|j|☆Gcsdc
|j|☆SemperMamba
|t:|1760459303
|gametype|singles
|player|p1|Gcsdc|koga|1277
|player|p2|SemperMamba|blackbelt-gen4dp|1270
|gen|9
|tier|[Gen 9] OU
|rated|
|rule|HP Percentage Mod: HP is shown in percentages
|rule|Endless Battle Clause: Forcing endless battles is banned
|rule|Species Clause: Limit one of each Pokémon
|rule|OHKO Clause: OHKO moves are banned
|rule|Evasion Items Clause: Evasion items are banned
|rule|Evasion Moves Clause: Evasion moves are banned
|rule|Evasion Abilities Clause: Evasion abilities are banned
|rule|Sleep Moves Clause: Sleep-inducing moves are banned
|clearpoke
|poke|p1|Cinderace, F|
|poke|p1|Alomomola, M|
|poke|p1|Gholdengo|
|poke|p1|Enamorus, F|
|poke|p1|Okidogi, M|
|poke|p1|Dragonite, F|
|poke|p2|Meowscarada, F|
|poke|p2|Moltres|
|poke|p2|Blissey, F|
|poke|p2|Landorus-Therian, M|
|poke|p2|Iron Treads|
|poke|p2|Azumarill, F|
|teampreview
|inactive|Battle timer is ON: inactive players will automatically lose when time's up. (requested by SemperMamba)
|
|t:|1760459346
|teamsize|p1|6
|teamsize|p2|6
|start
|switch|p1a: Cinderace|Cinderace, F|100/100
|switch|p2a: Meowscarada|Meowscarada, F|100/100
|turn|1
|
|t:|1760459361
|move|p2a: Meowscarada|Thunder Punch|p1a: Cinderace
|-start|p2a: Meowscarada|typechange|Electric|[from] ability: Protean
|-crit|p1a: Cinderace
|-damage|p1a: Cinderace|6/100
|-status|p1a: Cinderace|par
|move|p1a: Cinderace|Pyro Ball|p2a: Meowscarada
|-damage|p2a: Meowscarada|0 fnt
|faint|p2a: Meowscarada
|
|upkeep
|
|t:|1760459379
|switch|p2a: Moltres|Moltres|100/100
|turn|2
|
|t:|1760459388
|move|p2a: Moltres|U-turn|p1a: Cinderace
|-resisted|p1a: Cinderace
|-damage|p1a: Cinderace|0 fnt
|faint|p1a: Cinderace
|
|t:|1760459397
|switch|p2a: Landorus|Landorus-Therian, M|100/100|[from] U-turn
|
|upkeep
|
|t:|1760459400
|switch|p1a: Dragonite|Dragonite, F|100/100
|turn|3
|
|t:|1760459407
|move|p2a: Landorus|Stealth Rock|p1a: Dragonite
|-sidestart|p1: Gcsdc|move: Stealth Rock
|move|p1a: Dragonite|Dragon Dance|p1a: Dragonite
|-boost|p1a: Dragonite|atk|1
|-boost|p1a: Dragonite|spe|1
|
|upkeep
|turn|4
|
|t:|1760459411
|switch|p2a: Moltres|Moltres|100/100
|move|p1a: Dragonite|Ice Spinner|p2a: Moltres
|-damage|p2a: Moltres|64/100
|
|upkeep
|turn|5
|
|t:|1760459419
|switch|p1a: Alomomola|Alomomola, M|100/100
|move|p2a: Moltres|Roar|p1a: Alomomola
|drag|p1a: Okidogi|Okidogi, M|100/100
|-damage|p1a: Okidogi|94/100|[from] Stealth Rock
|
|upkeep
|turn|6
|
|t:|1760459430
|move|p2a: Moltres|Roost|p2a: Moltres
|-heal|p2a: Moltres|100/100
|-singleturn|p2a: Moltres|move: Roost
|move|p1a: Okidogi|Gunk Shot|p2a: Moltres
|-damage|p2a: Moltres|47/100
|-status|p2a: Moltres|tox|[from] ability: Toxic Chain|[of] p1a: Okidogi
|
|-damage|p2a: Moltres|41/100 tox|[from] psn
|upkeep
|turn|7
|
|t:|1760459440
|switch|p1a: Alomomola|Alomomola, M|100/100
|move|p2a: Moltres|U-turn|p1a: Alomomola
|-damage|p1a: Alomomola|92/100
|
|t:|1760459460
|switch|p2a: Landorus|Landorus-Therian, M|100/100|[from] U-turn
|-ability|p2a: Landorus|Intimidate|boost
|-unboost|p1a: Alomomola|atk|1
|
|upkeep
|turn|8
|
|t:|1760459475
|move|p2a: Landorus|U-turn|p1a: Alomomola
|-damage|p1a: Alomomola|80/100
|
|t:|1760459480
|switch|p2a: Blissey|Blissey, F|100/100|[from] U-turn
|move|p1a: Alomomola|Flip Turn|p2a: Blissey
|-damage|p2a: Blissey|87/100
|
|t:|1760459486
|switch|p1a: Okidogi|Okidogi, M|94/100|[from] Flip Turn
|-damage|p1a: Okidogi|88/100|[from] Stealth Rock
|
|-heal|p2a: Blissey|93/100|[from] item: Leftovers
|upkeep
|turn|9
|
|t:|1760459502
|switch|p2a: Landorus|Landorus-Therian, M|100/100
|-ability|p2a: Landorus|Intimidate|boost
|-unboost|p1a: Okidogi|atk|1
|move|p1a: Okidogi|Drain Punch|p2a: Landorus
|-resisted|p2a: Landorus
|-damage|p2a: Landorus|87/100
|-heal|p1a: Okidogi|95/100|[from] drain|[of] p2a: Landorus
|
|upkeep
|turn|10
|
|t:|1760459510
|move|p2a: Landorus|U-turn|p1a: Okidogi
|-resisted|p1a: Okidogi
|-damage|p1a: Okidogi|90/100
|
|t:|1760459512
|switch|p2a: Moltres|Moltres|41/100 tox|[from] U-turn
|move|p1a: Okidogi|Ice Punch|p2a: Moltres
|-damage|p2a: Moltres|26/100 tox
|
|-damage|p2a: Moltres|20/100 tox|[from] psn
|upkeep
|turn|11
|
|t:|1760459522
|move|p2a: Moltres|Roost|p2a: Moltres
|-heal|p2a: Moltres|70/100 tox
|-singleturn|p2a: Moltres|move: Roost
|move|p1a: Okidogi|Gunk Shot|p2a: Moltres|[miss]
|-miss|p1a: Okidogi|p2a: Moltres
|
|-damage|p2a: Moltres|58/100 tox|[from] psn
|upkeep
|turn|12
|
|t:|1760459543
|move|p2a: Moltres|Flamethrower|p1a: Okidogi
|-damage|p1a: Okidogi|63/100
|move|p1a: Okidogi|Drain Punch|p2a: Moltres
|-resisted|p2a: Moltres
|-damage|p2a: Moltres|46/100 tox
|-heal|p1a: Okidogi|68/100|[from] drain|[of] p2a: Moltres
|-status|p1a: Okidogi|brn|[from] ability: Flame Body|[of] p2a: Moltres
|
|-damage|p2a: Moltres|28/100 tox|[from] psn
|-damage|p1a: Okidogi|62/100 brn|[from] brn
|upkeep
|turn|13
|
|t:|1760459552
|move|p2a: Moltres|Roost|p2a: Moltres
|-heal|p2a: Moltres|78/100 tox
|-singleturn|p2a: Moltres|move: Roost
|move|p1a: Okidogi|Drain Punch|p2a: Moltres
|-crit|p2a: Moltres
|-damage|p2a: Moltres|51/100 tox
|-heal|p1a: Okidogi|76/100 brn|[from] drain|[of] p2a: Moltres
|
|-damage|p2a: Moltres|27/100 tox|[from] psn
|-damage|p1a: Okidogi|69/100 brn|[from] brn
|upkeep
|turn|14
|
|t:|1760459566
|switch|p2a: Landorus|Landorus-Therian, M|87/100
|-ability|p2a: Landorus|Intimidate|boost
|-unboost|p1a: Okidogi|atk|1
|move|p1a: Okidogi|Ice Punch|p2a: Landorus
|-supereffective|p2a: Landorus
|-damage|p2a: Landorus|56/100
|
|-damage|p1a: Okidogi|63/100 brn|[from] brn
|upkeep
|turn|15
|
|t:|1760459576
|switch|p1a: Alomomola|Alomomola, M|100/100
|move|p2a: Landorus|U-turn|p1a: Alomomola
|-damage|p1a: Alomomola|89/100
|
|t:|1760459578
|switch|p2a: Blissey|Blissey, F|93/100|[from] U-turn
|
|-heal|p2a: Blissey|99/100|[from] item: Leftovers
|upkeep
|turn|16
|
|t:|1760459585
|move|p2a: Blissey|Heal Bell|p2a: Blissey
|-activate|p2a: Blissey|move: Heal Bell
|-curestatus|p2: Moltres|tox|[msg]
|move|p1a: Alomomola|Flip Turn|p2a: Blissey
|-damage|p2a: Blissey|80/100
|
|t:|1760459603
|switch|p1a: Okidogi|Okidogi, M|63/100 brn|[from] Flip Turn
|-damage|p1a: Okidogi|57/100 brn|[from] Stealth Rock
|
|-heal|p2a: Blissey|87/100|[from] item: Leftovers
|-damage|p1a: Okidogi|51/100 brn|[from] brn
|upkeep
|turn|17
|inactive|SemperMamba has 120 seconds left.
|
|t:|1760459639
|switch|p2a: Iron Treads|Iron Treads|100/100
|move|p1a: Okidogi|Gunk Shot|p2a: Iron Treads
|-immune|p2a: Iron Treads
|
|-damage|p1a: Okidogi|45/100 brn|[from] brn
|upkeep
|turn|18
|inactive|SemperMamba has 120 seconds left.
|
|t:|1760459650
|switch|p1a: Alomomola|Alomomola, M|100/100
|move|p2a: Iron Treads|Knock Off|p1a: Alomomola
|-damage|p1a: Alomomola|87/100
|-enditem|p1a: Alomomola|Heavy-Duty Boots|[from] move: Knock Off|[of] p2a: Iron Treads
|
|upkeep
|turn|19
|l|☆Gcsdc
|inactive|Gcsdc disconnected and has a minute to reconnect!
|player|p1|
|inactive|SemperMamba has 120 seconds left.
|j|☆Gcsdc
|inactive|Gcsdc reconnected and has 125 seconds left.
|player|p1|Gcsdc|koga|
|inactive|Gcsdc has 120 seconds left.
|
|t:|1760459680
|-end|p2a: Iron Treads|Quark Drive|[silent]
|switch|p2a: Blissey|Blissey, F|87/100
|move|p1a: Alomomola|Flip Turn|p2a: Blissey
|-damage|p2a: Blissey|67/100
|inactive|Gcsdc has 120 seconds left.
|
|t:|1760459688
|switch|p1a: Okidogi|Okidogi, M|45/100 brn|[from] Flip Turn
|-damage|p1a: Okidogi|39/100 brn|[from] Stealth Rock
|
|-heal|p2a: Blissey|73/100|[from] item: Leftovers
|-damage|p1a: Okidogi|33/100 brn|[from] brn
|upkeep
|turn|20
|inactive|SemperMamba has 120 seconds left.
|
|t:|1760459708
|switch|p2a: Moltres|Moltres|27/100
|move|p1a: Okidogi|Drain Punch|p2a: Moltres
|-resisted|p2a: Moltres
|-damage|p2a: Moltres|19/100
|-heal|p1a: Okidogi|37/100 brn|[from] drain|[of] p2a: Moltres
|
|-damage|p1a: Okidogi|31/100 brn|[from] brn
|upkeep
|turn|21
|
|t:|1760459717
|switch|p1a: Gholdengo|Gholdengo|100/100
|-damage|p1a: Gholdengo|94/100|[from] Stealth Rock
|move|p2a: Moltres|Roost|p2a: Moltres
|-heal|p2a: Moltres|69/100
|-singleturn|p2a: Moltres|move: Roost
|
|-heal|p1a: Gholdengo|100/100|[from] item: Leftovers
|upkeep
|turn|22
|inactive|SemperMamba has 120 seconds left.
|
|t:|1760459731
|switch|p2a: Landorus|Landorus-Therian, M|56/100
|-ability|p2a: Landorus|Intimidate|boost
|-unboost|p1a: Gholdengo|atk|1
|move|p1a: Gholdengo|Thunder Wave|p2a: Landorus
|-immune|p2a: Landorus
|
|upkeep
|turn|23
|inactive|SemperMamba has 120 seconds left.
|
|t:|1760459757
|switch|p1a: Alomomola|Alomomola, M|100/100
|-damage|p1a: Alomomola|88/100|[from] Stealth Rock
|move|p2a: Landorus|U-turn|p1a: Alomomola
|-damage|p1a: Alomomola|76/100
|
|t:|1760459760
|switch|p2a: Azumarill|Azumarill, F|100/100|[from] U-turn
|
|upkeep
|turn|24
|
|t:|1760459769
|move|p2a: Azumarill|Knock Off|p1a: Alomomola
|-crit|p1a: Alomomola
|-damage|p1a: Alomomola|57/100
|move|p1a: Alomomola|Flip Turn|p2a: Azumarill
|-resisted|p2a: Azumarill
|-damage|p2a: Azumarill|91/100
|
|t:|1760459777
|switch|p1a: Gholdengo|Gholdengo|100/100|[from] Flip Turn
|-damage|p1a: Gholdengo|94/100|[from] Stealth Rock
|
|-heal|p1a: Gholdengo|100/100|[from] item: Leftovers
|-heal|p2a: Azumarill|97/100|[from] item: Leftovers
|upkeep
|turn|25
|inactive|SemperMamba has 120 seconds left.
|
|t:|1760459787
|move|p1a: Gholdengo|Thunder Wave|p2a: Azumarill
|-status|p2a: Azumarill|par
|cant|p2a: Azumarill|par
|
|-heal|p2a: Azumarill|100/100 par|[from] item: Leftovers
|upkeep
|turn|26
|
|t:|1760459793
|move|p1a: Gholdengo|Hex|p2a: Azumarill
|-damage|p2a: Azumarill|33/100 par
|move|p2a: Azumarill|Knock Off|p1a: Gholdengo
|-supereffective|p1a: Gholdengo
|-damage|p1a: Gholdengo|49/100
|-enditem|p1a: Gholdengo|Leftovers|[from] move: Knock Off|[of] p2a: Azumarill
|
|-heal|p2a: Azumarill|39/100 par|[from] item: Leftovers
|upkeep
|turn|27
|
|t:|1760459801
|switch|p2a: Blissey|Blissey, F|73/100
|move|p1a: Gholdengo|Hex|p2a: Blissey
|-immune|p2a: Blissey
|
|-heal|p2a: Blissey|79/100|[from] item: Leftovers
|upkeep
|turn|28
|
|t:|1760459808
|move|p1a: Gholdengo|Recover|p1a: Gholdengo
|-heal|p1a: Gholdengo|99/100
|move|p2a: Blissey|Heal Bell|p2a: Blissey
|-activate|p2a: Blissey|move: Heal Bell
|-curestatus|p2: Azumarill|par|[msg]
|
|-heal|p2a: Blissey|85/100|[from] item: Leftovers
|upkeep
|turn|29
|
|t:|1760459821
|move|p1a: Gholdengo|Make It Rain|p2a: Blissey
|-damage|p2a: Blissey|67/100
|-unboost|p1a: Gholdengo|spa|1
|move|p2a: Blissey|Seismic Toss|p1a: Gholdengo
|-immune|p1a: Gholdengo
|
|-heal|p2a: Blissey|73/100|[from] item: Leftovers
|upkeep
|turn|30
|
|t:|1760459828
|move|p1a: Gholdengo|Thunder Wave|p2a: Blissey
|-status|p2a: Blissey|par
|move|p2a: Blissey|Seismic Toss|p1a: Gholdengo
|-immune|p1a: Gholdengo
|
|-heal|p2a: Blissey|79/100 par|[from] item: Leftovers
|upkeep
|turn|31
|
|t:|1760459832
|move|p1a: Gholdengo|Make It Rain|p2a: Blissey
|-damage|p2a: Blissey|68/100 par
|-unboost|p1a: Gholdengo|spa|1
|move|p2a: Blissey|Heal Bell|p2a: Blissey
|-activate|p2a: Blissey|move: Heal Bell
|-curestatus|p2a: Blissey|par|[msg]
|
|-heal|p2a: Blissey|74/100|[from] item: Leftovers
|upkeep
|turn|32
|
|t:|1760459839
|move|p1a: Gholdengo|Hex|p2a: Blissey
|-immune|p2a: Blissey
|move|p2a: Blissey|Soft-Boiled|p2a: Blissey
|-heal|p2a: Blissey|100/100
|
|upkeep
|turn|33
|
|t:|1760459848
|switch|p1a: Alomomola|Alomomola, M|90/100
|-damage|p1a: Alomomola|78/100|[from] Stealth Rock
|switch|p2a: Iron Treads|Iron Treads|100/100
|
|upkeep
|turn|34
|inactive|SemperMamba has 120 seconds left.
|
|t:|1760459880
|move|p2a: Iron Treads|Iron Head|p1a: Alomomola
|-resisted|p1a: Alomomola
|-damage|p1a: Alomomola|69/100
|move|p1a: Alomomola|Wish|p1a: Alomomola
|
|upkeep
|turn|35
|inactive|SemperMamba has 120 seconds left.
|
|t:|1760459904
|-end|p2a: Iron Treads|Quark Drive|[silent]
|switch|p2a: Moltres|Moltres|69/100
|move|p1a: Alomomola|Flip Turn|p2a: Moltres
|-supereffective|p2a: Moltres
|-damage|p2a: Moltres|41/100
|
|t:|1760459927
|switch|p1a: Enamorus|Enamorus, F|100/100|[from] Flip Turn
|-damage|p1a: Enamorus|76/100|[from] Stealth Rock
|
|-heal|p1a: Enamorus|100/100|[from] move: Wish|[wisher] Alomomola
|upkeep
|turn|36
|inactive|SemperMamba has 120 seconds left.
|
|t:|1760459939
|switch|p2a: Blissey|Blissey, F|100/100
|-terastallize|p1a: Enamorus|Stellar
|move|p1a: Enamorus|Tera Blast|p2a: Blissey|[anim] Tera Blast Stellar
|-damage|p2a: Blissey|85/100
|-boost|p1a: Enamorus|atk|1
|-boost|p1a: Enamorus|spa|1
|
|-heal|p2a: Blissey|91/100|[from] item: Leftovers
|upkeep
|turn|37
|inactive|SemperMamba has 120 seconds left.
|
|t:|1760459955
|switch|p1a: Alomomola|Alomomola, M|100/100
|-damage|p1a: Alomomola|88/100|[from] Stealth Rock
|move|p2a: Blissey|Thunder Wave|p1a: Alomomola
|-status|p1a: Alomomola|par
|
|-heal|p2a: Blissey|97/100|[from] item: Leftovers
|upkeep
|turn|38
|inactive|SemperMamba has 120 seconds left.
|
|t:|1760459969
|move|p2a: Blissey|Seismic Toss|p1a: Alomomola
|-damage|p1a: Alomomola|69/100 par
|cant|p1a: Alomomola|par
|
|-heal|p2a: Blissey|100/100|[from] item: Leftovers
|upkeep
|turn|39
|inactive|SemperMamba has 120 seconds left.
|
|t:|1760459983
|switch|p2a: Moltres|Moltres|41/100
|move|p1a: Alomomola|Wish|p1a: Alomomola
|
|upkeep
|turn|40
|
|t:|1760459987
|move|p2a: Moltres|Roost|p2a: Moltres
|-heal|p2a: Moltres|91/100
|-singleturn|p2a: Moltres|move: Roost
|move|p1a: Alomomola|Flip Turn|p2a: Moltres
|-supereffective|p2a: Moltres
|-damage|p2a: Moltres|66/100
|
|t:|1760459990
|switch|p1a: Okidogi|Okidogi, M|31/100 brn|[from] Flip Turn
|-damage|p1a: Okidogi|25/100 brn|[from] Stealth Rock
|
|-heal|p1a: Okidogi|96/100 brn|[from] move: Wish|[wisher] Alomomola
|-damage|p1a: Okidogi|90/100 brn|[from] brn
|upkeep
|turn|41
|
|t:|1760460001
|move|p2a: Moltres|Flamethrower|p1a: Okidogi
|-damage|p1a: Okidogi|65/100 brn
|move|p1a: Okidogi|Gunk Shot|p2a: Moltres
|-damage|p2a: Moltres|39/100
|
|-damage|p1a: Okidogi|59/100 brn|[from] brn
|upkeep
|turn|42
|
|t:|1760460009
|move|p2a: Moltres|Roost|p2a: Moltres
|-heal|p2a: Moltres|89/100
|-singleturn|p2a: Moltres|move: Roost
|move|p1a: Okidogi|Drain Punch|p2a: Moltres
|-crit|p2a: Moltres
|-damage|p2a: Moltres|63/100
|-heal|p1a: Okidogi|71/100 brn|[from] drain|[of] p2a: Moltres
|
|-damage|p1a: Okidogi|65/100 brn|[from] brn
|upkeep
|turn|43
|
|t:|1760460020
|move|p1a: Okidogi|Gunk Shot|p2a: Moltres
|-damage|p2a: Moltres|36/100
|-status|p2a: Moltres|psn
|move|p2a: Moltres|Roar|p1a: Okidogi
|drag|p1a: Dragonite|Dragonite, F|100/100
|
|-damage|p2a: Moltres|23/100 psn|[from] psn
|upkeep
|turn|44
|inactive|SemperMamba has 120 seconds left.
|
|t:|1760460059
|switch|p2a: Iron Treads|Iron Treads|100/100
|move|p1a: Dragonite|Extreme Speed|p2a: Iron Treads
|-resisted|p2a: Iron Treads
|-damage|p2a: Iron Treads|86/100
|
|upkeep
|turn|45
|inactive|SemperMamba has 120 seconds left.
|
|t:|1760460070
|move|p2a: Iron Treads|Knock Off|p1a: Dragonite
|-damage|p1a: Dragonite|86/100
|-enditem|p1a: Dragonite|Heavy-Duty Boots|[from] move: Knock Off|[of] p2a: Iron Treads
|move|p1a: Dragonite|Dragon Dance|p1a: Dragonite
|-boost|p1a: Dragonite|atk|1
|-boost|p1a: Dragonite|spe|1
|
|upkeep
|turn|46
|inactive|SemperMamba has 120 seconds left.
|
|t:|1760460090
|-terastallize|p2a: Iron Treads|Ghost
|move|p1a: Dragonite|Earthquake|p2a: Iron Treads
|-damage|p2a: Iron Treads|38/100
|move|p2a: Iron Treads|Ice Spinner|p1a: Dragonite
|-supereffective|p1a: Dragonite
|-damage|p1a: Dragonite|0 fnt
|faint|p1a: Dragonite
|
|upkeep
|
|t:|1760460114
|switch|p1a: Alomomola|Alomomola, M|100/100 par
|-damage|p1a: Alomomola|88/100 par|[from] Stealth Rock
|turn|47
|inactive|SemperMamba has 120 seconds left.
|
|t:|1760460120
|move|p2a: Iron Treads|Rapid Spin|p1a: Alomomola
|-damage|p1a: Alomomola|80/100 par
|-boost|p2a: Iron Treads|spe|1
|cant|p1a: Alomomola|par
|
|upkeep
|turn|48
|inactive|SemperMamba has 120 seconds left.
|
|t:|1760460131
|move|p2a: Iron Treads|Iron Head|p1a: Alomomola
|-resisted|p1a: Alomomola
|-damage|p1a: Alomomola|71/100 par
|cant|p1a: Alomomola|flinch
|
|upkeep
|turn|49
|
|t:|1760460138
|move|p2a: Iron Treads|Iron Head|p1a: Alomomola
|-resisted|p1a: Alomomola
|-damage|p1a: Alomomola|63/100 par
|cant|p1a: Alomomola|flinch
|
|upkeep
|turn|50
|
|t:|1760460144
|move|p2a: Iron Treads|Iron Head|p1a: Alomomola
|-resisted|p1a: Alomomola
|-damage|p1a: Alomomola|54/100 par
|cant|p1a: Alomomola|par
|
|upkeep
|turn|51
|
|t:|1760460148
|move|p2a: Iron Treads|Iron Head|p1a: Alomomola
|-resisted|p1a: Alomomola
|-damage|p1a: Alomomola|46/100 par
|cant|p1a: Alomomola|par
|
|upkeep
|turn|52
|
|t:|1760460159
|move|p2a: Iron Treads|Iron Head|p1a: Alomomola
|-resisted|p1a: Alomomola
|-damage|p1a: Alomomola|38/100 par
|move|p1a: Alomomola|Scald|p2a: Iron Treads
|-damage|p2a: Iron Treads|28/100
|
|upkeep
|turn|53
|
|t:|1760460175
|move|p2a: Iron Treads|Iron Head|p1a: Alomomola
|-resisted|p1a: Alomomola
|-damage|p1a: Alomomola|30/100 par
|move|p1a: Alomomola|Flip Turn|p2a: Iron Treads
|-damage|p2a: Iron Treads|14/100
|
|t:|1760460186
|switch|p1a: Okidogi|Okidogi, M|65/100 brn|[from] Flip Turn
|-damage|p1a: Okidogi|59/100 brn|[from] Stealth Rock
|
|-damage|p1a: Okidogi|53/100 brn|[from] brn
|upkeep
|turn|54
|
|t:|1760460202
|-end|p2a: Iron Treads|Quark Drive|[silent]
|switch|p2a: Landorus|Landorus-Therian, M|56/100
|-ability|p2a: Landorus|Intimidate|boost
|-unboost|p1a: Okidogi|atk|1
|move|p1a: Okidogi|Knock Off|p2a: Landorus
|-crit|p2a: Landorus
|-damage|p2a: Landorus|27/100
|-enditem|p2a: Landorus|Choice Scarf|[from] move: Knock Off|[of] p1a: Okidogi
|
|-damage|p1a: Okidogi|47/100 brn|[from] brn
|upkeep
|turn|55
|
|t:|1760460222
|switch|p1a: Alomomola|Alomomola, M|63/100 par
|-damage|p1a: Alomomola|51/100 par|[from] Stealth Rock
|move|p2a: Landorus|U-turn|p1a: Alomomola
|-damage|p1a: Alomomola|37/100 par
|
|t:|1760460227
|switch|p2a: Moltres|Moltres|23/100 psn|[from] U-turn
|
|-damage|p2a: Moltres|11/100 psn|[from] psn
|upkeep
|turn|56
|
|t:|1760460233
|move|p2a: Moltres|Roost|p2a: Moltres
|-heal|p2a: Moltres|61/100 psn
|-singleturn|p2a: Moltres|move: Roost
|move|p1a: Alomomola|Flip Turn|p2a: Moltres
|-supereffective|p2a: Moltres
|-crit|p2a: Moltres
|-damage|p2a: Moltres|21/100 psn
|
|t:|1760460253
|switch|p1a: Enamorus|Enamorus, F, tera:Stellar|100/100|[from] Flip Turn
|-damage|p1a: Enamorus|76/100|[from] Stealth Rock
|
|-damage|p2a: Moltres|8/100 psn|[from] psn
|upkeep
|turn|57
|
|t:|1760460259
|switch|p2a: Blissey|Blissey, F|100/100
|move|p1a: Enamorus|Tera Blast|p2a: Blissey|[anim] Tera Blast Stellar
|-damage|p2a: Blissey|88/100
|-boost|p1a: Enamorus|atk|1
|-boost|p1a: Enamorus|spa|1
|
|-heal|p2a: Blissey|94/100|[from] item: Leftovers
|upkeep
|turn|58
|
|t:|1760460282
|switch|p1a: Alomomola|Alomomola, M|71/100 par
|-damage|p1a: Alomomola|58/100 par|[from] Stealth Rock
|move|p2a: Blissey|Heal Bell|p2a: Blissey
|-activate|p2a: Blissey|move: Heal Bell
|-curestatus|p2: Moltres|psn|[msg]
|
|-heal|p2a: Blissey|99/100|[from] item: Leftovers
|upkeep
|turn|59
|
|t:|1760460287
|move|p2a: Blissey|Seismic Toss|p1a: Alomomola
|-damage|p1a: Alomomola|40/100 par
|move|p1a: Alomomola|Wish|p1a: Alomomola
|
|-heal|p2a: Blissey|100/100|[from] item: Leftovers
|upkeep
|turn|60
|
|t:|1760460311
|switch|p2a: Azumarill|Azumarill, F|39/100
|move|p1a: Alomomola|Flip Turn|p2a: Azumarill
|-resisted|p2a: Azumarill
|-damage|p2a: Azumarill|29/100
|
|t:|1760460319
|switch|p1a: Okidogi|Okidogi, M|47/100 brn|[from] Flip Turn
|-damage|p1a: Okidogi|41/100 brn|[from] Stealth Rock
|
|-heal|p1a: Okidogi|100/100 brn|[from] move: Wish|[wisher] Alomomola
|-heal|p2a: Azumarill|35/100|[from] item: Leftovers
|-damage|p1a: Okidogi|94/100 brn|[from] brn
|upkeep
|turn|61
|inactive|SemperMamba has 120 seconds left.
|
|t:|1760460357
|move|p2a: Azumarill|Knock Off|p1a: Okidogi
|-resisted|p1a: Okidogi
|-damage|p1a: Okidogi|79/100 brn
|-enditem|p1a: Okidogi|Assault Vest|[from] move: Knock Off|[of] p2a: Azumarill
|move|p1a: Okidogi|Gunk Shot|p2a: Azumarill|[miss]
|-miss|p1a: Okidogi|p2a: Azumarill
|
|-heal|p2a: Azumarill|42/100|[from] item: Leftovers
|-damage|p1a: Okidogi|73/100 brn|[from] brn
|upkeep
|turn|62
|
|t:|1760460364
|move|p2a: Azumarill|Play Rough|p1a: Okidogi
|-damage|p1a: Okidogi|33/100 brn
|move|p1a: Okidogi|Gunk Shot|p2a: Azumarill|[miss]
|-miss|p1a: Okidogi|p2a: Azumarill
|
|-heal|p2a: Azumarill|48/100|[from] item: Leftovers
|-damage|p1a: Okidogi|27/100 brn|[from] brn
|upkeep
|turn|63
|
|t:|1760460370
|move|p2a: Azumarill|Play Rough|p1a: Okidogi
|-damage|p1a: Okidogi|0 fnt
|faint|p1a: Okidogi
|
|-heal|p2a: Azumarill|54/100|[from] item: Leftovers
|upkeep
|
|t:|1760460375
|switch|p1a: Gholdengo|Gholdengo|99/100
|-damage|p1a: Gholdengo|93/100|[from] Stealth Rock
|turn|64
|inactive|SemperMamba has 120 seconds left.
|
|t:|1760460387
|move|p2a: Azumarill|Aqua Jet|p1a: Gholdengo
|-damage|p1a: Gholdengo|77/100
|move|p1a: Gholdengo|Make It Rain|p2a: Azumarill
|-damage|p2a: Azumarill|0 fnt
|-unboost|p1a: Gholdengo|spa|1
|faint|p2a: Azumarill
|
|upkeep
|inactive|SemperMamba has 120 seconds left.
|
|t:|1760460403
|switch|p2a: Landorus|Landorus-Therian, M|27/100
|-ability|p2a: Landorus|Intimidate|boost
|-unboost|p1a: Gholdengo|atk|1
|turn|65
|
|t:|1760460410
|switch|p1a: Alomomola|Alomomola, M|73/100 par
|-damage|p1a: Alomomola|61/100 par|[from] Stealth Rock
|move|p2a: Landorus|Earthquake|p1a: Alomomola
|-damage|p1a: Alomomola|35/100 par
|
|upkeep
|turn|66
|inactive|SemperMamba has 120 seconds left.
|
|t:|1760460432
|move|p2a: Landorus|U-turn|p1a: Alomomola
|-damage|p1a: Alomomola|23/100 par
|
|t:|1760460436
|switch|p2a: Moltres|Moltres|8/100|[from] U-turn
|cant|p1a: Alomomola|par
|
|upkeep
|turn|67
|n|!Gcsdc|gcsdc
|inactive|SemperMamba has 90 seconds left.
|
|t:|1760460472
|move|p2a: Moltres|U-turn|p1a: Alomomola
|-damage|p1a: Alomomola|15/100 par
|inactive|SemperMamba has 90 seconds left.
|
|t:|1760460483
|switch|p2a: Blissey|Blissey, F|100/100|[from] U-turn
|cant|p1a: Alomomola|par
|
|upkeep
|turn|68
|inactive|SemperMamba has 90 seconds left.
|
|t:|1760460509
|switch|p2a: Landorus|Landorus-Therian, M|27/100
|-ability|p2a: Landorus|Intimidate|boost
|-unboost|p1a: Alomomola|atk|1
|move|p1a: Alomomola|Flip Turn|p2a: Landorus
|-supereffective|p2a: Landorus
|-damage|p2a: Landorus|4/100
|
|t:|1760460519
|switch|p1a: Enamorus|Enamorus, F, tera:Stellar|76/100|[from] Flip Turn
|-damage|p1a: Enamorus|51/100|[from] Stealth Rock
|
|upkeep
|turn|69
|inactive|SemperMamba has 60 seconds left.
|
|t:|1760460562
|switch|p2a: Blissey|Blissey, F|100/100
|move|p1a: Enamorus|Tera Blast|p2a: Blissey|[anim] Tera Blast Stellar
|-damage|p2a: Blissey|87/100
|-boost|p1a: Enamorus|atk|1
|-boost|p1a: Enamorus|spa|1
|
|-heal|p2a: Blissey|93/100|[from] item: Leftovers
|upkeep
|turn|70
|
|t:|1760460569
|move|p1a: Enamorus|Tera Blast|p2a: Blissey|[anim] Tera Blast Stellar
|-damage|p2a: Blissey|74/100
|-boost|p1a: Enamorus|atk|1
|-boost|p1a: Enamorus|spa|1
|move|p2a: Blissey|Seismic Toss|p1a: Enamorus
|-damage|p1a: Enamorus|16/100
|
|-heal|p2a: Blissey|80/100|[from] item: Leftovers
|upkeep
|turn|71
|inactive|SemperMamba has 60 seconds left.
|
|t:|1760460580
|switch|p2a: Landorus|Landorus-Therian, M|4/100
|-ability|p2a: Landorus|Intimidate|boost
|-boost|p1a: Enamorus|atk|1
|move|p1a: Enamorus|Tera Blast|p2a: Landorus|[anim] Tera Blast Stellar
|-damage|p2a: Landorus|0 fnt
|-boost|p1a: Enamorus|atk|1
|-boost|p1a: Enamorus|spa|1
|faint|p2a: Landorus
|
|upkeep
|
|t:|1760460582
|switch|p2a: Blissey|Blissey, F|80/100
|turn|72
|
|t:|1760460594
|move|p1a: Enamorus|Tera Blast|p2a: Blissey|[anim] Tera Blast Stellar
|-damage|p2a: Blissey|46/100
|-boost|p1a: Enamorus|atk|1
|-boost|p1a: Enamorus|spa|1
|move|p2a: Blissey|Seismic Toss|p1a: Enamorus
|-damage|p1a: Enamorus|0 fnt
|faint|p1a: Enamorus
|
|-heal|p2a: Blissey|52/100|[from] item: Leftovers
|upkeep
|
|t:|1760460603
|switch|p1a: Alomomola|Alomomola, M|48/100 par
|-damage|p1a: Alomomola|36/100 par|[from] Stealth Rock
|turn|73
|
|t:|1760460613
|move|p2a: Blissey|Seismic Toss|p1a: Alomomola
|-damage|p1a: Alomomola|17/100 par
|move|p1a: Alomomola|Flip Turn|p2a: Blissey
|-damage|p2a: Blissey|33/100
|
|t:|1760460619
|switch|p1a: Gholdengo|Gholdengo|77/100|[from] Flip Turn
|-damage|p1a: Gholdengo|71/100|[from] Stealth Rock
|
|-heal|p2a: Blissey|39/100|[from] item: Leftovers
|upkeep
|turn|74
|
|t:|1760460634
|move|p1a: Gholdengo|Make It Rain|p2a: Blissey
|-crit|p2a: Blissey
|-damage|p2a: Blissey|11/100
|-unboost|p1a: Gholdengo|spa|1
|move|p2a: Blissey|Soft-Boiled|p2a: Blissey
|-heal|p2a: Blissey|61/100
|
|-heal|p2a: Blissey|67/100|[from] item: Leftovers
|upkeep
|turn|75
|
|t:|1760460649
|move|p1a: Gholdengo|Thunder Wave|p2a: Blissey
|-status|p2a: Blissey|par
|cant|p2a: Blissey|par
|
|-heal|p2a: Blissey|73/100 par|[from] item: Leftovers
|upkeep
|turn|76
|
|t:|1760460653
|switch|p1a: Alomomola|Alomomola, M|51/100 par
|-damage|p1a: Alomomola|38/100 par|[from] Stealth Rock
|cant|p2a: Blissey|par
|
|-heal|p2a: Blissey|79/100 par|[from] item: Leftovers
|upkeep
|turn|77
|
|t:|1760460657
|move|p2a: Blissey|Seismic Toss|p1a: Alomomola
|-damage|p1a: Alomomola|20/100 par
|cant|p1a: Alomomola|par
|
|-heal|p2a: Blissey|86/100 par|[from] item: Leftovers
|upkeep
|turn|78
|inactive|SemperMamba has 90 seconds left.
|
|t:|1760460673
|-curestatus|p2a: Blissey|par|[from] ability: Natural Cure
|switch|p2a: Iron Treads|Iron Treads, tera:Ghost|14/100
|cant|p1a: Alomomola|par
|
|upkeep
|turn|79
|inactive|SemperMamba has 90 seconds left.
|
|t:|1760460683
|move|p2a: Iron Treads|Iron Head|p1a: Alomomola
|-resisted|p1a: Alomomola
|-damage|p1a: Alomomola|11/100 par
|move|p1a: Alomomola|Flip Turn|p2a: Iron Treads
|-damage|p2a: Iron Treads|0 fnt
|faint|p2a: Iron Treads
|-end|p2a: Iron Treads|Quark Drive|[silent]
|
|t:|1760460691
|switch|p1a: Gholdengo|Gholdengo|71/100|[from] Flip Turn
|-damage|p1a: Gholdengo|65/100|[from] Stealth Rock
|
|upkeep
|
|t:|1760460695
|switch|p2a: Moltres|Moltres|8/100
|turn|80
|
|t:|1760460699
|move|p2a: Moltres|Flamethrower|p1a: Gholdengo
|-supereffective|p1a: Gholdengo
|-damage|p1a: Gholdengo|0 fnt
|faint|p1a: Gholdengo
|
|upkeep
|
|t:|1760460701
|switch|p1a: Alomomola|Alomomola, M|45/100 par
|-damage|p1a: Alomomola|32/100 par|[from] Stealth Rock
|turn|81
|
|t:|1760460705
|move|p2a: Moltres|Flamethrower|p1a: Alomomola
|-resisted|p1a: Alomomola
|-damage|p1a: Alomomola|10/100 par
|cant|p1a: Alomomola|par
|
|upkeep
|turn|82
|
|t:|1760460710
|move|p2a: Moltres|Flamethrower|p1a: Alomomola
|-resisted|p1a: Alomomola
|-damage|p1a: Alomomola|0 fnt
|faint|p1a: Alomomola
|
|win|SemperMamba
