|j|☆2002xxd
|j|‽i win 99.9%
|t:|1760345567
|gametype|singles
|player|p1|2002xxd|lucas|1181
|player|p2|i win 99.9%|265|1215
|gen|9
|tier|[Gen 9] OU
|rated|
|rule|HP Percentage Mod: HP is shown in percentages
|rule|Endless Battle Clause: Forcing endless battles is banned
|rule|Species Clause: Limit one of each Pokémon
|rule|OHKO Clause: OHKO moves are banned
|rule|Evasion Items Clause: Evasion items are banned
|rule|Evasion Moves Clause: Evasion moves are banned
|rule|Evasion Abilities Clause: Evasion abilities are banned
|rule|Sleep Moves Clause: Sleep-inducing moves are banned
|clearpoke
|poke|p1|Zoroark-Hisui, M|
|poke|p1|Maushold-Four|
|poke|p1|Iron Treads|
|poke|p1|Rotom-Wash|
|poke|p1|Polteageist-Antique|
|poke|p1|Flamigo, M|
|poke|p2|Clefable, F|
|poke|p2|Jirachi|
|poke|p2|Iron Moth|
|poke|p2|Weavile, M|
|poke|p2|Iron Leaves|
|poke|p2|Walking Wake|
|teampreview
|inactive|Battle timer is ON: inactive players will automatically lose when time's up. (requested by i win 99.9%)
|
|t:|1760345584
|teamsize|p1|6
|teamsize|p2|6
|start
|switch|p1a: Flamigo|Flamigo, M, shiny|100/100
|switch|p2a: Weavile|Weavile, M|100/100
|turn|1
|
|t:|1760345606
|move|p2a: Weavile|Fake Out|p1a: Flamigo
|-damage|p1a: Flamigo|81/100
|cant|p1a: Flamigo|flinch
|
|upkeep
|turn|2
|
|t:|1760345613
|move|p1a: Flamigo|U-turn|p2a: Weavile
|-supereffective|p2a: Weavile
|-damage|p2a: Weavile|24/100
|-enditem|p2a: Weavile|Sitrus Berry|[eat]
|-heal|p2a: Weavile|49/100|[from] item: Sitrus Berry
|-enditem|p1a: Flamigo|Choice Scarf|[silent]|[from] ability: Pickpocket|[of] p1a: Flamigo
|-item|p2a: Weavile|Choice Scarf|[from] ability: Pickpocket|[of] p1a: Flamigo
|
|t:|1760345622
|switch|p1a: Rotom|Rotom-Wash|100/100|[from] U-turn
|move|p2a: Weavile|Triple Axel|p1a: Rotom
|-resisted|p1a: Rotom
|-damage|p1a: Rotom|97/100
|-resisted|p1a: Rotom
|-damage|p1a: Rotom|90/100
|-resisted|p1a: Rotom
|-damage|p1a: Rotom|79/100
|-hitcount|p1a: Rotom|3
|
|-heal|p1a: Rotom|85/100|[from] item: Leftovers
|upkeep
|turn|3
|
|t:|1760345640
|switch|p2a: Jirachi|Jirachi|100/100
|move|p1a: Rotom|Volt Switch|p2a: Jirachi
|-damage|p2a: Jirachi|77/100
|
|t:|1760345648
|switch|p1a: Iron Treads|Iron Treads, shiny|100/100|[from] Volt Switch
|-enditem|p1a: Iron Treads|Booster Energy
|-activate|p1a: Iron Treads|ability: Quark Drive|[fromitem]
|-start|p1a: Iron Treads|quarkdrivespe
|
|upkeep
|turn|4
|
|t:|1760345656
|move|p1a: Iron Treads|Stealth Rock|p2a: Jirachi
|-sidestart|p2: i win 99.9%|move: Stealth Rock
|move|p2a: Jirachi|Drain Punch|p1a: Iron Treads
|-supereffective|p1a: Iron Treads
|-damage|p1a: Iron Treads|65/100
|-heal|p2a: Jirachi|96/100|[from] drain|[of] p1a: Iron Treads
|
|upkeep
|turn|5
|
|t:|1760345662
|move|p1a: Iron Treads|Earthquake|p2a: Jirachi
|-supereffective|p2a: Jirachi
|-damage|p2a: Jirachi|19/100
|move|p2a: Jirachi|Drain Punch|p1a: Iron Treads
|-supereffective|p1a: Iron Treads
|-damage|p1a: Iron Treads|25/100
|-heal|p2a: Jirachi|40/100|[from] drain|[of] p1a: Iron Treads
|
|upkeep
|turn|6
|
|t:|1760345672
|switch|p2a: Weavile|Weavile, M|49/100
|-damage|p2a: Weavile|24/100|[from] Stealth Rock
|move|p1a: Iron Treads|Earthquake|p2a: Weavile
|-damage|p2a: Weavile|0 fnt
|faint|p2a: Weavile
|
|upkeep
|
|t:|1760345674
|switch|p2a: Iron Moth|Iron Moth|100/100
|-damage|p2a: Iron Moth|76/100|[from] Stealth Rock
|-enditem|p2a: Iron Moth|Booster Energy
|-activate|p2a: Iron Moth|ability: Quark Drive|[fromitem]
|-start|p2a: Iron Moth|quarkdrivespe
|turn|7
|
|t:|1760345688
|move|p2a: Iron Moth|Fiery Dance|p1a: Iron Treads
|-supereffective|p1a: Iron Treads
|-damage|p1a: Iron Treads|0 fnt
|faint|p1a: Iron Treads
|-end|p1a: Iron Treads|Quark Drive|[silent]
|
|upkeep
|
|t:|1760345695
|switch|p1a: Rotom|Rotom-Wash|85/100
|turn|8
|
|t:|1760345699
|-terastallize|p2a: Iron Moth|Grass
|move|p2a: Iron Moth|Energy Ball|p1a: Rotom
|-supereffective|p1a: Rotom
|-damage|p1a: Rotom|0 fnt
|faint|p1a: Rotom
|
|upkeep
|
|t:|1760345706
|switch|p1a: Polteageist|Polteageist-Antique|100/100
|turn|9
|
|t:|1760345714
|move|p2a: Iron Moth|Fiery Dance|p1a: Polteageist
|-crit|p1a: Polteageist
|-damage|p1a: Polteageist|28/100
|-boost|p2a: Iron Moth|spa|1
|move|p1a: Polteageist|Shadow Ball|p2a: Iron Moth
|-crit|p2a: Iron Moth
|-damage|p2a: Iron Moth|7/100
|
|upkeep
|turn|10
|
|t:|1760345721
|move|p2a: Iron Moth|Fiery Dance|p1a: Polteageist
|-damage|p1a: Polteageist|0 fnt
|-boost|p2a: Iron Moth|spa|1
|faint|p1a: Polteageist
|
|upkeep
|
|t:|1760345727
|switch|p1a: Maushold|Maushold-Four|100/100
|turn|11
|
|t:|1760345730
|move|p2a: Iron Moth|Energy Ball|p1a: Maushold
|-damage|p1a: Maushold|0 fnt
|faint|p1a: Maushold
|
|upkeep
|
|t:|1760345735
|switch|p1a: Flamigo|Flamigo, M, shiny|81/100
|turn|12
|
|t:|1760345739
|move|p2a: Iron Moth|Discharge|p1a: Flamigo
|-supereffective|p1a: Flamigo
|-damage|p1a: Flamigo|0 fnt
|faint|p1a: Flamigo
|
|upkeep
|-message|2002xxd forfeited.
|
|win|i win 99.9%
|raw|2002xxd's rating: 1181 &rarr; <strong>1158</strong><br />(-23 for losing)
|raw|i win 99.9%'s rating: 1215 &rarr; <strong>1238</strong><br />(+23 for winning)
|l|☆2002xxd
|player|p1|
|l|‽i win 99.9%
|player|p2|
