|j|☆BobbyAxe1
|j|☆psych801
|t:|1760299422
|gametype|singles
|player|p1|BobbyAxe1|gambler|1317
|player|p2|psych801|n|1293
|gen|9
|tier|[Gen 9] OU
|rated|
|rule|HP Percentage Mod: HP is shown in percentages
|rule|Endless Battle Clause: Forcing endless battles is banned
|rule|Species Clause: Limit one of each Pokémon
|rule|OHKO Clause: OHKO moves are banned
|rule|Evasion Items Clause: Evasion items are banned
|rule|Evasion Moves Clause: Evasion moves are banned
|rule|Evasion Abilities Clause: Evasion abilities are banned
|rule|Sleep Moves Clause: Sleep-inducing moves are banned
|clearpoke
|poke|p1|Vileplume, F|
|poke|p1|Tyranitar, M|
|poke|p1|Reuniclus, F|
|poke|p1|Spiritomb, M|
|poke|p1|Heracross, M|
|poke|p1|Chandelure, M|
|poke|p2|Zapdos|
|poke|p2|Toxapex, F|
|poke|p2|Slowking-Galar, F|
|poke|p2|Great Tusk|
|poke|p2|Weezing-Galar, M|
|poke|p2|Zamazenta-*|
|teampreview
|inactive|Battle timer is ON: inactive players will automatically lose when time's up. (requested by psych801)
|inactive|psych801 has 120 seconds left.
|
|t:|1760299456
|teamsize|p1|6
|teamsize|p2|6
|start
|switch|p1a: Chandelure|Chandelure, M, shiny|100/100
|switch|p2a: Zapdos|Zapdos|100/100
|turn|1
|
|t:|1760299469
|move|p1a: Chandelure|Shadow Ball|p2a: Zapdos
|-damage|p2a: Zapdos|38/100
|move|p2a: Zapdos|Volt Switch|p1a: Chandelure
|-damage|p1a: Chandelure|50/100
|
|t:|1760299486
|switch|p2a: Toxapex|Toxapex, F|100/100|[from] Volt Switch
|
|upkeep
|turn|2
|
|t:|1760299496
|switch|p1a: Vileplume|Vileplume, F|100/100
|move|p2a: Toxapex|Toxic|p1a: Vileplume
|-immune|p1a: Vileplume
|
|upkeep
|turn|3
|
|t:|1760299507
|switch|p2a: Great Tusk|Great Tusk|100/100
|-enditem|p2a: Great Tusk|Booster Energy
|-activate|p2a: Great Tusk|ability: Protosynthesis|[fromitem]
|-start|p2a: Great Tusk|protosynthesisatk
|move|p1a: Vileplume|Leech Seed|p2a: Great Tusk
|-start|p2a: Great Tusk|move: Leech Seed
|
|-damage|p2a: Great Tusk|88/100|[from] Leech Seed|[of] p1a: Vileplume
|upkeep
|turn|4
|
|t:|1760299517
|move|p2a: Great Tusk|Headlong Rush|p1a: Vileplume
|-damage|p1a: Vileplume|12/100
|-unboost|p2a: Great Tusk|def|1
|-unboost|p2a: Great Tusk|spd|1
|move|p1a: Vileplume|Strength Sap|p2a: Great Tusk
|-unboost|p2a: Great Tusk|atk|1
|-heal|p1a: Vileplume|100/100
|
|-damage|p2a: Great Tusk|76/100|[from] Leech Seed|[of] p1a: Vileplume
|upkeep
|turn|5
|
|t:|1760299532
|-end|p2a: Great Tusk|Protosynthesis|[silent]
|switch|p2a: Slowking|Slowking-Galar, F|100/100
|switch|p1a: Heracross|Heracross, M|100/100
|
|upkeep
|turn|6
|
|t:|1760299540
|move|p1a: Heracross|Knock Off|p2a: Slowking
|-supereffective|p2a: Slowking
|-damage|p2a: Slowking|56/100
|-enditem|p2a: Slowking|Black Sludge|[from] move: Knock Off|[of] p1a: Heracross
|move|p2a: Slowking|Trick|p1a: Heracross
|-activate|p2a: Slowking|move: Trick|[of] p1a: Heracross
|-enditem|p1a: Heracross|Leftovers|[silent]|[from] move: Trick
|-item|p2a: Slowking|Leftovers|[from] move: Trick
|
|-heal|p2a: Slowking|62/100|[from] item: Leftovers
|upkeep
|turn|7
|
|t:|1760299557
|switch|p2a: Great Tusk|Great Tusk|76/100
|move|p1a: Heracross|Knock Off|p2a: Great Tusk
|-resisted|p2a: Great Tusk
|-damage|p2a: Great Tusk|68/100
|
|upkeep
|turn|8
|
|t:|1760299564
|move|p2a: Great Tusk|Ice Spinner|p1a: Heracross
|-damage|p1a: Heracross|75/100
|move|p1a: Heracross|Spikes|p2a: Great Tusk
|-sidestart|p2: psych801|Spikes
|
|upkeep
|turn|9
|
|t:|1760299573
|switch|p1a: Spiritomb|Spiritomb, M|100/100
|-ability|p1a: Spiritomb|Pressure
|move|p2a: Great Tusk|Rapid Spin|p1a: Spiritomb
|-immune|p1a: Spiritomb
|
|upkeep
|turn|10
|
|t:|1760299580
|move|p2a: Great Tusk|Headlong Rush|p1a: Spiritomb
|-damage|p1a: Spiritomb|43/100
|-unboost|p2a: Great Tusk|def|1
|-unboost|p2a: Great Tusk|spd|1
|move|p1a: Spiritomb|Will-O-Wisp|p2a: Great Tusk
|-status|p2a: Great Tusk|brn
|
|-heal|p1a: Spiritomb|50/100|[from] item: Leftovers
|-damage|p2a: Great Tusk|62/100 brn|[from] brn
|upkeep
|turn|11
|
|t:|1760299591
|move|p2a: Great Tusk|Headlong Rush|p1a: Spiritomb
|-damage|p1a: Spiritomb|21/100
|-unboost|p2a: Great Tusk|def|1
|-unboost|p2a: Great Tusk|spd|1
|move|p1a: Spiritomb|Pain Split|p2a: Great Tusk
|-sethp|p2a: Great Tusk|40/100 brn|[from] move: Pain Split|[silent]
|-sethp|p1a: Spiritomb|48/100|[from] move: Pain Split
|
|-heal|p1a: Spiritomb|54/100|[from] item: Leftovers
|-damage|p2a: Great Tusk|33/100 brn|[from] brn
|upkeep
|turn|12
|
|t:|1760299606
|move|p1a: Spiritomb|Protect|p1a: Spiritomb
|-singleturn|p1a: Spiritomb|Protect
|move|p2a: Great Tusk|Headlong Rush|p1a: Spiritomb
|-activate|p1a: Spiritomb|move: Protect
|
|-heal|p1a: Spiritomb|61/100|[from] item: Leftovers
|-damage|p2a: Great Tusk|27/100 brn|[from] brn
|upkeep
|turn|13
|
|t:|1760299620
|move|p2a: Great Tusk|Headlong Rush|p1a: Spiritomb
|-damage|p1a: Spiritomb|34/100
|-unboost|p2a: Great Tusk|def|1
|-unboost|p2a: Great Tusk|spd|1
|move|p1a: Spiritomb|Night Shade|p2a: Great Tusk
|-damage|p2a: Great Tusk|0 fnt
|faint|p2a: Great Tusk
|-end|p2a: Great Tusk|Protosynthesis|[silent]
|
|-heal|p1a: Spiritomb|40/100|[from] item: Leftovers
|upkeep
|inactive|psych801 has 120 seconds left.
|
|t:|1760299661
|switch|p2a: Zapdos|Zapdos|38/100
|turn|14
|
|t:|1760299666
|move|p1a: Spiritomb|Protect|p1a: Spiritomb
|-singleturn|p1a: Spiritomb|Protect
|move|p2a: Zapdos|Volt Switch|p1a: Spiritomb
|-activate|p1a: Spiritomb|move: Protect
|
|-heal|p1a: Spiritomb|47/100|[from] item: Leftovers
|upkeep
|turn|15
|inactive|psych801 has 120 seconds left.
|
|t:|1760299675
|move|p2a: Zapdos|Thunderbolt|p1a: Spiritomb
|-damage|p1a: Spiritomb|3/100
|move|p1a: Spiritomb|Night Shade|p2a: Zapdos
|-damage|p2a: Zapdos|7/100
|
|-heal|p1a: Spiritomb|9/100|[from] item: Leftovers
|upkeep
|turn|16
|
|t:|1760299683
|move|p2a: Zapdos|Volt Switch|p1a: Spiritomb
|-damage|p1a: Spiritomb|0 fnt
|faint|p1a: Spiritomb
|
|t:|1760299690
|switch|p2a: Zamazenta|Zamazenta|100/100|[from] Volt Switch
|-damage|p2a: Zamazenta|88/100|[from] Spikes
|-ability|p2a: Zamazenta|Dauntless Shield|boost
|-boost|p2a: Zamazenta|def|1
|
|upkeep
|
|t:|1760299697
|switch|p1a: Chandelure|Chandelure, M, shiny|50/100
|turn|17
|
|t:|1760299707
|move|p2a: Zamazenta|Crunch|p1a: Chandelure
|-supereffective|p1a: Chandelure
|-damage|p1a: Chandelure|0 fnt
|faint|p1a: Chandelure
|
|upkeep
|
|t:|1760299717
|switch|p1a: Vileplume|Vileplume, F|100/100
|turn|18
|
|t:|1760299727
|-terastallize|p2a: Zamazenta|Steel
|move|p2a: Zamazenta|Iron Head|p1a: Vileplume
|-damage|p1a: Vileplume|59/100
|move|p1a: Vileplume|Leech Seed|p2a: Zamazenta
|-start|p2a: Zamazenta|move: Leech Seed
|
|-heal|p1a: Vileplume|65/100|[from] item: Black Sludge
|-damage|p2a: Zamazenta|76/100|[from] Leech Seed|[of] p1a: Vileplume
|-heal|p1a: Vileplume|76/100|[silent]
|upkeep
|turn|19
|
|t:|1760299740
|switch|p2a: Slowking|Slowking-Galar, F|96/100
|-damage|p2a: Slowking|83/100|[from] Spikes
|move|p1a: Vileplume|Strength Sap|p2a: Slowking
|-unboost|p2a: Slowking|atk|1
|-heal|p1a: Vileplume|100/100
|
|-heal|p2a: Slowking|89/100|[from] item: Leftovers
|upkeep
|turn|20
|
|t:|1760299752
|switch|p1a: Reuniclus|Reuniclus, F|100/100
|move|p2a: Slowking|Future Sight|p1a: Reuniclus
|-start|p2a: Slowking|move: Future Sight
|
|-heal|p2a: Slowking|95/100|[from] item: Leftovers
|upkeep
|turn|21
|
|t:|1760299761
|-prepare|p2a: Slowking|Chilly Reception|[premajor]
|move|p2a: Slowking|Chilly Reception|p2a: Slowking
|-weather|Snowscape
|
|t:|1760299769
|switch|p2a: Weezing|Weezing-Galar, M|100/100|[from] Chilly Reception
|move|p1a: Reuniclus|Calm Mind|p1a: Reuniclus
|-boost|p1a: Reuniclus|spa|1
|-boost|p1a: Reuniclus|spd|1
|
|-weather|Snowscape|[upkeep]
|upkeep
|turn|22
|
|t:|1760299779
|move|p2a: Weezing|Clear Smog|p1a: Reuniclus
|-damage|p1a: Reuniclus|91/100
|-clearboost|p1a: Reuniclus
|move|p1a: Reuniclus|Calm Mind|p1a: Reuniclus
|-boost|p1a: Reuniclus|spa|1
|-boost|p1a: Reuniclus|spd|1
|
|-weather|Snowscape|[upkeep]
|-end|p1a: Reuniclus|move: Future Sight
|-resisted|p1a: Reuniclus
|-damage|p1a: Reuniclus|76/100
|upkeep
|turn|23
|
|t:|1760299791
|move|p2a: Weezing|Clear Smog|p1a: Reuniclus
|-damage|p1a: Reuniclus|68/100
|-clearboost|p1a: Reuniclus
|move|p1a: Reuniclus|Psychic Noise|p2a: Weezing
|-supereffective|p2a: Weezing
|-damage|p2a: Weezing|16/100
|-start|p2a: Weezing|move: Heal Block
|
|-weather|Snowscape|[upkeep]
|upkeep
|turn|24
|
|t:|1760299809
|switch|p2a: Toxapex|Toxapex, F|100/100
|-damage|p2a: Toxapex|88/100|[from] Spikes
|move|p1a: Reuniclus|Recover|p1a: Reuniclus
|-heal|p1a: Reuniclus|100/100
|
|-weather|Snowscape|[upkeep]
|upkeep
|turn|25
|
|t:|1760299817
|move|p2a: Toxapex|Toxic|p1a: Reuniclus
|-status|p1a: Reuniclus|tox
|move|p1a: Reuniclus|Calm Mind|p1a: Reuniclus
|-boost|p1a: Reuniclus|spa|1
|-boost|p1a: Reuniclus|spd|1
|
|-weather|none
|upkeep
|turn|26
|inactive|psych801 has 120 seconds left.
|
|t:|1760299855
|move|p2a: Toxapex|Haze|p2a: Toxapex
|-clearallboost
|move|p1a: Reuniclus|Psychic Noise|p2a: Toxapex
|-supereffective|p2a: Toxapex
|-damage|p2a: Toxapex|18/100
|-start|p2a: Toxapex|move: Heal Block
|
|upkeep
|turn|27
|inactive|psych801 has 120 seconds left.
|
|t:|1760299867
|switch|p2a: Zamazenta|Zamazenta, tera:Steel|76/100
|-damage|p2a: Zamazenta|64/100|[from] Spikes
|move|p1a: Reuniclus|Calm Mind|p1a: Reuniclus
|-boost|p1a: Reuniclus|spa|1
|-boost|p1a: Reuniclus|spd|1
|
|upkeep
|turn|28
|
|t:|1760299874
|move|p2a: Zamazenta|Crunch|p1a: Reuniclus
|-supereffective|p1a: Reuniclus
|-damage|p1a: Reuniclus|60/100 tox
|-unboost|p1a: Reuniclus|def|1
|move|p1a: Reuniclus|Focus Blast|p2a: Zamazenta|[miss]
|-miss|p1a: Reuniclus|p2a: Zamazenta
|
|upkeep
|turn|29
|
|t:|1760299885
|switch|p1a: Vileplume|Vileplume, F|100/100
|move|p2a: Zamazenta|Crunch|p1a: Vileplume
|-damage|p1a: Vileplume|73/100
|-unboost|p1a: Vileplume|def|1
|
|-heal|p1a: Vileplume|79/100|[from] item: Black Sludge
|upkeep
|turn|30
|
|t:|1760299894
|move|p2a: Zamazenta|Iron Head|p1a: Vileplume
|-damage|p1a: Vileplume|18/100
|move|p1a: Vileplume|Leech Seed|p2a: Zamazenta
|-start|p2a: Zamazenta|move: Leech Seed
|
|-heal|p1a: Vileplume|24/100|[from] item: Black Sludge
|-damage|p2a: Zamazenta|51/100|[from] Leech Seed|[of] p1a: Vileplume
|-heal|p1a: Vileplume|36/100|[silent]
|upkeep
|turn|31
|
|t:|1760299904
|switch|p1a: Heracross|Heracross, M|75/100
|move|p2a: Zamazenta|Iron Head|p1a: Heracross
|-damage|p1a: Heracross|37/100
|
|-damage|p2a: Zamazenta|39/100|[from] Leech Seed|[of] p1a: Heracross
|-heal|p1a: Heracross|48/100|[silent]
|upkeep
|turn|32
|
|t:|1760299917
|move|p2a: Zamazenta|Close Combat|p1a: Heracross
|-resisted|p1a: Heracross
|-damage|p1a: Heracross|20/100
|-unboost|p2a: Zamazenta|def|1
|-unboost|p2a: Zamazenta|spd|1
|move|p1a: Heracross|Knock Off|p2a: Zamazenta
|-damage|p2a: Zamazenta|2/100
|-enditem|p2a: Zamazenta|Assault Vest|[from] move: Knock Off|[of] p1a: Heracross
|
|-damage|p2a: Zamazenta|0 fnt|[from] Leech Seed|[of] p1a: Heracross
|-heal|p1a: Heracross|22/100|[silent]
|faint|p2a: Zamazenta
|upkeep
|
|t:|1760299922
|switch|p2a: Zapdos|Zapdos|7/100
|turn|33
|
|t:|1760299932
|switch|p1a: Tyranitar|Tyranitar, M|100/100
|-weather|Sandstorm|[from] ability: Sand Stream|[of] p1a: Tyranitar
|move|p2a: Zapdos|Volt Switch|p1a: Tyranitar
|-damage|p1a: Tyranitar|80/100
|
|t:|1760299944
|switch|p2a: Toxapex|Toxapex, F|51/100|[from] Volt Switch
|-damage|p2a: Toxapex|39/100|[from] Spikes
|
|-weather|Sandstorm|[upkeep]
|-damage|p2a: Toxapex|33/100|[from] Sandstorm
|-heal|p1a: Tyranitar|86/100|[from] item: Leftovers
|upkeep
|turn|34
|
|t:|1760299959
|move|p1a: Tyranitar|Earthquake|p2a: Toxapex
|-supereffective|p2a: Toxapex
|-damage|p2a: Toxapex|0 fnt
|faint|p2a: Toxapex
|
|-weather|Sandstorm|[upkeep]
|-heal|p1a: Tyranitar|92/100|[from] item: Leftovers
|upkeep
|
|t:|1760299962
|switch|p2a: Weezing|Weezing-Galar, M|16/100
|turn|35
|
|t:|1760299969
|move|p1a: Tyranitar|Stealth Rock|p2a: Weezing
|-sidestart|p2: psych801|move: Stealth Rock
|move|p2a: Weezing|Will-O-Wisp|p1a: Tyranitar
|-status|p1a: Tyranitar|brn
|
|-weather|Sandstorm|[upkeep]
|-damage|p2a: Weezing|10/100|[from] Sandstorm
|-heal|p1a: Tyranitar|98/100 brn|[from] item: Leftovers
|-heal|p2a: Weezing|16/100|[from] item: Leftovers
|-damage|p1a: Tyranitar|92/100 brn|[from] brn
|upkeep
|turn|36
|
|t:|1760299980
|move|p1a: Tyranitar|Knock Off|p2a: Weezing
|-resisted|p2a: Weezing
|-damage|p2a: Weezing|5/100
|-enditem|p2a: Weezing|Leftovers|[from] move: Knock Off|[of] p1a: Tyranitar
|move|p2a: Weezing|Defog|p1a: Tyranitar
|-unboost|p1a: Tyranitar|evasion|1
|-sideend|p2: psych801|Spikes|[from] move: Defog|[of] p2a: Weezing
|-sideend|p2: psych801|Stealth Rock|[from] move: Defog|[of] p2a: Weezing
|
|-weather|Sandstorm|[upkeep]
|-damage|p2a: Weezing|0 fnt|[from] Sandstorm
|faint|p2a: Weezing
|-heal|p1a: Tyranitar|98/100 brn|[from] item: Leftovers
|-damage|p1a: Tyranitar|92/100 brn|[from] brn
|upkeep
|
|t:|1760299985
|switch|p2a: Slowking|Slowking-Galar, F|100/100
|turn|37
|
|t:|1760299996
|move|p1a: Tyranitar|Knock Off|p2a: Slowking
|-supereffective|p2a: Slowking
|-damage|p2a: Slowking|58/100
|-enditem|p2a: Slowking|Leftovers|[from] move: Knock Off|[of] p1a: Tyranitar
|move|p2a: Slowking|Sludge Bomb|p1a: Tyranitar
|-resisted|p1a: Tyranitar
|-damage|p1a: Tyranitar|82/100 brn
|
|-weather|none
|-heal|p1a: Tyranitar|88/100 brn|[from] item: Leftovers
|-damage|p1a: Tyranitar|82/100 brn|[from] brn
|upkeep
|turn|38
|-message|psych801 forfeited.
|
|win|BobbyAxe1
|raw|BobbyAxe1's rating: 1317 &rarr; <strong>1336</strong><br />(+19 for winning)
|raw|psych801's rating: 1293 &rarr; <strong>1270</strong><br />(-23 for losing)
|l|☆psych801
|player|p2|
|l|☆BobbyAxe1
|player|p1|
