|j|☆night law
|j|☆xxxxcupp
|t:|1760367837
|gametype|singles
|player|p1|night law|giovanni|1183
|player|p2|xxxxcupp|youngcouple-gen4dp|1197
|gen|9
|tier|[Gen 9] OU
|rated|
|rule|HP Percentage Mod: HP is shown in percentages
|rule|Endless Battle Clause: Forcing endless battles is banned
|rule|Species Clause: Limit one of each Pokémon
|rule|OHKO Clause: OHKO moves are banned
|rule|Evasion Items Clause: Evasion items are banned
|rule|Evasion Moves Clause: Evasion moves are banned
|rule|Evasion Abilities Clause: Evasion abilities are banned
|rule|Sleep Moves Clause: Sleep-inducing moves are banned
|clearpoke
|poke|p1|Mamoswine, M|
|poke|p1|Salamence, M|
|poke|p1|Clefable, M|
|poke|p1|Lanturn, M|
|poke|p1|Skarmory, M|
|poke|p1|Medicham, M|
|poke|p2|Dragapult, M|
|poke|p2|Gliscor, M|
|poke|p2|Great Tusk|
|poke|p2|Rillaboom, M|
|poke|p2|Azumarill, F|
|poke|p2|Blissey, F|
|teampreview
|
|t:|1760367845
|teamsize|p1|6
|teamsize|p2|6
|start
|switch|p1a: Lanturn|Lanturn, M|100/100
|switch|p2a: Blissey|Blissey, F, shiny|100/100
|turn|1
|
|t:|1760367853
|move|p1a: Lanturn|Volt Switch|p2a: Blissey
|-damage|p2a: Blissey|90/100
|
|t:|1760367856
|switch|p1a: Skarmory|Skarmory, M|100/100|[from] Volt Switch
|move|p2a: Blissey|Trick|p1a: Skarmory
|-activate|p2a: Blissey|move: Trick|[of] p1a: Skarmory
|-item|p1a: Skarmory|Flame Orb|[from] move: Trick
|-item|p2a: Blissey|Rocky Helmet|[from] move: Trick
|
|-status|p1a: Skarmory|brn|[from] item: Flame Orb
|upkeep
|turn|2
|
|t:|1760367864
|move|p2a: Blissey|Protect|p2a: Blissey
|-singleturn|p2a: Blissey|Protect
|move|p1a: Skarmory|Stealth Rock|p2a: Blissey
|-sidestart|p2: xxxxcupp|move: Stealth Rock
|
|-damage|p1a: Skarmory|95/100 brn|[from] brn
|upkeep
|turn|3
|
|t:|1760367870
|switch|p1a: Medicham|Medicham, M|100/100
|move|p2a: Blissey|Light Screen|p2a: Blissey
|-sidestart|p2: xxxxcupp|move: Light Screen
|
|upkeep
|turn|4
|
|t:|1760367880
|move|p1a: Medicham|Ice Punch|p2a: Blissey
|-damage|p2a: Blissey|58/100
|-damage|p1a: Medicham|84/100|[from] item: Rocky Helmet|[of] p2a: Blissey
|move|p2a: Blissey|Soft-Boiled|p2a: Blissey
|-heal|p2a: Blissey|100/100
|
|upkeep
|turn|5
|
|t:|1760367887
|switch|p1a: Skarmory|Skarmory, M|95/100 brn
|move|p2a: Blissey|Light Screen||[still]
|-fail|p2a: Blissey
|
|-damage|p1a: Skarmory|89/100 brn|[from] brn
|upkeep
|turn|6
|
|t:|1760367905
|switch|p2a: Great Tusk|Great Tusk, shiny|100/100
|-damage|p2a: Great Tusk|98/100|[from] Stealth Rock
|-enditem|p2a: Great Tusk|Booster Energy
|-activate|p2a: Great Tusk|ability: Protosynthesis|[fromitem]
|-start|p2a: Great Tusk|protosynthesisdef
|move|p1a: Skarmory|Whirlwind|p2a: Great Tusk
|-end|p2a: Great Tusk|Protosynthesis|[silent]
|drag|p2a: Gliscor|Gliscor, M, shiny|100/100
|-damage|p2a: Gliscor|88/100|[from] Stealth Rock
|
|-damage|p1a: Skarmory|83/100 brn|[from] brn
|-status|p2a: Gliscor|tox|[from] item: Toxic Orb
|upkeep
|turn|7
|
|t:|1760367922
|switch|p1a: Salamence|Salamence, M|100/100
|-ability|p1a: Salamence|Intimidate|boost
|-unboost|p2a: Gliscor|atk|1
|move|p2a: Gliscor|Fire Fang|p1a: Salamence
|-resisted|p1a: Salamence
|-damage|p1a: Salamence|93/100
|
|-heal|p2a: Gliscor|100/100 tox|[from] ability: Poison Heal
|-sideend|p2: xxxxcupp|move: Light Screen
|upkeep
|turn|8
|
|t:|1760367930
|move|p1a: Salamence|Substitute|p1a: Salamence
|-start|p1a: Salamence|Substitute
|-damage|p1a: Salamence|68/100
|move|p2a: Gliscor|U-turn|p1a: Salamence
|-resisted|p1a: Salamence
|-activate|p1a: Salamence|move: Substitute|[damage]
|
|t:|1760367935
|switch|p2a: Azumarill|Azumarill, F, shiny|100/100|[from] U-turn
|-damage|p2a: Azumarill|88/100|[from] Stealth Rock
|
|upkeep
|turn|9
|
|t:|1760367941
|move|p1a: Salamence|Air Slash|p2a: Azumarill
|-damage|p2a: Azumarill|42/100
|cant|p2a: Azumarill|flinch
|
|upkeep
|turn|10
|
|t:|1760367947
|move|p2a: Azumarill|Aqua Jet|p1a: Salamence
|-resisted|p1a: Salamence
|-activate|p1a: Salamence|move: Substitute|[damage]
|move|p1a: Salamence|Air Slash|p2a: Azumarill
|-damage|p2a: Azumarill|0 fnt
|faint|p2a: Azumarill
|
|upkeep
|
|t:|1760367957
|switch|p2a: Rillaboom|Rillaboom, M, shiny|100/100
|-damage|p2a: Rillaboom|88/100|[from] Stealth Rock
|turn|11
|
|t:|1760367961
|move|p1a: Salamence|Air Slash|p2a: Rillaboom
|-supereffective|p2a: Rillaboom
|-damage|p2a: Rillaboom|0 fnt
|faint|p2a: Rillaboom
|
|upkeep
|
|t:|1760367964
|switch|p2a: Dragapult|Dragapult, M, shiny|100/100
|-damage|p2a: Dragapult|88/100|[from] Stealth Rock
|turn|12
|
|t:|1760367971
|switch|p1a: Clefable|Clefable, M|100/100
|move|p2a: Dragapult|Curse|p1a: Clefable
|-start|p1a: Clefable|Curse|[of] p2a: Dragapult
|-damage|p2a: Dragapult|38/100
|
|-damage|p1a: Clefable|76/100|[from] Curse
|upkeep
|turn|13
|
|t:|1760367984
|switch|p2a: Blissey|Blissey, F, shiny|100/100
|-damage|p2a: Blissey|88/100|[from] Stealth Rock
|move|p1a: Clefable|Moonblast|p2a: Blissey
|-damage|p2a: Blissey|78/100
|
|-heal|p1a: Clefable|82/100|[from] item: Leftovers
|-damage|p1a: Clefable|57/100|[from] Curse
|upkeep
|turn|14
|
|t:|1760367999
|switch|p1a: Skarmory|Skarmory, M|83/100 brn
|move|p2a: Blissey|Light Screen|p2a: Blissey
|-sidestart|p2: xxxxcupp|move: Light Screen
|
|-damage|p1a: Skarmory|77/100 brn|[from] brn
|upkeep
|turn|15
|
|t:|1760368006
|move|p2a: Blissey|Soft-Boiled|p2a: Blissey
|-heal|p2a: Blissey|100/100
|move|p1a: Skarmory|Whirlwind|p2a: Blissey
|drag|p2a: Great Tusk|Great Tusk, shiny|98/100
|-damage|p2a: Great Tusk|95/100|[from] Stealth Rock
|
|-damage|p1a: Skarmory|71/100 brn|[from] brn
|upkeep
|turn|16
|
|t:|1760368024
|-end|p2a: Great Tusk|Protosynthesis|[silent]
|switch|p2a: Blissey|Blissey, F, shiny|100/100
|-damage|p2a: Blissey|88/100|[from] Stealth Rock
|move|p1a: Skarmory|Stealth Rock||[still]
|-fail|p1a: Skarmory
|
|-damage|p1a: Skarmory|65/100 brn|[from] brn
|upkeep
|turn|17
|
|t:|1760368052
|switch|p1a: Lanturn|Lanturn, M|100/100
|move|p2a: Blissey|Protect||[still]
|-fail|p2a: Blissey
|
|upkeep
|turn|18
|
|t:|1760368067
|move|p1a: Lanturn|Volt Switch|p2a: Blissey
|-damage|p2a: Blissey|83/100
|
|t:|1760368072
|switch|p1a: Medicham|Medicham, M|84/100|[from] Volt Switch
|move|p2a: Blissey|Light Screen||[still]
|-fail|p2a: Blissey
|
|-sideend|p2: xxxxcupp|move: Light Screen
|upkeep
|turn|19
|
|t:|1760368080
|move|p1a: Medicham|Close Combat|p2a: Blissey
|-supereffective|p2a: Blissey
|-damage|p2a: Blissey|0 fnt
|-unboost|p1a: Medicham|def|1
|-unboost|p1a: Medicham|spd|1
|-damage|p1a: Medicham|68/100|[from] item: Rocky Helmet|[of] p2a: Blissey
|faint|p2a: Blissey
|
|upkeep
|
|t:|1760368086
|switch|p2a: Gliscor|Gliscor, M, shiny|100/100 tox
|-damage|p2a: Gliscor|88/100 tox|[from] Stealth Rock
|turn|20
|
|t:|1760368105
|switch|p1a: Skarmory|Skarmory, M|65/100 brn
|move|p2a: Gliscor|U-turn|p1a: Skarmory
|-resisted|p1a: Skarmory
|-damage|p1a: Skarmory|62/100 brn
|
|t:|1760368110
|switch|p2a: Dragapult|Dragapult, M, shiny|38/100|[from] U-turn
|-damage|p2a: Dragapult|26/100|[from] Stealth Rock
|
|-damage|p1a: Skarmory|56/100 brn|[from] brn
|upkeep
|turn|21
|
|t:|1760368119
|switch|p1a: Lanturn|Lanturn, M|100/100
|move|p2a: Dragapult|Dragon Darts|p1a: Lanturn
|-damage|p1a: Lanturn|52/100
|-anim|p2a: Dragapult|Dragon Darts|p1a: Lanturn
|-damage|p1a: Lanturn|3/100
|
|upkeep
|turn|22
|
|t:|1760368126
|move|p2a: Dragapult|Dragon Darts|p1a: Lanturn
|-damage|p1a: Lanturn|0 fnt
|faint|p1a: Lanturn
|
|upkeep
|
|t:|1760368130
|switch|p1a: Mamoswine|Mamoswine, M, shiny|100/100
|turn|23
|
|t:|1760368134
|move|p1a: Mamoswine|Ice Shard|p2a: Dragapult
|-supereffective|p2a: Dragapult
|-crit|p2a: Dragapult
|-damage|p2a: Dragapult|0 fnt
|faint|p2a: Dragapult
|-damage|p1a: Mamoswine|91/100|[from] item: Life Orb
|
|upkeep
|
|t:|1760368137
|switch|p2a: Gliscor|Gliscor, M, shiny|88/100 tox
|-damage|p2a: Gliscor|76/100 tox|[from] Stealth Rock
|turn|24
|
|t:|1760368147
|move|p2a: Gliscor|U-turn|p1a: Mamoswine
|-damage|p1a: Mamoswine|67/100
|
|t:|1760368149
|switch|p2a: Great Tusk|Great Tusk, shiny|95/100|[from] U-turn
|-damage|p2a: Great Tusk|92/100|[from] Stealth Rock
|move|p1a: Mamoswine|Icicle Crash|p2a: Great Tusk
|-supereffective|p2a: Great Tusk
|-damage|p2a: Great Tusk|34/100
|-damage|p1a: Mamoswine|57/100|[from] item: Life Orb
|
|upkeep
|turn|25
|
|t:|1760368160
|move|p1a: Mamoswine|Icicle Crash|p2a: Great Tusk
|-supereffective|p2a: Great Tusk
|-damage|p2a: Great Tusk|0 fnt
|faint|p2a: Great Tusk
|-end|p2a: Great Tusk|Protosynthesis|[silent]
|-damage|p1a: Mamoswine|47/100|[from] item: Life Orb
|
|upkeep
|
|t:|1760368162
|switch|p2a: Gliscor|Gliscor, M, shiny|76/100 tox
|-damage|p2a: Gliscor|63/100 tox|[from] Stealth Rock
|turn|26
|
|t:|1760368169
|move|p1a: Mamoswine|Ice Shard|p2a: Gliscor
|-supereffective|p2a: Gliscor
|-damage|p2a: Gliscor|0 fnt
|faint|p2a: Gliscor
|-damage|p1a: Mamoswine|37/100|[from] item: Life Orb
|
|win|night law
|raw|night law's rating: 1183 &rarr; <strong>1209</strong><br />(+26 for winning)
|raw|xxxxcupp's rating: 1197 &rarr; <strong>1171</strong><br />(-26 for losing)
|l|☆xxxxcupp
|player|p2|
|l|☆night law
|player|p1|
