|j|‽necrohearts
|j|☆StrifePK
|t:|1760452919
|gametype|singles
|player|p1|necrohearts|jupiter|1090
|player|p2|StrifePK|marlon|1143
|gen|9
|tier|[Gen 9] OU
|rated|
|rule|HP Percentage Mod: HP is shown in percentages
|rule|Endless Battle Clause: Forcing endless battles is banned
|rule|Species Clause: Limit one of each Pokémon
|rule|OHKO Clause: OHKO moves are banned
|rule|Evasion Items Clause: Evasion items are banned
|rule|Evasion Moves Clause: Evasion moves are banned
|rule|Evasion Abilities Clause: Evasion abilities are banned
|rule|Sleep Moves Clause: Sleep-inducing moves are banned
|clearpoke
|poke|p1|Darkrai|
|poke|p1|Great Tusk|
|poke|p1|Dragonite, M|
|poke|p1|Cinderace, M|
|poke|p1|Corviknight, F|
|poke|p1|Primarina, F|
|poke|p2|Maushold-Four|
|poke|p2|Corviknight, F|
|poke|p2|Ribombee, F|
|poke|p2|Rillaboom, M|
|poke|p2|Dragapult, F|
|poke|p2|Toxapex, F|
|teampreview
|
|t:|1760452985
|teamsize|p1|6
|teamsize|p2|6
|start
|switch|p1a: Cinderace|Cinderace, M|100/100
|switch|p2a: نسيم|Ribombee, F|100/100
|turn|1
|
|t:|1760453023
|move|p2a: نسيم|Sticky Web|p1a: Cinderace
|-sidestart|p1: necrohearts|move: Sticky Web
|move|p1a: Cinderace|Pyro Ball|p2a: نسيم
|-supereffective|p2a: نسيم
|-enditem|p2a: نسيم|Focus Sash
|-damage|p2a: نسيم|1/100
|
|upkeep
|turn|2
|
|t:|1760453037
|move|p2a: نسيم|U-turn|p1a: Cinderace
|-resisted|p1a: Cinderace
|-damage|p1a: Cinderace|90/100
|
|t:|1760453040
|switch|p2a: ماردحديد|Toxapex, F|100/100|[from] U-turn
|move|p1a: Cinderace|Will-O-Wisp|p2a: ماردحديد
|-status|p2a: ماردحديد|brn
|
|-damage|p2a: ماردحديد|94/100 brn|[from] brn
|upkeep
|turn|3
|
|t:|1760453047
|move|p1a: Cinderace|Court Change|p1a: Cinderace
|-start|p1a: Cinderace|typechange|Normal|[from] ability: Libero
|-swapsideconditions
|-activate|p1a: Cinderace|move: Court Change
|move|p2a: ماردحديد|Toxic Spikes|p1a: Cinderace
|-sidestart|p1: necrohearts|move: Toxic Spikes
|
|-heal|p2a: ماردحديد|100/100 brn|[from] item: Black Sludge
|-damage|p2a: ماردحديد|94/100 brn|[from] brn
|upkeep
|turn|4
|
|t:|1760453052
|move|p1a: Cinderace|U-turn|p2a: ماردحديد
|-resisted|p2a: ماردحديد
|-damage|p2a: ماردحديد|88/100 brn
|
|t:|1760453069
|switch|p1a: Great Tusk|Great Tusk|100/100|[from] U-turn
|-status|p1a: Great Tusk|psn
|move|p2a: ماردحديد|Toxic Spikes|p1a: Great Tusk
|-sidestart|p1: necrohearts|move: Toxic Spikes
|
|-heal|p2a: ماردحديد|94/100 brn|[from] item: Black Sludge
|-damage|p1a: Great Tusk|88/100 psn|[from] psn
|-damage|p2a: ماردحديد|88/100 brn|[from] brn
|upkeep
|turn|5
|
|t:|1760453076
|move|p1a: Great Tusk|Rapid Spin|p2a: ماردحديد
|-damage|p2a: ماردحديد|78/100 brn
|-boost|p1a: Great Tusk|spe|1
|-sideend|p1: necrohearts|Toxic Spikes|[from] move: Rapid Spin|[of] p1a: Great Tusk
|move|p2a: ماردحديد|Liquidation|p1a: Great Tusk
|-supereffective|p1a: Great Tusk
|-damage|p1a: Great Tusk|76/100 psn
|-damage|p2a: ماردحديد|62/100 brn|[from] item: Rocky Helmet|[of] p1a: Great Tusk
|
|-heal|p2a: ماردحديد|68/100 brn|[from] item: Black Sludge
|-damage|p1a: Great Tusk|64/100 psn|[from] psn
|-damage|p2a: ماردحديد|62/100 brn|[from] brn
|upkeep
|turn|6
|
|t:|1760453083
|move|p1a: Great Tusk|Headlong Rush|p2a: ماردحديد
|-supereffective|p2a: ماردحديد
|-damage|p2a: ماردحديد|0 fnt
|-unboost|p1a: Great Tusk|def|1
|-unboost|p1a: Great Tusk|spd|1
|faint|p2a: ماردحديد
|
|-damage|p1a: Great Tusk|51/100 psn|[from] psn
|upkeep
|
|t:|1760453088
|switch|p2a: Tokoyami|Corviknight, F|100/100
|turn|7
|
|t:|1760453094
|move|p1a: Great Tusk|Knock Off|p2a: Tokoyami
|-damage|p2a: Tokoyami|84/100
|-enditem|p2a: Tokoyami|Leftovers|[from] move: Knock Off|[of] p1a: Great Tusk
|move|p2a: Tokoyami|Substitute|p2a: Tokoyami
|-start|p2a: Tokoyami|Substitute
|-damage|p2a: Tokoyami|59/100
|
|-damage|p1a: Great Tusk|39/100 psn|[from] psn
|upkeep
|turn|8
|
|t:|1760453115
|-end|p1a: Great Tusk|Protosynthesis|[silent]
|switch|p1a: Dragonite|Dragonite, M|100/100
|move|p2a: Tokoyami|Iron Defense|p2a: Tokoyami
|-boost|p2a: Tokoyami|def|2
|
|upkeep
|turn|9
|
|t:|1760453118
|move|p1a: Dragonite|Encore|p2a: Tokoyami
|-start|p2a: Tokoyami|Encore
|move|p2a: Tokoyami|Iron Defense|p2a: Tokoyami
|-boost|p2a: Tokoyami|def|2
|
|upkeep
|turn|10
|
|t:|1760453123
|move|p1a: Dragonite|Dragon Dance|p1a: Dragonite
|-boost|p1a: Dragonite|atk|1
|-boost|p1a: Dragonite|spe|1
|move|p2a: Tokoyami|Iron Defense|p2a: Tokoyami
|-boost|p2a: Tokoyami|def|2
|
|upkeep
|turn|11
|
|t:|1760453133
|move|p1a: Dragonite|Tera Blast|p2a: Tokoyami
|-resisted|p2a: Tokoyami
|-activate|p2a: Tokoyami|move: Substitute|[damage]
|move|p2a: Tokoyami|Iron Defense|p2a: Tokoyami
|-boost|p2a: Tokoyami|def|0
|
|-end|p2a: Tokoyami|Encore
|upkeep
|turn|12
|
|t:|1760453136
|move|p1a: Dragonite|Encore|p2a: Tokoyami
|-start|p2a: Tokoyami|Encore
|move|p2a: Tokoyami|Iron Defense|p2a: Tokoyami
|-boost|p2a: Tokoyami|def|0
|
|upkeep
|turn|13
|
|t:|1760453138
|move|p1a: Dragonite|Tera Blast|p2a: Tokoyami
|-resisted|p2a: Tokoyami
|-activate|p2a: Tokoyami|move: Substitute|[damage]
|move|p2a: Tokoyami|Iron Defense|p2a: Tokoyami
|-boost|p2a: Tokoyami|def|0
|
|upkeep
|turn|14
|
|t:|1760453141
|move|p1a: Dragonite|Tera Blast|p2a: Tokoyami
|-resisted|p2a: Tokoyami
|-end|p2a: Tokoyami|Substitute
|move|p2a: Tokoyami|Iron Defense|p2a: Tokoyami
|-boost|p2a: Tokoyami|def|0
|
|-end|p2a: Tokoyami|Encore
|upkeep
|turn|15
|
|t:|1760453147
|move|p1a: Dragonite|Encore|p2a: Tokoyami
|-start|p2a: Tokoyami|Encore
|move|p2a: Tokoyami|Iron Defense|p2a: Tokoyami
|-boost|p2a: Tokoyami|def|0
|
|upkeep
|turn|16
|
|t:|1760453161
|switch|p1a: Cinderace|Cinderace, M|90/100
|move|p2a: Tokoyami|Iron Defense|p2a: Tokoyami
|-boost|p2a: Tokoyami|def|0
|
|upkeep
|turn|17
|
|t:|1760453165
|-terastallize|p2a: Tokoyami|Fighting
|move|p1a: Cinderace|Will-O-Wisp|p2a: Tokoyami
|-status|p2a: Tokoyami|brn
|move|p2a: Tokoyami|Iron Defense|p2a: Tokoyami
|-boost|p2a: Tokoyami|def|0
|
|-damage|p2a: Tokoyami|53/100 brn|[from] brn
|-end|p2a: Tokoyami|Encore
|upkeep
|turn|18
|
|t:|1760453176
|move|p1a: Cinderace|U-turn|p2a: Tokoyami
|-start|p1a: Cinderace|typechange|Bug|[from] ability: Libero
|-resisted|p2a: Tokoyami
|-crit|p2a: Tokoyami
|-damage|p2a: Tokoyami|38/100 brn
|
|t:|1760453186
|switch|p1a: Corviknight|Corviknight, F|100/100|[from] U-turn
|-ability|p1a: Corviknight|Pressure
|move|p2a: Tokoyami|Body Press|p1a: Corviknight
|-damage|p1a: Corviknight|50/100
|-damage|p2a: Tokoyami|22/100 brn|[from] item: Rocky Helmet|[of] p1a: Corviknight
|
|-damage|p2a: Tokoyami|15/100 brn|[from] brn
|upkeep
|turn|19
|
|t:|1760453198
|move|p2a: Tokoyami|Roost|p2a: Tokoyami
|-heal|p2a: Tokoyami|65/100 brn
|move|p1a: Corviknight|Brave Bird|p2a: Tokoyami
|-supereffective|p2a: Tokoyami
|-damage|p2a: Tokoyami|54/100 brn
|-damage|p1a: Corviknight|46/100|[from] Recoil
|
|-damage|p2a: Tokoyami|48/100 brn|[from] brn
|upkeep
|turn|20
|
|t:|1760453212
|move|p2a: Tokoyami|Body Press|p1a: Corviknight
|-damage|p1a: Corviknight|0 fnt
|-damage|p2a: Tokoyami|32/100 brn|[from] item: Rocky Helmet|[of] p1a: Corviknight
|faint|p1a: Corviknight
|
|-damage|p2a: Tokoyami|25/100 brn|[from] brn
|upkeep
|
|t:|1760453223
|switch|p1a: Dragonite|Dragonite, M|100/100
|turn|21
|
|t:|1760453225
|-terastallize|p1a: Dragonite|Fairy
|move|p1a: Dragonite|Dragon Dance|p1a: Dragonite
|-boost|p1a: Dragonite|atk|1
|-boost|p1a: Dragonite|spe|1
|move|p2a: Tokoyami|Body Press|p1a: Dragonite
|-resisted|p1a: Dragonite
|-damage|p1a: Dragonite|80/100
|
|-damage|p2a: Tokoyami|19/100 brn|[from] brn
|upkeep
|turn|22
|
|t:|1760453233
|move|p1a: Dragonite|Dragon Dance|p1a: Dragonite
|-boost|p1a: Dragonite|atk|1
|-boost|p1a: Dragonite|spe|1
|move|p2a: Tokoyami|Roost|p2a: Tokoyami
|-heal|p2a: Tokoyami|69/100 brn
|
|-damage|p2a: Tokoyami|63/100 brn|[from] brn
|upkeep
|turn|23
|
|t:|1760453240
|move|p1a: Dragonite|Encore|p2a: Tokoyami
|-start|p2a: Tokoyami|Encore
|move|p2a: Tokoyami|Roost|p2a: Tokoyami
|-heal|p2a: Tokoyami|100/100 brn
|
|-damage|p2a: Tokoyami|94/100 brn|[from] brn
|upkeep
|turn|24
|
|t:|1760453265
|switch|p2a: Muscle Mice|Maushold-Four|100/100
|-activate|p2a: Muscle Mice|move: Sticky Web
|-unboost|p2a: Muscle Mice|spe|1
|move|p1a: Dragonite|Dragon Dance|p1a: Dragonite
|-boost|p1a: Dragonite|atk|1
|-boost|p1a: Dragonite|spe|1
|
|upkeep
|turn|25
|
|t:|1760453270
|move|p1a: Dragonite|Tera Blast|p2a: Muscle Mice|[anim] Tera Blast Fairy
|-damage|p2a: Muscle Mice|0 fnt
|faint|p2a: Muscle Mice
|
|upkeep
|
|t:|1760453273
|switch|p2a: جبلطوفان|Rillaboom, M|100/100
|-activate|p2a: جبلطوفان|move: Sticky Web
|-unboost|p2a: جبلطوفان|spe|1
|-fieldstart|move: Grassy Terrain|[from] ability: Grassy Surge|[of] p2a: جبلطوفان
|turn|26
|
|t:|1760453279
|move|p1a: Dragonite|Tera Blast|p2a: جبلطوفان|[anim] Tera Blast Fairy
|-damage|p2a: جبلطوفان|0 fnt
|faint|p2a: جبلطوفان
|
|-heal|p1a: Dragonite|86/100|[from] Grassy Terrain
|upkeep
|-message|StrifePK forfeited.
|
|win|necrohearts
|raw|necrohearts's rating: 1090 &rarr; <strong>1121</strong><br />(+31 for winning)
|raw|StrifePK's rating: 1143 &rarr; <strong>1114</strong><br />(-29 for losing)
|l|☆StrifePK
|player|p2|
