|j|☆nickthil
|j|☆oficial matute
|t:|1760382944
|gametype|singles
|player|p1|nickthil|169|1185
|player|p2|oficial matute|policeman|1161
|gen|9
|tier|[Gen 9] OU
|rated|
|rule|HP Percentage Mod: HP is shown in percentages
|rule|Endless Battle Clause: Forcing endless battles is banned
|rule|Species Clause: Limit one of each Pokémon
|rule|OHKO Clause: OHKO moves are banned
|rule|Evasion Items Clause: Evasion items are banned
|rule|Evasion Moves Clause: Evasion moves are banned
|rule|Evasion Abilities Clause: Evasion abilities are banned
|rule|Sleep Moves Clause: Sleep-inducing moves are banned
|clearpoke
|poke|p1|Cloyster, M|
|poke|p1|Mimikyu, F|
|poke|p1|Corviknight, F|
|poke|p1|Serperior, M|
|poke|p1|Sableye, F|
|poke|p1|Clodsire, M|
|poke|p2|Noivern, F|
|poke|p2|Tropius, M|
|poke|p2|Garchomp, M|
|poke|p2|Hydrapple, F|
|poke|p2|Torterra, M|
|poke|p2|Landorus-Therian, M|
|teampreview
|inactive|Battle timer is ON: inactive players will automatically lose when time's up. (requested by nickthil)
|
|t:|1760382947
|teamsize|p1|6
|teamsize|p2|6
|start
|switch|p1a: Sableye|Sableye, F|100/100
|switch|p2a: 👁👅👁|Noivern, F|100/100
|-item|p1a: Sableye|Choice Specs|[from] ability: Frisk|[of] p2a: 👁👅👁
|turn|1
|
|t:|1760382955
|switch|p2a: 👁👄👁|Hydrapple, F|100/100
|move|p1a: Sableye|Trick|p2a: 👁👄👁
|-activate|p1a: Sableye|move: Trick|[of] p2a: 👁👄👁
|-item|p2a: 👁👄👁|Choice Specs|[from] move: Trick
|-item|p1a: Sableye|Assault Vest|[from] move: Trick
|
|upkeep
|turn|2
|
|t:|1760382975
|switch|p2a: 👁👅👁|Noivern, F|100/100
|-item|p1a: Sableye|Assault Vest|[from] ability: Frisk|[of] p2a: 👁👅👁
|move|p1a: Sableye|Foul Play|p2a: 👁👅👁
|-damage|p2a: 👁👅👁|77/100
|
|upkeep
|turn|3
|
|t:|1760382983
|switch|p1a: Mimikyu|Mimikyu, F|100/100
|move|p2a: 👁👅👁|Switcheroo|p1a: Mimikyu
|-activate|p2a: 👁👅👁|move: Trick|[of] p1a: Mimikyu
|-item|p1a: Mimikyu|Choice Scarf|[from] move: Switcheroo
|-item|p2a: 👁👅👁|Focus Sash|[from] move: Switcheroo
|
|upkeep
|turn|4
|
|t:|1760382992
|move|p1a: Mimikyu|Play Rough|p2a: 👁👅👁
|-supereffective|p2a: 👁👅👁
|-damage|p2a: 👁👅👁|0 fnt
|faint|p2a: 👁👅👁
|
|upkeep
|
|t:|1760382998
|switch|p2a: 👁👃👁|Landorus-Therian, M|100/100
|-ability|p2a: 👁👃👁|Intimidate|boost
|-unboost|p1a: Mimikyu|atk|1
|turn|5
|
|t:|1760383002
|move|p1a: Mimikyu|Play Rough|p2a: 👁👃👁|[miss]
|-miss|p1a: Mimikyu|p2a: 👁👃👁
|move|p2a: 👁👃👁|Stealth Rock|p1a: Mimikyu
|-sidestart|p1: nickthil|move: Stealth Rock
|
|upkeep
|turn|6
|
|t:|1760383008
|switch|p2a: 👁🐽👁|Tropius, M, shiny|100/100
|move|p1a: Mimikyu|Play Rough|p2a: 👁🐽👁
|-damage|p2a: 👁🐽👁|77/100
|
|upkeep
|turn|7
|
|t:|1760383017
|switch|p1a: Cloyster|Cloyster, M|100/100
|-damage|p1a: Cloyster|76/100|[from] Stealth Rock
|-terastallize|p2a: 👁🐽👁|Ghost
|move|p2a: 👁🐽👁|Leech Seed|p1a: Cloyster
|-start|p1a: Cloyster|move: Leech Seed
|
|-damage|p1a: Cloyster|63/100|[from] Leech Seed|[of] p2a: 👁🐽👁
|-heal|p2a: 👁🐽👁|85/100|[silent]
|upkeep
|turn|8
|
|t:|1760383027
|move|p1a: Cloyster|Shell Smash|p1a: Cloyster
|-unboost|p1a: Cloyster|def|1
|-unboost|p1a: Cloyster|spd|1
|-boost|p1a: Cloyster|atk|2
|-boost|p1a: Cloyster|spa|2
|-boost|p1a: Cloyster|spe|2
|move|p2a: 👁🐽👁|Curse|p1a: Cloyster
|-start|p1a: Cloyster|Curse|[of] p2a: 👁🐽👁
|-damage|p2a: 👁🐽👁|35/100
|-enditem|p2a: 👁🐽👁|Sitrus Berry|[eat]
|-heal|p2a: 👁🐽👁|59/100|[from] item: Sitrus Berry
|
|-damage|p1a: Cloyster|51/100|[from] Leech Seed|[of] p2a: 👁🐽👁
|-heal|p2a: 👁🐽👁|67/100|[silent]
|-damage|p1a: Cloyster|26/100|[from] Curse
|upkeep
|turn|9
|
|t:|1760383041
|move|p2a: 👁🐽👁|Protect|p2a: 👁🐽👁
|-singleturn|p2a: 👁🐽👁|Protect
|move|p1a: Cloyster|Icicle Spear|p2a: 👁🐽👁
|-activate|p2a: 👁🐽👁|move: Protect
|
|-damage|p1a: Cloyster|13/100|[from] Leech Seed|[of] p2a: 👁🐽👁
|-heal|p2a: 👁🐽👁|74/100|[silent]
|-damage|p1a: Cloyster|0 fnt|[from] Curse
|faint|p1a: Cloyster
|upkeep
|
|t:|1760383047
|switch|p1a: Sableye|Sableye, F|100/100
|-damage|p1a: Sableye|88/100|[from] Stealth Rock
|turn|10
|-message|nickthil forfeited.
|
|win|oficial matute
|raw|nickthil's rating: 1185 &rarr; <strong>1158</strong><br />(-27 for losing)
|raw|oficial matute's rating: 1161 &rarr; <strong>1188</strong><br />(+27 for winning)
|l|☆nickthil
|player|p1|
|l|☆oficial matute
|player|p2|
