|j|☆alexander-the-best
|j|☆beetlejuggler
|t:|1760366873
|gametype|singles
|player|p1|alexander-the-best|101|1419
|player|p2|beetlejuggler|steven|1362
|gen|9
|tier|[Gen 9] OU
|rated|
|rule|HP Percentage Mod: HP is shown in percentages
|rule|Endless Battle Clause: Forcing endless battles is banned
|rule|Species Clause: Limit one of each Pokémon
|rule|OHKO Clause: OHKO moves are banned
|rule|Evasion Items Clause: Evasion items are banned
|rule|Evasion Moves Clause: Evasion moves are banned
|rule|Evasion Abilities Clause: Evasion abilities are banned
|rule|Sleep Moves Clause: Sleep-inducing moves are banned
|clearpoke
|poke|p1|Magnezone|
|poke|p1|Zamazenta-*|
|poke|p1|Dragonite, M|
|poke|p1|Cresselia, F|
|poke|p1|Great Tusk|
|poke|p1|Zoroark-Hisui, F|
|poke|p2|Kyurem|
|poke|p2|Slowking-Galar, F|
|poke|p2|Great Tusk|
|poke|p2|Meowscarada, F|
|poke|p2|Corviknight, F|
|poke|p2|Darkrai|
|teampreview
|inactive|Battle timer is ON: inactive players will automatically lose when time's up. (requested by beetlejuggler)
|inactive|alexander-the-best has 120 seconds left.
|
|t:|1760366905
|teamsize|p1|6
|teamsize|p2|6
|start
|switch|p1a: Magnezone|Magnezone|100/100
|switch|p2a: Meowscarada|Meowscarada, F|100/100
|turn|1
|
|t:|1760366913
|switch|p1a: Zamazenta|Zamazenta|100/100
|-ability|p1a: Zamazenta|Dauntless Shield|boost
|-boost|p1a: Zamazenta|def|1
|move|p2a: Meowscarada|Knock Off|p1a: Zamazenta
|-start|p2a: Meowscarada|typechange|Dark|[from] ability: Protean
|-resisted|p1a: Zamazenta
|-damage|p1a: Zamazenta|87/100
|-enditem|p1a: Zamazenta|Assault Vest|[from] move: Knock Off|[of] p2a: Meowscarada
|
|upkeep
|turn|2
|
|t:|1760366938
|switch|p2a: Slowking|Slowking-Galar, F|100/100
|move|p1a: Zamazenta|Wild Charge|p2a: Slowking
|-damage|p2a: Slowking|70/100
|-damage|p1a: Zamazenta|78/100|[from] Recoil
|
|upkeep
|turn|3
|
|t:|1760366947
|move|p1a: Zamazenta|Crunch|p2a: Slowking
|-supereffective|p2a: Slowking
|-damage|p2a: Slowking|15/100
|-prepare|p2a: Slowking|Chilly Reception|[premajor]
|move|p2a: Slowking|Chilly Reception|p2a: Slowking
|-weather|Snowscape
|
|t:|1760366964
|switch|p2a: Corviknight|Corviknight, F|100/100|[from] Chilly Reception
|-ability|p2a: Corviknight|Pressure
|
|-weather|Snowscape|[upkeep]
|upkeep
|turn|4
|
|t:|1760366971
|move|p1a: Zamazenta|Wild Charge|p2a: Corviknight
|-supereffective|p2a: Corviknight
|-damage|p2a: Corviknight|67/100
|-damage|p1a: Zamazenta|62/100|[from] item: Rocky Helmet|[of] p2a: Corviknight
|-damage|p1a: Zamazenta|52/100|[from] Recoil
|move|p2a: Corviknight|U-turn|p1a: Zamazenta
|-resisted|p1a: Zamazenta
|-damage|p1a: Zamazenta|48/100
|
|t:|1760366982
|switch|p2a: Meowscarada|Meowscarada, F|100/100|[from] U-turn
|
|-weather|Snowscape|[upkeep]
|upkeep
|turn|5
|
|t:|1760366988
|move|p2a: Meowscarada|Flower Trick|p1a: Zamazenta
|-start|p2a: Meowscarada|typechange|Grass|[from] ability: Protean
|-crit|p1a: Zamazenta
|-damage|p1a: Zamazenta|3/100
|move|p1a: Zamazenta|Close Combat|p2a: Meowscarada
|-damage|p2a: Meowscarada|3/100
|-unboost|p1a: Zamazenta|def|1
|-unboost|p1a: Zamazenta|spd|1
|
|-weather|Snowscape|[upkeep]
|upkeep
|turn|6
|
|t:|1760366994
|move|p2a: Meowscarada|Flower Trick|p1a: Zamazenta
|-crit|p1a: Zamazenta
|-damage|p1a: Zamazenta|0 fnt
|faint|p1a: Zamazenta
|
|-weather|Snowscape|[upkeep]
|upkeep
|
|t:|1760367003
|switch|p1a: Dragonite|Dragonite, M|100/100
|turn|7
|
|t:|1760367009
|switch|p2a: Kyurem|Kyurem|100/100
|-ability|p2a: Kyurem|Pressure
|move|p1a: Dragonite|Dragon Dance|p1a: Dragonite
|-boost|p1a: Dragonite|atk|1
|-boost|p1a: Dragonite|spe|1
|
|-weather|none
|upkeep
|turn|8
|
|t:|1760367014
|-terastallize|p1a: Dragonite|Fairy
|move|p2a: Kyurem|Freeze-Dry|p1a: Dragonite
|-damage|p1a: Dragonite|78/100
|move|p1a: Dragonite|Dragon Dance|p1a: Dragonite
|-boost|p1a: Dragonite|atk|1
|-boost|p1a: Dragonite|spe|1
|
|-heal|p1a: Dragonite|84/100|[from] item: Leftovers
|upkeep
|turn|9
|
|t:|1760367026
|move|p1a: Dragonite|Dragon Claw|p2a: Kyurem
|-supereffective|p2a: Kyurem
|-damage|p2a: Kyurem|0 fnt
|faint|p2a: Kyurem
|
|-heal|p1a: Dragonite|91/100|[from] item: Leftovers
|upkeep
|
|t:|1760367036
|switch|p2a: Corviknight|Corviknight, F|67/100
|-ability|p2a: Corviknight|Pressure
|turn|10
|
|t:|1760367043
|move|p1a: Dragonite|Dragon Claw|p2a: Corviknight
|-resisted|p2a: Corviknight
|-crit|p2a: Corviknight
|-damage|p2a: Corviknight|25/100
|-damage|p1a: Dragonite|74/100|[from] item: Rocky Helmet|[of] p2a: Corviknight
|move|p2a: Corviknight|Brave Bird|p1a: Dragonite
|-damage|p1a: Dragonite|38/100
|-damage|p2a: Corviknight|13/100|[from] Recoil
|
|-heal|p1a: Dragonite|44/100|[from] item: Leftovers
|upkeep
|turn|11
|
|t:|1760367047
|move|p1a: Dragonite|Dragon Claw|p2a: Corviknight
|-resisted|p2a: Corviknight
|-crit|p2a: Corviknight
|-damage|p2a: Corviknight|0 fnt
|-damage|p1a: Dragonite|27/100|[from] item: Rocky Helmet|[of] p2a: Corviknight
|faint|p2a: Corviknight
|
|-heal|p1a: Dragonite|33/100|[from] item: Leftovers
|upkeep
|
|t:|1760367054
|switch|p2a: Great Tusk|Great Tusk|100/100
|turn|12
|
|t:|1760367057
|-terastallize|p2a: Great Tusk|Steel
|move|p1a: Dragonite|Dragon Claw|p2a: Great Tusk
|-resisted|p2a: Great Tusk
|-damage|p2a: Great Tusk|66/100
|move|p2a: Great Tusk|Headlong Rush|p1a: Dragonite
|-damage|p1a: Dragonite|0 fnt
|-unboost|p2a: Great Tusk|def|1
|-unboost|p2a: Great Tusk|spd|1
|faint|p1a: Dragonite
|
|upkeep
|
|t:|1760367068
|switch|p1a: Great Tusk|Great Tusk|100/100
|turn|13
|
|t:|1760367078
|-end|p2a: Great Tusk|Protosynthesis|[silent]
|switch|p2a: Meowscarada|Meowscarada, F|3/100
|move|p1a: Great Tusk|Focus Blast|p2a: Meowscarada|[miss]
|-miss|p1a: Great Tusk|p2a: Meowscarada
|
|upkeep
|turn|14
|
|t:|1760367089
|move|p2a: Meowscarada|Knock Off|p1a: Great Tusk
|-start|p2a: Meowscarada|typechange|Dark|[from] ability: Protean
|-supereffective|p1a: Great Tusk
|-damage|p1a: Great Tusk|0 fnt
|replace|p1a: Zoroark|Zoroark-Hisui, F
|-end|p1a: Zoroark|Illusion
|-enditem|p1a: Zoroark|Choice Specs|[from] move: Knock Off|[of] p2a: Meowscarada
|faint|p1a: Zoroark
|
|upkeep
|
|t:|1760367093
|switch|p1a: Great Tusk|Great Tusk|100/100
|turn|15
|
|t:|1760367107
|switch|p2a: Great Tusk|Great Tusk, tera:Steel|66/100
|move|p1a: Great Tusk|Stealth Rock|p2a: Great Tusk
|-sidestart|p2: beetlejuggler|move: Stealth Rock
|
|upkeep
|turn|16
|
|t:|1760367112
|move|p2a: Great Tusk|Rapid Spin|p1a: Great Tusk
|-damage|p1a: Great Tusk|92/100
|-boost|p2a: Great Tusk|spe|1
|-damage|p2a: Great Tusk|49/100|[from] item: Rocky Helmet|[of] p1a: Great Tusk
|-sideend|p2: beetlejuggler|Stealth Rock|[from] move: Rapid Spin|[of] p2a: Great Tusk
|move|p1a: Great Tusk|Earthquake|p2a: Great Tusk
|-supereffective|p2a: Great Tusk
|-damage|p2a: Great Tusk|0 fnt
|faint|p2a: Great Tusk
|-end|p2a: Great Tusk|Protosynthesis|[silent]
|
|upkeep
|
|t:|1760367119
|switch|p2a: Meowscarada|Meowscarada, F|3/100
|turn|17
|
|t:|1760367126
|-end|p1a: Great Tusk|Protosynthesis|[silent]
|switch|p1a: Magnezone|Magnezone|100/100
|move|p2a: Meowscarada|U-turn|p1a: Magnezone
|-start|p2a: Meowscarada|typechange|Bug|[from] ability: Protean
|-resisted|p1a: Magnezone
|-damage|p1a: Magnezone|84/100
|
|t:|1760367134
|switch|p2a: Darkrai|Darkrai|100/100|[from] U-turn
|
|upkeep
|turn|18
|
|t:|1760367139
|move|p2a: Darkrai|Nasty Plot|p2a: Darkrai
|-boost|p2a: Darkrai|spa|2
|move|p1a: Magnezone|Thunderbolt|p2a: Darkrai
|-damage|p2a: Darkrai|35/100
|
|-heal|p2a: Darkrai|41/100|[from] item: Leftovers
|upkeep
|turn|19
|
|t:|1760367142
|move|p2a: Darkrai|Dark Pulse|p1a: Magnezone
|-damage|p1a: Magnezone|0 fnt
|faint|p1a: Magnezone
|
|-heal|p2a: Darkrai|47/100|[from] item: Leftovers
|upkeep
|
|t:|1760367145
|switch|p1a: Great Tusk|Great Tusk|92/100
|turn|20
|
|t:|1760367148
|move|p2a: Darkrai|Ice Beam|p1a: Great Tusk
|-supereffective|p1a: Great Tusk
|-damage|p1a: Great Tusk|0 fnt
|faint|p1a: Great Tusk
|-end|p1a: Great Tusk|Protosynthesis|[silent]
|
|-heal|p2a: Darkrai|53/100|[from] item: Leftovers
|upkeep
|
|t:|1760367151
|switch|p1a: Cresselia|Cresselia, F, shiny|100/100
|turn|21
|
|t:|1760367153
|move|p2a: Darkrai|Dark Pulse|p1a: Cresselia
|-supereffective|p1a: Cresselia
|-damage|p1a: Cresselia|0 fnt
|faint|p1a: Cresselia
|
|win|beetlejuggler
|raw|alexander-the-best's rating: 1419 &rarr; <strong>1396</strong><br />(-23 for losing)
|raw|beetlejuggler's rating: 1362 &rarr; <strong>1385</strong><br />(+23 for winning)
|l|☆alexander-the-best
|player|p1|
