|j|☆Durr plant100
|j|☆fadingstrawberry
|t:|1760332910
|gametype|singles
|player|p1|Durr plant100|ultraforestkartenvoy|1510
|player|p2|fadingstrawberry|2|1547
|gen|9
|tier|[Gen 9] OU
|rated|
|rule|HP Percentage Mod: HP is shown in percentages
|rule|Endless Battle Clause: Forcing endless battles is banned
|rule|Species Clause: Limit one of each Pokémon
|rule|OHKO Clause: OHKO moves are banned
|rule|Evasion Items Clause: Evasion items are banned
|rule|Evasion Moves Clause: Evasion moves are banned
|rule|Evasion Abilities Clause: Evasion abilities are banned
|rule|Sleep Moves Clause: Sleep-inducing moves are banned
|clearpoke
|poke|p1|Hydrapple, M|
|poke|p1|Arcanine-Hisui, F|
|poke|p1|Slowking, M|
|poke|p1|Scizor, M|
|poke|p1|Tinkaton, F|
|poke|p1|Latios, M|
|poke|p2|Iron Crown|
|poke|p2|Raging Bolt|
|poke|p2|Kingambit, F|
|poke|p2|Latios, M|
|poke|p2|Zapdos-Galar|
|poke|p2|Ribombee, M|
|teampreview
|inactive|Battle timer is ON: inactive players will automatically lose when time's up. (requested by Durr plant100)
|
|t:|1760332921
|teamsize|p1|6
|teamsize|p2|6
|start
|switch|p1a: Mark of Pride|Scizor, M|100/100
|switch|p2a: Zapdos|Zapdos-Galar|100/100
|turn|1
|
|t:|1760332931
|move|p1a: Mark of Pride|Bullet Punch|p2a: Zapdos
|-damage|p2a: Zapdos|62/100
|move|p2a: Zapdos|Brave Bird|p1a: Mark of Pride
|-damage|p1a: Mark of Pride|35/100
|-damage|p2a: Zapdos|39/100|[from] Recoil
|
|upkeep
|turn|2
|
|t:|1760332940
|switch|p2a: Iron Crown|Iron Crown|100/100
|move|p1a: Mark of Pride|Bullet Punch|p2a: Iron Crown
|-resisted|p2a: Iron Crown
|-damage|p2a: Iron Crown|81/100
|
|upkeep
|turn|3
|
|t:|1760332946
|switch|p1a: Lifeblood Core|Slowking, M|100/100
|move|p2a: Iron Crown|Volt Switch|p1a: Lifeblood Core
|-supereffective|p1a: Lifeblood Core
|-damage|p1a: Lifeblood Core|59/100
|
|t:|1760332949
|-end|p2a: Iron Crown|Quark Drive|[silent]
|switch|p2a: Raging Bolt|Raging Bolt|100/100|[from] Volt Switch
|
|upkeep
|turn|4
|
|t:|1760332955
|move|p2a: Raging Bolt|Volt Switch|p1a: Lifeblood Core
|-supereffective|p1a: Lifeblood Core
|-damage|p1a: Lifeblood Core|12/100
|
|t:|1760332958
|-end|p2a: Raging Bolt|Protosynthesis|[silent]
|switch|p2a: Iron Crown|Iron Crown|81/100|[from] Volt Switch
|-prepare|p1a: Lifeblood Core|Chilly Reception|[premajor]
|move|p1a: Lifeblood Core|Chilly Reception|p1a: Lifeblood Core
|-weather|Snowscape
|
|t:|1760332980
|switch|p1a: Shaman Stone|Latios, M|100/100|[from] Chilly Reception
|
|-weather|Snowscape|[upkeep]
|upkeep
|turn|5
|
|t:|1760332985
|move|p1a: Shaman Stone|Flip Turn|p2a: Iron Crown
|-damage|p2a: Iron Crown|68/100
|
|t:|1760332988
|switch|p1a: Lifeblood Core|Slowking, M|45/100|[from] Flip Turn
|move|p2a: Iron Crown|Tachyon Cutter|p1a: Lifeblood Core
|-resisted|p1a: Lifeblood Core
|-damage|p1a: Lifeblood Core|33/100
|-resisted|p1a: Lifeblood Core
|-damage|p1a: Lifeblood Core|23/100
|-hitcount|p1a: Lifeblood Core|2
|
|-weather|Snowscape|[upkeep]
|upkeep
|turn|6
|
|t:|1760333005
|switch|p1a: Grubsong|Hydrapple, M|100/100
|move|p2a: Iron Crown|Tachyon Cutter|p1a: Grubsong
|-damage|p1a: Grubsong|63/100
|-damage|p1a: Grubsong|25/100
|-hitcount|p1a: Grubsong|2
|
|-weather|Snowscape|[upkeep]
|upkeep
|turn|7
|
|t:|1760333011
|switch|p1a: Lifeblood Core|Slowking, M|56/100
|move|p2a: Iron Crown|Tachyon Cutter|p1a: Lifeblood Core
|-resisted|p1a: Lifeblood Core
|-damage|p1a: Lifeblood Core|45/100
|-resisted|p1a: Lifeblood Core
|-damage|p1a: Lifeblood Core|34/100
|-hitcount|p1a: Lifeblood Core|2
|
|-weather|Snowscape|[upkeep]
|upkeep
|turn|8
|
|t:|1760333017
|move|p2a: Iron Crown|Tachyon Cutter|p1a: Lifeblood Core
|-resisted|p1a: Lifeblood Core
|-damage|p1a: Lifeblood Core|22/100
|-resisted|p1a: Lifeblood Core
|-damage|p1a: Lifeblood Core|12/100
|-hitcount|p1a: Lifeblood Core|2
|move|p1a: Lifeblood Core|Future Sight|p2a: Iron Crown
|-start|p1a: Lifeblood Core|move: Future Sight
|
|-weather|none
|upkeep
|turn|9
|
|t:|1760333024
|switch|p1a: Shaman Stone|Latios, M|100/100
|move|p2a: Iron Crown|Tachyon Cutter|p1a: Shaman Stone
|-damage|p1a: Shaman Stone|59/100
|-damage|p1a: Shaman Stone|22/100
|-hitcount|p1a: Shaman Stone|2
|
|upkeep
|turn|10
|
|t:|1760333027
|move|p1a: Shaman Stone|Flip Turn|p2a: Iron Crown
|-damage|p2a: Iron Crown|56/100
|
|t:|1760333033
|switch|p1a: Lifeblood Core|Slowking, M|45/100|[from] Flip Turn
|move|p2a: Iron Crown|Tachyon Cutter|p1a: Lifeblood Core
|-resisted|p1a: Lifeblood Core
|-damage|p1a: Lifeblood Core|34/100
|-resisted|p1a: Lifeblood Core
|-damage|p1a: Lifeblood Core|23/100
|-hitcount|p1a: Lifeblood Core|2
|
|-end|p2a: Iron Crown|move: Future Sight
|-resisted|p2a: Iron Crown
|-damage|p2a: Iron Crown|46/100
|upkeep
|turn|11
|
|t:|1760333045
|move|p2a: Iron Crown|Tachyon Cutter|p1a: Lifeblood Core
|-resisted|p1a: Lifeblood Core
|-damage|p1a: Lifeblood Core|13/100
|-resisted|p1a: Lifeblood Core
|-damage|p1a: Lifeblood Core|3/100
|-hitcount|p1a: Lifeblood Core|2
|-prepare|p1a: Lifeblood Core|Chilly Reception|[premajor]
|move|p1a: Lifeblood Core|Chilly Reception|p1a: Lifeblood Core
|-weather|Snowscape
|
|t:|1760333052
|switch|p1a: Fragile Strength|Arcanine-Hisui, F|100/100|[from] Chilly Reception
|
|-weather|Snowscape|[upkeep]
|upkeep
|turn|12
|
|t:|1760333059
|-end|p2a: Iron Crown|Quark Drive|[silent]
|switch|p2a: Kingambit|Kingambit, F|100/100
|-terastallize|p1a: Fragile Strength|Normal
|move|p1a: Fragile Strength|Flame Charge|p2a: Kingambit
|-supereffective|p2a: Kingambit
|-damage|p2a: Kingambit|30/100
|-boost|p1a: Fragile Strength|spe|1
|
|-weather|Snowscape|[upkeep]
|-heal|p2a: Kingambit|36/100|[from] item: Leftovers
|upkeep
|turn|13
|
|t:|1760333070
|move|p1a: Fragile Strength|Flame Charge|p2a: Kingambit
|-supereffective|p2a: Kingambit
|-damage|p2a: Kingambit|0 fnt
|-boost|p1a: Fragile Strength|spe|1
|faint|p2a: Kingambit
|-end|p2a: Kingambit|fallenundefined|[silent]
|
|-weather|Snowscape|[upkeep]
|upkeep
|
|t:|1760333075
|switch|p2a: Ribombee|Ribombee, M|100/100
|turn|14
|
|t:|1760333086
|switch|p1a: Mark of Pride|Scizor, M|35/100
|move|p2a: Ribombee|Sticky Web|p1a: Mark of Pride
|-sidestart|p1: Durr plant100|move: Sticky Web
|
|-weather|Snowscape|[upkeep]
|upkeep
|turn|15
|
|t:|1760333095
|switch|p2a: Raging Bolt|Raging Bolt|100/100
|move|p1a: Mark of Pride|Bullet Punch|p2a: Raging Bolt
|-resisted|p2a: Raging Bolt
|-damage|p2a: Raging Bolt|85/100
|
|-weather|none
|upkeep
|turn|16
|
|t:|1760333100
|switch|p1a: Heavy Blow|Tinkaton, F|100/100
|-ability|p1a: Heavy Blow|Mold Breaker
|-item|p1a: Heavy Blow|Air Balloon
|move|p2a: Raging Bolt|Thunderbolt|p1a: Heavy Blow
|-damage|p1a: Heavy Blow|58/100
|-enditem|p1a: Heavy Blow|Air Balloon
|
|upkeep
|turn|17
|
|t:|1760333109
|move|p1a: Heavy Blow|Stealth Rock|p2a: Raging Bolt
|-sidestart|p2: fadingstrawberry|move: Stealth Rock
|move|p2a: Raging Bolt|Thunderbolt|p1a: Heavy Blow
|-damage|p1a: Heavy Blow|15/100
|
|upkeep
|turn|18
|
|t:|1760333116
|move|p1a: Heavy Blow|Encore|p2a: Raging Bolt
|-start|p2a: Raging Bolt|Encore
|move|p2a: Raging Bolt|Thunderbolt|p1a: Heavy Blow
|-damage|p1a: Heavy Blow|0 fnt
|faint|p1a: Heavy Blow
|
|upkeep
|
|t:|1760333128
|switch|p1a: Shaman Stone|Latios, M|22/100
|turn|19
|
|t:|1760333134
|-end|p2a: Raging Bolt|Protosynthesis|[silent]
|switch|p2a: Ribombee|Ribombee, M|100/100
|-damage|p2a: Ribombee|76/100|[from] Stealth Rock
|move|p1a: Shaman Stone|Flip Turn|p2a: Ribombee
|-damage|p2a: Ribombee|52/100
|
|t:|1760333138
|switch|p1a: Mark of Pride|Scizor, M|35/100|[from] Flip Turn
|
|upkeep
|turn|20
|
|t:|1760333144
|move|p2a: Ribombee|Moonblast|p1a: Mark of Pride
|-resisted|p1a: Mark of Pride
|-damage|p1a: Mark of Pride|10/100
|move|p1a: Mark of Pride|Defog|p2a: Ribombee
|-unboost|p2a: Ribombee|evasion|1
|-sideend|p2: fadingstrawberry|Stealth Rock|[from] move: Defog|[of] p1a: Mark of Pride
|-sideend|p1: Durr plant100|Sticky Web|[from] move: Defog|[of] p1a: Mark of Pride
|
|upkeep
|turn|21
|
|t:|1760333150
|switch|p2a: Raging Bolt|Raging Bolt|85/100
|move|p1a: Mark of Pride|Bullet Punch|p2a: Raging Bolt
|-resisted|p2a: Raging Bolt
|-damage|p2a: Raging Bolt|68/100
|
|upkeep
|turn|22
|
|t:|1760333157
|move|p2a: Raging Bolt|Volt Switch|p1a: Mark of Pride
|-damage|p1a: Mark of Pride|0 fnt
|faint|p1a: Mark of Pride
|
|t:|1760333161
|-end|p2a: Raging Bolt|Protosynthesis|[silent]
|switch|p2a: Ribombee|Ribombee, M|52/100|[from] Volt Switch
|
|upkeep
|
|t:|1760333167
|switch|p1a: Fragile Strength|Arcanine-Hisui, F, tera:Normal|100/100
|turn|23
|
|t:|1760333172
|-terastallize|p2a: Ribombee|Ghost
|move|p1a: Fragile Strength|Extreme Speed|p2a: Ribombee
|-immune|p2a: Ribombee
|move|p2a: Ribombee|Sticky Web|p1a: Fragile Strength
|-sidestart|p1: Durr plant100|move: Sticky Web
|
|upkeep
|turn|24
|
|t:|1760333178
|switch|p1a: Lifeblood Core|Slowking, M|36/100
|move|p2a: Ribombee|Moonblast|p1a: Lifeblood Core
|-damage|p1a: Lifeblood Core|12/100
|
|upkeep
|turn|25
|
|t:|1760333188
|switch|p1a: Fragile Strength|Arcanine-Hisui, F, tera:Normal|100/100
|-activate|p1a: Fragile Strength|move: Sticky Web
|-unboost|p1a: Fragile Strength|spe|1
|move|p2a: Ribombee|Moonblast|p1a: Fragile Strength
|-damage|p1a: Fragile Strength|48/100
|-unboost|p1a: Fragile Strength|spa|1
|
|upkeep
|turn|26
|-message|Durr plant100 forfeited.
|
|win|fadingstrawberry
|raw|Durr plant100's rating: 1510 &rarr; <strong>1492</strong><br />(-18 for losing)
|raw|fadingstrawberry's rating: 1547 &rarr; <strong>1565</strong><br />(+18 for winning)
|l|☆Durr plant100
|player|p1|
