|j|☆willhigh
|j|☆burritobrown
|inactive|Battle timer is ON: inactive players will automatically lose when time's up.
|t:|1760389719
|gametype|singles
|player|p1|willhigh|170|
|player|p2|burritobrown|steven-gen6|
|gen|9
|tier|[Gen 9] OU
|rated|Tournament battle
|rule|HP Percentage Mod: HP is shown in percentages
|rule|Endless Battle Clause: Forcing endless battles is banned
|rule|Species Clause: Limit one of each Pokémon
|rule|OHKO Clause: OHKO moves are banned
|rule|Evasion Items Clause: Evasion items are banned
|rule|Evasion Moves Clause: Evasion moves are banned
|rule|Evasion Abilities Clause: Evasion abilities are banned
|rule|Sleep Moves Clause: Sleep-inducing moves are banned
|raw|<div class="infobox"><details class="readmore"><summary><strong>15 custom rules:</strong></summary> -burmy, -caterpie, -combee, -kricketot, -magikarp, -scatterbug, -sunkern, -tynamo, -typenull, -weedle, -wurmple, -cosmog, -blipbug, -snom, -wynaut</details></div>
|clearpoke
|poke|p1|Cetitan, M|
|poke|p1|Feraligatr, F|
|poke|p1|Toxicroak, M|
|poke|p1|Hydreigon, M|
|poke|p2|Snorlax, F|
|poke|p2|Scorbunny, F|
|poke|p2|Tyranitar, F|
|poke|p2|Honchkrow, F|
|teampreview
|j|*Lady Monita ☀
|inactive|burritobrown also wants the timer to be on.
|c|☆burritobrown|glhf
|c|☆willhigh|u2
|
|t:|1760389735
|teamsize|p1|4
|teamsize|p2|4
|start
|switch|p1a: Toxicroak|Toxicroak, M|100/100
|switch|p2a: Scorbunny|Scorbunny, F|100/100
|turn|1
|
|t:|1760389745
|move|p1a: Toxicroak|Fake Out|p2a: Scorbunny
|-damage|p2a: Scorbunny|52/100
|-damage|p1a: Toxicroak|90/100|[from] item: Life Orb
|cant|p2a: Scorbunny|flinch
|
|upkeep
|turn|2
|
|t:|1760389753
|move|p2a: Scorbunny|Flare Blitz|p1a: Toxicroak
|-damage|p1a: Toxicroak|30/100
|-damage|p2a: Scorbunny|22/100|[from] Recoil
|move|p1a: Toxicroak|Close Combat|p2a: Scorbunny
|-damage|p2a: Scorbunny|0 fnt
|-unboost|p1a: Toxicroak|def|1
|-unboost|p1a: Toxicroak|spd|1
|faint|p2a: Scorbunny
|-damage|p1a: Toxicroak|20/100|[from] item: Life Orb
|
|upkeep
|
|t:|1760389767
|switch|p2a: Honchkrow|Honchkrow, F|100/100
|turn|3
|
|t:|1760389775
|move|p1a: Toxicroak|Thunder Punch|p2a: Honchkrow
|-supereffective|p2a: Honchkrow
|-damage|p2a: Honchkrow|7/100
|-damage|p1a: Toxicroak|10/100|[from] item: Life Orb
|move|p2a: Honchkrow|Brave Bird|p1a: Toxicroak
|-supereffective|p1a: Toxicroak
|-crit|p1a: Toxicroak
|-damage|p1a: Toxicroak|0 fnt
|faint|p1a: Toxicroak
|-ability|p2a: Honchkrow|Moxie|boost
|-boost|p2a: Honchkrow|atk|1
|-damage|p2a: Honchkrow|4/100|[from] Recoil
|
|upkeep
|
|t:|1760389795
|switch|p1a: Hydreigon|Hydreigon, M|100/100
|turn|4
|
|t:|1760389802
|move|p1a: Hydreigon|Dark Pulse|p2a: Honchkrow
|-resisted|p2a: Honchkrow
|-damage|p2a: Honchkrow|0 fnt
|faint|p2a: Honchkrow
|
|upkeep
|
|t:|1760389807
|switch|p2a: Tyranitar|Tyranitar, F|100/100
|-weather|Sandstorm|[from] ability: Sand Stream|[of] p2a: Tyranitar
|turn|5
|
|t:|1760389814
|switch|p1a: Cetitan|Cetitan, M|100/100
|move|p2a: Tyranitar|Ice Beam|p1a: Cetitan
|-resisted|p1a: Cetitan
|-damage|p1a: Cetitan|94/100
|
|-weather|Sandstorm|[upkeep]
|-damage|p1a: Cetitan|88/100|[from] Sandstorm
|upkeep
|turn|6
|j| moreorlessdead
|
|t:|1760389824
|-terastallize|p1a: Cetitan|Ground
|move|p1a: Cetitan|Earthquake|p2a: Tyranitar
|-supereffective|p2a: Tyranitar
|-damage|p2a: Tyranitar|32/100
|move|p2a: Tyranitar|Stone Edge|p1a: Cetitan
|-resisted|p1a: Cetitan
|-damage|p1a: Cetitan|68/100
|
|-weather|Sandstorm|[upkeep]
|upkeep
|turn|7
|
|t:|1760389832
|switch|p2a: Snorlax|Snorlax, F|100/100
|move|p1a: Cetitan|Earthquake|p2a: Snorlax
|-damage|p2a: Snorlax|54/100
|
|-weather|Sandstorm|[upkeep]
|-damage|p2a: Snorlax|48/100|[from] Sandstorm
|-heal|p2a: Snorlax|54/100|[from] item: Leftovers
|upkeep
|turn|8
|
|t:|1760389837
|move|p1a: Cetitan|Earthquake|p2a: Snorlax
|-damage|p2a: Snorlax|10/100
|move|p2a: Snorlax|Rest|p2a: Snorlax
|-status|p2a: Snorlax|slp|[from] move: Rest
|-heal|p2a: Snorlax|100/100 slp|[silent]
|
|-weather|Sandstorm|[upkeep]
|-damage|p2a: Snorlax|94/100 slp|[from] Sandstorm
|-heal|p2a: Snorlax|100/100 slp|[from] item: Leftovers
|upkeep
|turn|9
|
|t:|1760389840
|move|p1a: Cetitan|Earthquake|p2a: Snorlax
|-damage|p2a: Snorlax|52/100 slp
|cant|p2a: Snorlax|slp
|move|p2a: Snorlax|Sleep Talk|p2a: Snorlax
|move|p2a: Snorlax|Body Slam|p1a: Cetitan|[from] move: Sleep Talk
|-damage|p1a: Cetitan|39/100
|
|-weather|none
|-heal|p2a: Snorlax|59/100 slp|[from] item: Leftovers
|upkeep
|turn|10
|
|t:|1760389844
|move|p1a: Cetitan|Earthquake|p2a: Snorlax
|-damage|p2a: Snorlax|13/100 slp
|cant|p2a: Snorlax|slp
|move|p2a: Snorlax|Sleep Talk|p2a: Snorlax
|move|p2a: Snorlax|Curse|p2a: Snorlax|[from] move: Sleep Talk
|-unboost|p2a: Snorlax|spe|1
|-boost|p2a: Snorlax|atk|1
|-boost|p2a: Snorlax|def|1
|
|-heal|p2a: Snorlax|19/100 slp|[from] item: Leftovers
|upkeep
|turn|11
|
|t:|1760389849
|move|p1a: Cetitan|Earthquake|p2a: Snorlax
|-damage|p2a: Snorlax|0 fnt
|faint|p2a: Snorlax
|
|upkeep
|
|t:|1760389852
|switch|p2a: Tyranitar|Tyranitar, F|32/100
|-weather|Sandstorm|[from] ability: Sand Stream|[of] p2a: Tyranitar
|turn|12
|
|t:|1760389857
|-terastallize|p2a: Tyranitar|Grass
|move|p1a: Cetitan|Earthquake|p2a: Tyranitar
|-resisted|p2a: Tyranitar
|-damage|p2a: Tyranitar|13/100
|move|p2a: Tyranitar|Ice Beam|p1a: Cetitan
|-supereffective|p1a: Cetitan
|-damage|p1a: Cetitan|10/100
|
|-weather|Sandstorm|[upkeep]
|-damage|p2a: Tyranitar|7/100|[from] Sandstorm
|upkeep
|turn|13
|c|☆willhigh|gg
|-message|burritobrown forfeited.
|
|win|willhigh
|n|☆willhigh|willhigh
|n|☆burritobrown|burritobrown
|n|*Lady Monita ☀|ladymonita
|n| moreorlessdead|moreorlessdead
