|j|☆terrabits
|j|☆snowclaw2
|t:|1760333503
|gametype|singles
|player|p1|terrabits|ghetsis|1126
|player|p2|snowclaw2|rosa|1153
|gen|9
|tier|[Gen 9] OU
|rated|
|rule|HP Percentage Mod: HP is shown in percentages
|rule|Endless Battle Clause: Forcing endless battles is banned
|rule|Species Clause: Limit one of each Pokémon
|rule|OHKO Clause: OHKO moves are banned
|rule|Evasion Items Clause: Evasion items are banned
|rule|Evasion Moves Clause: Evasion moves are banned
|rule|Evasion Abilities Clause: Evasion abilities are banned
|rule|Sleep Moves Clause: Sleep-inducing moves are banned
|clearpoke
|poke|p1|Toxapex, M|
|poke|p1|Salamence, F|
|poke|p1|Quagsire, F|
|poke|p1|Ribombee, F|
|poke|p1|Froslass, F|
|poke|p1|Cinderace, F|
|poke|p2|Kyurem|
|poke|p2|Corviknight, F|
|poke|p2|Cinderace, M|
|poke|p2|Slowking-Galar, M|
|poke|p2|Kingambit, F|
|poke|p2|Dondozo, F|
|teampreview
|inactive|Battle timer is ON: inactive players will automatically lose when time's up. (requested by snowclaw2)
|
|t:|1760333529
|teamsize|p1|6
|teamsize|p2|6
|start
|switch|p1a: Toxapex|Toxapex, M, shiny|100/100
|switch|p2a: Slowking|Slowking-Galar, M|100/100
|turn|1
|
|t:|1760333537
|switch|p1a: Quagsire|Quagsire, F|100/100
|move|p2a: Slowking|Future Sight|p1a: Quagsire
|-start|p2a: Slowking|move: Future Sight
|
|upkeep
|turn|2
|
|t:|1760333545
|move|p1a: Quagsire|Earthquake|p2a: Slowking
|-supereffective|p2a: Slowking
|-damage|p2a: Slowking|15/100
|move|p2a: Slowking|Psychic Noise|p1a: Quagsire
|-damage|p1a: Quagsire|52/100
|-start|p1a: Quagsire|move: Heal Block
|
|-heal|p2a: Slowking|21/100|[from] item: Leftovers
|upkeep
|turn|3
|
|t:|1760333558
|switch|p2a: Corviknight|Corviknight, F|100/100
|move|p1a: Quagsire|Chilling Water|p2a: Corviknight
|-damage|p2a: Corviknight|90/100
|-ability|p2a: Corviknight|Mirror Armor
|-unboost|p1a: Quagsire|atk|1
|
|-end|p1a: Quagsire|move: Future Sight
|-damage|p1a: Quagsire|0 fnt
|faint|p1a: Quagsire
|-heal|p2a: Corviknight|96/100|[from] item: Leftovers
|upkeep
|
|t:|1760333568
|switch|p1a: Cinderace|Cinderace, F|100/100
|turn|4
|
|t:|1760333571
|switch|p2a: Dondozo|Dondozo, F|100/100
|move|p1a: Cinderace|Pyro Ball|p2a: Dondozo
|-resisted|p2a: Dondozo
|-crit|p2a: Dondozo
|-damage|p2a: Dondozo|81/100
|
|-heal|p2a: Dondozo|87/100|[from] item: Leftovers
|upkeep
|turn|5
|
|t:|1760333577
|move|p1a: Cinderace|U-turn|p2a: Dondozo
|-start|p1a: Cinderace|typechange|Bug|[from] ability: Libero
|-damage|p2a: Dondozo|71/100
|
|t:|1760333585
|switch|p1a: Toxapex|Toxapex, M, shiny|100/100|[from] U-turn
|move|p2a: Dondozo|Curse|p2a: Dondozo
|-unboost|p2a: Dondozo|spe|1
|-boost|p2a: Dondozo|atk|1
|-boost|p2a: Dondozo|def|1
|
|-heal|p2a: Dondozo|77/100|[from] item: Leftovers
|upkeep
|turn|6
|
|t:|1760333592
|move|p1a: Toxapex|Toxic|p2a: Dondozo
|-status|p2a: Dondozo|tox
|move|p2a: Dondozo|Curse|p2a: Dondozo
|-unboost|p2a: Dondozo|spe|1
|-boost|p2a: Dondozo|atk|1
|-boost|p2a: Dondozo|def|1
|
|-heal|p2a: Dondozo|84/100 tox|[from] item: Leftovers
|-damage|p2a: Dondozo|77/100 tox|[from] psn
|upkeep
|turn|7
|
|t:|1760333597
|move|p1a: Toxapex|Haze|p1a: Toxapex
|-clearallboost
|move|p2a: Dondozo|Curse|p2a: Dondozo
|-unboost|p2a: Dondozo|spe|1
|-boost|p2a: Dondozo|atk|1
|-boost|p2a: Dondozo|def|1
|
|-heal|p2a: Dondozo|84/100 tox|[from] item: Leftovers
|-damage|p2a: Dondozo|71/100 tox|[from] psn
|upkeep
|turn|8
|
|t:|1760333603
|move|p1a: Toxapex|Icy Wind|p2a: Dondozo
|-resisted|p2a: Dondozo
|-damage|p2a: Dondozo|68/100 tox
|-unboost|p2a: Dondozo|spe|1
|move|p2a: Dondozo|Rest|p2a: Dondozo
|-status|p2a: Dondozo|slp|[from] move: Rest
|-heal|p2a: Dondozo|100/100 slp|[silent]
|
|upkeep
|turn|9
|
|t:|1760333611
|move|p1a: Toxapex|Haze|p1a: Toxapex
|-clearallboost
|cant|p2a: Dondozo|slp
|move|p2a: Dondozo|Sleep Talk|p2a: Dondozo
|move|p2a: Dondozo|Rest||[from] move: Sleep Talk|[still]
|-fail|p2a: Dondozo
|
|upkeep
|turn|10
|
|t:|1760333625
|switch|p1a: Ribombee|Ribombee, F, shiny|100/100
|cant|p2a: Dondozo|slp
|
|upkeep
|turn|11
|
|t:|1760333631
|move|p1a: Ribombee|Quiver Dance|p1a: Ribombee
|-boost|p1a: Ribombee|spa|1
|-boost|p1a: Ribombee|spd|1
|-boost|p1a: Ribombee|spe|1
|-curestatus|p2a: Dondozo|slp|[msg]
|move|p2a: Dondozo|Wave Crash|p1a: Ribombee
|-damage|p1a: Ribombee|14/100
|-damage|p2a: Dondozo|86/100|[from] Recoil
|
|-heal|p2a: Dondozo|92/100|[from] item: Leftovers
|upkeep
|turn|12
|
|t:|1760333637
|move|p1a: Ribombee|Sticky Web|p2a: Dondozo
|-sidestart|p2: snowclaw2|move: Sticky Web
|move|p2a: Dondozo|Wave Crash|p1a: Ribombee
|-damage|p1a: Ribombee|0 fnt
|faint|p1a: Ribombee
|-damage|p2a: Dondozo|90/100|[from] Recoil
|
|-heal|p2a: Dondozo|96/100|[from] item: Leftovers
|upkeep
|
|t:|1760333642
|switch|p1a: Salamence|Salamence, F, shiny|100/100
|-ability|p1a: Salamence|Intimidate|boost
|-unboost|p2a: Dondozo|atk|1
|turn|13
|
|t:|1760333653
|switch|p2a: Corviknight|Corviknight, F|96/100
|move|p1a: Salamence|Dragon Dance|p1a: Salamence
|-boost|p1a: Salamence|atk|1
|-boost|p1a: Salamence|spe|1
|
|-heal|p2a: Corviknight|100/100|[from] item: Leftovers
|upkeep
|turn|14
|
|t:|1760333664
|switch|p1a: Cinderace|Cinderace, F|100/100
|move|p2a: Corviknight|Defog|p1a: Cinderace
|-unboost|p1a: Cinderace|evasion|1
|-sideend|p2: snowclaw2|Sticky Web|[from] move: Defog|[of] p2a: Corviknight
|
|upkeep
|turn|15
|
|t:|1760333668
|switch|p2a: Dondozo|Dondozo, F|96/100
|move|p1a: Cinderace|Pyro Ball|p2a: Dondozo
|-resisted|p2a: Dondozo
|-crit|p2a: Dondozo
|-damage|p2a: Dondozo|76/100
|
|-heal|p2a: Dondozo|82/100|[from] item: Leftovers
|upkeep
|turn|16
|
|t:|1760333675
|switch|p2a: Kyurem|Kyurem|100/100
|-ability|p2a: Kyurem|Pressure
|move|p1a: Cinderace|U-turn|p2a: Kyurem
|-start|p1a: Cinderace|typechange|Bug|[from] ability: Libero
|-crit|p2a: Kyurem
|-damage|p2a: Kyurem|56/100
|
|t:|1760333687
|switch|p1a: Salamence|Salamence, F, shiny|100/100|[from] U-turn
|-ability|p1a: Salamence|Intimidate|boost
|-unboost|p2a: Kyurem|atk|1
|
|upkeep
|turn|17
|
|t:|1760333694
|move|p1a: Salamence|Dragon Claw|p2a: Kyurem
|-supereffective|p2a: Kyurem
|-damage|p2a: Kyurem|0 fnt
|faint|p2a: Kyurem
|
|upkeep
|
|t:|1760333717
|switch|p2a: Kingambit|Kingambit, F|100/100
|-activate|p2a: Kingambit|ability: Supreme Overlord
|-start|p2a: Kingambit|fallen1|[silent]
|turn|18
|
|t:|1760333721
|move|p1a: Salamence|Dragon Dance|p1a: Salamence
|-boost|p1a: Salamence|atk|1
|-boost|p1a: Salamence|spe|1
|move|p2a: Kingambit|Kowtow Cleave|p1a: Salamence
|-damage|p1a: Salamence|27/100
|
|upkeep
|turn|19
|
|t:|1760333731
|switch|p1a: Cinderace|Cinderace, F|100/100
|move|p2a: Kingambit|Sucker Punch||[still]
|-fail|p2a: Kingambit
|
|upkeep
|turn|20
|
|t:|1760333737
|-end|p2a: Kingambit|fallen1|[silent]
|switch|p2a: Dondozo|Dondozo, F|82/100
|move|p1a: Cinderace|High Jump Kick|p2a: Dondozo
|-start|p1a: Cinderace|typechange|Fighting|[from] ability: Libero
|-damage|p2a: Dondozo|55/100
|
|-heal|p2a: Dondozo|62/100|[from] item: Leftovers
|upkeep
|turn|21
|
|t:|1760333744
|move|p1a: Cinderace|U-turn|p2a: Dondozo
|-damage|p2a: Dondozo|52/100
|
|t:|1760333747
|switch|p1a: Salamence|Salamence, F, shiny|27/100|[from] U-turn
|-ability|p1a: Salamence|Intimidate|boost
|-unboost|p2a: Dondozo|atk|1
|move|p2a: Dondozo|Curse|p2a: Dondozo
|-unboost|p2a: Dondozo|spe|1
|-boost|p2a: Dondozo|atk|1
|-boost|p2a: Dondozo|def|1
|
|-heal|p2a: Dondozo|58/100|[from] item: Leftovers
|upkeep
|turn|22
|
|t:|1760333755
|move|p1a: Salamence|Iron Head|p2a: Dondozo
|-resisted|p2a: Dondozo
|-damage|p2a: Dondozo|54/100
|move|p2a: Dondozo|Rest|p2a: Dondozo
|-status|p2a: Dondozo|slp|[from] move: Rest
|-heal|p2a: Dondozo|100/100 slp|[silent]
|
|upkeep
|turn|23
|
|t:|1760333762
|switch|p1a: Toxapex|Toxapex, M, shiny|100/100
|cant|p2a: Dondozo|slp
|move|p2a: Dondozo|Sleep Talk|p2a: Dondozo
|move|p2a: Dondozo|Curse|p2a: Dondozo|[from] move: Sleep Talk
|-unboost|p2a: Dondozo|spe|1
|-boost|p2a: Dondozo|atk|1
|-boost|p2a: Dondozo|def|1
|
|upkeep
|turn|24
|
|t:|1760333769
|move|p1a: Toxapex|Haze|p1a: Toxapex
|-clearallboost
|cant|p2a: Dondozo|slp
|move|p2a: Dondozo|Sleep Talk|p2a: Dondozo
|move|p2a: Dondozo|Curse|p2a: Dondozo|[from] move: Sleep Talk
|-unboost|p2a: Dondozo|spe|1
|-boost|p2a: Dondozo|atk|1
|-boost|p2a: Dondozo|def|1
|
|upkeep
|turn|25
|
|t:|1760333774
|move|p1a: Toxapex|Haze|p1a: Toxapex
|-clearallboost
|-curestatus|p2a: Dondozo|slp|[msg]
|move|p2a: Dondozo|Wave Crash|p1a: Toxapex
|-resisted|p1a: Toxapex
|-damage|p1a: Toxapex|84/100
|-damage|p2a: Dondozo|98/100|[from] Recoil
|
|-heal|p2a: Dondozo|100/100|[from] item: Leftovers
|-heal|p1a: Toxapex|90/100|[from] item: Leftovers
|upkeep
|turn|26
|
|t:|1760333786
|switch|p2a: Slowking|Slowking-Galar, M|55/100
|move|p1a: Toxapex|Toxic|p2a: Slowking
|-immune|p2a: Slowking
|
|-heal|p1a: Toxapex|96/100|[from] item: Leftovers
|-heal|p2a: Slowking|61/100|[from] item: Leftovers
|upkeep
|turn|27
|
|t:|1760333794
|switch|p1a: Froslass|Froslass, F|100/100
|move|p2a: Slowking|Future Sight|p1a: Froslass
|-start|p2a: Slowking|move: Future Sight
|
|-heal|p2a: Slowking|67/100|[from] item: Leftovers
|upkeep
|turn|28
|inactive|snowclaw2 has 120 seconds left.
|
|t:|1760333828
|switch|p2a: Kingambit|Kingambit, F|100/100
|-activate|p2a: Kingambit|ability: Supreme Overlord
|-start|p2a: Kingambit|fallen1|[silent]
|move|p1a: Froslass|Poltergeist|p2a: Kingambit
|-activate|p2a: Kingambit|move: Poltergeist|Assault Vest
|-resisted|p2a: Kingambit
|-damage|p2a: Kingambit|85/100
|
|upkeep
|turn|29
|
|t:|1760333840
|switch|p1a: Cinderace|Cinderace, F|100/100
|move|p2a: Kingambit|Kowtow Cleave|p1a: Cinderace
|-damage|p1a: Cinderace|27/100
|
|-end|p1a: Cinderace|move: Future Sight
|-damage|p1a: Cinderace|0 fnt
|faint|p1a: Cinderace
|upkeep
|-message|terrabits forfeited.
|
|win|snowclaw2
|raw|terrabits's rating: 1126 &rarr; <strong>1103</strong><br />(-23 for losing)
|raw|snowclaw2's rating: 1153 &rarr; <strong>1176</strong><br />(+23 for winning)
|l|☆terrabits
|player|p1|
|l|☆snowclaw2
|player|p2|
