|j|☆67baseballmason
|j|☆jumbolino
|t:|1760368713
|gametype|singles
|player|p1|67baseballmason|infielder|1098
|player|p2|jumbolino|1|1033
|gen|9
|tier|[Gen 9] OU
|rated|
|rule|HP Percentage Mod: HP is shown in percentages
|rule|Endless Battle Clause: Forcing endless battles is banned
|rule|Species Clause: Limit one of each Pokémon
|rule|OHKO Clause: OHKO moves are banned
|rule|Evasion Items Clause: Evasion items are banned
|rule|Evasion Moves Clause: Evasion moves are banned
|rule|Evasion Abilities Clause: Evasion abilities are banned
|rule|Sleep Moves Clause: Sleep-inducing moves are banned
|clearpoke
|poke|p1|Ceruledge, M|
|poke|p1|Iron Treads|
|poke|p1|Glimmora, F|
|poke|p1|Iron Valiant|
|poke|p1|Ribombee, M|
|poke|p1|Samurott-Hisui, M|
|poke|p2|Blaziken, M|
|poke|p2|Arcanine, F|
|poke|p2|Volcanion|
|poke|p2|Torkoal, M|
|poke|p2|Incineroar, F|
|poke|p2|Armarouge, F|
|teampreview
|
|t:|1760368719
|teamsize|p1|6
|teamsize|p2|6
|start
|switch|p1a: Samurott|Samurott-Hisui, M|100/100
|switch|p2a: Volcanion|Volcanion|100/100
|turn|1
|
|t:|1760368727
|switch|p2a: Torkoal|Torkoal, M|100/100
|-weather|SunnyDay|[from] ability: Drought|[of] p2a: Torkoal
|move|p1a: Samurott|Ceaseless Edge|p2a: Torkoal|[miss]
|-miss|p1a: Samurott|p2a: Torkoal
|
|-weather|SunnyDay|[upkeep]
|upkeep
|turn|2
|
|t:|1760368738
|move|p1a: Samurott|Razor Shell|p2a: Torkoal
|-supereffective|p2a: Torkoal
|-damage|p2a: Torkoal|74/100
|-unboost|p2a: Torkoal|def|1
|move|p2a: Torkoal|Stealth Rock|p1a: Samurott
|-sidestart|p1: 67baseballmason|move: Stealth Rock
|
|-weather|SunnyDay|[upkeep]
|upkeep
|turn|3
|
|t:|1760368748
|switch|p2a: Volcanion|Volcanion|100/100
|move|p1a: Samurott|Ceaseless Edge|p2a: Volcanion
|-damage|p2a: Volcanion|69/100
|-sidestart|p2: jumbolino|Spikes
|
|-weather|SunnyDay|[upkeep]
|upkeep
|turn|4
|
|t:|1760368759
|move|p1a: Samurott|Knock Off|p2a: Volcanion
|-damage|p2a: Volcanion|32/100
|-enditem|p2a: Volcanion|Assault Vest|[from] move: Knock Off|[of] p1a: Samurott
|move|p2a: Volcanion|Solar Beam||[still]
|-prepare|p2a: Volcanion|Solar Beam
|-anim|p2a: Volcanion|Solar Beam|p1a: Samurott
|-supereffective|p1a: Samurott
|-damage|p1a: Samurott|33/100
|
|-weather|SunnyDay|[upkeep]
|upkeep
|turn|5
|
|t:|1760368772
|move|p1a: Samurott|Sucker Punch|p2a: Volcanion
|-damage|p2a: Volcanion|9/100
|move|p2a: Volcanion|Solar Beam||[still]
|-prepare|p2a: Volcanion|Solar Beam
|-anim|p2a: Volcanion|Solar Beam|p1a: Samurott
|-supereffective|p1a: Samurott
|-damage|p1a: Samurott|0 fnt
|faint|p1a: Samurott
|
|-weather|SunnyDay|[upkeep]
|upkeep
|
|t:|1760368791
|switch|p1a: Glimmora|Glimmora, F|100/100
|-damage|p1a: Glimmora|88/100|[from] Stealth Rock
|turn|6
|
|t:|1760368795
|move|p1a: Glimmora|Power Gem|p2a: Volcanion
|-supereffective|p2a: Volcanion
|-damage|p2a: Volcanion|0 fnt
|faint|p2a: Volcanion
|
|-weather|SunnyDay|[upkeep]
|upkeep
|
|t:|1760368811
|switch|p2a: Armarouge|Armarouge, F|100/100
|-item|p2a: Armarouge|Air Balloon
|turn|7
|c|☆67baseballmason|my collar's blue but my neck is red
|
|t:|1760368845
|move|p1a: Glimmora|Power Gem|p2a: Armarouge
|-supereffective|p2a: Armarouge
|-damage|p2a: Armarouge|1/100
|-enditem|p2a: Armarouge|Air Balloon
|move|p2a: Armarouge|Calm Mind|p2a: Armarouge
|-boost|p2a: Armarouge|spa|1
|-boost|p2a: Armarouge|spd|1
|
|-weather|SunnyDay|[upkeep]
|upkeep
|turn|8
|
|t:|1760368854
|move|p1a: Glimmora|Mortal Spin|p2a: Armarouge
|-damage|p2a: Armarouge|0 fnt
|-sideend|p1: 67baseballmason|Stealth Rock|[from] move: Mortal Spin|[of] p1a: Glimmora
|faint|p2a: Armarouge
|
|-weather|none
|upkeep
|c|☆67baseballmason|what color is your bugatti
|-message|jumbolino forfeited.
|
|win|67baseballmason
|raw|67baseballmason's rating: 1098 &rarr; <strong>1119</strong><br />(+21 for winning)
|raw|jumbolino's rating: 1033 &rarr; <strong>1021</strong><br />(-12 for losing)
|l|☆jumbolino
|player|p2|
|c|☆67baseballmason|just tryin to start small toalk
