|j|☆ayayalaptop
|j|☆Passerby bye
|t:|1760358411
|gametype|singles
|player|p1|ayayalaptop|265|1377
|player|p2|Passerby bye|scientist-gen4|1387
|gen|9
|tier|[Gen 9] OU
|rated|
|rule|HP Percentage Mod: HP is shown in percentages
|rule|Endless Battle Clause: Forcing endless battles is banned
|rule|Species Clause: Limit one of each Pokémon
|rule|OHKO Clause: OHKO moves are banned
|rule|Evasion Items Clause: Evasion items are banned
|rule|Evasion Moves Clause: Evasion moves are banned
|rule|Evasion Abilities Clause: Evasion abilities are banned
|rule|Sleep Moves Clause: Sleep-inducing moves are banned
|clearpoke
|poke|p1|Raikou|
|poke|p1|Pelipper, M|
|poke|p1|Rillaboom, M|
|poke|p1|Glimmora, F|
|poke|p1|Scizor, M|
|poke|p1|Ting-Lu|
|poke|p2|Vileplume, M|
|poke|p2|Houndoom, F|
|poke|p2|Gliscor, F|
|poke|p2|Magnezone|
|poke|p2|Azumarill, F|
|poke|p2|Mismagius, M|
|teampreview
|inactive|Battle timer is ON: inactive players will automatically lose when time's up. (requested by ayayalaptop)
|
|t:|1760358432
|teamsize|p1|6
|teamsize|p2|6
|start
|switch|p1a: Raikou|Raikou|100/100
|switch|p2a: Gliscor|Gliscor, F|100/100
|-ability|p1a: Raikou|Pressure
|turn|1
|
|t:|1760358440
|move|p2a: Gliscor|Protect|p2a: Gliscor
|-singleturn|p2a: Gliscor|Protect
|move|p1a: Raikou|Scald|p2a: Gliscor
|-activate|p2a: Gliscor|move: Protect
|
|-status|p2a: Gliscor|tox|[from] item: Toxic Orb
|upkeep
|turn|2
|
|t:|1760358454
|switch|p2a: Magnezone|Magnezone|100/100
|move|p1a: Raikou|Substitute|p1a: Raikou
|-start|p1a: Raikou|Substitute
|-damage|p1a: Raikou|76/100
|
|-heal|p1a: Raikou|82/100|[from] item: Leftovers
|upkeep
|turn|3
|
|t:|1760358459
|move|p1a: Raikou|Protect|p1a: Raikou
|-singleturn|p1a: Raikou|Protect
|move|p2a: Magnezone|Tri Attack|p1a: Raikou
|-activate|p1a: Raikou|move: Protect
|
|-heal|p1a: Raikou|88/100|[from] item: Leftovers
|upkeep
|turn|4
|
|t:|1760358473
|move|p1a: Raikou|Scald|p2a: Magnezone
|-damage|p2a: Magnezone|73/100
|-status|p2a: Magnezone|brn
|move|p2a: Magnezone|Tri Attack|p1a: Raikou
|-end|p1a: Raikou|Substitute
|
|-heal|p1a: Raikou|94/100|[from] item: Leftovers
|-damage|p2a: Magnezone|66/100 brn|[from] brn
|upkeep
|turn|5
|
|t:|1760358485
|move|p1a: Raikou|Protect|p1a: Raikou
|-singleturn|p1a: Raikou|Protect
|move|p2a: Magnezone|Tri Attack|p1a: Raikou
|-activate|p1a: Raikou|move: Protect
|
|-heal|p1a: Raikou|100/100|[from] item: Leftovers
|-damage|p2a: Magnezone|60/100 brn|[from] brn
|upkeep
|turn|6
|
|t:|1760358493
|move|p1a: Raikou|Substitute|p1a: Raikou
|-start|p1a: Raikou|Substitute
|-damage|p1a: Raikou|76/100
|move|p2a: Magnezone|Tri Attack|p1a: Raikou
|-end|p1a: Raikou|Substitute
|
|-heal|p1a: Raikou|82/100|[from] item: Leftovers
|-damage|p2a: Magnezone|54/100 brn|[from] brn
|upkeep
|turn|7
|
|t:|1760358497
|move|p1a: Raikou|Protect|p1a: Raikou
|-singleturn|p1a: Raikou|Protect
|move|p2a: Magnezone|Tri Attack|p1a: Raikou
|-activate|p1a: Raikou|move: Protect
|
|-heal|p1a: Raikou|88/100|[from] item: Leftovers
|-damage|p2a: Magnezone|48/100 brn|[from] brn
|upkeep
|turn|8
|
|t:|1760358511
|move|p1a: Raikou|Substitute|p1a: Raikou
|-start|p1a: Raikou|Substitute
|-damage|p1a: Raikou|63/100
|move|p2a: Magnezone|Tri Attack|p1a: Raikou
|-end|p1a: Raikou|Substitute
|
|-heal|p1a: Raikou|69/100|[from] item: Leftovers
|-damage|p2a: Magnezone|42/100 brn|[from] brn
|upkeep
|turn|9
|
|t:|1760358515
|move|p1a: Raikou|Protect|p1a: Raikou
|-singleturn|p1a: Raikou|Protect
|move|p2a: Magnezone|Tri Attack|p1a: Raikou
|-activate|p1a: Raikou|move: Protect
|
|-heal|p1a: Raikou|76/100|[from] item: Leftovers
|-damage|p2a: Magnezone|36/100 brn|[from] brn
|upkeep
|turn|10
|
|t:|1760358535
|move|p1a: Raikou|Substitute|p1a: Raikou
|-start|p1a: Raikou|Substitute
|-damage|p1a: Raikou|51/100
|move|p2a: Magnezone|Tri Attack|p1a: Raikou
|-end|p1a: Raikou|Substitute
|
|-heal|p1a: Raikou|57/100|[from] item: Leftovers
|-damage|p2a: Magnezone|30/100 brn|[from] brn
|upkeep
|turn|11
|
|t:|1760358544
|switch|p2a: Vileplume|Vileplume, M|100/100
|move|p1a: Raikou|Substitute|p1a: Raikou
|-start|p1a: Raikou|Substitute
|-damage|p1a: Raikou|32/100
|
|-heal|p1a: Raikou|38/100|[from] item: Leftovers
|upkeep
|turn|12
|
|t:|1760358552
|move|p1a: Raikou|Thunder|p2a: Vileplume
|-resisted|p2a: Vileplume
|-damage|p2a: Vileplume|75/100
|move|p2a: Vileplume|Sludge Wave|p1a: Raikou
|-end|p1a: Raikou|Substitute
|
|-heal|p1a: Raikou|44/100|[from] item: Leftovers
|upkeep
|turn|13
|
|t:|1760358561
|move|p1a: Raikou|Protect|p1a: Raikou
|-singleturn|p1a: Raikou|Protect
|move|p2a: Vileplume|Sludge Wave|p1a: Raikou
|-activate|p1a: Raikou|move: Protect
|
|-heal|p1a: Raikou|51/100|[from] item: Leftovers
|upkeep
|turn|14
|
|t:|1760358568
|switch|p1a: Glimmora|Glimmora, F|100/100
|move|p2a: Vileplume|Sludge Wave|p1a: Glimmora
|-resisted|p1a: Glimmora
|-damage|p1a: Glimmora|90/100
|
|-heal|p1a: Glimmora|97/100|[from] item: Black Sludge
|upkeep
|turn|15
|
|t:|1760358575
|switch|p2a: Gliscor|Gliscor, F|100/100 tox
|move|p1a: Glimmora|Spikes|p2a: Gliscor
|-sidestart|p2: Passerby bye|Spikes
|
|-heal|p1a: Glimmora|100/100|[from] item: Black Sludge
|upkeep
|turn|16
|
|t:|1760358583
|switch|p1a: Pelipper|Pelipper, M|100/100
|-weather|RainDance|[from] ability: Drizzle|[of] p1a: Pelipper
|move|p2a: Gliscor|Earthquake|p1a: Pelipper
|-immune|p1a: Pelipper
|
|-weather|RainDance|[upkeep]
|upkeep
|turn|17
|
|t:|1760358589
|switch|p2a: Magnezone|Magnezone|30/100 brn
|-damage|p2a: Magnezone|17/100 brn|[from] Spikes
|move|p1a: Pelipper|Weather Ball|p2a: Magnezone
|-damage|p2a: Magnezone|0 fnt
|faint|p2a: Magnezone
|
|-weather|RainDance|[upkeep]
|upkeep
|
|t:|1760358607
|switch|p2a: Azumarill|Azumarill, F|100/100
|-damage|p2a: Azumarill|88/100|[from] Spikes
|turn|18
|
|t:|1760358611
|move|p1a: Pelipper|Hurricane|p2a: Azumarill
|-damage|p2a: Azumarill|63/100
|move|p2a: Azumarill|Knock Off|p1a: Pelipper
|-damage|p1a: Pelipper|67/100
|-enditem|p1a: Pelipper|Heavy-Duty Boots|[from] move: Knock Off|[of] p2a: Azumarill
|
|-weather|RainDance|[upkeep]
|upkeep
|turn|19
|
|t:|1760358622
|move|p1a: Pelipper|Hurricane|p2a: Azumarill
|-damage|p2a: Azumarill|37/100
|move|p2a: Azumarill|Play Rough|p1a: Pelipper
|-damage|p1a: Pelipper|21/100
|
|-weather|RainDance|[upkeep]
|upkeep
|turn|20
|
|t:|1760358626
|move|p2a: Azumarill|Aqua Jet|p1a: Pelipper
|-resisted|p1a: Pelipper
|-damage|p1a: Pelipper|7/100
|move|p1a: Pelipper|Roost|p1a: Pelipper
|-heal|p1a: Pelipper|57/100
|-singleturn|p1a: Pelipper|move: Roost
|
|-weather|none
|upkeep
|turn|21
|
|t:|1760358630
|move|p1a: Pelipper|Roost|p1a: Pelipper
|-heal|p1a: Pelipper|100/100
|-singleturn|p1a: Pelipper|move: Roost
|move|p2a: Azumarill|Play Rough|p1a: Pelipper
|-damage|p1a: Pelipper|59/100
|
|upkeep
|turn|22
|
|t:|1760358641
|move|p1a: Pelipper|Roost|p1a: Pelipper
|-heal|p1a: Pelipper|100/100
|-singleturn|p1a: Pelipper|move: Roost
|move|p2a: Azumarill|Play Rough|p1a: Pelipper
|-damage|p1a: Pelipper|57/100
|
|upkeep
|turn|23
|
|t:|1760358653
|switch|p1a: Glimmora|Glimmora, F|100/100
|move|p2a: Azumarill|Play Rough|p1a: Glimmora
|-resisted|p1a: Glimmora
|-damage|p1a: Glimmora|79/100
|-activate|p1a: Glimmora|ability: Toxic Debris
|-sidestart|p2: Passerby bye|move: Toxic Spikes
|
|-heal|p1a: Glimmora|86/100|[from] item: Black Sludge
|upkeep
|turn|24
|
|t:|1760358659
|move|p1a: Glimmora|Spiky Shield|p1a: Glimmora
|-singleturn|p1a: Glimmora|move: Protect
|move|p2a: Azumarill|Liquidation|p1a: Glimmora
|-activate|p1a: Glimmora|move: Protect
|-damage|p2a: Azumarill|24/100|[from] Spiky Shield|[of] p1a: Glimmora
|
|-heal|p1a: Glimmora|92/100|[from] item: Black Sludge
|upkeep
|turn|25
|
|t:|1760358687
|switch|p1a: Pelipper|Pelipper, M|57/100
|-weather|RainDance|[from] ability: Drizzle|[of] p1a: Pelipper
|move|p2a: Azumarill|Aqua Jet|p1a: Pelipper
|-resisted|p1a: Pelipper
|-damage|p1a: Pelipper|42/100
|
|-weather|RainDance|[upkeep]
|upkeep
|turn|26
|
|t:|1760358693
|move|p1a: Pelipper|Roost|p1a: Pelipper
|-heal|p1a: Pelipper|92/100
|-singleturn|p1a: Pelipper|move: Roost
|move|p2a: Azumarill|Liquidation|p1a: Pelipper
|-resisted|p1a: Pelipper
|-damage|p1a: Pelipper|61/100
|
|-weather|RainDance|[upkeep]
|upkeep
|turn|27
|
|t:|1760358696
|move|p1a: Pelipper|Hurricane|p2a: Azumarill
|-damage|p2a: Azumarill|1/100
|move|p2a: Azumarill|Play Rough|p1a: Pelipper
|-crit|p1a: Pelipper
|-damage|p1a: Pelipper|0 fnt
|faint|p1a: Pelipper
|
|-weather|RainDance|[upkeep]
|upkeep
|
|t:|1760358717
|switch|p1a: Rillaboom|Rillaboom, M|100/100
|-fieldstart|move: Grassy Terrain|[from] ability: Grassy Surge|[of] p1a: Rillaboom
|turn|28
|
|t:|1760358722
|move|p1a: Rillaboom|Grassy Glide|p2a: Azumarill
|-supereffective|p2a: Azumarill
|-damage|p2a: Azumarill|0 fnt
|faint|p2a: Azumarill
|
|-weather|RainDance|[upkeep]
|upkeep
|
|t:|1760358727
|switch|p2a: Vileplume|Vileplume, M|75/100
|-damage|p2a: Vileplume|63/100|[from] Spikes
|-sideend|p2: Passerby bye|move: Toxic Spikes|[of] p2a: Vileplume
|turn|29
|
|t:|1760358736
|switch|p1a: Scizor|Scizor, M|100/100
|move|p2a: Vileplume|Strength Sap|p1a: Scizor
|-unboost|p1a: Scizor|atk|1
|-heal|p2a: Vileplume|100/100
|
|-weather|none
|upkeep
|turn|30
|
|t:|1760358741
|move|p1a: Scizor|Knock Off|p2a: Vileplume
|-damage|p2a: Vileplume|71/100
|-damage|p1a: Scizor|84/100|[from] item: Rocky Helmet|[of] p2a: Vileplume
|-enditem|p2a: Vileplume|Rocky Helmet|[from] move: Knock Off|[of] p1a: Scizor
|move|p2a: Vileplume|Leech Seed|p1a: Scizor
|-start|p1a: Scizor|move: Leech Seed
|
|-heal|p1a: Scizor|90/100|[from] Grassy Terrain
|-heal|p2a: Vileplume|77/100|[from] Grassy Terrain
|-damage|p1a: Scizor|78/100|[from] Leech Seed|[of] p2a: Vileplume
|-heal|p2a: Vileplume|89/100|[silent]
|upkeep
|turn|31
|
|t:|1760358746
|switch|p1a: Glimmora|Glimmora, F|92/100
|move|p2a: Vileplume|Leech Seed|p1a: Glimmora
|-start|p1a: Glimmora|move: Leech Seed
|
|-heal|p1a: Glimmora|98/100|[from] Grassy Terrain
|-heal|p1a: Glimmora|100/100|[from] item: Black Sludge
|-heal|p2a: Vileplume|95/100|[from] Grassy Terrain
|-damage|p1a: Glimmora|88/100|[from] Leech Seed|[of] p2a: Vileplume
|-heal|p2a: Vileplume|100/100|[silent]
|upkeep
|turn|32
|
|t:|1760358752
|switch|p2a: Gliscor|Gliscor, F|100/100 tox
|move|p1a: Glimmora|Spikes|p2a: Gliscor
|-sidestart|p2: Passerby bye|Spikes
|
|-heal|p1a: Glimmora|94/100|[from] Grassy Terrain
|-heal|p1a: Glimmora|100/100|[from] item: Black Sludge
|-damage|p1a: Glimmora|88/100|[from] Leech Seed|[of] p2a: Gliscor
|-fieldend|move: Grassy Terrain
|upkeep
|turn|33
|
|t:|1760358763
|switch|p1a: Rillaboom|Rillaboom, M|100/100
|-fieldstart|move: Grassy Terrain|[from] ability: Grassy Surge|[of] p1a: Rillaboom
|move|p2a: Gliscor|Earthquake|p1a: Rillaboom
|-resisted|p1a: Rillaboom
|-damage|p1a: Rillaboom|93/100
|
|-heal|p1a: Rillaboom|99/100|[from] Grassy Terrain
|upkeep
|turn|34
|l|☆ayayalaptop
|inactive|ayayalaptop disconnected and has a minute to reconnect!
|player|p1|
|j|☆ayayalaptop
|inactive|ayayalaptop reconnected and has 115 seconds left.
|player|p1|ayayalaptop|265|
|
|t:|1760358804
|switch|p2a: Vileplume|Vileplume, M|100/100
|-damage|p2a: Vileplume|84/100|[from] Spikes
|move|p1a: Rillaboom|U-turn|p2a: Vileplume
|-damage|p2a: Vileplume|63/100
|
|t:|1760358813
|switch|p1a: Raikou|Raikou|51/100|[from] U-turn
|-ability|p1a: Raikou|Pressure
|
|-heal|p1a: Raikou|57/100|[from] Grassy Terrain
|-heal|p1a: Raikou|63/100|[from] item: Leftovers
|-heal|p2a: Vileplume|69/100|[from] Grassy Terrain
|upkeep
|turn|35
|
|t:|1760358820
|move|p1a: Raikou|Substitute|p1a: Raikou
|-start|p1a: Raikou|Substitute
|-damage|p1a: Raikou|38/100
|move|p2a: Vileplume|Sludge Wave|p1a: Raikou
|-end|p1a: Raikou|Substitute
|
|-heal|p1a: Raikou|44/100|[from] Grassy Terrain
|-heal|p1a: Raikou|51/100|[from] item: Leftovers
|-heal|p2a: Vileplume|76/100|[from] Grassy Terrain
|upkeep
|turn|36
|
|t:|1760358823
|move|p1a: Raikou|Protect|p1a: Raikou
|-singleturn|p1a: Raikou|Protect
|move|p2a: Vileplume|Sludge Wave|p1a: Raikou
|-activate|p1a: Raikou|move: Protect
|
|-heal|p1a: Raikou|57/100|[from] Grassy Terrain
|-heal|p1a: Raikou|63/100|[from] item: Leftovers
|-heal|p2a: Vileplume|82/100|[from] Grassy Terrain
|upkeep
|turn|37
|
|t:|1760358835
|move|p1a: Raikou|Substitute|p1a: Raikou
|-start|p1a: Raikou|Substitute
|-damage|p1a: Raikou|38/100
|move|p2a: Vileplume|Sludge Wave|p1a: Raikou
|-end|p1a: Raikou|Substitute
|
|-heal|p1a: Raikou|44/100|[from] Grassy Terrain
|-heal|p1a: Raikou|51/100|[from] item: Leftovers
|-heal|p2a: Vileplume|88/100|[from] Grassy Terrain
|-fieldend|move: Grassy Terrain
|upkeep
|turn|38
|
|t:|1760358839
|move|p1a: Raikou|Protect|p1a: Raikou
|-singleturn|p1a: Raikou|Protect
|move|p2a: Vileplume|Giga Drain|p1a: Raikou
|-activate|p1a: Raikou|move: Protect
|
|-heal|p1a: Raikou|57/100|[from] item: Leftovers
|upkeep
|turn|39
|
|t:|1760358855
|switch|p1a: Rillaboom|Rillaboom, M|99/100
|-fieldstart|move: Grassy Terrain|[from] ability: Grassy Surge|[of] p1a: Rillaboom
|move|p2a: Vileplume|Giga Drain|p1a: Rillaboom
|-resisted|p1a: Rillaboom
|-damage|p1a: Rillaboom|85/100
|-heal|p2a: Vileplume|96/100|[from] drain|[of] p1a: Rillaboom
|
|-heal|p1a: Rillaboom|92/100|[from] Grassy Terrain
|-heal|p2a: Vileplume|100/100|[from] Grassy Terrain
|upkeep
|turn|40
|
|t:|1760358865
|move|p1a: Rillaboom|U-turn|p2a: Vileplume
|-damage|p2a: Vileplume|79/100
|
|t:|1760358868
|switch|p1a: Glimmora|Glimmora, F|88/100|[from] U-turn
|move|p2a: Vileplume|Sludge Wave|p1a: Glimmora
|-resisted|p1a: Glimmora
|-damage|p1a: Glimmora|77/100
|
|-heal|p1a: Glimmora|83/100|[from] Grassy Terrain
|-heal|p1a: Glimmora|89/100|[from] item: Black Sludge
|-heal|p2a: Vileplume|85/100|[from] Grassy Terrain
|upkeep
|turn|41
|
|t:|1760358873
|switch|p2a: Gliscor|Gliscor, F|100/100 tox
|move|p1a: Glimmora|Spikes|p2a: Gliscor
|-sidestart|p2: Passerby bye|Spikes
|
|-heal|p1a: Glimmora|95/100|[from] Grassy Terrain
|-heal|p1a: Glimmora|100/100|[from] item: Black Sludge
|upkeep
|turn|42
|
|t:|1760358887
|switch|p1a: Ting-Lu|Ting-Lu|100/100
|-ability|p1a: Ting-Lu|Vessel of Ruin
|move|p2a: Gliscor|Swords Dance|p2a: Gliscor
|-boost|p2a: Gliscor|atk|2
|
|upkeep
|turn|43
|
|t:|1760358893
|move|p2a: Gliscor|Earthquake|p1a: Ting-Lu
|-damage|p1a: Ting-Lu|83/100
|move|p1a: Ting-Lu|Whirlwind|p2a: Gliscor
|drag|p2a: Vileplume|Vileplume, M|85/100
|-damage|p2a: Vileplume|60/100|[from] Spikes
|
|-heal|p2a: Vileplume|67/100|[from] Grassy Terrain
|-heal|p1a: Ting-Lu|89/100|[from] Grassy Terrain
|-heal|p1a: Ting-Lu|95/100|[from] item: Leftovers
|-fieldend|move: Grassy Terrain
|upkeep
|turn|44
|
|t:|1760358899
|move|p2a: Vileplume|Leech Seed|p1a: Ting-Lu
|-start|p1a: Ting-Lu|move: Leech Seed
|move|p1a: Ting-Lu|Stealth Rock|p2a: Vileplume
|-sidestart|p2: Passerby bye|move: Stealth Rock
|
|-heal|p1a: Ting-Lu|100/100|[from] item: Leftovers
|-damage|p1a: Ting-Lu|88/100|[from] Leech Seed|[of] p2a: Vileplume
|-heal|p2a: Vileplume|85/100|[silent]
|upkeep
|turn|45
|
|t:|1760358906
|switch|p1a: Rillaboom|Rillaboom, M|92/100
|-fieldstart|move: Grassy Terrain|[from] ability: Grassy Surge|[of] p1a: Rillaboom
|move|p2a: Vileplume|Giga Drain|p1a: Rillaboom
|-resisted|p1a: Rillaboom
|-damage|p1a: Rillaboom|78/100
|-heal|p2a: Vileplume|93/100|[from] drain|[of] p1a: Rillaboom
|
|-heal|p1a: Rillaboom|84/100|[from] Grassy Terrain
|-heal|p2a: Vileplume|99/100|[from] Grassy Terrain
|upkeep
|turn|46
|
|t:|1760358913
|move|p1a: Rillaboom|U-turn|p2a: Vileplume
|-damage|p2a: Vileplume|77/100
|
|t:|1760358918
|switch|p1a: Raikou|Raikou|57/100|[from] U-turn
|-ability|p1a: Raikou|Pressure
|move|p2a: Vileplume|Leech Seed|p1a: Raikou
|-start|p1a: Raikou|move: Leech Seed
|
|-heal|p1a: Raikou|63/100|[from] Grassy Terrain
|-heal|p1a: Raikou|69/100|[from] item: Leftovers
|-heal|p2a: Vileplume|84/100|[from] Grassy Terrain
|-damage|p1a: Raikou|57/100|[from] Leech Seed|[of] p2a: Vileplume
|-heal|p2a: Vileplume|95/100|[silent]
|upkeep
|turn|47
|
|t:|1760358948
|move|p1a: Raikou|Protect|p1a: Raikou
|-singleturn|p1a: Raikou|Protect
|move|p2a: Vileplume|Giga Drain|p1a: Raikou
|-activate|p1a: Raikou|move: Protect
|
|-heal|p1a: Raikou|63/100|[from] Grassy Terrain
|-heal|p1a: Raikou|69/100|[from] item: Leftovers
|-heal|p2a: Vileplume|100/100|[from] Grassy Terrain
|-damage|p1a: Raikou|57/100|[from] Leech Seed|[of] p2a: Vileplume
|upkeep
|turn|48
|
|t:|1760358956
|switch|p1a: Glimmora|Glimmora, F|100/100
|move|p2a: Vileplume|Giga Drain|p1a: Glimmora
|-damage|p1a: Glimmora|53/100
|
|-heal|p1a: Glimmora|60/100|[from] Grassy Terrain
|-heal|p1a: Glimmora|66/100|[from] item: Black Sludge
|upkeep
|turn|49
|
|t:|1760358966
|move|p1a: Glimmora|Power Gem|p2a: Vileplume
|-damage|p2a: Vileplume|63/100
|move|p2a: Vileplume|Giga Drain|p1a: Glimmora
|-damage|p1a: Glimmora|25/100
|-heal|p2a: Vileplume|85/100|[from] drain|[of] p1a: Glimmora
|
|-heal|p1a: Glimmora|31/100|[from] Grassy Terrain
|-heal|p1a: Glimmora|37/100|[from] item: Black Sludge
|-heal|p2a: Vileplume|91/100|[from] Grassy Terrain
|-fieldend|move: Grassy Terrain
|upkeep
|turn|50
|
|t:|1760358976
|move|p1a: Glimmora|Power Gem|p2a: Vileplume
|-damage|p2a: Vileplume|55/100
|move|p2a: Vileplume|Leech Seed|p1a: Glimmora|[miss]
|-miss|p2a: Vileplume|p1a: Glimmora
|
|-heal|p1a: Glimmora|43/100|[from] item: Black Sludge
|upkeep
|turn|51
|
|t:|1760358982
|move|p1a: Glimmora|Power Gem|p2a: Vileplume
|-damage|p2a: Vileplume|19/100
|move|p2a: Vileplume|Leech Seed|p1a: Glimmora
|-start|p1a: Glimmora|move: Leech Seed
|
|-heal|p1a: Glimmora|49/100|[from] item: Black Sludge
|-damage|p1a: Glimmora|37/100|[from] Leech Seed|[of] p2a: Vileplume
|-heal|p2a: Vileplume|32/100|[silent]
|upkeep
|turn|52
|
|t:|1760358986
|move|p1a: Glimmora|Power Gem|p2a: Vileplume
|-damage|p2a: Vileplume|0 fnt
|faint|p2a: Vileplume
|
|-heal|p1a: Glimmora|43/100|[from] item: Black Sludge
|upkeep
|
|t:|1760358999
|switch|p2a: Mismagius|Mismagius, M|100/100
|-damage|p2a: Mismagius|88/100|[from] Stealth Rock
|turn|53
|
|t:|1760359008
|switch|p1a: Ting-Lu|Ting-Lu|88/100
|-ability|p1a: Ting-Lu|Vessel of Ruin
|move|p2a: Mismagius|Substitute|p2a: Mismagius
|-start|p2a: Mismagius|Substitute
|-damage|p2a: Mismagius|63/100
|
|-heal|p1a: Ting-Lu|94/100|[from] item: Leftovers
|upkeep
|turn|54
|
|t:|1760359013
|move|p2a: Mismagius|Draining Kiss|p1a: Ting-Lu
|-supereffective|p1a: Ting-Lu
|-damage|p1a: Ting-Lu|79/100
|-heal|p2a: Mismagius|87/100|[from] drain|[of] p1a: Ting-Lu
|-damage|p2a: Mismagius|77/100|[from] item: Life Orb
|move|p1a: Ting-Lu|Whirlwind|p2a: Mismagius
|drag|p2a: Houndoom|Houndoom, F|100/100
|
|-heal|p1a: Ting-Lu|85/100|[from] item: Leftovers
|upkeep
|turn|55
|
|t:|1760359028
|switch|p2a: Gliscor|Gliscor, F|100/100 tox
|-damage|p2a: Gliscor|88/100 tox|[from] Stealth Rock
|move|p1a: Ting-Lu|Ruination|p2a: Gliscor
|-damage|p2a: Gliscor|44/100 tox
|
|-heal|p1a: Ting-Lu|91/100|[from] item: Leftovers
|-heal|p2a: Gliscor|57/100 tox|[from] ability: Poison Heal
|upkeep
|turn|56
|
|t:|1760359038
|switch|p1a: Rillaboom|Rillaboom, M|84/100
|-fieldstart|move: Grassy Terrain|[from] ability: Grassy Surge|[of] p1a: Rillaboom
|move|p2a: Gliscor|Swords Dance|p2a: Gliscor
|-boost|p2a: Gliscor|atk|2
|
|-heal|p1a: Rillaboom|90/100|[from] Grassy Terrain
|-heal|p2a: Gliscor|69/100 tox|[from] ability: Poison Heal
|upkeep
|turn|57
|
|t:|1760359042
|move|p2a: Gliscor|Protect|p2a: Gliscor
|-singleturn|p2a: Gliscor|Protect
|move|p1a: Rillaboom|Grassy Glide|p2a: Gliscor
|-activate|p2a: Gliscor|move: Protect
|
|-heal|p1a: Rillaboom|97/100|[from] Grassy Terrain
|-heal|p2a: Gliscor|82/100 tox|[from] ability: Poison Heal
|upkeep
|turn|58
|
|t:|1760359048
|move|p1a: Rillaboom|Grassy Glide|p2a: Gliscor
|-damage|p2a: Gliscor|49/100 tox
|move|p2a: Gliscor|Swords Dance|p2a: Gliscor
|-boost|p2a: Gliscor|atk|2
|
|-heal|p1a: Rillaboom|100/100|[from] Grassy Terrain
|-heal|p2a: Gliscor|62/100 tox|[from] ability: Poison Heal
|upkeep
|turn|59
|
|t:|1760359052
|move|p2a: Gliscor|Protect|p2a: Gliscor
|-singleturn|p2a: Gliscor|Protect
|move|p1a: Rillaboom|Grassy Glide|p2a: Gliscor
|-activate|p2a: Gliscor|move: Protect
|
|-heal|p2a: Gliscor|74/100 tox|[from] ability: Poison Heal
|upkeep
|turn|60
|
|t:|1760359056
|move|p1a: Rillaboom|Grassy Glide|p2a: Gliscor
|-damage|p2a: Gliscor|43/100 tox
|move|p2a: Gliscor|Swords Dance|p2a: Gliscor
|-boost|p2a: Gliscor|atk|2
|
|-heal|p2a: Gliscor|56/100 tox|[from] ability: Poison Heal
|-fieldend|move: Grassy Terrain
|upkeep
|turn|61
|
|t:|1760359060
|move|p2a: Gliscor|Protect|p2a: Gliscor
|-singleturn|p2a: Gliscor|Protect
|move|p1a: Rillaboom|Grassy Glide|p2a: Gliscor
|-activate|p2a: Gliscor|move: Protect
|
|-heal|p2a: Gliscor|68/100 tox|[from] ability: Poison Heal
|upkeep
|turn|62
|
|t:|1760359067
|move|p2a: Gliscor|Stone Edge|p1a: Rillaboom
|-damage|p1a: Rillaboom|24/100
|move|p1a: Rillaboom|Grassy Glide|p2a: Gliscor
|-damage|p2a: Gliscor|43/100 tox
|
|-heal|p2a: Gliscor|56/100 tox|[from] ability: Poison Heal
|upkeep
|turn|63
|
|t:|1760359070
|move|p2a: Gliscor|Stone Edge|p1a: Rillaboom
|-damage|p1a: Rillaboom|0 fnt
|faint|p1a: Rillaboom
|
|-heal|p2a: Gliscor|68/100 tox|[from] ability: Poison Heal
|upkeep
|
|t:|1760359078
|switch|p1a: Raikou|Raikou|57/100
|-ability|p1a: Raikou|Pressure
|turn|64
|
|t:|1760359081
|move|p2a: Gliscor|Protect|p2a: Gliscor
|-singleturn|p2a: Gliscor|Protect
|move|p1a: Raikou|Substitute|p1a: Raikou
|-start|p1a: Raikou|Substitute
|-damage|p1a: Raikou|32/100
|
|-heal|p1a: Raikou|38/100|[from] item: Leftovers
|-heal|p2a: Gliscor|81/100 tox|[from] ability: Poison Heal
|upkeep
|turn|65
|
|t:|1760359090
|switch|p2a: Houndoom|Houndoom, F|100/100
|move|p1a: Raikou|Protect||[still]
|-fail|p1a: Raikou
|
|-heal|p1a: Raikou|44/100|[from] item: Leftovers
|upkeep
|turn|66
|
|t:|1760359100
|move|p1a: Raikou|Scald|p2a: Houndoom
|-supereffective|p2a: Houndoom
|-damage|p2a: Houndoom|29/100
|move|p2a: Houndoom|Destiny Bond|p2a: Houndoom
|-singlemove|p2a: Houndoom|Destiny Bond
|
|-heal|p1a: Raikou|51/100|[from] item: Leftovers
|upkeep
|turn|67
|
|t:|1760359108
|move|p1a: Raikou|Protect|p1a: Raikou
|-singleturn|p1a: Raikou|Protect
|move|p2a: Houndoom|Dark Pulse|p1a: Raikou
|-activate|p1a: Raikou|move: Protect
|
|-heal|p1a: Raikou|57/100|[from] item: Leftovers
|upkeep
|turn|68
|
|t:|1760359113
|move|p1a: Raikou|Scald|p2a: Houndoom
|-supereffective|p2a: Houndoom
|-damage|p2a: Houndoom|0 fnt
|faint|p2a: Houndoom
|
|-heal|p1a: Raikou|63/100|[from] item: Leftovers
|upkeep
|
|t:|1760359116
|switch|p2a: Mismagius|Mismagius, M|77/100
|-damage|p2a: Mismagius|64/100|[from] Stealth Rock
|turn|69
|
|t:|1760359121
|move|p1a: Raikou|Thunder|p2a: Mismagius|[miss]
|-miss|p1a: Raikou|p2a: Mismagius
|move|p2a: Mismagius|Shadow Ball|p1a: Raikou
|-end|p1a: Raikou|Substitute
|-damage|p2a: Mismagius|55/100|[from] item: Life Orb
|
|-heal|p1a: Raikou|69/100|[from] item: Leftovers
|upkeep
|turn|70
|
|t:|1760359134
|switch|p1a: Glimmora|Glimmora, F|43/100
|move|p2a: Mismagius|Shadow Ball|p1a: Glimmora
|-crit|p1a: Glimmora
|-damage|p1a: Glimmora|0 fnt
|faint|p1a: Glimmora
|-damage|p2a: Mismagius|45/100|[from] item: Life Orb
|
|upkeep
|
|t:|1760359137
|switch|p1a: Scizor|Scizor, M|78/100
|turn|71
|
|t:|1760359142
|move|p1a: Scizor|Bullet Punch|p2a: Mismagius
|-damage|p2a: Mismagius|0 fnt
|faint|p2a: Mismagius
|
|upkeep
|
|t:|1760359145
|switch|p2a: Gliscor|Gliscor, F|81/100 tox
|-damage|p2a: Gliscor|68/100 tox|[from] Stealth Rock
|turn|72
|
|t:|1760359150
|-terastallize|p1a: Scizor|Steel
|move|p1a: Scizor|Bullet Punch|p2a: Gliscor
|-damage|p2a: Gliscor|18/100 tox
|move|p2a: Gliscor|Swords Dance|p2a: Gliscor
|-boost|p2a: Gliscor|atk|2
|
|-heal|p2a: Gliscor|31/100 tox|[from] ability: Poison Heal
|upkeep
|turn|73
|
|t:|1760359155
|move|p2a: Gliscor|Protect|p2a: Gliscor
|-singleturn|p2a: Gliscor|Protect
|move|p1a: Scizor|Bullet Punch|p2a: Gliscor
|-activate|p2a: Gliscor|move: Protect
|
|-heal|p2a: Gliscor|43/100 tox|[from] ability: Poison Heal
|upkeep
|turn|74
|
|t:|1760359161
|move|p1a: Scizor|Bullet Punch|p2a: Gliscor
|-damage|p2a: Gliscor|0 fnt
|faint|p2a: Gliscor
|
|win|ayayalaptop
|raw|ayayalaptop's rating: 1377 &rarr; <strong>1398</strong><br />(+21 for winning)
|raw|Passerby bye's rating: 1387 &rarr; <strong>1366</strong><br />(-21 for losing)
|l|☆Passerby bye
|player|p2|
|l|☆ayayalaptop
|player|p1|
