|j|☆snowclaw2
|j|☆JJK IS TRASH
|t:|1760333856
|gametype|singles
|player|p1|snowclaw2|rosa|1176
|player|p2|JJK IS TRASH|102|1155
|gen|9
|tier|[Gen 9] OU
|rated|
|rule|HP Percentage Mod: HP is shown in percentages
|rule|Endless Battle Clause: Forcing endless battles is banned
|rule|Species Clause: Limit one of each Pokémon
|rule|OHKO Clause: OHKO moves are banned
|rule|Evasion Items Clause: Evasion items are banned
|rule|Evasion Moves Clause: Evasion moves are banned
|rule|Evasion Abilities Clause: Evasion abilities are banned
|rule|Sleep Moves Clause: Sleep-inducing moves are banned
|clearpoke
|poke|p1|Kyurem|
|poke|p1|Corviknight, F|
|poke|p1|Cinderace, M|
|poke|p1|Slowking-Galar, F|
|poke|p1|Kingambit, F|
|poke|p1|Dondozo, M|
|poke|p2|Blissey, F|
|poke|p2|Klawf, M|
|poke|p2|Corviknight, F|
|poke|p2|Toxapex, F|
|poke|p2|Dondozo, F|
|poke|p2|Gliscor, F|
|teampreview
|inactive|Battle timer is ON: inactive players will automatically lose when time's up. (requested by snowclaw2)
|
|t:|1760333875
|teamsize|p1|6
|teamsize|p2|6
|start
|switch|p1a: Cinderace|Cinderace, M|100/100
|switch|p2a: Klawf|Klawf, M|100/100
|turn|1
|inactive|JJK IS TRASH has 120 seconds left.
|
|t:|1760333909
|move|p1a: Cinderace|U-turn|p2a: Klawf
|-start|p1a: Cinderace|typechange|Bug|[from] ability: Libero
|-damage|p2a: Klawf|76/100
|-damage|p1a: Cinderace|84/100|[from] item: Rocky Helmet|[of] p2a: Klawf
|
|t:|1760333920
|switch|p1a: Corviknight|Corviknight, F|100/100|[from] U-turn
|move|p2a: Klawf|Knock Off|p1a: Corviknight
|-damage|p1a: Corviknight|86/100
|-enditem|p1a: Corviknight|Leftovers|[from] move: Knock Off|[of] p2a: Klawf
|
|upkeep
|turn|2
|inactive|JJK IS TRASH has 120 seconds left.
|
|t:|1760333950
|switch|p2a: Dondozo|Dondozo, F|100/100
|move|p1a: Corviknight|Iron Defense|p1a: Corviknight
|-boost|p1a: Corviknight|def|2
|
|upkeep
|turn|3
|
|t:|1760333965
|switch|p2a: Toxapex|Toxapex, F|100/100
|move|p1a: Corviknight|U-turn|p2a: Toxapex
|-resisted|p2a: Toxapex
|-damage|p2a: Toxapex|97/100
|
|t:|1760333969
|switch|p1a: Slowking|Slowking-Galar, F|100/100|[from] U-turn
|
|upkeep
|turn|4
|inactive|JJK IS TRASH has 120 seconds left.
|
|t:|1760333980
|switch|p2a: Gliscor|Gliscor, F, shiny|100/100
|move|p1a: Slowking|Future Sight|p2a: Gliscor
|-start|p1a: Slowking|move: Future Sight
|
|-status|p2a: Gliscor|tox|[from] item: Toxic Orb
|upkeep
|turn|5
|
|t:|1760333987
|move|p2a: Gliscor|Knock Off|p1a: Slowking
|-supereffective|p1a: Slowking
|-damage|p1a: Slowking|52/100
|-enditem|p1a: Slowking|Leftovers|[from] move: Knock Off|[of] p2a: Gliscor
|move|p1a: Slowking|Psychic Noise|p2a: Gliscor
|-damage|p2a: Gliscor|66/100 tox
|-start|p2a: Gliscor|move: Heal Block
|
|upkeep
|turn|6
|
|t:|1760334001
|switch|p2a: Corviknight|Corviknight, F|100/100
|-ability|p2a: Corviknight|Pressure
|-prepare|p1a: Slowking|Chilly Reception|[premajor]
|move|p1a: Slowking|Chilly Reception|p1a: Slowking
|-weather|Snowscape
|
|t:|1760334009
|switch|p1a: Cinderace|Cinderace, M|84/100|[from] Chilly Reception
|
|-weather|Snowscape|[upkeep]
|-end|p2a: Corviknight|move: Future Sight
|-resisted|p2a: Corviknight
|-damage|p2a: Corviknight|72/100
|upkeep
|turn|7
|
|t:|1760334026
|switch|p2a: Toxapex|Toxapex, F|100/100
|move|p1a: Cinderace|Pyro Ball|p2a: Toxapex
|-resisted|p2a: Toxapex
|-damage|p2a: Toxapex|83/100
|
|-weather|Snowscape|[upkeep]
|upkeep
|turn|8
|
|t:|1760334041
|move|p1a: Cinderace|U-turn|p2a: Toxapex
|-start|p1a: Cinderace|typechange|Bug|[from] ability: Libero
|-resisted|p2a: Toxapex
|-damage|p2a: Toxapex|72/100
|
|t:|1760334052
|switch|p1a: Slowking|Slowking-Galar, F|86/100|[from] U-turn
|move|p2a: Toxapex|Toxic|p1a: Slowking
|-immune|p1a: Slowking
|
|-weather|Snowscape|[upkeep]
|upkeep
|turn|9
|inactive|JJK IS TRASH has 120 seconds left.
|
|t:|1760334077
|switch|p2a: Corviknight|Corviknight, F|72/100
|-ability|p2a: Corviknight|Pressure
|move|p1a: Slowking|Future Sight|p2a: Corviknight
|-start|p1a: Slowking|move: Future Sight
|
|-weather|Snowscape|[upkeep]
|upkeep
|turn|10
|
|t:|1760334087
|move|p2a: Corviknight|Roost|p2a: Corviknight
|-heal|p2a: Corviknight|100/100
|-singleturn|p2a: Corviknight|move: Roost
|move|p1a: Slowking|Psychic Noise|p2a: Corviknight
|-resisted|p2a: Corviknight
|-damage|p2a: Corviknight|83/100
|-start|p2a: Corviknight|move: Heal Block
|
|-weather|none
|upkeep
|turn|11
|inactive|JJK IS TRASH has 120 seconds left.
|
|t:|1760334121
|switch|p2a: Blissey|Blissey, F, shiny|100/100
|-prepare|p1a: Slowking|Chilly Reception|[premajor]
|move|p1a: Slowking|Chilly Reception|p1a: Slowking
|-weather|Snowscape
|
|t:|1760334130
|switch|p1a: Kingambit|Kingambit, F|100/100|[from] Chilly Reception
|
|-weather|Snowscape|[upkeep]
|-end|p2a: Blissey|move: Future Sight
|-damage|p2a: Blissey|80/100
|upkeep
|turn|12
|inactive|JJK IS TRASH has 90 seconds left.
|
|t:|1760334160
|switch|p2a: Corviknight|Corviknight, F|83/100
|-ability|p2a: Corviknight|Pressure
|move|p1a: Kingambit|Kowtow Cleave|p2a: Corviknight
|-damage|p2a: Corviknight|51/100
|-damage|p1a: Kingambit|84/100|[from] item: Rocky Helmet|[of] p2a: Corviknight
|
|-weather|Snowscape|[upkeep]
|upkeep
|turn|13
|
|t:|1760334181
|-end|p1a: Kingambit|fallenundefined|[silent]
|switch|p1a: Slowking|Slowking-Galar, F|100/100
|move|p2a: Corviknight|Roost|p2a: Corviknight
|-heal|p2a: Corviknight|100/100
|-singleturn|p2a: Corviknight|move: Roost
|
|-weather|Snowscape|[upkeep]
|upkeep
|turn|14
|inactive|JJK IS TRASH has 90 seconds left.
|inactive|JJK IS TRASH has 60 seconds left.
|
|t:|1760334237
|switch|p2a: Blissey|Blissey, F, shiny|80/100
|move|p1a: Slowking|Future Sight|p2a: Blissey
|-start|p1a: Slowking|move: Future Sight
|
|-weather|Snowscape|[upkeep]
|upkeep
|turn|15
|inactive|JJK IS TRASH has 60 seconds left.
|
|t:|1760334244
|move|p2a: Blissey|Soft-Boiled|p2a: Blissey
|-heal|p2a: Blissey|100/100
|move|p1a: Slowking|Psychic Noise|p2a: Blissey
|-damage|p2a: Blissey|89/100
|-start|p2a: Blissey|move: Heal Block
|
|-weather|none
|upkeep
|turn|16
|inactive|JJK IS TRASH has 60 seconds left.
|
|t:|1760334256
|move|p2a: Blissey|Shadow Ball|p1a: Slowking
|-supereffective|p1a: Slowking
|-damage|p1a: Slowking|79/100
|-prepare|p1a: Slowking|Chilly Reception|[premajor]
|move|p1a: Slowking|Chilly Reception|p1a: Slowking
|-weather|Snowscape
|
|t:|1760334270
|switch|p1a: Cinderace|Cinderace, M|84/100|[from] Chilly Reception
|
|-weather|Snowscape|[upkeep]
|-end|p2a: Blissey|move: Future Sight
|-crit|p2a: Blissey
|-damage|p2a: Blissey|60/100
|-end|p2a: Blissey|move: Heal Block
|upkeep
|turn|17
|
|t:|1760334285
|move|p1a: Cinderace|Will-O-Wisp|p2a: Blissey
|-status|p2a: Blissey|brn
|move|p2a: Blissey|Soft-Boiled|p2a: Blissey
|-heal|p2a: Blissey|100/100 brn
|
|-weather|Snowscape|[upkeep]
|-damage|p2a: Blissey|94/100 brn|[from] brn
|upkeep
|turn|18
|
|t:|1760334293
|-curestatus|p2a: Blissey|brn|[from] ability: Natural Cure
|switch|p2a: Gliscor|Gliscor, F, shiny|66/100 tox
|move|p1a: Cinderace|Pyro Ball|p2a: Gliscor
|-damage|p2a: Gliscor|23/100 tox
|
|-weather|Snowscape|[upkeep]
|-heal|p2a: Gliscor|35/100 tox|[from] ability: Poison Heal
|upkeep
|turn|19
|
|t:|1760334301
|move|p2a: Gliscor|Protect|p2a: Gliscor
|-singleturn|p2a: Gliscor|Protect
|move|p1a: Cinderace|Pyro Ball|p2a: Gliscor
|-activate|p2a: Gliscor|move: Protect
|
|-weather|Snowscape|[upkeep]
|-heal|p2a: Gliscor|48/100 tox|[from] ability: Poison Heal
|upkeep
|turn|20
|
|t:|1760334308
|switch|p2a: Klawf|Klawf, M|100/100
|move|p1a: Cinderace|U-turn|p2a: Klawf
|-start|p1a: Cinderace|typechange|Bug|[from] ability: Libero
|-damage|p2a: Klawf|78/100
|-damage|p1a: Cinderace|67/100|[from] item: Rocky Helmet|[of] p2a: Klawf
|
|t:|1760334315
|switch|p1a: Kyurem|Kyurem|100/100|[from] U-turn
|-ability|p1a: Kyurem|Pressure
|
|-weather|none
|upkeep
|turn|21
|inactive|JJK IS TRASH has 90 seconds left.
|
|t:|1760334337
|switch|p2a: Blissey|Blissey, F, shiny|94/100
|move|p1a: Kyurem|Draco Meteor|p2a: Blissey
|-damage|p2a: Blissey|66/100
|-unboost|p1a: Kyurem|spa|2
|
|upkeep
|turn|22
|
|t:|1760334356
|switch|p1a: Slowking|Slowking-Galar, F|100/100
|move|p2a: Blissey|Soft-Boiled|p2a: Blissey
|-heal|p2a: Blissey|100/100
|
|upkeep
|turn|23
|inactive|JJK IS TRASH has 90 seconds left.
|inactive|JJK IS TRASH has 60 seconds left.
|
|t:|1760334404
|move|p2a: Blissey|Calm Mind|p2a: Blissey
|-boost|p2a: Blissey|spa|1
|-boost|p2a: Blissey|spd|1
|move|p1a: Slowking|Future Sight|p2a: Blissey
|-start|p1a: Slowking|move: Future Sight
|
|upkeep
|turn|24
|inactive|JJK IS TRASH has 60 seconds left.
|
|t:|1760334409
|move|p2a: Blissey|Calm Mind|p2a: Blissey
|-boost|p2a: Blissey|spa|1
|-boost|p2a: Blissey|spd|1
|-prepare|p1a: Slowking|Chilly Reception|[premajor]
|move|p1a: Slowking|Chilly Reception|p1a: Slowking
|-weather|Snowscape
|
|t:|1760334414
|switch|p1a: Kingambit|Kingambit, F|84/100|[from] Chilly Reception
|
|-weather|Snowscape|[upkeep]
|upkeep
|turn|25
|inactive|JJK IS TRASH has 60 seconds left.
|
|t:|1760334430
|switch|p2a: Dondozo|Dondozo, F|100/100
|move|p1a: Kingambit|Kowtow Cleave|p2a: Dondozo
|-damage|p2a: Dondozo|79/100
|
|-weather|Snowscape|[upkeep]
|-end|p2a: Dondozo|move: Future Sight
|-damage|p2a: Dondozo|15/100
|upkeep
|turn|26
|inactive|JJK IS TRASH has 60 seconds left.
|
|t:|1760334443
|-terastallize|p2a: Dondozo|Fighting
|move|p1a: Kingambit|Kowtow Cleave|p2a: Dondozo
|-resisted|p2a: Dondozo
|-damage|p2a: Dondozo|4/100
|move|p2a: Dondozo|Rest|p2a: Dondozo
|-status|p2a: Dondozo|slp|[from] move: Rest
|-heal|p2a: Dondozo|100/100 slp|[silent]
|
|-weather|Snowscape|[upkeep]
|upkeep
|turn|27
|
|t:|1760334459
|-end|p1a: Kingambit|fallenundefined|[silent]
|switch|p1a: Slowking|Slowking-Galar, F|100/100
|cant|p2a: Dondozo|slp
|move|p2a: Dondozo|Sleep Talk|p2a: Dondozo
|move|p2a: Dondozo|Rest||[from] move: Sleep Talk|[still]
|-fail|p2a: Dondozo
|
|-weather|Snowscape|[upkeep]
|upkeep
|turn|28
|
|t:|1760334469
|switch|p2a: Blissey|Blissey, F, shiny|100/100
|move|p1a: Slowking|Future Sight|p2a: Blissey
|-start|p1a: Slowking|move: Future Sight
|
|-weather|none
|upkeep
|turn|29
|
|t:|1760334478
|switch|p2a: Corviknight|Corviknight, F|100/100
|-ability|p2a: Corviknight|Pressure
|switch|p1a: Kingambit|Kingambit, F|84/100
|
|upkeep
|turn|30
|
|t:|1760334493
|-end|p1a: Kingambit|fallenundefined|[silent]
|switch|p1a: Dondozo|Dondozo, M|100/100
|move|p2a: Corviknight|Iron Defense|p2a: Corviknight
|-boost|p2a: Corviknight|def|2
|
|-end|p2a: Corviknight|move: Future Sight
|-resisted|p2a: Corviknight
|-damage|p2a: Corviknight|73/100
|upkeep
|turn|31
|
|t:|1760334513
|switch|p2a: Toxapex|Toxapex, F|100/100
|move|p1a: Dondozo|Curse|p1a: Dondozo
|-unboost|p1a: Dondozo|spe|1
|-boost|p1a: Dondozo|atk|1
|-boost|p1a: Dondozo|def|1
|
|upkeep
|turn|32
|
|t:|1760334522
|move|p2a: Toxapex|Toxic|p1a: Dondozo
|-status|p1a: Dondozo|tox
|move|p1a: Dondozo|Curse|p1a: Dondozo
|-unboost|p1a: Dondozo|spe|1
|-boost|p1a: Dondozo|atk|1
|-boost|p1a: Dondozo|def|1
|
|-damage|p1a: Dondozo|94/100 tox|[from] psn
|upkeep
|turn|33
|
|t:|1760334526
|move|p2a: Toxapex|Haze|p2a: Toxapex
|-clearallboost
|move|p1a: Dondozo|Curse|p1a: Dondozo
|-unboost|p1a: Dondozo|spe|1
|-boost|p1a: Dondozo|atk|1
|-boost|p1a: Dondozo|def|1
|
|-heal|p1a: Dondozo|100/100 tox|[from] item: Leftovers
|-damage|p1a: Dondozo|88/100 tox|[from] psn
|upkeep
|turn|34
|inactive|JJK IS TRASH has 90 seconds left.
|
|t:|1760334538
|move|p2a: Toxapex|Haze|p2a: Toxapex
|-clearallboost
|move|p1a: Dondozo|Wave Crash|p2a: Toxapex
|-resisted|p2a: Toxapex
|-damage|p2a: Toxapex|88/100
|-damage|p1a: Dondozo|86/100 tox|[from] Recoil
|
|-heal|p1a: Dondozo|92/100 tox|[from] item: Leftovers
|-damage|p1a: Dondozo|74/100 tox|[from] psn
|upkeep
|turn|35
|
|t:|1760334546
|move|p1a: Dondozo|Rest|p1a: Dondozo
|-status|p1a: Dondozo|slp|[from] move: Rest
|-heal|p1a: Dondozo|100/100 slp|[silent]
|move|p2a: Toxapex|Toxic Spikes|p1a: Dondozo
|-sidestart|p1: snowclaw2|move: Toxic Spikes
|
|upkeep
|turn|36
|
|t:|1760334551
|switch|p2a: Blissey|Blissey, F, shiny|100/100
|switch|p1a: Slowking|Slowking-Galar, F|100/100
|-sideend|p1: snowclaw2|move: Toxic Spikes|[of] p1a: Slowking
|
|upkeep
|turn|37
|
|t:|1760334561
|switch|p2a: Dondozo|Dondozo, F, tera:Fighting|100/100 slp
|move|p1a: Slowking|Psychic Noise|p2a: Dondozo
|-supereffective|p2a: Dondozo
|-damage|p2a: Dondozo|24/100 slp
|-start|p2a: Dondozo|move: Heal Block
|
|upkeep
|turn|38
|
|t:|1760334571
|switch|p2a: Klawf|Klawf, M|100/100
|move|p1a: Slowking|Psychic Noise|p2a: Klawf
|-damage|p2a: Klawf|42/100
|-start|p2a: Klawf|move: Heal Block
|
|upkeep
|turn|39
|inactive|JJK IS TRASH has 120 seconds left.
|
|t:|1760334578
|switch|p2a: Blissey|Blissey, F, shiny|100/100
|move|p1a: Slowking|Psychic Noise|p2a: Blissey
|-damage|p2a: Blissey|89/100
|-start|p2a: Blissey|move: Heal Block
|
|upkeep
|turn|40
|
|t:|1760334586
|move|p2a: Blissey|Calm Mind|p2a: Blissey
|-boost|p2a: Blissey|spa|1
|-boost|p2a: Blissey|spd|1
|-prepare|p1a: Slowking|Chilly Reception|[premajor]
|move|p1a: Slowking|Chilly Reception|p1a: Slowking
|-weather|Snowscape
|
|t:|1760334592
|switch|p1a: Kingambit|Kingambit, F|84/100|[from] Chilly Reception
|
|-weather|Snowscape|[upkeep]
|-end|p2a: Blissey|move: Heal Block
|upkeep
|turn|41
|
|t:|1760334603
|switch|p2a: Corviknight|Corviknight, F|73/100
|-ability|p2a: Corviknight|Pressure
|move|p1a: Kingambit|Kowtow Cleave|p2a: Corviknight
|-damage|p2a: Corviknight|42/100
|-damage|p1a: Kingambit|67/100|[from] item: Rocky Helmet|[of] p2a: Corviknight
|
|-weather|Snowscape|[upkeep]
|upkeep
|turn|42
|
|t:|1760334632
|move|p2a: Corviknight|Roost|p2a: Corviknight
|-heal|p2a: Corviknight|92/100
|-singleturn|p2a: Corviknight|move: Roost
|move|p1a: Kingambit|Kowtow Cleave|p2a: Corviknight
|-damage|p2a: Corviknight|57/100
|-damage|p1a: Kingambit|51/100|[from] item: Rocky Helmet|[of] p2a: Corviknight
|
|-weather|Snowscape|[upkeep]
|upkeep
|turn|43
|
|t:|1760334653
|-end|p1a: Kingambit|fallenundefined|[silent]
|switch|p1a: Dondozo|Dondozo, M|100/100 slp
|move|p2a: Corviknight|Iron Defense|p2a: Corviknight
|-boost|p2a: Corviknight|def|2
|
|-weather|Snowscape|[upkeep]
|upkeep
|turn|44
|
|t:|1760334660
|switch|p2a: Dondozo|Dondozo, F, tera:Fighting|24/100 slp
|cant|p1a: Dondozo|slp
|move|p1a: Dondozo|Sleep Talk|p1a: Dondozo
|move|p1a: Dondozo|Rest||[from] move: Sleep Talk|[still]
|-fail|p1a: Dondozo
|
|-weather|none
|upkeep
|turn|45
|
|t:|1760334666
|cant|p2a: Dondozo|slp
|move|p2a: Dondozo|Sleep Talk|p2a: Dondozo
|move|p2a: Dondozo|Avalanche|p1a: Dondozo|[from] move: Sleep Talk
|-resisted|p1a: Dondozo
|-damage|p1a: Dondozo|97/100 slp
|cant|p1a: Dondozo|slp
|move|p1a: Dondozo|Sleep Talk|p1a: Dondozo
|move|p1a: Dondozo|Curse|p1a: Dondozo|[from] move: Sleep Talk
|-unboost|p1a: Dondozo|spe|1
|-boost|p1a: Dondozo|atk|1
|-boost|p1a: Dondozo|def|1
|
|-heal|p1a: Dondozo|100/100 slp|[from] item: Leftovers
|upkeep
|turn|46
|
|t:|1760334684
|-curestatus|p2a: Dondozo|slp|[msg]
|move|p2a: Dondozo|Rest|p2a: Dondozo
|-status|p2a: Dondozo|slp|[from] move: Rest
|-heal|p2a: Dondozo|100/100 slp|[silent]
|-curestatus|p1a: Dondozo|slp|[msg]
|move|p1a: Dondozo|Wave Crash|p2a: Dondozo
|-damage|p2a: Dondozo|82/100 slp
|-damage|p1a: Dondozo|94/100|[from] Recoil
|
|-heal|p1a: Dondozo|100/100|[from] item: Leftovers
|upkeep
|turn|47
|inactive|JJK IS TRASH has 120 seconds left.
|
|t:|1760334716
|switch|p2a: Toxapex|Toxapex, F|100/100
|move|p1a: Dondozo|Curse|p1a: Dondozo
|-unboost|p1a: Dondozo|spe|1
|-boost|p1a: Dondozo|atk|1
|-boost|p1a: Dondozo|def|1
|
|upkeep
|turn|48
|
|t:|1760334731
|move|p2a: Toxapex|Toxic|p1a: Dondozo
|-status|p1a: Dondozo|tox
|move|p1a: Dondozo|Wave Crash|p2a: Toxapex
|-resisted|p2a: Toxapex
|-damage|p2a: Toxapex|75/100
|-damage|p1a: Dondozo|95/100 tox|[from] Recoil
|
|-heal|p1a: Dondozo|100/100 tox|[from] item: Leftovers
|-damage|p1a: Dondozo|94/100 tox|[from] psn
|upkeep
|turn|49
|
|t:|1760334738
|move|p2a: Toxapex|Haze|p2a: Toxapex
|-clearallboost
|move|p1a: Dondozo|Rest|p1a: Dondozo
|-status|p1a: Dondozo|slp|[from] move: Rest
|-heal|p1a: Dondozo|100/100 slp|[silent]
|
|upkeep
|turn|50
|
|t:|1760334753
|switch|p2a: Corviknight|Corviknight, F|57/100
|-ability|p2a: Corviknight|Pressure
|cant|p1a: Dondozo|slp
|
|upkeep
|turn|51
|
|t:|1760334771
|move|p2a: Corviknight|Roost|p2a: Corviknight
|-heal|p2a: Corviknight|100/100
|-singleturn|p2a: Corviknight|move: Roost
|cant|p1a: Dondozo|slp
|
|upkeep
|turn|52
|
|t:|1760334783
|switch|p2a: Toxapex|Toxapex, F|100/100
|-curestatus|p1a: Dondozo|slp|[msg]
|move|p1a: Dondozo|Curse|p1a: Dondozo
|-unboost|p1a: Dondozo|spe|1
|-boost|p1a: Dondozo|atk|1
|-boost|p1a: Dondozo|def|1
|
|upkeep
|turn|53
|
|t:|1760334789
|move|p2a: Toxapex|Toxic|p1a: Dondozo
|-status|p1a: Dondozo|tox
|move|p1a: Dondozo|Wave Crash|p2a: Toxapex
|-resisted|p2a: Toxapex
|-damage|p2a: Toxapex|82/100
|-damage|p1a: Dondozo|97/100 tox|[from] Recoil
|
|-heal|p1a: Dondozo|100/100 tox|[from] item: Leftovers
|-damage|p1a: Dondozo|94/100 tox|[from] psn
|upkeep
|turn|54
|
|t:|1760334795
|move|p2a: Toxapex|Haze|p2a: Toxapex
|-clearallboost
|move|p1a: Dondozo|Wave Crash|p2a: Toxapex
|-resisted|p2a: Toxapex
|-damage|p2a: Toxapex|70/100
|-damage|p1a: Dondozo|92/100 tox|[from] Recoil
|
|-heal|p1a: Dondozo|98/100 tox|[from] item: Leftovers
|-damage|p1a: Dondozo|86/100 tox|[from] psn
|upkeep
|turn|55
|
|t:|1760334803
|move|p2a: Toxapex|Recover|p2a: Toxapex
|-heal|p2a: Toxapex|100/100
|move|p1a: Dondozo|Wave Crash|p2a: Toxapex
|-resisted|p2a: Toxapex
|-damage|p2a: Toxapex|88/100
|-damage|p1a: Dondozo|83/100 tox|[from] Recoil
|
|-heal|p1a: Dondozo|89/100 tox|[from] item: Leftovers
|-damage|p1a: Dondozo|71/100 tox|[from] psn
|upkeep
|turn|56
|
|t:|1760334812
|move|p1a: Dondozo|Wave Crash|p2a: Toxapex
|-resisted|p2a: Toxapex
|-damage|p2a: Toxapex|75/100
|-damage|p1a: Dondozo|68/100 tox|[from] Recoil
|move|p2a: Toxapex|Toxic Spikes|p1a: Dondozo
|-sidestart|p1: snowclaw2|move: Toxic Spikes
|
|-heal|p1a: Dondozo|74/100 tox|[from] item: Leftovers
|-damage|p1a: Dondozo|50/100 tox|[from] psn
|upkeep
|turn|57
|
|t:|1760334818
|move|p2a: Toxapex|Toxic Spikes|p1a: Dondozo
|-sidestart|p1: snowclaw2|move: Toxic Spikes
|move|p1a: Dondozo|Rest|p1a: Dondozo
|-status|p1a: Dondozo|slp|[from] move: Rest
|-heal|p1a: Dondozo|100/100 slp|[silent]
|
|upkeep
|turn|58
|
|t:|1760334836
|switch|p1a: Slowking|Slowking-Galar, F|100/100
|-sideend|p1: snowclaw2|move: Toxic Spikes|[of] p1a: Slowking
|switch|p2a: Gliscor|Gliscor, F, shiny|48/100 tox
|
|-heal|p2a: Gliscor|60/100 tox|[from] ability: Poison Heal
|upkeep
|turn|59
|
|t:|1760334849
|move|p2a: Gliscor|Protect|p2a: Gliscor
|-singleturn|p2a: Gliscor|Protect
|move|p1a: Slowking|Psychic Noise|p2a: Gliscor
|-activate|p2a: Gliscor|move: Protect
|
|-heal|p2a: Gliscor|73/100 tox|[from] ability: Poison Heal
|upkeep
|turn|60
|
|t:|1760334865
|switch|p2a: Blissey|Blissey, F, shiny|89/100
|-prepare|p1a: Slowking|Chilly Reception|[premajor]
|move|p1a: Slowking|Chilly Reception|p1a: Slowking
|-weather|Snowscape
|
|t:|1760334875
|switch|p1a: Dondozo|Dondozo, M|100/100 slp|[from] Chilly Reception
|
|-weather|Snowscape|[upkeep]
|upkeep
|turn|61
|
|t:|1760334889
|switch|p2a: Toxapex|Toxapex, F|100/100
|cant|p1a: Dondozo|slp
|move|p1a: Dondozo|Sleep Talk|p1a: Dondozo
|move|p1a: Dondozo|Rest||[from] move: Sleep Talk|[still]
|-fail|p1a: Dondozo
|
|-weather|Snowscape|[upkeep]
|upkeep
|turn|62
|inactive|JJK IS TRASH has 120 seconds left.
|
|t:|1760334923
|move|p2a: Toxapex|Toxic||[still]
|-fail|p2a: Toxapex
|cant|p1a: Dondozo|slp
|
|-weather|Snowscape|[upkeep]
|upkeep
|turn|63
|inactive|JJK IS TRASH has 120 seconds left.
|
|t:|1760334946
|switch|p1a: Corviknight|Corviknight, F|86/100
|move|p2a: Toxapex|Toxic Spikes|p1a: Corviknight
|-sidestart|p1: snowclaw2|move: Toxic Spikes
|
|-weather|Snowscape|[upkeep]
|upkeep
|turn|64
|inactive|JJK IS TRASH has 120 seconds left.
|inactive|JJK IS TRASH has 90 seconds left.
|
|t:|1760334993
|switch|p2a: Corviknight|Corviknight, F|100/100
|-ability|p2a: Corviknight|Pressure
|move|p1a: Corviknight|U-turn|p2a: Corviknight
|-resisted|p2a: Corviknight
|-damage|p2a: Corviknight|98/100
|-damage|p1a: Corviknight|70/100|[from] item: Rocky Helmet|[of] p2a: Corviknight
|inactive|snowclaw2 has 120 seconds left.
|
|t:|1760335014
|switch|p1a: Cinderace|Cinderace, M|67/100|[from] U-turn
|
|-weather|none
|upkeep
|turn|65
|inactive|snowclaw2 has 120 seconds left.
|inactive|JJK IS TRASH has 90 seconds left.
|
|t:|1760335035
|switch|p2a: Toxapex|Toxapex, F|100/100
|move|p1a: Cinderace|Will-O-Wisp|p2a: Toxapex
|-status|p2a: Toxapex|brn
|
|-damage|p2a: Toxapex|94/100 brn|[from] brn
|upkeep
|turn|66
|inactive|snowclaw2 has 120 seconds left.
|
|t:|1760335049
|switch|p2a: Corviknight|Corviknight, F|98/100
|-ability|p2a: Corviknight|Pressure
|move|p1a: Cinderace|U-turn|p2a: Corviknight
|-start|p1a: Cinderace|typechange|Bug|[from] ability: Libero
|-resisted|p2a: Corviknight
|-damage|p2a: Corviknight|93/100
|-damage|p1a: Cinderace|51/100|[from] item: Rocky Helmet|[of] p2a: Corviknight
|inactive|snowclaw2 has 120 seconds left.
|
|t:|1760335056
|switch|p1a: Slowking|Slowking-Galar, F|100/100|[from] U-turn
|-sideend|p1: snowclaw2|move: Toxic Spikes|[of] p1a: Slowking
|
|upkeep
|turn|67
|inactive|JJK IS TRASH has 90 seconds left.
|
|t:|1760335066
|move|p2a: Corviknight|Brave Bird|p1a: Slowking
|-damage|p1a: Slowking|61/100
|-damage|p2a: Corviknight|80/100|[from] Recoil
|move|p1a: Slowking|Future Sight|p2a: Corviknight
|-start|p1a: Slowking|move: Future Sight
|
|upkeep
|turn|68
|
|t:|1760335080
|switch|p2a: Blissey|Blissey, F, shiny|89/100
|switch|p1a: Dondozo|Dondozo, M|100/100 slp
|
|upkeep
|turn|69
|inactive|snowclaw2 has 120 seconds left.
|
|t:|1760335101
|switch|p2a: Toxapex|Toxapex, F|100/100 brn
|-curestatus|p1a: Dondozo|slp|[msg]
|move|p1a: Dondozo|Wave Crash|p2a: Toxapex
|-resisted|p2a: Toxapex
|-damage|p2a: Toxapex|89/100 brn
|-damage|p1a: Dondozo|98/100|[from] Recoil
|
|-end|p2a: Toxapex|move: Future Sight
|-supereffective|p2a: Toxapex
|-damage|p2a: Toxapex|0 fnt
|faint|p2a: Toxapex
|-heal|p1a: Dondozo|100/100|[from] item: Leftovers
|upkeep
|-message|JJK IS TRASH forfeited.
|
|win|snowclaw2
|raw|snowclaw2's rating: 1176 &rarr; <strong>1199</strong><br />(+23 for winning)
|raw|JJK IS TRASH's rating: 1155 &rarr; <strong>1132</strong><br />(-23 for losing)
|l|☆JJK IS TRASH
|player|p2|
|l|☆snowclaw2
|player|p1|
