|j|☆fllynnthe7th
|j|☆rubicouss
|t:|1760319986
|gametype|singles
|player|p1|fllynnthe7th|acetrainer-gen4dp|1208
|player|p2|rubicouss|gambler|1252
|gen|9
|tier|[Gen 9] OU
|rated|
|rule|HP Percentage Mod: HP is shown in percentages
|rule|Endless Battle Clause: Forcing endless battles is banned
|rule|Species Clause: Limit one of each Pokémon
|rule|OHKO Clause: OHKO moves are banned
|rule|Evasion Items Clause: Evasion items are banned
|rule|Evasion Moves Clause: Evasion moves are banned
|rule|Evasion Abilities Clause: Evasion abilities are banned
|rule|Sleep Moves Clause: Sleep-inducing moves are banned
|clearpoke
|poke|p1|Decidueye, M|
|poke|p1|Haxorus, M|
|poke|p1|Ninetales-Alola, F|
|poke|p1|Ribombee, F|
|poke|p1|Iron Moth|
|poke|p1|Excadrill, M|
|poke|p2|Hariyama, M|
|poke|p2|Spidops, F|
|poke|p2|Gholdengo|
|poke|p2|Blissey, F|
|poke|p2|Sinistcha|
|poke|p2|Great Tusk|
|teampreview
|inactive|Battle timer is ON: inactive players will automatically lose when time's up. (requested by fllynnthe7th)
|
|t:|1760319998
|teamsize|p1|6
|teamsize|p2|6
|start
|switch|p1a: Ribombee|Ribombee, F, shiny|100/100
|switch|p2a: Spidops|Spidops, F|100/100
|turn|1
|
|t:|1760320003
|move|p1a: Ribombee|Stun Spore|p2a: Spidops
|-status|p2a: Spidops|par
|cant|p2a: Spidops|par
|
|upkeep
|turn|2
|
|t:|1760320009
|move|p1a: Ribombee|Sticky Web|p2a: Spidops
|-sidestart|p2: rubicouss|move: Sticky Web
|cant|p2a: Spidops|par
|
|upkeep
|turn|3
|
|t:|1760320016
|switch|p1a: Drilio|Excadrill, M, shiny|100/100
|-ability|p1a: Drilio|Mold Breaker
|cant|p2a: Spidops|par
|
|upkeep
|turn|4
|
|t:|1760320022
|move|p1a: Drilio|Stealth Rock|p2a: Spidops
|-sidestart|p2: rubicouss|move: Stealth Rock
|move|p2a: Spidops|Circle Throw|p1a: Drilio
|-supereffective|p1a: Drilio
|-damage|p1a: Drilio|55/100
|drag|p1a: Ninetales|Ninetales-Alola, F, shiny|100/100
|-weather|Snowscape|[from] ability: Snow Warning|[of] p1a: Ninetales
|
|-weather|Snowscape|[upkeep]
|upkeep
|turn|5
|
|t:|1760320029
|move|p1a: Ninetales|Hex|p2a: Spidops
|-damage|p2a: Spidops|62/100 par
|-enditem|p2a: Spidops|Red Card|[of] p1a: Ninetales
|drag|p1a: Drilio|Excadrill, M, shiny|55/100
|-ability|p1a: Drilio|Mold Breaker
|move|p2a: Spidops|Sticky Web|p1a: Drilio
|-sidestart|p1: fllynnthe7th|move: Sticky Web
|
|-weather|Snowscape|[upkeep]
|upkeep
|turn|6
|
|t:|1760320041
|move|p1a: Drilio|Rapid Spin|p2a: Spidops
|-damage|p2a: Spidops|40/100 par
|-boost|p1a: Drilio|spe|1
|-sideend|p1: fllynnthe7th|Sticky Web|[from] move: Rapid Spin|[of] p1a: Drilio
|cant|p2a: Spidops|par
|
|-weather|Snowscape|[upkeep]
|upkeep
|turn|7
|
|t:|1760320047
|move|p1a: Drilio|Iron Head|p2a: Spidops
|-damage|p2a: Spidops|0 fnt
|faint|p2a: Spidops
|
|-weather|Snowscape|[upkeep]
|upkeep
|
|t:|1760320054
|switch|p2a: Great Tusk|Great Tusk|100/100
|turn|8
|
|t:|1760320062
|switch|p1a: Reiva|Decidueye, M, shiny|100/100
|move|p2a: Great Tusk|Ice Spinner|p1a: Reiva
|-supereffective|p1a: Reiva
|-damage|p1a: Reiva|35/100
|
|-weather|Snowscape|[upkeep]
|upkeep
|turn|9
|
|t:|1760320069
|move|p2a: Great Tusk|Ice Spinner|p1a: Reiva
|-supereffective|p1a: Reiva
|-damage|p1a: Reiva|0 fnt
|faint|p1a: Reiva
|
|-weather|Snowscape|[upkeep]
|upkeep
|
|t:|1760320073
|switch|p1a: Ribombee|Ribombee, F, shiny|100/100
|turn|10
|
|t:|1760320079
|-end|p2a: Great Tusk|Protosynthesis|[silent]
|switch|p2a: Gholdengo|Gholdengo|100/100
|-activate|p2a: Gholdengo|move: Sticky Web
|-unboost|p2a: Gholdengo|spe|1
|-damage|p2a: Gholdengo|94/100|[from] Stealth Rock
|move|p1a: Ribombee|Stun Spore|p2a: Gholdengo
|-immune|p2a: Gholdengo|[from] ability: Good as Gold
|
|-weather|Snowscape|[upkeep]
|upkeep
|turn|11
|
|t:|1760320089
|switch|p1a: Iron Moth|Iron Moth, shiny|100/100
|-enditem|p1a: Iron Moth|Booster Energy
|-activate|p1a: Iron Moth|ability: Quark Drive|[fromitem]
|-start|p1a: Iron Moth|quarkdrivespa
|move|p2a: Gholdengo|Trick|p1a: Iron Moth
|-activate|p2a: Gholdengo|move: Trick|[of] p1a: Iron Moth
|-item|p1a: Iron Moth|Choice Scarf|[from] move: Trick
|-enditem|p2a: Gholdengo|Choice Scarf|[silent]|[from] move: Trick
|
|-weather|none
|upkeep
|turn|12
|
|t:|1760320098
|switch|p2a: Blissey|Blissey, F|100/100
|-activate|p2a: Blissey|move: Sticky Web
|-unboost|p2a: Blissey|spe|1
|-damage|p2a: Blissey|88/100|[from] Stealth Rock
|move|p1a: Iron Moth|Fiery Dance|p2a: Blissey
|-damage|p2a: Blissey|69/100
|
|-heal|p2a: Blissey|75/100|[from] item: Leftovers
|upkeep
|turn|13
|
|t:|1760320107
|move|p1a: Iron Moth|Fiery Dance|p2a: Blissey
|-damage|p2a: Blissey|53/100
|move|p2a: Blissey|Seismic Toss|p1a: Iron Moth
|-damage|p1a: Iron Moth|67/100
|
|-heal|p2a: Blissey|59/100|[from] item: Leftovers
|upkeep
|turn|14
|
|t:|1760320112
|move|p1a: Iron Moth|Fiery Dance|p2a: Blissey
|-damage|p2a: Blissey|38/100
|-boost|p1a: Iron Moth|spa|1
|move|p2a: Blissey|Soft-Boiled|p2a: Blissey
|-heal|p2a: Blissey|88/100
|
|-heal|p2a: Blissey|94/100|[from] item: Leftovers
|upkeep
|turn|15
|
|t:|1760320118
|move|p1a: Iron Moth|Fiery Dance|p2a: Blissey
|-damage|p2a: Blissey|60/100
|move|p2a: Blissey|Seismic Toss|p1a: Iron Moth
|-damage|p1a: Iron Moth|34/100
|
|-heal|p2a: Blissey|66/100|[from] item: Leftovers
|upkeep
|turn|16
|
|t:|1760320123
|move|p1a: Iron Moth|Fiery Dance|p2a: Blissey
|-crit|p2a: Blissey
|-damage|p2a: Blissey|21/100
|-boost|p1a: Iron Moth|spa|1
|move|p2a: Blissey|Seismic Toss|p1a: Iron Moth
|-damage|p1a: Iron Moth|1/100
|
|-heal|p2a: Blissey|27/100|[from] item: Leftovers
|upkeep
|turn|17
|
|t:|1760320127
|move|p1a: Iron Moth|Fiery Dance|p2a: Blissey
|-damage|p2a: Blissey|0 fnt
|-boost|p1a: Iron Moth|spa|1
|faint|p2a: Blissey
|
|upkeep
|
|t:|1760320133
|switch|p2a: Hariyama|Hariyama, M|100/100
|-activate|p2a: Hariyama|move: Sticky Web
|-unboost|p2a: Hariyama|spe|1
|-damage|p2a: Hariyama|94/100|[from] Stealth Rock
|turn|18
|
|t:|1760320136
|move|p2a: Hariyama|Bullet Punch|p1a: Iron Moth
|-resisted|p1a: Iron Moth
|-damage|p1a: Iron Moth|0 fnt
|faint|p1a: Iron Moth
|-end|p1a: Iron Moth|Quark Drive|[silent]
|
|upkeep
|
|t:|1760320140
|switch|p1a: Ribombee|Ribombee, F, shiny|100/100
|turn|19
|
|t:|1760320147
|switch|p2a: Gholdengo|Gholdengo|94/100
|-activate|p2a: Gholdengo|move: Sticky Web
|-unboost|p2a: Gholdengo|spe|1
|-damage|p2a: Gholdengo|88/100|[from] Stealth Rock
|move|p1a: Ribombee|Stun Spore|p2a: Gholdengo
|-immune|p2a: Gholdengo|[from] ability: Good as Gold
|
|upkeep
|turn|20
|
|t:|1760320157
|switch|p1a: Drilio|Excadrill, M, shiny|55/100
|-ability|p1a: Drilio|Mold Breaker
|move|p2a: Gholdengo|Trick|p1a: Drilio
|-activate|p2a: Gholdengo|move: Trick|[of] p1a: Drilio
|-enditem|p1a: Drilio|Heavy-Duty Boots|[silent]|[from] move: Trick
|-item|p2a: Gholdengo|Heavy-Duty Boots|[from] move: Trick
|
|upkeep
|turn|21
|
|t:|1760320165
|switch|p2a: Great Tusk|Great Tusk|100/100
|move|p1a: Drilio|Earthquake|p2a: Great Tusk
|-damage|p2a: Great Tusk|62/100
|
|upkeep
|turn|22
|
|t:|1760320174
|switch|p1a: Ninetales|Ninetales-Alola, F, shiny|100/100
|-weather|Snowscape|[from] ability: Snow Warning|[of] p1a: Ninetales
|move|p2a: Great Tusk|Rapid Spin|p1a: Ninetales
|-damage|p1a: Ninetales|83/100
|-boost|p2a: Great Tusk|spe|1
|-sideend|p2: rubicouss|Stealth Rock|[from] move: Rapid Spin|[of] p2a: Great Tusk
|-sideend|p2: rubicouss|Sticky Web|[from] move: Rapid Spin|[of] p2a: Great Tusk
|
|-weather|Snowscape|[upkeep]
|upkeep
|turn|23
|
|t:|1760320186
|-end|p2a: Great Tusk|Protosynthesis|[silent]
|switch|p2a: Gholdengo|Gholdengo|88/100
|-terastallize|p1a: Ninetales|Water
|move|p1a: Ninetales|Moonblast|p2a: Gholdengo
|-resisted|p2a: Gholdengo
|-damage|p2a: Gholdengo|69/100
|
|-weather|Snowscape|[upkeep]
|upkeep
|turn|24
|
|t:|1760320196
|move|p1a: Ninetales|Aurora Veil|p1a: Ninetales
|-sidestart|p1: fllynnthe7th|move: Aurora Veil
|move|p2a: Gholdengo|Nasty Plot|p2a: Gholdengo
|-boost|p2a: Gholdengo|spa|2
|
|-weather|Snowscape|[upkeep]
|upkeep
|turn|25
|
|t:|1760320202
|move|p1a: Ninetales|Hex|p2a: Gholdengo
|-supereffective|p2a: Gholdengo
|-damage|p2a: Gholdengo|32/100
|move|p2a: Gholdengo|Shadow Ball|p1a: Ninetales
|-damage|p1a: Ninetales|36/100
|
|-weather|Snowscape|[upkeep]
|upkeep
|turn|26
|
|t:|1760320206
|move|p1a: Ninetales|Hex|p2a: Gholdengo
|-supereffective|p2a: Gholdengo
|-damage|p2a: Gholdengo|0 fnt
|faint|p2a: Gholdengo
|
|-weather|Snowscape|[upkeep]
|upkeep
|
|t:|1760320211
|switch|p2a: Sinistcha|Sinistcha|100/100
|turn|27
|
|t:|1760320216
|move|p1a: Ninetales|Blizzard|p2a: Sinistcha
|-supereffective|p2a: Sinistcha
|-damage|p2a: Sinistcha|10/100
|move|p2a: Sinistcha|Matcha Gotcha|p1a: Ninetales
|-supereffective|p1a: Ninetales
|-damage|p1a: Ninetales|0 fnt
|-heal|p2a: Sinistcha|24/100|[from] drain|[of] p1a: Ninetales
|faint|p1a: Ninetales
|
|-weather|Snowscape|[upkeep]
|-heal|p2a: Sinistcha|31/100|[from] item: Leftovers
|upkeep
|
|t:|1760320225
|switch|p1a: Vailax|Haxorus, M, shiny|100/100
|-ability|p1a: Vailax|Mold Breaker
|turn|28
|
|t:|1760320228
|move|p1a: Vailax|Swords Dance|p1a: Vailax
|-boost|p1a: Vailax|atk|2
|move|p2a: Sinistcha|Strength Sap|p1a: Vailax
|-unboost|p1a: Vailax|atk|1
|-heal|p2a: Sinistcha|100/100
|
|-weather|Snowscape|[upkeep]
|-sideend|p1: fllynnthe7th|move: Aurora Veil
|upkeep
|turn|29
|
|t:|1760320235
|move|p1a: Vailax|Scale Shot|p2a: Sinistcha
|-damage|p2a: Sinistcha|86/100
|-crit|p2a: Sinistcha
|-damage|p2a: Sinistcha|64/100
|-damage|p2a: Sinistcha|50/100
|-damage|p2a: Sinistcha|34/100
|-damage|p2a: Sinistcha|20/100
|-hitcount|p2a: Sinistcha|5
|-unboost|p1a: Vailax|def|1
|-boost|p1a: Vailax|spe|1
|move|p2a: Sinistcha|Shadow Ball|p1a: Vailax
|-damage|p1a: Vailax|49/100
|
|-weather|none
|-heal|p2a: Sinistcha|26/100|[from] item: Leftovers
|upkeep
|turn|30
|
|t:|1760320251
|move|p1a: Vailax|Scale Shot|p2a: Sinistcha|[miss]
|-miss|p1a: Vailax|p2a: Sinistcha
|move|p2a: Sinistcha|Strength Sap|p1a: Vailax
|-unboost|p1a: Vailax|atk|1
|-heal|p2a: Sinistcha|100/100
|
|upkeep
|turn|31
|
|t:|1760320257
|switch|p1a: Ribombee|Ribombee, F, shiny|100/100
|move|p2a: Sinistcha|Shadow Ball|p1a: Ribombee
|-damage|p1a: Ribombee|43/100
|
|upkeep
|turn|32
|
|t:|1760320261
|move|p1a: Ribombee|Sticky Web|p2a: Sinistcha
|-sidestart|p2: rubicouss|move: Sticky Web
|move|p2a: Sinistcha|Shadow Ball|p1a: Ribombee
|-damage|p1a: Ribombee|0 fnt
|faint|p1a: Ribombee
|
|upkeep
|
|t:|1760320265
|switch|p1a: Vailax|Haxorus, M, shiny|49/100
|-ability|p1a: Vailax|Mold Breaker
|turn|33
|
|t:|1760320270
|move|p1a: Vailax|Iron Head|p2a: Sinistcha
|-damage|p2a: Sinistcha|78/100
|move|p2a: Sinistcha|Shadow Ball|p1a: Vailax
|-damage|p1a: Vailax|0 fnt
|faint|p1a: Vailax
|
|-heal|p2a: Sinistcha|84/100|[from] item: Leftovers
|upkeep
|
|t:|1760320272
|switch|p1a: Drilio|Excadrill, M, shiny|55/100
|-ability|p1a: Drilio|Mold Breaker
|turn|34
|
|t:|1760320276
|move|p1a: Drilio|Iron Head|p2a: Sinistcha
|-damage|p2a: Sinistcha|56/100
|move|p2a: Sinistcha|Strength Sap|p1a: Drilio
|-unboost|p1a: Drilio|atk|1
|-heal|p2a: Sinistcha|100/100
|
|upkeep
|turn|35
|-message|fllynnthe7th forfeited.
|
|win|rubicouss
|raw|fllynnthe7th's rating: 1208 &rarr; <strong>1186</strong><br />(-22 for losing)
|raw|rubicouss's rating: 1252 &rarr; <strong>1274</strong><br />(+22 for winning)
|l|☆fllynnthe7th
|player|p1|
|l|☆rubicouss
|player|p2|
