|j|☆hsp20040923
|j|☆Denvertzzz
|t:|1760460547
|gametype|singles
|player|p1|hsp20040923|pokemonbreeder|1232
|player|p2|Denvertzzz|266|1206
|gen|9
|tier|[Gen 9] OU
|rated|
|rule|HP Percentage Mod: HP is shown in percentages
|rule|Endless Battle Clause: Forcing endless battles is banned
|rule|Species Clause: Limit one of each Pokémon
|rule|OHKO Clause: OHKO moves are banned
|rule|Evasion Items Clause: Evasion items are banned
|rule|Evasion Moves Clause: Evasion moves are banned
|rule|Evasion Abilities Clause: Evasion abilities are banned
|rule|Sleep Moves Clause: Sleep-inducing moves are banned
|clearpoke
|poke|p1|Ceruledge, M|
|poke|p1|Raging Bolt|
|poke|p1|Ting-Lu|
|poke|p1|Enamorus, F|
|poke|p1|Conkeldurr, M|
|poke|p1|Slowking-Galar, F|
|poke|p2|Iron Valiant|
|poke|p2|Thundurus-Therian, M|
|poke|p2|Hitmonlee, M|
|poke|p2|Darkrai|
|poke|p2|Skarmory, F|
|poke|p2|Regice|
|teampreview
|
|t:|1760460556
|teamsize|p1|6
|teamsize|p2|6
|start
|switch|p1a: Ceruledge|Ceruledge, M|100/100
|switch|p2a: Thundurus|Thundurus-Therian, M|100/100
|turn|1
|
|t:|1760460571
|move|p2a: Thundurus|Electric Terrain|p2a: Thundurus
|-fieldstart|move: Electric Terrain
|move|p1a: Ceruledge|Poltergeist|p2a: Thundurus
|-activate|p2a: Thundurus|move: Poltergeist|Terrain Extender
|-damage|p2a: Thundurus|18/100
|
|upkeep
|turn|2
|
|t:|1760460583
|move|p2a: Thundurus|Volt Switch|p1a: Ceruledge
|-damage|p1a: Ceruledge|56/100
|
|t:|1760460586
|switch|p2a: Hitmonlee|Hitmonlee, M|100/100|[from] Volt Switch
|-enditem|p2a: Hitmonlee|Electric Seed
|-boost|p2a: Hitmonlee|def|1|[from] item: Electric Seed
|move|p1a: Ceruledge|Swords Dance|p1a: Ceruledge
|-boost|p1a: Ceruledge|atk|2
|
|upkeep
|turn|3
|inactive|Battle timer is ON: inactive players will automatically lose when time's up. (requested by Denvertzzz)
|
|t:|1760460607
|move|p1a: Ceruledge|Shadow Sneak|p2a: Hitmonlee
|-damage|p2a: Hitmonlee|38/100
|move|p2a: Hitmonlee|Knock Off|p1a: Ceruledge
|-supereffective|p1a: Ceruledge
|-damage|p1a: Ceruledge|0 fnt
|-enditem|p1a: Ceruledge|Focus Sash|[from] move: Knock Off|[of] p2a: Hitmonlee
|faint|p1a: Ceruledge
|
|upkeep
|
|t:|1760460618
|switch|p1a: Enamorus|Enamorus, F|100/100
|turn|4
|
|t:|1760460626
|move|p2a: Hitmonlee|Poison Jab|p1a: Enamorus
|-supereffective|p1a: Enamorus
|-crit|p1a: Enamorus
|-damage|p1a: Enamorus|0 fnt
|faint|p1a: Enamorus
|
|upkeep
|
|t:|1760460632
|switch|p1a: Conkeldurr|Conkeldurr, M, shiny|100/100
|turn|5
|
|t:|1760460639
|switch|p1a: Raging Bolt|Raging Bolt|100/100
|move|p2a: Hitmonlee|Knock Off|p1a: Raging Bolt
|-damage|p1a: Raging Bolt|66/100
|-enditem|p1a: Raging Bolt|Choice Specs|[from] move: Knock Off|[of] p2a: Hitmonlee
|
|upkeep
|turn|6
|
|t:|1760460653
|switch|p2a: Regice|Regice, shiny|100/100
|move|p1a: Raging Bolt|Thunderclap||[still]
|-fail|p1a: Raging Bolt
|
|upkeep
|turn|7
|
|t:|1760460667
|-terastallize|p1a: Raging Bolt|Electric
|move|p1a: Raging Bolt|Volt Switch|p2a: Regice
|-damage|p2a: Regice|75/100
|
|t:|1760460672
|-end|p1a: Raging Bolt|Protosynthesis|[silent]
|switch|p1a: Slowking|Slowking-Galar, F|100/100|[from] Volt Switch
|move|p2a: Regice|Blizzard|p1a: Slowking
|-damage|p1a: Slowking|60/100
|
|upkeep
|turn|8
|
|t:|1760460694
|switch|p2a: Skarmory|Skarmory, F, shiny|100/100
|move|p1a: Slowking|Trick Room|p1a: Slowking
|-fieldstart|move: Trick Room|[of] p1a: Slowking
|
|-fieldend|move: Electric Terrain
|upkeep
|turn|9
|
|t:|1760460723
|move|p1a: Slowking|Future Sight|p2a: Skarmory
|-start|p1a: Slowking|move: Future Sight
|move|p2a: Skarmory|Spikes|p1a: Slowking
|-sidestart|p1: hsp20040923|Spikes
|
|upkeep
|turn|10
|
|t:|1760460728
|switch|p1a: Raging Bolt|Raging Bolt, tera:Electric|66/100
|-damage|p1a: Raging Bolt|53/100|[from] Spikes
|move|p2a: Skarmory|Spikes|p1a: Raging Bolt
|-sidestart|p1: hsp20040923|Spikes
|
|upkeep
|turn|11
|
|t:|1760460738
|-terastallize|p2a: Skarmory|Fighting
|move|p2a: Skarmory|Body Press|p1a: Raging Bolt
|-damage|p1a: Raging Bolt|6/100
|move|p1a: Raging Bolt|Volt Switch|p2a: Skarmory
|-damage|p2a: Skarmory|23/100
|
|t:|1760460751
|-end|p1a: Raging Bolt|Protosynthesis|[silent]
|switch|p1a: Slowking|Slowking-Galar, F|94/100|[from] Volt Switch
|
|-end|p2a: Skarmory|move: Future Sight
|-supereffective|p2a: Skarmory
|-damage|p2a: Skarmory|0 fnt
|faint|p2a: Skarmory
|upkeep
|
|t:|1760460764
|switch|p2a: Hitmonlee|Hitmonlee, M|38/100
|turn|12
|
|t:|1760460775
|switch|p2a: Regice|Regice, shiny|75/100
|move|p1a: Slowking|Sludge Wave|p2a: Regice
|-damage|p2a: Regice|59/100
|
|-fieldend|move: Trick Room
|upkeep
|turn|13
|
|t:|1760460794
|move|p2a: Regice|Ancient Power|p1a: Slowking
|-damage|p1a: Slowking|80/100
|-boost|p2a: Regice|atk|1
|-boost|p2a: Regice|def|1
|-boost|p2a: Regice|spa|1
|-boost|p2a: Regice|spd|1
|-boost|p2a: Regice|spe|1
|move|p1a: Slowking|Trick Room|p1a: Slowking
|-fieldstart|move: Trick Room|[of] p1a: Slowking
|
|upkeep
|turn|14
|
|t:|1760460804
|move|p1a: Slowking|Future Sight|p2a: Regice
|-start|p1a: Slowking|move: Future Sight
|move|p2a: Regice|Ancient Power|p1a: Slowking
|-crit|p1a: Slowking
|-damage|p1a: Slowking|46/100
|
|upkeep
|turn|15
|
|t:|1760460811
|move|p1a: Slowking|Sludge Wave|p2a: Regice
|-damage|p2a: Regice|49/100
|-status|p2a: Regice|psn
|move|p2a: Regice|Ancient Power|p1a: Slowking
|-damage|p1a: Slowking|27/100
|
|-damage|p2a: Regice|37/100 psn|[from] psn
|upkeep
|turn|16
|
|t:|1760460825
|switch|p1a: Ting-Lu|Ting-Lu|100/100
|-damage|p1a: Ting-Lu|84/100|[from] Spikes
|-ability|p1a: Ting-Lu|Vessel of Ruin
|move|p2a: Regice|Blizzard|p1a: Ting-Lu
|-supereffective|p1a: Ting-Lu
|-crit|p1a: Ting-Lu
|-damage|p1a: Ting-Lu|0 fnt
|faint|p1a: Ting-Lu
|
|-end|p2a: Regice|move: Future Sight
|-damage|p2a: Regice|24/100 psn
|-damage|p2a: Regice|11/100 psn|[from] psn
|upkeep
|
|t:|1760460838
|switch|p1a: Slowking|Slowking-Galar, F|61/100
|turn|17
|
|t:|1760460846
|switch|p1a: Raging Bolt|Raging Bolt, tera:Electric|6/100
|-damage|p1a: Raging Bolt|0 fnt|[from] Spikes
|faint|p1a: Raging Bolt
|-end|p1a: Raging Bolt|Protosynthesis|[silent]
|move|p2a: Regice|Blizzard|p1: Raging Bolt|[notarget]
|-fail|p2a: Regice
|
|-damage|p2a: Regice|0 fnt|[from] psn
|faint|p2a: Regice
|-fieldend|move: Trick Room
|upkeep
|
|t:|1760460873
|switch|p1a: Conkeldurr|Conkeldurr, M, shiny|100/100
|switch|p2a: Hitmonlee|Hitmonlee, M|38/100
|-damage|p1a: Conkeldurr|84/100|[from] Spikes
|turn|18
|
|t:|1760460885
|move|p2a: Hitmonlee|Knock Off|p1a: Conkeldurr
|-resisted|p1a: Conkeldurr
|-damage|p1a: Conkeldurr|71/100
|-enditem|p1a: Conkeldurr|Flame Orb|[from] move: Knock Off|[of] p2a: Hitmonlee
|move|p1a: Conkeldurr|Earthquake|p2a: Hitmonlee
|-damage|p2a: Hitmonlee|0 fnt
|faint|p2a: Hitmonlee
|
|upkeep
|
|t:|1760460897
|switch|p2a: Thundurus|Thundurus-Therian, M|18/100
|turn|19
|
|t:|1760460910
|move|p2a: Thundurus|Electric Terrain|p2a: Thundurus
|-fieldstart|move: Electric Terrain
|move|p1a: Conkeldurr|Close Combat|p2a: Thundurus
|-resisted|p2a: Thundurus
|-damage|p2a: Thundurus|0 fnt
|-unboost|p1a: Conkeldurr|def|1
|-unboost|p1a: Conkeldurr|spd|1
|faint|p2a: Thundurus
|
|upkeep
|
|t:|1760460920
|switch|p2a: Iron Valiant|Iron Valiant, shiny|100/100
|-activate|p2a: Iron Valiant|ability: Quark Drive
|-start|p2a: Iron Valiant|quarkdrivespe
|turn|20
|
|t:|1760460940
|switch|p1a: Slowking|Slowking-Galar, F|94/100
|move|p2a: Iron Valiant|Spirit Break|p1a: Slowking
|-resisted|p1a: Slowking
|-damage|p1a: Slowking|63/100
|-unboost|p1a: Slowking|spa|1
|
|upkeep
|turn|21
|
|t:|1760460950
|move|p2a: Iron Valiant|Spirit Break|p1a: Slowking
|-resisted|p1a: Slowking
|-damage|p1a: Slowking|33/100
|-unboost|p1a: Slowking|spa|1
|move|p1a: Slowking|Trick Room|p1a: Slowking
|-fieldstart|move: Trick Room|[of] p1a: Slowking
|
|upkeep
|turn|22
|
|t:|1760460958
|move|p1a: Slowking|Sludge Wave|p2a: Iron Valiant
|-supereffective|p2a: Iron Valiant
|-damage|p2a: Iron Valiant|9/100
|move|p2a: Iron Valiant|Spirit Break|p1a: Slowking
|-resisted|p1a: Slowking
|-damage|p1a: Slowking|0 fnt
|faint|p1a: Slowking
|
|upkeep
|
|t:|1760460964
|switch|p1a: Conkeldurr|Conkeldurr, M, shiny|71/100
|-damage|p1a: Conkeldurr|54/100|[from] Spikes
|turn|23
|
|t:|1760460971
|move|p1a: Conkeldurr|Knock Off|p2a: Iron Valiant
|-resisted|p2a: Iron Valiant
|-damage|p2a: Iron Valiant|0 fnt
|-enditem|p2a: Iron Valiant|Choice Band|[from] move: Knock Off|[of] p1a: Conkeldurr
|faint|p2a: Iron Valiant
|-end|p2a: Iron Valiant|Quark Drive|[silent]
|
|upkeep
|
|t:|1760460977
|switch|p2a: Darkrai|Darkrai|100/100
|turn|24
|
|t:|1760460990
|move|p1a: Conkeldurr|Close Combat|p2a: Darkrai
|-supereffective|p2a: Darkrai
|-damage|p2a: Darkrai|0 fnt
|-unboost|p1a: Conkeldurr|def|1
|-unboost|p1a: Conkeldurr|spd|1
|faint|p2a: Darkrai
|
|win|hsp20040923
|raw|hsp20040923's rating: 1232 &rarr; <strong>1255</strong><br />(+23 for winning)
|raw|Denvertzzz's rating: 1206 &rarr; <strong>1183</strong><br />(-23 for losing)
|l|☆Denvertzzz
|player|p2|
|l|☆hsp20040923
|player|p1|
