|j|☆PrimeXStriker
|j|☆Cocobreezy
|t:|1760372018
|gametype|singles
|player|p1|PrimeXStriker|marshal|1580
|player|p2|Cocobreezy|yellow|1558
|gen|9
|tier|[Gen 9] OU
|rated|
|rule|HP Percentage Mod: HP is shown in percentages
|rule|Endless Battle Clause: Forcing endless battles is banned
|rule|Species Clause: Limit one of each Pokémon
|rule|OHKO Clause: OHKO moves are banned
|rule|Evasion Items Clause: Evasion items are banned
|rule|Evasion Moves Clause: Evasion moves are banned
|rule|Evasion Abilities Clause: Evasion abilities are banned
|rule|Sleep Moves Clause: Sleep-inducing moves are banned
|clearpoke
|poke|p1|Zapdos-Galar|
|poke|p1|Iron Jugulis|
|poke|p1|Primarina, M|
|poke|p1|Cinderace, M|
|poke|p1|Tyranitar, M|
|poke|p1|Great Tusk|
|poke|p2|Kingdra, M|
|poke|p2|Pelipper, M|
|poke|p2|Keldeo-Resolute|
|poke|p2|Greninja-*, M|
|poke|p2|Raging Bolt|
|poke|p2|Meowscarada, M|
|teampreview
|inactive|Battle timer is ON: inactive players will automatically lose when time's up. (requested by Cocobreezy)
|
|t:|1760372027
|teamsize|p1|6
|teamsize|p2|6
|start
|switch|p1a: Iron Jugulis|Iron Jugulis|100/100
|switch|p2a: Meowscarada|Meowscarada, M|100/100
|turn|1
|
|t:|1760372036
|-end|p1a: Iron Jugulis|Quark Drive|[silent]
|switch|p1a: Great Tusk|Great Tusk|100/100
|move|p2a: Meowscarada|U-turn|p1a: Great Tusk
|-start|p2a: Meowscarada|typechange|Bug|[from] ability: Protean
|-resisted|p1a: Great Tusk
|-damage|p1a: Great Tusk|93/100
|-damage|p2a: Meowscarada|84/100|[from] item: Rocky Helmet|[of] p1a: Great Tusk
|
|t:|1760372042
|switch|p2a: Pelipper|Pelipper, M|100/100|[from] U-turn
|-weather|RainDance|[from] ability: Drizzle|[of] p2a: Pelipper
|
|-weather|RainDance|[upkeep]
|upkeep
|turn|2
|
|t:|1760372046
|-end|p1a: Great Tusk|Protosynthesis|[silent]
|switch|p1a: Tyranitar|Tyranitar, M|100/100
|-weather|Sandstorm|[from] ability: Sand Stream|[of] p1a: Tyranitar
|move|p2a: Pelipper|Hurricane|p1a: Tyranitar|[miss]
|-miss|p2a: Pelipper|p1a: Tyranitar
|
|-weather|Sandstorm|[upkeep]
|-damage|p2a: Pelipper|94/100|[from] Sandstorm
|upkeep
|turn|3
|
|t:|1760372058
|move|p1a: Tyranitar|Knock Off|p2a: Pelipper
|-damage|p2a: Pelipper|56/100
|-enditem|p2a: Pelipper|Damp Rock|[from] move: Knock Off|[of] p1a: Tyranitar
|move|p2a: Pelipper|Tailwind|p2a: Pelipper
|-sidestart|p2: Cocobreezy|move: Tailwind
|
|-weather|Sandstorm|[upkeep]
|-damage|p2a: Pelipper|50/100|[from] Sandstorm
|upkeep
|turn|4
|
|t:|1760372069
|switch|p1a: Great Tusk|Great Tusk|93/100
|move|p2a: Pelipper|U-turn|p1a: Great Tusk
|-resisted|p1a: Great Tusk
|-damage|p1a: Great Tusk|91/100
|-damage|p2a: Pelipper|34/100|[from] item: Rocky Helmet|[of] p1a: Great Tusk
|
|t:|1760372097
|switch|p2a: Kingdra|Kingdra, M|100/100|[from] U-turn
|
|-weather|Sandstorm|[upkeep]
|-damage|p2a: Kingdra|94/100|[from] Sandstorm
|upkeep
|turn|5
|
|t:|1760372103
|-end|p1a: Great Tusk|Protosynthesis|[silent]
|switch|p1a: Primarina|Primarina, M|100/100
|move|p2a: Kingdra|Hurricane|p1a: Primarina|[miss]
|-miss|p2a: Kingdra|p1a: Primarina
|
|-weather|Sandstorm|[upkeep]
|-damage|p2a: Kingdra|88/100|[from] Sandstorm
|-damage|p1a: Primarina|94/100|[from] Sandstorm
|-heal|p1a: Primarina|100/100|[from] item: Leftovers
|upkeep
|turn|6
|
|t:|1760372120
|switch|p2a: Pelipper|Pelipper, M|34/100
|-weather|RainDance|[from] ability: Drizzle|[of] p2a: Pelipper
|move|p1a: Primarina|Draining Kiss|p2a: Pelipper
|-damage|p2a: Pelipper|12/100
|
|-weather|RainDance|[upkeep]
|-sideend|p2: Cocobreezy|move: Tailwind
|upkeep
|turn|7
|
|t:|1760372134
|switch|p1a: Tyranitar|Tyranitar, M|100/100
|-weather|Sandstorm|[from] ability: Sand Stream|[of] p1a: Tyranitar
|move|p2a: Pelipper|Tailwind|p2a: Pelipper
|-sidestart|p2: Cocobreezy|move: Tailwind
|
|-weather|Sandstorm|[upkeep]
|-damage|p2a: Pelipper|6/100|[from] Sandstorm
|upkeep
|turn|8
|
|t:|1760372145
|switch|p2a: Bolt|Raging Bolt|100/100
|-enditem|p2a: Bolt|Booster Energy
|-activate|p2a: Bolt|ability: Protosynthesis|[fromitem]
|-start|p2a: Bolt|protosynthesisspa
|switch|p1a: Great Tusk|Great Tusk|91/100
|
|-weather|Sandstorm|[upkeep]
|-damage|p2a: Bolt|94/100|[from] Sandstorm
|upkeep
|turn|9
|
|t:|1760372155
|move|p2a: Bolt|Calm Mind|p2a: Bolt
|-boost|p2a: Bolt|spa|1
|-boost|p2a: Bolt|spd|1
|move|p1a: Great Tusk|Stealth Rock|p2a: Bolt
|-sidestart|p2: Cocobreezy|move: Stealth Rock
|
|-weather|Sandstorm|[upkeep]
|-damage|p2a: Bolt|88/100|[from] Sandstorm
|upkeep
|turn|10
|
|t:|1760372161
|-terastallize|p2a: Bolt|Flying
|move|p2a: Bolt|Dragon Pulse|p1a: Great Tusk
|-damage|p1a: Great Tusk|0 fnt
|faint|p1a: Great Tusk
|-end|p1a: Great Tusk|Protosynthesis|[silent]
|
|-weather|Sandstorm|[upkeep]
|-damage|p2a: Bolt|82/100|[from] Sandstorm
|-sideend|p2: Cocobreezy|move: Tailwind
|upkeep
|
|t:|1760372174
|switch|p1a: Tyranitar|Tyranitar, M|100/100
|turn|11
|
|t:|1760372181
|move|p2a: Bolt|Thunder|p1a: Tyranitar
|-damage|p1a: Tyranitar|52/100
|move|p1a: Tyranitar|Ice Beam|p2a: Bolt
|-supereffective|p2a: Bolt
|-damage|p2a: Bolt|60/100
|
|-weather|none
|-heal|p1a: Tyranitar|58/100|[from] item: Leftovers
|upkeep
|turn|12
|
|t:|1760372189
|move|p2a: Bolt|Calm Mind|p2a: Bolt
|-boost|p2a: Bolt|spa|1
|-boost|p2a: Bolt|spd|1
|move|p1a: Tyranitar|Roar|p2a: Bolt
|-end|p2a: Bolt|Protosynthesis|[silent]
|drag|p2a: Kingdra|Kingdra, M|88/100
|-damage|p2a: Kingdra|76/100|[from] Stealth Rock
|
|-heal|p1a: Tyranitar|65/100|[from] item: Leftovers
|upkeep
|turn|13
|
|t:|1760372196
|switch|p1a: Primarina|Primarina, M|100/100
|move|p2a: Kingdra|Flash Cannon|p1a: Primarina
|-damage|p1a: Primarina|72/100
|
|-heal|p1a: Primarina|79/100|[from] item: Leftovers
|upkeep
|turn|14
|
|t:|1760372207
|switch|p2a: Pelipper|Pelipper, M|6/100
|-damage|p2a: Pelipper|0 fnt|[from] Stealth Rock
|faint|p2a: Pelipper
|move|p1a: Primarina|Draining Kiss|p2: Pelipper|[notarget]
|-fail|p1a: Primarina
|
|-heal|p1a: Primarina|85/100|[from] item: Leftovers
|upkeep
|
|t:|1760372211
|switch|p2a: Bolt|Raging Bolt, tera:Flying|60/100
|-damage|p2a: Bolt|35/100|[from] Stealth Rock
|turn|15
|
|t:|1760372215
|switch|p1a: Tyranitar|Tyranitar, M|65/100
|-weather|Sandstorm|[from] ability: Sand Stream|[of] p1a: Tyranitar
|move|p2a: Bolt|Thunder|p1a: Tyranitar
|-damage|p1a: Tyranitar|40/100
|-status|p1a: Tyranitar|par
|
|-weather|Sandstorm|[upkeep]
|-damage|p2a: Bolt|29/100|[from] Sandstorm
|-heal|p1a: Tyranitar|46/100 par|[from] item: Leftovers
|upkeep
|turn|16
|
|t:|1760372223
|move|p2a: Bolt|Dragon Pulse|p1a: Tyranitar
|-damage|p1a: Tyranitar|23/100 par
|cant|p1a: Tyranitar|par
|
|-weather|Sandstorm|[upkeep]
|-damage|p2a: Bolt|23/100|[from] Sandstorm
|-heal|p1a: Tyranitar|29/100 par|[from] item: Leftovers
|upkeep
|turn|17
|
|t:|1760372229
|move|p2a: Bolt|Dragon Pulse|p1a: Tyranitar
|-damage|p1a: Tyranitar|7/100 par
|move|p1a: Tyranitar|Ice Beam|p2a: Bolt
|-supereffective|p2a: Bolt
|-damage|p2a: Bolt|0 fnt
|faint|p2a: Bolt
|-end|p2a: Bolt|Protosynthesis|[silent]
|
|-weather|Sandstorm|[upkeep]
|-heal|p1a: Tyranitar|13/100 par|[from] item: Leftovers
|upkeep
|
|t:|1760372238
|switch|p2a: Greninja|Greninja, M|100/100
|-damage|p2a: Greninja|88/100|[from] Stealth Rock
|turn|18
|
|t:|1760372245
|switch|p1a: Primarina|Primarina, M|85/100
|move|p2a: Greninja|Hydro Pump|p1a: Primarina
|-resisted|p1a: Primarina
|-damage|p1a: Primarina|64/100
|
|-weather|Sandstorm|[upkeep]
|-damage|p2a: Greninja|82/100|[from] Sandstorm
|-damage|p1a: Primarina|58/100|[from] Sandstorm
|-heal|p1a: Primarina|64/100|[from] item: Leftovers
|upkeep
|turn|19
|
|t:|1760372256
|switch|p2a: Kingdra|Kingdra, M|76/100
|-damage|p2a: Kingdra|63/100|[from] Stealth Rock
|move|p1a: Primarina|Draining Kiss|p2a: Kingdra
|-supereffective|p2a: Kingdra
|-damage|p2a: Kingdra|9/100
|-heal|p1a: Primarina|97/100|[from] drain|[of] p2a: Kingdra
|
|-weather|none
|-heal|p1a: Primarina|100/100|[from] item: Leftovers
|upkeep
|turn|20
|
|t:|1760372272
|move|p2a: Kingdra|Flash Cannon|p1a: Primarina
|-damage|p1a: Primarina|70/100
|move|p1a: Primarina|Draining Kiss|p2a: Kingdra
|-supereffective|p2a: Kingdra
|-damage|p2a: Kingdra|0 fnt
|-heal|p1a: Primarina|75/100|[from] drain|[of] p2a: Kingdra
|faint|p2a: Kingdra
|
|-heal|p1a: Primarina|81/100|[from] item: Leftovers
|upkeep
|
|t:|1760372278
|switch|p2a: Meowscarada|Meowscarada, M|84/100
|-damage|p2a: Meowscarada|72/100|[from] Stealth Rock
|turn|21
|
|t:|1760372284
|switch|p1a: Tyranitar|Tyranitar, M|13/100 par
|-weather|Sandstorm|[from] ability: Sand Stream|[of] p1a: Tyranitar
|move|p2a: Meowscarada|Triple Axel|p1a: Tyranitar
|-start|p2a: Meowscarada|typechange|Ice|[from] ability: Protean
|-crit|p1a: Tyranitar
|-damage|p1a: Tyranitar|3/100 par
|-damage|p1a: Tyranitar|0 fnt
|faint|p1a: Tyranitar
|-hitcount|p1: Tyranitar|2
|
|-weather|Sandstorm|[upkeep]
|-damage|p2a: Meowscarada|66/100|[from] Sandstorm
|upkeep
|
|t:|1760372288
|switch|p1a: Cinderace|Cinderace, M|100/100
|turn|22
|
|t:|1760372298
|switch|p2a: Keldeo|Keldeo-Resolute|100/100
|-damage|p2a: Keldeo|94/100|[from] Stealth Rock
|move|p1a: Cinderace|U-turn|p2a: Keldeo
|-start|p1a: Cinderace|typechange|Bug|[from] ability: Libero
|-resisted|p2a: Keldeo
|-damage|p2a: Keldeo|74/100
|
|t:|1760372301
|switch|p1a: Primarina|Primarina, M|81/100|[from] U-turn
|
|-weather|Sandstorm|[upkeep]
|-damage|p2a: Keldeo|68/100|[from] Sandstorm
|-damage|p1a: Primarina|75/100|[from] Sandstorm
|-heal|p1a: Primarina|81/100|[from] item: Leftovers
|upkeep
|turn|23
|
|t:|1760372305
|move|p2a: Keldeo|Secret Sword|p1a: Primarina
|-resisted|p1a: Primarina
|-damage|p1a: Primarina|55/100
|move|p1a: Primarina|Draining Kiss|p2a: Keldeo
|-supereffective|p2a: Keldeo
|-damage|p2a: Keldeo|19/100
|-heal|p1a: Primarina|88/100|[from] drain|[of] p2a: Keldeo
|
|-weather|Sandstorm|[upkeep]
|-damage|p2a: Keldeo|13/100|[from] Sandstorm
|-damage|p1a: Primarina|82/100|[from] Sandstorm
|-heal|p1a: Primarina|88/100|[from] item: Leftovers
|upkeep
|turn|24
|
|t:|1760372309
|move|p2a: Keldeo|Secret Sword|p1a: Primarina
|-resisted|p1a: Primarina
|-crit|p1a: Primarina
|-damage|p1a: Primarina|54/100
|move|p1a: Primarina|Calm Mind|p1a: Primarina
|-boost|p1a: Primarina|spa|1
|-boost|p1a: Primarina|spd|1
|
|-weather|Sandstorm|[upkeep]
|-damage|p2a: Keldeo|6/100|[from] Sandstorm
|-damage|p1a: Primarina|48/100|[from] Sandstorm
|-heal|p1a: Primarina|54/100|[from] item: Leftovers
|upkeep
|turn|25
|
|t:|1760372314
|move|p2a: Keldeo|Secret Sword|p1a: Primarina
|-resisted|p1a: Primarina
|-damage|p1a: Primarina|29/100
|move|p1a: Primarina|Substitute|p1a: Primarina
|-start|p1a: Primarina|Substitute
|-damage|p1a: Primarina|4/100
|
|-weather|none
|-heal|p1a: Primarina|10/100|[from] item: Leftovers
|upkeep
|turn|26
|
|t:|1760372321
|move|p2a: Keldeo|Secret Sword|p1a: Primarina
|-resisted|p1a: Primarina
|-activate|p1a: Primarina|move: Substitute|[damage]
|move|p1a: Primarina|Draining Kiss|p2a: Keldeo
|-supereffective|p2a: Keldeo
|-damage|p2a: Keldeo|0 fnt
|-heal|p1a: Primarina|14/100|[from] drain|[of] p2a: Keldeo
|faint|p2a: Keldeo
|
|-heal|p1a: Primarina|20/100|[from] item: Leftovers
|upkeep
|
|t:|1760372326
|switch|p2a: Meowscarada|Meowscarada, M|66/100
|-damage|p2a: Meowscarada|53/100|[from] Stealth Rock
|turn|27
|
|t:|1760372329
|move|p2a: Meowscarada|Triple Axel|p1a: Primarina
|-start|p2a: Meowscarada|typechange|Ice|[from] ability: Protean
|-resisted|p1a: Primarina
|-end|p1a: Primarina|Substitute
|-resisted|p1a: Primarina
|-damage|p1a: Primarina|13/100
|-resisted|p1a: Primarina
|-damage|p1a: Primarina|1/100
|-hitcount|p1a: Primarina|3
|move|p1a: Primarina|Draining Kiss|p2a: Meowscarada
|-damage|p2a: Meowscarada|4/100
|-heal|p1a: Primarina|31/100|[from] drain|[of] p2a: Meowscarada
|
|-heal|p1a: Primarina|37/100|[from] item: Leftovers
|upkeep
|turn|28
|-message|Cocobreezy forfeited.
|
|win|PrimeXStriker
|raw|PrimeXStriker's rating: 1580 &rarr; <strong>1599</strong><br />(+19 for winning)
|raw|Cocobreezy's rating: 1558 &rarr; <strong>1539</strong><br />(-19 for losing)
|l|☆Cocobreezy
|player|p2|
|l|☆PrimeXStriker
|player|p1|
