|j|☆ktr.na
|j|☆Swankentora
|t:|1760307741
|gametype|singles
|player|p1|ktr.na|acetrainerf|1425
|player|p2|Swankentora|n|1483
|gen|9
|tier|[Gen 9] OU
|rated|
|rule|HP Percentage Mod: HP is shown in percentages
|rule|Endless Battle Clause: Forcing endless battles is banned
|rule|Species Clause: Limit one of each Pokémon
|rule|OHKO Clause: OHKO moves are banned
|rule|Evasion Items Clause: Evasion items are banned
|rule|Evasion Moves Clause: Evasion moves are banned
|rule|Evasion Abilities Clause: Evasion abilities are banned
|rule|Sleep Moves Clause: Sleep-inducing moves are banned
|clearpoke
|poke|p1|Iron Valiant|
|poke|p1|Klefki, M|
|poke|p1|Alomomola, M|
|poke|p1|Great Tusk|
|poke|p1|Dragapult, F|
|poke|p1|Gliscor, F|
|poke|p2|Samurott-Hisui, F|
|poke|p2|Heatran, M|
|poke|p2|Latios, M|
|poke|p2|Iron Valiant|
|poke|p2|Iron Treads|
|poke|p2|Dragapult, F|
|teampreview
|
|t:|1760307753
|teamsize|p1|6
|teamsize|p2|6
|start
|switch|p1a: Klefki|Klefki, M|100/100
|switch|p2a: Latios|Latios, M|100/100
|turn|1
|
|t:|1760307760
|move|p1a: Klefki|Spikes|p2a: Latios
|-sidestart|p2: Swankentora|Spikes
|move|p2a: Latios|Flip Turn|p1a: Klefki
|-damage|p1a: Klefki|92/100
|-damage|p2a: Latios|84/100|[from] item: Rocky Helmet|[of] p1a: Klefki
|
|t:|1760307766
|switch|p2a: Iron Treads|Iron Treads|100/100|[from] Flip Turn
|-damage|p2a: Iron Treads|88/100|[from] Spikes
|
|-heal|p2a: Iron Treads|94/100|[from] item: Leftovers
|upkeep
|turn|2
|
|t:|1760307777
|switch|p1a: Alomomola|Alomomola, M|100/100
|move|p2a: Iron Treads|Earthquake|p1a: Alomomola
|-damage|p1a: Alomomola|81/100
|
|-heal|p2a: Iron Treads|99/100|[from] item: Leftovers
|upkeep
|turn|3
|
|t:|1760307785
|move|p2a: Iron Treads|Rapid Spin|p1a: Alomomola
|-damage|p1a: Alomomola|74/100
|-boost|p2a: Iron Treads|spe|1
|-sideend|p2: Swankentora|Spikes|[from] move: Rapid Spin|[of] p2a: Iron Treads
|move|p1a: Alomomola|Flip Turn|p2a: Iron Treads
|-supereffective|p2a: Iron Treads
|-damage|p2a: Iron Treads|75/100
|
|t:|1760307793
|switch|p1a: Klefki|Klefki, M|92/100|[from] Flip Turn
|
|-heal|p2a: Iron Treads|81/100|[from] item: Leftovers
|upkeep
|turn|4
|
|t:|1760307801
|move|p1a: Klefki|Magnet Rise|p1a: Klefki
|-start|p1a: Klefki|Magnet Rise
|move|p2a: Iron Treads|Earthquake|p1a: Klefki
|-immune|p1a: Klefki
|
|-heal|p2a: Iron Treads|87/100|[from] item: Leftovers
|upkeep
|turn|5
|
|t:|1760307809
|move|p1a: Klefki|Thunder Wave|p2a: Iron Treads
|-immune|p2a: Iron Treads
|move|p2a: Iron Treads|Iron Head|p1a: Klefki
|-damage|p1a: Klefki|68/100
|-damage|p2a: Iron Treads|70/100|[from] item: Rocky Helmet|[of] p1a: Klefki
|
|-heal|p2a: Iron Treads|76/100|[from] item: Leftovers
|upkeep
|turn|6
|
|t:|1760307819
|move|p2a: Iron Treads|Iron Head|p1a: Klefki
|-damage|p1a: Klefki|43/100
|-damage|p2a: Iron Treads|60/100|[from] item: Rocky Helmet|[of] p1a: Klefki
|move|p1a: Klefki|Foul Play|p2a: Iron Treads
|-damage|p2a: Iron Treads|42/100
|
|-heal|p2a: Iron Treads|48/100|[from] item: Leftovers
|upkeep
|turn|7
|
|t:|1760307834
|switch|p1a: Alomomola|Alomomola, M|100/100
|move|p2a: Iron Treads|Iron Head|p1a: Alomomola
|-resisted|p1a: Alomomola
|-damage|p1a: Alomomola|93/100
|
|-heal|p2a: Iron Treads|54/100|[from] item: Leftovers
|upkeep
|turn|8
|
|t:|1760307850
|-end|p2a: Iron Treads|Quark Drive|[silent]
|switch|p2a: Heatran|Heatran, M|100/100
|move|p1a: Alomomola|Wish|p1a: Alomomola
|
|upkeep
|turn|9
|
|t:|1760307857
|move|p2a: Heatran|Stealth Rock|p1a: Alomomola
|-sidestart|p1: ktr.na|move: Stealth Rock
|move|p1a: Alomomola|Flip Turn|p2a: Heatran
|-supereffective|p2a: Heatran
|-crit|p2a: Heatran
|-damage|p2a: Heatran|67/100
|-damage|p1a: Alomomola|76/100|[from] item: Rocky Helmet|[of] p2a: Heatran
|
|t:|1760307864
|switch|p1a: Klefki|Klefki, M|43/100|[from] Flip Turn
|-damage|p1a: Klefki|37/100|[from] Stealth Rock
|
|-heal|p1a: Klefki|100/100|[from] move: Wish|[wisher] Alomomola
|upkeep
|turn|10
|
|t:|1760307874
|switch|p1a: Gliscor|Gliscor, F|100/100
|-damage|p1a: Gliscor|88/100|[from] Stealth Rock
|move|p2a: Heatran|Lava Plume|p1a: Gliscor
|-damage|p1a: Gliscor|60/100
|-status|p1a: Gliscor|brn
|
|-damage|p1a: Gliscor|54/100 brn|[from] brn
|upkeep
|turn|11
|
|t:|1760307885
|switch|p2a: Samurott|Samurott-Hisui, F|100/100
|move|p1a: Gliscor|Knock Off|p2a: Samurott
|-resisted|p2a: Samurott
|-damage|p2a: Samurott|94/100
|-enditem|p2a: Samurott|Assault Vest|[from] move: Knock Off|[of] p1a: Gliscor
|
|-damage|p1a: Gliscor|47/100 brn|[from] brn
|upkeep
|turn|12
|
|t:|1760307894
|move|p1a: Gliscor|U-turn|p2a: Samurott
|-supereffective|p2a: Samurott
|-damage|p2a: Samurott|77/100
|
|t:|1760307899
|switch|p1a: Iron Valiant|Iron Valiant|100/100|[from] U-turn
|-damage|p1a: Iron Valiant|94/100|[from] Stealth Rock
|move|p2a: Samurott|Razor Shell|p1a: Iron Valiant
|-damage|p1a: Iron Valiant|32/100
|
|upkeep
|turn|13
|
|t:|1760307923
|-terastallize|p2a: Samurott|Poison
|move|p1a: Iron Valiant|Vacuum Wave|p2a: Samurott
|-resisted|p2a: Samurott
|-crit|p2a: Samurott
|-damage|p2a: Samurott|52/100
|move|p2a: Samurott|Razor Shell|p1a: Iron Valiant
|-damage|p1a: Iron Valiant|0 fnt
|faint|p1a: Iron Valiant
|-end|p1a: Iron Valiant|Quark Drive|[silent]
|
|upkeep
|
|t:|1760307934
|switch|p1a: Great Tusk|Great Tusk|100/100
|turn|14
|
|t:|1760307939
|switch|p2a: Dragapult|Dragapult, F|100/100
|move|p1a: Great Tusk|Headlong Rush|p2a: Dragapult
|-damage|p2a: Dragapult|22/100
|-unboost|p1a: Great Tusk|def|1
|-unboost|p1a: Great Tusk|spd|1
|
|upkeep
|turn|15
|
|t:|1760307949
|-end|p1a: Great Tusk|Protosynthesis|[silent]
|switch|p1a: Gliscor|Gliscor, F|47/100 brn
|-damage|p1a: Gliscor|35/100 brn|[from] Stealth Rock
|move|p2a: Dragapult|Dragon Darts|p1a: Gliscor
|-damage|p1a: Gliscor|8/100 brn
|-anim|p2a: Dragapult|Dragon Darts|p1a: Gliscor
|-damage|p1a: Gliscor|0 fnt
|faint|p1a: Gliscor
|
|upkeep
|
|t:|1760307959
|switch|p1a: Klefki|Klefki, M|100/100
|-damage|p1a: Klefki|95/100|[from] Stealth Rock
|turn|16
|
|t:|1760307965
|switch|p2a: Iron Treads|Iron Treads|54/100
|move|p1a: Klefki|Foul Play|p2a: Iron Treads
|-damage|p2a: Iron Treads|34/100
|
|-heal|p2a: Iron Treads|40/100|[from] item: Leftovers
|upkeep
|turn|17
|
|t:|1760307980
|move|p1a: Klefki|Magnet Rise|p1a: Klefki
|-start|p1a: Klefki|Magnet Rise
|move|p2a: Iron Treads|Iron Head|p1a: Klefki
|-damage|p1a: Klefki|68/100
|-damage|p2a: Iron Treads|24/100|[from] item: Rocky Helmet|[of] p1a: Klefki
|
|-heal|p2a: Iron Treads|30/100|[from] item: Leftovers
|upkeep
|turn|18
|
|t:|1760307996
|-end|p2a: Iron Treads|Quark Drive|[silent]
|switch|p2a: Samurott|Samurott-Hisui, F, tera:Poison|52/100
|move|p1a: Klefki|Spikes|p2a: Samurott
|-sidestart|p2: Swankentora|Spikes
|
|upkeep
|turn|19
|
|t:|1760308006
|move|p2a: Samurott|Knock Off|p1a: Klefki
|-resisted|p1a: Klefki
|-damage|p1a: Klefki|49/100
|-damage|p2a: Samurott|36/100|[from] item: Rocky Helmet|[of] p1a: Klefki
|-enditem|p1a: Klefki|Rocky Helmet|[from] move: Knock Off|[of] p2a: Samurott
|move|p1a: Klefki|Foul Play|p2a: Samurott
|-damage|p2a: Samurott|7/100
|
|upkeep
|turn|20
|
|t:|1760308017
|move|p1a: Klefki|Spikes|p2a: Samurott
|-sidestart|p2: Swankentora|Spikes
|move|p2a: Samurott|Razor Shell|p1a: Klefki
|-damage|p1a: Klefki|12/100
|
|upkeep
|turn|21
|
|t:|1760308024
|move|p1a: Klefki|Spikes|p2a: Samurott
|-sidestart|p2: Swankentora|Spikes
|move|p2a: Samurott|Ceaseless Edge|p1a: Klefki
|-resisted|p1a: Klefki
|-damage|p1a: Klefki|0 fnt
|-sidestart|p1: ktr.na|Spikes
|faint|p1a: Klefki
|
|upkeep
|
|t:|1760308032
|switch|p1a: Great Tusk|Great Tusk|100/100
|turn|22
|
|t:|1760308036
|switch|p2a: Dragapult|Dragapult, F|22/100
|-damage|p2a: Dragapult|0 fnt|[from] Spikes
|faint|p2a: Dragapult
|move|p1a: Great Tusk|Rapid Spin|p2: Dragapult|[notarget]
|-fail|p1a: Great Tusk
|
|upkeep
|
|t:|1760308046
|switch|p2a: Latios|Latios, M|84/100
|turn|23
|
|t:|1760308051
|-terastallize|p1a: Great Tusk|Steel
|move|p2a: Latios|Draco Meteor|p1a: Great Tusk
|-resisted|p1a: Great Tusk
|-damage|p1a: Great Tusk|48/100
|-unboost|p2a: Latios|spa|2
|move|p1a: Great Tusk|Rapid Spin|p2a: Latios
|-damage|p2a: Latios|59/100
|-boost|p1a: Great Tusk|spe|1
|-sideend|p1: ktr.na|Spikes|[from] move: Rapid Spin|[of] p1a: Great Tusk
|-sideend|p1: ktr.na|Stealth Rock|[from] move: Rapid Spin|[of] p1a: Great Tusk
|
|upkeep
|turn|24
|
|t:|1760308062
|switch|p2a: Heatran|Heatran, M|67/100
|-damage|p2a: Heatran|42/100|[from] Spikes
|move|p1a: Great Tusk|Rapid Spin|p2a: Heatran
|-resisted|p2a: Heatran
|-damage|p2a: Heatran|37/100
|-boost|p1a: Great Tusk|spe|1
|-damage|p1a: Great Tusk|31/100|[from] item: Rocky Helmet|[of] p2a: Heatran
|
|upkeep
|turn|25
|
|t:|1760308072
|switch|p2a: Latios|Latios, M|59/100
|move|p1a: Great Tusk|Headlong Rush|p2a: Latios
|-immune|p2a: Latios|[from] ability: Levitate
|
|upkeep
|turn|26
|
|t:|1760308081
|switch|p2a: Heatran|Heatran, M|37/100
|-damage|p2a: Heatran|12/100|[from] Spikes
|move|p1a: Great Tusk|Headlong Rush|p2a: Heatran
|-supereffective|p2a: Heatran
|-damage|p2a: Heatran|0 fnt
|-unboost|p1a: Great Tusk|def|1
|-unboost|p1a: Great Tusk|spd|1
|-damage|p1a: Great Tusk|15/100|[from] item: Rocky Helmet|[of] p2a: Heatran
|-status|p1a: Great Tusk|brn|[from] ability: Flame Body|[of] p2a: Heatran
|faint|p2a: Heatran
|
|-damage|p1a: Great Tusk|9/100 brn|[from] brn
|upkeep
|
|t:|1760308098
|switch|p2a: Latios|Latios, M|59/100
|turn|27
|
|t:|1760308109
|switch|p2a: Iron Valiant|Iron Valiant|100/100
|-damage|p2a: Iron Valiant|76/100|[from] Spikes
|move|p1a: Great Tusk|Ice Spinner|p2a: Iron Valiant
|-damage|p2a: Iron Valiant|58/100
|
|-damage|p1a: Great Tusk|3/100 brn|[from] brn
|upkeep
|turn|28
|
|t:|1760308119
|-end|p2a: Iron Valiant|Quark Drive|[silent]
|switch|p2a: Iron Treads|Iron Treads|30/100
|-damage|p2a: Iron Treads|5/100|[from] Spikes
|move|p1a: Great Tusk|Ice Spinner|p2a: Iron Treads
|-damage|p2a: Iron Treads|0 fnt
|faint|p2a: Iron Treads
|-end|p2a: Iron Treads|Quark Drive|[silent]
|
|-damage|p1a: Great Tusk|0 fnt|[from] brn
|faint|p1a: Great Tusk
|-end|p1a: Great Tusk|Protosynthesis|[silent]
|upkeep
|
|t:|1760308130
|switch|p1a: Dragapult|Dragapult, F|100/100
|switch|p2a: Latios|Latios, M|59/100
|turn|29
|
|t:|1760308136
|switch|p1a: Alomomola|Alomomola, M|100/100
|move|p2a: Latios|Draco Meteor|p1a: Alomomola
|-damage|p1a: Alomomola|19/100
|-unboost|p2a: Latios|spa|2
|
|upkeep
|turn|30
|
|t:|1760308145
|move|p2a: Latios|Draco Meteor|p1a: Alomomola
|-damage|p1a: Alomomola|0 fnt
|-unboost|p2a: Latios|spa|2
|faint|p1a: Alomomola
|
|upkeep
|
|t:|1760308151
|switch|p1a: Dragapult|Dragapult, F|100/100
|turn|31
|
|t:|1760308156
|switch|p2a: Samurott|Samurott-Hisui, F, tera:Poison|7/100
|-damage|p2a: Samurott|0 fnt|[from] Spikes
|faint|p2a: Samurott
|move|p1a: Dragapult|Dragon Darts|p2: Samurott|[notarget]
|-fail|p1a: Dragapult
|
|upkeep
|
|t:|1760308161
|switch|p2a: Latios|Latios, M|59/100
|turn|32
|-message|ktr.na forfeited.
|
|win|Swankentora
|raw|ktr.na's rating: 1425 &rarr; <strong>1408</strong><br />(-17 for losing)
|raw|Swankentora's rating: 1483 &rarr; <strong>1500</strong><br />(+17 for winning)
|l|☆ktr.na
|player|p1|
