|j|☆hotdogjimbo69420
|j|☆Urracq
|t:|1760440309
|gametype|singles
|player|p1|hotdogjimbo69420|170|1138
|player|p2|Urracq|266|1161
|gen|9
|tier|[Gen 9] OU
|rated|
|rule|HP Percentage Mod: HP is shown in percentages
|rule|Endless Battle Clause: Forcing endless battles is banned
|rule|Species Clause: Limit one of each Pokémon
|rule|OHKO Clause: OHKO moves are banned
|rule|Evasion Items Clause: Evasion items are banned
|rule|Evasion Moves Clause: Evasion moves are banned
|rule|Evasion Abilities Clause: Evasion abilities are banned
|rule|Sleep Moves Clause: Sleep-inducing moves are banned
|clearpoke
|poke|p1|Raichu, F|
|poke|p1|Dragonite, M|
|poke|p1|Gyarados, M|
|poke|p1|Scizor, M|
|poke|p1|Cinderace, M|
|poke|p1|Zapdos|
|poke|p2|Glimmora, M|
|poke|p2|Great Tusk|
|poke|p2|Dragapult, M|
|poke|p2|Moltres|
|poke|p2|Araquanid, F|
|poke|p2|Iron Valiant|
|teampreview
|inactive|Battle timer is ON: inactive players will automatically lose when time's up. (requested by Urracq)
|
|t:|1760440331
|teamsize|p1|6
|teamsize|p2|6
|start
|switch|p1a: Gyarados|Gyarados, M, shiny|100/100
|switch|p2a: Glimmora|Glimmora, M|100/100
|turn|1
|
|t:|1760440339
|move|p2a: Glimmora|Power Gem|p1a: Gyarados
|-supereffective|p1a: Gyarados
|-damage|p1a: Gyarados|12/100
|move|p1a: Gyarados|Dragon Dance|p1a: Gyarados
|-boost|p1a: Gyarados|atk|1
|-boost|p1a: Gyarados|spe|1
|
|upkeep
|turn|2
|
|t:|1760440347
|move|p1a: Gyarados|Earthquake|p2a: Glimmora
|-supereffective|p2a: Glimmora
|-enditem|p2a: Glimmora|Focus Sash
|-damage|p2a: Glimmora|1/100
|-activate|p2a: Glimmora|ability: Toxic Debris
|-sidestart|p1: hotdogjimbo69420|move: Toxic Spikes
|move|p2a: Glimmora|Power Gem|p1a: Gyarados
|-supereffective|p1a: Gyarados
|-damage|p1a: Gyarados|0 fnt
|faint|p1a: Gyarados
|
|upkeep
|
|t:|1760440353
|switch|p1a: Scizor|Scizor, M|100/100
|turn|3
|
|t:|1760440362
|move|p2a: Glimmora|Power Gem|p1a: Scizor
|-damage|p1a: Scizor|49/100
|move|p1a: Scizor|Swords Dance|p1a: Scizor
|-boost|p1a: Scizor|atk|2
|
|upkeep
|turn|4
|
|t:|1760440370
|move|p1a: Scizor|Bullet Punch|p2a: Glimmora
|-supereffective|p2a: Glimmora
|-damage|p2a: Glimmora|0 fnt
|-activate|p2a: Glimmora|ability: Toxic Debris
|-sidestart|p1: hotdogjimbo69420|move: Toxic Spikes
|faint|p2a: Glimmora
|
|upkeep
|
|t:|1760440377
|switch|p2a: Moltres|Moltres|100/100
|turn|5
|
|t:|1760440387
|move|p2a: Moltres|Flamethrower|p1a: Scizor
|-supereffective|p1a: Scizor
|-damage|p1a: Scizor|0 fnt
|faint|p1a: Scizor
|
|upkeep
|
|t:|1760440403
|switch|p1a: Cinderace|Cinderace, M|100/100
|turn|6
|
|t:|1760440409
|move|p1a: Cinderace|Court Change|p1a: Cinderace
|-start|p1a: Cinderace|typechange|Normal|[from] ability: Libero
|-swapsideconditions
|-activate|p1a: Cinderace|move: Court Change
|move|p2a: Moltres|Will-O-Wisp|p1a: Cinderace
|-status|p1a: Cinderace|brn
|
|-damage|p1a: Cinderace|95/100 brn|[from] brn
|upkeep
|turn|7
|
|t:|1760440420
|move|p1a: Cinderace|Swords Dance|p1a: Cinderace
|-boost|p1a: Cinderace|atk|2
|move|p2a: Moltres|Air Slash|p1a: Cinderace
|-damage|p1a: Cinderace|52/100 brn
|
|-damage|p1a: Cinderace|46/100 brn|[from] brn
|upkeep
|turn|8
|
|t:|1760440429
|move|p1a: Cinderace|Sucker Punch|p2a: Moltres
|-damage|p2a: Moltres|84/100
|move|p2a: Moltres|Flamethrower|p1a: Cinderace
|-damage|p1a: Cinderace|0 fnt
|faint|p1a: Cinderace
|
|upkeep
|
|t:|1760440435
|switch|p1a: Raichu|Raichu, F|100/100
|turn|9
|
|t:|1760440445
|-terastallize|p2a: Moltres|Fire
|move|p1a: Raichu|Thunderbolt|p2a: Moltres
|-damage|p2a: Moltres|47/100
|move|p2a: Moltres|Flamethrower|p1a: Raichu
|-damage|p1a: Raichu|19/100
|
|upkeep
|turn|10
|
|t:|1760440453
|move|p1a: Raichu|Surf|p2a: Moltres
|-supereffective|p2a: Moltres
|-damage|p2a: Moltres|0 fnt
|faint|p2a: Moltres
|
|upkeep
|
|t:|1760440472
|switch|p2a: Iron Valiant|Iron Valiant|100/100
|-status|p2a: Iron Valiant|tox
|-enditem|p2a: Iron Valiant|Booster Energy
|-activate|p2a: Iron Valiant|ability: Quark Drive|[fromitem]
|-start|p2a: Iron Valiant|quarkdrivespe
|turn|11
|
|t:|1760440481
|move|p2a: Iron Valiant|Moonblast|p1a: Raichu
|-crit|p1a: Raichu
|-damage|p1a: Raichu|0 fnt
|faint|p1a: Raichu
|
|-damage|p2a: Iron Valiant|94/100 tox|[from] psn
|upkeep
|
|t:|1760440485
|switch|p1a: Zapdos|Zapdos|100/100
|turn|12
|
|t:|1760440493
|move|p2a: Iron Valiant|Knock Off|p1a: Zapdos
|-damage|p1a: Zapdos|57/100
|-enditem|p1a: Zapdos|Choice Scarf|[from] move: Knock Off|[of] p2a: Iron Valiant
|move|p1a: Zapdos|Hurricane|p2a: Iron Valiant
|-supereffective|p2a: Iron Valiant
|-damage|p2a: Iron Valiant|0 fnt
|faint|p2a: Iron Valiant
|-end|p2a: Iron Valiant|Quark Drive|[silent]
|
|upkeep
|
|t:|1760440507
|switch|p2a: Dragapult|Dragapult, M|100/100
|-status|p2a: Dragapult|tox
|turn|13
|
|t:|1760440515
|move|p2a: Dragapult|Draco Meteor|p1a: Zapdos
|-damage|p1a: Zapdos|0 fnt
|-unboost|p2a: Dragapult|spa|2
|faint|p1a: Zapdos
|
|-damage|p2a: Dragapult|95/100 tox|[from] psn
|upkeep
|
|t:|1760440518
|switch|p1a: Dragonite|Dragonite, M|100/100
|turn|14
|
|t:|1760440528
|move|p2a: Dragapult|Draco Meteor|p1a: Dragonite
|-supereffective|p1a: Dragonite
|-damage|p1a: Dragonite|54/100
|-unboost|p2a: Dragapult|spa|2
|move|p1a: Dragonite|Dragon Dance|p1a: Dragonite
|-boost|p1a: Dragonite|atk|1
|-boost|p1a: Dragonite|spe|1
|
|-damage|p2a: Dragapult|83/100 tox|[from] psn
|upkeep
|turn|15
|
|t:|1760440539
|move|p2a: Dragapult|Draco Meteor|p1a: Dragonite
|-supereffective|p1a: Dragonite
|-damage|p1a: Dragonite|0 fnt
|-unboost|p2a: Dragapult|spa|2
|faint|p1a: Dragonite
|
|win|Urracq
|raw|hotdogjimbo69420's rating: 1138 &rarr; <strong>1115</strong><br />(-23 for losing)
|raw|Urracq's rating: 1161 &rarr; <strong>1184</strong><br />(+23 for winning)
|l|☆hotdogjimbo69420
|player|p1|
|l|☆Urracq
|player|p2|
