|j|☆Noobula
|j|☆HEEEEEEEEELP
|t:|1760438906
|gametype|singles
|player|p1|Noobula|2|1156
|player|p2|HEEEEEEEEELP|170|1107
|gen|9
|tier|[Gen 9] OU
|rated|
|rule|HP Percentage Mod: HP is shown in percentages
|rule|Endless Battle Clause: Forcing endless battles is banned
|rule|Species Clause: Limit one of each Pokémon
|rule|OHKO Clause: OHKO moves are banned
|rule|Evasion Items Clause: Evasion items are banned
|rule|Evasion Moves Clause: Evasion moves are banned
|rule|Evasion Abilities Clause: Evasion abilities are banned
|rule|Sleep Moves Clause: Sleep-inducing moves are banned
|clearpoke
|poke|p1|Ogerpon-Wellspring, F|
|poke|p1|Weezing-Galar, M|
|poke|p1|Grimmsnarl, M|
|poke|p1|Hydrapple, M|
|poke|p1|Tornadus-Therian, M|
|poke|p1|Slowking-Galar, M|
|poke|p2|Ribombee, M|
|poke|p2|Glimmora, M|
|poke|p2|Gholdengo|
|poke|p2|Samurott-Hisui, F|
|poke|p2|Rillaboom, F|
|poke|p2|Conkeldurr, F|
|teampreview
|
|t:|1760438913
|teamsize|p1|6
|teamsize|p2|6
|start
|switch|p1a: Tornadus|Tornadus-Therian, M, shiny|100/100
|switch|p2a: Ribombee|Ribombee, M|100/100
|turn|1
|
|t:|1760438919
|move|p2a: Ribombee|Sticky Web|p1a: Tornadus
|-sidestart|p1: Noobula|move: Sticky Web
|move|p1a: Tornadus|Icy Wind|p2a: Ribombee
|-damage|p2a: Ribombee|77/100
|
|upkeep
|turn|2
|
|t:|1760438933
|move|p2a: Ribombee|Moonblast|p1a: Tornadus
|-damage|p1a: Tornadus|74/100
|move|p1a: Tornadus|Bleakwind Storm|p2a: Ribombee
|-supereffective|p2a: Ribombee
|-damage|p2a: Ribombee|0 fnt
|faint|p2a: Ribombee
|
|upkeep
|
|t:|1760438938
|switch|p2a: Glimmora|Glimmora, M|100/100
|turn|3
|
|t:|1760438943
|move|p1a: Tornadus|U-turn|p2a: Glimmora
|-resisted|p2a: Glimmora
|-damage|p2a: Glimmora|93/100
|-activate|p2a: Glimmora|ability: Toxic Debris
|-sidestart|p1: Noobula|move: Toxic Spikes
|
|t:|1760438948
|switch|p1a: Slowking|Slowking-Galar, M|100/100|[from] U-turn
|-sideend|p1: Noobula|move: Toxic Spikes|[of] p1a: Slowking
|move|p2a: Glimmora|Stealth Rock|p1a: Slowking
|-sidestart|p1: Noobula|move: Stealth Rock
|
|upkeep
|turn|4
|
|t:|1760438958
|switch|p2a: Gholdengo|Gholdengo|100/100
|move|p1a: Slowking|Thunder Wave|p2a: Gholdengo
|-immune|p2a: Gholdengo|[from] ability: Good as Gold
|
|upkeep
|turn|5
|
|t:|1760438969
|move|p2a: Gholdengo|Shadow Ball|p1a: Slowking
|-supereffective|p1a: Slowking
|-damage|p1a: Slowking|7/100
|-prepare|p1a: Slowking|Chilly Reception|[premajor]
|move|p1a: Slowking|Chilly Reception|p1a: Slowking
|-weather|Snowscape
|
|t:|1760438990
|switch|p1a: Grimmsnarl|Grimmsnarl, M|100/100|[from] Chilly Reception
|
|-weather|Snowscape|[upkeep]
|upkeep
|turn|6
|
|t:|1760438999
|switch|p2a: Glimmora|Glimmora, M|93/100
|move|p1a: Grimmsnarl|Parting Shot|p2a: Glimmora
|-unboost|p2a: Glimmora|atk|1
|-unboost|p2a: Glimmora|spa|1
|
|t:|1760439007
|switch|p1a: Weezing|Weezing-Galar, M|100/100|[from] Parting Shot
|-ability|p1a: Weezing|Neutralizing Gas
|-activate|p1a: Weezing|move: Sticky Web
|-unboost|p1a: Weezing|spe|1
|-damage|p1a: Weezing|88/100|[from] Stealth Rock
|
|-weather|Snowscape|[upkeep]
|upkeep
|turn|7
|
|t:|1760439023
|switch|p2a: Gholdengo|Gholdengo|100/100
|move|p1a: Weezing|Defog|p2a: Gholdengo
|-unboost|p2a: Gholdengo|evasion|1
|-sideend|p1: Noobula|Stealth Rock|[from] move: Defog|[of] p1a: Weezing
|-sideend|p1: Noobula|Sticky Web|[from] move: Defog|[of] p1a: Weezing
|
|-weather|Snowscape|[upkeep]
|upkeep
|turn|8
|
|t:|1760439029
|-end|p1a: Weezing|ability: Neutralizing Gas
|switch|p1a: Hydrapple|Hydrapple, M, shiny|100/100
|move|p2a: Gholdengo|Flash Cannon|p1a: Hydrapple
|-damage|p1a: Hydrapple|62/100
|
|-weather|Snowscape|[upkeep]
|upkeep
|turn|9
|
|t:|1760439041
|switch|p2a: Rillaboom|Rillaboom, F|100/100
|-fieldstart|move: Grassy Terrain|[from] ability: Grassy Surge|[of] p2a: Rillaboom
|move|p1a: Hydrapple|Earth Power|p2a: Rillaboom
|-resisted|p2a: Rillaboom
|-damage|p2a: Rillaboom|85/100
|
|-weather|none
|-heal|p2a: Rillaboom|91/100|[from] Grassy Terrain
|-heal|p1a: Hydrapple|68/100|[from] Grassy Terrain
|upkeep
|turn|10
|
|t:|1760439049
|switch|p1a: Weezing|Weezing-Galar, M|88/100
|-ability|p1a: Weezing|Neutralizing Gas
|move|p2a: Rillaboom|U-turn|p1a: Weezing
|-resisted|p1a: Weezing
|-damage|p1a: Weezing|84/100
|-damage|p2a: Rillaboom|75/100|[from] item: Rocky Helmet|[of] p1a: Weezing
|
|t:|1760439053
|switch|p2a: Gholdengo|Gholdengo|100/100|[from] U-turn
|
|-heal|p1a: Weezing|90/100|[from] Grassy Terrain
|upkeep
|turn|11
|
|t:|1760439059
|-end|p1a: Weezing|ability: Neutralizing Gas
|switch|p1a: Hydrapple|Hydrapple, M, shiny|100/100
|move|p2a: Gholdengo|Flash Cannon|p1a: Hydrapple
|-damage|p1a: Hydrapple|61/100
|
|-heal|p1a: Hydrapple|67/100|[from] Grassy Terrain
|upkeep
|turn|12
|
|t:|1760439066
|switch|p2a: Conkeldurr|Conkeldurr, F|100/100
|move|p1a: Hydrapple|Giga Drain|p2a: Conkeldurr
|-damage|p2a: Conkeldurr|50/100
|-heal|p1a: Hydrapple|89/100|[from] drain|[of] p2a: Conkeldurr
|
|-heal|p2a: Conkeldurr|56/100|[from] Grassy Terrain
|-heal|p1a: Hydrapple|95/100|[from] Grassy Terrain
|-status|p2a: Conkeldurr|brn|[from] item: Flame Orb
|upkeep
|turn|13
|
|t:|1760439075
|switch|p1a: Weezing|Weezing-Galar, M|90/100
|-ability|p1a: Weezing|Neutralizing Gas
|move|p2a: Conkeldurr|Ice Punch|p1a: Weezing
|-damage|p1a: Weezing|80/100
|-damage|p2a: Conkeldurr|39/100 brn|[from] item: Rocky Helmet|[of] p1a: Weezing
|
|-heal|p1a: Weezing|86/100|[from] Grassy Terrain
|-heal|p2a: Conkeldurr|45/100 brn|[from] Grassy Terrain
|-damage|p2a: Conkeldurr|39/100 brn|[from] brn
|upkeep
|turn|14
|
|t:|1760439087
|switch|p2a: Glimmora|Glimmora, M|93/100
|move|p1a: Weezing|Strange Steam|p2a: Glimmora
|-resisted|p2a: Glimmora
|-damage|p2a: Glimmora|75/100
|
|-heal|p2a: Glimmora|81/100|[from] Grassy Terrain
|-heal|p1a: Weezing|92/100|[from] Grassy Terrain
|upkeep
|turn|15
|
|t:|1760439093
|-end|p1a: Weezing|ability: Neutralizing Gas
|switch|p1a: Slowking|Slowking-Galar, M|40/100
|move|p2a: Glimmora|Ancient Power|p1a: Slowking
|-damage|p1a: Slowking|14/100
|
|-heal|p2a: Glimmora|87/100|[from] Grassy Terrain
|-heal|p1a: Slowking|21/100|[from] Grassy Terrain
|upkeep
|turn|16
|
|t:|1760439109
|switch|p1a: Ogerpon|Ogerpon-Wellspring, F|100/100
|move|p2a: Glimmora|Ancient Power|p1a: Ogerpon
|-damage|p1a: Ogerpon|58/100
|
|-heal|p1a: Ogerpon|64/100|[from] Grassy Terrain
|-heal|p2a: Glimmora|93/100|[from] Grassy Terrain
|-fieldend|move: Grassy Terrain
|upkeep
|turn|17
|
|t:|1760439116
|switch|p2a: Rillaboom|Rillaboom, F|75/100
|-fieldstart|move: Grassy Terrain|[from] ability: Grassy Surge|[of] p2a: Rillaboom
|move|p1a: Ogerpon|Ivy Cudgel|p2a: Rillaboom|[anim] Ivy Cudgel Water
|-resisted|p2a: Rillaboom
|-crit|p2a: Rillaboom
|-damage|p2a: Rillaboom|31/100
|
|-heal|p1a: Ogerpon|70/100|[from] Grassy Terrain
|-heal|p2a: Rillaboom|37/100|[from] Grassy Terrain
|upkeep
|turn|18
|
|t:|1760439122
|switch|p1a: Weezing|Weezing-Galar, M|92/100
|-ability|p1a: Weezing|Neutralizing Gas
|move|p2a: Rillaboom|Grassy Glide|p1a: Weezing
|-resisted|p1a: Weezing
|-damage|p1a: Weezing|79/100
|-damage|p2a: Rillaboom|21/100|[from] item: Rocky Helmet|[of] p1a: Weezing
|
|-heal|p2a: Rillaboom|27/100|[from] Grassy Terrain
|-heal|p1a: Weezing|85/100|[from] Grassy Terrain
|upkeep
|turn|19
|
|t:|1760439133
|switch|p2a: Glimmora|Glimmora, M|93/100
|move|p1a: Weezing|Strange Steam|p2a: Glimmora
|-resisted|p2a: Glimmora
|-damage|p2a: Glimmora|74/100
|
|-heal|p2a: Glimmora|80/100|[from] Grassy Terrain
|-heal|p1a: Weezing|91/100|[from] Grassy Terrain
|upkeep
|turn|20
|
|t:|1760439140
|-end|p1a: Weezing|ability: Neutralizing Gas
|switch|p1a: Tornadus|Tornadus-Therian, M, shiny|100/100
|move|p2a: Glimmora|Stealth Rock|p1a: Tornadus
|-sidestart|p1: Noobula|move: Stealth Rock
|
|-heal|p2a: Glimmora|87/100|[from] Grassy Terrain
|upkeep
|turn|21
|
|t:|1760439152
|move|p1a: Tornadus|U-turn|p2a: Glimmora
|-resisted|p2a: Glimmora
|-damage|p2a: Glimmora|80/100
|-activate|p2a: Glimmora|ability: Toxic Debris
|-sidestart|p1: Noobula|move: Toxic Spikes
|
|t:|1760439154
|switch|p1a: Slowking|Slowking-Galar, M|54/100|[from] U-turn
|-sideend|p1: Noobula|move: Toxic Spikes|[of] p1a: Slowking
|move|p2a: Glimmora|Ancient Power|p1a: Slowking
|-damage|p1a: Slowking|29/100
|
|-heal|p2a: Glimmora|86/100|[from] Grassy Terrain
|-heal|p1a: Slowking|35/100|[from] Grassy Terrain
|upkeep
|turn|22
|
|t:|1760439167
|move|p2a: Glimmora|Ancient Power|p1a: Slowking
|-damage|p1a: Slowking|10/100
|move|p1a: Slowking|Future Sight|p2a: Glimmora
|-start|p1a: Slowking|move: Future Sight
|
|-heal|p2a: Glimmora|92/100|[from] Grassy Terrain
|-heal|p1a: Slowking|16/100|[from] Grassy Terrain
|upkeep
|turn|23
|
|t:|1760439174
|switch|p1a: Hydrapple|Hydrapple, M, shiny|100/100
|-damage|p1a: Hydrapple|88/100|[from] Stealth Rock
|move|p2a: Glimmora|Ancient Power|p1a: Hydrapple
|-damage|p1a: Hydrapple|65/100
|
|-heal|p2a: Glimmora|99/100|[from] Grassy Terrain
|-heal|p1a: Hydrapple|71/100|[from] Grassy Terrain
|upkeep
|turn|24
|
|t:|1760439184
|move|p2a: Glimmora|Mortal Spin|p1a: Hydrapple
|-supereffective|p1a: Hydrapple
|-damage|p1a: Hydrapple|61/100
|-status|p1a: Hydrapple|psn
|move|p1a: Hydrapple|Giga Drain|p2a: Glimmora
|-damage|p2a: Glimmora|32/100
|-heal|p1a: Hydrapple|86/100 psn|[from] drain|[of] p2a: Glimmora
|
|-end|p2a: Glimmora|move: Future Sight
|-supereffective|p2a: Glimmora
|-damage|p2a: Glimmora|0 fnt
|faint|p2a: Glimmora
|-heal|p1a: Hydrapple|92/100 psn|[from] Grassy Terrain
|-damage|p1a: Hydrapple|79/100 psn|[from] psn
|-fieldend|move: Grassy Terrain
|upkeep
|
|t:|1760439188
|switch|p2a: Conkeldurr|Conkeldurr, F|39/100 brn
|turn|25
|
|t:|1760439197
|switch|p1a: Weezing|Weezing-Galar, M|91/100
|-ability|p1a: Weezing|Neutralizing Gas
|-damage|p1a: Weezing|79/100|[from] Stealth Rock
|move|p2a: Conkeldurr|Ice Punch|p1a: Weezing
|-damage|p1a: Weezing|68/100
|-damage|p2a: Conkeldurr|22/100 brn|[from] item: Rocky Helmet|[of] p1a: Weezing
|
|-damage|p2a: Conkeldurr|16/100 brn|[from] brn
|upkeep
|turn|26
|
|t:|1760439207
|move|p1a: Weezing|Strange Steam|p2a: Conkeldurr
|-supereffective|p2a: Conkeldurr
|-damage|p2a: Conkeldurr|0 fnt
|faint|p2a: Conkeldurr
|
|upkeep
|
|t:|1760439213
|switch|p2a: Rillaboom|Rillaboom, F|27/100
|turn|27
|
|t:|1760439222
|move|p2a: Rillaboom|Knock Off|p1a: Weezing
|-resisted|p1a: Weezing
|-damage|p1a: Weezing|57/100
|-damage|p2a: Rillaboom|10/100|[from] item: Rocky Helmet|[of] p1a: Weezing
|-enditem|p1a: Weezing|Rocky Helmet|[from] move: Knock Off|[of] p2a: Rillaboom
|move|p1a: Weezing|Strange Steam|p2a: Rillaboom
|-damage|p2a: Rillaboom|0 fnt
|faint|p2a: Rillaboom
|
|upkeep
|
|t:|1760439232
|switch|p2a: Samurott|Samurott-Hisui, F|100/100
|turn|28
|
|t:|1760439238
|move|p2a: Samurott|Razor Shell|p1a: Weezing
|-damage|p1a: Weezing|29/100
|move|p1a: Weezing|Will-O-Wisp|p2a: Samurott
|-status|p2a: Samurott|brn
|
|-damage|p2a: Samurott|94/100 brn|[from] brn
|upkeep
|turn|29
|
|t:|1760439244
|move|p2a: Samurott|Razor Shell|p1a: Weezing
|-damage|p1a: Weezing|13/100
|-unboost|p1a: Weezing|def|1
|move|p1a: Weezing|Pain Split|p2a: Samurott
|-sethp|p2a: Samurott|54/100 brn|[from] move: Pain Split|[silent]
|-sethp|p1a: Weezing|52/100|[from] move: Pain Split
|
|-damage|p2a: Samurott|48/100 brn|[from] brn
|upkeep
|turn|30
|
|t:|1760439256
|-end|p1a: Weezing|ability: Neutralizing Gas
|switch|p1a: Ogerpon|Ogerpon-Wellspring, F|70/100
|-damage|p1a: Ogerpon|58/100|[from] Stealth Rock
|move|p2a: Samurott|Razor Shell|p1a: Ogerpon
|-heal|p1a: Ogerpon|83/100|[from] ability: Water Absorb|[of] p2a: Samurott
|
|-damage|p2a: Samurott|42/100 brn|[from] brn
|upkeep
|turn|31
|
|t:|1760439267
|move|p1a: Ogerpon|Ivy Cudgel|p2a: Samurott|[anim] Ivy Cudgel Water
|-resisted|p2a: Samurott
|-damage|p2a: Samurott|1/100 brn
|move|p2a: Samurott|Razor Shell|p1a: Ogerpon
|-heal|p1a: Ogerpon|100/100|[from] ability: Water Absorb|[of] p2a: Samurott
|
|-damage|p2a: Samurott|0 fnt|[from] brn
|faint|p2a: Samurott
|upkeep
|
|t:|1760439270
|switch|p2a: Gholdengo|Gholdengo|100/100
|turn|32
|
|t:|1760439277
|-terastallize|p1a: Ogerpon|Water
|detailschange|p1a: Ogerpon|Ogerpon-Wellspring-Tera, F, tera:Water
|-ability|p1a: Ogerpon|Embody Aspect (Wellspring)|boost
|-boost|p1a: Ogerpon|spd|1
|-terastallize|p2a: Gholdengo|Ghost
|move|p1a: Ogerpon|Ivy Cudgel|p2a: Gholdengo|[anim] Ivy Cudgel Water
|-damage|p2a: Gholdengo|6/100
|move|p2a: Gholdengo|Shadow Ball|p1a: Ogerpon
|-damage|p1a: Ogerpon|35/100
|
|upkeep
|turn|33
|
|t:|1760439288
|move|p1a: Ogerpon|Ivy Cudgel|p2a: Gholdengo|[anim] Ivy Cudgel Water
|-damage|p2a: Gholdengo|0 fnt
|faint|p2a: Gholdengo
|
|win|Noobula
|raw|Noobula's rating: 1156 &rarr; <strong>1177</strong><br />(+21 for winning)
|raw|HEEEEEEEEELP's rating: 1107 &rarr; <strong>1086</strong><br />(-21 for losing)
