|j|☆tongolele
|j|☆Urracq
|t:|1760439759
|gametype|singles
|player|p1|tongolele|2|1210
|player|p2|Urracq|266|1217
|gen|9
|tier|[Gen 9] OU
|rated|
|rule|HP Percentage Mod: HP is shown in percentages
|rule|Endless Battle Clause: Forcing endless battles is banned
|rule|Species Clause: Limit one of each Pokémon
|rule|OHKO Clause: OHKO moves are banned
|rule|Evasion Items Clause: Evasion items are banned
|rule|Evasion Moves Clause: Evasion moves are banned
|rule|Evasion Abilities Clause: Evasion abilities are banned
|rule|Sleep Moves Clause: Sleep-inducing moves are banned
|clearpoke
|poke|p1|Gliscor, F|
|poke|p1|Goodra, F|
|poke|p1|Gholdengo|
|poke|p1|Glimmora, M|
|poke|p1|Blaziken, F|
|poke|p1|Gastrodon, M|
|poke|p2|Glimmora, F|
|poke|p2|Great Tusk|
|poke|p2|Dragapult, M|
|poke|p2|Moltres|
|poke|p2|Araquanid, M|
|poke|p2|Iron Valiant|
|teampreview
|inactive|Battle timer is ON: inactive players will automatically lose when time's up. (requested by tongolele)
|
|t:|1760439766
|teamsize|p1|6
|teamsize|p2|6
|start
|switch|p1a: Glimmora|Glimmora, M|100/100
|switch|p2a: Araquanid|Araquanid, M|100/100
|turn|1
|
|t:|1760439774
|move|p1a: Glimmora|Stealth Rock|p2a: Araquanid
|-sidestart|p2: Urracq|move: Stealth Rock
|move|p2a: Araquanid|Liquidation|p1a: Glimmora
|-supereffective|p1a: Glimmora
|-damage|p1a: Glimmora|22/100
|-damage|p2a: Araquanid|84/100|[from] item: Rocky Helmet|[of] p1a: Glimmora
|-activate|p1a: Glimmora|ability: Toxic Debris
|-sidestart|p2: Urracq|move: Toxic Spikes
|
|upkeep
|turn|2
|
|t:|1760439785
|move|p1a: Glimmora|Spiky Shield|p1a: Glimmora
|-singleturn|p1a: Glimmora|move: Protect
|move|p2a: Araquanid|Sticky Web|p1a: Glimmora
|-sidestart|p1: tongolele|move: Sticky Web
|
|upkeep
|turn|3
|
|t:|1760439792
|move|p1a: Glimmora|Mortal Spin|p2a: Araquanid
|-damage|p2a: Araquanid|79/100
|-status|p2a: Araquanid|psn
|-sideend|p1: tongolele|Sticky Web|[from] move: Mortal Spin|[of] p1a: Glimmora
|move|p2a: Araquanid|Liquidation|p1a: Glimmora
|-supereffective|p1a: Glimmora
|-damage|p1a: Glimmora|0 fnt
|-damage|p2a: Araquanid|63/100 psn|[from] item: Rocky Helmet|[of] p1a: Glimmora
|-activate|p1a: Glimmora|ability: Toxic Debris
|-sidestart|p2: Urracq|move: Toxic Spikes
|faint|p1a: Glimmora
|
|-damage|p2a: Araquanid|50/100 psn|[from] psn
|upkeep
|
|t:|1760439819
|switch|p1a: Gholdengo|Gholdengo|100/100
|turn|4
|
|t:|1760439824
|move|p1a: Gholdengo|Shadow Ball|p2a: Araquanid
|-damage|p2a: Araquanid|19/100 psn
|-unboost|p2a: Araquanid|spd|1
|move|p2a: Araquanid|Sticky Web|p1a: Gholdengo
|-sidestart|p1: tongolele|move: Sticky Web
|
|-damage|p2a: Araquanid|7/100 psn|[from] psn
|upkeep
|turn|5
|
|t:|1760439833
|move|p1a: Gholdengo|Shadow Ball|p2a: Araquanid
|-damage|p2a: Araquanid|0 fnt
|faint|p2a: Araquanid
|
|upkeep
|
|t:|1760439840
|switch|p2a: Glimmora|Glimmora, F|100/100
|-damage|p2a: Glimmora|88/100|[from] Stealth Rock
|-sideend|p2: Urracq|move: Toxic Spikes|[of] p2a: Glimmora
|turn|6
|
|t:|1760439849
|move|p1a: Gholdengo|Shadow Ball|p2a: Glimmora
|-damage|p2a: Glimmora|29/100
|move|p2a: Glimmora|Stealth Rock|p1a: Gholdengo
|-sidestart|p1: tongolele|move: Stealth Rock
|
|upkeep
|turn|7
|
|t:|1760439867
|move|p1a: Gholdengo|Shadow Ball|p2a: Glimmora
|-crit|p2a: Glimmora
|-damage|p2a: Glimmora|0 fnt
|faint|p2a: Glimmora
|
|upkeep
|
|t:|1760439876
|switch|p2a: Iron Valiant|Iron Valiant|100/100
|-damage|p2a: Iron Valiant|94/100|[from] Stealth Rock
|-enditem|p2a: Iron Valiant|Booster Energy
|-activate|p2a: Iron Valiant|ability: Quark Drive|[fromitem]
|-start|p2a: Iron Valiant|quarkdrivespe
|turn|8
|
|t:|1760439882
|move|p2a: Iron Valiant|Knock Off|p1a: Gholdengo
|-supereffective|p1a: Gholdengo
|-damage|p1a: Gholdengo|18/100
|-enditem|p1a: Gholdengo|Choice Scarf|[from] move: Knock Off|[of] p2a: Iron Valiant
|move|p1a: Gholdengo|Shadow Ball|p2a: Iron Valiant
|-damage|p2a: Iron Valiant|13/100
|-unboost|p2a: Iron Valiant|spd|1
|
|upkeep
|turn|9
|
|t:|1760439895
|move|p2a: Iron Valiant|Knock Off|p1a: Gholdengo
|-supereffective|p1a: Gholdengo
|-damage|p1a: Gholdengo|0 fnt
|faint|p1a: Gholdengo
|
|upkeep
|
|t:|1760439905
|switch|p1a: Gliscor|Gliscor, F|100/100
|-damage|p1a: Gliscor|88/100|[from] Stealth Rock
|turn|10
|
|t:|1760439910
|move|p1a: Gliscor|Protect|p1a: Gliscor
|-singleturn|p1a: Gliscor|Protect
|move|p2a: Iron Valiant|Knock Off|p1a: Gliscor
|-activate|p1a: Gliscor|move: Protect
|
|-status|p1a: Gliscor|tox|[from] item: Toxic Orb
|upkeep
|turn|11
|
|t:|1760439920
|move|p2a: Iron Valiant|Encore|p1a: Gliscor
|-start|p1a: Gliscor|Encore
|move|p1a: Gliscor|Protect||[still]
|-fail|p1a: Gliscor
|
|-heal|p1a: Gliscor|100/100 tox|[from] ability: Poison Heal
|upkeep
|turn|12
|
|t:|1760439928
|move|p1a: Gliscor|Protect|p1a: Gliscor
|-singleturn|p1a: Gliscor|Protect
|move|p2a: Iron Valiant|Knock Off|p1a: Gliscor
|-activate|p1a: Gliscor|move: Protect
|
|upkeep
|turn|13
|
|t:|1760439935
|move|p1a: Gliscor|Protect|p1a: Gliscor
|-singleturn|p1a: Gliscor|Protect
|move|p2a: Iron Valiant|Knock Off|p1a: Gliscor
|-activate|p1a: Gliscor|move: Protect
|
|-end|p1a: Gliscor|Encore
|upkeep
|turn|14
|
|t:|1760439944
|move|p2a: Iron Valiant|Knock Off|p1a: Gliscor
|-damage|p1a: Gliscor|80/100 tox
|-enditem|p1a: Gliscor|Toxic Orb|[from] move: Knock Off|[of] p2a: Iron Valiant
|move|p1a: Gliscor|Swords Dance|p1a: Gliscor
|-boost|p1a: Gliscor|atk|2
|
|-heal|p1a: Gliscor|92/100 tox|[from] ability: Poison Heal
|upkeep
|turn|15
|
|t:|1760439954
|move|p1a: Gliscor|Protect|p1a: Gliscor
|-singleturn|p1a: Gliscor|Protect
|move|p2a: Iron Valiant|Encore|p1a: Gliscor
|-activate|p1a: Gliscor|move: Protect
|
|-heal|p1a: Gliscor|100/100 tox|[from] ability: Poison Heal
|upkeep
|turn|16
|
|t:|1760439966
|move|p2a: Iron Valiant|Encore|p1a: Gliscor
|-start|p1a: Gliscor|Encore
|move|p1a: Gliscor|Protect||[still]
|-fail|p1a: Gliscor
|
|upkeep
|turn|17
|
|t:|1760439978
|-end|p2a: Iron Valiant|Quark Drive|[silent]
|switch|p2a: Great Tusk|Great Tusk|100/100
|move|p1a: Gliscor|Protect||[still]
|-fail|p1a: Gliscor
|
|upkeep
|turn|18
|
|t:|1760439988
|move|p1a: Gliscor|Protect|p1a: Gliscor
|-singleturn|p1a: Gliscor|Protect
|move|p2a: Great Tusk|Rapid Spin|p1a: Gliscor
|-activate|p1a: Gliscor|move: Protect
|
|-end|p1a: Gliscor|Encore
|upkeep
|turn|19
|
|t:|1760440002
|move|p1a: Gliscor|Swords Dance|p1a: Gliscor
|-boost|p1a: Gliscor|atk|2
|move|p2a: Great Tusk|Rapid Spin|p1a: Gliscor
|-damage|p1a: Gliscor|88/100 tox
|-boost|p2a: Great Tusk|spe|1
|-sideend|p2: Urracq|Stealth Rock|[from] move: Rapid Spin|[of] p2a: Great Tusk
|
|-heal|p1a: Gliscor|99/100 tox|[from] ability: Poison Heal
|upkeep
|turn|20
|
|t:|1760440012
|move|p2a: Great Tusk|Ice Spinner|p1a: Gliscor
|-supereffective|p1a: Gliscor
|-damage|p1a: Gliscor|21/100 tox
|move|p1a: Gliscor|Earthquake|p2a: Great Tusk
|-damage|p2a: Great Tusk|37/100
|
|-heal|p1a: Gliscor|33/100 tox|[from] ability: Poison Heal
|upkeep
|turn|21
|
|t:|1760440022
|move|p1a: Gliscor|Protect|p1a: Gliscor
|-singleturn|p1a: Gliscor|Protect
|move|p2a: Great Tusk|Ice Spinner|p1a: Gliscor
|-activate|p1a: Gliscor|move: Protect
|
|-heal|p1a: Gliscor|46/100 tox|[from] ability: Poison Heal
|upkeep
|turn|22
|
|t:|1760440033
|-terastallize|p1a: Gliscor|Normal
|move|p2a: Great Tusk|Ice Spinner|p1a: Gliscor
|-damage|p1a: Gliscor|27/100 tox
|move|p1a: Gliscor|Earthquake|p2a: Great Tusk
|-damage|p2a: Great Tusk|0 fnt
|faint|p2a: Great Tusk
|-end|p2a: Great Tusk|Protosynthesis|[silent]
|
|-heal|p1a: Gliscor|39/100 tox|[from] ability: Poison Heal
|upkeep
|
|t:|1760440046
|switch|p2a: Iron Valiant|Iron Valiant|13/100
|turn|23
|
|t:|1760440051
|move|p2a: Iron Valiant|Close Combat|p1a: Gliscor
|-supereffective|p1a: Gliscor
|-damage|p1a: Gliscor|0 fnt
|-unboost|p2a: Iron Valiant|def|1
|-unboost|p2a: Iron Valiant|spd|1
|faint|p1a: Gliscor
|
|upkeep
|
|t:|1760440060
|switch|p1a: Blaziken|Blaziken, F|100/100
|-activate|p1a: Blaziken|move: Sticky Web
|-unboost|p1a: Blaziken|spe|1
|-damage|p1a: Blaziken|88/100|[from] Stealth Rock
|turn|24
|
|t:|1760440069
|move|p1a: Blaziken|Protect|p1a: Blaziken
|-singleturn|p1a: Blaziken|Protect
|move|p2a: Iron Valiant|Close Combat|p1a: Blaziken
|-activate|p1a: Blaziken|move: Protect
|
|-ability|p1a: Blaziken|Speed Boost|boost
|-boost|p1a: Blaziken|spe|1
|upkeep
|turn|25
|
|t:|1760440086
|move|p2a: Iron Valiant|Encore|p1a: Blaziken
|-start|p1a: Blaziken|Encore
|move|p1a: Blaziken|Protect||[still]
|-fail|p1a: Blaziken
|
|-ability|p1a: Blaziken|Speed Boost|boost
|-boost|p1a: Blaziken|spe|1
|upkeep
|turn|26
|
|t:|1760440094
|move|p1a: Blaziken|Protect|p1a: Blaziken
|-singleturn|p1a: Blaziken|Protect
|move|p2a: Iron Valiant|Close Combat|p1a: Blaziken
|-activate|p1a: Blaziken|move: Protect
|
|-ability|p1a: Blaziken|Speed Boost|boost
|-boost|p1a: Blaziken|spe|1
|upkeep
|turn|27
|
|t:|1760440103
|move|p1a: Blaziken|Protect||[still]
|-fail|p1a: Blaziken
|move|p2a: Iron Valiant|Close Combat|p1a: Blaziken
|-damage|p1a: Blaziken|0 fnt
|-unboost|p2a: Iron Valiant|def|1
|-unboost|p2a: Iron Valiant|spd|1
|faint|p1a: Blaziken
|
|upkeep
|
|t:|1760440111
|switch|p1a: Gastrodon|Gastrodon, M|100/100
|-activate|p1a: Gastrodon|move: Sticky Web
|-unboost|p1a: Gastrodon|spe|1
|-damage|p1a: Gastrodon|94/100|[from] Stealth Rock
|turn|28
|
|t:|1760440120
|move|p2a: Iron Valiant|Close Combat|p1a: Gastrodon
|-damage|p1a: Gastrodon|47/100
|-unboost|p2a: Iron Valiant|def|1
|-unboost|p2a: Iron Valiant|spd|1
|move|p1a: Gastrodon|Earth Power|p2a: Iron Valiant
|-crit|p2a: Iron Valiant
|-damage|p2a: Iron Valiant|0 fnt
|faint|p2a: Iron Valiant
|-end|p2a: Iron Valiant|Quark Drive|[silent]
|
|upkeep
|
|t:|1760440139
|switch|p2a: Dragapult|Dragapult, M|100/100
|turn|29
|
|t:|1760440144
|-terastallize|p2a: Dragapult|Dragon
|move|p2a: Dragapult|Draco Meteor|p1a: Gastrodon|[miss]
|-miss|p2a: Dragapult|p1a: Gastrodon
|move|p1a: Gastrodon|Rest|p1a: Gastrodon
|-status|p1a: Gastrodon|slp|[from] move: Rest
|-heal|p1a: Gastrodon|100/100 slp|[silent]
|-enditem|p1a: Gastrodon|Chesto Berry|[eat]
|-curestatus|p1a: Gastrodon|slp|[msg]
|
|upkeep
|turn|30
|
|t:|1760440156
|move|p2a: Dragapult|Draco Meteor|p1a: Gastrodon|[miss]
|-miss|p2a: Dragapult|p1a: Gastrodon
|move|p1a: Gastrodon|Icy Wind|p2a: Dragapult
|-supereffective|p2a: Dragapult
|-damage|p2a: Dragapult|70/100
|-unboost|p2a: Dragapult|spe|1
|
|upkeep
|turn|31
|-message|Urracq forfeited.
|
|win|tongolele
|raw|tongolele's rating: 1210 &rarr; <strong>1236</strong><br />(+26 for winning)
|raw|Urracq's rating: 1217 &rarr; <strong>1191</strong><br />(-26 for losing)
|l|☆Urracq
|player|p2|
|l|☆tongolele
|player|p1|
