|j|☆Kamrin98
|j|☆shuiduoduoking
|t:|1760332471
|gametype|singles
|player|p1|Kamrin98|169|1362
|player|p2|shuiduoduoking|265|1348
|gen|9
|tier|[Gen 9] OU
|rated|
|rule|HP Percentage Mod: HP is shown in percentages
|rule|Endless Battle Clause: Forcing endless battles is banned
|rule|Species Clause: Limit one of each Pokémon
|rule|OHKO Clause: OHKO moves are banned
|rule|Evasion Items Clause: Evasion items are banned
|rule|Evasion Moves Clause: Evasion moves are banned
|rule|Evasion Abilities Clause: Evasion abilities are banned
|rule|Sleep Moves Clause: Sleep-inducing moves are banned
|clearpoke
|poke|p1|Darkrai|
|poke|p1|Alomomola, M|
|poke|p1|Landorus-Therian, M|
|poke|p1|Iron Valiant|
|poke|p1|Iron Treads|
|poke|p1|Enamorus, F|
|poke|p2|Torkoal, M|
|poke|p2|Walking Wake|
|poke|p2|Typhlosion-Hisui, M|
|poke|p2|Great Tusk|
|poke|p2|Raging Bolt|
|poke|p2|Slither Wing|
|teampreview
|inactive|Battle timer is ON: inactive players will automatically lose when time's up. (requested by Kamrin98)
|
|t:|1760332488
|teamsize|p1|6
|teamsize|p2|6
|start
|switch|p1a: Darkrai|Darkrai|100/100
|switch|p2a: Typhlosion|Typhlosion-Hisui, M|100/100
|-item|p1a: Darkrai|Choice Scarf|[from] ability: Frisk|[of] p2a: Typhlosion
|turn|1
|
|t:|1760332495
|move|p1a: Darkrai|Dark Pulse|p2a: Typhlosion
|-supereffective|p2a: Typhlosion
|-damage|p2a: Typhlosion|0 fnt
|faint|p2a: Typhlosion
|
|upkeep
|
|t:|1760332503
|switch|p2a: Slither Wing|Slither Wing|100/100
|turn|2
|
|t:|1760332506
|switch|p1a: Landorus|Landorus-Therian, M|100/100
|-ability|p1a: Landorus|Intimidate|boost
|-unboost|p2a: Slither Wing|atk|1
|move|p2a: Slither Wing|U-turn|p1a: Landorus
|-resisted|p1a: Landorus
|-damage|p1a: Landorus|80/100
|
|t:|1760332514
|-end|p2a: Slither Wing|Protosynthesis|[silent]
|switch|p2a: Great Tusk|Great Tusk|100/100|[from] U-turn
|
|-heal|p1a: Landorus|86/100|[from] item: Leftovers
|upkeep
|turn|3
|
|t:|1760332520
|switch|p1a: Alomomola|Alomomola, M|100/100
|move|p2a: Great Tusk|Stealth Rock|p1a: Alomomola
|-sidestart|p1: Kamrin98|move: Stealth Rock
|
|upkeep
|turn|4
|
|t:|1760332527
|-end|p2a: Great Tusk|Protosynthesis|[silent]
|switch|p2a: Raging Bolt|Raging Bolt|100/100
|move|p1a: Alomomola|Scald|p2a: Raging Bolt
|-resisted|p2a: Raging Bolt
|-damage|p2a: Raging Bolt|95/100
|
|upkeep
|turn|5
|
|t:|1760332534
|switch|p1a: Iron Treads|Iron Treads|100/100
|-damage|p1a: Iron Treads|97/100|[from] Stealth Rock
|move|p2a: Raging Bolt|Volt Switch|p1a: Iron Treads
|-immune|p1a: Iron Treads
|
|-heal|p1a: Iron Treads|100/100|[from] item: Leftovers
|upkeep
|turn|6
|
|t:|1760332545
|-end|p2a: Raging Bolt|Protosynthesis|[silent]
|switch|p2a: Torkoal|Torkoal, M|100/100
|-weather|SunnyDay|[from] ability: Drought|[of] p2a: Torkoal
|move|p1a: Iron Treads|Rapid Spin|p2a: Torkoal
|-damage|p2a: Torkoal|92/100
|-boost|p1a: Iron Treads|spe|1
|-sideend|p1: Kamrin98|Stealth Rock|[from] move: Rapid Spin|[of] p1a: Iron Treads
|
|-weather|SunnyDay|[upkeep]
|upkeep
|turn|7
|
|t:|1760332556
|switch|p2a: Walking Wake|Walking Wake|100/100
|-activate|p2a: Walking Wake|ability: Protosynthesis
|-start|p2a: Walking Wake|protosynthesisspe
|move|p1a: Iron Treads|Volt Switch|p2a: Walking Wake
|-damage|p2a: Walking Wake|85/100
|
|t:|1760332566
|-end|p1a: Iron Treads|Quark Drive|[silent]
|switch|p1a: Enamorus|Enamorus, F|100/100|[from] Volt Switch
|
|-weather|SunnyDay|[upkeep]
|upkeep
|turn|8
|
|t:|1760332575
|-terastallize|p2a: Walking Wake|Fire
|move|p2a: Walking Wake|Weather Ball|p1a: Enamorus
|-damage|p1a: Enamorus|0 fnt
|faint|p1a: Enamorus
|-damage|p2a: Walking Wake|75/100|[from] item: Life Orb
|
|-weather|SunnyDay|[upkeep]
|upkeep
|
|t:|1760332587
|switch|p1a: Iron Valiant|Iron Valiant|100/100
|turn|9
|
|t:|1760332598
|move|p2a: Walking Wake|Hydro Steam|p1a: Iron Valiant
|-crit|p1a: Iron Valiant
|-damage|p1a: Iron Valiant|0 fnt
|faint|p1a: Iron Valiant
|-end|p1a: Iron Valiant|Quark Drive|[silent]
|-damage|p2a: Walking Wake|65/100|[from] item: Life Orb
|
|-weather|SunnyDay|[upkeep]
|upkeep
|
|t:|1760332605
|switch|p1a: Darkrai|Darkrai|100/100
|turn|10
|
|t:|1760332608
|move|p1a: Darkrai|Dark Pulse|p2a: Walking Wake
|-damage|p2a: Walking Wake|15/100
|cant|p2a: Walking Wake|flinch
|
|-weather|SunnyDay|[upkeep]
|upkeep
|turn|11
|
|t:|1760332615
|-end|p2a: Walking Wake|Protosynthesis|[silent]
|switch|p2a: Slither Wing|Slither Wing|100/100
|-activate|p2a: Slither Wing|ability: Protosynthesis
|-start|p2a: Slither Wing|protosynthesisatk
|move|p1a: Darkrai|Dark Pulse|p2a: Slither Wing
|-resisted|p2a: Slither Wing
|-damage|p2a: Slither Wing|79/100
|
|-weather|SunnyDay|[upkeep]
|upkeep
|turn|12
|
|t:|1760332624
|switch|p1a: Landorus|Landorus-Therian, M|86/100
|-ability|p1a: Landorus|Intimidate|boost
|-unboost|p2a: Slither Wing|atk|1
|move|p2a: Slither Wing|U-turn|p1a: Landorus
|-resisted|p1a: Landorus
|-damage|p1a: Landorus|61/100
|
|t:|1760332630
|-end|p2a: Slither Wing|Protosynthesis|[silent]
|switch|p2a: Walking Wake|Walking Wake, tera:Fire|15/100|[from] U-turn
|-activate|p2a: Walking Wake|ability: Protosynthesis
|-start|p2a: Walking Wake|protosynthesisspe
|
|-weather|SunnyDay|[upkeep]
|-heal|p1a: Landorus|67/100|[from] item: Leftovers
|upkeep
|turn|13
|
|t:|1760332638
|-terastallize|p1a: Landorus|Grass
|move|p2a: Walking Wake|Hydro Steam|p1a: Landorus
|-resisted|p1a: Landorus
|-damage|p1a: Landorus|31/100
|-damage|p2a: Walking Wake|5/100|[from] item: Life Orb
|move|p1a: Landorus|Earth Power|p2a: Walking Wake
|-supereffective|p2a: Walking Wake
|-damage|p2a: Walking Wake|0 fnt
|faint|p2a: Walking Wake
|-end|p2a: Walking Wake|Protosynthesis|[silent]
|
|-weather|none
|-heal|p1a: Landorus|37/100|[from] item: Leftovers
|upkeep
|
|t:|1760332654
|switch|p2a: Slither Wing|Slither Wing|79/100
|turn|14
|
|t:|1760332659
|switch|p1a: Alomomola|Alomomola, M|100/100
|move|p2a: Slither Wing|First Impression|p1a: Alomomola
|-damage|p1a: Alomomola|57/100
|-damage|p2a: Slither Wing|63/100|[from] item: Rocky Helmet|[of] p1a: Alomomola
|
|upkeep
|turn|15
|
|t:|1760332666
|-end|p2a: Slither Wing|Protosynthesis|[silent]
|switch|p2a: Torkoal|Torkoal, M|92/100
|-weather|SunnyDay|[from] ability: Drought|[of] p2a: Torkoal
|move|p1a: Alomomola|Wish|p1a: Alomomola
|
|-weather|SunnyDay|[upkeep]
|upkeep
|turn|16
|
|t:|1760332675
|switch|p1a: Landorus|Landorus-Therian, M, tera:Grass|37/100
|-ability|p1a: Landorus|Intimidate|boost
|-unboost|p2a: Torkoal|atk|1
|move|p2a: Torkoal|Eruption|p1a: Landorus
|-supereffective|p1a: Landorus
|-damage|p1a: Landorus|0 fnt
|faint|p1a: Landorus
|
|-weather|SunnyDay|[upkeep]
|upkeep
|
|t:|1760332679
|switch|p1a: Darkrai|Darkrai|100/100
|turn|17
|
|t:|1760332688
|switch|p2a: Great Tusk|Great Tusk|100/100
|-activate|p2a: Great Tusk|ability: Protosynthesis
|-start|p2a: Great Tusk|protosynthesisspe
|move|p1a: Darkrai|Dark Pulse|p2a: Great Tusk
|-resisted|p2a: Great Tusk
|-damage|p2a: Great Tusk|77/100
|
|-weather|SunnyDay|[upkeep]
|-heal|p2a: Great Tusk|83/100|[from] item: Leftovers
|upkeep
|turn|18
|
|t:|1760332698
|switch|p1a: Alomomola|Alomomola, M|91/100
|move|p2a: Great Tusk|Stealth Rock|p1a: Alomomola
|-sidestart|p1: Kamrin98|move: Stealth Rock
|
|-weather|SunnyDay|[upkeep]
|-heal|p2a: Great Tusk|89/100|[from] item: Leftovers
|upkeep
|turn|19
|
|t:|1760332706
|-end|p2a: Great Tusk|Protosynthesis|[silent]
|switch|p2a: Raging Bolt|Raging Bolt|95/100
|-activate|p2a: Raging Bolt|ability: Protosynthesis
|-start|p2a: Raging Bolt|protosynthesisspa
|move|p1a: Alomomola|Scald|p2a: Raging Bolt
|-resisted|p2a: Raging Bolt
|-damage|p2a: Raging Bolt|93/100
|
|-weather|SunnyDay|[upkeep]
|upkeep
|turn|20
|
|t:|1760332716
|move|p2a: Raging Bolt|Weather Ball|p1a: Alomomola
|-resisted|p1a: Alomomola
|-damage|p1a: Alomomola|47/100
|move|p1a: Alomomola|Flip Turn|p2a: Raging Bolt
|-resisted|p2a: Raging Bolt
|-crit|p2a: Raging Bolt
|-damage|p2a: Raging Bolt|88/100
|
|t:|1760332720
|switch|p1a: Darkrai|Darkrai|100/100|[from] Flip Turn
|-damage|p1a: Darkrai|88/100|[from] Stealth Rock
|
|-weather|SunnyDay|[upkeep]
|upkeep
|turn|21
|
|t:|1760332727
|switch|p1a: Iron Treads|Iron Treads|100/100
|-damage|p1a: Iron Treads|97/100|[from] Stealth Rock
|move|p2a: Raging Bolt|Thunderclap||[still]
|-fail|p2a: Raging Bolt
|
|-weather|SunnyDay|[upkeep]
|-heal|p1a: Iron Treads|100/100|[from] item: Leftovers
|upkeep
|turn|22
|
|t:|1760332736
|move|p1a: Iron Treads|Earth Power|p2a: Raging Bolt
|-supereffective|p2a: Raging Bolt
|-damage|p2a: Raging Bolt|51/100
|move|p2a: Raging Bolt|Weather Ball|p1a: Iron Treads
|-supereffective|p1a: Iron Treads
|-damage|p1a: Iron Treads|0 fnt
|faint|p1a: Iron Treads
|-end|p1a: Iron Treads|Quark Drive|[silent]
|
|-weather|none
|-end|p2a: Raging Bolt|Protosynthesis
|upkeep
|
|t:|1760332740
|switch|p1a: Darkrai|Darkrai|88/100
|-damage|p1a: Darkrai|76/100|[from] Stealth Rock
|turn|23
|
|t:|1760332747
|-end|p2a: Raging Bolt|Protosynthesis|[silent]
|switch|p2a: Torkoal|Torkoal, M|92/100
|-weather|SunnyDay|[from] ability: Drought|[of] p2a: Torkoal
|move|p1a: Darkrai|Ice Beam|p2a: Torkoal
|-resisted|p2a: Torkoal
|-damage|p2a: Torkoal|76/100
|
|-weather|SunnyDay|[upkeep]
|upkeep
|turn|24
|l|☆Kamrin98
|inactive|Kamrin98 disconnected and has a minute to reconnect!
|player|p1|
|inactive|Kamrin98 has 30 seconds to reconnect!
|inactive|Kamrin98 has 20 seconds to reconnect!
|inactive|Kamrin98 has 15 seconds to reconnect!
|inactive|Kamrin98 has 10 seconds to reconnect!
|inactive|Kamrin98 has 5 seconds to reconnect!
|-message|Kamrin98 lost due to inactivity.
|
|win|shuiduoduoking
|raw|Kamrin98's rating: 1362 &rarr; <strong>1341</strong><br />(-21 for losing)
|raw|shuiduoduoking's rating: 1348 &rarr; <strong>1369</strong><br />(+21 for winning)
|l|☆shuiduoduoking
|player|p2|
