|badge|p2|bronze|gen9ou|100-7
|uhtml|medal-msg|<div class="broadcast-blue">Curious what those medals under the avatar are? PS now has Ladder Seasons! For more information, check out the <a href="https://www.smogon.com/forums/threads/3740067/">thread on Smogon.</a></div>
|j|☆dvwg4dvwrwg4gs
|j|☆Trainer #39
|t:|1760302450
|gametype|singles
|player|p1|dvwg4dvwrwg4gs|red|1823
|player|p2|Trainer #39|bugsy|1861
|gen|9
|tier|[Gen 9] OU
|rated|
|rule|HP Percentage Mod: HP is shown in percentages
|rule|Endless Battle Clause: Forcing endless battles is banned
|rule|Species Clause: Limit one of each Pokémon
|rule|OHKO Clause: OHKO moves are banned
|rule|Evasion Items Clause: Evasion items are banned
|rule|Evasion Moves Clause: Evasion moves are banned
|rule|Evasion Abilities Clause: Evasion abilities are banned
|rule|Sleep Moves Clause: Sleep-inducing moves are banned
|clearpoke
|poke|p1|Ninetales, F|
|poke|p1|Ceruledge, M|
|poke|p1|Raging Bolt|
|poke|p1|Kingambit, F|
|poke|p1|Great Tusk|
|poke|p1|Walking Wake|
|poke|p2|Blissey, F|
|poke|p2|Corviknight, M|
|poke|p2|Dondozo, M|
|poke|p2|Gliscor, M|
|poke|p2|Clefable, M|
|poke|p2|Slowking-Galar, M|
|teampreview
|inactive|Battle timer is ON: inactive players will automatically lose when time's up. (requested by dvwg4dvwrwg4gs)
|
|t:|1760302476
|teamsize|p1|6
|teamsize|p2|6
|start
|switch|p1a: Ninetales|Ninetales, F|100/100
|switch|p2a: 🇮🇱=stop genocide|Gliscor, M|100/100
|-weather|SunnyDay|[from] ability: Drought|[of] p1a: Ninetales
|turn|1
|inactive|Trainer #39 has 120 seconds left.
|
|t:|1760302508
|switch|p1a: Walking Wake|Walking Wake|100/100
|-activate|p1a: Walking Wake|ability: Protosynthesis
|-start|p1a: Walking Wake|protosynthesisspe
|move|p2a: 🇮🇱=stop genocide|Protect||[still]
|-fail|p2a: 🇮🇱=stop genocide
|
|-weather|SunnyDay|[upkeep]
|-status|p2a: 🇮🇱=stop genocide|tox|[from] item: Toxic Orb
|upkeep
|turn|2
|
|t:|1760302519
|switch|p2a: brat|Blissey, F|100/100
|move|p1a: Walking Wake|Draco Meteor|p2a: brat
|-damage|p2a: brat|64/100
|-unboost|p1a: Walking Wake|spa|2
|
|-weather|SunnyDay|[upkeep]
|upkeep
|turn|3
|
|t:|1760302528
|-end|p1a: Walking Wake|Protosynthesis|[silent]
|switch|p1a: Great Tusk|Great Tusk|100/100
|-activate|p1a: Great Tusk|ability: Protosynthesis
|-start|p1a: Great Tusk|protosynthesisatk
|move|p2a: brat|Soft-Boiled|p2a: brat
|-heal|p2a: brat|100/100
|
|-weather|SunnyDay|[upkeep]
|upkeep
|turn|4
|
|t:|1760302539
|switch|p2a: 808 and curses|Dondozo, M|100/100
|move|p1a: Great Tusk|Headlong Rush|p2a: 808 and curses
|-damage|p2a: 808 and curses|62/100
|-unboost|p1a: Great Tusk|def|1
|-unboost|p1a: Great Tusk|spd|1
|
|-weather|SunnyDay|[upkeep]
|-heal|p2a: 808 and curses|68/100|[from] item: Leftovers
|upkeep
|turn|5
|
|t:|1760302566
|move|p1a: Great Tusk|Headlong Rush|p2a: 808 and curses
|-damage|p2a: 808 and curses|31/100
|-unboost|p1a: Great Tusk|def|1
|-unboost|p1a: Great Tusk|spd|1
|move|p2a: 808 and curses|Curse|p2a: 808 and curses
|-unboost|p2a: 808 and curses|spe|1
|-boost|p2a: 808 and curses|atk|1
|-boost|p2a: 808 and curses|def|1
|
|-weather|SunnyDay|[upkeep]
|-heal|p2a: 808 and curses|38/100|[from] item: Leftovers
|upkeep
|turn|6
|
|t:|1760302579
|-end|p1a: Great Tusk|Protosynthesis|[silent]
|switch|p1a: Raging Bolt|Raging Bolt|100/100
|-activate|p1a: Raging Bolt|ability: Protosynthesis
|-start|p1a: Raging Bolt|protosynthesisspa
|move|p2a: 808 and curses|Rest|p2a: 808 and curses
|-status|p2a: 808 and curses|slp|[from] move: Rest
|-heal|p2a: 808 and curses|100/100 slp|[silent]
|
|-weather|SunnyDay|[upkeep]
|upkeep
|turn|7
|j| Ctannn
|
|t:|1760302595
|switch|p2a: LeJ/ovni/la lettre|Slowking-Galar, M|100/100
|move|p1a: Raging Bolt|Solar Beam||[still]
|-prepare|p1a: Raging Bolt|Solar Beam
|-anim|p1a: Raging Bolt|Solar Beam|p2a: LeJ/ovni/la lettre
|-resisted|p2a: LeJ/ovni/la lettre
|-damage|p2a: LeJ/ovni/la lettre|69/100
|-damage|p1a: Raging Bolt|91/100|[from] item: Life Orb
|
|-weather|SunnyDay|[upkeep]
|upkeep
|turn|8
|
|t:|1760302611
|switch|p2a: brat|Blissey, F|100/100
|move|p1a: Raging Bolt|Weather Ball|p2a: brat
|-damage|p2a: brat|65/100
|-damage|p1a: Raging Bolt|81/100|[from] item: Life Orb
|
|-weather|none
|-end|p1a: Raging Bolt|Protosynthesis
|upkeep
|turn|9
|inactive|dvwg4dvwrwg4gs has 120 seconds left.
|inactive|Trainer #39 has 120 seconds left.
|
|t:|1760302642
|-end|p1a: Raging Bolt|Protosynthesis|[silent]
|switch|p1a: Ninetales|Ninetales, F|100/100
|-weather|SunnyDay|[from] ability: Drought|[of] p1a: Ninetales
|move|p2a: brat|Soft-Boiled|p2a: brat
|-heal|p2a: brat|100/100
|
|-weather|SunnyDay|[upkeep]
|upkeep
|turn|10
|inactive|dvwg4dvwrwg4gs has 120 seconds left.
|inactive|Trainer #39 has 120 seconds left.
|
|t:|1760302659
|switch|p2a: 🇮🇱=stop genocide|Gliscor, M|100/100 tox
|move|p1a: Ninetales|Encore||[still]
|-fail|p1a: Ninetales
|
|-weather|SunnyDay|[upkeep]
|upkeep
|turn|11
|inactive|dvwg4dvwrwg4gs has 120 seconds left.
|
|t:|1760302671
|switch|p1a: Great Tusk|Great Tusk|100/100
|-activate|p1a: Great Tusk|ability: Protosynthesis
|-start|p1a: Great Tusk|protosynthesisatk
|move|p2a: 🇮🇱=stop genocide|Toxic|p1a: Great Tusk
|-status|p1a: Great Tusk|tox
|
|-weather|SunnyDay|[upkeep]
|-damage|p1a: Great Tusk|94/100 tox|[from] psn
|upkeep
|turn|12
|
|t:|1760302681
|-end|p1a: Great Tusk|Protosynthesis|[silent]
|switch|p1a: Raging Bolt|Raging Bolt|81/100
|-activate|p1a: Raging Bolt|ability: Protosynthesis
|-start|p1a: Raging Bolt|protosynthesisspa
|switch|p2a: 808 and curses|Dondozo, M|100/100 slp
|
|-weather|SunnyDay|[upkeep]
|upkeep
|turn|13
|inactive|dvwg4dvwrwg4gs has 120 seconds left.
|
|t:|1760302697
|switch|p2a: LeJ/ovni/la lettre|Slowking-Galar, M|100/100
|move|p1a: Raging Bolt|Solar Beam||[still]
|-prepare|p1a: Raging Bolt|Solar Beam
|-anim|p1a: Raging Bolt|Solar Beam|p2a: LeJ/ovni/la lettre
|-resisted|p2a: LeJ/ovni/la lettre
|-damage|p2a: LeJ/ovni/la lettre|69/100
|-damage|p1a: Raging Bolt|71/100|[from] item: Life Orb
|
|-weather|SunnyDay|[upkeep]
|upkeep
|turn|14
|
|t:|1760302707
|switch|p2a: brat|Blissey, F|100/100
|move|p1a: Raging Bolt|Weather Ball|p2a: brat
|-damage|p2a: brat|66/100
|-damage|p1a: Raging Bolt|61/100|[from] item: Life Orb
|
|-weather|SunnyDay|[upkeep]
|upkeep
|turn|15
|inactive|dvwg4dvwrwg4gs has 120 seconds left.
|
|t:|1760302737
|-end|p1a: Raging Bolt|Protosynthesis|[silent]
|switch|p1a: Ceruledge|Ceruledge, M|100/100
|move|p2a: brat|Soft-Boiled|p2a: brat
|-heal|p2a: brat|100/100
|
|-weather|SunnyDay|[upkeep]
|upkeep
|turn|16
|inactive|Trainer #39 has 120 seconds left.
|inactive|Trainer #39 has 90 seconds left.
|
|t:|1760302806
|switch|p2a: 808 and curses|Dondozo, M|100/100 slp
|move|p1a: Ceruledge|Swords Dance|p1a: Ceruledge
|-boost|p1a: Ceruledge|atk|2
|
|-weather|none
|upkeep
|turn|17
|inactive|dvwg4dvwrwg4gs has 120 seconds left.
|
|t:|1760302815
|move|p1a: Ceruledge|Poltergeist|p2a: 808 and curses|[miss]
|-miss|p1a: Ceruledge|p2a: 808 and curses
|cant|p2a: 808 and curses|slp
|move|p2a: 808 and curses|Sleep Talk|p2a: 808 and curses
|move|p2a: 808 and curses|Curse|p2a: 808 and curses|[from] move: Sleep Talk
|-unboost|p2a: 808 and curses|spe|1
|-boost|p2a: 808 and curses|atk|1
|-boost|p2a: 808 and curses|def|1
|
|upkeep
|turn|18
|inactive|dvwg4dvwrwg4gs has 120 seconds left.
|
|t:|1760302829
|switch|p1a: Ninetales|Ninetales, F|100/100
|-weather|SunnyDay|[from] ability: Drought|[of] p1a: Ninetales
|cant|p2a: 808 and curses|slp
|move|p2a: 808 and curses|Sleep Talk|p2a: 808 and curses
|move|p2a: 808 and curses|Rest||[from] move: Sleep Talk|[still]
|-fail|p2a: 808 and curses
|
|-weather|SunnyDay|[upkeep]
|upkeep
|turn|19
|
|t:|1760302844
|switch|p2a: brat|Blissey, F|100/100
|move|p1a: Ninetales|Encore||[still]
|-fail|p1a: Ninetales
|
|-weather|SunnyDay|[upkeep]
|upkeep
|turn|20
|
|t:|1760302854
|switch|p1a: Ceruledge|Ceruledge, M|100/100
|move|p2a: brat|Stealth Rock|p1a: Ceruledge
|-sidestart|p1: dvwg4dvwrwg4gs|move: Stealth Rock
|
|-weather|SunnyDay|[upkeep]
|upkeep
|turn|21
|
|t:|1760302865
|switch|p2a: 808 and curses|Dondozo, M|100/100 slp
|move|p1a: Ceruledge|Bitter Blade|p2a: 808 and curses
|-resisted|p2a: 808 and curses
|-damage|p2a: 808 and curses|83/100 slp
|
|-weather|SunnyDay|[upkeep]
|-heal|p2a: 808 and curses|89/100 slp|[from] item: Leftovers
|upkeep
|turn|22
|inactive|Trainer #39 has 120 seconds left.
|inactive|dvwg4dvwrwg4gs has 120 seconds left.
|inactive|Trainer #39 has 90 seconds left.
|
|t:|1760302901
|switch|p1a: Great Tusk|Great Tusk|94/100 tox
|-damage|p1a: Great Tusk|91/100 tox|[from] Stealth Rock
|-activate|p1a: Great Tusk|ability: Protosynthesis
|-start|p1a: Great Tusk|protosynthesisatk
|-curestatus|p2a: 808 and curses|slp|[msg]
|move|p2a: 808 and curses|Curse|p2a: 808 and curses
|-unboost|p2a: 808 and curses|spe|1
|-boost|p2a: 808 and curses|atk|1
|-boost|p2a: 808 and curses|def|1
|
|-weather|SunnyDay|[upkeep]
|-heal|p2a: 808 and curses|96/100|[from] item: Leftovers
|-damage|p1a: Great Tusk|85/100 tox|[from] psn
|upkeep
|turn|23
|inactive|dvwg4dvwrwg4gs has 120 seconds left.
|
|t:|1760302914
|move|p1a: Great Tusk|Rapid Spin|p2a: 808 and curses
|-damage|p2a: 808 and curses|87/100
|-boost|p1a: Great Tusk|spe|1
|-sideend|p1: dvwg4dvwrwg4gs|Stealth Rock|[from] move: Rapid Spin|[of] p1a: Great Tusk
|move|p2a: 808 and curses|Curse|p2a: 808 and curses
|-unboost|p2a: 808 and curses|spe|1
|-boost|p2a: 808 and curses|atk|1
|-boost|p2a: 808 and curses|def|1
|
|-weather|SunnyDay|[upkeep]
|-heal|p2a: 808 and curses|93/100|[from] item: Leftovers
|-damage|p1a: Great Tusk|73/100 tox|[from] psn
|upkeep
|turn|24
|inactive|dvwg4dvwrwg4gs has 120 seconds left.
|j| FaronAan
|
|t:|1760302934
|-end|p1a: Great Tusk|Protosynthesis|[silent]
|switch|p1a: Raging Bolt|Raging Bolt|61/100
|-activate|p1a: Raging Bolt|ability: Protosynthesis
|-start|p1a: Raging Bolt|protosynthesisspa
|move|p2a: 808 and curses|Waterfall|p1a: Raging Bolt
|-resisted|p1a: Raging Bolt
|-damage|p1a: Raging Bolt|48/100
|
|-weather|SunnyDay|[upkeep]
|-heal|p2a: 808 and curses|99/100|[from] item: Leftovers
|upkeep
|turn|25
|inactive|Trainer #39 has 90 seconds left.
|
|t:|1760302966
|switch|p2a: LeJ/ovni/la lettre|Slowking-Galar, M|100/100
|move|p1a: Raging Bolt|Dragon Pulse|p2a: LeJ/ovni/la lettre
|-damage|p2a: LeJ/ovni/la lettre|33/100
|-damage|p1a: Raging Bolt|38/100|[from] item: Life Orb
|
|-weather|none
|-end|p1a: Raging Bolt|Protosynthesis
|upkeep
|turn|26
|inactive|dvwg4dvwrwg4gs has 90 seconds left.
|
|t:|1760302991
|switch|p2a: brat|Blissey, F|100/100
|-end|p1a: Raging Bolt|Protosynthesis|[silent]
|switch|p1a: Ninetales|Ninetales, F|100/100
|-weather|SunnyDay|[from] ability: Drought|[of] p1a: Ninetales
|
|-weather|SunnyDay|[upkeep]
|upkeep
|turn|27
|j| mrkillurpokes
|
|t:|1760303013
|switch|p1a: Great Tusk|Great Tusk|73/100 tox
|-activate|p1a: Great Tusk|ability: Protosynthesis
|-start|p1a: Great Tusk|protosynthesisatk
|move|p2a: brat|Stealth Rock|p1a: Great Tusk
|-sidestart|p1: dvwg4dvwrwg4gs|move: Stealth Rock
|
|-weather|SunnyDay|[upkeep]
|-damage|p1a: Great Tusk|67/100 tox|[from] psn
|upkeep
|turn|28
|j| Bdndkdjdjjd
|
|t:|1760303021
|switch|p2a: 808 and curses|Dondozo, M|99/100
|move|p1a: Great Tusk|Rapid Spin|p2a: 808 and curses
|-damage|p2a: 808 and curses|87/100
|-boost|p1a: Great Tusk|spe|1
|-sideend|p1: dvwg4dvwrwg4gs|Stealth Rock|[from] move: Rapid Spin|[of] p1a: Great Tusk
|
|-weather|SunnyDay|[upkeep]
|-heal|p2a: 808 and curses|94/100|[from] item: Leftovers
|-damage|p1a: Great Tusk|54/100 tox|[from] psn
|upkeep
|turn|29
|
|t:|1760303045
|-end|p1a: Great Tusk|Protosynthesis|[silent]
|switch|p1a: Raging Bolt|Raging Bolt|38/100
|-activate|p1a: Raging Bolt|ability: Protosynthesis
|-start|p1a: Raging Bolt|protosynthesisspa
|move|p2a: 808 and curses|Curse|p2a: 808 and curses
|-unboost|p2a: 808 and curses|spe|1
|-boost|p2a: 808 and curses|atk|1
|-boost|p2a: 808 and curses|def|1
|
|-weather|SunnyDay|[upkeep]
|-heal|p2a: 808 and curses|99/100|[from] item: Leftovers
|upkeep
|turn|30
|j| allee23
|inactive|dvwg4dvwrwg4gs has 60 seconds left.
|
|t:|1760303060
|switch|p2a: brat|Blissey, F|100/100
|move|p1a: Raging Bolt|Dragon Pulse|p2a: brat
|-damage|p2a: brat|73/100
|-damage|p1a: Raging Bolt|28/100|[from] item: Life Orb
|
|-weather|SunnyDay|[upkeep]
|upkeep
|turn|31
|inactive|dvwg4dvwrwg4gs has 60 seconds left.
|inactive|Trainer #39 has 120 seconds left.
|l|☆Trainer #39
|inactive|Trainer #39 disconnected and has a minute to reconnect!
|player|p2|
|inactive|dvwg4dvwrwg4gs has 30 seconds left.
|j|☆Trainer #39
|inactive|Trainer #39 reconnected and has 95 seconds left.
|player|p2|Trainer #39|bugsy|
|inactive|Trainer #39 has 90 seconds left.
|
|t:|1760303119
|-end|p1a: Raging Bolt|Protosynthesis|[silent]
|switch|p1a: Ceruledge|Ceruledge, M|100/100
|move|p2a: brat|Stealth Rock|p1a: Ceruledge
|-sidestart|p1: dvwg4dvwrwg4gs|move: Stealth Rock
|
|-weather|SunnyDay|[upkeep]
|upkeep
|turn|32
|l| Bdndkdjdjjd
|inactive|Trainer #39 has 90 seconds left.
|
|t:|1760303136
|switch|p2a: 808 and curses|Dondozo, M|99/100
|move|p1a: Ceruledge|Poltergeist|p2a: 808 and curses
|-activate|p2a: 808 and curses|move: Poltergeist|Leftovers
|-damage|p2a: 808 and curses|71/100
|
|-weather|SunnyDay|[upkeep]
|-heal|p2a: 808 and curses|77/100|[from] item: Leftovers
|upkeep
|turn|33
|
|t:|1760303145
|switch|p1a: Great Tusk|Great Tusk|54/100 tox
|-damage|p1a: Great Tusk|51/100 tox|[from] Stealth Rock
|-activate|p1a: Great Tusk|ability: Protosynthesis
|-start|p1a: Great Tusk|protosynthesisatk
|move|p2a: 808 and curses|Curse|p2a: 808 and curses
|-unboost|p2a: 808 and curses|spe|1
|-boost|p2a: 808 and curses|atk|1
|-boost|p2a: 808 and curses|def|1
|
|-weather|none
|-end|p1a: Great Tusk|Protosynthesis
|-heal|p2a: 808 and curses|83/100|[from] item: Leftovers
|-damage|p1a: Great Tusk|45/100 tox|[from] psn
|upkeep
|turn|34
|
|t:|1760303157
|move|p1a: Great Tusk|Rapid Spin|p2a: 808 and curses
|-damage|p2a: 808 and curses|77/100
|-boost|p1a: Great Tusk|spe|1
|-sideend|p1: dvwg4dvwrwg4gs|Stealth Rock|[from] move: Rapid Spin|[of] p1a: Great Tusk
|move|p2a: 808 and curses|Curse|p2a: 808 and curses
|-unboost|p2a: 808 and curses|spe|1
|-boost|p2a: 808 and curses|atk|1
|-boost|p2a: 808 and curses|def|1
|
|-heal|p2a: 808 and curses|83/100|[from] item: Leftovers
|-damage|p1a: Great Tusk|33/100 tox|[from] psn
|upkeep
|turn|35
|l| mrkillurpokes
|
|t:|1760303172
|-end|p1a: Great Tusk|Protosynthesis|[silent]
|switch|p1a: Ninetales|Ninetales, F|100/100
|-weather|SunnyDay|[from] ability: Drought|[of] p1a: Ninetales
|move|p2a: 808 and curses|Waterfall|p1a: Ninetales
|-supereffective|p1a: Ninetales
|-damage|p1a: Ninetales|14/100
|
|-weather|SunnyDay|[upkeep]
|-heal|p2a: 808 and curses|89/100|[from] item: Leftovers
|upkeep
|turn|36
|j| blueberrymilkshake
|inactive|dvwg4dvwrwg4gs has 30 seconds left.
|inactive|Trainer #39 has 90 seconds left.
|
|t:|1760303220
|switch|p1a: Raging Bolt|Raging Bolt|28/100
|-activate|p1a: Raging Bolt|ability: Protosynthesis
|-start|p1a: Raging Bolt|protosynthesisspa
|switch|p2a: brat|Blissey, F|73/100
|
|-weather|SunnyDay|[upkeep]
|upkeep
|turn|37
|inactive|dvwg4dvwrwg4gs has 30 seconds left.
|
|t:|1760303234
|-end|p1a: Raging Bolt|Protosynthesis|[silent]
|switch|p1a: Walking Wake|Walking Wake|100/100
|-activate|p1a: Walking Wake|ability: Protosynthesis
|-start|p1a: Walking Wake|protosynthesisspe
|move|p2a: brat|Stealth Rock|p1a: Walking Wake
|-sidestart|p1: dvwg4dvwrwg4gs|move: Stealth Rock
|
|-weather|SunnyDay|[upkeep]
|upkeep
|turn|38
|inactive|dvwg4dvwrwg4gs has 30 seconds left.
|l| allee23
|j| allee23
|l| allee23
|inactive|dvwg4dvwrwg4gs has 20 seconds left.
|
|t:|1760303253
|-terastallize|p1a: Walking Wake|Water
|move|p1a: Walking Wake|Hydro Steam|p2a: brat
|-damage|p2a: brat|32/100
|move|p2a: brat|Soft-Boiled|p2a: brat
|-heal|p2a: brat|82/100
|
|-weather|SunnyDay|[upkeep]
|upkeep
|turn|39
|inactive|dvwg4dvwrwg4gs has 30 seconds left this turn.
|
|t:|1760303263
|move|p1a: Walking Wake|Hydro Steam|p2a: brat
|-damage|p2a: brat|43/100
|move|p2a: brat|Calm Mind|p2a: brat
|-boost|p2a: brat|spa|1
|-boost|p2a: brat|spd|1
|
|-weather|SunnyDay|[upkeep]
|upkeep
|turn|40
|inactive|dvwg4dvwrwg4gs has 30 seconds left.
|
|t:|1760303271
|-end|p1a: Walking Wake|Protosynthesis|[silent]
|switch|p1a: Great Tusk|Great Tusk|33/100 tox
|-damage|p1a: Great Tusk|30/100 tox|[from] Stealth Rock
|-activate|p1a: Great Tusk|ability: Protosynthesis
|-start|p1a: Great Tusk|protosynthesisatk
|move|p2a: brat|Soft-Boiled|p2a: brat
|-heal|p2a: brat|93/100
|
|-weather|SunnyDay|[upkeep]
|-damage|p1a: Great Tusk|24/100 tox|[from] psn
|upkeep
|turn|41
|
|t:|1760303280
|switch|p2a: Charlie Kirk: idc|Corviknight, M|100/100
|-ability|p2a: Charlie Kirk: idc|Pressure
|move|p1a: Great Tusk|Rapid Spin|p2a: Charlie Kirk: idc
|-resisted|p2a: Charlie Kirk: idc
|-crit|p2a: Charlie Kirk: idc
|-damage|p2a: Charlie Kirk: idc|90/100
|-boost|p1a: Great Tusk|spe|1
|-damage|p1a: Great Tusk|7/100 tox|[from] item: Rocky Helmet|[of] p2a: Charlie Kirk: idc
|-sideend|p1: dvwg4dvwrwg4gs|Stealth Rock|[from] move: Rapid Spin|[of] p1a: Great Tusk
|
|-weather|SunnyDay|[upkeep]
|-damage|p1a: Great Tusk|0 fnt|[from] psn
|faint|p1a: Great Tusk
|-end|p1a: Great Tusk|Protosynthesis|[silent]
|upkeep
|inactive|dvwg4dvwrwg4gs has 30 seconds left.
|
|t:|1760303299
|switch|p1a: Walking Wake|Walking Wake, tera:Water|100/100
|-activate|p1a: Walking Wake|ability: Protosynthesis
|-start|p1a: Walking Wake|protosynthesisspe
|turn|42
|inactive|dvwg4dvwrwg4gs has 30 seconds left.
|
|t:|1760303307
|switch|p2a: brat|Blissey, F|93/100
|move|p1a: Walking Wake|Hydro Steam|p2a: brat
|-damage|p2a: brat|50/100
|
|-weather|none
|-end|p1a: Walking Wake|Protosynthesis
|upkeep
|turn|43
|l| blueberrymilkshake
|
|t:|1760303316
|-end|p1a: Walking Wake|Protosynthesis|[silent]
|switch|p1a: Ninetales|Ninetales, F|14/100
|-weather|SunnyDay|[from] ability: Drought|[of] p1a: Ninetales
|move|p2a: brat|Soft-Boiled|p2a: brat
|-heal|p2a: brat|99/100
|
|-weather|SunnyDay|[upkeep]
|upkeep
|turn|44
|
|t:|1760303324
|switch|p2a: LeJ/ovni/la lettre|Slowking-Galar, M|66/100
|move|p1a: Ninetales|Encore||[still]
|-fail|p1a: Ninetales
|
|-weather|SunnyDay|[upkeep]
|upkeep
|turn|45
|
|t:|1760303338
|switch|p1a: Walking Wake|Walking Wake, tera:Water|100/100
|-activate|p1a: Walking Wake|ability: Protosynthesis
|-start|p1a: Walking Wake|protosynthesisspe
|move|p2a: LeJ/ovni/la lettre|Thunder Wave|p1a: Walking Wake
|-status|p1a: Walking Wake|par
|
|-weather|SunnyDay|[upkeep]
|upkeep
|turn|46
|
|t:|1760303349
|switch|p2a: brat|Blissey, F|99/100
|move|p1a: Walking Wake|Hydro Steam|p2a: brat
|-damage|p2a: brat|54/100
|
|-weather|SunnyDay|[upkeep]
|upkeep
|turn|47
|
|t:|1760303355
|move|p1a: Walking Wake|Hydro Steam|p2a: brat
|-damage|p2a: brat|13/100
|move|p2a: brat|Soft-Boiled|p2a: brat
|-heal|p2a: brat|63/100
|
|-weather|SunnyDay|[upkeep]
|upkeep
|turn|48
|
|t:|1760303362
|move|p1a: Walking Wake|Hydro Steam|p2a: brat
|-damage|p2a: brat|20/100
|move|p2a: brat|Soft-Boiled|p2a: brat
|-heal|p2a: brat|70/100
|
|-weather|SunnyDay|[upkeep]
|upkeep
|turn|49
|
|t:|1760303369
|cant|p1a: Walking Wake|par
|move|p2a: brat|Calm Mind|p2a: brat
|-boost|p2a: brat|spa|1
|-boost|p2a: brat|spd|1
|
|-weather|SunnyDay|[upkeep]
|upkeep
|turn|50
|inactive|dvwg4dvwrwg4gs has 60 seconds left.
|
|t:|1760303376
|-end|p1a: Walking Wake|Protosynthesis|[silent]
|switch|p1a: Ceruledge|Ceruledge, M|100/100
|move|p2a: brat|Stealth Rock|p1a: Ceruledge
|-sidestart|p1: dvwg4dvwrwg4gs|move: Stealth Rock
|
|-weather|none
|upkeep
|turn|51
|inactive|dvwg4dvwrwg4gs has 60 seconds left.
|
|t:|1760303390
|switch|p2a: 🇮🇱=stop genocide|Gliscor, M|100/100 tox
|move|p1a: Ceruledge|Bitter Blade|p2a: 🇮🇱=stop genocide
|-damage|p2a: 🇮🇱=stop genocide|72/100 tox
|
|-heal|p2a: 🇮🇱=stop genocide|84/100 tox|[from] ability: Poison Heal
|upkeep
|turn|52
|inactive|dvwg4dvwrwg4gs has 60 seconds left.
|inactive|dvwg4dvwrwg4gs has 30 seconds left.
|
|t:|1760303433
|switch|p1a: Ninetales|Ninetales, F|14/100
|-damage|p1a: Ninetales|0 fnt|[from] Stealth Rock
|faint|p1a: Ninetales
|move|p2a: 🇮🇱=stop genocide|Earthquake|p1: Ninetales|[notarget]
|-fail|p2a: 🇮🇱=stop genocide
|
|-heal|p2a: 🇮🇱=stop genocide|97/100 tox|[from] ability: Poison Heal
|upkeep
|inactive|dvwg4dvwrwg4gs has 30 seconds left.
|j| woahnewguy12
|
|t:|1760303444
|switch|p1a: Walking Wake|Walking Wake, tera:Water|100/100 par
|-damage|p1a: Walking Wake|88/100 par|[from] Stealth Rock
|turn|53
|inactive|dvwg4dvwrwg4gs has 30 seconds left.
|
|t:|1760303460
|switch|p2a: brat|Blissey, F|70/100
|move|p1a: Walking Wake|Hydro Steam|p2a: brat
|-damage|p2a: brat|42/100
|
|upkeep
|turn|54
|l| woahnewguy12
|
|t:|1760303469
|move|p1a: Walking Wake|Hydro Steam|p2a: brat
|-damage|p2a: brat|12/100
|move|p2a: brat|Calm Mind|p2a: brat
|-boost|p2a: brat|spa|1
|-boost|p2a: brat|spd|1
|
|upkeep
|turn|55
|
|t:|1760303475
|move|p1a: Walking Wake|Hydro Steam|p2a: brat
|-damage|p2a: brat|0 fnt
|faint|p2a: brat
|
|upkeep
|
|t:|1760303479
|switch|p2a: 🇮🇱=stop genocide|Gliscor, M|97/100 tox
|turn|56
|
|t:|1760303485
|move|p2a: 🇮🇱=stop genocide|Substitute|p2a: 🇮🇱=stop genocide
|-start|p2a: 🇮🇱=stop genocide|Substitute
|-damage|p2a: 🇮🇱=stop genocide|72/100 tox
|move|p1a: Walking Wake|Hydro Steam|p2a: 🇮🇱=stop genocide
|-supereffective|p2a: 🇮🇱=stop genocide
|-end|p2a: 🇮🇱=stop genocide|Substitute
|
|-heal|p2a: 🇮🇱=stop genocide|84/100 tox|[from] ability: Poison Heal
|upkeep
|turn|57
|
|t:|1760303496
|move|p2a: 🇮🇱=stop genocide|Substitute|p2a: 🇮🇱=stop genocide
|-start|p2a: 🇮🇱=stop genocide|Substitute
|-damage|p2a: 🇮🇱=stop genocide|59/100 tox
|cant|p1a: Walking Wake|par
|
|-heal|p2a: 🇮🇱=stop genocide|72/100 tox|[from] ability: Poison Heal
|upkeep
|turn|58
|
|t:|1760303503
|move|p2a: 🇮🇱=stop genocide|Earthquake|p1a: Walking Wake
|-damage|p1a: Walking Wake|53/100 par
|cant|p1a: Walking Wake|par
|
|-heal|p2a: 🇮🇱=stop genocide|84/100 tox|[from] ability: Poison Heal
|upkeep
|turn|59
|inactive|dvwg4dvwrwg4gs has 60 seconds left.
|
|t:|1760303515
|move|p2a: 🇮🇱=stop genocide|Earthquake|p1a: Walking Wake
|-damage|p1a: Walking Wake|20/100 par
|move|p1a: Walking Wake|Hydro Steam|p2a: 🇮🇱=stop genocide
|-supereffective|p2a: 🇮🇱=stop genocide
|-end|p2a: 🇮🇱=stop genocide|Substitute
|
|-heal|p2a: 🇮🇱=stop genocide|97/100 tox|[from] ability: Poison Heal
|upkeep
|turn|60
|inactive|dvwg4dvwrwg4gs has 60 seconds left.
|
|t:|1760303539
|-end|p1a: Walking Wake|Protosynthesis|[silent]
|switch|p1a: Raging Bolt|Raging Bolt|28/100
|-damage|p1a: Raging Bolt|16/100|[from] Stealth Rock
|move|p2a: 🇮🇱=stop genocide|Substitute|p2a: 🇮🇱=stop genocide
|-start|p2a: 🇮🇱=stop genocide|Substitute
|-damage|p2a: 🇮🇱=stop genocide|72/100 tox
|
|-heal|p2a: 🇮🇱=stop genocide|84/100 tox|[from] ability: Poison Heal
|upkeep
|turn|61
|
|t:|1760303548
|move|p1a: Raging Bolt|Dragon Pulse|p2a: 🇮🇱=stop genocide
|-end|p2a: 🇮🇱=stop genocide|Substitute
|-damage|p1a: Raging Bolt|6/100|[from] item: Life Orb
|move|p2a: 🇮🇱=stop genocide|Earthquake|p1a: Raging Bolt
|-supereffective|p1a: Raging Bolt
|-damage|p1a: Raging Bolt|0 fnt
|faint|p1a: Raging Bolt
|-end|p1a: Raging Bolt|Protosynthesis|[silent]
|
|-heal|p2a: 🇮🇱=stop genocide|97/100 tox|[from] ability: Poison Heal
|upkeep
|
|t:|1760303565
|switch|p1a: Ceruledge|Ceruledge, M|100/100
|-damage|p1a: Ceruledge|76/100|[from] Stealth Rock
|turn|62
|
|t:|1760303575
|move|p2a: 🇮🇱=stop genocide|Earthquake|p1a: Ceruledge
|-supereffective|p1a: Ceruledge
|-crit|p1a: Ceruledge
|-damage|p1a: Ceruledge|0 fnt
|faint|p1a: Ceruledge
|
|-heal|p2a: 🇮🇱=stop genocide|100/100 tox|[from] ability: Poison Heal
|upkeep
|
|t:|1760303582
|switch|p1a: Walking Wake|Walking Wake, tera:Water|20/100 par
|-damage|p1a: Walking Wake|7/100 par|[from] Stealth Rock
|turn|63
|
|t:|1760303586
|move|p2a: 🇮🇱=stop genocide|Earthquake|p1a: Walking Wake
|-damage|p1a: Walking Wake|0 fnt
|faint|p1a: Walking Wake
|-end|p1a: Walking Wake|Protosynthesis|[silent]
|
|upkeep
|
|t:|1760303589
|switch|p1a: Kingambit|Kingambit, F|100/100
|-damage|p1a: Kingambit|94/100|[from] Stealth Rock
|-activate|p1a: Kingambit|ability: Supreme Overlord
|-start|p1a: Kingambit|fallen5|[silent]
|turn|64
|inactive|dvwg4dvwrwg4gs has 60 seconds left.
|
|t:|1760303606
|move|p2a: 🇮🇱=stop genocide|Earthquake|p1a: Kingambit
|-supereffective|p1a: Kingambit
|-damage|p1a: Kingambit|48/100
|move|p1a: Kingambit|Swords Dance|p1a: Kingambit
|-boost|p1a: Kingambit|atk|2
|
|-heal|p1a: Kingambit|54/100|[from] item: Leftovers
|upkeep
|turn|65
|inactive|dvwg4dvwrwg4gs has 60 seconds left.
|
|t:|1760303616
|move|p2a: 🇮🇱=stop genocide|Earthquake|p1a: Kingambit
|-supereffective|p1a: Kingambit
|-damage|p1a: Kingambit|13/100
|move|p1a: Kingambit|Kowtow Cleave|p2a: 🇮🇱=stop genocide
|-damage|p2a: 🇮🇱=stop genocide|2/100 tox
|
|-heal|p1a: Kingambit|19/100|[from] item: Leftovers
|-heal|p2a: 🇮🇱=stop genocide|14/100 tox|[from] ability: Poison Heal
|upkeep
|turn|66
|inactive|dvwg4dvwrwg4gs has 60 seconds left.
|
|t:|1760303625
|move|p2a: 🇮🇱=stop genocide|Protect|p2a: 🇮🇱=stop genocide
|-singleturn|p2a: 🇮🇱=stop genocide|Protect
|move|p1a: Kingambit|Sucker Punch||[still]
|-fail|p1a: Kingambit
|
|-heal|p1a: Kingambit|25/100|[from] item: Leftovers
|-heal|p2a: 🇮🇱=stop genocide|27/100 tox|[from] ability: Poison Heal
|upkeep
|turn|67
|
|t:|1760303632
|move|p2a: 🇮🇱=stop genocide|Earthquake|p1a: Kingambit
|-supereffective|p1a: Kingambit
|-damage|p1a: Kingambit|0 fnt
|faint|p1a: Kingambit
|-end|p1a: Kingambit|fallen5|[silent]
|
|win|Trainer #39
|raw|dvwg4dvwrwg4gs's rating: 1823 &rarr; <strong>1805</strong><br />(-18 for losing)
|raw|Trainer #39's rating: 1861 &rarr; <strong>1879</strong><br />(+18 for winning)
|l|☆dvwg4dvwrwg4gs
|player|p1|
|l|☆Trainer #39
|player|p2|
|l| Ctannn
