|j|☆skibidisksk
|j|☆romandlui
|t:|1760311808
|gametype|singles
|player|p1|skibidisksk|101|1486
|player|p2|romandlui|101|1493
|gen|9
|tier|[Gen 9] OU
|rated|
|rule|HP Percentage Mod: HP is shown in percentages
|rule|Endless Battle Clause: Forcing endless battles is banned
|rule|Species Clause: Limit one of each Pokémon
|rule|OHKO Clause: OHKO moves are banned
|rule|Evasion Items Clause: Evasion items are banned
|rule|Evasion Moves Clause: Evasion moves are banned
|rule|Evasion Abilities Clause: Evasion abilities are banned
|rule|Sleep Moves Clause: Sleep-inducing moves are banned
|clearpoke
|poke|p1|Raging Bolt|
|poke|p1|Dragonite, M|
|poke|p1|Iron Valiant|
|poke|p1|Iron Moth|
|poke|p1|Landorus-Therian, M|
|poke|p1|Darkrai|
|poke|p2|Toucannon, M|
|poke|p2|Dragonite, M|
|poke|p2|Zamazenta-*|
|poke|p2|Iron Treads|
|poke|p2|Zapdos|
|poke|p2|Primarina, F|
|teampreview
|inactive|Battle timer is ON: inactive players will automatically lose when time's up. (requested by romandlui)
|
|t:|1760311819
|teamsize|p1|6
|teamsize|p2|6
|start
|switch|p1a: Raging Bolt|Raging Bolt|100/100
|switch|p2a: Shirahoshi|Primarina, F|100/100
|-enditem|p1a: Raging Bolt|Booster Energy
|-activate|p1a: Raging Bolt|ability: Protosynthesis|[fromitem]
|-start|p1a: Raging Bolt|protosynthesisspa
|turn|1
|inactive|skibidisksk also wants the timer to be on.
|
|t:|1760311832
|-terastallize|p1a: Raging Bolt|Fairy
|move|p1a: Raging Bolt|Thunderbolt|p2a: Shirahoshi
|-supereffective|p2a: Shirahoshi
|-damage|p2a: Shirahoshi|26/100
|move|p2a: Shirahoshi|Moonblast|p1a: Raging Bolt
|-damage|p1a: Raging Bolt|51/100
|
|upkeep
|turn|2
|
|t:|1760311845
|switch|p2a: Eustass Kid|Iron Treads|100/100
|-item|p2a: Eustass Kid|Air Balloon
|move|p1a: Raging Bolt|Calm Mind|p1a: Raging Bolt
|-boost|p1a: Raging Bolt|spa|1
|-boost|p1a: Raging Bolt|spd|1
|
|upkeep
|turn|3
|
|t:|1760311853
|move|p2a: Eustass Kid|Earthquake|p1a: Raging Bolt
|-damage|p1a: Raging Bolt|12/100
|move|p1a: Raging Bolt|Dragon Pulse|p2a: Eustass Kid
|-resisted|p2a: Eustass Kid
|-damage|p2a: Eustass Kid|44/100
|-enditem|p2a: Eustass Kid|Air Balloon
|
|upkeep
|turn|4
|
|t:|1760311864
|move|p2a: Eustass Kid|Ice Spinner|p1a: Raging Bolt
|-damage|p1a: Raging Bolt|0 fnt
|faint|p1a: Raging Bolt
|-end|p1a: Raging Bolt|Protosynthesis|[silent]
|
|upkeep
|
|t:|1760311872
|switch|p1a: Iron Moth|Iron Moth|100/100
|-enditem|p1a: Iron Moth|Booster Energy
|-activate|p1a: Iron Moth|ability: Quark Drive|[fromitem]
|-start|p1a: Iron Moth|quarkdrivespe
|turn|5
|
|t:|1760311881
|move|p1a: Iron Moth|Fiery Dance|p2a: Eustass Kid
|-supereffective|p2a: Eustass Kid
|-crit|p2a: Eustass Kid
|-damage|p2a: Eustass Kid|0 fnt
|-boost|p1a: Iron Moth|spa|1
|faint|p2a: Eustass Kid
|-end|p2a: Eustass Kid|Quark Drive|[silent]
|
|upkeep
|
|t:|1760311883
|switch|p2a: Franky|Toucannon, M|100/100
|turn|6
|
|t:|1760311892
|-end|p1a: Iron Moth|Quark Drive|[silent]
|switch|p1a: Landorus|Landorus-Therian, M|100/100
|-ability|p1a: Landorus|Intimidate|boost
|-unboost|p2a: Franky|atk|1
|move|p2a: Franky|Rock Blast|p1a: Landorus
|-damage|p1a: Landorus|93/100
|-damage|p1a: Landorus|86/100
|-damage|p1a: Landorus|79/100
|-damage|p1a: Landorus|71/100
|-damage|p1a: Landorus|63/100
|-hitcount|p1a: Landorus|5
|
|upkeep
|turn|7
|
|t:|1760311904
|switch|p2a: Enel|Zapdos|100/100
|move|p1a: Landorus|Stone Edge|p2a: Enel
|-supereffective|p2a: Enel
|-damage|p2a: Enel|6/100
|
|upkeep
|turn|8
|
|t:|1760311914
|switch|p1a: Dragonite|Dragonite, M|100/100
|move|p2a: Enel|Hurricane|p1a: Dragonite
|-damage|p1a: Dragonite|59/100
|
|upkeep
|turn|9
|
|t:|1760311926
|move|p1a: Dragonite|Extreme Speed|p2a: Enel
|-damage|p2a: Enel|0 fnt
|faint|p2a: Enel
|
|upkeep
|
|t:|1760311933
|switch|p2a: Shanks|Zamazenta|100/100
|-ability|p2a: Shanks|Dauntless Shield|boost
|-boost|p2a: Shanks|def|1
|turn|10
|
|t:|1760311942
|switch|p1a: Iron Valiant|Iron Valiant|100/100
|-enditem|p1a: Iron Valiant|Booster Energy
|-activate|p1a: Iron Valiant|ability: Quark Drive|[fromitem]
|-start|p1a: Iron Valiant|quarkdrivespe
|move|p2a: Shanks|Stone Edge|p1a: Iron Valiant
|-resisted|p1a: Iron Valiant
|-damage|p1a: Iron Valiant|69/100
|
|upkeep
|turn|11
|
|t:|1760311951
|switch|p2a: Shirahoshi|Primarina, F|26/100
|move|p1a: Iron Valiant|Thunderbolt|p2a: Shirahoshi
|-supereffective|p2a: Shirahoshi
|-damage|p2a: Shirahoshi|0 fnt
|faint|p2a: Shirahoshi
|
|upkeep
|
|t:|1760311956
|switch|p2a: Franky|Toucannon, M|100/100
|turn|12
|
|t:|1760311964
|-end|p1a: Iron Valiant|Quark Drive|[silent]
|switch|p1a: Landorus|Landorus-Therian, M|63/100
|-ability|p1a: Landorus|Intimidate|boost
|-unboost|p2a: Franky|atk|1
|-singleturn|p2a: Franky|move: Beak Blast
|move|p2a: Franky|Beak Blast|p1a: Landorus
|-damage|p1a: Landorus|21/100
|
|upkeep
|turn|13
|
|t:|1760311976
|switch|p2a: Shanks|Zamazenta|100/100
|move|p1a: Landorus|Earthquake|p2a: Shanks
|-damage|p2a: Shanks|54/100
|
|upkeep
|turn|14
|
|t:|1760311985
|switch|p1a: Iron Valiant|Iron Valiant|69/100
|move|p2a: Shanks|Stone Edge|p1a: Iron Valiant
|-resisted|p1a: Iron Valiant
|-damage|p1a: Iron Valiant|36/100
|
|upkeep
|turn|15
|
|t:|1760311993
|switch|p2a: Franky|Toucannon, M|100/100
|move|p1a: Iron Valiant|Moonblast|p2a: Franky
|-damage|p2a: Franky|62/100
|
|upkeep
|turn|16
|
|t:|1760312004
|-singleturn|p2a: Franky|move: Beak Blast
|move|p1a: Iron Valiant|Thunderbolt|p2a: Franky
|-supereffective|p2a: Franky
|-damage|p2a: Franky|16/100
|move|p2a: Franky|Beak Blast|p1a: Iron Valiant
|-supereffective|p1a: Iron Valiant
|-damage|p1a: Iron Valiant|0 fnt
|faint|p1a: Iron Valiant
|-end|p1a: Iron Valiant|Quark Drive|[silent]
|
|upkeep
|
|t:|1760312012
|switch|p1a: Darkrai|Darkrai|100/100
|turn|17
|
|t:|1760312021
|-singleturn|p2a: Franky|move: Beak Blast
|move|p1a: Darkrai|Psyshock|p2a: Franky
|-crit|p2a: Franky
|-damage|p2a: Franky|0 fnt
|faint|p2a: Franky
|-damage|p1a: Darkrai|91/100|[from] item: Life Orb
|
|upkeep
|
|t:|1760312024
|switch|p2a: Shanks|Zamazenta|54/100
|turn|18
|
|t:|1760312032
|move|p2a: Shanks|Close Combat|p1a: Darkrai
|-supereffective|p1a: Darkrai
|-damage|p1a: Darkrai|0 fnt
|-unboost|p2a: Shanks|def|1
|-unboost|p2a: Shanks|spd|1
|faint|p1a: Darkrai
|
|upkeep
|
|t:|1760312041
|switch|p1a: Iron Moth|Iron Moth|100/100
|turn|19
|
|t:|1760312049
|move|p2a: Shanks|Close Combat|p1a: Iron Moth
|-resisted|p1a: Iron Moth
|-damage|p1a: Iron Moth|36/100
|-unboost|p2a: Shanks|def|1
|-unboost|p2a: Shanks|spd|1
|move|p1a: Iron Moth|Substitute|p1a: Iron Moth
|-start|p1a: Iron Moth|Substitute
|-damage|p1a: Iron Moth|11/100
|
|upkeep
|turn|20
|
|t:|1760312056
|move|p2a: Shanks|Close Combat|p1a: Iron Moth
|-resisted|p1a: Iron Moth
|-end|p1a: Iron Moth|Substitute
|-unboost|p2a: Shanks|def|1
|-unboost|p2a: Shanks|spd|1
|move|p1a: Iron Moth|Substitute|p1a: Iron Moth
|-fail|p1a: Iron Moth|move: Substitute|[weak]
|
|upkeep
|turn|21
|
|t:|1760312064
|-end|p1a: Iron Moth|Quark Drive|[silent]
|switch|p1a: Dragonite|Dragonite, M|59/100
|move|p2a: Shanks|Close Combat|p1a: Dragonite
|-resisted|p1a: Dragonite
|-crit|p1a: Dragonite
|-damage|p1a: Dragonite|0 fnt
|-unboost|p2a: Shanks|def|1
|-unboost|p2a: Shanks|spd|1
|faint|p1a: Dragonite
|
|upkeep
|
|t:|1760312072
|switch|p1a: Landorus|Landorus-Therian, M|21/100
|-ability|p1a: Landorus|Intimidate|boost
|-unboost|p2a: Shanks|atk|1
|turn|22
|
|t:|1760312079
|move|p2a: Shanks|Close Combat|p1a: Landorus
|-resisted|p1a: Landorus
|-damage|p1a: Landorus|0 fnt
|-unboost|p2a: Shanks|def|1
|-unboost|p2a: Shanks|spd|1
|faint|p1a: Landorus
|
|upkeep
|
|t:|1760312084
|switch|p1a: Iron Moth|Iron Moth|11/100
|turn|23
|
|t:|1760312087
|move|p2a: Shanks|Close Combat|p1a: Iron Moth
|-resisted|p1a: Iron Moth
|-damage|p1a: Iron Moth|0 fnt
|-unboost|p2a: Shanks|def|1
|-unboost|p2a: Shanks|spd|1
|faint|p1a: Iron Moth
|-end|p1a: Iron Moth|Quark Drive|[silent]
|
|win|romandlui
|raw|skibidisksk's rating: 1486 &rarr; <strong>1466</strong><br />(-20 for losing)
|raw|romandlui's rating: 1493 &rarr; <strong>1513</strong><br />(+20 for winning)
