|j|☆siddd7890
|j|☆BuffedDrapion
|t:|1760373782
|gametype|singles
|player|p1|siddd7890|unknown|1188
|player|p2|BuffedDrapion|burglar|1137
|gen|9
|tier|[Gen 9] OU
|rated|
|rule|HP Percentage Mod: HP is shown in percentages
|rule|Endless Battle Clause: Forcing endless battles is banned
|rule|Species Clause: Limit one of each Pokémon
|rule|OHKO Clause: OHKO moves are banned
|rule|Evasion Items Clause: Evasion items are banned
|rule|Evasion Moves Clause: Evasion moves are banned
|rule|Evasion Abilities Clause: Evasion abilities are banned
|rule|Sleep Moves Clause: Sleep-inducing moves are banned
|clearpoke
|poke|p1|Regidrago|
|poke|p1|Ogerpon-Wellspring, F|
|poke|p1|Blaziken, M|
|poke|p1|Granbull, F|
|poke|p1|Gholdengo|
|poke|p1|Enamorus, F|
|poke|p2|Great Tusk|
|poke|p2|Moltres|
|poke|p2|Cinderace, M|
|poke|p2|Walking Wake|
|poke|p2|Torkoal, M|
|poke|p2|Hatterene, F|
|teampreview
|inactive|Battle timer is ON: inactive players will automatically lose when time's up. (requested by siddd7890)
|
|t:|1760373797
|teamsize|p1|6
|teamsize|p2|6
|start
|switch|p1a: Ogerpon|Ogerpon-Wellspring, F|100/100
|switch|p2a: Torkoal|Torkoal, M|100/100
|-weather|SunnyDay|[from] ability: Drought|[of] p2a: Torkoal
|turn|1
|
|t:|1760373809
|-terastallize|p2a: Torkoal|Grass
|move|p1a: Ogerpon|Ivy Cudgel|p2a: Torkoal|[anim] Ivy Cudgel Water
|-resisted|p2a: Torkoal
|-damage|p2a: Torkoal|89/100
|move|p2a: Torkoal|Solar Beam||[still]
|-prepare|p2a: Torkoal|Solar Beam
|-anim|p2a: Torkoal|Solar Beam|p1a: Ogerpon
|-damage|p1a: Ogerpon|57/100
|
|-weather|SunnyDay|[upkeep]
|upkeep
|turn|2
|
|t:|1760373836
|switch|p1a: Blaziken|Blaziken, M|100/100
|move|p2a: Torkoal|Shell Smash|p2a: Torkoal
|-unboost|p2a: Torkoal|def|1
|-unboost|p2a: Torkoal|spd|1
|-boost|p2a: Torkoal|atk|2
|-boost|p2a: Torkoal|spa|2
|-boost|p2a: Torkoal|spe|2
|
|-weather|SunnyDay|[upkeep]
|upkeep
|turn|3
|
|t:|1760373849
|move|p1a: Blaziken|Protect|p1a: Blaziken
|-singleturn|p1a: Blaziken|Protect
|move|p2a: Torkoal|Scorching Sands|p1a: Blaziken
|-activate|p1a: Blaziken|move: Protect
|
|-weather|SunnyDay|[upkeep]
|-ability|p1a: Blaziken|Speed Boost|boost
|-boost|p1a: Blaziken|spe|1
|upkeep
|turn|4
|
|t:|1760373865
|switch|p2a: Hatterene|Hatterene, F, shiny|100/100
|move|p1a: Blaziken|Overheat|p2a: Hatterene
|-crit|p2a: Hatterene
|-damage|p2a: Hatterene|0 fnt
|-unboost|p1a: Blaziken|spa|2
|faint|p2a: Hatterene
|
|-weather|SunnyDay|[upkeep]
|-ability|p1a: Blaziken|Speed Boost|boost
|-boost|p1a: Blaziken|spe|1
|upkeep
|
|t:|1760373873
|switch|p2a: Great Tusk|Great Tusk|100/100
|-activate|p2a: Great Tusk|ability: Protosynthesis
|-start|p2a: Great Tusk|protosynthesisspe
|turn|5
|
|t:|1760373879
|switch|p1a: Ogerpon|Ogerpon-Wellspring, F|57/100
|move|p2a: Great Tusk|Headlong Rush|p1a: Ogerpon
|-resisted|p1a: Ogerpon
|-damage|p1a: Ogerpon|7/100
|-unboost|p2a: Great Tusk|def|1
|-unboost|p2a: Great Tusk|spd|1
|
|-weather|SunnyDay|[upkeep]
|upkeep
|turn|6
|
|t:|1760373886
|-end|p2a: Great Tusk|Protosynthesis|[silent]
|switch|p2a: Torkoal|Torkoal, M, tera:Grass|89/100
|move|p1a: Ogerpon|Spiky Shield||[still]
|-fail|p1a: Ogerpon
|
|-weather|SunnyDay|[upkeep]
|upkeep
|turn|7
|inactive|siddd7890 has 120 seconds left.
|
|t:|1760373924
|move|p1a: Ogerpon|Spiky Shield|p1a: Ogerpon
|-singleturn|p1a: Ogerpon|move: Protect
|move|p2a: Torkoal|Scorching Sands|p1a: Ogerpon
|-activate|p1a: Ogerpon|move: Protect
|
|-weather|SunnyDay|[upkeep]
|upkeep
|turn|8
|inactive|siddd7890 has 120 seconds left.
|
|t:|1760373935
|move|p1a: Ogerpon|Play Rough|p2a: Torkoal
|-damage|p2a: Torkoal|64/100
|move|p2a: Torkoal|Fire Blast|p1a: Ogerpon|[miss]
|-miss|p2a: Torkoal|p1a: Ogerpon
|
|-weather|none
|upkeep
|turn|9
|inactive|siddd7890 has 120 seconds left.
|
|t:|1760373958
|switch|p2a: Moltres|Moltres|100/100
|move|p1a: Ogerpon|Play Rough|p2a: Moltres
|-resisted|p2a: Moltres
|-damage|p2a: Moltres|82/100
|-status|p1a: Ogerpon|brn|[from] ability: Flame Body|[of] p2a: Moltres
|
|-damage|p1a: Ogerpon|1/100 brn|[from] brn
|upkeep
|turn|10
|
|t:|1760373967
|switch|p2a: Torkoal|Torkoal, M, tera:Grass|64/100
|-weather|SunnyDay|[from] ability: Drought|[of] p2a: Torkoal
|move|p1a: Ogerpon|Ivy Cudgel|p2a: Torkoal|[anim] Ivy Cudgel Water
|-resisted|p2a: Torkoal
|-damage|p2a: Torkoal|59/100
|
|-weather|SunnyDay|[upkeep]
|-damage|p1a: Ogerpon|0 fnt|[from] brn
|faint|p1a: Ogerpon
|upkeep
|
|t:|1760373972
|switch|p1a: Blaziken|Blaziken, M|100/100
|turn|11
|inactive|siddd7890 has 120 seconds left.
|
|t:|1760373985
|switch|p2a: Walking Wake|Walking Wake|100/100
|-activate|p2a: Walking Wake|ability: Protosynthesis
|-start|p2a: Walking Wake|protosynthesisspa
|move|p1a: Blaziken|Focus Energy|p1a: Blaziken
|-start|p1a: Blaziken|move: Focus Energy
|
|-weather|SunnyDay|[upkeep]
|-ability|p1a: Blaziken|Speed Boost|boost
|-boost|p1a: Blaziken|spe|1
|upkeep
|turn|12
|
|t:|1760373995
|move|p1a: Blaziken|Protect|p1a: Blaziken
|-singleturn|p1a: Blaziken|Protect
|move|p2a: Walking Wake|Hydro Steam|p1a: Blaziken
|-activate|p1a: Blaziken|move: Protect
|
|-weather|SunnyDay|[upkeep]
|-ability|p1a: Blaziken|Speed Boost|boost
|-boost|p1a: Blaziken|spe|1
|upkeep
|turn|13
|
|t:|1760374006
|move|p1a: Blaziken|Close Combat|p2a: Walking Wake
|-crit|p2a: Walking Wake
|-damage|p2a: Walking Wake|17/100
|-unboost|p1a: Blaziken|def|1
|-unboost|p1a: Blaziken|spd|1
|move|p2a: Walking Wake|Hydro Steam|p1a: Blaziken
|-supereffective|p1a: Blaziken
|-damage|p1a: Blaziken|0 fnt
|faint|p1a: Blaziken
|
|-weather|SunnyDay|[upkeep]
|upkeep
|
|t:|1760374011
|switch|p1a: Granbull|Granbull, F|100/100
|-ability|p1a: Granbull|Intimidate|boost
|-unboost|p2a: Walking Wake|atk|1
|turn|14
|
|t:|1760374013
|move|p2a: Walking Wake|Hydro Steam|p1a: Granbull
|-damage|p1a: Granbull|0 fnt
|faint|p1a: Granbull
|
|-weather|SunnyDay|[upkeep]
|upkeep
|
|t:|1760374034
|switch|p1a: Enamorus|Enamorus, F|100/100
|turn|15
|
|t:|1760374042
|-end|p2a: Walking Wake|Protosynthesis|[silent]
|switch|p2a: Moltres|Moltres|82/100
|move|p1a: Enamorus|Moonblast|p2a: Moltres
|-resisted|p2a: Moltres
|-damage|p2a: Moltres|57/100
|
|-weather|SunnyDay|[upkeep]
|upkeep
|turn|16
|
|t:|1760374052
|move|p1a: Enamorus|Moonblast|p2a: Moltres
|-resisted|p2a: Moltres
|-damage|p2a: Moltres|31/100
|-unboost|p2a: Moltres|spa|1
|move|p2a: Moltres|Roost|p2a: Moltres
|-heal|p2a: Moltres|81/100
|-singleturn|p2a: Moltres|move: Roost
|
|-weather|SunnyDay|[upkeep]
|upkeep
|turn|17
|
|t:|1760374058
|move|p1a: Enamorus|Moonblast|p2a: Moltres
|-resisted|p2a: Moltres
|-damage|p2a: Moltres|56/100
|move|p2a: Moltres|U-turn|p1a: Enamorus
|-resisted|p1a: Enamorus
|-damage|p1a: Enamorus|94/100
|
|t:|1760374068
|switch|p2a: Cinderace|Cinderace, M|100/100|[from] U-turn
|
|-weather|none
|upkeep
|turn|18
|inactive|siddd7890 has 120 seconds left.
|
|t:|1760374103
|move|p1a: Enamorus|Moonblast|p2a: Cinderace
|-resisted|p2a: Cinderace
|-damage|p2a: Cinderace|64/100
|move|p2a: Cinderace|Swords Dance|p2a: Cinderace
|-start|p2a: Cinderace|typechange|Normal|[from] ability: Libero
|-boost|p2a: Cinderace|atk|2
|
|upkeep
|turn|19
|
|t:|1760374108
|move|p1a: Enamorus|Moonblast|p2a: Cinderace
|-damage|p2a: Cinderace|0 fnt
|faint|p2a: Cinderace
|
|upkeep
|
|t:|1760374112
|switch|p2a: Torkoal|Torkoal, M, tera:Grass|59/100
|-weather|SunnyDay|[from] ability: Drought|[of] p2a: Torkoal
|turn|20
|
|t:|1760374115
|move|p1a: Enamorus|Moonblast|p2a: Torkoal
|-damage|p2a: Torkoal|0 fnt
|faint|p2a: Torkoal
|
|-weather|SunnyDay|[upkeep]
|upkeep
|
|t:|1760374119
|switch|p2a: Great Tusk|Great Tusk|100/100
|-activate|p2a: Great Tusk|ability: Protosynthesis
|-start|p2a: Great Tusk|protosynthesisspe
|turn|21
|
|t:|1760374124
|move|p1a: Enamorus|Moonblast|p2a: Great Tusk
|-supereffective|p2a: Great Tusk
|-damage|p2a: Great Tusk|0 fnt
|faint|p2a: Great Tusk
|-end|p2a: Great Tusk|Protosynthesis|[silent]
|
|-weather|SunnyDay|[upkeep]
|upkeep
|-message|BuffedDrapion forfeited.
|
|win|siddd7890
|raw|siddd7890's rating: 1188 &rarr; <strong>1209</strong><br />(+21 for winning)
|raw|BuffedDrapion's rating: 1137 &rarr; <strong>1116</strong><br />(-21 for losing)
|l|☆BuffedDrapion
|player|p2|
