|j|☆Aaron's lime
|j|☆Dakri
|t:|1760349419
|gametype|singles
|player|p1|Aaron's lime|265|1116
|player|p2|Dakri|blaine|1091
|gen|9
|tier|[Gen 9] OU
|rated|
|rule|HP Percentage Mod: HP is shown in percentages
|rule|Endless Battle Clause: Forcing endless battles is banned
|rule|Species Clause: Limit one of each Pokémon
|rule|OHKO Clause: OHKO moves are banned
|rule|Evasion Items Clause: Evasion items are banned
|rule|Evasion Moves Clause: Evasion moves are banned
|rule|Evasion Abilities Clause: Evasion abilities are banned
|rule|Sleep Moves Clause: Sleep-inducing moves are banned
|clearpoke
|poke|p1|Minior|
|poke|p1|Lokix, F|
|poke|p1|Donphan, L1, M|
|poke|p1|Deoxys-Defense|
|poke|p1|Charizard, M|
|poke|p1|Polteageist|
|poke|p2|Toxtricity, M|
|poke|p2|Hawlucha, M|
|poke|p2|Sinistcha|
|poke|p2|Lycanroc-Midnight, M|
|poke|p2|Malamar, M|
|poke|p2|Corviknight, M|
|teampreview
|inactive|Battle timer is ON: inactive players will automatically lose when time's up. (requested by Dakri)
|
|t:|1760349426
|teamsize|p1|6
|teamsize|p2|6
|start
|switch|p1a: Donphan|Donphan, L1, M|100/100
|switch|p2a: Hawlucha|Hawlucha, M, shiny|100/100
|turn|1
|
|t:|1760349434
|move|p2a: Hawlucha|Swords Dance|p2a: Hawlucha
|-boost|p2a: Hawlucha|atk|2
|move|p1a: Donphan|Endeavor|p2a: Hawlucha
|-damage|p2a: Hawlucha|5/100
|
|upkeep
|turn|2
|
|t:|1760349453
|move|p2a: Hawlucha|Upper Hand||[still]
|-fail|p2a: Hawlucha
|move|p1a: Donphan|Sandstorm|p1a: Donphan
|-weather|Sandstorm
|
|-weather|Sandstorm|[upkeep]
|-damage|p2a: Hawlucha|0 fnt|[from] Sandstorm
|faint|p2a: Hawlucha
|upkeep
|
|t:|1760349462
|switch|p2a: Sinistcha|Sinistcha|100/100
|turn|3
|
|t:|1760349471
|switch|p1a: Lokix|Lokix, F|100/100
|move|p2a: Sinistcha|Calm Mind|p2a: Sinistcha
|-boost|p2a: Sinistcha|spa|1
|-boost|p2a: Sinistcha|spd|1
|
|-weather|Sandstorm|[upkeep]
|-damage|p1a: Lokix|94/100|[from] Sandstorm
|-damage|p2a: Sinistcha|94/100|[from] Sandstorm
|-heal|p2a: Sinistcha|100/100|[from] item: Leftovers
|upkeep
|turn|4
|
|t:|1760349493
|move|p2a: Sinistcha|Protect|p2a: Sinistcha
|-singleturn|p2a: Sinistcha|Protect
|move|p1a: Lokix|First Impression|p2a: Sinistcha
|-activate|p2a: Sinistcha|move: Protect
|
|-weather|Sandstorm|[upkeep]
|-damage|p1a: Lokix|88/100|[from] Sandstorm
|-damage|p2a: Sinistcha|94/100|[from] Sandstorm
|-heal|p2a: Sinistcha|100/100|[from] item: Leftovers
|upkeep
|turn|5
|
|t:|1760349503
|switch|p1a: Charizard|Charizard, M|100/100
|move|p2a: Sinistcha|Shadow Ball|p1a: Charizard
|-damage|p1a: Charizard|42/100
|
|-weather|Sandstorm|[upkeep]
|-damage|p1a: Charizard|35/100|[from] Sandstorm
|-damage|p2a: Sinistcha|94/100|[from] Sandstorm
|-heal|p2a: Sinistcha|100/100|[from] item: Leftovers
|upkeep
|turn|6
|
|t:|1760349514
|move|p1a: Charizard|Fire Punch|p2a: Sinistcha
|-supereffective|p2a: Sinistcha
|-damage|p2a: Sinistcha|76/100
|move|p2a: Sinistcha|Shadow Ball|p1a: Charizard
|-damage|p1a: Charizard|0 fnt
|faint|p1a: Charizard
|
|-weather|none
|-heal|p2a: Sinistcha|82/100|[from] item: Leftovers
|upkeep
|
|t:|1760349521
|switch|p1a: Lokix|Lokix, F|88/100
|turn|7
|
|t:|1760349527
|move|p2a: Sinistcha|Protect|p2a: Sinistcha
|-singleturn|p2a: Sinistcha|Protect
|move|p1a: Lokix|U-turn|p2a: Sinistcha
|-activate|p2a: Sinistcha|move: Protect
|
|-heal|p2a: Sinistcha|88/100|[from] item: Leftovers
|upkeep
|turn|8
|
|t:|1760349535
|move|p1a: Lokix|U-turn|p2a: Sinistcha
|-damage|p2a: Sinistcha|47/100
|
|t:|1760349541
|switch|p1a: Deoxys|Deoxys-Defense|100/100|[from] U-turn
|-ability|p1a: Deoxys|Pressure
|move|p2a: Sinistcha|Shadow Ball|p1a: Deoxys
|-supereffective|p1a: Deoxys
|-damage|p1a: Deoxys|34/100
|
|-heal|p1a: Deoxys|40/100|[from] item: Leftovers
|-heal|p2a: Sinistcha|53/100|[from] item: Leftovers
|upkeep
|turn|9
|
|t:|1760349553
|move|p1a: Deoxys|Night Shade|p2a: Sinistcha
|-damage|p2a: Sinistcha|24/100
|move|p2a: Sinistcha|Shadow Ball|p1a: Deoxys
|-supereffective|p1a: Deoxys
|-damage|p1a: Deoxys|0 fnt
|faint|p1a: Deoxys
|
|-heal|p2a: Sinistcha|30/100|[from] item: Leftovers
|upkeep
|
|t:|1760349558
|switch|p1a: Lokix|Lokix, F|88/100
|turn|10
|
|t:|1760349566
|move|p2a: Sinistcha|Protect|p2a: Sinistcha
|-singleturn|p2a: Sinistcha|Protect
|move|p1a: Lokix|Knock Off|p2a: Sinistcha
|-activate|p2a: Sinistcha|move: Protect
|
|-heal|p2a: Sinistcha|36/100|[from] item: Leftovers
|upkeep
|turn|11
|inactive|Dakri has 120 seconds left.
|
|t:|1760349602
|-terastallize|p2a: Sinistcha|Steel
|move|p1a: Lokix|Knock Off|p2a: Sinistcha
|-damage|p2a: Sinistcha|0 fnt
|-enditem|p2a: Sinistcha|Leftovers|[from] move: Knock Off|[of] p1a: Lokix
|faint|p2a: Sinistcha
|
|upkeep
|
|t:|1760349605
|switch|p2a: Corviknight|Corviknight, M, shiny|100/100
|turn|12
|
|t:|1760349613
|move|p1a: Lokix|Knock Off|p2a: Corviknight
|-damage|p2a: Corviknight|46/100
|-enditem|p2a: Corviknight|Light Clay|[from] move: Knock Off|[of] p1a: Lokix
|move|p2a: Corviknight|Reflect|p2a: Corviknight
|-sidestart|p2: Dakri|Reflect
|
|upkeep
|turn|13
|
|t:|1760349622
|switch|p1a: Polteageist|Polteageist|100/100
|move|p2a: Corviknight|Light Screen|p2a: Corviknight
|-sidestart|p2: Dakri|move: Light Screen
|
|upkeep
|turn|14
|
|t:|1760349629
|move|p1a: Polteageist|Shell Smash|p1a: Polteageist
|-unboost|p1a: Polteageist|def|1
|-unboost|p1a: Polteageist|spd|1
|-boost|p1a: Polteageist|atk|2
|-boost|p1a: Polteageist|spa|2
|-boost|p1a: Polteageist|spe|2
|move|p2a: Corviknight|U-turn|p1a: Polteageist
|-resisted|p1a: Polteageist
|-crit|p1a: Polteageist
|-damage|p1a: Polteageist|72/100
|-ability|p1a: Polteageist|Weak Armor|boost
|-unboost|p1a: Polteageist|def|1
|-boost|p1a: Polteageist|spe|2
|
|t:|1760349640
|switch|p2a: Lycanroc|Lycanroc-Midnight, M, shiny|100/100|[from] U-turn
|
|upkeep
|turn|15
|
|t:|1760349646
|move|p2a: Lycanroc|Sucker Punch|p1a: Polteageist
|-supereffective|p1a: Polteageist
|-damage|p1a: Polteageist|0 fnt
|faint|p1a: Polteageist
|
|upkeep
|
|t:|1760349650
|switch|p1a: Donphan|Donphan, L1, M|100/100
|turn|16
|
|t:|1760349672
|switch|p2a: Corviknight|Corviknight, M, shiny|46/100
|move|p1a: Donphan|Endeavor|p2a: Corviknight
|-damage|p2a: Corviknight|4/100
|
|-sideend|p2: Dakri|Reflect
|upkeep
|turn|17
|
|t:|1760349682
|switch|p1a: Lokix|Lokix, F|88/100
|move|p2a: Corviknight|Reflect|p2a: Corviknight
|-sidestart|p2: Dakri|Reflect
|
|-sideend|p2: Dakri|move: Light Screen
|upkeep
|turn|18
|
|t:|1760349690
|move|p1a: Lokix|First Impression|p2a: Corviknight
|-resisted|p2a: Corviknight
|-damage|p2a: Corviknight|0 fnt
|faint|p2a: Corviknight
|
|upkeep
|
|t:|1760349694
|switch|p2a: Malamar|Malamar, M, shiny|100/100
|turn|19
|
|t:|1760349698
|switch|p1a: Minior|Minior|100/100
|-formechange|p1a: Minior|Minior-Meteor||[from] ability: Shields Down
|move|p2a: Malamar|Superpower|p1a: Minior
|-damage|p1a: Minior|60/100
|-boost|p2a: Malamar|atk|1
|-boost|p2a: Malamar|def|1
|
|upkeep
|turn|20
|
|t:|1760349710
|move|p1a: Minior|Shell Smash|p1a: Minior
|-unboost|p1a: Minior|def|1
|-unboost|p1a: Minior|spd|1
|-boost|p1a: Minior|atk|2
|-boost|p1a: Minior|spa|2
|-boost|p1a: Minior|spe|2
|-enditem|p1a: Minior|White Herb
|-clearnegativeboost|p1a: Minior|[silent]
|move|p2a: Malamar|Superpower|p1a: Minior
|-damage|p1a: Minior|3/100
|-boost|p2a: Malamar|atk|1
|-boost|p2a: Malamar|def|1
|
|-formechange|p1a: Minior|Minior||[from] ability: Shields Down
|upkeep
|turn|21
|
|t:|1760349727
|move|p2a: Malamar|Protect|p2a: Malamar
|-singleturn|p2a: Malamar|Protect
|move|p1a: Minior|Acrobatics|p2a: Malamar
|-activate|p2a: Malamar|move: Protect
|
|-sideend|p2: Dakri|Reflect
|upkeep
|turn|22
|
|t:|1760349740
|move|p1a: Minior|Acrobatics|p2a: Malamar
|-damage|p2a: Malamar|53/100
|move|p2a: Malamar|Superpower|p1a: Minior
|-damage|p1a: Minior|0 fnt
|-boost|p2a: Malamar|atk|1
|-boost|p2a: Malamar|def|1
|faint|p1a: Minior
|
|-heal|p2a: Malamar|60/100|[from] item: Leftovers
|upkeep
|
|t:|1760349745
|switch|p1a: Donphan|Donphan, L1, M|100/100
|turn|23
|
|t:|1760349757
|move|p2a: Malamar|Protect|p2a: Malamar
|-singleturn|p2a: Malamar|Protect
|move|p1a: Donphan|Endeavor|p2a: Malamar
|-activate|p2a: Malamar|move: Protect
|
|-heal|p2a: Malamar|66/100|[from] item: Leftovers
|upkeep
|turn|24
|
|t:|1760349769
|move|p2a: Malamar|Knock Off|p1a: Donphan
|-ability|p1a: Donphan|Sturdy
|-damage|p1a: Donphan|8/100
|-enditem|p1a: Donphan|Shell Bell|[from] move: Knock Off|[of] p2a: Malamar
|move|p1a: Donphan|Endeavor|p2a: Malamar
|-damage|p2a: Malamar|1/100
|
|-heal|p2a: Malamar|7/100|[from] item: Leftovers
|upkeep
|turn|25
|
|t:|1760349780
|move|p2a: Malamar|Superpower|p1a: Donphan
|-damage|p1a: Donphan|0 fnt
|-boost|p2a: Malamar|atk|1
|-boost|p2a: Malamar|def|1
|faint|p1a: Donphan
|
|-heal|p2a: Malamar|13/100|[from] item: Leftovers
|upkeep
|
|t:|1760349782
|switch|p1a: Lokix|Lokix, F|88/100
|turn|26
|
|t:|1760349791
|-terastallize|p1a: Lokix|Bug
|move|p1a: Lokix|U-turn|p2a: Malamar
|-supereffective|p2a: Malamar
|-crit|p2a: Malamar
|-damage|p2a: Malamar|0 fnt
|faint|p2a: Malamar
|
|upkeep
|
|t:|1760349793
|switch|p2a: Lycanroc|Lycanroc-Midnight, M, shiny|100/100
|turn|27
|
|t:|1760349797
|move|p1a: Lokix|U-turn|p2a: Lycanroc
|-damage|p2a: Lycanroc|27/100
|move|p2a: Lycanroc|Counter|p1a: Lokix
|-damage|p1a: Lokix|0 fnt
|faint|p1a: Lokix
|
|win|Dakri
|raw|Aaron&apos;s lime's rating: 1116 &rarr; <strong>1089</strong><br />(-27 for losing)
|raw|Dakri's rating: 1091 &rarr; <strong>1119</strong><br />(+28 for winning)
|l|☆Aaron's lime
|player|p1|
|l|☆Dakri
|player|p2|
