|j|☆rzjyar
|j|☆SharkBait5316
|t:|1760400047
|gametype|singles
|player|p1|rzjyar|266|1189
|player|p2|SharkBait5316|102|1119
|gen|9
|tier|[Gen 9] OU
|rated|
|rule|HP Percentage Mod: HP is shown in percentages
|rule|Endless Battle Clause: Forcing endless battles is banned
|rule|Species Clause: Limit one of each Pokémon
|rule|OHKO Clause: OHKO moves are banned
|rule|Evasion Items Clause: Evasion items are banned
|rule|Evasion Moves Clause: Evasion moves are banned
|rule|Evasion Abilities Clause: Evasion abilities are banned
|rule|Sleep Moves Clause: Sleep-inducing moves are banned
|clearpoke
|poke|p1|Ogerpon-Wellspring, F|
|poke|p1|Gliscor, M|
|poke|p1|Corviknight, F|
|poke|p1|Iron Valiant|
|poke|p1|Kingambit, M|
|poke|p1|Iron Moth|
|poke|p2|Garchomp, M|
|poke|p2|Darkrai|
|poke|p2|Gholdengo|
|poke|p2|Ogerpon-Wellspring, F|
|poke|p2|Iron Valiant|
|poke|p2|Iron Treads|
|teampreview
|
|t:|1760400064
|teamsize|p1|6
|teamsize|p2|6
|start
|switch|p1a: right wing hater|Ogerpon-Wellspring, F|100/100
|switch|p2a: Garchomp|Garchomp, M|100/100
|turn|1
|
|t:|1760400075
|move|p1a: right wing hater|Knock Off|p2a: Garchomp
|-damage|p2a: Garchomp|78/100
|-damage|p1a: right wing hater|88/100|[from] ability: Rough Skin|[of] p2a: Garchomp
|-damage|p1a: right wing hater|72/100|[from] item: Rocky Helmet|[of] p2a: Garchomp
|-enditem|p2a: Garchomp|Rocky Helmet|[from] move: Knock Off|[of] p1a: right wing hater
|move|p2a: Garchomp|Dragon Tail|p1a: right wing hater
|-damage|p1a: right wing hater|35/100
|drag|p1a: vladimir put it in|Kingambit, M|100/100
|
|upkeep
|turn|2
|
|t:|1760400107
|-end|p1a: vladimir put it in|fallenundefined|[silent]
|switch|p1a: ben shapirew|Corviknight, F|100/100
|move|p2a: Garchomp|Stealth Rock|p1a: ben shapirew
|-sidestart|p1: rzjyar|move: Stealth Rock
|
|upkeep
|turn|3
|
|t:|1760400121
|move|p2a: Garchomp|Spikes|p1a: ben shapirew
|-sidestart|p1: rzjyar|Spikes
|move|p1a: ben shapirew|Brave Bird|p2a: Garchomp
|-damage|p2a: Garchomp|53/100
|-damage|p1a: ben shapirew|88/100|[from] ability: Rough Skin|[of] p2a: Garchomp
|-damage|p1a: ben shapirew|80/100|[from] Recoil
|
|-heal|p1a: ben shapirew|86/100|[from] item: Leftovers
|upkeep
|turn|4
|
|t:|1760400131
|move|p1a: ben shapirew|Defog|p2a: Garchomp
|-unboost|p2a: Garchomp|evasion|1
|-sideend|p1: rzjyar|Spikes|[from] move: Defog|[of] p1a: ben shapirew
|-sideend|p1: rzjyar|Stealth Rock|[from] move: Defog|[of] p1a: ben shapirew
|move|p2a: Garchomp|Dragon Tail|p1a: ben shapirew
|-resisted|p1a: ben shapirew
|-damage|p1a: ben shapirew|78/100
|drag|p1a: donald j. tramp|Gliscor, M|100/100
|
|-status|p1a: donald j. tramp|tox|[from] item: Toxic Orb
|upkeep
|turn|5
|
|t:|1760400144
|move|p2a: Garchomp|Stealth Rock|p1a: donald j. tramp
|-sidestart|p1: rzjyar|move: Stealth Rock
|move|p1a: donald j. tramp|U-turn|p2a: Garchomp
|-damage|p2a: Garchomp|44/100
|-damage|p1a: donald j. tramp|88/100 tox|[from] ability: Rough Skin|[of] p2a: Garchomp
|
|t:|1760400150
|switch|p1a: right wing hater|Ogerpon-Wellspring, F|35/100|[from] U-turn
|-damage|p1a: right wing hater|23/100|[from] Stealth Rock
|
|upkeep
|turn|6
|
|t:|1760400163
|move|p1a: right wing hater|Ivy Cudgel|p2a: Garchomp|[anim] Ivy Cudgel Water
|-damage|p2a: Garchomp|6/100
|move|p2a: Garchomp|Dragon Tail|p1a: right wing hater
|-damage|p1a: right wing hater|0 fnt
|faint|p1a: right wing hater
|
|upkeep
|
|t:|1760400171
|switch|p1a: ben shapirew|Corviknight, F|78/100
|-damage|p1a: ben shapirew|66/100|[from] Stealth Rock
|turn|7
|
|t:|1760400177
|move|p2a: Garchomp|Stealth Rock||[still]
|-fail|p2a: Garchomp
|move|p1a: ben shapirew|Defog|p2a: Garchomp
|-unboost|p2a: Garchomp|evasion|1
|-sideend|p1: rzjyar|Stealth Rock|[from] move: Defog|[of] p1a: ben shapirew
|
|-heal|p1a: ben shapirew|72/100|[from] item: Leftovers
|upkeep
|turn|8
|
|t:|1760400190
|move|p2a: Garchomp|Stealth Rock|p1a: ben shapirew
|-sidestart|p1: rzjyar|move: Stealth Rock
|move|p1a: ben shapirew|Brave Bird|p2a: Garchomp
|-damage|p2a: Garchomp|0 fnt
|-damage|p1a: ben shapirew|60/100|[from] ability: Rough Skin|[of] p2a: Garchomp
|faint|p2a: Garchomp
|-damage|p1a: ben shapirew|58/100|[from] Recoil
|
|-heal|p1a: ben shapirew|64/100|[from] item: Leftovers
|upkeep
|
|t:|1760400212
|switch|p2a: Iron Valiant|Iron Valiant|100/100
|-enditem|p2a: Iron Valiant|Booster Energy
|-activate|p2a: Iron Valiant|ability: Quark Drive|[fromitem]
|-start|p2a: Iron Valiant|quarkdrivespe
|turn|9
|
|t:|1760400225
|move|p2a: Iron Valiant|Calm Mind|p2a: Iron Valiant
|-boost|p2a: Iron Valiant|spa|1
|-boost|p2a: Iron Valiant|spd|1
|move|p1a: ben shapirew|Brave Bird|p2a: Iron Valiant
|-supereffective|p2a: Iron Valiant
|-damage|p2a: Iron Valiant|11/100
|-damage|p1a: ben shapirew|43/100|[from] Recoil
|
|-heal|p1a: ben shapirew|49/100|[from] item: Leftovers
|upkeep
|turn|10
|
|t:|1760400240
|move|p2a: Iron Valiant|Thunderbolt|p1a: ben shapirew
|-supereffective|p1a: ben shapirew
|-damage|p1a: ben shapirew|0 fnt
|faint|p1a: ben shapirew
|
|upkeep
|
|t:|1760400252
|switch|p1a: donald j. tramp|Gliscor, M|88/100 tox
|-damage|p1a: donald j. tramp|75/100 tox|[from] Stealth Rock
|turn|11
|
|t:|1760400260
|move|p2a: Iron Valiant|Moonblast|p1a: donald j. tramp
|-damage|p1a: donald j. tramp|11/100 tox
|move|p1a: donald j. tramp|Brick Break|p2a: Iron Valiant
|-resisted|p2a: Iron Valiant
|-damage|p2a: Iron Valiant|0 fnt
|faint|p2a: Iron Valiant
|-end|p2a: Iron Valiant|Quark Drive|[silent]
|
|-heal|p1a: donald j. tramp|23/100 tox|[from] ability: Poison Heal
|upkeep
|
|t:|1760400269
|switch|p2a: Darkrai|Darkrai|100/100
|turn|12
|
|t:|1760400275
|move|p1a: donald j. tramp|Protect|p1a: donald j. tramp
|-singleturn|p1a: donald j. tramp|Protect
|move|p2a: Darkrai|Ice Beam|p1a: donald j. tramp
|-activate|p1a: donald j. tramp|move: Protect
|
|-heal|p1a: donald j. tramp|36/100 tox|[from] ability: Poison Heal
|upkeep
|turn|13
|
|t:|1760400291
|switch|p1a: travis scott|Iron Moth|100/100
|-damage|p1a: travis scott|76/100|[from] Stealth Rock
|-enditem|p1a: travis scott|Booster Energy
|-activate|p1a: travis scott|ability: Quark Drive|[fromitem]
|-start|p1a: travis scott|quarkdrivespe
|move|p2a: Darkrai|Knock Off|p1a: travis scott
|-damage|p1a: travis scott|44/100
|
|upkeep
|turn|14
|
|t:|1760400306
|move|p1a: travis scott|Dazzling Gleam|p2a: Darkrai
|-supereffective|p2a: Darkrai
|-damage|p2a: Darkrai|14/100
|move|p2a: Darkrai|Dark Pulse|p1a: travis scott
|-damage|p1a: travis scott|2/100
|
|upkeep
|turn|15
|
|t:|1760400319
|switch|p2a: Gholdengo|Gholdengo|100/100
|-item|p2a: Gholdengo|Air Balloon
|move|p1a: travis scott|Fiery Dance|p2a: Gholdengo
|-supereffective|p2a: Gholdengo
|-damage|p2a: Gholdengo|21/100
|-boost|p1a: travis scott|spa|1
|-enditem|p2a: Gholdengo|Air Balloon
|
|upkeep
|turn|16
|
|t:|1760400347
|move|p1a: travis scott|Fiery Dance|p2a: Gholdengo
|-supereffective|p2a: Gholdengo
|-crit|p2a: Gholdengo
|-damage|p2a: Gholdengo|0 fnt
|faint|p2a: Gholdengo
|
|upkeep
|
|t:|1760400353
|switch|p2a: Ogerpon|Ogerpon-Wellspring, F|100/100
|turn|17
|
|t:|1760400356
|move|p1a: travis scott|Sludge Wave|p2a: Ogerpon
|-supereffective|p2a: Ogerpon
|-damage|p2a: Ogerpon|0 fnt
|faint|p2a: Ogerpon
|
|upkeep
|
|t:|1760400361
|switch|p2a: Darkrai|Darkrai|14/100
|turn|18
|
|t:|1760400364
|move|p1a: travis scott|Dazzling Gleam|p2a: Darkrai
|-supereffective|p2a: Darkrai
|-damage|p2a: Darkrai|0 fnt
|faint|p2a: Darkrai
|
|upkeep
|
|t:|1760400369
|switch|p2a: Iron Treads|Iron Treads|100/100
|turn|19
|
|t:|1760400382
|-terastallize|p2a: Iron Treads|Water
|move|p1a: travis scott|Fiery Dance|p2a: Iron Treads
|-resisted|p2a: Iron Treads
|-damage|p2a: Iron Treads|70/100
|-boost|p1a: travis scott|spa|1
|move|p2a: Iron Treads|Rapid Spin|p1a: travis scott
|-damage|p1a: travis scott|0 fnt
|-boost|p2a: Iron Treads|spe|1
|faint|p1a: travis scott
|-end|p1a: travis scott|Quark Drive|[silent]
|
|-heal|p2a: Iron Treads|76/100|[from] item: Leftovers
|upkeep
|
|t:|1760400396
|switch|p1a: donald j. tramp|Gliscor, M|36/100 tox
|-damage|p1a: donald j. tramp|23/100 tox|[from] Stealth Rock
|turn|20
|
|t:|1760400404
|move|p2a: Iron Treads|Knock Off|p1a: donald j. tramp
|-damage|p1a: donald j. tramp|5/100 tox
|-enditem|p1a: donald j. tramp|Toxic Orb|[from] move: Knock Off|[of] p2a: Iron Treads
|move|p1a: donald j. tramp|Earthquake|p2a: Iron Treads
|-damage|p2a: Iron Treads|50/100
|
|-heal|p2a: Iron Treads|56/100|[from] item: Leftovers
|-heal|p1a: donald j. tramp|18/100 tox|[from] ability: Poison Heal
|upkeep
|turn|21
|
|t:|1760400419
|move|p2a: Iron Treads|Knock Off|p1a: donald j. tramp
|-damage|p1a: donald j. tramp|5/100 tox
|move|p1a: donald j. tramp|U-turn|p2a: Iron Treads
|-crit|p2a: Iron Treads
|-damage|p2a: Iron Treads|35/100
|
|t:|1760400424
|switch|p1a: alone musk|Iron Valiant|100/100|[from] U-turn
|-damage|p1a: alone musk|94/100|[from] Stealth Rock
|-enditem|p1a: alone musk|Booster Energy
|-activate|p1a: alone musk|ability: Quark Drive|[fromitem]
|-start|p1a: alone musk|quarkdrivespe
|
|-heal|p2a: Iron Treads|40/100|[from] item: Leftovers
|upkeep
|turn|22
|
|t:|1760400441
|-terastallize|p1a: alone musk|Steel
|move|p1a: alone musk|Thunderbolt|p2a: Iron Treads
|-supereffective|p2a: Iron Treads
|-damage|p2a: Iron Treads|0 fnt
|faint|p2a: Iron Treads
|-end|p2a: Iron Treads|Quark Drive|[silent]
|
|win|rzjyar
|raw|rzjyar's rating: 1189 &rarr; <strong>1209</strong><br />(+20 for winning)
|raw|SharkBait5316's rating: 1119 &rarr; <strong>1099</strong><br />(-20 for losing)
|l|☆SharkBait5316
|player|p2|
