|j|☆K3c8ge4
|j|☆dia90
|t:|1760366247
|gametype|singles
|player|p1|K3c8ge4|elesa|1824
|player|p2|dia90|1|1701
|gen|9
|tier|[Gen 9] OU
|rated|
|rule|HP Percentage Mod: HP is shown in percentages
|rule|Endless Battle Clause: Forcing endless battles is banned
|rule|Species Clause: Limit one of each Pokémon
|rule|OHKO Clause: OHKO moves are banned
|rule|Evasion Items Clause: Evasion items are banned
|rule|Evasion Moves Clause: Evasion moves are banned
|rule|Evasion Abilities Clause: Evasion abilities are banned
|rule|Sleep Moves Clause: Sleep-inducing moves are banned
|clearpoke
|poke|p1|Scizor, M|
|poke|p1|Raging Bolt|
|poke|p1|Primarina, F|
|poke|p1|Ogerpon-Cornerstone, F|
|poke|p1|Great Tusk|
|poke|p1|Zamazenta-*|
|poke|p2|Ursaluna, M|
|poke|p2|Raging Bolt|
|poke|p2|Cinderace, M|
|poke|p2|Pecharunt|
|poke|p2|Ogerpon, F|
|poke|p2|Scizor, M|
|teampreview
|inactive|Battle timer is ON: inactive players will automatically lose when time's up. (requested by K3c8ge4)
|
|t:|1760366261
|teamsize|p1|6
|teamsize|p2|6
|start
|switch|p1a: Primarina|Primarina, F|100/100
|switch|p2a: Cinderace|Cinderace, M|100/100
|turn|1
|j| Swagboss123456789
|
|t:|1760366268
|move|p2a: Cinderace|U-turn|p1a: Primarina
|-start|p2a: Cinderace|typechange|Bug|[from] ability: Libero
|-resisted|p1a: Primarina
|-damage|p1a: Primarina|80/100
|
|t:|1760366273
|switch|p2a: Ogerpon|Ogerpon, F|100/100|[from] U-turn
|move|p1a: Primarina|Flip Turn|p2a: Ogerpon
|-resisted|p2a: Ogerpon
|-damage|p2a: Ogerpon|91/100
|
|t:|1760366279
|switch|p1a: Scizor|Scizor, M|100/100|[from] Flip Turn
|
|upkeep
|turn|2
|
|t:|1760366284
|move|p2a: Ogerpon|U-turn|p1a: Scizor
|-resisted|p1a: Scizor
|-damage|p1a: Scizor|81/100
|
|t:|1760366299
|switch|p2a: Cinderace|Cinderace, M|100/100|[from] U-turn
|move|p1a: Scizor|U-turn|p2a: Cinderace
|-resisted|p2a: Cinderace
|-damage|p2a: Cinderace|60/100
|
|t:|1760366306
|switch|p1a: Primarina|Primarina, F|80/100|[from] U-turn
|
|upkeep
|turn|3
|
|t:|1760366312
|move|p2a: Cinderace|High Jump Kick|p1a: Primarina
|-start|p2a: Cinderace|typechange|Fighting|[from] ability: Libero
|-resisted|p1a: Primarina
|-damage|p1a: Primarina|42/100
|move|p1a: Primarina|Flip Turn|p2a: Cinderace
|-damage|p2a: Cinderace|38/100
|l| Swagboss123456789
|
|t:|1760366320
|switch|p1a: Scizor|Scizor, M|81/100|[from] Flip Turn
|
|upkeep
|turn|4
|
|t:|1760366328
|-terastallize|p2a: Cinderace|Fire
|move|p1a: Scizor|Bullet Punch|p2a: Cinderace
|-resisted|p2a: Cinderace
|-damage|p2a: Cinderace|0 fnt
|faint|p2a: Cinderace
|
|upkeep
|
|t:|1760366334
|switch|p2a: Raging Bolt|Raging Bolt|100/100
|turn|5
|
|t:|1760366344
|switch|p1a: Primarina|Primarina, F|42/100
|move|p2a: Raging Bolt|Volt Switch|p1a: Primarina
|-supereffective|p1a: Primarina
|-damage|p1a: Primarina|0 fnt
|faint|p1a: Primarina
|
|t:|1760366352
|-end|p2a: Raging Bolt|Protosynthesis|[silent]
|switch|p2a: Scizor|Scizor, M|100/100|[from] Volt Switch
|
|upkeep
|
|t:|1760366358
|switch|p1a: Great Tusk|Great Tusk|100/100
|turn|6
|
|t:|1760366364
|move|p1a: Great Tusk|Stealth Rock|p2a: Scizor
|-sidestart|p2: dia90|move: Stealth Rock
|move|p2a: Scizor|U-turn|p1a: Great Tusk
|-resisted|p1a: Great Tusk
|-damage|p1a: Great Tusk|81/100
|
|t:|1760366369
|switch|p2a: Ogerpon|Ogerpon, F|91/100|[from] U-turn
|-damage|p2a: Ogerpon|79/100|[from] Stealth Rock
|
|upkeep
|turn|7
|
|t:|1760366382
|-end|p1a: Great Tusk|Protosynthesis|[silent]
|switch|p1a: Scizor|Scizor, M|81/100
|move|p2a: Ogerpon|Knock Off|p1a: Scizor
|-damage|p1a: Scizor|29/100
|-enditem|p1a: Scizor|Choice Band|[from] move: Knock Off|[of] p2a: Ogerpon
|
|upkeep
|turn|8
|j| Swagboss123456789
|
|t:|1760366390
|move|p1a: Scizor|Bullet Punch|p2a: Ogerpon
|-damage|p2a: Ogerpon|34/100
|move|p2a: Ogerpon|Knock Off|p1a: Scizor
|-damage|p1a: Scizor|0 fnt
|faint|p1a: Scizor
|
|upkeep
|
|t:|1760366394
|switch|p1a: Ogerpon|Ogerpon-Cornerstone, F|100/100
|turn|9
|
|t:|1760366400
|switch|p2a: Pecharunt|Pecharunt|100/100
|-damage|p2a: Pecharunt|88/100|[from] Stealth Rock
|move|p1a: Ogerpon|Ivy Cudgel|p2a: Pecharunt|[anim] Ivy Cudgel Rock
|-damage|p2a: Pecharunt|58/100
|
|-heal|p2a: Pecharunt|64/100|[from] item: Leftovers
|upkeep
|turn|10
|
|t:|1760366409
|move|p1a: Ogerpon|Ivy Cudgel|p2a: Pecharunt|[anim] Ivy Cudgel Rock
|-damage|p2a: Pecharunt|36/100
|move|p2a: Pecharunt|Malignant Chain|p1a: Ogerpon
|-damage|p1a: Ogerpon|62/100
|
|-heal|p2a: Pecharunt|42/100|[from] item: Leftovers
|upkeep
|turn|11
|
|t:|1760366418
|move|p1a: Ogerpon|Ivy Cudgel|p2a: Pecharunt|[anim] Ivy Cudgel Rock
|-crit|p2a: Pecharunt
|-damage|p2a: Pecharunt|0 fnt
|faint|p2a: Pecharunt
|
|upkeep
|
|t:|1760366423
|switch|p2a: Scizor|Scizor, M|100/100
|-damage|p2a: Scizor|88/100|[from] Stealth Rock
|turn|12
|
|t:|1760366427
|switch|p1a: Raging Bolt|Raging Bolt|100/100
|move|p2a: Scizor|U-turn|p1a: Raging Bolt
|-damage|p1a: Raging Bolt|49/100
|j| clozap9
|l| Swagboss123456789
|inactive|dia90 has 120 seconds left.
|
|t:|1760366464
|switch|p2a: Ursaluna|Ursaluna, M|100/100|[from] U-turn
|-damage|p2a: Ursaluna|94/100|[from] Stealth Rock
|
|upkeep
|turn|13
|
|t:|1760366470
|move|p1a: Raging Bolt|Draco Meteor|p2a: Ursaluna
|-damage|p2a: Ursaluna|0 fnt
|-unboost|p1a: Raging Bolt|spa|2
|faint|p2a: Ursaluna
|
|upkeep
|
|t:|1760366476
|switch|p2a: Ogerpon|Ogerpon, F|34/100
|-damage|p2a: Ogerpon|21/100|[from] Stealth Rock
|turn|14
|
|t:|1760366485
|-end|p1a: Raging Bolt|Protosynthesis|[silent]
|switch|p1a: Ogerpon|Ogerpon-Cornerstone, F|62/100
|move|p2a: Ogerpon|Power Whip|p1a: Ogerpon
|-damage|p1a: Ogerpon|0 fnt
|faint|p1a: Ogerpon
|
|upkeep
|
|t:|1760366488
|switch|p1a: Zamazenta|Zamazenta|100/100
|-ability|p1a: Zamazenta|Dauntless Shield|boost
|-boost|p1a: Zamazenta|def|1
|turn|15
|
|t:|1760366496
|switch|p2a: Raging Bolt|Raging Bolt|100/100
|-damage|p2a: Raging Bolt|88/100|[from] Stealth Rock
|move|p1a: Zamazenta|Iron Defense|p1a: Zamazenta
|-boost|p1a: Zamazenta|def|2
|
|upkeep
|turn|16
|
|t:|1760366503
|move|p1a: Zamazenta|Body Press|p2a: Raging Bolt
|-crit|p2a: Raging Bolt
|-damage|p2a: Raging Bolt|0 fnt
|faint|p2a: Raging Bolt
|-end|p2a: Raging Bolt|Protosynthesis|[silent]
|
|upkeep
|c|☆K3c8ge4|mb
|-message|dia90 forfeited.
|
|win|K3c8ge4
|raw|K3c8ge4's rating: 1824 &rarr; <strong>1837</strong><br />(+13 for winning)
|raw|dia90's rating: 1701 &rarr; <strong>1688</strong><br />(-13 for losing)
|l|☆K3c8ge4
|player|p1|
|l|☆dia90
|player|p2|
|l| clozap9
|j| Swagboss123456789
|l| Swagboss123456789
