|j|☆3r34t45
|j|☆Sergiofd
|t:|1760453043
|gametype|singles
|player|p1|3r34t45|169|1401
|player|p2|Sergiofd|102|1414
|gen|9
|tier|[Gen 9] OU
|rated|
|rule|HP Percentage Mod: HP is shown in percentages
|rule|Endless Battle Clause: Forcing endless battles is banned
|rule|Species Clause: Limit one of each Pokémon
|rule|OHKO Clause: OHKO moves are banned
|rule|Evasion Items Clause: Evasion items are banned
|rule|Evasion Moves Clause: Evasion moves are banned
|rule|Evasion Abilities Clause: Evasion abilities are banned
|rule|Sleep Moves Clause: Sleep-inducing moves are banned
|clearpoke
|poke|p1|Metagross|
|poke|p1|Slowking-Galar, F|
|poke|p1|Hydrapple, M|
|poke|p1|Rotom-Frost|
|poke|p1|Great Tusk|
|poke|p1|Dragapult, F|
|poke|p2|Corviknight, M|
|poke|p2|Garchomp, M|
|poke|p2|Dragapult, M|
|poke|p2|Sableye, M|
|poke|p2|Metagross|
|poke|p2|Porygon2|
|teampreview
|inactive|Battle timer is ON: inactive players will automatically lose when time's up. (requested by 3r34t45)
|
|t:|1760453054
|teamsize|p1|6
|teamsize|p2|6
|start
|switch|p1a: Rotom|Rotom-Frost|100/100
|switch|p2a: Sableye|Sableye, M, shiny|100/100
|turn|1
|
|t:|1760453059
|move|p2a: Sableye|Taunt|p1a: Rotom
|-start|p1a: Rotom|move: Taunt
|move|p1a: Rotom|Volt Switch|p2a: Sableye
|-damage|p2a: Sableye|54/100
|
|t:|1760453063
|switch|p1a: Slowking|Slowking-Galar, F|100/100|[from] Volt Switch
|
|upkeep
|turn|2
|
|t:|1760453069
|switch|p1a: Rotom|Rotom-Frost|100/100
|move|p2a: Sableye|Light Screen|p2a: Sableye
|-sidestart|p2: Sergiofd|move: Light Screen
|
|upkeep
|turn|3
|
|t:|1760453073
|move|p2a: Sableye|Reflect|p2a: Sableye
|-sidestart|p2: Sergiofd|Reflect
|move|p1a: Rotom|Volt Switch|p2a: Sableye
|-damage|p2a: Sableye|30/100
|
|t:|1760453081
|switch|p1a: Slowking|Slowking-Galar, F|100/100|[from] Volt Switch
|
|upkeep
|turn|4
|
|t:|1760453084
|move|p2a: Sableye|Taunt|p1a: Slowking
|-start|p1a: Slowking|move: Taunt
|-prepare|p1a: Slowking|Chilly Reception|[premajor]
|cant|p1a: Slowking|move: Taunt|Chilly Reception
|
|upkeep
|turn|5
|
|t:|1760453090
|switch|p2a: Metagross|Metagross, shiny|100/100
|switch|p1a: Rotom|Rotom-Frost|100/100
|
|upkeep
|turn|6
|
|t:|1760453096
|move|p1a: Rotom|Trick|p2a: Metagross
|-activate|p1a: Rotom|move: Trick|[of] p2a: Metagross
|-item|p2a: Metagross|Choice Scarf|[from] move: Trick
|-item|p1a: Rotom|Weakness Policy|[from] move: Trick
|move|p2a: Metagross|Agility|p2a: Metagross
|-boost|p2a: Metagross|spe|2
|
|upkeep
|turn|7
|
|t:|1760453108
|switch|p2a: Porygon2|Porygon2, shiny|100/100
|-ability|p2a: Porygon2|Download|boost
|-boost|p2a: Porygon2|atk|1
|move|p1a: Rotom|Volt Switch|p2a: Porygon2
|-damage|p2a: Porygon2|90/100
|
|t:|1760453113
|switch|p1a: Metagross|Metagross|100/100|[from] Volt Switch
|
|upkeep
|turn|8
|
|t:|1760453123
|switch|p2a: Sableye|Sableye, M, shiny|30/100
|move|p1a: Metagross|Psychic Fangs|p2a: Sableye
|-immune|p2a: Sableye
|
|upkeep
|turn|9
|
|t:|1760453130
|move|p2a: Sableye|Taunt|p1a: Metagross
|-start|p1a: Metagross|move: Taunt
|move|p1a: Metagross|Heavy Slam|p2a: Sableye
|-damage|p2a: Sableye|0 fnt
|faint|p2a: Sableye
|
|-sideend|p2: Sergiofd|move: Light Screen
|upkeep
|
|t:|1760453138
|switch|p2a: Garchomp|Garchomp, M, shiny|100/100
|turn|10
|
|t:|1760453143
|switch|p1a: Rotom|Rotom-Frost|100/100
|move|p2a: Garchomp|Rock Slide|p1a: Rotom
|-supereffective|p1a: Rotom
|-damage|p1a: Rotom|13/100
|-enditem|p1a: Rotom|Weakness Policy
|-boost|p1a: Rotom|atk|2|[from] item: Weakness Policy
|-boost|p1a: Rotom|spa|2|[from] item: Weakness Policy
|-damage|p2a: Garchomp|91/100|[from] item: Life Orb
|
|-sideend|p2: Sergiofd|Reflect
|upkeep
|turn|11
|
|t:|1760453153
|move|p2a: Garchomp|Rock Slide|p1a: Rotom
|-supereffective|p1a: Rotom
|-damage|p1a: Rotom|0 fnt
|faint|p1a: Rotom
|-damage|p2a: Garchomp|81/100|[from] item: Life Orb
|
|upkeep
|
|t:|1760453157
|switch|p1a: Dragapult|Dragapult, F|100/100
|turn|12
|
|t:|1760453161
|switch|p2a: Porygon2|Porygon2, shiny|90/100
|-ability|p2a: Porygon2|Download|boost
|-boost|p2a: Porygon2|atk|1
|move|p1a: Dragapult|Draco Meteor|p2a: Porygon2
|-damage|p2a: Porygon2|39/100
|-unboost|p1a: Dragapult|spa|2
|
|upkeep
|turn|13
|
|t:|1760453169
|switch|p1a: Metagross|Metagross|100/100
|move|p2a: Porygon2|Recover|p2a: Porygon2
|-heal|p2a: Porygon2|89/100
|
|upkeep
|turn|14
|
|t:|1760453176
|switch|p2a: Corviknight|Corviknight, M, shiny|100/100
|move|p1a: Metagross|Stealth Rock|p2a: Corviknight
|-sidestart|p2: Sergiofd|move: Stealth Rock
|
|upkeep
|turn|15
|
|t:|1760453180
|switch|p1a: Dragapult|Dragapult, F|100/100
|move|p2a: Corviknight|Defog|p1a: Dragapult
|-unboost|p1a: Dragapult|evasion|1
|-sideend|p2: Sergiofd|Stealth Rock|[from] move: Defog|[of] p2a: Corviknight
|
|upkeep
|turn|16
|
|t:|1760453187
|switch|p2a: Porygon2|Porygon2, shiny|89/100
|-ability|p2a: Porygon2|Download|boost
|-boost|p2a: Porygon2|atk|1
|move|p1a: Dragapult|Flamethrower|p2a: Porygon2
|-damage|p2a: Porygon2|64/100
|
|upkeep
|turn|17
|
|t:|1760453195
|switch|p1a: Metagross|Metagross|100/100
|move|p2a: Porygon2|Ice Beam|p1a: Metagross
|-resisted|p1a: Metagross
|-damage|p1a: Metagross|85/100
|
|upkeep
|turn|18
|
|t:|1760453201
|move|p1a: Metagross|Stealth Rock|p2a: Porygon2
|-sidestart|p2: Sergiofd|move: Stealth Rock
|move|p2a: Porygon2|Recover|p2a: Porygon2
|-heal|p2a: Porygon2|100/100
|
|upkeep
|turn|19
|
|t:|1760453209
|move|p1a: Metagross|Heavy Slam|p2a: Porygon2
|-damage|p2a: Porygon2|50/100
|move|p2a: Porygon2|Ice Beam|p1a: Metagross
|-resisted|p1a: Metagross
|-damage|p1a: Metagross|69/100
|
|upkeep
|turn|20
|
|t:|1760453222
|switch|p1a: Dragapult|Dragapult, F|100/100
|switch|p2a: Corviknight|Corviknight, M, shiny|100/100
|-damage|p2a: Corviknight|88/100|[from] Stealth Rock
|
|upkeep
|turn|21
|
|t:|1760453229
|move|p1a: Dragapult|Flamethrower|p2a: Corviknight
|-supereffective|p2a: Corviknight
|-damage|p2a: Corviknight|8/100
|move|p2a: Corviknight|Defog|p1a: Dragapult
|-unboost|p1a: Dragapult|evasion|1
|-sideend|p2: Sergiofd|Stealth Rock|[from] move: Defog|[of] p2a: Corviknight
|
|upkeep
|turn|22
|
|t:|1760453236
|move|p1a: Dragapult|Flamethrower|p2a: Corviknight
|-supereffective|p2a: Corviknight
|-damage|p2a: Corviknight|0 fnt
|faint|p2a: Corviknight
|
|upkeep
|
|t:|1760453241
|switch|p2a: Dragapult|Dragapult, M, shiny|100/100
|turn|23
|
|t:|1760453246
|switch|p1a: Slowking|Slowking-Galar, F|100/100
|move|p2a: Dragapult|Shadow Ball|p1a: Slowking
|-supereffective|p1a: Slowking
|-damage|p1a: Slowking|59/100
|-unboost|p1a: Slowking|spd|1
|
|-heal|p1a: Slowking|65/100|[from] item: Leftovers
|upkeep
|turn|24
|
|t:|1760453254
|move|p2a: Dragapult|Shadow Ball|p1a: Slowking
|-supereffective|p1a: Slowking
|-damage|p1a: Slowking|9/100
|-unboost|p1a: Slowking|spd|1
|-prepare|p1a: Slowking|Chilly Reception|[premajor]
|move|p1a: Slowking|Chilly Reception|p1a: Slowking
|-weather|Snowscape
|
|t:|1760453256
|switch|p1a: Hydrapple|Hydrapple, M|100/100|[from] Chilly Reception
|
|-weather|Snowscape|[upkeep]
|upkeep
|turn|25
|
|t:|1760453271
|switch|p2a: Garchomp|Garchomp, M, shiny|81/100
|move|p1a: Hydrapple|Fickle Beam|p2a: Garchomp|[anim] Fickle Beam All Out
|-activate|p1a: Hydrapple|move: Fickle Beam
|-supereffective|p2a: Garchomp
|-damage|p2a: Garchomp|0 fnt
|faint|p2a: Garchomp
|
|-weather|Snowscape|[upkeep]
|upkeep
|
|t:|1760453278
|switch|p2a: Porygon2|Porygon2, shiny|50/100
|-ability|p2a: Porygon2|Download|boost
|-boost|p2a: Porygon2|spa|1
|turn|26
|
|t:|1760453282
|switch|p1a: Metagross|Metagross|69/100
|move|p2a: Porygon2|Recover|p2a: Porygon2
|-heal|p2a: Porygon2|99/100
|
|-weather|Snowscape|[upkeep]
|upkeep
|turn|27
|
|t:|1760453291
|switch|p2a: Metagross|Metagross, shiny|100/100
|move|p1a: Metagross|Stealth Rock|p2a: Metagross
|-sidestart|p2: Sergiofd|move: Stealth Rock
|
|-weather|Snowscape|[upkeep]
|upkeep
|turn|28
|
|t:|1760453298
|switch|p1a: Great Tusk|Great Tusk|100/100
|move|p2a: Metagross|Earthquake|p1a: Great Tusk
|-damage|p1a: Great Tusk|71/100
|
|-weather|none
|-heal|p1a: Great Tusk|77/100|[from] item: Leftovers
|upkeep
|turn|29
|
|t:|1760453308
|move|p2a: Metagross|Earthquake|p1a: Great Tusk
|-damage|p1a: Great Tusk|50/100
|move|p1a: Great Tusk|Earthquake|p2a: Metagross
|-supereffective|p2a: Metagross
|-damage|p2a: Metagross|19/100
|
|-heal|p1a: Great Tusk|56/100|[from] item: Leftovers
|upkeep
|turn|30
|
|t:|1760453315
|move|p2a: Metagross|Earthquake|p1a: Great Tusk
|-damage|p1a: Great Tusk|26/100
|move|p1a: Great Tusk|Rapid Spin|p2a: Metagross
|-resisted|p2a: Metagross
|-damage|p2a: Metagross|11/100
|-boost|p1a: Great Tusk|spe|1
|
|-heal|p1a: Great Tusk|33/100|[from] item: Leftovers
|upkeep
|turn|31
|
|t:|1760453326
|-terastallize|p2a: Metagross|Ground
|move|p1a: Great Tusk|Earthquake|p2a: Metagross
|-damage|p2a: Metagross|0 fnt
|faint|p2a: Metagross
|
|-heal|p1a: Great Tusk|39/100|[from] item: Leftovers
|upkeep
|
|t:|1760453333
|switch|p2a: Porygon2|Porygon2, shiny|99/100
|-damage|p2a: Porygon2|88/100|[from] Stealth Rock
|-ability|p2a: Porygon2|Download|boost
|-boost|p2a: Porygon2|spa|1
|turn|32
|
|t:|1760453339
|move|p1a: Great Tusk|Close Combat|p2a: Porygon2
|-supereffective|p2a: Porygon2
|-damage|p2a: Porygon2|7/100
|-unboost|p1a: Great Tusk|def|1
|-unboost|p1a: Great Tusk|spd|1
|move|p2a: Porygon2|Tri Attack|p1a: Great Tusk
|-damage|p1a: Great Tusk|0 fnt
|faint|p1a: Great Tusk
|-end|p1a: Great Tusk|Protosynthesis|[silent]
|
|upkeep
|
|t:|1760453344
|switch|p1a: Metagross|Metagross|69/100
|turn|33
|
|t:|1760453350
|move|p1a: Metagross|Psychic Fangs|p2a: Porygon2
|-damage|p2a: Porygon2|0 fnt
|faint|p2a: Porygon2
|
|upkeep
|
|t:|1760453354
|switch|p2a: Dragapult|Dragapult, M, shiny|100/100
|-damage|p2a: Dragapult|88/100|[from] Stealth Rock
|turn|34
|
|t:|1760453359
|move|p2a: Dragapult|Shadow Ball|p1a: Metagross
|-supereffective|p1a: Metagross
|-damage|p1a: Metagross|1/100
|move|p1a: Metagross|Heavy Slam|p2a: Dragapult
|-damage|p2a: Dragapult|0 fnt
|faint|p2a: Dragapult
|
|win|3r34t45
|raw|3r34t45's rating: 1401 &rarr; <strong>1422</strong><br />(+21 for winning)
|raw|Sergiofd's rating: 1414 &rarr; <strong>1393</strong><br />(-21 for losing)
|l|☆Sergiofd
|player|p2|
|l|☆3r34t45
|player|p1|
