|j|☆shenlin
|j|☆kevtur6
|t:|1760376279
|gametype|singles
|player|p1|shenlin|cyclist|1356
|player|p2|kevtur6|n|1319
|gen|9
|tier|[Gen 9] OU
|rated|
|rule|HP Percentage Mod: HP is shown in percentages
|rule|Endless Battle Clause: Forcing endless battles is banned
|rule|Species Clause: Limit one of each Pokémon
|rule|OHKO Clause: OHKO moves are banned
|rule|Evasion Items Clause: Evasion items are banned
|rule|Evasion Moves Clause: Evasion moves are banned
|rule|Evasion Abilities Clause: Evasion abilities are banned
|rule|Sleep Moves Clause: Sleep-inducing moves are banned
|clearpoke
|poke|p1|Cinderace, M|
|poke|p1|Kingambit, M|
|poke|p1|Iron Valiant|
|poke|p1|Slowking-Galar, M|
|poke|p1|Kyurem|
|poke|p1|Iron Crown|
|poke|p2|Froslass, F|
|poke|p2|Iron Valiant|
|poke|p2|Kingambit, M|
|poke|p2|Great Tusk|
|poke|p2|Heatran, M|
|poke|p2|Dragapult, F|
|teampreview
|inactive|Battle timer is ON: inactive players will automatically lose when time's up. (requested by kevtur6)
|
|t:|1760376293
|teamsize|p1|6
|teamsize|p2|6
|start
|switch|p1a: Cinderace|Cinderace, M, shiny|100/100
|switch|p2a: Froslass|Froslass, F, shiny|100/100
|turn|1
|
|t:|1760376301
|move|p2a: Froslass|Destiny Bond|p2a: Froslass
|-singlemove|p2a: Froslass|Destiny Bond
|move|p1a: Cinderace|U-turn|p2a: Froslass
|-resisted|p2a: Froslass
|-damage|p2a: Froslass|88/100
|
|t:|1760376310
|switch|p1a: Kingambit|Kingambit, M, shiny|100/100|[from] U-turn
|
|upkeep
|turn|2
|
|t:|1760376321
|move|p2a: Froslass|Spikes|p1a: Kingambit
|-sidestart|p1: shenlin|Spikes
|move|p1a: Kingambit|Kowtow Cleave|p2a: Froslass
|-supereffective|p2a: Froslass
|-crit|p2a: Froslass
|-damage|p2a: Froslass|0 fnt
|faint|p2a: Froslass
|
|upkeep
|
|t:|1760376331
|switch|p2a: Great Tusk|Great Tusk|100/100
|turn|3
|
|t:|1760376339
|-end|p1a: Kingambit|fallenundefined|[silent]
|switch|p1a: Slowking|Slowking-Galar, M, shiny|100/100
|move|p2a: Great Tusk|Stealth Rock|p1a: Slowking
|-sidestart|p1: shenlin|move: Stealth Rock
|
|upkeep
|turn|4
|
|t:|1760376345
|move|p2a: Great Tusk|Earthquake|p1a: Slowking
|-supereffective|p1a: Slowking
|-damage|p1a: Slowking|10/100
|move|p1a: Slowking|Psychic Noise|p2a: Great Tusk
|-supereffective|p2a: Great Tusk
|-damage|p2a: Great Tusk|26/100
|-start|p2a: Great Tusk|move: Heal Block
|
|upkeep
|turn|5
|
|t:|1760376353
|move|p2a: Great Tusk|Earthquake|p1a: Slowking
|-supereffective|p1a: Slowking
|-damage|p1a: Slowking|0 fnt
|faint|p1a: Slowking
|
|-end|p2a: Great Tusk|move: Heal Block
|upkeep
|
|t:|1760376356
|switch|p1a: Cinderace|Cinderace, M, shiny|100/100
|turn|6
|
|t:|1760376366
|-end|p2a: Great Tusk|Protosynthesis|[silent]
|switch|p2a: Dragapult|Dragapult, F|100/100
|move|p1a: Cinderace|Will-O-Wisp|p2a: Dragapult
|-status|p2a: Dragapult|brn
|
|-damage|p2a: Dragapult|95/100 brn|[from] brn
|upkeep
|turn|7
|
|t:|1760376373
|move|p2a: Dragapult|Dragon Darts|p1a: Cinderace
|-damage|p1a: Cinderace|79/100
|-anim|p2a: Dragapult|Dragon Darts|p1a: Cinderace
|-damage|p1a: Cinderace|57/100
|move|p1a: Cinderace|Court Change|p1a: Cinderace
|-swapsideconditions
|-activate|p1a: Cinderace|move: Court Change
|
|-damage|p2a: Dragapult|89/100 brn|[from] brn
|upkeep
|turn|8
|inactive|kevtur6 has 120 seconds left.
|
|t:|1760376432
|move|p2a: Dragapult|Dragon Darts|p1a: Cinderace
|-damage|p1a: Cinderace|37/100
|-anim|p2a: Dragapult|Dragon Darts|p1a: Cinderace
|-damage|p1a: Cinderace|14/100
|move|p1a: Cinderace|U-turn|p2a: Dragapult
|-resisted|p2a: Dragapult
|-damage|p2a: Dragapult|77/100 brn
|
|t:|1760376443
|switch|p1a: Iron Crown|Iron Crown|100/100|[from] U-turn
|-enditem|p1a: Iron Crown|Booster Energy
|-activate|p1a: Iron Crown|ability: Quark Drive|[fromitem]
|-start|p1a: Iron Crown|quarkdrivespa
|
|-damage|p2a: Dragapult|71/100 brn|[from] brn
|upkeep
|turn|9
|
|t:|1760376454
|switch|p2a: Great Tusk|Great Tusk|26/100
|-damage|p2a: Great Tusk|13/100|[from] Spikes
|-damage|p2a: Great Tusk|10/100|[from] Stealth Rock
|move|p1a: Iron Crown|Agility|p1a: Iron Crown
|-boost|p1a: Iron Crown|spe|2
|
|-heal|p2a: Great Tusk|17/100|[from] item: Leftovers
|upkeep
|turn|10
|
|t:|1760376465
|move|p1a: Iron Crown|Stored Power|p2a: Great Tusk
|-supereffective|p2a: Great Tusk
|-damage|p2a: Great Tusk|0 fnt
|faint|p2a: Great Tusk
|-end|p2a: Great Tusk|Protosynthesis|[silent]
|
|upkeep
|
|t:|1760376471
|switch|p2a: Heatran|Heatran, M|100/100
|-damage|p2a: Heatran|88/100|[from] Spikes
|-damage|p2a: Heatran|76/100|[from] Stealth Rock
|turn|11
|
|t:|1760376479
|-terastallize|p1a: Iron Crown|Fighting
|-terastallize|p2a: Heatran|Grass
|move|p1a: Iron Crown|Tera Blast|p2a: Heatran|[anim] Tera Blast Fighting
|-damage|p2a: Heatran|39/100
|move|p2a: Heatran|Magma Storm|p1a: Iron Crown
|-crit|p1a: Iron Crown
|-damage|p1a: Iron Crown|30/100
|-activate|p1a: Iron Crown|move: Magma Storm|[of] p2a: Heatran
|
|-heal|p2a: Heatran|45/100|[from] item: Leftovers
|-damage|p1a: Iron Crown|18/100|[from] move: Magma Storm|[partiallytrapped]
|upkeep
|turn|12
|
|t:|1760376501
|move|p1a: Iron Crown|Tera Blast|p2a: Heatran|[anim] Tera Blast Fighting
|-damage|p2a: Heatran|11/100
|move|p2a: Heatran|Earth Power|p1a: Iron Crown
|-damage|p1a: Iron Crown|0 fnt
|faint|p1a: Iron Crown
|-end|p1a: Iron Crown|Quark Drive|[silent]
|
|-heal|p2a: Heatran|17/100|[from] item: Leftovers
|upkeep
|
|t:|1760376508
|switch|p1a: Cinderace|Cinderace, M, shiny|14/100
|turn|13
|
|t:|1760376513
|move|p1a: Cinderace|U-turn|p2a: Heatran
|-supereffective|p2a: Heatran
|-damage|p2a: Heatran|0 fnt
|faint|p2a: Heatran
|
|t:|1760376522
|switch|p1a: Kyurem|Kyurem, shiny|100/100|[from] U-turn
|-ability|p1a: Kyurem|Pressure
|
|upkeep
|
|t:|1760376529
|switch|p2a: Iron Valiant|Iron Valiant|100/100
|-damage|p2a: Iron Valiant|88/100|[from] Spikes
|-damage|p2a: Iron Valiant|82/100|[from] Stealth Rock
|-enditem|p2a: Iron Valiant|Booster Energy
|-activate|p2a: Iron Valiant|ability: Quark Drive|[fromitem]
|-start|p2a: Iron Valiant|quarkdrivespe
|turn|14
|inactive|kevtur6 has 120 seconds left.
|
|t:|1760376541
|move|p1a: Kyurem|Protect|p1a: Kyurem
|-singleturn|p1a: Kyurem|Protect
|move|p2a: Iron Valiant|Aura Sphere|p1a: Kyurem
|-activate|p1a: Kyurem|move: Protect
|
|upkeep
|turn|15
|
|t:|1760376552
|move|p2a: Iron Valiant|Moonblast|p1a: Kyurem
|-supereffective|p1a: Kyurem
|-damage|p1a: Kyurem|16/100
|-unboost|p1a: Kyurem|spa|1
|move|p1a: Kyurem|Freeze-Dry|p2a: Iron Valiant
|-damage|p2a: Iron Valiant|37/100
|
|-heal|p1a: Kyurem|22/100|[from] item: Leftovers
|upkeep
|turn|16
|
|t:|1760376561
|move|p2a: Iron Valiant|Aura Sphere|p1a: Kyurem
|-supereffective|p1a: Kyurem
|-crit|p1a: Kyurem
|-damage|p1a: Kyurem|0 fnt
|faint|p1a: Kyurem
|
|upkeep
|
|t:|1760376568
|switch|p1a: Iron Valiant|Iron Valiant, shiny|100/100
|-enditem|p1a: Iron Valiant|Booster Energy
|-activate|p1a: Iron Valiant|ability: Quark Drive|[fromitem]
|-start|p1a: Iron Valiant|quarkdrivespe
|turn|17
|
|t:|1760376573
|move|p2a: Iron Valiant|Moonblast|p1a: Iron Valiant
|-supereffective|p1a: Iron Valiant
|-damage|p1a: Iron Valiant|0 fnt
|faint|p1a: Iron Valiant
|-end|p1a: Iron Valiant|Quark Drive|[silent]
|
|upkeep
|
|t:|1760376578
|switch|p1a: Kingambit|Kingambit, M, shiny|100/100
|-activate|p1a: Kingambit|ability: Supreme Overlord
|-start|p1a: Kingambit|fallen4|[silent]
|turn|18
|
|t:|1760376587
|move|p1a: Kingambit|Sucker Punch|p2a: Iron Valiant
|-resisted|p2a: Iron Valiant
|-damage|p2a: Iron Valiant|18/100
|move|p2a: Iron Valiant|Aura Sphere|p1a: Kingambit
|-supereffective|p1a: Kingambit
|-damage|p1a: Kingambit|0 fnt
|faint|p1a: Kingambit
|-end|p1a: Kingambit|fallen4|[silent]
|
|upkeep
|-message|shenlin forfeited.
|
|win|kevtur6
|raw|shenlin's rating: 1356 &rarr; <strong>1334</strong><br />(-22 for losing)
|raw|kevtur6's rating: 1319 &rarr; <strong>1341</strong><br />(+22 for winning)
|l|☆shenlin
|player|p1|
|l|☆kevtur6
|player|p2|
