|j|☆UchihaSusgay
|j|‽jhghjkhipkjnlp
|t:|1760338538
|gametype|singles
|player|p1|UchihaSusgay|101|1430
|player|p2|jhghjkhipkjnlp|102|1383
|gen|9
|tier|[Gen 9] OU
|rated|
|rule|HP Percentage Mod: HP is shown in percentages
|rule|Endless Battle Clause: Forcing endless battles is banned
|rule|Species Clause: Limit one of each Pokémon
|rule|OHKO Clause: OHKO moves are banned
|rule|Evasion Items Clause: Evasion items are banned
|rule|Evasion Moves Clause: Evasion moves are banned
|rule|Evasion Abilities Clause: Evasion abilities are banned
|rule|Sleep Moves Clause: Sleep-inducing moves are banned
|clearpoke
|poke|p1|Rotom-Wash|
|poke|p1|Entei|
|poke|p1|Alomomola, M|
|poke|p1|Darkrai|
|poke|p1|Iron Treads|
|poke|p1|Dragonite, F|
|poke|p2|Ninetales, M|
|poke|p2|Hatterene, F|
|poke|p2|Walking Wake|
|poke|p2|Lilligant-Hisui, F|
|poke|p2|Ting-Lu|
|poke|p2|Primarina, F|
|teampreview
|
|t:|1760338572
|teamsize|p1|6
|teamsize|p2|6
|start
|switch|p1a: Rotom|Rotom-Wash|100/100
|switch|p2a: Ninetales|Ninetales, M|100/100
|-weather|SunnyDay|[from] ability: Drought|[of] p2a: Ninetales
|turn|1
|
|t:|1760338583
|move|p2a: Ninetales|Will-O-Wisp|p1a: Rotom
|-status|p1a: Rotom|brn
|move|p1a: Rotom|Discharge|p2a: Ninetales
|-damage|p2a: Ninetales|68/100
|
|-weather|SunnyDay|[upkeep]
|-damage|p1a: Rotom|94/100 brn|[from] brn
|upkeep
|turn|2
|
|t:|1760338593
|switch|p2a: Ting-Lu|Ting-Lu|100/100
|-ability|p2a: Ting-Lu|Vessel of Ruin
|move|p1a: Rotom|Volt Switch|p2a: Ting-Lu
|-immune|p2a: Ting-Lu
|
|-weather|SunnyDay|[upkeep]
|-damage|p1a: Rotom|88/100 brn|[from] brn
|upkeep
|turn|3
|
|t:|1760338602
|move|p1a: Rotom|Will-O-Wisp|p2a: Ting-Lu
|-status|p2a: Ting-Lu|brn
|move|p2a: Ting-Lu|Stealth Rock|p1a: Rotom
|-sidestart|p1: UchihaSusgay|move: Stealth Rock
|
|-weather|SunnyDay|[upkeep]
|-damage|p1a: Rotom|82/100 brn|[from] brn
|-damage|p2a: Ting-Lu|94/100 brn|[from] brn
|upkeep
|turn|4
|
|t:|1760338610
|switch|p1a: Iron Treads|Iron Treads|100/100
|-damage|p1a: Iron Treads|98/100|[from] Stealth Rock
|-item|p1a: Iron Treads|Air Balloon
|move|p2a: Ting-Lu|Spikes|p1a: Iron Treads
|-sidestart|p1: UchihaSusgay|Spikes
|
|-weather|SunnyDay|[upkeep]
|-damage|p2a: Ting-Lu|88/100 brn|[from] brn
|upkeep
|turn|5
|
|t:|1760338624
|switch|p2a: Lilligant|Lilligant-Hisui, F|100/100
|move|p1a: Iron Treads|Rapid Spin|p2a: Lilligant
|-damage|p2a: Lilligant|77/100
|-boost|p1a: Iron Treads|spe|1
|-sideend|p1: UchihaSusgay|Spikes|[from] move: Rapid Spin|[of] p1a: Iron Treads
|-sideend|p1: UchihaSusgay|Stealth Rock|[from] move: Rapid Spin|[of] p1a: Iron Treads
|
|-weather|SunnyDay|[upkeep]
|upkeep
|turn|6
|
|t:|1760338639
|-end|p1a: Iron Treads|Quark Drive|[silent]
|switch|p1a: Rotom|Rotom-Wash|82/100 brn
|move|p2a: Lilligant|Close Combat|p1a: Rotom
|-damage|p1a: Rotom|11/100 brn
|-unboost|p2a: Lilligant|def|1
|-unboost|p2a: Lilligant|spd|1
|-damage|p2a: Lilligant|61/100|[from] item: Rocky Helmet|[of] p1a: Rotom
|-damage|p2a: Lilligant|51/100|[from] item: Life Orb
|
|-weather|SunnyDay|[upkeep]
|-damage|p1a: Rotom|5/100 brn|[from] brn
|upkeep
|turn|7
|
|t:|1760338651
|move|p2a: Lilligant|Solar Blade||[still]
|-prepare|p2a: Lilligant|Solar Blade
|-anim|p2a: Lilligant|Solar Blade|p1a: Rotom
|-supereffective|p1a: Rotom
|-damage|p1a: Rotom|0 fnt
|-damage|p2a: Lilligant|35/100|[from] item: Rocky Helmet|[of] p1a: Rotom
|faint|p1a: Rotom
|-damage|p2a: Lilligant|25/100|[from] item: Life Orb
|
|-weather|SunnyDay|[upkeep]
|upkeep
|
|t:|1760338656
|switch|p1a: Dragonite|Dragonite, F|100/100
|turn|8
|
|t:|1760338663
|switch|p2a: Hatterene|Hatterene, F|100/100
|-item|p2a: Hatterene|Air Balloon
|move|p1a: Dragonite|Extreme Speed|p2a: Hatterene
|-damage|p2a: Hatterene|74/100
|-enditem|p2a: Hatterene|Air Balloon
|
|-weather|none
|upkeep
|turn|9
|
|t:|1760338676
|switch|p1a: Entei|Entei|100/100
|-ability|p1a: Entei|Pressure
|move|p2a: Hatterene|Nuzzle|p1a: Entei
|-damage|p1a: Entei|98/100
|-status|p1a: Entei|par
|
|upkeep
|turn|10
|
|t:|1760338692
|switch|p2a: Ting-Lu|Ting-Lu|88/100 brn
|-ability|p2a: Ting-Lu|Vessel of Ruin
|move|p1a: Entei|Sacred Fire|p2a: Ting-Lu
|-damage|p2a: Ting-Lu|66/100 brn
|-enditem|p2a: Ting-Lu|Eject Button
|
|t:|1760338700
|switch|p2a: Walking Wake|Walking Wake|100/100
|
|upkeep
|turn|11
|
|t:|1760338709
|move|p2a: Walking Wake|Flip Turn|p1a: Entei
|-supereffective|p1a: Entei
|-damage|p1a: Entei|77/100 par
|
|t:|1760338713
|-end|p2a: Walking Wake|Protosynthesis|[silent]
|switch|p2a: Ting-Lu|Ting-Lu|66/100 brn|[from] Flip Turn
|-ability|p2a: Ting-Lu|Vessel of Ruin
|move|p1a: Entei|Roar|p2a: Ting-Lu
|drag|p2a: Primarina|Primarina, F|100/100
|
|upkeep
|turn|12
|
|t:|1760338736
|move|p2a: Primarina|Substitute|p2a: Primarina
|-start|p2a: Primarina|Substitute
|-damage|p2a: Primarina|76/100
|move|p1a: Entei|Roar|p2a: Primarina
|drag|p2a: Ting-Lu|Ting-Lu|66/100 brn
|-ability|p2a: Ting-Lu|Vessel of Ruin
|
|-damage|p2a: Ting-Lu|59/100 brn|[from] brn
|upkeep
|turn|13
|
|t:|1760338746
|move|p2a: Ting-Lu|Stealth Rock|p1a: Entei
|-sidestart|p1: UchihaSusgay|move: Stealth Rock
|cant|p1a: Entei|par
|
|-damage|p2a: Ting-Lu|53/100 brn|[from] brn
|upkeep
|turn|14
|
|t:|1760338756
|switch|p1a: Iron Treads|Iron Treads|98/100
|-damage|p1a: Iron Treads|95/100|[from] Stealth Rock
|-item|p1a: Iron Treads|Air Balloon
|move|p2a: Ting-Lu|Spikes|p1a: Iron Treads
|-sidestart|p1: UchihaSusgay|Spikes
|
|-damage|p2a: Ting-Lu|47/100 brn|[from] brn
|upkeep
|turn|15
|
|t:|1760338768
|switch|p2a: Walking Wake|Walking Wake|100/100
|move|p1a: Iron Treads|Rapid Spin|p2a: Walking Wake
|-damage|p2a: Walking Wake|84/100
|-boost|p1a: Iron Treads|spe|1
|-sideend|p1: UchihaSusgay|Spikes|[from] move: Rapid Spin|[of] p1a: Iron Treads
|-sideend|p1: UchihaSusgay|Stealth Rock|[from] move: Rapid Spin|[of] p1a: Iron Treads
|
|upkeep
|turn|16
|
|t:|1760338785
|move|p1a: Iron Treads|Knock Off|p2a: Walking Wake
|-damage|p2a: Walking Wake|55/100
|-enditem|p2a: Walking Wake|Wise Glasses|[from] move: Knock Off|[of] p1a: Iron Treads
|move|p2a: Walking Wake|Draco Meteor|p1a: Iron Treads|[miss]
|-miss|p2a: Walking Wake|p1a: Iron Treads
|
|upkeep
|turn|17
|
|t:|1760338818
|-end|p2a: Walking Wake|Protosynthesis|[silent]
|switch|p2a: Ting-Lu|Ting-Lu|47/100 brn
|-ability|p2a: Ting-Lu|Vessel of Ruin
|move|p1a: Iron Treads|Earthquake|p2a: Ting-Lu
|-damage|p2a: Ting-Lu|25/100 brn
|
|-damage|p2a: Ting-Lu|18/100 brn|[from] brn
|upkeep
|turn|18
|
|t:|1760338831
|switch|p2a: Ninetales|Ninetales, M|68/100
|-weather|SunnyDay|[from] ability: Drought|[of] p2a: Ninetales
|move|p1a: Iron Treads|Ice Spinner|p2a: Ninetales
|-resisted|p2a: Ninetales
|-damage|p2a: Ninetales|53/100
|
|-weather|SunnyDay|[upkeep]
|upkeep
|turn|19
|
|t:|1760338841
|switch|p2a: Ting-Lu|Ting-Lu|18/100 brn
|-ability|p2a: Ting-Lu|Vessel of Ruin
|move|p1a: Iron Treads|Earthquake|p2a: Ting-Lu
|-damage|p2a: Ting-Lu|0 fnt
|faint|p2a: Ting-Lu
|
|-weather|SunnyDay|[upkeep]
|upkeep
|
|t:|1760338850
|switch|p2a: Lilligant|Lilligant-Hisui, F|25/100
|turn|20
|
|t:|1760338855
|-terastallize|p1a: Iron Treads|Flying
|move|p2a: Lilligant|Close Combat|p1a: Iron Treads
|-resisted|p1a: Iron Treads
|-damage|p1a: Iron Treads|59/100
|-unboost|p2a: Lilligant|def|1
|-unboost|p2a: Lilligant|spd|1
|-enditem|p1a: Iron Treads|Air Balloon
|-damage|p2a: Lilligant|15/100|[from] item: Life Orb
|move|p1a: Iron Treads|Ice Spinner|p2a: Lilligant
|-supereffective|p2a: Lilligant
|-damage|p2a: Lilligant|0 fnt
|faint|p2a: Lilligant
|
|-weather|SunnyDay|[upkeep]
|upkeep
|
|t:|1760338873
|switch|p2a: Walking Wake|Walking Wake|55/100
|-activate|p2a: Walking Wake|ability: Protosynthesis
|-start|p2a: Walking Wake|protosynthesisspe
|turn|21
|
|t:|1760338882
|move|p2a: Walking Wake|Hydro Steam|p1a: Iron Treads
|-damage|p1a: Iron Treads|0 fnt
|faint|p1a: Iron Treads
|-end|p1a: Iron Treads|Quark Drive|[silent]
|
|-weather|SunnyDay|[upkeep]
|upkeep
|
|t:|1760338892
|switch|p1a: Dragonite|Dragonite, F|100/100
|turn|22
|
|t:|1760338897
|-terastallize|p2a: Walking Wake|Dragon
|move|p2a: Walking Wake|Draco Meteor|p1a: Dragonite
|-supereffective|p1a: Dragonite
|-damage|p1a: Dragonite|3/100
|-unboost|p2a: Walking Wake|spa|2
|move|p1a: Dragonite|Scale Shot|p2a: Walking Wake
|-supereffective|p2a: Walking Wake
|-damage|p2a: Walking Wake|19/100
|-supereffective|p2a: Walking Wake
|-damage|p2a: Walking Wake|0 fnt
|faint|p2a: Walking Wake
|-end|p2a: Walking Wake|Protosynthesis|[silent]
|-hitcount|p2: Walking Wake|2
|-unboost|p1a: Dragonite|def|1
|-boost|p1a: Dragonite|spe|1
|
|-weather|SunnyDay|[upkeep]
|upkeep
|
|t:|1760338924
|switch|p2a: Primarina|Primarina, F|76/100
|turn|23
|
|t:|1760338933
|move|p1a: Dragonite|Extreme Speed|p2a: Primarina
|-damage|p2a: Primarina|38/100
|move|p2a: Primarina|Moonblast|p1a: Dragonite
|-supereffective|p1a: Dragonite
|-damage|p1a: Dragonite|0 fnt
|faint|p1a: Dragonite
|
|-weather|SunnyDay|[upkeep]
|-heal|p2a: Primarina|44/100|[from] item: Leftovers
|upkeep
|
|t:|1760338942
|switch|p1a: Darkrai|Darkrai|100/100
|turn|24
|
|t:|1760338950
|move|p1a: Darkrai|Sludge Bomb|p2a: Primarina
|-supereffective|p2a: Primarina
|-damage|p2a: Primarina|0 fnt
|faint|p2a: Primarina
|
|-weather|SunnyDay|[upkeep]
|upkeep
|
|t:|1760338956
|switch|p2a: Ninetales|Ninetales, M|53/100
|turn|25
|
|t:|1760338977
|move|p1a: Darkrai|Dark Pulse|p2a: Ninetales
|-damage|p2a: Ninetales|8/100
|move|p2a: Ninetales|Will-O-Wisp|p1a: Darkrai|[miss]
|-miss|p2a: Ninetales|p1a: Darkrai
|
|-weather|none
|upkeep
|turn|26
|
|t:|1760338986
|move|p1a: Darkrai|Sludge Bomb|p2a: Ninetales
|-damage|p2a: Ninetales|0 fnt
|faint|p2a: Ninetales
|
|upkeep
|
|t:|1760338990
|switch|p2a: Hatterene|Hatterene, F|74/100
|turn|27
|
|t:|1760338997
|move|p1a: Darkrai|Sludge Bomb|p2a: Hatterene
|-supereffective|p2a: Hatterene
|-damage|p2a: Hatterene|3/100
|move|p2a: Hatterene|Nuzzle|p1a: Darkrai
|-damage|p1a: Darkrai|95/100
|-status|p1a: Darkrai|par
|
|upkeep
|turn|28
|
|t:|1760339006
|switch|p1a: Entei|Entei|77/100 par
|-ability|p1a: Entei|Pressure
|move|p2a: Hatterene|Draining Kiss|p1a: Entei
|-resisted|p1a: Entei
|-damage|p1a: Entei|65/100 par
|-heal|p2a: Hatterene|14/100|[from] drain|[of] p1a: Entei
|
|upkeep
|turn|29
|
|t:|1760339017
|move|p1a: Entei|Sacred Fire|p2a: Hatterene
|-damage|p2a: Hatterene|0 fnt
|faint|p2a: Hatterene
|
|win|UchihaSusgay
|raw|UchihaSusgay's rating: 1430 &rarr; <strong>1447</strong><br />(+17 for winning)
|raw|jhghjkhipkjnlp's rating: 1383 &rarr; <strong>1366</strong><br />(-17 for losing)
|l|‽jhghjkhipkjnlp
|player|p2|
|l|☆UchihaSusgay
|player|p1|
