|badge|p1|bronze|gen9ou|100-7
|uhtml|medal-msg|<div class="broadcast-blue">Curious what those medals under the avatar are? PS now has Ladder Seasons! For more information, check out the <a href="https://www.smogon.com/forums/threads/3740067/">thread on Smogon.</a></div>
|j|☆sommeliersam
|j|☆omari p
|t:|1760408944
|gametype|singles
|player|p1|sommeliersam|2|1845
|player|p2|omari p|pokemonrangerf|1800
|gen|9
|tier|[Gen 9] OU
|rated|
|rule|HP Percentage Mod: HP is shown in percentages
|rule|Endless Battle Clause: Forcing endless battles is banned
|rule|Species Clause: Limit one of each Pokémon
|rule|OHKO Clause: OHKO moves are banned
|rule|Evasion Items Clause: Evasion items are banned
|rule|Evasion Moves Clause: Evasion moves are banned
|rule|Evasion Abilities Clause: Evasion abilities are banned
|rule|Sleep Moves Clause: Sleep-inducing moves are banned
|clearpoke
|poke|p1|Gholdengo|
|poke|p1|Zamazenta-*|
|poke|p1|Ting-Lu|
|poke|p1|Dragapult, F|
|poke|p1|Cinderace, F|
|poke|p1|Dragonite, M|
|poke|p2|Cinderace, F|
|poke|p2|Volcanion|
|poke|p2|Torkoal, M|
|poke|p2|Mandibuzz, F|
|poke|p2|Great Tusk|
|poke|p2|Fezandipiti, M|
|teampreview
|
|t:|1760408961
|teamsize|p1|6
|teamsize|p2|6
|start
|switch|p1a: Dragapult|Dragapult, F|100/100
|switch|p2a: Fezandipiti|Fezandipiti, M|100/100
|turn|1
|
|t:|1760408964
|move|p1a: Dragapult|U-turn|p2a: Fezandipiti
|-resisted|p2a: Fezandipiti
|-damage|p2a: Fezandipiti|96/100
|
|t:|1760408966
|switch|p1a: Cinderace|Cinderace, F|100/100|[from] U-turn
|move|p2a: Fezandipiti|Moonblast|p1a: Cinderace
|-resisted|p1a: Cinderace
|-crit|p1a: Cinderace
|-damage|p1a: Cinderace|65/100
|
|-heal|p2a: Fezandipiti|100/100|[from] item: Leftovers
|upkeep
|turn|2
|j| AozkE
|
|t:|1760409018
|move|p1a: Cinderace|Pyro Ball|p2a: Fezandipiti
|-damage|p2a: Fezandipiti|52/100
|move|p2a: Fezandipiti|Sludge Bomb|p1a: Cinderace
|-damage|p1a: Cinderace|25/100
|
|-heal|p2a: Fezandipiti|58/100|[from] item: Leftovers
|upkeep
|turn|3
|
|t:|1760409024
|switch|p2a: Volcanion|Volcanion|100/100
|move|p1a: Cinderace|Pyro Ball|p2a: Volcanion
|-resisted|p2a: Volcanion
|-damage|p2a: Volcanion|83/100
|
|upkeep
|turn|4
|inactive|Battle timer is ON: inactive players will automatically lose when time's up. (requested by omari p)
|
|t:|1760409030
|move|p1a: Cinderace|U-turn|p2a: Volcanion
|-resisted|p2a: Volcanion
|-damage|p2a: Volcanion|76/100
|
|t:|1760409052
|switch|p1a: Dragapult|Dragapult, F|100/100|[from] U-turn
|move|p2a: Volcanion|Steam Eruption|p1a: Dragapult
|-resisted|p1a: Dragapult
|-damage|p1a: Dragapult|35/100
|
|upkeep
|turn|5
|
|t:|1760409064
|switch|p2a: Torkoal|Torkoal, M, shiny|100/100
|-weather|SunnyDay|[from] ability: Drought|[of] p2a: Torkoal
|move|p1a: Dragapult|Draco Meteor|p2a: Torkoal
|-damage|p2a: Torkoal|0 fnt
|-unboost|p1a: Dragapult|spa|2
|faint|p2a: Torkoal
|
|-weather|SunnyDay|[upkeep]
|upkeep
|
|t:|1760409067
|switch|p2a: Cinderace|Cinderace, F|100/100
|turn|6
|
|t:|1760409071
|switch|p1a: Cinderace|Cinderace, F|25/100
|move|p2a: Cinderace|Pyro Ball|p1a: Cinderace
|-resisted|p1a: Cinderace
|-damage|p1a: Cinderace|0 fnt
|faint|p1a: Cinderace
|
|-weather|SunnyDay|[upkeep]
|upkeep
|j| dilf huntr
|
|t:|1760409088
|switch|p1a: Ting-Lu|Ting-Lu|100/100
|-ability|p1a: Ting-Lu|Vessel of Ruin
|turn|7
|
|t:|1760409092
|move|p2a: Cinderace|High Jump Kick|p1a: Ting-Lu
|-start|p2a: Cinderace|typechange|Fighting|[from] ability: Libero
|-supereffective|p1a: Ting-Lu
|-damage|p1a: Ting-Lu|28/100
|move|p1a: Ting-Lu|Earthquake|p2a: Cinderace
|-damage|p2a: Cinderace|48/100
|
|-weather|SunnyDay|[upkeep]
|-heal|p1a: Ting-Lu|34/100|[from] item: Leftovers
|upkeep
|turn|8
|
|t:|1760409104
|move|p2a: Cinderace|Pyro Ball|p1a: Ting-Lu
|-damage|p1a: Ting-Lu|0 fnt
|faint|p1a: Ting-Lu
|
|-weather|SunnyDay|[upkeep]
|upkeep
|
|t:|1760409111
|switch|p1a: Dragonite|Dragonite, M|100/100
|turn|9
|inactive|omari p has 120 seconds left.
|j| cityfolk
|inactive|omari p has 90 seconds left.
|inactive|omari p has 60 seconds left.
|
|t:|1760409206
|switch|p2a: Mandibuzz|Mandibuzz, F, shiny|100/100
|move|p1a: Dragonite|Dragon Dance|p1a: Dragonite
|-boost|p1a: Dragonite|atk|1
|-boost|p1a: Dragonite|spe|1
|
|-weather|SunnyDay|[upkeep]
|upkeep
|turn|10
|inactive|omari p has 60 seconds left.
|
|t:|1760409231
|switch|p1a: Gholdengo|Gholdengo|100/100
|move|p2a: Mandibuzz|Foul Play|p1a: Gholdengo
|-supereffective|p1a: Gholdengo
|-damage|p1a: Gholdengo|64/100
|
|-weather|SunnyDay|[upkeep]
|upkeep
|turn|11
|
|t:|1760409235
|move|p1a: Gholdengo|Make It Rain|p2a: Mandibuzz
|-damage|p2a: Mandibuzz|31/100
|-unboost|p1a: Gholdengo|spa|1
|move|p2a: Mandibuzz|Foul Play|p1a: Gholdengo
|-supereffective|p1a: Gholdengo
|-damage|p1a: Gholdengo|30/100
|
|-weather|SunnyDay|[upkeep]
|upkeep
|turn|12
|
|t:|1760409240
|switch|p2a: Volcanion|Volcanion|76/100
|move|p1a: Gholdengo|Make It Rain|p2a: Volcanion
|-resisted|p2a: Volcanion
|-damage|p2a: Volcanion|60/100
|-unboost|p1a: Gholdengo|spa|1
|
|-weather|none
|upkeep
|turn|13
|
|t:|1760409254
|move|p1a: Gholdengo|Thunderbolt|p2a: Volcanion
|-supereffective|p2a: Volcanion
|-damage|p2a: Volcanion|20/100
|move|p2a: Volcanion|Steam Eruption|p1a: Gholdengo
|-damage|p1a: Gholdengo|0 fnt
|faint|p1a: Gholdengo
|
|upkeep
|c|☆omari p|gg
|
|t:|1760409262
|switch|p1a: Dragapult|Dragapult, F|35/100
|turn|14
|c|☆omari p|but i gotta gp
|-message|omari p forfeited.
|
|win|sommeliersam
|raw|sommeliersam's rating: 1845 &rarr; <strong>1862</strong><br />(+17 for winning)
|raw|omari p's rating: 1800 &rarr; <strong>1783</strong><br />(-17 for losing)
|l|☆omari p
|player|p2|
|l| cityfolk
|l|☆sommeliersam
|player|p1|
|l| AozkE
|l| dilf huntr
