|j|☆p0lntless
|j|☆gigapoophater
|t:|1760333980
|gametype|singles
|player|p1|p0lntless|1|1208
|player|p2|gigapoophater|swimmer|1181
|gen|9
|tier|[Gen 9] OU
|rated|
|rule|HP Percentage Mod: HP is shown in percentages
|rule|Endless Battle Clause: Forcing endless battles is banned
|rule|Species Clause: Limit one of each Pokémon
|rule|OHKO Clause: OHKO moves are banned
|rule|Evasion Items Clause: Evasion items are banned
|rule|Evasion Moves Clause: Evasion moves are banned
|rule|Evasion Abilities Clause: Evasion abilities are banned
|rule|Sleep Moves Clause: Sleep-inducing moves are banned
|clearpoke
|poke|p1|Slowking-Galar, M|
|poke|p1|Slowbro, M|
|poke|p1|Dondozo, F|
|poke|p1|Clodsire, F|
|poke|p1|Great Tusk|
|poke|p1|Heatran, F|
|poke|p2|Brambleghast, F|
|poke|p2|Iron Treads|
|poke|p2|Hatterene, F|
|poke|p2|Yanmega, F|
|poke|p2|Weavile, F|
|poke|p2|Chandelure, F|
|teampreview
|inactive|Battle timer is ON: inactive players will automatically lose when time's up. (requested by p0lntless)
|
|t:|1760334002
|teamsize|p1|6
|teamsize|p2|6
|start
|switch|p1a: Heatran|Heatran, F|100/100
|switch|p2a: Hatterene|Hatterene, F|100/100
|turn|1
|
|t:|1760334017
|-terastallize|p2a: Hatterene|Water
|move|p1a: Heatran|Magma Storm|p2a: Hatterene
|-resisted|p2a: Hatterene
|-damage|p2a: Hatterene|72/100
|-activate|p2a: Hatterene|move: Magma Storm|[of] p1a: Heatran
|move|p2a: Hatterene|Calm Mind|p2a: Hatterene
|-boost|p2a: Hatterene|spa|1
|-boost|p2a: Hatterene|spd|1
|
|-damage|p2a: Hatterene|60/100|[from] move: Magma Storm|[partiallytrapped]
|upkeep
|turn|2
|
|t:|1760334027
|move|p1a: Heatran|Magma Storm|p2a: Hatterene
|-resisted|p2a: Hatterene
|-damage|p2a: Hatterene|41/100
|move|p2a: Hatterene|Calm Mind|p2a: Hatterene
|-boost|p2a: Hatterene|spa|1
|-boost|p2a: Hatterene|spd|1
|
|-damage|p2a: Hatterene|29/100|[from] move: Magma Storm|[partiallytrapped]
|upkeep
|turn|3
|
|t:|1760334043
|switch|p1a: Slowking|Slowking-Galar, M|100/100
|move|p2a: Hatterene|Draining Kiss|p1a: Slowking
|-resisted|p1a: Slowking
|-damage|p1a: Slowking|76/100
|-heal|p2a: Hatterene|52/100|[from] drain|[of] p1a: Slowking
|-damage|p2a: Hatterene|42/100|[from] item: Life Orb
|
|-heal|p1a: Slowking|82/100|[from] item: Leftovers
|-end|p2a: Hatterene|Magma Storm|[partiallytrapped]|[silent]
|upkeep
|turn|4
|
|t:|1760334051
|move|p1a: Slowking|Psychic Noise|p2a: Hatterene
|-damage|p2a: Hatterene|28/100
|-start|p2a: Hatterene|move: Heal Block
|move|p2a: Hatterene|Psyshock|p1a: Slowking
|-damage|p1a: Slowking|0 fnt
|faint|p1a: Slowking
|-damage|p2a: Hatterene|18/100|[from] item: Life Orb
|
|upkeep
|
|t:|1760334064
|switch|p1a: Heatran|Heatran, F|100/100
|turn|5
|
|t:|1760334071
|switch|p2a: Chandelure|Chandelure, F|100/100
|move|p1a: Heatran|Magma Storm|p2a: Chandelure
|-start|p2a: Chandelure|ability: Flash Fire
|
|upkeep
|turn|6
|
|t:|1760334077
|switch|p1a: Clodsire|Clodsire, F|100/100
|move|p2a: Chandelure|Shadow Ball|p1a: Clodsire
|-damage|p1a: Clodsire|75/100
|
|-heal|p1a: Clodsire|81/100|[from] item: Leftovers
|upkeep
|turn|7
|
|t:|1760334083
|-end|p2a: Chandelure|ability: Flash Fire|[silent]
|switch|p2a: Hatterene|Hatterene, F, tera:Water|18/100
|move|p1a: Clodsire|Toxic|p2a: Hatterene
|move|p2a: Hatterene|Toxic|p1a: Clodsire|[from] ability: Magic Bounce
|-immune|p1a: Clodsire
|
|-heal|p1a: Clodsire|88/100|[from] item: Leftovers
|upkeep
|turn|8
|
|t:|1760334089
|move|p2a: Hatterene|Psyshock|p1a: Clodsire
|-supereffective|p1a: Clodsire
|-damage|p1a: Clodsire|0 fnt
|faint|p1a: Clodsire
|-damage|p2a: Hatterene|8/100|[from] item: Life Orb
|
|upkeep
|
|t:|1760334097
|switch|p1a: Great Tusk|Great Tusk|100/100
|turn|9
|
|t:|1760334104
|move|p1a: Great Tusk|Rapid Spin|p2a: Hatterene
|-damage|p2a: Hatterene|0 fnt
|-boost|p1a: Great Tusk|spe|1
|faint|p2a: Hatterene
|
|upkeep
|
|t:|1760334119
|switch|p2a: Brambleghast|Brambleghast, F|100/100
|turn|10
|
|t:|1760334129
|move|p1a: Great Tusk|Ice Spinner|p2a: Brambleghast
|-supereffective|p2a: Brambleghast
|-damage|p2a: Brambleghast|0 fnt
|faint|p2a: Brambleghast
|
|upkeep
|
|t:|1760334136
|switch|p2a: Iron Treads|Iron Treads|100/100
|-enditem|p2a: Iron Treads|Booster Energy
|-activate|p2a: Iron Treads|ability: Quark Drive|[fromitem]
|-start|p2a: Iron Treads|quarkdrivespe
|turn|11
|
|t:|1760334145
|move|p2a: Iron Treads|Earthquake|p1a: Great Tusk
|-damage|p1a: Great Tusk|72/100
|move|p1a: Great Tusk|Close Combat|p2a: Iron Treads
|-supereffective|p2a: Iron Treads
|-damage|p2a: Iron Treads|0 fnt
|-unboost|p1a: Great Tusk|def|1
|-unboost|p1a: Great Tusk|spd|1
|faint|p2a: Iron Treads
|-end|p2a: Iron Treads|Quark Drive|[silent]
|
|upkeep
|
|t:|1760334152
|switch|p2a: Yanmega|Yanmega, F|100/100
|turn|12
|
|t:|1760334162
|move|p1a: Great Tusk|Ice Spinner|p2a: Yanmega
|-supereffective|p2a: Yanmega
|-damage|p2a: Yanmega|26/100
|move|p2a: Yanmega|Psychic Noise|p1a: Great Tusk
|-supereffective|p1a: Great Tusk
|-damage|p1a: Great Tusk|7/100
|-start|p1a: Great Tusk|move: Heal Block
|-enditem|p2a: Yanmega|Throat Spray
|-boost|p2a: Yanmega|spa|1|[from] item: Throat Spray
|
|-ability|p2a: Yanmega|Speed Boost|boost
|-boost|p2a: Yanmega|spe|1
|upkeep
|turn|13
|
|t:|1760334176
|move|p2a: Yanmega|Ancient Power|p1a: Great Tusk
|-resisted|p1a: Great Tusk
|-damage|p1a: Great Tusk|0 fnt
|faint|p1a: Great Tusk
|-end|p1a: Great Tusk|Protosynthesis|[silent]
|
|-ability|p2a: Yanmega|Speed Boost|boost
|-boost|p2a: Yanmega|spe|1
|upkeep
|
|t:|1760334181
|switch|p1a: Dondozo|Dondozo, F|100/100
|turn|14
|
|t:|1760334185
|move|p2a: Yanmega|Psychic Noise|p1a: Dondozo
|-damage|p1a: Dondozo|75/100
|-start|p1a: Dondozo|move: Heal Block
|move|p1a: Dondozo|Liquidation|p2a: Yanmega
|-damage|p2a: Yanmega|0 fnt
|faint|p2a: Yanmega
|
|upkeep
|
|t:|1760334195
|switch|p2a: Chandelure|Chandelure, F|100/100
|turn|15
|
|t:|1760334202
|-terastallize|p1a: Dondozo|Dragon
|move|p2a: Chandelure|Energy Ball|p1a: Dondozo
|-resisted|p1a: Dondozo
|-damage|p1a: Dondozo|60/100
|move|p1a: Dondozo|Liquidation|p2a: Chandelure
|-supereffective|p2a: Chandelure
|-damage|p2a: Chandelure|18/100
|
|-end|p1a: Dondozo|move: Heal Block
|upkeep
|turn|16
|
|t:|1760334216
|switch|p2a: Weavile|Weavile, F|100/100
|-ability|p2a: Weavile|Pressure
|move|p1a: Dondozo|Liquidation|p2a: Weavile
|-damage|p2a: Weavile|50/100
|
|upkeep
|turn|17
|
|t:|1760334224
|switch|p1a: Slowbro|Slowbro, M|100/100
|move|p2a: Weavile|Triple Axel|p1a: Slowbro
|-resisted|p1a: Slowbro
|-damage|p1a: Slowbro|96/100
|-damage|p2a: Weavile|34/100|[from] item: Rocky Helmet|[of] p1a: Slowbro
|-resisted|p1a: Slowbro
|-damage|p1a: Slowbro|90/100
|-damage|p2a: Weavile|18/100|[from] item: Rocky Helmet|[of] p1a: Slowbro
|-resisted|p1a: Slowbro
|-damage|p1a: Slowbro|78/100
|-damage|p2a: Weavile|1/100|[from] item: Rocky Helmet|[of] p1a: Slowbro
|-hitcount|p1a: Slowbro|3
|-damage|p2a: Weavile|0 fnt|[from] item: Life Orb
|faint|p2a: Weavile
|
|upkeep
|
|t:|1760334228
|switch|p2a: Chandelure|Chandelure, F|18/100
|turn|18
|
|t:|1760334244
|move|p2a: Chandelure|Shadow Ball|p1a: Slowbro
|-supereffective|p1a: Slowbro
|-damage|p1a: Slowbro|0 fnt
|faint|p1a: Slowbro
|
|upkeep
|
|t:|1760334248
|switch|p1a: Heatran|Heatran, F|100/100
|turn|19
|
|t:|1760334253
|move|p2a: Chandelure|Shadow Ball|p1a: Heatran
|-damage|p1a: Heatran|59/100
|move|p1a: Heatran|Dark Pulse|p2a: Chandelure
|-supereffective|p2a: Chandelure
|-damage|p2a: Chandelure|0 fnt
|faint|p2a: Chandelure
|
|win|p0lntless
|raw|p0lntless's rating: 1208 &rarr; <strong>1231</strong><br />(+23 for winning)
|raw|gigapoophater's rating: 1181 &rarr; <strong>1158</strong><br />(-23 for losing)
|c|☆p0lntless|Gg
|l|☆p0lntless
|player|p1|
