|j|☆ytddetg
|j|☆Jakewater
|t:|1760373121
|gametype|singles
|player|p1|ytddetg|gambler|1112
|player|p2|Jakewater|blue|1076
|gen|9
|tier|[Gen 9] OU
|rated|
|rule|HP Percentage Mod: HP is shown in percentages
|rule|Endless Battle Clause: Forcing endless battles is banned
|rule|Species Clause: Limit one of each Pokémon
|rule|OHKO Clause: OHKO moves are banned
|rule|Evasion Items Clause: Evasion items are banned
|rule|Evasion Moves Clause: Evasion moves are banned
|rule|Evasion Abilities Clause: Evasion abilities are banned
|rule|Sleep Moves Clause: Sleep-inducing moves are banned
|clearpoke
|poke|p1|Farigiraf, M|
|poke|p1|Azelf|
|poke|p1|Magnezone|
|poke|p1|Glimmora, M|
|poke|p1|Weezing-Galar, F|
|poke|p1|Latios, M|
|poke|p2|Dodrio, F|
|poke|p2|Wigglytuff, M|
|poke|p2|Tatsugiri, F|
|poke|p2|Espeon, M|
|poke|p2|Exeggutor, M|
|poke|p2|Polteageist-Antique|
|teampreview
|inactive|Battle timer is ON: inactive players will automatically lose when time's up. (requested by ytddetg)
|
|t:|1760373127
|teamsize|p1|6
|teamsize|p2|6
|start
|switch|p1a: lǝ|Azelf, shiny|100/100
|switch|p2a: Espeon|Espeon, M|100/100
|turn|1
|
|t:|1760373138
|move|p1a: lǝ|Iron Tail|p2a: Espeon
|-damage|p2a: Espeon|31/100
|move|p2a: Espeon|Trick|p1a: lǝ
|-activate|p2a: Espeon|move: Trick|[of] p1a: lǝ
|-item|p1a: lǝ|Toxic Orb|[from] move: Trick
|-item|p2a: Espeon|Focus Sash|[from] move: Trick
|
|-status|p1a: lǝ|tox|[from] item: Toxic Orb
|upkeep
|turn|2
|
|t:|1760373148
|switch|p2a: Tatsugiri|Tatsugiri, F|100/100
|move|p1a: lǝ|Iron Tail|p2a: Tatsugiri|[miss]
|-miss|p1a: lǝ|p2a: Tatsugiri
|
|-damage|p1a: lǝ|94/100 tox|[from] psn
|upkeep
|turn|3
|
|t:|1760373157
|move|p1a: lǝ|Stealth Rock|p2a: Tatsugiri
|-sidestart|p2: Jakewater|move: Stealth Rock
|move|p2a: Tatsugiri|Chilling Water|p1a: lǝ
|-damage|p1a: lǝ|57/100 tox
|-unboost|p1a: lǝ|atk|1
|
|-damage|p1a: lǝ|45/100 tox|[from] psn
|upkeep
|turn|4
|
|t:|1760373164
|move|p1a: lǝ|Explosion|p2a: Tatsugiri
|-damage|p2a: Tatsugiri|0 fnt
|faint|p1a: lǝ
|faint|p2a: Tatsugiri
|
|upkeep
|
|t:|1760373169
|switch|p1a: ɹoñǝs|Magnezone, shiny|100/100
|switch|p2a: Espeon|Espeon, M|31/100
|-damage|p2a: Espeon|19/100|[from] Stealth Rock
|-item|p1a: ɹoñǝs|Air Balloon
|turn|5
|
|t:|1760373182
|move|p2a: Espeon|Psychic Noise|p1a: ɹoñǝs
|-resisted|p1a: ɹoñǝs
|-damage|p1a: ɹoñǝs|80/100
|-start|p1a: ɹoñǝs|move: Heal Block
|-enditem|p1a: ɹoñǝs|Air Balloon
|move|p1a: ɹoñǝs|Flash Cannon|p2a: Espeon
|-damage|p2a: Espeon|0 fnt
|faint|p2a: Espeon
|
|upkeep
|
|t:|1760373198
|switch|p2a: Polteageist|Polteageist-Antique|100/100
|-damage|p2a: Polteageist|88/100|[from] Stealth Rock
|turn|6
|
|t:|1760373204
|move|p2a: Polteageist|Shell Smash|p2a: Polteageist
|-unboost|p2a: Polteageist|def|1
|-unboost|p2a: Polteageist|spd|1
|-boost|p2a: Polteageist|atk|2
|-boost|p2a: Polteageist|spa|2
|-boost|p2a: Polteageist|spe|2
|-enditem|p2a: Polteageist|White Herb
|-clearnegativeboost|p2a: Polteageist|[silent]
|move|p1a: ɹoñǝs|Thunderbolt|p2a: Polteageist
|-damage|p2a: Polteageist|12/100
|
|-end|p1a: ɹoñǝs|move: Heal Block
|upkeep
|turn|7
|
|t:|1760373217
|move|p2a: Polteageist|Shadow Ball|p1a: ɹoñǝs
|-damage|p1a: ɹoñǝs|0 fnt
|faint|p1a: ɹoñǝs
|
|upkeep
|
|t:|1760373220
|switch|p1a: ǝp|Latios, M, shiny|100/100
|turn|8
|
|t:|1760373225
|-terastallize|p2a: Polteageist|Dark
|move|p2a: Polteageist|Dark Pulse|p1a: ǝp
|-supereffective|p1a: ǝp
|-enditem|p1a: ǝp|Focus Sash
|-damage|p1a: ǝp|1/100
|move|p1a: ǝp|Shadow Ball|p2a: Polteageist
|-resisted|p2a: Polteageist
|-damage|p2a: Polteageist|0 fnt
|faint|p2a: Polteageist
|
|upkeep
|
|t:|1760373235
|switch|p2a: Wigglytuff|Wigglytuff, M|100/100
|-damage|p2a: Wigglytuff|88/100|[from] Stealth Rock
|turn|9
|
|t:|1760373244
|move|p1a: ǝp|Thunder Wave|p2a: Wigglytuff
|-status|p2a: Wigglytuff|par
|cant|p2a: Wigglytuff|par
|
|-heal|p2a: Wigglytuff|94/100 par|[from] item: Leftovers
|upkeep
|turn|10
|
|t:|1760373250
|move|p1a: ǝp|Memento|p2a: Wigglytuff
|-unboost|p2a: Wigglytuff|atk|2
|-ability|p2a: Wigglytuff|Competitive|boost
|-boost|p2a: Wigglytuff|spa|2
|-unboost|p2a: Wigglytuff|spa|2
|-ability|p2a: Wigglytuff|Competitive|boost
|-boost|p2a: Wigglytuff|spa|2
|faint|p1a: ǝp
|move|p2a: Wigglytuff|Alluring Voice|p1: ǝp|[notarget]
|-fail|p2a: Wigglytuff
|
|-heal|p2a: Wigglytuff|100/100 par|[from] item: Leftovers
|upkeep
|
|t:|1760373256
|switch|p1a: ɐl|Glimmora, M, shiny|100/100
|turn|11
|
|t:|1760373265
|move|p1a: ɐl|Light Screen|p1a: ɐl
|-sidestart|p1: ytddetg|move: Light Screen
|cant|p2a: Wigglytuff|par
|
|upkeep
|turn|12
|inactive|ytddetg has 120 seconds left.
|
|t:|1760373298
|move|p1a: ɐl|Flash Cannon|p2a: Wigglytuff
|-supereffective|p2a: Wigglytuff
|-damage|p2a: Wigglytuff|49/100 par
|move|p2a: Wigglytuff|Flamethrower|p1a: ɐl
|-resisted|p1a: ɐl
|-damage|p1a: ɐl|86/100
|
|-heal|p2a: Wigglytuff|55/100 par|[from] item: Leftovers
|upkeep
|turn|13
|
|t:|1760373305
|move|p1a: ɐl|Flash Cannon|p2a: Wigglytuff
|-supereffective|p2a: Wigglytuff
|-damage|p2a: Wigglytuff|4/100 par
|cant|p2a: Wigglytuff|par
|
|-heal|p2a: Wigglytuff|10/100 par|[from] item: Leftovers
|upkeep
|turn|14
|
|t:|1760373312
|move|p1a: ɐl|Flash Cannon|p2a: Wigglytuff
|-supereffective|p2a: Wigglytuff
|-damage|p2a: Wigglytuff|0 fnt
|faint|p2a: Wigglytuff
|
|upkeep
|
|t:|1760373321
|switch|p2a: Exeggutor|Exeggutor, M|100/100
|-damage|p2a: Exeggutor|88/100|[from] Stealth Rock
|turn|15
|
|t:|1760373326
|move|p2a: Exeggutor|Protect|p2a: Exeggutor
|-singleturn|p2a: Exeggutor|Protect
|move|p1a: ɐl|Reflect|p1a: ɐl
|-sidestart|p1: ytddetg|Reflect
|
|upkeep
|turn|16
|
|t:|1760373332
|move|p1a: ɐl|Memento|p2a: Exeggutor
|-unboost|p2a: Exeggutor|atk|2
|-unboost|p2a: Exeggutor|spa|2
|faint|p1a: ɐl
|move|p2a: Exeggutor|Leech Seed|p1: ɐl|[notarget]
|-fail|p2a: Exeggutor
|
|upkeep
|
|t:|1760373334
|switch|p1a: ǝɥɔou|Weezing-Galar, F, shiny|100/100
|-fieldstart|move: Misty Terrain|[from] ability: Misty Surge|[of] p1a: ǝɥɔou
|turn|17
|
|t:|1760373342
|move|p1a: ǝɥɔou|Heat Wave|p2a: Exeggutor
|-supereffective|p2a: Exeggutor
|-damage|p2a: Exeggutor|45/100
|-enditem|p2a: Exeggutor|Sitrus Berry|[eat]
|-heal|p2a: Exeggutor|70/100|[from] item: Sitrus Berry
|move|p2a: Exeggutor|Leech Seed|p1a: ǝɥɔou
|-start|p1a: ǝɥɔou|move: Leech Seed
|
|-damage|p1a: ǝɥɔou|88/100|[from] Leech Seed|[of] p2a: Exeggutor
|-heal|p2a: Exeggutor|80/100|[silent]
|-item|p2a: Exeggutor|Sitrus Berry|[from] ability: Harvest
|upkeep
|turn|18
|
|t:|1760373352
|switch|p1a: BATMAN|Farigiraf, M|100/100
|switch|p2a: Dodrio|Dodrio, F|100/100
|-damage|p2a: Dodrio|76/100|[from] Stealth Rock
|
|-sideend|p1: ytddetg|move: Light Screen
|upkeep
|turn|19
|
|t:|1760373362
|move|p2a: Dodrio|Knock Off|p1a: BATMAN
|-supereffective|p1a: BATMAN
|-damage|p1a: BATMAN|60/100
|-enditem|p1a: BATMAN|Weakness Policy
|-boost|p1a: BATMAN|atk|2|[from] item: Weakness Policy
|-boost|p1a: BATMAN|spa|2|[from] item: Weakness Policy
|-damage|p2a: Dodrio|66/100|[from] item: Life Orb
|move|p1a: BATMAN|Agility|p1a: BATMAN
|-boost|p1a: BATMAN|spe|2
|
|upkeep
|turn|20
|
|t:|1760373371
|move|p1a: BATMAN|Stored Power|p2a: Dodrio
|-damage|p2a: Dodrio|0 fnt
|faint|p2a: Dodrio
|
|upkeep
|
|t:|1760373375
|switch|p2a: Exeggutor|Exeggutor, M|80/100
|-damage|p2a: Exeggutor|68/100|[from] Stealth Rock
|turn|21
|
|t:|1760373381
|move|p2a: Exeggutor|Protect|p2a: Exeggutor
|-singleturn|p2a: Exeggutor|Protect
|move|p1a: BATMAN|Tera Blast|p2a: Exeggutor
|-activate|p2a: Exeggutor|move: Protect
|
|-fieldend|Misty Terrain
|upkeep
|turn|22
|inactive|ytddetg has 120 seconds left.
|inactive|ytddetg has 90 seconds left.
|inactive|ytddetg has 60 seconds left.
|inactive|ytddetg has 30 seconds left.
|inactive|ytddetg has 20 seconds left.
|inactive|ytddetg has 15 seconds left.
|inactive|ytddetg has 10 seconds left.
|inactive|ytddetg has 5 seconds left.
|-message|ytddetg lost due to inactivity.
|
|win|Jakewater
|raw|ytddetg's rating: 1112 &rarr; <strong>1084</strong><br />(-28 for losing)
|raw|Jakewater's rating: 1076 &rarr; <strong>1108</strong><br />(+32 for winning)
|l|☆Jakewater
|player|p2|
|l|☆ytddetg
|player|p1|
