|j|☆PrimeXStriker
|j|☆avlavlavlavl
|t:|1760339317
|gametype|singles
|player|p1|PrimeXStriker|marshal|1426
|player|p2|avlavlavlavl|lacey|1589
|gen|9
|tier|[Gen 9] OU
|rated|
|rule|HP Percentage Mod: HP is shown in percentages
|rule|Endless Battle Clause: Forcing endless battles is banned
|rule|Species Clause: Limit one of each Pokémon
|rule|OHKO Clause: OHKO moves are banned
|rule|Evasion Items Clause: Evasion items are banned
|rule|Evasion Moves Clause: Evasion moves are banned
|rule|Evasion Abilities Clause: Evasion abilities are banned
|rule|Sleep Moves Clause: Sleep-inducing moves are banned
|clearpoke
|poke|p1|Zapdos-Galar|
|poke|p1|Rillaboom, M|
|poke|p1|Iron Jugulis|
|poke|p1|Ting-Lu|
|poke|p1|Primarina, M|
|poke|p1|Cinderace, F|
|poke|p2|Hatterene, F|
|poke|p2|Ogerpon-Wellspring, F|
|poke|p2|Kingambit, M|
|poke|p2|Ninetales-Alola, F|
|poke|p2|Zamazenta-*|
|poke|p2|Gholdengo|
|teampreview
|inactive|Battle timer is ON: inactive players will automatically lose when time's up. (requested by PrimeXStriker)
|
|t:|1760339344
|teamsize|p1|6
|teamsize|p2|6
|start
|switch|p1a: Cinderace|Cinderace, F|100/100
|switch|p2a: Zamazenta|Zamazenta|100/100
|-ability|p2a: Zamazenta|Dauntless Shield|boost
|-boost|p2a: Zamazenta|def|1
|turn|1
|
|t:|1760339364
|move|p2a: Zamazenta|Substitute|p2a: Zamazenta
|-start|p2a: Zamazenta|Substitute
|-damage|p2a: Zamazenta|76/100
|move|p1a: Cinderace|Will-O-Wisp||[still]
|-fail|p1a: Cinderace
|
|-heal|p2a: Zamazenta|82/100|[from] item: Leftovers
|upkeep
|turn|2
|
|t:|1760339373
|switch|p1a: Ting-Lu|Ting-Lu|100/100
|-ability|p1a: Ting-Lu|Vessel of Ruin
|move|p2a: Zamazenta|Iron Defense|p2a: Zamazenta
|-boost|p2a: Zamazenta|def|2
|
|-heal|p2a: Zamazenta|88/100|[from] item: Leftovers
|upkeep
|turn|3
|
|t:|1760339380
|-terastallize|p1a: Ting-Lu|Ghost
|move|p2a: Zamazenta|Body Press|p1a: Ting-Lu
|-immune|p1a: Ting-Lu
|move|p1a: Ting-Lu|Whirlwind|p2a: Zamazenta
|drag|p2a: Ogerpon|Ogerpon-Wellspring, F|100/100
|
|upkeep
|turn|4
|
|t:|1760339389
|switch|p2a: Ninetales|Ninetales-Alola, F|100/100
|-weather|Snowscape|[from] ability: Snow Warning|[of] p2a: Ninetales
|move|p1a: Ting-Lu|Ruination|p2a: Ninetales
|-damage|p2a: Ninetales|50/100
|
|-weather|Snowscape|[upkeep]
|upkeep
|turn|5
|
|t:|1760339418
|switch|p1a: Cinderace|Cinderace, F|100/100
|move|p2a: Ninetales|Moonblast|p1a: Cinderace
|-resisted|p1a: Cinderace
|-damage|p1a: Cinderace|79/100
|
|-weather|Snowscape|[upkeep]
|upkeep
|turn|6
|inactive|avlavlavlavl has 120 seconds left.
|inactive|avlavlavlavl has 90 seconds left.
|
|t:|1760339477
|switch|p2a: Hatterene|Hatterene, F|100/100
|move|p1a: Cinderace|Pyro Ball|p2a: Hatterene
|-damage|p2a: Hatterene|48/100
|
|-weather|Snowscape|[upkeep]
|-heal|p2a: Hatterene|54/100|[from] item: Leftovers
|upkeep
|turn|7
|
|t:|1760339491
|move|p1a: Cinderace|Pyro Ball|p2a: Hatterene
|-damage|p2a: Hatterene|5/100
|-status|p2a: Hatterene|brn
|move|p2a: Hatterene|Psyshock|p1a: Cinderace
|-damage|p1a: Cinderace|30/100
|
|-weather|Snowscape|[upkeep]
|-heal|p2a: Hatterene|11/100 brn|[from] item: Leftovers
|-damage|p2a: Hatterene|5/100 brn|[from] brn
|upkeep
|turn|8
|
|t:|1760339499
|move|p1a: Cinderace|U-turn|p2a: Hatterene
|-start|p1a: Cinderace|typechange|Bug|[from] ability: Libero
|-damage|p2a: Hatterene|0 fnt
|faint|p2a: Hatterene
|
|t:|1760339502
|switch|p1a: Iron Jugulis|Iron Jugulis|100/100|[from] U-turn
|
|-weather|none
|upkeep
|inactive|avlavlavlavl has 90 seconds left.
|
|t:|1760339510
|switch|p2a: Ninetales|Ninetales-Alola, F|50/100
|-weather|Snowscape|[from] ability: Snow Warning|[of] p2a: Ninetales
|turn|9
|
|t:|1760339518
|move|p1a: Iron Jugulis|U-turn|p2a: Ninetales
|-resisted|p2a: Ninetales
|-damage|p2a: Ninetales|46/100
|
|t:|1760339535
|-end|p1a: Iron Jugulis|Quark Drive|[silent]
|switch|p1a: Ting-Lu|Ting-Lu, tera:Ghost|100/100|[from] U-turn
|-ability|p1a: Ting-Lu|Vessel of Ruin
|move|p2a: Ninetales|Aurora Veil|p2a: Ninetales
|-sidestart|p2: avlavlavlavl|move: Aurora Veil
|
|-weather|Snowscape|[upkeep]
|upkeep
|turn|10
|inactive|avlavlavlavl has 90 seconds left.
|
|t:|1760339558
|switch|p2a: Gholdengo|Gholdengo|100/100
|-item|p2a: Gholdengo|Air Balloon
|switch|p1a: Cinderace|Cinderace, F|30/100
|
|-weather|Snowscape|[upkeep]
|upkeep
|turn|11
|
|t:|1760339565
|move|p1a: Cinderace|Court Change|p1a: Cinderace
|-start|p1a: Cinderace|typechange|Normal|[from] ability: Libero
|-swapsideconditions
|-activate|p1a: Cinderace|move: Court Change
|move|p2a: Gholdengo|Shadow Ball|p1a: Cinderace
|-immune|p1a: Cinderace
|
|-weather|Snowscape|[upkeep]
|upkeep
|turn|12
|inactive|avlavlavlavl has 90 seconds left.
|
|t:|1760339582
|move|p1a: Cinderace|U-turn|p2a: Gholdengo
|-resisted|p2a: Gholdengo
|-damage|p2a: Gholdengo|94/100
|-enditem|p2a: Gholdengo|Air Balloon
|
|t:|1760339596
|switch|p1a: Zapdos|Zapdos-Galar|100/100|[from] U-turn
|move|p2a: Gholdengo|Focus Blast|p1a: Zapdos|[miss]
|-miss|p2a: Gholdengo|p1a: Zapdos
|
|-weather|Snowscape|[upkeep]
|upkeep
|turn|13
|inactive|avlavlavlavl has 90 seconds left.
|
|t:|1760339613
|move|p1a: Zapdos|Knock Off|p2a: Gholdengo
|-supereffective|p2a: Gholdengo
|-damage|p2a: Gholdengo|23/100
|move|p2a: Gholdengo|Shadow Ball|p1a: Zapdos
|-damage|p1a: Zapdos|77/100
|
|-weather|none
|upkeep
|turn|14
|inactive|avlavlavlavl has 90 seconds left.
|
|t:|1760339625
|move|p1a: Zapdos|Knock Off|p2a: Gholdengo
|-supereffective|p2a: Gholdengo
|-damage|p2a: Gholdengo|0 fnt
|faint|p2a: Gholdengo
|
|upkeep
|inactive|avlavlavlavl has 90 seconds left.
|
|t:|1760339656
|switch|p2a: Zamazenta|Zamazenta|88/100
|turn|15
|
|t:|1760339661
|switch|p1a: Ting-Lu|Ting-Lu, tera:Ghost|100/100
|-ability|p1a: Ting-Lu|Vessel of Ruin
|move|p2a: Zamazenta|Substitute|p2a: Zamazenta
|-start|p2a: Zamazenta|Substitute
|-damage|p2a: Zamazenta|63/100
|
|-heal|p2a: Zamazenta|69/100|[from] item: Leftovers
|upkeep
|turn|16
|
|t:|1760339667
|move|p2a: Zamazenta|Crunch|p1a: Ting-Lu
|-supereffective|p1a: Ting-Lu
|-damage|p1a: Ting-Lu|89/100
|-unboost|p1a: Ting-Lu|def|1
|move|p1a: Ting-Lu|Spikes|p2a: Zamazenta
|-sidestart|p2: avlavlavlavl|Spikes
|
|-heal|p2a: Zamazenta|75/100|[from] item: Leftovers
|-heal|p1a: Ting-Lu|95/100|[from] item: Leftovers
|-sideend|p1: PrimeXStriker|move: Aurora Veil
|upkeep
|turn|17
|
|t:|1760339674
|move|p2a: Zamazenta|Crunch|p1a: Ting-Lu
|-supereffective|p1a: Ting-Lu
|-damage|p1a: Ting-Lu|62/100
|-unboost|p1a: Ting-Lu|def|1
|move|p1a: Ting-Lu|Spikes|p2a: Zamazenta
|-sidestart|p2: avlavlavlavl|Spikes
|
|-heal|p2a: Zamazenta|81/100|[from] item: Leftovers
|-heal|p1a: Ting-Lu|68/100|[from] item: Leftovers
|upkeep
|turn|18
|inactive|avlavlavlavl has 90 seconds left.
|
|t:|1760339684
|switch|p1a: Zapdos|Zapdos-Galar|77/100
|move|p2a: Zamazenta|Crunch|p1a: Zapdos
|-resisted|p1a: Zapdos
|-damage|p1a: Zapdos|64/100
|
|-heal|p2a: Zamazenta|87/100|[from] item: Leftovers
|upkeep
|turn|19
|
|t:|1760339690
|switch|p1a: Ting-Lu|Ting-Lu, tera:Ghost|68/100
|-ability|p1a: Ting-Lu|Vessel of Ruin
|move|p2a: Zamazenta|Crunch|p1a: Ting-Lu
|-supereffective|p1a: Ting-Lu
|-damage|p1a: Ting-Lu|44/100
|
|-heal|p2a: Zamazenta|93/100|[from] item: Leftovers
|-heal|p1a: Ting-Lu|50/100|[from] item: Leftovers
|upkeep
|turn|20
|inactive|avlavlavlavl has 90 seconds left.
|inactive|avlavlavlavl has 60 seconds left.
|inactive|avlavlavlavl has 30 seconds left.
|
|t:|1760339774
|switch|p2a: Kingambit|Kingambit, M|100/100
|-damage|p2a: Kingambit|84/100|[from] Spikes
|-activate|p2a: Kingambit|ability: Supreme Overlord
|-start|p2a: Kingambit|fallen2|[silent]
|move|p1a: Ting-Lu|Spikes|p2a: Kingambit
|-sidestart|p2: avlavlavlavl|Spikes
|
|-heal|p1a: Ting-Lu|56/100|[from] item: Leftovers
|upkeep
|turn|21
|
|t:|1760339786
|switch|p1a: Zapdos|Zapdos-Galar|64/100
|move|p2a: Kingambit|Kowtow Cleave|p1a: Zapdos
|-resisted|p1a: Zapdos
|-damage|p1a: Zapdos|28/100
|
|upkeep
|turn|22
|
|t:|1760339798
|move|p2a: Kingambit|Sucker Punch|p1a: Zapdos
|-resisted|p1a: Zapdos
|-damage|p1a: Zapdos|0 fnt
|faint|p1a: Zapdos
|
|upkeep
|
|t:|1760339807
|switch|p1a: Rillaboom|Rillaboom, M|100/100
|-fieldstart|move: Grassy Terrain|[from] ability: Grassy Surge|[of] p1a: Rillaboom
|turn|23
|inactive|avlavlavlavl has 30 seconds left.
|
|t:|1760339829
|-end|p2a: Kingambit|fallen2|[silent]
|switch|p2a: Zamazenta|Zamazenta|93/100
|-damage|p2a: Zamazenta|69/100|[from] Spikes
|move|p1a: Rillaboom|Low Kick|p2a: Zamazenta
|-damage|p2a: Zamazenta|35/100
|
|-heal|p2a: Zamazenta|41/100|[from] Grassy Terrain
|-heal|p2a: Zamazenta|47/100|[from] item: Leftovers
|upkeep
|turn|24
|inactive|avlavlavlavl has 30 seconds left.
|inactive|avlavlavlavl has 20 seconds left.
|inactive|avlavlavlavl has 15 seconds left.
|inactive|avlavlavlavl has 10 seconds left.
|inactive|avlavlavlavl has 5 seconds left.
|-message|avlavlavlavl forfeited.
|
|win|PrimeXStriker
|raw|PrimeXStriker's rating: 1426 &rarr; <strong>1455</strong><br />(+29 for winning)
|raw|avlavlavlavl's rating: 1589 &rarr; <strong>1560</strong><br />(-29 for losing)
|l|☆avlavlavlavl
|player|p2|
|l|☆PrimeXStriker
|player|p1|
