|j|☆gotissues
|j|☆Rapidashhhhh
|t:|1760432225
|gametype|singles
|player|p1|gotissues|hiker-gen4|1072
|player|p2|Rapidashhhhh|benga|1114
|gen|9
|tier|[Gen 9] OU
|rated|
|rule|HP Percentage Mod: HP is shown in percentages
|rule|Endless Battle Clause: Forcing endless battles is banned
|rule|Species Clause: Limit one of each Pokémon
|rule|OHKO Clause: OHKO moves are banned
|rule|Evasion Items Clause: Evasion items are banned
|rule|Evasion Moves Clause: Evasion moves are banned
|rule|Evasion Abilities Clause: Evasion abilities are banned
|rule|Sleep Moves Clause: Sleep-inducing moves are banned
|clearpoke
|poke|p1|Garganacl, M|
|poke|p1|Hippowdon, M|
|poke|p1|Hydrapple, M|
|poke|p1|Slowking-Galar, M|
|poke|p1|Samurott-Hisui, M|
|poke|p1|Excadrill, M|
|poke|p2|Serperior, M|
|poke|p2|Rabsca, F|
|poke|p2|Iron Hands|
|poke|p2|Camerupt, M|
|poke|p2|Crawdaunt, F|
|poke|p2|Slowking-Galar, M|
|teampreview
|inactive|Battle timer is ON: inactive players will automatically lose when time's up. (requested by gotissues)
|
|t:|1760432233
|teamsize|p1|6
|teamsize|p2|6
|start
|switch|p1a: Slowking|Slowking-Galar, M, shiny|100/100
|switch|p2a: Slowking|Slowking-Galar, M, shiny|100/100
|turn|1
|
|t:|1760432243
|move|p1a: Slowking|Whirlpool|p2a: Slowking
|-damage|p2a: Slowking|93/100
|-activate|p2a: Slowking|move: Whirlpool|[of] p1a: Slowking
|move|p2a: Slowking|Future Sight|p1a: Slowking
|-start|p2a: Slowking|move: Future Sight
|
|-damage|p2a: Slowking|81/100|[from] move: Whirlpool|[partiallytrapped]
|upkeep
|turn|2
|
|t:|1760432255
|switch|p1a: Samurott|Samurott-Hisui, M, shiny|100/100
|move|p2a: Slowking|Trick Room|p2a: Slowking
|-fieldstart|move: Trick Room|[of] p2a: Slowking
|
|-end|p2a: Slowking|Whirlpool|[partiallytrapped]|[silent]
|upkeep
|turn|3
|
|t:|1760432264
|move|p1a: Samurott|Sucker Punch||[still]
|-fail|p1a: Samurott
|-prepare|p2a: Slowking|Chilly Reception|[premajor]
|move|p2a: Slowking|Chilly Reception|p2a: Slowking
|-weather|Snowscape
|
|t:|1760432279
|switch|p2a: Crawdaunt|Crawdaunt, F, shiny|100/100|[from] Chilly Reception
|
|-weather|Snowscape|[upkeep]
|-end|p1a: Samurott|move: Future Sight
|-immune|p1a: Samurott
|upkeep
|turn|4
|
|t:|1760432286
|move|p2a: Crawdaunt|Swords Dance|p2a: Crawdaunt
|-boost|p2a: Crawdaunt|atk|2
|move|p1a: Samurott|Ceaseless Edge|p2a: Crawdaunt
|-resisted|p2a: Crawdaunt
|-damage|p2a: Crawdaunt|70/100
|-sidestart|p2: Rapidashhhhh|Spikes
|
|-weather|Snowscape|[upkeep]
|upkeep
|turn|5
|
|t:|1760432301
|switch|p1a: Garganacl|Garganacl, M, shiny|100/100
|move|p2a: Crawdaunt|Crabhammer|p1a: Garganacl
|-supereffective|p1a: Garganacl
|-crit|p1a: Garganacl
|-damage|p1a: Garganacl|0 fnt
|faint|p1a: Garganacl
|-damage|p2a: Crawdaunt|60/100|[from] item: Life Orb
|
|-weather|Snowscape|[upkeep]
|upkeep
|
|t:|1760432312
|switch|p1a: Hippowdon|Hippowdon, M, shiny|100/100
|-weather|Sandstorm|[from] ability: Sand Stream|[of] p1a: Hippowdon
|turn|6
|
|t:|1760432317
|move|p1a: Hippowdon|Scorching Sands|p2a: Crawdaunt
|-damage|p2a: Crawdaunt|30/100
|-status|p2a: Crawdaunt|brn
|move|p2a: Crawdaunt|Crabhammer|p1a: Hippowdon
|-supereffective|p1a: Hippowdon
|-damage|p1a: Hippowdon|0 fnt
|-damage|p2a: Crawdaunt|14/100 brn|[from] item: Rocky Helmet|[of] p1a: Hippowdon
|faint|p1a: Hippowdon
|-damage|p2a: Crawdaunt|4/100 brn|[from] item: Life Orb
|
|-weather|Sandstorm|[upkeep]
|-damage|p2a: Crawdaunt|0 fnt|[from] Sandstorm
|faint|p2a: Crawdaunt
|-fieldend|move: Trick Room
|upkeep
|
|t:|1760432335
|switch|p2a: Rabsca|Rabsca, F, shiny|100/100
|switch|p1a: Excadrill|Excadrill, M, shiny|100/100
|-damage|p2a: Rabsca|88/100|[from] Spikes
|turn|7
|
|t:|1760432342
|move|p1a: Excadrill|Rock Slide|p2a: Rabsca
|-supereffective|p2a: Rabsca
|-damage|p2a: Rabsca|46/100
|move|p2a: Rabsca|Revival Blessing|p2a: Rabsca
|
|t:|1760432347
|-heal|p2: Crawdaunt|50/100|[from] move: Revival Blessing
|
|-weather|Sandstorm|[upkeep]
|-damage|p2a: Rabsca|40/100|[from] Sandstorm
|-heal|p2a: Rabsca|46/100|[from] item: Leftovers
|upkeep
|turn|8
|
|t:|1760432358
|move|p1a: Excadrill|Earthquake|p2a: Rabsca
|-resisted|p2a: Rabsca
|-damage|p2a: Rabsca|24/100
|move|p2a: Rabsca|Trick Room|p2a: Rabsca
|-fieldstart|move: Trick Room|[of] p2a: Rabsca
|
|-weather|Sandstorm|[upkeep]
|-damage|p2a: Rabsca|18/100|[from] Sandstorm
|-heal|p2a: Rabsca|24/100|[from] item: Leftovers
|upkeep
|turn|9
|
|t:|1760432371
|move|p2a: Rabsca|Bug Buzz|p1a: Excadrill
|-resisted|p1a: Excadrill
|-damage|p1a: Excadrill|77/100
|move|p1a: Excadrill|Rock Slide|p2a: Rabsca
|-supereffective|p2a: Rabsca
|-damage|p2a: Rabsca|0 fnt
|faint|p2a: Rabsca
|
|-weather|Sandstorm|[upkeep]
|upkeep
|
|t:|1760432383
|switch|p2a: Camerupt|Camerupt, M, shiny|100/100
|-damage|p2a: Camerupt|88/100|[from] Spikes
|turn|10
|
|t:|1760432390
|switch|p1a: Slowking|Slowking-Galar, M, shiny|100/100
|move|p2a: Camerupt|Eruption|p1a: Slowking
|-damage|p1a: Slowking|52/100
|-damage|p2a: Camerupt|78/100|[from] item: Life Orb
|
|-weather|none
|upkeep
|turn|11
|l|☆Rapidashhhhh
|inactive|Rapidashhhhh disconnected and has a minute to reconnect!
|player|p2|
|j|☆Rapidashhhhh
|inactive|Rapidashhhhh reconnected and has 110 seconds left.
|player|p2|Rapidashhhhh|benga|
|
|t:|1760432440
|-terastallize|p1a: Slowking|Water
|move|p2a: Camerupt|Earth Power|p1a: Slowking
|-damage|p1a: Slowking|20/100
|-damage|p2a: Camerupt|68/100|[from] item: Life Orb
|move|p1a: Slowking|Whirlpool|p2a: Camerupt
|-supereffective|p2a: Camerupt
|-damage|p2a: Camerupt|0 fnt
|faint|p2a: Camerupt
|
|upkeep
|
|t:|1760432453
|switch|p2a: Iron Hands|Iron Hands, shiny|100/100
|-damage|p2a: Iron Hands|88/100|[from] Spikes
|turn|12
|
|t:|1760432463
|switch|p1a: Hydrapple|Hydrapple, M, shiny|100/100
|move|p2a: Iron Hands|Drain Punch|p1a: Hydrapple
|-damage|p1a: Hydrapple|66/100
|-heal|p2a: Iron Hands|100/100|[from] drain|[of] p1a: Hydrapple
|
|-fieldend|move: Trick Room
|upkeep
|turn|13
|l|☆Rapidashhhhh
|inactive|Rapidashhhhh disconnected and has a minute to reconnect!
|player|p2|
|j|☆Rapidashhhhh
|inactive|Rapidashhhhh reconnected and has 80 seconds left.
|player|p2|Rapidashhhhh|benga|
|
|t:|1760432499
|move|p1a: Hydrapple|Earth Power|p2a: Iron Hands
|-supereffective|p2a: Iron Hands
|-damage|p2a: Iron Hands|68/100
|move|p2a: Iron Hands|Ice Punch|p1a: Hydrapple
|-supereffective|p1a: Hydrapple
|-damage|p1a: Hydrapple|0 fnt
|faint|p1a: Hydrapple
|
|upkeep
|
|t:|1760432520
|switch|p1a: Samurott|Samurott-Hisui, M, shiny|100/100
|turn|14
|
|t:|1760432531
|move|p1a: Samurott|Ceaseless Edge|p2a: Iron Hands
|-resisted|p2a: Iron Hands
|-damage|p2a: Iron Hands|50/100
|-sidestart|p2: Rapidashhhhh|Spikes
|move|p2a: Iron Hands|Thunder Punch|p1a: Samurott
|-supereffective|p1a: Samurott
|-damage|p1a: Samurott|0 fnt
|faint|p1a: Samurott
|
|upkeep
|
|t:|1760432540
|switch|p1a: Excadrill|Excadrill, M, shiny|77/100
|turn|15
|
|t:|1760432545
|move|p1a: Excadrill|Earthquake|p2a: Iron Hands
|-supereffective|p2a: Iron Hands
|-damage|p2a: Iron Hands|0 fnt
|faint|p2a: Iron Hands
|-end|p2a: Iron Hands|Quark Drive|[silent]
|
|upkeep
|
|t:|1760432551
|switch|p2a: Slowking|Slowking-Galar, M, shiny|100/100
|turn|16
|
|t:|1760432563
|move|p1a: Excadrill|Earthquake|p2a: Slowking
|-supereffective|p2a: Slowking
|-damage|p2a: Slowking|0 fnt
|faint|p2a: Slowking
|
|upkeep
|
|t:|1760432568
|switch|p2a: Serperior|Serperior, M, shiny|100/100
|-damage|p2a: Serperior|84/100|[from] Spikes
|turn|17
|
|t:|1760432580
|move|p2a: Serperior|Leech Seed|p1a: Excadrill
|-start|p1a: Excadrill|move: Leech Seed
|move|p1a: Excadrill|Iron Head|p2a: Serperior
|-damage|p2a: Serperior|38/100
|
|-heal|p2a: Serperior|44/100|[from] item: Leftovers
|-damage|p1a: Excadrill|65/100|[from] Leech Seed|[of] p2a: Serperior
|-heal|p2a: Serperior|57/100|[silent]
|upkeep
|turn|18
|
|t:|1760432591
|switch|p1a: Slowking|Slowking-Galar, M, shiny, tera:Water|53/100
|move|p2a: Serperior|Substitute|p2a: Serperior
|-start|p2a: Serperior|Substitute
|-damage|p2a: Serperior|32/100
|
|-heal|p2a: Serperior|38/100|[from] item: Leftovers
|upkeep
|turn|19
|
|t:|1760432603
|move|p2a: Serperior|Leaf Storm|p1a: Slowking
|-supereffective|p1a: Slowking
|-damage|p1a: Slowking|18/100
|-boost|p2a: Serperior|spa|2
|move|p1a: Slowking|Psychic Noise|p2a: Serperior
|-damage|p2a: Serperior|16/100
|-start|p2a: Serperior|move: Heal Block
|
|upkeep
|turn|20
|
|t:|1760432616
|move|p2a: Serperior|Leaf Storm|p1a: Slowking
|-supereffective|p1a: Slowking
|-damage|p1a: Slowking|0 fnt
|-boost|p2a: Serperior|spa|2
|faint|p1a: Slowking
|
|-end|p2a: Serperior|move: Heal Block
|upkeep
|
|t:|1760432625
|switch|p1a: Excadrill|Excadrill, M, shiny|65/100
|turn|21
|
|t:|1760432629
|move|p2a: Serperior|Leech Seed|p1a: Excadrill
|-start|p1a: Excadrill|move: Leech Seed
|move|p1a: Excadrill|Iron Head|p2a: Serperior
|-end|p2a: Serperior|Substitute
|
|-heal|p2a: Serperior|22/100|[from] item: Leftovers
|-damage|p1a: Excadrill|52/100|[from] Leech Seed|[of] p2a: Serperior
|-heal|p2a: Serperior|35/100|[silent]
|upkeep
|turn|22
|
|t:|1760432640
|move|p2a: Serperior|Substitute|p2a: Serperior
|-start|p2a: Serperior|Substitute
|-damage|p2a: Serperior|10/100
|move|p1a: Excadrill|Rock Slide|p2a: Serperior
|-crit|p2a: Serperior
|-end|p2a: Serperior|Substitute
|
|-heal|p2a: Serperior|16/100|[from] item: Leftovers
|-damage|p1a: Excadrill|40/100|[from] Leech Seed|[of] p2a: Serperior
|-heal|p2a: Serperior|29/100|[silent]
|upkeep
|turn|23
|
|t:|1760432651
|move|p2a: Serperior|Substitute|p2a: Serperior
|-start|p2a: Serperior|Substitute
|-damage|p2a: Serperior|4/100
|move|p1a: Excadrill|Rapid Spin|p2a: Serperior
|-activate|p2a: Serperior|move: Substitute|[damage]
|-end|p1a: Excadrill|Leech Seed|[from] move: Rapid Spin|[of] p1a: Excadrill
|-boost|p1a: Excadrill|spe|1
|
|-heal|p2a: Serperior|10/100|[from] item: Leftovers
|upkeep
|turn|24
|
|t:|1760432663
|move|p1a: Excadrill|Rapid Spin|p2a: Serperior
|-end|p2a: Serperior|Substitute
|-boost|p1a: Excadrill|spe|1
|move|p2a: Serperior|Leech Seed|p1a: Excadrill
|-start|p1a: Excadrill|move: Leech Seed
|
|-heal|p2a: Serperior|16/100|[from] item: Leftovers
|-damage|p1a: Excadrill|27/100|[from] Leech Seed|[of] p2a: Serperior
|-heal|p2a: Serperior|29/100|[silent]
|upkeep
|turn|25
|
|t:|1760432677
|move|p1a: Excadrill|Rock Slide|p2a: Serperior|[miss]
|-miss|p1a: Excadrill|p2a: Serperior
|move|p2a: Serperior|Leaf Storm|p1a: Excadrill
|-damage|p1a: Excadrill|0 fnt
|-boost|p2a: Serperior|spa|2
|faint|p1a: Excadrill
|
|win|Rapidashhhhh
|raw|gotissues's rating: 1072 &rarr; <strong>1054</strong><br />(-18 for losing)
|raw|Rapidashhhhh's rating: 1114 &rarr; <strong>1136</strong><br />(+22 for winning)
|l|☆Rapidashhhhh
|player|p2|
|l|☆gotissues
|player|p1|
