|j|☆wksma
|j|‽bustergoat
|t:|1760430648
|gametype|singles
|player|p1|wksma|wattson|1098
|player|p2|bustergoat|2|1080
|gen|9
|tier|[Gen 9] OU
|rated|
|rule|HP Percentage Mod: HP is shown in percentages
|rule|Endless Battle Clause: Forcing endless battles is banned
|rule|Species Clause: Limit one of each Pokémon
|rule|OHKO Clause: OHKO moves are banned
|rule|Evasion Items Clause: Evasion items are banned
|rule|Evasion Moves Clause: Evasion moves are banned
|rule|Evasion Abilities Clause: Evasion abilities are banned
|rule|Sleep Moves Clause: Sleep-inducing moves are banned
|clearpoke
|poke|p1|Corviknight, F|
|poke|p1|Hatterene, F|
|poke|p1|Glimmora, M|
|poke|p1|Decidueye-Hisui, M|
|poke|p1|Walking Wake|
|poke|p1|Skeledirge, M|
|poke|p2|Ribombee, F|
|poke|p2|Cinderace, M|
|poke|p2|Serperior, F|
|poke|p2|Enamorus, F|
|poke|p2|Dragapult, F|
|poke|p2|Kingambit, M|
|teampreview
|
|t:|1760430653
|teamsize|p1|6
|teamsize|p2|6
|start
|switch|p1a: Glimmora|Glimmora, M|100/100
|switch|p2a: Ribombee|Ribombee, F, shiny|100/100
|turn|1
|inactive|Battle timer is ON: inactive players will automatically lose when time's up. (requested by bustergoat)
|
|t:|1760430659
|move|p2a: Ribombee|Stun Spore|p1a: Glimmora|[miss]
|-miss|p2a: Ribombee|p1a: Glimmora
|move|p1a: Glimmora|Stealth Rock|p2a: Ribombee
|-sidestart|p2: bustergoat|move: Stealth Rock
|
|upkeep
|turn|2
|
|t:|1760430662
|move|p2a: Ribombee|Stun Spore|p1a: Glimmora|[miss]
|-miss|p2a: Ribombee|p1a: Glimmora
|move|p1a: Glimmora|Power Gem|p2a: Ribombee
|-supereffective|p2a: Ribombee
|-enditem|p2a: Ribombee|Focus Sash
|-damage|p2a: Ribombee|1/100
|
|upkeep
|turn|3
|
|t:|1760430665
|move|p2a: Ribombee|Sticky Web|p1a: Glimmora
|-sidestart|p1: wksma|move: Sticky Web
|move|p1a: Glimmora|Power Gem|p2a: Ribombee
|-supereffective|p2a: Ribombee
|-damage|p2a: Ribombee|0 fnt
|faint|p2a: Ribombee
|
|upkeep
|
|t:|1760430679
|switch|p2a: Cinderace|Cinderace, M, shiny|100/100
|turn|4
|
|t:|1760430683
|move|p2a: Cinderace|Court Change|p2a: Cinderace
|-start|p2a: Cinderace|typechange|Normal|[from] ability: Libero
|-swapsideconditions
|-activate|p2a: Cinderace|move: Court Change
|move|p1a: Glimmora|Mortal Spin|p2a: Cinderace
|-damage|p2a: Cinderace|92/100
|-status|p2a: Cinderace|psn
|-sideend|p1: wksma|Stealth Rock|[from] move: Mortal Spin|[of] p1a: Glimmora
|
|-damage|p2a: Cinderace|80/100 psn|[from] psn
|upkeep
|turn|5
|
|t:|1760430689
|move|p2a: Cinderace|U-turn|p1a: Glimmora
|-resisted|p1a: Glimmora
|-damage|p1a: Glimmora|88/100
|-activate|p1a: Glimmora|ability: Toxic Debris
|-sidestart|p2: bustergoat|move: Toxic Spikes
|
|t:|1760430694
|switch|p2a: Kingambit|Kingambit, M, shiny|100/100|[from] U-turn
|-activate|p2a: Kingambit|move: Sticky Web
|-unboost|p2a: Kingambit|spe|1
|-ability|p2a: Kingambit|Defiant|boost
|-boost|p2a: Kingambit|atk|2
|move|p1a: Glimmora|Earth Power|p2a: Kingambit
|-supereffective|p2a: Kingambit
|-damage|p2a: Kingambit|33/100
|
|-heal|p2a: Kingambit|39/100|[from] item: Leftovers
|upkeep
|turn|6
|
|t:|1760430705
|move|p1a: Glimmora|Earth Power|p2a: Kingambit
|-supereffective|p2a: Kingambit
|-damage|p2a: Kingambit|0 fnt
|faint|p2a: Kingambit
|
|upkeep
|
|t:|1760430713
|switch|p2a: Dragapult|Dragapult, F, shiny|100/100
|-activate|p2a: Dragapult|move: Sticky Web
|-fail|p2a: Dragapult|unboost|[from] ability: Clear Body|[of] p2a: Dragapult
|-status|p2a: Dragapult|psn
|turn|7
|
|t:|1760430736
|move|p2a: Dragapult|Hydro Pump|p1a: Glimmora
|-supereffective|p1a: Glimmora
|-damage|p1a: Glimmora|0 fnt
|faint|p1a: Glimmora
|-damage|p2a: Dragapult|91/100 psn|[from] item: Life Orb
|
|-damage|p2a: Dragapult|78/100 psn|[from] psn
|upkeep
|
|t:|1760430742
|switch|p1a: Hatterene|Hatterene, F|100/100
|turn|8
|
|t:|1760430751
|switch|p2a: Cinderace|Cinderace, M, shiny|80/100 psn
|move|p1a: Hatterene|Draining Kiss|p2a: Cinderace
|-resisted|p2a: Cinderace
|-damage|p2a: Cinderace|63/100 psn
|
|-damage|p2a: Cinderace|50/100 psn|[from] psn
|upkeep
|turn|9
|
|t:|1760430758
|move|p2a: Cinderace|Court Change|p2a: Cinderace
|-start|p2a: Cinderace|typechange|Normal|[from] ability: Libero
|-swapsideconditions
|-activate|p2a: Cinderace|move: Court Change
|move|p1a: Hatterene|Psychic Noise|p2a: Cinderace
|-damage|p2a: Cinderace|5/100 psn
|-start|p2a: Cinderace|move: Heal Block
|
|-damage|p2a: Cinderace|0 fnt|[from] psn
|faint|p2a: Cinderace
|upkeep
|
|t:|1760430768
|switch|p2a: Serperior|Serperior, F, shiny|100/100
|turn|10
|inactive|wksma has 120 seconds left.
|inactive|wksma has 90 seconds left.
|
|t:|1760430849
|switch|p1a: Corviknight|Corviknight, F|100/100
|-terastallize|p2a: Serperior|Fire
|move|p2a: Serperior|Leaf Storm|p1a: Corviknight
|-resisted|p1a: Corviknight
|-damage|p1a: Corviknight|90/100
|-boost|p2a: Serperior|spa|2
|
|-heal|p1a: Corviknight|96/100|[from] item: Leftovers
|upkeep
|turn|11
|inactive|wksma has 60 seconds left.
|inactive|bustergoat has 120 seconds left.
|inactive|bustergoat has 90 seconds left.
|
|t:|1760430922
|move|p2a: Serperior|Tera Blast|p1a: Corviknight|[anim] Tera Blast Fire
|-supereffective|p1a: Corviknight
|-damage|p1a: Corviknight|0 fnt
|faint|p1a: Corviknight
|
|upkeep
|inactive|wksma has 60 seconds left.
|
|t:|1760430934
|switch|p1a: Walking Wake|Walking Wake|100/100
|-activate|p1a: Walking Wake|move: Sticky Web
|-unboost|p1a: Walking Wake|spe|1
|-status|p1a: Walking Wake|psn
|turn|12
|inactive|wksma has 60 seconds left.
|inactive|bustergoat has 90 seconds left.
|inactive|bustergoat has 60 seconds left.
|
|t:|1760430995
|move|p2a: Serperior|Dragon Pulse|p1a: Walking Wake
|-supereffective|p1a: Walking Wake
|-damage|p1a: Walking Wake|6/100 psn
|move|p1a: Walking Wake|Hydro Steam|p2a: Serperior
|-supereffective|p2a: Serperior
|-damage|p2a: Serperior|0 fnt
|faint|p2a: Serperior
|
|-damage|p1a: Walking Wake|0 fnt|[from] psn
|faint|p1a: Walking Wake
|-end|p1a: Walking Wake|Protosynthesis|[silent]
|upkeep
|inactive|wksma has 60 seconds left.
|inactive|bustergoat has 30 seconds left.
|
|t:|1760431006
|switch|p2a: Enamorus|Enamorus, F|100/100
|switch|p1a: Skeledirge|Skeledirge, M|100/100
|turn|13
|
|t:|1760431010
|move|p2a: Enamorus|Earth Power|p1a: Skeledirge
|-supereffective|p1a: Skeledirge
|-damage|p1a: Skeledirge|40/100
|move|p1a: Skeledirge|Torch Song|p2a: Enamorus
|-damage|p2a: Enamorus|59/100
|-boost|p1a: Skeledirge|spa|1
|
|upkeep
|turn|14
|
|t:|1760431016
|move|p2a: Enamorus|Earth Power|p1a: Skeledirge
|-supereffective|p1a: Skeledirge
|-damage|p1a: Skeledirge|0 fnt
|faint|p1a: Skeledirge
|
|upkeep
|
|t:|1760431019
|switch|p1a: Hatterene|Hatterene, F|100/100
|-activate|p1a: Hatterene|move: Sticky Web
|-unboost|p1a: Hatterene|spe|1
|-status|p1a: Hatterene|psn
|turn|15
|
|t:|1760431025
|move|p2a: Enamorus|Earth Power|p1a: Hatterene
|-damage|p1a: Hatterene|62/100 psn
|move|p1a: Hatterene|Nuzzle|p2a: Enamorus
|-supereffective|p2a: Enamorus
|-damage|p2a: Enamorus|47/100
|-status|p2a: Enamorus|par
|
|-damage|p1a: Hatterene|50/100 psn|[from] psn
|upkeep
|turn|16
|inactive|bustergoat has 60 seconds left.
|
|t:|1760431031
|move|p2a: Enamorus|Earth Power|p1a: Hatterene
|-damage|p1a: Hatterene|13/100 psn
|move|p1a: Hatterene|Psychic Noise|p2a: Enamorus
|-damage|p2a: Enamorus|0 fnt
|faint|p2a: Enamorus
|
|-damage|p1a: Hatterene|0 fnt|[from] psn
|faint|p1a: Hatterene
|upkeep
|
|t:|1760431035
|switch|p2a: Dragapult|Dragapult, F, shiny|78/100 psn
|switch|p1a: Decidueye|Decidueye-Hisui, M|100/100
|-activate|p1a: Decidueye|move: Sticky Web
|-unboost|p1a: Decidueye|spe|1
|-status|p1a: Decidueye|psn
|turn|17
|
|t:|1760431042
|-terastallize|p1a: Decidueye|Fighting
|move|p2a: Dragapult|Flamethrower|p1a: Decidueye
|-damage|p1a: Decidueye|63/100 psn
|-damage|p2a: Dragapult|69/100 psn|[from] item: Life Orb
|move|p1a: Decidueye|Triple Arrows|p2a: Dragapult
|-damage|p2a: Dragapult|0 fnt
|faint|p2a: Dragapult
|
|win|wksma
|raw|wksma's rating: 1098 &rarr; <strong>1122</strong><br />(+24 for winning)
|raw|bustergoat's rating: 1080 &rarr; <strong>1059</strong><br />(-21 for losing)
|l|☆wksma
|player|p1|
|l|‽bustergoat
|player|p2|
