|j|☆Shabooya1
|j|☆Haconnhabatrieu
|t:|1760320900
|gametype|singles
|player|p1|Shabooya1|ghetsis-gen5bw|1365
|player|p2|Haconnhabatrieu|ninjaboy|1361
|gen|9
|tier|[Gen 9] OU
|rated|
|rule|HP Percentage Mod: HP is shown in percentages
|rule|Endless Battle Clause: Forcing endless battles is banned
|rule|Species Clause: Limit one of each Pokémon
|rule|OHKO Clause: OHKO moves are banned
|rule|Evasion Items Clause: Evasion items are banned
|rule|Evasion Moves Clause: Evasion moves are banned
|rule|Evasion Abilities Clause: Evasion abilities are banned
|rule|Sleep Moves Clause: Sleep-inducing moves are banned
|clearpoke
|poke|p1|Cresselia, F|
|poke|p1|Torkoal, M|
|poke|p1|Mimikyu, M|
|poke|p1|Hatterene, F|
|poke|p1|Snorlax, F|
|poke|p1|Donphan, L1, M|
|poke|p2|Mew|
|poke|p2|Cinderace, M|
|poke|p2|Gholdengo|
|poke|p2|Ting-Lu|
|poke|p2|Ninetales-Alola, M|
|poke|p2|Dragonite, M|
|teampreview
|j| venomania
|inactive|Battle timer is ON: inactive players will automatically lose when time's up. (requested by Shabooya1)
|
|t:|1760320912
|teamsize|p1|6
|teamsize|p2|6
|start
|switch|p1a: Donphan|Donphan, L1, M, shiny|100/100
|switch|p2a: Cinderace|Cinderace, M, shiny|100/100
|turn|1
|
|t:|1760320918
|move|p2a: Cinderace|Pyro Ball|p1a: Donphan|[miss]
|-miss|p2a: Cinderace|p1a: Donphan
|move|p1a: Donphan|Endeavor|p2a: Cinderace
|-damage|p2a: Cinderace|5/100
|
|upkeep
|turn|2
|
|t:|1760320936
|move|p2a: Cinderace|Pyro Ball|p1a: Donphan
|-ability|p1a: Donphan|Sturdy
|-damage|p1a: Donphan|8/100
|move|p1a: Donphan|Endeavor|p2a: Cinderace
|-damage|p2a: Cinderace|1/100
|-heal|p1a: Donphan|16/100|[from] item: Shell Bell|[of] p2a: Cinderace
|
|upkeep
|turn|3
|
|t:|1760320952
|switch|p2a: Gholdengo|Gholdengo, shiny|100/100
|move|p1a: Donphan|Ice Shard|p2a: Gholdengo
|-resisted|p2a: Gholdengo
|-damage|p2a: Gholdengo|99/100
|-heal|p1a: Donphan|24/100|[from] item: Shell Bell|[of] p2a: Gholdengo
|
|upkeep
|turn|4
|
|t:|1760320962
|move|p2a: Gholdengo|Make It Rain|p1a: Donphan
|-damage|p1a: Donphan|0 fnt
|-unboost|p2a: Gholdengo|spa|1
|faint|p1a: Donphan
|
|upkeep
|
|t:|1760320967
|switch|p1a: Hatterene|Hatterene, F, shiny|100/100
|turn|5
|
|t:|1760320971
|move|p2a: Gholdengo|Make It Rain|p1a: Hatterene
|-supereffective|p1a: Hatterene
|-enditem|p1a: Hatterene|Focus Sash
|-damage|p1a: Hatterene|1/100
|-unboost|p2a: Gholdengo|spa|1
|move|p1a: Hatterene|Trick Room|p1a: Hatterene
|-fieldstart|move: Trick Room|[of] p1a: Hatterene
|
|upkeep
|turn|6
|
|t:|1760320983
|switch|p2a: Ting-Lu|Ting-Lu, shiny|100/100
|-ability|p2a: Ting-Lu|Vessel of Ruin
|move|p1a: Hatterene|Misty Explosion|p2a: Ting-Lu
|-supereffective|p2a: Ting-Lu
|-damage|p2a: Ting-Lu|44/100
|-enditem|p2a: Ting-Lu|Weakness Policy
|-boost|p2a: Ting-Lu|atk|2|[from] item: Weakness Policy
|-boost|p2a: Ting-Lu|spa|2|[from] item: Weakness Policy
|faint|p1a: Hatterene
|
|upkeep
|
|t:|1760320985
|switch|p1a: EZAF|Torkoal, M, shiny|100/100
|-weather|SunnyDay|[from] ability: Drought|[of] p1a: EZAF
|turn|7
|
|t:|1760320997
|-terastallize|p1a: EZAF|Fire
|move|p1a: EZAF|Eruption|p2a: Ting-Lu
|-damage|p2a: Ting-Lu|0 fnt
|faint|p2a: Ting-Lu
|
|-weather|SunnyDay|[upkeep]
|upkeep
|
|t:|1760321015
|switch|p2a: Ninetales|Ninetales-Alola, M|100/100
|-weather|Snowscape|[from] ability: Snow Warning|[of] p2a: Ninetales
|turn|8
|
|t:|1760321027
|-terastallize|p2a: Ninetales|Water
|move|p1a: EZAF|Eruption|p2a: Ninetales
|-resisted|p2a: Ninetales
|-damage|p2a: Ninetales|38/100
|move|p2a: Ninetales|Aurora Veil|p2a: Ninetales
|-sidestart|p2: Haconnhabatrieu|move: Aurora Veil
|
|-weather|Snowscape|[upkeep]
|upkeep
|turn|9
|
|t:|1760321037
|move|p1a: EZAF|Eruption|p2a: Ninetales
|-resisted|p2a: Ninetales
|-damage|p2a: Ninetales|8/100
|move|p2a: Ninetales|Pain Split|p1a: EZAF
|-sethp|p1a: EZAF|54/100|[from] move: Pain Split|[silent]
|-sethp|p2a: Ninetales|53/100|[from] move: Pain Split
|
|-weather|Snowscape|[upkeep]
|-fieldend|move: Trick Room
|upkeep
|turn|10
|
|t:|1760321052
|switch|p1a: Git gud|Cresselia, F, shiny|100/100
|move|p2a: Ninetales|Moonblast|p1a: Git gud
|-damage|p1a: Git gud|85/100
|
|-weather|Snowscape|[upkeep]
|upkeep
|turn|11
|
|t:|1760321065
|switch|p2a: Cinderace|Cinderace, M, shiny|1/100
|move|p1a: Git gud|Trick Room|p1a: Git gud
|-fieldstart|move: Trick Room|[of] p1a: Git gud
|
|-weather|Snowscape|[upkeep]
|upkeep
|turn|12
|
|t:|1760321075
|move|p2a: Cinderace|Sucker Punch|p1a: Git gud
|-start|p2a: Cinderace|typechange|Dark|[from] ability: Libero
|-supereffective|p1a: Git gud
|-damage|p1a: Git gud|43/100
|move|p1a: Git gud|Psychic|p2a: Cinderace
|-immune|p2a: Cinderace
|
|-weather|none
|upkeep
|turn|13
|inactive|Haconnhabatrieu has 120 seconds left.
|
|t:|1760321101
|switch|p2a: Gholdengo|Gholdengo, shiny|99/100
|move|p1a: Git gud|Lunar Dance|p1a: Git gud
|faint|p1a: Git gud
|
|upkeep
|
|t:|1760321115
|switch|p1a: EZAF|Torkoal, M, shiny, tera:Fire|54/100
|-heal|p1a: EZAF|100/100|[from] move: Lunar Dance
|-weather|SunnyDay|[from] ability: Drought|[of] p1a: EZAF
|turn|14
|
|t:|1760321123
|switch|p2a: Ninetales|Ninetales-Alola, M, tera:Water|53/100
|-weather|Snowscape|[from] ability: Snow Warning|[of] p2a: Ninetales
|move|p1a: EZAF|Eruption|p2a: Ninetales
|-resisted|p2a: Ninetales
|-damage|p2a: Ninetales|24/100
|
|-weather|Snowscape|[upkeep]
|upkeep
|turn|15
|l| venomania
|inactive|Haconnhabatrieu has 120 seconds left.
|inactive|Haconnhabatrieu has 90 seconds left.
|inactive|Haconnhabatrieu has 60 seconds left.
|
|t:|1760321204
|switch|p2a: Cinderace|Cinderace, M, shiny|1/100
|move|p1a: EZAF|Eruption|p2a: Cinderace
|-resisted|p2a: Cinderace
|-damage|p2a: Cinderace|0 fnt
|faint|p2a: Cinderace
|
|-weather|Snowscape|[upkeep]
|-sideend|p2: Haconnhabatrieu|move: Aurora Veil
|-fieldend|move: Trick Room
|upkeep
|inactive|Haconnhabatrieu has 60 seconds left.
|
|t:|1760321212
|switch|p2a: Dragonite|Dragonite, M|100/100
|turn|16
|inactive|Haconnhabatrieu has 60 seconds left.
|
|t:|1760321231
|move|p2a: Dragonite|Dragon Dance|p2a: Dragonite
|-boost|p2a: Dragonite|atk|1
|-boost|p2a: Dragonite|spe|1
|move|p1a: EZAF|Eruption|p2a: Dragonite
|-resisted|p2a: Dragonite
|-damage|p2a: Dragonite|67/100
|
|-weather|Snowscape|[upkeep]
|upkeep
|turn|17
|inactive|Haconnhabatrieu has 60 seconds left.
|
|t:|1760321244
|switch|p1a: Hit me|Mimikyu, M, shiny|100/100
|move|p2a: Dragonite|Extreme Speed|p1a: Hit me
|-immune|p1a: Hit me
|
|-weather|Snowscape|[upkeep]
|upkeep
|turn|18
|
|t:|1760321259
|move|p2a: Dragonite|Blizzard|p1a: Hit me
|-activate|p1a: Hit me|ability: Disguise
|-damage|p1a: Hit me|100/100
|detailschange|p1a: Hit me|Mimikyu-Busted, M, shiny
|-damage|p1a: Hit me|88/100|[from] pokemon: Mimikyu-Busted
|-enditem|p1a: Hit me|Red Card|[of] p2a: Dragonite
|drag|p2a: Ninetales|Ninetales-Alola, M, tera:Water|24/100
|move|p1a: Hit me|Play Rough|p2a: Ninetales
|-damage|p2a: Ninetales|0 fnt
|faint|p2a: Ninetales
|
|-weather|none
|upkeep
|inactive|Haconnhabatrieu has 60 seconds left.
|
|t:|1760321273
|switch|p2a: Gholdengo|Gholdengo, shiny|99/100
|turn|19
|
|t:|1760321277
|move|p2a: Gholdengo|Shadow Ball|p1a: Hit me
|-supereffective|p1a: Hit me
|-damage|p1a: Hit me|0 fnt
|faint|p1a: Hit me
|
|upkeep
|
|t:|1760321295
|switch|p1a: Snorlax|Snorlax, F, shiny|100/100
|turn|20
|
|t:|1760321304
|switch|p2a: Dragonite|Dragonite, M|67/100
|move|p1a: Snorlax|Curse|p1a: Snorlax
|-unboost|p1a: Snorlax|spe|1
|-boost|p1a: Snorlax|atk|1
|-boost|p1a: Snorlax|def|1
|
|upkeep
|turn|21
|
|t:|1760321332
|move|p2a: Dragonite|Blizzard|p1a: Snorlax
|-damage|p1a: Snorlax|93/100
|move|p1a: Snorlax|Curse|p1a: Snorlax
|-unboost|p1a: Snorlax|spe|1
|-boost|p1a: Snorlax|atk|1
|-boost|p1a: Snorlax|def|1
|
|-heal|p1a: Snorlax|99/100|[from] item: Leftovers
|upkeep
|turn|22
|
|t:|1760321340
|move|p2a: Dragonite|Blizzard|p1a: Snorlax|[miss]
|-miss|p2a: Dragonite|p1a: Snorlax
|move|p1a: Snorlax|Curse|p1a: Snorlax
|-unboost|p1a: Snorlax|spe|1
|-boost|p1a: Snorlax|atk|1
|-boost|p1a: Snorlax|def|1
|
|-heal|p1a: Snorlax|100/100|[from] item: Leftovers
|upkeep
|turn|23
|inactive|Shabooya1 has 120 seconds left.
|
|t:|1760321371
|move|p2a: Dragonite|Blizzard|p1a: Snorlax
|-damage|p1a: Snorlax|92/100
|-status|p1a: Snorlax|frz
|-curestatus|p1a: Snorlax|frz|[msg]
|move|p1a: Snorlax|Curse|p1a: Snorlax
|-unboost|p1a: Snorlax|spe|1
|-boost|p1a: Snorlax|atk|1
|-boost|p1a: Snorlax|def|1
|
|-heal|p1a: Snorlax|99/100|[from] item: Leftovers
|upkeep
|turn|24
|
|t:|1760321400
|move|p2a: Dragonite|Blizzard|p1a: Snorlax|[miss]
|-miss|p2a: Dragonite|p1a: Snorlax
|move|p1a: Snorlax|Body Slam|p2a: Dragonite
|-damage|p2a: Dragonite|0 fnt
|faint|p2a: Dragonite
|
|-heal|p1a: Snorlax|100/100|[from] item: Leftovers
|upkeep
|
|t:|1760321405
|switch|p2a: Gholdengo|Gholdengo, shiny|99/100
|turn|25
|
|t:|1760321412
|move|p2a: Gholdengo|Trick|p1a: Snorlax
|-activate|p2a: Gholdengo|move: Trick|[of] p1a: Snorlax
|-item|p1a: Snorlax|Choice Specs|[from] move: Trick
|-item|p2a: Gholdengo|Leftovers|[from] move: Trick
|move|p1a: Snorlax|Heat Crash|p2a: Gholdengo
|-supereffective|p2a: Gholdengo
|-damage|p2a: Gholdengo|0 fnt
|faint|p2a: Gholdengo
|
|upkeep
|
|t:|1760321418
|switch|p2a: Mew|Mew, shiny|100/100
|turn|26
|
|t:|1760321433
|move|p2a: Mew|Nasty Plot|p2a: Mew
|-boost|p2a: Mew|spa|2
|move|p1a: Snorlax|Heat Crash|p2a: Mew
|-damage|p2a: Mew|28/100
|
|upkeep
|turn|27
|
|t:|1760321443
|move|p2a: Mew|Psychic Noise|p1a: Snorlax
|-damage|p1a: Snorlax|72/100
|-start|p1a: Snorlax|move: Heal Block
|move|p1a: Snorlax|Heat Crash|p2a: Mew
|-damage|p2a: Mew|0 fnt
|faint|p2a: Mew
|
|win|Shabooya1
|raw|Shabooya1's rating: 1365 &rarr; <strong>1385</strong><br />(+20 for winning)
|raw|Haconnhabatrieu's rating: 1361 &rarr; <strong>1341</strong><br />(-20 for losing)
|l|☆Haconnhabatrieu
|player|p2|
|l|☆Shabooya1
|player|p1|
