|j|☆MintyCrk
|j|☆Scaloppina97
|t:|1760434942
|gametype|singles
|player|p1|MintyCrk|caitlin|1156
|player|p2|Scaloppina97|fisherman-gen4|1191
|gen|9
|tier|[Gen 9] OU
|rated|
|rule|HP Percentage Mod: HP is shown in percentages
|rule|Endless Battle Clause: Forcing endless battles is banned
|rule|Species Clause: Limit one of each Pokémon
|rule|OHKO Clause: OHKO moves are banned
|rule|Evasion Items Clause: Evasion items are banned
|rule|Evasion Moves Clause: Evasion moves are banned
|rule|Evasion Abilities Clause: Evasion abilities are banned
|rule|Sleep Moves Clause: Sleep-inducing moves are banned
|clearpoke
|poke|p1|Gholdengo|
|poke|p1|Serperior, M|
|poke|p1|Gardevoir, M|
|poke|p1|Froslass, F|
|poke|p1|Chansey, F|
|poke|p1|Gliscor, F|
|poke|p2|Gliscor, M|
|poke|p2|Clefable, F|
|poke|p2|Dondozo, M|
|poke|p2|Blissey, F|
|poke|p2|Clodsire, F|
|poke|p2|Corviknight, M|
|teampreview
|
|t:|1760434950
|teamsize|p1|6
|teamsize|p2|6
|start
|switch|p1a: Froslass|Froslass, F|100/100
|switch|p2a: Gliscor|Gliscor, M|100/100
|turn|1
|
|t:|1760434962
|switch|p2a: Thiccey|Blissey, F|100/100
|move|p1a: Froslass|Switcheroo|p2a: Thiccey
|-activate|p1a: Froslass|move: Trick|[of] p2a: Thiccey
|-item|p2a: Thiccey|Choice Band|[from] move: Switcheroo
|-item|p1a: Froslass|Heavy-Duty Boots|[from] move: Switcheroo
|
|upkeep
|turn|2
|
|t:|1760434972
|move|p1a: Froslass|Triple Axel|p2a: Thiccey
|-damage|p2a: Thiccey|92/100
|-damage|p2a: Thiccey|77/100
|-damage|p2a: Thiccey|53/100
|-hitcount|p2a: Thiccey|3
|move|p2a: Thiccey|Shadow Ball|p1a: Froslass
|-supereffective|p1a: Froslass
|-damage|p1a: Froslass|56/100
|-unboost|p1a: Froslass|spd|1
|-start|p2a: Thiccey|Disable|Shadow Ball|[from] ability: Cursed Body|[of] p1a: Froslass
|
|upkeep
|turn|3
|
|t:|1760434989
|switch|p1a: Chansey|Chansey, F|100/100
|switch|p2a: Corviknight|Corviknight, M|100/100
|-ability|p2a: Corviknight|Pressure
|
|upkeep
|turn|4
|
|t:|1760434995
|move|p2a: Corviknight|Body Press|p1a: Chansey
|-supereffective|p1a: Chansey
|-damage|p1a: Chansey|49/100
|move|p1a: Chansey|Thunder Wave|p2a: Corviknight
|-status|p2a: Corviknight|par
|
|upkeep
|turn|5
|
|t:|1760435002
|switch|p1a: Froslass|Froslass, F|56/100
|cant|p2a: Corviknight|par
|
|upkeep
|turn|6
|
|t:|1760435007
|move|p1a: Froslass|Switcheroo|p2a: Corviknight
|-activate|p1a: Froslass|move: Trick|[of] p2a: Corviknight
|-item|p2a: Corviknight|Heavy-Duty Boots|[from] move: Switcheroo
|-item|p1a: Froslass|Rocky Helmet|[from] move: Switcheroo
|cant|p2a: Corviknight|par
|
|upkeep
|turn|7
|
|t:|1760435025
|switch|p1a: Chansey|Chansey, F|49/100
|move|p2a: Corviknight|Body Press|p1a: Chansey
|-supereffective|p1a: Chansey
|-damage|p1a: Chansey|1/100
|
|upkeep
|turn|8
|
|t:|1760435036
|move|p1a: Chansey|Stealth Rock|p2a: Corviknight
|-sidestart|p2: Scaloppina97|move: Stealth Rock
|cant|p2a: Corviknight|par
|
|upkeep
|turn|9
|
|t:|1760435043
|move|p1a: Chansey|Soft-Boiled|p1a: Chansey
|-heal|p1a: Chansey|51/100
|cant|p2a: Corviknight|par
|
|upkeep
|turn|10
|
|t:|1760435050
|move|p1a: Chansey|Soft-Boiled|p1a: Chansey
|-heal|p1a: Chansey|100/100
|move|p2a: Corviknight|Body Press|p1a: Chansey
|-supereffective|p1a: Chansey
|-damage|p1a: Chansey|54/100
|
|upkeep
|turn|11
|
|t:|1760435056
|move|p1a: Chansey|Seismic Toss|p2a: Corviknight
|-damage|p2a: Corviknight|75/100 par
|cant|p2a: Corviknight|par
|
|upkeep
|turn|12
|
|t:|1760435061
|move|p1a: Chansey|Seismic Toss|p2a: Corviknight
|-damage|p2a: Corviknight|50/100 par
|move|p2a: Corviknight|Body Press|p1a: Chansey
|-supereffective|p1a: Chansey
|-damage|p1a: Chansey|7/100
|
|upkeep
|turn|13
|
|t:|1760435067
|move|p1a: Chansey|Soft-Boiled|p1a: Chansey
|-heal|p1a: Chansey|57/100
|move|p2a: Corviknight|Body Press|p1a: Chansey
|-supereffective|p1a: Chansey
|-damage|p1a: Chansey|11/100
|
|upkeep
|turn|14
|
|t:|1760435073
|move|p1a: Chansey|Soft-Boiled|p1a: Chansey
|-heal|p1a: Chansey|61/100
|move|p2a: Corviknight|Body Press|p1a: Chansey
|-supereffective|p1a: Chansey
|-damage|p1a: Chansey|9/100
|
|upkeep
|turn|15
|
|t:|1760435079
|move|p1a: Chansey|Soft-Boiled|p1a: Chansey
|-heal|p1a: Chansey|59/100
|cant|p2a: Corviknight|par
|
|upkeep
|turn|16
|
|t:|1760435085
|switch|p2a: Gliscor|Gliscor, M|100/100
|-damage|p2a: Gliscor|88/100|[from] Stealth Rock
|move|p1a: Chansey|Seismic Toss|p2a: Gliscor
|-damage|p2a: Gliscor|60/100
|
|-status|p2a: Gliscor|tox|[from] item: Toxic Orb
|upkeep
|turn|17
|
|t:|1760435093
|switch|p1a: Gliscor|Gliscor, F|100/100
|move|p2a: Gliscor|Toxic|p1a: Gliscor
|-status|p1a: Gliscor|tox
|
|-heal|p2a: Gliscor|72/100 tox|[from] ability: Poison Heal
|upkeep
|turn|18
|
|t:|1760435100
|move|p1a: Gliscor|Swords Dance|p1a: Gliscor
|-boost|p1a: Gliscor|atk|2
|move|p2a: Gliscor|Spikes|p1a: Gliscor
|-sidestart|p1: MintyCrk|Spikes
|
|-heal|p2a: Gliscor|85/100 tox|[from] ability: Poison Heal
|upkeep
|turn|19
|
|t:|1760435106
|move|p1a: Gliscor|Swords Dance|p1a: Gliscor
|-boost|p1a: Gliscor|atk|2
|move|p2a: Gliscor|Spikes|p1a: Gliscor
|-sidestart|p1: MintyCrk|Spikes
|
|-heal|p2a: Gliscor|97/100 tox|[from] ability: Poison Heal
|upkeep
|turn|20
|
|t:|1760435112
|move|p1a: Gliscor|Swords Dance|p1a: Gliscor
|-boost|p1a: Gliscor|atk|2
|move|p2a: Gliscor|Spikes|p1a: Gliscor
|-sidestart|p1: MintyCrk|Spikes
|
|-heal|p2a: Gliscor|100/100 tox|[from] ability: Poison Heal
|upkeep
|turn|21
|
|t:|1760435120
|switch|p2a: Bozo|Dondozo, M|100/100
|move|p1a: Gliscor|Stone Edge|p2a: Bozo
|-damage|p2a: Bozo|88/100
|
|upkeep
|turn|22
|
|t:|1760435135
|-terastallize|p1a: Gliscor|Steel
|move|p1a: Gliscor|Earthquake|p2a: Bozo
|-damage|p2a: Bozo|70/100
|move|p2a: Bozo|Waterfall|p1a: Gliscor
|-damage|p1a: Gliscor|74/100 tox
|
|-heal|p1a: Gliscor|87/100 tox|[from] ability: Poison Heal
|upkeep
|turn|23
|
|t:|1760435152
|switch|p1a: Serperior|Serperior, M|100/100
|-damage|p1a: Serperior|76/100|[from] Spikes
|move|p2a: Bozo|Curse|p2a: Bozo
|-unboost|p2a: Bozo|spe|1
|-boost|p2a: Bozo|atk|1
|-boost|p2a: Bozo|def|1
|
|upkeep
|turn|24
|
|t:|1760435173
|switch|p2a: Big Chungus|Clefable, F|100/100
|move|p1a: Serperior|Leaf Storm|p2a: Big Chungus
|-damage|p2a: Big Chungus|57/100
|-boost|p1a: Serperior|spa|2
|
|-heal|p2a: Big Chungus|63/100|[from] item: Leftovers
|upkeep
|turn|25
|
|t:|1760435184
|switch|p2a: Thiccey|Blissey, F|53/100
|-damage|p2a: Thiccey|40/100|[from] Stealth Rock
|move|p1a: Serperior|Leaf Storm|p2a: Thiccey
|-damage|p2a: Thiccey|10/100
|-boost|p1a: Serperior|spa|2
|
|upkeep
|turn|26
|
|t:|1760435193
|move|p1a: Serperior|Leaf Storm|p2a: Thiccey
|-damage|p2a: Thiccey|0 fnt
|-boost|p1a: Serperior|spa|2
|faint|p2a: Thiccey
|
|upkeep
|
|t:|1760435199
|switch|p2a: Corviknight|Corviknight, M|50/100 par
|-ability|p2a: Corviknight|Pressure
|turn|27
|
|t:|1760435204
|move|p1a: Serperior|Leaf Storm|p2a: Corviknight
|-resisted|p2a: Corviknight
|-damage|p2a: Corviknight|5/100 par
|move|p2a: Corviknight|Brave Bird|p1a: Serperior
|-supereffective|p1a: Serperior
|-damage|p1a: Serperior|0 fnt
|faint|p1a: Serperior
|-damage|p2a: Corviknight|0 fnt|[from] Recoil
|faint|p2a: Corviknight
|
|upkeep
|
|t:|1760435214
|switch|p1a: Chansey|Chansey, F|59/100
|switch|p2a: Gliscor|Gliscor, M|100/100 tox
|-damage|p2a: Gliscor|88/100 tox|[from] Stealth Rock
|-damage|p1a: Chansey|34/100|[from] Spikes
|turn|28
|
|t:|1760435223
|move|p2a: Gliscor|Toxic|p1a: Chansey
|-status|p1a: Chansey|tox
|move|p1a: Chansey|Soft-Boiled|p1a: Chansey
|-heal|p1a: Chansey|84/100 tox
|
|-heal|p2a: Gliscor|100/100 tox|[from] ability: Poison Heal
|-damage|p1a: Chansey|78/100 tox|[from] psn
|upkeep
|turn|29
|
|t:|1760435234
|switch|p2a: Bozo|Dondozo, M|70/100
|move|p1a: Chansey|Seismic Toss|p2a: Bozo
|-damage|p2a: Bozo|50/100
|
|-damage|p1a: Chansey|66/100 tox|[from] psn
|upkeep
|turn|30
|
|t:|1760435242
|move|p1a: Chansey|Soft-Boiled|p1a: Chansey
|-heal|p1a: Chansey|100/100 tox
|move|p2a: Bozo|Rest|p2a: Bozo
|-status|p2a: Bozo|slp|[from] move: Rest
|-heal|p2a: Bozo|100/100 slp|[silent]
|
|-damage|p1a: Chansey|82/100 tox|[from] psn
|upkeep
|turn|31
|
|t:|1760435250
|move|p1a: Chansey|Seismic Toss|p2a: Bozo
|-damage|p2a: Bozo|81/100 slp
|cant|p2a: Bozo|slp
|move|p2a: Bozo|Sleep Talk|p2a: Bozo
|move|p2a: Bozo|Curse|p2a: Bozo|[from] move: Sleep Talk
|-unboost|p2a: Bozo|spe|1
|-boost|p2a: Bozo|atk|1
|-boost|p2a: Bozo|def|1
|
|-damage|p1a: Chansey|57/100 tox|[from] psn
|upkeep
|turn|32
|
|t:|1760435263
|move|p1a: Chansey|Seismic Toss|p2a: Bozo
|-damage|p2a: Bozo|61/100 slp
|cant|p2a: Bozo|slp
|move|p2a: Bozo|Sleep Talk|p2a: Bozo
|move|p2a: Bozo|Rest||[from] move: Sleep Talk|[still]
|-fail|p2a: Bozo
|
|-damage|p1a: Chansey|25/100 tox|[from] psn
|upkeep
|turn|33
|
|t:|1760435273
|move|p1a: Chansey|Soft-Boiled|p1a: Chansey
|-heal|p1a: Chansey|75/100 tox
|-curestatus|p2a: Bozo|slp|[msg]
|move|p2a: Bozo|Waterfall|p1a: Chansey
|-damage|p1a: Chansey|39/100 tox
|
|-damage|p1a: Chansey|2/100 tox|[from] psn
|upkeep
|turn|34
|
|t:|1760435286
|move|p1a: Chansey|Thunder Wave|p2a: Bozo
|-status|p2a: Bozo|par
|move|p2a: Bozo|Rest|p2a: Bozo
|-status|p2a: Bozo|slp|[from] move: Rest
|-heal|p2a: Bozo|100/100 slp|[silent]
|
|-damage|p1a: Chansey|0 fnt|[from] psn
|faint|p1a: Chansey
|upkeep
|
|t:|1760435293
|switch|p1a: Froslass|Froslass, F|56/100
|-damage|p1a: Froslass|31/100|[from] Spikes
|turn|35
|
|t:|1760435300
|move|p1a: Froslass|Taunt|p2a: Bozo
|-start|p2a: Bozo|move: Taunt
|cant|p2a: Bozo|slp
|cant|p2a: Bozo|move: Taunt|Sleep Talk
|
|upkeep
|turn|36
|
|t:|1760435306
|move|p1a: Froslass|Switcheroo|p2a: Bozo
|-activate|p1a: Froslass|move: Trick|[of] p2a: Bozo
|-item|p2a: Bozo|Rocky Helmet|[from] move: Switcheroo
|-item|p1a: Froslass|Heavy-Duty Boots|[from] move: Switcheroo
|cant|p2a: Bozo|slp
|
|upkeep
|turn|37
|
|t:|1760435311
|move|p1a: Froslass|Triple Axel|p2a: Bozo
|-resisted|p2a: Bozo
|-damage|p2a: Bozo|99/100 slp
|-damage|p1a: Froslass|14/100|[from] item: Rocky Helmet|[of] p2a: Bozo
|-resisted|p2a: Bozo
|-damage|p2a: Bozo|97/100 slp
|-damage|p1a: Froslass|0 fnt|[from] item: Rocky Helmet|[of] p2a: Bozo
|faint|p1a: Froslass
|-hitcount|p2a: Bozo|2
|-curestatus|p2a: Bozo|slp|[msg]
|move|p2a: Bozo|Waterfall|p1: Froslass|[notarget]
|-fail|p2a: Bozo
|
|-end|p2a: Bozo|move: Taunt
|upkeep
|
|t:|1760435317
|switch|p1a: Gholdengo|Gholdengo|100/100
|-damage|p1a: Gholdengo|76/100|[from] Spikes
|turn|38
|
|t:|1760435335
|move|p1a: Gholdengo|Shadow Ball|p2a: Bozo
|-damage|p2a: Bozo|39/100
|move|p2a: Bozo|Waterfall|p1a: Gholdengo
|-damage|p1a: Gholdengo|27/100
|
|upkeep
|turn|39
|
|t:|1760435344
|move|p1a: Gholdengo|Shadow Ball|p2a: Bozo
|-damage|p2a: Bozo|0 fnt
|faint|p2a: Bozo
|
|upkeep
|
|t:|1760435363
|switch|p2a: Slug|Clodsire, F|100/100
|turn|40
|
|t:|1760435369
|move|p1a: Gholdengo|Shadow Ball|p2a: Slug
|-damage|p2a: Slug|66/100
|move|p2a: Slug|Earthquake|p1a: Gholdengo
|-supereffective|p1a: Gholdengo
|-damage|p1a: Gholdengo|0 fnt
|faint|p1a: Gholdengo
|
|upkeep
|
|t:|1760435375
|switch|p1a: Gardevoir|Gardevoir, M|100/100
|-damage|p1a: Gardevoir|76/100|[from] Spikes
|-ability|p1a: Gardevoir|Unaware|Trace|[from] ability: Trace|[of] p2a: Slug
|turn|41
|
|t:|1760435383
|move|p1a: Gardevoir|Psychic|p2a: Slug
|-supereffective|p2a: Slug
|-damage|p2a: Slug|0 fnt
|faint|p2a: Slug
|
|upkeep
|
|t:|1760435389
|switch|p2a: Big Chungus|Clefable, F|63/100
|turn|42
|
|t:|1760435393
|move|p1a: Gardevoir|Psychic|p2a: Big Chungus
|-damage|p2a: Big Chungus|0 fnt
|faint|p2a: Big Chungus
|
|upkeep
|
|t:|1760435397
|switch|p2a: Gliscor|Gliscor, M|100/100 tox
|-damage|p2a: Gliscor|88/100 tox|[from] Stealth Rock
|turn|43
|
|t:|1760435405
|-terastallize|p2a: Gliscor|Ghost
|move|p1a: Gardevoir|Psychic|p2a: Gliscor
|-damage|p2a: Gliscor|3/100 tox
|move|p2a: Gliscor|Earthquake|p1a: Gardevoir
|-damage|p1a: Gardevoir|20/100
|
|-heal|p2a: Gliscor|16/100 tox|[from] ability: Poison Heal
|upkeep
|turn|44
|
|t:|1760435414
|move|p2a: Gliscor|Protect|p2a: Gliscor
|-singleturn|p2a: Gliscor|Protect
|move|p1a: Gardevoir|Psychic|p2a: Gliscor
|-activate|p2a: Gliscor|move: Protect
|
|-heal|p2a: Gliscor|28/100 tox|[from] ability: Poison Heal
|upkeep
|turn|45
|
|t:|1760435421
|move|p1a: Gardevoir|Psychic|p2a: Gliscor
|-damage|p2a: Gliscor|0 fnt
|faint|p2a: Gliscor
|
|win|MintyCrk
|raw|MintyCrk's rating: 1156 &rarr; <strong>1184</strong><br />(+28 for winning)
|raw|Scaloppina97's rating: 1191 &rarr; <strong>1163</strong><br />(-28 for losing)
|l|☆MintyCrk
|player|p1|
|l|☆Scaloppina97
|player|p2|
