|j|☆jxrx
|j|☆fulkttd
|t:|1760369264
|gametype|singles
|player|p1|jxrx|norman|1419
|player|p2|fulkttd|zinzolin|1407
|gen|9
|tier|[Gen 9] OU
|rated|
|rule|HP Percentage Mod: HP is shown in percentages
|rule|Endless Battle Clause: Forcing endless battles is banned
|rule|Species Clause: Limit one of each Pokémon
|rule|OHKO Clause: OHKO moves are banned
|rule|Evasion Items Clause: Evasion items are banned
|rule|Evasion Moves Clause: Evasion moves are banned
|rule|Evasion Abilities Clause: Evasion abilities are banned
|rule|Sleep Moves Clause: Sleep-inducing moves are banned
|clearpoke
|poke|p1|Sableye, M|
|poke|p1|Great Tusk|
|poke|p1|Rillaboom, M|
|poke|p1|Dragapult, M|
|poke|p1|Empoleon, M|
|poke|p1|Glimmora, F|
|poke|p2|Raging Bolt|
|poke|p2|Walking Wake|
|poke|p2|Iron Valiant|
|poke|p2|Meowscarada, F|
|poke|p2|Scizor, M|
|poke|p2|Okidogi, M|
|teampreview
|inactive|Battle timer is ON: inactive players will automatically lose when time's up. (requested by fulkttd)
|inactive|jxrx has 120 seconds left.
|inactive|fulkttd has 120 seconds left.
|inactive|jxrx has 90 seconds left.
|inactive|jxrx has 60 seconds left.
|
|t:|1760369356
|teamsize|p1|6
|teamsize|p2|6
|start
|switch|p1a: Glimmora|Glimmora, F|100/100
|switch|p2a: Meowscarada|Meowscarada, F|100/100
|turn|1
|inactive|jxrx has 120 seconds left.
|
|t:|1760369378
|move|p2a: Meowscarada|U-turn|p1a: Glimmora
|-start|p2a: Meowscarada|typechange|Bug|[from] ability: Protean
|-resisted|p1a: Glimmora
|-damage|p1a: Glimmora|83/100
|-activate|p1a: Glimmora|ability: Toxic Debris
|-sidestart|p2: fulkttd|move: Toxic Spikes
|
|t:|1760369388
|switch|p2a: Scizor|Scizor, M|100/100|[from] U-turn
|move|p1a: Glimmora|Sludge Wave|p2a: Scizor
|-immune|p2a: Scizor
|
|upkeep
|turn|2
|inactive|jxrx has 120 seconds left.
|
|t:|1760369401
|switch|p1a: Sableye|Sableye, M|100/100
|move|p2a: Scizor|Bullet Punch|p1a: Sableye
|-damage|p1a: Sableye|67/100
|-damage|p2a: Scizor|84/100|[from] item: Rocky Helmet|[of] p1a: Sableye
|
|upkeep
|turn|3
|inactive|jxrx has 120 seconds left.
|
|t:|1760369418
|switch|p2a: Meowscarada|Meowscarada, F|100/100
|-status|p2a: Meowscarada|psn
|move|p1a: Sableye|Knock Off|p2a: Meowscarada
|-resisted|p2a: Meowscarada
|-damage|p2a: Meowscarada|80/100 psn
|-enditem|p2a: Meowscarada|Choice Scarf|[from] move: Knock Off|[of] p1a: Sableye
|
|-damage|p2a: Meowscarada|68/100 psn|[from] psn
|upkeep
|turn|4
|
|t:|1760369424
|switch|p1a: Glimmora|Glimmora, F|83/100
|move|p2a: Meowscarada|U-turn|p1a: Glimmora
|-start|p2a: Meowscarada|typechange|Bug|[from] ability: Protean
|-resisted|p1a: Glimmora
|-damage|p1a: Glimmora|63/100
|-activate|p1a: Glimmora|ability: Toxic Debris
|-sidestart|p2: fulkttd|move: Toxic Spikes
|
|t:|1760369429
|switch|p2a: Scizor|Scizor, M|84/100|[from] U-turn
|
|upkeep
|turn|5
|
|t:|1760369435
|switch|p1a: Empoleon|Empoleon, M|100/100
|move|p2a: Scizor|Bullet Punch|p1a: Empoleon
|-resisted|p1a: Empoleon
|-damage|p1a: Empoleon|90/100
|
|-heal|p1a: Empoleon|96/100|[from] item: Leftovers
|upkeep
|turn|6
|
|t:|1760369440
|move|p1a: Empoleon|Surf|p2a: Scizor
|-crit|p2a: Scizor
|-damage|p2a: Scizor|8/100
|move|p2a: Scizor|Defog|p1a: Empoleon
|-unboost|p1a: Empoleon|evasion|1
|-ability|p1a: Empoleon|Competitive|boost
|-boost|p1a: Empoleon|spa|2
|-sideend|p2: fulkttd|Toxic Spikes|[from] move: Defog|[of] p2a: Scizor
|
|-heal|p1a: Empoleon|100/100|[from] item: Leftovers
|upkeep
|turn|7
|
|t:|1760369451
|move|p1a: Empoleon|Ice Beam|p2a: Scizor
|-resisted|p2a: Scizor
|-damage|p2a: Scizor|0 fnt
|faint|p2a: Scizor
|
|upkeep
|
|t:|1760369453
|switch|p2a: Raging Bolt|Raging Bolt|100/100
|turn|8
|
|t:|1760369463
|move|p2a: Raging Bolt|Thunderbolt|p1a: Empoleon
|-supereffective|p1a: Empoleon
|-damage|p1a: Empoleon|0 fnt
|faint|p1a: Empoleon
|
|upkeep
|
|t:|1760369466
|switch|p1a: Great Tusk|Great Tusk|100/100
|turn|9
|
|t:|1760369474
|-terastallize|p2a: Raging Bolt|Bug
|move|p1a: Great Tusk|Headlong Rush|p2a: Raging Bolt
|-resisted|p2a: Raging Bolt
|-damage|p2a: Raging Bolt|72/100
|-unboost|p1a: Great Tusk|def|1
|-unboost|p1a: Great Tusk|spd|1
|move|p2a: Raging Bolt|Volt Switch|p1a: Great Tusk
|-immune|p1a: Great Tusk
|
|upkeep
|turn|10
|
|t:|1760369479
|-end|p1a: Great Tusk|Protosynthesis|[silent]
|switch|p1a: Glimmora|Glimmora, F|63/100
|move|p2a: Raging Bolt|Draco Meteor|p1a: Glimmora
|-damage|p1a: Glimmora|0 fnt
|-unboost|p2a: Raging Bolt|spa|2
|faint|p1a: Glimmora
|-enditem|p2a: Raging Bolt|Eject Pack
|
|t:|1760369486
|-end|p2a: Raging Bolt|Protosynthesis|[silent]
|switch|p2a: Meowscarada|Meowscarada, F|68/100 psn
|
|-damage|p2a: Meowscarada|55/100 psn|[from] psn
|upkeep
|
|t:|1760369493
|switch|p1a: Dragapult|Dragapult, M|100/100
|turn|11
|
|t:|1760369496
|move|p1a: Dragapult|Dragon Darts|p2a: Meowscarada
|-damage|p2a: Meowscarada|16/100 psn
|-anim|p1a: Dragapult|Dragon Darts|p2a: Meowscarada
|-damage|p2a: Meowscarada|0 fnt
|faint|p2a: Meowscarada
|
|upkeep
|
|t:|1760369503
|switch|p2a: Okidogi|Okidogi, M|100/100
|turn|12
|
|t:|1760369507
|switch|p1a: Sableye|Sableye, M|67/100
|move|p2a: Okidogi|Knock Off|p1a: Sableye
|-damage|p1a: Sableye|29/100
|-damage|p2a: Okidogi|84/100|[from] item: Rocky Helmet|[of] p1a: Sableye
|-status|p1a: Sableye|tox|[from] ability: Toxic Chain|[of] p2a: Okidogi
|-enditem|p1a: Sableye|Rocky Helmet|[from] move: Knock Off|[of] p2a: Okidogi
|
|-heal|p2a: Okidogi|90/100|[from] item: Leftovers
|-damage|p1a: Sableye|23/100 tox|[from] psn
|upkeep
|turn|13
|
|t:|1760369518
|move|p1a: Sableye|Will-O-Wisp|p2a: Okidogi
|-status|p2a: Okidogi|brn
|move|p2a: Okidogi|Bulk Up|p2a: Okidogi
|-boost|p2a: Okidogi|atk|1
|-boost|p2a: Okidogi|def|1
|
|-heal|p2a: Okidogi|96/100 brn|[from] item: Leftovers
|-damage|p1a: Sableye|10/100 tox|[from] psn
|-damage|p2a: Okidogi|90/100 brn|[from] brn
|upkeep
|turn|14
|
|t:|1760369527
|move|p1a: Sableye|Recover|p1a: Sableye
|-heal|p1a: Sableye|60/100 tox
|move|p2a: Okidogi|Bulk Up|p2a: Okidogi
|-boost|p2a: Okidogi|atk|1
|-boost|p2a: Okidogi|def|1
|
|-heal|p2a: Okidogi|96/100 brn|[from] item: Leftovers
|-damage|p1a: Sableye|42/100 tox|[from] psn
|-damage|p2a: Okidogi|90/100 brn|[from] brn
|upkeep
|turn|15
|
|t:|1760369536
|move|p1a: Sableye|Encore|p2a: Okidogi
|-start|p2a: Okidogi|Encore
|move|p2a: Okidogi|Bulk Up|p2a: Okidogi
|-boost|p2a: Okidogi|atk|1
|-boost|p2a: Okidogi|def|1
|
|-heal|p2a: Okidogi|96/100 brn|[from] item: Leftovers
|-damage|p1a: Sableye|17/100 tox|[from] psn
|-damage|p2a: Okidogi|90/100 brn|[from] brn
|upkeep
|turn|16
|
|t:|1760369540
|move|p2a: Okidogi|Bulk Up|p2a: Okidogi
|-boost|p2a: Okidogi|atk|1
|-boost|p2a: Okidogi|def|1
|move|p1a: Sableye|Knock Off|p2a: Okidogi
|-resisted|p2a: Okidogi
|-damage|p2a: Okidogi|87/100 brn
|-enditem|p2a: Okidogi|Leftovers|[from] move: Knock Off|[of] p1a: Sableye
|
|-damage|p1a: Sableye|0 fnt|[from] psn
|faint|p1a: Sableye
|-damage|p2a: Okidogi|81/100 brn|[from] brn
|upkeep
|
|t:|1760369543
|switch|p1a: Great Tusk|Great Tusk|100/100
|turn|17
|
|t:|1760369548
|move|p1a: Great Tusk|Bulk Up|p1a: Great Tusk
|-boost|p1a: Great Tusk|atk|1
|-boost|p1a: Great Tusk|def|1
|move|p2a: Okidogi|Bulk Up|p2a: Okidogi
|-boost|p2a: Okidogi|atk|1
|-boost|p2a: Okidogi|def|1
|
|-damage|p2a: Okidogi|74/100 brn|[from] brn
|-end|p2a: Okidogi|Encore
|upkeep
|turn|18
|
|t:|1760369552
|move|p1a: Great Tusk|Bulk Up|p1a: Great Tusk
|-boost|p1a: Great Tusk|atk|1
|-boost|p1a: Great Tusk|def|1
|move|p2a: Okidogi|Drain Punch|p1a: Great Tusk
|-damage|p1a: Great Tusk|74/100
|-heal|p2a: Okidogi|88/100 brn|[from] drain|[of] p1a: Great Tusk
|
|-damage|p2a: Okidogi|82/100 brn|[from] brn
|upkeep
|turn|19
|
|t:|1760369556
|move|p1a: Great Tusk|Bulk Up|p1a: Great Tusk
|-boost|p1a: Great Tusk|atk|1
|-boost|p1a: Great Tusk|def|1
|move|p2a: Okidogi|Drain Punch|p1a: Great Tusk
|-damage|p1a: Great Tusk|53/100
|-heal|p2a: Okidogi|92/100 brn|[from] drain|[of] p1a: Great Tusk
|
|-damage|p2a: Okidogi|86/100 brn|[from] brn
|upkeep
|turn|20
|
|t:|1760369561
|move|p1a: Great Tusk|Headlong Rush|p2a: Okidogi
|-supereffective|p2a: Okidogi
|-damage|p2a: Okidogi|17/100 brn
|-unboost|p1a: Great Tusk|def|1
|-unboost|p1a: Great Tusk|spd|1
|move|p2a: Okidogi|Drain Punch|p1a: Great Tusk
|-damage|p1a: Great Tusk|27/100
|-heal|p2a: Okidogi|29/100 brn|[from] drain|[of] p1a: Great Tusk
|
|-damage|p2a: Okidogi|23/100 brn|[from] brn
|upkeep
|turn|21
|
|t:|1760369568
|move|p1a: Great Tusk|Headlong Rush|p2a: Okidogi
|-supereffective|p2a: Okidogi
|-damage|p2a: Okidogi|0 fnt
|-unboost|p1a: Great Tusk|def|1
|-unboost|p1a: Great Tusk|spd|1
|faint|p2a: Okidogi
|
|upkeep
|
|t:|1760369573
|switch|p2a: Walking Wake|Walking Wake|100/100
|turn|22
|
|t:|1760369577
|-end|p1a: Great Tusk|Protosynthesis|[silent]
|switch|p1a: Rillaboom|Rillaboom, M|100/100
|-fieldstart|move: Grassy Terrain|[from] ability: Grassy Surge|[of] p1a: Rillaboom
|move|p2a: Walking Wake|Surf|p1a: Rillaboom
|-resisted|p1a: Rillaboom
|-damage|p1a: Rillaboom|58/100
|
|-heal|p1a: Rillaboom|65/100|[from] Grassy Terrain
|upkeep
|turn|23
|
|t:|1760369587
|move|p2a: Walking Wake|Surf|p1a: Rillaboom
|-resisted|p1a: Rillaboom
|-damage|p1a: Rillaboom|27/100
|move|p1a: Rillaboom|U-turn|p2a: Walking Wake
|-damage|p2a: Walking Wake|59/100
|
|t:|1760369589
|switch|p1a: Dragapult|Dragapult, M|100/100|[from] U-turn
|
|-heal|p2a: Walking Wake|65/100|[from] Grassy Terrain
|upkeep
|turn|24
|
|t:|1760369593
|move|p1a: Dragapult|Substitute|p1a: Dragapult
|-start|p1a: Dragapult|Substitute
|-damage|p1a: Dragapult|76/100
|move|p2a: Walking Wake|Surf|p1a: Dragapult
|-resisted|p1a: Dragapult
|-end|p1a: Dragapult|Substitute
|
|-heal|p1a: Dragapult|82/100|[from] Grassy Terrain
|-heal|p1a: Dragapult|88/100|[from] item: Leftovers
|-heal|p2a: Walking Wake|72/100|[from] Grassy Terrain
|upkeep
|turn|25
|
|t:|1760369596
|move|p1a: Dragapult|Dragon Darts|p2a: Walking Wake
|-supereffective|p2a: Walking Wake
|-damage|p2a: Walking Wake|15/100
|-anim|p1a: Dragapult|Dragon Darts|p2a: Walking Wake
|-supereffective|p2a: Walking Wake
|-damage|p2a: Walking Wake|0 fnt
|faint|p2a: Walking Wake
|-end|p2a: Walking Wake|Protosynthesis|[silent]
|
|-heal|p1a: Dragapult|94/100|[from] Grassy Terrain
|-heal|p1a: Dragapult|99/100|[from] item: Leftovers
|upkeep
|
|t:|1760369604
|switch|p2a: Iron Valiant|Iron Valiant|100/100
|-enditem|p2a: Iron Valiant|Booster Energy
|-activate|p2a: Iron Valiant|ability: Quark Drive|[fromitem]
|-start|p2a: Iron Valiant|quarkdrivespe
|turn|26
|
|t:|1760369612
|switch|p1a: Great Tusk|Great Tusk|27/100
|move|p2a: Iron Valiant|Moonblast|p1a: Great Tusk
|-supereffective|p1a: Great Tusk
|-damage|p1a: Great Tusk|0 fnt
|faint|p1a: Great Tusk
|-end|p1a: Great Tusk|Protosynthesis|[silent]
|
|-fieldend|move: Grassy Terrain
|upkeep
|
|t:|1760369616
|switch|p1a: Rillaboom|Rillaboom, M|27/100
|-fieldstart|move: Grassy Terrain|[from] ability: Grassy Surge|[of] p1a: Rillaboom
|turn|27
|
|t:|1760369621
|-terastallize|p1a: Rillaboom|Grass
|move|p1a: Rillaboom|Grassy Glide|p2a: Iron Valiant
|-crit|p2a: Iron Valiant
|-damage|p2a: Iron Valiant|0 fnt
|faint|p2a: Iron Valiant
|-end|p2a: Iron Valiant|Quark Drive|[silent]
|
|-heal|p1a: Rillaboom|33/100|[from] Grassy Terrain
|upkeep
|
|t:|1760369623
|switch|p2a: Raging Bolt|Raging Bolt, tera:Bug|72/100
|turn|28
|
|t:|1760369627
|move|p2a: Raging Bolt|Thunderclap|p1a: Rillaboom
|-resisted|p1a: Rillaboom
|-damage|p1a: Rillaboom|7/100
|move|p1a: Rillaboom|Grassy Glide|p2a: Raging Bolt
|-resisted|p2a: Raging Bolt
|-damage|p2a: Raging Bolt|37/100
|
|-heal|p2a: Raging Bolt|43/100|[from] Grassy Terrain
|-heal|p1a: Rillaboom|13/100|[from] Grassy Terrain
|upkeep
|turn|29
|
|t:|1760369630
|move|p2a: Raging Bolt|Thunderclap|p1a: Rillaboom
|-resisted|p1a: Rillaboom
|-crit|p1a: Rillaboom
|-damage|p1a: Rillaboom|0 fnt
|faint|p1a: Rillaboom
|
|-heal|p2a: Raging Bolt|49/100|[from] Grassy Terrain
|upkeep
|
|t:|1760369632
|switch|p1a: Dragapult|Dragapult, M|99/100
|turn|30
|
|t:|1760369635
|move|p1a: Dragapult|Substitute|p1a: Dragapult
|-start|p1a: Dragapult|Substitute
|-damage|p1a: Dragapult|75/100
|move|p2a: Raging Bolt|Draco Meteor|p1a: Dragapult|[miss]
|-miss|p2a: Raging Bolt|p1a: Dragapult
|
|-heal|p1a: Dragapult|81/100|[from] Grassy Terrain
|-heal|p1a: Dragapult|87/100|[from] item: Leftovers
|-heal|p2a: Raging Bolt|55/100|[from] Grassy Terrain
|upkeep
|turn|31
|
|t:|1760369643
|move|p1a: Dragapult|Dragon Darts|p2a: Raging Bolt
|-damage|p2a: Raging Bolt|31/100
|-anim|p1a: Dragapult|Dragon Darts|p2a: Raging Bolt
|-damage|p2a: Raging Bolt|8/100
|move|p2a: Raging Bolt|Thunderbolt|p1a: Dragapult
|-resisted|p1a: Dragapult
|-end|p1a: Dragapult|Substitute
|
|-heal|p1a: Dragapult|93/100|[from] Grassy Terrain
|-heal|p1a: Dragapult|99/100|[from] item: Leftovers
|-heal|p2a: Raging Bolt|15/100|[from] Grassy Terrain
|-fieldend|move: Grassy Terrain
|upkeep
|turn|32
|
|t:|1760369646
|move|p1a: Dragapult|Dragon Darts|p2a: Raging Bolt
|-damage|p2a: Raging Bolt|0 fnt
|faint|p2a: Raging Bolt
|-end|p2a: Raging Bolt|Protosynthesis|[silent]
|
|win|jxrx
|raw|jxrx's rating: 1419 &rarr; <strong>1438</strong><br />(+19 for winning)
|raw|fulkttd's rating: 1407 &rarr; <strong>1388</strong><br />(-19 for losing)
|l|☆fulkttd
|player|p2|
|l|☆jxrx
|player|p1|
