|j|☆Grem1234567
|j|☆rillaMane
|t:|1760447251
|gametype|singles
|player|p1|Grem1234567|2|1377
|player|p2|rillaMane|2|1371
|gen|9
|tier|[Gen 9] OU
|rated|
|rule|HP Percentage Mod: HP is shown in percentages
|rule|Endless Battle Clause: Forcing endless battles is banned
|rule|Species Clause: Limit one of each Pokémon
|rule|OHKO Clause: OHKO moves are banned
|rule|Evasion Items Clause: Evasion items are banned
|rule|Evasion Moves Clause: Evasion moves are banned
|rule|Evasion Abilities Clause: Evasion abilities are banned
|rule|Sleep Moves Clause: Sleep-inducing moves are banned
|clearpoke
|poke|p1|Pecharunt|
|poke|p1|Zapdos|
|poke|p1|Araquanid, M|
|poke|p1|Ogerpon-Wellspring, F|
|poke|p1|Iron Treads|
|poke|p1|Cinderace, M|
|poke|p2|Zamazenta-*|
|poke|p2|Ninetales-Alola, M|
|poke|p2|Darkrai|
|poke|p2|Ceruledge, F|
|poke|p2|Gliscor, M|
|poke|p2|Hatterene, F|
|teampreview
|inactive|Battle timer is ON: inactive players will automatically lose when time's up. (requested by rillaMane)
|
|t:|1760447262
|teamsize|p1|6
|teamsize|p2|6
|start
|switch|p1a: Pecharunt|Pecharunt|100/100
|switch|p2a: Hatterene|Hatterene, F|100/100
|turn|1
|
|t:|1760447274
|switch|p2a: Gliscor|Gliscor, M|100/100
|move|p1a: Pecharunt|Malignant Chain|p2a: Gliscor
|-resisted|p2a: Gliscor
|-damage|p2a: Gliscor|76/100
|
|-status|p2a: Gliscor|tox|[from] item: Toxic Orb
|upkeep
|turn|2
|
|t:|1760447288
|move|p2a: Gliscor|Swords Dance|p2a: Gliscor
|-boost|p2a: Gliscor|atk|2
|move|p1a: Pecharunt|Nasty Plot|p1a: Pecharunt
|-boost|p1a: Pecharunt|spa|2
|
|-heal|p2a: Gliscor|88/100 tox|[from] ability: Poison Heal
|upkeep
|turn|3
|
|t:|1760447296
|move|p2a: Gliscor|Earthquake|p1a: Pecharunt
|-supereffective|p1a: Pecharunt
|-damage|p1a: Pecharunt|15/100
|move|p1a: Pecharunt|Hex|p2a: Gliscor
|-damage|p2a: Gliscor|0 fnt
|faint|p2a: Gliscor
|
|-heal|p1a: Pecharunt|21/100|[from] item: Leftovers
|upkeep
|
|t:|1760447301
|switch|p2a: Darkrai|Darkrai|100/100
|turn|4
|
|t:|1760447306
|switch|p1a: Araquanid|Araquanid, M|100/100
|move|p2a: Darkrai|Dark Pulse|p1a: Araquanid
|-damage|p1a: Araquanid|64/100
|
|upkeep
|turn|5
|
|t:|1760447322
|switch|p2a: Hatterene|Hatterene, F|100/100
|move|p1a: Araquanid|Leech Life|p2a: Hatterene
|-damage|p2a: Hatterene|76/100
|-heal|p1a: Araquanid|75/100|[from] drain|[of] p2a: Hatterene
|
|-heal|p2a: Hatterene|82/100|[from] item: Leftovers
|upkeep
|turn|6
|
|t:|1760447327
|move|p1a: Araquanid|Liquidation|p2a: Hatterene
|-damage|p2a: Hatterene|27/100
|move|p2a: Hatterene|Psyshock|p1a: Araquanid
|-damage|p1a: Araquanid|36/100
|
|-heal|p2a: Hatterene|33/100|[from] item: Leftovers
|upkeep
|turn|7
|
|t:|1760447349
|-terastallize|p2a: Hatterene|Water
|move|p1a: Araquanid|Liquidation|p2a: Hatterene
|-resisted|p2a: Hatterene
|-damage|p2a: Hatterene|5/100
|-unboost|p2a: Hatterene|def|1
|move|p2a: Hatterene|Psyshock|p1a: Araquanid
|-damage|p1a: Araquanid|0 fnt
|faint|p1a: Araquanid
|
|-heal|p2a: Hatterene|11/100|[from] item: Leftovers
|upkeep
|
|t:|1760447360
|switch|p1a: Iron Treads|Iron Treads|100/100
|turn|8
|
|t:|1760447366
|move|p1a: Iron Treads|Volt Switch|p2a: Hatterene
|-supereffective|p2a: Hatterene
|-damage|p2a: Hatterene|0 fnt
|faint|p2a: Hatterene
|
|t:|1760447372
|-end|p1a: Iron Treads|Quark Drive|[silent]
|switch|p1a: Zapdos|Zapdos|100/100|[from] Volt Switch
|
|upkeep
|
|t:|1760447377
|switch|p2a: Ninetales|Ninetales-Alola, M|100/100
|-weather|Snowscape|[from] ability: Snow Warning|[of] p2a: Ninetales
|turn|9
|
|t:|1760447384
|move|p2a: Ninetales|Freeze-Dry|p1a: Zapdos
|-supereffective|p1a: Zapdos
|-damage|p1a: Zapdos|60/100
|move|p1a: Zapdos|Discharge|p2a: Ninetales
|-damage|p2a: Ninetales|55/100
|
|-weather|Snowscape|[upkeep]
|upkeep
|turn|10
|
|t:|1760447391
|move|p2a: Ninetales|Aurora Veil|p2a: Ninetales
|-sidestart|p2: rillaMane|move: Aurora Veil
|move|p1a: Zapdos|Discharge|p2a: Ninetales
|-damage|p2a: Ninetales|32/100
|
|-weather|Snowscape|[upkeep]
|upkeep
|turn|11
|
|t:|1760447408
|switch|p2a: Zamazenta|Zamazenta|100/100
|-ability|p2a: Zamazenta|Dauntless Shield|boost
|-boost|p2a: Zamazenta|def|1
|move|p1a: Zapdos|Volt Switch|p2a: Zamazenta
|-damage|p2a: Zamazenta|83/100
|
|t:|1760447425
|switch|p1a: Ogerpon|Ogerpon-Wellspring, F|100/100|[from] Volt Switch
|
|-weather|Snowscape|[upkeep]
|upkeep
|turn|12
|
|t:|1760447430
|move|p2a: Zamazenta|Iron Defense|p2a: Zamazenta
|-boost|p2a: Zamazenta|def|2
|move|p1a: Ogerpon|Encore|p2a: Zamazenta
|-start|p2a: Zamazenta|Encore
|
|-weather|Snowscape|[upkeep]
|upkeep
|turn|13
|
|t:|1760447437
|switch|p2a: Ninetales|Ninetales-Alola, M|32/100
|switch|p1a: Pecharunt|Pecharunt|21/100
|
|-weather|none
|-heal|p1a: Pecharunt|27/100|[from] item: Leftovers
|upkeep
|turn|14
|
|t:|1760447442
|move|p2a: Ninetales|Freeze-Dry|p1a: Pecharunt
|-damage|p1a: Pecharunt|7/100
|move|p1a: Pecharunt|Recover|p1a: Pecharunt
|-heal|p1a: Pecharunt|57/100
|
|-heal|p1a: Pecharunt|63/100|[from] item: Leftovers
|upkeep
|turn|15
|
|t:|1760447453
|move|p2a: Ninetales|Encore|p1a: Pecharunt
|-start|p1a: Pecharunt|Encore
|move|p1a: Pecharunt|Recover|p1a: Pecharunt
|-heal|p1a: Pecharunt|100/100
|
|upkeep
|turn|16
|
|t:|1760447456
|switch|p2a: Darkrai|Darkrai|100/100
|switch|p1a: Cinderace|Cinderace, M|100/100
|
|upkeep
|turn|17
|
|t:|1760447461
|move|p2a: Darkrai|Dark Pulse|p1a: Cinderace
|-damage|p1a: Cinderace|39/100
|move|p1a: Cinderace|High Jump Kick|p2a: Darkrai
|-start|p1a: Cinderace|typechange|Fighting|[from] ability: Libero
|-supereffective|p2a: Darkrai
|-damage|p2a: Darkrai|2/100
|-damage|p1a: Cinderace|29/100|[from] item: Life Orb
|
|-heal|p2a: Darkrai|8/100|[from] item: Leftovers
|-sideend|p2: rillaMane|move: Aurora Veil
|upkeep
|turn|18
|
|t:|1760447472
|move|p1a: Cinderace|Sucker Punch|p2a: Darkrai
|-resisted|p2a: Darkrai
|-damage|p2a: Darkrai|0 fnt
|faint|p2a: Darkrai
|-damage|p1a: Cinderace|19/100|[from] item: Life Orb
|
|upkeep
|
|t:|1760447479
|switch|p2a: Ceruledge|Ceruledge, F|100/100
|-item|p2a: Ceruledge|Air Balloon
|turn|19
|
|t:|1760447489
|move|p1a: Cinderace|Gunk Shot|p2a: Ceruledge|[miss]
|-miss|p1a: Cinderace|p2a: Ceruledge
|move|p2a: Ceruledge|Bulk Up|p2a: Ceruledge
|-boost|p2a: Ceruledge|atk|1
|-boost|p2a: Ceruledge|def|1
|
|upkeep
|turn|20
|
|t:|1760447499
|switch|p1a: Zapdos|Zapdos|60/100
|move|p2a: Ceruledge|Shadow Sneak|p1a: Zapdos
|-damage|p1a: Zapdos|33/100
|-damage|p2a: Ceruledge|84/100|[from] item: Rocky Helmet|[of] p1a: Zapdos
|
|upkeep
|turn|21
|
|t:|1760447513
|move|p1a: Zapdos|Discharge|p2a: Ceruledge
|-damage|p2a: Ceruledge|48/100
|-enditem|p2a: Ceruledge|Air Balloon
|move|p2a: Ceruledge|Bitter Blade|p1a: Zapdos
|-damage|p1a: Zapdos|0 fnt
|-heal|p2a: Ceruledge|66/100|[from] drain|[of] p1a: Zapdos
|-damage|p2a: Ceruledge|50/100|[from] item: Rocky Helmet|[of] p1a: Zapdos
|faint|p1a: Zapdos
|
|upkeep
|
|t:|1760447519
|switch|p1a: Iron Treads|Iron Treads|100/100
|turn|22
|
|t:|1760447535
|move|p1a: Iron Treads|Earth Power|p2a: Ceruledge
|-supereffective|p2a: Ceruledge
|-damage|p2a: Ceruledge|2/100
|move|p2a: Ceruledge|Bitter Blade|p1a: Iron Treads
|-supereffective|p1a: Iron Treads
|-damage|p1a: Iron Treads|0 fnt
|-heal|p2a: Ceruledge|48/100|[from] drain|[of] p1a: Iron Treads
|faint|p1a: Iron Treads
|-end|p1a: Iron Treads|Quark Drive|[silent]
|
|upkeep
|
|t:|1760447541
|switch|p1a: Ogerpon|Ogerpon-Wellspring, F|100/100
|turn|23
|
|t:|1760447551
|move|p2a: Ceruledge|Shadow Sneak|p1a: Ogerpon
|-damage|p1a: Ogerpon|68/100
|move|p1a: Ogerpon|Ivy Cudgel|p2a: Ceruledge|[anim] Ivy Cudgel Water
|-supereffective|p2a: Ceruledge
|-damage|p2a: Ceruledge|0 fnt
|faint|p2a: Ceruledge
|
|upkeep
|
|t:|1760447559
|switch|p2a: Zamazenta|Zamazenta|83/100
|turn|24
|
|t:|1760447567
|move|p2a: Zamazenta|Iron Defense|p2a: Zamazenta
|-boost|p2a: Zamazenta|def|2
|move|p1a: Ogerpon|Play Rough|p2a: Zamazenta
|-supereffective|p2a: Zamazenta
|-damage|p2a: Zamazenta|55/100
|
|upkeep
|turn|25
|
|t:|1760447573
|move|p2a: Zamazenta|Body Press|p1a: Ogerpon
|-damage|p1a: Ogerpon|0 fnt
|faint|p1a: Ogerpon
|
|upkeep
|
|t:|1760447576
|switch|p1a: Pecharunt|Pecharunt|100/100
|turn|26
|
|t:|1760447580
|move|p2a: Zamazenta|Crunch|p1a: Pecharunt
|-supereffective|p1a: Pecharunt
|-damage|p1a: Pecharunt|73/100
|move|p1a: Pecharunt|Malignant Chain|p2a: Zamazenta
|-damage|p2a: Zamazenta|10/100
|
|-heal|p1a: Pecharunt|79/100|[from] item: Leftovers
|upkeep
|turn|27
|
|t:|1760447587
|move|p2a: Zamazenta|Rest|p2a: Zamazenta
|-status|p2a: Zamazenta|slp|[from] move: Rest
|-heal|p2a: Zamazenta|100/100 slp|[silent]
|-enditem|p2a: Zamazenta|Chesto Berry|[eat]
|-curestatus|p2a: Zamazenta|slp|[msg]
|move|p1a: Pecharunt|Recover|p1a: Pecharunt
|-heal|p1a: Pecharunt|100/100
|
|upkeep
|turn|28
|
|t:|1760447591
|move|p2a: Zamazenta|Crunch|p1a: Pecharunt
|-supereffective|p1a: Pecharunt
|-damage|p1a: Pecharunt|71/100
|-unboost|p1a: Pecharunt|def|1
|move|p1a: Pecharunt|Malignant Chain|p2a: Zamazenta
|-crit|p2a: Zamazenta
|-damage|p2a: Zamazenta|36/100
|-status|p2a: Zamazenta|tox
|-start|p2a: Zamazenta|confusion|[from] ability: Poison Puppeteer|[of] p1a: Pecharunt
|
|-heal|p1a: Pecharunt|77/100|[from] item: Leftovers
|-damage|p2a: Zamazenta|30/100 tox|[from] psn
|upkeep
|turn|29
|
|t:|1760447598
|switch|p1a: Cinderace|Cinderace, M|19/100
|-activate|p2a: Zamazenta|confusion
|move|p2a: Zamazenta|Crunch|p1a: Cinderace
|-damage|p1a: Cinderace|0 fnt
|faint|p1a: Cinderace
|
|-damage|p2a: Zamazenta|17/100 tox|[from] psn
|upkeep
|
|t:|1760447601
|switch|p1a: Pecharunt|Pecharunt|77/100
|turn|30
|
|t:|1760447605
|-end|p2a: Zamazenta|confusion
|move|p2a: Zamazenta|Crunch|p1a: Pecharunt
|-supereffective|p1a: Pecharunt
|-crit|p1a: Pecharunt
|-damage|p1a: Pecharunt|35/100
|move|p1a: Pecharunt|Recover|p1a: Pecharunt
|-heal|p1a: Pecharunt|85/100
|
|-heal|p1a: Pecharunt|91/100|[from] item: Leftovers
|-damage|p2a: Zamazenta|0 fnt|[from] psn
|faint|p2a: Zamazenta
|upkeep
|
|t:|1760447615
|switch|p2a: Ninetales|Ninetales-Alola, M|32/100
|-weather|Snowscape|[from] ability: Snow Warning|[of] p2a: Ninetales
|turn|31
|
|t:|1760447623
|move|p2a: Ninetales|Encore|p1a: Pecharunt
|-start|p1a: Pecharunt|Encore
|move|p1a: Pecharunt|Recover|p1a: Pecharunt
|-heal|p1a: Pecharunt|100/100
|
|-weather|Snowscape|[upkeep]
|upkeep
|turn|32
|
|t:|1760447626
|move|p2a: Ninetales|Aurora Veil|p2a: Ninetales
|-sidestart|p2: rillaMane|move: Aurora Veil
|move|p1a: Pecharunt|Recover||[still]
|-fail|p1a: Pecharunt|heal
|
|-weather|Snowscape|[upkeep]
|upkeep
|turn|33
|
|t:|1760447629
|move|p2a: Ninetales|Freeze-Dry|p1a: Pecharunt
|-damage|p1a: Pecharunt|80/100
|move|p1a: Pecharunt|Recover|p1a: Pecharunt
|-heal|p1a: Pecharunt|100/100
|
|-weather|Snowscape|[upkeep]
|-end|p1a: Pecharunt|Encore
|upkeep
|turn|34
|
|t:|1760447635
|move|p2a: Ninetales|Encore|p1a: Pecharunt
|-start|p1a: Pecharunt|Encore
|move|p1a: Pecharunt|Recover||[still]
|-fail|p1a: Pecharunt|heal
|
|-weather|Snowscape|[upkeep]
|-end|p1a: Pecharunt|Encore
|upkeep
|turn|35
|
|t:|1760447642
|move|p2a: Ninetales|Encore||[still]
|-fail|p2a: Ninetales
|move|p1a: Pecharunt|Malignant Chain|p2a: Ninetales
|-supereffective|p2a: Ninetales
|-damage|p2a: Ninetales|0 fnt
|faint|p2a: Ninetales
|
|win|Grem1234567
|raw|Grem1234567's rating: 1377 &rarr; <strong>1397</strong><br />(+20 for winning)
|raw|rillaMane's rating: 1371 &rarr; <strong>1351</strong><br />(-20 for losing)
|l|☆rillaMane
|player|p2|
