|j|☆pikaragedd
|j|☆maneki uwu
|t:|1760382711
|gametype|singles
|player|p1|pikaragedd|lucas|1258
|player|p2|maneki uwu|lillie-z|1195
|gen|9
|tier|[Gen 9] OU
|rated|
|rule|HP Percentage Mod: HP is shown in percentages
|rule|Endless Battle Clause: Forcing endless battles is banned
|rule|Species Clause: Limit one of each Pokémon
|rule|OHKO Clause: OHKO moves are banned
|rule|Evasion Items Clause: Evasion items are banned
|rule|Evasion Moves Clause: Evasion moves are banned
|rule|Evasion Abilities Clause: Evasion abilities are banned
|rule|Sleep Moves Clause: Sleep-inducing moves are banned
|clearpoke
|poke|p1|Flareon, M|
|poke|p1|Alomomola, M|
|poke|p1|Weezing-Galar, M|
|poke|p1|Rillaboom, M|
|poke|p1|Primarina, M|
|poke|p1|Dragapult, F|
|poke|p2|Zamazenta-*|
|poke|p2|Moltres-Galar|
|poke|p2|Latias, F|
|poke|p2|Rotom-Wash|
|poke|p2|Scizor, F|
|poke|p2|Deoxys-Speed|
|teampreview
|inactive|Battle timer is ON: inactive players will automatically lose when time's up. (requested by pikaragedd)
|
|t:|1760382734
|teamsize|p1|6
|teamsize|p2|6
|start
|switch|p1a: vaporeon 2.0|Alomomola, M|100/100
|switch|p2a: Latias|Latias, F|100/100
|turn|1
|
|t:|1760382741
|move|p1a: vaporeon 2.0|Protect|p1a: vaporeon 2.0
|-singleturn|p1a: vaporeon 2.0|Protect
|move|p2a: Latias|Agility|p2a: Latias
|-boost|p2a: Latias|spe|2
|
|upkeep
|turn|2
|
|t:|1760382748
|move|p2a: Latias|Calm Mind|p2a: Latias
|-boost|p2a: Latias|spa|1
|-boost|p2a: Latias|spd|1
|move|p1a: vaporeon 2.0|Flip Turn|p2a: Latias
|-resisted|p2a: Latias
|-damage|p2a: Latias|94/100
|
|t:|1760382755
|switch|p1a: Primarina|Primarina, M|100/100|[from] Flip Turn
|
|upkeep
|turn|3
|
|t:|1760382766
|move|p2a: Latias|Calm Mind|p2a: Latias
|-boost|p2a: Latias|spa|1
|-boost|p2a: Latias|spd|1
|move|p1a: Primarina|Ice Beam|p2a: Latias
|-supereffective|p2a: Latias
|-damage|p2a: Latias|70/100
|-status|p2a: Latias|frz
|-enditem|p2a: Latias|Weakness Policy
|-boost|p2a: Latias|atk|2|[from] item: Weakness Policy
|-boost|p2a: Latias|spa|2|[from] item: Weakness Policy
|
|upkeep
|turn|4
|
|t:|1760382798
|cant|p2a: Latias|frz
|move|p1a: Primarina|Ice Beam|p2a: Latias
|-supereffective|p2a: Latias
|-damage|p2a: Latias|46/100 frz
|
|upkeep
|turn|5
|
|t:|1760382809
|cant|p2a: Latias|frz
|move|p1a: Primarina|Ice Beam|p2a: Latias
|-supereffective|p2a: Latias
|-damage|p2a: Latias|20/100 frz
|
|upkeep
|turn|6
|
|t:|1760382831
|cant|p2a: Latias|frz
|move|p1a: Primarina|Ice Beam|p2a: Latias
|-supereffective|p2a: Latias
|-damage|p2a: Latias|0 fnt
|faint|p2a: Latias
|
|upkeep
|
|t:|1760382834
|switch|p2a: Scizor|Scizor, F|100/100
|turn|7
|
|t:|1760382842
|move|p2a: Scizor|Swords Dance|p2a: Scizor
|-boost|p2a: Scizor|atk|2
|move|p1a: Primarina|Flip Turn|p2a: Scizor
|-damage|p2a: Scizor|86/100
|
|t:|1760382847
|switch|p1a: fluffy boi|Flareon, M|100/100|[from] Flip Turn
|
|upkeep
|turn|8
|c|☆maneki uwu|cutie fluffy boy
|
|t:|1760382872
|switch|p1a: vaporeon 2.0|Alomomola, M|100/100
|move|p2a: Scizor|Close Combat|p1a: vaporeon 2.0
|-damage|p1a: vaporeon 2.0|43/100
|-unboost|p2a: Scizor|def|1
|-unboost|p2a: Scizor|spd|1
|-damage|p2a: Scizor|69/100|[from] item: Rocky Helmet|[of] p1a: vaporeon 2.0
|-damage|p2a: Scizor|59/100|[from] item: Life Orb
|
|upkeep
|turn|9
|
|t:|1760382891
|move|p2a: Scizor|Bullet Punch|p1a: vaporeon 2.0
|-resisted|p1a: vaporeon 2.0
|-damage|p1a: vaporeon 2.0|19/100
|-damage|p2a: Scizor|43/100|[from] item: Rocky Helmet|[of] p1a: vaporeon 2.0
|-damage|p2a: Scizor|33/100|[from] item: Life Orb
|move|p1a: vaporeon 2.0|Wish|p1a: vaporeon 2.0
|
|upkeep
|turn|10
|
|t:|1760382899
|move|p1a: vaporeon 2.0|Protect|p1a: vaporeon 2.0
|-singleturn|p1a: vaporeon 2.0|Protect
|move|p2a: Scizor|Bullet Punch|p1a: vaporeon 2.0
|-activate|p1a: vaporeon 2.0|move: Protect
|
|-heal|p1a: vaporeon 2.0|69/100|[from] move: Wish|[wisher] vaporeon 2.0
|upkeep
|turn|11
|
|t:|1760382910
|move|p2a: Scizor|Knock Off|p1a: vaporeon 2.0
|-damage|p1a: vaporeon 2.0|20/100
|-damage|p2a: Scizor|17/100|[from] item: Rocky Helmet|[of] p1a: vaporeon 2.0
|-enditem|p1a: vaporeon 2.0|Rocky Helmet|[from] move: Knock Off|[of] p2a: Scizor
|-damage|p2a: Scizor|7/100|[from] item: Life Orb
|move|p1a: vaporeon 2.0|Scald|p2a: Scizor
|-damage|p2a: Scizor|0 fnt
|faint|p2a: Scizor
|
|upkeep
|
|t:|1760382915
|switch|p2a: Moltres|Moltres-Galar|100/100
|turn|12
|
|t:|1760382923
|move|p2a: Moltres|Nasty Plot|p2a: Moltres
|-boost|p2a: Moltres|spa|2
|move|p1a: vaporeon 2.0|Wish|p1a: vaporeon 2.0
|
|upkeep
|turn|13
|
|t:|1760382929
|move|p2a: Moltres|Agility|p2a: Moltres
|-boost|p2a: Moltres|spe|2
|move|p1a: vaporeon 2.0|Scald|p2a: Moltres
|-damage|p2a: Moltres|88/100
|
|-heal|p1a: vaporeon 2.0|70/100|[from] move: Wish|[wisher] vaporeon 2.0
|upkeep
|turn|14
|
|t:|1760382938
|move|p2a: Moltres|Fiery Wrath|p1a: vaporeon 2.0
|-damage|p1a: vaporeon 2.0|0 fnt
|faint|p1a: vaporeon 2.0
|
|upkeep
|
|t:|1760382943
|switch|p1a: Primarina|Primarina, M|100/100
|turn|15
|
|t:|1760382950
|move|p2a: Moltres|Hurricane|p1a: Primarina|[miss]
|-miss|p2a: Moltres|p1a: Primarina
|move|p1a: Primarina|Draining Kiss|p2a: Moltres
|-supereffective|p2a: Moltres
|-damage|p2a: Moltres|37/100
|-ability|p2a: Moltres|Berserk|boost
|-boost|p2a: Moltres|spa|1
|-enditem|p2a: Moltres|Sitrus Berry|[eat]
|-heal|p2a: Moltres|62/100|[from] item: Sitrus Berry
|
|upkeep
|turn|16
|
|t:|1760382962
|move|p2a: Moltres|Hurricane|p1a: Primarina
|-damage|p1a: Primarina|30/100
|move|p1a: Primarina|Draining Kiss|p2a: Moltres
|-supereffective|p2a: Moltres
|-damage|p2a: Moltres|9/100
|-heal|p1a: Primarina|65/100|[from] drain|[of] p2a: Moltres
|-ability|p2a: Moltres|Berserk|boost
|-boost|p2a: Moltres|spa|1
|
|upkeep
|turn|17
|
|t:|1760382975
|move|p2a: Moltres|Hurricane|p1a: Primarina|[miss]
|-miss|p2a: Moltres|p1a: Primarina
|move|p1a: Primarina|Flip Turn|p2a: Moltres
|-damage|p2a: Moltres|0 fnt
|faint|p2a: Moltres
|
|t:|1760382984
|switch|p1a: fluffy boi|Flareon, M|100/100|[from] Flip Turn
|
|upkeep
|
|t:|1760382986
|switch|p2a: LFAM|Rotom-Wash|100/100
|turn|18
|
|t:|1760382992
|-terastallize|p1a: fluffy boi|Normal
|move|p1a: fluffy boi|Trailblaze|p2a: LFAM
|-supereffective|p2a: LFAM
|-damage|p2a: LFAM|71/100
|-boost|p1a: fluffy boi|spe|1
|move|p2a: LFAM|Will-O-Wisp|p1a: fluffy boi
|-status|p1a: fluffy boi|brn
|
|-heal|p2a: LFAM|77/100|[from] item: Leftovers
|-damage|p1a: fluffy boi|94/100 brn|[from] brn
|upkeep
|turn|19
|
|t:|1760383005
|move|p1a: fluffy boi|Facade|p2a: LFAM
|-damage|p2a: LFAM|0 fnt
|faint|p2a: LFAM
|
|-damage|p1a: fluffy boi|88/100 brn|[from] brn
|upkeep
|-message|maneki uwu forfeited.
|
|win|pikaragedd
|raw|pikaragedd's rating: 1258 &rarr; <strong>1279</strong><br />(+21 for winning)
|raw|maneki uwu's rating: 1195 &rarr; <strong>1174</strong><br />(-21 for losing)
|l|☆maneki uwu
|player|p2|
|c|☆pikaragedd|thanks
|l|☆pikaragedd
|player|p1|
