|j|☆V_run658
|j|☆Tako Chang
|t:|1760434781
|gametype|singles
|player|p1|V_run658|hugh|1428
|player|p2|Tako Chang|acetrainer-gen4|1372
|gen|9
|tier|[Gen 9] OU
|rated|
|rule|HP Percentage Mod: HP is shown in percentages
|rule|Endless Battle Clause: Forcing endless battles is banned
|rule|Species Clause: Limit one of each Pokémon
|rule|OHKO Clause: OHKO moves are banned
|rule|Evasion Items Clause: Evasion items are banned
|rule|Evasion Moves Clause: Evasion moves are banned
|rule|Evasion Abilities Clause: Evasion abilities are banned
|rule|Sleep Moves Clause: Sleep-inducing moves are banned
|clearpoke
|poke|p1|Greninja-*, M|
|poke|p1|Slowking-Galar, M|
|poke|p1|Conkeldurr, F|
|poke|p1|Garchomp, F|
|poke|p1|Rillaboom, F|
|poke|p1|Skeledirge, F|
|poke|p2|Dragonite, M|
|poke|p2|Iron Valiant|
|poke|p2|Ninetales-Alola, F|
|poke|p2|Gholdengo|
|poke|p2|Greninja-*, M|
|poke|p2|Serperior, F|
|teampreview
|inactive|Battle timer is ON: inactive players will automatically lose when time's up. (requested by Tako Chang)
|
|t:|1760434792
|teamsize|p1|6
|teamsize|p2|6
|start
|switch|p1a: Slowking|Slowking-Galar, M|100/100
|switch|p2a: Ninetales|Ninetales-Alola, F|100/100
|-weather|Snowscape|[from] ability: Snow Warning|[of] p2a: Ninetales
|turn|1
|
|t:|1760434799
|move|p2a: Ninetales|Aurora Veil|p2a: Ninetales
|-sidestart|p2: Tako Chang|move: Aurora Veil
|move|p1a: Slowking|Future Sight|p2a: Ninetales
|-start|p1a: Slowking|move: Future Sight
|
|-weather|Snowscape|[upkeep]
|upkeep
|turn|2
|
|t:|1760434807
|move|p2a: Ninetales|Blizzard|p1a: Slowking
|-damage|p1a: Slowking|87/100
|move|p1a: Slowking|Flamethrower|p2a: Ninetales
|-supereffective|p2a: Ninetales
|-crit|p2a: Ninetales
|-damage|p2a: Ninetales|19/100
|-status|p2a: Ninetales|brn
|
|-weather|Snowscape|[upkeep]
|-damage|p2a: Ninetales|13/100 brn|[from] brn
|upkeep
|turn|3
|
|t:|1760434831
|move|p2a: Ninetales|Extrasensory|p1a: Slowking
|-damage|p1a: Slowking|80/100
|cant|p1a: Slowking|flinch
|
|-weather|Snowscape|[upkeep]
|-end|p2a: Ninetales|move: Future Sight
|-damage|p2a: Ninetales|0 fnt
|faint|p2a: Ninetales
|upkeep
|
|t:|1760434841
|switch|p2a: Greninja|Greninja, M|100/100
|turn|4
|
|t:|1760434849
|switch|p1a: Conkeldurr|Conkeldurr, F|100/100
|move|p2a: Greninja|Surf|p1a: Conkeldurr
|-damage|p1a: Conkeldurr|40/100
|
|-weather|Snowscape|[upkeep]
|-status|p1a: Conkeldurr|brn|[from] item: Flame Orb
|upkeep
|turn|5
|
|t:|1760434872
|-terastallize|p2a: Greninja|Water
|move|p1a: Conkeldurr|Mach Punch|p2a: Greninja
|-damage|p2a: Greninja|69/100
|move|p2a: Greninja|Surf|p1a: Conkeldurr
|-damage|p1a: Conkeldurr|0 fnt
|faint|p1a: Conkeldurr
|-ability|p2a: Greninja|Battle Bond|boost
|-boost|p2a: Greninja|atk|1
|-boost|p2a: Greninja|spa|1
|-boost|p2a: Greninja|spe|1
|-activate|p2a: Greninja|ability: Battle Bond
|
|-weather|none
|upkeep
|
|t:|1760434875
|switch|p1a: Rillaboom|Rillaboom, F|100/100
|-fieldstart|move: Grassy Terrain|[from] ability: Grassy Surge|[of] p1a: Rillaboom
|turn|6
|
|t:|1760434890
|move|p1a: Rillaboom|Fake Out|p2a: Greninja
|-damage|p2a: Greninja|52/100
|-damage|p1a: Rillaboom|91/100|[from] item: Life Orb
|cant|p2a: Greninja|flinch
|
|-heal|p2a: Greninja|58/100|[from] Grassy Terrain
|-heal|p1a: Rillaboom|97/100|[from] Grassy Terrain
|upkeep
|turn|7
|
|t:|1760434899
|move|p1a: Rillaboom|Grassy Glide|p2a: Greninja
|-supereffective|p2a: Greninja
|-damage|p2a: Greninja|0 fnt
|faint|p2a: Greninja
|-damage|p1a: Rillaboom|87/100|[from] item: Life Orb
|
|-heal|p1a: Rillaboom|93/100|[from] Grassy Terrain
|upkeep
|
|t:|1760434909
|switch|p2a: Serperior|Serperior, F, shiny|100/100
|turn|8
|
|t:|1760434913
|switch|p1a: Skeledirge|Skeledirge, F|100/100
|move|p2a: Serperior|Leaf Storm|p1a: Skeledirge|[miss]
|-miss|p2a: Serperior|p1a: Skeledirge
|
|-sideend|p2: Tako Chang|move: Aurora Veil
|upkeep
|turn|9
|
|t:|1760434921
|move|p2a: Serperior|Glare|p1a: Skeledirge
|-status|p1a: Skeledirge|par
|cant|p1a: Skeledirge|par
|
|upkeep
|turn|10
|
|t:|1760434927
|move|p2a: Serperior|Leaf Storm|p1a: Skeledirge
|-resisted|p1a: Skeledirge
|-damage|p1a: Skeledirge|77/100 par
|-boost|p2a: Serperior|spa|2
|move|p1a: Skeledirge|Torch Song|p2a: Serperior
|-supereffective|p2a: Serperior
|-damage|p2a: Serperior|32/100
|-boost|p1a: Skeledirge|spa|1
|
|-heal|p2a: Serperior|38/100|[from] Grassy Terrain
|-heal|p2a: Serperior|44/100|[from] item: Leftovers
|-heal|p1a: Skeledirge|83/100 par|[from] Grassy Terrain
|-fieldend|move: Grassy Terrain
|upkeep
|turn|11
|
|t:|1760434940
|move|p2a: Serperior|Leaf Storm|p1a: Skeledirge
|-resisted|p1a: Skeledirge
|-damage|p1a: Skeledirge|66/100 par
|-boost|p2a: Serperior|spa|2
|cant|p1a: Skeledirge|par
|
|-heal|p2a: Serperior|50/100|[from] item: Leftovers
|upkeep
|turn|12
|
|t:|1760434950
|move|p2a: Serperior|Leaf Storm|p1a: Skeledirge
|-resisted|p1a: Skeledirge
|-damage|p1a: Skeledirge|50/100 par
|-boost|p2a: Serperior|spa|2
|cant|p1a: Skeledirge|par
|
|-heal|p2a: Serperior|57/100|[from] item: Leftovers
|upkeep
|turn|13
|
|t:|1760434959
|move|p2a: Serperior|Leaf Storm|p1a: Skeledirge
|-resisted|p1a: Skeledirge
|-damage|p1a: Skeledirge|34/100 par
|cant|p1a: Skeledirge|par
|
|-heal|p2a: Serperior|63/100|[from] item: Leftovers
|upkeep
|turn|14
|
|t:|1760434967
|move|p2a: Serperior|Leaf Storm|p1a: Skeledirge
|-resisted|p1a: Skeledirge
|-damage|p1a: Skeledirge|17/100 par
|move|p1a: Skeledirge|Slack Off|p1a: Skeledirge
|-heal|p1a: Skeledirge|67/100 par
|
|-heal|p2a: Serperior|69/100|[from] item: Leftovers
|upkeep
|turn|15
|
|t:|1760434977
|move|p2a: Serperior|Dragon Pulse|p1a: Skeledirge
|-damage|p1a: Skeledirge|52/100 par
|cant|p1a: Skeledirge|par
|
|-heal|p2a: Serperior|75/100|[from] item: Leftovers
|upkeep
|turn|16
|
|t:|1760434986
|switch|p2a: Gholdengo|Gholdengo|100/100
|-item|p2a: Gholdengo|Air Balloon
|move|p1a: Skeledirge|Slack Off|p1a: Skeledirge
|-heal|p1a: Skeledirge|100/100 par
|
|upkeep
|turn|17
|
|t:|1760434997
|switch|p1a: Slowking|Slowking-Galar, M|100/100
|move|p2a: Gholdengo|Nasty Plot|p2a: Gholdengo
|-boost|p2a: Gholdengo|spa|2
|
|upkeep
|turn|18
|
|t:|1760435004
|move|p2a: Gholdengo|Shadow Ball|p1a: Slowking
|-supereffective|p1a: Slowking
|-damage|p1a: Slowking|26/100
|move|p1a: Slowking|Flamethrower|p2a: Gholdengo
|-supereffective|p2a: Gholdengo
|-damage|p2a: Gholdengo|37/100
|-enditem|p2a: Gholdengo|Air Balloon
|
|upkeep
|turn|19
|
|t:|1760435013
|move|p2a: Gholdengo|Shadow Ball|p1a: Slowking
|-supereffective|p1a: Slowking
|-damage|p1a: Slowking|0 fnt
|faint|p1a: Slowking
|
|upkeep
|
|t:|1760435016
|switch|p1a: Greninja|Greninja, M|100/100
|turn|20
|
|t:|1760435022
|switch|p2a: Serperior|Serperior, F, shiny|75/100
|move|p1a: Greninja|Dark Pulse|p2a: Serperior
|-damage|p2a: Serperior|32/100
|
|-heal|p2a: Serperior|38/100|[from] item: Leftovers
|upkeep
|turn|21
|
|t:|1760435033
|switch|p2a: Iron Valiant|Iron Valiant|100/100
|-enditem|p2a: Iron Valiant|Booster Energy
|-activate|p2a: Iron Valiant|ability: Quark Drive|[fromitem]
|-start|p2a: Iron Valiant|quarkdrivespe
|move|p1a: Greninja|Ice Beam|p2a: Iron Valiant
|-damage|p2a: Iron Valiant|51/100
|
|upkeep
|turn|22
|
|t:|1760435043
|switch|p1a: Skeledirge|Skeledirge, F|100/100 par
|move|p2a: Iron Valiant|Moonblast|p1a: Skeledirge
|-resisted|p1a: Skeledirge
|-damage|p1a: Skeledirge|83/100 par
|
|upkeep
|turn|23
|
|t:|1760435050
|move|p2a: Iron Valiant|Knock Off|p1a: Skeledirge
|-supereffective|p1a: Skeledirge
|-damage|p1a: Skeledirge|40/100 par
|-enditem|p1a: Skeledirge|Heavy-Duty Boots|[from] move: Knock Off|[of] p2a: Iron Valiant
|cant|p1a: Skeledirge|par
|
|upkeep
|turn|24
|
|t:|1760435061
|switch|p1a: Rillaboom|Rillaboom, F|93/100
|-fieldstart|move: Grassy Terrain|[from] ability: Grassy Surge|[of] p1a: Rillaboom
|move|p2a: Iron Valiant|Knock Off|p1a: Rillaboom
|-damage|p1a: Rillaboom|65/100
|-enditem|p1a: Rillaboom|Life Orb|[from] move: Knock Off|[of] p2a: Iron Valiant
|
|-heal|p2a: Iron Valiant|58/100|[from] Grassy Terrain
|-heal|p1a: Rillaboom|71/100|[from] Grassy Terrain
|upkeep
|turn|25
|
|t:|1760435072
|move|p1a: Rillaboom|Grassy Glide|p2a: Iron Valiant
|-damage|p2a: Iron Valiant|6/100
|move|p2a: Iron Valiant|Moonblast|p1a: Rillaboom
|-damage|p1a: Rillaboom|11/100
|
|-heal|p2a: Iron Valiant|13/100|[from] Grassy Terrain
|-heal|p1a: Rillaboom|18/100|[from] Grassy Terrain
|upkeep
|turn|26
|
|t:|1760435085
|move|p1a: Rillaboom|Grassy Glide|p2a: Iron Valiant
|-damage|p2a: Iron Valiant|0 fnt
|faint|p2a: Iron Valiant
|-end|p2a: Iron Valiant|Quark Drive|[silent]
|
|-heal|p1a: Rillaboom|24/100|[from] Grassy Terrain
|upkeep
|
|t:|1760435093
|switch|p2a: Dragonite|Dragonite, M|100/100
|turn|27
|
|t:|1760435102
|switch|p1a: Garchomp|Garchomp, F|100/100
|move|p2a: Dragonite|Dragon Dance|p2a: Dragonite
|-boost|p2a: Dragonite|atk|1
|-boost|p2a: Dragonite|spe|1
|
|upkeep
|turn|28
|
|t:|1760435109
|move|p2a: Dragonite|Ice Spinner|p1a: Garchomp
|-supereffective|p1a: Garchomp
|-damage|p1a: Garchomp|0 fnt
|-damage|p2a: Dragonite|88/100|[from] ability: Rough Skin|[of] p1a: Garchomp
|-fieldend|move: Grassy Terrain
|faint|p1a: Garchomp
|
|upkeep
|
|t:|1760435119
|switch|p1a: Greninja|Greninja, M|100/100
|turn|29
|
|t:|1760435123
|move|p2a: Dragonite|Extreme Speed|p1a: Greninja
|-damage|p1a: Greninja|26/100
|move|p1a: Greninja|Ice Beam|p2a: Dragonite
|-supereffective|p2a: Dragonite
|-damage|p2a: Dragonite|0 fnt
|faint|p2a: Dragonite
|-ability|p1a: Greninja|Battle Bond|boost
|-boost|p1a: Greninja|atk|1
|-boost|p1a: Greninja|spa|1
|-boost|p1a: Greninja|spe|1
|-activate|p1a: Greninja|ability: Battle Bond
|
|upkeep
|
|t:|1760435135
|switch|p2a: Serperior|Serperior, F, shiny|38/100
|turn|30
|
|t:|1760435148
|move|p1a: Greninja|Ice Beam|p2a: Serperior
|-supereffective|p2a: Serperior
|-damage|p2a: Serperior|0 fnt
|faint|p2a: Serperior
|
|upkeep
|inactive|Tako Chang has 120 seconds left.
|-message|V_run658 forfeited.
|
|win|Tako Chang
|raw|V_run658's rating: 1428 &rarr; <strong>1405</strong><br />(-23 for losing)
|raw|Tako Chang's rating: 1372 &rarr; <strong>1395</strong><br />(+23 for winning)
|l|☆V_run658
|player|p1|
|l|☆Tako Chang
|player|p2|
