|j|☆localdealerr
|j|☆butts99999
|t:|1760390470
|gametype|singles
|player|p1|localdealerr|102|1766
|player|p2|butts99999|skierf|1813
|gen|9
|tier|[Gen 9] OU
|rated|
|rule|HP Percentage Mod: HP is shown in percentages
|rule|Endless Battle Clause: Forcing endless battles is banned
|rule|Species Clause: Limit one of each Pokémon
|rule|OHKO Clause: OHKO moves are banned
|rule|Evasion Items Clause: Evasion items are banned
|rule|Evasion Moves Clause: Evasion moves are banned
|rule|Evasion Abilities Clause: Evasion abilities are banned
|rule|Sleep Moves Clause: Sleep-inducing moves are banned
|clearpoke
|poke|p1|Ninetales-Alola, F|
|poke|p1|Iron Hands|
|poke|p1|Kyurem|
|poke|p1|Zapdos|
|poke|p1|Alomomola, M|
|poke|p1|Iron Treads|
|poke|p2|Kingambit, F|
|poke|p2|Cinderace, F|
|poke|p2|Landorus-Therian, M|
|poke|p2|Iron Valiant|
|poke|p2|Kyurem|
|poke|p2|Slowking-Galar, M|
|teampreview
|inactive|Battle timer is ON: inactive players will automatically lose when time's up. (requested by butts99999)
|c|☆butts99999|hf
|c|☆localdealerr|u2
|
|t:|1760390496
|teamsize|p1|6
|teamsize|p2|6
|start
|switch|p1a: FICO|Ninetales-Alola, F|100/100
|switch|p2a: Kristine|Cinderace, F, shiny|100/100
|-weather|Snowscape|[from] ability: Snow Warning|[of] p1a: FICO
|turn|1
|
|t:|1760390499
|switch|p1a: Ace Trumpets|Alomomola, M|100/100
|move|p2a: Kristine|Will-O-Wisp|p1a: Ace Trumpets
|-status|p1a: Ace Trumpets|brn
|
|-weather|Snowscape|[upkeep]
|-damage|p1a: Ace Trumpets|94/100 brn|[from] brn
|upkeep
|turn|2
|
|t:|1760390504
|move|p2a: Kristine|U-turn|p1a: Ace Trumpets
|-damage|p1a: Ace Trumpets|84/100 brn
|
|t:|1760390509
|switch|p2a: Mr. Freeze|Kyurem, shiny|100/100|[from] U-turn
|-ability|p2a: Mr. Freeze|Pressure
|move|p1a: Ace Trumpets|Scald|p2a: Mr. Freeze
|-resisted|p2a: Mr. Freeze
|-damage|p2a: Mr. Freeze|94/100
|
|-weather|Snowscape|[upkeep]
|-heal|p2a: Mr. Freeze|99/100|[from] item: Leftovers
|-damage|p1a: Ace Trumpets|77/100 brn|[from] brn
|upkeep
|turn|3
|
|t:|1760390519
|switch|p1a: EBITDA|Kyurem|100/100
|-ability|p1a: EBITDA|Pressure
|move|p2a: Mr. Freeze|Substitute|p2a: Mr. Freeze
|-start|p2a: Mr. Freeze|Substitute
|-damage|p2a: Mr. Freeze|75/100
|
|-weather|Snowscape|[upkeep]
|-heal|p2a: Mr. Freeze|81/100|[from] item: Leftovers
|upkeep
|turn|4
|
|t:|1760390524
|move|p2a: Mr. Freeze|Freeze-Dry|p1a: EBITDA
|-damage|p1a: EBITDA|68/100
|move|p1a: EBITDA|Dragon Dance|p1a: EBITDA
|-boost|p1a: EBITDA|atk|1
|-boost|p1a: EBITDA|spe|1
|
|-weather|Snowscape|[upkeep]
|-heal|p2a: Mr. Freeze|87/100|[from] item: Leftovers
|upkeep
|turn|5
|
|t:|1760390531
|switch|p2a: Daenerys|Kingambit, F|100/100
|move|p1a: EBITDA|Scale Shot|p2a: Daenerys
|-resisted|p2a: Daenerys
|-damage|p2a: Daenerys|92/100
|-resisted|p2a: Daenerys
|-damage|p2a: Daenerys|84/100
|-resisted|p2a: Daenerys
|-damage|p2a: Daenerys|76/100
|-resisted|p2a: Daenerys
|-damage|p2a: Daenerys|67/100
|-hitcount|p2a: Daenerys|4
|-unboost|p1a: EBITDA|def|1
|-boost|p1a: EBITDA|spe|1
|
|-weather|none
|-heal|p2a: Daenerys|73/100|[from] item: Leftovers
|upkeep
|turn|6
|
|t:|1760390546
|-terastallize|p1a: EBITDA|Fire
|move|p2a: Daenerys|Sucker Punch|p1a: EBITDA
|-damage|p1a: EBITDA|8/100
|move|p1a: EBITDA|Tera Blast|p2a: Daenerys|[anim] Tera Blast Fire
|-supereffective|p2a: Daenerys
|-damage|p2a: Daenerys|0 fnt
|faint|p2a: Daenerys
|-end|p2a: Daenerys|fallenundefined|[silent]
|
|upkeep
|inactive|butts99999 has 120 seconds left.
|inactive|butts99999 has 90 seconds left.
|
|t:|1760390626
|switch|p2a: Homelandor|Landorus-Therian, M, shiny|100/100
|-ability|p2a: Homelandor|Intimidate|boost
|-unboost|p1a: EBITDA|atk|1
|turn|7
|inactive|butts99999 has 60 seconds left.
|
|t:|1760390666
|switch|p2a: Kristine|Cinderace, F, shiny|100/100
|move|p1a: EBITDA|Icicle Spear|p2a: Kristine
|-resisted|p2a: Kristine
|-damage|p2a: Kristine|93/100
|-resisted|p2a: Kristine
|-damage|p2a: Kristine|85/100
|-resisted|p2a: Kristine
|-damage|p2a: Kristine|76/100
|-resisted|p2a: Kristine
|-damage|p2a: Kristine|68/100
|-resisted|p2a: Kristine
|-damage|p2a: Kristine|59/100
|-hitcount|p2a: Kristine|5
|
|upkeep
|turn|8
|
|t:|1760390694
|switch|p2a: Chillionaire|Slowking-Galar, M, shiny|100/100
|move|p1a: EBITDA|Dragon Dance|p1a: EBITDA
|-boost|p1a: EBITDA|atk|1
|-boost|p1a: EBITDA|spe|1
|
|upkeep
|turn|9
|
|t:|1760390702
|move|p1a: EBITDA|Icicle Spear|p2a: Chillionaire
|-damage|p2a: Chillionaire|77/100
|-crit|p2a: Chillionaire
|-damage|p2a: Chillionaire|43/100
|-damage|p2a: Chillionaire|22/100
|-damage|p2a: Chillionaire|1/100
|-hitcount|p2a: Chillionaire|4
|move|p2a: Chillionaire|Sludge Bomb|p1a: EBITDA
|-damage|p1a: EBITDA|0 fnt
|faint|p1a: EBITDA
|
|upkeep
|inactive|localdealerr has 120 seconds left.
|
|t:|1760390738
|switch|p1a: Chains and Whips|Iron Treads|100/100
|turn|10
|
|t:|1760390747
|switch|p2a: Homelandor|Landorus-Therian, M, shiny|100/100
|-ability|p2a: Homelandor|Intimidate|boost
|-unboost|p1a: Chains and Whips|atk|1
|move|p1a: Chains and Whips|Knock Off|p2a: Homelandor
|-crit|p2a: Homelandor
|-damage|p2a: Homelandor|69/100
|-enditem|p2a: Homelandor|Leftovers|[from] move: Knock Off|[of] p1a: Chains and Whips
|
|upkeep
|turn|11
|
|t:|1760390756
|-end|p1a: Chains and Whips|Quark Drive|[silent]
|switch|p1a: FICO|Ninetales-Alola, F|100/100
|-weather|Snowscape|[from] ability: Snow Warning|[of] p1a: FICO
|move|p2a: Homelandor|Earthquake|p1a: FICO
|-damage|p1a: FICO|60/100
|
|-weather|Snowscape|[upkeep]
|upkeep
|turn|12
|inactive|localdealerr has 120 seconds left.
|
|t:|1760390767
|switch|p2a: Kristine|Cinderace, F, shiny|59/100
|move|p1a: FICO|Aurora Veil|p1a: FICO
|-sidestart|p1: localdealerr|move: Aurora Veil
|
|-weather|Snowscape|[upkeep]
|upkeep
|turn|13
|
|t:|1760390773
|move|p2a: Kristine|Court Change|p2a: Kristine
|-swapsideconditions
|-activate|p2a: Kristine|move: Court Change
|move|p1a: FICO|Aurora Veil|p1a: FICO
|-sidestart|p1: localdealerr|move: Aurora Veil
|
|-weather|Snowscape|[upkeep]
|upkeep
|turn|14
|
|t:|1760390784
|switch|p1a: Ace Trumpets|Alomomola, M|100/100 brn
|move|p2a: Kristine|U-turn|p1a: Ace Trumpets
|-damage|p1a: Ace Trumpets|95/100 brn
|
|t:|1760390786
|switch|p2a: Chillionaire|Slowking-Galar, M, shiny|34/100|[from] U-turn
|
|-weather|Snowscape|[upkeep]
|-damage|p1a: Ace Trumpets|89/100 brn|[from] brn
|upkeep
|turn|15
|
|t:|1760390791
|move|p1a: Ace Trumpets|Wish|p1a: Ace Trumpets
|-prepare|p2a: Chillionaire|Chilly Reception|[premajor]
|move|p2a: Chillionaire|Chilly Reception|p2a: Chillionaire
|
|t:|1760390795
|switch|p2a: Mr. Freeze|Kyurem, shiny|87/100|[from] Chilly Reception
|-ability|p2a: Mr. Freeze|Pressure
|
|-weather|none
|-heal|p2a: Mr. Freeze|94/100|[from] item: Leftovers
|-damage|p1a: Ace Trumpets|83/100 brn|[from] brn
|upkeep
|turn|16
|
|t:|1760390803
|switch|p1a: MTBTTF|Iron Hands|100/100
|-enditem|p1a: MTBTTF|Booster Energy
|-activate|p1a: MTBTTF|ability: Quark Drive|[fromitem]
|-start|p1a: MTBTTF|quarkdriveatk
|move|p2a: Mr. Freeze|Substitute|p2a: Mr. Freeze
|-start|p2a: Mr. Freeze|Substitute
|-damage|p2a: Mr. Freeze|69/100
|
|-heal|p2a: Mr. Freeze|75/100|[from] item: Leftovers
|upkeep
|turn|17
|inactive|butts99999 has 90 seconds left.
|
|t:|1760390826
|-terastallize|p2a: Mr. Freeze|Ground
|move|p2a: Mr. Freeze|Earth Power|p1a: MTBTTF
|-supereffective|p1a: MTBTTF
|-damage|p1a: MTBTTF|63/100
|move|p1a: MTBTTF|Swords Dance|p1a: MTBTTF
|-boost|p1a: MTBTTF|atk|2
|
|-heal|p2a: Mr. Freeze|81/100|[from] item: Leftovers
|upkeep
|turn|18
|inactive|butts99999 has 90 seconds left.
|
|t:|1760390837
|move|p2a: Mr. Freeze|Earth Power|p1a: MTBTTF
|-supereffective|p1a: MTBTTF
|-damage|p1a: MTBTTF|28/100
|move|p1a: MTBTTF|Drain Punch|p2a: Mr. Freeze
|-end|p2a: Mr. Freeze|Substitute
|-heal|p1a: MTBTTF|39/100|[from] drain|[of] p2a: Mr. Freeze
|
|-heal|p2a: Mr. Freeze|87/100|[from] item: Leftovers
|upkeep
|turn|19
|inactive|butts99999 has 90 seconds left.
|
|t:|1760390850
|switch|p2a: Homelandor|Landorus-Therian, M, shiny|69/100
|-ability|p2a: Homelandor|Intimidate|boost
|-unboost|p1a: MTBTTF|atk|1
|-end|p1a: MTBTTF|Quark Drive|[silent]
|switch|p1a: FICO|Ninetales-Alola, F|60/100
|-weather|Snowscape|[from] ability: Snow Warning|[of] p1a: FICO
|
|-weather|Snowscape|[upkeep]
|-sideend|p2: butts99999|move: Aurora Veil
|upkeep
|turn|20
|inactive|butts99999 has 90 seconds left.
|
|t:|1760390860
|switch|p2a: Chillionaire|Slowking-Galar, M, shiny|68/100
|move|p1a: FICO|Moonblast|p2a: Chillionaire
|-resisted|p2a: Chillionaire
|-damage|p2a: Chillionaire|59/100
|
|-weather|Snowscape|[upkeep]
|-sideend|p1: localdealerr|move: Aurora Veil
|upkeep
|turn|21
|
|t:|1760390865
|switch|p1a: Chains and Whips|Iron Treads|100/100
|move|p2a: Chillionaire|Future Sight|p1a: Chains and Whips
|-start|p2a: Chillionaire|move: Future Sight
|
|-weather|Snowscape|[upkeep]
|upkeep
|turn|22
|
|t:|1760390871
|switch|p2a: Homelandor|Landorus-Therian, M, shiny|69/100
|-ability|p2a: Homelandor|Intimidate|boost
|-unboost|p1a: Chains and Whips|atk|1
|move|p1a: Chains and Whips|Knock Off|p2a: Homelandor
|-damage|p2a: Homelandor|58/100
|
|-weather|Snowscape|[upkeep]
|upkeep
|turn|23
|
|t:|1760390878
|-end|p1a: Chains and Whips|Quark Drive|[silent]
|switch|p1a: Ace Trumpets|Alomomola, M|100/100 brn
|move|p2a: Homelandor|U-turn|p1a: Ace Trumpets
|-damage|p1a: Ace Trumpets|87/100 brn
|
|t:|1760390881
|switch|p2a: Mr. Freeze|Kyurem, shiny, tera:Ground|87/100|[from] U-turn
|-ability|p2a: Mr. Freeze|Pressure
|
|-weather|none
|-end|p1a: Ace Trumpets|move: Future Sight
|-damage|p1a: Ace Trumpets|50/100 brn
|-heal|p2a: Mr. Freeze|93/100|[from] item: Leftovers
|-damage|p1a: Ace Trumpets|44/100 brn|[from] brn
|upkeep
|turn|24
|
|t:|1760390889
|switch|p1a: FICO|Ninetales-Alola, F|60/100
|-weather|Snowscape|[from] ability: Snow Warning|[of] p1a: FICO
|move|p2a: Mr. Freeze|Freeze-Dry|p1a: FICO
|-resisted|p1a: FICO
|-damage|p1a: FICO|41/100
|
|-weather|Snowscape|[upkeep]
|-heal|p2a: Mr. Freeze|99/100|[from] item: Leftovers
|upkeep
|turn|25
|
|t:|1760390901
|switch|p2a: Kristine|Cinderace, F, shiny|59/100
|move|p1a: FICO|Aurora Veil|p1a: FICO
|-sidestart|p1: localdealerr|move: Aurora Veil
|
|-weather|Snowscape|[upkeep]
|upkeep
|turn|26
|
|t:|1760390910
|move|p2a: Kristine|Pyro Ball|p1a: FICO|[miss]
|-miss|p2a: Kristine|p1a: FICO
|move|p1a: FICO|Encore|p2a: Kristine
|-start|p2a: Kristine|Encore
|
|-weather|Snowscape|[upkeep]
|upkeep
|turn|27
|
|t:|1760390915
|switch|p2a: Chillionaire|Slowking-Galar, M, shiny|93/100
|switch|p1a: Ace Trumpets|Alomomola, M|77/100 brn
|
|-weather|Snowscape|[upkeep]
|-damage|p1a: Ace Trumpets|71/100 brn|[from] brn
|upkeep
|turn|28
|
|t:|1760390920
|move|p1a: Ace Trumpets|Wish|p1a: Ace Trumpets
|-prepare|p2a: Chillionaire|Chilly Reception|[premajor]
|move|p2a: Chillionaire|Chilly Reception|p2a: Chillionaire
|
|t:|1760390925
|switch|p2a: Mr. Freeze|Kyurem, shiny, tera:Ground|99/100|[from] Chilly Reception
|-ability|p2a: Mr. Freeze|Pressure
|
|-weather|none
|-heal|p2a: Mr. Freeze|100/100|[from] item: Leftovers
|-damage|p1a: Ace Trumpets|65/100 brn|[from] brn
|upkeep
|turn|29
|
|t:|1760390930
|move|p2a: Mr. Freeze|Substitute|p2a: Mr. Freeze
|-start|p2a: Mr. Freeze|Substitute
|-damage|p2a: Mr. Freeze|76/100
|move|p1a: Ace Trumpets|Flip Turn|p2a: Mr. Freeze
|-supereffective|p2a: Mr. Freeze
|-activate|p2a: Mr. Freeze|move: Substitute|[damage]
|
|t:|1760390932
|switch|p1a: MTBTTF|Iron Hands|39/100|[from] Flip Turn
|
|-heal|p1a: MTBTTF|93/100|[from] move: Wish|[wisher] Ace Trumpets
|-heal|p2a: Mr. Freeze|82/100|[from] item: Leftovers
|upkeep
|turn|30
|
|t:|1760390941
|-end|p1a: MTBTTF|Quark Drive|[silent]
|switch|p1a: Ace Trumpets|Alomomola, M|98/100 brn
|move|p2a: Mr. Freeze|Earth Power|p1a: Ace Trumpets
|-damage|p1a: Ace Trumpets|78/100 brn
|
|-heal|p2a: Mr. Freeze|88/100|[from] item: Leftovers
|-damage|p1a: Ace Trumpets|72/100 brn|[from] brn
|upkeep
|turn|31
|
|t:|1760390949
|move|p2a: Mr. Freeze|Freeze-Dry|p1a: Ace Trumpets
|-supereffective|p1a: Ace Trumpets
|-damage|p1a: Ace Trumpets|41/100 brn
|move|p1a: Ace Trumpets|Scald|p2a: Mr. Freeze
|-supereffective|p2a: Mr. Freeze
|-end|p2a: Mr. Freeze|Substitute
|
|-heal|p2a: Mr. Freeze|94/100|[from] item: Leftovers
|-damage|p1a: Ace Trumpets|35/100 brn|[from] brn
|upkeep
|turn|32
|
|t:|1760390958
|move|p2a: Mr. Freeze|Freeze-Dry|p1a: Ace Trumpets
|-supereffective|p1a: Ace Trumpets
|-damage|p1a: Ace Trumpets|2/100 brn
|move|p1a: Ace Trumpets|Flip Turn|p2a: Mr. Freeze
|-supereffective|p2a: Mr. Freeze
|-damage|p2a: Mr. Freeze|80/100
|
|t:|1760390968
|switch|p1a: FICO|Ninetales-Alola, F|41/100|[from] Flip Turn
|-weather|Snowscape|[from] ability: Snow Warning|[of] p1a: FICO
|
|-weather|Snowscape|[upkeep]
|-heal|p2a: Mr. Freeze|86/100|[from] item: Leftovers
|-sideend|p1: localdealerr|move: Aurora Veil
|upkeep
|turn|33
|
|t:|1760390975
|switch|p2a: Kristine|Cinderace, F, shiny|59/100
|move|p1a: FICO|Moonblast|p2a: Kristine
|-resisted|p2a: Kristine
|-damage|p2a: Kristine|42/100
|
|-weather|Snowscape|[upkeep]
|upkeep
|turn|34
|
|t:|1760390983
|switch|p1a: TheBirdsDontSing|Zapdos|100/100
|move|p2a: Kristine|Pyro Ball|p1a: TheBirdsDontSing
|-damage|p1a: TheBirdsDontSing|44/100
|
|-weather|Snowscape|[upkeep]
|upkeep
|turn|35
|
|t:|1760390990
|move|p1a: TheBirdsDontSing|Thunderbolt|p2a: Kristine
|-damage|p2a: Kristine|0 fnt
|faint|p2a: Kristine
|
|-weather|Snowscape|[upkeep]
|upkeep
|
|t:|1760390994
|switch|p2a: Mr. Freeze|Kyurem, shiny, tera:Ground|86/100
|-ability|p2a: Mr. Freeze|Pressure
|turn|36
|
|t:|1760391006
|switch|p1a: FICO|Ninetales-Alola, F|41/100
|move|p2a: Mr. Freeze|Earth Power|p1a: FICO
|-damage|p1a: FICO|0 fnt
|faint|p1a: FICO
|
|-weather|none
|-heal|p2a: Mr. Freeze|92/100|[from] item: Leftovers
|upkeep
|
|t:|1760391029
|switch|p1a: Chains and Whips|Iron Treads|100/100
|turn|37
|
|t:|1760391032
|move|p2a: Mr. Freeze|Earth Power|p1a: Chains and Whips
|-supereffective|p1a: Chains and Whips
|-damage|p1a: Chains and Whips|47/100
|move|p1a: Chains and Whips|Knock Off|p2a: Mr. Freeze
|-damage|p2a: Mr. Freeze|69/100
|-enditem|p2a: Mr. Freeze|Leftovers|[from] move: Knock Off|[of] p1a: Chains and Whips
|
|upkeep
|turn|38
|
|t:|1760391042
|-end|p1a: Chains and Whips|Quark Drive|[silent]
|switch|p1a: TheBirdsDontSing|Zapdos|44/100
|move|p2a: Mr. Freeze|Earth Power|p1a: TheBirdsDontSing
|-immune|p1a: TheBirdsDontSing
|
|upkeep
|turn|39
|
|t:|1760391065
|switch|p2a: Chillionaire|Slowking-Galar, M, shiny|100/100
|move|p1a: TheBirdsDontSing|Hurricane|p2a: Chillionaire|[miss]
|-miss|p1a: TheBirdsDontSing|p2a: Chillionaire
|
|upkeep
|turn|40
|
|t:|1760391073
|switch|p1a: Ace Trumpets|Alomomola, M|35/100 brn
|move|p2a: Chillionaire|Future Sight|p1a: Ace Trumpets
|-start|p2a: Chillionaire|move: Future Sight
|
|-damage|p1a: Ace Trumpets|29/100 brn|[from] brn
|upkeep
|turn|41
|
|t:|1760391078
|move|p1a: Ace Trumpets|Wish|p1a: Ace Trumpets
|move|p2a: Chillionaire|Sludge Bomb|p1a: Ace Trumpets
|-damage|p1a: Ace Trumpets|0 fnt
|faint|p1a: Ace Trumpets
|
|upkeep
|
|t:|1760391093
|switch|p1a: TheBirdsDontSing|Zapdos|44/100
|turn|42
|
|t:|1760391099
|move|p1a: TheBirdsDontSing|Volt Switch|p2a: Chillionaire
|-damage|p2a: Chillionaire|78/100
|
|t:|1760391101
|switch|p1a: Chains and Whips|Iron Treads|47/100|[from] Volt Switch
|-prepare|p2a: Chillionaire|Chilly Reception|[premajor]
|move|p2a: Chillionaire|Chilly Reception|p2a: Chillionaire
|-weather|Snowscape
|
|t:|1760391105
|switch|p2a: Homelandor|Landorus-Therian, M, shiny|58/100|[from] Chilly Reception
|-ability|p2a: Homelandor|Intimidate|boost
|-unboost|p1a: Chains and Whips|atk|1
|
|-weather|Snowscape|[upkeep]
|-end|p1a: Chains and Whips|move: Future Sight
|-resisted|p1a: Chains and Whips
|-damage|p1a: Chains and Whips|35/100
|-heal|p1a: Chains and Whips|98/100|[from] move: Wish|[wisher] Ace Trumpets
|upkeep
|turn|43
|
|t:|1760391111
|-end|p1a: Chains and Whips|Quark Drive|[silent]
|switch|p1a: TheBirdsDontSing|Zapdos|44/100
|move|p2a: Homelandor|Earthquake|p1a: TheBirdsDontSing
|-immune|p1a: TheBirdsDontSing
|
|-weather|Snowscape|[upkeep]
|upkeep
|turn|44
|
|t:|1760391114
|switch|p2a: Chillionaire|Slowking-Galar, M, shiny|100/100
|move|p1a: TheBirdsDontSing|Weather Ball|p2a: Chillionaire
|-damage|p2a: Chillionaire|79/100
|
|-weather|Snowscape|[upkeep]
|upkeep
|turn|45
|
|t:|1760391120
|switch|p1a: MTBTTF|Iron Hands|93/100
|-prepare|p2a: Chillionaire|Chilly Reception|[premajor]
|move|p2a: Chillionaire|Chilly Reception|p2a: Chillionaire
|
|t:|1760391124
|switch|p2a: Homelandor|Landorus-Therian, M, shiny|58/100|[from] Chilly Reception
|-ability|p2a: Homelandor|Intimidate|boost
|-unboost|p1a: MTBTTF|atk|1
|
|-weather|Snowscape|[upkeep]
|upkeep
|turn|46
|
|t:|1760391132
|-end|p1a: MTBTTF|Quark Drive|[silent]
|switch|p1a: TheBirdsDontSing|Zapdos|44/100
|move|p2a: Homelandor|U-turn|p1a: TheBirdsDontSing
|-resisted|p1a: TheBirdsDontSing
|-damage|p1a: TheBirdsDontSing|30/100
|-status|p2a: Homelandor|par|[from] ability: Static|[of] p1a: TheBirdsDontSing
|
|t:|1760391134
|switch|p2a: Chillionaire|Slowking-Galar, M, shiny|100/100|[from] U-turn
|
|-weather|none
|upkeep
|turn|47
|
|t:|1760391139
|move|p1a: TheBirdsDontSing|Volt Switch|p2a: Chillionaire
|-damage|p2a: Chillionaire|81/100
|
|t:|1760391141
|switch|p1a: Chains and Whips|Iron Treads|98/100|[from] Volt Switch
|move|p2a: Chillionaire|Future Sight|p1a: Chains and Whips
|-start|p2a: Chillionaire|move: Future Sight
|
|upkeep
|turn|48
|
|t:|1760391148
|move|p1a: Chains and Whips|Rapid Spin|p2a: Chillionaire
|-damage|p2a: Chillionaire|68/100
|-boost|p1a: Chains and Whips|spe|1
|-prepare|p2a: Chillionaire|Chilly Reception|[premajor]
|move|p2a: Chillionaire|Chilly Reception|p2a: Chillionaire
|-weather|Snowscape
|
|t:|1760391151
|switch|p2a: Homelandor|Landorus-Therian, M, shiny|58/100 par|[from] Chilly Reception
|-ability|p2a: Homelandor|Intimidate|boost
|-unboost|p1a: Chains and Whips|atk|1
|
|-weather|Snowscape|[upkeep]
|upkeep
|turn|49
|
|t:|1760391156
|move|p1a: Chains and Whips|Knock Off|p2a: Homelandor
|-damage|p2a: Homelandor|49/100 par
|cant|p2a: Homelandor|par
|
|-weather|Snowscape|[upkeep]
|-end|p1a: Chains and Whips|move: Future Sight
|-resisted|p1a: Chains and Whips
|-damage|p1a: Chains and Whips|86/100
|upkeep
|turn|50
|
|t:|1760391165
|-end|p1a: Chains and Whips|Quark Drive|[silent]
|switch|p1a: TheBirdsDontSing|Zapdos|30/100
|move|p2a: Homelandor|Earthquake|p1a: TheBirdsDontSing
|-immune|p1a: TheBirdsDontSing
|
|-weather|Snowscape|[upkeep]
|upkeep
|turn|51
|
|t:|1760391168
|switch|p2a: Chillionaire|Slowking-Galar, M, shiny|100/100
|move|p1a: TheBirdsDontSing|Volt Switch|p2a: Chillionaire
|-damage|p2a: Chillionaire|80/100
|
|t:|1760391172
|switch|p1a: MTBTTF|Iron Hands|93/100|[from] Volt Switch
|
|-weather|Snowscape|[upkeep]
|upkeep
|turn|52
|
|t:|1760391176
|move|p1a: MTBTTF|Swords Dance|p1a: MTBTTF
|-boost|p1a: MTBTTF|atk|2
|move|p2a: Chillionaire|Future Sight|p1a: MTBTTF
|-start|p2a: Chillionaire|move: Future Sight
|
|-weather|none
|upkeep
|turn|53
|
|t:|1760391187
|switch|p2a: Homelandor|Landorus-Therian, M, shiny|49/100 par
|-ability|p2a: Homelandor|Intimidate|boost
|-unboost|p1a: MTBTTF|atk|1
|move|p1a: MTBTTF|Ice Punch|p2a: Homelandor
|-supereffective|p2a: Homelandor
|-damage|p2a: Homelandor|0 fnt
|faint|p2a: Homelandor
|
|upkeep
|
|t:|1760391193
|switch|p2a: Mr. Freeze|Kyurem, shiny, tera:Ground|69/100
|-ability|p2a: Mr. Freeze|Pressure
|turn|54
|j| dr. drake6782
|
|t:|1760391203
|-end|p1a: MTBTTF|Quark Drive|[silent]
|switch|p1a: Chains and Whips|Iron Treads|86/100
|move|p2a: Mr. Freeze|Substitute|p2a: Mr. Freeze
|-start|p2a: Mr. Freeze|Substitute
|-damage|p2a: Mr. Freeze|44/100
|
|-end|p1a: Chains and Whips|move: Future Sight
|-resisted|p1a: Chains and Whips
|-damage|p1a: Chains and Whips|74/100
|upkeep
|turn|55
|
|t:|1760391211
|move|p2a: Mr. Freeze|Earth Power|p1a: Chains and Whips
|-supereffective|p1a: Chains and Whips
|-damage|p1a: Chains and Whips|26/100
|move|p1a: Chains and Whips|Rapid Spin|p2a: Mr. Freeze
|-activate|p2a: Mr. Freeze|move: Substitute|[damage]
|-boost|p1a: Chains and Whips|spe|1
|
|upkeep
|turn|56
|
|t:|1760391224
|move|p1a: Chains and Whips|Earthquake|p2a: Mr. Freeze
|-end|p2a: Mr. Freeze|Substitute
|move|p2a: Mr. Freeze|Scale Shot|p1a: Chains and Whips
|-resisted|p1a: Chains and Whips
|-damage|p1a: Chains and Whips|22/100
|-resisted|p1a: Chains and Whips
|-damage|p1a: Chains and Whips|18/100
|-resisted|p1a: Chains and Whips
|-damage|p1a: Chains and Whips|14/100
|-resisted|p1a: Chains and Whips
|-damage|p1a: Chains and Whips|11/100
|-resisted|p1a: Chains and Whips
|-damage|p1a: Chains and Whips|7/100
|-hitcount|p1a: Chains and Whips|5
|-unboost|p2a: Mr. Freeze|def|1
|-boost|p2a: Mr. Freeze|spe|1
|
|upkeep
|turn|57
|
|t:|1760391237
|move|p2a: Mr. Freeze|Freeze-Dry|p1a: Chains and Whips
|-damage|p1a: Chains and Whips|0 fnt
|faint|p1a: Chains and Whips
|-end|p1a: Chains and Whips|Quark Drive|[silent]
|
|upkeep
|
|t:|1760391243
|switch|p1a: TheBirdsDontSing|Zapdos|30/100
|turn|58
|
|t:|1760391247
|move|p1a: TheBirdsDontSing|Hurricane|p2a: Mr. Freeze
|-crit|p2a: Mr. Freeze
|-damage|p2a: Mr. Freeze|0 fnt
|faint|p2a: Mr. Freeze
|
|upkeep
|
|t:|1760391249
|switch|p2a: Chillionaire|Slowking-Galar, M, shiny|100/100
|turn|59
|
|t:|1760391254
|switch|p1a: MTBTTF|Iron Hands|93/100
|move|p2a: Chillionaire|Future Sight|p1a: MTBTTF
|-start|p2a: Chillionaire|move: Future Sight
|
|upkeep
|turn|60
|
|t:|1760391258
|move|p1a: MTBTTF|Swords Dance|p1a: MTBTTF
|-boost|p1a: MTBTTF|atk|2
|move|p2a: Chillionaire|Sludge Bomb|p1a: MTBTTF
|-damage|p1a: MTBTTF|67/100
|-status|p1a: MTBTTF|psn
|
|-damage|p1a: MTBTTF|55/100 psn|[from] psn
|upkeep
|turn|61
|
|t:|1760391266
|move|p1a: MTBTTF|Thunder Punch|p2a: Chillionaire
|-damage|p2a: Chillionaire|10/100
|-prepare|p2a: Chillionaire|Chilly Reception|[premajor]
|move|p2a: Chillionaire|Chilly Reception|p2a: Chillionaire
|-weather|Snowscape
|
|t:|1760391269
|switch|p2a: WALL-Y|Iron Valiant|100/100|[from] Chilly Reception
|-enditem|p2a: WALL-Y|Booster Energy
|-activate|p2a: WALL-Y|ability: Quark Drive|[fromitem]
|-start|p2a: WALL-Y|quarkdrivespe
|
|-weather|Snowscape|[upkeep]
|-end|p1a: MTBTTF|move: Future Sight
|-supereffective|p1a: MTBTTF
|-damage|p1a: MTBTTF|0 fnt
|faint|p1a: MTBTTF
|-end|p1a: MTBTTF|Quark Drive|[silent]
|upkeep
|
|t:|1760391271
|switch|p1a: TheBirdsDontSing|Zapdos|30/100
|turn|62
|
|t:|1760391274
|move|p2a: WALL-Y|Moonblast|p1a: TheBirdsDontSing
|-damage|p1a: TheBirdsDontSing|0 fnt
|faint|p1a: TheBirdsDontSing
|
|win|butts99999
|raw|localdealerr's rating: 1766 &rarr; <strong>1749</strong><br />(-17 for losing)
|raw|butts99999's rating: 1813 &rarr; <strong>1830</strong><br />(+17 for winning)
|l|☆localdealerr
|player|p1|
|l|☆butts99999
|player|p2|
|l| dr. drake6782
