|j|☆sakigo
|j|☆310YM4N74N3R0
|t:|1760440970
|gametype|singles
|player|p1|sakigo|nancy|1686
|player|p2|310YM4N74N3R0|pokemonrangerf|1560
|gen|9
|tier|[Gen 9] OU
|rated|
|rule|HP Percentage Mod: HP is shown in percentages
|rule|Endless Battle Clause: Forcing endless battles is banned
|rule|Species Clause: Limit one of each Pokémon
|rule|OHKO Clause: OHKO moves are banned
|rule|Evasion Items Clause: Evasion items are banned
|rule|Evasion Moves Clause: Evasion moves are banned
|rule|Evasion Abilities Clause: Evasion abilities are banned
|rule|Sleep Moves Clause: Sleep-inducing moves are banned
|clearpoke
|poke|p1|Raging Bolt|
|poke|p1|Ninetales, F|
|poke|p1|Walking Wake|
|poke|p1|Hatterene, F|
|poke|p1|Kingambit, F|
|poke|p1|Landorus-Therian, M|
|poke|p2|Yanmega, F|
|poke|p2|Indeedee, M|
|poke|p2|Rillaboom, F|
|poke|p2|Blaziken, M|
|poke|p2|Blastoise, M|
|poke|p2|Tyranitar, F|
|teampreview
|
|t:|1760440998
|teamsize|p1|6
|teamsize|p2|6
|start
|switch|p1a: Landorus|Landorus-Therian, M, shiny|100/100
|switch|p2a: Indeedee|Indeedee, M|100/100
|-fieldstart|move: Psychic Terrain|[from] ability: Psychic Surge|[of] p2a: Indeedee
|-ability|p1a: Landorus|Intimidate|boost
|-unboost|p2a: Indeedee|atk|1
|turn|1
|
|t:|1760441013
|move|p2a: Indeedee|Trick|p1a: Landorus
|-activate|p2a: Indeedee|move: Trick|[of] p1a: Landorus
|-item|p1a: Landorus|Choice Scarf|[from] move: Trick
|-item|p2a: Indeedee|Rocky Helmet|[from] move: Trick
|move|p1a: Landorus|Stealth Rock|p2a: Indeedee
|-sidestart|p2: 310YM4N74N3R0|move: Stealth Rock
|
|upkeep
|turn|2
|
|t:|1760441029
|switch|p1a: Hatterene|Hatterene, F, shiny|100/100
|switch|p2a: Yanmega|Yanmega, F|100/100
|-damage|p2a: Yanmega|51/100|[from] Stealth Rock
|
|upkeep
|turn|3
|inactive|Battle timer is ON: inactive players will automatically lose when time's up. (requested by 310YM4N74N3R0)
|
|t:|1760441057
|move|p2a: Yanmega|Bug Buzz|p1a: Hatterene
|-damage|p1a: Hatterene|63/100
|-enditem|p2a: Yanmega|Throat Spray
|-boost|p2a: Yanmega|spa|1|[from] item: Throat Spray
|move|p1a: Hatterene|Mystical Fire|p2a: Yanmega
|-supereffective|p2a: Yanmega
|-damage|p2a: Yanmega|0 fnt
|faint|p2a: Yanmega
|
|-heal|p1a: Hatterene|69/100|[from] item: Leftovers
|upkeep
|
|t:|1760441076
|switch|p2a: Blastoise|Blastoise, M|100/100
|-damage|p2a: Blastoise|88/100|[from] Stealth Rock
|turn|4
|inactive|sakigo has 120 seconds left.
|
|t:|1760441108
|move|p2a: Blastoise|Shell Smash|p2a: Blastoise
|-unboost|p2a: Blastoise|def|1
|-unboost|p2a: Blastoise|spd|1
|-boost|p2a: Blastoise|atk|2
|-boost|p2a: Blastoise|spa|2
|-boost|p2a: Blastoise|spe|2
|move|p1a: Hatterene|Calm Mind|p1a: Hatterene
|-boost|p1a: Hatterene|spa|1
|-boost|p1a: Hatterene|spd|1
|
|-heal|p1a: Hatterene|75/100|[from] item: Leftovers
|upkeep
|turn|5
|inactive|sakigo has 120 seconds left.
|
|t:|1760441119
|move|p2a: Blastoise|Hydro Pump|p1a: Hatterene
|-damage|p1a: Hatterene|7/100
|-damage|p2a: Blastoise|78/100|[from] item: Life Orb
|move|p1a: Hatterene|Psyshock|p2a: Blastoise
|-damage|p2a: Blastoise|0 fnt
|faint|p2a: Blastoise
|
|-heal|p1a: Hatterene|13/100|[from] item: Leftovers
|-fieldend|move: Psychic Terrain
|upkeep
|inactive|310YM4N74N3R0 has 120 seconds left.
|
|t:|1760441164
|switch|p2a: Indeedee|Indeedee, M|100/100
|-damage|p2a: Indeedee|88/100|[from] Stealth Rock
|-fieldstart|move: Psychic Terrain|[from] ability: Psychic Surge|[of] p2a: Indeedee
|turn|6
|inactive|sakigo has 120 seconds left.
|
|t:|1760441182
|move|p2a: Indeedee|Expanding Force|p1a: Hatterene
|-resisted|p1a: Hatterene
|-damage|p1a: Hatterene|0 fnt
|faint|p1a: Hatterene
|
|upkeep
|inactive|sakigo has 120 seconds left.
|
|t:|1760441202
|switch|p1a: Ninetales|Ninetales, F, shiny|100/100
|-weather|SunnyDay|[from] ability: Drought|[of] p1a: Ninetales
|turn|7
|
|t:|1760441208
|switch|p2a: Tyranitar|Tyranitar, F, shiny|100/100
|-damage|p2a: Tyranitar|88/100|[from] Stealth Rock
|-weather|Sandstorm|[from] ability: Sand Stream|[of] p2a: Tyranitar
|move|p1a: Ninetales|Will-O-Wisp|p2a: Tyranitar
|-status|p2a: Tyranitar|brn
|
|-weather|Sandstorm|[upkeep]
|-damage|p1a: Ninetales|94/100|[from] Sandstorm
|-damage|p2a: Tyranitar|82/100 brn|[from] brn
|upkeep
|turn|8
|inactive|sakigo has 120 seconds left.
|
|t:|1760441222
|switch|p1a: Landorus|Landorus-Therian, M, shiny|100/100
|-ability|p1a: Landorus|Intimidate|boost
|-unboost|p2a: Tyranitar|atk|1
|move|p2a: Tyranitar|Dragon Dance|p2a: Tyranitar
|-boost|p2a: Tyranitar|atk|1
|-boost|p2a: Tyranitar|spe|1
|
|-weather|Sandstorm|[upkeep]
|-damage|p2a: Tyranitar|76/100 brn|[from] brn
|upkeep
|turn|9
|inactive|sakigo has 120 seconds left.
|
|t:|1760441236
|move|p2a: Tyranitar|Dragon Dance|p2a: Tyranitar
|-boost|p2a: Tyranitar|atk|1
|-boost|p2a: Tyranitar|spe|1
|move|p1a: Landorus|Earthquake|p2a: Tyranitar
|-supereffective|p2a: Tyranitar
|-damage|p2a: Tyranitar|0 fnt
|faint|p2a: Tyranitar
|
|-weather|Sandstorm|[upkeep]
|upkeep
|inactive|310YM4N74N3R0 has 120 seconds left.
|-message|310YM4N74N3R0 forfeited.
|
|win|sakigo
|raw|sakigo's rating: 1686 &rarr; <strong>1699</strong><br />(+13 for winning)
|raw|310YM4N74N3R0's rating: 1560 &rarr; <strong>1547</strong><br />(-13 for losing)
|l|☆310YM4N74N3R0
|player|p2|
|l|☆sakigo
|player|p1|
