|j|☆Potential Man
|j|☆LetsgoBrandonJ
|t:|1760414506
|gametype|singles
|player|p1|Potential Man|brock-gen2|1543
|player|p2|LetsgoBrandonJ|169|1581
|gen|9
|tier|[Gen 9] OU
|rated|
|rule|HP Percentage Mod: HP is shown in percentages
|rule|Endless Battle Clause: Forcing endless battles is banned
|rule|Species Clause: Limit one of each Pokémon
|rule|OHKO Clause: OHKO moves are banned
|rule|Evasion Items Clause: Evasion items are banned
|rule|Evasion Moves Clause: Evasion moves are banned
|rule|Evasion Abilities Clause: Evasion abilities are banned
|rule|Sleep Moves Clause: Sleep-inducing moves are banned
|clearpoke
|poke|p1|Toxtricity, F|
|poke|p1|Darkrai|
|poke|p1|Great Tusk|
|poke|p1|Corviknight, F|
|poke|p1|Dragapult, F|
|poke|p1|Clefable, F|
|poke|p2|Araquanid, M|
|poke|p2|Gholdengo|
|poke|p2|Iron Moth|
|poke|p2|Iron Valiant|
|poke|p2|Raging Bolt|
|poke|p2|Kingambit, M|
|teampreview
|inactive|Battle timer is ON: inactive players will automatically lose when time's up. (requested by LetsgoBrandonJ)
|
|t:|1760414514
|teamsize|p1|6
|teamsize|p2|6
|start
|switch|p1a: Corviknight|Corviknight, F, shiny|100/100
|switch|p2a: Araquanid|Araquanid, M, shiny|100/100
|-ability|p1a: Corviknight|Pressure
|turn|1
|
|t:|1760414522
|switch|p2a: Raging Bolt|Raging Bolt|100/100
|-enditem|p2a: Raging Bolt|Booster Energy
|-activate|p2a: Raging Bolt|ability: Protosynthesis|[fromitem]
|-start|p2a: Raging Bolt|protosynthesisspa
|move|p1a: Corviknight|Brave Bird|p2a: Raging Bolt
|-resisted|p2a: Raging Bolt
|-damage|p2a: Raging Bolt|84/100
|-damage|p1a: Corviknight|95/100|[from] Recoil
|
|upkeep
|turn|2
|
|t:|1760414532
|move|p2a: Raging Bolt|Dragon Pulse|p1a: Corviknight
|-resisted|p1a: Corviknight
|-damage|p1a: Corviknight|64/100
|move|p1a: Corviknight|U-turn|p2a: Raging Bolt
|-damage|p2a: Raging Bolt|69/100
|
|t:|1760414543
|switch|p1a: Dragapult|Dragapult, F, shiny|100/100|[from] U-turn
|
|upkeep
|turn|3
|
|t:|1760414551
|-end|p2a: Raging Bolt|Protosynthesis|[silent]
|switch|p2a: Iron Valiant|Iron Valiant|100/100
|-enditem|p2a: Iron Valiant|Booster Energy
|-activate|p2a: Iron Valiant|ability: Quark Drive|[fromitem]
|-start|p2a: Iron Valiant|quarkdrivespa
|-terastallize|p1a: Dragapult|Fairy
|move|p1a: Dragapult|Dragon Darts|p2a: Iron Valiant
|-immune|p2a: Iron Valiant
|
|upkeep
|turn|4
|
|t:|1760414562
|move|p1a: Dragapult|U-turn|p2a: Iron Valiant
|-resisted|p2a: Iron Valiant
|-damage|p2a: Iron Valiant|95/100
|
|t:|1760414567
|switch|p1a: Clefable|Clefable, F|100/100|[from] U-turn
|move|p2a: Iron Valiant|Moonblast|p1a: Clefable
|-damage|p1a: Clefable|43/100
|
|upkeep
|turn|5
|
|t:|1760414574
|move|p2a: Iron Valiant|Moonblast|p1a: Clefable
|-damage|p1a: Clefable|0 fnt
|faint|p1a: Clefable
|
|upkeep
|
|t:|1760414576
|switch|p1a: Darkrai|Darkrai|100/100
|turn|6
|
|t:|1760414586
|-terastallize|p2a: Iron Valiant|Ghost
|move|p1a: Darkrai|Sludge Bomb|p2a: Iron Valiant
|-resisted|p2a: Iron Valiant
|-damage|p2a: Iron Valiant|67/100
|move|p2a: Iron Valiant|Moonblast|p1a: Darkrai
|-supereffective|p1a: Darkrai
|-damage|p1a: Darkrai|0 fnt
|faint|p1a: Darkrai
|
|upkeep
|
|t:|1760414589
|switch|p1a: Dragapult|Dragapult, F, shiny, tera:Fairy|100/100
|turn|7
|
|t:|1760414602
|-end|p2a: Iron Valiant|Quark Drive|[silent]
|switch|p2a: Araquanid|Araquanid, M, shiny|100/100
|move|p1a: Dragapult|Hex|p2a: Araquanid
|-damage|p2a: Araquanid|83/100
|
|upkeep
|turn|8
|
|t:|1760414608
|move|p1a: Dragapult|Dragon Darts|p2a: Araquanid
|-damage|p2a: Araquanid|64/100
|-anim|p1a: Dragapult|Dragon Darts|p2a: Araquanid
|-damage|p2a: Araquanid|43/100
|move|p2a: Araquanid|Sticky Web|p1a: Dragapult
|-sidestart|p1: Potential Man|move: Sticky Web
|
|upkeep
|turn|9
|
|t:|1760414616
|move|p1a: Dragapult|Dragon Darts|p2a: Araquanid
|-damage|p2a: Araquanid|25/100
|-anim|p1a: Dragapult|Dragon Darts|p2a: Araquanid
|-crit|p2a: Araquanid
|-damage|p2a: Araquanid|0 fnt
|faint|p2a: Araquanid
|
|upkeep
|
|t:|1760414629
|switch|p2a: Iron Valiant|Iron Valiant, tera:Ghost|67/100
|turn|10
|
|t:|1760414633
|move|p1a: Dragapult|Hex|p2a: Iron Valiant
|-supereffective|p2a: Iron Valiant
|-damage|p2a: Iron Valiant|0 fnt
|faint|p2a: Iron Valiant
|-end|p2a: Iron Valiant|Quark Drive|[silent]
|
|upkeep
|
|t:|1760414640
|switch|p2a: Kingambit|Kingambit, M, shiny|100/100
|-activate|p2a: Kingambit|ability: Supreme Overlord
|-start|p2a: Kingambit|fallen2|[silent]
|-item|p2a: Kingambit|Air Balloon
|turn|11
|
|t:|1760414647
|move|p1a: Dragapult|Will-O-Wisp|p2a: Kingambit
|-status|p2a: Kingambit|brn
|move|p2a: Kingambit|Iron Head|p1a: Dragapult
|-supereffective|p1a: Dragapult
|-damage|p1a: Dragapult|32/100
|
|-damage|p2a: Kingambit|94/100 brn|[from] brn
|upkeep
|turn|12
|
|t:|1760414658
|move|p1a: Dragapult|U-turn|p2a: Kingambit
|-damage|p2a: Kingambit|77/100 brn
|-enditem|p2a: Kingambit|Air Balloon
|
|t:|1760414661
|switch|p1a: Great Tusk|Great Tusk|100/100|[from] U-turn
|-activate|p1a: Great Tusk|move: Sticky Web
|-fail|p1a: Great Tusk|unboost|[from] item: Clear Amulet|[of] p1a: Great Tusk
|move|p2a: Kingambit|Iron Head|p1a: Great Tusk
|-damage|p1a: Great Tusk|83/100
|
|-damage|p2a: Kingambit|71/100 brn|[from] brn
|upkeep
|turn|13
|
|t:|1760414672
|-end|p2a: Kingambit|fallen2|[silent]
|switch|p2a: Gholdengo|Gholdengo|100/100
|-item|p2a: Gholdengo|Air Balloon
|move|p1a: Great Tusk|Stealth Rock|p2a: Gholdengo
|-sidestart|p2: LetsgoBrandonJ|move: Stealth Rock
|
|upkeep
|turn|14
|
|t:|1760414687
|-end|p1a: Great Tusk|Protosynthesis|[silent]
|switch|p1a: Corviknight|Corviknight, F, shiny|64/100
|-ability|p1a: Corviknight|Pressure
|move|p2a: Gholdengo|Psyshock|p1a: Corviknight
|-resisted|p1a: Corviknight
|-damage|p1a: Corviknight|57/100
|
|upkeep
|turn|15
|
|t:|1760414696
|move|p2a: Gholdengo|Shadow Ball|p1a: Corviknight
|-damage|p1a: Corviknight|14/100
|move|p1a: Corviknight|U-turn|p2a: Gholdengo
|-resisted|p2a: Gholdengo
|-damage|p2a: Gholdengo|97/100
|-enditem|p2a: Gholdengo|Air Balloon
|
|t:|1760414699
|switch|p1a: Great Tusk|Great Tusk|83/100|[from] U-turn
|-activate|p1a: Great Tusk|move: Sticky Web
|-fail|p1a: Great Tusk|unboost|[from] item: Clear Amulet|[of] p1a: Great Tusk
|
|upkeep
|turn|16
|
|t:|1760414708
|move|p1a: Great Tusk|Headlong Rush|p2a: Gholdengo
|-supereffective|p2a: Gholdengo
|-damage|p2a: Gholdengo|0 fnt
|-unboost|p1a: Great Tusk|def|1
|-unboost|p1a: Great Tusk|spd|1
|faint|p2a: Gholdengo
|
|upkeep
|
|t:|1760414715
|switch|p2a: Iron Moth|Iron Moth|100/100
|-damage|p2a: Iron Moth|76/100|[from] Stealth Rock
|-enditem|p2a: Iron Moth|Booster Energy
|-activate|p2a: Iron Moth|ability: Quark Drive|[fromitem]
|-start|p2a: Iron Moth|quarkdrivespa
|turn|17
|
|t:|1760414723
|-end|p1a: Great Tusk|Protosynthesis|[silent]
|switch|p1a: Corviknight|Corviknight, F, shiny|14/100
|-ability|p1a: Corviknight|Pressure
|move|p2a: Iron Moth|Fiery Dance|p1a: Corviknight
|-supereffective|p1a: Corviknight
|-damage|p1a: Corviknight|0 fnt
|faint|p1a: Corviknight
|
|upkeep
|
|t:|1760414726
|switch|p1a: Dragapult|Dragapult, F, shiny, tera:Fairy|32/100
|turn|18
|
|t:|1760414738
|move|p1a: Dragapult|Dragon Darts|p2a: Iron Moth
|-damage|p2a: Iron Moth|37/100
|-anim|p1a: Dragapult|Dragon Darts|p2a: Iron Moth
|-damage|p2a: Iron Moth|0 fnt
|faint|p2a: Iron Moth
|-end|p2a: Iron Moth|Quark Drive|[silent]
|
|upkeep
|
|t:|1760414746
|switch|p2a: Raging Bolt|Raging Bolt|69/100
|-damage|p2a: Raging Bolt|57/100|[from] Stealth Rock
|turn|19
|
|t:|1760414752
|move|p2a: Raging Bolt|Thunderclap||[still]
|-fail|p2a: Raging Bolt
|move|p1a: Dragapult|Will-O-Wisp|p2a: Raging Bolt
|-status|p2a: Raging Bolt|brn
|
|-damage|p2a: Raging Bolt|51/100 brn|[from] brn
|upkeep
|turn|20
|
|t:|1760414764
|switch|p1a: Bad Amp|Toxtricity, F, shiny|100/100
|-activate|p1a: Bad Amp|move: Sticky Web
|-unboost|p1a: Bad Amp|spe|1
|move|p2a: Raging Bolt|Dragon Pulse|p1a: Bad Amp
|-damage|p1a: Bad Amp|22/100
|
|-damage|p2a: Raging Bolt|45/100 brn|[from] brn
|upkeep
|turn|21
|
|t:|1760414776
|move|p2a: Raging Bolt|Dragon Pulse|p1a: Bad Amp
|-damage|p1a: Bad Amp|0 fnt
|faint|p1a: Bad Amp
|
|-damage|p2a: Raging Bolt|39/100 brn|[from] brn
|upkeep
|
|t:|1760414779
|switch|p1a: Dragapult|Dragapult, F, shiny, tera:Fairy|32/100
|turn|22
|
|t:|1760414786
|move|p2a: Raging Bolt|Thunderclap|p1a: Dragapult
|-damage|p1a: Dragapult|0 fnt
|faint|p1a: Dragapult
|
|-damage|p2a: Raging Bolt|32/100 brn|[from] brn
|upkeep
|
|t:|1760414788
|switch|p1a: Great Tusk|Great Tusk|83/100
|-activate|p1a: Great Tusk|move: Sticky Web
|-fail|p1a: Great Tusk|unboost|[from] item: Clear Amulet|[of] p1a: Great Tusk
|turn|23
|
|t:|1760414796
|move|p1a: Great Tusk|Ice Spinner|p2a: Raging Bolt
|-supereffective|p2a: Raging Bolt
|-damage|p2a: Raging Bolt|0 fnt
|faint|p2a: Raging Bolt
|-end|p2a: Raging Bolt|Protosynthesis|[silent]
|
|upkeep
|
|t:|1760414801
|switch|p2a: Kingambit|Kingambit, M, shiny|71/100 brn
|-damage|p2a: Kingambit|64/100 brn|[from] Stealth Rock
|-activate|p2a: Kingambit|ability: Supreme Overlord
|-start|p2a: Kingambit|fallen5|[silent]
|turn|24
|
|t:|1760414807
|move|p1a: Great Tusk|Headlong Rush|p2a: Kingambit
|-supereffective|p2a: Kingambit
|-damage|p2a: Kingambit|0 fnt
|-unboost|p1a: Great Tusk|def|1
|-unboost|p1a: Great Tusk|spd|1
|faint|p2a: Kingambit
|-end|p2a: Kingambit|fallen5|[silent]
|
|win|Potential Man
|raw|Potential Man's rating: 1543 &rarr; <strong>1565</strong><br />(+22 for winning)
|raw|LetsgoBrandonJ's rating: 1581 &rarr; <strong>1559</strong><br />(-22 for losing)
|l|☆LetsgoBrandonJ
|player|p2|
