|j|☆lockheedmarlin
|j|☆Fryboi19
|t:|1760382555
|gametype|singles
|player|p1|lockheedmarlin|iris-gen5bw2|1062
|player|p2|Fryboi19|2|1000
|gen|9
|tier|[Gen 9] OU
|rated|
|rule|HP Percentage Mod: HP is shown in percentages
|rule|Endless Battle Clause: Forcing endless battles is banned
|rule|Species Clause: Limit one of each Pokémon
|rule|OHKO Clause: OHKO moves are banned
|rule|Evasion Items Clause: Evasion items are banned
|rule|Evasion Moves Clause: Evasion moves are banned
|rule|Evasion Abilities Clause: Evasion abilities are banned
|rule|Sleep Moves Clause: Sleep-inducing moves are banned
|clearpoke
|poke|p1|Heatran, F|
|poke|p1|Landorus-Therian, M|
|poke|p1|Raging Bolt|
|poke|p1|Haxorus, M|
|poke|p1|Primarina, M|
|poke|p1|Corviknight, M|
|poke|p2|Noivern, F|
|poke|p2|Lycanroc-Dusk, F|
|poke|p2|Decidueye, F|
|poke|p2|Clodsire, F|
|poke|p2|Infernape, M|
|poke|p2|Greninja-*, F|
|teampreview
|inactive|Battle timer is ON: inactive players will automatically lose when time's up. (requested by lockheedmarlin)
|
|t:|1760382566
|teamsize|p1|6
|teamsize|p2|6
|start
|switch|p1a: Hax On Wrist|Haxorus, M|100/100
|switch|p2a: Clodsire|Clodsire, F|100/100
|-ability|p1a: Hax On Wrist|Mold Breaker
|turn|1
|
|t:|1760382586
|move|p1a: Hax On Wrist|Earthquake|p2a: Clodsire
|-supereffective|p2a: Clodsire
|-damage|p2a: Clodsire|30/100
|move|p2a: Clodsire|Stealth Rock|p1a: Hax On Wrist
|-sidestart|p1: lockheedmarlin|move: Stealth Rock
|
|-heal|p2a: Clodsire|37/100|[from] item: Leftovers
|upkeep
|turn|2
|
|t:|1760382598
|move|p1a: Hax On Wrist|Earthquake|p2a: Clodsire
|-supereffective|p2a: Clodsire
|-damage|p2a: Clodsire|0 fnt
|faint|p2a: Clodsire
|
|upkeep
|
|t:|1760382608
|switch|p2a: Lycanroc|Lycanroc-Dusk, F|100/100
|turn|3
|
|t:|1760382613
|move|p1a: Hax On Wrist|Earthquake|p2a: Lycanroc
|-supereffective|p2a: Lycanroc
|-damage|p2a: Lycanroc|0 fnt
|faint|p2a: Lycanroc
|
|upkeep
|
|t:|1760382619
|switch|p2a: Noivern|Noivern, F|100/100
|turn|4
|
|t:|1760382629
|switch|p1a: Primadona|Primarina, M|100/100
|-damage|p1a: Primadona|88/100|[from] Stealth Rock
|move|p2a: Noivern|Boomburst|p1a: Primadona
|-damage|p1a: Primadona|58/100
|-enditem|p2a: Noivern|Throat Spray
|-boost|p2a: Noivern|spa|1|[from] item: Throat Spray
|
|-heal|p1a: Primadona|64/100|[from] item: Leftovers
|upkeep
|turn|5
|
|t:|1760382645
|switch|p2a: Decidueye|Decidueye, F, shiny|100/100
|move|p1a: Primadona|Moonblast|p2a: Decidueye
|-damage|p2a: Decidueye|50/100
|
|-heal|p2a: Decidueye|56/100|[from] item: Leftovers
|-heal|p1a: Primadona|70/100|[from] item: Leftovers
|upkeep
|turn|6
|
|t:|1760382659
|switch|p1a: Birb|Corviknight, M|100/100
|move|p2a: Decidueye|Leaf Blade|p1a: Birb
|-resisted|p1a: Birb
|-damage|p1a: Birb|93/100
|
|-heal|p2a: Decidueye|62/100|[from] item: Leftovers
|upkeep
|turn|7
|
|t:|1760382671
|move|p2a: Decidueye|Poltergeist|p1a: Birb|[miss]
|-miss|p2a: Decidueye|p1a: Birb
|move|p1a: Birb|Brave Bird|p2a: Decidueye
|-supereffective|p2a: Decidueye
|-damage|p2a: Decidueye|0 fnt
|faint|p2a: Decidueye
|-damage|p1a: Birb|74/100|[from] Recoil
|
|upkeep
|
|t:|1760382688
|switch|p2a: Infernape|Infernape, M|100/100
|turn|8
|
|t:|1760382701
|move|p2a: Infernape|Calm Mind|p2a: Infernape
|-boost|p2a: Infernape|spa|1
|-boost|p2a: Infernape|spd|1
|move|p1a: Birb|Brave Bird|p2a: Infernape
|-supereffective|p2a: Infernape
|-damage|p2a: Infernape|0 fnt
|faint|p2a: Infernape
|-damage|p1a: Birb|44/100|[from] Recoil
|
|upkeep
|inactive|Fryboi19 has 120 seconds left.
|
|t:|1760382712
|switch|p2a: Noivern|Noivern, F|100/100
|turn|9
|
|t:|1760382716
|move|p2a: Noivern|Draco Meteor|p1a: Birb
|-resisted|p1a: Birb
|-damage|p1a: Birb|20/100
|-unboost|p2a: Noivern|spa|2
|move|p1a: Birb|Defog|p2a: Noivern
|-unboost|p2a: Noivern|evasion|1
|-sideend|p1: lockheedmarlin|Stealth Rock|[from] move: Defog|[of] p1a: Birb
|
|upkeep
|turn|10
|
|t:|1760382729
|move|p2a: Noivern|Draco Meteor|p1a: Birb
|-resisted|p1a: Birb
|-damage|p1a: Birb|8/100
|-unboost|p2a: Noivern|spa|2
|move|p1a: Birb|Roost|p1a: Birb
|-heal|p1a: Birb|58/100
|-singleturn|p1a: Birb|move: Roost
|
|upkeep
|turn|11
|-message|Fryboi19 forfeited.
|
|win|lockheedmarlin
|raw|lockheedmarlin's rating: 1062 &rarr; <strong>1087</strong><br />(+25 for winning)
|raw|Fryboi19's rating: 1000 &rarr; <strong>1000</strong><br />(+0 for losing)
|l|☆Fryboi19
|player|p2|
