|j|☆emma6.0
|j|☆Fermmin
|t:|1760454259
|gametype|singles
|player|p1|emma6.0|cynthia-gen4|1458
|player|p2|Fermmin|rood|1484
|gen|9
|tier|[Gen 9] OU
|rated|
|rule|HP Percentage Mod: HP is shown in percentages
|rule|Endless Battle Clause: Forcing endless battles is banned
|rule|Species Clause: Limit one of each Pokémon
|rule|OHKO Clause: OHKO moves are banned
|rule|Evasion Items Clause: Evasion items are banned
|rule|Evasion Moves Clause: Evasion moves are banned
|rule|Evasion Abilities Clause: Evasion abilities are banned
|rule|Sleep Moves Clause: Sleep-inducing moves are banned
|clearpoke
|poke|p1|Zamazenta-*|
|poke|p1|Latias, F|
|poke|p1|Gholdengo|
|poke|p1|Kyurem|
|poke|p1|Samurott-Hisui, M|
|poke|p1|Ribombee, M|
|poke|p2|Torterra, M|
|poke|p2|Grimmsnarl, M|
|poke|p2|Pecharunt|
|poke|p2|Great Tusk|
|poke|p2|Raging Bolt|
|poke|p2|Scizor, M|
|teampreview
|inactive|Battle timer is ON: inactive players will automatically lose when time's up. (requested by Fermmin)
|
|t:|1760454286
|teamsize|p1|6
|teamsize|p2|6
|start
|switch|p1a: Ribombee|Ribombee, M|100/100
|switch|p2a: Grimmsnarl|Grimmsnarl, M|100/100
|turn|1
|
|t:|1760454301
|move|p2a: Grimmsnarl|Parting Shot|p1a: Ribombee
|-unboost|p1a: Ribombee|atk|1
|-unboost|p1a: Ribombee|spa|1
|
|t:|1760454303
|switch|p2a: Great Tusk|Great Tusk|100/100|[from] Parting Shot
|-enditem|p2a: Great Tusk|Booster Energy
|-activate|p2a: Great Tusk|ability: Protosynthesis|[fromitem]
|-start|p2a: Great Tusk|protosynthesisspe
|move|p1a: Ribombee|Moonblast|p2a: Great Tusk
|-supereffective|p2a: Great Tusk
|-damage|p2a: Great Tusk|33/100
|-unboost|p2a: Great Tusk|spa|1
|
|upkeep
|turn|2
|
|t:|1760454314
|move|p2a: Great Tusk|Stealth Rock|p1a: Ribombee
|-sidestart|p1: emma6.0|move: Stealth Rock
|move|p1a: Ribombee|Moonblast|p2a: Great Tusk
|-supereffective|p2a: Great Tusk
|-damage|p2a: Great Tusk|0 fnt
|faint|p2a: Great Tusk
|-end|p2a: Great Tusk|Protosynthesis|[silent]
|
|upkeep
|
|t:|1760454321
|switch|p2a: Scizor|Scizor, M|100/100
|turn|3
|
|t:|1760454324
|move|p1a: Ribombee|Sticky Web|p2a: Scizor
|-sidestart|p2: Fermmin|move: Sticky Web
|move|p2a: Scizor|Swords Dance|p2a: Scizor
|-boost|p2a: Scizor|atk|2
|
|upkeep
|turn|4
|
|t:|1760454330
|move|p2a: Scizor|Bullet Punch|p1a: Ribombee
|-supereffective|p1a: Ribombee
|-enditem|p1a: Ribombee|Focus Sash
|-damage|p1a: Ribombee|1/100
|-damage|p2a: Scizor|91/100|[from] item: Life Orb
|move|p1a: Ribombee|Moonblast|p2a: Scizor
|-resisted|p2a: Scizor
|-damage|p2a: Scizor|73/100
|-unboost|p2a: Scizor|spa|1
|
|upkeep
|turn|5
|
|t:|1760454345
|move|p2a: Scizor|Bullet Punch|p1a: Ribombee
|-supereffective|p1a: Ribombee
|-damage|p1a: Ribombee|0 fnt
|faint|p1a: Ribombee
|-damage|p2a: Scizor|63/100|[from] item: Life Orb
|
|upkeep
|
|t:|1760454351
|switch|p1a: Samurott|Samurott-Hisui, M|100/100
|-damage|p1a: Samurott|88/100|[from] Stealth Rock
|turn|6
|
|t:|1760454356
|move|p1a: Samurott|Ceaseless Edge|p2a: Scizor
|-damage|p2a: Scizor|2/100
|-sidestart|p2: Fermmin|Spikes
|move|p2a: Scizor|Bug Bite|p1a: Samurott
|-supereffective|p1a: Samurott
|-damage|p1a: Samurott|0 fnt
|faint|p1a: Samurott
|-damage|p2a: Scizor|0 fnt|[from] item: Life Orb
|faint|p2a: Scizor
|
|upkeep
|
|t:|1760454370
|switch|p1a: Kyurem|Kyurem|100/100
|switch|p2a: Grimmsnarl|Grimmsnarl, M|100/100
|-damage|p1a: Kyurem|76/100|[from] Stealth Rock
|-ability|p1a: Kyurem|Pressure
|-activate|p2a: Grimmsnarl|move: Sticky Web
|-unboost|p2a: Grimmsnarl|spe|1
|-damage|p2a: Grimmsnarl|88/100|[from] Spikes
|turn|7
|
|t:|1760454381
|move|p1a: Kyurem|Dragon Dance|p1a: Kyurem
|-boost|p1a: Kyurem|atk|1
|-boost|p1a: Kyurem|spe|1
|move|p2a: Grimmsnarl|Spirit Break|p1a: Kyurem
|-supereffective|p1a: Kyurem
|-damage|p1a: Kyurem|18/100
|-unboost|p1a: Kyurem|spa|1
|
|upkeep
|turn|8
|
|t:|1760454390
|move|p2a: Grimmsnarl|Reflect|p2a: Grimmsnarl
|-sidestart|p2: Fermmin|Reflect
|move|p1a: Kyurem|Icicle Spear|p2a: Grimmsnarl
|-damage|p2a: Grimmsnarl|74/100
|-damage|p2a: Grimmsnarl|61/100
|-damage|p2a: Grimmsnarl|47/100
|-damage|p2a: Grimmsnarl|34/100
|-hitcount|p2a: Grimmsnarl|4
|
|upkeep
|turn|9
|
|t:|1760454414
|move|p2a: Grimmsnarl|Light Screen|p2a: Grimmsnarl
|-sidestart|p2: Fermmin|move: Light Screen
|move|p1a: Kyurem|Dragon Dance|p1a: Kyurem
|-boost|p1a: Kyurem|atk|1
|-boost|p1a: Kyurem|spe|1
|
|upkeep
|turn|10
|
|t:|1760454419
|move|p1a: Kyurem|Icicle Spear|p2a: Grimmsnarl
|-damage|p2a: Grimmsnarl|17/100
|-damage|p2a: Grimmsnarl|0 fnt
|faint|p2a: Grimmsnarl
|-hitcount|p2: Grimmsnarl|2
|
|upkeep
|
|t:|1760454421
|switch|p2a: Raging Bolt|Raging Bolt|100/100
|-activate|p2a: Raging Bolt|move: Sticky Web
|-unboost|p2a: Raging Bolt|spe|1
|-damage|p2a: Raging Bolt|88/100|[from] Spikes
|-enditem|p2a: Raging Bolt|Booster Energy
|-activate|p2a: Raging Bolt|ability: Protosynthesis|[fromitem]
|-start|p2a: Raging Bolt|protosynthesisspa
|turn|11
|
|t:|1760454433
|move|p2a: Raging Bolt|Thunderclap|p1a: Kyurem
|-resisted|p1a: Kyurem
|-damage|p1a: Kyurem|0 fnt
|faint|p1a: Kyurem
|
|upkeep
|
|t:|1760454438
|switch|p1a: Latias|Latias, F|100/100
|-damage|p1a: Latias|88/100|[from] Stealth Rock
|turn|12
|
|t:|1760454443
|-terastallize|p1a: Latias|Steel
|move|p1a: Latias|Calm Mind|p1a: Latias
|-boost|p1a: Latias|spa|1
|-boost|p1a: Latias|spd|1
|move|p2a: Raging Bolt|Dragon Pulse|p1a: Latias
|-resisted|p1a: Latias
|-crit|p1a: Latias
|-damage|p1a: Latias|48/100
|
|-heal|p1a: Latias|54/100|[from] item: Leftovers
|upkeep
|turn|13
|
|t:|1760454455
|move|p1a: Latias|Calm Mind|p1a: Latias
|-boost|p1a: Latias|spa|1
|-boost|p1a: Latias|spd|1
|move|p2a: Raging Bolt|Calm Mind|p2a: Raging Bolt
|-boost|p2a: Raging Bolt|spa|1
|-boost|p2a: Raging Bolt|spd|1
|
|-heal|p1a: Latias|61/100|[from] item: Leftovers
|upkeep
|turn|14
|
|t:|1760454464
|move|p1a: Latias|Calm Mind|p1a: Latias
|-boost|p1a: Latias|spa|1
|-boost|p1a: Latias|spd|1
|move|p2a: Raging Bolt|Thunderbolt|p1a: Latias
|-damage|p1a: Latias|30/100
|
|-heal|p1a: Latias|36/100|[from] item: Leftovers
|upkeep
|turn|15
|
|t:|1760454473
|move|p1a: Latias|Draining Kiss|p2a: Raging Bolt
|-supereffective|p2a: Raging Bolt
|-damage|p2a: Raging Bolt|69/100
|-heal|p1a: Latias|54/100|[from] drain|[of] p2a: Raging Bolt
|move|p2a: Raging Bolt|Thunderbolt|p1a: Latias
|-damage|p1a: Latias|20/100
|
|-heal|p1a: Latias|27/100|[from] item: Leftovers
|-sideend|p2: Fermmin|Reflect
|upkeep
|turn|16
|
|t:|1760454487
|move|p1a: Latias|Calm Mind|p1a: Latias
|-boost|p1a: Latias|spa|1
|-boost|p1a: Latias|spd|1
|move|p2a: Raging Bolt|Calm Mind|p2a: Raging Bolt
|-boost|p2a: Raging Bolt|spa|1
|-boost|p2a: Raging Bolt|spd|1
|
|-heal|p1a: Latias|33/100|[from] item: Leftovers
|-sideend|p2: Fermmin|move: Light Screen
|upkeep
|turn|17
|
|t:|1760454497
|-terastallize|p2a: Raging Bolt|Bug
|move|p1a: Latias|Stored Power|p2a: Raging Bolt
|-damage|p2a: Raging Bolt|0 fnt
|faint|p2a: Raging Bolt
|-end|p2a: Raging Bolt|Protosynthesis|[silent]
|
|-heal|p1a: Latias|39/100|[from] item: Leftovers
|upkeep
|
|t:|1760454504
|switch|p2a: Pecharunt|Pecharunt|100/100
|-item|p2a: Pecharunt|Air Balloon
|turn|18
|c|☆emma6.0|Get good
|
|t:|1760454511
|move|p1a: Latias|Stored Power|p2a: Pecharunt
|-supereffective|p2a: Pecharunt
|-damage|p2a: Pecharunt|0 fnt
|-enditem|p2a: Pecharunt|Air Balloon
|faint|p2a: Pecharunt
|
|-heal|p1a: Latias|45/100|[from] item: Leftovers
|upkeep
|
|t:|1760454514
|switch|p2a: Torterra|Torterra, M|100/100
|-activate|p2a: Torterra|move: Sticky Web
|-unboost|p2a: Torterra|spe|1
|-damage|p2a: Torterra|88/100|[from] Spikes
|turn|19
|
|t:|1760454524
|move|p1a: Latias|Stored Power|p2a: Torterra
|-damage|p2a: Torterra|0 fnt
|faint|p2a: Torterra
|
|win|emma6.0
|raw|emma6.0's rating: 1458 &rarr; <strong>1479</strong><br />(+21 for winning)
|raw|Fermmin's rating: 1484 &rarr; <strong>1463</strong><br />(-21 for losing)
|l|☆Fermmin
|player|p2|
|l|☆emma6.0
|player|p1|
|j|☆emma6.0
|player|p1|emma6.0|cynthia-gen4|
