|j|☆Jdjdjdjdjnv
|j|☆jekporkins155
|t:|1760333579
|gametype|singles
|player|p1|Jdjdjdjdjnv|artist-gen4|1192
|player|p2|jekporkins155|265|1214
|gen|9
|tier|[Gen 9] OU
|rated|
|rule|HP Percentage Mod: HP is shown in percentages
|rule|Endless Battle Clause: Forcing endless battles is banned
|rule|Species Clause: Limit one of each Pokémon
|rule|OHKO Clause: OHKO moves are banned
|rule|Evasion Items Clause: Evasion items are banned
|rule|Evasion Moves Clause: Evasion moves are banned
|rule|Evasion Abilities Clause: Evasion abilities are banned
|rule|Sleep Moves Clause: Sleep-inducing moves are banned
|clearpoke
|poke|p1|Ribombee, F|
|poke|p1|Garganacl, M|
|poke|p1|Pecharunt|
|poke|p1|Kingambit, F|
|poke|p1|Blissey, F|
|poke|p1|Corviknight, F|
|poke|p2|Galvantula, F|
|poke|p2|Cloyster, M|
|poke|p2|Great Tusk|
|poke|p2|Serperior, M|
|poke|p2|Kingambit, M|
|poke|p2|Dragonite, M|
|teampreview
|c|☆jekporkins155|good luck my friend
|
|t:|1760333590
|teamsize|p1|6
|teamsize|p2|6
|start
|switch|p1a: Ribombee|Ribombee, F|100/100
|switch|p2a: Galvantula|Galvantula, F|100/100
|turn|1
|
|t:|1760333596
|move|p1a: Ribombee|Switcheroo|p2a: Galvantula
|-activate|p1a: Ribombee|move: Trick|[of] p2a: Galvantula
|-item|p2a: Galvantula|Choice Specs|[from] move: Switcheroo
|-item|p1a: Ribombee|Focus Sash|[from] move: Switcheroo
|move|p2a: Galvantula|Thunder Wave|p1a: Ribombee
|-status|p1a: Ribombee|par
|
|upkeep
|turn|2
|inactive|Battle timer is ON: inactive players will automatically lose when time's up. (requested by Jdjdjdjdjnv)
|
|t:|1760333609
|switch|p2a: Great Tusk|Great Tusk|100/100
|-enditem|p2a: Great Tusk|Booster Energy
|-activate|p2a: Great Tusk|ability: Protosynthesis|[fromitem]
|-start|p2a: Great Tusk|protosynthesisdef
|cant|p1a: Ribombee|par
|
|upkeep
|turn|3
|
|t:|1760333622
|move|p2a: Great Tusk|Rapid Spin|p1a: Ribombee
|-damage|p1a: Ribombee|68/100 par
|-boost|p2a: Great Tusk|spe|1
|cant|p1a: Ribombee|par
|
|upkeep
|turn|4
|
|t:|1760333633
|-end|p2a: Great Tusk|Protosynthesis|[silent]
|switch|p2a: Galvantula|Galvantula, F|100/100
|switch|p1a: Corviknight|Corviknight, F|100/100
|-ability|p1a: Corviknight|Pressure
|
|upkeep
|turn|5
|
|t:|1760333641
|switch|p1a: Blissey|Blissey, F|100/100
|move|p2a: Galvantula|Thunder|p1a: Blissey
|-damage|p1a: Blissey|76/100
|-status|p1a: Blissey|par
|
|upkeep
|turn|6
|
|t:|1760333654
|move|p2a: Galvantula|Thunder|p1a: Blissey
|-damage|p1a: Blissey|48/100 par
|cant|p1a: Blissey|par
|
|upkeep
|turn|7
|
|t:|1760333659
|move|p2a: Galvantula|Thunder|p1a: Blissey|[miss]
|-miss|p2a: Galvantula|p1a: Blissey
|cant|p1a: Blissey|par
|
|upkeep
|turn|8
|
|t:|1760333664
|move|p2a: Galvantula|Thunder|p1a: Blissey
|-damage|p1a: Blissey|23/100 par
|cant|p1a: Blissey|par
|
|upkeep
|turn|9
|-message|Jdjdjdjdjnv forfeited.
|
|win|jekporkins155
|raw|Jdjdjdjdjnv's rating: 1192 &rarr; <strong>1169</strong><br />(-23 for losing)
|raw|jekporkins155's rating: 1214 &rarr; <strong>1237</strong><br />(+23 for winning)
|l|☆Jdjdjdjdjnv
|player|p1|
|l|☆jekporkins155
|player|p2|
