|j|☆bitter herbert
|j|☆ktr.na
|t:|1760331205
|gametype|singles
|player|p1|bitter herbert|gentleman-gen4dp|1337
|player|p2|ktr.na|acetrainerf|1379
|gen|9
|tier|[Gen 9] OU
|rated|
|rule|HP Percentage Mod: HP is shown in percentages
|rule|Endless Battle Clause: Forcing endless battles is banned
|rule|Species Clause: Limit one of each Pokémon
|rule|OHKO Clause: OHKO moves are banned
|rule|Evasion Items Clause: Evasion items are banned
|rule|Evasion Moves Clause: Evasion moves are banned
|rule|Evasion Abilities Clause: Evasion abilities are banned
|rule|Sleep Moves Clause: Sleep-inducing moves are banned
|clearpoke
|poke|p1|Ting-Lu|
|poke|p1|Zamazenta-*|
|poke|p1|Dragonite, F|
|poke|p1|Gholdengo|
|poke|p1|Slowking-Galar, M|
|poke|p1|Zapdos|
|poke|p2|Iron Valiant|
|poke|p2|Klefki, F|
|poke|p2|Alomomola, F|
|poke|p2|Iron Treads|
|poke|p2|Tornadus-Therian, M|
|poke|p2|Gliscor, F|
|teampreview
|inactive|Battle timer is ON: inactive players will automatically lose when time's up. (requested by bitter herbert)
|
|t:|1760331218
|teamsize|p1|6
|teamsize|p2|6
|start
|switch|p1a: Slowking|Slowking-Galar, M|100/100
|switch|p2a: Iron Treads|Iron Treads|100/100
|turn|1
|
|t:|1760331227
|switch|p1a: Zapdos|Zapdos|100/100
|move|p2a: Iron Treads|Knock Off|p1a: Zapdos
|-damage|p1a: Zapdos|79/100
|-enditem|p1a: Zapdos|Heavy-Duty Boots|[from] move: Knock Off|[of] p2a: Iron Treads
|
|upkeep
|turn|2
|inactive|bitter herbert has 120 seconds left.
|
|t:|1760331260
|move|p2a: Iron Treads|Stealth Rock|p1a: Zapdos
|-sidestart|p1: bitter herbert|move: Stealth Rock
|move|p1a: Zapdos|Hurricane|p2a: Iron Treads
|-resisted|p2a: Iron Treads
|-damage|p2a: Iron Treads|70/100
|-start|p2a: Iron Treads|confusion
|
|-heal|p2a: Iron Treads|77/100|[from] item: Leftovers
|upkeep
|turn|3
|inactive|bitter herbert has 120 seconds left.
|inactive|ktr.na has 120 seconds left.
|
|t:|1760331291
|-end|p2a: Iron Treads|Quark Drive|[silent]
|switch|p2a: Tornadus|Tornadus-Therian, M|100/100
|move|p1a: Zapdos|Roost|p1a: Zapdos
|-heal|p1a: Zapdos|100/100
|-singleturn|p1a: Zapdos|move: Roost
|
|upkeep
|turn|4
|
|t:|1760331300
|switch|p2a: Iron Treads|Iron Treads|77/100
|move|p1a: Zapdos|Thunder Wave|p2a: Iron Treads
|-immune|p2a: Iron Treads
|
|-heal|p2a: Iron Treads|83/100|[from] item: Leftovers
|upkeep
|turn|5
|
|t:|1760331313
|-end|p2a: Iron Treads|Quark Drive|[silent]
|switch|p2a: Tornadus|Tornadus-Therian, M|100/100
|move|p1a: Zapdos|Hurricane|p2a: Tornadus
|-damage|p2a: Tornadus|47/100
|-start|p2a: Tornadus|confusion
|
|upkeep
|turn|6
|
|t:|1760331322
|switch|p2a: Gliscor|Gliscor, F|100/100
|move|p1a: Zapdos|Hurricane|p2a: Gliscor|[miss]
|-miss|p1a: Zapdos|p2a: Gliscor
|
|-status|p2a: Gliscor|tox|[from] item: Toxic Orb
|upkeep
|turn|7
|
|t:|1760331333
|move|p1a: Zapdos|Hurricane|p2a: Gliscor
|-damage|p2a: Gliscor|62/100 tox
|move|p2a: Gliscor|Toxic|p1a: Zapdos
|-status|p1a: Zapdos|tox
|
|-damage|p1a: Zapdos|94/100 tox|[from] psn
|-heal|p2a: Gliscor|75/100 tox|[from] ability: Poison Heal
|upkeep
|turn|8
|
|t:|1760331346
|switch|p1a: Slowking|Slowking-Galar, M|100/100
|-damage|p1a: Slowking|88/100|[from] Stealth Rock
|move|p2a: Gliscor|Protect||[still]
|-fail|p2a: Gliscor
|
|-heal|p2a: Gliscor|87/100 tox|[from] ability: Poison Heal
|upkeep
|turn|9
|
|t:|1760331369
|switch|p1a: Zapdos|Zapdos|94/100 tox
|-damage|p1a: Zapdos|70/100 tox|[from] Stealth Rock
|move|p2a: Gliscor|U-turn|p1a: Zapdos
|-resisted|p1a: Zapdos
|-damage|p1a: Zapdos|64/100 tox
|
|t:|1760331376
|switch|p2a: Iron Valiant|Iron Valiant|100/100|[from] U-turn
|
|-damage|p1a: Zapdos|58/100 tox|[from] psn
|upkeep
|turn|10
|
|t:|1760331385
|move|p2a: Iron Valiant|Psyshock|p1a: Zapdos
|-damage|p1a: Zapdos|29/100 tox
|move|p1a: Zapdos|Thunder Wave|p2a: Iron Valiant
|-status|p2a: Iron Valiant|par
|
|-damage|p1a: Zapdos|17/100 tox|[from] psn
|upkeep
|turn|11
|
|t:|1760331394
|-end|p2a: Iron Valiant|Quark Drive|[silent]
|switch|p2a: Iron Treads|Iron Treads|83/100
|move|p1a: Zapdos|Hurricane|p2a: Iron Treads|[miss]
|-miss|p1a: Zapdos|p2a: Iron Treads
|
|-heal|p2a: Iron Treads|89/100|[from] item: Leftovers
|-damage|p1a: Zapdos|0 fnt|[from] psn
|faint|p1a: Zapdos
|upkeep
|inactive|bitter herbert has 120 seconds left.
|l|☆ktr.na
|inactive|ktr.na disconnected and has a minute to reconnect!
|player|p2|
|j|☆ktr.na
|inactive|ktr.na reconnected.
|player|p2|ktr.na|acetrainerf|
|inactive|bitter herbert has 90 seconds left.
|
|t:|1760331465
|switch|p1a: Zamazenta|Zamazenta|100/100
|-ability|p1a: Zamazenta|Dauntless Shield|boost
|-boost|p1a: Zamazenta|def|1
|turn|12
|
|t:|1760331472
|switch|p1a: Slowking|Slowking-Galar, M|100/100
|-damage|p1a: Slowking|88/100|[from] Stealth Rock
|-end|p2a: Iron Treads|Quark Drive|[silent]
|switch|p2a: Tornadus|Tornadus-Therian, M|80/100
|
|upkeep
|turn|13
|inactive|bitter herbert has 90 seconds left.
|
|t:|1760331485
|move|p2a: Tornadus|U-turn|p1a: Slowking
|-damage|p1a: Slowking|72/100
|
|t:|1760331488
|switch|p2a: Gliscor|Gliscor, F|87/100 tox|[from] U-turn
|move|p1a: Slowking|Ice Beam|p2a: Gliscor
|-supereffective|p2a: Gliscor
|-damage|p2a: Gliscor|3/100 tox
|
|-heal|p2a: Gliscor|16/100 tox|[from] ability: Poison Heal
|upkeep
|turn|14
|inactive|bitter herbert has 90 seconds left.
|
|t:|1760331516
|switch|p2a: Alomomola|Alomomola, F|100/100
|move|p1a: Slowking|Ice Beam|p2a: Alomomola
|-resisted|p2a: Alomomola
|-damage|p2a: Alomomola|84/100
|
|upkeep
|turn|15
|inactive|ktr.na has 120 seconds left.
|
|t:|1760331547
|move|p2a: Alomomola|Wish|p2a: Alomomola
|move|p1a: Slowking|Sludge Bomb|p2a: Alomomola
|-damage|p2a: Alomomola|37/100
|
|upkeep
|turn|16
|
|t:|1760331562
|move|p2a: Alomomola|Flip Turn|p1a: Slowking
|-damage|p1a: Slowking|54/100
|
|t:|1760331567
|switch|p2a: Iron Treads|Iron Treads|89/100|[from] Flip Turn
|move|p1a: Slowking|Flamethrower|p2a: Iron Treads
|-supereffective|p2a: Iron Treads
|-crit|p2a: Iron Treads
|-damage|p2a: Iron Treads|0 fnt
|faint|p2a: Iron Treads
|-end|p2a: Iron Treads|Quark Drive|[silent]
|
|upkeep
|inactive|ktr.na has 120 seconds left.
|
|t:|1760331579
|switch|p2a: Klefki|Klefki, F|100/100
|turn|17
|-message|ktr.na forfeited.
|
|win|bitter herbert
|raw|bitter herbert's rating: 1337 &rarr; <strong>1359</strong><br />(+22 for winning)
|raw|ktr.na's rating: 1379 &rarr; <strong>1357</strong><br />(-22 for losing)
|l|☆ktr.na
|player|p2|
