|j|☆vuopuer
|j|☆ch1ck3n nu99ets
|t:|1760333724
|gametype|singles
|player|p1|vuopuer|may-masters2|1574
|player|p2|ch1ck3n nu99ets|170|1713
|gen|9
|tier|[Gen 9] OU
|rated|
|rule|HP Percentage Mod: HP is shown in percentages
|rule|Endless Battle Clause: Forcing endless battles is banned
|rule|Species Clause: Limit one of each Pokémon
|rule|OHKO Clause: OHKO moves are banned
|rule|Evasion Items Clause: Evasion items are banned
|rule|Evasion Moves Clause: Evasion moves are banned
|rule|Evasion Abilities Clause: Evasion abilities are banned
|rule|Sleep Moves Clause: Sleep-inducing moves are banned
|clearpoke
|poke|p1|Blaziken, M|
|poke|p1|Kingambit, M|
|poke|p1|Ting-Lu|
|poke|p1|Pecharunt|
|poke|p1|Ogerpon-Wellspring, F|
|poke|p1|Hatterene, F|
|poke|p2|Pelipper, M|
|poke|p2|Basculegion, M|
|poke|p2|Manaphy|
|poke|p2|Scizor, M|
|poke|p2|Iron Valiant|
|poke|p2|Sandy Shocks|
|teampreview
|j| A man named Derp
|
|t:|1760333731
|teamsize|p1|6
|teamsize|p2|6
|start
|switch|p1a: Ting-Lu|Ting-Lu|100/100
|switch|p2a: Pelipper|Pelipper, M|100/100
|-ability|p1a: Ting-Lu|Vessel of Ruin
|-weather|RainDance|[from] ability: Drizzle|[of] p2a: Pelipper
|turn|1
|inactive|Battle timer is ON: inactive players will automatically lose when time's up. (requested by vuopuer)
|j| Biggest Fan Stan
|
|t:|1760333741
|move|p1a: Ting-Lu|Stealth Rock|p2a: Pelipper
|-sidestart|p2: ch1ck3n nu99ets|move: Stealth Rock
|move|p2a: Pelipper|U-turn|p1a: Ting-Lu
|-supereffective|p1a: Ting-Lu
|-damage|p1a: Ting-Lu|91/100
|
|t:|1760333742
|switch|p2a: Manaphy|Manaphy|100/100|[from] U-turn
|-damage|p2a: Manaphy|88/100|[from] Stealth Rock
|
|-weather|RainDance|[upkeep]
|-heal|p1a: Ting-Lu|97/100|[from] item: Leftovers
|upkeep
|turn|2
|
|t:|1760333748
|move|p2a: Manaphy|Tail Glow|p2a: Manaphy
|-boost|p2a: Manaphy|spa|3
|move|p1a: Ting-Lu|Whirlwind|p2a: Manaphy
|drag|p2a: Pelipper|Pelipper, M|100/100
|-damage|p2a: Pelipper|76/100|[from] Stealth Rock
|
|-weather|RainDance|[upkeep]
|-heal|p1a: Ting-Lu|100/100|[from] item: Leftovers
|upkeep
|turn|3
|
|t:|1760333755
|switch|p1a: Hatterene|Hatterene, F|100/100
|move|p2a: Pelipper|Knock Off|p1a: Hatterene
|-damage|p1a: Hatterene|85/100
|-enditem|p1a: Hatterene|Eject Button|[from] move: Knock Off|[of] p2a: Pelipper
|
|-weather|RainDance|[upkeep]
|upkeep
|turn|4
|l| Biggest Fan Stan
|
|t:|1760333761
|switch|p2a: Scizor|Scizor, M|100/100
|-damage|p2a: Scizor|88/100|[from] Stealth Rock
|move|p1a: Hatterene|Nuzzle|p2a: Scizor
|-damage|p2a: Scizor|84/100
|-status|p2a: Scizor|par
|
|-weather|RainDance|[upkeep]
|upkeep
|turn|5
|
|t:|1760333765
|switch|p1a: Pecharunt|Pecharunt|100/100
|-item|p1a: Pecharunt|Air Balloon
|move|p2a: Scizor|Defog|p1a: Pecharunt
|-unboost|p1a: Pecharunt|evasion|1
|-sideend|p2: ch1ck3n nu99ets|Stealth Rock|[from] move: Defog|[of] p2a: Scizor
|
|-weather|RainDance|[upkeep]
|upkeep
|turn|6
|
|t:|1760333771
|move|p1a: Pecharunt|Parting Shot|p2a: Scizor
|-unboost|p2a: Scizor|atk|1
|-unboost|p2a: Scizor|spa|1
|j| arturohdez
|
|t:|1760333783
|switch|p1a: Ting-Lu|Ting-Lu|100/100|[from] Parting Shot
|-ability|p1a: Ting-Lu|Vessel of Ruin
|cant|p2a: Scizor|par
|
|-weather|RainDance|[upkeep]
|upkeep
|turn|7
|
|t:|1760333789
|move|p1a: Ting-Lu|Stealth Rock|p2a: Scizor
|-sidestart|p2: ch1ck3n nu99ets|move: Stealth Rock
|move|p2a: Scizor|U-turn|p1a: Ting-Lu
|-supereffective|p1a: Ting-Lu
|-damage|p1a: Ting-Lu|73/100
|
|t:|1760333793
|switch|p2a: Basculegion|Basculegion, M|100/100|[from] U-turn
|-damage|p2a: Basculegion|88/100|[from] Stealth Rock
|
|-weather|RainDance|[upkeep]
|-heal|p1a: Ting-Lu|79/100|[from] item: Leftovers
|upkeep
|turn|8
|
|t:|1760333806
|switch|p1a: Blaziken|Blaziken, M, shiny|100/100
|-terastallize|p2a: Basculegion|Ghost
|move|p2a: Basculegion|Tera Blast|p1a: Blaziken|[anim] Tera Blast Ghost
|-damage|p1a: Blaziken|0 fnt
|faint|p1a: Blaziken
|
|-weather|none
|upkeep
|
|t:|1760333811
|switch|p1a: Kingambit|Kingambit, M|100/100
|-activate|p1a: Kingambit|ability: Supreme Overlord
|-start|p1a: Kingambit|fallen1|[silent]
|turn|9
|
|t:|1760333817
|switch|p2a: Sandy Shocks|Sandy Shocks|100/100
|-damage|p2a: Sandy Shocks|94/100|[from] Stealth Rock
|-enditem|p2a: Sandy Shocks|Booster Energy
|-activate|p2a: Sandy Shocks|ability: Protosynthesis|[fromitem]
|-start|p2a: Sandy Shocks|protosynthesisspe
|move|p1a: Kingambit|Kowtow Cleave|p2a: Sandy Shocks
|-damage|p2a: Sandy Shocks|28/100
|
|upkeep
|turn|10
|
|t:|1760333823
|move|p1a: Kingambit|Sucker Punch||[still]
|-fail|p1a: Kingambit
|move|p2a: Sandy Shocks|Stealth Rock|p1a: Kingambit
|-sidestart|p1: vuopuer|move: Stealth Rock
|
|upkeep
|turn|11
|
|t:|1760333827
|-end|p2a: Sandy Shocks|Protosynthesis|[silent]
|switch|p2a: Iron Valiant|Iron Valiant|100/100
|-damage|p2a: Iron Valiant|94/100|[from] Stealth Rock
|-enditem|p2a: Iron Valiant|Booster Energy
|-activate|p2a: Iron Valiant|ability: Quark Drive|[fromitem]
|-start|p2a: Iron Valiant|quarkdrivespe
|move|p1a: Kingambit|Sucker Punch||[still]
|-fail|p1a: Kingambit
|
|upkeep
|turn|12
|
|t:|1760333835
|-end|p1a: Kingambit|fallen1|[silent]
|switch|p1a: Pecharunt|Pecharunt|100/100
|-damage|p1a: Pecharunt|88/100|[from] Stealth Rock
|-item|p1a: Pecharunt|Air Balloon
|move|p2a: Iron Valiant|Close Combat|p1a: Pecharunt
|-immune|p1a: Pecharunt
|
|upkeep
|turn|13
|
|t:|1760333843
|-end|p2a: Iron Valiant|Quark Drive|[silent]
|switch|p2a: Pelipper|Pelipper, M|76/100
|-damage|p2a: Pelipper|51/100|[from] Stealth Rock
|-weather|RainDance|[from] ability: Drizzle|[of] p2a: Pelipper
|move|p1a: Pecharunt|Malignant Chain|p2a: Pelipper
|-damage|p2a: Pelipper|8/100
|-status|p2a: Pelipper|tox
|-start|p2a: Pelipper|confusion|[from] ability: Poison Puppeteer|[of] p1a: Pecharunt
|
|-weather|RainDance|[upkeep]
|-damage|p2a: Pelipper|2/100 tox|[from] psn
|upkeep
|turn|14
|
|t:|1760333858
|switch|p2a: Sandy Shocks|Sandy Shocks|28/100
|-damage|p2a: Sandy Shocks|22/100|[from] Stealth Rock
|move|p1a: Pecharunt|Hex|p2a: Sandy Shocks
|-damage|p2a: Sandy Shocks|0 fnt
|faint|p2a: Sandy Shocks
|-end|p2a: Sandy Shocks|Protosynthesis|[silent]
|
|-weather|RainDance|[upkeep]
|upkeep
|
|t:|1760333860
|switch|p2a: Basculegion|Basculegion, M, tera:Ghost|88/100
|-damage|p2a: Basculegion|76/100|[from] Stealth Rock
|turn|15
|
|t:|1760333873
|switch|p1a: Hatterene|Hatterene, F|85/100
|-damage|p1a: Hatterene|73/100|[from] Stealth Rock
|move|p2a: Basculegion|Wave Crash|p1a: Hatterene
|-damage|p1a: Hatterene|0 fnt
|faint|p1a: Hatterene
|-damage|p2a: Basculegion|57/100|[from] Recoil
|
|-weather|RainDance|[upkeep]
|upkeep
|
|t:|1760333876
|switch|p1a: Kingambit|Kingambit, M|100/100
|-damage|p1a: Kingambit|94/100|[from] Stealth Rock
|-activate|p1a: Kingambit|ability: Supreme Overlord
|-start|p1a: Kingambit|fallen2|[silent]
|turn|16
|
|t:|1760333885
|switch|p2a: Iron Valiant|Iron Valiant|94/100
|-damage|p2a: Iron Valiant|88/100|[from] Stealth Rock
|move|p1a: Kingambit|Kowtow Cleave|p2a: Iron Valiant
|-resisted|p2a: Iron Valiant
|-damage|p2a: Iron Valiant|64/100
|
|-weather|RainDance|[upkeep]
|upkeep
|turn|17
|
|t:|1760333891
|-end|p2a: Iron Valiant|Quark Drive|[silent]
|switch|p2a: Scizor|Scizor, M|84/100 par
|-damage|p2a: Scizor|72/100 par|[from] Stealth Rock
|-end|p1a: Kingambit|fallen2|[silent]
|switch|p1a: Pecharunt|Pecharunt|88/100
|-damage|p1a: Pecharunt|76/100|[from] Stealth Rock
|-item|p1a: Pecharunt|Air Balloon
|
|-weather|RainDance|[upkeep]
|upkeep
|turn|18
|
|t:|1760333896
|move|p1a: Pecharunt|Hex|p2a: Scizor
|-damage|p2a: Scizor|21/100 par
|-enditem|p2a: Scizor|Sitrus Berry|[eat]
|-heal|p2a: Scizor|46/100 par|[from] item: Sitrus Berry
|move|p2a: Scizor|Defog|p1a: Pecharunt
|-unboost|p1a: Pecharunt|evasion|1
|-sideend|p1: vuopuer|Stealth Rock|[from] move: Defog|[of] p2a: Scizor
|-sideend|p2: ch1ck3n nu99ets|Stealth Rock|[from] move: Defog|[of] p2a: Scizor
|
|-weather|RainDance|[upkeep]
|upkeep
|turn|19
|
|t:|1760333903
|switch|p2a: Manaphy|Manaphy|88/100
|move|p1a: Pecharunt|Recover|p1a: Pecharunt
|-heal|p1a: Pecharunt|100/100
|
|-weather|RainDance|[upkeep]
|upkeep
|turn|20
|
|t:|1760333912
|move|p2a: Manaphy|Alluring Voice|p1a: Pecharunt
|-resisted|p1a: Pecharunt
|-damage|p1a: Pecharunt|90/100
|-enditem|p1a: Pecharunt|Air Balloon
|move|p1a: Pecharunt|Parting Shot|p2a: Manaphy
|-unboost|p2a: Manaphy|atk|1
|-unboost|p2a: Manaphy|spa|1
|
|t:|1760333915
|switch|p1a: Ogerpon|Ogerpon-Wellspring, F|100/100|[from] Parting Shot
|
|-weather|none
|upkeep
|turn|21
|
|t:|1760333927
|switch|p2a: Scizor|Scizor, M|46/100 par
|move|p1a: Ogerpon|Horn Leech|p2a: Scizor
|-resisted|p2a: Scizor
|-damage|p2a: Scizor|35/100 par
|
|upkeep
|turn|22
|
|t:|1760333935
|switch|p2a: Pelipper|Pelipper, M|2/100 tox
|-weather|RainDance|[from] ability: Drizzle|[of] p2a: Pelipper
|move|p1a: Ogerpon|Ivy Cudgel|p2a: Pelipper|[anim] Ivy Cudgel Water
|-resisted|p2a: Pelipper
|-damage|p2a: Pelipper|0 fnt
|faint|p2a: Pelipper
|
|-weather|RainDance|[upkeep]
|upkeep
|
|t:|1760333938
|switch|p2a: Basculegion|Basculegion, M, tera:Ghost|57/100
|turn|23
|l|☆vuopuer
|inactive|vuopuer disconnected and has a minute to reconnect!
|player|p1|
|j|☆vuopuer
|inactive|vuopuer reconnected and has 145 seconds left.
|player|p1|vuopuer|may-masters2|
|
|t:|1760333955
|switch|p1a: Ting-Lu|Ting-Lu|79/100
|-ability|p1a: Ting-Lu|Vessel of Ruin
|move|p2a: Basculegion|Flip Turn|p1a: Ting-Lu
|-supereffective|p1a: Ting-Lu
|-damage|p1a: Ting-Lu|11/100
|
|t:|1760333965
|switch|p2a: Manaphy|Manaphy|88/100|[from] Flip Turn
|
|-weather|RainDance|[upkeep]
|-heal|p1a: Ting-Lu|18/100|[from] item: Leftovers
|upkeep
|turn|24
|
|t:|1760333971
|switch|p2a: Basculegion|Basculegion, M, tera:Ghost|57/100
|move|p1a: Ting-Lu|Stealth Rock|p2a: Basculegion
|-sidestart|p2: ch1ck3n nu99ets|move: Stealth Rock
|
|-weather|RainDance|[upkeep]
|-heal|p1a: Ting-Lu|24/100|[from] item: Leftovers
|upkeep
|turn|25
|
|t:|1760333981
|move|p2a: Basculegion|Tera Blast|p1a: Ting-Lu|[anim] Tera Blast Ghost
|-resisted|p1a: Ting-Lu
|-damage|p1a: Ting-Lu|4/100
|move|p1a: Ting-Lu|Whirlwind|p2a: Basculegion
|drag|p2a: Manaphy|Manaphy|88/100
|-damage|p2a: Manaphy|76/100|[from] Stealth Rock
|
|-weather|RainDance|[upkeep]
|-heal|p1a: Ting-Lu|10/100|[from] item: Leftovers
|upkeep
|turn|26
|
|t:|1760333989
|move|p2a: Manaphy|Alluring Voice|p1a: Ting-Lu
|-supereffective|p1a: Ting-Lu
|-damage|p1a: Ting-Lu|0 fnt
|faint|p1a: Ting-Lu
|
|-weather|RainDance|[upkeep]
|upkeep
|
|t:|1760333993
|switch|p1a: Ogerpon|Ogerpon-Wellspring, F|100/100
|turn|27
|
|t:|1760333997
|move|p1a: Ogerpon|Horn Leech|p2a: Manaphy
|-supereffective|p2a: Manaphy
|-damage|p2a: Manaphy|0 fnt
|faint|p2a: Manaphy
|
|-weather|RainDance|[upkeep]
|upkeep
|
|t:|1760333999
|switch|p2a: Basculegion|Basculegion, M, tera:Ghost|57/100
|-damage|p2a: Basculegion|44/100|[from] Stealth Rock
|turn|28
|l| arturohdez
|
|t:|1760334011
|move|p2a: Basculegion|Wave Crash|p1a: Ogerpon
|-immune|p1a: Ogerpon|[from] ability: Water Absorb
|move|p1a: Ogerpon|Horn Leech|p2a: Basculegion
|-damage|p2a: Basculegion|0 fnt
|faint|p2a: Basculegion
|
|-weather|RainDance|[upkeep]
|upkeep
|-message|ch1ck3n nu99ets forfeited.
|
|win|vuopuer
|raw|vuopuer's rating: 1574 &rarr; <strong>1602</strong><br />(+28 for winning)
|raw|ch1ck3n nu99ets's rating: 1713 &rarr; <strong>1685</strong><br />(-28 for losing)
|l|☆ch1ck3n nu99ets
|player|p2|
|l|☆vuopuer
|player|p1|
|l| A man named Derp
