|j|☆arvends5
|j|☆thisstyle
|t:|1760330140
|gametype|singles
|player|p1|arvends5|blackbelt|1124
|player|p2|thisstyle|266|1073
|gen|9
|tier|[Gen 9] OU
|rated|
|rule|HP Percentage Mod: HP is shown in percentages
|rule|Endless Battle Clause: Forcing endless battles is banned
|rule|Species Clause: Limit one of each Pokémon
|rule|OHKO Clause: OHKO moves are banned
|rule|Evasion Items Clause: Evasion items are banned
|rule|Evasion Moves Clause: Evasion moves are banned
|rule|Evasion Abilities Clause: Evasion abilities are banned
|rule|Sleep Moves Clause: Sleep-inducing moves are banned
|clearpoke
|poke|p1|Venusaur, M|
|poke|p1|Ninetales, M|
|poke|p1|Clefable, F|
|poke|p1|Tentacruel, M|
|poke|p1|Ditto|
|poke|p1|Haxorus, M|
|poke|p2|Lokix, M|
|poke|p2|Pelipper, M|
|poke|p2|Qwilfish, F|
|poke|p2|Azumarill, M|
|poke|p2|Clodsire, F|
|poke|p2|Dusclops, M|
|teampreview
|inactive|Battle timer is ON: inactive players will automatically lose when time's up. (requested by thisstyle)
|
|t:|1760330159
|teamsize|p1|6
|teamsize|p2|6
|start
|switch|p1a: Tentacruel|Tentacruel, M|100/100
|switch|p2a: Pelipper|Pelipper, M, shiny|100/100
|-weather|RainDance|[from] ability: Drizzle|[of] p2a: Pelipper
|turn|1
|
|t:|1760330173
|switch|p2a: Clodsire|Clodsire, F|100/100
|move|p1a: Tentacruel|Toxic|p2a: Clodsire
|-immune|p2a: Clodsire
|
|-weather|RainDance|[upkeep]
|upkeep
|turn|2
|
|t:|1760330181
|switch|p1a: Venusaur|Venusaur, M|100/100
|move|p2a: Clodsire|Stealth Rock|p1a: Venusaur
|-sidestart|p1: arvends5|move: Stealth Rock
|
|-weather|RainDance|[upkeep]
|upkeep
|turn|3
|inactive|thisstyle has 120 seconds left.
|
|t:|1760330212
|switch|p2a: Lokix|Lokix, M, shiny|100/100
|move|p1a: Venusaur|Earth Power|p2a: Lokix
|-resisted|p2a: Lokix
|-damage|p2a: Lokix|63/100
|-unboost|p2a: Lokix|spd|1
|-damage|p1a: Venusaur|91/100|[from] item: Life Orb
|
|-weather|RainDance|[upkeep]
|upkeep
|turn|4
|
|t:|1760330234
|switch|p1a: Clefable|Clefable, F|100/100
|-terastallize|p2a: Lokix|Bug
|move|p2a: Lokix|First Impression|p1a: Clefable
|-resisted|p1a: Clefable
|-damage|p1a: Clefable|39/100
|
|-weather|RainDance|[upkeep]
|upkeep
|turn|5
|inactive|thisstyle has 120 seconds left.
|
|t:|1760330253
|switch|p2a: Clodsire|Clodsire, F|100/100
|move|p1a: Clefable|Moonblast|p2a: Clodsire
|-resisted|p2a: Clodsire
|-damage|p2a: Clodsire|93/100
|
|-weather|none
|upkeep
|turn|6
|
|t:|1760330262
|switch|p2a: Pelipper|Pelipper, M, shiny|100/100
|-weather|RainDance|[from] ability: Drizzle|[of] p2a: Pelipper
|move|p1a: Clefable|Moonlight|p1a: Clefable
|-heal|p1a: Clefable|63/100
|
|-weather|RainDance|[upkeep]
|upkeep
|turn|7
|
|t:|1760330276
|move|p2a: Pelipper|Weather Ball|p1a: Clefable
|-damage|p1a: Clefable|0 fnt
|faint|p1a: Clefable
|
|-weather|RainDance|[upkeep]
|upkeep
|
|t:|1760330284
|switch|p1a: Haxorus|Haxorus, M|100/100
|-damage|p1a: Haxorus|88/100|[from] Stealth Rock
|-ability|p1a: Haxorus|Mold Breaker
|turn|8
|
|t:|1760330290
|switch|p2a: Dusclops|Dusclops, M, shiny|100/100
|-ability|p2a: Dusclops|Pressure
|-terastallize|p1a: Haxorus|Dragon
|move|p1a: Haxorus|Outrage|p2a: Dusclops
|-damage|p2a: Dusclops|37/100
|-damage|p1a: Haxorus|78/100|[from] item: Life Orb
|
|-weather|RainDance|[upkeep]
|upkeep
|turn|9
|
|t:|1760330306
|move|p1a: Haxorus|Outrage|p2a: Dusclops|[from] lockedmove
|-damage|p2a: Dusclops|0 fnt
|faint|p2a: Dusclops
|-damage|p1a: Haxorus|69/100|[from] item: Life Orb
|
|-weather|RainDance|[upkeep]
|upkeep
|
|t:|1760330316
|switch|p2a: Azumarill|Azumarill, M|100/100
|turn|10
|
|t:|1760330323
|move|p1a: Haxorus|Outrage|p2a: Azumarill|[from] lockedmove
|-immune|p2a: Azumarill
|-start|p1a: Haxorus|confusion|[fatigue]
|move|p2a: Azumarill|Belly Drum|p2a: Azumarill
|-damage|p2a: Azumarill|50/100
|-setboost|p2a: Azumarill|atk|6|[from] move: Belly Drum
|-enditem|p2a: Azumarill|Sitrus Berry|[eat]
|-heal|p2a: Azumarill|75/100|[from] item: Sitrus Berry
|
|-weather|none
|upkeep
|turn|11
|
|t:|1760330329
|switch|p1a: Tentacruel|Tentacruel, M|100/100
|-damage|p1a: Tentacruel|88/100|[from] Stealth Rock
|move|p2a: Azumarill|Play Rough|p1a: Tentacruel
|-resisted|p1a: Tentacruel
|-damage|p1a: Tentacruel|0 fnt
|faint|p1a: Tentacruel
|
|upkeep
|
|t:|1760330332
|switch|p1a: Ditto|Ditto|100/100
|-damage|p1a: Ditto|88/100|[from] Stealth Rock
|-transform|p1a: Ditto|p2a: Azumarill|[from] ability: Imposter
|turn|12
|
|t:|1760330343
|move|p2a: Azumarill|Aqua Jet|p1a: Ditto
|-resisted|p1a: Ditto
|-damage|p1a: Ditto|15/100
|move|p1a: Ditto|Play Rough|p2a: Azumarill
|-damage|p2a: Azumarill|0 fnt
|faint|p2a: Azumarill
|
|upkeep
|
|t:|1760330351
|switch|p2a: Lokix|Lokix, M, shiny, tera:Bug|63/100
|turn|13
|
|t:|1760330355
|move|p2a: Lokix|First Impression|p1a: Ditto
|-resisted|p1a: Ditto
|-damage|p1a: Ditto|0 fnt
|faint|p1a: Ditto
|
|upkeep
|
|t:|1760330362
|switch|p1a: Haxorus|Haxorus, M, tera:Dragon|69/100
|-damage|p1a: Haxorus|56/100|[from] Stealth Rock
|-ability|p1a: Haxorus|Mold Breaker
|turn|14
|
|t:|1760330376
|switch|p2a: Pelipper|Pelipper, M, shiny|100/100
|-weather|RainDance|[from] ability: Drizzle|[of] p2a: Pelipper
|move|p1a: Haxorus|Outrage|p2a: Pelipper
|-damage|p2a: Pelipper|0 fnt
|faint|p2a: Pelipper
|-damage|p1a: Haxorus|46/100|[from] item: Life Orb
|
|-weather|RainDance|[upkeep]
|upkeep
|
|t:|1760330390
|switch|p2a: Qwilfish|Qwilfish, F, shiny|100/100
|turn|15
|
|t:|1760330413
|move|p2a: Qwilfish|Gunk Shot|p1a: Haxorus|[miss]
|-miss|p2a: Qwilfish|p1a: Haxorus
|move|p1a: Haxorus|Outrage|p2a: Qwilfish|[from] lockedmove
|-damage|p2a: Qwilfish|0 fnt
|faint|p2a: Qwilfish
|-damage|p1a: Haxorus|37/100|[from] item: Life Orb
|-start|p1a: Haxorus|confusion|[fatigue]
|
|-weather|RainDance|[upkeep]
|upkeep
|
|t:|1760330419
|switch|p2a: Lokix|Lokix, M, shiny, tera:Bug|63/100
|turn|16
|
|t:|1760330430
|switch|p1a: Ninetales|Ninetales, M|100/100
|-damage|p1a: Ninetales|75/100|[from] Stealth Rock
|-weather|SunnyDay|[from] ability: Drought|[of] p1a: Ninetales
|move|p2a: Lokix|First Impression|p1a: Ninetales
|-resisted|p1a: Ninetales
|-damage|p1a: Ninetales|0 fnt
|faint|p1a: Ninetales
|
|-weather|SunnyDay|[upkeep]
|upkeep
|
|t:|1760330435
|switch|p1a: Venusaur|Venusaur, M|91/100
|-damage|p1a: Venusaur|78/100|[from] Stealth Rock
|turn|17
|
|t:|1760330442
|switch|p2a: Clodsire|Clodsire, F|93/100
|move|p1a: Venusaur|Growth|p1a: Venusaur
|-boost|p1a: Venusaur|atk|2
|-boost|p1a: Venusaur|spa|2
|
|-weather|SunnyDay|[upkeep]
|upkeep
|turn|18
|
|t:|1760330447
|move|p1a: Venusaur|Earth Power|p2a: Clodsire
|-supereffective|p2a: Clodsire
|-damage|p2a: Clodsire|13/100
|-unboost|p2a: Clodsire|spd|1
|-damage|p1a: Venusaur|68/100|[from] item: Life Orb
|move|p2a: Clodsire|Earthquake|p1a: Venusaur
|-damage|p1a: Venusaur|33/100
|
|-weather|SunnyDay|[upkeep]
|upkeep
|turn|19
|
|t:|1760330476
|move|p1a: Venusaur|Solar Beam||[still]
|-prepare|p1a: Venusaur|Solar Beam
|-anim|p1a: Venusaur|Solar Beam|p2a: Clodsire
|-damage|p2a: Clodsire|0 fnt
|faint|p2a: Clodsire
|-damage|p1a: Venusaur|23/100|[from] item: Life Orb
|
|-weather|SunnyDay|[upkeep]
|upkeep
|
|t:|1760330478
|switch|p2a: Lokix|Lokix, M, shiny, tera:Bug|63/100
|turn|20
|
|t:|1760330488
|move|p2a: Lokix|First Impression|p1a: Venusaur
|-damage|p1a: Venusaur|0 fnt
|faint|p1a: Venusaur
|
|-weather|SunnyDay|[upkeep]
|upkeep
|
|t:|1760330490
|switch|p1a: Haxorus|Haxorus, M, tera:Dragon|37/100
|-damage|p1a: Haxorus|24/100|[from] Stealth Rock
|-ability|p1a: Haxorus|Mold Breaker
|turn|21
|
|t:|1760330495
|move|p2a: Lokix|First Impression||[still]
|-hint|First Impression only works on your first turn out.
|-fail|p2a: Lokix
|move|p1a: Haxorus|Outrage|p2a: Lokix
|-damage|p2a: Lokix|0 fnt
|faint|p2a: Lokix
|-damage|p1a: Haxorus|14/100|[from] item: Life Orb
|
|win|arvends5
|raw|arvends5's rating: 1124 &rarr; <strong>1145</strong><br />(+21 for winning)
|raw|thisstyle's rating: 1073 &rarr; <strong>1055</strong><br />(-18 for losing)
|l|☆thisstyle
|player|p2|
|l|☆arvends5
|player|p1|
