|j|☆deepfriedmagikarp
|j|☆modegobelin
|t:|1760330922
|gametype|singles
|player|p1|deepfriedmagikarp|pokemonranger-gen4|1702
|player|p2|modegobelin|169|1691
|gen|9
|tier|[Gen 9] OU
|rated|
|rule|HP Percentage Mod: HP is shown in percentages
|rule|Endless Battle Clause: Forcing endless battles is banned
|rule|Species Clause: Limit one of each Pokémon
|rule|OHKO Clause: OHKO moves are banned
|rule|Evasion Items Clause: Evasion items are banned
|rule|Evasion Moves Clause: Evasion moves are banned
|rule|Evasion Abilities Clause: Evasion abilities are banned
|rule|Sleep Moves Clause: Sleep-inducing moves are banned
|clearpoke
|poke|p1|Ogerpon-Wellspring, F|
|poke|p1|Kingambit, F|
|poke|p1|Landorus-Therian, M|
|poke|p1|Glimmora, M|
|poke|p1|Dragapult, F|
|poke|p1|Iron Valiant|
|poke|p2|Ninetales, F|
|poke|p2|Great Tusk|
|poke|p2|Raging Bolt|
|poke|p2|Ting-Lu|
|poke|p2|Pecharunt|
|poke|p2|Zamazenta-*|
|teampreview
|inactive|Battle timer is ON: inactive players will automatically lose when time's up. (requested by deepfriedmagikarp)
|
|t:|1760330936
|teamsize|p1|6
|teamsize|p2|6
|start
|switch|p1a: Dragapult|Dragapult, F|100/100
|switch|p2a: Ninetales|Ninetales, F|100/100
|-weather|SunnyDay|[from] ability: Drought|[of] p2a: Ninetales
|turn|1
|
|t:|1760330938
|switch|p2a: Ting-Lu|Ting-Lu|100/100
|-ability|p2a: Ting-Lu|Vessel of Ruin
|move|p1a: Dragapult|Draco Meteor|p2a: Ting-Lu
|-damage|p2a: Ting-Lu|68/100
|-unboost|p1a: Dragapult|spa|2
|
|-weather|SunnyDay|[upkeep]
|-heal|p2a: Ting-Lu|74/100|[from] item: Leftovers
|upkeep
|turn|2
|
|t:|1760330953
|switch|p1a: Ogerpon|Ogerpon-Wellspring, F|100/100
|move|p2a: Ting-Lu|Spikes|p1a: Ogerpon
|-sidestart|p1: deepfriedmagikarp|Spikes
|
|-weather|SunnyDay|[upkeep]
|-heal|p2a: Ting-Lu|80/100|[from] item: Leftovers
|upkeep
|turn|3
|
|t:|1760330955
|switch|p2a: Pecharunt|Pecharunt|100/100
|move|p1a: Ogerpon|Play Rough|p2a: Pecharunt
|-resisted|p2a: Pecharunt
|-damage|p2a: Pecharunt|90/100
|
|-weather|SunnyDay|[upkeep]
|upkeep
|turn|4
|
|t:|1760330983
|move|p1a: Ogerpon|Taunt|p2a: Pecharunt
|-start|p2a: Pecharunt|move: Taunt
|cant|p2a: Pecharunt|move: Taunt|Parting Shot
|
|-weather|SunnyDay|[upkeep]
|upkeep
|turn|5
|
|t:|1760330993
|move|p1a: Ogerpon|Horn Leech|p2a: Pecharunt
|-resisted|p2a: Pecharunt
|-damage|p2a: Pecharunt|76/100
|move|p2a: Pecharunt|Malignant Chain|p1a: Ogerpon
|-supereffective|p1a: Ogerpon
|-damage|p1a: Ogerpon|31/100
|-status|p1a: Ogerpon|tox
|-start|p1a: Ogerpon|confusion|[from] ability: Poison Puppeteer|[of] p2a: Pecharunt
|
|-weather|none
|-damage|p1a: Ogerpon|25/100 tox|[from] psn
|upkeep
|turn|6
|inactive|modegobelin has 120 seconds left.
|
|t:|1760331015
|-activate|p1a: Ogerpon|confusion
|move|p1a: Ogerpon|Ivy Cudgel|p2a: Pecharunt|[anim] Ivy Cudgel Water
|-damage|p2a: Pecharunt|42/100
|move|p2a: Pecharunt|Hex|p1a: Ogerpon
|-damage|p1a: Ogerpon|0 fnt
|faint|p1a: Ogerpon
|
|-end|p2a: Pecharunt|move: Taunt
|upkeep
|
|t:|1760331024
|switch|p1a: Landorus|Landorus-Therian, M|100/100
|-ability|p1a: Landorus|Intimidate|boost
|-unboost|p2a: Pecharunt|atk|1
|turn|7
|
|t:|1760331026
|switch|p2a: Great Tusk|Great Tusk|100/100
|move|p1a: Landorus|Earthquake|p2a: Great Tusk
|-damage|p2a: Great Tusk|69/100
|
|-heal|p2a: Great Tusk|75/100|[from] item: Leftovers
|upkeep
|turn|8
|
|t:|1760331032
|move|p1a: Landorus|Earthquake|p2a: Great Tusk
|-damage|p2a: Great Tusk|44/100
|move|p2a: Great Tusk|Ice Spinner|p1a: Landorus
|-supereffective|p1a: Landorus
|-damage|p1a: Landorus|12/100
|-damage|p2a: Great Tusk|27/100|[from] item: Rocky Helmet|[of] p1a: Landorus
|
|-heal|p2a: Great Tusk|34/100|[from] item: Leftovers
|upkeep
|turn|9
|
|t:|1760331055
|move|p1a: Landorus|Earthquake|p2a: Great Tusk
|-damage|p2a: Great Tusk|3/100
|move|p2a: Great Tusk|Stealth Rock|p1a: Landorus
|-sidestart|p1: deepfriedmagikarp|move: Stealth Rock
|
|-heal|p2a: Great Tusk|9/100|[from] item: Leftovers
|upkeep
|turn|10
|
|t:|1760331061
|move|p1a: Landorus|Earthquake|p2a: Great Tusk
|-damage|p2a: Great Tusk|0 fnt
|faint|p2a: Great Tusk
|-end|p2a: Great Tusk|Protosynthesis|[silent]
|
|upkeep
|
|t:|1760331063
|switch|p2a: Ninetales|Ninetales, F|100/100
|-weather|SunnyDay|[from] ability: Drought|[of] p2a: Ninetales
|turn|11
|
|t:|1760331066
|move|p2a: Ninetales|Weather Ball|p1a: Landorus
|-damage|p1a: Landorus|0 fnt
|faint|p1a: Landorus
|
|-weather|SunnyDay|[upkeep]
|upkeep
|
|t:|1760331069
|switch|p1a: Glimmora|Glimmora, M|100/100
|-damage|p1a: Glimmora|88/100|[from] Spikes
|-damage|p1a: Glimmora|76/100|[from] Stealth Rock
|turn|12
|
|t:|1760331076
|move|p2a: Ninetales|Weather Ball|p1a: Glimmora
|-resisted|p1a: Glimmora
|-damage|p1a: Glimmora|15/100
|move|p1a: Glimmora|Mortal Spin|p2a: Ninetales
|-damage|p2a: Ninetales|92/100
|-status|p2a: Ninetales|psn
|-sideend|p1: deepfriedmagikarp|Spikes|[from] move: Mortal Spin|[of] p1a: Glimmora
|-sideend|p1: deepfriedmagikarp|Stealth Rock|[from] move: Mortal Spin|[of] p1a: Glimmora
|
|-weather|SunnyDay|[upkeep]
|-damage|p2a: Ninetales|80/100 psn|[from] psn
|upkeep
|turn|13
|
|t:|1760331079
|switch|p1a: Dragapult|Dragapult, F|100/100
|move|p2a: Ninetales|Weather Ball|p1a: Dragapult
|-resisted|p1a: Dragapult
|-damage|p1a: Dragapult|45/100
|
|-weather|SunnyDay|[upkeep]
|-damage|p2a: Ninetales|67/100 psn|[from] psn
|upkeep
|turn|14
|
|t:|1760331082
|switch|p2a: Ting-Lu|Ting-Lu|80/100
|-ability|p2a: Ting-Lu|Vessel of Ruin
|move|p1a: Dragapult|U-turn|p2a: Ting-Lu
|-supereffective|p2a: Ting-Lu
|-damage|p2a: Ting-Lu|61/100
|
|t:|1760331089
|switch|p1a: Kingambit|Kingambit, F|100/100|[from] U-turn
|-activate|p1a: Kingambit|ability: Supreme Overlord
|-start|p1a: Kingambit|fallen2|[silent]
|
|-weather|SunnyDay|[upkeep]
|-heal|p2a: Ting-Lu|67/100|[from] item: Leftovers
|upkeep
|turn|15
|
|t:|1760331093
|move|p1a: Kingambit|Swords Dance|p1a: Kingambit
|-boost|p1a: Kingambit|atk|2
|move|p2a: Ting-Lu|Whirlwind|p1a: Kingambit
|-end|p1a: Kingambit|fallen2|[silent]
|drag|p1a: Iron Valiant|Iron Valiant|100/100
|-enditem|p1a: Iron Valiant|Booster Energy
|-activate|p1a: Iron Valiant|ability: Quark Drive|[fromitem]
|-start|p1a: Iron Valiant|quarkdrivespe
|
|-weather|none
|-heal|p2a: Ting-Lu|74/100|[from] item: Leftovers
|upkeep
|turn|16
|
|t:|1760331101
|move|p1a: Iron Valiant|Spirit Break|p2a: Ting-Lu
|-supereffective|p2a: Ting-Lu
|-damage|p2a: Ting-Lu|28/100
|-unboost|p2a: Ting-Lu|spa|1
|move|p2a: Ting-Lu|Whirlwind|p1a: Iron Valiant
|-end|p1a: Iron Valiant|Quark Drive|[silent]
|drag|p1a: Dragapult|Dragapult, F|45/100
|
|-heal|p2a: Ting-Lu|34/100|[from] item: Leftovers
|upkeep
|turn|17
|
|t:|1760331110
|move|p1a: Dragapult|Draco Meteor|p2a: Ting-Lu
|-damage|p2a: Ting-Lu|0 fnt
|-unboost|p1a: Dragapult|spa|2
|faint|p2a: Ting-Lu
|
|upkeep
|
|t:|1760331115
|switch|p2a: Ninetales|Ninetales, F|67/100 psn
|-weather|SunnyDay|[from] ability: Drought|[of] p2a: Ninetales
|turn|18
|j| CAZSYZ
|
|t:|1760331127
|switch|p1a: Glimmora|Glimmora, M|15/100
|move|p2a: Ninetales|Weather Ball|p1a: Glimmora
|-resisted|p1a: Glimmora
|-damage|p1a: Glimmora|0 fnt
|faint|p1a: Glimmora
|
|-weather|SunnyDay|[upkeep]
|-damage|p2a: Ninetales|55/100 psn|[from] psn
|upkeep
|
|t:|1760331129
|switch|p1a: Dragapult|Dragapult, F|45/100
|turn|19
|
|t:|1760331132
|move|p1a: Dragapult|Shadow Ball|p2a: Ninetales
|-damage|p2a: Ninetales|0 fnt
|faint|p2a: Ninetales
|
|-weather|SunnyDay|[upkeep]
|upkeep
|
|t:|1760331133
|switch|p2a: Raging Bolt|Raging Bolt|100/100
|-activate|p2a: Raging Bolt|ability: Protosynthesis
|-start|p2a: Raging Bolt|protosynthesisspa
|turn|20
|
|t:|1760331140
|move|p1a: Dragapult|Shadow Ball|p2a: Raging Bolt
|-crit|p2a: Raging Bolt
|-damage|p2a: Raging Bolt|51/100
|move|p2a: Raging Bolt|Weather Ball|p1a: Dragapult
|-resisted|p1a: Dragapult
|-damage|p1a: Dragapult|0 fnt
|faint|p1a: Dragapult
|
|-weather|SunnyDay|[upkeep]
|upkeep
|
|t:|1760331143
|switch|p1a: Iron Valiant|Iron Valiant|100/100
|turn|21
|
|t:|1760331148
|move|p1a: Iron Valiant|Spirit Break|p2a: Raging Bolt
|-supereffective|p2a: Raging Bolt
|-damage|p2a: Raging Bolt|0 fnt
|faint|p2a: Raging Bolt
|-end|p2a: Raging Bolt|Protosynthesis|[silent]
|
|-weather|SunnyDay|[upkeep]
|upkeep
|
|t:|1760331160
|switch|p2a: Pecharunt|Pecharunt|42/100
|turn|22
|
|t:|1760331162
|move|p1a: Iron Valiant|Knock Off|p2a: Pecharunt
|-supereffective|p2a: Pecharunt
|-damage|p2a: Pecharunt|2/100
|-enditem|p2a: Pecharunt|Heavy-Duty Boots|[from] move: Knock Off|[of] p1a: Iron Valiant
|move|p2a: Pecharunt|Malignant Chain|p1a: Iron Valiant
|-supereffective|p1a: Iron Valiant
|-damage|p1a: Iron Valiant|0 fnt
|faint|p1a: Iron Valiant
|-end|p1a: Iron Valiant|Quark Drive|[silent]
|
|-weather|none
|upkeep
|
|t:|1760331164
|switch|p1a: Kingambit|Kingambit, F|100/100
|-activate|p1a: Kingambit|ability: Supreme Overlord
|-start|p1a: Kingambit|fallen5|[silent]
|turn|23
|
|t:|1760331167
|move|p2a: Pecharunt|Parting Shot|p1a: Kingambit
|-unboost|p1a: Kingambit|atk|1
|-unboost|p1a: Kingambit|spa|1
|
|t:|1760331168
|switch|p2a: Zamazenta|Zamazenta|100/100|[from] Parting Shot
|-ability|p2a: Zamazenta|Dauntless Shield|boost
|-boost|p2a: Zamazenta|def|1
|move|p1a: Kingambit|Swords Dance|p1a: Kingambit
|-boost|p1a: Kingambit|atk|2
|
|upkeep
|turn|24
|
|t:|1760331172
|-terastallize|p1a: Kingambit|Ghost
|move|p2a: Zamazenta|Iron Defense|p2a: Zamazenta
|-boost|p2a: Zamazenta|def|2
|move|p1a: Kingambit|Iron Head|p2a: Zamazenta
|-damage|p2a: Zamazenta|67/100
|
|-heal|p2a: Zamazenta|73/100|[from] item: Leftovers
|upkeep
|turn|25
|
|t:|1760331174
|move|p2a: Zamazenta|Iron Defense|p2a: Zamazenta
|-boost|p2a: Zamazenta|def|2
|move|p1a: Kingambit|Swords Dance|p1a: Kingambit
|-boost|p1a: Kingambit|atk|2
|
|-heal|p2a: Zamazenta|80/100|[from] item: Leftovers
|upkeep
|turn|26
|
|t:|1760331177
|move|p2a: Zamazenta|Iron Defense|p2a: Zamazenta
|-boost|p2a: Zamazenta|def|1
|move|p1a: Kingambit|Iron Head|p2a: Zamazenta
|-damage|p2a: Zamazenta|50/100
|
|-heal|p2a: Zamazenta|56/100|[from] item: Leftovers
|upkeep
|turn|27
|
|t:|1760331179
|move|p2a: Zamazenta|Crunch|p1a: Kingambit
|-supereffective|p1a: Kingambit
|-damage|p1a: Kingambit|67/100
|-unboost|p1a: Kingambit|def|1
|move|p1a: Kingambit|Iron Head|p2a: Zamazenta
|-damage|p2a: Zamazenta|22/100
|
|-heal|p2a: Zamazenta|28/100|[from] item: Leftovers
|-heal|p1a: Kingambit|73/100|[from] item: Leftovers
|upkeep
|turn|28
|
|t:|1760331186
|-terastallize|p2a: Zamazenta|Fire
|move|p2a: Zamazenta|Crunch|p1a: Kingambit
|-supereffective|p1a: Kingambit
|-damage|p1a: Kingambit|27/100
|move|p1a: Kingambit|Iron Head|p2a: Zamazenta
|-resisted|p2a: Zamazenta
|-damage|p2a: Zamazenta|12/100
|
|-heal|p2a: Zamazenta|18/100|[from] item: Leftovers
|-heal|p1a: Kingambit|34/100|[from] item: Leftovers
|upkeep
|turn|29
|
|t:|1760331204
|move|p1a: Kingambit|Sucker Punch|p2a: Zamazenta
|-damage|p2a: Zamazenta|0 fnt
|faint|p2a: Zamazenta
|
|-heal|p1a: Kingambit|40/100|[from] item: Leftovers
|upkeep
|
|t:|1760331206
|switch|p2a: Pecharunt|Pecharunt|2/100
|turn|30
|
|t:|1760331233
|move|p1a: Kingambit|Sucker Punch|p2a: Pecharunt
|-supereffective|p2a: Pecharunt
|-damage|p2a: Pecharunt|0 fnt
|faint|p2a: Pecharunt
|
|win|deepfriedmagikarp
|raw|deepfriedmagikarp's rating: 1702 &rarr; <strong>1721</strong><br />(+19 for winning)
|raw|modegobelin's rating: 1691 &rarr; <strong>1672</strong><br />(-19 for losing)
|c|☆modegobelin|gg
|l|☆modegobelin
|player|p2|
|c|☆deepfriedmagikarp|gg
|l| CAZSYZ
|l|☆deepfriedmagikarp
|player|p1|
