|j|☆pepinoloko
|j|☆clodsirebiggestfan
|t:|1760446851
|gametype|singles
|player|p1|pepinoloko|palmer|1669
|player|p2|clodsirebiggestfan|miku-ghost|1705
|gen|9
|tier|[Gen 9] OU
|rated|
|rule|HP Percentage Mod: HP is shown in percentages
|rule|Endless Battle Clause: Forcing endless battles is banned
|rule|Species Clause: Limit one of each Pokémon
|rule|OHKO Clause: OHKO moves are banned
|rule|Evasion Items Clause: Evasion items are banned
|rule|Evasion Moves Clause: Evasion moves are banned
|rule|Evasion Abilities Clause: Evasion abilities are banned
|rule|Sleep Moves Clause: Sleep-inducing moves are banned
|clearpoke
|poke|p1|Cinderace, M|
|poke|p1|Landorus-Therian, M|
|poke|p1|Corviknight, F|
|poke|p1|Conkeldurr, M|
|poke|p1|Tyranitar, M|
|poke|p1|Dragapult, F|
|poke|p2|Kingambit, F|
|poke|p2|Clodsire, M|
|poke|p2|Zamazenta-*|
|poke|p2|Weezing-Galar, F|
|poke|p2|Ogerpon, F|
|poke|p2|Raging Bolt|
|teampreview
|
|t:|1760446868
|teamsize|p1|6
|teamsize|p2|6
|start
|switch|p1a: God is always good|Landorus-Therian, M|100/100
|switch|p2a: Ogerpon|Ogerpon, F|100/100
|-ability|p1a: God is always good|Intimidate|boost
|-unboost|p2a: Ogerpon|atk|1
|-ability|p2a: Ogerpon|Defiant|boost
|-boost|p2a: Ogerpon|atk|2
|turn|1
|inactive|Battle timer is ON: inactive players will automatically lose when time's up. (requested by pepinoloko)
|
|t:|1760446872
|move|p1a: God is always good|U-turn|p2a: Ogerpon
|-supereffective|p2a: Ogerpon
|-damage|p2a: Ogerpon|27/100
|
|t:|1760446874
|switch|p1a: I AM PRESSURE|Corviknight, F|100/100|[from] U-turn
|-ability|p1a: I AM PRESSURE|Pressure
|move|p2a: Ogerpon|Ivy Cudgel|p1a: I AM PRESSURE
|-resisted|p1a: I AM PRESSURE
|-damage|p1a: I AM PRESSURE|82/100
|
|upkeep
|turn|2
|
|t:|1760446878
|switch|p2a: Weezing|Weezing-Galar, F|100/100
|move|p1a: I AM PRESSURE|U-turn|p2a: Weezing
|-resisted|p2a: Weezing
|-damage|p2a: Weezing|98/100
|
|t:|1760446881
|switch|p1a: Perhapps|Dragapult, F, shiny|100/100|[from] U-turn
|
|-heal|p2a: Weezing|100/100|[from] item: Leftovers
|upkeep
|turn|3
|c|☆clodsirebiggestfan|you are telling me for free?
|
|t:|1760446888
|move|p1a: Perhapps|Shadow Ball|p2a: Weezing
|-crit|p2a: Weezing
|-damage|p2a: Weezing|0 fnt
|faint|p2a: Weezing
|
|upkeep
|
|t:|1760446891
|switch|p2a: Clodsire|Clodsire, M|100/100
|turn|4
|
|t:|1760446908
|switch|p1a: I AM PRESSURE|Corviknight, F|82/100
|-ability|p1a: I AM PRESSURE|Pressure
|move|p2a: Clodsire|Stealth Rock|p1a: I AM PRESSURE
|-sidestart|p1: pepinoloko|move: Stealth Rock
|
|upkeep
|turn|5
|c|☆clodsirebiggestfan|i know 5/6 of ur mons now
|
|t:|1760446913
|switch|p2a: Raging Bolt|Raging Bolt|100/100
|move|p1a: I AM PRESSURE|U-turn|p2a: Raging Bolt
|-damage|p2a: Raging Bolt|92/100
|
|t:|1760446916
|switch|p1a: SteinBahn|Tyranitar, M, shiny|100/100|[from] U-turn
|-damage|p1a: SteinBahn|88/100|[from] Stealth Rock
|-weather|Sandstorm|[from] ability: Sand Stream|[of] p1a: SteinBahn
|
|-weather|Sandstorm|[upkeep]
|-damage|p2a: Raging Bolt|86/100|[from] Sandstorm
|-heal|p2a: Raging Bolt|92/100|[from] item: Leftovers
|upkeep
|turn|6
|
|t:|1760446921
|-end|p2a: Raging Bolt|Protosynthesis|[silent]
|switch|p2a: Zamazenta|Zamazenta|100/100
|-ability|p2a: Zamazenta|Dauntless Shield|boost
|-boost|p2a: Zamazenta|def|1
|move|p1a: SteinBahn|Knock Off|p2a: Zamazenta
|-resisted|p2a: Zamazenta
|-damage|p2a: Zamazenta|88/100
|-enditem|p2a: Zamazenta|Leftovers|[from] move: Knock Off|[of] p1a: SteinBahn
|
|-weather|Sandstorm|[upkeep]
|-damage|p2a: Zamazenta|82/100|[from] Sandstorm
|upkeep
|turn|7
|
|t:|1760446927
|switch|p1a: I AM PRESSURE|Corviknight, F|82/100
|-damage|p1a: I AM PRESSURE|69/100|[from] Stealth Rock
|-ability|p1a: I AM PRESSURE|Pressure
|move|p2a: Zamazenta|Iron Defense|p2a: Zamazenta
|-boost|p2a: Zamazenta|def|2
|
|-weather|Sandstorm|[upkeep]
|-damage|p2a: Zamazenta|76/100|[from] Sandstorm
|upkeep
|turn|8
|
|t:|1760446930
|switch|p1a: Perhapps|Dragapult, F, shiny|100/100
|-damage|p1a: Perhapps|88/100|[from] Stealth Rock
|move|p2a: Zamazenta|Body Press|p1a: Perhapps
|-immune|p1a: Perhapps
|
|-weather|Sandstorm|[upkeep]
|-damage|p1a: Perhapps|82/100|[from] Sandstorm
|-damage|p2a: Zamazenta|70/100|[from] Sandstorm
|upkeep
|turn|9
|
|t:|1760446933
|switch|p1a: God is always good|Landorus-Therian, M|100/100
|-damage|p1a: God is always good|88/100|[from] Stealth Rock
|-ability|p1a: God is always good|Intimidate|boost
|-unboost|p2a: Zamazenta|atk|1
|move|p2a: Zamazenta|Crunch|p1a: God is always good
|-damage|p1a: God is always good|72/100
|
|-weather|none
|upkeep
|turn|10
|
|t:|1760446936
|move|p1a: God is always good|U-turn|p2a: Zamazenta
|-resisted|p2a: Zamazenta
|-crit|p2a: Zamazenta
|-damage|p2a: Zamazenta|55/100
|
|t:|1760446938
|switch|p1a: I AM PRESSURE|Corviknight, F|69/100|[from] U-turn
|-damage|p1a: I AM PRESSURE|57/100|[from] Stealth Rock
|-ability|p1a: I AM PRESSURE|Pressure
|move|p2a: Zamazenta|Body Press|p1a: I AM PRESSURE
|-damage|p1a: I AM PRESSURE|2/100
|-damage|p2a: Zamazenta|39/100|[from] item: Rocky Helmet|[of] p1a: I AM PRESSURE
|
|upkeep
|turn|11
|
|t:|1760446941
|move|p2a: Zamazenta|Crunch|p1a: I AM PRESSURE
|-damage|p1a: I AM PRESSURE|0 fnt
|-damage|p2a: Zamazenta|22/100|[from] item: Rocky Helmet|[of] p1a: I AM PRESSURE
|faint|p1a: I AM PRESSURE
|
|upkeep
|
|t:|1760446945
|switch|p1a: Perhapps|Dragapult, F, shiny|82/100
|-damage|p1a: Perhapps|70/100|[from] Stealth Rock
|turn|12
|
|t:|1760446949
|move|p1a: Perhapps|Shadow Ball|p2a: Zamazenta
|-damage|p2a: Zamazenta|0 fnt
|faint|p2a: Zamazenta
|
|upkeep
|
|t:|1760446952
|switch|p2a: Kingambit|Kingambit, F|100/100
|-activate|p2a: Kingambit|ability: Supreme Overlord
|-start|p2a: Kingambit|fallen2|[silent]
|turn|13
|
|t:|1760446957
|switch|p1a: God is always good|Landorus-Therian, M|72/100
|-damage|p1a: God is always good|60/100|[from] Stealth Rock
|-ability|p1a: God is always good|Intimidate|boost
|-unboost|p2a: Kingambit|atk|1
|move|p2a: Kingambit|Iron Head|p1a: God is always good
|-damage|p1a: God is always good|22/100
|
|upkeep
|turn|14
|
|t:|1760446960
|switch|p1a: Steinbrecher|Conkeldurr, M, shiny|100/100
|-damage|p1a: Steinbrecher|95/100|[from] Stealth Rock
|move|p2a: Kingambit|Sucker Punch||[still]
|-fail|p2a: Kingambit
|
|-status|p1a: Steinbrecher|brn|[from] item: Flame Orb
|upkeep
|turn|15
|
|t:|1760446964
|-end|p2a: Kingambit|fallen2|[silent]
|switch|p2a: Clodsire|Clodsire, M|100/100
|move|p1a: Steinbrecher|Close Combat|p2a: Clodsire
|-resisted|p2a: Clodsire
|-damage|p2a: Clodsire|45/100
|-unboost|p1a: Steinbrecher|def|1
|-unboost|p1a: Steinbrecher|spd|1
|
|-damage|p1a: Steinbrecher|89/100 brn|[from] brn
|upkeep
|turn|16
|
|t:|1760446970
|move|p1a: Steinbrecher|Facade|p2a: Clodsire
|-damage|p2a: Clodsire|0 fnt
|faint|p2a: Clodsire
|
|-damage|p1a: Steinbrecher|83/100 brn|[from] brn
|upkeep
|
|t:|1760446975
|switch|p2a: Ogerpon|Ogerpon, F|27/100
|turn|17
|
|t:|1760446977
|move|p1a: Steinbrecher|Mach Punch|p2a: Ogerpon
|-damage|p2a: Ogerpon|0 fnt
|faint|p2a: Ogerpon
|
|-damage|p1a: Steinbrecher|77/100 brn|[from] brn
|upkeep
|
|t:|1760446981
|switch|p2a: Raging Bolt|Raging Bolt|92/100
|turn|18
|
|t:|1760446987
|switch|p1a: SteinBahn|Tyranitar, M, shiny|88/100
|-damage|p1a: SteinBahn|76/100|[from] Stealth Rock
|-weather|Sandstorm|[from] ability: Sand Stream|[of] p1a: SteinBahn
|move|p2a: Raging Bolt|Thunderclap||[still]
|-fail|p2a: Raging Bolt
|
|-weather|Sandstorm|[upkeep]
|-damage|p2a: Raging Bolt|86/100|[from] Sandstorm
|-heal|p2a: Raging Bolt|92/100|[from] item: Leftovers
|upkeep
|turn|19
|
|t:|1760446995
|-end|p2a: Raging Bolt|Protosynthesis|[silent]
|switch|p2a: Kingambit|Kingambit, F|100/100
|-activate|p2a: Kingambit|ability: Supreme Overlord
|-start|p2a: Kingambit|fallen4|[silent]
|move|p1a: SteinBahn|Earthquake|p2a: Kingambit
|-supereffective|p2a: Kingambit
|-damage|p2a: Kingambit|59/100
|
|-weather|Sandstorm|[upkeep]
|-heal|p2a: Kingambit|65/100|[from] item: Leftovers
|upkeep
|turn|20
|
|t:|1760446998
|move|p1a: SteinBahn|Earthquake|p2a: Kingambit
|-supereffective|p2a: Kingambit
|-damage|p2a: Kingambit|22/100
|move|p2a: Kingambit|Iron Head|p1a: SteinBahn
|-supereffective|p1a: SteinBahn
|-damage|p1a: SteinBahn|0 fnt
|faint|p1a: SteinBahn
|
|-weather|Sandstorm|[upkeep]
|-heal|p2a: Kingambit|28/100|[from] item: Leftovers
|upkeep
|
|t:|1760447003
|switch|p1a: I U-turn on U|Cinderace, M|100/100
|turn|21
|
|t:|1760447007
|move|p1a: I U-turn on U|Pyro Ball|p2a: Kingambit
|-supereffective|p2a: Kingambit
|-damage|p2a: Kingambit|0 fnt
|faint|p2a: Kingambit
|-end|p2a: Kingambit|fallen4|[silent]
|
|-weather|Sandstorm|[upkeep]
|-damage|p1a: I U-turn on U|95/100|[from] Sandstorm
|upkeep
|
|t:|1760447008
|switch|p2a: Raging Bolt|Raging Bolt|92/100
|turn|22
|
|t:|1760447010
|move|p1a: I U-turn on U|Sucker Punch||[still]
|-fail|p1a: I U-turn on U
|move|p2a: Raging Bolt|Calm Mind|p2a: Raging Bolt
|-boost|p2a: Raging Bolt|spa|1
|-boost|p2a: Raging Bolt|spd|1
|
|-weather|none
|-heal|p2a: Raging Bolt|98/100|[from] item: Leftovers
|upkeep
|turn|23
|
|t:|1760447013
|move|p1a: I U-turn on U|U-turn|p2a: Raging Bolt
|-start|p1a: I U-turn on U|typechange|Bug|[from] ability: Libero
|-damage|p2a: Raging Bolt|78/100
|
|t:|1760447015
|switch|p1a: God is always good|Landorus-Therian, M|22/100|[from] U-turn
|-damage|p1a: God is always good|10/100|[from] Stealth Rock
|-ability|p1a: God is always good|Intimidate|boost
|-unboost|p2a: Raging Bolt|atk|1
|move|p2a: Raging Bolt|Calm Mind|p2a: Raging Bolt
|-boost|p2a: Raging Bolt|spa|1
|-boost|p2a: Raging Bolt|spd|1
|
|-heal|p2a: Raging Bolt|84/100|[from] item: Leftovers
|upkeep
|turn|24
|
|t:|1760447019
|-terastallize|p2a: Raging Bolt|Bug
|move|p1a: God is always good|Earthquake|p2a: Raging Bolt
|-resisted|p2a: Raging Bolt
|-damage|p2a: Raging Bolt|66/100
|move|p2a: Raging Bolt|Calm Mind|p2a: Raging Bolt
|-boost|p2a: Raging Bolt|spa|1
|-boost|p2a: Raging Bolt|spd|1
|
|-heal|p2a: Raging Bolt|72/100|[from] item: Leftovers
|upkeep
|turn|25
|
|t:|1760447027
|switch|p1a: Perhapps|Dragapult, F, shiny|70/100
|-damage|p1a: Perhapps|58/100|[from] Stealth Rock
|move|p2a: Raging Bolt|Calm Mind|p2a: Raging Bolt
|-boost|p2a: Raging Bolt|spa|1
|-boost|p2a: Raging Bolt|spd|1
|
|-heal|p2a: Raging Bolt|79/100|[from] item: Leftovers
|upkeep
|turn|26
|
|t:|1760447031
|move|p1a: Perhapps|Draco Meteor|p2a: Raging Bolt
|-damage|p2a: Raging Bolt|53/100
|-unboost|p1a: Perhapps|spa|2
|move|p2a: Raging Bolt|Dragon Pulse|p1a: Perhapps
|-supereffective|p1a: Perhapps
|-damage|p1a: Perhapps|0 fnt
|faint|p1a: Perhapps
|
|-heal|p2a: Raging Bolt|60/100|[from] item: Leftovers
|upkeep
|c|☆pepinoloko|gg
|-message|pepinoloko forfeited.
|
|win|clodsirebiggestfan
|raw|pepinoloko's rating: 1669 &rarr; <strong>1651</strong><br />(-18 for losing)
|raw|clodsirebiggestfan's rating: 1705 &rarr; <strong>1723</strong><br />(+18 for winning)
|l|☆pepinoloko
|player|p1|
|l|☆clodsirebiggestfan
|player|p2|
