|j|☆mestesso0
|j|☆esekmangal
|t:|1760349087
|gametype|singles
|player|p1|mestesso0|101|1219
|player|p2|esekmangal|flannery|1083
|gen|9
|tier|[Gen 9] OU
|rated|
|rule|HP Percentage Mod: HP is shown in percentages
|rule|Endless Battle Clause: Forcing endless battles is banned
|rule|Species Clause: Limit one of each Pokémon
|rule|OHKO Clause: OHKO moves are banned
|rule|Evasion Items Clause: Evasion items are banned
|rule|Evasion Moves Clause: Evasion moves are banned
|rule|Evasion Abilities Clause: Evasion abilities are banned
|rule|Sleep Moves Clause: Sleep-inducing moves are banned
|clearpoke
|poke|p1|Darkrai|
|poke|p1|Gliscor, M|
|poke|p1|Clodsire, F|
|poke|p1|Garganacl, M|
|poke|p1|Dragapult, F|
|poke|p1|Slowking-Galar, M|
|poke|p2|Arcanine-Hisui, M|
|poke|p2|Ogerpon-Wellspring, F|
|poke|p2|Clodsire, F|
|poke|p2|Skarmory, F|
|poke|p2|Hatterene, F|
|poke|p2|Darkrai|
|teampreview
|inactive|Battle timer is ON: inactive players will automatically lose when time's up. (requested by mestesso0)
|inactive|mestesso0 has 120 seconds left.
|
|t:|1760349138
|teamsize|p1|6
|teamsize|p2|6
|start
|switch|p1a: Gliscor|Gliscor, M|100/100
|switch|p2a: Darkrai|Darkrai|100/100
|turn|1
|
|t:|1760349162
|switch|p1a: Garganacl|Garganacl, M|100/100
|move|p2a: Darkrai|Will-O-Wisp|p1a: Garganacl
|-immune|p1a: Garganacl|[from] ability: Purifying Salt
|
|upkeep
|turn|2
|
|t:|1760349176
|switch|p2a: Ogerpon|Ogerpon-Wellspring, F|100/100
|move|p1a: Garganacl|Salt Cure|p2a: Ogerpon
|-damage|p2a: Ogerpon|81/100
|-start|p2a: Ogerpon|Salt Cure
|
|-damage|p2a: Ogerpon|56/100|[from] Salt Cure
|upkeep
|turn|3
|
|t:|1760349191
|switch|p1a: Clodsire|Clodsire, F|100/100
|move|p2a: Ogerpon|Swords Dance|p2a: Ogerpon
|-boost|p2a: Ogerpon|atk|2
|
|-damage|p2a: Ogerpon|31/100|[from] Salt Cure
|upkeep
|turn|4
|
|t:|1760349208
|switch|p1a: Gliscor|Gliscor, M|100/100
|move|p2a: Ogerpon|Horn Leech|p1a: Gliscor
|-damage|p1a: Gliscor|49/100
|-heal|p2a: Ogerpon|62/100|[from] drain|[of] p1a: Gliscor
|
|-damage|p2a: Ogerpon|37/100|[from] Salt Cure
|-status|p1a: Gliscor|tox|[from] item: Toxic Orb
|upkeep
|turn|5
|
|t:|1760349221
|move|p1a: Gliscor|Protect|p1a: Gliscor
|-singleturn|p1a: Gliscor|Protect
|move|p2a: Ogerpon|Horn Leech|p1a: Gliscor
|-activate|p1a: Gliscor|move: Protect
|
|-heal|p1a: Gliscor|62/100 tox|[from] ability: Poison Heal
|-damage|p2a: Ogerpon|12/100|[from] Salt Cure
|upkeep
|turn|6
|inactive|mestesso0 has 120 seconds left.
|inactive|mestesso0 has 90 seconds left.
|
|t:|1760349285
|move|p2a: Ogerpon|Horn Leech|p1a: Gliscor
|-damage|p1a: Gliscor|12/100 tox
|-heal|p2a: Ogerpon|41/100|[from] drain|[of] p1a: Gliscor
|move|p1a: Gliscor|Spikes|p2a: Ogerpon
|-sidestart|p2: esekmangal|Spikes
|
|-heal|p1a: Gliscor|24/100 tox|[from] ability: Poison Heal
|-damage|p2a: Ogerpon|16/100|[from] Salt Cure
|upkeep
|turn|7
|inactive|mestesso0 has 90 seconds left.
|
|t:|1760349294
|move|p1a: Gliscor|Protect|p1a: Gliscor
|-singleturn|p1a: Gliscor|Protect
|move|p2a: Ogerpon|Swords Dance|p2a: Ogerpon
|-boost|p2a: Ogerpon|atk|2
|
|-heal|p1a: Gliscor|36/100 tox|[from] ability: Poison Heal
|-damage|p2a: Ogerpon|0 fnt|[from] Salt Cure
|faint|p2a: Ogerpon
|upkeep
|
|t:|1760349301
|switch|p2a: Darkrai|Darkrai|100/100
|-damage|p2a: Darkrai|88/100|[from] Spikes
|turn|8
|inactive|mestesso0 has 90 seconds left.
|
|t:|1760349317
|switch|p1a: Garganacl|Garganacl, M|100/100
|move|p2a: Darkrai|Nasty Plot|p2a: Darkrai
|-boost|p2a: Darkrai|spa|2
|
|-heal|p2a: Darkrai|94/100|[from] item: Leftovers
|upkeep
|turn|9
|
|t:|1760349323
|move|p2a: Darkrai|Nasty Plot|p2a: Darkrai
|-boost|p2a: Darkrai|spa|2
|move|p1a: Garganacl|Salt Cure|p2a: Darkrai
|-damage|p2a: Darkrai|78/100
|-start|p2a: Darkrai|Salt Cure
|
|-heal|p2a: Darkrai|85/100|[from] item: Leftovers
|-damage|p2a: Darkrai|72/100|[from] Salt Cure
|upkeep
|turn|10
|inactive|mestesso0 has 90 seconds left.
|
|t:|1760349355
|switch|p1a: Slowking|Slowking-Galar, M|100/100
|move|p2a: Darkrai|Dark Pulse|p1a: Slowking
|-supereffective|p1a: Slowking
|-damage|p1a: Slowking|0 fnt
|faint|p1a: Slowking
|
|-heal|p2a: Darkrai|78/100|[from] item: Leftovers
|-damage|p2a: Darkrai|66/100|[from] Salt Cure
|upkeep
|inactive|mestesso0 has 60 seconds left.
|
|t:|1760349379
|switch|p1a: Dragapult|Dragapult, F|100/100
|turn|11
|
|t:|1760349386
|move|p2a: Darkrai|Dark Pulse|p1a: Dragapult
|-supereffective|p1a: Dragapult
|-damage|p1a: Dragapult|0 fnt
|faint|p1a: Dragapult
|
|-heal|p2a: Darkrai|72/100|[from] item: Leftovers
|-damage|p2a: Darkrai|59/100|[from] Salt Cure
|upkeep
|
|t:|1760349389
|switch|p1a: Darkrai|Darkrai|100/100
|turn|12
|
|t:|1760349401
|move|p1a: Darkrai|Sludge Bomb|p2a: Darkrai
|-damage|p2a: Darkrai|24/100
|move|p2a: Darkrai|Ice Beam|p1a: Darkrai
|-damage|p1a: Darkrai|0 fnt
|faint|p1a: Darkrai
|
|-heal|p2a: Darkrai|30/100|[from] item: Leftovers
|-damage|p2a: Darkrai|18/100|[from] Salt Cure
|upkeep
|
|t:|1760349411
|switch|p1a: Gliscor|Gliscor, M|36/100 tox
|turn|13
|
|t:|1760349423
|move|p1a: Gliscor|Protect|p1a: Gliscor
|-singleturn|p1a: Gliscor|Protect
|move|p2a: Darkrai|Dark Pulse|p1a: Gliscor
|-activate|p1a: Gliscor|move: Protect
|
|-heal|p2a: Darkrai|24/100|[from] item: Leftovers
|-heal|p1a: Gliscor|49/100 tox|[from] ability: Poison Heal
|-damage|p2a: Darkrai|12/100|[from] Salt Cure
|upkeep
|turn|14
|
|t:|1760349444
|switch|p1a: Clodsire|Clodsire, F|100/100
|move|p2a: Darkrai|Dark Pulse|p1a: Clodsire
|-damage|p1a: Clodsire|44/100
|
|-heal|p2a: Darkrai|18/100|[from] item: Leftovers
|-damage|p2a: Darkrai|5/100|[from] Salt Cure
|upkeep
|turn|15
|
|t:|1760349460
|move|p2a: Darkrai|Dark Pulse|p1a: Clodsire
|-damage|p1a: Clodsire|0 fnt
|faint|p1a: Clodsire
|
|-heal|p2a: Darkrai|11/100|[from] item: Leftovers
|-damage|p2a: Darkrai|0 fnt|[from] Salt Cure
|faint|p2a: Darkrai
|upkeep
|
|t:|1760349481
|switch|p2a: Arcanine|Arcanine-Hisui, M|100/100
|switch|p1a: Gliscor|Gliscor, M|49/100 tox
|-damage|p2a: Arcanine|88/100|[from] Spikes
|turn|16
|
|t:|1760349491
|-terastallize|p2a: Arcanine|Rock
|move|p1a: Gliscor|Protect|p1a: Gliscor
|-singleturn|p1a: Gliscor|Protect
|move|p2a: Arcanine|Head Smash|p1a: Gliscor
|-activate|p1a: Gliscor|move: Protect
|
|-heal|p1a: Gliscor|61/100 tox|[from] ability: Poison Heal
|upkeep
|turn|17
|inactive|mestesso0 has 60 seconds left.
|
|t:|1760349531
|move|p2a: Arcanine|Head Smash|p1a: Gliscor
|-damage|p1a: Gliscor|0 fnt
|faint|p1a: Gliscor
|
|upkeep
|
|t:|1760349535
|switch|p1a: Garganacl|Garganacl, M|100/100
|turn|18
|
|t:|1760349540
|move|p2a: Arcanine|Head Smash|p1a: Garganacl
|-damage|p1a: Garganacl|29/100
|move|p1a: Garganacl|Salt Cure|p2a: Arcanine
|-damage|p2a: Arcanine|70/100
|-start|p2a: Arcanine|Salt Cure
|
|-damage|p2a: Arcanine|58/100|[from] Salt Cure
|upkeep
|turn|19
|inactive|mestesso0 has 60 seconds left.
|
|t:|1760349551
|move|p2a: Arcanine|Head Smash|p1a: Garganacl
|-damage|p1a: Garganacl|0 fnt
|faint|p1a: Garganacl
|
|win|esekmangal
|raw|mestesso0's rating: 1219 &rarr; <strong>1186</strong><br />(-33 for losing)
|raw|esekmangal's rating: 1108 &rarr; <strong>1141</strong><br />(+33 for winning)
|l|☆mestesso0
|player|p1|
