|j|☆drop a baby
|j|☆NguyenKhoaPRO
|t:|1760447809
|gametype|singles
|player|p1|drop a baby|chase|1788
|player|p2|NguyenKhoaPRO|blue|1744
|gen|9
|tier|[Gen 9] OU
|rated|
|rule|HP Percentage Mod: HP is shown in percentages
|rule|Endless Battle Clause: Forcing endless battles is banned
|rule|Species Clause: Limit one of each Pokémon
|rule|OHKO Clause: OHKO moves are banned
|rule|Evasion Items Clause: Evasion items are banned
|rule|Evasion Moves Clause: Evasion moves are banned
|rule|Evasion Abilities Clause: Evasion abilities are banned
|rule|Sleep Moves Clause: Sleep-inducing moves are banned
|clearpoke
|poke|p1|Iron Moth|
|poke|p1|Kingambit, M|
|poke|p1|Dragonite, M|
|poke|p1|Ogerpon-Cornerstone, F|
|poke|p1|Iron Valiant|
|poke|p1|Raging Bolt|
|poke|p2|Kingambit, M|
|poke|p2|Rillaboom, M|
|poke|p2|Greninja-*, M|
|poke|p2|Great Tusk|
|poke|p2|Iron Moth|
|poke|p2|Deoxys-Speed|
|teampreview
|inactive|Battle timer is ON: inactive players will automatically lose when time's up. (requested by drop a baby)
|
|t:|1760447821
|teamsize|p1|6
|teamsize|p2|6
|start
|switch|p1a: Iron Valiant|Iron Valiant|100/100
|switch|p2a: MOEBIUS|Deoxys-Speed|100/100
|-ability|p2a: MOEBIUS|Pressure
|-enditem|p1a: Iron Valiant|Booster Energy
|-activate|p1a: Iron Valiant|ability: Quark Drive|[fromitem]
|-start|p1a: Iron Valiant|quarkdrivespe
|turn|1
|j| Samurajen
|
|t:|1760447834
|switch|p2a: ALUCARD|Iron Moth|100/100
|-enditem|p2a: ALUCARD|Booster Energy
|-activate|p2a: ALUCARD|ability: Quark Drive|[fromitem]
|-start|p2a: ALUCARD|quarkdrivespe
|move|p1a: Iron Valiant|Knock Off|p2a: ALUCARD
|-damage|p2a: ALUCARD|65/100
|
|upkeep
|turn|2
|
|t:|1760447840
|move|p1a: Iron Valiant|Swords Dance|p1a: Iron Valiant
|-boost|p1a: Iron Valiant|atk|2
|move|p2a: ALUCARD|Fiery Dance|p1a: Iron Valiant
|-damage|p1a: Iron Valiant|29/100
|
|upkeep
|turn|3
|
|t:|1760447846
|move|p1a: Iron Valiant|Close Combat|p2a: ALUCARD
|-resisted|p2a: ALUCARD
|-damage|p2a: ALUCARD|0 fnt
|-unboost|p1a: Iron Valiant|def|1
|-unboost|p1a: Iron Valiant|spd|1
|faint|p2a: ALUCARD
|-end|p2a: ALUCARD|Quark Drive|[silent]
|
|upkeep
|
|t:|1760447855
|switch|p2a: KILLABOOM|Rillaboom, M|100/100
|-fieldstart|move: Grassy Terrain|[from] ability: Grassy Surge|[of] p2a: KILLABOOM
|turn|4
|
|t:|1760447860
|-end|p1a: Iron Valiant|Quark Drive|[silent]
|switch|p1a: Iron Moth|Iron Moth|100/100
|-enditem|p1a: Iron Moth|Booster Energy
|-activate|p1a: Iron Moth|ability: Quark Drive|[fromitem]
|-start|p1a: Iron Moth|quarkdrivespe
|move|p2a: KILLABOOM|Grassy Glide|p1a: Iron Moth
|-resisted|p1a: Iron Moth
|-damage|p1a: Iron Moth|80/100
|
|-heal|p1a: Iron Moth|86/100|[from] Grassy Terrain
|upkeep
|turn|5
|j| Raizoeu1
|
|t:|1760447876
|switch|p2a: VAN AUGUR|Greninja, M|100/100
|move|p1a: Iron Moth|Fiery Dance|p2a: VAN AUGUR
|-resisted|p2a: VAN AUGUR
|-damage|p2a: VAN AUGUR|71/100
|-boost|p1a: Iron Moth|spa|1
|
|-heal|p1a: Iron Moth|92/100|[from] Grassy Terrain
|-heal|p2a: VAN AUGUR|77/100|[from] Grassy Terrain
|upkeep
|turn|6
|
|t:|1760447883
|-terastallize|p2a: VAN AUGUR|Poison
|move|p1a: Iron Moth|Energy Ball|p2a: VAN AUGUR
|-resisted|p2a: VAN AUGUR
|-damage|p2a: VAN AUGUR|28/100
|move|p2a: VAN AUGUR|Hydro Pump|p1a: Iron Moth|[miss]
|-miss|p2a: VAN AUGUR|p1a: Iron Moth
|
|-heal|p1a: Iron Moth|98/100|[from] Grassy Terrain
|-heal|p2a: VAN AUGUR|34/100|[from] Grassy Terrain
|upkeep
|turn|7
|c|☆NguyenKhoaPRO|bruh
|
|t:|1760447896
|move|p1a: Iron Moth|Fiery Dance|p2a: VAN AUGUR
|-damage|p2a: VAN AUGUR|0 fnt
|-boost|p1a: Iron Moth|spa|1
|faint|p2a: VAN AUGUR
|
|-heal|p1a: Iron Moth|100/100|[from] Grassy Terrain
|upkeep
|-message|NguyenKhoaPRO forfeited.
|
|win|drop a baby
|raw|drop a baby's rating: 1788 &rarr; <strong>1805</strong><br />(+17 for winning)
|raw|NguyenKhoaPRO's rating: 1744 &rarr; <strong>1727</strong><br />(-17 for losing)
|l|☆NguyenKhoaPRO
|player|p2|
|l|☆drop a baby
|player|p1|
