|j|☆Vyntrius
|j|☆Toxic Smite
|t:|1760317152
|gametype|singles
|player|p1|Vyntrius|acetrainer-gen4|1095
|player|p2|Toxic Smite|gambler|1158
|gen|9
|tier|[Gen 9] OU
|rated|
|rule|HP Percentage Mod: HP is shown in percentages
|rule|Endless Battle Clause: Forcing endless battles is banned
|rule|Species Clause: Limit one of each Pokémon
|rule|OHKO Clause: OHKO moves are banned
|rule|Evasion Items Clause: Evasion items are banned
|rule|Evasion Moves Clause: Evasion moves are banned
|rule|Evasion Abilities Clause: Evasion abilities are banned
|rule|Sleep Moves Clause: Sleep-inducing moves are banned
|clearpoke
|poke|p1|Samurott-Hisui, F|
|poke|p1|Iron Valiant|
|poke|p1|Heatran, F|
|poke|p1|Landorus-Therian, M|
|poke|p1|Raging Bolt|
|poke|p1|Pecharunt|
|poke|p2|Ursaluna, F|
|poke|p2|Zoroark-Hisui, F|
|poke|p2|Pyroar, M|
|poke|p2|Cyclizar, M|
|poke|p2|Blissey, F|
|poke|p2|Staraptor, M|
|teampreview
|
|t:|1760317167
|teamsize|p1|6
|teamsize|p2|6
|start
|switch|p1a: Samurott|Samurott-Hisui, F|100/100
|switch|p2a: Staraptor|Staraptor, M|100/100
|turn|1
|inactive|Battle timer is ON: inactive players will automatically lose when time's up. (requested by Toxic Smite)
|
|t:|1760317182
|move|p2a: Staraptor|U-turn|p1a: Samurott
|-supereffective|p1a: Samurott
|-damage|p1a: Samurott|44/100
|
|t:|1760317210
|switch|p2a: Pyroar|Pyroar, M, shiny|100/100|[from] U-turn
|move|p1a: Samurott|Ceaseless Edge|p2a: Pyroar|[miss]
|-miss|p1a: Samurott|p2a: Pyroar
|
|upkeep
|turn|2
|
|t:|1760317220
|-terastallize|p2a: Pyroar|Grass
|move|p1a: Samurott|Ceaseless Edge|p2a: Pyroar
|-damage|p2a: Pyroar|36/100
|-sidestart|p2: Toxic Smite|Spikes
|move|p2a: Pyroar|Trailblaze|p1a: Samurott
|-supereffective|p1a: Samurott
|-crit|p1a: Samurott
|-damage|p1a: Samurott|0 fnt
|-boost|p2a: Pyroar|spe|1
|faint|p1a: Samurott
|-ability|p2a: Pyroar|Moxie|boost
|-boost|p2a: Pyroar|atk|1
|
|upkeep
|inactive|Vyntrius has 120 seconds left.
|
|t:|1760317257
|switch|p1a: Raging Bolt|Raging Bolt|100/100
|-enditem|p1a: Raging Bolt|Booster Energy
|-activate|p1a: Raging Bolt|ability: Protosynthesis|[fromitem]
|-start|p1a: Raging Bolt|protosynthesisspa
|turn|3
|inactive|Vyntrius has 120 seconds left.
|
|t:|1760317267
|move|p2a: Pyroar|Body Slam|p1a: Raging Bolt
|-damage|p1a: Raging Bolt|70/100
|move|p1a: Raging Bolt|Calm Mind|p1a: Raging Bolt
|-boost|p1a: Raging Bolt|spa|1
|-boost|p1a: Raging Bolt|spd|1
|
|upkeep
|turn|4
|
|t:|1760317277
|switch|p2a: Blissey|Blissey, F|100/100
|-damage|p2a: Blissey|88/100|[from] Spikes
|move|p1a: Raging Bolt|Thunderclap||[still]
|-fail|p1a: Raging Bolt
|
|-heal|p2a: Blissey|94/100|[from] item: Leftovers
|upkeep
|turn|5
|
|t:|1760317291
|move|p2a: Blissey|Stealth Rock|p1a: Raging Bolt
|-sidestart|p1: Vyntrius|move: Stealth Rock
|move|p1a: Raging Bolt|Thunderbolt|p2a: Blissey
|-damage|p2a: Blissey|52/100
|
|-heal|p2a: Blissey|58/100|[from] item: Leftovers
|upkeep
|turn|6
|
|t:|1760317302
|move|p2a: Blissey|Seismic Toss|p1a: Raging Bolt
|-damage|p1a: Raging Bolt|48/100
|move|p1a: Raging Bolt|Thunderbolt|p2a: Blissey
|-damage|p2a: Blissey|13/100
|
|-heal|p2a: Blissey|19/100|[from] item: Leftovers
|upkeep
|turn|7
|
|t:|1760317309
|move|p2a: Blissey|Healing Wish|p2a: Blissey
|faint|p2a: Blissey
|move|p1a: Raging Bolt|Thunderbolt|p2: Blissey|[notarget]
|-fail|p1a: Raging Bolt
|
|upkeep
|
|t:|1760317313
|switch|p2a: Pyroar|Pyroar, M, shiny, tera:Grass|36/100
|-heal|p2a: Pyroar|100/100|[from] move: Healing Wish
|-damage|p2a: Pyroar|88/100|[from] Spikes
|turn|8
|
|t:|1760317336
|switch|p2a: Ursaluna|Ursaluna, F, shiny|100/100
|-damage|p2a: Ursaluna|88/100|[from] Spikes
|move|p1a: Raging Bolt|Thunderbolt|p2a: Ursaluna
|-immune|p2a: Ursaluna
|
|-status|p2a: Ursaluna|brn|[from] item: Flame Orb
|upkeep
|turn|9
|
|t:|1760317360
|-end|p1a: Raging Bolt|Protosynthesis|[silent]
|switch|p1a: Landorus|Landorus-Therian, M|100/100
|-damage|p1a: Landorus|88/100|[from] Stealth Rock
|-ability|p1a: Landorus|Intimidate|boost
|-unboost|p2a: Ursaluna|atk|1
|move|p2a: Ursaluna|Facade|p1a: Landorus
|-damage|p1a: Landorus|0 fnt
|faint|p1a: Landorus
|
|-damage|p2a: Ursaluna|82/100 brn|[from] brn
|upkeep
|-message|Vyntrius forfeited.
|
|win|Toxic Smite
|raw|Vyntrius's rating: 1095 &rarr; <strong>1075</strong><br />(-20 for losing)
|raw|Toxic Smite's rating: 1158 &rarr; <strong>1179</strong><br />(+21 for winning)
|l|☆Vyntrius
|player|p1|
|l|☆Toxic Smite
|player|p2|
