|j|☆yanso777
|j|☆shun5412
|t:|1760350165
|gametype|singles
|player|p1|yanso777|101|1239
|player|p2|shun5412|az|1243
|gen|9
|tier|[Gen 9] OU
|rated|
|rule|HP Percentage Mod: HP is shown in percentages
|rule|Endless Battle Clause: Forcing endless battles is banned
|rule|Species Clause: Limit one of each Pokémon
|rule|OHKO Clause: OHKO moves are banned
|rule|Evasion Items Clause: Evasion items are banned
|rule|Evasion Moves Clause: Evasion moves are banned
|rule|Evasion Abilities Clause: Evasion abilities are banned
|rule|Sleep Moves Clause: Sleep-inducing moves are banned
|clearpoke
|poke|p1|Moltres|
|poke|p1|Ting-Lu|
|poke|p1|Walking Wake|
|poke|p1|Torkoal, F|
|poke|p1|Leafeon, F|
|poke|p1|Sandy Shocks|
|poke|p2|Glimmora, M|
|poke|p2|Pelipper, M|
|poke|p2|Gholdengo|
|poke|p2|Grimmsnarl, M|
|poke|p2|Garganacl, M|
|poke|p2|Rotom-Mow|
|teampreview
|inactive|Battle timer is ON: inactive players will automatically lose when time's up. (requested by yanso777)
|
|t:|1760350175
|teamsize|p1|6
|teamsize|p2|6
|start
|switch|p1a: Torkoal|Torkoal, F|100/100
|switch|p2a: Rotom|Rotom-Mow|100/100
|-weather|SunnyDay|[from] ability: Drought|[of] p1a: Torkoal
|turn|1
|
|t:|1760350182
|move|p2a: Rotom|Trick|p1a: Torkoal
|-activate|p2a: Rotom|move: Trick|[of] p1a: Torkoal
|-item|p1a: Torkoal|Choice Specs|[from] move: Trick
|-item|p2a: Rotom|Heat Rock|[from] move: Trick
|move|p1a: Torkoal|Stealth Rock|p2a: Rotom
|-sidestart|p2: shun5412|move: Stealth Rock
|
|-weather|SunnyDay|[upkeep]
|upkeep
|turn|2
|
|t:|1760350196
|switch|p1a: Sandy Shocks|Sandy Shocks|100/100
|-item|p1a: Sandy Shocks|Air Balloon
|-activate|p1a: Sandy Shocks|ability: Protosynthesis
|-start|p1a: Sandy Shocks|protosynthesisspe
|move|p2a: Rotom|Leaf Storm|p1a: Sandy Shocks
|-supereffective|p1a: Sandy Shocks
|-damage|p1a: Sandy Shocks|0 fnt
|-unboost|p2a: Rotom|spa|2
|-enditem|p1a: Sandy Shocks|Air Balloon
|faint|p1a: Sandy Shocks
|-end|p1a: Sandy Shocks|Protosynthesis|[silent]
|
|-weather|SunnyDay|[upkeep]
|upkeep
|c|☆yanso777|damn
|
|t:|1760350210
|switch|p1a: Walking Wake|Walking Wake|100/100
|-activate|p1a: Walking Wake|ability: Protosynthesis
|-start|p1a: Walking Wake|protosynthesisspe
|turn|3
|
|t:|1760350215
|switch|p2a: Garganacl|Garganacl, M|100/100
|-damage|p2a: Garganacl|88/100|[from] Stealth Rock
|move|p1a: Walking Wake|Flamethrower|p2a: Garganacl
|-resisted|p2a: Garganacl
|-damage|p2a: Garganacl|73/100
|
|-weather|SunnyDay|[upkeep]
|-heal|p2a: Garganacl|79/100|[from] item: Leftovers
|upkeep
|turn|4
|
|t:|1760350226
|switch|p2a: Rotom|Rotom-Mow|100/100
|-damage|p2a: Rotom|88/100|[from] Stealth Rock
|move|p1a: Walking Wake|Hydro Steam|p2a: Rotom
|-resisted|p2a: Rotom
|-damage|p2a: Rotom|58/100
|
|-weather|SunnyDay|[upkeep]
|upkeep
|turn|5
|
|t:|1760350235
|switch|p2a: Pelipper|Pelipper, M|100/100
|-weather|RainDance|[from] ability: Drizzle|[of] p2a: Pelipper
|-end|p1a: Walking Wake|Protosynthesis
|move|p1a: Walking Wake|Flamethrower|p2a: Pelipper
|-resisted|p2a: Pelipper
|-damage|p2a: Pelipper|92/100
|
|-weather|RainDance|[upkeep]
|upkeep
|turn|6
|
|t:|1760350248
|switch|p2a: Rotom|Rotom-Mow|58/100
|-damage|p2a: Rotom|46/100|[from] Stealth Rock
|move|p1a: Walking Wake|Knock Off|p2a: Rotom
|-damage|p2a: Rotom|29/100
|-enditem|p2a: Rotom|Heat Rock|[from] move: Knock Off|[of] p1a: Walking Wake
|
|-weather|RainDance|[upkeep]
|upkeep
|turn|7
|
|t:|1760350263
|move|p1a: Walking Wake|Flamethrower|p2a: Rotom
|-supereffective|p2a: Rotom
|-damage|p2a: Rotom|0 fnt
|faint|p2a: Rotom
|
|-weather|RainDance|[upkeep]
|upkeep
|
|t:|1760350269
|switch|p2a: Grimmsnarl|Grimmsnarl, M|100/100
|-damage|p2a: Grimmsnarl|88/100|[from] Stealth Rock
|turn|8
|
|t:|1760350277
|-end|p1a: Walking Wake|Protosynthesis|[silent]
|switch|p1a: Ting-Lu|Ting-Lu|100/100
|-ability|p1a: Ting-Lu|Vessel of Ruin
|move|p2a: Grimmsnarl|Spirit Break|p1a: Ting-Lu
|-supereffective|p1a: Ting-Lu
|-damage|p1a: Ting-Lu|67/100
|-unboost|p1a: Ting-Lu|spa|1
|
|-weather|RainDance|[upkeep]
|-heal|p1a: Ting-Lu|73/100|[from] item: Leftovers
|upkeep
|turn|9
|
|t:|1760350288
|switch|p2a: Glimmora|Glimmora, M|100/100
|-damage|p2a: Glimmora|88/100|[from] Stealth Rock
|move|p1a: Ting-Lu|Ruination|p2a: Glimmora
|-damage|p2a: Glimmora|44/100
|
|-weather|none
|-heal|p1a: Ting-Lu|79/100|[from] item: Leftovers
|upkeep
|turn|10
|
|t:|1760350299
|move|p2a: Glimmora|Mortal Spin|p1a: Ting-Lu
|-resisted|p1a: Ting-Lu
|-damage|p1a: Ting-Lu|77/100
|-status|p1a: Ting-Lu|psn
|-sideend|p2: shun5412|Stealth Rock|[from] move: Mortal Spin|[of] p2a: Glimmora
|move|p1a: Ting-Lu|Earthquake|p2a: Glimmora
|-supereffective|p2a: Glimmora
|-damage|p2a: Glimmora|0 fnt
|-activate|p2a: Glimmora|ability: Toxic Debris
|-sidestart|p1: yanso777|move: Toxic Spikes
|faint|p2a: Glimmora
|
|-heal|p1a: Ting-Lu|84/100 psn|[from] item: Leftovers
|-damage|p1a: Ting-Lu|71/100 psn|[from] psn
|upkeep
|
|t:|1760350314
|switch|p2a: Gholdengo|Gholdengo|100/100
|-item|p2a: Gholdengo|Air Balloon
|turn|11
|
|t:|1760350330
|move|p2a: Gholdengo|Nasty Plot|p2a: Gholdengo
|-boost|p2a: Gholdengo|spa|2
|move|p1a: Ting-Lu|Ruination|p2a: Gholdengo
|-damage|p2a: Gholdengo|50/100
|-enditem|p2a: Gholdengo|Air Balloon
|
|-heal|p1a: Ting-Lu|77/100 psn|[from] item: Leftovers
|-damage|p1a: Ting-Lu|65/100 psn|[from] psn
|upkeep
|turn|12
|
|t:|1760350341
|move|p2a: Gholdengo|Make It Rain|p1a: Ting-Lu
|-damage|p1a: Ting-Lu|20/100 psn
|-unboost|p2a: Gholdengo|spa|1
|move|p1a: Ting-Lu|Whirlwind|p2a: Gholdengo
|-immune|p2a: Gholdengo|[from] ability: Good as Gold
|
|-heal|p1a: Ting-Lu|26/100 psn|[from] item: Leftovers
|-damage|p1a: Ting-Lu|14/100 psn|[from] psn
|upkeep
|turn|13
|
|t:|1760350352
|move|p2a: Gholdengo|Shadow Ball|p1a: Ting-Lu
|-resisted|p1a: Ting-Lu
|-damage|p1a: Ting-Lu|3/100 psn
|-unboost|p1a: Ting-Lu|spd|1
|move|p1a: Ting-Lu|Earthquake|p2a: Gholdengo
|-supereffective|p2a: Gholdengo
|-damage|p2a: Gholdengo|0 fnt
|faint|p2a: Gholdengo
|
|-heal|p1a: Ting-Lu|9/100 psn|[from] item: Leftovers
|-damage|p1a: Ting-Lu|0 fnt|[from] psn
|faint|p1a: Ting-Lu
|upkeep
|
|t:|1760350368
|switch|p2a: Grimmsnarl|Grimmsnarl, M|88/100
|switch|p1a: Torkoal|Torkoal, F|100/100
|-status|p1a: Torkoal|psn
|-weather|SunnyDay|[from] ability: Drought|[of] p1a: Torkoal
|turn|14
|
|t:|1760350381
|move|p2a: Grimmsnarl|Parting Shot|p1a: Torkoal
|-unboost|p1a: Torkoal|atk|1
|-unboost|p1a: Torkoal|spa|1
|
|t:|1760350385
|switch|p2a: Garganacl|Garganacl, M|79/100|[from] Parting Shot
|move|p1a: Torkoal|Stealth Rock|p2a: Garganacl
|-sidestart|p2: shun5412|move: Stealth Rock
|
|-weather|SunnyDay|[upkeep]
|-heal|p2a: Garganacl|85/100|[from] item: Leftovers
|-damage|p1a: Torkoal|88/100 psn|[from] psn
|upkeep
|turn|15
|
|t:|1760350394
|switch|p1a: Walking Wake|Walking Wake|100/100
|-activate|p1a: Walking Wake|ability: Protosynthesis
|-start|p1a: Walking Wake|protosynthesisspe
|move|p2a: Garganacl|Salt Cure|p1a: Walking Wake
|-damage|p1a: Walking Wake|86/100
|-start|p1a: Walking Wake|Salt Cure
|
|-weather|SunnyDay|[upkeep]
|-heal|p2a: Garganacl|91/100|[from] item: Leftovers
|-damage|p1a: Walking Wake|61/100|[from] Salt Cure
|upkeep
|turn|16
|
|t:|1760350405
|move|p2a: Garganacl|Protect|p2a: Garganacl
|-singleturn|p2a: Garganacl|Protect
|move|p1a: Walking Wake|Hydro Steam|p2a: Garganacl
|-activate|p2a: Garganacl|move: Protect
|
|-weather|SunnyDay|[upkeep]
|-heal|p2a: Garganacl|98/100|[from] item: Leftovers
|-damage|p1a: Walking Wake|36/100|[from] Salt Cure
|upkeep
|turn|17
|
|t:|1760350415
|switch|p2a: Pelipper|Pelipper, M|92/100
|-weather|RainDance|[from] ability: Drizzle|[of] p2a: Pelipper
|-end|p1a: Walking Wake|Protosynthesis
|move|p1a: Walking Wake|Hydro Steam|p2a: Pelipper
|-resisted|p2a: Pelipper
|-damage|p2a: Pelipper|64/100
|
|-weather|RainDance|[upkeep]
|-damage|p1a: Walking Wake|12/100|[from] Salt Cure
|upkeep
|turn|18
|
|t:|1760350427
|move|p1a: Walking Wake|Draco Meteor|p2a: Pelipper|[miss]
|-miss|p1a: Walking Wake|p2a: Pelipper
|move|p2a: Pelipper|Hurricane|p1a: Walking Wake
|-damage|p1a: Walking Wake|0 fnt
|faint|p1a: Walking Wake
|-end|p1a: Walking Wake|Protosynthesis|[silent]
|
|-weather|RainDance|[upkeep]
|upkeep
|c|☆yanso777|......
|
|t:|1760350437
|switch|p1a: Moltres|Moltres|100/100
|turn|19
|
|t:|1760350442
|move|p2a: Pelipper|Tailwind|p2a: Pelipper
|-sidestart|p2: shun5412|move: Tailwind
|move|p1a: Moltres|Roar|p2a: Pelipper
|drag|p2a: Grimmsnarl|Grimmsnarl, M|88/100
|-damage|p2a: Grimmsnarl|76/100|[from] Stealth Rock
|
|-weather|RainDance|[upkeep]
|upkeep
|turn|20
|
|t:|1760350450
|move|p2a: Grimmsnarl|Parting Shot|p1a: Moltres
|-unboost|p1a: Moltres|atk|1
|-unboost|p1a: Moltres|spa|1
|
|t:|1760350454
|switch|p2a: Garganacl|Garganacl, M|98/100|[from] Parting Shot
|-damage|p2a: Garganacl|85/100|[from] Stealth Rock
|move|p1a: Moltres|Flamethrower|p2a: Garganacl
|-resisted|p2a: Garganacl
|-damage|p2a: Garganacl|81/100
|
|-weather|RainDance|[upkeep]
|-heal|p2a: Garganacl|87/100|[from] item: Leftovers
|upkeep
|turn|21
|
|t:|1760350464
|move|p2a: Garganacl|Salt Cure|p1a: Moltres
|-supereffective|p1a: Moltres
|-damage|p1a: Moltres|62/100
|-start|p1a: Moltres|Salt Cure
|move|p1a: Moltres|Roar|p2a: Garganacl
|drag|p2a: Pelipper|Pelipper, M|64/100
|
|-weather|none
|-damage|p1a: Moltres|50/100|[from] Salt Cure
|upkeep
|turn|22
|
|t:|1760350474
|switch|p1a: Torkoal|Torkoal, F|88/100 psn
|-weather|SunnyDay|[from] ability: Drought|[of] p1a: Torkoal
|move|p2a: Pelipper|Ice Beam|p1a: Torkoal
|-resisted|p1a: Torkoal
|-damage|p1a: Torkoal|79/100 psn
|
|-weather|SunnyDay|[upkeep]
|-damage|p1a: Torkoal|66/100 psn|[from] psn
|-sideend|p2: shun5412|move: Tailwind
|upkeep
|turn|23
|
|t:|1760350485
|switch|p2a: Garganacl|Garganacl, M|87/100
|-damage|p2a: Garganacl|75/100|[from] Stealth Rock
|move|p1a: Torkoal|Rapid Spin|p2a: Garganacl
|-resisted|p2a: Garganacl
|-damage|p2a: Garganacl|72/100
|-boost|p1a: Torkoal|spe|1
|-sideend|p1: yanso777|Toxic Spikes|[from] move: Rapid Spin|[of] p1a: Torkoal
|
|-weather|SunnyDay|[upkeep]
|-heal|p2a: Garganacl|78/100|[from] item: Leftovers
|-damage|p1a: Torkoal|54/100 psn|[from] psn
|upkeep
|turn|24
|
|t:|1760350496
|switch|p1a: Leafeon|Leafeon, F|100/100
|move|p2a: Garganacl|Salt Cure|p1a: Leafeon
|-damage|p1a: Leafeon|87/100
|-start|p1a: Leafeon|Salt Cure
|
|-weather|SunnyDay|[upkeep]
|-heal|p2a: Garganacl|84/100|[from] item: Leftovers
|-damage|p1a: Leafeon|74/100|[from] Salt Cure
|upkeep
|turn|25
|
|t:|1760350508
|-terastallize|p2a: Garganacl|Ghost
|move|p1a: Leafeon|Swords Dance|p1a: Leafeon
|-boost|p1a: Leafeon|atk|2
|move|p2a: Garganacl|Body Press|p1a: Leafeon
|-damage|p1a: Leafeon|51/100
|
|-weather|SunnyDay|[upkeep]
|-heal|p2a: Garganacl|90/100|[from] item: Leftovers
|-damage|p1a: Leafeon|38/100|[from] Salt Cure
|upkeep
|turn|26
|
|t:|1760350519
|move|p1a: Leafeon|Knock Off|p2a: Garganacl
|-supereffective|p2a: Garganacl
|-damage|p2a: Garganacl|1/100
|-enditem|p2a: Garganacl|Leftovers|[from] move: Knock Off|[of] p1a: Leafeon
|move|p2a: Garganacl|Body Press|p1a: Leafeon
|-damage|p1a: Leafeon|13/100
|
|-weather|none
|-damage|p1a: Leafeon|1/100|[from] Salt Cure
|upkeep
|turn|27
|
|t:|1760350531
|switch|p1a: Moltres|Moltres|50/100
|move|p2a: Garganacl|Protect||[still]
|-fail|p2a: Garganacl
|
|upkeep
|turn|28
|
|t:|1760350537
|move|p1a: Moltres|Roost|p1a: Moltres
|-heal|p1a: Moltres|99/100
|-singleturn|p1a: Moltres|move: Roost
|move|p2a: Garganacl|Recover|p2a: Garganacl
|-heal|p2a: Garganacl|51/100
|
|upkeep
|turn|29
|
|t:|1760350546
|move|p2a: Garganacl|Recover|p2a: Garganacl
|-heal|p2a: Garganacl|100/100
|move|p1a: Moltres|Roar|p2a: Garganacl
|drag|p2a: Grimmsnarl|Grimmsnarl, M|76/100
|-damage|p2a: Grimmsnarl|63/100|[from] Stealth Rock
|
|upkeep
|turn|30
|
|t:|1760350554
|move|p2a: Grimmsnarl|Light Screen|p2a: Grimmsnarl
|-sidestart|p2: shun5412|move: Light Screen
|move|p1a: Moltres|U-turn|p2a: Grimmsnarl
|-damage|p2a: Grimmsnarl|50/100
|
|t:|1760350558
|switch|p1a: Torkoal|Torkoal, F|54/100 psn|[from] U-turn
|-weather|SunnyDay|[from] ability: Drought|[of] p1a: Torkoal
|
|-weather|SunnyDay|[upkeep]
|-damage|p1a: Torkoal|42/100 psn|[from] psn
|upkeep
|turn|31
|
|t:|1760350567
|move|p2a: Grimmsnarl|Spirit Break|p1a: Torkoal
|-resisted|p1a: Torkoal
|-damage|p1a: Torkoal|31/100 psn
|-unboost|p1a: Torkoal|spa|1
|move|p1a: Torkoal|Lava Plume|p2a: Grimmsnarl
|-damage|p2a: Grimmsnarl|33/100
|-status|p2a: Grimmsnarl|brn
|
|-weather|SunnyDay|[upkeep]
|-damage|p1a: Torkoal|19/100 psn|[from] psn
|-damage|p2a: Grimmsnarl|27/100 brn|[from] brn
|upkeep
|turn|32
|
|t:|1760350581
|switch|p1a: Moltres|Moltres|99/100
|move|p2a: Grimmsnarl|Parting Shot|p1a: Moltres
|-unboost|p1a: Moltres|atk|1
|-unboost|p1a: Moltres|spa|1
|
|t:|1760350587
|switch|p2a: Garganacl|Garganacl, M, tera:Ghost|100/100|[from] Parting Shot
|-damage|p2a: Garganacl|88/100|[from] Stealth Rock
|
|-weather|SunnyDay|[upkeep]
|upkeep
|turn|33
|
|t:|1760350594
|move|p2a: Garganacl|Salt Cure|p1a: Moltres
|-supereffective|p1a: Moltres
|-damage|p1a: Moltres|64/100
|-start|p1a: Moltres|Salt Cure
|move|p1a: Moltres|Roar|p2a: Garganacl
|drag|p2a: Grimmsnarl|Grimmsnarl, M|27/100 brn
|-damage|p2a: Grimmsnarl|14/100 brn|[from] Stealth Rock
|
|-weather|SunnyDay|[upkeep]
|-damage|p2a: Grimmsnarl|8/100 brn|[from] brn
|-damage|p1a: Moltres|52/100|[from] Salt Cure
|upkeep
|turn|34
|
|t:|1760350605
|move|p2a: Grimmsnarl|Reflect|p2a: Grimmsnarl
|-sidestart|p2: shun5412|Reflect
|move|p1a: Moltres|U-turn|p2a: Grimmsnarl
|-damage|p2a: Grimmsnarl|4/100 brn
|
|t:|1760350611
|switch|p1a: Leafeon|Leafeon, F|1/100|[from] U-turn
|
|-weather|none
|-damage|p2a: Grimmsnarl|0 fnt|[from] brn
|faint|p2a: Grimmsnarl
|upkeep
|
|t:|1760350618
|switch|p2a: Pelipper|Pelipper, M|64/100
|-weather|RainDance|[from] ability: Drizzle|[of] p2a: Pelipper
|turn|35
|
|t:|1760350625
|switch|p1a: Torkoal|Torkoal, F|19/100 psn
|-weather|SunnyDay|[from] ability: Drought|[of] p1a: Torkoal
|move|p2a: Pelipper|Ice Beam|p1a: Torkoal
|-resisted|p1a: Torkoal
|-damage|p1a: Torkoal|10/100 psn
|
|-weather|SunnyDay|[upkeep]
|-damage|p1a: Torkoal|0 fnt|[from] psn
|faint|p1a: Torkoal
|upkeep
|
|t:|1760350631
|switch|p1a: Leafeon|Leafeon, F|1/100
|turn|36
|
|t:|1760350637
|move|p1a: Leafeon|Solar Blade||[still]
|-prepare|p1a: Leafeon|Solar Blade
|-anim|p1a: Leafeon|Solar Blade|p2a: Pelipper
|-damage|p2a: Pelipper|32/100
|move|p2a: Pelipper|Ice Beam|p1a: Leafeon
|-supereffective|p1a: Leafeon
|-damage|p1a: Leafeon|0 fnt
|faint|p1a: Leafeon
|
|-weather|SunnyDay|[upkeep]
|upkeep
|
|t:|1760350640
|switch|p1a: Moltres|Moltres|52/100
|turn|37
|
|t:|1760350649
|switch|p2a: Garganacl|Garganacl, M, tera:Ghost|88/100
|-damage|p2a: Garganacl|76/100|[from] Stealth Rock
|move|p1a: Moltres|Roost|p1a: Moltres
|-heal|p1a: Moltres|100/100
|-singleturn|p1a: Moltres|move: Roost
|
|-weather|SunnyDay|[upkeep]
|-sideend|p2: shun5412|move: Light Screen
|upkeep
|turn|38
|
|t:|1760350658
|move|p2a: Garganacl|Salt Cure|p1a: Moltres
|-supereffective|p1a: Moltres
|-damage|p1a: Moltres|63/100
|-start|p1a: Moltres|Salt Cure
|move|p1a: Moltres|Roar|p2a: Garganacl
|drag|p2a: Pelipper|Pelipper, M|32/100
|-weather|RainDance|[from] ability: Drizzle|[of] p2a: Pelipper
|
|-weather|RainDance|[upkeep]
|-damage|p1a: Moltres|51/100|[from] Salt Cure
|upkeep
|turn|39
|
|t:|1760350668
|move|p1a: Moltres|Flamethrower|p2a: Pelipper
|-resisted|p2a: Pelipper
|-damage|p2a: Pelipper|22/100
|move|p2a: Pelipper|Weather Ball|p1a: Moltres
|-supereffective|p1a: Moltres
|-damage|p1a: Moltres|0 fnt
|faint|p1a: Moltres
|
|win|shun5412
|raw|yanso777's rating: 1239 &rarr; <strong>1214</strong><br />(-25 for losing)
|raw|shun5412's rating: 1243 &rarr; <strong>1268</strong><br />(+25 for winning)
|l|☆yanso777
|player|p1|
|l|☆shun5412
|player|p2|
