|j|☆01NoRu
|j|☆spoons_R_bent
|t:|1760434694
|gametype|singles
|player|p1|01NoRu|dawn|1166
|player|p2|spoons_R_bent|clerkf|1158
|gen|9
|tier|[Gen 9] OU
|rated|
|rule|HP Percentage Mod: HP is shown in percentages
|rule|Endless Battle Clause: Forcing endless battles is banned
|rule|Species Clause: Limit one of each Pokémon
|rule|OHKO Clause: OHKO moves are banned
|rule|Evasion Items Clause: Evasion items are banned
|rule|Evasion Moves Clause: Evasion moves are banned
|rule|Evasion Abilities Clause: Evasion abilities are banned
|rule|Sleep Moves Clause: Sleep-inducing moves are banned
|clearpoke
|poke|p1|Ninetales, M|
|poke|p1|Ceruledge, M|
|poke|p1|Venusaur, F|
|poke|p1|Hatterene, F|
|poke|p1|Great Tusk|
|poke|p1|Walking Wake|
|poke|p2|Ninetales, M|
|poke|p2|Rillaboom, M|
|poke|p2|Leavanny, M|
|poke|p2|Lilligant-Hisui, F|
|poke|p2|Cinderace, F|
|poke|p2|Skeledirge, M|
|teampreview
|
|t:|1760434716
|teamsize|p1|6
|teamsize|p2|6
|start
|switch|p1a: Dubya|Walking Wake|100/100
|switch|p2a: Football Bruv|Cinderace, F|100/100
|turn|1
|
|t:|1760434727
|move|p2a: Football Bruv|U-turn|p1a: Dubya
|-start|p2a: Football Bruv|typechange|Bug|[from] ability: Libero
|-damage|p1a: Dubya|42/100
|
|t:|1760434735
|switch|p2a: Frustrating doggy|Ninetales, M|100/100|[from] U-turn
|-weather|SunnyDay|[from] ability: Drought|[of] p2a: Frustrating doggy
|-activate|p1a: Dubya|ability: Protosynthesis
|-start|p1a: Dubya|protosynthesisspa
|move|p1a: Dubya|Hydro Steam|p2a: Frustrating doggy
|-supereffective|p2a: Frustrating doggy
|-damage|p2a: Frustrating doggy|0 fnt
|faint|p2a: Frustrating doggy
|
|-weather|SunnyDay|[upkeep]
|upkeep
|
|t:|1760434750
|switch|p2a: Leavanny|Leavanny, M|100/100
|turn|2
|inactive|Battle timer is ON: inactive players will automatically lose when time's up. (requested by spoons_R_bent)
|
|t:|1760434779
|-end|p1a: Dubya|Protosynthesis|[silent]
|switch|p1a: Slayboi Carti|Ceruledge, M|100/100
|move|p2a: Leavanny|Leaf Storm|p1a: Slayboi Carti
|-resisted|p1a: Slayboi Carti
|-damage|p1a: Slayboi Carti|71/100
|-unboost|p2a: Leavanny|spa|2
|-enditem|p2a: Leavanny|Eject Pack
|
|t:|1760434790
|switch|p2a: Football Bruv|Cinderace, F|100/100
|
|-weather|SunnyDay|[upkeep]
|upkeep
|turn|3
|
|t:|1760434804
|move|p2a: Football Bruv|Sucker Punch||[still]
|-fail|p2a: Football Bruv
|move|p1a: Slayboi Carti|Swords Dance|p1a: Slayboi Carti
|-boost|p1a: Slayboi Carti|atk|2
|
|-weather|SunnyDay|[upkeep]
|upkeep
|turn|4
|
|t:|1760434815
|switch|p2a: The DIRGE|Skeledirge, M|100/100
|move|p1a: Slayboi Carti|Swords Dance|p1a: Slayboi Carti
|-boost|p1a: Slayboi Carti|atk|2
|
|-weather|SunnyDay|[upkeep]
|upkeep
|turn|5
|
|t:|1760434833
|-terastallize|p2a: The DIRGE|Normal
|move|p1a: Slayboi Carti|Bitter Blade|p2a: The DIRGE
|-damage|p2a: The DIRGE|47/100
|-heal|p1a: Slayboi Carti|100/100|[from] drain|[of] p2a: The DIRGE
|-enditem|p2a: The DIRGE|Sitrus Berry|[eat]
|-heal|p2a: The DIRGE|72/100|[from] item: Sitrus Berry
|move|p2a: The DIRGE|Hex|p1a: Slayboi Carti
|-supereffective|p1a: Slayboi Carti
|-damage|p1a: Slayboi Carti|37/100
|
|-weather|SunnyDay|[upkeep]
|upkeep
|turn|6
|
|t:|1760434858
|move|p1a: Slayboi Carti|Bitter Blade|p2a: The DIRGE
|-damage|p2a: The DIRGE|22/100
|-heal|p1a: Slayboi Carti|67/100|[from] drain|[of] p2a: The DIRGE
|move|p2a: The DIRGE|Alluring Voice|p1a: Slayboi Carti
|-resisted|p1a: Slayboi Carti
|-damage|p1a: Slayboi Carti|54/100
|
|-weather|SunnyDay|[upkeep]
|upkeep
|turn|7
|
|t:|1760434872
|move|p1a: Slayboi Carti|Bitter Blade|p2a: The DIRGE
|-damage|p2a: The DIRGE|0 fnt
|-heal|p1a: Slayboi Carti|66/100|[from] drain|[of] p2a: The DIRGE
|faint|p2a: The DIRGE
|
|-weather|SunnyDay|[upkeep]
|upkeep
|
|t:|1760434882
|switch|p2a: Leavanny|Leavanny, M|100/100
|turn|8
|
|t:|1760434887
|move|p2a: Leavanny|Knock Off|p1a: Slayboi Carti
|-supereffective|p1a: Slayboi Carti
|-damage|p1a: Slayboi Carti|0 fnt
|-enditem|p1a: Slayboi Carti|Focus Sash|[from] move: Knock Off|[of] p2a: Leavanny
|faint|p1a: Slayboi Carti
|
|-weather|none
|upkeep
|
|t:|1760434893
|switch|p1a: Kurama Chakra Mode|Ninetales, M|100/100
|-weather|SunnyDay|[from] ability: Drought|[of] p1a: Kurama Chakra Mode
|turn|9
|
|t:|1760434911
|move|p2a: Leavanny|Knock Off|p1a: Kurama Chakra Mode
|-damage|p1a: Kurama Chakra Mode|66/100
|-enditem|p1a: Kurama Chakra Mode|Heat Rock|[from] move: Knock Off|[of] p2a: Leavanny
|move|p1a: Kurama Chakra Mode|Flamethrower|p2a: Leavanny
|-supereffective|p2a: Leavanny
|-damage|p2a: Leavanny|0 fnt
|faint|p2a: Leavanny
|
|-weather|SunnyDay|[upkeep]
|upkeep
|
|t:|1760434925
|switch|p2a: Football Bruv|Cinderace, F|100/100
|turn|10
|
|t:|1760434930
|move|p2a: Football Bruv|U-turn|p1a: Kurama Chakra Mode
|-start|p2a: Football Bruv|typechange|Bug|[from] ability: Libero
|-resisted|p1a: Kurama Chakra Mode
|-damage|p1a: Kurama Chakra Mode|33/100
|
|t:|1760434936
|switch|p2a: Old Greg|Rillaboom, M|100/100|[from] U-turn
|-fieldstart|move: Grassy Terrain|[from] ability: Grassy Surge|[of] p2a: Old Greg
|move|p1a: Kurama Chakra Mode|Will-O-Wisp|p2a: Old Greg
|-status|p2a: Old Greg|brn
|
|-weather|SunnyDay|[upkeep]
|-heal|p1a: Kurama Chakra Mode|39/100|[from] Grassy Terrain
|-damage|p2a: Old Greg|94/100 brn|[from] brn
|upkeep
|turn|11
|
|t:|1760434952
|switch|p1a: Die w A Smile|Hatterene, F|100/100
|move|p2a: Old Greg|U-turn|p1a: Die w A Smile
|-damage|p1a: Die w A Smile|90/100
|-enditem|p1a: Die w A Smile|Eject Button
|
|t:|1760434960
|switch|p1a: Dubya|Walking Wake|42/100
|-activate|p1a: Dubya|ability: Protosynthesis
|-start|p1a: Dubya|protosynthesisspa
|
|-weather|SunnyDay|[upkeep]
|-heal|p1a: Dubya|48/100|[from] Grassy Terrain
|-heal|p2a: Old Greg|100/100 brn|[from] Grassy Terrain
|-damage|p2a: Old Greg|94/100 brn|[from] brn
|upkeep
|turn|12
|
|t:|1760434976
|move|p2a: Old Greg|Grassy Glide|p1a: Dubya
|-damage|p1a: Dubya|30/100
|move|p1a: Dubya|Flamethrower|p2a: Old Greg
|-supereffective|p2a: Old Greg
|-damage|p2a: Old Greg|0 fnt
|faint|p2a: Old Greg
|
|-weather|SunnyDay|[upkeep]
|-heal|p1a: Dubya|36/100|[from] Grassy Terrain
|upkeep
|
|t:|1760434988
|switch|p2a: Football Bruv|Cinderace, F|100/100
|turn|13
|
|t:|1760434997
|-end|p1a: Dubya|Protosynthesis|[silent]
|switch|p1a: Lynrd Spynrd|Great Tusk|100/100
|-activate|p1a: Lynrd Spynrd|ability: Protosynthesis
|-start|p1a: Lynrd Spynrd|protosynthesisspe
|move|p2a: Football Bruv|Pyro Ball|p1a: Lynrd Spynrd
|-damage|p1a: Lynrd Spynrd|16/100
|
|-weather|SunnyDay|[upkeep]
|-heal|p1a: Lynrd Spynrd|22/100|[from] Grassy Terrain
|upkeep
|turn|14
|
|t:|1760435010
|move|p1a: Lynrd Spynrd|Headlong Rush|p2a: Football Bruv
|-supereffective|p2a: Football Bruv
|-damage|p2a: Football Bruv|0 fnt
|-unboost|p1a: Lynrd Spynrd|def|1
|-unboost|p1a: Lynrd Spynrd|spd|1
|faint|p2a: Football Bruv
|
|-weather|SunnyDay|[upkeep]
|-heal|p1a: Lynrd Spynrd|28/100|[from] Grassy Terrain
|upkeep
|
|t:|1760435020
|switch|p2a: She's Footloose|Lilligant-Hisui, F|100/100
|turn|15
|
|t:|1760435026
|move|p2a: She's Footloose|Victory Dance|p2a: She's Footloose
|-boost|p2a: She's Footloose|atk|1
|-boost|p2a: She's Footloose|def|1
|-boost|p2a: She's Footloose|spe|1
|move|p1a: Lynrd Spynrd|Ice Spinner|p2a: She's Footloose
|-supereffective|p2a: She's Footloose
|-damage|p2a: She's Footloose|63/100
|-fieldend|move: Grassy Terrain
|
|-weather|SunnyDay|[upkeep]
|upkeep
|turn|16
|
|t:|1760435045
|move|p2a: She's Footloose|Victory Dance|p2a: She's Footloose
|-boost|p2a: She's Footloose|atk|1
|-boost|p2a: She's Footloose|def|1
|-boost|p2a: She's Footloose|spe|1
|move|p1a: Lynrd Spynrd|Ice Spinner|p2a: She's Footloose
|-supereffective|p2a: She's Footloose
|-damage|p2a: She's Footloose|37/100
|
|-weather|none
|-end|p1a: Lynrd Spynrd|Protosynthesis
|upkeep
|turn|17
|
|t:|1760435055
|move|p2a: She's Footloose|Victory Dance|p2a: She's Footloose
|-boost|p2a: She's Footloose|atk|1
|-boost|p2a: She's Footloose|def|1
|-boost|p2a: She's Footloose|spe|1
|move|p1a: Lynrd Spynrd|Ice Spinner|p2a: She's Footloose
|-supereffective|p2a: She's Footloose
|-damage|p2a: She's Footloose|15/100
|
|upkeep
|turn|18
|
|t:|1760435063
|move|p2a: She's Footloose|Synthesis|p2a: She's Footloose
|-heal|p2a: She's Footloose|65/100
|move|p1a: Lynrd Spynrd|Ice Spinner|p2a: She's Footloose
|-supereffective|p2a: She's Footloose
|-damage|p2a: She's Footloose|44/100
|
|upkeep
|turn|19
|
|t:|1760435071
|-end|p1a: Lynrd Spynrd|Protosynthesis|[silent]
|switch|p1a: Kurama Chakra Mode|Ninetales, M|39/100
|-weather|SunnyDay|[from] ability: Drought|[of] p1a: Kurama Chakra Mode
|move|p2a: She's Footloose|Victory Dance|p2a: She's Footloose
|-boost|p2a: She's Footloose|atk|1
|-boost|p2a: She's Footloose|def|1
|-boost|p2a: She's Footloose|spe|1
|
|-weather|SunnyDay|[upkeep]
|upkeep
|turn|20
|
|t:|1760435086
|move|p2a: She's Footloose|Close Combat|p1a: Kurama Chakra Mode
|-damage|p1a: Kurama Chakra Mode|0 fnt
|-unboost|p2a: She's Footloose|def|1
|-unboost|p2a: She's Footloose|spd|1
|faint|p1a: Kurama Chakra Mode
|-damage|p2a: She's Footloose|34/100|[from] item: Life Orb
|
|-weather|SunnyDay|[upkeep]
|upkeep
|
|t:|1760435105
|switch|p1a: Die w A Smile|Hatterene, F|90/100
|turn|21
|
|t:|1760435114
|move|p2a: She's Footloose|Synthesis|p2a: She's Footloose
|-heal|p2a: She's Footloose|100/100
|move|p1a: Die w A Smile|Nuzzle|p2a: She's Footloose
|-resisted|p2a: She's Footloose
|-damage|p2a: She's Footloose|99/100
|-status|p2a: She's Footloose|par
|
|-weather|SunnyDay|[upkeep]
|upkeep
|turn|22
|
|t:|1760435127
|cant|p2a: She's Footloose|par
|move|p1a: Die w A Smile|Psychic Noise|p2a: She's Footloose
|-supereffective|p2a: She's Footloose
|-damage|p2a: She's Footloose|0 fnt
|faint|p2a: She's Footloose
|
|win|01NoRu
|raw|01NoRu's rating: 1166 &rarr; <strong>1190</strong><br />(+24 for winning)
|raw|spoons_R_bent's rating: 1158 &rarr; <strong>1134</strong><br />(-24 for losing)
|l|☆01NoRu
|player|p1|
|c|☆spoons_R_bent|Gg
|l|☆spoons_R_bent
|player|p2|
