|j|☆3r34t45
|j|☆Mreda
|t:|1760453730
|gametype|singles
|player|p1|3r34t45|169|1458
|player|p2|Mreda|102|1447
|gen|9
|tier|[Gen 9] OU
|rated|
|rule|HP Percentage Mod: HP is shown in percentages
|rule|Endless Battle Clause: Forcing endless battles is banned
|rule|Species Clause: Limit one of each Pokémon
|rule|OHKO Clause: OHKO moves are banned
|rule|Evasion Items Clause: Evasion items are banned
|rule|Evasion Moves Clause: Evasion moves are banned
|rule|Evasion Abilities Clause: Evasion abilities are banned
|rule|Sleep Moves Clause: Sleep-inducing moves are banned
|clearpoke
|poke|p1|Metagross|
|poke|p1|Slowking-Galar, F|
|poke|p1|Hydrapple, F|
|poke|p1|Rotom-Frost|
|poke|p1|Great Tusk|
|poke|p1|Dragapult, M|
|poke|p2|Moltres|
|poke|p2|Zamazenta-*|
|poke|p2|Corviknight, M|
|poke|p2|Garchomp, M|
|poke|p2|Clodsire, M|
|poke|p2|Kingambit, F|
|teampreview
|inactive|Battle timer is ON: inactive players will automatically lose when time's up. (requested by 3r34t45)
|
|t:|1760453739
|teamsize|p1|6
|teamsize|p2|6
|start
|switch|p1a: Rotom|Rotom-Frost|100/100
|switch|p2a: Jogäider|Clodsire, M|100/100
|turn|1
|
|t:|1760453746
|move|p1a: Rotom|Trick|p2a: Jogäider
|-activate|p1a: Rotom|move: Trick|[of] p2a: Jogäider
|-item|p2a: Jogäider|Choice Scarf|[from] move: Trick
|-item|p1a: Rotom|Leftovers|[from] move: Trick
|move|p2a: Jogäider|Toxic|p1a: Rotom
|-status|p1a: Rotom|tox
|
|-damage|p1a: Rotom|94/100 tox|[from] psn
|upkeep
|turn|2
|
|t:|1760453758
|switch|p1a: Slowking|Slowking-Galar, F|100/100
|move|p2a: Jogäider|Toxic|p1a: Slowking
|-immune|p1a: Slowking
|
|upkeep
|turn|3
|
|t:|1760453764
|switch|p2a: Hanzo|Kingambit, F|100/100
|-prepare|p1a: Slowking|Chilly Reception|[premajor]
|move|p1a: Slowking|Chilly Reception|p1a: Slowking
|-weather|Snowscape
|
|t:|1760453767
|switch|p1a: Great Tusk|Great Tusk|100/100|[from] Chilly Reception
|
|-weather|Snowscape|[upkeep]
|upkeep
|turn|4
|
|t:|1760453775
|-end|p2a: Hanzo|fallenundefined|[silent]
|switch|p2a: Marco|Moltres|100/100
|move|p1a: Great Tusk|Earthquake|p2a: Marco
|-immune|p2a: Marco
|
|-weather|Snowscape|[upkeep]
|upkeep
|turn|5
|
|t:|1760453782
|-end|p1a: Great Tusk|Protosynthesis|[silent]
|switch|p1a: Slowking|Slowking-Galar, F|100/100
|move|p2a: Marco|Flamethrower|p1a: Slowking
|-damage|p1a: Slowking|78/100
|
|-weather|Snowscape|[upkeep]
|-heal|p1a: Slowking|85/100|[from] item: Leftovers
|upkeep
|turn|6
|
|t:|1760453791
|move|p2a: Marco|U-turn|p1a: Slowking
|-damage|p1a: Slowking|69/100
|
|t:|1760453794
|switch|p2a: Jogäider|Clodsire, M|100/100|[from] U-turn
|-prepare|p1a: Slowking|Chilly Reception|[premajor]
|move|p1a: Slowking|Chilly Reception|p1a: Slowking
|
|t:|1760453797
|switch|p1a: Metagross|Metagross|100/100|[from] Chilly Reception
|
|-weather|Snowscape|[upkeep]
|upkeep
|turn|7
|
|t:|1760453807
|switch|p2a: Marco|Moltres|100/100
|move|p1a: Metagross|Stealth Rock|p2a: Marco
|-sidestart|p2: Mreda|move: Stealth Rock
|
|-weather|none
|upkeep
|turn|8
|
|t:|1760453813
|switch|p1a: Slowking|Slowking-Galar, F|100/100
|move|p2a: Marco|Flamethrower|p1a: Slowking
|-damage|p1a: Slowking|77/100
|
|-heal|p1a: Slowking|83/100|[from] item: Leftovers
|upkeep
|turn|9
|
|t:|1760453822
|move|p2a: Marco|Flamethrower|p1a: Slowking
|-damage|p1a: Slowking|62/100
|-prepare|p1a: Slowking|Chilly Reception|[premajor]
|move|p1a: Slowking|Chilly Reception|p1a: Slowking
|-weather|Snowscape
|
|t:|1760453825
|switch|p1a: Rotom|Rotom-Frost|94/100 tox|[from] Chilly Reception
|
|-weather|Snowscape|[upkeep]
|-heal|p1a: Rotom|100/100 tox|[from] item: Leftovers
|-damage|p1a: Rotom|94/100 tox|[from] psn
|upkeep
|turn|10
|
|t:|1760453835
|switch|p2a: Jogäider|Clodsire, M|100/100
|-damage|p2a: Jogäider|94/100|[from] Stealth Rock
|move|p1a: Rotom|Volt Switch|p2a: Jogäider
|-immune|p2a: Jogäider
|
|-weather|Snowscape|[upkeep]
|-heal|p1a: Rotom|100/100 tox|[from] item: Leftovers
|-damage|p1a: Rotom|88/100 tox|[from] psn
|upkeep
|turn|11
|
|t:|1760453846
|move|p1a: Rotom|Blizzard|p2a: Jogäider
|-supereffective|p2a: Jogäider
|-damage|p2a: Jogäider|41/100
|move|p2a: Jogäider|Stealth Rock|p1a: Rotom
|-sidestart|p1: 3r34t45|move: Stealth Rock
|
|-weather|Snowscape|[upkeep]
|-heal|p1a: Rotom|94/100 tox|[from] item: Leftovers
|-damage|p1a: Rotom|76/100 tox|[from] psn
|upkeep
|turn|12
|
|t:|1760453864
|switch|p2a: Igriş|Corviknight, M|100/100
|-damage|p2a: Igriş|88/100|[from] Stealth Rock
|-ability|p2a: Igriş|Pressure
|move|p1a: Rotom|Blizzard|p2a: Igriş
|-damage|p2a: Igriş|42/100
|-status|p2a: Igriş|frz
|
|-weather|Snowscape|[upkeep]
|-heal|p1a: Rotom|82/100 tox|[from] item: Leftovers
|-damage|p1a: Rotom|57/100 tox|[from] psn
|upkeep
|turn|13
|
|t:|1760453878
|move|p1a: Rotom|Thunderbolt|p2a: Igriş
|-supereffective|p2a: Igriş
|-damage|p2a: Igriş|0 fnt
|faint|p2a: Igriş
|
|-weather|none
|-heal|p1a: Rotom|63/100 tox|[from] item: Leftovers
|-damage|p1a: Rotom|32/100 tox|[from] psn
|upkeep
|
|t:|1760453891
|switch|p2a: Megalodon|Garchomp, M|100/100
|-damage|p2a: Megalodon|94/100|[from] Stealth Rock
|turn|14
|
|t:|1760453895
|move|p2a: Megalodon|Scale Shot|p1a: Rotom
|-damage|p1a: Rotom|13/100 tox
|-damage|p1a: Rotom|0 fnt
|faint|p1a: Rotom
|-hitcount|p1: Rotom|2
|-unboost|p2a: Megalodon|def|1
|-boost|p2a: Megalodon|spe|1
|
|upkeep
|
|t:|1760453898
|switch|p1a: Great Tusk|Great Tusk|100/100
|-damage|p1a: Great Tusk|98/100|[from] Stealth Rock
|turn|15
|
|t:|1760453907
|switch|p2a: Marco|Moltres|100/100
|move|p1a: Great Tusk|Rapid Spin|p2a: Marco
|-damage|p2a: Marco|88/100
|-boost|p1a: Great Tusk|spe|1
|-sideend|p1: 3r34t45|Stealth Rock|[from] move: Rapid Spin|[of] p1a: Great Tusk
|
|-heal|p1a: Great Tusk|100/100|[from] item: Leftovers
|upkeep
|turn|16
|
|t:|1760453917
|-end|p1a: Great Tusk|Protosynthesis|[silent]
|switch|p1a: Slowking|Slowking-Galar, F|95/100
|move|p2a: Marco|U-turn|p1a: Slowking
|-damage|p1a: Slowking|80/100
|
|t:|1760453923
|switch|p2a: Megalodon|Garchomp, M|94/100|[from] U-turn
|-damage|p2a: Megalodon|88/100|[from] Stealth Rock
|
|-heal|p1a: Slowking|86/100|[from] item: Leftovers
|upkeep
|turn|17
|
|t:|1760453933
|switch|p1a: Great Tusk|Great Tusk|100/100
|move|p2a: Megalodon|Scale Shot|p1a: Great Tusk
|-damage|p1a: Great Tusk|90/100
|-damage|p1a: Great Tusk|81/100
|-damage|p1a: Great Tusk|71/100
|-damage|p1a: Great Tusk|61/100
|-crit|p1a: Great Tusk
|-damage|p1a: Great Tusk|47/100
|-hitcount|p1a: Great Tusk|5
|-unboost|p2a: Megalodon|def|1
|-boost|p2a: Megalodon|spe|1
|
|-heal|p1a: Great Tusk|53/100|[from] item: Leftovers
|upkeep
|turn|18
|
|t:|1760453949
|switch|p2a: Marco|Moltres|88/100
|move|p1a: Great Tusk|Earthquake|p2a: Marco
|-immune|p2a: Marco
|
|-heal|p1a: Great Tusk|59/100|[from] item: Leftovers
|upkeep
|turn|19
|
|t:|1760453957
|-end|p1a: Great Tusk|Protosynthesis|[silent]
|switch|p1a: Slowking|Slowking-Galar, F|100/100
|move|p2a: Marco|Flamethrower|p1a: Slowking
|-damage|p1a: Slowking|77/100
|-status|p1a: Slowking|brn
|
|-heal|p1a: Slowking|83/100 brn|[from] item: Leftovers
|-damage|p1a: Slowking|77/100 brn|[from] brn
|upkeep
|turn|20
|
|t:|1760453970
|move|p2a: Marco|U-turn|p1a: Slowking
|-damage|p1a: Slowking|61/100 brn
|
|t:|1760453981
|switch|p2a: Fuego|Zamazenta|100/100|[from] U-turn
|-damage|p2a: Fuego|94/100|[from] Stealth Rock
|-ability|p2a: Fuego|Dauntless Shield|boost
|-boost|p2a: Fuego|def|1
|-prepare|p1a: Slowking|Chilly Reception|[premajor]
|move|p1a: Slowking|Chilly Reception|p1a: Slowking
|-weather|Snowscape
|
|t:|1760453984
|switch|p1a: Dragapult|Dragapult, M|100/100|[from] Chilly Reception
|
|-weather|Snowscape|[upkeep]
|upkeep
|turn|21
|
|t:|1760453998
|move|p1a: Dragapult|Shadow Ball|p2a: Fuego
|-damage|p2a: Fuego|43/100
|move|p2a: Fuego|Crunch|p1a: Dragapult
|-supereffective|p1a: Dragapult
|-damage|p1a: Dragapult|0 fnt
|faint|p1a: Dragapult
|
|-weather|Snowscape|[upkeep]
|upkeep
|
|t:|1760454004
|switch|p1a: Hydrapple|Hydrapple, F|100/100
|turn|22
|
|t:|1760454010
|switch|p2a: Jogäider|Clodsire, M|41/100
|-damage|p2a: Jogäider|35/100|[from] Stealth Rock
|move|p1a: Hydrapple|Nasty Plot|p1a: Hydrapple
|-boost|p1a: Hydrapple|spa|2
|
|-weather|Snowscape|[upkeep]
|upkeep
|turn|23
|
|t:|1760454022
|move|p1a: Hydrapple|Fickle Beam|p2a: Jogäider|[anim] Fickle Beam All Out
|-activate|p1a: Hydrapple|move: Fickle Beam
|-damage|p2a: Jogäider|0 fnt
|faint|p2a: Jogäider
|
|-weather|Snowscape|[upkeep]
|upkeep
|
|t:|1760454036
|switch|p2a: Megalodon|Garchomp, M|88/100
|-damage|p2a: Megalodon|82/100|[from] Stealth Rock
|turn|24
|
|t:|1760454042
|-terastallize|p1a: Hydrapple|Water
|move|p2a: Megalodon|Scale Shot|p1a: Hydrapple
|-damage|p1a: Hydrapple|90/100
|-damage|p1a: Hydrapple|80/100
|-damage|p1a: Hydrapple|70/100
|-damage|p1a: Hydrapple|59/100
|-damage|p1a: Hydrapple|50/100
|-hitcount|p1a: Hydrapple|5
|-unboost|p2a: Megalodon|def|1
|-boost|p2a: Megalodon|spe|1
|move|p1a: Hydrapple|Fickle Beam|p2a: Megalodon
|-supereffective|p2a: Megalodon
|-damage|p2a: Megalodon|0 fnt
|faint|p2a: Megalodon
|
|-weather|none
|-heal|p1a: Hydrapple|56/100|[from] item: Leftovers
|upkeep
|
|t:|1760454062
|switch|p2a: Fuego|Zamazenta|43/100
|-damage|p2a: Fuego|36/100|[from] Stealth Rock
|turn|25
|
|t:|1760454066
|move|p2a: Fuego|Close Combat|p1a: Hydrapple
|-crit|p1a: Hydrapple
|-damage|p1a: Hydrapple|0 fnt
|-unboost|p2a: Fuego|def|1
|-unboost|p2a: Fuego|spd|1
|faint|p1a: Hydrapple
|
|upkeep
|
|t:|1760454072
|switch|p1a: Great Tusk|Great Tusk|59/100
|turn|26
|
|t:|1760454076
|switch|p2a: Marco|Moltres|88/100
|-end|p1a: Great Tusk|Protosynthesis|[silent]
|switch|p1a: Slowking|Slowking-Galar, F|95/100 brn
|
|-heal|p1a: Slowking|100/100 brn|[from] item: Leftovers
|-damage|p1a: Slowking|94/100 brn|[from] brn
|upkeep
|turn|27
|
|t:|1760454085
|move|p2a: Marco|U-turn|p1a: Slowking
|-damage|p1a: Slowking|78/100 brn
|
|t:|1760454090
|switch|p2a: Fuego|Zamazenta|36/100|[from] U-turn
|-damage|p2a: Fuego|30/100|[from] Stealth Rock
|-prepare|p1a: Slowking|Chilly Reception|[premajor]
|move|p1a: Slowking|Chilly Reception|p1a: Slowking
|-weather|Snowscape
|
|t:|1760454094
|switch|p1a: Metagross|Metagross|100/100|[from] Chilly Reception
|
|-weather|Snowscape|[upkeep]
|upkeep
|turn|28
|
|t:|1760454105
|move|p2a: Fuego|Crunch|p1a: Metagross
|-supereffective|p1a: Metagross
|-enditem|p1a: Metagross|Colbur Berry|[eat]
|-enditem|p1a: Metagross|Colbur Berry|[weaken]
|-damage|p1a: Metagross|73/100
|move|p1a: Metagross|Psychic Fangs|p2a: Fuego
|-supereffective|p2a: Fuego
|-damage|p2a: Fuego|0 fnt
|faint|p2a: Fuego
|
|-weather|Snowscape|[upkeep]
|upkeep
|
|t:|1760454118
|switch|p2a: Hanzo|Kingambit, F|100/100
|-damage|p2a: Hanzo|94/100|[from] Stealth Rock
|-activate|p2a: Hanzo|ability: Supreme Overlord
|-start|p2a: Hanzo|fallen4|[silent]
|turn|29
|
|t:|1760454124
|move|p2a: Hanzo|Sucker Punch|p1a: Metagross
|-supereffective|p1a: Metagross
|-damage|p1a: Metagross|0 fnt
|faint|p1a: Metagross
|
|-weather|Snowscape|[upkeep]
|upkeep
|
|t:|1760454127
|switch|p1a: Great Tusk|Great Tusk|59/100
|turn|30
|
|t:|1760454136
|-end|p1a: Great Tusk|Protosynthesis|[silent]
|switch|p1a: Slowking|Slowking-Galar, F|100/100 brn
|-end|p2a: Hanzo|fallen4|[silent]
|switch|p2a: Marco|Moltres|88/100
|
|-weather|Snowscape|[upkeep]
|-damage|p1a: Slowking|94/100 brn|[from] brn
|upkeep
|turn|31
|
|t:|1760454147
|-prepare|p1a: Slowking|Chilly Reception|[premajor]
|move|p1a: Slowking|Chilly Reception|p1a: Slowking
|-message|3r34t45 forfeited.
|
|win|Mreda
|raw|3r34t45's rating: 1458 &rarr; <strong>1437</strong><br />(-21 for losing)
|raw|Mreda's rating: 1447 &rarr; <strong>1468</strong><br />(+21 for winning)
|l|☆3r34t45
|player|p1|
|c|☆Mreda|Gg
|l|☆Mreda
|player|p2|
