|j|☆0ne5quared
|j|☆Asrzzz
|t:|1760429689
|gametype|singles
|player|p1|0ne5quared|266|1310
|player|p2|Asrzzz|alder|1279
|gen|9
|tier|[Gen 9] OU
|rated|
|rule|HP Percentage Mod: HP is shown in percentages
|rule|Endless Battle Clause: Forcing endless battles is banned
|rule|Species Clause: Limit one of each Pokémon
|rule|OHKO Clause: OHKO moves are banned
|rule|Evasion Items Clause: Evasion items are banned
|rule|Evasion Moves Clause: Evasion moves are banned
|rule|Evasion Abilities Clause: Evasion abilities are banned
|rule|Sleep Moves Clause: Sleep-inducing moves are banned
|clearpoke
|poke|p1|Pecharunt|
|poke|p1|Great Tusk|
|poke|p1|Kingambit, F|
|poke|p1|Ribombee, F|
|poke|p1|Samurott-Hisui, F|
|poke|p1|Tornadus-Therian, M|
|poke|p2|Fezandipiti, M|
|poke|p2|Alomomola, F|
|poke|p2|Sinistcha|
|poke|p2|Great Tusk|
|poke|p2|Moltres-Galar|
|poke|p2|Ursaluna, M|
|teampreview
|inactive|Battle timer is ON: inactive players will automatically lose when time's up. (requested by 0ne5quared)
|
|t:|1760429726
|teamsize|p1|6
|teamsize|p2|6
|start
|switch|p1a: Ribombee|Ribombee, F|100/100
|switch|p2a: Fezandipiti|Fezandipiti, M|100/100
|turn|1
|
|t:|1760429732
|move|p1a: Ribombee|Sticky Web|p2a: Fezandipiti
|-sidestart|p2: Asrzzz|move: Sticky Web
|move|p2a: Fezandipiti|Beat Up|p1a: Ribombee
|-resisted|p1a: Ribombee
|-damage|p1a: Ribombee|98/100
|-resisted|p1a: Ribombee
|-damage|p1a: Ribombee|96/100
|-resisted|p1a: Ribombee
|-damage|p1a: Ribombee|94/100
|-resisted|p1a: Ribombee
|-damage|p1a: Ribombee|91/100
|-resisted|p1a: Ribombee
|-damage|p1a: Ribombee|89/100
|-resisted|p1a: Ribombee
|-damage|p1a: Ribombee|86/100
|-hitcount|p1a: Ribombee|6
|
|upkeep
|turn|2
|
|t:|1760429746
|switch|p1a: Pecharunt|Pecharunt|100/100
|move|p2a: Fezandipiti|Poison Jab|p1a: Pecharunt
|-resisted|p1a: Pecharunt
|-damage|p1a: Pecharunt|96/100
|
|upkeep
|turn|3
|
|t:|1760429762
|move|p1a: Pecharunt|Nasty Plot|p1a: Pecharunt
|-boost|p1a: Pecharunt|spa|2
|move|p2a: Fezandipiti|U-turn|p1a: Pecharunt
|-resisted|p1a: Pecharunt
|-damage|p1a: Pecharunt|93/100
|
|t:|1760429769
|switch|p2a: Great Tusk|Great Tusk|100/100|[from] U-turn
|-activate|p2a: Great Tusk|move: Sticky Web
|-unboost|p2a: Great Tusk|spe|1
|
|upkeep
|turn|4
|
|t:|1760429777
|-terastallize|p2a: Great Tusk|Steel
|move|p1a: Pecharunt|Malignant Chain|p2a: Great Tusk
|-immune|p2a: Great Tusk
|move|p2a: Great Tusk|Headlong Rush|p1a: Pecharunt
|-supereffective|p1a: Pecharunt
|-damage|p1a: Pecharunt|3/100
|-unboost|p2a: Great Tusk|def|1
|-unboost|p2a: Great Tusk|spd|1
|
|upkeep
|turn|5
|
|t:|1760429788
|move|p1a: Pecharunt|Hex|p2a: Great Tusk
|-damage|p2a: Great Tusk|0 fnt
|faint|p2a: Great Tusk
|-end|p2a: Great Tusk|Protosynthesis|[silent]
|
|upkeep
|
|t:|1760429796
|switch|p2a: Fezandipiti|Fezandipiti, M|100/100
|-activate|p2a: Fezandipiti|move: Sticky Web
|-unboost|p2a: Fezandipiti|spe|1
|turn|6
|
|t:|1760429807
|move|p1a: Pecharunt|Malignant Chain|p2a: Fezandipiti
|-damage|p2a: Fezandipiti|69/100
|move|p2a: Fezandipiti|U-turn|p1a: Pecharunt
|-resisted|p1a: Pecharunt
|-damage|p1a: Pecharunt|0 fnt
|faint|p1a: Pecharunt
|
|t:|1760429817
|switch|p2a: Ursaluna|Ursaluna, M|100/100|[from] U-turn
|-activate|p2a: Ursaluna|move: Sticky Web
|-unboost|p2a: Ursaluna|spe|1
|
|-status|p2a: Ursaluna|brn|[from] item: Flame Orb
|upkeep
|l|☆0ne5quared
|inactive|0ne5quared disconnected and has a minute to reconnect!
|player|p1|
|j|☆0ne5quared
|inactive|0ne5quared reconnected and has 145 seconds left.
|player|p1|0ne5quared|266|
|inactive|0ne5quared has 120 seconds left.
|inactive|0ne5quared has 90 seconds left.
|
|t:|1760429881
|switch|p1a: Great Tusk|Great Tusk|100/100
|turn|7
|
|t:|1760429892
|switch|p2a: Alomomola|Alomomola, F|100/100
|-activate|p2a: Alomomola|move: Sticky Web
|-unboost|p2a: Alomomola|spe|1
|move|p1a: Great Tusk|Ice Spinner|p2a: Alomomola
|-resisted|p2a: Alomomola
|-damage|p2a: Alomomola|93/100
|-damage|p1a: Great Tusk|84/100|[from] item: Rocky Helmet|[of] p2a: Alomomola
|
|upkeep
|turn|8
|
|t:|1760429904
|-end|p1a: Great Tusk|Protosynthesis|[silent]
|switch|p1a: Tornadus|Tornadus-Therian, M|100/100
|move|p2a: Alomomola|Scald|p1a: Tornadus
|-damage|p1a: Tornadus|84/100
|
|upkeep
|turn|9
|
|t:|1760429917
|move|p1a: Tornadus|Nasty Plot|p1a: Tornadus
|-boost|p1a: Tornadus|spa|2
|move|p2a: Alomomola|Flip Turn|p1a: Tornadus
|-damage|p1a: Tornadus|63/100
|
|t:|1760429924
|switch|p2a: Moltres|Moltres-Galar|100/100|[from] Flip Turn
|
|upkeep
|turn|10
|
|t:|1760429937
|-terastallize|p1a: Tornadus|Steel
|move|p1a: Tornadus|Nasty Plot|p1a: Tornadus
|-boost|p1a: Tornadus|spa|2
|move|p2a: Moltres|Fiery Wrath|p1a: Tornadus
|-damage|p1a: Tornadus|18/100
|
|upkeep
|turn|11
|
|t:|1760429952
|move|p1a: Tornadus|Bleakwind Storm|p2a: Moltres|[miss]
|-miss|p1a: Tornadus|p2a: Moltres
|move|p2a: Moltres|Fiery Wrath|p1a: Tornadus
|-damage|p1a: Tornadus|0 fnt
|faint|p1a: Tornadus
|
|upkeep
|
|t:|1760429959
|switch|p1a: Kingambit|Kingambit, F|100/100
|turn|12
|
|t:|1760429971
|switch|p2a: Alomomola|Alomomola, F|100/100
|-activate|p2a: Alomomola|move: Sticky Web
|-unboost|p2a: Alomomola|spe|1
|switch|p1a: Ribombee|Ribombee, F|86/100
|
|upkeep
|turn|13
|
|t:|1760429985
|move|p1a: Ribombee|Stun Spore|p2a: Alomomola
|-status|p2a: Alomomola|par
|move|p2a: Alomomola|Flip Turn|p1a: Ribombee
|-damage|p1a: Ribombee|59/100
|
|t:|1760429997
|switch|p2a: Fezandipiti|Fezandipiti, M|69/100|[from] Flip Turn
|-activate|p2a: Fezandipiti|move: Sticky Web
|-unboost|p2a: Fezandipiti|spe|1
|
|upkeep
|turn|14
|inactive|0ne5quared has 120 seconds left.
|
|t:|1760430019
|move|p1a: Ribombee|Skill Swap|p2a: Fezandipiti
|-activate|p1a: Ribombee|move: Skill Swap|Toxic Chain|Honey Gather|[of] p2a: Fezandipiti
|move|p2a: Fezandipiti|U-turn|p1a: Ribombee
|-resisted|p1a: Ribombee
|-damage|p1a: Ribombee|48/100
|
|t:|1760430033
|switch|p2a: Alomomola|Alomomola, F|100/100 par|[from] U-turn
|-activate|p2a: Alomomola|move: Sticky Web
|-unboost|p2a: Alomomola|spe|1
|
|upkeep
|turn|15
|inactive|0ne5quared has 120 seconds left.
|
|t:|1760430040
|move|p1a: Ribombee|Moonblast|p2a: Alomomola
|-damage|p2a: Alomomola|67/100 par
|move|p2a: Alomomola|Scald|p1a: Ribombee
|-damage|p1a: Ribombee|29/100
|
|upkeep
|turn|16
|
|t:|1760430050
|move|p1a: Ribombee|Moonblast|p2a: Alomomola
|-damage|p2a: Alomomola|29/100 par
|move|p2a: Alomomola|Flip Turn|p1a: Ribombee
|-damage|p1a: Ribombee|0 fnt
|faint|p1a: Ribombee
|
|t:|1760430063
|switch|p2a: Fezandipiti|Fezandipiti, M|69/100|[from] Flip Turn
|-activate|p2a: Fezandipiti|move: Sticky Web
|-unboost|p2a: Fezandipiti|spe|1
|
|upkeep
|
|t:|1760430081
|switch|p1a: Kingambit|Kingambit, F|100/100
|turn|17
|
|t:|1760430093
|move|p1a: Kingambit|Swords Dance|p1a: Kingambit
|-boost|p1a: Kingambit|atk|2
|move|p2a: Fezandipiti|U-turn|p1a: Kingambit
|-damage|p1a: Kingambit|89/100
|
|t:|1760430099
|switch|p2a: Ursaluna|Ursaluna, M|100/100 brn|[from] U-turn
|-activate|p2a: Ursaluna|move: Sticky Web
|-unboost|p2a: Ursaluna|spe|1
|
|-damage|p2a: Ursaluna|94/100 brn|[from] brn
|upkeep
|turn|18
|
|t:|1760430112
|switch|p1a: Great Tusk|Great Tusk|84/100
|move|p2a: Ursaluna|Earthquake|p1a: Great Tusk
|-crit|p1a: Great Tusk
|-damage|p1a: Great Tusk|0 fnt
|faint|p1a: Great Tusk
|-end|p1a: Great Tusk|Protosynthesis|[silent]
|
|-damage|p2a: Ursaluna|88/100 brn|[from] brn
|upkeep
|
|t:|1760430118
|switch|p1a: Samurott|Samurott-Hisui, F|100/100
|turn|19
|
|t:|1760430129
|switch|p2a: Alomomola|Alomomola, F|63/100 par
|-activate|p2a: Alomomola|move: Sticky Web
|-unboost|p2a: Alomomola|spe|1
|move|p1a: Samurott|Razor Shell|p2a: Alomomola
|-resisted|p2a: Alomomola
|-damage|p2a: Alomomola|50/100 par
|-unboost|p2a: Alomomola|def|1
|-damage|p1a: Samurott|84/100|[from] item: Rocky Helmet|[of] p2a: Alomomola
|
|upkeep
|turn|20
|
|t:|1760430141
|move|p1a: Samurott|Ceaseless Edge|p2a: Alomomola
|-damage|p2a: Alomomola|15/100 par
|-damage|p1a: Samurott|67/100|[from] item: Rocky Helmet|[of] p2a: Alomomola
|-sidestart|p2: Asrzzz|Spikes
|move|p2a: Alomomola|Flip Turn|p1a: Samurott
|-resisted|p1a: Samurott
|-damage|p1a: Samurott|56/100
|
|t:|1760430151
|switch|p2a: Sinistcha|Sinistcha|100/100|[from] Flip Turn
|-activate|p2a: Sinistcha|move: Sticky Web
|-unboost|p2a: Sinistcha|spe|1
|-damage|p2a: Sinistcha|88/100|[from] Spikes
|
|upkeep
|turn|21
|
|t:|1760430159
|switch|p1a: Kingambit|Kingambit, F|89/100
|move|p2a: Sinistcha|Matcha Gotcha|p1a: Kingambit
|-resisted|p1a: Kingambit
|-damage|p1a: Kingambit|71/100
|-heal|p2a: Sinistcha|99/100|[from] drain|[of] p1a: Kingambit
|
|upkeep
|turn|22
|inactive|0ne5quared has 120 seconds left.
|
|t:|1760430190
|switch|p2a: Alomomola|Alomomola, F|48/100 par
|-activate|p2a: Alomomola|move: Sticky Web
|-unboost|p2a: Alomomola|spe|1
|-damage|p2a: Alomomola|36/100 par|[from] Spikes
|move|p1a: Kingambit|Swords Dance|p1a: Kingambit
|-boost|p1a: Kingambit|atk|2
|
|upkeep
|turn|23
|
|t:|1760430199
|move|p1a: Kingambit|Kowtow Cleave|p2a: Alomomola
|-damage|p2a: Alomomola|0 fnt
|-damage|p1a: Kingambit|55/100|[from] item: Rocky Helmet|[of] p2a: Alomomola
|faint|p2a: Alomomola
|
|upkeep
|
|t:|1760430207
|switch|p2a: Ursaluna|Ursaluna, M|88/100 brn
|-activate|p2a: Ursaluna|move: Sticky Web
|-unboost|p2a: Ursaluna|spe|1
|-damage|p2a: Ursaluna|76/100 brn|[from] Spikes
|turn|24
|
|t:|1760430214
|move|p1a: Kingambit|Kowtow Cleave|p2a: Ursaluna
|-damage|p2a: Ursaluna|6/100 brn
|move|p2a: Ursaluna|Earthquake|p1a: Kingambit
|-supereffective|p1a: Kingambit
|-damage|p1a: Kingambit|0 fnt
|faint|p1a: Kingambit
|
|-damage|p2a: Ursaluna|0 fnt|[from] brn
|faint|p2a: Ursaluna
|upkeep
|
|t:|1760430226
|switch|p1a: Samurott|Samurott-Hisui, F|56/100
|switch|p2a: Moltres|Moltres-Galar|100/100
|turn|25
|
|t:|1760430234
|move|p1a: Samurott|Razor Shell|p2a: Moltres
|-damage|p2a: Moltres|52/100
|-unboost|p2a: Moltres|def|1
|move|p2a: Moltres|Hurricane|p1a: Samurott
|-damage|p1a: Samurott|0 fnt
|faint|p1a: Samurott
|
|win|Asrzzz
|raw|0ne5quared's rating: 1310 &rarr; <strong>1288</strong><br />(-22 for losing)
|raw|Asrzzz's rating: 1279 &rarr; <strong>1306</strong><br />(+27 for winning)
|l|☆0ne5quared
|player|p1|
|l|☆Asrzzz
|player|p2|
