|j|‽bepic223
|j|☆arthurfr4545
|t:|1760441674
|gametype|singles
|player|p1|bepic223|veteranf|1689
|player|p2|arthurfr4545|170|1699
|gen|9
|tier|[Gen 9] OU
|rated|
|rule|HP Percentage Mod: HP is shown in percentages
|rule|Endless Battle Clause: Forcing endless battles is banned
|rule|Species Clause: Limit one of each Pokémon
|rule|OHKO Clause: OHKO moves are banned
|rule|Evasion Items Clause: Evasion items are banned
|rule|Evasion Moves Clause: Evasion moves are banned
|rule|Evasion Abilities Clause: Evasion abilities are banned
|rule|Sleep Moves Clause: Sleep-inducing moves are banned
|clearpoke
|poke|p1|Darkrai|
|poke|p1|Ogerpon-Wellspring, F|
|poke|p1|Hatterene, F|
|poke|p1|Slowking-Galar, M|
|poke|p1|Landorus-Therian, M|
|poke|p1|Kingambit, F|
|poke|p2|Entei|
|poke|p2|Great Tusk|
|poke|p2|Heatran, M|
|poke|p2|Latios, M|
|poke|p2|Kingambit, F|
|poke|p2|Rotom-Wash|
|teampreview
|inactive|Battle timer is ON: inactive players will automatically lose when time's up. (requested by bepic223)
|j| stariaki
|
|t:|1760441696
|teamsize|p1|6
|teamsize|p2|6
|start
|switch|p1a: Ogerpon|Ogerpon-Wellspring, F|100/100
|switch|p2a: Rotom|Rotom-Wash|100/100
|turn|1
|
|t:|1760441700
|switch|p2a: Kingambit|Kingambit, F|100/100
|move|p1a: Ogerpon|U-turn|p2a: Kingambit
|-damage|p2a: Kingambit|81/100
|
|t:|1760441708
|switch|p1a: Kingambit|Kingambit, F|100/100|[from] U-turn
|
|upkeep
|turn|2
|
|t:|1760441710
|move|p2a: Kingambit|Low Kick|p1a: Kingambit
|-supereffective|p1a: Kingambit
|-damage|p1a: Kingambit|0 fnt
|faint|p1a: Kingambit
|-end|p1a: Kingambit|fallenundefined|[silent]
|
|upkeep
|
|t:|1760441721
|switch|p1a: Landorus|Landorus-Therian, M|100/100
|-ability|p1a: Landorus|Intimidate|boost
|-unboost|p2a: Kingambit|atk|1
|turn|3
|
|t:|1760441724
|-end|p2a: Kingambit|fallenundefined|[silent]
|switch|p2a: Rotom|Rotom-Wash|100/100
|move|p1a: Landorus|Stealth Rock|p2a: Rotom
|-sidestart|p2: arthurfr4545|move: Stealth Rock
|
|upkeep
|turn|4
|
|t:|1760441734
|move|p1a: Landorus|U-turn|p2a: Rotom
|-damage|p2a: Rotom|81/100
|
|t:|1760441738
|switch|p1a: Ogerpon|Ogerpon-Wellspring, F|100/100|[from] U-turn
|move|p2a: Rotom|Will-O-Wisp|p1a: Ogerpon|[miss]
|-miss|p2a: Rotom|p1a: Ogerpon
|
|-heal|p2a: Rotom|87/100|[from] item: Leftovers
|upkeep
|turn|5
|
|t:|1760441744
|move|p1a: Ogerpon|U-turn|p2a: Rotom
|-damage|p2a: Rotom|63/100
|
|t:|1760441748
|switch|p1a: Slowking|Slowking-Galar, M|100/100|[from] U-turn
|move|p2a: Rotom|Will-O-Wisp|p1a: Slowking
|-status|p1a: Slowking|brn
|
|-heal|p2a: Rotom|69/100|[from] item: Leftovers
|-damage|p1a: Slowking|94/100 brn|[from] brn
|upkeep
|turn|6
|
|t:|1760441753
|move|p2a: Rotom|Volt Switch|p1a: Slowking
|-damage|p1a: Slowking|82/100 brn
|
|t:|1760441754
|switch|p2a: Heatran|Heatran, M|100/100|[from] Volt Switch
|-damage|p2a: Heatran|88/100|[from] Stealth Rock
|move|p1a: Slowking|Psyshock|p2a: Heatran
|-resisted|p2a: Heatran
|-damage|p2a: Heatran|71/100
|
|-damage|p1a: Slowking|76/100 brn|[from] brn
|upkeep
|turn|7
|
|t:|1760441761
|switch|p1a: Ogerpon|Ogerpon-Wellspring, F|100/100
|move|p2a: Heatran|Earth Power|p1a: Ogerpon
|-resisted|p1a: Ogerpon
|-damage|p1a: Ogerpon|82/100
|
|upkeep
|turn|8
|
|t:|1760441767
|switch|p2a: Kingambit|Kingambit, F|81/100
|-damage|p2a: Kingambit|74/100|[from] Stealth Rock
|move|p1a: Ogerpon|Knock Off|p2a: Kingambit
|-resisted|p2a: Kingambit
|-damage|p2a: Kingambit|59/100
|-enditem|p2a: Kingambit|Black Glasses|[from] move: Knock Off|[of] p1a: Ogerpon
|
|upkeep
|turn|9
|
|t:|1760441771
|move|p2a: Kingambit|Sucker Punch|p1a: Ogerpon
|-damage|p1a: Ogerpon|29/100
|move|p1a: Ogerpon|Ivy Cudgel|p2a: Kingambit|[anim] Ivy Cudgel Water
|-damage|p2a: Kingambit|13/100
|
|upkeep
|turn|10
|
|t:|1760441777
|switch|p1a: Landorus|Landorus-Therian, M|100/100
|-ability|p1a: Landorus|Intimidate|boost
|-unboost|p2a: Kingambit|atk|1
|-end|p2a: Kingambit|fallenundefined|[silent]
|switch|p2a: Latios|Latios, M|100/100
|-damage|p2a: Latios|88/100|[from] Stealth Rock
|
|upkeep
|turn|11
|
|t:|1760441783
|switch|p1a: Hatterene|Hatterene, F|100/100
|move|p2a: Latios|Flip Turn|p1a: Hatterene
|-damage|p1a: Hatterene|90/100
|-damage|p2a: Latios|72/100|[from] item: Rocky Helmet|[of] p1a: Hatterene
|
|t:|1760441792
|switch|p2a: Heatran|Heatran, M|71/100|[from] Flip Turn
|-damage|p2a: Heatran|59/100|[from] Stealth Rock
|
|upkeep
|turn|12
|
|t:|1760441799
|switch|p1a: Landorus|Landorus-Therian, M|100/100
|-ability|p1a: Landorus|Intimidate|boost
|-unboost|p2a: Heatran|atk|1
|move|p2a: Heatran|Flash Cannon|p1a: Landorus
|-damage|p1a: Landorus|55/100
|
|upkeep
|turn|13
|
|t:|1760441812
|switch|p2a: Great Tusk|Great Tusk|100/100
|-damage|p2a: Great Tusk|98/100|[from] Stealth Rock
|move|p1a: Landorus|U-turn|p2a: Great Tusk
|-resisted|p2a: Great Tusk
|-damage|p2a: Great Tusk|92/100
|-damage|p1a: Landorus|38/100|[from] item: Rocky Helmet|[of] p2a: Great Tusk
|
|t:|1760441819
|switch|p1a: Ogerpon|Ogerpon-Wellspring, F|29/100|[from] U-turn
|
|upkeep
|turn|14
|
|t:|1760441823
|move|p1a: Ogerpon|Ivy Cudgel|p2a: Great Tusk|[anim] Ivy Cudgel Water
|-supereffective|p2a: Great Tusk
|-damage|p2a: Great Tusk|35/100
|move|p2a: Great Tusk|Rapid Spin|p1a: Ogerpon
|-damage|p1a: Ogerpon|12/100
|-boost|p2a: Great Tusk|spe|1
|-sideend|p2: arthurfr4545|Stealth Rock|[from] move: Rapid Spin|[of] p2a: Great Tusk
|
|upkeep
|turn|15
|
|t:|1760441832
|-end|p2a: Great Tusk|Protosynthesis|[silent]
|switch|p2a: Latios|Latios, M|72/100
|switch|p1a: Hatterene|Hatterene, F|90/100
|
|upkeep
|turn|16
|
|t:|1760441840
|switch|p1a: Ogerpon|Ogerpon-Wellspring, F|12/100
|move|p2a: Latios|Flip Turn|p1a: Ogerpon
|-heal|p1a: Ogerpon|37/100|[from] ability: Water Absorb|[of] p2a: Latios
|
|upkeep
|turn|17
|
|t:|1760441866
|switch|p2a: Great Tusk|Great Tusk|35/100
|move|p1a: Ogerpon|Knock Off|p2a: Great Tusk
|-resisted|p2a: Great Tusk
|-crit|p2a: Great Tusk
|-damage|p2a: Great Tusk|20/100
|-damage|p1a: Ogerpon|20/100|[from] item: Rocky Helmet|[of] p2a: Great Tusk
|-enditem|p2a: Great Tusk|Rocky Helmet|[from] move: Knock Off|[of] p1a: Ogerpon
|
|upkeep
|turn|18
|
|t:|1760441869
|move|p1a: Ogerpon|Ivy Cudgel|p2a: Great Tusk|[anim] Ivy Cudgel Water
|-supereffective|p2a: Great Tusk
|-damage|p2a: Great Tusk|0 fnt
|faint|p2a: Great Tusk
|-end|p2a: Great Tusk|Protosynthesis|[silent]
|
|upkeep
|
|t:|1760441884
|switch|p2a: Latios|Latios, M|72/100
|turn|19
|
|t:|1760441893
|switch|p1a: Slowking|Slowking-Galar, M|100/100 brn
|move|p2a: Latios|Luster Purge|p1a: Slowking
|-damage|p1a: Slowking|75/100 brn
|-unboost|p1a: Slowking|spd|1
|
|-damage|p1a: Slowking|69/100 brn|[from] brn
|upkeep
|turn|20
|
|t:|1760441900
|switch|p1a: Darkrai|Darkrai|100/100
|move|p2a: Latios|Luster Purge|p1a: Darkrai
|-immune|p1a: Darkrai
|
|upkeep
|turn|21
|
|t:|1760441904
|switch|p2a: Heatran|Heatran, M|59/100
|move|p1a: Darkrai|Dark Pulse|p2a: Heatran
|-damage|p2a: Heatran|27/100
|
|upkeep
|turn|22
|
|t:|1760441907
|move|p1a: Darkrai|Dark Pulse|p2a: Heatran
|-damage|p2a: Heatran|0 fnt
|faint|p2a: Heatran
|
|upkeep
|
|t:|1760441914
|switch|p2a: Latios|Latios, M|72/100
|turn|23
|
|t:|1760441919
|switch|p1a: Ogerpon|Ogerpon-Wellspring, F|20/100
|move|p2a: Latios|Draco Meteor|p1a: Ogerpon
|-damage|p1a: Ogerpon|0 fnt
|-unboost|p2a: Latios|spa|2
|faint|p1a: Ogerpon
|
|upkeep
|
|t:|1760441926
|switch|p1a: Darkrai|Darkrai|100/100
|turn|24
|
|t:|1760441933
|move|p2a: Latios|Draco Meteor|p1a: Darkrai
|-damage|p1a: Darkrai|59/100
|-unboost|p2a: Latios|spa|2
|move|p1a: Darkrai|Dark Pulse|p2a: Latios
|-supereffective|p2a: Latios
|-damage|p2a: Latios|0 fnt
|faint|p2a: Latios
|
|upkeep
|
|t:|1760441938
|switch|p2a: Kingambit|Kingambit, F|13/100
|-activate|p2a: Kingambit|ability: Supreme Overlord
|-start|p2a: Kingambit|fallen3|[silent]
|turn|25
|
|t:|1760441941
|move|p2a: Kingambit|Sucker Punch|p1a: Darkrai
|-resisted|p1a: Darkrai
|-damage|p1a: Darkrai|22/100
|move|p1a: Darkrai|Dark Pulse|p2a: Kingambit
|-resisted|p2a: Kingambit
|-damage|p2a: Kingambit|0 fnt
|faint|p2a: Kingambit
|-end|p2a: Kingambit|fallen3|[silent]
|
|upkeep
|
|t:|1760441944
|switch|p2a: Entei|Entei|100/100
|-ability|p2a: Entei|Pressure
|turn|26
|
|t:|1760441949
|switch|p1a: Landorus|Landorus-Therian, M|38/100
|-ability|p1a: Landorus|Intimidate|boost
|-unboost|p2a: Entei|atk|1
|-terastallize|p2a: Entei|Normal
|move|p2a: Entei|Extreme Speed|p1a: Landorus
|-damage|p1a: Landorus|10/100
|-damage|p2a: Entei|84/100|[from] item: Rocky Helmet|[of] p1a: Landorus
|
|upkeep
|turn|27
|
|t:|1760441960
|switch|p1a: Slowking|Slowking-Galar, M|100/100 brn
|move|p2a: Entei|Swagger|p1a: Slowking
|-boost|p1a: Slowking|atk|2
|-start|p1a: Slowking|confusion
|-enditem|p2a: Entei|Mirror Herb
|-boost|p2a: Entei|atk|2|[from] item: Mirror Herb
|
|-damage|p1a: Slowking|94/100 brn|[from] brn
|upkeep
|turn|28
|
|t:|1760441970
|switch|p1a: Landorus|Landorus-Therian, M|10/100
|-ability|p1a: Landorus|Intimidate|boost
|-unboost|p2a: Entei|atk|1
|move|p2a: Entei|Sacred Fire|p1a: Landorus
|-damage|p1a: Landorus|0 fnt
|faint|p1a: Landorus
|
|upkeep
|
|t:|1760441973
|switch|p1a: Hatterene|Hatterene, F|90/100
|turn|29
|
|t:|1760441977
|move|p2a: Entei|Sacred Fire|p1a: Hatterene
|-damage|p1a: Hatterene|44/100
|move|p1a: Hatterene|Draining Kiss|p2a: Entei
|-damage|p2a: Entei|56/100
|-heal|p1a: Hatterene|68/100|[from] drain|[of] p2a: Entei
|
|upkeep
|turn|30
|
|t:|1760441983
|move|p2a: Entei|Sacred Fire|p1a: Hatterene
|-damage|p1a: Hatterene|27/100
|-status|p1a: Hatterene|brn
|move|p1a: Hatterene|Draining Kiss|p2a: Entei
|-damage|p2a: Entei|31/100
|-heal|p1a: Hatterene|49/100 brn|[from] drain|[of] p2a: Entei
|
|-damage|p1a: Hatterene|43/100 brn|[from] brn
|upkeep
|turn|31
|
|t:|1760441991
|-terastallize|p1a: Hatterene|Water
|move|p2a: Entei|Sacred Fire|p1a: Hatterene
|-resisted|p1a: Hatterene
|-damage|p1a: Hatterene|20/100 brn
|move|p1a: Hatterene|Draining Kiss|p2a: Entei
|-damage|p2a: Entei|3/100
|-heal|p1a: Hatterene|45/100 brn|[from] drain|[of] p2a: Entei
|
|-damage|p1a: Hatterene|39/100 brn|[from] brn
|upkeep
|turn|32
|
|t:|1760441997
|move|p2a: Entei|Extreme Speed|p1a: Hatterene
|-damage|p1a: Hatterene|3/100 brn
|-damage|p2a: Entei|0 fnt|[from] item: Rocky Helmet|[of] p1a: Hatterene
|faint|p2a: Entei
|move|p1a: Hatterene|Draining Kiss|p2: Entei|[notarget]
|-fail|p1a: Hatterene
|
|-damage|p1a: Hatterene|0 fnt|[from] brn
|faint|p1a: Hatterene
|upkeep
|j| wgw2333
|-message|arthurfr4545 forfeited.
|
|win|bepic223
|raw|bepic223's rating: 1689 &rarr; <strong>1710</strong><br />(+21 for winning)
|raw|arthurfr4545's rating: 1699 &rarr; <strong>1678</strong><br />(-21 for losing)
|l|☆arthurfr4545
|player|p2|
|l| wgw2333
|l|‽bepic223
|player|p1|
