|j|☆TrentMercer
|j|☆hrt boymoder
|t:|1760376613
|gametype|singles
|player|p1|TrentMercer|n|1539
|player|p2|hrt boymoder|elaine|1549
|gen|9
|tier|[Gen 9] OU
|rated|
|rule|HP Percentage Mod: HP is shown in percentages
|rule|Endless Battle Clause: Forcing endless battles is banned
|rule|Species Clause: Limit one of each Pokémon
|rule|OHKO Clause: OHKO moves are banned
|rule|Evasion Items Clause: Evasion items are banned
|rule|Evasion Moves Clause: Evasion moves are banned
|rule|Evasion Abilities Clause: Evasion abilities are banned
|rule|Sleep Moves Clause: Sleep-inducing moves are banned
|clearpoke
|poke|p1|Crawdaunt, F|
|poke|p1|Houndoom, M|
|poke|p1|Slowking-Galar, F|
|poke|p1|Garchomp, F|
|poke|p1|Quaquaval, F|
|poke|p1|Gholdengo|
|poke|p2|Ting-Lu|
|poke|p2|Dragapult, F|
|poke|p2|Corviknight, F|
|poke|p2|Iron Moth|
|poke|p2|Ogerpon-Wellspring, F|
|poke|p2|Iron Valiant|
|teampreview
|inactive|Battle timer is ON: inactive players will automatically lose when time's up. (requested by hrt boymoder)
|
|t:|1760376630
|teamsize|p1|6
|teamsize|p2|6
|start
|switch|p1a: Houndoom|Houndoom, M|100/100
|switch|p2a: Dragapult|Dragapult, F|100/100
|turn|1
|
|t:|1760376639
|switch|p2a: Ting-Lu|Ting-Lu|100/100
|-ability|p2a: Ting-Lu|Vessel of Ruin
|move|p1a: Houndoom|Dark Pulse|p2a: Ting-Lu
|-resisted|p2a: Ting-Lu
|-damage|p2a: Ting-Lu|93/100
|
|-heal|p2a: Ting-Lu|99/100|[from] item: Leftovers
|upkeep
|turn|2
|
|t:|1760376649
|switch|p1a: Crawdaunt|Crawdaunt, F|100/100
|switch|p2a: Ogerpon|Ogerpon-Wellspring, F|100/100
|
|upkeep
|turn|3
|
|t:|1760376661
|switch|p1a: Garchomp|Garchomp, F|100/100
|move|p2a: Ogerpon|Power Whip|p1a: Garchomp
|-damage|p1a: Garchomp|55/100
|-damage|p2a: Ogerpon|88/100|[from] ability: Rough Skin|[of] p1a: Garchomp
|-damage|p2a: Ogerpon|72/100|[from] item: Rocky Helmet|[of] p1a: Garchomp
|
|upkeep
|turn|4
|
|t:|1760376672
|move|p2a: Ogerpon|Ivy Cudgel|p1a: Garchomp|[anim] Ivy Cudgel Water
|-damage|p1a: Garchomp|17/100
|move|p1a: Garchomp|Dragon Tail|p2a: Ogerpon
|-damage|p2a: Ogerpon|35/100
|drag|p2a: Iron Valiant|Iron Valiant|100/100
|-enditem|p2a: Iron Valiant|Booster Energy
|-activate|p2a: Iron Valiant|ability: Quark Drive|[fromitem]
|-start|p2a: Iron Valiant|quarkdrivespe
|
|upkeep
|turn|5
|
|t:|1760376680
|move|p2a: Iron Valiant|Knock Off|p1a: Garchomp
|-damage|p1a: Garchomp|0 fnt
|-damage|p2a: Iron Valiant|88/100|[from] ability: Rough Skin|[of] p1a: Garchomp
|-damage|p2a: Iron Valiant|71/100|[from] item: Rocky Helmet|[of] p1a: Garchomp
|-enditem|p1a: Garchomp|Rocky Helmet|[from] move: Knock Off|[of] p2a: Iron Valiant
|faint|p1a: Garchomp
|
|upkeep
|
|t:|1760376688
|switch|p1a: Slowking|Slowking-Galar, F|100/100
|turn|6
|
|t:|1760376692
|-end|p2a: Iron Valiant|Quark Drive|[silent]
|switch|p2a: Ting-Lu|Ting-Lu|99/100
|-ability|p2a: Ting-Lu|Vessel of Ruin
|move|p1a: Slowking|Sludge Bomb|p2a: Ting-Lu
|-resisted|p2a: Ting-Lu
|-damage|p2a: Ting-Lu|90/100
|-status|p2a: Ting-Lu|psn
|
|-heal|p2a: Ting-Lu|96/100 psn|[from] item: Leftovers
|-damage|p2a: Ting-Lu|84/100 psn|[from] psn
|upkeep
|turn|7
|
|t:|1760376701
|switch|p1a: Quaquaval|Quaquaval, F|100/100
|move|p2a: Ting-Lu|Earthquake|p1a: Quaquaval
|-damage|p1a: Quaquaval|50/100
|
|-heal|p2a: Ting-Lu|90/100 psn|[from] item: Leftovers
|-damage|p2a: Ting-Lu|78/100 psn|[from] psn
|upkeep
|turn|8
|
|t:|1760376710
|switch|p2a: Corviknight|Corviknight, F|100/100
|-ability|p2a: Corviknight|Pressure
|move|p1a: Quaquaval|Close Combat|p2a: Corviknight
|-damage|p2a: Corviknight|63/100
|-unboost|p1a: Quaquaval|def|1
|-unboost|p1a: Quaquaval|spd|1
|-damage|p1a: Quaquaval|34/100|[from] item: Rocky Helmet|[of] p2a: Corviknight
|
|upkeep
|turn|9
|
|t:|1760376716
|switch|p1a: Houndoom|Houndoom, M|100/100
|switch|p2a: Ogerpon|Ogerpon-Wellspring, F|35/100
|
|upkeep
|turn|10
|
|t:|1760376724
|move|p1a: Houndoom|Dark Pulse|p2a: Ogerpon
|-damage|p2a: Ogerpon|0 fnt
|faint|p2a: Ogerpon
|
|upkeep
|
|t:|1760376726
|switch|p2a: Iron Valiant|Iron Valiant|71/100
|turn|11
|
|t:|1760376730
|switch|p1a: Quaquaval|Quaquaval, F|34/100
|move|p2a: Iron Valiant|Knock Off|p1a: Quaquaval
|-resisted|p1a: Quaquaval
|-damage|p1a: Quaquaval|13/100
|-enditem|p1a: Quaquaval|Assault Vest|[from] move: Knock Off|[of] p2a: Iron Valiant
|
|upkeep
|turn|12
|
|t:|1760376736
|move|p2a: Iron Valiant|Spirit Break|p1a: Quaquaval
|-supereffective|p1a: Quaquaval
|-damage|p1a: Quaquaval|0 fnt
|faint|p1a: Quaquaval
|
|upkeep
|
|t:|1760376747
|switch|p1a: Houndoom|Houndoom, M|100/100
|turn|13
|
|t:|1760376753
|-terastallize|p2a: Iron Valiant|Ghost
|move|p1a: Houndoom|Sludge Bomb|p2a: Iron Valiant
|-resisted|p2a: Iron Valiant
|-damage|p2a: Iron Valiant|48/100
|move|p2a: Iron Valiant|Close Combat|p1a: Houndoom
|-supereffective|p1a: Houndoom
|-damage|p1a: Houndoom|0 fnt
|-unboost|p2a: Iron Valiant|def|1
|-unboost|p2a: Iron Valiant|spd|1
|faint|p1a: Houndoom
|
|upkeep
|
|t:|1760376759
|switch|p1a: Crawdaunt|Crawdaunt, F|100/100
|turn|14
|
|t:|1760376762
|-end|p2a: Iron Valiant|Quark Drive|[silent]
|switch|p2a: Corviknight|Corviknight, F|63/100
|-ability|p2a: Corviknight|Pressure
|move|p1a: Crawdaunt|Aqua Jet|p2a: Corviknight
|-damage|p2a: Corviknight|36/100
|-damage|p1a: Crawdaunt|84/100|[from] item: Rocky Helmet|[of] p2a: Corviknight
|
|upkeep
|turn|15
|
|t:|1760376769
|-terastallize|p1a: Crawdaunt|Water
|move|p1a: Crawdaunt|Aqua Jet|p2a: Corviknight
|-damage|p2a: Corviknight|4/100
|-damage|p1a: Crawdaunt|68/100|[from] item: Rocky Helmet|[of] p2a: Corviknight
|move|p2a: Corviknight|Roost|p2a: Corviknight
|-heal|p2a: Corviknight|54/100
|-singleturn|p2a: Corviknight|move: Roost
|
|upkeep
|turn|16
|
|t:|1760376775
|switch|p1a: Gholdengo|Gholdengo|100/100
|-item|p1a: Gholdengo|Air Balloon
|move|p2a: Corviknight|Roost|p2a: Corviknight
|-heal|p2a: Corviknight|100/100
|-singleturn|p2a: Corviknight|move: Roost
|
|upkeep
|turn|17
|
|t:|1760376778
|move|p1a: Gholdengo|Nasty Plot|p1a: Gholdengo
|-boost|p1a: Gholdengo|spa|2
|move|p2a: Corviknight|U-turn|p1a: Gholdengo
|-resisted|p1a: Gholdengo
|-damage|p1a: Gholdengo|98/100
|-enditem|p1a: Gholdengo|Air Balloon
|
|t:|1760376780
|switch|p2a: Iron Moth|Iron Moth|100/100|[from] U-turn
|
|upkeep
|turn|18
|
|t:|1760376784
|switch|p1a: Slowking|Slowking-Galar, F|100/100
|move|p2a: Iron Moth|Overheat|p1a: Slowking
|-damage|p1a: Slowking|50/100
|-unboost|p2a: Iron Moth|spa|2
|
|upkeep
|turn|19
|
|t:|1760376790
|-end|p2a: Iron Moth|Quark Drive|[silent]
|switch|p2a: Corviknight|Corviknight, F|100/100
|-ability|p2a: Corviknight|Pressure
|move|p1a: Slowking|Ice Beam|p2a: Corviknight
|-damage|p2a: Corviknight|71/100
|
|upkeep
|turn|20
|
|t:|1760376796
|switch|p1a: Crawdaunt|Crawdaunt, F, tera:Water|68/100
|move|p2a: Corviknight|Brave Bird|p1a: Crawdaunt
|-damage|p1a: Crawdaunt|17/100
|-damage|p2a: Corviknight|60/100|[from] Recoil
|
|upkeep
|turn|21
|
|t:|1760376802
|move|p1a: Crawdaunt|Crabhammer|p2a: Corviknight
|-damage|p2a: Corviknight|0 fnt
|-damage|p1a: Crawdaunt|0 fnt|[from] item: Rocky Helmet|[of] p2a: Corviknight
|faint|p2a: Corviknight
|faint|p1a: Crawdaunt
|
|upkeep
|
|t:|1760376810
|switch|p1a: Slowking|Slowking-Galar, F|83/100
|switch|p2a: Iron Valiant|Iron Valiant, tera:Ghost|48/100
|turn|22
|
|t:|1760376814
|move|p2a: Iron Valiant|Knock Off|p1a: Slowking
|-supereffective|p1a: Slowking
|-damage|p1a: Slowking|12/100
|-enditem|p1a: Slowking|Assault Vest|[from] move: Knock Off|[of] p2a: Iron Valiant
|move|p1a: Slowking|Psyshock|p2a: Iron Valiant
|-damage|p2a: Iron Valiant|0 fnt
|faint|p2a: Iron Valiant
|-end|p2a: Iron Valiant|Quark Drive|[silent]
|
|upkeep
|
|t:|1760376822
|switch|p2a: Dragapult|Dragapult, F|100/100
|turn|23
|
|t:|1760376828
|switch|p1a: Gholdengo|Gholdengo|98/100
|move|p2a: Dragapult|Dragon Darts|p1a: Gholdengo
|-resisted|p1a: Gholdengo
|-damage|p1a: Gholdengo|89/100
|-anim|p2a: Dragapult|Dragon Darts|p1a: Gholdengo
|-resisted|p1a: Gholdengo
|-damage|p1a: Gholdengo|80/100
|-damage|p2a: Dragapult|91/100|[from] item: Life Orb
|
|upkeep
|turn|24
|
|t:|1760376834
|move|p2a: Dragapult|Fire Blast|p1a: Gholdengo
|-supereffective|p1a: Gholdengo
|-damage|p1a: Gholdengo|0 fnt
|faint|p1a: Gholdengo
|-damage|p2a: Dragapult|81/100|[from] item: Life Orb
|
|upkeep
|
|t:|1760376838
|switch|p1a: Slowking|Slowking-Galar, F|45/100
|turn|25
|
|t:|1760376840
|move|p2a: Dragapult|Dragon Darts|p1a: Slowking
|-damage|p1a: Slowking|16/100
|-anim|p2a: Dragapult|Dragon Darts|p1a: Slowking
|-damage|p1a: Slowking|0 fnt
|faint|p1a: Slowking
|-damage|p2a: Dragapult|71/100|[from] item: Life Orb
|
|win|hrt boymoder
|raw|TrentMercer's rating: 1539 &rarr; <strong>1520</strong><br />(-19 for losing)
|raw|hrt boymoder's rating: 1549 &rarr; <strong>1568</strong><br />(+19 for winning)
|l|☆TrentMercer
|player|p1|
|l|☆hrt boymoder
|player|p2|
