|j|☆spauty18
|j|☆patrickd420
|t:|1760384775
|gametype|singles
|player|p1|spauty18|101|1133
|player|p2|patrickd420|169|1137
|gen|9
|tier|[Gen 9] OU
|rated|
|rule|HP Percentage Mod: HP is shown in percentages
|rule|Endless Battle Clause: Forcing endless battles is banned
|rule|Species Clause: Limit one of each Pokémon
|rule|OHKO Clause: OHKO moves are banned
|rule|Evasion Items Clause: Evasion items are banned
|rule|Evasion Moves Clause: Evasion moves are banned
|rule|Evasion Abilities Clause: Evasion abilities are banned
|rule|Sleep Moves Clause: Sleep-inducing moves are banned
|clearpoke
|poke|p1|Umbreon, F|
|poke|p1|Manaphy|
|poke|p1|Alcremie, F|
|poke|p1|Gliscor, M|
|poke|p1|Great Tusk|
|poke|p1|Dondozo, M|
|poke|p2|Dondozo, M|
|poke|p2|Blissey, F|
|poke|p2|Corviknight, M|
|poke|p2|Gliscor, M|
|poke|p2|Hydrapple, F|
|poke|p2|Clodsire, M|
|teampreview
|inactive|Battle timer is ON: inactive players will automatically lose when time's up. (requested by patrickd420)
|
|t:|1760384780
|teamsize|p1|6
|teamsize|p2|6
|start
|switch|p1a: Manaphy|Manaphy|100/100
|switch|p2a: Clodsire|Clodsire, M|100/100
|turn|1
|
|t:|1760384787
|move|p1a: Manaphy|Tail Glow|p1a: Manaphy
|-boost|p1a: Manaphy|spa|3
|move|p2a: Clodsire|Toxic|p1a: Manaphy
|-status|p1a: Manaphy|tox
|
|-damage|p1a: Manaphy|94/100 tox|[from] psn
|upkeep
|turn|2
|
|t:|1760384795
|move|p1a: Manaphy|Tail Glow|p1a: Manaphy
|-boost|p1a: Manaphy|spa|3
|move|p2a: Clodsire|Spikes|p1a: Manaphy
|-sidestart|p1: spauty18|Spikes
|
|-heal|p1a: Manaphy|100/100 tox|[from] item: Leftovers
|-damage|p1a: Manaphy|88/100 tox|[from] psn
|upkeep
|turn|3
|
|t:|1760384807
|switch|p2a: Blissey|Blissey, F|100/100
|move|p1a: Manaphy|Ice Beam|p2a: Blissey
|-damage|p2a: Blissey|71/100
|
|-heal|p1a: Manaphy|94/100 tox|[from] item: Leftovers
|-heal|p2a: Blissey|77/100|[from] item: Leftovers
|-damage|p1a: Manaphy|76/100 tox|[from] psn
|upkeep
|turn|4
|
|t:|1760384817
|move|p1a: Manaphy|Surf|p2a: Blissey
|-damage|p2a: Blissey|26/100
|move|p2a: Blissey|Soft-Boiled|p2a: Blissey
|-heal|p2a: Blissey|76/100
|
|-heal|p1a: Manaphy|82/100 tox|[from] item: Leftovers
|-heal|p2a: Blissey|82/100|[from] item: Leftovers
|-damage|p1a: Manaphy|57/100 tox|[from] psn
|upkeep
|turn|5
|
|t:|1760384824
|move|p1a: Manaphy|Surf|p2a: Blissey
|-damage|p2a: Blissey|36/100
|move|p2a: Blissey|Soft-Boiled|p2a: Blissey
|-heal|p2a: Blissey|86/100
|
|-heal|p1a: Manaphy|64/100 tox|[from] item: Leftovers
|-heal|p2a: Blissey|92/100|[from] item: Leftovers
|-damage|p1a: Manaphy|33/100 tox|[from] psn
|upkeep
|turn|6
|
|t:|1760384835
|switch|p1a: Great Tusk|Great Tusk|100/100
|-damage|p1a: Great Tusk|88/100|[from] Spikes
|-enditem|p1a: Great Tusk|Booster Energy
|-activate|p1a: Great Tusk|ability: Protosynthesis|[fromitem]
|-start|p1a: Great Tusk|protosynthesisatk
|move|p2a: Blissey|Calm Mind|p2a: Blissey
|-boost|p2a: Blissey|spa|1
|-boost|p2a: Blissey|spd|1
|
|-heal|p2a: Blissey|99/100|[from] item: Leftovers
|upkeep
|turn|7
|
|t:|1760384855
|switch|p2a: Dondozo|Dondozo, M|100/100
|move|p1a: Great Tusk|Rapid Spin|p2a: Dondozo
|-damage|p2a: Dondozo|89/100
|-boost|p1a: Great Tusk|spe|1
|-sideend|p1: spauty18|Spikes|[from] move: Rapid Spin|[of] p1a: Great Tusk
|
|-heal|p2a: Dondozo|96/100|[from] item: Leftovers
|upkeep
|turn|8
|
|t:|1760384865
|-end|p1a: Great Tusk|Protosynthesis|[silent]
|switch|p1a: Umbreon|Umbreon, F|100/100
|move|p2a: Dondozo|Curse|p2a: Dondozo
|-unboost|p2a: Dondozo|spe|1
|-boost|p2a: Dondozo|atk|1
|-boost|p2a: Dondozo|def|1
|
|-heal|p2a: Dondozo|100/100|[from] item: Leftovers
|upkeep
|turn|9
|
|t:|1760384873
|move|p1a: Umbreon|Toxic|p2a: Dondozo
|-status|p2a: Dondozo|tox
|move|p2a: Dondozo|Liquidation|p1a: Umbreon
|-damage|p1a: Umbreon|71/100
|
|-heal|p1a: Umbreon|77/100|[from] item: Leftovers
|-damage|p2a: Dondozo|94/100 tox|[from] psn
|upkeep
|turn|10
|
|t:|1760384883
|move|p1a: Umbreon|Foul Play|p2a: Dondozo
|-damage|p2a: Dondozo|85/100 tox
|move|p2a: Dondozo|Liquidation|p1a: Umbreon
|-damage|p1a: Umbreon|44/100
|
|-heal|p1a: Umbreon|50/100|[from] item: Leftovers
|-heal|p2a: Dondozo|91/100 tox|[from] item: Leftovers
|-damage|p2a: Dondozo|79/100 tox|[from] psn
|upkeep
|turn|11
|
|t:|1760384893
|move|p1a: Umbreon|Wish|p1a: Umbreon
|move|p2a: Dondozo|Liquidation|p1a: Umbreon
|-damage|p1a: Umbreon|17/100
|
|-heal|p1a: Umbreon|23/100|[from] item: Leftovers
|-heal|p2a: Dondozo|85/100 tox|[from] item: Leftovers
|-damage|p2a: Dondozo|66/100 tox|[from] psn
|upkeep
|turn|12
|
|t:|1760384901
|move|p1a: Umbreon|Protect|p1a: Umbreon
|-singleturn|p1a: Umbreon|Protect
|move|p2a: Dondozo|Liquidation|p1a: Umbreon
|-activate|p1a: Umbreon|move: Protect
|
|-heal|p1a: Umbreon|73/100|[from] move: Wish|[wisher] Umbreon
|-heal|p1a: Umbreon|79/100|[from] item: Leftovers
|-heal|p2a: Dondozo|73/100 tox|[from] item: Leftovers
|-damage|p2a: Dondozo|48/100 tox|[from] psn
|upkeep
|turn|13
|
|t:|1760384912
|move|p1a: Umbreon|Wish|p1a: Umbreon
|move|p2a: Dondozo|Rest|p2a: Dondozo
|-status|p2a: Dondozo|slp|[from] move: Rest
|-heal|p2a: Dondozo|100/100 slp|[silent]
|
|-heal|p1a: Umbreon|86/100|[from] item: Leftovers
|upkeep
|turn|14
|
|t:|1760384919
|switch|p1a: Manaphy|Manaphy|33/100 tox
|cant|p2a: Dondozo|slp
|move|p2a: Dondozo|Sleep Talk|p2a: Dondozo
|move|p2a: Dondozo|Liquidation|p1a: Manaphy|[from] move: Sleep Talk
|-resisted|p1a: Manaphy
|-damage|p1a: Manaphy|9/100 tox
|
|-heal|p1a: Manaphy|67/100 tox|[from] move: Wish|[wisher] Umbreon
|-heal|p1a: Manaphy|73/100 tox|[from] item: Leftovers
|-damage|p1a: Manaphy|67/100 tox|[from] psn
|upkeep
|turn|15
|
|t:|1760384935
|switch|p2a: Clodsire|Clodsire, M|100/100
|move|p1a: Manaphy|Tail Glow|p1a: Manaphy
|-boost|p1a: Manaphy|spa|3
|
|-heal|p1a: Manaphy|73/100 tox|[from] item: Leftovers
|-damage|p1a: Manaphy|61/100 tox|[from] psn
|upkeep
|turn|16
|
|t:|1760384943
|move|p1a: Manaphy|Ice Beam|p2a: Clodsire
|-supereffective|p2a: Clodsire
|-damage|p2a: Clodsire|75/100
|move|p2a: Clodsire|Spikes|p1a: Manaphy
|-sidestart|p1: spauty18|Spikes
|
|-heal|p1a: Manaphy|67/100 tox|[from] item: Leftovers
|-heal|p2a: Clodsire|81/100|[from] item: Black Sludge
|-damage|p1a: Manaphy|48/100 tox|[from] psn
|upkeep
|turn|17
|
|t:|1760384952
|move|p2a: Clodsire|Protect|p2a: Clodsire
|-singleturn|p2a: Clodsire|Protect
|move|p1a: Manaphy|Ice Beam|p2a: Clodsire
|-activate|p2a: Clodsire|move: Protect
|
|-heal|p1a: Manaphy|54/100 tox|[from] item: Leftovers
|-heal|p2a: Clodsire|87/100|[from] item: Black Sludge
|-damage|p1a: Manaphy|30/100 tox|[from] psn
|upkeep
|turn|18
|
|t:|1760384961
|move|p1a: Manaphy|Ice Beam|p2a: Clodsire
|-supereffective|p2a: Clodsire
|-damage|p2a: Clodsire|60/100
|move|p2a: Clodsire|Recover|p2a: Clodsire
|-heal|p2a: Clodsire|100/100
|
|-heal|p1a: Manaphy|36/100 tox|[from] item: Leftovers
|-damage|p1a: Manaphy|5/100 tox|[from] psn
|upkeep
|turn|19
|
|t:|1760384971
|move|p1a: Manaphy|Ice Beam|p2a: Clodsire
|-supereffective|p2a: Clodsire
|-damage|p2a: Clodsire|71/100
|move|p2a: Clodsire|Toxic|p1a: Manaphy
|-fail|p1a: Manaphy|tox
|
|-heal|p1a: Manaphy|11/100 tox|[from] item: Leftovers
|-heal|p2a: Clodsire|77/100|[from] item: Black Sludge
|-damage|p1a: Manaphy|0 fnt|[from] psn
|faint|p1a: Manaphy
|upkeep
|
|t:|1760384984
|switch|p1a: Dondozo|Dondozo, M|100/100
|-damage|p1a: Dondozo|88/100|[from] Spikes
|turn|20
|
|t:|1760384988
|move|p1a: Dondozo|Wave Crash|p2a: Clodsire
|-supereffective|p2a: Clodsire
|-damage|p2a: Clodsire|0 fnt
|faint|p2a: Clodsire
|-damage|p1a: Dondozo|65/100|[from] Recoil
|
|-heal|p1a: Dondozo|71/100|[from] item: Leftovers
|upkeep
|
|t:|1760384995
|switch|p2a: Hydrapple|Hydrapple, F|100/100
|turn|21
|
|t:|1760385001
|switch|p1a: Umbreon|Umbreon, F|86/100
|-damage|p1a: Umbreon|73/100|[from] Spikes
|move|p2a: Hydrapple|Nasty Plot|p2a: Hydrapple
|-boost|p2a: Hydrapple|spa|2
|
|-heal|p1a: Umbreon|79/100|[from] item: Leftovers
|upkeep
|turn|22
|
|t:|1760385012
|move|p1a: Umbreon|Toxic|p2a: Hydrapple|[miss]
|-miss|p1a: Umbreon|p2a: Hydrapple
|move|p2a: Hydrapple|Fickle Beam|p1a: Umbreon
|-damage|p1a: Umbreon|39/100
|
|-heal|p1a: Umbreon|45/100|[from] item: Leftovers
|upkeep
|turn|23
|
|t:|1760385021
|move|p1a: Umbreon|Protect|p1a: Umbreon
|-singleturn|p1a: Umbreon|Protect
|move|p2a: Hydrapple|Nasty Plot|p2a: Hydrapple
|-boost|p2a: Hydrapple|spa|2
|
|-heal|p1a: Umbreon|51/100|[from] item: Leftovers
|upkeep
|turn|24
|
|t:|1760385028
|-terastallize|p1a: Umbreon|Steel
|move|p1a: Umbreon|Toxic|p2a: Hydrapple
|-status|p2a: Hydrapple|tox
|move|p2a: Hydrapple|Fickle Beam|p1a: Umbreon
|-resisted|p1a: Umbreon
|-damage|p1a: Umbreon|19/100
|
|-heal|p1a: Umbreon|25/100|[from] item: Leftovers
|-damage|p2a: Hydrapple|94/100 tox|[from] psn
|upkeep
|turn|25
|
|t:|1760385039
|move|p1a: Umbreon|Protect|p1a: Umbreon
|-singleturn|p1a: Umbreon|Protect
|move|p2a: Hydrapple|Earth Power|p1a: Umbreon
|-activate|p1a: Umbreon|move: Protect
|
|-heal|p1a: Umbreon|31/100|[from] item: Leftovers
|-damage|p2a: Hydrapple|82/100 tox|[from] psn
|upkeep
|turn|26
|
|t:|1760385065
|move|p1a: Umbreon|Protect||[still]
|-fail|p1a: Umbreon
|move|p2a: Hydrapple|Giga Drain|p1a: Umbreon
|-resisted|p1a: Umbreon
|-damage|p1a: Umbreon|0 fnt
|-heal|p2a: Hydrapple|97/100 tox|[from] drain|[of] p1a: Umbreon
|faint|p1a: Umbreon
|
|-damage|p2a: Hydrapple|79/100 tox|[from] psn
|upkeep
|
|t:|1760385073
|switch|p1a: Alcremie|Alcremie, F, shiny|100/100
|-damage|p1a: Alcremie|88/100|[from] Spikes
|turn|27
|
|t:|1760385082
|-terastallize|p2a: Hydrapple|Fairy
|move|p1a: Alcremie|Draining Kiss|p2a: Hydrapple
|-damage|p2a: Hydrapple|58/100 tox
|-heal|p1a: Alcremie|100/100|[from] drain|[of] p2a: Hydrapple
|move|p2a: Hydrapple|Giga Drain|p1a: Alcremie
|-damage|p1a: Alcremie|15/100
|-heal|p2a: Hydrapple|86/100 tox|[from] drain|[of] p1a: Alcremie
|
|-heal|p1a: Alcremie|21/100|[from] item: Leftovers
|-damage|p2a: Hydrapple|61/100 tox|[from] psn
|upkeep
|turn|28
|
|t:|1760385094
|move|p1a: Alcremie|Draining Kiss|p2a: Hydrapple
|-damage|p2a: Hydrapple|40/100 tox
|-heal|p1a: Alcremie|45/100|[from] drain|[of] p2a: Hydrapple
|move|p2a: Hydrapple|Giga Drain|p1a: Alcremie
|-damage|p1a: Alcremie|0 fnt
|-heal|p2a: Hydrapple|55/100 tox|[from] drain|[of] p1a: Alcremie
|faint|p1a: Alcremie
|
|-damage|p2a: Hydrapple|25/100 tox|[from] psn
|upkeep
|inactive|spauty18 has 120 seconds left.
|
|t:|1760385114
|switch|p1a: Great Tusk|Great Tusk|88/100
|-damage|p1a: Great Tusk|76/100|[from] Spikes
|turn|29
|inactive|spauty18 has 120 seconds left.
|
|t:|1760385125
|switch|p2a: Dondozo|Dondozo, M|100/100 slp
|move|p1a: Great Tusk|Earthquake|p2a: Dondozo
|-damage|p2a: Dondozo|78/100 slp
|
|-heal|p2a: Dondozo|84/100 slp|[from] item: Leftovers
|upkeep
|turn|30
|
|t:|1760385132
|move|p1a: Great Tusk|Rapid Spin|p2a: Dondozo
|-damage|p2a: Dondozo|76/100 slp
|-boost|p1a: Great Tusk|spe|1
|-sideend|p1: spauty18|Spikes|[from] move: Rapid Spin|[of] p1a: Great Tusk
|cant|p2a: Dondozo|slp
|move|p2a: Dondozo|Sleep Talk|p2a: Dondozo
|move|p2a: Dondozo|Rest||[from] move: Sleep Talk|[still]
|-fail|p2a: Dondozo
|
|-heal|p2a: Dondozo|82/100 slp|[from] item: Leftovers
|upkeep
|turn|31
|
|t:|1760385143
|-curestatus|p2a: Dondozo|slp|[msg]
|move|p2a: Dondozo|Curse|p2a: Dondozo
|-unboost|p2a: Dondozo|spe|1
|-boost|p2a: Dondozo|atk|1
|-boost|p2a: Dondozo|def|1
|move|p1a: Great Tusk|Roar|p2a: Dondozo
|drag|p2a: Corviknight|Corviknight, M|100/100
|-ability|p2a: Corviknight|Pressure
|
|upkeep
|turn|32
|
|t:|1760385157
|move|p1a: Great Tusk|Body Press|p2a: Corviknight
|-damage|p2a: Corviknight|77/100
|-damage|p1a: Great Tusk|59/100|[from] item: Rocky Helmet|[of] p2a: Corviknight
|move|p2a: Corviknight|Iron Defense|p2a: Corviknight
|-boost|p2a: Corviknight|def|2
|
|upkeep
|turn|33
|
|t:|1760385164
|-end|p1a: Great Tusk|Protosynthesis|[silent]
|switch|p1a: Dondozo|Dondozo, M|71/100
|move|p2a: Corviknight|Body Press|p1a: Dondozo
|-damage|p1a: Dondozo|46/100
|
|-heal|p1a: Dondozo|52/100|[from] item: Leftovers
|upkeep
|turn|34
|
|t:|1760385184
|switch|p2a: Hydrapple|Hydrapple, F, tera:Fairy|58/100 tox
|move|p1a: Dondozo|Curse|p1a: Dondozo
|-unboost|p1a: Dondozo|spe|1
|-boost|p1a: Dondozo|atk|1
|-boost|p1a: Dondozo|def|1
|
|-heal|p1a: Dondozo|58/100|[from] item: Leftovers
|-damage|p2a: Hydrapple|52/100 tox|[from] psn
|upkeep
|turn|35
|inactive|patrickd420 has 120 seconds left.
|
|t:|1760385207
|switch|p2a: Dondozo|Dondozo, M|82/100
|move|p1a: Dondozo|Rest|p1a: Dondozo
|-status|p1a: Dondozo|slp|[from] move: Rest
|-heal|p1a: Dondozo|100/100 slp|[silent]
|
|-heal|p2a: Dondozo|88/100|[from] item: Leftovers
|upkeep
|turn|36
|inactive|patrickd420 has 120 seconds left.
|
|t:|1760385220
|move|p2a: Dondozo|Curse|p2a: Dondozo
|-unboost|p2a: Dondozo|spe|1
|-boost|p2a: Dondozo|atk|1
|-boost|p2a: Dondozo|def|1
|cant|p1a: Dondozo|slp
|move|p1a: Dondozo|Sleep Talk|p1a: Dondozo
|move|p1a: Dondozo|Wave Crash|p2a: Dondozo|[from] move: Sleep Talk
|-resisted|p2a: Dondozo
|-damage|p2a: Dondozo|82/100
|-damage|p1a: Dondozo|98/100 slp|[from] Recoil
|
|-heal|p1a: Dondozo|100/100 slp|[from] item: Leftovers
|-heal|p2a: Dondozo|88/100|[from] item: Leftovers
|upkeep
|turn|37
|inactive|patrickd420 has 120 seconds left.
|
|t:|1760385244
|cant|p1a: Dondozo|slp
|move|p1a: Dondozo|Sleep Talk|p1a: Dondozo
|move|p1a: Dondozo|Wave Crash|p2a: Dondozo|[from] move: Sleep Talk
|-resisted|p2a: Dondozo
|-damage|p2a: Dondozo|82/100
|-damage|p1a: Dondozo|99/100 slp|[from] Recoil
|move|p2a: Dondozo|Curse|p2a: Dondozo
|-unboost|p2a: Dondozo|spe|1
|-boost|p2a: Dondozo|atk|1
|-boost|p2a: Dondozo|def|1
|
|-heal|p1a: Dondozo|100/100 slp|[from] item: Leftovers
|-heal|p2a: Dondozo|88/100|[from] item: Leftovers
|upkeep
|turn|38
|inactive|patrickd420 has 120 seconds left.
|
|t:|1760385256
|-curestatus|p1a: Dondozo|slp|[msg]
|move|p1a: Dondozo|Curse|p1a: Dondozo
|-unboost|p1a: Dondozo|spe|1
|-boost|p1a: Dondozo|atk|1
|-boost|p1a: Dondozo|def|1
|move|p2a: Dondozo|Curse|p2a: Dondozo
|-unboost|p2a: Dondozo|spe|1
|-boost|p2a: Dondozo|atk|1
|-boost|p2a: Dondozo|def|1
|
|-heal|p2a: Dondozo|94/100|[from] item: Leftovers
|upkeep
|turn|39
|inactive|patrickd420 has 120 seconds left.
|
|t:|1760385266
|move|p1a: Dondozo|Curse|p1a: Dondozo
|-unboost|p1a: Dondozo|spe|1
|-boost|p1a: Dondozo|atk|1
|-boost|p1a: Dondozo|def|1
|move|p2a: Dondozo|Curse|p2a: Dondozo
|-unboost|p2a: Dondozo|spe|1
|-boost|p2a: Dondozo|atk|1
|-boost|p2a: Dondozo|def|1
|
|-heal|p2a: Dondozo|100/100|[from] item: Leftovers
|upkeep
|turn|40
|
|t:|1760385275
|move|p1a: Dondozo|Curse|p1a: Dondozo
|-unboost|p1a: Dondozo|spe|1
|-boost|p1a: Dondozo|atk|1
|-boost|p1a: Dondozo|def|1
|move|p2a: Dondozo|Curse|p2a: Dondozo
|-unboost|p2a: Dondozo|spe|1
|-boost|p2a: Dondozo|atk|1
|-boost|p2a: Dondozo|def|1
|
|upkeep
|turn|41
|
|t:|1760385284
|move|p1a: Dondozo|Curse|p1a: Dondozo
|-unboost|p1a: Dondozo|spe|1
|-boost|p1a: Dondozo|atk|1
|-boost|p1a: Dondozo|def|1
|move|p2a: Dondozo|Curse|p2a: Dondozo
|-unboost|p2a: Dondozo|spe|1
|-boost|p2a: Dondozo|atk|1
|-boost|p2a: Dondozo|def|1
|
|upkeep
|turn|42
|
|t:|1760385296
|move|p1a: Dondozo|Curse|p1a: Dondozo
|-unboost|p1a: Dondozo|spe|1
|-boost|p1a: Dondozo|atk|1
|-boost|p1a: Dondozo|def|1
|move|p2a: Dondozo|Sleep Talk||[still]
|-fail|p2a: Dondozo
|
|upkeep
|turn|43
|
|t:|1760385313
|move|p2a: Dondozo|Curse|p2a: Dondozo
|move|p1a: Dondozo|Wave Crash|p2a: Dondozo
|-resisted|p2a: Dondozo
|-damage|p2a: Dondozo|98/100
|-damage|p1a: Dondozo|99/100|[from] Recoil
|
|-heal|p2a: Dondozo|100/100|[from] item: Leftovers
|-heal|p1a: Dondozo|100/100|[from] item: Leftovers
|upkeep
|turn|44
|
|t:|1760385329
|move|p2a: Dondozo|Curse|p2a: Dondozo
|move|p1a: Dondozo|Curse|p1a: Dondozo
|
|upkeep
|turn|45
|c|☆spauty18|what to do
|
|t:|1760385342
|move|p1a: Dondozo|Curse|p1a: Dondozo
|move|p2a: Dondozo|Curse|p2a: Dondozo
|
|upkeep
|turn|46
|
|t:|1760385346
|move|p2a: Dondozo|Rest|p2a: Dondozo
|-fail|p2a: Dondozo|heal
|move|p1a: Dondozo|Rest|p1a: Dondozo
|-fail|p1a: Dondozo|heal
|
|upkeep
|turn|47
|
|t:|1760385355
|move|p2a: Dondozo|Sleep Talk||[still]
|-fail|p2a: Dondozo
|move|p1a: Dondozo|Curse|p1a: Dondozo
|
|upkeep
|turn|48
|
|t:|1760385362
|move|p2a: Dondozo|Sleep Talk||[still]
|-fail|p2a: Dondozo
|move|p1a: Dondozo|Sleep Talk||[still]
|-fail|p1a: Dondozo
|
|upkeep
|turn|49
|
|t:|1760385367
|move|p1a: Dondozo|Sleep Talk||[still]
|-fail|p1a: Dondozo
|move|p2a: Dondozo|Sleep Talk||[still]
|-fail|p2a: Dondozo
|
|upkeep
|turn|50
|
|t:|1760385375
|move|p1a: Dondozo|Sleep Talk||[still]
|-fail|p1a: Dondozo
|move|p2a: Dondozo|Sleep Talk||[still]
|-fail|p2a: Dondozo
|
|upkeep
|turn|51
|
|t:|1760385395
|move|p2a: Dondozo|Sleep Talk||[still]
|-fail|p2a: Dondozo
|move|p1a: Dondozo|Sleep Talk||[still]
|-fail|p1a: Dondozo
|
|upkeep
|turn|52
|
|t:|1760385405
|move|p1a: Dondozo|Sleep Talk||[still]
|-fail|p1a: Dondozo
|move|p2a: Dondozo|Sleep Talk||[still]
|-fail|p2a: Dondozo
|
|upkeep
|turn|53
|
|t:|1760385413
|move|p1a: Dondozo|Sleep Talk||[still]
|-fail|p1a: Dondozo
|move|p2a: Dondozo|Sleep Talk||[still]
|-fail|p2a: Dondozo
|
|upkeep
|turn|54
|
|t:|1760385420
|move|p2a: Dondozo|Sleep Talk||[still]
|-fail|p2a: Dondozo
|move|p1a: Dondozo|Sleep Talk||[still]
|-fail|p1a: Dondozo
|
|upkeep
|turn|55
|
|t:|1760385425
|move|p2a: Dondozo|Sleep Talk||[still]
|-fail|p2a: Dondozo
|move|p1a: Dondozo|Curse|p1a: Dondozo
|
|upkeep
|turn|56
|
|t:|1760385431
|move|p2a: Dondozo|Rest|p2a: Dondozo
|-fail|p2a: Dondozo|heal
|move|p1a: Dondozo|Curse|p1a: Dondozo
|
|upkeep
|turn|57
|
|t:|1760385436
|move|p2a: Dondozo|Curse|p2a: Dondozo
|move|p1a: Dondozo|Sleep Talk||[still]
|-fail|p1a: Dondozo
|
|upkeep
|turn|58
|
|t:|1760385440
|move|p1a: Dondozo|Sleep Talk||[still]
|-fail|p1a: Dondozo
|move|p2a: Dondozo|Rest|p2a: Dondozo
|-fail|p2a: Dondozo|heal
|
|upkeep
|turn|59
|
|t:|1760385446
|move|p1a: Dondozo|Sleep Talk||[still]
|-fail|p1a: Dondozo
|move|p2a: Dondozo|Curse|p2a: Dondozo
|
|upkeep
|turn|60
|
|t:|1760385451
|move|p1a: Dondozo|Sleep Talk||[still]
|-fail|p1a: Dondozo
|move|p2a: Dondozo|Rest|p2a: Dondozo
|-fail|p2a: Dondozo|heal
|
|upkeep
|turn|61
|
|t:|1760385458
|move|p2a: Dondozo|Curse|p2a: Dondozo
|move|p1a: Dondozo|Sleep Talk||[still]
|-fail|p1a: Dondozo
|
|upkeep
|turn|62
|
|t:|1760385463
|move|p2a: Dondozo|Rest|p2a: Dondozo
|-fail|p2a: Dondozo|heal
|move|p1a: Dondozo|Sleep Talk||[still]
|-fail|p1a: Dondozo
|
|upkeep
|turn|63
|
|t:|1760385472
|move|p1a: Dondozo|Curse|p1a: Dondozo
|move|p2a: Dondozo|Liquidation|p1a: Dondozo
|-resisted|p1a: Dondozo
|-damage|p1a: Dondozo|74/100
|-unboost|p1a: Dondozo|def|1
|
|-heal|p1a: Dondozo|80/100|[from] item: Leftovers
|upkeep
|turn|64
|
|t:|1760385486
|move|p2a: Dondozo|Rest|p2a: Dondozo
|-fail|p2a: Dondozo|heal
|move|p1a: Dondozo|Curse|p1a: Dondozo
|-boost|p1a: Dondozo|def|1
|
|-heal|p1a: Dondozo|87/100|[from] item: Leftovers
|upkeep
|turn|65
|
|t:|1760385494
|move|p1a: Dondozo|Wave Crash|p2a: Dondozo
|-resisted|p2a: Dondozo
|-damage|p2a: Dondozo|98/100
|-damage|p1a: Dondozo|86/100|[from] Recoil
|move|p2a: Dondozo|Curse|p2a: Dondozo
|
|-heal|p1a: Dondozo|92/100|[from] item: Leftovers
|-heal|p2a: Dondozo|100/100|[from] item: Leftovers
|upkeep
|turn|66
|
|t:|1760385518
|move|p1a: Dondozo|Curse|p1a: Dondozo
|move|p2a: Dondozo|Curse|p2a: Dondozo
|
|-heal|p1a: Dondozo|98/100|[from] item: Leftovers
|upkeep
|turn|67
|
|t:|1760385523
|move|p1a: Dondozo|Wave Crash|p2a: Dondozo
|-resisted|p2a: Dondozo
|-damage|p2a: Dondozo|98/100
|-damage|p1a: Dondozo|97/100|[from] Recoil
|move|p2a: Dondozo|Rest|p2a: Dondozo
|-status|p2a: Dondozo|slp|[from] move: Rest
|-heal|p2a: Dondozo|100/100 slp|[silent]
|
|-heal|p1a: Dondozo|100/100|[from] item: Leftovers
|upkeep
|turn|68
|
|t:|1760385534
|move|p1a: Dondozo|Curse|p1a: Dondozo
|cant|p2a: Dondozo|slp
|move|p2a: Dondozo|Sleep Talk|p2a: Dondozo
|move|p2a: Dondozo|Liquidation|p1a: Dondozo|[from] move: Sleep Talk
|-resisted|p1a: Dondozo
|-damage|p1a: Dondozo|74/100
|
|-heal|p1a: Dondozo|80/100|[from] item: Leftovers
|upkeep
|turn|69
|
|t:|1760385553
|cant|p2a: Dondozo|slp
|move|p2a: Dondozo|Sleep Talk|p2a: Dondozo
|move|p2a: Dondozo|Rest||[from] move: Sleep Talk|[still]
|-fail|p2a: Dondozo
|move|p1a: Dondozo|Rest|p1a: Dondozo
|-status|p1a: Dondozo|slp|[from] move: Rest
|-heal|p1a: Dondozo|100/100 slp|[silent]
|
|upkeep
|turn|70
|
|t:|1760385574
|cant|p1a: Dondozo|slp
|move|p1a: Dondozo|Sleep Talk|p1a: Dondozo
|move|p1a: Dondozo|Curse|p1a: Dondozo|[from] move: Sleep Talk
|-curestatus|p2a: Dondozo|slp|[msg]
|move|p2a: Dondozo|Sleep Talk||[still]
|-fail|p2a: Dondozo
|
|upkeep
|turn|71
|
|t:|1760385584
|cant|p1a: Dondozo|slp
|move|p2a: Dondozo|Sleep Talk||[still]
|-fail|p2a: Dondozo
|
|upkeep
|turn|72
|
|t:|1760385595
|-curestatus|p1a: Dondozo|slp|[msg]
|move|p1a: Dondozo|Wave Crash|p2a: Dondozo
|-resisted|p2a: Dondozo
|-damage|p2a: Dondozo|98/100
|-damage|p1a: Dondozo|99/100|[from] Recoil
|move|p2a: Dondozo|Liquidation|p1a: Dondozo
|-resisted|p1a: Dondozo
|-damage|p1a: Dondozo|74/100
|
|-heal|p1a: Dondozo|80/100|[from] item: Leftovers
|-heal|p2a: Dondozo|100/100|[from] item: Leftovers
|upkeep
|turn|73
|c|☆spauty18|how r u doing so much
|
|t:|1760385609
|move|p2a: Dondozo|Liquidation|p1a: Dondozo
|-resisted|p1a: Dondozo
|-damage|p1a: Dondozo|51/100
|move|p1a: Dondozo|Wave Crash|p2a: Dondozo
|-resisted|p2a: Dondozo
|-damage|p2a: Dondozo|98/100
|-damage|p1a: Dondozo|50/100|[from] Recoil
|
|-heal|p2a: Dondozo|100/100|[from] item: Leftovers
|-heal|p1a: Dondozo|56/100|[from] item: Leftovers
|upkeep
|turn|74
|
|t:|1760385621
|move|p2a: Dondozo|Liquidation|p1a: Dondozo
|-resisted|p1a: Dondozo
|-damage|p1a: Dondozo|28/100
|move|p1a: Dondozo|Rest|p1a: Dondozo
|-status|p1a: Dondozo|slp|[from] move: Rest
|-heal|p1a: Dondozo|100/100 slp|[silent]
|
|upkeep
|turn|75
|
|t:|1760385629
|move|p2a: Dondozo|Liquidation|p1a: Dondozo
|-resisted|p1a: Dondozo
|-damage|p1a: Dondozo|73/100 slp
|cant|p1a: Dondozo|slp
|
|-heal|p1a: Dondozo|79/100 slp|[from] item: Leftovers
|upkeep
|turn|76
|
|t:|1760385635
|cant|p1a: Dondozo|slp
|move|p2a: Dondozo|Liquidation|p1a: Dondozo
|-resisted|p1a: Dondozo
|-damage|p1a: Dondozo|49/100 slp
|
|-heal|p1a: Dondozo|55/100 slp|[from] item: Leftovers
|upkeep
|turn|77
|
|t:|1760385647
|move|p2a: Dondozo|Liquidation|p1a: Dondozo
|-resisted|p1a: Dondozo
|-damage|p1a: Dondozo|27/100 slp
|-unboost|p1a: Dondozo|def|1
|-curestatus|p1a: Dondozo|slp|[msg]
|move|p1a: Dondozo|Rest|p1a: Dondozo
|-status|p1a: Dondozo|slp|[from] move: Rest
|-heal|p1a: Dondozo|100/100 slp|[silent]
|
|upkeep
|turn|78
|
|t:|1760385659
|switch|p2a: Hydrapple|Hydrapple, F, tera:Fairy|86/100 tox
|cant|p1a: Dondozo|slp
|
|-damage|p2a: Hydrapple|79/100 tox|[from] psn
|upkeep
|turn|79
|
|t:|1760385666
|move|p2a: Hydrapple|Nasty Plot|p2a: Hydrapple
|-boost|p2a: Hydrapple|spa|2
|cant|p1a: Dondozo|slp
|
|-damage|p2a: Hydrapple|67/100 tox|[from] psn
|upkeep
|turn|80
|
|t:|1760385673
|move|p2a: Hydrapple|Nasty Plot|p2a: Hydrapple
|-boost|p2a: Hydrapple|spa|2
|-curestatus|p1a: Dondozo|slp|[msg]
|move|p1a: Dondozo|Wave Crash|p2a: Hydrapple
|-damage|p2a: Hydrapple|0 fnt
|faint|p2a: Hydrapple
|-damage|p1a: Dondozo|82/100|[from] Recoil
|
|-heal|p1a: Dondozo|89/100|[from] item: Leftovers
|upkeep
|
|t:|1760385685
|switch|p2a: Corviknight|Corviknight, M|77/100
|-ability|p2a: Corviknight|Pressure
|turn|81
|
|t:|1760385692
|move|p2a: Corviknight|Iron Defense|p2a: Corviknight
|-boost|p2a: Corviknight|def|2
|move|p1a: Dondozo|Wave Crash|p2a: Corviknight
|-damage|p2a: Corviknight|27/100
|-damage|p1a: Dondozo|72/100|[from] item: Rocky Helmet|[of] p2a: Corviknight
|-damage|p1a: Dondozo|59/100|[from] Recoil
|
|-heal|p1a: Dondozo|65/100|[from] item: Leftovers
|upkeep
|turn|82
|
|t:|1760385701
|move|p2a: Corviknight|Roost|p2a: Corviknight
|-heal|p2a: Corviknight|77/100
|-singleturn|p2a: Corviknight|move: Roost
|move|p1a: Dondozo|Wave Crash|p2a: Corviknight
|-damage|p2a: Corviknight|30/100
|-damage|p1a: Dondozo|48/100|[from] item: Rocky Helmet|[of] p2a: Corviknight
|-damage|p1a: Dondozo|36/100|[from] Recoil
|
|-heal|p1a: Dondozo|42/100|[from] item: Leftovers
|upkeep
|turn|83
|
|t:|1760385716
|move|p2a: Corviknight|Roost|p2a: Corviknight
|-heal|p2a: Corviknight|80/100
|-singleturn|p2a: Corviknight|move: Roost
|move|p1a: Dondozo|Curse|p1a: Dondozo
|-boost|p1a: Dondozo|def|1
|
|-heal|p1a: Dondozo|49/100|[from] item: Leftovers
|upkeep
|turn|84
|
|t:|1760385736
|move|p2a: Corviknight|Iron Defense|p2a: Corviknight
|-boost|p2a: Corviknight|def|2
|move|p1a: Dondozo|Wave Crash|p2a: Corviknight
|-damage|p2a: Corviknight|47/100
|-damage|p1a: Dondozo|32/100|[from] item: Rocky Helmet|[of] p2a: Corviknight
|-damage|p1a: Dondozo|23/100|[from] Recoil
|
|-heal|p1a: Dondozo|29/100|[from] item: Leftovers
|upkeep
|turn|85
|
|t:|1760385744
|move|p2a: Corviknight|Roost|p2a: Corviknight
|-heal|p2a: Corviknight|97/100
|-singleturn|p2a: Corviknight|move: Roost
|move|p1a: Dondozo|Rest|p1a: Dondozo
|-status|p1a: Dondozo|slp|[from] move: Rest
|-heal|p1a: Dondozo|100/100 slp|[silent]
|
|upkeep
|turn|86
|
|t:|1760385752
|move|p2a: Corviknight|Iron Defense|p2a: Corviknight
|-boost|p2a: Corviknight|def|2
|cant|p1a: Dondozo|slp
|
|upkeep
|turn|87
|
|t:|1760385757
|move|p2a: Corviknight|Defog|p1a: Dondozo
|-unboost|p1a: Dondozo|evasion|1
|cant|p1a: Dondozo|slp
|
|upkeep
|turn|88
|
|t:|1760385761
|move|p2a: Corviknight|Defog|p1a: Dondozo
|-unboost|p1a: Dondozo|evasion|1
|-curestatus|p1a: Dondozo|slp|[msg]
|move|p1a: Dondozo|Wave Crash|p2a: Corviknight
|-damage|p2a: Corviknight|70/100
|-damage|p1a: Dondozo|84/100|[from] item: Rocky Helmet|[of] p2a: Corviknight
|-damage|p1a: Dondozo|77/100|[from] Recoil
|
|-heal|p1a: Dondozo|83/100|[from] item: Leftovers
|upkeep
|turn|89
|
|t:|1760385776
|move|p2a: Corviknight|Body Press|p1a: Dondozo
|-damage|p1a: Dondozo|70/100
|move|p1a: Dondozo|Wave Crash|p2a: Corviknight
|-damage|p2a: Corviknight|46/100
|-damage|p1a: Dondozo|53/100|[from] item: Rocky Helmet|[of] p2a: Corviknight
|-damage|p1a: Dondozo|47/100|[from] Recoil
|
|-heal|p1a: Dondozo|53/100|[from] item: Leftovers
|upkeep
|turn|90
|
|t:|1760385785
|move|p2a: Corviknight|Roost|p2a: Corviknight
|-heal|p2a: Corviknight|96/100
|-singleturn|p2a: Corviknight|move: Roost
|move|p1a: Dondozo|Rest|p1a: Dondozo
|-status|p1a: Dondozo|slp|[from] move: Rest
|-heal|p1a: Dondozo|100/100 slp|[silent]
|
|upkeep
|turn|91
|
|t:|1760385797
|switch|p2a: Gliscor|Gliscor, M|100/100
|cant|p1a: Dondozo|slp
|
|-status|p2a: Gliscor|tox|[from] item: Toxic Orb
|upkeep
|turn|92
|
|t:|1760385804
|move|p2a: Gliscor|Knock Off|p1a: Dondozo
|-damage|p1a: Dondozo|98/100 slp
|-enditem|p1a: Dondozo|Leftovers|[from] move: Knock Off|[of] p2a: Gliscor
|cant|p1a: Dondozo|slp
|
|upkeep
|turn|93
|
|t:|1760385816
|switch|p2a: Blissey|Blissey, F|99/100
|-curestatus|p1a: Dondozo|slp|[msg]
|move|p1a: Dondozo|Rest|p1a: Dondozo
|-status|p1a: Dondozo|slp|[from] move: Rest
|-heal|p1a: Dondozo|100/100 slp|[silent]
|
|-heal|p2a: Blissey|100/100|[from] item: Leftovers
|upkeep
|turn|94
|
|t:|1760385828
|move|p2a: Blissey|Calm Mind|p2a: Blissey
|-boost|p2a: Blissey|spa|1
|-boost|p2a: Blissey|spd|1
|cant|p1a: Dondozo|slp
|
|upkeep
|turn|95
|
|t:|1760385834
|move|p2a: Blissey|Flamethrower|p1a: Dondozo
|-resisted|p1a: Dondozo
|-crit|p1a: Dondozo
|-damage|p1a: Dondozo|83/100 slp
|cant|p1a: Dondozo|slp
|
|upkeep
|turn|96
|
|t:|1760385839
|move|p2a: Blissey|Flamethrower|p1a: Dondozo
|-resisted|p1a: Dondozo
|-damage|p1a: Dondozo|72/100 slp
|-curestatus|p1a: Dondozo|slp|[msg]
|-activate|p1a: Dondozo|move: Struggle
|move|p1a: Dondozo|Struggle|p2a: Blissey
|-damage|p2a: Blissey|50/100
|-damage|p1a: Dondozo|47/100|[from] recoil
|
|-heal|p2a: Blissey|56/100|[from] item: Leftovers
|upkeep
|turn|97
|
|t:|1760385850
|switch|p2a: Dondozo|Dondozo, M|100/100
|-activate|p1a: Dondozo|move: Struggle
|move|p1a: Dondozo|Struggle|p2a: Dondozo
|-damage|p2a: Dondozo|96/100
|-damage|p1a: Dondozo|22/100|[from] recoil
|
|-heal|p2a: Dondozo|100/100|[from] item: Leftovers
|upkeep
|turn|98
|
|t:|1760385858
|move|p2a: Dondozo|Liquidation|p1a: Dondozo
|-resisted|p1a: Dondozo
|-damage|p1a: Dondozo|14/100
|-activate|p1a: Dondozo|move: Struggle
|move|p1a: Dondozo|Struggle|p2a: Dondozo
|-damage|p2a: Dondozo|95/100
|-damage|p1a: Dondozo|0 fnt|[from] recoil
|faint|p1a: Dondozo
|
|-heal|p2a: Dondozo|100/100|[from] item: Leftovers
|upkeep
|
|t:|1760385866
|switch|p1a: Gliscor|Gliscor, M|100/100
|turn|99
|
|t:|1760385870
|move|p1a: Gliscor|Toxic|p2a: Dondozo
|-status|p2a: Dondozo|tox
|move|p2a: Dondozo|Liquidation|p1a: Gliscor
|-supereffective|p1a: Gliscor
|-damage|p1a: Gliscor|40/100
|
|-damage|p2a: Dondozo|94/100 tox|[from] psn
|-status|p1a: Gliscor|tox|[from] item: Toxic Orb
|upkeep
|turn|100
|
|t:|1760385879
|move|p1a: Gliscor|Protect|p1a: Gliscor
|-singleturn|p1a: Gliscor|Protect
|move|p2a: Dondozo|Liquidation|p1a: Gliscor
|-activate|p1a: Gliscor|move: Protect
|
|-heal|p2a: Dondozo|100/100 tox|[from] item: Leftovers
|-heal|p1a: Gliscor|52/100 tox|[from] ability: Poison Heal
|-damage|p2a: Dondozo|88/100 tox|[from] psn
|upkeep
|turn|101
|
|t:|1760385888
|move|p1a: Gliscor|Protect|p1a: Gliscor
|-singleturn|p1a: Gliscor|Protect
|move|p2a: Dondozo|Liquidation|p1a: Gliscor
|-activate|p1a: Gliscor|move: Protect
|
|-heal|p2a: Dondozo|94/100 tox|[from] item: Leftovers
|-heal|p1a: Gliscor|65/100 tox|[from] ability: Poison Heal
|-damage|p2a: Dondozo|76/100 tox|[from] psn
|upkeep
|turn|102
|
|t:|1760385897
|move|p1a: Gliscor|Facade|p2a: Dondozo
|-damage|p2a: Dondozo|59/100 tox
|move|p2a: Dondozo|Liquidation|p1a: Gliscor
|-supereffective|p1a: Gliscor
|-damage|p1a: Gliscor|11/100 tox
|
|-heal|p2a: Dondozo|66/100 tox|[from] item: Leftovers
|-heal|p1a: Gliscor|24/100 tox|[from] ability: Poison Heal
|-damage|p2a: Dondozo|41/100 tox|[from] psn
|upkeep
|turn|103
|
|t:|1760385911
|move|p1a: Gliscor|Protect|p1a: Gliscor
|-singleturn|p1a: Gliscor|Protect
|-activate|p2a: Dondozo|move: Struggle
|move|p2a: Dondozo|Struggle|p1a: Gliscor
|-activate|p1a: Gliscor|move: Protect
|
|-heal|p2a: Dondozo|47/100 tox|[from] item: Leftovers
|-heal|p1a: Gliscor|36/100 tox|[from] ability: Poison Heal
|-damage|p2a: Dondozo|16/100 tox|[from] psn
|upkeep
|turn|104
|
|t:|1760385924
|move|p1a: Gliscor|Facade|p2a: Dondozo
|-damage|p2a: Dondozo|0 fnt
|faint|p2a: Dondozo
|
|-heal|p1a: Gliscor|48/100 tox|[from] ability: Poison Heal
|upkeep
|
|t:|1760385935
|switch|p2a: Corviknight|Corviknight, M|96/100
|-ability|p2a: Corviknight|Pressure
|turn|105
|
|t:|1760385940
|move|p1a: Gliscor|Protect|p1a: Gliscor
|-singleturn|p1a: Gliscor|Protect
|move|p2a: Corviknight|Iron Defense|p2a: Corviknight
|-boost|p2a: Corviknight|def|2
|
|-heal|p1a: Gliscor|61/100 tox|[from] ability: Poison Heal
|upkeep
|turn|106
|
|t:|1760385947
|move|p1a: Gliscor|Facade|p2a: Corviknight
|-resisted|p2a: Corviknight
|-damage|p2a: Corviknight|90/100
|-damage|p1a: Gliscor|44/100 tox|[from] item: Rocky Helmet|[of] p2a: Corviknight
|move|p2a: Corviknight|Iron Defense|p2a: Corviknight
|-boost|p2a: Corviknight|def|2
|
|-heal|p1a: Gliscor|57/100 tox|[from] ability: Poison Heal
|upkeep
|turn|107
|
|t:|1760385956
|switch|p1a: Great Tusk|Great Tusk|59/100
|move|p2a: Corviknight|Iron Defense|p2a: Corviknight
|-boost|p2a: Corviknight|def|2
|
|upkeep
|turn|108
|
|t:|1760385961
|move|p2a: Corviknight|Body Press|p1a: Great Tusk
|-damage|p1a: Great Tusk|0 fnt
|faint|p1a: Great Tusk
|-end|p1a: Great Tusk|Protosynthesis|[silent]
|
|upkeep
|
|t:|1760385966
|switch|p1a: Gliscor|Gliscor, M|57/100 tox
|turn|109
|
|t:|1760385969
|move|p1a: Gliscor|Facade|p2a: Corviknight
|-resisted|p2a: Corviknight
|-damage|p2a: Corviknight|87/100
|-damage|p1a: Gliscor|40/100 tox|[from] item: Rocky Helmet|[of] p2a: Corviknight
|move|p2a: Corviknight|Body Press|p1a: Gliscor
|-resisted|p1a: Gliscor
|-damage|p1a: Gliscor|0 fnt
|faint|p1a: Gliscor
|
|win|patrickd420
|raw|spauty18's rating: 1133 &rarr; <strong>1108</strong><br />(-25 for losing)
|raw|patrickd420's rating: 1137 &rarr; <strong>1162</strong><br />(+25 for winning)
|l|☆patrickd420
|player|p2|
|l|☆spauty18
|player|p1|
