|j|☆espeon_minaj
|j|☆cherryclona
|inactive|Battle timer is ON: inactive players will automatically lose when time's up.
|t:|1760361531
|gametype|singles
|player|p1|espeon_minaj|fantina|
|player|p2|cherryclona|chili|
|gen|9
|tier|[Gen 9] OU
|rated|Tournament battle
|rule|HP Percentage Mod: HP is shown in percentages
|rule|Endless Battle Clause: Forcing endless battles is banned
|rule|Species Clause: Limit one of each Pokémon
|rule|OHKO Clause: OHKO moves are banned
|rule|Evasion Items Clause: Evasion items are banned
|rule|Evasion Moves Clause: Evasion moves are banned
|rule|Evasion Abilities Clause: Evasion abilities are banned
|rule|Sleep Moves Clause: Sleep-inducing moves are banned
|raw|<div class="infobox"><details class="readmore"><summary><strong>15 custom rules:</strong></summary> -burmy, -caterpie, -combee, -kricketot, -magikarp, -scatterbug, -sunkern, -tynamo, -typenull, -weedle, -wurmple, -cosmog, -blipbug, -snom, -wynaut</details></div>
|clearpoke
|poke|p1|Grookey, M|
|poke|p1|Drifblim, M|
|poke|p1|Ekans, M|
|poke|p1|Muk-Alola, M|
|poke|p2|Glimmet, F|
|poke|p2|Dragapult, F|
|poke|p2|Koffing, F|
|poke|p2|Psyduck, F|
|teampreview
|j|*Lady Monita ☀
|inactive|cherryclona also wants the timer to be on.
|c|☆cherryclona|gl hf!
|j| AnonTokyoOfficial
|c|☆espeon_minaj|thanks u2
|
|t:|1760361543
|teamsize|p1|4
|teamsize|p2|4
|start
|switch|p1a: Ekans|Ekans, M|100/100
|switch|p2a: Koffing|Koffing, F|100/100
|-ability|p1a: Ekans|Intimidate|boost
|-unboost|p2a: Koffing|atk|1
|turn|1
|
|t:|1760361548
|move|p1a: Ekans|Knock Off|p2a: Koffing
|-damage|p2a: Koffing|81/100
|-enditem|p2a: Koffing|Eviolite|[from] move: Knock Off|[of] p1a: Ekans
|move|p2a: Koffing|Will-O-Wisp|p1a: Ekans
|-status|p1a: Ekans|brn
|
|-damage|p1a: Ekans|94/100 brn|[from] brn
|upkeep
|turn|2
|
|t:|1760361561
|switch|p1a: Drifblim|Drifblim, M|100/100
|move|p2a: Koffing|Fire Blast|p1a: Drifblim
|-damage|p1a: Drifblim|81/100
|
|upkeep
|turn|3
|
|t:|1760361574
|switch|p2a: Psyduck|Psyduck, F|100/100
|move|p1a: Drifblim|Calm Mind|p1a: Drifblim
|-boost|p1a: Drifblim|spa|1
|-boost|p1a: Drifblim|spd|1
|
|upkeep
|turn|4
|
|t:|1760361578
|move|p1a: Drifblim|Shadow Ball|p2a: Psyduck
|-damage|p2a: Psyduck|16/100
|move|p2a: Psyduck|Ice Beam|p1a: Drifblim
|-supereffective|p1a: Drifblim
|-damage|p1a: Drifblim|41/100
|-enditem|p1a: Drifblim|Sitrus Berry|[eat]
|-heal|p1a: Drifblim|66/100|[from] item: Sitrus Berry
|
|upkeep
|turn|5
|
|t:|1760361585
|move|p1a: Drifblim|Shadow Ball|p2a: Psyduck
|-damage|p2a: Psyduck|0 fnt
|faint|p2a: Psyduck
|
|upkeep
|
|t:|1760361602
|switch|p2a: Glimmet|Glimmet, F|100/100
|turn|6
|
|t:|1760361608
|move|p1a: Drifblim|Shadow Ball|p2a: Glimmet
|-damage|p2a: Glimmet|11/100
|move|p2a: Glimmet|Power Gem|p1a: Drifblim
|-supereffective|p1a: Drifblim
|-damage|p1a: Drifblim|0 fnt
|faint|p1a: Drifblim
|
|upkeep
|
|t:|1760361614
|switch|p1a: Grookey|Grookey, M|100/100
|-fieldstart|move: Grassy Terrain|[from] ability: Grassy Surge|[of] p1a: Grookey
|turn|7
|
|t:|1760361618
|switch|p2a: Koffing|Koffing, F|81/100
|move|p1a: Grookey|Grassy Glide|p2a: Koffing
|-resisted|p2a: Koffing
|-damage|p2a: Koffing|61/100
|-damage|p1a: Grookey|91/100|[from] item: Life Orb
|
|-heal|p1a: Grookey|97/100|[from] Grassy Terrain
|upkeep
|turn|8
|
|t:|1760361636
|move|p1a: Grookey|Wood Hammer|p2a: Koffing
|-resisted|p2a: Koffing
|-damage|p2a: Koffing|12/100
|-damage|p1a: Grookey|81/100|[from] Recoil
|-damage|p1a: Grookey|71/100|[from] item: Life Orb
|move|p2a: Koffing|Pain Split|p1a: Grookey
|-sethp|p1a: Grookey|41/100|[from] move: Pain Split|[silent]
|-sethp|p2a: Koffing|44/100|[from] move: Pain Split
|
|-heal|p1a: Grookey|47/100|[from] Grassy Terrain
|upkeep
|turn|9
|
|t:|1760361658
|move|p1a: Grookey|Wood Hammer|p2a: Koffing
|-resisted|p2a: Koffing
|-damage|p2a: Koffing|0 fnt
|faint|p2a: Koffing
|-damage|p1a: Grookey|34/100|[from] Recoil
|-damage|p1a: Grookey|24/100|[from] item: Life Orb
|
|-heal|p1a: Grookey|30/100|[from] Grassy Terrain
|upkeep
|
|t:|1760361669
|switch|p2a: Dragapult|Dragapult, F|100/100
|turn|10
|
|t:|1760361673
|move|p1a: Grookey|Grassy Glide|p2a: Dragapult
|-resisted|p2a: Dragapult
|-damage|p2a: Dragapult|76/100
|-damage|p1a: Grookey|20/100|[from] item: Life Orb
|move|p2a: Dragapult|Dragon Darts|p1a: Grookey
|-damage|p1a: Grookey|0 fnt
|faint|p1a: Grookey
|
|-heal|p2a: Dragapult|82/100|[from] Grassy Terrain
|upkeep
|
|t:|1760361677
|switch|p1a: Ekans|Ekans, M|94/100 brn
|-ability|p1a: Ekans|Intimidate|boost
|-fail|p2a: Dragapult|unboost|[from] ability: Clear Body|[of] p2a: Dragapult
|turn|11
|
|t:|1760361682
|switch|p2a: Glimmet|Glimmet, F|11/100
|move|p1a: Ekans|Knock Off|p2a: Glimmet
|-damage|p2a: Glimmet|0 fnt
|-activate|p2a: Glimmet|ability: Toxic Debris
|-sidestart|p1: espeon_minaj|move: Toxic Spikes
|-enditem|p2a: Glimmet|Focus Sash|[from] move: Knock Off|[of] p1a: Ekans
|faint|p2a: Glimmet
|
|-heal|p1a: Ekans|100/100 brn|[from] Grassy Terrain
|-damage|p1a: Ekans|94/100 brn|[from] brn
|-fieldend|move: Grassy Terrain
|upkeep
|
|t:|1760361685
|switch|p2a: Dragapult|Dragapult, F|82/100
|turn|12
|
|t:|1760361692
|move|p2a: Dragapult|Dragon Darts|p1a: Ekans
|-damage|p1a: Ekans|0 fnt
|faint|p1a: Ekans
|
|upkeep
|
|t:|1760361694
|switch|p1a: Muk|Muk-Alola, M|100/100
|-sideend|p1: espeon_minaj|move: Toxic Spikes|[of] p1a: Muk
|turn|13
|
|t:|1760361697
|move|p2a: Dragapult|Dragon Darts|p1a: Muk
|-damage|p1a: Muk|64/100
|-anim|p2a: Dragapult|Dragon Darts|p1a: Muk
|-damage|p1a: Muk|23/100
|move|p1a: Muk|Knock Off|p2a: Dragapult
|-supereffective|p2a: Dragapult
|-damage|p2a: Dragapult|0 fnt
|-enditem|p2a: Dragapult|Choice Band|[from] move: Knock Off|[of] p1a: Muk
|faint|p2a: Dragapult
|
|win|espeon_minaj
|n|☆espeon_minaj|espeonminaj
|n|☆cherryclona|cherryclona
|n|*Lady Monita ☀|ladymonita
|n| AnonTokyoOfficial|anontokyoofficial
