|j|☆dr. drake6782
|j|☆Auburn Hills
|t:|1760382865
|gametype|singles
|player|p1|dr. drake6782|hilbert-masters|1732
|player|p2|Auburn Hills|alder|1797
|gen|9
|tier|[Gen 9] OU
|rated|
|rule|HP Percentage Mod: HP is shown in percentages
|rule|Endless Battle Clause: Forcing endless battles is banned
|rule|Species Clause: Limit one of each Pokémon
|rule|OHKO Clause: OHKO moves are banned
|rule|Evasion Items Clause: Evasion items are banned
|rule|Evasion Moves Clause: Evasion moves are banned
|rule|Evasion Abilities Clause: Evasion abilities are banned
|rule|Sleep Moves Clause: Sleep-inducing moves are banned
|clearpoke
|poke|p1|Pelipper, F|
|poke|p1|Tornadus-Therian, M|
|poke|p1|Iron Treads|
|poke|p1|Decidueye-Hisui, F|
|poke|p1|Barraskewda, F|
|poke|p1|Raging Bolt|
|poke|p2|Iron Moth|
|poke|p2|Umbreon, M|
|poke|p2|Garchomp, M|
|poke|p2|Glimmora, F|
|poke|p2|Gholdengo|
|poke|p2|Dragonite, F|
|teampreview
|inactive|Battle timer is ON: inactive players will automatically lose when time's up. (requested by dr. drake6782)
|
|t:|1760382874
|teamsize|p1|6
|teamsize|p2|6
|start
|switch|p1a: Barraskewda|Barraskewda, F, shiny|100/100
|switch|p2a: Julia Jacklin|Glimmora, F|100/100
|turn|1
|
|t:|1760382880
|move|p1a: Barraskewda|Liquidation|p2a: Julia Jacklin
|-supereffective|p2a: Julia Jacklin
|-enditem|p2a: Julia Jacklin|Focus Sash
|-damage|p2a: Julia Jacklin|1/100
|-activate|p2a: Julia Jacklin|ability: Toxic Debris
|-sidestart|p1: dr. drake6782|move: Toxic Spikes
|-damage|p1a: Barraskewda|91/100|[from] item: Life Orb
|move|p2a: Julia Jacklin|Earth Power|p1a: Barraskewda
|-damage|p1a: Barraskewda|16/100
|
|upkeep
|turn|2
|
|t:|1760382886
|switch|p2a: Elucid|Dragonite, F|100/100
|move|p1a: Barraskewda|Flip Turn|p2a: Elucid
|-resisted|p2a: Elucid
|-damage|p2a: Elucid|89/100
|-damage|p1a: Barraskewda|6/100|[from] item: Life Orb
|
|t:|1760382888
|switch|p1a: Iron Treads|Iron Treads|100/100|[from] Flip Turn
|
|upkeep
|turn|3
|
|t:|1760382896
|move|p2a: Elucid|Earthquake|p1a: Iron Treads
|-supereffective|p1a: Iron Treads
|-damage|p1a: Iron Treads|40/100
|move|p1a: Iron Treads|Rapid Spin|p2a: Elucid
|-damage|p2a: Elucid|74/100
|-boost|p1a: Iron Treads|spe|1
|-sideend|p1: dr. drake6782|Toxic Spikes|[from] move: Rapid Spin|[of] p1a: Iron Treads
|
|-heal|p1a: Iron Treads|46/100|[from] item: Leftovers
|upkeep
|turn|4
|
|t:|1760382902
|move|p1a: Iron Treads|Stealth Rock|p2a: Elucid
|-sidestart|p2: Auburn Hills|move: Stealth Rock
|move|p2a: Elucid|Earthquake|p1a: Iron Treads
|-supereffective|p1a: Iron Treads
|-damage|p1a: Iron Treads|0 fnt
|faint|p1a: Iron Treads
|-end|p1a: Iron Treads|Quark Drive|[silent]
|
|upkeep
|
|t:|1760382907
|switch|p1a: Pelipper|Pelipper, F|100/100
|-weather|RainDance|[from] ability: Drizzle|[of] p1a: Pelipper
|turn|5
|
|t:|1760382920
|switch|p2a: Alvvays|Umbreon, M|100/100
|-damage|p2a: Alvvays|88/100|[from] Stealth Rock
|move|p1a: Pelipper|U-turn|p2a: Alvvays
|-supereffective|p2a: Alvvays
|-damage|p2a: Alvvays|73/100
|
|t:|1760382923
|switch|p1a: Barraskewda|Barraskewda, F, shiny|6/100|[from] U-turn
|
|-weather|RainDance|[upkeep]
|-heal|p2a: Alvvays|79/100|[from] item: Leftovers
|upkeep
|turn|6
|
|t:|1760382926
|move|p2a: Alvvays|Protect|p2a: Alvvays
|-singleturn|p2a: Alvvays|Protect
|move|p1a: Barraskewda|Close Combat|p2a: Alvvays
|-activate|p2a: Alvvays|move: Protect
|
|-weather|RainDance|[upkeep]
|-heal|p2a: Alvvays|85/100|[from] item: Leftovers
|upkeep
|turn|7
|
|t:|1760382930
|switch|p2a: Smino|Gholdengo|100/100
|-damage|p2a: Smino|94/100|[from] Stealth Rock
|move|p1a: Barraskewda|Liquidation|p2a: Smino
|-damage|p2a: Smino|0 fnt
|faint|p2a: Smino
|-damage|p1a: Barraskewda|0 fnt|[from] item: Life Orb
|faint|p1a: Barraskewda
|
|-weather|RainDance|[upkeep]
|upkeep
|
|t:|1760382941
|switch|p1a: Tornadus|Tornadus-Therian, M|100/100
|switch|p2a: Alvvays|Umbreon, M|85/100
|-damage|p2a: Alvvays|73/100|[from] Stealth Rock
|turn|8
|
|t:|1760382947
|switch|p1a: Raging Bolt|Raging Bolt|100/100
|-enditem|p1a: Raging Bolt|Booster Energy
|-activate|p1a: Raging Bolt|ability: Protosynthesis|[fromitem]
|-start|p1a: Raging Bolt|protosynthesisspa
|move|p2a: Alvvays|Thunder Wave|p1a: Raging Bolt
|-immune|p1a: Raging Bolt
|
|-weather|RainDance|[upkeep]
|-heal|p2a: Alvvays|79/100|[from] item: Leftovers
|upkeep
|turn|9
|
|t:|1760382952
|move|p1a: Raging Bolt|Thunder|p2a: Alvvays
|-damage|p2a: Alvvays|33/100
|move|p2a: Alvvays|Foul Play|p1a: Raging Bolt
|-damage|p1a: Raging Bolt|80/100
|
|-weather|RainDance|[upkeep]
|-heal|p2a: Alvvays|39/100|[from] item: Leftovers
|upkeep
|turn|10
|
|t:|1760382959
|move|p2a: Alvvays|Protect|p2a: Alvvays
|-singleturn|p2a: Alvvays|Protect
|move|p1a: Raging Bolt|Thunder|p2a: Alvvays
|-activate|p2a: Alvvays|move: Protect
|
|-weather|RainDance|[upkeep]
|-heal|p2a: Alvvays|46/100|[from] item: Leftovers
|upkeep
|turn|11
|
|t:|1760382964
|move|p1a: Raging Bolt|Thunder|p2a: Alvvays
|-damage|p2a: Alvvays|0 fnt
|faint|p2a: Alvvays
|
|-weather|RainDance|[upkeep]
|upkeep
|
|t:|1760382968
|switch|p2a: Rat Tally|Garchomp, M|100/100
|-damage|p2a: Rat Tally|94/100|[from] Stealth Rock
|turn|12
|
|t:|1760382970
|-terastallize|p1a: Raging Bolt|Bug
|move|p2a: Rat Tally|Earthquake|p1a: Raging Bolt
|-resisted|p1a: Raging Bolt
|-damage|p1a: Raging Bolt|57/100
|move|p1a: Raging Bolt|Dragon Pulse|p2a: Rat Tally
|-supereffective|p2a: Rat Tally
|-damage|p2a: Rat Tally|0 fnt
|faint|p2a: Rat Tally
|
|-weather|none
|upkeep
|
|t:|1760382972
|switch|p2a: Carly Rae|Iron Moth|100/100
|-damage|p2a: Carly Rae|76/100|[from] Stealth Rock
|-enditem|p2a: Carly Rae|Booster Energy
|-activate|p2a: Carly Rae|ability: Quark Drive|[fromitem]
|-start|p2a: Carly Rae|quarkdrivespe
|turn|13
|
|t:|1760382979
|-end|p1a: Raging Bolt|Protosynthesis|[silent]
|switch|p1a: Pelipper|Pelipper, F|100/100
|-weather|RainDance|[from] ability: Drizzle|[of] p1a: Pelipper
|move|p2a: Carly Rae|Fiery Dance|p1a: Pelipper
|-resisted|p1a: Pelipper
|-damage|p1a: Pelipper|86/100
|
|-weather|RainDance|[upkeep]
|upkeep
|turn|14
|
|t:|1760382983
|move|p2a: Carly Rae|Discharge|p1a: Pelipper
|-supereffective|p1a: Pelipper
|-damage|p1a: Pelipper|0 fnt
|faint|p1a: Pelipper
|
|-weather|RainDance|[upkeep]
|upkeep
|
|t:|1760382989
|switch|p1a: Tornadus|Tornadus-Therian, M|100/100
|turn|15
|
|t:|1760382994
|-terastallize|p2a: Carly Rae|Fairy
|move|p2a: Carly Rae|Discharge|p1a: Tornadus
|-supereffective|p1a: Tornadus
|-crit|p1a: Tornadus
|-damage|p1a: Tornadus|0 fnt
|faint|p1a: Tornadus
|
|-weather|RainDance|[upkeep]
|upkeep
|
|t:|1760382998
|switch|p1a: Decidueye|Decidueye-Hisui, F, shiny|100/100
|turn|16
|
|t:|1760383011
|move|p2a: Carly Rae|Dazzling Gleam|p1a: Decidueye
|-supereffective|p1a: Decidueye
|-damage|p1a: Decidueye|24/100
|move|p1a: Decidueye|Triple Arrows|p2a: Carly Rae
|-resisted|p2a: Carly Rae
|-damage|p2a: Carly Rae|50/100
|-unboost|p2a: Carly Rae|def|1
|
|-weather|RainDance|[upkeep]
|upkeep
|turn|17
|
|t:|1760383027
|move|p2a: Carly Rae|Fiery Dance|p1a: Decidueye
|-supereffective|p1a: Decidueye
|-crit|p1a: Decidueye
|-damage|p1a: Decidueye|0 fnt
|-boost|p2a: Carly Rae|spa|1
|faint|p1a: Decidueye
|
|-weather|RainDance|[upkeep]
|upkeep
|c|☆dr. drake6782|critting the discharge was not needed
|
|t:|1760383031
|switch|p1a: Raging Bolt|Raging Bolt, tera:Bug|57/100
|turn|18
|
|t:|1760383035
|move|p1a: Raging Bolt|Thunderclap||[still]
|-fail|p1a: Raging Bolt
|move|p2a: Carly Rae|Morning Sun|p2a: Carly Rae
|-heal|p2a: Carly Rae|75/100
|
|-weather|RainDance|[upkeep]
|upkeep
|turn|19
|
|t:|1760383041
|move|p2a: Carly Rae|Dazzling Gleam|p1a: Raging Bolt
|-damage|p1a: Raging Bolt|0 fnt
|faint|p1a: Raging Bolt
|-end|p1a: Raging Bolt|Protosynthesis|[silent]
|
|win|Auburn Hills
|raw|dr. drake6782's rating: 1732 &rarr; <strong>1716</strong><br />(-16 for losing)
|raw|Auburn Hills's rating: 1797 &rarr; <strong>1813</strong><br />(+16 for winning)
|l|☆dr. drake6782
|player|p1|
|l|☆Auburn Hills
|player|p2|
