|j|☆Ih8tera
|j|☆JayBro16
|t:|1760435023
|gametype|singles
|player|p1|Ih8tera|ariana|1164
|player|p2|JayBro16|2|1073
|gen|9
|tier|[Gen 9] OU
|rated|
|rule|HP Percentage Mod: HP is shown in percentages
|rule|Endless Battle Clause: Forcing endless battles is banned
|rule|Species Clause: Limit one of each Pokémon
|rule|OHKO Clause: OHKO moves are banned
|rule|Evasion Items Clause: Evasion items are banned
|rule|Evasion Moves Clause: Evasion moves are banned
|rule|Evasion Abilities Clause: Evasion abilities are banned
|rule|Sleep Moves Clause: Sleep-inducing moves are banned
|clearpoke
|poke|p1|Dondozo, F|
|poke|p1|Blissey, F|
|poke|p1|Corviknight, M|
|poke|p1|Weezing-Galar, M|
|poke|p1|Gliscor, F|
|poke|p1|Toxapex, F|
|poke|p2|Cinderace, M|
|poke|p2|Corviknight, M|
|poke|p2|Drednaw, M|
|poke|p2|Galvantula, M|
|poke|p2|Dragapult, F|
|poke|p2|Vileplume, M|
|teampreview
|inactive|Battle timer is ON: inactive players will automatically lose when time's up. (requested by Ih8tera)
|
|t:|1760435041
|teamsize|p1|6
|teamsize|p2|6
|start
|switch|p1a: Gliscor|Gliscor, F|100/100
|switch|p2a: Drednaw|Drednaw, M|100/100
|turn|1
|
|t:|1760435060
|switch|p1a: Toxapex|Toxapex, F|100/100
|-terastallize|p2a: Drednaw|Ghost
|move|p2a: Drednaw|Shell Smash|p2a: Drednaw
|-unboost|p2a: Drednaw|def|1
|-unboost|p2a: Drednaw|spd|1
|-boost|p2a: Drednaw|atk|2
|-boost|p2a: Drednaw|spa|2
|-boost|p2a: Drednaw|spe|2
|-enditem|p2a: Drednaw|White Herb
|-clearnegativeboost|p2a: Drednaw|[silent]
|
|upkeep
|turn|2
|
|t:|1760435070
|move|p2a: Drednaw|Crunch|p1a: Toxapex
|-damage|p1a: Toxapex|36/100
|move|p1a: Toxapex|Haze|p1a: Toxapex
|-clearallboost
|
|-heal|p1a: Toxapex|42/100|[from] item: Leftovers
|upkeep
|turn|3
|
|t:|1760435078
|move|p2a: Drednaw|Stone Edge|p1a: Toxapex|[miss]
|-miss|p2a: Drednaw|p1a: Toxapex
|move|p1a: Toxapex|Toxic|p2a: Drednaw
|-status|p2a: Drednaw|tox
|
|-heal|p1a: Toxapex|48/100|[from] item: Leftovers
|-damage|p2a: Drednaw|94/100 tox|[from] psn
|upkeep
|turn|4
|
|t:|1760435085
|move|p2a: Drednaw|Stone Edge|p1a: Toxapex
|-damage|p1a: Toxapex|14/100
|move|p1a: Toxapex|Recover|p1a: Toxapex
|-heal|p1a: Toxapex|64/100
|
|-heal|p1a: Toxapex|70/100|[from] item: Leftovers
|-damage|p2a: Drednaw|82/100 tox|[from] psn
|upkeep
|turn|5
|
|t:|1760435098
|switch|p1a: Dondozo|Dondozo, F|100/100
|move|p2a: Drednaw|Stone Edge|p1a: Dondozo
|-damage|p1a: Dondozo|78/100
|
|-heal|p1a: Dondozo|84/100|[from] item: Leftovers
|-damage|p2a: Drednaw|63/100 tox|[from] psn
|upkeep
|turn|6
|
|t:|1760435108
|switch|p1a: Gliscor|Gliscor, F|100/100
|move|p2a: Drednaw|Shell Smash|p2a: Drednaw
|-unboost|p2a: Drednaw|def|1
|-unboost|p2a: Drednaw|spd|1
|-boost|p2a: Drednaw|atk|2
|-boost|p2a: Drednaw|spa|2
|-boost|p2a: Drednaw|spe|2
|
|-damage|p2a: Drednaw|38/100 tox|[from] psn
|-status|p1a: Gliscor|tox|[from] item: Toxic Orb
|upkeep
|turn|7
|
|t:|1760435118
|move|p1a: Gliscor|Protect|p1a: Gliscor
|-singleturn|p1a: Gliscor|Protect
|move|p2a: Drednaw|Liquidation|p1a: Gliscor
|-activate|p1a: Gliscor|move: Protect
|
|-damage|p2a: Drednaw|7/100 tox|[from] psn
|upkeep
|turn|8
|
|t:|1760435125
|switch|p1a: Dondozo|Dondozo, F|84/100
|move|p2a: Drednaw|Liquidation|p1a: Dondozo
|-resisted|p1a: Dondozo
|-damage|p1a: Dondozo|75/100
|
|-heal|p1a: Dondozo|81/100|[from] item: Leftovers
|-damage|p2a: Drednaw|0 fnt|[from] psn
|faint|p2a: Drednaw
|upkeep
|
|t:|1760435135
|switch|p2a: Galvantula|Galvantula, M|100/100
|turn|9
|
|t:|1760435143
|switch|p1a: Gliscor|Gliscor, F|100/100 tox
|move|p2a: Galvantula|Sticky Web|p1a: Gliscor
|-sidestart|p1: Ih8tera|move: Sticky Web
|
|upkeep
|turn|10
|
|t:|1760435151
|switch|p2a: Dragapult|Dragapult, F|100/100
|move|p1a: Gliscor|Swords Dance|p1a: Gliscor
|-boost|p1a: Gliscor|atk|2
|
|upkeep
|turn|11
|inactive|Ih8tera has 120 seconds left.
|
|t:|1760435196
|move|p2a: Dragapult|Hex|p1a: Gliscor
|-damage|p1a: Gliscor|56/100 tox
|move|p1a: Gliscor|Knock Off|p2a: Dragapult
|-supereffective|p2a: Dragapult
|-damage|p2a: Dragapult|0 fnt
|-enditem|p2a: Dragapult|Heavy-Duty Boots|[from] move: Knock Off|[of] p1a: Gliscor
|faint|p2a: Dragapult
|
|-heal|p1a: Gliscor|69/100 tox|[from] ability: Poison Heal
|upkeep
|
|t:|1760435210
|switch|p2a: Cinderace|Cinderace, M|100/100
|turn|12
|
|t:|1760435218
|move|p1a: Gliscor|Protect|p1a: Gliscor
|-singleturn|p1a: Gliscor|Protect
|move|p2a: Cinderace|Acrobatics|p1a: Gliscor
|-start|p2a: Cinderace|typechange|Flying|[from] ability: Libero
|-activate|p1a: Gliscor|move: Protect
|
|-heal|p1a: Gliscor|81/100 tox|[from] ability: Poison Heal
|upkeep
|turn|13
|inactive|Ih8tera has 120 seconds left.
|
|t:|1760435227
|move|p2a: Cinderace|Acrobatics|p1a: Gliscor
|-damage|p1a: Gliscor|48/100 tox
|move|p1a: Gliscor|Knock Off|p2a: Cinderace
|-damage|p2a: Cinderace|68/100
|
|-heal|p1a: Gliscor|60/100 tox|[from] ability: Poison Heal
|upkeep
|turn|14
|inactive|Ih8tera has 120 seconds left.
|
|t:|1760435237
|move|p1a: Gliscor|Protect|p1a: Gliscor
|-singleturn|p1a: Gliscor|Protect
|move|p2a: Cinderace|Acrobatics|p1a: Gliscor
|-activate|p1a: Gliscor|move: Protect
|
|-heal|p1a: Gliscor|73/100 tox|[from] ability: Poison Heal
|upkeep
|turn|15
|inactive|Ih8tera has 120 seconds left.
|
|t:|1760435247
|switch|p1a: Dondozo|Dondozo, F|81/100
|-activate|p1a: Dondozo|move: Sticky Web
|-unboost|p1a: Dondozo|spe|1
|move|p2a: Cinderace|Acrobatics|p1a: Dondozo
|-damage|p1a: Dondozo|60/100
|
|-heal|p1a: Dondozo|66/100|[from] item: Leftovers
|upkeep
|turn|16
|inactive|Ih8tera has 120 seconds left.
|
|t:|1760435259
|move|p2a: Cinderace|Acrobatics|p1a: Dondozo
|-damage|p1a: Dondozo|47/100
|move|p1a: Dondozo|Avalanche|p2a: Cinderace
|-supereffective|p2a: Cinderace
|-crit|p2a: Cinderace
|-damage|p2a: Cinderace|0 fnt
|faint|p2a: Cinderace
|
|-heal|p1a: Dondozo|53/100|[from] item: Leftovers
|upkeep
|
|t:|1760435269
|switch|p2a: Corviknight|Corviknight, M|100/100
|-ability|p2a: Corviknight|Pressure
|turn|17
|
|t:|1760435273
|move|p2a: Corviknight|Iron Defense|p2a: Corviknight
|-boost|p2a: Corviknight|def|2
|move|p1a: Dondozo|Rest|p1a: Dondozo
|-status|p1a: Dondozo|slp|[from] move: Rest
|-heal|p1a: Dondozo|100/100 slp|[silent]
|
|upkeep
|turn|18
|
|t:|1760435279
|switch|p1a: Toxapex|Toxapex, F|100/100
|-activate|p1a: Toxapex|move: Sticky Web
|-unboost|p1a: Toxapex|spe|1
|move|p2a: Corviknight|Iron Defense|p2a: Corviknight
|-boost|p2a: Corviknight|def|2
|
|upkeep
|turn|19
|
|t:|1760435293
|move|p2a: Corviknight|Body Press|p1a: Toxapex
|-resisted|p1a: Toxapex
|-damage|p1a: Toxapex|71/100
|move|p1a: Toxapex|Haze|p1a: Toxapex
|-clearallboost
|
|-heal|p1a: Toxapex|77/100|[from] item: Leftovers
|upkeep
|turn|20
|
|t:|1760435303
|switch|p2a: Galvantula|Galvantula, M|100/100
|switch|p1a: Gliscor|Gliscor, F|73/100 tox
|
|-heal|p1a: Gliscor|85/100 tox|[from] ability: Poison Heal
|upkeep
|turn|21
|
|t:|1760435314
|move|p2a: Galvantula|Thunder|p1a: Gliscor
|-immune|p1a: Gliscor
|move|p1a: Gliscor|Swords Dance|p1a: Gliscor
|-boost|p1a: Gliscor|atk|2
|
|-heal|p1a: Gliscor|98/100 tox|[from] ability: Poison Heal
|upkeep
|turn|22
|
|t:|1760435323
|switch|p2a: Vileplume|Vileplume, M|100/100
|move|p1a: Gliscor|Swords Dance|p1a: Gliscor
|-boost|p1a: Gliscor|atk|2
|
|-heal|p1a: Gliscor|100/100 tox|[from] ability: Poison Heal
|upkeep
|turn|23
|
|t:|1760435341
|move|p1a: Gliscor|Knock Off|p2a: Vileplume
|-damage|p2a: Vileplume|42/100
|-enditem|p2a: Vileplume|Sitrus Berry|[from] move: Knock Off|[of] p1a: Gliscor
|move|p2a: Vileplume|Giga Drain|p1a: Gliscor
|-damage|p1a: Gliscor|79/100 tox
|-heal|p2a: Vileplume|55/100|[from] drain|[of] p1a: Gliscor
|
|-heal|p1a: Gliscor|91/100 tox|[from] ability: Poison Heal
|upkeep
|turn|24
|
|t:|1760435353
|move|p1a: Gliscor|Earthquake|p2a: Vileplume
|-damage|p2a: Vileplume|0 fnt
|faint|p2a: Vileplume
|
|-heal|p1a: Gliscor|100/100 tox|[from] ability: Poison Heal
|upkeep
|
|t:|1760435359
|switch|p2a: Galvantula|Galvantula, M|100/100
|turn|25
|
|t:|1760435364
|switch|p2a: Corviknight|Corviknight, M|100/100
|-ability|p2a: Corviknight|Pressure
|move|p1a: Gliscor|Knock Off|p2a: Corviknight
|-damage|p2a: Corviknight|54/100
|-enditem|p2a: Corviknight|Leftovers|[from] move: Knock Off|[of] p1a: Gliscor
|
|upkeep
|turn|26
|
|t:|1760435373
|move|p1a: Gliscor|Knock Off|p2a: Corviknight
|-damage|p2a: Corviknight|25/100
|move|p2a: Corviknight|Steel Wing|p1a: Gliscor
|-damage|p1a: Gliscor|84/100 tox
|-boost|p2a: Corviknight|def|1
|
|-heal|p1a: Gliscor|97/100 tox|[from] ability: Poison Heal
|upkeep
|turn|27
|
|t:|1760435382
|move|p1a: Gliscor|Knock Off|p2a: Corviknight
|-damage|p2a: Corviknight|6/100
|move|p2a: Corviknight|Steel Wing|p1a: Gliscor
|-damage|p1a: Gliscor|80/100 tox
|
|-heal|p1a: Gliscor|93/100 tox|[from] ability: Poison Heal
|upkeep
|turn|28
|-message|JayBro16 forfeited.
|
|win|Ih8tera
|raw|Ih8tera's rating: 1164 &rarr; <strong>1183</strong><br />(+19 for winning)
|raw|JayBro16's rating: 1073 &rarr; <strong>1057</strong><br />(-16 for losing)
|l|☆JayBro16
|player|p2|
|l|☆Ih8tera
|player|p1|
