|j|☆pepetermo
|j|☆Pergame
|t:|1760331072
|gametype|singles
|player|p1|pepetermo|265|1115
|player|p2|Pergame|266|1173
|gen|9
|tier|[Gen 9] OU
|rated|
|rule|HP Percentage Mod: HP is shown in percentages
|rule|Endless Battle Clause: Forcing endless battles is banned
|rule|Species Clause: Limit one of each Pokémon
|rule|OHKO Clause: OHKO moves are banned
|rule|Evasion Items Clause: Evasion items are banned
|rule|Evasion Moves Clause: Evasion moves are banned
|rule|Evasion Abilities Clause: Evasion abilities are banned
|rule|Sleep Moves Clause: Sleep-inducing moves are banned
|clearpoke
|poke|p1|Haxorus, M|
|poke|p1|Iron Valiant|
|poke|p1|Moltres-Galar|
|poke|p1|Gastrodon-East, M|
|poke|p1|Tyranitar, F|
|poke|p1|Cloyster, M|
|poke|p2|Toxapex, M|
|poke|p2|Hippowdon, F|
|poke|p2|Great Tusk|
|poke|p2|Iron Moth|
|poke|p2|Meowscarada, F|
|poke|p2|Walking Wake|
|teampreview
|
|t:|1760331080
|teamsize|p1|6
|teamsize|p2|6
|start
|switch|p1a: Moltres|Moltres-Galar|100/100
|switch|p2a: Toxapex|Toxapex, M|100/100
|turn|1
|
|t:|1760331106
|move|p1a: Moltres|Agility|p1a: Moltres
|-boost|p1a: Moltres|spe|2
|move|p2a: Toxapex|Toxic|p1a: Moltres
|-status|p1a: Moltres|tox
|
|-damage|p1a: Moltres|94/100 tox|[from] psn
|upkeep
|turn|2
|
|t:|1760331117
|move|p1a: Moltres|Nasty Plot|p1a: Moltres
|-boost|p1a: Moltres|spa|2
|move|p2a: Toxapex|Haze|p2a: Toxapex
|-clearallboost
|
|-heal|p1a: Moltres|100/100 tox|[from] item: Leftovers
|-damage|p1a: Moltres|88/100 tox|[from] psn
|upkeep
|turn|3
|
|t:|1760331132
|switch|p1a: Gastrodon|Gastrodon-East, M|100/100
|move|p2a: Toxapex|Surf|p1a: Gastrodon
|-ability|p1a: Gastrodon|Storm Drain|boost
|-boost|p1a: Gastrodon|spa|1
|
|upkeep
|turn|4
|
|t:|1760331139
|move|p1a: Gastrodon|Earth Power|p2a: Toxapex
|-supereffective|p2a: Toxapex
|-damage|p2a: Toxapex|29/100
|move|p2a: Toxapex|Toxic|p1a: Gastrodon
|-status|p1a: Gastrodon|tox
|
|-heal|p2a: Toxapex|36/100|[from] item: Leftovers
|-damage|p1a: Gastrodon|94/100 tox|[from] psn
|upkeep
|turn|5
|
|t:|1760331149
|move|p2a: Toxapex|Protect|p2a: Toxapex
|-singleturn|p2a: Toxapex|Protect
|move|p1a: Gastrodon|Earth Power|p2a: Toxapex
|-activate|p2a: Toxapex|move: Protect
|
|-heal|p1a: Gastrodon|100/100 tox|[from] item: Leftovers
|-heal|p2a: Toxapex|42/100|[from] item: Leftovers
|-damage|p1a: Gastrodon|88/100 tox|[from] psn
|upkeep
|turn|6
|
|t:|1760331159
|switch|p2a: Meowscarada|Meowscarada, F|100/100
|move|p1a: Gastrodon|Earth Power|p2a: Meowscarada
|-resisted|p2a: Meowscarada
|-damage|p2a: Meowscarada|62/100
|
|-heal|p1a: Gastrodon|94/100 tox|[from] item: Leftovers
|-damage|p1a: Gastrodon|76/100 tox|[from] psn
|upkeep
|turn|7
|
|t:|1760331170
|-terastallize|p1a: Gastrodon|Poison
|move|p2a: Meowscarada|Flower Trick|p1a: Gastrodon
|-start|p2a: Meowscarada|typechange|Grass|[from] ability: Protean
|-resisted|p1a: Gastrodon
|-crit|p1a: Gastrodon
|-damage|p1a: Gastrodon|36/100 tox
|move|p1a: Gastrodon|Sludge Bomb|p2a: Meowscarada
|-supereffective|p2a: Meowscarada
|-damage|p2a: Meowscarada|0 fnt
|faint|p2a: Meowscarada
|
|-heal|p1a: Gastrodon|42/100 tox|[from] item: Leftovers
|-damage|p1a: Gastrodon|18/100 tox|[from] psn
|upkeep
|
|t:|1760331187
|switch|p2a: Toxapex|Toxapex, M|75/100
|turn|8
|
|t:|1760331192
|switch|p2a: Hippowdon|Hippowdon, F|100/100
|-weather|Sandstorm|[from] ability: Sand Stream|[of] p2a: Hippowdon
|move|p1a: Gastrodon|Earth Power|p2a: Hippowdon
|-damage|p2a: Hippowdon|65/100
|
|-weather|Sandstorm|[upkeep]
|-damage|p1a: Gastrodon|12/100 tox|[from] Sandstorm
|-heal|p2a: Hippowdon|71/100|[from] item: Leftovers
|-heal|p1a: Gastrodon|18/100 tox|[from] item: Leftovers
|-damage|p1a: Gastrodon|0 fnt|[from] psn
|faint|p1a: Gastrodon
|upkeep
|
|t:|1760331206
|switch|p1a: Cloyster|Cloyster, M|100/100
|turn|9
|
|t:|1760331214
|move|p1a: Cloyster|Shell Smash|p1a: Cloyster
|-unboost|p1a: Cloyster|def|1
|-unboost|p1a: Cloyster|spd|1
|-boost|p1a: Cloyster|atk|2
|-boost|p1a: Cloyster|spa|2
|-boost|p1a: Cloyster|spe|2
|-enditem|p1a: Cloyster|White Herb
|-clearnegativeboost|p1a: Cloyster|[silent]
|move|p2a: Hippowdon|Stealth Rock|p1a: Cloyster
|-sidestart|p1: pepetermo|move: Stealth Rock
|
|-weather|Sandstorm|[upkeep]
|-damage|p1a: Cloyster|95/100|[from] Sandstorm
|-heal|p2a: Hippowdon|78/100|[from] item: Leftovers
|upkeep
|turn|10
|
|t:|1760331228
|move|p1a: Cloyster|Icicle Spear|p2a: Hippowdon
|-supereffective|p2a: Hippowdon
|-damage|p2a: Hippowdon|50/100
|-supereffective|p2a: Hippowdon
|-damage|p2a: Hippowdon|21/100
|-supereffective|p2a: Hippowdon
|-damage|p2a: Hippowdon|0 fnt
|faint|p2a: Hippowdon
|-hitcount|p2: Hippowdon|3
|
|-weather|Sandstorm|[upkeep]
|-damage|p1a: Cloyster|89/100|[from] Sandstorm
|upkeep
|
|t:|1760331239
|switch|p2a: Toxapex|Toxapex, M|100/100
|turn|11
|
|t:|1760331245
|move|p1a: Cloyster|Rock Blast|p2a: Toxapex
|-damage|p2a: Toxapex|90/100
|-damage|p2a: Toxapex|80/100
|-damage|p2a: Toxapex|70/100
|-damage|p2a: Toxapex|59/100
|-damage|p2a: Toxapex|48/100
|-hitcount|p2a: Toxapex|5
|move|p2a: Toxapex|Toxic|p1a: Cloyster
|-status|p1a: Cloyster|tox
|
|-weather|Sandstorm|[upkeep]
|-damage|p1a: Cloyster|83/100 tox|[from] Sandstorm
|-damage|p2a: Toxapex|42/100|[from] Sandstorm
|-heal|p2a: Toxapex|48/100|[from] item: Leftovers
|-damage|p1a: Cloyster|77/100 tox|[from] psn
|upkeep
|turn|12
|
|t:|1760331263
|move|p1a: Cloyster|Rock Blast|p2a: Toxapex
|-damage|p2a: Toxapex|39/100
|-damage|p2a: Toxapex|29/100
|-damage|p2a: Toxapex|19/100
|-damage|p2a: Toxapex|8/100
|-damage|p2a: Toxapex|0 fnt
|faint|p2a: Toxapex
|-hitcount|p2: Toxapex|5
|
|-weather|none
|-damage|p1a: Cloyster|65/100 tox|[from] psn
|upkeep
|
|t:|1760331276
|switch|p2a: Walking Wake|Walking Wake|100/100
|turn|13
|
|t:|1760331283
|move|p2a: Walking Wake|Dragon Pulse|p1a: Cloyster
|-damage|p1a: Cloyster|0 fnt
|faint|p1a: Cloyster
|
|upkeep
|
|t:|1760331292
|switch|p1a: Iron Valiant|Iron Valiant, shiny|100/100
|-damage|p1a: Iron Valiant|94/100|[from] Stealth Rock
|-enditem|p1a: Iron Valiant|Booster Energy
|-activate|p1a: Iron Valiant|ability: Quark Drive|[fromitem]
|-start|p1a: Iron Valiant|quarkdrivespa
|turn|14
|
|t:|1760331314
|-end|p2a: Walking Wake|Protosynthesis|[silent]
|switch|p2a: Iron Moth|Iron Moth|100/100
|move|p1a: Iron Valiant|Agility|p1a: Iron Valiant
|-boost|p1a: Iron Valiant|spe|2
|
|upkeep
|turn|15
|
|t:|1760331334
|move|p1a: Iron Valiant|Calm Mind|p1a: Iron Valiant
|-boost|p1a: Iron Valiant|spa|1
|-boost|p1a: Iron Valiant|spd|1
|move|p2a: Iron Moth|Sludge Wave|p1a: Iron Valiant
|-supereffective|p1a: Iron Valiant
|-damage|p1a: Iron Valiant|0 fnt
|faint|p1a: Iron Valiant
|-end|p1a: Iron Valiant|Quark Drive|[silent]
|
|upkeep
|
|t:|1760331347
|switch|p1a: Tyranitar|Tyranitar, F|100/100
|-damage|p1a: Tyranitar|88/100|[from] Stealth Rock
|-weather|Sandstorm|[from] ability: Sand Stream|[of] p1a: Tyranitar
|turn|16
|
|t:|1760331353
|-end|p2a: Iron Moth|Quark Drive|[silent]
|switch|p2a: Great Tusk|Great Tusk|100/100
|move|p1a: Tyranitar|Dragon Claw|p2a: Great Tusk
|-damage|p2a: Great Tusk|79/100
|
|-weather|Sandstorm|[upkeep]
|-heal|p2a: Great Tusk|85/100|[from] item: Leftovers
|upkeep
|turn|17
|
|t:|1760331369
|switch|p1a: Moltres|Moltres-Galar|88/100 tox
|-damage|p1a: Moltres|63/100 tox|[from] Stealth Rock
|move|p2a: Great Tusk|Close Combat|p1a: Moltres
|-crit|p1a: Moltres
|-damage|p1a: Moltres|0 fnt
|-unboost|p2a: Great Tusk|def|1
|-unboost|p2a: Great Tusk|spd|1
|faint|p1a: Moltres
|
|-weather|Sandstorm|[upkeep]
|-heal|p2a: Great Tusk|92/100|[from] item: Leftovers
|upkeep
|-message|pepetermo forfeited.
|
|win|Pergame
|raw|pepetermo's rating: 1115 &rarr; <strong>1094</strong><br />(-21 for losing)
|raw|Pergame's rating: 1173 &rarr; <strong>1194</strong><br />(+21 for winning)
|l|☆pepetermo
|player|p1|
|l|☆Pergame
|player|p2|
