|j|☆moffe612
|j|☆Themusiqking
|t:|1760461326
|gametype|singles
|player|p1|moffe612|170|1246
|player|p2|Themusiqking|170|1200
|gen|9
|tier|[Gen 9] OU
|rated|
|rule|HP Percentage Mod: HP is shown in percentages
|rule|Endless Battle Clause: Forcing endless battles is banned
|rule|Species Clause: Limit one of each Pokémon
|rule|OHKO Clause: OHKO moves are banned
|rule|Evasion Items Clause: Evasion items are banned
|rule|Evasion Moves Clause: Evasion moves are banned
|rule|Evasion Abilities Clause: Evasion abilities are banned
|rule|Sleep Moves Clause: Sleep-inducing moves are banned
|clearpoke
|poke|p1|Gliscor, M|
|poke|p1|Gholdengo|
|poke|p1|Kyurem|
|poke|p1|Ogerpon-Wellspring, F|
|poke|p1|Ambipom, M|
|poke|p1|Ceruledge, F|
|poke|p2|Excadrill, F|
|poke|p2|Ditto|
|poke|p2|Zapdos-Galar|
|poke|p2|Garganacl, F|
|poke|p2|Noivern, F|
|poke|p2|Cresselia, F|
|teampreview
|inactive|Battle timer is ON: inactive players will automatically lose when time's up. (requested by moffe612)
|
|t:|1760461346
|teamsize|p1|6
|teamsize|p2|6
|start
|switch|p1a: Ambipom|Ambipom, M, shiny|100/100
|switch|p2a: Noivern|Noivern, F|100/100
|turn|1
|
|t:|1760461352
|move|p1a: Ambipom|Fake Out|p2a: Noivern
|-damage|p2a: Noivern|58/100
|-damage|p1a: Ambipom|91/100|[from] item: Life Orb
|cant|p2a: Noivern|flinch
|
|upkeep
|turn|2
|
|t:|1760461358
|move|p2a: Noivern|Boomburst|p1a: Ambipom
|-damage|p1a: Ambipom|0 fnt
|faint|p1a: Ambipom
|
|upkeep
|
|t:|1760461382
|switch|p1a: Ogerpon|Ogerpon-Wellspring, F|100/100
|turn|3
|inactive|Themusiqking has 120 seconds left.
|
|t:|1760461435
|-terastallize|p2a: Noivern|Normal
|move|p2a: Noivern|Boomburst|p1a: Ogerpon
|-damage|p1a: Ogerpon|0 fnt
|faint|p1a: Ogerpon
|
|upkeep
|
|t:|1760461446
|switch|p1a: Gholdengo|Gholdengo|100/100
|-item|p1a: Gholdengo|Air Balloon
|turn|4
|
|t:|1760461457
|switch|p2a: Garganacl|Garganacl, F|100/100
|move|p1a: Gholdengo|Dazzling Gleam|p2a: Garganacl
|-damage|p2a: Garganacl|80/100
|
|-heal|p2a: Garganacl|86/100|[from] item: Leftovers
|upkeep
|turn|5
|
|t:|1760461477
|move|p2a: Garganacl|Protect|p2a: Garganacl
|-singleturn|p2a: Garganacl|Protect
|move|p1a: Gholdengo|Nasty Plot|p1a: Gholdengo
|-boost|p1a: Gholdengo|spa|2
|
|-heal|p2a: Garganacl|92/100|[from] item: Leftovers
|upkeep
|turn|6
|
|t:|1760461503
|switch|p2a: Excadrill|Excadrill, F|100/100
|-ability|p2a: Excadrill|Mold Breaker
|move|p1a: Gholdengo|Nasty Plot|p1a: Gholdengo
|-boost|p1a: Gholdengo|spa|2
|
|upkeep
|turn|7
|c|☆Themusiqking|Ggs
|inactive|moffe612 has 120 seconds left.
|
|t:|1760461535
|move|p1a: Gholdengo|Shadow Ball|p2a: Excadrill
|-damage|p2a: Excadrill|0 fnt
|faint|p2a: Excadrill
|
|upkeep
|inactive|Themusiqking has 90 seconds left.
|inactive|Themusiqking has 60 seconds left.
|
|t:|1760461582
|switch|p2a: Ditto|Ditto|100/100
|-transform|p2a: Ditto|p1a: Gholdengo|[from] ability: Imposter
|turn|8
|inactive|moffe612 has 120 seconds left.
|
|t:|1760461621
|-terastallize|p1a: Gholdengo|Fairy
|move|p2a: Ditto|Shadow Ball|p1a: Gholdengo
|-damage|p1a: Gholdengo|0 fnt
|-enditem|p1a: Gholdengo|Air Balloon
|faint|p1a: Gholdengo
|
|upkeep
|
|t:|1760461629
|switch|p1a: Ceruledge|Ceruledge, F|100/100
|turn|9
|
|t:|1760461646
|switch|p2a: Garganacl|Garganacl, F|92/100
|move|p1a: Ceruledge|Shadow Sneak|p2a: Garganacl
|-damage|p2a: Garganacl|86/100
|
|-heal|p2a: Garganacl|92/100|[from] item: Leftovers
|upkeep
|turn|10
|
|t:|1760461659
|move|p1a: Ceruledge|Close Combat|p2a: Garganacl
|-supereffective|p2a: Garganacl
|-damage|p2a: Garganacl|41/100
|-unboost|p1a: Ceruledge|def|1
|-unboost|p1a: Ceruledge|spd|1
|move|p2a: Garganacl|Iron Defense|p2a: Garganacl
|-boost|p2a: Garganacl|def|2
|
|-heal|p2a: Garganacl|47/100|[from] item: Leftovers
|upkeep
|turn|11
|
|t:|1760461679
|move|p2a: Garganacl|Protect|p2a: Garganacl
|-singleturn|p2a: Garganacl|Protect
|move|p1a: Ceruledge|Close Combat|p2a: Garganacl
|-activate|p2a: Garganacl|move: Protect
|
|-heal|p2a: Garganacl|53/100|[from] item: Leftovers
|upkeep
|turn|12
|inactive|Themusiqking has 60 seconds left.
|
|t:|1760461699
|move|p1a: Ceruledge|Close Combat|p2a: Garganacl
|-supereffective|p2a: Garganacl
|-damage|p2a: Garganacl|25/100
|-unboost|p1a: Ceruledge|def|1
|-unboost|p1a: Ceruledge|spd|1
|move|p2a: Garganacl|Salt Cure|p1a: Ceruledge
|-supereffective|p1a: Ceruledge
|-damage|p1a: Ceruledge|15/100
|-start|p1a: Ceruledge|Salt Cure
|-ability|p1a: Ceruledge|Weak Armor|boost
|-unboost|p1a: Ceruledge|def|1
|-boost|p1a: Ceruledge|spe|2
|
|-heal|p2a: Garganacl|31/100|[from] item: Leftovers
|-damage|p1a: Ceruledge|3/100|[from] Salt Cure
|upkeep
|turn|13
|inactive|moffe612 has 120 seconds left.
|
|t:|1760461720
|switch|p1a: Kyurem|Kyurem, shiny|100/100
|-ability|p1a: Kyurem|Pressure
|move|p2a: Garganacl|Protect||[still]
|-fail|p2a: Garganacl
|
|-heal|p2a: Garganacl|37/100|[from] item: Leftovers
|upkeep
|turn|14
|inactive|moffe612 has 120 seconds left.
|inactive|Themusiqking has 60 seconds left.
|
|t:|1760461754
|move|p1a: Kyurem|Earth Power|p2a: Garganacl
|-supereffective|p2a: Garganacl
|-crit|p2a: Garganacl
|-damage|p2a: Garganacl|0 fnt
|faint|p2a: Garganacl
|
|upkeep
|
|t:|1760461758
|switch|p2a: Ditto|Ditto|100/100
|-transform|p2a: Ditto|p1a: Kyurem|[from] ability: Imposter
|-ability|p2a: Ditto|Pressure
|turn|15
|inactive|moffe612 has 120 seconds left.
|
|t:|1760461776
|move|p2a: Ditto|Scale Shot|p1a: Kyurem
|-supereffective|p1a: Kyurem
|-damage|p1a: Kyurem|75/100
|-supereffective|p1a: Kyurem
|-damage|p1a: Kyurem|49/100
|-supereffective|p1a: Kyurem
|-damage|p1a: Kyurem|25/100
|-supereffective|p1a: Kyurem
|-damage|p1a: Kyurem|0 fnt
|faint|p1a: Kyurem
|-hitcount|p1: Kyurem|4
|-unboost|p2a: Ditto|def|1
|-boost|p2a: Ditto|spe|1
|
|upkeep
|inactive|moffe612 has 120 seconds left.
|
|t:|1760461782
|switch|p1a: Ceruledge|Ceruledge, F|3/100
|turn|16
|
|t:|1760461795
|move|p1a: Ceruledge|Shadow Sneak|p2a: Ditto
|-damage|p2a: Ditto|63/100
|move|p2a: Ditto|Scale Shot|p1a: Ceruledge
|-damage|p1a: Ceruledge|0 fnt
|faint|p1a: Ceruledge
|-hitcount|p1: Ceruledge|1
|-unboost|p2a: Ditto|def|1
|-boost|p2a: Ditto|spe|1
|
|upkeep
|
|t:|1760461798
|switch|p1a: Gliscor|Gliscor, M, shiny|100/100
|turn|17
|
|t:|1760461810
|move|p1a: Gliscor|Protect|p1a: Gliscor
|-singleturn|p1a: Gliscor|Protect
|move|p2a: Ditto|Scale Shot|p1a: Gliscor
|-activate|p1a: Gliscor|move: Protect
|
|-status|p1a: Gliscor|tox|[from] item: Toxic Orb
|upkeep
|turn|18
|
|t:|1760461819
|move|p2a: Ditto|Scale Shot|p1a: Gliscor
|-damage|p1a: Gliscor|89/100 tox
|-damage|p1a: Gliscor|78/100 tox
|-hitcount|p1a: Gliscor|2
|-unboost|p2a: Ditto|def|1
|-boost|p2a: Ditto|spe|1
|move|p1a: Gliscor|Earthquake|p2a: Ditto
|-damage|p2a: Ditto|0 fnt
|faint|p2a: Ditto
|
|-heal|p1a: Gliscor|90/100 tox|[from] ability: Poison Heal
|upkeep
|inactive|Themusiqking has 90 seconds left.
|
|t:|1760461827
|switch|p2a: Noivern|Noivern, F, tera:Normal|58/100
|turn|19
|
|t:|1760461836
|move|p2a: Noivern|Boomburst|p1a: Gliscor
|-damage|p1a: Gliscor|0 fnt
|faint|p1a: Gliscor
|
|win|Themusiqking
|raw|moffe612's rating: 1268 &rarr; <strong>1238</strong><br />(-30 for losing)
|raw|Themusiqking's rating: 1200 &rarr; <strong>1230</strong><br />(+30 for winning)
|l|☆moffe612
|player|p1|
