|j|☆socials alexjmUK
|j|☆mr.creep69
|t:|1760367403
|gametype|singles
|player|p1|socials alexjmUK|101|1086
|player|p2|mr.creep69|265|1083
|gen|9
|tier|[Gen 9] OU
|rated|
|rule|HP Percentage Mod: HP is shown in percentages
|rule|Endless Battle Clause: Forcing endless battles is banned
|rule|Species Clause: Limit one of each Pokémon
|rule|OHKO Clause: OHKO moves are banned
|rule|Evasion Items Clause: Evasion items are banned
|rule|Evasion Moves Clause: Evasion moves are banned
|rule|Evasion Abilities Clause: Evasion abilities are banned
|rule|Sleep Moves Clause: Sleep-inducing moves are banned
|clearpoke
|poke|p1|Kingambit, F|
|poke|p1|Greninja-*, M|
|poke|p1|Gliscor, F|
|poke|p1|Blissey, F|
|poke|p1|Corviknight, M|
|poke|p1|Iron Valiant|
|poke|p2|Scizor, F|
|poke|p2|Blaziken, M|
|poke|p2|Garganacl, F|
|poke|p2|Manaphy|
|poke|p2|Gengar, F|
|poke|p2|Heatran, M|
|teampreview
|inactive|Battle timer is ON: inactive players will automatically lose when time's up. (requested by mr.creep69)
|
|t:|1760367432
|teamsize|p1|6
|teamsize|p2|6
|start
|switch|p1a: Greninja|Greninja, M|100/100
|switch|p2a: Gengar|Gengar, F|100/100
|turn|1
|
|t:|1760367450
|move|p1a: Greninja|U-turn|p2a: Gengar
|-start|p1a: Greninja|typechange|Bug|[from] ability: Protean
|-resisted|p2a: Gengar
|-damage|p2a: Gengar|91/100
|-damage|p1a: Greninja|91/100|[from] item: Life Orb
|inactive|socials alexjmUK has 120 seconds left.
|
|t:|1760367480
|switch|p1a: Gliscor|Gliscor, F|100/100|[from] U-turn
|move|p2a: Gengar|Toxic Spikes|p1a: Gliscor
|-sidestart|p1: socials alexjmUK|move: Toxic Spikes
|
|-status|p1a: Gliscor|tox|[from] item: Toxic Orb
|upkeep
|turn|2
|inactive|socials alexjmUK has 120 seconds left.
|
|t:|1760367506
|move|p2a: Gengar|Toxic Spikes|p1a: Gliscor
|-sidestart|p1: socials alexjmUK|move: Toxic Spikes
|move|p1a: Gliscor|Substitute|p1a: Gliscor
|-start|p1a: Gliscor|Substitute
|-damage|p1a: Gliscor|75/100 tox
|
|-heal|p1a: Gliscor|88/100 tox|[from] ability: Poison Heal
|upkeep
|turn|3
|
|t:|1760367516
|move|p2a: Gengar|Disable|p1a: Gliscor
|-start|p1a: Gliscor|Disable|Substitute
|move|p1a: Gliscor|Earthquake|p2a: Gengar
|-supereffective|p2a: Gengar
|-damage|p2a: Gengar|0 fnt
|faint|p2a: Gengar
|
|-heal|p1a: Gliscor|100/100 tox|[from] ability: Poison Heal
|upkeep
|inactive|mr.creep69 has 120 seconds left.
|
|t:|1760367527
|switch|p2a: Manaphy|Manaphy|100/100
|turn|4
|
|t:|1760367533
|move|p2a: Manaphy|Tail Glow|p2a: Manaphy
|-boost|p2a: Manaphy|spa|3
|move|p1a: Gliscor|Toxic|p2a: Manaphy
|-status|p2a: Manaphy|tox
|
|-damage|p2a: Manaphy|94/100 tox|[from] psn
|upkeep
|turn|5
|
|t:|1760367544
|move|p2a: Manaphy|Surf|p1a: Gliscor
|-supereffective|p1a: Gliscor
|-end|p1a: Gliscor|Substitute
|move|p1a: Gliscor|Earthquake|p2a: Manaphy
|-damage|p2a: Manaphy|63/100 tox
|
|-damage|p2a: Manaphy|51/100 tox|[from] psn
|upkeep
|turn|6
|
|t:|1760367553
|move|p1a: Gliscor|Protect|p1a: Gliscor
|-singleturn|p1a: Gliscor|Protect
|move|p2a: Manaphy|Surf|p1a: Gliscor
|-activate|p1a: Gliscor|move: Protect
|
|-damage|p2a: Manaphy|32/100 tox|[from] psn
|-end|p1a: Gliscor|Disable
|upkeep
|turn|7
|
|t:|1760367575
|switch|p1a: Greninja|Greninja, M|91/100
|-status|p1a: Greninja|tox
|move|p2a: Manaphy|Surf|p1a: Greninja
|-resisted|p1a: Greninja
|-damage|p1a: Greninja|11/100 tox
|
|-damage|p1a: Greninja|5/100 tox|[from] psn
|-damage|p2a: Manaphy|8/100 tox|[from] psn
|upkeep
|-enditem|p2a: Manaphy|Salac Berry|[eat]
|-boost|p2a: Manaphy|spe|1|[from] item: Salac Berry
|turn|8
|
|t:|1760367590
|move|p2a: Manaphy|Energy Ball|p1a: Greninja
|-supereffective|p1a: Greninja
|-damage|p1a: Greninja|0 fnt
|faint|p1a: Greninja
|
|-damage|p2a: Manaphy|0 fnt|[from] psn
|faint|p2a: Manaphy
|upkeep
|
|t:|1760367599
|switch|p1a: Gliscor|Gliscor, F|100/100 tox
|switch|p2a: Blaziken|Blaziken, M|100/100
|turn|9
|
|t:|1760367608
|move|p2a: Blaziken|Protect|p2a: Blaziken
|-singleturn|p2a: Blaziken|Protect
|move|p1a: Gliscor|Protect||[still]
|-fail|p1a: Gliscor
|
|-ability|p2a: Blaziken|Speed Boost|boost
|-boost|p2a: Blaziken|spe|1
|upkeep
|turn|10
|
|t:|1760367625
|-terastallize|p1a: Gliscor|Ground
|move|p2a: Blaziken|Swords Dance|p2a: Blaziken
|-boost|p2a: Blaziken|atk|2
|move|p1a: Gliscor|Earthquake|p2a: Blaziken
|-supereffective|p2a: Blaziken
|-damage|p2a: Blaziken|0 fnt
|faint|p2a: Blaziken
|
|upkeep
|
|t:|1760367638
|switch|p2a: Heatran|Heatran, M|100/100
|-item|p2a: Heatran|Air Balloon
|turn|11
|
|t:|1760367653
|switch|p1a: Blissey|Blissey, F|100/100
|-status|p1a: Blissey|tox
|move|p2a: Heatran|Magma Storm|p1a: Blissey|[miss]
|-miss|p2a: Heatran|p1a: Blissey
|
|-damage|p1a: Blissey|94/100 tox|[from] psn
|upkeep
|turn|12
|
|t:|1760367671
|move|p2a: Heatran|Stealth Rock|p1a: Blissey
|-sidestart|p1: socials alexjmUK|move: Stealth Rock
|move|p1a: Blissey|Seismic Toss|p2a: Heatran
|-damage|p2a: Heatran|75/100
|-enditem|p2a: Heatran|Air Balloon
|
|-heal|p1a: Blissey|100/100 tox|[from] item: Leftovers
|-damage|p1a: Blissey|88/100 tox|[from] psn
|upkeep
|turn|13
|
|t:|1760367682
|move|p2a: Heatran|Magma Storm|p1a: Blissey|[miss]
|-miss|p2a: Heatran|p1a: Blissey
|move|p1a: Blissey|Thunder Wave|p2a: Heatran
|-status|p2a: Heatran|par
|
|-heal|p1a: Blissey|94/100 tox|[from] item: Leftovers
|-damage|p1a: Blissey|76/100 tox|[from] psn
|upkeep
|turn|14
|
|t:|1760367691
|move|p1a: Blissey|Heal Bell|p1a: Blissey
|-activate|p1a: Blissey|move: Heal Bell
|-curestatus|p1a: Blissey|tox|[msg]
|-curestatus|p1: Gliscor|tox|[msg]
|cant|p2a: Heatran|par
|
|-heal|p1a: Blissey|82/100|[from] item: Leftovers
|upkeep
|turn|15
|
|t:|1760367703
|switch|p1a: Gliscor|Gliscor, F, tera:Ground|100/100
|-status|p1a: Gliscor|tox
|-damage|p1a: Gliscor|94/100 tox|[from] Stealth Rock
|move|p2a: Heatran|Magma Storm|p1a: Gliscor
|-damage|p1a: Gliscor|41/100 tox
|-activate|p1a: Gliscor|move: Magma Storm|[of] p2a: Heatran
|
|-heal|p1a: Gliscor|54/100 tox|[from] ability: Poison Heal
|-damage|p1a: Gliscor|41/100 tox|[from] move: Magma Storm|[partiallytrapped]
|upkeep
|turn|16
|
|t:|1760367723
|move|p1a: Gliscor|Earthquake|p2a: Heatran
|-supereffective|p2a: Heatran
|-damage|p2a: Heatran|0 fnt
|faint|p2a: Heatran
|
|-heal|p1a: Gliscor|54/100 tox|[from] ability: Poison Heal
|-end|p1a: Gliscor|Magma Storm|[partiallytrapped]|[silent]
|upkeep
|
|t:|1760367732
|switch|p2a: Garganacl|Garganacl, F|100/100
|turn|17
|
|t:|1760367743
|move|p1a: Gliscor|Toxic|p2a: Garganacl
|-immune|p2a: Garganacl|[from] ability: Purifying Salt
|move|p2a: Garganacl|Block|p1a: Gliscor
|-activate|p1a: Gliscor|trapped
|
|-heal|p1a: Gliscor|66/100 tox|[from] ability: Poison Heal
|upkeep
|turn|18
|
|t:|1760367750
|move|p1a: Gliscor|Substitute|p1a: Gliscor
|-start|p1a: Gliscor|Substitute
|-damage|p1a: Gliscor|41/100 tox
|move|p2a: Garganacl|Curse|p2a: Garganacl
|-unboost|p2a: Garganacl|spe|1
|-boost|p2a: Garganacl|atk|1
|-boost|p2a: Garganacl|def|1
|
|-heal|p1a: Gliscor|54/100 tox|[from] ability: Poison Heal
|upkeep
|turn|19
|
|t:|1760367760
|move|p1a: Gliscor|Earthquake|p2a: Garganacl
|-supereffective|p2a: Garganacl
|-damage|p2a: Garganacl|71/100
|move|p2a: Garganacl|Curse|p2a: Garganacl
|-unboost|p2a: Garganacl|spe|1
|-boost|p2a: Garganacl|atk|1
|-boost|p2a: Garganacl|def|1
|
|-heal|p2a: Garganacl|77/100|[from] item: Leftovers
|-heal|p1a: Gliscor|66/100 tox|[from] ability: Poison Heal
|upkeep
|turn|20
|
|t:|1760367772
|move|p1a: Gliscor|Earthquake|p2a: Garganacl
|-supereffective|p2a: Garganacl
|-damage|p2a: Garganacl|55/100
|move|p2a: Garganacl|Curse|p2a: Garganacl
|-unboost|p2a: Garganacl|spe|1
|-boost|p2a: Garganacl|atk|1
|-boost|p2a: Garganacl|def|1
|
|-heal|p2a: Garganacl|61/100|[from] item: Leftovers
|-heal|p1a: Gliscor|79/100 tox|[from] ability: Poison Heal
|upkeep
|turn|21
|
|t:|1760367786
|move|p1a: Gliscor|Earthquake|p2a: Garganacl
|-supereffective|p2a: Garganacl
|-damage|p2a: Garganacl|44/100
|move|p2a: Garganacl|Curse|p2a: Garganacl
|-unboost|p2a: Garganacl|spe|1
|-boost|p2a: Garganacl|atk|1
|-boost|p2a: Garganacl|def|1
|
|-heal|p2a: Garganacl|50/100|[from] item: Leftovers
|-heal|p1a: Gliscor|91/100 tox|[from] ability: Poison Heal
|upkeep
|turn|22
|
|t:|1760367798
|move|p1a: Gliscor|Earthquake|p2a: Garganacl
|-supereffective|p2a: Garganacl
|-damage|p2a: Garganacl|33/100
|move|p2a: Garganacl|Recover|p2a: Garganacl
|-heal|p2a: Garganacl|83/100
|
|-heal|p2a: Garganacl|89/100|[from] item: Leftovers
|-heal|p1a: Gliscor|100/100 tox|[from] ability: Poison Heal
|upkeep
|turn|23
|
|t:|1760367812
|move|p1a: Gliscor|Earthquake|p2a: Garganacl
|-supereffective|p2a: Garganacl
|-damage|p2a: Garganacl|74/100
|move|p2a: Garganacl|Curse|p2a: Garganacl
|-unboost|p2a: Garganacl|spe|1
|-boost|p2a: Garganacl|atk|1
|-boost|p2a: Garganacl|def|1
|
|-heal|p2a: Garganacl|80/100|[from] item: Leftovers
|upkeep
|turn|24
|
|t:|1760367823
|move|p1a: Gliscor|Earthquake|p2a: Garganacl
|-supereffective|p2a: Garganacl
|-damage|p2a: Garganacl|66/100
|move|p2a: Garganacl|Curse|p2a: Garganacl
|-unboost|p2a: Garganacl|spe|1
|-boost|p2a: Garganacl|atk|1
|-boost|p2a: Garganacl|def|1
|
|-heal|p2a: Garganacl|72/100|[from] item: Leftovers
|upkeep
|turn|25
|
|t:|1760367840
|move|p1a: Gliscor|Earthquake|p2a: Garganacl
|-supereffective|p2a: Garganacl
|-damage|p2a: Garganacl|59/100
|move|p2a: Garganacl|Salt Cure|p1a: Gliscor
|-resisted|p1a: Gliscor
|-activate|p1a: Gliscor|move: Substitute|[damage]
|
|-heal|p2a: Garganacl|65/100|[from] item: Leftovers
|upkeep
|turn|26
|inactive|socials alexjmUK has 120 seconds left.
|inactive|socials alexjmUK has 90 seconds left.
|inactive|socials alexjmUK has 60 seconds left.
|inactive|socials alexjmUK has 30 seconds left.
|
|t:|1760367960
|move|p1a: Gliscor|Earthquake|p2a: Garganacl
|-supereffective|p2a: Garganacl
|-damage|p2a: Garganacl|52/100
|move|p2a: Garganacl|Salt Cure|p1a: Gliscor
|-resisted|p1a: Gliscor
|-end|p1a: Gliscor|Substitute
|
|-heal|p2a: Garganacl|58/100|[from] item: Leftovers
|upkeep
|turn|27
|inactive|mr.creep69 has 120 seconds left.
|
|t:|1760367985
|move|p1a: Gliscor|Substitute|p1a: Gliscor
|-start|p1a: Gliscor|Substitute
|-damage|p1a: Gliscor|75/100 tox
|move|p2a: Garganacl|Salt Cure|p1a: Gliscor
|-resisted|p1a: Gliscor
|-activate|p1a: Gliscor|move: Substitute|[damage]
|
|-heal|p2a: Garganacl|65/100|[from] item: Leftovers
|-heal|p1a: Gliscor|88/100 tox|[from] ability: Poison Heal
|upkeep
|turn|28
|inactive|mr.creep69 has 120 seconds left.
|
|t:|1760367995
|move|p1a: Gliscor|Earthquake|p2a: Garganacl
|-supereffective|p2a: Garganacl
|-damage|p2a: Garganacl|52/100
|move|p2a: Garganacl|Salt Cure|p1a: Gliscor
|-resisted|p1a: Gliscor
|-end|p1a: Gliscor|Substitute
|
|-heal|p2a: Garganacl|58/100|[from] item: Leftovers
|-heal|p1a: Gliscor|100/100 tox|[from] ability: Poison Heal
|upkeep
|turn|29
|inactive|mr.creep69 has 120 seconds left.
|
|t:|1760368006
|move|p1a: Gliscor|Substitute|p1a: Gliscor
|-start|p1a: Gliscor|Substitute
|-damage|p1a: Gliscor|75/100 tox
|move|p2a: Garganacl|Salt Cure|p1a: Gliscor
|-resisted|p1a: Gliscor
|-activate|p1a: Gliscor|move: Substitute|[damage]
|
|-heal|p2a: Garganacl|64/100|[from] item: Leftovers
|-heal|p1a: Gliscor|88/100 tox|[from] ability: Poison Heal
|upkeep
|turn|30
|inactive|mr.creep69 has 120 seconds left.
|
|t:|1760368017
|move|p1a: Gliscor|Earthquake|p2a: Garganacl
|-supereffective|p2a: Garganacl
|-damage|p2a: Garganacl|51/100
|move|p2a: Garganacl|Salt Cure|p1a: Gliscor
|-resisted|p1a: Gliscor
|-end|p1a: Gliscor|Substitute
|
|-heal|p2a: Garganacl|57/100|[from] item: Leftovers
|-heal|p1a: Gliscor|100/100 tox|[from] ability: Poison Heal
|upkeep
|turn|31
|inactive|mr.creep69 has 120 seconds left.
|
|t:|1760368028
|move|p1a: Gliscor|Substitute|p1a: Gliscor
|-start|p1a: Gliscor|Substitute
|-damage|p1a: Gliscor|75/100 tox
|move|p2a: Garganacl|Salt Cure|p1a: Gliscor
|-resisted|p1a: Gliscor
|-activate|p1a: Gliscor|move: Substitute|[damage]
|
|-heal|p2a: Garganacl|64/100|[from] item: Leftovers
|-heal|p1a: Gliscor|88/100 tox|[from] ability: Poison Heal
|upkeep
|turn|32
|inactive|mr.creep69 has 120 seconds left.
|
|t:|1760368039
|move|p1a: Gliscor|Toxic|p2a: Garganacl
|-immune|p2a: Garganacl|[from] ability: Purifying Salt
|move|p2a: Garganacl|Salt Cure|p1a: Gliscor
|-resisted|p1a: Gliscor
|-end|p1a: Gliscor|Substitute
|
|-heal|p2a: Garganacl|70/100|[from] item: Leftovers
|-heal|p1a: Gliscor|100/100 tox|[from] ability: Poison Heal
|upkeep
|turn|33
|inactive|mr.creep69 has 120 seconds left.
|
|t:|1760368049
|move|p1a: Gliscor|Substitute|p1a: Gliscor
|-start|p1a: Gliscor|Substitute
|-damage|p1a: Gliscor|75/100 tox
|move|p2a: Garganacl|Salt Cure|p1a: Gliscor
|-resisted|p1a: Gliscor
|-activate|p1a: Gliscor|move: Substitute|[damage]
|
|-heal|p2a: Garganacl|76/100|[from] item: Leftovers
|-heal|p1a: Gliscor|88/100 tox|[from] ability: Poison Heal
|upkeep
|turn|34
|inactive|mr.creep69 has 120 seconds left.
|
|t:|1760368060
|move|p1a: Gliscor|Earthquake|p2a: Garganacl
|-supereffective|p2a: Garganacl
|-damage|p2a: Garganacl|63/100
|move|p2a: Garganacl|Recover|p2a: Garganacl
|-heal|p2a: Garganacl|100/100
|
|-heal|p1a: Gliscor|100/100 tox|[from] ability: Poison Heal
|upkeep
|turn|35
|inactive|mr.creep69 has 120 seconds left.
|inactive|socials alexjmUK has 60 seconds left.
|
|t:|1760368090
|move|p1a: Gliscor|Earthquake|p2a: Garganacl
|-supereffective|p2a: Garganacl
|-damage|p2a: Garganacl|88/100
|move|p2a: Garganacl|Block||[still]
|-fail|p2a: Garganacl
|
|-heal|p2a: Garganacl|94/100|[from] item: Leftovers
|upkeep
|turn|36
|inactive|mr.creep69 has 120 seconds left.
|
|t:|1760368101
|move|p1a: Gliscor|Toxic|p2a: Garganacl
|-immune|p2a: Garganacl|[from] ability: Purifying Salt
|move|p2a: Garganacl|Block||[still]
|-fail|p2a: Garganacl
|
|-heal|p2a: Garganacl|99/100|[from] item: Leftovers
|upkeep
|turn|37
|inactive|mr.creep69 has 120 seconds left.
|
|t:|1760368117
|move|p1a: Gliscor|Toxic|p2a: Garganacl
|-immune|p2a: Garganacl|[from] ability: Purifying Salt
|move|p2a: Garganacl|Curse|p2a: Garganacl
|
|-heal|p2a: Garganacl|100/100|[from] item: Leftovers
|upkeep
|turn|38
|
|t:|1760368124
|move|p1a: Gliscor|Toxic|p2a: Garganacl
|-immune|p2a: Garganacl|[from] ability: Purifying Salt
|move|p2a: Garganacl|Curse|p2a: Garganacl
|
|upkeep
|turn|39
|
|t:|1760368137
|move|p1a: Gliscor|Toxic|p2a: Garganacl
|-immune|p2a: Garganacl|[from] ability: Purifying Salt
|move|p2a: Garganacl|Curse|p2a: Garganacl
|
|upkeep
|turn|40
|
|t:|1760368143
|move|p1a: Gliscor|Toxic|p2a: Garganacl
|-immune|p2a: Garganacl|[from] ability: Purifying Salt
|move|p2a: Garganacl|Curse|p2a: Garganacl
|
|upkeep
|turn|41
|c|☆socials alexjmUK|loool
|
|t:|1760368151
|switch|p2a: Scizor|Scizor, F|100/100
|move|p1a: Gliscor|Toxic|p2a: Scizor
|-immune|p2a: Scizor
|
|upkeep
|turn|42
|
|t:|1760368158
|move|p1a: Gliscor|Toxic|p2a: Scizor
|-immune|p2a: Scizor
|move|p2a: Scizor|Swords Dance|p2a: Scizor
|-boost|p2a: Scizor|atk|2
|
|upkeep
|turn|43
|
|t:|1760368166
|move|p1a: Gliscor|Toxic|p2a: Scizor
|-immune|p2a: Scizor
|move|p2a: Scizor|Swords Dance|p2a: Scizor
|-boost|p2a: Scizor|atk|2
|
|upkeep
|turn|44
|
|t:|1760368179
|move|p1a: Gliscor|Toxic|p2a: Scizor|[miss]
|-miss|p1a: Gliscor|p2a: Scizor
|move|p2a: Scizor|Swords Dance|p2a: Scizor
|-boost|p2a: Scizor|atk|2
|
|upkeep
|turn|45
|
|t:|1760368185
|move|p1a: Gliscor|Toxic|p2a: Scizor
|-immune|p2a: Scizor
|move|p2a: Scizor|Trailblaze|p1a: Gliscor
|-supereffective|p1a: Gliscor
|-end|p1a: Gliscor|Substitute
|-boost|p2a: Scizor|spe|1
|
|upkeep
|turn|46
|inactive|socials alexjmUK has 120 seconds left.
|
|t:|1760368208
|move|p2a: Scizor|Trailblaze|p1a: Gliscor
|-supereffective|p1a: Gliscor
|-damage|p1a: Gliscor|0 fnt
|-boost|p2a: Scizor|spe|1
|faint|p1a: Gliscor
|
|upkeep
|
|t:|1760368225
|switch|p1a: Corviknight|Corviknight, M|100/100
|-damage|p1a: Corviknight|88/100|[from] Stealth Rock
|-ability|p1a: Corviknight|Pressure
|turn|47
|
|t:|1760368245
|move|p2a: Scizor|X-Scissor|p1a: Corviknight
|-resisted|p1a: Corviknight
|-damage|p1a: Corviknight|61/100
|move|p1a: Corviknight|Defog|p2a: Scizor
|-unboost|p2a: Scizor|evasion|1
|-sideend|p1: socials alexjmUK|Toxic Spikes|[from] move: Defog|[of] p1a: Corviknight
|-sideend|p1: socials alexjmUK|Stealth Rock|[from] move: Defog|[of] p1a: Corviknight
|
|-heal|p1a: Corviknight|67/100|[from] item: Leftovers
|upkeep
|turn|48
|inactive|mr.creep69 has 120 seconds left.
|
|t:|1760368273
|switch|p2a: Garganacl|Garganacl, F|100/100
|move|p1a: Corviknight|Body Press|p2a: Garganacl
|-supereffective|p2a: Garganacl
|-damage|p2a: Garganacl|77/100
|
|-heal|p1a: Corviknight|73/100|[from] item: Leftovers
|-heal|p2a: Garganacl|83/100|[from] item: Leftovers
|upkeep
|turn|49
|inactive|socials alexjmUK has 90 seconds left.
|inactive|socials alexjmUK has 60 seconds left.
|
|t:|1760368343
|move|p1a: Corviknight|U-turn|p2a: Garganacl
|-damage|p2a: Garganacl|76/100
|
|t:|1760368345
|switch|p1a: Blissey|Blissey, F|82/100|[from] U-turn
|move|p2a: Garganacl|Block|p1a: Blissey
|-activate|p1a: Blissey|trapped
|
|-heal|p1a: Blissey|88/100|[from] item: Leftovers
|-heal|p2a: Garganacl|82/100|[from] item: Leftovers
|upkeep
|turn|50
|inactive|mr.creep69 has 120 seconds left.
|
|t:|1760368365
|move|p1a: Blissey|Seismic Toss|p2a: Garganacl
|-damage|p2a: Garganacl|57/100
|move|p2a: Garganacl|Curse|p2a: Garganacl
|-unboost|p2a: Garganacl|spe|1
|-boost|p2a: Garganacl|atk|1
|-boost|p2a: Garganacl|def|1
|
|-heal|p1a: Blissey|94/100|[from] item: Leftovers
|-heal|p2a: Garganacl|64/100|[from] item: Leftovers
|upkeep
|turn|51
|inactive|socials alexjmUK has 60 seconds left.
|
|t:|1760368379
|move|p1a: Blissey|Seismic Toss|p2a: Garganacl
|-damage|p2a: Garganacl|39/100
|move|p2a: Garganacl|Curse|p2a: Garganacl
|-unboost|p2a: Garganacl|spe|1
|-boost|p2a: Garganacl|atk|1
|-boost|p2a: Garganacl|def|1
|
|-heal|p1a: Blissey|100/100|[from] item: Leftovers
|-heal|p2a: Garganacl|45/100|[from] item: Leftovers
|upkeep
|turn|52
|inactive|socials alexjmUK has 60 seconds left.
|inactive|mr.creep69 has 120 seconds left.
|
|t:|1760368395
|move|p1a: Blissey|Seismic Toss|p2a: Garganacl
|-damage|p2a: Garganacl|20/100
|move|p2a: Garganacl|Curse|p2a: Garganacl
|-unboost|p2a: Garganacl|spe|1
|-boost|p2a: Garganacl|atk|1
|-boost|p2a: Garganacl|def|1
|
|-heal|p2a: Garganacl|26/100|[from] item: Leftovers
|upkeep
|turn|53
|inactive|mr.creep69 has 120 seconds left.
|c|☆socials alexjmUK|ooooh
|
|t:|1760368417
|move|p1a: Blissey|Seismic Toss|p2a: Garganacl
|-damage|p2a: Garganacl|2/100
|move|p2a: Garganacl|Recover|p2a: Garganacl
|-heal|p2a: Garganacl|52/100
|
|-heal|p2a: Garganacl|58/100|[from] item: Leftovers
|upkeep
|turn|54
|
|t:|1760368426
|move|p1a: Blissey|Seismic Toss|p2a: Garganacl
|-damage|p2a: Garganacl|33/100
|move|p2a: Garganacl|Recover|p2a: Garganacl
|-heal|p2a: Garganacl|83/100
|
|-heal|p2a: Garganacl|89/100|[from] item: Leftovers
|upkeep
|turn|55
|c|☆socials alexjmUK|do u have the pp for this
|
|t:|1760368434
|move|p1a: Blissey|Seismic Toss|p2a: Garganacl
|-damage|p2a: Garganacl|65/100
|move|p2a: Garganacl|Curse|p2a: Garganacl
|-unboost|p2a: Garganacl|spe|1
|-boost|p2a: Garganacl|atk|1
|-boost|p2a: Garganacl|def|1
|
|-heal|p2a: Garganacl|71/100|[from] item: Leftovers
|upkeep
|turn|56
|
|t:|1760368444
|move|p1a: Blissey|Seismic Toss|p2a: Garganacl
|-damage|p2a: Garganacl|46/100
|move|p2a: Garganacl|Curse|p2a: Garganacl
|-unboost|p2a: Garganacl|spe|1
|-boost|p2a: Garganacl|atk|1
|-boost|p2a: Garganacl|def|1
|
|-heal|p2a: Garganacl|52/100|[from] item: Leftovers
|upkeep
|turn|57
|
|t:|1760368455
|move|p1a: Blissey|Seismic Toss|p2a: Garganacl
|-damage|p2a: Garganacl|27/100
|move|p2a: Garganacl|Recover|p2a: Garganacl
|-heal|p2a: Garganacl|77/100
|
|-heal|p2a: Garganacl|84/100|[from] item: Leftovers
|upkeep
|turn|58
|
|t:|1760368464
|move|p1a: Blissey|Seismic Toss|p2a: Garganacl
|-damage|p2a: Garganacl|59/100
|move|p2a: Garganacl|Curse|p2a: Garganacl
|-unboost|p2a: Garganacl|spe|1
|-boost|p2a: Garganacl|atk|1
|-boost|p2a: Garganacl|def|1
|
|-heal|p2a: Garganacl|65/100|[from] item: Leftovers
|upkeep
|turn|59
|c|☆socials alexjmUK|I think this is gg
|c|☆socials alexjmUK|unless...
|
|t:|1760368476
|move|p1a: Blissey|Seismic Toss|p2a: Garganacl
|-damage|p2a: Garganacl|40/100
|move|p2a: Garganacl|Recover|p2a: Garganacl
|-heal|p2a: Garganacl|90/100
|
|-heal|p2a: Garganacl|97/100|[from] item: Leftovers
|upkeep
|turn|60
|
|t:|1760368484
|move|p1a: Blissey|Seismic Toss|p2a: Garganacl
|-damage|p2a: Garganacl|72/100
|move|p2a: Garganacl|Salt Cure|p1a: Blissey
|-damage|p1a: Blissey|55/100
|-start|p1a: Blissey|Salt Cure
|
|-heal|p1a: Blissey|61/100|[from] item: Leftovers
|-heal|p2a: Garganacl|78/100|[from] item: Leftovers
|-damage|p1a: Blissey|48/100|[from] Salt Cure
|upkeep
|turn|61
|
|t:|1760368494
|move|p1a: Blissey|Soft-Boiled|p1a: Blissey
|-heal|p1a: Blissey|98/100
|move|p2a: Garganacl|Salt Cure|p1a: Blissey
|-damage|p1a: Blissey|51/100
|
|-heal|p1a: Blissey|57/100|[from] item: Leftovers
|-heal|p2a: Garganacl|84/100|[from] item: Leftovers
|-damage|p1a: Blissey|45/100|[from] Salt Cure
|upkeep
|turn|62
|
|t:|1760368504
|move|p1a: Blissey|Soft-Boiled|p1a: Blissey
|-heal|p1a: Blissey|95/100
|move|p2a: Garganacl|Salt Cure|p1a: Blissey
|-damage|p1a: Blissey|50/100
|
|-heal|p1a: Blissey|56/100|[from] item: Leftovers
|-heal|p2a: Garganacl|90/100|[from] item: Leftovers
|-damage|p1a: Blissey|44/100|[from] Salt Cure
|upkeep
|turn|63
|c|☆socials alexjmUK|oooh nevermind
|
|t:|1760368515
|move|p1a: Blissey|Soft-Boiled|p1a: Blissey
|-heal|p1a: Blissey|94/100
|move|p2a: Garganacl|Salt Cure|p1a: Blissey
|-damage|p1a: Blissey|49/100
|
|-heal|p1a: Blissey|55/100|[from] item: Leftovers
|-heal|p2a: Garganacl|97/100|[from] item: Leftovers
|-damage|p1a: Blissey|43/100|[from] Salt Cure
|upkeep
|turn|64
|
|t:|1760368525
|move|p1a: Blissey|Soft-Boiled|p1a: Blissey
|-heal|p1a: Blissey|93/100
|move|p2a: Garganacl|Salt Cure|p1a: Blissey
|-damage|p1a: Blissey|41/100
|
|-heal|p1a: Blissey|47/100|[from] item: Leftovers
|-heal|p2a: Garganacl|100/100|[from] item: Leftovers
|-damage|p1a: Blissey|35/100|[from] Salt Cure
|upkeep
|turn|65
|
|t:|1760368535
|move|p1a: Blissey|Soft-Boiled|p1a: Blissey
|-heal|p1a: Blissey|85/100
|move|p2a: Garganacl|Salt Cure|p1a: Blissey
|-damage|p1a: Blissey|41/100
|
|-heal|p1a: Blissey|47/100|[from] item: Leftovers
|-damage|p1a: Blissey|35/100|[from] Salt Cure
|upkeep
|turn|66
|
|t:|1760368544
|move|p1a: Blissey|Soft-Boiled|p1a: Blissey
|-heal|p1a: Blissey|85/100
|move|p2a: Garganacl|Salt Cure|p1a: Blissey
|-damage|p1a: Blissey|40/100
|
|-heal|p1a: Blissey|46/100|[from] item: Leftovers
|-damage|p1a: Blissey|33/100|[from] Salt Cure
|upkeep
|turn|67
|
|t:|1760368553
|move|p1a: Blissey|Soft-Boiled|p1a: Blissey
|-heal|p1a: Blissey|83/100
|move|p2a: Garganacl|Salt Cure|p1a: Blissey
|-damage|p1a: Blissey|35/100
|
|-heal|p1a: Blissey|41/100|[from] item: Leftovers
|-damage|p1a: Blissey|28/100|[from] Salt Cure
|upkeep
|turn|68
|
|t:|1760368565
|move|p1a: Blissey|Soft-Boiled|p1a: Blissey
|-heal|p1a: Blissey|78/100
|move|p2a: Garganacl|Block||[still]
|-fail|p2a: Garganacl
|
|-heal|p1a: Blissey|84/100|[from] item: Leftovers
|-damage|p1a: Blissey|72/100|[from] Salt Cure
|upkeep
|turn|69
|
|t:|1760368575
|move|p1a: Blissey|Seismic Toss|p2a: Garganacl
|-damage|p2a: Garganacl|76/100
|move|p2a: Garganacl|Salt Cure|p1a: Blissey
|-damage|p1a: Blissey|27/100
|
|-heal|p1a: Blissey|33/100|[from] item: Leftovers
|-heal|p2a: Garganacl|82/100|[from] item: Leftovers
|-damage|p1a: Blissey|21/100|[from] Salt Cure
|upkeep
|turn|70
|
|t:|1760368585
|move|p1a: Blissey|Seismic Toss|p2a: Garganacl
|-damage|p2a: Garganacl|57/100
|move|p2a: Garganacl|Block||[still]
|-fail|p2a: Garganacl
|
|-heal|p1a: Blissey|27/100|[from] item: Leftovers
|-heal|p2a: Garganacl|63/100|[from] item: Leftovers
|-damage|p1a: Blissey|14/100|[from] Salt Cure
|upkeep
|turn|71
|
|t:|1760368595
|move|p1a: Blissey|Seismic Toss|p2a: Garganacl
|-damage|p2a: Garganacl|39/100
|move|p2a: Garganacl|Recover|p2a: Garganacl
|-heal|p2a: Garganacl|89/100
|
|-heal|p1a: Blissey|21/100|[from] item: Leftovers
|-heal|p2a: Garganacl|95/100|[from] item: Leftovers
|-damage|p1a: Blissey|8/100|[from] Salt Cure
|upkeep
|turn|72
|
|t:|1760368605
|move|p1a: Blissey|Seismic Toss|p2a: Garganacl
|-damage|p2a: Garganacl|70/100
|move|p2a: Garganacl|Block||[still]
|-fail|p2a: Garganacl
|
|-heal|p1a: Blissey|14/100|[from] item: Leftovers
|-heal|p2a: Garganacl|76/100|[from] item: Leftovers
|-damage|p1a: Blissey|2/100|[from] Salt Cure
|upkeep
|turn|73
|
|t:|1760368616
|move|p1a: Blissey|Heal Bell||[still]
|-activate|p1a: Blissey|move: Heal Bell
|-fail|p1a: Blissey
|move|p2a: Garganacl|Recover|p2a: Garganacl
|-heal|p2a: Garganacl|100/100
|
|-heal|p1a: Blissey|8/100|[from] item: Leftovers
|-damage|p1a: Blissey|0 fnt|[from] Salt Cure
|faint|p1a: Blissey
|upkeep
|c|☆mr.creep69|This is a good game
|c|☆mr.creep69|I cant lie man
|inactive|socials alexjmUK has 120 seconds left.
|
|t:|1760368670
|switch|p1a: Corviknight|Corviknight, M|73/100
|-ability|p1a: Corviknight|Pressure
|turn|74
|
|t:|1760368680
|move|p1a: Corviknight|Roost|p1a: Corviknight
|-heal|p1a: Corviknight|100/100
|-singleturn|p1a: Corviknight|move: Roost
|move|p2a: Garganacl|Salt Cure|p1a: Corviknight
|-resisted|p1a: Corviknight
|-damage|p1a: Corviknight|82/100
|-start|p1a: Corviknight|Salt Cure
|
|-heal|p1a: Corviknight|89/100|[from] item: Leftovers
|-damage|p1a: Corviknight|64/100|[from] Salt Cure
|upkeep
|turn|75
|
|t:|1760368695
|move|p1a: Corviknight|Body Press|p2a: Garganacl
|-supereffective|p2a: Garganacl
|-damage|p2a: Garganacl|94/100
|move|p2a: Garganacl|Salt Cure|p1a: Corviknight
|-damage|p1a: Corviknight|27/100
|
|-heal|p1a: Corviknight|33/100|[from] item: Leftovers
|-heal|p2a: Garganacl|99/100|[from] item: Leftovers
|-damage|p1a: Corviknight|8/100|[from] Salt Cure
|upkeep
|turn|76
|
|t:|1760368705
|move|p1a: Corviknight|Roost|p1a: Corviknight
|-heal|p1a: Corviknight|58/100
|-singleturn|p1a: Corviknight|move: Roost
|move|p2a: Garganacl|Block|p1a: Corviknight
|-activate|p1a: Corviknight|trapped
|
|-heal|p1a: Corviknight|64/100|[from] item: Leftovers
|-heal|p2a: Garganacl|100/100|[from] item: Leftovers
|-damage|p1a: Corviknight|39/100|[from] Salt Cure
|upkeep
|turn|77
|
|t:|1760368715
|move|p1a: Corviknight|Roost|p1a: Corviknight
|-heal|p1a: Corviknight|89/100
|-singleturn|p1a: Corviknight|move: Roost
|move|p2a: Garganacl|Salt Cure|p1a: Corviknight
|-resisted|p1a: Corviknight
|-damage|p1a: Corviknight|72/100
|
|-heal|p1a: Corviknight|78/100|[from] item: Leftovers
|-damage|p1a: Corviknight|53/100|[from] Salt Cure
|upkeep
|turn|78
|
|t:|1760368738
|move|p1a: Corviknight|U-turn|p2a: Garganacl
|-damage|p2a: Garganacl|99/100
|
|t:|1760368741
|switch|p1a: Kingambit|Kingambit, F|100/100|[from] U-turn
|-activate|p1a: Kingambit|ability: Supreme Overlord
|-start|p1a: Kingambit|fallen3|[silent]
|-activate|p2a: Garganacl|move: Struggle
|move|p2a: Garganacl|Struggle|p1a: Kingambit
|-damage|p1a: Kingambit|67/100
|-damage|p2a: Garganacl|74/100|[from] recoil
|
|-heal|p1a: Kingambit|73/100|[from] item: Leftovers
|-heal|p2a: Garganacl|80/100|[from] item: Leftovers
|upkeep
|turn|79
|
|t:|1760368753
|move|p1a: Kingambit|Swords Dance|p1a: Kingambit
|-boost|p1a: Kingambit|atk|2
|-activate|p2a: Garganacl|move: Struggle
|move|p2a: Garganacl|Struggle|p1a: Kingambit
|-damage|p1a: Kingambit|41/100
|-damage|p2a: Garganacl|55/100|[from] recoil
|
|-heal|p1a: Kingambit|47/100|[from] item: Leftovers
|-heal|p2a: Garganacl|61/100|[from] item: Leftovers
|upkeep
|turn|80
|
|t:|1760368763
|move|p1a: Kingambit|Swords Dance|p1a: Kingambit
|-boost|p1a: Kingambit|atk|2
|-activate|p2a: Garganacl|move: Struggle
|move|p2a: Garganacl|Struggle|p1a: Kingambit
|-damage|p1a: Kingambit|12/100
|-damage|p2a: Garganacl|36/100|[from] recoil
|
|-heal|p1a: Kingambit|19/100|[from] item: Leftovers
|-heal|p2a: Garganacl|42/100|[from] item: Leftovers
|upkeep
|turn|81
|
|t:|1760368778
|-end|p1a: Kingambit|fallen3|[silent]
|switch|p1a: Corviknight|Corviknight, M|53/100
|-ability|p1a: Corviknight|Pressure
|-activate|p2a: Garganacl|move: Struggle
|move|p2a: Garganacl|Struggle|p1a: Corviknight
|-damage|p1a: Corviknight|26/100
|-damage|p2a: Garganacl|17/100|[from] recoil
|
|-heal|p1a: Corviknight|32/100|[from] item: Leftovers
|-heal|p2a: Garganacl|23/100|[from] item: Leftovers
|upkeep
|turn|82
|
|t:|1760368789
|move|p1a: Corviknight|Roost|p1a: Corviknight
|-heal|p1a: Corviknight|82/100
|-singleturn|p1a: Corviknight|move: Roost
|-activate|p2a: Garganacl|move: Struggle
|move|p2a: Garganacl|Struggle|p1a: Corviknight
|-damage|p1a: Corviknight|53/100
|-damage|p2a: Garganacl|0 fnt|[from] recoil
|faint|p2a: Garganacl
|
|-heal|p1a: Corviknight|59/100|[from] item: Leftovers
|upkeep
|
|t:|1760368801
|switch|p2a: Scizor|Scizor, F|100/100
|turn|83
|
|t:|1760368806
|move|p1a: Corviknight|Body Press|p2a: Scizor
|-damage|p2a: Scizor|76/100
|move|p2a: Scizor|Trailblaze|p1a: Corviknight
|-resisted|p1a: Corviknight
|-damage|p1a: Corviknight|54/100
|-boost|p2a: Scizor|spe|1
|
|-heal|p2a: Scizor|82/100|[from] item: Leftovers
|-heal|p1a: Corviknight|61/100|[from] item: Leftovers
|upkeep
|turn|84
|
|t:|1760368818
|move|p2a: Scizor|Swords Dance|p2a: Scizor
|-boost|p2a: Scizor|atk|2
|move|p1a: Corviknight|Body Press|p2a: Scizor
|-damage|p2a: Scizor|58/100
|
|-heal|p2a: Scizor|64/100|[from] item: Leftovers
|-heal|p1a: Corviknight|67/100|[from] item: Leftovers
|upkeep
|turn|85
|
|t:|1760368827
|move|p2a: Scizor|Bullet Punch|p1a: Corviknight
|-resisted|p1a: Corviknight
|-damage|p1a: Corviknight|45/100
|move|p1a: Corviknight|Body Press|p2a: Scizor
|-damage|p2a: Scizor|41/100
|
|-heal|p2a: Scizor|47/100|[from] item: Leftovers
|-heal|p1a: Corviknight|51/100|[from] item: Leftovers
|upkeep
|turn|86
|
|t:|1760368838
|move|p2a: Scizor|X-Scissor|p1a: Corviknight
|-resisted|p1a: Corviknight
|-damage|p1a: Corviknight|37/100
|move|p1a: Corviknight|Body Press|p2a: Scizor
|-damage|p2a: Scizor|21/100
|
|-heal|p2a: Scizor|28/100|[from] item: Leftovers
|-heal|p1a: Corviknight|43/100|[from] item: Leftovers
|upkeep
|turn|87
|
|t:|1760368847
|move|p2a: Scizor|Swords Dance|p2a: Scizor
|-boost|p2a: Scizor|atk|2
|move|p1a: Corviknight|Body Press|p2a: Scizor
|-damage|p2a: Scizor|4/100
|
|-heal|p2a: Scizor|10/100|[from] item: Leftovers
|-heal|p1a: Corviknight|50/100|[from] item: Leftovers
|upkeep
|turn|88
|
|t:|1760368859
|-terastallize|p2a: Scizor|Bug
|move|p2a: Scizor|Bullet Punch|p1a: Corviknight
|-resisted|p1a: Corviknight
|-damage|p1a: Corviknight|15/100
|move|p1a: Corviknight|Roost|p1a: Corviknight
|-heal|p1a: Corviknight|65/100
|-singleturn|p1a: Corviknight|move: Roost
|
|-heal|p2a: Scizor|16/100|[from] item: Leftovers
|-heal|p1a: Corviknight|71/100|[from] item: Leftovers
|upkeep
|turn|89
|
|t:|1760368870
|move|p2a: Scizor|Bullet Punch|p1a: Corviknight
|-resisted|p1a: Corviknight
|-damage|p1a: Corviknight|39/100
|move|p1a: Corviknight|Body Press|p2a: Scizor
|-resisted|p2a: Scizor
|-damage|p2a: Scizor|4/100
|
|-heal|p2a: Scizor|10/100|[from] item: Leftovers
|-heal|p1a: Corviknight|45/100|[from] item: Leftovers
|upkeep
|turn|90
|
|t:|1760368880
|move|p2a: Scizor|Bullet Punch|p1a: Corviknight
|-resisted|p1a: Corviknight
|-damage|p1a: Corviknight|15/100
|move|p1a: Corviknight|Body Press|p2a: Scizor
|-resisted|p2a: Scizor
|-crit|p2a: Scizor
|-damage|p2a: Scizor|0 fnt
|faint|p2a: Scizor
|
|win|socials alexjmUK
|raw|socials alexjmUK's rating: 1086 &rarr; <strong>1113</strong><br />(+27 for winning)
|raw|mr.creep69's rating: 1083 &rarr; <strong>1061</strong><br />(-22 for losing)
|c|☆socials alexjmUK|finally
|c|☆mr.creep69|Gg
|c|☆socials alexjmUK|ggwp
|c|☆mr.creep69|Great game man
|c|☆socials alexjmUK|honestly
|c|☆mr.creep69|I thought i could bring it back
|c|☆mr.creep69|Glad u got it tho
|c|☆socials alexjmUK|I thought I was cooked when u hit me with the blocks
|c|☆mr.creep69|The salt move only does like 40 damage
|c|☆socials alexjmUK|and my eq's were doing no dmg to u and I was js seeing buff after buff after buff lol
|c|☆mr.creep69|Its kinda stall but still gets 900+ atck
|c|☆socials alexjmUK|yah
|c|☆socials alexjmUK|anyway
|c|☆socials alexjmUK|im off
|c|☆mr.creep69|Good game man
|c|☆socials alexjmUK|have a good day mate
|c|☆socials alexjmUK|ggs ma boy
|c|☆mr.creep69|Cya you too man
