|j|☆DIGIWAYNE123
|j|☆matougris
|t:|1760362189
|gametype|singles
|player|p1|DIGIWAYNE123|swimmerf-gen4|1577
|player|p2|matougris|cameraman|1518
|gen|9
|tier|[Gen 9] OU
|rated|
|rule|HP Percentage Mod: HP is shown in percentages
|rule|Endless Battle Clause: Forcing endless battles is banned
|rule|Species Clause: Limit one of each Pokémon
|rule|OHKO Clause: OHKO moves are banned
|rule|Evasion Items Clause: Evasion items are banned
|rule|Evasion Moves Clause: Evasion moves are banned
|rule|Evasion Abilities Clause: Evasion abilities are banned
|rule|Sleep Moves Clause: Sleep-inducing moves are banned
|clearpoke
|poke|p1|Armarouge, F|
|poke|p1|Indeedee, M|
|poke|p1|Great Tusk|
|poke|p1|Hoopa-Unbound|
|poke|p1|Scream Tail|
|poke|p1|Drednaw, F|
|poke|p2|Ninetales, M|
|poke|p2|Walking Wake|
|poke|p2|Hatterene, F|
|poke|p2|Great Tusk|
|poke|p2|Venusaur, F|
|poke|p2|Kingambit, M|
|teampreview
|inactive|Battle timer is ON: inactive players will automatically lose when time's up. (requested by DIGIWAYNE123)
|
|t:|1760362210
|teamsize|p1|6
|teamsize|p2|6
|start
|switch|p1a: Hoopa|Hoopa-Unbound|100/100
|switch|p2a: tapefort|Kingambit, M, shiny|100/100
|turn|1
|
|t:|1760362218
|-end|p2a: tapefort|fallenundefined|[silent]
|switch|p2a: gargamelle|Hatterene, F|100/100
|move|p1a: Hoopa|Drain Punch|p2a: gargamelle
|-resisted|p2a: gargamelle
|-damage|p2a: gargamelle|95/100
|-enditem|p2a: gargamelle|Eject Button
|
|t:|1760362227
|switch|p2a: longue queue|Walking Wake|100/100
|
|upkeep
|turn|2
|
|t:|1760362230
|move|p2a: longue queue|Hydro Steam|p1a: Hoopa
|-damage|p1a: Hoopa|72/100
|move|p1a: Hoopa|Dark Pulse|p2a: longue queue
|-damage|p2a: longue queue|38/100
|
|upkeep
|turn|3
|inactive|matougris has 120 seconds left.
|
|t:|1760362260
|-end|p2a: longue queue|Protosynthesis|[silent]
|switch|p2a: old gen|Ninetales, M|100/100
|-weather|SunnyDay|[from] ability: Drought|[of] p2a: old gen
|move|p1a: Hoopa|Expanding Force|p2a: old gen
|-damage|p2a: old gen|46/100
|
|-weather|SunnyDay|[upkeep]
|upkeep
|turn|4
|
|t:|1760362270
|switch|p2a: gargamelle|Hatterene, F|95/100
|move|p1a: Hoopa|Drain Punch|p2a: gargamelle
|-resisted|p2a: gargamelle
|-damage|p2a: gargamelle|89/100
|-heal|p1a: Hoopa|75/100|[from] drain|[of] p2a: gargamelle
|
|-weather|SunnyDay|[upkeep]
|upkeep
|turn|5
|
|t:|1760362275
|switch|p1a: Scream Tail|Scream Tail|100/100
|-activate|p1a: Scream Tail|ability: Protosynthesis
|-start|p1a: Scream Tail|protosynthesisspe
|move|p2a: gargamelle|Nuzzle|p1a: Scream Tail
|-damage|p1a: Scream Tail|98/100
|-status|p1a: Scream Tail|par
|
|-weather|SunnyDay|[upkeep]
|upkeep
|turn|6
|
|t:|1760362291
|-end|p1a: Scream Tail|Protosynthesis|[silent]
|switch|p1a: Indeedee|Indeedee, M|100/100
|-fieldstart|move: Psychic Terrain|[from] ability: Psychic Surge|[of] p1a: Indeedee
|switch|p2a: tapefort|Kingambit, M, shiny|100/100
|
|-weather|SunnyDay|[upkeep]
|upkeep
|turn|7
|
|t:|1760362299
|switch|p1a: Scream Tail|Scream Tail|98/100 par
|-activate|p1a: Scream Tail|ability: Protosynthesis
|-start|p1a: Scream Tail|protosynthesisspe
|move|p2a: tapefort|Swords Dance|p2a: tapefort
|-boost|p2a: tapefort|atk|2
|
|-weather|SunnyDay|[upkeep]
|upkeep
|turn|8
|
|t:|1760362306
|move|p1a: Scream Tail|Thunder Wave|p2a: tapefort
|-status|p2a: tapefort|par
|move|p2a: tapefort|Kowtow Cleave|p1a: Scream Tail
|-damage|p1a: Scream Tail|21/100 par
|
|-weather|SunnyDay|[upkeep]
|upkeep
|turn|9
|
|t:|1760362311
|move|p1a: Scream Tail|Misty Explosion|p2a: tapefort
|-damage|p2a: tapefort|77/100 par
|faint|p1a: Scream Tail
|-end|p1a: Scream Tail|Protosynthesis|[silent]
|move|p2a: tapefort|Kowtow Cleave|p1: Scream Tail|[notarget]
|-fail|p2a: tapefort
|
|-weather|SunnyDay|[upkeep]
|-heal|p2a: tapefort|83/100 par|[from] item: Leftovers
|upkeep
|
|t:|1760362316
|switch|p1a: Armarouge|Armarouge, F|100/100
|turn|10
|
|t:|1760362324
|-terastallize|p2a: tapefort|Fairy
|move|p1a: Armarouge|Calm Mind|p1a: Armarouge
|-boost|p1a: Armarouge|spa|1
|-boost|p1a: Armarouge|spd|1
|move|p2a: tapefort|Kowtow Cleave|p1a: Armarouge
|-supereffective|p1a: Armarouge
|-enditem|p1a: Armarouge|Focus Sash
|-damage|p1a: Armarouge|1/100
|-ability|p1a: Armarouge|Weak Armor|boost
|-unboost|p1a: Armarouge|def|1
|-boost|p1a: Armarouge|spe|2
|
|-weather|none
|-heal|p2a: tapefort|89/100 par|[from] item: Leftovers
|upkeep
|turn|11
|j| But The Government
|
|t:|1760362329
|move|p1a: Armarouge|Expanding Force|p2a: tapefort
|-damage|p2a: tapefort|0 fnt
|faint|p2a: tapefort
|-end|p2a: tapefort|fallenundefined|[silent]
|
|upkeep
|l| But The Government
|
|t:|1760362338
|switch|p2a: gargamelle|Hatterene, F|89/100
|turn|12
|
|t:|1760362340
|move|p1a: Armarouge|Armor Cannon|p2a: gargamelle
|-damage|p2a: gargamelle|1/100
|-unboost|p1a: Armarouge|def|1
|-unboost|p1a: Armarouge|spd|1
|move|p2a: gargamelle|Psyshock|p1a: Armarouge
|-resisted|p1a: Armarouge
|-damage|p1a: Armarouge|0 fnt
|faint|p1a: Armarouge
|
|upkeep
|
|t:|1760362347
|switch|p1a: Hoopa|Hoopa-Unbound|75/100
|turn|13
|
|t:|1760362359
|move|p1a: Hoopa|Expanding Force|p2a: gargamelle
|-resisted|p2a: gargamelle
|-damage|p2a: gargamelle|0 fnt
|faint|p2a: gargamelle
|
|-fieldend|move: Psychic Terrain
|upkeep
|
|t:|1760362362
|switch|p2a: old gen|Ninetales, M|46/100
|-weather|SunnyDay|[from] ability: Drought|[of] p2a: old gen
|turn|14
|
|t:|1760362367
|move|p2a: old gen|Will-O-Wisp|p1a: Hoopa
|-status|p1a: Hoopa|brn
|move|p1a: Hoopa|Expanding Force|p2a: old gen
|-damage|p2a: old gen|0 fnt
|faint|p2a: old gen
|
|-weather|SunnyDay|[upkeep]
|-damage|p1a: Hoopa|69/100 brn|[from] brn
|upkeep
|
|t:|1760362371
|switch|p2a: croa croa|Venusaur, F|100/100
|turn|15
|
|t:|1760362373
|move|p2a: croa croa|Growth|p2a: croa croa
|-boost|p2a: croa croa|atk|2
|-boost|p2a: croa croa|spa|2
|move|p1a: Hoopa|Expanding Force|p2a: croa croa
|-supereffective|p2a: croa croa
|-damage|p2a: croa croa|0 fnt
|faint|p2a: croa croa
|
|-weather|SunnyDay|[upkeep]
|-damage|p1a: Hoopa|63/100 brn|[from] brn
|upkeep
|
|t:|1760362376
|switch|p2a: longue queue|Walking Wake|38/100
|-activate|p2a: longue queue|ability: Protosynthesis
|-start|p2a: longue queue|protosynthesisspe
|turn|16
|
|t:|1760362378
|move|p2a: longue queue|Hydro Steam|p1a: Hoopa
|-damage|p1a: Hoopa|17/100 brn
|move|p1a: Hoopa|Dark Pulse|p2a: longue queue
|-damage|p2a: longue queue|0 fnt
|faint|p2a: longue queue
|-end|p2a: longue queue|Protosynthesis|[silent]
|
|-weather|SunnyDay|[upkeep]
|-damage|p1a: Hoopa|11/100 brn|[from] brn
|upkeep
|
|t:|1760362381
|switch|p2a: africa|Great Tusk|100/100
|-activate|p2a: africa|ability: Protosynthesis
|-start|p2a: africa|protosynthesisspe
|turn|17
|
|t:|1760362386
|move|p2a: africa|Rapid Spin|p1a: Hoopa
|-damage|p1a: Hoopa|0 fnt
|-boost|p2a: africa|spe|1
|faint|p1a: Hoopa
|
|-weather|SunnyDay|[upkeep]
|upkeep
|
|t:|1760362391
|switch|p1a: Indeedee|Indeedee, M|100/100
|-fieldstart|move: Psychic Terrain|[from] ability: Psychic Surge|[of] p1a: Indeedee
|turn|18
|
|t:|1760362393
|move|p2a: africa|Headlong Rush|p1a: Indeedee
|-damage|p1a: Indeedee|0 fnt
|-unboost|p2a: africa|def|1
|-unboost|p2a: africa|spd|1
|faint|p1a: Indeedee
|
|-weather|SunnyDay|[upkeep]
|upkeep
|
|t:|1760362400
|switch|p1a: Drednaw|Drednaw, F|100/100
|turn|19
|
|t:|1760362405
|move|p2a: africa|Headlong Rush|p1a: Drednaw
|-supereffective|p1a: Drednaw
|-enditem|p1a: Drednaw|Focus Sash
|-damage|p1a: Drednaw|1/100
|-unboost|p2a: africa|def|1
|-unboost|p2a: africa|spd|1
|move|p1a: Drednaw|Ice Fang|p2a: africa
|-supereffective|p2a: africa
|-damage|p2a: africa|21/100
|-damage|p1a: Drednaw|0 fnt|[from] item: Rocky Helmet|[of] p2a: africa
|faint|p1a: Drednaw
|
|-weather|SunnyDay|[upkeep]
|upkeep
|
|t:|1760362407
|switch|p1a: Great Tusk|Great Tusk|100/100
|-activate|p1a: Great Tusk|ability: Protosynthesis
|-start|p1a: Great Tusk|protosynthesisspe
|turn|20
|
|t:|1760362410
|move|p2a: africa|Ice Spinner|p1a: Great Tusk
|-supereffective|p1a: Great Tusk
|-damage|p1a: Great Tusk|70/100
|-fieldend|move: Psychic Terrain
|move|p1a: Great Tusk|Ice Spinner|p2a: africa
|-supereffective|p2a: africa
|-damage|p2a: africa|0 fnt
|-damage|p1a: Great Tusk|53/100|[from] item: Rocky Helmet|[of] p2a: africa
|faint|p2a: africa
|-end|p2a: africa|Protosynthesis|[silent]
|
|win|DIGIWAYNE123
|raw|DIGIWAYNE123's rating: 1577 &rarr; <strong>1594</strong><br />(+17 for winning)
|raw|matougris's rating: 1518 &rarr; <strong>1501</strong><br />(-17 for losing)
|l|☆matougris
|player|p2|
|l|☆DIGIWAYNE123
|player|p1|
