|j|☆V_run658
|j|☆Gjilly
|t:|1760394754
|gametype|singles
|player|p1|V_run658|hugh|1459
|player|p2|Gjilly|giovanni|1486
|gen|9
|tier|[Gen 9] OU
|rated|
|rule|HP Percentage Mod: HP is shown in percentages
|rule|Endless Battle Clause: Forcing endless battles is banned
|rule|Species Clause: Limit one of each Pokémon
|rule|OHKO Clause: OHKO moves are banned
|rule|Evasion Items Clause: Evasion items are banned
|rule|Evasion Moves Clause: Evasion moves are banned
|rule|Evasion Abilities Clause: Evasion abilities are banned
|rule|Sleep Moves Clause: Sleep-inducing moves are banned
|clearpoke
|poke|p1|Greninja-*, M|
|poke|p1|Slowking-Galar, F|
|poke|p1|Conkeldurr, F|
|poke|p1|Garchomp, M|
|poke|p1|Rillaboom, F|
|poke|p1|Skeledirge, M|
|poke|p2|Ting-Lu|
|poke|p2|Tornadus-Therian, M|
|poke|p2|Zamazenta-*|
|poke|p2|Gholdengo|
|poke|p2|Raging Bolt|
|poke|p2|Iron Treads|
|teampreview
|inactive|Battle timer is ON: inactive players will automatically lose when time's up. (requested by V_run658)
|
|t:|1760394768
|teamsize|p1|6
|teamsize|p2|6
|start
|switch|p1a: Slowking|Slowking-Galar, F|100/100
|switch|p2a: Ting-Lu|Ting-Lu|100/100
|-ability|p2a: Ting-Lu|Vessel of Ruin
|turn|1
|
|t:|1760394772
|move|p2a: Ting-Lu|Earthquake|p1a: Slowking
|-supereffective|p1a: Slowking
|-crit|p1a: Slowking
|-damage|p1a: Slowking|0 fnt
|faint|p1a: Slowking
|
|upkeep
|
|t:|1760394776
|switch|p1a: Conkeldurr|Conkeldurr, F|100/100
|turn|2
|
|t:|1760394784
|move|p1a: Conkeldurr|Knock Off|p2a: Ting-Lu
|-resisted|p2a: Ting-Lu
|-damage|p2a: Ting-Lu|89/100
|-enditem|p2a: Ting-Lu|Weakness Policy|[from] move: Knock Off|[of] p1a: Conkeldurr
|move|p2a: Ting-Lu|Stealth Rock|p1a: Conkeldurr
|-sidestart|p1: V_run658|move: Stealth Rock
|
|-status|p1a: Conkeldurr|brn|[from] item: Flame Orb
|upkeep
|turn|3
|
|t:|1760394796
|move|p1a: Conkeldurr|Facade|p2a: Ting-Lu
|-damage|p2a: Ting-Lu|40/100
|move|p2a: Ting-Lu|Earthquake|p1a: Conkeldurr
|-damage|p1a: Conkeldurr|51/100 brn
|
|-damage|p1a: Conkeldurr|45/100 brn|[from] brn
|upkeep
|turn|4
|
|t:|1760394799
|move|p1a: Conkeldurr|Drain Punch|p2a: Ting-Lu
|-supereffective|p2a: Ting-Lu
|-damage|p2a: Ting-Lu|0 fnt
|-heal|p1a: Conkeldurr|71/100 brn|[from] drain|[of] p2a: Ting-Lu
|faint|p2a: Ting-Lu
|
|-damage|p1a: Conkeldurr|65/100 brn|[from] brn
|upkeep
|
|t:|1760394801
|switch|p2a: Tornadus|Tornadus-Therian, M|100/100
|turn|5
|
|t:|1760394811
|move|p2a: Tornadus|Bleakwind Storm|p1a: Conkeldurr
|-supereffective|p1a: Conkeldurr
|-damage|p1a: Conkeldurr|0 fnt
|faint|p1a: Conkeldurr
|-damage|p2a: Tornadus|91/100|[from] item: Life Orb
|
|upkeep
|-message|V_run658 forfeited.
|
|win|Gjilly
|raw|V_run658's rating: 1459 &rarr; <strong>1441</strong><br />(-18 for losing)
|raw|Gjilly's rating: 1486 &rarr; <strong>1504</strong><br />(+18 for winning)
|l|☆V_run658
|player|p1|
