|badge|p1|silver|gen9doublesou|30-7
|badge|p1|bronze|gen9ru|100-7
|uhtml|medal-msg|<div class="broadcast-blue">Curious what those medals under the avatar are? PS now has Ladder Seasons! For more information, check out the <a href="https://www.smogon.com/forums/threads/3740067/">thread on Smogon.</a></div>
|j|☆3idk
|j|☆Nushinator
|t:|1760368523
|gametype|singles
|player|p1|3idk|cynthia-masters|1655
|player|p2|Nushinator|bugcatcher-gen4dp|1626
|gen|9
|tier|[Gen 9] OU
|rated|
|rule|HP Percentage Mod: HP is shown in percentages
|rule|Endless Battle Clause: Forcing endless battles is banned
|rule|Species Clause: Limit one of each Pokémon
|rule|OHKO Clause: OHKO moves are banned
|rule|Evasion Items Clause: Evasion items are banned
|rule|Evasion Moves Clause: Evasion moves are banned
|rule|Evasion Abilities Clause: Evasion abilities are banned
|rule|Sleep Moves Clause: Sleep-inducing moves are banned
|clearpoke
|poke|p1|Pelipper, M|
|poke|p1|Tornadus-Therian, M|
|poke|p1|Iron Treads|
|poke|p1|Decidueye-Hisui, F|
|poke|p1|Barraskewda, F|
|poke|p1|Raging Bolt|
|poke|p2|Raging Bolt|
|poke|p2|Corviknight, F|
|poke|p2|Great Tusk|
|poke|p2|Ting-Lu|
|poke|p2|Alomomola, M|
|poke|p2|Hatterene, F|
|teampreview
|inactive|Battle timer is ON: inactive players will automatically lose when time's up. (requested by Nushinator)
|inactive|3idk also wants the timer to be on.
|
|t:|1760368530
|teamsize|p1|6
|teamsize|p2|6
|start
|switch|p1a: Pelipper|Pelipper, M|100/100
|switch|p2a: Hatterene|Hatterene, F|100/100
|-weather|RainDance|[from] ability: Drizzle|[of] p1a: Pelipper
|turn|1
|
|t:|1760368534
|move|p1a: Pelipper|U-turn|p2a: Hatterene
|-damage|p2a: Hatterene|90/100
|
|t:|1760368537
|switch|p1a: Iron Treads|Iron Treads|100/100|[from] U-turn
|move|p2a: Hatterene|Psychic Noise|p1a: Iron Treads
|-resisted|p1a: Iron Treads
|-damage|p1a: Iron Treads|85/100
|-start|p1a: Iron Treads|move: Heal Block
|
|-weather|RainDance|[upkeep]
|upkeep
|turn|2
|
|t:|1760368544
|-end|p1a: Iron Treads|Quark Drive|[silent]
|switch|p1a: Tornadus|Tornadus-Therian, M|100/100
|switch|p2a: Alomomola|Alomomola, M|100/100
|
|-weather|RainDance|[upkeep]
|upkeep
|turn|3
|
|t:|1760368549
|switch|p2a: Raging Bolt|Raging Bolt|100/100
|move|p1a: Tornadus|Hurricane|p2a: Raging Bolt
|-resisted|p2a: Raging Bolt
|-damage|p2a: Raging Bolt|66/100
|-start|p2a: Raging Bolt|confusion
|
|-weather|RainDance|[upkeep]
|upkeep
|turn|4
|
|t:|1760368555
|switch|p1a: Iron Treads|Iron Treads|85/100
|-activate|p2a: Raging Bolt|confusion
|move|p2a: Raging Bolt|Draco Meteor|p1a: Iron Treads
|-resisted|p1a: Iron Treads
|-damage|p1a: Iron Treads|35/100
|-unboost|p2a: Raging Bolt|spa|2
|
|-weather|RainDance|[upkeep]
|-heal|p1a: Iron Treads|41/100|[from] item: Leftovers
|upkeep
|turn|5
|
|t:|1760368564
|-end|p1a: Iron Treads|Quark Drive|[silent]
|switch|p1a: Tornadus|Tornadus-Therian, M|100/100
|-end|p2a: Raging Bolt|Protosynthesis|[silent]
|switch|p2a: Alomomola|Alomomola, M|100/100
|
|-weather|RainDance|[upkeep]
|upkeep
|turn|6
|
|t:|1760368568
|move|p1a: Tornadus|Hurricane|p2a: Alomomola
|-damage|p2a: Alomomola|13/100
|move|p2a: Alomomola|Flip Turn|p1a: Tornadus
|-damage|p1a: Tornadus|66/100
|
|t:|1760368574
|switch|p2a: Raging Bolt|Raging Bolt|66/100|[from] Flip Turn
|
|-weather|RainDance|[upkeep]
|upkeep
|turn|7
|
|t:|1760368577
|switch|p1a: Iron Treads|Iron Treads|41/100
|move|p2a: Raging Bolt|Draco Meteor|p1a: Iron Treads
|-resisted|p1a: Iron Treads
|-damage|p1a: Iron Treads|0 fnt
|-unboost|p2a: Raging Bolt|spa|2
|faint|p1a: Iron Treads
|-end|p1a: Iron Treads|Quark Drive|[silent]
|
|-weather|RainDance|[upkeep]
|upkeep
|
|t:|1760368582
|switch|p1a: Tornadus|Tornadus-Therian, M|99/100
|turn|8
|
|t:|1760368586
|-end|p2a: Raging Bolt|Protosynthesis|[silent]
|switch|p2a: Hatterene|Hatterene, F|90/100
|move|p1a: Tornadus|Hurricane|p2a: Hatterene
|-crit|p2a: Hatterene
|-damage|p2a: Hatterene|15/100
|
|-weather|none
|upkeep
|turn|9
|
|t:|1760368590
|switch|p2a: Ting-Lu|Ting-Lu|100/100
|-ability|p2a: Ting-Lu|Vessel of Ruin
|move|p1a: Tornadus|Hurricane|p2a: Ting-Lu|[miss]
|-miss|p1a: Tornadus|p2a: Ting-Lu
|
|upkeep
|turn|10
|
|t:|1760368595
|switch|p1a: Decidueye|Decidueye-Hisui, F|100/100
|switch|p2a: Alomomola|Alomomola, M|47/100
|
|upkeep
|turn|11
|
|t:|1760368601
|switch|p2a: Corviknight|Corviknight, F|100/100
|-ability|p2a: Corviknight|Pressure
|move|p1a: Decidueye|U-turn|p2a: Corviknight
|-resisted|p2a: Corviknight
|-damage|p2a: Corviknight|98/100
|-damage|p1a: Decidueye|84/100|[from] item: Rocky Helmet|[of] p2a: Corviknight
|
|t:|1760368605
|switch|p1a: Pelipper|Pelipper, M|100/100|[from] U-turn
|-weather|RainDance|[from] ability: Drizzle|[of] p1a: Pelipper
|
|-weather|RainDance|[upkeep]
|upkeep
|turn|12
|
|t:|1760368609
|move|p2a: Corviknight|U-turn|p1a: Pelipper
|-resisted|p1a: Pelipper
|-crit|p1a: Pelipper
|-damage|p1a: Pelipper|92/100
|
|t:|1760368618
|switch|p2a: Raging Bolt|Raging Bolt|66/100|[from] U-turn
|move|p1a: Pelipper|U-turn|p2a: Raging Bolt
|-damage|p2a: Raging Bolt|57/100
|
|t:|1760368623
|switch|p1a: Raging Bolt|Raging Bolt|100/100|[from] U-turn
|-enditem|p1a: Raging Bolt|Booster Energy
|-activate|p1a: Raging Bolt|ability: Protosynthesis|[fromitem]
|-start|p1a: Raging Bolt|protosynthesisspa
|
|-weather|RainDance|[upkeep]
|upkeep
|turn|13
|
|t:|1760368627
|-end|p2a: Raging Bolt|Protosynthesis|[silent]
|switch|p2a: Ting-Lu|Ting-Lu|100/100
|-ability|p2a: Ting-Lu|Vessel of Ruin
|move|p1a: Raging Bolt|Weather Ball|p2a: Ting-Lu
|-supereffective|p2a: Ting-Lu
|-damage|p2a: Ting-Lu|39/100
|
|-weather|RainDance|[upkeep]
|-heal|p2a: Ting-Lu|45/100|[from] item: Leftovers
|upkeep
|turn|14
|
|t:|1760368633
|switch|p2a: Hatterene|Hatterene, F|15/100
|move|p1a: Raging Bolt|Weather Ball|p2a: Hatterene
|-damage|p2a: Hatterene|0 fnt
|faint|p2a: Hatterene
|
|-weather|RainDance|[upkeep]
|upkeep
|
|t:|1760368634
|switch|p2a: Great Tusk|Great Tusk|100/100
|turn|15
|
|t:|1760368638
|-terastallize|p1a: Raging Bolt|Bug
|move|p2a: Great Tusk|Stealth Rock|p1a: Raging Bolt
|-sidestart|p1: 3idk|move: Stealth Rock
|move|p1a: Raging Bolt|Weather Ball|p2a: Great Tusk
|-supereffective|p2a: Great Tusk
|-damage|p2a: Great Tusk|0 fnt
|faint|p2a: Great Tusk
|-end|p2a: Great Tusk|Protosynthesis|[silent]
|
|-weather|RainDance|[upkeep]
|upkeep
|
|t:|1760368647
|switch|p2a: Ting-Lu|Ting-Lu|45/100
|-ability|p2a: Ting-Lu|Vessel of Ruin
|turn|16
|
|t:|1760368651
|move|p1a: Raging Bolt|Weather Ball|p2a: Ting-Lu
|-supereffective|p2a: Ting-Lu
|-damage|p2a: Ting-Lu|0 fnt
|faint|p2a: Ting-Lu
|
|-weather|RainDance|[upkeep]
|upkeep
|
|t:|1760368653
|switch|p2a: Raging Bolt|Raging Bolt|57/100
|turn|17
|
|t:|1760368656
|-terastallize|p2a: Raging Bolt|Fairy
|move|p2a: Raging Bolt|Draco Meteor|p1a: Raging Bolt|[miss]
|-miss|p2a: Raging Bolt|p1a: Raging Bolt
|move|p1a: Raging Bolt|Dragon Pulse|p2a: Raging Bolt
|-immune|p2a: Raging Bolt
|
|-weather|RainDance|[upkeep]
|upkeep
|turn|18
|
|t:|1760368661
|move|p2a: Raging Bolt|Draco Meteor|p1a: Raging Bolt
|-damage|p1a: Raging Bolt|0 fnt
|-unboost|p2a: Raging Bolt|spa|2
|faint|p1a: Raging Bolt
|-end|p1a: Raging Bolt|Protosynthesis|[silent]
|
|-weather|none
|upkeep
|
|t:|1760368672
|switch|p1a: Decidueye|Decidueye-Hisui, F|84/100
|-damage|p1a: Decidueye|78/100|[from] Stealth Rock
|turn|19
|
|t:|1760368674
|-end|p2a: Raging Bolt|Protosynthesis|[silent]
|switch|p2a: Corviknight|Corviknight, F|98/100
|-ability|p2a: Corviknight|Pressure
|move|p1a: Decidueye|Defog|p2a: Corviknight
|-unboost|p2a: Corviknight|evasion|1
|-sideend|p1: 3idk|Stealth Rock|[from] move: Defog|[of] p1a: Decidueye
|
|upkeep
|turn|20
|
|t:|1760368679
|move|p2a: Corviknight|U-turn|p1a: Decidueye
|-damage|p1a: Decidueye|67/100
|-damage|p2a: Corviknight|81/100|[from] item: Rocky Helmet|[of] p1a: Decidueye
|
|t:|1760368681
|switch|p2a: Alomomola|Alomomola, M|80/100|[from] U-turn
|move|p1a: Decidueye|U-turn|p2a: Alomomola
|-damage|p2a: Alomomola|70/100
|
|t:|1760368686
|switch|p1a: Pelipper|Pelipper, M|92/100|[from] U-turn
|-weather|RainDance|[from] ability: Drizzle|[of] p1a: Pelipper
|
|-weather|RainDance|[upkeep]
|upkeep
|turn|21
|
|t:|1760368691
|move|p2a: Alomomola|Wish|p2a: Alomomola
|move|p1a: Pelipper|Hurricane|p2a: Alomomola
|-damage|p2a: Alomomola|30/100
|-start|p2a: Alomomola|confusion
|
|-weather|RainDance|[upkeep]
|upkeep
|turn|22
|
|t:|1760368699
|switch|p2a: Raging Bolt|Raging Bolt, tera:Fairy|57/100
|move|p1a: Pelipper|U-turn|p2a: Raging Bolt
|-resisted|p2a: Raging Bolt
|-crit|p2a: Raging Bolt
|-damage|p2a: Raging Bolt|50/100
|
|t:|1760368704
|switch|p1a: Tornadus|Tornadus-Therian, M|100/100|[from] U-turn
|
|-weather|RainDance|[upkeep]
|-heal|p2a: Raging Bolt|100/100|[from] move: Wish|[wisher] Alomomola
|upkeep
|turn|23
|
|t:|1760368709
|switch|p1a: Decidueye|Decidueye-Hisui, F|67/100
|move|p2a: Raging Bolt|Thunderclap||[still]
|-fail|p2a: Raging Bolt
|
|-weather|RainDance|[upkeep]
|upkeep
|turn|24
|
|t:|1760368714
|-end|p2a: Raging Bolt|Protosynthesis|[silent]
|switch|p2a: Corviknight|Corviknight, F|81/100
|-ability|p2a: Corviknight|Pressure
|switch|p1a: Tornadus|Tornadus-Therian, M|100/100
|
|-weather|RainDance|[upkeep]
|upkeep
|turn|25
|
|t:|1760368718
|move|p1a: Tornadus|Hurricane|p2a: Corviknight
|-resisted|p2a: Corviknight
|-damage|p2a: Corviknight|45/100
|move|p2a: Corviknight|U-turn|p1a: Tornadus
|-resisted|p1a: Tornadus
|-damage|p1a: Tornadus|90/100
|
|t:|1760368721
|switch|p2a: Raging Bolt|Raging Bolt, tera:Fairy|100/100|[from] U-turn
|
|-weather|RainDance|[upkeep]
|upkeep
|turn|26
|
|t:|1760368724
|move|p1a: Tornadus|Hurricane|p2a: Raging Bolt
|-damage|p2a: Raging Bolt|24/100
|move|p2a: Raging Bolt|Volt Switch|p1a: Tornadus
|-supereffective|p1a: Tornadus
|-damage|p1a: Tornadus|0 fnt
|faint|p1a: Tornadus
|
|t:|1760368731
|-end|p2a: Raging Bolt|Protosynthesis|[silent]
|switch|p2a: Alomomola|Alomomola, M|64/100|[from] Volt Switch
|
|-weather|RainDance|[upkeep]
|upkeep
|
|t:|1760368736
|switch|p1a: Barraskewda|Barraskewda, F|100/100
|turn|27
|
|t:|1760368750
|move|p1a: Barraskewda|Close Combat|p2a: Alomomola
|-damage|p2a: Alomomola|35/100
|-unboost|p1a: Barraskewda|def|1
|-unboost|p1a: Barraskewda|spd|1
|-damage|p1a: Barraskewda|91/100|[from] item: Life Orb
|move|p2a: Alomomola|Scald|p1a: Barraskewda
|-resisted|p1a: Barraskewda
|-damage|p1a: Barraskewda|58/100
|
|-weather|none
|upkeep
|turn|28
|
|t:|1760368759
|switch|p1a: Pelipper|Pelipper, M|92/100
|-weather|RainDance|[from] ability: Drizzle|[of] p1a: Pelipper
|move|p2a: Alomomola|Flip Turn|p1a: Pelipper
|-resisted|p1a: Pelipper
|-damage|p1a: Pelipper|83/100
|
|t:|1760368763
|switch|p2a: Raging Bolt|Raging Bolt, tera:Fairy|24/100|[from] Flip Turn
|
|-weather|RainDance|[upkeep]
|upkeep
|turn|29
|
|t:|1760368767
|switch|p1a: Decidueye|Decidueye-Hisui, F|67/100
|move|p2a: Raging Bolt|Volt Switch|p1a: Decidueye
|-resisted|p1a: Decidueye
|-damage|p1a: Decidueye|36/100
|
|t:|1760368770
|-end|p2a: Raging Bolt|Protosynthesis|[silent]
|switch|p2a: Corviknight|Corviknight, F|45/100|[from] Volt Switch
|-ability|p2a: Corviknight|Pressure
|
|-weather|RainDance|[upkeep]
|upkeep
|turn|30
|
|t:|1760368773
|move|p2a: Corviknight|Roost|p2a: Corviknight
|-heal|p2a: Corviknight|95/100
|-singleturn|p2a: Corviknight|move: Roost
|move|p1a: Decidueye|Roost|p1a: Decidueye
|-heal|p1a: Decidueye|86/100
|-singleturn|p1a: Decidueye|move: Roost
|
|-weather|RainDance|[upkeep]
|upkeep
|turn|31
|
|t:|1760368777
|move|p2a: Corviknight|Iron Defense|p2a: Corviknight
|-boost|p2a: Corviknight|def|2
|move|p1a: Decidueye|Triple Arrows|p2a: Corviknight
|-damage|p2a: Corviknight|86/100
|
|-weather|RainDance|[upkeep]
|upkeep
|turn|32
|
|t:|1760368785
|move|p2a: Corviknight|Iron Defense|p2a: Corviknight
|-boost|p2a: Corviknight|def|2
|move|p1a: Decidueye|U-turn|p2a: Corviknight
|-resisted|p2a: Corviknight
|-damage|p2a: Corviknight|85/100
|-damage|p1a: Decidueye|70/100|[from] item: Rocky Helmet|[of] p2a: Corviknight
|
|t:|1760368788
|switch|p1a: Barraskewda|Barraskewda, F|58/100|[from] U-turn
|
|-weather|RainDance|[upkeep]
|upkeep
|turn|33
|
|t:|1760368792
|switch|p1a: Pelipper|Pelipper, M|83/100
|move|p2a: Corviknight|Body Press|p1a: Pelipper
|-resisted|p1a: Pelipper
|-damage|p1a: Pelipper|53/100
|
|-weather|RainDance|[upkeep]
|upkeep
|turn|34
|
|t:|1760368799
|move|p2a: Corviknight|Body Press|p1a: Pelipper
|-resisted|p1a: Pelipper
|-damage|p1a: Pelipper|25/100
|move|p1a: Pelipper|Roost|p1a: Pelipper
|-heal|p1a: Pelipper|75/100
|-singleturn|p1a: Pelipper|move: Roost
|
|-weather|RainDance|[upkeep]
|upkeep
|turn|35
|
|t:|1760368806
|move|p2a: Corviknight|U-turn|p1a: Pelipper
|-resisted|p1a: Pelipper
|-damage|p1a: Pelipper|70/100
|
|t:|1760368807
|switch|p2a: Alomomola|Alomomola, M|68/100|[from] U-turn
|move|p1a: Pelipper|Surf|p2a: Alomomola
|-resisted|p2a: Alomomola
|-damage|p2a: Alomomola|41/100
|
|-weather|none
|upkeep
|turn|36
|
|t:|1760368811
|move|p1a: Pelipper|Hurricane|p2a: Alomomola
|-damage|p2a: Alomomola|0 fnt
|faint|p2a: Alomomola
|
|upkeep
|
|t:|1760368817
|switch|p2a: Raging Bolt|Raging Bolt, tera:Fairy|24/100
|turn|37
|
|t:|1760368819
|switch|p1a: Decidueye|Decidueye-Hisui, F|70/100
|move|p2a: Raging Bolt|Volt Switch|p1a: Decidueye
|-resisted|p1a: Decidueye
|-damage|p1a: Decidueye|38/100
|
|t:|1760368822
|-end|p2a: Raging Bolt|Protosynthesis|[silent]
|switch|p2a: Corviknight|Corviknight, F|85/100|[from] Volt Switch
|-ability|p2a: Corviknight|Pressure
|
|upkeep
|turn|38
|
|t:|1760368825
|move|p2a: Corviknight|U-turn|p1a: Decidueye
|-damage|p1a: Decidueye|27/100
|-damage|p2a: Corviknight|68/100|[from] item: Rocky Helmet|[of] p1a: Decidueye
|
|t:|1760368827
|switch|p2a: Raging Bolt|Raging Bolt, tera:Fairy|24/100|[from] U-turn
|move|p1a: Decidueye|U-turn|p2a: Raging Bolt
|-resisted|p2a: Raging Bolt
|-damage|p2a: Raging Bolt|16/100
|
|t:|1760368831
|switch|p1a: Barraskewda|Barraskewda, F|58/100|[from] U-turn
|
|upkeep
|turn|39
|
|t:|1760368840
|switch|p1a: Pelipper|Pelipper, M|70/100
|-weather|RainDance|[from] ability: Drizzle|[of] p1a: Pelipper
|move|p2a: Raging Bolt|Thunderclap||[still]
|-fail|p2a: Raging Bolt
|
|-weather|RainDance|[upkeep]
|upkeep
|turn|40
|
|t:|1760368847
|-end|p2a: Raging Bolt|Protosynthesis|[silent]
|switch|p2a: Corviknight|Corviknight, F|68/100
|-ability|p2a: Corviknight|Pressure
|switch|p1a: Barraskewda|Barraskewda, F|58/100
|
|-weather|RainDance|[upkeep]
|upkeep
|turn|41
|
|t:|1760368853
|move|p1a: Barraskewda|Flip Turn|p2a: Corviknight
|-crit|p2a: Corviknight
|-damage|p2a: Corviknight|7/100
|-damage|p1a: Barraskewda|41/100|[from] item: Rocky Helmet|[of] p2a: Corviknight
|-damage|p1a: Barraskewda|31/100|[from] item: Life Orb
|
|t:|1760368857
|switch|p1a: Decidueye|Decidueye-Hisui, F|27/100|[from] Flip Turn
|move|p2a: Corviknight|Roost|p2a: Corviknight
|-heal|p2a: Corviknight|57/100
|-singleturn|p2a: Corviknight|move: Roost
|
|-weather|RainDance|[upkeep]
|upkeep
|turn|42
|
|t:|1760368861
|move|p2a: Corviknight|Roost|p2a: Corviknight
|-heal|p2a: Corviknight|100/100
|-singleturn|p2a: Corviknight|move: Roost
|move|p1a: Decidueye|Roost|p1a: Decidueye
|-heal|p1a: Decidueye|77/100
|-singleturn|p1a: Decidueye|move: Roost
|
|-weather|RainDance|[upkeep]
|upkeep
|turn|43
|
|t:|1760368867
|move|p2a: Corviknight|Iron Defense|p2a: Corviknight
|-boost|p2a: Corviknight|def|2
|move|p1a: Decidueye|U-turn|p2a: Corviknight
|-resisted|p2a: Corviknight
|-damage|p2a: Corviknight|99/100
|-damage|p1a: Decidueye|61/100|[from] item: Rocky Helmet|[of] p2a: Corviknight
|
|t:|1760368869
|switch|p1a: Pelipper|Pelipper, M|70/100|[from] U-turn
|
|-weather|RainDance|[upkeep]
|upkeep
|turn|44
|
|t:|1760368874
|move|p2a: Corviknight|Body Press|p1a: Pelipper
|-resisted|p1a: Pelipper
|-damage|p1a: Pelipper|50/100
|move|p1a: Pelipper|Surf|p2a: Corviknight
|-damage|p2a: Corviknight|58/100
|
|-weather|RainDance|[upkeep]
|upkeep
|turn|45
|
|t:|1760368883
|move|p2a: Corviknight|Roost|p2a: Corviknight
|-heal|p2a: Corviknight|100/100
|-singleturn|p2a: Corviknight|move: Roost
|move|p1a: Pelipper|Roost|p1a: Pelipper
|-heal|p1a: Pelipper|100/100
|-singleturn|p1a: Pelipper|move: Roost
|
|-weather|RainDance|[upkeep]
|upkeep
|turn|46
|
|t:|1760368886
|move|p2a: Corviknight|Iron Defense|p2a: Corviknight
|-boost|p2a: Corviknight|def|2
|move|p1a: Pelipper|Surf|p2a: Corviknight
|-damage|p2a: Corviknight|55/100
|
|-weather|none
|upkeep
|turn|47
|
|t:|1760368890
|move|p2a: Corviknight|Roost|p2a: Corviknight
|-heal|p2a: Corviknight|100/100
|-singleturn|p2a: Corviknight|move: Roost
|move|p1a: Pelipper|Surf|p2a: Corviknight
|-damage|p2a: Corviknight|71/100
|
|upkeep
|turn|48
|
|t:|1760368895
|switch|p1a: Decidueye|Decidueye-Hisui, F|61/100
|move|p2a: Corviknight|Iron Defense|p2a: Corviknight
|-boost|p2a: Corviknight|def|2
|
|upkeep
|turn|49
|
|t:|1760368901
|switch|p1a: Pelipper|Pelipper, M|100/100
|-weather|RainDance|[from] ability: Drizzle|[of] p1a: Pelipper
|move|p2a: Corviknight|Body Press|p1a: Pelipper
|-resisted|p1a: Pelipper
|-damage|p1a: Pelipper|64/100
|
|-weather|RainDance|[upkeep]
|upkeep
|turn|50
|
|t:|1760368906
|move|p2a: Corviknight|Body Press|p1a: Pelipper
|-resisted|p1a: Pelipper
|-damage|p1a: Pelipper|21/100
|move|p1a: Pelipper|Surf|p2a: Corviknight
|-damage|p2a: Corviknight|27/100
|
|-weather|RainDance|[upkeep]
|upkeep
|turn|51
|
|t:|1760368910
|move|p2a: Corviknight|Roost|p2a: Corviknight
|-heal|p2a: Corviknight|77/100
|-singleturn|p2a: Corviknight|move: Roost
|move|p1a: Pelipper|Surf|p2a: Corviknight
|-damage|p2a: Corviknight|32/100
|
|-weather|RainDance|[upkeep]
|upkeep
|turn|52
|
|t:|1760368919
|move|p2a: Corviknight|Roost|p2a: Corviknight
|-heal|p2a: Corviknight|82/100
|-singleturn|p2a: Corviknight|move: Roost
|move|p1a: Pelipper|Surf|p2a: Corviknight
|-damage|p2a: Corviknight|37/100
|
|-weather|RainDance|[upkeep]
|upkeep
|turn|53
|
|t:|1760368923
|switch|p1a: Decidueye|Decidueye-Hisui, F|61/100
|move|p2a: Corviknight|Roost|p2a: Corviknight
|-heal|p2a: Corviknight|87/100
|-singleturn|p2a: Corviknight|move: Roost
|
|-weather|RainDance|[upkeep]
|upkeep
|turn|54
|
|t:|1760368928
|move|p2a: Corviknight|Body Press|p1a: Decidueye
|-damage|p1a: Decidueye|0 fnt
|-damage|p2a: Corviknight|70/100|[from] item: Rocky Helmet|[of] p1a: Decidueye
|faint|p1a: Decidueye
|
|-weather|RainDance|[upkeep]
|upkeep
|
|t:|1760368931
|switch|p1a: Pelipper|Pelipper, M|21/100
|turn|55
|
|t:|1760368933
|move|p2a: Corviknight|Body Press|p1a: Pelipper
|-resisted|p1a: Pelipper
|-damage|p1a: Pelipper|0 fnt
|faint|p1a: Pelipper
|
|-weather|RainDance|[upkeep]
|upkeep
|
|t:|1760368936
|switch|p1a: Barraskewda|Barraskewda, F|31/100
|turn|56
|-message|3idk forfeited.
|
|win|Nushinator
|raw|3idk's rating: 1655 &rarr; <strong>1633</strong><br />(-22 for losing)
|raw|Nushinator's rating: 1626 &rarr; <strong>1648</strong><br />(+22 for winning)
|l|☆3idk
|player|p1|
|l|☆Nushinator
|player|p2|
