|j|☆Shea6045
|j|☆Chococroc
|t:|1760299391
|gametype|singles
|player|p1|Shea6045|cynthia-gen4|1574
|player|p2|Chococroc|pokemaniac|1659
|gen|9
|tier|[Gen 9] OU
|rated|
|rule|HP Percentage Mod: HP is shown in percentages
|rule|Endless Battle Clause: Forcing endless battles is banned
|rule|Species Clause: Limit one of each Pokémon
|rule|OHKO Clause: OHKO moves are banned
|rule|Evasion Items Clause: Evasion items are banned
|rule|Evasion Moves Clause: Evasion moves are banned
|rule|Evasion Abilities Clause: Evasion abilities are banned
|rule|Sleep Moves Clause: Sleep-inducing moves are banned
|clearpoke
|poke|p1|Pelipper, F|
|poke|p1|Tornadus-Therian, M|
|poke|p1|Iron Treads|
|poke|p1|Decidueye-Hisui, F|
|poke|p1|Barraskewda, F|
|poke|p1|Raging Bolt|
|poke|p2|Meowscarada, F|
|poke|p2|Moltres|
|poke|p2|Slowking-Galar, M|
|poke|p2|Garchomp, F|
|poke|p2|Iron Valiant|
|poke|p2|Iron Treads|
|teampreview
|inactive|Battle timer is ON: inactive players will automatically lose when time's up. (requested by Shea6045)
|
|t:|1760299421
|teamsize|p1|6
|teamsize|p2|6
|start
|switch|p1a: Decidueye|Decidueye-Hisui, F|100/100
|switch|p2a: Slowking|Slowking-Galar, M|100/100
|turn|1
|
|t:|1760299426
|move|p1a: Decidueye|Triple Arrows|p2a: Slowking
|-resisted|p2a: Slowking
|-crit|p2a: Slowking
|-damage|p2a: Slowking|88/100
|-unboost|p2a: Slowking|def|1
|-prepare|p2a: Slowking|Chilly Reception|[premajor]
|move|p2a: Slowking|Chilly Reception|p2a: Slowking
|-weather|Snowscape
|
|t:|1760299436
|switch|p2a: Meowscarada|Meowscarada, F|100/100|[from] Chilly Reception
|
|-weather|Snowscape|[upkeep]
|upkeep
|turn|2
|
|t:|1760299438
|move|p2a: Meowscarada|Triple Axel|p1a: Decidueye
|-start|p2a: Meowscarada|typechange|Ice|[from] ability: Protean
|-supereffective|p1a: Decidueye
|-damage|p1a: Decidueye|86/100
|-damage|p2a: Meowscarada|84/100|[from] item: Rocky Helmet|[of] p1a: Decidueye
|-supereffective|p1a: Decidueye
|-damage|p1a: Decidueye|58/100
|-damage|p2a: Meowscarada|68/100|[from] item: Rocky Helmet|[of] p1a: Decidueye
|-supereffective|p1a: Decidueye
|-damage|p1a: Decidueye|17/100
|-damage|p2a: Meowscarada|51/100|[from] item: Rocky Helmet|[of] p1a: Decidueye
|-hitcount|p1a: Decidueye|3
|move|p1a: Decidueye|U-turn|p2a: Meowscarada
|-damage|p2a: Meowscarada|33/100
|
|t:|1760299445
|switch|p1a: Iron Treads|Iron Treads|100/100|[from] U-turn
|
|-weather|Snowscape|[upkeep]
|upkeep
|turn|3
|
|t:|1760299454
|move|p2a: Meowscarada|Knock Off|p1a: Iron Treads
|-damage|p1a: Iron Treads|75/100
|-enditem|p1a: Iron Treads|Leftovers|[from] move: Knock Off|[of] p2a: Meowscarada
|move|p1a: Iron Treads|Knock Off|p2a: Meowscarada
|-damage|p2a: Meowscarada|7/100
|-enditem|p2a: Meowscarada|Heavy-Duty Boots|[from] move: Knock Off|[of] p1a: Iron Treads
|
|-weather|Snowscape|[upkeep]
|upkeep
|turn|4
|
|t:|1760299459
|move|p2a: Meowscarada|Triple Axel|p1a: Iron Treads
|-damage|p1a: Iron Treads|68/100
|-damage|p1a: Iron Treads|54/100
|-hitcount|p1a: Iron Treads|2
|move|p1a: Iron Treads|Stealth Rock|p2a: Meowscarada
|-sidestart|p2: Chococroc|move: Stealth Rock
|
|-weather|Snowscape|[upkeep]
|upkeep
|turn|5
|
|t:|1760299465
|move|p2a: Meowscarada|Triple Axel|p1a: Iron Treads
|-damage|p1a: Iron Treads|46/100
|-crit|p1a: Iron Treads
|-damage|p1a: Iron Treads|26/100
|-damage|p1a: Iron Treads|4/100
|-hitcount|p1a: Iron Treads|3
|move|p1a: Iron Treads|Rapid Spin|p2a: Meowscarada
|-damage|p2a: Meowscarada|0 fnt
|-boost|p1a: Iron Treads|spe|1
|faint|p2a: Meowscarada
|
|-weather|none
|upkeep
|
|t:|1760299479
|switch|p2a: Iron Valiant|Iron Valiant|100/100
|-damage|p2a: Iron Valiant|94/100|[from] Stealth Rock
|-enditem|p2a: Iron Valiant|Booster Energy
|-activate|p2a: Iron Valiant|ability: Quark Drive|[fromitem]
|-start|p2a: Iron Valiant|quarkdrivespe
|turn|6
|
|t:|1760299484
|move|p2a: Iron Valiant|Moonblast|p1a: Iron Treads
|-resisted|p1a: Iron Treads
|-damage|p1a: Iron Treads|0 fnt
|faint|p1a: Iron Treads
|-end|p1a: Iron Treads|Quark Drive|[silent]
|
|upkeep
|
|t:|1760299486
|switch|p1a: Pelipper|Pelipper, F|100/100
|-weather|RainDance|[from] ability: Drizzle|[of] p1a: Pelipper
|turn|7
|
|t:|1760299489
|move|p2a: Iron Valiant|Knock Off|p1a: Pelipper
|-damage|p1a: Pelipper|72/100
|-enditem|p1a: Pelipper|Damp Rock|[from] move: Knock Off|[of] p2a: Iron Valiant
|move|p1a: Pelipper|U-turn|p2a: Iron Valiant
|-resisted|p2a: Iron Valiant
|-damage|p2a: Iron Valiant|92/100
|
|t:|1760299492
|switch|p1a: Barraskewda|Barraskewda, F|100/100|[from] U-turn
|
|-weather|RainDance|[upkeep]
|upkeep
|turn|8
|
|t:|1760299495
|move|p1a: Barraskewda|Liquidation|p2a: Iron Valiant
|-damage|p2a: Iron Valiant|0 fnt
|faint|p2a: Iron Valiant
|-end|p2a: Iron Valiant|Quark Drive|[silent]
|-damage|p1a: Barraskewda|91/100|[from] item: Life Orb
|
|-weather|RainDance|[upkeep]
|upkeep
|
|t:|1760299517
|switch|p2a: Moltres|Moltres|100/100
|turn|9
|
|t:|1760299520
|-terastallize|p2a: Moltres|Fairy
|move|p1a: Barraskewda|Liquidation|p2a: Moltres
|-damage|p2a: Moltres|38/100
|-damage|p1a: Barraskewda|81/100|[from] item: Life Orb
|move|p2a: Moltres|Roar|p1a: Barraskewda
|drag|p1a: Raging Bolt|Raging Bolt|100/100
|-enditem|p1a: Raging Bolt|Booster Energy
|-activate|p1a: Raging Bolt|ability: Protosynthesis|[fromitem]
|-start|p1a: Raging Bolt|protosynthesisspa
|
|-weather|RainDance|[upkeep]
|upkeep
|turn|10
|
|t:|1760299528
|switch|p2a: Iron Treads|Iron Treads|100/100
|-damage|p2a: Iron Treads|97/100|[from] Stealth Rock
|move|p1a: Raging Bolt|Weather Ball|p2a: Iron Treads
|-supereffective|p2a: Iron Treads
|-damage|p2a: Iron Treads|0 fnt
|faint|p2a: Iron Treads
|-end|p2a: Iron Treads|Quark Drive|[silent]
|
|-weather|RainDance|[upkeep]
|upkeep
|
|t:|1760299535
|switch|p2a: Slowking|Slowking-Galar, M|100/100
|turn|11
|
|t:|1760299538
|move|p1a: Raging Bolt|Thunder|p2a: Slowking
|-damage|p2a: Slowking|54/100
|-prepare|p2a: Slowking|Chilly Reception|[premajor]
|move|p2a: Slowking|Chilly Reception|p2a: Slowking
|-weather|Snowscape
|
|t:|1760299549
|switch|p2a: Garchomp|Garchomp, F|100/100|[from] Chilly Reception
|-damage|p2a: Garchomp|94/100|[from] Stealth Rock
|
|-weather|Snowscape|[upkeep]
|upkeep
|turn|12
|
|t:|1760299552
|move|p2a: Garchomp|Scale Shot|p1a: Raging Bolt
|-supereffective|p1a: Raging Bolt
|-damage|p1a: Raging Bolt|79/100
|-supereffective|p1a: Raging Bolt
|-damage|p1a: Raging Bolt|56/100
|-supereffective|p1a: Raging Bolt
|-damage|p1a: Raging Bolt|34/100
|-supereffective|p1a: Raging Bolt
|-damage|p1a: Raging Bolt|10/100
|-supereffective|p1a: Raging Bolt
|-damage|p1a: Raging Bolt|0 fnt
|faint|p1a: Raging Bolt
|-end|p1a: Raging Bolt|Protosynthesis|[silent]
|-hitcount|p1: Raging Bolt|5
|-unboost|p2a: Garchomp|def|1
|-boost|p2a: Garchomp|spe|1
|
|-weather|Snowscape|[upkeep]
|upkeep
|
|t:|1760299557
|switch|p1a: Pelipper|Pelipper, F|72/100
|-weather|RainDance|[from] ability: Drizzle|[of] p1a: Pelipper
|turn|13
|
|t:|1760299565
|move|p2a: Garchomp|Scale Shot|p1a: Pelipper
|-damage|p1a: Pelipper|62/100
|-damage|p1a: Pelipper|52/100
|-damage|p1a: Pelipper|43/100
|-damage|p1a: Pelipper|33/100
|-hitcount|p1a: Pelipper|4
|-unboost|p2a: Garchomp|def|1
|-boost|p2a: Garchomp|spe|1
|move|p1a: Pelipper|Hurricane|p2a: Garchomp
|-damage|p2a: Garchomp|58/100
|
|-weather|RainDance|[upkeep]
|upkeep
|turn|14
|
|t:|1760299574
|move|p2a: Garchomp|Scale Shot|p1a: Pelipper
|-damage|p1a: Pelipper|23/100
|-damage|p1a: Pelipper|12/100
|-crit|p1a: Pelipper
|-damage|p1a: Pelipper|0 fnt
|faint|p1a: Pelipper
|-hitcount|p1: Pelipper|3
|-unboost|p2a: Garchomp|def|1
|-boost|p2a: Garchomp|spe|1
|
|-weather|RainDance|[upkeep]
|upkeep
|
|t:|1760299576
|switch|p1a: Barraskewda|Barraskewda, F|81/100
|turn|15
|
|t:|1760299582
|move|p1a: Barraskewda|Aqua Jet|p2a: Garchomp
|-damage|p2a: Garchomp|0 fnt
|-damage|p1a: Barraskewda|69/100|[from] ability: Rough Skin|[of] p2a: Garchomp
|faint|p2a: Garchomp
|-damage|p1a: Barraskewda|59/100|[from] item: Life Orb
|
|-weather|RainDance|[upkeep]
|upkeep
|
|t:|1760299586
|switch|p2a: Moltres|Moltres, tera:Fairy|38/100
|turn|16
|
|t:|1760299590
|move|p1a: Barraskewda|Liquidation|p2a: Moltres
|-damage|p2a: Moltres|0 fnt
|-status|p1a: Barraskewda|brn|[from] ability: Flame Body|[of] p2a: Moltres
|faint|p2a: Moltres
|-damage|p1a: Barraskewda|49/100 brn|[from] item: Life Orb
|
|-weather|RainDance|[upkeep]
|-damage|p1a: Barraskewda|43/100 brn|[from] brn
|upkeep
|
|t:|1760299592
|switch|p2a: Slowking|Slowking-Galar, M|87/100
|turn|17
|
|t:|1760299596
|move|p1a: Barraskewda|Flip Turn|p2a: Slowking
|-damage|p2a: Slowking|52/100
|-damage|p1a: Barraskewda|33/100 brn|[from] item: Life Orb
|
|t:|1760299599
|switch|p1a: Tornadus|Tornadus-Therian, M|100/100|[from] Flip Turn
|move|p2a: Slowking|Sludge Bomb|p1a: Tornadus
|-damage|p1a: Tornadus|62/100
|
|-weather|none
|upkeep
|turn|18
|
|t:|1760299605
|-terastallize|p1a: Tornadus|Flying
|move|p1a: Tornadus|Hurricane|p2a: Slowking|[miss]
|-miss|p1a: Tornadus|p2a: Slowking
|move|p2a: Slowking|Sludge Bomb|p1a: Tornadus
|-damage|p1a: Tornadus|17/100
|-status|p1a: Tornadus|psn
|
|-damage|p1a: Tornadus|5/100 psn|[from] psn
|upkeep
|turn|19
|
|t:|1760299623
|move|p1a: Tornadus|Hurricane|p2a: Slowking|[miss]
|-miss|p1a: Tornadus|p2a: Slowking
|move|p2a: Slowking|Sludge Bomb|p1a: Tornadus
|-damage|p1a: Tornadus|0 fnt
|faint|p1a: Tornadus
|
|upkeep
|
|t:|1760299628
|switch|p1a: Barraskewda|Barraskewda, F|33/100 brn
|turn|20
|
|t:|1760299629
|move|p1a: Barraskewda|Liquidation|p2a: Slowking
|-damage|p2a: Slowking|22/100
|-damage|p1a: Barraskewda|23/100 brn|[from] item: Life Orb
|move|p2a: Slowking|Sludge Bomb|p1a: Barraskewda
|-damage|p1a: Barraskewda|0 fnt
|faint|p1a: Barraskewda
|
|upkeep
|
|t:|1760299632
|switch|p1a: Decidueye|Decidueye-Hisui, F|17/100
|turn|21
|
|t:|1760299643
|move|p1a: Decidueye|U-turn|p2a: Slowking
|-damage|p2a: Slowking|4/100
|move|p2a: Slowking|Sludge Bomb|p1a: Decidueye
|-supereffective|p1a: Decidueye
|-damage|p1a: Decidueye|0 fnt
|faint|p1a: Decidueye
|
|win|Chococroc
|raw|Shea6045's rating: 1574 &rarr; <strong>1559</strong><br />(-15 for losing)
|raw|Chococroc's rating: 1659 &rarr; <strong>1674</strong><br />(+15 for winning)
|l|☆Shea6045
|player|p1|
|l|☆Chococroc
|player|p2|
