|j|☆wolver411
|j|☆EsperFell
|t:|1760301702
|gametype|singles
|player|p1|wolver411|veteran|1069
|player|p2|EsperFell|plasmagruntf|1087
|gen|9
|tier|[Gen 9] OU
|rated|
|rule|HP Percentage Mod: HP is shown in percentages
|rule|Endless Battle Clause: Forcing endless battles is banned
|rule|Species Clause: Limit one of each Pokémon
|rule|OHKO Clause: OHKO moves are banned
|rule|Evasion Items Clause: Evasion items are banned
|rule|Evasion Moves Clause: Evasion moves are banned
|rule|Evasion Abilities Clause: Evasion abilities are banned
|rule|Sleep Moves Clause: Sleep-inducing moves are banned
|clearpoke
|poke|p1|Regigigas|
|poke|p1|Moltres-Galar|
|poke|p1|Politoed, M|
|poke|p1|Pawmot, F|
|poke|p1|Incineroar, M|
|poke|p1|Chimecho, M|
|poke|p2|Pecharunt|
|poke|p2|Darkrai|
|poke|p2|Zamazenta-*|
|poke|p2|Moltres-Galar|
|poke|p2|Samurott-Hisui, F|
|poke|p2|Iron Valiant|
|teampreview
|inactive|Battle timer is ON: inactive players will automatically lose when time's up. (requested by wolver411)
|
|t:|1760301723
|teamsize|p1|6
|teamsize|p2|6
|start
|switch|p1a: Regigigas|Regigigas, shiny|100/100
|switch|p2a: Samurott|Samurott-Hisui, F|100/100
|-start|p1a: Regigigas|ability: Slow Start
|turn|1
|inactive|wolver411 has 120 seconds left.
|
|t:|1760301761
|move|p2a: Samurott|Ceaseless Edge|p1a: Regigigas
|-damage|p1a: Regigigas|71/100
|-sidestart|p1: wolver411|Spikes
|move|p1a: Regigigas|Substitute|p1a: Regigigas
|-start|p1a: Regigigas|Substitute
|-damage|p1a: Regigigas|46/100
|
|-heal|p1a: Regigigas|52/100|[from] item: Leftovers
|upkeep
|turn|2
|inactive|wolver411 has 120 seconds left.
|
|t:|1760301770
|move|p1a: Regigigas|Protect|p1a: Regigigas
|-singleturn|p1a: Regigigas|Protect
|move|p2a: Samurott|Ceaseless Edge|p1a: Regigigas
|-activate|p1a: Regigigas|move: Protect
|
|-heal|p1a: Regigigas|59/100|[from] item: Leftovers
|upkeep
|turn|3
|
|t:|1760301779
|move|p2a: Samurott|Ceaseless Edge|p1a: Regigigas
|-end|p1a: Regigigas|Substitute
|-sidestart|p1: wolver411|Spikes
|move|p1a: Regigigas|Body Slam|p2a: Samurott
|-damage|p2a: Samurott|71/100
|
|-heal|p1a: Regigigas|65/100|[from] item: Leftovers
|upkeep
|turn|4
|
|t:|1760301787
|move|p2a: Samurott|Ceaseless Edge|p1a: Regigigas
|-damage|p1a: Regigigas|36/100
|-sidestart|p1: wolver411|Spikes
|move|p1a: Regigigas|Substitute|p1a: Regigigas
|-start|p1a: Regigigas|Substitute
|-damage|p1a: Regigigas|11/100
|
|-heal|p1a: Regigigas|17/100|[from] item: Leftovers
|upkeep
|turn|5
|
|t:|1760301797
|move|p1a: Regigigas|Protect|p1a: Regigigas
|-singleturn|p1a: Regigigas|Protect
|move|p2a: Samurott|Knock Off|p1a: Regigigas
|-activate|p1a: Regigigas|move: Protect
|
|-heal|p1a: Regigigas|24/100|[from] item: Leftovers
|-end|p1a: Regigigas|Slow Start
|upkeep
|turn|6
|
|t:|1760301805
|move|p2a: Samurott|Knock Off|p1a: Regigigas
|-end|p1a: Regigigas|Substitute
|move|p1a: Regigigas|Body Slam|p2a: Samurott
|-damage|p2a: Samurott|14/100
|
|-heal|p1a: Regigigas|30/100|[from] item: Leftovers
|upkeep
|turn|7
|
|t:|1760301812
|move|p1a: Regigigas|Protect|p1a: Regigigas
|-singleturn|p1a: Regigigas|Protect
|move|p2a: Samurott|Knock Off|p1a: Regigigas
|-activate|p1a: Regigigas|move: Protect
|
|-heal|p1a: Regigigas|36/100|[from] item: Leftovers
|upkeep
|turn|8
|
|t:|1760301820
|move|p2a: Samurott|Knock Off|p1a: Regigigas
|-damage|p1a: Regigigas|7/100
|-enditem|p1a: Regigigas|Leftovers|[from] move: Knock Off|[of] p2a: Samurott
|move|p1a: Regigigas|Body Slam|p2a: Samurott
|-damage|p2a: Samurott|0 fnt
|faint|p2a: Samurott
|
|upkeep
|
|t:|1760301830
|switch|p2a: Darkrai|Darkrai|100/100
|turn|9
|
|t:|1760301835
|move|p2a: Darkrai|Dark Pulse|p1a: Regigigas
|-damage|p1a: Regigigas|0 fnt
|faint|p1a: Regigigas
|
|upkeep
|
|t:|1760301841
|switch|p1a: Pawmot|Pawmot, F|100/100
|-item|p1a: Pawmot|Air Balloon
|turn|10
|
|t:|1760301850
|switch|p2a: Pecharunt|Pecharunt|100/100
|move|p1a: Pawmot|Close Combat|p2a: Pecharunt
|-immune|p2a: Pecharunt
|
|upkeep
|turn|11
|
|t:|1760301860
|move|p1a: Pawmot|Double Shock|p2a: Pecharunt
|-damage|p2a: Pecharunt|73/100
|-start|p1a: Pawmot|typechange|???/Fighting|[from] move: Double Shock
|move|p2a: Pecharunt|Malignant Chain|p1a: Pawmot
|-damage|p1a: Pawmot|44/100
|-enditem|p1a: Pawmot|Air Balloon
|
|upkeep
|turn|12
|
|t:|1760301872
|move|p1a: Pawmot|Revival Blessing|p1a: Pawmot
|
|t:|1760301874
|-heal|p1: Regigigas|50/100|[from] move: Revival Blessing
|move|p2a: Pecharunt|Malignant Chain|p1a: Pawmot
|-damage|p1a: Pawmot|0 fnt
|faint|p1a: Pawmot
|
|upkeep
|
|t:|1760301882
|switch|p1a: Incineroar|Incineroar, M, shiny|100/100
|-ability|p1a: Incineroar|Intimidate|boost
|-unboost|p2a: Pecharunt|atk|1
|turn|13
|
|t:|1760301888
|switch|p2a: Zamazenta|Zamazenta|100/100
|-ability|p2a: Zamazenta|Dauntless Shield|boost
|-boost|p2a: Zamazenta|def|1
|move|p1a: Incineroar|Crunch|p2a: Zamazenta
|-resisted|p2a: Zamazenta
|-damage|p2a: Zamazenta|91/100
|-unboost|p2a: Zamazenta|def|1
|
|-heal|p2a: Zamazenta|97/100|[from] item: Leftovers
|upkeep
|turn|14
|
|t:|1760301902
|switch|p1a: Chimecho|Chimecho, M, shiny|100/100
|move|p2a: Zamazenta|Iron Defense|p2a: Zamazenta
|-boost|p2a: Zamazenta|def|2
|
|-heal|p2a: Zamazenta|100/100|[from] item: Leftovers
|upkeep
|turn|15
|
|t:|1760301921
|switch|p2a: Moltres|Moltres-Galar|100/100
|move|p1a: Chimecho|Cosmic Power|p1a: Chimecho
|-boost|p1a: Chimecho|def|1
|-boost|p1a: Chimecho|spd|1
|
|upkeep
|turn|16
|
|t:|1760301949
|-terastallize|p1a: Chimecho|Steel
|move|p2a: Moltres|Nasty Plot|p2a: Moltres
|-boost|p2a: Moltres|spa|2
|move|p1a: Chimecho|Cosmic Power|p1a: Chimecho
|-boost|p1a: Chimecho|def|1
|-boost|p1a: Chimecho|spd|1
|
|upkeep
|turn|17
|
|t:|1760301960
|move|p2a: Moltres|Fiery Wrath|p1a: Chimecho
|-damage|p1a: Chimecho|59/100
|move|p1a: Chimecho|Dazzling Gleam|p2a: Moltres
|-supereffective|p2a: Moltres
|-damage|p2a: Moltres|70/100
|
|-heal|p1a: Chimecho|65/100|[from] item: Leftovers
|upkeep
|turn|18
|
|t:|1760301967
|move|p2a: Moltres|Fiery Wrath|p1a: Chimecho
|-damage|p1a: Chimecho|21/100
|move|p1a: Chimecho|Dazzling Gleam|p2a: Moltres
|-supereffective|p2a: Moltres
|-damage|p2a: Moltres|39/100
|-ability|p2a: Moltres|Berserk|boost
|-boost|p2a: Moltres|spa|1
|-enditem|p2a: Moltres|Sitrus Berry|[eat]
|-heal|p2a: Moltres|64/100|[from] item: Sitrus Berry
|
|-heal|p1a: Chimecho|27/100|[from] item: Leftovers
|upkeep
|turn|19
|
|t:|1760301979
|move|p2a: Moltres|Fiery Wrath|p1a: Chimecho
|-damage|p1a: Chimecho|0 fnt
|faint|p1a: Chimecho
|
|upkeep
|
|t:|1760301991
|switch|p1a: Politoed|Politoed, M|100/100
|-damage|p1a: Politoed|76/100|[from] Spikes
|-weather|RainDance|[from] ability: Drizzle|[of] p1a: Politoed
|turn|20
|
|t:|1760301998
|move|p2a: Moltres|Fiery Wrath|p1a: Politoed
|-damage|p1a: Politoed|0 fnt
|faint|p1a: Politoed
|
|-weather|RainDance|[upkeep]
|upkeep
|
|t:|1760302003
|switch|p1a: Incineroar|Incineroar, M, shiny|100/100
|-ability|p1a: Incineroar|Intimidate|boost
|-unboost|p2a: Moltres|atk|1
|turn|21
|
|t:|1760302023
|-terastallize|p2a: Moltres|Fairy
|move|p1a: Incineroar|Fake Out|p2a: Moltres
|-damage|p2a: Moltres|49/100
|-ability|p2a: Moltres|Berserk|boost
|-boost|p2a: Moltres|spa|1
|cant|p2a: Moltres|flinch
|
|-weather|RainDance|[upkeep]
|upkeep
|turn|22
|
|t:|1760302032
|move|p2a: Moltres|Tera Blast|p1a: Incineroar|[anim] Tera Blast Fairy
|-damage|p1a: Incineroar|0 fnt
|faint|p1a: Incineroar
|
|-weather|RainDance|[upkeep]
|upkeep
|
|t:|1760302038
|switch|p1a: Regigigas|Regigigas, shiny|50/100
|-damage|p1a: Regigigas|25/100|[from] Spikes
|-start|p1a: Regigigas|ability: Slow Start
|turn|23
|-message|wolver411 forfeited.
|
|win|EsperFell
|raw|wolver411's rating: 1069 &rarr; <strong>1050</strong><br />(-19 for losing)
|raw|EsperFell's rating: 1087 &rarr; <strong>1113</strong><br />(+26 for winning)
|l|☆wolver411
|player|p1|
|l|☆EsperFell
|player|p2|
