|j|☆deadlifts23
|j|☆Archualudon=$
|t:|1760429152
|gametype|singles
|player|p1|deadlifts23|170|1412
|player|p2|Archualudon=$|drayton|1467
|gen|9
|tier|[Gen 9] OU
|rated|
|rule|HP Percentage Mod: HP is shown in percentages
|rule|Endless Battle Clause: Forcing endless battles is banned
|rule|Species Clause: Limit one of each Pokémon
|rule|OHKO Clause: OHKO moves are banned
|rule|Evasion Items Clause: Evasion items are banned
|rule|Evasion Moves Clause: Evasion moves are banned
|rule|Evasion Abilities Clause: Evasion abilities are banned
|rule|Sleep Moves Clause: Sleep-inducing moves are banned
|clearpoke
|poke|p1|Landorus-Therian, M|
|poke|p1|Zapdos|
|poke|p1|Volcanion|
|poke|p1|Tyranitar, M|
|poke|p1|Darkrai|
|poke|p1|Cinderace, F|
|poke|p2|Dondozo, F|
|poke|p2|Blissey, F|
|poke|p2|Corviknight, F|
|poke|p2|Weezing-Galar, M|
|poke|p2|Gliscor, M|
|poke|p2|Toxapex, F|
|teampreview
|
|t:|1760429162
|teamsize|p1|6
|teamsize|p2|6
|start
|switch|p1a: Darkrai|Darkrai|100/100
|switch|p2a: Weezing|Weezing-Galar, M|100/100
|-ability|p2a: Weezing|Neutralizing Gas
|turn|1
|
|t:|1760429169
|switch|p1a: Tyranitar|Tyranitar, M|100/100
|move|p2a: Weezing|Strange Steam|p1a: Tyranitar
|-supereffective|p1a: Tyranitar
|-damage|p1a: Tyranitar|72/100
|
|upkeep
|turn|2
|
|t:|1760429188
|-terastallize|p1a: Tyranitar|Rock
|move|p2a: Weezing|Will-O-Wisp|p1a: Tyranitar
|-status|p1a: Tyranitar|brn
|move|p1a: Tyranitar|Stone Edge|p2a: Weezing
|-damage|p2a: Weezing|74/100
|
|-damage|p1a: Tyranitar|66/100 brn|[from] brn
|upkeep
|turn|3
|
|t:|1760429196
|-end|p2a: Weezing|ability: Neutralizing Gas
|-weather|Sandstorm|[from] ability: Sand Stream|[of] p1a: Tyranitar
|switch|p2a: Gliscor|Gliscor, M|100/100
|move|p1a: Tyranitar|Stone Edge|p2a: Gliscor
|-damage|p2a: Gliscor|69/100
|
|-weather|Sandstorm|[upkeep]
|-damage|p1a: Tyranitar|59/100 brn|[from] brn
|-status|p2a: Gliscor|tox|[from] item: Toxic Orb
|upkeep
|turn|4
|
|t:|1760429203
|move|p2a: Gliscor|Knock Off|p1a: Tyranitar
|-crit|p1a: Tyranitar
|-damage|p1a: Tyranitar|35/100 brn
|-enditem|p1a: Tyranitar|Assault Vest|[from] move: Knock Off|[of] p2a: Gliscor
|move|p1a: Tyranitar|Ice Punch|p2a: Gliscor
|-supereffective|p2a: Gliscor
|-damage|p2a: Gliscor|21/100 tox
|
|-weather|Sandstorm|[upkeep]
|-heal|p2a: Gliscor|33/100 tox|[from] ability: Poison Heal
|-damage|p1a: Tyranitar|29/100 brn|[from] brn
|upkeep
|turn|5
|
|t:|1760429209
|move|p2a: Gliscor|Protect|p2a: Gliscor
|-singleturn|p2a: Gliscor|Protect
|move|p1a: Tyranitar|Ice Punch|p2a: Gliscor
|-activate|p2a: Gliscor|move: Protect
|
|-weather|Sandstorm|[upkeep]
|-heal|p2a: Gliscor|46/100 tox|[from] ability: Poison Heal
|-damage|p1a: Tyranitar|23/100 brn|[from] brn
|upkeep
|turn|6
|
|t:|1760429213
|move|p2a: Gliscor|Earthquake|p1a: Tyranitar
|-supereffective|p1a: Tyranitar
|-damage|p1a: Tyranitar|0 fnt
|faint|p1a: Tyranitar
|
|-weather|Sandstorm|[upkeep]
|-heal|p2a: Gliscor|58/100 tox|[from] ability: Poison Heal
|upkeep
|
|t:|1760429216
|switch|p1a: Darkrai|Darkrai|100/100
|turn|7
|
|t:|1760429220
|switch|p2a: Blissey|Blissey, F|100/100
|move|p1a: Darkrai|Nasty Plot|p1a: Darkrai
|-boost|p1a: Darkrai|spa|2
|
|-weather|none
|upkeep
|turn|8
|
|t:|1760429225
|move|p1a: Darkrai|Psyshock|p2a: Blissey
|-damage|p2a: Blissey|45/100
|move|p2a: Blissey|Calm Mind|p2a: Blissey
|-boost|p2a: Blissey|spa|1
|-boost|p2a: Blissey|spd|1
|
|-heal|p2a: Blissey|51/100|[from] item: Leftovers
|upkeep
|turn|9
|
|t:|1760429233
|switch|p2a: Dondozo|Dondozo, F|100/100
|move|p1a: Darkrai|Psyshock|p2a: Dondozo
|-damage|p2a: Dondozo|86/100
|
|-heal|p2a: Dondozo|92/100|[from] item: Leftovers
|upkeep
|turn|10
|
|t:|1760429239
|move|p1a: Darkrai|Dark Pulse|p2a: Dondozo
|-damage|p2a: Dondozo|54/100
|move|p2a: Dondozo|Body Press|p1a: Darkrai
|-supereffective|p1a: Darkrai
|-damage|p1a: Darkrai|21/100
|
|-heal|p2a: Dondozo|60/100|[from] item: Leftovers
|upkeep
|turn|11
|
|t:|1760429243
|move|p1a: Darkrai|Dark Pulse|p2a: Dondozo
|-damage|p2a: Dondozo|9/100
|move|p2a: Dondozo|Body Press|p1a: Darkrai
|-supereffective|p1a: Darkrai
|-damage|p1a: Darkrai|0 fnt
|faint|p1a: Darkrai
|
|-heal|p2a: Dondozo|15/100|[from] item: Leftovers
|upkeep
|
|t:|1760429246
|switch|p1a: Cinderace|Cinderace, F|100/100
|turn|12
|
|t:|1760429249
|move|p1a: Cinderace|U-turn|p2a: Dondozo
|-start|p1a: Cinderace|typechange|Bug|[from] ability: Libero
|-damage|p2a: Dondozo|0 fnt
|faint|p2a: Dondozo
|
|t:|1760429253
|switch|p1a: Volcanion|Volcanion|100/100|[from] U-turn
|
|upkeep
|
|t:|1760429264
|switch|p2a: Blissey|Blissey, F|51/100
|turn|13
|
|t:|1760429267
|switch|p1a: Cinderace|Cinderace, F|100/100
|move|p2a: Blissey|Stealth Rock|p1a: Cinderace
|-sidestart|p1: deadlifts23|move: Stealth Rock
|
|-heal|p2a: Blissey|57/100|[from] item: Leftovers
|upkeep
|turn|14
|
|t:|1760429274
|switch|p2a: Toxapex|Toxapex, F|100/100
|move|p1a: Cinderace|Court Change|p1a: Cinderace
|-start|p1a: Cinderace|typechange|Normal|[from] ability: Libero
|-swapsideconditions
|-activate|p1a: Cinderace|move: Court Change
|
|upkeep
|turn|15
|
|t:|1760429279
|move|p1a: Cinderace|U-turn|p2a: Toxapex
|-resisted|p2a: Toxapex
|-damage|p2a: Toxapex|92/100
|
|t:|1760429281
|switch|p1a: Zapdos|Zapdos|100/100|[from] U-turn
|move|p2a: Toxapex|Toxic Spikes|p1a: Zapdos
|-sidestart|p1: deadlifts23|move: Toxic Spikes
|
|-heal|p2a: Toxapex|98/100|[from] item: Leftovers
|upkeep
|turn|16
|
|t:|1760429285
|switch|p2a: Blissey|Blissey, F|57/100
|-damage|p2a: Blissey|45/100|[from] Stealth Rock
|move|p1a: Zapdos|Thunder Wave|p2a: Blissey
|-status|p2a: Blissey|par
|
|-heal|p2a: Blissey|51/100 par|[from] item: Leftovers
|upkeep
|turn|17
|
|t:|1760429289
|move|p1a: Zapdos|Hurricane|p2a: Blissey|[miss]
|-miss|p1a: Zapdos|p2a: Blissey
|move|p2a: Blissey|Seismic Toss|p1a: Zapdos
|-damage|p1a: Zapdos|74/100
|
|-heal|p1a: Zapdos|81/100|[from] item: Leftovers
|-heal|p2a: Blissey|57/100 par|[from] item: Leftovers
|upkeep
|turn|18
|
|t:|1760429294
|move|p1a: Zapdos|Hurricane|p2a: Blissey|[miss]
|-miss|p1a: Zapdos|p2a: Blissey
|move|p2a: Blissey|Stealth Rock|p1a: Zapdos
|-sidestart|p1: deadlifts23|move: Stealth Rock
|
|-heal|p1a: Zapdos|87/100|[from] item: Leftovers
|-heal|p2a: Blissey|63/100 par|[from] item: Leftovers
|upkeep
|turn|19
|
|t:|1760429300
|move|p1a: Zapdos|Discharge|p2a: Blissey
|-damage|p2a: Blissey|49/100 par
|move|p2a: Blissey|Soft-Boiled|p2a: Blissey
|-heal|p2a: Blissey|99/100 par
|
|-heal|p1a: Zapdos|93/100|[from] item: Leftovers
|-heal|p2a: Blissey|100/100 par|[from] item: Leftovers
|upkeep
|turn|20
|
|t:|1760429309
|switch|p1a: Landorus|Landorus-Therian, M|100/100
|-damage|p1a: Landorus|88/100|[from] Stealth Rock
|-ability|p1a: Landorus|Intimidate|boost
|-unboost|p2a: Blissey|atk|1
|cant|p2a: Blissey|par
|
|upkeep
|turn|21
|
|t:|1760429313
|-curestatus|p2a: Blissey|par|[from] ability: Natural Cure
|switch|p2a: Corviknight|Corviknight, F|100/100
|-damage|p2a: Corviknight|88/100|[from] Stealth Rock
|-ability|p2a: Corviknight|Pressure
|move|p1a: Landorus|U-turn|p2a: Corviknight
|-resisted|p2a: Corviknight
|-damage|p2a: Corviknight|84/100
|
|t:|1760429318
|switch|p1a: Cinderace|Cinderace, F|100/100|[from] U-turn
|-status|p1a: Cinderace|psn
|-damage|p1a: Cinderace|76/100 psn|[from] Stealth Rock
|
|-heal|p1a: Cinderace|82/100 psn|[from] item: Leftovers
|-heal|p2a: Corviknight|91/100|[from] item: Leftovers
|-damage|p1a: Cinderace|69/100 psn|[from] psn
|upkeep
|turn|22
|
|t:|1760429325
|switch|p2a: Gliscor|Gliscor, M|58/100 tox
|-damage|p2a: Gliscor|46/100 tox|[from] Stealth Rock
|move|p1a: Cinderace|Court Change|p1a: Cinderace
|-start|p1a: Cinderace|typechange|Normal|[from] ability: Libero
|-swapsideconditions
|-activate|p1a: Cinderace|move: Court Change
|
|-heal|p1a: Cinderace|75/100 psn|[from] item: Leftovers
|-damage|p1a: Cinderace|63/100 psn|[from] psn
|-heal|p2a: Gliscor|58/100 tox|[from] ability: Poison Heal
|upkeep
|turn|23
|
|t:|1760429333
|move|p1a: Cinderace|Pyro Ball|p2a: Gliscor|[miss]
|-miss|p1a: Cinderace|p2a: Gliscor
|move|p2a: Gliscor|Spikes|p1a: Cinderace
|-sidestart|p1: deadlifts23|Spikes
|
|-heal|p1a: Cinderace|69/100 psn|[from] item: Leftovers
|-damage|p1a: Cinderace|57/100 psn|[from] psn
|-heal|p2a: Gliscor|71/100 tox|[from] ability: Poison Heal
|upkeep
|turn|24
|-message|deadlifts23 forfeited.
|
|win|Archualudon=$
|raw|deadlifts23's rating: 1412 &rarr; <strong>1395</strong><br />(-17 for losing)
|raw|Archualudon=$'s rating: 1467 &rarr; <strong>1484</strong><br />(+17 for winning)
|l|☆deadlifts23
|player|p1|
|l|☆Archualudon=$
|player|p2|
