|j|☆NaoAgawa
|j|☆dereksama
|t:|1760449641
|gametype|singles
|player|p1|NaoAgawa|acetrainer-gen4dp|1092
|player|p2|dereksama|blackbelt-gen4dp|1098
|gen|9
|tier|[Gen 9] OU
|rated|
|rule|HP Percentage Mod: HP is shown in percentages
|rule|Endless Battle Clause: Forcing endless battles is banned
|rule|Species Clause: Limit one of each Pokémon
|rule|OHKO Clause: OHKO moves are banned
|rule|Evasion Items Clause: Evasion items are banned
|rule|Evasion Moves Clause: Evasion moves are banned
|rule|Evasion Abilities Clause: Evasion abilities are banned
|rule|Sleep Moves Clause: Sleep-inducing moves are banned
|clearpoke
|poke|p1|Pelipper, M|
|poke|p1|Vileplume, F|
|poke|p1|Espeon, M|
|poke|p1|Kleavor, M|
|poke|p1|Eelektross, F|
|poke|p1|Hydreigon, F|
|poke|p2|Conkeldurr, F|
|poke|p2|Blaziken, M|
|poke|p2|Primeape, F|
|poke|p2|Hariyama, M|
|poke|p2|Scrafty, M|
|poke|p2|Infernape, F|
|teampreview
|inactive|Battle timer is ON: inactive players will automatically lose when time's up. (requested by dereksama)
|inactive|dereksama has 120 seconds left.
|
|t:|1760449683
|teamsize|p1|6
|teamsize|p2|6
|start
|switch|p1a: Vileplume|Vileplume, F, shiny|100/100
|switch|p2a: Conkeldurr|Conkeldurr, F|100/100
|turn|1
|
|t:|1760449689
|move|p2a: Conkeldurr|Ice Punch|p1a: Vileplume
|-supereffective|p1a: Vileplume
|-damage|p1a: Vileplume|37/100
|-status|p2a: Conkeldurr|slp|[from] ability: Effect Spore|[of] p1a: Vileplume
|move|p1a: Vileplume|Leech Seed|p2a: Conkeldurr
|-start|p2a: Conkeldurr|move: Leech Seed
|
|-heal|p1a: Vileplume|43/100|[from] item: Black Sludge
|-damage|p2a: Conkeldurr|88/100 slp|[from] Leech Seed|[of] p1a: Vileplume
|-heal|p1a: Vileplume|60/100|[silent]
|upkeep
|turn|2
|
|t:|1760449697
|cant|p2a: Conkeldurr|slp
|move|p1a: Vileplume|Moonblast|p2a: Conkeldurr
|-supereffective|p2a: Conkeldurr
|-damage|p2a: Conkeldurr|29/100 slp
|-enditem|p2a: Conkeldurr|Sitrus Berry|[eat]
|-heal|p2a: Conkeldurr|54/100 slp|[from] item: Sitrus Berry
|
|-heal|p1a: Vileplume|66/100|[from] item: Black Sludge
|-damage|p2a: Conkeldurr|42/100 slp|[from] Leech Seed|[of] p1a: Vileplume
|-heal|p1a: Vileplume|84/100|[silent]
|upkeep
|turn|3
|
|t:|1760449706
|cant|p2a: Conkeldurr|slp
|move|p1a: Vileplume|Moonblast|p2a: Conkeldurr
|-supereffective|p2a: Conkeldurr
|-damage|p2a: Conkeldurr|0 fnt
|faint|p2a: Conkeldurr
|
|-heal|p1a: Vileplume|90/100|[from] item: Black Sludge
|upkeep
|
|t:|1760449711
|switch|p2a: Blaziken|Blaziken, M|100/100
|turn|4
|
|t:|1760449722
|switch|p1a: Pelipper|Pelipper, M, shiny|100/100
|-weather|RainDance|[from] ability: Drizzle|[of] p1a: Pelipper
|-terastallize|p2a: Blaziken|Grass
|move|p2a: Blaziken|Swords Dance|p2a: Blaziken
|-boost|p2a: Blaziken|atk|2
|
|-weather|RainDance|[upkeep]
|-ability|p2a: Blaziken|Speed Boost|boost
|-boost|p2a: Blaziken|spe|1
|upkeep
|turn|5
|
|t:|1760449734
|move|p2a: Blaziken|Close Combat|p1a: Pelipper
|-resisted|p1a: Pelipper
|-damage|p1a: Pelipper|40/100
|-unboost|p2a: Blaziken|def|1
|-unboost|p2a: Blaziken|spd|1
|move|p1a: Pelipper|Hurricane|p2a: Blaziken
|-supereffective|p2a: Blaziken
|-enditem|p2a: Blaziken|Focus Sash
|-damage|p2a: Blaziken|1/100
|
|-weather|RainDance|[upkeep]
|-ability|p2a: Blaziken|Speed Boost|boost
|-boost|p2a: Blaziken|spe|1
|upkeep
|turn|6
|
|t:|1760449747
|move|p2a: Blaziken|Close Combat|p1a: Pelipper
|-resisted|p1a: Pelipper
|-damage|p1a: Pelipper|0 fnt
|-unboost|p2a: Blaziken|def|1
|-unboost|p2a: Blaziken|spd|1
|faint|p1a: Pelipper
|
|-weather|RainDance|[upkeep]
|-ability|p2a: Blaziken|Speed Boost|boost
|-boost|p2a: Blaziken|spe|1
|upkeep
|
|t:|1760449757
|switch|p1a: Espeon|Espeon, M, shiny|100/100
|turn|7
|
|t:|1760449766
|-terastallize|p1a: Espeon|Fairy
|move|p2a: Blaziken|Close Combat|p1a: Espeon
|-resisted|p1a: Espeon
|-damage|p1a: Espeon|0 fnt
|-unboost|p2a: Blaziken|def|1
|-unboost|p2a: Blaziken|spd|1
|faint|p1a: Espeon
|
|-weather|RainDance|[upkeep]
|-ability|p2a: Blaziken|Speed Boost|boost
|-boost|p2a: Blaziken|spe|1
|upkeep
|
|t:|1760449773
|switch|p1a: Vileplume|Vileplume, F, shiny|90/100
|turn|8
|
|t:|1760449780
|move|p2a: Blaziken|Flamethrower|p1a: Vileplume
|-supereffective|p1a: Vileplume
|-damage|p1a: Vileplume|63/100
|move|p1a: Vileplume|Moonblast|p2a: Blaziken
|-damage|p2a: Blaziken|0 fnt
|faint|p2a: Blaziken
|
|-weather|RainDance|[upkeep]
|-heal|p1a: Vileplume|69/100|[from] item: Black Sludge
|upkeep
|
|t:|1760449803
|switch|p2a: Infernape|Infernape, F|100/100
|turn|9
|
|t:|1760449806
|move|p2a: Infernape|Flamethrower|p1a: Vileplume
|-supereffective|p1a: Vileplume
|-damage|p1a: Vileplume|30/100
|-status|p1a: Vileplume|brn
|move|p1a: Vileplume|Leech Seed|p2a: Infernape
|-start|p2a: Infernape|move: Leech Seed
|
|-weather|RainDance|[upkeep]
|-heal|p1a: Vileplume|36/100 brn|[from] item: Black Sludge
|-damage|p2a: Infernape|88/100|[from] Leech Seed|[of] p1a: Vileplume
|-heal|p1a: Vileplume|48/100 brn|[silent]
|-damage|p1a: Vileplume|42/100 brn|[from] brn
|upkeep
|turn|10
|
|t:|1760449817
|switch|p2a: Scrafty|Scrafty, M|100/100
|move|p1a: Vileplume|Protect||[still]
|-fail|p1a: Vileplume
|
|-weather|RainDance|[upkeep]
|-heal|p1a: Vileplume|48/100 brn|[from] item: Black Sludge
|-damage|p1a: Vileplume|42/100 brn|[from] brn
|upkeep
|turn|11
|
|t:|1760449824
|move|p2a: Scrafty|Dragon Dance|p2a: Scrafty
|-boost|p2a: Scrafty|atk|1
|-boost|p2a: Scrafty|spe|1
|move|p1a: Vileplume|Moonblast|p2a: Scrafty
|-supereffective|p2a: Scrafty
|-damage|p2a: Scrafty|0 fnt
|faint|p2a: Scrafty
|
|-weather|none
|-heal|p1a: Vileplume|48/100 brn|[from] item: Black Sludge
|-damage|p1a: Vileplume|42/100 brn|[from] brn
|upkeep
|
|t:|1760449836
|switch|p2a: Infernape|Infernape, F|88/100
|turn|12
|
|t:|1760449839
|move|p1a: Vileplume|Protect|p1a: Vileplume
|-singleturn|p1a: Vileplume|Protect
|move|p2a: Infernape|Flamethrower|p1a: Vileplume
|-activate|p1a: Vileplume|move: Protect
|
|-heal|p1a: Vileplume|48/100 brn|[from] item: Black Sludge
|-damage|p1a: Vileplume|42/100 brn|[from] brn
|upkeep
|turn|13
|
|t:|1760449846
|switch|p1a: Eelektross|Eelektross, F, shiny|100/100
|move|p2a: Infernape|Close Combat|p1a: Eelektross
|-damage|p1a: Eelektross|48/100
|-unboost|p2a: Infernape|def|1
|-unboost|p2a: Infernape|spd|1
|
|upkeep
|turn|14
|
|t:|1760449854
|move|p2a: Infernape|Close Combat|p1a: Eelektross
|-damage|p1a: Eelektross|0 fnt
|-unboost|p2a: Infernape|def|1
|-unboost|p2a: Infernape|spd|1
|faint|p1a: Eelektross
|
|upkeep
|
|t:|1760449858
|switch|p1a: Hydreigon|Hydreigon, F, shiny|100/100
|turn|15
|
|t:|1760449865
|switch|p2a: Hariyama|Hariyama, M|100/100
|move|p1a: Hydreigon|Draco Meteor|p2a: Hariyama
|-damage|p2a: Hariyama|35/100
|-unboost|p1a: Hydreigon|spa|2
|-enditem|p2a: Hariyama|Sitrus Berry|[eat]
|-heal|p2a: Hariyama|60/100|[from] item: Sitrus Berry
|
|upkeep
|turn|16
|
|t:|1760449874
|switch|p1a: Vileplume|Vileplume, F, shiny|42/100 brn
|move|p2a: Hariyama|Drain Punch|p1a: Vileplume
|-resisted|p1a: Vileplume
|-damage|p1a: Vileplume|21/100 brn
|-heal|p2a: Hariyama|66/100|[from] drain|[of] p1a: Vileplume
|-status|p2a: Hariyama|psn|[from] ability: Effect Spore|[of] p1a: Vileplume
|
|-heal|p1a: Vileplume|28/100 brn|[from] item: Black Sludge
|-damage|p2a: Hariyama|54/100 psn|[from] psn
|-damage|p1a: Vileplume|21/100 brn|[from] brn
|upkeep
|turn|17
|
|t:|1760449881
|move|p2a: Hariyama|Drain Punch|p1a: Vileplume
|-resisted|p1a: Vileplume
|-crit|p1a: Vileplume
|-damage|p1a: Vileplume|0 fnt
|-heal|p2a: Hariyama|60/100 psn|[from] drain|[of] p1a: Vileplume
|faint|p1a: Vileplume
|
|-damage|p2a: Hariyama|48/100 psn|[from] psn
|upkeep
|
|t:|1760449884
|switch|p1a: Kleavor|Kleavor, M, shiny|100/100
|turn|18
|
|t:|1760449887
|move|p1a: Kleavor|Agility|p1a: Kleavor
|-boost|p1a: Kleavor|spe|2
|move|p2a: Hariyama|Drain Punch|p1a: Kleavor
|-damage|p1a: Kleavor|27/100
|-heal|p2a: Hariyama|69/100 psn|[from] drain|[of] p1a: Kleavor
|
|-damage|p2a: Hariyama|57/100 psn|[from] psn
|upkeep
|turn|19
|
|t:|1760449894
|move|p1a: Kleavor|Stone Axe|p2a: Hariyama|[miss]
|-miss|p1a: Kleavor|p2a: Hariyama
|move|p2a: Hariyama|Drain Punch|p1a: Kleavor
|-damage|p1a: Kleavor|0 fnt
|-heal|p2a: Hariyama|64/100 psn|[from] drain|[of] p1a: Kleavor
|faint|p1a: Kleavor
|
|-damage|p2a: Hariyama|52/100 psn|[from] psn
|upkeep
|
|t:|1760449898
|switch|p1a: Hydreigon|Hydreigon, F, shiny|100/100
|turn|20
|
|t:|1760449902
|move|p1a: Hydreigon|Flash Cannon|p2a: Hariyama
|-damage|p2a: Hariyama|23/100 psn
|move|p2a: Hariyama|Drain Punch|p1a: Hydreigon
|-supereffective|p1a: Hydreigon
|-damage|p1a: Hydreigon|0 fnt
|-heal|p2a: Hariyama|56/100 psn|[from] drain|[of] p1a: Hydreigon
|faint|p1a: Hydreigon
|
|win|dereksama
|raw|NaoAgawa's rating: 1092 &rarr; <strong>1069</strong><br />(-23 for losing)
|raw|dereksama's rating: 1098 &rarr; <strong>1123</strong><br />(+25 for winning)
|l|☆NaoAgawa
|player|p1|
|l|☆dereksama
|player|p2|
