|badge|p2|bronze|gen9ou|100-7
|uhtml|medal-msg|<div class="broadcast-blue">Curious what those medals under the avatar are? PS now has Ladder Seasons! For more information, check out the <a href="https://www.smogon.com/forums/threads/3740067/">thread on Smogon.</a></div>
|j|☆DontMissMantine
|j|☆MooFarmer
|t:|1760388323
|gametype|singles
|player|p1|DontMissMantine|lucas|1800
|player|p2|MooFarmer|1|1847
|gen|9
|tier|[Gen 9] OU
|rated|
|rule|HP Percentage Mod: HP is shown in percentages
|rule|Endless Battle Clause: Forcing endless battles is banned
|rule|Species Clause: Limit one of each Pokémon
|rule|OHKO Clause: OHKO moves are banned
|rule|Evasion Items Clause: Evasion items are banned
|rule|Evasion Moves Clause: Evasion moves are banned
|rule|Evasion Abilities Clause: Evasion abilities are banned
|rule|Sleep Moves Clause: Sleep-inducing moves are banned
|clearpoke
|poke|p1|Pelipper, M|
|poke|p1|Beartic, M|
|poke|p1|Barraskewda, M|
|poke|p1|Ogerpon-Wellspring, F|
|poke|p1|Zapdos|
|poke|p1|Hatterene, F|
|poke|p2|Kyurem|
|poke|p2|Corviknight, F|
|poke|p2|Ting-Lu|
|poke|p2|Dondozo, M|
|poke|p2|Slowking-Galar, L99, M|
|poke|p2|Cinderace, F|
|teampreview
|inactive|Battle timer is ON: inactive players will automatically lose when time's up. (requested by DontMissMantine)
|j| OP Earthquakes
|inactive|MooFarmer has 120 seconds left.
|
|t:|1760388369
|teamsize|p1|6
|teamsize|p2|6
|start
|switch|p1a: Pelipper|Pelipper, M|100/100
|switch|p2a: Slowking|Slowking-Galar, L99, M|100/100
|-weather|RainDance|[from] ability: Drizzle|[of] p1a: Pelipper
|turn|1
|inactive|MooFarmer also wants the timer to be on.
|inactive|MooFarmer has 120 seconds left.
|
|t:|1760388416
|move|p1a: Pelipper|U-turn|p2a: Slowking
|-damage|p2a: Slowking|90/100
|
|t:|1760388418
|switch|p1a: Ogerpon|Ogerpon-Wellspring, F|100/100|[from] U-turn
|move|p2a: Slowking|Sludge Bomb|p1a: Ogerpon
|-supereffective|p1a: Ogerpon
|-damage|p1a: Ogerpon|27/100
|
|-weather|RainDance|[upkeep]
|upkeep
|turn|2
|j| Nikator98
|j| atlas tales
|inactive|MooFarmer has 90 seconds left.
|
|t:|1760388464
|switch|p2a: Kyurem|Kyurem|100/100
|-ability|p2a: Kyurem|Pressure
|move|p1a: Ogerpon|Ivy Cudgel|p2a: Kyurem|[anim] Ivy Cudgel Water
|-resisted|p2a: Kyurem
|-damage|p2a: Kyurem|59/100
|
|-weather|RainDance|[upkeep]
|-heal|p2a: Kyurem|65/100|[from] item: Leftovers
|upkeep
|turn|3
|l| atlas tales
|inactive|MooFarmer has 60 seconds left.
|j| Tutedroga
|l| Tutedroga
|
|t:|1760388509
|move|p2a: Kyurem|Protect|p2a: Kyurem
|-singleturn|p2a: Kyurem|Protect
|move|p1a: Ogerpon|Play Rough|p2a: Kyurem
|-activate|p2a: Kyurem|move: Protect
|
|-weather|RainDance|[upkeep]
|-heal|p2a: Kyurem|71/100|[from] item: Leftovers
|upkeep
|turn|4
|
|t:|1760388517
|move|p1a: Ogerpon|Encore|p2a: Kyurem
|-start|p2a: Kyurem|Encore
|move|p2a: Kyurem|Protect||[still]
|-fail|p2a: Kyurem
|
|-weather|RainDance|[upkeep]
|-heal|p2a: Kyurem|77/100|[from] item: Leftovers
|upkeep
|turn|5
|
|t:|1760388525
|switch|p1a: Beartic|Beartic, M|100/100
|move|p2a: Kyurem|Protect||[still]
|-fail|p2a: Kyurem
|
|-weather|RainDance|[upkeep]
|-heal|p2a: Kyurem|84/100|[from] item: Leftovers
|upkeep
|turn|6
|l| Nikator98
|inactive|MooFarmer has 60 seconds left.
|
|t:|1760388534
|move|p2a: Kyurem|Protect|p2a: Kyurem
|-singleturn|p2a: Kyurem|Protect
|move|p1a: Beartic|Swords Dance|p1a: Beartic
|-boost|p1a: Beartic|atk|2
|
|-weather|RainDance|[upkeep]
|-heal|p2a: Kyurem|90/100|[from] item: Leftovers
|-end|p2a: Kyurem|Encore
|upkeep
|turn|7
|
|t:|1760388544
|switch|p2a: Dondozo|Dondozo, M|100/100
|-terastallize|p1a: Beartic|Electric
|move|p1a: Beartic|Tera Blast|p2a: Dondozo|[anim] Tera Blast Electric
|-supereffective|p2a: Dondozo
|-damage|p2a: Dondozo|57/100
|
|-weather|RainDance|[upkeep]
|-heal|p2a: Dondozo|63/100|[from] item: Leftovers
|upkeep
|turn|8
|
|t:|1760388554
|move|p1a: Beartic|Tera Blast|p2a: Dondozo|[anim] Tera Blast Electric
|-supereffective|p2a: Dondozo
|-damage|p2a: Dondozo|22/100
|move|p2a: Dondozo|Waterfall|p1a: Beartic
|-damage|p1a: Beartic|54/100
|
|-weather|none
|-heal|p2a: Dondozo|29/100|[from] item: Leftovers
|upkeep
|turn|9
|
|t:|1760388563
|move|p1a: Beartic|Tera Blast|p2a: Dondozo|[anim] Tera Blast Electric
|-supereffective|p2a: Dondozo
|-damage|p2a: Dondozo|0 fnt
|faint|p2a: Dondozo
|
|upkeep
|
|t:|1760388572
|switch|p2a: Kyurem|Kyurem|90/100
|-ability|p2a: Kyurem|Pressure
|turn|10
|
|t:|1760388580
|switch|p1a: Hatterene|Hatterene, F|100/100
|move|p2a: Kyurem|Earth Power|p1a: Hatterene
|-damage|p1a: Hatterene|69/100
|-enditem|p1a: Hatterene|Eject Button
|
|t:|1760388587
|switch|p1a: Pelipper|Pelipper, M|100/100
|-weather|RainDance|[from] ability: Drizzle|[of] p1a: Pelipper
|
|-weather|RainDance|[upkeep]
|-heal|p2a: Kyurem|96/100|[from] item: Leftovers
|upkeep
|turn|11
|inactive|MooFarmer has 90 seconds left.
|
|t:|1760388602
|switch|p1a: Zapdos|Zapdos|100/100
|move|p2a: Kyurem|Freeze-Dry|p1a: Zapdos
|-supereffective|p1a: Zapdos
|-damage|p1a: Zapdos|52/100
|
|-weather|RainDance|[upkeep]
|-heal|p2a: Kyurem|100/100|[from] item: Leftovers
|upkeep
|turn|12
|inactive|MooFarmer has 90 seconds left.
|inactive|MooFarmer has 60 seconds left.
|
|t:|1760388647
|move|p1a: Zapdos|Hurricane|p2a: Kyurem
|-damage|p2a: Kyurem|48/100
|move|p2a: Kyurem|Freeze-Dry|p1a: Zapdos
|-supereffective|p1a: Zapdos
|-damage|p1a: Zapdos|0 fnt
|faint|p1a: Zapdos
|
|-weather|RainDance|[upkeep]
|-heal|p2a: Kyurem|54/100|[from] item: Leftovers
|upkeep
|
|t:|1760388666
|switch|p1a: Barraskewda|Barraskewda, M|100/100
|turn|13
|inactive|MooFarmer has 60 seconds left.
|inactive|MooFarmer has 30 seconds left.
|
|t:|1760388709
|move|p2a: Kyurem|Protect|p2a: Kyurem
|-singleturn|p2a: Kyurem|Protect
|move|p1a: Barraskewda|Liquidation|p2a: Kyurem
|-activate|p2a: Kyurem|move: Protect
|
|-weather|RainDance|[upkeep]
|-heal|p2a: Kyurem|60/100|[from] item: Leftovers
|upkeep
|turn|14
|
|t:|1760388718
|move|p1a: Barraskewda|Close Combat|p2a: Kyurem
|-supereffective|p2a: Kyurem
|-damage|p2a: Kyurem|0 fnt
|-unboost|p1a: Barraskewda|def|1
|-unboost|p1a: Barraskewda|spd|1
|faint|p2a: Kyurem
|
|-weather|RainDance|[upkeep]
|upkeep
|
|t:|1760388727
|switch|p2a: Corviknight|Corviknight, F|100/100
|-ability|p2a: Corviknight|Pressure
|turn|15
|
|t:|1760388735
|move|p1a: Barraskewda|Flip Turn|p2a: Corviknight
|-damage|p2a: Corviknight|63/100
|-damage|p1a: Barraskewda|84/100|[from] item: Rocky Helmet|[of] p2a: Corviknight
|
|t:|1760388741
|switch|p1a: Hatterene|Hatterene, F|69/100|[from] Flip Turn
|move|p2a: Corviknight|U-turn|p1a: Hatterene
|-damage|p1a: Hatterene|56/100
|
|t:|1760388751
|switch|p2a: Slowking|Slowking-Galar, L99, M|100/100|[from] U-turn
|
|-weather|RainDance|[upkeep]
|upkeep
|turn|16
|
|t:|1760388767
|move|p1a: Hatterene|Healing Wish|p1a: Hatterene
|faint|p1a: Hatterene
|move|p2a: Slowking|Future Sight|p1: Hatterene
|-start|p2a: Slowking|move: Future Sight
|
|-weather|RainDance|[upkeep]
|upkeep
|inactive|DontMissMantine has 120 seconds left.
|
|t:|1760388787
|switch|p1a: Beartic|Beartic, M, tera:Electric|54/100
|-heal|p1a: Beartic|100/100|[from] move: Healing Wish
|turn|17
|j| Dhoom Again
|inactive|MooFarmer has 60 seconds left.
|inactive|DontMissMantine has 120 seconds left.
|
|t:|1760388806
|move|p1a: Beartic|Earthquake|p2a: Slowking
|-supereffective|p2a: Slowking
|-damage|p2a: Slowking|26/100
|move|p2a: Slowking|Sludge Bomb|p1a: Beartic
|-damage|p1a: Beartic|57/100
|
|-weather|none
|upkeep
|turn|18
|inactive|DontMissMantine has 120 seconds left.
|
|t:|1760388815
|switch|p1a: Pelipper|Pelipper, M|100/100
|-weather|RainDance|[from] ability: Drizzle|[of] p1a: Pelipper
|switch|p2a: Ting-Lu|Ting-Lu|100/100
|-ability|p2a: Ting-Lu|Vessel of Ruin
|
|-weather|RainDance|[upkeep]
|-end|p1a: Pelipper|move: Future Sight
|-damage|p1a: Pelipper|56/100
|upkeep
|turn|19
|inactive|DontMissMantine has 120 seconds left.
|
|t:|1760388827
|move|p2a: Ting-Lu|Payback|p1a: Pelipper
|-damage|p1a: Pelipper|42/100
|move|p1a: Pelipper|U-turn|p2a: Ting-Lu
|-supereffective|p2a: Ting-Lu
|-damage|p2a: Ting-Lu|90/100
|inactive|DontMissMantine has 120 seconds left.
|
|t:|1760388832
|switch|p1a: Ogerpon|Ogerpon-Wellspring, F|27/100|[from] U-turn
|
|-weather|RainDance|[upkeep]
|-heal|p2a: Ting-Lu|96/100|[from] item: Leftovers
|upkeep
|turn|20
|
|t:|1760388841
|-terastallize|p2a: Ting-Lu|Water
|move|p1a: Ogerpon|Ivy Cudgel|p2a: Ting-Lu|[anim] Ivy Cudgel Water
|-resisted|p2a: Ting-Lu
|-damage|p2a: Ting-Lu|73/100
|move|p2a: Ting-Lu|Payback|p1a: Ogerpon
|-damage|p1a: Ogerpon|0 fnt
|faint|p1a: Ogerpon
|
|-weather|RainDance|[upkeep]
|-heal|p2a: Ting-Lu|79/100|[from] item: Leftovers
|upkeep
|inactive|DontMissMantine has 120 seconds left.
|
|t:|1760388858
|switch|p1a: Barraskewda|Barraskewda, M|84/100
|turn|21
|inactive|MooFarmer has 90 seconds left.
|
|t:|1760388867
|move|p1a: Barraskewda|Close Combat|p2a: Ting-Lu
|-damage|p2a: Ting-Lu|53/100
|-unboost|p1a: Barraskewda|def|1
|-unboost|p1a: Barraskewda|spd|1
|move|p2a: Ting-Lu|Payback|p1a: Barraskewda
|-damage|p1a: Barraskewda|0 fnt
|faint|p1a: Barraskewda
|
|-weather|RainDance|[upkeep]
|-heal|p2a: Ting-Lu|59/100|[from] item: Leftovers
|upkeep
|inactive|DontMissMantine has 120 seconds left.
|
|t:|1760388878
|switch|p1a: Beartic|Beartic, M, tera:Electric|57/100
|turn|22
|j| GavilarKholin
|
|t:|1760388887
|move|p1a: Beartic|Tera Blast|p2a: Ting-Lu|[anim] Tera Blast Electric
|-supereffective|p2a: Ting-Lu
|-damage|p2a: Ting-Lu|6/100
|move|p2a: Ting-Lu|Earthquake|p1a: Beartic
|-supereffective|p1a: Beartic
|-damage|p1a: Beartic|0 fnt
|faint|p1a: Beartic
|
|-weather|RainDance|[upkeep]
|-heal|p2a: Ting-Lu|12/100|[from] item: Leftovers
|upkeep
|-message|DontMissMantine forfeited.
|
|win|MooFarmer
|raw|DontMissMantine's rating: 1800 &rarr; <strong>1783</strong><br />(-17 for losing)
|raw|MooFarmer's rating: 1847 &rarr; <strong>1864</strong><br />(+17 for winning)
|l|☆MooFarmer
|player|p2|
|l|☆DontMissMantine
|player|p1|
|l| GavilarKholin
