|j|☆Abracadaver
|j|☆ArionSerwind
|t:|1760443413
|gametype|singles
|player|p1|Abracadaver|169|1321
|player|p2|ArionSerwind|silver|1317
|gen|9
|tier|[Gen 9] OU
|rated|
|rule|HP Percentage Mod: HP is shown in percentages
|rule|Endless Battle Clause: Forcing endless battles is banned
|rule|Species Clause: Limit one of each Pokémon
|rule|OHKO Clause: OHKO moves are banned
|rule|Evasion Items Clause: Evasion items are banned
|rule|Evasion Moves Clause: Evasion moves are banned
|rule|Evasion Abilities Clause: Evasion abilities are banned
|rule|Sleep Moves Clause: Sleep-inducing moves are banned
|clearpoke
|poke|p1|Mimikyu, F|
|poke|p1|Umbreon, F|
|poke|p1|Gastrodon-East, M|
|poke|p1|Zapdos|
|poke|p1|Meowscarada, F|
|poke|p1|Gholdengo|
|poke|p2|Goodra, M|
|poke|p2|Bisharp, M|
|poke|p2|Dragonite, F|
|poke|p2|Heatran, F|
|poke|p2|Rotom-Wash|
|poke|p2|Iron Valiant|
|teampreview
|
|t:|1760443425
|teamsize|p1|6
|teamsize|p2|6
|start
|switch|p1a: Meowscarada|Meowscarada, F|100/100
|switch|p2a: Heatran|Heatran, F|100/100
|-item|p2a: Heatran|Air Balloon
|turn|1
|
|t:|1760443431
|switch|p1a: Gastrodon|Gastrodon-East, M, shiny|100/100
|move|p2a: Heatran|Will-O-Wisp|p1a: Gastrodon
|-status|p1a: Gastrodon|brn
|
|-damage|p1a: Gastrodon|94/100 brn|[from] brn
|upkeep
|turn|2
|
|t:|1760443440
|move|p2a: Heatran|Stealth Rock|p1a: Gastrodon
|-sidestart|p1: Abracadaver|move: Stealth Rock
|move|p1a: Gastrodon|Hydro Pump|p2a: Heatran
|-supereffective|p2a: Heatran
|-damage|p2a: Heatran|43/100
|-enditem|p2a: Heatran|Air Balloon
|
|-heal|p1a: Gastrodon|100/100 brn|[from] item: Leftovers
|-damage|p1a: Gastrodon|94/100 brn|[from] brn
|upkeep
|turn|3
|
|t:|1760443450
|switch|p1a: Mimikyu|Mimikyu, F|100/100
|-damage|p1a: Mimikyu|88/100|[from] Stealth Rock
|move|p2a: Heatran|Earth Power|p1a: Mimikyu
|-activate|p1a: Mimikyu|ability: Disguise
|-damage|p1a: Mimikyu|88/100
|detailschange|p1a: Mimikyu|Mimikyu-Busted, F
|-damage|p1a: Mimikyu|76/100|[from] pokemon: Mimikyu-Busted
|
|upkeep
|turn|4
|
|t:|1760443460
|switch|p1a: Gastrodon|Gastrodon-East, M, shiny|94/100 brn
|-damage|p1a: Gastrodon|88/100 brn|[from] Stealth Rock
|move|p2a: Heatran|Will-O-Wisp|p1a: Gastrodon|[miss]
|-miss|p2a: Heatran|p1a: Gastrodon
|
|-heal|p1a: Gastrodon|94/100 brn|[from] item: Leftovers
|-damage|p1a: Gastrodon|88/100 brn|[from] brn
|upkeep
|turn|5
|
|t:|1760443469
|move|p2a: Heatran|Flash Cannon|p1a: Gastrodon
|-resisted|p1a: Gastrodon
|-damage|p1a: Gastrodon|73/100 brn
|move|p1a: Gastrodon|Earth Power|p2a: Heatran
|-supereffective|p2a: Heatran
|-damage|p2a: Heatran|0 fnt
|faint|p2a: Heatran
|
|-heal|p1a: Gastrodon|79/100 brn|[from] item: Leftovers
|-damage|p1a: Gastrodon|73/100 brn|[from] brn
|upkeep
|
|t:|1760443483
|switch|p2a: Dragonite|Dragonite, F|100/100
|turn|6
|
|t:|1760443486
|move|p2a: Dragonite|Dragon Dance|p2a: Dragonite
|-boost|p2a: Dragonite|atk|1
|-boost|p2a: Dragonite|spe|1
|move|p1a: Gastrodon|Ice Beam|p2a: Dragonite
|-supereffective|p2a: Dragonite
|-damage|p2a: Dragonite|51/100
|-status|p2a: Dragonite|frz
|
|-heal|p2a: Dragonite|57/100 frz|[from] item: Leftovers
|-heal|p1a: Gastrodon|79/100 brn|[from] item: Leftovers
|-damage|p1a: Gastrodon|73/100 brn|[from] brn
|upkeep
|turn|7
|
|t:|1760443496
|cant|p2a: Dragonite|frz
|move|p1a: Gastrodon|Ice Beam|p2a: Dragonite
|-supereffective|p2a: Dragonite
|-damage|p2a: Dragonite|0 fnt
|faint|p2a: Dragonite
|
|-heal|p1a: Gastrodon|79/100 brn|[from] item: Leftovers
|-damage|p1a: Gastrodon|73/100 brn|[from] brn
|upkeep
|
|t:|1760443498
|switch|p2a: Bisharp|Bisharp, M, shiny|100/100
|turn|8
|
|t:|1760443505
|move|p2a: Bisharp|Swords Dance|p2a: Bisharp
|-boost|p2a: Bisharp|atk|2
|move|p1a: Gastrodon|Earth Power|p2a: Bisharp
|-supereffective|p2a: Bisharp
|-damage|p2a: Bisharp|28/100
|
|-heal|p1a: Gastrodon|79/100 brn|[from] item: Leftovers
|-damage|p1a: Gastrodon|73/100 brn|[from] brn
|upkeep
|turn|9
|
|t:|1760443514
|switch|p1a: Zapdos|Zapdos|100/100
|move|p2a: Bisharp|Sucker Punch||[still]
|-fail|p2a: Bisharp
|
|upkeep
|turn|10
|
|t:|1760443520
|move|p1a: Zapdos|Thunderbolt|p2a: Bisharp
|-damage|p2a: Bisharp|0 fnt
|faint|p2a: Bisharp
|
|upkeep
|
|t:|1760443525
|switch|p2a: Rotom|Rotom-Wash|100/100
|turn|11
|
|t:|1760443529
|move|p2a: Rotom|Trick|p1a: Zapdos
|-activate|p2a: Rotom|move: Trick|[of] p1a: Zapdos
|-item|p1a: Zapdos|Choice Specs|[from] move: Trick
|-item|p2a: Rotom|Heavy-Duty Boots|[from] move: Trick
|move|p1a: Zapdos|Thunderbolt|p2a: Rotom
|-damage|p2a: Rotom|0 fnt
|faint|p2a: Rotom
|
|upkeep
|
|t:|1760443534
|switch|p2a: Goodra|Goodra, M, shiny|100/100
|turn|12
|
|t:|1760443548
|switch|p1a: Umbreon|Umbreon, F, shiny|100/100
|-damage|p1a: Umbreon|88/100|[from] Stealth Rock
|move|p2a: Goodra|Toxic|p1a: Umbreon
|-status|p1a: Umbreon|tox
|-activate|p1a: Umbreon|ability: Synchronize
|-status|p2a: Goodra|tox
|
|-heal|p1a: Umbreon|94/100 tox|[from] item: Leftovers
|-damage|p2a: Goodra|94/100 tox|[from] psn
|-damage|p1a: Umbreon|88/100 tox|[from] psn
|upkeep
|turn|13
|-message|ArionSerwind forfeited.
|
|win|Abracadaver
|raw|Abracadaver's rating: 1321 &rarr; <strong>1341</strong><br />(+20 for winning)
|raw|ArionSerwind's rating: 1317 &rarr; <strong>1297</strong><br />(-20 for losing)
|l|☆ArionSerwind
|player|p2|
|l|☆Abracadaver
|player|p1|
