|j|☆QingKe
|j|☆spoons_R_bent
|t:|1760434173
|gametype|singles
|player|p1|QingKe|265|1168
|player|p2|spoons_R_bent|clerkf|1160
|gen|9
|tier|[Gen 9] OU
|rated|
|rule|HP Percentage Mod: HP is shown in percentages
|rule|Endless Battle Clause: Forcing endless battles is banned
|rule|Species Clause: Limit one of each Pokémon
|rule|OHKO Clause: OHKO moves are banned
|rule|Evasion Items Clause: Evasion items are banned
|rule|Evasion Moves Clause: Evasion moves are banned
|rule|Evasion Abilities Clause: Evasion abilities are banned
|rule|Sleep Moves Clause: Sleep-inducing moves are banned
|clearpoke
|poke|p1|Charizard, F|
|poke|p1|Torkoal, M|
|poke|p1|Lilligant-Hisui, F|
|poke|p1|Hatterene, F|
|poke|p1|Moltres|
|poke|p1|Heatran, M|
|poke|p2|Ninetales, F|
|poke|p2|Rillaboom, F|
|poke|p2|Leavanny, F|
|poke|p2|Lilligant-Hisui, F|
|poke|p2|Cinderace, F|
|poke|p2|Skeledirge, M|
|teampreview
|inactive|Battle timer is ON: inactive players will automatically lose when time's up. (requested by QingKe)
|inactive|spoons_R_bent has 120 seconds left.
|
|t:|1760434233
|teamsize|p1|6
|teamsize|p2|6
|start
|switch|p1a: Moltres|Moltres|100/100
|switch|p2a: She's Footloose|Lilligant-Hisui, F|100/100
|turn|1
|
|t:|1760434247
|switch|p2a: Frustrating doggy|Ninetales, F|100/100
|-weather|SunnyDay|[from] ability: Drought|[of] p2a: Frustrating doggy
|move|p1a: Moltres|Tailwind|p1a: Moltres
|-sidestart|p1: QingKe|move: Tailwind
|
|-weather|SunnyDay|[upkeep]
|upkeep
|turn|2
|
|t:|1760434259
|switch|p2a: Old Greg|Rillaboom, F|100/100
|-fieldstart|move: Grassy Terrain|[from] ability: Grassy Surge|[of] p2a: Old Greg
|move|p1a: Moltres|U-turn|p2a: Old Greg
|-supereffective|p2a: Old Greg
|-damage|p2a: Old Greg|77/100
|
|t:|1760434273
|switch|p1a: Charizard|Charizard, F|100/100|[from] U-turn
|
|-weather|SunnyDay|[upkeep]
|-damage|p1a: Charizard|88/100|[from] ability: Solar Power|[of] p1a: Charizard
|-heal|p2a: Old Greg|83/100|[from] Grassy Terrain
|upkeep
|turn|3
|
|t:|1760434286
|switch|p2a: The DIRGE|Skeledirge, M|100/100
|move|p1a: Charizard|Weather Ball|p2a: The DIRGE
|-resisted|p2a: The DIRGE
|-damage|p2a: The DIRGE|31/100
|-enditem|p2a: The DIRGE|Sitrus Berry|[eat]
|-heal|p2a: The DIRGE|56/100|[from] item: Sitrus Berry
|
|-weather|SunnyDay|[upkeep]
|-damage|p1a: Charizard|76/100|[from] ability: Solar Power|[of] p1a: Charizard
|-heal|p2a: The DIRGE|62/100|[from] Grassy Terrain
|upkeep
|turn|4
|
|t:|1760434302
|move|p1a: Charizard|Weather Ball|p2a: The DIRGE
|-resisted|p2a: The DIRGE
|-damage|p2a: The DIRGE|0 fnt
|faint|p2a: The DIRGE
|
|-weather|SunnyDay|[upkeep]
|-damage|p1a: Charizard|63/100|[from] ability: Solar Power|[of] p1a: Charizard
|-sideend|p1: QingKe|move: Tailwind
|upkeep
|
|t:|1760434310
|switch|p2a: Football Bruv|Cinderace, F|100/100
|turn|5
|inactive|QingKe has 120 seconds left.
|inactive|QingKe has 90 seconds left.
|
|t:|1760434372
|-terastallize|p2a: Football Bruv|Fire
|move|p2a: Football Bruv|Pyro Ball|p1a: Charizard|[miss]
|-miss|p2a: Football Bruv|p1a: Charizard
|move|p1a: Charizard|Weather Ball|p2a: Football Bruv
|-resisted|p2a: Football Bruv
|-damage|p2a: Football Bruv|0 fnt
|faint|p2a: Football Bruv
|
|-weather|SunnyDay|[upkeep]
|-damage|p1a: Charizard|51/100|[from] ability: Solar Power|[of] p1a: Charizard
|upkeep
|-message|spoons_R_bent forfeited.
|
|win|QingKe
|raw|QingKe's rating: 1168 &rarr; <strong>1192</strong><br />(+24 for winning)
|raw|spoons_R_bent's rating: 1160 &rarr; <strong>1136</strong><br />(-24 for losing)
|l|☆spoons_R_bent
|player|p2|
|l|☆QingKe
|player|p1|
