|j|☆TrueAnon
|j|☆fwgysxwsads
|t:|1760408125
|gametype|singles
|player|p1|TrueAnon|1|1101
|player|p2|fwgysxwsads|101|1083
|gen|9
|tier|[Gen 9] OU
|rated|
|rule|HP Percentage Mod: HP is shown in percentages
|rule|Endless Battle Clause: Forcing endless battles is banned
|rule|Species Clause: Limit one of each Pokémon
|rule|OHKO Clause: OHKO moves are banned
|rule|Evasion Items Clause: Evasion items are banned
|rule|Evasion Moves Clause: Evasion moves are banned
|rule|Evasion Abilities Clause: Evasion abilities are banned
|rule|Sleep Moves Clause: Sleep-inducing moves are banned
|clearpoke
|poke|p1|Garganacl, M|
|poke|p1|Corviknight, M|
|poke|p1|Gliscor, F|
|poke|p1|Slowking-Galar, M|
|poke|p1|Clodsire, M|
|poke|p1|Clefable, F|
|poke|p2|Scizor, M|
|poke|p2|Iron Moth|
|poke|p2|Great Tusk|
|poke|p2|Hoopa-Unbound|
|poke|p2|Alomomola, F|
|poke|p2|Slowking-Galar, F|
|teampreview
|c|☆fwgysxwsads|yay stall
|inactive|Battle timer is ON: inactive players will automatically lose when time's up. (requested by TrueAnon)
|inactiveoff|Battle timer is now OFF.
|
|t:|1760408137
|teamsize|p1|6
|teamsize|p2|6
|start
|switch|p1a: Garganacl|Garganacl, M|100/100
|switch|p2a: Great Tusk|Great Tusk|100/100
|-enditem|p2a: Great Tusk|Booster Energy
|-activate|p2a: Great Tusk|ability: Protosynthesis|[fromitem]
|-start|p2a: Great Tusk|protosynthesisspe
|turn|1
|
|t:|1760408144
|-terastallize|p1a: Garganacl|Water
|move|p2a: Great Tusk|Headlong Rush|p1a: Garganacl
|-damage|p1a: Garganacl|65/100
|-unboost|p2a: Great Tusk|def|1
|-unboost|p2a: Great Tusk|spd|1
|move|p1a: Garganacl|Salt Cure|p2a: Great Tusk
|-resisted|p2a: Great Tusk
|-damage|p2a: Great Tusk|97/100
|-start|p2a: Great Tusk|Salt Cure
|
|-heal|p1a: Garganacl|71/100|[from] item: Leftovers
|-damage|p2a: Great Tusk|85/100|[from] Salt Cure
|upkeep
|turn|2
|
|t:|1760408152
|switch|p1a: Gliscor|Gliscor, F|100/100
|move|p2a: Great Tusk|Stealth Rock|p1a: Gliscor
|-sidestart|p1: TrueAnon|move: Stealth Rock
|
|-damage|p2a: Great Tusk|72/100|[from] Salt Cure
|-status|p1a: Gliscor|tox|[from] item: Toxic Orb
|upkeep
|turn|3
|c|☆fwgysxwsads|I total love stall
|
|t:|1760408165
|-end|p2a: Great Tusk|Protosynthesis|[silent]
|switch|p2a: Slowking|Slowking-Galar, F|100/100
|move|p1a: Gliscor|Toxic|p2a: Slowking|[miss]
|-miss|p1a: Gliscor|p2a: Slowking
|
|upkeep
|turn|4
|
|t:|1760408170
|move|p1a: Gliscor|Knock Off|p2a: Slowking
|-supereffective|p2a: Slowking
|-damage|p2a: Slowking|54/100
|-enditem|p2a: Slowking|Heavy-Duty Boots|[from] move: Knock Off|[of] p1a: Gliscor
|-prepare|p2a: Slowking|Chilly Reception|[premajor]
|move|p2a: Slowking|Chilly Reception|p2a: Slowking
|-weather|Snowscape
|
|t:|1760408177
|switch|p2a: Alomomola|Alomomola, F|100/100|[from] Chilly Reception
|
|-weather|Snowscape|[upkeep]
|upkeep
|turn|5
|
|t:|1760408183
|move|p1a: Gliscor|Toxic|p2a: Alomomola
|-status|p2a: Alomomola|tox
|move|p2a: Alomomola|Ice Beam|p1a: Gliscor
|-supereffective|p1a: Gliscor
|-damage|p1a: Gliscor|24/100 tox
|
|-weather|Snowscape|[upkeep]
|-heal|p1a: Gliscor|36/100 tox|[from] ability: Poison Heal
|-damage|p2a: Alomomola|94/100 tox|[from] psn
|upkeep
|turn|6
|
|t:|1760408188
|move|p1a: Gliscor|Protect|p1a: Gliscor
|-singleturn|p1a: Gliscor|Protect
|move|p2a: Alomomola|Ice Beam|p1a: Gliscor
|-activate|p1a: Gliscor|move: Protect
|
|-weather|Snowscape|[upkeep]
|-heal|p1a: Gliscor|49/100 tox|[from] ability: Poison Heal
|-damage|p2a: Alomomola|82/100 tox|[from] psn
|upkeep
|turn|7
|
|t:|1760408196
|switch|p1a: Corviknight|Corviknight, M|100/100
|-damage|p1a: Corviknight|88/100|[from] Stealth Rock
|-ability|p1a: Corviknight|Pressure
|move|p2a: Alomomola|Ice Beam|p1a: Corviknight
|-damage|p1a: Corviknight|73/100
|
|-weather|Snowscape|[upkeep]
|-damage|p2a: Alomomola|64/100 tox|[from] psn
|upkeep
|turn|8
|inactive|Battle timer is ON: inactive players will automatically lose when time's up. (requested by TrueAnon)
|
|t:|1760408209
|move|p1a: Corviknight|Defog|p2a: Alomomola
|-unboost|p2a: Alomomola|evasion|1
|-sideend|p1: TrueAnon|Stealth Rock|[from] move: Defog|[of] p1a: Corviknight
|move|p2a: Alomomola|Wish|p2a: Alomomola
|
|-weather|none
|-damage|p2a: Alomomola|39/100 tox|[from] psn
|upkeep
|turn|9
|
|t:|1760408237
|switch|p1a: Garganacl|Garganacl, M, tera:Water|71/100
|switch|p2a: Hoopa|Hoopa-Unbound|100/100
|
|-heal|p1a: Garganacl|77/100|[from] item: Leftovers
|upkeep
|turn|10
|
|t:|1760408248
|move|p2a: Hoopa|Hyperspace Fury|p1a: Garganacl
|-damage|p1a: Garganacl|21/100
|-unboost|p2a: Hoopa|def|1
|move|p1a: Garganacl|Salt Cure|p2a: Hoopa
|-damage|p2a: Hoopa|68/100
|-start|p2a: Hoopa|Salt Cure
|
|-heal|p1a: Garganacl|27/100|[from] item: Leftovers
|-damage|p2a: Hoopa|55/100|[from] Salt Cure
|upkeep
|turn|11
|
|t:|1760408257
|move|p1a: Garganacl|Protect|p1a: Garganacl
|-singleturn|p1a: Garganacl|Protect
|move|p2a: Hoopa|Hyperspace Fury|p1a: Garganacl
|-activate|p1a: Garganacl|move: Hyperspace Fury|[broken]
|-damage|p1a: Garganacl|0 fnt
|-unboost|p2a: Hoopa|def|1
|faint|p1a: Garganacl
|
|-damage|p2a: Hoopa|43/100|[from] Salt Cure
|upkeep
|
|t:|1760408269
|switch|p1a: Clodsire|Clodsire, M|100/100
|turn|12
|
|t:|1760408280
|switch|p2a: Alomomola|Alomomola, F|72/100 tox
|move|p1a: Clodsire|Spikes|p2a: Alomomola
|-sidestart|p2: fwgysxwsads|Spikes
|
|-damage|p2a: Alomomola|66/100 tox|[from] psn
|upkeep
|turn|13
|
|t:|1760408285
|move|p2a: Alomomola|Wish|p2a: Alomomola
|move|p1a: Clodsire|Spikes|p2a: Alomomola
|-sidestart|p2: fwgysxwsads|Spikes
|
|-damage|p2a: Alomomola|54/100 tox|[from] psn
|upkeep
|turn|14
|
|t:|1760408293
|switch|p2a: Hoopa|Hoopa-Unbound|43/100
|-damage|p2a: Hoopa|27/100|[from] Spikes
|move|p1a: Clodsire|Spikes|p2a: Hoopa
|-sidestart|p2: fwgysxwsads|Spikes
|
|-heal|p2a: Hoopa|100/100|[from] move: Wish|[wisher] Alomomola
|upkeep
|turn|15
|
|t:|1760408302
|move|p2a: Hoopa|Zen Headbutt|p1a: Clodsire
|-supereffective|p1a: Clodsire
|-damage|p1a: Clodsire|0 fnt
|faint|p1a: Clodsire
|
|upkeep
|-message|TrueAnon forfeited.
|
|win|fwgysxwsads
|raw|TrueAnon's rating: 1101 &rarr; <strong>1075</strong><br />(-26 for losing)
|raw|fwgysxwsads's rating: 1083 &rarr; <strong>1112</strong><br />(+29 for winning)
|l|☆TrueAnon
|player|p1|
