|badge|p2|silver|gen9doublesou|30-7
|uhtml|medal-msg|<div class="broadcast-blue">Curious what those medals under the avatar are? PS now has Ladder Seasons! For more information, check out the <a href="https://www.smogon.com/forums/threads/3740067/">thread on Smogon.</a></div>
|j|☆big lou 123
|j|☆mirzza
|t:|1760351246
|gametype|singles
|player|p1|big lou 123|102|1390
|player|p2|mirzza|saturn|1446
|gen|9
|tier|[Gen 9] OU
|rated|
|rule|HP Percentage Mod: HP is shown in percentages
|rule|Endless Battle Clause: Forcing endless battles is banned
|rule|Species Clause: Limit one of each Pokémon
|rule|OHKO Clause: OHKO moves are banned
|rule|Evasion Items Clause: Evasion items are banned
|rule|Evasion Moves Clause: Evasion moves are banned
|rule|Evasion Abilities Clause: Evasion abilities are banned
|rule|Sleep Moves Clause: Sleep-inducing moves are banned
|clearpoke
|poke|p1|Haxorus, F|
|poke|p1|Galvantula, M|
|poke|p1|Alomomola, M|
|poke|p1|Hoopa-Unbound|
|poke|p1|Rotom-Wash|
|poke|p1|Iron Treads|
|poke|p2|Alomomola, M|
|poke|p2|Blissey, F|
|poke|p2|Dragapult, F|
|poke|p2|Glimmora, M|
|poke|p2|Great Tusk|
|poke|p2|Meowscarada, F|
|teampreview
|inactive|Battle timer is ON: inactive players will automatically lose when time's up. (requested by mirzza)
|inactive|big lou 123 has 120 seconds left.
|inactive|mirzza has 120 seconds left.
|
|t:|1760351291
|teamsize|p1|6
|teamsize|p2|6
|start
|switch|p1a: Galvantula|Galvantula, M|100/100
|switch|p2a: Dragapult|Dragapult, F|100/100
|turn|1
|
|t:|1760351297
|move|p2a: Dragapult|Dragon Darts|p1a: Galvantula
|-damage|p1a: Galvantula|35/100
|-anim|p2a: Dragapult|Dragon Darts|p1a: Galvantula
|-damage|p1a: Galvantula|0 fnt
|faint|p1a: Galvantula
|
|upkeep
|
|t:|1760351303
|switch|p1a: Iron Treads|Iron Treads|100/100
|turn|2
|
|t:|1760351306
|switch|p2a: Alomomola|Alomomola, M|100/100
|-end|p1a: Iron Treads|Quark Drive|[silent]
|switch|p1a: Rotom|Rotom-Wash|100/100
|
|upkeep
|turn|3
|
|t:|1760351313
|move|p1a: Rotom|Will-O-Wisp|p2a: Alomomola
|-status|p2a: Alomomola|brn
|move|p2a: Alomomola|Mirror Coat||[still]
|-fail|p2a: Alomomola
|
|-damage|p2a: Alomomola|94/100 brn|[from] brn
|upkeep
|turn|4
|
|t:|1760351324
|switch|p1a: Alomomola|Alomomola, M|100/100
|switch|p2a: Blissey|Blissey, F|100/100
|
|upkeep
|turn|5
|
|t:|1760351330
|move|p2a: Blissey|Heal Bell|p2a: Blissey
|-activate|p2a: Blissey|move: Heal Bell
|-curestatus|p2: Alomomola|brn|[msg]
|move|p1a: Alomomola|Flip Turn|p2a: Blissey
|-damage|p2a: Blissey|87/100
|
|t:|1760351340
|switch|p1a: Haxorus|Haxorus, F|100/100|[from] Flip Turn
|-ability|p1a: Haxorus|Mold Breaker
|
|-heal|p2a: Blissey|94/100|[from] item: Leftovers
|upkeep
|turn|6
|
|t:|1760351357
|switch|p2a: Alomomola|Alomomola, M|100/100
|move|p1a: Haxorus|Scale Shot|p2a: Alomomola
|-damage|p2a: Alomomola|92/100
|-damage|p2a: Alomomola|84/100
|-damage|p2a: Alomomola|76/100
|-damage|p2a: Alomomola|68/100
|-damage|p2a: Alomomola|61/100
|-hitcount|p2a: Alomomola|5
|-unboost|p1a: Haxorus|def|1
|-boost|p1a: Haxorus|spe|1
|
|upkeep
|turn|7
|
|t:|1760351370
|move|p1a: Haxorus|Scale Shot|p2a: Alomomola
|-damage|p2a: Alomomola|53/100
|-damage|p2a: Alomomola|44/100
|-damage|p2a: Alomomola|37/100
|-damage|p2a: Alomomola|29/100
|-damage|p2a: Alomomola|21/100
|-hitcount|p2a: Alomomola|5
|-unboost|p1a: Haxorus|def|1
|-boost|p1a: Haxorus|spe|1
|move|p2a: Alomomola|Flip Turn|p1a: Haxorus
|-resisted|p1a: Haxorus
|-damage|p1a: Haxorus|81/100
|inactive|mirzza has 120 seconds left.
|
|t:|1760351391
|switch|p2a: Glimmora|Glimmora, M|100/100|[from] Flip Turn
|
|upkeep
|turn|8
|
|t:|1760351411
|switch|p1a: Iron Treads|Iron Treads|100/100
|move|p2a: Glimmora|Mortal Spin|p1a: Iron Treads
|-immune|p1a: Iron Treads
|
|upkeep
|turn|9
|
|t:|1760351417
|switch|p2a: Alomomola|Alomomola, M|54/100
|move|p1a: Iron Treads|Earthquake|p2a: Alomomola
|-damage|p2a: Alomomola|29/100
|
|upkeep
|turn|10
|
|t:|1760351424
|move|p1a: Iron Treads|Stealth Rock|p2a: Alomomola
|-sidestart|p2: mirzza|move: Stealth Rock
|move|p2a: Alomomola|Wish|p2a: Alomomola
|
|upkeep
|turn|11
|
|t:|1760351430
|move|p2a: Alomomola|Protect|p2a: Alomomola
|-singleturn|p2a: Alomomola|Protect
|move|p1a: Iron Treads|Knock Off|p2a: Alomomola
|-activate|p2a: Alomomola|move: Protect
|
|-heal|p2a: Alomomola|79/100|[from] move: Wish|[wisher] Alomomola
|upkeep
|turn|12
|
|t:|1760351438
|move|p1a: Iron Treads|Knock Off|p2a: Alomomola
|-damage|p2a: Alomomola|62/100
|-damage|p1a: Iron Treads|84/100|[from] item: Rocky Helmet|[of] p2a: Alomomola
|-enditem|p2a: Alomomola|Rocky Helmet|[from] move: Knock Off|[of] p1a: Iron Treads
|move|p2a: Alomomola|Flip Turn|p1a: Iron Treads
|-supereffective|p1a: Iron Treads
|-damage|p1a: Iron Treads|55/100
|
|t:|1760351445
|switch|p2a: Great Tusk|Great Tusk|100/100|[from] Flip Turn
|-damage|p2a: Great Tusk|98/100|[from] Stealth Rock
|
|-heal|p1a: Iron Treads|62/100|[from] item: Leftovers
|-heal|p2a: Great Tusk|100/100|[from] item: Leftovers
|upkeep
|turn|13
|
|t:|1760351464
|-end|p1a: Iron Treads|Quark Drive|[silent]
|switch|p1a: Rotom|Rotom-Wash|100/100
|move|p2a: Great Tusk|Rapid Spin|p1a: Rotom
|-damage|p1a: Rotom|87/100
|-boost|p2a: Great Tusk|spe|1
|-sideend|p2: mirzza|Stealth Rock|[from] move: Rapid Spin|[of] p2a: Great Tusk
|
|-heal|p1a: Rotom|93/100|[from] item: Leftovers
|upkeep
|turn|14
|
|t:|1760351474
|-end|p2a: Great Tusk|Protosynthesis|[silent]
|switch|p2a: Blissey|Blissey, F|94/100
|move|p1a: Rotom|Volt Switch|p2a: Blissey
|-damage|p2a: Blissey|84/100
|
|t:|1760351487
|switch|p1a: Hoopa|Hoopa-Unbound|100/100|[from] Volt Switch
|
|-heal|p2a: Blissey|90/100|[from] item: Leftovers
|upkeep
|turn|15
|
|t:|1760351494
|move|p1a: Hoopa|Psychic|p2a: Blissey
|-damage|p2a: Blissey|57/100
|move|p2a: Blissey|Stealth Rock|p1a: Hoopa
|-sidestart|p1: big lou 123|move: Stealth Rock
|
|-heal|p2a: Blissey|63/100|[from] item: Leftovers
|upkeep
|turn|16
|
|t:|1760351502
|switch|p1a: Iron Treads|Iron Treads|62/100
|-damage|p1a: Iron Treads|58/100|[from] Stealth Rock
|move|p2a: Blissey|Seismic Toss|p1a: Iron Treads
|-damage|p1a: Iron Treads|27/100
|
|-heal|p1a: Iron Treads|34/100|[from] item: Leftovers
|-heal|p2a: Blissey|69/100|[from] item: Leftovers
|upkeep
|turn|17
|
|t:|1760351511
|switch|p2a: Alomomola|Alomomola, M|95/100
|move|p1a: Iron Treads|Knock Off|p2a: Alomomola
|-damage|p2a: Alomomola|84/100
|
|-heal|p1a: Iron Treads|40/100|[from] item: Leftovers
|upkeep
|turn|18
|
|t:|1760351520
|move|p1a: Iron Treads|Rapid Spin|p2a: Alomomola
|-damage|p2a: Alomomola|75/100
|-boost|p1a: Iron Treads|spe|1
|-sideend|p1: big lou 123|Stealth Rock|[from] move: Rapid Spin|[of] p1a: Iron Treads
|move|p2a: Alomomola|Flip Turn|p1a: Iron Treads
|-supereffective|p1a: Iron Treads
|-damage|p1a: Iron Treads|9/100
|
|t:|1760351528
|switch|p2a: Dragapult|Dragapult, F|100/100|[from] Flip Turn
|
|-heal|p1a: Iron Treads|15/100|[from] item: Leftovers
|upkeep
|turn|19
|
|t:|1760351535
|switch|p2a: Alomomola|Alomomola, M|100/100
|move|p1a: Iron Treads|Knock Off|p2a: Alomomola
|-damage|p2a: Alomomola|90/100
|
|-heal|p1a: Iron Treads|22/100|[from] item: Leftovers
|upkeep
|turn|20
|
|t:|1760351542
|move|p1a: Iron Treads|Stealth Rock|p2a: Alomomola
|-sidestart|p2: mirzza|move: Stealth Rock
|move|p2a: Alomomola|Flip Turn|p1a: Iron Treads
|-supereffective|p1a: Iron Treads
|-damage|p1a: Iron Treads|0 fnt
|faint|p1a: Iron Treads
|-end|p1a: Iron Treads|Quark Drive|[silent]
|
|t:|1760351548
|switch|p2a: Dragapult|Dragapult, F|100/100|[from] Flip Turn
|-damage|p2a: Dragapult|88/100|[from] Stealth Rock
|
|upkeep
|
|t:|1760351555
|switch|p1a: Alomomola|Alomomola, M|100/100
|turn|21
|
|t:|1760351559
|move|p2a: Dragapult|U-turn|p1a: Alomomola
|-damage|p1a: Alomomola|75/100
|
|t:|1760351562
|switch|p2a: Glimmora|Glimmora, M|100/100|[from] U-turn
|-damage|p2a: Glimmora|88/100|[from] Stealth Rock
|move|p1a: Alomomola|Flip Turn|p2a: Glimmora
|-supereffective|p2a: Glimmora
|-damage|p2a: Glimmora|46/100
|-activate|p2a: Glimmora|ability: Toxic Debris
|-sidestart|p1: big lou 123|move: Toxic Spikes
|
|t:|1760351568
|switch|p1a: Rotom|Rotom-Wash|93/100|[from] Flip Turn
|
|-heal|p1a: Rotom|99/100|[from] item: Leftovers
|upkeep
|turn|22
|
|t:|1760351575
|switch|p2a: Blissey|Blissey, F|69/100
|-damage|p2a: Blissey|56/100|[from] Stealth Rock
|move|p1a: Rotom|Hydro Pump|p2a: Blissey
|-damage|p2a: Blissey|42/100
|
|-heal|p1a: Rotom|100/100|[from] item: Leftovers
|-heal|p2a: Blissey|48/100|[from] item: Leftovers
|upkeep
|turn|23
|
|t:|1760351583
|move|p1a: Rotom|Volt Switch|p2a: Blissey
|-damage|p2a: Blissey|38/100
|
|t:|1760351589
|switch|p1a: Haxorus|Haxorus, F|81/100|[from] Volt Switch
|-status|p1a: Haxorus|psn
|-ability|p1a: Haxorus|Mold Breaker
|move|p2a: Blissey|Stealth Rock|p1a: Haxorus
|-sidestart|p1: big lou 123|move: Stealth Rock
|
|-heal|p2a: Blissey|44/100|[from] item: Leftovers
|-damage|p1a: Haxorus|69/100 psn|[from] psn
|upkeep
|turn|24
|
|t:|1760351600
|switch|p2a: Alomomola|Alomomola, M|100/100
|-damage|p2a: Alomomola|88/100|[from] Stealth Rock
|move|p1a: Haxorus|Swords Dance|p1a: Haxorus
|-boost|p1a: Haxorus|atk|2
|
|-damage|p1a: Haxorus|56/100 psn|[from] psn
|upkeep
|turn|25
|
|t:|1760351617
|move|p1a: Haxorus|Scale Shot|p2a: Alomomola
|-damage|p2a: Alomomola|72/100
|-damage|p2a: Alomomola|56/100
|-damage|p2a: Alomomola|42/100
|-damage|p2a: Alomomola|26/100
|-damage|p2a: Alomomola|10/100
|-hitcount|p2a: Alomomola|5
|-unboost|p1a: Haxorus|def|1
|-boost|p1a: Haxorus|spe|1
|move|p2a: Alomomola|Wish|p2a: Alomomola
|
|-damage|p1a: Haxorus|44/100 psn|[from] psn
|upkeep
|turn|26
|
|t:|1760351630
|move|p2a: Alomomola|Protect|p2a: Alomomola
|-singleturn|p2a: Alomomola|Protect
|move|p1a: Haxorus|Scale Shot|p2a: Alomomola
|-activate|p2a: Alomomola|move: Protect
|
|-heal|p2a: Alomomola|60/100|[from] move: Wish|[wisher] Alomomola
|-damage|p1a: Haxorus|32/100 psn|[from] psn
|upkeep
|turn|27
|
|t:|1760351639
|switch|p2a: Glimmora|Glimmora, M|46/100
|-damage|p2a: Glimmora|34/100|[from] Stealth Rock
|move|p1a: Haxorus|Scale Shot|p2a: Glimmora
|-damage|p2a: Glimmora|1/100
|-activate|p2a: Glimmora|ability: Toxic Debris
|-sidestart|p1: big lou 123|move: Toxic Spikes
|-damage|p2a: Glimmora|0 fnt
|faint|p2a: Glimmora
|-hitcount|p2: Glimmora|2
|-unboost|p1a: Haxorus|def|1
|-boost|p1a: Haxorus|spe|1
|
|-damage|p1a: Haxorus|20/100 psn|[from] psn
|upkeep
|
|t:|1760351652
|switch|p2a: Dragapult|Dragapult, F|88/100
|-damage|p2a: Dragapult|76/100|[from] Stealth Rock
|turn|28
|
|t:|1760351657
|move|p2a: Dragapult|Sucker Punch|p1a: Haxorus
|-damage|p1a: Haxorus|0 fnt
|faint|p1a: Haxorus
|
|upkeep
|
|t:|1760351669
|switch|p1a: Hoopa|Hoopa-Unbound|100/100
|-status|p1a: Hoopa|tox
|-damage|p1a: Hoopa|88/100 tox|[from] Stealth Rock
|turn|29
|
|t:|1760351678
|switch|p2a: Blissey|Blissey, F|44/100
|-damage|p2a: Blissey|31/100|[from] Stealth Rock
|move|p1a: Hoopa|Dark Pulse|p2a: Blissey
|-damage|p2a: Blissey|2/100
|
|-heal|p2a: Blissey|8/100|[from] item: Leftovers
|-damage|p1a: Hoopa|82/100 tox|[from] psn
|upkeep
|turn|30
|
|t:|1760351689
|move|p1a: Hoopa|Dark Pulse|p2a: Blissey
|-damage|p2a: Blissey|0 fnt
|faint|p2a: Blissey
|
|-damage|p1a: Hoopa|70/100 tox|[from] psn
|upkeep
|
|t:|1760351695
|switch|p2a: Dragapult|Dragapult, F|76/100
|-damage|p2a: Dragapult|64/100|[from] Stealth Rock
|turn|31
|
|t:|1760351716
|switch|p1a: Alomomola|Alomomola, M|100/100
|-status|p1a: Alomomola|tox
|-damage|p1a: Alomomola|88/100 tox|[from] Stealth Rock
|move|p2a: Dragapult|U-turn|p1a: Alomomola
|-damage|p1a: Alomomola|67/100 tox
|
|t:|1760351723
|switch|p2a: Great Tusk|Great Tusk|100/100|[from] U-turn
|-damage|p2a: Great Tusk|98/100|[from] Stealth Rock
|
|-heal|p2a: Great Tusk|100/100|[from] item: Leftovers
|-damage|p1a: Alomomola|61/100 tox|[from] psn
|upkeep
|turn|32
|
|t:|1760351731
|move|p2a: Great Tusk|Rapid Spin|p1a: Alomomola
|-damage|p1a: Alomomola|49/100 tox
|-boost|p2a: Great Tusk|spe|1
|-sideend|p2: mirzza|Stealth Rock|[from] move: Rapid Spin|[of] p2a: Great Tusk
|move|p1a: Alomomola|Flip Turn|p2a: Great Tusk
|-supereffective|p2a: Great Tusk
|-damage|p2a: Great Tusk|76/100
|
|t:|1760351733
|switch|p1a: Rotom|Rotom-Wash|100/100|[from] Flip Turn
|-damage|p1a: Rotom|88/100|[from] Stealth Rock
|
|-heal|p2a: Great Tusk|82/100|[from] item: Leftovers
|-heal|p1a: Rotom|94/100|[from] item: Leftovers
|upkeep
|turn|33
|
|t:|1760351744
|move|p2a: Great Tusk|Close Combat|p1a: Rotom
|-damage|p1a: Rotom|48/100
|-unboost|p2a: Great Tusk|def|1
|-unboost|p2a: Great Tusk|spd|1
|move|p1a: Rotom|Will-O-Wisp|p2a: Great Tusk|[miss]
|-miss|p1a: Rotom|p2a: Great Tusk
|
|-heal|p2a: Great Tusk|88/100|[from] item: Leftovers
|-heal|p1a: Rotom|54/100|[from] item: Leftovers
|upkeep
|turn|34
|inactive|big lou 123 has 120 seconds left.
|
|t:|1760351781
|move|p2a: Great Tusk|Close Combat|p1a: Rotom
|-damage|p1a: Rotom|5/100
|-unboost|p2a: Great Tusk|def|1
|-unboost|p2a: Great Tusk|spd|1
|move|p1a: Rotom|Will-O-Wisp|p2a: Great Tusk|[miss]
|-miss|p1a: Rotom|p2a: Great Tusk
|
|-heal|p2a: Great Tusk|94/100|[from] item: Leftovers
|-heal|p1a: Rotom|12/100|[from] item: Leftovers
|upkeep
|turn|35
|inactive|big lou 123 has 120 seconds left.
|
|t:|1760351790
|move|p2a: Great Tusk|Close Combat|p1a: Rotom
|-damage|p1a: Rotom|0 fnt
|-unboost|p2a: Great Tusk|def|1
|-unboost|p2a: Great Tusk|spd|1
|faint|p1a: Rotom
|
|-heal|p2a: Great Tusk|100/100|[from] item: Leftovers
|upkeep
|
|t:|1760351794
|switch|p1a: Alomomola|Alomomola, M|82/100 tox
|-damage|p1a: Alomomola|70/100 tox|[from] Stealth Rock
|turn|36
|
|t:|1760351801
|-end|p2a: Great Tusk|Protosynthesis|[silent]
|switch|p2a: Alomomola|Alomomola, M|94/100
|move|p1a: Alomomola|Scald|p2a: Alomomola
|-resisted|p2a: Alomomola
|-damage|p2a: Alomomola|86/100
|
|-damage|p1a: Alomomola|64/100 tox|[from] psn
|upkeep
|turn|37
|
|t:|1760351809
|move|p1a: Alomomola|Flip Turn|p2a: Alomomola
|-resisted|p2a: Alomomola
|-damage|p2a: Alomomola|81/100
|
|t:|1760351811
|switch|p1a: Hoopa|Hoopa-Unbound|70/100 tox|[from] Flip Turn
|-damage|p1a: Hoopa|58/100 tox|[from] Stealth Rock
|move|p2a: Alomomola|Wish|p2a: Alomomola
|
|-damage|p1a: Hoopa|52/100 tox|[from] psn
|upkeep
|turn|38
|
|t:|1760351820
|move|p1a: Hoopa|Dark Pulse|p2a: Alomomola
|-damage|p2a: Alomomola|0 fnt
|faint|p2a: Alomomola
|
|-damage|p1a: Hoopa|40/100 tox|[from] psn
|upkeep
|
|t:|1760351827
|switch|p2a: Dragapult|Dragapult, F|64/100
|turn|39
|
|t:|1760351830
|move|p2a: Dragapult|U-turn|p1a: Hoopa
|-supereffective|p1a: Hoopa
|-damage|p1a: Hoopa|0 fnt
|faint|p1a: Hoopa
|
|t:|1760351834
|switch|p2a: Meowscarada|Meowscarada, F|100/100|[from] U-turn
|
|upkeep
|l|☆big lou 123
|inactive|big lou 123 disconnected and has a minute to reconnect!
|player|p1|
|inactive|big lou 123 has 30 seconds to reconnect!
|inactive|big lou 123 has 20 seconds to reconnect!
|inactive|big lou 123 has 15 seconds to reconnect!
|inactive|big lou 123 has 10 seconds to reconnect!
|inactive|big lou 123 has 5 seconds to reconnect!
|-message|big lou 123 lost due to inactivity.
|
|win|mirzza
|raw|big lou 123's rating: 1390 &rarr; <strong>1373</strong><br />(-17 for losing)
|raw|mirzza's rating: 1446 &rarr; <strong>1463</strong><br />(+17 for winning)
