|j|☆TUUURBOGRANNY
|j|☆Bleez145
|t:|1760305777
|gametype|singles
|player|p1|TUUURBOGRANNY|266|1201
|player|p2|Bleez145|2|1170
|gen|9
|tier|[Gen 9] OU
|rated|
|rule|HP Percentage Mod: HP is shown in percentages
|rule|Endless Battle Clause: Forcing endless battles is banned
|rule|Species Clause: Limit one of each Pokémon
|rule|OHKO Clause: OHKO moves are banned
|rule|Evasion Items Clause: Evasion items are banned
|rule|Evasion Moves Clause: Evasion moves are banned
|rule|Evasion Abilities Clause: Evasion abilities are banned
|rule|Sleep Moves Clause: Sleep-inducing moves are banned
|clearpoke
|poke|p1|Samurott-Hisui, M|
|poke|p1|Corviknight, F|
|poke|p1|Dragapult, F|
|poke|p1|Clefable, M|
|poke|p1|Zamazenta-*|
|poke|p1|Ogerpon-Wellspring, F|
|poke|p2|Hypno, M|
|poke|p2|Lycanroc-Midnight, F|
|poke|p2|Iron Valiant|
|poke|p2|Kingambit, F|
|poke|p2|Ariados, M|
|poke|p2|Swampert, M|
|teampreview
|inactive|Battle timer is ON: inactive players will automatically lose when time's up. (requested by Bleez145)
|
|t:|1760305836
|teamsize|p1|6
|teamsize|p2|6
|start
|switch|p1a: Samurott|Samurott-Hisui, M|100/100
|switch|p2a: Ariados|Ariados, M|100/100
|turn|1
|
|t:|1760305844
|move|p1a: Samurott|Ceaseless Edge|p2a: Ariados
|-damage|p2a: Ariados|39/100
|-sidestart|p2: Bleez145|Spikes
|move|p2a: Ariados|Megahorn|p1a: Samurott
|-supereffective|p1a: Samurott
|-enditem|p1a: Samurott|Focus Sash
|-damage|p1a: Samurott|1/100
|
|upkeep
|turn|2
|
|t:|1760305852
|move|p1a: Samurott|Sucker Punch|p2a: Ariados
|-damage|p2a: Ariados|0 fnt
|faint|p2a: Ariados
|
|upkeep
|
|t:|1760305857
|switch|p2a: Lycanroc|Lycanroc-Midnight, F|100/100
|-damage|p2a: Lycanroc|88/100|[from] Spikes
|turn|3
|
|t:|1760305864
|move|p1a: Samurott|Sucker Punch|p2a: Lycanroc
|-damage|p2a: Lycanroc|60/100
|move|p2a: Lycanroc|Sucker Punch||[still]
|-fail|p2a: Lycanroc
|
|upkeep
|turn|4
|
|t:|1760305870
|move|p1a: Samurott|Sucker Punch||[still]
|-fail|p1a: Samurott
|move|p2a: Lycanroc|Stealth Rock|p1a: Samurott
|-sidestart|p1: TUUURBOGRANNY|move: Stealth Rock
|
|upkeep
|turn|5
|c|☆TUUURBOGRANNY|wait why it fail
|c|☆TUUURBOGRANNY|for you
|
|t:|1760305893
|move|p1a: Samurott|Ceaseless Edge|p2a: Lycanroc
|-damage|p2a: Lycanroc|16/100
|-sidestart|p2: Bleez145|Spikes
|-enditem|p2a: Lycanroc|Liechi Berry|[eat]
|-boost|p2a: Lycanroc|atk|1|[from] item: Liechi Berry
|move|p2a: Lycanroc|Stone Edge|p1a: Samurott
|-damage|p1a: Samurott|0 fnt
|faint|p1a: Samurott
|
|upkeep
|inactive|TUUURBOGRANNY has 120 seconds left.
|
|t:|1760305909
|switch|p1a: Zamazenta|Zamazenta, shiny|100/100
|-damage|p1a: Zamazenta|94/100|[from] Stealth Rock
|-ability|p1a: Zamazenta|Dauntless Shield|boost
|-boost|p1a: Zamazenta|def|1
|turn|6
|inactive|Bleez145 has 120 seconds left.
|
|t:|1760305940
|move|p1a: Zamazenta|Substitute|p1a: Zamazenta
|-start|p1a: Zamazenta|Substitute
|-damage|p1a: Zamazenta|69/100
|move|p2a: Lycanroc|Psychic Fangs|p1a: Zamazenta
|-supereffective|p1a: Zamazenta
|-end|p1a: Zamazenta|Substitute
|
|-heal|p1a: Zamazenta|75/100|[from] item: Leftovers
|upkeep
|turn|7
|
|t:|1760305952
|move|p1a: Zamazenta|Iron Defense|p1a: Zamazenta
|-boost|p1a: Zamazenta|def|2
|move|p2a: Lycanroc|Psychic Fangs|p1a: Zamazenta
|-supereffective|p1a: Zamazenta
|-damage|p1a: Zamazenta|57/100
|
|-heal|p1a: Zamazenta|63/100|[from] item: Leftovers
|upkeep
|turn|8
|inactive|Bleez145 has 120 seconds left.
|
|t:|1760305972
|switch|p2a: Iron Valiant|Iron Valiant|100/100
|-damage|p2a: Iron Valiant|84/100|[from] Spikes
|move|p1a: Zamazenta|Substitute|p1a: Zamazenta
|-start|p1a: Zamazenta|Substitute
|-damage|p1a: Zamazenta|38/100
|
|-heal|p1a: Zamazenta|44/100|[from] item: Leftovers
|upkeep
|turn|9
|inactive|Bleez145 has 120 seconds left.
|
|t:|1760305984
|move|p2a: Iron Valiant|Moonblast|p1a: Zamazenta
|-supereffective|p1a: Zamazenta
|-end|p1a: Zamazenta|Substitute
|-damage|p2a: Iron Valiant|74/100|[from] item: Life Orb
|move|p1a: Zamazenta|Iron Defense|p1a: Zamazenta
|-boost|p1a: Zamazenta|def|2
|
|-heal|p1a: Zamazenta|50/100|[from] item: Leftovers
|upkeep
|turn|10
|
|t:|1760305993
|move|p2a: Iron Valiant|Moonblast|p1a: Zamazenta
|-supereffective|p1a: Zamazenta
|-damage|p1a: Zamazenta|0 fnt
|faint|p1a: Zamazenta
|-damage|p2a: Iron Valiant|64/100|[from] item: Life Orb
|
|upkeep
|
|t:|1760306005
|switch|p1a: Corviknight|Corviknight, F|100/100
|-damage|p1a: Corviknight|88/100|[from] Stealth Rock
|-ability|p1a: Corviknight|Pressure
|turn|11
|
|t:|1760306014
|-end|p2a: Iron Valiant|Quark Drive|[silent]
|switch|p2a: Lycanroc|Lycanroc-Midnight, F|16/100
|-damage|p2a: Lycanroc|0 fnt|[from] Spikes
|faint|p2a: Lycanroc
|move|p1a: Corviknight|Brave Bird|p2: Lycanroc|[notarget]
|-fail|p1a: Corviknight
|
|-heal|p1a: Corviknight|94/100|[from] item: Leftovers
|upkeep
|
|t:|1760306026
|switch|p2a: Kingambit|Kingambit, F|100/100
|-damage|p2a: Kingambit|84/100|[from] Spikes
|turn|12
|
|t:|1760306037
|move|p1a: Corviknight|U-turn|p2a: Kingambit
|-damage|p2a: Kingambit|75/100
|
|t:|1760306059
|switch|p1a: Ogerpon|Ogerpon-Wellspring, F|100/100|[from] U-turn
|-damage|p1a: Ogerpon|88/100|[from] Stealth Rock
|move|p2a: Kingambit|Thunder Wave|p1a: Ogerpon
|-status|p1a: Ogerpon|par
|
|upkeep
|turn|13
|
|t:|1760306076
|-terastallize|p1a: Ogerpon|Water
|detailschange|p1a: Ogerpon|Ogerpon-Wellspring-Tera, F, tera:Water
|-ability|p1a: Ogerpon|Embody Aspect (Wellspring)|boost
|-boost|p1a: Ogerpon|spd|1
|cant|p1a: Ogerpon|par
|move|p2a: Kingambit|Lash Out|p1a: Ogerpon
|-damage|p1a: Ogerpon|36/100 par
|
|upkeep
|turn|14
|
|t:|1760306090
|move|p1a: Ogerpon|Spiky Shield|p1a: Ogerpon
|-singleturn|p1a: Ogerpon|move: Protect
|move|p2a: Kingambit|Lash Out|p1a: Ogerpon
|-activate|p1a: Ogerpon|move: Protect
|-damage|p2a: Kingambit|62/100|[from] Spiky Shield|[of] p1a: Ogerpon
|
|upkeep
|turn|15
|
|t:|1760306096
|move|p1a: Ogerpon|Ivy Cudgel|p2a: Kingambit|[anim] Ivy Cudgel Water
|-crit|p2a: Kingambit
|-damage|p2a: Kingambit|0 fnt
|faint|p2a: Kingambit
|
|upkeep
|
|t:|1760306106
|switch|p2a: Hypno|Hypno, M|100/100
|-damage|p2a: Hypno|84/100|[from] Spikes
|turn|16
|
|t:|1760306110
|move|p2a: Hypno|Curse|p2a: Hypno
|-unboost|p2a: Hypno|spe|1
|-boost|p2a: Hypno|atk|1
|-boost|p2a: Hypno|def|1
|move|p1a: Ogerpon|Ivy Cudgel|p2a: Hypno|[anim] Ivy Cudgel Water
|-damage|p2a: Hypno|21/100
|-enditem|p2a: Hypno|Aguav Berry|[eat]
|-heal|p2a: Hypno|54/100|[from] item: Aguav Berry
|
|upkeep
|turn|17
|
|t:|1760306128
|move|p1a: Ogerpon|Ivy Cudgel|p2a: Hypno|[anim] Ivy Cudgel Water
|-damage|p2a: Hypno|0 fnt
|faint|p2a: Hypno
|
|upkeep
|inactive|Bleez145 has 120 seconds left.
|
|t:|1760306157
|switch|p2a: Iron Valiant|Iron Valiant|64/100
|-damage|p2a: Iron Valiant|47/100|[from] Spikes
|turn|18
|inactive|Bleez145 has 120 seconds left.
|
|t:|1760306182
|move|p2a: Iron Valiant|Moonblast|p1a: Ogerpon
|-crit|p1a: Ogerpon
|-damage|p1a: Ogerpon|0 fnt
|faint|p1a: Ogerpon
|detailschange|p1: Ogerpon|Ogerpon-Wellspring, F|[silent]
|-damage|p2a: Iron Valiant|37/100|[from] item: Life Orb
|
|upkeep
|
|t:|1760306190
|switch|p1a: Dragapult|Dragapult, F|100/100
|-damage|p1a: Dragapult|88/100|[from] Stealth Rock
|turn|19
|
|t:|1760306197
|move|p1a: Dragapult|Shadow Ball|p2a: Iron Valiant
|-damage|p2a: Iron Valiant|0 fnt
|faint|p2a: Iron Valiant
|-end|p2a: Iron Valiant|Quark Drive|[silent]
|
|upkeep
|
|t:|1760306200
|switch|p2a: Swampert|Swampert, M|100/100
|-damage|p2a: Swampert|84/100|[from] Spikes
|turn|20
|
|t:|1760306204
|move|p1a: Dragapult|Shadow Ball|p2a: Swampert
|-damage|p2a: Swampert|43/100
|-unboost|p2a: Swampert|spd|1
|-enditem|p2a: Swampert|Sitrus Berry|[eat]
|-heal|p2a: Swampert|68/100|[from] item: Sitrus Berry
|move|p2a: Swampert|Bulk Up|p2a: Swampert
|-boost|p2a: Swampert|atk|1
|-boost|p2a: Swampert|def|1
|
|upkeep
|turn|21
|
|t:|1760306214
|move|p1a: Dragapult|Shadow Ball|p2a: Swampert
|-damage|p2a: Swampert|1/100
|move|p2a: Swampert|Knock Off|p1a: Dragapult
|-supereffective|p1a: Dragapult
|-damage|p1a: Dragapult|0 fnt
|-enditem|p1a: Dragapult|Choice Specs|[from] move: Knock Off|[of] p2a: Swampert
|faint|p1a: Dragapult
|
|upkeep
|
|t:|1760306222
|switch|p1a: Clefable|Clefable, M|100/100
|-damage|p1a: Clefable|88/100|[from] Stealth Rock
|turn|22
|
|t:|1760306226
|move|p2a: Swampert|Liquidation|p1a: Clefable
|-damage|p1a: Clefable|46/100
|move|p1a: Clefable|Moonblast|p2a: Swampert
|-damage|p2a: Swampert|0 fnt
|faint|p2a: Swampert
|
|win|TUUURBOGRANNY
|raw|TUUURBOGRANNY's rating: 1201 &rarr; <strong>1224</strong><br />(+23 for winning)
|raw|Bleez145's rating: 1170 &rarr; <strong>1147</strong><br />(-23 for losing)
|l|☆Bleez145
|player|p2|
