|j|☆unovanminun
|j|☆Ostenberg
|t:|1760447437
|gametype|singles
|player|p1|unovanminun|1|1319
|player|p2|Ostenberg|dawn|1341
|gen|9
|tier|[Gen 9] OU
|rated|
|rule|HP Percentage Mod: HP is shown in percentages
|rule|Endless Battle Clause: Forcing endless battles is banned
|rule|Species Clause: Limit one of each Pokémon
|rule|OHKO Clause: OHKO moves are banned
|rule|Evasion Items Clause: Evasion items are banned
|rule|Evasion Moves Clause: Evasion moves are banned
|rule|Evasion Abilities Clause: Evasion abilities are banned
|rule|Sleep Moves Clause: Sleep-inducing moves are banned
|clearpoke
|poke|p1|Garganacl, M|
|poke|p1|Zapdos|
|poke|p1|Cinderace, M|
|poke|p1|Ting-Lu|
|poke|p1|Pecharunt|
|poke|p1|Alomomola, F|
|poke|p2|Ogerpon-Wellspring, F|
|poke|p2|Toxapex, F|
|poke|p2|Meowscarada, M|
|poke|p2|Metagross|
|poke|p2|Moltres|
|poke|p2|Great Tusk|
|teampreview
|inactive|Battle timer is ON: inactive players will automatically lose when time's up. (requested by unovanminun)
|
|t:|1760447442
|teamsize|p1|6
|teamsize|p2|6
|start
|switch|p1a: Zapdos|Zapdos|100/100
|switch|p2a: Meowscarada|Meowscarada, M|100/100
|turn|1
|
|t:|1760447450
|move|p2a: Meowscarada|Triple Axel|p1a: Zapdos
|-start|p2a: Meowscarada|typechange|Ice|[from] ability: Protean
|-supereffective|p1a: Zapdos
|-damage|p1a: Zapdos|81/100
|-supereffective|p1a: Zapdos
|-damage|p1a: Zapdos|39/100
|-status|p2a: Meowscarada|par|[from] ability: Static|[of] p1a: Zapdos
|-supereffective|p1a: Zapdos
|-damage|p1a: Zapdos|0 fnt
|faint|p1a: Zapdos
|-hitcount|p1: Zapdos|3
|
|upkeep
|
|t:|1760447474
|switch|p1a: Cinderace|Cinderace, M|100/100
|turn|2
|
|t:|1760447478
|switch|p2a: Toxapex|Toxapex, F|100/100
|move|p1a: Cinderace|High Jump Kick|p2a: Toxapex
|-start|p1a: Cinderace|typechange|Fighting|[from] ability: Libero
|-resisted|p2a: Toxapex
|-damage|p2a: Toxapex|81/100
|-damage|p1a: Cinderace|84/100|[from] item: Rocky Helmet|[of] p2a: Toxapex
|
|upkeep
|turn|3
|
|t:|1760447503
|move|p2a: Toxapex|Baneful Bunker|p2a: Toxapex
|-singleturn|p2a: Toxapex|move: Protect
|move|p1a: Cinderace|U-turn|p2a: Toxapex
|-activate|p2a: Toxapex|move: Protect
|-status|p1a: Cinderace|psn
|
|-damage|p1a: Cinderace|72/100 psn|[from] psn
|upkeep
|turn|4
|
|t:|1760447519
|move|p1a: Cinderace|U-turn|p2a: Toxapex
|-resisted|p2a: Toxapex
|-damage|p2a: Toxapex|73/100
|-damage|p1a: Cinderace|55/100 psn|[from] item: Rocky Helmet|[of] p2a: Toxapex
|
|t:|1760447528
|switch|p1a: Garganacl|Garganacl, M|100/100|[from] U-turn
|move|p2a: Toxapex|Recover|p2a: Toxapex
|-heal|p2a: Toxapex|100/100
|
|upkeep
|turn|5
|
|t:|1760447538
|switch|p2a: Meowscarada|Meowscarada, M|100/100 par
|move|p1a: Garganacl|Salt Cure|p2a: Meowscarada
|-damage|p2a: Meowscarada|78/100 par
|-start|p2a: Meowscarada|Salt Cure
|
|-damage|p2a: Meowscarada|65/100 par|[from] Salt Cure
|upkeep
|turn|6
|
|t:|1760447548
|cant|p2a: Meowscarada|par
|move|p1a: Garganacl|Body Press|p2a: Meowscarada
|-supereffective|p2a: Meowscarada
|-damage|p2a: Meowscarada|0 fnt
|faint|p2a: Meowscarada
|
|upkeep
|
|t:|1760447556
|switch|p2a: Ogerpon|Ogerpon-Wellspring, F|100/100
|turn|7
|
|t:|1760447562
|move|p2a: Ogerpon|Trailblaze|p1a: Garganacl
|-supereffective|p1a: Garganacl
|-crit|p1a: Garganacl
|-damage|p1a: Garganacl|56/100
|-boost|p2a: Ogerpon|spe|1
|move|p1a: Garganacl|Salt Cure|p2a: Ogerpon
|-damage|p2a: Ogerpon|84/100
|-start|p2a: Ogerpon|Salt Cure
|
|-damage|p2a: Ogerpon|59/100|[from] Salt Cure
|upkeep
|turn|8
|
|t:|1760447573
|move|p1a: Garganacl|Protect|p1a: Garganacl
|-singleturn|p1a: Garganacl|Protect
|move|p2a: Ogerpon|Ivy Cudgel|p1a: Garganacl|[anim] Ivy Cudgel Water
|-activate|p1a: Garganacl|move: Protect
|
|-damage|p2a: Ogerpon|34/100|[from] Salt Cure
|upkeep
|turn|9
|
|t:|1760447582
|switch|p1a: Alomomola|Alomomola, F|100/100
|move|p2a: Ogerpon|Ivy Cudgel|p1a: Alomomola|[anim] Ivy Cudgel Water
|-resisted|p1a: Alomomola
|-damage|p1a: Alomomola|84/100
|
|-heal|p1a: Alomomola|91/100|[from] item: Leftovers
|-damage|p2a: Ogerpon|9/100|[from] Salt Cure
|upkeep
|turn|10
|c|☆Ostenberg|Creator of Gargancle deserves to die man
|
|t:|1760447608
|switch|p2a: Toxapex|Toxapex, F|100/100
|move|p1a: Alomomola|Wish|p1a: Alomomola
|
|-heal|p1a: Alomomola|97/100|[from] item: Leftovers
|upkeep
|turn|11
|c|☆unovanminun|I'd say otherwise
|inactive|Ostenberg has 120 seconds left.
|c|☆Ostenberg|Immune to status, has the most annoying attack, insane defense and can just change type fucking insane
|inactive|Ostenberg has 90 seconds left.
|
|t:|1760447659
|move|p2a: Toxapex|Baneful Bunker|p2a: Toxapex
|-singleturn|p2a: Toxapex|move: Protect
|move|p1a: Alomomola|Scald|p2a: Toxapex
|-activate|p2a: Toxapex|move: Protect
|
|-heal|p1a: Alomomola|100/100|[from] move: Wish|[wisher] Alomomola
|upkeep
|turn|12
|inactive|Ostenberg has 90 seconds left.
|c|☆unovanminun|Nuh uh
|inactive|unovanminun has 120 seconds left.
|
|t:|1760447693
|move|p1a: Alomomola|Scald|p2a: Toxapex
|-resisted|p2a: Toxapex
|-crit|p2a: Toxapex
|-damage|p2a: Toxapex|93/100
|-status|p2a: Toxapex|brn
|move|p2a: Toxapex|Infestation|p1a: Alomomola
|-damage|p1a: Alomomola|97/100
|-activate|p1a: Alomomola|move: Infestation|[of] p2a: Toxapex
|
|-heal|p1a: Alomomola|100/100|[from] item: Leftovers
|-damage|p2a: Toxapex|86/100 brn|[from] brn
|-damage|p1a: Alomomola|88/100|[from] move: Infestation|[partiallytrapped]
|upkeep
|turn|13
|inactive|unovanminun has 120 seconds left.
|inactive|Ostenberg has 90 seconds left.
|c|☆Ostenberg|Obviously both crit and burn OBVIOUSLY
|
|t:|1760447716
|move|p1a: Alomomola|Wish|p1a: Alomomola
|move|p2a: Toxapex|Toxic|p1a: Alomomola
|-status|p1a: Alomomola|tox
|
|-heal|p1a: Alomomola|94/100 tox|[from] item: Leftovers
|-damage|p1a: Alomomola|88/100 tox|[from] psn
|-damage|p2a: Toxapex|80/100 brn|[from] brn
|-damage|p1a: Alomomola|76/100 tox|[from] move: Infestation|[partiallytrapped]
|upkeep
|turn|14
|c|☆unovanminun|The crit did nothing
|inactive|unovanminun has 120 seconds left.
|
|t:|1760447731
|move|p2a: Toxapex|Baneful Bunker|p2a: Toxapex
|-singleturn|p2a: Toxapex|move: Protect
|move|p1a: Alomomola|Flip Turn|p2a: Toxapex
|-activate|p2a: Toxapex|move: Protect
|
|-heal|p1a: Alomomola|100/100 tox|[from] move: Wish|[wisher] Alomomola
|-damage|p1a: Alomomola|88/100 tox|[from] psn
|-damage|p2a: Toxapex|74/100 brn|[from] brn
|-damage|p1a: Alomomola|76/100 tox|[from] move: Infestation|[partiallytrapped]
|upkeep
|turn|15
|
|t:|1760447748
|move|p1a: Alomomola|Wish|p1a: Alomomola
|move|p2a: Toxapex|Recover|p2a: Toxapex
|-heal|p2a: Toxapex|100/100 brn
|
|-heal|p1a: Alomomola|82/100 tox|[from] item: Leftovers
|-damage|p1a: Alomomola|63/100 tox|[from] psn
|-damage|p2a: Toxapex|94/100 brn|[from] brn
|-damage|p1a: Alomomola|51/100 tox|[from] move: Infestation|[partiallytrapped]
|upkeep
|turn|16
|
|t:|1760447759
|move|p2a: Toxapex|Baneful Bunker|p2a: Toxapex
|-singleturn|p2a: Toxapex|move: Protect
|move|p1a: Alomomola|Scald|p2a: Toxapex
|-activate|p2a: Toxapex|move: Protect
|
|-heal|p1a: Alomomola|100/100 tox|[from] move: Wish|[wisher] Alomomola
|-damage|p1a: Alomomola|76/100 tox|[from] psn
|-damage|p2a: Toxapex|88/100 brn|[from] brn
|-damage|p1a: Alomomola|63/100 tox|[from] move: Infestation|[partiallytrapped]
|upkeep
|turn|17
|
|t:|1760447772
|move|p1a: Alomomola|Wish|p1a: Alomomola
|move|p2a: Toxapex|Infestation|p1a: Alomomola
|-damage|p1a: Alomomola|60/100 tox
|
|-heal|p1a: Alomomola|67/100 tox|[from] item: Leftovers
|-damage|p1a: Alomomola|36/100 tox|[from] psn
|-damage|p2a: Toxapex|82/100 brn|[from] brn
|-end|p1a: Alomomola|Infestation|[partiallytrapped]
|upkeep
|turn|18
|
|t:|1760447783
|switch|p1a: Garganacl|Garganacl, M|56/100
|move|p2a: Toxapex|Baneful Bunker||[still]
|-fail|p2a: Toxapex
|
|-heal|p1a: Garganacl|100/100|[from] move: Wish|[wisher] Alomomola
|-damage|p2a: Toxapex|75/100 brn|[from] brn
|upkeep
|turn|19
|c|☆unovanminun|Mwahahaha
|
|t:|1760447807
|switch|p2a: Ogerpon|Ogerpon-Wellspring, F|9/100
|move|p1a: Garganacl|Salt Cure|p2a: Ogerpon
|-damage|p2a: Ogerpon|0 fnt
|faint|p2a: Ogerpon
|
|upkeep
|
|t:|1760447815
|switch|p2a: Great Tusk|Great Tusk|100/100
|-enditem|p2a: Great Tusk|Booster Energy
|-activate|p2a: Great Tusk|ability: Protosynthesis|[fromitem]
|-start|p2a: Great Tusk|protosynthesisatk
|turn|20
|inactive|unovanminun has 120 seconds left.
|
|t:|1760447853
|move|p2a: Great Tusk|Headlong Rush|p1a: Garganacl
|-supereffective|p1a: Garganacl
|-damage|p1a: Garganacl|17/100
|-unboost|p2a: Great Tusk|def|1
|-unboost|p2a: Great Tusk|spd|1
|-enditem|p1a: Garganacl|Aguav Berry|[eat]
|-heal|p1a: Garganacl|50/100|[from] item: Aguav Berry
|move|p1a: Garganacl|Salt Cure|p2a: Great Tusk
|-resisted|p2a: Great Tusk
|-damage|p2a: Great Tusk|97/100
|-start|p2a: Great Tusk|Salt Cure
|
|-damage|p2a: Great Tusk|85/100|[from] Salt Cure
|upkeep
|turn|21
|inactive|unovanminun has 120 seconds left.
|
|t:|1760447867
|move|p1a: Garganacl|Protect|p1a: Garganacl
|-singleturn|p1a: Garganacl|Protect
|move|p2a: Great Tusk|Headlong Rush|p1a: Garganacl
|-activate|p1a: Garganacl|move: Protect
|
|-damage|p2a: Great Tusk|72/100|[from] Salt Cure
|upkeep
|turn|22
|
|t:|1760447878
|switch|p1a: Ting-Lu|Ting-Lu|100/100
|-ability|p1a: Ting-Lu|Vessel of Ruin
|move|p2a: Great Tusk|Supercell Slam|p1a: Ting-Lu
|-immune|p1a: Ting-Lu
|-damage|p2a: Great Tusk|22/100|[from] supercellslam
|
|-damage|p2a: Great Tusk|10/100|[from] Salt Cure
|upkeep
|turn|23
|
|t:|1760447889
|move|p2a: Great Tusk|Headlong Rush|p1a: Ting-Lu
|-damage|p1a: Ting-Lu|53/100
|-unboost|p2a: Great Tusk|def|1
|-unboost|p2a: Great Tusk|spd|1
|move|p1a: Ting-Lu|Stealth Rock|p2a: Great Tusk
|-sidestart|p2: Ostenberg|move: Stealth Rock
|
|-heal|p1a: Ting-Lu|59/100|[from] item: Leftovers
|-damage|p2a: Great Tusk|0 fnt|[from] Salt Cure
|faint|p2a: Great Tusk
|-end|p2a: Great Tusk|Protosynthesis|[silent]
|upkeep
|inactive|Ostenberg has 60 seconds left.
|c|☆Ostenberg|Dude entire stall team, have some fucking shame
|
|t:|1760447910
|switch|p2a: Toxapex|Toxapex, F|100/100 brn
|-damage|p2a: Toxapex|88/100 brn|[from] Stealth Rock
|turn|24
|c|☆unovanminun|Ting-lu was just meant to tank something I didn't think you'd use supercell 😭
|
|t:|1760447928
|move|p1a: Ting-Lu|Earthquake|p2a: Toxapex
|-supereffective|p2a: Toxapex
|-damage|p2a: Toxapex|36/100 brn
|move|p2a: Toxapex|Infestation|p1a: Ting-Lu
|-supereffective|p1a: Ting-Lu
|-damage|p1a: Ting-Lu|57/100
|-activate|p1a: Ting-Lu|move: Infestation|[of] p2a: Toxapex
|
|-heal|p1a: Ting-Lu|64/100|[from] item: Leftovers
|-damage|p2a: Toxapex|30/100 brn|[from] brn
|-damage|p1a: Ting-Lu|51/100|[from] move: Infestation|[partiallytrapped]
|upkeep
|turn|25
|
|t:|1760447941
|switch|p2a: Moltres|Moltres|100/100
|move|p1a: Ting-Lu|Earthquake|p2a: Moltres
|-immune|p2a: Moltres
|
|-heal|p1a: Ting-Lu|57/100|[from] item: Leftovers
|-end|p1a: Ting-Lu|Infestation|[partiallytrapped]|[silent]
|upkeep
|turn|26
|inactive|Ostenberg has 60 seconds left.
|c|☆Ostenberg|I expected alolamola
|
|t:|1760447969
|switch|p2a: Metagross|Metagross|100/100
|-damage|p2a: Metagross|94/100|[from] Stealth Rock
|move|p1a: Ting-Lu|Whirlwind|p2a: Metagross
|drag|p2a: Toxapex|Toxapex, F|63/100 brn
|-damage|p2a: Toxapex|50/100 brn|[from] Stealth Rock
|
|-heal|p1a: Ting-Lu|64/100|[from] item: Leftovers
|-damage|p2a: Toxapex|44/100 brn|[from] brn
|upkeep
|turn|27
|c|☆unovanminun|Toxapex has no attack it can't do anything effective
|
|t:|1760447985
|switch|p1a: Pecharunt|Pecharunt|100/100
|move|p2a: Toxapex|Toxic|p1a: Pecharunt
|-immune|p1a: Pecharunt
|
|-damage|p2a: Toxapex|38/100 brn|[from] brn
|upkeep
|turn|28
|c|☆unovanminun|misclick
|c|☆unovanminun|Especially with ONLY infestation
|inactive|Ostenberg has 30 seconds left.
|c|☆Ostenberg|Well I don't have anything left anyways ggs and stop using all stall team
|inactive|Ostenberg has 20 seconds left.
|inactive|Ostenberg has 15 seconds left.
|c|☆unovanminun|Cinderace ain't stalling nothing 💔
|inactive|Ostenberg has 10 seconds left.
|c|☆unovanminun|gg anyway
|inactive|Ostenberg has 5 seconds left.
|-message|Ostenberg lost due to inactivity.
|
|win|unovanminun
