|j|☆Graveler's Delight
|j|☆fujizen
|t:|1760441638
|gametype|singles
|player|p1|Graveler's Delight|scientist-gen4dp|1313
|player|p2|fujizen|lance-gen1|1290
|gen|9
|tier|[Gen 9] OU
|rated|
|rule|HP Percentage Mod: HP is shown in percentages
|rule|Endless Battle Clause: Forcing endless battles is banned
|rule|Species Clause: Limit one of each Pokémon
|rule|OHKO Clause: OHKO moves are banned
|rule|Evasion Items Clause: Evasion items are banned
|rule|Evasion Moves Clause: Evasion moves are banned
|rule|Evasion Abilities Clause: Evasion abilities are banned
|rule|Sleep Moves Clause: Sleep-inducing moves are banned
|clearpoke
|poke|p1|Iron Moth|
|poke|p1|Tyranitar, F|
|poke|p1|Gholdengo|
|poke|p1|Excadrill, M|
|poke|p1|Ogerpon-Wellspring, F|
|poke|p1|Vikavolt, M|
|poke|p2|Alcremie, F|
|poke|p2|Clefable, M|
|poke|p2|Hawlucha, F|
|poke|p2|Pawmot, F|
|poke|p2|Pincurchin, M|
|poke|p2|Hoopa-Unbound|
|teampreview
|inactive|Battle timer is ON: inactive players will automatically lose when time's up. (requested by Graveler's Delight)
|inactive|fujizen has 120 seconds left.
|
|t:|1760441681
|teamsize|p1|6
|teamsize|p2|6
|start
|switch|p1a: Vikavolt|Vikavolt, M|100/100
|switch|p2a: Pincurchin|Pincurchin, M|100/100
|-fieldstart|move: Electric Terrain|[from] ability: Electric Surge|[of] p2a: Pincurchin
|turn|1
|
|t:|1760441702
|move|p1a: Vikavolt|Agility|p1a: Vikavolt
|-boost|p1a: Vikavolt|spe|2
|move|p2a: Pincurchin|Toxic Spikes|p1a: Vikavolt
|-sidestart|p1: Graveler's Delight|move: Toxic Spikes
|
|upkeep
|turn|2
|
|t:|1760441707
|move|p1a: Vikavolt|Sticky Web|p2a: Pincurchin
|-sidestart|p2: fujizen|move: Sticky Web
|move|p2a: Pincurchin|Toxic Spikes|p1a: Vikavolt
|-sidestart|p1: Graveler's Delight|move: Toxic Spikes
|
|upkeep
|turn|3
|
|t:|1760441715
|move|p1a: Vikavolt|Discharge|p2a: Pincurchin
|-resisted|p2a: Pincurchin
|-damage|p2a: Pincurchin|70/100
|move|p2a: Pincurchin|Spikes|p1a: Vikavolt
|-sidestart|p1: Graveler's Delight|Spikes
|
|upkeep
|turn|4
|
|t:|1760441721
|move|p1a: Vikavolt|Discharge|p2a: Pincurchin
|-resisted|p2a: Pincurchin
|-damage|p2a: Pincurchin|39/100
|move|p2a: Pincurchin|Spikes|p1a: Vikavolt
|-sidestart|p1: Graveler's Delight|Spikes
|
|upkeep
|turn|5
|
|t:|1760441727
|move|p1a: Vikavolt|Discharge|p2a: Pincurchin
|-resisted|p2a: Pincurchin
|-damage|p2a: Pincurchin|8/100
|move|p2a: Pincurchin|Recover|p2a: Pincurchin
|-heal|p2a: Pincurchin|58/100
|
|upkeep
|turn|6
|
|t:|1760441734
|move|p1a: Vikavolt|Discharge|p2a: Pincurchin
|-resisted|p2a: Pincurchin
|-damage|p2a: Pincurchin|28/100
|move|p2a: Pincurchin|Recover|p2a: Pincurchin
|-heal|p2a: Pincurchin|78/100
|
|upkeep
|turn|7
|
|t:|1760441743
|move|p1a: Vikavolt|Discharge|p2a: Pincurchin
|-resisted|p2a: Pincurchin
|-damage|p2a: Pincurchin|50/100
|move|p2a: Pincurchin|Recover|p2a: Pincurchin
|-heal|p2a: Pincurchin|100/100
|
|upkeep
|turn|8
|
|t:|1760441749
|move|p1a: Vikavolt|Discharge|p2a: Pincurchin
|-resisted|p2a: Pincurchin
|-damage|p2a: Pincurchin|73/100
|move|p2a: Pincurchin|Spikes|p1a: Vikavolt
|-sidestart|p1: Graveler's Delight|Spikes
|
|-fieldend|move: Electric Terrain
|upkeep
|turn|9
|
|t:|1760441756
|switch|p2a: Pawmot|Pawmot, F|100/100
|move|p1a: Vikavolt|Discharge|p2a: Pawmot
|-immune|p2a: Pawmot|[from] ability: Volt Absorb
|
|upkeep
|turn|10
|
|t:|1760441766
|switch|p1a: Iron Moth|Iron Moth|100/100
|-sideend|p1: Graveler's Delight|move: Toxic Spikes|[of] p1a: Iron Moth
|-damage|p1a: Iron Moth|76/100|[from] Spikes
|-enditem|p1a: Iron Moth|Booster Energy
|-activate|p1a: Iron Moth|ability: Quark Drive|[fromitem]
|-start|p1a: Iron Moth|quarkdrivespe
|move|p2a: Pawmot|Encore||[still]
|-fail|p2a: Pawmot
|
|upkeep
|turn|11
|
|t:|1760441774
|switch|p2a: Pincurchin|Pincurchin, M|73/100
|-activate|p2a: Pincurchin|move: Sticky Web
|-unboost|p2a: Pincurchin|spe|1
|-fieldstart|move: Electric Terrain|[from] ability: Electric Surge|[of] p2a: Pincurchin
|move|p1a: Iron Moth|Substitute|p1a: Iron Moth
|-start|p1a: Iron Moth|Substitute
|-damage|p1a: Iron Moth|51/100
|
|upkeep
|turn|12
|
|t:|1760441795
|switch|p2a: Pawmot|Pawmot, F|100/100
|move|p1a: Iron Moth|Fiery Dance|p2a: Pawmot
|-damage|p2a: Pawmot|32/100
|
|upkeep
|turn|13
|
|t:|1760441809
|switch|p2a: Clefable|Clefable, M|100/100
|-activate|p2a: Clefable|move: Sticky Web
|-unboost|p2a: Clefable|spe|1
|move|p1a: Iron Moth|Fiery Dance|p2a: Clefable
|-damage|p2a: Clefable|68/100
|-boost|p1a: Iron Moth|spa|1
|
|-heal|p2a: Clefable|74/100|[from] item: Leftovers
|upkeep
|turn|14
|
|t:|1760441819
|move|p1a: Iron Moth|Sludge Wave|p2a: Clefable
|-supereffective|p2a: Clefable
|-damage|p2a: Clefable|0 fnt
|faint|p2a: Clefable
|
|upkeep
|
|t:|1760441822
|switch|p2a: Hawlucha|Hawlucha, F|100/100
|-enditem|p2a: Hawlucha|Electric Seed
|-boost|p2a: Hawlucha|def|1|[from] item: Electric Seed
|turn|15
|
|t:|1760441832
|move|p2a: Hawlucha|Brave Bird|p1a: Iron Moth
|-end|p1a: Iron Moth|Substitute
|-damage|p2a: Hawlucha|92/100|[from] Recoil|[of] p1a: Iron Moth
|move|p1a: Iron Moth|Dazzling Gleam|p2a: Hawlucha
|-supereffective|p2a: Hawlucha
|-crit|p2a: Hawlucha
|-damage|p2a: Hawlucha|0 fnt
|faint|p2a: Hawlucha
|
|upkeep
|inactive|fujizen has 120 seconds left.
|
|t:|1760441869
|switch|p2a: Hoopa|Hoopa-Unbound|100/100
|-activate|p2a: Hoopa|move: Sticky Web
|-unboost|p2a: Hoopa|spe|1
|turn|16
|
|t:|1760441882
|-terastallize|p1a: Iron Moth|Fairy
|move|p1a: Iron Moth|Dazzling Gleam|p2a: Hoopa
|-supereffective|p2a: Hoopa
|-damage|p2a: Hoopa|0 fnt
|faint|p2a: Hoopa
|
|upkeep
|
|t:|1760441887
|switch|p2a: Alcremie|Alcremie, F|100/100
|-activate|p2a: Alcremie|move: Sticky Web
|-unboost|p2a: Alcremie|spe|1
|turn|17
|
|t:|1760441891
|move|p1a: Iron Moth|Sludge Wave|p2a: Alcremie
|-supereffective|p2a: Alcremie
|-damage|p2a: Alcremie|0 fnt
|faint|p2a: Alcremie
|
|upkeep
|inactive|fujizen has 120 seconds left.
|inactive|fujizen has 90 seconds left.
|
|t:|1760441962
|switch|p2a: Pawmot|Pawmot, F|32/100
|turn|18
|
|t:|1760441969
|move|p1a: Iron Moth|Fiery Dance|p2a: Pawmot
|-crit|p2a: Pawmot
|-damage|p2a: Pawmot|0 fnt
|-boost|p1a: Iron Moth|spa|1
|faint|p2a: Pawmot
|
|-fieldend|move: Electric Terrain
|upkeep
|-message|fujizen forfeited.
|
|win|Graveler's Delight
|raw|Graveler&apos;s Delight's rating: 1313 &rarr; <strong>1332</strong><br />(+19 for winning)
|raw|fujizen's rating: 1290 &rarr; <strong>1267</strong><br />(-23 for losing)
|l|☆fujizen
|player|p2|
|l|☆Graveler's Delight
|player|p1|
