|j|☆forestkingmonkey
|j|☆ZetsuTensho
|t:|1760367530
|gametype|singles
|player|p1|forestkingmonkey|169|1266
|player|p2|ZetsuTensho|2|1296
|gen|9
|tier|[Gen 9] OU
|rated|
|rule|HP Percentage Mod: HP is shown in percentages
|rule|Endless Battle Clause: Forcing endless battles is banned
|rule|Species Clause: Limit one of each Pokémon
|rule|OHKO Clause: OHKO moves are banned
|rule|Evasion Items Clause: Evasion items are banned
|rule|Evasion Moves Clause: Evasion moves are banned
|rule|Evasion Abilities Clause: Evasion abilities are banned
|rule|Sleep Moves Clause: Sleep-inducing moves are banned
|clearpoke
|poke|p1|Gyarados, M|
|poke|p1|Kilowattrel, F|
|poke|p1|Politoed, M|
|poke|p1|Clodsire, M|
|poke|p1|Dragonite, F|
|poke|p1|Floatzel, F|
|poke|p2|Weezing-Galar, M|
|poke|p2|Ogerpon-Wellspring, F|
|poke|p2|Darkrai|
|poke|p2|Gliscor, M|
|poke|p2|Gholdengo|
|poke|p2|Raging Bolt|
|teampreview
|inactive|Battle timer is ON: inactive players will automatically lose when time's up. (requested by ZetsuTensho)
|
|t:|1760367544
|teamsize|p1|6
|teamsize|p2|6
|start
|switch|p1a: Politoed|Politoed, M|100/100
|switch|p2a: Weezing|Weezing-Galar, M|100/100
|-ability|p2a: Weezing|Neutralizing Gas
|turn|1
|
|t:|1760367554
|move|p2a: Weezing|Pain Split|p1a: Politoed
|-sethp|p1a: Politoed|94/100|[from] move: Pain Split|[silent]
|-sethp|p2a: Weezing|100/100|[from] move: Pain Split
|move|p1a: Politoed|Earth Power|p2a: Weezing
|-supereffective|p2a: Weezing
|-damage|p2a: Weezing|26/100
|
|upkeep
|turn|2
|
|t:|1760367564
|-end|p2a: Weezing|ability: Neutralizing Gas
|-weather|RainDance|[from] ability: Drizzle|[of] p1a: Politoed
|switch|p2a: Ogerpon|Ogerpon-Wellspring, F|100/100
|move|p1a: Politoed|Ice Beam|p2a: Ogerpon
|-damage|p2a: Ogerpon|66/100
|
|-weather|RainDance|[upkeep]
|upkeep
|turn|3
|
|t:|1760367579
|move|p2a: Ogerpon|Spikes|p1a: Politoed
|-sidestart|p1: forestkingmonkey|Spikes
|move|p1a: Politoed|Focus Blast|p2a: Ogerpon
|-damage|p2a: Ogerpon|27/100
|
|-weather|RainDance|[upkeep]
|upkeep
|turn|4
|
|t:|1760367585
|move|p2a: Ogerpon|Horn Leech|p1a: Politoed
|-supereffective|p1a: Politoed
|-damage|p1a: Politoed|0 fnt
|-heal|p2a: Ogerpon|87/100|[from] drain|[of] p1a: Politoed
|faint|p1a: Politoed
|
|-weather|RainDance|[upkeep]
|upkeep
|
|t:|1760367592
|switch|p1a: Kilowattrel|Kilowattrel, F|100/100
|turn|5
|
|t:|1760367598
|switch|p2a: Gliscor|Gliscor, M|100/100
|move|p1a: Kilowattrel|Hurricane|p2a: Gliscor
|-damage|p2a: Gliscor|56/100
|
|-weather|RainDance|[upkeep]
|-status|p2a: Gliscor|tox|[from] item: Toxic Orb
|upkeep
|turn|6
|
|t:|1760367605
|move|p1a: Kilowattrel|Weather Ball|p2a: Gliscor
|-supereffective|p2a: Gliscor
|-crit|p2a: Gliscor
|-damage|p2a: Gliscor|0 fnt
|faint|p2a: Gliscor
|
|-weather|RainDance|[upkeep]
|upkeep
|
|t:|1760367608
|switch|p2a: Raging Bolt|Raging Bolt|100/100
|turn|7
|
|t:|1760367622
|move|p1a: Kilowattrel|Volt Switch|p2a: Raging Bolt
|-resisted|p2a: Raging Bolt
|-damage|p2a: Raging Bolt|93/100
|
|t:|1760367625
|switch|p1a: Clodsire|Clodsire, M|100/100|[from] Volt Switch
|-damage|p1a: Clodsire|88/100|[from] Spikes
|move|p2a: Raging Bolt|Calm Mind|p2a: Raging Bolt
|-boost|p2a: Raging Bolt|spa|1
|-boost|p2a: Raging Bolt|spd|1
|
|-weather|RainDance|[upkeep]
|-heal|p2a: Raging Bolt|99/100|[from] item: Leftovers
|-heal|p1a: Clodsire|94/100|[from] item: Leftovers
|upkeep
|turn|8
|
|t:|1760367635
|-terastallize|p2a: Raging Bolt|Bug
|move|p2a: Raging Bolt|Dragon Pulse|p1a: Clodsire
|-damage|p1a: Clodsire|59/100
|move|p1a: Clodsire|Earthquake|p2a: Raging Bolt
|-resisted|p2a: Raging Bolt
|-damage|p2a: Raging Bolt|87/100
|
|-weather|RainDance|[upkeep]
|-heal|p2a: Raging Bolt|93/100|[from] item: Leftovers
|-heal|p1a: Clodsire|65/100|[from] item: Leftovers
|upkeep
|turn|9
|
|t:|1760367644
|move|p2a: Raging Bolt|Dragon Pulse|p1a: Clodsire
|-damage|p1a: Clodsire|28/100
|move|p1a: Clodsire|Gunk Shot|p2a: Raging Bolt
|-damage|p2a: Raging Bolt|62/100
|
|-weather|none
|-heal|p2a: Raging Bolt|68/100|[from] item: Leftovers
|-heal|p1a: Clodsire|34/100|[from] item: Leftovers
|upkeep
|turn|10
|
|t:|1760367652
|move|p1a: Clodsire|Protect|p1a: Clodsire
|-singleturn|p1a: Clodsire|Protect
|move|p2a: Raging Bolt|Dragon Pulse|p1a: Clodsire
|-activate|p1a: Clodsire|move: Protect
|
|-heal|p2a: Raging Bolt|74/100|[from] item: Leftovers
|-heal|p1a: Clodsire|41/100|[from] item: Leftovers
|upkeep
|turn|11
|
|t:|1760367659
|move|p2a: Raging Bolt|Calm Mind|p2a: Raging Bolt
|-boost|p2a: Raging Bolt|spa|1
|-boost|p2a: Raging Bolt|spd|1
|move|p1a: Clodsire|Recover|p1a: Clodsire
|-heal|p1a: Clodsire|91/100
|
|-heal|p2a: Raging Bolt|80/100|[from] item: Leftovers
|-heal|p1a: Clodsire|97/100|[from] item: Leftovers
|upkeep
|turn|12
|
|t:|1760367667
|move|p2a: Raging Bolt|Dragon Pulse|p1a: Clodsire
|-damage|p1a: Clodsire|64/100
|move|p1a: Clodsire|Gunk Shot|p2a: Raging Bolt
|-damage|p2a: Raging Bolt|49/100
|
|-heal|p2a: Raging Bolt|55/100|[from] item: Leftovers
|-heal|p1a: Clodsire|71/100|[from] item: Leftovers
|upkeep
|turn|13
|
|t:|1760367674
|move|p1a: Clodsire|Protect|p1a: Clodsire
|-singleturn|p1a: Clodsire|Protect
|move|p2a: Raging Bolt|Dragon Pulse|p1a: Clodsire
|-activate|p1a: Clodsire|move: Protect
|
|-heal|p2a: Raging Bolt|61/100|[from] item: Leftovers
|-heal|p1a: Clodsire|77/100|[from] item: Leftovers
|upkeep
|turn|14
|
|t:|1760367681
|move|p2a: Raging Bolt|Dragon Pulse|p1a: Clodsire
|-damage|p1a: Clodsire|44/100
|move|p1a: Clodsire|Gunk Shot|p2a: Raging Bolt
|-damage|p2a: Raging Bolt|28/100
|
|-heal|p2a: Raging Bolt|35/100|[from] item: Leftovers
|-heal|p1a: Clodsire|50/100|[from] item: Leftovers
|upkeep
|turn|15
|
|t:|1760367689
|-end|p2a: Raging Bolt|Protosynthesis|[silent]
|switch|p2a: Darkrai|Darkrai|100/100
|move|p1a: Clodsire|Protect||[still]
|-fail|p1a: Clodsire
|
|-heal|p1a: Clodsire|57/100|[from] item: Leftovers
|upkeep
|turn|16
|
|t:|1760367708
|switch|p1a: Gyarados|Gyarados, M, shiny|100/100
|-ability|p1a: Gyarados|Intimidate|boost
|-unboost|p2a: Darkrai|atk|1
|move|p2a: Darkrai|Dark Pulse|p1a: Gyarados
|-damage|p1a: Gyarados|58/100
|-damage|p2a: Darkrai|91/100|[from] item: Life Orb
|
|upkeep
|turn|17
|
|t:|1760367727
|switch|p2a: Gholdengo|Gholdengo|100/100
|move|p1a: Gyarados|Rain Dance|p1a: Gyarados
|-weather|RainDance
|
|-weather|RainDance|[upkeep]
|upkeep
|turn|18
|
|t:|1760367735
|-terastallize|p1a: Gyarados|Ground
|move|p2a: Gholdengo|Shadow Ball|p1a: Gyarados
|-damage|p1a: Gyarados|26/100
|move|p1a: Gyarados|Earthquake|p2a: Gholdengo
|-supereffective|p2a: Gholdengo
|-damage|p2a: Gholdengo|23/100
|
|-weather|RainDance|[upkeep]
|upkeep
|turn|19
|
|t:|1760367743
|switch|p2a: Ogerpon|Ogerpon-Wellspring, F|87/100
|move|p1a: Gyarados|Earthquake|p2a: Ogerpon
|-resisted|p2a: Ogerpon
|-damage|p2a: Ogerpon|47/100
|
|-weather|RainDance|[upkeep]
|upkeep
|turn|20
|
|t:|1760367757
|move|p2a: Ogerpon|Horn Leech|p1a: Gyarados
|-supereffective|p1a: Gyarados
|-damage|p1a: Gyarados|0 fnt
|-heal|p2a: Ogerpon|61/100|[from] drain|[of] p1a: Gyarados
|faint|p1a: Gyarados
|
|-weather|RainDance|[upkeep]
|upkeep
|
|t:|1760367764
|switch|p1a: Kilowattrel|Kilowattrel, F|100/100
|turn|21
|
|t:|1760367774
|switch|p2a: Raging Bolt|Raging Bolt, tera:Bug|35/100
|move|p1a: Kilowattrel|Hurricane|p2a: Raging Bolt
|-supereffective|p2a: Raging Bolt
|-damage|p2a: Raging Bolt|0 fnt
|faint|p2a: Raging Bolt
|-end|p2a: Raging Bolt|Protosynthesis|[silent]
|
|-weather|none
|upkeep
|
|t:|1760367776
|switch|p2a: Darkrai|Darkrai|91/100
|turn|22
|
|t:|1760367790
|move|p1a: Kilowattrel|Volt Switch|p2a: Darkrai
|-damage|p2a: Darkrai|51/100
|
|t:|1760367794
|switch|p1a: Clodsire|Clodsire, M|57/100|[from] Volt Switch
|-damage|p1a: Clodsire|44/100|[from] Spikes
|move|p2a: Darkrai|Dark Pulse|p1a: Clodsire
|-damage|p1a: Clodsire|9/100
|-damage|p2a: Darkrai|41/100|[from] item: Life Orb
|
|-heal|p1a: Clodsire|15/100|[from] item: Leftovers
|upkeep
|turn|23
|
|t:|1760367803
|move|p1a: Clodsire|Protect|p1a: Clodsire
|-singleturn|p1a: Clodsire|Protect
|move|p2a: Darkrai|Dark Pulse|p1a: Clodsire
|-activate|p1a: Clodsire|move: Protect
|
|-heal|p1a: Clodsire|21/100|[from] item: Leftovers
|upkeep
|turn|24
|
|t:|1760367816
|switch|p1a: Dragonite|Dragonite, F|100/100
|move|p2a: Darkrai|Dark Pulse|p1a: Dragonite
|-damage|p1a: Dragonite|83/100
|-damage|p2a: Darkrai|31/100|[from] item: Life Orb
|
|upkeep
|turn|25
|
|t:|1760367826
|move|p1a: Dragonite|Extreme Speed|p2a: Darkrai
|-damage|p2a: Darkrai|0 fnt
|faint|p2a: Darkrai
|
|upkeep
|-message|ZetsuTensho forfeited.
|
|win|forestkingmonkey
|raw|forestkingmonkey's rating: 1266 &rarr; <strong>1293</strong><br />(+27 for winning)
|raw|ZetsuTensho's rating: 1296 &rarr; <strong>1269</strong><br />(-27 for losing)
|l|☆ZetsuTensho
|player|p2|
