|j|☆Barronmaster
|j|☆ciantaihou
|t:|1760320107
|gametype|singles
|player|p1|Barronmaster|palmer|1655
|player|p2|ciantaihou|bellelba|1752
|gen|9
|tier|[Gen 9] OU
|rated|
|rule|HP Percentage Mod: HP is shown in percentages
|rule|Endless Battle Clause: Forcing endless battles is banned
|rule|Species Clause: Limit one of each Pokémon
|rule|OHKO Clause: OHKO moves are banned
|rule|Evasion Items Clause: Evasion items are banned
|rule|Evasion Moves Clause: Evasion moves are banned
|rule|Evasion Abilities Clause: Evasion abilities are banned
|rule|Sleep Moves Clause: Sleep-inducing moves are banned
|clearpoke
|poke|p1|Hoopa-Unbound|
|poke|p1|Ninetales-Alola, M|
|poke|p1|Slowking-Galar, M|
|poke|p1|Cloyster, F|
|poke|p1|Zoroark, M|
|poke|p1|Indeedee, M|
|poke|p2|Ursaluna, F|
|poke|p2|Torkoal, F|
|poke|p2|Hoopa-Unbound|
|poke|p2|Cresselia, F|
|poke|p2|Hatterene, F|
|poke|p2|Enamorus-Therian, F|
|teampreview
|j| minhhtt
|j| PG Spectating
|inactive|Battle timer is ON: inactive players will automatically lose when time's up. (requested by Barronmaster)
|l| minhhtt
|
|t:|1760320140
|teamsize|p1|6
|teamsize|p2|6
|start
|switch|p1a: Hoopa|Hoopa-Unbound|100/100
|switch|p2a: Torkoal|Torkoal, F, shiny|100/100
|-weather|SunnyDay|[from] ability: Drought|[of] p2a: Torkoal
|turn|1
|
|t:|1760320151
|move|p1a: Hoopa|U-turn|p2a: Torkoal
|-resisted|p2a: Torkoal
|-damage|p2a: Torkoal|88/100
|-damage|p1a: Hoopa|91/100|[from] item: Life Orb
|
|t:|1760320153
|switch|p1a: Ninetales|Ninetales-Alola, M|100/100|[from] U-turn
|-weather|Snowscape|[from] ability: Snow Warning|[of] p1a: Ninetales
|move|p2a: Torkoal|Stealth Rock|p1a: Ninetales
|-sidestart|p1: Barronmaster|move: Stealth Rock
|
|-weather|Snowscape|[upkeep]
|upkeep
|turn|2
|
|t:|1760320168
|switch|p2a: Hoopa|Hoopa-Unbound|100/100
|move|p1a: Ninetales|Aurora Veil|p1a: Ninetales
|-sidestart|p1: Barronmaster|move: Aurora Veil
|
|-weather|Snowscape|[upkeep]
|upkeep
|turn|3
|j| opighhhrrrno
|
|t:|1760320198
|move|p1a: Ninetales|Nasty Plot|p1a: Ninetales
|-boost|p1a: Ninetales|spa|2
|move|p2a: Hoopa|Trick Room|p2a: Hoopa
|-fieldstart|move: Trick Room|[of] p2a: Hoopa
|
|-weather|Snowscape|[upkeep]
|upkeep
|turn|4
|
|t:|1760320207
|move|p2a: Hoopa|Psychic|p1a: Ninetales
|-damage|p1a: Ninetales|71/100
|-unboost|p1a: Ninetales|spd|1
|move|p1a: Ninetales|Moonblast|p2a: Hoopa
|-supereffective|p2a: Hoopa
|-damage|p2a: Hoopa|0 fnt
|faint|p2a: Hoopa
|
|-weather|Snowscape|[upkeep]
|upkeep
|
|t:|1760320218
|switch|p2a: Torkoal|Torkoal, F, shiny|88/100
|-weather|SunnyDay|[from] ability: Drought|[of] p2a: Torkoal
|turn|5
|inactive|Barronmaster has 120 seconds left.
|j| gibbereesh
|inactive|Barronmaster has 90 seconds left.
|
|t:|1760320297
|switch|p1a: Slowking|Slowking-Galar, M|100/100
|-damage|p1a: Slowking|88/100|[from] Stealth Rock
|-terastallize|p2a: Torkoal|Fire
|move|p2a: Torkoal|Eruption|p1a: Slowking
|-damage|p1a: Slowking|19/100
|
|-weather|SunnyDay|[upkeep]
|-heal|p1a: Slowking|25/100|[from] item: Leftovers
|upkeep
|turn|6
|inactive|Barronmaster has 60 seconds left.
|
|t:|1760320320
|move|p2a: Torkoal|Eruption|p1a: Slowking
|-damage|p1a: Slowking|0 fnt
|faint|p1a: Slowking
|
|-weather|SunnyDay|[upkeep]
|upkeep
|
|t:|1760320323
|switch|p1a: Hoopa|Hoopa-Unbound|100/100
|-damage|p1a: Hoopa|88/100|[from] Stealth Rock
|turn|7
|
|t:|1760320331
|move|p2a: Torkoal|Eruption|p1a: Hoopa
|-crit|p1a: Hoopa
|-damage|p1a: Hoopa|0 fnt
|faint|p1a: Hoopa
|
|-weather|SunnyDay|[upkeep]
|-fieldend|move: Trick Room
|upkeep
|
|t:|1760320335
|switch|p1a: Indeedee|Indeedee, M|100/100
|-damage|p1a: Indeedee|88/100|[from] Stealth Rock
|-fieldstart|move: Psychic Terrain|[from] ability: Psychic Surge|[of] p1a: Indeedee
|turn|8
|
|t:|1760320343
|switch|p2a: Cresselia|Cresselia, F|100/100
|move|p1a: Indeedee|Expanding Force|p2a: Cresselia
|-resisted|p2a: Cresselia
|-damage|p2a: Cresselia|66/100
|-damage|p1a: Indeedee|78/100|[from] item: Life Orb
|
|-weather|SunnyDay|[upkeep]
|upkeep
|turn|9
|
|t:|1760320351
|switch|p1a: Cloyster|Cloyster, F|91/100
|-damage|p1a: Cloyster|78/100|[from] Stealth Rock
|move|p2a: Cresselia|Trick Room|p2a: Cresselia
|-fieldstart|move: Trick Room|[of] p2a: Cresselia
|
|-weather|none
|-sideend|p1: Barronmaster|move: Aurora Veil
|upkeep
|turn|10
|
|t:|1760320361
|move|p2a: Cresselia|Lunar Dance|p2a: Cresselia
|faint|p2a: Cresselia
|move|p1a: Cloyster|Knock Off|p2: Cresselia|[notarget]
|-fail|p1a: Cloyster
|
|upkeep
|l| opighhhrrrno
|
|t:|1760320374
|switch|p2a: Enamorus|Enamorus-Therian, F|100/100
|turn|11
|
|t:|1760320397
|move|p2a: Enamorus|Moonblast|p1a: Cloyster
|-supereffective|p1a: Cloyster
|-damage|p1a: Cloyster|0 fnt
|replace|p1a: Zoroark|Zoroark, M
|-end|p1a: Zoroark|Illusion
|faint|p1a: Zoroark
|
|upkeep
|
|t:|1760320402
|switch|p1a: Indeedee|Indeedee, M|78/100
|-damage|p1a: Indeedee|66/100|[from] Stealth Rock
|turn|12
|
|t:|1760320407
|move|p2a: Enamorus|Moonblast|p1a: Indeedee
|-crit|p1a: Indeedee
|-damage|p1a: Indeedee|0 fnt
|faint|p1a: Indeedee
|
|-fieldend|move: Psychic Terrain
|upkeep
|-message|Barronmaster forfeited.
|
|win|ciantaihou
|raw|Barronmaster's rating: 1655 &rarr; <strong>1640</strong><br />(-15 for losing)
|raw|ciantaihou's rating: 1752 &rarr; <strong>1767</strong><br />(+15 for winning)
|l|☆Barronmaster
|player|p1|
|l| PG Spectating
|l| gibbereesh
|l|☆ciantaihou
|player|p2|
