|badge|p2|bronze|gen9ou|100-7
|uhtml|medal-msg|<div class="broadcast-blue">Curious what those medals under the avatar are? PS now has Ladder Seasons! For more information, check out the <a href="https://www.smogon.com/forums/threads/3740067/">thread on Smogon.</a></div>
|j|☆Hybbridd
|j|☆Johnny tots
|t:|1760365394
|gametype|singles
|player|p1|Hybbridd|lucas-gen4pt|1646
|player|p2|Johnny tots|101|1842
|gen|9
|tier|[Gen 9] OU
|rated|
|rule|HP Percentage Mod: HP is shown in percentages
|rule|Endless Battle Clause: Forcing endless battles is banned
|rule|Species Clause: Limit one of each Pokémon
|rule|OHKO Clause: OHKO moves are banned
|rule|Evasion Items Clause: Evasion items are banned
|rule|Evasion Moves Clause: Evasion moves are banned
|rule|Evasion Abilities Clause: Evasion abilities are banned
|rule|Sleep Moves Clause: Sleep-inducing moves are banned
|clearpoke
|poke|p1|Ninetales-Alola, F|
|poke|p1|Hatterene, F|
|poke|p1|Manaphy|
|poke|p1|Kyurem|
|poke|p1|Zamazenta-*|
|poke|p1|Rillaboom, M|
|poke|p2|Rillaboom, F|
|poke|p2|Klefki, F|
|poke|p2|Manaphy|
|poke|p2|Ogerpon-Wellspring, F|
|poke|p2|Slowbro-Galar, F|
|poke|p2|Clefable, M|
|teampreview
|j| rerissohot
|
|t:|1760365428
|teamsize|p1|6
|teamsize|p2|6
|start
|switch|p1a: Ninetales|Ninetales-Alola, F, shiny|100/100
|switch|p2a: Klefki|Klefki, F|100/100
|-weather|Snowscape|[from] ability: Snow Warning|[of] p1a: Ninetales
|turn|1
|
|t:|1760365434
|move|p2a: Klefki|Thunder Wave|p1a: Ninetales
|-status|p1a: Ninetales|par
|move|p1a: Ninetales|Aurora Veil|p1a: Ninetales
|-sidestart|p1: Hybbridd|move: Aurora Veil
|
|-weather|Snowscape|[upkeep]
|upkeep
|turn|2
|
|t:|1760365438
|move|p2a: Klefki|Light Screen|p2a: Klefki
|-sidestart|p2: Johnny tots|move: Light Screen
|move|p1a: Ninetales|Encore|p2a: Klefki
|-start|p2a: Klefki|Encore
|
|-weather|Snowscape|[upkeep]
|upkeep
|turn|3
|
|t:|1760365446
|switch|p2a: Rillaboom|Rillaboom, F|100/100
|-fieldstart|move: Grassy Terrain|[from] ability: Grassy Surge|[of] p2a: Rillaboom
|switch|p1a: Kyurem|Kyurem|100/100
|-ability|p1a: Kyurem|Pressure
|
|-weather|Snowscape|[upkeep]
|upkeep
|turn|4
|j| nonchalantbufalant
|
|t:|1760365469
|move|p1a: Kyurem|Icicle Spear|p2a: Rillaboom
|-supereffective|p2a: Rillaboom
|-damage|p2a: Rillaboom|74/100
|-supereffective|p2a: Rillaboom
|-damage|p2a: Rillaboom|48/100
|-supereffective|p2a: Rillaboom
|-damage|p2a: Rillaboom|22/100
|-supereffective|p2a: Rillaboom
|-damage|p2a: Rillaboom|0 fnt
|faint|p2a: Rillaboom
|-hitcount|p2: Rillaboom|4
|
|-weather|Snowscape|[upkeep]
|upkeep
|
|t:|1760365472
|switch|p2a: Klefki|Klefki, F|100/100
|turn|5
|
|t:|1760365476
|switch|p1a: Hatterene|Hatterene, F, shiny|100/100
|-enditem|p1a: Hatterene|Grassy Seed
|-boost|p1a: Hatterene|def|1|[from] item: Grassy Seed
|move|p2a: Klefki|Reflect|p2a: Klefki
|-sidestart|p2: Johnny tots|Reflect
|
|-weather|none
|upkeep
|turn|6
|
|t:|1760365483
|switch|p2a: Slowbro|Slowbro-Galar, F|100/100
|move|p1a: Hatterene|Calm Mind|p1a: Hatterene
|-boost|p1a: Hatterene|spa|1
|-boost|p1a: Hatterene|spd|1
|
|upkeep
|turn|7
|
|t:|1760365487
|-terastallize|p1a: Hatterene|Poison
|move|p1a: Hatterene|Agility|p1a: Hatterene
|-boost|p1a: Hatterene|spe|2
|move|p2a: Slowbro|Nasty Plot|p2a: Slowbro
|-boost|p2a: Slowbro|spa|2
|
|upkeep
|turn|8
|
|t:|1760365502
|-terastallize|p2a: Slowbro|Water
|move|p1a: Hatterene|Calm Mind|p1a: Hatterene
|-boost|p1a: Hatterene|spa|1
|-boost|p1a: Hatterene|spd|1
|move|p2a: Slowbro|Nasty Plot|p2a: Slowbro
|-boost|p2a: Slowbro|spa|2
|
|-sideend|p1: Hybbridd|move: Aurora Veil
|upkeep
|turn|9
|-activate|p2a: Slowbro|item: Quick Claw
|
|t:|1760365509
|move|p2a: Slowbro|Psyshock|p1a: Hatterene
|-supereffective|p1a: Hatterene
|-damage|p1a: Hatterene|0 fnt
|faint|p1a: Hatterene
|
|-sideend|p2: Johnny tots|move: Light Screen
|upkeep
|
|t:|1760365517
|switch|p1a: Rillaboom|Rillaboom, M|100/100
|turn|10
|c|☆Johnny tots|Ur a wild one for that
|
|t:|1760365525
|move|p1a: Rillaboom|Wood Hammer|p2a: Slowbro
|-supereffective|p2a: Slowbro
|-damage|p2a: Slowbro|25/100
|-damage|p1a: Rillaboom|73/100|[from] Recoil
|move|p2a: Slowbro|Flamethrower|p1a: Rillaboom
|-supereffective|p1a: Rillaboom
|-damage|p1a: Rillaboom|0 fnt
|faint|p1a: Rillaboom
|
|-heal|p2a: Slowbro|31/100|[from] Grassy Terrain
|-fieldend|move: Grassy Terrain
|upkeep
|
|t:|1760365539
|switch|p1a: Ninetales|Ninetales-Alola, F, shiny|100/100 par
|-weather|Snowscape|[from] ability: Snow Warning|[of] p1a: Ninetales
|turn|11
|
|t:|1760365542
|move|p1a: Ninetales|Freeze-Dry|p2a: Slowbro
|-supereffective|p2a: Slowbro
|-damage|p2a: Slowbro|0 fnt
|faint|p2a: Slowbro
|
|-weather|Snowscape|[upkeep]
|upkeep
|
|t:|1760365552
|switch|p2a: Klefki|Klefki, F|100/100
|turn|12
|
|t:|1760365557
|move|p2a: Klefki|Light Screen|p2a: Klefki
|-sidestart|p2: Johnny tots|move: Light Screen
|move|p1a: Ninetales|Aurora Veil|p1a: Ninetales
|-sidestart|p1: Hybbridd|move: Aurora Veil
|
|-weather|Snowscape|[upkeep]
|-sideend|p2: Johnny tots|Reflect
|upkeep
|turn|13
|
|t:|1760365561
|switch|p1a: Manaphy|Manaphy|100/100
|move|p2a: Klefki|Thunder Wave|p1a: Manaphy
|-status|p1a: Manaphy|par
|
|-weather|Snowscape|[upkeep]
|upkeep
|turn|14
|
|t:|1760365565
|switch|p2a: Ogerpon|Ogerpon-Wellspring, F|100/100
|cant|p1a: Manaphy|par
|
|-weather|Snowscape|[upkeep]
|upkeep
|turn|15
|
|t:|1760365568
|switch|p1a: Kyurem|Kyurem|100/100
|-ability|p1a: Kyurem|Pressure
|move|p2a: Ogerpon|Swords Dance|p2a: Ogerpon
|-boost|p2a: Ogerpon|atk|2
|
|-weather|none
|upkeep
|turn|16
|
|t:|1760365572
|move|p2a: Ogerpon|Play Rough|p1a: Kyurem
|-supereffective|p1a: Kyurem
|-damage|p1a: Kyurem|36/100
|move|p1a: Kyurem|Dragon Dance|p1a: Kyurem
|-boost|p1a: Kyurem|atk|1
|-boost|p1a: Kyurem|spe|1
|
|upkeep
|turn|17
|
|t:|1760365590
|switch|p2a: Klefki|Klefki, F|100/100
|move|p1a: Kyurem|Scale Shot|p2a: Klefki
|-immune|p2a: Klefki
|
|upkeep
|turn|18
|
|t:|1760365606
|switch|p1a: Ninetales|Ninetales-Alola, F, shiny|100/100 par
|-weather|Snowscape|[from] ability: Snow Warning|[of] p1a: Ninetales
|move|p2a: Klefki|Reflect|p2a: Klefki
|-sidestart|p2: Johnny tots|Reflect
|
|-weather|Snowscape|[upkeep]
|upkeep
|turn|19
|
|t:|1760365614
|move|p2a: Klefki|Spikes|p1a: Ninetales
|-sidestart|p1: Hybbridd|Spikes
|move|p1a: Ninetales|Freeze-Dry|p2a: Klefki
|-resisted|p2a: Klefki
|-damage|p2a: Klefki|95/100
|
|-weather|Snowscape|[upkeep]
|-sideend|p2: Johnny tots|move: Light Screen
|-sideend|p1: Hybbridd|move: Aurora Veil
|upkeep
|turn|20
|
|t:|1760365619
|move|p2a: Klefki|Light Screen|p2a: Klefki
|-sidestart|p2: Johnny tots|move: Light Screen
|move|p1a: Ninetales|Aurora Veil|p1a: Ninetales
|-sidestart|p1: Hybbridd|move: Aurora Veil
|
|-weather|Snowscape|[upkeep]
|upkeep
|turn|21
|
|t:|1760365628
|switch|p1a: Manaphy|Manaphy|100/100 par
|-damage|p1a: Manaphy|88/100 par|[from] Spikes
|move|p2a: Klefki|Thunder Wave|p1a: Manaphy
|-fail|p1a: Manaphy|par
|
|-weather|Snowscape|[upkeep]
|-heal|p1a: Manaphy|94/100 par|[from] item: Leftovers
|upkeep
|turn|22
|
|t:|1760365632
|switch|p2a: Ogerpon|Ogerpon-Wellspring, F|100/100
|move|p1a: Manaphy|Acid Armor|p1a: Manaphy
|-boost|p1a: Manaphy|def|2
|
|-weather|none
|-heal|p1a: Manaphy|100/100 par|[from] item: Leftovers
|upkeep
|turn|23
|
|t:|1760365637
|move|p2a: Ogerpon|Swords Dance|p2a: Ogerpon
|-boost|p2a: Ogerpon|atk|2
|move|p1a: Manaphy|Take Heart|p1a: Manaphy
|-boost|p1a: Manaphy|spa|1
|-boost|p1a: Manaphy|spd|1
|-curestatus|p1a: Manaphy|par|[msg]
|
|upkeep
|turn|24
|
|t:|1760365643
|switch|p1a: Ninetales|Ninetales-Alola, F, shiny|100/100 par
|-damage|p1a: Ninetales|88/100 par|[from] Spikes
|-weather|Snowscape|[from] ability: Snow Warning|[of] p1a: Ninetales
|move|p2a: Ogerpon|Power Whip|p1a: Ninetales|[miss]
|-miss|p2a: Ogerpon|p1a: Ninetales
|
|-weather|Snowscape|[upkeep]
|upkeep
|turn|25
|
|t:|1760365646
|move|p2a: Ogerpon|Ivy Cudgel|p1a: Ninetales|[anim] Ivy Cudgel Water
|-damage|p1a: Ninetales|42/100 par
|move|p1a: Ninetales|Freeze-Dry|p2a: Ogerpon
|-supereffective|p2a: Ogerpon
|-damage|p2a: Ogerpon|57/100
|
|-weather|Snowscape|[upkeep]
|-sideend|p2: Johnny tots|Reflect
|upkeep
|turn|26
|
|t:|1760365654
|move|p2a: Ogerpon|Ivy Cudgel|p1a: Ninetales|[anim] Ivy Cudgel Water
|-damage|p1a: Ninetales|0 fnt
|faint|p1a: Ninetales
|
|-weather|Snowscape|[upkeep]
|upkeep
|
|t:|1760365659
|switch|p1a: Zamazenta|Zamazenta|100/100
|-damage|p1a: Zamazenta|88/100|[from] Spikes
|-ability|p1a: Zamazenta|Dauntless Shield|boost
|-boost|p1a: Zamazenta|def|1
|turn|27
|
|t:|1760365668
|switch|p2a: Klefki|Klefki, F|95/100
|move|p1a: Zamazenta|Substitute|p1a: Zamazenta
|-start|p1a: Zamazenta|Substitute
|-damage|p1a: Zamazenta|63/100
|
|-weather|Snowscape|[upkeep]
|-heal|p1a: Zamazenta|69/100|[from] item: Leftovers
|-sideend|p2: Johnny tots|move: Light Screen
|-sideend|p1: Hybbridd|move: Aurora Veil
|upkeep
|turn|28
|
|t:|1760365670
|move|p2a: Klefki|Reflect|p2a: Klefki
|-sidestart|p2: Johnny tots|Reflect
|move|p1a: Zamazenta|Iron Defense|p1a: Zamazenta
|-boost|p1a: Zamazenta|def|2
|
|-weather|none
|-heal|p1a: Zamazenta|75/100|[from] item: Leftovers
|upkeep
|turn|29
|
|t:|1760365673
|switch|p2a: Clefable|Clefable, M|100/100
|move|p1a: Zamazenta|Iron Defense|p1a: Zamazenta
|-boost|p1a: Zamazenta|def|2
|
|-heal|p1a: Zamazenta|81/100|[from] item: Leftovers
|upkeep
|turn|30
|
|t:|1760365681
|switch|p1a: Manaphy|Manaphy|100/100
|-damage|p1a: Manaphy|88/100|[from] Spikes
|move|p2a: Clefable|Moonblast|p1a: Manaphy
|-crit|p1a: Manaphy
|-damage|p1a: Manaphy|40/100
|
|-heal|p1a: Manaphy|47/100|[from] item: Leftovers
|upkeep
|turn|31
|
|t:|1760365684
|move|p1a: Manaphy|Take Heart|p1a: Manaphy
|-boost|p1a: Manaphy|spa|1
|-boost|p1a: Manaphy|spd|1
|move|p2a: Clefable|Calm Mind|p2a: Clefable
|-boost|p2a: Clefable|spa|1
|-boost|p2a: Clefable|spd|1
|
|-heal|p1a: Manaphy|53/100|[from] item: Leftovers
|upkeep
|turn|32
|
|t:|1760365693
|move|p1a: Manaphy|Take Heart|p1a: Manaphy
|-boost|p1a: Manaphy|spa|1
|-boost|p1a: Manaphy|spd|1
|move|p2a: Clefable|Moonblast|p1a: Manaphy
|-damage|p1a: Manaphy|26/100
|
|-heal|p1a: Manaphy|32/100|[from] item: Leftovers
|upkeep
|turn|33
|
|t:|1760365703
|move|p1a: Manaphy|Stored Power|p2a: Clefable
|-damage|p2a: Clefable|72/100
|move|p2a: Clefable|Calm Mind|p2a: Clefable
|-boost|p2a: Clefable|spa|1
|-boost|p2a: Clefable|spd|1
|
|-heal|p1a: Manaphy|38/100|[from] item: Leftovers
|-heal|p2a: Clefable|78/100|[from] item: Leftovers
|upkeep
|turn|34
|
|t:|1760365707
|move|p1a: Manaphy|Take Heart|p1a: Manaphy
|-boost|p1a: Manaphy|spa|1
|-boost|p1a: Manaphy|spd|1
|move|p2a: Clefable|Psyshock|p1a: Manaphy
|-damage|p1a: Manaphy|3/100
|
|-heal|p1a: Manaphy|9/100|[from] item: Leftovers
|-heal|p2a: Clefable|84/100|[from] item: Leftovers
|upkeep
|turn|35
|
|t:|1760365709
|move|p1a: Manaphy|Stored Power|p2a: Clefable
|-damage|p2a: Clefable|42/100
|move|p2a: Clefable|Psyshock|p1a: Manaphy
|-damage|p1a: Manaphy|0 fnt
|faint|p1a: Manaphy
|
|-heal|p2a: Clefable|48/100|[from] item: Leftovers
|-sideend|p2: Johnny tots|Reflect
|upkeep
|
|t:|1760365713
|switch|p1a: Kyurem|Kyurem|36/100
|-damage|p1a: Kyurem|24/100|[from] Spikes
|-ability|p1a: Kyurem|Pressure
|turn|36
|
|t:|1760365723
|move|p1a: Kyurem|Icicle Spear|p2a: Clefable
|-damage|p2a: Clefable|35/100
|-crit|p2a: Clefable
|-damage|p2a: Clefable|15/100
|-damage|p2a: Clefable|3/100
|-damage|p2a: Clefable|0 fnt
|faint|p2a: Clefable
|-hitcount|p2: Clefable|4
|
|upkeep
|
|t:|1760365724
|switch|p2a: Ogerpon|Ogerpon-Wellspring, F|57/100
|turn|37
|
|t:|1760365731
|move|p2a: Ogerpon|Play Rough|p1a: Kyurem
|-supereffective|p1a: Kyurem
|-crit|p1a: Kyurem
|-damage|p1a: Kyurem|0 fnt
|faint|p1a: Kyurem
|
|upkeep
|
|t:|1760365732
|switch|p1a: Zamazenta|Zamazenta|81/100
|-damage|p1a: Zamazenta|69/100|[from] Spikes
|turn|38
|
|t:|1760365743
|move|p1a: Zamazenta|Body Press|p2a: Ogerpon
|-damage|p2a: Ogerpon|4/100
|move|p2a: Ogerpon|Play Rough|p1a: Zamazenta|[miss]
|-miss|p2a: Ogerpon|p1a: Zamazenta
|
|-heal|p1a: Zamazenta|75/100|[from] item: Leftovers
|upkeep
|turn|39
|j| Swagboss123456789
|
|t:|1760365750
|move|p1a: Zamazenta|Body Press|p2a: Ogerpon
|-damage|p2a: Ogerpon|0 fnt
|faint|p2a: Ogerpon
|
|-heal|p1a: Zamazenta|81/100|[from] item: Leftovers
|upkeep
|
|t:|1760365752
|switch|p2a: Klefki|Klefki, F|95/100
|turn|40
|
|t:|1760365754
|move|p2a: Klefki|Thunder Wave|p1a: Zamazenta
|-status|p1a: Zamazenta|par
|move|p1a: Zamazenta|Substitute|p1a: Zamazenta
|-start|p1a: Zamazenta|Substitute
|-damage|p1a: Zamazenta|56/100 par
|
|-heal|p1a: Zamazenta|62/100 par|[from] item: Leftovers
|upkeep
|turn|41
|
|t:|1760365757
|move|p2a: Klefki|Reflect|p2a: Klefki
|-sidestart|p2: Johnny tots|Reflect
|cant|p1a: Zamazenta|par
|
|-heal|p1a: Zamazenta|69/100 par|[from] item: Leftovers
|upkeep
|turn|42
|
|t:|1760365758
|switch|p2a: Manaphy|Manaphy|100/100
|cant|p1a: Zamazenta|par
|
|-heal|p1a: Zamazenta|75/100 par|[from] item: Leftovers
|upkeep
|turn|43
|
|t:|1760365760
|move|p2a: Manaphy|Acid Armor|p2a: Manaphy
|-boost|p2a: Manaphy|def|2
|move|p1a: Zamazenta|Iron Defense|p1a: Zamazenta
|-boost|p1a: Zamazenta|def|2
|
|-heal|p1a: Zamazenta|81/100 par|[from] item: Leftovers
|upkeep
|turn|44
|
|t:|1760365763
|move|p2a: Manaphy|Take Heart|p2a: Manaphy
|-boost|p2a: Manaphy|spa|1
|-boost|p2a: Manaphy|spd|1
|move|p1a: Zamazenta|Iron Defense|p1a: Zamazenta
|-boost|p1a: Zamazenta|def|2
|
|-heal|p1a: Zamazenta|87/100 par|[from] item: Leftovers
|upkeep
|turn|45
|
|t:|1760365768
|move|p2a: Manaphy|Stored Power|p1a: Zamazenta
|-supereffective|p1a: Zamazenta
|-end|p1a: Zamazenta|Substitute
|move|p1a: Zamazenta|Iron Defense|p1a: Zamazenta
|-boost|p1a: Zamazenta|def|2
|
|-heal|p1a: Zamazenta|93/100 par|[from] item: Leftovers
|upkeep
|turn|46
|
|t:|1760365771
|move|p2a: Manaphy|Stored Power|p1a: Zamazenta
|-supereffective|p1a: Zamazenta
|-damage|p1a: Zamazenta|8/100 par
|cant|p1a: Zamazenta|par
|
|-heal|p1a: Zamazenta|14/100 par|[from] item: Leftovers
|upkeep
|turn|47
|-message|Hybbridd forfeited.
|
|win|Johnny tots
|raw|Hybbridd's rating: 1646 &rarr; <strong>1636</strong><br />(-10 for losing)
|raw|Johnny tots's rating: 1842 &rarr; <strong>1852</strong><br />(+10 for winning)
|l|☆Johnny tots
|player|p2|
|l|☆Hybbridd
|player|p1|
|l| rerissohot
|l| Swagboss123456789
