|badge|p2|silver|gen9doublesou|30-7
|badge|p2|bronze|gen9ru|100-7
|uhtml|medal-msg|<div class="broadcast-blue">Curious what those medals under the avatar are? PS now has Ladder Seasons! For more information, check out the <a href="https://www.smogon.com/forums/threads/3740067/">thread on Smogon.</a></div>
|j|☆mir merchant
|j|☆3idk
|t:|1760416217
|gametype|singles
|player|p1|mir merchant|170|1669
|player|p2|3idk|cynthia-masters|1670
|gen|9
|tier|[Gen 9] OU
|rated|
|rule|HP Percentage Mod: HP is shown in percentages
|rule|Endless Battle Clause: Forcing endless battles is banned
|rule|Species Clause: Limit one of each Pokémon
|rule|OHKO Clause: OHKO moves are banned
|rule|Evasion Items Clause: Evasion items are banned
|rule|Evasion Moves Clause: Evasion moves are banned
|rule|Evasion Abilities Clause: Evasion abilities are banned
|rule|Sleep Moves Clause: Sleep-inducing moves are banned
|clearpoke
|poke|p1|Deoxys-Speed|
|poke|p1|Dragonite, F|
|poke|p1|Darkrai|
|poke|p1|Iron Moth|
|poke|p1|Scizor, F|
|poke|p1|Great Tusk|
|poke|p2|Pelipper, M|
|poke|p2|Tornadus-Therian, M|
|poke|p2|Iron Treads|
|poke|p2|Decidueye-Hisui, F|
|poke|p2|Barraskewda, F|
|poke|p2|Raging Bolt|
|teampreview
|inactive|Battle timer is ON: inactive players will automatically lose when time's up. (requested by 3idk)
|
|t:|1760416223
|teamsize|p1|6
|teamsize|p2|6
|start
|switch|p1a: Deoxys|Deoxys-Speed|100/100
|switch|p2a: Pelipper|Pelipper, M|100/100
|-ability|p1a: Deoxys|Pressure
|-weather|RainDance|[from] ability: Drizzle|[of] p2a: Pelipper
|turn|1
|
|t:|1760416228
|switch|p2a: Iron Treads|Iron Treads|100/100
|move|p1a: Deoxys|Stealth Rock|p2a: Iron Treads
|-sidestart|p2: 3idk|move: Stealth Rock
|
|-weather|RainDance|[upkeep]
|upkeep
|turn|2
|
|t:|1760416239
|switch|p1a: Darkrai|Darkrai|100/100
|move|p2a: Iron Treads|Rapid Spin|p1a: Darkrai
|-damage|p1a: Darkrai|84/100
|-boost|p2a: Iron Treads|spe|1
|-sideend|p2: 3idk|Stealth Rock|[from] move: Rapid Spin|[of] p2a: Iron Treads
|
|-weather|RainDance|[upkeep]
|upkeep
|turn|3
|
|t:|1760416245
|move|p1a: Darkrai|Focus Blast|p2a: Iron Treads
|-supereffective|p2a: Iron Treads
|-damage|p2a: Iron Treads|14/100
|-damage|p1a: Darkrai|75/100|[from] item: Life Orb
|move|p2a: Iron Treads|Earthquake|p1a: Darkrai
|-damage|p1a: Darkrai|25/100
|
|-weather|RainDance|[upkeep]
|-heal|p2a: Iron Treads|20/100|[from] item: Leftovers
|upkeep
|turn|4
|
|t:|1760416252
|move|p1a: Darkrai|Dark Pulse|p2a: Iron Treads
|-damage|p2a: Iron Treads|0 fnt
|faint|p2a: Iron Treads
|-end|p2a: Iron Treads|Quark Drive|[silent]
|-damage|p1a: Darkrai|15/100|[from] item: Life Orb
|
|-weather|RainDance|[upkeep]
|upkeep
|
|t:|1760416255
|switch|p2a: Barraskewda|Barraskewda, F|100/100
|turn|5
|
|t:|1760416264
|move|p1a: Darkrai|Sucker Punch|p2a: Barraskewda
|-damage|p2a: Barraskewda|44/100
|-damage|p1a: Darkrai|5/100|[from] item: Life Orb
|move|p2a: Barraskewda|Liquidation|p1a: Darkrai
|-damage|p1a: Darkrai|0 fnt
|faint|p1a: Darkrai
|-damage|p2a: Barraskewda|34/100|[from] item: Life Orb
|
|-weather|RainDance|[upkeep]
|upkeep
|
|t:|1760416268
|switch|p1a: Scizor|Scizor, F|100/100
|turn|6
|
|t:|1760416272
|switch|p2a: Decidueye|Decidueye-Hisui, F|100/100
|move|p1a: Scizor|Bullet Punch|p2a: Decidueye
|-damage|p2a: Decidueye|62/100
|-damage|p1a: Scizor|84/100|[from] item: Rocky Helmet|[of] p2a: Decidueye
|
|-weather|RainDance|[upkeep]
|upkeep
|turn|7
|
|t:|1760416278
|switch|p1a: Deoxys|Deoxys-Speed|100/100
|-ability|p1a: Deoxys|Pressure
|move|p2a: Decidueye|U-turn|p1a: Deoxys
|-supereffective|p1a: Deoxys
|-damage|p1a: Deoxys|58/100
|-damage|p2a: Decidueye|45/100|[from] item: Rocky Helmet|[of] p1a: Deoxys
|
|t:|1760416282
|switch|p2a: Barraskewda|Barraskewda, F|34/100|[from] U-turn
|
|-weather|RainDance|[upkeep]
|upkeep
|turn|8
|
|t:|1760416285
|move|p2a: Barraskewda|Liquidation|p1a: Deoxys
|-damage|p1a: Deoxys|0 fnt
|-damage|p2a: Barraskewda|18/100|[from] item: Rocky Helmet|[of] p1a: Deoxys
|faint|p1a: Deoxys
|-damage|p2a: Barraskewda|8/100|[from] item: Life Orb
|
|-weather|none
|upkeep
|
|t:|1760416287
|switch|p1a: Dragonite|Dragonite, F|100/100
|turn|9
|
|t:|1760416291
|move|p2a: Barraskewda|Flip Turn|p1a: Dragonite
|-resisted|p1a: Dragonite
|-damage|p1a: Dragonite|88/100
|-damage|p2a: Barraskewda|0 fnt|[from] item: Life Orb
|faint|p2a: Barraskewda
|move|p1a: Dragonite|Dragon Dance|p1a: Dragonite
|-boost|p1a: Dragonite|atk|1
|-boost|p1a: Dragonite|spe|1
|
|upkeep
|
|t:|1760416298
|switch|p2a: Pelipper|Pelipper, M|100/100
|-weather|RainDance|[from] ability: Drizzle|[of] p2a: Pelipper
|turn|10
|
|t:|1760416301
|move|p1a: Dragonite|Dragon Dance|p1a: Dragonite
|-boost|p1a: Dragonite|atk|1
|-boost|p1a: Dragonite|spe|1
|move|p2a: Pelipper|Hurricane|p1a: Dragonite
|-damage|p1a: Dragonite|47/100
|-start|p1a: Dragonite|confusion
|
|-weather|RainDance|[upkeep]
|upkeep
|turn|11
|
|t:|1760416305
|-terastallize|p1a: Dragonite|Ghost
|-activate|p1a: Dragonite|confusion
|move|p1a: Dragonite|Tera Blast|p2a: Pelipper|[anim] Tera Blast Ghost
|-damage|p2a: Pelipper|23/100
|move|p2a: Pelipper|Hurricane|p1a: Dragonite
|-damage|p1a: Dragonite|11/100
|
|-weather|RainDance|[upkeep]
|upkeep
|turn|12
|
|t:|1760416319
|-activate|p1a: Dragonite|confusion
|move|p1a: Dragonite|Tera Blast|p2a: Pelipper|[anim] Tera Blast Ghost
|-damage|p2a: Pelipper|0 fnt
|faint|p2a: Pelipper
|
|-weather|RainDance|[upkeep]
|upkeep
|
|t:|1760416322
|switch|p2a: Raging Bolt|Raging Bolt|100/100
|-enditem|p2a: Raging Bolt|Booster Energy
|-activate|p2a: Raging Bolt|ability: Protosynthesis|[fromitem]
|-start|p2a: Raging Bolt|protosynthesisspa
|turn|13
|
|t:|1760416325
|move|p2a: Raging Bolt|Thunderclap|p1a: Dragonite
|-damage|p1a: Dragonite|0 fnt
|faint|p1a: Dragonite
|
|-weather|RainDance|[upkeep]
|upkeep
|
|t:|1760416327
|switch|p1a: Great Tusk|Great Tusk|100/100
|-enditem|p1a: Great Tusk|Booster Energy
|-activate|p1a: Great Tusk|ability: Protosynthesis|[fromitem]
|-start|p1a: Great Tusk|protosynthesisspe
|turn|14
|
|t:|1760416334
|-terastallize|p2a: Raging Bolt|Bug
|move|p1a: Great Tusk|Headlong Rush|p2a: Raging Bolt
|-resisted|p2a: Raging Bolt
|-damage|p2a: Raging Bolt|76/100
|-unboost|p1a: Great Tusk|def|1
|-unboost|p1a: Great Tusk|spd|1
|move|p2a: Raging Bolt|Weather Ball|p1a: Great Tusk
|-supereffective|p1a: Great Tusk
|-damage|p1a: Great Tusk|0 fnt
|faint|p1a: Great Tusk
|-end|p1a: Great Tusk|Protosynthesis|[silent]
|
|-weather|RainDance|[upkeep]
|upkeep
|
|t:|1760416343
|switch|p1a: Scizor|Scizor, F|84/100
|turn|15
|
|t:|1760416347
|move|p1a: Scizor|Bullet Punch|p2a: Raging Bolt
|-damage|p2a: Raging Bolt|31/100
|move|p2a: Raging Bolt|Thunder|p1a: Scizor
|-damage|p1a: Scizor|0 fnt
|faint|p1a: Scizor
|
|-weather|RainDance|[upkeep]
|upkeep
|
|t:|1760416349
|switch|p1a: Iron Moth|Iron Moth|100/100
|-enditem|p1a: Iron Moth|Booster Energy
|-activate|p1a: Iron Moth|ability: Quark Drive|[fromitem]
|-start|p1a: Iron Moth|quarkdrivespe
|turn|16
|
|t:|1760416353
|move|p1a: Iron Moth|Fiery Dance|p2a: Raging Bolt
|-supereffective|p2a: Raging Bolt
|-damage|p2a: Raging Bolt|0 fnt
|-boost|p1a: Iron Moth|spa|1
|faint|p2a: Raging Bolt
|-end|p2a: Raging Bolt|Protosynthesis|[silent]
|
|-weather|RainDance|[upkeep]
|upkeep
|
|t:|1760416356
|switch|p2a: Tornadus|Tornadus-Therian, M|100/100
|turn|17
|
|t:|1760416359
|move|p1a: Iron Moth|Sludge Wave|p2a: Tornadus
|-damage|p2a: Tornadus|10/100
|move|p2a: Tornadus|Weather Ball|p1a: Iron Moth
|-supereffective|p1a: Iron Moth
|-damage|p1a: Iron Moth|0 fnt
|faint|p1a: Iron Moth
|-end|p1a: Iron Moth|Quark Drive|[silent]
|
|win|3idk
|raw|mir merchant's rating: 1669 &rarr; <strong>1649</strong><br />(-20 for losing)
|raw|3idk's rating: 1670 &rarr; <strong>1690</strong><br />(+20 for winning)
|l|☆mir merchant
|player|p1|
|l|☆3idk
|player|p2|
