|j|☆softhaze
|j|☆EsperFell
|t:|1760328630
|gametype|singles
|player|p1|softhaze|170|1200
|player|p2|EsperFell|plasmagruntf|1171
|gen|9
|tier|[Gen 9] OU
|rated|
|rule|HP Percentage Mod: HP is shown in percentages
|rule|Endless Battle Clause: Forcing endless battles is banned
|rule|Species Clause: Limit one of each Pokémon
|rule|OHKO Clause: OHKO moves are banned
|rule|Evasion Items Clause: Evasion items are banned
|rule|Evasion Moves Clause: Evasion moves are banned
|rule|Evasion Abilities Clause: Evasion abilities are banned
|rule|Sleep Moves Clause: Sleep-inducing moves are banned
|clearpoke
|poke|p1|Gholdengo|
|poke|p1|Grimmsnarl, M|
|poke|p1|Iron Valiant|
|poke|p1|Hatterene, F|
|poke|p1|Rillaboom, M|
|poke|p1|Great Tusk|
|poke|p2|Pecharunt|
|poke|p2|Darkrai|
|poke|p2|Zamazenta-*|
|poke|p2|Moltres-Galar|
|poke|p2|Samurott-Hisui, F|
|poke|p2|Iron Valiant|
|teampreview
|
|t:|1760328638
|teamsize|p1|6
|teamsize|p2|6
|start
|switch|p1a: Grimmsnarl|Grimmsnarl, M|100/100
|switch|p2a: Samurott|Samurott-Hisui, F|100/100
|turn|1
|
|t:|1760328645
|move|p1a: Grimmsnarl|Light Screen|p1a: Grimmsnarl
|-sidestart|p1: softhaze|move: Light Screen
|move|p2a: Samurott|Ceaseless Edge|p1a: Grimmsnarl
|-resisted|p1a: Grimmsnarl
|-damage|p1a: Grimmsnarl|92/100
|-sidestart|p1: softhaze|Spikes
|
|upkeep
|turn|2
|
|t:|1760328656
|switch|p2a: Zamazenta|Zamazenta|100/100
|-ability|p2a: Zamazenta|Dauntless Shield|boost
|-boost|p2a: Zamazenta|def|1
|move|p1a: Grimmsnarl|Reflect|p1a: Grimmsnarl
|-sidestart|p1: softhaze|Reflect
|
|upkeep
|turn|3
|
|t:|1760328663
|move|p1a: Grimmsnarl|Parting Shot|p2a: Zamazenta
|-unboost|p2a: Zamazenta|atk|1
|-unboost|p2a: Zamazenta|spa|1
|
|t:|1760328668
|switch|p1a: Gholdengo|Gholdengo|100/100|[from] Parting Shot
|-damage|p1a: Gholdengo|88/100|[from] Spikes
|move|p2a: Zamazenta|Iron Defense|p2a: Zamazenta
|-boost|p2a: Zamazenta|def|2
|
|upkeep
|turn|4
|
|t:|1760328675
|move|p1a: Gholdengo|Nasty Plot|p1a: Gholdengo
|-boost|p1a: Gholdengo|spa|2
|move|p2a: Zamazenta|Roar|p1a: Gholdengo
|-immune|p1a: Gholdengo|[from] ability: Good as Gold
|
|upkeep
|turn|5
|
|t:|1760328687
|move|p2a: Zamazenta|Crunch|p1a: Gholdengo
|-supereffective|p1a: Gholdengo
|-damage|p1a: Gholdengo|77/100
|move|p1a: Gholdengo|Nasty Plot|p1a: Gholdengo
|-boost|p1a: Gholdengo|spa|2
|
|upkeep
|turn|6
|
|t:|1760328699
|switch|p2a: Darkrai|Darkrai|100/100
|move|p1a: Gholdengo|Psyshock|p2a: Darkrai
|-immune|p2a: Darkrai
|
|upkeep
|turn|7
|
|t:|1760328707
|move|p2a: Darkrai|Shadow Ball|p1a: Gholdengo
|-supereffective|p1a: Gholdengo
|-damage|p1a: Gholdengo|50/100
|-unboost|p1a: Gholdengo|spd|1
|move|p1a: Gholdengo|Focus Blast|p2a: Darkrai
|-supereffective|p2a: Darkrai
|-damage|p2a: Darkrai|0 fnt
|faint|p2a: Darkrai
|
|upkeep
|
|t:|1760328717
|switch|p2a: Iron Valiant|Iron Valiant|100/100
|turn|8
|
|t:|1760328722
|move|p2a: Iron Valiant|Shadow Ball|p1a: Gholdengo
|-supereffective|p1a: Gholdengo
|-crit|p1a: Gholdengo
|-damage|p1a: Gholdengo|0 fnt
|faint|p1a: Gholdengo
|
|-sideend|p1: softhaze|move: Light Screen
|upkeep
|
|t:|1760328729
|switch|p1a: Iron Valiant|Iron Valiant|100/100
|-damage|p1a: Iron Valiant|88/100|[from] Spikes
|-enditem|p1a: Iron Valiant|Booster Energy
|-activate|p1a: Iron Valiant|ability: Quark Drive|[fromitem]
|-start|p1a: Iron Valiant|quarkdrivespe
|turn|9
|
|t:|1760328741
|-end|p2a: Iron Valiant|Quark Drive|[silent]
|switch|p2a: Pecharunt|Pecharunt|100/100
|move|p1a: Iron Valiant|Moonblast|p2a: Pecharunt
|-resisted|p2a: Pecharunt
|-damage|p2a: Pecharunt|75/100
|
|-sideend|p1: softhaze|Reflect
|upkeep
|turn|10
|
|t:|1760328750
|-terastallize|p2a: Pecharunt|Dark
|move|p1a: Iron Valiant|Calm Mind|p1a: Iron Valiant
|-boost|p1a: Iron Valiant|spa|1
|-boost|p1a: Iron Valiant|spd|1
|move|p2a: Pecharunt|Malignant Chain|p1a: Iron Valiant
|-supereffective|p1a: Iron Valiant
|-damage|p1a: Iron Valiant|19/100
|-status|p1a: Iron Valiant|tox
|-start|p1a: Iron Valiant|confusion|[from] ability: Poison Puppeteer|[of] p2a: Pecharunt
|
|-damage|p1a: Iron Valiant|13/100 tox|[from] psn
|upkeep
|turn|11
|
|t:|1760328761
|-activate|p1a: Iron Valiant|confusion
|move|p1a: Iron Valiant|Moonblast|p2a: Pecharunt
|-supereffective|p2a: Pecharunt
|-damage|p2a: Pecharunt|0 fnt
|faint|p2a: Pecharunt
|
|-damage|p1a: Iron Valiant|0 fnt|[from] psn
|faint|p1a: Iron Valiant
|-end|p1a: Iron Valiant|Quark Drive|[silent]
|upkeep
|
|t:|1760328769
|switch|p1a: Grimmsnarl|Grimmsnarl, M|92/100
|switch|p2a: Samurott|Samurott-Hisui, F|100/100
|-damage|p1a: Grimmsnarl|80/100|[from] Spikes
|turn|12
|
|t:|1760328775
|switch|p2a: Zamazenta|Zamazenta|100/100
|move|p1a: Grimmsnarl|Reflect|p1a: Grimmsnarl
|-sidestart|p1: softhaze|Reflect
|
|upkeep
|turn|13
|
|t:|1760328780
|move|p1a: Grimmsnarl|Light Screen|p1a: Grimmsnarl
|-sidestart|p1: softhaze|move: Light Screen
|move|p2a: Zamazenta|Body Press|p1a: Grimmsnarl
|-damage|p1a: Grimmsnarl|65/100
|
|upkeep
|turn|14
|
|t:|1760328787
|move|p1a: Grimmsnarl|Parting Shot|p2a: Zamazenta
|-unboost|p2a: Zamazenta|atk|1
|-unboost|p2a: Zamazenta|spa|1
|
|t:|1760328789
|switch|p1a: Hatterene|Hatterene, F|100/100|[from] Parting Shot
|-damage|p1a: Hatterene|88/100|[from] Spikes
|move|p2a: Zamazenta|Iron Defense|p2a: Zamazenta
|-boost|p2a: Zamazenta|def|2
|
|upkeep
|turn|15
|
|t:|1760328800
|move|p1a: Hatterene|Calm Mind|p1a: Hatterene
|-boost|p1a: Hatterene|spa|1
|-boost|p1a: Hatterene|spd|1
|move|p2a: Zamazenta|Roar|p1a: Hatterene
|move|p1a: Hatterene|Roar|p2a: Zamazenta|[from] ability: Magic Bounce
|drag|p2a: Iron Valiant|Iron Valiant|100/100
|
|upkeep
|turn|16
|
|t:|1760328811
|move|p2a: Iron Valiant|Trick|p1a: Hatterene
|-activate|p2a: Iron Valiant|move: Trick|[of] p1a: Hatterene
|-item|p1a: Hatterene|Choice Specs|[from] move: Trick
|-item|p2a: Iron Valiant|Covert Cloak|[from] move: Trick
|move|p1a: Hatterene|Calm Mind|p1a: Hatterene
|-boost|p1a: Hatterene|spa|1
|-boost|p1a: Hatterene|spd|1
|
|upkeep
|turn|17
|
|t:|1760328821
|switch|p1a: Rillaboom|Rillaboom, M|100/100
|-damage|p1a: Rillaboom|88/100|[from] Spikes
|-fieldstart|move: Grassy Terrain|[from] ability: Grassy Surge|[of] p1a: Rillaboom
|move|p2a: Iron Valiant|Shadow Ball|p1a: Rillaboom
|-damage|p1a: Rillaboom|73/100
|
|-heal|p1a: Rillaboom|79/100|[from] Grassy Terrain
|upkeep
|turn|18
|
|t:|1760328831
|move|p2a: Iron Valiant|Shadow Ball|p1a: Rillaboom
|-damage|p1a: Rillaboom|65/100
|-unboost|p1a: Rillaboom|spd|1
|move|p1a: Rillaboom|Swords Dance|p1a: Rillaboom
|-boost|p1a: Rillaboom|atk|2
|
|-heal|p1a: Rillaboom|71/100|[from] Grassy Terrain
|upkeep
|turn|19
|
|t:|1760328842
|-end|p2a: Iron Valiant|Quark Drive|[silent]
|switch|p2a: Zamazenta|Zamazenta|100/100
|move|p1a: Rillaboom|Grassy Glide|p2a: Zamazenta
|-damage|p2a: Zamazenta|30/100
|-damage|p1a: Rillaboom|61/100|[from] item: Life Orb
|
|-heal|p2a: Zamazenta|36/100|[from] Grassy Terrain
|-heal|p2a: Zamazenta|43/100|[from] item: Leftovers
|-heal|p1a: Rillaboom|67/100|[from] Grassy Terrain
|-sideend|p1: softhaze|Reflect
|upkeep
|turn|20
|
|t:|1760328853
|move|p1a: Rillaboom|Earthquake|p2a: Zamazenta
|-damage|p2a: Zamazenta|5/100
|-damage|p1a: Rillaboom|57/100|[from] item: Life Orb
|move|p2a: Zamazenta|Roar|p1a: Rillaboom
|drag|p1a: Great Tusk|Great Tusk|100/100
|
|-heal|p2a: Zamazenta|12/100|[from] Grassy Terrain
|-heal|p2a: Zamazenta|18/100|[from] item: Leftovers
|-sideend|p1: softhaze|move: Light Screen
|upkeep
|turn|21
|
|t:|1760328872
|switch|p2a: Moltres|Moltres-Galar|100/100
|move|p1a: Great Tusk|Headlong Rush|p2a: Moltres
|-immune|p2a: Moltres
|
|-fieldend|move: Grassy Terrain
|upkeep
|turn|22
|
|t:|1760328884
|move|p1a: Great Tusk|Ice Spinner|p2a: Moltres
|-supereffective|p2a: Moltres
|-damage|p2a: Moltres|37/100
|-ability|p2a: Moltres|Berserk|boost
|-boost|p2a: Moltres|spa|1
|-enditem|p2a: Moltres|Sitrus Berry|[eat]
|-heal|p2a: Moltres|62/100|[from] item: Sitrus Berry
|move|p2a: Moltres|Agility|p2a: Moltres
|-boost|p2a: Moltres|spe|2
|
|upkeep
|turn|23
|
|t:|1760328895
|move|p2a: Moltres|Fiery Wrath|p1a: Great Tusk
|-resisted|p1a: Great Tusk
|-damage|p1a: Great Tusk|54/100
|move|p1a: Great Tusk|Ice Spinner|p2a: Moltres
|-supereffective|p2a: Moltres
|-damage|p2a: Moltres|0 fnt
|faint|p2a: Moltres
|
|upkeep
|
|t:|1760328902
|switch|p2a: Samurott|Samurott-Hisui, F|100/100
|turn|24
|
|t:|1760328905
|move|p1a: Great Tusk|Headlong Rush|p2a: Samurott
|-damage|p2a: Samurott|27/100
|-unboost|p1a: Great Tusk|def|1
|-unboost|p1a: Great Tusk|spd|1
|move|p2a: Samurott|Razor Shell|p1a: Great Tusk
|-supereffective|p1a: Great Tusk
|-damage|p1a: Great Tusk|0 fnt
|faint|p1a: Great Tusk
|-end|p1a: Great Tusk|Protosynthesis|[silent]
|
|upkeep
|
|t:|1760328912
|switch|p1a: Rillaboom|Rillaboom, M|57/100
|-damage|p1a: Rillaboom|45/100|[from] Spikes
|-fieldstart|move: Grassy Terrain|[from] ability: Grassy Surge|[of] p1a: Rillaboom
|turn|25
|
|t:|1760328919
|-terastallize|p1a: Rillaboom|Grass
|move|p1a: Rillaboom|Grassy Glide|p2a: Samurott
|-supereffective|p2a: Samurott
|-damage|p2a: Samurott|0 fnt
|faint|p2a: Samurott
|-damage|p1a: Rillaboom|35/100|[from] item: Life Orb
|
|-heal|p1a: Rillaboom|41/100|[from] Grassy Terrain
|upkeep
|
|t:|1760328929
|switch|p2a: Iron Valiant|Iron Valiant|100/100
|turn|26
|
|t:|1760328936
|move|p1a: Rillaboom|Grassy Glide|p2a: Iron Valiant
|-damage|p2a: Iron Valiant|9/100
|-damage|p1a: Rillaboom|31/100|[from] item: Life Orb
|move|p2a: Iron Valiant|Shadow Ball|p1a: Rillaboom
|-damage|p1a: Rillaboom|3/100
|
|-heal|p2a: Iron Valiant|15/100|[from] Grassy Terrain
|-heal|p1a: Rillaboom|9/100|[from] Grassy Terrain
|upkeep
|turn|27
|
|t:|1760328945
|switch|p1a: Grimmsnarl|Grimmsnarl, M|65/100
|-damage|p1a: Grimmsnarl|53/100|[from] Spikes
|move|p2a: Iron Valiant|Shadow Ball|p1a: Grimmsnarl
|-resisted|p1a: Grimmsnarl
|-crit|p1a: Grimmsnarl
|-damage|p1a: Grimmsnarl|31/100
|
|-heal|p2a: Iron Valiant|21/100|[from] Grassy Terrain
|-heal|p1a: Grimmsnarl|37/100|[from] Grassy Terrain
|upkeep
|turn|28
|
|t:|1760328959
|move|p1a: Grimmsnarl|Parting Shot|p2a: Iron Valiant
|-unboost|p2a: Iron Valiant|atk|1
|-unboost|p2a: Iron Valiant|spa|1
|
|t:|1760328962
|switch|p1a: Hatterene|Hatterene, F|88/100|[from] Parting Shot
|-damage|p1a: Hatterene|76/100|[from] Spikes
|move|p2a: Iron Valiant|Thunderbolt|p1a: Hatterene
|-damage|p1a: Hatterene|54/100
|
|-heal|p2a: Iron Valiant|27/100|[from] Grassy Terrain
|-heal|p1a: Hatterene|60/100|[from] Grassy Terrain
|upkeep
|turn|29
|
|t:|1760328973
|move|p2a: Iron Valiant|Shadow Ball|p1a: Hatterene
|-supereffective|p1a: Hatterene
|-damage|p1a: Hatterene|26/100
|move|p1a: Hatterene|Draining Kiss|p2a: Iron Valiant
|-supereffective|p2a: Iron Valiant
|-damage|p2a: Iron Valiant|0 fnt
|-heal|p1a: Hatterene|45/100|[from] drain|[of] p2a: Iron Valiant
|faint|p2a: Iron Valiant
|-end|p2a: Iron Valiant|Quark Drive|[silent]
|
|-heal|p1a: Hatterene|51/100|[from] Grassy Terrain
|-fieldend|move: Grassy Terrain
|upkeep
|
|t:|1760328983
|switch|p2a: Zamazenta|Zamazenta|18/100
|turn|30
|
|t:|1760328987
|move|p2a: Zamazenta|Crunch|p1a: Hatterene
|-damage|p1a: Hatterene|33/100
|-unboost|p1a: Hatterene|def|1
|move|p1a: Hatterene|Draining Kiss|p2a: Zamazenta
|-supereffective|p2a: Zamazenta
|-damage|p2a: Zamazenta|0 fnt
|-heal|p1a: Hatterene|48/100|[from] drain|[of] p2a: Zamazenta
|faint|p2a: Zamazenta
|
|win|softhaze
|raw|softhaze's rating: 1200 &rarr; <strong>1223</strong><br />(+23 for winning)
|raw|EsperFell's rating: 1171 &rarr; <strong>1148</strong><br />(-23 for losing)
|l|☆EsperFell
|player|p2|
|l|☆softhaze
|player|p1|
