|j|☆SaikoWrld
|j|☆GGuest 14604022
|t:|1760350447
|gametype|singles
|player|p1|SaikoWrld|170|1196
|player|p2|GGuest 14604022|riley|1163
|gen|9
|tier|[Gen 9] OU
|rated|
|rule|HP Percentage Mod: HP is shown in percentages
|rule|Endless Battle Clause: Forcing endless battles is banned
|rule|Species Clause: Limit one of each Pokémon
|rule|OHKO Clause: OHKO moves are banned
|rule|Evasion Items Clause: Evasion items are banned
|rule|Evasion Moves Clause: Evasion moves are banned
|rule|Evasion Abilities Clause: Evasion abilities are banned
|rule|Sleep Moves Clause: Sleep-inducing moves are banned
|clearpoke
|poke|p1|Muk-Alola, M|
|poke|p1|Orthworm, M|
|poke|p1|Landorus-Therian, M|
|poke|p1|Hatterene, F|
|poke|p1|Zapdos|
|poke|p1|Ceruledge, M|
|poke|p2|Iron Moth|
|poke|p2|Kingambit, M|
|poke|p2|Dragonite, F|
|poke|p2|Ogerpon-Cornerstone, F|
|poke|p2|Iron Valiant|
|poke|p2|Raging Bolt|
|teampreview
|
|t:|1760350473
|teamsize|p1|6
|teamsize|p2|6
|start
|switch|p1a: Landorus|Landorus-Therian, M|100/100
|switch|p2a: Ogerpon|Ogerpon-Cornerstone, F|100/100
|-ability|p1a: Landorus|Intimidate|boost
|-unboost|p2a: Ogerpon|atk|1
|turn|1
|
|t:|1760350483
|move|p2a: Ogerpon|Ivy Cudgel|p1a: Landorus|[anim] Ivy Cudgel Rock
|-damage|p1a: Landorus|53/100
|move|p1a: Landorus|U-turn|p2a: Ogerpon
|-supereffective|p2a: Ogerpon
|-damage|p2a: Ogerpon|17/100
|-damage|p1a: Landorus|43/100|[from] item: Life Orb
|
|t:|1760350513
|switch|p1a: TrashDay|Muk-Alola, M, shiny|100/100|[from] U-turn
|
|upkeep
|turn|2
|
|t:|1760350515
|move|p1a: TrashDay|Shadow Sneak|p2a: Ogerpon
|-damage|p2a: Ogerpon|0 fnt
|faint|p2a: Ogerpon
|
|upkeep
|
|t:|1760350519
|switch|p2a: Iron Moth|Iron Moth|100/100
|-enditem|p2a: Iron Moth|Booster Energy
|-activate|p2a: Iron Moth|ability: Quark Drive|[fromitem]
|-start|p2a: Iron Moth|quarkdrivespe
|turn|3
|
|t:|1760350530
|move|p2a: Iron Moth|Fiery Dance|p1a: TrashDay
|-damage|p1a: TrashDay|65/100
|-boost|p2a: Iron Moth|spa|1
|move|p1a: TrashDay|Knock Off|p2a: Iron Moth
|-damage|p2a: Iron Moth|56/100
|
|upkeep
|turn|4
|
|t:|1760350547
|switch|p1a: Ceruledge|Ceruledge, M|100/100
|move|p2a: Iron Moth|Fiery Dance|p1a: Ceruledge
|-resisted|p1a: Ceruledge
|-damage|p1a: Ceruledge|67/100
|
|upkeep
|turn|5
|
|t:|1760350583
|move|p2a: Iron Moth|Sludge Wave|p1a: Ceruledge
|-resisted|p1a: Ceruledge
|-damage|p1a: Ceruledge|24/100
|move|p1a: Ceruledge|Destiny Bond|p1a: Ceruledge
|-singlemove|p1a: Ceruledge|Destiny Bond
|
|upkeep
|turn|6
|
|t:|1760350599
|move|p2a: Iron Moth|Energy Ball|p1a: Ceruledge
|-resisted|p1a: Ceruledge
|-damage|p1a: Ceruledge|0 fnt
|faint|p1a: Ceruledge
|-activate|p1a: Ceruledge|move: Destiny Bond
|faint|p2a: Iron Moth
|-end|p2a: Iron Moth|Quark Drive|[silent]
|
|upkeep
|
|t:|1760350638
|switch|p2a: Iron Valiant|Iron Valiant|100/100
|switch|p1a: Zapdos|Zapdos|100/100
|-enditem|p2a: Iron Valiant|Booster Energy
|-activate|p2a: Iron Valiant|ability: Quark Drive|[fromitem]
|-start|p2a: Iron Valiant|quarkdrivespe
|turn|7
|
|t:|1760350646
|move|p2a: Iron Valiant|Swords Dance|p2a: Iron Valiant
|-boost|p2a: Iron Valiant|atk|2
|move|p1a: Zapdos|Tailwind|p1a: Zapdos
|-sidestart|p1: SaikoWrld|move: Tailwind
|
|upkeep
|turn|8
|
|t:|1760350652
|move|p2a: Iron Valiant|Knock Off|p1a: Zapdos
|-damage|p1a: Zapdos|29/100
|-enditem|p1a: Zapdos|Heavy-Duty Boots|[from] move: Knock Off|[of] p2a: Iron Valiant
|move|p1a: Zapdos|Heat Wave|p2a: Iron Valiant
|-damage|p2a: Iron Valiant|50/100
|
|upkeep
|turn|9
|
|t:|1760350659
|move|p2a: Iron Valiant|Knock Off|p1a: Zapdos
|-damage|p1a: Zapdos|0 fnt
|faint|p1a: Zapdos
|
|upkeep
|
|t:|1760350674
|switch|p1a: TrashDay|Muk-Alola, M, shiny|65/100
|turn|10
|
|t:|1760350682
|-terastallize|p1a: TrashDay|Ghost
|move|p1a: TrashDay|Shadow Sneak|p2a: Iron Valiant
|-damage|p2a: Iron Valiant|24/100
|move|p2a: Iron Valiant|Close Combat|p1a: TrashDay
|-immune|p1a: TrashDay
|
|-sideend|p1: SaikoWrld|move: Tailwind
|upkeep
|turn|11
|
|t:|1760350700
|move|p1a: TrashDay|Shadow Sneak|p2a: Iron Valiant
|-damage|p2a: Iron Valiant|0 fnt
|faint|p2a: Iron Valiant
|-end|p2a: Iron Valiant|Quark Drive|[silent]
|
|upkeep
|
|t:|1760350704
|switch|p2a: Kingambit|Kingambit, M|100/100
|-activate|p2a: Kingambit|ability: Supreme Overlord
|-start|p2a: Kingambit|fallen3|[silent]
|turn|12
|
|t:|1760350708
|move|p2a: Kingambit|Kowtow Cleave|p1a: TrashDay
|-supereffective|p1a: TrashDay
|-damage|p1a: TrashDay|0 fnt
|faint|p1a: TrashDay
|
|upkeep
|
|t:|1760350713
|switch|p1a: Globox|Orthworm, M, shiny|100/100
|turn|13
|
|t:|1760350726
|move|p2a: Kingambit|Kowtow Cleave|p1a: Globox
|-damage|p1a: Globox|67/100
|-enditem|p1a: Globox|Kee Berry|[eat]
|-boost|p1a: Globox|def|1|[from] item: Kee Berry
|move|p1a: Globox|Body Press|p2a: Kingambit
|-supereffective|p2a: Kingambit
|-damage|p2a: Kingambit|0 fnt
|faint|p2a: Kingambit
|-end|p2a: Kingambit|fallen3|[silent]
|
|upkeep
|
|t:|1760350731
|switch|p2a: Raging Bolt|Raging Bolt|100/100
|-enditem|p2a: Raging Bolt|Booster Energy
|-activate|p2a: Raging Bolt|ability: Protosynthesis|[fromitem]
|-start|p2a: Raging Bolt|protosynthesisspa
|turn|14
|
|t:|1760350740
|move|p2a: Raging Bolt|Dragon Pulse|p1a: Globox
|-resisted|p1a: Globox
|-damage|p1a: Globox|16/100
|move|p1a: Globox|Metal Burst|p2a: Raging Bolt
|-damage|p2a: Raging Bolt|33/100
|
|upkeep
|turn|15
|
|t:|1760350750
|move|p2a: Raging Bolt|Dragon Pulse|p1a: Globox
|-resisted|p1a: Globox
|-damage|p1a: Globox|0 fnt
|faint|p1a: Globox
|
|upkeep
|
|t:|1760350752
|switch|p1a: Landorus|Landorus-Therian, M|43/100
|-ability|p1a: Landorus|Intimidate|boost
|-unboost|p2a: Raging Bolt|atk|1
|turn|16
|
|t:|1760350754
|move|p1a: Landorus|Earthquake|p2a: Raging Bolt
|-supereffective|p2a: Raging Bolt
|-damage|p2a: Raging Bolt|0 fnt
|faint|p2a: Raging Bolt
|-end|p2a: Raging Bolt|Protosynthesis|[silent]
|-damage|p1a: Landorus|33/100|[from] item: Life Orb
|
|upkeep
|
|t:|1760350756
|switch|p2a: Dragonite|Dragonite, F|100/100
|turn|17
|
|t:|1760350759
|move|p1a: Landorus|Rock Slide|p2a: Dragonite
|-supereffective|p2a: Dragonite
|-damage|p2a: Dragonite|58/100
|-damage|p1a: Landorus|23/100|[from] item: Life Orb
|move|p2a: Dragonite|Dragon Dance|p2a: Dragonite
|-boost|p2a: Dragonite|atk|1
|-boost|p2a: Dragonite|spe|1
|
|upkeep
|turn|18
|
|t:|1760350769
|move|p2a: Dragonite|Extreme Speed|p1a: Landorus
|-damage|p1a: Landorus|0 fnt
|faint|p1a: Landorus
|
|upkeep
|
|t:|1760350771
|switch|p1a: Hatterene|Hatterene, F|100/100
|turn|19
|
|t:|1760350774
|-terastallize|p2a: Dragonite|Flying
|move|p2a: Dragonite|Tera Blast|p1a: Hatterene|[anim] Tera Blast Flying
|-damage|p1a: Hatterene|0 fnt
|faint|p1a: Hatterene
|
|win|GGuest 14604022
|raw|SaikoWrld's rating: 1196 &rarr; <strong>1169</strong><br />(-27 for losing)
|raw|GGuest 14604022's rating: 1163 &rarr; <strong>1190</strong><br />(+27 for winning)
|l|☆SaikoWrld
|player|p1|
|l|☆GGuest 14604022
|player|p2|
