|j|☆Dizzydwarf99
|j|☆Swagataka
|t:|1760450413
|gametype|singles
|player|p1|Dizzydwarf99|cheryl|1608
|player|p2|Swagataka|byron|1666
|gen|9
|tier|[Gen 9] OU
|rated|
|rule|HP Percentage Mod: HP is shown in percentages
|rule|Endless Battle Clause: Forcing endless battles is banned
|rule|Species Clause: Limit one of each Pokémon
|rule|OHKO Clause: OHKO moves are banned
|rule|Evasion Items Clause: Evasion items are banned
|rule|Evasion Moves Clause: Evasion moves are banned
|rule|Evasion Abilities Clause: Evasion abilities are banned
|rule|Sleep Moves Clause: Sleep-inducing moves are banned
|clearpoke
|poke|p1|Moltres|
|poke|p1|Slowking-Galar, M|
|poke|p1|Cyclizar, F|
|poke|p1|Sandy Shocks|
|poke|p1|Darkrai|
|poke|p1|Lokix, M|
|poke|p2|Pecharunt|
|poke|p2|Great Tusk|
|poke|p2|Iron Crown|
|poke|p2|Lokix, F|
|poke|p2|Kingambit, M|
|poke|p2|Vespiquen, F|
|teampreview
|inactive|Battle timer is ON: inactive players will automatically lose when time's up. (requested by Dizzydwarf99)
|
|t:|1760450437
|teamsize|p1|6
|teamsize|p2|6
|start
|switch|p1a: Sandy Shocks|Sandy Shocks|100/100
|switch|p2a: Kingambit|Kingambit, M|100/100
|-item|p2a: Kingambit|Air Balloon
|turn|1
|
|t:|1760450441
|move|p1a: Sandy Shocks|Volt Switch|p2a: Kingambit
|-damage|p2a: Kingambit|67/100
|-enditem|p2a: Kingambit|Air Balloon
|
|t:|1760450444
|-end|p1a: Sandy Shocks|Protosynthesis|[silent]
|switch|p1a: Moltres|Moltres|100/100|[from] Volt Switch
|move|p2a: Kingambit|Stealth Rock|p1a: Moltres
|-sidestart|p1: Dizzydwarf99|move: Stealth Rock
|
|upkeep
|turn|2
|
|t:|1760450446
|move|p1a: Moltres|Flamethrower|p2a: Kingambit
|-supereffective|p2a: Kingambit
|-damage|p2a: Kingambit|0 fnt
|faint|p2a: Kingambit
|
|upkeep
|
|t:|1760450449
|switch|p2a: Iron Crown|Iron Crown|100/100
|turn|3
|
|t:|1760450452
|switch|p1a: Slowking|Slowking-Galar, M|100/100
|move|p2a: Iron Crown|Volt Switch|p1a: Slowking
|-damage|p1a: Slowking|80/100
|
|t:|1760450456
|-end|p2a: Iron Crown|Quark Drive|[silent]
|switch|p2a: Great Tusk|Great Tusk|100/100|[from] Volt Switch
|
|upkeep
|turn|4
|
|t:|1760450459
|switch|p1a: Moltres|Moltres|100/100
|move|p2a: Great Tusk|Knock Off|p1a: Moltres
|-damage|p1a: Moltres|75/100
|-enditem|p1a: Moltres|Heavy-Duty Boots|[from] move: Knock Off|[of] p2a: Great Tusk
|
|upkeep
|turn|5
|
|t:|1760450462
|-end|p2a: Great Tusk|Protosynthesis|[silent]
|switch|p2a: Pecharunt|Pecharunt|100/100
|move|p1a: Moltres|U-turn|p2a: Pecharunt
|-resisted|p2a: Pecharunt
|-crit|p2a: Pecharunt
|-damage|p2a: Pecharunt|98/100
|
|t:|1760450464
|switch|p1a: Darkrai|Darkrai|100/100|[from] U-turn
|-damage|p1a: Darkrai|88/100|[from] Stealth Rock
|
|upkeep
|turn|6
|
|t:|1760450467
|switch|p2a: Vespiquen|Vespiquen, F, shiny|100/100
|-ability|p2a: Vespiquen|Pressure
|move|p1a: Darkrai|Trick|p2a: Vespiquen
|-activate|p1a: Darkrai|move: Trick|[of] p2a: Vespiquen
|-item|p2a: Vespiquen|Choice Scarf|[from] move: Trick
|-item|p1a: Darkrai|Leftovers|[from] move: Trick
|
|-heal|p1a: Darkrai|94/100|[from] item: Leftovers
|upkeep
|turn|7
|
|t:|1760450472
|switch|p1a: Cyclizar|Cyclizar, F|100/100
|-damage|p1a: Cyclizar|88/100|[from] Stealth Rock
|move|p2a: Vespiquen|Fury Cutter|p1a: Cyclizar
|-damage|p1a: Cyclizar|71/100
|
|upkeep
|turn|8
|j| alastour
|
|t:|1760450475
|switch|p2a: Pecharunt|Pecharunt|98/100
|move|p1a: Cyclizar|U-turn|p2a: Pecharunt
|-resisted|p2a: Pecharunt
|-damage|p2a: Pecharunt|96/100
|
|t:|1760450478
|switch|p1a: Sandy Shocks|Sandy Shocks|100/100|[from] U-turn
|-damage|p1a: Sandy Shocks|94/100|[from] Stealth Rock
|
|-heal|p1a: Sandy Shocks|100/100|[from] item: Leftovers
|upkeep
|turn|9
|
|t:|1760450481
|switch|p2a: Vespiquen|Vespiquen, F, shiny|100/100
|-ability|p2a: Vespiquen|Pressure
|move|p1a: Sandy Shocks|Stealth Rock|p2a: Vespiquen
|-sidestart|p2: Swagataka|move: Stealth Rock
|
|upkeep
|turn|10
|
|t:|1760450483
|move|p1a: Sandy Shocks|Volt Switch|p2a: Vespiquen
|-supereffective|p2a: Vespiquen
|-damage|p2a: Vespiquen|48/100
|
|t:|1760450485
|-end|p1a: Sandy Shocks|Protosynthesis|[silent]
|switch|p1a: Slowking|Slowking-Galar, M|100/100|[from] Volt Switch
|move|p2a: Vespiquen|Toxic|p1a: Slowking
|-immune|p1a: Slowking
|
|upkeep
|turn|11
|
|t:|1760450491
|switch|p2a: Great Tusk|Great Tusk|100/100
|-prepare|p1a: Slowking|Chilly Reception|[premajor]
|move|p1a: Slowking|Chilly Reception|p1a: Slowking
|-weather|Snowscape
|
|t:|1760450494
|switch|p1a: Darkrai|Darkrai|94/100|[from] Chilly Reception
|-damage|p1a: Darkrai|82/100|[from] Stealth Rock
|
|-weather|Snowscape|[upkeep]
|-heal|p1a: Darkrai|88/100|[from] item: Leftovers
|upkeep
|turn|12
|
|t:|1760450500
|-terastallize|p2a: Great Tusk|Ice
|move|p1a: Darkrai|Ice Beam|p2a: Great Tusk
|-resisted|p2a: Great Tusk
|-damage|p2a: Great Tusk|75/100
|move|p2a: Great Tusk|Rapid Spin|p1a: Darkrai
|-damage|p1a: Darkrai|66/100
|-boost|p2a: Great Tusk|spe|1
|-sideend|p2: Swagataka|Stealth Rock|[from] move: Rapid Spin|[of] p2a: Great Tusk
|
|-weather|Snowscape|[upkeep]
|-heal|p1a: Darkrai|72/100|[from] item: Leftovers
|upkeep
|turn|13
|
|t:|1760450504
|move|p2a: Great Tusk|Headlong Rush|p1a: Darkrai
|-crit|p1a: Darkrai
|-damage|p1a: Darkrai|0 fnt
|-unboost|p2a: Great Tusk|def|1
|-unboost|p2a: Great Tusk|spd|1
|faint|p1a: Darkrai
|
|-weather|Snowscape|[upkeep]
|upkeep
|
|t:|1760450513
|switch|p1a: Lokix|Lokix, M|100/100
|-damage|p1a: Lokix|76/100|[from] Stealth Rock
|turn|14
|
|t:|1760450522
|-end|p2a: Great Tusk|Protosynthesis|[silent]
|switch|p2a: Vespiquen|Vespiquen, F, shiny|48/100
|-ability|p2a: Vespiquen|Pressure
|move|p1a: Lokix|U-turn|p2a: Vespiquen
|-resisted|p2a: Vespiquen
|-damage|p2a: Vespiquen|4/100
|
|t:|1760450526
|switch|p1a: Sandy Shocks|Sandy Shocks|100/100|[from] U-turn
|-damage|p1a: Sandy Shocks|94/100|[from] Stealth Rock
|
|-weather|Snowscape|[upkeep]
|-heal|p1a: Sandy Shocks|100/100|[from] item: Leftovers
|upkeep
|turn|15
|
|t:|1760450528
|move|p1a: Sandy Shocks|Stealth Rock|p2a: Vespiquen
|-sidestart|p2: Swagataka|move: Stealth Rock
|move|p2a: Vespiquen|Toxic|p1a: Sandy Shocks
|-status|p1a: Sandy Shocks|tox
|
|-weather|none
|-damage|p1a: Sandy Shocks|94/100 tox|[from] psn
|upkeep
|turn|16
|
|t:|1760450532
|move|p1a: Sandy Shocks|Volt Switch|p2a: Vespiquen
|-supereffective|p2a: Vespiquen
|-damage|p2a: Vespiquen|0 fnt
|faint|p2a: Vespiquen
|
|t:|1760450534
|-end|p1a: Sandy Shocks|Protosynthesis|[silent]
|switch|p1a: Cyclizar|Cyclizar, F|100/100|[from] Volt Switch
|-damage|p1a: Cyclizar|88/100|[from] Stealth Rock
|
|upkeep
|
|t:|1760450536
|switch|p2a: Pecharunt|Pecharunt|96/100
|turn|17
|
|t:|1760450538
|move|p1a: Cyclizar|Knock Off|p2a: Pecharunt
|-supereffective|p2a: Pecharunt
|-damage|p2a: Pecharunt|76/100
|-enditem|p2a: Pecharunt|Heavy-Duty Boots|[from] move: Knock Off|[of] p1a: Cyclizar
|move|p2a: Pecharunt|Parting Shot|p1a: Cyclizar
|-unboost|p1a: Cyclizar|atk|1
|-unboost|p1a: Cyclizar|spa|1
|
|t:|1760450543
|switch|p2a: Iron Crown|Iron Crown|100/100|[from] Parting Shot
|-damage|p2a: Iron Crown|94/100|[from] Stealth Rock
|
|upkeep
|turn|18
|
|t:|1760450545
|-end|p2a: Iron Crown|Quark Drive|[silent]
|switch|p2a: Pecharunt|Pecharunt|76/100
|-damage|p2a: Pecharunt|63/100|[from] Stealth Rock
|move|p1a: Cyclizar|Rapid Spin|p2a: Pecharunt
|-immune|p2a: Pecharunt
|
|upkeep
|turn|19
|
|t:|1760450547
|move|p1a: Cyclizar|U-turn|p2a: Pecharunt
|-resisted|p2a: Pecharunt
|-damage|p2a: Pecharunt|62/100
|
|t:|1760450549
|switch|p1a: Slowking|Slowking-Galar, M|100/100|[from] U-turn
|move|p2a: Pecharunt|Recover|p2a: Pecharunt
|-heal|p2a: Pecharunt|100/100
|
|upkeep
|turn|20
|
|t:|1760450552
|move|p2a: Pecharunt|Parting Shot|p1a: Slowking
|-unboost|p1a: Slowking|atk|1
|-unboost|p1a: Slowking|spa|1
|
|t:|1760450554
|switch|p2a: Lokix|Lokix, F|100/100|[from] Parting Shot
|-damage|p2a: Lokix|76/100|[from] Stealth Rock
|-prepare|p1a: Slowking|Chilly Reception|[premajor]
|move|p1a: Slowking|Chilly Reception|p1a: Slowking
|-weather|Snowscape
|
|t:|1760450557
|switch|p1a: Sandy Shocks|Sandy Shocks|94/100 tox|[from] Chilly Reception
|-damage|p1a: Sandy Shocks|88/100 tox|[from] Stealth Rock
|
|-weather|Snowscape|[upkeep]
|-heal|p1a: Sandy Shocks|94/100 tox|[from] item: Leftovers
|-damage|p1a: Sandy Shocks|88/100 tox|[from] psn
|upkeep
|turn|21
|
|t:|1760450561
|move|p2a: Lokix|First Impression|p1a: Sandy Shocks
|-damage|p1a: Sandy Shocks|27/100 tox
|-damage|p2a: Lokix|66/100|[from] item: Life Orb
|move|p1a: Sandy Shocks|Volt Switch|p2a: Lokix
|-damage|p2a: Lokix|0 fnt
|faint|p2a: Lokix
|
|t:|1760450571
|-end|p1a: Sandy Shocks|Protosynthesis|[silent]
|switch|p1a: Cyclizar|Cyclizar, F|100/100|[from] Volt Switch
|-damage|p1a: Cyclizar|88/100|[from] Stealth Rock
|
|-weather|Snowscape|[upkeep]
|upkeep
|
|t:|1760450573
|switch|p2a: Pecharunt|Pecharunt|100/100
|-damage|p2a: Pecharunt|88/100|[from] Stealth Rock
|turn|22
|j| wgw2333
|
|t:|1760450581
|move|p1a: Cyclizar|Knock Off|p2a: Pecharunt
|-supereffective|p2a: Pecharunt
|-damage|p2a: Pecharunt|74/100
|move|p2a: Pecharunt|Parting Shot|p1a: Cyclizar
|-unboost|p1a: Cyclizar|atk|1
|-unboost|p1a: Cyclizar|spa|1
|
|t:|1760450586
|switch|p2a: Iron Crown|Iron Crown|94/100|[from] Parting Shot
|-damage|p2a: Iron Crown|88/100|[from] Stealth Rock
|
|-weather|Snowscape|[upkeep]
|upkeep
|turn|23
|
|t:|1760450588
|-end|p2a: Iron Crown|Quark Drive|[silent]
|switch|p2a: Pecharunt|Pecharunt|74/100
|-damage|p2a: Pecharunt|62/100|[from] Stealth Rock
|move|p1a: Cyclizar|U-turn|p2a: Pecharunt
|-resisted|p2a: Pecharunt
|-damage|p2a: Pecharunt|61/100
|
|t:|1760450592
|switch|p1a: Sandy Shocks|Sandy Shocks|27/100 tox|[from] U-turn
|-damage|p1a: Sandy Shocks|21/100 tox|[from] Stealth Rock
|
|-weather|Snowscape|[upkeep]
|-heal|p1a: Sandy Shocks|27/100 tox|[from] item: Leftovers
|-damage|p1a: Sandy Shocks|21/100 tox|[from] psn
|upkeep
|turn|24
|
|t:|1760450596
|switch|p2a: Iron Crown|Iron Crown|88/100
|-damage|p2a: Iron Crown|82/100|[from] Stealth Rock
|move|p1a: Sandy Shocks|Earth Power|p2a: Iron Crown
|-supereffective|p2a: Iron Crown
|-damage|p2a: Iron Crown|0 fnt
|faint|p2a: Iron Crown
|-end|p2a: Iron Crown|Quark Drive|[silent]
|
|-weather|none
|-heal|p1a: Sandy Shocks|27/100 tox|[from] item: Leftovers
|-damage|p1a: Sandy Shocks|15/100 tox|[from] psn
|upkeep
|
|t:|1760450600
|switch|p2a: Great Tusk|Great Tusk, tera:Ice|75/100
|turn|25
|
|t:|1760450603
|-end|p2a: Great Tusk|Protosynthesis|[silent]
|switch|p2a: Pecharunt|Pecharunt|61/100
|-damage|p2a: Pecharunt|48/100|[from] Stealth Rock
|move|p1a: Sandy Shocks|Earth Power|p2a: Pecharunt
|-supereffective|p2a: Pecharunt
|-damage|p2a: Pecharunt|0 fnt
|faint|p2a: Pecharunt
|
|-heal|p1a: Sandy Shocks|21/100 tox|[from] item: Leftovers
|-damage|p1a: Sandy Shocks|2/100 tox|[from] psn
|upkeep
|-message|Swagataka forfeited.
|
|win|Dizzydwarf99
|raw|Dizzydwarf99's rating: 1608 &rarr; <strong>1631</strong><br />(+23 for winning)
|raw|Swagataka's rating: 1666 &rarr; <strong>1643</strong><br />(-23 for losing)
|l|☆Swagataka
|player|p2|
|l|☆Dizzydwarf99
|player|p1|
