|j|☆M4 lema
|j|☆deathprofessor21
|t:|1760354121
|gametype|singles
|player|p1|M4 lema|bellepa|1678
|player|p2|deathprofessor21|2|1697
|gen|9
|tier|[Gen 9] OU
|rated|
|rule|HP Percentage Mod: HP is shown in percentages
|rule|Endless Battle Clause: Forcing endless battles is banned
|rule|Species Clause: Limit one of each Pokémon
|rule|OHKO Clause: OHKO moves are banned
|rule|Evasion Items Clause: Evasion items are banned
|rule|Evasion Moves Clause: Evasion moves are banned
|rule|Evasion Abilities Clause: Evasion abilities are banned
|rule|Sleep Moves Clause: Sleep-inducing moves are banned
|clearpoke
|poke|p1|Pelipper, M|
|poke|p1|Barraskewda, F|
|poke|p1|Iron Treads|
|poke|p1|Thundurus-Therian, M|
|poke|p1|Iron Crown|
|poke|p1|Dragonite, F|
|poke|p2|Slowking-Galar, M|
|poke|p2|Zamazenta-*|
|poke|p2|Ceruledge, F|
|poke|p2|Hydrapple, M|
|poke|p2|Darkrai|
|poke|p2|Mandibuzz, F|
|teampreview
|inactive|Battle timer is ON: inactive players will automatically lose when time's up. (requested by deathprofessor21)
|
|t:|1760354150
|teamsize|p1|6
|teamsize|p2|6
|start
|switch|p1a: Iron Treads|Iron Treads|100/100
|switch|p2a: Darkrai|Darkrai|100/100
|-enditem|p1a: Iron Treads|Booster Energy
|-activate|p1a: Iron Treads|ability: Quark Drive|[fromitem]
|-start|p1a: Iron Treads|quarkdrivespe
|turn|1
|
|t:|1760354172
|move|p1a: Iron Treads|Stealth Rock|p2a: Darkrai
|-sidestart|p2: deathprofessor21|move: Stealth Rock
|move|p2a: Darkrai|Nasty Plot|p2a: Darkrai
|-boost|p2a: Darkrai|spa|2
|
|upkeep
|turn|2
|
|t:|1760354183
|move|p1a: Iron Treads|Steel Beam|p2a: Darkrai|[miss]
|-miss|p1a: Iron Treads|p2a: Darkrai
|-damage|p1a: Iron Treads|50/100|[from] steelbeam
|move|p2a: Darkrai|Dark Pulse|p1a: Iron Treads
|-damage|p1a: Iron Treads|0 fnt
|faint|p1a: Iron Treads
|-end|p1a: Iron Treads|Quark Drive|[silent]
|
|upkeep
|
|t:|1760354204
|switch|p1a: Iron Crown|Iron Crown|100/100
|-enditem|p1a: Iron Crown|Booster Energy
|-activate|p1a: Iron Crown|ability: Quark Drive|[fromitem]
|-start|p1a: Iron Crown|quarkdrivespe
|turn|3
|
|t:|1760354213
|move|p1a: Iron Crown|Focus Blast|p2a: Darkrai
|-supereffective|p2a: Darkrai
|-damage|p2a: Darkrai|0 fnt
|faint|p2a: Darkrai
|
|upkeep
|inactive|deathprofessor21 has 120 seconds left.
|
|t:|1760354243
|switch|p2a: Mandibuzz|Mandibuzz, F|100/100
|turn|4
|
|t:|1760354272
|move|p1a: Iron Crown|Calm Mind|p1a: Iron Crown
|-boost|p1a: Iron Crown|spa|1
|-boost|p1a: Iron Crown|spd|1
|move|p2a: Mandibuzz|Foul Play|p1a: Iron Crown
|-supereffective|p1a: Iron Crown
|-damage|p1a: Iron Crown|61/100
|
|upkeep
|turn|5
|
|t:|1760354280
|move|p1a: Iron Crown|Tachyon Cutter|p2a: Mandibuzz
|-damage|p2a: Mandibuzz|74/100
|-damage|p2a: Mandibuzz|49/100
|-hitcount|p2a: Mandibuzz|2
|move|p2a: Mandibuzz|Defog|p1a: Iron Crown
|-unboost|p1a: Iron Crown|evasion|1
|-sideend|p2: deathprofessor21|Stealth Rock|[from] move: Defog|[of] p2a: Mandibuzz
|
|upkeep
|turn|6
|inactive|deathprofessor21 has 120 seconds left.
|inactive|deathprofessor21 has 90 seconds left.
|
|t:|1760354347
|switch|p2a: Slowking|Slowking-Galar, M|100/100
|move|p1a: Iron Crown|Tachyon Cutter|p2a: Slowking
|-damage|p2a: Slowking|86/100
|-damage|p2a: Slowking|70/100
|-hitcount|p2a: Slowking|2
|
|upkeep
|turn|7
|
|t:|1760354355
|move|p1a: Iron Crown|Calm Mind|p1a: Iron Crown
|-boost|p1a: Iron Crown|spa|1
|-boost|p1a: Iron Crown|spd|1
|move|p2a: Slowking|Flamethrower|p1a: Iron Crown
|-supereffective|p1a: Iron Crown
|-damage|p1a: Iron Crown|38/100
|
|upkeep
|turn|8
|
|t:|1760354369
|move|p1a: Iron Crown|Stored Power|p2a: Slowking
|-damage|p2a: Slowking|29/100
|move|p2a: Slowking|Flamethrower|p1a: Iron Crown
|-supereffective|p1a: Iron Crown
|-damage|p1a: Iron Crown|15/100
|
|upkeep
|turn|9
|
|t:|1760354374
|move|p1a: Iron Crown|Tachyon Cutter|p2a: Slowking
|-damage|p2a: Slowking|7/100
|-damage|p2a: Slowking|0 fnt
|faint|p2a: Slowking
|-hitcount|p2: Slowking|2
|
|upkeep
|inactive|deathprofessor21 has 90 seconds left.
|
|t:|1760354386
|switch|p2a: Ceruledge|Ceruledge, F|100/100
|turn|10
|inactive|deathprofessor21 has 90 seconds left.
|
|t:|1760354394
|-end|p1a: Iron Crown|Quark Drive|[silent]
|switch|p1a: Pelipper|Pelipper, M|100/100
|-weather|RainDance|[from] ability: Drizzle|[of] p1a: Pelipper
|move|p2a: Ceruledge|Swords Dance|p2a: Ceruledge
|-boost|p2a: Ceruledge|atk|2
|
|-weather|RainDance|[upkeep]
|upkeep
|turn|11
|inactive|deathprofessor21 has 90 seconds left.
|
|t:|1760354431
|move|p2a: Ceruledge|Swords Dance|p2a: Ceruledge
|-boost|p2a: Ceruledge|atk|2
|move|p1a: Pelipper|U-turn|p2a: Ceruledge
|-resisted|p2a: Ceruledge
|-damage|p2a: Ceruledge|97/100
|-ability|p2a: Ceruledge|Weak Armor|boost
|-unboost|p2a: Ceruledge|def|1
|-boost|p2a: Ceruledge|spe|2
|
|t:|1760354437
|switch|p1a: Barraskewda|Barraskewda, F|100/100|[from] U-turn
|
|-weather|RainDance|[upkeep]
|upkeep
|turn|12
|inactive|deathprofessor21 has 60 seconds left.
|
|t:|1760354471
|switch|p1a: Iron Crown|Iron Crown|15/100
|switch|p2a: Hydrapple|Hydrapple, M|100/100
|
|-weather|RainDance|[upkeep]
|upkeep
|turn|13
|
|t:|1760354481
|move|p1a: Iron Crown|Tachyon Cutter|p2a: Hydrapple
|-damage|p2a: Hydrapple|84/100
|-crit|p2a: Hydrapple
|-damage|p2a: Hydrapple|61/100
|-hitcount|p2a: Hydrapple|2
|move|p2a: Hydrapple|Fickle Beam|p1a: Iron Crown
|-resisted|p1a: Iron Crown
|-damage|p1a: Iron Crown|0 fnt
|faint|p1a: Iron Crown
|-end|p1a: Iron Crown|Quark Drive|[silent]
|
|-weather|RainDance|[upkeep]
|upkeep
|
|t:|1760354487
|switch|p1a: Dragonite|Dragonite, F|100/100
|turn|14
|
|t:|1760354494
|move|p1a: Dragonite|Outrage|p2a: Hydrapple
|-supereffective|p2a: Hydrapple
|-damage|p2a: Hydrapple|0 fnt
|faint|p2a: Hydrapple
|
|-weather|RainDance|[upkeep]
|upkeep
|
|t:|1760354504
|switch|p2a: Zamazenta|Zamazenta|100/100
|-ability|p2a: Zamazenta|Dauntless Shield|boost
|-boost|p2a: Zamazenta|def|1
|turn|15
|
|t:|1760354511
|move|p2a: Zamazenta|Iron Defense|p2a: Zamazenta
|-boost|p2a: Zamazenta|def|2
|move|p1a: Dragonite|Outrage|p2a: Zamazenta|[from] lockedmove
|-damage|p2a: Zamazenta|69/100
|
|-weather|RainDance|[upkeep]
|-heal|p2a: Zamazenta|75/100|[from] item: Leftovers
|upkeep
|turn|16
|
|t:|1760354517
|move|p2a: Zamazenta|Iron Defense|p2a: Zamazenta
|-boost|p2a: Zamazenta|def|2
|move|p1a: Dragonite|Outrage|p2a: Zamazenta|[from] lockedmove
|-damage|p2a: Zamazenta|52/100
|-start|p1a: Dragonite|confusion|[fatigue]
|
|-weather|RainDance|[upkeep]
|-heal|p2a: Zamazenta|58/100|[from] item: Leftovers
|upkeep
|turn|17
|
|t:|1760354527
|switch|p1a: Barraskewda|Barraskewda, F|100/100
|move|p2a: Zamazenta|Substitute|p2a: Zamazenta
|-start|p2a: Zamazenta|Substitute
|-damage|p2a: Zamazenta|34/100
|
|-weather|none
|-heal|p2a: Zamazenta|40/100|[from] item: Leftovers
|upkeep
|turn|18
|
|t:|1760354533
|move|p2a: Zamazenta|Body Press|p1a: Barraskewda
|-damage|p1a: Barraskewda|0 fnt
|faint|p1a: Barraskewda
|
|-heal|p2a: Zamazenta|46/100|[from] item: Leftovers
|upkeep
|
|t:|1760354538
|switch|p1a: Pelipper|Pelipper, M|100/100
|-weather|RainDance|[from] ability: Drizzle|[of] p1a: Pelipper
|turn|19
|
|t:|1760354553
|move|p2a: Zamazenta|Body Press|p1a: Pelipper
|-resisted|p1a: Pelipper
|-damage|p1a: Pelipper|53/100
|move|p1a: Pelipper|Surf|p2a: Zamazenta
|-end|p2a: Zamazenta|Substitute
|
|-weather|RainDance|[upkeep]
|-heal|p2a: Zamazenta|52/100|[from] item: Leftovers
|upkeep
|turn|20
|inactive|deathprofessor21 has 90 seconds left.
|
|t:|1760354576
|move|p2a: Zamazenta|Body Press|p1a: Pelipper
|-resisted|p1a: Pelipper
|-damage|p1a: Pelipper|9/100
|move|p1a: Pelipper|Hurricane|p2a: Zamazenta
|-supereffective|p2a: Zamazenta
|-damage|p2a: Zamazenta|0 fnt
|faint|p2a: Zamazenta
|
|-weather|RainDance|[upkeep]
|upkeep
|inactive|deathprofessor21 has 90 seconds left.
|
|t:|1760354585
|switch|p2a: Ceruledge|Ceruledge, F|97/100
|turn|21
|
|t:|1760354590
|move|p2a: Ceruledge|Bitter Blade|p1a: Pelipper
|-resisted|p1a: Pelipper
|-damage|p1a: Pelipper|0 fnt
|-heal|p2a: Ceruledge|100/100|[from] drain|[of] p1a: Pelipper
|faint|p1a: Pelipper
|
|-weather|RainDance|[upkeep]
|upkeep
|
|t:|1760354600
|switch|p1a: Thundurus|Thundurus-Therian, M|100/100
|turn|22
|
|t:|1760354618
|move|p1a: Thundurus|Weather Ball|p2a: Ceruledge
|-supereffective|p2a: Ceruledge
|-enditem|p2a: Ceruledge|Focus Sash
|-damage|p2a: Ceruledge|1/100
|move|p2a: Ceruledge|Poltergeist|p1a: Thundurus
|-activate|p1a: Thundurus|move: Poltergeist|Heavy-Duty Boots
|-damage|p1a: Thundurus|5/100
|
|-weather|RainDance|[upkeep]
|upkeep
|turn|23
|
|t:|1760354637
|move|p2a: Ceruledge|Shadow Sneak|p1a: Thundurus
|-damage|p1a: Thundurus|0 fnt
|faint|p1a: Thundurus
|
|-weather|RainDance|[upkeep]
|upkeep
|
|t:|1760354639
|switch|p1a: Dragonite|Dragonite, F|100/100
|turn|24
|
|t:|1760354645
|move|p1a: Dragonite|Outrage|p2a: Ceruledge
|-damage|p2a: Ceruledge|0 fnt
|faint|p2a: Ceruledge
|
|-weather|RainDance|[upkeep]
|upkeep
|
|t:|1760354649
|switch|p2a: Mandibuzz|Mandibuzz, F|49/100
|turn|25
|
|t:|1760354654
|move|p1a: Dragonite|Outrage|p2a: Mandibuzz|[from] lockedmove
|-damage|p2a: Mandibuzz|0 fnt
|faint|p2a: Mandibuzz
|
|win|M4 lema
|raw|M4 lema's rating: 1678 &rarr; <strong>1699</strong><br />(+21 for winning)
|raw|deathprofessor21's rating: 1697 &rarr; <strong>1676</strong><br />(-21 for losing)
|l|☆M4 lema
|player|p1|
