|j|☆atmoauto
|j|☆egdfwa
|t:|1760344118
|gametype|singles
|player|p1|atmoauto|169|1360
|player|p2|egdfwa|101|1334
|gen|9
|tier|[Gen 9] OU
|rated|
|rule|HP Percentage Mod: HP is shown in percentages
|rule|Endless Battle Clause: Forcing endless battles is banned
|rule|Species Clause: Limit one of each Pokémon
|rule|OHKO Clause: OHKO moves are banned
|rule|Evasion Items Clause: Evasion items are banned
|rule|Evasion Moves Clause: Evasion moves are banned
|rule|Evasion Abilities Clause: Evasion abilities are banned
|rule|Sleep Moves Clause: Sleep-inducing moves are banned
|clearpoke
|poke|p1|Azumarill, M|
|poke|p1|Glimmora, M|
|poke|p1|Scizor, M|
|poke|p1|Meowscarada, F|
|poke|p1|Skeledirge, M|
|poke|p1|Dragonite, M|
|poke|p2|Cinderace, F|
|poke|p2|Landorus-Therian, M|
|poke|p2|Sinistcha|
|poke|p2|Samurott-Hisui, M|
|poke|p2|Skarmory, M|
|poke|p2|Slowking-Galar, M|
|teampreview
|
|t:|1760344122
|teamsize|p1|6
|teamsize|p2|6
|start
|switch|p1a: Meowscarada|Meowscarada, F|100/100
|switch|p2a: Cinderace|Cinderace, F|100/100
|turn|1
|
|t:|1760344127
|move|p1a: Meowscarada|Knock Off|p2a: Cinderace
|-start|p1a: Meowscarada|typechange|Dark|[from] ability: Protean
|-damage|p2a: Cinderace|9/100
|-enditem|p2a: Cinderace|Choice Band|[from] move: Knock Off|[of] p1a: Meowscarada
|move|p2a: Cinderace|U-turn|p1a: Meowscarada
|-start|p2a: Cinderace|typechange|Bug|[from] ability: Libero
|-supereffective|p1a: Meowscarada
|-damage|p1a: Meowscarada|0 fnt
|faint|p1a: Meowscarada
|inactive|Battle timer is ON: inactive players will automatically lose when time's up. (requested by atmoauto)
|
|t:|1760344142
|switch|p2a: Samurott|Samurott-Hisui, M, shiny|100/100|[from] U-turn
|
|upkeep
|
|t:|1760344166
|switch|p1a: Azumarill|Azumarill, M|100/100
|turn|2
|
|t:|1760344175
|switch|p2a: Skarmory|Skarmory, M, shiny|100/100
|move|p1a: Azumarill|Play Rough|p2a: Skarmory|[miss]
|-miss|p1a: Azumarill|p2a: Skarmory
|
|upkeep
|turn|3
|
|t:|1760344182
|switch|p1a: Skeledirge|Skeledirge, M|100/100
|move|p2a: Skarmory|Stealth Rock|p1a: Skeledirge
|-sidestart|p1: atmoauto|move: Stealth Rock
|
|upkeep
|turn|4
|
|t:|1760344192
|switch|p2a: Samurott|Samurott-Hisui, M, shiny|100/100
|move|p1a: Skeledirge|Will-O-Wisp|p2a: Samurott
|-status|p2a: Samurott|brn
|
|-damage|p2a: Samurott|94/100 brn|[from] brn
|upkeep
|turn|5
|
|t:|1760344219
|move|p2a: Samurott|Knock Off|p1a: Skeledirge
|-supereffective|p1a: Skeledirge
|-damage|p1a: Skeledirge|61/100
|-enditem|p1a: Skeledirge|Leftovers|[from] move: Knock Off|[of] p2a: Samurott
|move|p1a: Skeledirge|Torch Song|p2a: Samurott
|-resisted|p2a: Samurott
|-damage|p2a: Samurott|66/100 brn
|-boost|p1a: Skeledirge|spa|1
|
|-damage|p2a: Samurott|59/100 brn|[from] brn
|upkeep
|turn|6
|
|t:|1760344228
|move|p2a: Samurott|Ceaseless Edge|p1a: Skeledirge
|-supereffective|p1a: Skeledirge
|-crit|p1a: Skeledirge
|-damage|p1a: Skeledirge|0 fnt
|-sidestart|p1: atmoauto|Spikes
|faint|p1a: Skeledirge
|
|-damage|p2a: Samurott|53/100 brn|[from] brn
|upkeep
|
|t:|1760344236
|switch|p1a: Glimmora|Glimmora, M|100/100
|-damage|p1a: Glimmora|88/100|[from] Stealth Rock
|-damage|p1a: Glimmora|76/100|[from] Spikes
|turn|7
|
|t:|1760344243
|move|p2a: Samurott|Ceaseless Edge|p1a: Glimmora
|-damage|p1a: Glimmora|48/100
|-activate|p1a: Glimmora|ability: Toxic Debris
|-sidestart|p2: egdfwa|move: Toxic Spikes
|-sidestart|p1: atmoauto|Spikes
|move|p1a: Glimmora|Mortal Spin|p2a: Samurott
|-damage|p2a: Samurott|46/100 brn
|-sideend|p1: atmoauto|Spikes|[from] move: Mortal Spin|[of] p1a: Glimmora
|-sideend|p1: atmoauto|Stealth Rock|[from] move: Mortal Spin|[of] p1a: Glimmora
|
|-damage|p2a: Samurott|40/100 brn|[from] brn
|upkeep
|turn|8
|
|t:|1760344253
|move|p2a: Samurott|Flip Turn|p1a: Glimmora
|-supereffective|p1a: Glimmora
|-damage|p1a: Glimmora|19/100
|-activate|p1a: Glimmora|ability: Toxic Debris
|-sidestart|p2: egdfwa|move: Toxic Spikes
|
|t:|1760344258
|switch|p2a: Cinderace|Cinderace, F|9/100|[from] Flip Turn
|-status|p2a: Cinderace|tox
|move|p1a: Glimmora|Power Gem|p2a: Cinderace
|-supereffective|p2a: Cinderace
|-damage|p2a: Cinderace|0 fnt
|faint|p2a: Cinderace
|
|upkeep
|
|t:|1760344261
|switch|p2a: Samurott|Samurott-Hisui, M, shiny|40/100 brn
|turn|9
|
|t:|1760344268
|move|p2a: Samurott|Ceaseless Edge|p1a: Glimmora
|-damage|p1a: Glimmora|0 fnt
|-sidestart|p1: atmoauto|Spikes
|faint|p1a: Glimmora
|
|-damage|p2a: Samurott|34/100 brn|[from] brn
|upkeep
|
|t:|1760344275
|switch|p1a: Scizor|Scizor, M|100/100
|-damage|p1a: Scizor|88/100|[from] Spikes
|turn|10
|
|t:|1760344283
|move|p2a: Samurott|Knock Off|p1a: Scizor
|-damage|p1a: Scizor|63/100
|-enditem|p1a: Scizor|Leftovers|[from] move: Knock Off|[of] p2a: Samurott
|move|p1a: Scizor|Swords Dance|p1a: Scizor
|-boost|p1a: Scizor|atk|2
|
|-damage|p2a: Samurott|28/100 brn|[from] brn
|upkeep
|turn|11
|
|t:|1760344290
|move|p2a: Samurott|Sucker Punch|p1a: Scizor
|-damage|p1a: Scizor|45/100
|move|p1a: Scizor|Bullet Punch|p2a: Samurott
|-resisted|p2a: Samurott
|-damage|p2a: Samurott|0 fnt
|faint|p2a: Samurott
|
|upkeep
|
|t:|1760344303
|switch|p2a: Skarmory|Skarmory, M, shiny|100/100
|turn|12
|
|t:|1760344313
|move|p2a: Skarmory|Brave Bird|p1a: Scizor
|-damage|p1a: Scizor|10/100
|-damage|p2a: Skarmory|90/100|[from] Recoil
|move|p1a: Scizor|Swords Dance|p1a: Scizor
|-boost|p1a: Scizor|atk|2
|
|upkeep
|turn|13
|
|t:|1760344331
|-terastallize|p1a: Scizor|Fire
|move|p2a: Skarmory|Brave Bird|p1a: Scizor
|-damage|p1a: Scizor|0 fnt
|faint|p1a: Scizor
|-damage|p2a: Skarmory|87/100|[from] Recoil
|
|upkeep
|
|t:|1760344338
|switch|p1a: Azumarill|Azumarill, M|100/100
|-damage|p1a: Azumarill|88/100|[from] Spikes
|turn|14
|
|t:|1760344346
|move|p2a: Skarmory|Brave Bird|p1a: Azumarill
|-damage|p1a: Azumarill|63/100
|-damage|p2a: Skarmory|78/100|[from] Recoil
|move|p1a: Azumarill|Liquidation|p2a: Skarmory
|-damage|p2a: Skarmory|59/100
|-damage|p1a: Azumarill|46/100|[from] item: Rocky Helmet|[of] p2a: Skarmory
|
|upkeep
|turn|15
|-message|atmoauto forfeited.
|
|win|egdfwa
|raw|atmoauto's rating: 1360 &rarr; <strong>1339</strong><br />(-21 for losing)
|raw|egdfwa's rating: 1334 &rarr; <strong>1355</strong><br />(+21 for winning)
|l|☆atmoauto
|player|p1|
|l|☆egdfwa
|player|p2|
