|j|☆vghhjg
|j|☆godlywalrus
|t:|1760397045
|gametype|singles
|player|p1|vghhjg|101|1530
|player|p2|godlywalrus|acerola|1676
|gen|9
|tier|[Gen 9] OU
|rated|
|rule|HP Percentage Mod: HP is shown in percentages
|rule|Endless Battle Clause: Forcing endless battles is banned
|rule|Species Clause: Limit one of each Pokémon
|rule|OHKO Clause: OHKO moves are banned
|rule|Evasion Items Clause: Evasion items are banned
|rule|Evasion Moves Clause: Evasion moves are banned
|rule|Evasion Abilities Clause: Evasion abilities are banned
|rule|Sleep Moves Clause: Sleep-inducing moves are banned
|clearpoke
|poke|p1|Ribombee, F|
|poke|p1|Gholdengo|
|poke|p1|Dragonite, M|
|poke|p1|Keldeo|
|poke|p1|Deoxys-Speed|
|poke|p1|Enamorus, F|
|poke|p2|Primarina, F|
|poke|p2|Ceruledge, M|
|poke|p2|Corviknight, F|
|poke|p2|Gliscor, F|
|poke|p2|Meowscarada, F|
|poke|p2|Latios, M|
|teampreview
|c|☆vghhjg|brother tusk , pleae play :P
|inactive|Battle timer is ON: inactive players will automatically lose when time's up. (requested by godlywalrus)
|
|t:|1760397109
|teamsize|p1|6
|teamsize|p2|6
|start
|switch|p1a: Enamorus|Enamorus, F|100/100
|switch|p2a: Meowscarada|Meowscarada, F|100/100
|turn|1
|
|t:|1760397117
|switch|p2a: Gliscor|Gliscor, F|100/100
|move|p1a: Enamorus|Moonblast|p2a: Gliscor
|-damage|p2a: Gliscor|45/100
|
|-status|p2a: Gliscor|tox|[from] item: Toxic Orb
|upkeep
|turn|2
|
|t:|1760397122
|move|p2a: Gliscor|Protect|p2a: Gliscor
|-singleturn|p2a: Gliscor|Protect
|move|p1a: Enamorus|Moonblast|p2a: Gliscor
|-activate|p2a: Gliscor|move: Protect
|
|-heal|p2a: Gliscor|58/100 tox|[from] ability: Poison Heal
|upkeep
|turn|3
|
|t:|1760397126
|switch|p1a: Ribombee|Ribombee, F|100/100
|switch|p2a: Corviknight|Corviknight, F|100/100
|-ability|p2a: Corviknight|Pressure
|
|upkeep
|turn|4
|
|t:|1760397131
|move|p1a: Ribombee|Sticky Web|p2a: Corviknight
|-sidestart|p2: godlywalrus|move: Sticky Web
|move|p2a: Corviknight|Defog|p1a: Ribombee
|-unboost|p1a: Ribombee|evasion|1
|-sideend|p2: godlywalrus|Sticky Web|[from] move: Defog|[of] p2a: Corviknight
|
|upkeep
|turn|5
|
|t:|1760397135
|switch|p2a: Gliscor|Gliscor, F|58/100 tox
|move|p1a: Ribombee|Sticky Web|p2a: Gliscor
|-sidestart|p2: godlywalrus|move: Sticky Web
|
|-heal|p2a: Gliscor|70/100 tox|[from] ability: Poison Heal
|upkeep
|turn|6
|
|t:|1760397142
|switch|p1a: Deoxys|Deoxys-Speed|100/100
|-ability|p1a: Deoxys|Pressure
|move|p2a: Gliscor|Stealth Rock|p1a: Deoxys
|-sidestart|p1: vghhjg|move: Stealth Rock
|
|-heal|p2a: Gliscor|83/100 tox|[from] ability: Poison Heal
|upkeep
|turn|7
|
|t:|1760397146
|switch|p2a: Primarina|Primarina, F|100/100
|-activate|p2a: Primarina|move: Sticky Web
|-unboost|p2a: Primarina|spe|1
|move|p1a: Deoxys|Stealth Rock|p2a: Primarina
|-sidestart|p2: godlywalrus|move: Stealth Rock
|
|upkeep
|turn|8
|
|t:|1760397154
|switch|p1a: Ribombee|Ribombee, F|100/100
|-damage|p1a: Ribombee|76/100|[from] Stealth Rock
|move|p2a: Primarina|Whirlpool|p1a: Ribombee
|-damage|p1a: Ribombee|42/100
|-activate|p1a: Ribombee|move: Whirlpool|[of] p2a: Primarina
|
|-damage|p1a: Ribombee|30/100|[from] move: Whirlpool|[partiallytrapped]
|upkeep
|turn|9
|
|t:|1760397160
|switch|p2a: Gliscor|Gliscor, F|83/100 tox
|-damage|p2a: Gliscor|70/100 tox|[from] Stealth Rock
|move|p1a: Ribombee|Stun Spore||[still]
|-fail|p1a: Ribombee
|
|-heal|p2a: Gliscor|83/100 tox|[from] ability: Poison Heal
|-end|p1a: Ribombee|Whirlpool|[partiallytrapped]|[silent]
|upkeep
|turn|10
|
|t:|1760397168
|move|p2a: Gliscor|Protect|p2a: Gliscor
|-singleturn|p2a: Gliscor|Protect
|move|p1a: Ribombee|Psychic Noise|p2a: Gliscor
|-activate|p2a: Gliscor|move: Protect
|
|-heal|p2a: Gliscor|95/100 tox|[from] ability: Poison Heal
|upkeep
|turn|11
|
|t:|1760397172
|move|p1a: Ribombee|Skill Swap|p2a: Gliscor
|-activate|p1a: Ribombee|move: Skill Swap|Poison Heal|Shield Dust|[of] p2a: Gliscor
|move|p2a: Gliscor|Earthquake|p1a: Ribombee
|-resisted|p1a: Ribombee
|-damage|p1a: Ribombee|0 fnt
|faint|p1a: Ribombee
|
|-damage|p2a: Gliscor|76/100 tox|[from] psn
|upkeep
|c|☆godlywalrus|lol
|c|☆vghhjg|:D
|c|☆godlywalrus|is that just for gliscor?
|c|☆vghhjg|no actually it is for hatt
|c|☆godlywalrus|oooo
|c|☆godlywalrus|good
|inactive|vghhjg has 120 seconds left.
|c|☆vghhjg|but it makes some really funny interactions
|c|☆godlywalrus|i like it
|c|☆vghhjg|like imagine you had used toxin
|c|☆vghhjg|suddely i would be getting the hp :D
|inactive|vghhjg has 90 seconds left.
|c|☆godlywalrus|ye i was considering toxicing there
|
|t:|1760397245
|switch|p1a: Keldeo|Keldeo|100/100
|-damage|p1a: Keldeo|94/100|[from] Stealth Rock
|turn|12
|c|☆godlywalrus|but i decided eq probably saves me more hp
|
|t:|1760397249
|switch|p2a: Latios|Latios, M|100/100
|-damage|p2a: Latios|88/100|[from] Stealth Rock
|move|p1a: Keldeo|Substitute|p1a: Keldeo
|-start|p1a: Keldeo|Substitute
|-damage|p1a: Keldeo|70/100
|
|-heal|p1a: Keldeo|76/100|[from] item: Leftovers
|upkeep
|turn|13
|c|☆vghhjg|oh it was def the right choice
|
|t:|1760397262
|move|p2a: Latios|Psychic Noise|p1a: Keldeo
|-supereffective|p1a: Keldeo
|-damage|p1a: Keldeo|0 fnt
|faint|p1a: Keldeo
|
|upkeep
|c|☆vghhjg|dang
|inactive|vghhjg has 90 seconds left.
|
|t:|1760397273
|switch|p1a: Deoxys|Deoxys-Speed|100/100
|-damage|p1a: Deoxys|88/100|[from] Stealth Rock
|-ability|p1a: Deoxys|Pressure
|turn|14
|c|☆godlywalrus|this is specifically for substitute goobers
|
|t:|1760397279
|switch|p2a: Gliscor|Gliscor, F|76/100 tox
|-damage|p2a: Gliscor|64/100 tox|[from] Stealth Rock
|move|p1a: Deoxys|Shadow Ball|p2a: Gliscor
|-damage|p2a: Gliscor|35/100 tox
|-damage|p1a: Deoxys|78/100|[from] item: Life Orb
|
|-heal|p2a: Gliscor|47/100 tox|[from] ability: Poison Heal
|upkeep
|turn|15
|c|☆vghhjg|yes i am trying something new
|c|☆vghhjg|webs is really hard
|inactive|vghhjg has 90 seconds left.
|c|☆godlywalrus|gholdengo kinda
|c|☆godlywalrus|reduced the difficulty of webs
|c|☆godlywalrus|by 1 billion
|c|☆vghhjg|esentially i don't get boots tusk under control
|c|☆godlywalrus|but it can be tough to build
|c|☆godlywalrus|u slap webber and gholdengo
|inactive|vghhjg has 60 seconds left.
|c|☆godlywalrus|and then it's hard to find a balance of mons that are seriously improved by webs
|
|t:|1760397340
|move|p2a: Gliscor|Protect|p2a: Gliscor
|-singleturn|p2a: Gliscor|Protect
|move|p1a: Deoxys|Shadow Ball|p2a: Gliscor
|-activate|p2a: Gliscor|move: Protect
|
|-heal|p2a: Gliscor|60/100 tox|[from] ability: Poison Heal
|upkeep
|turn|16
|c|☆godlywalrus|and mons that can function without them
|
|t:|1760397347
|switch|p2a: Primarina|Primarina, F|100/100
|-activate|p2a: Primarina|move: Sticky Web
|-unboost|p2a: Primarina|spe|1
|-damage|p2a: Primarina|88/100|[from] Stealth Rock
|move|p1a: Deoxys|Psycho Boost|p2a: Primarina
|-damage|p2a: Primarina|38/100
|-unboost|p1a: Deoxys|spa|2
|-damage|p1a: Deoxys|68/100|[from] item: Life Orb
|
|upkeep
|turn|17
|inactive|vghhjg has 60 seconds left.
|
|t:|1760397364
|switch|p1a: Dragonite|Dragonite, M, shiny|100/100
|-damage|p1a: Dragonite|76/100|[from] Stealth Rock
|move|p2a: Primarina|Psychic Noise|p1a: Dragonite
|-resisted|p1a: Dragonite
|-damage|p1a: Dragonite|58/100
|-start|p1a: Dragonite|move: Heal Block
|
|upkeep
|turn|18
|inactive|vghhjg has 60 seconds left.
|
|t:|1760397369
|move|p1a: Dragonite|Extreme Speed|p2a: Primarina
|-damage|p2a: Primarina|0 fnt
|faint|p2a: Primarina
|
|-end|p1a: Dragonite|move: Heal Block
|upkeep
|
|t:|1760397383
|switch|p2a: Ceruledge|Ceruledge, M|100/100
|turn|19
|
|t:|1760397398
|switch|p2a: Corviknight|Corviknight, F|100/100
|-damage|p2a: Corviknight|88/100|[from] Stealth Rock
|-ability|p2a: Corviknight|Pressure
|move|p1a: Dragonite|Roost|p1a: Dragonite
|-heal|p1a: Dragonite|100/100
|-singleturn|p1a: Dragonite|move: Roost
|
|upkeep
|turn|20
|
|t:|1760397403
|switch|p1a: Gholdengo|Gholdengo|100/100
|-damage|p1a: Gholdengo|94/100|[from] Stealth Rock
|-item|p1a: Gholdengo|Air Balloon
|move|p2a: Corviknight|Iron Defense|p2a: Corviknight
|-boost|p2a: Corviknight|def|2
|
|upkeep
|turn|21
|
|t:|1760397416
|switch|p2a: Gliscor|Gliscor, F|60/100 tox
|-damage|p2a: Gliscor|47/100 tox|[from] Stealth Rock
|move|p1a: Gholdengo|Shadow Ball|p2a: Gliscor
|-damage|p2a: Gliscor|10/100 tox
|-unboost|p2a: Gliscor|spd|1
|
|-heal|p2a: Gliscor|22/100 tox|[from] ability: Poison Heal
|upkeep
|turn|22
|
|t:|1760397423
|move|p1a: Gholdengo|Shadow Ball|p2a: Gliscor
|-damage|p2a: Gliscor|0 fnt
|faint|p2a: Gliscor
|
|upkeep
|
|t:|1760397428
|switch|p2a: Ceruledge|Ceruledge, M|100/100
|turn|23
|
|t:|1760397442
|move|p1a: Gholdengo|Shadow Ball|p2a: Ceruledge
|-supereffective|p2a: Ceruledge
|-damage|p2a: Ceruledge|25/100
|move|p2a: Ceruledge|Poltergeist|p1a: Gholdengo
|-activate|p1a: Gholdengo|move: Poltergeist|Air Balloon
|-supereffective|p1a: Gholdengo
|-damage|p1a: Gholdengo|0 fnt
|-enditem|p1a: Gholdengo|Air Balloon
|faint|p1a: Gholdengo
|
|upkeep
|
|t:|1760397462
|switch|p1a: Enamorus|Enamorus, F|100/100
|-damage|p1a: Enamorus|76/100|[from] Stealth Rock
|turn|24
|
|t:|1760397466
|move|p1a: Enamorus|Moonblast|p2a: Ceruledge
|-resisted|p2a: Ceruledge
|-damage|p2a: Ceruledge|2/100
|-unboost|p2a: Ceruledge|spa|1
|move|p2a: Ceruledge|Bitter Blade|p1a: Enamorus
|-damage|p1a: Enamorus|15/100
|-heal|p2a: Ceruledge|30/100|[from] drain|[of] p1a: Enamorus
|
|upkeep
|turn|25
|c|☆vghhjg|lol no
|c|☆godlywalrus|spdef ceruledge
|c|☆godlywalrus|is the ebst
|c|☆godlywalrus|haha
|c|☆vghhjg|...
|c|☆vghhjg|feels bad
|inactive|vghhjg has 90 seconds left.
|
|t:|1760397497
|move|p1a: Enamorus|Moonblast|p2a: Ceruledge
|-resisted|p2a: Ceruledge
|-damage|p2a: Ceruledge|4/100
|move|p2a: Ceruledge|Bitter Blade|p1a: Enamorus
|-crit|p1a: Enamorus
|-damage|p1a: Enamorus|0 fnt
|-heal|p2a: Ceruledge|11/100|[from] drain|[of] p1a: Enamorus
|faint|p1a: Enamorus
|
|upkeep
|inactive|vghhjg has 90 seconds left.
|
|t:|1760397507
|switch|p1a: Dragonite|Dragonite, M, shiny|100/100
|-damage|p1a: Dragonite|76/100|[from] Stealth Rock
|turn|26
|
|t:|1760397511
|move|p2a: Ceruledge|Taunt|p1a: Dragonite
|-start|p1a: Dragonite|move: Taunt
|cant|p1a: Dragonite|move: Taunt|Dragon Dance
|
|-heal|p1a: Dragonite|82/100|[from] item: Leftovers
|upkeep
|turn|27
|
|t:|1760397520
|move|p2a: Ceruledge|Bitter Blade|p1a: Dragonite
|-resisted|p1a: Dragonite
|-damage|p1a: Dragonite|62/100
|-heal|p2a: Ceruledge|24/100|[from] drain|[of] p1a: Dragonite
|move|p1a: Dragonite|Earthquake|p2a: Ceruledge
|-supereffective|p2a: Ceruledge
|-damage|p2a: Ceruledge|0 fnt
|faint|p2a: Ceruledge
|
|-heal|p1a: Dragonite|68/100|[from] item: Leftovers
|upkeep
|
|t:|1760397541
|switch|p2a: Meowscarada|Meowscarada, F|100/100
|-activate|p2a: Meowscarada|move: Sticky Web
|-unboost|p2a: Meowscarada|spe|1
|-damage|p2a: Meowscarada|88/100|[from] Stealth Rock
|turn|28
|inactive|vghhjg has 120 seconds left.
|
|t:|1760397549
|-terastallize|p1a: Dragonite|Normal
|move|p1a: Dragonite|Extreme Speed|p2a: Meowscarada
|-damage|p2a: Meowscarada|14/100
|move|p2a: Meowscarada|Knock Off|p1a: Dragonite
|-start|p2a: Meowscarada|typechange|Dark|[from] ability: Protean
|-damage|p1a: Dragonite|3/100
|-enditem|p1a: Dragonite|Leftovers|[from] move: Knock Off|[of] p2a: Meowscarada
|
|-end|p1a: Dragonite|move: Taunt
|upkeep
|turn|29
|inactive|vghhjg has 120 seconds left.
|
|t:|1760397561
|move|p2a: Meowscarada|Knock Off|p1a: Dragonite
|-damage|p1a: Dragonite|0 fnt
|faint|p1a: Dragonite
|
|upkeep
|
|t:|1760397564
|switch|p1a: Deoxys|Deoxys-Speed|68/100
|-damage|p1a: Deoxys|56/100|[from] Stealth Rock
|-ability|p1a: Deoxys|Pressure
|turn|30
|
|t:|1760397571
|move|p1a: Deoxys|Shadow Ball|p2a: Meowscarada
|-resisted|p2a: Meowscarada
|-damage|p2a: Meowscarada|0 fnt
|faint|p2a: Meowscarada
|-damage|p1a: Deoxys|46/100|[from] item: Life Orb
|
|upkeep
|
|t:|1760397574
|switch|p2a: Corviknight|Corviknight, F|88/100
|-damage|p2a: Corviknight|76/100|[from] Stealth Rock
|-ability|p2a: Corviknight|Pressure
|turn|31
|
|t:|1760397582
|move|p1a: Deoxys|Focus Blast|p2a: Corviknight
|-damage|p2a: Corviknight|28/100
|-damage|p1a: Deoxys|36/100|[from] item: Life Orb
|move|p2a: Corviknight|Body Press|p1a: Deoxys
|-resisted|p1a: Deoxys
|-damage|p1a: Deoxys|15/100
|
|upkeep
|turn|32
|
|t:|1760397596
|move|p1a: Deoxys|Shadow Ball|p2a: Corviknight
|-damage|p2a: Corviknight|0 fnt
|faint|p2a: Corviknight
|-damage|p1a: Deoxys|5/100|[from] item: Life Orb
|
|upkeep
|
|t:|1760397601
|switch|p2a: Latios|Latios, M|88/100
|-damage|p2a: Latios|76/100|[from] Stealth Rock
|turn|33
|
|t:|1760397609
|-terastallize|p2a: Latios|Steel
|move|p2a: Latios|Tera Blast|p1a: Deoxys|[anim] Tera Blast Steel
|-damage|p1a: Deoxys|0 fnt
|faint|p1a: Deoxys
|
|win|godlywalrus
|raw|vghhjg's rating: 1530 &rarr; <strong>1518</strong><br />(-12 for losing)
|raw|godlywalrus's rating: 1676 &rarr; <strong>1688</strong><br />(+12 for winning)
|c|☆godlywalrus|gg
|c|☆vghhjg|lol
|c|☆vghhjg|gg
|c|☆godlywalrus|!showset 2
|c| godlywalrus|/raw <div class="infobox">Ceruledge @ Heavy-Duty Boots  <br />Ability: Flash Fire  <br />Tera Type: Grass  <br />EVs: 88 HP &#x2f; 120 Atk &#x2f; 124 SpD &#x2f; 176 Spe  <br />Careful Nature  <br />- Bulk Up  <br />- Taunt  <br />- Bitter Blade  <br />- Poltergeist  <br /><br /></div>
|c|☆godlywalrus|this is the ceru
|c|☆vghhjg|i clicked focus blast though a the end :D
|c|☆godlywalrus|haha fr?
|c|☆vghhjg|ye
|c|☆godlywalrus|if ur timid im dead
|c|☆godlywalrus|cus im modest scarf
|c|☆godlywalrus|timid deo s is faster
|c|☆vghhjg|ah :D
|c|☆vghhjg|i did not expect a scarf
|c|☆vghhjg|yes looks like standart ceru
|c|☆vghhjg|only geist instead of sneak
