|badge|p2|bronze|gen9ou|100-7
|uhtml|medal-msg|<div class="broadcast-blue">Curious what those medals under the avatar are? PS now has Ladder Seasons! For more information, check out the <a href="https://www.smogon.com/forums/threads/3740067/">thread on Smogon.</a></div>
|j|☆dilf huntr
|j|☆MooFarmer
|t:|1760399999
|gametype|singles
|player|p1|dilf huntr|drasna|1645
|player|p2|MooFarmer|1|1824
|gen|9
|tier|[Gen 9] OU
|rated|
|rule|HP Percentage Mod: HP is shown in percentages
|rule|Endless Battle Clause: Forcing endless battles is banned
|rule|Species Clause: Limit one of each Pokémon
|rule|OHKO Clause: OHKO moves are banned
|rule|Evasion Items Clause: Evasion items are banned
|rule|Evasion Moves Clause: Evasion moves are banned
|rule|Evasion Abilities Clause: Evasion abilities are banned
|rule|Sleep Moves Clause: Sleep-inducing moves are banned
|clearpoke
|poke|p1|Zamazenta-*|
|poke|p1|Okidogi, M|
|poke|p1|Landorus-Therian, M|
|poke|p1|Dragonite, F|
|poke|p1|Cinderace, M|
|poke|p1|Gholdengo|
|poke|p2|Kyurem|
|poke|p2|Corviknight, F|
|poke|p2|Ting-Lu|
|poke|p2|Dondozo, F|
|poke|p2|Slowking-Galar, L99, M|
|poke|p2|Cinderace, M|
|teampreview
|inactive|Battle timer is ON: inactive players will automatically lose when time's up. (requested by dilf huntr)
|inactive|MooFarmer has 120 seconds left.
|
|t:|1760400046
|teamsize|p1|6
|teamsize|p2|6
|start
|switch|p1a: Okidogi|Okidogi, M|100/100
|switch|p2a: Cinderace|Cinderace, M|100/100
|turn|1
|inactive|MooFarmer also wants the timer to be on.
|inactive|MooFarmer has 120 seconds left.
|
|t:|1760400092
|move|p2a: Cinderace|Will-O-Wisp|p1a: Okidogi
|-status|p1a: Okidogi|brn
|move|p1a: Okidogi|Knock Off|p2a: Cinderace
|-damage|p2a: Cinderace|79/100
|-enditem|p2a: Cinderace|Heavy-Duty Boots|[from] move: Knock Off|[of] p1a: Okidogi
|
|-damage|p1a: Okidogi|94/100 brn|[from] brn
|upkeep
|turn|2
|inactive|MooFarmer has 90 seconds left.
|
|t:|1760400137
|move|p2a: Cinderace|U-turn|p1a: Okidogi
|-resisted|p1a: Okidogi
|-damage|p1a: Okidogi|91/100 brn
|inactive|MooFarmer has 60 seconds left.
|inactive|MooFarmer has 30 seconds left.
|
|t:|1760400183
|switch|p2a: Slowking|Slowking-Galar, L99, M|100/100|[from] U-turn
|move|p1a: Okidogi|Knock Off|p2a: Slowking
|-supereffective|p2a: Slowking
|-damage|p2a: Slowking|62/100
|-enditem|p2a: Slowking|Heavy-Duty Boots|[from] move: Knock Off|[of] p1a: Okidogi
|
|-damage|p1a: Okidogi|85/100 brn|[from] brn
|upkeep
|turn|3
|
|t:|1760400192
|move|p1a: Okidogi|Knock Off|p2a: Slowking
|-supereffective|p2a: Slowking
|-damage|p2a: Slowking|34/100
|move|p2a: Slowking|Future Sight|p1a: Okidogi
|-start|p2a: Slowking|move: Future Sight
|
|-damage|p1a: Okidogi|79/100 brn|[from] brn
|upkeep
|turn|4
|
|t:|1760400201
|switch|p2a: Corviknight|Corviknight, F|100/100
|-ability|p2a: Corviknight|Pressure
|move|p1a: Okidogi|Knock Off|p2a: Corviknight
|-damage|p2a: Corviknight|90/100
|-damage|p1a: Okidogi|62/100 brn|[from] item: Rocky Helmet|[of] p2a: Corviknight
|-enditem|p2a: Corviknight|Rocky Helmet|[from] move: Knock Off|[of] p1a: Okidogi
|
|-damage|p1a: Okidogi|56/100 brn|[from] brn
|upkeep
|turn|5
|
|t:|1760400213
|switch|p1a: Cinderace|Cinderace, M, shiny|100/100
|move|p2a: Corviknight|Roost|p2a: Corviknight
|-heal|p2a: Corviknight|100/100
|-singleturn|p2a: Corviknight|move: Roost
|
|-end|p1a: Cinderace|move: Future Sight
|-damage|p1a: Cinderace|52/100
|upkeep
|turn|6
|
|t:|1760400221
|switch|p2a: Dondozo|Dondozo, F|100/100
|move|p1a: Cinderace|U-turn|p2a: Dondozo
|-start|p1a: Cinderace|typechange|Bug|[from] ability: Libero
|-damage|p2a: Dondozo|88/100
|
|t:|1760400233
|switch|p1a: Gholdengo|Gholdengo|100/100|[from] U-turn
|-item|p1a: Gholdengo|Air Balloon
|
|-heal|p2a: Dondozo|94/100|[from] item: Leftovers
|upkeep
|turn|7
|inactive|MooFarmer has 60 seconds left.
|
|t:|1760400242
|switch|p1a: Okidogi|Okidogi, M|56/100 brn
|move|p2a: Dondozo|Waterfall|p1a: Okidogi
|-damage|p1a: Okidogi|36/100 brn
|
|-heal|p2a: Dondozo|99/100|[from] item: Leftovers
|-damage|p1a: Okidogi|30/100 brn|[from] brn
|upkeep
|turn|8
|
|t:|1760400255
|switch|p2a: Slowking|Slowking-Galar, L99, M|68/100
|move|p1a: Okidogi|Drain Punch|p2a: Slowking
|-resisted|p2a: Slowking
|-damage|p2a: Slowking|62/100
|-heal|p1a: Okidogi|33/100 brn|[from] drain|[of] p2a: Slowking
|
|-damage|p1a: Okidogi|27/100 brn|[from] brn
|upkeep
|turn|9
|
|t:|1760400264
|move|p1a: Okidogi|Knock Off|p2a: Slowking
|-supereffective|p2a: Slowking
|-damage|p2a: Slowking|38/100
|move|p2a: Slowking|Future Sight|p1a: Okidogi
|-start|p2a: Slowking|move: Future Sight
|
|-damage|p1a: Okidogi|21/100 brn|[from] brn
|upkeep
|turn|10
|
|t:|1760400273
|switch|p2a: Corviknight|Corviknight, F|100/100
|-ability|p2a: Corviknight|Pressure
|move|p1a: Okidogi|Drain Punch|p2a: Corviknight
|-damage|p2a: Corviknight|89/100
|-heal|p1a: Okidogi|27/100 brn|[from] drain|[of] p2a: Corviknight
|
|-damage|p1a: Okidogi|21/100 brn|[from] brn
|upkeep
|turn|11
|
|t:|1760400283
|move|p1a: Okidogi|Drain Punch|p2a: Corviknight
|-damage|p2a: Corviknight|77/100
|-heal|p1a: Okidogi|27/100 brn|[from] drain|[of] p2a: Corviknight
|move|p2a: Corviknight|U-turn|p1a: Okidogi
|-resisted|p1a: Okidogi
|-damage|p1a: Okidogi|24/100 brn
|
|t:|1760400292
|switch|p2a: Slowking|Slowking-Galar, L99, M|71/100|[from] U-turn
|
|-end|p1a: Okidogi|move: Future Sight
|-supereffective|p1a: Okidogi
|-damage|p1a: Okidogi|0 fnt
|faint|p1a: Okidogi
|upkeep
|
|t:|1760400297
|switch|p1a: Gholdengo|Gholdengo|100/100
|-item|p1a: Gholdengo|Air Balloon
|turn|12
|inactive|MooFarmer has 90 seconds left.
|
|t:|1760400305
|move|p1a: Gholdengo|Thunder Wave|p2a: Slowking
|-status|p2a: Slowking|par
|cant|p2a: Slowking|par
|
|upkeep
|turn|13
|inactive|MooFarmer has 90 seconds left.
|inactive|MooFarmer has 60 seconds left.
|
|t:|1760400352
|switch|p2a: Ting-Lu|Ting-Lu|100/100
|-ability|p2a: Ting-Lu|Vessel of Ruin
|move|p1a: Gholdengo|Make It Rain|p2a: Ting-Lu
|-damage|p2a: Ting-Lu|78/100
|-unboost|p1a: Gholdengo|spa|1
|
|-heal|p2a: Ting-Lu|84/100|[from] item: Leftovers
|upkeep
|turn|14
|inactive|MooFarmer has 60 seconds left.
|j| Samurajen
|inactive|MooFarmer has 30 seconds left.
|inactive|MooFarmer has 20 seconds left.
|
|t:|1760400398
|switch|p1a: Landorus|Landorus-Therian, M|100/100
|-ability|p1a: Landorus|Intimidate|boost
|-unboost|p2a: Ting-Lu|atk|1
|switch|p2a: Kyurem|Kyurem|100/100
|-ability|p2a: Kyurem|Pressure
|
|upkeep
|turn|15
|inactive|MooFarmer has 30 seconds left this turn.
|
|t:|1760400408
|switch|p1a: Cinderace|Cinderace, M, shiny|52/100
|move|p2a: Kyurem|Freeze-Dry|p1a: Cinderace
|-resisted|p1a: Cinderace
|-damage|p1a: Cinderace|30/100
|
|upkeep
|turn|16
|inactive|MooFarmer has 30 seconds left.
|
|t:|1760400417
|move|p1a: Cinderace|Pyro Ball|p2a: Kyurem
|-damage|p2a: Kyurem|56/100
|move|p2a: Kyurem|Freeze-Dry|p1a: Cinderace
|-resisted|p1a: Cinderace
|-damage|p1a: Cinderace|10/100
|
|-heal|p2a: Kyurem|63/100|[from] item: Leftovers
|upkeep
|turn|17
|
|t:|1760400427
|move|p2a: Kyurem|Protect|p2a: Kyurem
|-singleturn|p2a: Kyurem|Protect
|move|p1a: Cinderace|Pyro Ball|p2a: Kyurem
|-activate|p2a: Kyurem|move: Protect
|
|-heal|p2a: Kyurem|69/100|[from] item: Leftovers
|upkeep
|turn|18
|
|t:|1760400435
|move|p1a: Cinderace|Pyro Ball|p2a: Kyurem
|-damage|p2a: Kyurem|27/100
|-status|p2a: Kyurem|brn
|move|p2a: Kyurem|Freeze-Dry|p1a: Cinderace
|-resisted|p1a: Cinderace
|-damage|p1a: Cinderace|0 fnt
|faint|p1a: Cinderace
|
|-heal|p2a: Kyurem|33/100 brn|[from] item: Leftovers
|-damage|p2a: Kyurem|27/100 brn|[from] brn
|upkeep
|
|t:|1760400447
|switch|p1a: Zamazenta|Zamazenta|100/100
|-ability|p1a: Zamazenta|Dauntless Shield|boost
|-boost|p1a: Zamazenta|def|1
|turn|19
|
|t:|1760400456
|switch|p2a: Dondozo|Dondozo, F|99/100
|move|p1a: Zamazenta|Crunch|p2a: Dondozo
|-damage|p2a: Dondozo|84/100
|-damage|p1a: Zamazenta|91/100|[from] item: Life Orb
|
|-heal|p2a: Dondozo|91/100|[from] item: Leftovers
|upkeep
|turn|20
|
|t:|1760400465
|move|p1a: Zamazenta|Close Combat|p2a: Dondozo
|-damage|p2a: Dondozo|52/100
|-unboost|p1a: Zamazenta|def|1
|-unboost|p1a: Zamazenta|spd|1
|-damage|p1a: Zamazenta|81/100|[from] item: Life Orb
|move|p2a: Dondozo|Curse|p2a: Dondozo
|-unboost|p2a: Dondozo|spe|1
|-boost|p2a: Dondozo|atk|1
|-boost|p2a: Dondozo|def|1
|
|-heal|p2a: Dondozo|58/100|[from] item: Leftovers
|upkeep
|turn|21
|inactive|MooFarmer has 60 seconds left.
|
|t:|1760400477
|switch|p1a: Dragonite|Dragonite, F|100/100
|move|p2a: Dondozo|Waterfall|p1a: Dragonite
|-resisted|p1a: Dragonite
|-damage|p1a: Dragonite|89/100
|
|-heal|p2a: Dondozo|64/100|[from] item: Leftovers
|upkeep
|turn|22
|
|t:|1760400486
|move|p1a: Dragonite|Dragon Dance|p1a: Dragonite
|-boost|p1a: Dragonite|atk|1
|-boost|p1a: Dragonite|spe|1
|move|p2a: Dondozo|Waterfall|p1a: Dragonite
|-resisted|p1a: Dragonite
|-damage|p1a: Dragonite|67/100
|
|-heal|p2a: Dondozo|70/100|[from] item: Leftovers
|upkeep
|turn|23
|
|t:|1760400495
|-terastallize|p1a: Dragonite|Flying
|move|p1a: Dragonite|Tera Blast|p2a: Dondozo|[anim] Tera Blast Flying
|-damage|p2a: Dondozo|50/100
|move|p2a: Dondozo|Waterfall|p1a: Dragonite
|-damage|p1a: Dragonite|21/100
|
|-heal|p2a: Dondozo|56/100|[from] item: Leftovers
|upkeep
|turn|24
|
|t:|1760400504
|move|p1a: Dragonite|Tera Blast|p2a: Dondozo|[anim] Tera Blast Flying
|-damage|p2a: Dondozo|35/100
|move|p2a: Dondozo|Waterfall|p1a: Dragonite
|-damage|p1a: Dragonite|0 fnt
|faint|p1a: Dragonite
|
|-heal|p2a: Dondozo|42/100|[from] item: Leftovers
|upkeep
|
|t:|1760400510
|switch|p1a: Gholdengo|Gholdengo|100/100
|-item|p1a: Gholdengo|Air Balloon
|turn|25
|
|t:|1760400519
|move|p1a: Gholdengo|Thunder Wave|p2a: Dondozo|[miss]
|-miss|p1a: Gholdengo|p2a: Dondozo
|move|p2a: Dondozo|Rest|p2a: Dondozo
|-status|p2a: Dondozo|slp|[from] move: Rest
|-heal|p2a: Dondozo|100/100 slp|[silent]
|
|upkeep
|turn|26
|inactive|MooFarmer has 90 seconds left.
|inactive|MooFarmer has 60 seconds left.
|
|t:|1760400565
|switch|p2a: Ting-Lu|Ting-Lu|84/100
|-ability|p2a: Ting-Lu|Vessel of Ruin
|move|p1a: Gholdengo|Make It Rain|p2a: Ting-Lu
|-damage|p2a: Ting-Lu|61/100
|-unboost|p1a: Gholdengo|spa|1
|
|-heal|p2a: Ting-Lu|68/100|[from] item: Leftovers
|upkeep
|turn|27
|inactive|MooFarmer has 30 seconds left.
|inactive|MooFarmer has 20 seconds left.
|inactive|MooFarmer has 15 seconds left.
|
|t:|1760400612
|switch|p1a: Landorus|Landorus-Therian, M|100/100
|-ability|p1a: Landorus|Intimidate|boost
|-unboost|p2a: Ting-Lu|atk|1
|switch|p2a: Kyurem|Kyurem|27/100 brn
|-ability|p2a: Kyurem|Pressure
|
|-heal|p2a: Kyurem|33/100 brn|[from] item: Leftovers
|-damage|p2a: Kyurem|27/100 brn|[from] brn
|upkeep
|turn|28
|inactive|MooFarmer has 25 seconds left this turn.
|inactive|MooFarmer has 20 seconds left.
|
|t:|1760400620
|switch|p1a: Zamazenta|Zamazenta|81/100
|move|p2a: Kyurem|Freeze-Dry|p1a: Zamazenta
|-damage|p1a: Zamazenta|46/100
|
|-heal|p2a: Kyurem|33/100 brn|[from] item: Leftovers
|-damage|p2a: Kyurem|27/100 brn|[from] brn
|upkeep
|turn|29
|inactive|MooFarmer has 30 seconds left this turn.
|
|t:|1760400629
|switch|p2a: Dondozo|Dondozo, F|100/100 slp
|move|p1a: Zamazenta|Crunch|p2a: Dondozo
|-damage|p2a: Dondozo|85/100 slp
|-damage|p1a: Zamazenta|36/100|[from] item: Life Orb
|
|-heal|p2a: Dondozo|91/100 slp|[from] item: Leftovers
|upkeep
|turn|30
|inactive|MooFarmer has 30 seconds left.
|
|t:|1760400638
|switch|p2a: Slowking|Slowking-Galar, L99, M|100/100 par
|move|p1a: Zamazenta|Close Combat|p2a: Slowking
|-resisted|p2a: Slowking
|-damage|p2a: Slowking|77/100 par
|-unboost|p1a: Zamazenta|def|1
|-unboost|p1a: Zamazenta|spd|1
|-damage|p1a: Zamazenta|26/100|[from] item: Life Orb
|
|upkeep
|turn|31
|
|t:|1760400646
|switch|p2a: Dondozo|Dondozo, F|91/100 slp
|move|p1a: Zamazenta|Crunch|p2a: Dondozo
|-damage|p2a: Dondozo|74/100 slp
|-damage|p1a: Zamazenta|16/100|[from] item: Life Orb
|
|-heal|p2a: Dondozo|80/100 slp|[from] item: Leftovers
|upkeep
|turn|32
|
|t:|1760400655
|switch|p2a: Slowking|Slowking-Galar, L99, M|100/100 par
|move|p1a: Zamazenta|Close Combat|p2a: Slowking
|-resisted|p2a: Slowking
|-damage|p2a: Slowking|77/100 par
|-unboost|p1a: Zamazenta|def|1
|-unboost|p1a: Zamazenta|spd|1
|-damage|p1a: Zamazenta|6/100|[from] item: Life Orb
|
|upkeep
|turn|33
|
|t:|1760400663
|switch|p2a: Corviknight|Corviknight, F|77/100
|-ability|p2a: Corviknight|Pressure
|move|p1a: Zamazenta|Close Combat|p2a: Corviknight
|-damage|p2a: Corviknight|30/100
|-unboost|p1a: Zamazenta|def|1
|-unboost|p1a: Zamazenta|spd|1
|-damage|p1a: Zamazenta|0 fnt|[from] item: Life Orb
|faint|p1a: Zamazenta
|
|upkeep
|
|t:|1760400670
|switch|p1a: Landorus|Landorus-Therian, M|100/100
|-ability|p1a: Landorus|Intimidate|boost
|-unboost|p2a: Corviknight|atk|1
|turn|34
|
|t:|1760400678
|move|p1a: Landorus|Stealth Rock|p2a: Corviknight
|-sidestart|p2: MooFarmer|move: Stealth Rock
|move|p2a: Corviknight|Roost|p2a: Corviknight
|-heal|p2a: Corviknight|80/100
|-singleturn|p2a: Corviknight|move: Roost
|
|upkeep
|turn|35
|inactive|MooFarmer has 60 seconds left.
|
|t:|1760400697
|move|p1a: Landorus|Earthquake|p2a: Corviknight
|-immune|p2a: Corviknight
|move|p2a: Corviknight|Roost|p2a: Corviknight
|-heal|p2a: Corviknight|100/100
|-singleturn|p2a: Corviknight|move: Roost
|
|upkeep
|turn|36
|
|t:|1760400706
|move|p1a: Landorus|Earthquake|p2a: Corviknight
|-immune|p2a: Corviknight
|move|p2a: Corviknight|U-turn|p1a: Landorus
|-resisted|p1a: Landorus
|-crit|p1a: Landorus
|-damage|p1a: Landorus|90/100
|-damage|p2a: Corviknight|84/100|[from] item: Rocky Helmet|[of] p1a: Landorus
|
|t:|1760400714
|switch|p2a: Ting-Lu|Ting-Lu|68/100|[from] U-turn
|-damage|p2a: Ting-Lu|61/100|[from] Stealth Rock
|-ability|p2a: Ting-Lu|Vessel of Ruin
|
|-heal|p2a: Ting-Lu|68/100|[from] item: Leftovers
|upkeep
|turn|37
|
|t:|1760400723
|move|p1a: Landorus|Earthquake|p2a: Ting-Lu
|-damage|p2a: Ting-Lu|41/100
|move|p2a: Ting-Lu|Payback|p1a: Landorus
|-damage|p1a: Landorus|52/100
|-damage|p2a: Ting-Lu|24/100|[from] item: Rocky Helmet|[of] p1a: Landorus
|
|-heal|p2a: Ting-Lu|30/100|[from] item: Leftovers
|upkeep
|turn|38
|
|t:|1760400732
|move|p1a: Landorus|Earthquake|p2a: Ting-Lu
|-damage|p2a: Ting-Lu|3/100
|move|p2a: Ting-Lu|Rest|p2a: Ting-Lu
|-status|p2a: Ting-Lu|slp|[from] move: Rest
|-heal|p2a: Ting-Lu|100/100 slp|[silent]
|
|upkeep
|turn|39
|
|t:|1760400740
|move|p1a: Landorus|Earthquake|p2a: Ting-Lu
|-damage|p2a: Ting-Lu|75/100 slp
|cant|p2a: Ting-Lu|slp
|move|p2a: Ting-Lu|Sleep Talk|p2a: Ting-Lu
|move|p2a: Ting-Lu|Payback|p1a: Landorus|[from] move: Sleep Talk
|-crit|p1a: Landorus
|-damage|p1a: Landorus|0 fnt
|-damage|p2a: Ting-Lu|58/100 slp|[from] item: Rocky Helmet|[of] p1a: Landorus
|faint|p1a: Landorus
|
|-heal|p2a: Ting-Lu|64/100 slp|[from] item: Leftovers
|upkeep
|
|t:|1760400743
|switch|p1a: Gholdengo|Gholdengo|100/100
|-item|p1a: Gholdengo|Air Balloon
|turn|40
|inactive|MooFarmer has 90 seconds left.
|-message|dilf huntr forfeited.
|
|win|MooFarmer
|raw|dilf huntr's rating: 1645 &rarr; <strong>1634</strong><br />(-11 for losing)
|raw|MooFarmer's rating: 1824 &rarr; <strong>1835</strong><br />(+11 for winning)
|l|☆dilf huntr
|player|p1|
|l|☆MooFarmer
|player|p2|
