|badge|p2|bronze|gen9ru|100-7
|badge|p2|bronze|gen9ubers|100-7
|uhtml|medal-msg|<div class="broadcast-blue">Curious what those medals under the avatar are? PS now has Ladder Seasons! For more information, check out the <a href="https://www.smogon.com/forums/threads/3740067/">thread on Smogon.</a></div>
|j|☆torvik en place
|j|☆RoaringMoonlight2
|t:|1760386979
|gametype|singles
|player|p1|torvik en place|gambler|1830
|player|p2|RoaringMoonlight2|turo-ai|1834
|gen|9
|tier|[Gen 9] OU
|rated|
|rule|HP Percentage Mod: HP is shown in percentages
|rule|Endless Battle Clause: Forcing endless battles is banned
|rule|Species Clause: Limit one of each Pokémon
|rule|OHKO Clause: OHKO moves are banned
|rule|Evasion Items Clause: Evasion items are banned
|rule|Evasion Moves Clause: Evasion moves are banned
|rule|Evasion Abilities Clause: Evasion abilities are banned
|rule|Sleep Moves Clause: Sleep-inducing moves are banned
|clearpoke
|poke|p1|Darkrai|
|poke|p1|Enamorus, F|
|poke|p1|Cinderace, F|
|poke|p1|Great Tusk|
|poke|p1|Alomomola, F|
|poke|p1|Amoonguss, F|
|poke|p2|Glimmora, M|
|poke|p2|Iron Valiant|
|poke|p2|Raging Bolt|
|poke|p2|Ogerpon-Wellspring, F|
|poke|p2|Kingambit, M|
|poke|p2|Ceruledge, F|
|teampreview
|inactive|Battle timer is ON: inactive players will automatically lose when time's up. (requested by RoaringMoonlight2)
|c|☆RoaringMoonlight2|t toujours torvik right ?
|j| Trucker Hat Mew
|inactive|torvik en place has 120 seconds left.
|inactive|RoaringMoonlight2 has 120 seconds left.
|c|☆torvik en place|?
|inactive|torvik en place has 90 seconds left.
|j| swagboss123456789
|
|t:|1760387046
|teamsize|p1|6
|teamsize|p2|6
|start
|switch|p1a: Darkrai|Darkrai|100/100
|switch|p2a: Fleur de Cuivre|Glimmora, M|100/100
|turn|1
|c|☆RoaringMoonlight2|je t'ai mis une branlée la dernier fois
|j| ty-tyui↻
|
|t:|1760387060
|move|p1a: Darkrai|Dark Pulse|p2a: Fleur de Cuivre
|-damage|p2a: Fleur de Cuivre|34/100
|move|p2a: Fleur de Cuivre|Meteor Beam||[still]
|-prepare|p2a: Fleur de Cuivre|Meteor Beam
|-boost|p2a: Fleur de Cuivre|spa|1
|-enditem|p2a: Fleur de Cuivre|Power Herb
|-anim|p2a: Fleur de Cuivre|Meteor Beam|p1a: Darkrai|[miss]
|-miss|p2a: Fleur de Cuivre|p1a: Darkrai
|
|upkeep
|turn|2
|c|☆torvik en place|je vois ça
|
|t:|1760387082
|move|p1a: Darkrai|Dark Pulse|p2a: Fleur de Cuivre
|-damage|p2a: Fleur de Cuivre|0 fnt
|faint|p2a: Fleur de Cuivre
|
|upkeep
|c|☆RoaringMoonlight2|mais la, ca va etre chaud
|inactive|RoaringMoonlight2 has 120 seconds left.
|j| bloodhound q50
|l| bloodhound q50
|
|t:|1760387131
|switch|p2a: Escrameur|Ceruledge, F|100/100
|turn|3
|
|t:|1760387141
|move|p1a: Darkrai|Dark Pulse|p2a: Escrameur
|-supereffective|p2a: Escrameur
|-enditem|p2a: Escrameur|Focus Sash
|-damage|p2a: Escrameur|1/100
|cant|p2a: Escrameur|flinch
|
|upkeep
|turn|4
|l| Trucker Hat Mew
|
|t:|1760387149
|move|p2a: Escrameur|Shadow Sneak|p1a: Darkrai
|-resisted|p1a: Darkrai
|-damage|p1a: Darkrai|87/100
|move|p1a: Darkrai|Dark Pulse|p2a: Escrameur
|-supereffective|p2a: Escrameur
|-damage|p2a: Escrameur|0 fnt
|faint|p2a: Escrameur
|
|upkeep
|
|t:|1760387152
|switch|p2a: Terminator|Iron Valiant|100/100
|-enditem|p2a: Terminator|Booster Energy
|-activate|p2a: Terminator|ability: Quark Drive|[fromitem]
|-start|p2a: Terminator|quarkdrivespe
|turn|5
|j| bloodhound q50
|j| OP Earthquakes
|
|t:|1760387180
|switch|p1a: Alomomola|Alomomola, F|100/100
|-terastallize|p2a: Terminator|Steel
|move|p2a: Terminator|Calm Mind|p2a: Terminator
|-boost|p2a: Terminator|spa|1
|-boost|p2a: Terminator|spd|1
|
|upkeep
|turn|6
|c|☆RoaringMoonlight2|ce jeu est cruel
|
|t:|1760387191
|move|p2a: Terminator|Calm Mind|p2a: Terminator
|-boost|p2a: Terminator|spa|1
|-boost|p2a: Terminator|spd|1
|move|p1a: Alomomola|Body Slam|p2a: Terminator
|-resisted|p2a: Terminator
|-damage|p2a: Terminator|91/100
|
|upkeep
|turn|7
|
|t:|1760387197
|move|p2a: Terminator|Focus Blast|p1a: Alomomola
|-damage|p1a: Alomomola|46/100
|move|p1a: Alomomola|Body Slam|p2a: Terminator
|-resisted|p2a: Terminator
|-damage|p2a: Terminator|81/100
|
|upkeep
|turn|8
|inactive|torvik en place has 120 seconds left.
|inactive|torvik en place has 90 seconds left.
|inactive|RoaringMoonlight2 has 120 seconds left.
|
|t:|1760387278
|switch|p1a: Darkrai|Darkrai|87/100
|move|p2a: Terminator|Focus Blast|p1a: Darkrai|[miss]
|-miss|p2a: Terminator|p1a: Darkrai
|
|upkeep
|turn|9
|j| ebizi
|inactive|torvik en place has 90 seconds left.
|
|t:|1760387285
|move|p1a: Darkrai|Sucker Punch|p2a: Terminator
|-damage|p2a: Terminator|46/100
|move|p2a: Terminator|Moonblast|p1a: Darkrai
|-supereffective|p1a: Darkrai
|-damage|p1a: Darkrai|0 fnt
|faint|p1a: Darkrai
|
|upkeep
|inactive|torvik en place has 90 seconds left.
|
|t:|1760387307
|switch|p1a: Alomomola|Alomomola, F|79/100
|turn|10
|
|t:|1760387311
|move|p2a: Terminator|Calm Mind|p2a: Terminator
|-boost|p2a: Terminator|spa|1
|-boost|p2a: Terminator|spd|1
|move|p1a: Alomomola|Flip Turn|p2a: Terminator
|-damage|p2a: Terminator|23/100
|
|t:|1760387320
|switch|p1a: Amoonguss|Amoonguss, F|100/100|[from] Flip Turn
|
|upkeep
|turn|11
|
|t:|1760387323
|move|p2a: Terminator|Psyshock|p1a: Amoonguss
|-supereffective|p1a: Amoonguss
|-damage|p1a: Amoonguss|0 fnt
|faint|p1a: Amoonguss
|
|upkeep
|
|t:|1760387326
|switch|p1a: Alomomola|Alomomola, F|100/100
|turn|12
|
|t:|1760387329
|move|p1a: Alomomola|Aqua Jet|p2a: Terminator
|-damage|p2a: Terminator|8/100
|move|p2a: Terminator|Focus Blast|p1a: Alomomola
|-damage|p1a: Alomomola|32/100
|
|upkeep
|turn|13
|
|t:|1760387335
|-end|p2a: Terminator|Quark Drive|[silent]
|switch|p2a: Masqurécage|Ogerpon-Wellspring, F|100/100
|move|p1a: Alomomola|Aqua Jet|p2a: Masqurécage
|-immune|p2a: Masqurécage|[from] ability: Water Absorb
|
|upkeep
|turn|14
|inactive|torvik en place has 120 seconds left.
|
|t:|1760387355
|move|p2a: Masqurécage|Ivy Cudgel|p1a: Alomomola|[anim] Ivy Cudgel Water
|-resisted|p1a: Alomomola
|-damage|p1a: Alomomola|10/100
|move|p1a: Alomomola|Body Slam|p2a: Masqurécage
|-damage|p2a: Masqurécage|81/100
|-status|p2a: Masqurécage|par
|
|upkeep
|turn|15
|
|t:|1760387361
|move|p2a: Masqurécage|Ivy Cudgel|p1a: Alomomola|[anim] Ivy Cudgel Water
|-resisted|p1a: Alomomola
|-damage|p1a: Alomomola|0 fnt
|faint|p1a: Alomomola
|
|upkeep
|
|t:|1760387363
|switch|p1a: Enamorus|Enamorus, F|100/100
|turn|16
|
|t:|1760387365
|move|p1a: Enamorus|Moonblast|p2a: Masqurécage
|-damage|p2a: Masqurécage|0 fnt
|faint|p2a: Masqurécage
|
|upkeep
|
|t:|1760387370
|switch|p2a: Terminator|Iron Valiant, tera:Steel|8/100
|turn|17
|
|t:|1760387376
|switch|p1a: Cinderace|Cinderace, F|100/100
|move|p2a: Terminator|Moonblast|p1a: Cinderace
|-resisted|p1a: Cinderace
|-damage|p1a: Cinderace|75/100
|
|upkeep
|turn|18
|
|t:|1760387379
|move|p1a: Cinderace|U-turn|p2a: Terminator
|-resisted|p2a: Terminator
|-damage|p2a: Terminator|0 fnt
|faint|p2a: Terminator
|-end|p2a: Terminator|Quark Drive|[silent]
|
|t:|1760387381
|switch|p1a: Great Tusk|Great Tusk|100/100|[from] U-turn
|
|upkeep
|
|t:|1760387384
|switch|p2a: Général 50/50|Kingambit, M|100/100
|-activate|p2a: Général 50/50|ability: Supreme Overlord
|-start|p2a: Général 50/50|fallen4|[silent]
|turn|19
|
|t:|1760387388
|-terastallize|p1a: Great Tusk|Ground
|move|p1a: Great Tusk|Headlong Rush|p2a: Général 50/50
|-supereffective|p2a: Général 50/50
|-damage|p2a: Général 50/50|0 fnt
|-unboost|p1a: Great Tusk|def|1
|-unboost|p1a: Great Tusk|spd|1
|faint|p2a: Général 50/50
|-end|p2a: Général 50/50|fallen4|[silent]
|
|upkeep
|
|t:|1760387391
|switch|p2a: Raille-Cou|Raging Bolt|100/100
|turn|20
|
|t:|1760387392
|move|p1a: Great Tusk|Headlong Rush|p2a: Raille-Cou
|-supereffective|p2a: Raille-Cou
|-damage|p2a: Raille-Cou|0 fnt
|-unboost|p1a: Great Tusk|def|1
|-unboost|p1a: Great Tusk|spd|1
|faint|p2a: Raille-Cou
|-end|p2a: Raille-Cou|Protosynthesis|[silent]
|
|win|torvik en place
|raw|torvik en place's rating: 1830 &rarr; <strong>1850</strong><br />(+20 for winning)
|raw|RoaringMoonlight2's rating: 1834 &rarr; <strong>1814</strong><br />(-20 for losing)
|c|☆RoaringMoonlight2|gg
|l| swagboss123456789
|c|☆torvik en place|gg
|l|☆torvik en place
|player|p1|
|l| bloodhound q50
|c|☆RoaringMoonlight2|je me suis fait salement haxx
|l| ty-tyui↻
|l|☆RoaringMoonlight2
|player|p2|
|l| ebizi
