|j|☆PINGaBurger
|j|☆Wrath of the Turks
|t:|1760316407
|gametype|singles
|player|p1|PINGaBurger|266|1636
|player|p2|Wrath of the Turks|burglar-gen2|1593
|gen|9
|tier|[Gen 9] OU
|rated|
|rule|HP Percentage Mod: HP is shown in percentages
|rule|Endless Battle Clause: Forcing endless battles is banned
|rule|Species Clause: Limit one of each Pokémon
|rule|OHKO Clause: OHKO moves are banned
|rule|Evasion Items Clause: Evasion items are banned
|rule|Evasion Moves Clause: Evasion moves are banned
|rule|Evasion Abilities Clause: Evasion abilities are banned
|rule|Sleep Moves Clause: Sleep-inducing moves are banned
|clearpoke
|poke|p1|Maushold|
|poke|p1|Iron Boulder|
|poke|p1|Iron Crown|
|poke|p1|Deoxys-Speed|
|poke|p1|Indeedee, M|
|poke|p1|Kyurem|
|poke|p2|Iron Treads|
|poke|p2|Dragonite, F|
|poke|p2|Ninetales-Alola, M|
|poke|p2|Kyurem|
|poke|p2|Kingambit, M|
|poke|p2|Enamorus, F|
|teampreview
|inactive|Battle timer is ON: inactive players will automatically lose when time's up. (requested by Wrath of the Turks)
|inactive|Wrath of the Turks has 120 seconds left.
|
|t:|1760316465
|teamsize|p1|6
|teamsize|p2|6
|start
|switch|p1a: Iron Crown|Iron Crown|100/100
|switch|p2a: Wheel of Fortune|Iron Treads|100/100
|-enditem|p2a: Wheel of Fortune|Booster Energy
|-activate|p2a: Wheel of Fortune|ability: Quark Drive|[fromitem]
|-start|p2a: Wheel of Fortune|quarkdrivespe
|turn|1
|j| Nikator98
|
|t:|1760316485
|move|p2a: Wheel of Fortune|Stealth Rock|p1a: Iron Crown
|-sidestart|p1: PINGaBurger|move: Stealth Rock
|move|p1a: Iron Crown|Focus Blast|p2a: Wheel of Fortune
|-supereffective|p2a: Wheel of Fortune
|-damage|p2a: Wheel of Fortune|0 fnt
|faint|p2a: Wheel of Fortune
|-end|p2a: Wheel of Fortune|Quark Drive|[silent]
|
|upkeep
|
|t:|1760316490
|switch|p2a: Angel Densetsu|Dragonite, F|100/100
|turn|2
|
|t:|1760316511
|-end|p1a: Iron Crown|Quark Drive|[silent]
|switch|p1a: Indeedee|Indeedee, M, shiny|100/100
|-damage|p1a: Indeedee|88/100|[from] Stealth Rock
|-fieldstart|move: Psychic Terrain|[from] ability: Psychic Surge|[of] p1a: Indeedee
|move|p2a: Angel Densetsu|Dragon Dance|p2a: Angel Densetsu
|-boost|p2a: Angel Densetsu|atk|1
|-boost|p2a: Angel Densetsu|spe|1
|
|upkeep
|turn|3
|
|t:|1760316518
|move|p2a: Angel Densetsu|Scale Shot|p1a: Indeedee
|-damage|p1a: Indeedee|40/100
|-damage|p1a: Indeedee|0 fnt
|faint|p1a: Indeedee
|-hitcount|p1: Indeedee|2
|-unboost|p2a: Angel Densetsu|def|1
|-boost|p2a: Angel Densetsu|spe|1
|
|upkeep
|inactive|PINGaBurger has 120 seconds left.
|
|t:|1760316544
|switch|p1a: Kyurem|Kyurem|100/100
|-damage|p1a: Kyurem|76/100|[from] Stealth Rock
|-ability|p1a: Kyurem|Pressure
|turn|4
|inactive|PINGaBurger has 120 seconds left.
|
|t:|1760316560
|-terastallize|p1a: Kyurem|Ground
|move|p2a: Angel Densetsu|Scale Shot|p1a: Kyurem
|-damage|p1a: Kyurem|53/100
|-crit|p1a: Kyurem
|-damage|p1a: Kyurem|20/100
|-damage|p1a: Kyurem|0 fnt
|faint|p1a: Kyurem
|-hitcount|p1: Kyurem|3
|-unboost|p2a: Angel Densetsu|def|1
|-boost|p2a: Angel Densetsu|spe|1
|
|upkeep
|inactive|PINGaBurger has 120 seconds left.
|
|t:|1760316567
|switch|p1a: Iron Boulder|Iron Boulder|100/100
|-damage|p1a: Iron Boulder|88/100|[from] Stealth Rock
|-enditem|p1a: Iron Boulder|Booster Energy
|-activate|p1a: Iron Boulder|ability: Quark Drive|[fromitem]
|-start|p1a: Iron Boulder|quarkdrivespe
|turn|5
|
|t:|1760316570
|move|p2a: Angel Densetsu|Scale Shot|p1a: Iron Boulder|[miss]
|-miss|p2a: Angel Densetsu|p1a: Iron Boulder
|move|p1a: Iron Boulder|Mighty Cleave|p2a: Angel Densetsu
|-supereffective|p2a: Angel Densetsu
|-damage|p2a: Angel Densetsu|0 fnt
|faint|p2a: Angel Densetsu
|
|upkeep
|c|☆Wrath of the Turks|NOOOO
|
|t:|1760316575
|switch|p2a: Blade Quintology|Kingambit, M|100/100
|-activate|p2a: Blade Quintology|ability: Supreme Overlord
|-start|p2a: Blade Quintology|fallen2|[silent]
|turn|6
|
|t:|1760316579
|-terastallize|p2a: Blade Quintology|Bug
|move|p1a: Iron Boulder|Close Combat|p2a: Blade Quintology
|-resisted|p2a: Blade Quintology
|-damage|p2a: Blade Quintology|86/100
|-unboost|p1a: Iron Boulder|def|1
|-unboost|p1a: Iron Boulder|spd|1
|move|p2a: Blade Quintology|Kowtow Cleave|p1a: Iron Boulder
|-supereffective|p1a: Iron Boulder
|-damage|p1a: Iron Boulder|0 fnt
|faint|p1a: Iron Boulder
|-end|p1a: Iron Boulder|Quark Drive|[silent]
|
|upkeep
|
|t:|1760316586
|switch|p1a: Mutant|Deoxys-Speed, shiny|100/100
|-damage|p1a: Mutant|88/100|[from] Stealth Rock
|-ability|p1a: Mutant|Pressure
|turn|7
|
|t:|1760316589
|-end|p2a: Blade Quintology|fallen2|[silent]
|switch|p2a: Loveshine|Ninetales-Alola, M|100/100
|-weather|Snowscape|[from] ability: Snow Warning|[of] p2a: Loveshine
|move|p1a: Mutant|Expanding Force|p2a: Loveshine
|-crit|p2a: Loveshine
|-damage|p2a: Loveshine|0 fnt
|faint|p2a: Loveshine
|-damage|p1a: Mutant|78/100|[from] item: Life Orb
|
|-weather|Snowscape|[upkeep]
|upkeep
|
|t:|1760316594
|switch|p2a: Bells out the Bax|Kyurem|100/100
|-ability|p2a: Bells out the Bax|Pressure
|turn|8
|
|t:|1760316600
|move|p1a: Mutant|Expanding Force|p2a: Bells out the Bax
|-damage|p2a: Bells out the Bax|23/100
|-damage|p1a: Mutant|68/100|[from] item: Life Orb
|move|p2a: Bells out the Bax|Icicle Spear|p1a: Mutant
|-damage|p1a: Mutant|47/100
|-damage|p1a: Mutant|26/100
|-damage|p1a: Mutant|1/100
|-damage|p1a: Mutant|0 fnt
|faint|p1a: Mutant
|-hitcount|p1: Mutant|4
|
|-weather|Snowscape|[upkeep]
|upkeep
|
|t:|1760316623
|switch|p1a: Iron Crown|Iron Crown|100/100
|-damage|p1a: Iron Crown|94/100|[from] Stealth Rock
|turn|9
|
|t:|1760316632
|move|p1a: Iron Crown|Tachyon Cutter|p2a: Bells out the Bax
|-supereffective|p2a: Bells out the Bax
|-damage|p2a: Bells out the Bax|0 fnt
|faint|p2a: Bells out the Bax
|-hitcount|p2: Bells out the Bax|1
|
|-weather|Snowscape|[upkeep]
|-fieldend|move: Psychic Terrain
|upkeep
|
|t:|1760316638
|switch|p2a: Blade Quintology|Kingambit, M, tera:Bug|86/100
|-activate|p2a: Blade Quintology|ability: Supreme Overlord
|-start|p2a: Blade Quintology|fallen4|[silent]
|turn|10
|
|t:|1760316642
|-end|p1a: Iron Crown|Quark Drive|[silent]
|switch|p1a: Maushold|Maushold|100/100
|-damage|p1a: Maushold|88/100|[from] Stealth Rock
|move|p2a: Blade Quintology|Sucker Punch||[still]
|-fail|p2a: Blade Quintology
|
|-weather|Snowscape|[upkeep]
|upkeep
|turn|11
|
|t:|1760316650
|move|p1a: Maushold|Encore|p2a: Blade Quintology
|-start|p2a: Blade Quintology|Encore
|move|p2a: Blade Quintology|Sucker Punch||[still]
|-fail|p2a: Blade Quintology
|
|-weather|none
|upkeep
|turn|12
|
|t:|1760316653
|-end|p2a: Blade Quintology|fallen4|[silent]
|switch|p2a: I Believe|Enamorus, F|100/100
|move|p1a: Maushold|Tidy Up|p1a: Maushold
|-sideend|p1: PINGaBurger|Stealth Rock
|-activate|p1a: Maushold|move: Tidy Up
|-boost|p1a: Maushold|atk|1
|-boost|p1a: Maushold|spe|1
|
|upkeep
|turn|13
|
|t:|1760316655
|move|p1a: Maushold|Population Bomb|p2a: I Believe
|-damage|p2a: I Believe|74/100
|-damage|p2a: I Believe|46/100
|-damage|p2a: I Believe|18/100
|-damage|p2a: I Believe|0 fnt
|faint|p2a: I Believe
|-hitcount|p2: I Believe|4
|
|upkeep
|
|t:|1760316657
|switch|p2a: Blade Quintology|Kingambit, M, tera:Bug|86/100
|-activate|p2a: Blade Quintology|ability: Supreme Overlord
|-start|p2a: Blade Quintology|fallen5|[silent]
|turn|14
|
|t:|1760316665
|move|p2a: Blade Quintology|Sucker Punch|p1a: Maushold
|-damage|p1a: Maushold|0 fnt
|faint|p1a: Maushold
|
|upkeep
|c|☆Wrath of the Turks|pure utter robbery
|
|t:|1760316668
|switch|p1a: Iron Crown|Iron Crown|94/100
|turn|15
|
|t:|1760316674
|move|p2a: Blade Quintology|Sucker Punch|p1a: Iron Crown
|-supereffective|p1a: Iron Crown
|-damage|p1a: Iron Crown|0 fnt
|faint|p1a: Iron Crown
|-end|p1a: Iron Crown|Quark Drive|[silent]
|
|win|Wrath of the Turks
|raw|PINGaBurger's rating: 1636 &rarr; <strong>1614</strong><br />(-22 for losing)
|raw|Wrath of the Turks's rating: 1593 &rarr; <strong>1615</strong><br />(+22 for winning)
