|j|☆goluckypig
|j|☆rhienwelzel
|t:|1760349941
|gametype|singles
|player|p1|goluckypig|bruno|1195
|player|p2|rhienwelzel|fisherman|1274
|gen|9
|tier|[Gen 9] OU
|rated|
|rule|HP Percentage Mod: HP is shown in percentages
|rule|Endless Battle Clause: Forcing endless battles is banned
|rule|Species Clause: Limit one of each Pokémon
|rule|OHKO Clause: OHKO moves are banned
|rule|Evasion Items Clause: Evasion items are banned
|rule|Evasion Moves Clause: Evasion moves are banned
|rule|Evasion Abilities Clause: Evasion abilities are banned
|rule|Sleep Moves Clause: Sleep-inducing moves are banned
|clearpoke
|poke|p1|Cinccino, F|
|poke|p1|Darkrai|
|poke|p1|Garganacl, F|
|poke|p1|Lucario, F|
|poke|p1|Ogerpon-Wellspring, F|
|poke|p1|Hatterene, F|
|poke|p2|Ogerpon-Wellspring, F|
|poke|p2|Enamorus, F|
|poke|p2|Cinderace, F|
|poke|p2|Dragonite, M|
|poke|p2|Gholdengo|
|poke|p2|Great Tusk|
|teampreview
|
|t:|1760349959
|teamsize|p1|6
|teamsize|p2|6
|start
|switch|p1a: Garganacl|Garganacl, F|100/100
|switch|p2a: Ogerpon|Ogerpon-Wellspring, F|100/100
|turn|1
|
|t:|1760349968
|switch|p1a: Hatterene|Hatterene, F|100/100
|move|p2a: Ogerpon|Spikes|p1a: Hatterene
|move|p1a: Hatterene|Spikes|p2a: Ogerpon|[from] ability: Magic Bounce
|-sidestart|p2: rhienwelzel|Spikes
|
|upkeep
|turn|2
|
|t:|1760349972
|move|p2a: Ogerpon|U-turn|p1a: Hatterene
|-damage|p1a: Hatterene|76/100
|-damage|p2a: Ogerpon|84/100|[from] item: Rocky Helmet|[of] p1a: Hatterene
|
|t:|1760349976
|switch|p2a: Gholdengo|Gholdengo|100/100|[from] U-turn
|-damage|p2a: Gholdengo|88/100|[from] Spikes
|move|p1a: Hatterene|Nuzzle|p2a: Gholdengo
|-damage|p2a: Gholdengo|84/100
|-status|p2a: Gholdengo|par
|
|upkeep
|turn|3
|
|t:|1760349995
|switch|p1a: Lucario|Lucario, F|100/100
|move|p2a: Gholdengo|Shadow Ball|p1a: Lucario
|-damage|p1a: Lucario|36/100
|-unboost|p1a: Lucario|spd|1
|
|upkeep
|turn|4
|
|t:|1760350000
|move|p1a: Lucario|Dark Pulse|p2a: Gholdengo
|-supereffective|p2a: Gholdengo
|-damage|p2a: Gholdengo|0 fnt
|faint|p2a: Gholdengo
|
|upkeep
|
|t:|1760350006
|switch|p2a: Enamorus|Enamorus, F|100/100
|turn|5
|
|t:|1760350011
|switch|p1a: Garganacl|Garganacl, F|100/100
|move|p2a: Enamorus|Moonblast|p1a: Garganacl
|-damage|p1a: Garganacl|56/100
|-unboost|p1a: Garganacl|spa|1
|
|-heal|p1a: Garganacl|63/100|[from] item: Leftovers
|upkeep
|turn|6
|
|t:|1760350017
|switch|p2a: Ogerpon|Ogerpon-Wellspring, F|84/100
|-damage|p2a: Ogerpon|72/100|[from] Spikes
|move|p1a: Garganacl|Salt Cure|p2a: Ogerpon
|-damage|p2a: Ogerpon|52/100
|-start|p2a: Ogerpon|Salt Cure
|
|-heal|p1a: Garganacl|69/100|[from] item: Leftovers
|-damage|p2a: Ogerpon|27/100|[from] Salt Cure
|upkeep
|turn|7
|
|t:|1760350027
|switch|p1a: Hatterene|Hatterene, F|76/100
|move|p2a: Ogerpon|Spikes|p1a: Hatterene
|move|p1a: Hatterene|Spikes|p2a: Ogerpon|[from] ability: Magic Bounce
|-sidestart|p2: rhienwelzel|Spikes
|
|-damage|p2a: Ogerpon|2/100|[from] Salt Cure
|upkeep
|turn|8
|
|t:|1760350035
|move|p2a: Ogerpon|Ivy Cudgel|p1a: Hatterene|[anim] Ivy Cudgel Water
|-crit|p1a: Hatterene
|-damage|p1a: Hatterene|8/100
|move|p1a: Hatterene|Draining Kiss|p2a: Ogerpon
|-damage|p2a: Ogerpon|0 fnt
|-heal|p1a: Hatterene|9/100|[from] drain|[of] p2a: Ogerpon
|faint|p2a: Ogerpon
|
|upkeep
|
|t:|1760350041
|switch|p2a: Enamorus|Enamorus, F|100/100
|turn|9
|
|t:|1760350049
|move|p2a: Enamorus|Moonblast|p1a: Hatterene
|-damage|p1a: Hatterene|0 fnt
|faint|p1a: Hatterene
|
|upkeep
|
|t:|1760350057
|switch|p1a: Garganacl|Garganacl, F|69/100
|turn|10
|
|t:|1760350065
|switch|p2a: Cinderace|Cinderace, F|100/100
|move|p1a: Garganacl|Salt Cure|p2a: Cinderace
|-supereffective|p2a: Cinderace
|-damage|p2a: Cinderace|61/100
|-start|p2a: Cinderace|Salt Cure
|
|-heal|p1a: Garganacl|75/100|[from] item: Leftovers
|-damage|p2a: Cinderace|48/100|[from] Salt Cure
|upkeep
|turn|11
|
|t:|1760350075
|move|p2a: Cinderace|Court Change|p2a: Cinderace
|-start|p2a: Cinderace|typechange|Normal|[from] ability: Libero
|-swapsideconditions
|-activate|p2a: Cinderace|move: Court Change
|move|p1a: Garganacl|Recover|p1a: Garganacl
|-heal|p1a: Garganacl|100/100
|
|-damage|p2a: Cinderace|36/100|[from] Salt Cure
|upkeep
|turn|12
|
|t:|1760350083
|move|p2a: Cinderace|U-turn|p1a: Garganacl
|-damage|p1a: Garganacl|87/100
|
|t:|1760350087
|switch|p2a: Great Tusk|Great Tusk|100/100|[from] U-turn
|move|p1a: Garganacl|Stealth Rock|p2a: Great Tusk
|-sidestart|p2: rhienwelzel|move: Stealth Rock
|
|-heal|p1a: Garganacl|93/100|[from] item: Leftovers
|upkeep
|turn|13
|
|t:|1760350102
|move|p2a: Great Tusk|Headlong Rush|p1a: Garganacl
|-supereffective|p1a: Garganacl
|-damage|p1a: Garganacl|18/100
|-unboost|p2a: Great Tusk|def|1
|-unboost|p2a: Great Tusk|spd|1
|move|p1a: Garganacl|Salt Cure|p2a: Great Tusk
|-resisted|p2a: Great Tusk
|-damage|p2a: Great Tusk|97/100
|-start|p2a: Great Tusk|Salt Cure
|
|-heal|p1a: Garganacl|24/100|[from] item: Leftovers
|-damage|p2a: Great Tusk|85/100|[from] Salt Cure
|upkeep
|turn|14
|
|t:|1760350115
|move|p2a: Great Tusk|Rapid Spin|p1a: Garganacl
|-resisted|p1a: Garganacl
|-damage|p1a: Garganacl|19/100
|-boost|p2a: Great Tusk|spe|1
|-sideend|p2: rhienwelzel|Stealth Rock|[from] move: Rapid Spin|[of] p2a: Great Tusk
|move|p1a: Garganacl|Recover|p1a: Garganacl
|-heal|p1a: Garganacl|69/100
|
|-heal|p1a: Garganacl|75/100|[from] item: Leftovers
|-damage|p2a: Great Tusk|72/100|[from] Salt Cure
|upkeep
|turn|15
|
|t:|1760350138
|move|p2a: Great Tusk|Headlong Rush|p1a: Garganacl
|-supereffective|p1a: Garganacl
|-damage|p1a: Garganacl|0 fnt
|-unboost|p2a: Great Tusk|def|1
|-unboost|p2a: Great Tusk|spd|1
|faint|p1a: Garganacl
|
|-damage|p2a: Great Tusk|60/100|[from] Salt Cure
|upkeep
|
|t:|1760350198
|switch|p1a: Ogerpon|Ogerpon-Wellspring, F|100/100
|-damage|p1a: Ogerpon|84/100|[from] Spikes
|turn|16
|
|t:|1760350212
|move|p2a: Great Tusk|Ice Spinner|p1a: Ogerpon
|-damage|p1a: Ogerpon|50/100
|move|p1a: Ogerpon|Ivy Cudgel|p2a: Great Tusk|[anim] Ivy Cudgel Water
|-supereffective|p2a: Great Tusk
|-damage|p2a: Great Tusk|0 fnt
|faint|p2a: Great Tusk
|-end|p2a: Great Tusk|Protosynthesis|[silent]
|
|upkeep
|
|t:|1760350219
|switch|p2a: Enamorus|Enamorus, F|100/100
|turn|17
|
|t:|1760350230
|move|p2a: Enamorus|Moonblast|p1a: Ogerpon
|-damage|p1a: Ogerpon|0 fnt
|faint|p1a: Ogerpon
|
|upkeep
|
|t:|1760350248
|switch|p1a: Lucario|Lucario, F|36/100
|-damage|p1a: Lucario|20/100|[from] Spikes
|turn|18
|
|t:|1760350252
|move|p1a: Lucario|Vacuum Wave|p2a: Enamorus
|-resisted|p2a: Enamorus
|-damage|p2a: Enamorus|89/100
|move|p2a: Enamorus|Moonblast|p1a: Lucario
|-damage|p1a: Lucario|0 fnt
|faint|p1a: Lucario
|
|upkeep
|
|t:|1760350255
|switch|p1a: Cinccino|Cinccino, F|100/100
|-damage|p1a: Cinccino|84/100|[from] Spikes
|turn|19
|
|t:|1760350260
|move|p2a: Enamorus|Moonblast|p1a: Cinccino
|-damage|p1a: Cinccino|0 fnt
|faint|p1a: Cinccino
|
|upkeep
|
|t:|1760350263
|switch|p1a: Darkrai|Darkrai|100/100
|-damage|p1a: Darkrai|84/100|[from] Spikes
|turn|20
|
|t:|1760350274
|switch|p2a: Cinderace|Cinderace, F|36/100
|move|p1a: Darkrai|Sludge Bomb|p2a: Cinderace
|-damage|p2a: Cinderace|0 fnt
|faint|p2a: Cinderace
|
|upkeep
|
|t:|1760350279
|switch|p2a: Dragonite|Dragonite, M|100/100
|turn|21
|
|t:|1760350283
|move|p1a: Darkrai|Ice Beam|p2a: Dragonite
|-supereffective|p2a: Dragonite
|-damage|p2a: Dragonite|35/100
|move|p2a: Dragonite|Dragon Dance|p2a: Dragonite
|-boost|p2a: Dragonite|atk|1
|-boost|p2a: Dragonite|spe|1
|
|upkeep
|turn|22
|
|t:|1760350286
|move|p2a: Dragonite|Extreme Speed|p1a: Darkrai
|-damage|p1a: Darkrai|18/100
|move|p1a: Darkrai|Ice Beam|p2a: Dragonite
|-supereffective|p2a: Dragonite
|-damage|p2a: Dragonite|0 fnt
|faint|p2a: Dragonite
|
|upkeep
|
|t:|1760350289
|switch|p2a: Enamorus|Enamorus, F|89/100
|turn|23
|
|t:|1760350293
|move|p2a: Enamorus|Moonblast|p1a: Darkrai
|-supereffective|p1a: Darkrai
|-damage|p1a: Darkrai|0 fnt
|faint|p1a: Darkrai
|
|win|rhienwelzel
|raw|goluckypig's rating: 1195 &rarr; <strong>1176</strong><br />(-19 for losing)
|raw|rhienwelzel's rating: 1274 &rarr; <strong>1293</strong><br />(+19 for winning)
|l|☆goluckypig
|player|p1|
|l|☆rhienwelzel
|player|p2|
