|j|☆great_expectations
|j|☆henry151th
|t:|1760439457
|gametype|singles
|player|p1|great_expectations|sonia|1695
|player|p2|henry151th|wallace|1709
|gen|9
|tier|[Gen 9] OU
|rated|
|rule|HP Percentage Mod: HP is shown in percentages
|rule|Endless Battle Clause: Forcing endless battles is banned
|rule|Species Clause: Limit one of each Pokémon
|rule|OHKO Clause: OHKO moves are banned
|rule|Evasion Items Clause: Evasion items are banned
|rule|Evasion Moves Clause: Evasion moves are banned
|rule|Evasion Abilities Clause: Evasion abilities are banned
|rule|Sleep Moves Clause: Sleep-inducing moves are banned
|clearpoke
|poke|p1|Corviknight, M|
|poke|p1|Samurott-Hisui, M|
|poke|p1|Latios, M|
|poke|p1|Iron Valiant|
|poke|p1|Clodsire, M|
|poke|p1|Rillaboom, F|
|poke|p2|Cresselia, F|
|poke|p2|Hatterene, F|
|poke|p2|Porygon2|
|poke|p2|Ursaluna, F|
|poke|p2|Iron Hands|
|poke|p2|Enamorus-Therian, F|
|teampreview
|
|t:|1760439476
|teamsize|p1|6
|teamsize|p2|6
|start
|switch|p1a: Rillaboom|Rillaboom, F|100/100
|switch|p2a: THE ELEPHANT MAN|Iron Hands|100/100
|-fieldstart|move: Grassy Terrain|[from] ability: Grassy Surge|[of] p1a: Rillaboom
|turn|1
|
|t:|1760439479
|-terastallize|p1a: Rillaboom|Grass
|move|p1a: Rillaboom|Wood Hammer|p2a: THE ELEPHANT MAN
|-damage|p2a: THE ELEPHANT MAN|1/100
|-damage|p1a: Rillaboom|51/100|[from] Recoil
|move|p2a: THE ELEPHANT MAN|Close Combat|p1a: Rillaboom
|-damage|p1a: Rillaboom|0 fnt
|-unboost|p2a: THE ELEPHANT MAN|def|1
|-unboost|p2a: THE ELEPHANT MAN|spd|1
|faint|p1a: Rillaboom
|-damage|p2a: THE ELEPHANT MAN|0 fnt|[from] item: Life Orb
|faint|p2a: THE ELEPHANT MAN
|-end|p2a: THE ELEPHANT MAN|Quark Drive|[silent]
|
|upkeep
|
|t:|1760439496
|switch|p1a: Samurott|Samurott-Hisui, M|100/100
|switch|p2a: INLAND EMPIRE|Enamorus-Therian, F|100/100
|turn|2
|
|t:|1760439499
|switch|p1a: Clodsire|Clodsire, M|100/100
|move|p2a: INLAND EMPIRE|Earth Power|p1a: Clodsire
|-supereffective|p1a: Clodsire
|-damage|p1a: Clodsire|54/100
|-damage|p2a: INLAND EMPIRE|91/100|[from] item: Life Orb
|
|-heal|p1a: Clodsire|60/100|[from] Grassy Terrain
|-heal|p1a: Clodsire|66/100|[from] item: Black Sludge
|upkeep
|turn|3
|
|t:|1760439505
|switch|p2a: BLUE VELVET|Hatterene, F|100/100
|switch|p1a: Latios|Latios, M|100/100
|
|upkeep
|turn|4
|
|t:|1760439508
|switch|p1a: Corviknight|Corviknight, M|100/100
|-ability|p1a: Corviknight|Pressure
|move|p2a: BLUE VELVET|Trick Room|p2a: BLUE VELVET
|-fieldstart|move: Trick Room|[of] p2a: BLUE VELVET
|
|upkeep
|turn|5
|
|t:|1760439514
|switch|p2a: WILD AT HEART|Ursaluna, F|100/100
|move|p1a: Corviknight|Iron Head|p2a: WILD AT HEART
|-damage|p2a: WILD AT HEART|80/100
|
|-heal|p2a: WILD AT HEART|86/100|[from] Grassy Terrain
|-fieldend|move: Grassy Terrain
|-status|p2a: WILD AT HEART|brn|[from] item: Flame Orb
|upkeep
|turn|6
|
|t:|1760439521
|move|p2a: WILD AT HEART|Fire Punch|p1a: Corviknight
|-supereffective|p1a: Corviknight
|-damage|p1a: Corviknight|48/100
|move|p1a: Corviknight|Iron Head|p2a: WILD AT HEART
|-damage|p2a: WILD AT HEART|68/100 brn
|
|-heal|p1a: Corviknight|54/100|[from] item: Leftovers
|-damage|p2a: WILD AT HEART|62/100 brn|[from] brn
|upkeep
|turn|7
|
|t:|1760439527
|move|p2a: WILD AT HEART|Swords Dance|p2a: WILD AT HEART
|-boost|p2a: WILD AT HEART|atk|2
|move|p1a: Corviknight|Roost|p1a: Corviknight
|-heal|p1a: Corviknight|100/100
|-singleturn|p1a: Corviknight|move: Roost
|
|-damage|p2a: WILD AT HEART|56/100 brn|[from] brn
|upkeep
|turn|8
|
|t:|1760439530
|move|p2a: WILD AT HEART|Fire Punch|p1a: Corviknight
|-supereffective|p1a: Corviknight
|-damage|p1a: Corviknight|0 fnt
|faint|p1a: Corviknight
|
|-damage|p2a: WILD AT HEART|50/100 brn|[from] brn
|-fieldend|move: Trick Room
|upkeep
|
|t:|1760439535
|switch|p1a: Iron Valiant|Iron Valiant|100/100
|-enditem|p1a: Iron Valiant|Booster Energy
|-activate|p1a: Iron Valiant|ability: Quark Drive|[fromitem]
|-start|p1a: Iron Valiant|quarkdrivespe
|turn|9
|
|t:|1760439539
|switch|p2a: BLUE VELVET|Hatterene, F|100/100
|move|p1a: Iron Valiant|Close Combat|p2a: BLUE VELVET
|-resisted|p2a: BLUE VELVET
|-damage|p2a: BLUE VELVET|89/100
|-unboost|p1a: Iron Valiant|def|1
|-unboost|p1a: Iron Valiant|spd|1
|
|upkeep
|turn|10
|
|t:|1760439541
|move|p1a: Iron Valiant|Moonblast|p2a: BLUE VELVET
|-damage|p2a: BLUE VELVET|44/100
|-unboost|p2a: BLUE VELVET|spa|1
|move|p2a: BLUE VELVET|Trick Room|p2a: BLUE VELVET
|-fieldstart|move: Trick Room|[of] p2a: BLUE VELVET
|
|upkeep
|turn|11
|
|t:|1760439545
|move|p2a: BLUE VELVET|Healing Wish|p2a: BLUE VELVET
|faint|p2a: BLUE VELVET
|move|p1a: Iron Valiant|Knock Off|p2: BLUE VELVET|[notarget]
|-fail|p1a: Iron Valiant
|
|upkeep
|
|t:|1760439546
|switch|p2a: WILD AT HEART|Ursaluna, F|50/100 brn
|-heal|p2a: WILD AT HEART|100/100|[from] move: Healing Wish
|turn|12
|
|t:|1760439550
|move|p2a: WILD AT HEART|Headlong Rush|p1a: Iron Valiant
|-damage|p1a: Iron Valiant|0 fnt
|-unboost|p2a: WILD AT HEART|def|1
|-unboost|p2a: WILD AT HEART|spd|1
|faint|p1a: Iron Valiant
|-end|p1a: Iron Valiant|Quark Drive|[silent]
|
|-status|p2a: WILD AT HEART|brn|[from] item: Flame Orb
|upkeep
|
|t:|1760439556
|switch|p1a: Samurott|Samurott-Hisui, M|100/100
|turn|13
|
|t:|1760439559
|switch|p1a: Latios|Latios, M|100/100
|-terastallize|p2a: WILD AT HEART|Normal
|move|p2a: WILD AT HEART|Facade|p1a: Latios
|-damage|p1a: Latios|0 fnt
|faint|p1a: Latios
|
|-damage|p2a: WILD AT HEART|94/100 brn|[from] brn
|upkeep
|-message|great_expectations forfeited.
|
|win|henry151th
|raw|great_expectations's rating: 1695 &rarr; <strong>1676</strong><br />(-19 for losing)
|raw|henry151th's rating: 1709 &rarr; <strong>1728</strong><br />(+19 for winning)
|l|☆great_expectations
|player|p1|
|l|☆henry151th
|player|p2|
