|j|☆ktr.na
|j|☆Kazuelasnt
|t:|1760330248
|gametype|singles
|player|p1|ktr.na|acetrainerf|1421
|player|p2|Kazuelasnt|cress|1393
|gen|9
|tier|[Gen 9] OU
|rated|
|rule|HP Percentage Mod: HP is shown in percentages
|rule|Endless Battle Clause: Forcing endless battles is banned
|rule|Species Clause: Limit one of each Pokémon
|rule|OHKO Clause: OHKO moves are banned
|rule|Evasion Items Clause: Evasion items are banned
|rule|Evasion Moves Clause: Evasion moves are banned
|rule|Evasion Abilities Clause: Evasion abilities are banned
|rule|Sleep Moves Clause: Sleep-inducing moves are banned
|clearpoke
|poke|p1|Iron Valiant|
|poke|p1|Klefki, M|
|poke|p1|Alomomola, M|
|poke|p1|Great Tusk|
|poke|p1|Ogerpon-Wellspring, F|
|poke|p1|Gliscor, F|
|poke|p2|Kleavor, M|
|poke|p2|Ogerpon-Wellspring, F|
|poke|p2|Gholdengo|
|poke|p2|Dragonite, F|
|poke|p2|Darkrai|
|poke|p2|Hatterene, F|
|teampreview
|
|t:|1760330261
|teamsize|p1|6
|teamsize|p2|6
|start
|switch|p1a: Klefki|Klefki, M|100/100
|switch|p2a: Mr JOEgerpon|Ogerpon-Wellspring, F|100/100
|turn|1
|
|t:|1760330279
|switch|p2a: Hattie|Hatterene, F|100/100
|move|p1a: Klefki|Thunder Wave|p2a: Hattie
|move|p2a: Hattie|Thunder Wave|p1a: Klefki|[from] ability: Magic Bounce
|-status|p1a: Klefki|par
|
|upkeep
|turn|2
|
|t:|1760330289
|switch|p1a: Gliscor|Gliscor, F|100/100
|move|p2a: Hattie|Mystical Fire|p1a: Gliscor
|-damage|p1a: Gliscor|78/100
|-unboost|p1a: Gliscor|spa|1
|
|-status|p1a: Gliscor|tox|[from] item: Toxic Orb
|upkeep
|turn|3
|
|t:|1760330298
|move|p1a: Gliscor|Knock Off|p2a: Hattie
|-damage|p2a: Hattie|77/100
|-enditem|p2a: Hattie|Assault Vest|[from] move: Knock Off|[of] p1a: Gliscor
|move|p2a: Hattie|Draining Kiss|p1a: Gliscor
|-damage|p1a: Gliscor|56/100 tox
|-heal|p2a: Hattie|95/100|[from] drain|[of] p1a: Gliscor
|
|-heal|p1a: Gliscor|69/100 tox|[from] ability: Poison Heal
|upkeep
|turn|4
|
|t:|1760330309
|move|p1a: Gliscor|U-turn|p2a: Hattie
|-damage|p2a: Hattie|78/100
|
|t:|1760330311
|switch|p1a: Ogerpon|Ogerpon-Wellspring, F|100/100|[from] U-turn
|move|p2a: Hattie|Draining Kiss|p1a: Ogerpon
|-damage|p1a: Ogerpon|68/100
|-heal|p2a: Hattie|100/100|[from] drain|[of] p1a: Ogerpon
|
|upkeep
|turn|5
|
|t:|1760330322
|switch|p2a: Mr JOEgerpon|Ogerpon-Wellspring, F|100/100
|move|p1a: Ogerpon|Ivy Cudgel|p2a: Mr JOEgerpon|[anim] Ivy Cudgel Water
|-immune|p2a: Mr JOEgerpon|[from] ability: Water Absorb
|
|upkeep
|turn|6
|
|t:|1760330330
|switch|p1a: Klefki|Klefki, M|100/100 par
|move|p2a: Mr JOEgerpon|U-turn|p1a: Klefki
|-resisted|p1a: Klefki
|-damage|p1a: Klefki|95/100 par
|-damage|p2a: Mr JOEgerpon|84/100|[from] item: Rocky Helmet|[of] p1a: Klefki
|
|t:|1760330345
|switch|p2a: Hattie|Hatterene, F|100/100|[from] U-turn
|
|upkeep
|turn|7
|
|t:|1760330352
|switch|p1a: Alomomola|Alomomola, M|100/100
|move|p2a: Hattie|Mystical Fire|p1a: Alomomola
|-resisted|p1a: Alomomola
|-damage|p1a: Alomomola|85/100
|-unboost|p1a: Alomomola|spa|1
|
|upkeep
|turn|8
|
|t:|1760330361
|move|p1a: Alomomola|Wish|p1a: Alomomola
|move|p2a: Hattie|Nuzzle|p1a: Alomomola
|-supereffective|p1a: Alomomola
|-damage|p1a: Alomomola|81/100
|-status|p1a: Alomomola|par
|
|upkeep
|turn|9
|
|t:|1760330369
|switch|p2a: Filo Señorial|Kleavor, M|100/100
|switch|p1a: Ogerpon|Ogerpon-Wellspring, F|68/100
|
|-heal|p1a: Ogerpon|100/100|[from] move: Wish|[wisher] Alomomola
|upkeep
|turn|10
|
|t:|1760330379
|switch|p1a: Klefki|Klefki, M|95/100 par
|move|p2a: Filo Señorial|Stone Axe|p1a: Klefki
|-resisted|p1a: Klefki
|-damage|p1a: Klefki|74/100 par
|-damage|p2a: Filo Señorial|84/100|[from] item: Rocky Helmet|[of] p1a: Klefki
|-sidestart|p1: ktr.na|move: Stealth Rock
|
|upkeep
|turn|11
|
|t:|1760330389
|switch|p2a: Hattie|Hatterene, F|100/100
|switch|p1a: Iron Valiant|Iron Valiant|100/100
|-damage|p1a: Iron Valiant|94/100|[from] Stealth Rock
|
|upkeep
|turn|12
|
|t:|1760330399
|move|p1a: Iron Valiant|Moonblast|p2a: Hattie
|-damage|p2a: Hattie|29/100
|-unboost|p2a: Hattie|spa|1
|move|p2a: Hattie|Draining Kiss|p1a: Iron Valiant
|-supereffective|p1a: Iron Valiant
|-damage|p1a: Iron Valiant|31/100
|-heal|p2a: Hattie|73/100|[from] drain|[of] p1a: Iron Valiant
|
|upkeep
|turn|13
|
|t:|1760330410
|switch|p2a: A Penny|Gholdengo|100/100
|-item|p2a: A Penny|Air Balloon
|move|p1a: Iron Valiant|Moonblast|p2a: A Penny
|-resisted|p2a: A Penny
|-damage|p2a: A Penny|57/100
|-enditem|p2a: A Penny|Air Balloon
|
|upkeep
|turn|14
|
|t:|1760330420
|-end|p1a: Iron Valiant|Quark Drive|[silent]
|switch|p1a: Gliscor|Gliscor, F|69/100 tox
|-damage|p1a: Gliscor|56/100 tox|[from] Stealth Rock
|move|p2a: A Penny|Make It Rain|p1a: Gliscor
|-damage|p1a: Gliscor|0 fnt
|-unboost|p2a: A Penny|spa|1
|faint|p1a: Gliscor
|
|upkeep
|
|t:|1760330430
|switch|p1a: Great Tusk|Great Tusk|100/100
|turn|15
|
|t:|1760330438
|switch|p2a: Mr JOEgerpon|Ogerpon-Wellspring, F|84/100
|move|p1a: Great Tusk|Rapid Spin|p2a: Mr JOEgerpon
|-damage|p2a: Mr JOEgerpon|63/100
|-boost|p1a: Great Tusk|spe|1
|-sideend|p1: ktr.na|Stealth Rock|[from] move: Rapid Spin|[of] p1a: Great Tusk
|
|upkeep
|turn|16
|
|t:|1760330447
|-end|p1a: Great Tusk|Protosynthesis|[silent]
|switch|p1a: Alomomola|Alomomola, M|100/100 par
|move|p2a: Mr JOEgerpon|Ivy Cudgel|p1a: Alomomola|[anim] Ivy Cudgel Water
|-resisted|p1a: Alomomola
|-damage|p1a: Alomomola|85/100 par
|
|upkeep
|turn|17
|
|t:|1760330454
|move|p2a: Mr JOEgerpon|Spikes|p1a: Alomomola
|-sidestart|p1: ktr.na|Spikes
|move|p1a: Alomomola|Wish|p1a: Alomomola
|
|upkeep
|turn|18
|
|t:|1760330460
|move|p2a: Mr JOEgerpon|Spikes|p1a: Alomomola
|-sidestart|p1: ktr.na|Spikes
|move|p1a: Alomomola|Tickle|p2a: Mr JOEgerpon
|-unboost|p2a: Mr JOEgerpon|atk|1
|-unboost|p2a: Mr JOEgerpon|def|1
|
|-heal|p1a: Alomomola|100/100 par|[from] move: Wish|[wisher] Alomomola
|upkeep
|turn|19
|
|t:|1760330468
|move|p2a: Mr JOEgerpon|Knock Off|p1a: Alomomola
|-damage|p1a: Alomomola|87/100 par
|-enditem|p1a: Alomomola|Heavy-Duty Boots|[from] move: Knock Off|[of] p2a: Mr JOEgerpon
|move|p1a: Alomomola|Wish|p1a: Alomomola
|
|upkeep
|turn|20
|
|t:|1760330477
|switch|p1a: Iron Valiant|Iron Valiant|31/100
|-damage|p1a: Iron Valiant|15/100|[from] Spikes
|move|p2a: Mr JOEgerpon|U-turn|p1a: Iron Valiant
|-resisted|p1a: Iron Valiant
|-damage|p1a: Iron Valiant|9/100
|inactive|Battle timer is ON: inactive players will automatically lose when time's up. (requested by ktr.na)
|
|t:|1760330481
|switch|p2a: Filo Señorial|Kleavor, M|84/100|[from] U-turn
|
|-heal|p1a: Iron Valiant|100/100|[from] move: Wish|[wisher] Alomomola
|upkeep
|turn|21
|
|t:|1760330491
|-end|p1a: Iron Valiant|Quark Drive|[silent]
|switch|p1a: Klefki|Klefki, M|74/100 par
|-damage|p1a: Klefki|57/100 par|[from] Spikes
|move|p2a: Filo Señorial|Stone Axe|p1a: Klefki
|-resisted|p1a: Klefki
|-damage|p1a: Klefki|37/100 par
|-damage|p2a: Filo Señorial|68/100|[from] item: Rocky Helmet|[of] p1a: Klefki
|-sidestart|p1: ktr.na|move: Stealth Rock
|
|upkeep
|turn|22
|
|t:|1760330504
|switch|p2a: Hattie|Hatterene, F|73/100
|switch|p1a: Great Tusk|Great Tusk|100/100
|
|upkeep
|turn|23
|
|t:|1760330522
|-terastallize|p1a: Great Tusk|Steel
|move|p1a: Great Tusk|Stealth Rock|p2a: Hattie
|move|p2a: Hattie|Stealth Rock||[from] ability: Magic Bounce|[still]
|-fail|p2a: Hattie
|move|p2a: Hattie|Draining Kiss|p1a: Great Tusk
|-resisted|p1a: Great Tusk
|-damage|p1a: Great Tusk|81/100
|-heal|p2a: Hattie|90/100|[from] drain|[of] p1a: Great Tusk
|
|upkeep
|turn|24
|-message|ktr.na forfeited.
|
|win|Kazuelasnt
|raw|ktr.na's rating: 1421 &rarr; <strong>1399</strong><br />(-22 for losing)
|raw|Kazuelasnt's rating: 1393 &rarr; <strong>1415</strong><br />(+22 for winning)
|l|☆ktr.na
|player|p1|
|l|☆Kazuelasnt
|player|p2|
