|j|☆Shikor
|j|☆pikazard66
|t:|1760380248
|gametype|singles
|player|p1|Shikor|psychicf-gen4|1363
|player|p2|pikazard66|170|1377
|gen|9
|tier|[Gen 9] OU
|rated|
|rule|HP Percentage Mod: HP is shown in percentages
|rule|Endless Battle Clause: Forcing endless battles is banned
|rule|Species Clause: Limit one of each Pokémon
|rule|OHKO Clause: OHKO moves are banned
|rule|Evasion Items Clause: Evasion items are banned
|rule|Evasion Moves Clause: Evasion moves are banned
|rule|Evasion Abilities Clause: Evasion abilities are banned
|rule|Sleep Moves Clause: Sleep-inducing moves are banned
|clearpoke
|poke|p1|Meowscarada, F|
|poke|p1|Corviknight, M|
|poke|p1|Pecharunt|
|poke|p1|Dragapult, F|
|poke|p1|Iron Valiant|
|poke|p1|Great Tusk|
|poke|p2|Lapras, F|
|poke|p2|Weezing-Galar, M|
|poke|p2|Goodra-Hisui, F|
|poke|p2|Gliscor, M|
|poke|p2|Skeledirge, M|
|poke|p2|Wo-Chien|
|teampreview
|inactive|Battle timer is ON: inactive players will automatically lose when time's up. (requested by Shikor)
|inactive|pikazard66 has 120 seconds left.
|
|t:|1760380319
|teamsize|p1|6
|teamsize|p2|6
|start
|switch|p1a: Iron Valiant|Iron Valiant|100/100
|switch|p2a: Gliscor|Gliscor, M|100/100
|-enditem|p1a: Iron Valiant|Booster Energy
|-activate|p1a: Iron Valiant|ability: Quark Drive|[fromitem]
|-start|p1a: Iron Valiant|quarkdrivespe
|turn|1
|
|t:|1760380329
|move|p1a: Iron Valiant|Swords Dance|p1a: Iron Valiant
|-boost|p1a: Iron Valiant|atk|2
|move|p2a: Gliscor|Toxic|p1a: Iron Valiant
|-status|p1a: Iron Valiant|tox
|
|-damage|p1a: Iron Valiant|94/100 tox|[from] psn
|-status|p2a: Gliscor|tox|[from] item: Toxic Orb
|upkeep
|turn|2
|
|t:|1760380337
|move|p2a: Gliscor|Protect|p2a: Gliscor
|-singleturn|p2a: Gliscor|Protect
|move|p1a: Iron Valiant|Swords Dance|p1a: Iron Valiant
|-boost|p1a: Iron Valiant|atk|2
|
|-damage|p1a: Iron Valiant|82/100 tox|[from] psn
|upkeep
|turn|3
|
|t:|1760380351
|switch|p2a: Skeledirge|Skeledirge, M|100/100
|move|p1a: Iron Valiant|Spirit Break|p2a: Skeledirge
|-resisted|p2a: Skeledirge
|-damage|p2a: Skeledirge|89/100
|-unboost|p2a: Skeledirge|spa|1
|
|-damage|p1a: Iron Valiant|63/100 tox|[from] psn
|upkeep
|turn|4
|
|t:|1760380361
|move|p1a: Iron Valiant|Knock Off|p2a: Skeledirge
|-supereffective|p2a: Skeledirge
|-damage|p2a: Skeledirge|49/100
|-enditem|p2a: Skeledirge|Heavy-Duty Boots|[from] move: Knock Off|[of] p1a: Iron Valiant
|move|p2a: Skeledirge|Hex|p1a: Iron Valiant
|-crit|p1a: Iron Valiant
|-damage|p1a: Iron Valiant|0 fnt
|faint|p1a: Iron Valiant
|-end|p1a: Iron Valiant|Quark Drive|[silent]
|
|upkeep
|
|t:|1760380375
|switch|p1a: Dragapult|Dragapult, F|100/100
|turn|5
|
|t:|1760380398
|switch|p2a: Weezing|Weezing-Galar, M|100/100
|move|p1a: Dragapult|Shadow Ball|p2a: Weezing
|-damage|p2a: Weezing|34/100
|
|upkeep
|turn|6
|
|t:|1760380404
|switch|p2a: Wo-Chien|Wo-Chien|100/100
|-ability|p2a: Wo-Chien|Tablets of Ruin
|move|p1a: Dragapult|Shadow Ball|p2a: Wo-Chien
|-resisted|p2a: Wo-Chien
|-damage|p2a: Wo-Chien|88/100
|
|-heal|p2a: Wo-Chien|94/100|[from] item: Leftovers
|upkeep
|turn|7
|
|t:|1760380427
|switch|p1a: Corviknight|Corviknight, M|100/100
|-ability|p1a: Corviknight|Pressure
|move|p2a: Wo-Chien|Knock Off|p1a: Corviknight
|-damage|p1a: Corviknight|81/100
|-damage|p2a: Wo-Chien|77/100|[from] item: Rocky Helmet|[of] p1a: Corviknight
|-enditem|p1a: Corviknight|Rocky Helmet|[from] move: Knock Off|[of] p2a: Wo-Chien
|
|-heal|p2a: Wo-Chien|83/100|[from] item: Leftovers
|upkeep
|turn|8
|
|t:|1760380440
|switch|p2a: Weezing|Weezing-Galar, M|34/100
|move|p1a: Corviknight|U-turn|p2a: Weezing
|-resisted|p2a: Weezing
|-damage|p2a: Weezing|32/100
|-damage|p1a: Corviknight|64/100|[from] item: Rocky Helmet|[of] p2a: Weezing
|inactive|Shikor has 120 seconds left.
|
|t:|1760380455
|switch|p1a: Dragapult|Dragapult, F|100/100|[from] U-turn
|
|upkeep
|turn|9
|
|t:|1760380461
|switch|p2a: Wo-Chien|Wo-Chien|83/100
|-ability|p2a: Wo-Chien|Tablets of Ruin
|move|p1a: Dragapult|Shadow Ball|p2a: Wo-Chien
|-resisted|p2a: Wo-Chien
|-damage|p2a: Wo-Chien|70/100
|
|-heal|p2a: Wo-Chien|76/100|[from] item: Leftovers
|upkeep
|turn|10
|
|t:|1760380471
|switch|p1a: Corviknight|Corviknight, M|64/100
|-ability|p1a: Corviknight|Pressure
|move|p2a: Wo-Chien|Leech Seed|p1a: Corviknight
|-start|p1a: Corviknight|move: Leech Seed
|
|-heal|p2a: Wo-Chien|82/100|[from] item: Leftovers
|-damage|p1a: Corviknight|52/100|[from] Leech Seed|[of] p2a: Wo-Chien
|-heal|p2a: Wo-Chien|95/100|[silent]
|upkeep
|turn|11
|
|t:|1760380480
|switch|p2a: Weezing|Weezing-Galar, M|32/100
|move|p1a: Corviknight|U-turn|p2a: Weezing
|-resisted|p2a: Weezing
|-damage|p2a: Weezing|30/100
|-damage|p1a: Corviknight|35/100|[from] item: Rocky Helmet|[of] p2a: Weezing
|
|t:|1760380491
|switch|p1a: Dragapult|Dragapult, F|100/100|[from] U-turn
|
|upkeep
|turn|12
|
|t:|1760380498
|switch|p2a: Wo-Chien|Wo-Chien|95/100
|-ability|p2a: Wo-Chien|Tablets of Ruin
|move|p1a: Dragapult|Flamethrower|p2a: Wo-Chien
|-supereffective|p2a: Wo-Chien
|-damage|p2a: Wo-Chien|55/100
|
|-heal|p2a: Wo-Chien|61/100|[from] item: Leftovers
|upkeep
|turn|13
|
|t:|1760380506
|move|p1a: Dragapult|Flamethrower|p2a: Wo-Chien
|-supereffective|p2a: Wo-Chien
|-damage|p2a: Wo-Chien|23/100
|move|p2a: Wo-Chien|Leech Seed|p1a: Dragapult
|-start|p1a: Dragapult|move: Leech Seed
|
|-heal|p2a: Wo-Chien|29/100|[from] item: Leftovers
|-damage|p1a: Dragapult|88/100|[from] Leech Seed|[of] p2a: Wo-Chien
|-heal|p2a: Wo-Chien|40/100|[silent]
|upkeep
|turn|14
|
|t:|1760380514
|move|p2a: Wo-Chien|Protect|p2a: Wo-Chien
|-singleturn|p2a: Wo-Chien|Protect
|move|p1a: Dragapult|Flamethrower|p2a: Wo-Chien
|-activate|p2a: Wo-Chien|move: Protect
|
|-heal|p2a: Wo-Chien|46/100|[from] item: Leftovers
|-damage|p1a: Dragapult|76/100|[from] Leech Seed|[of] p2a: Wo-Chien
|-heal|p2a: Wo-Chien|56/100|[silent]
|upkeep
|turn|15
|
|t:|1760380522
|move|p1a: Dragapult|Flamethrower|p2a: Wo-Chien
|-supereffective|p2a: Wo-Chien
|-damage|p2a: Wo-Chien|13/100
|move|p2a: Wo-Chien|Knock Off|p1a: Dragapult
|-supereffective|p1a: Dragapult
|-damage|p1a: Dragapult|0 fnt
|-enditem|p1a: Dragapult|Choice Specs|[from] move: Knock Off|[of] p2a: Wo-Chien
|faint|p1a: Dragapult
|
|-heal|p2a: Wo-Chien|19/100|[from] item: Leftovers
|upkeep
|
|t:|1760380542
|switch|p1a: Meowscarada|Meowscarada, F|100/100
|turn|16
|
|t:|1760380545
|move|p2a: Wo-Chien|Protect|p2a: Wo-Chien
|-singleturn|p2a: Wo-Chien|Protect
|move|p1a: Meowscarada|U-turn|p2a: Wo-Chien
|-start|p1a: Meowscarada|typechange|Bug|[from] ability: Protean
|-activate|p2a: Wo-Chien|move: Protect
|
|-heal|p2a: Wo-Chien|26/100|[from] item: Leftovers
|upkeep
|turn|17
|
|t:|1760380553
|switch|p2a: Weezing|Weezing-Galar, M|30/100
|move|p1a: Meowscarada|U-turn|p2a: Weezing
|-resisted|p2a: Weezing
|-damage|p2a: Weezing|24/100
|-damage|p1a: Meowscarada|84/100|[from] item: Rocky Helmet|[of] p2a: Weezing
|
|t:|1760380570
|switch|p1a: Great Tusk|Great Tusk|100/100|[from] U-turn
|
|upkeep
|turn|18
|
|t:|1760380574
|move|p1a: Great Tusk|Stealth Rock|p2a: Weezing
|-sidestart|p2: pikazard66|move: Stealth Rock
|move|p2a: Weezing|Strange Steam|p1a: Great Tusk
|-supereffective|p1a: Great Tusk
|-damage|p1a: Great Tusk|33/100
|
|-heal|p1a: Great Tusk|39/100|[from] item: Leftovers
|upkeep
|turn|19
|c|☆Shikor|!dt strange beam
'strange beam' has no exact match. Approximate match:
|c| Shikor|/raw <ul class="utilichart"><li class="result"><span class="col movenamecol"><a href="https://dex.pokemonshowdown.com/moves/strangesteam">Strange Steam</a></span> <span class="col typecol"><img src="//play.pokemonshowdown.com/sprites/types/Fairy.png" alt="Fairy" width="32" height="14"><img src="//play.pokemonshowdown.com/sprites/categories/Special.png" alt="Special" width="32" height="14"></span> <span class="col labelcol"><em>Power</em><br>90</span> <span class="col widelabelcol"><em>Accuracy</em><br>95%</span> <span class="col pplabelcol"><em>PP</em><br>16</span> <span class="col movedesccol">20% chance to confuse the target.</span> </li><li style="clear:both"></li></ul>
|c| Shikor|/raw <font size="1"><font color="#686868">Priority:</font> 0&nbsp;|&ThickSpace;<font color="#686868">Gen:</font> 8&nbsp;|&ThickSpace;&#10003; Boosted by Sheer Force&nbsp;|&ThickSpace;<font color="#686868">Z-Power:</font> 175&nbsp;|&ThickSpace;<font color="#686868">Target:</font> One Adjacent Pokémon</font>

|inactive|Shikor has 120 seconds left.
|
|t:|1760380608
|-end|p1a: Great Tusk|Protosynthesis|[silent]
|switch|p1a: Corviknight|Corviknight, M|35/100
|-ability|p1a: Corviknight|Pressure
|move|p2a: Weezing|Defog|p1a: Corviknight
|-unboost|p1a: Corviknight|evasion|1
|-sideend|p2: pikazard66|Stealth Rock|[from] move: Defog|[of] p2a: Weezing
|
|upkeep
|turn|20
|
|t:|1760380618
|move|p1a: Corviknight|Roost|p1a: Corviknight
|-heal|p1a: Corviknight|85/100
|-singleturn|p1a: Corviknight|move: Roost
|move|p2a: Weezing|Fire Blast|p1a: Corviknight
|-supereffective|p1a: Corviknight
|-damage|p1a: Corviknight|43/100
|
|upkeep
|turn|21
|
|t:|1760380626
|move|p1a: Corviknight|Roost|p1a: Corviknight
|-heal|p1a: Corviknight|93/100
|-singleturn|p1a: Corviknight|move: Roost
|move|p2a: Weezing|Toxic Spikes|p1a: Corviknight
|-sidestart|p1: Shikor|move: Toxic Spikes
|
|upkeep
|turn|22
|
|t:|1760380632
|move|p1a: Corviknight|Defog|p2a: Weezing
|-unboost|p2a: Weezing|evasion|1
|-sideend|p1: Shikor|Toxic Spikes|[from] move: Defog|[of] p1a: Corviknight
|move|p2a: Weezing|Fire Blast|p1a: Corviknight
|-supereffective|p1a: Corviknight
|-damage|p1a: Corviknight|52/100
|
|upkeep
|turn|23
|
|t:|1760380642
|switch|p2a: Gliscor|Gliscor, M|100/100 tox
|move|p1a: Corviknight|Roost|p1a: Corviknight
|-heal|p1a: Corviknight|100/100
|-singleturn|p1a: Corviknight|move: Roost
|
|upkeep
|turn|24
|
|t:|1760380656
|switch|p1a: Meowscarada|Meowscarada, F|84/100
|move|p2a: Gliscor|Spikes|p1a: Meowscarada
|-sidestart|p1: Shikor|Spikes
|
|upkeep
|turn|25
|
|t:|1760380675
|move|p2a: Gliscor|Protect|p2a: Gliscor
|-singleturn|p2a: Gliscor|Protect
|move|p1a: Meowscarada|U-turn|p2a: Gliscor
|-start|p1a: Meowscarada|typechange|Bug|[from] ability: Protean
|-activate|p2a: Gliscor|move: Protect
|
|upkeep
|turn|26
|
|t:|1760380683
|move|p1a: Meowscarada|U-turn|p2a: Gliscor
|-resisted|p2a: Gliscor
|-damage|p2a: Gliscor|90/100 tox
|
|t:|1760380687
|switch|p1a: Great Tusk|Great Tusk|39/100|[from] U-turn
|-damage|p1a: Great Tusk|27/100|[from] Spikes
|move|p2a: Gliscor|Spikes|p1a: Great Tusk
|-sidestart|p1: Shikor|Spikes
|
|-heal|p1a: Great Tusk|33/100|[from] item: Leftovers
|-heal|p2a: Gliscor|100/100 tox|[from] ability: Poison Heal
|upkeep
|turn|27
|
|t:|1760380698
|move|p2a: Gliscor|Toxic|p1a: Great Tusk
|-status|p1a: Great Tusk|tox
|move|p1a: Great Tusk|Rapid Spin|p2a: Gliscor
|-damage|p2a: Gliscor|91/100 tox
|-boost|p1a: Great Tusk|spe|1
|-sideend|p1: Shikor|Spikes|[from] move: Rapid Spin|[of] p1a: Great Tusk
|
|-heal|p1a: Great Tusk|39/100 tox|[from] item: Leftovers
|-damage|p1a: Great Tusk|33/100 tox|[from] psn
|-heal|p2a: Gliscor|100/100 tox|[from] ability: Poison Heal
|upkeep
|turn|28
|
|t:|1760380709
|-end|p1a: Great Tusk|Protosynthesis|[silent]
|switch|p1a: Meowscarada|Meowscarada, F|84/100
|move|p2a: Gliscor|Spikes|p1a: Meowscarada
|-sidestart|p1: Shikor|Spikes
|
|upkeep
|turn|29
|
|t:|1760380714
|move|p2a: Gliscor|Protect|p2a: Gliscor
|-singleturn|p2a: Gliscor|Protect
|move|p1a: Meowscarada|Triple Axel|p2a: Gliscor
|-start|p1a: Meowscarada|typechange|Ice|[from] ability: Protean
|-activate|p2a: Gliscor|move: Protect
|
|upkeep
|turn|30
|
|t:|1760380721
|switch|p2a: Lapras|Lapras, F|100/100
|move|p1a: Meowscarada|Triple Axel|p2a: Lapras
|-resisted|p2a: Lapras
|-damage|p2a: Lapras|98/100
|-resisted|p2a: Lapras
|-damage|p2a: Lapras|94/100
|-resisted|p2a: Lapras
|-damage|p2a: Lapras|86/100
|-hitcount|p2a: Lapras|3
|
|upkeep
|turn|31
|inactive|Shikor has 120 seconds left.
|
|t:|1760380756
|switch|p1a: Corviknight|Corviknight, M|100/100
|-ability|p1a: Corviknight|Pressure
|move|p2a: Lapras|Dragon Dance|p2a: Lapras
|-boost|p2a: Lapras|atk|1
|-boost|p2a: Lapras|spe|1
|
|upkeep
|turn|32
|inactive|Shikor has 120 seconds left.
|
|t:|1760380764
|move|p2a: Lapras|Icicle Spear|p1a: Corviknight
|-damage|p1a: Corviknight|91/100
|-damage|p1a: Corviknight|82/100
|-damage|p1a: Corviknight|72/100
|-damage|p1a: Corviknight|63/100
|-hitcount|p1a: Corviknight|4
|move|p1a: Corviknight|Body Press|p2a: Lapras
|-supereffective|p2a: Lapras
|-damage|p2a: Lapras|40/100
|
|upkeep
|turn|33
|
|t:|1760380773
|move|p2a: Lapras|Icicle Spear|p1a: Corviknight
|-damage|p1a: Corviknight|54/100
|-damage|p1a: Corviknight|45/100
|-damage|p1a: Corviknight|35/100
|-damage|p1a: Corviknight|25/100
|-hitcount|p1a: Corviknight|4
|move|p1a: Corviknight|Body Press|p2a: Lapras
|-supereffective|p2a: Lapras
|-damage|p2a: Lapras|0 fnt
|faint|p2a: Lapras
|
|upkeep
|
|t:|1760380780
|switch|p2a: Skeledirge|Skeledirge, M|49/100
|turn|34
|
|t:|1760380800
|-terastallize|p1a: Corviknight|Dragon
|move|p1a: Corviknight|Roost|p1a: Corviknight
|-heal|p1a: Corviknight|75/100
|move|p2a: Skeledirge|Torch Song|p1a: Corviknight
|-resisted|p1a: Corviknight
|-damage|p1a: Corviknight|62/100
|-boost|p2a: Skeledirge|spa|1
|
|upkeep
|turn|35
|
|t:|1760380811
|move|p1a: Corviknight|U-turn|p2a: Skeledirge
|-resisted|p2a: Skeledirge
|-damage|p2a: Skeledirge|47/100
|
|t:|1760380818
|switch|p1a: Pecharunt|Pecharunt|100/100|[from] U-turn
|-item|p1a: Pecharunt|Air Balloon
|move|p2a: Skeledirge|Will-O-Wisp|p1a: Pecharunt
|-status|p1a: Pecharunt|brn
|
|-damage|p1a: Pecharunt|94/100 brn|[from] brn
|upkeep
|turn|36
|
|t:|1760380830
|switch|p2a: Goodra|Goodra-Hisui, F|100/100
|move|p1a: Pecharunt|Malignant Chain|p2a: Goodra
|-immune|p2a: Goodra
|
|-damage|p1a: Pecharunt|88/100 brn|[from] brn
|upkeep
|turn|37
|
|t:|1760380841
|switch|p1a: Corviknight|Corviknight, M, tera:Dragon|62/100
|-damage|p1a: Corviknight|49/100|[from] Spikes
|-ability|p1a: Corviknight|Pressure
|move|p2a: Goodra|Knock Off|p1a: Corviknight
|-damage|p1a: Corviknight|39/100
|
|upkeep
|turn|38
|
|t:|1760380849
|switch|p2a: Skeledirge|Skeledirge, M|47/100
|move|p1a: Corviknight|Body Press|p2a: Skeledirge
|-immune|p2a: Skeledirge
|
|upkeep
|turn|39
|
|t:|1760380854
|move|p1a: Corviknight|Roost|p1a: Corviknight
|-heal|p1a: Corviknight|89/100
|move|p2a: Skeledirge|Will-O-Wisp|p1a: Corviknight
|-status|p1a: Corviknight|brn
|
|-damage|p1a: Corviknight|83/100 brn|[from] brn
|upkeep
|turn|40
|
|t:|1760380863
|move|p1a: Corviknight|Roost|p1a: Corviknight
|-heal|p1a: Corviknight|100/100 brn
|move|p2a: Skeledirge|Slack Off|p2a: Skeledirge
|-heal|p2a: Skeledirge|97/100
|
|-damage|p1a: Corviknight|94/100 brn|[from] brn
|upkeep
|turn|41
|
|t:|1760380871
|switch|p1a: Pecharunt|Pecharunt|88/100 brn
|-item|p1a: Pecharunt|Air Balloon
|move|p2a: Skeledirge|Torch Song|p1a: Pecharunt
|-damage|p1a: Pecharunt|69/100 brn
|-boost|p2a: Skeledirge|spa|1
|-enditem|p1a: Pecharunt|Air Balloon
|
|-damage|p1a: Pecharunt|63/100 brn|[from] brn
|upkeep
|turn|42
|
|t:|1760380887
|move|p1a: Pecharunt|Recover|p1a: Pecharunt
|-heal|p1a: Pecharunt|100/100 brn
|move|p2a: Skeledirge|Hex|p1a: Pecharunt
|-supereffective|p1a: Pecharunt
|-damage|p1a: Pecharunt|4/100 brn
|
|-damage|p1a: Pecharunt|0 fnt|[from] brn
|faint|p1a: Pecharunt
|upkeep
|
|t:|1760380897
|switch|p1a: Great Tusk|Great Tusk|33/100 tox
|-damage|p1a: Great Tusk|20/100 tox|[from] Spikes
|turn|43
|
|t:|1760380903
|move|p1a: Great Tusk|Earthquake|p2a: Skeledirge
|-supereffective|p2a: Skeledirge
|-crit|p2a: Skeledirge
|-damage|p2a: Skeledirge|19/100
|move|p2a: Skeledirge|Torch Song|p1a: Great Tusk
|-damage|p1a: Great Tusk|0 fnt
|-boost|p2a: Skeledirge|spa|1
|faint|p1a: Great Tusk
|-end|p1a: Great Tusk|Protosynthesis|[silent]
|
|upkeep
|
|t:|1760380911
|switch|p1a: Meowscarada|Meowscarada, F|84/100
|-damage|p1a: Meowscarada|72/100|[from] Spikes
|turn|44
|
|t:|1760380919
|switch|p2a: Weezing|Weezing-Galar, M|24/100
|move|p1a: Meowscarada|Flower Trick|p2a: Weezing
|-start|p1a: Meowscarada|typechange|Grass|[from] ability: Protean
|-resisted|p2a: Weezing
|-crit|p2a: Weezing
|-damage|p2a: Weezing|7/100
|
|upkeep
|turn|45
|
|t:|1760380927
|switch|p2a: Goodra|Goodra-Hisui, F|100/100
|move|p1a: Meowscarada|Flower Trick|p2a: Goodra
|-ability|p2a: Goodra|Sap Sipper|boost
|-boost|p2a: Goodra|atk|1
|
|upkeep
|turn|46
|
|t:|1760380934
|switch|p1a: Corviknight|Corviknight, M, tera:Dragon|94/100 brn
|-damage|p1a: Corviknight|82/100 brn|[from] Spikes
|-ability|p1a: Corviknight|Pressure
|move|p2a: Goodra|Ice Spinner|p1a: Corviknight
|-supereffective|p1a: Corviknight
|-crit|p1a: Corviknight
|-damage|p1a: Corviknight|27/100 brn
|
|-damage|p1a: Corviknight|20/100 brn|[from] brn
|upkeep
|turn|47
|
|t:|1760380946
|move|p1a: Corviknight|Body Press|p2a: Goodra
|-supereffective|p2a: Goodra
|-damage|p2a: Goodra|85/100
|move|p2a: Goodra|Ice Spinner|p1a: Corviknight
|-supereffective|p1a: Corviknight
|-damage|p1a: Corviknight|0 fnt
|faint|p1a: Corviknight
|
|upkeep
|
|t:|1760380953
|switch|p1a: Meowscarada|Meowscarada, F|72/100
|-damage|p1a: Meowscarada|60/100|[from] Spikes
|turn|48
|
|t:|1760380957
|move|p1a: Meowscarada|Triple Axel|p2a: Goodra
|-start|p1a: Meowscarada|typechange|Ice|[from] ability: Protean
|-damage|p2a: Goodra|79/100
|-damage|p2a: Goodra|67/100
|-damage|p2a: Goodra|46/100
|-hitcount|p2a: Goodra|3
|move|p2a: Goodra|Ice Spinner|p1a: Meowscarada
|-resisted|p1a: Meowscarada
|-damage|p1a: Meowscarada|37/100
|
|upkeep
|turn|49
|
|t:|1760380972
|-terastallize|p2a: Goodra|Water
|move|p1a: Meowscarada|Triple Axel|p2a: Goodra
|-resisted|p2a: Goodra
|-damage|p2a: Goodra|43/100
|-hitcount|p2a: Goodra|1
|move|p2a: Goodra|Heavy Slam|p1a: Meowscarada
|-supereffective|p1a: Meowscarada
|-damage|p1a: Meowscarada|0 fnt
|faint|p1a: Meowscarada
|
|win|pikazard66
|raw|Shikor's rating: 1363 &rarr; <strong>1344</strong><br />(-19 for losing)
|raw|pikazard66's rating: 1377 &rarr; <strong>1396</strong><br />(+19 for winning)
|c|☆pikazard66|gg
|l|☆pikazard66
|player|p2|
|l|☆Shikor
|player|p1|
