|j|☆Moreiny
|j|☆sly_skip
|t:|1760307842
|gametype|singles
|player|p1|Moreiny|170|1772
|player|p2|sly_skip|1|1747
|gen|9
|tier|[Gen 9] OU
|rated|
|rule|HP Percentage Mod: HP is shown in percentages
|rule|Endless Battle Clause: Forcing endless battles is banned
|rule|Species Clause: Limit one of each Pokémon
|rule|OHKO Clause: OHKO moves are banned
|rule|Evasion Items Clause: Evasion items are banned
|rule|Evasion Moves Clause: Evasion moves are banned
|rule|Evasion Abilities Clause: Evasion abilities are banned
|rule|Sleep Moves Clause: Sleep-inducing moves are banned
|clearpoke
|poke|p1|Indeedee, M|
|poke|p1|Great Tusk|
|poke|p1|Iron Crown|
|poke|p1|Polteageist|
|poke|p1|Hawlucha, F|
|poke|p1|Deoxys-Speed|
|poke|p2|Great Tusk|
|poke|p2|Darkrai|
|poke|p2|Garganacl, F|
|poke|p2|Kyurem|
|poke|p2|Zamazenta-*|
|poke|p2|Slowking-Galar, F|
|teampreview
|inactive|Battle timer is ON: inactive players will automatically lose when time's up. (requested by sly_skip)
|
|t:|1760307853
|teamsize|p1|6
|teamsize|p2|6
|start
|switch|p1a: Deoxys|Deoxys-Speed|100/100
|switch|p2a: Darkrai|Darkrai|100/100
|-ability|p1a: Deoxys|Pressure
|turn|1
|
|t:|1760307860
|move|p1a: Deoxys|Superpower|p2a: Darkrai
|-supereffective|p2a: Darkrai
|-damage|p2a: Darkrai|26/100
|-unboost|p1a: Deoxys|atk|1
|-unboost|p1a: Deoxys|def|1
|move|p2a: Darkrai|Knock Off|p1a: Deoxys
|-supereffective|p1a: Deoxys
|-damage|p1a: Deoxys|0 fnt
|-enditem|p1a: Deoxys|Power Herb|[from] move: Knock Off|[of] p2a: Darkrai
|faint|p1a: Deoxys
|
|upkeep
|
|t:|1760307865
|switch|p1a: Great Tusk|Great Tusk|100/100
|turn|2
|
|t:|1760307867
|move|p2a: Darkrai|Ice Beam|p1a: Great Tusk
|-supereffective|p1a: Great Tusk
|-damage|p1a: Great Tusk|18/100
|move|p1a: Great Tusk|Earthquake|p2a: Darkrai
|-damage|p2a: Darkrai|0 fnt
|faint|p2a: Darkrai
|
|upkeep
|j| crowv2
|
|t:|1760307884
|switch|p2a: Kyurem|Kyurem|100/100
|-ability|p2a: Kyurem|Pressure
|turn|3
|
|t:|1760307886
|move|p2a: Kyurem|Earth Power|p1a: Great Tusk
|-damage|p1a: Great Tusk|0 fnt
|faint|p1a: Great Tusk
|-end|p1a: Great Tusk|Protosynthesis|[silent]
|
|upkeep
|
|t:|1760307890
|switch|p1a: Indeedee|Indeedee, M|100/100
|-fieldstart|move: Psychic Terrain|[from] ability: Psychic Surge|[of] p1a: Indeedee
|turn|4
|
|t:|1760307895
|move|p1a: Indeedee|Expanding Force|p2a: Kyurem
|-crit|p2a: Kyurem
|-damage|p2a: Kyurem|0 fnt
|faint|p2a: Kyurem
|
|upkeep
|
|t:|1760307899
|switch|p2a: Slowking|Slowking-Galar, F|100/100
|turn|5
|
|t:|1760307903
|move|p1a: Indeedee|Expanding Force|p2a: Slowking
|-damage|p2a: Slowking|57/100
|move|p2a: Slowking|Thunder Wave|p1a: Indeedee
|-status|p1a: Indeedee|par
|
|upkeep
|turn|6
|
|t:|1760307906
|switch|p1a: Iron Crown|Iron Crown|100/100
|-prepare|p2a: Slowking|Chilly Reception|[premajor]
|move|p2a: Slowking|Chilly Reception|p2a: Slowking
|-weather|Snowscape
|
|t:|1760307911
|switch|p2a: Garganacl|Garganacl, F|100/100|[from] Chilly Reception
|
|-weather|Snowscape|[upkeep]
|upkeep
|turn|7
|
|t:|1760307914
|-terastallize|p2a: Garganacl|Water
|move|p1a: Iron Crown|Future Sight|p2a: Garganacl
|-start|p1a: Iron Crown|move: Future Sight
|move|p2a: Garganacl|Salt Cure|p1a: Iron Crown
|-resisted|p1a: Iron Crown
|-damage|p1a: Iron Crown|93/100
|-start|p1a: Iron Crown|Salt Cure
|
|-weather|Snowscape|[upkeep]
|-damage|p1a: Iron Crown|68/100|[from] Salt Cure
|upkeep
|turn|8
|
|t:|1760307919
|-end|p1a: Iron Crown|Quark Drive|[silent]
|switch|p1a: Indeedee|Indeedee, M|100/100 par
|switch|p2a: Slowking|Slowking-Galar, F|90/100
|
|-weather|Snowscape|[upkeep]
|upkeep
|turn|9
|
|t:|1760307924
|move|p1a: Indeedee|Expanding Force|p2a: Slowking
|-damage|p2a: Slowking|48/100
|-prepare|p2a: Slowking|Chilly Reception|[premajor]
|move|p2a: Slowking|Chilly Reception|p2a: Slowking
|
|t:|1760307929
|switch|p2a: Garganacl|Garganacl, F, tera:Water|100/100|[from] Chilly Reception
|
|-weather|Snowscape|[upkeep]
|-end|p2a: Garganacl|move: Future Sight
|-crit|p2a: Garganacl
|-damage|p2a: Garganacl|18/100
|-heal|p2a: Garganacl|25/100|[from] item: Leftovers
|upkeep
|turn|10
|
|t:|1760307935
|move|p1a: Indeedee|Expanding Force|p2a: Garganacl
|-damage|p2a: Garganacl|0 fnt
|faint|p2a: Garganacl
|
|-weather|none
|upkeep
|j| Powerpuffmoves
|
|t:|1760307946
|switch|p2a: Great Tusk|Great Tusk|100/100
|turn|11
|
|t:|1760307948
|switch|p1a: Hawlucha|Hawlucha, F|100/100
|-enditem|p1a: Hawlucha|Psychic Seed
|-boost|p1a: Hawlucha|spd|1|[from] item: Psychic Seed
|move|p2a: Great Tusk|Knock Off|p1a: Hawlucha
|-resisted|p1a: Hawlucha
|-damage|p1a: Hawlucha|85/100
|
|-fieldend|move: Psychic Terrain
|upkeep
|turn|12
|
|t:|1760307958
|-end|p2a: Great Tusk|Protosynthesis|[silent]
|switch|p2a: Slowking|Slowking-Galar, F|82/100
|move|p1a: Hawlucha|Swords Dance|p1a: Hawlucha
|-boost|p1a: Hawlucha|atk|2
|
|upkeep
|turn|13
|
|t:|1760307963
|move|p1a: Hawlucha|Acrobatics|p2a: Slowking
|-damage|p2a: Slowking|0 fnt
|faint|p2a: Slowking
|
|upkeep
|-message|sly_skip forfeited.
|
|win|Moreiny
|raw|Moreiny's rating: 1772 &rarr; <strong>1789</strong><br />(+17 for winning)
|raw|sly_skip's rating: 1728 &rarr; <strong>1711</strong><br />(-17 for losing)
|l|☆sly_skip
|player|p2|
|l|☆Moreiny
|player|p1|
|l| crowv2
|l| Powerpuffmoves
