|j|☆schLIM2
|j|☆imprisonpaulgeorge
|t:|1760457836
|gametype|singles
|player|p1|schLIM2|shadowtriad|1465
|player|p2|imprisonpaulgeorge|265|1495
|gen|9
|tier|[Gen 9] OU
|rated|
|rule|HP Percentage Mod: HP is shown in percentages
|rule|Endless Battle Clause: Forcing endless battles is banned
|rule|Species Clause: Limit one of each Pokémon
|rule|OHKO Clause: OHKO moves are banned
|rule|Evasion Items Clause: Evasion items are banned
|rule|Evasion Moves Clause: Evasion moves are banned
|rule|Evasion Abilities Clause: Evasion abilities are banned
|rule|Sleep Moves Clause: Sleep-inducing moves are banned
|clearpoke
|poke|p1|Torkoal, M|
|poke|p1|Lilligant-Hisui, F|
|poke|p1|Walking Wake|
|poke|p1|Typhlosion-Hisui, M|
|poke|p1|Hydrapple, F|
|poke|p1|Latias, F|
|poke|p2|Ting-Lu|
|poke|p2|Gliscor, M|
|poke|p2|Sinistcha-Masterpiece|
|poke|p2|Keldeo|
|poke|p2|Tinkaton, F|
|poke|p2|Dragonite, M|
|teampreview
|inactive|Battle timer is ON: inactive players will automatically lose when time's up. (requested by imprisonpaulgeorge)
|
|t:|1760457845
|teamsize|p1|6
|teamsize|p2|6
|start
|switch|p1a: Torkoal|Torkoal, M|100/100
|switch|p2a: Jarhead|Ting-Lu|100/100
|-ability|p2a: Jarhead|Vessel of Ruin
|-weather|SunnyDay|[from] ability: Drought|[of] p1a: Torkoal
|turn|1
|
|t:|1760457850
|move|p2a: Jarhead|Spikes|p1a: Torkoal
|-sidestart|p1: schLIM2|Spikes
|move|p1a: Torkoal|Will-O-Wisp|p2a: Jarhead
|-status|p2a: Jarhead|brn
|
|-weather|SunnyDay|[upkeep]
|-damage|p2a: Jarhead|94/100 brn|[from] brn
|upkeep
|turn|2
|
|t:|1760457859
|move|p2a: Jarhead|Ruination|p1a: Torkoal
|-damage|p1a: Torkoal|51/100
|move|p1a: Torkoal|Stealth Rock|p2a: Jarhead
|-sidestart|p2: imprisonpaulgeorge|move: Stealth Rock
|
|-weather|SunnyDay|[upkeep]
|-heal|p2a: Jarhead|100/100 brn|[from] item: Leftovers
|-damage|p2a: Jarhead|94/100 brn|[from] brn
|upkeep
|turn|3
|
|t:|1760457863
|switch|p2a: Tchavis Scott|Sinistcha-Masterpiece|100/100
|move|p1a: Torkoal|Rapid Spin|p2a: Tchavis Scott
|-immune|p2a: Tchavis Scott
|
|-weather|SunnyDay|[upkeep]
|upkeep
|turn|4
|
|t:|1760457868
|switch|p1a: Hydrapple|Hydrapple, F|100/100
|-damage|p1a: Hydrapple|88/100|[from] Spikes
|move|p2a: Tchavis Scott|Shadow Ball|p1a: Hydrapple
|-damage|p1a: Hydrapple|59/100
|-enditem|p1a: Hydrapple|Eject Button
|
|t:|1760457875
|switch|p1a: Typhlosion|Typhlosion-Hisui, M|100/100
|-damage|p1a: Typhlosion|88/100|[from] Spikes
|
|-weather|SunnyDay|[upkeep]
|upkeep
|turn|5
|
|t:|1760457900
|switch|p2a: Jarhead|Ting-Lu|94/100 brn
|-damage|p2a: Jarhead|88/100 brn|[from] Stealth Rock
|-ability|p2a: Jarhead|Vessel of Ruin
|move|p1a: Typhlosion|Eruption|p2a: Jarhead
|-damage|p2a: Jarhead|45/100 brn
|
|-weather|SunnyDay|[upkeep]
|-heal|p2a: Jarhead|51/100 brn|[from] item: Leftovers
|-damage|p2a: Jarhead|45/100 brn|[from] brn
|upkeep
|turn|6
|
|t:|1760457913
|move|p1a: Typhlosion|Eruption|p2a: Jarhead
|-damage|p2a: Jarhead|2/100 brn
|move|p2a: Jarhead|Ruination|p1a: Typhlosion
|-damage|p1a: Typhlosion|44/100
|
|-weather|SunnyDay|[upkeep]
|-heal|p2a: Jarhead|8/100 brn|[from] item: Leftovers
|-damage|p2a: Jarhead|2/100 brn|[from] brn
|upkeep
|turn|7
|
|t:|1760457929
|move|p1a: Typhlosion|Eruption|p2a: Jarhead
|-damage|p2a: Jarhead|0 fnt
|faint|p2a: Jarhead
|
|-weather|SunnyDay|[upkeep]
|upkeep
|
|t:|1760457932
|switch|p2a: Secret Service|Dragonite, M|100/100
|turn|8
|
|t:|1760457938
|switch|p1a: Lilligant|Lilligant-Hisui, F|100/100
|-damage|p1a: Lilligant|88/100|[from] Spikes
|move|p2a: Secret Service|Roost||[still]
|-fail|p2a: Secret Service|heal
|
|-weather|none
|upkeep
|turn|9
|
|t:|1760457944
|switch|p2a: Tchavis Scott|Sinistcha-Masterpiece|100/100
|move|p1a: Lilligant|Triple Axel|p2a: Tchavis Scott|[miss]
|-miss|p1a: Lilligant|p2a: Tchavis Scott
|
|upkeep
|turn|10
|
|t:|1760457949
|switch|p1a: Torkoal|Torkoal, M|51/100
|-damage|p1a: Torkoal|38/100|[from] Spikes
|-weather|SunnyDay|[from] ability: Drought|[of] p1a: Torkoal
|move|p2a: Tchavis Scott|Shadow Ball|p1a: Torkoal
|-damage|p1a: Torkoal|10/100
|-unboost|p1a: Torkoal|spd|1
|
|-weather|SunnyDay|[upkeep]
|upkeep
|turn|11
|
|t:|1760457954
|switch|p1a: Typhlosion|Typhlosion-Hisui, M|44/100
|-damage|p1a: Typhlosion|32/100|[from] Spikes
|move|p2a: Tchavis Scott|Shadow Ball|p1a: Typhlosion
|-supereffective|p1a: Typhlosion
|-damage|p1a: Typhlosion|0 fnt
|faint|p1a: Typhlosion
|
|-weather|SunnyDay|[upkeep]
|upkeep
|
|t:|1760457962
|switch|p1a: Walking Wake|Walking Wake|100/100
|-damage|p1a: Walking Wake|88/100|[from] Spikes
|-activate|p1a: Walking Wake|ability: Protosynthesis
|-start|p1a: Walking Wake|protosynthesisspa
|turn|12
|
|t:|1760457981
|move|p1a: Walking Wake|Flamethrower|p2a: Tchavis Scott
|-supereffective|p2a: Tchavis Scott
|-damage|p2a: Tchavis Scott|34/100
|move|p2a: Tchavis Scott|Shadow Ball|p1a: Walking Wake
|-damage|p1a: Walking Wake|47/100
|
|-weather|SunnyDay|[upkeep]
|upkeep
|turn|13
|
|t:|1760457985
|move|p1a: Walking Wake|Flamethrower|p2a: Tchavis Scott
|-supereffective|p2a: Tchavis Scott
|-damage|p2a: Tchavis Scott|0 fnt
|faint|p2a: Tchavis Scott
|
|-weather|SunnyDay|[upkeep]
|upkeep
|
|t:|1760457987
|switch|p2a: Secret Service|Dragonite, M|100/100
|turn|14
|
|t:|1760457993
|-end|p1a: Walking Wake|Protosynthesis|[silent]
|switch|p1a: Lilligant|Lilligant-Hisui, F|88/100
|-damage|p1a: Lilligant|76/100|[from] Spikes
|-terastallize|p2a: Secret Service|Normal
|move|p2a: Secret Service|Dragon Tail|p1a: Lilligant
|-damage|p1a: Lilligant|25/100
|drag|p1a: Torkoal|Torkoal, M|10/100
|-damage|p1a: Torkoal|0 fnt|[from] Spikes
|faint|p1a: Torkoal
|
|-weather|SunnyDay|[upkeep]
|upkeep
|
|t:|1760457997
|switch|p1a: Latias|Latias, F|100/100
|turn|15
|
|t:|1760458013
|switch|p2a: Tinkki Minaj|Tinkaton, F|100/100
|-damage|p2a: Tinkki Minaj|94/100|[from] Stealth Rock
|-ability|p2a: Tinkki Minaj|Mold Breaker
|-item|p2a: Tinkki Minaj|Air Balloon
|-terastallize|p1a: Latias|Fairy
|move|p1a: Latias|Calm Mind|p1a: Latias
|-boost|p1a: Latias|spa|1
|-boost|p1a: Latias|spd|1
|
|-weather|SunnyDay|[upkeep]
|upkeep
|turn|16
|
|t:|1760458020
|move|p1a: Latias|Draining Kiss|p2a: Tinkki Minaj
|-resisted|p2a: Tinkki Minaj
|-damage|p2a: Tinkki Minaj|75/100
|-enditem|p2a: Tinkki Minaj|Air Balloon
|move|p2a: Tinkki Minaj|Gigaton Hammer|p1a: Latias
|-supereffective|p1a: Latias
|-damage|p1a: Latias|1/100
|-enditem|p1a: Latias|Weakness Policy
|-boost|p1a: Latias|atk|2|[from] item: Weakness Policy
|-boost|p1a: Latias|spa|2|[from] item: Weakness Policy
|
|-weather|SunnyDay|[upkeep]
|upkeep
|turn|17
|
|t:|1760458028
|move|p1a: Latias|Stored Power|p2a: Tinkki Minaj
|-resisted|p2a: Tinkki Minaj
|-damage|p2a: Tinkki Minaj|0 fnt
|faint|p2a: Tinkki Minaj
|
|-weather|none
|upkeep
|
|t:|1760458032
|switch|p2a: Secret Service|Dragonite, M, tera:Normal|100/100
|turn|18
|
|t:|1760458036
|move|p2a: Secret Service|Extreme Speed|p1a: Latias
|-damage|p1a: Latias|0 fnt
|faint|p1a: Latias
|
|upkeep
|
|t:|1760458039
|switch|p1a: Hydrapple|Hydrapple, F|92/100
|-damage|p1a: Hydrapple|80/100|[from] Spikes
|turn|19
|
|t:|1760458044
|move|p1a: Hydrapple|Body Press|p2a: Secret Service
|-supereffective|p2a: Secret Service
|-damage|p2a: Secret Service|75/100
|move|p2a: Secret Service|Dragon Tail|p1a: Hydrapple|[miss]
|-miss|p2a: Secret Service|p1a: Hydrapple
|
|upkeep
|turn|20
|
|t:|1760458051
|move|p1a: Hydrapple|Body Press|p2a: Secret Service
|-supereffective|p2a: Secret Service
|-damage|p2a: Secret Service|21/100
|move|p2a: Secret Service|Dragon Tail|p1a: Hydrapple
|-supereffective|p1a: Hydrapple
|-damage|p1a: Hydrapple|38/100
|drag|p1a: Walking Wake|Walking Wake|47/100
|-damage|p1a: Walking Wake|35/100|[from] Spikes
|
|upkeep
|turn|21
|
|t:|1760458063
|move|p2a: Secret Service|Extreme Speed|p1a: Walking Wake
|-damage|p1a: Walking Wake|0 fnt
|faint|p1a: Walking Wake
|-end|p1a: Walking Wake|Protosynthesis|[silent]
|
|upkeep
|
|t:|1760458066
|switch|p1a: Hydrapple|Hydrapple, F|71/100
|-damage|p1a: Hydrapple|59/100|[from] Spikes
|turn|22
|
|t:|1760458069
|switch|p2a: Dance Armstrong|Gliscor, M|100/100
|-damage|p2a: Dance Armstrong|88/100|[from] Stealth Rock
|move|p1a: Hydrapple|Body Press|p2a: Dance Armstrong
|-resisted|p2a: Dance Armstrong
|-damage|p2a: Dance Armstrong|77/100
|
|-status|p2a: Dance Armstrong|tox|[from] item: Toxic Orb
|upkeep
|turn|23
|
|t:|1760458080
|move|p2a: Dance Armstrong|Facade|p1a: Hydrapple
|-damage|p1a: Hydrapple|41/100
|move|p1a: Hydrapple|Recover|p1a: Hydrapple
|-heal|p1a: Hydrapple|92/100
|
|-heal|p2a: Dance Armstrong|89/100 tox|[from] ability: Poison Heal
|upkeep
|turn|24
|
|t:|1760458088
|move|p2a: Dance Armstrong|Swords Dance|p2a: Dance Armstrong
|-boost|p2a: Dance Armstrong|atk|2
|move|p1a: Hydrapple|Fickle Beam|p2a: Dance Armstrong
|-damage|p2a: Dance Armstrong|47/100 tox
|
|-heal|p2a: Dance Armstrong|59/100 tox|[from] ability: Poison Heal
|upkeep
|turn|25
|
|t:|1760458105
|move|p2a: Dance Armstrong|Swords Dance|p2a: Dance Armstrong
|-boost|p2a: Dance Armstrong|atk|2
|move|p1a: Hydrapple|Fickle Beam|p2a: Dance Armstrong
|-damage|p2a: Dance Armstrong|18/100 tox
|
|-heal|p2a: Dance Armstrong|31/100 tox|[from] ability: Poison Heal
|upkeep
|turn|26
|
|t:|1760458110
|move|p2a: Dance Armstrong|Facade|p1a: Hydrapple
|-damage|p1a: Hydrapple|44/100
|move|p1a: Hydrapple|Fickle Beam|p2a: Dance Armstrong|[anim] Fickle Beam All Out
|-activate|p1a: Hydrapple|move: Fickle Beam
|-damage|p2a: Dance Armstrong|0 fnt
|faint|p2a: Dance Armstrong
|
|upkeep
|
|t:|1760458113
|switch|p2a: My Little Pwny|Keldeo|100/100
|turn|27
|
|t:|1760458117
|switch|p1a: Lilligant|Lilligant-Hisui, F|25/100
|-damage|p1a: Lilligant|13/100|[from] Spikes
|move|p2a: My Little Pwny|Aura Sphere|p1a: Lilligant
|-damage|p1a: Lilligant|0 fnt
|faint|p1a: Lilligant
|
|upkeep
|
|t:|1760458119
|switch|p1a: Hydrapple|Hydrapple, F|77/100
|-damage|p1a: Hydrapple|65/100|[from] Spikes
|turn|28
|
|t:|1760458122
|move|p2a: My Little Pwny|Aura Sphere|p1a: Hydrapple
|-damage|p1a: Hydrapple|26/100
|move|p1a: Hydrapple|Giga Drain|p2a: My Little Pwny
|-supereffective|p2a: My Little Pwny
|-damage|p2a: My Little Pwny|31/100
|-heal|p1a: Hydrapple|53/100|[from] drain|[of] p2a: My Little Pwny
|
|upkeep
|turn|29
|
|t:|1760458130
|move|p2a: My Little Pwny|Aura Sphere|p1a: Hydrapple
|-damage|p1a: Hydrapple|13/100
|move|p1a: Hydrapple|Recover|p1a: Hydrapple
|-heal|p1a: Hydrapple|63/100
|
|upkeep
|turn|30
|
|t:|1760458136
|move|p2a: My Little Pwny|Aura Sphere|p1a: Hydrapple
|-damage|p1a: Hydrapple|21/100
|move|p1a: Hydrapple|Recover|p1a: Hydrapple
|-heal|p1a: Hydrapple|72/100
|
|upkeep
|turn|31
|
|t:|1760458142
|move|p2a: My Little Pwny|Aura Sphere|p1a: Hydrapple
|-damage|p1a: Hydrapple|30/100
|move|p1a: Hydrapple|Recover|p1a: Hydrapple
|-heal|p1a: Hydrapple|80/100
|
|upkeep
|turn|32
|
|t:|1760458148
|move|p2a: My Little Pwny|Aura Sphere|p1a: Hydrapple
|-damage|p1a: Hydrapple|40/100
|move|p1a: Hydrapple|Recover|p1a: Hydrapple
|-heal|p1a: Hydrapple|90/100
|
|upkeep
|turn|33
|
|t:|1760458152
|move|p2a: My Little Pwny|Aura Sphere|p1a: Hydrapple
|-crit|p1a: Hydrapple
|-damage|p1a: Hydrapple|27/100
|move|p1a: Hydrapple|Giga Drain|p2a: My Little Pwny
|-supereffective|p2a: My Little Pwny
|-damage|p2a: My Little Pwny|0 fnt
|-heal|p1a: Hydrapple|39/100|[from] drain|[of] p2a: My Little Pwny
|faint|p2a: My Little Pwny
|
|upkeep
|
|t:|1760458155
|switch|p2a: Secret Service|Dragonite, M, tera:Normal|21/100
|turn|34
|
|t:|1760458162
|move|p2a: Secret Service|Extreme Speed|p1a: Hydrapple
|-crit|p1a: Hydrapple
|-damage|p1a: Hydrapple|0 fnt
|faint|p1a: Hydrapple
|
|win|imprisonpaulgeorge
|raw|schLIM2's rating: 1465 &rarr; <strong>1447</strong><br />(-18 for losing)
|raw|imprisonpaulgeorge's rating: 1495 &rarr; <strong>1513</strong><br />(+18 for winning)
|l|☆imprisonpaulgeorge
|player|p2|
|l|☆schLIM2
|player|p1|
