|j|☆NilsBoy
|j|☆henry151th
|t:|1760358586
|gametype|singles
|player|p1|NilsBoy|169|1711
|player|p2|henry151th|wallace|1657
|gen|9
|tier|[Gen 9] OU
|rated|
|rule|HP Percentage Mod: HP is shown in percentages
|rule|Endless Battle Clause: Forcing endless battles is banned
|rule|Species Clause: Limit one of each Pokémon
|rule|OHKO Clause: OHKO moves are banned
|rule|Evasion Items Clause: Evasion items are banned
|rule|Evasion Moves Clause: Evasion moves are banned
|rule|Evasion Abilities Clause: Evasion abilities are banned
|rule|Sleep Moves Clause: Sleep-inducing moves are banned
|clearpoke
|poke|p1|Ting-Lu|
|poke|p1|Slowking-Galar, M|
|poke|p1|Corviknight, M|
|poke|p1|Cinderace, M|
|poke|p1|Ogerpon-Wellspring, F|
|poke|p1|Raging Bolt|
|poke|p2|Dragapult, M|
|poke|p2|Excadrill, M|
|poke|p2|Tyranitar, M|
|poke|p2|Slowking-Galar, M|
|poke|p2|Rotom-Wash|
|poke|p2|Iron Valiant|
|teampreview
|
|t:|1760358591
|teamsize|p1|6
|teamsize|p2|6
|start
|switch|p1a: Cinderace|Cinderace, M|100/100
|switch|p2a: Phantom|Rotom-Wash, shiny|100/100
|turn|1
|inactive|Battle timer is ON: inactive players will automatically lose when time's up. (requested by NilsBoy)
|
|t:|1760358600
|switch|p1a: Slowking|Slowking-Galar, M|100/100
|move|p2a: Phantom|Hydro Pump|p1a: Slowking
|-damage|p1a: Slowking|60/100
|
|upkeep
|turn|2
|
|t:|1760358606
|switch|p1a: Ogerpon|Ogerpon-Wellspring, F|100/100
|move|p2a: Phantom|Hydro Pump|p1a: Ogerpon
|-immune|p1a: Ogerpon|[from] ability: Water Absorb
|
|upkeep
|turn|3
|
|t:|1760358612
|switch|p2a: Mantra|Slowking-Galar, M, shiny|100/100
|move|p1a: Ogerpon|U-turn|p2a: Mantra
|-damage|p2a: Mantra|82/100
|
|t:|1760358617
|switch|p1a: Cinderace|Cinderace, M|100/100|[from] U-turn
|
|upkeep
|turn|4
|
|t:|1760358624
|move|p1a: Cinderace|U-turn|p2a: Mantra
|-start|p1a: Cinderace|typechange|Bug|[from] ability: Libero
|-damage|p2a: Mantra|56/100
|
|t:|1760358629
|switch|p1a: Ting-Lu|Ting-Lu|100/100|[from] U-turn
|-ability|p1a: Ting-Lu|Vessel of Ruin
|move|p2a: Mantra|Sludge Bomb|p1a: Ting-Lu
|-resisted|p1a: Ting-Lu
|-damage|p1a: Ting-Lu|94/100
|-status|p1a: Ting-Lu|psn
|
|-heal|p1a: Ting-Lu|99/100 psn|[from] item: Leftovers
|-damage|p1a: Ting-Lu|87/100 psn|[from] psn
|upkeep
|turn|5
|
|t:|1760358633
|switch|p2a: Phantom|Rotom-Wash, shiny|100/100
|move|p1a: Ting-Lu|Payback|p2a: Phantom
|-damage|p2a: Phantom|74/100
|
|-heal|p1a: Ting-Lu|94/100 psn|[from] item: Leftovers
|-damage|p1a: Ting-Lu|81/100 psn|[from] psn
|upkeep
|turn|6
|
|t:|1760358636
|move|p2a: Phantom|Trick|p1a: Ting-Lu
|-activate|p2a: Phantom|move: Trick|[of] p1a: Ting-Lu
|-item|p1a: Ting-Lu|Choice Scarf|[from] move: Trick
|-item|p2a: Phantom|Leftovers|[from] move: Trick
|move|p1a: Ting-Lu|Rest|p1a: Ting-Lu
|-status|p1a: Ting-Lu|slp|[from] move: Rest
|-heal|p1a: Ting-Lu|100/100 slp|[silent]
|
|-heal|p2a: Phantom|81/100|[from] item: Leftovers
|upkeep
|turn|7
|
|t:|1760358642
|switch|p1a: Slowking|Slowking-Galar, M|93/100
|move|p2a: Phantom|Volt Switch|p1a: Slowking
|-damage|p1a: Slowking|69/100
|
|t:|1760358645
|switch|p2a: Impaler|Excadrill, M, shiny|100/100|[from] Volt Switch
|
|upkeep
|turn|8
|
|t:|1760358649
|switch|p2a: Sahara|Iron Valiant, shiny|100/100
|switch|p1a: Corviknight|Corviknight, M|100/100
|-ability|p1a: Corviknight|Pressure
|
|upkeep
|turn|9
|
|t:|1760358654
|move|p2a: Sahara|Thunderbolt|p1a: Corviknight
|-supereffective|p1a: Corviknight
|-damage|p1a: Corviknight|15/100
|move|p1a: Corviknight|U-turn|p2a: Sahara
|-resisted|p2a: Sahara
|-damage|p2a: Sahara|96/100
|
|t:|1760358660
|switch|p1a: Raging Bolt|Raging Bolt|100/100|[from] U-turn
|
|upkeep
|turn|10
|
|t:|1760358664
|move|p2a: Sahara|Thunderbolt|p1a: Raging Bolt
|-resisted|p1a: Raging Bolt
|-damage|p1a: Raging Bolt|91/100
|move|p1a: Raging Bolt|Draco Meteor|p2a: Sahara
|-immune|p2a: Sahara
|
|upkeep
|turn|11
|
|t:|1760358669
|-end|p1a: Raging Bolt|Protosynthesis|[silent]
|switch|p1a: Ting-Lu|Ting-Lu|100/100 slp
|-ability|p1a: Ting-Lu|Vessel of Ruin
|move|p2a: Sahara|Thunderbolt|p1a: Ting-Lu
|-immune|p1a: Ting-Lu
|
|upkeep
|turn|12
|
|t:|1760358671
|-end|p2a: Sahara|Quark Drive|[silent]
|switch|p2a: Phantom|Rotom-Wash, shiny|81/100
|cant|p1a: Ting-Lu|slp
|move|p1a: Ting-Lu|Sleep Talk|p1a: Ting-Lu
|move|p1a: Ting-Lu|Payback|p2a: Phantom|[from] move: Sleep Talk
|-damage|p2a: Phantom|53/100
|
|-heal|p2a: Phantom|59/100|[from] item: Leftovers
|upkeep
|turn|13
|
|t:|1760358676
|switch|p1a: Slowking|Slowking-Galar, M|100/100
|move|p2a: Phantom|Volt Switch|p1a: Slowking
|-damage|p1a: Slowking|76/100
|
|t:|1760358679
|switch|p2a: Impaler|Excadrill, M, shiny|100/100|[from] Volt Switch
|
|upkeep
|turn|14
|
|t:|1760358685
|switch|p1a: Ting-Lu|Ting-Lu|100/100 slp
|-ability|p1a: Ting-Lu|Vessel of Ruin
|move|p2a: Impaler|Earthquake|p1a: Ting-Lu
|-damage|p1a: Ting-Lu|67/100 slp
|
|upkeep
|turn|15
|
|t:|1760358690
|move|p2a: Impaler|Earthquake|p1a: Ting-Lu
|-damage|p1a: Ting-Lu|33/100 slp
|cant|p1a: Ting-Lu|slp
|move|p1a: Ting-Lu|Sleep Talk|p1a: Ting-Lu
|move|p1a: Ting-Lu|Payback|p2a: Impaler|[from] move: Sleep Talk
|-damage|p2a: Impaler|45/100
|
|-heal|p2a: Impaler|51/100|[from] item: Leftovers
|upkeep
|turn|16
|
|t:|1760358696
|switch|p1a: Ogerpon|Ogerpon-Wellspring, F|100/100
|move|p2a: Impaler|Iron Head|p1a: Ogerpon
|-resisted|p1a: Ogerpon
|-damage|p1a: Ogerpon|68/100
|
|-heal|p2a: Impaler|57/100|[from] item: Leftovers
|upkeep
|turn|17
|
|t:|1760358701
|switch|p2a: Mantra|Slowking-Galar, M, shiny|89/100
|move|p1a: Ogerpon|Knock Off|p2a: Mantra
|-supereffective|p2a: Mantra
|-damage|p2a: Mantra|37/100
|-enditem|p2a: Mantra|Assault Vest|[from] move: Knock Off|[of] p1a: Ogerpon
|
|upkeep
|turn|18
|
|t:|1760358710
|move|p1a: Ogerpon|Ivy Cudgel|p2a: Mantra|[anim] Ivy Cudgel Water
|-damage|p2a: Mantra|0 fnt
|faint|p2a: Mantra
|
|upkeep
|
|t:|1760358712
|switch|p2a: Sahara|Iron Valiant, shiny|96/100
|turn|19
|
|t:|1760358716
|-terastallize|p2a: Sahara|Fairy
|-terastallize|p1a: Ogerpon|Water
|detailschange|p1a: Ogerpon|Ogerpon-Wellspring-Tera, F, tera:Water
|-ability|p1a: Ogerpon|Embody Aspect (Wellspring)|boost
|-boost|p1a: Ogerpon|spd|1
|move|p2a: Sahara|Moonblast|p1a: Ogerpon
|-damage|p1a: Ogerpon|0 fnt
|faint|p1a: Ogerpon
|detailschange|p1: Ogerpon|Ogerpon-Wellspring, F|[silent]
|
|upkeep
|
|t:|1760358721
|switch|p1a: Cinderace|Cinderace, M|100/100
|turn|20
|
|t:|1760358723
|move|p1a: Cinderace|Pyro Ball|p2a: Sahara
|-damage|p2a: Sahara|19/100
|move|p2a: Sahara|Moonblast|p1a: Cinderace
|-resisted|p1a: Cinderace
|-damage|p1a: Cinderace|35/100
|
|upkeep
|turn|21
|
|t:|1760358729
|-end|p2a: Sahara|Quark Drive|[silent]
|switch|p2a: Leviathan|Dragapult, M, shiny|100/100
|move|p1a: Cinderace|Pyro Ball|p2a: Leviathan
|-resisted|p2a: Leviathan
|-damage|p2a: Leviathan|63/100
|
|upkeep
|turn|22
|
|t:|1760358732
|move|p1a: Cinderace|Sucker Punch|p2a: Leviathan
|-start|p1a: Cinderace|typechange|Dark|[from] ability: Libero
|-supereffective|p2a: Leviathan
|-damage|p2a: Leviathan|0 fnt
|faint|p2a: Leviathan
|
|upkeep
|
|t:|1760358735
|switch|p2a: Sahara|Iron Valiant, shiny, tera:Fairy|19/100
|turn|23
|
|t:|1760358738
|move|p2a: Sahara|Vacuum Wave|p1a: Cinderace
|-supereffective|p1a: Cinderace
|-damage|p1a: Cinderace|0 fnt
|faint|p1a: Cinderace
|
|upkeep
|
|t:|1760358741
|switch|p1a: Slowking|Slowking-Galar, M|100/100
|turn|24
|
|t:|1760358743
|-end|p2a: Sahara|Quark Drive|[silent]
|switch|p2a: Impaler|Excadrill, M, shiny|57/100
|-prepare|p1a: Slowking|Chilly Reception|[premajor]
|move|p1a: Slowking|Chilly Reception|p1a: Slowking
|-weather|Snowscape
|
|t:|1760358746
|switch|p1a: Corviknight|Corviknight, M|15/100|[from] Chilly Reception
|-ability|p1a: Corviknight|Pressure
|
|-weather|Snowscape|[upkeep]
|-heal|p2a: Impaler|63/100|[from] item: Leftovers
|upkeep
|turn|25
|
|t:|1760358749
|move|p2a: Impaler|Iron Head|p1a: Corviknight
|-resisted|p1a: Corviknight
|-damage|p1a: Corviknight|0 fnt
|-damage|p2a: Impaler|46/100|[from] item: Rocky Helmet|[of] p1a: Corviknight
|faint|p1a: Corviknight
|
|-weather|Snowscape|[upkeep]
|-heal|p2a: Impaler|53/100|[from] item: Leftovers
|upkeep
|
|t:|1760358752
|switch|p1a: Ting-Lu|Ting-Lu|33/100 slp
|-ability|p1a: Ting-Lu|Vessel of Ruin
|turn|26
|
|t:|1760358757
|move|p2a: Impaler|Earthquake|p1a: Ting-Lu
|-damage|p1a: Ting-Lu|0 fnt
|faint|p1a: Ting-Lu
|
|-weather|Snowscape|[upkeep]
|-heal|p2a: Impaler|59/100|[from] item: Leftovers
|upkeep
|
|t:|1760358760
|switch|p1a: Slowking|Slowking-Galar, M|100/100
|turn|27
|
|t:|1760358762
|move|p2a: Impaler|Earthquake|p1a: Slowking
|-supereffective|p1a: Slowking
|-damage|p1a: Slowking|11/100
|move|p1a: Slowking|Ice Beam|p2a: Impaler
|-damage|p2a: Impaler|31/100
|
|-weather|Snowscape|[upkeep]
|-heal|p2a: Impaler|37/100|[from] item: Leftovers
|upkeep
|turn|28
|
|t:|1760358765
|move|p2a: Impaler|Earthquake|p1a: Slowking
|-supereffective|p1a: Slowking
|-damage|p1a: Slowking|0 fnt
|faint|p1a: Slowking
|
|-weather|none
|-heal|p2a: Impaler|43/100|[from] item: Leftovers
|upkeep
|-message|NilsBoy forfeited.
|
|win|henry151th
|raw|NilsBoy's rating: 1711 &rarr; <strong>1688</strong><br />(-23 for losing)
|raw|henry151th's rating: 1657 &rarr; <strong>1680</strong><br />(+23 for winning)
|l|☆NilsBoy
|player|p1|
|l|☆henry151th
|player|p2|
