|j|☆damorush
|j|☆mandude476
|t:|1760339212
|gametype|singles
|player|p1|damorush|169|1555
|player|p2|mandude476|ghetsis|1570
|gen|9
|tier|[Gen 9] OU
|rated|
|rule|HP Percentage Mod: HP is shown in percentages
|rule|Endless Battle Clause: Forcing endless battles is banned
|rule|Species Clause: Limit one of each Pokémon
|rule|OHKO Clause: OHKO moves are banned
|rule|Evasion Items Clause: Evasion items are banned
|rule|Evasion Moves Clause: Evasion moves are banned
|rule|Evasion Abilities Clause: Evasion abilities are banned
|rule|Sleep Moves Clause: Sleep-inducing moves are banned
|clearpoke
|poke|p1|Iron Crown|
|poke|p1|Samurott-Hisui, M|
|poke|p1|Zapdos|
|poke|p1|Dragapult, M|
|poke|p1|Great Tusk|
|poke|p1|Iron Boulder|
|poke|p2|Corviknight, M|
|poke|p2|Landorus-Therian, M|
|poke|p2|Gholdengo|
|poke|p2|Arcanine-Hisui, F|
|poke|p2|Samurott-Hisui, F|
|poke|p2|Slowking-Galar, M|
|teampreview
|
|t:|1760339235
|teamsize|p1|6
|teamsize|p2|6
|start
|switch|p1a: Mindreader|Iron Crown|100/100
|switch|p2a: Samurott|Samurott-Hisui, F|100/100
|turn|1
|
|t:|1760339238
|-terastallize|p2a: Samurott|Dark
|move|p2a: Samurott|Ceaseless Edge|p1a: Mindreader
|-supereffective|p1a: Mindreader
|-damage|p1a: Mindreader|0 fnt
|-sidestart|p1: damorush|Spikes
|faint|p1a: Mindreader
|-end|p1a: Mindreader|Quark Drive|[silent]
|
|upkeep
|
|t:|1760339244
|switch|p1a: Pump It|Great Tusk|100/100
|turn|2
|
|t:|1760339250
|switch|p2a: Gholdengo|Gholdengo|100/100
|move|p1a: Pump It|Stealth Rock|p2a: Gholdengo
|-sidestart|p2: mandude476|move: Stealth Rock
|
|upkeep
|turn|3
|
|t:|1760339254
|move|p2a: Gholdengo|Make It Rain|p1a: Pump It
|-damage|p1a: Pump It|0 fnt
|-unboost|p2a: Gholdengo|spa|1
|faint|p1a: Pump It
|-end|p1a: Pump It|Protosynthesis|[silent]
|
|upkeep
|
|t:|1760339262
|switch|p1a: Everytime We Touch|Samurott-Hisui, M|100/100
|-damage|p1a: Everytime We Touch|88/100|[from] Spikes
|turn|4
|
|t:|1760339266
|switch|p2a: Corviknight|Corviknight, M|100/100
|-damage|p2a: Corviknight|88/100|[from] Stealth Rock
|-ability|p2a: Corviknight|Pressure
|move|p1a: Everytime We Touch|Flip Turn|p2a: Corviknight
|-damage|p2a: Corviknight|69/100
|-damage|p1a: Everytime We Touch|72/100|[from] item: Rocky Helmet|[of] p2a: Corviknight
|
|t:|1760339270
|switch|p1a: Hurikan|Zapdos|100/100|[from] Flip Turn
|
|upkeep
|turn|5
|
|t:|1760339273
|switch|p2a: Landorus|Landorus-Therian, M|100/100
|-damage|p2a: Landorus|88/100|[from] Stealth Rock
|-ability|p2a: Landorus|Intimidate|boost
|-unboost|p1a: Hurikan|atk|1
|move|p1a: Hurikan|Discharge|p2a: Landorus
|-immune|p2a: Landorus
|
|-heal|p2a: Landorus|94/100|[from] item: Leftovers
|upkeep
|turn|6
|
|t:|1760339280
|move|p2a: Landorus|Stealth Rock|p1a: Hurikan
|-sidestart|p1: damorush|move: Stealth Rock
|move|p1a: Hurikan|U-turn|p2a: Landorus
|-resisted|p2a: Landorus
|-damage|p2a: Landorus|90/100
|
|t:|1760339285
|switch|p1a: Everytime We Touch|Samurott-Hisui, M|72/100|[from] U-turn
|-damage|p1a: Everytime We Touch|59/100|[from] Spikes
|-damage|p1a: Everytime We Touch|47/100|[from] Stealth Rock
|
|-heal|p2a: Landorus|96/100|[from] item: Leftovers
|upkeep
|turn|7
|
|t:|1760339289
|move|p1a: Everytime We Touch|Flip Turn|p2a: Landorus
|-supereffective|p2a: Landorus
|-damage|p2a: Landorus|47/100
|
|t:|1760339292
|switch|p1a: Hurikan|Zapdos|100/100|[from] Flip Turn
|move|p2a: Landorus|U-turn|p1a: Hurikan
|-resisted|p1a: Hurikan
|-damage|p1a: Hurikan|92/100
|
|t:|1760339308
|switch|p2a: Arcanine|Arcanine-Hisui, F|100/100|[from] U-turn
|-damage|p2a: Arcanine|76/100|[from] Stealth Rock
|
|upkeep
|turn|8
|
|t:|1760339314
|switch|p1a: Everytime We Touch|Samurott-Hisui, M|47/100
|-damage|p1a: Everytime We Touch|34/100|[from] Spikes
|-damage|p1a: Everytime We Touch|22/100|[from] Stealth Rock
|move|p2a: Arcanine|Head Smash|p1a: Everytime We Touch
|-damage|p1a: Everytime We Touch|0 fnt
|faint|p1a: Everytime We Touch
|
|upkeep
|
|t:|1760339322
|switch|p1a: Parasite|Dragapult, M|100/100
|-damage|p1a: Parasite|88/100|[from] Spikes
|-damage|p1a: Parasite|76/100|[from] Stealth Rock
|turn|9
|
|t:|1760339329
|switch|p2a: Landorus|Landorus-Therian, M|47/100
|-damage|p2a: Landorus|35/100|[from] Stealth Rock
|-ability|p2a: Landorus|Intimidate|boost
|-fail|p1a: Parasite|unboost|[from] ability: Clear Body|[of] p1a: Parasite
|-terastallize|p1a: Parasite|Ghost
|move|p1a: Parasite|Tera Blast|p2a: Landorus|[anim] Tera Blast Ghost
|-damage|p2a: Landorus|0 fnt
|faint|p2a: Landorus
|
|upkeep
|
|t:|1760339332
|switch|p2a: Samurott|Samurott-Hisui, F, tera:Dark|100/100
|-damage|p2a: Samurott|88/100|[from] Stealth Rock
|turn|10
|
|t:|1760339336
|switch|p1a: Hurikan|Zapdos|92/100
|move|p2a: Samurott|Ceaseless Edge|p1a: Hurikan
|-damage|p1a: Hurikan|51/100
|-sidestart|p1: damorush|Spikes
|
|upkeep
|turn|11
|
|t:|1760339345
|switch|p2a: Slowking|Slowking-Galar, M|100/100
|move|p1a: Hurikan|U-turn|p2a: Slowking
|-damage|p2a: Slowking|87/100
|
|t:|1760339350
|switch|p1a: Revery|Iron Boulder|100/100|[from] U-turn
|-damage|p1a: Revery|84/100|[from] Spikes
|-damage|p1a: Revery|72/100|[from] Stealth Rock
|-enditem|p1a: Revery|Booster Energy
|-activate|p1a: Revery|ability: Quark Drive|[fromitem]
|-start|p1a: Revery|quarkdrivespe
|
|upkeep
|turn|12
|
|t:|1760339356
|move|p1a: Revery|Swords Dance|p1a: Revery
|-boost|p1a: Revery|atk|2
|move|p2a: Slowking|Thunder Wave|p1a: Revery|[miss]
|-miss|p2a: Slowking|p1a: Revery
|
|upkeep
|turn|13
|
|t:|1760339361
|switch|p2a: Corviknight|Corviknight, M|69/100
|-damage|p2a: Corviknight|56/100|[from] Stealth Rock
|-ability|p2a: Corviknight|Pressure
|move|p1a: Revery|Mighty Cleave|p2a: Corviknight
|-damage|p2a: Corviknight|0 fnt
|-damage|p1a: Revery|55/100|[from] item: Rocky Helmet|[of] p2a: Corviknight
|faint|p2a: Corviknight
|
|upkeep
|
|t:|1760339366
|switch|p2a: Slowking|Slowking-Galar, M|100/100
|turn|14
|
|t:|1760339372
|move|p1a: Revery|Mighty Cleave|p2a: Slowking
|-crit|p2a: Slowking
|-damage|p2a: Slowking|0 fnt
|faint|p2a: Slowking
|
|upkeep
|
|t:|1760339376
|switch|p2a: Gholdengo|Gholdengo|100/100
|-damage|p2a: Gholdengo|94/100|[from] Stealth Rock
|turn|15
|
|t:|1760339383
|move|p1a: Revery|Zen Headbutt|p2a: Gholdengo|[miss]
|-miss|p1a: Revery|p2a: Gholdengo
|move|p2a: Gholdengo|Make It Rain|p1a: Revery
|-supereffective|p1a: Revery
|-damage|p1a: Revery|0 fnt
|-unboost|p2a: Gholdengo|spa|1
|faint|p1a: Revery
|-end|p1a: Revery|Quark Drive|[silent]
|
|upkeep
|
|t:|1760339386
|switch|p1a: Parasite|Dragapult, M, tera:Ghost|76/100
|-damage|p1a: Parasite|59/100|[from] Spikes
|-damage|p1a: Parasite|47/100|[from] Stealth Rock
|turn|16
|
|t:|1760339390
|move|p2a: Gholdengo|Make It Rain|p1a: Parasite
|-damage|p1a: Parasite|0 fnt
|-unboost|p2a: Gholdengo|spa|1
|faint|p1a: Parasite
|
|upkeep
|-message|damorush forfeited.
|
|win|mandude476
|raw|damorush's rating: 1555 &rarr; <strong>1536</strong><br />(-19 for losing)
|raw|mandude476's rating: 1570 &rarr; <strong>1589</strong><br />(+19 for winning)
|l|☆damorush
|player|p1|
|l|☆mandude476
|player|p2|
