|badge|p2|silver|gen9doublesou|30-7
|badge|p2|bronze|gen9ru|100-7
|uhtml|medal-msg|<div class="broadcast-blue">Curious what those medals under the avatar are? PS now has Ladder Seasons! For more information, check out the <a href="https://www.smogon.com/forums/threads/3740067/">thread on Smogon.</a></div>
|j|☆michaelgoalise
|j|☆3idk
|t:|1760431673
|gametype|singles
|player|p1|michaelgoalise|169|1713
|player|p2|3idk|cynthia-masters|1702
|gen|9
|tier|[Gen 9] OU
|rated|
|rule|HP Percentage Mod: HP is shown in percentages
|rule|Endless Battle Clause: Forcing endless battles is banned
|rule|Species Clause: Limit one of each Pokémon
|rule|OHKO Clause: OHKO moves are banned
|rule|Evasion Items Clause: Evasion items are banned
|rule|Evasion Moves Clause: Evasion moves are banned
|rule|Evasion Abilities Clause: Evasion abilities are banned
|rule|Sleep Moves Clause: Sleep-inducing moves are banned
|clearpoke
|poke|p1|Iron Thorns|
|poke|p1|Pecharunt|
|poke|p1|Samurott-Hisui, M|
|poke|p1|Hatterene, F|
|poke|p1|Enamorus, F|
|poke|p1|Great Tusk|
|poke|p2|Pelipper, M|
|poke|p2|Tornadus-Therian, M|
|poke|p2|Iron Treads|
|poke|p2|Decidueye-Hisui, M|
|poke|p2|Barraskewda, F|
|poke|p2|Raging Bolt|
|teampreview
|inactive|Battle timer is ON: inactive players will automatically lose when time's up. (requested by michaelgoalise)
|inactive|3idk also wants the timer to be on.
|j| wgw2333
|inactive|michaelgoalise has 120 seconds left.
|inactive|michaelgoalise has 90 seconds left.
|inactive|michaelgoalise has 60 seconds left.
|
|t:|1760431780
|teamsize|p1|6
|teamsize|p2|6
|start
|switch|p1a: Samurott|Samurott-Hisui, M|100/100
|switch|p2a: Tornadus|Tornadus-Therian, M|100/100
|turn|1
|j| Nameless Moron
|inactive|3idk has 120 seconds left.
|
|t:|1760431823
|switch|p1a: Iron Thorns|Iron Thorns|100/100
|-enditem|p1a: Iron Thorns|Booster Energy
|-activate|p1a: Iron Thorns|ability: Quark Drive|[fromitem]
|-start|p1a: Iron Thorns|quarkdriveatk
|move|p2a: Tornadus|U-turn|p1a: Iron Thorns
|-damage|p1a: Iron Thorns|86/100
|
|t:|1760431831
|switch|p2a: Barraskewda|Barraskewda, F|100/100|[from] U-turn
|
|upkeep
|turn|2
|inactive|michaelgoalise has 90 seconds left.
|
|t:|1760431857
|-end|p1a: Iron Thorns|Quark Drive|[silent]
|switch|p1a: Pecharunt|Pecharunt|100/100
|move|p2a: Barraskewda|Flip Turn|p1a: Pecharunt
|-crit|p1a: Pecharunt
|-damage|p1a: Pecharunt|53/100
|-damage|p2a: Barraskewda|91/100|[from] item: Life Orb
|
|t:|1760431863
|switch|p2a: Pelipper|Pelipper, M|100/100|[from] Flip Turn
|-weather|RainDance|[from] ability: Drizzle|[of] p2a: Pelipper
|
|-weather|RainDance|[upkeep]
|upkeep
|turn|3
|inactive|michaelgoalise has 90 seconds left.
|
|t:|1760431878
|move|p1a: Pecharunt|Malignant Chain|p2a: Pelipper
|-damage|p2a: Pelipper|45/100
|-status|p2a: Pelipper|tox
|-start|p2a: Pelipper|confusion|[from] ability: Poison Puppeteer|[of] p1a: Pecharunt
|-activate|p2a: Pelipper|confusion
|-damage|p2a: Pelipper|40/100 tox|[from] confusion
|
|-weather|RainDance|[upkeep]
|-damage|p2a: Pelipper|34/100 tox|[from] psn
|upkeep
|turn|4
|inactive|michaelgoalise has 90 seconds left.
|
|t:|1760431891
|switch|p2a: Tornadus|Tornadus-Therian, M|100/100
|move|p1a: Pecharunt|Hex|p2a: Tornadus
|-damage|p2a: Tornadus|66/100
|
|-weather|RainDance|[upkeep]
|upkeep
|turn|5
|inactive|michaelgoalise has 90 seconds left.
|
|t:|1760431899
|switch|p1a: Iron Thorns|Iron Thorns|86/100
|move|p2a: Tornadus|Weather Ball|p1a: Iron Thorns
|-supereffective|p1a: Iron Thorns
|-damage|p1a: Iron Thorns|0 fnt
|faint|p1a: Iron Thorns
|-end|p1a: Iron Thorns|Quark Drive|[silent]
|
|-weather|RainDance|[upkeep]
|upkeep
|inactive|michaelgoalise has 90 seconds left.
|
|t:|1760431912
|switch|p1a: Hatterene|Hatterene, F|100/100
|turn|6
|inactive|michaelgoalise has 90 seconds left.
|
|t:|1760431929
|switch|p2a: Iron Treads|Iron Treads|100/100
|move|p1a: Hatterene|Psychic Noise|p2a: Iron Treads
|-resisted|p2a: Iron Treads
|-damage|p2a: Iron Treads|88/100
|-start|p2a: Iron Treads|move: Heal Block
|
|-weather|RainDance|[upkeep]
|upkeep
|turn|7
|inactive|michaelgoalise has 60 seconds left.
|
|t:|1760431959
|switch|p1a: Samurott|Samurott-Hisui, M|100/100
|move|p2a: Iron Treads|Knock Off|p1a: Samurott
|-resisted|p1a: Samurott
|-damage|p1a: Samurott|84/100
|-enditem|p1a: Samurott|Focus Sash|[from] move: Knock Off|[of] p2a: Iron Treads
|
|-weather|RainDance|[upkeep]
|-end|p2a: Iron Treads|move: Heal Block
|upkeep
|turn|8
|inactive|michaelgoalise has 60 seconds left.
|
|t:|1760431973
|-end|p2a: Iron Treads|Quark Drive|[silent]
|switch|p2a: Decidueye|Decidueye-Hisui, M|100/100
|move|p1a: Samurott|Knock Off|p2a: Decidueye
|-resisted|p2a: Decidueye
|-damage|p2a: Decidueye|84/100
|-damage|p1a: Samurott|67/100|[from] item: Rocky Helmet|[of] p2a: Decidueye
|-enditem|p2a: Decidueye|Rocky Helmet|[from] move: Knock Off|[of] p1a: Samurott
|
|-weather|RainDance|[upkeep]
|upkeep
|turn|9
|
|t:|1760431979
|switch|p1a: Pecharunt|Pecharunt|53/100
|move|p2a: Decidueye|U-turn|p1a: Pecharunt
|-resisted|p1a: Pecharunt
|-damage|p1a: Pecharunt|50/100
|
|t:|1760431984
|switch|p2a: Tornadus|Tornadus-Therian, M|99/100|[from] U-turn
|
|-weather|none
|upkeep
|turn|10
|
|t:|1760431990
|switch|p1a: Hatterene|Hatterene, F|100/100
|move|p2a: Tornadus|Hurricane|p1a: Hatterene|[miss]
|-miss|p2a: Tornadus|p1a: Hatterene
|
|upkeep
|turn|11
|
|t:|1760432002
|switch|p2a: Iron Treads|Iron Treads|88/100
|move|p1a: Hatterene|Nuzzle|p2a: Iron Treads
|-immune|p2a: Iron Treads
|
|-heal|p2a: Iron Treads|94/100|[from] item: Leftovers
|upkeep
|turn|12
|
|t:|1760432014
|-end|p2a: Iron Treads|Quark Drive|[silent]
|switch|p2a: Tornadus|Tornadus-Therian, M|100/100
|switch|p1a: Samurott|Samurott-Hisui, M|67/100
|
|upkeep
|turn|13
|
|t:|1760432021
|move|p2a: Tornadus|U-turn|p1a: Samurott
|-supereffective|p1a: Samurott
|-damage|p1a: Samurott|27/100
|
|t:|1760432026
|switch|p2a: Decidueye|Decidueye-Hisui, M|84/100|[from] U-turn
|move|p1a: Samurott|Ceaseless Edge|p2a: Decidueye
|-resisted|p2a: Decidueye
|-damage|p2a: Decidueye|68/100
|-sidestart|p2: 3idk|Spikes
|
|upkeep
|turn|14
|
|t:|1760432034
|switch|p1a: Pecharunt|Pecharunt|50/100
|move|p2a: Decidueye|U-turn|p1a: Pecharunt
|-resisted|p1a: Pecharunt
|-damage|p1a: Pecharunt|47/100
|
|t:|1760432038
|switch|p2a: Tornadus|Tornadus-Therian, M|100/100|[from] U-turn
|
|upkeep
|turn|15
|
|t:|1760432045
|switch|p1a: Hatterene|Hatterene, F|100/100
|move|p2a: Tornadus|Hurricane|p1a: Hatterene
|-damage|p1a: Hatterene|44/100
|-start|p1a: Hatterene|confusion
|
|upkeep
|turn|16
|
|t:|1760432055
|move|p2a: Tornadus|Hurricane|p1a: Hatterene
|-damage|p1a: Hatterene|0 fnt
|faint|p1a: Hatterene
|
|upkeep
|
|t:|1760432058
|switch|p1a: Enamorus|Enamorus, F|100/100
|turn|17
|
|t:|1760432069
|switch|p2a: Iron Treads|Iron Treads|94/100
|-damage|p2a: Iron Treads|82/100|[from] Spikes
|move|p1a: Enamorus|Moonblast|p2a: Iron Treads
|-resisted|p2a: Iron Treads
|-damage|p2a: Iron Treads|62/100
|-unboost|p2a: Iron Treads|spa|1
|
|-heal|p2a: Iron Treads|68/100|[from] item: Leftovers
|upkeep
|turn|18
|
|t:|1760432078
|switch|p1a: Pecharunt|Pecharunt|47/100
|-end|p2a: Iron Treads|Quark Drive|[silent]
|switch|p2a: Tornadus|Tornadus-Therian, M|100/100
|
|upkeep
|turn|19
|c| Nameless Moron|my head starting to hurt
|inactive|michaelgoalise has 120 seconds left.
|
|t:|1760432093
|move|p2a: Tornadus|Hurricane|p1a: Pecharunt
|-damage|p1a: Pecharunt|0 fnt
|faint|p1a: Pecharunt
|
|upkeep
|
|t:|1760432098
|switch|p1a: Enamorus|Enamorus, F|100/100
|turn|20
|inactive|michaelgoalise has 120 seconds left.
|
|t:|1760432108
|switch|p2a: Pelipper|Pelipper, M|34/100 tox
|-weather|RainDance|[from] ability: Drizzle|[of] p2a: Pelipper
|move|p1a: Enamorus|Moonblast|p2a: Pelipper
|-damage|p2a: Pelipper|0 fnt
|faint|p2a: Pelipper
|
|-weather|RainDance|[upkeep]
|upkeep
|
|t:|1760432117
|switch|p2a: Tornadus|Tornadus-Therian, M|100/100
|turn|21
|
|t:|1760432130
|move|p1a: Enamorus|Moonblast|p2a: Tornadus
|-damage|p2a: Tornadus|34/100
|move|p2a: Tornadus|Hurricane|p1a: Enamorus
|-damage|p1a: Enamorus|1/100
|-start|p1a: Enamorus|confusion
|
|-weather|RainDance|[upkeep]
|upkeep
|turn|22
|
|t:|1760432136
|switch|p2a: Iron Treads|Iron Treads|68/100
|-damage|p2a: Iron Treads|55/100|[from] Spikes
|-activate|p1a: Enamorus|confusion
|-damage|p1a: Enamorus|0 fnt|[from] confusion
|faint|p1a: Enamorus
|
|-weather|RainDance|[upkeep]
|-heal|p2a: Iron Treads|61/100|[from] item: Leftovers
|upkeep
|
|t:|1760432143
|switch|p1a: Great Tusk|Great Tusk|100/100
|-enditem|p1a: Great Tusk|Booster Energy
|-activate|p1a: Great Tusk|ability: Protosynthesis|[fromitem]
|-start|p1a: Great Tusk|protosynthesisspe
|turn|23
|inactive|michaelgoalise has 120 seconds left.
|
|t:|1760432166
|-terastallize|p2a: Iron Treads|Ghost
|move|p1a: Great Tusk|Bulk Up|p1a: Great Tusk
|-boost|p1a: Great Tusk|atk|1
|-boost|p1a: Great Tusk|def|1
|move|p2a: Iron Treads|Rapid Spin|p1a: Great Tusk
|-damage|p1a: Great Tusk|95/100
|-boost|p2a: Iron Treads|spe|1
|-sideend|p2: 3idk|Spikes|[from] move: Rapid Spin|[of] p2a: Iron Treads
|
|-weather|RainDance|[upkeep]
|-heal|p2a: Iron Treads|67/100|[from] item: Leftovers
|upkeep
|turn|24
|inactive|michaelgoalise has 120 seconds left.
|
|t:|1760432179
|-end|p2a: Iron Treads|Quark Drive|[silent]
|switch|p2a: Decidueye|Decidueye-Hisui, M|68/100
|move|p1a: Great Tusk|Bulk Up|p1a: Great Tusk
|-boost|p1a: Great Tusk|atk|1
|-boost|p1a: Great Tusk|def|1
|
|-weather|RainDance|[upkeep]
|upkeep
|turn|25
|inactive|michaelgoalise has 120 seconds left.
|inactive|michaelgoalise has 90 seconds left.
|l| Nameless Moron
|
|t:|1760432235
|move|p1a: Great Tusk|Ice Spinner|p2a: Decidueye
|-supereffective|p2a: Decidueye
|-damage|p2a: Decidueye|0 fnt
|faint|p2a: Decidueye
|
|-weather|RainDance|[upkeep]
|upkeep
|
|t:|1760432240
|switch|p2a: Barraskewda|Barraskewda, F|91/100
|turn|26
|inactive|michaelgoalise has 60 seconds left.
|
|t:|1760432296
|move|p2a: Barraskewda|Flip Turn|p1a: Great Tusk
|-supereffective|p1a: Great Tusk
|-damage|p1a: Great Tusk|55/100
|-damage|p2a: Barraskewda|81/100|[from] item: Life Orb
|
|t:|1760432302
|switch|p2a: Raging Bolt|Raging Bolt|100/100|[from] Flip Turn
|-enditem|p2a: Raging Bolt|Booster Energy
|-activate|p2a: Raging Bolt|ability: Protosynthesis|[fromitem]
|-start|p2a: Raging Bolt|protosynthesisspa
|move|p1a: Great Tusk|Headlong Rush|p2a: Raging Bolt
|-supereffective|p2a: Raging Bolt
|-damage|p2a: Raging Bolt|0 fnt
|-unboost|p1a: Great Tusk|def|1
|-unboost|p1a: Great Tusk|spd|1
|faint|p2a: Raging Bolt
|-end|p2a: Raging Bolt|Protosynthesis|[silent]
|
|-weather|RainDance|[upkeep]
|upkeep
|
|t:|1760432305
|switch|p2a: Barraskewda|Barraskewda, F|81/100
|turn|27
|
|t:|1760432326
|-terastallize|p1a: Great Tusk|Ice
|move|p2a: Barraskewda|Flip Turn|p1a: Great Tusk
|-damage|p1a: Great Tusk|28/100
|-damage|p2a: Barraskewda|71/100|[from] item: Life Orb
|
|t:|1760432332
|switch|p2a: Iron Treads|Iron Treads, tera:Ghost|67/100|[from] Flip Turn
|move|p1a: Great Tusk|Headlong Rush|p2a: Iron Treads
|-damage|p2a: Iron Treads|0 fnt
|-unboost|p1a: Great Tusk|def|1
|-unboost|p1a: Great Tusk|spd|1
|faint|p2a: Iron Treads
|-end|p2a: Iron Treads|Quark Drive|[silent]
|
|-weather|none
|upkeep
|
|t:|1760432336
|switch|p2a: Barraskewda|Barraskewda, F|71/100
|turn|28
|
|t:|1760432344
|move|p2a: Barraskewda|Aqua Jet|p1a: Great Tusk
|-damage|p1a: Great Tusk|10/100
|-damage|p2a: Barraskewda|61/100|[from] item: Life Orb
|move|p1a: Great Tusk|Headlong Rush|p2a: Barraskewda
|-damage|p2a: Barraskewda|0 fnt
|-unboost|p1a: Great Tusk|def|1
|-unboost|p1a: Great Tusk|spd|1
|faint|p2a: Barraskewda
|
|upkeep
|
|t:|1760432349
|switch|p2a: Tornadus|Tornadus-Therian, M|67/100
|turn|29
|
|t:|1760432353
|move|p1a: Great Tusk|Ice Spinner|p2a: Tornadus
|-supereffective|p2a: Tornadus
|-damage|p2a: Tornadus|0 fnt
|faint|p2a: Tornadus
|
|win|michaelgoalise
|raw|michaelgoalise's rating: 1713 &rarr; <strong>1732</strong><br />(+19 for winning)
|raw|3idk's rating: 1702 &rarr; <strong>1683</strong><br />(-19 for losing)
|l|☆3idk
|player|p2|
|l|☆michaelgoalise
|player|p1|
