|j|☆Exiowf
|j|☆Sp3ctr4
|t:|1760432246
|gametype|singles
|player|p1|Exiowf|dawn|1229
|player|p2|Sp3ctr4|benga|1221
|gen|9
|tier|[Gen 9] OU
|rated|
|rule|HP Percentage Mod: HP is shown in percentages
|rule|Endless Battle Clause: Forcing endless battles is banned
|rule|Species Clause: Limit one of each Pokémon
|rule|OHKO Clause: OHKO moves are banned
|rule|Evasion Items Clause: Evasion items are banned
|rule|Evasion Moves Clause: Evasion moves are banned
|rule|Evasion Abilities Clause: Evasion abilities are banned
|rule|Sleep Moves Clause: Sleep-inducing moves are banned
|clearpoke
|poke|p1|Glaceon, F|
|poke|p1|Slowking-Galar, F|
|poke|p1|Primarina, F|
|poke|p1|Corviknight, F|
|poke|p1|Ceruledge, F|
|poke|p1|Great Tusk|
|poke|p2|Ceruledge, M|
|poke|p2|Zamazenta-*|
|poke|p2|Quaquaval, M|
|poke|p2|Garchomp, M|
|poke|p2|Iron Moth|
|poke|p2|Iron Crown|
|teampreview
|inactive|Battle timer is ON: inactive players will automatically lose when time's up. (requested by Sp3ctr4)
|inactive|Exiowf also wants the timer to be on.
|
|t:|1760432254
|teamsize|p1|6
|teamsize|p2|6
|start
|switch|p1a: Glaceon|Glaceon, F, shiny|100/100
|switch|p2a: Garchomp|Garchomp, M|100/100
|turn|1
|
|t:|1760432263
|-terastallize|p2a: Garchomp|Ghost
|move|p2a: Garchomp|Stealth Rock|p1a: Glaceon
|-sidestart|p1: Exiowf|move: Stealth Rock
|move|p1a: Glaceon|Freeze-Dry|p2a: Garchomp
|-damage|p2a: Garchomp|58/100
|
|upkeep
|turn|2
|
|t:|1760432270
|switch|p1a: Great Tusk|Great Tusk|100/100
|-damage|p1a: Great Tusk|97/100|[from] Stealth Rock
|move|p2a: Garchomp|Dragon Tail|p1a: Great Tusk
|-damage|p1a: Great Tusk|79/100
|-end|p1a: Great Tusk|Protosynthesis|[silent]
|drag|p1a: Corviknight|Corviknight, F|100/100
|-damage|p1a: Corviknight|88/100|[from] Stealth Rock
|-ability|p1a: Corviknight|Pressure
|
|upkeep
|turn|3
|
|t:|1760432280
|move|p1a: Corviknight|Defog|p2a: Garchomp
|-unboost|p2a: Garchomp|evasion|1
|-sideend|p1: Exiowf|Stealth Rock|[from] move: Defog|[of] p1a: Corviknight
|move|p2a: Garchomp|Dragon Tail|p1a: Corviknight
|-resisted|p1a: Corviknight
|-damage|p1a: Corviknight|80/100
|-damage|p2a: Garchomp|42/100|[from] item: Rocky Helmet|[of] p1a: Corviknight
|drag|p1a: Primarina|Primarina, F|100/100
|
|upkeep
|turn|4
|
|t:|1760432302
|move|p2a: Garchomp|Stealth Rock|p1a: Primarina
|-sidestart|p1: Exiowf|move: Stealth Rock
|move|p1a: Primarina|Sparkling Aria|p2a: Garchomp
|-damage|p2a: Garchomp|0 fnt
|faint|p2a: Garchomp
|
|upkeep
|
|t:|1760432310
|switch|p2a: Iron Crown|Iron Crown|100/100
|turn|5
|
|t:|1760432314
|move|p2a: Iron Crown|Volt Switch|p1a: Primarina
|-supereffective|p1a: Primarina
|-damage|p1a: Primarina|60/100
|
|t:|1760432319
|-end|p2a: Iron Crown|Quark Drive|[silent]
|switch|p2a: Zamazenta|Zamazenta|100/100|[from] Volt Switch
|-ability|p2a: Zamazenta|Dauntless Shield|boost
|-boost|p2a: Zamazenta|def|1
|move|p1a: Primarina|Flip Turn|p2a: Zamazenta
|-damage|p2a: Zamazenta|94/100
|
|t:|1760432323
|switch|p1a: Corviknight|Corviknight, F|80/100|[from] Flip Turn
|-damage|p1a: Corviknight|67/100|[from] Stealth Rock
|-ability|p1a: Corviknight|Pressure
|
|-heal|p2a: Zamazenta|99/100|[from] item: Leftovers
|upkeep
|turn|6
|
|t:|1760432331
|move|p1a: Corviknight|Defog|p2a: Zamazenta
|-unboost|p2a: Zamazenta|evasion|1
|-sideend|p1: Exiowf|Stealth Rock|[from] move: Defog|[of] p1a: Corviknight
|move|p2a: Zamazenta|Roar|p1a: Corviknight
|drag|p1a: Great Tusk|Great Tusk|79/100
|
|-heal|p2a: Zamazenta|100/100|[from] item: Leftovers
|-heal|p1a: Great Tusk|85/100|[from] item: Leftovers
|upkeep
|turn|7
|
|t:|1760432360
|move|p2a: Zamazenta|Iron Defense|p2a: Zamazenta
|-boost|p2a: Zamazenta|def|2
|move|p1a: Great Tusk|Stealth Rock|p2a: Zamazenta
|-sidestart|p2: Sp3ctr4|move: Stealth Rock
|
|-heal|p1a: Great Tusk|91/100|[from] item: Leftovers
|upkeep
|turn|8
|
|t:|1760432366
|move|p2a: Zamazenta|Body Press|p1a: Great Tusk
|-damage|p1a: Great Tusk|38/100
|move|p1a: Great Tusk|Knock Off|p2a: Zamazenta
|-resisted|p2a: Zamazenta
|-damage|p2a: Zamazenta|95/100
|-enditem|p2a: Zamazenta|Leftovers|[from] move: Knock Off|[of] p1a: Great Tusk
|
|-heal|p1a: Great Tusk|44/100|[from] item: Leftovers
|upkeep
|turn|9
|
|t:|1760432375
|-end|p1a: Great Tusk|Protosynthesis|[silent]
|switch|p1a: Corviknight|Corviknight, F|67/100
|-ability|p1a: Corviknight|Pressure
|move|p2a: Zamazenta|Trailblaze|p1a: Corviknight
|-resisted|p1a: Corviknight
|-damage|p1a: Corviknight|65/100
|-boost|p2a: Zamazenta|spe|1
|-damage|p2a: Zamazenta|79/100|[from] item: Rocky Helmet|[of] p1a: Corviknight
|
|upkeep
|turn|10
|
|t:|1760432385
|move|p1a: Corviknight|Roost|p1a: Corviknight
|-heal|p1a: Corviknight|100/100
|-singleturn|p1a: Corviknight|move: Roost
|move|p2a: Zamazenta|Roar|p1a: Corviknight
|drag|p1a: Primarina|Primarina, F|60/100
|
|upkeep
|turn|11
|
|t:|1760432388
|move|p2a: Zamazenta|Body Press|p1a: Primarina
|-resisted|p1a: Primarina
|-damage|p1a: Primarina|14/100
|move|p1a: Primarina|Alluring Voice|p2a: Zamazenta
|-supereffective|p2a: Zamazenta
|-damage|p2a: Zamazenta|3/100
|
|upkeep
|turn|12
|
|t:|1760432396
|move|p2a: Zamazenta|Trailblaze|p1a: Primarina
|-supereffective|p1a: Primarina
|-damage|p1a: Primarina|0 fnt
|-boost|p2a: Zamazenta|spe|1
|faint|p1a: Primarina
|
|upkeep
|
|t:|1760432398
|switch|p1a: Corviknight|Corviknight, F|100/100
|-ability|p1a: Corviknight|Pressure
|turn|13
|
|t:|1760432401
|move|p1a: Corviknight|U-turn|p2a: Zamazenta
|-resisted|p2a: Zamazenta
|-damage|p2a: Zamazenta|0 fnt
|faint|p2a: Zamazenta
|
|t:|1760432406
|switch|p1a: Slowking|Slowking-Galar, F|100/100|[from] U-turn
|
|upkeep
|
|t:|1760432412
|switch|p2a: Iron Crown|Iron Crown|100/100
|-damage|p2a: Iron Crown|94/100|[from] Stealth Rock
|turn|14
|
|t:|1760432418
|move|p2a: Iron Crown|Tachyon Cutter|p1a: Slowking
|-damage|p1a: Slowking|72/100
|-damage|p1a: Slowking|44/100
|-hitcount|p1a: Slowking|2
|move|p1a: Slowking|Future Sight|p2a: Iron Crown
|-start|p1a: Slowking|move: Future Sight
|
|upkeep
|turn|15
|
|t:|1760432425
|switch|p1a: Corviknight|Corviknight, F|100/100
|-ability|p1a: Corviknight|Pressure
|move|p2a: Iron Crown|Tachyon Cutter|p1a: Corviknight
|-resisted|p1a: Corviknight
|-damage|p1a: Corviknight|82/100
|-resisted|p1a: Corviknight
|-damage|p1a: Corviknight|63/100
|-hitcount|p1a: Corviknight|2
|
|upkeep
|turn|16
|
|t:|1760432433
|move|p2a: Iron Crown|Tachyon Cutter|p1a: Corviknight
|-resisted|p1a: Corviknight
|-damage|p1a: Corviknight|45/100
|-resisted|p1a: Corviknight
|-damage|p1a: Corviknight|26/100
|-hitcount|p1a: Corviknight|2
|move|p1a: Corviknight|U-turn|p2a: Iron Crown
|-damage|p2a: Iron Crown|79/100
|
|t:|1760432436
|switch|p1a: Ceruledge|Ceruledge, F|100/100|[from] U-turn
|
|-end|p2a: Iron Crown|move: Future Sight
|-resisted|p2a: Iron Crown
|-damage|p2a: Iron Crown|67/100
|upkeep
|turn|17
|
|t:|1760432444
|move|p2a: Iron Crown|Tachyon Cutter|p1a: Ceruledge
|-resisted|p1a: Ceruledge
|-damage|p1a: Ceruledge|79/100
|-resisted|p1a: Ceruledge
|-damage|p1a: Ceruledge|58/100
|-hitcount|p1a: Ceruledge|2
|move|p1a: Ceruledge|Bitter Blade|p2a: Iron Crown
|-supereffective|p2a: Iron Crown
|-damage|p2a: Iron Crown|0 fnt
|-heal|p1a: Ceruledge|95/100|[from] drain|[of] p2a: Iron Crown
|faint|p2a: Iron Crown
|-end|p2a: Iron Crown|Quark Drive|[silent]
|
|upkeep
|
|t:|1760432455
|switch|p2a: Quaquaval|Quaquaval, M|100/100
|turn|18
|
|t:|1760432459
|switch|p1a: Corviknight|Corviknight, F|26/100
|-ability|p1a: Corviknight|Pressure
|move|p2a: Quaquaval|Aqua Step|p1a: Corviknight
|-damage|p1a: Corviknight|4/100
|-boost|p2a: Quaquaval|spe|1
|-damage|p2a: Quaquaval|84/100|[from] item: Rocky Helmet|[of] p1a: Corviknight
|
|upkeep
|turn|19
|
|t:|1760432468
|move|p2a: Quaquaval|Rapid Spin|p1a: Corviknight
|-resisted|p1a: Corviknight
|-damage|p1a: Corviknight|0 fnt
|-boost|p2a: Quaquaval|spe|1
|-damage|p2a: Quaquaval|68/100|[from] item: Rocky Helmet|[of] p1a: Corviknight
|-sideend|p2: Sp3ctr4|Stealth Rock|[from] move: Rapid Spin|[of] p2a: Quaquaval
|faint|p1a: Corviknight
|-ability|p2a: Quaquaval|Moxie|boost
|-boost|p2a: Quaquaval|atk|1
|
|upkeep
|
|t:|1760432473
|switch|p1a: Glaceon|Glaceon, F, shiny|100/100
|turn|20
|
|t:|1760432487
|-terastallize|p1a: Glaceon|Grass
|move|p2a: Quaquaval|Close Combat|p1a: Glaceon
|-damage|p1a: Glaceon|1/100
|-unboost|p2a: Quaquaval|def|1
|-unboost|p2a: Quaquaval|spd|1
|move|p1a: Glaceon|Freeze-Dry|p2a: Quaquaval
|-supereffective|p2a: Quaquaval
|-damage|p2a: Quaquaval|0 fnt
|faint|p2a: Quaquaval
|
|-heal|p1a: Glaceon|7/100|[from] item: Leftovers
|upkeep
|
|t:|1760432492
|switch|p2a: Iron Moth|Iron Moth|100/100
|-enditem|p2a: Iron Moth|Booster Energy
|-activate|p2a: Iron Moth|ability: Quark Drive|[fromitem]
|-start|p2a: Iron Moth|quarkdrivespe
|turn|21
|
|t:|1760432500
|move|p2a: Iron Moth|Fiery Dance|p1a: Glaceon
|-supereffective|p1a: Glaceon
|-damage|p1a: Glaceon|0 fnt
|-boost|p2a: Iron Moth|spa|1
|faint|p1a: Glaceon
|
|upkeep
|
|t:|1760432510
|switch|p1a: Slowking|Slowking-Galar, F|77/100
|turn|22
|
|t:|1760432534
|move|p2a: Iron Moth|Fiery Dance|p1a: Slowking
|-damage|p1a: Slowking|37/100
|move|p1a: Slowking|Future Sight|p2a: Iron Moth
|-start|p1a: Slowking|move: Future Sight
|
|upkeep
|turn|23
|
|t:|1760432540
|move|p2a: Iron Moth|Fiery Dance|p1a: Slowking
|-damage|p1a: Slowking|0 fnt
|faint|p1a: Slowking
|
|upkeep
|
|t:|1760432545
|switch|p1a: Great Tusk|Great Tusk|44/100
|turn|24
|
|t:|1760432550
|move|p2a: Iron Moth|Fiery Dance|p1a: Great Tusk
|-damage|p1a: Great Tusk|0 fnt
|faint|p1a: Great Tusk
|-end|p1a: Great Tusk|Protosynthesis|[silent]
|
|-end|p2a: Iron Moth|move: Future Sight
|-supereffective|p2a: Iron Moth
|-damage|p2a: Iron Moth|5/100
|upkeep
|
|t:|1760432554
|switch|p1a: Ceruledge|Ceruledge, F|95/100
|turn|25
|
|t:|1760432564
|move|p1a: Ceruledge|Shadow Sneak|p2a: Iron Moth
|-damage|p2a: Iron Moth|0 fnt
|faint|p2a: Iron Moth
|-end|p2a: Iron Moth|Quark Drive|[silent]
|
|upkeep
|
|t:|1760432566
|switch|p2a: Ceruledge|Ceruledge, M, shiny|100/100
|turn|26
|
|t:|1760432569
|move|p1a: Ceruledge|Shadow Sneak|p2a: Ceruledge
|-supereffective|p2a: Ceruledge
|-damage|p2a: Ceruledge|39/100
|-ability|p2a: Ceruledge|Weak Armor|boost
|-unboost|p2a: Ceruledge|def|1
|-boost|p2a: Ceruledge|spe|2
|move|p2a: Ceruledge|Shadow Sneak|p1a: Ceruledge
|-supereffective|p1a: Ceruledge
|-damage|p1a: Ceruledge|27/100
|-ability|p1a: Ceruledge|Weak Armor|boost
|-unboost|p1a: Ceruledge|def|1
|-boost|p1a: Ceruledge|spe|2
|
|upkeep
|turn|27
|
|t:|1760432578
|move|p1a: Ceruledge|Shadow Sneak|p2a: Ceruledge
|-supereffective|p2a: Ceruledge
|-damage|p2a: Ceruledge|0 fnt
|faint|p2a: Ceruledge
|
|win|Exiowf
|raw|Exiowf's rating: 1229 &rarr; <strong>1253</strong><br />(+24 for winning)
|raw|Sp3ctr4's rating: 1221 &rarr; <strong>1197</strong><br />(-24 for losing)
|l|☆Sp3ctr4
|player|p2|
|l|☆Exiowf
|player|p1|
