|j|☆FortyHehees
|j|☆tboc13
|t:|1760327835
|gametype|singles
|player|p1|FortyHehees|265|1458
|player|p2|tboc13|dawn|1535
|gen|9
|tier|[Gen 9] OU
|rated|
|rule|HP Percentage Mod: HP is shown in percentages
|rule|Endless Battle Clause: Forcing endless battles is banned
|rule|Species Clause: Limit one of each Pokémon
|rule|OHKO Clause: OHKO moves are banned
|rule|Evasion Items Clause: Evasion items are banned
|rule|Evasion Moves Clause: Evasion moves are banned
|rule|Evasion Abilities Clause: Evasion abilities are banned
|rule|Sleep Moves Clause: Sleep-inducing moves are banned
|clearpoke
|poke|p1|Ceruledge, F|
|poke|p1|Hatterene, F|
|poke|p1|Meowscarada, M|
|poke|p1|Skarmory, F|
|poke|p1|Kyurem|
|poke|p1|Garganacl, M|
|poke|p2|Rillaboom, F|
|poke|p2|Samurott-Hisui, F|
|poke|p2|Dragapult, F|
|poke|p2|Great Tusk|
|poke|p2|Skarmory, F|
|poke|p2|Slowking-Galar, F|
|teampreview
|inactive|Battle timer is ON: inactive players will automatically lose when time's up. (requested by tboc13)
|
|t:|1760327860
|teamsize|p1|6
|teamsize|p2|6
|start
|switch|p1a: Kyurem|Kyurem|100/100
|switch|p2a: Samurott|Samurott-Hisui, F|100/100
|-ability|p1a: Kyurem|Pressure
|turn|1
|
|t:|1760327866
|-terastallize|p1a: Kyurem|Ice
|move|p2a: Samurott|Ceaseless Edge|p1a: Kyurem
|-damage|p1a: Kyurem|59/100
|-sidestart|p1: FortyHehees|Spikes
|move|p1a: Kyurem|Freeze-Dry|p2a: Samurott
|-supereffective|p2a: Samurott
|-damage|p2a: Samurott|0 fnt
|faint|p2a: Samurott
|
|upkeep
|
|t:|1760327871
|switch|p2a: Dragapult|Dragapult, F|100/100
|turn|2
|
|t:|1760327875
|move|p2a: Dragapult|Draco Meteor|p1a: Kyurem
|-damage|p1a: Kyurem|4/100
|-unboost|p2a: Dragapult|spa|2
|move|p1a: Kyurem|Freeze-Dry|p2a: Dragapult
|-supereffective|p2a: Dragapult
|-damage|p2a: Dragapult|0 fnt
|faint|p2a: Dragapult
|
|upkeep
|
|t:|1760327879
|switch|p2a: Rillaboom|Rillaboom, F|100/100
|-fieldstart|move: Grassy Terrain|[from] ability: Grassy Surge|[of] p2a: Rillaboom
|turn|3
|c|☆FortyHehees|holy shit i didnt think he would live that kyurem kinda broken lowkey
|
|t:|1760327908
|move|p2a: Rillaboom|Grassy Glide|p1a: Kyurem
|-damage|p1a: Kyurem|0 fnt
|faint|p1a: Kyurem
|
|upkeep
|c|☆tboc13|I shoulda called
|c|☆tboc13|Calced*
|inactive|FortyHehees has 120 seconds left.
|
|t:|1760327944
|switch|p1a: Meowscarada|Meowscarada, M|100/100
|turn|4
|
|t:|1760327947
|switch|p2a: Skarmory|Skarmory, F|100/100
|move|p1a: Meowscarada|U-turn|p2a: Skarmory
|-start|p1a: Meowscarada|typechange|Bug|[from] ability: Protean
|-resisted|p2a: Skarmory
|-damage|p2a: Skarmory|95/100
|-damage|p1a: Meowscarada|84/100|[from] item: Rocky Helmet|[of] p2a: Skarmory
|
|t:|1760327952
|switch|p1a: Ceruledge|Ceruledge, F|100/100|[from] U-turn
|
|upkeep
|turn|5
|
|t:|1760327974
|move|p1a: Ceruledge|Bitter Blade|p2a: Skarmory
|-supereffective|p2a: Skarmory
|-damage|p2a: Skarmory|37/100
|-damage|p1a: Ceruledge|84/100|[from] item: Rocky Helmet|[of] p2a: Skarmory
|move|p2a: Skarmory|Stealth Rock|p1a: Ceruledge
|-sidestart|p1: FortyHehees|move: Stealth Rock
|
|-heal|p1a: Ceruledge|90/100|[from] Grassy Terrain
|upkeep
|turn|6
|
|t:|1760327984
|switch|p2a: Great Tusk|Great Tusk|100/100
|move|p1a: Ceruledge|Bitter Blade|p2a: Great Tusk
|-damage|p2a: Great Tusk|67/100
|-heal|p1a: Ceruledge|100/100|[from] drain|[of] p2a: Great Tusk
|
|-heal|p2a: Great Tusk|73/100|[from] Grassy Terrain
|upkeep
|turn|7
|
|t:|1760327998
|switch|p1a: Skarmory|Skarmory, F|100/100
|-damage|p1a: Skarmory|88/100|[from] Stealth Rock
|move|p2a: Great Tusk|Knock Off|p1a: Skarmory
|-damage|p1a: Skarmory|65/100
|-damage|p2a: Great Tusk|57/100|[from] item: Rocky Helmet|[of] p1a: Skarmory
|-enditem|p1a: Skarmory|Rocky Helmet|[from] move: Knock Off|[of] p2a: Great Tusk
|
|-heal|p2a: Great Tusk|63/100|[from] Grassy Terrain
|-fieldend|move: Grassy Terrain
|upkeep
|turn|8
|
|t:|1760328007
|-end|p2a: Great Tusk|Protosynthesis|[silent]
|switch|p2a: Skarmory|Skarmory, F|37/100
|move|p1a: Skarmory|Roost|p1a: Skarmory
|-heal|p1a: Skarmory|100/100
|-singleturn|p1a: Skarmory|move: Roost
|
|upkeep
|turn|9
|
|t:|1760328013
|switch|p1a: Ceruledge|Ceruledge, F|100/100
|move|p2a: Skarmory|Roost|p2a: Skarmory
|-heal|p2a: Skarmory|88/100
|-singleturn|p2a: Skarmory|move: Roost
|
|upkeep
|turn|10
|
|t:|1760328021
|move|p1a: Ceruledge|Swords Dance|p1a: Ceruledge
|-boost|p1a: Ceruledge|atk|2
|move|p2a: Skarmory|Whirlwind|p1a: Ceruledge
|drag|p1a: Meowscarada|Meowscarada, M|84/100
|
|upkeep
|turn|11
|
|t:|1760328032
|move|p1a: Meowscarada|Knock Off|p2a: Skarmory
|-start|p1a: Meowscarada|typechange|Dark|[from] ability: Protean
|-crit|p2a: Skarmory
|-damage|p2a: Skarmory|45/100
|-damage|p1a: Meowscarada|68/100|[from] item: Rocky Helmet|[of] p2a: Skarmory
|-enditem|p2a: Skarmory|Rocky Helmet|[from] move: Knock Off|[of] p1a: Meowscarada
|move|p2a: Skarmory|Whirlwind|p1a: Meowscarada
|drag|p1a: Hatterene|Hatterene, F|100/100
|-damage|p1a: Hatterene|88/100|[from] Spikes
|-damage|p1a: Hatterene|76/100|[from] Stealth Rock
|
|-heal|p1a: Hatterene|82/100|[from] item: Leftovers
|upkeep
|turn|12
|
|t:|1760328046
|move|p2a: Skarmory|Roost|p2a: Skarmory
|-heal|p2a: Skarmory|95/100
|-singleturn|p2a: Skarmory|move: Roost
|move|p1a: Hatterene|Calm Mind|p1a: Hatterene
|-boost|p1a: Hatterene|spa|1
|-boost|p1a: Hatterene|spd|1
|
|-heal|p1a: Hatterene|88/100|[from] item: Leftovers
|upkeep
|turn|13
|
|t:|1760328051
|move|p1a: Hatterene|Mystical Fire|p2a: Skarmory
|-supereffective|p2a: Skarmory
|-damage|p2a: Skarmory|3/100
|-unboost|p2a: Skarmory|spa|1
|move|p2a: Skarmory|Whirlwind|p1a: Hatterene
|move|p1a: Hatterene|Whirlwind|p2a: Skarmory|[from] ability: Magic Bounce
|drag|p2a: Rillaboom|Rillaboom, F|100/100
|-fieldstart|move: Grassy Terrain|[from] ability: Grassy Surge|[of] p2a: Rillaboom
|
|-heal|p1a: Hatterene|94/100|[from] Grassy Terrain
|-heal|p1a: Hatterene|99/100|[from] item: Leftovers
|upkeep
|turn|14
|c|☆FortyHehees|oh i forgot lmao
|
|t:|1760328070
|-terastallize|p2a: Rillaboom|Grass
|move|p2a: Rillaboom|Wood Hammer|p1a: Hatterene
|-damage|p1a: Hatterene|0 fnt
|faint|p1a: Hatterene
|-damage|p2a: Rillaboom|70/100|[from] Recoil
|
|-heal|p2a: Rillaboom|76/100|[from] Grassy Terrain
|upkeep
|inactive|FortyHehees has 120 seconds left.
|
|t:|1760328086
|switch|p1a: Ceruledge|Ceruledge, F|100/100
|turn|15
|inactive|FortyHehees has 120 seconds left.
|
|t:|1760328100
|switch|p1a: Skarmory|Skarmory, F|100/100
|-damage|p1a: Skarmory|88/100|[from] Stealth Rock
|switch|p2a: Skarmory|Skarmory, F|3/100
|
|upkeep
|turn|16
|inactive|FortyHehees has 120 seconds left.
|
|t:|1760328115
|switch|p1a: Ceruledge|Ceruledge, F|100/100
|move|p2a: Skarmory|Roost|p2a: Skarmory
|-heal|p2a: Skarmory|54/100
|-singleturn|p2a: Skarmory|move: Roost
|
|-heal|p2a: Skarmory|60/100|[from] Grassy Terrain
|upkeep
|turn|17
|inactive|FortyHehees has 120 seconds left.
|
|t:|1760328125
|move|p1a: Ceruledge|Swords Dance|p1a: Ceruledge
|-boost|p1a: Ceruledge|atk|2
|move|p2a: Skarmory|Whirlwind|p1a: Ceruledge
|drag|p1a: Skarmory|Skarmory, F|88/100
|-damage|p1a: Skarmory|76/100|[from] Stealth Rock
|
|-fieldend|move: Grassy Terrain
|upkeep
|turn|18
|
|t:|1760328133
|move|p2a: Skarmory|Roost|p2a: Skarmory
|-heal|p2a: Skarmory|100/100
|-singleturn|p2a: Skarmory|move: Roost
|move|p1a: Skarmory|Roost|p1a: Skarmory
|-heal|p1a: Skarmory|100/100
|-singleturn|p1a: Skarmory|move: Roost
|
|upkeep
|turn|19
|
|t:|1760328138
|switch|p2a: Great Tusk|Great Tusk|63/100
|move|p1a: Skarmory|Whirlwind|p2a: Great Tusk
|-end|p2a: Great Tusk|Protosynthesis|[silent]
|drag|p2a: Skarmory|Skarmory, F|100/100
|
|upkeep
|turn|20
|
|t:|1760328144
|switch|p2a: Slowking|Slowking-Galar, F|100/100
|move|p1a: Skarmory|Spikes|p2a: Slowking
|-sidestart|p2: tboc13|Spikes
|
|upkeep
|turn|21
|
|t:|1760328159
|switch|p1a: Garganacl|Garganacl, M|100/100
|-damage|p1a: Garganacl|88/100|[from] Spikes
|-damage|p1a: Garganacl|76/100|[from] Stealth Rock
|move|p2a: Slowking|Future Sight|p1a: Garganacl
|-start|p2a: Slowking|move: Future Sight
|
|-heal|p1a: Garganacl|82/100|[from] item: Leftovers
|upkeep
|turn|22
|
|t:|1760328168
|move|p1a: Garganacl|Salt Cure|p2a: Slowking
|-damage|p2a: Slowking|86/100
|-start|p2a: Slowking|Salt Cure
|-prepare|p2a: Slowking|Chilly Reception|[premajor]
|move|p2a: Slowking|Chilly Reception|p2a: Slowking
|-weather|Snowscape
|
|t:|1760328169
|switch|p2a: Rillaboom|Rillaboom, F, tera:Grass|76/100|[from] Chilly Reception
|-damage|p2a: Rillaboom|64/100|[from] Spikes
|-fieldstart|move: Grassy Terrain|[from] ability: Grassy Surge|[of] p2a: Rillaboom
|
|-weather|Snowscape|[upkeep]
|-heal|p2a: Rillaboom|70/100|[from] Grassy Terrain
|-heal|p1a: Garganacl|88/100|[from] Grassy Terrain
|-heal|p1a: Garganacl|94/100|[from] item: Leftovers
|upkeep
|turn|23
|
|t:|1760328187
|move|p2a: Rillaboom|Wood Hammer|p1a: Garganacl
|-supereffective|p1a: Garganacl
|-damage|p1a: Garganacl|0 fnt
|faint|p1a: Garganacl
|-damage|p2a: Rillaboom|33/100|[from] Recoil
|
|-weather|Snowscape|[upkeep]
|-hint|Future Sight did not hit because the target is fainted.
|-heal|p2a: Rillaboom|40/100|[from] Grassy Terrain
|upkeep
|inactive|FortyHehees has 120 seconds left.
|
|t:|1760328207
|switch|p1a: Ceruledge|Ceruledge, F|100/100
|turn|24
|
|t:|1760328211
|switch|p2a: Great Tusk|Great Tusk|63/100
|move|p1a: Ceruledge|Bitter Blade|p2a: Great Tusk
|-damage|p2a: Great Tusk|29/100
|
|-weather|Snowscape|[upkeep]
|-heal|p2a: Great Tusk|35/100|[from] Grassy Terrain
|upkeep
|turn|25
|inactive|FortyHehees has 120 seconds left.
|
|t:|1760328260
|-end|p2a: Great Tusk|Protosynthesis|[silent]
|switch|p2a: Slowking|Slowking-Galar, F|100/100
|switch|p1a: Skarmory|Skarmory, F|100/100
|-damage|p1a: Skarmory|88/100|[from] Stealth Rock
|
|-weather|Snowscape|[upkeep]
|upkeep
|turn|26
|
|t:|1760328267
|move|p1a: Skarmory|Spikes|p2a: Slowking
|-sidestart|p2: tboc13|Spikes
|move|p2a: Slowking|Future Sight|p1a: Skarmory
|-start|p2a: Slowking|move: Future Sight
|
|-weather|none
|-fieldend|move: Grassy Terrain
|upkeep
|turn|27
|
|t:|1760328286
|move|p1a: Skarmory|Spikes|p2a: Slowking
|-sidestart|p2: tboc13|Spikes
|-prepare|p2a: Slowking|Chilly Reception|[premajor]
|move|p2a: Slowking|Chilly Reception|p2a: Slowking
|-weather|Snowscape
|
|t:|1760328288
|switch|p2a: Great Tusk|Great Tusk|35/100|[from] Chilly Reception
|
|-weather|Snowscape|[upkeep]
|upkeep
|turn|28
|
|t:|1760328303
|move|p2a: Great Tusk|Rapid Spin|p1a: Skarmory
|-resisted|p1a: Skarmory
|-damage|p1a: Skarmory|82/100
|-boost|p2a: Great Tusk|spe|1
|-sideend|p2: tboc13|Spikes|[from] move: Rapid Spin|[of] p2a: Great Tusk
|move|p1a: Skarmory|Body Press|p2a: Great Tusk
|-damage|p2a: Great Tusk|15/100
|
|-weather|Snowscape|[upkeep]
|-end|p1a: Skarmory|move: Future Sight
|-resisted|p1a: Skarmory
|-damage|p1a: Skarmory|59/100
|upkeep
|turn|29
|
|t:|1760328308
|move|p2a: Great Tusk|Ice Spinner|p1a: Skarmory
|-damage|p1a: Skarmory|42/100
|move|p1a: Skarmory|Roost|p1a: Skarmory
|-heal|p1a: Skarmory|92/100
|-singleturn|p1a: Skarmory|move: Roost
|
|-weather|Snowscape|[upkeep]
|upkeep
|turn|30
|
|t:|1760328315
|-end|p2a: Great Tusk|Protosynthesis|[silent]
|switch|p2a: Slowking|Slowking-Galar, F|100/100
|move|p1a: Skarmory|Body Press|p2a: Slowking
|-resisted|p2a: Slowking
|-damage|p2a: Slowking|94/100
|
|-weather|Snowscape|[upkeep]
|upkeep
|turn|31
|
|t:|1760328323
|move|p1a: Skarmory|Spikes|p2a: Slowking
|-sidestart|p2: tboc13|Spikes
|move|p2a: Slowking|Future Sight|p1a: Skarmory
|-start|p2a: Slowking|move: Future Sight
|
|-weather|none
|upkeep
|turn|32
|
|t:|1760328328
|move|p1a: Skarmory|Spikes|p2a: Slowking
|-sidestart|p2: tboc13|Spikes
|-prepare|p2a: Slowking|Chilly Reception|[premajor]
|move|p2a: Slowking|Chilly Reception|p2a: Slowking
|-weather|Snowscape
|
|t:|1760328329
|switch|p2a: Rillaboom|Rillaboom, F, tera:Grass|40/100|[from] Chilly Reception
|-damage|p2a: Rillaboom|23/100|[from] Spikes
|-fieldstart|move: Grassy Terrain|[from] ability: Grassy Surge|[of] p2a: Rillaboom
|
|-weather|Snowscape|[upkeep]
|-heal|p2a: Rillaboom|29/100|[from] Grassy Terrain
|upkeep
|turn|33
|
|t:|1760328341
|move|p2a: Rillaboom|Knock Off|p1a: Skarmory
|-damage|p1a: Skarmory|67/100
|move|p1a: Skarmory|Body Press|p2a: Rillaboom
|-damage|p2a: Rillaboom|0 fnt
|faint|p2a: Rillaboom
|
|-weather|Snowscape|[upkeep]
|-end|p1a: Skarmory|move: Future Sight
|-resisted|p1a: Skarmory
|-damage|p1a: Skarmory|40/100
|upkeep
|c|☆tboc13|Gg
|-message|tboc13 forfeited.
|
|win|FortyHehees
|raw|FortyHehees's rating: 1458 &rarr; <strong>1482</strong><br />(+24 for winning)
|raw|tboc13's rating: 1535 &rarr; <strong>1511</strong><br />(-24 for losing)
|l|☆tboc13
|player|p2|
