|j|☆arcryd
|j|☆olecram2102
|t:|1760339142
|gametype|singles
|player|p1|arcryd|adaman-masters|1229
|player|p2|olecram2102|silver|1259
|gen|9
|tier|[Gen 9] OU
|rated|
|rule|HP Percentage Mod: HP is shown in percentages
|rule|Endless Battle Clause: Forcing endless battles is banned
|rule|Species Clause: Limit one of each Pokémon
|rule|OHKO Clause: OHKO moves are banned
|rule|Evasion Items Clause: Evasion items are banned
|rule|Evasion Moves Clause: Evasion moves are banned
|rule|Evasion Abilities Clause: Evasion abilities are banned
|rule|Sleep Moves Clause: Sleep-inducing moves are banned
|clearpoke
|poke|p1|Arcanine-Hisui, M|
|poke|p1|Iron Valiant|
|poke|p1|Walking Wake|
|poke|p1|Great Tusk|
|poke|p1|Corviknight, M|
|poke|p1|Slowking-Galar, F|
|poke|p2|Skeledirge, F|
|poke|p2|Landorus-Therian, M|
|poke|p2|Kilowattrel, F|
|poke|p2|Slowking-Galar, M|
|poke|p2|Scrafty, F|
|poke|p2|Dondozo, M|
|teampreview
|inactive|Battle timer is ON: inactive players will automatically lose when time's up. (requested by olecram2102)
|
|t:|1760339176
|teamsize|p1|6
|teamsize|p2|6
|start
|switch|p1a: Walking Wake|Walking Wake|100/100
|switch|p2a: Landorus|Landorus-Therian, M, shiny|100/100
|-ability|p2a: Landorus|Intimidate|boost
|-unboost|p1a: Walking Wake|atk|1
|turn|1
|
|t:|1760339198
|move|p2a: Landorus|U-turn|p1a: Walking Wake
|-damage|p1a: Walking Wake|72/100
|
|t:|1760339202
|switch|p2a: Dondozo|Dondozo, M|100/100|[from] U-turn
|move|p1a: Walking Wake|Knock Off|p2a: Dondozo
|-damage|p2a: Dondozo|90/100
|-damage|p1a: Walking Wake|55/100|[from] item: Rocky Helmet|[of] p2a: Dondozo
|-enditem|p2a: Dondozo|Rocky Helmet|[from] move: Knock Off|[of] p1a: Walking Wake
|
|upkeep
|turn|2
|
|t:|1760339221
|move|p1a: Walking Wake|Draco Meteor|p2a: Dondozo|[miss]
|-miss|p1a: Walking Wake|p2a: Dondozo
|move|p2a: Dondozo|Body Press|p1a: Walking Wake
|-damage|p1a: Walking Wake|34/100
|
|upkeep
|turn|3
|
|t:|1760339234
|switch|p2a: Scrafty|Scrafty, F|100/100
|-ability|p2a: Scrafty|Intimidate|boost
|-unboost|p1a: Walking Wake|atk|1
|move|p1a: Walking Wake|Draco Meteor|p2a: Scrafty
|-damage|p2a: Scrafty|60/100
|-unboost|p1a: Walking Wake|spa|2
|
|upkeep
|turn|4
|
|t:|1760339249
|-end|p1a: Walking Wake|Protosynthesis|[silent]
|switch|p1a: Great Tusk|Great Tusk|100/100
|switch|p2a: Dondozo|Dondozo, M|90/100
|
|upkeep
|turn|5
|
|t:|1760339260
|-end|p1a: Great Tusk|Protosynthesis|[silent]
|switch|p1a: Slowking|Slowking-Galar, F|100/100
|move|p2a: Dondozo|Liquidation|p1a: Slowking
|-damage|p1a: Slowking|59/100
|-unboost|p1a: Slowking|def|1
|
|upkeep
|turn|6
|
|t:|1760339270
|move|p2a: Dondozo|Liquidation|p1a: Slowking
|-crit|p1a: Slowking
|-damage|p1a: Slowking|0 fnt
|faint|p1a: Slowking
|
|upkeep
|
|t:|1760339276
|switch|p1a: Iron Valiant|Iron Valiant|100/100
|-enditem|p1a: Iron Valiant|Booster Energy
|-activate|p1a: Iron Valiant|ability: Quark Drive|[fromitem]
|-start|p1a: Iron Valiant|quarkdrivespe
|turn|7
|
|t:|1760339283
|move|p1a: Iron Valiant|Thunderbolt|p2a: Dondozo
|-supereffective|p2a: Dondozo
|-damage|p2a: Dondozo|35/100
|move|p2a: Dondozo|Heavy Slam|p1a: Iron Valiant
|-supereffective|p1a: Iron Valiant
|-damage|p1a: Iron Valiant|10/100
|
|upkeep
|turn|8
|
|t:|1760339290
|switch|p2a: Landorus|Landorus-Therian, M, shiny|100/100
|-ability|p2a: Landorus|Intimidate|boost
|-unboost|p1a: Iron Valiant|atk|1
|move|p1a: Iron Valiant|Thunderbolt|p2a: Landorus
|-immune|p2a: Landorus
|
|upkeep
|turn|9
|
|t:|1760339297
|-end|p1a: Iron Valiant|Quark Drive|[silent]
|switch|p1a: Great Tusk|Great Tusk|100/100
|move|p2a: Landorus|U-turn|p1a: Great Tusk
|-resisted|p1a: Great Tusk
|-damage|p1a: Great Tusk|93/100
|
|t:|1760339302
|switch|p2a: Scrafty|Scrafty, F|60/100|[from] U-turn
|-ability|p2a: Scrafty|Intimidate|boost
|-unboost|p1a: Great Tusk|atk|1
|
|-heal|p1a: Great Tusk|99/100|[from] item: Leftovers
|upkeep
|turn|10
|
|t:|1760339313
|move|p1a: Great Tusk|Stealth Rock|p2a: Scrafty
|-sidestart|p2: olecram2102|move: Stealth Rock
|move|p2a: Scrafty|Trailblaze|p1a: Great Tusk
|-supereffective|p1a: Great Tusk
|-damage|p1a: Great Tusk|81/100
|-boost|p2a: Scrafty|spe|1
|
|-heal|p1a: Great Tusk|87/100|[from] item: Leftovers
|upkeep
|turn|11
|
|t:|1760339331
|move|p1a: Great Tusk|Rapid Spin|p2a: Scrafty
|-damage|p2a: Scrafty|51/100
|-boost|p1a: Great Tusk|spe|1
|move|p2a: Scrafty|Ice Punch|p1a: Great Tusk
|-supereffective|p1a: Great Tusk
|-damage|p1a: Great Tusk|57/100
|
|-heal|p1a: Great Tusk|64/100|[from] item: Leftovers
|upkeep
|turn|12
|
|t:|1760339345
|move|p1a: Great Tusk|Headlong Rush|p2a: Scrafty
|-damage|p2a: Scrafty|19/100
|-unboost|p1a: Great Tusk|def|1
|-unboost|p1a: Great Tusk|spd|1
|move|p2a: Scrafty|Ice Punch|p1a: Great Tusk
|-supereffective|p1a: Great Tusk
|-damage|p1a: Great Tusk|18/100
|
|-heal|p1a: Great Tusk|25/100|[from] item: Leftovers
|upkeep
|turn|13
|
|t:|1760339358
|move|p1a: Great Tusk|Headlong Rush|p2a: Scrafty
|-damage|p2a: Scrafty|0 fnt
|-unboost|p1a: Great Tusk|def|1
|-unboost|p1a: Great Tusk|spd|1
|faint|p2a: Scrafty
|
|-heal|p1a: Great Tusk|31/100|[from] item: Leftovers
|upkeep
|
|t:|1760339361
|switch|p2a: Landorus|Landorus-Therian, M, shiny|100/100
|-damage|p2a: Landorus|88/100|[from] Stealth Rock
|-ability|p2a: Landorus|Intimidate|boost
|-unboost|p1a: Great Tusk|atk|1
|turn|14
|
|t:|1760339375
|move|p2a: Landorus|U-turn|p1a: Great Tusk
|-resisted|p1a: Great Tusk
|-damage|p1a: Great Tusk|15/100
|
|t:|1760339384
|switch|p2a: Dondozo|Dondozo, M|35/100|[from] U-turn
|-damage|p2a: Dondozo|23/100|[from] Stealth Rock
|move|p1a: Great Tusk|Ice Spinner|p2a: Dondozo
|-resisted|p2a: Dondozo
|-damage|p2a: Dondozo|16/100
|
|-heal|p1a: Great Tusk|21/100|[from] item: Leftovers
|upkeep
|turn|15
|
|t:|1760339395
|move|p1a: Great Tusk|Headlong Rush|p2a: Dondozo
|-damage|p2a: Dondozo|0 fnt
|-unboost|p1a: Great Tusk|def|1
|-unboost|p1a: Great Tusk|spd|1
|faint|p2a: Dondozo
|
|-heal|p1a: Great Tusk|27/100|[from] item: Leftovers
|upkeep
|
|t:|1760339405
|switch|p2a: Landorus|Landorus-Therian, M, shiny|88/100
|-damage|p2a: Landorus|76/100|[from] Stealth Rock
|-ability|p2a: Landorus|Intimidate|boost
|-unboost|p1a: Great Tusk|atk|1
|turn|16
|
|t:|1760339413
|-end|p1a: Great Tusk|Protosynthesis|[silent]
|switch|p1a: Corviknight|Corviknight, M|100/100
|-ability|p1a: Corviknight|Pressure
|move|p2a: Landorus|Earthquake|p1a: Corviknight
|-immune|p1a: Corviknight
|
|upkeep
|turn|17
|
|t:|1760339432
|switch|p2a: Slowking|Slowking-Galar, M|100/100
|-damage|p2a: Slowking|88/100|[from] Stealth Rock
|move|p1a: Corviknight|U-turn|p2a: Slowking
|-damage|p2a: Slowking|74/100
|
|t:|1760339438
|switch|p1a: Arcanine|Arcanine-Hisui, M|100/100|[from] U-turn
|
|-heal|p2a: Slowking|80/100|[from] item: Black Sludge
|upkeep
|turn|18
|
|t:|1760339445
|move|p1a: Arcanine|Head Smash|p2a: Slowking
|-damage|p2a: Slowking|0 fnt
|faint|p2a: Slowking
|
|upkeep
|
|t:|1760339451
|switch|p2a: Landorus|Landorus-Therian, M, shiny|76/100
|-damage|p2a: Landorus|64/100|[from] Stealth Rock
|-ability|p2a: Landorus|Intimidate|boost
|-unboost|p1a: Arcanine|atk|1
|turn|19
|
|t:|1760339459
|switch|p1a: Corviknight|Corviknight, M|100/100
|-ability|p1a: Corviknight|Pressure
|move|p2a: Landorus|U-turn|p1a: Corviknight
|-resisted|p1a: Corviknight
|-damage|p1a: Corviknight|97/100
|-damage|p2a: Landorus|47/100|[from] item: Rocky Helmet|[of] p1a: Corviknight
|
|t:|1760339461
|switch|p2a: Skeledirge|Skeledirge, F|100/100|[from] U-turn
|-damage|p2a: Skeledirge|75/100|[from] Stealth Rock
|
|-heal|p2a: Skeledirge|82/100|[from] item: Leftovers
|upkeep
|turn|20
|
|t:|1760339480
|switch|p1a: Arcanine|Arcanine-Hisui, M|100/100
|move|p2a: Skeledirge|Will-O-Wisp|p1a: Arcanine
|-immune|p1a: Arcanine
|
|-heal|p2a: Skeledirge|88/100|[from] item: Leftovers
|upkeep
|turn|21
|
|t:|1760339503
|-terastallize|p1a: Arcanine|Fire
|move|p1a: Arcanine|Flare Blitz|p2a: Skeledirge
|-resisted|p2a: Skeledirge
|-damage|p2a: Skeledirge|43/100
|move|p2a: Skeledirge|Torch Song|p1a: Arcanine
|-resisted|p1a: Arcanine
|-damage|p1a: Arcanine|73/100
|-boost|p2a: Skeledirge|spa|1
|
|-heal|p2a: Skeledirge|50/100|[from] item: Leftovers
|upkeep
|turn|22
|
|t:|1760339515
|move|p1a: Arcanine|Flare Blitz|p2a: Skeledirge
|-resisted|p2a: Skeledirge
|-damage|p2a: Skeledirge|3/100
|move|p2a: Skeledirge|Slack Off|p2a: Skeledirge
|-heal|p2a: Skeledirge|53/100
|
|-heal|p2a: Skeledirge|59/100|[from] item: Leftovers
|upkeep
|turn|23
|
|t:|1760339527
|move|p1a: Arcanine|Flare Blitz|p2a: Skeledirge
|-resisted|p2a: Skeledirge
|-damage|p2a: Skeledirge|13/100
|move|p2a: Skeledirge|Hex|p1a: Arcanine
|-damage|p1a: Arcanine|16/100
|
|-heal|p2a: Skeledirge|19/100|[from] item: Leftovers
|upkeep
|turn|24
|
|t:|1760339536
|move|p1a: Arcanine|Flare Blitz|p2a: Skeledirge
|-resisted|p2a: Skeledirge
|-damage|p2a: Skeledirge|0 fnt
|faint|p2a: Skeledirge
|
|upkeep
|
|t:|1760339544
|switch|p2a: Kilowattrel|Kilowattrel, F|100/100
|-damage|p2a: Kilowattrel|76/100|[from] Stealth Rock
|turn|25
|
|t:|1760339550
|switch|p1a: Great Tusk|Great Tusk|27/100
|move|p2a: Kilowattrel|Air Slash|p1a: Great Tusk
|-supereffective|p1a: Great Tusk
|-damage|p1a: Great Tusk|0 fnt
|faint|p1a: Great Tusk
|-end|p1a: Great Tusk|Protosynthesis|[silent]
|
|upkeep
|
|t:|1760339562
|switch|p1a: Corviknight|Corviknight, M|97/100
|-ability|p1a: Corviknight|Pressure
|turn|26
|
|t:|1760339568
|switch|p2a: Landorus|Landorus-Therian, M, shiny|47/100
|-damage|p2a: Landorus|35/100|[from] Stealth Rock
|-ability|p2a: Landorus|Intimidate|boost
|-unboost|p1a: Corviknight|atk|1
|move|p1a: Corviknight|Brave Bird|p2a: Landorus
|-damage|p2a: Landorus|9/100
|-damage|p1a: Corviknight|90/100|[from] Recoil
|
|upkeep
|turn|27
|
|t:|1760339581
|move|p2a: Landorus|Stone Edge|p1a: Corviknight
|-crit|p1a: Corviknight
|-damage|p1a: Corviknight|54/100
|move|p1a: Corviknight|Bulk Up|p1a: Corviknight
|-boost|p1a: Corviknight|atk|1
|-boost|p1a: Corviknight|def|1
|
|upkeep
|turn|28
|
|t:|1760339588
|move|p2a: Landorus|Stone Edge|p1a: Corviknight
|-damage|p1a: Corviknight|39/100
|move|p1a: Corviknight|Brave Bird|p2a: Landorus
|-damage|p2a: Landorus|0 fnt
|faint|p2a: Landorus
|-damage|p1a: Corviknight|36/100|[from] Recoil
|
|upkeep
|
|t:|1760339592
|switch|p2a: Kilowattrel|Kilowattrel, F|76/100
|-damage|p2a: Kilowattrel|51/100|[from] Stealth Rock
|turn|29
|
|t:|1760339600
|-terastallize|p2a: Kilowattrel|Electric
|move|p2a: Kilowattrel|Thunderbolt|p1a: Corviknight
|-supereffective|p1a: Corviknight
|-damage|p1a: Corviknight|0 fnt
|faint|p1a: Corviknight
|
|upkeep
|
|t:|1760339607
|switch|p1a: Arcanine|Arcanine-Hisui, M, tera:Fire|16/100
|turn|30
|
|t:|1760339611
|move|p1a: Arcanine|Extreme Speed|p2a: Kilowattrel
|-damage|p2a: Kilowattrel|0 fnt
|faint|p2a: Kilowattrel
|
|win|arcryd
|raw|arcryd's rating: 1229 &rarr; <strong>1256</strong><br />(+27 for winning)
|raw|olecram2102's rating: 1259 &rarr; <strong>1232</strong><br />(-27 for losing)
|l|☆olecram2102
|player|p2|
|l|☆arcryd
|player|p1|
