|j|☆broncuskowski
|j|☆SvelteSnake
|t:|1760448432
|gametype|singles
|player|p1|broncuskowski|acetrainer-gen2|1400
|player|p2|SvelteSnake|pokefanf-gen6xy|1375
|gen|9
|tier|[Gen 9] OU
|rated|
|rule|HP Percentage Mod: HP is shown in percentages
|rule|Endless Battle Clause: Forcing endless battles is banned
|rule|Species Clause: Limit one of each Pokémon
|rule|OHKO Clause: OHKO moves are banned
|rule|Evasion Items Clause: Evasion items are banned
|rule|Evasion Moves Clause: Evasion moves are banned
|rule|Evasion Abilities Clause: Evasion abilities are banned
|rule|Sleep Moves Clause: Sleep-inducing moves are banned
|clearpoke
|poke|p1|Hoopa-Unbound|
|poke|p1|Hydrapple, F|
|poke|p1|Gliscor, F|
|poke|p1|Cinderace, F|
|poke|p1|Alomomola, M|
|poke|p1|Gholdengo|
|poke|p2|Scizor, M|
|poke|p2|Alomomola, M|
|poke|p2|Iron Treads|
|poke|p2|Dragonite, F|
|poke|p2|Landorus-Therian, M|
|poke|p2|Zapdos|
|teampreview
|inactive|Battle timer is ON: inactive players will automatically lose when time's up. (requested by broncuskowski)
|c|☆SvelteSnake|gl;hf hope you are having a nice day
|inactive|SvelteSnake has 120 seconds left.
|
|t:|1760448475
|teamsize|p1|6
|teamsize|p2|6
|start
|switch|p1a: Gliscor|Gliscor, F|100/100
|switch|p2a: Scizor|Scizor, M|100/100
|turn|1
|c|☆broncuskowski|you too homie
|
|t:|1760448482
|move|p1a: Gliscor|Protect|p1a: Gliscor
|-singleturn|p1a: Gliscor|Protect
|move|p2a: Scizor|Knock Off|p1a: Gliscor
|-activate|p1a: Gliscor|move: Protect
|
|-status|p1a: Gliscor|tox|[from] item: Toxic Orb
|upkeep
|turn|2
|
|t:|1760448486
|switch|p2a: Landorus|Landorus-Therian, M|100/100
|-ability|p2a: Landorus|Intimidate|boost
|-unboost|p1a: Gliscor|atk|1
|move|p1a: Gliscor|Earthquake|p2a: Landorus
|-immune|p2a: Landorus
|
|upkeep
|turn|3
|
|t:|1760448494
|move|p2a: Landorus|Stealth Rock|p1a: Gliscor
|-sidestart|p1: broncuskowski|move: Stealth Rock
|move|p1a: Gliscor|Toxic|p2a: Landorus
|-status|p2a: Landorus|tox
|
|-damage|p2a: Landorus|94/100 tox|[from] psn
|upkeep
|turn|4
|
|t:|1760448502
|switch|p2a: Alomomola|Alomomola, M|100/100
|move|p1a: Gliscor|Earthquake|p2a: Alomomola
|-damage|p2a: Alomomola|90/100
|
|upkeep
|turn|5
|
|t:|1760448508
|move|p1a: Gliscor|Toxic|p2a: Alomomola
|-status|p2a: Alomomola|tox
|move|p2a: Alomomola|Flip Turn|p1a: Gliscor
|-supereffective|p1a: Gliscor
|-damage|p1a: Gliscor|76/100 tox
|
|t:|1760448513
|switch|p2a: Iron Treads|Iron Treads|100/100|[from] Flip Turn
|
|-heal|p1a: Gliscor|89/100 tox|[from] ability: Poison Heal
|upkeep
|turn|6
|
|t:|1760448517
|move|p2a: Iron Treads|Ice Spinner|p1a: Gliscor
|-supereffective|p1a: Gliscor
|-damage|p1a: Gliscor|10/100 tox
|move|p1a: Gliscor|Earthquake|p2a: Iron Treads
|-supereffective|p2a: Iron Treads
|-damage|p2a: Iron Treads|65/100
|
|-heal|p1a: Gliscor|23/100 tox|[from] ability: Poison Heal
|upkeep
|turn|7
|
|t:|1760448525
|move|p1a: Gliscor|Protect|p1a: Gliscor
|-singleturn|p1a: Gliscor|Protect
|move|p2a: Iron Treads|Earthquake|p1a: Gliscor
|-activate|p1a: Gliscor|move: Protect
|
|-heal|p1a: Gliscor|35/100 tox|[from] ability: Poison Heal
|upkeep
|turn|8
|
|t:|1760448527
|switch|p1a: Cinderace|Cinderace, F|100/100
|move|p2a: Iron Treads|Ice Spinner|p1a: Cinderace
|-resisted|p1a: Cinderace
|-damage|p1a: Cinderace|86/100
|
|upkeep
|turn|9
|
|t:|1760448533
|-end|p2a: Iron Treads|Quark Drive|[silent]
|switch|p2a: Alomomola|Alomomola, M|100/100 tox
|move|p1a: Cinderace|Court Change|p1a: Cinderace
|-swapsideconditions
|-activate|p1a: Cinderace|move: Court Change
|
|-damage|p2a: Alomomola|94/100 tox|[from] psn
|upkeep
|turn|10
|
|t:|1760448538
|move|p1a: Cinderace|U-turn|p2a: Alomomola
|-damage|p2a: Alomomola|84/100 tox
|
|t:|1760448541
|switch|p1a: Hydrapple|Hydrapple, F, shiny|100/100|[from] U-turn
|move|p2a: Alomomola|Flip Turn|p1a: Hydrapple
|-resisted|p1a: Hydrapple
|-damage|p1a: Hydrapple|98/100
|-damage|p2a: Alomomola|67/100 tox|[from] item: Rocky Helmet|[of] p1a: Hydrapple
|
|t:|1760448549
|switch|p2a: Scizor|Scizor, M|100/100|[from] Flip Turn
|-damage|p2a: Scizor|88/100|[from] Stealth Rock
|
|upkeep
|turn|11
|
|t:|1760448561
|switch|p1a: Alomomola|Alomomola, M|100/100
|move|p2a: Scizor|Knock Off|p1a: Alomomola
|-damage|p1a: Alomomola|59/100
|-enditem|p1a: Alomomola|Assault Vest|[from] move: Knock Off|[of] p2a: Scizor
|
|upkeep
|turn|12
|
|t:|1760448568
|switch|p2a: Alomomola|Alomomola, M|100/100 tox
|move|p1a: Alomomola|Flip Turn|p2a: Alomomola
|-resisted|p2a: Alomomola
|-damage|p2a: Alomomola|96/100 tox
|
|t:|1760448577
|switch|p1a: Hydrapple|Hydrapple, F, shiny|100/100|[from] Flip Turn
|
|-damage|p2a: Alomomola|89/100 tox|[from] psn
|upkeep
|turn|13
|
|t:|1760448583
|switch|p2a: Scizor|Scizor, M|88/100
|-damage|p2a: Scizor|76/100|[from] Stealth Rock
|move|p1a: Hydrapple|Nasty Plot|p1a: Hydrapple
|-boost|p1a: Hydrapple|spa|2
|
|upkeep
|turn|14
|
|t:|1760448589
|move|p2a: Scizor|U-turn|p1a: Hydrapple
|-supereffective|p1a: Hydrapple
|-damage|p1a: Hydrapple|26/100
|-damage|p2a: Scizor|59/100|[from] item: Rocky Helmet|[of] p1a: Hydrapple
|
|t:|1760448596
|switch|p2a: Zapdos|Zapdos|100/100|[from] U-turn
|-damage|p2a: Zapdos|76/100|[from] Stealth Rock
|move|p1a: Hydrapple|Fickle Beam|p2a: Zapdos
|-damage|p2a: Zapdos|0 fnt
|faint|p2a: Zapdos
|
|upkeep
|
|t:|1760448603
|switch|p2a: Scizor|Scizor, M|59/100
|-damage|p2a: Scizor|47/100|[from] Stealth Rock
|turn|15
|
|t:|1760448609
|switch|p1a: Alomomola|Alomomola, M|92/100
|move|p2a: Scizor|U-turn|p1a: Alomomola
|-damage|p1a: Alomomola|49/100
|
|t:|1760448614
|switch|p2a: Alomomola|Alomomola, M|100/100 tox|[from] U-turn
|
|-damage|p2a: Alomomola|94/100 tox|[from] psn
|upkeep
|turn|16
|
|t:|1760448621
|move|p2a: Alomomola|Wish|p2a: Alomomola
|move|p1a: Alomomola|Body Slam|p2a: Alomomola
|-damage|p2a: Alomomola|86/100 tox
|
|-damage|p2a: Alomomola|74/100 tox|[from] psn
|upkeep
|turn|17
|
|t:|1760448626
|move|p2a: Alomomola|Flip Turn|p1a: Alomomola
|-resisted|p1a: Alomomola
|-damage|p1a: Alomomola|44/100
|
|t:|1760448631
|switch|p2a: Iron Treads|Iron Treads|65/100|[from] Flip Turn
|-damage|p2a: Iron Treads|62/100|[from] Stealth Rock
|move|p1a: Alomomola|Flip Turn|p2a: Iron Treads
|-supereffective|p2a: Iron Treads
|-damage|p2a: Iron Treads|33/100
|
|t:|1760448635
|switch|p1a: Cinderace|Cinderace, F|86/100|[from] Flip Turn
|
|-heal|p2a: Iron Treads|100/100|[from] move: Wish|[wisher] Alomomola
|upkeep
|turn|18
|
|t:|1760448641
|move|p1a: Cinderace|Pyro Ball|p2a: Iron Treads
|-supereffective|p2a: Iron Treads
|-damage|p2a: Iron Treads|14/100
|move|p2a: Iron Treads|Earthquake|p1a: Cinderace
|-supereffective|p1a: Cinderace
|-damage|p1a: Cinderace|0 fnt
|faint|p1a: Cinderace
|
|upkeep
|
|t:|1760448645
|switch|p1a: Hoopa|Hoopa-Unbound|100/100
|turn|19
|
|t:|1760448653
|-end|p2a: Iron Treads|Quark Drive|[silent]
|switch|p2a: Alomomola|Alomomola, M|100/100 tox
|move|p1a: Hoopa|Knock Off|p2a: Alomomola
|-damage|p2a: Alomomola|69/100 tox
|-enditem|p2a: Alomomola|Heavy-Duty Boots|[from] move: Knock Off|[of] p1a: Hoopa
|
|-damage|p2a: Alomomola|63/100 tox|[from] psn
|upkeep
|turn|20
|
|t:|1760448663
|switch|p1a: Gliscor|Gliscor, F|35/100 tox
|move|p2a: Alomomola|Wish|p2a: Alomomola
|
|-heal|p1a: Gliscor|48/100 tox|[from] ability: Poison Heal
|-damage|p2a: Alomomola|50/100 tox|[from] psn
|upkeep
|turn|21
|
|t:|1760448667
|move|p1a: Gliscor|Protect|p1a: Gliscor
|-singleturn|p1a: Gliscor|Protect
|move|p2a: Alomomola|Flip Turn|p1a: Gliscor
|-activate|p1a: Gliscor|move: Protect
|
|-heal|p2a: Alomomola|99/100 tox|[from] move: Wish|[wisher] Alomomola
|-heal|p1a: Gliscor|60/100 tox|[from] ability: Poison Heal
|-damage|p2a: Alomomola|82/100 tox|[from] psn
|upkeep
|turn|22
|
|t:|1760448670
|move|p1a: Gliscor|Earthquake|p2a: Alomomola
|-damage|p2a: Alomomola|64/100 tox
|move|p2a: Alomomola|Wish|p2a: Alomomola
|
|-heal|p1a: Gliscor|73/100 tox|[from] ability: Poison Heal
|-damage|p2a: Alomomola|40/100 tox|[from] psn
|upkeep
|turn|23
|
|t:|1760448673
|move|p1a: Gliscor|Earthquake|p2a: Alomomola
|-damage|p2a: Alomomola|23/100 tox
|move|p2a: Alomomola|Flip Turn|p1a: Gliscor
|-supereffective|p1a: Gliscor
|-crit|p1a: Gliscor
|-damage|p1a: Gliscor|39/100 tox
|
|t:|1760448679
|switch|p2a: Iron Treads|Iron Treads|14/100|[from] Flip Turn
|-damage|p2a: Iron Treads|11/100|[from] Stealth Rock
|
|-heal|p2a: Iron Treads|91/100|[from] move: Wish|[wisher] Alomomola
|-heal|p1a: Gliscor|51/100 tox|[from] ability: Poison Heal
|upkeep
|turn|24
|
|t:|1760448687
|move|p1a: Gliscor|Protect|p1a: Gliscor
|-singleturn|p1a: Gliscor|Protect
|move|p2a: Iron Treads|Ice Spinner|p1a: Gliscor
|-activate|p1a: Gliscor|move: Protect
|
|-heal|p1a: Gliscor|64/100 tox|[from] ability: Poison Heal
|upkeep
|turn|25
|
|t:|1760448689
|switch|p1a: Gholdengo|Gholdengo|100/100
|-item|p1a: Gholdengo|Air Balloon
|move|p2a: Iron Treads|Ice Spinner|p1a: Gholdengo
|-resisted|p1a: Gholdengo
|-damage|p1a: Gholdengo|92/100
|-enditem|p1a: Gholdengo|Air Balloon
|
|upkeep
|turn|26
|
|t:|1760448695
|move|p2a: Iron Treads|Earthquake|p1a: Gholdengo
|-supereffective|p1a: Gholdengo
|-damage|p1a: Gholdengo|33/100
|move|p1a: Gholdengo|Hex|p2a: Iron Treads
|-damage|p2a: Iron Treads|72/100
|
|upkeep
|turn|27
|
|t:|1760448700
|switch|p1a: Gliscor|Gliscor, F|64/100 tox
|move|p2a: Iron Treads|Ice Spinner|p1a: Gliscor
|-supereffective|p1a: Gliscor
|-damage|p1a: Gliscor|0 fnt
|faint|p1a: Gliscor
|
|upkeep
|
|t:|1760448708
|switch|p1a: Hydrapple|Hydrapple, F, shiny|60/100
|turn|28
|
|t:|1760448716
|-end|p2a: Iron Treads|Quark Drive|[silent]
|switch|p2a: Landorus|Landorus-Therian, M|94/100 tox
|-damage|p2a: Landorus|82/100 tox|[from] Stealth Rock
|-ability|p2a: Landorus|Intimidate|boost
|-unboost|p1a: Hydrapple|atk|1
|-terastallize|p1a: Hydrapple|Steel
|move|p1a: Hydrapple|Earth Power|p2a: Landorus
|-immune|p2a: Landorus
|
|-damage|p2a: Landorus|75/100 tox|[from] psn
|upkeep
|turn|29
|-message|broncuskowski forfeited.
|
|win|SvelteSnake
|raw|broncuskowski's rating: 1400 &rarr; <strong>1379</strong><br />(-21 for losing)
|raw|SvelteSnake's rating: 1375 &rarr; <strong>1396</strong><br />(+21 for winning)
|l|☆broncuskowski
|player|p1|
