|j|☆E800
|j|☆iyasih
|t:|1760440163
|gametype|singles
|player|p1|E800|ethan|1295
|player|p2|iyasih|266|1246
|gen|9
|tier|[Gen 9] OU
|rated|
|rule|HP Percentage Mod: HP is shown in percentages
|rule|Endless Battle Clause: Forcing endless battles is banned
|rule|Species Clause: Limit one of each Pokémon
|rule|OHKO Clause: OHKO moves are banned
|rule|Evasion Items Clause: Evasion items are banned
|rule|Evasion Moves Clause: Evasion moves are banned
|rule|Evasion Abilities Clause: Evasion abilities are banned
|rule|Sleep Moves Clause: Sleep-inducing moves are banned
|clearpoke
|poke|p1|Glimmora, M|
|poke|p1|Primarina, F|
|poke|p1|Ogerpon, F|
|poke|p1|Weavile, M|
|poke|p1|Cinderace, M|
|poke|p1|Great Tusk|
|poke|p2|Torkoal, M|
|poke|p2|Venusaur, F|
|poke|p2|Exeggutor, F|
|poke|p2|Walking Wake|
|poke|p2|Lilligant-Hisui, F|
|poke|p2|Charizard, M|
|teampreview
|inactive|Battle timer is ON: inactive players will automatically lose when time's up. (requested by E800)
|
|t:|1760440173
|teamsize|p1|6
|teamsize|p2|6
|start
|switch|p1a: Glimmora|Glimmora, M|100/100
|switch|p2a: Torkoal|Torkoal, M|100/100
|-weather|SunnyDay|[from] ability: Drought|[of] p2a: Torkoal
|turn|1
|
|t:|1760440180
|move|p1a: Glimmora|Stealth Rock|p2a: Torkoal
|-sidestart|p2: iyasih|move: Stealth Rock
|move|p2a: Torkoal|Stealth Rock|p1a: Glimmora
|-sidestart|p1: E800|move: Stealth Rock
|
|-weather|SunnyDay|[upkeep]
|upkeep
|turn|2
|
|t:|1760440188
|move|p1a: Glimmora|Earth Power|p2a: Torkoal
|-supereffective|p2a: Torkoal
|-damage|p2a: Torkoal|25/100
|move|p2a: Torkoal|Rapid Spin|p1a: Glimmora
|-resisted|p1a: Glimmora
|-damage|p1a: Glimmora|95/100
|-boost|p2a: Torkoal|spe|1
|-activate|p1a: Glimmora|ability: Toxic Debris
|-sidestart|p2: iyasih|move: Toxic Spikes
|-sideend|p2: iyasih|Toxic Spikes|[from] move: Rapid Spin|[of] p2a: Torkoal
|-sideend|p2: iyasih|Stealth Rock|[from] move: Rapid Spin|[of] p2a: Torkoal
|
|-weather|SunnyDay|[upkeep]
|upkeep
|turn|3
|inactive|iyasih has 120 seconds left.
|
|t:|1760440221
|switch|p2a: Venusaur|Venusaur, F|100/100
|move|p1a: Glimmora|Mortal Spin|p2a: Venusaur
|-damage|p2a: Venusaur|93/100
|-sideend|p1: E800|Stealth Rock|[from] move: Mortal Spin|[of] p1a: Glimmora
|
|-weather|SunnyDay|[upkeep]
|-heal|p2a: Venusaur|99/100|[from] item: Leftovers
|upkeep
|turn|4
|
|t:|1760440230
|move|p2a: Venusaur|Earth Power|p1a: Glimmora
|-supereffective|p1a: Glimmora
|-crit|p1a: Glimmora
|-damage|p1a: Glimmora|0 fnt
|faint|p1a: Glimmora
|
|-weather|SunnyDay|[upkeep]
|-heal|p2a: Venusaur|100/100|[from] item: Leftovers
|upkeep
|
|t:|1760440237
|switch|p1a: Cinderace|Cinderace, M|100/100
|turn|5
|
|t:|1760440251
|switch|p2a: Charizard|Charizard, M|100/100
|move|p1a: Cinderace|Pyro Ball|p2a: Charizard
|-resisted|p2a: Charizard
|-damage|p2a: Charizard|42/100
|
|-weather|SunnyDay|[upkeep]
|-damage|p2a: Charizard|29/100|[from] ability: Solar Power|[of] p2a: Charizard
|upkeep
|turn|6
|
|t:|1760440255
|move|p2a: Charizard|Scorching Sands|p1a: Cinderace
|-supereffective|p1a: Cinderace
|-damage|p1a: Cinderace|9/100
|move|p1a: Cinderace|Pyro Ball|p2a: Charizard
|-resisted|p2a: Charizard
|-damage|p2a: Charizard|0 fnt
|faint|p2a: Charizard
|
|-weather|SunnyDay|[upkeep]
|upkeep
|
|t:|1760440268
|switch|p2a: Walking Wake|Walking Wake|100/100
|-activate|p2a: Walking Wake|ability: Protosynthesis
|-start|p2a: Walking Wake|protosynthesisspe
|turn|7
|
|t:|1760440279
|move|p1a: Cinderace|Sucker Punch|p2a: Walking Wake
|-start|p1a: Cinderace|typechange|Dark|[from] ability: Libero
|-damage|p2a: Walking Wake|67/100
|move|p2a: Walking Wake|Flip Turn|p1a: Cinderace
|-damage|p1a: Cinderace|0 fnt
|faint|p1a: Cinderace
|inactive|iyasih has 120 seconds left.
|
|t:|1760440302
|-end|p2a: Walking Wake|Protosynthesis|[silent]
|switch|p2a: Lilligant|Lilligant-Hisui, F|100/100|[from] Flip Turn
|
|-weather|SunnyDay|[upkeep]
|upkeep
|
|t:|1760440307
|switch|p1a: Weavile|Weavile, M|100/100
|turn|8
|
|t:|1760440321
|-terastallize|p2a: Lilligant|Fire
|move|p2a: Lilligant|Tera Blast|p1a: Weavile|[anim] Tera Blast Fire
|-supereffective|p1a: Weavile
|-enditem|p1a: Weavile|Focus Sash
|-damage|p1a: Weavile|1/100
|move|p1a: Weavile|Triple Axel|p2a: Lilligant
|-resisted|p2a: Lilligant
|-damage|p2a: Lilligant|94/100
|-resisted|p2a: Lilligant
|-damage|p2a: Lilligant|81/100
|-resisted|p2a: Lilligant
|-damage|p2a: Lilligant|61/100
|-hitcount|p2a: Lilligant|3
|
|-weather|none
|-heal|p2a: Lilligant|67/100|[from] item: Leftovers
|upkeep
|turn|9
|
|t:|1760440338
|switch|p2a: Torkoal|Torkoal, M|25/100
|-weather|SunnyDay|[from] ability: Drought|[of] p2a: Torkoal
|move|p1a: Weavile|Triple Axel|p2a: Torkoal
|-resisted|p2a: Torkoal
|-damage|p2a: Torkoal|21/100
|-resisted|p2a: Torkoal
|-damage|p2a: Torkoal|15/100
|-hitcount|p2a: Torkoal|2
|
|-weather|SunnyDay|[upkeep]
|upkeep
|turn|10
|
|t:|1760440342
|move|p1a: Weavile|Low Kick|p2a: Torkoal
|-damage|p2a: Torkoal|0 fnt
|faint|p2a: Torkoal
|
|-weather|SunnyDay|[upkeep]
|upkeep
|
|t:|1760440351
|switch|p2a: Lilligant|Lilligant-Hisui, F, tera:Fire|67/100
|turn|11
|inactive|iyasih has 120 seconds left.
|
|t:|1760440384
|move|p1a: Weavile|Ice Shard|p2a: Lilligant
|-resisted|p2a: Lilligant
|-damage|p2a: Lilligant|53/100
|move|p2a: Lilligant|Tera Blast|p1a: Weavile|[anim] Tera Blast Fire
|-supereffective|p1a: Weavile
|-damage|p1a: Weavile|0 fnt
|faint|p1a: Weavile
|
|-weather|SunnyDay|[upkeep]
|-heal|p2a: Lilligant|59/100|[from] item: Leftovers
|upkeep
|
|t:|1760440392
|switch|p1a: Ogerpon|Ogerpon, F|100/100
|turn|12
|
|t:|1760440399
|move|p2a: Lilligant|Tera Blast|p1a: Ogerpon|[anim] Tera Blast Fire
|-supereffective|p1a: Ogerpon
|-damage|p1a: Ogerpon|0 fnt
|faint|p1a: Ogerpon
|
|-weather|SunnyDay|[upkeep]
|-heal|p2a: Lilligant|65/100|[from] item: Leftovers
|upkeep
|
|t:|1760440403
|switch|p1a: Great Tusk|Great Tusk|100/100
|-activate|p1a: Great Tusk|ability: Protosynthesis
|-start|p1a: Great Tusk|protosynthesisatk
|turn|13
|inactive|iyasih has 120 seconds left.
|
|t:|1760440424
|move|p2a: Lilligant|Tera Blast|p1a: Great Tusk|[anim] Tera Blast Fire
|-damage|p1a: Great Tusk|58/100
|move|p1a: Great Tusk|Headlong Rush|p2a: Lilligant
|-supereffective|p2a: Lilligant
|-damage|p2a: Lilligant|0 fnt
|-unboost|p1a: Great Tusk|def|1
|-unboost|p1a: Great Tusk|spd|1
|faint|p2a: Lilligant
|
|-weather|SunnyDay|[upkeep]
|upkeep
|inactive|iyasih has 120 seconds left.
|
|t:|1760440438
|switch|p2a: Exeggutor|Exeggutor, F|100/100
|turn|14
|
|t:|1760440451
|move|p2a: Exeggutor|Giga Drain|p1a: Great Tusk
|-supereffective|p1a: Great Tusk
|-damage|p1a: Great Tusk|0 fnt
|faint|p1a: Great Tusk
|-end|p1a: Great Tusk|Protosynthesis|[silent]
|
|-weather|SunnyDay|[upkeep]
|upkeep
|
|t:|1760440454
|switch|p1a: Primarina|Primarina, F|100/100
|turn|15
|
|t:|1760440459
|-terastallize|p1a: Primarina|Ghost
|move|p2a: Exeggutor|Giga Drain|p1a: Primarina
|-damage|p1a: Primarina|61/100
|move|p1a: Primarina|Substitute|p1a: Primarina
|-start|p1a: Primarina|Substitute
|-damage|p1a: Primarina|36/100
|
|-weather|SunnyDay|[upkeep]
|-heal|p1a: Primarina|42/100|[from] item: Leftovers
|upkeep
|turn|16
|
|t:|1760440465
|move|p2a: Exeggutor|Psychic Noise|p1a: Primarina
|-damage|p1a: Primarina|2/100
|-start|p1a: Primarina|move: Heal Block
|move|p1a: Primarina|Psychic Noise|p2a: Exeggutor
|-resisted|p2a: Exeggutor
|-damage|p2a: Exeggutor|88/100
|-start|p2a: Exeggutor|move: Heal Block
|
|-weather|none
|upkeep
|turn|17
|-message|E800 forfeited.
|
|win|iyasih
|raw|E800's rating: 1295 &rarr; <strong>1266</strong><br />(-29 for losing)
|raw|iyasih's rating: 1246 &rarr; <strong>1275</strong><br />(+29 for winning)
|l|☆E800
|player|p1|
|l|☆iyasih
|player|p2|
