|j|☆ShadowSneak79
|j|☆bmove
|t:|1760414682
|gametype|singles
|player|p1|ShadowSneak79|2|1189
|player|p2|bmove|169|1205
|gen|9
|tier|[Gen 9] OU
|rated|
|rule|HP Percentage Mod: HP is shown in percentages
|rule|Endless Battle Clause: Forcing endless battles is banned
|rule|Species Clause: Limit one of each Pokémon
|rule|OHKO Clause: OHKO moves are banned
|rule|Evasion Items Clause: Evasion items are banned
|rule|Evasion Moves Clause: Evasion moves are banned
|rule|Evasion Abilities Clause: Evasion abilities are banned
|rule|Sleep Moves Clause: Sleep-inducing moves are banned
|clearpoke
|poke|p1|Great Tusk|
|poke|p1|Kingambit, F|
|poke|p1|Raging Bolt|
|poke|p1|Walking Wake|
|poke|p1|Ninetales, M|
|poke|p1|Ceruledge, F|
|poke|p2|Alomomola, M|
|poke|p2|Garganacl, M|
|poke|p2|Kingambit, F|
|poke|p2|Blaziken, F|
|poke|p2|Grimmsnarl, M|
|poke|p2|Goodra-Hisui, F|
|teampreview
|inactive|Battle timer is ON: inactive players will automatically lose when time's up. (requested by ShadowSneak79)
|
|t:|1760414705
|teamsize|p1|6
|teamsize|p2|6
|start
|switch|p1a: Ninetales|Ninetales, M|100/100
|switch|p2a: Grimmsnarl|Grimmsnarl, M|100/100
|-weather|SunnyDay|[from] ability: Drought|[of] p1a: Ninetales
|turn|1
|
|t:|1760414713
|move|p2a: Grimmsnarl|Light Screen|p2a: Grimmsnarl
|-sidestart|p2: bmove|move: Light Screen
|move|p1a: Ninetales|Overheat|p2a: Grimmsnarl
|-damage|p2a: Grimmsnarl|75/100
|-unboost|p1a: Ninetales|spa|2
|
|-weather|SunnyDay|[upkeep]
|upkeep
|turn|2
|
|t:|1760414722
|move|p2a: Grimmsnarl|Reflect|p2a: Grimmsnarl
|-sidestart|p2: bmove|Reflect
|move|p1a: Ninetales|Scorching Sands|p2a: Grimmsnarl
|-damage|p2a: Grimmsnarl|72/100
|
|-weather|SunnyDay|[upkeep]
|upkeep
|turn|3
|
|t:|1760414728
|move|p2a: Grimmsnarl|Thunder Wave|p1a: Ninetales
|-status|p1a: Ninetales|par
|move|p1a: Ninetales|Scorching Sands|p2a: Grimmsnarl
|-damage|p2a: Grimmsnarl|68/100
|-status|p2a: Grimmsnarl|brn
|
|-weather|SunnyDay|[upkeep]
|-damage|p2a: Grimmsnarl|62/100 brn|[from] brn
|upkeep
|turn|4
|
|t:|1760414739
|move|p2a: Grimmsnarl|Parting Shot|p1a: Ninetales
|-unboost|p1a: Ninetales|atk|1
|-unboost|p1a: Ninetales|spa|1
|
|t:|1760414744
|switch|p2a: Blaziken|Blaziken, F|100/100|[from] Parting Shot
|move|p1a: Ninetales|Encore||[still]
|-fail|p1a: Ninetales
|
|-weather|SunnyDay|[upkeep]
|upkeep
|turn|5
|
|t:|1760414752
|move|p2a: Blaziken|Focus Energy|p2a: Blaziken
|-start|p2a: Blaziken|move: Focus Energy
|cant|p1a: Ninetales|par
|
|-weather|SunnyDay|[upkeep]
|-ability|p2a: Blaziken|Speed Boost|boost
|-boost|p2a: Blaziken|spe|1
|upkeep
|turn|6
|
|t:|1760414765
|move|p2a: Blaziken|Fire Blast|p1a: Ninetales
|-resisted|p1a: Ninetales
|-damage|p1a: Ninetales|49/100 par
|move|p1a: Ninetales|Scorching Sands|p2a: Blaziken
|-supereffective|p2a: Blaziken
|-damage|p2a: Blaziken|91/100
|
|-weather|SunnyDay|[upkeep]
|-ability|p2a: Blaziken|Speed Boost|boost
|-boost|p2a: Blaziken|spe|1
|upkeep
|turn|7
|
|t:|1760414774
|move|p2a: Blaziken|Fire Blast|p1a: Ninetales
|-resisted|p1a: Ninetales
|-damage|p1a: Ninetales|0 fnt
|faint|p1a: Ninetales
|
|-weather|SunnyDay|[upkeep]
|-ability|p2a: Blaziken|Speed Boost|boost
|-boost|p2a: Blaziken|spe|1
|upkeep
|
|t:|1760414785
|switch|p1a: Great Tusk|Great Tusk|100/100
|-activate|p1a: Great Tusk|ability: Protosynthesis
|-start|p1a: Great Tusk|protosynthesisatk
|turn|8
|
|t:|1760414791
|move|p2a: Blaziken|Fire Blast|p1a: Great Tusk
|-crit|p1a: Great Tusk
|-damage|p1a: Great Tusk|0 fnt
|faint|p1a: Great Tusk
|-end|p1a: Great Tusk|Protosynthesis|[silent]
|
|-weather|none
|-sideend|p2: bmove|move: Light Screen
|-ability|p2a: Blaziken|Speed Boost|boost
|-boost|p2a: Blaziken|spe|1
|upkeep
|
|t:|1760414797
|switch|p1a: Walking Wake|Walking Wake|100/100
|turn|9
|
|t:|1760414802
|move|p2a: Blaziken|Focus Blast|p1a: Walking Wake
|-crit|p1a: Walking Wake
|-damage|p1a: Walking Wake|0 fnt
|faint|p1a: Walking Wake
|-end|p1a: Walking Wake|Protosynthesis|[silent]
|
|-sideend|p2: bmove|Reflect
|-ability|p2a: Blaziken|Speed Boost|boost
|-boost|p2a: Blaziken|spe|1
|upkeep
|
|t:|1760414808
|switch|p1a: Ceruledge|Ceruledge, F|100/100
|turn|10
|
|t:|1760414815
|switch|p2a: Alomomola|Alomomola, M|100/100
|move|p1a: Ceruledge|Swords Dance|p1a: Ceruledge
|-boost|p1a: Ceruledge|atk|2
|
|upkeep
|turn|11
|
|t:|1760414826
|-terastallize|p1a: Ceruledge|Fairy
|move|p1a: Ceruledge|Poltergeist|p2a: Alomomola
|-activate|p2a: Alomomola|move: Poltergeist|Rocky Helmet
|-damage|p2a: Alomomola|35/100
|move|p2a: Alomomola|Flip Turn|p1a: Ceruledge
|-damage|p1a: Ceruledge|82/100
|-ability|p1a: Ceruledge|Weak Armor|boost
|-unboost|p1a: Ceruledge|def|1
|-boost|p1a: Ceruledge|spe|2
|
|t:|1760414843
|switch|p2a: Grimmsnarl|Grimmsnarl, M|62/100 brn|[from] Flip Turn
|
|-damage|p2a: Grimmsnarl|56/100 brn|[from] brn
|upkeep
|turn|12
|
|t:|1760414851
|move|p2a: Grimmsnarl|Reflect|p2a: Grimmsnarl
|-sidestart|p2: bmove|Reflect
|move|p1a: Ceruledge|Poltergeist|p2a: Grimmsnarl
|-activate|p2a: Grimmsnarl|move: Poltergeist|Light Clay
|-resisted|p2a: Grimmsnarl
|-damage|p2a: Grimmsnarl|19/100 brn
|
|-damage|p2a: Grimmsnarl|13/100 brn|[from] brn
|upkeep
|turn|13
|
|t:|1760414857
|move|p2a: Grimmsnarl|Thunder Wave|p1a: Ceruledge|[miss]
|-miss|p2a: Grimmsnarl|p1a: Ceruledge
|move|p1a: Ceruledge|Bitter Blade|p2a: Grimmsnarl
|-damage|p2a: Grimmsnarl|0 fnt
|-heal|p1a: Ceruledge|89/100|[from] drain|[of] p2a: Grimmsnarl
|faint|p2a: Grimmsnarl
|
|upkeep
|
|t:|1760414880
|switch|p2a: Kingambit|Kingambit, F|100/100
|-activate|p2a: Kingambit|ability: Supreme Overlord
|-start|p2a: Kingambit|fallen1|[silent]
|turn|14
|
|t:|1760414887
|-terastallize|p2a: Kingambit|Flying
|move|p1a: Ceruledge|Bitter Blade|p2a: Kingambit
|-damage|p2a: Kingambit|67/100
|-heal|p1a: Ceruledge|100/100|[from] drain|[of] p2a: Kingambit
|move|p2a: Kingambit|Swords Dance|p2a: Kingambit
|-boost|p2a: Kingambit|atk|2
|
|upkeep
|turn|15
|
|t:|1760414894
|move|p2a: Kingambit|Sucker Punch|p1a: Ceruledge
|-resisted|p1a: Ceruledge
|-damage|p1a: Ceruledge|13/100
|-ability|p1a: Ceruledge|Weak Armor|boost
|-unboost|p1a: Ceruledge|def|1
|-boost|p1a: Ceruledge|spe|2
|move|p1a: Ceruledge|Poltergeist|p2a: Kingambit
|-activate|p2a: Kingambit|move: Poltergeist|Black Glasses
|-damage|p2a: Kingambit|20/100
|
|upkeep
|turn|16
|
|t:|1760414907
|move|p2a: Kingambit|Sucker Punch||[still]
|-fail|p2a: Kingambit
|move|p1a: Ceruledge|Swords Dance|p1a: Ceruledge
|-boost|p1a: Ceruledge|atk|2
|
|upkeep
|turn|17
|
|t:|1760414910
|move|p1a: Ceruledge|Shadow Sneak|p2a: Kingambit
|-damage|p2a: Kingambit|0 fnt
|faint|p2a: Kingambit
|-end|p2a: Kingambit|fallen1|[silent]
|
|upkeep
|
|t:|1760414917
|switch|p2a: Garganacl|Garganacl, M|100/100
|turn|18
|
|t:|1760414922
|move|p1a: Ceruledge|Poltergeist|p2a: Garganacl
|-activate|p2a: Garganacl|move: Poltergeist|Leftovers
|-damage|p2a: Garganacl|77/100
|move|p2a: Garganacl|Iron Defense|p2a: Garganacl
|-boost|p2a: Garganacl|def|2
|
|-heal|p2a: Garganacl|83/100|[from] item: Leftovers
|upkeep
|turn|19
|
|t:|1760414934
|move|p1a: Ceruledge|Poltergeist|p2a: Garganacl
|-activate|p2a: Garganacl|move: Poltergeist|Leftovers
|-damage|p2a: Garganacl|71/100
|move|p2a: Garganacl|Body Press|p1a: Ceruledge
|-resisted|p1a: Ceruledge
|-crit|p1a: Ceruledge
|-damage|p1a: Ceruledge|0 fnt
|faint|p1a: Ceruledge
|
|-heal|p2a: Garganacl|77/100|[from] item: Leftovers
|-sideend|p2: bmove|Reflect
|upkeep
|
|t:|1760414939
|switch|p1a: Raging Bolt|Raging Bolt|100/100
|turn|20
|
|t:|1760414944
|move|p1a: Raging Bolt|Solar Beam||[still]
|-prepare|p1a: Raging Bolt|Solar Beam
|move|p2a: Garganacl|Body Press|p1a: Raging Bolt
|-damage|p1a: Raging Bolt|48/100
|
|-heal|p2a: Garganacl|83/100|[from] item: Leftovers
|upkeep
|turn|21
|
|t:|1760414963
|switch|p2a: Goodra|Goodra-Hisui, F|100/100
|move|p1a: Raging Bolt|Solar Beam|p2a: Goodra|[from] lockedmove
|-resisted|p2a: Goodra
|-damage|p2a: Goodra|94/100
|-damage|p1a: Raging Bolt|38/100|[from] item: Life Orb
|
|upkeep
|turn|22
|
|t:|1760414970
|move|p1a: Raging Bolt|Dragon Pulse|p2a: Goodra
|-damage|p2a: Goodra|64/100
|-damage|p1a: Raging Bolt|28/100|[from] item: Life Orb
|move|p2a: Goodra|Draco Meteor|p1a: Raging Bolt
|-supereffective|p1a: Raging Bolt
|-damage|p1a: Raging Bolt|0 fnt
|-unboost|p2a: Goodra|spa|2
|faint|p1a: Raging Bolt
|-end|p1a: Raging Bolt|Protosynthesis|[silent]
|
|upkeep
|
|t:|1760414972
|switch|p1a: Kingambit|Kingambit, F|100/100
|-activate|p1a: Kingambit|ability: Supreme Overlord
|-start|p1a: Kingambit|fallen5|[silent]
|-item|p1a: Kingambit|Air Balloon
|turn|23
|
|t:|1760414978
|switch|p2a: Alomomola|Alomomola, M|68/100
|move|p1a: Kingambit|Swords Dance|p1a: Kingambit
|-boost|p1a: Kingambit|atk|2
|
|upkeep
|turn|24
|
|t:|1760414986
|move|p1a: Kingambit|Kowtow Cleave|p2a: Alomomola
|-damage|p2a: Alomomola|0 fnt
|-damage|p1a: Kingambit|84/100|[from] item: Rocky Helmet|[of] p2a: Alomomola
|faint|p2a: Alomomola
|
|upkeep
|
|t:|1760414990
|switch|p2a: Blaziken|Blaziken, F|91/100
|turn|25
|
|t:|1760414994
|move|p1a: Kingambit|Sucker Punch|p2a: Blaziken
|-resisted|p2a: Blaziken
|-damage|p2a: Blaziken|0 fnt
|faint|p2a: Blaziken
|
|upkeep
|
|t:|1760414999
|switch|p2a: Garganacl|Garganacl, M|83/100
|turn|26
|
|t:|1760415001
|move|p1a: Kingambit|Low Kick|p2a: Garganacl
|-supereffective|p2a: Garganacl
|-damage|p2a: Garganacl|0 fnt
|faint|p2a: Garganacl
|
|upkeep
|
|t:|1760415005
|switch|p2a: Goodra|Goodra-Hisui, F|64/100
|turn|27
|
|t:|1760415022
|move|p1a: Kingambit|Low Kick|p2a: Goodra
|-supereffective|p2a: Goodra
|-damage|p2a: Goodra|0 fnt
|faint|p2a: Goodra
|
|win|ShadowSneak79
|raw|ShadowSneak79's rating: 1189 &rarr; <strong>1215</strong><br />(+26 for winning)
|raw|bmove's rating: 1205 &rarr; <strong>1179</strong><br />(-26 for losing)
|l|☆bmove
|player|p2|
|l|☆ShadowSneak79
|player|p1|
