|j|☆KoB_RedJood
|j|☆LouisRegen
|t:|1760440733
|gametype|singles
|player|p1|KoB_RedJood|102|1164
|player|p2|LouisRegen|giovanni|1224
|gen|9
|tier|[Gen 9] OU
|rated|
|rule|HP Percentage Mod: HP is shown in percentages
|rule|Endless Battle Clause: Forcing endless battles is banned
|rule|Species Clause: Limit one of each Pokémon
|rule|OHKO Clause: OHKO moves are banned
|rule|Evasion Items Clause: Evasion items are banned
|rule|Evasion Moves Clause: Evasion moves are banned
|rule|Evasion Abilities Clause: Evasion abilities are banned
|rule|Sleep Moves Clause: Sleep-inducing moves are banned
|clearpoke
|poke|p1|Walking Wake|
|poke|p1|Sableye, M|
|poke|p1|Ninetales, M|
|poke|p1|Lilligant-Hisui, F|
|poke|p1|Registeel|
|poke|p1|Weezing-Galar, F|
|poke|p2|Blaziken, M|
|poke|p2|Cloyster, M|
|poke|p2|Corviknight, M|
|poke|p2|Haxorus, M|
|poke|p2|Ribombee, F|
|poke|p2|Iron Moth|
|teampreview
|
|t:|1760440745
|teamsize|p1|6
|teamsize|p2|6
|start
|switch|p1a: Ninetales|Ninetales, M|100/100
|switch|p2a: Ribombee|Ribombee, F|100/100
|-weather|SunnyDay|[from] ability: Drought|[of] p1a: Ninetales
|turn|1
|inactive|Battle timer is ON: inactive players will automatically lose when time's up. (requested by LouisRegen)
|
|t:|1760440754
|move|p2a: Ribombee|Sticky Web|p1a: Ninetales
|-sidestart|p1: KoB_RedJood|move: Sticky Web
|move|p1a: Ninetales|Weather Ball|p2a: Ribombee
|-supereffective|p2a: Ribombee
|-enditem|p2a: Ribombee|Focus Sash
|-damage|p2a: Ribombee|1/100
|
|-weather|SunnyDay|[upkeep]
|upkeep
|turn|2
|
|t:|1760440769
|move|p2a: Ribombee|Light Screen|p2a: Ribombee
|-sidestart|p2: LouisRegen|move: Light Screen
|move|p1a: Ninetales|Weather Ball|p2a: Ribombee
|-supereffective|p2a: Ribombee
|-damage|p2a: Ribombee|0 fnt
|faint|p2a: Ribombee
|
|-weather|SunnyDay|[upkeep]
|upkeep
|
|t:|1760440778
|switch|p2a: Cloyster|Cloyster, M|100/100
|turn|3
|
|t:|1760440784
|switch|p1a: Weezing|Weezing-Galar, F|100/100
|move|p2a: Cloyster|Shell Smash|p2a: Cloyster
|-unboost|p2a: Cloyster|def|1
|-unboost|p2a: Cloyster|spd|1
|-boost|p2a: Cloyster|atk|2
|-boost|p2a: Cloyster|spa|2
|-boost|p2a: Cloyster|spe|2
|-enditem|p2a: Cloyster|White Herb
|-clearnegativeboost|p2a: Cloyster|[silent]
|
|-weather|SunnyDay|[upkeep]
|upkeep
|turn|4
|
|t:|1760440809
|move|p2a: Cloyster|Icicle Spear|p1a: Weezing
|-damage|p1a: Weezing|85/100
|-damage|p1a: Weezing|69/100
|-crit|p1a: Weezing
|-damage|p1a: Weezing|48/100
|-damage|p1a: Weezing|34/100
|-damage|p1a: Weezing|21/100
|-hitcount|p1a: Weezing|5
|move|p1a: Weezing|Will-O-Wisp|p2a: Cloyster
|-status|p2a: Cloyster|brn
|
|-weather|SunnyDay|[upkeep]
|-damage|p2a: Cloyster|94/100 brn|[from] brn
|upkeep
|turn|5
|inactive|LouisRegen has 120 seconds left.
|
|t:|1760440825
|move|p2a: Cloyster|Icicle Spear|p1a: Weezing
|-damage|p1a: Weezing|13/100
|-damage|p1a: Weezing|6/100
|-damage|p1a: Weezing|0 fnt
|faint|p1a: Weezing
|-hitcount|p1: Weezing|3
|
|-weather|SunnyDay|[upkeep]
|-damage|p2a: Cloyster|88/100 brn|[from] brn
|upkeep
|
|t:|1760440830
|switch|p1a: Registeel|Registeel|100/100
|-activate|p1a: Registeel|move: Sticky Web
|-fail|p1a: Registeel|unboost|[from] ability: Clear Body|[of] p1a: Registeel
|turn|6
|inactive|LouisRegen has 120 seconds left.
|
|t:|1760440853
|move|p2a: Cloyster|Shell Smash|p2a: Cloyster
|-unboost|p2a: Cloyster|def|1
|-unboost|p2a: Cloyster|spd|1
|-boost|p2a: Cloyster|atk|2
|-boost|p2a: Cloyster|spa|2
|-boost|p2a: Cloyster|spe|2
|move|p1a: Registeel|Iron Defense|p1a: Registeel
|-boost|p1a: Registeel|def|2
|
|-weather|SunnyDay|[upkeep]
|-damage|p2a: Cloyster|82/100 brn|[from] brn
|-sideend|p2: LouisRegen|move: Light Screen
|upkeep
|turn|7
|inactive|LouisRegen has 120 seconds left.
|
|t:|1760440867
|move|p2a: Cloyster|Icicle Spear|p1a: Registeel
|-resisted|p1a: Registeel
|-damage|p1a: Registeel|98/100
|-resisted|p1a: Registeel
|-damage|p1a: Registeel|95/100
|-resisted|p1a: Registeel
|-damage|p1a: Registeel|93/100
|-resisted|p1a: Registeel
|-damage|p1a: Registeel|90/100
|-resisted|p1a: Registeel
|-damage|p1a: Registeel|88/100
|-hitcount|p1a: Registeel|5
|move|p1a: Registeel|Iron Defense|p1a: Registeel
|-boost|p1a: Registeel|def|2
|
|-weather|SunnyDay|[upkeep]
|-damage|p2a: Cloyster|76/100 brn|[from] brn
|upkeep
|turn|8
|inactive|LouisRegen has 120 seconds left.
|
|t:|1760440888
|switch|p2a: Corviknight|Corviknight, M, shiny|100/100
|-ability|p2a: Corviknight|Pressure
|move|p1a: Registeel|Iron Defense|p1a: Registeel
|-boost|p1a: Registeel|def|2
|
|-weather|none
|upkeep
|turn|9
|
|t:|1760440899
|-terastallize|p1a: Registeel|Fighting
|move|p2a: Corviknight|Bulk Up|p2a: Corviknight
|-boost|p2a: Corviknight|atk|1
|-boost|p2a: Corviknight|def|1
|move|p1a: Registeel|Body Press|p2a: Corviknight
|-damage|p2a: Corviknight|29/100
|
|-heal|p2a: Corviknight|35/100|[from] item: Leftovers
|upkeep
|turn|10
|
|t:|1760440911
|move|p2a: Corviknight|Roost|p2a: Corviknight
|-heal|p2a: Corviknight|85/100
|-singleturn|p2a: Corviknight|move: Roost
|move|p1a: Registeel|Body Press|p2a: Corviknight
|-supereffective|p2a: Corviknight
|-damage|p2a: Corviknight|0 fnt
|faint|p2a: Corviknight
|
|upkeep
|inactive|LouisRegen has 90 seconds left.
|
|t:|1760440933
|switch|p2a: Iron Moth|Iron Moth, shiny|100/100
|-enditem|p2a: Iron Moth|Booster Energy
|-activate|p2a: Iron Moth|ability: Quark Drive|[fromitem]
|-start|p2a: Iron Moth|quarkdrivespe
|turn|11
|inactive|LouisRegen has 90 seconds left.
|
|t:|1760440951
|move|p2a: Iron Moth|Sludge Wave|p1a: Registeel
|-damage|p1a: Registeel|60/100
|move|p1a: Registeel|Amnesia|p1a: Registeel
|-boost|p1a: Registeel|spd|2
|
|upkeep
|turn|12
|inactive|LouisRegen has 90 seconds left.
|
|t:|1760440959
|move|p2a: Iron Moth|Fiery Dance|p1a: Registeel
|-damage|p1a: Registeel|50/100
|move|p1a: Registeel|Amnesia|p1a: Registeel
|-boost|p1a: Registeel|spd|2
|
|upkeep
|turn|13
|inactive|LouisRegen has 90 seconds left.
|
|t:|1760440970
|move|p2a: Iron Moth|Fiery Dance|p1a: Registeel
|-damage|p1a: Registeel|41/100
|move|p1a: Registeel|Amnesia|p1a: Registeel
|-boost|p1a: Registeel|spd|2
|
|upkeep
|turn|14
|
|t:|1760440978
|move|p2a: Iron Moth|Fiery Dance|p1a: Registeel
|-damage|p1a: Registeel|35/100
|-boost|p2a: Iron Moth|spa|1
|move|p1a: Registeel|Rest|p1a: Registeel
|-status|p1a: Registeel|slp|[from] move: Rest
|-heal|p1a: Registeel|100/100 slp|[silent]
|-enditem|p1a: Registeel|Chesto Berry|[eat]
|-curestatus|p1a: Registeel|slp|[msg]
|
|upkeep
|turn|15
|
|t:|1760440991
|move|p2a: Iron Moth|Fiery Dance|p1a: Registeel
|-damage|p1a: Registeel|91/100
|-boost|p2a: Iron Moth|spa|1
|move|p1a: Registeel|Body Press|p2a: Iron Moth
|-resisted|p2a: Iron Moth
|-damage|p2a: Iron Moth|0 fnt
|faint|p2a: Iron Moth
|-end|p2a: Iron Moth|Quark Drive|[silent]
|
|upkeep
|inactive|LouisRegen has 90 seconds left.
|
|t:|1760441002
|switch|p2a: Blaziken|Blaziken, M|100/100
|turn|16
|inactive|LouisRegen has 90 seconds left.
|
|t:|1760441014
|move|p2a: Blaziken|Protect|p2a: Blaziken
|-singleturn|p2a: Blaziken|Protect
|move|p1a: Registeel|Body Press|p2a: Blaziken
|-activate|p2a: Blaziken|move: Protect
|
|-ability|p2a: Blaziken|Speed Boost|boost
|-boost|p2a: Blaziken|spe|1
|upkeep
|turn|17
|inactive|LouisRegen has 90 seconds left.
|
|t:|1760441028
|move|p2a: Blaziken|Swords Dance|p2a: Blaziken
|-boost|p2a: Blaziken|atk|2
|move|p1a: Registeel|Body Press|p2a: Blaziken
|-damage|p2a: Blaziken|0 fnt
|faint|p2a: Blaziken
|
|upkeep
|inactive|LouisRegen has 90 seconds left.
|
|t:|1760441036
|switch|p2a: Cloyster|Cloyster, M|76/100 brn
|turn|18
|
|t:|1760441046
|-terastallize|p2a: Cloyster|Ghost
|move|p2a: Cloyster|Shell Smash|p2a: Cloyster
|-unboost|p2a: Cloyster|def|1
|-unboost|p2a: Cloyster|spd|1
|-boost|p2a: Cloyster|atk|2
|-boost|p2a: Cloyster|spa|2
|-boost|p2a: Cloyster|spe|2
|move|p1a: Registeel|Body Press|p2a: Cloyster
|-immune|p2a: Cloyster
|
|-damage|p2a: Cloyster|69/100 brn|[from] brn
|upkeep
|turn|19
|
|t:|1760441058
|switch|p1a: Madara|Walking Wake|100/100
|-activate|p1a: Madara|move: Sticky Web
|-unboost|p1a: Madara|spe|1
|move|p2a: Cloyster|Shell Smash|p2a: Cloyster
|-unboost|p2a: Cloyster|def|1
|-unboost|p2a: Cloyster|spd|1
|-boost|p2a: Cloyster|atk|2
|-boost|p2a: Cloyster|spa|2
|-boost|p2a: Cloyster|spe|2
|
|-damage|p2a: Cloyster|63/100 brn|[from] brn
|upkeep
|turn|20
|
|t:|1760441073
|move|p2a: Cloyster|Icicle Spear|p1a: Madara
|-damage|p1a: Madara|83/100
|-damage|p1a: Madara|63/100
|-damage|p1a: Madara|45/100
|-damage|p1a: Madara|25/100
|-damage|p1a: Madara|6/100
|-hitcount|p1a: Madara|5
|move|p1a: Madara|Draco Meteor|p2a: Cloyster
|-damage|p2a: Cloyster|0 fnt
|-unboost|p1a: Madara|spa|2
|faint|p2a: Cloyster
|
|upkeep
|
|t:|1760441086
|switch|p2a: Haxorus|Haxorus, M, shiny|100/100
|-ability|p2a: Haxorus|Mold Breaker
|turn|21
|
|t:|1760441091
|move|p2a: Haxorus|Dragon Dance|p2a: Haxorus
|-boost|p2a: Haxorus|atk|1
|-boost|p2a: Haxorus|spe|1
|move|p1a: Madara|Draco Meteor|p2a: Haxorus
|-supereffective|p2a: Haxorus
|-damage|p2a: Haxorus|0 fnt
|-unboost|p1a: Madara|spa|2
|faint|p2a: Haxorus
|
|win|KoB_RedJood
|raw|KoB_RedJood's rating: 1164 &rarr; <strong>1193</strong><br />(+29 for winning)
|raw|LouisRegen's rating: 1224 &rarr; <strong>1195</strong><br />(-29 for losing)
|l|☆KoB_RedJood
|player|p1|
|l|☆LouisRegen
|player|p2|
