|j|☆mechamakachino
|j|☆N00676918
|t:|1760362719
|gametype|singles
|player|p1|mechamakachino|265|1650
|player|p2|N00676918|102|1603
|gen|9
|tier|[Gen 9] OU
|rated|
|rule|HP Percentage Mod: HP is shown in percentages
|rule|Endless Battle Clause: Forcing endless battles is banned
|rule|Species Clause: Limit one of each Pokémon
|rule|OHKO Clause: OHKO moves are banned
|rule|Evasion Items Clause: Evasion items are banned
|rule|Evasion Moves Clause: Evasion moves are banned
|rule|Evasion Abilities Clause: Evasion abilities are banned
|rule|Sleep Moves Clause: Sleep-inducing moves are banned
|clearpoke
|poke|p1|Skarmory, F|
|poke|p1|Ting-Lu|
|poke|p1|Zamazenta-*|
|poke|p1|Pecharunt|
|poke|p1|Clefable, F|
|poke|p1|Walking Wake|
|poke|p2|Kyurem|
|poke|p2|Cinderace, M|
|poke|p2|Iron Moth|
|poke|p2|Lokix, M|
|poke|p2|Primarina, M|
|poke|p2|Thundurus-Therian, M|
|teampreview
|
|t:|1760362728
|teamsize|p1|6
|teamsize|p2|6
|start
|switch|p1a: Thriller|Walking Wake|100/100
|switch|p2a: Cinderace|Cinderace, M|100/100
|turn|1
|inactive|Battle timer is ON: inactive players will automatically lose when time's up. (requested by N00676918)
|
|t:|1760362735
|move|p2a: Cinderace|High Jump Kick|p1a: Thriller
|-start|p2a: Cinderace|typechange|Fighting|[from] ability: Libero
|-damage|p1a: Thriller|36/100
|move|p1a: Thriller|Knock Off|p2a: Cinderace
|-resisted|p2a: Cinderace
|-damage|p2a: Cinderace|89/100
|-enditem|p2a: Cinderace|Heavy-Duty Boots|[from] move: Knock Off|[of] p1a: Thriller
|
|upkeep
|turn|2
|j| FaronAan
|
|t:|1760362744
|-end|p1a: Thriller|Protosynthesis|[silent]
|switch|p1a: Smooth Criminal|Skarmory, F|100/100
|move|p2a: Cinderace|Will-O-Wisp|p1a: Smooth Criminal|[miss]
|-miss|p2a: Cinderace|p1a: Smooth Criminal
|
|upkeep
|turn|3
|
|t:|1760362760
|switch|p1a: Poison Young Thing|Pecharunt|100/100
|move|p2a: Cinderace|Will-O-Wisp|p1a: Poison Young Thing
|-status|p1a: Poison Young Thing|brn
|
|-damage|p1a: Poison Young Thing|94/100 brn|[from] brn
|upkeep
|turn|4
|j| Elphix
|
|t:|1760362784
|switch|p2a: Iron Moth|Iron Moth|100/100
|move|p1a: Poison Young Thing|Parting Shot|p2a: Iron Moth
|-unboost|p2a: Iron Moth|atk|1
|-unboost|p2a: Iron Moth|spa|1
|
|t:|1760362786
|switch|p1a: Rock With You|Ting-Lu|100/100|[from] Parting Shot
|-ability|p1a: Rock With You|Vessel of Ruin
|
|upkeep
|turn|5
|inactive|N00676918 has 120 seconds left.
|
|t:|1760362808
|-end|p2a: Iron Moth|Quark Drive|[silent]
|switch|p2a: Thundurus|Thundurus-Therian, M|100/100
|move|p1a: Rock With You|Stealth Rock|p2a: Thundurus
|-sidestart|p2: N00676918|move: Stealth Rock
|
|upkeep
|turn|6
|j| madfarm
|
|t:|1760362812
|move|p2a: Thundurus|Focus Blast|p1a: Rock With You|[miss]
|-miss|p2a: Thundurus|p1a: Rock With You
|move|p1a: Rock With You|Ruination|p2a: Thundurus
|-damage|p2a: Thundurus|50/100
|
|upkeep
|turn|7
|
|t:|1760362815
|move|p2a: Thundurus|Focus Blast|p1a: Rock With You|[miss]
|-miss|p2a: Thundurus|p1a: Rock With You
|move|p1a: Rock With You|Whirlwind|p2a: Thundurus
|drag|p2a: Kyurem|Kyurem|100/100
|-damage|p2a: Kyurem|76/100|[from] Stealth Rock
|-ability|p2a: Kyurem|Pressure
|
|-heal|p2a: Kyurem|82/100|[from] item: Leftovers
|upkeep
|turn|8
|
|t:|1760362820
|move|p2a: Kyurem|Dragon Dance|p2a: Kyurem
|-boost|p2a: Kyurem|atk|1
|-boost|p2a: Kyurem|spe|1
|move|p1a: Rock With You|Whirlwind|p2a: Kyurem
|drag|p2a: Lokix|Lokix, M|100/100
|-damage|p2a: Lokix|75/100|[from] Stealth Rock
|
|upkeep
|turn|9
|
|t:|1760362825
|switch|p1a: Smooth Criminal|Skarmory, F|100/100
|move|p2a: Lokix|First Impression|p1a: Smooth Criminal
|-resisted|p1a: Smooth Criminal
|-damage|p1a: Smooth Criminal|85/100
|-damage|p2a: Lokix|59/100|[from] item: Rocky Helmet|[of] p1a: Smooth Criminal
|
|upkeep
|turn|10
|
|t:|1760362828
|move|p2a: Lokix|Knock Off|p1a: Smooth Criminal
|-damage|p1a: Smooth Criminal|56/100
|-damage|p2a: Lokix|42/100|[from] item: Rocky Helmet|[of] p1a: Smooth Criminal
|-enditem|p1a: Smooth Criminal|Rocky Helmet|[from] move: Knock Off|[of] p2a: Lokix
|move|p1a: Smooth Criminal|Brave Bird|p2a: Lokix
|-supereffective|p2a: Lokix
|-damage|p2a: Lokix|0 fnt
|faint|p2a: Lokix
|-damage|p1a: Smooth Criminal|44/100|[from] Recoil
|
|upkeep
|
|t:|1760362840
|switch|p2a: Cinderace|Cinderace, M|89/100
|-damage|p2a: Cinderace|64/100|[from] Stealth Rock
|turn|11
|
|t:|1760362846
|move|p2a: Cinderace|Court Change|p2a: Cinderace
|-start|p2a: Cinderace|typechange|Normal|[from] ability: Libero
|-swapsideconditions
|-activate|p2a: Cinderace|move: Court Change
|move|p1a: Smooth Criminal|Spikes|p2a: Cinderace
|-sidestart|p2: N00676918|Spikes
|
|upkeep
|turn|12
|
|t:|1760362850
|move|p2a: Cinderace|Will-O-Wisp|p1a: Smooth Criminal
|-status|p1a: Smooth Criminal|brn
|move|p1a: Smooth Criminal|Roost|p1a: Smooth Criminal
|-heal|p1a: Smooth Criminal|94/100 brn
|-singleturn|p1a: Smooth Criminal|move: Roost
|
|-damage|p1a: Smooth Criminal|88/100 brn|[from] brn
|upkeep
|turn|13
|
|t:|1760362858
|move|p2a: Cinderace|Pyro Ball|p1a: Smooth Criminal
|-supereffective|p1a: Smooth Criminal
|-damage|p1a: Smooth Criminal|48/100 brn
|move|p1a: Smooth Criminal|Spikes|p2a: Cinderace
|-sidestart|p2: N00676918|Spikes
|
|-damage|p1a: Smooth Criminal|42/100 brn|[from] brn
|upkeep
|turn|14
|
|t:|1760362867
|move|p2a: Cinderace|Pyro Ball|p1a: Smooth Criminal
|-supereffective|p1a: Smooth Criminal
|-damage|p1a: Smooth Criminal|1/100 brn
|move|p1a: Smooth Criminal|Brave Bird|p2a: Cinderace
|-damage|p2a: Cinderace|42/100
|-damage|p1a: Smooth Criminal|0 fnt|[from] Recoil
|faint|p1a: Smooth Criminal
|
|upkeep
|
|t:|1760362875
|switch|p1a: Beat It|Zamazenta|100/100
|-ability|p1a: Beat It|Dauntless Shield|boost
|-boost|p1a: Beat It|def|1
|turn|15
|
|t:|1760362881
|move|p1a: Beat It|Close Combat|p2a: Cinderace
|-supereffective|p2a: Cinderace
|-damage|p2a: Cinderace|0 fnt
|-unboost|p1a: Beat It|def|1
|-unboost|p1a: Beat It|spd|1
|faint|p2a: Cinderace
|
|upkeep
|
|t:|1760362884
|switch|p2a: Primarina|Primarina, M|100/100
|-damage|p2a: Primarina|84/100|[from] Spikes
|turn|16
|
|t:|1760362887
|switch|p1a: Poison Young Thing|Pecharunt|94/100 brn
|move|p2a: Primarina|Substitute|p2a: Primarina
|-start|p2a: Primarina|Substitute
|-damage|p2a: Primarina|59/100
|
|-heal|p2a: Primarina|65/100|[from] item: Leftovers
|-damage|p1a: Poison Young Thing|88/100 brn|[from] brn
|upkeep
|turn|17
|
|t:|1760362892
|move|p1a: Poison Young Thing|Malignant Chain|p2a: Primarina
|-supereffective|p2a: Primarina
|-end|p2a: Primarina|Substitute
|move|p2a: Primarina|Calm Mind|p2a: Primarina
|-boost|p2a: Primarina|spa|1
|-boost|p2a: Primarina|spd|1
|
|-heal|p2a: Primarina|71/100|[from] item: Leftovers
|-damage|p1a: Poison Young Thing|82/100 brn|[from] brn
|upkeep
|turn|18
|
|t:|1760362905
|-terastallize|p2a: Primarina|Steel
|move|p1a: Poison Young Thing|Malignant Chain|p2a: Primarina
|-immune|p2a: Primarina
|move|p2a: Primarina|Substitute|p2a: Primarina
|-start|p2a: Primarina|Substitute
|-damage|p2a: Primarina|46/100
|
|-heal|p2a: Primarina|53/100|[from] item: Leftovers
|-damage|p1a: Poison Young Thing|76/100 brn|[from] brn
|upkeep
|turn|19
|
|t:|1760362913
|move|p1a: Poison Young Thing|Parting Shot|p2a: Primarina
|-unboost|p2a: Primarina|atk|1
|-unboost|p2a: Primarina|spa|1
|
|t:|1760362914
|switch|p1a: Rock With You|Ting-Lu|100/100|[from] Parting Shot
|-damage|p1a: Rock With You|94/100|[from] Stealth Rock
|-ability|p1a: Rock With You|Vessel of Ruin
|move|p2a: Primarina|Draining Kiss|p1a: Rock With You
|-supereffective|p1a: Rock With You
|-damage|p1a: Rock With You|76/100
|-heal|p2a: Primarina|73/100|[from] drain|[of] p1a: Rock With You
|
|-heal|p2a: Primarina|79/100|[from] item: Leftovers
|-heal|p1a: Rock With You|83/100|[from] item: Leftovers
|upkeep
|turn|20
|
|t:|1760362928
|-terastallize|p1a: Rock With You|Water
|move|p2a: Primarina|Draining Kiss|p1a: Rock With You
|-damage|p1a: Rock With You|73/100
|-heal|p2a: Primarina|90/100|[from] drain|[of] p1a: Rock With You
|move|p1a: Rock With You|Stealth Rock|p2a: Primarina
|-sidestart|p2: N00676918|move: Stealth Rock
|
|-heal|p2a: Primarina|97/100|[from] item: Leftovers
|-heal|p1a: Rock With You|79/100|[from] item: Leftovers
|upkeep
|turn|21
|
|t:|1760362937
|move|p2a: Primarina|Psychic Noise|p1a: Rock With You
|-resisted|p1a: Rock With You
|-damage|p1a: Rock With You|72/100
|-start|p1a: Rock With You|move: Heal Block
|move|p1a: Rock With You|Whirlwind|p2a: Primarina
|drag|p2a: Kyurem|Kyurem|82/100
|-damage|p2a: Kyurem|65/100|[from] Spikes
|-damage|p2a: Kyurem|40/100|[from] Stealth Rock
|-ability|p2a: Kyurem|Pressure
|
|-heal|p2a: Kyurem|47/100|[from] item: Leftovers
|upkeep
|turn|22
|
|t:|1760362948
|move|p2a: Kyurem|Icicle Spear|p1a: Rock With You
|-resisted|p1a: Rock With You
|-damage|p1a: Rock With You|69/100
|-resisted|p1a: Rock With You
|-crit|p1a: Rock With You
|-damage|p1a: Rock With You|64/100
|-resisted|p1a: Rock With You
|-damage|p1a: Rock With You|61/100
|-hitcount|p1a: Rock With You|3
|move|p1a: Rock With You|Whirlwind|p2a: Kyurem
|drag|p2a: Thundurus|Thundurus-Therian, M|50/100
|
|-end|p1a: Rock With You|move: Heal Block
|upkeep
|turn|23
|
|t:|1760362956
|switch|p1a: Poison Young Thing|Pecharunt|76/100 brn
|move|p2a: Thundurus|Thunderbolt|p1a: Poison Young Thing
|-damage|p1a: Poison Young Thing|20/100 brn
|
|-damage|p1a: Poison Young Thing|14/100 brn|[from] brn
|upkeep
|turn|24
|
|t:|1760362963
|move|p2a: Thundurus|Thunderbolt|p1a: Poison Young Thing
|-damage|p1a: Poison Young Thing|0 fnt
|faint|p1a: Poison Young Thing
|
|upkeep
|
|t:|1760362965
|switch|p1a: Thriller|Walking Wake|36/100
|turn|25
|
|t:|1760362970
|move|p1a: Thriller|Surf|p2a: Thundurus
|-damage|p2a: Thundurus|0 fnt
|faint|p2a: Thundurus
|
|upkeep
|
|t:|1760362975
|switch|p2a: Iron Moth|Iron Moth|100/100
|-damage|p2a: Iron Moth|84/100|[from] Spikes
|-damage|p2a: Iron Moth|59/100|[from] Stealth Rock
|turn|26
|
|t:|1760362982
|-end|p1a: Thriller|Protosynthesis|[silent]
|switch|p1a: Moonwalker|Clefable, F|100/100
|move|p2a: Iron Moth|Energy Ball|p1a: Moonwalker
|-damage|p1a: Moonwalker|54/100
|
|-heal|p1a: Moonwalker|60/100|[from] item: Leftovers
|upkeep
|turn|27
|
|t:|1760362990
|move|p2a: Iron Moth|Energy Ball|p1a: Moonwalker
|-damage|p1a: Moonwalker|16/100
|move|p1a: Moonwalker|Moonblast|p2a: Iron Moth
|-resisted|p2a: Iron Moth
|-damage|p2a: Iron Moth|51/100
|
|-heal|p1a: Moonwalker|22/100|[from] item: Leftovers
|upkeep
|turn|28
|
|t:|1760362995
|move|p2a: Iron Moth|Energy Ball|p1a: Moonwalker
|-damage|p1a: Moonwalker|0 fnt
|faint|p1a: Moonwalker
|
|upkeep
|
|t:|1760362997
|switch|p1a: Beat It|Zamazenta|100/100
|turn|29
|
|t:|1760362999
|move|p1a: Beat It|Stone Edge|p2a: Iron Moth
|-supereffective|p2a: Iron Moth
|-damage|p2a: Iron Moth|0 fnt
|faint|p2a: Iron Moth
|-end|p2a: Iron Moth|Quark Drive|[silent]
|
|upkeep
|
|t:|1760363003
|switch|p2a: Kyurem|Kyurem|47/100
|-damage|p2a: Kyurem|30/100|[from] Spikes
|-damage|p2a: Kyurem|5/100|[from] Stealth Rock
|-ability|p2a: Kyurem|Pressure
|turn|30
|
|t:|1760363005
|move|p1a: Beat It|Heavy Slam|p2a: Kyurem
|-supereffective|p2a: Kyurem
|-damage|p2a: Kyurem|0 fnt
|faint|p2a: Kyurem
|
|upkeep
|
|t:|1760363007
|switch|p2a: Primarina|Primarina, M, tera:Steel|97/100
|-damage|p2a: Primarina|80/100|[from] Spikes
|-damage|p2a: Primarina|74/100|[from] Stealth Rock
|turn|31
|
|t:|1760363010
|move|p1a: Beat It|Close Combat|p2a: Primarina
|-supereffective|p2a: Primarina
|-damage|p2a: Primarina|0 fnt
|-unboost|p1a: Beat It|def|1
|-unboost|p1a: Beat It|spd|1
|faint|p2a: Primarina
|
|win|mechamakachino
|raw|mechamakachino's rating: 1650 &rarr; <strong>1667</strong><br />(+17 for winning)
|raw|N00676918's rating: 1603 &rarr; <strong>1586</strong><br />(-17 for losing)
|l|☆mechamakachino
|player|p1|
|l|☆N00676918
|player|p2|
|l| FaronAan
|l| Elphix
