|j|☆werearewe
|j|☆Megumin's Husband
|t:|1760389229
|gametype|singles
|player|p1|werearewe|169|1514
|player|p2|Megumin's Husband|alder|1594
|gen|9
|tier|[Gen 9] OU
|rated|
|rule|HP Percentage Mod: HP is shown in percentages
|rule|Endless Battle Clause: Forcing endless battles is banned
|rule|Species Clause: Limit one of each Pokémon
|rule|OHKO Clause: OHKO moves are banned
|rule|Evasion Items Clause: Evasion items are banned
|rule|Evasion Moves Clause: Evasion moves are banned
|rule|Evasion Abilities Clause: Evasion abilities are banned
|rule|Sleep Moves Clause: Sleep-inducing moves are banned
|clearpoke
|poke|p1|Ribombee, M|
|poke|p1|Cinderace, F|
|poke|p1|Ogerpon, F|
|poke|p1|Milotic, M|
|poke|p1|Serperior, F|
|poke|p1|Empoleon, M|
|poke|p2|Pecharunt|
|poke|p2|Primarina, F|
|poke|p2|Heatran, M|
|poke|p2|Great Tusk|
|poke|p2|Weavile, F|
|poke|p2|Ogerpon, F|
|teampreview
|
|t:|1760389235
|teamsize|p1|6
|teamsize|p2|6
|start
|switch|p1a: Ribombee|Ribombee, M|100/100
|switch|p2a: Chomusuke|Weavile, F|100/100
|-ability|p2a: Chomusuke|Pressure
|turn|1
|
|t:|1760389240
|move|p2a: Chomusuke|Triple Axel|p1a: Ribombee
|-damage|p1a: Ribombee|72/100
|-hitcount|p1a: Ribombee|1
|move|p1a: Ribombee|Sticky Web|p2a: Chomusuke
|-sidestart|p2: Megumin's Husband|move: Sticky Web
|
|upkeep
|turn|2
|
|t:|1760389244
|move|p2a: Chomusuke|Triple Axel|p1a: Ribombee
|-damage|p1a: Ribombee|40/100
|-damage|p1a: Ribombee|0 fnt
|faint|p1a: Ribombee
|-hitcount|p1: Ribombee|2
|
|upkeep
|
|t:|1760389247
|switch|p1a: Cinderace|Cinderace, F|100/100
|turn|3
|
|t:|1760389251
|switch|p2a: Pecharunt|Pecharunt|100/100
|-activate|p2a: Pecharunt|move: Sticky Web
|-unboost|p2a: Pecharunt|spe|1
|move|p1a: Cinderace|Court Change|p1a: Cinderace
|-swapsideconditions
|-activate|p1a: Cinderace|move: Court Change
|
|upkeep
|turn|4
|
|t:|1760389287
|move|p1a: Cinderace|U-turn|p2a: Pecharunt
|-resisted|p2a: Pecharunt
|-damage|p2a: Pecharunt|98/100
|-damage|p1a: Cinderace|84/100|[from] item: Rocky Helmet|[of] p2a: Pecharunt
|
|t:|1760389291
|switch|p1a: Empoleon|Empoleon, M|100/100|[from] U-turn
|-activate|p1a: Empoleon|move: Sticky Web
|-unboost|p1a: Empoleon|spe|1
|-ability|p1a: Empoleon|Competitive|boost
|-boost|p1a: Empoleon|spa|2
|move|p2a: Pecharunt|Malignant Chain|p1a: Empoleon
|-immune|p1a: Empoleon
|
|upkeep
|turn|5
|
|t:|1760389309
|switch|p2a: Primarina|Primarina, F|100/100
|move|p1a: Empoleon|Surf|p2a: Primarina
|-resisted|p2a: Primarina
|-damage|p2a: Primarina|75/100
|
|upkeep
|turn|6
|
|t:|1760389330
|move|p2a: Primarina|Surf|p1a: Empoleon
|-resisted|p1a: Empoleon
|-crit|p1a: Empoleon
|-damage|p1a: Empoleon|78/100
|move|p1a: Empoleon|Flash Cannon|p2a: Primarina
|-damage|p2a: Primarina|31/100
|
|upkeep
|turn|7
|
|t:|1760389339
|switch|p2a: Great Tusk|Great Tusk|100/100
|move|p1a: Empoleon|Flash Cannon|p2a: Great Tusk
|-damage|p2a: Great Tusk|0 fnt
|faint|p2a: Great Tusk
|-end|p2a: Great Tusk|Protosynthesis|[silent]
|
|upkeep
|
|t:|1760389345
|switch|p2a: Yamawaro|Ogerpon, F|100/100
|turn|8
|
|t:|1760389360
|-terastallize|p2a: Yamawaro|Grass
|detailschange|p2a: Yamawaro|Ogerpon-Teal-Tera, F, tera:Grass
|-ability|p2a: Yamawaro|Embody Aspect (Teal)|boost
|-boost|p2a: Yamawaro|spe|1
|move|p2a: Yamawaro|Ivy Cudgel|p1a: Empoleon
|-damage|p1a: Empoleon|0 fnt
|faint|p1a: Empoleon
|
|upkeep
|
|t:|1760389373
|switch|p1a: Serperior|Serperior, F|100/100
|-activate|p1a: Serperior|move: Sticky Web
|-boost|p1a: Serperior|spe|1
|turn|9
|
|t:|1760389402
|switch|p2a: Heatran|Heatran, M, shiny|100/100
|-item|p2a: Heatran|Air Balloon
|move|p1a: Serperior|Glare|p2a: Heatran
|-status|p2a: Heatran|par
|
|upkeep
|turn|10
|
|t:|1760389410
|switch|p1a: Cinderace|Cinderace, F|84/100
|move|p2a: Heatran|Lava Plume|p1a: Cinderace
|-resisted|p1a: Cinderace
|-damage|p1a: Cinderace|62/100
|
|upkeep
|turn|11
|
|t:|1760389415
|switch|p2a: Pecharunt|Pecharunt|98/100
|move|p1a: Cinderace|U-turn|p2a: Pecharunt
|-resisted|p2a: Pecharunt
|-crit|p2a: Pecharunt
|-damage|p2a: Pecharunt|95/100
|-damage|p1a: Cinderace|45/100|[from] item: Rocky Helmet|[of] p2a: Pecharunt
|
|t:|1760389420
|switch|p1a: Milotic|Milotic, M|100/100|[from] U-turn
|-activate|p1a: Milotic|move: Sticky Web
|-unboost|p1a: Milotic|spe|1
|-ability|p1a: Milotic|Competitive|boost
|-boost|p1a: Milotic|spa|2
|
|upkeep
|turn|12
|
|t:|1760389428
|switch|p2a: Primarina|Primarina, F|31/100
|move|p1a: Milotic|Scald|p2a: Primarina
|-resisted|p2a: Primarina
|-damage|p2a: Primarina|11/100
|
|upkeep
|turn|13
|inactive|Battle timer is ON: inactive players will automatically lose when time's up. (requested by Megumin's Husband)
|
|t:|1760389452
|move|p2a: Primarina|Moonblast|p1a: Milotic
|-damage|p1a: Milotic|76/100
|move|p1a: Milotic|Draining Kiss|p2a: Primarina
|-damage|p2a: Primarina|0 fnt
|-heal|p1a: Milotic|83/100|[from] drain|[of] p2a: Primarina
|faint|p2a: Primarina
|
|upkeep
|inactive|Megumin's Husband has 120 seconds left.
|inactive|Megumin's Husband has 90 seconds left.
|inactive|Megumin's Husband has 60 seconds left.
|inactive|Megumin's Husband has 30 seconds left.
|inactive|Megumin's Husband has 20 seconds left.
|
|t:|1760389584
|switch|p2a: Yamawaro|Ogerpon-Teal-Tera, F, tera:Grass|100/100
|-ability|p2a: Yamawaro|Embody Aspect (Teal)|boost
|-boost|p2a: Yamawaro|spe|1
|turn|14
|inactive|Megumin's Husband has 90 seconds left.
|inactive|werearewe has 120 seconds left.
|inactive|werearewe has 90 seconds left.
|
|t:|1760389659
|switch|p1a: Cinderace|Cinderace, F|45/100
|move|p2a: Yamawaro|Ivy Cudgel|p1a: Cinderace
|-resisted|p1a: Cinderace
|-damage|p1a: Cinderace|0 fnt
|faint|p1a: Cinderace
|
|upkeep
|
|t:|1760389661
|switch|p1a: Ogerpon|Ogerpon, F|100/100
|-activate|p1a: Ogerpon|move: Sticky Web
|-unboost|p1a: Ogerpon|spe|1
|-ability|p1a: Ogerpon|Defiant|boost
|-boost|p1a: Ogerpon|atk|2
|-enditem|p1a: Ogerpon|White Herb
|-clearnegativeboost|p1a: Ogerpon|[silent]
|turn|15
|inactive|werearewe has 90 seconds left.
|
|t:|1760389666
|switch|p2a: Pecharunt|Pecharunt|95/100
|-terastallize|p1a: Ogerpon|Grass
|detailschange|p1a: Ogerpon|Ogerpon-Teal-Tera, F, tera:Grass
|-ability|p1a: Ogerpon|Embody Aspect (Teal)|boost
|-boost|p1a: Ogerpon|spe|1
|move|p1a: Ogerpon|Ivy Cudgel|p2a: Pecharunt
|-resisted|p2a: Pecharunt
|-damage|p2a: Pecharunt|66/100
|
|upkeep
|turn|16
|
|t:|1760389676
|move|p1a: Ogerpon|Knock Off|p2a: Pecharunt
|-supereffective|p2a: Pecharunt
|-damage|p2a: Pecharunt|6/100
|-damage|p1a: Ogerpon|84/100|[from] item: Rocky Helmet|[of] p2a: Pecharunt
|-enditem|p2a: Pecharunt|Rocky Helmet|[from] move: Knock Off|[of] p1a: Ogerpon
|move|p2a: Pecharunt|Malignant Chain|p1a: Ogerpon
|-supereffective|p1a: Ogerpon
|-damage|p1a: Ogerpon|7/100
|
|upkeep
|turn|17
|inactive|werearewe has 90 seconds left.
|inactive|werearewe has 60 seconds left.
|
|t:|1760389751
|move|p1a: Ogerpon|Knock Off|p2a: Pecharunt
|-supereffective|p2a: Pecharunt
|-damage|p2a: Pecharunt|0 fnt
|faint|p2a: Pecharunt
|
|upkeep
|
|t:|1760389758
|switch|p2a: Chomusuke|Weavile, F|100/100
|-ability|p2a: Chomusuke|Pressure
|turn|18
|
|t:|1760389769
|move|p2a: Chomusuke|Ice Shard|p1a: Ogerpon
|-supereffective|p1a: Ogerpon
|-damage|p1a: Ogerpon|0 fnt
|faint|p1a: Ogerpon
|detailschange|p1: Ogerpon|Ogerpon, F|[silent]
|
|upkeep
|
|t:|1760389770
|switch|p1a: Milotic|Milotic, M|83/100
|-activate|p1a: Milotic|move: Sticky Web
|-unboost|p1a: Milotic|spe|1
|-ability|p1a: Milotic|Competitive|boost
|-boost|p1a: Milotic|spa|2
|turn|19
|
|t:|1760389775
|switch|p2a: Yamawaro|Ogerpon-Teal-Tera, F, tera:Grass|100/100
|-ability|p2a: Yamawaro|Embody Aspect (Teal)|boost
|-boost|p2a: Yamawaro|spe|1
|move|p1a: Milotic|Draining Kiss|p2a: Yamawaro
|-damage|p2a: Yamawaro|62/100
|-heal|p1a: Milotic|100/100|[from] drain|[of] p2a: Yamawaro
|
|upkeep
|turn|20
|inactive|werearewe has 60 seconds left.
|
|t:|1760389782
|switch|p1a: Serperior|Serperior, F|100/100
|-activate|p1a: Serperior|move: Sticky Web
|-boost|p1a: Serperior|spe|1
|move|p2a: Yamawaro|Ivy Cudgel|p1a: Serperior
|-resisted|p1a: Serperior
|-damage|p1a: Serperior|38/100
|
|upkeep
|turn|21
|
|t:|1760389785
|switch|p2a: Heatran|Heatran, M, shiny|100/100 par
|-item|p2a: Heatran|Air Balloon
|move|p1a: Serperior|Leaf Storm|p2a: Heatran
|-resisted|p2a: Heatran
|-damage|p2a: Heatran|89/100 par
|-boost|p1a: Serperior|spa|2
|-enditem|p2a: Heatran|Air Balloon
|
|upkeep
|turn|22
|
|t:|1760389792
|switch|p1a: Milotic|Milotic, M|100/100
|-activate|p1a: Milotic|move: Sticky Web
|-unboost|p1a: Milotic|spe|1
|-ability|p1a: Milotic|Competitive|boost
|-boost|p1a: Milotic|spa|2
|switch|p2a: Yamawaro|Ogerpon-Teal-Tera, F, tera:Grass|62/100
|-ability|p2a: Yamawaro|Embody Aspect (Teal)|boost
|-boost|p2a: Yamawaro|spe|1
|
|upkeep
|turn|23
|-message|werearewe forfeited.
|
|win|Megumin's Husband
|raw|werearewe's rating: 1474 &rarr; <strong>1461</strong><br />(-13 for losing)
|raw|Megumin&apos;s Husband's rating: 1594 &rarr; <strong>1607</strong><br />(+13 for winning)
|l|☆werearewe
|player|p1|
