|j|☆hiboudeschamps
|j|☆Ghost_DZ
|t:|1760450316
|gametype|singles
|player|p1|hiboudeschamps|scientist-gen4dp|1522
|player|p2|Ghost_DZ|volkner|1565
|gen|9
|tier|[Gen 9] OU
|rated|
|rule|HP Percentage Mod: HP is shown in percentages
|rule|Endless Battle Clause: Forcing endless battles is banned
|rule|Species Clause: Limit one of each Pokémon
|rule|OHKO Clause: OHKO moves are banned
|rule|Evasion Items Clause: Evasion items are banned
|rule|Evasion Moves Clause: Evasion moves are banned
|rule|Evasion Abilities Clause: Evasion abilities are banned
|rule|Sleep Moves Clause: Sleep-inducing moves are banned
|clearpoke
|poke|p1|Cinderace, M|
|poke|p1|Kingambit, M|
|poke|p1|Dragonite, M|
|poke|p1|Gholdengo|
|poke|p1|Iron Valiant|
|poke|p1|Samurott-Hisui, M|
|poke|p2|Toxapex, F|
|poke|p2|Gliscor, F|
|poke|p2|Blissey, F|
|poke|p2|Dondozo, M|
|poke|p2|Moltres|
|poke|p2|Cresselia, F|
|teampreview
|inactive|Battle timer is ON: inactive players will automatically lose when time's up. (requested by Ghost_DZ)
|
|t:|1760450321
|teamsize|p1|6
|teamsize|p2|6
|start
|switch|p1a: Samurott|Samurott-Hisui, M|100/100
|switch|p2a: Toxapex|Toxapex, F|100/100
|turn|1
|
|t:|1760450327
|move|p2a: Toxapex|Baneful Bunker|p2a: Toxapex
|-singleturn|p2a: Toxapex|move: Protect
|move|p1a: Samurott|Ceaseless Edge|p2a: Toxapex
|-activate|p2a: Toxapex|move: Protect
|-status|p1a: Samurott|psn
|
|-damage|p1a: Samurott|88/100 psn|[from] psn
|upkeep
|turn|2
|
|t:|1760450331
|move|p1a: Samurott|Ceaseless Edge|p2a: Toxapex
|-damage|p2a: Toxapex|75/100
|-sidestart|p2: Ghost_DZ|Spikes
|move|p2a: Toxapex|Toxic Spikes|p1a: Samurott
|-sidestart|p1: hiboudeschamps|move: Toxic Spikes
|
|-damage|p1a: Samurott|76/100 psn|[from] psn
|upkeep
|turn|3
|
|t:|1760450337
|move|p2a: Toxapex|Baneful Bunker|p2a: Toxapex
|-singleturn|p2a: Toxapex|move: Protect
|move|p1a: Samurott|Ceaseless Edge|p2a: Toxapex
|-activate|p2a: Toxapex|move: Protect
|
|-damage|p1a: Samurott|63/100 psn|[from] psn
|upkeep
|turn|4
|
|t:|1760450344
|move|p1a: Samurott|Ceaseless Edge|p2a: Toxapex
|-damage|p2a: Toxapex|50/100
|-sidestart|p2: Ghost_DZ|Spikes
|move|p2a: Toxapex|Toxic Spikes|p1a: Samurott
|-sidestart|p1: hiboudeschamps|move: Toxic Spikes
|
|-damage|p1a: Samurott|51/100 psn|[from] psn
|upkeep
|turn|5
|
|t:|1760450351
|move|p2a: Toxapex|Baneful Bunker|p2a: Toxapex
|-singleturn|p2a: Toxapex|move: Protect
|move|p1a: Samurott|Ceaseless Edge|p2a: Toxapex
|-activate|p2a: Toxapex|move: Protect
|
|-damage|p1a: Samurott|38/100 psn|[from] psn
|upkeep
|turn|6
|
|t:|1760450359
|switch|p2a: Gliscor|Gliscor, F|100/100
|move|p1a: Samurott|Ceaseless Edge|p2a: Gliscor
|-damage|p2a: Gliscor|73/100
|-sidestart|p2: Ghost_DZ|Spikes
|
|-damage|p1a: Samurott|26/100 psn|[from] psn
|-status|p2a: Gliscor|tox|[from] item: Toxic Orb
|upkeep
|turn|7
|
|t:|1760450364
|switch|p1a: Gholdengo|Gholdengo|100/100
|-item|p1a: Gholdengo|Air Balloon
|move|p2a: Gliscor|Protect||[still]
|-fail|p2a: Gliscor
|
|-heal|p2a: Gliscor|86/100 tox|[from] ability: Poison Heal
|upkeep
|turn|8
|
|t:|1760450374
|switch|p2a: Blissey|Blissey, F|100/100
|move|p1a: Gholdengo|Nasty Plot|p1a: Gholdengo
|-boost|p1a: Gholdengo|spa|2
|
|upkeep
|turn|9
|
|t:|1760450377
|move|p1a: Gholdengo|Nasty Plot|p1a: Gholdengo
|-boost|p1a: Gholdengo|spa|2
|move|p2a: Blissey|Calm Mind|p2a: Blissey
|-boost|p2a: Blissey|spa|1
|-boost|p2a: Blissey|spd|1
|
|upkeep
|turn|10
|
|t:|1760450379
|switch|p1a: Iron Valiant|Iron Valiant|100/100
|-status|p1a: Iron Valiant|tox
|-enditem|p1a: Iron Valiant|Booster Energy
|-activate|p1a: Iron Valiant|ability: Quark Drive|[fromitem]
|-start|p1a: Iron Valiant|quarkdrivespe
|move|p2a: Blissey|Calm Mind|p2a: Blissey
|-boost|p2a: Blissey|spa|1
|-boost|p2a: Blissey|spd|1
|
|-damage|p1a: Iron Valiant|94/100 tox|[from] psn
|upkeep
|turn|11
|
|t:|1760450385
|switch|p2a: Toxapex|Toxapex, F|84/100
|move|p1a: Iron Valiant|Encore||[still]
|-fail|p1a: Iron Valiant
|
|-damage|p1a: Iron Valiant|82/100 tox|[from] psn
|upkeep
|turn|12
|
|t:|1760450391
|-end|p1a: Iron Valiant|Quark Drive|[silent]
|switch|p1a: Samurott|Samurott-Hisui, M|26/100 psn
|move|p2a: Toxapex|Poison Jab|p1a: Samurott
|-damage|p1a: Samurott|3/100 psn
|
|-damage|p1a: Samurott|0 fnt|[from] psn
|faint|p1a: Samurott
|upkeep
|
|t:|1760450395
|switch|p1a: Kingambit|Kingambit, M|100/100
|-activate|p1a: Kingambit|ability: Supreme Overlord
|-start|p1a: Kingambit|fallen1|[silent]
|turn|13
|
|t:|1760450405
|switch|p2a: Moltres|Moltres|100/100
|move|p1a: Kingambit|Kowtow Cleave|p2a: Moltres
|-damage|p2a: Moltres|59/100
|-status|p1a: Kingambit|brn|[from] ability: Flame Body|[of] p2a: Moltres
|
|-damage|p1a: Kingambit|94/100 brn|[from] brn
|upkeep
|turn|14
|
|t:|1760450410
|-end|p1a: Kingambit|fallen1|[silent]
|switch|p1a: Gholdengo|Gholdengo|100/100
|-item|p1a: Gholdengo|Air Balloon
|move|p2a: Moltres|Roost|p2a: Moltres
|-heal|p2a: Moltres|100/100
|-singleturn|p2a: Moltres|move: Roost
|
|upkeep
|turn|15
|
|t:|1760450418
|switch|p1a: Dragonite|Dragonite, M|100/100
|move|p2a: Moltres|Flamethrower|p1a: Dragonite
|-resisted|p1a: Dragonite
|-damage|p1a: Dragonite|92/100
|
|upkeep
|turn|16
|
|t:|1760450422
|move|p2a: Moltres|Will-O-Wisp|p1a: Dragonite
|-status|p1a: Dragonite|brn
|move|p1a: Dragonite|Dragon Dance|p1a: Dragonite
|-boost|p1a: Dragonite|atk|1
|-boost|p1a: Dragonite|spe|1
|
|-damage|p1a: Dragonite|86/100 brn|[from] brn
|upkeep
|turn|17
|c|☆hiboudeschamps|Tellement fun
|c|☆hiboudeschamps|Moo litres corps ardent feu follet
|c|☆hiboudeschamps|Vous devez avoir une vie de merde
|c|☆hiboudeschamps|Lesmec s. Qui jouent ça
|inactive|hiboudeschamps has 120 seconds left.
|c|☆hiboudeschamps|Pensez vous
|
|t:|1760450460
|switch|p1a: Gholdengo|Gholdengo|100/100
|-item|p1a: Gholdengo|Air Balloon
|move|p2a: Moltres|U-turn|p1a: Gholdengo
|-resisted|p1a: Gholdengo
|-damage|p1a: Gholdengo|98/100
|-enditem|p1a: Gholdengo|Air Balloon
|
|t:|1760450478
|switch|p2a: Blissey|Blissey, F|100/100|[from] U-turn
|
|upkeep
|turn|18
|inactive|hiboudeschamps has 120 seconds left.
|
|t:|1760450492
|switch|p1a: Cinderace|Cinderace, M|100/100
|move|p2a: Blissey|Calm Mind|p2a: Blissey
|-boost|p2a: Blissey|spa|1
|-boost|p2a: Blissey|spd|1
|
|upkeep
|turn|19
|
|t:|1760450497
|switch|p2a: Toxapex|Toxapex, F|100/100
|move|p1a: Cinderace|Court Change|p1a: Cinderace
|-swapsideconditions
|-activate|p1a: Cinderace|move: Court Change
|
|upkeep
|turn|20
|
|t:|1760450509
|switch|p1a: Gholdengo|Gholdengo|98/100
|-damage|p1a: Gholdengo|73/100|[from] Spikes
|move|p2a: Toxapex|Baneful Bunker||[still]
|-fail|p2a: Toxapex
|
|upkeep
|turn|21
|
|t:|1760450514
|switch|p2a: Blissey|Blissey, F|100/100
|move|p1a: Gholdengo|Nasty Plot|p1a: Gholdengo
|-boost|p1a: Gholdengo|spa|2
|
|upkeep
|turn|22
|j| T-Kizuki_Doma
|
|t:|1760450534
|move|p1a: Gholdengo|Nasty Plot|p1a: Gholdengo
|-boost|p1a: Gholdengo|spa|2
|move|p2a: Blissey|Calm Mind|p2a: Blissey
|-boost|p2a: Blissey|spa|1
|-boost|p2a: Blissey|spd|1
|
|upkeep
|turn|23
|
|t:|1760450537
|move|p1a: Gholdengo|Nasty Plot|p1a: Gholdengo
|-boost|p1a: Gholdengo|spa|2
|move|p2a: Blissey|Calm Mind|p2a: Blissey
|-boost|p2a: Blissey|spa|1
|-boost|p2a: Blissey|spd|1
|
|upkeep
|turn|24
|
|t:|1760450542
|move|p1a: Gholdengo|Make It Rain|p2a: Blissey
|-damage|p2a: Blissey|71/100
|-unboost|p1a: Gholdengo|spa|1
|move|p2a: Blissey|Calm Mind|p2a: Blissey
|-boost|p2a: Blissey|spa|1
|-boost|p2a: Blissey|spd|1
|
|upkeep
|turn|25
|
|t:|1760450551
|switch|p1a: Cinderace|Cinderace, M|100/100
|move|p2a: Blissey|Calm Mind|p2a: Blissey
|-boost|p2a: Blissey|spa|1
|-boost|p2a: Blissey|spd|1
|
|upkeep
|turn|26
|
|t:|1760450556
|switch|p2a: Toxapex|Toxapex, F|100/100
|-sideend|p2: Ghost_DZ|move: Toxic Spikes|[of] p2a: Toxapex
|move|p1a: Cinderace|Will-O-Wisp|p2a: Toxapex
|-status|p2a: Toxapex|brn
|
|-damage|p2a: Toxapex|95/100 brn|[from] brn
|upkeep
|turn|27
|
|t:|1760450563
|switch|p2a: Moltres|Moltres|100/100
|move|p1a: Cinderace|Court Change|p1a: Cinderace
|-swapsideconditions
|-activate|p1a: Cinderace|move: Court Change
|
|upkeep
|turn|28
|
|t:|1760450570
|switch|p1a: Gholdengo|Gholdengo|73/100
|move|p2a: Moltres|Flamethrower|p1a: Gholdengo
|-supereffective|p1a: Gholdengo
|-damage|p1a: Gholdengo|0 fnt
|faint|p1a: Gholdengo
|
|upkeep
|c|☆Ghost_DZ|Pas de ma faute si tu pues la merde au jeu chef
|inactive|hiboudeschamps has 120 seconds left.
|c|☆hiboudeschamps|J'espère que tu vas te faire renverser par un train fils de PO ute
|c|☆hiboudeschamps|Ouah
|c| T-Kizuki_Doma|mdrrrr
|c|☆hiboudeschamps|Je pue la merde
|c|☆hiboudeschamps|Alors que ça fait 3h je joue juste
|c|☆hiboudeschamps|Premier défaite
|inactive|hiboudeschamps has 90 seconds left.
|c|☆hiboudeschamps|Contre un moltres feu follet corps ardent
|c|☆Ghost_DZ|Ptdrrrrrrr tas trop la rage
|c|☆hiboudeschamps|Un français qui joue stall
|c|☆hiboudeschamps|Tu fais honte
|c|☆hiboudeschamps|Espèce de fils de pute
|n|‽hiboudeschamps|hiboudeschamps
|c|~|/log hiboudeschamps was locked from talking by Artemis. (☆hiboudeschamps: Espèce de fils de pute)
|c|~|/raw <small>This action was done automatically. Want to learn more about the AI? <a href="https://www.smogon.com/forums/threads/3570628/#post-9056769">Visit the information thread</a>.</small>
|c| T-Kizuki_Doma|ah
|-message|hiboudeschamps forfeited.
|
|win|Ghost_DZ
