|j|☆vghhjg
|j|☆galoop
|t:|1760308415
|gametype|singles
|player|p1|vghhjg|2|1631
|player|p2|galoop|266|1618
|gen|9
|tier|[Gen 9] OU
|rated|
|rule|HP Percentage Mod: HP is shown in percentages
|rule|Endless Battle Clause: Forcing endless battles is banned
|rule|Species Clause: Limit one of each Pokémon
|rule|OHKO Clause: OHKO moves are banned
|rule|Evasion Items Clause: Evasion items are banned
|rule|Evasion Moves Clause: Evasion moves are banned
|rule|Evasion Abilities Clause: Evasion abilities are banned
|rule|Sleep Moves Clause: Sleep-inducing moves are banned
|clearpoke
|poke|p1|Ribombee, F|
|poke|p1|Gholdengo|
|poke|p1|Dragonite, F|
|poke|p1|Oricorio-Sensu, M|
|poke|p1|Primarina, F|
|poke|p1|Iron Treads|
|poke|p2|Tyranitar, M|
|poke|p2|Excadrill, F|
|poke|p2|Gholdengo|
|poke|p2|Iron Valiant|
|poke|p2|Garchomp, F|
|poke|p2|Primarina, M|
|teampreview
|
|t:|1760308420
|teamsize|p1|6
|teamsize|p2|6
|start
|switch|p1a: Ribombee|Ribombee, F|100/100
|switch|p2a: Primarina|Primarina, M|100/100
|turn|1
|inactive|Battle timer is ON: inactive players will automatically lose when time's up. (requested by galoop)
|
|t:|1760308423
|move|p1a: Ribombee|Sticky Web|p2a: Primarina
|-sidestart|p2: galoop|move: Sticky Web
|move|p2a: Primarina|Surf|p1a: Ribombee
|-damage|p1a: Ribombee|12/100
|
|upkeep
|turn|2
|
|t:|1760308428
|move|p1a: Ribombee|Stun Spore|p2a: Primarina|[miss]
|-miss|p1a: Ribombee|p2a: Primarina
|move|p2a: Primarina|Flip Turn|p1a: Ribombee
|-damage|p1a: Ribombee|0 fnt
|faint|p1a: Ribombee
|j| Rizzofreko
|
|t:|1760308434
|switch|p2a: Tyranitar|Tyranitar, M|100/100|[from] Flip Turn
|-activate|p2a: Tyranitar|move: Sticky Web
|-unboost|p2a: Tyranitar|spe|1
|-weather|Sandstorm|[from] ability: Sand Stream|[of] p2a: Tyranitar
|
|-weather|Sandstorm|[upkeep]
|upkeep
|
|t:|1760308438
|switch|p1a: Iron Treads|Iron Treads|100/100
|turn|3
|
|t:|1760308444
|move|p1a: Iron Treads|Earthquake|p2a: Tyranitar
|-supereffective|p2a: Tyranitar
|-damage|p2a: Tyranitar|14/100
|move|p2a: Tyranitar|Low Kick|p1a: Iron Treads
|-supereffective|p1a: Iron Treads
|-crit|p1a: Iron Treads
|-enditem|p1a: Iron Treads|Focus Sash
|-damage|p1a: Iron Treads|1/100
|
|-weather|Sandstorm|[upkeep]
|upkeep
|turn|4
|
|t:|1760308456
|switch|p2a: Garchomp|Garchomp, F|100/100
|-activate|p2a: Garchomp|move: Sticky Web
|-unboost|p2a: Garchomp|spe|1
|move|p1a: Iron Treads|Earthquake|p2a: Garchomp
|-damage|p2a: Garchomp|72/100
|
|-weather|Sandstorm|[upkeep]
|upkeep
|turn|5
|
|t:|1760308462
|move|p1a: Iron Treads|Stealth Rock|p2a: Garchomp
|-sidestart|p2: galoop|move: Stealth Rock
|move|p2a: Garchomp|Stealth Rock|p1a: Iron Treads
|-sidestart|p1: vghhjg|move: Stealth Rock
|
|-weather|Sandstorm|[upkeep]
|upkeep
|turn|6
|
|t:|1760308468
|move|p1a: Iron Treads|Earthquake|p2a: Garchomp
|-damage|p2a: Garchomp|41/100
|move|p2a: Garchomp|Spikes|p1a: Iron Treads
|-sidestart|p1: vghhjg|Spikes
|
|-weather|none
|upkeep
|turn|7
|
|t:|1760308473
|move|p1a: Iron Treads|Earthquake|p2a: Garchomp
|-damage|p2a: Garchomp|13/100
|move|p2a: Garchomp|Dragon Tail|p1a: Iron Treads
|-resisted|p1a: Iron Treads
|-damage|p1a: Iron Treads|0 fnt
|faint|p1a: Iron Treads
|-end|p1a: Iron Treads|Quark Drive|[silent]
|
|upkeep
|l| Rizzofreko
|
|t:|1760308489
|switch|p1a: Oricorio|Oricorio-Sensu, M|100/100
|-damage|p1a: Oricorio|75/100|[from] Stealth Rock
|turn|8
|
|t:|1760308494
|move|p1a: Oricorio|Revelation Dance|p2a: Garchomp
|-damage|p2a: Garchomp|0 fnt
|faint|p2a: Garchomp
|
|-heal|p1a: Oricorio|82/100|[from] item: Leftovers
|upkeep
|
|t:|1760308501
|switch|p2a: Primarina|Primarina, M|100/100
|-activate|p2a: Primarina|move: Sticky Web
|-unboost|p2a: Primarina|spe|1
|-damage|p2a: Primarina|88/100|[from] Stealth Rock
|turn|9
|
|t:|1760308506
|move|p1a: Oricorio|Quiver Dance|p1a: Oricorio
|-boost|p1a: Oricorio|spa|1
|-boost|p1a: Oricorio|spd|1
|-boost|p1a: Oricorio|spe|1
|move|p2a: Primarina|Moonblast|p1a: Oricorio
|-damage|p1a: Oricorio|31/100
|
|-heal|p1a: Oricorio|37/100|[from] item: Leftovers
|upkeep
|turn|10
|
|t:|1760308516
|move|p1a: Oricorio|Roost|p1a: Oricorio
|-heal|p1a: Oricorio|87/100
|-singleturn|p1a: Oricorio|move: Roost
|move|p2a: Primarina|Moonblast|p1a: Oricorio
|-damage|p1a: Oricorio|33/100
|-unboost|p1a: Oricorio|spa|1
|
|-heal|p1a: Oricorio|40/100|[from] item: Leftovers
|upkeep
|turn|11
|
|t:|1760308525
|move|p1a: Oricorio|Roost|p1a: Oricorio
|-heal|p1a: Oricorio|90/100
|-singleturn|p1a: Oricorio|move: Roost
|move|p2a: Primarina|Moonblast|p1a: Oricorio
|-damage|p1a: Oricorio|40/100
|-unboost|p1a: Oricorio|spa|1
|
|-heal|p1a: Oricorio|46/100|[from] item: Leftovers
|upkeep
|turn|12
|
|t:|1760308531
|move|p1a: Oricorio|Quiver Dance|p1a: Oricorio
|-boost|p1a: Oricorio|spa|1
|-boost|p1a: Oricorio|spd|1
|-boost|p1a: Oricorio|spe|1
|move|p2a: Primarina|Moonblast|p1a: Oricorio
|-damage|p1a: Oricorio|5/100
|
|-heal|p1a: Oricorio|11/100|[from] item: Leftovers
|upkeep
|turn|13
|
|t:|1760308539
|move|p1a: Oricorio|Roost|p1a: Oricorio
|-heal|p1a: Oricorio|61/100
|-singleturn|p1a: Oricorio|move: Roost
|move|p2a: Primarina|Psychic Noise|p1a: Oricorio
|-damage|p1a: Oricorio|42/100
|-start|p1a: Oricorio|move: Heal Block
|
|upkeep
|turn|14
|
|t:|1760308546
|move|p1a: Oricorio|Quiver Dance|p1a: Oricorio
|-boost|p1a: Oricorio|spa|1
|-boost|p1a: Oricorio|spd|1
|-boost|p1a: Oricorio|spe|1
|move|p2a: Primarina|Moonblast|p1a: Oricorio
|-damage|p1a: Oricorio|10/100
|-unboost|p1a: Oricorio|spa|1
|
|-end|p1a: Oricorio|move: Heal Block
|upkeep
|turn|15
|
|t:|1760308554
|move|p1a: Oricorio|Roost|p1a: Oricorio
|-heal|p1a: Oricorio|60/100
|-singleturn|p1a: Oricorio|move: Roost
|move|p2a: Primarina|Psychic Noise|p1a: Oricorio
|-damage|p1a: Oricorio|44/100
|-start|p1a: Oricorio|move: Heal Block
|
|upkeep
|turn|16
|
|t:|1760308560
|move|p1a: Oricorio|Quiver Dance|p1a: Oricorio
|-boost|p1a: Oricorio|spa|1
|-boost|p1a: Oricorio|spd|1
|-boost|p1a: Oricorio|spe|1
|move|p2a: Primarina|Moonblast|p1a: Oricorio
|-damage|p1a: Oricorio|20/100
|
|-end|p1a: Oricorio|move: Heal Block
|upkeep
|turn|17
|
|t:|1760308569
|move|p1a: Oricorio|Roost|p1a: Oricorio
|-heal|p1a: Oricorio|70/100
|-singleturn|p1a: Oricorio|move: Roost
|move|p2a: Primarina|Psychic Noise|p1a: Oricorio
|-damage|p1a: Oricorio|55/100
|-start|p1a: Oricorio|move: Heal Block
|
|upkeep
|turn|18
|
|t:|1760308572
|move|p1a: Oricorio|Quiver Dance|p1a: Oricorio
|-boost|p1a: Oricorio|spa|1
|-boost|p1a: Oricorio|spd|1
|-boost|p1a: Oricorio|spe|1
|move|p2a: Primarina|Moonblast|p1a: Oricorio
|-damage|p1a: Oricorio|33/100
|
|-end|p1a: Oricorio|move: Heal Block
|upkeep
|turn|19
|
|t:|1760308576
|move|p1a: Oricorio|Roost|p1a: Oricorio
|-heal|p1a: Oricorio|83/100
|-singleturn|p1a: Oricorio|move: Roost
|move|p2a: Primarina|Psychic Noise|p1a: Oricorio
|-damage|p1a: Oricorio|71/100
|-start|p1a: Oricorio|move: Heal Block
|
|upkeep
|turn|20
|
|t:|1760308579
|move|p1a: Oricorio|Quiver Dance|p1a: Oricorio
|-boost|p1a: Oricorio|spa|1
|-boost|p1a: Oricorio|spd|1
|-boost|p1a: Oricorio|spe|1
|move|p2a: Primarina|Moonblast|p1a: Oricorio
|-damage|p1a: Oricorio|53/100
|
|-end|p1a: Oricorio|move: Heal Block
|upkeep
|turn|21
|
|t:|1760308585
|move|p1a: Oricorio|Roost|p1a: Oricorio
|-heal|p1a: Oricorio|100/100
|-singleturn|p1a: Oricorio|move: Roost
|move|p2a: Primarina|Moonblast|p1a: Oricorio
|-damage|p1a: Oricorio|80/100
|
|-heal|p1a: Oricorio|87/100|[from] item: Leftovers
|upkeep
|turn|22
|
|t:|1760308588
|move|p1a: Oricorio|Quiver Dance|p1a: Oricorio
|-boost|p1a: Oricorio|spa|1
|-boost|p1a: Oricorio|spd|0
|-boost|p1a: Oricorio|spe|0
|move|p2a: Primarina|Moonblast|p1a: Oricorio
|-damage|p1a: Oricorio|69/100
|
|-heal|p1a: Oricorio|75/100|[from] item: Leftovers
|upkeep
|turn|23
|
|t:|1760308593
|move|p1a: Oricorio|Revelation Dance|p2a: Primarina
|-damage|p2a: Primarina|35/100
|move|p2a: Primarina|Moonblast|p1a: Oricorio
|-damage|p1a: Oricorio|56/100
|
|-heal|p1a: Oricorio|62/100|[from] item: Leftovers
|upkeep
|turn|24
|
|t:|1760308602
|move|p1a: Oricorio|Quiver Dance|p1a: Oricorio
|-boost|p1a: Oricorio|spa|1
|-boost|p1a: Oricorio|spd|0
|-boost|p1a: Oricorio|spe|0
|move|p2a: Primarina|Psychic Noise|p1a: Oricorio
|-damage|p1a: Oricorio|52/100
|-start|p1a: Oricorio|move: Heal Block
|
|upkeep
|turn|25
|
|t:|1760308607
|move|p1a: Oricorio|Revelation Dance|p2a: Primarina
|-damage|p2a: Primarina|0 fnt
|faint|p2a: Primarina
|
|-end|p1a: Oricorio|move: Heal Block
|upkeep
|
|t:|1760308613
|switch|p2a: Gholdengo|Gholdengo|100/100
|-damage|p2a: Gholdengo|94/100|[from] Stealth Rock
|-item|p2a: Gholdengo|Air Balloon
|turn|26
|
|t:|1760308619
|-terastallize|p2a: Gholdengo|Fairy
|move|p1a: Oricorio|Roost|p1a: Oricorio
|-heal|p1a: Oricorio|100/100
|-singleturn|p1a: Oricorio|move: Roost
|move|p2a: Gholdengo|Shadow Ball|p1a: Oricorio
|-supereffective|p1a: Oricorio
|-damage|p1a: Oricorio|75/100
|-unboost|p1a: Oricorio|spd|1
|
|-heal|p1a: Oricorio|82/100|[from] item: Leftovers
|upkeep
|turn|27
|
|t:|1760308629
|move|p1a: Oricorio|Revelation Dance|p2a: Gholdengo
|-damage|p2a: Gholdengo|0 fnt
|-enditem|p2a: Gholdengo|Air Balloon
|faint|p2a: Gholdengo
|
|-heal|p1a: Oricorio|88/100|[from] item: Leftovers
|upkeep
|
|t:|1760308634
|switch|p2a: Tyranitar|Tyranitar, M|14/100
|-activate|p2a: Tyranitar|move: Sticky Web
|-unboost|p2a: Tyranitar|spe|1
|-damage|p2a: Tyranitar|2/100|[from] Stealth Rock
|-weather|Sandstorm|[from] ability: Sand Stream|[of] p2a: Tyranitar
|turn|28
|
|t:|1760308641
|move|p1a: Oricorio|Revelation Dance|p2a: Tyranitar
|-resisted|p2a: Tyranitar
|-damage|p2a: Tyranitar|0 fnt
|faint|p2a: Tyranitar
|
|-weather|Sandstorm|[upkeep]
|-damage|p1a: Oricorio|82/100|[from] Sandstorm
|-heal|p1a: Oricorio|88/100|[from] item: Leftovers
|upkeep
|
|t:|1760308644
|switch|p2a: Excadrill|Excadrill, F|100/100
|turn|29
|-message|galoop forfeited.
|
|win|vghhjg
|raw|vghhjg's rating: 1631 &rarr; <strong>1650</strong><br />(+19 for winning)
|raw|galoop's rating: 1618 &rarr; <strong>1599</strong><br />(-19 for losing)
|l|☆galoop
|player|p2|
|l|☆vghhjg
|player|p1|
