|j|☆SillyScallop
|j|☆Prince_Soowon
|t:|1760360714
|gametype|singles
|player|p1|SillyScallop|maid|1406
|player|p2|Prince_Soowon|maylene|1459
|gen|9
|tier|[Gen 9] OU
|rated|
|rule|HP Percentage Mod: HP is shown in percentages
|rule|Endless Battle Clause: Forcing endless battles is banned
|rule|Species Clause: Limit one of each Pokémon
|rule|OHKO Clause: OHKO moves are banned
|rule|Evasion Items Clause: Evasion items are banned
|rule|Evasion Moves Clause: Evasion moves are banned
|rule|Evasion Abilities Clause: Evasion abilities are banned
|rule|Sleep Moves Clause: Sleep-inducing moves are banned
|clearpoke
|poke|p1|Weezing-Galar, F|
|poke|p1|Landorus-Therian, M|
|poke|p1|Corviknight, M|
|poke|p1|Alomomola, F|
|poke|p1|Darkrai|
|poke|p1|Lokix, M|
|poke|p2|Great Tusk|
|poke|p2|Moltres|
|poke|p2|Alomomola, F|
|poke|p2|Kyurem|
|poke|p2|Mamoswine, F|
|poke|p2|Scizor, M|
|teampreview
|l|☆Prince_Soowon
|player|p2|
|inactive|Battle timer is ON: inactive players will automatically lose when time's up. (requested by SillyScallop)
|inactive|Prince_Soowon has 30 seconds to reconnect!
|inactive|Prince_Soowon has 20 seconds to reconnect!
|inactive|Prince_Soowon has 15 seconds to reconnect!
|j|☆Prince_Soowon
|inactive|Prince_Soowon reconnected and has 105 seconds left.
|player|p2|Prince_Soowon|maylene|
|
|t:|1760360786
|teamsize|p1|6
|teamsize|p2|6
|start
|switch|p1a: Darkrai|Darkrai|100/100
|switch|p2a: Great Tusk|Great Tusk|100/100
|turn|1
|
|t:|1760360806
|switch|p1a: Landorus|Landorus-Therian, M|100/100
|-ability|p1a: Landorus|Intimidate|boost
|-unboost|p2a: Great Tusk|atk|1
|move|p2a: Great Tusk|Stealth Rock|p1a: Landorus
|-sidestart|p1: SillyScallop|move: Stealth Rock
|
|upkeep
|turn|2
|
|t:|1760360816
|move|p1a: Landorus|U-turn|p2a: Great Tusk
|-resisted|p2a: Great Tusk
|-damage|p2a: Great Tusk|92/100
|
|t:|1760360818
|switch|p1a: Corviknight|Corviknight, M|100/100|[from] U-turn
|-damage|p1a: Corviknight|88/100|[from] Stealth Rock
|-ability|p1a: Corviknight|Pressure
|move|p2a: Great Tusk|Knock Off|p1a: Corviknight
|-damage|p1a: Corviknight|73/100
|-damage|p2a: Great Tusk|75/100|[from] item: Rocky Helmet|[of] p1a: Corviknight
|-enditem|p1a: Corviknight|Rocky Helmet|[from] move: Knock Off|[of] p2a: Great Tusk
|
|upkeep
|turn|3
|inactive|Prince_Soowon has 120 seconds left.
|
|t:|1760360854
|-end|p2a: Great Tusk|Protosynthesis|[silent]
|switch|p2a: Kyurem|Kyurem|100/100
|-ability|p2a: Kyurem|Pressure
|move|p1a: Corviknight|Defog|p2a: Kyurem
|-unboost|p2a: Kyurem|evasion|1
|-sideend|p1: SillyScallop|Stealth Rock|[from] move: Defog|[of] p1a: Corviknight
|
|upkeep
|turn|4
|inactive|Prince_Soowon has 120 seconds left.
|
|t:|1760360874
|switch|p1a: Alomomola|Alomomola, F|100/100
|move|p2a: Kyurem|Ice Beam|p1a: Alomomola
|-resisted|p1a: Alomomola
|-damage|p1a: Alomomola|89/100
|
|upkeep
|turn|5
|
|t:|1760360888
|move|p2a: Kyurem|Freeze-Dry|p1a: Alomomola
|-supereffective|p1a: Alomomola
|-damage|p1a: Alomomola|46/100
|move|p1a: Alomomola|Flip Turn|p2a: Kyurem
|-resisted|p2a: Kyurem
|-damage|p2a: Kyurem|92/100
|
|t:|1760360911
|switch|p1a: Lokix|Lokix, M|100/100|[from] Flip Turn
|
|upkeep
|turn|6
|inactive|Prince_Soowon has 120 seconds left.
|
|t:|1760360917
|switch|p2a: Moltres|Moltres|100/100
|move|p1a: Lokix|Knock Off|p2a: Moltres
|-damage|p2a: Moltres|52/100
|-enditem|p2a: Moltres|Heavy-Duty Boots|[from] move: Knock Off|[of] p1a: Lokix
|
|upkeep
|turn|7
|
|t:|1760360923
|switch|p1a: Alomomola|Alomomola, F|79/100
|move|p2a: Moltres|U-turn|p1a: Alomomola
|-damage|p1a: Alomomola|69/100
|
|t:|1760360927
|switch|p2a: Kyurem|Kyurem|92/100|[from] U-turn
|-ability|p2a: Kyurem|Pressure
|
|upkeep
|turn|8
|
|t:|1760360930
|move|p2a: Kyurem|Freeze-Dry|p1a: Alomomola
|-supereffective|p1a: Alomomola
|-crit|p1a: Alomomola
|-damage|p1a: Alomomola|4/100
|move|p1a: Alomomola|Mirror Coat|p2a: Kyurem
|-damage|p2a: Kyurem|0 fnt
|faint|p2a: Kyurem
|
|upkeep
|
|t:|1760360947
|switch|p2a: Great Tusk|Great Tusk|75/100
|turn|9
|
|t:|1760360954
|switch|p1a: Corviknight|Corviknight, M|73/100
|-ability|p1a: Corviknight|Pressure
|move|p2a: Great Tusk|Knock Off|p1a: Corviknight
|-damage|p1a: Corviknight|59/100
|
|upkeep
|turn|10
|
|t:|1760360963
|move|p2a: Great Tusk|Stealth Rock|p1a: Corviknight
|-sidestart|p1: SillyScallop|move: Stealth Rock
|move|p1a: Corviknight|Roost|p1a: Corviknight
|-heal|p1a: Corviknight|100/100
|-singleturn|p1a: Corviknight|move: Roost
|
|upkeep
|turn|11
|
|t:|1760360974
|-end|p2a: Great Tusk|Protosynthesis|[silent]
|switch|p2a: Mamoswine|Mamoswine, F|100/100
|move|p1a: Corviknight|Defog|p2a: Mamoswine
|-unboost|p2a: Mamoswine|evasion|1
|-sideend|p1: SillyScallop|Stealth Rock|[from] move: Defog|[of] p1a: Corviknight
|
|upkeep
|turn|12
|
|t:|1760360982
|-terastallize|p2a: Mamoswine|Ice
|move|p2a: Mamoswine|Icicle Spear|p1a: Corviknight
|-damage|p1a: Corviknight|88/100
|-damage|p1a: Corviknight|75/100
|-damage|p1a: Corviknight|62/100
|-damage|p1a: Corviknight|49/100
|-damage|p1a: Corviknight|35/100
|-hitcount|p1a: Corviknight|5
|move|p1a: Corviknight|Reflect|p1a: Corviknight
|-sidestart|p1: SillyScallop|Reflect
|
|upkeep
|turn|13
|
|t:|1760361005
|move|p2a: Mamoswine|Icicle Spear|p1a: Corviknight
|-damage|p1a: Corviknight|29/100
|-damage|p1a: Corviknight|23/100
|-damage|p1a: Corviknight|17/100
|-damage|p1a: Corviknight|10/100
|-damage|p1a: Corviknight|4/100
|-hitcount|p1a: Corviknight|5
|move|p1a: Corviknight|Roost|p1a: Corviknight
|-heal|p1a: Corviknight|54/100
|-singleturn|p1a: Corviknight|move: Roost
|
|upkeep
|turn|14
|
|t:|1760361016
|move|p2a: Mamoswine|Icicle Spear|p1a: Corviknight
|-damage|p1a: Corviknight|47/100
|-damage|p1a: Corviknight|40/100
|-damage|p1a: Corviknight|33/100
|-damage|p1a: Corviknight|27/100
|-hitcount|p1a: Corviknight|4
|move|p1a: Corviknight|U-turn|p2a: Mamoswine
|-damage|p2a: Mamoswine|85/100
|
|t:|1760361019
|switch|p1a: Darkrai|Darkrai|100/100|[from] U-turn
|
|upkeep
|turn|15
|
|t:|1760361028
|switch|p2a: Alomomola|Alomomola, F|100/100
|move|p1a: Darkrai|Dark Pulse|p2a: Alomomola
|-damage|p2a: Alomomola|68/100
|
|upkeep
|turn|16
|
|t:|1760361032
|switch|p1a: Alomomola|Alomomola, F|37/100
|move|p2a: Alomomola|Flip Turn|p1a: Alomomola
|-resisted|p1a: Alomomola
|-damage|p1a: Alomomola|35/100
|
|t:|1760361038
|switch|p2a: Scizor|Scizor, M|100/100|[from] Flip Turn
|
|-sideend|p1: SillyScallop|Reflect
|upkeep
|turn|17
|
|t:|1760361050
|move|p2a: Scizor|U-turn|p1a: Alomomola
|-damage|p1a: Alomomola|0 fnt
|faint|p1a: Alomomola
|
|t:|1760361058
|switch|p2a: Alomomola|Alomomola, F|100/100|[from] U-turn
|
|upkeep
|
|t:|1760361066
|switch|p1a: Corviknight|Corviknight, M|27/100
|-ability|p1a: Corviknight|Pressure
|turn|18
|
|t:|1760361073
|move|p1a: Corviknight|Roost|p1a: Corviknight
|-heal|p1a: Corviknight|77/100
|-singleturn|p1a: Corviknight|move: Roost
|move|p2a: Alomomola|Scald|p1a: Corviknight
|-damage|p1a: Corviknight|64/100
|
|upkeep
|turn|19
|
|t:|1760361084
|move|p1a: Corviknight|U-turn|p2a: Alomomola
|-damage|p2a: Alomomola|89/100
|
|t:|1760361087
|switch|p1a: Weezing|Weezing-Galar, F|100/100|[from] U-turn
|-ability|p1a: Weezing|Neutralizing Gas
|move|p2a: Alomomola|Scald|p1a: Weezing
|-damage|p1a: Weezing|83/100
|
|upkeep
|turn|20
|inactive|Prince_Soowon has 120 seconds left.
|
|t:|1760361138
|move|p1a: Weezing|Will-O-Wisp|p2a: Alomomola|[miss]
|-miss|p1a: Weezing|p2a: Alomomola
|move|p2a: Alomomola|Flip Turn|p1a: Weezing
|-damage|p1a: Weezing|72/100
|
|t:|1760361140
|switch|p2a: Mamoswine|Mamoswine, F, tera:Ice|85/100|[from] Flip Turn
|
|upkeep
|turn|21
|
|t:|1760361149
|move|p2a: Mamoswine|Icicle Spear|p1a: Weezing
|-damage|p1a: Weezing|58/100
|-damage|p1a: Weezing|44/100
|-damage|p1a: Weezing|32/100
|-damage|p1a: Weezing|18/100
|-damage|p1a: Weezing|5/100
|-hitcount|p1a: Weezing|5
|move|p1a: Weezing|Will-O-Wisp|p2a: Mamoswine
|-status|p2a: Mamoswine|brn
|
|-damage|p2a: Mamoswine|79/100 brn|[from] brn
|upkeep
|turn|22
|inactive|Prince_Soowon has 120 seconds left.
|inactive|Prince_Soowon has 90 seconds left.
|
|t:|1760361187
|-end|p1a: Weezing|ability: Neutralizing Gas
|switch|p1a: Corviknight|Corviknight, M|64/100
|-ability|p1a: Corviknight|Pressure
|move|p2a: Mamoswine|Icicle Spear|p1a: Corviknight
|-damage|p1a: Corviknight|57/100
|-damage|p1a: Corviknight|51/100
|-crit|p1a: Corviknight
|-damage|p1a: Corviknight|41/100
|-damage|p1a: Corviknight|35/100
|-damage|p1a: Corviknight|28/100
|-hitcount|p1a: Corviknight|5
|
|-damage|p2a: Mamoswine|73/100 brn|[from] brn
|upkeep
|turn|23
|
|t:|1760361192
|move|p2a: Mamoswine|Icicle Spear|p1a: Corviknight
|-damage|p1a: Corviknight|21/100
|-damage|p1a: Corviknight|15/100
|-damage|p1a: Corviknight|8/100
|-damage|p1a: Corviknight|2/100
|-hitcount|p1a: Corviknight|4
|move|p1a: Corviknight|Roost|p1a: Corviknight
|-heal|p1a: Corviknight|52/100
|-singleturn|p1a: Corviknight|move: Roost
|
|-damage|p2a: Mamoswine|67/100 brn|[from] brn
|upkeep
|turn|24
|
|t:|1760361200
|switch|p2a: Moltres|Moltres|52/100
|move|p1a: Corviknight|Roost|p1a: Corviknight
|-heal|p1a: Corviknight|100/100
|-singleturn|p1a: Corviknight|move: Roost
|
|upkeep
|turn|25
|
|t:|1760361209
|switch|p1a: Darkrai|Darkrai|100/100
|move|p2a: Moltres|Roost|p2a: Moltres
|-heal|p2a: Moltres|100/100
|-singleturn|p2a: Moltres|move: Roost
|
|upkeep
|turn|26
|
|t:|1760361223
|-terastallize|p1a: Darkrai|Dark
|move|p1a: Darkrai|Dark Pulse|p2a: Moltres
|-crit|p2a: Moltres
|-damage|p2a: Moltres|0 fnt
|faint|p2a: Moltres
|
|upkeep
|inactive|Prince_Soowon has 120 seconds left.
|
|t:|1760361243
|switch|p2a: Great Tusk|Great Tusk|75/100
|turn|27
|
|t:|1760361253
|switch|p1a: Corviknight|Corviknight, M|100/100
|-ability|p1a: Corviknight|Pressure
|move|p2a: Great Tusk|Headlong Rush|p1a: Corviknight
|-immune|p1a: Corviknight
|
|upkeep
|turn|28
|
|t:|1760361257
|-end|p2a: Great Tusk|Protosynthesis|[silent]
|switch|p2a: Alomomola|Alomomola, F|89/100
|move|p1a: Corviknight|U-turn|p2a: Alomomola
|-damage|p2a: Alomomola|77/100
|
|t:|1760361261
|switch|p1a: Lokix|Lokix, M|100/100|[from] U-turn
|
|upkeep
|turn|29
|inactive|Prince_Soowon has 120 seconds left.
|
|t:|1760361290
|move|p1a: Lokix|Knock Off|p2a: Alomomola
|-damage|p2a: Alomomola|21/100
|-enditem|p2a: Alomomola|Assault Vest|[from] move: Knock Off|[of] p1a: Lokix
|move|p2a: Alomomola|Flip Turn|p1a: Lokix
|-crit|p1a: Lokix
|-damage|p1a: Lokix|66/100
|inactive|Prince_Soowon has 120 seconds left.
|
|t:|1760361313
|switch|p2a: Scizor|Scizor, M|100/100|[from] Flip Turn
|
|upkeep
|turn|30
|inactive|SillyScallop has 120 seconds left.
|
|t:|1760361348
|switch|p1a: Corviknight|Corviknight, M|100/100
|-ability|p1a: Corviknight|Pressure
|move|p2a: Scizor|U-turn|p1a: Corviknight
|-resisted|p1a: Corviknight
|-damage|p1a: Corviknight|90/100
|
|t:|1760361351
|switch|p2a: Alomomola|Alomomola, F|55/100|[from] U-turn
|
|upkeep
|turn|31
|
|t:|1760361355
|move|p1a: Corviknight|U-turn|p2a: Alomomola
|-damage|p2a: Alomomola|43/100
|
|t:|1760361357
|switch|p1a: Weezing|Weezing-Galar, F|5/100|[from] U-turn
|-ability|p1a: Weezing|Neutralizing Gas
|move|p2a: Alomomola|Flip Turn|p1a: Weezing
|-damage|p1a: Weezing|0 fnt
|faint|p1a: Weezing
|-end|p1a: Weezing|ability: Neutralizing Gas
|
|t:|1760361366
|switch|p2a: Mamoswine|Mamoswine, F, tera:Ice|67/100 brn|[from] Flip Turn
|
|-damage|p2a: Mamoswine|61/100 brn|[from] brn
|upkeep
|
|t:|1760361373
|switch|p1a: Darkrai|Darkrai, tera:Dark|100/100
|turn|32
|
|t:|1760361384
|move|p2a: Mamoswine|Ice Shard|p1a: Darkrai
|-damage|p1a: Darkrai|81/100
|move|p1a: Darkrai|Dark Pulse|p2a: Mamoswine
|-damage|p2a: Mamoswine|0 fnt
|faint|p2a: Mamoswine
|
|upkeep
|
|t:|1760361386
|switch|p2a: Scizor|Scizor, M|100/100
|turn|33
|
|t:|1760361396
|move|p1a: Darkrai|Dark Pulse|p2a: Scizor
|-damage|p2a: Scizor|0 fnt
|faint|p2a: Scizor
|
|upkeep
|-message|Prince_Soowon forfeited.
|
|win|SillyScallop
|raw|SillyScallop's rating: 1406 &rarr; <strong>1429</strong><br />(+23 for winning)
|raw|Prince_Soowon's rating: 1459 &rarr; <strong>1436</strong><br />(-23 for losing)
|l|☆Prince_Soowon
|player|p2|
