|j|☆himal_ad321
|j|☆milkismilkis
|t:|1760429428
|gametype|singles
|player|p1|himal_ad321|dragontamer|1286
|player|p2|milkismilkis|ballguy|1319
|gen|9
|tier|[Gen 9] OU
|rated|
|rule|HP Percentage Mod: HP is shown in percentages
|rule|Endless Battle Clause: Forcing endless battles is banned
|rule|Species Clause: Limit one of each Pokémon
|rule|OHKO Clause: OHKO moves are banned
|rule|Evasion Items Clause: Evasion items are banned
|rule|Evasion Moves Clause: Evasion moves are banned
|rule|Evasion Abilities Clause: Evasion abilities are banned
|rule|Sleep Moves Clause: Sleep-inducing moves are banned
|clearpoke
|poke|p1|Ogerpon-Wellspring, F|
|poke|p1|Kingambit, F|
|poke|p1|Landorus-Therian, M|
|poke|p1|Glimmora, F|
|poke|p1|Dragapult, M|
|poke|p1|Iron Valiant|
|poke|p2|Cinderace, F|
|poke|p2|Lokix, F|
|poke|p2|Corviknight, M|
|poke|p2|Garganacl, F|
|poke|p2|Dragapult, F|
|poke|p2|Iron Crown|
|teampreview
|inactive|Battle timer is ON: inactive players will automatically lose when time's up. (requested by milkismilkis)
|inactive|himal_ad321 also wants the timer to be on.
|
|t:|1760429445
|teamsize|p1|6
|teamsize|p2|6
|start
|switch|p1a: Dragapult|Dragapult, M|100/100
|switch|p2a: Iron Crown|Iron Crown|100/100
|turn|1
|
|t:|1760429454
|move|p1a: Dragapult|Shadow Ball|p2a: Iron Crown
|-supereffective|p2a: Iron Crown
|-damage|p2a: Iron Crown|0 fnt
|faint|p2a: Iron Crown
|-end|p2a: Iron Crown|Quark Drive|[silent]
|
|upkeep
|
|t:|1760429462
|switch|p2a: Lokix|Lokix, F|100/100
|turn|2
|
|t:|1760429465
|switch|p1a: Kingambit|Kingambit, F|100/100
|move|p2a: Lokix|Knock Off|p1a: Kingambit
|-resisted|p1a: Kingambit
|-damage|p1a: Kingambit|52/100
|-enditem|p1a: Kingambit|Leftovers|[from] move: Knock Off|[of] p2a: Lokix
|
|upkeep
|turn|3
|
|t:|1760429479
|switch|p2a: Cinderace|Cinderace, F|100/100
|move|p1a: Kingambit|Iron Head|p2a: Cinderace
|-resisted|p2a: Cinderace
|-damage|p2a: Cinderace|69/100
|
|upkeep
|turn|4
|
|t:|1760429499
|-end|p1a: Kingambit|fallenundefined|[silent]
|switch|p1a: Glimmora|Glimmora, F|100/100
|move|p2a: Cinderace|Pyro Ball|p1a: Glimmora
|-resisted|p1a: Glimmora
|-damage|p1a: Glimmora|65/100
|-activate|p1a: Glimmora|ability: Toxic Debris
|-sidestart|p2: milkismilkis|move: Toxic Spikes
|
|upkeep
|turn|5
|
|t:|1760429516
|move|p2a: Cinderace|Pyro Ball|p1a: Glimmora|[miss]
|-miss|p2a: Cinderace|p1a: Glimmora
|move|p1a: Glimmora|Spikes|p2a: Cinderace
|-sidestart|p2: milkismilkis|Spikes
|
|upkeep
|turn|6
|
|t:|1760429522
|move|p2a: Cinderace|U-turn|p1a: Glimmora
|-start|p2a: Cinderace|typechange|Bug|[from] ability: Libero
|-resisted|p1a: Glimmora
|-damage|p1a: Glimmora|45/100
|-activate|p1a: Glimmora|ability: Toxic Debris
|-sidestart|p2: milkismilkis|move: Toxic Spikes
|
|t:|1760429526
|switch|p2a: Dragapult|Dragapult, F|100/100|[from] U-turn
|move|p1a: Glimmora|Meteor Beam||[still]
|-prepare|p1a: Glimmora|Meteor Beam
|-boost|p1a: Glimmora|spa|1
|-enditem|p1a: Glimmora|Power Herb
|-anim|p1a: Glimmora|Meteor Beam|p2a: Dragapult
|-damage|p2a: Dragapult|0 fnt
|faint|p2a: Dragapult
|
|upkeep
|
|t:|1760429537
|switch|p2a: Cinderace|Cinderace, F|69/100
|turn|7
|
|t:|1760429548
|move|p2a: Cinderace|Sucker Punch|p1a: Glimmora
|-start|p2a: Cinderace|typechange|Dark|[from] ability: Libero
|-crit|p1a: Glimmora
|-damage|p1a: Glimmora|0 fnt
|faint|p1a: Glimmora
|
|upkeep
|inactive|himal_ad321 has 120 seconds left.
|
|t:|1760429583
|switch|p1a: Dragapult|Dragapult, M|100/100
|turn|8
|
|t:|1760429596
|move|p2a: Cinderace|Sucker Punch|p1a: Dragapult
|-supereffective|p1a: Dragapult
|-damage|p1a: Dragapult|6/100
|move|p1a: Dragapult|Draco Meteor|p2a: Cinderace|[miss]
|-miss|p1a: Dragapult|p2a: Cinderace
|
|upkeep
|turn|9
|
|t:|1760429605
|switch|p1a: Kingambit|Kingambit, F|52/100
|-activate|p1a: Kingambit|ability: Supreme Overlord
|-start|p1a: Kingambit|fallen1|[silent]
|move|p2a: Cinderace|Sucker Punch||[still]
|-fail|p2a: Cinderace
|
|upkeep
|turn|10
|
|t:|1760429610
|move|p1a: Kingambit|Sucker Punch||[still]
|-fail|p1a: Kingambit
|move|p2a: Cinderace|Court Change|p2a: Cinderace
|-swapsideconditions
|-activate|p2a: Cinderace|move: Court Change
|
|upkeep
|turn|11
|
|t:|1760429615
|move|p1a: Kingambit|Sucker Punch|p2a: Cinderace
|-resisted|p2a: Cinderace
|-damage|p2a: Cinderace|37/100
|move|p2a: Cinderace|Pyro Ball|p1a: Kingambit
|-supereffective|p1a: Kingambit
|-damage|p1a: Kingambit|0 fnt
|faint|p1a: Kingambit
|-end|p1a: Kingambit|fallen1|[silent]
|
|upkeep
|
|t:|1760429628
|switch|p1a: Ogerpon|Ogerpon-Wellspring, F|100/100
|-status|p1a: Ogerpon|tox
|-damage|p1a: Ogerpon|88/100 tox|[from] Spikes
|turn|12
|
|t:|1760429643
|move|p2a: Cinderace|U-turn|p1a: Ogerpon
|-supereffective|p1a: Ogerpon
|-damage|p1a: Ogerpon|31/100 tox
|
|t:|1760429646
|switch|p2a: Corviknight|Corviknight, M|100/100|[from] U-turn
|-ability|p2a: Corviknight|Pressure
|move|p1a: Ogerpon|Ivy Cudgel|p2a: Corviknight|[anim] Ivy Cudgel Water
|-damage|p2a: Corviknight|58/100
|
|-damage|p1a: Ogerpon|25/100 tox|[from] psn
|upkeep
|turn|13
|
|t:|1760429655
|-terastallize|p1a: Ogerpon|Water
|detailschange|p1a: Ogerpon|Ogerpon-Wellspring-Tera, F, tera:Water
|-ability|p1a: Ogerpon|Embody Aspect (Wellspring)|boost
|-boost|p1a: Ogerpon|spd|1
|move|p1a: Ogerpon|Ivy Cudgel|p2a: Corviknight|[anim] Ivy Cudgel Water
|-damage|p2a: Corviknight|3/100
|move|p2a: Corviknight|Roost|p2a: Corviknight
|-heal|p2a: Corviknight|53/100
|-singleturn|p2a: Corviknight|move: Roost
|
|-damage|p1a: Ogerpon|13/100 tox|[from] psn
|upkeep
|turn|14
|
|t:|1760429666
|move|p1a: Ogerpon|Ivy Cudgel|p2a: Corviknight|[anim] Ivy Cudgel Water
|-damage|p2a: Corviknight|5/100
|move|p2a: Corviknight|Roost|p2a: Corviknight
|-heal|p2a: Corviknight|55/100
|-singleturn|p2a: Corviknight|move: Roost
|
|-damage|p1a: Ogerpon|0 fnt|[from] psn
|faint|p1a: Ogerpon
|detailschange|p1: Ogerpon|Ogerpon-Wellspring, F|[silent]
|upkeep
|-message|himal_ad321 forfeited.
|
|win|milkismilkis
|raw|himal_ad321's rating: 1286 &rarr; <strong>1263</strong><br />(-23 for losing)
|raw|milkismilkis's rating: 1319 &rarr; <strong>1337</strong><br />(+18 for winning)
|l|☆himal_ad321
|player|p1|
|l|☆milkismilkis
|player|p2|
