|j|‽zippitytippity
|j|☆SamiFawad
|t:|1760436891
|gametype|singles
|player|p1|zippitytippity|cynthia-masters3|1576
|player|p2|SamiFawad|170|1491
|gen|9
|tier|[Gen 9] OU
|rated|
|rule|HP Percentage Mod: HP is shown in percentages
|rule|Endless Battle Clause: Forcing endless battles is banned
|rule|Species Clause: Limit one of each Pokémon
|rule|OHKO Clause: OHKO moves are banned
|rule|Evasion Items Clause: Evasion items are banned
|rule|Evasion Moves Clause: Evasion moves are banned
|rule|Evasion Abilities Clause: Evasion abilities are banned
|rule|Sleep Moves Clause: Sleep-inducing moves are banned
|clearpoke
|poke|p1|Ursaluna, M|
|poke|p1|Cresselia, F|
|poke|p1|Iron Valiant|
|poke|p1|Hatterene, F|
|poke|p1|Keldeo-Resolute|
|poke|p1|Ogerpon, F|
|poke|p2|Iron Moth|
|poke|p2|Samurott-Hisui, F|
|poke|p2|Thundurus-Therian, M|
|poke|p2|Ogerpon-Cornerstone, F|
|poke|p2|Clodsire, F|
|poke|p2|Great Tusk|
|teampreview
|
|t:|1760436900
|teamsize|p1|6
|teamsize|p2|6
|start
|switch|p1a: Ogerpon|Ogerpon, F|100/100
|switch|p2a: Thundurus|Thundurus-Therian, M|100/100
|turn|1
|
|t:|1760436907
|-terastallize|p2a: Thundurus|Flying
|move|p2a: Thundurus|Tera Blast|p1a: Ogerpon|[anim] Tera Blast Flying
|-supereffective|p1a: Ogerpon
|-damage|p1a: Ogerpon|0 fnt
|faint|p1a: Ogerpon
|
|upkeep
|
|t:|1760436912
|switch|p1a: Cresselia|Cresselia, F, shiny|100/100
|turn|2
|
|t:|1760436914
|switch|p2a: Samurott|Samurott-Hisui, F|100/100
|move|p1a: Cresselia|Trick Room|p1a: Cresselia
|-fieldstart|move: Trick Room|[of] p1a: Cresselia
|
|upkeep
|turn|3
|
|t:|1760436922
|move|p1a: Cresselia|Lunar Dance|p1a: Cresselia
|faint|p1a: Cresselia
|move|p2a: Samurott|Ceaseless Edge|p1: Cresselia|[notarget]
|-fail|p2a: Samurott
|
|upkeep
|
|t:|1760436926
|switch|p1a: Ursaluna|Ursaluna, M, shiny|100/100
|turn|4
|inactive|Battle timer is ON: inactive players will automatically lose when time's up. (requested by zippitytippity)
|
|t:|1760436933
|-terastallize|p1a: Ursaluna|Normal
|move|p1a: Ursaluna|Facade|p2a: Samurott
|-damage|p2a: Samurott|26/100
|move|p2a: Samurott|Razor Shell|p1a: Ursaluna
|-damage|p1a: Ursaluna|61/100
|
|-status|p1a: Ursaluna|brn|[from] item: Flame Orb
|upkeep
|turn|5
|
|t:|1760436947
|switch|p2a: Great Tusk|Great Tusk|100/100
|move|p1a: Ursaluna|Facade|p2a: Great Tusk
|-damage|p2a: Great Tusk|23/100
|-damage|p1a: Ursaluna|45/100 brn|[from] item: Rocky Helmet|[of] p2a: Great Tusk
|
|-damage|p1a: Ursaluna|39/100 brn|[from] brn
|upkeep
|turn|6
|
|t:|1760436962
|move|p1a: Ursaluna|Facade|p2a: Great Tusk
|-damage|p2a: Great Tusk|0 fnt
|-damage|p1a: Ursaluna|22/100 brn|[from] item: Rocky Helmet|[of] p2a: Great Tusk
|faint|p2a: Great Tusk
|-end|p2a: Great Tusk|Protosynthesis|[silent]
|
|-damage|p1a: Ursaluna|16/100 brn|[from] brn
|-fieldend|move: Trick Room
|upkeep
|
|t:|1760436965
|switch|p2a: Samurott|Samurott-Hisui, F|26/100
|turn|7
|
|t:|1760436968
|switch|p1a: Keldeo|Keldeo-Resolute|100/100
|move|p2a: Samurott|Ceaseless Edge|p1a: Keldeo
|-resisted|p1a: Keldeo
|-damage|p1a: Keldeo|73/100
|-ability|p1a: Keldeo|Justified|boost
|-boost|p1a: Keldeo|atk|1
|-sidestart|p1: zippitytippity|Spikes
|
|upkeep
|turn|8
|
|t:|1760436973
|switch|p2a: Clodsire|Clodsire, F|100/100
|move|p1a: Keldeo|Secret Sword|p2a: Clodsire
|-resisted|p2a: Clodsire
|-damage|p2a: Clodsire|57/100
|
|-heal|p2a: Clodsire|63/100|[from] item: Leftovers
|upkeep
|turn|9
|
|t:|1760436977
|switch|p1a: Ursaluna|Ursaluna, M, shiny, tera:Normal|16/100 brn
|-heal|p1a: Ursaluna|100/100|[from] move: Lunar Dance
|-damage|p1a: Ursaluna|88/100|[from] Spikes
|move|p2a: Clodsire|Earthquake|p1a: Ursaluna
|-damage|p1a: Ursaluna|67/100
|
|-heal|p2a: Clodsire|70/100|[from] item: Leftovers
|-status|p1a: Ursaluna|brn|[from] item: Flame Orb
|upkeep
|turn|10
|
|t:|1760436987
|move|p1a: Ursaluna|Facade|p2a: Clodsire
|-damage|p2a: Clodsire|0 fnt
|faint|p2a: Clodsire
|
|-damage|p1a: Ursaluna|61/100 brn|[from] brn
|upkeep
|
|t:|1760437000
|switch|p2a: Samurott|Samurott-Hisui, F|26/100
|turn|11
|
|t:|1760437002
|move|p2a: Samurott|Ceaseless Edge|p1a: Ursaluna
|-damage|p1a: Ursaluna|31/100 brn
|-sidestart|p1: zippitytippity|Spikes
|move|p1a: Ursaluna|Facade|p2a: Samurott
|-damage|p2a: Samurott|0 fnt
|faint|p2a: Samurott
|
|-damage|p1a: Ursaluna|25/100 brn|[from] brn
|upkeep
|
|t:|1760437008
|switch|p2a: Ogerpon|Ogerpon-Cornerstone, F|100/100
|turn|12
|
|t:|1760437011
|switch|p1a: Keldeo|Keldeo-Resolute|73/100
|-damage|p1a: Keldeo|57/100|[from] Spikes
|move|p2a: Ogerpon|Ivy Cudgel|p1a: Keldeo|[anim] Ivy Cudgel Rock
|-resisted|p1a: Keldeo
|-damage|p1a: Keldeo|22/100
|
|upkeep
|turn|13
|
|t:|1760437019
|move|p1a: Keldeo|Vacuum Wave|p2a: Ogerpon
|-supereffective|p2a: Ogerpon
|-damage|p2a: Ogerpon|27/100
|move|p2a: Ogerpon|Ivy Cudgel|p1a: Keldeo|[anim] Ivy Cudgel Rock
|-resisted|p1a: Keldeo
|-crit|p1a: Keldeo
|-damage|p1a: Keldeo|0 fnt
|faint|p1a: Keldeo
|
|upkeep
|
|t:|1760437024
|switch|p1a: Iron Valiant|Iron Valiant|100/100
|-damage|p1a: Iron Valiant|84/100|[from] Spikes
|-enditem|p1a: Iron Valiant|Booster Energy
|-activate|p1a: Iron Valiant|ability: Quark Drive|[fromitem]
|-start|p1a: Iron Valiant|quarkdrivespe
|turn|14
|
|t:|1760437026
|switch|p2a: Iron Moth|Iron Moth|100/100
|-enditem|p2a: Iron Moth|Booster Energy
|-activate|p2a: Iron Moth|ability: Quark Drive|[fromitem]
|-start|p2a: Iron Moth|quarkdrivespe
|move|p1a: Iron Valiant|Moonblast|p2a: Iron Moth
|-resisted|p2a: Iron Moth
|-damage|p2a: Iron Moth|89/100
|
|upkeep
|turn|15
|
|t:|1760437030
|move|p1a: Iron Valiant|Destiny Bond|p1a: Iron Valiant
|-singlemove|p1a: Iron Valiant|Destiny Bond
|move|p2a: Iron Moth|Substitute|p2a: Iron Moth
|-start|p2a: Iron Moth|Substitute
|-damage|p2a: Iron Moth|64/100
|
|upkeep
|turn|16
|
|t:|1760437033
|move|p1a: Iron Valiant|Encore|p2a: Iron Moth
|-start|p2a: Iron Moth|Encore
|move|p2a: Iron Moth|Substitute|p2a: Iron Moth
|-fail|p2a: Iron Moth|move: Substitute
|
|upkeep
|turn|17
|
|t:|1760437036
|move|p1a: Iron Valiant|Moonblast|p2a: Iron Moth
|-resisted|p2a: Iron Moth
|-activate|p2a: Iron Moth|move: Substitute|[damage]
|move|p2a: Iron Moth|Substitute|p2a: Iron Moth
|-fail|p2a: Iron Moth|move: Substitute
|
|upkeep
|turn|18
|
|t:|1760437039
|move|p1a: Iron Valiant|Moonblast|p2a: Iron Moth
|-resisted|p2a: Iron Moth
|-activate|p2a: Iron Moth|move: Substitute|[damage]
|move|p2a: Iron Moth|Substitute|p2a: Iron Moth
|-fail|p2a: Iron Moth|move: Substitute
|
|-end|p2a: Iron Moth|Encore
|upkeep
|turn|19
|
|t:|1760437043
|-end|p2a: Iron Moth|Quark Drive|[silent]
|switch|p2a: Thundurus|Thundurus-Therian, M, tera:Flying|100/100
|move|p1a: Iron Valiant|Encore||[still]
|-fail|p1a: Iron Valiant
|
|upkeep
|turn|20
|
|t:|1760437050
|move|p1a: Iron Valiant|Moonblast|p2a: Thundurus
|-damage|p2a: Thundurus|31/100
|move|p2a: Thundurus|Tera Blast|p1a: Iron Valiant|[anim] Tera Blast Flying
|-supereffective|p1a: Iron Valiant
|-damage|p1a: Iron Valiant|0 fnt
|faint|p1a: Iron Valiant
|-end|p1a: Iron Valiant|Quark Drive|[silent]
|
|upkeep
|
|t:|1760437052
|switch|p1a: Hatterene|Hatterene, F, shiny|100/100
|-damage|p1a: Hatterene|84/100|[from] Spikes
|turn|21
|
|t:|1760437055
|move|p2a: Thundurus|Tera Blast|p1a: Hatterene|[anim] Tera Blast Flying
|-damage|p1a: Hatterene|18/100
|move|p1a: Hatterene|Trick Room|p1a: Hatterene
|-fieldstart|move: Trick Room|[of] p1a: Hatterene
|
|upkeep
|turn|22
|
|t:|1760437070
|move|p1a: Hatterene|Healing Wish|p1a: Hatterene
|faint|p1a: Hatterene
|move|p2a: Thundurus|Tera Blast|p1: Hatterene|[notarget]
|-fail|p2a: Thundurus
|
|upkeep
|
|t:|1760437072
|switch|p1a: Ursaluna|Ursaluna, M, shiny, tera:Normal|25/100 brn
|-heal|p1a: Ursaluna|100/100|[from] move: Healing Wish
|-damage|p1a: Ursaluna|84/100|[from] Spikes
|turn|23
|
|t:|1760437096
|switch|p2a: Ogerpon|Ogerpon-Cornerstone, F|27/100
|move|p1a: Ursaluna|Ice Punch|p2a: Ogerpon
|-supereffective|p2a: Ogerpon
|-damage|p2a: Ogerpon|0 fnt
|faint|p2a: Ogerpon
|
|-status|p1a: Ursaluna|brn|[from] item: Flame Orb
|upkeep
|
|t:|1760437100
|switch|p2a: Iron Moth|Iron Moth|64/100
|turn|24
|
|t:|1760437106
|-end|p2a: Iron Moth|Quark Drive|[silent]
|switch|p2a: Thundurus|Thundurus-Therian, M, tera:Flying|31/100
|move|p1a: Ursaluna|Facade|p2a: Thundurus
|-damage|p2a: Thundurus|0 fnt
|faint|p2a: Thundurus
|
|-damage|p1a: Ursaluna|78/100 brn|[from] brn
|upkeep
|
|t:|1760437108
|switch|p2a: Iron Moth|Iron Moth|64/100
|turn|25
|
|t:|1760437114
|move|p1a: Ursaluna|Headlong Rush|p2a: Iron Moth
|-supereffective|p2a: Iron Moth
|-damage|p2a: Iron Moth|0 fnt
|-unboost|p1a: Ursaluna|def|1
|-unboost|p1a: Ursaluna|spd|1
|faint|p2a: Iron Moth
|-end|p2a: Iron Moth|Quark Drive|[silent]
|
|win|zippitytippity
|raw|zippitytippity's rating: 1576 &rarr; <strong>1591</strong><br />(+15 for winning)
|raw|SamiFawad's rating: 1491 &rarr; <strong>1476</strong><br />(-15 for losing)
|l|☆SamiFawad
|player|p2|
|l|‽zippitytippity
|player|p1|
