|j|☆BrainOffPlays
|j|☆ReishiramX
|t:|1760336690
|gametype|singles
|player|p1|BrainOffPlays|preschooler|1206
|player|p2|ReishiramX|morty|1140
|gen|9
|tier|[Gen 9] OU
|rated|
|rule|HP Percentage Mod: HP is shown in percentages
|rule|Endless Battle Clause: Forcing endless battles is banned
|rule|Species Clause: Limit one of each Pokémon
|rule|OHKO Clause: OHKO moves are banned
|rule|Evasion Items Clause: Evasion items are banned
|rule|Evasion Moves Clause: Evasion moves are banned
|rule|Evasion Abilities Clause: Evasion abilities are banned
|rule|Sleep Moves Clause: Sleep-inducing moves are banned
|clearpoke
|poke|p1|Raging Bolt|
|poke|p1|Gholdengo|
|poke|p1|Moltres|
|poke|p1|Ting-Lu|
|poke|p1|Weavile, M|
|poke|p1|Tinkaton, F|
|poke|p2|Trevenant, F|
|poke|p2|Heatran, F|
|poke|p2|Hitmontop, M|
|poke|p2|Toxapex, M|
|poke|p2|Gliscor, M|
|poke|p2|Whimsicott, M|
|teampreview
|
|t:|1760336712
|teamsize|p1|6
|teamsize|p2|6
|start
|switch|p1a: Tinkaton|Tinkaton, F|100/100
|switch|p2a: Trevenant|Trevenant, F|100/100
|-item|p1a: Tinkaton|Air Balloon
|turn|1
|inactive|Battle timer is ON: inactive players will automatically lose when time's up. (requested by BrainOffPlays)
|
|t:|1760336721
|move|p1a: Tinkaton|Stealth Rock|p2a: Trevenant
|-sidestart|p2: ReishiramX|move: Stealth Rock
|move|p2a: Trevenant|Will-O-Wisp|p1a: Tinkaton|[miss]
|-miss|p2a: Trevenant|p1a: Tinkaton
|
|upkeep
|turn|2
|
|t:|1760336727
|move|p1a: Tinkaton|Thunder Wave|p2a: Trevenant
|-status|p2a: Trevenant|par
|move|p2a: Trevenant|Leech Seed|p1a: Tinkaton
|-start|p1a: Tinkaton|move: Leech Seed
|
|-damage|p1a: Tinkaton|88/100|[from] Leech Seed|[of] p2a: Trevenant
|upkeep
|turn|3
|
|t:|1760336735
|switch|p1a: Moltres|Moltres|100/100
|move|p2a: Trevenant|Will-O-Wisp|p1a: Moltres|[miss]
|-miss|p2a: Trevenant|p1a: Moltres
|
|upkeep
|turn|4
|
|t:|1760336747
|move|p1a: Moltres|U-turn|p2a: Trevenant
|-damage|p2a: Trevenant|79/100 par
|
|t:|1760336749
|switch|p1a: Tinkaton|Tinkaton, F|88/100|[from] U-turn
|-item|p1a: Tinkaton|Air Balloon
|cant|p2a: Trevenant|par
|
|upkeep
|turn|5
|
|t:|1760336759
|move|p1a: Tinkaton|Encore|p2a: Trevenant
|-start|p2a: Trevenant|Encore
|move|p2a: Trevenant|Will-O-Wisp|p1a: Tinkaton
|-status|p1a: Tinkaton|brn
|
|-damage|p1a: Tinkaton|82/100 brn|[from] brn
|upkeep
|turn|6
|
|t:|1760336768
|switch|p1a: Moltres|Moltres|100/100
|switch|p2a: Hitmontop|Hitmontop, M|100/100
|-damage|p2a: Hitmontop|94/100|[from] Stealth Rock
|-ability|p2a: Hitmontop|Intimidate|boost
|-unboost|p1a: Moltres|atk|1
|
|-heal|p2a: Hitmontop|100/100|[from] item: Leftovers
|upkeep
|turn|7
|
|t:|1760336778
|move|p1a: Moltres|Brave Bird|p2a: Hitmontop
|-supereffective|p2a: Hitmontop
|-damage|p2a: Hitmontop|23/100
|-damage|p1a: Moltres|78/100|[from] Recoil
|move|p2a: Hitmontop|Rapid Spin|p1a: Moltres
|-damage|p1a: Moltres|64/100
|-boost|p2a: Hitmontop|spe|1
|-sideend|p2: ReishiramX|Stealth Rock|[from] move: Rapid Spin|[of] p2a: Hitmontop
|
|-heal|p2a: Hitmontop|29/100|[from] item: Leftovers
|upkeep
|turn|8
|
|t:|1760336788
|move|p2a: Hitmontop|Protect|p2a: Hitmontop
|-singleturn|p2a: Hitmontop|Protect
|move|p1a: Moltres|Roost|p1a: Moltres
|-heal|p1a: Moltres|100/100
|-singleturn|p1a: Moltres|move: Roost
|
|-heal|p2a: Hitmontop|35/100|[from] item: Leftovers
|upkeep
|turn|9
|
|t:|1760336813
|switch|p2a: Toxapex|Toxapex, M|100/100
|move|p1a: Moltres|U-turn|p2a: Toxapex
|-resisted|p2a: Toxapex
|-damage|p2a: Toxapex|97/100
|
|t:|1760336820
|switch|p1a: Raging Bolt|Raging Bolt|100/100|[from] U-turn
|
|-heal|p2a: Toxapex|100/100|[from] item: Black Sludge
|upkeep
|turn|10
|
|t:|1760336830
|switch|p2a: Gliscor|Gliscor, M|100/100
|move|p1a: Raging Bolt|Volt Switch|p2a: Gliscor
|-immune|p2a: Gliscor
|
|-status|p2a: Gliscor|tox|[from] item: Toxic Orb
|upkeep
|turn|11
|
|t:|1760336839
|-end|p1a: Raging Bolt|Protosynthesis|[silent]
|switch|p1a: Tinkaton|Tinkaton, F|82/100 brn
|-item|p1a: Tinkaton|Air Balloon
|move|p2a: Gliscor|Toxic||[still]
|-fail|p2a: Gliscor
|
|-damage|p1a: Tinkaton|76/100 brn|[from] brn
|upkeep
|turn|12
|
|t:|1760336847
|move|p1a: Tinkaton|Stealth Rock|p2a: Gliscor
|-sidestart|p2: ReishiramX|move: Stealth Rock
|move|p2a: Gliscor|Stealth Rock|p1a: Tinkaton
|-sidestart|p1: BrainOffPlays|move: Stealth Rock
|
|-damage|p1a: Tinkaton|70/100 brn|[from] brn
|upkeep
|turn|13
|
|t:|1760336855
|switch|p2a: Hitmontop|Hitmontop, M|35/100
|-damage|p2a: Hitmontop|29/100|[from] Stealth Rock
|-ability|p2a: Hitmontop|Intimidate|boost
|-unboost|p1a: Tinkaton|atk|1
|move|p1a: Tinkaton|Encore||[still]
|-fail|p1a: Tinkaton
|
|-heal|p2a: Hitmontop|35/100|[from] item: Leftovers
|-damage|p1a: Tinkaton|64/100 brn|[from] brn
|upkeep
|turn|14
|
|t:|1760336871
|move|p2a: Hitmontop|Fake Out|p1a: Tinkaton
|-resisted|p1a: Tinkaton
|-damage|p1a: Tinkaton|58/100 brn
|-enditem|p1a: Tinkaton|Air Balloon
|-enditem|p2a: Hitmontop|Leftovers|[silent]|[from] ability: Pickpocket|[of] p2a: Hitmontop
|-item|p1a: Tinkaton|Leftovers|[from] ability: Pickpocket|[of] p2a: Hitmontop
|cant|p1a: Tinkaton|flinch
|
|-heal|p1a: Tinkaton|64/100 brn|[from] item: Leftovers
|-damage|p1a: Tinkaton|58/100 brn|[from] brn
|upkeep
|turn|15
|
|t:|1760336888
|move|p1a: Tinkaton|Thunder Wave|p2a: Hitmontop
|-status|p2a: Hitmontop|par
|move|p2a: Hitmontop|Rapid Spin|p1a: Tinkaton
|-resisted|p1a: Tinkaton
|-damage|p1a: Tinkaton|52/100 brn
|-boost|p2a: Hitmontop|spe|1
|-sideend|p2: ReishiramX|Stealth Rock|[from] move: Rapid Spin|[of] p2a: Hitmontop
|
|-heal|p1a: Tinkaton|58/100 brn|[from] item: Leftovers
|-damage|p1a: Tinkaton|52/100 brn|[from] brn
|upkeep
|turn|16
|inactive|ReishiramX has 120 seconds left.
|
|t:|1760336914
|switch|p2a: Gliscor|Gliscor, M|100/100 tox
|move|p1a: Tinkaton|Stealth Rock|p2a: Gliscor
|-sidestart|p2: ReishiramX|move: Stealth Rock
|
|-heal|p1a: Tinkaton|58/100 brn|[from] item: Leftovers
|-damage|p1a: Tinkaton|52/100 brn|[from] brn
|upkeep
|turn|17
|inactive|ReishiramX has 120 seconds left.
|
|t:|1760336922
|move|p1a: Tinkaton|Gigaton Hammer|p2a: Gliscor
|-damage|p2a: Gliscor|91/100 tox
|move|p2a: Gliscor|Earthquake|p1a: Tinkaton
|-supereffective|p1a: Tinkaton
|-damage|p1a: Tinkaton|0 fnt
|faint|p1a: Tinkaton
|
|-heal|p2a: Gliscor|100/100 tox|[from] ability: Poison Heal
|upkeep
|
|t:|1760336935
|switch|p1a: Weavile|Weavile, M|100/100
|-ability|p1a: Weavile|Pressure
|turn|18
|
|t:|1760336947
|switch|p2a: Heatran|Heatran, F|100/100
|-damage|p2a: Heatran|88/100|[from] Stealth Rock
|move|p1a: Weavile|Knock Off|p2a: Heatran
|-damage|p2a: Heatran|50/100
|-enditem|p2a: Heatran|Leftovers|[from] move: Knock Off|[of] p1a: Weavile
|
|upkeep
|turn|19
|
|t:|1760336965
|switch|p1a: Ting-Lu|Ting-Lu|100/100
|-damage|p1a: Ting-Lu|94/100|[from] Stealth Rock
|-ability|p1a: Ting-Lu|Vessel of Ruin
|move|p2a: Heatran|Magma Storm|p1a: Ting-Lu
|-damage|p1a: Ting-Lu|77/100
|-activate|p1a: Ting-Lu|move: Magma Storm|[of] p2a: Heatran
|
|-heal|p1a: Ting-Lu|83/100|[from] item: Leftovers
|-damage|p1a: Ting-Lu|71/100|[from] move: Magma Storm|[partiallytrapped]
|upkeep
|turn|20
|inactive|ReishiramX has 120 seconds left.
|
|t:|1760337010
|move|p2a: Heatran|Protect|p2a: Heatran
|-singleturn|p2a: Heatran|Protect
|move|p1a: Ting-Lu|Spikes|p2a: Heatran
|-sidestart|p2: ReishiramX|Spikes
|
|-heal|p1a: Ting-Lu|77/100|[from] item: Leftovers
|-damage|p1a: Ting-Lu|65/100|[from] move: Magma Storm|[partiallytrapped]
|upkeep
|turn|21
|
|t:|1760337021
|switch|p2a: Hitmontop|Hitmontop, M|35/100 par
|-damage|p2a: Hitmontop|29/100 par|[from] Stealth Rock
|-damage|p2a: Hitmontop|17/100 par|[from] Spikes
|-ability|p2a: Hitmontop|Intimidate|boost
|-unboost|p1a: Ting-Lu|atk|1
|move|p1a: Ting-Lu|Earthquake|p2a: Hitmontop
|-damage|p2a: Hitmontop|0 fnt
|faint|p2a: Hitmontop
|
|-heal|p1a: Ting-Lu|71/100|[from] item: Leftovers
|-end|p1a: Ting-Lu|Magma Storm|[partiallytrapped]|[silent]
|upkeep
|inactive|ReishiramX has 90 seconds left.
|
|t:|1760337042
|switch|p2a: Whimsicott|Whimsicott, M|100/100
|-damage|p2a: Whimsicott|88/100|[from] Stealth Rock
|-damage|p2a: Whimsicott|76/100|[from] Spikes
|turn|22
|inactive|ReishiramX has 90 seconds left.
|
|t:|1760337048
|move|p2a: Whimsicott|Leech Seed|p1a: Ting-Lu
|-hint|Since gen 7, Dark is immune to Prankster moves.
|-immune|p1a: Ting-Lu
|move|p1a: Ting-Lu|Spikes|p2a: Whimsicott
|-sidestart|p2: ReishiramX|Spikes
|
|-heal|p2a: Whimsicott|82/100|[from] item: Leftovers
|-heal|p1a: Ting-Lu|77/100|[from] item: Leftovers
|upkeep
|turn|23
|inactive|ReishiramX has 90 seconds left.
|inactive|ReishiramX has 60 seconds left.
|
|t:|1760337097
|move|p2a: Whimsicott|Moonblast|p1a: Ting-Lu
|-supereffective|p1a: Ting-Lu
|-damage|p1a: Ting-Lu|56/100
|move|p1a: Ting-Lu|Whirlwind|p2a: Whimsicott
|drag|p2a: Gliscor|Gliscor, M|100/100 tox
|-damage|p2a: Gliscor|88/100 tox|[from] Stealth Rock
|
|-heal|p1a: Ting-Lu|62/100|[from] item: Leftovers
|-heal|p2a: Gliscor|100/100 tox|[from] ability: Poison Heal
|upkeep
|turn|24
|inactive|ReishiramX has 60 seconds left.
|
|t:|1760337112
|move|p2a: Gliscor|Toxic|p1a: Ting-Lu
|-status|p1a: Ting-Lu|tox
|move|p1a: Ting-Lu|Ruination|p2a: Gliscor
|-damage|p2a: Gliscor|50/100 tox
|
|-heal|p1a: Ting-Lu|69/100 tox|[from] item: Leftovers
|-heal|p2a: Gliscor|63/100 tox|[from] ability: Poison Heal
|-damage|p1a: Ting-Lu|62/100 tox|[from] psn
|upkeep
|turn|25
|inactive|ReishiramX has 60 seconds left.
|
|t:|1760337132
|move|p2a: Gliscor|Earthquake|p1a: Ting-Lu
|-damage|p1a: Ting-Lu|44/100 tox
|move|p1a: Ting-Lu|Spikes|p2a: Gliscor
|-sidestart|p2: ReishiramX|Spikes
|
|-heal|p1a: Ting-Lu|50/100 tox|[from] item: Leftovers
|-heal|p2a: Gliscor|75/100 tox|[from] ability: Poison Heal
|-damage|p1a: Ting-Lu|37/100 tox|[from] psn
|upkeep
|turn|26
|inactive|ReishiramX has 60 seconds left.
|inactive|ReishiramX has 30 seconds left.
|inactive|BrainOffPlays has 120 seconds left.
|inactive|ReishiramX has 20 seconds left.
|inactive|ReishiramX has 15 seconds left.
|
|t:|1760337186
|move|p2a: Gliscor|Protect|p2a: Gliscor
|-singleturn|p2a: Gliscor|Protect
|move|p1a: Ting-Lu|Whirlwind|p2a: Gliscor
|drag|p2a: Trevenant|Trevenant, F|79/100 par
|-damage|p2a: Trevenant|66/100 par|[from] Stealth Rock
|-damage|p2a: Trevenant|41/100 par|[from] Spikes
|-enditem|p2a: Trevenant|Sitrus Berry|[eat]
|-heal|p2a: Trevenant|66/100 par|[from] item: Sitrus Berry
|
|-heal|p1a: Ting-Lu|44/100 tox|[from] item: Leftovers
|-damage|p1a: Ting-Lu|25/100 tox|[from] psn
|upkeep
|turn|27
|inactive|ReishiramX has 25 seconds left this turn.
|inactive|BrainOffPlays has 120 seconds left.
|inactive|ReishiramX has 20 seconds left.
|inactive|ReishiramX has 15 seconds left.
|inactive|ReishiramX has 10 seconds left.
|
|t:|1760337202
|switch|p1a: Moltres|Moltres|100/100
|move|p2a: Trevenant|Leech Seed|p1a: Moltres
|-start|p1a: Moltres|move: Leech Seed
|
|-damage|p1a: Moltres|88/100|[from] Leech Seed|[of] p2a: Trevenant
|-heal|p2a: Trevenant|78/100 par|[silent]
|-item|p2a: Trevenant|Sitrus Berry|[from] ability: Harvest
|upkeep
|turn|28
|inactive|ReishiramX has 20 seconds left this turn.
|inactive|BrainOffPlays has 120 seconds left.
|inactive|ReishiramX has 15 seconds left.
|inactive|ReishiramX has 10 seconds left.
|inactive|ReishiramX has 5 seconds left.
|
|t:|1760337218
|move|p2a: Trevenant|Protect|p2a: Trevenant
|-singleturn|p2a: Trevenant|Protect
|move|p1a: Moltres|U-turn|p2a: Trevenant
|-activate|p2a: Trevenant|move: Protect
|
|-damage|p1a: Moltres|76/100|[from] Leech Seed|[of] p2a: Trevenant
|-heal|p2a: Trevenant|89/100 par|[silent]
|upkeep
|turn|29
|inactive|ReishiramX has 15 seconds left this turn.
|inactive|BrainOffPlays has 120 seconds left.
|inactive|ReishiramX has 10 seconds left.
|inactive|ReishiramX has 5 seconds left.
|
|t:|1760337229
|move|p1a: Moltres|Roost|p1a: Moltres
|-heal|p1a: Moltres|100/100
|-singleturn|p1a: Moltres|move: Roost
|move|p2a: Trevenant|Substitute|p2a: Trevenant
|-start|p2a: Trevenant|Substitute
|-damage|p2a: Trevenant|64/100 par
|
|-damage|p1a: Moltres|88/100|[from] Leech Seed|[of] p2a: Trevenant
|-heal|p2a: Trevenant|75/100 par|[silent]
|upkeep
|turn|30
|inactive|ReishiramX has 15 seconds left this turn.
|inactive|ReishiramX has 10 seconds left.
|inactive|ReishiramX has 5 seconds left.
|inactive|BrainOffPlays has 120 seconds left.
|-message|ReishiramX lost due to inactivity.
|
|win|BrainOffPlays
|raw|BrainOffPlays's rating: 1206 &rarr; <strong>1226</strong><br />(+20 for winning)
|raw|ReishiramX's rating: 1140 &rarr; <strong>1120</strong><br />(-20 for losing)
