|j|☆jahleel
|j|☆RoddyJ
|t:|1760333344
|gametype|singles
|player|p1|jahleel|dancer|1669
|player|p2|RoddyJ|ethan|1685
|gen|9
|tier|[Gen 9] OU
|rated|
|rule|HP Percentage Mod: HP is shown in percentages
|rule|Endless Battle Clause: Forcing endless battles is banned
|rule|Species Clause: Limit one of each Pokémon
|rule|OHKO Clause: OHKO moves are banned
|rule|Evasion Items Clause: Evasion items are banned
|rule|Evasion Moves Clause: Evasion moves are banned
|rule|Evasion Abilities Clause: Evasion abilities are banned
|rule|Sleep Moves Clause: Sleep-inducing moves are banned
|clearpoke
|poke|p1|Corviknight, F|
|poke|p1|Cinderace, F|
|poke|p1|Slowking-Galar, M|
|poke|p1|Kyurem|
|poke|p1|Darkrai|
|poke|p1|Ting-Lu|
|poke|p2|Cetitan, F|
|poke|p2|Kingambit, M|
|poke|p2|Articuno-Galar|
|poke|p2|Iron Crown|
|poke|p2|Swampert, F|
|poke|p2|Weezing-Galar, M|
|teampreview
|inactive|Battle timer is ON: inactive players will automatically lose when time's up. (requested by RoddyJ)
|
|t:|1760333380
|teamsize|p1|6
|teamsize|p2|6
|start
|switch|p1a: Alt Account|Slowking-Galar, M|100/100
|switch|p2a: Cetitan|Cetitan, F, shiny|100/100
|turn|1
|
|t:|1760333385
|move|p2a: Cetitan|Knock Off|p1a: Alt Account
|-supereffective|p1a: Alt Account
|-enditem|p1a: Alt Account|Colbur Berry|[eat]
|-enditem|p1a: Alt Account|Colbur Berry|[weaken]
|-damage|p1a: Alt Account|68/100
|-damage|p2a: Cetitan|91/100|[from] item: Life Orb
|move|p1a: Alt Account|Toxic|p2a: Cetitan
|-status|p2a: Cetitan|tox
|
|-damage|p2a: Cetitan|84/100 tox|[from] psn
|upkeep
|turn|2
|
|t:|1760333395
|move|p2a: Cetitan|Icicle Crash|p1a: Alt Account
|-damage|p1a: Alt Account|10/100
|-prepare|p1a: Alt Account|Chilly Reception|[premajor]
|move|p1a: Alt Account|Chilly Reception|p1a: Alt Account
|-weather|Snowscape
|
|t:|1760333418
|switch|p1a: Hardstuck|Corviknight, F|100/100|[from] Chilly Reception
|-ability|p1a: Hardstuck|Pressure
|
|-weather|Snowscape|[upkeep]
|-damage|p2a: Cetitan|72/100 tox|[from] psn
|upkeep
|turn|3
|
|t:|1760333421
|switch|p2a: Swampert|Swampert, F, shiny|100/100
|move|p1a: Hardstuck|Roost||[still]
|-fail|p1a: Hardstuck|heal
|
|-weather|Snowscape|[upkeep]
|upkeep
|turn|4
|
|t:|1760333432
|move|p1a: Hardstuck|Iron Defense|p1a: Hardstuck
|-boost|p1a: Hardstuck|def|2
|move|p2a: Swampert|Knock Off|p1a: Hardstuck
|-damage|p1a: Hardstuck|93/100
|-damage|p2a: Swampert|84/100|[from] item: Rocky Helmet|[of] p1a: Hardstuck
|-enditem|p1a: Hardstuck|Rocky Helmet|[from] move: Knock Off|[of] p2a: Swampert
|
|-weather|Snowscape|[upkeep]
|-heal|p2a: Swampert|90/100|[from] item: Leftovers
|upkeep
|turn|5
|
|t:|1760333439
|move|p1a: Hardstuck|Body Press|p2a: Swampert
|-damage|p2a: Swampert|42/100
|move|p2a: Swampert|Flip Turn|p1a: Hardstuck
|-damage|p1a: Hardstuck|86/100
|
|t:|1760333445
|switch|p2a: Articuno|Articuno-Galar, shiny|100/100|[from] Flip Turn
|
|-weather|Snowscape|[upkeep]
|upkeep
|turn|6
|
|t:|1760333451
|switch|p2a: Swampert|Swampert, F, shiny|42/100
|switch|p1a: Ban Appeal|Darkrai|100/100
|
|-weather|none
|-heal|p2a: Swampert|48/100|[from] item: Leftovers
|upkeep
|turn|7
|
|t:|1760333456
|switch|p1a: Hardstuck|Corviknight, F|86/100
|-ability|p1a: Hardstuck|Pressure
|move|p2a: Swampert|Stealth Rock|p1a: Hardstuck
|-sidestart|p1: jahleel|move: Stealth Rock
|
|-heal|p2a: Swampert|54/100|[from] item: Leftovers
|upkeep
|turn|8
|
|t:|1760333461
|move|p1a: Hardstuck|Defog|p2a: Swampert
|-unboost|p2a: Swampert|evasion|1
|-sideend|p1: jahleel|Stealth Rock|[from] move: Defog|[of] p1a: Hardstuck
|move|p2a: Swampert|Flip Turn|p1a: Hardstuck
|-damage|p1a: Hardstuck|73/100
|
|t:|1760333470
|switch|p2a: Weezing|Weezing-Galar, M, shiny|100/100|[from] Flip Turn
|
|upkeep
|turn|9
|
|t:|1760333475
|switch|p1a: Mental Boom|Ting-Lu|100/100
|-ability|p1a: Mental Boom|Vessel of Ruin
|switch|p2a: Swampert|Swampert, F, shiny|54/100
|
|-heal|p2a: Swampert|60/100|[from] item: Leftovers
|upkeep
|turn|10
|
|t:|1760333480
|switch|p1a: Hardstuck|Corviknight, F|73/100
|-ability|p1a: Hardstuck|Pressure
|move|p2a: Swampert|Knock Off|p1a: Hardstuck
|-damage|p1a: Hardstuck|63/100
|
|-heal|p2a: Swampert|67/100|[from] item: Leftovers
|upkeep
|turn|11
|
|t:|1760333483
|move|p1a: Hardstuck|Roost|p1a: Hardstuck
|-heal|p1a: Hardstuck|100/100
|-singleturn|p1a: Hardstuck|move: Roost
|move|p2a: Swampert|Stealth Rock|p1a: Hardstuck
|-sidestart|p1: jahleel|move: Stealth Rock
|
|-heal|p2a: Swampert|73/100|[from] item: Leftovers
|upkeep
|turn|12
|
|t:|1760333486
|switch|p2a: Articuno|Articuno-Galar, shiny|100/100
|move|p1a: Hardstuck|Defog|p2a: Articuno
|-unboost|p2a: Articuno|evasion|1
|-ability|p2a: Articuno|Competitive|boost
|-boost|p2a: Articuno|spa|2
|-sideend|p1: jahleel|Stealth Rock|[from] move: Defog|[of] p1a: Hardstuck
|
|upkeep
|turn|13
|
|t:|1760333502
|switch|p2a: Cetitan|Cetitan, F, shiny|72/100 tox
|switch|p1a: Mental Boom|Ting-Lu|100/100
|-ability|p1a: Mental Boom|Vessel of Ruin
|
|-damage|p2a: Cetitan|66/100 tox|[from] psn
|upkeep
|turn|14
|
|t:|1760333507
|switch|p1a: Hardstuck|Corviknight, F|100/100
|-ability|p1a: Hardstuck|Pressure
|move|p2a: Cetitan|Icicle Crash|p1a: Hardstuck
|-damage|p1a: Hardstuck|58/100
|
|-damage|p2a: Cetitan|53/100 tox|[from] psn
|upkeep
|turn|15
|
|t:|1760333510
|move|p2a: Cetitan|Icicle Crash|p1a: Hardstuck
|-damage|p1a: Hardstuck|17/100
|move|p1a: Hardstuck|Roost|p1a: Hardstuck
|-heal|p1a: Hardstuck|67/100
|-singleturn|p1a: Hardstuck|move: Roost
|
|-damage|p2a: Cetitan|34/100 tox|[from] psn
|upkeep
|turn|16
|
|t:|1760333516
|move|p2a: Cetitan|Icicle Crash|p1a: Hardstuck
|-damage|p1a: Hardstuck|25/100
|move|p1a: Hardstuck|Roost|p1a: Hardstuck
|-heal|p1a: Hardstuck|75/100
|-singleturn|p1a: Hardstuck|move: Roost
|
|-damage|p2a: Cetitan|9/100 tox|[from] psn
|upkeep
|turn|17
|
|t:|1760333520
|switch|p2a: Swampert|Swampert, F, shiny|73/100
|move|p1a: Hardstuck|Roost|p1a: Hardstuck
|-heal|p1a: Hardstuck|100/100
|-singleturn|p1a: Hardstuck|move: Roost
|
|-heal|p2a: Swampert|79/100|[from] item: Leftovers
|upkeep
|turn|18
|
|t:|1760333526
|move|p1a: Hardstuck|Body Press|p2a: Swampert
|-damage|p2a: Swampert|54/100
|move|p2a: Swampert|Stealth Rock|p1a: Hardstuck
|-sidestart|p1: jahleel|move: Stealth Rock
|
|-heal|p2a: Swampert|60/100|[from] item: Leftovers
|upkeep
|turn|19
|
|t:|1760333529
|move|p1a: Hardstuck|Body Press|p2a: Swampert
|-damage|p2a: Swampert|37/100
|move|p2a: Swampert|Flip Turn|p1a: Hardstuck
|-damage|p1a: Hardstuck|86/100
|
|t:|1760333534
|switch|p2a: Weezing|Weezing-Galar, M, shiny|100/100|[from] Flip Turn
|
|upkeep
|turn|20
|
|t:|1760333537
|switch|p1a: Mental Boom|Ting-Lu|100/100
|-damage|p1a: Mental Boom|94/100|[from] Stealth Rock
|-ability|p1a: Mental Boom|Vessel of Ruin
|move|p2a: Weezing|Will-O-Wisp|p1a: Mental Boom|[miss]
|-miss|p2a: Weezing|p1a: Mental Boom
|
|-heal|p1a: Mental Boom|100/100|[from] item: Leftovers
|upkeep
|turn|21
|
|t:|1760333543
|move|p2a: Weezing|Will-O-Wisp|p1a: Mental Boom
|-status|p1a: Mental Boom|brn
|move|p1a: Mental Boom|Earthquake|p2a: Weezing
|-immune|p2a: Weezing|[from] ability: Levitate
|
|-damage|p1a: Mental Boom|94/100 brn|[from] brn
|upkeep
|turn|22
|
|t:|1760333545
|move|p2a: Weezing|Strange Steam|p1a: Mental Boom
|-supereffective|p1a: Mental Boom
|-damage|p1a: Mental Boom|72/100 brn
|move|p1a: Mental Boom|Earthquake|p2a: Weezing
|-immune|p2a: Weezing|[from] ability: Levitate
|
|-heal|p1a: Mental Boom|78/100 brn|[from] item: Leftovers
|-damage|p1a: Mental Boom|72/100 brn|[from] brn
|upkeep
|turn|23
|
|t:|1760333550
|move|p2a: Weezing|Strange Steam|p1a: Mental Boom
|-supereffective|p1a: Mental Boom
|-damage|p1a: Mental Boom|48/100 brn
|move|p1a: Mental Boom|Rest|p1a: Mental Boom
|-status|p1a: Mental Boom|slp|[from] move: Rest
|-heal|p1a: Mental Boom|100/100 slp|[silent]
|
|upkeep
|turn|24
|
|t:|1760333555
|move|p2a: Weezing|Strange Steam|p1a: Mental Boom
|-supereffective|p1a: Mental Boom
|-damage|p1a: Mental Boom|76/100 slp
|cant|p1a: Mental Boom|slp
|move|p1a: Mental Boom|Sleep Talk|p1a: Mental Boom
|move|p1a: Mental Boom|Payback|p2a: Weezing|[from] move: Sleep Talk
|-resisted|p2a: Weezing
|-damage|p2a: Weezing|88/100
|
|-heal|p2a: Weezing|94/100|[from] item: Leftovers
|-heal|p1a: Mental Boom|82/100 slp|[from] item: Leftovers
|upkeep
|turn|25
|
|t:|1760333557
|move|p2a: Weezing|Strange Steam|p1a: Mental Boom
|-supereffective|p1a: Mental Boom
|-damage|p1a: Mental Boom|60/100 slp
|cant|p1a: Mental Boom|slp
|move|p1a: Mental Boom|Sleep Talk|p1a: Mental Boom
|move|p1a: Mental Boom|Earthquake|p2a: Weezing|[from] move: Sleep Talk
|-immune|p2a: Weezing|[from] ability: Levitate
|
|-heal|p2a: Weezing|99/100|[from] item: Leftovers
|-heal|p1a: Mental Boom|66/100 slp|[from] item: Leftovers
|upkeep
|turn|26
|
|t:|1760333560
|switch|p1a: Alt Account|Slowking-Galar, M|43/100
|-damage|p1a: Alt Account|31/100|[from] Stealth Rock
|move|p2a: Weezing|Acid Spray|p1a: Alt Account
|-resisted|p1a: Alt Account
|-damage|p1a: Alt Account|27/100
|-unboost|p1a: Alt Account|spd|2
|
|-heal|p2a: Weezing|100/100|[from] item: Leftovers
|upkeep
|turn|27
|
|t:|1760333569
|switch|p2a: Swampert|Swampert, F, shiny|37/100
|move|p1a: Alt Account|Future Sight|p2a: Swampert
|-start|p1a: Alt Account|move: Future Sight
|
|-heal|p2a: Swampert|43/100|[from] item: Leftovers
|upkeep
|turn|28
|
|t:|1760333574
|switch|p1a: Hardstuck|Corviknight, F|86/100
|-damage|p1a: Hardstuck|73/100|[from] Stealth Rock
|-ability|p1a: Hardstuck|Pressure
|move|p2a: Swampert|Flip Turn|p1a: Hardstuck
|-damage|p1a: Hardstuck|60/100
|
|t:|1760333582
|switch|p2a: Cetitan|Cetitan, F, shiny|9/100 tox|[from] Flip Turn
|
|-damage|p2a: Cetitan|3/100 tox|[from] psn
|upkeep
|turn|29
|
|t:|1760333586
|move|p2a: Cetitan|Icicle Crash|p1a: Hardstuck|[miss]
|-miss|p2a: Cetitan|p1a: Hardstuck
|move|p1a: Hardstuck|Roost|p1a: Hardstuck
|-heal|p1a: Hardstuck|100/100
|-singleturn|p1a: Hardstuck|move: Roost
|
|-end|p2a: Cetitan|move: Future Sight
|-damage|p2a: Cetitan|0 fnt
|faint|p2a: Cetitan
|upkeep
|
|t:|1760333593
|switch|p2a: Articuno|Articuno-Galar, shiny|100/100
|turn|30
|
|t:|1760333597
|switch|p1a: Mental Boom|Ting-Lu|66/100 slp
|-damage|p1a: Mental Boom|60/100 slp|[from] Stealth Rock
|-ability|p1a: Mental Boom|Vessel of Ruin
|move|p2a: Articuno|Agility|p2a: Articuno
|-boost|p2a: Articuno|spe|2
|
|-heal|p1a: Mental Boom|66/100 slp|[from] item: Leftovers
|upkeep
|turn|31
|
|t:|1760333601
|move|p2a: Articuno|Calm Mind|p2a: Articuno
|-boost|p2a: Articuno|spa|1
|-boost|p2a: Articuno|spd|1
|-curestatus|p1a: Mental Boom|slp|[msg]
|move|p1a: Mental Boom|Payback|p2a: Articuno
|-supereffective|p2a: Articuno
|-damage|p2a: Articuno|30/100
|-enditem|p2a: Articuno|Weakness Policy
|-boost|p2a: Articuno|atk|2|[from] item: Weakness Policy
|-boost|p2a: Articuno|spa|2|[from] item: Weakness Policy
|
|-heal|p1a: Mental Boom|72/100|[from] item: Leftovers
|upkeep
|turn|32
|
|t:|1760333608
|-terastallize|p2a: Articuno|Fighting
|move|p2a: Articuno|Tera Blast|p1a: Mental Boom|[anim] Tera Blast Fighting
|-supereffective|p1a: Mental Boom
|-damage|p1a: Mental Boom|3/100
|move|p1a: Mental Boom|Payback|p2a: Articuno
|-resisted|p2a: Articuno
|-damage|p2a: Articuno|10/100
|
|-heal|p1a: Mental Boom|9/100|[from] item: Leftovers
|upkeep
|turn|33
|inactive|jahleel has 120 seconds left.
|
|t:|1760333667
|move|p2a: Articuno|Tera Blast|p1a: Mental Boom|[anim] Tera Blast Fighting
|-supereffective|p1a: Mental Boom
|-damage|p1a: Mental Boom|0 fnt
|faint|p1a: Mental Boom
|
|upkeep
|inactive|jahleel has 90 seconds left.
|inactive|jahleel has 60 seconds left.
|
|t:|1760333719
|switch|p1a: Alt Account|Slowking-Galar, M|60/100
|-damage|p1a: Alt Account|47/100|[from] Stealth Rock
|turn|34
|
|t:|1760333722
|switch|p1a: Ban Appeal|Darkrai|100/100
|-damage|p1a: Ban Appeal|88/100|[from] Stealth Rock
|move|p2a: Articuno|Stored Power|p1a: Ban Appeal
|-immune|p1a: Ban Appeal
|
|upkeep
|turn|35
|inactive|jahleel has 60 seconds left.
|
|t:|1760333741
|move|p2a: Articuno|Tera Blast|p1a: Ban Appeal|[anim] Tera Blast Fighting
|-supereffective|p1a: Ban Appeal
|-damage|p1a: Ban Appeal|0 fnt
|faint|p1a: Ban Appeal
|
|upkeep
|inactive|jahleel has 30 seconds left.
|
|t:|1760333779
|switch|p1a: Alt Account|Slowking-Galar, M|81/100
|-damage|p1a: Alt Account|68/100|[from] Stealth Rock
|turn|36
|inactive|jahleel has 30 seconds left.
|
|t:|1760333793
|move|p2a: Articuno|Stored Power|p1a: Alt Account
|-damage|p1a: Alt Account|0 fnt
|faint|p1a: Alt Account
|
|upkeep
|inactive|jahleel has 30 seconds left this turn.
|-message|jahleel forfeited.
|
|win|RoddyJ
|raw|jahleel's rating: 1669 &rarr; <strong>1650</strong><br />(-19 for losing)
|raw|RoddyJ's rating: 1685 &rarr; <strong>1704</strong><br />(+19 for winning)
|l|☆jahleel
|player|p1|
|l|☆RoddyJ
|player|p2|
