|j|☆Mist02
|j|☆SimonStork
|t:|1760356930
|gametype|singles
|player|p1|Mist02|266|1323
|player|p2|SimonStork|101|1362
|gen|9
|tier|[Gen 9] OU
|rated|
|rule|HP Percentage Mod: HP is shown in percentages
|rule|Endless Battle Clause: Forcing endless battles is banned
|rule|Species Clause: Limit one of each Pokémon
|rule|OHKO Clause: OHKO moves are banned
|rule|Evasion Items Clause: Evasion items are banned
|rule|Evasion Moves Clause: Evasion moves are banned
|rule|Evasion Abilities Clause: Evasion abilities are banned
|rule|Sleep Moves Clause: Sleep-inducing moves are banned
|clearpoke
|poke|p1|Regice|
|poke|p1|Ninetales-Alola, M|
|poke|p1|Slowking-Galar, M|
|poke|p1|Cetitan, M|
|poke|p1|Corviknight, F|
|poke|p1|Beartic, F|
|poke|p2|Zamazenta-*|
|poke|p2|Pecharunt|
|poke|p2|Landorus-Therian, M|
|poke|p2|Walking Wake|
|poke|p2|Torkoal, M|
|poke|p2|Scizor, M|
|teampreview
|
|t:|1760356944
|teamsize|p1|6
|teamsize|p2|6
|start
|switch|p1a: Slowking|Slowking-Galar, M|100/100
|switch|p2a: Pecharunt|Pecharunt|100/100
|turn|1
|inactive|Battle timer is ON: inactive players will automatically lose when time's up. (requested by SimonStork)
|
|t:|1760356954
|move|p2a: Pecharunt|Foul Play|p1a: Slowking
|-supereffective|p1a: Slowking
|-damage|p1a: Slowking|77/100
|move|p1a: Slowking|Future Sight|p2a: Pecharunt
|-start|p1a: Slowking|move: Future Sight
|
|upkeep
|turn|2
|
|t:|1760356981
|switch|p2a: Scizor|Scizor, M|100/100
|-prepare|p1a: Slowking|Chilly Reception|[premajor]
|move|p1a: Slowking|Chilly Reception|p1a: Slowking
|-weather|Snowscape
|inactive|Mist02 has 120 seconds left.
|
|t:|1760356992
|switch|p1a: Cetitan|Cetitan, M|100/100|[from] Chilly Reception
|
|-weather|Snowscape|[upkeep]
|upkeep
|turn|3
|
|t:|1760356999
|-terastallize|p1a: Cetitan|Water
|move|p2a: Scizor|Bullet Punch|p1a: Cetitan
|-resisted|p1a: Cetitan
|-damage|p1a: Cetitan|74/100
|move|p1a: Cetitan|Belly Drum|p1a: Cetitan
|-damage|p1a: Cetitan|24/100
|-setboost|p1a: Cetitan|atk|6|[from] move: Belly Drum
|-enditem|p1a: Cetitan|Sitrus Berry|[eat]
|-heal|p1a: Cetitan|49/100|[from] item: Sitrus Berry
|
|-weather|Snowscape|[upkeep]
|-end|p2a: Scizor|move: Future Sight
|-resisted|p2a: Scizor
|-damage|p2a: Scizor|69/100
|upkeep
|turn|4
|
|t:|1760357021
|move|p2a: Scizor|Bullet Punch|p1a: Cetitan
|-resisted|p1a: Cetitan
|-damage|p1a: Cetitan|22/100
|move|p1a: Cetitan|Earthquake|p2a: Scizor
|-damage|p2a: Scizor|0 fnt
|faint|p2a: Scizor
|
|-weather|Snowscape|[upkeep]
|upkeep
|inactive|SimonStork has 120 seconds left.
|
|t:|1760357039
|switch|p2a: Landorus|Landorus-Therian, M|100/100
|-ability|p2a: Landorus|Intimidate|boost
|-unboost|p1a: Cetitan|atk|1
|turn|5
|
|t:|1760357043
|move|p1a: Cetitan|Ice Shard|p2a: Landorus
|-supereffective|p2a: Landorus
|-damage|p2a: Landorus|0 fnt
|faint|p2a: Landorus
|
|-weather|Snowscape|[upkeep]
|upkeep
|
|t:|1760357052
|switch|p2a: Walking Wake|Walking Wake|100/100
|turn|6
|
|t:|1760357058
|move|p1a: Cetitan|Icicle Crash|p2a: Walking Wake
|-damage|p2a: Walking Wake|0 fnt
|faint|p2a: Walking Wake
|-end|p2a: Walking Wake|Protosynthesis|[silent]
|
|-weather|none
|upkeep
|
|t:|1760357064
|switch|p2a: Zamazenta|Zamazenta|100/100
|-ability|p2a: Zamazenta|Dauntless Shield|boost
|-boost|p2a: Zamazenta|def|1
|turn|7
|
|t:|1760357069
|move|p1a: Cetitan|Ice Shard|p2a: Zamazenta
|-damage|p2a: Zamazenta|65/100
|move|p2a: Zamazenta|Body Press|p1a: Cetitan
|-damage|p1a: Cetitan|0 fnt
|faint|p1a: Cetitan
|
|-heal|p2a: Zamazenta|72/100|[from] item: Leftovers
|upkeep
|
|t:|1760357076
|switch|p1a: Ninetales|Ninetales-Alola, M|100/100
|-weather|Snowscape|[from] ability: Snow Warning|[of] p1a: Ninetales
|turn|8
|
|t:|1760357085
|-terastallize|p2a: Zamazenta|Fire
|move|p2a: Zamazenta|Substitute|p2a: Zamazenta
|-start|p2a: Zamazenta|Substitute
|-damage|p2a: Zamazenta|47/100
|move|p1a: Ninetales|Aurora Veil|p1a: Ninetales
|-sidestart|p1: Mist02|move: Aurora Veil
|
|-weather|Snowscape|[upkeep]
|-heal|p2a: Zamazenta|53/100|[from] item: Leftovers
|upkeep
|turn|9
|
|t:|1760357103
|switch|p1a: Corviknight|Corviknight, F|100/100
|move|p2a: Zamazenta|Iron Defense|p2a: Zamazenta
|-boost|p2a: Zamazenta|def|2
|
|-weather|Snowscape|[upkeep]
|-heal|p2a: Zamazenta|59/100|[from] item: Leftovers
|upkeep
|turn|10
|
|t:|1760357111
|move|p2a: Zamazenta|Iron Defense|p2a: Zamazenta
|-boost|p2a: Zamazenta|def|2
|move|p1a: Corviknight|Brave Bird|p2a: Zamazenta
|-activate|p2a: Zamazenta|move: Substitute|[damage]
|-damage|p1a: Corviknight|98/100|[from] Recoil|[of] p2a: Zamazenta
|
|-weather|Snowscape|[upkeep]
|-heal|p2a: Zamazenta|65/100|[from] item: Leftovers
|upkeep
|turn|11
|
|t:|1760357120
|move|p2a: Zamazenta|Iron Defense|p2a: Zamazenta
|-boost|p2a: Zamazenta|def|1
|move|p1a: Corviknight|Brave Bird|p2a: Zamazenta
|-activate|p2a: Zamazenta|move: Substitute|[damage]
|-damage|p1a: Corviknight|96/100|[from] Recoil|[of] p2a: Zamazenta
|
|-weather|Snowscape|[upkeep]
|-heal|p2a: Zamazenta|71/100|[from] item: Leftovers
|upkeep
|turn|12
|
|t:|1760357128
|move|p2a: Zamazenta|Body Press|p1a: Corviknight
|-damage|p1a: Corviknight|55/100
|-damage|p2a: Zamazenta|55/100|[from] item: Rocky Helmet|[of] p1a: Corviknight
|move|p1a: Corviknight|Brave Bird|p2a: Zamazenta
|-activate|p2a: Zamazenta|move: Substitute|[damage]
|-damage|p1a: Corviknight|53/100|[from] Recoil|[of] p2a: Zamazenta
|
|-weather|Snowscape|[upkeep]
|-heal|p2a: Zamazenta|61/100|[from] item: Leftovers
|-sideend|p1: Mist02|move: Aurora Veil
|upkeep
|turn|13
|
|t:|1760357140
|move|p2a: Zamazenta|Body Press|p1a: Corviknight
|-damage|p1a: Corviknight|0 fnt
|-damage|p2a: Zamazenta|45/100|[from] item: Rocky Helmet|[of] p1a: Corviknight
|faint|p1a: Corviknight
|
|-weather|Snowscape|[upkeep]
|-heal|p2a: Zamazenta|51/100|[from] item: Leftovers
|upkeep
|
|t:|1760357150
|switch|p1a: Slowking|Slowking-Galar, M|100/100
|turn|14
|
|t:|1760357155
|move|p2a: Zamazenta|Body Press|p1a: Slowking
|-resisted|p1a: Slowking
|-damage|p1a: Slowking|66/100
|move|p1a: Slowking|Hydro Pump|p2a: Zamazenta|[miss]
|-miss|p1a: Slowking|p2a: Zamazenta
|
|-weather|Snowscape|[upkeep]
|-heal|p2a: Zamazenta|57/100|[from] item: Leftovers
|upkeep
|turn|15
|
|t:|1760357167
|move|p2a: Zamazenta|Crunch|p1a: Slowking
|-supereffective|p1a: Slowking
|-damage|p1a: Slowking|19/100
|move|p1a: Slowking|Hydro Pump|p2a: Zamazenta
|-supereffective|p2a: Zamazenta
|-end|p2a: Zamazenta|Substitute
|
|-weather|none
|-heal|p2a: Zamazenta|63/100|[from] item: Leftovers
|upkeep
|turn|16
|
|t:|1760357176
|switch|p1a: Ninetales|Ninetales-Alola, M|100/100
|-weather|Snowscape|[from] ability: Snow Warning|[of] p1a: Ninetales
|move|p2a: Zamazenta|Crunch|p1a: Ninetales
|-resisted|p1a: Ninetales
|-damage|p1a: Ninetales|89/100
|-unboost|p1a: Ninetales|def|1
|
|-weather|Snowscape|[upkeep]
|-heal|p2a: Zamazenta|69/100|[from] item: Leftovers
|upkeep
|turn|17
|
|t:|1760357186
|move|p2a: Zamazenta|Substitute|p2a: Zamazenta
|-start|p2a: Zamazenta|Substitute
|-damage|p2a: Zamazenta|44/100
|move|p1a: Ninetales|Aurora Veil|p1a: Ninetales
|-sidestart|p1: Mist02|move: Aurora Veil
|
|-weather|Snowscape|[upkeep]
|-heal|p2a: Zamazenta|50/100|[from] item: Leftovers
|upkeep
|turn|18
|
|t:|1760357194
|move|p2a: Zamazenta|Crunch|p1a: Ninetales
|-resisted|p1a: Ninetales
|-damage|p1a: Ninetales|81/100
|move|p1a: Ninetales|Moonblast|p2a: Zamazenta
|-resisted|p2a: Zamazenta
|-activate|p2a: Zamazenta|move: Substitute|[damage]
|
|-weather|Snowscape|[upkeep]
|-heal|p2a: Zamazenta|57/100|[from] item: Leftovers
|upkeep
|turn|19
|
|t:|1760357203
|move|p2a: Zamazenta|Body Press|p1a: Ninetales
|-damage|p1a: Ninetales|0 fnt
|faint|p1a: Ninetales
|
|-weather|Snowscape|[upkeep]
|-heal|p2a: Zamazenta|63/100|[from] item: Leftovers
|upkeep
|
|t:|1760357214
|switch|p1a: Slowking|Slowking-Galar, M|52/100
|turn|20
|
|t:|1760357218
|move|p2a: Zamazenta|Crunch|p1a: Slowking
|-supereffective|p1a: Slowking
|-damage|p1a: Slowking|31/100
|move|p1a: Slowking|Hydro Pump|p2a: Zamazenta
|-supereffective|p2a: Zamazenta
|-end|p2a: Zamazenta|Substitute
|
|-weather|Snowscape|[upkeep]
|-heal|p2a: Zamazenta|69/100|[from] item: Leftovers
|upkeep
|turn|21
|
|t:|1760357226
|move|p2a: Zamazenta|Substitute|p2a: Zamazenta
|-start|p2a: Zamazenta|Substitute
|-damage|p2a: Zamazenta|44/100
|move|p1a: Slowking|Hydro Pump|p2a: Zamazenta
|-supereffective|p2a: Zamazenta
|-end|p2a: Zamazenta|Substitute
|
|-weather|Snowscape|[upkeep]
|-heal|p2a: Zamazenta|50/100|[from] item: Leftovers
|-sideend|p1: Mist02|move: Aurora Veil
|upkeep
|turn|22
|
|t:|1760357239
|switch|p1a: Beartic|Beartic, F|100/100
|move|p2a: Zamazenta|Crunch|p1a: Beartic
|-damage|p1a: Beartic|81/100
|
|-weather|Snowscape|[upkeep]
|-heal|p2a: Zamazenta|56/100|[from] item: Leftovers
|upkeep
|turn|23
|
|t:|1760357246
|move|p1a: Beartic|Liquidation|p2a: Zamazenta
|-supereffective|p2a: Zamazenta
|-damage|p2a: Zamazenta|38/100
|move|p2a: Zamazenta|Body Press|p1a: Beartic
|-supereffective|p1a: Beartic
|-damage|p1a: Beartic|0 fnt
|faint|p1a: Beartic
|
|-weather|none
|-heal|p2a: Zamazenta|44/100|[from] item: Leftovers
|upkeep
|
|t:|1760357255
|switch|p1a: Slowking|Slowking-Galar, M|64/100
|turn|24
|
|t:|1760357258
|move|p2a: Zamazenta|Substitute|p2a: Zamazenta
|-start|p2a: Zamazenta|Substitute
|-damage|p2a: Zamazenta|19/100
|move|p1a: Slowking|Hydro Pump|p2a: Zamazenta
|-supereffective|p2a: Zamazenta
|-end|p2a: Zamazenta|Substitute
|
|-heal|p2a: Zamazenta|25/100|[from] item: Leftovers
|upkeep
|turn|25
|
|t:|1760357266
|move|p2a: Zamazenta|Crunch|p1a: Slowking
|-supereffective|p1a: Slowking
|-damage|p1a: Slowking|22/100
|move|p1a: Slowking|Hydro Pump|p2a: Zamazenta
|-supereffective|p2a: Zamazenta
|-damage|p2a: Zamazenta|0 fnt
|faint|p2a: Zamazenta
|
|upkeep
|
|t:|1760357274
|switch|p2a: Pecharunt|Pecharunt|100/100
|turn|26
|
|t:|1760357278
|move|p2a: Pecharunt|Foul Play|p1a: Slowking
|-supereffective|p1a: Slowking
|-damage|p1a: Slowking|0 fnt
|faint|p1a: Slowking
|
|upkeep
|
|t:|1760357283
|switch|p1a: Regice|Regice|100/100
|turn|27
|
|t:|1760357286
|move|p2a: Pecharunt|Malignant Chain|p1a: Regice
|-damage|p1a: Regice|85/100
|-status|p1a: Regice|tox
|-start|p1a: Regice|confusion|[from] ability: Poison Puppeteer|[of] p2a: Pecharunt
|-activate|p1a: Regice|confusion
|move|p1a: Regice|Curse|p1a: Regice
|-unboost|p1a: Regice|spe|1
|-boost|p1a: Regice|atk|1
|-boost|p1a: Regice|def|1
|
|-heal|p1a: Regice|91/100 tox|[from] item: Leftovers
|-damage|p1a: Regice|85/100 tox|[from] psn
|upkeep
|turn|28
|
|t:|1760357299
|move|p2a: Pecharunt|Foul Play|p1a: Regice
|-damage|p1a: Regice|65/100 tox
|-activate|p1a: Regice|confusion
|move|p1a: Regice|Curse|p1a: Regice
|-unboost|p1a: Regice|spe|1
|-boost|p1a: Regice|atk|1
|-boost|p1a: Regice|def|1
|
|-heal|p1a: Regice|71/100 tox|[from] item: Leftovers
|-damage|p1a: Regice|59/100 tox|[from] psn
|upkeep
|turn|29
|
|t:|1760357309
|move|p2a: Pecharunt|Foul Play|p1a: Regice
|-damage|p1a: Regice|40/100 tox
|-activate|p1a: Regice|confusion
|move|p1a: Regice|Earthquake|p2a: Pecharunt
|-supereffective|p2a: Pecharunt
|-damage|p2a: Pecharunt|57/100
|
|-heal|p1a: Regice|46/100 tox|[from] item: Leftovers
|-damage|p1a: Regice|28/100 tox|[from] psn
|upkeep
|turn|30
|-message|Mist02 forfeited.
|
|win|SimonStork
|raw|Mist02's rating: 1323 &rarr; <strong>1305</strong><br />(-18 for losing)
|raw|SimonStork's rating: 1362 &rarr; <strong>1380</strong><br />(+18 for winning)
|l|☆Mist02
|player|p1|
|l|☆SimonStork
|player|p2|
