|j|☆Potential Man
|j|☆godlywalrus
|t:|1760387152
|gametype|singles
|player|p1|Potential Man|brock-gen2|1606
|player|p2|godlywalrus|acerola|1719
|gen|9
|tier|[Gen 9] OU
|rated|
|rule|HP Percentage Mod: HP is shown in percentages
|rule|Endless Battle Clause: Forcing endless battles is banned
|rule|Species Clause: Limit one of each Pokémon
|rule|OHKO Clause: OHKO moves are banned
|rule|Evasion Items Clause: Evasion items are banned
|rule|Evasion Moves Clause: Evasion moves are banned
|rule|Evasion Abilities Clause: Evasion abilities are banned
|rule|Sleep Moves Clause: Sleep-inducing moves are banned
|clearpoke
|poke|p1|Toxtricity, F|
|poke|p1|Darkrai|
|poke|p1|Samurott-Hisui, M|
|poke|p1|Rillaboom, F|
|poke|p1|Landorus-Therian, M|
|poke|p1|Hatterene, F|
|poke|p2|Primarina, M|
|poke|p2|Ceruledge, M|
|poke|p2|Corviknight, M|
|poke|p2|Gliscor, F|
|poke|p2|Meowscarada, F|
|poke|p2|Latios, M|
|teampreview
|inactive|Battle timer is ON: inactive players will automatically lose when time's up. (requested by Potential Man)
|
|t:|1760387174
|teamsize|p1|6
|teamsize|p2|6
|start
|switch|p1a: Fifth Magic|Hatterene, F, shiny|100/100
|switch|p2a: Meowscarada|Meowscarada, F|100/100
|turn|1
|
|t:|1760387178
|move|p2a: Meowscarada|U-turn|p1a: Fifth Magic
|-start|p2a: Meowscarada|typechange|Bug|[from] ability: Protean
|-damage|p1a: Fifth Magic|60/100
|
|t:|1760387179
|switch|p2a: Gliscor|Gliscor, F|100/100|[from] U-turn
|move|p1a: Fifth Magic|Psychic Noise|p2a: Gliscor
|-damage|p2a: Gliscor|69/100
|-start|p2a: Gliscor|move: Heal Block
|
|-heal|p1a: Fifth Magic|66/100|[from] item: Leftovers
|-status|p2a: Gliscor|tox|[from] item: Toxic Orb
|upkeep
|turn|2
|
|t:|1760387184
|switch|p2a: Meowscarada|Meowscarada, F|100/100
|switch|p1a: Bad Amp|Toxtricity, F, shiny|100/100
|
|upkeep
|turn|3
|
|t:|1760387195
|move|p2a: Meowscarada|U-turn|p1a: Bad Amp
|-start|p2a: Meowscarada|typechange|Bug|[from] ability: Protean
|-resisted|p1a: Bad Amp
|-damage|p1a: Bad Amp|59/100
|
|t:|1760387197
|switch|p2a: Ceruledge|Ceruledge, M|100/100|[from] U-turn
|move|p1a: Bad Amp|Boomburst|p2a: Ceruledge
|-immune|p2a: Ceruledge
|
|upkeep
|turn|4
|
|t:|1760387202
|switch|p2a: Meowscarada|Meowscarada, F|100/100
|switch|p1a: Enten|Samurott-Hisui, M|100/100
|
|upkeep
|turn|5
|
|t:|1760387207
|switch|p1a: Landorus|Landorus-Therian, M|100/100
|-ability|p1a: Landorus|Intimidate|boost
|-unboost|p2a: Meowscarada|atk|1
|move|p2a: Meowscarada|U-turn|p1a: Landorus
|-start|p2a: Meowscarada|typechange|Bug|[from] ability: Protean
|-resisted|p1a: Landorus
|-damage|p1a: Landorus|84/100
|
|t:|1760387223
|switch|p2a: Gliscor|Gliscor, F|69/100 tox|[from] U-turn
|
|-heal|p1a: Landorus|90/100|[from] item: Leftovers
|-heal|p2a: Gliscor|82/100 tox|[from] ability: Poison Heal
|upkeep
|turn|6
|
|t:|1760387226
|move|p2a: Gliscor|Toxic|p1a: Landorus
|-status|p1a: Landorus|tox
|move|p1a: Landorus|Stealth Rock|p2a: Gliscor
|-sidestart|p2: godlywalrus|move: Stealth Rock
|
|-heal|p1a: Landorus|96/100 tox|[from] item: Leftovers
|-heal|p2a: Gliscor|94/100 tox|[from] ability: Poison Heal
|-damage|p1a: Landorus|90/100 tox|[from] psn
|upkeep
|turn|7
|
|t:|1760387232
|switch|p1a: Rillaboom|Rillaboom, F|100/100
|-fieldstart|move: Grassy Terrain|[from] ability: Grassy Surge|[of] p1a: Rillaboom
|move|p2a: Gliscor|Stealth Rock|p1a: Rillaboom
|-sidestart|p1: Potential Man|move: Stealth Rock
|
|-heal|p2a: Gliscor|100/100 tox|[from] ability: Poison Heal
|upkeep
|turn|8
|
|t:|1760387236
|switch|p2a: Corviknight|Corviknight, M|100/100
|-damage|p2a: Corviknight|88/100|[from] Stealth Rock
|-ability|p2a: Corviknight|Pressure
|move|p1a: Rillaboom|U-turn|p2a: Corviknight
|-resisted|p2a: Corviknight
|-damage|p2a: Corviknight|82/100
|-damage|p1a: Rillaboom|84/100|[from] item: Rocky Helmet|[of] p2a: Corviknight
|
|t:|1760387239
|switch|p1a: Bad Amp|Toxtricity, F, shiny|59/100|[from] U-turn
|-damage|p1a: Bad Amp|47/100|[from] Stealth Rock
|
|-heal|p1a: Bad Amp|53/100|[from] Grassy Terrain
|upkeep
|turn|9
|
|t:|1760387244
|switch|p2a: Ceruledge|Ceruledge, M|100/100
|-terastallize|p1a: Bad Amp|Normal
|move|p1a: Bad Amp|Boomburst|p2a: Ceruledge
|-immune|p2a: Ceruledge
|
|-heal|p1a: Bad Amp|59/100|[from] Grassy Terrain
|upkeep
|turn|10
|c|☆godlywalrus|lol
|
|t:|1760387253
|switch|p1a: Landorus|Landorus-Therian, M|90/100 tox
|-damage|p1a: Landorus|78/100 tox|[from] Stealth Rock
|-ability|p1a: Landorus|Intimidate|boost
|-unboost|p2a: Ceruledge|atk|1
|move|p2a: Ceruledge|Bitter Blade|p1a: Landorus
|-damage|p1a: Landorus|53/100 tox
|
|-heal|p1a: Landorus|59/100 tox|[from] item: Leftovers
|-damage|p1a: Landorus|53/100 tox|[from] psn
|upkeep
|turn|11
|
|t:|1760387257
|switch|p2a: Corviknight|Corviknight, M|82/100
|-damage|p2a: Corviknight|70/100|[from] Stealth Rock
|-ability|p2a: Corviknight|Pressure
|move|p1a: Landorus|U-turn|p2a: Corviknight
|-resisted|p2a: Corviknight
|-damage|p2a: Corviknight|67/100
|-damage|p1a: Landorus|36/100 tox|[from] item: Rocky Helmet|[of] p2a: Corviknight
|
|t:|1760387259
|switch|p1a: Bad Amp|Toxtricity, F, shiny, tera:Normal|59/100|[from] U-turn
|-damage|p1a: Bad Amp|47/100|[from] Stealth Rock
|
|-heal|p1a: Bad Amp|53/100|[from] Grassy Terrain
|-fieldend|move: Grassy Terrain
|upkeep
|turn|12
|
|t:|1760387261
|switch|p2a: Gliscor|Gliscor, F|100/100 tox
|-damage|p2a: Gliscor|88/100 tox|[from] Stealth Rock
|move|p1a: Bad Amp|Boomburst|p2a: Gliscor
|-damage|p2a: Gliscor|0 fnt
|faint|p2a: Gliscor
|
|upkeep
|c|☆godlywalrus|ahh
|
|t:|1760387268
|switch|p2a: Meowscarada|Meowscarada, F|100/100
|-damage|p2a: Meowscarada|88/100|[from] Stealth Rock
|turn|13
|
|t:|1760387273
|switch|p1a: Landorus|Landorus-Therian, M|36/100 tox
|-damage|p1a: Landorus|24/100 tox|[from] Stealth Rock
|-ability|p1a: Landorus|Intimidate|boost
|-unboost|p2a: Meowscarada|atk|1
|move|p2a: Meowscarada|U-turn|p1a: Landorus
|-start|p2a: Meowscarada|typechange|Bug|[from] ability: Protean
|-resisted|p1a: Landorus
|-damage|p1a: Landorus|7/100 tox
|
|t:|1760387277
|switch|p2a: Corviknight|Corviknight, M|67/100|[from] U-turn
|-damage|p2a: Corviknight|54/100|[from] Stealth Rock
|-ability|p2a: Corviknight|Pressure
|
|-heal|p1a: Landorus|13/100 tox|[from] item: Leftovers
|-damage|p1a: Landorus|7/100 tox|[from] psn
|upkeep
|turn|14
|
|t:|1760387280
|move|p1a: Landorus|Taunt|p2a: Corviknight
|-start|p2a: Corviknight|move: Taunt
|cant|p2a: Corviknight|move: Taunt|Roost
|
|-heal|p1a: Landorus|13/100 tox|[from] item: Leftovers
|-damage|p1a: Landorus|1/100 tox|[from] psn
|upkeep
|turn|15
|
|t:|1760387287
|switch|p1a: Bad Amp|Toxtricity, F, shiny, tera:Normal|53/100
|-damage|p1a: Bad Amp|41/100|[from] Stealth Rock
|move|p2a: Corviknight|Body Press|p1a: Bad Amp
|-supereffective|p1a: Bad Amp
|-damage|p1a: Bad Amp|0 fnt
|faint|p1a: Bad Amp
|
|upkeep
|
|t:|1760387300
|switch|p1a: Enten|Samurott-Hisui, M|100/100
|turn|16
|
|t:|1760387303
|move|p1a: Enten|Razor Shell|p2a: Corviknight|[miss]
|-miss|p1a: Enten|p2a: Corviknight
|move|p2a: Corviknight|Body Press|p1a: Enten
|-supereffective|p1a: Enten
|-damage|p1a: Enten|30/100
|
|-end|p2a: Corviknight|move: Taunt
|upkeep
|turn|17
|
|t:|1760387305
|move|p1a: Enten|Razor Shell|p2a: Corviknight
|-damage|p2a: Corviknight|26/100
|-damage|p1a: Enten|14/100|[from] item: Rocky Helmet|[of] p2a: Corviknight
|move|p2a: Corviknight|Roost|p2a: Corviknight
|-heal|p2a: Corviknight|76/100
|-singleturn|p2a: Corviknight|move: Roost
|
|upkeep
|turn|18
|
|t:|1760387313
|move|p1a: Enten|Razor Shell|p2a: Corviknight
|-damage|p2a: Corviknight|45/100
|-unboost|p2a: Corviknight|def|1
|-damage|p1a: Enten|0 fnt|[from] item: Rocky Helmet|[of] p2a: Corviknight
|faint|p1a: Enten
|move|p2a: Corviknight|Roost|p2a: Corviknight
|-heal|p2a: Corviknight|95/100
|-singleturn|p2a: Corviknight|move: Roost
|
|upkeep
|
|t:|1760387316
|switch|p1a: Rillaboom|Rillaboom, F|84/100
|-damage|p1a: Rillaboom|72/100|[from] Stealth Rock
|-fieldstart|move: Grassy Terrain|[from] ability: Grassy Surge|[of] p1a: Rillaboom
|turn|19
|
|t:|1760387323
|move|p1a: Rillaboom|Knock Off|p2a: Corviknight
|-damage|p2a: Corviknight|49/100
|-damage|p1a: Rillaboom|55/100|[from] item: Rocky Helmet|[of] p2a: Corviknight
|-enditem|p2a: Corviknight|Rocky Helmet|[from] move: Knock Off|[of] p1a: Rillaboom
|move|p2a: Corviknight|Roost|p2a: Corviknight
|-heal|p2a: Corviknight|99/100
|-singleturn|p2a: Corviknight|move: Roost
|
|-heal|p1a: Rillaboom|61/100|[from] Grassy Terrain
|-heal|p2a: Corviknight|100/100|[from] Grassy Terrain
|upkeep
|turn|20
|
|t:|1760387330
|move|p1a: Rillaboom|Knock Off|p2a: Corviknight
|-damage|p2a: Corviknight|66/100
|move|p2a: Corviknight|Body Press|p1a: Rillaboom
|-damage|p1a: Rillaboom|42/100
|
|-heal|p1a: Rillaboom|48/100|[from] Grassy Terrain
|upkeep
|turn|21
|
|t:|1760387334
|switch|p1a: Landorus|Landorus-Therian, M|1/100 tox
|-damage|p1a: Landorus|0 fnt|[from] Stealth Rock
|faint|p1a: Landorus
|move|p2a: Corviknight|Body Press|p1: Landorus|[notarget]
|-fail|p2a: Corviknight
|
|upkeep
|
|t:|1760387335
|switch|p1a: Darkrai|Darkrai|100/100
|turn|22
|
|t:|1760387338
|switch|p2a: Primarina|Primarina, M|100/100
|-damage|p2a: Primarina|88/100|[from] Stealth Rock
|move|p1a: Darkrai|Nasty Plot|p1a: Darkrai
|-boost|p1a: Darkrai|spa|2
|
|-heal|p2a: Primarina|94/100|[from] Grassy Terrain
|upkeep
|turn|23
|
|t:|1760387341
|-terastallize|p2a: Primarina|Steel
|move|p1a: Darkrai|Sludge Bomb|p2a: Primarina
|-immune|p2a: Primarina
|move|p2a: Primarina|Moonblast|p1a: Darkrai
|-supereffective|p1a: Darkrai
|-crit|p1a: Darkrai
|-damage|p1a: Darkrai|0 fnt
|faint|p1a: Darkrai
|
|-heal|p2a: Primarina|100/100|[from] Grassy Terrain
|-fieldend|move: Grassy Terrain
|upkeep
|
|t:|1760387343
|switch|p1a: Fifth Magic|Hatterene, F, shiny|66/100
|-damage|p1a: Fifth Magic|53/100|[from] Stealth Rock
|turn|24
|
|t:|1760387348
|move|p2a: Primarina|Moonblast|p1a: Fifth Magic
|-damage|p1a: Fifth Magic|0 fnt
|faint|p1a: Fifth Magic
|
|upkeep
|
|t:|1760387349
|switch|p1a: Rillaboom|Rillaboom, F|48/100
|-damage|p1a: Rillaboom|35/100|[from] Stealth Rock
|-fieldstart|move: Grassy Terrain|[from] ability: Grassy Surge|[of] p1a: Rillaboom
|turn|25
|
|t:|1760387351
|move|p1a: Rillaboom|Wood Hammer|p2a: Primarina
|-resisted|p2a: Primarina
|-damage|p2a: Primarina|11/100
|-damage|p1a: Rillaboom|8/100|[from] Recoil
|move|p2a: Primarina|Moonblast|p1a: Rillaboom
|-damage|p1a: Rillaboom|0 fnt
|faint|p1a: Rillaboom
|
|win|godlywalrus
|raw|Potential Man's rating: 1606 &rarr; <strong>1592</strong><br />(-14 for losing)
|raw|godlywalrus's rating: 1719 &rarr; <strong>1733</strong><br />(+14 for winning)
|l|☆Potential Man
|player|p1|
|l|☆godlywalrus
|player|p2|
