|j|☆splishsplish12
|j|☆Fitis3
|t:|1760386166
|gametype|singles
|player|p1|splishsplish12|steven|1138
|player|p2|Fitis3|1|1115
|gen|9
|tier|[Gen 9] OU
|rated|
|rule|HP Percentage Mod: HP is shown in percentages
|rule|Endless Battle Clause: Forcing endless battles is banned
|rule|Species Clause: Limit one of each Pokémon
|rule|OHKO Clause: OHKO moves are banned
|rule|Evasion Items Clause: Evasion items are banned
|rule|Evasion Moves Clause: Evasion moves are banned
|rule|Evasion Abilities Clause: Evasion abilities are banned
|rule|Sleep Moves Clause: Sleep-inducing moves are banned
|clearpoke
|poke|p1|Ting-Lu|
|poke|p1|Pecharunt|
|poke|p1|Dragapult, M|
|poke|p1|Kubfu, M|
|poke|p1|Snivy, M|
|poke|p1|Great Tusk|
|poke|p2|Tyranitar, F|
|poke|p2|Rillaboom, F|
|poke|p2|Great Tusk|
|poke|p2|Excadrill, M|
|poke|p2|Dragapult, F|
|poke|p2|Kingambit, M|
|teampreview
|inactive|Battle timer is ON: inactive players will automatically lose when time's up. (requested by Fitis3)
|inactive|Fitis3 has 120 seconds left.
|
|t:|1760386196
|teamsize|p1|6
|teamsize|p2|6
|start
|switch|p1a: Kubfu|Kubfu, M|100/100
|switch|p2a: Rillaboom|Rillaboom, F|100/100
|-fieldstart|move: Grassy Terrain|[from] ability: Grassy Surge|[of] p2a: Rillaboom
|turn|1
|
|t:|1760386202
|move|p2a: Rillaboom|Grassy Glide|p1a: Kubfu
|-enditem|p1a: Kubfu|Focus Sash
|-damage|p1a: Kubfu|1/100
|move|p1a: Kubfu|Counter|p2a: Rillaboom
|-damage|p2a: Rillaboom|0 fnt
|faint|p2a: Rillaboom
|
|-heal|p1a: Kubfu|7/100|[from] Grassy Terrain
|upkeep
|
|t:|1760386218
|switch|p2a: Dragapult|Dragapult, F|100/100
|turn|2
|
|t:|1760386222
|move|p2a: Dragapult|U-turn|p1a: Kubfu
|-resisted|p1a: Kubfu
|-damage|p1a: Kubfu|0 fnt
|faint|p1a: Kubfu
|
|t:|1760386227
|switch|p2a: Tyranitar|Tyranitar, F|100/100|[from] U-turn
|-weather|Sandstorm|[from] ability: Sand Stream|[of] p2a: Tyranitar
|
|-weather|Sandstorm|[upkeep]
|upkeep
|
|t:|1760386239
|switch|p1a: Great Tusk|Great Tusk|100/100
|-enditem|p1a: Great Tusk|Booster Energy
|-activate|p1a: Great Tusk|ability: Protosynthesis|[fromitem]
|-start|p1a: Great Tusk|protosynthesisspe
|turn|3
|
|t:|1760386247
|switch|p2a: Dragapult|Dragapult, F|100/100
|move|p1a: Great Tusk|Close Combat|p2a: Dragapult
|-immune|p2a: Dragapult
|
|-weather|Sandstorm|[upkeep]
|-damage|p2a: Dragapult|95/100|[from] Sandstorm
|-heal|p2a: Dragapult|100/100|[from] Grassy Terrain
|upkeep
|turn|4
|
|t:|1760386263
|move|p1a: Great Tusk|Ice Spinner|p2a: Dragapult
|-supereffective|p2a: Dragapult
|-damage|p2a: Dragapult|37/100
|-fieldend|move: Grassy Terrain
|move|p2a: Dragapult|Flamethrower|p1a: Great Tusk
|-damage|p1a: Great Tusk|49/100
|-status|p1a: Great Tusk|brn
|
|-weather|Sandstorm|[upkeep]
|-damage|p2a: Dragapult|31/100|[from] Sandstorm
|-damage|p1a: Great Tusk|42/100 brn|[from] brn
|upkeep
|turn|5
|
|t:|1760386279
|switch|p2a: Excadrill|Excadrill, M|100/100
|move|p1a: Great Tusk|Ice Spinner|p2a: Excadrill
|-damage|p2a: Excadrill|83/100
|
|-weather|Sandstorm|[upkeep]
|-damage|p1a: Great Tusk|36/100 brn|[from] brn
|upkeep
|turn|6
|
|t:|1760386284
|move|p2a: Excadrill|Earthquake|p1a: Great Tusk
|-damage|p1a: Great Tusk|0 fnt
|faint|p1a: Great Tusk
|-end|p1a: Great Tusk|Protosynthesis|[silent]
|-damage|p2a: Excadrill|73/100|[from] item: Life Orb
|
|-weather|none
|upkeep
|
|t:|1760386293
|switch|p1a: Ting-Lu|Ting-Lu|100/100
|-ability|p1a: Ting-Lu|Vessel of Ruin
|turn|7
|
|t:|1760386297
|switch|p2a: Great Tusk|Great Tusk|100/100
|move|p1a: Ting-Lu|Earthquake|p2a: Great Tusk
|-damage|p2a: Great Tusk|82/100
|
|-heal|p2a: Great Tusk|88/100|[from] item: Leftovers
|upkeep
|turn|8
|
|t:|1760386300
|move|p2a: Great Tusk|Knock Off|p1a: Ting-Lu
|-resisted|p1a: Ting-Lu
|-damage|p1a: Ting-Lu|94/100
|-damage|p2a: Great Tusk|71/100|[from] item: Rocky Helmet|[of] p1a: Ting-Lu
|-enditem|p1a: Ting-Lu|Rocky Helmet|[from] move: Knock Off|[of] p2a: Great Tusk
|move|p1a: Ting-Lu|Stealth Rock|p2a: Great Tusk
|-sidestart|p2: Fitis3|move: Stealth Rock
|
|-heal|p2a: Great Tusk|77/100|[from] item: Leftovers
|upkeep
|turn|9
|
|t:|1760386308
|move|p2a: Great Tusk|Rapid Spin|p1a: Ting-Lu
|-damage|p1a: Ting-Lu|89/100
|-boost|p2a: Great Tusk|spe|1
|-sideend|p2: Fitis3|Stealth Rock|[from] move: Rapid Spin|[of] p2a: Great Tusk
|move|p1a: Ting-Lu|Spikes|p2a: Great Tusk
|-sidestart|p2: Fitis3|Spikes
|
|-heal|p2a: Great Tusk|84/100|[from] item: Leftovers
|upkeep
|turn|10
|
|t:|1760386316
|move|p2a: Great Tusk|Rapid Spin|p1a: Ting-Lu
|-damage|p1a: Ting-Lu|83/100
|-boost|p2a: Great Tusk|spe|1
|-sideend|p2: Fitis3|Spikes|[from] move: Rapid Spin|[of] p2a: Great Tusk
|move|p1a: Ting-Lu|Ruination|p2a: Great Tusk
|-damage|p2a: Great Tusk|42/100
|
|-heal|p2a: Great Tusk|48/100|[from] item: Leftovers
|upkeep
|turn|11
|
|t:|1760386320
|move|p2a: Great Tusk|Close Combat|p1a: Ting-Lu
|-supereffective|p1a: Ting-Lu
|-damage|p1a: Ting-Lu|43/100
|-unboost|p2a: Great Tusk|def|1
|-unboost|p2a: Great Tusk|spd|1
|move|p1a: Ting-Lu|Ruination|p2a: Great Tusk
|-damage|p2a: Great Tusk|24/100
|
|-heal|p2a: Great Tusk|31/100|[from] item: Leftovers
|upkeep
|turn|12
|
|t:|1760386323
|move|p2a: Great Tusk|Close Combat|p1a: Ting-Lu
|-supereffective|p1a: Ting-Lu
|-damage|p1a: Ting-Lu|0 fnt
|-unboost|p2a: Great Tusk|def|1
|-unboost|p2a: Great Tusk|spd|1
|faint|p1a: Ting-Lu
|
|-heal|p2a: Great Tusk|37/100|[from] item: Leftovers
|upkeep
|
|t:|1760386334
|switch|p1a: Dragapult|Dragapult, M|100/100
|turn|13
|
|t:|1760386342
|move|p1a: Dragapult|Draco Meteor|p2a: Great Tusk
|-damage|p2a: Great Tusk|0 fnt
|-unboost|p1a: Dragapult|spa|2
|faint|p2a: Great Tusk
|-end|p2a: Great Tusk|Protosynthesis|[silent]
|
|upkeep
|
|t:|1760386348
|switch|p2a: Tyranitar|Tyranitar, F|100/100
|-weather|Sandstorm|[from] ability: Sand Stream|[of] p2a: Tyranitar
|turn|14
|
|t:|1760386352
|switch|p1a: AstralSnivff|Snivy, M|100/100
|move|p2a: Tyranitar|Crunch|p1a: AstralSnivff
|-damage|p1a: AstralSnivff|36/100
|-boost|p1a: AstralSnivff|def|1
|
|-weather|Sandstorm|[upkeep]
|-damage|p1a: AstralSnivff|30/100|[from] Sandstorm
|upkeep
|turn|15
|
|t:|1760386364
|move|p1a: AstralSnivff|Leech Seed|p2a: Tyranitar
|-start|p2a: Tyranitar|move: Leech Seed
|move|p2a: Tyranitar|Crunch|p1a: AstralSnivff
|-damage|p1a: AstralSnivff|0 fnt
|faint|p1a: AstralSnivff
|
|-weather|Sandstorm|[upkeep]
|upkeep
|
|t:|1760386373
|switch|p1a: Dragapult|Dragapult, M|100/100
|turn|16
|
|t:|1760386379
|switch|p2a: Dragapult|Dragapult, F|31/100
|-terastallize|p1a: Dragapult|Ground
|move|p1a: Dragapult|Tera Blast|p2a: Dragapult|[anim] Tera Blast Ground
|-crit|p2a: Dragapult
|-damage|p2a: Dragapult|0 fnt
|faint|p2a: Dragapult
|
|-weather|Sandstorm|[upkeep]
|upkeep
|
|t:|1760386393
|switch|p2a: Tyranitar|Tyranitar, F|100/100
|turn|17
|
|t:|1760386398
|-terastallize|p2a: Tyranitar|Flying
|move|p1a: Dragapult|Tera Blast|p2a: Tyranitar|[anim] Tera Blast Ground
|-immune|p2a: Tyranitar
|move|p2a: Tyranitar|Crunch|p1a: Dragapult
|-damage|p1a: Dragapult|50/100
|
|-weather|Sandstorm|[upkeep]
|-damage|p2a: Tyranitar|94/100|[from] Sandstorm
|-heal|p2a: Tyranitar|100/100|[from] item: Leftovers
|upkeep
|turn|18
|
|t:|1760386405
|switch|p1a: Pecharunt|Pecharunt|100/100
|move|p2a: Tyranitar|Crunch|p1a: Pecharunt
|-supereffective|p1a: Pecharunt
|-damage|p1a: Pecharunt|64/100
|
|-weather|none
|-heal|p1a: Pecharunt|70/100|[from] item: Leftovers
|upkeep
|turn|19
|
|t:|1760386410
|move|p1a: Pecharunt|Malignant Chain|p2a: Tyranitar
|-damage|p2a: Tyranitar|81/100
|move|p2a: Tyranitar|Crunch|p1a: Pecharunt
|-supereffective|p1a: Pecharunt
|-damage|p1a: Pecharunt|34/100
|
|-heal|p1a: Pecharunt|40/100|[from] item: Leftovers
|-heal|p2a: Tyranitar|87/100|[from] item: Leftovers
|upkeep
|turn|20
|
|t:|1760386416
|switch|p2a: Excadrill|Excadrill, M|73/100
|move|p1a: Pecharunt|Toxic|p2a: Excadrill
|-immune|p2a: Excadrill
|
|-heal|p1a: Pecharunt|47/100|[from] item: Leftovers
|upkeep
|turn|21
|
|t:|1760386422
|move|p1a: Pecharunt|Protect|p1a: Pecharunt
|-singleturn|p1a: Pecharunt|Protect
|move|p2a: Excadrill|Swords Dance|p2a: Excadrill
|-boost|p2a: Excadrill|atk|2
|
|-heal|p1a: Pecharunt|53/100|[from] item: Leftovers
|upkeep
|turn|22
|
|t:|1760386426
|move|p2a: Excadrill|Earthquake|p1a: Pecharunt
|-supereffective|p1a: Pecharunt
|-damage|p1a: Pecharunt|0 fnt
|faint|p1a: Pecharunt
|-damage|p2a: Excadrill|63/100|[from] item: Life Orb
|
|upkeep
|
|t:|1760386428
|switch|p1a: Dragapult|Dragapult, M, tera:Ground|50/100
|turn|23
|
|t:|1760386431
|switch|p2a: Tyranitar|Tyranitar, F, tera:Flying|87/100
|-weather|Sandstorm|[from] ability: Sand Stream|[of] p2a: Tyranitar
|move|p1a: Dragapult|Flamethrower|p2a: Tyranitar
|-damage|p2a: Tyranitar|64/100
|
|-weather|Sandstorm|[upkeep]
|-damage|p2a: Tyranitar|58/100|[from] Sandstorm
|-heal|p2a: Tyranitar|64/100|[from] item: Leftovers
|upkeep
|turn|24
|
|t:|1760386440
|move|p1a: Dragapult|Flamethrower|p2a: Tyranitar
|-damage|p2a: Tyranitar|39/100
|move|p2a: Tyranitar|Crunch|p1a: Dragapult
|-damage|p1a: Dragapult|4/100
|
|-weather|Sandstorm|[upkeep]
|-damage|p2a: Tyranitar|32/100|[from] Sandstorm
|-heal|p2a: Tyranitar|39/100|[from] item: Leftovers
|upkeep
|turn|25
|
|t:|1760386443
|move|p1a: Dragapult|Flamethrower|p2a: Tyranitar
|-damage|p2a: Tyranitar|14/100
|move|p2a: Tyranitar|Crunch|p1a: Dragapult
|-damage|p1a: Dragapult|0 fnt
|faint|p1a: Dragapult
|
|win|Fitis3
|raw|splishsplish12's rating: 1138 &rarr; <strong>1111</strong><br />(-27 for losing)
|raw|Fitis3's rating: 1115 &rarr; <strong>1142</strong><br />(+27 for winning)
|l|☆splishsplish12
|player|p1|
|l|☆Fitis3
|player|p2|
