|j|☆eboys
|j|☆ThiefYT
|t:|1760448970
|gametype|singles
|player|p1|eboys|youngn|1247
|player|p2|ThiefYT|dawn|1311
|gen|9
|tier|[Gen 9] OU
|rated|
|rule|HP Percentage Mod: HP is shown in percentages
|rule|Endless Battle Clause: Forcing endless battles is banned
|rule|Species Clause: Limit one of each Pokémon
|rule|OHKO Clause: OHKO moves are banned
|rule|Evasion Items Clause: Evasion items are banned
|rule|Evasion Moves Clause: Evasion moves are banned
|rule|Evasion Abilities Clause: Evasion abilities are banned
|rule|Sleep Moves Clause: Sleep-inducing moves are banned
|clearpoke
|poke|p1|Ribombee, F|
|poke|p1|Mew|
|poke|p1|Great Tusk|
|poke|p1|Gholdengo|
|poke|p1|Dragonite, M|
|poke|p1|Samurott-Hisui, M|
|poke|p2|Walking Wake|
|poke|p2|Lilligant-Hisui, F|
|poke|p2|Torkoal, F|
|poke|p2|Jumpluff, M|
|poke|p2|Great Tusk|
|poke|p2|Arcanine-Hisui, F|
|teampreview
|inactive|Battle timer is ON: inactive players will automatically lose when time's up. (requested by ThiefYT)
|
|t:|1760449008
|teamsize|p1|6
|teamsize|p2|6
|start
|switch|p1a: Ribombee|Ribombee, F|100/100
|switch|p2a: Torkoal|Torkoal, F, shiny|100/100
|-weather|SunnyDay|[from] ability: Drought|[of] p2a: Torkoal
|turn|1
|
|t:|1760449016
|move|p1a: Ribombee|Sticky Web|p2a: Torkoal
|-sidestart|p2: ThiefYT|move: Sticky Web
|move|p2a: Torkoal|Stealth Rock|p1a: Ribombee
|-sidestart|p1: eboys|move: Stealth Rock
|
|-weather|SunnyDay|[upkeep]
|upkeep
|turn|2
|
|t:|1760449023
|move|p1a: Ribombee|Stun Spore|p2a: Torkoal
|-status|p2a: Torkoal|par
|move|p2a: Torkoal|Rapid Spin|p1a: Ribombee
|-damage|p1a: Ribombee|84/100
|-boost|p2a: Torkoal|spe|1
|-sideend|p2: ThiefYT|Sticky Web|[from] move: Rapid Spin|[of] p2a: Torkoal
|
|-weather|SunnyDay|[upkeep]
|upkeep
|turn|3
|
|t:|1760449032
|move|p1a: Ribombee|Sticky Web|p2a: Torkoal
|-sidestart|p2: ThiefYT|move: Sticky Web
|move|p2a: Torkoal|Lava Plume|p1a: Ribombee
|-supereffective|p1a: Ribombee
|-damage|p1a: Ribombee|0 fnt
|faint|p1a: Ribombee
|
|-weather|SunnyDay|[upkeep]
|upkeep
|
|t:|1760449053
|switch|p1a: Samurott|Samurott-Hisui, M|100/100
|-damage|p1a: Samurott|88/100|[from] Stealth Rock
|turn|4
|
|t:|1760449058
|-terastallize|p1a: Samurott|Ghost
|move|p1a: Samurott|Swords Dance|p1a: Samurott
|-boost|p1a: Samurott|atk|2
|move|p2a: Torkoal|Rapid Spin|p1a: Samurott
|-immune|p1a: Samurott
|
|-weather|SunnyDay|[upkeep]
|upkeep
|turn|5
|
|t:|1760449076
|switch|p2a: Jumpluff|Jumpluff, M, shiny|100/100
|move|p1a: Samurott|Ceaseless Edge|p2a: Jumpluff
|-enditem|p2a: Jumpluff|Focus Sash
|-damage|p2a: Jumpluff|1/100
|-sidestart|p2: ThiefYT|Spikes
|
|-weather|SunnyDay|[upkeep]
|upkeep
|turn|6
|
|t:|1760449087
|move|p1a: Samurott|Sucker Punch||[still]
|-fail|p1a: Samurott
|move|p2a: Jumpluff|Tailwind|p2a: Jumpluff
|-sidestart|p2: ThiefYT|move: Tailwind
|
|-weather|SunnyDay|[upkeep]
|upkeep
|turn|7
|
|t:|1760449094
|move|p2a: Jumpluff|Memento|p1a: Samurott
|-unboost|p1a: Samurott|atk|2
|-unboost|p1a: Samurott|spa|2
|faint|p2a: Jumpluff
|move|p1a: Samurott|Ceaseless Edge|p2: Jumpluff|[notarget]
|-fail|p1a: Samurott
|
|-weather|SunnyDay|[upkeep]
|upkeep
|
|t:|1760449102
|switch|p2a: Lilligant|Lilligant-Hisui, F|100/100
|-activate|p2a: Lilligant|move: Sticky Web
|-unboost|p2a: Lilligant|spe|1
|-damage|p2a: Lilligant|88/100|[from] Spikes
|turn|8
|
|t:|1760449115
|switch|p1a: Gholdengo|Gholdengo|100/100
|-damage|p1a: Gholdengo|94/100|[from] Stealth Rock
|-item|p1a: Gholdengo|Air Balloon
|move|p2a: Lilligant|Victory Dance|p2a: Lilligant
|-boost|p2a: Lilligant|atk|1
|-boost|p2a: Lilligant|def|1
|-boost|p2a: Lilligant|spe|1
|
|-weather|none
|upkeep
|turn|9
|
|t:|1760449129
|-terastallize|p2a: Lilligant|Ghost
|move|p2a: Lilligant|Tera Blast|p1a: Gholdengo|[anim] Tera Blast Ghost
|-supereffective|p1a: Gholdengo
|-damage|p1a: Gholdengo|0 fnt
|-enditem|p1a: Gholdengo|Air Balloon
|faint|p1a: Gholdengo
|
|-sideend|p2: ThiefYT|move: Tailwind
|upkeep
|
|t:|1760449151
|switch|p1a: Mew|Mew|100/100
|-damage|p1a: Mew|88/100|[from] Stealth Rock
|turn|10
|
|t:|1760449157
|move|p1a: Mew|Meteor Beam||[still]
|-prepare|p1a: Mew|Meteor Beam
|-boost|p1a: Mew|spa|1
|-enditem|p1a: Mew|Power Herb
|-anim|p1a: Mew|Meteor Beam|p2a: Lilligant|[miss]
|-miss|p1a: Mew|p2a: Lilligant
|move|p2a: Lilligant|Tera Blast|p1a: Mew|[anim] Tera Blast Ghost
|-supereffective|p1a: Mew
|-damage|p1a: Mew|0 fnt
|faint|p1a: Mew
|
|upkeep
|-message|eboys forfeited.
|
|win|ThiefYT
|raw|eboys's rating: 1247 &rarr; <strong>1227</strong><br />(-20 for losing)
|raw|ThiefYT's rating: 1311 &rarr; <strong>1327</strong><br />(+16 for winning)
|l|☆eboys
|player|p1|
|l|☆ThiefYT
|player|p2|
