|j|☆Yz99999
|j|☆luxgia
|t:|1760459537
|gametype|singles
|player|p1|Yz99999|170|1561
|player|p2|luxgia|byron|1594
|gen|9
|tier|[Gen 9] OU
|rated|
|rule|HP Percentage Mod: HP is shown in percentages
|rule|Endless Battle Clause: Forcing endless battles is banned
|rule|Species Clause: Limit one of each Pokémon
|rule|OHKO Clause: OHKO moves are banned
|rule|Evasion Items Clause: Evasion items are banned
|rule|Evasion Moves Clause: Evasion moves are banned
|rule|Evasion Abilities Clause: Evasion abilities are banned
|rule|Sleep Moves Clause: Sleep-inducing moves are banned
|clearpoke
|poke|p1|Garganacl, F|
|poke|p1|Corviknight, F|
|poke|p1|Great Tusk|
|poke|p1|Scizor, F|
|poke|p1|Raging Bolt|
|poke|p1|Maushold|
|poke|p2|Zamazenta-*|
|poke|p2|Tornadus-Therian, M|
|poke|p2|Pecharunt|
|poke|p2|Ting-Lu|
|poke|p2|Cinderace, F|
|poke|p2|Dragonite, F|
|teampreview
|inactive|Battle timer is ON: inactive players will automatically lose when time's up. (requested by Yz99999)
|
|t:|1760459550
|teamsize|p1|6
|teamsize|p2|6
|start
|switch|p1a: Raging Bolt|Raging Bolt|100/100
|switch|p2a: Khoukha|Pecharunt|100/100
|turn|1
|l|☆Yz99999
|inactive|Yz99999 disconnected and has a minute to reconnect!
|player|p1|
|j|☆Yz99999
|inactive|Yz99999 reconnected and has 130 seconds left.
|player|p1|Yz99999|170|
|
|t:|1760459574
|switch|p2a: Begru|Ting-Lu|100/100
|-ability|p2a: Begru|Vessel of Ruin
|move|p1a: Raging Bolt|Draco Meteor|p2a: Begru
|-damage|p2a: Begru|54/100
|-unboost|p1a: Raging Bolt|spa|2
|
|-heal|p2a: Begru|60/100|[from] item: Leftovers
|upkeep
|turn|2
|
|t:|1760459582
|-end|p1a: Raging Bolt|Protosynthesis|[silent]
|switch|p1a: Great Tusk|Great Tusk|100/100
|move|p2a: Begru|Stealth Rock|p1a: Great Tusk
|-sidestart|p1: Yz99999|move: Stealth Rock
|
|-heal|p2a: Begru|66/100|[from] item: Leftovers
|upkeep
|turn|3
|
|t:|1760459585
|switch|p2a: Jinn|Tornadus-Therian, M|100/100
|move|p1a: Great Tusk|Knock Off|p2a: Jinn
|-damage|p2a: Jinn|50/100
|-enditem|p2a: Jinn|Life Orb|[from] move: Knock Off|[of] p1a: Great Tusk
|
|upkeep
|turn|4
|
|t:|1760459589
|-end|p1a: Great Tusk|Protosynthesis|[silent]
|switch|p1a: Garganacl|Garganacl, F|100/100
|-damage|p1a: Garganacl|88/100|[from] Stealth Rock
|move|p2a: Jinn|Air Slash|p1a: Garganacl
|-resisted|p1a: Garganacl
|-damage|p1a: Garganacl|77/100
|
|-heal|p1a: Garganacl|83/100|[from] item: Leftovers
|upkeep
|turn|5
|
|t:|1760459592
|move|p1a: Garganacl|Protect|p1a: Garganacl
|-singleturn|p1a: Garganacl|Protect
|move|p2a: Jinn|Grass Knot|p1a: Garganacl
|-activate|p1a: Garganacl|move: Protect
|
|-heal|p1a: Garganacl|89/100|[from] item: Leftovers
|upkeep
|turn|6
|
|t:|1760459595
|move|p2a: Jinn|Nasty Plot|p2a: Jinn
|-boost|p2a: Jinn|spa|2
|move|p1a: Garganacl|Salt Cure|p2a: Jinn
|-supereffective|p2a: Jinn
|-damage|p2a: Jinn|12/100
|-start|p2a: Jinn|Salt Cure
|
|-heal|p1a: Garganacl|95/100|[from] item: Leftovers
|-damage|p2a: Jinn|0 fnt|[from] Salt Cure
|faint|p2a: Jinn
|upkeep
|
|t:|1760459601
|switch|p2a: Dibu|Zamazenta|100/100
|-ability|p2a: Dibu|Dauntless Shield|boost
|-boost|p2a: Dibu|def|1
|turn|7
|
|t:|1760459607
|move|p2a: Dibu|Close Combat|p1a: Garganacl
|-supereffective|p1a: Garganacl
|-damage|p1a: Garganacl|0 fnt
|-unboost|p2a: Dibu|def|1
|-unboost|p2a: Dibu|spd|1
|faint|p1a: Garganacl
|-damage|p2a: Dibu|91/100|[from] item: Life Orb
|
|upkeep
|
|t:|1760459612
|switch|p1a: Raging Bolt|Raging Bolt|100/100
|-damage|p1a: Raging Bolt|88/100|[from] Stealth Rock
|turn|8
|
|t:|1760459615
|switch|p2a: Begru|Ting-Lu|66/100
|-ability|p2a: Begru|Vessel of Ruin
|-end|p1a: Raging Bolt|Protosynthesis|[silent]
|switch|p1a: Great Tusk|Great Tusk|100/100
|
|-heal|p2a: Begru|72/100|[from] item: Leftovers
|upkeep
|turn|9
|
|t:|1760459618
|switch|p2a: Khoukha|Pecharunt|100/100
|move|p1a: Great Tusk|Knock Off|p2a: Khoukha
|-supereffective|p2a: Khoukha
|-damage|p2a: Khoukha|71/100
|-enditem|p2a: Khoukha|Heavy-Duty Boots|[from] move: Knock Off|[of] p1a: Great Tusk
|
|upkeep
|turn|10
|
|t:|1760459620
|move|p1a: Great Tusk|Headlong Rush|p2a: Khoukha
|-supereffective|p2a: Khoukha
|-damage|p2a: Khoukha|14/100
|-unboost|p1a: Great Tusk|def|1
|-unboost|p1a: Great Tusk|spd|1
|move|p2a: Khoukha|Recover|p2a: Khoukha
|-heal|p2a: Khoukha|64/100
|
|upkeep
|turn|11
|
|t:|1760459626
|move|p1a: Great Tusk|Headlong Rush|p2a: Khoukha
|-supereffective|p2a: Khoukha
|-damage|p2a: Khoukha|5/100
|-unboost|p1a: Great Tusk|def|1
|-unboost|p1a: Great Tusk|spd|1
|move|p2a: Khoukha|Malignant Chain|p1a: Great Tusk
|-resisted|p1a: Great Tusk
|-damage|p1a: Great Tusk|54/100
|
|upkeep
|turn|12
|
|t:|1760459630
|switch|p2a: Dibu|Zamazenta|91/100
|move|p1a: Great Tusk|Headlong Rush|p2a: Dibu
|-damage|p2a: Dibu|34/100
|-unboost|p1a: Great Tusk|def|1
|-unboost|p1a: Great Tusk|spd|1
|
|upkeep
|turn|13
|
|t:|1760459634
|-end|p1a: Great Tusk|Protosynthesis|[silent]
|switch|p1a: Corviknight|Corviknight, F|100/100
|-damage|p1a: Corviknight|88/100|[from] Stealth Rock
|-ability|p1a: Corviknight|Pressure
|move|p2a: Dibu|Close Combat|p1a: Corviknight
|-damage|p1a: Corviknight|30/100
|-unboost|p2a: Dibu|def|1
|-unboost|p2a: Dibu|spd|1
|-damage|p2a: Dibu|18/100|[from] item: Rocky Helmet|[of] p1a: Corviknight
|-damage|p2a: Dibu|8/100|[from] item: Life Orb
|
|upkeep
|turn|14
|
|t:|1760459638
|move|p2a: Dibu|Close Combat|p1a: Corviknight
|-damage|p1a: Corviknight|0 fnt
|-unboost|p2a: Dibu|def|1
|-unboost|p2a: Dibu|spd|1
|-damage|p2a: Dibu|0 fnt|[from] item: Rocky Helmet|[of] p1a: Corviknight
|faint|p1a: Corviknight
|faint|p2a: Dibu
|
|upkeep
|
|t:|1760459646
|switch|p2a: Khoukha|Pecharunt|5/100
|switch|p1a: Raging Bolt|Raging Bolt|88/100
|-damage|p1a: Raging Bolt|76/100|[from] Stealth Rock
|turn|15
|
|t:|1760459649
|move|p1a: Raging Bolt|Draco Meteor|p2a: Khoukha
|-damage|p2a: Khoukha|0 fnt
|-unboost|p1a: Raging Bolt|spa|2
|faint|p2a: Khoukha
|
|upkeep
|
|t:|1760459651
|switch|p2a: Tboz|Dragonite, F|100/100
|turn|16
|
|t:|1760459658
|switch|p2a: Sir Sir|Cinderace, F|100/100
|move|p1a: Raging Bolt|Draco Meteor|p2a: Sir Sir
|-damage|p2a: Sir Sir|12/100
|-unboost|p1a: Raging Bolt|spa|2
|
|upkeep
|turn|17
|
|t:|1760459660
|move|p2a: Sir Sir|U-turn|p1a: Raging Bolt
|-start|p2a: Sir Sir|typechange|Bug|[from] ability: Libero
|-damage|p1a: Raging Bolt|47/100
|
|t:|1760459662
|switch|p2a: Begru|Ting-Lu|72/100|[from] U-turn
|-ability|p2a: Begru|Vessel of Ruin
|move|p1a: Raging Bolt|Draco Meteor|p2a: Begru
|-damage|p2a: Begru|57/100
|-unboost|p1a: Raging Bolt|spa|2
|
|-heal|p2a: Begru|63/100|[from] item: Leftovers
|upkeep
|turn|18
|
|t:|1760459664
|-end|p1a: Raging Bolt|Protosynthesis|[silent]
|switch|p1a: Great Tusk|Great Tusk|54/100
|switch|p2a: Sir Sir|Cinderace, F|12/100
|
|upkeep
|turn|19
|
|t:|1760459673
|move|p2a: Sir Sir|Pyro Ball|p1a: Great Tusk
|-damage|p1a: Great Tusk|15/100
|move|p1a: Great Tusk|Rapid Spin|p2a: Sir Sir
|-damage|p2a: Sir Sir|0 fnt
|-boost|p1a: Great Tusk|spe|1
|-sideend|p1: Yz99999|Stealth Rock|[from] move: Rapid Spin|[of] p1a: Great Tusk
|faint|p2a: Sir Sir
|
|upkeep
|
|t:|1760459676
|switch|p2a: Tboz|Dragonite, F|100/100
|turn|20
|
|t:|1760459679
|move|p2a: Tboz|Extreme Speed|p1a: Great Tusk
|-damage|p1a: Great Tusk|0 fnt
|faint|p1a: Great Tusk
|-end|p1a: Great Tusk|Protosynthesis|[silent]
|
|upkeep
|
|t:|1760459681
|switch|p1a: Scizor|Scizor, F|100/100
|turn|21
|
|t:|1760459686
|switch|p2a: Begru|Ting-Lu|63/100
|-ability|p2a: Begru|Vessel of Ruin
|move|p1a: Scizor|Bullet Punch|p2a: Begru
|-damage|p2a: Begru|36/100
|
|-heal|p2a: Begru|43/100|[from] item: Leftovers
|upkeep
|turn|22
|
|t:|1760459690
|switch|p1a: Raging Bolt|Raging Bolt|47/100
|move|p2a: Begru|Ruination|p1a: Raging Bolt
|-damage|p1a: Raging Bolt|24/100
|
|-heal|p2a: Begru|49/100|[from] item: Leftovers
|upkeep
|turn|23
|
|t:|1760459693
|move|p1a: Raging Bolt|Draco Meteor|p2a: Begru|[miss]
|-miss|p1a: Raging Bolt|p2a: Begru
|move|p2a: Begru|Stealth Rock|p1a: Raging Bolt
|-sidestart|p1: Yz99999|move: Stealth Rock
|
|-heal|p2a: Begru|55/100|[from] item: Leftovers
|upkeep
|turn|24
|
|t:|1760459696
|move|p1a: Raging Bolt|Draco Meteor|p2a: Begru
|-damage|p2a: Begru|4/100
|-unboost|p1a: Raging Bolt|spa|2
|move|p2a: Begru|Earthquake|p1a: Raging Bolt
|-supereffective|p1a: Raging Bolt
|-damage|p1a: Raging Bolt|0 fnt
|faint|p1a: Raging Bolt
|-end|p1a: Raging Bolt|Protosynthesis|[silent]
|
|-heal|p2a: Begru|10/100|[from] item: Leftovers
|upkeep
|
|t:|1760459699
|switch|p1a: Maushold|Maushold|100/100
|-damage|p1a: Maushold|88/100|[from] Stealth Rock
|turn|25
|
|t:|1760459702
|move|p1a: Maushold|Population Bomb|p2a: Begru
|-damage|p2a: Begru|4/100
|-hitcount|p2a: Begru|1
|move|p2a: Begru|Whirlwind|p1a: Maushold
|drag|p1a: Scizor|Scizor, F|100/100
|-damage|p1a: Scizor|88/100|[from] Stealth Rock
|
|-heal|p2a: Begru|10/100|[from] item: Leftovers
|upkeep
|turn|26
|
|t:|1760459714
|move|p1a: Scizor|U-turn|p2a: Begru
|-supereffective|p2a: Begru
|-damage|p2a: Begru|0 fnt
|faint|p2a: Begru
|
|t:|1760459715
|switch|p1a: Maushold|Maushold|88/100|[from] U-turn
|-damage|p1a: Maushold|76/100|[from] Stealth Rock
|
|upkeep
|
|t:|1760459717
|switch|p2a: Tboz|Dragonite, F|100/100
|turn|27
|
|t:|1760459723
|-terastallize|p2a: Tboz|Normal
|move|p2a: Tboz|Extreme Speed|p1a: Maushold
|-damage|p1a: Maushold|4/100
|move|p1a: Maushold|Population Bomb|p2a: Tboz
|-damage|p2a: Tboz|94/100
|-damage|p2a: Tboz|83/100
|-damage|p2a: Tboz|71/100
|-damage|p2a: Tboz|59/100
|-damage|p2a: Tboz|48/100
|-damage|p2a: Tboz|36/100
|-damage|p2a: Tboz|24/100
|-damage|p2a: Tboz|12/100
|-damage|p2a: Tboz|1/100
|-damage|p2a: Tboz|0 fnt
|faint|p2a: Tboz
|-hitcount|p2: Tboz|10
|
|win|Yz99999
|raw|Yz99999's rating: 1561 &rarr; <strong>1583</strong><br />(+22 for winning)
|raw|luxgia's rating: 1594 &rarr; <strong>1572</strong><br />(-22 for losing)
|l|☆Yz99999
|player|p1|
