|j|☆go b3yond
|j|☆ay cheu
|t:|1760434923
|gametype|singles
|player|p1|go b3yond|waiter-gen4dp|1563
|player|p2|ay cheu|riley|1498
|gen|9
|tier|[Gen 9] OU
|rated|
|rule|HP Percentage Mod: HP is shown in percentages
|rule|Endless Battle Clause: Forcing endless battles is banned
|rule|Species Clause: Limit one of each Pokémon
|rule|OHKO Clause: OHKO moves are banned
|rule|Evasion Items Clause: Evasion items are banned
|rule|Evasion Moves Clause: Evasion moves are banned
|rule|Evasion Abilities Clause: Evasion abilities are banned
|rule|Sleep Moves Clause: Sleep-inducing moves are banned
|clearpoke
|poke|p1|Araquanid, F|
|poke|p1|Ogerpon-Cornerstone, F|
|poke|p1|Great Tusk|
|poke|p1|Gholdengo|
|poke|p1|Dragonite, M|
|poke|p1|Kingambit, F|
|poke|p2|Arcanine-Hisui, M|
|poke|p2|Hydreigon, M|
|poke|p2|Sandy Shocks|
|poke|p2|Jirachi|
|poke|p2|Noivern, M|
|poke|p2|Azumarill, M|
|teampreview
|inactive|Battle timer is ON: inactive players will automatically lose when time's up. (requested by go b3yond)
|
|t:|1760434927
|teamsize|p1|6
|teamsize|p2|6
|start
|switch|p1a: Spring Autumn|Araquanid, F|100/100
|switch|p2a: 灰灰|Arcanine-Hisui, M|100/100
|turn|1
|
|t:|1760434930
|move|p1a: Spring Autumn|Endure|p1a: Spring Autumn
|-singleturn|p1a: Spring Autumn|move: Endure
|move|p2a: 灰灰|Head Smash|p1a: Spring Autumn
|-supereffective|p1a: Spring Autumn
|-activate|p1a: Spring Autumn|move: Endure
|-damage|p1a: Spring Autumn|1/100
|
|upkeep
|turn|2
|-enditem|p1a: Spring Autumn|Custap Berry|[eat]
|-activate|p1a: Spring Autumn|item: Custap Berry|[consumed]
|
|t:|1760434934
|move|p2a: 灰灰|Extreme Speed|p1a: Spring Autumn
|-damage|p1a: Spring Autumn|0 fnt
|faint|p1a: Spring Autumn
|
|upkeep
|
|t:|1760434946
|switch|p1a: Ren Zu|Great Tusk|100/100
|-enditem|p1a: Ren Zu|Booster Energy
|-activate|p1a: Ren Zu|ability: Protosynthesis|[fromitem]
|-start|p1a: Ren Zu|protosynthesisatk
|turn|3
|
|t:|1760434953
|switch|p2a: Azumarill|Azumarill, M|100/100
|move|p1a: Ren Zu|Rapid Spin|p2a: Azumarill
|-crit|p2a: Azumarill
|-damage|p2a: Azumarill|65/100
|-boost|p1a: Ren Zu|spe|1
|
|upkeep
|turn|4
|
|t:|1760434959
|move|p1a: Ren Zu|Headlong Rush|p2a: Azumarill
|-damage|p2a: Azumarill|0 fnt
|-unboost|p1a: Ren Zu|def|1
|-unboost|p1a: Ren Zu|spd|1
|faint|p2a: Azumarill
|
|upkeep
|
|t:|1760434962
|switch|p2a: Hydreigon|Hydreigon, M|100/100
|turn|5
|
|t:|1760434965
|move|p2a: Hydreigon|Draco Meteor|p1a: Ren Zu
|-damage|p1a: Ren Zu|0 fnt
|-unboost|p2a: Hydreigon|spa|2
|faint|p1a: Ren Zu
|-end|p1a: Ren Zu|Protosynthesis|[silent]
|
|upkeep
|
|t:|1760434982
|switch|p1a: Dragonite|Dragonite, M|100/100
|turn|6
|
|t:|1760434985
|-terastallize|p2a: Hydreigon|Dragon
|move|p2a: Hydreigon|Draco Meteor|p1a: Dragonite
|-supereffective|p1a: Dragonite
|-damage|p1a: Dragonite|53/100
|-unboost|p2a: Hydreigon|spa|2
|move|p1a: Dragonite|Dragon Dance|p1a: Dragonite
|-boost|p1a: Dragonite|atk|1
|-boost|p1a: Dragonite|spe|1
|
|upkeep
|turn|7
|
|t:|1760434992
|move|p2a: Hydreigon|Draco Meteor|p1a: Dragonite
|-supereffective|p1a: Dragonite
|-damage|p1a: Dragonite|0 fnt
|-unboost|p2a: Hydreigon|spa|2
|faint|p1a: Dragonite
|
|upkeep
|
|t:|1760435000
|switch|p1a: Fang Yuan|Kingambit, F|100/100
|-activate|p1a: Fang Yuan|ability: Supreme Overlord
|-start|p1a: Fang Yuan|fallen3|[silent]
|-item|p1a: Fang Yuan|Air Balloon
|turn|8
|
|t:|1760435007
|switch|p2a: Noivern|Noivern, M|100/100
|-item|p1a: Fang Yuan|Air Balloon|[from] ability: Frisk|[of] p2a: Noivern
|move|p1a: Fang Yuan|Swords Dance|p1a: Fang Yuan
|-boost|p1a: Fang Yuan|atk|2
|
|upkeep
|turn|9
|
|t:|1760435013
|move|p1a: Fang Yuan|Sucker Punch|p2a: Noivern
|-damage|p2a: Noivern|5/100
|move|p2a: Noivern|Hurricane|p1a: Fang Yuan
|-resisted|p1a: Fang Yuan
|-damage|p1a: Fang Yuan|79/100
|-enditem|p1a: Fang Yuan|Air Balloon
|
|upkeep
|turn|10
|
|t:|1760435019
|move|p1a: Fang Yuan|Sucker Punch|p2a: Noivern
|-damage|p2a: Noivern|0 fnt
|faint|p2a: Noivern
|
|upkeep
|
|t:|1760435021
|switch|p2a: 灰灰|Arcanine-Hisui, M|100/100
|turn|11
|
|t:|1760435027
|move|p1a: Fang Yuan|Sucker Punch|p2a: 灰灰
|-enditem|p2a: 灰灰|Focus Sash
|-damage|p2a: 灰灰|1/100
|move|p2a: 灰灰|Flare Blitz|p1a: Fang Yuan
|-supereffective|p1a: Fang Yuan
|-damage|p1a: Fang Yuan|0 fnt
|faint|p1a: Fang Yuan
|-end|p1a: Fang Yuan|fallen3|[silent]
|
|upkeep
|
|t:|1760435034
|switch|p1a: Demon Venerable|Gholdengo|100/100
|-item|p1a: Demon Venerable|Air Balloon
|turn|12
|
|t:|1760435036
|move|p2a: 灰灰|Flare Blitz|p1a: Demon Venerable
|-supereffective|p1a: Demon Venerable
|-damage|p1a: Demon Venerable|0 fnt
|-enditem|p1a: Demon Venerable|Air Balloon
|faint|p1a: Demon Venerable
|
|upkeep
|
|t:|1760435038
|switch|p1a: Immortal Venerable|Ogerpon-Cornerstone, F|100/100
|turn|13
|
|t:|1760435043
|-terastallize|p1a: Immortal Venerable|Rock
|detailschange|p1a: Immortal Venerable|Ogerpon-Cornerstone-Tera, F, tera:Rock
|-ability|p1a: Immortal Venerable|Embody Aspect (Cornerstone)|boost
|-boost|p1a: Immortal Venerable|def|1
|move|p1a: Immortal Venerable|Swords Dance|p1a: Immortal Venerable
|-boost|p1a: Immortal Venerable|atk|2
|move|p2a: 灰灰|Will-O-Wisp|p1a: Immortal Venerable
|-status|p1a: Immortal Venerable|brn
|
|-damage|p1a: Immortal Venerable|95/100 brn|[from] brn
|upkeep
|turn|14
|-message|go b3yond forfeited.
|
|win|ay cheu
|raw|go b3yond's rating: 1563 &rarr; <strong>1539</strong><br />(-24 for losing)
|raw|ay cheu's rating: 1498 &rarr; <strong>1522</strong><br />(+24 for winning)
|l|☆go b3yond
|player|p1|
