|j|☆sveinung12321
|j|☆V_run658
|t:|1760390851
|gametype|singles
|player|p1|sveinung12321|265|1500
|player|p2|V_run658|hugh|1433
|gen|9
|tier|[Gen 9] OU
|rated|
|rule|HP Percentage Mod: HP is shown in percentages
|rule|Endless Battle Clause: Forcing endless battles is banned
|rule|Species Clause: Limit one of each Pokémon
|rule|OHKO Clause: OHKO moves are banned
|rule|Evasion Items Clause: Evasion items are banned
|rule|Evasion Moves Clause: Evasion moves are banned
|rule|Evasion Abilities Clause: Evasion abilities are banned
|rule|Sleep Moves Clause: Sleep-inducing moves are banned
|clearpoke
|poke|p1|Cresselia, F|
|poke|p1|Iron Hands|
|poke|p1|Slowking, M|
|poke|p1|Hatterene, F|
|poke|p1|Ursaluna, M|
|poke|p1|Glastrier|
|poke|p2|Greninja-*, M|
|poke|p2|Slowking-Galar, F|
|poke|p2|Conkeldurr, F|
|poke|p2|Garchomp, F|
|poke|p2|Rillaboom, M|
|poke|p2|Skeledirge, F|
|teampreview
|inactive|Battle timer is ON: inactive players will automatically lose when time's up. (requested by V_run658)
|inactive|sveinung12321 has 120 seconds left.
|inactive|sveinung12321 has 90 seconds left.
|
|t:|1760390934
|teamsize|p1|6
|teamsize|p2|6
|start
|switch|p1a: Hatterene|Hatterene, F|100/100
|switch|p2a: Slowking|Slowking-Galar, F|100/100
|turn|1
|
|t:|1760390938
|move|p2a: Slowking|Future Sight|p1a: Hatterene
|-start|p2a: Slowking|move: Future Sight
|move|p1a: Hatterene|Trick Room|p1a: Hatterene
|-fieldstart|move: Trick Room|[of] p1a: Hatterene
|
|upkeep
|turn|2
|
|t:|1760390940
|move|p1a: Hatterene|Healing Wish|p1a: Hatterene
|faint|p1a: Hatterene
|move|p2a: Slowking|Sludge Bomb|p1: Hatterene|[notarget]
|-fail|p2a: Slowking
|
|upkeep
|
|t:|1760390945
|switch|p1a: Ursaluna|Ursaluna, M|100/100
|turn|3
|
|t:|1760390950
|move|p1a: Ursaluna|Headlong Rush|p2a: Slowking
|-supereffective|p2a: Slowking
|-damage|p2a: Slowking|0 fnt
|-unboost|p1a: Ursaluna|def|1
|-unboost|p1a: Ursaluna|spd|1
|faint|p2a: Slowking
|
|-end|p1a: Ursaluna|move: Future Sight
|-damage|p1a: Ursaluna|24/100
|-status|p1a: Ursaluna|brn|[from] item: Flame Orb
|upkeep
|
|t:|1760390953
|switch|p2a: Conkeldurr|Conkeldurr, F|100/100
|turn|4
|
|t:|1760390964
|switch|p1a: Slowking|Slowking, M|100/100
|move|p2a: Conkeldurr|Mach Punch|p1a: Slowking
|-resisted|p1a: Slowking
|-damage|p1a: Slowking|88/100
|
|-status|p2a: Conkeldurr|brn|[from] item: Flame Orb
|upkeep
|turn|5
|
|t:|1760390969
|-terastallize|p2a: Conkeldurr|Dark
|move|p2a: Conkeldurr|Knock Off|p1a: Slowking
|-supereffective|p1a: Slowking
|-damage|p1a: Slowking|0 fnt
|-enditem|p1a: Slowking|Lagging Tail|[from] move: Knock Off|[of] p2a: Conkeldurr
|faint|p1a: Slowking
|
|-damage|p2a: Conkeldurr|94/100 brn|[from] brn
|-fieldend|move: Trick Room
|upkeep
|
|t:|1760390980
|switch|p1a: Iron Hands|Iron Hands|100/100
|-enditem|p1a: Iron Hands|Booster Energy
|-activate|p1a: Iron Hands|ability: Quark Drive|[fromitem]
|-start|p1a: Iron Hands|quarkdriveatk
|turn|6
|
|t:|1760390988
|switch|p2a: Skeledirge|Skeledirge, F|100/100
|move|p1a: Iron Hands|Play Rough|p2a: Skeledirge
|-resisted|p2a: Skeledirge
|-damage|p2a: Skeledirge|80/100
|-unboost|p2a: Skeledirge|atk|1
|
|upkeep
|turn|7
|
|t:|1760390993
|-end|p1a: Iron Hands|Quark Drive|[silent]
|switch|p1a: Ursaluna|Ursaluna, M|24/100 brn
|-heal|p1a: Ursaluna|100/100|[from] move: Healing Wish
|move|p2a: Skeledirge|Will-O-Wisp|p1a: Ursaluna|[miss]
|-miss|p2a: Skeledirge|p1a: Ursaluna
|
|-status|p1a: Ursaluna|brn|[from] item: Flame Orb
|upkeep
|turn|8
|
|t:|1760391008
|switch|p2a: Rillaboom|Rillaboom, M|100/100
|-fieldstart|move: Grassy Terrain|[from] ability: Grassy Surge|[of] p2a: Rillaboom
|move|p1a: Ursaluna|Headlong Rush|p2a: Rillaboom
|-resisted|p2a: Rillaboom
|-damage|p2a: Rillaboom|41/100
|-unboost|p1a: Ursaluna|def|1
|-unboost|p1a: Ursaluna|spd|1
|
|-heal|p2a: Rillaboom|47/100|[from] Grassy Terrain
|-damage|p1a: Ursaluna|94/100 brn|[from] brn
|upkeep
|turn|9
|inactive|sveinung12321 has 120 seconds left.
|
|t:|1760391039
|move|p2a: Rillaboom|Swords Dance|p2a: Rillaboom
|-boost|p2a: Rillaboom|atk|2
|move|p1a: Ursaluna|Facade|p2a: Rillaboom
|-damage|p2a: Rillaboom|0 fnt
|faint|p2a: Rillaboom
|
|-heal|p1a: Ursaluna|100/100 brn|[from] Grassy Terrain
|-damage|p1a: Ursaluna|94/100 brn|[from] brn
|upkeep
|
|t:|1760391043
|switch|p2a: Conkeldurr|Conkeldurr, F, tera:Dark|94/100 brn
|turn|10
|
|t:|1760391047
|move|p2a: Conkeldurr|Drain Punch|p1a: Ursaluna
|-supereffective|p1a: Ursaluna
|-damage|p1a: Ursaluna|0 fnt
|-heal|p2a: Conkeldurr|100/100 brn|[from] drain|[of] p1a: Ursaluna
|faint|p1a: Ursaluna
|
|-damage|p2a: Conkeldurr|94/100 brn|[from] brn
|upkeep
|
|t:|1760391053
|switch|p1a: Cresselia|Cresselia, F|100/100
|turn|11
|
|t:|1760391059
|move|p2a: Conkeldurr|Knock Off|p1a: Cresselia
|-supereffective|p1a: Cresselia
|-damage|p1a: Cresselia|9/100
|-enditem|p1a: Cresselia|Mental Herb|[from] move: Knock Off|[of] p2a: Conkeldurr
|move|p1a: Cresselia|Trick Room|p1a: Cresselia
|-fieldstart|move: Trick Room|[of] p1a: Cresselia
|
|-heal|p2a: Conkeldurr|100/100 brn|[from] Grassy Terrain
|-damage|p2a: Conkeldurr|94/100 brn|[from] brn
|upkeep
|turn|12
|
|t:|1760391065
|move|p2a: Conkeldurr|Mach Punch|p1a: Cresselia
|-resisted|p1a: Cresselia
|-damage|p1a: Cresselia|0 fnt
|faint|p1a: Cresselia
|
|-heal|p2a: Conkeldurr|100/100 brn|[from] Grassy Terrain
|-damage|p2a: Conkeldurr|94/100 brn|[from] brn
|-fieldend|move: Grassy Terrain
|upkeep
|
|t:|1760391068
|switch|p1a: Glastrier|Glastrier|100/100
|turn|13
|
|t:|1760391075
|-terastallize|p1a: Glastrier|Ice
|move|p1a: Glastrier|Icicle Crash|p2a: Conkeldurr
|-damage|p2a: Conkeldurr|25/100 brn
|cant|p2a: Conkeldurr|flinch
|
|-damage|p2a: Conkeldurr|18/100 brn|[from] brn
|upkeep
|turn|14
|
|t:|1760391079
|move|p2a: Conkeldurr|Mach Punch|p1a: Glastrier
|-supereffective|p1a: Glastrier
|-damage|p1a: Glastrier|51/100
|move|p1a: Glastrier|Icicle Crash|p2a: Conkeldurr
|-damage|p2a: Conkeldurr|0 fnt
|faint|p2a: Conkeldurr
|-ability|p1a: Glastrier|Chilling Neigh|boost
|-boost|p1a: Glastrier|atk|1
|
|upkeep
|
|t:|1760391082
|switch|p2a: Skeledirge|Skeledirge, F|80/100
|turn|15
|
|t:|1760391084
|move|p1a: Glastrier|High Horsepower|p2a: Skeledirge
|-supereffective|p2a: Skeledirge
|-damage|p2a: Skeledirge|14/100
|move|p2a: Skeledirge|Will-O-Wisp|p1a: Glastrier
|-status|p1a: Glastrier|brn
|
|-damage|p1a: Glastrier|45/100 brn|[from] brn
|-fieldend|move: Trick Room
|upkeep
|turn|16
|
|t:|1760391089
|move|p2a: Skeledirge|Torch Song|p1a: Glastrier
|-supereffective|p1a: Glastrier
|-damage|p1a: Glastrier|0 fnt
|-boost|p2a: Skeledirge|spa|1
|faint|p1a: Glastrier
|
|upkeep
|
|t:|1760391092
|switch|p1a: Iron Hands|Iron Hands|100/100
|turn|17
|
|t:|1760391095
|move|p2a: Skeledirge|Will-O-Wisp|p1a: Iron Hands|[miss]
|-miss|p2a: Skeledirge|p1a: Iron Hands
|move|p1a: Iron Hands|Play Rough|p2a: Skeledirge
|-resisted|p2a: Skeledirge
|-damage|p2a: Skeledirge|0 fnt
|faint|p2a: Skeledirge
|
|upkeep
|
|t:|1760391097
|switch|p2a: Greninja|Greninja, M|100/100
|turn|18
|
|t:|1760391101
|move|p2a: Greninja|Water Shuriken|p1a: Iron Hands
|-damage|p1a: Iron Hands|94/100
|-damage|p1a: Iron Hands|87/100
|-damage|p1a: Iron Hands|81/100
|-damage|p1a: Iron Hands|75/100
|-damage|p1a: Iron Hands|69/100
|-hitcount|p1a: Iron Hands|5
|move|p1a: Iron Hands|Play Rough|p2a: Greninja
|-supereffective|p2a: Greninja
|-damage|p2a: Greninja|0 fnt
|faint|p2a: Greninja
|
|upkeep
|
|t:|1760391103
|switch|p2a: Garchomp|Garchomp, F|100/100
|turn|19
|
|t:|1760391105
|move|p2a: Garchomp|Earthquake|p1a: Iron Hands
|-supereffective|p1a: Iron Hands
|-damage|p1a: Iron Hands|0 fnt
|faint|p1a: Iron Hands
|-end|p1a: Iron Hands|Quark Drive|[silent]
|
|win|V_run658
|raw|sveinung12321's rating: 1500 &rarr; <strong>1476</strong><br />(-24 for losing)
|raw|V_run658's rating: 1433 &rarr; <strong>1457</strong><br />(+24 for winning)
|l|☆sveinung12321
|player|p1|
|l|☆V_run658
|player|p2|
