|j|☆pantalonescondidos
|j|☆Tutedroga
|t:|1760389757
|gametype|singles
|player|p1|pantalonescondidos|266|1596
|player|p2|Tutedroga|steven|1606
|gen|9
|tier|[Gen 9] OU
|rated|
|rule|HP Percentage Mod: HP is shown in percentages
|rule|Endless Battle Clause: Forcing endless battles is banned
|rule|Species Clause: Limit one of each Pokémon
|rule|OHKO Clause: OHKO moves are banned
|rule|Evasion Items Clause: Evasion items are banned
|rule|Evasion Moves Clause: Evasion moves are banned
|rule|Evasion Abilities Clause: Evasion abilities are banned
|rule|Sleep Moves Clause: Sleep-inducing moves are banned
|clearpoke
|poke|p1|Sylveon, F|
|poke|p1|Slowking-Galar, F|
|poke|p1|Toxapex, F|
|poke|p1|Great Tusk|
|poke|p1|Kingambit, F|
|poke|p1|Rotom-Heat|
|poke|p2|Landorus-Therian, M|
|poke|p2|Weezing-Galar, F|
|poke|p2|Zamazenta-*|
|poke|p2|Latios, M|
|poke|p2|Ogerpon-Wellspring, F|
|poke|p2|Kingambit, M|
|teampreview
|inactive|Battle timer is ON: inactive players will automatically lose when time's up. (requested by pantalonescondidos)
|
|t:|1760389771
|teamsize|p1|6
|teamsize|p2|6
|start
|switch|p1a: Rotom|Rotom-Heat, shiny|100/100
|switch|p2a: Landorus|Landorus-Therian, M|100/100
|-ability|p2a: Landorus|Intimidate|boost
|-unboost|p1a: Rotom|atk|1
|turn|1
|inactive|pantalonescondidos has 120 seconds left.
|
|t:|1760389803
|switch|p2a: LusterSP|Latios, M|100/100
|-terastallize|p1a: Rotom|Ice
|move|p1a: Rotom|Tera Blast|p2a: LusterSP|[anim] Tera Blast Ice
|-supereffective|p2a: LusterSP
|-damage|p2a: LusterSP|39/100
|
|upkeep
|turn|2
|
|t:|1760389813
|move|p2a: LusterSP|Draco Meteor|p1a: Rotom
|-damage|p1a: Rotom|23/100
|-unboost|p2a: LusterSP|spa|2
|move|p1a: Rotom|Tera Blast|p2a: LusterSP|[anim] Tera Blast Ice
|-supereffective|p2a: LusterSP
|-damage|p2a: LusterSP|0 fnt
|faint|p2a: LusterSP
|
|upkeep
|
|t:|1760389825
|switch|p2a: Ogerpon|Ogerpon-Wellspring, F|100/100
|turn|3
|
|t:|1760389833
|switch|p1a: Toxapex|Toxapex, F|100/100
|move|p2a: Ogerpon|Knock Off|p1a: Toxapex
|-damage|p1a: Toxapex|77/100
|-damage|p2a: Ogerpon|84/100|[from] item: Rocky Helmet|[of] p1a: Toxapex
|-enditem|p1a: Toxapex|Rocky Helmet|[from] move: Knock Off|[of] p2a: Ogerpon
|
|upkeep
|turn|4
|
|t:|1760389841
|switch|p2a: Weezing|Weezing-Galar, F|100/100
|-ability|p2a: Weezing|Neutralizing Gas
|move|p1a: Toxapex|Toxic|p2a: Weezing
|-immune|p2a: Weezing
|
|upkeep
|turn|5
|
|t:|1760389852
|switch|p1a: Slowking|Slowking-Galar, F, shiny|100/100
|move|p2a: Weezing|Strange Steam|p1a: Slowking
|-resisted|p1a: Slowking
|-damage|p1a: Slowking|95/100
|
|upkeep
|turn|6
|
|t:|1760389861
|-end|p2a: Weezing|ability: Neutralizing Gas
|switch|p2a: Kingambit|Kingambit, M, shiny|100/100
|-activate|p2a: Kingambit|ability: Supreme Overlord
|-start|p2a: Kingambit|fallen1|[silent]
|move|p1a: Slowking|Surf|p2a: Kingambit
|-damage|p2a: Kingambit|76/100
|
|-heal|p2a: Kingambit|82/100|[from] item: Leftovers
|upkeep
|turn|7
|
|t:|1760389873
|switch|p1a: Great Tusk|Great Tusk|100/100
|move|p2a: Kingambit|Kowtow Cleave|p1a: Great Tusk
|-resisted|p1a: Great Tusk
|-damage|p1a: Great Tusk|81/100
|
|-heal|p2a: Kingambit|88/100|[from] item: Leftovers
|upkeep
|turn|8
|
|t:|1760389882
|-end|p1a: Great Tusk|Protosynthesis|[silent]
|switch|p1a: Rotom|Rotom-Heat, shiny, tera:Ice|23/100
|-end|p2a: Kingambit|fallen1|[silent]
|switch|p2a: Landorus|Landorus-Therian, M|100/100
|-ability|p2a: Landorus|Intimidate|boost
|-unboost|p1a: Rotom|atk|1
|
|upkeep
|turn|9
|
|t:|1760389893
|move|p1a: Rotom|Tera Blast|p2a: Landorus|[anim] Tera Blast Ice
|-supereffective|p2a: Landorus
|-damage|p2a: Landorus|0 fnt
|faint|p2a: Landorus
|
|upkeep
|
|t:|1760389899
|switch|p2a: LucarioMega|Zamazenta|100/100
|-ability|p2a: LucarioMega|Dauntless Shield|boost
|-boost|p2a: LucarioMega|def|1
|turn|10
|
|t:|1760389906
|switch|p1a: Toxapex|Toxapex, F|77/100
|move|p2a: LucarioMega|Crunch|p1a: Toxapex
|-crit|p1a: Toxapex
|-damage|p1a: Toxapex|55/100
|
|upkeep
|turn|11
|
|t:|1760389917
|switch|p2a: Weezing|Weezing-Galar, F|100/100
|-ability|p2a: Weezing|Neutralizing Gas
|move|p1a: Toxapex|Toxic|p2a: Weezing
|-immune|p2a: Weezing
|
|upkeep
|turn|12
|
|t:|1760389925
|switch|p1a: Slowking|Slowking-Galar, F, shiny|100/100
|move|p2a: Weezing|Flamethrower|p1a: Slowking
|-damage|p1a: Slowking|93/100
|
|upkeep
|turn|13
|
|t:|1760389933
|-end|p2a: Weezing|ability: Neutralizing Gas
|switch|p2a: Kingambit|Kingambit, M, shiny|88/100
|-activate|p2a: Kingambit|ability: Supreme Overlord
|-start|p2a: Kingambit|fallen2|[silent]
|move|p1a: Slowking|Flamethrower|p2a: Kingambit
|-supereffective|p2a: Kingambit
|-damage|p2a: Kingambit|40/100
|-status|p2a: Kingambit|brn
|
|-heal|p2a: Kingambit|46/100 brn|[from] item: Leftovers
|-damage|p2a: Kingambit|40/100 brn|[from] brn
|upkeep
|turn|14
|
|t:|1760389948
|switch|p1a: Kingambit|Kingambit, F|100/100
|move|p2a: Kingambit|Kowtow Cleave|p1a: Kingambit
|-resisted|p1a: Kingambit
|-damage|p1a: Kingambit|90/100
|
|-heal|p2a: Kingambit|46/100 brn|[from] item: Leftovers
|-damage|p2a: Kingambit|40/100 brn|[from] brn
|upkeep
|turn|15
|
|t:|1760389958
|-end|p2a: Kingambit|fallen2|[silent]
|switch|p2a: LucarioMega|Zamazenta|100/100
|move|p1a: Kingambit|Low Kick|p2a: LucarioMega
|-damage|p2a: LucarioMega|60/100
|
|-heal|p2a: LucarioMega|66/100|[from] item: Leftovers
|upkeep
|turn|16
|
|t:|1760389971
|-end|p1a: Kingambit|fallenundefined|[silent]
|switch|p1a: Toxapex|Toxapex, F|55/100
|move|p2a: LucarioMega|Body Press|p1a: Toxapex
|-resisted|p1a: Toxapex
|-damage|p1a: Toxapex|45/100
|
|-heal|p2a: LucarioMega|73/100|[from] item: Leftovers
|upkeep
|turn|17
|
|t:|1760389980
|switch|p2a: Weezing|Weezing-Galar, F|100/100
|-ability|p2a: Weezing|Neutralizing Gas
|move|p1a: Toxapex|Recover|p1a: Toxapex
|-heal|p1a: Toxapex|95/100
|
|upkeep
|turn|18
|
|t:|1760389990
|switch|p1a: Slowking|Slowking-Galar, F, shiny|100/100
|move|p2a: Weezing|Strange Steam|p1a: Slowking
|-resisted|p1a: Slowking
|-damage|p1a: Slowking|95/100
|
|upkeep
|turn|19
|
|t:|1760389997
|move|p2a: Weezing|Flamethrower|p1a: Slowking
|-damage|p1a: Slowking|87/100
|-status|p1a: Slowking|brn
|move|p1a: Slowking|Future Sight|p2a: Weezing
|-start|p1a: Slowking|move: Future Sight
|
|-damage|p1a: Slowking|81/100 brn|[from] brn
|upkeep
|turn|20
|
|t:|1760390011
|-end|p2a: Weezing|ability: Neutralizing Gas
|switch|p2a: Kingambit|Kingambit, M, shiny|40/100 brn
|-activate|p2a: Kingambit|ability: Supreme Overlord
|-start|p2a: Kingambit|fallen2|[silent]
|move|p1a: Slowking|Flamethrower|p2a: Kingambit
|-supereffective|p2a: Kingambit
|-damage|p2a: Kingambit|0 fnt
|faint|p2a: Kingambit
|-end|p2a: Kingambit|fallen2|[silent]
|
|-damage|p1a: Slowking|75/100 brn|[from] brn
|upkeep
|
|t:|1760390024
|switch|p2a: Ogerpon|Ogerpon-Wellspring, F|84/100
|turn|21
|
|t:|1760390034
|move|p2a: Ogerpon|Swords Dance|p2a: Ogerpon
|-boost|p2a: Ogerpon|atk|2
|move|p1a: Slowking|Sludge Bomb|p2a: Ogerpon
|-supereffective|p2a: Ogerpon
|-damage|p2a: Ogerpon|5/100
|
|-end|p2a: Ogerpon|move: Future Sight
|-damage|p2a: Ogerpon|0 fnt
|faint|p2a: Ogerpon
|-damage|p1a: Slowking|69/100 brn|[from] brn
|upkeep
|-message|Tutedroga forfeited.
|
|win|pantalonescondidos
|raw|pantalonescondidos's rating: 1596 &rarr; <strong>1617</strong><br />(+21 for winning)
|raw|Tutedroga's rating: 1606 &rarr; <strong>1585</strong><br />(-21 for losing)
|l|☆Tutedroga
|player|p2|
|l|☆pantalonescondidos
|player|p1|
