|j|☆imusingstallbahaha
|j|☆djwcb810975
|t:|1760381470
|gametype|singles
|player|p1|imusingstallbahaha|101|1292
|player|p2|djwcb810975|elesa|1287
|gen|9
|tier|[Gen 9] OU
|rated|
|rule|HP Percentage Mod: HP is shown in percentages
|rule|Endless Battle Clause: Forcing endless battles is banned
|rule|Species Clause: Limit one of each Pokémon
|rule|OHKO Clause: OHKO moves are banned
|rule|Evasion Items Clause: Evasion items are banned
|rule|Evasion Moves Clause: Evasion moves are banned
|rule|Evasion Abilities Clause: Evasion abilities are banned
|rule|Sleep Moves Clause: Sleep-inducing moves are banned
|clearpoke
|poke|p1|Pelipper, F|
|poke|p1|Hatterene, F|
|poke|p1|Iron Treads|
|poke|p1|Toxicroak, F|
|poke|p1|Barraskewda, F|
|poke|p1|Zapdos|
|poke|p2|Hatterene, F|
|poke|p2|Iron Hands|
|poke|p2|Cresselia, F|
|poke|p2|Hoopa-Unbound|
|poke|p2|Ursaluna, F|
|poke|p2|Uxie|
|teampreview
|inactive|Battle timer is ON: inactive players will automatically lose when time's up. (requested by djwcb810975)
|inactive|imusingstallbahaha also wants the timer to be on.
|
|t:|1760381479
|teamsize|p1|6
|teamsize|p2|6
|start
|switch|p1a: Zapdos|Zapdos|100/100
|switch|p2a: Hatterene|Hatterene, F|100/100
|turn|1
|
|t:|1760381482
|move|p1a: Zapdos|Thunder|p2a: Hatterene
|-damage|p2a: Hatterene|9/100
|-status|p2a: Hatterene|par
|cant|p2a: Hatterene|par
|
|upkeep
|turn|2
|
|t:|1760381489
|move|p1a: Zapdos|Thunder|p2a: Hatterene
|-damage|p2a: Hatterene|0 fnt
|faint|p2a: Hatterene
|
|upkeep
|
|t:|1760381496
|switch|p2a: Cresselia|Cresselia, F|100/100
|turn|3
|
|t:|1760381503
|switch|p1a: Pelipper|Pelipper, F|100/100
|-weather|RainDance|[from] ability: Drizzle|[of] p1a: Pelipper
|move|p2a: Cresselia|Trick Room|p2a: Cresselia
|-fieldstart|move: Trick Room|[of] p2a: Cresselia
|
|-weather|RainDance|[upkeep]
|upkeep
|turn|4
|
|t:|1760381514
|switch|p2a: Ursaluna|Ursaluna, F|100/100
|move|p1a: Pelipper|Knock Off|p2a: Ursaluna
|-damage|p2a: Ursaluna|90/100
|-enditem|p2a: Ursaluna|Flame Orb|[from] move: Knock Off|[of] p1a: Pelipper
|
|-weather|RainDance|[upkeep]
|upkeep
|turn|5
|
|t:|1760381525
|move|p2a: Ursaluna|Supercell Slam|p1a: Pelipper
|-supereffective|p1a: Pelipper
|-damage|p1a: Pelipper|0 fnt
|faint|p1a: Pelipper
|
|-weather|RainDance|[upkeep]
|upkeep
|
|t:|1760381537
|switch|p1a: Zapdos|Zapdos|100/100
|turn|6
|
|t:|1760381543
|move|p2a: Ursaluna|Ice Punch|p1a: Zapdos
|-supereffective|p1a: Zapdos
|-damage|p1a: Zapdos|23/100
|move|p1a: Zapdos|Weather Ball|p2a: Ursaluna
|-supereffective|p2a: Ursaluna
|-crit|p2a: Ursaluna
|-damage|p2a: Ursaluna|0 fnt
|faint|p2a: Ursaluna
|
|-weather|RainDance|[upkeep]
|upkeep
|
|t:|1760381552
|switch|p2a: Cresselia|Cresselia, F|100/100
|turn|7
|
|t:|1760381556
|switch|p1a: Iron Treads|Iron Treads|100/100
|move|p2a: Cresselia|Ice Beam|p1a: Iron Treads
|-damage|p1a: Iron Treads|86/100
|
|-weather|RainDance|[upkeep]
|-heal|p1a: Iron Treads|92/100|[from] item: Leftovers
|-fieldend|move: Trick Room
|upkeep
|turn|8
|
|t:|1760381561
|move|p1a: Iron Treads|Volt Switch|p2a: Cresselia
|-damage|p2a: Cresselia|95/100
|
|t:|1760381563
|-end|p1a: Iron Treads|Quark Drive|[silent]
|switch|p1a: Toxicroak|Toxicroak, F|100/100|[from] Volt Switch
|move|p2a: Cresselia|Trick Room|p2a: Cresselia
|-fieldstart|move: Trick Room|[of] p2a: Cresselia
|
|-weather|RainDance|[upkeep]
|upkeep
|turn|9
|
|t:|1760381572
|move|p2a: Cresselia|Lunar Dance|p2a: Cresselia
|faint|p2a: Cresselia
|move|p1a: Toxicroak|Encore|p2: Cresselia|[notarget]
|-fail|p1a: Toxicroak
|
|-weather|RainDance|[upkeep]
|upkeep
|
|t:|1760381581
|switch|p2a: Iron Hands|Iron Hands|100/100
|-enditem|p2a: Iron Hands|Booster Energy
|-activate|p2a: Iron Hands|ability: Quark Drive|[fromitem]
|-start|p2a: Iron Hands|quarkdriveatk
|turn|10
|
|t:|1760381587
|move|p2a: Iron Hands|Earthquake|p1a: Toxicroak
|-supereffective|p1a: Toxicroak
|-damage|p1a: Toxicroak|0 fnt
|faint|p1a: Toxicroak
|
|-weather|none
|upkeep
|
|t:|1760381605
|switch|p1a: Hatterene|Hatterene, F|100/100
|turn|11
|
|t:|1760381615
|move|p2a: Iron Hands|Supercell Slam|p1a: Hatterene
|-crit|p1a: Hatterene
|-damage|p1a: Hatterene|0 fnt
|faint|p1a: Hatterene
|
|upkeep
|
|t:|1760381621
|switch|p1a: Iron Treads|Iron Treads|92/100
|turn|12
|
|t:|1760381625
|move|p2a: Iron Hands|Close Combat|p1a: Iron Treads
|-supereffective|p1a: Iron Treads
|-damage|p1a: Iron Treads|0 fnt
|-unboost|p2a: Iron Hands|def|1
|-unboost|p2a: Iron Hands|spd|1
|faint|p1a: Iron Treads
|-end|p1a: Iron Treads|Quark Drive|[silent]
|
|-fieldend|move: Trick Room
|upkeep
|
|t:|1760381633
|switch|p1a: Zapdos|Zapdos|23/100
|turn|13
|
|t:|1760381642
|move|p1a: Zapdos|Hurricane|p2a: Iron Hands
|-damage|p2a: Iron Hands|0 fnt
|faint|p2a: Iron Hands
|-end|p2a: Iron Hands|Quark Drive|[silent]
|
|upkeep
|
|t:|1760381645
|switch|p2a: Uxie|Uxie|100/100
|turn|14
|
|t:|1760381648
|move|p1a: Zapdos|Hurricane|p2a: Uxie
|-damage|p2a: Uxie|31/100
|move|p2a: Uxie|Trick Room|p2a: Uxie
|-fieldstart|move: Trick Room|[of] p2a: Uxie
|
|upkeep
|turn|15
|
|t:|1760381660
|move|p2a: Uxie|Foul Play|p1a: Zapdos
|-damage|p1a: Zapdos|4/100
|move|p1a: Zapdos|Hurricane|p2a: Uxie
|-damage|p2a: Uxie|0 fnt
|faint|p2a: Uxie
|
|upkeep
|
|t:|1760381663
|switch|p2a: Hoopa|Hoopa-Unbound|100/100
|turn|16
|
|t:|1760381673
|move|p2a: Hoopa|Psychic|p1a: Zapdos
|-damage|p1a: Zapdos|0 fnt
|faint|p1a: Zapdos
|-damage|p2a: Hoopa|91/100|[from] item: Life Orb
|
|upkeep
|
|t:|1760381675
|switch|p1a: Barraskewda|Barraskewda, F|100/100
|turn|17
|
|t:|1760381683
|-terastallize|p1a: Barraskewda|Water
|move|p1a: Barraskewda|Aqua Jet|p2a: Hoopa
|-damage|p2a: Hoopa|24/100
|move|p2a: Hoopa|Hyperspace Fury|p1a: Barraskewda
|-damage|p1a: Barraskewda|0 fnt
|-unboost|p2a: Hoopa|def|1
|faint|p1a: Barraskewda
|-damage|p2a: Hoopa|14/100|[from] item: Life Orb
|
|win|djwcb810975
|raw|imusingstallbahaha's rating: 1292 &rarr; <strong>1267</strong><br />(-25 for losing)
|raw|djwcb810975's rating: 1287 &rarr; <strong>1312</strong><br />(+25 for winning)
|l|☆imusingstallbahaha
|player|p1|
|l|☆djwcb810975
|player|p2|
