|j|☆elpets
|j|☆Auburn Hills
|t:|1760308760
|gametype|singles
|player|p1|elpets|infielder|1750
|player|p2|Auburn Hills|alder|1732
|gen|9
|tier|[Gen 9] OU
|rated|
|rule|HP Percentage Mod: HP is shown in percentages
|rule|Endless Battle Clause: Forcing endless battles is banned
|rule|Species Clause: Limit one of each Pokémon
|rule|OHKO Clause: OHKO moves are banned
|rule|Evasion Items Clause: Evasion items are banned
|rule|Evasion Moves Clause: Evasion moves are banned
|rule|Evasion Abilities Clause: Evasion abilities are banned
|rule|Sleep Moves Clause: Sleep-inducing moves are banned
|clearpoke
|poke|p1|Hatterene, F|
|poke|p1|Dragonite, F|
|poke|p1|Breloom, F|
|poke|p1|Azumarill, F|
|poke|p1|Great Tusk|
|poke|p1|Skeledirge, M|
|poke|p2|Iron Moth|
|poke|p2|Umbreon, F|
|poke|p2|Garchomp, M|
|poke|p2|Glimmora, F|
|poke|p2|Gholdengo|
|poke|p2|Dragonite, F|
|teampreview
|
|t:|1760308769
|teamsize|p1|6
|teamsize|p2|6
|start
|switch|p1a: Azumarill|Azumarill, F|100/100
|switch|p2a: Julia Jacklin|Glimmora, F|100/100
|turn|1
|
|t:|1760308774
|move|p2a: Julia Jacklin|Sludge Wave|p1a: Azumarill
|-supereffective|p1a: Azumarill
|-damage|p1a: Azumarill|32/100
|move|p1a: Azumarill|Liquidation|p2a: Julia Jacklin
|-supereffective|p2a: Julia Jacklin
|-enditem|p2a: Julia Jacklin|Focus Sash
|-damage|p2a: Julia Jacklin|1/100
|-unboost|p2a: Julia Jacklin|def|1
|-activate|p2a: Julia Jacklin|ability: Toxic Debris
|-sidestart|p1: elpets|move: Toxic Spikes
|
|upkeep
|turn|2
|j| Rizzofreko
|
|t:|1760308782
|switch|p2a: Elucid|Dragonite, F|100/100
|move|p1a: Azumarill|Aqua Jet|p2a: Elucid
|-resisted|p2a: Elucid
|-damage|p2a: Elucid|93/100
|
|upkeep
|turn|3
|
|t:|1760308785
|move|p2a: Elucid|Earthquake|p1a: Azumarill
|-damage|p1a: Azumarill|0 fnt
|faint|p1a: Azumarill
|
|upkeep
|
|t:|1760308787
|switch|p1a: Great Tusk|Great Tusk|100/100
|-status|p1a: Great Tusk|psn
|-enditem|p1a: Great Tusk|Booster Energy
|-activate|p1a: Great Tusk|ability: Protosynthesis|[fromitem]
|-start|p1a: Great Tusk|protosynthesisatk
|turn|4
|
|t:|1760308790
|switch|p2a: Smino|Gholdengo|100/100
|move|p1a: Great Tusk|Headlong Rush|p2a: Smino
|-supereffective|p2a: Smino
|-damage|p2a: Smino|0 fnt
|-unboost|p1a: Great Tusk|def|1
|-unboost|p1a: Great Tusk|spd|1
|faint|p2a: Smino
|
|-damage|p1a: Great Tusk|88/100 psn|[from] psn
|upkeep
|
|t:|1760308793
|switch|p2a: Carly Rae|Iron Moth|100/100
|-enditem|p2a: Carly Rae|Booster Energy
|-activate|p2a: Carly Rae|ability: Quark Drive|[fromitem]
|-start|p2a: Carly Rae|quarkdrivespe
|turn|5
|
|t:|1760308800
|-end|p1a: Great Tusk|Protosynthesis|[silent]
|switch|p1a: Skeledirge|Skeledirge, M|100/100
|-status|p1a: Skeledirge|psn
|move|p2a: Carly Rae|Fiery Dance|p1a: Skeledirge
|-resisted|p1a: Skeledirge
|-damage|p1a: Skeledirge|80/100 psn
|-boost|p2a: Carly Rae|spa|1
|
|-damage|p1a: Skeledirge|68/100 psn|[from] psn
|upkeep
|turn|6
|
|t:|1760308805
|move|p2a: Carly Rae|Fiery Dance|p1a: Skeledirge
|-resisted|p1a: Skeledirge
|-damage|p1a: Skeledirge|47/100 psn
|move|p1a: Skeledirge|Slack Off|p1a: Skeledirge
|-heal|p1a: Skeledirge|97/100 psn
|
|-damage|p1a: Skeledirge|85/100 psn|[from] psn
|upkeep
|turn|7
|
|t:|1760308809
|move|p2a: Carly Rae|Discharge|p1a: Skeledirge
|-damage|p1a: Skeledirge|55/100 psn
|move|p1a: Skeledirge|Slack Off|p1a: Skeledirge
|-heal|p1a: Skeledirge|100/100 psn
|
|-damage|p1a: Skeledirge|88/100 psn|[from] psn
|upkeep
|turn|8
|
|t:|1760308814
|move|p2a: Carly Rae|Discharge|p1a: Skeledirge
|-damage|p1a: Skeledirge|58/100 psn
|move|p1a: Skeledirge|Shadow Ball|p2a: Carly Rae
|-damage|p2a: Carly Rae|71/100
|
|-damage|p1a: Skeledirge|45/100 psn|[from] psn
|upkeep
|turn|9
|
|t:|1760308819
|move|p2a: Carly Rae|Discharge|p1a: Skeledirge
|-damage|p1a: Skeledirge|17/100 psn
|move|p1a: Skeledirge|Slack Off|p1a: Skeledirge
|-heal|p1a: Skeledirge|67/100 psn
|
|-damage|p1a: Skeledirge|55/100 psn|[from] psn
|upkeep
|turn|10
|
|t:|1760308824
|move|p2a: Carly Rae|Fiery Dance|p1a: Skeledirge
|-resisted|p1a: Skeledirge
|-damage|p1a: Skeledirge|34/100 psn
|-boost|p2a: Carly Rae|spa|1
|move|p1a: Skeledirge|Slack Off|p1a: Skeledirge
|-heal|p1a: Skeledirge|84/100 psn
|
|-damage|p1a: Skeledirge|71/100 psn|[from] psn
|upkeep
|turn|11
|
|t:|1760308829
|move|p2a: Carly Rae|Discharge|p1a: Skeledirge
|-damage|p1a: Skeledirge|41/100 psn
|move|p1a: Skeledirge|Slack Off|p1a: Skeledirge
|-heal|p1a: Skeledirge|91/100 psn
|
|-damage|p1a: Skeledirge|79/100 psn|[from] psn
|upkeep
|turn|12
|
|t:|1760308833
|move|p2a: Carly Rae|Discharge|p1a: Skeledirge
|-damage|p1a: Skeledirge|51/100 psn
|move|p1a: Skeledirge|Shadow Ball|p2a: Carly Rae
|-damage|p2a: Carly Rae|39/100
|
|-damage|p1a: Skeledirge|39/100 psn|[from] psn
|upkeep
|turn|13
|
|t:|1760308842
|move|p2a: Carly Rae|Morning Sun|p2a: Carly Rae
|-heal|p2a: Carly Rae|89/100
|move|p1a: Skeledirge|Slack Off|p1a: Skeledirge
|-heal|p1a: Skeledirge|89/100 psn
|
|-damage|p1a: Skeledirge|76/100 psn|[from] psn
|upkeep
|turn|14
|
|t:|1760308845
|move|p2a: Carly Rae|Fiery Dance|p1a: Skeledirge
|-resisted|p1a: Skeledirge
|-damage|p1a: Skeledirge|55/100 psn
|-boost|p2a: Carly Rae|spa|1
|move|p1a: Skeledirge|Slack Off|p1a: Skeledirge
|-heal|p1a: Skeledirge|100/100 psn
|
|-damage|p1a: Skeledirge|88/100 psn|[from] psn
|upkeep
|turn|15
|
|t:|1760308851
|move|p2a: Carly Rae|Discharge|p1a: Skeledirge
|-damage|p1a: Skeledirge|62/100 psn
|move|p1a: Skeledirge|Torch Song|p2a: Carly Rae
|-resisted|p2a: Carly Rae
|-damage|p2a: Carly Rae|72/100
|-boost|p1a: Skeledirge|spa|1
|
|-damage|p1a: Skeledirge|50/100 psn|[from] psn
|upkeep
|turn|16
|
|t:|1760308856
|move|p2a: Carly Rae|Discharge|p1a: Skeledirge
|-damage|p1a: Skeledirge|21/100 psn
|move|p1a: Skeledirge|Slack Off|p1a: Skeledirge
|-heal|p1a: Skeledirge|71/100 psn
|
|-damage|p1a: Skeledirge|58/100 psn|[from] psn
|upkeep
|turn|17
|
|t:|1760308860
|move|p2a: Carly Rae|Discharge|p1a: Skeledirge
|-damage|p1a: Skeledirge|31/100 psn
|move|p1a: Skeledirge|Shadow Ball|p2a: Carly Rae
|-damage|p2a: Carly Rae|26/100
|
|-damage|p1a: Skeledirge|19/100 psn|[from] psn
|upkeep
|turn|18
|
|t:|1760308864
|move|p2a: Carly Rae|Discharge|p1a: Skeledirge
|-damage|p1a: Skeledirge|0 fnt
|faint|p1a: Skeledirge
|
|upkeep
|
|t:|1760308867
|switch|p1a: Dragonite|Dragonite, F|100/100
|turn|19
|
|t:|1760308870
|-end|p2a: Carly Rae|Quark Drive|[silent]
|switch|p2a: Alvvays|Umbreon, F|100/100
|move|p1a: Dragonite|Extreme Speed|p2a: Alvvays
|-damage|p2a: Alvvays|77/100
|
|-heal|p2a: Alvvays|83/100|[from] item: Leftovers
|upkeep
|turn|20
|
|t:|1760308872
|switch|p2a: Julia Jacklin|Glimmora, F|1/100
|move|p1a: Dragonite|Dragon Dance|p1a: Dragonite
|-boost|p1a: Dragonite|atk|1
|-boost|p1a: Dragonite|spe|1
|
|upkeep
|turn|21
|
|t:|1760308876
|switch|p2a: Alvvays|Umbreon, F|83/100
|move|p1a: Dragonite|Extreme Speed|p2a: Alvvays
|-damage|p2a: Alvvays|48/100
|
|-heal|p2a: Alvvays|54/100|[from] item: Leftovers
|upkeep
|turn|22
|
|t:|1760308880
|move|p1a: Dragonite|Outrage|p2a: Alvvays
|-damage|p2a: Alvvays|0 fnt
|faint|p2a: Alvvays
|
|upkeep
|
|t:|1760308885
|switch|p2a: Elucid|Dragonite, F|93/100
|turn|23
|
|t:|1760308893
|switch|p2a: Julia Jacklin|Glimmora, F|1/100
|move|p1a: Dragonite|Outrage|p2a: Julia Jacklin|[from] lockedmove
|-damage|p2a: Julia Jacklin|0 fnt
|-activate|p2a: Julia Jacklin|ability: Toxic Debris
|-sidestart|p1: elpets|move: Toxic Spikes
|faint|p2a: Julia Jacklin
|
|upkeep
|
|t:|1760308896
|switch|p2a: Carly Rae|Iron Moth|26/100
|turn|24
|
|t:|1760308898
|-terastallize|p2a: Carly Rae|Fairy
|move|p1a: Dragonite|Outrage|p2a: Carly Rae|[from] lockedmove
|-immune|p2a: Carly Rae
|-start|p1a: Dragonite|confusion|[fatigue]
|-enditem|p1a: Dragonite|Lum Berry|[eat]
|-end|p1a: Dragonite|confusion
|move|p2a: Carly Rae|Dazzling Gleam|p1a: Dragonite
|-supereffective|p1a: Dragonite
|-damage|p1a: Dragonite|57/100
|
|upkeep
|turn|25
|
|t:|1760308902
|move|p1a: Dragonite|Extreme Speed|p2a: Carly Rae
|-damage|p2a: Carly Rae|0 fnt
|faint|p2a: Carly Rae
|-end|p2a: Carly Rae|Quark Drive|[silent]
|
|upkeep
|
|t:|1760308905
|switch|p2a: Elucid|Dragonite, F|93/100
|turn|26
|
|t:|1760308907
|move|p1a: Dragonite|Outrage|p2a: Elucid
|-supereffective|p2a: Elucid
|-damage|p2a: Elucid|0 fnt
|faint|p2a: Elucid
|
|upkeep
|-message|Auburn Hills forfeited.
|
|win|elpets
|raw|elpets's rating: 1750 &rarr; <strong>1769</strong><br />(+19 for winning)
|raw|Auburn Hills's rating: 1732 &rarr; <strong>1713</strong><br />(-19 for losing)
|l|☆Auburn Hills
|player|p2|
|j| tabata toxapex
|l|☆elpets
|player|p1|
|l| Rizzofreko
