|j|☆x.solrac
|j|☆huevo_pipipi
|t:|1760383062
|gametype|singles
|player|p1|x.solrac|bellelba|1146
|player|p2|huevo_pipipi|266|1145
|gen|9
|tier|[Gen 9] OU
|rated|
|rule|HP Percentage Mod: HP is shown in percentages
|rule|Endless Battle Clause: Forcing endless battles is banned
|rule|Species Clause: Limit one of each Pokémon
|rule|OHKO Clause: OHKO moves are banned
|rule|Evasion Items Clause: Evasion items are banned
|rule|Evasion Moves Clause: Evasion moves are banned
|rule|Evasion Abilities Clause: Evasion abilities are banned
|rule|Sleep Moves Clause: Sleep-inducing moves are banned
|clearpoke
|poke|p1|Tinkaton, F|
|poke|p1|Yanmega, F|
|poke|p1|Zoroark-Hisui, F|
|poke|p1|Lilligant-Hisui, F|
|poke|p1|Blissey, F|
|poke|p1|Espeon, F|
|poke|p2|Azumarill, F|
|poke|p2|Skeledirge, M|
|poke|p2|Oinkologne, M|
|poke|p2|Gallade, M|
|poke|p2|Appletun, M|
|poke|p2|Corviknight, F|
|teampreview
|
|t:|1760383082
|teamsize|p1|6
|teamsize|p2|6
|start
|switch|p1a: Lilligant|Lilligant-Hisui, F|100/100
|switch|p2a: Ingaturoña|Corviknight, F|100/100
|turn|1
|inactive|Battle timer is ON: inactive players will automatically lose when time's up. (requested by x.solrac)
|
|t:|1760383108
|move|p1a: Lilligant|Close Combat|p2a: Ingaturoña
|-damage|p2a: Ingaturoña|65/100
|-unboost|p1a: Lilligant|def|1
|-unboost|p1a: Lilligant|spd|1
|-damage|p1a: Lilligant|84/100|[from] item: Rocky Helmet|[of] p2a: Ingaturoña
|-enditem|p1a: Lilligant|White Herb
|-clearnegativeboost|p1a: Lilligant|[silent]
|move|p2a: Ingaturoña|U-turn|p1a: Lilligant
|-damage|p1a: Lilligant|62/100
|
|t:|1760383121
|switch|p2a: Coco|Skeledirge, M|100/100|[from] U-turn
|
|upkeep
|turn|2
|
|t:|1760383134
|-terastallize|p1a: Lilligant|Flying
|move|p1a: Lilligant|Victory Dance|p1a: Lilligant
|-boost|p1a: Lilligant|atk|1
|-boost|p1a: Lilligant|def|1
|-boost|p1a: Lilligant|spe|1
|move|p2a: Coco|Torch Song|p1a: Lilligant
|-damage|p1a: Lilligant|19/100
|-boost|p2a: Coco|spa|1
|
|upkeep
|turn|3
|
|t:|1760383141
|move|p1a: Lilligant|Acrobatics|p2a: Coco
|-damage|p2a: Coco|66/100
|move|p2a: Coco|Torch Song|p1a: Lilligant
|-crit|p1a: Lilligant
|-damage|p1a: Lilligant|0 fnt
|-boost|p2a: Coco|spa|1
|faint|p1a: Lilligant
|
|-heal|p2a: Coco|72/100|[from] item: Leftovers
|upkeep
|
|t:|1760383148
|switch|p1a: Blissey|Blissey, F|100/100
|turn|4
|
|t:|1760383158
|move|p1a: Blissey|Nasty Plot|p1a: Blissey
|-boost|p1a: Blissey|spa|2
|move|p2a: Coco|Torch Song|p1a: Blissey
|-enditem|p1a: Blissey|Focus Sash
|-damage|p1a: Blissey|1/100
|-boost|p2a: Coco|spa|1
|replace|p1a: Zoroark|Zoroark-Hisui, F
|-end|p1a: Zoroark|Illusion
|
|-heal|p2a: Coco|78/100|[from] item: Leftovers
|upkeep
|turn|5
|
|t:|1760383170
|-terastallize|p2a: Coco|Grass
|move|p1a: Zoroark|Bitter Malice|p2a: Coco
|-damage|p2a: Coco|40/100
|-unboost|p2a: Coco|atk|1
|move|p2a: Coco|Torch Song|p1a: Zoroark
|-damage|p1a: Zoroark|0 fnt
|-boost|p2a: Coco|spa|1
|faint|p1a: Zoroark
|
|-heal|p2a: Coco|46/100|[from] item: Leftovers
|upkeep
|
|t:|1760383182
|switch|p1a: Yanmega|Yanmega, F|100/100
|turn|6
|inactive|huevo_pipipi has 120 seconds left.
|
|t:|1760383215
|move|p1a: Yanmega|Air Slash|p2a: Coco
|-supereffective|p2a: Coco
|-damage|p2a: Coco|0 fnt
|faint|p2a: Coco
|
|-ability|p1a: Yanmega|Speed Boost|boost
|-boost|p1a: Yanmega|spe|1
|upkeep
|
|t:|1760383219
|switch|p2a: Ingaturoña|Corviknight, F|65/100
|turn|7
|inactive|x.solrac has 120 seconds left.
|
|t:|1760383250
|move|p1a: Yanmega|Ancient Power|p2a: Ingaturoña
|-damage|p2a: Ingaturoña|43/100
|move|p2a: Ingaturoña|Brave Bird|p1a: Yanmega
|-supereffective|p1a: Yanmega
|-damage|p1a: Yanmega|12/100
|-damage|p2a: Ingaturoña|20/100|[from] Recoil
|
|-ability|p1a: Yanmega|Speed Boost|boost
|-boost|p1a: Yanmega|spe|1
|upkeep
|turn|8
|inactive|huevo_pipipi has 120 seconds left.
|
|t:|1760383279
|move|p1a: Yanmega|Ancient Power|p2a: Ingaturoña
|-damage|p2a: Ingaturoña|0 fnt
|faint|p2a: Ingaturoña
|
|-ability|p1a: Yanmega|Speed Boost|boost
|-boost|p1a: Yanmega|spe|1
|upkeep
|
|t:|1760383283
|switch|p2a: Lia|Azumarill, F|100/100
|turn|9
|
|t:|1760383298
|move|p2a: Lia|Aqua Jet|p1a: Yanmega
|-damage|p1a: Yanmega|0 fnt
|faint|p1a: Yanmega
|
|upkeep
|
|t:|1760383304
|switch|p1a: Espeon|Espeon, F|100/100
|turn|10
|
|t:|1760383312
|switch|p2a: Merienda|Appletun, M|100/100
|move|p1a: Espeon|Reflect|p1a: Espeon
|-sidestart|p1: x.solrac|Reflect
|
|upkeep
|turn|11
|
|t:|1760383319
|move|p1a: Espeon|Light Screen|p1a: Espeon
|-sidestart|p1: x.solrac|move: Light Screen
|move|p2a: Merienda|Apple Acid|p1a: Espeon
|-damage|p1a: Espeon|83/100
|-unboost|p1a: Espeon|spd|1
|
|upkeep
|turn|12
|
|t:|1760383324
|move|p1a: Espeon|Psychic|p2a: Merienda
|-damage|p2a: Merienda|55/100
|move|p2a: Merienda|Apple Acid|p1a: Espeon
|-damage|p1a: Espeon|58/100
|-unboost|p1a: Espeon|spd|1
|
|upkeep
|turn|13
|
|t:|1760383333
|switch|p1a: Tinkaton|Tinkaton, F|100/100
|-ability|p1a: Tinkaton|Mold Breaker
|move|p2a: Merienda|Draco Meteor|p1a: Tinkaton
|-immune|p1a: Tinkaton
|
|upkeep
|turn|14
|
|t:|1760383358
|move|p1a: Tinkaton|Play Rough|p2a: Merienda
|-supereffective|p2a: Merienda
|-damage|p2a: Merienda|11/100
|-activate|p2a: Merienda|ability: Ripen
|-enditem|p2a: Merienda|Sitrus Berry|[eat]
|-heal|p2a: Merienda|61/100|[from] item: Sitrus Berry
|move|p2a: Merienda|Recover|p2a: Merienda
|-heal|p2a: Merienda|100/100
|
|upkeep
|turn|15
|
|t:|1760383368
|move|p1a: Tinkaton|Knock Off|p2a: Merienda
|-damage|p2a: Merienda|89/100
|move|p2a: Merienda|Leech Seed|p1a: Tinkaton
|-start|p1a: Tinkaton|move: Leech Seed
|
|-damage|p1a: Tinkaton|88/100|[from] Leech Seed|[of] p2a: Merienda
|-heal|p2a: Merienda|99/100|[silent]
|upkeep
|turn|16
|
|t:|1760383374
|switch|p1a: Blissey|Blissey, F|100/100
|move|p2a: Merienda|Apple Acid|p1a: Blissey
|-damage|p1a: Blissey|96/100
|-unboost|p1a: Blissey|spd|1
|
|-heal|p1a: Blissey|100/100|[from] item: Leftovers
|upkeep
|turn|17
|
|t:|1760383380
|move|p1a: Blissey|Thunder Wave|p2a: Merienda
|-status|p2a: Merienda|par
|cant|p2a: Merienda|par
|
|-sideend|p1: x.solrac|Reflect
|upkeep
|turn|18
|
|t:|1760383384
|switch|p1a: Tinkaton|Tinkaton, F|88/100
|-ability|p1a: Tinkaton|Mold Breaker
|move|p2a: Merienda|Apple Acid|p1a: Tinkaton
|-resisted|p1a: Tinkaton
|-damage|p1a: Tinkaton|83/100
|-unboost|p1a: Tinkaton|spd|1
|
|-sideend|p1: x.solrac|move: Light Screen
|upkeep
|turn|19
|
|t:|1760383395
|move|p1a: Tinkaton|Fake Out|p2a: Merienda
|-damage|p2a: Merienda|92/100 par
|cant|p2a: Merienda|flinch
|
|upkeep
|turn|20
|
|t:|1760383399
|move|p1a: Tinkaton|Play Rough|p2a: Merienda
|-supereffective|p2a: Merienda
|-damage|p2a: Merienda|47/100 par
|move|p2a: Merienda|Draco Meteor|p1a: Tinkaton
|-immune|p1a: Tinkaton
|
|upkeep
|turn|21
|
|t:|1760383404
|move|p1a: Tinkaton|Play Rough|p2a: Merienda
|-supereffective|p2a: Merienda
|-damage|p2a: Merienda|0 fnt
|faint|p2a: Merienda
|
|upkeep
|
|t:|1760383408
|switch|p2a: Yaelito|Oinkologne, M|100/100
|turn|22
|
|t:|1760383413
|move|p1a: Tinkaton|Knock Off|p2a: Yaelito
|-damage|p2a: Yaelito|77/100
|-ability|p1a: Tinkaton|Lingering Aroma|Mold Breaker|[from] ability: Lingering Aroma|[of] p2a: Yaelito
|-activate|p2a: Yaelito|ability: Lingering Aroma|Mold Breaker|[of] p1a: Tinkaton
|-enditem|p2a: Yaelito|Choice Band|[from] move: Knock Off|[of] p1a: Tinkaton
|move|p2a: Yaelito|High Horsepower|p1a: Tinkaton
|-supereffective|p1a: Tinkaton
|-damage|p1a: Tinkaton|11/100
|
|upkeep
|turn|23
|inactive|huevo_pipipi has 120 seconds left.
|
|t:|1760383466
|move|p1a: Tinkaton|Gigaton Hammer|p2a: Yaelito
|-damage|p2a: Yaelito|21/100
|move|p2a: Yaelito|High Horsepower|p1a: Tinkaton
|-supereffective|p1a: Tinkaton
|-damage|p1a: Tinkaton|0 fnt
|faint|p1a: Tinkaton
|
|upkeep
|
|t:|1760383480
|switch|p1a: Espeon|Espeon, F|58/100
|turn|24
|
|t:|1760383485
|move|p1a: Espeon|Psychic|p2a: Yaelito
|-damage|p2a: Yaelito|0 fnt
|faint|p2a: Yaelito
|
|upkeep
|
|t:|1760383493
|switch|p2a: Silson|Gallade, M|100/100
|turn|25
|
|t:|1760383499
|move|p2a: Silson|Leaf Blade|p1a: Espeon
|-damage|p1a: Espeon|0 fnt
|faint|p1a: Espeon
|
|upkeep
|
|t:|1760383503
|switch|p1a: Blissey|Blissey, F|100/100
|turn|26
|
|t:|1760383506
|move|p2a: Silson|Leaf Blade|p1a: Blissey
|-damage|p1a: Blissey|59/100
|move|p1a: Blissey|Thunder Wave|p2a: Silson
|-status|p2a: Silson|par
|
|-heal|p1a: Blissey|65/100|[from] item: Leftovers
|upkeep
|turn|27
|
|t:|1760383517
|move|p2a: Silson|Leaf Blade|p1a: Blissey
|-damage|p1a: Blissey|23/100
|move|p1a: Blissey|Stealth Rock|p2a: Silson
|-sidestart|p2: huevo_pipipi|move: Stealth Rock
|
|-heal|p1a: Blissey|29/100|[from] item: Leftovers
|upkeep
|turn|28
|
|t:|1760383529
|cant|p2a: Silson|par
|move|p1a: Blissey|Soft-Boiled|p1a: Blissey
|-heal|p1a: Blissey|79/100
|
|-heal|p1a: Blissey|85/100|[from] item: Leftovers
|upkeep
|turn|29
|
|t:|1760383537
|move|p2a: Silson|Leaf Blade|p1a: Blissey
|-damage|p1a: Blissey|47/100
|move|p1a: Blissey|Seismic Toss|p2a: Silson
|-damage|p2a: Silson|64/100 par
|
|-heal|p1a: Blissey|53/100|[from] item: Leftovers
|upkeep
|turn|30
|
|t:|1760383545
|switch|p2a: Lia|Azumarill, F|100/100
|-damage|p2a: Lia|88/100|[from] Stealth Rock
|move|p1a: Blissey|Seismic Toss|p2a: Lia
|-damage|p2a: Lia|63/100
|
|-heal|p1a: Blissey|59/100|[from] item: Leftovers
|upkeep
|turn|31
|
|t:|1760383560
|move|p1a: Blissey|Thunder Wave|p2a: Lia
|-status|p2a: Lia|par
|move|p2a: Lia|Liquidation|p1a: Blissey
|-damage|p1a: Blissey|0 fnt
|faint|p1a: Blissey
|
|win|huevo_pipipi
|raw|x.solrac's rating: 1146 &rarr; <strong>1121</strong><br />(-25 for losing)
|raw|huevo_pipipi's rating: 1145 &rarr; <strong>1170</strong><br />(+25 for winning)
|l|☆x.solrac
|player|p1|
|l|☆huevo_pipipi
|player|p2|
