|j|☆gabrielxd1023
|j|☆Swagataka
|t:|1760459922
|gametype|singles
|player|p1|gabrielxd1023|lucas|1636
|player|p2|Swagataka|byron|1642
|gen|9
|tier|[Gen 9] OU
|rated|
|rule|HP Percentage Mod: HP is shown in percentages
|rule|Endless Battle Clause: Forcing endless battles is banned
|rule|Species Clause: Limit one of each Pokémon
|rule|OHKO Clause: OHKO moves are banned
|rule|Evasion Items Clause: Evasion items are banned
|rule|Evasion Moves Clause: Evasion moves are banned
|rule|Evasion Abilities Clause: Evasion abilities are banned
|rule|Sleep Moves Clause: Sleep-inducing moves are banned
|clearpoke
|poke|p1|Lokix, M|
|poke|p1|Cinderace, M|
|poke|p1|Enamorus, F|
|poke|p1|Slowking-Galar, M|
|poke|p1|Ting-Lu|
|poke|p1|Corviknight, F|
|poke|p2|Kingambit, F|
|poke|p2|Regigigas|
|poke|p2|Zoroark-Hisui, F|
|poke|p2|Great Tusk|
|poke|p2|Pecharunt|
|poke|p2|Quaquaval, M|
|teampreview
|
|t:|1760459949
|teamsize|p1|6
|teamsize|p2|6
|start
|switch|p1a: Slowking|Slowking-Galar, M|100/100
|switch|p2a: Quack Sabbath|Quaquaval, M|100/100
|turn|1
|
|t:|1760459955
|switch|p2a: R.E.G.R.E.M.I.X|Regigigas, shiny|100/100
|-start|p2a: R.E.G.R.E.M.I.X|ability: Slow Start
|move|p1a: Slowking|Future Sight|p2a: R.E.G.R.E.M.I.X
|-start|p1a: Slowking|move: Future Sight
|
|upkeep
|turn|2
|
|t:|1760459960
|move|p2a: R.E.G.R.E.M.I.X|Knock Off|p1a: Slowking
|-supereffective|p1a: Slowking
|-damage|p1a: Slowking|78/100
|-enditem|p1a: Slowking|Shuca Berry|[from] move: Knock Off|[of] p2a: R.E.G.R.E.M.I.X
|-prepare|p1a: Slowking|Chilly Reception|[premajor]
|move|p1a: Slowking|Chilly Reception|p1a: Slowking
|-weather|Snowscape
|
|t:|1760459994
|switch|p1a: Lokix|Lokix, M|100/100|[from] Chilly Reception
|
|-weather|Snowscape|[upkeep]
|upkeep
|turn|3
|
|t:|1760459998
|move|p1a: Lokix|U-turn|p2a: R.E.G.R.E.M.I.X
|-damage|p2a: R.E.G.R.E.M.I.X|62/100
|
|t:|1760460001
|switch|p1a: Slowking|Slowking-Galar, M|100/100|[from] U-turn
|move|p2a: R.E.G.R.E.M.I.X|Knock Off|p1a: Slowking
|-supereffective|p1a: Slowking
|-damage|p1a: Slowking|83/100
|
|-weather|Snowscape|[upkeep]
|-end|p2a: R.E.G.R.E.M.I.X|move: Future Sight
|-damage|p2a: R.E.G.R.E.M.I.X|27/100
|upkeep
|turn|4
|
|t:|1760460009
|switch|p2a: Steely Don|Great Tusk|100/100
|-prepare|p1a: Slowking|Chilly Reception|[premajor]
|move|p1a: Slowking|Chilly Reception|p1a: Slowking
|inactive|Battle timer is ON: inactive players will automatically lose when time's up. (requested by Swagataka)
|
|t:|1760460023
|switch|p1a: Enamorus|Enamorus, F|100/100|[from] Chilly Reception
|
|-weather|Snowscape|[upkeep]
|upkeep
|turn|5
|
|t:|1760460029
|-end|p2a: Steely Don|Protosynthesis|[silent]
|switch|p2a: R.E.G.R.E.M.I.X|Regigigas, shiny|27/100
|-start|p2a: R.E.G.R.E.M.I.X|ability: Slow Start
|move|p1a: Enamorus|Moonblast|p2a: R.E.G.R.E.M.I.X
|-damage|p2a: R.E.G.R.E.M.I.X|0 fnt
|faint|p2a: R.E.G.R.E.M.I.X
|
|-weather|Snowscape|[upkeep]
|upkeep
|
|t:|1760460033
|switch|p2a: Irönhead|Kingambit, F|100/100
|-item|p2a: Irönhead|Air Balloon
|turn|6
|
|t:|1760460037
|move|p1a: Enamorus|Moonblast|p2a: Irönhead
|-damage|p2a: Irönhead|47/100
|-unboost|p2a: Irönhead|spa|1
|-ability|p2a: Irönhead|Defiant|boost
|-boost|p2a: Irönhead|atk|2
|-enditem|p2a: Irönhead|Air Balloon
|move|p2a: Irönhead|Stealth Rock|p1a: Enamorus
|-sidestart|p1: gabrielxd1023|move: Stealth Rock
|
|-weather|none
|upkeep
|turn|7
|
|t:|1760460046
|move|p2a: Irönhead|Sucker Punch|p1a: Enamorus
|-resisted|p1a: Enamorus
|-damage|p1a: Enamorus|33/100
|move|p1a: Enamorus|Moonblast|p2a: Irönhead
|-damage|p2a: Irönhead|0 fnt
|faint|p2a: Irönhead
|
|upkeep
|
|t:|1760460051
|switch|p2a: Apacherunt|Pecharunt|100/100
|turn|8
|
|t:|1760460065
|switch|p1a: Slowking|Slowking-Galar, M|100/100
|-damage|p1a: Slowking|88/100|[from] Stealth Rock
|move|p2a: Apacherunt|Parting Shot|p1a: Slowking
|-unboost|p1a: Slowking|atk|1
|-unboost|p1a: Slowking|spa|1
|
|t:|1760460080
|switch|p2a: Steely Don|Great Tusk|100/100|[from] Parting Shot
|
|upkeep
|turn|9
|
|t:|1760460091
|switch|p1a: Corviknight|Corviknight, F|100/100
|-damage|p1a: Corviknight|88/100|[from] Stealth Rock
|-ability|p1a: Corviknight|Pressure
|move|p2a: Steely Don|Knock Off|p1a: Corviknight
|-damage|p1a: Corviknight|68/100
|-damage|p2a: Steely Don|84/100|[from] item: Rocky Helmet|[of] p1a: Corviknight
|-enditem|p1a: Corviknight|Rocky Helmet|[from] move: Knock Off|[of] p2a: Steely Don
|
|upkeep
|turn|10
|
|t:|1760460096
|-end|p2a: Steely Don|Protosynthesis|[silent]
|switch|p2a: Apacherunt|Pecharunt|100/100
|-item|p2a: Apacherunt|Air Balloon
|move|p1a: Corviknight|Defog|p2a: Apacherunt
|-unboost|p2a: Apacherunt|evasion|1
|-sideend|p1: gabrielxd1023|Stealth Rock|[from] move: Defog|[of] p1a: Corviknight
|
|upkeep
|turn|11
|
|t:|1760460104
|switch|p1a: Slowking|Slowking-Galar, M|100/100
|move|p2a: Apacherunt|Shadow Ball|p1a: Slowking
|-supereffective|p1a: Slowking
|-damage|p1a: Slowking|32/100
|
|upkeep
|turn|12
|
|t:|1760460110
|switch|p1a: Ting-Lu|Ting-Lu|100/100
|-ability|p1a: Ting-Lu|Vessel of Ruin
|move|p2a: Apacherunt|Shadow Ball|p1a: Ting-Lu
|-resisted|p1a: Ting-Lu
|-damage|p1a: Ting-Lu|92/100
|
|-heal|p1a: Ting-Lu|98/100|[from] item: Leftovers
|upkeep
|turn|13
|
|t:|1760460115
|move|p2a: Apacherunt|Grass Knot|p1a: Ting-Lu
|-supereffective|p1a: Ting-Lu
|-damage|p1a: Ting-Lu|65/100
|move|p1a: Ting-Lu|Ruination|p2a: Apacherunt
|-damage|p2a: Apacherunt|51/100
|replace|p2a: Linkin Zark|Zoroark-Hisui, F, shiny
|-end|p2a: Linkin Zark|Illusion
|-enditem|p2a: Linkin Zark|Air Balloon
|
|-heal|p1a: Ting-Lu|71/100|[from] item: Leftovers
|upkeep
|turn|14
|
|t:|1760460119
|move|p2a: Linkin Zark|Grass Knot|p1a: Ting-Lu
|-supereffective|p1a: Ting-Lu
|-damage|p1a: Ting-Lu|40/100
|move|p1a: Ting-Lu|Earthquake|p2a: Linkin Zark
|-damage|p2a: Linkin Zark|0 fnt
|faint|p2a: Linkin Zark
|
|-heal|p1a: Ting-Lu|46/100|[from] item: Leftovers
|upkeep
|
|t:|1760460122
|switch|p2a: Quack Sabbath|Quaquaval, M|100/100
|turn|15
|
|t:|1760460129
|move|p2a: Quack Sabbath|Aqua Step|p1a: Ting-Lu
|-supereffective|p1a: Ting-Lu
|-damage|p1a: Ting-Lu|8/100
|-boost|p2a: Quack Sabbath|spe|1
|move|p1a: Ting-Lu|Ruination|p2a: Quack Sabbath
|-damage|p2a: Quack Sabbath|50/100
|
|-heal|p2a: Quack Sabbath|57/100|[from] item: Leftovers
|-heal|p1a: Ting-Lu|14/100|[from] item: Leftovers
|upkeep
|turn|16
|
|t:|1760460152
|switch|p1a: Corviknight|Corviknight, F|68/100
|-ability|p1a: Corviknight|Pressure
|move|p2a: Quack Sabbath|Aqua Step|p1a: Corviknight
|-damage|p1a: Corviknight|47/100
|-boost|p2a: Quack Sabbath|spe|1
|
|-heal|p2a: Quack Sabbath|63/100|[from] item: Leftovers
|upkeep
|turn|17
|
|t:|1760460156
|move|p2a: Quack Sabbath|Bulk Up|p2a: Quack Sabbath
|-boost|p2a: Quack Sabbath|atk|1
|-boost|p2a: Quack Sabbath|def|1
|move|p1a: Corviknight|Roost|p1a: Corviknight
|-heal|p1a: Corviknight|97/100
|-singleturn|p1a: Corviknight|move: Roost
|
|-heal|p2a: Quack Sabbath|69/100|[from] item: Leftovers
|upkeep
|turn|18
|
|t:|1760460160
|move|p2a: Quack Sabbath|Encore|p1a: Corviknight
|-start|p1a: Corviknight|Encore
|move|p1a: Corviknight|Roost|p1a: Corviknight
|-heal|p1a: Corviknight|100/100
|-singleturn|p1a: Corviknight|move: Roost
|
|-heal|p2a: Quack Sabbath|75/100|[from] item: Leftovers
|upkeep
|turn|19
|
|t:|1760460167
|switch|p1a: Slowking|Slowking-Galar, M|65/100
|move|p2a: Quack Sabbath|Bulk Up|p2a: Quack Sabbath
|-boost|p2a: Quack Sabbath|atk|1
|-boost|p2a: Quack Sabbath|def|1
|
|-heal|p2a: Quack Sabbath|82/100|[from] item: Leftovers
|upkeep
|turn|20
|
|t:|1760460176
|-terastallize|p1a: Slowking|Water
|move|p2a: Quack Sabbath|Aqua Step|p1a: Slowking
|-resisted|p1a: Slowking
|-damage|p1a: Slowking|40/100
|-boost|p2a: Quack Sabbath|spe|1
|move|p1a: Slowking|Sludge Bomb|p2a: Quack Sabbath
|-damage|p2a: Quack Sabbath|42/100
|
|-heal|p2a: Quack Sabbath|48/100|[from] item: Leftovers
|upkeep
|turn|21
|
|t:|1760460201
|-terastallize|p2a: Quack Sabbath|Steel
|move|p2a: Quack Sabbath|Bulk Up|p2a: Quack Sabbath
|-boost|p2a: Quack Sabbath|atk|1
|-boost|p2a: Quack Sabbath|def|1
|move|p1a: Slowking|Sludge Bomb|p2a: Quack Sabbath
|-immune|p2a: Quack Sabbath
|
|-heal|p2a: Quack Sabbath|54/100|[from] item: Leftovers
|upkeep
|turn|22
|-message|gabrielxd1023 forfeited.
|
|win|Swagataka
|raw|gabrielxd1023's rating: 1636 &rarr; <strong>1616</strong><br />(-20 for losing)
|raw|Swagataka's rating: 1642 &rarr; <strong>1662</strong><br />(+20 for winning)
|l|☆gabrielxd1023
|player|p1|
|l|☆Swagataka
|player|p2|
