|j|‽KinglerCookie
|j|☆kinsword
|t:|1760450058
|gametype|singles
|player|p1|KinglerCookie|miku-ground|1424
|player|p2|kinsword|2|1470
|gen|9
|tier|[Gen 9] OU
|rated|
|rule|HP Percentage Mod: HP is shown in percentages
|rule|Endless Battle Clause: Forcing endless battles is banned
|rule|Species Clause: Limit one of each Pokémon
|rule|OHKO Clause: OHKO moves are banned
|rule|Evasion Items Clause: Evasion items are banned
|rule|Evasion Moves Clause: Evasion moves are banned
|rule|Evasion Abilities Clause: Evasion abilities are banned
|rule|Sleep Moves Clause: Sleep-inducing moves are banned
|clearpoke
|poke|p1|Iron Valiant|
|poke|p1|Great Tusk|
|poke|p1|Ogerpon-Wellspring, F|
|poke|p1|Darkrai|
|poke|p1|Enamorus, F|
|poke|p1|Pecharunt|
|poke|p2|Dudunsparce-*, M|
|poke|p2|Greninja-*, M|
|poke|p2|Skarmory, M|
|poke|p2|Iron Treads|
|poke|p2|Fezandipiti, M|
|poke|p2|Haxorus, F|
|teampreview
|inactive|Battle timer is ON: inactive players will automatically lose when time's up. (requested by kinsword)
|
|t:|1760450067
|teamsize|p1|6
|teamsize|p2|6
|start
|switch|p1a: Great Tusk|Great Tusk|100/100
|switch|p2a: Dudunsparce|Dudunsparce-Three-Segment, M|100/100
|turn|1
|
|t:|1760450074
|switch|p2a: Skarmory|Skarmory, M|100/100
|move|p1a: Great Tusk|Stealth Rock|p2a: Skarmory
|-sidestart|p2: kinsword|move: Stealth Rock
|
|upkeep
|turn|2
|
|t:|1760450085
|-end|p1a: Great Tusk|Protosynthesis|[silent]
|switch|p1a: Ogerpon|Ogerpon-Wellspring, F|100/100
|move|p2a: Skarmory|Brave Bird|p1a: Ogerpon
|-supereffective|p1a: Ogerpon
|-damage|p1a: Ogerpon|5/100
|-damage|p2a: Skarmory|72/100|[from] Recoil
|
|upkeep
|turn|3
|
|t:|1760450093
|move|p1a: Ogerpon|Ivy Cudgel|p2a: Skarmory|[anim] Ivy Cudgel Water
|-damage|p2a: Skarmory|34/100
|move|p2a: Skarmory|Roost|p2a: Skarmory
|-heal|p2a: Skarmory|84/100
|-singleturn|p2a: Skarmory|move: Roost
|
|upkeep
|turn|4
|
|t:|1760450100
|move|p1a: Ogerpon|Encore|p2a: Skarmory
|-start|p2a: Skarmory|Encore
|move|p2a: Skarmory|Roost|p2a: Skarmory
|-heal|p2a: Skarmory|100/100
|-singleturn|p2a: Skarmory|move: Roost
|
|upkeep
|turn|5
|
|t:|1760450110
|switch|p2a: Fezandipiti|Fezandipiti, M|100/100
|-damage|p2a: Fezandipiti|88/100|[from] Stealth Rock
|move|p1a: Ogerpon|U-turn|p2a: Fezandipiti
|-resisted|p2a: Fezandipiti
|-damage|p2a: Fezandipiti|80/100
|
|t:|1760450119
|switch|p1a: Great Tusk|Great Tusk|100/100|[from] U-turn
|
|-heal|p2a: Fezandipiti|86/100|[from] item: Leftovers
|upkeep
|turn|6
|
|t:|1760450133
|switch|p2a: Skarmory|Skarmory, M|100/100
|-damage|p2a: Skarmory|88/100|[from] Stealth Rock
|move|p1a: Great Tusk|Earthquake|p2a: Skarmory
|-immune|p2a: Skarmory
|
|upkeep
|turn|7
|
|t:|1760450146
|move|p1a: Great Tusk|Head Smash|p2a: Skarmory
|-damage|p2a: Skarmory|57/100
|-damage|p1a: Great Tusk|84/100|[from] item: Rocky Helmet|[of] p2a: Skarmory
|-damage|p1a: Great Tusk|70/100|[from] Recoil
|move|p2a: Skarmory|Brave Bird|p1a: Great Tusk
|-supereffective|p1a: Great Tusk
|-damage|p1a: Great Tusk|17/100
|-damage|p2a: Skarmory|38/100|[from] Recoil
|
|upkeep
|turn|8
|
|t:|1760450159
|-end|p1a: Great Tusk|Protosynthesis|[silent]
|switch|p1a: Iron Valiant|Iron Valiant|100/100
|-enditem|p1a: Iron Valiant|Booster Energy
|-activate|p1a: Iron Valiant|ability: Quark Drive|[fromitem]
|-start|p1a: Iron Valiant|quarkdrivespe
|move|p2a: Skarmory|Roost|p2a: Skarmory
|-heal|p2a: Skarmory|88/100
|-singleturn|p2a: Skarmory|move: Roost
|
|upkeep
|turn|9
|
|t:|1760450169
|switch|p2a: Fezandipiti|Fezandipiti, M|86/100
|-damage|p2a: Fezandipiti|73/100|[from] Stealth Rock
|move|p1a: Iron Valiant|Encore||[still]
|-fail|p1a: Iron Valiant
|
|-heal|p2a: Fezandipiti|79/100|[from] item: Leftovers
|upkeep
|turn|10
|
|t:|1760450178
|-end|p1a: Iron Valiant|Quark Drive|[silent]
|switch|p1a: Pecharunt|Pecharunt|100/100
|move|p2a: Fezandipiti|Gunk Shot|p1a: Pecharunt
|-resisted|p1a: Pecharunt
|-damage|p1a: Pecharunt|94/100
|
|-heal|p2a: Fezandipiti|85/100|[from] item: Leftovers
|-heal|p1a: Pecharunt|99/100|[from] item: Leftovers
|upkeep
|turn|11
|
|t:|1760450187
|switch|p2a: Iron Treads|Iron Treads|100/100
|-damage|p2a: Iron Treads|97/100|[from] Stealth Rock
|move|p1a: Pecharunt|Parting Shot|p2a: Iron Treads
|-unboost|p2a: Iron Treads|atk|1
|-unboost|p2a: Iron Treads|spa|1
|
|t:|1760450192
|switch|p1a: Iron Valiant|Iron Valiant|100/100|[from] Parting Shot
|
|-heal|p2a: Iron Treads|100/100|[from] item: Leftovers
|upkeep
|turn|12
|
|t:|1760450200
|-end|p2a: Iron Treads|Quark Drive|[silent]
|switch|p2a: Skarmory|Skarmory, M|88/100
|-damage|p2a: Skarmory|76/100|[from] Stealth Rock
|move|p1a: Iron Valiant|Knock Off|p2a: Skarmory
|-damage|p2a: Skarmory|56/100
|-damage|p1a: Iron Valiant|84/100|[from] item: Rocky Helmet|[of] p2a: Skarmory
|-enditem|p2a: Skarmory|Rocky Helmet|[from] move: Knock Off|[of] p1a: Iron Valiant
|
|upkeep
|turn|13
|l|☆kinsword
|inactive|kinsword disconnected and has a minute to reconnect!
|player|p2|
|inactive|kinsword has 30 seconds to reconnect!
|inactive|kinsword has 20 seconds to reconnect!
|inactive|kinsword has 15 seconds to reconnect!
|inactive|kinsword has 10 seconds to reconnect!
|inactive|kinsword has 5 seconds to reconnect!
|-message|kinsword lost due to inactivity.
|
|win|KinglerCookie
|raw|KinglerCookie's rating: 1424 &rarr; <strong>1447</strong><br />(+23 for winning)
|raw|kinsword's rating: 1470 &rarr; <strong>1447</strong><br />(-23 for losing)
