|j|☆tcloud
|j|☆roommate108
|t:|1760451949
|gametype|singles
|player|p1|tcloud|fisherman-gen4|1511
|player|p2|roommate108|2|1511
|gen|9
|tier|[Gen 9] OU
|rated|
|rule|HP Percentage Mod: HP is shown in percentages
|rule|Endless Battle Clause: Forcing endless battles is banned
|rule|Species Clause: Limit one of each Pokémon
|rule|OHKO Clause: OHKO moves are banned
|rule|Evasion Items Clause: Evasion items are banned
|rule|Evasion Moves Clause: Evasion moves are banned
|rule|Evasion Abilities Clause: Evasion abilities are banned
|rule|Sleep Moves Clause: Sleep-inducing moves are banned
|clearpoke
|poke|p1|Kingambit, F|
|poke|p1|Grimmsnarl, M|
|poke|p1|Slowbro-Galar, M|
|poke|p1|Hatterene, F|
|poke|p1|Enamorus-Therian, F|
|poke|p1|Ursaluna, M|
|poke|p2|Charizard, F|
|poke|p2|Torkoal, M|
|poke|p2|Walking Wake|
|poke|p2|Raging Bolt|
|poke|p2|Hatterene, F|
|poke|p2|Leavanny, M|
|teampreview
|inactive|Battle timer is ON: inactive players will automatically lose when time's up. (requested by roommate108)
|
|t:|1760451962
|teamsize|p1|6
|teamsize|p2|6
|start
|switch|p1a: Krampus|Grimmsnarl, M|100/100
|switch|p2a: Torkoal|Torkoal, M|100/100
|-weather|SunnyDay|[from] ability: Drought|[of] p2a: Torkoal
|turn|1
|
|t:|1760451973
|move|p1a: Krampus|Taunt|p2a: Torkoal
|-start|p2a: Torkoal|move: Taunt
|move|p2a: Torkoal|Body Press|p1a: Krampus
|-damage|p1a: Krampus|76/100
|
|-weather|SunnyDay|[upkeep]
|upkeep
|turn|2
|
|t:|1760451983
|switch|p2a: Charizard|Charizard, F|100/100
|move|p1a: Krampus|Reflect|p1a: Krampus
|-sidestart|p1: tcloud|Reflect
|
|-weather|SunnyDay|[upkeep]
|-damage|p2a: Charizard|88/100|[from] ability: Solar Power|[of] p2a: Charizard
|upkeep
|turn|3
|
|t:|1760451986
|move|p1a: Krampus|Light Screen|p1a: Krampus
|-sidestart|p1: tcloud|move: Light Screen
|move|p2a: Charizard|Weather Ball|p1a: Krampus
|-damage|p1a: Krampus|0 fnt
|faint|p1a: Krampus
|
|-weather|SunnyDay|[upkeep]
|-damage|p2a: Charizard|76/100|[from] ability: Solar Power|[of] p2a: Charizard
|upkeep
|
|t:|1760451993
|switch|p1a: Beary Allen|Ursaluna, M|100/100
|turn|4
|
|t:|1760451996
|move|p2a: Charizard|Weather Ball|p1a: Beary Allen
|-damage|p1a: Beary Allen|36/100
|move|p1a: Beary Allen|Body Slam|p2a: Charizard
|-damage|p2a: Charizard|0 fnt
|faint|p2a: Charizard
|
|-weather|SunnyDay|[upkeep]
|upkeep
|
|t:|1760451999
|switch|p2a: Walking Wake|Walking Wake|100/100
|-activate|p2a: Walking Wake|ability: Protosynthesis
|-start|p2a: Walking Wake|protosynthesisspe
|turn|5
|-activate|p1a: Beary Allen|item: Quick Claw
|
|t:|1760452002
|move|p1a: Beary Allen|Swords Dance|p1a: Beary Allen
|-boost|p1a: Beary Allen|atk|2
|move|p2a: Walking Wake|Hydro Steam|p1a: Beary Allen
|-supereffective|p1a: Beary Allen
|-damage|p1a: Beary Allen|0 fnt
|faint|p1a: Beary Allen
|
|-weather|SunnyDay|[upkeep]
|upkeep
|
|t:|1760452005
|switch|p1a: Would|Enamorus-Therian, F|100/100
|turn|6
|
|t:|1760452007
|-terastallize|p2a: Walking Wake|Water
|move|p2a: Walking Wake|Hydro Steam|p1a: Would
|-crit|p1a: Would
|-damage|p1a: Would|0 fnt
|faint|p1a: Would
|
|-weather|SunnyDay|[upkeep]
|upkeep
|
|t:|1760452012
|switch|p1a: Mr. Hands|Slowbro-Galar, M|100/100
|turn|7
|
|t:|1760452016
|move|p2a: Walking Wake|Hydro Steam|p1a: Mr. Hands
|-damage|p1a: Mr. Hands|19/100
|move|p1a: Mr. Hands|Shell Side Arm|p2a: Walking Wake|[anim] Shell Side Arm Physical
|-damage|p2a: Walking Wake|51/100
|-hint|Physical Shell Side Arm
|
|-weather|SunnyDay|[upkeep]
|upkeep
|turn|8
|-activate|p1a: Mr. Hands|ability: Quick Draw
|
|t:|1760452019
|move|p1a: Mr. Hands|Shell Side Arm|p2a: Walking Wake|[anim] Shell Side Arm Physical
|-damage|p2a: Walking Wake|2/100
|-hint|Physical Shell Side Arm
|move|p2a: Walking Wake|Hydro Steam|p1a: Mr. Hands
|-damage|p1a: Mr. Hands|0 fnt
|faint|p1a: Mr. Hands
|
|-weather|none
|-end|p2a: Walking Wake|Protosynthesis
|upkeep
|
|t:|1760452034
|switch|p1a: Fake King|Kingambit, F|100/100
|-activate|p1a: Fake King|ability: Supreme Overlord
|-start|p1a: Fake King|fallen4|[silent]
|turn|9
|
|t:|1760452040
|move|p1a: Fake King|Sucker Punch|p2a: Walking Wake
|-damage|p2a: Walking Wake|0 fnt
|faint|p2a: Walking Wake
|-end|p2a: Walking Wake|Protosynthesis|[silent]
|
|-sideend|p1: tcloud|Reflect
|upkeep
|
|t:|1760452042
|switch|p2a: Torkoal|Torkoal, M|100/100
|-weather|SunnyDay|[from] ability: Drought|[of] p2a: Torkoal
|turn|10
|
|t:|1760452046
|-end|p1a: Fake King|fallen4|[silent]
|switch|p1a: Coat Rack|Hatterene, F|100/100
|move|p2a: Torkoal|Body Press|p1a: Coat Rack
|-resisted|p1a: Coat Rack
|-damage|p1a: Coat Rack|94/100
|
|-weather|SunnyDay|[upkeep]
|-sideend|p1: tcloud|move: Light Screen
|upkeep
|turn|11
|
|t:|1760452050
|switch|p2a: Hatterene|Hatterene, F|100/100
|move|p1a: Coat Rack|Calm Mind|p1a: Coat Rack
|-boost|p1a: Coat Rack|spa|1
|-boost|p1a: Coat Rack|spd|1
|
|-weather|SunnyDay|[upkeep]
|upkeep
|turn|12
|
|t:|1760452053
|move|p1a: Coat Rack|Calm Mind|p1a: Coat Rack
|-boost|p1a: Coat Rack|spa|1
|-boost|p1a: Coat Rack|spd|1
|move|p2a: Hatterene|Nuzzle|p1a: Coat Rack
|-damage|p1a: Coat Rack|89/100
|-status|p1a: Coat Rack|par
|
|-weather|SunnyDay|[upkeep]
|upkeep
|turn|13
|
|t:|1760452059
|move|p2a: Hatterene|Healing Wish|p2a: Hatterene
|faint|p2a: Hatterene
|move|p1a: Coat Rack|Calm Mind|p1a: Coat Rack
|-boost|p1a: Coat Rack|spa|1
|-boost|p1a: Coat Rack|spd|1
|
|-weather|SunnyDay|[upkeep]
|upkeep
|
|t:|1760452061
|switch|p2a: Raging Bolt|Raging Bolt|100/100
|-activate|p2a: Raging Bolt|ability: Protosynthesis
|-start|p2a: Raging Bolt|protosynthesisspa
|turn|14
|
|t:|1760452065
|move|p2a: Raging Bolt|Thunderbolt|p1a: Coat Rack
|-damage|p1a: Coat Rack|51/100 par
|-damage|p2a: Raging Bolt|91/100|[from] item: Life Orb
|move|p1a: Coat Rack|Draining Kiss|p2a: Raging Bolt
|-supereffective|p2a: Raging Bolt
|-damage|p2a: Raging Bolt|0 fnt
|-heal|p1a: Coat Rack|100/100 par|[from] drain|[of] p2a: Raging Bolt
|faint|p2a: Raging Bolt
|-end|p2a: Raging Bolt|Protosynthesis|[silent]
|
|-weather|SunnyDay|[upkeep]
|upkeep
|-message|roommate108 forfeited.
|
|win|tcloud
|raw|tcloud's rating: 1511 &rarr; <strong>1531</strong><br />(+20 for winning)
|raw|roommate108's rating: 1511 &rarr; <strong>1491</strong><br />(-20 for losing)
|l|☆roommate108
|player|p2|
|l|☆tcloud
|player|p1|
