|j|☆mach95a113
|j|☆thankyoumytwilight
|t:|1760331743
|gametype|singles
|player|p1|mach95a113|gardenia|1132
|player|p2|thankyoumytwilight|will|1135
|gen|9
|tier|[Gen 9] OU
|rated|
|rule|HP Percentage Mod: HP is shown in percentages
|rule|Endless Battle Clause: Forcing endless battles is banned
|rule|Species Clause: Limit one of each Pokémon
|rule|OHKO Clause: OHKO moves are banned
|rule|Evasion Items Clause: Evasion items are banned
|rule|Evasion Moves Clause: Evasion moves are banned
|rule|Evasion Abilities Clause: Evasion abilities are banned
|rule|Sleep Moves Clause: Sleep-inducing moves are banned
|clearpoke
|poke|p1|Serperior, F|
|poke|p1|Hoopa-Unbound|
|poke|p1|Grimmsnarl, M|
|poke|p1|Great Tusk|
|poke|p1|Glimmora, F|
|poke|p1|Blaziken, M|
|poke|p2|Gliscor, M|
|poke|p2|Alomomola, F|
|poke|p2|Pecharunt|
|poke|p2|Great Tusk|
|poke|p2|Weavile, F|
|poke|p2|Iron Crown|
|teampreview
|inactive|Battle timer is ON: inactive players will automatically lose when time's up. (requested by thankyoumytwilight)
|c|☆mach95a113|Good luck!
|c|☆thankyoumytwilight|glhf
|
|t:|1760331764
|teamsize|p1|6
|teamsize|p2|6
|start
|switch|p1a: Hoopa|Hoopa-Unbound|100/100
|switch|p2a: Gliscor|Gliscor, M|100/100
|turn|1
|
|t:|1760331770
|switch|p2a: Alomomola|Alomomola, F|100/100
|move|p1a: Hoopa|Hyperspace Fury|p2a: Alomomola
|-damage|p2a: Alomomola|33/100
|-unboost|p1a: Hoopa|def|1
|
|upkeep
|turn|2
|inactive|thankyoumytwilight has 120 seconds left.
|
|t:|1760331813
|switch|p2a: Gliscor|Gliscor, M|100/100
|move|p1a: Hoopa|Hyperspace Fury|p2a: Gliscor
|-damage|p2a: Gliscor|47/100
|-unboost|p1a: Hoopa|def|1
|
|-status|p2a: Gliscor|tox|[from] item: Toxic Orb
|upkeep
|turn|3
|
|t:|1760331823
|switch|p1a: Glimmora|Glimmora, F|100/100
|move|p2a: Gliscor|Protect||[still]
|-fail|p2a: Gliscor
|
|-heal|p2a: Gliscor|59/100 tox|[from] ability: Poison Heal
|upkeep
|turn|4
|inactive|thankyoumytwilight has 120 seconds left.
|
|t:|1760331838
|move|p1a: Glimmora|Spikes|p2a: Gliscor
|-sidestart|p2: thankyoumytwilight|Spikes
|move|p2a: Gliscor|Earthquake|p1a: Glimmora
|-supereffective|p1a: Glimmora
|-enditem|p1a: Glimmora|Focus Sash
|-damage|p1a: Glimmora|1/100
|-activate|p1a: Glimmora|ability: Toxic Debris
|-sidestart|p2: thankyoumytwilight|move: Toxic Spikes
|
|-heal|p2a: Gliscor|72/100 tox|[from] ability: Poison Heal
|upkeep
|turn|5
|
|t:|1760331847
|move|p1a: Glimmora|Stealth Rock|p2a: Gliscor
|-sidestart|p2: thankyoumytwilight|move: Stealth Rock
|move|p2a: Gliscor|Earthquake|p1a: Glimmora
|-supereffective|p1a: Glimmora
|-damage|p1a: Glimmora|0 fnt
|-activate|p1a: Glimmora|ability: Toxic Debris
|-sidestart|p2: thankyoumytwilight|move: Toxic Spikes
|faint|p1a: Glimmora
|
|-heal|p2a: Gliscor|84/100 tox|[from] ability: Poison Heal
|upkeep
|
|t:|1760331861
|switch|p1a: Blaziken|Blaziken, M|100/100
|turn|6
|
|t:|1760331865
|switch|p2a: Pecharunt|Pecharunt|100/100
|-sideend|p2: thankyoumytwilight|move: Toxic Spikes|[of] p2a: Pecharunt
|move|p1a: Blaziken|Protect||[still]
|-fail|p1a: Blaziken
|
|-ability|p1a: Blaziken|Speed Boost|boost
|-boost|p1a: Blaziken|spe|1
|upkeep
|turn|7
|
|t:|1760331876
|move|p1a: Blaziken|Substitute|p1a: Blaziken
|-start|p1a: Blaziken|Substitute
|-damage|p1a: Blaziken|76/100
|move|p2a: Pecharunt|Malignant Chain|p1a: Blaziken
|-end|p1a: Blaziken|Substitute
|
|-heal|p1a: Blaziken|82/100|[from] item: Leftovers
|-ability|p1a: Blaziken|Speed Boost|boost
|-boost|p1a: Blaziken|spe|1
|upkeep
|turn|8
|
|t:|1760331884
|move|p1a: Blaziken|Protect|p1a: Blaziken
|-singleturn|p1a: Blaziken|Protect
|move|p2a: Pecharunt|Parting Shot|p1a: Blaziken
|-activate|p1a: Blaziken|move: Protect
|
|-heal|p1a: Blaziken|88/100|[from] item: Leftovers
|-ability|p1a: Blaziken|Speed Boost|boost
|-boost|p1a: Blaziken|spe|1
|upkeep
|turn|9
|
|t:|1760331892
|move|p1a: Blaziken|Substitute|p1a: Blaziken
|-start|p1a: Blaziken|Substitute
|-damage|p1a: Blaziken|63/100
|move|p2a: Pecharunt|Parting Shot|p1a: Blaziken
|-unboost|p1a: Blaziken|atk|1
|-unboost|p1a: Blaziken|spa|1
|
|t:|1760331909
|switch|p2a: Gliscor|Gliscor, M|84/100 tox|[from] Parting Shot
|-damage|p2a: Gliscor|72/100 tox|[from] Stealth Rock
|
|-heal|p1a: Blaziken|69/100|[from] item: Leftovers
|-heal|p2a: Gliscor|84/100 tox|[from] ability: Poison Heal
|-ability|p1a: Blaziken|Speed Boost|boost
|-boost|p1a: Blaziken|spe|1
|upkeep
|turn|10
|
|t:|1760331920
|move|p1a: Blaziken|Swords Dance|p1a: Blaziken
|-boost|p1a: Blaziken|atk|2
|move|p2a: Gliscor|Earthquake|p1a: Blaziken
|-supereffective|p1a: Blaziken
|-end|p1a: Blaziken|Substitute
|
|-heal|p1a: Blaziken|75/100|[from] item: Leftovers
|-heal|p2a: Gliscor|97/100 tox|[from] ability: Poison Heal
|-ability|p1a: Blaziken|Speed Boost|boost
|-boost|p1a: Blaziken|spe|1
|upkeep
|turn|11
|
|t:|1760331936
|-terastallize|p1a: Blaziken|Flying
|move|p1a: Blaziken|Swords Dance|p1a: Blaziken
|-boost|p1a: Blaziken|atk|2
|move|p2a: Gliscor|Earthquake|p1a: Blaziken
|-immune|p1a: Blaziken
|
|-heal|p1a: Blaziken|81/100|[from] item: Leftovers
|-heal|p2a: Gliscor|100/100 tox|[from] ability: Poison Heal
|-ability|p1a: Blaziken|Speed Boost|boost
|-boost|p1a: Blaziken|spe|1
|upkeep
|turn|12
|
|t:|1760331942
|move|p1a: Blaziken|Substitute|p1a: Blaziken
|-start|p1a: Blaziken|Substitute
|-damage|p1a: Blaziken|56/100
|move|p2a: Gliscor|Toxic||[still]
|-fail|p2a: Gliscor
|
|-heal|p1a: Blaziken|62/100|[from] item: Leftovers
|upkeep
|turn|13
|
|t:|1760331954
|switch|p2a: Pecharunt|Pecharunt|100/100
|move|p1a: Blaziken|Swords Dance|p1a: Blaziken
|-boost|p1a: Blaziken|atk|2
|
|-heal|p1a: Blaziken|68/100|[from] item: Leftovers
|upkeep
|turn|14
|-message|thankyoumytwilight forfeited.
|
|win|mach95a113
|raw|mach95a113's rating: 1132 &rarr; <strong>1157</strong><br />(+25 for winning)
|raw|thankyoumytwilight's rating: 1135 &rarr; <strong>1110</strong><br />(-25 for losing)
|l|☆thankyoumytwilight
|player|p2|
