|j|☆ojimatias
|j|☆Doomingo
|t:|1760459668
|gametype|singles
|player|p1|ojimatias|266|1312
|player|p2|Doomingo|170|1262
|gen|9
|tier|[Gen 9] OU
|rated|
|rule|HP Percentage Mod: HP is shown in percentages
|rule|Endless Battle Clause: Forcing endless battles is banned
|rule|Species Clause: Limit one of each Pokémon
|rule|OHKO Clause: OHKO moves are banned
|rule|Evasion Items Clause: Evasion items are banned
|rule|Evasion Moves Clause: Evasion moves are banned
|rule|Evasion Abilities Clause: Evasion abilities are banned
|rule|Sleep Moves Clause: Sleep-inducing moves are banned
|clearpoke
|poke|p1|Slowking-Galar, F|
|poke|p1|Kyurem|
|poke|p1|Gliscor, M|
|poke|p1|Great Tusk|
|poke|p1|Tornadus-Therian, M|
|poke|p1|Clefable, M|
|poke|p2|Tyranitar, F|
|poke|p2|Sinistcha|
|poke|p2|Comfey, F|
|poke|p2|Bellibolt, M|
|poke|p2|Mamoswine, F|
|poke|p2|Scizor, M|
|teampreview
|inactive|Battle timer is ON: inactive players will automatically lose when time's up. (requested by Doomingo)
|
|t:|1760459688
|teamsize|p1|6
|teamsize|p2|6
|start
|switch|p1a: Clefable|Clefable, M|100/100
|switch|p2a: Mr. Big|Tyranitar, F|100/100
|-weather|Sandstorm|[from] ability: Sand Stream|[of] p2a: Mr. Big
|turn|1
|
|t:|1760459692
|move|p2a: Mr. Big|Knock Off|p1a: Clefable
|-resisted|p1a: Clefable
|-damage|p1a: Clefable|77/100
|-enditem|p1a: Clefable|Leftovers|[from] move: Knock Off|[of] p2a: Mr. Big
|move|p1a: Clefable|Knock Off|p2a: Mr. Big
|-resisted|p2a: Mr. Big
|-damage|p2a: Mr. Big|94/100
|-enditem|p2a: Mr. Big|Assault Vest|[from] move: Knock Off|[of] p1a: Clefable
|
|-weather|Sandstorm|[upkeep]
|upkeep
|turn|2
|
|t:|1760459700
|move|p2a: Mr. Big|Ancient Power|p1a: Clefable
|-damage|p1a: Clefable|60/100
|move|p1a: Clefable|Stealth Rock|p2a: Mr. Big
|-sidestart|p2: Doomingo|move: Stealth Rock
|
|-weather|Sandstorm|[upkeep]
|upkeep
|turn|3
|
|t:|1760459713
|move|p2a: Mr. Big|Ancient Power|p1a: Clefable
|-damage|p1a: Clefable|44/100
|move|p1a: Clefable|Moonblast|p2a: Mr. Big
|-supereffective|p2a: Mr. Big
|-damage|p2a: Mr. Big|61/100
|
|-weather|Sandstorm|[upkeep]
|upkeep
|turn|4
|
|t:|1760459720
|move|p2a: Mr. Big|Ancient Power|p1a: Clefable
|-damage|p1a: Clefable|26/100
|move|p1a: Clefable|Moonblast|p2a: Mr. Big
|-supereffective|p2a: Mr. Big
|-damage|p2a: Mr. Big|26/100
|
|-weather|Sandstorm|[upkeep]
|upkeep
|turn|5
|
|t:|1760459726
|move|p2a: Mr. Big|Ancient Power|p1a: Clefable
|-damage|p1a: Clefable|10/100
|move|p1a: Clefable|Moonblast|p2a: Mr. Big
|-supereffective|p2a: Mr. Big
|-damage|p2a: Mr. Big|0 fnt
|faint|p2a: Mr. Big
|
|-weather|none
|upkeep
|
|t:|1760459731
|switch|p2a: Mastodown!|Mamoswine, F, shiny|100/100
|-damage|p2a: Mastodown!|88/100|[from] Stealth Rock
|turn|6
|
|t:|1760459735
|move|p2a: Mastodown!|Trailblaze|p1a: Clefable
|-crit|p1a: Clefable
|-damage|p1a: Clefable|0 fnt
|-boost|p2a: Mastodown!|spe|1
|faint|p1a: Clefable
|
|upkeep
|
|t:|1760459748
|switch|p1a: Great Tusk|Great Tusk|100/100
|turn|7
|
|t:|1760459754
|move|p2a: Mastodown!|Icicle Crash|p1a: Great Tusk|[miss]
|-miss|p2a: Mastodown!|p1a: Great Tusk
|move|p1a: Great Tusk|Close Combat|p2a: Mastodown!
|-supereffective|p2a: Mastodown!
|-damage|p2a: Mastodown!|0 fnt
|-unboost|p1a: Great Tusk|def|1
|-unboost|p1a: Great Tusk|spd|1
|faint|p2a: Mastodown!
|
|upkeep
|
|t:|1760459758
|switch|p2a: Charla|Sinistcha|100/100
|-damage|p2a: Charla|88/100|[from] Stealth Rock
|turn|8
|
|t:|1760459767
|-end|p1a: Great Tusk|Protosynthesis|[silent]
|switch|p1a: Gliscor|Gliscor, M|100/100
|move|p2a: Charla|Strength Sap|p1a: Gliscor
|-unboost|p1a: Gliscor|atk|1
|-heal|p2a: Charla|100/100
|
|-status|p1a: Gliscor|tox|[from] item: Toxic Orb
|upkeep
|turn|9
|
|t:|1760459778
|switch|p1a: Tornadus|Tornadus-Therian, M|100/100
|move|p2a: Charla|Calm Mind|p2a: Charla
|-boost|p2a: Charla|spa|1
|-boost|p2a: Charla|spd|1
|
|upkeep
|turn|10
|
|t:|1760459782
|move|p1a: Tornadus|Knock Off|p2a: Charla
|-supereffective|p2a: Charla
|-damage|p2a: Charla|62/100
|-enditem|p2a: Charla|Big Root|[from] move: Knock Off|[of] p1a: Tornadus
|move|p2a: Charla|Calm Mind|p2a: Charla
|-boost|p2a: Charla|spa|1
|-boost|p2a: Charla|spd|1
|
|upkeep
|turn|11
|
|t:|1760459788
|move|p1a: Tornadus|U-turn|p2a: Charla
|-crit|p2a: Charla
|-damage|p2a: Charla|41/100
|
|t:|1760459796
|switch|p1a: Kyurem|Kyurem|100/100|[from] U-turn
|-ability|p1a: Kyurem|Pressure
|move|p2a: Charla|Strength Sap|p1a: Kyurem
|-unboost|p1a: Kyurem|atk|1
|-heal|p2a: Charla|100/100
|
|upkeep
|turn|12
|
|t:|1760459801
|move|p1a: Kyurem|Ice Beam|p2a: Charla
|-supereffective|p2a: Charla
|-damage|p2a: Charla|43/100
|move|p2a: Charla|Shadow Ball|p1a: Kyurem
|-damage|p1a: Kyurem|27/100
|
|upkeep
|turn|13
|
|t:|1760459811
|switch|p2a: Buzz|Scizor, M|100/100
|-damage|p2a: Buzz|88/100|[from] Stealth Rock
|move|p1a: Kyurem|Ice Beam|p2a: Buzz
|-resisted|p2a: Buzz
|-damage|p2a: Buzz|69/100
|
|-heal|p2a: Buzz|75/100|[from] item: Leftovers
|upkeep
|turn|14
|
|t:|1760459820
|switch|p1a: Tornadus|Tornadus-Therian, M|100/100
|move|p2a: Buzz|Defog|p1a: Tornadus
|-unboost|p1a: Tornadus|evasion|1
|-sideend|p2: Doomingo|Stealth Rock|[from] move: Defog|[of] p2a: Buzz
|
|-heal|p2a: Buzz|82/100|[from] item: Leftovers
|upkeep
|turn|15
|
|t:|1760459826
|move|p1a: Tornadus|Heat Wave|p2a: Buzz
|-supereffective|p2a: Buzz
|-damage|p2a: Buzz|3/100
|move|p2a: Buzz|Tailwind|p2a: Buzz
|-sidestart|p2: Doomingo|move: Tailwind
|
|-heal|p2a: Buzz|9/100|[from] item: Leftovers
|upkeep
|turn|16
|
|t:|1760459838
|move|p2a: Buzz|U-turn|p1a: Tornadus
|-resisted|p1a: Tornadus
|-damage|p1a: Tornadus|84/100
|
|t:|1760459840
|switch|p2a: Glut|Bellibolt, M|100/100|[from] U-turn
|move|p1a: Tornadus|Knock Off|p2a: Glut
|-damage|p2a: Glut|82/100
|-start|p2a: Glut|Charge|Knock Off|[from] ability: Electromorphosis
|-enditem|p2a: Glut|Shuca Berry|[from] move: Knock Off|[of] p1a: Tornadus
|
|upkeep
|turn|17
|
|t:|1760459849
|switch|p1a: Slowking|Slowking-Galar, F|100/100
|move|p2a: Glut|Soak|p1a: Slowking
|-start|p1a: Slowking|typechange|Water
|
|upkeep
|turn|18
|
|t:|1760459857
|switch|p1a: Tornadus|Tornadus-Therian, M|100/100
|move|p2a: Glut|Toxic|p1a: Tornadus
|-status|p1a: Tornadus|tox
|
|-damage|p1a: Tornadus|94/100 tox|[from] psn
|-sideend|p2: Doomingo|move: Tailwind
|upkeep
|turn|19
|
|t:|1760459862
|move|p1a: Tornadus|U-turn|p2a: Glut
|-damage|p2a: Glut|70/100
|-start|p2a: Glut|Charge|U-turn|[from] ability: Electromorphosis
|
|t:|1760459865
|switch|p1a: Gliscor|Gliscor, M|100/100 tox|[from] U-turn
|move|p2a: Glut|Soak|p1a: Gliscor
|-start|p1a: Gliscor|typechange|Water
|
|upkeep
|turn|20
|
|t:|1760459868
|move|p1a: Gliscor|Earthquake|p2a: Glut
|-supereffective|p2a: Glut
|-damage|p2a: Glut|16/100
|-start|p2a: Glut|Charge|Earthquake|[from] ability: Electromorphosis
|move|p2a: Glut|Parabolic Charge|p1a: Gliscor
|-supereffective|p1a: Gliscor
|-damage|p1a: Gliscor|0 fnt
|-heal|p2a: Glut|52/100|[from] drain|[of] p1a: Gliscor
|faint|p1a: Gliscor
|-end|p2a: Glut|Charge|[silent]
|
|upkeep
|
|t:|1760459872
|switch|p1a: Great Tusk|Great Tusk|100/100
|turn|21
|
|t:|1760459880
|move|p1a: Great Tusk|Earthquake|p2a: Glut
|-supereffective|p2a: Glut
|-damage|p2a: Glut|0 fnt
|faint|p2a: Glut
|
|upkeep
|
|t:|1760459882
|switch|p2a: Ring A Round|Comfey, F|100/100
|turn|22
|
|t:|1760459885
|-end|p1a: Great Tusk|Protosynthesis|[silent]
|switch|p1a: Slowking|Slowking-Galar, F|100/100
|move|p2a: Ring A Round|Calm Mind|p2a: Ring A Round
|-boost|p2a: Ring A Round|spa|1
|-boost|p2a: Ring A Round|spd|1
|
|upkeep
|turn|23
|
|t:|1760459890
|move|p2a: Ring A Round|Calm Mind|p2a: Ring A Round
|-boost|p2a: Ring A Round|spa|1
|-boost|p2a: Ring A Round|spd|1
|move|p1a: Slowking|Sludge Bomb|p2a: Ring A Round
|-supereffective|p2a: Ring A Round
|-damage|p2a: Ring A Round|57/100
|
|upkeep
|turn|24
|
|t:|1760459894
|-terastallize|p2a: Ring A Round|Steel
|move|p2a: Ring A Round|Calm Mind|p2a: Ring A Round
|-boost|p2a: Ring A Round|spa|1
|-boost|p2a: Ring A Round|spd|1
|move|p1a: Slowking|Sludge Bomb|p2a: Ring A Round
|-immune|p2a: Ring A Round
|
|upkeep
|turn|25
|
|t:|1760459899
|move|p2a: Ring A Round|Calm Mind|p2a: Ring A Round
|-boost|p2a: Ring A Round|spa|1
|-boost|p2a: Ring A Round|spd|1
|-prepare|p1a: Slowking|Chilly Reception|[premajor]
|move|p1a: Slowking|Chilly Reception|p1a: Slowking
|-weather|Snowscape
|
|t:|1760459903
|switch|p1a: Tornadus|Tornadus-Therian, M|100/100 tox|[from] Chilly Reception
|
|-weather|Snowscape|[upkeep]
|-damage|p1a: Tornadus|94/100 tox|[from] psn
|upkeep
|turn|26
|
|t:|1760459907
|move|p2a: Ring A Round|Draining Kiss|p1a: Tornadus
|-damage|p1a: Tornadus|63/100 tox
|-heal|p2a: Ring A Round|85/100|[from] drain|[of] p1a: Tornadus
|move|p1a: Tornadus|Heat Wave|p2a: Ring A Round
|-supereffective|p2a: Ring A Round
|-damage|p2a: Ring A Round|68/100
|
|-weather|Snowscape|[upkeep]
|-damage|p1a: Tornadus|51/100 tox|[from] psn
|upkeep
|turn|27
|
|t:|1760459911
|move|p1a: Tornadus|Knock Off|p2a: Ring A Round
|-damage|p2a: Ring A Round|42/100
|-enditem|p2a: Ring A Round|Kee Berry|[from] move: Knock Off|[of] p1a: Tornadus
|move|p2a: Ring A Round|Calm Mind|p2a: Ring A Round
|-boost|p2a: Ring A Round|spa|1
|-boost|p2a: Ring A Round|spd|1
|
|-weather|Snowscape|[upkeep]
|-damage|p1a: Tornadus|33/100 tox|[from] psn
|upkeep
|turn|28
|
|t:|1760459916
|move|p2a: Ring A Round|Draining Kiss|p1a: Tornadus
|-crit|p1a: Tornadus
|-damage|p1a: Tornadus|0 fnt
|-heal|p2a: Ring A Round|71/100|[from] drain|[of] p1a: Tornadus
|faint|p1a: Tornadus
|
|-weather|Snowscape|[upkeep]
|upkeep
|
|t:|1760459922
|switch|p1a: Slowking|Slowking-Galar, F|100/100
|turn|29
|-message|ojimatias forfeited.
|
|win|Doomingo
|raw|ojimatias's rating: 1312 &rarr; <strong>1289</strong><br />(-23 for losing)
|raw|Doomingo's rating: 1262 &rarr; <strong>1291</strong><br />(+29 for winning)
|l|☆ojimatias
|player|p1|
|l|☆Doomingo
|player|p2|
