|j|☆Cinder D Ace
|j|☆Potential Man
|t:|1760314006
|gametype|singles
|player|p1|Cinder D Ace|parasollady|1574
|player|p2|Potential Man|brock-gen2|1527
|gen|9
|tier|[Gen 9] OU
|rated|
|rule|HP Percentage Mod: HP is shown in percentages
|rule|Endless Battle Clause: Forcing endless battles is banned
|rule|Species Clause: Limit one of each Pokémon
|rule|OHKO Clause: OHKO moves are banned
|rule|Evasion Items Clause: Evasion items are banned
|rule|Evasion Moves Clause: Evasion moves are banned
|rule|Evasion Abilities Clause: Evasion abilities are banned
|rule|Sleep Moves Clause: Sleep-inducing moves are banned
|clearpoke
|poke|p1|Cinderace, F|
|poke|p1|Iron Valiant|
|poke|p1|Kingambit, M|
|poke|p1|Slowking-Galar, M|
|poke|p1|Alomomola, F|
|poke|p1|Landorus-Therian, M|
|poke|p2|Toxtricity, F|
|poke|p2|Landorus-Therian, M|
|poke|p2|Kingambit, M|
|poke|p2|Dragonite, F|
|poke|p2|Primarina, M|
|poke|p2|Iron Treads|
|teampreview
|inactive|Battle timer is ON: inactive players will automatically lose when time's up. (requested by Cinder D Ace)
|
|t:|1760314015
|teamsize|p1|6
|teamsize|p2|6
|start
|switch|p1a: Alomomola|Alomomola, F|100/100
|switch|p2a: Primarina|Primarina, M|100/100
|turn|1
|
|t:|1760314019
|move|p2a: Primarina|Moonblast|p1a: Alomomola
|-damage|p1a: Alomomola|36/100
|move|p1a: Alomomola|Flip Turn|p2a: Primarina
|-resisted|p2a: Primarina
|-damage|p2a: Primarina|91/100
|
|t:|1760314022
|switch|p1a: Slowking|Slowking-Galar, M|100/100|[from] Flip Turn
|
|upkeep
|turn|2
|
|t:|1760314027
|switch|p1a: Alomomola|Alomomola, F|70/100
|move|p2a: Primarina|Surf|p1a: Alomomola
|-resisted|p1a: Alomomola
|-damage|p1a: Alomomola|42/100
|
|upkeep
|turn|3
|
|t:|1760314032
|switch|p1a: Slowking|Slowking-Galar, M|100/100
|move|p2a: Primarina|Flip Turn|p1a: Slowking
|-damage|p1a: Slowking|85/100
|
|t:|1760314035
|switch|p2a: Kingambit|Kingambit, M|100/100|[from] Flip Turn
|
|upkeep
|turn|4
|
|t:|1760314039
|switch|p1a: Alomomola|Alomomola, F|75/100
|move|p2a: Kingambit|Kowtow Cleave|p1a: Alomomola
|-damage|p1a: Alomomola|43/100
|
|upkeep
|turn|5
|
|t:|1760314043
|move|p1a: Alomomola|Flip Turn|p2a: Kingambit
|-damage|p2a: Kingambit|90/100
|
|t:|1760314046
|switch|p1a: Iron Valiant|Iron Valiant|100/100|[from] Flip Turn
|move|p2a: Kingambit|Swords Dance|p2a: Kingambit
|-boost|p2a: Kingambit|atk|2
|
|upkeep
|turn|6
|
|t:|1760314051
|-end|p1a: Iron Valiant|Quark Drive|[silent]
|switch|p1a: Landorus|Landorus-Therian, M|100/100
|-ability|p1a: Landorus|Intimidate|boost
|-unboost|p2a: Kingambit|atk|1
|move|p2a: Kingambit|Sucker Punch||[still]
|-fail|p2a: Kingambit
|
|upkeep
|turn|7
|
|t:|1760314055
|move|p1a: Landorus|Earthquake|p2a: Kingambit
|-supereffective|p2a: Kingambit
|-damage|p2a: Kingambit|4/100
|move|p2a: Kingambit|Kowtow Cleave|p1a: Landorus
|-damage|p1a: Landorus|0 fnt
|faint|p1a: Landorus
|
|upkeep
|
|t:|1760314061
|switch|p1a: Cinderace|Cinderace, F|100/100
|turn|8
|
|t:|1760314066
|move|p1a: Cinderace|Will-O-Wisp|p2a: Kingambit|[miss]
|-miss|p1a: Cinderace|p2a: Kingambit
|move|p2a: Kingambit|Kowtow Cleave|p1a: Cinderace
|-damage|p1a: Cinderace|0 fnt
|faint|p1a: Cinderace
|
|upkeep
|
|t:|1760314070
|switch|p1a: Alomomola|Alomomola, F|76/100
|turn|9
|
|t:|1760314078
|-end|p2a: Kingambit|fallenundefined|[silent]
|switch|p2a: Bad Amp|Toxtricity, F|100/100
|move|p1a: Alomomola|Flip Turn|p2a: Bad Amp
|-damage|p2a: Bad Amp|76/100
|
|t:|1760314082
|switch|p1a: Slowking|Slowking-Galar, M|100/100|[from] Flip Turn
|
|upkeep
|turn|10
|
|t:|1760314089
|move|p2a: Bad Amp|Volt Switch|p1a: Slowking
|-damage|p1a: Slowking|75/100
|
|t:|1760314091
|switch|p2a: Iron Treads|Iron Treads|100/100|[from] Volt Switch
|move|p1a: Slowking|Psyshock|p2a: Iron Treads
|-resisted|p2a: Iron Treads
|-damage|p2a: Iron Treads|85/100
|
|-heal|p2a: Iron Treads|91/100|[from] item: Leftovers
|upkeep
|turn|11
|
|t:|1760314095
|switch|p1a: Alomomola|Alomomola, F|100/100
|move|p2a: Iron Treads|Stealth Rock|p1a: Alomomola
|-sidestart|p1: Cinder D Ace|move: Stealth Rock
|
|-heal|p2a: Iron Treads|97/100|[from] item: Leftovers
|upkeep
|turn|12
|
|t:|1760314098
|move|p2a: Iron Treads|Knock Off|p1a: Alomomola
|-damage|p1a: Alomomola|83/100
|-enditem|p1a: Alomomola|Heavy-Duty Boots|[from] move: Knock Off|[of] p2a: Iron Treads
|move|p1a: Alomomola|Flip Turn|p2a: Iron Treads
|-supereffective|p2a: Iron Treads
|-damage|p2a: Iron Treads|68/100
|
|t:|1760314100
|switch|p1a: Iron Valiant|Iron Valiant|100/100|[from] Flip Turn
|-damage|p1a: Iron Valiant|94/100|[from] Stealth Rock
|
|-heal|p2a: Iron Treads|75/100|[from] item: Leftovers
|upkeep
|turn|13
|
|t:|1760314109
|-end|p2a: Iron Treads|Quark Drive|[silent]
|switch|p2a: Primarina|Primarina, M|91/100
|move|p1a: Iron Valiant|Close Combat|p2a: Primarina
|-resisted|p2a: Primarina
|-damage|p2a: Primarina|31/100
|-unboost|p1a: Iron Valiant|def|1
|-unboost|p1a: Iron Valiant|spd|1
|-damage|p1a: Iron Valiant|85/100|[from] item: Life Orb
|
|upkeep
|turn|14
|
|t:|1760314116
|move|p1a: Iron Valiant|Close Combat|p2a: Primarina
|-resisted|p2a: Primarina
|-damage|p2a: Primarina|0 fnt
|-unboost|p1a: Iron Valiant|def|1
|-unboost|p1a: Iron Valiant|spd|1
|faint|p2a: Primarina
|-damage|p1a: Iron Valiant|75/100|[from] item: Life Orb
|
|upkeep
|
|t:|1760314143
|switch|p2a: Landorus|Landorus-Therian, M|100/100
|-ability|p2a: Landorus|Intimidate|boost
|-unboost|p1a: Iron Valiant|atk|1
|turn|15
|
|t:|1760314151
|-end|p1a: Iron Valiant|Quark Drive|[silent]
|switch|p1a: Alomomola|Alomomola, F|100/100
|-damage|p1a: Alomomola|88/100|[from] Stealth Rock
|move|p2a: Landorus|U-turn|p1a: Alomomola
|-damage|p1a: Alomomola|75/100
|
|t:|1760314153
|switch|p2a: Bad Amp|Toxtricity, F|76/100|[from] U-turn
|
|upkeep
|turn|16
|
|t:|1760314159
|switch|p1a: Slowking|Slowking-Galar, M|100/100
|-damage|p1a: Slowking|88/100|[from] Stealth Rock
|-terastallize|p2a: Bad Amp|Normal
|move|p2a: Bad Amp|Boomburst|p1a: Slowking
|-damage|p1a: Slowking|22/100
|
|upkeep
|turn|17
|
|t:|1760314165
|switch|p1a: Kingambit|Kingambit, M|100/100
|-damage|p1a: Kingambit|94/100|[from] Stealth Rock
|-activate|p1a: Kingambit|ability: Supreme Overlord
|-start|p1a: Kingambit|fallen2|[silent]
|move|p2a: Bad Amp|Boomburst|p1a: Kingambit
|-resisted|p1a: Kingambit
|-damage|p1a: Kingambit|23/100
|
|-heal|p1a: Kingambit|30/100|[from] item: Leftovers
|upkeep
|turn|18
|
|t:|1760314170
|switch|p2a: Iron Treads|Iron Treads|75/100
|move|p1a: Kingambit|Sucker Punch||[still]
|-fail|p1a: Kingambit
|
|-heal|p2a: Iron Treads|81/100|[from] item: Leftovers
|-heal|p1a: Kingambit|36/100|[from] item: Leftovers
|upkeep
|turn|19
|
|t:|1760314173
|-end|p1a: Kingambit|fallen2|[silent]
|switch|p1a: Alomomola|Alomomola, F|100/100
|-damage|p1a: Alomomola|88/100|[from] Stealth Rock
|move|p2a: Iron Treads|Earthquake|p1a: Alomomola
|-damage|p1a: Alomomola|65/100
|
|-heal|p2a: Iron Treads|87/100|[from] item: Leftovers
|upkeep
|turn|20
|
|t:|1760314177
|move|p2a: Iron Treads|Earthquake|p1a: Alomomola
|-damage|p1a: Alomomola|41/100
|move|p1a: Alomomola|Wish|p1a: Alomomola
|
|-heal|p2a: Iron Treads|93/100|[from] item: Leftovers
|upkeep
|turn|21
|
|t:|1760314184
|move|p2a: Iron Treads|Earthquake|p1a: Alomomola
|-damage|p1a: Alomomola|15/100
|move|p1a: Alomomola|Flip Turn|p2a: Iron Treads
|-supereffective|p2a: Iron Treads
|-damage|p2a: Iron Treads|67/100
|
|t:|1760314199
|switch|p1a: Kingambit|Kingambit, M|36/100|[from] Flip Turn
|-damage|p1a: Kingambit|30/100|[from] Stealth Rock
|-activate|p1a: Kingambit|ability: Supreme Overlord
|-start|p1a: Kingambit|fallen2|[silent]
|
|-heal|p1a: Kingambit|96/100|[from] move: Wish|[wisher] Alomomola
|-heal|p2a: Iron Treads|73/100|[from] item: Leftovers
|-heal|p1a: Kingambit|100/100|[from] item: Leftovers
|upkeep
|turn|22
|
|t:|1760314219
|-end|p1a: Kingambit|fallen2|[silent]
|switch|p1a: Alomomola|Alomomola, F|49/100
|-damage|p1a: Alomomola|36/100|[from] Stealth Rock
|move|p2a: Iron Treads|Knock Off|p1a: Alomomola
|-damage|p1a: Alomomola|25/100
|
|-heal|p2a: Iron Treads|80/100|[from] item: Leftovers
|upkeep
|turn|23
|
|t:|1760314226
|move|p2a: Iron Treads|Earthquake|p1a: Alomomola
|-damage|p1a: Alomomola|0 fnt
|faint|p1a: Alomomola
|
|-heal|p2a: Iron Treads|86/100|[from] item: Leftovers
|upkeep
|
|t:|1760314229
|switch|p1a: Iron Valiant|Iron Valiant|75/100
|-damage|p1a: Iron Valiant|69/100|[from] Stealth Rock
|turn|24
|
|t:|1760314233
|move|p1a: Iron Valiant|Swords Dance|p1a: Iron Valiant
|-boost|p1a: Iron Valiant|atk|2
|move|p2a: Iron Treads|Earthquake|p1a: Iron Valiant
|-damage|p1a: Iron Valiant|9/100
|
|-heal|p2a: Iron Treads|92/100|[from] item: Leftovers
|upkeep
|turn|25
|
|t:|1760314238
|move|p1a: Iron Valiant|Close Combat|p2a: Iron Treads
|-supereffective|p2a: Iron Treads
|-damage|p2a: Iron Treads|0 fnt
|-unboost|p1a: Iron Valiant|def|1
|-unboost|p1a: Iron Valiant|spd|1
|faint|p2a: Iron Treads
|-end|p2a: Iron Treads|Quark Drive|[silent]
|-damage|p1a: Iron Valiant|0 fnt|[from] item: Life Orb
|faint|p1a: Iron Valiant
|-end|p1a: Iron Valiant|Quark Drive|[silent]
|
|upkeep
|
|t:|1760314244
|switch|p1a: Kingambit|Kingambit, M|100/100
|switch|p2a: Landorus|Landorus-Therian, M|100/100
|-ability|p2a: Landorus|Intimidate|boost
|-unboost|p1a: Kingambit|atk|1
|-damage|p1a: Kingambit|94/100|[from] Stealth Rock
|-activate|p1a: Kingambit|ability: Supreme Overlord
|-start|p1a: Kingambit|fallen4|[silent]
|turn|26
|
|t:|1760314250
|-end|p1a: Kingambit|fallen4|[silent]
|switch|p1a: Slowking|Slowking-Galar, M|55/100
|-damage|p1a: Slowking|42/100|[from] Stealth Rock
|move|p2a: Landorus|U-turn|p1a: Slowking
|-damage|p1a: Slowking|13/100
|
|t:|1760314252
|switch|p2a: Bad Amp|Toxtricity, F, tera:Normal|76/100|[from] U-turn
|
|upkeep
|turn|27
|j| Nikator98
|
|t:|1760314257
|move|p2a: Bad Amp|Overdrive|p1a: Slowking
|-damage|p1a: Slowking|0 fnt
|faint|p1a: Slowking
|
|upkeep
|l| Nikator98
|
|t:|1760314259
|switch|p1a: Kingambit|Kingambit, M|94/100
|-damage|p1a: Kingambit|88/100|[from] Stealth Rock
|-activate|p1a: Kingambit|ability: Supreme Overlord
|-start|p1a: Kingambit|fallen5|[silent]
|turn|28
|
|t:|1760314261
|move|p2a: Bad Amp|Overdrive|p1a: Kingambit
|-damage|p1a: Kingambit|11/100
|move|p1a: Kingambit|Swords Dance|p1a: Kingambit
|-boost|p1a: Kingambit|atk|2
|
|-heal|p1a: Kingambit|17/100|[from] item: Leftovers
|upkeep
|turn|29
|
|t:|1760314266
|move|p2a: Bad Amp|Overdrive|p1a: Kingambit
|-damage|p1a: Kingambit|0 fnt
|faint|p1a: Kingambit
|-end|p1a: Kingambit|fallen5|[silent]
|
|win|Potential Man
|raw|Cinder D Ace's rating: 1574 &rarr; <strong>1551</strong><br />(-23 for losing)
|raw|Potential Man's rating: 1527 &rarr; <strong>1550</strong><br />(+23 for winning)
|l|☆Cinder D Ace
|player|p1|
|c|☆Potential Man|gg
|l|☆Potential Man
|player|p2|
