|j|☆BigPnkPig
|j|☆gorple
|t:|1760440347
|gametype|singles
|player|p1|BigPnkPig|266|1105
|player|p2|gorple|burglar|1131
|gen|9
|tier|[Gen 9] OU
|rated|
|rule|HP Percentage Mod: HP is shown in percentages
|rule|Endless Battle Clause: Forcing endless battles is banned
|rule|Species Clause: Limit one of each Pokémon
|rule|OHKO Clause: OHKO moves are banned
|rule|Evasion Items Clause: Evasion items are banned
|rule|Evasion Moves Clause: Evasion moves are banned
|rule|Evasion Abilities Clause: Evasion abilities are banned
|rule|Sleep Moves Clause: Sleep-inducing moves are banned
|clearpoke
|poke|p1|Glimmora, M|
|poke|p1|Alomomola, F|
|poke|p1|Ting-Lu|
|poke|p1|Gholdengo|
|poke|p1|Kingambit, M|
|poke|p1|Cyclizar, M|
|poke|p2|Ninetales-Alola, F|
|poke|p2|Moltres|
|poke|p2|Zamazenta-*|
|poke|p2|Kyurem|
|poke|p2|Sandslash-Alola, F|
|poke|p2|Cetitan, F|
|teampreview
|inactive|Battle timer is ON: inactive players will automatically lose when time's up. (requested by gorple)
|
|t:|1760440380
|teamsize|p1|6
|teamsize|p2|6
|start
|switch|p1a: Gholdengo|Gholdengo|100/100
|switch|p2a: Ninetales|Ninetales-Alola, F|100/100
|-weather|Snowscape|[from] ability: Snow Warning|[of] p2a: Ninetales
|-item|p1a: Gholdengo|Air Balloon
|turn|1
|
|t:|1760440400
|switch|p2a: Zamazenta|Zamazenta|100/100
|-ability|p2a: Zamazenta|Dauntless Shield|boost
|-boost|p2a: Zamazenta|def|1
|move|p1a: Gholdengo|Make It Rain|p2a: Zamazenta
|-damage|p2a: Zamazenta|50/100
|-unboost|p1a: Gholdengo|spa|1
|
|-weather|Snowscape|[upkeep]
|-heal|p2a: Zamazenta|56/100|[from] item: Leftovers
|upkeep
|turn|2
|
|t:|1760440416
|switch|p1a: Alomomola|Alomomola, F|100/100
|-terastallize|p2a: Zamazenta|Steel
|move|p2a: Zamazenta|Crunch|p1a: Alomomola
|-damage|p1a: Alomomola|86/100
|
|-weather|Snowscape|[upkeep]
|-heal|p2a: Zamazenta|63/100|[from] item: Leftovers
|upkeep
|turn|3
|inactive|gorple has 120 seconds left.
|
|t:|1760440444
|switch|p2a: Kyurem|Kyurem|100/100
|-ability|p2a: Kyurem|Pressure
|move|p1a: Alomomola|Flip Turn|p2a: Kyurem
|-resisted|p2a: Kyurem
|-damage|p2a: Kyurem|95/100
|inactive|BigPnkPig has 120 seconds left.
|
|t:|1760440477
|switch|p1a: Ting-Lu|Ting-Lu|100/100|[from] Flip Turn
|-ability|p1a: Ting-Lu|Vessel of Ruin
|
|-weather|Snowscape|[upkeep]
|upkeep
|turn|4
|
|t:|1760440490
|-terastallize|p1a: Ting-Lu|Fairy
|move|p2a: Kyurem|Freeze-Dry|p1a: Ting-Lu
|-crit|p1a: Ting-Lu
|-damage|p1a: Ting-Lu|65/100
|move|p1a: Ting-Lu|Spikes|p2a: Kyurem
|-sidestart|p2: gorple|Spikes
|
|-weather|Snowscape|[upkeep]
|-heal|p1a: Ting-Lu|71/100|[from] item: Leftovers
|upkeep
|turn|5
|inactive|BigPnkPig has 90 seconds left.
|
|t:|1760440522
|switch|p2a: Sandslash|Sandslash-Alola, F|100/100
|move|p1a: Ting-Lu|Whirlwind|p2a: Sandslash
|drag|p2a: Moltres|Moltres|100/100
|
|-weather|Snowscape|[upkeep]
|-heal|p1a: Ting-Lu|77/100|[from] item: Leftovers
|upkeep
|turn|6
|inactive|BigPnkPig has 90 seconds left.
|
|t:|1760440548
|switch|p1a: Alomomola|Alomomola, F|100/100
|move|p2a: Moltres|U-turn|p1a: Alomomola
|-damage|p1a: Alomomola|92/100
|inactive|gorple has 120 seconds left.
|
|t:|1760440558
|switch|p2a: Sandslash|Sandslash-Alola, F|100/100|[from] U-turn
|
|-weather|Snowscape|[upkeep]
|upkeep
|turn|7
|
|t:|1760440566
|move|p2a: Sandslash|Stealth Rock|p1a: Alomomola
|-sidestart|p1: BigPnkPig|move: Stealth Rock
|move|p1a: Alomomola|Flip Turn|p2a: Sandslash
|-damage|p2a: Sandslash|90/100
|
|t:|1760440572
|switch|p1a: Cyclizar|Cyclizar, M|100/100|[from] Flip Turn
|
|-weather|Snowscape|[upkeep]
|upkeep
|turn|8
|
|t:|1760440584
|switch|p1a: Alomomola|Alomomola, F|100/100
|-damage|p1a: Alomomola|88/100|[from] Stealth Rock
|move|p2a: Sandslash|Triple Axel|p1a: Alomomola
|-resisted|p1a: Alomomola
|-damage|p1a: Alomomola|85/100
|-hitcount|p1a: Alomomola|1
|
|-weather|none
|upkeep
|turn|9
|
|t:|1760440590
|move|p2a: Sandslash|Rapid Spin|p1a: Alomomola
|-damage|p1a: Alomomola|76/100
|-boost|p2a: Sandslash|spe|1
|-sideend|p2: gorple|Spikes|[from] move: Rapid Spin|[of] p2a: Sandslash
|move|p1a: Alomomola|Flip Turn|p2a: Sandslash
|-damage|p2a: Sandslash|74/100
|
|t:|1760440602
|switch|p1a: Cyclizar|Cyclizar, M|100/100|[from] Flip Turn
|
|upkeep
|turn|10
|
|t:|1760440616
|move|p1a: Cyclizar|Rapid Spin|p2a: Sandslash
|-resisted|p2a: Sandslash
|-damage|p2a: Sandslash|63/100
|-boost|p1a: Cyclizar|spe|1
|-sideend|p1: BigPnkPig|Stealth Rock|[from] move: Rapid Spin|[of] p1a: Cyclizar
|move|p2a: Sandslash|Triple Axel|p1a: Cyclizar
|-supereffective|p1a: Cyclizar
|-damage|p1a: Cyclizar|64/100
|-hitcount|p1a: Cyclizar|1
|
|upkeep
|turn|11
|inactive|BigPnkPig has 60 seconds left.
|
|t:|1760440649
|move|p1a: Cyclizar|U-turn|p2a: Sandslash
|-resisted|p2a: Sandslash
|-damage|p2a: Sandslash|53/100
|
|t:|1760440653
|switch|p1a: Glimmora|Glimmora, M|100/100|[from] U-turn
|move|p2a: Sandslash|Rapid Spin|p1a: Glimmora
|-resisted|p1a: Glimmora
|-damage|p1a: Glimmora|91/100
|-boost|p2a: Sandslash|spe|1
|-activate|p1a: Glimmora|ability: Toxic Debris
|-sidestart|p2: gorple|move: Toxic Spikes
|-sideend|p2: gorple|Toxic Spikes|[from] move: Rapid Spin|[of] p2a: Sandslash
|
|upkeep
|turn|12
|c|☆gorple|1 triple axel hit is pain
|
|t:|1760440663
|move|p2a: Sandslash|Stealth Rock|p1a: Glimmora
|-sidestart|p1: BigPnkPig|move: Stealth Rock
|move|p1a: Glimmora|Stealth Rock|p2a: Sandslash
|-sidestart|p2: gorple|move: Stealth Rock
|
|upkeep
|turn|13
|
|t:|1760440679
|move|p2a: Sandslash|Knock Off|p1a: Glimmora
|-damage|p1a: Glimmora|53/100
|-activate|p1a: Glimmora|ability: Toxic Debris
|-sidestart|p2: gorple|move: Toxic Spikes
|-enditem|p1a: Glimmora|Focus Sash|[from] move: Knock Off|[of] p2a: Sandslash
|move|p1a: Glimmora|Mortal Spin|p2a: Sandslash
|-immune|p2a: Sandslash
|
|upkeep
|turn|14
|
|t:|1760440691
|move|p2a: Sandslash|Rapid Spin|p1a: Glimmora
|-resisted|p1a: Glimmora
|-crit|p1a: Glimmora
|-damage|p1a: Glimmora|38/100
|-boost|p2a: Sandslash|spe|1
|-activate|p1a: Glimmora|ability: Toxic Debris
|-sidestart|p2: gorple|move: Toxic Spikes
|-sideend|p2: gorple|Toxic Spikes|[from] move: Rapid Spin|[of] p2a: Sandslash
|-sideend|p2: gorple|Stealth Rock|[from] move: Rapid Spin|[of] p2a: Sandslash
|move|p1a: Glimmora|Earth Power|p2a: Sandslash
|-supereffective|p2a: Sandslash
|-damage|p2a: Sandslash|0 fnt
|faint|p2a: Sandslash
|
|upkeep
|
|t:|1760440704
|switch|p2a: Ninetales|Ninetales-Alola, F|100/100
|-weather|Snowscape|[from] ability: Snow Warning|[of] p2a: Ninetales
|turn|15
|
|t:|1760440714
|move|p2a: Ninetales|Blizzard|p1a: Glimmora
|-damage|p1a: Glimmora|0 fnt
|faint|p1a: Glimmora
|
|-weather|Snowscape|[upkeep]
|upkeep
|inactive|BigPnkPig has 60 seconds left.
|
|t:|1760440751
|switch|p1a: Gholdengo|Gholdengo|100/100
|-damage|p1a: Gholdengo|94/100|[from] Stealth Rock
|-item|p1a: Gholdengo|Air Balloon
|turn|16
|
|t:|1760440763
|switch|p2a: Moltres|Moltres|100/100
|move|p1a: Gholdengo|Shadow Ball|p2a: Moltres
|-damage|p2a: Moltres|42/100
|
|-weather|Snowscape|[upkeep]
|upkeep
|turn|17
|inactive|BigPnkPig has 60 seconds left.
|
|t:|1760440782
|switch|p1a: Ting-Lu|Ting-Lu, tera:Fairy|77/100
|-damage|p1a: Ting-Lu|65/100|[from] Stealth Rock
|-ability|p1a: Ting-Lu|Vessel of Ruin
|move|p2a: Moltres|Roost|p2a: Moltres
|-heal|p2a: Moltres|92/100
|-singleturn|p2a: Moltres|move: Roost
|
|-weather|Snowscape|[upkeep]
|-heal|p1a: Ting-Lu|71/100|[from] item: Leftovers
|upkeep
|turn|18
|
|t:|1760440798
|move|p2a: Moltres|Hurricane|p1a: Ting-Lu|[miss]
|-miss|p2a: Moltres|p1a: Ting-Lu
|move|p1a: Ting-Lu|Spikes|p2a: Moltres
|-sidestart|p2: gorple|Spikes
|
|-weather|Snowscape|[upkeep]
|-heal|p1a: Ting-Lu|77/100|[from] item: Leftovers
|upkeep
|turn|19
|
|t:|1760440809
|move|p2a: Moltres|Hurricane|p1a: Ting-Lu
|-damage|p1a: Ting-Lu|51/100
|move|p1a: Ting-Lu|Spikes|p2a: Moltres
|-sidestart|p2: gorple|Spikes
|
|-weather|Snowscape|[upkeep]
|-heal|p1a: Ting-Lu|57/100|[from] item: Leftovers
|upkeep
|turn|20
|
|t:|1760440822
|move|p2a: Moltres|Hurricane|p1a: Ting-Lu|[miss]
|-miss|p2a: Moltres|p1a: Ting-Lu
|move|p1a: Ting-Lu|Spikes|p2a: Moltres
|-sidestart|p2: gorple|Spikes
|
|-weather|Snowscape|[upkeep]
|-heal|p1a: Ting-Lu|63/100|[from] item: Leftovers
|upkeep
|turn|21
|inactive|BigPnkPig has 60 seconds left.
|
|t:|1760440838
|move|p2a: Moltres|U-turn|p1a: Ting-Lu
|-resisted|p1a: Ting-Lu
|-damage|p1a: Ting-Lu|60/100
|
|t:|1760440844
|switch|p2a: Cetitan|Cetitan, F|100/100|[from] U-turn
|-damage|p2a: Cetitan|76/100|[from] Spikes
|move|p1a: Ting-Lu|Ruination|p2a: Cetitan|[miss]
|-miss|p1a: Ting-Lu|p2a: Cetitan
|
|-weather|Snowscape|[upkeep]
|-heal|p1a: Ting-Lu|66/100|[from] item: Leftovers
|upkeep
|turn|22
|
|t:|1760440865
|switch|p1a: Alomomola|Alomomola, F|100/100
|-damage|p1a: Alomomola|88/100|[from] Stealth Rock
|move|p2a: Cetitan|Belly Drum|p2a: Cetitan
|-damage|p2a: Cetitan|26/100
|-setboost|p2a: Cetitan|atk|6|[from] move: Belly Drum
|-enditem|p2a: Cetitan|Sitrus Berry|[eat]
|-heal|p2a: Cetitan|50/100|[from] item: Sitrus Berry
|
|-weather|none
|upkeep
|turn|23
|
|t:|1760440877
|move|p2a: Cetitan|Play Rough|p1a: Alomomola|[miss]
|-miss|p2a: Cetitan|p1a: Alomomola
|move|p1a: Alomomola|Flip Turn|p2a: Cetitan
|-damage|p2a: Cetitan|35/100
|
|t:|1760440886
|switch|p1a: Kingambit|Kingambit, M|100/100|[from] Flip Turn
|-damage|p1a: Kingambit|94/100|[from] Stealth Rock
|-activate|p1a: Kingambit|ability: Supreme Overlord
|-start|p1a: Kingambit|fallen1|[silent]
|
|upkeep
|turn|24
|
|t:|1760440900
|move|p2a: Cetitan|Ice Shard|p1a: Kingambit
|-resisted|p1a: Kingambit
|-damage|p1a: Kingambit|67/100
|move|p1a: Kingambit|Sucker Punch||[still]
|-fail|p1a: Kingambit
|
|upkeep
|turn|25
|
|t:|1760440911
|move|p1a: Kingambit|Sucker Punch|p2a: Cetitan
|-damage|p2a: Cetitan|0 fnt
|faint|p2a: Cetitan
|
|upkeep
|
|t:|1760440918
|switch|p2a: Ninetales|Ninetales-Alola, F|100/100
|-damage|p2a: Ninetales|76/100|[from] Spikes
|-weather|Snowscape|[from] ability: Snow Warning|[of] p2a: Ninetales
|turn|26
|
|t:|1760440929
|move|p2a: Ninetales|Aurora Veil|p2a: Ninetales
|-sidestart|p2: gorple|move: Aurora Veil
|move|p1a: Kingambit|Iron Head|p2a: Ninetales
|-supereffective|p2a: Ninetales
|-damage|p2a: Ninetales|0 fnt
|faint|p2a: Ninetales
|
|-weather|Snowscape|[upkeep]
|upkeep
|
|t:|1760440934
|switch|p2a: Moltres|Moltres|92/100
|turn|27
|-message|gorple forfeited.
|
|win|BigPnkPig
|raw|BigPnkPig's rating: 1105 &rarr; <strong>1132</strong><br />(+27 for winning)
|raw|gorple's rating: 1131 &rarr; <strong>1104</strong><br />(-27 for losing)
|l|☆gorple
|player|p2|
