|j|☆charizardfire2
|j|☆zfy6666
|t:|1760416047
|gametype|singles
|player|p1|charizardfire2|101|1535
|player|p2|zfy6666|cynthia|1580
|gen|9
|tier|[Gen 9] OU
|rated|
|rule|HP Percentage Mod: HP is shown in percentages
|rule|Endless Battle Clause: Forcing endless battles is banned
|rule|Species Clause: Limit one of each Pokémon
|rule|OHKO Clause: OHKO moves are banned
|rule|Evasion Items Clause: Evasion items are banned
|rule|Evasion Moves Clause: Evasion moves are banned
|rule|Evasion Abilities Clause: Evasion abilities are banned
|rule|Sleep Moves Clause: Sleep-inducing moves are banned
|clearpoke
|poke|p1|Indeedee, M|
|poke|p1|Hatterene, F|
|poke|p1|Ursaluna, F|
|poke|p1|Iron Hands|
|poke|p1|Hoopa-Unbound|
|poke|p1|Mimikyu, F|
|poke|p2|Zamazenta-*|
|poke|p2|Ceruledge, M|
|poke|p2|Raging Bolt|
|poke|p2|Enamorus, F|
|poke|p2|Great Tusk|
|poke|p2|Samurott-Hisui, M|
|teampreview
|inactive|Battle timer is ON: inactive players will automatically lose when time's up. (requested by zfy6666)
|inactive|charizardfire2 has 120 seconds left.
|
|t:|1760416105
|teamsize|p1|6
|teamsize|p2|6
|start
|switch|p1a: LEBRON|Iron Hands, shiny|100/100
|switch|p2a: Ceruledge|Ceruledge, M, shiny|100/100
|-enditem|p1a: LEBRON|Booster Energy
|-activate|p1a: LEBRON|ability: Quark Drive|[fromitem]
|-start|p1a: LEBRON|quarkdriveatk
|turn|1
|
|t:|1760416126
|move|p2a: Ceruledge|Swords Dance|p2a: Ceruledge
|-boost|p2a: Ceruledge|atk|2
|move|p1a: LEBRON|Ice Punch|p2a: Ceruledge
|-resisted|p2a: Ceruledge
|-crit|p2a: Ceruledge
|-damage|p2a: Ceruledge|59/100
|-ability|p2a: Ceruledge|Weak Armor|boost
|-unboost|p2a: Ceruledge|def|1
|-boost|p2a: Ceruledge|spe|2
|
|upkeep
|turn|2
|
|t:|1760416135
|-end|p1a: LEBRON|Quark Drive|[silent]
|switch|p1a: Mimi|Mimikyu, F, shiny|100/100
|move|p2a: Ceruledge|Bitter Blade|p1a: Mimi
|-activate|p1a: Mimi|ability: Disguise
|-damage|p1a: Mimi|100/100
|detailschange|p1a: Mimi|Mimikyu-Busted, F, shiny
|-damage|p1a: Mimi|88/100|[from] pokemon: Mimikyu-Busted
|-enditem|p1a: Mimi|Red Card|[of] p2a: Ceruledge
|drag|p2a: Samurott|Samurott-Hisui, M, shiny|100/100
|
|upkeep
|turn|3
|
|t:|1760416145
|move|p2a: Samurott|Ceaseless Edge|p1a: Mimi|[miss]
|-miss|p2a: Samurott|p1a: Mimi
|move|p1a: Mimi|Trick Room|p1a: Mimi
|-fieldstart|move: Trick Room|[of] p1a: Mimi
|
|upkeep
|turn|4
|
|t:|1760416151
|move|p1a: Mimi|Curse|p2a: Samurott
|-start|p2a: Samurott|Curse|[of] p1a: Mimi
|-damage|p1a: Mimi|38/100
|move|p2a: Samurott|Ceaseless Edge|p1a: Mimi
|-damage|p1a: Mimi|0 fnt
|-sidestart|p1: charizardfire2|Spikes
|faint|p1a: Mimi
|
|-damage|p2a: Samurott|76/100|[from] Curse
|upkeep
|
|t:|1760416167
|switch|p1a: Crashout YN|Ursaluna, F, shiny|100/100
|-damage|p1a: Crashout YN|88/100|[from] Spikes
|turn|5
|
|t:|1760416172
|move|p2a: Samurott|Aqua Jet|p1a: Crashout YN
|-supereffective|p1a: Crashout YN
|-damage|p1a: Crashout YN|59/100
|move|p1a: Crashout YN|Headlong Rush|p2a: Samurott
|-damage|p2a: Samurott|0 fnt
|-unboost|p1a: Crashout YN|def|1
|-unboost|p1a: Crashout YN|spd|1
|faint|p2a: Samurott
|
|-status|p1a: Crashout YN|brn|[from] item: Flame Orb
|upkeep
|
|t:|1760416185
|switch|p2a: Great Tusk|Great Tusk, shiny|100/100
|turn|6
|
|t:|1760416194
|switch|p1a: Satella|Hatterene, F, shiny|100/100
|-damage|p1a: Satella|88/100|[from] Spikes
|move|p2a: Great Tusk|Ice Spinner|p1a: Satella
|-damage|p1a: Satella|54/100
|
|upkeep
|turn|7
|
|t:|1760416207
|-terastallize|p2a: Great Tusk|Fire
|move|p1a: Satella|Draining Kiss|p2a: Great Tusk
|-resisted|p2a: Great Tusk
|-damage|p2a: Great Tusk|84/100
|-heal|p1a: Satella|69/100|[from] drain|[of] p2a: Great Tusk
|-damage|p1a: Satella|59/100|[from] item: Life Orb
|move|p2a: Great Tusk|Headlong Rush|p1a: Satella
|-damage|p1a: Satella|0 fnt
|-unboost|p2a: Great Tusk|def|1
|-unboost|p2a: Great Tusk|spd|1
|faint|p1a: Satella
|
|-fieldend|move: Trick Room
|upkeep
|l|☆charizardfire2
|inactive|charizardfire2 disconnected and has a minute to reconnect!
|player|p1|
|j|☆charizardfire2
|inactive|charizardfire2 reconnected and has 120 seconds left.
|player|p1|charizardfire2|101|
|l|☆charizardfire2
|inactive|charizardfire2 disconnected and has a minute to reconnect!
|player|p1|
|j|☆charizardfire2
|inactive|charizardfire2 reconnected and has 115 seconds left.
|player|p1|charizardfire2|101|
|
|t:|1760416245
|switch|p1a: Subaru|Indeedee, M, shiny|100/100
|-damage|p1a: Subaru|88/100|[from] Spikes
|-fieldstart|move: Psychic Terrain|[from] ability: Psychic Surge|[of] p1a: Subaru
|turn|8
|
|t:|1760416254
|move|p2a: Great Tusk|Knock Off|p1a: Subaru
|-supereffective|p1a: Subaru
|-damage|p1a: Subaru|9/100
|-enditem|p1a: Subaru|Terrain Extender|[from] move: Knock Off|[of] p2a: Great Tusk
|move|p1a: Subaru|Trick Room|p1a: Subaru
|-fieldstart|move: Trick Room|[of] p1a: Subaru
|
|upkeep
|turn|9
|inactive|zfy6666 has 120 seconds left.
|inactive|charizardfire2 has 120 seconds left.
|
|t:|1760416296
|-end|p2a: Great Tusk|Protosynthesis|[silent]
|switch|p2a: Ceruledge|Ceruledge, M, shiny|59/100
|move|p1a: Subaru|Healing Wish|p1a: Subaru
|faint|p1a: Subaru
|
|upkeep
|inactive|charizardfire2 has 120 seconds left.
|
|t:|1760416309
|switch|p1a: King Von|Hoopa-Unbound|100/100
|-damage|p1a: King Von|88/100|[from] Spikes
|-enditem|p1a: King Von|Psychic Seed
|-boost|p1a: King Von|spd|1|[from] item: Psychic Seed
|turn|10
|inactive|charizardfire2 has 120 seconds left.
|
|t:|1760416317
|move|p2a: Ceruledge|Shadow Sneak|p1a: King Von
|-activate|p1a: King Von|move: Psychic Terrain
|move|p1a: King Von|Expanding Force|p2a: Ceruledge
|-crit|p2a: Ceruledge
|-damage|p2a: Ceruledge|0 fnt
|faint|p2a: Ceruledge
|-item|p1a: King Von|Focus Sash|[from] ability: Magician|[of] p2: Ceruledge
|
|upkeep
|inactive|zfy6666 has 120 seconds left.
|
|t:|1760416329
|switch|p2a: Great Tusk|Great Tusk, shiny, tera:Fire|84/100
|turn|11
|
|t:|1760416339
|move|p1a: King Von|Expanding Force|p2a: Great Tusk
|-damage|p2a: Great Tusk|0 fnt
|faint|p2a: Great Tusk
|-end|p2a: Great Tusk|Protosynthesis|[silent]
|
|upkeep
|
|t:|1760416347
|switch|p2a: Raging Bolt|Raging Bolt|100/100
|-enditem|p2a: Raging Bolt|Booster Energy
|-activate|p2a: Raging Bolt|ability: Protosynthesis|[fromitem]
|-start|p2a: Raging Bolt|protosynthesisspa
|turn|12
|inactive|charizardfire2 has 120 seconds left.
|
|t:|1760416370
|-terastallize|p1a: King Von|Psychic
|move|p1a: King Von|Expanding Force|p2a: Raging Bolt
|-damage|p2a: Raging Bolt|0 fnt
|faint|p2a: Raging Bolt
|-end|p2a: Raging Bolt|Protosynthesis|[silent]
|
|-fieldend|move: Trick Room
|upkeep
|
|t:|1760416376
|switch|p2a: Enamorus|Enamorus, F|100/100
|turn|13
|
|t:|1760416381
|move|p2a: Enamorus|Moonblast|p1a: King Von
|-damage|p1a: King Von|57/100
|-damage|p2a: Enamorus|90/100|[from] item: Life Orb
|move|p1a: King Von|Trick Room|p1a: King Von
|-fieldstart|move: Trick Room|[of] p1a: King Von
|
|upkeep
|turn|14
|
|t:|1760416387
|move|p1a: King Von|Expanding Force|p2a: Enamorus
|-damage|p2a: Enamorus|0 fnt
|faint|p2a: Enamorus
|
|upkeep
|-message|zfy6666 forfeited.
|
|win|charizardfire2
|raw|charizardfire2's rating: 1535 &rarr; <strong>1558</strong><br />(+23 for winning)
|raw|zfy6666's rating: 1580 &rarr; <strong>1557</strong><br />(-23 for losing)
|l|☆zfy6666
|player|p2|
|l|☆charizardfire2
|player|p1|
