|j|☆pekashew64
|j|☆Newstratt
|t:|1760431644
|gametype|singles
|player|p1|pekashew64|tuber|1265
|player|p2|Newstratt|colress|1305
|gen|9
|tier|[Gen 9] OU
|rated|
|rule|HP Percentage Mod: HP is shown in percentages
|rule|Endless Battle Clause: Forcing endless battles is banned
|rule|Species Clause: Limit one of each Pokémon
|rule|OHKO Clause: OHKO moves are banned
|rule|Evasion Items Clause: Evasion items are banned
|rule|Evasion Moves Clause: Evasion moves are banned
|rule|Evasion Abilities Clause: Evasion abilities are banned
|rule|Sleep Moves Clause: Sleep-inducing moves are banned
|clearpoke
|poke|p1|Hatterene, F|
|poke|p1|Sunflora, M|
|poke|p1|Diancie|
|poke|p1|Greedent, M|
|poke|p1|Cresselia, F|
|poke|p1|Kingambit, M|
|poke|p2|Zamazenta-*|
|poke|p2|Deoxys-Speed|
|poke|p2|Gholdengo|
|poke|p2|Great Tusk|
|poke|p2|Dragonite, F|
|poke|p2|Raging Bolt|
|teampreview
|inactive|Battle timer is ON: inactive players will automatically lose when time's up. (requested by pekashew64)
|
|t:|1760431665
|teamsize|p1|6
|teamsize|p2|6
|start
|switch|p1a: Zizi rose|Hatterene, F|100/100
|switch|p2a: Deoxys|Deoxys-Speed|100/100
|-ability|p2a: Deoxys|Pressure
|turn|1
|
|t:|1760431676
|switch|p2a: Gholdengo|Gholdengo|100/100
|move|p1a: Zizi rose|Trick Room|p1a: Zizi rose
|-fieldstart|move: Trick Room|[of] p1a: Zizi rose
|
|upkeep
|turn|2
|
|t:|1760431679
|move|p1a: Zizi rose|Shadow Ball|p2a: Gholdengo
|-supereffective|p2a: Gholdengo
|-damage|p2a: Gholdengo|40/100
|move|p2a: Gholdengo|Nasty Plot|p2a: Gholdengo
|-boost|p2a: Gholdengo|spa|2
|
|-heal|p2a: Gholdengo|46/100|[from] item: Leftovers
|upkeep
|turn|3
|inactive|Newstratt has 120 seconds left.
|
|t:|1760431718
|-terastallize|p2a: Gholdengo|Flying
|move|p1a: Zizi rose|Shadow Ball|p2a: Gholdengo
|-damage|p2a: Gholdengo|18/100
|move|p2a: Gholdengo|Shadow Ball|p1a: Zizi rose
|-supereffective|p1a: Zizi rose
|-enditem|p1a: Zizi rose|Focus Sash
|-damage|p1a: Zizi rose|1/100
|
|-heal|p2a: Gholdengo|24/100|[from] item: Leftovers
|upkeep
|turn|4
|inactive|Newstratt has 120 seconds left.
|
|t:|1760431726
|move|p1a: Zizi rose|Dazzling Gleam|p2a: Gholdengo
|-damage|p2a: Gholdengo|0 fnt
|faint|p2a: Gholdengo
|
|upkeep
|inactive|Newstratt has 120 seconds left.
|
|t:|1760431744
|switch|p2a: Dragonite|Dragonite, F|100/100
|turn|5
|
|t:|1760431747
|move|p1a: Zizi rose|Dazzling Gleam|p2a: Dragonite
|-supereffective|p2a: Dragonite
|-damage|p2a: Dragonite|51/100
|move|p2a: Dragonite|Dragon Dance|p2a: Dragonite
|-boost|p2a: Dragonite|atk|1
|-boost|p2a: Dragonite|spe|1
|
|-fieldend|move: Trick Room
|upkeep
|turn|6
|inactive|Newstratt has 120 seconds left.
|
|t:|1760431762
|move|p2a: Dragonite|Ice Spinner|p1a: Zizi rose
|-damage|p1a: Zizi rose|0 fnt
|faint|p1a: Zizi rose
|
|upkeep
|
|t:|1760431770
|switch|p1a: Bijou ali express|Diancie|100/100
|turn|7
|inactive|Newstratt has 120 seconds left.
|
|t:|1760431781
|move|p2a: Dragonite|Earthquake|p1a: Bijou ali express
|-supereffective|p1a: Bijou ali express
|-damage|p1a: Bijou ali express|27/100
|move|p1a: Bijou ali express|Trick Room|p1a: Bijou ali express
|-fieldstart|move: Trick Room|[of] p1a: Bijou ali express
|
|-heal|p1a: Bijou ali express|34/100|[from] item: Leftovers
|upkeep
|turn|8
|
|t:|1760431787
|move|p2a: Dragonite|Extreme Speed|p1a: Bijou ali express
|-resisted|p1a: Bijou ali express
|-damage|p1a: Bijou ali express|21/100
|move|p1a: Bijou ali express|Diamond Storm|p2a: Dragonite
|-supereffective|p2a: Dragonite
|-damage|p2a: Dragonite|0 fnt
|-boost|p1a: Bijou ali express|def|2
|faint|p2a: Dragonite
|
|-heal|p1a: Bijou ali express|27/100|[from] item: Leftovers
|upkeep
|inactive|Newstratt has 120 seconds left.
|inactive|Newstratt has 90 seconds left.
|inactive|Newstratt has 60 seconds left.
|inactive|Newstratt has 30 seconds left.
|inactive|Newstratt has 20 seconds left.
|inactive|Newstratt has 15 seconds left.
|inactive|Newstratt has 10 seconds left.
|inactive|Newstratt has 5 seconds left.
|-message|Newstratt lost due to inactivity.
|
|win|pekashew64
|raw|pekashew64's rating: 1265 &rarr; <strong>1293</strong><br />(+28 for winning)
|raw|Newstratt's rating: 1305 &rarr; <strong>1283</strong><br />(-22 for losing)
|l|☆pekashew64
|player|p1|
|l|☆Newstratt
|player|p2|
|j|☆Newstratt
|player|p2|Newstratt|colress|
