|j|☆sminey
|j|☆henry151th
|t:|1760344217
|gametype|singles
|player|p1|sminey|2|1678
|player|p2|henry151th|wallace|1688
|gen|9
|tier|[Gen 9] OU
|rated|
|rule|HP Percentage Mod: HP is shown in percentages
|rule|Endless Battle Clause: Forcing endless battles is banned
|rule|Species Clause: Limit one of each Pokémon
|rule|OHKO Clause: OHKO moves are banned
|rule|Evasion Items Clause: Evasion items are banned
|rule|Evasion Moves Clause: Evasion moves are banned
|rule|Evasion Abilities Clause: Evasion abilities are banned
|rule|Sleep Moves Clause: Sleep-inducing moves are banned
|clearpoke
|poke|p1|Latios, M|
|poke|p1|Cinderace, F|
|poke|p1|Weavile, F|
|poke|p1|Zapdos|
|poke|p1|Clefable, F|
|poke|p1|Slowking-Galar, F|
|poke|p2|Cresselia, F|
|poke|p2|Hatterene, F|
|poke|p2|Porygon2|
|poke|p2|Ursaluna, M|
|poke|p2|Iron Hands|
|poke|p2|Enamorus-Therian, F|
|teampreview
|
|t:|1760344234
|teamsize|p1|6
|teamsize|p2|6
|start
|switch|p1a: Weavile|Weavile, F|100/100
|switch|p2a: WILD AT HEART|Ursaluna, M|100/100
|-ability|p1a: Weavile|Pressure
|turn|1
|
|t:|1760344251
|switch|p2a: THE ELEPHANT MAN|Iron Hands|100/100
|move|p1a: Weavile|Triple Axel|p2a: THE ELEPHANT MAN
|-damage|p2a: THE ELEPHANT MAN|94/100
|-damage|p2a: THE ELEPHANT MAN|82/100
|-damage|p2a: THE ELEPHANT MAN|62/100
|-hitcount|p2a: THE ELEPHANT MAN|3
|
|upkeep
|turn|2
|
|t:|1760344261
|switch|p1a: Latios|Latios, M|100/100
|move|p2a: THE ELEPHANT MAN|Ice Punch|p1a: Latios
|-supereffective|p1a: Latios
|-damage|p1a: Latios|0 fnt
|faint|p1a: Latios
|-damage|p2a: THE ELEPHANT MAN|52/100|[from] item: Life Orb
|
|upkeep
|
|t:|1760344271
|switch|p1a: Clefable|Clefable, F|100/100
|turn|3
|
|t:|1760344274
|move|p1a: Clefable|Moonblast|p2a: THE ELEPHANT MAN
|-supereffective|p2a: THE ELEPHANT MAN
|-damage|p2a: THE ELEPHANT MAN|0 fnt
|faint|p2a: THE ELEPHANT MAN
|-end|p2a: THE ELEPHANT MAN|Quark Drive|[silent]
|
|upkeep
|
|t:|1760344285
|switch|p2a: WILD AT HEART|Ursaluna, M|100/100
|turn|4
|
|t:|1760344289
|move|p1a: Clefable|Knock Off|p2a: WILD AT HEART
|-damage|p2a: WILD AT HEART|89/100
|-enditem|p2a: WILD AT HEART|Flame Orb|[from] move: Knock Off|[of] p1a: Clefable
|move|p2a: WILD AT HEART|Swords Dance|p2a: WILD AT HEART
|-boost|p2a: WILD AT HEART|atk|2
|
|upkeep
|turn|5
|
|t:|1760344296
|move|p1a: Clefable|Moonblast|p2a: WILD AT HEART
|-damage|p2a: WILD AT HEART|59/100
|move|p2a: WILD AT HEART|Facade|p1a: Clefable
|-damage|p1a: Clefable|69/100
|
|upkeep
|turn|6
|
|t:|1760344303
|switch|p2a: LOST HIGHWAY|Cresselia, F|100/100
|move|p1a: Clefable|Moonblast|p2a: LOST HIGHWAY
|-damage|p2a: LOST HIGHWAY|79/100
|-unboost|p2a: LOST HIGHWAY|spa|1
|
|upkeep
|turn|7
|
|t:|1760344307
|move|p1a: Clefable|Calm Mind|p1a: Clefable
|-boost|p1a: Clefable|spa|1
|-boost|p1a: Clefable|spd|1
|move|p2a: LOST HIGHWAY|Trick Room|p2a: LOST HIGHWAY
|-fieldstart|move: Trick Room|[of] p2a: LOST HIGHWAY
|
|upkeep
|turn|8
|
|t:|1760344314
|switch|p2a: INLAND EMPIRE|Enamorus-Therian, F|100/100
|move|p1a: Clefable|Moonlight|p1a: Clefable
|-heal|p1a: Clefable|100/100
|
|upkeep
|turn|9
|
|t:|1760344319
|-terastallize|p2a: INLAND EMPIRE|Fairy
|move|p2a: INLAND EMPIRE|Moonblast|p1a: Clefable
|-damage|p1a: Clefable|41/100
|-damage|p2a: INLAND EMPIRE|91/100|[from] item: Life Orb
|move|p1a: Clefable|Moonblast|p2a: INLAND EMPIRE
|-damage|p2a: INLAND EMPIRE|42/100
|-unboost|p2a: INLAND EMPIRE|spa|1
|
|upkeep
|turn|10
|
|t:|1760344329
|switch|p1a: Slowking|Slowking-Galar, F|100/100
|move|p2a: INLAND EMPIRE|Moonblast|p1a: Slowking
|-resisted|p1a: Slowking
|-damage|p1a: Slowking|87/100
|-damage|p2a: INLAND EMPIRE|32/100|[from] item: Life Orb
|
|upkeep
|turn|11
|
|t:|1760344336
|switch|p2a: WILD AT HEART|Ursaluna, M|59/100
|move|p1a: Slowking|Psyshock|p2a: WILD AT HEART
|-damage|p2a: WILD AT HEART|38/100
|
|-fieldend|move: Trick Room
|upkeep
|turn|12
|
|t:|1760344342
|switch|p2a: LOST HIGHWAY|Cresselia, F|79/100
|move|p1a: Slowking|Ice Beam|p2a: LOST HIGHWAY
|-damage|p2a: LOST HIGHWAY|64/100
|
|upkeep
|turn|13
|
|t:|1760344346
|switch|p1a: Clefable|Clefable, F|41/100
|move|p2a: LOST HIGHWAY|Trick Room|p2a: LOST HIGHWAY
|-fieldstart|move: Trick Room|[of] p2a: LOST HIGHWAY
|
|upkeep
|turn|14
|
|t:|1760344350
|move|p1a: Clefable|Moonlight|p1a: Clefable
|-heal|p1a: Clefable|91/100
|move|p2a: LOST HIGHWAY|Lunar Dance|p2a: LOST HIGHWAY
|faint|p2a: LOST HIGHWAY
|
|upkeep
|
|t:|1760344352
|switch|p2a: INLAND EMPIRE|Enamorus-Therian, F, tera:Fairy|32/100
|-heal|p2a: INLAND EMPIRE|100/100|[from] move: Lunar Dance
|turn|15
|
|t:|1760344357
|switch|p1a: Slowking|Slowking-Galar, F|100/100
|move|p2a: INLAND EMPIRE|Moonblast|p1a: Slowking
|-resisted|p1a: Slowking
|-damage|p1a: Slowking|78/100
|-damage|p2a: INLAND EMPIRE|91/100|[from] item: Life Orb
|
|upkeep
|turn|16
|
|t:|1760344360
|move|p2a: INLAND EMPIRE|Earth Power|p1a: Slowking
|-supereffective|p1a: Slowking
|-damage|p1a: Slowking|43/100
|-damage|p2a: INLAND EMPIRE|81/100|[from] item: Life Orb
|move|p1a: Slowking|Sludge Bomb|p2a: INLAND EMPIRE
|-supereffective|p2a: INLAND EMPIRE
|-damage|p2a: INLAND EMPIRE|12/100
|-status|p2a: INLAND EMPIRE|psn
|
|-damage|p2a: INLAND EMPIRE|0 fnt|[from] psn
|faint|p2a: INLAND EMPIRE
|upkeep
|j| Rizzofreko
|
|t:|1760344369
|switch|p2a: WILD AT HEART|Ursaluna, M|38/100
|turn|17
|
|t:|1760344376
|switch|p1a: Zapdos|Zapdos|100/100
|move|p2a: WILD AT HEART|Headlong Rush|p1a: Zapdos
|-immune|p1a: Zapdos
|
|-fieldend|move: Trick Room
|upkeep
|turn|18
|
|t:|1760344382
|switch|p2a: ERASERHEAD|Porygon2|100/100
|-ability|p2a: ERASERHEAD|Download|boost
|-boost|p2a: ERASERHEAD|spa|1
|move|p1a: Zapdos|Hurricane|p2a: ERASERHEAD
|-damage|p2a: ERASERHEAD|72/100
|
|upkeep
|turn|19
|-message|henry151th forfeited.
|
|win|sminey
|raw|sminey's rating: 1678 &rarr; <strong>1699</strong><br />(+21 for winning)
|raw|henry151th's rating: 1688 &rarr; <strong>1667</strong><br />(-21 for losing)
|l|☆henry151th
|player|p2|
|l| Rizzofreko
|l|☆sminey
|player|p1|
