|j|☆cracklingcow
|j|☆hehe moon
|t:|1760447408
|gametype|singles
|player|p1|cracklingcow|roxie-masters|1481
|player|p2|hehe moon|cheryl|1533
|gen|9
|tier|[Gen 9] OU
|rated|
|rule|HP Percentage Mod: HP is shown in percentages
|rule|Endless Battle Clause: Forcing endless battles is banned
|rule|Species Clause: Limit one of each Pokémon
|rule|OHKO Clause: OHKO moves are banned
|rule|Evasion Items Clause: Evasion items are banned
|rule|Evasion Moves Clause: Evasion moves are banned
|rule|Evasion Abilities Clause: Evasion abilities are banned
|rule|Sleep Moves Clause: Sleep-inducing moves are banned
|clearpoke
|poke|p1|Ogerpon-Wellspring, F|
|poke|p1|Cloyster, F|
|poke|p1|Ninetales-Alola, M|
|poke|p1|Polteageist|
|poke|p1|Iron Treads|
|poke|p1|Cetitan, F|
|poke|p2|Great Tusk|
|poke|p2|Zapdos|
|poke|p2|Meowscarada, F|
|poke|p2|Kingambit, F|
|poke|p2|Dragapult, F|
|poke|p2|Clefable, F|
|teampreview
|inactive|Battle timer is ON: inactive players will automatically lose when time's up. (requested by hehe moon)
|j| pyrovolts
|
|t:|1760447434
|teamsize|p1|6
|teamsize|p2|6
|start
|switch|p1a: Iron Treads|Iron Treads|100/100
|switch|p2a: Clefable|Clefable, F|100/100
|-enditem|p1a: Iron Treads|Booster Energy
|-activate|p1a: Iron Treads|ability: Quark Drive|[fromitem]
|-start|p1a: Iron Treads|quarkdrivespe
|turn|1
|
|t:|1760447440
|switch|p2a: Zapdos|Zapdos|100/100
|move|p1a: Iron Treads|Steel Beam|p2a: Zapdos
|-resisted|p2a: Zapdos
|-damage|p2a: Zapdos|75/100
|-damage|p1a: Iron Treads|50/100|[from] steelbeam
|
|upkeep
|turn|2
|
|t:|1760447443
|move|p1a: Iron Treads|Stealth Rock|p2a: Zapdos
|-sidestart|p2: hehe moon|move: Stealth Rock
|move|p2a: Zapdos|Volt Switch|p1a: Iron Treads
|-immune|p1a: Iron Treads
|
|upkeep
|turn|3
|
|t:|1760447448
|move|p1a: Iron Treads|Rapid Spin|p2a: Zapdos
|-damage|p2a: Zapdos|66/100
|-boost|p1a: Iron Treads|spe|1
|move|p2a: Zapdos|Roost|p2a: Zapdos
|-heal|p2a: Zapdos|100/100
|-singleturn|p2a: Zapdos|move: Roost
|
|upkeep
|turn|4
|
|t:|1760447455
|-end|p1a: Iron Treads|Quark Drive|[silent]
|switch|p1a: Ogerpon|Ogerpon-Wellspring, F|100/100
|move|p2a: Zapdos|Hurricane|p1a: Ogerpon|[miss]
|-miss|p2a: Zapdos|p1a: Ogerpon
|
|upkeep
|turn|5
|
|t:|1760447461
|switch|p1a: Ninetales|Ninetales-Alola, M|100/100
|-weather|Snowscape|[from] ability: Snow Warning|[of] p1a: Ninetales
|move|p2a: Zapdos|Volt Switch|p1a: Ninetales
|-damage|p1a: Ninetales|67/100
|
|t:|1760447464
|switch|p2a: Kingambit|Kingambit, F|100/100|[from] Volt Switch
|-damage|p2a: Kingambit|94/100|[from] Stealth Rock
|
|-weather|Snowscape|[upkeep]
|-heal|p2a: Kingambit|100/100|[from] item: Leftovers
|upkeep
|turn|6
|
|t:|1760447469
|move|p1a: Ninetales|Aurora Veil|p1a: Ninetales
|-sidestart|p1: cracklingcow|move: Aurora Veil
|move|p2a: Kingambit|Iron Head|p1a: Ninetales
|-supereffective|p1a: Ninetales
|-damage|p1a: Ninetales|0 fnt
|faint|p1a: Ninetales
|
|-weather|Snowscape|[upkeep]
|upkeep
|
|t:|1760447473
|switch|p1a: Cetitan|Cetitan, F|100/100
|turn|7
|
|t:|1760447478
|-end|p2a: Kingambit|fallenundefined|[silent]
|switch|p2a: Zapdos|Zapdos|100/100
|move|p1a: Cetitan|Belly Drum|p1a: Cetitan
|-damage|p1a: Cetitan|50/100
|-setboost|p1a: Cetitan|atk|6|[from] move: Belly Drum
|-enditem|p1a: Cetitan|Sitrus Berry|[eat]
|-heal|p1a: Cetitan|75/100|[from] item: Sitrus Berry
|
|-weather|Snowscape|[upkeep]
|upkeep
|turn|8
|
|t:|1760447483
|-terastallize|p2a: Zapdos|Steel
|move|p1a: Cetitan|Ice Shard|p2a: Zapdos
|-resisted|p2a: Zapdos
|-damage|p2a: Zapdos|73/100
|move|p2a: Zapdos|Thunder Wave|p1a: Cetitan
|-status|p1a: Cetitan|par
|
|-weather|Snowscape|[upkeep]
|upkeep
|turn|9
|
|t:|1760447497
|move|p1a: Cetitan|Earthquake|p2a: Zapdos
|-supereffective|p2a: Zapdos
|-damage|p2a: Zapdos|0 fnt
|faint|p2a: Zapdos
|
|-weather|none
|upkeep
|inactive|hehe moon has 120 seconds left.
|
|t:|1760447529
|switch|p2a: Kingambit|Kingambit, F|100/100
|-damage|p2a: Kingambit|94/100|[from] Stealth Rock
|-activate|p2a: Kingambit|ability: Supreme Overlord
|-start|p2a: Kingambit|fallen1|[silent]
|turn|10
|
|t:|1760447536
|move|p2a: Kingambit|Iron Head|p1a: Cetitan
|-supereffective|p1a: Cetitan
|-damage|p1a: Cetitan|21/100 par
|cant|p1a: Cetitan|par
|
|-heal|p2a: Kingambit|100/100|[from] item: Leftovers
|upkeep
|turn|11
|
|t:|1760447541
|move|p1a: Cetitan|Ice Shard|p2a: Kingambit
|-resisted|p2a: Kingambit
|-damage|p2a: Kingambit|69/100
|move|p2a: Kingambit|Iron Head|p1a: Cetitan
|-supereffective|p1a: Cetitan
|-damage|p1a: Cetitan|0 fnt
|faint|p1a: Cetitan
|
|-heal|p2a: Kingambit|75/100|[from] item: Leftovers
|upkeep
|
|t:|1760447548
|switch|p1a: Iron Treads|Iron Treads|50/100
|turn|12
|
|t:|1760447557
|-end|p2a: Kingambit|fallen1|[silent]
|switch|p2a: Great Tusk|Great Tusk|100/100
|move|p1a: Iron Treads|Earth Power|p2a: Great Tusk
|-damage|p2a: Great Tusk|50/100
|
|upkeep
|turn|13
|
|t:|1760447564
|-end|p2a: Great Tusk|Protosynthesis|[silent]
|switch|p2a: Clefable|Clefable, F|100/100
|move|p1a: Iron Treads|Earth Power|p2a: Clefable
|-damage|p2a: Clefable|80/100
|
|-heal|p2a: Clefable|86/100|[from] item: Leftovers
|-sideend|p1: cracklingcow|move: Aurora Veil
|upkeep
|turn|14
|
|t:|1760447569
|move|p1a: Iron Treads|Steel Beam|p2a: Clefable
|-supereffective|p2a: Clefable
|-damage|p2a: Clefable|15/100
|-damage|p1a: Iron Treads|0 fnt|[from] steelbeam
|faint|p1a: Iron Treads
|-end|p1a: Iron Treads|Quark Drive|[silent]
|move|p2a: Clefable|Stealth Rock|p1: Iron Treads
|-sidestart|p1: cracklingcow|move: Stealth Rock
|
|-heal|p2a: Clefable|22/100|[from] item: Leftovers
|upkeep
|
|t:|1760447586
|switch|p1a: Polteageist|Polteageist|100/100
|-damage|p1a: Polteageist|88/100|[from] Stealth Rock
|turn|15
|inactive|hehe moon has 120 seconds left.
|
|t:|1760447622
|move|p1a: Polteageist|Shell Smash|p1a: Polteageist
|-unboost|p1a: Polteageist|def|1
|-unboost|p1a: Polteageist|spd|1
|-boost|p1a: Polteageist|atk|2
|-boost|p1a: Polteageist|spa|2
|-boost|p1a: Polteageist|spe|2
|-enditem|p1a: Polteageist|White Herb
|-clearnegativeboost|p1a: Polteageist|[silent]
|move|p2a: Clefable|Thunder Wave|p1a: Polteageist
|-status|p1a: Polteageist|par
|
|-heal|p2a: Clefable|28/100|[from] item: Leftovers
|upkeep
|turn|16
|
|t:|1760447650
|move|p1a: Polteageist|Shell Smash|p1a: Polteageist
|-unboost|p1a: Polteageist|def|1
|-unboost|p1a: Polteageist|spd|1
|-boost|p1a: Polteageist|atk|2
|-boost|p1a: Polteageist|spa|2
|-boost|p1a: Polteageist|spe|2
|move|p2a: Clefable|Moonblast|p1a: Polteageist
|-damage|p1a: Polteageist|47/100 par
|
|-heal|p2a: Clefable|34/100|[from] item: Leftovers
|upkeep
|turn|17
|
|t:|1760447653
|move|p1a: Polteageist|Shadow Ball|p2a: Clefable
|-damage|p2a: Clefable|0 fnt
|faint|p2a: Clefable
|
|upkeep
|inactive|hehe moon has 120 seconds left.
|
|t:|1760447698
|switch|p2a: Kingambit|Kingambit, F|75/100
|-damage|p2a: Kingambit|69/100|[from] Stealth Rock
|-activate|p2a: Kingambit|ability: Supreme Overlord
|-start|p2a: Kingambit|fallen2|[silent]
|turn|18
|
|t:|1760447705
|move|p2a: Kingambit|Sucker Punch||[still]
|-fail|p2a: Kingambit
|move|p1a: Polteageist|Strength Sap|p2a: Kingambit
|-unboost|p2a: Kingambit|atk|1
|-heal|p1a: Polteageist|100/100 par
|
|-heal|p2a: Kingambit|75/100|[from] item: Leftovers
|upkeep
|turn|19
|inactive|hehe moon has 90 seconds left.
|
|t:|1760447741
|-terastallize|p1a: Polteageist|Fighting
|move|p2a: Kingambit|Sucker Punch|p1a: Polteageist
|-resisted|p1a: Polteageist
|-damage|p1a: Polteageist|71/100 par
|move|p1a: Polteageist|Tera Blast|p2a: Kingambit|[anim] Tera Blast Fighting
|-supereffective|p2a: Kingambit
|-damage|p2a: Kingambit|0 fnt
|faint|p2a: Kingambit
|-end|p2a: Kingambit|fallen2|[silent]
|
|upkeep
|
|t:|1760447766
|switch|p2a: Meowscarada|Meowscarada, F|100/100
|-damage|p2a: Meowscarada|88/100|[from] Stealth Rock
|turn|20
|
|t:|1760447779
|move|p2a: Meowscarada|Flower Trick|p1a: Polteageist
|-start|p2a: Meowscarada|typechange|Grass|[from] ability: Protean
|-crit|p1a: Polteageist
|-damage|p1a: Polteageist|0 fnt
|-start|p2a: Meowscarada|Disable|Flower Trick|[from] ability: Cursed Body|[of] p1a: Polteageist
|faint|p1a: Polteageist
|
|upkeep
|
|t:|1760447783
|switch|p1a: Cloyster|Cloyster, F, shiny|100/100
|-damage|p1a: Cloyster|76/100|[from] Stealth Rock
|turn|21
|
|t:|1760447789
|switch|p2a: Great Tusk|Great Tusk|50/100
|move|p1a: Cloyster|Shell Smash|p1a: Cloyster
|-unboost|p1a: Cloyster|def|1
|-unboost|p1a: Cloyster|spd|1
|-boost|p1a: Cloyster|atk|2
|-boost|p1a: Cloyster|spa|2
|-boost|p1a: Cloyster|spe|2
|
|upkeep
|turn|22
|
|t:|1760447800
|move|p1a: Cloyster|Icicle Spear|p2a: Great Tusk
|-supereffective|p2a: Great Tusk
|-damage|p2a: Great Tusk|13/100
|-supereffective|p2a: Great Tusk
|-damage|p2a: Great Tusk|0 fnt
|faint|p2a: Great Tusk
|-end|p2a: Great Tusk|Protosynthesis|[silent]
|-hitcount|p2: Great Tusk|2
|
|upkeep
|
|t:|1760447802
|switch|p2a: Dragapult|Dragapult, F|100/100
|-damage|p2a: Dragapult|88/100|[from] Stealth Rock
|turn|23
|
|t:|1760447804
|move|p1a: Cloyster|Icicle Spear|p2a: Dragapult
|-supereffective|p2a: Dragapult
|-damage|p2a: Dragapult|6/100
|-supereffective|p2a: Dragapult
|-damage|p2a: Dragapult|0 fnt
|faint|p2a: Dragapult
|-hitcount|p2: Dragapult|2
|
|upkeep
|
|t:|1760447806
|switch|p2a: Meowscarada|Meowscarada, F|88/100
|-damage|p2a: Meowscarada|76/100|[from] Stealth Rock
|turn|24
|
|t:|1760447808
|move|p1a: Cloyster|Ice Shard|p2a: Meowscarada
|-supereffective|p2a: Meowscarada
|-damage|p2a: Meowscarada|0 fnt
|faint|p2a: Meowscarada
|
|win|cracklingcow
|raw|cracklingcow's rating: 1481 &rarr; <strong>1504</strong><br />(+23 for winning)
|raw|hehe moon's rating: 1533 &rarr; <strong>1510</strong><br />(-23 for losing)
|l|☆hehe moon
|player|p2|
|l|☆cracklingcow
|player|p1|
