|j|☆muru drinker
|j|☆MegaHitmonleeWhen
|t:|1760340048
|gametype|singles
|player|p1|muru drinker|linebacker|1217
|player|p2|MegaHitmonleeWhen|blackbelt|1205
|gen|9
|tier|[Gen 9] OU
|rated|
|rule|HP Percentage Mod: HP is shown in percentages
|rule|Endless Battle Clause: Forcing endless battles is banned
|rule|Species Clause: Limit one of each Pokémon
|rule|OHKO Clause: OHKO moves are banned
|rule|Evasion Items Clause: Evasion items are banned
|rule|Evasion Moves Clause: Evasion moves are banned
|rule|Evasion Abilities Clause: Evasion abilities are banned
|rule|Sleep Moves Clause: Sleep-inducing moves are banned
|clearpoke
|poke|p1|Meowscarada, M|
|poke|p1|Alomomola, M|
|poke|p1|Slowking-Galar, M|
|poke|p1|Dragapult, M|
|poke|p1|Corviknight, M|
|poke|p1|Heatran, F|
|poke|p2|Magnezone|
|poke|p2|Dugtrio, F|
|poke|p2|Regidrago|
|poke|p2|Floatzel, F|
|poke|p2|Great Tusk|
|poke|p2|Clodsire, M|
|teampreview
|
|t:|1760340061
|teamsize|p1|6
|teamsize|p2|6
|start
|switch|p1a: Slowking|Slowking-Galar, M|100/100
|switch|p2a: Floatzel|Floatzel, F|100/100
|turn|1
|
|t:|1760340065
|move|p2a: Floatzel|Flip Turn|p1a: Slowking
|-damage|p1a: Slowking|56/100
|
|t:|1760340071
|switch|p2a: Magnezone|Magnezone|100/100|[from] Flip Turn
|move|p1a: Slowking|Thunder Wave|p2a: Magnezone
|-immune|p2a: Magnezone
|
|upkeep
|turn|2
|
|t:|1760340079
|move|p2a: Magnezone|Volt Switch|p1a: Slowking
|-damage|p1a: Slowking|33/100
|
|t:|1760340082
|switch|p2a: Dugtrio|Dugtrio, F|100/100|[from] Volt Switch
|-prepare|p1a: Slowking|Chilly Reception|[premajor]
|move|p1a: Slowking|Chilly Reception|p1a: Slowking
|-weather|Snowscape
|
|t:|1760340088
|switch|p1a: Meowscarada|Meowscarada, M, shiny|100/100|[from] Chilly Reception
|
|-weather|Snowscape|[upkeep]
|upkeep
|turn|3
|
|t:|1760340096
|switch|p2a: Magnezone|Magnezone|100/100
|move|p1a: Meowscarada|Triple Axel|p2a: Magnezone|[miss]
|-start|p1a: Meowscarada|typechange|Ice|[from] ability: Protean
|-miss|p1a: Meowscarada|p2a: Magnezone
|
|-weather|Snowscape|[upkeep]
|upkeep
|turn|4
|
|t:|1760340103
|switch|p1a: Heatran|Heatran, F|100/100
|move|p2a: Magnezone|Volt Switch|p1a: Heatran
|-damage|p1a: Heatran|80/100
|
|t:|1760340109
|switch|p2a: Floatzel|Floatzel, F|100/100|[from] Volt Switch
|
|-weather|Snowscape|[upkeep]
|-heal|p1a: Heatran|86/100|[from] item: Leftovers
|upkeep
|turn|5
|
|t:|1760340113
|move|p1a: Heatran|Protect|p1a: Heatran
|-singleturn|p1a: Heatran|Protect
|move|p2a: Floatzel|Flip Turn|p1a: Heatran
|-activate|p1a: Heatran|move: Protect
|
|-weather|Snowscape|[upkeep]
|-heal|p1a: Heatran|92/100|[from] item: Leftovers
|upkeep
|turn|6
|
|t:|1760340128
|switch|p1a: Meowscarada|Meowscarada, M, shiny|100/100
|move|p2a: Floatzel|Flip Turn|p1a: Meowscarada
|-resisted|p1a: Meowscarada
|-damage|p1a: Meowscarada|70/100
|
|t:|1760340135
|switch|p2a: Regidrago|Regidrago|100/100|[from] Flip Turn
|
|-weather|none
|upkeep
|turn|7
|
|t:|1760340139
|move|p1a: Meowscarada|Triple Axel|p2a: Regidrago
|-start|p1a: Meowscarada|typechange|Ice|[from] ability: Protean
|-supereffective|p2a: Regidrago
|-damage|p2a: Regidrago|79/100
|-supereffective|p2a: Regidrago
|-damage|p2a: Regidrago|40/100
|-supereffective|p2a: Regidrago
|-damage|p2a: Regidrago|0 fnt
|faint|p2a: Regidrago
|-hitcount|p2: Regidrago|3
|
|upkeep
|
|t:|1760340144
|switch|p2a: Magnezone|Magnezone|100/100
|turn|8
|
|t:|1760340148
|switch|p1a: Heatran|Heatran, F|92/100
|move|p2a: Magnezone|Volt Switch|p1a: Heatran
|-damage|p1a: Heatran|69/100
|
|t:|1760340152
|switch|p2a: Floatzel|Floatzel, F|100/100|[from] Volt Switch
|
|-heal|p1a: Heatran|76/100|[from] item: Leftovers
|upkeep
|turn|9
|
|t:|1760340160
|move|p1a: Heatran|Protect|p1a: Heatran
|-singleturn|p1a: Heatran|Protect
|move|p2a: Floatzel|Wave Crash|p1a: Heatran
|-activate|p1a: Heatran|move: Protect
|
|-heal|p1a: Heatran|82/100|[from] item: Leftovers
|upkeep
|turn|10
|
|t:|1760340166
|switch|p1a: Alomomola|Alomomola, M|100/100
|move|p2a: Floatzel|Wave Crash|p1a: Alomomola
|-resisted|p1a: Alomomola
|-damage|p1a: Alomomola|79/100
|-damage|p2a: Floatzel|88/100|[from] Recoil
|
|upkeep
|turn|11
|
|t:|1760340178
|switch|p2a: Clodsire|Clodsire, M|100/100
|move|p1a: Alomomola|Flip Turn|p2a: Clodsire
|-immune|p2a: Clodsire|[from] ability: Water Absorb
|
|upkeep
|turn|12
|
|t:|1760340190
|switch|p1a: Corviknight|Corviknight, M|100/100
|-ability|p1a: Corviknight|Pressure
|move|p2a: Clodsire|Spikes|p1a: Corviknight
|-sidestart|p1: muru drinker|Spikes
|
|upkeep
|turn|13
|
|t:|1760340195
|switch|p2a: Magnezone|Magnezone|100/100
|move|p1a: Corviknight|Defog|p2a: Magnezone
|-unboost|p2a: Magnezone|evasion|1
|-sideend|p1: muru drinker|Spikes|[from] move: Defog|[of] p1a: Corviknight
|
|upkeep
|turn|14
|
|t:|1760340211
|move|p2a: Magnezone|Thunderbolt|p1a: Corviknight
|-supereffective|p1a: Corviknight
|-crit|p1a: Corviknight
|-damage|p1a: Corviknight|0 fnt
|faint|p1a: Corviknight
|
|upkeep
|
|t:|1760340220
|switch|p1a: Heatran|Heatran, F|82/100
|turn|15
|
|t:|1760340224
|switch|p2a: Clodsire|Clodsire, M|100/100
|move|p1a: Heatran|Will-O-Wisp|p2a: Clodsire
|-status|p2a: Clodsire|brn
|
|-heal|p1a: Heatran|88/100|[from] item: Leftovers
|-damage|p2a: Clodsire|94/100 brn|[from] brn
|upkeep
|turn|16
|
|t:|1760340229
|move|p1a: Heatran|Magma Storm|p2a: Clodsire|[miss]
|-miss|p1a: Heatran|p2a: Clodsire
|move|p2a: Clodsire|Toxic|p1a: Heatran
|-immune|p1a: Heatran
|
|-heal|p1a: Heatran|94/100|[from] item: Leftovers
|-heal|p2a: Clodsire|100/100 brn|[from] item: Leftovers
|-damage|p2a: Clodsire|94/100 brn|[from] brn
|upkeep
|turn|17
|
|t:|1760340235
|move|p1a: Heatran|Magma Storm|p2a: Clodsire
|-damage|p2a: Clodsire|72/100 brn
|-activate|p2a: Clodsire|move: Magma Storm|[of] p1a: Heatran
|move|p2a: Clodsire|Earthquake|p1a: Heatran
|-supereffective|p1a: Heatran
|-damage|p1a: Heatran|48/100
|
|-heal|p1a: Heatran|54/100|[from] item: Leftovers
|-heal|p2a: Clodsire|79/100 brn|[from] item: Leftovers
|-damage|p2a: Clodsire|72/100 brn|[from] brn
|-damage|p2a: Clodsire|60/100 brn|[from] move: Magma Storm|[partiallytrapped]
|upkeep
|turn|18
|
|t:|1760340242
|move|p1a: Heatran|Protect|p1a: Heatran
|-singleturn|p1a: Heatran|Protect
|move|p2a: Clodsire|Recover|p2a: Clodsire
|-heal|p2a: Clodsire|100/100 brn
|
|-heal|p1a: Heatran|60/100|[from] item: Leftovers
|-damage|p2a: Clodsire|94/100 brn|[from] brn
|-damage|p2a: Clodsire|82/100 brn|[from] move: Magma Storm|[partiallytrapped]
|upkeep
|turn|19
|
|t:|1760340258
|-terastallize|p1a: Heatran|Grass
|move|p1a: Heatran|Earth Power|p2a: Clodsire
|-supereffective|p2a: Clodsire
|-damage|p2a: Clodsire|54/100 brn
|move|p2a: Clodsire|Toxic|p1a: Heatran
|-status|p1a: Heatran|tox
|
|-heal|p1a: Heatran|66/100 tox|[from] item: Leftovers
|-heal|p2a: Clodsire|60/100 brn|[from] item: Leftovers
|-damage|p1a: Heatran|60/100 tox|[from] psn
|-damage|p2a: Clodsire|54/100 brn|[from] brn
|-damage|p2a: Clodsire|41/100 brn|[from] move: Magma Storm|[partiallytrapped]
|upkeep
|turn|20
|
|t:|1760340265
|move|p1a: Heatran|Earth Power|p2a: Clodsire
|-supereffective|p2a: Clodsire
|-damage|p2a: Clodsire|13/100 brn
|move|p2a: Clodsire|Recover|p2a: Clodsire
|-heal|p2a: Clodsire|63/100 brn
|
|-heal|p1a: Heatran|66/100 tox|[from] item: Leftovers
|-heal|p2a: Clodsire|69/100 brn|[from] item: Leftovers
|-damage|p1a: Heatran|54/100 tox|[from] psn
|-damage|p2a: Clodsire|63/100 brn|[from] brn
|-damage|p2a: Clodsire|51/100 brn|[from] move: Magma Storm|[partiallytrapped]
|upkeep
|turn|21
|
|t:|1760340271
|move|p1a: Heatran|Earth Power|p2a: Clodsire
|-supereffective|p2a: Clodsire
|-damage|p2a: Clodsire|25/100 brn
|move|p2a: Clodsire|Recover|p2a: Clodsire
|-heal|p2a: Clodsire|75/100 brn
|
|-heal|p1a: Heatran|60/100 tox|[from] item: Leftovers
|-heal|p2a: Clodsire|81/100 brn|[from] item: Leftovers
|-damage|p1a: Heatran|41/100 tox|[from] psn
|-damage|p2a: Clodsire|75/100 brn|[from] brn
|-end|p2a: Clodsire|Magma Storm|[partiallytrapped]
|upkeep
|turn|22
|
|t:|1760340284
|switch|p1a: Slowking|Slowking-Galar, M|66/100
|move|p2a: Clodsire|Spikes|p1a: Slowking
|-sidestart|p1: muru drinker|Spikes
|
|-heal|p2a: Clodsire|81/100 brn|[from] item: Leftovers
|-damage|p2a: Clodsire|75/100 brn|[from] brn
|upkeep
|turn|23
|
|t:|1760340294
|-prepare|p1a: Slowking|Chilly Reception|[premajor]
|move|p1a: Slowking|Chilly Reception|p1a: Slowking
|-weather|Snowscape
|
|t:|1760340297
|switch|p1a: Meowscarada|Meowscarada, M, shiny|70/100|[from] Chilly Reception
|-damage|p1a: Meowscarada|57/100|[from] Spikes
|move|p2a: Clodsire|Earthquake|p1a: Meowscarada
|-resisted|p1a: Meowscarada
|-damage|p1a: Meowscarada|47/100
|
|-weather|Snowscape|[upkeep]
|-heal|p2a: Clodsire|81/100 brn|[from] item: Leftovers
|-damage|p2a: Clodsire|75/100 brn|[from] brn
|upkeep
|turn|24
|
|t:|1760340301
|switch|p2a: Great Tusk|Great Tusk|100/100
|move|p1a: Meowscarada|Triple Axel|p2a: Great Tusk
|-start|p1a: Meowscarada|typechange|Ice|[from] ability: Protean
|-supereffective|p2a: Great Tusk
|-damage|p2a: Great Tusk|91/100
|-damage|p1a: Meowscarada|31/100|[from] item: Rocky Helmet|[of] p2a: Great Tusk
|-supereffective|p2a: Great Tusk
|-damage|p2a: Great Tusk|70/100
|-damage|p1a: Meowscarada|14/100|[from] item: Rocky Helmet|[of] p2a: Great Tusk
|-supereffective|p2a: Great Tusk
|-damage|p2a: Great Tusk|40/100
|-damage|p1a: Meowscarada|0 fnt|[from] item: Rocky Helmet|[of] p2a: Great Tusk
|faint|p1a: Meowscarada
|-hitcount|p2a: Great Tusk|3
|
|-weather|Snowscape|[upkeep]
|upkeep
|
|t:|1760340312
|switch|p1a: Dragapult|Dragapult, M|100/100
|-damage|p1a: Dragapult|88/100|[from] Spikes
|turn|25
|
|t:|1760340317
|move|p1a: Dragapult|Shadow Ball|p2a: Great Tusk
|-damage|p2a: Great Tusk|0 fnt
|faint|p2a: Great Tusk
|-end|p2a: Great Tusk|Protosynthesis|[silent]
|
|-weather|Snowscape|[upkeep]
|upkeep
|
|t:|1760340321
|switch|p2a: Clodsire|Clodsire, M|75/100 brn
|turn|26
|
|t:|1760340325
|switch|p1a: Heatran|Heatran, F, tera:Grass|41/100 tox
|-damage|p1a: Heatran|29/100 tox|[from] Spikes
|move|p2a: Clodsire|Spikes|p1a: Heatran
|-sidestart|p1: muru drinker|Spikes
|
|-weather|Snowscape|[upkeep]
|-heal|p1a: Heatran|35/100 tox|[from] item: Leftovers
|-heal|p2a: Clodsire|81/100 brn|[from] item: Leftovers
|-damage|p1a: Heatran|29/100 tox|[from] psn
|-damage|p2a: Clodsire|75/100 brn|[from] brn
|upkeep
|turn|27
|
|t:|1760340336
|move|p1a: Heatran|Earth Power|p2a: Clodsire
|-supereffective|p2a: Clodsire
|-damage|p2a: Clodsire|49/100 brn
|move|p2a: Clodsire|Spikes|p1a: Heatran
|-sidestart|p1: muru drinker|Spikes
|
|-weather|none
|-heal|p1a: Heatran|35/100 tox|[from] item: Leftovers
|-heal|p2a: Clodsire|56/100 brn|[from] item: Leftovers
|-damage|p1a: Heatran|23/100 tox|[from] psn
|-damage|p2a: Clodsire|49/100 brn|[from] brn
|upkeep
|turn|28
|
|t:|1760340340
|move|p1a: Heatran|Earth Power|p2a: Clodsire
|-supereffective|p2a: Clodsire
|-damage|p2a: Clodsire|21/100 brn
|move|p2a: Clodsire|Recover|p2a: Clodsire
|-heal|p2a: Clodsire|71/100 brn
|
|-heal|p1a: Heatran|29/100 tox|[from] item: Leftovers
|-heal|p2a: Clodsire|78/100 brn|[from] item: Leftovers
|-damage|p1a: Heatran|10/100 tox|[from] psn
|-damage|p2a: Clodsire|71/100 brn|[from] brn
|upkeep
|turn|29
|
|t:|1760340345
|move|p1a: Heatran|Earth Power|p2a: Clodsire
|-supereffective|p2a: Clodsire
|-damage|p2a: Clodsire|45/100 brn
|move|p2a: Clodsire|Recover|p2a: Clodsire
|-heal|p2a: Clodsire|95/100 brn
|
|-heal|p1a: Heatran|17/100 tox|[from] item: Leftovers
|-heal|p2a: Clodsire|100/100 brn|[from] item: Leftovers
|-damage|p1a: Heatran|0 fnt|[from] psn
|faint|p1a: Heatran
|-damage|p2a: Clodsire|94/100 brn|[from] brn
|upkeep
|
|t:|1760340350
|switch|p1a: Dragapult|Dragapult, M|88/100
|-damage|p1a: Dragapult|63/100|[from] Spikes
|turn|30
|
|t:|1760340355
|move|p1a: Dragapult|Draco Meteor|p2a: Clodsire
|-damage|p2a: Clodsire|53/100 brn
|-unboost|p1a: Dragapult|spa|2
|move|p2a: Clodsire|Toxic|p1a: Dragapult
|-status|p1a: Dragapult|tox
|
|-heal|p2a: Clodsire|59/100 brn|[from] item: Leftovers
|-damage|p1a: Dragapult|57/100 tox|[from] psn
|-damage|p2a: Clodsire|53/100 brn|[from] brn
|upkeep
|turn|31
|-message|muru drinker forfeited.
|
|win|MegaHitmonleeWhen
|raw|muru drinker's rating: 1217 &rarr; <strong>1191</strong><br />(-26 for losing)
|raw|MegaHitmonleeWhen's rating: 1205 &rarr; <strong>1231</strong><br />(+26 for winning)
|l|☆muru drinker
|player|p1|
|l|☆MegaHitmonleeWhen
|player|p2|
