|j|☆StaTicZ_Kick
|j|☆stingrayalt
|t:|1760414869
|gametype|singles
|player|p1|StaTicZ_Kick|101|1159
|player|p2|stingrayalt|169|1160
|gen|9
|tier|[Gen 9] OU
|rated|
|rule|HP Percentage Mod: HP is shown in percentages
|rule|Endless Battle Clause: Forcing endless battles is banned
|rule|Species Clause: Limit one of each Pokémon
|rule|OHKO Clause: OHKO moves are banned
|rule|Evasion Items Clause: Evasion items are banned
|rule|Evasion Moves Clause: Evasion moves are banned
|rule|Evasion Abilities Clause: Evasion abilities are banned
|rule|Sleep Moves Clause: Sleep-inducing moves are banned
|clearpoke
|poke|p1|Kingambit, M|
|poke|p1|Glimmora, M|
|poke|p1|Darkrai|
|poke|p1|Pecharunt|
|poke|p1|Iron Valiant|
|poke|p1|Gholdengo|
|poke|p2|Samurott-Hisui, M|
|poke|p2|Ogerpon-Wellspring, F|
|poke|p2|Gholdengo|
|poke|p2|Landorus-Therian, M|
|poke|p2|Tyranitar, F|
|poke|p2|Clefable, F|
|teampreview
|c|☆StaTicZ_Kick|Hey wsp
|inactive|Battle timer is ON: inactive players will automatically lose when time's up. (requested by stingrayalt)
|c|☆StaTicZ_Kick|no hard feelings if u loose im a grandmaster
|
|t:|1760414889
|teamsize|p1|6
|teamsize|p2|6
|start
|switch|p1a: Glimmora|Glimmora, M|100/100
|switch|p2a: Landorus|Landorus-Therian, M|100/100
|-ability|p2a: Landorus|Intimidate|boost
|-unboost|p1a: Glimmora|atk|1
|turn|1
|
|t:|1760414900
|move|p2a: Landorus|Earthquake|p1a: Glimmora
|-supereffective|p1a: Glimmora
|-enditem|p1a: Glimmora|Focus Sash
|-damage|p1a: Glimmora|1/100
|-activate|p1a: Glimmora|ability: Toxic Debris
|-sidestart|p2: stingrayalt|move: Toxic Spikes
|move|p1a: Glimmora|Stealth Rock|p2a: Landorus
|-sidestart|p2: stingrayalt|move: Stealth Rock
|
|upkeep
|turn|2
|
|t:|1760414906
|move|p2a: Landorus|Earthquake|p1a: Glimmora
|-supereffective|p1a: Glimmora
|-damage|p1a: Glimmora|0 fnt
|-activate|p1a: Glimmora|ability: Toxic Debris
|-sidestart|p2: stingrayalt|move: Toxic Spikes
|faint|p1a: Glimmora
|
|upkeep
|
|t:|1760414909
|switch|p1a: Darkrai|Darkrai, shiny|100/100
|turn|3
|
|t:|1760414917
|switch|p2a: Tyranitar|Tyranitar, F, shiny|100/100
|-weather|Sandstorm|[from] ability: Sand Stream|[of] p2a: Tyranitar
|move|p1a: Darkrai|Nasty Plot|p1a: Darkrai
|-boost|p1a: Darkrai|spa|2
|
|-weather|Sandstorm|[upkeep]
|-damage|p1a: Darkrai|94/100|[from] Sandstorm
|upkeep
|turn|4
|
|t:|1760414928
|move|p1a: Darkrai|Ice Beam|p2a: Tyranitar
|-damage|p2a: Tyranitar|49/100
|move|p2a: Tyranitar|Knock Off|p1a: Darkrai
|-resisted|p1a: Darkrai
|-damage|p1a: Darkrai|58/100
|-enditem|p1a: Darkrai|Expert Belt|[from] move: Knock Off|[of] p2a: Tyranitar
|
|-weather|Sandstorm|[upkeep]
|-damage|p1a: Darkrai|52/100|[from] Sandstorm
|upkeep
|turn|5
|
|t:|1760414936
|move|p1a: Darkrai|Ice Beam|p2a: Tyranitar
|-damage|p2a: Tyranitar|5/100
|move|p2a: Tyranitar|Stone Edge|p1a: Darkrai
|-damage|p1a: Darkrai|0 fnt
|faint|p1a: Darkrai
|
|-weather|Sandstorm|[upkeep]
|upkeep
|
|t:|1760414948
|switch|p1a: Pecharunt|Pecharunt|100/100
|turn|6
|
|t:|1760414951
|move|p2a: Tyranitar|Knock Off|p1a: Pecharunt
|-supereffective|p1a: Pecharunt
|-damage|p1a: Pecharunt|56/100
|-damage|p2a: Tyranitar|0 fnt|[from] item: Rocky Helmet|[of] p1a: Pecharunt
|faint|p2a: Tyranitar
|move|p1a: Pecharunt|Malignant Chain|p2: Tyranitar|[notarget]
|-fail|p1a: Pecharunt
|
|-weather|Sandstorm|[upkeep]
|-damage|p1a: Pecharunt|50/100|[from] Sandstorm
|upkeep
|
|t:|1760414961
|switch|p2a: Landorus|Landorus-Therian, M|100/100
|-damage|p2a: Landorus|88/100|[from] Stealth Rock
|-ability|p2a: Landorus|Intimidate|boost
|-unboost|p1a: Pecharunt|atk|1
|turn|7
|c|☆StaTicZ_Kick|Omg ur pokemon is fat ass shit
|
|t:|1760414970
|move|p2a: Landorus|U-turn|p1a: Pecharunt
|-resisted|p1a: Pecharunt
|-damage|p1a: Pecharunt|47/100
|-damage|p2a: Landorus|72/100|[from] item: Rocky Helmet|[of] p1a: Pecharunt
|
|t:|1760414978
|switch|p2a: Gholdengo|Gholdengo|100/100|[from] U-turn
|-damage|p2a: Gholdengo|94/100|[from] Stealth Rock
|-item|p2a: Gholdengo|Air Balloon
|move|p1a: Pecharunt|Malignant Chain|p2a: Gholdengo
|-immune|p2a: Gholdengo
|
|-weather|none
|upkeep
|turn|8
|
|t:|1760414994
|move|p2a: Gholdengo|Hex|p1a: Pecharunt
|-supereffective|p1a: Pecharunt
|-damage|p1a: Pecharunt|0 fnt
|faint|p1a: Pecharunt
|
|upkeep
|
|t:|1760415000
|switch|p1a: Gholdengo|Gholdengo|100/100
|turn|9
|
|t:|1760415011
|switch|p2a: Samurott|Samurott-Hisui, M, shiny|100/100
|-status|p2a: Samurott|tox
|-damage|p2a: Samurott|88/100 tox|[from] Stealth Rock
|move|p1a: Gholdengo|Shadow Ball|p2a: Samurott
|-resisted|p2a: Samurott
|-damage|p2a: Samurott|58/100 tox
|-unboost|p2a: Samurott|spd|1
|
|-damage|p2a: Samurott|52/100 tox|[from] psn
|upkeep
|turn|10
|
|t:|1760415019
|switch|p1a: Iron Valiant|Iron Valiant|100/100
|-enditem|p1a: Iron Valiant|Booster Energy
|-activate|p1a: Iron Valiant|ability: Quark Drive|[fromitem]
|-start|p1a: Iron Valiant|quarkdrivespe
|move|p2a: Samurott|Knock Off|p1a: Iron Valiant
|-resisted|p1a: Iron Valiant
|-damage|p1a: Iron Valiant|91/100
|
|-damage|p2a: Samurott|39/100 tox|[from] psn
|upkeep
|turn|11
|
|t:|1760415027
|move|p2a: Samurott|Aqua Jet|p1a: Iron Valiant
|-damage|p1a: Iron Valiant|67/100
|move|p1a: Iron Valiant|Swords Dance|p1a: Iron Valiant
|-boost|p1a: Iron Valiant|atk|2
|
|-damage|p2a: Samurott|21/100 tox|[from] psn
|upkeep
|turn|12
|
|t:|1760415034
|move|p1a: Iron Valiant|Knock Off|p2a: Samurott
|-resisted|p2a: Samurott
|-damage|p2a: Samurott|0 fnt
|-enditem|p2a: Samurott|Focus Sash|[from] move: Knock Off|[of] p1a: Iron Valiant
|faint|p2a: Samurott
|
|upkeep
|
|t:|1760415041
|switch|p2a: Clefable|Clefable, F|100/100
|-status|p2a: Clefable|tox
|turn|13
|
|t:|1760415047
|move|p1a: Iron Valiant|Close Combat|p2a: Clefable
|-resisted|p2a: Clefable
|-damage|p2a: Clefable|55/100 tox
|-unboost|p1a: Iron Valiant|def|1
|-unboost|p1a: Iron Valiant|spd|1
|move|p2a: Clefable|Moonblast|p1a: Iron Valiant
|-supereffective|p1a: Iron Valiant
|-damage|p1a: Iron Valiant|0 fnt
|faint|p1a: Iron Valiant
|-end|p1a: Iron Valiant|Quark Drive|[silent]
|
|-heal|p2a: Clefable|61/100 tox|[from] item: Leftovers
|upkeep
|
|t:|1760415051
|switch|p1a: Gholdengo|Gholdengo|100/100
|turn|14
|
|t:|1760415070
|move|p1a: Gholdengo|Make It Rain|p2a: Clefable
|-supereffective|p2a: Clefable
|-damage|p2a: Clefable|0 fnt
|-unboost|p1a: Gholdengo|spa|1
|faint|p2a: Clefable
|
|upkeep
|
|t:|1760415073
|switch|p2a: Landorus|Landorus-Therian, M|72/100
|-damage|p2a: Landorus|59/100|[from] Stealth Rock
|-ability|p2a: Landorus|Intimidate|boost
|-unboost|p1a: Gholdengo|atk|1
|turn|15
|
|t:|1760415077
|switch|p1a: Kingambit|Kingambit, M, shiny|100/100
|-activate|p1a: Kingambit|ability: Supreme Overlord
|-start|p1a: Kingambit|fallen4|[silent]
|move|p2a: Landorus|Earthquake|p1a: Kingambit
|-supereffective|p1a: Kingambit
|-damage|p1a: Kingambit|17/100
|
|upkeep
|turn|16
|
|t:|1760415092
|switch|p2a: Gholdengo|Gholdengo|94/100
|-damage|p2a: Gholdengo|88/100|[from] Stealth Rock
|-item|p2a: Gholdengo|Air Balloon
|move|p1a: Kingambit|Sucker Punch||[still]
|-fail|p1a: Kingambit
|
|upkeep
|turn|17
|
|t:|1760415096
|move|p1a: Kingambit|Sucker Punch||[still]
|-fail|p1a: Kingambit
|move|p2a: Gholdengo|Thunder Wave|p1a: Kingambit
|-status|p1a: Kingambit|par
|
|upkeep
|turn|18
|
|t:|1760415103
|move|p1a: Kingambit|Sucker Punch|p2a: Gholdengo
|-supereffective|p2a: Gholdengo
|-damage|p2a: Gholdengo|0 fnt
|-enditem|p2a: Gholdengo|Air Balloon
|faint|p2a: Gholdengo
|
|upkeep
|
|t:|1760415106
|switch|p2a: Ogerpon|Ogerpon-Wellspring, F|100/100
|-status|p2a: Ogerpon|tox
|-damage|p2a: Ogerpon|88/100 tox|[from] Stealth Rock
|turn|19
|
|t:|1760415113
|move|p2a: Ogerpon|U-turn|p1a: Kingambit
|-damage|p1a: Kingambit|0 fnt
|faint|p1a: Kingambit
|-end|p1a: Kingambit|fallen4|[silent]
|
|t:|1760415115
|switch|p2a: Landorus|Landorus-Therian, M|59/100|[from] U-turn
|-damage|p2a: Landorus|47/100|[from] Stealth Rock
|
|upkeep
|
|t:|1760415117
|switch|p1a: Gholdengo|Gholdengo|100/100
|turn|20
|
|t:|1760415135
|-terastallize|p1a: Gholdengo|Fighting
|move|p2a: Landorus|Earthquake|p1a: Gholdengo
|-damage|p1a: Gholdengo|37/100
|move|p1a: Gholdengo|Shadow Ball|p2a: Landorus
|-crit|p2a: Landorus
|-damage|p2a: Landorus|0 fnt
|faint|p2a: Landorus
|
|upkeep
|
|t:|1760415141
|switch|p2a: Ogerpon|Ogerpon-Wellspring, F|88/100 tox
|-damage|p2a: Ogerpon|76/100 tox|[from] Stealth Rock
|turn|21
|
|t:|1760415158
|-terastallize|p2a: Ogerpon|Water
|detailschange|p2a: Ogerpon|Ogerpon-Wellspring-Tera, F, tera:Water
|-ability|p2a: Ogerpon|Embody Aspect (Wellspring)|boost
|-boost|p2a: Ogerpon|spd|1
|move|p1a: Gholdengo|Shadow Ball|p2a: Ogerpon
|-damage|p2a: Ogerpon|40/100 tox
|move|p2a: Ogerpon|Ivy Cudgel|p1a: Gholdengo|[anim] Ivy Cudgel Water
|-crit|p1a: Gholdengo
|-damage|p1a: Gholdengo|0 fnt
|faint|p1a: Gholdengo
|
|win|stingrayalt
|raw|StaTicZ_Kick's rating: 1159 &rarr; <strong>1134</strong><br />(-25 for losing)
|raw|stingrayalt's rating: 1160 &rarr; <strong>1185</strong><br />(+25 for winning)
|c|☆stingrayalt|grandmaster btw
|c|☆StaTicZ_Kick|u fucking suck
|c|☆stingrayalt|lmao
|c|☆StaTicZ_Kick|die bitch
|c|☆stingrayalt|why
|c|☆StaTicZ_Kick|cuz u suck dick
|l|☆StaTicZ_Kick
|player|p1|
|c|☆stingrayalt|but i won
|l|☆stingrayalt
|player|p2|
|j|☆stingrayalt
|player|p2|stingrayalt|169|
|l|☆stingrayalt
|player|p2|
|j|☆stingrayalt
|player|p2|stingrayalt|169|
