|j|☆qaqkiller
|j|☆Auburn Hills
|t:|1760357880
|gametype|singles
|player|p1|qaqkiller|maid|1694
|player|p2|Auburn Hills|alder|1713
|gen|9
|tier|[Gen 9] OU
|rated|
|rule|HP Percentage Mod: HP is shown in percentages
|rule|Endless Battle Clause: Forcing endless battles is banned
|rule|Species Clause: Limit one of each Pokémon
|rule|OHKO Clause: OHKO moves are banned
|rule|Evasion Items Clause: Evasion items are banned
|rule|Evasion Moves Clause: Evasion moves are banned
|rule|Evasion Abilities Clause: Evasion abilities are banned
|rule|Sleep Moves Clause: Sleep-inducing moves are banned
|clearpoke
|poke|p1|Zamazenta-*|
|poke|p1|Iron Valiant|
|poke|p1|Sinistcha-Masterpiece|
|poke|p1|Gholdengo|
|poke|p1|Samurott-Hisui, M|
|poke|p1|Landorus-Therian, M|
|poke|p2|Iron Moth|
|poke|p2|Umbreon, F|
|poke|p2|Garchomp, M|
|poke|p2|Glimmora, M|
|poke|p2|Gholdengo|
|poke|p2|Dragonite, M|
|teampreview
|inactive|Battle timer is ON: inactive players will automatically lose when time's up. (requested by Auburn Hills)
|
|t:|1760357904
|teamsize|p1|6
|teamsize|p2|6
|start
|switch|p1a: Samurott|Samurott-Hisui, M, shiny|100/100
|switch|p2a: Julia Jacklin|Glimmora, M|100/100
|turn|1
|j| dionysos
|l| dionysos
|
|t:|1760357922
|move|p2a: Julia Jacklin|Sludge Wave|p1a: Samurott
|-damage|p1a: Samurott|67/100
|-status|p1a: Samurott|psn
|move|p1a: Samurott|Ceaseless Edge|p2a: Julia Jacklin|[miss]
|-miss|p1a: Samurott|p2a: Julia Jacklin
|
|-damage|p1a: Samurott|55/100 psn|[from] psn
|upkeep
|turn|2
|inactive|Auburn Hills has 120 seconds left.
|
|t:|1760357965
|move|p2a: Julia Jacklin|Sludge Wave|p1a: Samurott
|-damage|p1a: Samurott|20/100 psn
|move|p1a: Samurott|Ceaseless Edge|p2a: Julia Jacklin|[miss]
|-miss|p1a: Samurott|p2a: Julia Jacklin
|
|-damage|p1a: Samurott|8/100 psn|[from] psn
|upkeep
|turn|3
|
|t:|1760357976
|switch|p1a: Gholdengo|Gholdengo, shiny|100/100
|-item|p1a: Gholdengo|Air Balloon
|move|p2a: Julia Jacklin|Sludge Wave|p1a: Gholdengo
|-immune|p1a: Gholdengo
|
|upkeep
|turn|4
|
|t:|1760357985
|move|p2a: Julia Jacklin|Stealth Rock|p1a: Gholdengo
|-sidestart|p1: qaqkiller|move: Stealth Rock
|move|p1a: Gholdengo|Make It Rain|p2a: Julia Jacklin
|-supereffective|p2a: Julia Jacklin
|-enditem|p2a: Julia Jacklin|Focus Sash
|-damage|p2a: Julia Jacklin|1/100
|-unboost|p1a: Gholdengo|spa|1
|
|upkeep
|turn|5
|
|t:|1760357989
|switch|p2a: Alvvays|Umbreon, F|100/100
|move|p1a: Gholdengo|Shadow Ball|p2a: Alvvays
|-resisted|p2a: Alvvays
|-damage|p2a: Alvvays|93/100
|
|-heal|p2a: Alvvays|99/100|[from] item: Leftovers
|upkeep
|turn|6
|
|t:|1760357995
|-terastallize|p1a: Gholdengo|Fairy
|move|p1a: Gholdengo|Nasty Plot|p1a: Gholdengo
|-boost|p1a: Gholdengo|spa|2
|move|p2a: Alvvays|Foul Play|p1a: Gholdengo
|-resisted|p1a: Gholdengo
|-damage|p1a: Gholdengo|92/100
|-enditem|p1a: Gholdengo|Air Balloon
|
|-heal|p2a: Alvvays|100/100|[from] item: Leftovers
|upkeep
|turn|7
|j| Dor.Zf
|
|t:|1760358002
|switch|p2a: Smino|Gholdengo|100/100
|move|p1a: Gholdengo|Focus Blast|p2a: Smino
|-immune|p2a: Smino
|
|upkeep
|turn|8
|
|t:|1760358005
|move|p2a: Smino|Make It Rain|p1a: Gholdengo
|-supereffective|p1a: Gholdengo
|-damage|p1a: Gholdengo|0 fnt
|-unboost|p2a: Smino|spa|1
|faint|p1a: Gholdengo
|
|upkeep
|
|t:|1760358016
|switch|p1a: Landorus|Landorus-Therian, M, shiny|100/100
|-damage|p1a: Landorus|88/100|[from] Stealth Rock
|-ability|p1a: Landorus|Intimidate|boost
|-unboost|p2a: Smino|atk|1
|turn|9
|
|t:|1760358019
|switch|p2a: Julia Jacklin|Glimmora, M|1/100
|move|p1a: Landorus|Stealth Rock|p2a: Julia Jacklin
|-sidestart|p2: Auburn Hills|move: Stealth Rock
|
|upkeep
|turn|10
|
|t:|1760358025
|switch|p1a: Samurott|Samurott-Hisui, M, shiny|8/100 psn
|-damage|p1a: Samurott|0 fnt|[from] Stealth Rock
|faint|p1a: Samurott
|move|p2a: Julia Jacklin|Sludge Wave|p1: Samurott|[notarget]
|-fail|p2a: Julia Jacklin
|
|upkeep
|
|t:|1760358029
|switch|p1a: Iron Valiant|Iron Valiant, shiny|100/100
|-damage|p1a: Iron Valiant|94/100|[from] Stealth Rock
|-enditem|p1a: Iron Valiant|Booster Energy
|-activate|p1a: Iron Valiant|ability: Quark Drive|[fromitem]
|-start|p1a: Iron Valiant|quarkdrivespe
|turn|11
|
|t:|1760358032
|move|p1a: Iron Valiant|Moonblast|p2a: Julia Jacklin
|-resisted|p2a: Julia Jacklin
|-damage|p2a: Julia Jacklin|0 fnt
|faint|p2a: Julia Jacklin
|
|upkeep
|
|t:|1760358035
|switch|p2a: Smino|Gholdengo|100/100
|-damage|p2a: Smino|94/100|[from] Stealth Rock
|turn|12
|
|t:|1760358045
|move|p1a: Iron Valiant|Shadow Ball|p2a: Smino
|-supereffective|p2a: Smino
|-damage|p2a: Smino|29/100
|move|p2a: Smino|Make It Rain|p1a: Iron Valiant
|-supereffective|p1a: Iron Valiant
|-damage|p1a: Iron Valiant|0 fnt
|-unboost|p2a: Smino|spa|1
|faint|p1a: Iron Valiant
|-end|p1a: Iron Valiant|Quark Drive|[silent]
|
|upkeep
|
|t:|1760358051
|switch|p1a: Sinistcha|Sinistcha-Masterpiece, shiny|100/100
|turn|13
|
|t:|1760358058
|switch|p2a: Alvvays|Umbreon, F|100/100
|-damage|p2a: Alvvays|88/100|[from] Stealth Rock
|move|p1a: Sinistcha|Calm Mind|p1a: Sinistcha
|-boost|p1a: Sinistcha|spa|1
|-boost|p1a: Sinistcha|spd|1
|
|-heal|p2a: Alvvays|94/100|[from] item: Leftovers
|upkeep
|turn|14
|
|t:|1760358061
|move|p1a: Sinistcha|Calm Mind|p1a: Sinistcha
|-boost|p1a: Sinistcha|spa|1
|-boost|p1a: Sinistcha|spd|1
|move|p2a: Alvvays|Thunder Wave|p1a: Sinistcha
|-status|p1a: Sinistcha|par
|
|-heal|p2a: Alvvays|99/100|[from] item: Leftovers
|upkeep
|turn|15
|
|t:|1760358067
|switch|p2a: Smino|Gholdengo|29/100
|-damage|p2a: Smino|23/100|[from] Stealth Rock
|move|p1a: Sinistcha|Calm Mind|p1a: Sinistcha
|-boost|p1a: Sinistcha|spa|1
|-boost|p1a: Sinistcha|spd|1
|
|upkeep
|turn|16
|
|t:|1760358071
|move|p2a: Smino|Trick|p1a: Sinistcha
|-activate|p2a: Smino|move: Trick|[of] p1a: Sinistcha
|-item|p1a: Sinistcha|Choice Scarf|[from] move: Trick
|-item|p2a: Smino|Heavy-Duty Boots|[from] move: Trick
|move|p1a: Sinistcha|Matcha Gotcha|p2a: Smino
|-resisted|p2a: Smino
|-damage|p2a: Smino|0 fnt
|faint|p2a: Smino
|
|upkeep
|
|t:|1760358082
|switch|p2a: Elucid|Dragonite, M|100/100
|turn|17
|
|t:|1760358084
|move|p2a: Elucid|Ice Spinner|p1a: Sinistcha
|-supereffective|p1a: Sinistcha
|-damage|p1a: Sinistcha|51/100 par
|move|p1a: Sinistcha|Matcha Gotcha|p2a: Elucid
|-resisted|p2a: Elucid
|-damage|p2a: Elucid|90/100
|-heal|p1a: Sinistcha|56/100 par|[from] drain|[of] p2a: Elucid
|
|upkeep
|turn|18
|
|t:|1760358090
|switch|p1a: Landorus|Landorus-Therian, M, shiny|88/100
|-damage|p1a: Landorus|76/100|[from] Stealth Rock
|-ability|p1a: Landorus|Intimidate|boost
|-unboost|p2a: Elucid|atk|1
|move|p2a: Elucid|Ice Spinner|p1a: Landorus
|-supereffective|p1a: Landorus
|-damage|p1a: Landorus|0 fnt
|-damage|p2a: Elucid|73/100|[from] item: Rocky Helmet|[of] p1a: Landorus
|faint|p1a: Landorus
|
|upkeep
|
|t:|1760358096
|switch|p1a: Zamazenta|Zamazenta, shiny|100/100
|-ability|p1a: Zamazenta|Dauntless Shield|boost
|-boost|p1a: Zamazenta|def|1
|turn|19
|
|t:|1760358104
|switch|p2a: Alvvays|Umbreon, F|99/100
|-damage|p2a: Alvvays|88/100|[from] Stealth Rock
|move|p1a: Zamazenta|Stone Edge|p2a: Alvvays
|-damage|p2a: Alvvays|62/100
|
|-heal|p2a: Alvvays|68/100|[from] item: Leftovers
|upkeep
|turn|20
|
|t:|1760358110
|move|p1a: Zamazenta|Close Combat|p2a: Alvvays
|-supereffective|p2a: Alvvays
|-damage|p2a: Alvvays|0 fnt
|-unboost|p1a: Zamazenta|def|1
|-unboost|p1a: Zamazenta|spd|1
|faint|p2a: Alvvays
|
|upkeep
|
|t:|1760358112
|switch|p2a: Carly Rae|Iron Moth|100/100
|-damage|p2a: Carly Rae|76/100|[from] Stealth Rock
|-enditem|p2a: Carly Rae|Booster Energy
|-activate|p2a: Carly Rae|ability: Quark Drive|[fromitem]
|-start|p2a: Carly Rae|quarkdrivespe
|turn|21
|
|t:|1760358117
|switch|p1a: Sinistcha|Sinistcha-Masterpiece, shiny|56/100 par
|-damage|p1a: Sinistcha|44/100 par|[from] Stealth Rock
|-terastallize|p2a: Carly Rae|Fairy
|move|p2a: Carly Rae|Dazzling Gleam|p1a: Sinistcha
|-damage|p1a: Sinistcha|0 fnt
|faint|p1a: Sinistcha
|
|upkeep
|
|t:|1760358120
|switch|p1a: Zamazenta|Zamazenta, shiny|100/100
|turn|22
|
|t:|1760358123
|move|p2a: Carly Rae|Dazzling Gleam|p1a: Zamazenta
|-supereffective|p1a: Zamazenta
|-damage|p1a: Zamazenta|32/100
|move|p1a: Zamazenta|Heavy Slam|p2a: Carly Rae
|-supereffective|p2a: Carly Rae
|-damage|p2a: Carly Rae|0 fnt
|faint|p2a: Carly Rae
|-end|p2a: Carly Rae|Quark Drive|[silent]
|
|upkeep
|
|t:|1760358129
|switch|p2a: Rat Tally|Garchomp, M|100/100
|-damage|p2a: Rat Tally|94/100|[from] Stealth Rock
|turn|23
|
|t:|1760358137
|move|p1a: Zamazenta|Crunch|p2a: Rat Tally
|-damage|p2a: Rat Tally|69/100
|-damage|p1a: Zamazenta|19/100|[from] ability: Rough Skin|[of] p2a: Rat Tally
|move|p2a: Rat Tally|Scale Shot|p1a: Zamazenta
|-damage|p1a: Zamazenta|6/100
|-damage|p1a: Zamazenta|0 fnt
|faint|p1a: Zamazenta
|-hitcount|p1: Zamazenta|2
|
|win|Auburn Hills
|raw|qaqkiller's rating: 1694 &rarr; <strong>1675</strong><br />(-19 for losing)
|raw|Auburn Hills's rating: 1713 &rarr; <strong>1732</strong><br />(+19 for winning)
|l|☆qaqkiller
|player|p1|
|l|☆Auburn Hills
|player|p2|
|l| Dor.Zf
