|j|☆nygacmnym
|j|☆Manbaby319
|t:|1760329821
|gametype|singles
|player|p1|nygacmnym|cyclist-gen4|1141
|player|p2|Manbaby319|marlon|1112
|gen|9
|tier|[Gen 9] OU
|rated|
|rule|HP Percentage Mod: HP is shown in percentages
|rule|Endless Battle Clause: Forcing endless battles is banned
|rule|Species Clause: Limit one of each Pokémon
|rule|OHKO Clause: OHKO moves are banned
|rule|Evasion Items Clause: Evasion items are banned
|rule|Evasion Moves Clause: Evasion moves are banned
|rule|Evasion Abilities Clause: Evasion abilities are banned
|rule|Sleep Moves Clause: Sleep-inducing moves are banned
|clearpoke
|poke|p1|Incineroar, M|
|poke|p1|Houndoom, M|
|poke|p1|Ceruledge, F|
|poke|p1|Scrafty, F|
|poke|p1|Chandelure, F|
|poke|p1|Krookodile, M|
|poke|p2|Wo-Chien|
|poke|p2|Great Tusk|
|poke|p2|Dragonite, M|
|poke|p2|Frosmoth, F|
|poke|p2|Rotom-Heat|
|poke|p2|Alomomola, M|
|teampreview
|inactive|Battle timer is ON: inactive players will automatically lose when time's up. (requested by nygacmnym)
|inactive|Manbaby319 has 120 seconds left.
|
|t:|1760329873
|teamsize|p1|6
|teamsize|p2|6
|start
|switch|p1a: Houndoom|Houndoom, M|100/100
|switch|p2a: Rotom|Rotom-Heat, shiny|100/100
|turn|1
|
|t:|1760329885
|move|p1a: Houndoom|Sucker Punch|p2a: Rotom
|-damage|p2a: Rotom|71/100
|move|p2a: Rotom|Volt Switch|p1a: Houndoom
|-damage|p1a: Houndoom|55/100
|-damage|p2a: Rotom|61/100|[from] item: Life Orb
|
|t:|1760329901
|switch|p2a: Alomomola|Alomomola, M|100/100|[from] Volt Switch
|
|upkeep
|turn|2
|
|t:|1760329921
|move|p1a: Houndoom|Endeavor|p2a: Alomomola
|-damage|p2a: Alomomola|34/100
|-damage|p1a: Houndoom|38/100|[from] item: Rocky Helmet|[of] p2a: Alomomola
|move|p2a: Alomomola|Flip Turn|p1a: Houndoom
|-supereffective|p1a: Houndoom
|-damage|p1a: Houndoom|0 fnt
|faint|p1a: Houndoom
|inactive|Manbaby319 has 120 seconds left.
|
|t:|1760329945
|switch|p2a: Thiccums|Great Tusk|100/100|[from] Flip Turn
|
|upkeep
|
|t:|1760329954
|switch|p1a: Ceruledge|Ceruledge, F|100/100
|turn|3
|inactive|Manbaby319 has 120 seconds left.
|
|t:|1760329960
|-terastallize|p1a: Ceruledge|Ghost
|move|p2a: Thiccums|Headlong Rush|p1a: Ceruledge
|-damage|p1a: Ceruledge|14/100
|-unboost|p2a: Thiccums|def|1
|-unboost|p2a: Thiccums|spd|1
|-ability|p1a: Ceruledge|Weak Armor|boost
|-unboost|p1a: Ceruledge|def|1
|-boost|p1a: Ceruledge|spe|2
|move|p1a: Ceruledge|Swords Dance|p1a: Ceruledge
|-boost|p1a: Ceruledge|atk|2
|
|upkeep
|turn|4
|inactive|Manbaby319 has 120 seconds left.
|
|t:|1760329974
|move|p1a: Ceruledge|Bitter Blade|p2a: Thiccums
|-damage|p2a: Thiccums|0 fnt
|-heal|p1a: Ceruledge|78/100|[from] drain|[of] p2a: Thiccums
|faint|p2a: Thiccums
|-end|p2a: Thiccums|Protosynthesis|[silent]
|
|upkeep
|inactive|Manbaby319 has 120 seconds left.
|inactive|Manbaby319 has 90 seconds left.
|
|t:|1760330029
|switch|p2a: Snail Trai|Wo-Chien, shiny|100/100
|-ability|p2a: Snail Trai|Tablets of Ruin
|turn|5
|
|t:|1760330037
|-terastallize|p2a: Snail Trai|Water
|move|p1a: Ceruledge|Bitter Blade|p2a: Snail Trai
|-resisted|p2a: Snail Trai
|-damage|p2a: Snail Trai|73/100
|-heal|p1a: Ceruledge|93/100|[from] drain|[of] p2a: Snail Trai
|move|p2a: Snail Trai|Knock Off|p1a: Ceruledge
|-supereffective|p1a: Ceruledge
|-damage|p1a: Ceruledge|0 fnt
|-enditem|p1a: Ceruledge|Heavy-Duty Boots|[from] move: Knock Off|[of] p2a: Snail Trai
|faint|p1a: Ceruledge
|
|-heal|p2a: Snail Trai|79/100|[from] item: Leftovers
|upkeep
|
|t:|1760330051
|switch|p1a: Chandelure|Chandelure, F|100/100
|turn|6
|inactive|Manbaby319 has 90 seconds left.
|
|t:|1760330057
|move|p1a: Chandelure|Calm Mind|p1a: Chandelure
|-boost|p1a: Chandelure|spa|1
|-boost|p1a: Chandelure|spd|1
|move|p2a: Snail Trai|Knock Off|p1a: Chandelure
|-supereffective|p1a: Chandelure
|-damage|p1a: Chandelure|13/100
|-enditem|p1a: Chandelure|Heavy-Duty Boots|[from] move: Knock Off|[of] p2a: Snail Trai
|
|-heal|p2a: Snail Trai|85/100|[from] item: Leftovers
|upkeep
|turn|7
|
|t:|1760330067
|move|p1a: Chandelure|Energy Ball|p2a: Snail Trai
|-supereffective|p2a: Snail Trai
|-damage|p2a: Snail Trai|4/100
|move|p2a: Snail Trai|Leech Seed|p1a: Chandelure
|-start|p1a: Chandelure|move: Leech Seed
|
|-heal|p2a: Snail Trai|10/100|[from] item: Leftovers
|-damage|p1a: Chandelure|1/100|[from] Leech Seed|[of] p2a: Snail Trai
|-heal|p2a: Snail Trai|19/100|[silent]
|upkeep
|turn|8
|
|t:|1760330076
|move|p2a: Snail Trai|Protect|p2a: Snail Trai
|-singleturn|p2a: Snail Trai|Protect
|move|p1a: Chandelure|Shadow Ball|p2a: Snail Trai
|-activate|p2a: Snail Trai|move: Protect
|
|-heal|p2a: Snail Trai|25/100|[from] item: Leftovers
|-damage|p1a: Chandelure|0 fnt|[from] Leech Seed|[of] p2a: Snail Trai
|-heal|p2a: Snail Trai|26/100|[silent]
|faint|p1a: Chandelure
|upkeep
|
|t:|1760330086
|switch|p1a: Krookodile|Krookodile, M|100/100
|turn|9
|
|t:|1760330101
|switch|p2a: Alomomola|Alomomola, M|67/100
|move|p1a: Krookodile|Crunch|p2a: Alomomola
|-damage|p2a: Alomomola|44/100
|-damage|p1a: Krookodile|84/100|[from] item: Rocky Helmet|[of] p2a: Alomomola
|
|upkeep
|turn|10
|n|!nygacmnym|nygacmnym
|inactive|nygacmnym has 120 seconds left.
|inactive|nygacmnym has 90 seconds left.
|inactive|nygacmnym has 60 seconds left.
|inactive|nygacmnym has 30 seconds left.
|l|☆Manbaby319
|inactive|Manbaby319 disconnected and has a minute to reconnect!
|player|p2|
|j|☆Manbaby319
|inactive|Manbaby319 reconnected.
|player|p2|Manbaby319|marlon|
|inactive|nygacmnym has 20 seconds left.
|inactive|nygacmnym has 15 seconds left.
|inactive|nygacmnym has 10 seconds left.
|inactive|nygacmnym has 5 seconds left.
|-message|nygacmnym lost due to inactivity.
|
|win|Manbaby319
|raw|nygacmnym's rating: 1141 &rarr; <strong>1114</strong><br />(-27 for losing)
|raw|Manbaby319's rating: 1112 &rarr; <strong>1139</strong><br />(+27 for winning)
|l|!nygacmnym
|player|p1|
|l|☆Manbaby319
|player|p2|
