|j|☆3r34t45
|j|☆blizzmat
|t:|1760352227
|gametype|singles
|player|p1|3r34t45|170|1424
|player|p2|blizzmat|colress|1367
|gen|9
|tier|[Gen 9] OU
|rated|
|rule|HP Percentage Mod: HP is shown in percentages
|rule|Endless Battle Clause: Forcing endless battles is banned
|rule|Species Clause: Limit one of each Pokémon
|rule|OHKO Clause: OHKO moves are banned
|rule|Evasion Items Clause: Evasion items are banned
|rule|Evasion Moves Clause: Evasion moves are banned
|rule|Evasion Abilities Clause: Evasion abilities are banned
|rule|Sleep Moves Clause: Sleep-inducing moves are banned
|clearpoke
|poke|p1|Darkrai|
|poke|p1|Great Tusk|
|poke|p1|Mew|
|poke|p1|Rotom-Frost|
|poke|p1|Hydrapple, F|
|poke|p1|Samurott-Hisui, F|
|poke|p2|Gholdengo|
|poke|p2|Enamorus, F|
|poke|p2|Ogerpon-Wellspring, F|
|poke|p2|Dragapult, F|
|poke|p2|Zamazenta-*|
|poke|p2|Glimmora, F|
|teampreview
|inactive|Battle timer is ON: inactive players will automatically lose when time's up. (requested by 3r34t45)
|
|t:|1760352240
|teamsize|p1|6
|teamsize|p2|6
|start
|switch|p1a: Mew|Mew|100/100
|switch|p2a: Ogerpon|Ogerpon-Wellspring, F|100/100
|turn|1
|
|t:|1760352247
|move|p2a: Ogerpon|Ivy Cudgel|p1a: Mew|[anim] Ivy Cudgel Water
|-damage|p1a: Mew|43/100
|move|p1a: Mew|Volt Switch|p2a: Ogerpon
|-damage|p2a: Ogerpon|76/100
|
|t:|1760352249
|switch|p1a: Hydrapple|Hydrapple, F|100/100|[from] Volt Switch
|
|upkeep
|turn|2
|
|t:|1760352258
|switch|p2a: Gholdengo|Gholdengo|100/100
|move|p1a: Hydrapple|Giga Drain|p2a: Gholdengo
|-resisted|p2a: Gholdengo
|-damage|p2a: Gholdengo|79/100
|
|upkeep
|turn|3
|
|t:|1760352265
|switch|p1a: Samurott|Samurott-Hisui, F|100/100
|move|p2a: Gholdengo|Make It Rain|p1a: Samurott
|-resisted|p1a: Samurott
|-damage|p1a: Samurott|42/100
|-unboost|p2a: Gholdengo|spa|1
|
|upkeep
|turn|4
|
|t:|1760352272
|switch|p2a: Glimmora|Glimmora, F|100/100
|move|p1a: Samurott|Flip Turn|p2a: Glimmora
|-supereffective|p2a: Glimmora
|-damage|p2a: Glimmora|30/100
|-activate|p2a: Glimmora|ability: Toxic Debris
|-sidestart|p1: 3r34t45|move: Toxic Spikes
|-enditem|p2a: Glimmora|Red Card|[of] p1a: Samurott
|drag|p1a: Mew|Mew|43/100
|-status|p1a: Mew|psn
|
|-heal|p1a: Mew|49/100 psn|[from] item: Leftovers
|-damage|p1a: Mew|37/100 psn|[from] psn
|upkeep
|turn|5
|
|t:|1760352294
|move|p1a: Mew|Stealth Rock|p2a: Glimmora
|-sidestart|p2: blizzmat|move: Stealth Rock
|move|p2a: Glimmora|Mortal Spin|p1a: Mew
|-damage|p1a: Mew|32/100 psn
|-sideend|p2: blizzmat|Stealth Rock|[from] move: Mortal Spin|[of] p2a: Glimmora
|
|-heal|p1a: Mew|38/100 psn|[from] item: Leftovers
|-damage|p1a: Mew|25/100 psn|[from] psn
|upkeep
|turn|6
|-message|3r34t45 forfeited.
|
|win|blizzmat
|raw|3r34t45's rating: 1424 &rarr; <strong>1401</strong><br />(-23 for losing)
|raw|blizzmat's rating: 1367 &rarr; <strong>1390</strong><br />(+23 for winning)
|l|☆3r34t45
|player|p1|
