|j|☆MegaJimbo
|j|☆Frabie
|t:|1760385655
|gametype|singles
|player|p1|MegaJimbo|giovanni|1136
|player|p2|Frabie|cyclist-gen4|1109
|gen|9
|tier|[Gen 9] OU
|rated|
|rule|HP Percentage Mod: HP is shown in percentages
|rule|Endless Battle Clause: Forcing endless battles is banned
|rule|Species Clause: Limit one of each Pokémon
|rule|OHKO Clause: OHKO moves are banned
|rule|Evasion Items Clause: Evasion items are banned
|rule|Evasion Moves Clause: Evasion moves are banned
|rule|Evasion Abilities Clause: Evasion abilities are banned
|rule|Sleep Moves Clause: Sleep-inducing moves are banned
|clearpoke
|poke|p1|Torterra, F|
|poke|p1|Muk-Alola, M|
|poke|p1|Quagsire, M|
|poke|p1|Froslass, F|
|poke|p1|Gallade, M|
|poke|p1|Magmortar, M|
|poke|p2|Zarude-Dada|
|poke|p2|Quaquaval, F|
|poke|p2|Skeledirge, M|
|poke|p2|Dragapult, M|
|poke|p2|Glimmora, M|
|poke|p2|Comfey, M|
|teampreview
|inactive|Battle timer is ON: inactive players will automatically lose when time's up. (requested by MegaJimbo)
|inactive|Frabie has 120 seconds left.
|
|t:|1760385711
|teamsize|p1|6
|teamsize|p2|6
|start
|switch|p1a: Froslass|Froslass, F|100/100
|switch|p2a: Comfey|Comfey, M, shiny|100/100
|turn|1
|
|t:|1760385720
|switch|p2a: Glimmora|Glimmora, M, shiny|100/100
|move|p1a: Froslass|Taunt|p2a: Glimmora
|-start|p2a: Glimmora|move: Taunt
|
|upkeep
|turn|2
|
|t:|1760385726
|move|p1a: Froslass|Spikes|p2a: Glimmora
|-sidestart|p2: Frabie|Spikes
|move|p2a: Glimmora|Ancient Power|p1a: Froslass
|-supereffective|p1a: Froslass
|-damage|p1a: Froslass|2/100
|-start|p2a: Glimmora|Disable|Ancient Power|[from] ability: Cursed Body|[of] p1a: Froslass
|
|upkeep
|turn|3
|
|t:|1760385733
|move|p1a: Froslass|Destiny Bond|p1a: Froslass
|-singlemove|p1a: Froslass|Destiny Bond
|move|p2a: Glimmora|Sludge Bomb|p1a: Froslass
|-resisted|p1a: Froslass
|-crit|p1a: Froslass
|-damage|p1a: Froslass|0 fnt
|faint|p1a: Froslass
|-activate|p1a: Froslass|move: Destiny Bond
|faint|p2a: Glimmora
|
|upkeep
|
|t:|1760385742
|switch|p1a: Muk|Muk-Alola, M|100/100
|switch|p2a: Quaquaval|Quaquaval, F, shiny|100/100
|-damage|p2a: Quaquaval|88/100|[from] Spikes
|turn|4
|inactive|MegaJimbo has 120 seconds left.
|inactive|MegaJimbo has 90 seconds left.
|inactive|Frabie has 120 seconds left.
|
|t:|1760385820
|-terastallize|p2a: Quaquaval|Ice
|move|p2a: Quaquaval|Triple Axel|p1a: Muk
|-damage|p1a: Muk|89/100
|-damage|p1a: Muk|65/100
|-damage|p1a: Muk|30/100
|-hitcount|p1a: Muk|3
|move|p1a: Muk|Gunk Shot|p2a: Quaquaval
|-damage|p2a: Quaquaval|12/100
|
|upkeep
|turn|5
|
|t:|1760385829
|switch|p1a: Quagsire|Quagsire, M|100/100
|move|p2a: Quaquaval|Triple Axel|p1a: Quagsire
|-damage|p1a: Quagsire|93/100
|-damage|p2a: Quaquaval|0 fnt|[from] item: Rocky Helmet|[of] p1a: Quagsire
|faint|p2a: Quaquaval
|-hitcount|p1a: Quagsire|1
|
|upkeep
|
|t:|1760385838
|switch|p2a: Zarude|Zarude-Dada|100/100
|-damage|p2a: Zarude|88/100|[from] Spikes
|turn|6
|inactive|MegaJimbo has 90 seconds left.
|
|t:|1760385856
|switch|p1a: Torterra|Torterra, F|100/100
|move|p2a: Zarude|Swords Dance|p2a: Zarude
|-boost|p2a: Zarude|atk|2
|
|upkeep
|turn|7
|
|t:|1760385868
|move|p2a: Zarude|Drain Punch|p1a: Torterra
|-damage|p1a: Torterra|52/100
|-heal|p2a: Zarude|100/100|[from] drain|[of] p1a: Torterra
|move|p1a: Torterra|Shell Smash|p1a: Torterra
|-unboost|p1a: Torterra|def|1
|-unboost|p1a: Torterra|spd|1
|-boost|p1a: Torterra|atk|2
|-boost|p1a: Torterra|spa|2
|-boost|p1a: Torterra|spe|2
|
|upkeep
|turn|8
|inactive|MegaJimbo has 90 seconds left.
|
|t:|1760385878
|move|p1a: Torterra|Headlong Rush|p2a: Zarude
|-resisted|p2a: Zarude
|-damage|p2a: Zarude|41/100
|-unboost|p1a: Torterra|def|1
|-unboost|p1a: Torterra|spd|1
|move|p2a: Zarude|Trailblaze|p1a: Torterra
|-damage|p1a: Torterra|0 fnt
|-boost|p2a: Zarude|spe|1
|faint|p1a: Torterra
|
|upkeep
|
|t:|1760385888
|switch|p1a: Muk|Muk-Alola, M|30/100
|turn|9
|
|t:|1760385892
|move|p2a: Zarude|Crunch|p1a: Muk
|-resisted|p1a: Muk
|-damage|p1a: Muk|0 fnt
|faint|p1a: Muk
|
|upkeep
|
|t:|1760385896
|switch|p1a: Magmortar|Magmortar, M|100/100
|turn|10
|
|t:|1760385904
|move|p2a: Zarude|Crunch|p1a: Magmortar
|-damage|p1a: Magmortar|0 fnt
|faint|p1a: Magmortar
|
|upkeep
|-message|MegaJimbo forfeited.
|
|win|Frabie
|raw|MegaJimbo's rating: 1136 &rarr; <strong>1109</strong><br />(-27 for losing)
|raw|Frabie's rating: 1109 &rarr; <strong>1136</strong><br />(+27 for winning)
|l|☆MegaJimbo
|player|p1|
|l|☆Frabie
|player|p2|
