|j|☆Daymo
|j|☆Chococroc
|t:|1760302457
|gametype|singles
|player|p1|Daymo|2|1749
|player|p2|Chococroc|pokemaniac|1711
|gen|9
|tier|[Gen 9] OU
|rated|
|rule|HP Percentage Mod: HP is shown in percentages
|rule|Endless Battle Clause: Forcing endless battles is banned
|rule|Species Clause: Limit one of each Pokémon
|rule|OHKO Clause: OHKO moves are banned
|rule|Evasion Items Clause: Evasion items are banned
|rule|Evasion Moves Clause: Evasion moves are banned
|rule|Evasion Abilities Clause: Evasion abilities are banned
|rule|Sleep Moves Clause: Sleep-inducing moves are banned
|clearpoke
|poke|p1|Dragapult, M|
|poke|p1|Glimmora, M|
|poke|p1|Comfey, M|
|poke|p1|Kingambit, M|
|poke|p1|Ogerpon-Wellspring, F|
|poke|p1|Blaziken, M|
|poke|p2|Meowscarada, M|
|poke|p2|Moltres|
|poke|p2|Slowking-Galar, M|
|poke|p2|Garchomp, M|
|poke|p2|Iron Valiant|
|poke|p2|Iron Treads|
|teampreview
|
|t:|1760302472
|teamsize|p1|6
|teamsize|p2|6
|start
|switch|p1a: Glimmora|Glimmora, M, shiny|100/100
|switch|p2a: Meowscarada|Meowscarada, M|100/100
|turn|1
|
|t:|1760302478
|move|p2a: Meowscarada|U-turn|p1a: Glimmora
|-start|p2a: Meowscarada|typechange|Bug|[from] ability: Protean
|-resisted|p1a: Glimmora
|-damage|p1a: Glimmora|90/100
|-activate|p1a: Glimmora|ability: Toxic Debris
|-sidestart|p2: Chococroc|move: Toxic Spikes
|-enditem|p1a: Glimmora|Red Card|[of] p2a: Meowscarada
|drag|p2a: Garchomp|Garchomp, M|100/100
|-status|p2a: Garchomp|psn
|move|p1a: Glimmora|Stealth Rock|p2a: Garchomp
|-sidestart|p2: Chococroc|move: Stealth Rock
|
|-damage|p2a: Garchomp|88/100 psn|[from] psn
|upkeep
|turn|2
|
|t:|1760302487
|switch|p1a: Ogerpon|Ogerpon-Wellspring, F|100/100
|move|p2a: Garchomp|Earthquake|p1a: Ogerpon
|-resisted|p1a: Ogerpon
|-damage|p1a: Ogerpon|66/100
|
|-damage|p2a: Garchomp|76/100 psn|[from] psn
|upkeep
|turn|3
|
|t:|1760302494
|move|p1a: Ogerpon|Spikes|p2a: Garchomp
|-sidestart|p2: Chococroc|Spikes
|move|p2a: Garchomp|Scale Shot|p1a: Ogerpon
|-damage|p1a: Ogerpon|47/100
|-damage|p1a: Ogerpon|31/100
|-damage|p1a: Ogerpon|14/100
|-damage|p1a: Ogerpon|0 fnt
|faint|p1a: Ogerpon
|-hitcount|p1: Ogerpon|4
|-unboost|p2a: Garchomp|def|1
|-boost|p2a: Garchomp|spe|1
|
|-damage|p2a: Garchomp|64/100 psn|[from] psn
|upkeep
|
|t:|1760302499
|switch|p1a: Comfey|Comfey, M, shiny|100/100
|turn|4
|
|t:|1760302501
|move|p1a: Comfey|Draining Kiss|p2a: Garchomp
|-supereffective|p2a: Garchomp
|-damage|p2a: Garchomp|0 fnt
|-damage|p1a: Comfey|88/100|[from] ability: Rough Skin|[of] p2a: Garchomp
|faint|p2a: Garchomp
|-damage|p1a: Comfey|78/100|[from] item: Life Orb
|
|upkeep
|
|t:|1760302508
|switch|p2a: Iron Treads|Iron Treads|100/100
|-damage|p2a: Iron Treads|97/100|[from] Stealth Rock
|-damage|p2a: Iron Treads|85/100|[from] Spikes
|turn|5
|
|t:|1760302511
|switch|p1a: Dragapult|Dragapult, M, shiny|100/100
|move|p2a: Iron Treads|Knock Off|p1a: Dragapult
|-supereffective|p1a: Dragapult
|-damage|p1a: Dragapult|10/100
|-enditem|p1a: Dragapult|Choice Specs|[from] move: Knock Off|[of] p2a: Iron Treads
|
|-heal|p2a: Iron Treads|91/100|[from] item: Leftovers
|upkeep
|turn|6
|
|t:|1760302531
|-end|p2a: Iron Treads|Quark Drive|[silent]
|switch|p2a: Slowking|Slowking-Galar, M|100/100
|-sideend|p2: Chococroc|move: Toxic Spikes|[of] p2a: Slowking
|move|p1a: Dragapult|Flamethrower|p2a: Slowking
|-crit|p2a: Slowking
|-damage|p2a: Slowking|79/100
|
|upkeep
|turn|7
|
|t:|1760302538
|move|p1a: Dragapult|U-turn|p2a: Slowking
|-damage|p2a: Slowking|60/100
|
|t:|1760302543
|switch|p1a: Kingambit|Kingambit, M, shiny|100/100|[from] U-turn
|-activate|p1a: Kingambit|ability: Supreme Overlord
|-start|p1a: Kingambit|fallen1|[silent]
|move|p2a: Slowking|Sludge Bomb|p1a: Kingambit
|-immune|p1a: Kingambit
|
|upkeep
|turn|8
|
|t:|1760302557
|-end|p1a: Kingambit|fallen1|[silent]
|switch|p1a: Glimmora|Glimmora, M, shiny|90/100
|switch|p2a: Moltres|Moltres|100/100
|
|upkeep
|turn|9
|
|t:|1760302568
|switch|p2a: Slowking|Slowking-Galar, M|93/100
|switch|p1a: Blaziken|Blaziken, M, shiny|100/100
|
|upkeep
|turn|10
|
|t:|1760302579
|move|p1a: Blaziken|Knock Off|p2a: Slowking
|-supereffective|p2a: Slowking
|-damage|p2a: Slowking|7/100
|-enditem|p2a: Slowking|Heavy-Duty Boots|[from] move: Knock Off|[of] p1a: Blaziken
|-damage|p1a: Blaziken|91/100|[from] item: Life Orb
|move|p2a: Slowking|Sludge Bomb|p1a: Blaziken
|-damage|p1a: Blaziken|44/100
|-status|p1a: Blaziken|psn
|
|-damage|p1a: Blaziken|31/100 psn|[from] psn
|-ability|p1a: Blaziken|Speed Boost|boost
|-boost|p1a: Blaziken|spe|1
|upkeep
|turn|11
|
|t:|1760302589
|switch|p2a: Moltres|Moltres|100/100
|move|p1a: Blaziken|Knock Off|p2a: Moltres
|-crit|p2a: Moltres
|-damage|p2a: Moltres|57/100
|-enditem|p2a: Moltres|Heavy-Duty Boots|[from] move: Knock Off|[of] p1a: Blaziken
|-damage|p1a: Blaziken|21/100 psn|[from] item: Life Orb
|
|-damage|p1a: Blaziken|9/100 psn|[from] psn
|-ability|p1a: Blaziken|Speed Boost|boost
|-boost|p1a: Blaziken|spe|1
|upkeep
|turn|12
|
|t:|1760302591
|switch|p1a: Glimmora|Glimmora, M, shiny|90/100
|move|p2a: Moltres|Roost|p2a: Moltres
|-heal|p2a: Moltres|100/100
|-singleturn|p2a: Moltres|move: Roost
|
|upkeep
|turn|13
|j| Ctannn
|
|t:|1760302601
|move|p2a: Moltres|Flamethrower|p1a: Glimmora
|-resisted|p1a: Glimmora
|-damage|p1a: Glimmora|68/100
|move|p1a: Glimmora|Power Gem|p2a: Moltres
|-supereffective|p2a: Moltres
|-damage|p2a: Moltres|0 fnt
|faint|p2a: Moltres
|
|upkeep
|
|t:|1760302608
|switch|p2a: Iron Treads|Iron Treads|91/100
|-damage|p2a: Iron Treads|88/100|[from] Stealth Rock
|-damage|p2a: Iron Treads|76/100|[from] Spikes
|turn|14
|
|t:|1760302616
|-terastallize|p1a: Glimmora|Ghost
|move|p2a: Iron Treads|Earthquake|p1a: Glimmora
|-damage|p1a: Glimmora|35/100
|-activate|p1a: Glimmora|ability: Toxic Debris
|-sidestart|p2: Chococroc|move: Toxic Spikes
|move|p1a: Glimmora|Earth Power|p2a: Iron Treads
|-supereffective|p2a: Iron Treads
|-damage|p2a: Iron Treads|3/100
|
|-heal|p2a: Iron Treads|9/100|[from] item: Leftovers
|upkeep
|turn|15
|
|t:|1760302623
|move|p2a: Iron Treads|Earthquake|p1a: Glimmora
|-damage|p1a: Glimmora|4/100
|-activate|p1a: Glimmora|ability: Toxic Debris
|-sidestart|p2: Chococroc|move: Toxic Spikes
|move|p1a: Glimmora|Earth Power|p2a: Iron Treads
|-supereffective|p2a: Iron Treads
|-damage|p2a: Iron Treads|0 fnt
|faint|p2a: Iron Treads
|-end|p2a: Iron Treads|Quark Drive|[silent]
|
|upkeep
|
|t:|1760302661
|switch|p2a: Meowscarada|Meowscarada, M|100/100
|turn|16
|
|t:|1760302667
|move|p2a: Meowscarada|U-turn|p1a: Glimmora
|-start|p2a: Meowscarada|typechange|Bug|[from] ability: Protean
|-resisted|p1a: Glimmora
|-damage|p1a: Glimmora|0 fnt
|faint|p1a: Glimmora
|
|t:|1760302670
|switch|p2a: Slowking|Slowking-Galar, M|40/100|[from] U-turn
|-damage|p2a: Slowking|27/100|[from] Stealth Rock
|-damage|p2a: Slowking|15/100|[from] Spikes
|-sideend|p2: Chococroc|move: Toxic Spikes|[of] p2a: Slowking
|
|upkeep
|
|t:|1760302681
|switch|p1a: Blaziken|Blaziken, M, shiny|9/100 psn
|turn|17
|
|t:|1760302684
|move|p1a: Blaziken|Flare Blitz|p2a: Slowking
|-crit|p2a: Slowking
|-damage|p2a: Slowking|0 fnt
|faint|p2a: Slowking
|-damage|p1a: Blaziken|3/100 psn|[from] Recoil
|-damage|p1a: Blaziken|0 fnt|[from] item: Life Orb
|faint|p1a: Blaziken
|
|upkeep
|
|t:|1760302691
|switch|p1a: Comfey|Comfey, M, shiny|78/100
|switch|p2a: Meowscarada|Meowscarada, M|100/100
|turn|18
|
|t:|1760302697
|-terastallize|p2a: Meowscarada|Grass
|move|p1a: Comfey|Draining Kiss|p2a: Meowscarada
|-damage|p2a: Meowscarada|58/100
|-heal|p1a: Comfey|100/100|[from] drain|[of] p2a: Meowscarada
|-damage|p1a: Comfey|91/100|[from] item: Life Orb
|move|p2a: Meowscarada|Flower Trick|p1a: Comfey
|-crit|p1a: Comfey
|-damage|p1a: Comfey|12/100
|
|upkeep
|turn|19
|
|t:|1760302712
|switch|p1a: Kingambit|Kingambit, M, shiny|100/100
|-activate|p1a: Kingambit|ability: Supreme Overlord
|-start|p1a: Kingambit|fallen3|[silent]
|move|p2a: Meowscarada|Flower Trick|p1a: Kingambit
|-resisted|p1a: Kingambit
|-crit|p1a: Kingambit
|-damage|p1a: Kingambit|78/100
|
|-heal|p1a: Kingambit|84/100|[from] item: Leftovers
|upkeep
|turn|20
|
|t:|1760302715
|move|p2a: Meowscarada|Flower Trick|p1a: Kingambit
|-resisted|p1a: Kingambit
|-crit|p1a: Kingambit
|-damage|p1a: Kingambit|60/100
|move|p1a: Kingambit|Iron Head|p2a: Meowscarada
|-damage|p2a: Meowscarada|0 fnt
|faint|p2a: Meowscarada
|
|-heal|p1a: Kingambit|67/100|[from] item: Leftovers
|upkeep
|
|t:|1760302717
|switch|p2a: Iron Valiant|Iron Valiant|100/100
|-damage|p2a: Iron Valiant|94/100|[from] Stealth Rock
|-damage|p2a: Iron Valiant|82/100|[from] Spikes
|-enditem|p2a: Iron Valiant|Booster Energy
|-activate|p2a: Iron Valiant|ability: Quark Drive|[fromitem]
|-start|p2a: Iron Valiant|quarkdrivespe
|turn|21
|
|t:|1760302720
|move|p2a: Iron Valiant|Close Combat|p1a: Kingambit
|-supereffective|p1a: Kingambit
|-damage|p1a: Kingambit|0 fnt
|-unboost|p2a: Iron Valiant|def|1
|-unboost|p2a: Iron Valiant|spd|1
|faint|p1a: Kingambit
|-end|p1a: Kingambit|fallen3|[silent]
|
|upkeep
|
|t:|1760302725
|switch|p1a: Comfey|Comfey, M, shiny|12/100
|turn|22
|
|t:|1760302726
|move|p1a: Comfey|Draining Kiss|p2a: Iron Valiant
|-supereffective|p2a: Iron Valiant
|-damage|p2a: Iron Valiant|0 fnt
|-heal|p1a: Comfey|70/100|[from] drain|[of] p2a: Iron Valiant
|faint|p2a: Iron Valiant
|-end|p2a: Iron Valiant|Quark Drive|[silent]
|-damage|p1a: Comfey|60/100|[from] item: Life Orb
|
|win|Daymo
|raw|Daymo's rating: 1749 &rarr; <strong>1767</strong><br />(+18 for winning)
|raw|Chococroc's rating: 1711 &rarr; <strong>1693</strong><br />(-18 for losing)
|l|☆Chococroc
|player|p2|
|l|☆Daymo
|player|p1|
