|j|‽Mickoblack
|j|☆TryinSome
|t:|1760450913
|gametype|singles
|player|p1|Mickoblack|169|1136
|player|p2|TryinSome|nate|1156
|gen|9
|tier|[Gen 9] OU
|rated|
|rule|HP Percentage Mod: HP is shown in percentages
|rule|Endless Battle Clause: Forcing endless battles is banned
|rule|Species Clause: Limit one of each Pokémon
|rule|OHKO Clause: OHKO moves are banned
|rule|Evasion Items Clause: Evasion items are banned
|rule|Evasion Moves Clause: Evasion moves are banned
|rule|Evasion Abilities Clause: Evasion abilities are banned
|rule|Sleep Moves Clause: Sleep-inducing moves are banned
|clearpoke
|poke|p1|Iron Crown|
|poke|p1|Samurott-Hisui, F|
|poke|p1|Zapdos|
|poke|p1|Dragapult, M|
|poke|p1|Great Tusk|
|poke|p1|Iron Boulder|
|poke|p2|Lycanroc-Dusk, M|
|poke|p2|Araquanid, M|
|poke|p2|Salamence, M|
|poke|p2|Toxtricity-Low-Key, M|
|poke|p2|Grimmsnarl, M|
|poke|p2|Magmortar, M|
|teampreview
|
|t:|1760450929
|teamsize|p1|6
|teamsize|p2|6
|start
|switch|p1a: Zapdos|Zapdos, shiny|100/100
|switch|p2a: Grimmsnarl|Grimmsnarl, M, shiny|100/100
|turn|1
|
|t:|1760450939
|move|p2a: Grimmsnarl|Light Screen|p2a: Grimmsnarl
|-sidestart|p2: TryinSome|move: Light Screen
|move|p1a: Zapdos|Thunder Wave|p2a: Grimmsnarl
|-status|p2a: Grimmsnarl|par
|
|upkeep
|turn|2
|
|t:|1760450956
|move|p2a: Grimmsnarl|Reflect|p2a: Grimmsnarl
|-sidestart|p2: TryinSome|Reflect
|move|p1a: Zapdos|Thunderbolt|p2a: Grimmsnarl
|-damage|p2a: Grimmsnarl|77/100 par
|
|upkeep
|turn|3
|
|t:|1760450964
|move|p1a: Zapdos|Thunderbolt|p2a: Grimmsnarl
|-damage|p2a: Grimmsnarl|53/100 par
|move|p2a: Grimmsnarl|Play Rough|p1a: Zapdos
|-damage|p1a: Zapdos|58/100
|
|upkeep
|turn|4
|
|t:|1760450970
|cant|p2a: Grimmsnarl|par
|move|p1a: Zapdos|Thunderbolt|p2a: Grimmsnarl
|-crit|p2a: Grimmsnarl
|-damage|p2a: Grimmsnarl|0 fnt
|faint|p2a: Grimmsnarl
|
|upkeep
|
|t:|1760450977
|switch|p2a: Lycanroc|Lycanroc-Dusk, M, shiny|100/100
|turn|5
|
|t:|1760450982
|move|p2a: Lycanroc|Swords Dance|p2a: Lycanroc
|-boost|p2a: Lycanroc|atk|2
|move|p1a: Zapdos|Thunder Wave|p2a: Lycanroc
|-status|p2a: Lycanroc|par
|
|upkeep
|turn|6
|
|t:|1760450991
|cant|p2a: Lycanroc|par
|move|p1a: Zapdos|Thunderbolt|p2a: Lycanroc
|-damage|p2a: Lycanroc|60/100 par
|
|upkeep
|turn|7
|
|t:|1760451006
|move|p2a: Lycanroc|Accelerock|p1a: Zapdos
|-supereffective|p1a: Zapdos
|-damage|p1a: Zapdos|0 fnt
|faint|p1a: Zapdos
|
|upkeep
|
|t:|1760451034
|switch|p1a: Great Tusk|Great Tusk|100/100
|turn|8
|
|t:|1760451058
|move|p1a: Great Tusk|Headlong Rush|p2a: Lycanroc
|-supereffective|p2a: Lycanroc
|-damage|p2a: Lycanroc|0 fnt
|-unboost|p1a: Great Tusk|def|1
|-unboost|p1a: Great Tusk|spd|1
|faint|p2a: Lycanroc
|
|-sideend|p2: TryinSome|move: Light Screen
|upkeep
|
|t:|1760451067
|switch|p2a: Salamence|Salamence, M|100/100
|turn|9
|
|t:|1760451073
|-terastallize|p2a: Salamence|Steel
|move|p2a: Salamence|Dragon Dance|p2a: Salamence
|-boost|p2a: Salamence|atk|1
|-boost|p2a: Salamence|spe|1
|move|p1a: Great Tusk|Ice Spinner|p2a: Salamence
|-resisted|p2a: Salamence
|-damage|p2a: Salamence|92/100
|
|-heal|p2a: Salamence|98/100|[from] item: Leftovers
|-sideend|p2: TryinSome|Reflect
|upkeep
|turn|10
|
|t:|1760451087
|move|p2a: Salamence|Dual Wingbeat|p1a: Great Tusk
|-supereffective|p1a: Great Tusk
|-damage|p1a: Great Tusk|18/100
|-supereffective|p1a: Great Tusk
|-damage|p1a: Great Tusk|0 fnt
|faint|p1a: Great Tusk
|-end|p1a: Great Tusk|Protosynthesis|[silent]
|-ability|p2a: Salamence|Moxie|boost
|-boost|p2a: Salamence|atk|1
|-hitcount|p1: Great Tusk|2
|
|-heal|p2a: Salamence|100/100|[from] item: Leftovers
|upkeep
|
|t:|1760451143
|switch|p1a: Iron Boulder|Iron Boulder|100/100
|-enditem|p1a: Iron Boulder|Booster Energy
|-activate|p1a: Iron Boulder|ability: Quark Drive|[fromitem]
|-start|p1a: Iron Boulder|quarkdrivespe
|turn|11
|
|t:|1760451155
|-terastallize|p1a: Iron Boulder|Fighting
|move|p1a: Iron Boulder|Close Combat|p2a: Salamence
|-supereffective|p2a: Salamence
|-damage|p2a: Salamence|0 fnt
|-unboost|p1a: Iron Boulder|def|1
|-unboost|p1a: Iron Boulder|spd|1
|faint|p2a: Salamence
|
|upkeep
|
|t:|1760451170
|switch|p2a: Toxtricity|Toxtricity-Low-Key, M|100/100
|turn|12
|
|t:|1760451176
|move|p1a: Iron Boulder|Zen Headbutt|p2a: Toxtricity
|-supereffective|p2a: Toxtricity
|-damage|p2a: Toxtricity|0 fnt
|faint|p2a: Toxtricity
|
|upkeep
|
|t:|1760451179
|switch|p2a: Araquanid|Araquanid, M, shiny|100/100
|turn|13
|
|t:|1760451185
|move|p1a: Iron Boulder|Mighty Cleave|p2a: Araquanid
|-supereffective|p2a: Araquanid
|-damage|p2a: Araquanid|0 fnt
|faint|p2a: Araquanid
|
|upkeep
|
|t:|1760451188
|switch|p2a: Magmortar|Magmortar, M|100/100
|turn|14
|
|t:|1760451195
|move|p1a: Iron Boulder|Mighty Cleave|p2a: Magmortar
|-supereffective|p2a: Magmortar
|-damage|p2a: Magmortar|0 fnt
|faint|p2a: Magmortar
|
|win|Mickoblack
|raw|Mickoblack's rating: 1136 &rarr; <strong>1162</strong><br />(+26 for winning)
|raw|TryinSome's rating: 1156 &rarr; <strong>1130</strong><br />(-26 for losing)
|l|☆TryinSome
|player|p2|
|l|‽Mickoblack
|player|p1|
