|j|☆yomama-dafuk
|j|☆rawbraines
|t:|1760462156
|gametype|singles
|player|p1|yomama-dafuk|ninjaboy|1158
|player|p2|rawbraines|smasher|1162
|gen|9
|tier|[Gen 9] OU
|rated|
|rule|HP Percentage Mod: HP is shown in percentages
|rule|Endless Battle Clause: Forcing endless battles is banned
|rule|Species Clause: Limit one of each Pokémon
|rule|OHKO Clause: OHKO moves are banned
|rule|Evasion Items Clause: Evasion items are banned
|rule|Evasion Moves Clause: Evasion moves are banned
|rule|Evasion Abilities Clause: Evasion abilities are banned
|rule|Sleep Moves Clause: Sleep-inducing moves are banned
|clearpoke
|poke|p1|Ogerpon-Wellspring, F|
|poke|p1|Iron Thorns|
|poke|p1|Zamazenta-*|
|poke|p1|Pincurchin, F|
|poke|p1|Zarude-Dada|
|poke|p1|Moltres|
|poke|p2|Weezing, F|
|poke|p2|Avalugg-Hisui, M|
|poke|p2|Latias, F|
|poke|p2|Meowscarada, F|
|poke|p2|Suicune|
|poke|p2|Klefki, M|
|teampreview
|
|t:|1760462163
|teamsize|p1|6
|teamsize|p2|6
|start
|switch|p1a: Pincurchin|Pincurchin, F|100/100
|switch|p2a: Avalugg|Avalugg-Hisui, M|100/100
|-fieldstart|move: Electric Terrain|[from] ability: Electric Surge|[of] p1a: Pincurchin
|turn|1
|
|t:|1760462168
|-terastallize|p2a: Avalugg|Fairy
|move|p2a: Avalugg|Stealth Rock|p1a: Pincurchin
|-sidestart|p1: yomama-dafuk|move: Stealth Rock
|move|p1a: Pincurchin|Thunder Wave|p2a: Avalugg
|-status|p2a: Avalugg|par
|
|upkeep
|turn|2
|
|t:|1760462189
|switch|p1a: Zarude|Zarude-Dada|100/100
|-damage|p1a: Zarude|88/100|[from] Stealth Rock
|-enditem|p1a: Zarude|Electric Seed
|-boost|p1a: Zarude|def|1|[from] item: Electric Seed
|switch|p2a: Klefki|Klefki, M|100/100
|
|upkeep
|turn|3
|
|t:|1760462202
|move|p2a: Klefki|Spikes|p1a: Zarude
|-sidestart|p1: yomama-dafuk|Spikes
|move|p1a: Zarude|Knock Off|p2a: Klefki
|-resisted|p2a: Klefki
|-damage|p2a: Klefki|82/100
|-enditem|p2a: Klefki|Toxic Orb|[from] move: Knock Off|[of] p1a: Zarude
|
|upkeep
|turn|4
|
|t:|1760462207
|move|p2a: Klefki|Spikes|p1a: Zarude
|-sidestart|p1: yomama-dafuk|Spikes
|move|p1a: Zarude|Encore|p2a: Klefki
|-start|p2a: Klefki|Encore
|
|upkeep
|turn|5
|
|t:|1760462210
|move|p2a: Klefki|Spikes|p1a: Zarude
|-sidestart|p1: yomama-dafuk|Spikes
|move|p1a: Zarude|Trailblaze|p2a: Klefki
|-resisted|p2a: Klefki
|-damage|p2a: Klefki|71/100
|-boost|p1a: Zarude|spe|1
|
|upkeep
|turn|6
|
|t:|1760462216
|switch|p2a: Weezing|Weezing, F|100/100
|move|p1a: Zarude|Trailblaze|p2a: Weezing
|-resisted|p2a: Weezing
|-damage|p2a: Weezing|92/100
|-boost|p1a: Zarude|spe|1
|-damage|p1a: Zarude|72/100|[from] item: Rocky Helmet|[of] p2a: Weezing
|
|upkeep
|turn|7
|
|t:|1760462229
|move|p1a: Zarude|Knock Off|p2a: Weezing
|-damage|p2a: Weezing|63/100
|-damage|p1a: Zarude|55/100|[from] item: Rocky Helmet|[of] p2a: Weezing
|-enditem|p2a: Weezing|Rocky Helmet|[from] move: Knock Off|[of] p1a: Zarude
|move|p2a: Weezing|Toxic|p1a: Zarude
|-status|p1a: Zarude|tox
|
|-damage|p1a: Zarude|49/100 tox|[from] psn
|upkeep
|turn|8
|
|t:|1760462236
|move|p1a: Zarude|Encore|p2a: Weezing
|-start|p2a: Weezing|Encore
|move|p2a: Weezing|Toxic|p1a: Zarude
|-fail|p1a: Zarude|tox
|
|-damage|p1a: Zarude|37/100 tox|[from] psn
|-fieldend|move: Electric Terrain
|upkeep
|turn|9
|
|t:|1760462243
|move|p1a: Zarude|Petal Blizzard|p2a: Weezing
|-resisted|p2a: Weezing
|-damage|p2a: Weezing|48/100
|move|p2a: Weezing|Toxic|p1a: Zarude
|-fail|p1a: Zarude|tox
|
|-damage|p1a: Zarude|19/100 tox|[from] psn
|upkeep
|turn|10
|
|t:|1760462250
|move|p1a: Zarude|Petal Blizzard|p2a: Weezing
|-resisted|p2a: Weezing
|-damage|p2a: Weezing|34/100
|move|p2a: Weezing|Toxic|p1a: Zarude
|-fail|p1a: Zarude|tox
|
|-damage|p1a: Zarude|0 fnt|[from] psn
|faint|p1a: Zarude
|-end|p2a: Weezing|Encore
|upkeep
|
|t:|1760462257
|switch|p1a: Pincurchin|Pincurchin, F|100/100
|-damage|p1a: Pincurchin|88/100|[from] Stealth Rock
|-damage|p1a: Pincurchin|63/100|[from] Spikes
|-fieldstart|move: Electric Terrain|[from] ability: Electric Surge|[of] p1a: Pincurchin
|turn|11
|
|t:|1760462264
|move|p2a: Weezing|Pain Split|p1a: Pincurchin
|-sethp|p1a: Pincurchin|50/100|[from] move: Pain Split|[silent]
|-sethp|p2a: Weezing|45/100|[from] move: Pain Split
|move|p1a: Pincurchin|Zing Zap|p2a: Weezing
|-crit|p2a: Weezing
|-damage|p2a: Weezing|6/100
|
|upkeep
|turn|12
|
|t:|1760462270
|move|p2a: Weezing|Pain Split|p1a: Pincurchin
|-sethp|p1a: Pincurchin|28/100|[from] move: Pain Split|[silent]
|-sethp|p2a: Weezing|25/100|[from] move: Pain Split
|move|p1a: Pincurchin|Zing Zap|p2a: Weezing
|-damage|p2a: Weezing|1/100
|
|upkeep
|turn|13
|
|t:|1760462281
|move|p2a: Weezing|Sludge Bomb|p1a: Pincurchin
|-damage|p1a: Pincurchin|0 fnt
|faint|p1a: Pincurchin
|
|upkeep
|
|t:|1760462285
|switch|p1a: Zamazenta|Zamazenta, shiny|100/100
|-damage|p1a: Zamazenta|94/100|[from] Stealth Rock
|-damage|p1a: Zamazenta|70/100|[from] Spikes
|-ability|p1a: Zamazenta|Dauntless Shield|boost
|-boost|p1a: Zamazenta|def|1
|-enditem|p1a: Zamazenta|Electric Seed
|-boost|p1a: Zamazenta|def|1|[from] item: Electric Seed
|turn|14
|
|t:|1760462297
|move|p1a: Zamazenta|Body Press|p2a: Weezing
|-resisted|p2a: Weezing
|-damage|p2a: Weezing|0 fnt
|faint|p2a: Weezing
|
|upkeep
|
|t:|1760462311
|switch|p2a: Latias|Latias, F|100/100
|turn|15
|
|t:|1760462315
|move|p2a: Latias|Psychic|p1a: Zamazenta
|-supereffective|p1a: Zamazenta
|-damage|p1a: Zamazenta|0 fnt
|faint|p1a: Zamazenta
|
|upkeep
|
|t:|1760462318
|switch|p1a: Moltres|Moltres|100/100
|turn|16
|-message|yomama-dafuk forfeited.
|
|win|rawbraines
|raw|yomama-dafuk's rating: 1158 &rarr; <strong>1133</strong><br />(-25 for losing)
|raw|rawbraines's rating: 1162 &rarr; <strong>1187</strong><br />(+25 for winning)
|l|☆yomama-dafuk
|player|p1|
|l|☆rawbraines
|player|p2|
