|j|☆rekcuskco
|j|☆Buttsnow
|t:|1760331604
|gametype|singles
|player|p1|rekcuskco|lucian|1080
|player|p2|Buttsnow|102|1081
|gen|9
|tier|[Gen 9] OU
|rated|
|rule|HP Percentage Mod: HP is shown in percentages
|rule|Endless Battle Clause: Forcing endless battles is banned
|rule|Species Clause: Limit one of each Pokémon
|rule|OHKO Clause: OHKO moves are banned
|rule|Evasion Items Clause: Evasion items are banned
|rule|Evasion Moves Clause: Evasion moves are banned
|rule|Evasion Abilities Clause: Evasion abilities are banned
|rule|Sleep Moves Clause: Sleep-inducing moves are banned
|clearpoke
|poke|p1|Sableye, M|
|poke|p1|Garganacl, F|
|poke|p1|Gliscor, M|
|poke|p1|Metagross|
|poke|p1|Snorlax, M|
|poke|p1|Rillaboom, M|
|poke|p2|Iron Valiant|
|poke|p2|Cloyster, M|
|poke|p2|Dragonite, M|
|poke|p2|Blaziken, M|
|poke|p2|Latios, M|
|poke|p2|Metagross|
|teampreview
|inactive|Battle timer is ON: inactive players will automatically lose when time's up. (requested by rekcuskco)
|j| A man named Derp
|
|t:|1760331616
|teamsize|p1|6
|teamsize|p2|6
|start
|switch|p1a: Sableye|Sableye, M|100/100
|switch|p2a: Metagross|Metagross, shiny|100/100
|turn|1
|
|t:|1760331623
|move|p1a: Sableye|Will-O-Wisp|p2a: Metagross
|-status|p2a: Metagross|brn
|move|p2a: Metagross|Stealth Rock|p1a: Sableye
|-sidestart|p1: rekcuskco|move: Stealth Rock
|
|-damage|p2a: Metagross|94/100 brn|[from] brn
|upkeep
|turn|2
|inactive|rekcuskco has 120 seconds left.
|
|t:|1760331654
|move|p2a: Metagross|Earthquake|p1a: Sableye
|-damage|p1a: Sableye|74/100
|move|p1a: Sableye|Knock Off|p2a: Metagross
|-supereffective|p2a: Metagross
|-damage|p2a: Metagross|57/100 brn
|-damage|p1a: Sableye|57/100|[from] item: Rocky Helmet|[of] p2a: Metagross
|-enditem|p2a: Metagross|Rocky Helmet|[from] move: Knock Off|[of] p1a: Sableye
|
|-heal|p1a: Sableye|63/100|[from] item: Leftovers
|-damage|p2a: Metagross|50/100 brn|[from] brn
|upkeep
|turn|3
|
|t:|1760331671
|move|p1a: Sableye|Recover|p1a: Sableye
|-heal|p1a: Sableye|100/100
|move|p2a: Metagross|Earthquake|p1a: Sableye
|-damage|p1a: Sableye|71/100
|
|-heal|p1a: Sableye|77/100|[from] item: Leftovers
|-damage|p2a: Metagross|44/100 brn|[from] brn
|upkeep
|turn|4
|
|t:|1760331680
|move|p1a: Sableye|Recover|p1a: Sableye
|-heal|p1a: Sableye|100/100
|move|p2a: Metagross|Earthquake|p1a: Sableye
|-damage|p1a: Sableye|74/100
|
|-heal|p1a: Sableye|80/100|[from] item: Leftovers
|-damage|p2a: Metagross|38/100 brn|[from] brn
|upkeep
|turn|5
|
|t:|1760331693
|move|p2a: Metagross|Earthquake|p1a: Sableye
|-damage|p1a: Sableye|54/100
|move|p1a: Sableye|Hex|p2a: Metagross
|-supereffective|p2a: Metagross
|-damage|p2a: Metagross|0 fnt
|faint|p2a: Metagross
|
|-heal|p1a: Sableye|60/100|[from] item: Leftovers
|upkeep
|inactive|Buttsnow has 120 seconds left.
|
|t:|1760331727
|switch|p2a: Cloyster|Cloyster, M, shiny|100/100
|turn|6
|n| Biggest Fan Stan|amannamedderp
|
|t:|1760331743
|move|p1a: Sableye|Will-O-Wisp|p2a: Cloyster|[miss]
|-miss|p1a: Sableye|p2a: Cloyster
|move|p2a: Cloyster|Shell Smash|p2a: Cloyster
|-unboost|p2a: Cloyster|def|1
|-unboost|p2a: Cloyster|spd|1
|-boost|p2a: Cloyster|atk|2
|-boost|p2a: Cloyster|spa|2
|-boost|p2a: Cloyster|spe|2
|
|-heal|p1a: Sableye|66/100|[from] item: Leftovers
|upkeep
|turn|7
|l| Biggest Fan Stan
|
|t:|1760331747
|move|p1a: Sableye|Will-O-Wisp|p2a: Cloyster
|-status|p2a: Cloyster|brn
|move|p2a: Cloyster|Icicle Spear|p1a: Sableye
|-damage|p1a: Sableye|50/100
|-damage|p1a: Sableye|34/100
|-damage|p1a: Sableye|18/100
|-damage|p1a: Sableye|1/100
|-damage|p1a: Sableye|0 fnt
|faint|p1a: Sableye
|-hitcount|p1: Sableye|5
|
|-damage|p2a: Cloyster|94/100 brn|[from] brn
|upkeep
|
|t:|1760331757
|switch|p1a: Snorlax|Snorlax, M|100/100
|-damage|p1a: Snorlax|88/100|[from] Stealth Rock
|turn|8
|
|t:|1760331765
|move|p2a: Cloyster|Icicle Spear|p1a: Snorlax
|-damage|p1a: Snorlax|83/100
|-damage|p1a: Snorlax|78/100
|-damage|p1a: Snorlax|72/100
|-damage|p1a: Snorlax|67/100
|-damage|p1a: Snorlax|61/100
|-hitcount|p1a: Snorlax|5
|move|p1a: Snorlax|Trailblaze|p2a: Cloyster
|-supereffective|p2a: Cloyster
|-damage|p2a: Cloyster|49/100 brn
|-boost|p1a: Snorlax|spe|1
|
|-damage|p2a: Cloyster|43/100 brn|[from] brn
|upkeep
|turn|9
|
|t:|1760331777
|move|p2a: Cloyster|Shell Smash|p2a: Cloyster
|-unboost|p2a: Cloyster|def|1
|-unboost|p2a: Cloyster|spd|1
|-boost|p2a: Cloyster|atk|2
|-boost|p2a: Cloyster|spa|2
|-boost|p2a: Cloyster|spe|2
|move|p1a: Snorlax|Trailblaze|p2a: Cloyster
|-supereffective|p2a: Cloyster
|-damage|p2a: Cloyster|0 fnt
|-boost|p1a: Snorlax|spe|1
|faint|p2a: Cloyster
|
|upkeep
|
|t:|1760331791
|switch|p2a: Latios|Latios, M, shiny|100/100
|turn|10
|
|t:|1760331801
|move|p2a: Latios|Aura Sphere|p1a: Snorlax
|-supereffective|p1a: Snorlax
|-damage|p1a: Snorlax|30/100
|-enditem|p1a: Snorlax|Weakness Policy
|-boost|p1a: Snorlax|atk|2|[from] item: Weakness Policy
|-boost|p1a: Snorlax|spa|2|[from] item: Weakness Policy
|move|p1a: Snorlax|Body Slam|p2a: Latios
|-damage|p2a: Latios|0 fnt
|faint|p2a: Latios
|
|upkeep
|
|t:|1760331810
|switch|p2a: Blaziken|Blaziken, M, shiny|100/100
|turn|11
|inactive|rekcuskco has 120 seconds left.
|
|t:|1760331854
|move|p2a: Blaziken|Swords Dance|p2a: Blaziken
|-boost|p2a: Blaziken|atk|2
|move|p1a: Snorlax|Body Slam|p2a: Blaziken
|-damage|p2a: Blaziken|0 fnt
|faint|p2a: Blaziken
|
|upkeep
|
|t:|1760331867
|switch|p2a: Iron Valiant|Iron Valiant, shiny|100/100
|-enditem|p2a: Iron Valiant|Booster Energy
|-activate|p2a: Iron Valiant|ability: Quark Drive|[fromitem]
|-start|p2a: Iron Valiant|quarkdrivespe
|turn|12
|inactive|rekcuskco has 120 seconds left.
|
|t:|1760331891
|move|p2a: Iron Valiant|Drain Punch|p1a: Snorlax
|-supereffective|p1a: Snorlax
|-damage|p1a: Snorlax|0 fnt
|faint|p1a: Snorlax
|
|upkeep
|
|t:|1760331898
|switch|p1a: Garganacl|Garganacl, F|100/100
|-damage|p1a: Garganacl|88/100|[from] Stealth Rock
|turn|13
|
|t:|1760331902
|-terastallize|p1a: Garganacl|Fairy
|move|p2a: Iron Valiant|Drain Punch|p1a: Garganacl
|-resisted|p1a: Garganacl
|-damage|p1a: Garganacl|75/100
|move|p1a: Garganacl|Salt Cure|p2a: Iron Valiant
|-resisted|p2a: Iron Valiant
|-damage|p2a: Iron Valiant|91/100
|-start|p2a: Iron Valiant|Salt Cure
|
|-heal|p1a: Garganacl|81/100|[from] item: Leftovers
|-damage|p2a: Iron Valiant|79/100|[from] Salt Cure
|upkeep
|turn|14
|
|t:|1760331908
|move|p2a: Iron Valiant|Knock Off|p1a: Garganacl
|-resisted|p1a: Garganacl
|-damage|p1a: Garganacl|71/100
|-enditem|p1a: Garganacl|Leftovers|[from] move: Knock Off|[of] p2a: Iron Valiant
|move|p1a: Garganacl|Stealth Rock|p2a: Iron Valiant
|-sidestart|p2: Buttsnow|move: Stealth Rock
|
|-damage|p2a: Iron Valiant|66/100|[from] Salt Cure
|upkeep
|turn|15
|
|t:|1760331923
|switch|p1a: Gliscor|Gliscor, M|100/100
|-damage|p1a: Gliscor|88/100|[from] Stealth Rock
|move|p2a: Iron Valiant|Thunder Punch|p1a: Gliscor
|-immune|p1a: Gliscor
|
|-damage|p2a: Iron Valiant|54/100|[from] Salt Cure
|-status|p1a: Gliscor|tox|[from] item: Toxic Orb
|upkeep
|turn|16
|
|t:|1760331935
|move|p2a: Iron Valiant|Knock Off|p1a: Gliscor
|-damage|p1a: Gliscor|57/100 tox
|-enditem|p1a: Gliscor|Toxic Orb|[from] move: Knock Off|[of] p2a: Iron Valiant
|move|p1a: Gliscor|High Horsepower|p2a: Iron Valiant
|-damage|p2a: Iron Valiant|1/100
|
|-heal|p1a: Gliscor|70/100 tox|[from] ability: Poison Heal
|-damage|p2a: Iron Valiant|0 fnt|[from] Salt Cure
|faint|p2a: Iron Valiant
|-end|p2a: Iron Valiant|Quark Drive|[silent]
|upkeep
|
|t:|1760331938
|switch|p2a: Dragonite|Dragonite, M, shiny|100/100
|-damage|p2a: Dragonite|76/100|[from] Stealth Rock
|turn|17
|
|t:|1760331958
|move|p2a: Dragonite|Dragon Dance|p2a: Dragonite
|-boost|p2a: Dragonite|atk|1
|-boost|p2a: Dragonite|spe|1
|move|p1a: Gliscor|Toxic Spikes|p2a: Dragonite
|-sidestart|p2: Buttsnow|move: Toxic Spikes
|
|-heal|p1a: Gliscor|82/100 tox|[from] ability: Poison Heal
|upkeep
|turn|18
|
|t:|1760331961
|move|p2a: Dragonite|Ice Spinner|p1a: Gliscor
|-supereffective|p1a: Gliscor
|-damage|p1a: Gliscor|0 fnt
|faint|p1a: Gliscor
|-heal|p2a: Dragonite|86/100|[from] item: Shell Bell|[of] p1: Gliscor
|
|upkeep
|
|t:|1760331964
|switch|p1a: Garganacl|Garganacl, F, tera:Fairy|71/100
|-damage|p1a: Garganacl|59/100|[from] Stealth Rock
|turn|19
|
|t:|1760331967
|move|p2a: Dragonite|Iron Head|p1a: Garganacl
|-supereffective|p1a: Garganacl
|-crit|p1a: Garganacl
|-damage|p1a: Garganacl|0 fnt
|faint|p1a: Garganacl
|-heal|p2a: Dragonite|95/100|[from] item: Shell Bell|[of] p1: Garganacl
|
|upkeep
|
|t:|1760331971
|switch|p1a: Metagross|Metagross|100/100
|-damage|p1a: Metagross|94/100|[from] Stealth Rock
|-item|p1a: Metagross|Air Balloon
|turn|20
|
|t:|1760331973
|move|p2a: Dragonite|Earthquake|p1a: Metagross
|-immune|p1a: Metagross
|move|p1a: Metagross|Meteor Mash|p2a: Dragonite
|-crit|p2a: Dragonite
|-damage|p2a: Dragonite|22/100
|
|upkeep
|turn|21
|
|t:|1760331981
|move|p2a: Dragonite|Ice Spinner|p1a: Metagross
|-resisted|p1a: Metagross
|-damage|p1a: Metagross|77/100
|-enditem|p1a: Metagross|Air Balloon
|-heal|p2a: Dragonite|24/100|[from] item: Shell Bell|[of] p1a: Metagross
|move|p1a: Metagross|Meteor Mash|p2a: Dragonite
|-damage|p2a: Dragonite|0 fnt
|faint|p2a: Dragonite
|
|win|rekcuskco
|raw|rekcuskco's rating: 1080 &rarr; <strong>1108</strong><br />(+28 for winning)
|raw|Buttsnow's rating: 1081 &rarr; <strong>1059</strong><br />(-22 for losing)
|l|☆Buttsnow
|player|p2|
|l|☆rekcuskco
|player|p1|
