|j|☆myworldinflames
|j|☆pxrishal
|t:|1760312118
|gametype|singles
|player|p1|myworldinflames|1|1074
|player|p2|pxrishal|burglar|1055
|gen|9
|tier|[Gen 9] OU
|rated|
|rule|HP Percentage Mod: HP is shown in percentages
|rule|Endless Battle Clause: Forcing endless battles is banned
|rule|Species Clause: Limit one of each Pokémon
|rule|OHKO Clause: OHKO moves are banned
|rule|Evasion Items Clause: Evasion items are banned
|rule|Evasion Moves Clause: Evasion moves are banned
|rule|Evasion Abilities Clause: Evasion abilities are banned
|rule|Sleep Moves Clause: Sleep-inducing moves are banned
|clearpoke
|poke|p1|Dondozo, F|
|poke|p1|Hatterene, F|
|poke|p1|Grimmsnarl, M|
|poke|p1|Dudunsparce-*, F|
|poke|p1|Gholdengo|
|poke|p1|Garganacl, M|
|poke|p2|Weezing-Galar, F|
|poke|p2|Gliscor, M|
|poke|p2|Toxapex, M|
|poke|p2|Avalugg-Hisui, F|
|poke|p2|Meloetta|
|poke|p2|Blaziken, M|
|teampreview
|inactive|Battle timer is ON: inactive players will automatically lose when time's up. (requested by myworldinflames)
|
|t:|1760312131
|teamsize|p1|6
|teamsize|p2|6
|start
|switch|p1a: Grimmsnarl|Grimmsnarl, M, shiny|100/100
|switch|p2a: Weezing|Weezing-Galar, F|100/100
|-ability|p2a: Weezing|Neutralizing Gas
|turn|1
|
|t:|1760312138
|move|p1a: Grimmsnarl|Light Screen|p1a: Grimmsnarl
|-sidestart|p1: myworldinflames|move: Light Screen
|move|p2a: Weezing|Toxic Spikes|p1a: Grimmsnarl
|-sidestart|p1: myworldinflames|move: Toxic Spikes
|
|upkeep
|turn|2
|
|t:|1760312153
|move|p1a: Grimmsnarl|Reflect|p1a: Grimmsnarl
|-sidestart|p1: myworldinflames|Reflect
|move|p2a: Weezing|Strange Steam|p1a: Grimmsnarl
|-supereffective|p1a: Grimmsnarl
|-damage|p1a: Grimmsnarl|74/100
|
|upkeep
|turn|3
|
|t:|1760312163
|move|p1a: Grimmsnarl|Spirit Break|p2a: Weezing
|-resisted|p2a: Weezing
|-damage|p2a: Weezing|88/100
|-unboost|p2a: Weezing|spa|1
|move|p2a: Weezing|Sludge Bomb|p1a: Grimmsnarl
|-supereffective|p1a: Grimmsnarl
|-damage|p1a: Grimmsnarl|55/100
|
|upkeep
|turn|4
|
|t:|1760312173
|move|p1a: Grimmsnarl|Parting Shot|p2a: Weezing
|-unboost|p2a: Weezing|atk|1
|-unboost|p2a: Weezing|spa|1
|
|t:|1760312176
|switch|p1a: Hatterene|Hatterene, F, shiny|100/100|[from] Parting Shot
|-status|p1a: Hatterene|psn
|move|p2a: Weezing|Sludge Bomb|p1a: Hatterene
|-supereffective|p1a: Hatterene
|-damage|p1a: Hatterene|85/100 psn
|
|-heal|p1a: Hatterene|91/100 psn|[from] item: Leftovers
|-damage|p1a: Hatterene|79/100 psn|[from] psn
|upkeep
|turn|5
|
|t:|1760312188
|move|p2a: Weezing|Sludge Bomb|p1a: Hatterene
|-supereffective|p1a: Hatterene
|-damage|p1a: Hatterene|65/100 psn
|move|p1a: Hatterene|Nuzzle|p2a: Weezing
|-damage|p2a: Weezing|85/100
|-status|p2a: Weezing|par
|
|-heal|p1a: Hatterene|71/100 psn|[from] item: Leftovers
|-damage|p1a: Hatterene|58/100 psn|[from] psn
|upkeep
|turn|6
|
|t:|1760312210
|move|p1a: Hatterene|Calm Mind|p1a: Hatterene
|-boost|p1a: Hatterene|spa|1
|-boost|p1a: Hatterene|spd|1
|move|p2a: Weezing|Sludge Bomb|p1a: Hatterene
|-supereffective|p1a: Hatterene
|-damage|p1a: Hatterene|48/100 psn
|
|-heal|p1a: Hatterene|53/100 psn|[from] item: Leftovers
|-damage|p1a: Hatterene|41/100 psn|[from] psn
|upkeep
|turn|7
|
|t:|1760312222
|move|p1a: Hatterene|Draining Kiss|p2a: Weezing
|-resisted|p2a: Weezing
|-damage|p2a: Weezing|61/100 par
|-heal|p1a: Hatterene|60/100 psn|[from] drain|[of] p2a: Weezing
|cant|p2a: Weezing|par
|
|-heal|p1a: Hatterene|66/100 psn|[from] item: Leftovers
|-damage|p1a: Hatterene|53/100 psn|[from] psn
|upkeep
|turn|8
|
|t:|1760312233
|move|p1a: Hatterene|Calm Mind|p1a: Hatterene
|-boost|p1a: Hatterene|spa|1
|-boost|p1a: Hatterene|spd|1
|cant|p2a: Weezing|par
|
|-heal|p1a: Hatterene|59/100 psn|[from] item: Leftovers
|-damage|p1a: Hatterene|47/100 psn|[from] psn
|-sideend|p1: myworldinflames|move: Light Screen
|upkeep
|turn|9
|
|t:|1760312243
|move|p1a: Hatterene|Draining Kiss|p2a: Weezing
|-resisted|p2a: Weezing
|-damage|p2a: Weezing|32/100 par
|-heal|p1a: Hatterene|71/100 psn|[from] drain|[of] p2a: Weezing
|move|p2a: Weezing|Sludge Bomb|p1a: Hatterene
|-supereffective|p1a: Hatterene
|-damage|p1a: Hatterene|57/100 psn
|
|-heal|p1a: Hatterene|63/100 psn|[from] item: Leftovers
|-damage|p1a: Hatterene|50/100 psn|[from] psn
|-sideend|p1: myworldinflames|Reflect
|upkeep
|turn|10
|
|t:|1760312255
|move|p1a: Hatterene|Psyshock|p2a: Weezing
|-supereffective|p2a: Weezing
|-damage|p2a: Weezing|0 fnt
|faint|p2a: Weezing
|-end|p2a: Weezing|ability: Neutralizing Gas
|
|-heal|p1a: Hatterene|56/100 psn|[from] item: Leftovers
|-damage|p1a: Hatterene|44/100 psn|[from] psn
|upkeep
|
|t:|1760312270
|switch|p2a: Blaziken|Blaziken, M|100/100
|turn|11
|
|t:|1760312277
|-terastallize|p2a: Blaziken|Fire
|move|p2a: Blaziken|Swords Dance|p2a: Blaziken
|-boost|p2a: Blaziken|atk|2
|move|p1a: Hatterene|Psyshock|p2a: Blaziken
|-enditem|p2a: Blaziken|Focus Sash
|-damage|p2a: Blaziken|1/100
|
|-heal|p1a: Hatterene|50/100 psn|[from] item: Leftovers
|-damage|p1a: Hatterene|38/100 psn|[from] psn
|-ability|p2a: Blaziken|Speed Boost|boost
|-boost|p2a: Blaziken|spe|1
|upkeep
|turn|12
|
|t:|1760312292
|move|p2a: Blaziken|Fire Punch|p1a: Hatterene
|-damage|p1a: Hatterene|0 fnt
|faint|p1a: Hatterene
|
|-ability|p2a: Blaziken|Speed Boost|boost
|-boost|p2a: Blaziken|spe|1
|upkeep
|
|t:|1760312299
|switch|p1a: Dondozo|Dondozo, F, shiny|100/100
|-status|p1a: Dondozo|psn
|turn|13
|
|t:|1760312303
|move|p2a: Blaziken|Thunder Punch|p1a: Dondozo
|-supereffective|p1a: Dondozo
|-damage|p1a: Dondozo|75/100 psn
|move|p1a: Dondozo|Wave Crash|p2a: Blaziken
|-supereffective|p2a: Blaziken
|-damage|p2a: Blaziken|0 fnt
|faint|p2a: Blaziken
|-damage|p1a: Dondozo|75/100 psn|[from] Recoil
|
|-heal|p1a: Dondozo|81/100 psn|[from] item: Leftovers
|-damage|p1a: Dondozo|69/100 psn|[from] psn
|upkeep
|
|t:|1760312316
|switch|p2a: Toxapex|Toxapex, M|100/100
|turn|14
|
|t:|1760312324
|move|p2a: Toxapex|Gunk Shot|p1a: Dondozo
|-crit|p1a: Dondozo
|-damage|p1a: Dondozo|29/100 psn
|move|p1a: Dondozo|Rest|p1a: Dondozo
|-status|p1a: Dondozo|slp|[from] move: Rest
|-heal|p1a: Dondozo|100/100 slp|[silent]
|
|upkeep
|turn|15
|
|t:|1760312333
|cant|p1a: Dondozo|slp
|move|p1a: Dondozo|Sleep Talk|p1a: Dondozo
|move|p1a: Dondozo|Wave Crash|p2a: Toxapex|[from] move: Sleep Talk
|-resisted|p2a: Toxapex
|-damage|p2a: Toxapex|84/100
|-damage|p1a: Dondozo|97/100 slp|[from] Recoil
|move|p2a: Toxapex|Gunk Shot|p1a: Dondozo|[miss]
|-miss|p2a: Toxapex|p1a: Dondozo
|
|-heal|p1a: Dondozo|100/100 slp|[from] item: Leftovers
|upkeep
|turn|16
|
|t:|1760312346
|cant|p1a: Dondozo|slp
|move|p1a: Dondozo|Sleep Talk|p1a: Dondozo
|move|p1a: Dondozo|Wave Crash|p2a: Toxapex|[from] move: Sleep Talk
|-resisted|p2a: Toxapex
|-damage|p2a: Toxapex|68/100
|-damage|p1a: Dondozo|97/100 slp|[from] Recoil
|move|p2a: Toxapex|Gunk Shot|p1a: Dondozo
|-damage|p1a: Dondozo|68/100 slp
|
|-heal|p1a: Dondozo|74/100 slp|[from] item: Leftovers
|upkeep
|turn|17
|
|t:|1760312359
|-curestatus|p1a: Dondozo|slp|[msg]
|move|p1a: Dondozo|Curse|p1a: Dondozo
|-unboost|p1a: Dondozo|spe|1
|-boost|p1a: Dondozo|atk|1
|-boost|p1a: Dondozo|def|1
|move|p2a: Toxapex|Gunk Shot|p1a: Dondozo
|-damage|p1a: Dondozo|55/100
|
|-heal|p1a: Dondozo|61/100|[from] item: Leftovers
|upkeep
|turn|18
|
|t:|1760312371
|move|p2a: Toxapex|Gunk Shot|p1a: Dondozo
|-damage|p1a: Dondozo|41/100
|move|p1a: Dondozo|Curse|p1a: Dondozo
|-unboost|p1a: Dondozo|spe|1
|-boost|p1a: Dondozo|atk|1
|-boost|p1a: Dondozo|def|1
|
|-heal|p1a: Dondozo|47/100|[from] item: Leftovers
|upkeep
|turn|19
|
|t:|1760312381
|move|p2a: Toxapex|Gunk Shot|p1a: Dondozo
|-damage|p1a: Dondozo|34/100
|-status|p1a: Dondozo|psn
|move|p1a: Dondozo|Rest|p1a: Dondozo
|-status|p1a: Dondozo|slp|[from] move: Rest
|-heal|p1a: Dondozo|100/100 slp|[silent]
|
|upkeep
|turn|20
|-message|pxrishal forfeited.
|
|win|myworldinflames
|raw|myworldinflames's rating: 1074 &rarr; <strong>1100</strong><br />(+26 for winning)
|raw|pxrishal's rating: 1039 &rarr; <strong>1025</strong><br />(-14 for losing)
|l|☆pxrishal
|player|p2|
