|j|☆sgCURRY3
|j|☆poopypantspoop
|t:|1760329985
|gametype|singles
|player|p1|sgCURRY3|cynthia|1259
|player|p2|poopypantspoop|li|1355
|gen|9
|tier|[Gen 9] OU
|rated|
|rule|HP Percentage Mod: HP is shown in percentages
|rule|Endless Battle Clause: Forcing endless battles is banned
|rule|Species Clause: Limit one of each Pokémon
|rule|OHKO Clause: OHKO moves are banned
|rule|Evasion Items Clause: Evasion items are banned
|rule|Evasion Moves Clause: Evasion moves are banned
|rule|Evasion Abilities Clause: Evasion abilities are banned
|rule|Sleep Moves Clause: Sleep-inducing moves are banned
|clearpoke
|poke|p1|Slowking-Galar, M|
|poke|p1|Kyurem|
|poke|p1|Ting-Lu|
|poke|p1|Dondozo, F|
|poke|p1|Cinderace, F|
|poke|p1|Corviknight, F|
|poke|p2|Hawlucha, F|
|poke|p2|Gholdengo|
|poke|p2|Rillaboom, F|
|poke|p2|Latias, F|
|poke|p2|Cinderace, F|
|poke|p2|Comfey, F|
|teampreview
|inactive|Battle timer is ON: inactive players will automatically lose when time's up. (requested by sgCURRY3)
|
|t:|1760330025
|teamsize|p1|6
|teamsize|p2|6
|start
|switch|p1a: Cinderace|Cinderace, F|100/100
|switch|p2a: Rillaboom|Rillaboom, F|100/100
|-fieldstart|move: Grassy Terrain|[from] ability: Grassy Surge|[of] p2a: Rillaboom
|turn|1
|
|t:|1760330043
|switch|p2a: Latias|Latias, F|100/100
|move|p1a: Cinderace|Pyro Ball|p2a: Latias
|-resisted|p2a: Latias
|-damage|p2a: Latias|62/100
|
|upkeep
|turn|2
|
|t:|1760330050
|move|p2a: Latias|Draco Meteor|p1a: Cinderace
|-damage|p1a: Cinderace|0 fnt
|-unboost|p2a: Latias|spa|2
|faint|p1a: Cinderace
|
|upkeep
|
|t:|1760330055
|switch|p1a: Ting-Lu|Ting-Lu|100/100
|-ability|p1a: Ting-Lu|Vessel of Ruin
|turn|3
|
|t:|1760330082
|switch|p2a: Cinderace|Cinderace, F|100/100
|move|p1a: Ting-Lu|Stealth Rock|p2a: Cinderace
|-sidestart|p2: poopypantspoop|move: Stealth Rock
|
|upkeep
|turn|4
|inactive|poopypantspoop has 120 seconds left.
|inactive|sgCURRY3 has 120 seconds left.
|inactive|sgCURRY3 has 90 seconds left.
|
|t:|1760330149
|switch|p1a: Dondozo|Dondozo, F|100/100
|move|p2a: Cinderace|U-turn|p1a: Dondozo
|-start|p2a: Cinderace|typechange|Bug|[from] ability: Libero
|-damage|p1a: Dondozo|87/100
|inactive|poopypantspoop has 120 seconds left.
|
|t:|1760330177
|switch|p2a: Rillaboom|Rillaboom, F|100/100|[from] U-turn
|-damage|p2a: Rillaboom|88/100|[from] Stealth Rock
|
|-heal|p2a: Rillaboom|94/100|[from] Grassy Terrain
|-heal|p1a: Dondozo|93/100|[from] Grassy Terrain
|-heal|p1a: Dondozo|99/100|[from] item: Leftovers
|upkeep
|turn|5
|inactive|sgCURRY3 has 90 seconds left.
|
|t:|1760330188
|switch|p1a: Corviknight|Corviknight, F|100/100
|-ability|p1a: Corviknight|Pressure
|move|p2a: Rillaboom|U-turn|p1a: Corviknight
|-resisted|p1a: Corviknight
|-damage|p1a: Corviknight|95/100
|-damage|p2a: Rillaboom|78/100|[from] item: Rocky Helmet|[of] p1a: Corviknight
|
|t:|1760330191
|switch|p2a: Latias|Latias, F|62/100|[from] U-turn
|-damage|p2a: Latias|50/100|[from] Stealth Rock
|
|-fieldend|move: Grassy Terrain
|upkeep
|turn|6
|inactive|poopypantspoop has 120 seconds left.
|inactive|sgCURRY3 has 90 seconds left.
|
|t:|1760330209
|switch|p1a: Slowking|Slowking-Galar, M, shiny|100/100
|move|p2a: Latias|Trick|p1a: Slowking
|-activate|p2a: Latias|move: Trick|[of] p1a: Slowking
|-item|p1a: Slowking|Choice Scarf|[from] move: Trick
|-item|p2a: Latias|Assault Vest|[from] move: Trick
|
|upkeep
|turn|7
|inactive|poopypantspoop has 120 seconds left.
|inactive|poopypantspoop has 90 seconds left.
|
|t:|1760330258
|move|p2a: Latias|Psyshock|p1a: Slowking
|-damage|p1a: Slowking|62/100
|-prepare|p1a: Slowking|Chilly Reception|[premajor]
|move|p1a: Slowking|Chilly Reception|p1a: Slowking
|-weather|Snowscape
|
|t:|1760330267
|switch|p1a: Ting-Lu|Ting-Lu|100/100|[from] Chilly Reception
|-ability|p1a: Ting-Lu|Vessel of Ruin
|
|-weather|Snowscape|[upkeep]
|upkeep
|turn|8
|inactive|poopypantspoop has 90 seconds left.
|inactive|poopypantspoop has 60 seconds left.
|
|t:|1760330307
|switch|p2a: Rillaboom|Rillaboom, F|78/100
|-damage|p2a: Rillaboom|65/100|[from] Stealth Rock
|-fieldstart|move: Grassy Terrain|[from] ability: Grassy Surge|[of] p2a: Rillaboom
|move|p1a: Ting-Lu|Whirlwind|p2a: Rillaboom
|drag|p2a: Cinderace|Cinderace, F|100/100
|
|-weather|Snowscape|[upkeep]
|upkeep
|turn|9
|
|t:|1760330321
|move|p2a: Cinderace|U-turn|p1a: Ting-Lu
|-start|p2a: Cinderace|typechange|Bug|[from] ability: Libero
|-supereffective|p1a: Ting-Lu
|-damage|p1a: Ting-Lu|65/100
|
|t:|1760330334
|switch|p2a: Rillaboom|Rillaboom, F|65/100|[from] U-turn
|-damage|p2a: Rillaboom|53/100|[from] Stealth Rock
|move|p1a: Ting-Lu|Ruination|p2a: Rillaboom
|-damage|p2a: Rillaboom|27/100
|
|-weather|Snowscape|[upkeep]
|-heal|p2a: Rillaboom|33/100|[from] Grassy Terrain
|-heal|p1a: Ting-Lu|71/100|[from] Grassy Terrain
|-heal|p1a: Ting-Lu|77/100|[from] item: Leftovers
|upkeep
|turn|10
|
|t:|1760330344
|move|p2a: Rillaboom|U-turn|p1a: Ting-Lu
|-supereffective|p1a: Ting-Lu
|-crit|p1a: Ting-Lu
|-damage|p1a: Ting-Lu|20/100
|
|t:|1760330362
|switch|p2a: Hawlucha|Hawlucha, F, shiny|100/100|[from] U-turn
|-damage|p2a: Hawlucha|88/100|[from] Stealth Rock
|-enditem|p2a: Hawlucha|Grassy Seed
|-boost|p2a: Hawlucha|def|1|[from] item: Grassy Seed
|move|p1a: Ting-Lu|Whirlwind|p2a: Hawlucha
|drag|p2a: Latias|Latias, F|50/100
|-damage|p2a: Latias|38/100|[from] Stealth Rock
|
|-weather|Snowscape|[upkeep]
|-heal|p1a: Ting-Lu|26/100|[from] Grassy Terrain
|-heal|p1a: Ting-Lu|32/100|[from] item: Leftovers
|upkeep
|turn|11
|inactive|sgCURRY3 has 120 seconds left.
|
|t:|1760330384
|move|p2a: Latias|Draco Meteor|p1a: Ting-Lu
|-damage|p1a: Ting-Lu|6/100
|-unboost|p2a: Latias|spa|2
|move|p1a: Ting-Lu|Whirlwind|p2a: Latias
|drag|p2a: Cinderace|Cinderace, F|100/100
|
|-weather|none
|-heal|p1a: Ting-Lu|12/100|[from] Grassy Terrain
|-heal|p1a: Ting-Lu|18/100|[from] item: Leftovers
|upkeep
|turn|12
|
|t:|1760330393
|switch|p1a: Dondozo|Dondozo, F|99/100
|move|p2a: Cinderace|U-turn|p1a: Dondozo
|-start|p2a: Cinderace|typechange|Bug|[from] ability: Libero
|-damage|p1a: Dondozo|84/100
|
|t:|1760330396
|switch|p2a: Rillaboom|Rillaboom, F|33/100|[from] U-turn
|-damage|p2a: Rillaboom|21/100|[from] Stealth Rock
|
|-heal|p2a: Rillaboom|27/100|[from] Grassy Terrain
|-heal|p1a: Dondozo|90/100|[from] Grassy Terrain
|-heal|p1a: Dondozo|96/100|[from] item: Leftovers
|-fieldend|move: Grassy Terrain
|upkeep
|turn|13
|inactive|sgCURRY3 has 120 seconds left.
|
|t:|1760330405
|switch|p1a: Corviknight|Corviknight, F|95/100
|-ability|p1a: Corviknight|Pressure
|move|p2a: Rillaboom|Wood Hammer|p1a: Corviknight
|-resisted|p1a: Corviknight
|-damage|p1a: Corviknight|83/100
|-damage|p2a: Rillaboom|10/100|[from] item: Rocky Helmet|[of] p1a: Corviknight
|-damage|p2a: Rillaboom|6/100|[from] Recoil
|
|upkeep
|turn|14
|inactive|poopypantspoop has 90 seconds left.
|
|t:|1760330416
|switch|p2a: Cinderace|Cinderace, F|100/100
|move|p1a: Corviknight|Iron Defense|p1a: Corviknight
|-boost|p1a: Corviknight|def|2
|
|upkeep
|turn|15
|
|t:|1760330423
|move|p2a: Cinderace|Court Change|p2a: Cinderace
|-start|p2a: Cinderace|typechange|Normal|[from] ability: Libero
|-swapsideconditions
|-activate|p2a: Cinderace|move: Court Change
|move|p1a: Corviknight|Roost|p1a: Corviknight
|-heal|p1a: Corviknight|100/100
|-singleturn|p1a: Corviknight|move: Roost
|
|upkeep
|turn|16
|
|t:|1760330435
|move|p2a: Cinderace|U-turn|p1a: Corviknight
|-resisted|p1a: Corviknight
|-damage|p1a: Corviknight|99/100
|-damage|p2a: Cinderace|84/100|[from] item: Rocky Helmet|[of] p1a: Corviknight
|
|t:|1760330437
|switch|p2a: Gholdengo|Gholdengo|100/100|[from] U-turn
|move|p1a: Corviknight|Defog|p2a: Gholdengo
|-immune|p2a: Gholdengo|[from] ability: Good as Gold
|
|upkeep
|turn|17
|
|t:|1760330455
|switch|p1a: Slowking|Slowking-Galar, M, shiny|95/100
|-damage|p1a: Slowking|83/100|[from] Stealth Rock
|move|p2a: Gholdengo|Nasty Plot|p2a: Gholdengo
|-boost|p2a: Gholdengo|spa|2
|
|upkeep
|turn|18
|-message|sgCURRY3 forfeited.
|
|win|poopypantspoop
|raw|sgCURRY3's rating: 1259 &rarr; <strong>1241</strong><br />(-18 for losing)
|raw|poopypantspoop's rating: 1355 &rarr; <strong>1370</strong><br />(+15 for winning)
|l|☆sgCURRY3
|player|p1|
|l|☆poopypantspoop
|player|p2|
