|j|☆Churrini
|j|☆chenwenjie
|t:|1760424080
|gametype|singles
|player|p1|Churrini|morty|1170
|player|p2|chenwenjie|1|1118
|gen|9
|tier|[Gen 9] OU
|rated|
|rule|HP Percentage Mod: HP is shown in percentages
|rule|Endless Battle Clause: Forcing endless battles is banned
|rule|Species Clause: Limit one of each Pokémon
|rule|OHKO Clause: OHKO moves are banned
|rule|Evasion Items Clause: Evasion items are banned
|rule|Evasion Moves Clause: Evasion moves are banned
|rule|Evasion Abilities Clause: Evasion abilities are banned
|rule|Sleep Moves Clause: Sleep-inducing moves are banned
|clearpoke
|poke|p1|Alomomola, F|
|poke|p1|Ting-Lu|
|poke|p1|Goodra-Hisui, M|
|poke|p1|Scizor, F|
|poke|p1|Keldeo|
|poke|p1|Iron Treads|
|poke|p2|Ambipom, F|
|poke|p2|Landorus-Therian, M|
|poke|p2|Dragonite, F|
|poke|p2|Haxorus, F|
|poke|p2|Staraptor, M|
|poke|p2|Weavile, F|
|teampreview
|
|t:|1760424092
|teamsize|p1|6
|teamsize|p2|6
|start
|switch|p1a: Keldeo|Keldeo|100/100
|switch|p2a: Landorus|Landorus-Therian, M|100/100
|-ability|p2a: Landorus|Intimidate|boost
|-unboost|p1a: Keldeo|atk|1
|turn|1
|
|t:|1760424107
|-terastallize|p2a: Landorus|Ground
|move|p2a: Landorus|Earthquake|p1a: Keldeo
|-damage|p1a: Keldeo|16/100
|move|p1a: Keldeo|Substitute|p1a: Keldeo
|-fail|p1a: Keldeo|move: Substitute|[weak]
|
|-heal|p1a: Keldeo|22/100|[from] item: Leftovers
|upkeep
|turn|2
|
|t:|1760424125
|move|p2a: Landorus|Earthquake|p1a: Keldeo
|-crit|p1a: Keldeo
|-damage|p1a: Keldeo|0 fnt
|faint|p1a: Keldeo
|
|upkeep
|
|t:|1760424132
|switch|p1a: Alomomola|Alomomola, F|100/100
|turn|3
|
|t:|1760424146
|switch|p2a: Dragonite|Dragonite, F|100/100
|move|p1a: Alomomola|Flip Turn|p2a: Dragonite
|-resisted|p2a: Dragonite
|-damage|p2a: Dragonite|97/100
|
|t:|1760424165
|switch|p1a: Goodra|Goodra-Hisui, M|100/100|[from] Flip Turn
|
|-heal|p2a: Dragonite|100/100|[from] item: Leftovers
|upkeep
|turn|4
|
|t:|1760424180
|move|p2a: Dragonite|Dragon Dance|p2a: Dragonite
|-boost|p2a: Dragonite|atk|1
|-boost|p2a: Dragonite|spe|1
|move|p1a: Goodra|Ice Beam|p2a: Dragonite
|-supereffective|p2a: Dragonite
|-damage|p2a: Dragonite|46/100
|-status|p2a: Dragonite|frz
|
|-heal|p2a: Dragonite|52/100 frz|[from] item: Leftovers
|upkeep
|turn|5
|
|t:|1760424201
|switch|p2a: Weavile|Weavile, F|100/100
|move|p1a: Goodra|Ice Beam|p2a: Weavile
|-resisted|p2a: Weavile
|-damage|p2a: Weavile|77/100
|
|upkeep
|turn|6
|
|t:|1760424210
|-terastallize|p1a: Goodra|Fairy
|move|p2a: Weavile|Fake Out|p1a: Goodra
|-damage|p1a: Goodra|89/100
|cant|p1a: Goodra|flinch
|
|upkeep
|turn|7
|
|t:|1760424224
|move|p2a: Weavile|Triple Axel|p1a: Goodra
|-damage|p1a: Goodra|80/100
|-damage|p1a: Goodra|61/100
|-damage|p1a: Goodra|31/100
|-hitcount|p1a: Goodra|3
|move|p1a: Goodra|Flash Cannon|p2a: Weavile
|-supereffective|p2a: Weavile
|-crit|p2a: Weavile
|-damage|p2a: Weavile|0 fnt
|faint|p2a: Weavile
|
|upkeep
|
|t:|1760424240
|switch|p2a: Ambipom|Ambipom, F|100/100
|turn|8
|
|t:|1760424248
|switch|p1a: Alomomola|Alomomola, F|100/100
|move|p2a: Ambipom|Fake Out|p1a: Alomomola
|-damage|p1a: Alomomola|83/100
|-damage|p2a: Ambipom|84/100|[from] item: Rocky Helmet|[of] p1a: Alomomola
|-damage|p2a: Ambipom|74/100|[from] item: Life Orb
|
|upkeep
|turn|9
|
|t:|1760424261
|switch|p2a: Dragonite|Dragonite, F|52/100 frz
|switch|p1a: Scizor|Scizor, F|100/100
|
|-heal|p2a: Dragonite|58/100 frz|[from] item: Leftovers
|upkeep
|turn|10
|
|t:|1760424272
|move|p1a: Scizor|Swords Dance|p1a: Scizor
|-boost|p1a: Scizor|atk|2
|cant|p2a: Dragonite|frz
|
|-heal|p2a: Dragonite|64/100 frz|[from] item: Leftovers
|upkeep
|turn|11
|
|t:|1760424283
|move|p1a: Scizor|Swords Dance|p1a: Scizor
|-boost|p1a: Scizor|atk|2
|cant|p2a: Dragonite|frz
|
|-heal|p2a: Dragonite|70/100 frz|[from] item: Leftovers
|upkeep
|turn|12
|
|t:|1760424290
|move|p1a: Scizor|Swords Dance|p1a: Scizor
|-boost|p1a: Scizor|atk|2
|-curestatus|p2a: Dragonite|frz|[msg]
|move|p2a: Dragonite|Roost|p2a: Dragonite
|-heal|p2a: Dragonite|100/100
|-singleturn|p2a: Dragonite|move: Roost
|
|upkeep
|turn|13
|
|t:|1760424299
|move|p2a: Dragonite|Extreme Speed|p1a: Scizor
|-resisted|p1a: Scizor
|-damage|p1a: Scizor|86/100
|move|p1a: Scizor|Bullet Punch|p2a: Dragonite
|-damage|p2a: Dragonite|30/100
|-damage|p1a: Scizor|76/100|[from] item: Life Orb
|
|-heal|p2a: Dragonite|36/100|[from] item: Leftovers
|upkeep
|turn|14
|
|t:|1760424304
|move|p2a: Dragonite|Extreme Speed|p1a: Scizor
|-resisted|p1a: Scizor
|-crit|p1a: Scizor
|-damage|p1a: Scizor|53/100
|move|p1a: Scizor|Bullet Punch|p2a: Dragonite
|-damage|p2a: Dragonite|0 fnt
|faint|p2a: Dragonite
|-damage|p1a: Scizor|43/100|[from] item: Life Orb
|
|upkeep
|
|t:|1760424314
|switch|p2a: Landorus|Landorus-Therian, M, tera:Ground|100/100
|-ability|p2a: Landorus|Intimidate|boost
|-unboost|p1a: Scizor|atk|1
|turn|15
|
|t:|1760424328
|move|p1a: Scizor|Bullet Punch|p2a: Landorus
|-damage|p2a: Landorus|0 fnt
|faint|p2a: Landorus
|-damage|p1a: Scizor|33/100|[from] item: Life Orb
|
|upkeep
|
|t:|1760424334
|switch|p2a: Ambipom|Ambipom, F|74/100
|turn|16
|inactive|Battle timer is ON: inactive players will automatically lose when time's up. (requested by Churrini)
|l|☆chenwenjie
|inactive|chenwenjie disconnected and has a minute to reconnect!
|player|p2|
|inactive|chenwenjie has 30 seconds to reconnect!
|inactive|chenwenjie has 20 seconds to reconnect!
|c|☆Churrini|Gg
|inactive|chenwenjie has 15 seconds to reconnect!
|inactive|chenwenjie has 10 seconds to reconnect!
|inactive|chenwenjie has 5 seconds to reconnect!
|-message|chenwenjie lost due to inactivity.
|
|win|Churrini
|raw|Churrini's rating: 1170 &rarr; <strong>1191</strong><br />(+21 for winning)
|raw|chenwenjie's rating: 1118 &rarr; <strong>1097</strong><br />(-21 for losing)
