|j|☆Shubway
|j|☆tatcalataicram
|t:|1760445479
|gametype|singles
|player|p1|Shubway|102|1336
|player|p2|tatcalataicram|266|1340
|gen|9
|tier|[Gen 9] OU
|rated|
|rule|HP Percentage Mod: HP is shown in percentages
|rule|Endless Battle Clause: Forcing endless battles is banned
|rule|Species Clause: Limit one of each Pokémon
|rule|OHKO Clause: OHKO moves are banned
|rule|Evasion Items Clause: Evasion items are banned
|rule|Evasion Moves Clause: Evasion moves are banned
|rule|Evasion Abilities Clause: Evasion abilities are banned
|rule|Sleep Moves Clause: Sleep-inducing moves are banned
|clearpoke
|poke|p1|Polteageist|
|poke|p1|Grimmsnarl, M|
|poke|p1|Indeedee, M|
|poke|p1|Salazzle, F|
|poke|p1|Hawlucha, M|
|poke|p1|Ogerpon-Wellspring, F|
|poke|p2|Zamazenta-*|
|poke|p2|Kingambit, F|
|poke|p2|Iron Treads|
|poke|p2|Ogerpon-Wellspring, F|
|poke|p2|Samurott-Hisui, M|
|poke|p2|Zapdos|
|teampreview
|inactive|Battle timer is ON: inactive players will automatically lose when time's up. (requested by tatcalataicram)
|inactive|Shubway has 120 seconds left.
|
|t:|1760445525
|teamsize|p1|6
|teamsize|p2|6
|start
|switch|p1a: Salazzle|Salazzle, F|100/100
|switch|p2a: Samurott|Samurott-Hisui, M|100/100
|turn|1
|
|t:|1760445532
|switch|p1a: Grimmsnarl|Grimmsnarl, M|100/100
|move|p2a: Samurott|Aqua Cutter|p1a: Grimmsnarl
|-damage|p1a: Grimmsnarl|37/100
|
|upkeep
|turn|2
|
|t:|1760445543
|move|p1a: Grimmsnarl|Reflect|p1a: Grimmsnarl
|-sidestart|p1: Shubway|Reflect
|move|p2a: Samurott|Aqua Cutter|p1a: Grimmsnarl
|-damage|p1a: Grimmsnarl|9/100
|
|upkeep
|turn|3
|
|t:|1760445548
|move|p1a: Grimmsnarl|Light Screen|p1a: Grimmsnarl
|-sidestart|p1: Shubway|move: Light Screen
|move|p2a: Samurott|Aqua Cutter|p1a: Grimmsnarl
|-damage|p1a: Grimmsnarl|0 fnt
|faint|p1a: Grimmsnarl
|
|upkeep
|
|t:|1760445555
|switch|p1a: Polteageist|Polteageist|100/100
|turn|4
|
|t:|1760445560
|move|p2a: Samurott|Ceaseless Edge|p1a: Polteageist
|-supereffective|p1a: Polteageist
|-damage|p1a: Polteageist|23/100
|-ability|p1a: Polteageist|Weak Armor|boost
|-unboost|p1a: Polteageist|def|1
|-boost|p1a: Polteageist|spe|2
|-sidestart|p1: Shubway|Spikes
|-enditem|p1a: Polteageist|White Herb
|-clearnegativeboost|p1a: Polteageist|[silent]
|move|p1a: Polteageist|Shell Smash|p1a: Polteageist
|-unboost|p1a: Polteageist|def|1
|-unboost|p1a: Polteageist|spd|1
|-boost|p1a: Polteageist|atk|2
|-boost|p1a: Polteageist|spa|2
|-boost|p1a: Polteageist|spe|2
|
|upkeep
|turn|5
|
|t:|1760445572
|-terastallize|p1a: Polteageist|Fighting
|move|p2a: Samurott|Sucker Punch|p1a: Polteageist
|-resisted|p1a: Polteageist
|-damage|p1a: Polteageist|0 fnt
|faint|p1a: Polteageist
|
|upkeep
|
|t:|1760445576
|switch|p1a: Indeedee|Indeedee, M|100/100
|-damage|p1a: Indeedee|88/100|[from] Spikes
|-fieldstart|move: Psychic Terrain|[from] ability: Psychic Surge|[of] p1a: Indeedee
|turn|6
|
|t:|1760445588
|move|p1a: Indeedee|Healing Wish|p1a: Indeedee
|faint|p1a: Indeedee
|move|p2a: Samurott|Ceaseless Edge|p1: Indeedee|[notarget]
|-fail|p2a: Samurott
|
|upkeep
|
|t:|1760445590
|switch|p1a: Hawlucha|Hawlucha, M|100/100
|-enditem|p1a: Hawlucha|Psychic Seed
|-boost|p1a: Hawlucha|spd|1|[from] item: Psychic Seed
|turn|7
|
|t:|1760445611
|move|p1a: Hawlucha|Swords Dance|p1a: Hawlucha
|-boost|p1a: Hawlucha|atk|2
|move|p2a: Samurott|Sacred Sword|p1a: Hawlucha
|-resisted|p1a: Hawlucha
|-damage|p1a: Hawlucha|84/100
|
|upkeep
|turn|8
|
|t:|1760445622
|switch|p2a: Zapdos|Zapdos|100/100
|move|p1a: Hawlucha|Swords Dance|p1a: Hawlucha
|-boost|p1a: Hawlucha|atk|2
|
|upkeep
|turn|9
|
|t:|1760445631
|move|p1a: Hawlucha|Rock Slide|p2a: Zapdos|[miss]
|-miss|p1a: Hawlucha|p2a: Zapdos
|move|p2a: Zapdos|Discharge|p1a: Hawlucha
|-supereffective|p1a: Hawlucha
|-damage|p1a: Hawlucha|36/100
|-status|p1a: Hawlucha|par
|
|-sideend|p1: Shubway|Reflect
|upkeep
|turn|10
|-message|Shubway forfeited.
|
|win|tatcalataicram
|raw|Shubway's rating: 1336 &rarr; <strong>1316</strong><br />(-20 for losing)
|raw|tatcalataicram's rating: 1340 &rarr; <strong>1360</strong><br />(+20 for winning)
|l|☆Shubway
|player|p1|
