|j|☆capitolg
|j|☆Jinghan Yu
|t:|1760345642
|gametype|singles
|player|p1|capitolg|bellelba|1181
|player|p2|Jinghan Yu|nate|1181
|gen|9
|tier|[Gen 9] OU
|rated|
|rule|HP Percentage Mod: HP is shown in percentages
|rule|Endless Battle Clause: Forcing endless battles is banned
|rule|Species Clause: Limit one of each Pokémon
|rule|OHKO Clause: OHKO moves are banned
|rule|Evasion Items Clause: Evasion items are banned
|rule|Evasion Moves Clause: Evasion moves are banned
|rule|Evasion Abilities Clause: Evasion abilities are banned
|rule|Sleep Moves Clause: Sleep-inducing moves are banned
|clearpoke
|poke|p1|Vikavolt, F|
|poke|p1|Gothitelle, M|
|poke|p1|Smeargle, F|
|poke|p1|Empoleon, M|
|poke|p1|Passimian, M|
|poke|p1|Trevenant, F|
|poke|p2|Scizor, M|
|poke|p2|Tyranitar, M|
|poke|p2|Dragonite, M|
|poke|p2|Gyarados, M|
|poke|p2|Gengar, M|
|poke|p2|Excadrill, M|
|teampreview
|
|t:|1760345645
|teamsize|p1|6
|teamsize|p2|6
|start
|switch|p1a: Vikavolt|Vikavolt, F|100/100
|switch|p2a: Osten|Gyarados, M, shiny|100/100
|-ability|p2a: Osten|Intimidate|boost
|-unboost|p1a: Vikavolt|atk|1
|turn|1
|
|t:|1760345649
|switch|p2a: Emmett|Excadrill, M|100/100
|-item|p2a: Emmett|Air Balloon
|move|p1a: Vikavolt|Sticky Web|p2a: Emmett
|-sidestart|p2: Jinghan Yu|move: Sticky Web
|
|upkeep
|turn|2
|
|t:|1760345653
|switch|p1a: Trevenant|Trevenant, F|100/100
|move|p2a: Emmett|Swords Dance|p2a: Emmett
|-boost|p2a: Emmett|atk|2
|
|upkeep
|turn|3
|
|t:|1760345658
|move|p2a: Emmett|Rock Slide|p1a: Trevenant
|-damage|p1a: Trevenant|53/100
|move|p1a: Trevenant|Trick Room|p1a: Trevenant
|-fieldstart|move: Trick Room|[of] p1a: Trevenant
|
|upkeep
|turn|4
|
|t:|1760345663
|move|p1a: Trevenant|Drain Punch|p2a: Emmett
|-supereffective|p2a: Emmett
|-damage|p2a: Emmett|33/100
|-heal|p1a: Trevenant|93/100|[from] drain|[of] p2a: Emmett
|-enditem|p2a: Emmett|Air Balloon
|move|p2a: Emmett|Rock Slide|p1a: Trevenant
|-damage|p1a: Trevenant|44/100
|
|upkeep
|turn|5
|
|t:|1760345672
|switch|p2a: Nasim|Gengar, M|100/100
|-activate|p2a: Nasim|move: Sticky Web
|-unboost|p2a: Nasim|spe|1
|move|p1a: Trevenant|Earthquake|p2a: Nasim
|-supereffective|p2a: Nasim
|-damage|p2a: Nasim|0 fnt
|faint|p2a: Nasim
|
|upkeep
|
|t:|1760345678
|switch|p2a: Osten|Gyarados, M, shiny|100/100
|-ability|p2a: Osten|Intimidate|boost
|-unboost|p1a: Trevenant|atk|1
|turn|6
|
|t:|1760345681
|move|p1a: Trevenant|Poltergeist|p2a: Osten
|-activate|p2a: Osten|move: Poltergeist|Leftovers
|-damage|p2a: Osten|56/100
|move|p2a: Osten|Dragon Dance|p2a: Osten
|-boost|p2a: Osten|atk|1
|-boost|p2a: Osten|spe|1
|
|-heal|p2a: Osten|62/100|[from] item: Leftovers
|upkeep
|turn|7
|
|t:|1760345684
|move|p1a: Trevenant|Poltergeist|p2a: Osten
|-activate|p2a: Osten|move: Poltergeist|Leftovers
|-damage|p2a: Osten|17/100
|move|p2a: Osten|Dragon Dance|p2a: Osten
|-boost|p2a: Osten|atk|1
|-boost|p2a: Osten|spe|1
|
|-heal|p2a: Osten|23/100|[from] item: Leftovers
|-fieldend|move: Trick Room
|upkeep
|turn|8
|
|t:|1760345688
|move|p2a: Osten|Crunch|p1a: Trevenant
|-supereffective|p1a: Trevenant
|-damage|p1a: Trevenant|0 fnt
|faint|p1a: Trevenant
|
|-heal|p2a: Osten|30/100|[from] item: Leftovers
|upkeep
|
|t:|1760345690
|switch|p1a: Vikavolt|Vikavolt, F|100/100
|turn|9
|
|t:|1760345694
|move|p2a: Osten|Waterfall|p1a: Vikavolt
|-damage|p1a: Vikavolt|14/100
|move|p1a: Vikavolt|Discharge|p2a: Osten
|-supereffective|p2a: Osten
|-damage|p2a: Osten|0 fnt
|faint|p2a: Osten
|
|upkeep
|
|t:|1760345703
|switch|p2a: Boden|Scizor, M, shiny|100/100
|-activate|p2a: Boden|move: Sticky Web
|-unboost|p2a: Boden|spe|1
|turn|10
|
|t:|1760345705
|move|p1a: Vikavolt|Discharge|p2a: Boden
|-damage|p2a: Boden|39/100
|move|p2a: Boden|Swords Dance|p2a: Boden
|-boost|p2a: Boden|atk|2
|
|upkeep
|turn|11
|
|t:|1760345708
|move|p2a: Boden|Bullet Punch|p1a: Vikavolt
|-resisted|p1a: Vikavolt
|-damage|p1a: Vikavolt|0 fnt
|faint|p1a: Vikavolt
|
|upkeep
|
|t:|1760345709
|switch|p1a: Smeargle|Smeargle, F|100/100
|turn|12
|
|t:|1760345711
|move|p1a: Smeargle|Burning Bulwark|p1a: Smeargle
|-singleturn|p1a: Smeargle|move: Protect
|move|p2a: Boden|Bullet Punch|p1a: Smeargle
|-activate|p1a: Smeargle|move: Protect
|-status|p2a: Boden|brn
|
|-damage|p2a: Boden|33/100 brn|[from] brn
|upkeep
|turn|13
|
|t:|1760345714
|move|p2a: Boden|Bullet Punch|p1a: Smeargle
|-enditem|p1a: Smeargle|Focus Sash
|-damage|p1a: Smeargle|1/100
|move|p1a: Smeargle|Court Change|p1a: Smeargle
|-swapsideconditions
|-activate|p1a: Smeargle|move: Court Change
|
|-damage|p2a: Boden|27/100 brn|[from] brn
|upkeep
|turn|14
|
|t:|1760345718
|move|p2a: Boden|Bullet Punch|p1a: Smeargle
|-damage|p1a: Smeargle|0 fnt
|faint|p1a: Smeargle
|
|-damage|p2a: Boden|21/100 brn|[from] brn
|upkeep
|
|t:|1760345722
|switch|p1a: Passimian|Passimian, M|100/100
|-activate|p1a: Passimian|move: Sticky Web
|-unboost|p1a: Passimian|spe|1
|-ability|p1a: Passimian|Defiant|boost
|-boost|p1a: Passimian|atk|2
|turn|15
|
|t:|1760345724
|move|p2a: Boden|Bullet Punch|p1a: Passimian
|-damage|p1a: Passimian|67/100
|move|p1a: Passimian|Drain Punch|p2a: Boden
|-damage|p2a: Boden|0 fnt
|-heal|p1a: Passimian|75/100|[from] drain|[of] p2a: Boden
|faint|p2a: Boden
|
|upkeep
|
|t:|1760345735
|switch|p2a: Emmett|Excadrill, M|33/100
|turn|16
|
|t:|1760345738
|move|p2a: Emmett|Earthquake|p1a: Passimian
|-damage|p1a: Passimian|30/100
|move|p1a: Passimian|Drain Punch|p2a: Emmett
|-supereffective|p2a: Emmett
|-damage|p2a: Emmett|0 fnt
|-heal|p1a: Passimian|47/100|[from] drain|[of] p2a: Emmett
|faint|p2a: Emmett
|
|upkeep
|
|t:|1760345744
|switch|p2a: Donavan|Dragonite, M, shiny|100/100
|turn|17
|
|t:|1760345748
|move|p2a: Donavan|Dragon Dance|p2a: Donavan
|-boost|p2a: Donavan|atk|1
|-boost|p2a: Donavan|spe|1
|move|p1a: Passimian|Iron Head|p2a: Donavan
|-damage|p2a: Donavan|71/100
|
|upkeep
|turn|18
|
|t:|1760345763
|move|p2a: Donavan|Dragon Dance|p2a: Donavan
|-boost|p2a: Donavan|atk|1
|-boost|p2a: Donavan|spe|1
|move|p1a: Passimian|Iron Head|p2a: Donavan
|-damage|p2a: Donavan|12/100
|
|upkeep
|turn|19
|
|t:|1760345769
|-terastallize|p2a: Donavan|Normal
|move|p2a: Donavan|Extreme Speed|p1a: Passimian
|-damage|p1a: Passimian|0 fnt
|faint|p1a: Passimian
|
|upkeep
|
|t:|1760345771
|switch|p1a: Empoleon|Empoleon, M|100/100
|-activate|p1a: Empoleon|move: Sticky Web
|-unboost|p1a: Empoleon|spe|1
|-ability|p1a: Empoleon|Competitive|boost
|-boost|p1a: Empoleon|spa|2
|turn|20
|
|t:|1760345774
|move|p2a: Donavan|Extreme Speed|p1a: Empoleon
|-resisted|p1a: Empoleon
|-damage|p1a: Empoleon|53/100
|move|p1a: Empoleon|Vacuum Wave|p2a: Donavan
|-supereffective|p2a: Donavan
|-damage|p2a: Donavan|0 fnt
|faint|p2a: Donavan
|
|upkeep
|
|t:|1760345780
|switch|p2a: Timothy|Tyranitar, M|100/100
|-weather|Sandstorm|[from] ability: Sand Stream|[of] p2a: Timothy
|turn|21
|
|t:|1760345784
|move|p2a: Timothy|Earthquake|p1a: Empoleon
|-supereffective|p1a: Empoleon
|-damage|p1a: Empoleon|0 fnt
|faint|p1a: Empoleon
|
|-weather|Sandstorm|[upkeep]
|upkeep
|
|t:|1760345786
|switch|p1a: Gothitelle|Gothitelle, M|100/100
|-activate|p1a: Gothitelle|move: Sticky Web
|-unboost|p1a: Gothitelle|spe|1
|-ability|p1a: Gothitelle|Competitive|boost
|-boost|p1a: Gothitelle|spa|2
|turn|22
|l|☆capitolg
|player|p1|
|
|t:|1760345791
|-terastallize|p1a: Gothitelle|Fighting
|move|p2a: Timothy|Rock Slide|p1a: Gothitelle
|-resisted|p1a: Gothitelle
|-damage|p1a: Gothitelle|78/100
|move|p1a: Gothitelle|Tera Blast|p2a: Timothy|[anim] Tera Blast Fighting
|-supereffective|p2a: Timothy
|-damage|p2a: Timothy|0 fnt
|faint|p2a: Timothy
|
|win|capitolg
|raw|capitolg's rating: 1181 &rarr; <strong>1206</strong><br />(+25 for winning)
|raw|Jinghan Yu's rating: 1181 &rarr; <strong>1156</strong><br />(-25 for losing)
|j|☆capitolg
|player|p1|capitolg|bellelba|
|l|☆Jinghan Yu
|player|p2|
