|j|☆doomagedon_35
|j|☆jop90
|t:|1760414862
|gametype|singles
|player|p1|doomagedon_35|ghetsis|1447
|player|p2|jop90|266|1418
|gen|9
|tier|[Gen 9] OU
|rated|
|rule|HP Percentage Mod: HP is shown in percentages
|rule|Endless Battle Clause: Forcing endless battles is banned
|rule|Species Clause: Limit one of each Pokémon
|rule|OHKO Clause: OHKO moves are banned
|rule|Evasion Items Clause: Evasion items are banned
|rule|Evasion Moves Clause: Evasion moves are banned
|rule|Evasion Abilities Clause: Evasion abilities are banned
|rule|Sleep Moves Clause: Sleep-inducing moves are banned
|clearpoke
|poke|p1|Weavile, M|
|poke|p1|Alomomola, M|
|poke|p1|Zamazenta-*|
|poke|p1|Dragonite, F|
|poke|p1|Iron Valiant|
|poke|p1|Pecharunt|
|poke|p2|Araquanid, M|
|poke|p2|Scizor, M|
|poke|p2|Lokix, F|
|poke|p2|Yanmega, F|
|poke|p2|Forretress, M|
|poke|p2|Ribombee, F|
|teampreview
|
|t:|1760414871
|teamsize|p1|6
|teamsize|p2|6
|start
|switch|p1a: Alomomola|Alomomola, M|100/100
|switch|p2a: Lokix|Lokix, F|100/100
|turn|1
|
|t:|1760414888
|move|p2a: Lokix|Knock Off|p1a: Alomomola
|-damage|p1a: Alomomola|51/100
|-enditem|p1a: Alomomola|Assault Vest|[from] move: Knock Off|[of] p2a: Lokix
|move|p1a: Alomomola|Flip Turn|p2a: Lokix
|-damage|p2a: Lokix|77/100
|
|t:|1760414978
|switch|p1a: Zamazenta|Zamazenta|100/100|[from] Flip Turn
|-ability|p1a: Zamazenta|Dauntless Shield|boost
|-boost|p1a: Zamazenta|def|1
|
|upkeep
|turn|2
|
|t:|1760414985
|switch|p2a: Forretress|Forretress, M|100/100
|move|p1a: Zamazenta|Iron Defense|p1a: Zamazenta
|-boost|p1a: Zamazenta|def|2
|
|upkeep
|turn|3
|
|t:|1760414990
|move|p1a: Zamazenta|Iron Defense|p1a: Zamazenta
|-boost|p1a: Zamazenta|def|2
|move|p2a: Forretress|Volt Switch|p1a: Zamazenta
|-damage|p1a: Zamazenta|93/100
|
|t:|1760415010
|switch|p2a: Ribombee|Ribombee, F|100/100|[from] Volt Switch
|
|-heal|p1a: Zamazenta|99/100|[from] item: Leftovers
|upkeep
|turn|4
|
|t:|1760415016
|move|p2a: Ribombee|Stun Spore|p1a: Zamazenta
|-status|p1a: Zamazenta|par
|move|p1a: Zamazenta|Heavy Slam|p2a: Ribombee
|-supereffective|p2a: Ribombee
|-enditem|p2a: Ribombee|Focus Sash
|-damage|p2a: Ribombee|1/100
|
|-heal|p1a: Zamazenta|100/100 par|[from] item: Leftovers
|upkeep
|turn|5
|
|t:|1760415026
|move|p2a: Ribombee|Moonblast|p1a: Zamazenta
|-supereffective|p1a: Zamazenta
|-damage|p1a: Zamazenta|50/100 par
|move|p1a: Zamazenta|Body Press|p2a: Ribombee
|-resisted|p2a: Ribombee
|-damage|p2a: Ribombee|0 fnt
|faint|p2a: Ribombee
|
|-heal|p1a: Zamazenta|56/100 par|[from] item: Leftovers
|upkeep
|
|t:|1760415031
|switch|p2a: Yanmega|Yanmega, F|100/100
|turn|6
|
|t:|1760415043
|move|p2a: Yanmega|Air Slash|p1a: Zamazenta
|-supereffective|p1a: Zamazenta
|-damage|p1a: Zamazenta|0 fnt
|faint|p1a: Zamazenta
|
|upkeep
|
|t:|1760415058
|switch|p1a: Weavile|Weavile, M|100/100
|-ability|p1a: Weavile|Pressure
|turn|7
|
|t:|1760415070
|switch|p2a: Forretress|Forretress, M|100/100
|move|p1a: Weavile|Knock Off|p2a: Forretress
|-damage|p2a: Forretress|76/100
|-enditem|p2a: Forretress|Leftovers|[from] move: Knock Off|[of] p1a: Weavile
|
|upkeep
|turn|8
|
|t:|1760415083
|switch|p1a: Alomomola|Alomomola, M|84/100
|move|p2a: Forretress|Volt Switch|p1a: Alomomola
|-supereffective|p1a: Alomomola
|-damage|p1a: Alomomola|68/100
|
|t:|1760415090
|switch|p2a: Yanmega|Yanmega, F|100/100|[from] Volt Switch
|
|upkeep
|turn|9
|
|t:|1760415119
|move|p2a: Yanmega|Giga Drain|p1a: Alomomola
|-supereffective|p1a: Alomomola
|-damage|p1a: Alomomola|14/100
|move|p1a: Alomomola|Mirror Coat|p2a: Yanmega
|-damage|p2a: Yanmega|0 fnt
|faint|p2a: Yanmega
|
|upkeep
|
|t:|1760415135
|switch|p2a: Lokix|Lokix, F|77/100
|turn|10
|
|t:|1760415194
|switch|p1a: Pecharunt|Pecharunt|100/100
|move|p2a: Lokix|Knock Off|p1a: Pecharunt
|-supereffective|p1a: Pecharunt
|-damage|p1a: Pecharunt|44/100
|-enditem|p1a: Pecharunt|Heavy-Duty Boots|[from] move: Knock Off|[of] p2a: Lokix
|
|upkeep
|turn|11
|
|t:|1760415199
|move|p2a: Lokix|Knock Off|p1a: Pecharunt
|-supereffective|p1a: Pecharunt
|-damage|p1a: Pecharunt|3/100
|move|p1a: Pecharunt|Recover|p1a: Pecharunt
|-heal|p1a: Pecharunt|53/100
|
|upkeep
|turn|12
|
|t:|1760415207
|move|p2a: Lokix|Knock Off|p1a: Pecharunt
|-supereffective|p1a: Pecharunt
|-damage|p1a: Pecharunt|11/100
|move|p1a: Pecharunt|Recover|p1a: Pecharunt
|-heal|p1a: Pecharunt|61/100
|
|upkeep
|turn|13
|
|t:|1760415215
|switch|p2a: Araquanid|Araquanid, M|100/100
|move|p1a: Pecharunt|Recover|p1a: Pecharunt
|-heal|p1a: Pecharunt|100/100
|
|upkeep
|turn|14
|
|t:|1760415223
|-terastallize|p2a: Araquanid|Water
|move|p1a: Pecharunt|Parting Shot|p2a: Araquanid
|-unboost|p2a: Araquanid|atk|1
|-unboost|p2a: Araquanid|spa|1
|
|t:|1760415234
|switch|p1a: Alomomola|Alomomola, M|48/100|[from] Parting Shot
|move|p2a: Araquanid|Hydro Pump|p1a: Alomomola
|-resisted|p1a: Alomomola
|-damage|p1a: Alomomola|33/100
|
|upkeep
|turn|15
|
|t:|1760415251
|switch|p1a: Dragonite|Dragonite, F, shiny|100/100
|move|p2a: Araquanid|Liquidation|p1a: Dragonite
|-resisted|p1a: Dragonite
|-damage|p1a: Dragonite|88/100
|
|upkeep
|turn|16
|
|t:|1760415280
|switch|p2a: Forretress|Forretress, M|76/100
|move|p1a: Dragonite|Roost|p1a: Dragonite
|-heal|p1a: Dragonite|100/100
|-singleturn|p1a: Dragonite|move: Roost
|
|upkeep
|turn|17
|
|t:|1760415285
|switch|p1a: Alomomola|Alomomola, M|66/100
|move|p2a: Forretress|Volt Switch|p1a: Alomomola
|-supereffective|p1a: Alomomola
|-damage|p1a: Alomomola|49/100
|
|t:|1760415292
|switch|p2a: Scizor|Scizor, M|100/100|[from] Volt Switch
|
|upkeep
|turn|18
|
|t:|1760415322
|move|p2a: Scizor|Swords Dance|p2a: Scizor
|-boost|p2a: Scizor|atk|2
|move|p1a: Alomomola|Scald|p2a: Scizor
|-damage|p2a: Scizor|84/100
|
|upkeep
|turn|19
|
|t:|1760415350
|move|p2a: Scizor|Swords Dance|p2a: Scizor
|-boost|p2a: Scizor|atk|2
|move|p1a: Alomomola|Scald|p2a: Scizor
|-damage|p2a: Scizor|67/100
|
|upkeep
|turn|20
|
|t:|1760415380
|move|p2a: Scizor|Bullet Punch|p1a: Alomomola
|-resisted|p1a: Alomomola
|-damage|p1a: Alomomola|8/100
|move|p1a: Alomomola|Scald|p2a: Scizor
|-damage|p2a: Scizor|49/100
|
|upkeep
|turn|21
|
|t:|1760415390
|switch|p1a: Pecharunt|Pecharunt|100/100
|move|p2a: Scizor|Bullet Punch|p1a: Pecharunt
|-damage|p1a: Pecharunt|52/100
|
|upkeep
|turn|22
|
|t:|1760415411
|move|p2a: Scizor|Bullet Punch|p1a: Pecharunt
|-damage|p1a: Pecharunt|4/100
|move|p1a: Pecharunt|Hex|p2a: Scizor
|-damage|p2a: Scizor|25/100
|
|upkeep
|turn|23
|
|t:|1760415419
|move|p2a: Scizor|Bullet Punch|p1a: Pecharunt
|-damage|p1a: Pecharunt|0 fnt
|faint|p1a: Pecharunt
|
|upkeep
|
|t:|1760415448
|switch|p1a: Dragonite|Dragonite, F, shiny|100/100
|turn|24
|
|t:|1760415477
|switch|p2a: Forretress|Forretress, M|76/100
|move|p1a: Dragonite|Earthquake|p2a: Forretress
|-damage|p2a: Forretress|59/100
|
|upkeep
|turn|25
|
|t:|1760415486
|switch|p1a: Iron Valiant|Iron Valiant|100/100
|-enditem|p1a: Iron Valiant|Booster Energy
|-activate|p1a: Iron Valiant|ability: Quark Drive|[fromitem]
|-start|p1a: Iron Valiant|quarkdrivespe
|move|p2a: Forretress|Volt Switch|p1a: Iron Valiant
|-damage|p1a: Iron Valiant|82/100
|
|t:|1760415493
|switch|p2a: Araquanid|Araquanid, M, tera:Water|100/100|[from] Volt Switch
|
|upkeep
|turn|26
|
|t:|1760415504
|move|p1a: Iron Valiant|Thunderbolt|p2a: Araquanid
|-supereffective|p2a: Araquanid
|-damage|p2a: Araquanid|67/100
|move|p2a: Araquanid|Liquidation|p1a: Iron Valiant
|-damage|p1a: Iron Valiant|0 fnt
|faint|p1a: Iron Valiant
|-end|p1a: Iron Valiant|Quark Drive|[silent]
|
|upkeep
|
|t:|1760415522
|switch|p1a: Weavile|Weavile, M|100/100
|-ability|p1a: Weavile|Pressure
|turn|27
|
|t:|1760415532
|switch|p2a: Forretress|Forretress, M|59/100
|move|p1a: Weavile|Knock Off|p2a: Forretress
|-damage|p2a: Forretress|40/100
|
|upkeep
|turn|28
|
|t:|1760415544
|move|p1a: Weavile|Knock Off|p2a: Forretress
|-damage|p2a: Forretress|24/100
|move|p2a: Forretress|Volt Switch|p1a: Weavile
|-damage|p1a: Weavile|85/100
|
|t:|1760415562
|switch|p2a: Lokix|Lokix, F|77/100|[from] Volt Switch
|
|upkeep
|turn|29
|
|t:|1760415570
|move|p1a: Weavile|Triple Axel|p2a: Lokix
|-damage|p2a: Lokix|62/100
|-damage|p2a: Lokix|30/100
|-damage|p2a: Lokix|0 fnt
|faint|p2a: Lokix
|-hitcount|p2: Lokix|3
|
|upkeep
|
|t:|1760415573
|switch|p2a: Scizor|Scizor, M|25/100
|turn|30
|
|t:|1760415587
|move|p2a: Scizor|Bullet Punch|p1a: Weavile
|-supereffective|p1a: Weavile
|-damage|p1a: Weavile|0 fnt
|faint|p1a: Weavile
|
|upkeep
|
|t:|1760415592
|switch|p1a: Alomomola|Alomomola, M|41/100
|turn|31
|
|t:|1760415601
|switch|p2a: Araquanid|Araquanid, M, tera:Water|67/100
|move|p1a: Alomomola|Flip Turn|p2a: Araquanid
|-resisted|p2a: Araquanid
|-damage|p2a: Araquanid|59/100
|
|t:|1760415604
|switch|p1a: Dragonite|Dragonite, F, shiny|100/100|[from] Flip Turn
|
|upkeep
|turn|32
|
|t:|1760415651
|move|p1a: Dragonite|Dragon Dance|p1a: Dragonite
|-boost|p1a: Dragonite|atk|1
|-boost|p1a: Dragonite|spe|1
|move|p2a: Araquanid|Liquidation|p1a: Dragonite
|-resisted|p1a: Dragonite
|-crit|p1a: Dragonite
|-damage|p1a: Dragonite|72/100
|
|upkeep
|turn|33
|
|t:|1760415673
|move|p1a: Dragonite|Earthquake|p2a: Araquanid
|-crit|p2a: Araquanid
|-damage|p2a: Araquanid|0 fnt
|faint|p2a: Araquanid
|
|upkeep
|
|t:|1760415684
|switch|p2a: Forretress|Forretress, M|24/100
|turn|34
|
|t:|1760415688
|move|p1a: Dragonite|Earthquake|p2a: Forretress
|-damage|p2a: Forretress|0 fnt
|faint|p2a: Forretress
|
|upkeep
|
|t:|1760415719
|switch|p2a: Scizor|Scizor, M|25/100
|turn|35
|
|t:|1760415724
|move|p2a: Scizor|Bullet Punch|p1a: Dragonite
|-crit|p1a: Dragonite
|-damage|p1a: Dragonite|27/100
|move|p1a: Dragonite|Earthquake|p2a: Scizor
|-damage|p2a: Scizor|0 fnt
|faint|p2a: Scizor
|
|win|doomagedon_35
|raw|doomagedon_35's rating: 1447 &rarr; <strong>1465</strong><br />(+18 for winning)
|raw|jop90's rating: 1413 &rarr; <strong>1395</strong><br />(-18 for losing)
|l|☆jop90
|player|p2|
|l|☆doomagedon_35
|player|p1|
