|j|☆cornel1233
|j|☆Dogerunner
|t:|1760300377
|gametype|singles
|player|p1|cornel1233|265|1136
|player|p2|Dogerunner|battlegirl-gen4|1161
|gen|9
|tier|[Gen 9] OU
|rated|
|rule|HP Percentage Mod: HP is shown in percentages
|rule|Endless Battle Clause: Forcing endless battles is banned
|rule|Species Clause: Limit one of each Pokémon
|rule|OHKO Clause: OHKO moves are banned
|rule|Evasion Items Clause: Evasion items are banned
|rule|Evasion Moves Clause: Evasion moves are banned
|rule|Evasion Abilities Clause: Evasion abilities are banned
|rule|Sleep Moves Clause: Sleep-inducing moves are banned
|clearpoke
|poke|p1|Blaziken, F|
|poke|p1|Slaking, F|
|poke|p1|Milotic, F|
|poke|p1|Latias, F|
|poke|p1|Metagross|
|poke|p1|Illumise, F|
|poke|p2|Heatran, M|
|poke|p2|Pecharunt|
|poke|p2|Dragonite, F|
|poke|p2|Great Tusk|
|poke|p2|Iron Treads|
|poke|p2|Garganacl, M|
|teampreview
|inactive|Battle timer is ON: inactive players will automatically lose when time's up. (requested by cornel1233)
|
|t:|1760300385
|teamsize|p1|6
|teamsize|p2|6
|start
|switch|p1a: Blaziken|Blaziken, F|100/100
|switch|p2a: Garganacl|Garganacl, M|100/100
|-item|p1a: Blaziken|Air Balloon
|turn|1
|
|t:|1760300391
|-terastallize|p2a: Garganacl|Water
|move|p1a: Blaziken|Bulk Up|p1a: Blaziken
|-boost|p1a: Blaziken|atk|1
|-boost|p1a: Blaziken|def|1
|move|p2a: Garganacl|Salt Cure|p1a: Blaziken
|-damage|p1a: Blaziken|86/100
|-start|p1a: Blaziken|Salt Cure
|-enditem|p1a: Blaziken|Air Balloon
|
|-damage|p1a: Blaziken|73/100|[from] Salt Cure
|-ability|p1a: Blaziken|Speed Boost|boost
|-boost|p1a: Blaziken|spe|1
|upkeep
|turn|2
|
|t:|1760300398
|move|p1a: Blaziken|Bulk Up|p1a: Blaziken
|-boost|p1a: Blaziken|atk|1
|-boost|p1a: Blaziken|def|1
|move|p2a: Garganacl|Recover||[still]
|-fail|p2a: Garganacl|heal
|
|-damage|p1a: Blaziken|61/100|[from] Salt Cure
|-ability|p1a: Blaziken|Speed Boost|boost
|-boost|p1a: Blaziken|spe|1
|upkeep
|turn|3
|
|t:|1760300404
|switch|p2a: Pecharunt|Pecharunt|100/100
|move|p1a: Blaziken|Bulk Up|p1a: Blaziken
|-boost|p1a: Blaziken|atk|1
|-boost|p1a: Blaziken|def|1
|
|-damage|p1a: Blaziken|49/100|[from] Salt Cure
|-ability|p1a: Blaziken|Speed Boost|boost
|-boost|p1a: Blaziken|spe|1
|upkeep
|turn|4
|
|t:|1760300412
|switch|p2a: Great Tusk|Great Tusk|100/100
|move|p1a: Blaziken|Blaze Kick|p2a: Great Tusk
|-damage|p2a: Great Tusk|10/100
|
|-damage|p1a: Blaziken|36/100|[from] Salt Cure
|-ability|p1a: Blaziken|Speed Boost|boost
|-boost|p1a: Blaziken|spe|1
|upkeep
|turn|5
|
|t:|1760300418
|move|p1a: Blaziken|Blaze Kick|p2a: Great Tusk
|-damage|p2a: Great Tusk|0 fnt
|faint|p2a: Great Tusk
|-end|p2a: Great Tusk|Protosynthesis|[silent]
|
|-damage|p1a: Blaziken|24/100|[from] Salt Cure
|-ability|p1a: Blaziken|Speed Boost|boost
|-boost|p1a: Blaziken|spe|1
|upkeep
|
|t:|1760300424
|switch|p2a: Garganacl|Garganacl, M, tera:Water|100/100
|turn|6
|
|t:|1760300427
|move|p2a: Garganacl|Protect|p2a: Garganacl
|-singleturn|p2a: Garganacl|Protect
|move|p1a: Blaziken|Close Combat|p2a: Garganacl
|-activate|p2a: Garganacl|move: Protect
|
|-damage|p1a: Blaziken|12/100|[from] Salt Cure
|-ability|p1a: Blaziken|Speed Boost|boost
|-boost|p1a: Blaziken|spe|1
|upkeep
|turn|7
|
|t:|1760300432
|switch|p2a: Pecharunt|Pecharunt|100/100
|move|p1a: Blaziken|Close Combat|p2a: Pecharunt
|-immune|p2a: Pecharunt
|
|-damage|p1a: Blaziken|0 fnt|[from] Salt Cure
|faint|p1a: Blaziken
|upkeep
|
|t:|1760300437
|switch|p1a: Latias|Latias, F|100/100
|turn|8
|
|t:|1760300446
|move|p1a: Latias|Light Screen|p1a: Latias
|-sidestart|p1: cornel1233|move: Light Screen
|move|p2a: Pecharunt|Parting Shot|p1a: Latias
|-unboost|p1a: Latias|atk|1
|-unboost|p1a: Latias|spa|1
|
|t:|1760300449
|switch|p2a: Garganacl|Garganacl, M, tera:Water|100/100|[from] Parting Shot
|
|upkeep
|turn|9
|
|t:|1760300453
|move|p1a: Latias|Reflect|p1a: Latias
|-sidestart|p1: cornel1233|Reflect
|move|p2a: Garganacl|Curse|p2a: Garganacl
|-unboost|p2a: Garganacl|spe|1
|-boost|p2a: Garganacl|atk|1
|-boost|p2a: Garganacl|def|1
|
|upkeep
|turn|10
|
|t:|1760300460
|switch|p1a: Metagross|Metagross|100/100
|move|p2a: Garganacl|Curse|p2a: Garganacl
|-unboost|p2a: Garganacl|spe|1
|-boost|p2a: Garganacl|atk|1
|-boost|p2a: Garganacl|def|1
|
|upkeep
|turn|11
|
|t:|1760300464
|move|p1a: Metagross|Agility|p1a: Metagross
|-boost|p1a: Metagross|spe|2
|move|p2a: Garganacl|Salt Cure|p1a: Metagross
|-resisted|p1a: Metagross
|-damage|p1a: Metagross|95/100
|-start|p1a: Metagross|Salt Cure
|
|-heal|p1a: Metagross|100/100|[from] item: Leftovers
|-damage|p1a: Metagross|76/100|[from] Salt Cure
|upkeep
|turn|12
|
|t:|1760300469
|move|p1a: Metagross|Hone Claws|p1a: Metagross
|-boost|p1a: Metagross|atk|1
|-boost|p1a: Metagross|accuracy|1
|move|p2a: Garganacl|Curse|p2a: Garganacl
|-unboost|p2a: Garganacl|spe|1
|-boost|p2a: Garganacl|atk|1
|-boost|p2a: Garganacl|def|1
|
|-heal|p1a: Metagross|82/100|[from] item: Leftovers
|-damage|p1a: Metagross|57/100|[from] Salt Cure
|upkeep
|turn|13
|
|t:|1760300471
|move|p1a: Metagross|Hone Claws|p1a: Metagross
|-boost|p1a: Metagross|atk|1
|-boost|p1a: Metagross|accuracy|1
|move|p2a: Garganacl|Curse|p2a: Garganacl
|-unboost|p2a: Garganacl|spe|1
|-boost|p2a: Garganacl|atk|1
|-boost|p2a: Garganacl|def|1
|
|-heal|p1a: Metagross|63/100|[from] item: Leftovers
|-damage|p1a: Metagross|38/100|[from] Salt Cure
|upkeep
|turn|14
|
|t:|1760300476
|move|p1a: Metagross|Psychic Fangs|p2a: Garganacl
|-damage|p2a: Garganacl|80/100
|move|p2a: Garganacl|Curse|p2a: Garganacl
|-unboost|p2a: Garganacl|spe|1
|-boost|p2a: Garganacl|atk|1
|-boost|p2a: Garganacl|def|1
|
|-heal|p1a: Metagross|44/100|[from] item: Leftovers
|-heal|p2a: Garganacl|86/100|[from] item: Leftovers
|-damage|p1a: Metagross|19/100|[from] Salt Cure
|upkeep
|turn|15
|
|t:|1760300479
|move|p1a: Metagross|Meteor Mash|p2a: Garganacl
|-resisted|p2a: Garganacl
|-damage|p2a: Garganacl|75/100
|move|p2a: Garganacl|Curse|p2a: Garganacl
|-unboost|p2a: Garganacl|spe|1
|-boost|p2a: Garganacl|atk|1
|-boost|p2a: Garganacl|def|1
|
|-heal|p1a: Metagross|25/100|[from] item: Leftovers
|-heal|p2a: Garganacl|81/100|[from] item: Leftovers
|-damage|p1a: Metagross|0 fnt|[from] Salt Cure
|faint|p1a: Metagross
|-sideend|p1: cornel1233|move: Light Screen
|upkeep
|
|t:|1760300484
|switch|p1a: Milotic|Milotic, F|100/100
|turn|16
|
|t:|1760300487
|move|p1a: Milotic|Dragon Pulse|p2a: Garganacl
|-damage|p2a: Garganacl|66/100
|move|p2a: Garganacl|Salt Cure|p1a: Milotic
|-damage|p1a: Milotic|66/100
|-start|p1a: Milotic|Salt Cure
|
|-heal|p1a: Milotic|72/100|[from] item: Leftovers
|-heal|p2a: Garganacl|73/100|[from] item: Leftovers
|-damage|p1a: Milotic|47/100|[from] Salt Cure
|-sideend|p1: cornel1233|Reflect
|upkeep
|turn|17
|
|t:|1760300490
|move|p1a: Milotic|Dragon Pulse|p2a: Garganacl
|-damage|p2a: Garganacl|56/100
|move|p2a: Garganacl|Salt Cure|p1a: Milotic
|-damage|p1a: Milotic|0 fnt
|faint|p1a: Milotic
|
|-heal|p2a: Garganacl|62/100|[from] item: Leftovers
|upkeep
|
|t:|1760300493
|switch|p1a: Latias|Latias, F|100/100
|turn|18
|
|t:|1760300496
|move|p1a: Latias|Light Screen|p1a: Latias
|-sidestart|p1: cornel1233|move: Light Screen
|move|p2a: Garganacl|Salt Cure|p1a: Latias
|-damage|p1a: Latias|40/100
|-start|p1a: Latias|Salt Cure
|
|-heal|p2a: Garganacl|68/100|[from] item: Leftovers
|-damage|p1a: Latias|28/100|[from] Salt Cure
|upkeep
|turn|19
|
|t:|1760300500
|move|p1a: Latias|Reflect|p1a: Latias
|-sidestart|p1: cornel1233|Reflect
|move|p2a: Garganacl|Recover|p2a: Garganacl
|-heal|p2a: Garganacl|100/100
|
|-damage|p1a: Latias|16/100|[from] Salt Cure
|upkeep
|turn|20
|
|t:|1760300506
|switch|p1a: Illumise|Illumise, F|100/100
|move|p2a: Garganacl|Curse|p2a: Garganacl
|
|-damage|p1a: Illumise|88/100|[from] item: Black Sludge
|upkeep
|turn|21
|
|t:|1760300510
|move|p1a: Illumise|Trick|p2a: Garganacl
|-activate|p1a: Illumise|move: Trick|[of] p2a: Garganacl
|-item|p2a: Garganacl|Black Sludge|[from] move: Trick
|-item|p1a: Illumise|Leftovers|[from] move: Trick
|move|p2a: Garganacl|Salt Cure|p1a: Illumise
|-supereffective|p1a: Illumise
|-damage|p1a: Illumise|19/100
|-start|p1a: Illumise|Salt Cure
|
|-heal|p1a: Illumise|25/100|[from] item: Leftovers
|-damage|p2a: Garganacl|88/100|[from] item: Black Sludge
|-damage|p1a: Illumise|12/100|[from] Salt Cure
|upkeep
|turn|22
|
|t:|1760300518
|move|p1a: Illumise|Thunder Wave|p2a: Garganacl
|-immune|p2a: Garganacl|[from] ability: Purifying Salt
|move|p2a: Garganacl|Salt Cure|p1a: Illumise
|-supereffective|p1a: Illumise
|-damage|p1a: Illumise|0 fnt
|faint|p1a: Illumise
|
|-damage|p2a: Garganacl|76/100|[from] item: Black Sludge
|upkeep
|
|t:|1760300521
|switch|p1a: Slaking|Slaking, F|100/100
|turn|23
|
|t:|1760300526
|move|p1a: Slaking|Knock Off|p2a: Garganacl
|-damage|p2a: Garganacl|66/100
|-enditem|p2a: Garganacl|Black Sludge|[from] move: Knock Off|[of] p1a: Slaking
|move|p2a: Garganacl|Salt Cure|p1a: Slaking
|-damage|p1a: Slaking|78/100
|-start|p1a: Slaking|Salt Cure
|
|-damage|p1a: Slaking|66/100|[from] Salt Cure
|upkeep
|turn|24
|
|t:|1760300533
|switch|p1a: Latias|Latias, F|16/100
|move|p2a: Garganacl|Recover|p2a: Garganacl
|-heal|p2a: Garganacl|100/100
|
|upkeep
|turn|25
|
|t:|1760300538
|move|p1a: Latias|Healing Wish|p1a: Latias
|faint|p1a: Latias
|move|p2a: Garganacl|Salt Cure|p1: Latias|[notarget]
|-fail|p2a: Garganacl
|
|-sideend|p1: cornel1233|move: Light Screen
|upkeep
|
|t:|1760300541
|switch|p1a: Slaking|Slaking, F|66/100
|-heal|p1a: Slaking|100/100|[from] move: Healing Wish
|turn|26
|
|t:|1760300554
|move|p1a: Slaking|Giga Impact|p2a: Garganacl
|-damage|p2a: Garganacl|76/100
|-mustrecharge|p1a: Slaking
|move|p2a: Garganacl|Salt Cure|p1a: Slaking
|-damage|p1a: Slaking|79/100
|-start|p1a: Slaking|Salt Cure
|
|-damage|p1a: Slaking|66/100|[from] Salt Cure
|-sideend|p1: cornel1233|Reflect
|upkeep
|turn|27
|
|t:|1760300557
|cant|p1a: Slaking|recharge
|move|p2a: Garganacl|Salt Cure|p1a: Slaking
|-damage|p1a: Slaking|22/100
|
|-damage|p1a: Slaking|10/100|[from] Salt Cure
|upkeep
|turn|28
|
|t:|1760300559
|move|p1a: Slaking|Giga Impact|p2a: Garganacl
|-damage|p2a: Garganacl|53/100
|-mustrecharge|p1a: Slaking
|move|p2a: Garganacl|Salt Cure|p1a: Slaking
|-damage|p1a: Slaking|0 fnt
|faint|p1a: Slaking
|
|win|Dogerunner
|raw|cornel1233's rating: 1136 &rarr; <strong>1113</strong><br />(-23 for losing)
|raw|Dogerunner's rating: 1161 &rarr; <strong>1184</strong><br />(+23 for winning)
|l|☆Dogerunner
|player|p2|
|l|☆cornel1233
|player|p1|
