|j|☆sgCURRY3
|j|☆bloo28
|t:|1760415234
|gametype|singles
|player|p1|sgCURRY3|cynthia|1397
|player|p2|bloo28|elesa|1352
|gen|9
|tier|[Gen 9] OU
|rated|
|rule|HP Percentage Mod: HP is shown in percentages
|rule|Endless Battle Clause: Forcing endless battles is banned
|rule|Species Clause: Limit one of each Pokémon
|rule|OHKO Clause: OHKO moves are banned
|rule|Evasion Items Clause: Evasion items are banned
|rule|Evasion Moves Clause: Evasion moves are banned
|rule|Evasion Abilities Clause: Evasion abilities are banned
|rule|Sleep Moves Clause: Sleep-inducing moves are banned
|clearpoke
|poke|p1|Greninja-*, M|
|poke|p1|Dragapult, M|
|poke|p1|Glimmora, M|
|poke|p1|Corviknight, M|
|poke|p1|Great Tusk|
|poke|p1|Hoopa-Unbound|
|poke|p2|Ogerpon-Cornerstone, F|
|poke|p2|Hatterene, F|
|poke|p2|Pecharunt|
|poke|p2|Landorus-Therian, M|
|poke|p2|Kingambit, M|
|poke|p2|Latios, M|
|teampreview
|inactive|Battle timer is ON: inactive players will automatically lose when time's up. (requested by sgCURRY3)
|
|t:|1760415243
|teamsize|p1|6
|teamsize|p2|6
|start
|switch|p1a: 狠人|Hoopa-Unbound|100/100
|switch|p2a: Landorus|Landorus-Therian, M|100/100
|-ability|p2a: Landorus|Intimidate|boost
|-unboost|p1a: 狠人|atk|1
|turn|1
|
|t:|1760415248
|switch|p1a: 开出钉子就赢|Glimmora, M|100/100
|move|p2a: Landorus|U-turn|p1a: 开出钉子就赢
|-resisted|p1a: 开出钉子就赢
|-damage|p1a: 开出钉子就赢|88/100
|-activate|p1a: 开出钉子就赢|ability: Toxic Debris
|-sidestart|p2: bloo28|move: Toxic Spikes
|
|t:|1760415254
|switch|p2a: Pecharunt|Pecharunt|100/100|[from] U-turn
|-sideend|p2: bloo28|move: Toxic Spikes|[of] p2a: Pecharunt
|
|upkeep
|turn|2
|
|t:|1760415261
|switch|p2a: Hatterene|Hatterene, F|100/100
|move|p1a: 开出钉子就赢|Stealth Rock|p2a: Hatterene
|move|p2a: Hatterene|Stealth Rock|p1a: 开出钉子就赢|[from] ability: Magic Bounce
|-sidestart|p1: sgCURRY3|move: Stealth Rock
|
|upkeep
|turn|3
|
|t:|1760415264
|move|p1a: 开出钉子就赢|Mortal Spin|p2a: Hatterene
|-supereffective|p2a: Hatterene
|-damage|p2a: Hatterene|87/100
|-status|p2a: Hatterene|psn
|-sideend|p1: sgCURRY3|Stealth Rock|[from] move: Mortal Spin|[of] p1a: 开出钉子就赢
|move|p2a: Hatterene|Psychic Noise|p1a: 开出钉子就赢
|-supereffective|p1a: 开出钉子就赢
|-damage|p1a: 开出钉子就赢|0 fnt
|faint|p1a: 开出钉子就赢
|
|-damage|p2a: Hatterene|75/100 psn|[from] psn
|upkeep
|
|t:|1760415279
|switch|p1a: 狠人|Hoopa-Unbound|100/100
|turn|4
|
|t:|1760415287
|switch|p2a: Landorus|Landorus-Therian, M|100/100
|-ability|p2a: Landorus|Intimidate|boost
|-unboost|p1a: 狠人|atk|1
|move|p1a: 狠人|Gunk Shot|p2a: Landorus|[miss]
|-miss|p1a: 狠人|p2a: Landorus
|
|upkeep
|turn|5
|
|t:|1760415293
|switch|p1a: 盔甲鸟|Corviknight, M|100/100
|-ability|p1a: 盔甲鸟|Pressure
|move|p2a: Landorus|U-turn|p1a: 盔甲鸟
|-resisted|p1a: 盔甲鸟
|-damage|p1a: 盔甲鸟|97/100
|-damage|p2a: Landorus|84/100|[from] item: Rocky Helmet|[of] p1a: 盔甲鸟
|
|t:|1760415302
|switch|p2a: Latios|Latios, M|100/100|[from] U-turn
|
|upkeep
|turn|6
|
|t:|1760415306
|move|p2a: Latios|Trick|p1a: 盔甲鸟
|-activate|p2a: Latios|move: Trick|[of] p1a: 盔甲鸟
|-item|p1a: 盔甲鸟|Choice Scarf|[from] move: Trick
|-item|p2a: Latios|Rocky Helmet|[from] move: Trick
|move|p1a: 盔甲鸟|U-turn|p2a: Latios
|-supereffective|p2a: Latios
|-damage|p2a: Latios|59/100
|-damage|p1a: 盔甲鸟|80/100|[from] item: Rocky Helmet|[of] p2a: Latios
|
|t:|1760415313
|switch|p1a: 黄毛|Dragapult, M, shiny|100/100|[from] U-turn
|
|upkeep
|turn|7
|
|t:|1760415321
|switch|p2a: Kingambit|Kingambit, M|100/100
|move|p1a: 黄毛|Shadow Ball|p2a: Kingambit
|-resisted|p2a: Kingambit
|-damage|p2a: Kingambit|70/100
|-unboost|p2a: Kingambit|spd|1
|
|-heal|p2a: Kingambit|76/100|[from] item: Leftovers
|upkeep
|turn|8
|
|t:|1760415327
|switch|p1a: 盔甲鸟|Corviknight, M|80/100
|-ability|p1a: 盔甲鸟|Pressure
|move|p2a: Kingambit|Kowtow Cleave|p1a: 盔甲鸟
|-damage|p1a: 盔甲鸟|45/100
|
|-heal|p2a: Kingambit|82/100|[from] item: Leftovers
|upkeep
|turn|9
|
|t:|1760415333
|-end|p2a: Kingambit|fallenundefined|[silent]
|switch|p2a: Landorus|Landorus-Therian, M|84/100
|-ability|p2a: Landorus|Intimidate|boost
|-unboost|p1a: 盔甲鸟|atk|1
|move|p1a: 盔甲鸟|Roost|p1a: 盔甲鸟
|-heal|p1a: 盔甲鸟|95/100
|-singleturn|p1a: 盔甲鸟|move: Roost
|
|upkeep
|turn|10
|
|t:|1760415340
|move|p2a: Landorus|U-turn|p1a: 盔甲鸟
|-resisted|p1a: 盔甲鸟
|-damage|p1a: 盔甲鸟|92/100
|
|t:|1760415344
|switch|p2a: Kingambit|Kingambit, M|82/100|[from] U-turn
|move|p1a: 盔甲鸟|Roost|p1a: 盔甲鸟
|-heal|p1a: 盔甲鸟|100/100
|-singleturn|p1a: 盔甲鸟|move: Roost
|
|-heal|p2a: Kingambit|88/100|[from] item: Leftovers
|upkeep
|turn|11
|
|t:|1760415349
|switch|p1a: 猛犸象|Great Tusk, shiny|100/100
|move|p2a: Kingambit|Kowtow Cleave|p1a: 猛犸象
|-resisted|p1a: 猛犸象
|-damage|p1a: 猛犸象|83/100
|
|-heal|p2a: Kingambit|94/100|[from] item: Leftovers
|upkeep
|turn|12
|
|t:|1760415355
|-end|p2a: Kingambit|fallenundefined|[silent]
|switch|p2a: Landorus|Landorus-Therian, M|84/100
|-ability|p2a: Landorus|Intimidate|boost
|-unboost|p1a: 猛犸象|atk|1
|move|p1a: 猛犸象|Ice Spinner|p2a: Landorus
|-supereffective|p2a: Landorus
|-damage|p2a: Landorus|17/100
|-damage|p1a: 猛犸象|66/100|[from] item: Rocky Helmet|[of] p2a: Landorus
|
|upkeep
|turn|13
|
|t:|1760415362
|-end|p1a: 猛犸象|Protosynthesis|[silent]
|switch|p1a: 盔甲鸟|Corviknight, M|100/100
|-ability|p1a: 盔甲鸟|Pressure
|switch|p2a: Pecharunt|Pecharunt|100/100
|
|upkeep
|turn|14
|
|t:|1760415368
|move|p1a: 盔甲鸟|U-turn|p2a: Pecharunt
|-resisted|p2a: Pecharunt
|-damage|p2a: Pecharunt|99/100
|
|t:|1760415371
|switch|p1a: 黄毛|Dragapult, M, shiny|100/100|[from] U-turn
|move|p2a: Pecharunt|Shadow Ball|p1a: 黄毛
|-supereffective|p1a: 黄毛
|-damage|p1a: 黄毛|36/100
|
|upkeep
|turn|15
|
|t:|1760415381
|switch|p2a: Kingambit|Kingambit, M|94/100
|move|p1a: 黄毛|Flamethrower|p2a: Kingambit
|-supereffective|p2a: Kingambit
|-damage|p2a: Kingambit|3/100
|
|-heal|p2a: Kingambit|9/100|[from] item: Leftovers
|upkeep
|turn|16
|
|t:|1760415386
|switch|p1a: 猛犸象|Great Tusk, shiny|66/100
|move|p2a: Kingambit|Kowtow Cleave|p1a: 猛犸象
|-resisted|p1a: 猛犸象
|-damage|p1a: 猛犸象|48/100
|
|-heal|p2a: Kingambit|15/100|[from] item: Leftovers
|upkeep
|turn|17
|
|t:|1760415392
|-end|p2a: Kingambit|fallenundefined|[silent]
|switch|p2a: Landorus|Landorus-Therian, M|17/100
|-ability|p2a: Landorus|Intimidate|boost
|-unboost|p1a: 猛犸象|atk|1
|move|p1a: 猛犸象|Rapid Spin|p2a: Landorus
|-damage|p2a: Landorus|7/100
|-boost|p1a: 猛犸象|spe|1
|-damage|p1a: 猛犸象|32/100|[from] item: Rocky Helmet|[of] p2a: Landorus
|
|upkeep
|turn|18
|
|t:|1760415399
|move|p1a: 猛犸象|Ice Spinner|p2a: Landorus
|-supereffective|p2a: Landorus
|-damage|p2a: Landorus|0 fnt
|-damage|p1a: 猛犸象|15/100|[from] item: Rocky Helmet|[of] p2a: Landorus
|faint|p2a: Landorus
|
|upkeep
|
|t:|1760415408
|switch|p2a: Ogerpon|Ogerpon-Cornerstone, F|100/100
|turn|19
|
|t:|1760415415
|move|p1a: 猛犸象|Close Combat|p2a: Ogerpon
|-supereffective|p2a: Ogerpon
|-ability|p2a: Ogerpon|Sturdy
|-damage|p2a: Ogerpon|1/100
|-unboost|p1a: 猛犸象|def|1
|-unboost|p1a: 猛犸象|spd|1
|move|p2a: Ogerpon|Power Whip|p1a: 猛犸象
|-supereffective|p1a: 猛犸象
|-damage|p1a: 猛犸象|0 fnt
|faint|p1a: 猛犸象
|-end|p1a: 猛犸象|Protosynthesis|[silent]
|
|upkeep
|
|t:|1760415426
|switch|p1a: 黄毛|Dragapult, M, shiny|36/100
|turn|20
|
|t:|1760415430
|move|p1a: 黄毛|Shadow Ball|p2a: Ogerpon
|-damage|p2a: Ogerpon|0 fnt
|faint|p2a: Ogerpon
|
|upkeep
|
|t:|1760415435
|switch|p2a: Kingambit|Kingambit, M|15/100
|-activate|p2a: Kingambit|ability: Supreme Overlord
|-start|p2a: Kingambit|fallen2|[silent]
|turn|21
|
|t:|1760415438
|move|p1a: 黄毛|Shadow Ball|p2a: Kingambit
|-resisted|p2a: Kingambit
|-damage|p2a: Kingambit|0 fnt
|faint|p2a: Kingambit
|-end|p2a: Kingambit|fallen2|[silent]
|
|upkeep
|-message|bloo28 forfeited.
|
|win|sgCURRY3
|raw|sgCURRY3's rating: 1397 &rarr; <strong>1414</strong><br />(+17 for winning)
|raw|bloo28's rating: 1352 &rarr; <strong>1335</strong><br />(-17 for losing)
|l|☆bloo28
|player|p2|
|l|☆sgCURRY3
|player|p1|
