|j|☆v1rtuegam1ng
|j|☆Sp3ctr4
|t:|1760432604
|gametype|singles
|player|p1|v1rtuegam1ng|1|1250
|player|p2|Sp3ctr4|benga|1197
|gen|9
|tier|[Gen 9] OU
|rated|
|rule|HP Percentage Mod: HP is shown in percentages
|rule|Endless Battle Clause: Forcing endless battles is banned
|rule|Species Clause: Limit one of each Pokémon
|rule|OHKO Clause: OHKO moves are banned
|rule|Evasion Items Clause: Evasion items are banned
|rule|Evasion Moves Clause: Evasion moves are banned
|rule|Evasion Abilities Clause: Evasion abilities are banned
|rule|Sleep Moves Clause: Sleep-inducing moves are banned
|clearpoke
|poke|p1|Landorus-Therian, M|
|poke|p1|Salamence, M|
|poke|p1|Arcanine-Hisui, F|
|poke|p1|Krookodile, M|
|poke|p1|Masquerain, M|
|poke|p1|Scrafty, M|
|poke|p2|Ceruledge, M|
|poke|p2|Zamazenta-*|
|poke|p2|Quaquaval, M|
|poke|p2|Garchomp, M|
|poke|p2|Iron Moth|
|poke|p2|Iron Crown|
|teampreview
|inactive|Battle timer is ON: inactive players will automatically lose when time's up. (requested by Sp3ctr4)
|
|t:|1760432616
|teamsize|p1|6
|teamsize|p2|6
|start
|switch|p1a: Masquerain|Masquerain, M|100/100
|switch|p2a: Garchomp|Garchomp, M|100/100
|-ability|p1a: Masquerain|Intimidate|boost
|-unboost|p2a: Garchomp|atk|1
|turn|1
|
|t:|1760432626
|move|p1a: Masquerain|Quiver Dance|p1a: Masquerain
|-boost|p1a: Masquerain|spa|1
|-boost|p1a: Masquerain|spd|1
|-boost|p1a: Masquerain|spe|1
|move|p2a: Garchomp|Stealth Rock|p1a: Masquerain
|-sidestart|p1: v1rtuegam1ng|move: Stealth Rock
|
|upkeep
|turn|2
|
|t:|1760432632
|move|p1a: Masquerain|Quiver Dance|p1a: Masquerain
|-boost|p1a: Masquerain|spa|1
|-boost|p1a: Masquerain|spd|1
|-boost|p1a: Masquerain|spe|1
|move|p2a: Garchomp|Dragon Tail|p1a: Masquerain
|-damage|p1a: Masquerain|63/100
|drag|p1a: Krookodile|Krookodile, M|100/100
|-damage|p1a: Krookodile|94/100|[from] Stealth Rock
|-ability|p1a: Krookodile|Intimidate|boost
|-unboost|p2a: Garchomp|atk|1
|
|upkeep
|turn|3
|
|t:|1760432649
|move|p1a: Krookodile|Dragon Claw|p2a: Garchomp
|-supereffective|p2a: Garchomp
|-damage|p2a: Garchomp|62/100
|-damage|p1a: Krookodile|82/100|[from] ability: Rough Skin|[of] p2a: Garchomp
|-damage|p1a: Krookodile|65/100|[from] item: Rocky Helmet|[of] p2a: Garchomp
|move|p2a: Garchomp|Dragon Tail|p1a: Krookodile
|-damage|p1a: Krookodile|45/100
|drag|p1a: Scrafty|Scrafty, M|100/100
|-damage|p1a: Scrafty|95/100|[from] Stealth Rock
|-ability|p1a: Scrafty|Intimidate|boost
|-unboost|p2a: Garchomp|atk|1
|
|-heal|p1a: Scrafty|100/100|[from] item: Leftovers
|upkeep
|turn|4
|
|t:|1760432662
|move|p1a: Scrafty|Knock Off|p2a: Garchomp
|-crit|p2a: Garchomp
|-damage|p2a: Garchomp|18/100
|-damage|p1a: Scrafty|88/100|[from] ability: Rough Skin|[of] p2a: Garchomp
|-damage|p1a: Scrafty|72/100|[from] item: Rocky Helmet|[of] p2a: Garchomp
|-enditem|p2a: Garchomp|Rocky Helmet|[from] move: Knock Off|[of] p1a: Scrafty
|move|p2a: Garchomp|Dragon Tail|p1a: Scrafty
|-damage|p1a: Scrafty|57/100
|drag|p1a: Salamence|Salamence, M|100/100
|-ability|p1a: Salamence|Intimidate|boost
|-unboost|p2a: Garchomp|atk|1
|
|upkeep
|turn|5
|
|t:|1760432674
|move|p1a: Salamence|Air Slash|p2a: Garchomp
|-damage|p2a: Garchomp|0 fnt
|faint|p2a: Garchomp
|
|upkeep
|
|t:|1760432684
|switch|p2a: Iron Crown|Iron Crown|100/100
|turn|6
|
|t:|1760432692
|move|p1a: Salamence|Flamethrower|p2a: Iron Crown
|-supereffective|p2a: Iron Crown
|-damage|p2a: Iron Crown|46/100
|move|p2a: Iron Crown|Tachyon Cutter|p1a: Salamence
|-crit|p1a: Salamence
|-damage|p1a: Salamence|34/100
|-damage|p1a: Salamence|0 fnt
|faint|p1a: Salamence
|-hitcount|p1: Salamence|2
|
|upkeep
|
|t:|1760432702
|switch|p1a: Krookodile|Krookodile, M|45/100
|-damage|p1a: Krookodile|39/100|[from] Stealth Rock
|-ability|p1a: Krookodile|Intimidate|boost
|-unboost|p2a: Iron Crown|atk|1
|turn|7
|
|t:|1760432713
|move|p1a: Krookodile|Earthquake|p2a: Iron Crown
|-supereffective|p2a: Iron Crown
|-damage|p2a: Iron Crown|0 fnt
|faint|p2a: Iron Crown
|-end|p2a: Iron Crown|Quark Drive|[silent]
|
|upkeep
|
|t:|1760432718
|switch|p2a: Quaquaval|Quaquaval, M|100/100
|turn|8
|
|t:|1760432735
|switch|p1a: Scrafty|Scrafty, M|57/100
|-damage|p1a: Scrafty|51/100|[from] Stealth Rock
|-ability|p1a: Scrafty|Intimidate|boost
|-unboost|p2a: Quaquaval|atk|1
|move|p2a: Quaquaval|Aqua Step|p1a: Scrafty
|-damage|p1a: Scrafty|20/100
|-boost|p2a: Quaquaval|spe|1
|
|-heal|p1a: Scrafty|26/100|[from] item: Leftovers
|upkeep
|turn|9
|
|t:|1760432751
|switch|p1a: Landorus|Landorus-Therian, M|100/100
|-damage|p1a: Landorus|88/100|[from] Stealth Rock
|-ability|p1a: Landorus|Intimidate|boost
|-unboost|p2a: Quaquaval|atk|1
|move|p2a: Quaquaval|Aqua Step|p1a: Landorus
|-supereffective|p1a: Landorus
|-damage|p1a: Landorus|43/100
|-boost|p2a: Quaquaval|spe|1
|
|upkeep
|turn|10
|
|t:|1760432763
|switch|p1a: Scrafty|Scrafty, M|26/100
|-damage|p1a: Scrafty|20/100|[from] Stealth Rock
|-ability|p1a: Scrafty|Intimidate|boost
|-unboost|p2a: Quaquaval|atk|1
|move|p2a: Quaquaval|Flip Turn|p1a: Scrafty
|-damage|p1a: Scrafty|8/100
|
|t:|1760432771
|switch|p2a: Zamazenta|Zamazenta|100/100|[from] Flip Turn
|-ability|p2a: Zamazenta|Dauntless Shield|boost
|-boost|p2a: Zamazenta|def|1
|
|-heal|p1a: Scrafty|13/100|[from] item: Leftovers
|upkeep
|turn|11
|
|t:|1760432778
|move|p2a: Zamazenta|Iron Defense|p2a: Zamazenta
|-boost|p2a: Zamazenta|def|2
|move|p1a: Scrafty|Knock Off|p2a: Zamazenta
|-resisted|p2a: Zamazenta
|-damage|p2a: Zamazenta|94/100
|-enditem|p2a: Zamazenta|Leftovers|[from] move: Knock Off|[of] p1a: Scrafty
|
|-heal|p1a: Scrafty|19/100|[from] item: Leftovers
|upkeep
|turn|12
|
|t:|1760432784
|move|p2a: Zamazenta|Iron Defense|p2a: Zamazenta
|-boost|p2a: Zamazenta|def|2
|move|p1a: Scrafty|Poison Jab|p2a: Zamazenta
|-damage|p2a: Zamazenta|89/100
|-status|p2a: Zamazenta|psn
|
|-heal|p1a: Scrafty|25/100|[from] item: Leftovers
|-damage|p2a: Zamazenta|77/100 psn|[from] psn
|upkeep
|turn|13
|
|t:|1760432795
|move|p2a: Zamazenta|Body Press|p1a: Scrafty
|-supereffective|p1a: Scrafty
|-damage|p1a: Scrafty|0 fnt
|faint|p1a: Scrafty
|
|-damage|p2a: Zamazenta|65/100 psn|[from] psn
|upkeep
|
|t:|1760432806
|switch|p1a: Landorus|Landorus-Therian, M|43/100
|-damage|p1a: Landorus|31/100|[from] Stealth Rock
|-ability|p1a: Landorus|Intimidate|boost
|-unboost|p2a: Zamazenta|atk|1
|turn|14
|
|t:|1760432815
|move|p2a: Zamazenta|Body Press|p1a: Landorus
|-resisted|p1a: Landorus
|-damage|p1a: Landorus|0 fnt
|faint|p1a: Landorus
|
|-damage|p2a: Zamazenta|52/100 psn|[from] psn
|upkeep
|
|t:|1760432823
|switch|p1a: Masquerain|Masquerain, M|63/100
|-damage|p1a: Masquerain|13/100|[from] Stealth Rock
|-ability|p1a: Masquerain|Intimidate|boost
|-unboost|p2a: Zamazenta|atk|1
|turn|15
|
|t:|1760432832
|move|p2a: Zamazenta|Body Press|p1a: Masquerain
|-resisted|p1a: Masquerain
|-damage|p1a: Masquerain|0 fnt
|faint|p1a: Masquerain
|
|-damage|p2a: Zamazenta|40/100 psn|[from] psn
|upkeep
|
|t:|1760432842
|switch|p1a: Arcanine|Arcanine-Hisui, F|100/100
|-damage|p1a: Arcanine|76/100|[from] Stealth Rock
|-ability|p1a: Arcanine|Intimidate|boost
|-unboost|p2a: Zamazenta|atk|1
|turn|16
|
|t:|1760432856
|move|p2a: Zamazenta|Body Press|p1a: Arcanine
|-supereffective|p1a: Arcanine
|-damage|p1a: Arcanine|0 fnt
|faint|p1a: Arcanine
|
|-damage|p2a: Zamazenta|28/100 psn|[from] psn
|upkeep
|
|t:|1760432862
|switch|p1a: Krookodile|Krookodile, M|39/100
|-damage|p1a: Krookodile|33/100|[from] Stealth Rock
|-ability|p1a: Krookodile|Intimidate|boost
|-unboost|p2a: Zamazenta|atk|1
|turn|17
|
|t:|1760432868
|-terastallize|p1a: Krookodile|Ground
|move|p1a: Krookodile|Earthquake|p2a: Zamazenta
|-damage|p2a: Zamazenta|12/100 psn
|move|p2a: Zamazenta|Body Press|p1a: Krookodile
|-damage|p1a: Krookodile|0 fnt
|faint|p1a: Krookodile
|
|win|Sp3ctr4
|raw|v1rtuegam1ng's rating: 1250 &rarr; <strong>1221</strong><br />(-29 for losing)
|raw|Sp3ctr4's rating: 1197 &rarr; <strong>1226</strong><br />(+29 for winning)
|l|☆v1rtuegam1ng
|player|p1|
|l|☆Sp3ctr4
|player|p2|
