|j|☆Methristopheles ❀
|j|☆Bighuff127
|t:|1760334420
|gametype|singles
|player|p1|Methristopheles ❀|shauntal|1213
|player|p2|Bighuff127|2|1274
|gen|9
|tier|[Gen 9] OU
|rated|
|rule|HP Percentage Mod: HP is shown in percentages
|rule|Endless Battle Clause: Forcing endless battles is banned
|rule|Species Clause: Limit one of each Pokémon
|rule|OHKO Clause: OHKO moves are banned
|rule|Evasion Items Clause: Evasion items are banned
|rule|Evasion Moves Clause: Evasion moves are banned
|rule|Evasion Abilities Clause: Evasion abilities are banned
|rule|Sleep Moves Clause: Sleep-inducing moves are banned
|clearpoke
|poke|p1|Goodra-Hisui, M|
|poke|p1|Alomomola, F|
|poke|p1|Ting-Lu|
|poke|p1|Gholdengo|
|poke|p1|Tornadus-Therian, M|
|poke|p1|Skarmory, M|
|poke|p2|Gyarados, M|
|poke|p2|Garchomp, M|
|poke|p2|Ninetales-Alola, F|
|poke|p2|Thundurus-Therian, M|
|poke|p2|Great Tusk|
|poke|p2|Kingambit, M|
|teampreview
|
|t:|1760334428
|teamsize|p1|6
|teamsize|p2|6
|start
|switch|p1a: Gholdengo|Gholdengo|100/100
|switch|p2a: Garchomp|Garchomp, M|100/100
|turn|1
|
|t:|1760334432
|switch|p1a: Skarmory|Skarmory, M|100/100
|move|p2a: Garchomp|Stealth Rock|p1a: Skarmory
|-sidestart|p1: Methristopheles ❀|move: Stealth Rock
|
|upkeep
|turn|2
|
|t:|1760334434
|move|p1a: Skarmory|Spikes|p2a: Garchomp
|-sidestart|p2: Bighuff127|Spikes
|move|p2a: Garchomp|Dragon Tail|p1a: Skarmory
|-resisted|p1a: Skarmory
|-damage|p1a: Skarmory|92/100
|-damage|p2a: Garchomp|84/100|[from] item: Rocky Helmet|[of] p1a: Skarmory
|drag|p1a: Goodra|Goodra-Hisui, M|100/100
|-damage|p1a: Goodra|94/100|[from] Stealth Rock
|
|upkeep
|turn|3
|
|t:|1760334443
|move|p2a: Garchomp|Spikes|p1a: Goodra
|-sidestart|p1: Methristopheles ❀|Spikes
|move|p1a: Goodra|Ice Beam|p2a: Garchomp
|-supereffective|p2a: Garchomp
|-damage|p2a: Garchomp|0 fnt
|faint|p2a: Garchomp
|
|upkeep
|
|t:|1760334448
|switch|p2a: Ninetales|Ninetales-Alola, F, shiny|100/100
|-damage|p2a: Ninetales|88/100|[from] Spikes
|-weather|Snowscape|[from] ability: Snow Warning|[of] p2a: Ninetales
|turn|4
|
|t:|1760334451
|move|p2a: Ninetales|Encore|p1a: Goodra
|-start|p1a: Goodra|Encore
|move|p1a: Goodra|Ice Beam|p2a: Ninetales
|-resisted|p2a: Ninetales
|-damage|p2a: Ninetales|75/100
|
|-weather|Snowscape|[upkeep]
|upkeep
|turn|5
|inactive|Battle timer is ON: inactive players will automatically lose when time's up. (requested by Bighuff127)
|
|t:|1760334461
|switch|p1a: Gholdengo|Gholdengo|100/100
|-damage|p1a: Gholdengo|94/100|[from] Stealth Rock
|-damage|p1a: Gholdengo|82/100|[from] Spikes
|move|p2a: Ninetales|Aurora Veil|p2a: Ninetales
|-sidestart|p2: Bighuff127|move: Aurora Veil
|
|-weather|Snowscape|[upkeep]
|upkeep
|turn|6
|
|t:|1760334467
|switch|p2a: Kingambit|Kingambit, M, shiny|100/100
|-damage|p2a: Kingambit|88/100|[from] Spikes
|-activate|p2a: Kingambit|ability: Supreme Overlord
|-start|p2a: Kingambit|fallen1|[silent]
|move|p1a: Gholdengo|Trick|p2a: Kingambit
|-activate|p1a: Gholdengo|move: Trick|[of] p2a: Kingambit
|-item|p2a: Kingambit|Choice Scarf|[from] move: Trick
|-item|p1a: Gholdengo|Black Glasses|[from] move: Trick
|
|-weather|Snowscape|[upkeep]
|upkeep
|turn|7
|
|t:|1760334475
|switch|p1a: Alomomola|Alomomola, F|100/100
|move|p2a: Kingambit|Kowtow Cleave|p1a: Alomomola
|-damage|p1a: Alomomola|69/100
|
|-weather|Snowscape|[upkeep]
|upkeep
|turn|8
|
|t:|1760334480
|-end|p2a: Kingambit|fallen1|[silent]
|switch|p2a: Thundurus|Thundurus-Therian, M|100/100
|move|p1a: Alomomola|Flip Turn|p2a: Thundurus
|-crit|p2a: Thundurus
|-damage|p2a: Thundurus|65/100
|
|t:|1760334489
|switch|p1a: Goodra|Goodra-Hisui, M|94/100|[from] Flip Turn
|-damage|p1a: Goodra|88/100|[from] Stealth Rock
|-damage|p1a: Goodra|76/100|[from] Spikes
|
|-weather|none
|upkeep
|turn|9
|
|t:|1760334496
|move|p2a: Thundurus|Volt Switch|p1a: Goodra
|-resisted|p1a: Goodra
|-damage|p1a: Goodra|62/100
|
|t:|1760334499
|switch|p2a: Great Tusk|Great Tusk|100/100|[from] Volt Switch
|-damage|p2a: Great Tusk|88/100|[from] Spikes
|move|p1a: Goodra|Dragon Tail|p2a: Great Tusk
|-damage|p2a: Great Tusk|82/100
|-damage|p1a: Goodra|45/100|[from] item: Rocky Helmet|[of] p2a: Great Tusk
|-end|p2a: Great Tusk|Protosynthesis|[silent]
|drag|p2a: Gyarados|Gyarados, M|100/100
|
|upkeep
|turn|10
|
|t:|1760334507
|switch|p1a: Skarmory|Skarmory, M|92/100
|-damage|p1a: Skarmory|80/100|[from] Stealth Rock
|move|p2a: Gyarados|Dragon Dance|p2a: Gyarados
|-boost|p2a: Gyarados|atk|1
|-boost|p2a: Gyarados|spe|1
|
|upkeep
|turn|11
|
|t:|1760334516
|move|p2a: Gyarados|Waterfall|p1a: Skarmory
|-damage|p1a: Skarmory|39/100
|-damage|p2a: Gyarados|84/100|[from] item: Rocky Helmet|[of] p1a: Skarmory
|move|p1a: Skarmory|Iron Defense|p1a: Skarmory
|-boost|p1a: Skarmory|def|2
|
|upkeep
|turn|12
|
|t:|1760334528
|switch|p2a: Ninetales|Ninetales-Alola, F, shiny|75/100
|-damage|p2a: Ninetales|63/100|[from] Spikes
|-weather|Snowscape|[from] ability: Snow Warning|[of] p2a: Ninetales
|move|p1a: Skarmory|Roost|p1a: Skarmory
|-heal|p1a: Skarmory|89/100
|-singleturn|p1a: Skarmory|move: Roost
|
|-weather|Snowscape|[upkeep]
|-sideend|p2: Bighuff127|move: Aurora Veil
|upkeep
|turn|13
|
|t:|1760334538
|switch|p1a: Gholdengo|Gholdengo|82/100
|-damage|p1a: Gholdengo|76/100|[from] Stealth Rock
|-damage|p1a: Gholdengo|64/100|[from] Spikes
|move|p2a: Ninetales|Aurora Veil|p2a: Ninetales
|-sidestart|p2: Bighuff127|move: Aurora Veil
|
|-weather|Snowscape|[upkeep]
|upkeep
|turn|14
|
|t:|1760334545
|switch|p2a: Kingambit|Kingambit, M, shiny|88/100
|-damage|p2a: Kingambit|76/100|[from] Spikes
|-activate|p2a: Kingambit|ability: Supreme Overlord
|-start|p2a: Kingambit|fallen1|[silent]
|move|p1a: Gholdengo|Recover|p1a: Gholdengo
|-heal|p1a: Gholdengo|100/100
|
|-weather|Snowscape|[upkeep]
|upkeep
|turn|15
|
|t:|1760334551
|switch|p1a: Alomomola|Alomomola, F|100/100
|-end|p2a: Kingambit|fallen1|[silent]
|switch|p2a: Gyarados|Gyarados, M|84/100
|
|-weather|Snowscape|[upkeep]
|upkeep
|turn|16
|
|t:|1760334556
|move|p2a: Gyarados|Dragon Dance|p2a: Gyarados
|-boost|p2a: Gyarados|atk|1
|-boost|p2a: Gyarados|spe|1
|move|p1a: Alomomola|Tickle|p2a: Gyarados
|-unboost|p2a: Gyarados|atk|1
|-unboost|p2a: Gyarados|def|1
|
|-weather|none
|upkeep
|turn|17
|
|t:|1760334561
|move|p2a: Gyarados|Dragon Dance|p2a: Gyarados
|-boost|p2a: Gyarados|atk|1
|-boost|p2a: Gyarados|spe|1
|move|p1a: Alomomola|Wish|p1a: Alomomola
|
|upkeep
|turn|18
|
|t:|1760334568
|move|p2a: Gyarados|Dragon Dance|p2a: Gyarados
|-boost|p2a: Gyarados|atk|1
|-boost|p2a: Gyarados|spe|1
|move|p1a: Alomomola|Tickle|p2a: Gyarados
|-unboost|p2a: Gyarados|atk|1
|-unboost|p2a: Gyarados|def|1
|
|upkeep
|turn|19
|
|t:|1760334577
|-terastallize|p2a: Gyarados|Flying
|move|p2a: Gyarados|Tera Blast|p1a: Alomomola|[anim] Tera Blast Flying
|-damage|p1a: Alomomola|55/100
|move|p1a: Alomomola|Tickle|p2a: Gyarados
|-unboost|p2a: Gyarados|atk|1
|-unboost|p2a: Gyarados|def|1
|
|upkeep
|turn|20
|
|t:|1760334588
|switch|p2a: Thundurus|Thundurus-Therian, M|65/100
|move|p1a: Alomomola|Wish|p1a: Alomomola
|
|-sideend|p2: Bighuff127|move: Aurora Veil
|upkeep
|turn|21
|
|t:|1760334594
|switch|p1a: Goodra|Goodra-Hisui, M|45/100
|-damage|p1a: Goodra|39/100|[from] Stealth Rock
|-damage|p1a: Goodra|27/100|[from] Spikes
|move|p2a: Thundurus|Grass Knot|p1a: Goodra
|-ability|p1a: Goodra|Sap Sipper|boost
|-boost|p1a: Goodra|atk|1
|
|-heal|p1a: Goodra|100/100|[from] move: Wish|[wisher] Alomomola
|upkeep
|turn|22
|-message|Bighuff127 forfeited.
|
|win|Methristopheles ❀
|raw|Methristopheles ❀'s rating: 1213 &rarr; <strong>1242</strong><br />(+29 for winning)
|raw|Bighuff127's rating: 1274 &rarr; <strong>1245</strong><br />(-29 for losing)
|l|☆Bighuff127
|player|p2|
|l|☆Methristopheles ❀
|player|p1|
