|j|☆Yothas
|j|☆Overgame00
|t:|1760446851
|gametype|singles
|player|p1|Yothas|266|1405
|player|p2|Overgame00|baker|1391
|gen|9
|tier|[Gen 9] OU
|rated|
|rule|HP Percentage Mod: HP is shown in percentages
|rule|Endless Battle Clause: Forcing endless battles is banned
|rule|Species Clause: Limit one of each Pokémon
|rule|OHKO Clause: OHKO moves are banned
|rule|Evasion Items Clause: Evasion items are banned
|rule|Evasion Moves Clause: Evasion moves are banned
|rule|Evasion Abilities Clause: Evasion abilities are banned
|rule|Sleep Moves Clause: Sleep-inducing moves are banned
|clearpoke
|poke|p1|Zamazenta-*|
|poke|p1|Chandelure, F|
|poke|p1|Ting-Lu|
|poke|p1|Kingambit, F|
|poke|p1|Rillaboom, F|
|poke|p1|Blastoise, F|
|poke|p2|Revavroom, M|
|poke|p2|Enamorus, F|
|poke|p2|Cinderace, M|
|poke|p2|Ting-Lu|
|poke|p2|Ogerpon-Wellspring, F|
|poke|p2|Raging Bolt|
|teampreview
|inactive|Battle timer is ON: inactive players will automatically lose when time's up. (requested by Yothas)
|
|t:|1760446862
|teamsize|p1|6
|teamsize|p2|6
|start
|switch|p1a: Chandelure|Chandelure, F, shiny|100/100
|switch|p2a: TURBOMOTORE|Revavroom, M|100/100
|turn|1
|
|t:|1760446868
|switch|p2a: Bambi|Ting-Lu|100/100
|-ability|p2a: Bambi|Vessel of Ruin
|move|p1a: Chandelure|Flamethrower|p2a: Bambi
|-damage|p2a: Bambi|78/100
|
|-heal|p2a: Bambi|85/100|[from] item: Leftovers
|upkeep
|turn|2
|
|t:|1760446872
|switch|p1a: Rillaboom|Rillaboom, F|100/100
|-fieldstart|move: Grassy Terrain|[from] ability: Grassy Surge|[of] p1a: Rillaboom
|move|p2a: Bambi|Earthquake|p1a: Rillaboom
|-resisted|p1a: Rillaboom
|-damage|p1a: Rillaboom|92/100
|
|-heal|p1a: Rillaboom|99/100|[from] Grassy Terrain
|-heal|p2a: Bambi|91/100|[from] Grassy Terrain
|-heal|p2a: Bambi|97/100|[from] item: Leftovers
|upkeep
|turn|3
|
|t:|1760446879
|move|p1a: Rillaboom|Knock Off|p2a: Bambi
|-resisted|p2a: Bambi
|-damage|p2a: Bambi|88/100
|-enditem|p2a: Bambi|Leftovers|[from] move: Knock Off|[of] p1a: Rillaboom
|move|p2a: Bambi|Whirlwind|p1a: Rillaboom
|drag|p1a: Zamazenta|Zamazenta|100/100
|-ability|p1a: Zamazenta|Dauntless Shield|boost
|-boost|p1a: Zamazenta|def|1
|
|-heal|p2a: Bambi|94/100|[from] Grassy Terrain
|upkeep
|turn|4
|
|t:|1760446888
|move|p1a: Zamazenta|Iron Defense|p1a: Zamazenta
|-boost|p1a: Zamazenta|def|2
|move|p2a: Bambi|Whirlwind|p1a: Zamazenta
|drag|p1a: Ting-Lu|Ting-Lu|100/100
|-ability|p1a: Ting-Lu|Vessel of Ruin
|
|-heal|p2a: Bambi|100/100|[from] Grassy Terrain
|upkeep
|turn|5
|
|t:|1760446898
|move|p1a: Ting-Lu|Stealth Rock|p2a: Bambi
|-sidestart|p2: Overgame00|move: Stealth Rock
|move|p2a: Bambi|Ruination|p1a: Ting-Lu
|-damage|p1a: Ting-Lu|50/100
|
|-heal|p1a: Ting-Lu|57/100|[from] Grassy Terrain
|-heal|p1a: Ting-Lu|63/100|[from] item: Leftovers
|upkeep
|turn|6
|
|t:|1760446904
|move|p1a: Ting-Lu|Spikes|p2a: Bambi
|-sidestart|p2: Overgame00|Spikes
|move|p2a: Bambi|Ruination|p1a: Ting-Lu
|-damage|p1a: Ting-Lu|32/100
|
|-heal|p1a: Ting-Lu|38/100|[from] Grassy Terrain
|-heal|p1a: Ting-Lu|44/100|[from] item: Leftovers
|-fieldend|move: Grassy Terrain
|upkeep
|turn|7
|
|t:|1760446909
|move|p2a: Bambi|Ruination|p1a: Ting-Lu
|-damage|p1a: Ting-Lu|22/100
|move|p1a: Ting-Lu|Whirlwind|p2a: Bambi
|drag|p2a: Enamorbius|Enamorus, F|100/100
|-damage|p2a: Enamorbius|76/100|[from] Stealth Rock
|
|-heal|p1a: Ting-Lu|29/100|[from] item: Leftovers
|upkeep
|turn|8
|
|t:|1760446915
|switch|p1a: Chandelure|Chandelure, F, shiny|100/100
|move|p2a: Enamorbius|Moonblast|p1a: Chandelure
|-resisted|p1a: Chandelure
|-damage|p1a: Chandelure|66/100
|
|upkeep
|turn|9
|
|t:|1760446920
|switch|p2a: Napoli|Cinderace, M|100/100
|move|p1a: Chandelure|Overheat|p2a: Napoli
|-resisted|p2a: Napoli
|-damage|p2a: Napoli|47/100
|-unboost|p1a: Chandelure|spa|2
|
|upkeep
|turn|10
|
|t:|1760446927
|move|p1a: Chandelure|Overheat|p2a: Napoli
|-resisted|p2a: Napoli
|-damage|p2a: Napoli|20/100
|-unboost|p1a: Chandelure|spa|2
|move|p2a: Napoli|Court Change|p2a: Napoli
|-start|p2a: Napoli|typechange|Normal|[from] ability: Libero
|-swapsideconditions
|-activate|p2a: Napoli|move: Court Change
|
|upkeep
|turn|11
|
|t:|1760446931
|move|p2a: Napoli|Sucker Punch|p1a: Chandelure
|-supereffective|p1a: Chandelure
|-damage|p1a: Chandelure|0 fnt
|faint|p1a: Chandelure
|
|upkeep
|
|t:|1760446934
|switch|p1a: Blastoise|Blastoise, F, shiny|100/100
|-damage|p1a: Blastoise|88/100|[from] Stealth Rock
|-damage|p1a: Blastoise|76/100|[from] Spikes
|turn|12
|
|t:|1760446946
|move|p2a: Napoli|U-turn|p1a: Blastoise
|-crit|p1a: Blastoise
|-damage|p1a: Blastoise|44/100
|-damage|p2a: Napoli|3/100|[from] item: Rocky Helmet|[of] p1a: Blastoise
|
|t:|1760446948
|switch|p2a: RatherMadThunder|Raging Bolt|100/100|[from] U-turn
|move|p1a: Blastoise|Rapid Spin|p2a: RatherMadThunder
|-damage|p2a: RatherMadThunder|93/100
|-boost|p1a: Blastoise|spe|1
|-sideend|p1: Yothas|Spikes|[from] move: Rapid Spin|[of] p1a: Blastoise
|-sideend|p1: Yothas|Stealth Rock|[from] move: Rapid Spin|[of] p1a: Blastoise
|
|-heal|p2a: RatherMadThunder|99/100|[from] item: Leftovers
|upkeep
|turn|13
|
|t:|1760446960
|switch|p1a: Ting-Lu|Ting-Lu|29/100
|-ability|p1a: Ting-Lu|Vessel of Ruin
|move|p2a: RatherMadThunder|Calm Mind|p2a: RatherMadThunder
|-boost|p2a: RatherMadThunder|spa|1
|-boost|p2a: RatherMadThunder|spd|1
|
|-heal|p2a: RatherMadThunder|100/100|[from] item: Leftovers
|-heal|p1a: Ting-Lu|35/100|[from] item: Leftovers
|upkeep
|turn|14
|
|t:|1760446963
|move|p2a: RatherMadThunder|Draco Meteor|p1a: Ting-Lu
|-damage|p1a: Ting-Lu|0 fnt
|-unboost|p2a: RatherMadThunder|spa|2
|faint|p1a: Ting-Lu
|
|upkeep
|l|☆Yothas
|inactive|Yothas disconnected and has a minute to reconnect!
|player|p1|
|inactive|Yothas has 30 seconds to reconnect!
|inactive|Yothas has 20 seconds to reconnect!
|inactive|Yothas has 15 seconds to reconnect!
|inactive|Yothas has 10 seconds to reconnect!
|inactive|Yothas has 5 seconds to reconnect!
|-message|Yothas lost due to inactivity.
|
|win|Overgame00
|raw|Yothas's rating: 1405 &rarr; <strong>1384</strong><br />(-21 for losing)
|raw|Overgame00's rating: 1391 &rarr; <strong>1412</strong><br />(+21 for winning)
|l|☆Overgame00
|player|p2|
