|j|☆RoddyJ
|j|☆The Sword of Ruin
|t:|1760459460
|gametype|singles
|player|p1|RoddyJ|ethan|1726
|player|p2|The Sword of Ruin|169|1626
|gen|9
|tier|[Gen 9] OU
|rated|
|rule|HP Percentage Mod: HP is shown in percentages
|rule|Endless Battle Clause: Forcing endless battles is banned
|rule|Species Clause: Limit one of each Pokémon
|rule|OHKO Clause: OHKO moves are banned
|rule|Evasion Items Clause: Evasion items are banned
|rule|Evasion Moves Clause: Evasion moves are banned
|rule|Evasion Abilities Clause: Evasion abilities are banned
|rule|Sleep Moves Clause: Sleep-inducing moves are banned
|clearpoke
|poke|p1|Scizor, F|
|poke|p1|Zamazenta-*|
|poke|p1|Latios, M|
|poke|p1|Glimmora, M|
|poke|p1|Great Tusk|
|poke|p1|Milotic, M|
|poke|p2|Ogerpon-Wellspring, F|
|poke|p2|Pecharunt|
|poke|p2|Great Tusk|
|poke|p2|Moltres|
|poke|p2|Iron Crown|
|poke|p2|Ting-Lu|
|teampreview
|j| dilf huntr
|inactive|Battle timer is ON: inactive players will automatically lose when time's up. (requested by RoddyJ)
|
|t:|1760459479
|teamsize|p1|6
|teamsize|p2|6
|start
|switch|p1a: Glimmora|Glimmora, M, shiny|100/100
|switch|p2a: Iron Crown|Iron Crown|100/100
|-item|p1a: Glimmora|Air Balloon
|turn|1
|
|t:|1760459484
|switch|p1a: Milotic|Milotic, M, shiny|100/100
|move|p2a: Iron Crown|Volt Switch|p1a: Milotic
|-supereffective|p1a: Milotic
|-damage|p1a: Milotic|65/100
|
|t:|1760459489
|-end|p2a: Iron Crown|Quark Drive|[silent]
|switch|p2a: Ogerpon|Ogerpon-Wellspring, F|100/100|[from] Volt Switch
|
|upkeep
|turn|2
|
|t:|1760459495
|switch|p1a: Scizor|Scizor, F, shiny|100/100
|move|p2a: Ogerpon|Knock Off|p1a: Scizor
|-damage|p1a: Scizor|59/100
|-enditem|p1a: Scizor|Leftovers|[from] move: Knock Off|[of] p2a: Ogerpon
|
|upkeep
|turn|3
|
|t:|1760459500
|move|p2a: Ogerpon|U-turn|p1a: Scizor
|-resisted|p1a: Scizor
|-damage|p1a: Scizor|47/100
|
|t:|1760459502
|switch|p2a: Moltres|Moltres|100/100|[from] U-turn
|move|p1a: Scizor|U-turn|p2a: Moltres
|-resisted|p2a: Moltres
|-damage|p2a: Moltres|93/100
|inactive|RoddyJ has 120 seconds left.
|j| snuifwatzout
|l| snuifwatzout
|inactive|RoddyJ has 90 seconds left.
|
|t:|1760459565
|switch|p1a: Glimmora|Glimmora, M, shiny|100/100|[from] U-turn
|-item|p1a: Glimmora|Air Balloon
|
|upkeep
|turn|4
|
|t:|1760459572
|switch|p2a: Ting-Lu|Ting-Lu|100/100
|-ability|p2a: Ting-Lu|Vessel of Ruin
|move|p1a: Glimmora|Stealth Rock|p2a: Ting-Lu
|-sidestart|p2: The Sword of Ruin|move: Stealth Rock
|
|upkeep
|turn|5
|
|t:|1760459575
|move|p1a: Glimmora|Mortal Spin|p2a: Ting-Lu
|-resisted|p2a: Ting-Lu
|-damage|p2a: Ting-Lu|99/100
|-status|p2a: Ting-Lu|psn
|move|p2a: Ting-Lu|Ruination|p1a: Glimmora
|-damage|p1a: Glimmora|51/100
|-enditem|p1a: Glimmora|Air Balloon
|
|-heal|p2a: Ting-Lu|100/100 psn|[from] item: Leftovers
|-damage|p2a: Ting-Lu|88/100 psn|[from] psn
|upkeep
|turn|6
|
|t:|1760459580
|move|p1a: Glimmora|Spikes|p2a: Ting-Lu
|-sidestart|p2: The Sword of Ruin|Spikes
|move|p2a: Ting-Lu|Spikes|p1a: Glimmora
|-sidestart|p1: RoddyJ|Spikes
|
|-heal|p2a: Ting-Lu|94/100 psn|[from] item: Leftovers
|-damage|p2a: Ting-Lu|82/100 psn|[from] psn
|upkeep
|turn|7
|
|t:|1760459585
|switch|p2a: Iron Crown|Iron Crown|100/100
|-damage|p2a: Iron Crown|94/100|[from] Stealth Rock
|-damage|p2a: Iron Crown|82/100|[from] Spikes
|move|p1a: Glimmora|Earth Power|p2a: Iron Crown
|-supereffective|p2a: Iron Crown
|-damage|p2a: Iron Crown|15/100
|
|upkeep
|turn|8
|
|t:|1760459591
|switch|p1a: Milotic|Milotic, M, shiny|65/100
|-damage|p1a: Milotic|52/100|[from] Spikes
|move|p2a: Iron Crown|Tachyon Cutter|p1a: Milotic
|-resisted|p1a: Milotic
|-damage|p1a: Milotic|43/100
|-resisted|p1a: Milotic
|-damage|p1a: Milotic|34/100
|-hitcount|p1a: Milotic|2
|
|upkeep
|turn|9
|
|t:|1760459601
|-end|p2a: Iron Crown|Quark Drive|[silent]
|switch|p2a: Ogerpon|Ogerpon-Wellspring, F|100/100
|-damage|p2a: Ogerpon|88/100|[from] Stealth Rock
|-damage|p2a: Ogerpon|76/100|[from] Spikes
|move|p1a: Milotic|Ice Beam|p2a: Ogerpon
|-damage|p2a: Ogerpon|42/100
|
|upkeep
|turn|10
|
|t:|1760459611
|move|p2a: Ogerpon|Taunt|p1a: Milotic
|-start|p1a: Milotic|move: Taunt
|move|p1a: Milotic|Ice Beam|p2a: Ogerpon
|-damage|p2a: Ogerpon|9/100
|
|upkeep
|turn|11
|
|t:|1760459617
|move|p2a: Ogerpon|U-turn|p1a: Milotic
|-damage|p1a: Milotic|7/100
|
|t:|1760459636
|switch|p2a: Pecharunt|Pecharunt|100/100|[from] U-turn
|-damage|p2a: Pecharunt|88/100|[from] Stealth Rock
|-item|p2a: Pecharunt|Air Balloon
|move|p1a: Milotic|Ice Beam|p2a: Pecharunt
|-damage|p2a: Pecharunt|58/100
|-enditem|p2a: Pecharunt|Air Balloon
|
|upkeep
|turn|12
|
|t:|1760459663
|move|p2a: Pecharunt|Malignant Chain|p1a: Milotic
|-damage|p1a: Milotic|0 fnt
|faint|p1a: Milotic
|
|upkeep
|
|t:|1760459669
|switch|p1a: Glimmora|Glimmora, M, shiny|51/100
|-damage|p1a: Glimmora|38/100|[from] Spikes
|turn|13
|
|t:|1760459673
|switch|p2a: Great Tusk|Great Tusk|100/100
|-damage|p2a: Great Tusk|98/100|[from] Stealth Rock
|-damage|p2a: Great Tusk|85/100|[from] Spikes
|move|p1a: Glimmora|Mortal Spin|p2a: Great Tusk
|-resisted|p2a: Great Tusk
|-damage|p2a: Great Tusk|84/100
|-status|p2a: Great Tusk|psn
|-damage|p1a: Glimmora|22/100|[from] item: Rocky Helmet|[of] p2a: Great Tusk
|-sideend|p1: RoddyJ|Spikes|[from] move: Mortal Spin|[of] p1a: Glimmora
|
|-damage|p2a: Great Tusk|71/100 psn|[from] psn
|upkeep
|turn|14
|
|t:|1760459679
|-terastallize|p1a: Glimmora|Ghost
|move|p1a: Glimmora|Earth Power|p2a: Great Tusk
|-damage|p2a: Great Tusk|30/100 psn
|move|p2a: Great Tusk|Rapid Spin|p1a: Glimmora
|-immune|p1a: Glimmora
|
|-damage|p2a: Great Tusk|18/100 psn|[from] psn
|upkeep
|turn|15
|
|t:|1760459686
|move|p1a: Glimmora|Spikes|p2a: Great Tusk
|-sidestart|p2: The Sword of Ruin|Spikes
|move|p2a: Great Tusk|Earthquake|p1a: Glimmora
|-damage|p1a: Glimmora|0 fnt
|-activate|p1a: Glimmora|ability: Toxic Debris
|-sidestart|p2: The Sword of Ruin|move: Toxic Spikes
|faint|p1a: Glimmora
|
|-damage|p2a: Great Tusk|6/100 psn|[from] psn
|upkeep
|
|t:|1760459696
|switch|p1a: Scizor|Scizor, F, shiny|47/100
|turn|16
|
|t:|1760459701
|move|p1a: Scizor|Bullet Punch|p2a: Great Tusk
|-damage|p2a: Great Tusk|0 fnt
|-damage|p1a: Scizor|30/100|[from] item: Rocky Helmet|[of] p2a: Great Tusk
|faint|p2a: Great Tusk
|-end|p2a: Great Tusk|Protosynthesis|[silent]
|
|upkeep
|
|t:|1760459707
|switch|p2a: Moltres|Moltres|93/100
|turn|17
|
|t:|1760459710
|switch|p1a: Great Tusk|Great Tusk, shiny|100/100
|move|p2a: Moltres|Will-O-Wisp|p1a: Great Tusk|[miss]
|-miss|p2a: Moltres|p1a: Great Tusk
|
|upkeep
|turn|18
|
|t:|1760459713
|move|p2a: Moltres|Will-O-Wisp|p1a: Great Tusk|[miss]
|-miss|p2a: Moltres|p1a: Great Tusk
|move|p1a: Great Tusk|Knock Off|p2a: Moltres
|-damage|p2a: Moltres|67/100
|-enditem|p2a: Moltres|Heavy-Duty Boots|[from] move: Knock Off|[of] p1a: Great Tusk
|
|upkeep
|turn|19
|c|☆The Sword of Ruin|this game is ass at times
|
|t:|1760459734
|-end|p1a: Great Tusk|Protosynthesis|[silent]
|switch|p1a: Zamazenta|Zamazenta, shiny|100/100
|-ability|p1a: Zamazenta|Dauntless Shield|boost
|-boost|p1a: Zamazenta|def|1
|move|p2a: Moltres|Will-O-Wisp|p1a: Zamazenta
|-status|p1a: Zamazenta|brn
|
|-damage|p1a: Zamazenta|94/100 brn|[from] brn
|upkeep
|turn|20
|c|☆RoddyJ|i know
|c|☆RoddyJ|the game we love
|
|t:|1760459754
|-terastallize|p2a: Moltres|Grass
|move|p2a: Moltres|Roost|p2a: Moltres
|-heal|p2a: Moltres|100/100
|move|p1a: Zamazenta|Roar|p2a: Moltres
|drag|p2a: Ting-Lu|Ting-Lu|82/100 psn
|-damage|p2a: Ting-Lu|76/100 psn|[from] Stealth Rock
|-damage|p2a: Ting-Lu|59/100 psn|[from] Spikes
|-ability|p2a: Ting-Lu|Vessel of Ruin
|
|-heal|p1a: Zamazenta|100/100 brn|[from] item: Leftovers
|-heal|p2a: Ting-Lu|65/100 psn|[from] item: Leftovers
|-damage|p2a: Ting-Lu|53/100 psn|[from] psn
|-damage|p1a: Zamazenta|94/100 brn|[from] brn
|upkeep
|turn|21
|
|t:|1760459763
|move|p1a: Zamazenta|Iron Defense|p1a: Zamazenta
|-boost|p1a: Zamazenta|def|2
|move|p2a: Ting-Lu|Ruination|p1a: Zamazenta
|-damage|p1a: Zamazenta|48/100 brn
|
|-heal|p1a: Zamazenta|54/100 brn|[from] item: Leftovers
|-heal|p2a: Ting-Lu|59/100 psn|[from] item: Leftovers
|-damage|p2a: Ting-Lu|47/100 psn|[from] psn
|-damage|p1a: Zamazenta|48/100 brn|[from] brn
|upkeep
|turn|22
|
|t:|1760459766
|switch|p2a: Pecharunt|Pecharunt|58/100
|-damage|p2a: Pecharunt|45/100|[from] Stealth Rock
|-damage|p2a: Pecharunt|29/100|[from] Spikes
|-sideend|p2: The Sword of Ruin|move: Toxic Spikes|[of] p2a: Pecharunt
|move|p1a: Zamazenta|Body Press|p2a: Pecharunt
|-immune|p2a: Pecharunt
|
|-heal|p1a: Zamazenta|54/100 brn|[from] item: Leftovers
|-damage|p1a: Zamazenta|48/100 brn|[from] brn
|upkeep
|turn|23
|j| wgw2333
|c|☆The Sword of Ruin|I lowkey lose to latios
|inactive|RoddyJ has 120 seconds left.
|
|t:|1760459798
|move|p2a: Pecharunt|Recover|p2a: Pecharunt
|-heal|p2a: Pecharunt|79/100
|move|p1a: Zamazenta|Roar|p2a: Pecharunt
|drag|p2a: Iron Crown|Iron Crown|15/100
|-damage|p2a: Iron Crown|9/100|[from] Stealth Rock
|-damage|p2a: Iron Crown|0 fnt|[from] Spikes
|faint|p2a: Iron Crown
|-end|p2a: Iron Crown|Quark Drive|[silent]
|
|-heal|p1a: Zamazenta|54/100 brn|[from] item: Leftovers
|-damage|p1a: Zamazenta|48/100 brn|[from] brn
|upkeep
|c|☆The Sword of Ruin|gg
|c|☆RoddyJ|gg
|-message|The Sword of Ruin forfeited.
|
|win|RoddyJ
|raw|RoddyJ's rating: 1726 &rarr; <strong>1740</strong><br />(+14 for winning)
|raw|The Sword of Ruin's rating: 1626 &rarr; <strong>1612</strong><br />(-14 for losing)
|l|☆RoddyJ
|player|p1|
|l|☆The Sword of Ruin
|player|p2|
|l| wgw2333
|l| dilf huntr
