|j|☆yamadakouta
|j|☆nsbs12
|t:|1760434333
|gametype|singles
|player|p1|yamadakouta|1|1161
|player|p2|nsbs12|boarder|1209
|gen|9
|tier|[Gen 9] OU
|rated|
|rule|HP Percentage Mod: HP is shown in percentages
|rule|Endless Battle Clause: Forcing endless battles is banned
|rule|Species Clause: Limit one of each Pokémon
|rule|OHKO Clause: OHKO moves are banned
|rule|Evasion Items Clause: Evasion items are banned
|rule|Evasion Moves Clause: Evasion moves are banned
|rule|Evasion Abilities Clause: Evasion abilities are banned
|rule|Sleep Moves Clause: Sleep-inducing moves are banned
|clearpoke
|poke|p1|Kingambit, M|
|poke|p1|Raging Bolt|
|poke|p1|Cinderace, M|
|poke|p1|Staraptor, F|
|poke|p1|Iron Crown|
|poke|p1|Glimmora, M|
|poke|p2|Whimsicott, F|
|poke|p2|Gliscor, M|
|poke|p2|Cinderace, F|
|poke|p2|Ting-Lu|
|poke|p2|Pelipper, M|
|poke|p2|Weavile, M|
|teampreview
|inactive|Battle timer is ON: inactive players will automatically lose when time's up. (requested by nsbs12)
|
|t:|1760434339
|teamsize|p1|6
|teamsize|p2|6
|start
|switch|p1a: Glimmora|Glimmora, M|100/100
|switch|p2a: Gliscor|Gliscor, M|100/100
|turn|1
|
|t:|1760434345
|move|p1a: Glimmora|Stealth Rock|p2a: Gliscor
|-sidestart|p2: nsbs12|move: Stealth Rock
|move|p2a: Gliscor|Earthquake|p1a: Glimmora
|-supereffective|p1a: Glimmora
|-enditem|p1a: Glimmora|Focus Sash
|-damage|p1a: Glimmora|1/100
|-activate|p1a: Glimmora|ability: Toxic Debris
|-sidestart|p2: nsbs12|move: Toxic Spikes
|
|-status|p2a: Gliscor|tox|[from] item: Toxic Orb
|upkeep
|turn|2
|
|t:|1760434355
|move|p1a: Glimmora|Power Gem|p2a: Gliscor
|-damage|p2a: Gliscor|63/100 tox
|move|p2a: Gliscor|Earthquake|p1a: Glimmora
|-supereffective|p1a: Glimmora
|-damage|p1a: Glimmora|0 fnt
|-activate|p1a: Glimmora|ability: Toxic Debris
|-sidestart|p2: nsbs12|move: Toxic Spikes
|faint|p1a: Glimmora
|
|-heal|p2a: Gliscor|75/100 tox|[from] ability: Poison Heal
|upkeep
|
|t:|1760434373
|switch|p1a: Staraptor|Staraptor, F, shiny|100/100
|turn|3
|
|t:|1760434377
|move|p1a: Staraptor|Double-Edge|p2a: Gliscor
|-damage|p2a: Gliscor|20/100 tox
|-damage|p1a: Staraptor|80/100|[from] Recoil
|move|p2a: Gliscor|Toxic|p1a: Staraptor
|-status|p1a: Staraptor|tox
|
|-damage|p1a: Staraptor|74/100 tox|[from] psn
|-heal|p2a: Gliscor|33/100 tox|[from] ability: Poison Heal
|upkeep
|turn|4
|
|t:|1760434386
|move|p2a: Gliscor|Protect|p2a: Gliscor
|-singleturn|p2a: Gliscor|Protect
|move|p1a: Staraptor|Double-Edge|p2a: Gliscor
|-activate|p2a: Gliscor|move: Protect
|
|-damage|p1a: Staraptor|62/100 tox|[from] psn
|-heal|p2a: Gliscor|45/100 tox|[from] ability: Poison Heal
|upkeep
|turn|5
|
|t:|1760434395
|switch|p2a: Pelipper|Pelipper, M|100/100
|-weather|RainDance|[from] ability: Drizzle|[of] p2a: Pelipper
|move|p1a: Staraptor|Double-Edge|p2a: Pelipper
|-damage|p2a: Pelipper|22/100
|-damage|p1a: Staraptor|35/100 tox|[from] Recoil
|
|-weather|RainDance|[upkeep]
|-damage|p1a: Staraptor|17/100 tox|[from] psn
|upkeep
|turn|6
|
|t:|1760434405
|move|p1a: Staraptor|Double-Edge|p2a: Pelipper
|-damage|p2a: Pelipper|0 fnt
|faint|p2a: Pelipper
|-damage|p1a: Staraptor|9/100 tox|[from] Recoil
|
|-weather|RainDance|[upkeep]
|-damage|p1a: Staraptor|0 fnt|[from] psn
|faint|p1a: Staraptor
|upkeep
|
|t:|1760434417
|switch|p1a: Iron Crown|Iron Crown|100/100
|switch|p2a: Cinderace|Cinderace, F|100/100
|-enditem|p1a: Iron Crown|Booster Energy
|-activate|p1a: Iron Crown|ability: Quark Drive|[fromitem]
|-start|p1a: Iron Crown|quarkdrivespe
|turn|7
|
|t:|1760434429
|move|p1a: Iron Crown|Calm Mind|p1a: Iron Crown
|-boost|p1a: Iron Crown|spa|1
|-boost|p1a: Iron Crown|spd|1
|move|p2a: Cinderace|Court Change|p2a: Cinderace
|-start|p2a: Cinderace|typechange|Normal|[from] ability: Libero
|-swapsideconditions
|-activate|p2a: Cinderace|move: Court Change
|
|-weather|RainDance|[upkeep]
|upkeep
|turn|8
|
|t:|1760434440
|switch|p2a: Whimsicott|Whimsicott, F|100/100
|move|p1a: Iron Crown|Tachyon Cutter|p2a: Whimsicott
|-supereffective|p2a: Whimsicott
|-damage|p2a: Whimsicott|0 fnt
|faint|p2a: Whimsicott
|-hitcount|p2: Whimsicott|1
|
|-weather|RainDance|[upkeep]
|upkeep
|
|t:|1760434448
|switch|p2a: Ting-Lu|Ting-Lu|100/100
|-ability|p2a: Ting-Lu|Vessel of Ruin
|turn|9
|
|t:|1760434454
|move|p1a: Iron Crown|Tachyon Cutter|p2a: Ting-Lu
|-damage|p2a: Ting-Lu|85/100
|-damage|p2a: Ting-Lu|71/100
|-hitcount|p2a: Ting-Lu|2
|move|p2a: Ting-Lu|Whirlwind|p1a: Iron Crown
|-end|p1a: Iron Crown|Quark Drive|[silent]
|drag|p1a: Raging Bolt|Raging Bolt|100/100
|-damage|p1a: Raging Bolt|88/100|[from] Stealth Rock
|-status|p1a: Raging Bolt|tox
|-enditem|p1a: Raging Bolt|Booster Energy
|-activate|p1a: Raging Bolt|ability: Protosynthesis|[fromitem]
|-start|p1a: Raging Bolt|protosynthesisspa
|
|-weather|none
|-heal|p2a: Ting-Lu|77/100|[from] item: Leftovers
|-damage|p1a: Raging Bolt|82/100 tox|[from] psn
|upkeep
|turn|10
|
|t:|1760434467
|move|p1a: Raging Bolt|Dragon Pulse|p2a: Ting-Lu
|-damage|p2a: Ting-Lu|49/100
|move|p2a: Ting-Lu|Whirlwind|p1a: Raging Bolt
|-end|p1a: Raging Bolt|Protosynthesis|[silent]
|drag|p1a: Cinderace|Cinderace, M|100/100
|-damage|p1a: Cinderace|76/100|[from] Stealth Rock
|-status|p1a: Cinderace|tox
|
|-heal|p2a: Ting-Lu|56/100|[from] item: Leftovers
|-damage|p1a: Cinderace|70/100 tox|[from] psn
|upkeep
|turn|11
|
|t:|1760434478
|switch|p2a: Cinderace|Cinderace, F|100/100
|move|p1a: Cinderace|High Jump Kick|p2a: Cinderace
|-start|p1a: Cinderace|typechange|Fighting|[from] ability: Libero
|-damage|p2a: Cinderace|0 fnt
|faint|p2a: Cinderace
|-damage|p1a: Cinderace|60/100 tox|[from] item: Life Orb
|
|-damage|p1a: Cinderace|48/100 tox|[from] psn
|upkeep
|
|t:|1760434484
|switch|p2a: Weavile|Weavile, M, shiny|100/100
|turn|12
|
|t:|1760434491
|switch|p1a: Iron Crown|Iron Crown|100/100
|-damage|p1a: Iron Crown|94/100|[from] Stealth Rock
|move|p2a: Weavile|Knock Off|p1a: Iron Crown
|-supereffective|p1a: Iron Crown
|-damage|p1a: Iron Crown|0 fnt
|faint|p1a: Iron Crown
|-end|p1a: Iron Crown|Quark Drive|[silent]
|
|upkeep
|-message|yamadakouta forfeited.
|
|win|nsbs12
|raw|yamadakouta's rating: 1161 &rarr; <strong>1139</strong><br />(-22 for losing)
|raw|nsbs12's rating: 1209 &rarr; <strong>1231</strong><br />(+22 for winning)
|l|☆yamadakouta
|player|p1|
|l|☆nsbs12
|player|p2|
