|j|☆Ganizinnn
|j|☆PulverazingPancake
|t:|1760396705
|gametype|singles
|player|p1|Ganizinnn|2|1101
|player|p2|PulverazingPancake|265|1063
|gen|9
|tier|[Gen 9] OU
|rated|
|rule|HP Percentage Mod: HP is shown in percentages
|rule|Endless Battle Clause: Forcing endless battles is banned
|rule|Species Clause: Limit one of each Pokémon
|rule|OHKO Clause: OHKO moves are banned
|rule|Evasion Items Clause: Evasion items are banned
|rule|Evasion Moves Clause: Evasion moves are banned
|rule|Evasion Abilities Clause: Evasion abilities are banned
|rule|Sleep Moves Clause: Sleep-inducing moves are banned
|clearpoke
|poke|p1|Dragapult, M|
|poke|p1|Zoroark, M|
|poke|p1|Hoopa-Unbound|
|poke|p1|Corviknight, F|
|poke|p1|Manaphy|
|poke|p1|Excadrill, M|
|poke|p2|Lapras, M|
|poke|p2|Zangoose, F|
|poke|p2|Toxapex, M|
|poke|p2|Thundurus-Therian, M|
|poke|p2|Yanmega, M|
|poke|p2|Braviary-Hisui, M|
|teampreview
|inactive|Battle timer is ON: inactive players will automatically lose when time's up. (requested by PulverazingPancake)
|
|t:|1760396720
|teamsize|p1|6
|teamsize|p2|6
|start
|switch|p1a: Dragapult|Dragapult, M|100/100
|switch|p2a: Toxapex|Toxapex, M|100/100
|turn|1
|
|t:|1760396735
|move|p1a: Dragapult|U-turn|p2a: Toxapex
|-resisted|p2a: Toxapex
|-damage|p2a: Toxapex|96/100
|
|t:|1760396741
|switch|p1a: Excadrill|Excadrill, M|100/100|[from] U-turn
|-item|p1a: Excadrill|Air Balloon
|move|p2a: Toxapex|Toxic|p1a: Excadrill
|-status|p1a: Excadrill|tox
|
|-heal|p2a: Toxapex|100/100|[from] item: Black Sludge
|-damage|p1a: Excadrill|94/100 tox|[from] psn
|upkeep
|turn|2
|
|t:|1760396752
|move|p1a: Excadrill|Dark Pulse|p2a: Toxapex
|-damage|p2a: Toxapex|69/100
|move|p2a: Toxapex|Liquidation|p1a: Excadrill
|-damage|p1a: Excadrill|56/100 tox
|replace|p1a: Zoroark|Zoroark, M
|-end|p1a: Zoroark|Illusion
|-enditem|p1a: Zoroark|Air Balloon
|
|-heal|p2a: Toxapex|75/100|[from] item: Black Sludge
|-damage|p1a: Zoroark|44/100 tox|[from] psn
|upkeep
|turn|3
|
|t:|1760396772
|move|p1a: Zoroark|Nasty Plot|p1a: Zoroark
|-boost|p1a: Zoroark|spa|2
|move|p2a: Toxapex|Rain Dance|p2a: Toxapex
|-weather|RainDance
|
|-weather|RainDance|[upkeep]
|-heal|p2a: Toxapex|81/100|[from] item: Black Sludge
|-damage|p1a: Zoroark|26/100 tox|[from] psn
|upkeep
|turn|4
|
|t:|1760396783
|move|p2a: Toxapex|Baneful Bunker|p2a: Toxapex
|-singleturn|p2a: Toxapex|move: Protect
|move|p1a: Zoroark|Dark Pulse|p2a: Toxapex
|-activate|p2a: Toxapex|move: Protect
|
|-weather|RainDance|[upkeep]
|-heal|p2a: Toxapex|88/100|[from] item: Black Sludge
|-damage|p1a: Zoroark|1/100 tox|[from] psn
|upkeep
|turn|5
|
|t:|1760396791
|move|p2a: Toxapex|Baneful Bunker|p2a: Toxapex
|-singleturn|p2a: Toxapex|move: Protect
|move|p1a: Zoroark|Dark Pulse|p2a: Toxapex
|-activate|p2a: Toxapex|move: Protect
|
|-weather|RainDance|[upkeep]
|-heal|p2a: Toxapex|94/100|[from] item: Black Sludge
|-damage|p1a: Zoroark|0 fnt|[from] psn
|faint|p1a: Zoroark
|upkeep
|
|t:|1760396800
|switch|p1a: Dragapult|Dragapult, M|100/100
|turn|6
|
|t:|1760396807
|move|p1a: Dragapult|Shadow Ball|p2a: Toxapex
|-crit|p2a: Toxapex
|-damage|p2a: Toxapex|33/100
|move|p2a: Toxapex|Liquidation|p1a: Dragapult
|-resisted|p1a: Dragapult
|-damage|p1a: Dragapult|80/100
|
|-weather|RainDance|[upkeep]
|-heal|p2a: Toxapex|40/100|[from] item: Black Sludge
|upkeep
|turn|7
|
|t:|1760396816
|switch|p2a: Zangoose|Zangoose, F|100/100
|move|p1a: Dragapult|Shadow Ball|p2a: Zangoose
|-immune|p2a: Zangoose
|
|-weather|none
|-status|p2a: Zangoose|tox|[from] item: Toxic Orb
|upkeep
|turn|8
|
|t:|1760396826
|move|p1a: Dragapult|Shadow Ball|p2a: Zangoose
|-immune|p2a: Zangoose
|move|p2a: Zangoose|Knock Off|p1a: Dragapult
|-supereffective|p1a: Dragapult
|-damage|p1a: Dragapult|0 fnt
|-enditem|p1a: Dragapult|Choice Specs|[from] move: Knock Off|[of] p2a: Zangoose
|faint|p1a: Dragapult
|
|-damage|p2a: Zangoose|95/100 tox|[from] psn
|upkeep
|
|t:|1760396837
|switch|p1a: Manaphy|Manaphy|100/100
|turn|9
|
|t:|1760396843
|move|p1a: Manaphy|Tail Glow|p1a: Manaphy
|-boost|p1a: Manaphy|spa|3
|move|p2a: Zangoose|Poison Jab|p1a: Manaphy
|-damage|p1a: Manaphy|65/100
|
|-damage|p2a: Zangoose|83/100 tox|[from] psn
|upkeep
|turn|10
|
|t:|1760396855
|move|p1a: Manaphy|Surf|p2a: Zangoose
|-damage|p2a: Zangoose|0 fnt
|faint|p2a: Zangoose
|-damage|p1a: Manaphy|55/100|[from] item: Life Orb
|
|upkeep
|
|t:|1760396861
|switch|p2a: Lapras|Lapras, M|100/100
|turn|11
|
|t:|1760396868
|switch|p2a: Toxapex|Toxapex, M|73/100
|move|p1a: Manaphy|Rest|p1a: Manaphy
|-status|p1a: Manaphy|slp|[from] move: Rest
|-heal|p1a: Manaphy|100/100 slp|[silent]
|
|-heal|p2a: Toxapex|79/100|[from] item: Black Sludge
|upkeep
|turn|12
|
|t:|1760396878
|cant|p1a: Manaphy|slp
|move|p2a: Toxapex|Toxic||[still]
|-fail|p2a: Toxapex
|
|-heal|p2a: Toxapex|85/100|[from] item: Black Sludge
|upkeep
|turn|13
|
|t:|1760396884
|cant|p1a: Manaphy|slp
|move|p2a: Toxapex|Liquidation|p1a: Manaphy
|-resisted|p1a: Manaphy
|-damage|p1a: Manaphy|91/100 slp
|
|-heal|p2a: Toxapex|92/100|[from] item: Black Sludge
|upkeep
|turn|14
|
|t:|1760396891
|-curestatus|p1a: Manaphy|slp|[msg]
|move|p1a: Manaphy|Surf|p2a: Toxapex
|-resisted|p2a: Toxapex
|-damage|p2a: Toxapex|38/100
|-damage|p1a: Manaphy|81/100|[from] item: Life Orb
|move|p2a: Toxapex|Liquidation|p1a: Manaphy
|-resisted|p1a: Manaphy
|-damage|p1a: Manaphy|71/100
|
|-heal|p2a: Toxapex|44/100|[from] item: Black Sludge
|upkeep
|turn|15
|
|t:|1760396901
|move|p2a: Toxapex|Baneful Bunker|p2a: Toxapex
|-singleturn|p2a: Toxapex|move: Protect
|move|p1a: Manaphy|Surf|p2a: Toxapex
|-activate|p2a: Toxapex|move: Protect
|
|-heal|p2a: Toxapex|50/100|[from] item: Black Sludge
|upkeep
|turn|16
|
|t:|1760396910
|switch|p2a: Lapras|Lapras, M|100/100
|move|p1a: Manaphy|Tail Glow|p1a: Manaphy
|-boost|p1a: Manaphy|spa|3
|
|upkeep
|turn|17
|
|t:|1760396915
|move|p1a: Manaphy|Surf|p2a: Lapras
|-immune|p2a: Lapras|[from] ability: Water Absorb
|move|p2a: Lapras|Dragon Dance|p2a: Lapras
|-boost|p2a: Lapras|atk|1
|-boost|p2a: Lapras|spe|1
|
|upkeep
|turn|18
|
|t:|1760396923
|-terastallize|p2a: Lapras|Ground
|move|p2a: Lapras|Dragon Dance|p2a: Lapras
|-boost|p2a: Lapras|atk|1
|-boost|p2a: Lapras|spe|1
|move|p1a: Manaphy|Tail Glow|p1a: Manaphy
|-boost|p1a: Manaphy|spa|0
|
|upkeep
|turn|19
|
|t:|1760396932
|move|p2a: Lapras|Iron Head|p1a: Manaphy
|-resisted|p1a: Manaphy
|-damage|p1a: Manaphy|48/100
|move|p1a: Manaphy|Ice Beam|p2a: Lapras
|-supereffective|p2a: Lapras
|-damage|p2a: Lapras|0 fnt
|faint|p2a: Lapras
|-damage|p1a: Manaphy|38/100|[from] item: Life Orb
|
|upkeep
|
|t:|1760396940
|switch|p2a: Toxapex|Toxapex, M|83/100
|turn|20
|
|t:|1760396943
|move|p1a: Manaphy|Surf|p2a: Toxapex
|-resisted|p2a: Toxapex
|-damage|p2a: Toxapex|2/100
|-damage|p1a: Manaphy|28/100|[from] item: Life Orb
|move|p2a: Toxapex|Toxic|p1a: Manaphy
|-status|p1a: Manaphy|tox
|
|-heal|p2a: Toxapex|9/100|[from] item: Black Sludge
|-damage|p1a: Manaphy|22/100 tox|[from] psn
|upkeep
|turn|21
|
|t:|1760396953
|move|p2a: Toxapex|Baneful Bunker|p2a: Toxapex
|-singleturn|p2a: Toxapex|move: Protect
|move|p1a: Manaphy|Rest|p1a: Manaphy
|-status|p1a: Manaphy|slp|[from] move: Rest
|-heal|p1a: Manaphy|100/100 slp|[silent]
|
|-heal|p2a: Toxapex|15/100|[from] item: Black Sludge
|upkeep
|turn|22
|-message|PulverazingPancake forfeited.
|
|win|Ganizinnn
|raw|Ganizinnn's rating: 1101 &rarr; <strong>1123</strong><br />(+22 for winning)
|raw|PulverazingPancake's rating: 1063 &rarr; <strong>1046</strong><br />(-17 for losing)
|l|☆PulverazingPancake
|player|p2|
|l|☆Ganizinnn
|player|p1|
