|j|☆sgCURRY3
|j|☆respiraprofundo
|t:|1760339554
|gametype|singles
|player|p1|sgCURRY3|cynthia|1286
|player|p2|respiraprofundo|firebreather|1268
|gen|9
|tier|[Gen 9] OU
|rated|
|rule|HP Percentage Mod: HP is shown in percentages
|rule|Endless Battle Clause: Forcing endless battles is banned
|rule|Species Clause: Limit one of each Pokémon
|rule|OHKO Clause: OHKO moves are banned
|rule|Evasion Items Clause: Evasion items are banned
|rule|Evasion Moves Clause: Evasion moves are banned
|rule|Evasion Abilities Clause: Evasion abilities are banned
|rule|Sleep Moves Clause: Sleep-inducing moves are banned
|clearpoke
|poke|p1|Greninja-*, M|
|poke|p1|Glimmora, F|
|poke|p1|Gholdengo|
|poke|p1|Great Tusk|
|poke|p1|Dragonite, F|
|poke|p1|Dragapult, M|
|poke|p2|Tyranitar, F|
|poke|p2|Hippowdon, F|
|poke|p2|Garganacl, F|
|poke|p2|Lycanroc, M|
|poke|p2|Houndstone, M|
|poke|p2|Corviknight, F|
|teampreview
|inactive|Battle timer is ON: inactive players will automatically lose when time's up. (requested by sgCURRY3)
|
|t:|1760339593
|teamsize|p1|6
|teamsize|p2|6
|start
|switch|p1a: Glimmora|Glimmora, F|100/100
|switch|p2a: Tyranitar|Tyranitar, F|100/100
|-weather|Sandstorm|[from] ability: Sand Stream|[of] p2a: Tyranitar
|turn|1
|
|t:|1760339620
|move|p1a: Glimmora|Stealth Rock|p2a: Tyranitar
|-sidestart|p2: respiraprofundo|move: Stealth Rock
|move|p2a: Tyranitar|Earth Power|p1a: Glimmora
|-supereffective|p1a: Glimmora
|-enditem|p1a: Glimmora|Focus Sash
|-damage|p1a: Glimmora|1/100
|
|-weather|Sandstorm|[upkeep]
|upkeep
|turn|2
|
|t:|1760339635
|move|p1a: Glimmora|Earth Power|p2a: Tyranitar
|-supereffective|p2a: Tyranitar
|-damage|p2a: Tyranitar|68/100
|move|p2a: Tyranitar|Earth Power|p1a: Glimmora
|-supereffective|p1a: Glimmora
|-damage|p1a: Glimmora|0 fnt
|faint|p1a: Glimmora
|
|-weather|Sandstorm|[upkeep]
|upkeep
|
|t:|1760339649
|switch|p1a: Greninja|Greninja, M|100/100
|turn|3
|inactive|respiraprofundo has 120 seconds left.
|inactive|respiraprofundo has 90 seconds left.
|inactive|respiraprofundo has 60 seconds left.
|
|t:|1760339754
|switch|p2a: Garganacl|Garganacl, F|100/100
|-damage|p2a: Garganacl|88/100|[from] Stealth Rock
|move|p1a: Greninja|Hydro Pump|p2a: Garganacl|[miss]
|-miss|p1a: Greninja|p2a: Garganacl
|
|-weather|Sandstorm|[upkeep]
|-damage|p1a: Greninja|95/100|[from] Sandstorm
|-heal|p2a: Garganacl|94/100|[from] item: Leftovers
|upkeep
|turn|4
|
|t:|1760339776
|-terastallize|p1a: Greninja|Water
|move|p1a: Greninja|Hydro Pump|p2a: Garganacl
|-supereffective|p2a: Garganacl
|-crit|p2a: Garganacl
|-damage|p2a: Garganacl|0 fnt
|faint|p2a: Garganacl
|-ability|p1a: Greninja|Battle Bond|boost
|-boost|p1a: Greninja|atk|1
|-boost|p1a: Greninja|spa|1
|-boost|p1a: Greninja|spe|1
|-activate|p1a: Greninja|ability: Battle Bond
|-damage|p1a: Greninja|85/100|[from] item: Life Orb
|
|-weather|Sandstorm|[upkeep]
|-damage|p1a: Greninja|79/100|[from] Sandstorm
|upkeep
|inactive|respiraprofundo has 30 seconds left.
|
|t:|1760339791
|switch|p2a: Houndstone|Houndstone, M|100/100
|-damage|p2a: Houndstone|88/100|[from] Stealth Rock
|turn|5
|inactive|respiraprofundo has 30 seconds left.
|inactive|respiraprofundo has 20 seconds left.
|
|t:|1760339811
|move|p1a: Greninja|Dark Pulse|p2a: Houndstone
|-supereffective|p2a: Houndstone
|-damage|p2a: Houndstone|0 fnt
|faint|p2a: Houndstone
|-damage|p1a: Greninja|69/100|[from] item: Life Orb
|
|-weather|none
|upkeep
|inactive|respiraprofundo has 25 seconds left this turn.
|inactive|respiraprofundo has 20 seconds left.
|-message|respiraprofundo forfeited.
|
|win|sgCURRY3
|raw|sgCURRY3's rating: 1286 &rarr; <strong>1310</strong><br />(+24 for winning)
|raw|respiraprofundo's rating: 1268 &rarr; <strong>1244</strong><br />(-24 for losing)
|l|☆respiraprofundo
|player|p2|
|l|☆sgCURRY3
|player|p1|
