|j|☆stephadobo
|j|☆YOHZZI
|t:|1760350765
|gametype|singles
|player|p1|stephadobo|lance|1241
|player|p2|YOHZZI|teamrocket|1253
|gen|9
|tier|[Gen 9] OU
|rated|
|rule|HP Percentage Mod: HP is shown in percentages
|rule|Endless Battle Clause: Forcing endless battles is banned
|rule|Species Clause: Limit one of each Pokémon
|rule|OHKO Clause: OHKO moves are banned
|rule|Evasion Items Clause: Evasion items are banned
|rule|Evasion Moves Clause: Evasion moves are banned
|rule|Evasion Abilities Clause: Evasion abilities are banned
|rule|Sleep Moves Clause: Sleep-inducing moves are banned
|clearpoke
|poke|p1|Dragonite, F|
|poke|p1|Kingambit, M|
|poke|p1|Gliscor, F|
|poke|p1|Clodsire, M|
|poke|p1|Corviknight, F|
|poke|p1|Skeledirge, F|
|poke|p2|Pelipper, M|
|poke|p2|Galvantula, M|
|poke|p2|Scizor, M|
|poke|p2|Corviknight, F|
|poke|p2|Crawdaunt, M|
|poke|p2|Barraskewda, M|
|teampreview
|inactive|Battle timer is ON: inactive players will automatically lose when time's up. (requested by stephadobo)
|inactive|YOHZZI has 120 seconds left.
|
|t:|1760350817
|teamsize|p1|6
|teamsize|p2|6
|start
|switch|p1a: Clodsire|Clodsire, M|100/100
|switch|p2a: Pelipper|Pelipper, M|100/100
|-weather|RainDance|[from] ability: Drizzle|[of] p2a: Pelipper
|turn|1
|
|t:|1760350837
|move|p2a: Pelipper|Knock Off|p1a: Clodsire
|-damage|p1a: Clodsire|86/100
|-enditem|p1a: Clodsire|Leftovers|[from] move: Knock Off|[of] p2a: Pelipper
|move|p1a: Clodsire|Toxic|p2a: Pelipper
|-status|p2a: Pelipper|tox
|
|-weather|RainDance|[upkeep]
|-damage|p2a: Pelipper|94/100 tox|[from] psn
|upkeep
|turn|2
|
|t:|1760350847
|move|p2a: Pelipper|U-turn|p1a: Clodsire
|-resisted|p1a: Clodsire
|-damage|p1a: Clodsire|82/100
|inactive|YOHZZI has 120 seconds left.
|
|t:|1760350873
|switch|p2a: Corviknight|Corviknight, F|100/100|[from] U-turn
|-ability|p2a: Corviknight|Pressure
|move|p1a: Clodsire|Spikes|p2a: Corviknight
|-sidestart|p2: YOHZZI|Spikes
|
|-weather|RainDance|[upkeep]
|upkeep
|turn|3
|
|t:|1760350884
|move|p2a: Corviknight|Defog|p1a: Clodsire
|-unboost|p1a: Clodsire|evasion|1
|-sideend|p2: YOHZZI|Spikes|[from] move: Defog|[of] p2a: Corviknight
|move|p1a: Clodsire|Spikes|p2a: Corviknight
|-sidestart|p2: YOHZZI|Spikes
|
|-weather|RainDance|[upkeep]
|upkeep
|turn|4
|
|t:|1760350897
|move|p2a: Corviknight|U-turn|p1a: Clodsire
|-resisted|p1a: Clodsire
|-damage|p1a: Clodsire|74/100
|inactive|YOHZZI has 120 seconds left.
|
|t:|1760350911
|switch|p2a: Crawdaunt|Crawdaunt, M|100/100|[from] U-turn
|-damage|p2a: Crawdaunt|88/100|[from] Spikes
|move|p1a: Clodsire|Spikes|p2a: Crawdaunt
|-sidestart|p2: YOHZZI|Spikes
|
|-weather|RainDance|[upkeep]
|upkeep
|turn|5
|
|t:|1760350918
|move|p2a: Crawdaunt|Swords Dance|p2a: Crawdaunt
|-boost|p2a: Crawdaunt|atk|2
|move|p1a: Clodsire|Toxic|p2a: Crawdaunt
|-status|p2a: Crawdaunt|tox
|
|-weather|RainDance|[upkeep]
|-damage|p2a: Crawdaunt|82/100 tox|[from] psn
|upkeep
|turn|6
|
|t:|1760350928
|move|p2a: Crawdaunt|Knock Off|p1a: Clodsire
|-damage|p1a: Clodsire|2/100
|-damage|p2a: Crawdaunt|72/100 tox|[from] item: Life Orb
|move|p1a: Clodsire|Recover|p1a: Clodsire
|-heal|p1a: Clodsire|52/100
|
|-weather|RainDance|[upkeep]
|-damage|p2a: Crawdaunt|60/100 tox|[from] psn
|upkeep
|turn|7
|
|t:|1760350942
|move|p2a: Crawdaunt|Knock Off|p1a: Clodsire
|-damage|p1a: Clodsire|0 fnt
|faint|p1a: Clodsire
|-damage|p2a: Crawdaunt|51/100 tox|[from] item: Life Orb
|
|-weather|RainDance|[upkeep]
|-damage|p2a: Crawdaunt|33/100 tox|[from] psn
|upkeep
|
|t:|1760350956
|switch|p1a: Dragonite|Dragonite, F|100/100
|turn|8
|
|t:|1760350965
|-terastallize|p2a: Crawdaunt|Water
|move|p1a: Dragonite|Extreme Speed|p2a: Crawdaunt
|-damage|p2a: Crawdaunt|0 fnt
|faint|p2a: Crawdaunt
|
|-weather|none
|upkeep
|
|t:|1760350974
|switch|p2a: Corviknight|Corviknight, F|100/100
|-ability|p2a: Corviknight|Pressure
|turn|9
|
|t:|1760350983
|switch|p1a: Skeledirge|Skeledirge, F|100/100
|move|p2a: Corviknight|Defog|p1a: Skeledirge
|-unboost|p1a: Skeledirge|evasion|1
|-sideend|p2: YOHZZI|Spikes|[from] move: Defog|[of] p2a: Corviknight
|
|upkeep
|turn|10
|
|t:|1760350989
|move|p2a: Corviknight|U-turn|p1a: Skeledirge
|-resisted|p1a: Skeledirge
|-damage|p1a: Skeledirge|99/100
|
|t:|1760350993
|switch|p2a: Pelipper|Pelipper, M|94/100 tox|[from] U-turn
|-weather|RainDance|[from] ability: Drizzle|[of] p2a: Pelipper
|move|p1a: Skeledirge|Torch Song|p2a: Pelipper
|-resisted|p2a: Pelipper
|-damage|p2a: Pelipper|87/100 tox
|-boost|p1a: Skeledirge|spa|1
|
|-weather|RainDance|[upkeep]
|-damage|p2a: Pelipper|81/100 tox|[from] psn
|upkeep
|turn|11
|
|t:|1760351007
|move|p1a: Skeledirge|Torch Song|p2a: Pelipper
|-resisted|p2a: Pelipper
|-damage|p2a: Pelipper|70/100 tox
|-boost|p1a: Skeledirge|spa|1
|move|p2a: Pelipper|Knock Off|p1a: Skeledirge
|-supereffective|p1a: Skeledirge
|-crit|p1a: Skeledirge
|-damage|p1a: Skeledirge|75/100
|-enditem|p1a: Skeledirge|Heavy-Duty Boots|[from] move: Knock Off|[of] p2a: Pelipper
|
|-weather|RainDance|[upkeep]
|-damage|p2a: Pelipper|57/100 tox|[from] psn
|upkeep
|turn|12
|
|t:|1760351015
|move|p1a: Skeledirge|Hex|p2a: Pelipper
|-damage|p2a: Pelipper|0 fnt
|faint|p2a: Pelipper
|
|-weather|RainDance|[upkeep]
|upkeep
|
|t:|1760351021
|switch|p2a: Barraskewda|Barraskewda, M, shiny|100/100
|turn|13
|
|t:|1760351030
|move|p2a: Barraskewda|Flip Turn|p1a: Skeledirge
|-supereffective|p1a: Skeledirge
|-damage|p1a: Skeledirge|0 fnt
|faint|p1a: Skeledirge
|
|t:|1760351035
|switch|p2a: Galvantula|Galvantula, M, shiny|100/100|[from] Flip Turn
|
|-weather|RainDance|[upkeep]
|upkeep
|
|t:|1760351053
|switch|p1a: Corviknight|Corviknight, F|100/100
|-ability|p1a: Corviknight|Pressure
|turn|14
|
|t:|1760351061
|-terastallize|p1a: Corviknight|Dragon
|move|p2a: Galvantula|Thunder|p1a: Corviknight
|-resisted|p1a: Corviknight
|-damage|p1a: Corviknight|81/100
|move|p1a: Corviknight|Brave Bird|p2a: Galvantula
|-damage|p2a: Galvantula|36/100
|-damage|p1a: Corviknight|67/100|[from] Recoil
|
|-weather|RainDance|[upkeep]
|upkeep
|turn|15
|
|t:|1760351082
|move|p2a: Galvantula|Bug Buzz|p1a: Corviknight
|-damage|p1a: Corviknight|36/100
|move|p1a: Corviknight|Brave Bird|p2a: Galvantula
|-damage|p2a: Galvantula|0 fnt
|faint|p2a: Galvantula
|-damage|p1a: Corviknight|27/100|[from] Recoil
|
|-weather|RainDance|[upkeep]
|upkeep
|inactive|YOHZZI has 120 seconds left.
|
|t:|1760351101
|switch|p2a: Scizor|Scizor, M|100/100
|turn|16
|
|t:|1760351105
|move|p1a: Corviknight|Roost|p1a: Corviknight
|-heal|p1a: Corviknight|77/100
|move|p2a: Scizor|Dual Wingbeat|p1a: Corviknight
|-damage|p1a: Corviknight|64/100
|-damage|p2a: Scizor|84/100|[from] item: Rocky Helmet|[of] p1a: Corviknight
|-damage|p1a: Corviknight|50/100
|-damage|p2a: Scizor|67/100|[from] item: Rocky Helmet|[of] p1a: Corviknight
|-hitcount|p1a: Corviknight|2
|
|-weather|RainDance|[upkeep]
|upkeep
|turn|17
|
|t:|1760351110
|move|p1a: Corviknight|Roost|p1a: Corviknight
|-heal|p1a: Corviknight|99/100
|move|p2a: Scizor|Knock Off|p1a: Corviknight
|-damage|p1a: Corviknight|77/100
|-damage|p2a: Scizor|51/100|[from] item: Rocky Helmet|[of] p1a: Corviknight
|-enditem|p1a: Corviknight|Rocky Helmet|[from] move: Knock Off|[of] p2a: Scizor
|
|-weather|none
|upkeep
|turn|18
|
|t:|1760351122
|move|p1a: Corviknight|U-turn|p2a: Scizor
|-resisted|p2a: Scizor
|-damage|p2a: Scizor|43/100
|
|t:|1760351135
|switch|p1a: Gliscor|Gliscor, F|100/100|[from] U-turn
|move|p2a: Scizor|U-turn|p1a: Gliscor
|-resisted|p1a: Gliscor
|-damage|p1a: Gliscor|89/100
|
|t:|1760351146
|switch|p2a: Barraskewda|Barraskewda, M, shiny|100/100|[from] U-turn
|
|-status|p1a: Gliscor|tox|[from] item: Toxic Orb
|upkeep
|turn|19
|
|t:|1760351157
|switch|p1a: Corviknight|Corviknight, F, tera:Dragon|77/100
|-ability|p1a: Corviknight|Pressure
|move|p2a: Barraskewda|Liquidation|p1a: Corviknight
|-resisted|p1a: Corviknight
|-damage|p1a: Corviknight|56/100
|
|upkeep
|turn|20
|
|t:|1760351170
|switch|p2a: Corviknight|Corviknight, F|100/100
|-ability|p2a: Corviknight|Pressure
|move|p1a: Corviknight|Roost|p1a: Corviknight
|-heal|p1a: Corviknight|100/100
|
|upkeep
|turn|21
|
|t:|1760351183
|move|p2a: Corviknight|Brave Bird|p1a: Corviknight
|-damage|p1a: Corviknight|78/100
|-damage|p2a: Corviknight|93/100|[from] Recoil
|move|p1a: Corviknight|U-turn|p2a: Corviknight
|-resisted|p2a: Corviknight
|-crit|p2a: Corviknight
|-damage|p2a: Corviknight|90/100
|-damage|p1a: Corviknight|61/100|[from] item: Rocky Helmet|[of] p2a: Corviknight
|
|t:|1760351193
|switch|p1a: Dragonite|Dragonite, F|100/100|[from] U-turn
|
|upkeep
|turn|22
|
|t:|1760351201
|move|p1a: Dragonite|Dragon Dance|p1a: Dragonite
|-boost|p1a: Dragonite|atk|1
|-boost|p1a: Dragonite|spe|1
|move|p2a: Corviknight|Brave Bird|p1a: Dragonite
|-damage|p1a: Dragonite|79/100
|-damage|p2a: Corviknight|84/100|[from] Recoil
|
|upkeep
|turn|23
|
|t:|1760351210
|move|p1a: Dragonite|Dragon Dance|p1a: Dragonite
|-boost|p1a: Dragonite|atk|1
|-boost|p1a: Dragonite|spe|1
|move|p2a: Corviknight|U-turn|p1a: Dragonite
|-resisted|p1a: Dragonite
|-damage|p1a: Dragonite|71/100
|
|t:|1760351219
|switch|p2a: Scizor|Scizor, M|43/100|[from] U-turn
|
|upkeep
|turn|24
|
|t:|1760351224
|move|p2a: Scizor|Bullet Punch|p1a: Dragonite
|-damage|p1a: Dragonite|34/100
|move|p1a: Dragonite|Fire Punch|p2a: Scizor
|-supereffective|p2a: Scizor
|-damage|p2a: Scizor|0 fnt
|faint|p2a: Scizor
|
|upkeep
|
|t:|1760351234
|switch|p2a: Barraskewda|Barraskewda, M, shiny|100/100
|turn|25
|
|t:|1760351238
|move|p1a: Dragonite|Extreme Speed|p2a: Barraskewda
|-damage|p2a: Barraskewda|0 fnt
|faint|p2a: Barraskewda
|
|upkeep
|-message|YOHZZI forfeited.
|
|win|stephadobo
|raw|stephadobo's rating: 1241 &rarr; <strong>1267</strong><br />(+26 for winning)
|raw|YOHZZI's rating: 1253 &rarr; <strong>1227</strong><br />(-26 for losing)
|l|☆YOHZZI
|player|p2|
|l|☆stephadobo
|player|p1|
