|j|☆siroperation
|j|☆Ashina Splints
|t:|1760379406
|gametype|singles
|player|p1|siroperation|266|1486
|player|p2|Ashina Splints|hooligans|1595
|gen|9
|tier|[Gen 9] OU
|rated|
|rule|HP Percentage Mod: HP is shown in percentages
|rule|Endless Battle Clause: Forcing endless battles is banned
|rule|Species Clause: Limit one of each Pokémon
|rule|OHKO Clause: OHKO moves are banned
|rule|Evasion Items Clause: Evasion items are banned
|rule|Evasion Moves Clause: Evasion moves are banned
|rule|Evasion Abilities Clause: Evasion abilities are banned
|rule|Sleep Moves Clause: Sleep-inducing moves are banned
|clearpoke
|poke|p1|Conkeldurr, M|
|poke|p1|Alomomola, M|
|poke|p1|Ting-Lu|
|poke|p1|Cyclizar, M|
|poke|p1|Bronzong|
|poke|p1|Tornadus-Therian, M|
|poke|p2|Pecharunt|
|poke|p2|Great Tusk|
|poke|p2|Ogerpon-Wellspring, F|
|poke|p2|Iron Crown|
|poke|p2|Landorus-Therian, M|
|poke|p2|Samurott-Hisui, M|
|teampreview
|inactive|Battle timer is ON: inactive players will automatically lose when time's up. (requested by Ashina Splints)
|
|t:|1760379423
|teamsize|p1|6
|teamsize|p2|6
|start
|switch|p1a: Conkeldurr|Conkeldurr, M, shiny|100/100
|switch|p2a: Samurott|Samurott-Hisui, M|100/100
|turn|1
|
|t:|1760379432
|move|p2a: Samurott|Flip Turn|p1a: Conkeldurr
|-damage|p1a: Conkeldurr|72/100
|
|t:|1760379435
|switch|p2a: Pecharunt|Pecharunt|100/100|[from] Flip Turn
|move|p1a: Conkeldurr|Drain Punch|p2a: Pecharunt
|-immune|p2a: Pecharunt
|
|-status|p1a: Conkeldurr|brn|[from] item: Flame Orb
|upkeep
|turn|2
|
|t:|1760379439
|move|p2a: Pecharunt|Foul Play|p1a: Conkeldurr
|-resisted|p1a: Conkeldurr
|-damage|p1a: Conkeldurr|57/100 brn
|move|p1a: Conkeldurr|Knock Off|p2a: Pecharunt
|-supereffective|p2a: Pecharunt
|-damage|p2a: Pecharunt|49/100
|-damage|p1a: Conkeldurr|40/100 brn|[from] item: Rocky Helmet|[of] p2a: Pecharunt
|-enditem|p2a: Pecharunt|Rocky Helmet|[from] move: Knock Off|[of] p1a: Conkeldurr
|
|-damage|p1a: Conkeldurr|34/100 brn|[from] brn
|upkeep
|turn|3
|
|t:|1760379446
|switch|p1a: Alomomola|Alomomola, M|100/100
|move|p2a: Pecharunt|Recover|p2a: Pecharunt
|-heal|p2a: Pecharunt|99/100
|
|upkeep
|turn|4
|
|t:|1760379450
|move|p2a: Pecharunt|Malignant Chain|p1a: Alomomola
|-damage|p1a: Alomomola|72/100
|move|p1a: Alomomola|Wish|p1a: Alomomola
|
|upkeep
|turn|5
|
|t:|1760379458
|switch|p1a: Conkeldurr|Conkeldurr, M, shiny|34/100 brn
|move|p2a: Pecharunt|Parting Shot|p1a: Conkeldurr
|-unboost|p1a: Conkeldurr|atk|1
|-unboost|p1a: Conkeldurr|spa|1
|
|t:|1760379469
|switch|p2a: Ogerpon|Ogerpon-Wellspring, F|100/100|[from] Parting Shot
|
|-heal|p1a: Conkeldurr|91/100 brn|[from] move: Wish|[wisher] Alomomola
|-damage|p1a: Conkeldurr|85/100 brn|[from] brn
|upkeep
|turn|6
|
|t:|1760379476
|move|p2a: Ogerpon|Ivy Cudgel|p1a: Conkeldurr|[anim] Ivy Cudgel Water
|-damage|p1a: Conkeldurr|43/100 brn
|move|p1a: Conkeldurr|Facade|p2a: Ogerpon
|-crit|p2a: Ogerpon
|-damage|p2a: Ogerpon|0 fnt
|faint|p2a: Ogerpon
|
|-damage|p1a: Conkeldurr|37/100 brn|[from] brn
|upkeep
|
|t:|1760379483
|switch|p2a: Iron Crown|Iron Crown|100/100
|turn|7
|
|t:|1760379491
|switch|p1a: Alomomola|Alomomola, M|100/100
|move|p2a: Iron Crown|Tachyon Cutter|p1a: Alomomola
|-resisted|p1a: Alomomola
|-damage|p1a: Alomomola|84/100
|-resisted|p1a: Alomomola
|-damage|p1a: Alomomola|66/100
|-hitcount|p1a: Alomomola|2
|
|upkeep
|turn|8
|
|t:|1760379499
|-terastallize|p2a: Iron Crown|Steel
|move|p2a: Iron Crown|Tachyon Cutter|p1a: Alomomola
|-resisted|p1a: Alomomola
|-damage|p1a: Alomomola|44/100
|-resisted|p1a: Alomomola
|-damage|p1a: Alomomola|22/100
|-hitcount|p1a: Alomomola|2
|move|p1a: Alomomola|Mirror Coat|p2a: Iron Crown
|-damage|p2a: Iron Crown|34/100
|
|upkeep
|turn|9
|
|t:|1760379507
|switch|p1a: Bronzong|Bronzong|100/100
|move|p2a: Iron Crown|Tachyon Cutter|p1a: Bronzong
|-resisted|p1a: Bronzong
|-crit|p1a: Bronzong
|-damage|p1a: Bronzong|77/100
|-resisted|p1a: Bronzong
|-damage|p1a: Bronzong|60/100
|-hitcount|p1a: Bronzong|2
|
|upkeep
|turn|10
|inactive|siroperation has 120 seconds left.
|
|t:|1760379546
|-end|p2a: Iron Crown|Quark Drive|[silent]
|switch|p2a: Samurott|Samurott-Hisui, M|100/100
|switch|p1a: Ting-Lu|Ting-Lu|100/100
|-ability|p1a: Ting-Lu|Vessel of Ruin
|
|upkeep
|turn|11
|inactive|siroperation has 120 seconds left.
|
|t:|1760379560
|switch|p1a: Cyclizar|Cyclizar, M, shiny|100/100
|move|p2a: Samurott|Flip Turn|p1a: Cyclizar
|-resisted|p1a: Cyclizar
|-damage|p1a: Cyclizar|83/100
|
|t:|1760379570
|switch|p2a: Great Tusk|Great Tusk|100/100|[from] Flip Turn
|-enditem|p2a: Great Tusk|Booster Energy
|-activate|p2a: Great Tusk|ability: Protosynthesis|[fromitem]
|-start|p2a: Great Tusk|protosynthesisspe
|
|upkeep
|turn|12
|inactive|siroperation has 120 seconds left.
|
|t:|1760379580
|switch|p1a: Alomomola|Alomomola, M|55/100
|move|p2a: Great Tusk|Knock Off|p1a: Alomomola
|-damage|p1a: Alomomola|37/100
|-enditem|p1a: Alomomola|Heavy-Duty Boots|[from] move: Knock Off|[of] p2a: Great Tusk
|
|upkeep
|turn|13
|
|t:|1760379590
|move|p2a: Great Tusk|Stealth Rock|p1a: Alomomola
|-sidestart|p1: siroperation|move: Stealth Rock
|move|p1a: Alomomola|Flip Turn|p2a: Great Tusk
|-supereffective|p2a: Great Tusk
|-damage|p2a: Great Tusk|81/100
|
|t:|1760379596
|switch|p1a: Bronzong|Bronzong|60/100|[from] Flip Turn
|-damage|p1a: Bronzong|54/100|[from] Stealth Rock
|
|upkeep
|turn|14
|inactive|siroperation has 120 seconds left.
|inactive|Ashina Splints has 120 seconds left.
|
|t:|1760379626
|move|p2a: Great Tusk|Knock Off|p1a: Bronzong
|-supereffective|p1a: Bronzong
|-enditem|p1a: Bronzong|Colbur Berry|[eat]
|-enditem|p1a: Bronzong|Colbur Berry|[weaken]
|-damage|p1a: Bronzong|29/100
|move|p1a: Bronzong|Psychic Noise|p2a: Great Tusk
|-supereffective|p2a: Great Tusk
|-damage|p2a: Great Tusk|24/100
|-start|p2a: Great Tusk|move: Heal Block
|
|upkeep
|turn|15
|
|t:|1760379636
|switch|p1a: Alomomola|Alomomola, M|70/100
|-damage|p1a: Alomomola|58/100|[from] Stealth Rock
|move|p2a: Great Tusk|Knock Off|p1a: Alomomola
|-damage|p1a: Alomomola|47/100
|
|-end|p2a: Great Tusk|move: Heal Block
|upkeep
|turn|16
|
|t:|1760379640
|move|p2a: Great Tusk|Headlong Rush|p1a: Alomomola
|-damage|p1a: Alomomola|14/100
|-unboost|p2a: Great Tusk|def|1
|-unboost|p2a: Great Tusk|spd|1
|move|p1a: Alomomola|Flip Turn|p2a: Great Tusk
|-supereffective|p2a: Great Tusk
|-damage|p2a: Great Tusk|0 fnt
|faint|p2a: Great Tusk
|-end|p2a: Great Tusk|Protosynthesis|[silent]
|
|t:|1760379646
|switch|p1a: Ting-Lu|Ting-Lu|100/100|[from] Flip Turn
|-damage|p1a: Ting-Lu|94/100|[from] Stealth Rock
|-ability|p1a: Ting-Lu|Vessel of Ruin
|
|-heal|p1a: Ting-Lu|100/100|[from] item: Leftovers
|upkeep
|
|t:|1760379650
|switch|p2a: Samurott|Samurott-Hisui, M|100/100
|turn|17
|
|t:|1760379665
|move|p2a: Samurott|Ceaseless Edge|p1a: Ting-Lu
|-resisted|p1a: Ting-Lu
|-damage|p1a: Ting-Lu|87/100
|-sidestart|p1: siroperation|Spikes
|move|p1a: Ting-Lu|Earthquake|p2a: Samurott
|-damage|p2a: Samurott|54/100
|
|-heal|p1a: Ting-Lu|93/100|[from] item: Leftovers
|upkeep
|turn|18
|
|t:|1760379678
|switch|p1a: Cyclizar|Cyclizar, M, shiny|100/100
|move|p2a: Samurott|Ceaseless Edge|p1a: Cyclizar|[miss]
|-miss|p2a: Samurott|p1a: Cyclizar
|
|upkeep
|turn|19
|
|t:|1760379684
|switch|p2a: Pecharunt|Pecharunt|99/100
|move|p1a: Cyclizar|U-turn|p2a: Pecharunt
|-resisted|p2a: Pecharunt
|-damage|p2a: Pecharunt|97/100
|
|t:|1760379690
|switch|p1a: Tornadus|Tornadus-Therian, M|100/100|[from] U-turn
|-damage|p1a: Tornadus|76/100|[from] Stealth Rock
|
|upkeep
|turn|20
|
|t:|1760379699
|switch|p2a: Samurott|Samurott-Hisui, M|54/100
|move|p1a: Tornadus|Bleakwind Storm|p2a: Samurott
|-damage|p2a: Samurott|12/100
|
|upkeep
|turn|21
|
|t:|1760379704
|move|p2a: Samurott|Sucker Punch|p1a: Tornadus
|-damage|p1a: Tornadus|30/100
|move|p1a: Tornadus|U-turn|p2a: Samurott
|-supereffective|p2a: Samurott
|-damage|p2a: Samurott|0 fnt
|faint|p2a: Samurott
|
|t:|1760379721
|switch|p1a: Ting-Lu|Ting-Lu|93/100|[from] U-turn
|-damage|p1a: Ting-Lu|87/100|[from] Stealth Rock
|-damage|p1a: Ting-Lu|75/100|[from] Spikes
|-ability|p1a: Ting-Lu|Vessel of Ruin
|
|-heal|p1a: Ting-Lu|81/100|[from] item: Leftovers
|upkeep
|
|t:|1760379728
|switch|p2a: Iron Crown|Iron Crown, tera:Steel|34/100
|turn|22
|
|t:|1760379731
|move|p2a: Iron Crown|Tachyon Cutter|p1a: Ting-Lu
|-damage|p1a: Ting-Lu|59/100
|-damage|p1a: Ting-Lu|39/100
|-hitcount|p1a: Ting-Lu|2
|move|p1a: Ting-Lu|Earthquake|p2a: Iron Crown
|-supereffective|p2a: Iron Crown
|-damage|p2a: Iron Crown|0 fnt
|faint|p2a: Iron Crown
|-end|p2a: Iron Crown|Quark Drive|[silent]
|
|-heal|p1a: Ting-Lu|45/100|[from] item: Leftovers
|upkeep
|
|t:|1760379733
|switch|p2a: Landorus|Landorus-Therian, M|100/100
|-ability|p2a: Landorus|Intimidate|boost
|-unboost|p1a: Ting-Lu|atk|1
|turn|23
|
|t:|1760379738
|move|p2a: Landorus|U-turn|p1a: Ting-Lu
|-supereffective|p1a: Ting-Lu
|-damage|p1a: Ting-Lu|15/100
|
|t:|1760379740
|switch|p2a: Pecharunt|Pecharunt|97/100|[from] U-turn
|move|p1a: Ting-Lu|Ruination|p2a: Pecharunt
|-damage|p2a: Pecharunt|49/100
|
|-heal|p1a: Ting-Lu|22/100|[from] item: Leftovers
|upkeep
|turn|24
|
|t:|1760379748
|move|p2a: Pecharunt|Malignant Chain|p1a: Ting-Lu
|-resisted|p1a: Ting-Lu
|-damage|p1a: Ting-Lu|15/100
|move|p1a: Ting-Lu|Earthquake|p2a: Pecharunt
|-supereffective|p2a: Pecharunt
|-damage|p2a: Pecharunt|26/100
|
|-heal|p1a: Ting-Lu|22/100|[from] item: Leftovers
|upkeep
|turn|25
|
|t:|1760379766
|move|p2a: Pecharunt|Recover|p2a: Pecharunt
|-heal|p2a: Pecharunt|76/100
|move|p1a: Ting-Lu|Ruination|p2a: Pecharunt
|-damage|p2a: Pecharunt|38/100
|
|-heal|p1a: Ting-Lu|28/100|[from] item: Leftovers
|upkeep
|turn|26
|
|t:|1760379775
|move|p2a: Pecharunt|Malignant Chain|p1a: Ting-Lu
|-resisted|p1a: Ting-Lu
|-damage|p1a: Ting-Lu|22/100
|-status|p1a: Ting-Lu|tox
|-start|p1a: Ting-Lu|confusion|[from] ability: Poison Puppeteer|[of] p2a: Pecharunt
|-activate|p1a: Ting-Lu|confusion
|-damage|p1a: Ting-Lu|18/100 tox|[from] confusion
|
|-heal|p1a: Ting-Lu|24/100 tox|[from] item: Leftovers
|-damage|p1a: Ting-Lu|18/100 tox|[from] psn
|upkeep
|turn|27
|
|t:|1760379784
|move|p2a: Pecharunt|Recover|p2a: Pecharunt
|-heal|p2a: Pecharunt|88/100
|-end|p1a: Ting-Lu|confusion
|move|p1a: Ting-Lu|Ruination|p2a: Pecharunt
|-damage|p2a: Pecharunt|44/100
|
|-heal|p1a: Ting-Lu|24/100 tox|[from] item: Leftovers
|-damage|p1a: Ting-Lu|12/100 tox|[from] psn
|upkeep
|turn|28
|
|t:|1760379791
|move|p2a: Pecharunt|Recover|p2a: Pecharunt
|-heal|p2a: Pecharunt|94/100
|move|p1a: Ting-Lu|Ruination|p2a: Pecharunt
|-damage|p2a: Pecharunt|48/100
|
|-heal|p1a: Ting-Lu|18/100 tox|[from] item: Leftovers
|-damage|p1a: Ting-Lu|0 fnt|[from] psn
|faint|p1a: Ting-Lu
|upkeep
|
|t:|1760379796
|switch|p1a: Tornadus|Tornadus-Therian, M|63/100
|-damage|p1a: Tornadus|39/100|[from] Stealth Rock
|turn|29
|
|t:|1760379805
|switch|p2a: Landorus|Landorus-Therian, M|100/100
|-ability|p2a: Landorus|Intimidate|boost
|-unboost|p1a: Tornadus|atk|1
|move|p1a: Tornadus|Bleakwind Storm|p2a: Landorus
|-damage|p2a: Landorus|44/100
|
|upkeep
|turn|30
|
|t:|1760379816
|switch|p1a: Conkeldurr|Conkeldurr, M, shiny|37/100 brn
|-damage|p1a: Conkeldurr|31/100 brn|[from] Stealth Rock
|-damage|p1a: Conkeldurr|19/100 brn|[from] Spikes
|move|p2a: Landorus|Stone Edge|p1a: Conkeldurr
|-resisted|p1a: Conkeldurr
|-crit|p1a: Conkeldurr
|-damage|p1a: Conkeldurr|0 fnt
|faint|p1a: Conkeldurr
|
|upkeep
|
|t:|1760379833
|switch|p1a: Alomomola|Alomomola, M|47/100
|-damage|p1a: Alomomola|35/100|[from] Stealth Rock
|-damage|p1a: Alomomola|22/100|[from] Spikes
|turn|31
|
|t:|1760379839
|move|p2a: Landorus|Stone Edge|p1a: Alomomola
|-damage|p1a: Alomomola|0 fnt
|faint|p1a: Alomomola
|
|upkeep
|
|t:|1760379849
|switch|p1a: Tornadus|Tornadus-Therian, M|72/100
|-damage|p1a: Tornadus|47/100|[from] Stealth Rock
|turn|32
|
|t:|1760379853
|-terastallize|p1a: Tornadus|Steel
|move|p2a: Landorus|Stone Edge|p1a: Tornadus
|-resisted|p1a: Tornadus
|-damage|p1a: Tornadus|19/100
|move|p1a: Tornadus|Bleakwind Storm|p2a: Landorus
|-damage|p2a: Landorus|0 fnt
|faint|p2a: Landorus
|
|upkeep
|
|t:|1760379856
|switch|p2a: Pecharunt|Pecharunt|48/100
|turn|33
|
|t:|1760379879
|switch|p1a: Bronzong|Bronzong|29/100
|-damage|p1a: Bronzong|23/100|[from] Stealth Rock
|move|p2a: Pecharunt|Foul Play|p1a: Bronzong
|-supereffective|p1a: Bronzong
|-damage|p1a: Bronzong|0 fnt
|faint|p1a: Bronzong
|
|upkeep
|
|t:|1760379881
|switch|p1a: Tornadus|Tornadus-Therian, M, tera:Steel|52/100
|-damage|p1a: Tornadus|46/100|[from] Stealth Rock
|-damage|p1a: Tornadus|34/100|[from] Spikes
|turn|34
|
|t:|1760379884
|move|p1a: Tornadus|Bleakwind Storm|p2a: Pecharunt
|-damage|p2a: Pecharunt|0 fnt
|faint|p2a: Pecharunt
|
|win|siroperation
|raw|siroperation's rating: 1486 &rarr; <strong>1512</strong><br />(+26 for winning)
|raw|Ashina Splints's rating: 1595 &rarr; <strong>1569</strong><br />(-26 for losing)
|c|☆Ashina Splints|gg
|l|☆Ashina Splints
|player|p2|
|c|☆siroperation|gg
|l|☆siroperation
|player|p1|
