|j|☆Buhf Luxray
|j|☆soyothedangerous
|t:|1760350148
|gametype|singles
|player|p1|Buhf Luxray|policeman-gen4|1454
|player|p2|soyothedangerous|rosa|1498
|gen|9
|tier|[Gen 9] OU
|rated|
|rule|HP Percentage Mod: HP is shown in percentages
|rule|Endless Battle Clause: Forcing endless battles is banned
|rule|Species Clause: Limit one of each Pokémon
|rule|OHKO Clause: OHKO moves are banned
|rule|Evasion Items Clause: Evasion items are banned
|rule|Evasion Moves Clause: Evasion moves are banned
|rule|Evasion Abilities Clause: Evasion abilities are banned
|rule|Sleep Moves Clause: Sleep-inducing moves are banned
|clearpoke
|poke|p1|Ninetales-Alola, M|
|poke|p1|Iron Valiant|
|poke|p1|Ogerpon-Wellspring, F|
|poke|p1|Great Tusk|
|poke|p1|Iron Boulder|
|poke|p1|Iron Moth|
|poke|p2|Zamazenta-*|
|poke|p2|Ninetales-Alola, F|
|poke|p2|Darkrai|
|poke|p2|Ceruledge, M|
|poke|p2|Gliscor, M|
|poke|p2|Hatterene, F|
|teampreview
|j| oooobama
|
|t:|1760350158
|teamsize|p1|6
|teamsize|p2|6
|start
|switch|p1a: Iron Boulder|Iron Boulder|100/100
|switch|p2a: Ninetales|Ninetales-Alola, F, shiny|100/100
|-weather|Snowscape|[from] ability: Snow Warning|[of] p2a: Ninetales
|-enditem|p1a: Iron Boulder|Booster Energy
|-activate|p1a: Iron Boulder|ability: Quark Drive|[fromitem]
|-start|p1a: Iron Boulder|quarkdrivespe
|turn|1
|
|t:|1760350191
|switch|p2a: Zamazenta|Zamazenta|100/100
|-ability|p2a: Zamazenta|Dauntless Shield|boost
|-boost|p2a: Zamazenta|def|1
|move|p1a: Iron Boulder|Swords Dance|p1a: Iron Boulder
|-boost|p1a: Iron Boulder|atk|2
|
|-weather|Snowscape|[upkeep]
|upkeep
|turn|2
|l|☆soyothedangerous
|player|p2|
|inactive|Battle timer is ON: inactive players will automatically lose when time's up. (requested by Buhf Luxray)
|j|☆soyothedangerous
|inactive|soyothedangerous reconnected and has 150 seconds left.
|player|p2|soyothedangerous|rosa|
|
|t:|1760350233
|move|p1a: Iron Boulder|Psycho Cut|p2a: Zamazenta
|-supereffective|p2a: Zamazenta
|-damage|p2a: Zamazenta|19/100
|move|p2a: Zamazenta|Body Press|p1a: Iron Boulder
|-damage|p1a: Iron Boulder|32/100
|
|-weather|Snowscape|[upkeep]
|upkeep
|turn|3
|
|t:|1760350251
|move|p1a: Iron Boulder|Psycho Cut|p2a: Zamazenta
|-supereffective|p2a: Zamazenta
|-damage|p2a: Zamazenta|0 fnt
|faint|p2a: Zamazenta
|
|-weather|Snowscape|[upkeep]
|upkeep
|l|☆soyothedangerous
|inactive|soyothedangerous disconnected and has a minute to reconnect!
|player|p2|
|j|☆soyothedangerous
|inactive|soyothedangerous reconnected and has 105 seconds left.
|player|p2|soyothedangerous|rosa|
|
|t:|1760350301
|switch|p2a: Ceruledge|Ceruledge, M|100/100
|turn|4
|
|t:|1760350307
|move|p2a: Ceruledge|Shadow Sneak|p1a: Iron Boulder
|-supereffective|p1a: Iron Boulder
|-damage|p1a: Iron Boulder|0 fnt
|faint|p1a: Iron Boulder
|-end|p1a: Iron Boulder|Quark Drive|[silent]
|
|-weather|Snowscape|[upkeep]
|upkeep
|
|t:|1760350315
|switch|p1a: Ninetales|Ninetales-Alola, M, shiny|100/100
|turn|5
|
|t:|1760350321
|move|p1a: Ninetales|Aurora Veil|p1a: Ninetales
|-sidestart|p1: Buhf Luxray|move: Aurora Veil
|move|p2a: Ceruledge|Taunt|p1a: Ninetales
|-start|p1a: Ninetales|move: Taunt
|
|-weather|none
|upkeep
|turn|6
|
|t:|1760350337
|switch|p1a: Great Tusk|Great Tusk, shiny|100/100
|switch|p2a: Ninetales|Ninetales-Alola, F, shiny|100/100
|-weather|Snowscape|[from] ability: Snow Warning|[of] p2a: Ninetales
|
|-weather|Snowscape|[upkeep]
|upkeep
|turn|7
|inactive|Buhf Luxray has 120 seconds left.
|
|t:|1760350383
|-end|p1a: Great Tusk|Protosynthesis|[silent]
|switch|p1a: Iron Moth|Iron Moth|100/100
|-enditem|p1a: Iron Moth|Booster Energy
|-activate|p1a: Iron Moth|ability: Quark Drive|[fromitem]
|-start|p1a: Iron Moth|quarkdrivespa
|move|p2a: Ninetales|Aurora Veil|p2a: Ninetales
|-sidestart|p2: soyothedangerous|move: Aurora Veil
|
|-weather|Snowscape|[upkeep]
|upkeep
|turn|8
|
|t:|1760350395
|move|p1a: Iron Moth|Agility|p1a: Iron Moth
|-boost|p1a: Iron Moth|spe|2
|move|p2a: Ninetales|Roar|p1a: Iron Moth
|-end|p1a: Iron Moth|Quark Drive|[silent]
|drag|p1a: Iron Valiant|Iron Valiant, shiny|100/100
|-enditem|p1a: Iron Valiant|Booster Energy
|-activate|p1a: Iron Valiant|ability: Quark Drive|[fromitem]
|-start|p1a: Iron Valiant|quarkdrivespe
|
|-weather|Snowscape|[upkeep]
|upkeep
|turn|9
|
|t:|1760350408
|move|p1a: Iron Valiant|Close Combat|p2a: Ninetales
|-damage|p2a: Ninetales|76/100
|-unboost|p1a: Iron Valiant|def|1
|-unboost|p1a: Iron Valiant|spd|1
|move|p2a: Ninetales|Roar|p1a: Iron Valiant
|-end|p1a: Iron Valiant|Quark Drive|[silent]
|drag|p1a: Ninetales|Ninetales-Alola, M, shiny|100/100
|
|-weather|Snowscape|[upkeep]
|upkeep
|turn|10
|
|t:|1760350418
|switch|p2a: Hatterene|Hatterene, F|100/100
|move|p1a: Ninetales|Encore|p2a: Hatterene
|move|p2a: Hatterene|Encore||[from] ability: Magic Bounce|[still]
|-fail|p2a: Hatterene
|
|-weather|none
|upkeep
|turn|11
|
|t:|1760350429
|switch|p1a: Great Tusk|Great Tusk, shiny|100/100
|move|p2a: Hatterene|Calm Mind|p2a: Hatterene
|-boost|p2a: Hatterene|spa|1
|-boost|p2a: Hatterene|spd|1
|
|upkeep
|turn|12
|
|t:|1760350438
|move|p1a: Great Tusk|Earthquake|p2a: Hatterene
|-damage|p2a: Hatterene|79/100
|move|p2a: Hatterene|Calm Mind|p2a: Hatterene
|-boost|p2a: Hatterene|spa|1
|-boost|p2a: Hatterene|spd|1
|
|-heal|p2a: Hatterene|85/100|[from] item: Leftovers
|-sideend|p1: Buhf Luxray|move: Aurora Veil
|upkeep
|turn|13
|
|t:|1760350456
|-end|p1a: Great Tusk|Protosynthesis|[silent]
|switch|p1a: Iron Moth|Iron Moth|100/100
|move|p2a: Hatterene|Calm Mind|p2a: Hatterene
|-boost|p2a: Hatterene|spa|1
|-boost|p2a: Hatterene|spd|1
|
|-heal|p2a: Hatterene|91/100|[from] item: Leftovers
|upkeep
|turn|14
|
|t:|1760350469
|-end|p1a: Iron Moth|Quark Drive|[silent]
|switch|p1a: Ninetales|Ninetales-Alola, M, shiny|100/100
|-weather|Snowscape|[from] ability: Snow Warning|[of] p1a: Ninetales
|move|p2a: Hatterene|Psyshock|p1a: Ninetales
|-damage|p1a: Ninetales|24/100
|
|-weather|Snowscape|[upkeep]
|-heal|p2a: Hatterene|97/100|[from] item: Leftovers
|-sideend|p2: soyothedangerous|move: Aurora Veil
|upkeep
|turn|15
|
|t:|1760350476
|move|p1a: Ninetales|Aurora Veil|p1a: Ninetales
|-sidestart|p1: Buhf Luxray|move: Aurora Veil
|move|p2a: Hatterene|Draining Kiss|p1a: Ninetales
|-damage|p1a: Ninetales|0 fnt
|-heal|p2a: Hatterene|100/100|[from] drain|[of] p1a: Ninetales
|faint|p1a: Ninetales
|
|-weather|Snowscape|[upkeep]
|upkeep
|
|t:|1760350483
|switch|p1a: Ogerpon|Ogerpon-Wellspring, F|100/100
|turn|16
|
|t:|1760350495
|move|p1a: Ogerpon|Substitute|p1a: Ogerpon
|-start|p1a: Ogerpon|Substitute
|-damage|p1a: Ogerpon|76/100
|move|p2a: Hatterene|Psyshock|p1a: Ogerpon
|-end|p1a: Ogerpon|Substitute
|
|-weather|Snowscape|[upkeep]
|upkeep
|turn|17
|
|t:|1760350510
|-terastallize|p1a: Ogerpon|Water
|detailschange|p1a: Ogerpon|Ogerpon-Wellspring-Tera, F, tera:Water
|-ability|p1a: Ogerpon|Embody Aspect (Wellspring)|boost
|-boost|p1a: Ogerpon|spd|1
|move|p1a: Ogerpon|Swords Dance|p1a: Ogerpon
|-boost|p1a: Ogerpon|atk|2
|move|p2a: Hatterene|Psyshock|p1a: Ogerpon
|-damage|p1a: Ogerpon|20/100
|
|-weather|Snowscape|[upkeep]
|upkeep
|turn|18
|
|t:|1760350520
|-terastallize|p2a: Hatterene|Water
|move|p1a: Ogerpon|Ivy Cudgel|p2a: Hatterene|[anim] Ivy Cudgel Water
|-resisted|p2a: Hatterene
|-damage|p2a: Hatterene|35/100
|move|p2a: Hatterene|Psyshock|p1a: Ogerpon
|-damage|p1a: Ogerpon|0 fnt
|faint|p1a: Ogerpon
|detailschange|p1: Ogerpon|Ogerpon-Wellspring, F|[silent]
|
|-weather|none
|-heal|p2a: Hatterene|41/100|[from] item: Leftovers
|upkeep
|
|t:|1760350529
|switch|p1a: Iron Valiant|Iron Valiant, shiny|100/100
|turn|19
|
|t:|1760350532
|move|p1a: Iron Valiant|Close Combat|p2a: Hatterene
|-damage|p2a: Hatterene|0 fnt
|-unboost|p1a: Iron Valiant|def|1
|-unboost|p1a: Iron Valiant|spd|1
|faint|p2a: Hatterene
|
|upkeep
|
|t:|1760350536
|switch|p2a: Ninetales|Ninetales-Alola, F, shiny|76/100
|-weather|Snowscape|[from] ability: Snow Warning|[of] p2a: Ninetales
|turn|20
|
|t:|1760350539
|move|p1a: Iron Valiant|Close Combat|p2a: Ninetales
|-damage|p2a: Ninetales|21/100
|-unboost|p1a: Iron Valiant|def|1
|-unboost|p1a: Iron Valiant|spd|1
|move|p2a: Ninetales|Aurora Veil|p2a: Ninetales
|-sidestart|p2: soyothedangerous|move: Aurora Veil
|
|-weather|Snowscape|[upkeep]
|upkeep
|turn|21
|
|t:|1760350560
|switch|p2a: Ceruledge|Ceruledge, M|100/100
|move|p1a: Iron Valiant|Close Combat|p2a: Ceruledge
|-immune|p2a: Ceruledge
|
|-weather|Snowscape|[upkeep]
|upkeep
|turn|22
|
|t:|1760350578
|move|p1a: Iron Valiant|Knock Off|p2a: Ceruledge
|-supereffective|p2a: Ceruledge
|-damage|p2a: Ceruledge|61/100
|-enditem|p2a: Ceruledge|Covert Cloak|[from] move: Knock Off|[of] p1a: Iron Valiant
|move|p2a: Ceruledge|Taunt|p1a: Iron Valiant
|-start|p1a: Iron Valiant|move: Taunt
|
|-weather|Snowscape|[upkeep]
|-sideend|p1: Buhf Luxray|move: Aurora Veil
|upkeep
|turn|23
|
|t:|1760350588
|-end|p1a: Iron Valiant|Quark Drive|[silent]
|switch|p1a: Great Tusk|Great Tusk, shiny|100/100
|move|p2a: Ceruledge|Bitter Blade|p1a: Great Tusk
|-damage|p1a: Great Tusk|80/100
|-heal|p2a: Ceruledge|74/100|[from] drain|[of] p1a: Great Tusk
|
|-weather|Snowscape|[upkeep]
|-heal|p1a: Great Tusk|86/100|[from] item: Leftovers
|upkeep
|turn|24
|
|t:|1760350601
|switch|p2a: Darkrai|Darkrai|100/100
|move|p1a: Great Tusk|Bulk Up|p1a: Great Tusk
|-boost|p1a: Great Tusk|atk|1
|-boost|p1a: Great Tusk|def|1
|
|-weather|none
|-heal|p1a: Great Tusk|93/100|[from] item: Leftovers
|upkeep
|turn|25
|
|t:|1760350606
|move|p2a: Darkrai|Nasty Plot|p2a: Darkrai
|-boost|p2a: Darkrai|spa|2
|move|p1a: Great Tusk|Body Press|p2a: Darkrai
|-supereffective|p2a: Darkrai
|-damage|p2a: Darkrai|27/100
|
|-heal|p2a: Darkrai|33/100|[from] item: Leftovers
|-heal|p1a: Great Tusk|99/100|[from] item: Leftovers
|upkeep
|turn|26
|
|t:|1760350614
|move|p2a: Darkrai|Focus Blast|p1a: Great Tusk|[miss]
|-miss|p2a: Darkrai|p1a: Great Tusk
|move|p1a: Great Tusk|Body Press|p2a: Darkrai
|-supereffective|p2a: Darkrai
|-damage|p2a: Darkrai|0 fnt
|faint|p2a: Darkrai
|
|-heal|p1a: Great Tusk|100/100|[from] item: Leftovers
|upkeep
|-message|soyothedangerous forfeited.
|
|win|Buhf Luxray
|raw|Buhf Luxray's rating: 1454 &rarr; <strong>1477</strong><br />(+23 for winning)
|raw|soyothedangerous's rating: 1498 &rarr; <strong>1475</strong><br />(-23 for losing)
|l|☆soyothedangerous
|player|p2|
|l|☆Buhf Luxray
|player|p1|
|l| oooobama
