|j|☆lllongtoudishu
|j|☆sgCURRY3
|t:|1760336638
|gametype|singles
|player|p1|lllongtoudishu|roxie|1220
|player|p2|sgCURRY3|cynthia|1226
|gen|9
|tier|[Gen 9] OU
|rated|
|rule|HP Percentage Mod: HP is shown in percentages
|rule|Endless Battle Clause: Forcing endless battles is banned
|rule|Species Clause: Limit one of each Pokémon
|rule|OHKO Clause: OHKO moves are banned
|rule|Evasion Items Clause: Evasion items are banned
|rule|Evasion Moves Clause: Evasion moves are banned
|rule|Evasion Abilities Clause: Evasion abilities are banned
|rule|Sleep Moves Clause: Sleep-inducing moves are banned
|clearpoke
|poke|p1|Araquanid, M|
|poke|p1|Gholdengo|
|poke|p1|Iron Treads|
|poke|p1|Raging Bolt|
|poke|p1|Iron Valiant|
|poke|p1|Dragonite, M|
|poke|p2|Greninja-*, M|
|poke|p2|Glimmora, F|
|poke|p2|Gholdengo|
|poke|p2|Great Tusk|
|poke|p2|Dragonite, M|
|poke|p2|Dragapult, F|
|teampreview
|
|t:|1760336652
|teamsize|p1|6
|teamsize|p2|6
|start
|switch|p1a: Araquanid|Araquanid, M|100/100
|switch|p2a: Glimmora|Glimmora, F|100/100
|turn|1
|
|t:|1760336658
|move|p2a: Glimmora|Stealth Rock|p1a: Araquanid
|-sidestart|p1: lllongtoudishu|move: Stealth Rock
|move|p1a: Araquanid|Surf|p2a: Glimmora
|-supereffective|p2a: Glimmora
|-enditem|p2a: Glimmora|Focus Sash
|-damage|p2a: Glimmora|1/100
|
|upkeep
|turn|2
|
|t:|1760336668
|move|p2a: Glimmora|Power Gem|p1a: Araquanid
|-supereffective|p1a: Araquanid
|-damage|p1a: Araquanid|29/100
|move|p1a: Araquanid|Sticky Web|p2a: Glimmora
|-sidestart|p2: sgCURRY3|move: Sticky Web
|
|upkeep
|turn|3
|
|t:|1760336674
|move|p2a: Glimmora|Mortal Spin|p1a: Araquanid
|-damage|p1a: Araquanid|23/100
|-status|p1a: Araquanid|psn
|-sideend|p2: sgCURRY3|Sticky Web|[from] move: Mortal Spin|[of] p2a: Glimmora
|move|p1a: Araquanid|Surf|p2a: Glimmora
|-supereffective|p2a: Glimmora
|-damage|p2a: Glimmora|0 fnt
|faint|p2a: Glimmora
|
|-damage|p1a: Araquanid|10/100 psn|[from] psn
|upkeep
|
|t:|1760336684
|switch|p2a: Greninja|Greninja, M|100/100
|turn|4
|
|t:|1760336704
|switch|p1a: Gholdengo|Gholdengo|100/100
|-damage|p1a: Gholdengo|94/100|[from] Stealth Rock
|-item|p1a: Gholdengo|Air Balloon
|move|p2a: Greninja|Water Shuriken|p1a: Gholdengo
|-damage|p1a: Gholdengo|83/100
|-enditem|p1a: Gholdengo|Air Balloon
|-damage|p1a: Gholdengo|72/100
|-damage|p1a: Gholdengo|62/100
|-damage|p1a: Gholdengo|52/100
|-hitcount|p1a: Gholdengo|4
|-damage|p2a: Greninja|91/100|[from] item: Life Orb
|
|upkeep
|turn|5
|
|t:|1760336719
|move|p2a: Greninja|Dark Pulse|p1a: Gholdengo
|-supereffective|p1a: Gholdengo
|-damage|p1a: Gholdengo|0 fnt
|faint|p1a: Gholdengo
|-ability|p2a: Greninja|Battle Bond|boost
|-boost|p2a: Greninja|atk|1
|-boost|p2a: Greninja|spa|1
|-boost|p2a: Greninja|spe|1
|-activate|p2a: Greninja|ability: Battle Bond
|-damage|p2a: Greninja|81/100|[from] item: Life Orb
|
|upkeep
|
|t:|1760336735
|switch|p1a: Raging Bolt|Raging Bolt|100/100
|-damage|p1a: Raging Bolt|88/100|[from] Stealth Rock
|-enditem|p1a: Raging Bolt|Booster Energy
|-activate|p1a: Raging Bolt|ability: Protosynthesis|[fromitem]
|-start|p1a: Raging Bolt|protosynthesisspa
|turn|6
|
|t:|1760336744
|switch|p2a: Great Tusk|Great Tusk|100/100
|move|p1a: Raging Bolt|Draco Meteor|p2a: Great Tusk
|-damage|p2a: Great Tusk|0 fnt
|-unboost|p1a: Raging Bolt|spa|2
|faint|p2a: Great Tusk
|-end|p2a: Great Tusk|Protosynthesis|[silent]
|
|upkeep
|
|t:|1760336752
|switch|p2a: Greninja|Greninja, M|81/100
|turn|7
|
|t:|1760336756
|move|p1a: Raging Bolt|Thunderclap|p2a: Greninja
|-supereffective|p2a: Greninja
|-damage|p2a: Greninja|0 fnt
|faint|p2a: Greninja
|
|upkeep
|
|t:|1760336765
|switch|p2a: Dragapult|Dragapult, F, shiny|100/100
|turn|8
|
|t:|1760336771
|-end|p1a: Raging Bolt|Protosynthesis|[silent]
|switch|p1a: Iron Valiant|Iron Valiant|100/100
|-damage|p1a: Iron Valiant|94/100|[from] Stealth Rock
|-enditem|p1a: Iron Valiant|Booster Energy
|-activate|p1a: Iron Valiant|ability: Quark Drive|[fromitem]
|-start|p1a: Iron Valiant|quarkdrivespa
|move|p2a: Dragapult|U-turn|p1a: Iron Valiant
|-resisted|p1a: Iron Valiant
|-crit|p1a: Iron Valiant
|-damage|p1a: Iron Valiant|87/100
|
|t:|1760336779
|switch|p2a: Gholdengo|Gholdengo|100/100|[from] U-turn
|-item|p2a: Gholdengo|Air Balloon
|
|upkeep
|turn|9
|
|t:|1760336791
|-terastallize|p1a: Iron Valiant|Ghost
|move|p1a: Iron Valiant|Shadow Ball|p2a: Gholdengo
|-supereffective|p2a: Gholdengo
|-damage|p2a: Gholdengo|0 fnt
|-enditem|p2a: Gholdengo|Air Balloon
|faint|p2a: Gholdengo
|
|upkeep
|
|t:|1760336809
|switch|p2a: Dragonite|Dragonite, M|100/100
|turn|10
|
|t:|1760336813
|move|p1a: Iron Valiant|Moonblast|p2a: Dragonite
|-supereffective|p2a: Dragonite
|-damage|p2a: Dragonite|34/100
|move|p2a: Dragonite|Dragon Dance|p2a: Dragonite
|-boost|p2a: Dragonite|atk|1
|-boost|p2a: Dragonite|spe|1
|
|upkeep
|turn|11
|
|t:|1760336821
|-terastallize|p2a: Dragonite|Normal
|move|p2a: Dragonite|Roost|p2a: Dragonite
|-heal|p2a: Dragonite|84/100
|move|p1a: Iron Valiant|Moonblast|p2a: Dragonite
|-damage|p2a: Dragonite|10/100
|-unboost|p2a: Dragonite|spa|1
|
|upkeep
|turn|12
|
|t:|1760336832
|move|p1a: Iron Valiant|Vacuum Wave|p2a: Dragonite
|-supereffective|p2a: Dragonite
|-damage|p2a: Dragonite|0 fnt
|faint|p2a: Dragonite
|
|upkeep
|
|t:|1760336835
|switch|p2a: Dragapult|Dragapult, F, shiny|100/100
|turn|13
|
|t:|1760336839
|move|p2a: Dragapult|Shadow Ball|p1a: Iron Valiant
|-supereffective|p1a: Iron Valiant
|-damage|p1a: Iron Valiant|0 fnt
|faint|p1a: Iron Valiant
|-end|p1a: Iron Valiant|Quark Drive|[silent]
|
|upkeep
|
|t:|1760336848
|switch|p1a: Raging Bolt|Raging Bolt|88/100
|-damage|p1a: Raging Bolt|76/100|[from] Stealth Rock
|turn|14
|
|t:|1760336855
|move|p2a: Dragapult|Shadow Ball|p1a: Raging Bolt
|-crit|p1a: Raging Bolt
|-damage|p1a: Raging Bolt|3/100
|move|p1a: Raging Bolt|Draco Meteor|p2a: Dragapult
|-supereffective|p2a: Dragapult
|-damage|p2a: Dragapult|0 fnt
|-unboost|p1a: Raging Bolt|spa|2
|faint|p2a: Dragapult
|
|win|lllongtoudishu
|raw|lllongtoudishu's rating: 1220 &rarr; <strong>1245</strong><br />(+25 for winning)
|raw|sgCURRY3's rating: 1226 &rarr; <strong>1201</strong><br />(-25 for losing)
|l|☆sgCURRY3
|player|p2|
