|j|☆A King Of The Ring
|j|☆elpets
|t:|1760361295
|gametype|singles
|player|p1|A King Of The Ring|rocketexecutive-gen2|1746
|player|p2|elpets|infielder|1769
|gen|9
|tier|[Gen 9] OU
|rated|
|rule|HP Percentage Mod: HP is shown in percentages
|rule|Endless Battle Clause: Forcing endless battles is banned
|rule|Species Clause: Limit one of each Pokémon
|rule|OHKO Clause: OHKO moves are banned
|rule|Evasion Items Clause: Evasion items are banned
|rule|Evasion Moves Clause: Evasion moves are banned
|rule|Evasion Abilities Clause: Evasion abilities are banned
|rule|Sleep Moves Clause: Sleep-inducing moves are banned
|clearpoke
|poke|p1|Kyurem|
|poke|p1|Ursaluna, M|
|poke|p1|Darkrai|
|poke|p1|Ninetales-Alola, M|
|poke|p1|Comfey, M|
|poke|p1|Iron Crown|
|poke|p2|Hatterene, F|
|poke|p2|Dragonite, F|
|poke|p2|Breloom, F|
|poke|p2|Azumarill, F|
|poke|p2|Great Tusk|
|poke|p2|Skeledirge, F|
|teampreview
|
|t:|1760361299
|teamsize|p1|6
|teamsize|p2|6
|start
|switch|p1a: Darkrai|Darkrai, shiny|100/100
|switch|p2a: Azumarill|Azumarill, F|100/100
|turn|1
|inactive|Battle timer is ON: inactive players will automatically lose when time's up. (requested by elpets)
|
|t:|1760361305
|move|p1a: Darkrai|Taunt|p2a: Azumarill
|-start|p2a: Azumarill|move: Taunt
|move|p2a: Azumarill|Liquidation|p1a: Darkrai
|-damage|p1a: Darkrai|24/100
|-unboost|p1a: Darkrai|def|1
|
|upkeep
|turn|2
|
|t:|1760361309
|move|p2a: Azumarill|Aqua Jet|p1a: Darkrai
|-damage|p1a: Darkrai|0 fnt
|faint|p1a: Darkrai
|
|upkeep
|
|t:|1760361312
|switch|p1a: Kyurem|Kyurem|100/100
|-ability|p1a: Kyurem|Pressure
|turn|3
|
|t:|1760361315
|move|p1a: Kyurem|Freeze-Dry|p2a: Azumarill
|-supereffective|p2a: Azumarill
|-damage|p2a: Azumarill|32/100
|move|p2a: Azumarill|Play Rough|p1a: Kyurem
|-supereffective|p1a: Kyurem
|-damage|p1a: Kyurem|16/100
|
|-end|p2a: Azumarill|move: Taunt
|upkeep
|turn|4
|
|t:|1760361321
|move|p2a: Azumarill|Aqua Jet|p1a: Kyurem
|-resisted|p1a: Kyurem
|-crit|p1a: Kyurem
|-damage|p1a: Kyurem|0 fnt
|faint|p1a: Kyurem
|
|upkeep
|
|t:|1760361326
|switch|p1a: Ninetales|Ninetales-Alola, M, shiny|100/100
|-weather|Snowscape|[from] ability: Snow Warning|[of] p1a: Ninetales
|turn|5
|
|t:|1760361331
|move|p1a: Ninetales|Freeze-Dry|p2a: Azumarill
|-supereffective|p2a: Azumarill
|-damage|p2a: Azumarill|5/100
|move|p2a: Azumarill|Knock Off|p1a: Ninetales
|-resisted|p1a: Ninetales
|-damage|p1a: Ninetales|85/100
|-enditem|p1a: Ninetales|Light Clay|[from] move: Knock Off|[of] p2a: Azumarill
|
|-weather|Snowscape|[upkeep]
|upkeep
|turn|6
|
|t:|1760361336
|move|p1a: Ninetales|Aurora Veil|p1a: Ninetales
|-sidestart|p1: A King Of The Ring|move: Aurora Veil
|move|p2a: Azumarill|Liquidation|p1a: Ninetales
|-damage|p1a: Ninetales|64/100
|
|-weather|Snowscape|[upkeep]
|upkeep
|turn|7
|
|t:|1760361340
|move|p2a: Azumarill|Aqua Jet|p1a: Ninetales
|-damage|p1a: Ninetales|55/100
|move|p1a: Ninetales|Freeze-Dry|p2a: Azumarill
|-supereffective|p2a: Azumarill
|-damage|p2a: Azumarill|0 fnt
|faint|p2a: Azumarill
|
|-weather|Snowscape|[upkeep]
|upkeep
|
|t:|1760361343
|switch|p2a: Skeledirge|Skeledirge, F|100/100
|turn|8
|
|t:|1760361346
|switch|p1a: Ursaluna|Ursaluna, M, shiny|100/100
|move|p2a: Skeledirge|Torch Song|p1a: Ursaluna
|-damage|p1a: Ursaluna|88/100
|-boost|p2a: Skeledirge|spa|1
|
|-weather|Snowscape|[upkeep]
|-status|p1a: Ursaluna|brn|[from] item: Flame Orb
|upkeep
|turn|9
|
|t:|1760361351
|switch|p2a: Hatterene|Hatterene, F|100/100
|move|p1a: Ursaluna|Bulk Up|p1a: Ursaluna
|-boost|p1a: Ursaluna|atk|1
|-boost|p1a: Ursaluna|def|1
|
|-weather|none
|-damage|p1a: Ursaluna|82/100 brn|[from] brn
|upkeep
|turn|10
|
|t:|1760361356
|move|p1a: Ursaluna|Facade|p2a: Hatterene
|-damage|p2a: Hatterene|0 fnt
|faint|p2a: Hatterene
|
|-damage|p1a: Ursaluna|75/100 brn|[from] brn
|-sideend|p1: A King Of The Ring|move: Aurora Veil
|upkeep
|
|t:|1760361358
|switch|p2a: Ippo|Breloom, F|100/100
|turn|11
|
|t:|1760361363
|move|p2a: Ippo|Bullet Seed|p1a: Ursaluna
|-supereffective|p1a: Ursaluna
|-damage|p1a: Ursaluna|54/100 brn
|-supereffective|p1a: Ursaluna
|-damage|p1a: Ursaluna|32/100 brn
|-hitcount|p1a: Ursaluna|2
|move|p1a: Ursaluna|Facade|p2a: Ippo
|-enditem|p2a: Ippo|Focus Sash
|-damage|p2a: Ippo|1/100
|
|-damage|p1a: Ursaluna|26/100 brn|[from] brn
|upkeep
|turn|12
|
|t:|1760361372
|move|p2a: Ippo|Bullet Seed|p1a: Ursaluna
|-supereffective|p1a: Ursaluna
|-damage|p1a: Ursaluna|2/100 brn
|-supereffective|p1a: Ursaluna
|-damage|p1a: Ursaluna|0 fnt
|faint|p1a: Ursaluna
|-hitcount|p1: Ursaluna|2
|
|upkeep
|
|t:|1760361391
|switch|p1a: Comfey|Comfey, M, shiny|100/100
|turn|13
|
|t:|1760361394
|move|p1a: Comfey|Draining Kiss|p2a: Ippo
|-supereffective|p2a: Ippo
|-damage|p2a: Ippo|0 fnt
|faint|p2a: Ippo
|
|upkeep
|
|t:|1760361396
|switch|p2a: Skeledirge|Skeledirge, F|100/100
|turn|14
|
|t:|1760361400
|-terastallize|p1a: Comfey|Ground
|move|p1a: Comfey|Tera Blast|p2a: Skeledirge|[anim] Tera Blast Ground
|-supereffective|p2a: Skeledirge
|-damage|p2a: Skeledirge|36/100
|move|p2a: Skeledirge|Torch Song|p1a: Comfey
|-damage|p1a: Comfey|63/100
|-boost|p2a: Skeledirge|spa|1
|
|upkeep
|turn|15
|
|t:|1760361406
|-terastallize|p2a: Skeledirge|Water
|move|p1a: Comfey|Tera Blast|p2a: Skeledirge|[anim] Tera Blast Ground
|-damage|p2a: Skeledirge|0 fnt
|faint|p2a: Skeledirge
|
|upkeep
|
|t:|1760361413
|switch|p2a: Dragonite|Dragonite, F|100/100
|turn|16
|
|t:|1760361417
|move|p1a: Comfey|Draining Kiss|p2a: Dragonite
|-supereffective|p2a: Dragonite
|-crit|p2a: Dragonite
|-damage|p2a: Dragonite|69/100
|-heal|p1a: Comfey|93/100|[from] drain|[of] p2a: Dragonite
|move|p2a: Dragonite|Dragon Dance|p2a: Dragonite
|-boost|p2a: Dragonite|atk|1
|-boost|p2a: Dragonite|spe|1
|
|upkeep
|turn|17
|
|t:|1760361424
|move|p1a: Comfey|Draining Kiss|p2a: Dragonite
|-supereffective|p2a: Dragonite
|-damage|p2a: Dragonite|20/100
|-heal|p1a: Comfey|100/100|[from] drain|[of] p2a: Dragonite
|move|p2a: Dragonite|Dragon Dance|p2a: Dragonite
|-boost|p2a: Dragonite|atk|1
|-boost|p2a: Dragonite|spe|1
|
|upkeep
|turn|18
|
|t:|1760361431
|move|p1a: Comfey|Draining Kiss|p2a: Dragonite
|-supereffective|p2a: Dragonite
|-damage|p2a: Dragonite|0 fnt
|faint|p2a: Dragonite
|
|upkeep
|-message|elpets forfeited.
|
|win|A King Of The Ring
|raw|A King Of The Ring's rating: 1746 &rarr; <strong>1767</strong><br />(+21 for winning)
|raw|elpets's rating: 1769 &rarr; <strong>1748</strong><br />(-21 for losing)
|l|☆elpets
|player|p2|
|l|☆A King Of The Ring
|player|p1|
