|j|☆Danye East
|j|☆Kanehusky13
|t:|1760448063
|gametype|singles
|player|p1|Danye East|1|1616
|player|p2|Kanehusky13|170|1544
|gen|9
|tier|[Gen 9] OU
|rated|
|rule|HP Percentage Mod: HP is shown in percentages
|rule|Endless Battle Clause: Forcing endless battles is banned
|rule|Species Clause: Limit one of each Pokémon
|rule|OHKO Clause: OHKO moves are banned
|rule|Evasion Items Clause: Evasion items are banned
|rule|Evasion Moves Clause: Evasion moves are banned
|rule|Evasion Abilities Clause: Evasion abilities are banned
|rule|Sleep Moves Clause: Sleep-inducing moves are banned
|clearpoke
|poke|p1|Zamazenta-*|
|poke|p1|Great Tusk|
|poke|p1|Ogerpon-Wellspring, F|
|poke|p1|Dragalge, F|
|poke|p1|Kingambit, F|
|poke|p1|Heatran, F|
|poke|p2|Dragapult, M|
|poke|p2|Glimmora, M|
|poke|p2|Comfey, M|
|poke|p2|Kingambit, M|
|poke|p2|Ogerpon-Wellspring, F|
|poke|p2|Blaziken, M|
|teampreview
|
|t:|1760448088
|teamsize|p1|6
|teamsize|p2|6
|start
|switch|p1a: Atlas|Great Tusk, shiny|100/100
|switch|p2a: Blaziken|Blaziken, M, shiny|100/100
|turn|1
|
|t:|1760448094
|move|p2a: Blaziken|Flare Blitz|p1a: Atlas
|-damage|p1a: Atlas|49/100
|-damage|p2a: Blaziken|76/100|[from] Recoil
|-damage|p2a: Blaziken|66/100|[from] item: Life Orb
|move|p1a: Atlas|Rapid Spin|p2a: Blaziken
|-damage|p2a: Blaziken|36/100
|-boost|p1a: Atlas|spe|1
|
|-ability|p2a: Blaziken|Speed Boost|boost
|-boost|p2a: Blaziken|spe|1
|upkeep
|turn|2
|
|t:|1760448107
|move|p2a: Blaziken|Flare Blitz|p1a: Atlas
|-damage|p1a: Atlas|0 fnt
|faint|p1a: Atlas
|-end|p1a: Atlas|Protosynthesis|[silent]
|-damage|p2a: Blaziken|13/100|[from] Recoil
|-damage|p2a: Blaziken|3/100|[from] item: Life Orb
|
|-ability|p2a: Blaziken|Speed Boost|boost
|-boost|p2a: Blaziken|spe|1
|upkeep
|
|t:|1760448116
|switch|p1a: Ornate|Heatran, F, shiny|100/100
|-item|p1a: Ornate|Air Balloon
|turn|3
|
|t:|1760448123
|switch|p1a: Greater Dog|Zamazenta|100/100
|-ability|p1a: Greater Dog|Dauntless Shield|boost
|-boost|p1a: Greater Dog|def|1
|move|p2a: Blaziken|Brick Break|p1a: Greater Dog
|-damage|p1a: Greater Dog|75/100
|-damage|p2a: Blaziken|0 fnt|[from] item: Life Orb
|faint|p2a: Blaziken
|
|-heal|p1a: Greater Dog|82/100|[from] item: Leftovers
|upkeep
|
|t:|1760448127
|switch|p2a: Glimmora|Glimmora, M, shiny|100/100
|turn|4
|
|t:|1760448138
|-terastallize|p2a: Glimmora|Ghost
|move|p1a: Greater Dog|Substitute|p1a: Greater Dog
|-start|p1a: Greater Dog|Substitute
|-damage|p1a: Greater Dog|57/100
|move|p2a: Glimmora|Stealth Rock|p1a: Greater Dog
|-sidestart|p1: Danye East|move: Stealth Rock
|
|-heal|p1a: Greater Dog|63/100|[from] item: Leftovers
|upkeep
|turn|5
|
|t:|1760448146
|move|p1a: Greater Dog|Crunch|p2a: Glimmora
|-supereffective|p2a: Glimmora
|-damage|p2a: Glimmora|70/100
|-activate|p2a: Glimmora|ability: Toxic Debris
|-sidestart|p1: Danye East|move: Toxic Spikes
|-enditem|p2a: Glimmora|Red Card|[of] p1a: Greater Dog
|drag|p1a: Ornate|Heatran, F, shiny|100/100
|-damage|p1a: Ornate|88/100|[from] Stealth Rock
|-item|p1a: Ornate|Air Balloon
|move|p2a: Glimmora|Earth Power|p1a: Ornate
|-immune|p1a: Ornate
|
|upkeep
|turn|6
|
|t:|1760448161
|move|p2a: Glimmora|Power Gem|p1a: Ornate
|-damage|p1a: Ornate|58/100
|-enditem|p1a: Ornate|Air Balloon
|move|p1a: Ornate|Magma Storm|p2a: Glimmora
|-damage|p2a: Glimmora|9/100
|-activate|p2a: Glimmora|move: Magma Storm|[of] p1a: Ornate
|
|-damage|p2a: Glimmora|0 fnt|[from] move: Magma Storm|[partiallytrapped]
|faint|p2a: Glimmora
|upkeep
|
|t:|1760448169
|switch|p2a: Ogerpon|Ogerpon-Wellspring, F|100/100
|turn|7
|
|t:|1760448173
|switch|p1a: Yamato|Ogerpon-Wellspring, F|100/100
|-damage|p1a: Yamato|88/100|[from] Stealth Rock
|-status|p1a: Yamato|psn
|move|p2a: Ogerpon|Spikes|p1a: Yamato
|-sidestart|p1: Danye East|Spikes
|
|-damage|p1a: Yamato|76/100 psn|[from] psn
|upkeep
|turn|8
|
|t:|1760448179
|move|p2a: Ogerpon|U-turn|p1a: Yamato
|-supereffective|p1a: Yamato
|-damage|p1a: Yamato|8/100 psn
|
|t:|1760448184
|switch|p2a: Dragapult|Dragapult, M, shiny|100/100|[from] U-turn
|move|p1a: Yamato|Power Whip|p2a: Dragapult|[miss]
|-miss|p1a: Yamato|p2a: Dragapult
|
|-damage|p1a: Yamato|0 fnt|[from] psn
|faint|p1a: Yamato
|upkeep
|
|t:|1760448193
|switch|p1a: Leviathan|Dragalge, F, shiny|100/100
|-damage|p1a: Leviathan|88/100|[from] Stealth Rock
|-sideend|p1: Danye East|move: Toxic Spikes|[of] p1a: Leviathan
|-damage|p1a: Leviathan|76/100|[from] Spikes
|turn|9
|
|t:|1760448200
|switch|p2a: Ogerpon|Ogerpon-Wellspring, F|100/100
|-terastallize|p1a: Leviathan|Fairy
|move|p1a: Leviathan|Draco Meteor|p2a: Ogerpon
|-damage|p2a: Ogerpon|0 fnt
|-unboost|p1a: Leviathan|spa|2
|faint|p2a: Ogerpon
|
|upkeep
|
|t:|1760448211
|switch|p2a: Kingambit|Kingambit, M, shiny|100/100
|-activate|p2a: Kingambit|ability: Supreme Overlord
|-start|p2a: Kingambit|fallen3|[silent]
|turn|10
|
|t:|1760448219
|switch|p1a: Ornate|Heatran, F, shiny|58/100
|-damage|p1a: Ornate|46/100|[from] Stealth Rock
|-damage|p1a: Ornate|33/100|[from] Spikes
|move|p2a: Kingambit|Kowtow Cleave|p1a: Ornate
|-damage|p1a: Ornate|0 fnt
|faint|p1a: Ornate
|
|upkeep
|
|t:|1760448222
|switch|p1a: Greater Dog|Zamazenta|63/100
|-damage|p1a: Greater Dog|57/100|[from] Stealth Rock
|-damage|p1a: Greater Dog|44/100|[from] Spikes
|turn|11
|
|t:|1760448226
|switch|p1a: Leviathan|Dragalge, F, shiny, tera:Fairy|76/100
|-damage|p1a: Leviathan|64/100|[from] Stealth Rock
|-damage|p1a: Leviathan|51/100|[from] Spikes
|-end|p2a: Kingambit|fallen3|[silent]
|switch|p2a: Comfey|Comfey, M, shiny|100/100
|
|upkeep
|turn|12
|
|t:|1760448231
|move|p2a: Comfey|Substitute|p2a: Comfey
|-start|p2a: Comfey|Substitute
|-damage|p2a: Comfey|76/100
|move|p1a: Leviathan|Flip Turn|p2a: Comfey
|-activate|p2a: Comfey|move: Substitute|[damage]
|
|t:|1760448238
|switch|p1a: Whitebeard|Kingambit, F, shiny|100/100|[from] Flip Turn
|-damage|p1a: Whitebeard|94/100|[from] Stealth Rock
|-damage|p1a: Whitebeard|82/100|[from] Spikes
|-activate|p1a: Whitebeard|ability: Supreme Overlord
|-start|p1a: Whitebeard|fallen3|[silent]
|
|upkeep
|turn|13
|
|t:|1760448245
|move|p2a: Comfey|Draining Kiss|p1a: Whitebeard
|-damage|p1a: Whitebeard|56/100
|-heal|p2a: Comfey|100/100|[from] drain|[of] p1a: Whitebeard
|-damage|p2a: Comfey|91/100|[from] item: Life Orb
|move|p1a: Whitebeard|Swords Dance|p1a: Whitebeard
|-boost|p1a: Whitebeard|atk|2
|
|upkeep
|turn|14
|
|t:|1760448250
|move|p2a: Comfey|Draining Kiss|p1a: Whitebeard
|-damage|p1a: Whitebeard|31/100
|-heal|p2a: Comfey|100/100|[from] drain|[of] p1a: Whitebeard
|-damage|p2a: Comfey|91/100|[from] item: Life Orb
|move|p1a: Whitebeard|Kowtow Cleave|p2a: Comfey
|-resisted|p2a: Comfey
|-end|p2a: Comfey|Substitute
|
|upkeep
|turn|15
|
|t:|1760448256
|move|p2a: Comfey|Substitute|p2a: Comfey
|-start|p2a: Comfey|Substitute
|-damage|p2a: Comfey|66/100
|move|p1a: Whitebeard|Kowtow Cleave|p2a: Comfey
|-resisted|p2a: Comfey
|-end|p2a: Comfey|Substitute
|
|upkeep
|turn|16
|
|t:|1760448266
|switch|p2a: Kingambit|Kingambit, M, shiny|100/100
|-activate|p2a: Kingambit|ability: Supreme Overlord
|-start|p2a: Kingambit|fallen3|[silent]
|move|p1a: Whitebeard|Kowtow Cleave|p2a: Kingambit
|-resisted|p2a: Kingambit
|-damage|p2a: Kingambit|56/100
|
|-heal|p2a: Kingambit|62/100|[from] item: Leftovers
|upkeep
|turn|17
|
|t:|1760448268
|move|p2a: Kingambit|Swords Dance|p2a: Kingambit
|-boost|p2a: Kingambit|atk|2
|move|p1a: Whitebeard|Low Kick|p2a: Kingambit
|-supereffective|p2a: Kingambit
|-damage|p2a: Kingambit|0 fnt
|faint|p2a: Kingambit
|-end|p2a: Kingambit|fallen3|[silent]
|
|upkeep
|
|t:|1760448272
|switch|p2a: Dragapult|Dragapult, M, shiny|100/100
|turn|18
|
|t:|1760448275
|move|p2a: Dragapult|Flamethrower|p1a: Whitebeard
|-supereffective|p1a: Whitebeard
|-damage|p1a: Whitebeard|0 fnt
|faint|p1a: Whitebeard
|-end|p1a: Whitebeard|fallen3|[silent]
|-damage|p2a: Dragapult|91/100|[from] item: Life Orb
|
|upkeep
|
|t:|1760448284
|switch|p1a: Leviathan|Dragalge, F, shiny, tera:Fairy|51/100
|-damage|p1a: Leviathan|39/100|[from] Stealth Rock
|-damage|p1a: Leviathan|27/100|[from] Spikes
|turn|19
|
|t:|1760448291
|move|p2a: Dragapult|Shadow Ball|p1a: Leviathan
|-damage|p1a: Leviathan|0 fnt
|faint|p1a: Leviathan
|-damage|p2a: Dragapult|81/100|[from] item: Life Orb
|
|upkeep
|inactive|Battle timer is ON: inactive players will automatically lose when time's up. (requested by Kanehusky13)
|-message|Danye East forfeited.
|
|win|Kanehusky13
|raw|Danye East's rating: 1616 &rarr; <strong>1592</strong><br />(-24 for losing)
|raw|Kanehusky13's rating: 1544 &rarr; <strong>1568</strong><br />(+24 for winning)
|l|☆Danye East
|player|p1|
|l|☆Kanehusky13
|player|p2|
