|j|☆horses aren't real
|j|☆PrimeXStriker
|t:|1760374049
|gametype|singles
|player|p1|horses aren't real|skullgruntf|1603
|player|p2|PrimeXStriker|marshal|1623
|gen|9
|tier|[Gen 9] OU
|rated|
|rule|HP Percentage Mod: HP is shown in percentages
|rule|Endless Battle Clause: Forcing endless battles is banned
|rule|Species Clause: Limit one of each Pokémon
|rule|OHKO Clause: OHKO moves are banned
|rule|Evasion Items Clause: Evasion items are banned
|rule|Evasion Moves Clause: Evasion moves are banned
|rule|Evasion Abilities Clause: Evasion abilities are banned
|rule|Sleep Moves Clause: Sleep-inducing moves are banned
|clearpoke
|poke|p1|Ting-Lu|
|poke|p1|Rillaboom, M|
|poke|p1|Great Tusk|
|poke|p1|Gholdengo|
|poke|p1|Darkrai|
|poke|p1|Tornadus-Therian, M|
|poke|p2|Zapdos-Galar|
|poke|p2|Iron Jugulis|
|poke|p2|Primarina, F|
|poke|p2|Cinderace, M|
|poke|p2|Tyranitar, F|
|poke|p2|Great Tusk|
|teampreview
|inactive|Battle timer is ON: inactive players will automatically lose when time's up. (requested by horses aren't real)
|j| silico
|inactive|PrimeXStriker has 120 seconds left.
|inactive|PrimeXStriker has 90 seconds left.
|
|t:|1760374126
|teamsize|p1|6
|teamsize|p2|6
|start
|switch|p1a: Tornadus|Tornadus-Therian, M|100/100
|switch|p2a: Iron Jugulis|Iron Jugulis|100/100
|turn|1
|
|t:|1760374138
|-end|p2a: Iron Jugulis|Quark Drive|[silent]
|switch|p2a: Tyranitar|Tyranitar, F|100/100
|-weather|Sandstorm|[from] ability: Sand Stream|[of] p2a: Tyranitar
|move|p1a: Tornadus|Knock Off|p2a: Tyranitar
|-resisted|p2a: Tyranitar
|-damage|p2a: Tyranitar|93/100
|-enditem|p2a: Tyranitar|Leftovers|[from] move: Knock Off|[of] p1a: Tornadus
|
|-weather|Sandstorm|[upkeep]
|-damage|p1a: Tornadus|94/100|[from] Sandstorm
|upkeep
|turn|2
|
|t:|1760374148
|switch|p2a: Great Tusk|Great Tusk|100/100
|move|p1a: Tornadus|U-turn|p2a: Great Tusk
|-resisted|p2a: Great Tusk
|-damage|p2a: Great Tusk|97/100
|-damage|p1a: Tornadus|78/100|[from] item: Rocky Helmet|[of] p2a: Great Tusk
|
|t:|1760374166
|switch|p1a: Gholdengo|Gholdengo|100/100|[from] U-turn
|
|-weather|Sandstorm|[upkeep]
|upkeep
|turn|3
|
|t:|1760374172
|switch|p1a: Tornadus|Tornadus-Therian, M|100/100
|move|p2a: Great Tusk|Earthquake|p1a: Tornadus
|-immune|p1a: Tornadus
|
|-weather|Sandstorm|[upkeep]
|-damage|p1a: Tornadus|94/100|[from] Sandstorm
|upkeep
|turn|4
|
|t:|1760374182
|-end|p2a: Great Tusk|Protosynthesis|[silent]
|switch|p2a: Tyranitar|Tyranitar, F|93/100
|move|p1a: Tornadus|U-turn|p2a: Tyranitar
|-supereffective|p2a: Tyranitar
|-damage|p2a: Tyranitar|72/100
|
|t:|1760374186
|switch|p1a: Great Tusk|Great Tusk|100/100|[from] U-turn
|
|-weather|Sandstorm|[upkeep]
|upkeep
|turn|5
|
|t:|1760374190
|switch|p2a: Great Tusk|Great Tusk|97/100
|move|p1a: Great Tusk|Stealth Rock|p2a: Great Tusk
|-sidestart|p2: PrimeXStriker|move: Stealth Rock
|
|-weather|none
|upkeep
|turn|6
|
|t:|1760374196
|move|p1a: Great Tusk|Ice Spinner|p2a: Great Tusk
|-supereffective|p2a: Great Tusk
|-damage|p2a: Great Tusk|75/100
|-damage|p1a: Great Tusk|84/100|[from] item: Rocky Helmet|[of] p2a: Great Tusk
|move|p2a: Great Tusk|Stealth Rock|p1a: Great Tusk
|-sidestart|p1: horses aren't real|move: Stealth Rock
|
|upkeep
|turn|7
|
|t:|1760374204
|move|p1a: Great Tusk|Rapid Spin|p2a: Great Tusk
|-damage|p2a: Great Tusk|68/100
|-boost|p1a: Great Tusk|spe|1
|-damage|p1a: Great Tusk|67/100|[from] item: Rocky Helmet|[of] p2a: Great Tusk
|-sideend|p1: horses aren't real|Stealth Rock|[from] move: Rapid Spin|[of] p1a: Great Tusk
|move|p2a: Great Tusk|Earthquake|p1a: Great Tusk
|-damage|p1a: Great Tusk|40/100
|
|upkeep
|turn|8
|
|t:|1760374210
|-end|p1a: Great Tusk|Protosynthesis|[silent]
|switch|p1a: Gholdengo|Gholdengo|100/100
|move|p2a: Great Tusk|Stealth Rock|p1a: Gholdengo
|-sidestart|p1: horses aren't real|move: Stealth Rock
|
|upkeep
|turn|9
|
|t:|1760374215
|move|p2a: Great Tusk|Earthquake|p1a: Gholdengo
|-supereffective|p1a: Gholdengo
|-enditem|p1a: Gholdengo|Shuca Berry|[eat]
|-enditem|p1a: Gholdengo|Shuca Berry|[weaken]
|-damage|p1a: Gholdengo|70/100
|move|p1a: Gholdengo|Shadow Ball|p2a: Great Tusk
|-damage|p2a: Great Tusk|24/100
|
|upkeep
|turn|10
|
|t:|1760374222
|move|p2a: Great Tusk|Ice Spinner|p1a: Gholdengo
|-resisted|p1a: Gholdengo
|-damage|p1a: Gholdengo|63/100
|move|p1a: Gholdengo|Shadow Ball|p2a: Great Tusk
|-damage|p2a: Great Tusk|0 fnt
|faint|p2a: Great Tusk
|-end|p2a: Great Tusk|Protosynthesis|[silent]
|
|upkeep
|
|t:|1760374232
|switch|p2a: Zapdos|Zapdos-Galar|100/100
|-damage|p2a: Zapdos|88/100|[from] Stealth Rock
|turn|11
|
|t:|1760374235
|move|p2a: Zapdos|Knock Off|p1a: Gholdengo
|-supereffective|p1a: Gholdengo
|-damage|p1a: Gholdengo|17/100
|move|p1a: Gholdengo|Recover|p1a: Gholdengo
|-heal|p1a: Gholdengo|67/100
|
|upkeep
|turn|12
|
|t:|1760374242
|move|p2a: Zapdos|Knock Off|p1a: Gholdengo
|-supereffective|p1a: Gholdengo
|-damage|p1a: Gholdengo|25/100
|move|p1a: Gholdengo|Recover|p1a: Gholdengo
|-heal|p1a: Gholdengo|75/100
|
|upkeep
|turn|13
|
|t:|1760374247
|-terastallize|p1a: Gholdengo|Fairy
|move|p2a: Zapdos|Knock Off|p1a: Gholdengo
|-resisted|p1a: Gholdengo
|-damage|p1a: Gholdengo|64/100
|move|p1a: Gholdengo|Make It Rain|p2a: Zapdos
|-damage|p2a: Zapdos|25/100
|-unboost|p1a: Gholdengo|spa|1
|
|upkeep
|turn|14
|
|t:|1760374254
|switch|p2a: Cinderace|Cinderace, M|100/100
|move|p1a: Gholdengo|Recover|p1a: Gholdengo
|-heal|p1a: Gholdengo|100/100
|
|upkeep
|turn|15
|
|t:|1760374259
|move|p2a: Cinderace|Pyro Ball|p1a: Gholdengo
|-damage|p1a: Gholdengo|63/100
|move|p1a: Gholdengo|Nasty Plot|p1a: Gholdengo
|-boost|p1a: Gholdengo|spa|2
|
|upkeep
|turn|16
|
|t:|1760374265
|move|p2a: Cinderace|Pyro Ball|p1a: Gholdengo
|-damage|p1a: Gholdengo|25/100
|move|p1a: Gholdengo|Recover|p1a: Gholdengo
|-heal|p1a: Gholdengo|75/100
|
|upkeep
|turn|17
|
|t:|1760374270
|move|p2a: Cinderace|Pyro Ball|p1a: Gholdengo
|-damage|p1a: Gholdengo|38/100
|move|p1a: Gholdengo|Recover|p1a: Gholdengo
|-heal|p1a: Gholdengo|88/100
|
|upkeep
|turn|18
|
|t:|1760374276
|move|p2a: Cinderace|Pyro Ball|p1a: Gholdengo
|-damage|p1a: Gholdengo|48/100
|move|p1a: Gholdengo|Shadow Ball|p2a: Cinderace
|-damage|p2a: Cinderace|22/100
|
|upkeep
|turn|19
|
|t:|1760374280
|move|p2a: Cinderace|Pyro Ball|p1a: Gholdengo
|-damage|p1a: Gholdengo|7/100
|move|p1a: Gholdengo|Shadow Ball|p2a: Cinderace
|-damage|p2a: Cinderace|0 fnt
|faint|p2a: Cinderace
|
|upkeep
|
|t:|1760374288
|switch|p2a: Iron Jugulis|Iron Jugulis|100/100
|-damage|p2a: Iron Jugulis|76/100|[from] Stealth Rock
|turn|20
|
|t:|1760374294
|move|p2a: Iron Jugulis|Air Slash|p1a: Gholdengo
|-damage|p1a: Gholdengo|0 fnt
|faint|p1a: Gholdengo
|
|upkeep
|
|t:|1760374297
|switch|p1a: Ting-Lu|Ting-Lu|100/100
|-damage|p1a: Ting-Lu|94/100|[from] Stealth Rock
|-ability|p1a: Ting-Lu|Vessel of Ruin
|turn|21
|
|t:|1760374301
|-end|p2a: Iron Jugulis|Quark Drive|[silent]
|switch|p2a: Zapdos|Zapdos-Galar|25/100
|-damage|p2a: Zapdos|13/100|[from] Stealth Rock
|move|p1a: Ting-Lu|Payback|p2a: Zapdos
|-resisted|p2a: Zapdos
|-damage|p2a: Zapdos|3/100
|
|-heal|p1a: Ting-Lu|100/100|[from] item: Leftovers
|upkeep
|turn|22
|
|t:|1760374309
|switch|p1a: Tornadus|Tornadus-Therian, M|100/100
|-damage|p1a: Tornadus|76/100|[from] Stealth Rock
|move|p2a: Zapdos|Close Combat|p1a: Tornadus
|-resisted|p1a: Tornadus
|-damage|p1a: Tornadus|23/100
|-unboost|p2a: Zapdos|def|1
|-unboost|p2a: Zapdos|spd|1
|
|upkeep
|turn|23
|
|t:|1760374335
|switch|p2a: Primarina|Primarina, F|100/100
|-damage|p2a: Primarina|88/100|[from] Stealth Rock
|move|p1a: Tornadus|U-turn|p2a: Primarina
|-resisted|p2a: Primarina
|-damage|p2a: Primarina|82/100
|
|t:|1760374344
|switch|p1a: Rillaboom|Rillaboom, M|100/100|[from] U-turn
|-damage|p1a: Rillaboom|88/100|[from] Stealth Rock
|-fieldstart|move: Grassy Terrain|[from] ability: Grassy Surge|[of] p1a: Rillaboom
|
|-heal|p1a: Rillaboom|94/100|[from] Grassy Terrain
|-heal|p2a: Primarina|88/100|[from] Grassy Terrain
|-heal|p2a: Primarina|94/100|[from] item: Leftovers
|upkeep
|turn|24
|
|t:|1760374351
|switch|p2a: Zapdos|Zapdos-Galar|3/100
|-damage|p2a: Zapdos|0 fnt|[from] Stealth Rock
|faint|p2a: Zapdos
|move|p1a: Rillaboom|Grassy Glide|p2: Zapdos|[notarget]
|-fail|p1a: Rillaboom
|
|-heal|p1a: Rillaboom|99/100|[from] Grassy Terrain
|upkeep
|
|t:|1760374360
|switch|p2a: Iron Jugulis|Iron Jugulis|76/100
|-damage|p2a: Iron Jugulis|51/100|[from] Stealth Rock
|turn|25
|
|t:|1760374365
|switch|p1a: Ting-Lu|Ting-Lu|100/100
|-damage|p1a: Ting-Lu|94/100|[from] Stealth Rock
|-ability|p1a: Ting-Lu|Vessel of Ruin
|move|p2a: Iron Jugulis|U-turn|p1a: Ting-Lu
|-supereffective|p1a: Ting-Lu
|-damage|p1a: Ting-Lu|81/100
|
|t:|1760374368
|-end|p2a: Iron Jugulis|Quark Drive|[silent]
|switch|p2a: Primarina|Primarina, F|94/100|[from] U-turn
|-damage|p2a: Primarina|82/100|[from] Stealth Rock
|
|-heal|p2a: Primarina|88/100|[from] Grassy Terrain
|-heal|p2a: Primarina|94/100|[from] item: Leftovers
|-heal|p1a: Ting-Lu|88/100|[from] Grassy Terrain
|-heal|p1a: Ting-Lu|94/100|[from] item: Leftovers
|upkeep
|turn|26
|
|t:|1760374378
|switch|p1a: Rillaboom|Rillaboom, M|99/100
|-damage|p1a: Rillaboom|88/100|[from] Stealth Rock
|move|p2a: Primarina|Substitute|p2a: Primarina
|-start|p2a: Primarina|Substitute
|-damage|p2a: Primarina|69/100
|
|-heal|p1a: Rillaboom|94/100|[from] Grassy Terrain
|-heal|p2a: Primarina|75/100|[from] Grassy Terrain
|-heal|p2a: Primarina|81/100|[from] item: Leftovers
|upkeep
|turn|27
|
|t:|1760374385
|move|p1a: Rillaboom|Grassy Glide|p2a: Primarina
|-supereffective|p2a: Primarina
|-end|p2a: Primarina|Substitute
|move|p2a: Primarina|Draining Kiss|p1a: Rillaboom
|-damage|p1a: Rillaboom|70/100
|-heal|p2a: Primarina|99/100|[from] drain|[of] p1a: Rillaboom
|
|-heal|p1a: Rillaboom|76/100|[from] Grassy Terrain
|-heal|p2a: Primarina|100/100|[from] Grassy Terrain
|upkeep
|turn|28
|
|t:|1760374398
|switch|p2a: Iron Jugulis|Iron Jugulis|51/100
|-damage|p2a: Iron Jugulis|26/100|[from] Stealth Rock
|move|p1a: Rillaboom|Grassy Glide|p2a: Iron Jugulis
|-resisted|p2a: Iron Jugulis
|-damage|p2a: Iron Jugulis|4/100
|
|-heal|p1a: Rillaboom|82/100|[from] Grassy Terrain
|upkeep
|turn|29
|
|t:|1760374402
|move|p1a: Rillaboom|Grassy Glide|p2a: Iron Jugulis
|-resisted|p2a: Iron Jugulis
|-damage|p2a: Iron Jugulis|0 fnt
|faint|p2a: Iron Jugulis
|-end|p2a: Iron Jugulis|Quark Drive|[silent]
|
|-heal|p1a: Rillaboom|88/100|[from] Grassy Terrain
|upkeep
|
|t:|1760374403
|switch|p2a: Tyranitar|Tyranitar, F|72/100
|-damage|p2a: Tyranitar|59/100|[from] Stealth Rock
|-weather|Sandstorm|[from] ability: Sand Stream|[of] p2a: Tyranitar
|turn|30
|
|t:|1760374407
|-terastallize|p2a: Tyranitar|Flying
|move|p1a: Rillaboom|Low Kick|p2a: Tyranitar
|-resisted|p2a: Tyranitar
|-damage|p2a: Tyranitar|41/100
|move|p2a: Tyranitar|Ice Beam|p1a: Rillaboom
|-supereffective|p1a: Rillaboom
|-damage|p1a: Rillaboom|41/100
|
|-weather|Sandstorm|[upkeep]
|-damage|p1a: Rillaboom|35/100|[from] Sandstorm
|-damage|p2a: Tyranitar|35/100|[from] Sandstorm
|-heal|p1a: Rillaboom|41/100|[from] Grassy Terrain
|-fieldend|move: Grassy Terrain
|upkeep
|turn|31
|
|t:|1760374412
|move|p1a: Rillaboom|U-turn|p2a: Tyranitar
|-resisted|p2a: Tyranitar
|-damage|p2a: Tyranitar|26/100
|
|t:|1760374415
|switch|p1a: Darkrai|Darkrai|100/100|[from] U-turn
|-damage|p1a: Darkrai|88/100|[from] Stealth Rock
|move|p2a: Tyranitar|Ice Beam|p1a: Darkrai
|-damage|p1a: Darkrai|60/100
|
|-weather|Sandstorm|[upkeep]
|-damage|p1a: Darkrai|54/100|[from] Sandstorm
|-damage|p2a: Tyranitar|20/100|[from] Sandstorm
|upkeep
|turn|32
|
|t:|1760374418
|move|p1a: Darkrai|Ice Beam|p2a: Tyranitar
|-supereffective|p2a: Tyranitar
|-damage|p2a: Tyranitar|0 fnt
|faint|p2a: Tyranitar
|
|-weather|Sandstorm|[upkeep]
|-damage|p1a: Darkrai|48/100|[from] Sandstorm
|upkeep
|
|t:|1760374420
|switch|p2a: Primarina|Primarina, F|100/100
|-damage|p2a: Primarina|88/100|[from] Stealth Rock
|turn|33
|
|t:|1760374421
|move|p1a: Darkrai|Sludge Bomb|p2a: Primarina
|-supereffective|p2a: Primarina
|-damage|p2a: Primarina|39/100
|-status|p2a: Primarina|psn
|move|p2a: Primarina|Substitute|p2a: Primarina
|-start|p2a: Primarina|Substitute
|-damage|p2a: Primarina|14/100 psn
|
|-weather|Sandstorm|[upkeep]
|-damage|p1a: Darkrai|42/100|[from] Sandstorm
|-damage|p2a: Primarina|8/100 psn|[from] Sandstorm
|-heal|p2a: Primarina|14/100 psn|[from] item: Leftovers
|-damage|p2a: Primarina|2/100 psn|[from] psn
|upkeep
|turn|34
|
|t:|1760374425
|switch|p1a: Great Tusk|Great Tusk|40/100
|-damage|p1a: Great Tusk|37/100|[from] Stealth Rock
|move|p2a: Primarina|Draining Kiss|p1a: Great Tusk
|-supereffective|p1a: Great Tusk
|-damage|p1a: Great Tusk|0 fnt
|-heal|p2a: Primarina|34/100 psn|[from] drain|[of] p1a: Great Tusk
|-damage|p2a: Primarina|18/100 psn|[from] item: Rocky Helmet|[of] p1a: Great Tusk
|faint|p1a: Great Tusk
|-end|p1a: Great Tusk|Protosynthesis|[silent]
|
|-weather|none
|-heal|p2a: Primarina|24/100 psn|[from] item: Leftovers
|-damage|p2a: Primarina|11/100 psn|[from] psn
|upkeep
|
|t:|1760374429
|switch|p1a: Tornadus|Tornadus-Therian, M|56/100
|-damage|p1a: Tornadus|31/100|[from] Stealth Rock
|turn|35
|
|t:|1760374431
|move|p1a: Tornadus|Bleakwind Storm|p2a: Primarina
|-end|p2a: Primarina|Substitute
|move|p2a: Primarina|Draining Kiss|p1a: Tornadus
|-damage|p1a: Tornadus|16/100
|-heal|p2a: Primarina|23/100 psn|[from] drain|[of] p1a: Tornadus
|
|-heal|p2a: Primarina|29/100 psn|[from] item: Leftovers
|-damage|p2a: Primarina|16/100 psn|[from] psn
|upkeep
|turn|36
|
|t:|1760374433
|move|p1a: Tornadus|Bleakwind Storm|p2a: Primarina|[miss]
|-miss|p1a: Tornadus|p2a: Primarina
|move|p2a: Primarina|Draining Kiss|p1a: Tornadus
|-damage|p1a: Tornadus|1/100
|-heal|p2a: Primarina|28/100 psn|[from] drain|[of] p1a: Tornadus
|
|-heal|p2a: Primarina|34/100 psn|[from] item: Leftovers
|-damage|p2a: Primarina|21/100 psn|[from] psn
|upkeep
|turn|37
|
|t:|1760374435
|move|p1a: Tornadus|Bleakwind Storm|p2a: Primarina
|-damage|p2a: Primarina|0 fnt
|faint|p2a: Primarina
|
|win|horses aren't real
|raw|horses aren&apos;t real's rating: 1603 &rarr; <strong>1624</strong><br />(+21 for winning)
|raw|PrimeXStriker's rating: 1623 &rarr; <strong>1602</strong><br />(-21 for losing)
|l|☆PrimeXStriker
|player|p2|
|l|☆horses aren't real
|player|p1|
