|j|☆hhbhhb3
|j|☆christhiams
|t:|1760332108
|gametype|singles
|player|p1|hhbhhb3|dawn-gen4pt|1075
|player|p2|christhiams|ethan|1071
|gen|9
|tier|[Gen 9] OU
|rated|
|rule|HP Percentage Mod: HP is shown in percentages
|rule|Endless Battle Clause: Forcing endless battles is banned
|rule|Species Clause: Limit one of each Pokémon
|rule|OHKO Clause: OHKO moves are banned
|rule|Evasion Items Clause: Evasion items are banned
|rule|Evasion Moves Clause: Evasion moves are banned
|rule|Evasion Abilities Clause: Evasion abilities are banned
|rule|Sleep Moves Clause: Sleep-inducing moves are banned
|clearpoke
|poke|p1|Garganacl, F|
|poke|p1|Glimmora, F|
|poke|p1|Amoonguss, M|
|poke|p1|Blissey, F|
|poke|p1|Clodsire, M|
|poke|p1|Grimmsnarl, M|
|poke|p2|Arcanine, M|
|poke|p2|Tyranitar, F|
|poke|p2|Dragalge, F|
|poke|p2|Gliscor, F|
|poke|p2|Torterra, M|
|poke|p2|Zoroark-Hisui, F|
|teampreview
|
|t:|1760332117
|teamsize|p1|6
|teamsize|p2|6
|start
|switch|p1a: Glimmora|Glimmora, F|100/100
|switch|p2a: Gliscor|Gliscor, F|100/100
|turn|1
|
|t:|1760332125
|move|p2a: Gliscor|Protect|p2a: Gliscor
|-singleturn|p2a: Gliscor|Protect
|move|p1a: Glimmora|Spikes|p2a: Gliscor
|-sidestart|p2: christhiams|Spikes
|
|-status|p2a: Gliscor|tox|[from] item: Toxic Orb
|upkeep
|turn|2
|
|t:|1760332137
|move|p1a: Glimmora|Spikes|p2a: Gliscor
|-sidestart|p2: christhiams|Spikes
|move|p2a: Gliscor|Earthquake|p1a: Glimmora
|-supereffective|p1a: Glimmora
|-enditem|p1a: Glimmora|Focus Sash
|-damage|p1a: Glimmora|1/100
|-activate|p1a: Glimmora|ability: Toxic Debris
|-sidestart|p2: christhiams|move: Toxic Spikes
|
|upkeep
|turn|3
|
|t:|1760332150
|move|p1a: Glimmora|Energy Ball|p2a: Gliscor
|-damage|p2a: Gliscor|72/100 tox
|move|p2a: Gliscor|Acrobatics|p1a: Glimmora
|-resisted|p1a: Glimmora
|-damage|p1a: Glimmora|0 fnt
|-activate|p1a: Glimmora|ability: Toxic Debris
|-sidestart|p2: christhiams|move: Toxic Spikes
|faint|p1a: Glimmora
|
|-heal|p2a: Gliscor|84/100 tox|[from] ability: Poison Heal
|upkeep
|
|t:|1760332168
|switch|p1a: Garganacl|Garganacl, F|100/100
|turn|4
|
|t:|1760332173
|move|p2a: Gliscor|Earthquake|p1a: Garganacl
|-supereffective|p1a: Garganacl
|-damage|p1a: Garganacl|54/100
|move|p1a: Garganacl|Stealth Rock|p2a: Gliscor
|-sidestart|p2: christhiams|move: Stealth Rock
|
|-heal|p2a: Gliscor|96/100 tox|[from] ability: Poison Heal
|upkeep
|turn|5
|
|t:|1760332182
|move|p2a: Gliscor|Earthquake|p1a: Garganacl
|-supereffective|p1a: Garganacl
|-damage|p1a: Garganacl|7/100
|move|p1a: Garganacl|Salt Cure|p2a: Gliscor
|-damage|p2a: Gliscor|85/100 tox
|-start|p2a: Gliscor|Salt Cure
|
|-heal|p2a: Gliscor|97/100 tox|[from] ability: Poison Heal
|-damage|p2a: Gliscor|85/100 tox|[from] Salt Cure
|upkeep
|turn|6
|
|t:|1760332197
|move|p2a: Gliscor|Earthquake|p1a: Garganacl
|-supereffective|p1a: Garganacl
|-damage|p1a: Garganacl|0 fnt
|faint|p1a: Garganacl
|
|-heal|p2a: Gliscor|97/100 tox|[from] ability: Poison Heal
|-damage|p2a: Gliscor|85/100 tox|[from] Salt Cure
|upkeep
|
|t:|1760332213
|switch|p1a: Amoonguss|Amoonguss, M|100/100
|turn|7
|
|t:|1760332232
|switch|p1a: Clodsire|Clodsire, M|100/100
|move|p2a: Gliscor|Acrobatics|p1a: Clodsire
|-damage|p1a: Clodsire|82/100
|-damage|p2a: Gliscor|69/100 tox|[from] item: Rocky Helmet|[of] p1a: Clodsire
|
|-heal|p2a: Gliscor|81/100 tox|[from] ability: Poison Heal
|-damage|p2a: Gliscor|69/100 tox|[from] Salt Cure
|upkeep
|turn|8
|
|t:|1760332252
|switch|p2a: Dragalge|Dragalge, F|100/100
|-damage|p2a: Dragalge|84/100|[from] Spikes
|-sideend|p2: christhiams|move: Toxic Spikes|[of] p2a: Dragalge
|-damage|p2a: Dragalge|72/100|[from] Stealth Rock
|move|p1a: Clodsire|Spikes|p2a: Dragalge
|-sidestart|p2: christhiams|Spikes
|
|upkeep
|turn|9
|
|t:|1760332263
|move|p2a: Dragalge|Scald|p1a: Clodsire
|-supereffective|p1a: Clodsire
|-damage|p1a: Clodsire|55/100
|move|p1a: Clodsire|Earthquake|p2a: Dragalge
|-supereffective|p2a: Dragalge
|-damage|p2a: Dragalge|10/100
|
|upkeep
|turn|10
|
|t:|1760332273
|move|p2a: Dragalge|Scald|p1a: Clodsire
|-supereffective|p1a: Clodsire
|-damage|p1a: Clodsire|23/100
|move|p1a: Clodsire|Earthquake|p2a: Dragalge
|-supereffective|p2a: Dragalge
|-damage|p2a: Dragalge|0 fnt
|faint|p2a: Dragalge
|
|upkeep
|
|t:|1760332284
|switch|p2a: Arcanine|Arcanine, M|100/100
|-damage|p2a: Arcanine|76/100|[from] Spikes
|-damage|p2a: Arcanine|51/100|[from] Stealth Rock
|-ability|p2a: Arcanine|Intimidate|boost
|-unboost|p1a: Clodsire|atk|1
|turn|11
|
|t:|1760332292
|move|p2a: Arcanine|Extreme Speed|p1a: Clodsire
|-damage|p1a: Clodsire|4/100
|-damage|p2a: Arcanine|34/100|[from] item: Rocky Helmet|[of] p1a: Clodsire
|move|p1a: Clodsire|Recover|p1a: Clodsire
|-heal|p1a: Clodsire|54/100
|
|upkeep
|turn|12
|
|t:|1760332304
|switch|p2a: Torterra|Torterra, M|100/100
|-damage|p2a: Torterra|76/100|[from] Spikes
|-damage|p2a: Torterra|63/100|[from] Stealth Rock
|move|p1a: Clodsire|Recover|p1a: Clodsire
|-heal|p1a: Clodsire|100/100
|
|upkeep
|turn|13
|
|t:|1760332322
|switch|p1a: Grimmsnarl|Grimmsnarl, M|100/100
|move|p2a: Torterra|Knock Off|p1a: Grimmsnarl
|-resisted|p1a: Grimmsnarl
|-damage|p1a: Grimmsnarl|95/100
|-enditem|p1a: Grimmsnarl|Leftovers|[from] move: Knock Off|[of] p2a: Torterra
|
|upkeep
|turn|14
|
|t:|1760332336
|move|p1a: Grimmsnarl|Parting Shot|p2a: Torterra
|-unboost|p2a: Torterra|atk|1
|-unboost|p2a: Torterra|spa|1
|
|t:|1760332341
|switch|p1a: Amoonguss|Amoonguss, M|100/100|[from] Parting Shot
|move|p2a: Torterra|Sludge Bomb|p1a: Amoonguss
|-damage|p1a: Amoonguss|86/100
|
|-heal|p1a: Amoonguss|93/100|[from] item: Leftovers
|upkeep
|turn|15
|
|t:|1760332352
|move|p2a: Torterra|Flamethrower|p1a: Amoonguss
|-supereffective|p1a: Amoonguss
|-damage|p1a: Amoonguss|64/100
|move|p1a: Amoonguss|Toxic|p2a: Torterra
|-status|p2a: Torterra|tox
|
|-heal|p1a: Amoonguss|71/100|[from] item: Leftovers
|-damage|p2a: Torterra|57/100 tox|[from] psn
|upkeep
|turn|16
|
|t:|1760332363
|move|p2a: Torterra|Flamethrower|p1a: Amoonguss
|-supereffective|p1a: Amoonguss
|-damage|p1a: Amoonguss|40/100
|move|p1a: Amoonguss|Substitute|p1a: Amoonguss
|-start|p1a: Amoonguss|Substitute
|-damage|p1a: Amoonguss|15/100
|
|-heal|p1a: Amoonguss|21/100|[from] item: Leftovers
|-damage|p2a: Torterra|44/100 tox|[from] psn
|upkeep
|-enditem|p2a: Torterra|Sitrus Berry|[eat]
|-heal|p2a: Torterra|69/100 tox|[from] item: Sitrus Berry
|turn|17
|
|t:|1760332377
|move|p2a: Torterra|Flamethrower|p1a: Amoonguss
|-supereffective|p1a: Amoonguss
|-end|p1a: Amoonguss|Substitute
|move|p1a: Amoonguss|Synthesis|p1a: Amoonguss
|-heal|p1a: Amoonguss|71/100
|
|-heal|p1a: Amoonguss|78/100|[from] item: Leftovers
|-damage|p2a: Torterra|51/100 tox|[from] psn
|upkeep
|turn|18
|
|t:|1760332389
|move|p1a: Amoonguss|Protect|p1a: Amoonguss
|-singleturn|p1a: Amoonguss|Protect
|move|p2a: Torterra|Flamethrower|p1a: Amoonguss
|-activate|p1a: Amoonguss|move: Protect
|
|-heal|p1a: Amoonguss|84/100|[from] item: Leftovers
|-damage|p2a: Torterra|26/100 tox|[from] psn
|upkeep
|turn|19
|
|t:|1760332412
|switch|p1a: Grimmsnarl|Grimmsnarl, M|95/100
|move|p2a: Torterra|Flamethrower|p1a: Grimmsnarl
|-damage|p1a: Grimmsnarl|77/100
|
|-damage|p2a: Torterra|0 fnt|[from] psn
|faint|p2a: Torterra
|upkeep
|
|t:|1760332430
|switch|p2a: Gliscor|Gliscor, F|69/100 tox
|-damage|p2a: Gliscor|56/100 tox|[from] Stealth Rock
|turn|20
|
|t:|1760332439
|move|p2a: Gliscor|Protect|p2a: Gliscor
|-singleturn|p2a: Gliscor|Protect
|move|p1a: Grimmsnarl|Parting Shot|p2a: Gliscor
|-activate|p2a: Gliscor|move: Protect
|
|-heal|p2a: Gliscor|69/100 tox|[from] ability: Poison Heal
|upkeep
|turn|21
|
|t:|1760332449
|move|p1a: Grimmsnarl|Parting Shot|p2a: Gliscor
|-unboost|p2a: Gliscor|atk|1
|-unboost|p2a: Gliscor|spa|1
|
|t:|1760332469
|switch|p1a: Blissey|Blissey, F|100/100|[from] Parting Shot
|move|p2a: Gliscor|Earthquake|p1a: Blissey
|-damage|p1a: Blissey|67/100
|
|-heal|p1a: Blissey|73/100|[from] item: Leftovers
|-heal|p2a: Gliscor|81/100 tox|[from] ability: Poison Heal
|upkeep
|turn|22
|
|t:|1760332487
|move|p2a: Gliscor|Earthquake|p1a: Blissey
|-damage|p1a: Blissey|35/100
|move|p1a: Blissey|Trailblaze|p2a: Gliscor
|-damage|p2a: Gliscor|78/100 tox
|-boost|p1a: Blissey|spe|1
|
|-heal|p1a: Blissey|42/100|[from] item: Leftovers
|-heal|p2a: Gliscor|91/100 tox|[from] ability: Poison Heal
|upkeep
|turn|23
|
|t:|1760332501
|move|p2a: Gliscor|Earthquake|p1a: Blissey
|-damage|p1a: Blissey|4/100
|move|p1a: Blissey|Soft-Boiled|p1a: Blissey
|-heal|p1a: Blissey|54/100
|
|-heal|p1a: Blissey|60/100|[from] item: Leftovers
|-heal|p2a: Gliscor|100/100 tox|[from] ability: Poison Heal
|upkeep
|turn|24
|-message|hhbhhb3 forfeited.
|
|win|christhiams
|raw|hhbhhb3's rating: 1075 &rarr; <strong>1054</strong><br />(-21 for losing)
|raw|christhiams's rating: 1071 &rarr; <strong>1101</strong><br />(+30 for winning)
|l|☆hhbhhb3
|player|p1|
|l|☆christhiams
|player|p2|
