|j|☆thepippy27
|j|☆UXDesigner
|t:|1760373804
|gametype|singles
|player|p1|thepippy27|acetrainerf-gen4dp|1200
|player|p2|UXDesigner|266|1220
|gen|9
|tier|[Gen 9] OU
|rated|
|rule|HP Percentage Mod: HP is shown in percentages
|rule|Endless Battle Clause: Forcing endless battles is banned
|rule|Species Clause: Limit one of each Pokémon
|rule|OHKO Clause: OHKO moves are banned
|rule|Evasion Items Clause: Evasion items are banned
|rule|Evasion Moves Clause: Evasion moves are banned
|rule|Evasion Abilities Clause: Evasion abilities are banned
|rule|Sleep Moves Clause: Sleep-inducing moves are banned
|clearpoke
|poke|p1|Hoopa-Unbound|
|poke|p1|Moltres|
|poke|p1|Iron Valiant|
|poke|p1|Corviknight, M|
|poke|p1|Garganacl, M|
|poke|p1|Slowking-Galar, M|
|poke|p2|Lucario, M|
|poke|p2|Tyranitar, M|
|poke|p2|Gliscor, F|
|poke|p2|Blastoise, F|
|poke|p2|Incineroar, F|
|poke|p2|Garchomp, M|
|teampreview
|inactive|Battle timer is ON: inactive players will automatically lose when time's up. (requested by UXDesigner)
|
|t:|1760373841
|teamsize|p1|6
|teamsize|p2|6
|start
|switch|p1a: Moltres|Moltres|100/100
|switch|p2a: Lucario|Lucario, M|100/100
|-ability|p1a: Moltres|Pressure
|turn|1
|
|t:|1760373848
|switch|p2a: Tyranitar|Tyranitar, M|100/100
|-weather|Sandstorm|[from] ability: Sand Stream|[of] p2a: Tyranitar
|move|p1a: Moltres|U-turn|p2a: Tyranitar
|-supereffective|p2a: Tyranitar
|-damage|p2a: Tyranitar|75/100
|-enditem|p2a: Tyranitar|Weakness Policy
|-boost|p2a: Tyranitar|atk|2|[from] item: Weakness Policy
|-boost|p2a: Tyranitar|spa|2|[from] item: Weakness Policy
|
|t:|1760373862
|switch|p1a: Corviknight|Corviknight, M|100/100|[from] U-turn
|-ability|p1a: Corviknight|Pressure
|
|-weather|Sandstorm|[upkeep]
|upkeep
|turn|2
|
|t:|1760373868
|-terastallize|p2a: Tyranitar|Flying
|move|p2a: Tyranitar|Dragon Dance|p2a: Tyranitar
|-boost|p2a: Tyranitar|atk|1
|-boost|p2a: Tyranitar|spe|1
|move|p1a: Corviknight|U-turn|p2a: Tyranitar
|-resisted|p2a: Tyranitar
|-damage|p2a: Tyranitar|69/100
|
|t:|1760373883
|switch|p1a: Iron Valiant|Iron Valiant|100/100|[from] U-turn
|-enditem|p1a: Iron Valiant|Booster Energy
|-activate|p1a: Iron Valiant|ability: Quark Drive|[fromitem]
|-start|p1a: Iron Valiant|quarkdrivespe
|
|-weather|Sandstorm|[upkeep]
|-damage|p1a: Iron Valiant|94/100|[from] Sandstorm
|-damage|p2a: Tyranitar|62/100|[from] Sandstorm
|upkeep
|turn|3
|
|t:|1760373896
|move|p1a: Iron Valiant|Encore|p2a: Tyranitar
|-start|p2a: Tyranitar|Encore
|move|p2a: Tyranitar|Dragon Dance|p2a: Tyranitar
|-boost|p2a: Tyranitar|atk|1
|-boost|p2a: Tyranitar|spe|1
|
|-weather|Sandstorm|[upkeep]
|-damage|p1a: Iron Valiant|88/100|[from] Sandstorm
|-damage|p2a: Tyranitar|56/100|[from] Sandstorm
|upkeep
|turn|4
|
|t:|1760373902
|switch|p2a: Incineroar|Incineroar, F|100/100
|-ability|p2a: Incineroar|Intimidate|boost
|-unboost|p1a: Iron Valiant|atk|1
|move|p1a: Iron Valiant|Moonblast|p2a: Incineroar
|-damage|p2a: Incineroar|73/100
|
|-weather|Sandstorm|[upkeep]
|-damage|p1a: Iron Valiant|82/100|[from] Sandstorm
|-damage|p2a: Incineroar|67/100|[from] Sandstorm
|upkeep
|turn|5
|
|t:|1760373911
|move|p1a: Iron Valiant|Close Combat|p2a: Incineroar
|-supereffective|p2a: Incineroar
|-damage|p2a: Incineroar|1/100
|-unboost|p1a: Iron Valiant|def|1
|-unboost|p1a: Iron Valiant|spd|1
|move|p2a: Incineroar|Flare Blitz|p1a: Iron Valiant
|-damage|p1a: Iron Valiant|0 fnt
|faint|p1a: Iron Valiant
|-end|p1a: Iron Valiant|Quark Drive|[silent]
|-damage|p2a: Incineroar|0 fnt|[from] Recoil
|faint|p2a: Incineroar
|
|-weather|none
|upkeep
|
|t:|1760373931
|switch|p1a: Moltres|Moltres|100/100
|switch|p2a: Tyranitar|Tyranitar, M, tera:Flying|56/100
|-weather|Sandstorm|[from] ability: Sand Stream|[of] p2a: Tyranitar
|-ability|p1a: Moltres|Pressure
|turn|6
|inactive|UXDesigner has 120 seconds left.
|inactive|UXDesigner has 90 seconds left.
|
|t:|1760374007
|move|p2a: Tyranitar|Stone Edge|p1a: Moltres
|-supereffective|p1a: Moltres
|-damage|p1a: Moltres|0 fnt
|faint|p1a: Moltres
|
|-weather|Sandstorm|[upkeep]
|-damage|p2a: Tyranitar|50/100|[from] Sandstorm
|upkeep
|
|t:|1760374022
|switch|p1a: Garganacl|Garganacl, M|100/100
|turn|7
|
|t:|1760374034
|switch|p2a: Lucario|Lucario, M|100/100
|move|p1a: Garganacl|Stealth Rock|p2a: Lucario
|-sidestart|p2: UXDesigner|move: Stealth Rock
|
|-weather|Sandstorm|[upkeep]
|upkeep
|turn|8
|
|t:|1760374040
|move|p2a: Lucario|Nasty Plot|p2a: Lucario
|-boost|p2a: Lucario|spa|2
|move|p1a: Garganacl|Earthquake|p2a: Lucario
|-supereffective|p2a: Lucario
|-damage|p2a: Lucario|29/100
|
|-weather|Sandstorm|[upkeep]
|upkeep
|turn|9
|
|t:|1760374048
|move|p2a: Lucario|Flash Cannon|p1a: Garganacl
|-supereffective|p1a: Garganacl
|-damage|p1a: Garganacl|0 fnt
|faint|p1a: Garganacl
|-damage|p2a: Lucario|19/100|[from] item: Life Orb
|
|-weather|Sandstorm|[upkeep]
|upkeep
|
|t:|1760374055
|switch|p1a: Corviknight|Corviknight, M|100/100
|-ability|p1a: Corviknight|Pressure
|turn|10
|
|t:|1760374061
|move|p2a: Lucario|Shadow Ball|p1a: Corviknight
|-damage|p1a: Corviknight|38/100
|-unboost|p1a: Corviknight|spd|1
|-damage|p2a: Lucario|9/100|[from] item: Life Orb
|move|p1a: Corviknight|Brave Bird|p2a: Lucario
|-damage|p2a: Lucario|0 fnt
|faint|p2a: Lucario
|-damage|p1a: Corviknight|36/100|[from] Recoil
|
|-weather|none
|upkeep
|
|t:|1760374075
|switch|p2a: Blastoise|Blastoise, F|100/100
|-damage|p2a: Blastoise|88/100|[from] Stealth Rock
|turn|11
|
|t:|1760374081
|move|p2a: Blastoise|Shell Smash|p2a: Blastoise
|-unboost|p2a: Blastoise|def|1
|-unboost|p2a: Blastoise|spd|1
|-boost|p2a: Blastoise|atk|2
|-boost|p2a: Blastoise|spa|2
|-boost|p2a: Blastoise|spe|2
|-enditem|p2a: Blastoise|White Herb
|-clearnegativeboost|p2a: Blastoise|[silent]
|move|p1a: Corviknight|U-turn|p2a: Blastoise
|-damage|p2a: Blastoise|71/100
|
|t:|1760374091
|switch|p1a: Hoopa|Hoopa-Unbound|100/100|[from] U-turn
|
|upkeep
|turn|12
|
|t:|1760374095
|-terastallize|p1a: Hoopa|Psychic
|move|p2a: Blastoise|Surf|p1a: Hoopa
|-damage|p1a: Hoopa|27/100
|move|p1a: Hoopa|Psychic Noise|p2a: Blastoise
|-damage|p2a: Blastoise|0 fnt
|faint|p2a: Blastoise
|
|upkeep
|inactive|UXDesigner has 120 seconds left.
|
|t:|1760374109
|switch|p2a: Garchomp|Garchomp, M|100/100
|-damage|p2a: Garchomp|94/100|[from] Stealth Rock
|turn|13
|
|t:|1760374112
|move|p1a: Hoopa|Psychic Noise|p2a: Garchomp
|-damage|p2a: Garchomp|20/100
|-start|p2a: Garchomp|move: Heal Block
|move|p2a: Garchomp|Scale Shot|p1a: Hoopa
|-damage|p1a: Hoopa|0 fnt
|faint|p1a: Hoopa
|-hitcount|p1: Hoopa|1
|-unboost|p2a: Garchomp|def|1
|-boost|p2a: Garchomp|spe|1
|
|upkeep
|
|t:|1760374121
|switch|p1a: Corviknight|Corviknight, M|36/100
|-ability|p1a: Corviknight|Pressure
|turn|14
|
|t:|1760374126
|move|p2a: Garchomp|Scale Shot|p1a: Corviknight
|-resisted|p1a: Corviknight
|-damage|p1a: Corviknight|32/100
|-resisted|p1a: Corviknight
|-crit|p1a: Corviknight
|-damage|p1a: Corviknight|25/100
|-resisted|p1a: Corviknight
|-damage|p1a: Corviknight|21/100
|-resisted|p1a: Corviknight
|-damage|p1a: Corviknight|17/100
|-hitcount|p1a: Corviknight|4
|-unboost|p2a: Garchomp|def|1
|-boost|p2a: Garchomp|spe|1
|move|p1a: Corviknight|Roost|p1a: Corviknight
|-heal|p1a: Corviknight|67/100
|-singleturn|p1a: Corviknight|move: Roost
|
|-end|p2a: Garchomp|move: Heal Block
|upkeep
|turn|15
|
|t:|1760374137
|move|p2a: Garchomp|Swords Dance|p2a: Garchomp
|-boost|p2a: Garchomp|atk|2
|move|p1a: Corviknight|Roost|p1a: Corviknight
|-heal|p1a: Corviknight|100/100
|-singleturn|p1a: Corviknight|move: Roost
|
|upkeep
|turn|16
|
|t:|1760374142
|move|p2a: Garchomp|Scale Shot|p1a: Corviknight
|-resisted|p1a: Corviknight
|-damage|p1a: Corviknight|93/100
|-resisted|p1a: Corviknight
|-damage|p1a: Corviknight|85/100
|-resisted|p1a: Corviknight
|-damage|p1a: Corviknight|77/100
|-resisted|p1a: Corviknight
|-damage|p1a: Corviknight|70/100
|-resisted|p1a: Corviknight
|-damage|p1a: Corviknight|62/100
|-hitcount|p1a: Corviknight|5
|-unboost|p2a: Garchomp|def|1
|-boost|p2a: Garchomp|spe|1
|move|p1a: Corviknight|U-turn|p2a: Garchomp
|-damage|p2a: Garchomp|0 fnt
|-damage|p1a: Corviknight|49/100|[from] ability: Rough Skin|[of] p2a: Garchomp
|faint|p2a: Garchomp
|
|t:|1760374145
|switch|p1a: Slowking|Slowking-Galar, M|100/100|[from] U-turn
|
|upkeep
|
|t:|1760374161
|switch|p2a: Gliscor|Gliscor, F|100/100
|-damage|p2a: Gliscor|88/100|[from] Stealth Rock
|turn|17
|
|t:|1760374166
|move|p2a: Gliscor|Protect|p2a: Gliscor
|-singleturn|p2a: Gliscor|Protect
|move|p1a: Slowking|Future Sight|p2a: Gliscor
|-start|p1a: Slowking|move: Future Sight
|
|-status|p2a: Gliscor|tox|[from] item: Toxic Orb
|upkeep
|turn|18
|
|t:|1760374173
|move|p2a: Gliscor|Earthquake|p1a: Slowking
|-supereffective|p1a: Slowking
|-damage|p1a: Slowking|35/100
|move|p1a: Slowking|Fire Blast|p2a: Gliscor
|-damage|p2a: Gliscor|52/100 tox
|
|-heal|p2a: Gliscor|65/100 tox|[from] ability: Poison Heal
|upkeep
|turn|19
|
|t:|1760374182
|move|p2a: Gliscor|Protect|p2a: Gliscor
|-singleturn|p2a: Gliscor|Protect
|-prepare|p1a: Slowking|Chilly Reception|[premajor]
|move|p1a: Slowking|Chilly Reception|p1a: Slowking
|-weather|Snowscape
|
|t:|1760374184
|switch|p1a: Corviknight|Corviknight, M|49/100|[from] Chilly Reception
|-ability|p1a: Corviknight|Pressure
|
|-weather|Snowscape|[upkeep]
|-end|p2a: Gliscor|move: Future Sight
|-damage|p2a: Gliscor|1/100 tox
|-heal|p2a: Gliscor|13/100 tox|[from] ability: Poison Heal
|upkeep
|turn|20
|
|t:|1760374195
|move|p2a: Gliscor|Protect||[still]
|-fail|p2a: Gliscor
|move|p1a: Corviknight|Brave Bird|p2a: Gliscor
|-damage|p2a: Gliscor|0 fnt
|faint|p2a: Gliscor
|-damage|p1a: Corviknight|46/100|[from] Recoil
|
|-weather|Snowscape|[upkeep]
|upkeep
|
|t:|1760374199
|switch|p2a: Tyranitar|Tyranitar, M, tera:Flying|50/100
|-damage|p2a: Tyranitar|25/100|[from] Stealth Rock
|-weather|Sandstorm|[from] ability: Sand Stream|[of] p2a: Tyranitar
|turn|21
|
|t:|1760374203
|move|p2a: Tyranitar|Stone Edge|p1a: Corviknight
|-damage|p1a: Corviknight|12/100
|move|p1a: Corviknight|Brave Bird|p2a: Tyranitar
|-damage|p2a: Tyranitar|0 fnt
|faint|p2a: Tyranitar
|-damage|p1a: Corviknight|5/100|[from] Recoil
|
|win|thepippy27
|raw|thepippy27's rating: 1200 &rarr; <strong>1226</strong><br />(+26 for winning)
|raw|UXDesigner's rating: 1220 &rarr; <strong>1194</strong><br />(-26 for losing)
|l|☆UXDesigner
|player|p2|
|l|☆thepippy27
|player|p1|
