|j|☆Acastillo631
|j|☆kyoujic
|t:|1760389245
|gametype|singles
|player|p1|Acastillo631|silver|1545
|player|p2|kyoujic|265|1562
|gen|9
|tier|[Gen 9] OU
|rated|
|rule|HP Percentage Mod: HP is shown in percentages
|rule|Endless Battle Clause: Forcing endless battles is banned
|rule|Species Clause: Limit one of each Pokémon
|rule|OHKO Clause: OHKO moves are banned
|rule|Evasion Items Clause: Evasion items are banned
|rule|Evasion Moves Clause: Evasion moves are banned
|rule|Evasion Abilities Clause: Evasion abilities are banned
|rule|Sleep Moves Clause: Sleep-inducing moves are banned
|clearpoke
|poke|p1|Iron Valiant|
|poke|p1|Tyranitar, M|
|poke|p1|Corviknight, F|
|poke|p1|Sinistcha|
|poke|p1|Keldeo-Resolute|
|poke|p1|Muk-Alola, F|
|poke|p2|Toucannon, M|
|poke|p2|Dragonite, M|
|poke|p2|Zamazenta-*|
|poke|p2|Iron Treads|
|poke|p2|Zapdos|
|poke|p2|Primarina, M|
|teampreview
|inactive|Battle timer is ON: inactive players will automatically lose when time's up. (requested by Acastillo631)
|
|t:|1760389268
|teamsize|p1|6
|teamsize|p2|6
|start
|switch|p1a: Rainbow Devil|Muk-Alola, F|100/100
|switch|p2a: Zapdos|Zapdos|100/100
|turn|1
|
|t:|1760389273
|move|p2a: Zapdos|Hurricane|p1a: Rainbow Devil|[miss]
|-miss|p2a: Zapdos|p1a: Rainbow Devil
|move|p1a: Rainbow Devil|Knock Off|p2a: Zapdos
|-crit|p2a: Zapdos
|-damage|p2a: Zapdos|38/100
|-status|p2a: Zapdos|psn|[from] ability: Poison Touch|[of] p1a: Rainbow Devil
|-enditem|p2a: Zapdos|Choice Specs|[from] move: Knock Off|[of] p1a: Rainbow Devil
|
|-damage|p2a: Zapdos|25/100 psn|[from] psn
|upkeep
|turn|2
|
|t:|1760389284
|move|p1a: Rainbow Devil|Protect|p1a: Rainbow Devil
|-singleturn|p1a: Rainbow Devil|Protect
|move|p2a: Zapdos|Volt Switch|p1a: Rainbow Devil
|-activate|p1a: Rainbow Devil|move: Protect
|
|-damage|p2a: Zapdos|13/100 psn|[from] psn
|upkeep
|turn|3
|
|t:|1760389299
|move|p2a: Zapdos|Volt Switch|p1a: Rainbow Devil
|-damage|p1a: Rainbow Devil|78/100
|
|t:|1760389301
|switch|p2a: Iron Treads|Iron Treads|100/100|[from] Volt Switch
|-item|p2a: Iron Treads|Air Balloon
|move|p1a: Rainbow Devil|Knock Off|p2a: Iron Treads
|-damage|p2a: Iron Treads|70/100
|-enditem|p2a: Iron Treads|Air Balloon
|
|-heal|p1a: Rainbow Devil|84/100|[from] item: Leftovers
|upkeep
|turn|4
|
|t:|1760389331
|switch|p1a: Wind Crowrang|Corviknight, F|100/100
|move|p2a: Iron Treads|Knock Off|p1a: Wind Crowrang
|-damage|p1a: Wind Crowrang|85/100
|-damage|p2a: Iron Treads|54/100|[from] item: Rocky Helmet|[of] p1a: Wind Crowrang
|-enditem|p1a: Wind Crowrang|Rocky Helmet|[from] move: Knock Off|[of] p2a: Iron Treads
|
|upkeep
|turn|5
|
|t:|1760389336
|-end|p2a: Iron Treads|Quark Drive|[silent]
|switch|p2a: Primarina|Primarina, M|100/100
|move|p1a: Wind Crowrang|U-turn|p2a: Primarina
|-resisted|p2a: Primarina
|-damage|p2a: Primarina|92/100
|
|t:|1760389339
|switch|p1a: Rainbow Devil|Muk-Alola, F|84/100|[from] U-turn
|
|-heal|p1a: Rainbow Devil|90/100|[from] item: Leftovers
|upkeep
|turn|6
|
|t:|1760389345
|move|p2a: Primarina|Flip Turn|p1a: Rainbow Devil
|-damage|p1a: Rainbow Devil|76/100
|
|t:|1760389347
|switch|p2a: Iron Treads|Iron Treads|54/100|[from] Flip Turn
|move|p1a: Rainbow Devil|Drain Punch|p2a: Iron Treads
|-supereffective|p2a: Iron Treads
|-damage|p2a: Iron Treads|21/100
|-heal|p1a: Rainbow Devil|89/100|[from] drain|[of] p2a: Iron Treads
|
|-heal|p1a: Rainbow Devil|95/100|[from] item: Leftovers
|upkeep
|turn|7
|
|t:|1760389366
|switch|p1a: Wind Crowrang|Corviknight, F|85/100
|move|p2a: Iron Treads|Earthquake|p1a: Wind Crowrang
|-immune|p1a: Wind Crowrang
|
|upkeep
|turn|8
|
|t:|1760389373
|move|p2a: Iron Treads|Ice Spinner|p1a: Wind Crowrang
|-damage|p1a: Wind Crowrang|70/100
|move|p1a: Wind Crowrang|U-turn|p2a: Iron Treads
|-resisted|p2a: Iron Treads
|-damage|p2a: Iron Treads|15/100
|
|t:|1760389382
|switch|p1a: Spiral Pegasus|Keldeo-Resolute|100/100|[from] U-turn
|
|upkeep
|turn|9
|
|t:|1760389385
|move|p1a: Spiral Pegasus|Surf|p2a: Iron Treads
|-supereffective|p2a: Iron Treads
|-damage|p2a: Iron Treads|0 fnt
|faint|p2a: Iron Treads
|-end|p2a: Iron Treads|Quark Drive|[silent]
|
|upkeep
|
|t:|1760389387
|switch|p2a: Dragonite|Dragonite, M|100/100
|turn|10
|
|t:|1760389391
|move|p1a: Spiral Pegasus|Flip Turn|p2a: Dragonite
|-resisted|p2a: Dragonite
|-damage|p2a: Dragonite|96/100
|
|t:|1760389394
|switch|p1a: Eregion|Tyranitar, M|100/100|[from] Flip Turn
|-weather|Sandstorm|[from] ability: Sand Stream|[of] p1a: Eregion
|move|p2a: Dragonite|Dragon Dance|p2a: Dragonite
|-boost|p2a: Dragonite|atk|1
|-boost|p2a: Dragonite|spe|1
|
|-weather|Sandstorm|[upkeep]
|-damage|p2a: Dragonite|90/100|[from] Sandstorm
|upkeep
|turn|11
|
|t:|1760389398
|move|p2a: Dragonite|Scale Shot|p1a: Eregion
|-damage|p1a: Eregion|82/100
|-crit|p1a: Eregion
|-damage|p1a: Eregion|54/100
|-damage|p1a: Eregion|38/100
|-crit|p1a: Eregion
|-damage|p1a: Eregion|11/100
|-hitcount|p1a: Eregion|4
|-unboost|p2a: Dragonite|def|1
|-boost|p2a: Dragonite|spe|1
|move|p1a: Eregion|Ice Beam|p2a: Dragonite
|-supereffective|p2a: Dragonite
|-damage|p2a: Dragonite|0 fnt
|faint|p2a: Dragonite
|
|-weather|Sandstorm|[upkeep]
|-heal|p1a: Eregion|17/100|[from] item: Leftovers
|upkeep
|
|t:|1760389409
|switch|p2a: Primarina|Primarina, M|92/100
|turn|12
|
|t:|1760389417
|move|p2a: Primarina|Moonblast|p1a: Eregion
|-supereffective|p1a: Eregion
|-damage|p1a: Eregion|0 fnt
|faint|p1a: Eregion
|
|-weather|Sandstorm|[upkeep]
|-damage|p2a: Primarina|86/100|[from] Sandstorm
|upkeep
|
|t:|1760389420
|switch|p1a: Rainbow Devil|Muk-Alola, F|95/100
|turn|13
|
|t:|1760389422
|move|p2a: Primarina|Psychic Noise|p1a: Rainbow Devil
|-damage|p1a: Rainbow Devil|71/100
|-start|p1a: Rainbow Devil|move: Heal Block
|move|p1a: Rainbow Devil|Poison Fang|p2a: Primarina
|-supereffective|p2a: Primarina
|-damage|p2a: Primarina|44/100
|-status|p2a: Primarina|tox
|
|-weather|Sandstorm|[upkeep]
|-damage|p2a: Primarina|38/100 tox|[from] Sandstorm
|-damage|p1a: Rainbow Devil|65/100|[from] Sandstorm
|-damage|p2a: Primarina|32/100 tox|[from] psn
|upkeep
|turn|14
|
|t:|1760389427
|move|p1a: Rainbow Devil|Protect|p1a: Rainbow Devil
|-singleturn|p1a: Rainbow Devil|Protect
|move|p2a: Primarina|Moonblast|p1a: Rainbow Devil
|-activate|p1a: Rainbow Devil|move: Protect
|
|-weather|none
|-damage|p2a: Primarina|20/100 tox|[from] psn
|-end|p1a: Rainbow Devil|move: Heal Block
|upkeep
|turn|15
|
|t:|1760389445
|move|p2a: Primarina|Moonblast|p1a: Rainbow Devil
|-damage|p1a: Rainbow Devil|35/100
|move|p1a: Rainbow Devil|Poison Fang|p2a: Primarina
|-supereffective|p2a: Primarina
|-damage|p2a: Primarina|0 fnt
|faint|p2a: Primarina
|
|-heal|p1a: Rainbow Devil|41/100|[from] item: Leftovers
|upkeep
|
|t:|1760389455
|switch|p2a: Zapdos|Zapdos|13/100 psn
|turn|16
|
|t:|1760389472
|move|p1a: Rainbow Devil|Protect|p1a: Rainbow Devil
|-singleturn|p1a: Rainbow Devil|Protect
|move|p2a: Zapdos|Hurricane|p1a: Rainbow Devil
|-activate|p1a: Rainbow Devil|move: Protect
|
|-heal|p1a: Rainbow Devil|47/100|[from] item: Leftovers
|-damage|p2a: Zapdos|0 fnt|[from] psn
|faint|p2a: Zapdos
|upkeep
|
|t:|1760389481
|switch|p2a: Zamazenta|Zamazenta|100/100
|-ability|p2a: Zamazenta|Dauntless Shield|boost
|-boost|p2a: Zamazenta|def|1
|turn|17
|
|t:|1760389486
|move|p2a: Zamazenta|Crunch|p1a: Rainbow Devil
|-resisted|p1a: Rainbow Devil
|-damage|p1a: Rainbow Devil|26/100
|-unboost|p1a: Rainbow Devil|def|1
|move|p1a: Rainbow Devil|Poison Fang|p2a: Zamazenta
|-crit|p2a: Zamazenta
|-damage|p2a: Zamazenta|75/100
|-status|p2a: Zamazenta|psn|[from] ability: Poison Touch|[of] p1a: Rainbow Devil
|
|-heal|p1a: Rainbow Devil|32/100|[from] item: Leftovers
|-damage|p2a: Zamazenta|62/100 psn|[from] psn
|upkeep
|turn|18
|-message|kyoujic forfeited.
|
|win|Acastillo631
|raw|Acastillo631's rating: 1545 &rarr; <strong>1566</strong><br />(+21 for winning)
|raw|kyoujic's rating: 1562 &rarr; <strong>1541</strong><br />(-21 for losing)
|l|☆kyoujic
|player|p2|
|l|☆Acastillo631
|player|p1|
