|j|☆ikiab ts pmo
|j|☆ZATUGRO
|t:|1760402262
|gametype|singles
|player|p1|ikiab ts pmo|policeman-gen4|1342
|player|p2|ZATUGRO|alder|1348
|gen|9
|tier|[Gen 9] OU
|rated|
|rule|HP Percentage Mod: HP is shown in percentages
|rule|Endless Battle Clause: Forcing endless battles is banned
|rule|Species Clause: Limit one of each Pokémon
|rule|OHKO Clause: OHKO moves are banned
|rule|Evasion Items Clause: Evasion items are banned
|rule|Evasion Moves Clause: Evasion moves are banned
|rule|Evasion Abilities Clause: Evasion abilities are banned
|rule|Sleep Moves Clause: Sleep-inducing moves are banned
|clearpoke
|poke|p1|Ting-Lu|
|poke|p1|Corviknight, F|
|poke|p1|Darkrai|
|poke|p1|Cinderace, F|
|poke|p1|Kyurem|
|poke|p1|Slowking-Galar, F|
|poke|p2|Tyranitar, F|
|poke|p2|Rillaboom, M|
|poke|p2|Sceptile, F|
|poke|p2|Zapdos|
|poke|p2|Gholdengo|
|poke|p2|Garchomp, F|
|teampreview
|inactive|Battle timer is ON: inactive players will automatically lose when time's up. (requested by ZATUGRO)
|
|t:|1760402277
|teamsize|p1|6
|teamsize|p2|6
|start
|switch|p1a: Cinderace|Cinderace, F|100/100
|switch|p2a: Tyranitar|Tyranitar, F, shiny|100/100
|-weather|Sandstorm|[from] ability: Sand Stream|[of] p2a: Tyranitar
|turn|1
|
|t:|1760402287
|move|p1a: Cinderace|Will-O-Wisp|p2a: Tyranitar|[miss]
|-miss|p1a: Cinderace|p2a: Tyranitar
|move|p2a: Tyranitar|Knock Off|p1a: Cinderace
|-damage|p1a: Cinderace|41/100
|-enditem|p1a: Cinderace|Heavy-Duty Boots|[from] move: Knock Off|[of] p2a: Tyranitar
|
|-weather|Sandstorm|[upkeep]
|-damage|p1a: Cinderace|35/100|[from] Sandstorm
|upkeep
|turn|2
|
|t:|1760402300
|move|p1a: Cinderace|U-turn|p2a: Tyranitar
|-supereffective|p2a: Tyranitar
|-crit|p2a: Tyranitar
|-damage|p2a: Tyranitar|56/100
|
|t:|1760402303
|switch|p1a: Corviknight|Corviknight, F|100/100|[from] U-turn
|-ability|p1a: Corviknight|Pressure
|move|p2a: Tyranitar|Dragon Tail|p1a: Corviknight|[miss]
|-miss|p2a: Tyranitar|p1a: Corviknight
|
|-weather|Sandstorm|[upkeep]
|-heal|p2a: Tyranitar|62/100|[from] item: Leftovers
|upkeep
|turn|3
|
|t:|1760402317
|switch|p2a: Zapdos|Zapdos, shiny|100/100
|move|p1a: Corviknight|Body Press|p2a: Zapdos
|-resisted|p2a: Zapdos
|-damage|p2a: Zapdos|91/100
|-status|p1a: Corviknight|par|[from] ability: Static|[of] p2a: Zapdos
|
|-weather|Sandstorm|[upkeep]
|-damage|p2a: Zapdos|85/100|[from] Sandstorm
|upkeep
|turn|4
|
|t:|1760402341
|switch|p1a: Slowking|Slowking-Galar, F|100/100
|move|p2a: Zapdos|Heat Wave|p1a: Slowking
|-damage|p1a: Slowking|85/100
|
|-weather|Sandstorm|[upkeep]
|-damage|p2a: Zapdos|79/100|[from] Sandstorm
|-damage|p1a: Slowking|78/100|[from] Sandstorm
|upkeep
|turn|5
|
|t:|1760402352
|move|p2a: Zapdos|Volt Switch|p1a: Slowking
|-damage|p1a: Slowking|62/100
|
|t:|1760402367
|switch|p2a: Rillaboom|Rillaboom, M, shiny|100/100|[from] Volt Switch
|-fieldstart|move: Grassy Terrain|[from] ability: Grassy Surge|[of] p2a: Rillaboom
|-prepare|p1a: Slowking|Chilly Reception|[premajor]
|move|p1a: Slowking|Chilly Reception|p1a: Slowking
|-weather|Snowscape
|
|t:|1760402372
|switch|p1a: Kyurem|Kyurem|100/100|[from] Chilly Reception
|-ability|p1a: Kyurem|Pressure
|
|-weather|Snowscape|[upkeep]
|upkeep
|turn|6
|
|t:|1760402382
|switch|p2a: Tyranitar|Tyranitar, F, shiny|62/100
|-weather|Sandstorm|[from] ability: Sand Stream|[of] p2a: Tyranitar
|move|p1a: Kyurem|Ice Beam|p2a: Tyranitar
|-damage|p2a: Tyranitar|29/100
|
|-weather|Sandstorm|[upkeep]
|-damage|p1a: Kyurem|94/100|[from] Sandstorm
|-heal|p1a: Kyurem|100/100|[from] Grassy Terrain
|-heal|p2a: Tyranitar|35/100|[from] Grassy Terrain
|-heal|p2a: Tyranitar|42/100|[from] item: Leftovers
|upkeep
|turn|7
|
|t:|1760402399
|switch|p1a: Cinderace|Cinderace, F|35/100
|move|p2a: Tyranitar|Knock Off|p1a: Cinderace
|-damage|p1a: Cinderace|0 fnt
|faint|p1a: Cinderace
|
|-weather|Sandstorm|[upkeep]
|-heal|p2a: Tyranitar|48/100|[from] Grassy Terrain
|-heal|p2a: Tyranitar|54/100|[from] item: Leftovers
|upkeep
|
|t:|1760402406
|switch|p1a: Kyurem|Kyurem|100/100
|-ability|p1a: Kyurem|Pressure
|turn|8
|
|t:|1760402423
|switch|p2a: Garchomp|Garchomp, F, shiny|100/100
|move|p1a: Kyurem|Earth Power|p2a: Garchomp
|-damage|p2a: Garchomp|45/100
|
|-weather|Sandstorm|[upkeep]
|-damage|p1a: Kyurem|94/100|[from] Sandstorm
|-heal|p2a: Garchomp|51/100|[from] Grassy Terrain
|-heal|p1a: Kyurem|100/100|[from] Grassy Terrain
|upkeep
|turn|9
|inactive|ZATUGRO has 120 seconds left.
|
|t:|1760402440
|switch|p1a: Darkrai|Darkrai|100/100
|move|p2a: Garchomp|Scale Shot|p1a: Darkrai
|-damage|p1a: Darkrai|83/100
|-damage|p1a: Darkrai|66/100
|-damage|p1a: Darkrai|50/100
|-damage|p1a: Darkrai|32/100
|-hitcount|p1a: Darkrai|4
|-unboost|p2a: Garchomp|def|1
|-boost|p2a: Garchomp|spe|1
|
|-weather|Sandstorm|[upkeep]
|-damage|p1a: Darkrai|26/100|[from] Sandstorm
|-heal|p1a: Darkrai|32/100|[from] Grassy Terrain
|-heal|p2a: Garchomp|57/100|[from] Grassy Terrain
|-fieldend|move: Grassy Terrain
|upkeep
|turn|10
|inactive|ZATUGRO has 120 seconds left.
|
|t:|1760402459
|move|p1a: Darkrai|Ice Beam|p2a: Garchomp
|-supereffective|p2a: Garchomp
|-damage|p2a: Garchomp|0 fnt
|faint|p2a: Garchomp
|
|-weather|none
|upkeep
|
|t:|1760402470
|switch|p2a: Tyranitar|Tyranitar, F, shiny|54/100
|-weather|Sandstorm|[from] ability: Sand Stream|[of] p2a: Tyranitar
|turn|11
|
|t:|1760402478
|switch|p1a: Corviknight|Corviknight, F|100/100 par
|-ability|p1a: Corviknight|Pressure
|move|p2a: Tyranitar|Stealth Rock|p1a: Corviknight
|-sidestart|p1: ikiab ts pmo|move: Stealth Rock
|
|-weather|Sandstorm|[upkeep]
|-heal|p2a: Tyranitar|60/100|[from] item: Leftovers
|upkeep
|turn|12
|inactive|ZATUGRO has 120 seconds left.
|
|t:|1760402490
|switch|p2a: Gholdengo|Gholdengo, shiny|100/100
|-item|p2a: Gholdengo|Air Balloon
|move|p1a: Corviknight|Body Press|p2a: Gholdengo
|-immune|p2a: Gholdengo
|
|-weather|Sandstorm|[upkeep]
|upkeep
|turn|13
|inactive|ZATUGRO has 120 seconds left.
|
|t:|1760402500
|move|p2a: Gholdengo|Hex|p1a: Corviknight
|-damage|p1a: Corviknight|31/100 par
|move|p1a: Corviknight|U-turn|p2a: Gholdengo
|-resisted|p2a: Gholdengo
|-damage|p2a: Gholdengo|97/100
|-enditem|p2a: Gholdengo|Air Balloon
|
|t:|1760402508
|switch|p1a: Ting-Lu|Ting-Lu|100/100|[from] U-turn
|-damage|p1a: Ting-Lu|94/100|[from] Stealth Rock
|-ability|p1a: Ting-Lu|Vessel of Ruin
|
|-weather|Sandstorm|[upkeep]
|-heal|p1a: Ting-Lu|100/100|[from] item: Leftovers
|upkeep
|turn|14
|inactive|ZATUGRO has 120 seconds left.
|
|t:|1760402525
|switch|p2a: Rillaboom|Rillaboom, M, shiny|100/100
|-fieldstart|move: Grassy Terrain|[from] ability: Grassy Surge|[of] p2a: Rillaboom
|move|p1a: Ting-Lu|Stealth Rock|p2a: Rillaboom
|-sidestart|p2: ZATUGRO|move: Stealth Rock
|
|-weather|Sandstorm|[upkeep]
|-damage|p2a: Rillaboom|94/100|[from] Sandstorm
|-heal|p2a: Rillaboom|100/100|[from] Grassy Terrain
|upkeep
|turn|15
|inactive|ZATUGRO has 120 seconds left.
|
|t:|1760402548
|switch|p1a: Corviknight|Corviknight, F|31/100 par
|-damage|p1a: Corviknight|18/100 par|[from] Stealth Rock
|-ability|p1a: Corviknight|Pressure
|move|p2a: Rillaboom|Wood Hammer|p1a: Corviknight
|-resisted|p1a: Corviknight
|-damage|p1a: Corviknight|0 fnt
|-damage|p2a: Rillaboom|84/100|[from] item: Rocky Helmet|[of] p1a: Corviknight
|faint|p1a: Corviknight
|-damage|p2a: Rillaboom|77/100|[from] Recoil
|
|-weather|none
|-heal|p2a: Rillaboom|83/100|[from] Grassy Terrain
|upkeep
|
|t:|1760402560
|switch|p1a: Kyurem|Kyurem|100/100
|-damage|p1a: Kyurem|76/100|[from] Stealth Rock
|-ability|p1a: Kyurem|Pressure
|turn|16
|
|t:|1760402569
|switch|p2a: Tyranitar|Tyranitar, F, shiny|60/100
|-damage|p2a: Tyranitar|48/100|[from] Stealth Rock
|-weather|Sandstorm|[from] ability: Sand Stream|[of] p2a: Tyranitar
|-terastallize|p1a: Kyurem|Ice
|move|p1a: Kyurem|Ice Beam|p2a: Tyranitar
|-damage|p2a: Tyranitar|0 fnt
|faint|p2a: Tyranitar
|
|-weather|Sandstorm|[upkeep]
|-damage|p1a: Kyurem|70/100|[from] Sandstorm
|-heal|p1a: Kyurem|76/100|[from] Grassy Terrain
|upkeep
|inactive|ZATUGRO has 90 seconds left.
|
|t:|1760402604
|switch|p2a: Sceptile|Sceptile, F, shiny|100/100
|-damage|p2a: Sceptile|88/100|[from] Stealth Rock
|-enditem|p2a: Sceptile|Grassy Seed
|-boost|p2a: Sceptile|def|1|[from] item: Grassy Seed
|turn|17
|
|t:|1760402612
|-terastallize|p2a: Sceptile|Fire
|move|p2a: Sceptile|Swords Dance|p2a: Sceptile
|-boost|p2a: Sceptile|atk|2
|move|p1a: Kyurem|Ice Beam|p2a: Sceptile
|-resisted|p2a: Sceptile
|-damage|p2a: Sceptile|28/100
|-status|p2a: Sceptile|frz
|
|-weather|Sandstorm|[upkeep]
|-damage|p2a: Sceptile|22/100 frz|[from] Sandstorm
|-damage|p1a: Kyurem|70/100|[from] Sandstorm
|-heal|p2a: Sceptile|28/100 frz|[from] Grassy Terrain
|-heal|p1a: Kyurem|76/100|[from] Grassy Terrain
|upkeep
|turn|18
|
|t:|1760402625
|cant|p2a: Sceptile|frz
|move|p1a: Kyurem|Ice Beam|p2a: Sceptile
|-resisted|p2a: Sceptile
|-crit|p2a: Sceptile
|-damage|p2a: Sceptile|0 fnt
|faint|p2a: Sceptile
|
|-weather|Sandstorm|[upkeep]
|-damage|p1a: Kyurem|70/100|[from] Sandstorm
|-heal|p1a: Kyurem|76/100|[from] Grassy Terrain
|-fieldend|move: Grassy Terrain
|upkeep
|inactive|ZATUGRO has 90 seconds left.
|
|t:|1760402637
|switch|p2a: Gholdengo|Gholdengo, shiny|97/100
|-damage|p2a: Gholdengo|91/100|[from] Stealth Rock
|turn|19
|
|t:|1760402649
|switch|p1a: Ting-Lu|Ting-Lu|100/100
|-damage|p1a: Ting-Lu|94/100|[from] Stealth Rock
|-ability|p1a: Ting-Lu|Vessel of Ruin
|switch|p2a: Rillaboom|Rillaboom, M, shiny|83/100
|-damage|p2a: Rillaboom|71/100|[from] Stealth Rock
|-fieldstart|move: Grassy Terrain|[from] ability: Grassy Surge|[of] p2a: Rillaboom
|
|-weather|Sandstorm|[upkeep]
|-damage|p2a: Rillaboom|65/100|[from] Sandstorm
|-heal|p2a: Rillaboom|71/100|[from] Grassy Terrain
|-heal|p1a: Ting-Lu|100/100|[from] Grassy Terrain
|upkeep
|turn|20
|inactive|ZATUGRO has 90 seconds left.
|c|☆ikiab ts pmo|that was a great double
|
|t:|1760402669
|move|p2a: Rillaboom|Wood Hammer|p1a: Ting-Lu
|-supereffective|p1a: Ting-Lu
|-damage|p1a: Ting-Lu|0 fnt
|faint|p1a: Ting-Lu
|-damage|p2a: Rillaboom|21/100|[from] Recoil
|
|-weather|none
|-heal|p2a: Rillaboom|27/100|[from] Grassy Terrain
|upkeep
|
|t:|1760402673
|switch|p1a: Kyurem|Kyurem, tera:Ice|76/100
|-damage|p1a: Kyurem|51/100|[from] Stealth Rock
|-ability|p1a: Kyurem|Pressure
|turn|21
|inactive|ZATUGRO has 90 seconds left.
|
|t:|1760402686
|switch|p2a: Zapdos|Zapdos, shiny|79/100
|move|p1a: Kyurem|Ice Beam|p2a: Zapdos
|-supereffective|p2a: Zapdos
|-damage|p2a: Zapdos|0 fnt
|faint|p2a: Zapdos
|
|-heal|p1a: Kyurem|57/100|[from] Grassy Terrain
|upkeep
|inactive|ZATUGRO has 90 seconds left.
|
|t:|1760402695
|switch|p2a: Gholdengo|Gholdengo, shiny|91/100
|-damage|p2a: Gholdengo|85/100|[from] Stealth Rock
|turn|22
|inactive|ZATUGRO has 90 seconds left.
|
|t:|1760402707
|move|p1a: Kyurem|Ice Beam|p2a: Gholdengo
|-resisted|p2a: Gholdengo
|-damage|p2a: Gholdengo|42/100
|move|p2a: Gholdengo|Thunder Wave|p1a: Kyurem
|-status|p1a: Kyurem|par
|
|-heal|p2a: Gholdengo|48/100|[from] Grassy Terrain
|-heal|p1a: Kyurem|63/100 par|[from] Grassy Terrain
|upkeep
|turn|23
|inactive|ZATUGRO has 90 seconds left.
|
|t:|1760402718
|move|p2a: Gholdengo|Recover|p2a: Gholdengo
|-heal|p2a: Gholdengo|98/100
|move|p1a: Kyurem|Ice Beam|p2a: Gholdengo
|-resisted|p2a: Gholdengo
|-damage|p2a: Gholdengo|57/100
|
|-heal|p2a: Gholdengo|63/100|[from] Grassy Terrain
|-heal|p1a: Kyurem|69/100 par|[from] Grassy Terrain
|-fieldend|move: Grassy Terrain
|upkeep
|turn|24
|inactive|ZATUGRO has 90 seconds left.
|
|t:|1760402741
|move|p2a: Gholdengo|Recover|p2a: Gholdengo
|-heal|p2a: Gholdengo|100/100
|move|p1a: Kyurem|Ice Beam|p2a: Gholdengo
|-resisted|p2a: Gholdengo
|-damage|p2a: Gholdengo|55/100
|
|upkeep
|turn|25
|
|t:|1760402748
|switch|p1a: Darkrai|Darkrai|32/100
|-damage|p1a: Darkrai|19/100|[from] Stealth Rock
|move|p2a: Gholdengo|Recover|p2a: Gholdengo
|-heal|p2a: Gholdengo|100/100
|
|upkeep
|turn|26
|inactive|ZATUGRO has 90 seconds left.
|
|t:|1760402780
|move|p1a: Darkrai|Trick|p2a: Gholdengo
|-immune|p2a: Gholdengo|[from] ability: Good as Gold
|move|p2a: Gholdengo|Make It Rain|p1a: Darkrai
|-damage|p1a: Darkrai|0 fnt
|-unboost|p2a: Gholdengo|spa|1
|faint|p1a: Darkrai
|
|upkeep
|
|t:|1760402786
|switch|p1a: Slowking|Slowking-Galar, F|95/100
|turn|27
|c|☆ikiab ts pmo|I FORGOT ABOUT HIS ABILITY
|
|t:|1760402803
|move|p2a: Gholdengo|Thunder Wave|p1a: Slowking
|-status|p1a: Slowking|par
|cant|p1a: Slowking|par
|
|upkeep
|turn|28
|-message|ikiab ts pmo forfeited.
|
|win|ZATUGRO
|raw|ikiab ts pmo's rating: 1342 &rarr; <strong>1322</strong><br />(-20 for losing)
|raw|ZATUGRO's rating: 1348 &rarr; <strong>1368</strong><br />(+20 for winning)
|l|☆ikiab ts pmo
|player|p1|
|l|☆ZATUGRO
|player|p2|
