|j|☆aizzer
|j|☆luketheidiot
|t:|1760400449
|gametype|singles
|player|p1|aizzer|giovanni|1127
|player|p2|luketheidiot|iris-gen5bw2|1122
|gen|9
|tier|[Gen 9] OU
|rated|
|rule|HP Percentage Mod: HP is shown in percentages
|rule|Endless Battle Clause: Forcing endless battles is banned
|rule|Species Clause: Limit one of each Pokémon
|rule|OHKO Clause: OHKO moves are banned
|rule|Evasion Items Clause: Evasion items are banned
|rule|Evasion Moves Clause: Evasion moves are banned
|rule|Evasion Abilities Clause: Evasion abilities are banned
|rule|Sleep Moves Clause: Sleep-inducing moves are banned
|clearpoke
|poke|p1|Slowking-Galar, M|
|poke|p1|Gholdengo|
|poke|p1|Great Tusk|
|poke|p1|Smeargle, F|
|poke|p1|Dragonite, F|
|poke|p1|Weavile, F|
|poke|p2|Greninja-*, M|
|poke|p2|Talonflame, M|
|poke|p2|Volcanion|
|poke|p2|Diancie|
|poke|p2|Gogoat, M|
|poke|p2|Florges-Blue, F|
|teampreview
|inactive|Battle timer is ON: inactive players will automatically lose when time's up. (requested by luketheidiot)
|
|t:|1760400467
|teamsize|p1|6
|teamsize|p2|6
|start
|switch|p1a: Weavile|Weavile, F, shiny|100/100
|switch|p2a: Talonflame|Talonflame, M|100/100
|-ability|p1a: Weavile|Pressure
|turn|1
|
|t:|1760400475
|move|p2a: Talonflame|Will-O-Wisp|p1a: Weavile|[miss]
|-miss|p2a: Talonflame|p1a: Weavile
|move|p1a: Weavile|Knock Off|p2a: Talonflame
|-damage|p2a: Talonflame|0 fnt
|-status|p1a: Weavile|brn|[from] ability: Flame Body|[of] p2a: Talonflame
|-enditem|p2a: Talonflame|Heavy-Duty Boots|[from] move: Knock Off|[of] p1a: Weavile
|faint|p2a: Talonflame
|
|-damage|p1a: Weavile|94/100 brn|[from] brn
|upkeep
|
|t:|1760400483
|switch|p2a: Diancie|Diancie|100/100
|turn|2
|
|t:|1760400486
|move|p1a: Weavile|Knock Off|p2a: Diancie
|-resisted|p2a: Diancie
|-damage|p2a: Diancie|87/100
|-enditem|p2a: Diancie|Leftovers|[from] move: Knock Off|[of] p1a: Weavile
|move|p2a: Diancie|Diamond Storm|p1a: Weavile
|-supereffective|p1a: Weavile
|-damage|p1a: Weavile|0 fnt
|faint|p1a: Weavile
|
|upkeep
|
|t:|1760400500
|switch|p1a: Smeargle|Smeargle, F|100/100
|turn|3
|
|t:|1760400504
|move|p1a: Smeargle|Sticky Web|p2a: Diancie
|-sidestart|p2: luketheidiot|move: Sticky Web
|move|p2a: Diancie|Diamond Storm|p1a: Smeargle
|-enditem|p1a: Smeargle|Focus Sash
|-damage|p1a: Smeargle|1/100
|-boost|p2a: Diancie|def|2
|
|upkeep
|turn|4
|
|t:|1760400512
|move|p1a: Smeargle|Stone Axe|p2a: Diancie
|-damage|p2a: Diancie|83/100
|-sidestart|p2: luketheidiot|move: Stealth Rock
|move|p2a: Diancie|Diamond Storm|p1a: Smeargle
|-damage|p1a: Smeargle|0 fnt
|faint|p1a: Smeargle
|
|upkeep
|
|t:|1760400541
|switch|p1a: Slowking|Slowking-Galar, M|100/100
|turn|5
|
|t:|1760400544
|move|p2a: Diancie|Amnesia|p2a: Diancie
|-boost|p2a: Diancie|spd|2
|move|p1a: Slowking|Surf|p2a: Diancie
|-supereffective|p2a: Diancie
|-damage|p2a: Diancie|55/100
|
|upkeep
|turn|6
|
|t:|1760400553
|move|p2a: Diancie|Amnesia|p2a: Diancie
|-boost|p2a: Diancie|spd|2
|move|p1a: Slowking|Surf|p2a: Diancie
|-supereffective|p2a: Diancie
|-damage|p2a: Diancie|34/100
|
|upkeep
|turn|7
|
|t:|1760400561
|switch|p1a: Great Tusk|Great Tusk|100/100
|-enditem|p1a: Great Tusk|Booster Energy
|-activate|p1a: Great Tusk|ability: Protosynthesis|[fromitem]
|-start|p1a: Great Tusk|protosynthesisspe
|move|p2a: Diancie|Stored Power|p1a: Great Tusk
|-supereffective|p1a: Great Tusk
|-damage|p1a: Great Tusk|2/100
|
|upkeep
|turn|8
|
|t:|1760400573
|move|p1a: Great Tusk|Headlong Rush|p2a: Diancie
|-supereffective|p2a: Diancie
|-damage|p2a: Diancie|0 fnt
|-unboost|p1a: Great Tusk|def|1
|-unboost|p1a: Great Tusk|spd|1
|faint|p2a: Diancie
|
|upkeep
|
|t:|1760400577
|switch|p2a: Greninja|Greninja, M|100/100
|-activate|p2a: Greninja|move: Sticky Web
|-unboost|p2a: Greninja|spe|1
|-damage|p2a: Greninja|88/100|[from] Stealth Rock
|turn|9
|
|t:|1760400588
|move|p2a: Greninja|Water Shuriken|p1a: Great Tusk
|-supereffective|p1a: Great Tusk
|-damage|p1a: Great Tusk|0 fnt
|faint|p1a: Great Tusk
|-end|p1a: Great Tusk|Protosynthesis|[silent]
|-ability|p2a: Greninja|Battle Bond|boost
|-boost|p2a: Greninja|atk|1
|-boost|p2a: Greninja|spa|1
|-boost|p2a: Greninja|spe|1
|-activate|p2a: Greninja|ability: Battle Bond
|-hitcount|p1: Great Tusk|1
|
|upkeep
|c|☆aizzer|.....
|c|☆aizzer|that poke ... don t exist in SV
|c|☆aizzer|this talent
|inactive|aizzer has 120 seconds left.
|c|☆aizzer|ppfff
|
|t:|1760400642
|switch|p1a: Gholdengo|Gholdengo, shiny|100/100
|-item|p1a: Gholdengo|Air Balloon
|turn|10
|
|t:|1760400655
|-terastallize|p1a: Gholdengo|Water
|move|p2a: Greninja|Dark Pulse|p1a: Gholdengo
|-damage|p1a: Gholdengo|37/100
|-enditem|p1a: Gholdengo|Air Balloon
|move|p1a: Gholdengo|Dazzling Gleam|p2a: Greninja
|-supereffective|p2a: Greninja
|-damage|p2a: Greninja|0 fnt
|faint|p2a: Greninja
|
|upkeep
|
|t:|1760400666
|switch|p2a: Gogoat|Gogoat, M|100/100
|-activate|p2a: Gogoat|move: Sticky Web
|-unboost|p2a: Gogoat|spe|1
|-damage|p2a: Gogoat|88/100|[from] Stealth Rock
|turn|11
|
|t:|1760400680
|move|p1a: Gholdengo|Make It Rain|p2a: Gogoat
|-damage|p2a: Gogoat|18/100
|-unboost|p1a: Gholdengo|spa|1
|move|p2a: Gogoat|Trailblaze|p1a: Gholdengo
|-supereffective|p1a: Gholdengo
|-damage|p1a: Gholdengo|0 fnt
|-boost|p2a: Gogoat|spe|1
|faint|p1a: Gholdengo
|
|-heal|p2a: Gogoat|24/100|[from] item: Leftovers
|upkeep
|
|t:|1760400693
|switch|p1a: Dragonite|Dragonite, F|100/100
|turn|12
|
|t:|1760400699
|move|p1a: Dragonite|Fire Punch|p2a: Gogoat
|-supereffective|p2a: Gogoat
|-damage|p2a: Gogoat|0 fnt
|faint|p2a: Gogoat
|
|upkeep
|
|t:|1760400702
|switch|p2a: Volcanion|Volcanion|100/100
|-activate|p2a: Volcanion|move: Sticky Web
|-unboost|p2a: Volcanion|spe|1
|-damage|p2a: Volcanion|76/100|[from] Stealth Rock
|turn|13
|inactive|aizzer has 120 seconds left.
|
|t:|1760400720
|move|p1a: Dragonite|Earthquake|p2a: Volcanion
|-supereffective|p2a: Volcanion
|-damage|p2a: Volcanion|13/100
|move|p2a: Volcanion|Steam Eruption|p1a: Dragonite
|-resisted|p1a: Dragonite
|-damage|p1a: Dragonite|87/100
|
|-heal|p2a: Volcanion|19/100|[from] item: Leftovers
|upkeep
|turn|14
|
|t:|1760400729
|move|p1a: Dragonite|Earthquake|p2a: Volcanion
|-supereffective|p2a: Volcanion
|-damage|p2a: Volcanion|0 fnt
|faint|p2a: Volcanion
|
|upkeep
|
|t:|1760400731
|switch|p2a: Florges|Florges-Blue, F|100/100
|-activate|p2a: Florges|move: Sticky Web
|-unboost|p2a: Florges|spe|1
|-damage|p2a: Florges|88/100|[from] Stealth Rock
|turn|15
|inactive|aizzer has 120 seconds left.
|
|t:|1760400756
|move|p2a: Florges|Protect|p2a: Florges
|-singleturn|p2a: Florges|Protect
|move|p1a: Dragonite|Earthquake|p2a: Florges
|-activate|p2a: Florges|move: Protect
|
|-heal|p2a: Florges|94/100|[from] item: Leftovers
|upkeep
|turn|16
|
|t:|1760400763
|move|p1a: Dragonite|Earthquake|p2a: Florges
|-damage|p2a: Florges|53/100
|move|p2a: Florges|Moonblast|p1a: Dragonite
|-supereffective|p1a: Dragonite
|-damage|p1a: Dragonite|0 fnt
|faint|p1a: Dragonite
|
|-heal|p2a: Florges|59/100|[from] item: Leftovers
|upkeep
|
|t:|1760400771
|switch|p1a: Slowking|Slowking-Galar, M|100/100
|turn|17
|
|t:|1760400776
|move|p2a: Florges|Wish|p2a: Florges
|move|p1a: Slowking|Sludge Bomb|p2a: Florges
|-supereffective|p2a: Florges
|-damage|p2a: Florges|3/100
|
|-heal|p2a: Florges|9/100|[from] item: Leftovers
|upkeep
|turn|18
|
|t:|1760400783
|move|p2a: Florges|Protect|p2a: Florges
|-singleturn|p2a: Florges|Protect
|move|p1a: Slowking|Sludge Bomb|p2a: Florges
|-activate|p2a: Florges|move: Protect
|
|-heal|p2a: Florges|59/100|[from] move: Wish|[wisher] Florges
|-heal|p2a: Florges|65/100|[from] item: Leftovers
|upkeep
|turn|19
|
|t:|1760400794
|-terastallize|p2a: Florges|Ground
|move|p2a: Florges|Wish|p2a: Florges
|move|p1a: Slowking|Sludge Bomb|p2a: Florges
|-resisted|p2a: Florges
|-crit|p2a: Florges
|-damage|p2a: Florges|43/100
|
|-heal|p2a: Florges|49/100|[from] item: Leftovers
|upkeep
|turn|20
|
|t:|1760400802
|move|p2a: Florges|Protect|p2a: Florges
|-singleturn|p2a: Florges|Protect
|move|p1a: Slowking|Surf|p2a: Florges
|-activate|p2a: Florges|move: Protect
|
|-heal|p2a: Florges|99/100|[from] move: Wish|[wisher] Florges
|-heal|p2a: Florges|100/100|[from] item: Leftovers
|upkeep
|turn|21
|
|t:|1760400809
|move|p2a: Florges|Moonblast|p1a: Slowking
|-resisted|p1a: Slowking
|-damage|p1a: Slowking|89/100
|move|p1a: Slowking|Surf|p2a: Florges
|-supereffective|p2a: Florges
|-damage|p2a: Florges|64/100
|
|-heal|p2a: Florges|70/100|[from] item: Leftovers
|upkeep
|turn|22
|
|t:|1760400817
|move|p2a: Florges|Wish|p2a: Florges
|move|p1a: Slowking|Surf|p2a: Florges
|-supereffective|p2a: Florges
|-damage|p2a: Florges|32/100
|
|-heal|p2a: Florges|38/100|[from] item: Leftovers
|upkeep
|turn|23
|
|t:|1760400825
|move|p2a: Florges|Moonblast|p1a: Slowking
|-resisted|p1a: Slowking
|-damage|p1a: Slowking|79/100
|move|p1a: Slowking|Surf|p2a: Florges
|-supereffective|p2a: Florges
|-damage|p2a: Florges|2/100
|
|-heal|p2a: Florges|52/100|[from] move: Wish|[wisher] Florges
|-heal|p2a: Florges|58/100|[from] item: Leftovers
|upkeep
|turn|24
|
|t:|1760400835
|move|p2a: Florges|Wish|p2a: Florges
|move|p1a: Slowking|Surf|p2a: Florges
|-supereffective|p2a: Florges
|-damage|p2a: Florges|18/100
|
|-heal|p2a: Florges|24/100|[from] item: Leftovers
|upkeep
|turn|25
|c|☆aizzer|you are anoying
|
|t:|1760400847
|move|p2a: Florges|Moonblast|p1a: Slowking
|-resisted|p1a: Slowking
|-damage|p1a: Slowking|67/100
|move|p1a: Slowking|Surf|p2a: Florges
|-supereffective|p2a: Florges
|-damage|p2a: Florges|0 fnt
|faint|p2a: Florges
|
|win|aizzer
|raw|aizzer's rating: 1127 &rarr; <strong>1152</strong><br />(+25 for winning)
|raw|luketheidiot's rating: 1122 &rarr; <strong>1097</strong><br />(-25 for losing)
|l|☆luketheidiot
|player|p2|
|l|☆aizzer
|player|p1|
