|j|☆sack800
|j|☆yanso777
|t:|1760349320
|gametype|singles
|player|p1|sack800|burglar|1191
|player|p2|yanso777|101|1290
|gen|9
|tier|[Gen 9] OU
|rated|
|rule|HP Percentage Mod: HP is shown in percentages
|rule|Endless Battle Clause: Forcing endless battles is banned
|rule|Species Clause: Limit one of each Pokémon
|rule|OHKO Clause: OHKO moves are banned
|rule|Evasion Items Clause: Evasion items are banned
|rule|Evasion Moves Clause: Evasion moves are banned
|rule|Evasion Abilities Clause: Evasion abilities are banned
|rule|Sleep Moves Clause: Sleep-inducing moves are banned
|clearpoke
|poke|p1|Dragonite, F|
|poke|p1|Deoxys-Speed|
|poke|p1|Great Tusk|
|poke|p1|Kingambit, F|
|poke|p1|Glimmora, F|
|poke|p1|Iron Valiant|
|poke|p2|Moltres|
|poke|p2|Ting-Lu|
|poke|p2|Walking Wake|
|poke|p2|Torkoal, F|
|poke|p2|Leafeon, F|
|poke|p2|Sandy Shocks|
|teampreview
|inactive|Battle timer is ON: inactive players will automatically lose when time's up. (requested by yanso777)
|
|t:|1760349328
|teamsize|p1|6
|teamsize|p2|6
|start
|switch|p1a: Glimmora|Glimmora, F|100/100
|switch|p2a: Torkoal|Torkoal, F|100/100
|-weather|SunnyDay|[from] ability: Drought|[of] p2a: Torkoal
|turn|1
|
|t:|1760349334
|move|p1a: Glimmora|Stealth Rock|p2a: Torkoal
|-sidestart|p2: yanso777|move: Stealth Rock
|move|p2a: Torkoal|Stealth Rock|p1a: Glimmora
|-sidestart|p1: sack800|move: Stealth Rock
|
|-weather|SunnyDay|[upkeep]
|upkeep
|turn|2
|
|t:|1760349337
|move|p1a: Glimmora|Meteor Beam||[still]
|-prepare|p1a: Glimmora|Meteor Beam
|-boost|p1a: Glimmora|spa|1
|-enditem|p1a: Glimmora|Power Herb
|-anim|p1a: Glimmora|Meteor Beam|p2a: Torkoal
|-supereffective|p2a: Torkoal
|-damage|p2a: Torkoal|0 fnt
|faint|p2a: Torkoal
|
|-weather|SunnyDay|[upkeep]
|upkeep
|
|t:|1760349346
|switch|p2a: Ting-Lu|Ting-Lu|100/100
|-damage|p2a: Ting-Lu|94/100|[from] Stealth Rock
|-ability|p2a: Ting-Lu|Vessel of Ruin
|turn|3
|
|t:|1760349351
|move|p1a: Glimmora|Mortal Spin|p2a: Ting-Lu
|-resisted|p2a: Ting-Lu
|-damage|p2a: Ting-Lu|93/100
|-status|p2a: Ting-Lu|psn
|-sideend|p1: sack800|Stealth Rock|[from] move: Mortal Spin|[of] p1a: Glimmora
|move|p2a: Ting-Lu|Earthquake|p1a: Glimmora
|-supereffective|p1a: Glimmora
|-damage|p1a: Glimmora|0 fnt
|-activate|p1a: Glimmora|ability: Toxic Debris
|-sidestart|p2: yanso777|move: Toxic Spikes
|faint|p1a: Glimmora
|
|-weather|SunnyDay|[upkeep]
|-heal|p2a: Ting-Lu|99/100 psn|[from] item: Leftovers
|-damage|p2a: Ting-Lu|86/100 psn|[from] psn
|upkeep
|
|t:|1760349358
|switch|p1a: Great Tusk|Great Tusk|100/100
|-activate|p1a: Great Tusk|ability: Protosynthesis
|-start|p1a: Great Tusk|protosynthesisspe
|turn|4
|inactive|yanso777 has 120 seconds left.
|inactive|yanso777 has 90 seconds left.
|inactive|yanso777 has 60 seconds left.
|inactive|yanso777 has 30 seconds left.
|inactive|yanso777 has 20 seconds left.
|
|t:|1760349489
|switch|p2a: Moltres|Moltres|100/100
|move|p1a: Great Tusk|Bulk Up|p1a: Great Tusk
|-boost|p1a: Great Tusk|atk|1
|-boost|p1a: Great Tusk|def|1
|
|-weather|SunnyDay|[upkeep]
|upkeep
|turn|5
|inactive|yanso777 has 30 seconds left this turn.
|
|t:|1760349516
|move|p1a: Great Tusk|Taunt|p2a: Moltres
|-start|p2a: Moltres|move: Taunt
|cant|p2a: Moltres|move: Taunt|Roar
|
|-weather|SunnyDay|[upkeep]
|upkeep
|turn|6
|
|t:|1760349522
|move|p1a: Great Tusk|Head Smash|p2a: Moltres
|-supereffective|p2a: Moltres
|-damage|p2a: Moltres|0 fnt
|faint|p2a: Moltres
|-damage|p1a: Great Tusk|56/100|[from] Recoil
|
|-weather|SunnyDay|[upkeep]
|upkeep
|
|t:|1760349527
|switch|p2a: Walking Wake|Walking Wake|100/100
|-activate|p2a: Walking Wake|ability: Protosynthesis
|-start|p2a: Walking Wake|protosynthesisspe
|turn|7
|
|t:|1760349535
|move|p2a: Walking Wake|Hydro Steam|p1a: Great Tusk
|-supereffective|p1a: Great Tusk
|-damage|p1a: Great Tusk|0 fnt
|faint|p1a: Great Tusk
|-end|p1a: Great Tusk|Protosynthesis|[silent]
|
|-weather|SunnyDay|[upkeep]
|upkeep
|
|t:|1760349539
|switch|p1a: Iron Valiant|Iron Valiant|100/100
|-enditem|p1a: Iron Valiant|Booster Energy
|-activate|p1a: Iron Valiant|ability: Quark Drive|[fromitem]
|-start|p1a: Iron Valiant|quarkdrivespe
|turn|8
|
|t:|1760349545
|move|p1a: Iron Valiant|Moonblast|p2a: Walking Wake
|-supereffective|p2a: Walking Wake
|-damage|p2a: Walking Wake|0 fnt
|faint|p2a: Walking Wake
|-end|p2a: Walking Wake|Protosynthesis|[silent]
|
|-weather|none
|upkeep
|
|t:|1760349549
|switch|p2a: Ting-Lu|Ting-Lu|86/100 psn
|-damage|p2a: Ting-Lu|80/100 psn|[from] Stealth Rock
|-ability|p2a: Ting-Lu|Vessel of Ruin
|turn|9
|inactive|yanso777 has 60 seconds left.
|
|t:|1760349565
|move|p1a: Iron Valiant|Moonblast|p2a: Ting-Lu
|-supereffective|p2a: Ting-Lu
|-damage|p2a: Ting-Lu|43/100 psn
|-unboost|p2a: Ting-Lu|spa|1
|move|p2a: Ting-Lu|Sunny Day|p2a: Ting-Lu
|-weather|SunnyDay
|
|-weather|SunnyDay|[upkeep]
|-heal|p2a: Ting-Lu|50/100 psn|[from] item: Leftovers
|-damage|p2a: Ting-Lu|37/100 psn|[from] psn
|upkeep
|turn|10
|
|t:|1760349574
|move|p1a: Iron Valiant|Taunt|p2a: Ting-Lu
|-start|p2a: Ting-Lu|move: Taunt
|move|p2a: Ting-Lu|Ruination|p1a: Iron Valiant|[miss]
|-miss|p2a: Ting-Lu|p1a: Iron Valiant
|
|-weather|SunnyDay|[upkeep]
|-heal|p2a: Ting-Lu|43/100 psn|[from] item: Leftovers
|-damage|p2a: Ting-Lu|31/100 psn|[from] psn
|upkeep
|turn|11
|
|t:|1760349580
|move|p1a: Iron Valiant|Moonblast|p2a: Ting-Lu
|-supereffective|p2a: Ting-Lu
|-damage|p2a: Ting-Lu|0 fnt
|faint|p2a: Ting-Lu
|
|-weather|SunnyDay|[upkeep]
|upkeep
|
|t:|1760349597
|switch|p2a: Sandy Shocks|Sandy Shocks|100/100
|-damage|p2a: Sandy Shocks|94/100|[from] Stealth Rock
|-item|p2a: Sandy Shocks|Air Balloon
|-activate|p2a: Sandy Shocks|ability: Protosynthesis
|-start|p2a: Sandy Shocks|protosynthesisspe
|turn|12
|
|t:|1760349603
|move|p1a: Iron Valiant|Moonblast|p2a: Sandy Shocks
|-damage|p2a: Sandy Shocks|42/100
|-enditem|p2a: Sandy Shocks|Air Balloon
|move|p2a: Sandy Shocks|Earth Power|p1a: Iron Valiant
|-damage|p1a: Iron Valiant|10/100
|
|-weather|SunnyDay|[upkeep]
|upkeep
|turn|13
|
|t:|1760349610
|move|p1a: Iron Valiant|Moonblast|p2a: Sandy Shocks
|-crit|p2a: Sandy Shocks
|-damage|p2a: Sandy Shocks|0 fnt
|faint|p2a: Sandy Shocks
|-end|p2a: Sandy Shocks|Protosynthesis|[silent]
|
|-weather|none
|upkeep
|
|t:|1760349611
|switch|p2a: Leafeon|Leafeon, F|100/100
|-damage|p2a: Leafeon|88/100|[from] Stealth Rock
|-status|p2a: Leafeon|psn
|-enditem|p2a: Leafeon|Lum Berry|[eat]
|-curestatus|p2a: Leafeon|psn|[msg]
|turn|14
|
|t:|1760349617
|move|p1a: Iron Valiant|Taunt|p2a: Leafeon
|-start|p2a: Leafeon|move: Taunt
|move|p2a: Leafeon|Knock Off|p1a: Iron Valiant
|-resisted|p1a: Iron Valiant
|-damage|p1a: Iron Valiant|4/100
|
|upkeep
|turn|15
|
|t:|1760349620
|move|p1a: Iron Valiant|Moonblast|p2a: Leafeon
|-damage|p2a: Leafeon|5/100
|-unboost|p2a: Leafeon|spa|1
|move|p2a: Leafeon|Tera Blast|p1a: Iron Valiant
|-crit|p1a: Iron Valiant
|-damage|p1a: Iron Valiant|0 fnt
|faint|p1a: Iron Valiant
|-end|p1a: Iron Valiant|Quark Drive|[silent]
|
|upkeep
|
|t:|1760349624
|switch|p1a: Dragonite|Dragonite, F|100/100
|turn|16
|
|t:|1760349627
|move|p2a: Leafeon|Knock Off|p1a: Dragonite
|-damage|p1a: Dragonite|84/100
|-enditem|p1a: Dragonite|Leftovers|[from] move: Knock Off|[of] p2a: Leafeon
|move|p1a: Dragonite|Dragon Dance|p1a: Dragonite
|-boost|p1a: Dragonite|atk|1
|-boost|p1a: Dragonite|spe|1
|
|-end|p2a: Leafeon|move: Taunt
|upkeep
|turn|17
|
|t:|1760349631
|-terastallize|p1a: Dragonite|Flying
|move|p1a: Dragonite|Tera Blast|p2a: Leafeon|[anim] Tera Blast Flying
|-supereffective|p2a: Leafeon
|-damage|p2a: Leafeon|0 fnt
|faint|p2a: Leafeon
|
|win|sack800
|raw|sack800's rating: 1191 &rarr; <strong>1223</strong><br />(+32 for winning)
|raw|yanso777's rating: 1290 &rarr; <strong>1258</strong><br />(-32 for losing)
|l|☆sack800
|player|p1|
|l|☆yanso777
|player|p2|
