|j|☆Lotadfan22
|j|☆Rafiok
|t:|1760365780
|gametype|singles
|player|p1|Lotadfan22|blaine|1183
|player|p2|Rafiok|lucas-gen4pt|1215
|gen|9
|tier|[Gen 9] OU
|rated|
|rule|HP Percentage Mod: HP is shown in percentages
|rule|Endless Battle Clause: Forcing endless battles is banned
|rule|Species Clause: Limit one of each Pokémon
|rule|OHKO Clause: OHKO moves are banned
|rule|Evasion Items Clause: Evasion items are banned
|rule|Evasion Moves Clause: Evasion moves are banned
|rule|Evasion Abilities Clause: Evasion abilities are banned
|rule|Sleep Moves Clause: Sleep-inducing moves are banned
|clearpoke
|poke|p1|Ludicolo, F|
|poke|p1|Pelipper, F|
|poke|p1|Raging Bolt|
|poke|p1|Barraskewda, F|
|poke|p1|Kingambit, F|
|poke|p1|Zapdos|
|poke|p2|Pelipper, F|
|poke|p2|Raging Bolt|
|poke|p2|Kingambit, M|
|poke|p2|Ogerpon-Wellspring, F|
|poke|p2|Iron Treads|
|poke|p2|Barraskewda, M|
|teampreview
|inactive|Battle timer is ON: inactive players will automatically lose when time's up. (requested by Rafiok)
|inactive|Rafiok has 120 seconds left.
|c|☆Rafiok|hf
|
|t:|1760365814
|teamsize|p1|6
|teamsize|p2|6
|start
|switch|p1a: Pianta|Ludicolo, F, shiny|100/100
|switch|p2a: Raging Bolt|Raging Bolt|100/100
|turn|1
|c|☆Lotadfan22|u2
|
|t:|1760365834
|move|p1a: Pianta|Ice Beam|p2a: Raging Bolt
|-supereffective|p2a: Raging Bolt
|-damage|p2a: Raging Bolt|43/100
|-damage|p1a: Pianta|91/100|[from] item: Life Orb
|move|p2a: Raging Bolt|Thunder|p1a: Pianta
|-damage|p1a: Pianta|20/100
|
|-heal|p2a: Raging Bolt|49/100|[from] item: Leftovers
|upkeep
|turn|2
|
|t:|1760365858
|move|p2a: Raging Bolt|Thunderclap||[still]
|-fail|p2a: Raging Bolt
|move|p1a: Pianta|Encore|p2a: Raging Bolt
|-start|p2a: Raging Bolt|Encore
|
|-heal|p2a: Raging Bolt|56/100|[from] item: Leftovers
|upkeep
|turn|3
|
|t:|1760365872
|switch|p1a: Kingambit|Kingambit, F|100/100
|move|p2a: Raging Bolt|Thunderclap||[still]
|-fail|p2a: Raging Bolt
|
|-heal|p2a: Raging Bolt|62/100|[from] item: Leftovers
|upkeep
|turn|4
|
|t:|1760365883
|-end|p2a: Raging Bolt|Protosynthesis|[silent]
|switch|p2a: Pelipper|Pelipper, F|100/100
|-weather|RainDance|[from] ability: Drizzle|[of] p2a: Pelipper
|move|p1a: Kingambit|Swords Dance|p1a: Kingambit
|-boost|p1a: Kingambit|atk|2
|
|-weather|RainDance|[upkeep]
|upkeep
|turn|5
|
|t:|1760365899
|move|p1a: Kingambit|Kowtow Cleave|p2a: Pelipper
|-damage|p2a: Pelipper|9/100
|move|p2a: Pelipper|Weather Ball|p1a: Kingambit
|-damage|p1a: Kingambit|48/100
|
|-weather|RainDance|[upkeep]
|upkeep
|turn|6
|
|t:|1760365914
|switch|p2a: Iron Treads|Iron Treads|100/100
|move|p1a: Kingambit|Low Kick|p2a: Iron Treads
|-supereffective|p2a: Iron Treads
|-damage|p2a: Iron Treads|0 fnt
|faint|p2a: Iron Treads
|-end|p2a: Iron Treads|Quark Drive|[silent]
|
|-weather|RainDance|[upkeep]
|upkeep
|
|t:|1760365925
|switch|p2a: Barraskewda|Barraskewda, M|100/100
|turn|7
|
|t:|1760365931
|move|p1a: Kingambit|Sucker Punch|p2a: Barraskewda
|-damage|p2a: Barraskewda|0 fnt
|faint|p2a: Barraskewda
|
|-weather|RainDance|[upkeep]
|upkeep
|
|t:|1760365935
|switch|p2a: Ogerpon|Ogerpon-Wellspring, F|100/100
|turn|8
|
|t:|1760365957
|move|p1a: Kingambit|Sucker Punch||[still]
|-fail|p1a: Kingambit
|move|p2a: Ogerpon|Encore|p1a: Kingambit
|-start|p1a: Kingambit|Encore
|
|-weather|RainDance|[upkeep]
|upkeep
|turn|9
|
|t:|1760365961
|-end|p1a: Kingambit|fallenundefined|[silent]
|switch|p1a: Pianta|Ludicolo, F, shiny|20/100
|move|p2a: Ogerpon|Swords Dance|p2a: Ogerpon
|-boost|p2a: Ogerpon|atk|2
|
|-weather|RainDance|[upkeep]
|upkeep
|turn|10
|
|t:|1760365974
|move|p1a: Pianta|Encore|p2a: Ogerpon
|-start|p2a: Ogerpon|Encore
|move|p2a: Ogerpon|Swords Dance|p2a: Ogerpon
|-boost|p2a: Ogerpon|atk|2
|
|-weather|RainDance|[upkeep]
|upkeep
|turn|11
|
|t:|1760365978
|move|p1a: Pianta|Giga Drain|p2a: Ogerpon
|-damage|p2a: Ogerpon|51/100
|-heal|p1a: Pianta|43/100|[from] drain|[of] p2a: Ogerpon
|-damage|p1a: Pianta|33/100|[from] item: Life Orb
|move|p2a: Ogerpon|Swords Dance|p2a: Ogerpon
|-boost|p2a: Ogerpon|atk|2
|
|-weather|none
|upkeep
|turn|12
|
|t:|1760365998
|move|p2a: Ogerpon|Swords Dance|p2a: Ogerpon
|-boost|p2a: Ogerpon|atk|0
|move|p1a: Pianta|Giga Drain|p2a: Ogerpon
|-damage|p2a: Ogerpon|0 fnt
|-heal|p1a: Pianta|56/100|[from] drain|[of] p2a: Ogerpon
|faint|p2a: Ogerpon
|-damage|p1a: Pianta|47/100|[from] item: Life Orb
|
|upkeep
|c|☆Rafiok|gg
|
|t:|1760366009
|switch|p2a: Raging Bolt|Raging Bolt|62/100
|turn|13
|
|t:|1760366024
|move|p1a: Pianta|Encore||[still]
|-fail|p1a: Pianta
|move|p2a: Raging Bolt|Thunder|p1a: Pianta|[miss]
|-miss|p2a: Raging Bolt|p1a: Pianta
|
|-heal|p2a: Raging Bolt|68/100|[from] item: Leftovers
|upkeep
|turn|14
|c|☆Lotadfan22|gg
|
|t:|1760366029
|move|p1a: Pianta|Ice Beam|p2a: Raging Bolt
|-supereffective|p2a: Raging Bolt
|-damage|p2a: Raging Bolt|10/100
|-damage|p1a: Pianta|37/100|[from] item: Life Orb
|move|p2a: Raging Bolt|Dragon Pulse|p1a: Pianta
|-crit|p1a: Pianta
|-damage|p1a: Pianta|0 fnt
|faint|p1a: Pianta
|
|-heal|p2a: Raging Bolt|16/100|[from] item: Leftovers
|upkeep
|
|t:|1760366040
|switch|p1a: Raging Bolt|Raging Bolt|100/100
|turn|15
|
|t:|1760366044
|move|p1a: Raging Bolt|Thunderclap|p2a: Raging Bolt
|-resisted|p2a: Raging Bolt
|-damage|p2a: Raging Bolt|4/100
|move|p2a: Raging Bolt|Dragon Pulse|p1a: Raging Bolt
|-supereffective|p1a: Raging Bolt
|-damage|p1a: Raging Bolt|4/100
|
|-heal|p2a: Raging Bolt|10/100|[from] item: Leftovers
|upkeep
|turn|16
|
|t:|1760366052
|move|p1a: Raging Bolt|Thunderclap|p2a: Raging Bolt
|-resisted|p2a: Raging Bolt
|-damage|p2a: Raging Bolt|0 fnt
|faint|p2a: Raging Bolt
|-end|p2a: Raging Bolt|Protosynthesis|[silent]
|
|upkeep
|
|t:|1760366055
|switch|p2a: Pelipper|Pelipper, F|9/100
|-weather|RainDance|[from] ability: Drizzle|[of] p2a: Pelipper
|turn|17
|
|t:|1760366061
|-end|p1a: Raging Bolt|Protosynthesis|[silent]
|switch|p1a: Zapdos|Zapdos|100/100
|move|p2a: Pelipper|Roost|p2a: Pelipper
|-heal|p2a: Pelipper|59/100
|-singleturn|p2a: Pelipper|move: Roost
|
|-weather|RainDance|[upkeep]
|upkeep
|turn|18
|
|t:|1760366074
|move|p1a: Zapdos|Thunder|p2a: Pelipper
|-supereffective|p2a: Pelipper
|-damage|p2a: Pelipper|0 fnt
|faint|p2a: Pelipper
|
|-weather|RainDance|[upkeep]
|upkeep
|
|t:|1760366076
|switch|p2a: Kingambit|Kingambit, M|100/100
|-activate|p2a: Kingambit|ability: Supreme Overlord
|-start|p2a: Kingambit|fallen5|[silent]
|turn|19
|
|t:|1760366084
|move|p1a: Zapdos|Thunder|p2a: Kingambit
|-damage|p2a: Kingambit|32/100
|-status|p2a: Kingambit|par
|cant|p2a: Kingambit|par
|
|-weather|RainDance|[upkeep]
|-heal|p2a: Kingambit|38/100 par|[from] item: Leftovers
|upkeep
|turn|20
|
|t:|1760366090
|move|p1a: Zapdos|Thunder|p2a: Kingambit
|-damage|p2a: Kingambit|0 fnt
|faint|p2a: Kingambit
|-end|p2a: Kingambit|fallen5|[silent]
|
|win|Lotadfan22
|raw|Lotadfan22's rating: 1183 &rarr; <strong>1210</strong><br />(+27 for winning)
|raw|Rafiok's rating: 1215 &rarr; <strong>1188</strong><br />(-27 for losing)
|l|☆Rafiok
|player|p2|
|l|☆Lotadfan22
|player|p1|
