|j|☆sniper20657
|j|☆China sanxie
|t:|1760335451
|gametype|singles
|player|p1|sniper20657|blackbelt-gen4dp|1194
|player|p2|China sanxie|1|1243
|gen|9
|tier|[Gen 9] OU
|rated|
|rule|HP Percentage Mod: HP is shown in percentages
|rule|Endless Battle Clause: Forcing endless battles is banned
|rule|Species Clause: Limit one of each Pokémon
|rule|OHKO Clause: OHKO moves are banned
|rule|Evasion Items Clause: Evasion items are banned
|rule|Evasion Moves Clause: Evasion moves are banned
|rule|Evasion Abilities Clause: Evasion abilities are banned
|rule|Sleep Moves Clause: Sleep-inducing moves are banned
|clearpoke
|poke|p1|Hydrapple, F|
|poke|p1|Iron Moth|
|poke|p1|Alomomola, F|
|poke|p1|Kingambit, M|
|poke|p1|Zamazenta-*|
|poke|p1|Landorus-Therian, M|
|poke|p2|Iron Hands|
|poke|p2|Pawmot, F|
|poke|p2|Kingambit, M|
|poke|p2|Dondozo, F|
|poke|p2|Hoopa-Unbound|
|poke|p2|Cresselia, F|
|teampreview
|
|t:|1760335468
|teamsize|p1|6
|teamsize|p2|6
|start
|switch|p1a: Hydrapple|Hydrapple, F|100/100
|switch|p2a: Cresselia|Cresselia, F|100/100
|turn|1
|
|t:|1760335478
|switch|p1a: Kingambit|Kingambit, M|100/100
|move|p2a: Cresselia|Light Screen|p2a: Cresselia
|-sidestart|p2: China sanxie|move: Light Screen
|
|upkeep
|turn|2
|
|t:|1760335496
|switch|p2a: Iron Hands|Iron Hands|100/100
|-enditem|p2a: Iron Hands|Booster Energy
|-activate|p2a: Iron Hands|ability: Quark Drive|[fromitem]
|-start|p2a: Iron Hands|quarkdriveatk
|move|p1a: Kingambit|Swords Dance|p1a: Kingambit
|-boost|p1a: Kingambit|atk|2
|
|upkeep
|turn|3
|
|t:|1760335506
|-terastallize|p1a: Kingambit|Ghost
|move|p1a: Kingambit|Swords Dance|p1a: Kingambit
|-boost|p1a: Kingambit|atk|2
|move|p2a: Iron Hands|Drain Punch|p1a: Kingambit
|-immune|p1a: Kingambit
|
|upkeep
|turn|4
|
|t:|1760335519
|move|p1a: Kingambit|Iron Head|p2a: Iron Hands
|-resisted|p2a: Iron Hands
|-damage|p2a: Iron Hands|45/100
|-damage|p1a: Kingambit|91/100|[from] item: Life Orb
|cant|p2a: Iron Hands|flinch
|
|upkeep
|turn|5
|
|t:|1760335528
|move|p1a: Kingambit|Iron Head|p2a: Iron Hands
|-resisted|p2a: Iron Hands
|-damage|p2a: Iron Hands|0 fnt
|faint|p2a: Iron Hands
|-end|p2a: Iron Hands|Quark Drive|[silent]
|-damage|p1a: Kingambit|81/100|[from] item: Life Orb
|
|upkeep
|
|t:|1760335532
|switch|p2a: Dondozo|Dondozo, F|100/100
|turn|6
|
|t:|1760335539
|-end|p1a: Kingambit|fallenundefined|[silent]
|switch|p1a: Hydrapple|Hydrapple, F|100/100
|move|p2a: Dondozo|Aqua Tail|p1a: Hydrapple
|-resisted|p1a: Hydrapple
|-damage|p1a: Hydrapple|97/100
|
|upkeep
|turn|7
|
|t:|1760335548
|move|p1a: Hydrapple|Nasty Plot|p1a: Hydrapple
|-boost|p1a: Hydrapple|spa|2
|move|p2a: Dondozo|Avalanche|p1a: Hydrapple
|-supereffective|p1a: Hydrapple
|-damage|p1a: Hydrapple|65/100
|
|upkeep
|turn|8
|
|t:|1760335554
|move|p1a: Hydrapple|Giga Drain|p2a: Dondozo
|-supereffective|p2a: Dondozo
|-damage|p2a: Dondozo|73/100
|-heal|p1a: Hydrapple|82/100|[from] drain|[of] p2a: Dondozo
|move|p2a: Dondozo|Avalanche|p1a: Hydrapple
|-supereffective|p1a: Hydrapple
|-damage|p1a: Hydrapple|26/100
|
|-heal|p2a: Dondozo|79/100|[from] item: Leftovers
|-sideend|p2: China sanxie|move: Light Screen
|upkeep
|turn|9
|
|t:|1760335561
|move|p1a: Hydrapple|Giga Drain|p2a: Dondozo
|-supereffective|p2a: Dondozo
|-damage|p2a: Dondozo|16/100
|-heal|p1a: Hydrapple|64/100|[from] drain|[of] p2a: Dondozo
|move|p2a: Dondozo|Avalanche|p1a: Hydrapple
|-supereffective|p1a: Hydrapple
|-damage|p1a: Hydrapple|2/100
|
|-heal|p2a: Dondozo|22/100|[from] item: Leftovers
|upkeep
|turn|10
|
|t:|1760335572
|move|p1a: Hydrapple|Giga Drain|p2a: Dondozo
|-supereffective|p2a: Dondozo
|-damage|p2a: Dondozo|0 fnt
|-heal|p1a: Hydrapple|16/100|[from] drain|[of] p2a: Dondozo
|faint|p2a: Dondozo
|
|upkeep
|
|t:|1760335585
|switch|p2a: Cresselia|Cresselia, F|100/100
|turn|11
|
|t:|1760335596
|switch|p1a: Kingambit|Kingambit, M, tera:Ghost|81/100
|move|p2a: Cresselia|Moonblast|p1a: Kingambit
|-damage|p1a: Kingambit|61/100
|-unboost|p1a: Kingambit|spa|1
|
|upkeep
|turn|12
|
|t:|1760335605
|move|p2a: Cresselia|Reflect|p2a: Cresselia
|-sidestart|p2: China sanxie|Reflect
|move|p1a: Kingambit|Swords Dance|p1a: Kingambit
|-boost|p1a: Kingambit|atk|2
|
|upkeep
|turn|13
|
|t:|1760335609
|switch|p2a: Kingambit|Kingambit, M|100/100
|-activate|p2a: Kingambit|ability: Supreme Overlord
|-start|p2a: Kingambit|fallen2|[silent]
|move|p1a: Kingambit|Swords Dance|p1a: Kingambit
|-boost|p1a: Kingambit|atk|2
|
|upkeep
|turn|14
|
|t:|1760335616
|-end|p1a: Kingambit|fallenundefined|[silent]
|switch|p1a: Zamazenta|Zamazenta|100/100
|-ability|p1a: Zamazenta|Dauntless Shield|boost
|-boost|p1a: Zamazenta|def|1
|move|p2a: Kingambit|Sucker Punch||[still]
|-fail|p2a: Kingambit
|
|upkeep
|turn|15
|
|t:|1760335629
|-end|p2a: Kingambit|fallen2|[silent]
|switch|p2a: Hoopa|Hoopa-Unbound|100/100
|move|p1a: Zamazenta|Roar|p2a: Hoopa
|drag|p2a: Kingambit|Kingambit, M|100/100
|-activate|p2a: Kingambit|ability: Supreme Overlord
|-start|p2a: Kingambit|fallen2|[silent]
|
|upkeep
|turn|16
|
|t:|1760335639
|-end|p2a: Kingambit|fallen2|[silent]
|switch|p2a: Hoopa|Hoopa-Unbound|100/100
|move|p1a: Zamazenta|Roar|p2a: Hoopa
|drag|p2a: Kingambit|Kingambit, M|100/100
|-activate|p2a: Kingambit|ability: Supreme Overlord
|-start|p2a: Kingambit|fallen2|[silent]
|
|upkeep
|turn|17
|
|t:|1760335647
|-end|p2a: Kingambit|fallen2|[silent]
|switch|p2a: Cresselia|Cresselia, F|100/100
|move|p1a: Zamazenta|Roar|p2a: Cresselia
|drag|p2a: Pawmot|Pawmot, F|100/100
|
|upkeep
|turn|18
|
|t:|1760335675
|move|p1a: Zamazenta|Crunch|p2a: Pawmot
|-resisted|p2a: Pawmot
|-damage|p2a: Pawmot|92/100
|move|p2a: Pawmot|Nuzzle|p1a: Zamazenta
|-damage|p1a: Zamazenta|96/100
|-status|p1a: Zamazenta|par
|
|upkeep
|turn|19
|
|t:|1760335695
|switch|p1a: Landorus|Landorus-Therian, M|100/100
|-ability|p1a: Landorus|Intimidate|boost
|-unboost|p2a: Pawmot|atk|1
|move|p2a: Pawmot|Revival Blessing|p2a: Pawmot
|-enditem|p2a: Pawmot|Leppa Berry|[eat]
|-activate|p2a: Pawmot|item: Leppa Berry|Revival Blessing|[consumed]
|
|t:|1760335704
|-heal|p2: Iron Hands|50/100|[from] move: Revival Blessing
|
|-sideend|p2: China sanxie|Reflect
|upkeep
|turn|20
|
|t:|1760335718
|switch|p2a: Cresselia|Cresselia, F|100/100
|move|p1a: Landorus|U-turn|p2a: Cresselia
|-supereffective|p2a: Cresselia
|-damage|p2a: Cresselia|73/100
|
|t:|1760335733
|switch|p1a: Kingambit|Kingambit, M, tera:Ghost|61/100|[from] U-turn
|
|upkeep
|turn|21
|
|t:|1760335742
|move|p2a: Cresselia|Reflect|p2a: Cresselia
|-sidestart|p2: China sanxie|Reflect
|move|p1a: Kingambit|Kowtow Cleave|p2a: Cresselia
|-supereffective|p2a: Cresselia
|-damage|p2a: Cresselia|38/100
|-damage|p1a: Kingambit|52/100|[from] item: Life Orb
|
|upkeep
|turn|22
|
|t:|1760335756
|switch|p2a: Kingambit|Kingambit, M|100/100
|-activate|p2a: Kingambit|ability: Supreme Overlord
|-start|p2a: Kingambit|fallen2|[silent]
|move|p1a: Kingambit|Kowtow Cleave|p2a: Kingambit
|-resisted|p2a: Kingambit
|-damage|p2a: Kingambit|88/100
|-damage|p1a: Kingambit|42/100|[from] item: Life Orb
|
|upkeep
|turn|23
|
|t:|1760335768
|-end|p1a: Kingambit|fallenundefined|[silent]
|switch|p1a: Landorus|Landorus-Therian, M|100/100
|-ability|p1a: Landorus|Intimidate|boost
|-unboost|p2a: Kingambit|atk|1
|move|p2a: Kingambit|Iron Head|p1a: Landorus
|-damage|p1a: Landorus|58/100
|-damage|p2a: Kingambit|78/100|[from] item: Life Orb
|
|upkeep
|turn|24
|
|t:|1760335775
|move|p1a: Landorus|U-turn|p2a: Kingambit
|-damage|p2a: Kingambit|68/100
|
|t:|1760335778
|switch|p1a: Zamazenta|Zamazenta|96/100 par|[from] U-turn
|move|p2a: Kingambit|Iron Head|p1a: Zamazenta
|-damage|p1a: Zamazenta|60/100 par
|-damage|p2a: Kingambit|58/100|[from] item: Life Orb
|
|upkeep
|turn|25
|
|t:|1760335787
|-end|p2a: Kingambit|fallen2|[silent]
|switch|p2a: Hoopa|Hoopa-Unbound|100/100
|move|p1a: Zamazenta|Close Combat|p2a: Hoopa
|-damage|p2a: Hoopa|57/100
|-unboost|p1a: Zamazenta|def|1
|-unboost|p1a: Zamazenta|spd|1
|
|upkeep
|turn|26
|
|t:|1760335801
|cant|p1a: Zamazenta|par
|move|p2a: Hoopa|Psychic Noise|p1a: Zamazenta
|-supereffective|p1a: Zamazenta
|-damage|p1a: Zamazenta|0 fnt
|faint|p1a: Zamazenta
|
|upkeep
|
|t:|1760335810
|switch|p1a: Landorus|Landorus-Therian, M|58/100
|-ability|p1a: Landorus|Intimidate|boost
|-unboost|p2a: Hoopa|atk|1
|turn|27
|
|t:|1760335816
|move|p1a: Landorus|U-turn|p2a: Hoopa
|-supereffective|p2a: Hoopa
|-damage|p2a: Hoopa|0 fnt
|faint|p2a: Hoopa
|
|t:|1760335835
|switch|p1a: Iron Moth|Iron Moth|100/100|[from] U-turn
|
|upkeep
|
|t:|1760335843
|switch|p2a: Iron Hands|Iron Hands|50/100
|turn|28
|
|t:|1760335851
|move|p1a: Iron Moth|Dazzling Gleam|p2a: Iron Hands
|-supereffective|p2a: Iron Hands
|-damage|p2a: Iron Hands|1/100
|move|p2a: Iron Hands|Supercell Slam|p1a: Iron Moth
|-damage|p1a: Iron Moth|25/100
|
|-sideend|p2: China sanxie|Reflect
|upkeep
|turn|29
|
|t:|1760335860
|move|p1a: Iron Moth|Sludge Wave|p2a: Iron Hands
|-damage|p2a: Iron Hands|0 fnt
|faint|p2a: Iron Hands
|-end|p2a: Iron Hands|Quark Drive|[silent]
|
|upkeep
|
|t:|1760335865
|switch|p2a: Kingambit|Kingambit, M|58/100
|-activate|p2a: Kingambit|ability: Supreme Overlord
|-start|p2a: Kingambit|fallen4|[silent]
|turn|30
|
|t:|1760335881
|-end|p1a: Iron Moth|Quark Drive|[silent]
|switch|p1a: Landorus|Landorus-Therian, M|58/100
|-ability|p1a: Landorus|Intimidate|boost
|-unboost|p2a: Kingambit|atk|1
|-terastallize|p2a: Kingambit|Dark
|move|p2a: Kingambit|Swords Dance|p2a: Kingambit
|-boost|p2a: Kingambit|atk|2
|
|upkeep
|turn|31
|
|t:|1760335893
|switch|p1a: Alomomola|Alomomola, F|100/100
|move|p2a: Kingambit|Sucker Punch||[still]
|-fail|p2a: Kingambit
|
|upkeep
|turn|32
|
|t:|1760335900
|move|p2a: Kingambit|Swords Dance|p2a: Kingambit
|-boost|p2a: Kingambit|atk|2
|move|p1a: Alomomola|Flip Turn|p2a: Kingambit
|-damage|p2a: Kingambit|46/100
|
|t:|1760335911
|switch|p1a: Landorus|Landorus-Therian, M|58/100|[from] Flip Turn
|-ability|p1a: Landorus|Intimidate|boost
|-unboost|p2a: Kingambit|atk|1
|
|upkeep
|turn|33
|
|t:|1760335922
|move|p1a: Landorus|U-turn|p2a: Kingambit
|-supereffective|p2a: Kingambit
|-damage|p2a: Kingambit|8/100
|
|t:|1760335931
|switch|p1a: Iron Moth|Iron Moth|25/100|[from] U-turn
|move|p2a: Kingambit|Iron Head|p1a: Iron Moth
|-resisted|p1a: Iron Moth
|-damage|p1a: Iron Moth|0 fnt
|faint|p1a: Iron Moth
|-end|p1a: Iron Moth|Quark Drive|[silent]
|-damage|p2a: Kingambit|0 fnt|[from] item: Life Orb
|faint|p2a: Kingambit
|-end|p2a: Kingambit|fallen4|[silent]
|
|upkeep
|
|t:|1760335944
|switch|p1a: Landorus|Landorus-Therian, M|58/100
|switch|p2a: Pawmot|Pawmot, F|92/100
|-ability|p1a: Landorus|Intimidate|boost
|-unboost|p2a: Pawmot|atk|1
|turn|34
|-message|China sanxie forfeited.
|
|win|sniper20657
|raw|sniper20657's rating: 1194 &rarr; <strong>1223</strong><br />(+29 for winning)
|raw|China sanxie's rating: 1243 &rarr; <strong>1214</strong><br />(-29 for losing)
|l|☆China sanxie
|player|p2|
|l|☆sniper20657
|player|p1|
