|j|☆DrapionElectivire
|j|☆Box2DaLeft
|t:|1760318890
|gametype|singles
|player|p1|DrapionElectivire|1|1439
|player|p2|Box2DaLeft|pokefanf-gen4|1378
|gen|9
|tier|[Gen 9] OU
|rated|
|rule|HP Percentage Mod: HP is shown in percentages
|rule|Endless Battle Clause: Forcing endless battles is banned
|rule|Species Clause: Limit one of each Pokémon
|rule|OHKO Clause: OHKO moves are banned
|rule|Evasion Items Clause: Evasion items are banned
|rule|Evasion Moves Clause: Evasion moves are banned
|rule|Evasion Abilities Clause: Evasion abilities are banned
|rule|Sleep Moves Clause: Sleep-inducing moves are banned
|clearpoke
|poke|p1|Raging Bolt|
|poke|p1|Iron Hands|
|poke|p1|Ursaluna, F|
|poke|p1|Grimmsnarl, M|
|poke|p1|Moltres|
|poke|p1|Dragapult, F|
|poke|p2|Basculegion, M|
|poke|p2|Bellibolt, M|
|poke|p2|Dragonite, F|
|poke|p2|Iron Treads|
|poke|p2|Barraskewda, F|
|poke|p2|Pelipper, M|
|teampreview
|inactive|Battle timer is ON: inactive players will automatically lose when time's up. (requested by DrapionElectivire)
|
|t:|1760318934
|teamsize|p1|6
|teamsize|p2|6
|start
|switch|p1a: Grimmsnarl|Grimmsnarl, M, shiny|100/100
|switch|p2a: Pelipper|Pelipper, M|100/100
|-weather|RainDance|[from] ability: Drizzle|[of] p2a: Pelipper
|turn|1
|
|t:|1760318943
|move|p1a: Grimmsnarl|Light Screen|p1a: Grimmsnarl
|-sidestart|p1: DrapionElectivire|move: Light Screen
|move|p2a: Pelipper|Surf|p1a: Grimmsnarl
|-damage|p1a: Grimmsnarl|78/100
|
|-weather|RainDance|[upkeep]
|upkeep
|turn|2
|
|t:|1760318950
|move|p1a: Grimmsnarl|Parting Shot|p2a: Pelipper
|-unboost|p2a: Pelipper|atk|1
|-unboost|p2a: Pelipper|spa|1
|
|t:|1760318954
|switch|p1a: Raging Bolt|Raging Bolt|100/100|[from] Parting Shot
|move|p2a: Pelipper|Surf|p1a: Raging Bolt
|-resisted|p1a: Raging Bolt
|-damage|p1a: Raging Bolt|95/100
|
|-weather|RainDance|[upkeep]
|upkeep
|turn|3
|
|t:|1760318979
|switch|p2a: Iron Treads|Iron Treads|100/100
|move|p1a: Raging Bolt|Calm Mind|p1a: Raging Bolt
|-boost|p1a: Raging Bolt|spa|1
|-boost|p1a: Raging Bolt|spd|1
|
|-weather|RainDance|[upkeep]
|upkeep
|turn|4
|
|t:|1760318990
|-terastallize|p1a: Raging Bolt|Fairy
|move|p2a: Iron Treads|Earth Power|p1a: Raging Bolt
|-damage|p1a: Raging Bolt|88/100
|move|p1a: Raging Bolt|Tera Blast|p2a: Iron Treads|[anim] Tera Blast Fairy
|-resisted|p2a: Iron Treads
|-damage|p2a: Iron Treads|57/100
|-enditem|p2a: Iron Treads|Eject Button
|
|t:|1760319003
|-end|p2a: Iron Treads|Quark Drive|[silent]
|switch|p2a: Basculegion|Basculegion, M|100/100
|
|-weather|RainDance|[upkeep]
|upkeep
|turn|5
|
|t:|1760319009
|move|p2a: Basculegion|Aqua Jet|p1a: Raging Bolt
|-damage|p1a: Raging Bolt|35/100
|move|p1a: Raging Bolt|Thunderclap||[still]
|-fail|p1a: Raging Bolt
|
|-weather|RainDance|[upkeep]
|upkeep
|turn|6
|
|t:|1760319020
|move|p2a: Basculegion|Aqua Jet|p1a: Raging Bolt
|-damage|p1a: Raging Bolt|0 fnt
|faint|p1a: Raging Bolt
|-end|p1a: Raging Bolt|Protosynthesis|[silent]
|
|-weather|RainDance|[upkeep]
|upkeep
|
|t:|1760319027
|switch|p1a: Iron Hands|Iron Hands|100/100
|turn|7
|inactive|Box2DaLeft has 120 seconds left.
|
|t:|1760319073
|switch|p2a: Bellibolt|Bellibolt, M|100/100
|move|p1a: Iron Hands|Drain Punch|p2a: Bellibolt
|-damage|p2a: Bellibolt|61/100
|-start|p2a: Bellibolt|Charge|Drain Punch|[from] ability: Electromorphosis
|
|-weather|RainDance|[upkeep]
|upkeep
|turn|8
|
|t:|1760319082
|move|p1a: Iron Hands|Drain Punch|p2a: Bellibolt
|-damage|p2a: Bellibolt|24/100
|-start|p2a: Bellibolt|Charge|Drain Punch|[from] ability: Electromorphosis
|move|p2a: Bellibolt|Volt Switch|p1a: Iron Hands
|-resisted|p1a: Iron Hands
|-damage|p1a: Iron Hands|88/100
|-end|p2a: Bellibolt|Charge|[silent]
|
|t:|1760319096
|switch|p2a: Basculegion|Basculegion, M|100/100|[from] Volt Switch
|
|-weather|none
|-sideend|p1: DrapionElectivire|move: Light Screen
|upkeep
|turn|9
|
|t:|1760319103
|move|p2a: Basculegion|Flip Turn|p1a: Iron Hands
|-damage|p1a: Iron Hands|45/100
|
|t:|1760319107
|switch|p2a: Iron Treads|Iron Treads|57/100|[from] Flip Turn
|move|p1a: Iron Hands|Supercell Slam|p2a: Iron Treads
|-immune|p2a: Iron Treads
|-damage|p1a: Iron Hands|0 fnt|[from] supercellslam
|faint|p1a: Iron Hands
|-end|p1a: Iron Hands|Quark Drive|[silent]
|
|upkeep
|
|t:|1760319123
|switch|p1a: Ursaluna|Ursaluna, F|100/100
|turn|10
|inactive|Box2DaLeft has 120 seconds left.
|
|t:|1760319149
|-end|p2a: Iron Treads|Quark Drive|[silent]
|switch|p2a: Pelipper|Pelipper, M|100/100
|-weather|RainDance|[from] ability: Drizzle|[of] p2a: Pelipper
|move|p1a: Ursaluna|Ice Punch|p2a: Pelipper
|-damage|p2a: Pelipper|79/100
|
|-weather|RainDance|[upkeep]
|-status|p1a: Ursaluna|brn|[from] item: Flame Orb
|upkeep
|turn|11
|inactive|Box2DaLeft has 120 seconds left.
|
|t:|1760319160
|switch|p2a: Bellibolt|Bellibolt, M|24/100
|move|p1a: Ursaluna|Facade|p2a: Bellibolt
|-damage|p2a: Bellibolt|0 fnt
|faint|p2a: Bellibolt
|
|-weather|RainDance|[upkeep]
|-damage|p1a: Ursaluna|94/100 brn|[from] brn
|upkeep
|inactive|Box2DaLeft has 120 seconds left.
|
|t:|1760319176
|switch|p2a: Basculegion|Basculegion, M|100/100
|turn|12
|
|t:|1760319181
|move|p2a: Basculegion|Flip Turn|p1a: Ursaluna
|-supereffective|p1a: Ursaluna
|-damage|p1a: Ursaluna|0 fnt
|faint|p1a: Ursaluna
|-message|DrapionElectivire forfeited.
|
|win|Box2DaLeft
|raw|DrapionElectivire's rating: 1439 &rarr; <strong>1416</strong><br />(-23 for losing)
|raw|Box2DaLeft's rating: 1378 &rarr; <strong>1401</strong><br />(+23 for winning)
|l|☆DrapionElectivire
|player|p1|
|l|☆Box2DaLeft
|player|p2|
