|j|☆jobro132
|j|‽usucklatias
|t:|1760414900
|gametype|singles
|player|p1|jobro132|emmet|1277
|player|p2|usucklatias|170|1223
|gen|9
|tier|[Gen 9] OU
|rated|
|rule|HP Percentage Mod: HP is shown in percentages
|rule|Endless Battle Clause: Forcing endless battles is banned
|rule|Species Clause: Limit one of each Pokémon
|rule|OHKO Clause: OHKO moves are banned
|rule|Evasion Items Clause: Evasion items are banned
|rule|Evasion Moves Clause: Evasion moves are banned
|rule|Evasion Abilities Clause: Evasion abilities are banned
|rule|Sleep Moves Clause: Sleep-inducing moves are banned
|clearpoke
|poke|p1|Garganacl, F|
|poke|p1|Corviknight, F|
|poke|p1|Ogerpon-Wellspring, F|
|poke|p1|Ninetales-Alola, M|
|poke|p1|Ursaluna, M|
|poke|p1|Darkrai|
|poke|p2|Glimmora, F|
|poke|p2|Ogerpon-Wellspring, F|
|poke|p2|Dragonite, F|
|poke|p2|Rotom-Wash|
|poke|p2|Rillaboom, M|
|poke|p2|Gholdengo|
|teampreview
|
|t:|1760414914
|teamsize|p1|6
|teamsize|p2|6
|start
|switch|p1a: Corviknight|Corviknight, F|100/100
|switch|p2a: Glimmora|Glimmora, F, shiny|100/100
|turn|1
|
|t:|1760414919
|switch|p1a: Ninetales|Ninetales-Alola, M|100/100
|-weather|Snowscape|[from] ability: Snow Warning|[of] p1a: Ninetales
|move|p2a: Glimmora|Stealth Rock|p1a: Ninetales
|-sidestart|p1: jobro132|move: Stealth Rock
|
|-weather|Snowscape|[upkeep]
|upkeep
|turn|2
|
|t:|1760414927
|move|p1a: Ninetales|Aurora Veil|p1a: Ninetales
|-sidestart|p1: jobro132|move: Aurora Veil
|move|p2a: Glimmora|Earth Power|p1a: Ninetales
|-damage|p1a: Ninetales|82/100
|
|-weather|Snowscape|[upkeep]
|upkeep
|turn|3
|
|t:|1760414940
|switch|p2a: Rotom|Rotom-Wash|100/100
|move|p1a: Ninetales|Encore||[still]
|-fail|p1a: Ninetales
|
|-weather|Snowscape|[upkeep]
|upkeep
|turn|4
|
|t:|1760414977
|move|p1a: Ninetales|Moonblast|p2a: Rotom
|-damage|p2a: Rotom|73/100
|-unboost|p2a: Rotom|spa|1
|move|p2a: Rotom|Volt Switch|p1a: Ninetales
|-damage|p1a: Ninetales|74/100
|inactive|Battle timer is ON: inactive players will automatically lose when time's up. (requested by jobro132)
|
|t:|1760414986
|switch|p2a: Glimmora|Glimmora, F, shiny|100/100|[from] Volt Switch
|
|-weather|Snowscape|[upkeep]
|upkeep
|turn|5
|
|t:|1760414990
|switch|p1a: Darkrai|Darkrai|100/100
|-damage|p1a: Darkrai|88/100|[from] Stealth Rock
|move|p2a: Glimmora|Mortal Spin|p1a: Darkrai
|-damage|p1a: Darkrai|84/100
|-status|p1a: Darkrai|psn
|
|-weather|none
|-heal|p1a: Darkrai|91/100 psn|[from] item: Leftovers
|-damage|p1a: Darkrai|78/100 psn|[from] psn
|upkeep
|turn|6
|
|t:|1760415000
|switch|p2a: Rotom|Rotom-Wash|73/100
|move|p1a: Darkrai|Nasty Plot|p1a: Darkrai
|-boost|p1a: Darkrai|spa|2
|
|-heal|p1a: Darkrai|84/100 psn|[from] item: Leftovers
|-heal|p2a: Rotom|79/100|[from] item: Leftovers
|-damage|p1a: Darkrai|72/100 psn|[from] psn
|upkeep
|turn|7
|
|t:|1760415010
|move|p1a: Darkrai|Dark Pulse|p2a: Rotom
|-damage|p2a: Rotom|18/100
|cant|p2a: Rotom|flinch
|
|-heal|p1a: Darkrai|78/100 psn|[from] item: Leftovers
|-heal|p2a: Rotom|24/100|[from] item: Leftovers
|-damage|p1a: Darkrai|66/100 psn|[from] psn
|upkeep
|turn|8
|
|t:|1760415024
|move|p1a: Darkrai|Dark Pulse|p2a: Rotom
|-damage|p2a: Rotom|0 fnt
|faint|p2a: Rotom
|
|-heal|p1a: Darkrai|72/100 psn|[from] item: Leftovers
|-damage|p1a: Darkrai|60/100 psn|[from] psn
|upkeep
|
|t:|1760415037
|switch|p2a: Glimmora|Glimmora, F, shiny|100/100
|turn|9
|
|t:|1760415043
|move|p1a: Darkrai|Dark Pulse|p2a: Glimmora
|-enditem|p2a: Glimmora|Focus Sash
|-damage|p2a: Glimmora|1/100
|move|p2a: Glimmora|Power Gem|p1a: Darkrai
|-damage|p1a: Darkrai|30/100 psn
|
|-heal|p1a: Darkrai|37/100 psn|[from] item: Leftovers
|-damage|p1a: Darkrai|24/100 psn|[from] psn
|-sideend|p1: jobro132|move: Aurora Veil
|upkeep
|turn|10
|
|t:|1760415054
|move|p1a: Darkrai|Dark Pulse|p2a: Glimmora
|-damage|p2a: Glimmora|0 fnt
|faint|p2a: Glimmora
|
|-heal|p1a: Darkrai|30/100 psn|[from] item: Leftovers
|-damage|p1a: Darkrai|18/100 psn|[from] psn
|upkeep
|
|t:|1760415072
|switch|p2a: Dragonite|Dragonite, F|100/100
|turn|11
|
|t:|1760415078
|move|p1a: Darkrai|Ice Beam|p2a: Dragonite
|-supereffective|p2a: Dragonite
|-damage|p2a: Dragonite|0 fnt
|faint|p2a: Dragonite
|
|-heal|p1a: Darkrai|24/100 psn|[from] item: Leftovers
|-damage|p1a: Darkrai|12/100 psn|[from] psn
|upkeep
|
|t:|1760415091
|switch|p2a: Gholdengo|Gholdengo|100/100
|turn|12
|
|t:|1760415094
|move|p2a: Gholdengo|Shadow Ball|p1a: Darkrai
|-resisted|p1a: Darkrai
|-damage|p1a: Darkrai|0 fnt
|faint|p1a: Darkrai
|
|upkeep
|
|t:|1760415099
|switch|p1a: Ogerpon|Ogerpon-Wellspring, F|100/100
|-damage|p1a: Ogerpon|88/100|[from] Stealth Rock
|turn|13
|
|t:|1760415111
|switch|p1a: Ursaluna|Ursaluna, M|100/100
|-damage|p1a: Ursaluna|94/100|[from] Stealth Rock
|-terastallize|p2a: Gholdengo|Ghost
|move|p2a: Gholdengo|Shadow Ball|p1a: Ursaluna
|-immune|p1a: Ursaluna
|
|-status|p1a: Ursaluna|brn|[from] item: Flame Orb
|upkeep
|turn|14
|
|t:|1760415121
|switch|p2a: Ogerpon|Ogerpon-Wellspring, F|100/100
|move|p1a: Ursaluna|Headlong Rush|p2a: Ogerpon
|-resisted|p2a: Ogerpon
|-damage|p2a: Ogerpon|34/100
|-unboost|p1a: Ursaluna|def|1
|-unboost|p1a: Ursaluna|spd|1
|
|-damage|p1a: Ursaluna|88/100 brn|[from] brn
|upkeep
|turn|15
|
|t:|1760415130
|switch|p1a: Corviknight|Corviknight, F|100/100
|-damage|p1a: Corviknight|88/100|[from] Stealth Rock
|move|p2a: Ogerpon|Ivy Cudgel|p1a: Corviknight|[anim] Ivy Cudgel Water
|-crit|p1a: Corviknight
|-damage|p1a: Corviknight|18/100
|
|-heal|p1a: Corviknight|24/100|[from] item: Leftovers
|upkeep
|turn|16
|
|t:|1760415160
|move|p2a: Ogerpon|Ivy Cudgel|p1a: Corviknight|[anim] Ivy Cudgel Water
|-damage|p1a: Corviknight|0 fnt
|faint|p1a: Corviknight
|
|upkeep
|
|t:|1760415167
|switch|p1a: Ninetales|Ninetales-Alola, M|74/100
|-damage|p1a: Ninetales|49/100|[from] Stealth Rock
|-weather|Snowscape|[from] ability: Snow Warning|[of] p1a: Ninetales
|turn|17
|inactive|usucklatias has 120 seconds left.
|
|t:|1760415206
|move|p2a: Ogerpon|Ivy Cudgel|p1a: Ninetales|[anim] Ivy Cudgel Water
|-damage|p1a: Ninetales|0 fnt
|faint|p1a: Ninetales
|
|-weather|Snowscape|[upkeep]
|upkeep
|
|t:|1760415213
|switch|p1a: Ogerpon|Ogerpon-Wellspring, F|88/100
|-damage|p1a: Ogerpon|76/100|[from] Stealth Rock
|turn|18
|
|t:|1760415219
|move|p2a: Ogerpon|Horn Leech|p1a: Ogerpon
|-damage|p1a: Ogerpon|14/100
|-heal|p2a: Ogerpon|66/100|[from] drain|[of] p1a: Ogerpon
|move|p1a: Ogerpon|Horn Leech|p2a: Ogerpon
|-damage|p2a: Ogerpon|4/100
|-heal|p1a: Ogerpon|44/100|[from] drain|[of] p2a: Ogerpon
|
|-weather|Snowscape|[upkeep]
|upkeep
|turn|19
|inactive|usucklatias has 120 seconds left.
|
|t:|1760415228
|move|p2a: Ogerpon|Horn Leech|p1a: Ogerpon
|-damage|p1a: Ogerpon|0 fnt
|-heal|p2a: Ogerpon|26/100|[from] drain|[of] p1a: Ogerpon
|faint|p1a: Ogerpon
|
|-weather|Snowscape|[upkeep]
|upkeep
|c|☆jobro132|fellow adamant runner
|c|☆jobro132|much respect
|inactive|jobro132 has 120 seconds left.
|
|t:|1760415260
|switch|p1a: Garganacl|Garganacl, F|100/100
|-damage|p1a: Garganacl|88/100|[from] Stealth Rock
|turn|20
|
|t:|1760415264
|-terastallize|p1a: Garganacl|Fighting
|move|p2a: Ogerpon|Ivy Cudgel|p1a: Garganacl|[anim] Ivy Cudgel Water
|-damage|p1a: Garganacl|56/100
|move|p1a: Garganacl|Salt Cure|p2a: Ogerpon
|-damage|p2a: Ogerpon|7/100
|-start|p2a: Ogerpon|Salt Cure
|
|-weather|Snowscape|[upkeep]
|-heal|p1a: Garganacl|62/100|[from] item: Leftovers
|-damage|p2a: Ogerpon|0 fnt|[from] Salt Cure
|faint|p2a: Ogerpon
|upkeep
|
|t:|1760415282
|switch|p2a: Rillaboom|Rillaboom, M|100/100
|-fieldstart|move: Grassy Terrain|[from] ability: Grassy Surge|[of] p2a: Rillaboom
|turn|21
|
|t:|1760415286
|move|p2a: Rillaboom|Wood Hammer|p1a: Garganacl
|-damage|p1a: Garganacl|1/100
|-damage|p2a: Rillaboom|78/100|[from] Recoil
|-damage|p2a: Rillaboom|68/100|[from] item: Life Orb
|move|p1a: Garganacl|Recover|p1a: Garganacl
|-heal|p1a: Garganacl|51/100
|
|-weather|none
|-heal|p2a: Rillaboom|74/100|[from] Grassy Terrain
|-heal|p1a: Garganacl|58/100|[from] Grassy Terrain
|-heal|p1a: Garganacl|64/100|[from] item: Leftovers
|upkeep
|turn|22
|
|t:|1760415299
|move|p2a: Rillaboom|Swords Dance|p2a: Rillaboom
|-boost|p2a: Rillaboom|atk|2
|move|p1a: Garganacl|Recover|p1a: Garganacl
|-heal|p1a: Garganacl|100/100
|
|-heal|p2a: Rillaboom|80/100|[from] Grassy Terrain
|upkeep
|turn|23
|
|t:|1760415305
|move|p2a: Rillaboom|Wood Hammer|p1a: Garganacl
|-damage|p1a: Garganacl|0 fnt
|faint|p1a: Garganacl
|-damage|p2a: Rillaboom|42/100|[from] Recoil
|-damage|p2a: Rillaboom|32/100|[from] item: Life Orb
|
|-heal|p2a: Rillaboom|39/100|[from] Grassy Terrain
|upkeep
|
|t:|1760415307
|switch|p1a: Ursaluna|Ursaluna, M|88/100 brn
|-damage|p1a: Ursaluna|82/100 brn|[from] Stealth Rock
|turn|24
|
|t:|1760415322
|move|p2a: Rillaboom|Grassy Glide|p1a: Ursaluna
|-supereffective|p1a: Ursaluna
|-damage|p1a: Ursaluna|0 fnt
|faint|p1a: Ursaluna
|-damage|p2a: Rillaboom|29/100|[from] item: Life Orb
|
|win|usucklatias
|raw|jobro132's rating: 1277 &rarr; <strong>1248</strong><br />(-29 for losing)
|raw|usucklatias's rating: 1223 &rarr; <strong>1252</strong><br />(+29 for winning)
|l|‽usucklatias
|player|p2|
|l|☆jobro132
|player|p1|
