|j|☆EmpaGalactica
|j|☆KycPzilinG
|t:|1760447338
|gametype|singles
|player|p1|EmpaGalactica|blue|1330
|player|p2|KycPzilinG|2|1338
|gen|9
|tier|[Gen 9] OU
|rated|
|rule|HP Percentage Mod: HP is shown in percentages
|rule|Endless Battle Clause: Forcing endless battles is banned
|rule|Species Clause: Limit one of each Pokémon
|rule|OHKO Clause: OHKO moves are banned
|rule|Evasion Items Clause: Evasion items are banned
|rule|Evasion Moves Clause: Evasion moves are banned
|rule|Evasion Abilities Clause: Evasion abilities are banned
|rule|Sleep Moves Clause: Sleep-inducing moves are banned
|clearpoke
|poke|p1|Basculegion, M|
|poke|p1|Iron Crown|
|poke|p1|Sceptile, M|
|poke|p1|Rillaboom, F|
|poke|p1|Ceruledge, M|
|poke|p1|Pelipper, F|
|poke|p2|Arcanine-Hisui, F|
|poke|p2|Ogerpon-Wellspring, F|
|poke|p2|Dragapult, F|
|poke|p2|Ting-Lu|
|poke|p2|Glimmora, M|
|poke|p2|Corviknight, F|
|teampreview
|
|t:|1760447350
|teamsize|p1|6
|teamsize|p2|6
|start
|switch|p1a: Pelipper|Pelipper, F|100/100
|switch|p2a: Dragapult|Dragapult, F|100/100
|-weather|RainDance|[from] ability: Drizzle|[of] p1a: Pelipper
|turn|1
|
|t:|1760447361
|move|p2a: Dragapult|Dragon Darts|p1a: Pelipper
|-damage|p1a: Pelipper|73/100
|-anim|p2a: Dragapult|Dragon Darts|p1a: Pelipper
|-damage|p1a: Pelipper|47/100
|move|p1a: Pelipper|U-turn|p2a: Dragapult
|-resisted|p2a: Dragapult
|-damage|p2a: Dragapult|95/100
|
|t:|1760447367
|switch|p1a: Rillaboom|Rillaboom, F|100/100|[from] U-turn
|-fieldstart|move: Grassy Terrain|[from] ability: Grassy Surge|[of] p1a: Rillaboom
|
|-weather|RainDance|[upkeep]
|-heal|p2a: Dragapult|100/100|[from] Grassy Terrain
|upkeep
|turn|2
|
|t:|1760447374
|move|p2a: Dragapult|Will-O-Wisp|p1a: Rillaboom
|-status|p1a: Rillaboom|brn
|move|p1a: Rillaboom|U-turn|p2a: Dragapult
|-resisted|p2a: Dragapult
|-damage|p2a: Dragapult|88/100
|
|t:|1760447377
|switch|p1a: Sceptile|Sceptile, M|100/100|[from] U-turn
|
|-weather|RainDance|[upkeep]
|-heal|p2a: Dragapult|94/100|[from] Grassy Terrain
|upkeep
|turn|3
|
|t:|1760447397
|switch|p2a: Ting-Lu|Ting-Lu|100/100
|-ability|p2a: Ting-Lu|Vessel of Ruin
|move|p1a: Sceptile|Roar|p2a: Ting-Lu
|-enditem|p1a: Sceptile|Throat Spray
|-boost|p1a: Sceptile|spa|1|[from] item: Throat Spray
|drag|p2a: Arcanine|Arcanine-Hisui, F|100/100
|
|-weather|RainDance|[upkeep]
|upkeep
|turn|4
|
|t:|1760447409
|move|p1a: Sceptile|Focus Blast|p2a: Arcanine|[miss]
|-miss|p1a: Sceptile|p2a: Arcanine
|move|p2a: Arcanine|Flare Blitz|p1a: Sceptile
|-supereffective|p1a: Sceptile
|-damage|p1a: Sceptile|0 fnt
|faint|p1a: Sceptile
|
|-weather|RainDance|[upkeep]
|upkeep
|
|t:|1760447425
|switch|p1a: Pelipper|Pelipper, F|47/100
|turn|5
|
|t:|1760447439
|switch|p2a: Ting-Lu|Ting-Lu|100/100
|-ability|p2a: Ting-Lu|Vessel of Ruin
|move|p1a: Pelipper|Weather Ball|p2a: Ting-Lu
|-supereffective|p2a: Ting-Lu
|-damage|p2a: Ting-Lu|19/100
|
|-weather|none
|-heal|p2a: Ting-Lu|25/100|[from] Grassy Terrain
|-heal|p2a: Ting-Lu|31/100|[from] item: Leftovers
|-fieldend|move: Grassy Terrain
|upkeep
|turn|6
|
|t:|1760447470
|switch|p1a: Rillaboom|Rillaboom, F|100/100 brn
|-fieldstart|move: Grassy Terrain|[from] ability: Grassy Surge|[of] p1a: Rillaboom
|switch|p2a: Dragapult|Dragapult, F|94/100
|
|-heal|p2a: Dragapult|99/100|[from] Grassy Terrain
|-damage|p1a: Rillaboom|94/100 brn|[from] brn
|upkeep
|turn|7
|
|t:|1760447475
|move|p2a: Dragapult|Hex|p1a: Rillaboom
|-damage|p1a: Rillaboom|26/100 brn
|move|p1a: Rillaboom|Knock Off|p2a: Dragapult
|-supereffective|p2a: Dragapult
|-damage|p2a: Dragapult|24/100
|-enditem|p2a: Dragapult|Heavy-Duty Boots|[from] move: Knock Off|[of] p1a: Rillaboom
|
|-heal|p2a: Dragapult|30/100|[from] Grassy Terrain
|-heal|p1a: Rillaboom|32/100 brn|[from] Grassy Terrain
|-damage|p1a: Rillaboom|26/100 brn|[from] brn
|upkeep
|turn|8
|
|t:|1760447482
|move|p2a: Dragapult|U-turn|p1a: Rillaboom
|-supereffective|p1a: Rillaboom
|-damage|p1a: Rillaboom|0 fnt
|faint|p1a: Rillaboom
|
|t:|1760447485
|switch|p2a: Glimmora|Glimmora, M|100/100|[from] U-turn
|
|upkeep
|
|t:|1760447669
|switch|p1a: Pelipper|Pelipper, F|47/100
|-weather|RainDance|[from] ability: Drizzle|[of] p1a: Pelipper
|turn|9
|
|t:|1760447679
|move|p2a: Glimmora|Sludge Wave|p1a: Pelipper
|-damage|p1a: Pelipper|0 fnt
|faint|p1a: Pelipper
|
|-weather|RainDance|[upkeep]
|upkeep
|
|t:|1760447683
|switch|p1a: Iron Crown|Iron Crown|100/100
|turn|10
|inactive|Battle timer is ON: inactive players will automatically lose when time's up. (requested by KycPzilinG)
|
|t:|1760447852
|switch|p2a: Ting-Lu|Ting-Lu|31/100
|-ability|p2a: Ting-Lu|Vessel of Ruin
|move|p1a: Iron Crown|Volt Switch|p2a: Ting-Lu
|-immune|p2a: Ting-Lu
|
|-weather|RainDance|[upkeep]
|-heal|p2a: Ting-Lu|37/100|[from] Grassy Terrain
|-heal|p2a: Ting-Lu|44/100|[from] item: Leftovers
|-fieldend|move: Grassy Terrain
|upkeep
|turn|11
|
|t:|1760447858
|-end|p1a: Iron Crown|Quark Drive|[silent]
|switch|p1a: Basculegion|Basculegion, M|100/100
|move|p2a: Ting-Lu|Stealth Rock|p1a: Basculegion
|-sidestart|p1: EmpaGalactica|move: Stealth Rock
|
|-weather|RainDance|[upkeep]
|-heal|p2a: Ting-Lu|50/100|[from] item: Leftovers
|upkeep
|turn|12
|
|t:|1760447868
|switch|p2a: Ogerpon|Ogerpon-Wellspring, F|100/100
|move|p1a: Basculegion|Psychic Fangs|p2a: Ogerpon
|-damage|p2a: Ogerpon|47/100
|
|-weather|RainDance|[upkeep]
|upkeep
|turn|13
|
|t:|1760447878
|switch|p2a: Corviknight|Corviknight, F|100/100
|-ability|p2a: Corviknight|Pressure
|move|p1a: Basculegion|Psychic Fangs|p2a: Corviknight
|-resisted|p2a: Corviknight
|-damage|p2a: Corviknight|88/100
|-damage|p1a: Basculegion|84/100|[from] item: Rocky Helmet|[of] p2a: Corviknight
|
|-weather|none
|upkeep
|turn|14
|
|t:|1760447882
|switch|p1a: Ceruledge|Ceruledge, M|100/100
|-damage|p1a: Ceruledge|76/100|[from] Stealth Rock
|move|p2a: Corviknight|Roost|p2a: Corviknight
|-heal|p2a: Corviknight|100/100
|-singleturn|p2a: Corviknight|move: Roost
|
|upkeep
|turn|15
|
|t:|1760447885
|move|p1a: Ceruledge|Bulk Up|p1a: Ceruledge
|-boost|p1a: Ceruledge|atk|1
|-boost|p1a: Ceruledge|def|1
|move|p2a: Corviknight|U-turn|p1a: Ceruledge
|-resisted|p1a: Ceruledge
|-damage|p1a: Ceruledge|73/100
|
|t:|1760447889
|switch|p2a: Ogerpon|Ogerpon-Wellspring, F|47/100|[from] U-turn
|
|upkeep
|turn|16
|
|t:|1760447901
|-terastallize|p1a: Ceruledge|Bug
|move|p2a: Ogerpon|Ivy Cudgel|p1a: Ceruledge|[anim] Ivy Cudgel Water
|-damage|p1a: Ceruledge|30/100
|move|p1a: Ceruledge|Bulk Up|p1a: Ceruledge
|-boost|p1a: Ceruledge|atk|1
|-boost|p1a: Ceruledge|def|1
|
|upkeep
|turn|17
|
|t:|1760447910
|-terastallize|p2a: Ogerpon|Water
|detailschange|p2a: Ogerpon|Ogerpon-Wellspring-Tera, F, tera:Water
|-ability|p2a: Ogerpon|Embody Aspect (Wellspring)|boost
|-boost|p2a: Ogerpon|spd|1
|move|p1a: Ceruledge|Shadow Sneak|p2a: Ogerpon
|-damage|p2a: Ogerpon|1/100
|move|p2a: Ogerpon|Ivy Cudgel|p1a: Ceruledge|[anim] Ivy Cudgel Water
|-damage|p1a: Ceruledge|0 fnt
|faint|p1a: Ceruledge
|
|upkeep
|
|t:|1760447915
|switch|p1a: Iron Crown|Iron Crown|100/100
|-damage|p1a: Iron Crown|94/100|[from] Stealth Rock
|turn|18
|
|t:|1760447925
|move|p2a: Ogerpon|Knock Off|p1a: Iron Crown
|-supereffective|p1a: Iron Crown
|-damage|p1a: Iron Crown|9/100
|-enditem|p1a: Iron Crown|Choice Specs|[from] move: Knock Off|[of] p2a: Ogerpon
|move|p1a: Iron Crown|Tachyon Cutter|p2a: Ogerpon
|-resisted|p2a: Ogerpon
|-damage|p2a: Ogerpon|0 fnt
|faint|p2a: Ogerpon
|detailschange|p2: Ogerpon|Ogerpon-Wellspring, F|[silent]
|-hitcount|p2: Ogerpon|1
|
|upkeep
|
|t:|1760447932
|switch|p2a: Arcanine|Arcanine-Hisui, F|100/100
|turn|19
|
|t:|1760447949
|move|p2a: Arcanine|Extreme Speed|p1a: Iron Crown
|-resisted|p1a: Iron Crown
|-damage|p1a: Iron Crown|0 fnt
|faint|p1a: Iron Crown
|-end|p1a: Iron Crown|Quark Drive|[silent]
|
|upkeep
|-message|EmpaGalactica forfeited.
|
|win|KycPzilinG
|raw|EmpaGalactica's rating: 1330 &rarr; <strong>1310</strong><br />(-20 for losing)
|raw|KycPzilinG's rating: 1338 &rarr; <strong>1358</strong><br />(+20 for winning)
|l|☆EmpaGalactica
|player|p1|
|l|☆KycPzilinG
|player|p2|
