|j|☆bourbie666
|j|☆numelfan
|t:|1760444466
|gametype|singles
|player|p1|bourbie666|iris-gen5bw2|1179
|player|p2|numelfan|2|1150
|gen|9
|tier|[Gen 9] OU
|rated|
|rule|HP Percentage Mod: HP is shown in percentages
|rule|Endless Battle Clause: Forcing endless battles is banned
|rule|Species Clause: Limit one of each Pokémon
|rule|OHKO Clause: OHKO moves are banned
|rule|Evasion Items Clause: Evasion items are banned
|rule|Evasion Moves Clause: Evasion moves are banned
|rule|Evasion Abilities Clause: Evasion abilities are banned
|rule|Sleep Moves Clause: Sleep-inducing moves are banned
|clearpoke
|poke|p1|Pecharunt|
|poke|p1|Ceruledge, F|
|poke|p1|Glimmora, F|
|poke|p1|Walking Wake|
|poke|p1|Enamorus, F|
|poke|p1|Iron Crown|
|poke|p2|Great Tusk|
|poke|p2|Heatran, M|
|poke|p2|Weavile, M|
|poke|p2|Primarina, M|
|poke|p2|Ogerpon, F|
|poke|p2|Pecharunt|
|teampreview
|inactive|Battle timer is ON: inactive players will automatically lose when time's up. (requested by bourbie666)
|
|t:|1760444487
|teamsize|p1|6
|teamsize|p2|6
|start
|switch|p1a: Glimmora|Glimmora, F|100/100
|switch|p2a: Chaos|Heatran, M, shiny|100/100
|-item|p2a: Chaos|Air Balloon
|turn|1
|
|t:|1760444495
|move|p1a: Glimmora|Stealth Rock|p2a: Chaos
|-sidestart|p2: numelfan|move: Stealth Rock
|move|p2a: Chaos|Earth Power|p1a: Glimmora
|-supereffective|p1a: Glimmora
|-enditem|p1a: Glimmora|Focus Sash
|-damage|p1a: Glimmora|1/100
|
|upkeep
|turn|2
|
|t:|1760444515
|move|p1a: Glimmora|Power Gem|p2a: Chaos
|-damage|p2a: Chaos|62/100
|-enditem|p2a: Chaos|Air Balloon
|move|p2a: Chaos|Magma Storm|p1a: Glimmora|[miss]
|-miss|p2a: Chaos|p1a: Glimmora
|
|upkeep
|turn|3
|
|t:|1760444527
|switch|p2a: Celestine|Primarina, M, shiny|100/100
|-damage|p2a: Celestine|88/100|[from] Stealth Rock
|move|p1a: Glimmora|Earth Power|p2a: Celestine
|-damage|p2a: Celestine|70/100
|
|upkeep
|turn|4
|
|t:|1760444536
|switch|p2a: Overseer|Pecharunt|100/100
|-damage|p2a: Overseer|88/100|[from] Stealth Rock
|move|p1a: Glimmora|Mortal Spin|p2a: Overseer
|-resisted|p2a: Overseer
|-damage|p2a: Overseer|87/100
|-damage|p1a: Glimmora|0 fnt|[from] item: Rocky Helmet|[of] p2a: Overseer
|faint|p1a: Glimmora
|
|upkeep
|
|t:|1760444552
|switch|p1a: Iron Crown|Iron Crown|100/100
|turn|5
|
|t:|1760444562
|switch|p2a: Chaos|Heatran, M, shiny|62/100
|-damage|p2a: Chaos|50/100|[from] Stealth Rock
|move|p1a: Iron Crown|Future Sight|p2a: Chaos
|-start|p1a: Iron Crown|move: Future Sight
|
|upkeep
|turn|6
|
|t:|1760444575
|move|p1a: Iron Crown|Volt Switch|p2a: Chaos
|-damage|p2a: Chaos|26/100
|
|t:|1760444582
|-end|p1a: Iron Crown|Quark Drive|[silent]
|switch|p1a: Pecharunt|Pecharunt|100/100|[from] Volt Switch
|move|p2a: Chaos|Stealth Rock|p1a: Pecharunt
|-sidestart|p1: bourbie666|move: Stealth Rock
|
|upkeep
|turn|7
|
|t:|1760444596
|switch|p2a: Bandit|Weavile, M, shiny|100/100
|-damage|p2a: Bandit|76/100|[from] Stealth Rock
|-ability|p2a: Bandit|Pressure
|move|p1a: Pecharunt|Foul Play|p2a: Bandit
|-resisted|p2a: Bandit
|-damage|p2a: Bandit|49/100
|
|-end|p2a: Bandit|move: Future Sight
|-immune|p2a: Bandit
|upkeep
|turn|8
|
|t:|1760444612
|move|p2a: Bandit|Knock Off|p1a: Pecharunt
|-supereffective|p1a: Pecharunt
|-damage|p1a: Pecharunt|35/100
|-enditem|p1a: Pecharunt|Heavy-Duty Boots|[from] move: Knock Off|[of] p2a: Bandit
|move|p1a: Pecharunt|Malignant Chain|p2a: Bandit
|-damage|p2a: Bandit|4/100
|
|upkeep
|turn|9
|
|t:|1760444624
|-terastallize|p1a: Pecharunt|Dark
|move|p2a: Bandit|Knock Off|p1a: Pecharunt
|-resisted|p1a: Pecharunt
|-damage|p1a: Pecharunt|24/100
|move|p1a: Pecharunt|Recover|p1a: Pecharunt
|-heal|p1a: Pecharunt|74/100
|
|upkeep
|turn|10
|
|t:|1760444639
|switch|p2a: Behemoth|Great Tusk, shiny|100/100
|move|p1a: Pecharunt|Recover|p1a: Pecharunt
|-heal|p1a: Pecharunt|100/100
|
|upkeep
|turn|11
|
|t:|1760444661
|switch|p1a: Ceruledge|Ceruledge, F|100/100
|-damage|p1a: Ceruledge|76/100|[from] Stealth Rock
|move|p2a: Behemoth|Headlong Rush|p1a: Ceruledge
|-supereffective|p1a: Ceruledge
|-damage|p1a: Ceruledge|0 fnt
|-unboost|p2a: Behemoth|def|1
|-unboost|p2a: Behemoth|spd|1
|faint|p1a: Ceruledge
|
|upkeep
|inactive|bourbie666 has 120 seconds left.
|
|t:|1760444677
|switch|p1a: Walking Wake|Walking Wake|100/100
|-damage|p1a: Walking Wake|88/100|[from] Stealth Rock
|turn|12
|
|t:|1760444690
|-end|p2a: Behemoth|Protosynthesis|[silent]
|switch|p2a: Celestine|Primarina, M, shiny|70/100
|-damage|p2a: Celestine|58/100|[from] Stealth Rock
|move|p1a: Walking Wake|Hydro Steam|p2a: Celestine
|-resisted|p2a: Celestine
|-damage|p2a: Celestine|42/100
|
|upkeep
|turn|13
|
|t:|1760444699
|-end|p1a: Walking Wake|Protosynthesis|[silent]
|switch|p1a: Iron Crown|Iron Crown|100/100
|-damage|p1a: Iron Crown|94/100|[from] Stealth Rock
|move|p2a: Celestine|Moonblast|p1a: Iron Crown
|-resisted|p1a: Iron Crown
|-damage|p1a: Iron Crown|78/100
|-unboost|p1a: Iron Crown|spa|1
|
|upkeep
|turn|14
|inactive|numelfan has 120 seconds left.
|
|t:|1760444728
|switch|p2a: Behemoth|Great Tusk, shiny|100/100
|move|p1a: Iron Crown|Tachyon Cutter|p2a: Behemoth
|-damage|p2a: Behemoth|76/100
|-damage|p2a: Behemoth|50/100
|-hitcount|p2a: Behemoth|2
|
|upkeep
|turn|15
|
|t:|1760444737
|move|p1a: Iron Crown|Tachyon Cutter|p2a: Behemoth
|-damage|p2a: Behemoth|22/100
|-damage|p2a: Behemoth|0 fnt
|faint|p2a: Behemoth
|-end|p2a: Behemoth|Protosynthesis|[silent]
|-hitcount|p2: Behemoth|2
|
|upkeep
|inactive|numelfan has 120 seconds left.
|
|t:|1760444758
|switch|p2a: Anonymous|Ogerpon, F|100/100
|-damage|p2a: Anonymous|88/100|[from] Stealth Rock
|turn|16
|
|t:|1760444769
|-end|p1a: Iron Crown|Quark Drive|[silent]
|switch|p1a: Pecharunt|Pecharunt, tera:Dark|100/100
|-damage|p1a: Pecharunt|88/100|[from] Stealth Rock
|move|p2a: Anonymous|Knock Off|p1a: Pecharunt
|-resisted|p1a: Pecharunt
|-damage|p1a: Pecharunt|81/100
|
|upkeep
|turn|17
|
|t:|1760444785
|switch|p2a: Chaos|Heatran, M, shiny|26/100
|-damage|p2a: Chaos|14/100|[from] Stealth Rock
|move|p1a: Pecharunt|Malignant Chain|p2a: Chaos
|-immune|p2a: Chaos
|
|upkeep
|turn|18
|
|t:|1760444800
|switch|p1a: Enamorus|Enamorus, F|100/100
|-damage|p1a: Enamorus|76/100|[from] Stealth Rock
|move|p2a: Chaos|Magma Storm|p1a: Enamorus|[miss]
|-miss|p2a: Chaos|p1a: Enamorus
|
|upkeep
|turn|19
|
|t:|1760444819
|switch|p2a: Anonymous|Ogerpon, F|88/100
|-damage|p2a: Anonymous|76/100|[from] Stealth Rock
|move|p1a: Enamorus|Moonblast|p2a: Anonymous
|-damage|p2a: Anonymous|14/100
|-unboost|p2a: Anonymous|spa|1
|-ability|p2a: Anonymous|Defiant|boost
|-boost|p2a: Anonymous|atk|2
|
|upkeep
|turn|20
|inactive|numelfan has 90 seconds left.
|
|t:|1760444857
|-terastallize|p2a: Anonymous|Grass
|detailschange|p2a: Anonymous|Ogerpon-Teal-Tera, F, tera:Grass
|-ability|p2a: Anonymous|Embody Aspect (Teal)|boost
|-boost|p2a: Anonymous|spe|1
|move|p2a: Anonymous|Ivy Cudgel|p1a: Enamorus
|-resisted|p1a: Enamorus
|-damage|p1a: Enamorus|0 fnt
|faint|p1a: Enamorus
|
|upkeep
|
|t:|1760444871
|switch|p1a: Pecharunt|Pecharunt, tera:Dark|81/100
|-damage|p1a: Pecharunt|68/100|[from] Stealth Rock
|turn|21
|
|t:|1760444877
|move|p2a: Anonymous|Ivy Cudgel|p1a: Pecharunt
|-damage|p1a: Pecharunt|0 fnt
|faint|p1a: Pecharunt
|
|upkeep
|
|t:|1760444884
|switch|p1a: Iron Crown|Iron Crown|78/100
|-damage|p1a: Iron Crown|72/100|[from] Stealth Rock
|turn|22
|
|t:|1760444893
|move|p2a: Anonymous|Ivy Cudgel|p1a: Iron Crown
|-resisted|p1a: Iron Crown
|-damage|p1a: Iron Crown|0 fnt
|faint|p1a: Iron Crown
|-end|p1a: Iron Crown|Quark Drive|[silent]
|
|upkeep
|
|t:|1760444896
|switch|p1a: Walking Wake|Walking Wake|88/100
|-damage|p1a: Walking Wake|76/100|[from] Stealth Rock
|turn|23
|
|t:|1760444905
|move|p2a: Anonymous|Ivy Cudgel|p1a: Walking Wake
|-damage|p1a: Walking Wake|0 fnt
|faint|p1a: Walking Wake
|-end|p1a: Walking Wake|Protosynthesis|[silent]
|
|win|numelfan
|raw|bourbie666's rating: 1179 &rarr; <strong>1152</strong><br />(-27 for losing)
|raw|numelfan's rating: 1150 &rarr; <strong>1177</strong><br />(+27 for winning)
|l|☆bourbie666
|player|p1|
