|j|☆splishsplish12
|j|☆Luizxs
|t:|1760385791
|gametype|singles
|player|p1|splishsplish12|steven|1146
|player|p2|Luizxs|170|1108
|gen|9
|tier|[Gen 9] OU
|rated|
|rule|HP Percentage Mod: HP is shown in percentages
|rule|Endless Battle Clause: Forcing endless battles is banned
|rule|Species Clause: Limit one of each Pokémon
|rule|OHKO Clause: OHKO moves are banned
|rule|Evasion Items Clause: Evasion items are banned
|rule|Evasion Moves Clause: Evasion moves are banned
|rule|Evasion Abilities Clause: Evasion abilities are banned
|rule|Sleep Moves Clause: Sleep-inducing moves are banned
|clearpoke
|poke|p1|Ting-Lu|
|poke|p1|Pecharunt|
|poke|p1|Dragapult, F|
|poke|p1|Kubfu, M|
|poke|p1|Snivy, M|
|poke|p1|Great Tusk|
|poke|p2|Cloyster, F|
|poke|p2|Gliscor, F|
|poke|p2|Metagross|
|poke|p2|Mimikyu, F|
|poke|p2|Greninja-*, M|
|poke|p2|Maushold-Four|
|teampreview
|
|t:|1760385802
|teamsize|p1|6
|teamsize|p2|6
|start
|switch|p1a: Dragapult|Dragapult, F|100/100
|switch|p2a: Mimikyu|Mimikyu, F|100/100
|turn|1
|
|t:|1760385822
|switch|p1a: Ting-Lu|Ting-Lu|100/100
|-ability|p1a: Ting-Lu|Vessel of Ruin
|move|p2a: Mimikyu|Shadow Sneak|p1a: Ting-Lu
|-resisted|p1a: Ting-Lu
|-damage|p1a: Ting-Lu|96/100
|-damage|p2a: Mimikyu|84/100|[from] item: Rocky Helmet|[of] p1a: Ting-Lu
|-damage|p2a: Mimikyu|74/100|[from] item: Life Orb
|
|upkeep
|turn|2
|
|t:|1760385830
|move|p2a: Mimikyu|Swords Dance|p2a: Mimikyu
|-boost|p2a: Mimikyu|atk|2
|move|p1a: Ting-Lu|Earthquake|p2a: Mimikyu
|-activate|p2a: Mimikyu|ability: Disguise
|-damage|p2a: Mimikyu|74/100
|detailschange|p2a: Mimikyu|Mimikyu-Busted, F
|-damage|p2a: Mimikyu|62/100|[from] pokemon: Mimikyu-Busted
|
|upkeep
|turn|3
|
|t:|1760385834
|-terastallize|p1a: Ting-Lu|Fairy
|move|p2a: Mimikyu|Play Rough|p1a: Ting-Lu
|-damage|p1a: Ting-Lu|59/100
|-damage|p2a: Mimikyu|45/100|[from] item: Rocky Helmet|[of] p1a: Ting-Lu
|-damage|p2a: Mimikyu|35/100|[from] item: Life Orb
|move|p1a: Ting-Lu|Earthquake|p2a: Mimikyu
|-damage|p2a: Mimikyu|0 fnt
|faint|p2a: Mimikyu
|
|upkeep
|
|t:|1760385838
|switch|p2a: Metagross|Metagross|100/100
|turn|4
|
|t:|1760385844
|move|p2a: Metagross|Meteor Mash|p1a: Ting-Lu
|-supereffective|p1a: Ting-Lu
|-damage|p1a: Ting-Lu|21/100
|-damage|p2a: Metagross|84/100|[from] item: Rocky Helmet|[of] p1a: Ting-Lu
|move|p1a: Ting-Lu|Earthquake|p2a: Metagross
|-supereffective|p2a: Metagross
|-damage|p2a: Metagross|33/100
|
|-heal|p2a: Metagross|39/100|[from] item: Leftovers
|upkeep
|turn|5
|
|t:|1760385847
|move|p2a: Metagross|Bullet Punch|p1a: Ting-Lu
|-supereffective|p1a: Ting-Lu
|-damage|p1a: Ting-Lu|1/100
|-damage|p2a: Metagross|22/100|[from] item: Rocky Helmet|[of] p1a: Ting-Lu
|move|p1a: Ting-Lu|Earthquake|p2a: Metagross
|-supereffective|p2a: Metagross
|-damage|p2a: Metagross|0 fnt
|faint|p2a: Metagross
|
|upkeep
|
|t:|1760385850
|switch|p2a: Greninja|Greninja, M|100/100
|turn|6
|
|t:|1760385854
|move|p2a: Greninja|Dark Pulse|p1a: Ting-Lu
|-resisted|p1a: Ting-Lu
|-damage|p1a: Ting-Lu|0 fnt
|faint|p1a: Ting-Lu
|-ability|p2a: Greninja|Battle Bond|boost
|-boost|p2a: Greninja|atk|1
|-boost|p2a: Greninja|spa|1
|-boost|p2a: Greninja|spe|1
|-activate|p2a: Greninja|ability: Battle Bond
|
|upkeep
|
|t:|1760385864
|switch|p1a: AstralSnivff|Snivy, M|100/100
|turn|7
|
|t:|1760385869
|move|p2a: Greninja|Ice Beam|p1a: AstralSnivff
|-supereffective|p1a: AstralSnivff
|-enditem|p1a: AstralSnivff|Focus Sash
|-damage|p1a: AstralSnivff|1/100
|-status|p1a: AstralSnivff|frz
|cant|p1a: AstralSnivff|frz
|
|upkeep
|turn|8
|c|☆splishsplish12|sadge
|
|t:|1760385886
|move|p2a: Greninja|Ice Beam|p1a: AstralSnivff
|-supereffective|p1a: AstralSnivff
|-damage|p1a: AstralSnivff|0 fnt
|faint|p1a: AstralSnivff
|
|upkeep
|
|t:|1760385892
|switch|p1a: Kubfu|Kubfu, M|100/100
|turn|9
|
|t:|1760385900
|-terastallize|p2a: Greninja|Water
|move|p2a: Greninja|Extrasensory|p1a: Kubfu
|-supereffective|p1a: Kubfu
|-enditem|p1a: Kubfu|Focus Sash
|-damage|p1a: Kubfu|1/100
|move|p1a: Kubfu|Scary Face|p2a: Greninja
|-unboost|p2a: Greninja|spe|2
|
|upkeep
|turn|10
|
|t:|1760385909
|move|p2a: Greninja|Extrasensory|p1a: Kubfu
|-supereffective|p1a: Kubfu
|-damage|p1a: Kubfu|0 fnt
|faint|p1a: Kubfu
|
|upkeep
|
|t:|1760385915
|switch|p1a: Dragapult|Dragapult, F|100/100
|turn|11
|
|t:|1760385918
|move|p1a: Dragapult|Draco Meteor|p2a: Greninja|[miss]
|-miss|p1a: Dragapult|p2a: Greninja
|move|p2a: Greninja|Ice Beam|p1a: Dragapult
|-supereffective|p1a: Dragapult
|-damage|p1a: Dragapult|0 fnt
|faint|p1a: Dragapult
|
|upkeep
|
|t:|1760385926
|switch|p1a: Pecharunt|Pecharunt|100/100
|turn|12
|
|t:|1760385930
|move|p2a: Greninja|Extrasensory|p1a: Pecharunt
|-supereffective|p1a: Pecharunt
|-damage|p1a: Pecharunt|34/100
|cant|p1a: Pecharunt|flinch
|
|-heal|p1a: Pecharunt|41/100|[from] item: Leftovers
|upkeep
|turn|13
|c|☆splishsplish12|i just
|c|☆splishsplish12|i just can't
|
|t:|1760385944
|move|p2a: Greninja|Extrasensory|p1a: Pecharunt
|-supereffective|p1a: Pecharunt
|-damage|p1a: Pecharunt|0 fnt
|faint|p1a: Pecharunt
|
|upkeep
|
|t:|1760385947
|switch|p1a: Great Tusk|Great Tusk|100/100
|-enditem|p1a: Great Tusk|Booster Energy
|-activate|p1a: Great Tusk|ability: Protosynthesis|[fromitem]
|-start|p1a: Great Tusk|protosynthesisspe
|turn|14
|
|t:|1760385960
|move|p1a: Great Tusk|Close Combat|p2a: Greninja
|-damage|p2a: Greninja|11/100
|-unboost|p1a: Great Tusk|def|1
|-unboost|p1a: Great Tusk|spd|1
|move|p2a: Greninja|Hydro Pump|p1a: Great Tusk|[miss]
|-miss|p2a: Greninja|p1a: Great Tusk
|
|upkeep
|turn|15
|
|t:|1760385974
|move|p1a: Great Tusk|Earthquake|p2a: Greninja
|-damage|p2a: Greninja|0 fnt
|faint|p2a: Greninja
|
|upkeep
|
|t:|1760385987
|switch|p2a: Cloyster|Cloyster, F|100/100
|turn|16
|
|t:|1760385997
|move|p1a: Great Tusk|Close Combat|p2a: Cloyster
|-supereffective|p2a: Cloyster
|-damage|p2a: Cloyster|16/100
|-unboost|p1a: Great Tusk|def|1
|-unboost|p1a: Great Tusk|spd|1
|move|p2a: Cloyster|Shell Smash|p2a: Cloyster
|-unboost|p2a: Cloyster|def|1
|-unboost|p2a: Cloyster|spd|1
|-boost|p2a: Cloyster|atk|2
|-boost|p2a: Cloyster|spa|2
|-boost|p2a: Cloyster|spe|2
|-enditem|p2a: Cloyster|White Herb
|-clearnegativeboost|p2a: Cloyster|[silent]
|
|upkeep
|turn|17
|
|t:|1760386014
|move|p2a: Cloyster|Icicle Spear|p1a: Great Tusk
|-supereffective|p1a: Great Tusk
|-damage|p1a: Great Tusk|48/100
|-supereffective|p1a: Great Tusk
|-damage|p1a: Great Tusk|0 fnt
|faint|p1a: Great Tusk
|-end|p1a: Great Tusk|Protosynthesis|[silent]
|-hitcount|p1: Great Tusk|2
|
|win|Luizxs
|raw|splishsplish12's rating: 1146 &rarr; <strong>1118</strong><br />(-28 for losing)
|raw|Luizxs's rating: 1108 &rarr; <strong>1136</strong><br />(+28 for winning)
|l|☆splishsplish12
|player|p1|
