|j|☆T-Garchomp
|j|☆SemperMamba
|t:|1760361954
|gametype|singles
|player|p1|T-Garchomp|266|1275
|player|p2|SemperMamba|blackbelt-gen4dp|1284
|gen|9
|tier|[Gen 9] OU
|rated|
|rule|HP Percentage Mod: HP is shown in percentages
|rule|Endless Battle Clause: Forcing endless battles is banned
|rule|Species Clause: Limit one of each Pokémon
|rule|OHKO Clause: OHKO moves are banned
|rule|Evasion Items Clause: Evasion items are banned
|rule|Evasion Moves Clause: Evasion moves are banned
|rule|Evasion Abilities Clause: Evasion abilities are banned
|rule|Sleep Moves Clause: Sleep-inducing moves are banned
|clearpoke
|poke|p1|Ogerpon-Wellspring, F|
|poke|p1|Kingambit, M|
|poke|p1|Landorus-Therian, M|
|poke|p1|Glimmora, F|
|poke|p1|Dragapult, F|
|poke|p1|Iron Valiant|
|poke|p2|Ceruledge, M|
|poke|p2|Great Tusk|
|poke|p2|Raging Bolt|
|poke|p2|Ninetales, M|
|poke|p2|Lilligant-Hisui, F|
|poke|p2|Tentacruel, M|
|teampreview
|
|t:|1760361968
|teamsize|p1|6
|teamsize|p2|6
|start
|switch|p1a: Kingambit|Kingambit, M|100/100
|switch|p2a: Tentacruel|Tentacruel, M|100/100
|turn|1
|
|t:|1760361975
|move|p2a: Tentacruel|Flip Turn|p1a: Kingambit
|-damage|p1a: Kingambit|90/100
|
|t:|1760361978
|switch|p2a: Great Tusk|Great Tusk|100/100|[from] Flip Turn
|move|p1a: Kingambit|Swords Dance|p1a: Kingambit
|-boost|p1a: Kingambit|atk|2
|
|-heal|p1a: Kingambit|96/100|[from] item: Leftovers
|upkeep
|turn|2
|
|t:|1760361993
|-terastallize|p1a: Kingambit|Ghost
|move|p2a: Great Tusk|Knock Off|p1a: Kingambit
|-supereffective|p1a: Kingambit
|-damage|p1a: Kingambit|56/100
|-enditem|p1a: Kingambit|Leftovers|[from] move: Knock Off|[of] p2a: Great Tusk
|move|p1a: Kingambit|Kowtow Cleave|p2a: Great Tusk
|-resisted|p2a: Great Tusk
|-damage|p2a: Great Tusk|73/100
|
|-heal|p2a: Great Tusk|79/100|[from] item: Leftovers
|upkeep
|turn|3
|
|t:|1760362006
|move|p2a: Great Tusk|Earthquake|p1a: Kingambit
|-damage|p1a: Kingambit|24/100
|move|p1a: Kingambit|Swords Dance|p1a: Kingambit
|-boost|p1a: Kingambit|atk|2
|
|-heal|p2a: Great Tusk|85/100|[from] item: Leftovers
|upkeep
|turn|4
|
|t:|1760362016
|move|p1a: Kingambit|Sucker Punch|p2a: Great Tusk
|-resisted|p2a: Great Tusk
|-damage|p2a: Great Tusk|47/100
|move|p2a: Great Tusk|Earthquake|p1a: Kingambit
|-damage|p1a: Kingambit|0 fnt
|faint|p1a: Kingambit
|-end|p1a: Kingambit|fallenundefined|[silent]
|
|-heal|p2a: Great Tusk|53/100|[from] item: Leftovers
|upkeep
|
|t:|1760362020
|switch|p1a: Iron Valiant|Iron Valiant|100/100
|-enditem|p1a: Iron Valiant|Booster Energy
|-activate|p1a: Iron Valiant|ability: Quark Drive|[fromitem]
|-start|p1a: Iron Valiant|quarkdrivespe
|turn|5
|
|t:|1760362045
|move|p1a: Iron Valiant|Swords Dance|p1a: Iron Valiant
|-boost|p1a: Iron Valiant|atk|2
|move|p2a: Great Tusk|Earthquake|p1a: Iron Valiant
|-damage|p1a: Iron Valiant|44/100
|
|-heal|p2a: Great Tusk|59/100|[from] item: Leftovers
|upkeep
|turn|6
|
|t:|1760362055
|move|p1a: Iron Valiant|Spirit Break|p2a: Great Tusk
|-supereffective|p2a: Great Tusk
|-damage|p2a: Great Tusk|0 fnt
|faint|p2a: Great Tusk
|-end|p2a: Great Tusk|Protosynthesis|[silent]
|
|upkeep
|
|t:|1760362079
|switch|p2a: Tentacruel|Tentacruel, M|100/100
|turn|7
|
|t:|1760362090
|move|p1a: Iron Valiant|Knock Off|p2a: Tentacruel
|-damage|p2a: Tentacruel|10/100
|-enditem|p2a: Tentacruel|Leftovers|[from] move: Knock Off|[of] p1a: Iron Valiant
|move|p2a: Tentacruel|Flip Turn|p1a: Iron Valiant
|-damage|p1a: Iron Valiant|28/100
|
|t:|1760362098
|switch|p2a: Ceruledge|Ceruledge, M|100/100|[from] Flip Turn
|
|upkeep
|turn|8
|
|t:|1760362106
|move|p2a: Ceruledge|Shadow Sneak|p1a: Iron Valiant
|-damage|p1a: Iron Valiant|0 fnt
|faint|p1a: Iron Valiant
|-end|p1a: Iron Valiant|Quark Drive|[silent]
|
|upkeep
|
|t:|1760362118
|switch|p1a: Landorus|Landorus-Therian, M|100/100
|-ability|p1a: Landorus|Intimidate|boost
|-unboost|p2a: Ceruledge|atk|1
|turn|9
|
|t:|1760362139
|switch|p2a: Tentacruel|Tentacruel, M|10/100
|move|p1a: Landorus|U-turn|p2a: Tentacruel
|-resisted|p2a: Tentacruel
|-damage|p2a: Tentacruel|0 fnt
|faint|p2a: Tentacruel
|
|t:|1760362150
|switch|p1a: Glimmora|Glimmora, F|100/100|[from] U-turn
|
|upkeep
|
|t:|1760362171
|switch|p2a: Raging Bolt|Raging Bolt|100/100
|turn|10
|
|t:|1760362177
|move|p1a: Glimmora|Earth Power|p2a: Raging Bolt
|-supereffective|p2a: Raging Bolt
|-damage|p2a: Raging Bolt|69/100
|move|p2a: Raging Bolt|Volt Switch|p1a: Glimmora
|-damage|p1a: Glimmora|51/100
|
|t:|1760362181
|-end|p2a: Raging Bolt|Protosynthesis|[silent]
|switch|p2a: Ninetales|Ninetales, M|100/100|[from] Volt Switch
|-weather|SunnyDay|[from] ability: Drought|[of] p2a: Ninetales
|
|-weather|SunnyDay|[upkeep]
|upkeep
|turn|11
|
|t:|1760362191
|move|p2a: Ninetales|Encore|p1a: Glimmora
|-start|p1a: Glimmora|Encore
|move|p1a: Glimmora|Earth Power|p2a: Ninetales
|-supereffective|p2a: Ninetales
|-damage|p2a: Ninetales|35/100
|-unboost|p2a: Ninetales|spd|1
|
|-weather|SunnyDay|[upkeep]
|upkeep
|turn|12
|
|t:|1760362204
|switch|p2a: Lilligant|Lilligant-Hisui, F, shiny|100/100
|move|p1a: Glimmora|Earth Power|p2a: Lilligant
|-resisted|p2a: Lilligant
|-damage|p2a: Lilligant|74/100
|
|-weather|SunnyDay|[upkeep]
|upkeep
|turn|13
|
|t:|1760362217
|switch|p1a: Ogerpon|Ogerpon-Wellspring, F|100/100
|move|p2a: Lilligant|Victory Dance|p2a: Lilligant
|-boost|p2a: Lilligant|atk|1
|-boost|p2a: Lilligant|def|1
|-boost|p2a: Lilligant|spe|1
|
|-weather|SunnyDay|[upkeep]
|upkeep
|turn|14
|j| Truth N Ideals
|
|t:|1760362224
|move|p2a: Lilligant|Close Combat|p1a: Ogerpon
|-damage|p1a: Ogerpon|0 fnt
|-unboost|p2a: Lilligant|def|1
|-unboost|p2a: Lilligant|spd|1
|faint|p1a: Ogerpon
|
|-weather|SunnyDay|[upkeep]
|upkeep
|
|t:|1760362229
|switch|p1a: Dragapult|Dragapult, F|100/100
|turn|15
|
|t:|1760362233
|-terastallize|p2a: Lilligant|Ghost
|move|p2a: Lilligant|Tera Blast|p1a: Dragapult|[anim] Tera Blast Ghost
|-supereffective|p1a: Dragapult
|-damage|p1a: Dragapult|0 fnt
|faint|p1a: Dragapult
|
|-weather|SunnyDay|[upkeep]
|upkeep
|
|t:|1760362243
|switch|p1a: Glimmora|Glimmora, F|51/100
|turn|16
|
|t:|1760362246
|move|p2a: Lilligant|Tera Blast|p1a: Glimmora|[anim] Tera Blast Ghost
|-damage|p1a: Glimmora|0 fnt
|-activate|p1a: Glimmora|ability: Toxic Debris
|-sidestart|p2: SemperMamba|move: Toxic Spikes
|faint|p1a: Glimmora
|
|-weather|SunnyDay|[upkeep]
|upkeep
|
|t:|1760362247
|switch|p1a: Landorus|Landorus-Therian, M|100/100
|-ability|p1a: Landorus|Intimidate|boost
|-unboost|p2a: Lilligant|atk|1
|turn|17
|
|t:|1760362251
|move|p2a: Lilligant|Tera Blast|p1a: Landorus|[anim] Tera Blast Ghost
|-damage|p1a: Landorus|60/100
|move|p1a: Landorus|Earthquake|p2a: Lilligant
|-damage|p2a: Lilligant|3/100
|
|-weather|none
|upkeep
|turn|18
|inactive|Battle timer is ON: inactive players will automatically lose when time's up. (requested by T-Garchomp)
|
|t:|1760362313
|switch|p2a: Ninetales|Ninetales, M|35/100
|-status|p2a: Ninetales|psn
|-weather|SunnyDay|[from] ability: Drought|[of] p2a: Ninetales
|move|p1a: Landorus|Earthquake|p2a: Ninetales
|-supereffective|p2a: Ninetales
|-damage|p2a: Ninetales|0 fnt
|faint|p2a: Ninetales
|
|-weather|SunnyDay|[upkeep]
|upkeep
|
|t:|1760362339
|switch|p2a: Ceruledge|Ceruledge, M|100/100
|turn|19
|
|t:|1760362343
|move|p2a: Ceruledge|Shadow Sneak|p1a: Landorus
|-damage|p1a: Landorus|39/100
|-damage|p2a: Ceruledge|84/100|[from] item: Rocky Helmet|[of] p1a: Landorus
|move|p1a: Landorus|Earthquake|p2a: Ceruledge
|-supereffective|p2a: Ceruledge
|-damage|p2a: Ceruledge|0 fnt
|faint|p2a: Ceruledge
|
|-weather|SunnyDay|[upkeep]
|upkeep
|
|t:|1760362351
|switch|p2a: Lilligant|Lilligant-Hisui, F, shiny, tera:Ghost|3/100
|-status|p2a: Lilligant|psn
|turn|20
|
|t:|1760362359
|move|p2a: Lilligant|Tera Blast|p1a: Landorus|[anim] Tera Blast Ghost
|-damage|p1a: Landorus|3/100
|move|p1a: Landorus|Earthquake|p2a: Lilligant
|-damage|p2a: Lilligant|0 fnt
|faint|p2a: Lilligant
|
|-weather|SunnyDay|[upkeep]
|upkeep
|-message|SemperMamba forfeited.
|
|win|T-Garchomp
|raw|T-Garchomp's rating: 1275 &rarr; <strong>1301</strong><br />(+26 for winning)
|raw|SemperMamba's rating: 1284 &rarr; <strong>1258</strong><br />(-26 for losing)
|l|☆SemperMamba
|player|p2|
