|j|‽yes i'm drywalled
|j|☆lycanrocwastaken
|t:|1760397729
|gametype|singles
|player|p1|yes i'm drywalled|barry|1421
|player|p2|lycanrocwastaken|red-masters|1351
|gen|9
|tier|[Gen 9] OU
|rated|
|rule|HP Percentage Mod: HP is shown in percentages
|rule|Endless Battle Clause: Forcing endless battles is banned
|rule|Species Clause: Limit one of each Pokémon
|rule|OHKO Clause: OHKO moves are banned
|rule|Evasion Items Clause: Evasion items are banned
|rule|Evasion Moves Clause: Evasion moves are banned
|rule|Evasion Abilities Clause: Evasion abilities are banned
|rule|Sleep Moves Clause: Sleep-inducing moves are banned
|clearpoke
|poke|p1|Registeel|
|poke|p1|Ninetales-Alola, M|
|poke|p1|Raging Bolt|
|poke|p1|Great Tusk|
|poke|p1|Lokix, M|
|poke|p1|Manaphy|
|poke|p2|Deoxys-Speed|
|poke|p2|Gholdengo|
|poke|p2|Ting-Lu|
|poke|p2|Dragonite, F|
|poke|p2|Ogerpon, F|
|poke|p2|Garganacl, F|
|teampreview
|inactive|Battle timer is ON: inactive players will automatically lose when time's up. (requested by lycanrocwastaken)
|
|t:|1760397738
|teamsize|p1|6
|teamsize|p2|6
|start
|switch|p1a: Ninetales|Ninetales-Alola, M|100/100
|switch|p2a: Gholdengo|Gholdengo|100/100
|-weather|Snowscape|[from] ability: Snow Warning|[of] p1a: Ninetales
|-item|p2a: Gholdengo|Air Balloon
|turn|1
|
|t:|1760397753
|move|p1a: Ninetales|Aurora Veil|p1a: Ninetales
|-sidestart|p1: yes i'm drywalled|move: Aurora Veil
|move|p2a: Gholdengo|Thunder Wave|p1a: Ninetales
|-status|p1a: Ninetales|par
|
|-weather|Snowscape|[upkeep]
|upkeep
|turn|2
|
|t:|1760397760
|switch|p2a: Deoxys|Deoxys-Speed|100/100
|-ability|p2a: Deoxys|Pressure
|switch|p1a: Manaphy|Manaphy|100/100
|
|-weather|Snowscape|[upkeep]
|upkeep
|turn|3
|
|t:|1760397766
|move|p2a: Deoxys|Knock Off|p1a: Manaphy
|-damage|p1a: Manaphy|90/100
|-enditem|p1a: Manaphy|Leftovers|[from] move: Knock Off|[of] p2a: Deoxys
|move|p1a: Manaphy|Take Heart|p1a: Manaphy
|-boost|p1a: Manaphy|spa|1
|-boost|p1a: Manaphy|spd|1
|
|-weather|Snowscape|[upkeep]
|upkeep
|turn|4
|
|t:|1760397774
|switch|p2a: Ogerpon|Ogerpon, F|100/100
|move|p1a: Manaphy|Acid Armor|p1a: Manaphy
|-boost|p1a: Manaphy|def|2
|
|-weather|Snowscape|[upkeep]
|upkeep
|turn|5
|
|t:|1760397780
|-terastallize|p1a: Manaphy|Steel
|move|p2a: Ogerpon|Encore|p1a: Manaphy
|-start|p1a: Manaphy|Encore
|move|p1a: Manaphy|Acid Armor|p1a: Manaphy
|-boost|p1a: Manaphy|def|2
|
|-weather|none
|upkeep
|turn|6
|
|t:|1760397792
|move|p2a: Ogerpon|Spikes|p1a: Manaphy
|-sidestart|p1: yes i'm drywalled|Spikes
|move|p1a: Manaphy|Acid Armor|p1a: Manaphy
|-boost|p1a: Manaphy|def|2
|
|upkeep
|turn|7
|
|t:|1760397797
|switch|p1a: Lokix|Lokix, M|100/100
|-damage|p1a: Lokix|88/100|[from] Spikes
|move|p2a: Ogerpon|Spikes|p1a: Lokix
|-sidestart|p1: yes i'm drywalled|Spikes
|
|upkeep
|turn|8
|
|t:|1760397805
|switch|p2a: Dragonite|Dragonite, F|100/100
|move|p1a: Lokix|U-turn|p2a: Dragonite
|-resisted|p2a: Dragonite
|-damage|p2a: Dragonite|77/100
|
|t:|1760397813
|switch|p1a: Great Tusk|Great Tusk|100/100|[from] U-turn
|-damage|p1a: Great Tusk|84/100|[from] Spikes
|
|-sideend|p1: yes i'm drywalled|move: Aurora Veil
|upkeep
|turn|9
|
|t:|1760397818
|switch|p2a: Gholdengo|Gholdengo|100/100
|-item|p2a: Gholdengo|Air Balloon
|move|p1a: Great Tusk|Rapid Spin|p2a: Gholdengo
|-immune|p2a: Gholdengo
|
|upkeep
|turn|10
|
|t:|1760397836
|-end|p1a: Great Tusk|Protosynthesis|[silent]
|switch|p1a: Registeel|Registeel, shiny|100/100
|-damage|p1a: Registeel|84/100|[from] Spikes
|move|p2a: Gholdengo|Hex|p1a: Registeel
|-damage|p1a: Registeel|68/100
|
|-heal|p1a: Registeel|74/100|[from] item: Leftovers
|upkeep
|turn|11
|
|t:|1760397843
|switch|p2a: Ogerpon|Ogerpon, F|100/100
|move|p1a: Registeel|Heavy Slam|p2a: Ogerpon
|-damage|p2a: Ogerpon|59/100
|
|-heal|p1a: Registeel|80/100|[from] item: Leftovers
|upkeep
|turn|12
|
|t:|1760397847
|move|p2a: Ogerpon|Knock Off|p1a: Registeel
|-damage|p1a: Registeel|60/100
|-enditem|p1a: Registeel|Leftovers|[from] move: Knock Off|[of] p2a: Ogerpon
|move|p1a: Registeel|Thunder Wave|p2a: Ogerpon
|-status|p2a: Ogerpon|par
|
|upkeep
|turn|13
|
|t:|1760397856
|switch|p1a: Great Tusk|Great Tusk|84/100
|-damage|p1a: Great Tusk|67/100|[from] Spikes
|cant|p2a: Ogerpon|par
|
|upkeep
|turn|14
|
|t:|1760397862
|move|p1a: Great Tusk|Rapid Spin|p2a: Ogerpon
|-damage|p2a: Ogerpon|41/100 par
|-boost|p1a: Great Tusk|spe|1
|-sideend|p1: yes i'm drywalled|Spikes|[from] move: Rapid Spin|[of] p1a: Great Tusk
|move|p2a: Ogerpon|Ivy Cudgel|p1a: Great Tusk
|-supereffective|p1a: Great Tusk
|-damage|p1a: Great Tusk|11/100
|
|upkeep
|turn|15
|
|t:|1760397868
|switch|p2a: Dragonite|Dragonite, F|77/100
|move|p1a: Great Tusk|Ice Spinner|p2a: Dragonite
|-supereffective|p2a: Dragonite
|-damage|p2a: Dragonite|0 fnt
|faint|p2a: Dragonite
|
|upkeep
|
|t:|1760397871
|switch|p2a: Deoxys|Deoxys-Speed|100/100
|-ability|p2a: Deoxys|Pressure
|turn|16
|
|t:|1760397887
|-end|p1a: Great Tusk|Protosynthesis|[silent]
|switch|p1a: Registeel|Registeel, shiny|60/100
|move|p2a: Deoxys|Ice Beam|p1a: Registeel
|-resisted|p1a: Registeel
|-damage|p1a: Registeel|54/100
|
|upkeep
|turn|17
|
|t:|1760397893
|move|p2a: Deoxys|Superpower|p1a: Registeel
|-supereffective|p1a: Registeel
|-damage|p1a: Registeel|14/100
|-unboost|p2a: Deoxys|atk|1
|-unboost|p2a: Deoxys|def|1
|move|p1a: Registeel|Heavy Slam|p2a: Deoxys
|-damage|p2a: Deoxys|53/100
|
|upkeep
|turn|18
|
|t:|1760397902
|switch|p1a: Great Tusk|Great Tusk|11/100
|move|p2a: Deoxys|Superpower|p1a: Great Tusk
|-damage|p1a: Great Tusk|0 fnt
|-unboost|p2a: Deoxys|atk|1
|-unboost|p2a: Deoxys|def|1
|-damage|p2a: Deoxys|37/100|[from] item: Rocky Helmet|[of] p1a: Great Tusk
|faint|p1a: Great Tusk
|-end|p1a: Great Tusk|Protosynthesis|[silent]
|
|upkeep
|
|t:|1760397905
|switch|p1a: Lokix|Lokix, M|88/100
|turn|19
|
|t:|1760397909
|switch|p2a: Ogerpon|Ogerpon, F|41/100 par
|move|p1a: Lokix|Knock Off|p2a: Ogerpon
|-damage|p2a: Ogerpon|0 fnt
|-enditem|p2a: Ogerpon|Heavy-Duty Boots|[from] move: Knock Off|[of] p1a: Lokix
|faint|p2a: Ogerpon
|
|upkeep
|
|t:|1760397917
|switch|p2a: Garganacl|Garganacl, F|100/100
|turn|20
|
|t:|1760397924
|switch|p1a: Registeel|Registeel, shiny|14/100
|move|p2a: Garganacl|Salt Cure|p1a: Registeel
|-resisted|p1a: Registeel
|-damage|p1a: Registeel|10/100
|-start|p1a: Registeel|Salt Cure
|
|-damage|p1a: Registeel|0 fnt|[from] Salt Cure
|faint|p1a: Registeel
|upkeep
|
|t:|1760397928
|switch|p1a: Manaphy|Manaphy, tera:Steel|90/100
|turn|21
|
|t:|1760397933
|move|p1a: Manaphy|Acid Armor|p1a: Manaphy
|-boost|p1a: Manaphy|def|2
|move|p2a: Garganacl|Salt Cure|p1a: Manaphy
|-resisted|p1a: Manaphy
|-damage|p1a: Manaphy|87/100
|-start|p1a: Manaphy|Salt Cure
|
|-damage|p1a: Manaphy|62/100|[from] Salt Cure
|upkeep
|turn|22
|
|t:|1760397936
|switch|p2a: Gholdengo|Gholdengo|100/100
|-item|p2a: Gholdengo|Air Balloon
|move|p1a: Manaphy|Scald|p2a: Gholdengo
|-damage|p2a: Gholdengo|62/100
|-status|p2a: Gholdengo|brn
|-enditem|p2a: Gholdengo|Air Balloon
|
|-damage|p2a: Gholdengo|56/100 brn|[from] brn
|-damage|p1a: Manaphy|37/100|[from] Salt Cure
|upkeep
|turn|23
|
|t:|1760397951
|switch|p1a: Lokix|Lokix, M|88/100
|move|p2a: Gholdengo|Thunder Wave|p1a: Lokix|[miss]
|-miss|p2a: Gholdengo|p1a: Lokix
|
|-damage|p2a: Gholdengo|49/100 brn|[from] brn
|upkeep
|turn|24
|
|t:|1760397961
|move|p1a: Lokix|First Impression|p2a: Gholdengo
|-resisted|p2a: Gholdengo
|-damage|p2a: Gholdengo|27/100 brn
|move|p2a: Gholdengo|Thunder Wave|p1a: Lokix
|-status|p1a: Lokix|par
|
|-damage|p2a: Gholdengo|21/100 brn|[from] brn
|upkeep
|turn|25
|
|t:|1760397974
|switch|p1a: Manaphy|Manaphy, tera:Steel|37/100
|move|p2a: Gholdengo|Recover|p2a: Gholdengo
|-heal|p2a: Gholdengo|71/100 brn
|
|-damage|p2a: Gholdengo|65/100 brn|[from] brn
|upkeep
|turn|26
|
|t:|1760397980
|move|p1a: Manaphy|Take Heart|p1a: Manaphy
|-boost|p1a: Manaphy|spa|1
|-boost|p1a: Manaphy|spd|1
|move|p2a: Gholdengo|Focus Blast|p1a: Manaphy|[miss]
|-miss|p2a: Gholdengo|p1a: Manaphy
|
|-damage|p2a: Gholdengo|58/100 brn|[from] brn
|upkeep
|turn|27
|
|t:|1760397990
|move|p1a: Manaphy|Take Heart|p1a: Manaphy
|-boost|p1a: Manaphy|spa|1
|-boost|p1a: Manaphy|spd|1
|move|p2a: Gholdengo|Focus Blast|p1a: Manaphy|[miss]
|-miss|p2a: Gholdengo|p1a: Manaphy
|
|-damage|p2a: Gholdengo|52/100 brn|[from] brn
|upkeep
|turn|28
|
|t:|1760397998
|move|p1a: Manaphy|Scald|p2a: Gholdengo
|-damage|p2a: Gholdengo|0 fnt
|faint|p2a: Gholdengo
|
|upkeep
|c|☆lycanrocwastaken|,
|
|t:|1760398002
|switch|p2a: Deoxys|Deoxys-Speed|37/100
|-ability|p2a: Deoxys|Pressure
|turn|29
|
|t:|1760398008
|move|p2a: Deoxys|Superpower|p1a: Manaphy
|-supereffective|p1a: Manaphy
|-damage|p1a: Manaphy|0 fnt
|-unboost|p2a: Deoxys|atk|1
|-unboost|p2a: Deoxys|def|1
|faint|p1a: Manaphy
|
|upkeep
|
|t:|1760398020
|switch|p1a: Ninetales|Ninetales-Alola, M|100/100 par
|-weather|Snowscape|[from] ability: Snow Warning|[of] p1a: Ninetales
|turn|30
|
|t:|1760398023
|move|p2a: Deoxys|Knock Off|p1a: Ninetales
|-resisted|p1a: Ninetales
|-damage|p1a: Ninetales|93/100 par
|-enditem|p1a: Ninetales|Light Clay|[from] move: Knock Off|[of] p2a: Deoxys
|cant|p1a: Ninetales|par
|
|-weather|Snowscape|[upkeep]
|upkeep
|turn|31
|
|t:|1760398026
|move|p2a: Deoxys|Psycho Boost|p1a: Ninetales
|-damage|p1a: Ninetales|33/100 par
|-unboost|p2a: Deoxys|spa|2
|move|p1a: Ninetales|Aurora Veil|p1a: Ninetales
|-sidestart|p1: yes i'm drywalled|move: Aurora Veil
|
|-weather|Snowscape|[upkeep]
|upkeep
|turn|32
|
|t:|1760398038
|move|p2a: Deoxys|Psycho Boost|p1a: Ninetales
|-damage|p1a: Ninetales|18/100 par
|-unboost|p2a: Deoxys|spa|2
|move|p1a: Ninetales|Moonblast|p2a: Deoxys
|-damage|p2a: Deoxys|0 fnt
|faint|p2a: Deoxys
|
|-weather|Snowscape|[upkeep]
|upkeep
|
|t:|1760398043
|switch|p2a: Ting-Lu|Ting-Lu|100/100
|-ability|p2a: Ting-Lu|Vessel of Ruin
|turn|33
|
|t:|1760398048
|move|p1a: Ninetales|Moonblast|p2a: Ting-Lu
|-supereffective|p2a: Ting-Lu
|-damage|p2a: Ting-Lu|78/100
|move|p2a: Ting-Lu|Earthquake|p1a: Ninetales
|-damage|p1a: Ninetales|2/100 par
|
|-weather|Snowscape|[upkeep]
|-heal|p2a: Ting-Lu|85/100|[from] item: Leftovers
|upkeep
|turn|34
|
|t:|1760398052
|move|p1a: Ninetales|Encore|p2a: Ting-Lu
|-start|p2a: Ting-Lu|Encore
|move|p2a: Ting-Lu|Earthquake|p1a: Ninetales
|-crit|p1a: Ninetales
|-damage|p1a: Ninetales|0 fnt
|faint|p1a: Ninetales
|
|-weather|none
|-heal|p2a: Ting-Lu|91/100|[from] item: Leftovers
|upkeep
|
|t:|1760398055
|switch|p1a: Raging Bolt|Raging Bolt|100/100
|-enditem|p1a: Raging Bolt|Booster Energy
|-activate|p1a: Raging Bolt|ability: Protosynthesis|[fromitem]
|-start|p1a: Raging Bolt|protosynthesisspa
|turn|35
|
|t:|1760398061
|move|p1a: Raging Bolt|Dragon Pulse|p2a: Ting-Lu
|-damage|p2a: Ting-Lu|63/100
|move|p2a: Ting-Lu|Earthquake|p1a: Raging Bolt
|-supereffective|p1a: Raging Bolt
|-damage|p1a: Raging Bolt|64/100
|
|-heal|p2a: Ting-Lu|69/100|[from] item: Leftovers
|-sideend|p1: yes i'm drywalled|move: Aurora Veil
|upkeep
|turn|36
|
|t:|1760398065
|move|p1a: Raging Bolt|Dragon Pulse|p2a: Ting-Lu
|-damage|p2a: Ting-Lu|41/100
|move|p2a: Ting-Lu|Earthquake|p1a: Raging Bolt
|-supereffective|p1a: Raging Bolt
|-damage|p1a: Raging Bolt|0 fnt
|faint|p1a: Raging Bolt
|-end|p1a: Raging Bolt|Protosynthesis|[silent]
|
|-heal|p2a: Ting-Lu|47/100|[from] item: Leftovers
|-end|p2a: Ting-Lu|Encore
|upkeep
|
|t:|1760398068
|switch|p1a: Lokix|Lokix, M|88/100 par
|turn|37
|
|t:|1760398071
|move|p1a: Lokix|Leech Life|p2a: Ting-Lu
|-supereffective|p2a: Ting-Lu
|-damage|p2a: Ting-Lu|0 fnt
|-heal|p1a: Lokix|100/100 par|[from] drain|[of] p2a: Ting-Lu
|faint|p2a: Ting-Lu
|
|upkeep
|
|t:|1760398074
|switch|p2a: Garganacl|Garganacl, F|100/100
|turn|38
|
|t:|1760398076
|move|p1a: Lokix|Leech Life|p2a: Garganacl
|-damage|p2a: Garganacl|62/100
|move|p2a: Garganacl|Iron Defense|p2a: Garganacl
|-boost|p2a: Garganacl|def|2
|
|-heal|p2a: Garganacl|68/100|[from] item: Leftovers
|upkeep
|turn|39
|
|t:|1760398079
|move|p1a: Lokix|Leech Life|p2a: Garganacl
|-damage|p2a: Garganacl|51/100
|move|p2a: Garganacl|Iron Defense|p2a: Garganacl
|-boost|p2a: Garganacl|def|2
|
|-heal|p2a: Garganacl|57/100|[from] item: Leftovers
|upkeep
|turn|40
|
|t:|1760398083
|move|p1a: Lokix|Leech Life|p2a: Garganacl
|-damage|p2a: Garganacl|45/100
|move|p2a: Garganacl|Recover|p2a: Garganacl
|-heal|p2a: Garganacl|95/100
|
|-heal|p2a: Garganacl|100/100|[from] item: Leftovers
|upkeep
|turn|41
|
|t:|1760398085
|cant|p1a: Lokix|par
|move|p2a: Garganacl|Iron Defense|p2a: Garganacl
|-boost|p2a: Garganacl|def|2
|
|upkeep
|turn|42
|
|t:|1760398091
|cant|p1a: Lokix|par
|move|p2a: Garganacl|Body Press|p1a: Lokix
|-damage|p1a: Lokix|0 fnt
|faint|p1a: Lokix
|
|win|lycanrocwastaken
|raw|yes i&apos;m drywalled's rating: 1421 &rarr; <strong>1397</strong><br />(-24 for losing)
|raw|lycanrocwastaken's rating: 1351 &rarr; <strong>1375</strong><br />(+24 for winning)
|c|☆lycanrocwastaken|Gg
|l|‽yes i'm drywalled
|player|p1|
|l|☆lycanrocwastaken
|player|p2|
