|j|☆ThiefYT
|j|☆Lolgasm
|t:|1760415154
|gametype|singles
|player|p1|ThiefYT|dawn|1228
|player|p2|Lolgasm|2|1263
|gen|9
|tier|[Gen 9] OU
|rated|
|rule|HP Percentage Mod: HP is shown in percentages
|rule|Endless Battle Clause: Forcing endless battles is banned
|rule|Species Clause: Limit one of each Pokémon
|rule|OHKO Clause: OHKO moves are banned
|rule|Evasion Items Clause: Evasion items are banned
|rule|Evasion Moves Clause: Evasion moves are banned
|rule|Evasion Abilities Clause: Evasion abilities are banned
|rule|Sleep Moves Clause: Sleep-inducing moves are banned
|clearpoke
|poke|p1|Walking Wake|
|poke|p1|Lilligant-Hisui, F|
|poke|p1|Torkoal, F|
|poke|p1|Jumpluff, M|
|poke|p1|Great Tusk|
|poke|p1|Arcanine-Hisui, F|
|poke|p2|Ninetales, M|
|poke|p2|Walking Wake|
|poke|p2|Hatterene, F|
|poke|p2|Great Tusk|
|poke|p2|Raging Bolt|
|poke|p2|Ceruledge, F|
|teampreview
|inactive|Battle timer is ON: inactive players will automatically lose when time's up. (requested by Lolgasm)
|
|t:|1760415159
|teamsize|p1|6
|teamsize|p2|6
|start
|switch|p1a: Lilligant|Lilligant-Hisui, F|100/100
|switch|p2a: Daydream|Ninetales, M, shiny|100/100
|-weather|SunnyDay|[from] ability: Drought|[of] p2a: Daydream
|turn|1
|
|t:|1760415172
|switch|p1a: Arcanine|Arcanine-Hisui, F, shiny|100/100
|move|p2a: Daydream|Weather Ball|p1a: Arcanine
|-resisted|p1a: Arcanine
|-damage|p1a: Arcanine|86/100
|
|-weather|SunnyDay|[upkeep]
|upkeep
|turn|2
|
|t:|1760415183
|switch|p2a: Luisin|Great Tusk|100/100
|-activate|p2a: Luisin|ability: Protosynthesis
|-start|p2a: Luisin|protosynthesisatk
|move|p1a: Arcanine|Head Smash|p2a: Luisin
|-resisted|p2a: Luisin
|-damage|p2a: Luisin|79/100
|
|-weather|SunnyDay|[upkeep]
|upkeep
|turn|3
|
|t:|1760415193
|switch|p1a: Jumpluff|Jumpluff, M, shiny|100/100
|move|p2a: Luisin|Headlong Rush|p1a: Jumpluff
|-immune|p1a: Jumpluff
|
|-weather|SunnyDay|[upkeep]
|upkeep
|turn|4
|
|t:|1760415204
|move|p1a: Jumpluff|Encore|p2a: Luisin
|-start|p2a: Luisin|Encore
|move|p2a: Luisin|Headlong Rush|p1a: Jumpluff
|-immune|p1a: Jumpluff
|
|-weather|SunnyDay|[upkeep]
|upkeep
|turn|5
|
|t:|1760415212
|-end|p2a: Luisin|Protosynthesis|[silent]
|switch|p2a: Duko|Hatterene, F, shiny|100/100
|move|p1a: Jumpluff|Tailwind|p1a: Jumpluff
|-sidestart|p1: ThiefYT|move: Tailwind
|
|-weather|SunnyDay|[upkeep]
|upkeep
|turn|6
|
|t:|1760415224
|move|p1a: Jumpluff|Memento|p2a: Duko
|-unboost|p2a: Duko|atk|2
|-unboost|p2a: Duko|spa|2
|faint|p1a: Jumpluff
|move|p2a: Duko|Nuzzle|p1: Jumpluff|[notarget]
|-fail|p2a: Duko
|
|-weather|SunnyDay|[upkeep]
|upkeep
|
|t:|1760415233
|switch|p1a: Lilligant|Lilligant-Hisui, F|100/100
|turn|7
|
|t:|1760415238
|-terastallize|p1a: Lilligant|Ghost
|move|p1a: Lilligant|Victory Dance|p1a: Lilligant
|-boost|p1a: Lilligant|atk|1
|-boost|p1a: Lilligant|def|1
|-boost|p1a: Lilligant|spe|1
|move|p2a: Duko|Psychic|p1a: Lilligant
|-damage|p1a: Lilligant|72/100
|
|-weather|SunnyDay|[upkeep]
|upkeep
|turn|8
|
|t:|1760415249
|move|p1a: Lilligant|Victory Dance|p1a: Lilligant
|-boost|p1a: Lilligant|atk|1
|-boost|p1a: Lilligant|def|1
|-boost|p1a: Lilligant|spe|1
|move|p2a: Duko|Nuzzle|p1a: Lilligant
|-damage|p1a: Lilligant|70/100
|-status|p1a: Lilligant|par
|-enditem|p1a: Lilligant|Lum Berry|[eat]
|-curestatus|p1a: Lilligant|par|[msg]
|
|-weather|none
|-sideend|p1: ThiefYT|move: Tailwind
|upkeep
|turn|9
|
|t:|1760415265
|move|p1a: Lilligant|Tera Blast|p2a: Duko|[anim] Tera Blast Ghost
|-supereffective|p2a: Duko
|-damage|p2a: Duko|0 fnt
|faint|p2a: Duko
|
|upkeep
|c|☆ThiefYT|MWAHAHAHAHA
|
|t:|1760415278
|switch|p2a: Daydream|Ninetales, M, shiny|100/100
|-weather|SunnyDay|[from] ability: Drought|[of] p2a: Daydream
|turn|10
|
|t:|1760415284
|move|p1a: Lilligant|Tera Blast|p2a: Daydream|[anim] Tera Blast Ghost
|-damage|p2a: Daydream|0 fnt
|faint|p2a: Daydream
|
|-weather|SunnyDay|[upkeep]
|upkeep
|
|t:|1760415288
|switch|p2a: Rager|Raging Bolt|100/100
|-activate|p2a: Rager|ability: Protosynthesis
|-start|p2a: Rager|protosynthesisspa
|turn|11
|
|t:|1760415298
|move|p2a: Rager|Thunderclap||[still]
|-fail|p2a: Rager
|move|p1a: Lilligant|Victory Dance|p1a: Lilligant
|-boost|p1a: Lilligant|atk|1
|-boost|p1a: Lilligant|def|1
|-boost|p1a: Lilligant|spe|1
|
|-weather|SunnyDay|[upkeep]
|upkeep
|turn|12
|
|t:|1760415307
|switch|p1a: Great Tusk|Great Tusk, shiny|100/100
|-activate|p1a: Great Tusk|ability: Protosynthesis
|-start|p1a: Great Tusk|protosynthesisspe
|move|p2a: Rager|Thunderclap||[still]
|-fail|p2a: Rager
|
|-weather|SunnyDay|[upkeep]
|upkeep
|turn|13
|
|t:|1760415317
|move|p1a: Great Tusk|Headlong Rush|p2a: Rager
|-supereffective|p2a: Rager
|-damage|p2a: Rager|0 fnt
|-unboost|p1a: Great Tusk|def|1
|-unboost|p1a: Great Tusk|spd|1
|faint|p2a: Rager
|-end|p2a: Rager|Protosynthesis|[silent]
|
|-weather|SunnyDay|[upkeep]
|upkeep
|
|t:|1760415324
|switch|p2a: Mr. Banana|Walking Wake|100/100
|-activate|p2a: Mr. Banana|ability: Protosynthesis
|-start|p2a: Mr. Banana|protosynthesisspe
|turn|14
|
|t:|1760415340
|-end|p1a: Great Tusk|Protosynthesis|[silent]
|switch|p1a: Walking Wake|Walking Wake|100/100
|-activate|p1a: Walking Wake|ability: Protosynthesis
|-start|p1a: Walking Wake|protosynthesisspe
|-terastallize|p2a: Mr. Banana|Water
|move|p2a: Mr. Banana|Hydro Steam|p1a: Walking Wake
|-resisted|p1a: Walking Wake
|-damage|p1a: Walking Wake|64/100
|
|-weather|SunnyDay|[upkeep]
|upkeep
|turn|15
|
|t:|1760415353
|move|p2a: Mr. Banana|Hydro Steam|p1a: Walking Wake
|-resisted|p1a: Walking Wake
|-damage|p1a: Walking Wake|27/100
|move|p1a: Walking Wake|Draco Meteor|p2a: Mr. Banana
|-damage|p2a: Mr. Banana|7/100
|-unboost|p1a: Walking Wake|spa|2
|-damage|p1a: Walking Wake|17/100|[from] item: Life Orb
|
|-weather|SunnyDay|[upkeep]
|upkeep
|turn|16
|
|t:|1760415366
|-end|p1a: Walking Wake|Protosynthesis|[silent]
|switch|p1a: Great Tusk|Great Tusk, shiny|100/100
|-activate|p1a: Great Tusk|ability: Protosynthesis
|-start|p1a: Great Tusk|protosynthesisspe
|move|p2a: Mr. Banana|Hydro Steam|p1a: Great Tusk
|-supereffective|p1a: Great Tusk
|-damage|p1a: Great Tusk|0 fnt
|faint|p1a: Great Tusk
|-end|p1a: Great Tusk|Protosynthesis|[silent]
|
|-weather|SunnyDay|[upkeep]
|upkeep
|
|t:|1760415377
|switch|p1a: Arcanine|Arcanine-Hisui, F, shiny|86/100
|turn|17
|
|t:|1760415380
|move|p1a: Arcanine|Extreme Speed|p2a: Mr. Banana
|-damage|p2a: Mr. Banana|0 fnt
|faint|p2a: Mr. Banana
|-end|p2a: Mr. Banana|Protosynthesis|[silent]
|
|-weather|none
|upkeep
|
|t:|1760415387
|switch|p2a: Luisin|Great Tusk|79/100
|turn|18
|
|t:|1760415391
|move|p1a: Arcanine|Extreme Speed|p2a: Luisin
|-damage|p2a: Luisin|46/100
|move|p2a: Luisin|Close Combat|p1a: Arcanine
|-supereffective|p1a: Arcanine
|-damage|p1a: Arcanine|0 fnt
|-unboost|p2a: Luisin|def|1
|-unboost|p2a: Luisin|spd|1
|faint|p1a: Arcanine
|-damage|p2a: Luisin|37/100|[from] item: Life Orb
|
|upkeep
|
|t:|1760415402
|switch|p1a: Torkoal|Torkoal, F, shiny|100/100
|-weather|SunnyDay|[from] ability: Drought|[of] p1a: Torkoal
|-activate|p2a: Luisin|ability: Protosynthesis
|-start|p2a: Luisin|protosynthesisatk
|turn|19
|
|t:|1760415408
|move|p2a: Luisin|Rapid Spin|p1a: Torkoal
|-damage|p1a: Torkoal|81/100
|-boost|p2a: Luisin|spe|1
|-damage|p2a: Luisin|27/100|[from] item: Life Orb
|move|p1a: Torkoal|Rapid Spin|p2a: Luisin
|-damage|p2a: Luisin|16/100
|-boost|p1a: Torkoal|spe|1
|
|-weather|SunnyDay|[upkeep]
|upkeep
|turn|20
|
|t:|1760415418
|move|p2a: Luisin|Headlong Rush|p1a: Torkoal
|-supereffective|p1a: Torkoal
|-damage|p1a: Torkoal|0 fnt
|-unboost|p2a: Luisin|def|1
|-unboost|p2a: Luisin|spd|1
|faint|p1a: Torkoal
|-damage|p2a: Luisin|6/100|[from] item: Life Orb
|
|-weather|SunnyDay|[upkeep]
|upkeep
|
|t:|1760415429
|switch|p1a: Walking Wake|Walking Wake|17/100
|-activate|p1a: Walking Wake|ability: Protosynthesis
|-start|p1a: Walking Wake|protosynthesisspe
|turn|21
|
|t:|1760415436
|move|p1a: Walking Wake|Hydro Steam|p2a: Luisin
|-supereffective|p2a: Luisin
|-damage|p2a: Luisin|0 fnt
|faint|p2a: Luisin
|-end|p2a: Luisin|Protosynthesis|[silent]
|-damage|p1a: Walking Wake|7/100|[from] item: Life Orb
|
|-weather|SunnyDay|[upkeep]
|upkeep
|
|t:|1760415439
|switch|p2a: Glass Shadows|Ceruledge, F, shiny|100/100
|turn|22
|
|t:|1760415446
|move|p1a: Walking Wake|Hydro Steam|p2a: Glass Shadows
|-supereffective|p2a: Glass Shadows
|-damage|p2a: Glass Shadows|0 fnt
|faint|p2a: Glass Shadows
|-damage|p1a: Walking Wake|0 fnt|[from] item: Life Orb
|faint|p1a: Walking Wake
|-end|p1a: Walking Wake|Protosynthesis|[silent]
|
|win|ThiefYT
|raw|ThiefYT's rating: 1228 &rarr; <strong>1256</strong><br />(+28 for winning)
|raw|Lolgasm's rating: 1263 &rarr; <strong>1235</strong><br />(-28 for losing)
|l|☆Lolgasm
|player|p2|
|c|☆ThiefYT|Ggs
|l|☆ThiefYT
|player|p1|
