|j|☆XJohnson
|j|☆ZeBoomer
|t:|1760359430
|gametype|singles
|player|p1|XJohnson|emma|1303
|player|p2|ZeBoomer|scientist-gen4dp|1270
|gen|9
|tier|[Gen 9] OU
|rated|
|rule|HP Percentage Mod: HP is shown in percentages
|rule|Endless Battle Clause: Forcing endless battles is banned
|rule|Species Clause: Limit one of each Pokémon
|rule|OHKO Clause: OHKO moves are banned
|rule|Evasion Items Clause: Evasion items are banned
|rule|Evasion Moves Clause: Evasion moves are banned
|rule|Evasion Abilities Clause: Evasion abilities are banned
|rule|Sleep Moves Clause: Sleep-inducing moves are banned
|clearpoke
|poke|p1|Ninetales-Alola, M|
|poke|p1|Kyurem|
|poke|p1|Great Tusk|
|poke|p1|Blaziken, M|
|poke|p1|Ting-Lu|
|poke|p1|Tyranitar, M|
|poke|p2|Iron Moth|
|poke|p2|Tyranitar, F|
|poke|p2|Gholdengo|
|poke|p2|Excadrill, F|
|poke|p2|Ogerpon-Wellspring, F|
|poke|p2|Vikavolt, M|
|teampreview
|inactive|Battle timer is ON: inactive players will automatically lose when time's up. (requested by ZeBoomer)
|
|t:|1760359437
|teamsize|p1|6
|teamsize|p2|6
|start
|switch|p1a: Kick’nChic’n|Blaziken, M|100/100
|switch|p2a: Vikavolt|Vikavolt, M|100/100
|turn|1
|
|t:|1760359445
|move|p1a: Kick’nChic’n|Flare Blitz|p2a: Vikavolt
|-supereffective|p2a: Vikavolt
|-enditem|p2a: Vikavolt|Focus Sash
|-damage|p2a: Vikavolt|1/100
|-damage|p1a: Kick’nChic’n|68/100|[from] Recoil
|move|p2a: Vikavolt|Agility|p2a: Vikavolt
|-boost|p2a: Vikavolt|spe|2
|
|-ability|p1a: Kick’nChic’n|Speed Boost|boost
|-boost|p1a: Kick’nChic’n|spe|1
|upkeep
|turn|2
|
|t:|1760359455
|move|p1a: Kick’nChic’n|Protect|p1a: Kick’nChic’n
|-singleturn|p1a: Kick’nChic’n|Protect
|move|p2a: Vikavolt|Discharge|p1a: Kick’nChic’n
|-activate|p1a: Kick’nChic’n|move: Protect
|
|-ability|p1a: Kick’nChic’n|Speed Boost|boost
|-boost|p1a: Kick’nChic’n|spe|1
|upkeep
|turn|3
|
|t:|1760359463
|move|p1a: Kick’nChic’n|Flare Blitz|p2a: Vikavolt
|-supereffective|p2a: Vikavolt
|-damage|p2a: Vikavolt|0 fnt
|faint|p2a: Vikavolt
|-damage|p1a: Kick’nChic’n|68/100|[from] Recoil
|
|-ability|p1a: Kick’nChic’n|Speed Boost|boost
|-boost|p1a: Kick’nChic’n|spe|1
|upkeep
|
|t:|1760359466
|switch|p2a: Tyranitar|Tyranitar, F|100/100
|-weather|Sandstorm|[from] ability: Sand Stream|[of] p2a: Tyranitar
|turn|4
|
|t:|1760359479
|-terastallize|p2a: Tyranitar|Water
|move|p1a: Kick’nChic’n|Protect|p1a: Kick’nChic’n
|-singleturn|p1a: Kick’nChic’n|Protect
|move|p2a: Tyranitar|Knock Off|p1a: Kick’nChic’n
|-activate|p1a: Kick’nChic’n|move: Protect
|
|-weather|Sandstorm|[upkeep]
|-damage|p1a: Kick’nChic’n|62/100|[from] Sandstorm
|-damage|p2a: Tyranitar|94/100|[from] Sandstorm
|-ability|p1a: Kick’nChic’n|Speed Boost|boost
|-boost|p1a: Kick’nChic’n|spe|1
|upkeep
|turn|5
|
|t:|1760359483
|move|p1a: Kick’nChic’n|U-turn|p2a: Tyranitar
|-damage|p2a: Tyranitar|74/100
|
|t:|1760359484
|switch|p1a: 50% off|Ting-Lu|100/100|[from] U-turn
|-ability|p1a: 50% off|Vessel of Ruin
|move|p2a: Tyranitar|Low Kick|p1a: 50% off
|-supereffective|p1a: 50% off
|-damage|p1a: 50% off|50/100
|
|-weather|Sandstorm|[upkeep]
|-damage|p2a: Tyranitar|68/100|[from] Sandstorm
|-heal|p1a: 50% off|56/100|[from] item: Leftovers
|upkeep
|turn|6
|
|t:|1760359497
|move|p2a: Tyranitar|Low Kick|p1a: 50% off
|-supereffective|p1a: 50% off
|-damage|p1a: 50% off|5/100
|move|p1a: 50% off|Stealth Rock|p2a: Tyranitar
|-sidestart|p2: ZeBoomer|move: Stealth Rock
|
|-weather|Sandstorm|[upkeep]
|-damage|p2a: Tyranitar|62/100|[from] Sandstorm
|-heal|p1a: 50% off|12/100|[from] item: Leftovers
|upkeep
|turn|7
|
|t:|1760359511
|switch|p1a: Ninetails|Ninetales-Alola, M|100/100
|-weather|Snowscape|[from] ability: Snow Warning|[of] p1a: Ninetails
|move|p2a: Tyranitar|Stealth Rock|p1a: Ninetails
|-sidestart|p1: XJohnson|move: Stealth Rock
|
|-weather|Snowscape|[upkeep]
|upkeep
|turn|8
|
|t:|1760359521
|switch|p2a: Ogerpon|Ogerpon-Wellspring, F|100/100
|-damage|p2a: Ogerpon|88/100|[from] Stealth Rock
|move|p1a: Ninetails|Aurora Veil|p1a: Ninetails
|-sidestart|p1: XJohnson|move: Aurora Veil
|
|-weather|Snowscape|[upkeep]
|upkeep
|turn|9
|
|t:|1760359528
|move|p2a: Ogerpon|Encore|p1a: Ninetails
|-start|p1a: Ninetails|Encore
|move|p1a: Ninetails|Aurora Veil||[still]
|-fail|p1a: Ninetails
|
|-weather|Snowscape|[upkeep]
|upkeep
|turn|10
|
|t:|1760359540
|switch|p1a: Blizzaga|Kyurem|100/100
|-damage|p1a: Blizzaga|76/100|[from] Stealth Rock
|-ability|p1a: Blizzaga|Pressure
|move|p2a: Ogerpon|Swords Dance|p2a: Ogerpon
|-boost|p2a: Ogerpon|atk|2
|
|-weather|Snowscape|[upkeep]
|upkeep
|turn|11
|
|t:|1760359548
|move|p2a: Ogerpon|Ivy Cudgel|p1a: Blizzaga|[anim] Ivy Cudgel Water
|-resisted|p1a: Blizzaga
|-damage|p1a: Blizzaga|58/100
|move|p1a: Blizzaga|Draco Meteor|p2a: Ogerpon
|-damage|p2a: Ogerpon|0 fnt
|-unboost|p1a: Blizzaga|spa|2
|faint|p2a: Ogerpon
|
|-weather|none
|upkeep
|
|t:|1760359558
|switch|p2a: Tyranitar|Tyranitar, F, tera:Water|62/100
|-damage|p2a: Tyranitar|50/100|[from] Stealth Rock
|-weather|Sandstorm|[from] ability: Sand Stream|[of] p2a: Tyranitar
|turn|12
|
|t:|1760359568
|switch|p1a: Tickle Monster|Great Tusk|100/100
|move|p2a: Tyranitar|Low Kick|p1a: Tickle Monster
|-damage|p1a: Tickle Monster|86/100
|
|-weather|Sandstorm|[upkeep]
|-damage|p2a: Tyranitar|44/100|[from] Sandstorm
|upkeep
|turn|13
|
|t:|1760359577
|switch|p2a: Gholdengo|Gholdengo|100/100
|-damage|p2a: Gholdengo|94/100|[from] Stealth Rock
|-item|p2a: Gholdengo|Air Balloon
|move|p1a: Tickle Monster|Rock Slide|p2a: Gholdengo
|-resisted|p2a: Gholdengo
|-damage|p2a: Gholdengo|86/100
|-enditem|p2a: Gholdengo|Air Balloon
|
|-weather|Sandstorm|[upkeep]
|upkeep
|turn|14
|
|t:|1760359582
|move|p1a: Tickle Monster|Bulk Up|p1a: Tickle Monster
|-boost|p1a: Tickle Monster|atk|1
|-boost|p1a: Tickle Monster|def|1
|move|p2a: Gholdengo|Shadow Ball|p1a: Tickle Monster
|-damage|p1a: Tickle Monster|61/100
|
|-weather|Sandstorm|[upkeep]
|upkeep
|turn|15
|
|t:|1760359591
|move|p1a: Tickle Monster|Earthquake|p2a: Gholdengo
|-supereffective|p2a: Gholdengo
|-damage|p2a: Gholdengo|0 fnt
|faint|p2a: Gholdengo
|
|-weather|Sandstorm|[upkeep]
|-sideend|p1: XJohnson|move: Aurora Veil
|upkeep
|
|t:|1760359598
|switch|p2a: Iron Moth|Iron Moth|100/100
|-damage|p2a: Iron Moth|76/100|[from] Stealth Rock
|-enditem|p2a: Iron Moth|Booster Energy
|-activate|p2a: Iron Moth|ability: Quark Drive|[fromitem]
|-start|p2a: Iron Moth|quarkdrivespe
|turn|16
|
|t:|1760359606
|-end|p1a: Tickle Monster|Protosynthesis|[silent]
|switch|p1a: 50% off|Ting-Lu|12/100
|-damage|p1a: 50% off|5/100|[from] Stealth Rock
|-ability|p1a: 50% off|Vessel of Ruin
|move|p2a: Iron Moth|Dazzling Gleam|p1a: 50% off
|-supereffective|p1a: 50% off
|-damage|p1a: 50% off|0 fnt
|faint|p1a: 50% off
|
|-weather|none
|upkeep
|
|t:|1760359610
|switch|p1a: Tyranitar|Tyranitar, M, shiny|100/100
|-damage|p1a: Tyranitar|88/100|[from] Stealth Rock
|-weather|Sandstorm|[from] ability: Sand Stream|[of] p1a: Tyranitar
|turn|17
|
|t:|1760359615
|move|p2a: Iron Moth|Substitute|p2a: Iron Moth
|-start|p2a: Iron Moth|Substitute
|-damage|p2a: Iron Moth|51/100
|move|p1a: Tyranitar|Knock Off|p2a: Iron Moth
|-end|p2a: Iron Moth|Substitute
|
|-weather|Sandstorm|[upkeep]
|-damage|p2a: Iron Moth|45/100|[from] Sandstorm
|-heal|p1a: Tyranitar|94/100|[from] item: Leftovers
|upkeep
|turn|18
|
|t:|1760359623
|move|p2a: Iron Moth|Dazzling Gleam|p1a: Tyranitar
|-supereffective|p1a: Tyranitar
|-damage|p1a: Tyranitar|60/100
|move|p1a: Tyranitar|Knock Off|p2a: Iron Moth
|-damage|p2a: Iron Moth|0 fnt
|faint|p2a: Iron Moth
|-end|p2a: Iron Moth|Quark Drive|[silent]
|
|-weather|Sandstorm|[upkeep]
|-heal|p1a: Tyranitar|66/100|[from] item: Leftovers
|upkeep
|
|t:|1760359628
|switch|p2a: Excadrill|Excadrill, F|100/100
|-damage|p2a: Excadrill|97/100|[from] Stealth Rock
|turn|19
|inactive|XJohnson has 120 seconds left.
|
|t:|1760359660
|move|p2a: Excadrill|Rapid Spin|p1a: Tyranitar
|-resisted|p1a: Tyranitar
|-damage|p1a: Tyranitar|57/100
|-boost|p2a: Excadrill|spe|1
|-sideend|p2: ZeBoomer|Stealth Rock|[from] move: Rapid Spin|[of] p2a: Excadrill
|move|p1a: Tyranitar|Earthquake|p2a: Excadrill
|-supereffective|p2a: Excadrill
|-damage|p2a: Excadrill|0 fnt
|faint|p2a: Excadrill
|
|-weather|Sandstorm|[upkeep]
|-heal|p1a: Tyranitar|63/100|[from] item: Leftovers
|upkeep
|-message|ZeBoomer forfeited.
|
|win|XJohnson
|raw|XJohnson's rating: 1303 &rarr; <strong>1321</strong><br />(+18 for winning)
|raw|ZeBoomer's rating: 1270 &rarr; <strong>1247</strong><br />(-23 for losing)
|l|☆ZeBoomer
|player|p2|
|l|☆XJohnson
|player|p1|
