|j|☆sommeliersam
|j|☆ch1ck3n nu99ets
|t:|1760333357
|gametype|singles
|player|p1|sommeliersam|1|1749
|player|p2|ch1ck3n nu99ets|170|1732
|gen|9
|tier|[Gen 9] OU
|rated|
|rule|HP Percentage Mod: HP is shown in percentages
|rule|Endless Battle Clause: Forcing endless battles is banned
|rule|Species Clause: Limit one of each Pokémon
|rule|OHKO Clause: OHKO moves are banned
|rule|Evasion Items Clause: Evasion items are banned
|rule|Evasion Moves Clause: Evasion moves are banned
|rule|Evasion Abilities Clause: Evasion abilities are banned
|rule|Sleep Moves Clause: Sleep-inducing moves are banned
|clearpoke
|poke|p1|Gholdengo|
|poke|p1|Zamazenta-*|
|poke|p1|Ting-Lu|
|poke|p1|Dragapult, F|
|poke|p1|Cinderace, M|
|poke|p1|Dragonite, F|
|poke|p2|Pelipper, F|
|poke|p2|Basculegion, M|
|poke|p2|Manaphy|
|poke|p2|Scizor, M|
|poke|p2|Iron Valiant|
|poke|p2|Sandy Shocks|
|teampreview
|
|t:|1760333368
|teamsize|p1|6
|teamsize|p2|6
|start
|switch|p1a: Dragapult|Dragapult, F|100/100
|switch|p2a: Scizor|Scizor, M|100/100
|turn|1
|inactive|Battle timer is ON: inactive players will automatically lose when time's up. (requested by ch1ck3n nu99ets)
|
|t:|1760333373
|switch|p2a: Pelipper|Pelipper, F|100/100
|-weather|RainDance|[from] ability: Drizzle|[of] p2a: Pelipper
|move|p1a: Dragapult|Flamethrower|p2a: Pelipper
|-resisted|p2a: Pelipper
|-crit|p2a: Pelipper
|-damage|p2a: Pelipper|81/100
|
|-weather|RainDance|[upkeep]
|upkeep
|turn|2
|
|t:|1760333379
|switch|p1a: Gholdengo|Gholdengo|100/100
|move|p2a: Pelipper|U-turn|p1a: Gholdengo
|-resisted|p1a: Gholdengo
|-damage|p1a: Gholdengo|98/100
|j| Biggest Fan Stan
|j| A man named Derp
|
|t:|1760333381
|switch|p2a: Basculegion|Basculegion, M|100/100|[from] U-turn
|
|-weather|RainDance|[upkeep]
|upkeep
|turn|3
|j| arturohdez
|
|t:|1760333387
|move|p2a: Basculegion|Wave Crash|p1a: Gholdengo
|-damage|p1a: Gholdengo|0 fnt
|faint|p1a: Gholdengo
|-damage|p2a: Basculegion|69/100|[from] Recoil
|
|-weather|RainDance|[upkeep]
|upkeep
|
|t:|1760333392
|switch|p1a: Dragapult|Dragapult, F|100/100
|turn|4
|
|t:|1760333399
|switch|p2a: Scizor|Scizor, M|100/100
|move|p1a: Dragapult|Shadow Ball|p2a: Scizor
|-damage|p2a: Scizor|37/100
|-enditem|p2a: Scizor|Sitrus Berry|[eat]
|-heal|p2a: Scizor|61/100|[from] item: Sitrus Berry
|
|-weather|RainDance|[upkeep]
|upkeep
|turn|5
|c| A man named Derp|Chicken mf Nuggets
|
|t:|1760333406
|move|p1a: Dragapult|Shadow Ball|p2a: Scizor
|-damage|p2a: Scizor|0 fnt
|faint|p2a: Scizor
|
|-weather|RainDance|[upkeep]
|upkeep
|c| A man named Derp|Put some SPICE on them thangs
|
|t:|1760333420
|switch|p2a: Sandy Shocks|Sandy Shocks|100/100
|-enditem|p2a: Sandy Shocks|Booster Energy
|-activate|p2a: Sandy Shocks|ability: Protosynthesis|[fromitem]
|-start|p2a: Sandy Shocks|protosynthesisspe
|turn|6
|
|t:|1760333435
|switch|p1a: Cinderace|Cinderace, M|100/100
|move|p2a: Sandy Shocks|Stealth Rock|p1a: Cinderace
|-sidestart|p1: sommeliersam|move: Stealth Rock
|
|-weather|RainDance|[upkeep]
|upkeep
|turn|7
|
|t:|1760333440
|switch|p1a: Ting-Lu|Ting-Lu|100/100
|-damage|p1a: Ting-Lu|94/100|[from] Stealth Rock
|-ability|p1a: Ting-Lu|Vessel of Ruin
|move|p2a: Sandy Shocks|Earth Power|p1a: Ting-Lu
|-damage|p1a: Ting-Lu|77/100
|
|-weather|RainDance|[upkeep]
|-heal|p1a: Ting-Lu|84/100|[from] item: Leftovers
|upkeep
|turn|8
|
|t:|1760333444
|-end|p2a: Sandy Shocks|Protosynthesis|[silent]
|switch|p2a: Basculegion|Basculegion, M|69/100
|move|p1a: Ting-Lu|Earthquake|p2a: Basculegion
|-damage|p2a: Basculegion|21/100
|
|-weather|none
|-heal|p1a: Ting-Lu|90/100|[from] item: Leftovers
|upkeep
|turn|9
|
|t:|1760333452
|switch|p1a: Zamazenta|Zamazenta|100/100
|-damage|p1a: Zamazenta|94/100|[from] Stealth Rock
|-ability|p1a: Zamazenta|Dauntless Shield|boost
|-boost|p1a: Zamazenta|def|1
|move|p2a: Basculegion|Wave Crash|p1a: Zamazenta
|-damage|p1a: Zamazenta|55/100
|-damage|p2a: Basculegion|10/100|[from] Recoil
|
|-heal|p1a: Zamazenta|61/100|[from] item: Leftovers
|upkeep
|turn|10
|
|t:|1760333456
|switch|p2a: Pelipper|Pelipper, F|81/100
|-weather|RainDance|[from] ability: Drizzle|[of] p2a: Pelipper
|move|p1a: Zamazenta|Crunch|p2a: Pelipper
|-damage|p2a: Pelipper|62/100
|
|-weather|RainDance|[upkeep]
|-heal|p1a: Zamazenta|67/100|[from] item: Leftovers
|upkeep
|turn|11
|c| A man named Derp|SPICY lil nugget man, I fk with it
|inactive|sommeliersam has 120 seconds left.
|
|t:|1760333486
|switch|p1a: Ting-Lu|Ting-Lu|90/100
|-damage|p1a: Ting-Lu|84/100|[from] Stealth Rock
|-ability|p1a: Ting-Lu|Vessel of Ruin
|move|p2a: Pelipper|U-turn|p1a: Ting-Lu
|-supereffective|p1a: Ting-Lu
|-damage|p1a: Ting-Lu|73/100
|c| Biggest Fan Stan|bro
|
|t:|1760333489
|switch|p2a: Basculegion|Basculegion, M|10/100|[from] U-turn
|
|-weather|RainDance|[upkeep]
|-heal|p1a: Ting-Lu|79/100|[from] item: Leftovers
|upkeep
|turn|12
|
|t:|1760333497
|switch|p1a: Zamazenta|Zamazenta|67/100
|-damage|p1a: Zamazenta|61/100|[from] Stealth Rock
|move|p2a: Basculegion|Flip Turn|p1a: Zamazenta
|-damage|p1a: Zamazenta|13/100
|
|t:|1760333512
|switch|p2a: Pelipper|Pelipper, F|62/100|[from] Flip Turn
|
|-weather|RainDance|[upkeep]
|-heal|p1a: Zamazenta|20/100|[from] item: Leftovers
|upkeep
|turn|13
|
|t:|1760333519
|move|p1a: Zamazenta|Crunch|p2a: Pelipper
|-damage|p2a: Pelipper|45/100
|move|p2a: Pelipper|Hurricane|p1a: Zamazenta
|-supereffective|p1a: Zamazenta
|-damage|p1a: Zamazenta|0 fnt
|faint|p1a: Zamazenta
|
|-weather|RainDance|[upkeep]
|upkeep
|
|t:|1760333525
|switch|p1a: Dragapult|Dragapult, F|100/100
|-damage|p1a: Dragapult|88/100|[from] Stealth Rock
|turn|14
|
|t:|1760333542
|switch|p2a: Iron Valiant|Iron Valiant|100/100
|-enditem|p2a: Iron Valiant|Booster Energy
|-activate|p2a: Iron Valiant|ability: Quark Drive|[fromitem]
|-start|p2a: Iron Valiant|quarkdrivespe
|move|p1a: Dragapult|Shadow Ball|p2a: Iron Valiant
|-damage|p2a: Iron Valiant|3/100
|-unboost|p2a: Iron Valiant|spd|1
|
|-weather|RainDance|[upkeep]
|upkeep
|turn|15
|
|t:|1760333550
|switch|p1a: Cinderace|Cinderace, M|100/100
|move|p2a: Iron Valiant|Liquidation|p1a: Cinderace
|-supereffective|p1a: Cinderace
|-damage|p1a: Cinderace|0 fnt
|faint|p1a: Cinderace
|
|-weather|RainDance|[upkeep]
|upkeep
|c| A man named Derp|Oh that’s SPICY yo. What a switch
|
|t:|1760333561
|switch|p1a: Dragonite|Dragonite, F|100/100
|-damage|p1a: Dragonite|76/100|[from] Stealth Rock
|turn|16
|
|t:|1760333567
|move|p1a: Dragonite|Extreme Speed|p2a: Iron Valiant
|-damage|p2a: Iron Valiant|0 fnt
|faint|p2a: Iron Valiant
|-end|p2a: Iron Valiant|Quark Drive|[silent]
|
|-weather|RainDance|[upkeep]
|upkeep
|
|t:|1760333573
|switch|p2a: Basculegion|Basculegion, M|10/100
|turn|17
|c| A man named Derp|chicken McF”in Nugget in this bish
|
|t:|1760333577
|-terastallize|p2a: Basculegion|Ghost
|move|p2a: Basculegion|Tera Blast|p1a: Dragonite|[anim] Tera Blast Ghost
|-damage|p1a: Dragonite|4/100
|move|p1a: Dragonite|Roost|p1a: Dragonite
|-heal|p1a: Dragonite|54/100
|-singleturn|p1a: Dragonite|move: Roost
|
|-weather|none
|upkeep
|turn|18
|
|t:|1760333586
|switch|p1a: Ting-Lu|Ting-Lu|79/100
|-damage|p1a: Ting-Lu|73/100|[from] Stealth Rock
|-ability|p1a: Ting-Lu|Vessel of Ruin
|move|p2a: Basculegion|Tera Blast|p1a: Ting-Lu|[anim] Tera Blast Ghost
|-resisted|p1a: Ting-Lu
|-damage|p1a: Ting-Lu|53/100
|
|-heal|p1a: Ting-Lu|59/100|[from] item: Leftovers
|upkeep
|turn|19
|
|t:|1760333599
|switch|p2a: Pelipper|Pelipper, F|45/100
|-weather|RainDance|[from] ability: Drizzle|[of] p2a: Pelipper
|move|p1a: Ting-Lu|Stealth Rock|p2a: Pelipper
|-sidestart|p2: ch1ck3n nu99ets|move: Stealth Rock
|
|-weather|RainDance|[upkeep]
|-heal|p1a: Ting-Lu|66/100|[from] item: Leftovers
|upkeep
|turn|20
|c| A man named Derp|show him those nuggets bro, that’s right. Get tf in there
|
|t:|1760333604
|move|p2a: Pelipper|Knock Off|p1a: Ting-Lu
|-resisted|p1a: Ting-Lu
|-damage|p1a: Ting-Lu|62/100
|-enditem|p1a: Ting-Lu|Leftovers|[from] move: Knock Off|[of] p2a: Pelipper
|move|p1a: Ting-Lu|Whirlwind|p2a: Pelipper
|drag|p2a: Manaphy|Manaphy|100/100
|-damage|p2a: Manaphy|88/100|[from] Stealth Rock
|
|-weather|RainDance|[upkeep]
|upkeep
|turn|21
|
|t:|1760333609
|move|p2a: Manaphy|Surf|p1a: Ting-Lu
|-supereffective|p1a: Ting-Lu
|-damage|p1a: Ting-Lu|12/100
|move|p1a: Ting-Lu|Ruination|p2a: Manaphy
|-damage|p2a: Manaphy|44/100
|
|-weather|RainDance|[upkeep]
|upkeep
|turn|22
|
|t:|1760333615
|move|p2a: Manaphy|Rest|p2a: Manaphy
|-status|p2a: Manaphy|slp|[from] move: Rest
|-heal|p2a: Manaphy|100/100 slp|[silent]
|move|p1a: Ting-Lu|Whirlwind|p2a: Manaphy
|drag|p2a: Sandy Shocks|Sandy Shocks|100/100
|-damage|p2a: Sandy Shocks|94/100|[from] Stealth Rock
|
|-weather|RainDance|[upkeep]
|upkeep
|turn|23
|
|t:|1760333623
|move|p2a: Sandy Shocks|Earth Power|p1a: Ting-Lu
|-damage|p1a: Ting-Lu|0 fnt
|faint|p1a: Ting-Lu
|
|-weather|RainDance|[upkeep]
|upkeep
|
|t:|1760333628
|switch|p1a: Dragonite|Dragonite, F|54/100
|-damage|p1a: Dragonite|30/100|[from] Stealth Rock
|turn|24
|c| A man named Derp|that’s right GOD DAMIT FK HIM UP NUGGETS
|
|t:|1760333654
|-terastallize|p1a: Dragonite|Ground
|move|p2a: Sandy Shocks|Thunder|p1a: Dragonite
|-immune|p1a: Dragonite
|move|p1a: Dragonite|Dragon Dance|p1a: Dragonite
|-boost|p1a: Dragonite|atk|1
|-boost|p1a: Dragonite|spe|1
|
|-weather|RainDance|[upkeep]
|upkeep
|turn|25
|c| A man named Derp|WTF IS THAT!?
|
|t:|1760333664
|move|p1a: Dragonite|Earthquake|p2a: Sandy Shocks
|-supereffective|p2a: Sandy Shocks
|-damage|p2a: Sandy Shocks|0 fnt
|faint|p2a: Sandy Shocks
|-end|p2a: Sandy Shocks|Protosynthesis|[silent]
|
|-weather|RainDance|[upkeep]
|upkeep
|c|☆ch1ck3n nu99ets|wow lol
|c|☆ch1ck3n nu99ets|gg
|
|t:|1760333670
|switch|p2a: Manaphy|Manaphy|100/100 slp
|-damage|p2a: Manaphy|88/100 slp|[from] Stealth Rock
|turn|26
|
|t:|1760333673
|move|p1a: Dragonite|Earthquake|p2a: Manaphy
|-damage|p2a: Manaphy|6/100 slp
|cant|p2a: Manaphy|slp
|
|-weather|none
|upkeep
|turn|27
|c| A man named Derp|Tera ground ass shit
|-message|ch1ck3n nu99ets forfeited.
|
|win|sommeliersam
|raw|sommeliersam's rating: 1749 &rarr; <strong>1768</strong><br />(+19 for winning)
|raw|ch1ck3n nu99ets's rating: 1732 &rarr; <strong>1713</strong><br />(-19 for losing)
|l|☆ch1ck3n nu99ets
|player|p2|
|c| A man named Derp|daaam
|c| A man named Derp|fk u sommer
|l| A man named Derp
|l|☆sommeliersam
|player|p1|
|c| Biggest Fan Stan|lol
|l| Biggest Fan Stan
|l| arturohdez
