|j|☆alchora
|j|☆zabzib
|t:|1760331469
|gametype|singles
|player|p1|alchora|flannery|1117
|player|p2|zabzib|gambler|1067
|gen|9
|tier|[Gen 9] OU
|rated|
|rule|HP Percentage Mod: HP is shown in percentages
|rule|Endless Battle Clause: Forcing endless battles is banned
|rule|Species Clause: Limit one of each Pokémon
|rule|OHKO Clause: OHKO moves are banned
|rule|Evasion Items Clause: Evasion items are banned
|rule|Evasion Moves Clause: Evasion moves are banned
|rule|Evasion Abilities Clause: Evasion abilities are banned
|rule|Sleep Moves Clause: Sleep-inducing moves are banned
|clearpoke
|poke|p1|Scizor, M|
|poke|p1|Jolteon, M|
|poke|p1|Ceruledge, M|
|poke|p1|Quaquaval, F|
|poke|p1|Hoopa-Unbound|
|poke|p1|Rotom-Wash|
|poke|p2|Bellibolt, F|
|poke|p2|Torkoal, M|
|poke|p2|Pelipper, M|
|poke|p2|Darkrai|
|poke|p2|Breloom, M|
|poke|p2|Galvantula, F|
|teampreview
|
|t:|1760331504
|teamsize|p1|6
|teamsize|p2|6
|start
|switch|p1a: Scizor|Scizor, M, shiny|100/100
|switch|p2a: Torkoal|Torkoal, M|100/100
|-weather|SunnyDay|[from] ability: Drought|[of] p2a: Torkoal
|turn|1
|
|t:|1760331512
|switch|p1a: Rotom|Rotom-Wash|100/100
|move|p2a: Torkoal|Inferno|p1a: Rotom
|-resisted|p1a: Rotom
|-damage|p1a: Rotom|83/100
|-status|p1a: Rotom|brn
|
|-weather|SunnyDay|[upkeep]
|-heal|p1a: Rotom|89/100 brn|[from] item: Leftovers
|-damage|p1a: Rotom|83/100 brn|[from] brn
|upkeep
|turn|2
|
|t:|1760331531
|switch|p2a: Bellibolt|Bellibolt, F, shiny|100/100
|move|p1a: Rotom|Will-O-Wisp|p2a: Bellibolt
|-status|p2a: Bellibolt|brn
|
|-weather|SunnyDay|[upkeep]
|-heal|p1a: Rotom|89/100 brn|[from] item: Leftovers
|-damage|p1a: Rotom|83/100 brn|[from] brn
|-damage|p2a: Bellibolt|94/100 brn|[from] brn
|upkeep
|turn|3
|inactive|Battle timer is ON: inactive players will automatically lose when time's up. (requested by alchora)
|
|t:|1760331553
|switch|p1a: Hoopa|Hoopa-Unbound|100/100
|move|p2a: Bellibolt|Parabolic Charge|p1a: Hoopa
|-damage|p1a: Hoopa|76/100
|-heal|p2a: Bellibolt|100/100 brn|[from] drain|[of] p1a: Hoopa
|
|-weather|SunnyDay|[upkeep]
|-damage|p2a: Bellibolt|94/100 brn|[from] brn
|upkeep
|turn|4
|
|t:|1760331572
|move|p1a: Hoopa|Psychic|p2a: Bellibolt
|-damage|p2a: Bellibolt|41/100 brn
|-start|p2a: Bellibolt|Charge|Psychic|[from] ability: Electromorphosis
|move|p2a: Bellibolt|Zap Cannon|p1a: Hoopa|[miss]
|-miss|p2a: Bellibolt|p1a: Hoopa
|-end|p2a: Bellibolt|Charge|[silent]
|
|-weather|SunnyDay|[upkeep]
|-damage|p2a: Bellibolt|34/100 brn|[from] brn
|upkeep
|turn|5
|
|t:|1760331582
|move|p1a: Hoopa|Psychic|p2a: Bellibolt
|-damage|p2a: Bellibolt|0 fnt
|faint|p2a: Bellibolt
|
|-weather|none
|upkeep
|
|t:|1760331587
|switch|p2a: Torkoal|Torkoal, M|100/100
|-weather|SunnyDay|[from] ability: Drought|[of] p2a: Torkoal
|turn|6
|
|t:|1760331596
|switch|p1a: Rotom|Rotom-Wash|83/100 brn
|move|p2a: Torkoal|Inferno|p1a: Rotom
|-resisted|p1a: Rotom
|-damage|p1a: Rotom|62/100 brn
|
|-weather|SunnyDay|[upkeep]
|-heal|p1a: Rotom|68/100 brn|[from] item: Leftovers
|-damage|p1a: Rotom|62/100 brn|[from] brn
|upkeep
|turn|7
|
|t:|1760331611
|switch|p2a: Pelipper|Pelipper, M|100/100
|-weather|RainDance|[from] ability: Drizzle|[of] p2a: Pelipper
|move|p1a: Rotom|Volt Switch|p2a: Pelipper
|-supereffective|p2a: Pelipper
|-damage|p2a: Pelipper|18/100
|
|t:|1760331619
|switch|p1a: Jolteon|Jolteon, M|100/100|[from] Volt Switch
|
|-weather|RainDance|[upkeep]
|-status|p1a: Jolteon|brn|[from] item: Flame Orb
|upkeep
|turn|8
|
|t:|1760331627
|move|p1a: Jolteon|Volt Switch|p2a: Pelipper
|-supereffective|p2a: Pelipper
|-damage|p2a: Pelipper|0 fnt
|faint|p2a: Pelipper
|
|t:|1760331634
|switch|p1a: Rotom|Rotom-Wash|62/100 brn|[from] Volt Switch
|
|-weather|RainDance|[upkeep]
|-heal|p1a: Rotom|68/100 brn|[from] item: Leftovers
|-damage|p1a: Rotom|62/100 brn|[from] brn
|upkeep
|
|t:|1760331640
|switch|p2a: Galvantula|Galvantula, F, shiny|100/100
|turn|9
|
|t:|1760331645
|move|p2a: Galvantula|Charge Beam|p1a: Rotom
|-damage|p1a: Rotom|43/100 brn
|-boost|p2a: Galvantula|spa|1
|move|p1a: Rotom|Will-O-Wisp|p2a: Galvantula
|-status|p2a: Galvantula|brn
|
|-weather|RainDance|[upkeep]
|-heal|p1a: Rotom|49/100 brn|[from] item: Leftovers
|-damage|p2a: Galvantula|94/100 brn|[from] brn
|-damage|p1a: Rotom|43/100 brn|[from] brn
|upkeep
|turn|10
|
|t:|1760331655
|move|p2a: Galvantula|Charge Beam|p1a: Rotom
|-damage|p1a: Rotom|18/100 brn
|-boost|p2a: Galvantula|spa|1
|move|p1a: Rotom|Volt Switch|p2a: Galvantula
|-resisted|p2a: Galvantula
|-damage|p2a: Galvantula|73/100 brn
|
|t:|1760331668
|switch|p1a: Scizor|Scizor, M, shiny|100/100|[from] Volt Switch
|
|-weather|RainDance|[upkeep]
|-damage|p2a: Galvantula|67/100 brn|[from] brn
|upkeep
|turn|11
|
|t:|1760331676
|move|p2a: Galvantula|Thunder|p1a: Scizor
|-damage|p1a: Scizor|15/100
|-status|p1a: Scizor|par
|cant|p1a: Scizor|par
|
|-weather|none
|-damage|p2a: Galvantula|61/100 brn|[from] brn
|upkeep
|turn|12
|
|t:|1760331688
|move|p2a: Galvantula|Charge Beam|p1a: Scizor
|-damage|p1a: Scizor|0 fnt
|-boost|p2a: Galvantula|spa|1
|faint|p1a: Scizor
|
|-damage|p2a: Galvantula|55/100 brn|[from] brn
|upkeep
|
|t:|1760331707
|switch|p1a: Rotom|Rotom-Wash|18/100 brn
|turn|13
|
|t:|1760331710
|move|p1a: Rotom|Protect|p1a: Rotom
|-singleturn|p1a: Rotom|Protect
|move|p2a: Galvantula|Charge Beam|p1a: Rotom
|-activate|p1a: Rotom|move: Protect
|
|-heal|p1a: Rotom|24/100 brn|[from] item: Leftovers
|-damage|p2a: Galvantula|49/100 brn|[from] brn
|-damage|p1a: Rotom|18/100 brn|[from] brn
|upkeep
|turn|14
|
|t:|1760331719
|move|p1a: Rotom|Protect||[still]
|-fail|p1a: Rotom
|move|p2a: Galvantula|Charge Beam|p1a: Rotom
|-damage|p1a: Rotom|0 fnt
|-boost|p2a: Galvantula|spa|1
|faint|p1a: Rotom
|
|-damage|p2a: Galvantula|43/100 brn|[from] brn
|upkeep
|
|t:|1760331733
|switch|p1a: Jolteon|Jolteon, M|100/100 brn
|turn|15
|
|t:|1760331738
|move|p1a: Jolteon|Protect|p1a: Jolteon
|-singleturn|p1a: Jolteon|Protect
|move|p2a: Galvantula|Thunder|p1a: Jolteon
|-activate|p1a: Jolteon|move: Protect
|
|-damage|p1a: Jolteon|95/100 brn|[from] brn
|-damage|p2a: Galvantula|37/100 brn|[from] brn
|upkeep
|turn|16
|
|t:|1760331746
|move|p1a: Jolteon|Shadow Ball|p2a: Galvantula
|-damage|p2a: Galvantula|0 fnt
|faint|p2a: Galvantula
|
|-damage|p1a: Jolteon|89/100 brn|[from] brn
|upkeep
|
|t:|1760331753
|switch|p2a: Torkoal|Torkoal, M|100/100
|-weather|SunnyDay|[from] ability: Drought|[of] p2a: Torkoal
|turn|17
|
|t:|1760331760
|move|p1a: Jolteon|Thunder Wave|p2a: Torkoal
|-status|p2a: Torkoal|par
|move|p2a: Torkoal|Inferno|p1a: Jolteon
|-damage|p1a: Jolteon|29/100 brn
|
|-weather|SunnyDay|[upkeep]
|-damage|p1a: Jolteon|23/100 brn|[from] brn
|upkeep
|turn|18
|
|t:|1760331772
|move|p1a: Jolteon|Volt Switch|p2a: Torkoal
|-damage|p2a: Torkoal|77/100 par
|
|t:|1760331779
|switch|p1a: Ceruledge|Ceruledge, M|100/100|[from] Volt Switch
|move|p2a: Torkoal|Stone Edge|p1a: Ceruledge
|-supereffective|p1a: Ceruledge
|-damage|p1a: Ceruledge|32/100
|-enditem|p1a: Ceruledge|Sitrus Berry|[eat]
|-heal|p1a: Ceruledge|57/100|[from] item: Sitrus Berry
|
|-weather|SunnyDay|[upkeep]
|upkeep
|turn|19
|
|t:|1760331798
|move|p1a: Ceruledge|Poison Jab|p2a: Torkoal
|-damage|p2a: Torkoal|51/100 par
|move|p2a: Torkoal|Stone Edge|p1a: Ceruledge
|-supereffective|p1a: Ceruledge
|-crit|p1a: Ceruledge
|-damage|p1a: Ceruledge|0 fnt
|faint|p1a: Ceruledge
|
|-weather|SunnyDay|[upkeep]
|upkeep
|
|t:|1760331805
|switch|p1a: Quaquaval|Quaquaval, F|100/100
|turn|20
|
|t:|1760331827
|-terastallize|p2a: Torkoal|Bug
|move|p1a: Quaquaval|Swords Dance|p1a: Quaquaval
|-boost|p1a: Quaquaval|atk|2
|move|p2a: Torkoal|Inferno|p1a: Quaquaval
|-resisted|p1a: Quaquaval
|-damage|p1a: Quaquaval|70/100
|-status|p1a: Quaquaval|brn
|
|-weather|SunnyDay|[upkeep]
|-damage|p1a: Quaquaval|64/100 brn|[from] brn
|upkeep
|turn|21
|
|t:|1760331849
|move|p1a: Quaquaval|Swords Dance|p1a: Quaquaval
|-boost|p1a: Quaquaval|atk|2
|cant|p2a: Torkoal|par
|
|-weather|none
|-damage|p1a: Quaquaval|58/100 brn|[from] brn
|upkeep
|turn|22
|
|t:|1760331859
|move|p1a: Quaquaval|Close Combat|p2a: Torkoal
|-resisted|p2a: Torkoal
|-damage|p2a: Torkoal|4/100 par
|-unboost|p1a: Quaquaval|def|1
|-unboost|p1a: Quaquaval|spd|1
|move|p2a: Torkoal|Stone Edge|p1a: Quaquaval
|-resisted|p1a: Quaquaval
|-damage|p1a: Quaquaval|29/100 brn
|
|-damage|p1a: Quaquaval|23/100 brn|[from] brn
|upkeep
|turn|23
|
|t:|1760331872
|move|p1a: Quaquaval|Rapid Spin|p2a: Torkoal
|-damage|p2a: Torkoal|0 fnt
|-boost|p1a: Quaquaval|spe|1
|faint|p2a: Torkoal
|-ability|p1a: Quaquaval|Moxie|boost
|-boost|p1a: Quaquaval|atk|1
|
|-damage|p1a: Quaquaval|17/100 brn|[from] brn
|upkeep
|
|t:|1760331879
|switch|p2a: Breloom|Breloom, M, shiny|100/100
|turn|24
|
|t:|1760331893
|move|p1a: Quaquaval|Close Combat|p2a: Breloom
|-damage|p2a: Breloom|0 fnt
|-unboost|p1a: Quaquaval|def|1
|-unboost|p1a: Quaquaval|spd|1
|faint|p2a: Breloom
|-ability|p1a: Quaquaval|Moxie|boost
|-boost|p1a: Quaquaval|atk|1
|
|-damage|p1a: Quaquaval|11/100 brn|[from] brn
|upkeep
|
|t:|1760331901
|switch|p2a: Darkrai|Darkrai|100/100
|turn|25
|
|t:|1760331915
|move|p1a: Quaquaval|Wave Crash|p2a: Darkrai
|-damage|p2a: Darkrai|0 fnt
|faint|p2a: Darkrai
|-damage|p1a: Quaquaval|0 fnt|[from] Recoil
|faint|p1a: Quaquaval
|
|win|alchora
|raw|alchora's rating: 1117 &rarr; <strong>1138</strong><br />(+21 for winning)
|raw|zabzib's rating: 1067 &rarr; <strong>1050</strong><br />(-17 for losing)
|l|☆zabzib
|player|p2|
|l|☆alchora
|player|p1|
