|j|☆AlexCHZ
|j|☆saap9a4fut16
|t:|1760307418
|gametype|singles
|player|p1|AlexCHZ|hilbert-wonderlauncher|1156
|player|p2|saap9a4fut16|1|1260
|gen|9
|tier|[Gen 9] OU
|rated|
|rule|HP Percentage Mod: HP is shown in percentages
|rule|Endless Battle Clause: Forcing endless battles is banned
|rule|Species Clause: Limit one of each Pokémon
|rule|OHKO Clause: OHKO moves are banned
|rule|Evasion Items Clause: Evasion items are banned
|rule|Evasion Moves Clause: Evasion moves are banned
|rule|Evasion Abilities Clause: Evasion abilities are banned
|rule|Sleep Moves Clause: Sleep-inducing moves are banned
|clearpoke
|poke|p1|Yanmega, M|
|poke|p1|Salamence, M|
|poke|p1|Donphan, M|
|poke|p1|Greninja-*, M|
|poke|p1|Skarmory, M|
|poke|p1|Indeedee, M|
|poke|p2|Ursaluna, M|
|poke|p2|Mandibuzz, F|
|poke|p2|Hatterene, F|
|poke|p2|Hydrapple, M|
|poke|p2|Farigiraf, F|
|poke|p2|Jirachi|
|teampreview
|inactive|Battle timer is ON: inactive players will automatically lose when time's up. (requested by saap9a4fut16)
|
|t:|1760307426
|teamsize|p1|6
|teamsize|p2|6
|start
|switch|p1a: Skarmory|Skarmory, M|100/100
|switch|p2a: Farigiraf|Farigiraf, F|100/100
|turn|1
|
|t:|1760307438
|move|p1a: Skarmory|Drill Peck|p2a: Farigiraf
|-damage|p2a: Farigiraf|65/100
|move|p2a: Farigiraf|Trick Room|p2a: Farigiraf
|-fieldstart|move: Trick Room|[of] p2a: Farigiraf
|
|-heal|p2a: Farigiraf|71/100|[from] item: Leftovers
|upkeep
|turn|2
|
|t:|1760307448
|move|p2a: Farigiraf|Future Sight|p1a: Skarmory
|-start|p2a: Farigiraf|move: Future Sight
|move|p1a: Skarmory|Drill Peck|p2a: Farigiraf
|-damage|p2a: Farigiraf|35/100
|
|-heal|p2a: Farigiraf|41/100|[from] item: Leftovers
|upkeep
|turn|3
|
|t:|1760307462
|move|p2a: Farigiraf|Thunderbolt|p1a: Skarmory
|-supereffective|p1a: Skarmory
|-damage|p1a: Skarmory|8/100
|-enditem|p1a: Skarmory|Weakness Policy
|-boost|p1a: Skarmory|atk|2|[from] item: Weakness Policy
|-boost|p1a: Skarmory|spa|2|[from] item: Weakness Policy
|move|p1a: Skarmory|Drill Peck|p2a: Farigiraf
|-damage|p2a: Farigiraf|0 fnt
|faint|p2a: Farigiraf
|
|upkeep
|
|t:|1760307470
|switch|p2a: Hatterene|Hatterene, F|100/100
|turn|4
|
|t:|1760307476
|move|p2a: Hatterene|Calm Mind|p2a: Hatterene
|-boost|p2a: Hatterene|spa|1
|-boost|p2a: Hatterene|spd|1
|move|p1a: Skarmory|Iron Head|p2a: Hatterene
|-supereffective|p2a: Hatterene
|-damage|p2a: Hatterene|0 fnt
|faint|p2a: Hatterene
|
|-end|p1a: Skarmory|move: Future Sight
|-resisted|p1a: Skarmory
|-damage|p1a: Skarmory|0 fnt
|faint|p1a: Skarmory
|upkeep
|
|t:|1760307491
|switch|p2a: Ursaluna|Ursaluna, M|100/100
|switch|p1a: Yanmega|Yanmega, M|100/100
|turn|5
|
|t:|1760307497
|move|p2a: Ursaluna|Protect|p2a: Ursaluna
|-singleturn|p2a: Ursaluna|Protect
|move|p1a: Yanmega|Protect||[still]
|-fail|p1a: Yanmega
|
|-fieldend|move: Trick Room
|-status|p2a: Ursaluna|brn|[from] item: Flame Orb
|-ability|p1a: Yanmega|Speed Boost|boost
|-boost|p1a: Yanmega|spe|1
|upkeep
|turn|6
|
|t:|1760307510
|move|p1a: Yanmega|Giga Drain|p2a: Ursaluna
|-supereffective|p2a: Ursaluna
|-crit|p2a: Ursaluna
|-damage|p2a: Ursaluna|35/100 brn
|move|p2a: Ursaluna|Facade|p1a: Yanmega
|-damage|p1a: Yanmega|0 fnt
|faint|p1a: Yanmega
|
|-damage|p2a: Ursaluna|29/100 brn|[from] brn
|upkeep
|
|t:|1760307523
|switch|p1a: Greninja|Greninja, M|100/100
|turn|7
|
|t:|1760307535
|switch|p2a: Mandibuzz|Mandibuzz, F|100/100
|move|p1a: Greninja|Surf|p2a: Mandibuzz
|-damage|p2a: Mandibuzz|59/100
|-damage|p1a: Greninja|91/100|[from] item: Life Orb
|
|upkeep
|turn|8
|
|t:|1760307547
|switch|p1a: Donphan|Donphan, M|100/100
|move|p2a: Mandibuzz|U-turn|p1a: Donphan
|-crit|p1a: Donphan
|-damage|p1a: Donphan|88/100
|
|t:|1760307551
|switch|p2a: Ursaluna|Ursaluna, M|29/100 brn|[from] U-turn
|
|-heal|p1a: Donphan|94/100|[from] item: Leftovers
|-damage|p2a: Ursaluna|23/100 brn|[from] brn
|upkeep
|turn|9
|
|t:|1760307559
|move|p1a: Donphan|Ice Shard|p2a: Ursaluna
|-supereffective|p2a: Ursaluna
|-damage|p2a: Ursaluna|4/100 brn
|move|p2a: Ursaluna|Facade|p1a: Donphan
|-damage|p1a: Donphan|6/100
|
|-heal|p1a: Donphan|12/100|[from] item: Leftovers
|-damage|p2a: Ursaluna|0 fnt|[from] brn
|faint|p2a: Ursaluna
|upkeep
|
|t:|1760307569
|switch|p2a: Hydrapple|Hydrapple, M|100/100
|turn|10
|
|t:|1760307582
|-terastallize|p2a: Hydrapple|Fairy
|move|p1a: Donphan|Ice Shard|p2a: Hydrapple
|-damage|p2a: Hydrapple|91/100
|move|p2a: Hydrapple|Nasty Plot|p2a: Hydrapple
|-boost|p2a: Hydrapple|spa|2
|
|-heal|p1a: Donphan|18/100|[from] item: Leftovers
|-heal|p2a: Hydrapple|97/100|[from] item: Leftovers
|upkeep
|turn|11
|
|t:|1760307594
|move|p1a: Donphan|Earthquake|p2a: Hydrapple
|-damage|p2a: Hydrapple|59/100
|move|p2a: Hydrapple|Giga Drain|p1a: Donphan
|-supereffective|p1a: Donphan
|-damage|p1a: Donphan|0 fnt
|-heal|p2a: Hydrapple|68/100|[from] drain|[of] p1a: Donphan
|faint|p1a: Donphan
|
|-heal|p2a: Hydrapple|74/100|[from] item: Leftovers
|upkeep
|
|t:|1760307608
|switch|p1a: Greninja|Greninja, M|91/100
|turn|12
|
|t:|1760307612
|move|p1a: Greninja|Sludge Wave|p2a: Hydrapple
|-supereffective|p2a: Hydrapple
|-damage|p2a: Hydrapple|4/100
|-damage|p1a: Greninja|81/100|[from] item: Life Orb
|move|p2a: Hydrapple|Giga Drain|p1a: Greninja
|-supereffective|p1a: Greninja
|-damage|p1a: Greninja|0 fnt
|-heal|p2a: Hydrapple|33/100|[from] drain|[of] p1a: Greninja
|faint|p1a: Greninja
|
|-heal|p2a: Hydrapple|39/100|[from] item: Leftovers
|upkeep
|
|t:|1760307624
|switch|p1a: Salamence|Salamence, M|100/100
|turn|13
|
|t:|1760307628
|switch|p2a: Mandibuzz|Mandibuzz, F|59/100
|-terastallize|p1a: Salamence|Fairy
|move|p1a: Salamence|Dragon Dance|p1a: Salamence
|-boost|p1a: Salamence|atk|1
|-boost|p1a: Salamence|spe|1
|
|upkeep
|turn|14
|
|t:|1760307645
|move|p1a: Salamence|Iron Head|p2a: Mandibuzz
|-damage|p2a: Mandibuzz|31/100
|-damage|p1a: Salamence|84/100|[from] item: Rocky Helmet|[of] p2a: Mandibuzz
|cant|p2a: Mandibuzz|flinch
|
|upkeep
|turn|15
|
|t:|1760307651
|move|p1a: Salamence|Dragon Dance|p1a: Salamence
|-boost|p1a: Salamence|atk|1
|-boost|p1a: Salamence|spe|1
|move|p2a: Mandibuzz|U-turn|p1a: Salamence
|-resisted|p1a: Salamence
|-damage|p1a: Salamence|77/100
|
|t:|1760307655
|switch|p2a: Jirachi|Jirachi|100/100|[from] U-turn
|
|upkeep
|turn|16
|
|t:|1760307661
|move|p1a: Salamence|Earthquake|p2a: Jirachi
|-supereffective|p2a: Jirachi
|-damage|p2a: Jirachi|0 fnt
|faint|p2a: Jirachi
|-ability|p1a: Salamence|Moxie|boost
|-boost|p1a: Salamence|atk|1
|
|upkeep
|
|t:|1760307668
|switch|p2a: Hydrapple|Hydrapple, M, tera:Fairy|72/100
|turn|17
|
|t:|1760307673
|move|p1a: Salamence|Iron Head|p2a: Hydrapple
|-supereffective|p2a: Hydrapple
|-damage|p2a: Hydrapple|0 fnt
|faint|p2a: Hydrapple
|-ability|p1a: Salamence|Moxie|boost
|-boost|p1a: Salamence|atk|1
|
|upkeep
|
|t:|1760307675
|switch|p2a: Mandibuzz|Mandibuzz, F|31/100
|turn|18
|
|t:|1760307682
|move|p1a: Salamence|Iron Head|p2a: Mandibuzz
|-damage|p2a: Mandibuzz|0 fnt
|-damage|p1a: Salamence|61/100|[from] item: Rocky Helmet|[of] p2a: Mandibuzz
|faint|p2a: Mandibuzz
|
|win|AlexCHZ
|raw|AlexCHZ's rating: 1156 &rarr; <strong>1188</strong><br />(+32 for winning)
|raw|saap9a4fut16's rating: 1260 &rarr; <strong>1228</strong><br />(-32 for losing)
|l|☆saap9a4fut16
|player|p2|
