|j|☆1epik ✧
|j|☆cheesy_yuri
|t:|1760358777
|gametype|singles
|player|p1|1epik ✧|psychic-lgpe|
|player|p2|cheesy_yuri|n|
|gen|9
|tier|[Gen 9] OU
|rule|HP Percentage Mod: HP is shown in percentages
|rule|Endless Battle Clause: Forcing endless battles is banned
|rule|Species Clause: Limit one of each Pokémon
|rule|OHKO Clause: OHKO moves are banned
|rule|Evasion Items Clause: Evasion items are banned
|rule|Evasion Moves Clause: Evasion moves are banned
|rule|Evasion Abilities Clause: Evasion abilities are banned
|rule|Sleep Moves Clause: Sleep-inducing moves are banned
|clearpoke
|poke|p1|Samurott-Hisui, M|
|poke|p1|Kyurem|
|poke|p1|Corviknight, M|
|poke|p1|Alomomola, F|
|poke|p1|Tornadus-Therian, M|
|poke|p1|Great Tusk|
|poke|p2|Garganacl, M|
|poke|p2|Zamazenta-*|
|poke|p2|Kingambit, M|
|poke|p2|Enamorus, F|
|poke|p2|Corviknight, F|
|poke|p2|Ceruledge, M|
|teampreview
|c|☆1epik ✧|okay first thing
|c|☆1epik ✧|you gotta go sightseeing
|l|☆cheesy_yuri
|player|p2|
|c|☆1epik ✧|quickly analzye your team's weakness and what your strong suits are
|j|☆cheesy_yuri
|player|p2|cheesy_yuri|n|
|c|☆1epik ✧|wher eggi and bagget?
|c|☆1epik ✧|wahteversd
|c|☆1epik ✧|you also have to predict what their lead be?
|c|☆1epik ✧|is it Samurott
|c|☆1epik ✧|Is it Tusk
|c|☆1epik ✧|You have to choose
|c|☆cheesy_yuri|Wha
|j| egislash81 (aegi)
|c|☆cheesy_yuri|Tusk
|c|☆1epik ✧|You have to study what your team's weaknesses
|c|☆1epik ✧|don't tell me
|c|☆1epik ✧|stuod
|
|t:|1760358912
|teamsize|p1|6
|teamsize|p2|6
|start
|switch|p1a: Samurott|Samurott-Hisui, M|100/100
|switch|p2a: Bowler|Garganacl, M|100/100
|turn|1
|c|☆1epik ✧|this is already a bad lead for you
|c|☆1epik ✧|you can predict or you want to sack
|
|t:|1760358935
|move|p1a: Samurott|Ceaseless Edge|p2a: Bowler
|-damage|p2a: Bowler|71/100
|-sidestart|p2: cheesy_yuri|Spikes
|move|p2a: Bowler|Stealth Rock|p1a: Samurott
|-sidestart|p1: 1epik ✧|move: Stealth Rock
|
|-heal|p2a: Bowler|77/100|[from] item: Leftovers
|upkeep
|turn|2
|
|t:|1760358945
|move|p1a: Samurott|Razor Shell|p2a: Bowler
|-supereffective|p2a: Bowler
|-damage|p2a: Bowler|8/100
|-unboost|p2a: Bowler|def|1
|move|p2a: Bowler|Salt Cure|p1a: Samurott
|-damage|p1a: Samurott|83/100
|-start|p1a: Samurott|Salt Cure
|
|-heal|p2a: Bowler|14/100|[from] item: Leftovers
|-damage|p1a: Samurott|58/100|[from] Salt Cure
|upkeep
|turn|3
|c|☆1epik ✧|shit where did my calcdex go
|
|t:|1760358964
|switch|p1a: Alomomola|Alomomola, F|100/100
|move|p2a: Bowler|Recover|p2a: Bowler
|-heal|p2a: Bowler|64/100
|
|-heal|p2a: Bowler|70/100|[from] item: Leftovers
|upkeep
|turn|4
|
|t:|1760358974
|move|p1a: Alomomola|Wish|p1a: Alomomola
|move|p2a: Bowler|Salt Cure|p1a: Alomomola
|-damage|p1a: Alomomola|94/100
|-start|p1a: Alomomola|Salt Cure
|
|-heal|p2a: Bowler|76/100|[from] item: Leftovers
|-damage|p1a: Alomomola|69/100|[from] Salt Cure
|upkeep
|turn|5
|
|t:|1760358996
|switch|p2a: Biggest bird|Corviknight, F, shiny|100/100
|-ability|p2a: Biggest bird|Pressure
|move|p1a: Alomomola|Flip Turn|p2a: Biggest bird
|-damage|p2a: Biggest bird|89/100
|-damage|p1a: Alomomola|52/100|[from] item: Rocky Helmet|[of] p2a: Biggest bird
|
|t:|1760359004
|switch|p1a: Tornadus|Tornadus-Therian, M|100/100|[from] Flip Turn
|-damage|p1a: Tornadus|76/100|[from] Stealth Rock
|
|-heal|p1a: Tornadus|100/100|[from] move: Wish|[wisher] Alomomola
|upkeep
|turn|6
|
|t:|1760359015
|move|p1a: Tornadus|Knock Off|p2a: Biggest bird
|-damage|p2a: Biggest bird|73/100
|-damage|p1a: Tornadus|84/100|[from] item: Rocky Helmet|[of] p2a: Biggest bird
|-enditem|p2a: Biggest bird|Rocky Helmet|[from] move: Knock Off|[of] p1a: Tornadus
|move|p2a: Biggest bird|Iron Head|p1a: Tornadus
|-damage|p1a: Tornadus|44/100
|
|upkeep
|turn|7
|c|☆1epik ✧|what the fuck is this set
|
|t:|1760359041
|move|p1a: Tornadus|U-turn|p2a: Biggest bird
|-resisted|p2a: Biggest bird
|-damage|p2a: Biggest bird|70/100
|c|☆cheesy_yuri|Lol
|
|t:|1760359078
|switch|p1a: Corviknight|Corviknight, M|100/100|[from] U-turn
|-damage|p1a: Corviknight|88/100|[from] Stealth Rock
|-ability|p1a: Corviknight|Pressure
|move|p2a: Biggest bird|Iron Head|p1a: Corviknight
|-resisted|p1a: Corviknight
|-damage|p1a: Corviknight|79/100
|
|-heal|p1a: Corviknight|85/100|[from] item: Leftovers
|upkeep
|turn|8
|
|t:|1760359103
|move|p1a: Corviknight|Brave Bird|p2a: Biggest bird
|-resisted|p2a: Biggest bird
|-damage|p2a: Biggest bird|56/100
|-damage|p1a: Corviknight|80/100|[from] Recoil
|move|p2a: Biggest bird|U-turn|p1a: Corviknight
|-resisted|p1a: Corviknight
|-damage|p1a: Corviknight|78/100
|
|t:|1760359110
|switch|p2a: Enamorus|Enamorus, F|100/100|[from] U-turn
|
|-heal|p1a: Corviknight|84/100|[from] item: Leftovers
|upkeep
|turn|9
|c|☆1epik ✧|that's a good play from you
|
|t:|1760359119
|switch|p1a: Tornadus|Tornadus-Therian, M|77/100
|-damage|p1a: Tornadus|52/100|[from] Stealth Rock
|move|p2a: Enamorus|Mystical Fire|p1a: Tornadus
|-damage|p1a: Tornadus|21/100
|-unboost|p1a: Tornadus|spa|1
|
|upkeep
|turn|10
|
|t:|1760359129
|move|p1a: Tornadus|U-turn|p2a: Enamorus
|-resisted|p2a: Enamorus
|-damage|p2a: Enamorus|95/100
|-start|p1a: Tornadus|Attract|[from] ability: Cute Charm|[of] p2a: Enamorus
|
|t:|1760359132
|switch|p1a: Samurott|Samurott-Hisui, M|58/100|[from] U-turn
|-damage|p1a: Samurott|46/100|[from] Stealth Rock
|move|p2a: Enamorus|Mystical Fire|p1a: Samurott
|-resisted|p1a: Samurott
|-damage|p1a: Samurott|24/100
|-unboost|p1a: Samurott|spa|1
|
|upkeep
|turn|11
|
|t:|1760359143
|switch|p2a: Biggest bird|Corviknight, F, shiny|56/100
|-ability|p2a: Biggest bird|Pressure
|move|p1a: Samurott|Aqua Jet|p2a: Biggest bird
|-damage|p2a: Biggest bird|43/100
|
|upkeep
|turn|12
|c|☆1epik ✧|this is a good start for you
|c|☆1epik ✧|Enamorus is your key to win
|c|☆1epik ✧|since my spec def mons are weak now
|c|☆cheesy_yuri|Yippie
|
|t:|1760359170
|move|p1a: Samurott|Ceaseless Edge|p2a: Biggest bird
|-damage|p2a: Biggest bird|11/100
|-sidestart|p2: cheesy_yuri|Spikes
|move|p2a: Biggest bird|Brave Bird|p1a: Samurott
|-damage|p1a: Samurott|0 fnt
|faint|p1a: Samurott
|-damage|p2a: Biggest bird|5/100|[from] Recoil
|
|upkeep
|c|☆cheesy_yuri|Ow
|
|t:|1760359180
|switch|p1a: Great Tusk|Great Tusk|100/100
|turn|13
|
|t:|1760359188
|move|p1a: Great Tusk|Rapid Spin|p2a: Biggest bird
|-resisted|p2a: Biggest bird
|-damage|p2a: Biggest bird|0 fnt
|-boost|p1a: Great Tusk|spe|1
|-sideend|p1: 1epik ✧|Stealth Rock|[from] move: Rapid Spin|[of] p1a: Great Tusk
|faint|p2a: Biggest bird
|
|upkeep
|c|☆1epik ✧|now you're back against the wall again
|
|t:|1760359213
|switch|p2a: Enamorus|Enamorus, F|95/100
|turn|14
|
|t:|1760359219
|-end|p1a: Great Tusk|Protosynthesis|[silent]
|switch|p1a: Alomomola|Alomomola, F|85/100
|move|p2a: Enamorus|Psychic|p1a: Alomomola
|-damage|p1a: Alomomola|31/100
|
|upkeep
|turn|15
|c|☆1epik ✧|weird choice
|
|t:|1760359235
|switch|p2a: Bowler|Garganacl, M|76/100
|-damage|p2a: Bowler|60/100|[from] Spikes
|switch|p1a: Tornadus|Tornadus-Therian, M|54/100
|
|-heal|p2a: Bowler|66/100|[from] item: Leftovers
|upkeep
|turn|16
|
|t:|1760359251
|move|p1a: Tornadus|U-turn|p2a: Bowler
|-damage|p2a: Bowler|56/100
|
|t:|1760359253
|switch|p1a: Great Tusk|Great Tusk|100/100|[from] U-turn
|move|p2a: Bowler|Stealth Rock|p1a: Great Tusk
|-sidestart|p1: 1epik ✧|move: Stealth Rock
|
|-heal|p2a: Bowler|62/100|[from] item: Leftovers
|upkeep
|turn|17
|
|t:|1760359264
|-terastallize|p1a: Great Tusk|Ground
|move|p1a: Great Tusk|Headlong Rush|p2a: Bowler
|-supereffective|p2a: Bowler
|-damage|p2a: Bowler|0 fnt
|-unboost|p1a: Great Tusk|def|1
|-unboost|p1a: Great Tusk|spd|1
|faint|p2a: Bowler
|
|upkeep
|
|t:|1760359279
|switch|p2a: Doggy|Zamazenta|100/100
|-damage|p2a: Doggy|84/100|[from] Spikes
|-ability|p2a: Doggy|Dauntless Shield|boost
|-boost|p2a: Doggy|def|1
|turn|18
|c|☆1epik ✧|if you play this carefully i see a win for you
|
|t:|1760359288
|-end|p1a: Great Tusk|Protosynthesis|[silent]
|switch|p1a: Corviknight|Corviknight, M|84/100
|-damage|p1a: Corviknight|71/100|[from] Stealth Rock
|-ability|p1a: Corviknight|Pressure
|move|p2a: Doggy|Body Press|p1a: Corviknight
|-damage|p1a: Corviknight|40/100
|
|-heal|p1a: Corviknight|46/100|[from] item: Leftovers
|upkeep
|turn|19
|
|t:|1760359301
|switch|p2a: Blade|Ceruledge, M|100/100
|-damage|p2a: Blade|84/100|[from] Spikes
|move|p1a: Corviknight|Roost|p1a: Corviknight
|-heal|p1a: Corviknight|96/100
|-singleturn|p1a: Corviknight|move: Roost
|
|-heal|p1a: Corviknight|100/100|[from] item: Leftovers
|upkeep
|turn|20
|c|☆1epik ✧|you can study now, you can see that my mons fear Zama
|c|☆1epik ✧|so you have to perserve your zama
|
|t:|1760359331
|switch|p1a: Alomomola|Alomomola, F|64/100
|move|p2a: Blade|Bitter Blade|p1a: Alomomola
|-resisted|p1a: Alomomola
|-damage|p1a: Alomomola|52/100
|-heal|p2a: Blade|95/100|[from] drain|[of] p1a: Alomomola
|
|upkeep
|turn|21
|
|t:|1760359350
|switch|p2a: Enamorus|Enamorus, F|95/100
|move|p1a: Alomomola|Flip Turn|p2a: Enamorus
|-damage|p2a: Enamorus|71/100
|
|t:|1760359377
|switch|p1a: Tornadus|Tornadus-Therian, M|87/100|[from] Flip Turn
|-damage|p1a: Tornadus|63/100|[from] Stealth Rock
|
|upkeep
|turn|22
|c|☆cheesy_yuri|Hmm
|c|☆1epik ✧|this is a bad spot you're in currently
|
|t:|1760359410
|move|p1a: Tornadus|Bleakwind Storm|p2a: Enamorus
|-damage|p2a: Enamorus|3/100
|-unboost|p2a: Enamorus|spe|1
|move|p2a: Enamorus|Psychic|p1a: Tornadus
|-damage|p1a: Tornadus|19/100
|
|upkeep
|turn|23
|c|☆cheesy_yuri|Ow??
|
|t:|1760359426
|move|p1a: Tornadus|U-turn|p2a: Enamorus
|-resisted|p2a: Enamorus
|-damage|p2a: Enamorus|0 fnt
|faint|p2a: Enamorus
|
|t:|1760359431
|switch|p1a: Alomomola|Alomomola, F|86/100|[from] U-turn
|
|upkeep
|
|t:|1760359438
|switch|p2a: Doggy|Zamazenta|84/100
|-damage|p2a: Doggy|68/100|[from] Spikes
|turn|24
|
|t:|1760359442
|move|p2a: Doggy|Crunch|p1a: Alomomola
|-damage|p1a: Alomomola|72/100
|move|p1a: Alomomola|Scald|p2a: Doggy
|-damage|p2a: Doggy|57/100
|
|upkeep
|turn|25
|
|t:|1760359477
|move|p2a: Doggy|Crunch|p1a: Alomomola
|-damage|p1a: Alomomola|60/100
|-unboost|p1a: Alomomola|def|1
|move|p1a: Alomomola|Scald|p2a: Doggy
|-damage|p2a: Doggy|47/100
|
|upkeep
|turn|26
|c|☆cheesy_yuri|Im cooked
|
|t:|1760359639
|move|p2a: Doggy|Crunch|p1a: Alomomola
|-damage|p1a: Alomomola|41/100
|move|p1a: Alomomola|Flip Turn|p2a: Doggy
|-damage|p2a: Doggy|37/100
|
|t:|1760359776
|switch|p1a: Tornadus|Tornadus-Therian, M|52/100|[from] Flip Turn
|-damage|p1a: Tornadus|28/100|[from] Stealth Rock
|
|upkeep
|turn|27
|
|t:|1760359788
|switch|p2a: Blade|Ceruledge, M|95/100
|-damage|p2a: Blade|79/100|[from] Spikes
|move|p1a: Tornadus|U-turn|p2a: Blade
|-resisted|p2a: Blade
|-damage|p2a: Blade|74/100
|-ability|p2a: Blade|Weak Armor|boost
|-unboost|p2a: Blade|def|1
|-boost|p2a: Blade|spe|2
|
|t:|1760359944
|switch|p1a: Alomomola|Alomomola, F|74/100|[from] U-turn
|
|upkeep
|turn|28
|
|t:|1760359961
|move|p2a: Blade|Poison Jab|p1a: Alomomola
|-damage|p1a: Alomomola|60/100
|move|p1a: Alomomola|Flip Turn|p2a: Blade
|-supereffective|p2a: Blade
|-damage|p2a: Blade|12/100
|-ability|p2a: Blade|Weak Armor|boost
|-unboost|p2a: Blade|def|1
|-boost|p2a: Blade|spe|2
|
|t:|1760359967
|switch|p1a: Tornadus|Tornadus-Therian, M|61/100|[from] Flip Turn
|-damage|p1a: Tornadus|36/100|[from] Stealth Rock
|
|upkeep
|turn|29
|
|t:|1760359974
|switch|p1a: Alomomola|Alomomola, F|93/100
|move|p2a: Blade|Bitter Blade|p1a: Alomomola
|-resisted|p1a: Alomomola
|-damage|p1a: Alomomola|80/100
|-heal|p2a: Blade|24/100|[from] drain|[of] p1a: Alomomola
|
|upkeep
|turn|30
|
|t:|1760360117
|move|p2a: Blade|Bitter Blade|p1a: Alomomola
|-resisted|p1a: Alomomola
|-damage|p1a: Alomomola|68/100
|-heal|p2a: Blade|35/100|[from] drain|[of] p1a: Alomomola
|move|p1a: Alomomola|Flip Turn|p2a: Blade
|-supereffective|p2a: Blade
|-damage|p2a: Blade|0 fnt
|faint|p2a: Blade
|
|t:|1760360121
|switch|p1a: Corviknight|Corviknight, M|100/100|[from] Flip Turn
|-damage|p1a: Corviknight|88/100|[from] Stealth Rock
|-ability|p1a: Corviknight|Pressure
|
|-heal|p1a: Corviknight|94/100|[from] item: Leftovers
|upkeep
|
|t:|1760360126
|switch|p2a: Doggy|Zamazenta|37/100
|-damage|p2a: Doggy|21/100|[from] Spikes
|turn|31
|
|t:|1760360131
|move|p2a: Doggy|Body Press|p1a: Corviknight
|-damage|p1a: Corviknight|73/100
|move|p1a: Corviknight|Brave Bird|p2a: Doggy
|-supereffective|p2a: Doggy
|-damage|p2a: Doggy|0 fnt
|faint|p2a: Doggy
|-damage|p1a: Corviknight|66/100|[from] Recoil
|
|-heal|p1a: Corviknight|73/100|[from] item: Leftovers
|upkeep
|
|t:|1760360135
|switch|p2a: King|Kingambit, M|100/100
|-damage|p2a: King|84/100|[from] Spikes
|-activate|p2a: King|ability: Supreme Overlord
|-start|p2a: King|fallen5|[silent]
|turn|32
|
|t:|1760360145
|move|p2a: King|Sucker Punch|p1a: Corviknight
|-damage|p1a: Corviknight|24/100
|-damage|p2a: King|74/100|[from] item: Life Orb
|move|p1a: Corviknight|Body Press|p2a: King
|-supereffective|p2a: King
|-damage|p2a: King|0 fnt
|faint|p2a: King
|-end|p2a: King|fallen5|[silent]
|
|win|1epik ✧
|c|☆1epik ✧|and that's ggs
|c|☆cheesy_yuri|E
|c|☆1epik ✧|i see six mistakes
|c|☆1epik ✧|list them out rq
|c|☆cheesy_yuri|TvT
|c|☆1epik ✧|i'll come back a few minutes later
|c|☆cheesy_yuri|Hm
|l|☆cheesy_yuri
|player|p2|
|j|☆cheesy_yuri
|player|p2|cheesy_yuri|n|
