|j|‽cithor
|j|☆ihatepecharuntwah
|t:|1760434689
|gametype|singles
|player|p1|cithor|brendan|1573
|player|p2|ihatepecharuntwah|170|1558
|gen|9
|tier|[Gen 9] OU
|rated|
|rule|HP Percentage Mod: HP is shown in percentages
|rule|Endless Battle Clause: Forcing endless battles is banned
|rule|Species Clause: Limit one of each Pokémon
|rule|OHKO Clause: OHKO moves are banned
|rule|Evasion Items Clause: Evasion items are banned
|rule|Evasion Moves Clause: Evasion moves are banned
|rule|Evasion Abilities Clause: Evasion abilities are banned
|rule|Sleep Moves Clause: Sleep-inducing moves are banned
|clearpoke
|poke|p1|Great Tusk|
|poke|p1|Garganacl, M|
|poke|p1|Dragapult, M|
|poke|p1|Zapdos|
|poke|p1|Iron Crown|
|poke|p1|Ogerpon-Wellspring, F|
|poke|p2|Tornadus-Therian, M|
|poke|p2|Hatterene, F|
|poke|p2|Deoxys-Speed|
|poke|p2|Dragapult, F|
|poke|p2|Ogerpon-Wellspring, F|
|poke|p2|Kingambit, F|
|teampreview
|inactive|Battle timer is ON: inactive players will automatically lose when time's up. (requested by ihatepecharuntwah)
|inactive|cithor has 120 seconds left.
|
|t:|1760434747
|teamsize|p1|6
|teamsize|p2|6
|start
|switch|p1a: Ogerpon|Ogerpon-Wellspring, F|100/100
|switch|p2a: Deoxys|Deoxys-Speed|100/100
|-ability|p2a: Deoxys|Pressure
|turn|1
|
|t:|1760434767
|move|p2a: Deoxys|Spikes|p1a: Ogerpon
|-sidestart|p1: cithor|Spikes
|move|p1a: Ogerpon|Knock Off|p2a: Deoxys
|-supereffective|p2a: Deoxys
|-enditem|p2a: Deoxys|Focus Sash
|-damage|p2a: Deoxys|1/100
|
|upkeep
|turn|2
|
|t:|1760434774
|switch|p1a: Iron Crown|Iron Crown|100/100
|-damage|p1a: Iron Crown|88/100|[from] Spikes
|move|p2a: Deoxys|Psycho Boost|p1a: Iron Crown
|-resisted|p1a: Iron Crown
|-damage|p1a: Iron Crown|77/100
|-unboost|p2a: Deoxys|spa|2
|
|upkeep
|turn|3
|
|t:|1760434781
|move|p2a: Deoxys|Knock Off|p1a: Iron Crown
|-supereffective|p1a: Iron Crown
|-damage|p1a: Iron Crown|39/100
|-enditem|p1a: Iron Crown|Assault Vest|[from] move: Knock Off|[of] p2a: Deoxys
|move|p1a: Iron Crown|Tachyon Cutter|p2a: Deoxys
|-damage|p2a: Deoxys|0 fnt
|faint|p2a: Deoxys
|-hitcount|p2: Deoxys|1
|
|upkeep
|
|t:|1760434791
|switch|p2a: Dragapult|Dragapult, F|100/100
|turn|4
|
|t:|1760434800
|-end|p1a: Iron Crown|Quark Drive|[silent]
|switch|p1a: Zapdos|Zapdos|100/100
|move|p2a: Dragapult|Dragon Darts|p1a: Zapdos
|-damage|p1a: Zapdos|83/100
|-anim|p2a: Dragapult|Dragon Darts|p1a: Zapdos
|-crit|p1a: Zapdos
|-damage|p1a: Zapdos|52/100
|-damage|p2a: Dragapult|91/100|[from] item: Life Orb
|
|upkeep
|turn|5
|
|t:|1760434818
|move|p2a: Dragapult|Shadow Ball|p1a: Zapdos
|-crit|p1a: Zapdos
|-damage|p1a: Zapdos|0 fnt
|faint|p1a: Zapdos
|-damage|p2a: Dragapult|81/100|[from] item: Life Orb
|
|upkeep
|c|☆ihatepecharuntwah|mb
|
|t:|1760434826
|switch|p1a: Garganacl|Garganacl, M|100/100
|-damage|p1a: Garganacl|88/100|[from] Spikes
|turn|6
|
|t:|1760434841
|switch|p2a: Hatterene|Hatterene, F|100/100
|move|p1a: Garganacl|Salt Cure|p2a: Hatterene
|-damage|p2a: Hatterene|90/100
|-start|p2a: Hatterene|Salt Cure
|-enditem|p2a: Hatterene|Eject Button
|
|t:|1760434847
|switch|p2a: Ogerpon|Ogerpon-Wellspring, F|100/100
|
|-heal|p1a: Garganacl|94/100|[from] item: Leftovers
|upkeep
|turn|7
|
|t:|1760434854
|-terastallize|p1a: Garganacl|Water
|move|p2a: Ogerpon|Trailblaze|p1a: Garganacl
|-supereffective|p1a: Garganacl
|-damage|p1a: Garganacl|54/100
|-boost|p2a: Ogerpon|spe|1
|move|p1a: Garganacl|Salt Cure|p2a: Ogerpon
|-damage|p2a: Ogerpon|82/100
|-start|p2a: Ogerpon|Salt Cure
|
|-heal|p1a: Garganacl|60/100|[from] item: Leftovers
|-damage|p2a: Ogerpon|57/100|[from] Salt Cure
|upkeep
|turn|8
|
|t:|1760434862
|move|p2a: Ogerpon|Swords Dance|p2a: Ogerpon
|-boost|p2a: Ogerpon|atk|2
|move|p1a: Garganacl|Recover|p1a: Garganacl
|-heal|p1a: Garganacl|100/100
|
|-damage|p2a: Ogerpon|32/100|[from] Salt Cure
|upkeep
|turn|9
|
|t:|1760434870
|move|p1a: Garganacl|Protect|p1a: Garganacl
|-singleturn|p1a: Garganacl|Protect
|move|p2a: Ogerpon|Trailblaze|p1a: Garganacl
|-activate|p1a: Garganacl|move: Protect
|
|-damage|p2a: Ogerpon|7/100|[from] Salt Cure
|upkeep
|turn|10
|
|t:|1760434877
|switch|p1a: Iron Crown|Iron Crown|39/100
|-damage|p1a: Iron Crown|27/100|[from] Spikes
|move|p2a: Ogerpon|Play Rough|p1a: Iron Crown
|-resisted|p1a: Iron Crown
|-damage|p1a: Iron Crown|0 fnt
|faint|p1a: Iron Crown
|-end|p1a: Iron Crown|Quark Drive|[silent]
|
|-damage|p2a: Ogerpon|0 fnt|[from] Salt Cure
|faint|p2a: Ogerpon
|upkeep
|
|t:|1760434889
|switch|p2a: Dragapult|Dragapult, F|81/100
|switch|p1a: Garganacl|Garganacl, M, tera:Water|100/100
|-damage|p1a: Garganacl|88/100|[from] Spikes
|turn|11
|
|t:|1760434894
|switch|p2a: Hatterene|Hatterene, F|90/100
|move|p1a: Garganacl|Salt Cure|p2a: Hatterene
|-damage|p2a: Hatterene|78/100
|-start|p2a: Hatterene|Salt Cure
|
|-heal|p1a: Garganacl|94/100|[from] item: Leftovers
|-damage|p2a: Hatterene|65/100|[from] Salt Cure
|upkeep
|turn|12
|
|t:|1760434900
|switch|p1a: Ogerpon|Ogerpon-Wellspring, F|100/100
|-damage|p1a: Ogerpon|88/100|[from] Spikes
|move|p2a: Hatterene|Psychic Noise|p1a: Ogerpon
|-damage|p1a: Ogerpon|49/100
|-start|p1a: Ogerpon|move: Heal Block
|
|-damage|p2a: Hatterene|53/100|[from] Salt Cure
|upkeep
|turn|13
|
|t:|1760434913
|move|p1a: Ogerpon|Ivy Cudgel|p2a: Hatterene|[anim] Ivy Cudgel Water
|-damage|p2a: Hatterene|0 fnt
|faint|p2a: Hatterene
|
|-end|p1a: Ogerpon|move: Heal Block
|upkeep
|
|t:|1760434921
|switch|p2a: Tornadus|Tornadus-Therian, M|100/100
|turn|14
|
|t:|1760434926
|switch|p1a: Garganacl|Garganacl, M, tera:Water|94/100
|-damage|p1a: Garganacl|82/100|[from] Spikes
|move|p2a: Tornadus|Nasty Plot|p2a: Tornadus
|-boost|p2a: Tornadus|spa|2
|
|-heal|p1a: Garganacl|88/100|[from] item: Leftovers
|upkeep
|turn|15
|
|t:|1760434930
|move|p2a: Tornadus|Grass Knot|p1a: Garganacl
|-supereffective|p1a: Garganacl
|-damage|p1a: Garganacl|0 fnt
|faint|p1a: Garganacl
|-damage|p2a: Tornadus|91/100|[from] item: Life Orb
|
|upkeep
|
|t:|1760434936
|switch|p1a: Dragapult|Dragapult, M|100/100
|turn|16
|
|t:|1760434946
|move|p1a: Dragapult|Dragon Darts|p2a: Tornadus
|-damage|p2a: Tornadus|60/100
|-anim|p1a: Dragapult|Dragon Darts|p2a: Tornadus
|-crit|p2a: Tornadus
|-damage|p2a: Tornadus|16/100
|move|p2a: Tornadus|Bleakwind Storm|p1a: Dragapult|[miss]
|-miss|p2a: Tornadus|p1a: Dragapult
|
|upkeep
|turn|17
|
|t:|1760434964
|switch|p2a: Kingambit|Kingambit, F|100/100
|-activate|p2a: Kingambit|ability: Supreme Overlord
|-start|p2a: Kingambit|fallen3|[silent]
|move|p1a: Dragapult|Dragon Darts|p2a: Kingambit
|-resisted|p2a: Kingambit
|-crit|p2a: Kingambit
|-damage|p2a: Kingambit|88/100
|-anim|p1a: Dragapult|Dragon Darts|p2a: Kingambit
|-resisted|p2a: Kingambit
|-damage|p2a: Kingambit|80/100
|
|-heal|p2a: Kingambit|86/100|[from] item: Leftovers
|upkeep
|turn|18
|
|t:|1760434980
|-end|p2a: Kingambit|fallen3|[silent]
|switch|p2a: Dragapult|Dragapult, F|81/100
|move|p1a: Dragapult|Will-O-Wisp|p2a: Dragapult
|-status|p2a: Dragapult|brn
|
|-damage|p2a: Dragapult|75/100 brn|[from] brn
|upkeep
|turn|19
|
|t:|1760434986
|move|p2a: Dragapult|Shadow Ball|p1a: Dragapult
|-supereffective|p1a: Dragapult
|-damage|p1a: Dragapult|0 fnt
|faint|p1a: Dragapult
|-damage|p2a: Dragapult|65/100 brn|[from] item: Life Orb
|
|-damage|p2a: Dragapult|59/100 brn|[from] brn
|upkeep
|-message|cithor forfeited.
|
|win|ihatepecharuntwah
|raw|cithor's rating: 1573 &rarr; <strong>1552</strong><br />(-21 for losing)
|raw|ihatepecharuntwah's rating: 1558 &rarr; <strong>1579</strong><br />(+21 for winning)
|l|‽cithor
|player|p1|
|c|☆ihatepecharuntwah|gg
|l|☆ihatepecharuntwah
|player|p2|
