|j|☆SocialCreditLover
|j|☆mkyn
|t:|1760302425
|gametype|singles
|player|p1|SocialCreditLover|li|1718
|player|p2|mkyn|265|1722
|gen|9
|tier|[Gen 9] OU
|rated|
|rule|HP Percentage Mod: HP is shown in percentages
|rule|Endless Battle Clause: Forcing endless battles is banned
|rule|Species Clause: Limit one of each Pokémon
|rule|OHKO Clause: OHKO moves are banned
|rule|Evasion Items Clause: Evasion items are banned
|rule|Evasion Moves Clause: Evasion moves are banned
|rule|Evasion Abilities Clause: Evasion abilities are banned
|rule|Sleep Moves Clause: Sleep-inducing moves are banned
|clearpoke
|poke|p1|Pelipper, F|
|poke|p1|Hatterene, F|
|poke|p1|Iron Treads|
|poke|p1|Toxicroak, F|
|poke|p1|Barraskewda, F|
|poke|p1|Zapdos|
|poke|p2|Ting-Lu|
|poke|p2|Alomomola, M|
|poke|p2|Dragapult, M|
|poke|p2|Ogerpon-Wellspring, F|
|poke|p2|Great Tusk|
|poke|p2|Hatterene, F|
|teampreview
|
|t:|1760302440
|teamsize|p1|6
|teamsize|p2|6
|start
|switch|p1a: Pelipper|Pelipper, F|100/100
|switch|p2a: Dragapult|Dragapult, M|100/100
|-weather|RainDance|[from] ability: Drizzle|[of] p1a: Pelipper
|turn|1
|inactive|Battle timer is ON: inactive players will automatically lose when time's up. (requested by SocialCreditLover)
|
|t:|1760302447
|-terastallize|p2a: Dragapult|Ghost
|move|p2a: Dragapult|Tera Blast|p1a: Pelipper|[anim] Tera Blast Ghost
|-damage|p1a: Pelipper|16/100
|move|p1a: Pelipper|U-turn|p2a: Dragapult
|-resisted|p2a: Dragapult
|-damage|p2a: Dragapult|94/100
|
|t:|1760302455
|switch|p1a: Barraskewda|Barraskewda, F|100/100|[from] U-turn
|
|-weather|RainDance|[upkeep]
|upkeep
|turn|2
|
|t:|1760302465
|switch|p2a: Ogerpon|Ogerpon-Wellspring, F|100/100
|move|p1a: Barraskewda|Close Combat|p2a: Ogerpon
|-damage|p2a: Ogerpon|17/100
|-unboost|p1a: Barraskewda|def|1
|-unboost|p1a: Barraskewda|spd|1
|
|-weather|RainDance|[upkeep]
|upkeep
|turn|3
|
|t:|1760302475
|switch|p1a: Toxicroak|Toxicroak, F|100/100
|switch|p2a: Dragapult|Dragapult, M, tera:Ghost|94/100
|
|-weather|RainDance|[upkeep]
|upkeep
|turn|4
|
|t:|1760302482
|move|p2a: Dragapult|Tera Blast|p1a: Toxicroak|[anim] Tera Blast Ghost
|-crit|p1a: Toxicroak
|-damage|p1a: Toxicroak|1/100
|move|p1a: Toxicroak|Knock Off|p2a: Dragapult
|-supereffective|p2a: Dragapult
|-damage|p2a: Dragapult|36/100
|-enditem|p2a: Dragapult|Choice Band|[from] move: Knock Off|[of] p1a: Toxicroak
|
|-weather|RainDance|[upkeep]
|-heal|p1a: Toxicroak|13/100|[from] ability: Dry Skin
|upkeep
|turn|5
|
|t:|1760302495
|switch|p1a: Iron Treads|Iron Treads|100/100
|move|p2a: Dragapult|Tera Blast|p1a: Iron Treads|[anim] Tera Blast Ghost
|-damage|p1a: Iron Treads|57/100
|
|-weather|RainDance|[upkeep]
|-heal|p1a: Iron Treads|63/100|[from] item: Leftovers
|upkeep
|turn|6
|
|t:|1760302498
|move|p2a: Dragapult|Will-O-Wisp|p1a: Iron Treads
|-status|p1a: Iron Treads|brn
|move|p1a: Iron Treads|Earthquake|p2a: Dragapult
|-damage|p2a: Dragapult|8/100
|
|-weather|RainDance|[upkeep]
|-heal|p1a: Iron Treads|69/100 brn|[from] item: Leftovers
|-damage|p1a: Iron Treads|63/100 brn|[from] brn
|upkeep
|turn|7
|
|t:|1760302503
|switch|p2a: Alomomola|Alomomola, M|100/100
|move|p1a: Iron Treads|Earthquake|p2a: Alomomola
|-damage|p2a: Alomomola|91/100
|
|-weather|RainDance|[upkeep]
|-heal|p1a: Iron Treads|69/100 brn|[from] item: Leftovers
|-damage|p1a: Iron Treads|63/100 brn|[from] brn
|upkeep
|turn|8
|
|t:|1760302506
|move|p1a: Iron Treads|Volt Switch|p2a: Alomomola
|-supereffective|p2a: Alomomola
|-crit|p2a: Alomomola
|-damage|p2a: Alomomola|52/100
|
|t:|1760302515
|-end|p1a: Iron Treads|Quark Drive|[silent]
|switch|p1a: Toxicroak|Toxicroak, F|13/100|[from] Volt Switch
|move|p2a: Alomomola|Wish|p2a: Alomomola
|
|-weather|none
|upkeep
|turn|9
|
|t:|1760302524
|switch|p2a: Great Tusk|Great Tusk|100/100
|-enditem|p2a: Great Tusk|Booster Energy
|-activate|p2a: Great Tusk|ability: Protosynthesis|[fromitem]
|-start|p2a: Great Tusk|protosynthesisspe
|move|p1a: Toxicroak|Knock Off|p2a: Great Tusk
|-resisted|p2a: Great Tusk
|-damage|p2a: Great Tusk|96/100
|
|-heal|p2a: Great Tusk|100/100|[from] move: Wish|[wisher] Alomomola
|upkeep
|turn|10
|
|t:|1760302540
|switch|p1a: Pelipper|Pelipper, F|16/100
|-weather|RainDance|[from] ability: Drizzle|[of] p1a: Pelipper
|move|p2a: Great Tusk|Ice Spinner|p1a: Pelipper
|-damage|p1a: Pelipper|0 fnt
|faint|p1a: Pelipper
|
|-weather|RainDance|[upkeep]
|upkeep
|
|t:|1760302548
|switch|p1a: Barraskewda|Barraskewda, F|100/100
|turn|11
|
|t:|1760302555
|-end|p2a: Great Tusk|Protosynthesis|[silent]
|switch|p2a: Alomomola|Alomomola, M|86/100
|move|p1a: Barraskewda|Liquidation|p2a: Alomomola
|-resisted|p2a: Alomomola
|-damage|p2a: Alomomola|57/100
|
|-weather|RainDance|[upkeep]
|upkeep
|turn|12
|
|t:|1760302560
|switch|p1a: Zapdos|Zapdos|100/100
|switch|p2a: Ogerpon|Ogerpon-Wellspring, F|17/100
|
|-weather|RainDance|[upkeep]
|upkeep
|turn|13
|
|t:|1760302565
|move|p2a: Ogerpon|Ivy Cudgel|p1a: Zapdos|[anim] Ivy Cudgel Water
|-damage|p1a: Zapdos|0 fnt
|faint|p1a: Zapdos
|
|-weather|RainDance|[upkeep]
|upkeep
|-message|SocialCreditLover forfeited.
|
|win|mkyn
|raw|SocialCreditLover's rating: 1718 &rarr; <strong>1698</strong><br />(-20 for losing)
|raw|mkyn's rating: 1722 &rarr; <strong>1742</strong><br />(+20 for winning)
|l|☆SocialCreditLover
|player|p1|
|l|☆mkyn
|player|p2|
