|j|☆st. jermaine
|j|☆pikaragedd
|t:|1760395865
|gametype|singles
|player|p1|st. jermaine|n|1270
|player|p2|pikaragedd|lucas|1327
|gen|9
|tier|[Gen 9] OU
|rated|
|rule|HP Percentage Mod: HP is shown in percentages
|rule|Endless Battle Clause: Forcing endless battles is banned
|rule|Species Clause: Limit one of each Pokémon
|rule|OHKO Clause: OHKO moves are banned
|rule|Evasion Items Clause: Evasion items are banned
|rule|Evasion Moves Clause: Evasion moves are banned
|rule|Evasion Abilities Clause: Evasion abilities are banned
|rule|Sleep Moves Clause: Sleep-inducing moves are banned
|clearpoke
|poke|p1|Blissey, F|
|poke|p1|Clefable, F|
|poke|p1|Gliscor, F|
|poke|p1|Ting-Lu|
|poke|p1|Dondozo, F|
|poke|p1|Amoonguss, F|
|poke|p2|Flareon, F|
|poke|p2|Alomomola, M|
|poke|p2|Weezing-Galar, M|
|poke|p2|Rillaboom, F|
|poke|p2|Primarina, M|
|poke|p2|Dragapult, F|
|teampreview
|inactive|Battle timer is ON: inactive players will automatically lose when time's up. (requested by pikaragedd)
|inactive|st. jermaine also wants the timer to be on.
|
|t:|1760395885
|teamsize|p1|6
|teamsize|p2|6
|start
|switch|p1a: Gliscor|Gliscor, F|100/100
|switch|p2a: fluffy boi|Flareon, F|100/100
|turn|1
|
|t:|1760395903
|-terastallize|p2a: fluffy boi|Normal
|move|p2a: fluffy boi|Trailblaze|p1a: Gliscor
|-damage|p1a: Gliscor|89/100
|-boost|p2a: fluffy boi|spe|1
|move|p1a: Gliscor|Knock Off|p2a: fluffy boi
|-crit|p2a: fluffy boi
|-damage|p2a: fluffy boi|43/100
|-enditem|p2a: fluffy boi|Flame Orb|[from] move: Knock Off|[of] p1a: Gliscor
|
|-status|p1a: Gliscor|tox|[from] item: Toxic Orb
|upkeep
|turn|2
|
|t:|1760395922
|move|p2a: fluffy boi|Facade|p1a: Gliscor
|-damage|p1a: Gliscor|65/100 tox
|move|p1a: Gliscor|Spikes|p2a: fluffy boi
|-sidestart|p2: pikaragedd|Spikes
|
|-heal|p1a: Gliscor|78/100 tox|[from] ability: Poison Heal
|upkeep
|turn|3
|
|t:|1760395945
|switch|p2a: Weezing|Weezing-Galar, M|100/100
|-ability|p2a: Weezing|Neutralizing Gas
|-damage|p2a: Weezing|88/100|[from] Spikes
|move|p1a: Gliscor|Spikes|p2a: Weezing
|-sidestart|p2: pikaragedd|Spikes
|
|-heal|p2a: Weezing|94/100|[from] item: Leftovers
|-damage|p1a: Gliscor|65/100 tox|[from] psn
|upkeep
|turn|4
|
|t:|1760395955
|switch|p1a: Ting-Lu|Ting-Lu|100/100
|move|p2a: Weezing|Defog|p1a: Ting-Lu
|-unboost|p1a: Ting-Lu|evasion|1
|-sideend|p2: pikaragedd|Spikes|[from] move: Defog|[of] p2a: Weezing
|
|-heal|p2a: Weezing|99/100|[from] item: Leftovers
|upkeep
|turn|5
|
|t:|1760395967
|move|p2a: Weezing|Strange Steam|p1a: Ting-Lu
|-supereffective|p1a: Ting-Lu
|-damage|p1a: Ting-Lu|70/100
|move|p1a: Ting-Lu|Stealth Rock|p2a: Weezing
|-sidestart|p2: pikaragedd|move: Stealth Rock
|
|-heal|p2a: Weezing|100/100|[from] item: Leftovers
|upkeep
|turn|6
|
|t:|1760395975
|move|p2a: Weezing|Toxic|p1a: Ting-Lu
|-status|p1a: Ting-Lu|tox
|move|p1a: Ting-Lu|Earthquake|p2a: Weezing
|-supereffective|p2a: Weezing
|-damage|p2a: Weezing|50/100
|
|-heal|p2a: Weezing|56/100|[from] item: Leftovers
|-damage|p1a: Ting-Lu|64/100 tox|[from] psn
|upkeep
|turn|7
|
|t:|1760395988
|-end|p2a: Weezing|ability: Neutralizing Gas
|-ability|p1a: Ting-Lu|Vessel of Ruin
|switch|p2a: Rillaboom|Rillaboom, F|100/100
|-damage|p2a: Rillaboom|88/100|[from] Stealth Rock
|-fieldstart|move: Grassy Terrain|[from] ability: Grassy Surge|[of] p2a: Rillaboom
|move|p1a: Ting-Lu|Earthquake|p2a: Rillaboom
|-resisted|p2a: Rillaboom
|-damage|p2a: Rillaboom|79/100
|
|-heal|p2a: Rillaboom|85/100|[from] Grassy Terrain
|-heal|p1a: Ting-Lu|70/100 tox|[from] Grassy Terrain
|-damage|p1a: Ting-Lu|58/100 tox|[from] psn
|upkeep
|turn|8
|
|t:|1760396004
|switch|p1a: Amoonguss|Amoonguss, F|100/100
|move|p2a: Rillaboom|Knock Off|p1a: Amoonguss
|-damage|p1a: Amoonguss|63/100
|-enditem|p1a: Amoonguss|Heavy-Duty Boots|[from] move: Knock Off|[of] p2a: Rillaboom
|
|-heal|p2a: Rillaboom|91/100|[from] Grassy Terrain
|-heal|p1a: Amoonguss|69/100|[from] Grassy Terrain
|upkeep
|turn|9
|
|t:|1760396021
|switch|p2a: fluffy boi|Flareon, F, tera:Normal|43/100
|-damage|p2a: fluffy boi|31/100|[from] Stealth Rock
|move|p1a: Amoonguss|Toxic|p2a: fluffy boi
|-status|p2a: fluffy boi|tox
|
|-heal|p2a: fluffy boi|37/100 tox|[from] Grassy Terrain
|-heal|p1a: Amoonguss|75/100|[from] Grassy Terrain
|-damage|p2a: fluffy boi|31/100 tox|[from] psn
|upkeep
|turn|10
|
|t:|1760396032
|switch|p1a: Dondozo|Dondozo, F|100/100
|move|p2a: fluffy boi|Facade|p1a: Dondozo
|-damage|p1a: Dondozo|48/100
|
|-heal|p2a: fluffy boi|37/100 tox|[from] Grassy Terrain
|-heal|p1a: Dondozo|54/100|[from] Grassy Terrain
|-damage|p2a: fluffy boi|24/100 tox|[from] psn
|upkeep
|turn|11
|
|t:|1760396042
|switch|p2a: vaporeon 2.0|Alomomola, M|100/100
|-damage|p2a: vaporeon 2.0|88/100|[from] Stealth Rock
|move|p1a: Dondozo|Rest|p1a: Dondozo
|-status|p1a: Dondozo|slp|[from] move: Rest
|-heal|p1a: Dondozo|100/100 slp|[silent]
|
|-heal|p2a: vaporeon 2.0|94/100|[from] Grassy Terrain
|-fieldend|move: Grassy Terrain
|upkeep
|turn|12
|
|t:|1760396052
|move|p2a: vaporeon 2.0|Wish|p2a: vaporeon 2.0
|cant|p1a: Dondozo|slp
|move|p1a: Dondozo|Sleep Talk|p1a: Dondozo
|move|p1a: Dondozo|Rest||[from] move: Sleep Talk|[still]
|-fail|p1a: Dondozo
|
|upkeep
|turn|13
|
|t:|1760396070
|switch|p2a: Rillaboom|Rillaboom, F|91/100
|-damage|p2a: Rillaboom|79/100|[from] Stealth Rock
|-fieldstart|move: Grassy Terrain|[from] ability: Grassy Surge|[of] p2a: Rillaboom
|cant|p1a: Dondozo|slp
|move|p1a: Dondozo|Sleep Talk|p1a: Dondozo
|move|p1a: Dondozo|Curse|p1a: Dondozo|[from] move: Sleep Talk
|-unboost|p1a: Dondozo|spe|1
|-boost|p1a: Dondozo|atk|1
|-boost|p1a: Dondozo|def|1
|
|-heal|p2a: Rillaboom|100/100|[from] move: Wish|[wisher] vaporeon 2.0
|upkeep
|turn|14
|
|t:|1760396084
|move|p2a: Rillaboom|Wood Hammer|p1a: Dondozo
|-supereffective|p1a: Dondozo
|-damage|p1a: Dondozo|18/100 slp
|-damage|p2a: Rillaboom|67/100|[from] Recoil
|-curestatus|p1a: Dondozo|slp|[msg]
|move|p1a: Dondozo|Waterfall|p2a: Rillaboom
|-resisted|p2a: Rillaboom
|-damage|p2a: Rillaboom|47/100
|
|-heal|p2a: Rillaboom|53/100|[from] Grassy Terrain
|-heal|p1a: Dondozo|24/100|[from] Grassy Terrain
|upkeep
|turn|15
|
|t:|1760396097
|move|p2a: Rillaboom|Wood Hammer|p1a: Dondozo
|-supereffective|p1a: Dondozo
|-damage|p1a: Dondozo|0 fnt
|faint|p1a: Dondozo
|-damage|p2a: Rillaboom|43/100|[from] Recoil
|
|-heal|p2a: Rillaboom|50/100|[from] Grassy Terrain
|upkeep
|
|t:|1760396102
|switch|p1a: Amoonguss|Amoonguss, F|100/100
|turn|16
|
|t:|1760396108
|switch|p2a: Weezing|Weezing-Galar, M|56/100
|-ability|p2a: Weezing|Neutralizing Gas
|-damage|p2a: Weezing|43/100|[from] Stealth Rock
|move|p1a: Amoonguss|Foul Play|p2a: Weezing
|-resisted|p2a: Weezing
|-damage|p2a: Weezing|38/100
|
|-heal|p2a: Weezing|44/100|[from] Grassy Terrain
|-heal|p2a: Weezing|50/100|[from] item: Leftovers
|upkeep
|turn|17
|
|t:|1760396133
|switch|p1a: Ting-Lu|Ting-Lu|58/100 tox
|move|p2a: Weezing|Defog|p1a: Ting-Lu
|-unboost|p1a: Ting-Lu|evasion|1
|-sideend|p2: pikaragedd|Stealth Rock|[from] move: Defog|[of] p2a: Weezing
|-fieldend|move: Grassy Terrain
|
|-heal|p2a: Weezing|56/100|[from] item: Leftovers
|-damage|p1a: Ting-Lu|51/100 tox|[from] psn
|upkeep
|turn|18
|
|t:|1760396150
|move|p2a: Weezing|Taunt|p1a: Ting-Lu
|-start|p1a: Ting-Lu|move: Taunt
|cant|p1a: Ting-Lu|move: Taunt|Stealth Rock
|
|-heal|p2a: Weezing|62/100|[from] item: Leftovers
|-damage|p1a: Ting-Lu|39/100 tox|[from] psn
|upkeep
|turn|19
|
|t:|1760396158
|switch|p1a: Gliscor|Gliscor, F|65/100 tox
|move|p2a: Weezing|Strange Steam|p1a: Gliscor
|-damage|p1a: Gliscor|34/100 tox
|
|-heal|p2a: Weezing|68/100|[from] item: Leftovers
|-damage|p1a: Gliscor|28/100 tox|[from] psn
|upkeep
|turn|20
|
|t:|1760396174
|switch|p1a: Blissey|Blissey, F|100/100
|move|p2a: Weezing|Strange Steam|p1a: Blissey
|-damage|p1a: Blissey|92/100
|
|-heal|p2a: Weezing|74/100|[from] item: Leftovers
|upkeep
|turn|21
|
|t:|1760396181
|move|p2a: Weezing|Toxic|p1a: Blissey
|-status|p1a: Blissey|tox
|move|p1a: Blissey|Seismic Toss|p2a: Weezing
|-damage|p2a: Weezing|44/100
|
|-heal|p2a: Weezing|50/100|[from] item: Leftovers
|-damage|p1a: Blissey|85/100 tox|[from] psn
|upkeep
|turn|22
|
|t:|1760396195
|-end|p2a: Weezing|ability: Neutralizing Gas
|switch|p2a: Dragapult|Dragapult, F|100/100
|move|p1a: Blissey|Flamethrower|p2a: Dragapult
|-resisted|p2a: Dragapult
|-damage|p2a: Dragapult|90/100
|
|-damage|p1a: Blissey|73/100 tox|[from] psn
|upkeep
|turn|23
|
|t:|1760396203
|switch|p2a: Weezing|Weezing-Galar, M|50/100
|-ability|p2a: Weezing|Neutralizing Gas
|switch|p1a: Clefable|Clefable, F|100/100
|
|-heal|p2a: Weezing|56/100|[from] item: Leftovers
|-damage|p1a: Clefable|88/100|[from] item: Sticky Barb
|upkeep
|turn|24
|
|t:|1760396217
|switch|p1a: Amoonguss|Amoonguss, F|100/100
|move|p2a: Weezing|Taunt|p1a: Amoonguss
|-start|p1a: Amoonguss|move: Taunt
|
|-heal|p2a: Weezing|62/100|[from] item: Leftovers
|upkeep
|turn|25
|
|t:|1760396225
|move|p2a: Weezing|Strange Steam|p1a: Amoonguss
|-resisted|p1a: Amoonguss
|-damage|p1a: Amoonguss|88/100
|move|p1a: Amoonguss|Seed Bomb|p2a: Weezing
|-resisted|p2a: Weezing
|-damage|p2a: Weezing|54/100
|
|-heal|p2a: Weezing|60/100|[from] item: Leftovers
|upkeep
|turn|26
|
|t:|1760396233
|move|p2a: Weezing|Strange Steam|p1a: Amoonguss
|-resisted|p1a: Amoonguss
|-damage|p1a: Amoonguss|75/100
|move|p1a: Amoonguss|Foul Play|p2a: Weezing
|-resisted|p2a: Weezing
|-damage|p2a: Weezing|55/100
|
|-heal|p2a: Weezing|61/100|[from] item: Leftovers
|-end|p1a: Amoonguss|move: Taunt
|upkeep
|turn|27
|
|t:|1760396243
|-end|p2a: Weezing|ability: Neutralizing Gas
|switch|p2a: vaporeon 2.0|Alomomola, M|100/100
|move|p1a: Amoonguss|Seed Bomb|p2a: vaporeon 2.0
|-supereffective|p2a: vaporeon 2.0
|-damage|p2a: vaporeon 2.0|72/100
|
|upkeep
|turn|28
|
|t:|1760396250
|move|p2a: vaporeon 2.0|Wish|p2a: vaporeon 2.0
|move|p1a: Amoonguss|Toxic|p2a: vaporeon 2.0
|-status|p2a: vaporeon 2.0|tox
|
|-damage|p2a: vaporeon 2.0|66/100 tox|[from] psn
|upkeep
|turn|29
|
|t:|1760396257
|move|p2a: vaporeon 2.0|Flip Turn|p1a: Amoonguss
|-resisted|p1a: Amoonguss
|-crit|p1a: Amoonguss
|-damage|p1a: Amoonguss|66/100
|
|t:|1760396261
|switch|p2a: fluffy boi|Flareon, F, tera:Normal|24/100 tox|[from] Flip Turn
|move|p1a: Amoonguss|Foul Play|p2a: fluffy boi
|-damage|p2a: fluffy boi|0 fnt
|faint|p2a: fluffy boi
|
|upkeep
|
|t:|1760396268
|switch|p2a: Dragapult|Dragapult, F|90/100
|turn|30
|
|t:|1760396279
|switch|p1a: Clefable|Clefable, F|88/100
|move|p2a: Dragapult|Fire Blast|p1a: Clefable
|-crit|p1a: Clefable
|-damage|p1a: Clefable|18/100
|-status|p1a: Clefable|brn
|
|upkeep
|turn|31
|c|☆st. jermaine|epic
|
|t:|1760396292
|switch|p2a: Weezing|Weezing-Galar, M|61/100
|-ability|p2a: Weezing|Neutralizing Gas
|move|p1a: Clefable|Moonlight|p1a: Clefable
|-heal|p1a: Clefable|68/100 brn
|
|-heal|p2a: Weezing|67/100|[from] item: Leftovers
|-damage|p1a: Clefable|62/100 brn|[from] brn
|-damage|p1a: Clefable|49/100 brn|[from] item: Sticky Barb
|upkeep
|turn|32
|
|t:|1760396307
|switch|p1a: Amoonguss|Amoonguss, F|99/100
|move|p2a: Weezing|Taunt|p1a: Amoonguss
|-start|p1a: Amoonguss|move: Taunt
|
|-heal|p2a: Weezing|73/100|[from] item: Leftovers
|upkeep
|turn|33
|inactive|st. jermaine has 120 seconds left.
|
|t:|1760396339
|-end|p2a: Weezing|ability: Neutralizing Gas
|switch|p2a: Dragapult|Dragapult, F|90/100
|move|p1a: Amoonguss|Seed Bomb|p2a: Dragapult
|-resisted|p2a: Dragapult
|-damage|p2a: Dragapult|74/100
|
|upkeep
|turn|34
|
|t:|1760396351
|switch|p1a: Blissey|Blissey, F|73/100 tox
|move|p2a: Dragapult|Fire Blast|p1a: Blissey
|-damage|p1a: Blissey|59/100 tox
|
|-damage|p1a: Blissey|53/100 tox|[from] psn
|upkeep
|turn|35
|
|t:|1760396365
|switch|p2a: Weezing|Weezing-Galar, M|73/100
|-ability|p2a: Weezing|Neutralizing Gas
|move|p1a: Blissey|Soft-Boiled|p1a: Blissey
|-heal|p1a: Blissey|100/100 tox
|
|-heal|p2a: Weezing|79/100|[from] item: Leftovers
|-damage|p1a: Blissey|88/100 tox|[from] psn
|upkeep
|turn|36
|
|t:|1760396374
|switch|p1a: Amoonguss|Amoonguss, F|100/100
|move|p2a: Weezing|Taunt|p1a: Amoonguss
|-start|p1a: Amoonguss|move: Taunt
|
|-heal|p2a: Weezing|85/100|[from] item: Leftovers
|upkeep
|turn|37
|inactive|st. jermaine has 120 seconds left.
|
|t:|1760396417
|-end|p2a: Weezing|ability: Neutralizing Gas
|switch|p2a: Primarina|Primarina, M|100/100
|move|p1a: Amoonguss|Seed Bomb|p2a: Primarina
|-supereffective|p2a: Primarina
|-damage|p2a: Primarina|48/100
|
|upkeep
|turn|38
|
|t:|1760396426
|move|p2a: Primarina|Flip Turn|p1a: Amoonguss
|-resisted|p1a: Amoonguss
|-damage|p1a: Amoonguss|95/100
|
|t:|1760396434
|switch|p2a: Dragapult|Dragapult, F|74/100|[from] Flip Turn
|move|p1a: Amoonguss|Foul Play|p2a: Dragapult
|-supereffective|p2a: Dragapult
|-damage|p2a: Dragapult|10/100
|
|-end|p1a: Amoonguss|move: Taunt
|upkeep
|turn|39
|inactive|st. jermaine has 120 seconds left.
|
|t:|1760396452
|switch|p1a: Blissey|Blissey, F|88/100 tox
|move|p2a: Dragapult|U-turn|p1a: Blissey
|-damage|p1a: Blissey|71/100 tox
|
|t:|1760396457
|switch|p2a: Rillaboom|Rillaboom, F|50/100|[from] U-turn
|-fieldstart|move: Grassy Terrain|[from] ability: Grassy Surge|[of] p2a: Rillaboom
|
|-heal|p2a: Rillaboom|56/100|[from] Grassy Terrain
|-heal|p1a: Blissey|77/100 tox|[from] Grassy Terrain
|-damage|p1a: Blissey|71/100 tox|[from] psn
|upkeep
|turn|40
|inactive|st. jermaine has 120 seconds left.
|
|t:|1760396490
|switch|p2a: Primarina|Primarina, M|48/100
|-curestatus|p1a: Blissey|tox|[from] ability: Natural Cure
|switch|p1a: Amoonguss|Amoonguss, F|100/100
|
|-heal|p2a: Primarina|54/100|[from] Grassy Terrain
|upkeep
|turn|41
|
|t:|1760396498
|move|p2a: Primarina|Ice Beam|p1a: Amoonguss
|-supereffective|p1a: Amoonguss
|-damage|p1a: Amoonguss|32/100
|move|p1a: Amoonguss|Seed Bomb|p2a: Primarina
|-supereffective|p2a: Primarina
|-damage|p2a: Primarina|0 fnt
|faint|p2a: Primarina
|
|-heal|p1a: Amoonguss|39/100|[from] Grassy Terrain
|upkeep
|inactive|pikaragedd has 120 seconds left.
|
|t:|1760396515
|switch|p2a: Weezing|Weezing-Galar, M|85/100
|-ability|p2a: Weezing|Neutralizing Gas
|turn|42
|inactive|st. jermaine has 120 seconds left.
|
|t:|1760396531
|move|p2a: Weezing|Strange Steam|p1a: Amoonguss|[miss]
|-miss|p2a: Weezing|p1a: Amoonguss
|move|p1a: Amoonguss|Synthesis|p1a: Amoonguss
|-heal|p1a: Amoonguss|89/100
|
|-heal|p2a: Weezing|91/100|[from] Grassy Terrain
|-heal|p2a: Weezing|97/100|[from] item: Leftovers
|-heal|p1a: Amoonguss|95/100|[from] Grassy Terrain
|upkeep
|turn|43
|
|t:|1760396542
|switch|p1a: Blissey|Blissey, F|71/100
|move|p2a: Weezing|Taunt|p1a: Blissey
|-start|p1a: Blissey|move: Taunt
|
|-heal|p2a: Weezing|100/100|[from] Grassy Terrain
|-heal|p1a: Blissey|77/100|[from] Grassy Terrain
|-fieldend|move: Grassy Terrain
|upkeep
|turn|44
|
|t:|1760396549
|move|p2a: Weezing|Toxic|p1a: Blissey
|-status|p1a: Blissey|tox
|move|p1a: Blissey|Flamethrower|p2a: Weezing
|-damage|p2a: Weezing|77/100
|
|-heal|p2a: Weezing|83/100|[from] item: Leftovers
|-damage|p1a: Blissey|71/100 tox|[from] psn
|upkeep
|turn|45
|
|t:|1760396558
|switch|p1a: Amoonguss|Amoonguss, F|95/100
|move|p2a: Weezing|Strange Steam|p1a: Amoonguss
|-resisted|p1a: Amoonguss
|-crit|p1a: Amoonguss
|-damage|p1a: Amoonguss|77/100
|-start|p1a: Amoonguss|confusion
|
|-heal|p2a: Weezing|89/100|[from] item: Leftovers
|upkeep
|turn|46
|
|t:|1760396568
|switch|p1a: Blissey|Blissey, F|71/100 tox
|move|p2a: Weezing|Taunt|p1a: Blissey
|-start|p1a: Blissey|move: Taunt
|
|-heal|p2a: Weezing|95/100|[from] item: Leftovers
|-damage|p1a: Blissey|65/100 tox|[from] psn
|upkeep
|turn|47
|
|t:|1760396577
|switch|p1a: Amoonguss|Amoonguss, F|77/100
|move|p2a: Weezing|Strange Steam|p1a: Amoonguss
|-resisted|p1a: Amoonguss
|-damage|p1a: Amoonguss|63/100
|
|-heal|p2a: Weezing|100/100|[from] item: Leftovers
|upkeep
|turn|48
|
|t:|1760396590
|move|p2a: Weezing|Taunt|p1a: Amoonguss
|-start|p1a: Amoonguss|move: Taunt
|move|p1a: Amoonguss|Seed Bomb|p2a: Weezing
|-resisted|p2a: Weezing
|-damage|p2a: Weezing|92/100
|
|-heal|p2a: Weezing|98/100|[from] item: Leftovers
|upkeep
|turn|49
|
|t:|1760396601
|-terastallize|p1a: Amoonguss|Steel
|move|p2a: Weezing|Strange Steam|p1a: Amoonguss
|-resisted|p1a: Amoonguss
|-damage|p1a: Amoonguss|50/100
|-start|p1a: Amoonguss|confusion
|-activate|p1a: Amoonguss|confusion
|-damage|p1a: Amoonguss|45/100|[from] confusion
|
|-heal|p2a: Weezing|100/100|[from] item: Leftovers
|upkeep
|turn|50
|
|t:|1760396611
|switch|p1a: Blissey|Blissey, F|65/100 tox
|move|p2a: Weezing|Strange Steam|p1a: Blissey
|-damage|p1a: Blissey|56/100 tox
|
|-damage|p1a: Blissey|50/100 tox|[from] psn
|upkeep
|turn|51
|c|☆st. jermaine|so fucking stupid
|
|t:|1760396621
|switch|p1a: Amoonguss|Amoonguss, F, tera:Steel|45/100
|move|p2a: Weezing|Defog|p1a: Amoonguss
|-unboost|p1a: Amoonguss|evasion|1
|
|upkeep
|turn|52
|
|t:|1760396627
|switch|p1a: Ting-Lu|Ting-Lu|39/100 tox
|move|p2a: Weezing|Taunt|p1a: Ting-Lu
|-start|p1a: Ting-Lu|move: Taunt
|
|-damage|p1a: Ting-Lu|33/100 tox|[from] psn
|upkeep
|turn|53
|
|t:|1760396635
|switch|p1a: Amoonguss|Amoonguss, F, tera:Steel|45/100
|move|p2a: Weezing|Taunt|p1a: Amoonguss
|-start|p1a: Amoonguss|move: Taunt
|
|upkeep
|turn|54
|
|t:|1760396644
|switch|p1a: Blissey|Blissey, F|50/100 tox
|move|p2a: Weezing|Taunt|p1a: Blissey
|-start|p1a: Blissey|move: Taunt
|
|-damage|p1a: Blissey|44/100 tox|[from] psn
|upkeep
|turn|55
|
|t:|1760396653
|-end|p2a: Weezing|ability: Neutralizing Gas
|switch|p2a: Dragapult|Dragapult, F|10/100
|-curestatus|p1a: Blissey|tox|[from] ability: Natural Cure
|switch|p1a: Amoonguss|Amoonguss, F, tera:Steel|45/100
|
|upkeep
|turn|56
|
|t:|1760396666
|switch|p2a: Weezing|Weezing-Galar, M|100/100
|-ability|p2a: Weezing|Neutralizing Gas
|switch|p1a: Blissey|Blissey, F|44/100
|
|upkeep
|turn|57
|
|t:|1760396674
|move|p2a: Weezing|Strange Steam|p1a: Blissey
|-damage|p1a: Blissey|36/100
|move|p1a: Blissey|Soft-Boiled|p1a: Blissey
|-heal|p1a: Blissey|86/100
|
|upkeep
|turn|58
|
|t:|1760396685
|-end|p2a: Weezing|ability: Neutralizing Gas
|switch|p2a: Rillaboom|Rillaboom, F|56/100
|-fieldstart|move: Grassy Terrain|[from] ability: Grassy Surge|[of] p2a: Rillaboom
|switch|p1a: Amoonguss|Amoonguss, F, tera:Steel|45/100
|
|-heal|p2a: Rillaboom|62/100|[from] Grassy Terrain
|-heal|p1a: Amoonguss|51/100|[from] Grassy Terrain
|upkeep
|turn|59
|
|t:|1760396697
|move|p2a: Rillaboom|Wood Hammer|p1a: Amoonguss
|-resisted|p1a: Amoonguss
|-damage|p1a: Amoonguss|9/100
|-damage|p2a: Rillaboom|47/100|[from] Recoil
|move|p1a: Amoonguss|Synthesis|p1a: Amoonguss
|-heal|p1a: Amoonguss|59/100
|
|-heal|p2a: Rillaboom|53/100|[from] Grassy Terrain
|-heal|p1a: Amoonguss|65/100|[from] Grassy Terrain
|upkeep
|turn|60
|
|t:|1760396707
|switch|p2a: vaporeon 2.0|Alomomola, M|99/100 tox
|switch|p1a: Gliscor|Gliscor, F|28/100 tox
|
|-heal|p2a: vaporeon 2.0|100/100 tox|[from] Grassy Terrain
|-heal|p1a: Gliscor|41/100 tox|[from] ability: Poison Heal
|-damage|p2a: vaporeon 2.0|94/100 tox|[from] psn
|upkeep
|turn|61
|
|t:|1760396717
|move|p1a: Gliscor|Spikes|p2a: vaporeon 2.0
|-sidestart|p2: pikaragedd|Spikes
|move|p2a: vaporeon 2.0|Wish|p2a: vaporeon 2.0
|
|-heal|p2a: vaporeon 2.0|100/100 tox|[from] Grassy Terrain
|-heal|p1a: Gliscor|53/100 tox|[from] ability: Poison Heal
|-damage|p2a: vaporeon 2.0|88/100 tox|[from] psn
|upkeep
|turn|62
|
|t:|1760396724
|move|p1a: Gliscor|Protect|p1a: Gliscor
|-singleturn|p1a: Gliscor|Protect
|move|p2a: vaporeon 2.0|Flip Turn|p1a: Gliscor
|-activate|p1a: Gliscor|move: Protect
|
|-heal|p2a: vaporeon 2.0|100/100 tox|[from] move: Wish|[wisher] vaporeon 2.0
|-heal|p1a: Gliscor|66/100 tox|[from] ability: Poison Heal
|-damage|p2a: vaporeon 2.0|82/100 tox|[from] psn
|-fieldend|move: Grassy Terrain
|upkeep
|turn|63
|
|t:|1760396735
|switch|p1a: Blissey|Blissey, F|86/100
|switch|p2a: Weezing|Weezing-Galar, M|100/100
|-ability|p2a: Weezing|Neutralizing Gas
|-damage|p2a: Weezing|88/100|[from] Spikes
|
|-heal|p2a: Weezing|94/100|[from] item: Leftovers
|upkeep
|turn|64
|
|t:|1760396746
|move|p2a: Weezing|Taunt|p1a: Blissey
|-start|p1a: Blissey|move: Taunt
|move|p1a: Blissey|Seismic Toss|p2a: Weezing
|-damage|p2a: Weezing|64/100
|
|-heal|p2a: Weezing|70/100|[from] item: Leftovers
|upkeep
|turn|65
|
|t:|1760396753
|move|p2a: Weezing|Toxic|p1a: Blissey
|-status|p1a: Blissey|tox
|move|p1a: Blissey|Seismic Toss|p2a: Weezing
|-damage|p2a: Weezing|40/100
|
|-heal|p2a: Weezing|46/100|[from] item: Leftovers
|-damage|p1a: Blissey|80/100 tox|[from] psn
|upkeep
|turn|66
|
|t:|1760396762
|move|p2a: Weezing|Defog|p1a: Blissey
|-unboost|p1a: Blissey|evasion|1
|-sideend|p2: pikaragedd|Spikes|[from] move: Defog|[of] p2a: Weezing
|move|p1a: Blissey|Flamethrower|p2a: Weezing
|-damage|p2a: Weezing|26/100
|
|-heal|p2a: Weezing|32/100|[from] item: Leftovers
|-damage|p1a: Blissey|68/100 tox|[from] psn
|-end|p1a: Blissey|move: Taunt
|upkeep
|turn|67
|
|t:|1760396781
|switch|p1a: Amoonguss|Amoonguss, F, tera:Steel|98/100
|move|p2a: Weezing|Taunt|p1a: Amoonguss
|-start|p1a: Amoonguss|move: Taunt
|
|-heal|p2a: Weezing|38/100|[from] item: Leftovers
|upkeep
|turn|68
|
|t:|1760396791
|-end|p2a: Weezing|ability: Neutralizing Gas
|switch|p2a: vaporeon 2.0|Alomomola, M|100/100 tox
|move|p1a: Amoonguss|Seed Bomb|p2a: vaporeon 2.0
|-supereffective|p2a: vaporeon 2.0
|-damage|p2a: vaporeon 2.0|74/100 tox
|
|-damage|p2a: vaporeon 2.0|68/100 tox|[from] psn
|upkeep
|turn|69
|
|t:|1760396799
|switch|p1a: Blissey|Blissey, F|68/100 tox
|move|p2a: vaporeon 2.0|Wish|p2a: vaporeon 2.0
|
|-damage|p1a: Blissey|62/100 tox|[from] psn
|-damage|p2a: vaporeon 2.0|56/100 tox|[from] psn
|upkeep
|turn|70
|
|t:|1760396814
|-curestatus|p1a: Blissey|tox|[from] ability: Natural Cure
|switch|p1a: Clefable|Clefable, F|49/100 brn
|switch|p2a: Rillaboom|Rillaboom, F|53/100
|-fieldstart|move: Grassy Terrain|[from] ability: Grassy Surge|[of] p2a: Rillaboom
|
|-heal|p2a: Rillaboom|100/100|[from] move: Wish|[wisher] vaporeon 2.0
|-heal|p1a: Clefable|56/100 brn|[from] Grassy Terrain
|upkeep
|turn|71
|
|t:|1760396831
|switch|p1a: Amoonguss|Amoonguss, F, tera:Steel|100/100
|move|p2a: Rillaboom|U-turn|p1a: Amoonguss
|-resisted|p1a: Amoonguss
|-damage|p1a: Amoonguss|87/100
|
|t:|1760396837
|switch|p2a: Dragapult|Dragapult, F|10/100|[from] U-turn
|
|-heal|p2a: Dragapult|16/100|[from] Grassy Terrain
|-heal|p1a: Amoonguss|93/100|[from] Grassy Terrain
|upkeep
|turn|72
|
|t:|1760396848
|switch|p1a: Blissey|Blissey, F|62/100
|move|p2a: Dragapult|U-turn|p1a: Blissey
|-damage|p1a: Blissey|43/100
|
|t:|1760396853
|switch|p2a: Weezing|Weezing-Galar, M|38/100|[from] U-turn
|-ability|p2a: Weezing|Neutralizing Gas
|
|-heal|p2a: Weezing|44/100|[from] Grassy Terrain
|-heal|p2a: Weezing|50/100|[from] item: Leftovers
|-heal|p1a: Blissey|49/100|[from] Grassy Terrain
|upkeep
|turn|73
|
|t:|1760396862
|move|p2a: Weezing|Taunt|p1a: Blissey
|-start|p1a: Blissey|move: Taunt
|move|p1a: Blissey|Seismic Toss|p2a: Weezing
|-damage|p2a: Weezing|20/100
|
|-heal|p2a: Weezing|26/100|[from] Grassy Terrain
|-heal|p2a: Weezing|32/100|[from] item: Leftovers
|-heal|p1a: Blissey|55/100|[from] Grassy Terrain
|upkeep
|turn|74
|
|t:|1760396872
|move|p2a: Weezing|Toxic|p1a: Blissey
|-status|p1a: Blissey|tox
|move|p1a: Blissey|Seismic Toss|p2a: Weezing
|-damage|p2a: Weezing|2/100
|
|-heal|p2a: Weezing|8/100|[from] Grassy Terrain
|-heal|p2a: Weezing|14/100|[from] item: Leftovers
|-heal|p1a: Blissey|61/100 tox|[from] Grassy Terrain
|-damage|p1a: Blissey|55/100 tox|[from] psn
|-fieldend|move: Grassy Terrain
|upkeep
|turn|75
|
|t:|1760396892
|-end|p2a: Weezing|ability: Neutralizing Gas
|switch|p2a: Rillaboom|Rillaboom, F|100/100
|-fieldstart|move: Grassy Terrain|[from] ability: Grassy Surge|[of] p2a: Rillaboom
|move|p1a: Blissey|Flamethrower|p2a: Rillaboom
|-supereffective|p2a: Rillaboom
|-damage|p2a: Rillaboom|61/100
|
|-heal|p2a: Rillaboom|68/100|[from] Grassy Terrain
|-heal|p1a: Blissey|61/100 tox|[from] Grassy Terrain
|-damage|p1a: Blissey|49/100 tox|[from] psn
|-end|p1a: Blissey|move: Taunt
|upkeep
|turn|76
|
|t:|1760396907
|switch|p2a: Dragapult|Dragapult, F|16/100
|-curestatus|p1a: Blissey|tox|[from] ability: Natural Cure
|switch|p1a: Amoonguss|Amoonguss, F, tera:Steel|100/100
|
|-heal|p2a: Dragapult|22/100|[from] Grassy Terrain
|upkeep
|turn|77
|
|t:|1760396915
|switch|p1a: Ting-Lu|Ting-Lu|33/100 tox
|-ability|p1a: Ting-Lu|Vessel of Ruin
|move|p2a: Dragapult|Fire Blast|p1a: Ting-Lu
|-damage|p1a: Ting-Lu|11/100 tox
|
|-heal|p2a: Dragapult|28/100|[from] Grassy Terrain
|-heal|p1a: Ting-Lu|17/100 tox|[from] Grassy Terrain
|-damage|p1a: Ting-Lu|11/100 tox|[from] psn
|upkeep
|turn|78
|
|t:|1760396925
|move|p2a: Dragapult|Fire Blast|p1a: Ting-Lu
|-damage|p1a: Ting-Lu|0 fnt
|faint|p1a: Ting-Lu
|
|-heal|p2a: Dragapult|34/100|[from] Grassy Terrain
|upkeep
|
|t:|1760396928
|switch|p1a: Blissey|Blissey, F|49/100
|turn|79
|
|t:|1760396934
|switch|p2a: Rillaboom|Rillaboom, F|68/100
|move|p1a: Blissey|Soft-Boiled|p1a: Blissey
|-heal|p1a: Blissey|99/100
|
|-heal|p2a: Rillaboom|74/100|[from] Grassy Terrain
|-heal|p1a: Blissey|100/100|[from] Grassy Terrain
|-fieldend|move: Grassy Terrain
|upkeep
|turn|80
|
|t:|1760396941
|move|p2a: Rillaboom|U-turn|p1a: Blissey
|-damage|p1a: Blissey|57/100
|
|t:|1760396949
|switch|p2a: Weezing|Weezing-Galar, M|14/100|[from] U-turn
|-ability|p2a: Weezing|Neutralizing Gas
|move|p1a: Blissey|Flamethrower|p2a: Weezing
|-damage|p2a: Weezing|0 fnt
|faint|p2a: Weezing
|-end|p2a: Weezing|ability: Neutralizing Gas
|
|upkeep
|
|t:|1760396958
|switch|p2a: Rillaboom|Rillaboom, F|74/100
|-fieldstart|move: Grassy Terrain|[from] ability: Grassy Surge|[of] p2a: Rillaboom
|turn|81
|
|t:|1760396966
|switch|p1a: Amoonguss|Amoonguss, F, tera:Steel|100/100
|move|p2a: Rillaboom|U-turn|p1a: Amoonguss
|-resisted|p1a: Amoonguss
|-damage|p1a: Amoonguss|86/100
|
|t:|1760396971
|switch|p2a: Dragapult|Dragapult, F|34/100|[from] U-turn
|
|-heal|p2a: Dragapult|39/100|[from] Grassy Terrain
|-heal|p1a: Amoonguss|92/100|[from] Grassy Terrain
|upkeep
|turn|82
|
|t:|1760396984
|switch|p1a: Blissey|Blissey, F|57/100
|move|p2a: Dragapult|Fire Blast|p1a: Blissey
|-damage|p1a: Blissey|43/100
|
|-heal|p2a: Dragapult|45/100|[from] Grassy Terrain
|-heal|p1a: Blissey|49/100|[from] Grassy Terrain
|upkeep
|turn|83
|
|t:|1760396994
|switch|p2a: Rillaboom|Rillaboom, F|74/100
|move|p1a: Blissey|Soft-Boiled|p1a: Blissey
|-heal|p1a: Blissey|99/100
|
|-heal|p2a: Rillaboom|80/100|[from] Grassy Terrain
|-heal|p1a: Blissey|100/100|[from] Grassy Terrain
|upkeep
|turn|84
|-message|pikaragedd forfeited.
|
|win|st. jermaine
