|j|☆karmantula
|j|☆mr.creep69
|t:|1760320709
|gametype|singles
|player|p1|karmantula|unknownf|1000
|player|p2|mr.creep69|1|1018
|gen|9
|tier|[Gen 9] OU
|rated|
|rule|HP Percentage Mod: HP is shown in percentages
|rule|Endless Battle Clause: Forcing endless battles is banned
|rule|Species Clause: Limit one of each Pokémon
|rule|OHKO Clause: OHKO moves are banned
|rule|Evasion Items Clause: Evasion items are banned
|rule|Evasion Moves Clause: Evasion moves are banned
|rule|Evasion Abilities Clause: Evasion abilities are banned
|rule|Sleep Moves Clause: Sleep-inducing moves are banned
|clearpoke
|poke|p1|Ninetales, F|
|poke|p1|Iron Moth|
|poke|p1|Garganacl, M|
|poke|p1|Kommo-o, M|
|poke|p1|Mimikyu, F|
|poke|p1|Great Tusk|
|poke|p2|Scizor, M|
|poke|p2|Hitmonlee, M|
|poke|p2|Garganacl, F|
|poke|p2|Deoxys-Speed|
|poke|p2|Dunsparce, F|
|poke|p2|Darkrai|
|teampreview
|inactive|Battle timer is ON: inactive players will automatically lose when time's up. (requested by mr.creep69)
|
|t:|1760320734
|teamsize|p1|6
|teamsize|p2|6
|start
|switch|p1a: Mimikyu|Mimikyu, F, shiny|100/100
|switch|p2a: Garganacl|Garganacl, F|100/100
|turn|1
|
|t:|1760320741
|move|p1a: Mimikyu|Substitute|p1a: Mimikyu
|-start|p1a: Mimikyu|Substitute
|-damage|p1a: Mimikyu|76/100
|move|p2a: Garganacl|Block||[still]
|-fail|p2a: Garganacl
|
|-heal|p1a: Mimikyu|82/100|[from] item: Leftovers
|upkeep
|turn|2
|
|t:|1760320751
|move|p1a: Mimikyu|Curse|p2a: Garganacl
|-start|p2a: Garganacl|Curse|[of] p1a: Mimikyu
|-damage|p1a: Mimikyu|32/100
|move|p2a: Garganacl|Salt Cure|p1a: Mimikyu
|-activate|p1a: Mimikyu|move: Substitute|[damage]
|
|-heal|p1a: Mimikyu|38/100|[from] item: Leftovers
|-damage|p2a: Garganacl|75/100|[from] Curse
|upkeep
|turn|3
|
|t:|1760320762
|move|p1a: Mimikyu|Pain Split|p2a: Garganacl
|-sethp|p2a: Garganacl|50/100|[from] move: Pain Split|[silent]
|-sethp|p1a: Mimikyu|79/100|[from] move: Pain Split
|move|p2a: Garganacl|Salt Cure|p1a: Mimikyu
|-end|p1a: Mimikyu|Substitute
|
|-heal|p1a: Mimikyu|85/100|[from] item: Leftovers
|-heal|p2a: Garganacl|56/100|[from] item: Leftovers
|-damage|p2a: Garganacl|31/100|[from] Curse
|upkeep
|turn|4
|
|t:|1760320774
|move|p1a: Mimikyu|Substitute|p1a: Mimikyu
|-start|p1a: Mimikyu|Substitute
|-damage|p1a: Mimikyu|61/100
|move|p2a: Garganacl|Stealth Rock|p1a: Mimikyu
|-sidestart|p1: karmantula|move: Stealth Rock
|
|-heal|p1a: Mimikyu|67/100|[from] item: Leftovers
|-heal|p2a: Garganacl|37/100|[from] item: Leftovers
|-damage|p2a: Garganacl|12/100|[from] Curse
|upkeep
|turn|5
|
|t:|1760320788
|move|p1a: Mimikyu|Leech Life|p2a: Garganacl
|-damage|p2a: Garganacl|1/100
|-heal|p1a: Mimikyu|75/100|[from] drain|[of] p2a: Garganacl
|move|p2a: Garganacl|Salt Cure|p1a: Mimikyu
|-activate|p1a: Mimikyu|move: Substitute|[damage]
|
|-heal|p1a: Mimikyu|81/100|[from] item: Leftovers
|-heal|p2a: Garganacl|7/100|[from] item: Leftovers
|-damage|p2a: Garganacl|0 fnt|[from] Curse
|faint|p2a: Garganacl
|upkeep
|
|t:|1760320804
|switch|p2a: Scizor|Scizor, M|100/100
|turn|6
|
|t:|1760320812
|move|p1a: Mimikyu|Curse|p2a: Scizor
|-start|p2a: Scizor|Curse|[of] p1a: Mimikyu
|-damage|p1a: Mimikyu|32/100
|move|p2a: Scizor|Trailblaze|p1a: Mimikyu
|-end|p1a: Mimikyu|Substitute
|-boost|p2a: Scizor|spe|1
|
|-heal|p1a: Mimikyu|38/100|[from] item: Leftovers
|-damage|p2a: Scizor|75/100|[from] Curse
|upkeep
|turn|7
|
|t:|1760320829
|move|p1a: Mimikyu|Substitute|p1a: Mimikyu
|-start|p1a: Mimikyu|Substitute
|-damage|p1a: Mimikyu|13/100
|move|p2a: Scizor|Swords Dance|p2a: Scizor
|-boost|p2a: Scizor|atk|2
|
|-heal|p1a: Mimikyu|19/100|[from] item: Leftovers
|-heal|p2a: Scizor|82/100|[from] item: Leftovers
|-damage|p2a: Scizor|57/100|[from] Curse
|upkeep
|turn|8
|
|t:|1760320851
|move|p1a: Mimikyu|Pain Split|p2a: Scizor
|-sethp|p2a: Scizor|35/100|[from] move: Pain Split|[silent]
|-sethp|p1a: Mimikyu|48/100|[from] move: Pain Split
|move|p2a: Scizor|Trailblaze|p1a: Mimikyu
|-end|p1a: Mimikyu|Substitute
|-boost|p2a: Scizor|spe|1
|
|-heal|p2a: Scizor|41/100|[from] item: Leftovers
|-heal|p1a: Mimikyu|54/100|[from] item: Leftovers
|-damage|p2a: Scizor|16/100|[from] Curse
|upkeep
|turn|9
|
|t:|1760320864
|move|p2a: Scizor|Aerial Ace|p1a: Mimikyu
|-activate|p1a: Mimikyu|ability: Disguise
|-damage|p1a: Mimikyu|54/100
|detailschange|p1a: Mimikyu|Mimikyu-Busted, F, shiny
|-damage|p1a: Mimikyu|42/100|[from] pokemon: Mimikyu-Busted
|move|p1a: Mimikyu|Substitute|p1a: Mimikyu
|-start|p1a: Mimikyu|Substitute
|-damage|p1a: Mimikyu|17/100
|
|-heal|p2a: Scizor|22/100|[from] item: Leftovers
|-heal|p1a: Mimikyu|23/100|[from] item: Leftovers
|-damage|p2a: Scizor|0 fnt|[from] Curse
|faint|p2a: Scizor
|upkeep
|inactive|mr.creep69 has 120 seconds left.
|
|t:|1760320881
|switch|p2a: Deoxys|Deoxys-Speed|100/100
|-ability|p2a: Deoxys|Pressure
|turn|10
|
|t:|1760320896
|switch|p2a: Darkrai|Darkrai|100/100
|move|p1a: Mimikyu|Pain Split|p2a: Darkrai
|-sethp|p2a: Darkrai|60/100|[from] move: Pain Split|[silent]
|-sethp|p1a: Mimikyu|67/100|[from] move: Pain Split
|
|-heal|p1a: Mimikyu|73/100|[from] item: Leftovers
|upkeep
|turn|11
|inactive|mr.creep69 has 120 seconds left.
|
|t:|1760320916
|move|p2a: Darkrai|Nasty Plot|p2a: Darkrai
|-boost|p2a: Darkrai|spa|2
|move|p1a: Mimikyu|Curse|p2a: Darkrai
|-start|p2a: Darkrai|Curse|[of] p1a: Mimikyu
|-damage|p1a: Mimikyu|24/100
|
|-heal|p1a: Mimikyu|30/100|[from] item: Leftovers
|-damage|p2a: Darkrai|35/100|[from] Curse
|upkeep
|turn|12
|inactive|mr.creep69 has 120 seconds left.
|
|t:|1760320927
|move|p2a: Darkrai|Night Shade|p1a: Mimikyu
|-end|p1a: Mimikyu|Substitute
|-damage|p2a: Darkrai|25/100|[from] item: Life Orb
|move|p1a: Mimikyu|Leech Life|p2a: Darkrai
|-supereffective|p2a: Darkrai
|-damage|p2a: Darkrai|0 fnt
|-heal|p1a: Mimikyu|44/100|[from] drain|[of] p2a: Darkrai
|faint|p2a: Darkrai
|
|-heal|p1a: Mimikyu|50/100|[from] item: Leftovers
|upkeep
|inactive|mr.creep69 has 120 seconds left.
|
|t:|1760320941
|switch|p2a: Hitmonlee|Hitmonlee, M|100/100
|turn|13
|inactive|mr.creep69 has 120 seconds left.
|-message|mr.creep69 forfeited.
|
|win|karmantula
|raw|karmantula's rating: 1000 &rarr; <strong>1042</strong><br />(+42 for winning)
|raw|mr.creep69's rating: 1018 &rarr; <strong>1005</strong><br />(-13 for losing)
|l|☆mr.creep69
|player|p2|
