|j|☆samandsling
|j|☆iLuckBot
|t:|1760371614
|gametype|singles
|player|p1|samandsling|psychic-lgpe|1224
|player|p2|iLuckBot|1|1240
|gen|9
|tier|[Gen 9] OU
|rated|
|rule|HP Percentage Mod: HP is shown in percentages
|rule|Endless Battle Clause: Forcing endless battles is banned
|rule|Species Clause: Limit one of each Pokémon
|rule|OHKO Clause: OHKO moves are banned
|rule|Evasion Items Clause: Evasion items are banned
|rule|Evasion Moves Clause: Evasion moves are banned
|rule|Evasion Abilities Clause: Evasion abilities are banned
|rule|Sleep Moves Clause: Sleep-inducing moves are banned
|clearpoke
|poke|p1|Bronzong|
|poke|p1|Primarina, F|
|poke|p1|Alomomola, F|
|poke|p1|Goodra-Hisui, M|
|poke|p1|Hatterene, F|
|poke|p1|Dragapult, M|
|poke|p2|Dragonite, F|
|poke|p2|Iron Valiant|
|poke|p2|Great Tusk|
|poke|p2|Zamazenta-*|
|poke|p2|Heatran, M|
|poke|p2|Landorus-Therian, M|
|teampreview
|l|☆samandsling
|player|p1|
|j|☆samandsling
|player|p1|samandsling|psychic-lgpe|
|
|t:|1760371698
|teamsize|p1|6
|teamsize|p2|6
|start
|switch|p1a: ARICHAN|Primarina, F, shiny|100/100
|switch|p2a: Zamazenta|Zamazenta|100/100
|-ability|p2a: Zamazenta|Dauntless Shield|boost
|-boost|p2a: Zamazenta|def|1
|turn|1
|inactive|Battle timer is ON: inactive players will automatically lose when time's up. (requested by iLuckBot)
|
|t:|1760371730
|move|p2a: Zamazenta|Iron Defense|p2a: Zamazenta
|-boost|p2a: Zamazenta|def|2
|move|p1a: ARICHAN|Substitute|p1a: ARICHAN
|-start|p1a: ARICHAN|Substitute
|-damage|p1a: ARICHAN|75/100
|
|-heal|p1a: ARICHAN|82/100|[from] item: Leftovers
|upkeep
|turn|2
|
|t:|1760371744
|move|p2a: Zamazenta|Body Press|p1a: ARICHAN
|-resisted|p1a: ARICHAN
|-end|p1a: ARICHAN|Substitute
|move|p1a: ARICHAN|Draining Kiss|p2a: Zamazenta
|-supereffective|p2a: Zamazenta
|-damage|p2a: Zamazenta|73/100
|-heal|p1a: ARICHAN|99/100|[from] drain|[of] p2a: Zamazenta
|
|-heal|p2a: Zamazenta|79/100|[from] item: Leftovers
|-heal|p1a: ARICHAN|100/100|[from] item: Leftovers
|upkeep
|turn|3
|
|t:|1760371757
|move|p2a: Zamazenta|Body Press|p1a: ARICHAN
|-resisted|p1a: ARICHAN
|-damage|p1a: ARICHAN|60/100
|move|p1a: ARICHAN|Calm Mind|p1a: ARICHAN
|-boost|p1a: ARICHAN|spa|1
|-boost|p1a: ARICHAN|spd|1
|
|-heal|p2a: Zamazenta|85/100|[from] item: Leftovers
|-heal|p1a: ARICHAN|66/100|[from] item: Leftovers
|upkeep
|turn|4
|
|t:|1760371765
|move|p2a: Zamazenta|Body Press|p1a: ARICHAN
|-resisted|p1a: ARICHAN
|-damage|p1a: ARICHAN|29/100
|move|p1a: ARICHAN|Draining Kiss|p2a: Zamazenta
|-supereffective|p2a: Zamazenta
|-damage|p2a: Zamazenta|41/100
|-heal|p1a: ARICHAN|59/100|[from] drain|[of] p2a: Zamazenta
|
|-heal|p2a: Zamazenta|47/100|[from] item: Leftovers
|-heal|p1a: ARICHAN|65/100|[from] item: Leftovers
|upkeep
|turn|5
|
|t:|1760371778
|move|p2a: Zamazenta|Body Press|p1a: ARICHAN
|-resisted|p1a: ARICHAN
|-crit|p1a: ARICHAN
|-damage|p1a: ARICHAN|3/100
|move|p1a: ARICHAN|Draining Kiss|p2a: Zamazenta
|-supereffective|p2a: Zamazenta
|-damage|p2a: Zamazenta|7/100
|-heal|p1a: ARICHAN|30/100|[from] drain|[of] p2a: Zamazenta
|
|-heal|p2a: Zamazenta|13/100|[from] item: Leftovers
|-heal|p1a: ARICHAN|36/100|[from] item: Leftovers
|upkeep
|turn|6
|
|t:|1760371808
|move|p2a: Zamazenta|Body Press|p1a: ARICHAN
|-resisted|p1a: ARICHAN
|-damage|p1a: ARICHAN|0 fnt
|faint|p1a: ARICHAN
|
|-heal|p2a: Zamazenta|19/100|[from] item: Leftovers
|upkeep
|
|t:|1760371813
|switch|p1a: Dragapult|Dragapult, M|100/100
|turn|7
|inactive|samandsling has 120 seconds left.
|inactive|iLuckBot has 120 seconds left.
|
|t:|1760371858
|move|p1a: Dragapult|Hex|p2a: Zamazenta
|-damage|p2a: Zamazenta|0 fnt
|faint|p2a: Zamazenta
|
|upkeep
|
|t:|1760371863
|switch|p2a: Heatran|Heatran, M|100/100
|turn|8
|inactive|samandsling has 120 seconds left.
|
|t:|1760371873
|move|p1a: Dragapult|U-turn|p2a: Heatran
|-resisted|p2a: Heatran
|-damage|p2a: Heatran|97/100
|
|t:|1760371891
|switch|p1a: Hatterene|Hatterene, F|100/100|[from] U-turn
|move|p2a: Heatran|Will-O-Wisp|p1a: Hatterene
|move|p1a: Hatterene|Will-O-Wisp|p2a: Heatran|[from] ability: Magic Bounce
|-start|p2a: Heatran|ability: Flash Fire
|
|-heal|p2a: Heatran|100/100|[from] item: Leftovers
|upkeep
|turn|9
|
|t:|1760371899
|-terastallize|p1a: Hatterene|Water
|move|p2a: Heatran|Magma Storm|p1a: Hatterene|[miss]
|-miss|p2a: Heatran|p1a: Hatterene
|move|p1a: Hatterene|Nuzzle|p2a: Heatran
|-damage|p2a: Heatran|97/100
|-status|p2a: Heatran|par
|
|-heal|p2a: Heatran|100/100 par|[from] item: Leftovers
|upkeep
|turn|10
|inactive|samandsling has 90 seconds left.
|
|t:|1760371935
|move|p1a: Hatterene|Psyshock|p2a: Heatran
|-resisted|p2a: Heatran
|-damage|p2a: Heatran|82/100 par
|cant|p2a: Heatran|par
|
|-heal|p2a: Heatran|88/100 par|[from] item: Leftovers
|upkeep
|turn|11
|
|t:|1760371941
|move|p1a: Hatterene|Psyshock|p2a: Heatran
|-resisted|p2a: Heatran
|-damage|p2a: Heatran|68/100 par
|move|p2a: Heatran|Magma Storm|p1a: Hatterene
|-resisted|p1a: Hatterene
|-damage|p1a: Hatterene|81/100
|-activate|p1a: Hatterene|move: Magma Storm|[of] p2a: Heatran
|
|-heal|p2a: Heatran|75/100 par|[from] item: Leftovers
|-damage|p1a: Hatterene|68/100|[from] move: Magma Storm|[partiallytrapped]
|upkeep
|turn|12
|inactive|samandsling has 90 seconds left.
|
|t:|1760371973
|cant|p2a: Heatran|par
|move|p1a: Hatterene|Psyshock|p2a: Heatran
|-resisted|p2a: Heatran
|-damage|p2a: Heatran|56/100 par
|
|-heal|p2a: Heatran|62/100 par|[from] item: Leftovers
|-damage|p1a: Hatterene|56/100|[from] move: Magma Storm|[partiallytrapped]
|upkeep
|turn|13
|inactive|iLuckBot has 120 seconds left.
|
|t:|1760372010
|move|p1a: Hatterene|Psyshock|p2a: Heatran
|-resisted|p2a: Heatran
|-damage|p2a: Heatran|46/100 par
|cant|p2a: Heatran|par
|
|-heal|p2a: Heatran|52/100 par|[from] item: Leftovers
|-damage|p1a: Hatterene|44/100|[from] move: Magma Storm|[partiallytrapped]
|upkeep
|turn|14
|inactive|samandsling has 90 seconds left.
|
|t:|1760372022
|move|p1a: Hatterene|Draining Kiss|p2a: Heatran
|-resisted|p2a: Heatran
|-damage|p2a: Heatran|48/100 par
|-heal|p1a: Hatterene|47/100|[from] drain|[of] p2a: Heatran
|move|p2a: Heatran|Earth Power|p1a: Hatterene
|-damage|p1a: Hatterene|31/100
|
|-heal|p2a: Heatran|54/100 par|[from] item: Leftovers
|-damage|p1a: Hatterene|19/100|[from] move: Magma Storm|[partiallytrapped]
|upkeep
|turn|15
|inactive|samandsling has 90 seconds left.
|inactive|iLuckBot has 120 seconds left.
|inactive|iLuckBot has 90 seconds left.
|inactive|iLuckBot has 60 seconds left.
|
|t:|1760372120
|move|p1a: Hatterene|Psyshock|p2a: Heatran
|-resisted|p2a: Heatran
|-damage|p2a: Heatran|36/100 par
|move|p2a: Heatran|Earth Power|p1a: Hatterene
|-damage|p1a: Hatterene|1/100
|
|-heal|p2a: Heatran|42/100 par|[from] item: Leftovers
|-damage|p1a: Hatterene|0 fnt|[from] move: Magma Storm|[partiallytrapped]
|faint|p1a: Hatterene
|upkeep
|inactive|samandsling has 90 seconds left.
|
|t:|1760372129
|switch|p1a: Dragapult|Dragapult, M|100/100
|turn|16
|
|t:|1760372133
|move|p1a: Dragapult|Hex|p2a: Heatran
|-damage|p2a: Heatran|7/100 par
|cant|p2a: Heatran|par
|
|-heal|p2a: Heatran|13/100 par|[from] item: Leftovers
|upkeep
|turn|17
|inactive|iLuckBot has 60 seconds left.
|
|t:|1760372138
|move|p2a: Heatran|Protect|p2a: Heatran
|-singleturn|p2a: Heatran|Protect
|move|p1a: Dragapult|Hex|p2a: Heatran
|-activate|p2a: Heatran|move: Protect
|
|-heal|p2a: Heatran|20/100 par|[from] item: Leftovers
|upkeep
|turn|18
|
|t:|1760372144
|move|p1a: Dragapult|Hex|p2a: Heatran
|-damage|p2a: Heatran|0 fnt
|faint|p2a: Heatran
|
|upkeep
|inactive|iLuckBot has 60 seconds left.
|
|t:|1760372156
|switch|p2a: Iron Valiant|Iron Valiant|100/100
|-enditem|p2a: Iron Valiant|Booster Energy
|-activate|p2a: Iron Valiant|ability: Quark Drive|[fromitem]
|-start|p2a: Iron Valiant|quarkdrivespe
|turn|19
|
|t:|1760372168
|switch|p1a: LARDLOFT|Bronzong, shiny|100/100
|move|p2a: Iron Valiant|Calm Mind|p2a: Iron Valiant
|-boost|p2a: Iron Valiant|spa|1
|-boost|p2a: Iron Valiant|spd|1
|
|upkeep
|turn|20
|
|t:|1760372175
|move|p2a: Iron Valiant|Calm Mind|p2a: Iron Valiant
|-boost|p2a: Iron Valiant|spa|1
|-boost|p2a: Iron Valiant|spd|1
|move|p1a: LARDLOFT|Flash Cannon|p2a: Iron Valiant
|-supereffective|p2a: Iron Valiant
|-damage|p2a: Iron Valiant|56/100
|
|upkeep
|turn|21
|
|t:|1760372188
|-terastallize|p2a: Iron Valiant|Steel
|move|p2a: Iron Valiant|Calm Mind|p2a: Iron Valiant
|-boost|p2a: Iron Valiant|spa|1
|-boost|p2a: Iron Valiant|spd|1
|move|p1a: LARDLOFT|Flash Cannon|p2a: Iron Valiant
|-resisted|p2a: Iron Valiant
|-crit|p2a: Iron Valiant
|-damage|p2a: Iron Valiant|28/100
|-unboost|p2a: Iron Valiant|spd|1
|
|upkeep
|turn|22
|
|t:|1760372197
|move|p2a: Iron Valiant|Shadow Ball|p1a: LARDLOFT
|-supereffective|p1a: LARDLOFT
|-damage|p1a: LARDLOFT|19/100
|move|p1a: LARDLOFT|Body Press|p2a: Iron Valiant
|-supereffective|p2a: Iron Valiant
|-damage|p2a: Iron Valiant|0 fnt
|faint|p2a: Iron Valiant
|-end|p2a: Iron Valiant|Quark Drive|[silent]
|
|-heal|p1a: LARDLOFT|26/100|[from] item: Leftovers
|upkeep
|c|☆samandsling|lardloft supremacy
|inactive|iLuckBot has 60 seconds left.
|
|t:|1760372219
|switch|p2a: Landorus|Landorus-Therian, M|100/100
|-ability|p2a: Landorus|Intimidate|boost
|-unboost|p1a: LARDLOFT|atk|1
|turn|23
|
|t:|1760372226
|switch|p1a: TRISH-LIKE FISH|Alomomola, F|100/100
|move|p2a: Landorus|Crunch|p1a: TRISH-LIKE FISH
|-damage|p1a: TRISH-LIKE FISH|77/100
|
|upkeep
|turn|24
|
|t:|1760372237
|move|p2a: Landorus|Crunch|p1a: TRISH-LIKE FISH
|-damage|p1a: TRISH-LIKE FISH|54/100
|move|p1a: TRISH-LIKE FISH|Wish|p1a: TRISH-LIKE FISH
|
|upkeep
|turn|25
|
|t:|1760372241
|move|p2a: Landorus|Crunch|p1a: TRISH-LIKE FISH
|-crit|p1a: TRISH-LIKE FISH
|-damage|p1a: TRISH-LIKE FISH|18/100
|-unboost|p1a: TRISH-LIKE FISH|def|1
|move|p1a: TRISH-LIKE FISH|Flip Turn|p2a: Landorus
|-supereffective|p2a: Landorus
|-damage|p2a: Landorus|64/100
|
|t:|1760372244
|switch|p1a: LARDLOFT|Bronzong, shiny|26/100|[from] Flip Turn
|
|-heal|p1a: LARDLOFT|100/100|[from] move: Wish|[wisher] TRISH-LIKE FISH
|upkeep
|turn|26
|inactive|iLuckBot has 90 seconds left.
|
|t:|1760372252
|switch|p1a: TRISH-LIKE FISH|Alomomola, F|51/100
|move|p2a: Landorus|Crunch|p1a: TRISH-LIKE FISH
|-damage|p1a: TRISH-LIKE FISH|27/100
|
|upkeep
|turn|27
|
|t:|1760372259
|switch|p1a: Goodra|Goodra-Hisui, M|100/100
|move|p2a: Landorus|Crunch|p1a: Goodra
|-damage|p1a: Goodra|60/100
|
|upkeep
|turn|28
|
|t:|1760372263
|switch|p1a: TRISH-LIKE FISH|Alomomola, F|60/100
|move|p2a: Landorus|Crunch|p1a: TRISH-LIKE FISH
|-damage|p1a: TRISH-LIKE FISH|36/100
|-unboost|p1a: TRISH-LIKE FISH|def|1
|
|upkeep
|turn|29
|
|t:|1760372270
|switch|p1a: LARDLOFT|Bronzong, shiny|100/100
|move|p2a: Landorus|Crunch|p1a: LARDLOFT
|-supereffective|p1a: LARDLOFT
|-damage|p1a: LARDLOFT|16/100
|
|-heal|p1a: LARDLOFT|23/100|[from] item: Leftovers
|upkeep
|turn|30
|inactive|iLuckBot has 120 seconds left.
|c|☆iLuckBot|keep switching
|c|☆iLuckBot|pls
|c|☆iLuckBot|bozo
|
|t:|1760372295
|switch|p1a: TRISH-LIKE FISH|Alomomola, F|70/100
|move|p2a: Landorus|Crunch|p1a: TRISH-LIKE FISH
|-damage|p1a: TRISH-LIKE FISH|47/100
|
|upkeep
|turn|31
|
|t:|1760372300
|move|p2a: Landorus|Crunch|p1a: TRISH-LIKE FISH
|-damage|p1a: TRISH-LIKE FISH|23/100
|move|p1a: TRISH-LIKE FISH|Wish|p1a: TRISH-LIKE FISH
|
|upkeep
|turn|32
|c|☆samandsling|i will yayayya
|
|t:|1760372313
|move|p1a: TRISH-LIKE FISH|Protect|p1a: TRISH-LIKE FISH
|-singleturn|p1a: TRISH-LIKE FISH|Protect
|move|p2a: Landorus|Crunch|p1a: TRISH-LIKE FISH
|-activate|p1a: TRISH-LIKE FISH|move: Protect
|
|-heal|p1a: TRISH-LIKE FISH|73/100|[from] move: Wish|[wisher] TRISH-LIKE FISH
|upkeep
|turn|33
|
|t:|1760372321
|move|p2a: Landorus|Crunch|p1a: TRISH-LIKE FISH
|-damage|p1a: TRISH-LIKE FISH|50/100
|move|p1a: TRISH-LIKE FISH|Wish|p1a: TRISH-LIKE FISH
|
|upkeep
|turn|34
|
|t:|1760372328
|move|p2a: Landorus|Crunch|p1a: TRISH-LIKE FISH
|-damage|p1a: TRISH-LIKE FISH|26/100
|-unboost|p1a: TRISH-LIKE FISH|def|1
|move|p1a: TRISH-LIKE FISH|Flip Turn|p2a: Landorus
|-supereffective|p2a: Landorus
|-damage|p2a: Landorus|24/100
|
|t:|1760372330
|switch|p1a: LARDLOFT|Bronzong, shiny|23/100|[from] Flip Turn
|
|-heal|p1a: LARDLOFT|100/100|[from] move: Wish|[wisher] TRISH-LIKE FISH
|upkeep
|turn|35
|
|t:|1760372339
|switch|p1a: TRISH-LIKE FISH|Alomomola, F|60/100
|move|p2a: Landorus|Crunch|p1a: TRISH-LIKE FISH
|-damage|p1a: TRISH-LIKE FISH|37/100
|
|upkeep
|turn|36
|
|t:|1760372346
|move|p2a: Landorus|Crunch|p1a: TRISH-LIKE FISH
|-damage|p1a: TRISH-LIKE FISH|11/100
|move|p1a: TRISH-LIKE FISH|Wish|p1a: TRISH-LIKE FISH
|
|upkeep
|turn|37
|c|☆samandsling|if i got goobed by lardloft +3 id be calling ppl bozos too cant front
|inactive|samandsling has 120 seconds left.
|
|t:|1760372378
|switch|p2a: Dragonite|Dragonite, F, shiny|100/100
|move|p1a: TRISH-LIKE FISH|Protect||[still]
|-fail|p1a: TRISH-LIKE FISH
|
|-heal|p1a: TRISH-LIKE FISH|61/100|[from] move: Wish|[wisher] TRISH-LIKE FISH
|upkeep
|turn|38
|inactive|iLuckBot has 120 seconds left.
|
|t:|1760372412
|move|p2a: Dragonite|Dragon Dance|p2a: Dragonite
|-boost|p2a: Dragonite|atk|1
|-boost|p2a: Dragonite|spe|1
|move|p1a: TRISH-LIKE FISH|Flip Turn|p2a: Dragonite
|-resisted|p2a: Dragonite
|-damage|p2a: Dragonite|96/100
|
|t:|1760372414
|switch|p1a: Goodra|Goodra-Hisui, M|60/100|[from] Flip Turn
|
|upkeep
|turn|39
|inactive|iLuckBot has 120 seconds left.
|
|t:|1760372432
|move|p2a: Dragonite|Earthquake|p1a: Goodra
|-supereffective|p1a: Goodra
|-damage|p1a: Goodra|0 fnt
|faint|p1a: Goodra
|
|upkeep
|
|t:|1760372436
|switch|p1a: LARDLOFT|Bronzong, shiny|100/100
|turn|40
|
|t:|1760372441
|move|p2a: Dragonite|Dragon Dance|p2a: Dragonite
|-boost|p2a: Dragonite|atk|1
|-boost|p2a: Dragonite|spe|1
|move|p1a: LARDLOFT|Iron Defense|p1a: LARDLOFT
|-boost|p1a: LARDLOFT|def|2
|
|upkeep
|turn|41
|
|t:|1760372449
|move|p2a: Dragonite|Earthquake|p1a: LARDLOFT
|-immune|p1a: LARDLOFT|[from] ability: Levitate
|move|p1a: LARDLOFT|Iron Defense|p1a: LARDLOFT
|-boost|p1a: LARDLOFT|def|2
|
|upkeep
|turn|42
|
|t:|1760372462
|move|p2a: Dragonite|Dragon Dance|p2a: Dragonite
|-boost|p2a: Dragonite|atk|1
|-boost|p2a: Dragonite|spe|1
|move|p1a: LARDLOFT|Iron Defense|p1a: LARDLOFT
|-boost|p1a: LARDLOFT|def|2
|
|upkeep
|turn|43
|c|☆samandsling|oo and it doesnt end
|
|t:|1760372468
|move|p2a: Dragonite|Dragon Dance|p2a: Dragonite
|-boost|p2a: Dragonite|atk|1
|-boost|p2a: Dragonite|spe|1
|move|p1a: LARDLOFT|Body Press|p2a: Dragonite
|-resisted|p2a: Dragonite
|-damage|p2a: Dragonite|49/100
|
|upkeep
|turn|44
|
|t:|1760372484
|move|p2a: Dragonite|Extreme Speed|p1a: LARDLOFT
|-resisted|p1a: LARDLOFT
|-damage|p1a: LARDLOFT|91/100
|move|p1a: LARDLOFT|Body Press|p2a: Dragonite
|-resisted|p2a: Dragonite
|-damage|p2a: Dragonite|1/100
|
|-heal|p1a: LARDLOFT|97/100|[from] item: Leftovers
|upkeep
|turn|45
|
|t:|1760372494
|move|p2a: Dragonite|Ice Spinner|p1a: LARDLOFT
|-resisted|p1a: LARDLOFT
|-damage|p1a: LARDLOFT|88/100
|move|p1a: LARDLOFT|Stealth Rock|p2a: Dragonite
|-sidestart|p2: iLuckBot|move: Stealth Rock
|
|-heal|p1a: LARDLOFT|94/100|[from] item: Leftovers
|upkeep
|turn|46
|
|t:|1760372501
|move|p2a: Dragonite|Ice Spinner|p1a: LARDLOFT
|-resisted|p1a: LARDLOFT
|-damage|p1a: LARDLOFT|84/100
|move|p1a: LARDLOFT|Body Press|p2a: Dragonite
|-resisted|p2a: Dragonite
|-damage|p2a: Dragonite|0 fnt
|faint|p2a: Dragonite
|
|-heal|p1a: LARDLOFT|90/100|[from] item: Leftovers
|upkeep
|
|t:|1760372510
|switch|p2a: Great Tusk|Great Tusk|100/100
|-damage|p2a: Great Tusk|98/100|[from] Stealth Rock
|-enditem|p2a: Great Tusk|Booster Energy
|-activate|p2a: Great Tusk|ability: Protosynthesis|[fromitem]
|-start|p2a: Great Tusk|protosynthesisdef
|turn|47
|
|t:|1760372516
|move|p2a: Great Tusk|Knock Off|p1a: LARDLOFT
|-supereffective|p1a: LARDLOFT
|-damage|p1a: LARDLOFT|78/100
|-enditem|p1a: LARDLOFT|Leftovers|[from] move: Knock Off|[of] p2a: Great Tusk
|move|p1a: LARDLOFT|Body Press|p2a: Great Tusk
|-damage|p2a: Great Tusk|67/100
|
|upkeep
|turn|48
|
|t:|1760372523
|move|p2a: Great Tusk|Bulk Up|p2a: Great Tusk
|-boost|p2a: Great Tusk|atk|1
|-boost|p2a: Great Tusk|def|1
|move|p1a: LARDLOFT|Body Press|p2a: Great Tusk
|-damage|p2a: Great Tusk|48/100
|
|upkeep
|turn|49
|
|t:|1760372529
|move|p2a: Great Tusk|Bulk Up|p2a: Great Tusk
|-boost|p2a: Great Tusk|atk|1
|-boost|p2a: Great Tusk|def|1
|move|p1a: LARDLOFT|Body Press|p2a: Great Tusk
|-damage|p2a: Great Tusk|33/100
|
|upkeep
|turn|50
|
|t:|1760372536
|move|p2a: Great Tusk|Knock Off|p1a: LARDLOFT
|-supereffective|p1a: LARDLOFT
|-damage|p1a: LARDLOFT|62/100
|move|p1a: LARDLOFT|Body Press|p2a: Great Tusk
|-damage|p2a: Great Tusk|17/100
|
|upkeep
|turn|51
|
|t:|1760372541
|move|p2a: Great Tusk|Knock Off|p1a: LARDLOFT
|-supereffective|p1a: LARDLOFT
|-damage|p1a: LARDLOFT|43/100
|move|p1a: LARDLOFT|Body Press|p2a: Great Tusk
|-damage|p2a: Great Tusk|3/100
|
|upkeep
|turn|52
|c|☆samandsling|gg
|c|☆samandsling|so glad i switched
|inactive|iLuckBot has 120 seconds left.
|inactive|iLuckBot has 90 seconds left.
|inactive|iLuckBot has 60 seconds left.
|inactive|iLuckBot has 30 seconds left.
|inactive|iLuckBot has 20 seconds left.
|inactive|iLuckBot has 15 seconds left.
|inactive|iLuckBot has 10 seconds left.
|
|t:|1760372682
|move|p2a: Great Tusk|Knock Off|p1a: LARDLOFT
|-supereffective|p1a: LARDLOFT
|-damage|p1a: LARDLOFT|27/100
|move|p1a: LARDLOFT|Body Press|p2a: Great Tusk
|-damage|p2a: Great Tusk|0 fnt
|faint|p2a: Great Tusk
|-end|p2a: Great Tusk|Protosynthesis|[silent]
|
|upkeep
|inactive|iLuckBot has 15 seconds left this turn.
|inactive|iLuckBot has 10 seconds left.
|
|t:|1760372688
|switch|p2a: Landorus|Landorus-Therian, M|24/100
|-damage|p2a: Landorus|12/100|[from] Stealth Rock
|-ability|p2a: Landorus|Intimidate|boost
|-unboost|p1a: LARDLOFT|atk|1
|turn|53
|inactive|iLuckBot has 20 seconds left this turn.
|inactive|iLuckBot has 15 seconds left.
|
|t:|1760372698
|move|p2a: Landorus|Crunch|p1a: LARDLOFT
|-supereffective|p1a: LARDLOFT
|-damage|p1a: LARDLOFT|8/100
|move|p1a: LARDLOFT|Flash Cannon|p2a: Landorus
|-damage|p2a: Landorus|0 fnt
|faint|p2a: Landorus
|
|win|samandsling
|raw|samandsling's rating: 1224 &rarr; <strong>1250</strong><br />(+26 for winning)
|raw|iLuckBot's rating: 1240 &rarr; <strong>1214</strong><br />(-26 for losing)
|l|☆iLuckBot
|player|p2|
|c|☆samandsling|LARDLOFT
