|j|☆antzinmypantz
|j|☆kosmossssss
|t:|1760315037
|gametype|singles
|player|p1|antzinmypantz|169|1112
|player|p2|kosmossssss|1|1103
|gen|9
|tier|[Gen 9] OU
|rated|
|rule|HP Percentage Mod: HP is shown in percentages
|rule|Endless Battle Clause: Forcing endless battles is banned
|rule|Species Clause: Limit one of each Pokémon
|rule|OHKO Clause: OHKO moves are banned
|rule|Evasion Items Clause: Evasion items are banned
|rule|Evasion Moves Clause: Evasion moves are banned
|rule|Evasion Abilities Clause: Evasion abilities are banned
|rule|Sleep Moves Clause: Sleep-inducing moves are banned
|clearpoke
|poke|p1|Wigglytuff, M|
|poke|p1|Lilligant-Hisui, F|
|poke|p1|Empoleon, M|
|poke|p1|Latias, F|
|poke|p1|Skeledirge, M|
|poke|p1|Mamoswine, M|
|poke|p2|Ceruledge, F|
|poke|p2|Darkrai|
|poke|p2|Gholdengo|
|poke|p2|Corviknight, F|
|poke|p2|Dondozo, F|
|poke|p2|Zapdos|
|teampreview
|inactive|Battle timer is ON: inactive players will automatically lose when time's up. (requested by kosmossssss)
|
|t:|1760315044
|teamsize|p1|6
|teamsize|p2|6
|start
|switch|p1a: Mamoswine|Mamoswine, M|100/100
|switch|p2a: Ceruledge|Ceruledge, F|100/100
|turn|1
|
|t:|1760315053
|move|p2a: Ceruledge|Swords Dance|p2a: Ceruledge
|-boost|p2a: Ceruledge|atk|2
|move|p1a: Mamoswine|Earthquake|p2a: Ceruledge
|-supereffective|p2a: Ceruledge
|-enditem|p2a: Ceruledge|Focus Sash
|-damage|p2a: Ceruledge|1/100
|-ability|p2a: Ceruledge|Weak Armor|boost
|-unboost|p2a: Ceruledge|def|1
|-boost|p2a: Ceruledge|spe|2
|
|upkeep
|turn|2
|
|t:|1760315066
|move|p2a: Ceruledge|Shadow Sneak|p1a: Mamoswine
|-damage|p1a: Mamoswine|56/100
|move|p1a: Mamoswine|Ice Shard|p2a: Ceruledge
|-resisted|p2a: Ceruledge
|-damage|p2a: Ceruledge|0 fnt
|faint|p2a: Ceruledge
|
|upkeep
|
|t:|1760315071
|switch|p2a: Gholdengo|Gholdengo|100/100
|turn|3
|
|t:|1760315077
|move|p2a: Gholdengo|Flash Cannon|p1a: Mamoswine
|-supereffective|p1a: Mamoswine
|-damage|p1a: Mamoswine|0 fnt
|faint|p1a: Mamoswine
|
|upkeep
|
|t:|1760315080
|switch|p1a: Skeledirge|Skeledirge, M|100/100
|turn|4
|
|t:|1760315086
|switch|p2a: Dondozo|Dondozo, F|100/100
|move|p1a: Skeledirge|Torch Song|p2a: Dondozo
|-resisted|p2a: Dondozo
|-damage|p2a: Dondozo|86/100
|-boost|p1a: Skeledirge|spa|1
|
|-heal|p2a: Dondozo|93/100|[from] item: Leftovers
|upkeep
|turn|5
|
|t:|1760315100
|move|p1a: Skeledirge|Will-O-Wisp|p2a: Dondozo
|-status|p2a: Dondozo|brn
|move|p2a: Dondozo|Waterfall|p1a: Skeledirge
|-supereffective|p1a: Skeledirge
|-damage|p1a: Skeledirge|79/100
|
|-heal|p2a: Dondozo|99/100 brn|[from] item: Leftovers
|-damage|p2a: Dondozo|93/100 brn|[from] brn
|upkeep
|turn|6
|
|t:|1760315111
|move|p1a: Skeledirge|Hex|p2a: Dondozo
|-damage|p2a: Dondozo|47/100 brn
|move|p2a: Dondozo|Rest|p2a: Dondozo
|-status|p2a: Dondozo|slp|[from] move: Rest
|-heal|p2a: Dondozo|100/100 slp|[silent]
|
|upkeep
|turn|7
|
|t:|1760315121
|move|p1a: Skeledirge|Hex|p2a: Dondozo
|-damage|p2a: Dondozo|56/100 slp
|cant|p2a: Dondozo|slp
|move|p2a: Dondozo|Sleep Talk|p2a: Dondozo
|move|p2a: Dondozo|Rest||[from] move: Sleep Talk|[still]
|-fail|p2a: Dondozo
|
|-heal|p2a: Dondozo|62/100 slp|[from] item: Leftovers
|upkeep
|turn|8
|
|t:|1760315133
|switch|p2a: Darkrai|Darkrai|100/100
|move|p1a: Skeledirge|Hex|p2a: Darkrai
|-resisted|p2a: Darkrai
|-damage|p2a: Darkrai|77/100
|
|upkeep
|turn|9
|
|t:|1760315143
|switch|p1a: Wigglytuff|Wigglytuff, M|100/100
|move|p2a: Darkrai|Nasty Plot|p2a: Darkrai
|-boost|p2a: Darkrai|spa|2
|
|upkeep
|turn|10
|
|t:|1760315156
|switch|p1a: Empoleon|Empoleon, M|100/100
|move|p2a: Darkrai|Psychic|p1a: Empoleon
|-resisted|p1a: Empoleon
|-damage|p1a: Empoleon|55/100
|-damage|p2a: Darkrai|67/100|[from] item: Life Orb
|
|upkeep
|turn|11
|
|t:|1760315164
|move|p1a: Empoleon|Endure|p1a: Empoleon
|-singleturn|p1a: Empoleon|move: Endure
|move|p2a: Darkrai|Dark Pulse|p1a: Empoleon
|-activate|p1a: Empoleon|move: Endure
|-damage|p1a: Empoleon|1/100
|-enditem|p1a: Empoleon|Petaya Berry|[eat]
|-boost|p1a: Empoleon|spa|1|[from] item: Petaya Berry
|-damage|p2a: Darkrai|57/100|[from] item: Life Orb
|
|upkeep
|turn|12
|
|t:|1760315174
|move|p1a: Empoleon|Endure||[still]
|-fail|p1a: Empoleon
|move|p2a: Darkrai|Dark Pulse|p1a: Empoleon
|-damage|p1a: Empoleon|0 fnt
|faint|p1a: Empoleon
|-damage|p2a: Darkrai|47/100|[from] item: Life Orb
|
|upkeep
|
|t:|1760315179
|switch|p1a: Latias|Latias, F|100/100
|turn|13
|
|t:|1760315185
|move|p1a: Latias|Aura Sphere|p2a: Darkrai
|-supereffective|p2a: Darkrai
|-damage|p2a: Darkrai|0 fnt
|faint|p2a: Darkrai
|
|upkeep
|
|t:|1760315190
|switch|p2a: Gholdengo|Gholdengo|100/100
|turn|14
|
|t:|1760315196
|switch|p1a: Wigglytuff|Wigglytuff, M|100/100
|move|p2a: Gholdengo|Shadow Ball|p1a: Wigglytuff
|-immune|p1a: Wigglytuff
|
|upkeep
|turn|15
|
|t:|1760315204
|switch|p2a: Zapdos|Zapdos|100/100
|move|p1a: Wigglytuff|Flamethrower|p2a: Zapdos
|-damage|p2a: Zapdos|84/100
|
|upkeep
|turn|16
|
|t:|1760315212
|move|p2a: Zapdos|Thunder Wave|p1a: Wigglytuff
|-status|p1a: Wigglytuff|par
|move|p1a: Wigglytuff|Ice Beam|p2a: Zapdos
|-supereffective|p2a: Zapdos
|-damage|p2a: Zapdos|39/100
|
|upkeep
|turn|17
|
|t:|1760315225
|switch|p2a: Dondozo|Dondozo, F|62/100 slp
|move|p1a: Wigglytuff|Psychic Noise|p2a: Dondozo
|-damage|p2a: Dondozo|42/100 slp
|-start|p2a: Dondozo|move: Heal Block
|
|upkeep
|turn|18
|
|t:|1760315242
|cant|p2a: Dondozo|slp
|move|p1a: Wigglytuff|Thunderbolt|p2a: Dondozo
|-supereffective|p2a: Dondozo
|-damage|p2a: Dondozo|0 fnt
|faint|p2a: Dondozo
|
|upkeep
|
|t:|1760315247
|switch|p2a: Zapdos|Zapdos|39/100
|turn|19
|
|t:|1760315253
|move|p2a: Zapdos|Light Screen|p2a: Zapdos
|-sidestart|p2: kosmossssss|move: Light Screen
|move|p1a: Wigglytuff|Psychic Noise|p2a: Zapdos
|-damage|p2a: Zapdos|32/100
|-start|p2a: Zapdos|move: Heal Block
|
|upkeep
|turn|20
|
|t:|1760315263
|switch|p1a: Lilligant|Lilligant-Hisui, F|100/100
|move|p2a: Zapdos|Thunderbolt|p1a: Lilligant
|-resisted|p1a: Lilligant
|-damage|p1a: Lilligant|71/100
|
|-end|p2a: Zapdos|move: Heal Block
|upkeep
|turn|21
|
|t:|1760315272
|move|p1a: Lilligant|Victory Dance|p1a: Lilligant
|-boost|p1a: Lilligant|atk|1
|-boost|p1a: Lilligant|def|1
|-boost|p1a: Lilligant|spe|1
|move|p2a: Zapdos|U-turn|p1a: Lilligant
|-damage|p1a: Lilligant|59/100
|
|t:|1760315280
|switch|p2a: Gholdengo|Gholdengo|100/100|[from] U-turn
|
|upkeep
|turn|22
|
|t:|1760315288
|move|p1a: Lilligant|Leaf Blade|p2a: Gholdengo|[miss]
|-miss|p1a: Lilligant|p2a: Gholdengo
|move|p2a: Gholdengo|Dazzling Gleam|p1a: Lilligant
|-supereffective|p1a: Lilligant
|-damage|p1a: Lilligant|0 fnt
|faint|p1a: Lilligant
|
|upkeep
|
|t:|1760315293
|switch|p1a: Skeledirge|Skeledirge, M|79/100
|turn|23
|
|t:|1760315299
|switch|p2a: Zapdos|Zapdos|32/100
|move|p1a: Skeledirge|Torch Song|p2a: Zapdos
|-damage|p2a: Zapdos|22/100
|-boost|p1a: Skeledirge|spa|1
|
|-sideend|p2: kosmossssss|move: Light Screen
|upkeep
|turn|24
|
|t:|1760315311
|move|p2a: Zapdos|Thunder Wave|p1a: Skeledirge
|-status|p1a: Skeledirge|par
|move|p1a: Skeledirge|Torch Song|p2a: Zapdos
|-damage|p2a: Zapdos|0 fnt
|-boost|p1a: Skeledirge|spa|1
|faint|p2a: Zapdos
|
|upkeep
|
|t:|1760315318
|switch|p2a: Gholdengo|Gholdengo|100/100
|turn|25
|
|t:|1760315324
|switch|p1a: Wigglytuff|Wigglytuff, M|100/100 par
|move|p2a: Gholdengo|Focus Blast|p1a: Wigglytuff|[miss]
|-miss|p2a: Gholdengo|p1a: Wigglytuff
|
|upkeep
|turn|26
|
|t:|1760315330
|switch|p2a: Corviknight|Corviknight, F|100/100
|-ability|p2a: Corviknight|Pressure
|move|p1a: Wigglytuff|Flamethrower|p2a: Corviknight
|-supereffective|p2a: Corviknight
|-damage|p2a: Corviknight|37/100
|-status|p2a: Corviknight|brn
|
|-damage|p2a: Corviknight|31/100 brn|[from] brn
|upkeep
|turn|27
|-message|kosmossssss forfeited.
|
|win|antzinmypantz
|raw|antzinmypantz's rating: 1112 &rarr; <strong>1136</strong><br />(+24 for winning)
|raw|kosmossssss's rating: 1103 &rarr; <strong>1079</strong><br />(-24 for losing)
|l|☆kosmossssss
|player|p2|
|l|☆antzinmypantz
|player|p1|
