|j|☆joshuaphang
|j|☆Christendom
|t:|1760314355
|gametype|singles
|player|p1|joshuaphang|170|1549
|player|p2|Christendom|ninjaboy|1610
|gen|9
|tier|[Gen 9] OU
|rated|
|rule|HP Percentage Mod: HP is shown in percentages
|rule|Endless Battle Clause: Forcing endless battles is banned
|rule|Species Clause: Limit one of each Pokémon
|rule|OHKO Clause: OHKO moves are banned
|rule|Evasion Items Clause: Evasion items are banned
|rule|Evasion Moves Clause: Evasion moves are banned
|rule|Evasion Abilities Clause: Evasion abilities are banned
|rule|Sleep Moves Clause: Sleep-inducing moves are banned
|clearpoke
|poke|p1|Skeledirge, M|
|poke|p1|Ogerpon-Wellspring, F|
|poke|p1|Dragapult, M|
|poke|p1|Weezing-Galar, M|
|poke|p1|Ting-Lu|
|poke|p1|Corviknight, F|
|poke|p2|Dragonite, F|
|poke|p2|Zamazenta-*|
|poke|p2|Landorus-Therian, M|
|poke|p2|Gholdengo|
|poke|p2|Darkrai|
|poke|p2|Hatterene, F|
|teampreview
|inactive|Battle timer is ON: inactive players will automatically lose when time's up. (requested by Christendom)
|inactive|joshuaphang has 120 seconds left.
|
|t:|1760314405
|teamsize|p1|6
|teamsize|p2|6
|start
|switch|p1a: Ogerpon|Ogerpon-Wellspring, F|100/100
|switch|p2a: Darkrai|Darkrai|100/100
|turn|1
|
|t:|1760314422
|move|p2a: Darkrai|Will-O-Wisp|p1a: Ogerpon|[miss]
|-miss|p2a: Darkrai|p1a: Ogerpon
|move|p1a: Ogerpon|Knock Off|p2a: Darkrai
|-resisted|p2a: Darkrai
|-damage|p2a: Darkrai|81/100
|-enditem|p2a: Darkrai|Heavy-Duty Boots|[from] move: Knock Off|[of] p1a: Ogerpon
|
|upkeep
|turn|2
|
|t:|1760314432
|switch|p1a: Weezing|Weezing-Galar, M|100/100
|-ability|p1a: Weezing|Neutralizing Gas
|move|p2a: Darkrai|Will-O-Wisp|p1a: Weezing
|-status|p1a: Weezing|brn
|
|-damage|p1a: Weezing|95/100 brn|[from] brn
|upkeep
|turn|3
|
|t:|1760314445
|switch|p2a: Gholdengo|Gholdengo|100/100
|move|p1a: Weezing|Will-O-Wisp|p2a: Gholdengo
|-status|p2a: Gholdengo|brn
|
|-damage|p2a: Gholdengo|94/100 brn|[from] brn
|-damage|p1a: Weezing|89/100 brn|[from] brn
|upkeep
|turn|4
|
|t:|1760314465
|-end|p1a: Weezing|ability: Neutralizing Gas
|switch|p1a: Ting-Lu|Ting-Lu, shiny|100/100
|-ability|p1a: Ting-Lu|Vessel of Ruin
|move|p2a: Gholdengo|Make It Rain|p1a: Ting-Lu
|-damage|p1a: Ting-Lu|68/100
|-unboost|p2a: Gholdengo|spa|1
|
|-heal|p1a: Ting-Lu|75/100|[from] item: Leftovers
|-damage|p2a: Gholdengo|88/100 brn|[from] brn
|upkeep
|turn|5
|j| theviolator3000
|
|t:|1760314475
|switch|p2a: Landorus|Landorus-Therian, M|100/100
|-ability|p2a: Landorus|Intimidate|boost
|-unboost|p1a: Ting-Lu|atk|1
|move|p1a: Ting-Lu|Earthquake|p2a: Landorus
|-immune|p2a: Landorus
|
|-heal|p1a: Ting-Lu|81/100|[from] item: Leftovers
|upkeep
|turn|6
|
|t:|1760314481
|move|p2a: Landorus|U-turn|p1a: Ting-Lu
|-supereffective|p1a: Ting-Lu
|-damage|p1a: Ting-Lu|55/100
|
|t:|1760314483
|switch|p2a: Hatterene|Hatterene, F|100/100|[from] U-turn
|move|p1a: Ting-Lu|Stealth Rock|p2a: Hatterene
|move|p2a: Hatterene|Stealth Rock|p1a: Ting-Lu|[from] ability: Magic Bounce
|-sidestart|p1: joshuaphang|move: Stealth Rock
|
|-heal|p1a: Ting-Lu|62/100|[from] item: Leftovers
|upkeep
|turn|7
|
|t:|1760314498
|move|p1a: Ting-Lu|Rest|p1a: Ting-Lu
|-status|p1a: Ting-Lu|slp|[from] move: Rest
|-heal|p1a: Ting-Lu|100/100 slp|[silent]
|move|p2a: Hatterene|Draining Kiss|p1a: Ting-Lu
|-supereffective|p1a: Ting-Lu
|-damage|p1a: Ting-Lu|79/100 slp
|
|-heal|p1a: Ting-Lu|86/100 slp|[from] item: Leftovers
|upkeep
|turn|8
|
|t:|1760314511
|switch|p2a: Landorus|Landorus-Therian, M|100/100
|-ability|p2a: Landorus|Intimidate|boost
|-unboost|p1a: Ting-Lu|atk|1
|cant|p1a: Ting-Lu|slp
|
|-heal|p1a: Ting-Lu|92/100 slp|[from] item: Leftovers
|upkeep
|turn|9
|
|t:|1760314515
|switch|p1a: Corviknight|Corviknight, F|100/100
|-damage|p1a: Corviknight|88/100|[from] Stealth Rock
|-ability|p1a: Corviknight|Pressure
|move|p2a: Landorus|U-turn|p1a: Corviknight
|-resisted|p1a: Corviknight
|-damage|p1a: Corviknight|85/100
|-damage|p2a: Landorus|84/100|[from] item: Rocky Helmet|[of] p1a: Corviknight
|
|t:|1760314522
|switch|p2a: Gholdengo|Gholdengo|88/100 brn|[from] U-turn
|
|-damage|p2a: Gholdengo|82/100 brn|[from] brn
|upkeep
|turn|10
|
|t:|1760314532
|switch|p1a: Ting-Lu|Ting-Lu, shiny|92/100 slp
|-damage|p1a: Ting-Lu|86/100 slp|[from] Stealth Rock
|-ability|p1a: Ting-Lu|Vessel of Ruin
|move|p2a: Gholdengo|Thunderbolt|p1a: Ting-Lu
|-immune|p1a: Ting-Lu
|
|-heal|p1a: Ting-Lu|92/100 slp|[from] item: Leftovers
|-damage|p2a: Gholdengo|76/100 brn|[from] brn
|upkeep
|turn|11
|
|t:|1760314539
|switch|p2a: Hatterene|Hatterene, F|100/100
|cant|p1a: Ting-Lu|slp
|
|-heal|p1a: Ting-Lu|98/100 slp|[from] item: Leftovers
|upkeep
|turn|12
|
|t:|1760314546
|-curestatus|p1a: Ting-Lu|slp|[msg]
|move|p1a: Ting-Lu|Throat Chop|p2a: Hatterene
|-damage|p2a: Hatterene|64/100
|-start|p2a: Hatterene|Throat Chop|[silent]
|move|p2a: Hatterene|Draining Kiss|p1a: Ting-Lu
|-supereffective|p1a: Ting-Lu
|-damage|p1a: Ting-Lu|74/100
|-heal|p2a: Hatterene|93/100|[from] drain|[of] p1a: Ting-Lu
|
|-heal|p1a: Ting-Lu|81/100|[from] item: Leftovers
|upkeep
|turn|13
|
|t:|1760314561
|switch|p2a: Landorus|Landorus-Therian, M|84/100
|-ability|p2a: Landorus|Intimidate|boost
|-unboost|p1a: Ting-Lu|atk|1
|move|p1a: Ting-Lu|Earthquake|p2a: Landorus
|-immune|p2a: Landorus
|
|-heal|p1a: Ting-Lu|87/100|[from] item: Leftovers
|upkeep
|turn|14
|
|t:|1760314569
|switch|p1a: Corviknight|Corviknight, F|85/100
|-damage|p1a: Corviknight|72/100|[from] Stealth Rock
|-ability|p1a: Corviknight|Pressure
|move|p2a: Landorus|U-turn|p1a: Corviknight
|-resisted|p1a: Corviknight
|-damage|p1a: Corviknight|69/100
|-damage|p2a: Landorus|67/100|[from] item: Rocky Helmet|[of] p1a: Corviknight
|
|t:|1760314573
|switch|p2a: Gholdengo|Gholdengo|76/100 brn|[from] U-turn
|
|-damage|p2a: Gholdengo|70/100 brn|[from] brn
|upkeep
|turn|15
|
|t:|1760314581
|switch|p1a: Ting-Lu|Ting-Lu, shiny|87/100
|-damage|p1a: Ting-Lu|81/100|[from] Stealth Rock
|-ability|p1a: Ting-Lu|Vessel of Ruin
|move|p2a: Gholdengo|Nasty Plot|p2a: Gholdengo
|-boost|p2a: Gholdengo|spa|2
|
|-heal|p1a: Ting-Lu|87/100|[from] item: Leftovers
|-damage|p2a: Gholdengo|64/100 brn|[from] brn
|upkeep
|turn|16
|
|t:|1760314588
|switch|p2a: Landorus|Landorus-Therian, M|67/100
|-ability|p2a: Landorus|Intimidate|boost
|-unboost|p1a: Ting-Lu|atk|1
|move|p1a: Ting-Lu|Earthquake|p2a: Landorus
|-immune|p2a: Landorus
|
|-heal|p1a: Ting-Lu|93/100|[from] item: Leftovers
|upkeep
|turn|17
|
|t:|1760314594
|switch|p2a: Hatterene|Hatterene, F|93/100
|switch|p1a: Corviknight|Corviknight, F|69/100
|-damage|p1a: Corviknight|57/100|[from] Stealth Rock
|-ability|p1a: Corviknight|Pressure
|
|upkeep
|turn|18
|
|t:|1760314597
|move|p1a: Corviknight|Roost|p1a: Corviknight
|-heal|p1a: Corviknight|100/100
|-singleturn|p1a: Corviknight|move: Roost
|move|p2a: Hatterene|Mystical Fire|p1a: Corviknight
|-supereffective|p1a: Corviknight
|-damage|p1a: Corviknight|48/100
|-unboost|p1a: Corviknight|spa|1
|
|upkeep
|turn|19
|
|t:|1760314605
|move|p1a: Corviknight|U-turn|p2a: Hatterene
|-damage|p2a: Hatterene|76/100
|
|t:|1760314613
|switch|p1a: Ting-Lu|Ting-Lu, shiny|93/100|[from] U-turn
|-damage|p1a: Ting-Lu|87/100|[from] Stealth Rock
|-ability|p1a: Ting-Lu|Vessel of Ruin
|move|p2a: Hatterene|Mystical Fire|p1a: Ting-Lu
|-damage|p1a: Ting-Lu|77/100
|-unboost|p1a: Ting-Lu|spa|1
|
|-heal|p1a: Ting-Lu|83/100|[from] item: Leftovers
|upkeep
|turn|20
|
|t:|1760314619
|move|p1a: Ting-Lu|Stealth Rock|p2a: Hatterene
|move|p2a: Hatterene|Stealth Rock||[from] ability: Magic Bounce|[still]
|-fail|p2a: Hatterene
|move|p2a: Hatterene|Draining Kiss|p1a: Ting-Lu
|-supereffective|p1a: Ting-Lu
|-damage|p1a: Ting-Lu|61/100
|-heal|p2a: Hatterene|100/100|[from] drain|[of] p1a: Ting-Lu
|
|-heal|p1a: Ting-Lu|67/100|[from] item: Leftovers
|upkeep
|turn|21
|
|t:|1760314624
|move|p1a: Ting-Lu|Stealth Rock|p2a: Hatterene
|move|p2a: Hatterene|Stealth Rock||[from] ability: Magic Bounce|[still]
|-fail|p2a: Hatterene
|move|p2a: Hatterene|Draining Kiss|p1a: Ting-Lu
|-supereffective|p1a: Ting-Lu
|-damage|p1a: Ting-Lu|47/100
|
|-heal|p1a: Ting-Lu|53/100|[from] item: Leftovers
|upkeep
|turn|22
|
|t:|1760314629
|move|p1a: Ting-Lu|Rest|p1a: Ting-Lu
|-status|p1a: Ting-Lu|slp|[from] move: Rest
|-heal|p1a: Ting-Lu|100/100 slp|[silent]
|move|p2a: Hatterene|Draining Kiss|p1a: Ting-Lu
|-supereffective|p1a: Ting-Lu
|-damage|p1a: Ting-Lu|79/100 slp
|
|-heal|p1a: Ting-Lu|86/100 slp|[from] item: Leftovers
|upkeep
|turn|23
|
|t:|1760314637
|switch|p2a: Zamazenta|Zamazenta|100/100
|-ability|p2a: Zamazenta|Dauntless Shield|boost
|-boost|p2a: Zamazenta|def|1
|cant|p1a: Ting-Lu|slp
|
|-heal|p1a: Ting-Lu|92/100 slp|[from] item: Leftovers
|upkeep
|turn|24
|
|t:|1760314654
|switch|p1a: Skeledirge|Skeledirge, M|100/100
|move|p2a: Zamazenta|Body Press|p1a: Skeledirge
|-immune|p1a: Skeledirge
|
|upkeep
|turn|25
|
|t:|1760314661
|switch|p2a: Landorus|Landorus-Therian, M|67/100
|-ability|p2a: Landorus|Intimidate|boost
|-unboost|p1a: Skeledirge|atk|1
|move|p1a: Skeledirge|Will-O-Wisp|p2a: Landorus
|-status|p2a: Landorus|brn
|
|-damage|p2a: Landorus|61/100 brn|[from] brn
|upkeep
|turn|26
|
|t:|1760314673
|switch|p1a: Corviknight|Corviknight, F|48/100
|-damage|p1a: Corviknight|35/100|[from] Stealth Rock
|-ability|p1a: Corviknight|Pressure
|move|p2a: Landorus|Earthquake|p1a: Corviknight
|-immune|p1a: Corviknight
|
|-damage|p2a: Landorus|55/100 brn|[from] brn
|upkeep
|turn|27
|
|t:|1760314677
|move|p2a: Landorus|Taunt|p1a: Corviknight
|-start|p1a: Corviknight|move: Taunt
|cant|p1a: Corviknight|move: Taunt|Roost
|
|-damage|p2a: Landorus|49/100 brn|[from] brn
|upkeep
|turn|28
|
|t:|1760314685
|move|p2a: Landorus|Earthquake|p1a: Corviknight
|-immune|p1a: Corviknight
|move|p1a: Corviknight|U-turn|p2a: Landorus
|-resisted|p2a: Landorus
|-damage|p2a: Landorus|42/100 brn
|-damage|p1a: Corviknight|19/100|[from] item: Rocky Helmet|[of] p2a: Landorus
|
|t:|1760314703
|switch|p1a: Ogerpon|Ogerpon-Wellspring, F|100/100|[from] U-turn
|-damage|p1a: Ogerpon|88/100|[from] Stealth Rock
|
|-damage|p2a: Landorus|36/100 brn|[from] brn
|upkeep
|turn|29
|
|t:|1760314711
|move|p1a: Ogerpon|Knock Off|p2a: Landorus
|-damage|p2a: Landorus|7/100 brn
|-damage|p1a: Ogerpon|72/100|[from] item: Rocky Helmet|[of] p2a: Landorus
|-enditem|p2a: Landorus|Rocky Helmet|[from] move: Knock Off|[of] p1a: Ogerpon
|move|p2a: Landorus|U-turn|p1a: Ogerpon
|-supereffective|p1a: Ogerpon
|-damage|p1a: Ogerpon|47/100
|
|t:|1760314714
|switch|p2a: Darkrai|Darkrai|81/100|[from] U-turn
|
|upkeep
|turn|30
|
|t:|1760314720
|switch|p1a: Weezing|Weezing-Galar, M|89/100 brn
|-ability|p1a: Weezing|Neutralizing Gas
|move|p2a: Darkrai|Ice Beam|p1a: Weezing
|-damage|p1a: Weezing|50/100 brn
|
|-damage|p1a: Weezing|45/100 brn|[from] brn
|upkeep
|turn|31
|
|t:|1760314727
|move|p2a: Darkrai|Taunt|p1a: Weezing
|-start|p1a: Weezing|move: Taunt
|cant|p1a: Weezing|move: Taunt|Defog
|
|-damage|p1a: Weezing|39/100 brn|[from] brn
|upkeep
|turn|32
|
|t:|1760314735
|switch|p2a: Gholdengo|Gholdengo|64/100 brn
|move|p1a: Weezing|Sludge Bomb|p2a: Gholdengo
|-immune|p2a: Gholdengo
|
|-damage|p2a: Gholdengo|58/100 brn|[from] brn
|-damage|p1a: Weezing|33/100 brn|[from] brn
|upkeep
|turn|33
|
|t:|1760314757
|-end|p1a: Weezing|ability: Neutralizing Gas
|switch|p1a: Dragapult|Dragapult, M|100/100
|-damage|p1a: Dragapult|88/100|[from] Stealth Rock
|move|p2a: Gholdengo|Recover|p2a: Gholdengo
|-heal|p2a: Gholdengo|100/100 brn
|
|-damage|p2a: Gholdengo|94/100 brn|[from] brn
|upkeep
|turn|34
|inactive|joshuaphang has 120 seconds left.
|
|t:|1760314780
|switch|p2a: Landorus|Landorus-Therian, M|7/100 brn
|-ability|p2a: Landorus|Intimidate|boost
|-fail|p1a: Dragapult|unboost|[from] ability: Clear Body|[of] p1a: Dragapult
|move|p1a: Dragapult|Shadow Ball|p2a: Landorus
|-damage|p2a: Landorus|0 fnt
|faint|p2a: Landorus
|
|upkeep
|
|t:|1760314789
|switch|p2a: Darkrai|Darkrai|81/100
|turn|35
|
|t:|1760314800
|switch|p1a: Ting-Lu|Ting-Lu, shiny|92/100 slp
|-damage|p1a: Ting-Lu|86/100 slp|[from] Stealth Rock
|-ability|p1a: Ting-Lu|Vessel of Ruin
|move|p2a: Darkrai|Ice Beam|p1a: Ting-Lu
|-supereffective|p1a: Ting-Lu
|-damage|p1a: Ting-Lu|60/100 slp
|
|-heal|p1a: Ting-Lu|67/100 slp|[from] item: Leftovers
|-damage|p1a: Ting-Lu|54/100 slp|[from] ability: Bad Dreams|[of] p2a: Darkrai
|upkeep
|turn|36
|
|t:|1760314807
|move|p2a: Darkrai|Ice Beam|p1a: Ting-Lu
|-supereffective|p1a: Ting-Lu
|-damage|p1a: Ting-Lu|31/100 slp
|cant|p1a: Ting-Lu|slp
|
|-heal|p1a: Ting-Lu|37/100 slp|[from] item: Leftovers
|-damage|p1a: Ting-Lu|25/100 slp|[from] ability: Bad Dreams|[of] p2a: Darkrai
|upkeep
|turn|37
|
|t:|1760314816
|move|p2a: Darkrai|Ice Beam|p1a: Ting-Lu
|-supereffective|p1a: Ting-Lu
|-damage|p1a: Ting-Lu|1/100 slp
|-curestatus|p1a: Ting-Lu|slp|[msg]
|move|p1a: Ting-Lu|Rest|p1a: Ting-Lu
|-status|p1a: Ting-Lu|slp|[from] move: Rest
|-heal|p1a: Ting-Lu|100/100 slp|[silent]
|
|-damage|p1a: Ting-Lu|88/100 slp|[from] ability: Bad Dreams|[of] p2a: Darkrai
|upkeep
|turn|38
|
|t:|1760314831
|switch|p1a: Skeledirge|Skeledirge, M|100/100
|move|p2a: Darkrai|Ice Beam|p1a: Skeledirge
|-resisted|p1a: Skeledirge
|-damage|p1a: Skeledirge|90/100
|
|upkeep
|turn|39
|
|t:|1760314844
|move|p2a: Darkrai|Dark Pulse|p1a: Skeledirge
|-supereffective|p1a: Skeledirge
|-damage|p1a: Skeledirge|36/100
|move|p1a: Skeledirge|Will-O-Wisp|p2a: Darkrai|[miss]
|-miss|p1a: Skeledirge|p2a: Darkrai
|
|upkeep
|turn|40
|inactive|joshuaphang has 120 seconds left.
|
|t:|1760314867
|switch|p1a: Weezing|Weezing-Galar, M|33/100 brn
|-ability|p1a: Weezing|Neutralizing Gas
|move|p2a: Darkrai|Dark Pulse|p1a: Weezing
|-resisted|p1a: Weezing
|-damage|p1a: Weezing|4/100 brn
|
|-damage|p1a: Weezing|0 fnt|[from] brn
|faint|p1a: Weezing
|-end|p1a: Weezing|ability: Neutralizing Gas
|upkeep
|inactive|joshuaphang has 120 seconds left.
|
|t:|1760314898
|switch|p1a: Dragapult|Dragapult, M|88/100
|-damage|p1a: Dragapult|76/100|[from] Stealth Rock
|turn|41
|
|t:|1760314906
|switch|p2a: Hatterene|Hatterene, F|100/100
|move|p1a: Dragapult|U-turn|p2a: Hatterene
|-damage|p2a: Hatterene|80/100
|
|t:|1760314920
|switch|p1a: Skeledirge|Skeledirge, M|36/100|[from] U-turn
|
|upkeep
|turn|42
|
|t:|1760314924
|move|p1a: Skeledirge|Slack Off|p1a: Skeledirge
|-heal|p1a: Skeledirge|86/100
|move|p2a: Hatterene|Psychic Noise|p1a: Skeledirge
|-crit|p1a: Skeledirge
|-damage|p1a: Skeledirge|42/100
|-start|p1a: Skeledirge|move: Heal Block
|
|upkeep
|turn|43
|
|t:|1760314935
|move|p1a: Skeledirge|Torch Song|p2a: Hatterene
|-damage|p2a: Hatterene|59/100
|-boost|p1a: Skeledirge|spa|1
|move|p2a: Hatterene|Psychic Noise|p1a: Skeledirge
|-damage|p1a: Skeledirge|13/100
|
|-end|p1a: Skeledirge|move: Heal Block
|upkeep
|turn|44
|
|t:|1760314954
|switch|p2a: Darkrai|Darkrai|81/100
|move|p1a: Skeledirge|Slack Off|p1a: Skeledirge
|-heal|p1a: Skeledirge|63/100
|
|upkeep
|turn|45
|j| Nikator98
|l| Nikator98
|inactive|joshuaphang has 90 seconds left.
|
|t:|1760314981
|-terastallize|p1a: Skeledirge|Dark
|move|p2a: Darkrai|Dark Pulse|p1a: Skeledirge
|-resisted|p1a: Skeledirge
|-damage|p1a: Skeledirge|49/100
|move|p1a: Skeledirge|Torch Song|p2a: Darkrai
|-damage|p2a: Darkrai|26/100
|-boost|p1a: Skeledirge|spa|1
|
|upkeep
|turn|46
|inactive|joshuaphang has 90 seconds left.
|
|t:|1760315000
|move|p2a: Darkrai|Taunt|p1a: Skeledirge
|-start|p1a: Skeledirge|move: Taunt
|cant|p1a: Skeledirge|move: Taunt|Slack Off
|
|upkeep
|turn|47
|
|t:|1760315008
|move|p2a: Darkrai|Ice Beam|p1a: Skeledirge
|-damage|p1a: Skeledirge|28/100
|move|p1a: Skeledirge|Torch Song|p2a: Darkrai
|-damage|p2a: Darkrai|0 fnt
|-boost|p1a: Skeledirge|spa|1
|faint|p2a: Darkrai
|
|upkeep
|
|t:|1760315018
|switch|p2a: Zamazenta|Zamazenta|100/100
|turn|48
|
|t:|1760315024
|switch|p1a: Corviknight|Corviknight, F|19/100
|-damage|p1a: Corviknight|6/100|[from] Stealth Rock
|-ability|p1a: Corviknight|Pressure
|move|p2a: Zamazenta|Body Press|p1a: Corviknight
|-damage|p1a: Corviknight|0 fnt
|-damage|p2a: Zamazenta|84/100|[from] item: Rocky Helmet|[of] p1a: Corviknight
|faint|p1a: Corviknight
|
|-heal|p2a: Zamazenta|90/100|[from] item: Leftovers
|upkeep
|inactive|joshuaphang has 90 seconds left.
|inactive|joshuaphang has 60 seconds left.
|
|t:|1760315072
|switch|p1a: Dragapult|Dragapult, M|76/100
|-damage|p1a: Dragapult|64/100|[from] Stealth Rock
|turn|49
|inactive|joshuaphang has 60 seconds left.
|
|t:|1760315084
|move|p1a: Dragapult|Shadow Ball|p2a: Zamazenta
|-damage|p2a: Zamazenta|45/100
|move|p2a: Zamazenta|Crunch|p1a: Dragapult
|-supereffective|p1a: Dragapult
|-damage|p1a: Dragapult|6/100
|
|-heal|p2a: Zamazenta|52/100|[from] item: Leftovers
|upkeep
|turn|50
|
|t:|1760315091
|move|p1a: Dragapult|Shadow Ball|p2a: Zamazenta
|-damage|p2a: Zamazenta|0 fnt
|faint|p2a: Zamazenta
|
|upkeep
|
|t:|1760315105
|switch|p2a: Dragonite|Dragonite, F|100/100
|turn|51
|
|t:|1760315109
|move|p1a: Dragapult|Shadow Ball|p2a: Dragonite
|-damage|p2a: Dragonite|74/100
|move|p2a: Dragonite|Dragon Dance|p2a: Dragonite
|-boost|p2a: Dragonite|atk|1
|-boost|p2a: Dragonite|spe|1
|
|upkeep
|turn|52
|
|t:|1760315117
|move|p2a: Dragonite|Earthquake|p1a: Dragapult
|-damage|p1a: Dragapult|0 fnt
|faint|p1a: Dragapult
|
|upkeep
|inactive|joshuaphang has 90 seconds left.
|
|t:|1760315124
|switch|p1a: Skeledirge|Skeledirge, M, tera:Dark|28/100
|turn|53
|
|t:|1760315127
|-terastallize|p2a: Dragonite|Flying
|move|p2a: Dragonite|Tera Blast|p1a: Skeledirge|[anim] Tera Blast Flying
|-damage|p1a: Skeledirge|0 fnt
|faint|p1a: Skeledirge
|
|upkeep
|
|t:|1760315133
|switch|p1a: Ting-Lu|Ting-Lu, shiny|88/100 slp
|-damage|p1a: Ting-Lu|82/100 slp|[from] Stealth Rock
|-ability|p1a: Ting-Lu|Vessel of Ruin
|turn|54
|
|t:|1760315141
|move|p2a: Dragonite|Tera Blast|p1a: Ting-Lu|[anim] Tera Blast Flying
|-damage|p1a: Ting-Lu|38/100 slp
|cant|p1a: Ting-Lu|slp
|
|-heal|p1a: Ting-Lu|44/100 slp|[from] item: Leftovers
|upkeep
|turn|55
|
|t:|1760315145
|move|p2a: Dragonite|Tera Blast|p1a: Ting-Lu|[anim] Tera Blast Flying
|-damage|p1a: Ting-Lu|1/100 slp
|cant|p1a: Ting-Lu|slp
|
|-heal|p1a: Ting-Lu|7/100 slp|[from] item: Leftovers
|upkeep
|turn|56
|
|t:|1760315150
|move|p2a: Dragonite|Tera Blast|p1a: Ting-Lu|[anim] Tera Blast Flying
|-damage|p1a: Ting-Lu|0 fnt
|faint|p1a: Ting-Lu
|
|upkeep
|
|t:|1760315153
|switch|p1a: Ogerpon|Ogerpon-Wellspring, F|47/100
|-damage|p1a: Ogerpon|35/100|[from] Stealth Rock
|turn|57
|
|t:|1760315158
|move|p2a: Dragonite|Tera Blast|p1a: Ogerpon|[anim] Tera Blast Flying
|-supereffective|p1a: Ogerpon
|-damage|p1a: Ogerpon|0 fnt
|faint|p1a: Ogerpon
|
|win|Christendom
|raw|joshuaphang's rating: 1549 &rarr; <strong>1532</strong><br />(-17 for losing)
|raw|Christendom's rating: 1610 &rarr; <strong>1627</strong><br />(+17 for winning)
|l|☆joshuaphang
|player|p1|
