|j|☆Varen21
|j|☆Brigadi25
|t:|1760314464
|gametype|singles
|player|p1|Varen21|265|1352
|player|p2|Brigadi25|bugcatcher-gen4dp|1344
|gen|9
|tier|[Gen 9] OU
|rated|
|rule|HP Percentage Mod: HP is shown in percentages
|rule|Endless Battle Clause: Forcing endless battles is banned
|rule|Species Clause: Limit one of each Pokémon
|rule|OHKO Clause: OHKO moves are banned
|rule|Evasion Items Clause: Evasion items are banned
|rule|Evasion Moves Clause: Evasion moves are banned
|rule|Evasion Abilities Clause: Evasion abilities are banned
|rule|Sleep Moves Clause: Sleep-inducing moves are banned
|clearpoke
|poke|p1|Kyurem|
|poke|p1|Slowking, M|
|poke|p1|Ursaluna, F|
|poke|p1|Excadrill, F|
|poke|p1|Kingambit, M|
|poke|p1|Zapdos|
|poke|p2|Ribombee, M|
|poke|p2|Ogerpon-Wellspring, F|
|poke|p2|Tornadus-Therian, M|
|poke|p2|Goodra, F|
|poke|p2|Iron Crown|
|poke|p2|Kleavor, M|
|teampreview
|inactive|Battle timer is ON: inactive players will automatically lose when time's up. (requested by Brigadi25)
|
|t:|1760314479
|teamsize|p1|6
|teamsize|p2|6
|start
|switch|p1a: Excadrill|Excadrill, F|100/100
|switch|p2a: Kleavor|Kleavor, M|100/100
|-ability|p1a: Excadrill|Mold Breaker
|turn|1
|
|t:|1760314504
|move|p2a: Kleavor|U-turn|p1a: Excadrill
|-resisted|p1a: Excadrill
|-damage|p1a: Excadrill|74/100
|
|t:|1760314507
|switch|p2a: Tornadus|Tornadus-Therian, M|100/100|[from] U-turn
|move|p1a: Excadrill|Stealth Rock|p2a: Tornadus
|-sidestart|p2: Brigadi25|move: Stealth Rock
|
|upkeep
|turn|2
|
|t:|1760314529
|move|p2a: Tornadus|Heat Wave|p1a: Excadrill
|-supereffective|p1a: Excadrill
|-damage|p1a: Excadrill|11/100
|move|p1a: Excadrill|Iron Head|p2a: Tornadus
|-damage|p2a: Tornadus|56/100
|
|upkeep
|turn|3
|
|t:|1760314537
|switch|p1a: Slowking|Slowking, M|100/100
|move|p2a: Tornadus|U-turn|p1a: Slowking
|-supereffective|p1a: Slowking
|-damage|p1a: Slowking|77/100
|
|t:|1760314549
|switch|p2a: Ogerpon|Ogerpon-Wellspring, F|100/100|[from] U-turn
|-damage|p2a: Ogerpon|88/100|[from] Stealth Rock
|
|upkeep
|turn|4
|
|t:|1760314558
|-terastallize|p1a: Slowking|Bug
|move|p2a: Ogerpon|Knock Off|p1a: Slowking
|-damage|p1a: Slowking|49/100
|-enditem|p1a: Slowking|Icy Rock|[from] move: Knock Off|[of] p2a: Ogerpon
|move|p1a: Slowking|Trick Room|p1a: Slowking
|-fieldstart|move: Trick Room|[of] p1a: Slowking
|
|upkeep
|turn|5
|
|t:|1760314583
|-prepare|p1a: Slowking|Chilly Reception|[premajor]
|move|p1a: Slowking|Chilly Reception|p1a: Slowking
|-weather|Snowscape
|
|t:|1760314589
|switch|p1a: Kyurem|Kyurem|100/100|[from] Chilly Reception
|-ability|p1a: Kyurem|Pressure
|move|p2a: Ogerpon|Encore||[still]
|-fail|p2a: Ogerpon
|
|-weather|Snowscape|[upkeep]
|upkeep
|turn|6
|
|t:|1760314603
|switch|p2a: Iron Crown|Iron Crown|100/100
|-damage|p2a: Iron Crown|94/100|[from] Stealth Rock
|-enditem|p2a: Iron Crown|Booster Energy
|-activate|p2a: Iron Crown|ability: Quark Drive|[fromitem]
|-start|p2a: Iron Crown|quarkdrivespe
|move|p1a: Kyurem|Blizzard|p2a: Iron Crown
|-resisted|p2a: Iron Crown
|-damage|p2a: Iron Crown|62/100
|
|-weather|Snowscape|[upkeep]
|upkeep
|turn|7
|
|t:|1760314617
|move|p1a: Kyurem|Earth Power|p2a: Iron Crown
|-supereffective|p2a: Iron Crown
|-damage|p2a: Iron Crown|2/100
|move|p2a: Iron Crown|Tachyon Cutter|p1a: Kyurem
|-supereffective|p1a: Kyurem
|-damage|p1a: Kyurem|73/100
|-supereffective|p1a: Kyurem
|-damage|p1a: Kyurem|48/100
|-hitcount|p1a: Kyurem|2
|
|-weather|Snowscape|[upkeep]
|upkeep
|turn|8
|
|t:|1760314628
|move|p1a: Kyurem|Blizzard|p2a: Iron Crown
|-resisted|p2a: Iron Crown
|-damage|p2a: Iron Crown|0 fnt
|faint|p2a: Iron Crown
|-end|p2a: Iron Crown|Quark Drive|[silent]
|
|-weather|Snowscape|[upkeep]
|-fieldend|move: Trick Room
|upkeep
|
|t:|1760314642
|switch|p2a: Kleavor|Kleavor, M|100/100
|-damage|p2a: Kleavor|76/100|[from] Stealth Rock
|turn|9
|
|t:|1760314646
|move|p2a: Kleavor|Stone Axe|p1a: Kyurem
|-supereffective|p1a: Kyurem
|-damage|p1a: Kyurem|0 fnt
|-sidestart|p1: Varen21|move: Stealth Rock
|faint|p1a: Kyurem
|
|-weather|none
|upkeep
|
|t:|1760314651
|switch|p1a: Excadrill|Excadrill, F|11/100
|-damage|p1a: Excadrill|8/100|[from] Stealth Rock
|-ability|p1a: Excadrill|Mold Breaker
|turn|10
|
|t:|1760314662
|move|p2a: Kleavor|Stone Axe|p1a: Excadrill
|-resisted|p1a: Excadrill
|-damage|p1a: Excadrill|0 fnt
|faint|p1a: Excadrill
|
|upkeep
|
|t:|1760314667
|switch|p1a: Slowking|Slowking, M, tera:Bug|82/100
|-damage|p1a: Slowking|57/100|[from] Stealth Rock
|turn|11
|
|t:|1760314671
|move|p2a: Kleavor|Stone Axe|p1a: Slowking
|-supereffective|p1a: Slowking
|-damage|p1a: Slowking|0 fnt
|faint|p1a: Slowking
|
|upkeep
|
|t:|1760314676
|switch|p1a: Kingambit|Kingambit, M|100/100
|-damage|p1a: Kingambit|94/100|[from] Stealth Rock
|-activate|p1a: Kingambit|ability: Supreme Overlord
|-start|p1a: Kingambit|fallen3|[silent]
|turn|12
|
|t:|1760314687
|switch|p2a: Ogerpon|Ogerpon-Wellspring, F|88/100
|-damage|p2a: Ogerpon|76/100|[from] Stealth Rock
|move|p1a: Kingambit|Iron Head|p2a: Ogerpon
|-resisted|p2a: Ogerpon
|-damage|p2a: Ogerpon|33/100
|
|-heal|p1a: Kingambit|100/100|[from] item: Leftovers
|upkeep
|turn|13
|
|t:|1760314697
|move|p2a: Ogerpon|Encore|p1a: Kingambit
|-start|p1a: Kingambit|Encore
|move|p1a: Kingambit|Iron Head|p2a: Ogerpon
|-resisted|p2a: Ogerpon
|-damage|p2a: Ogerpon|0 fnt
|faint|p2a: Ogerpon
|
|upkeep
|
|t:|1760314717
|switch|p2a: Tornadus|Tornadus-Therian, M|89/100
|turn|14
|
|t:|1760314721
|-terastallize|p2a: Tornadus|Fire
|move|p2a: Tornadus|Heat Wave|p1a: Kingambit
|-supereffective|p1a: Kingambit
|-damage|p1a: Kingambit|32/100
|move|p1a: Kingambit|Iron Head|p2a: Tornadus
|-resisted|p2a: Tornadus
|-damage|p2a: Tornadus|55/100
|
|-heal|p1a: Kingambit|38/100|[from] item: Leftovers
|upkeep
|turn|15
|
|t:|1760314730
|-end|p1a: Kingambit|fallen3|[silent]
|switch|p1a: Zapdos|Zapdos|100/100
|-damage|p1a: Zapdos|75/100|[from] Stealth Rock
|move|p2a: Tornadus|Heat Wave|p1a: Zapdos
|-damage|p1a: Zapdos|40/100
|
|-heal|p1a: Zapdos|47/100|[from] item: Leftovers
|upkeep
|turn|16
|
|t:|1760314746
|switch|p2a: Goodra|Goodra, F|100/100
|-damage|p2a: Goodra|88/100|[from] Stealth Rock
|move|p1a: Zapdos|Roost|p1a: Zapdos
|-heal|p1a: Zapdos|97/100
|-singleturn|p1a: Zapdos|move: Roost
|
|-heal|p1a: Zapdos|100/100|[from] item: Leftovers
|upkeep
|turn|17
|
|t:|1760314756
|move|p2a: Goodra|Scald|p1a: Zapdos
|-damage|p1a: Zapdos|78/100
|-status|p1a: Zapdos|brn
|move|p1a: Zapdos|Volt Switch|p2a: Goodra
|-resisted|p2a: Goodra
|-damage|p2a: Goodra|81/100
|
|t:|1760314759
|switch|p1a: Ursaluna|Ursaluna, F|100/100|[from] Volt Switch
|-damage|p1a: Ursaluna|94/100|[from] Stealth Rock
|
|-status|p1a: Ursaluna|brn|[from] item: Flame Orb
|upkeep
|turn|18
|
|t:|1760314783
|move|p2a: Goodra|Scald|p1a: Ursaluna
|-supereffective|p1a: Ursaluna
|-damage|p1a: Ursaluna|55/100 brn
|move|p1a: Ursaluna|Facade|p2a: Goodra
|-damage|p2a: Goodra|0 fnt
|faint|p2a: Goodra
|
|-damage|p1a: Ursaluna|48/100 brn|[from] brn
|upkeep
|
|t:|1760314796
|switch|p2a: Kleavor|Kleavor, M|76/100
|-damage|p2a: Kleavor|51/100|[from] Stealth Rock
|turn|19
|
|t:|1760314801
|move|p2a: Kleavor|Close Combat|p1a: Ursaluna
|-supereffective|p1a: Ursaluna
|-damage|p1a: Ursaluna|0 fnt
|-unboost|p2a: Kleavor|def|1
|-unboost|p2a: Kleavor|spd|1
|faint|p1a: Ursaluna
|
|upkeep
|
|t:|1760314806
|switch|p1a: Kingambit|Kingambit, M|38/100
|-damage|p1a: Kingambit|32/100|[from] Stealth Rock
|-activate|p1a: Kingambit|ability: Supreme Overlord
|-start|p1a: Kingambit|fallen4|[silent]
|turn|20
|
|t:|1760314829
|switch|p2a: Tornadus|Tornadus-Therian, M, tera:Fire|88/100
|move|p1a: Kingambit|Sucker Punch||[still]
|-fail|p1a: Kingambit
|
|-heal|p1a: Kingambit|38/100|[from] item: Leftovers
|upkeep
|turn|21
|
|t:|1760314839
|move|p1a: Kingambit|Sucker Punch|p2a: Tornadus
|-damage|p2a: Tornadus|22/100
|move|p2a: Tornadus|Heat Wave|p1a: Kingambit
|-supereffective|p1a: Kingambit
|-damage|p1a: Kingambit|0 fnt
|faint|p1a: Kingambit
|-end|p1a: Kingambit|fallen4|[silent]
|
|upkeep
|
|t:|1760314843
|switch|p1a: Zapdos|Zapdos|78/100 brn
|-damage|p1a: Zapdos|53/100 brn|[from] Stealth Rock
|turn|22
|-message|Varen21 forfeited.
|
|win|Brigadi25
|raw|Varen21's rating: 1352 &rarr; <strong>1332</strong><br />(-20 for losing)
|raw|Brigadi25's rating: 1344 &rarr; <strong>1364</strong><br />(+20 for winning)
|l|☆Varen21
|player|p1|
|l|☆Brigadi25
|player|p2|
