|j|☆john torkoal
|j|☆bpc phantom
|t:|1760398009
|gametype|singles
|player|p1|john torkoal|rosa|1142
|player|p2|bpc phantom|proton|1203
|gen|9
|tier|[Gen 9] OU
|rated|
|rule|HP Percentage Mod: HP is shown in percentages
|rule|Endless Battle Clause: Forcing endless battles is banned
|rule|Species Clause: Limit one of each Pokémon
|rule|OHKO Clause: OHKO moves are banned
|rule|Evasion Items Clause: Evasion items are banned
|rule|Evasion Moves Clause: Evasion moves are banned
|rule|Evasion Abilities Clause: Evasion abilities are banned
|rule|Sleep Moves Clause: Sleep-inducing moves are banned
|clearpoke
|poke|p1|Drifblim, F|
|poke|p1|Iron Valiant|
|poke|p1|Darkrai|
|poke|p1|Primarina, M|
|poke|p1|Kyurem|
|poke|p1|Pecharunt|
|poke|p2|Iron Moth|
|poke|p2|Dusknoir, M|
|poke|p2|Great Tusk|
|poke|p2|Samurott-Hisui, M|
|poke|p2|Milotic, M|
|poke|p2|Thundurus-Therian, M|
|teampreview
|inactive|Battle timer is ON: inactive players will automatically lose when time's up. (requested by bpc phantom)
|
|t:|1760398035
|teamsize|p1|6
|teamsize|p2|6
|start
|switch|p1a: Drifblim|Drifblim, F|100/100
|switch|p2a: Arlong|Samurott-Hisui, M, shiny|100/100
|turn|1
|
|t:|1760398045
|switch|p1a: Primarina|Primarina, M|100/100
|move|p2a: Arlong|Ceaseless Edge|p1a: Primarina|[miss]
|-miss|p2a: Arlong|p1a: Primarina
|
|upkeep
|turn|2
|
|t:|1760398055
|switch|p2a: Shirahoshi|Milotic, M, shiny|100/100
|move|p1a: Primarina|Calm Mind|p1a: Primarina
|-boost|p1a: Primarina|spa|1
|-boost|p1a: Primarina|spd|1
|
|upkeep
|turn|3
|
|t:|1760398066
|move|p2a: Shirahoshi|Flip Turn|p1a: Primarina
|-resisted|p1a: Primarina
|-damage|p1a: Primarina|95/100
|
|t:|1760398078
|switch|p2a: Shpeediry|Thundurus-Therian, M, shiny|100/100|[from] Flip Turn
|move|p1a: Primarina|Draining Kiss|p2a: Shpeediry
|-crit|p2a: Shpeediry
|-damage|p2a: Shpeediry|34/100
|-heal|p1a: Primarina|100/100|[from] drain|[of] p2a: Shpeediry
|
|upkeep
|turn|4
|
|t:|1760398087
|move|p2a: Shpeediry|Thunderbolt|p1a: Primarina
|-supereffective|p1a: Primarina
|-damage|p1a: Primarina|44/100
|move|p1a: Primarina|Draining Kiss|p2a: Shpeediry
|-damage|p2a: Shpeediry|0 fnt
|-heal|p1a: Primarina|66/100|[from] drain|[of] p2a: Shpeediry
|faint|p2a: Shpeediry
|
|-heal|p1a: Primarina|72/100|[from] item: Leftovers
|upkeep
|
|t:|1760398111
|switch|p2a: Dharkon|Dusknoir, M, shiny|100/100
|-item|p1a: Primarina|Leftovers|[from] ability: Frisk|[of] p2a: Dharkon
|turn|5
|
|t:|1760398128
|move|p1a: Primarina|Draining Kiss|p2a: Dharkon
|-damage|p2a: Dharkon|74/100
|-heal|p1a: Primarina|88/100|[from] drain|[of] p2a: Dharkon
|move|p2a: Dharkon|Poltergeist|p1a: Primarina
|-activate|p1a: Primarina|move: Poltergeist|Leftovers
|-crit|p1a: Primarina
|-damage|p1a: Primarina|41/100
|
|-heal|p1a: Primarina|47/100|[from] item: Leftovers
|upkeep
|turn|6
|
|t:|1760398149
|switch|p1a: Darkrai|Darkrai|100/100
|move|p2a: Dharkon|Poltergeist|p1a: Darkrai
|-activate|p1a: Darkrai|move: Poltergeist|Heavy-Duty Boots
|-resisted|p1a: Darkrai
|-damage|p1a: Darkrai|74/100
|
|upkeep
|turn|7
|
|t:|1760398157
|switch|p2a: Calamity|Great Tusk, shiny|100/100
|move|p1a: Darkrai|Ice Beam|p2a: Calamity
|-supereffective|p2a: Calamity
|-damage|p2a: Calamity|13/100
|
|upkeep
|turn|8
|
|t:|1760398166
|-end|p2a: Calamity|Protosynthesis|[silent]
|switch|p2a: Shirahoshi|Milotic, M, shiny|100/100
|move|p1a: Darkrai|Ice Beam|p2a: Shirahoshi
|-resisted|p2a: Shirahoshi
|-crit|p2a: Shirahoshi
|-damage|p2a: Shirahoshi|87/100
|
|upkeep
|turn|9
|
|t:|1760398176
|move|p1a: Darkrai|Dark Pulse|p2a: Shirahoshi
|-damage|p2a: Shirahoshi|61/100
|cant|p2a: Shirahoshi|flinch
|
|upkeep
|turn|10
|
|t:|1760398186
|switch|p1a: Pecharunt|Pecharunt|100/100
|move|p2a: Shirahoshi|Scald|p1a: Pecharunt
|-damage|p1a: Pecharunt|70/100
|
|upkeep
|turn|11
|
|t:|1760398195
|move|p1a: Pecharunt|Parting Shot|p2a: Shirahoshi
|-unboost|p2a: Shirahoshi|atk|1
|-ability|p2a: Shirahoshi|Competitive|boost
|-boost|p2a: Shirahoshi|spa|2
|-unboost|p2a: Shirahoshi|spa|1
|-ability|p2a: Shirahoshi|Competitive|boost
|-boost|p2a: Shirahoshi|spa|2
|
|t:|1760398211
|switch|p1a: Kyurem|Kyurem|100/100|[from] Parting Shot
|-ability|p1a: Kyurem|Pressure
|move|p2a: Shirahoshi|Scald|p1a: Kyurem
|-resisted|p1a: Kyurem
|-damage|p1a: Kyurem|64/100
|-status|p1a: Kyurem|brn
|
|-damage|p1a: Kyurem|58/100 brn|[from] brn
|upkeep
|turn|12
|
|t:|1760398224
|-terastallize|p1a: Kyurem|Ice
|move|p1a: Kyurem|Freeze-Dry|p2a: Shirahoshi
|-supereffective|p2a: Shirahoshi
|-damage|p2a: Shirahoshi|4/100
|move|p2a: Shirahoshi|Dragon Tail|p1a: Kyurem
|-damage|p1a: Kyurem|52/100 brn
|drag|p1a: Pecharunt|Pecharunt|70/100
|
|upkeep
|turn|13
|
|t:|1760398236
|move|p1a: Pecharunt|Shadow Ball|p2a: Shirahoshi
|-damage|p2a: Shirahoshi|0 fnt
|faint|p2a: Shirahoshi
|
|upkeep
|
|t:|1760398242
|switch|p2a: Calamity|Great Tusk, shiny|13/100
|turn|14
|
|t:|1760398253
|move|p2a: Calamity|Headlong Rush|p1a: Pecharunt
|-supereffective|p1a: Pecharunt
|-damage|p1a: Pecharunt|5/100
|-unboost|p2a: Calamity|def|1
|-unboost|p2a: Calamity|spd|1
|move|p1a: Pecharunt|Shadow Ball|p2a: Calamity
|-damage|p2a: Calamity|0 fnt
|faint|p2a: Calamity
|-end|p2a: Calamity|Protosynthesis|[silent]
|
|upkeep
|
|t:|1760398264
|switch|p2a: Arlong|Samurott-Hisui, M, shiny|100/100
|turn|15
|
|t:|1760398270
|switch|p1a: Primarina|Primarina, M|47/100
|move|p2a: Arlong|Ceaseless Edge|p1a: Primarina
|-resisted|p1a: Primarina
|-damage|p1a: Primarina|29/100
|-sidestart|p1: john torkoal|Spikes
|
|-heal|p1a: Primarina|35/100|[from] item: Leftovers
|upkeep
|turn|16
|
|t:|1760398290
|switch|p2a: Dharkon|Dusknoir, M, shiny|74/100
|-item|p1a: Primarina|Leftovers|[from] ability: Frisk|[of] p2a: Dharkon
|move|p1a: Primarina|Draining Kiss|p2a: Dharkon
|-damage|p2a: Dharkon|56/100
|-heal|p1a: Primarina|46/100|[from] drain|[of] p2a: Dharkon
|
|-heal|p1a: Primarina|52/100|[from] item: Leftovers
|upkeep
|turn|17
|
|t:|1760398312
|switch|p1a: Darkrai|Darkrai|74/100
|move|p2a: Dharkon|Will-O-Wisp|p1a: Darkrai
|-status|p1a: Darkrai|brn
|
|-damage|p1a: Darkrai|68/100 brn|[from] brn
|upkeep
|turn|18
|
|t:|1760398323
|switch|p2a: Arlong|Samurott-Hisui, M, shiny|100/100
|move|p1a: Darkrai|Dark Pulse|p2a: Arlong
|-resisted|p2a: Arlong
|-damage|p2a: Arlong|80/100
|
|-damage|p1a: Darkrai|62/100 brn|[from] brn
|upkeep
|turn|19
|
|t:|1760398333
|move|p1a: Darkrai|Will-O-Wisp|p2a: Arlong
|-status|p2a: Arlong|brn
|move|p2a: Arlong|Ceaseless Edge|p1a: Darkrai
|-resisted|p1a: Darkrai
|-damage|p1a: Darkrai|46/100 brn
|-sidestart|p1: john torkoal|Spikes
|
|-damage|p1a: Darkrai|40/100 brn|[from] brn
|-damage|p2a: Arlong|74/100 brn|[from] brn
|upkeep
|turn|20
|
|t:|1760398345
|switch|p1a: Drifblim|Drifblim, F|100/100
|move|p2a: Arlong|Ceaseless Edge|p1a: Drifblim
|-supereffective|p1a: Drifblim
|-damage|p1a: Drifblim|42/100
|-sidestart|p1: john torkoal|Spikes
|
|-damage|p2a: Arlong|68/100 brn|[from] brn
|upkeep
|turn|21
|
|t:|1760398355
|switch|p1a: Iron Valiant|Iron Valiant|100/100
|-damage|p1a: Iron Valiant|76/100|[from] Spikes
|-enditem|p1a: Iron Valiant|Booster Energy
|-activate|p1a: Iron Valiant|ability: Quark Drive|[fromitem]
|-start|p1a: Iron Valiant|quarkdrivespe
|move|p2a: Arlong|Ceaseless Edge|p1a: Iron Valiant|[miss]
|-miss|p2a: Arlong|p1a: Iron Valiant
|
|-damage|p2a: Arlong|61/100 brn|[from] brn
|upkeep
|turn|22
|
|t:|1760398373
|move|p1a: Iron Valiant|Knock Off|p2a: Arlong
|-resisted|p2a: Arlong
|-damage|p2a: Arlong|44/100 brn
|-enditem|p2a: Arlong|Assault Vest|[from] move: Knock Off|[of] p1a: Iron Valiant
|move|p2a: Arlong|Razor Shell|p1a: Iron Valiant
|-damage|p1a: Iron Valiant|41/100
|
|-damage|p2a: Arlong|38/100 brn|[from] brn
|upkeep
|turn|23
|
|t:|1760398385
|move|p1a: Iron Valiant|Close Combat|p2a: Arlong
|-supereffective|p2a: Arlong
|-crit|p2a: Arlong
|-damage|p2a: Arlong|0 fnt
|-unboost|p1a: Iron Valiant|def|1
|-unboost|p1a: Iron Valiant|spd|1
|faint|p2a: Arlong
|
|upkeep
|
|t:|1760398395
|switch|p2a: Dharkon|Dusknoir, M, shiny|56/100
|turn|24
|
|t:|1760398406
|move|p1a: Iron Valiant|Knock Off|p2a: Dharkon
|-supereffective|p2a: Dharkon
|-damage|p2a: Dharkon|18/100
|-enditem|p2a: Dharkon|Sitrus Berry|[from] move: Knock Off|[of] p1a: Iron Valiant
|move|p2a: Dharkon|Poltergeist||[still]
|-fail|p2a: Dharkon
|
|upkeep
|turn|25
|
|t:|1760398415
|move|p1a: Iron Valiant|Moonblast|p2a: Dharkon
|-damage|p2a: Dharkon|0 fnt
|faint|p2a: Dharkon
|
|upkeep
|
|t:|1760398421
|switch|p2a: Iron Pizza|Iron Moth, shiny|100/100
|-enditem|p2a: Iron Pizza|Booster Energy
|-activate|p2a: Iron Pizza|ability: Quark Drive|[fromitem]
|-start|p2a: Iron Pizza|quarkdrivespe
|turn|26
|
|t:|1760398431
|-end|p1a: Iron Valiant|Quark Drive|[silent]
|switch|p1a: Primarina|Primarina, M|52/100
|-damage|p1a: Primarina|27/100|[from] Spikes
|move|p2a: Iron Pizza|Fiery Dance|p1a: Primarina
|-resisted|p1a: Primarina
|-damage|p1a: Primarina|11/100
|
|-heal|p1a: Primarina|17/100|[from] item: Leftovers
|upkeep
|turn|27
|
|t:|1760398441
|move|p2a: Iron Pizza|Energy Ball|p1a: Primarina
|-supereffective|p1a: Primarina
|-damage|p1a: Primarina|0 fnt
|faint|p1a: Primarina
|
|upkeep
|
|t:|1760398444
|switch|p1a: Kyurem|Kyurem, tera:Ice|52/100 brn
|-ability|p1a: Kyurem|Pressure
|turn|28
|
|t:|1760398466
|move|p2a: Iron Pizza|Fiery Dance|p1a: Kyurem
|-supereffective|p1a: Kyurem
|-damage|p1a: Kyurem|0 fnt
|-boost|p2a: Iron Pizza|spa|1
|faint|p1a: Kyurem
|
|upkeep
|
|t:|1760398471
|switch|p1a: Drifblim|Drifblim, F|42/100
|turn|29
|
|t:|1760398481
|move|p2a: Iron Pizza|Fiery Dance|p1a: Drifblim
|-damage|p1a: Drifblim|1/100
|move|p1a: Drifblim|Hex|p2a: Iron Pizza
|-damage|p2a: Iron Pizza|81/100
|
|upkeep
|turn|30
|
|t:|1760398493
|switch|p1a: Pecharunt|Pecharunt|5/100
|move|p2a: Iron Pizza|Fiery Dance|p1a: Pecharunt
|-damage|p1a: Pecharunt|0 fnt
|faint|p1a: Pecharunt
|
|upkeep
|
|t:|1760398496
|switch|p1a: Iron Valiant|Iron Valiant|41/100
|-damage|p1a: Iron Valiant|16/100|[from] Spikes
|turn|31
|
|t:|1760398504
|move|p2a: Iron Pizza|Fiery Dance|p1a: Iron Valiant
|-damage|p1a: Iron Valiant|0 fnt
|-boost|p2a: Iron Pizza|spa|1
|faint|p1a: Iron Valiant
|-end|p1a: Iron Valiant|Quark Drive|[silent]
|
|upkeep
|
|t:|1760398506
|switch|p1a: Darkrai|Darkrai|40/100 brn
|turn|32
|
|t:|1760398516
|-terastallize|p2a: Iron Pizza|Fairy
|move|p2a: Iron Pizza|Dazzling Gleam|p1a: Darkrai
|-supereffective|p1a: Darkrai
|-damage|p1a: Darkrai|0 fnt
|faint|p1a: Darkrai
|
|upkeep
|-message|john torkoal forfeited.
|
|win|bpc phantom
|raw|john torkoal's rating: 1142 &rarr; <strong>1121</strong><br />(-21 for losing)
|raw|bpc phantom's rating: 1203 &rarr; <strong>1224</strong><br />(+21 for winning)
|l|☆john torkoal
|player|p1|
|l|☆bpc phantom
|player|p2|
