|j|☆StarSmilez
|j|☆Yz99999
|t:|1760446907
|gametype|singles
|player|p1|StarSmilez|miku-ghost|1466
|player|p2|Yz99999|102|1495
|gen|9
|tier|[Gen 9] OU
|rated|
|rule|HP Percentage Mod: HP is shown in percentages
|rule|Endless Battle Clause: Forcing endless battles is banned
|rule|Species Clause: Limit one of each Pokémon
|rule|OHKO Clause: OHKO moves are banned
|rule|Evasion Items Clause: Evasion items are banned
|rule|Evasion Moves Clause: Evasion moves are banned
|rule|Evasion Abilities Clause: Evasion abilities are banned
|rule|Sleep Moves Clause: Sleep-inducing moves are banned
|clearpoke
|poke|p1|Torkoal, M|
|poke|p1|Hatterene, F|
|poke|p1|Walking Wake|
|poke|p1|Great Tusk|
|poke|p1|Dragonite, F|
|poke|p1|Cinderace, F|
|poke|p2|Garganacl, F|
|poke|p2|Corviknight, F|
|poke|p2|Great Tusk|
|poke|p2|Scizor, F|
|poke|p2|Raging Bolt|
|poke|p2|Maushold|
|teampreview
|inactive|Battle timer is ON: inactive players will automatically lose when time's up. (requested by StarSmilez)
|
|t:|1760446917
|teamsize|p1|6
|teamsize|p2|6
|start
|switch|p1a: Hotspot|Torkoal, M|100/100
|switch|p2a: Maushold|Maushold|100/100
|-weather|SunnyDay|[from] ability: Drought|[of] p1a: Hotspot
|turn|1
|
|t:|1760446921
|move|p2a: Maushold|Population Bomb|p1a: Hotspot
|-damage|p1a: Hotspot|92/100
|-damage|p1a: Hotspot|83/100
|-damage|p1a: Hotspot|75/100
|-damage|p1a: Hotspot|66/100
|-damage|p1a: Hotspot|57/100
|-damage|p1a: Hotspot|49/100
|-damage|p1a: Hotspot|41/100
|-crit|p1a: Hotspot
|-damage|p1a: Hotspot|30/100
|-damage|p1a: Hotspot|21/100
|-damage|p1a: Hotspot|13/100
|-hitcount|p1a: Hotspot|10
|move|p1a: Hotspot|Will-O-Wisp|p2a: Maushold
|-status|p2a: Maushold|brn
|
|-weather|SunnyDay|[upkeep]
|-damage|p2a: Maushold|94/100 brn|[from] brn
|upkeep
|turn|2
|
|t:|1760446926
|switch|p1a: Tusker|Great Tusk|100/100
|-activate|p1a: Tusker|ability: Protosynthesis
|-start|p1a: Tusker|protosynthesisatk
|move|p2a: Maushold|Population Bomb|p1a: Tusker
|-damage|p1a: Tusker|97/100
|-damage|p1a: Tusker|93/100
|-damage|p1a: Tusker|89/100
|-damage|p1a: Tusker|85/100
|-damage|p1a: Tusker|81/100
|-crit|p1a: Tusker
|-damage|p1a: Tusker|74/100
|-damage|p1a: Tusker|70/100
|-damage|p1a: Tusker|65/100
|-damage|p1a: Tusker|61/100
|-damage|p1a: Tusker|57/100
|-hitcount|p1a: Tusker|10
|
|-weather|SunnyDay|[upkeep]
|-damage|p2a: Maushold|88/100 brn|[from] brn
|upkeep
|turn|3
|
|t:|1760446932
|move|p2a: Maushold|Population Bomb|p1a: Tusker
|-damage|p1a: Tusker|53/100
|-damage|p1a: Tusker|49/100
|-crit|p1a: Tusker
|-damage|p1a: Tusker|43/100
|-damage|p1a: Tusker|39/100
|-damage|p1a: Tusker|35/100
|-damage|p1a: Tusker|31/100
|-damage|p1a: Tusker|27/100
|-hitcount|p1a: Tusker|7
|move|p1a: Tusker|Knock Off|p2a: Maushold
|-damage|p2a: Maushold|14/100 brn
|-enditem|p2a: Maushold|Wide Lens|[from] move: Knock Off|[of] p1a: Tusker
|
|-weather|SunnyDay|[upkeep]
|-damage|p2a: Maushold|8/100 brn|[from] brn
|upkeep
|turn|4
|
|t:|1760446944
|move|p2a: Maushold|Population Bomb|p1a: Tusker
|-damage|p1a: Tusker|23/100
|-damage|p1a: Tusker|19/100
|-damage|p1a: Tusker|15/100
|-damage|p1a: Tusker|10/100
|-damage|p1a: Tusker|6/100
|-damage|p1a: Tusker|2/100
|-damage|p1a: Tusker|0 fnt
|faint|p1a: Tusker
|-end|p1a: Tusker|Protosynthesis|[silent]
|-hitcount|p1: Tusker|7
|
|-weather|SunnyDay|[upkeep]
|-damage|p2a: Maushold|2/100 brn|[from] brn
|upkeep
|
|t:|1760446947
|switch|p1a: Penny|Cinderace, F|100/100
|turn|5
|
|t:|1760446952
|move|p1a: Penny|U-turn|p2a: Maushold
|-start|p1a: Penny|typechange|Bug|[from] ability: Libero
|-damage|p2a: Maushold|0 fnt
|faint|p2a: Maushold
|
|t:|1760446960
|switch|p1a: Moonless|Walking Wake|100/100|[from] U-turn
|-activate|p1a: Moonless|ability: Protosynthesis
|-start|p1a: Moonless|protosynthesisspa
|
|-weather|SunnyDay|[upkeep]
|upkeep
|
|t:|1760446967
|switch|p2a: Garganacl|Garganacl, F|100/100
|turn|6
|
|t:|1760446974
|move|p2a: Garganacl|Protect|p2a: Garganacl
|-singleturn|p2a: Garganacl|Protect
|move|p1a: Moonless|Flip Turn|p2a: Garganacl
|-activate|p2a: Garganacl|move: Protect
|
|-weather|SunnyDay|[upkeep]
|upkeep
|turn|7
|
|t:|1760446978
|move|p1a: Moonless|Hydro Steam|p2a: Garganacl
|-supereffective|p2a: Garganacl
|-damage|p2a: Garganacl|0 fnt
|faint|p2a: Garganacl
|
|-weather|SunnyDay|[upkeep]
|upkeep
|
|t:|1760446981
|switch|p2a: Raging Bolt|Raging Bolt|100/100
|-activate|p2a: Raging Bolt|ability: Protosynthesis
|-start|p2a: Raging Bolt|protosynthesisspa
|turn|8
|
|t:|1760446986
|-terastallize|p2a: Raging Bolt|Fairy
|move|p1a: Moonless|Draco Meteor|p2a: Raging Bolt
|-immune|p2a: Raging Bolt
|move|p2a: Raging Bolt|Thunderbolt|p1a: Moonless
|-damage|p1a: Moonless|0 fnt
|faint|p1a: Moonless
|-end|p1a: Moonless|Protosynthesis|[silent]
|
|-weather|none
|-end|p2a: Raging Bolt|Protosynthesis
|upkeep
|
|t:|1760446997
|switch|p1a: Penny|Cinderace, F|100/100
|turn|9
|
|t:|1760446998
|move|p1a: Penny|Pyro Ball|p2a: Raging Bolt
|-damage|p2a: Raging Bolt|50/100
|move|p2a: Raging Bolt|Thunderbolt|p1a: Penny
|-damage|p1a: Penny|0 fnt
|faint|p1a: Penny
|
|upkeep
|
|t:|1760447002
|switch|p1a: TransRights|Hatterene, F|100/100
|turn|10
|
|t:|1760447008
|-end|p2a: Raging Bolt|Protosynthesis|[silent]
|switch|p2a: Scizor|Scizor, F|100/100
|move|p1a: TransRights|Psyshock|p2a: Scizor
|-resisted|p2a: Scizor
|-damage|p2a: Scizor|75/100
|
|upkeep
|turn|11
|
|t:|1760447013
|-terastallize|p1a: TransRights|Fire
|move|p2a: Scizor|U-turn|p1a: TransRights
|-resisted|p1a: TransRights
|-damage|p1a: TransRights|67/100
|
|t:|1760447018
|switch|p2a: Great Tusk|Great Tusk|100/100|[from] U-turn
|move|p1a: TransRights|Mystical Fire|p2a: Great Tusk
|-damage|p2a: Great Tusk|39/100
|-unboost|p2a: Great Tusk|spa|1
|
|-heal|p1a: TransRights|73/100|[from] item: Leftovers
|upkeep
|turn|12
|
|t:|1760447022
|switch|p1a: Bridget|Dragonite, F|100/100
|move|p2a: Great Tusk|Headlong Rush|p1a: Bridget
|-immune|p1a: Bridget
|
|upkeep
|turn|13
|
|t:|1760447031
|move|p2a: Great Tusk|Ice Spinner|p1a: Bridget
|-supereffective|p1a: Bridget
|-damage|p1a: Bridget|34/100
|move|p1a: Bridget|Earthquake|p2a: Great Tusk
|-damage|p2a: Great Tusk|11/100
|
|upkeep
|turn|14
|
|t:|1760447033
|move|p1a: Bridget|Extreme Speed|p2a: Great Tusk
|-damage|p2a: Great Tusk|0 fnt
|faint|p2a: Great Tusk
|-end|p2a: Great Tusk|Protosynthesis|[silent]
|
|upkeep
|
|t:|1760447036
|switch|p2a: Scizor|Scizor, F|75/100
|turn|15
|
|t:|1760447046
|move|p1a: Bridget|Extreme Speed|p2a: Scizor
|-resisted|p2a: Scizor
|-damage|p2a: Scizor|60/100
|move|p2a: Scizor|U-turn|p1a: Bridget
|-resisted|p1a: Bridget
|-crit|p1a: Bridget
|-damage|p1a: Bridget|0 fnt
|faint|p1a: Bridget
|
|t:|1760447050
|switch|p2a: Raging Bolt|Raging Bolt, tera:Fairy|50/100|[from] U-turn
|
|upkeep
|
|t:|1760447052
|switch|p1a: Hotspot|Torkoal, M|13/100
|-weather|SunnyDay|[from] ability: Drought|[of] p1a: Hotspot
|-activate|p2a: Raging Bolt|ability: Protosynthesis
|-start|p2a: Raging Bolt|protosynthesisspa
|turn|16
|
|t:|1760447056
|move|p2a: Raging Bolt|Thunderbolt|p1a: Hotspot
|-damage|p1a: Hotspot|0 fnt
|faint|p1a: Hotspot
|
|-weather|SunnyDay|[upkeep]
|upkeep
|
|t:|1760447057
|switch|p1a: TransRights|Hatterene, F, tera:Fire|73/100
|turn|17
|
|t:|1760447060
|move|p2a: Raging Bolt|Thunderbolt|p1a: TransRights
|-damage|p1a: TransRights|0 fnt
|faint|p1a: TransRights
|
|win|Yz99999
|raw|StarSmilez's rating: 1466 &rarr; <strong>1448</strong><br />(-18 for losing)
|raw|Yz99999's rating: 1495 &rarr; <strong>1513</strong><br />(+18 for winning)
|l|☆Yz99999
|player|p2|
|l|☆StarSmilez
|player|p1|
