|j|☆12345q
|j|☆ShrimpFood
|t:|1760381385
|gametype|singles
|player|p1|12345q|archer|1097
|player|p2|ShrimpFood|266|1069
|gen|9
|tier|[Gen 9] OU
|rated|
|rule|HP Percentage Mod: HP is shown in percentages
|rule|Endless Battle Clause: Forcing endless battles is banned
|rule|Species Clause: Limit one of each Pokémon
|rule|OHKO Clause: OHKO moves are banned
|rule|Evasion Items Clause: Evasion items are banned
|rule|Evasion Moves Clause: Evasion moves are banned
|rule|Evasion Abilities Clause: Evasion abilities are banned
|rule|Sleep Moves Clause: Sleep-inducing moves are banned
|clearpoke
|poke|p1|Whiscash, F|
|poke|p1|Regice|
|poke|p1|Registeel|
|poke|p1|Regirock|
|poke|p1|Tentacruel, M|
|poke|p1|Torterra, M|
|poke|p2|Samurott-Hisui, F|
|poke|p2|Mandibuzz, F|
|poke|p2|Meowscarada, F|
|poke|p2|Sableye, F|
|poke|p2|Hydreigon, M|
|poke|p2|Kingambit, M|
|teampreview
|inactive|Battle timer is ON: inactive players will automatically lose when time's up. (requested by 12345q)
|
|t:|1760381406
|teamsize|p1|6
|teamsize|p2|6
|start
|switch|p1a: Regirock|Regirock|100/100
|switch|p2a: Samurott|Samurott-Hisui, F, shiny|100/100
|turn|1
|c|☆ShrimpFood|Regice
|c|☆ShrimpFood|thats taste
|
|t:|1760381425
|move|p2a: Samurott|Aqua Cutter|p1a: Regirock
|-supereffective|p1a: Regirock
|-damage|p1a: Regirock|49/100
|-enditem|p1a: Regirock|Weakness Policy
|-boost|p1a: Regirock|atk|2|[from] item: Weakness Policy
|-boost|p1a: Regirock|spa|2|[from] item: Weakness Policy
|move|p1a: Regirock|Explosion|p2a: Samurott
|-enditem|p2a: Samurott|Focus Sash
|-damage|p2a: Samurott|1/100
|faint|p1a: Regirock
|
|upkeep
|
|t:|1760381438
|switch|p1a: Tentacruel|Tentacruel, M|100/100
|-item|p1a: Tentacruel|Air Balloon
|turn|2
|
|t:|1760381446
|move|p2a: Samurott|Aqua Jet|p1a: Tentacruel
|-resisted|p1a: Tentacruel
|-damage|p1a: Tentacruel|85/100
|-enditem|p1a: Tentacruel|Air Balloon
|move|p1a: Tentacruel|Rapid Spin|p2a: Samurott
|-damage|p2a: Samurott|0 fnt
|-boost|p1a: Tentacruel|spe|1
|faint|p2a: Samurott
|
|upkeep
|
|t:|1760381458
|switch|p2a: Hydreigon|Hydreigon, M|100/100
|turn|3
|
|t:|1760381463
|move|p1a: Tentacruel|Ice Beam|p2a: Hydreigon
|-supereffective|p2a: Hydreigon
|-crit|p2a: Hydreigon
|-damage|p2a: Hydreigon|16/100
|move|p2a: Hydreigon|Earth Power|p1a: Tentacruel
|-supereffective|p1a: Tentacruel
|-damage|p1a: Tentacruel|29/100
|
|-heal|p2a: Hydreigon|22/100|[from] item: Leftovers
|upkeep
|turn|4
|
|t:|1760381472
|switch|p2a: Kingambit|Kingambit, M|100/100
|-activate|p2a: Kingambit|ability: Supreme Overlord
|-start|p2a: Kingambit|fallen1|[silent]
|move|p1a: Tentacruel|Ice Beam|p2a: Kingambit
|-resisted|p2a: Kingambit
|-damage|p2a: Kingambit|89/100
|
|upkeep
|turn|5
|
|t:|1760381481
|move|p1a: Tentacruel|Surf|p2a: Kingambit
|-damage|p2a: Kingambit|52/100
|move|p2a: Kingambit|Kowtow Cleave|p1a: Tentacruel
|-damage|p1a: Tentacruel|0 fnt
|faint|p1a: Tentacruel
|
|upkeep
|
|t:|1760381492
|switch|p1a: Registeel|Registeel|100/100
|turn|6
|
|t:|1760381498
|move|p1a: Registeel|Body Press|p2a: Kingambit
|-supereffective|p2a: Kingambit
|-damage|p2a: Kingambit|0 fnt
|faint|p2a: Kingambit
|-end|p2a: Kingambit|fallen1|[silent]
|
|upkeep
|
|t:|1760381505
|switch|p2a: Sableye|Sableye, F|100/100
|turn|7
|
|t:|1760381515
|switch|p1a: Regice|Regice|100/100
|move|p2a: Sableye|Will-O-Wisp|p1a: Regice
|-status|p1a: Regice|brn
|
|-damage|p1a: Regice|95/100 brn|[from] brn
|upkeep
|turn|8
|
|t:|1760381524
|move|p2a: Sableye|Knock Off|p1a: Regice
|-damage|p1a: Regice|70/100 brn
|-enditem|p1a: Regice|Weakness Policy|[from] move: Knock Off|[of] p2a: Sableye
|move|p1a: Regice|Ice Beam|p2a: Sableye
|-crit|p2a: Sableye
|-damage|p2a: Sableye|30/100
|-status|p2a: Sableye|frz
|
|-heal|p2a: Sableye|36/100 frz|[from] item: Leftovers
|-damage|p1a: Regice|64/100 brn|[from] brn
|upkeep
|turn|9
|
|t:|1760381534
|cant|p2a: Sableye|frz
|move|p1a: Regice|Ice Beam|p2a: Sableye
|-damage|p2a: Sableye|0 fnt
|faint|p2a: Sableye
|
|-damage|p1a: Regice|58/100 brn|[from] brn
|upkeep
|
|t:|1760381543
|switch|p2a: Meowscarada|Meowscarada, F|100/100
|turn|10
|
|t:|1760381553
|move|p2a: Meowscarada|Knock Off|p1a: Regice
|-start|p2a: Meowscarada|typechange|Dark|[from] ability: Protean
|-damage|p1a: Regice|28/100 brn
|move|p1a: Regice|Ice Beam|p2a: Meowscarada
|-damage|p2a: Meowscarada|39/100
|-status|p2a: Meowscarada|frz
|
|-damage|p1a: Regice|22/100 brn|[from] brn
|upkeep
|turn|11
|c|☆ShrimpFood|fuck me
|c|☆ShrimpFood|holy crap
|
|t:|1760381571
|cant|p2a: Meowscarada|frz
|move|p1a: Regice|Ice Beam|p2a: Meowscarada
|-damage|p2a: Meowscarada|0 fnt
|faint|p2a: Meowscarada
|
|-damage|p1a: Regice|16/100 brn|[from] brn
|upkeep
|
|t:|1760381578
|switch|p2a: Mandibuzz|Mandibuzz, F|100/100
|turn|12
|
|t:|1760381589
|-terastallize|p2a: Mandibuzz|Steel
|move|p2a: Mandibuzz|Roost||[still]
|-fail|p2a: Mandibuzz|heal
|move|p1a: Regice|Ice Beam|p2a: Mandibuzz
|-resisted|p2a: Mandibuzz
|-damage|p2a: Mandibuzz|87/100
|-status|p2a: Mandibuzz|frz
|
|-heal|p2a: Mandibuzz|93/100 frz|[from] item: Leftovers
|-damage|p1a: Regice|10/100 brn|[from] brn
|upkeep
|turn|13
|c|☆ShrimpFood|\??????????????????????????????????????????
|c|☆ShrimpFood|that is lovely luck
|
|t:|1760381610
|-curestatus|p2a: Mandibuzz|frz|[msg]
|move|p2a: Mandibuzz|Brave Bird|p1a: Regice
|-damage|p1a: Regice|0 fnt
|faint|p1a: Regice
|-damage|p2a: Mandibuzz|91/100|[from] Recoil
|
|-heal|p2a: Mandibuzz|97/100|[from] item: Leftovers
|upkeep
|
|t:|1760381621
|switch|p1a: Registeel|Registeel|100/100
|turn|14
|
|t:|1760381628
|move|p2a: Mandibuzz|Brave Bird|p1a: Registeel
|-resisted|p1a: Registeel
|-damage|p1a: Registeel|91/100
|-damage|p2a: Mandibuzz|95/100|[from] Recoil
|move|p1a: Registeel|Earthquake|p2a: Mandibuzz
|-supereffective|p2a: Mandibuzz
|-damage|p2a: Mandibuzz|56/100
|
|-heal|p2a: Mandibuzz|62/100|[from] item: Leftovers
|upkeep
|turn|15
|
|t:|1760381640
|switch|p2a: Hydreigon|Hydreigon, M|22/100
|move|p1a: Registeel|Earthquake|p2a: Hydreigon
|-immune|p2a: Hydreigon|[from] ability: Levitate
|
|-heal|p2a: Hydreigon|28/100|[from] item: Leftovers
|upkeep
|turn|16
|
|t:|1760381650
|move|p2a: Hydreigon|Draco Meteor|p1a: Registeel
|-resisted|p1a: Registeel
|-damage|p1a: Registeel|65/100
|-unboost|p2a: Hydreigon|spa|2
|move|p1a: Registeel|Body Press|p2a: Hydreigon
|-supereffective|p2a: Hydreigon
|-damage|p2a: Hydreigon|0 fnt
|faint|p2a: Hydreigon
|
|upkeep
|-message|ShrimpFood forfeited.
|
|win|12345q
|raw|12345q's rating: 1097 &rarr; <strong>1120</strong><br />(+23 for winning)
|raw|ShrimpFood's rating: 1069 &rarr; <strong>1050</strong><br />(-19 for losing)
|l|☆ShrimpFood
|player|p2|
|l|☆12345q
|player|p1|
