|j|☆Chris6497
|j|☆ivo-arg
|t:|1760312701
|gametype|singles
|player|p1|Chris6497|koga|1389
|player|p2|ivo-arg|waiter-gen4dp|1364
|gen|9
|tier|[Gen 9] OU
|rated|
|rule|HP Percentage Mod: HP is shown in percentages
|rule|Endless Battle Clause: Forcing endless battles is banned
|rule|Species Clause: Limit one of each Pokémon
|rule|OHKO Clause: OHKO moves are banned
|rule|Evasion Items Clause: Evasion items are banned
|rule|Evasion Moves Clause: Evasion moves are banned
|rule|Evasion Abilities Clause: Evasion abilities are banned
|rule|Sleep Moves Clause: Sleep-inducing moves are banned
|clearpoke
|poke|p1|Thundurus-Therian, M|
|poke|p1|Cinderace, M|
|poke|p1|Kingambit, F|
|poke|p1|Dragonite, M|
|poke|p1|Ninetales-Alola, M|
|poke|p1|Gliscor, F|
|poke|p2|Serperior, F|
|poke|p2|Dondozo, F|
|poke|p2|Dragonite, M|
|poke|p2|Kingambit, M|
|poke|p2|Corviknight, F|
|poke|p2|Enamorus, F|
|teampreview
|inactive|Battle timer is ON: inactive players will automatically lose when time's up. (requested by Chris6497)
|
|t:|1760312729
|teamsize|p1|6
|teamsize|p2|6
|start
|switch|p1a: Fin Fang Foom|Dragonite, M|100/100
|switch|p2a: Enamorus|Enamorus, F|100/100
|turn|1
|
|t:|1760312750
|move|p2a: Enamorus|Moonblast|p1a: Fin Fang Foom
|-supereffective|p1a: Fin Fang Foom
|-damage|p1a: Fin Fang Foom|49/100
|move|p1a: Fin Fang Foom|Dragon Dance|p1a: Fin Fang Foom
|-boost|p1a: Fin Fang Foom|atk|1
|-boost|p1a: Fin Fang Foom|spe|1
|
|upkeep
|turn|2
|
|t:|1760312763
|move|p2a: Enamorus|Moonblast|p1a: Fin Fang Foom
|-supereffective|p1a: Fin Fang Foom
|-damage|p1a: Fin Fang Foom|0 fnt
|faint|p1a: Fin Fang Foom
|
|upkeep
|
|t:|1760312766
|switch|p1a: Bugs Bunny|Cinderace, M, shiny|100/100
|turn|3
|
|t:|1760312773
|switch|p2a: Dondozo|Dondozo, F|100/100
|move|p1a: Bugs Bunny|U-turn|p2a: Dondozo
|-start|p1a: Bugs Bunny|typechange|Bug|[from] ability: Libero
|-damage|p2a: Dondozo|79/100
|
|t:|1760312775
|switch|p1a: Rayven|Ninetales-Alola, M|100/100|[from] U-turn
|-weather|Snowscape|[from] ability: Snow Warning|[of] p1a: Rayven
|
|-weather|Snowscape|[upkeep]
|-heal|p2a: Dondozo|85/100|[from] item: Leftovers
|upkeep
|turn|4
|
|t:|1760312778
|switch|p2a: Kingambit|Kingambit, M|100/100
|move|p1a: Rayven|Aurora Veil|p1a: Rayven
|-sidestart|p1: Chris6497|move: Aurora Veil
|
|-weather|Snowscape|[upkeep]
|upkeep
|turn|5
|
|t:|1760312790
|switch|p1a: Bugs Bunny|Cinderace, M, shiny|100/100
|move|p2a: Kingambit|Iron Head|p1a: Bugs Bunny
|-resisted|p1a: Bugs Bunny
|-damage|p1a: Bugs Bunny|85/100
|
|-weather|Snowscape|[upkeep]
|upkeep
|turn|6
|
|t:|1760312795
|-end|p2a: Kingambit|fallenundefined|[silent]
|switch|p2a: Dondozo|Dondozo, F|85/100
|move|p1a: Bugs Bunny|U-turn|p2a: Dondozo
|-start|p1a: Bugs Bunny|typechange|Bug|[from] ability: Libero
|-damage|p2a: Dondozo|64/100
|
|t:|1760312799
|switch|p1a: Scorpion|Gliscor, F|100/100|[from] U-turn
|
|-weather|Snowscape|[upkeep]
|-heal|p2a: Dondozo|70/100|[from] item: Leftovers
|-status|p1a: Scorpion|tox|[from] item: Toxic Orb
|upkeep
|turn|7
|
|t:|1760312813
|move|p1a: Scorpion|Toxic|p2a: Dondozo|[miss]
|-miss|p1a: Scorpion|p2a: Dondozo
|move|p2a: Dondozo|Curse|p2a: Dondozo
|-unboost|p2a: Dondozo|spe|1
|-boost|p2a: Dondozo|atk|1
|-boost|p2a: Dondozo|def|1
|
|-weather|none
|-heal|p2a: Dondozo|76/100|[from] item: Leftovers
|upkeep
|turn|8
|
|t:|1760312819
|move|p1a: Scorpion|Toxic|p2a: Dondozo
|-status|p2a: Dondozo|tox
|move|p2a: Dondozo|Curse|p2a: Dondozo
|-unboost|p2a: Dondozo|spe|1
|-boost|p2a: Dondozo|atk|1
|-boost|p2a: Dondozo|def|1
|
|-heal|p2a: Dondozo|82/100 tox|[from] item: Leftovers
|-damage|p2a: Dondozo|76/100 tox|[from] psn
|upkeep
|turn|9
|
|t:|1760312822
|move|p1a: Scorpion|Knock Off|p2a: Dondozo
|-crit|p2a: Dondozo
|-damage|p2a: Dondozo|57/100 tox
|-enditem|p2a: Dondozo|Leftovers|[from] move: Knock Off|[of] p1a: Scorpion
|move|p2a: Dondozo|Curse|p2a: Dondozo
|-unboost|p2a: Dondozo|spe|1
|-boost|p2a: Dondozo|atk|1
|-boost|p2a: Dondozo|def|1
|
|-damage|p2a: Dondozo|45/100 tox|[from] psn
|upkeep
|turn|10
|
|t:|1760312826
|switch|p1a: Rayven|Ninetales-Alola, M|100/100
|-weather|Snowscape|[from] ability: Snow Warning|[of] p1a: Rayven
|move|p2a: Dondozo|Rest|p2a: Dondozo
|-status|p2a: Dondozo|slp|[from] move: Rest
|-heal|p2a: Dondozo|100/100 slp|[silent]
|
|-weather|Snowscape|[upkeep]
|upkeep
|turn|11
|
|t:|1760312830
|move|p1a: Rayven|Freeze-Dry|p2a: Dondozo
|-supereffective|p2a: Dondozo
|-damage|p2a: Dondozo|72/100 slp
|cant|p2a: Dondozo|slp
|move|p2a: Dondozo|Sleep Talk|p2a: Dondozo
|move|p2a: Dondozo|Rest||[from] move: Sleep Talk|[still]
|-fail|p2a: Dondozo
|
|-weather|Snowscape|[upkeep]
|-sideend|p1: Chris6497|move: Aurora Veil
|upkeep
|turn|12
|
|t:|1760312839
|-terastallize|p2a: Dondozo|Electric
|move|p1a: Rayven|Aurora Veil|p1a: Rayven
|-sidestart|p1: Chris6497|move: Aurora Veil
|cant|p2a: Dondozo|slp
|move|p2a: Dondozo|Sleep Talk|p2a: Dondozo
|move|p2a: Dondozo|Rest||[from] move: Sleep Talk|[still]
|-fail|p2a: Dondozo
|
|-weather|Snowscape|[upkeep]
|upkeep
|turn|13
|
|t:|1760312844
|move|p1a: Rayven|Moonblast|p2a: Dondozo
|-damage|p2a: Dondozo|53/100 slp
|-curestatus|p2a: Dondozo|slp|[msg]
|move|p2a: Dondozo|Curse|p2a: Dondozo
|-unboost|p2a: Dondozo|spe|1
|-boost|p2a: Dondozo|atk|1
|-boost|p2a: Dondozo|def|1
|
|-weather|Snowscape|[upkeep]
|upkeep
|turn|14
|
|t:|1760312847
|move|p1a: Rayven|Encore|p2a: Dondozo
|-start|p2a: Dondozo|Encore
|move|p2a: Dondozo|Curse|p2a: Dondozo
|-unboost|p2a: Dondozo|spe|1
|-boost|p2a: Dondozo|atk|1
|-boost|p2a: Dondozo|def|1
|
|-weather|none
|upkeep
|turn|15
|
|t:|1760312854
|switch|p2a: Kingambit|Kingambit, M|100/100
|move|p1a: Rayven|Moonblast|p2a: Kingambit
|-damage|p2a: Kingambit|65/100
|
|upkeep
|turn|16
|
|t:|1760312857
|switch|p1a: Bugs Bunny|Cinderace, M, shiny|85/100
|move|p2a: Kingambit|Iron Head|p1a: Bugs Bunny
|-resisted|p1a: Bugs Bunny
|-damage|p1a: Bugs Bunny|69/100
|
|upkeep
|turn|17
|
|t:|1760312864
|move|p2a: Kingambit|Sucker Punch|p1a: Bugs Bunny
|-damage|p1a: Bugs Bunny|37/100
|move|p1a: Bugs Bunny|Pyro Ball|p2a: Kingambit
|-supereffective|p2a: Kingambit
|-damage|p2a: Kingambit|0 fnt
|faint|p2a: Kingambit
|-end|p2a: Kingambit|fallenundefined|[silent]
|
|upkeep
|
|t:|1760312869
|switch|p2a: Dondozo|Dondozo, F, tera:Electric|53/100
|turn|18
|
|t:|1760312874
|move|p1a: Bugs Bunny|U-turn|p2a: Dondozo
|-start|p1a: Bugs Bunny|typechange|Bug|[from] ability: Libero
|-damage|p2a: Dondozo|32/100
|
|t:|1760312875
|switch|p1a: Scorpion|Gliscor, F|100/100 tox|[from] U-turn
|move|p2a: Dondozo|Rest|p2a: Dondozo
|-status|p2a: Dondozo|slp|[from] move: Rest
|-heal|p2a: Dondozo|100/100 slp|[silent]
|
|upkeep
|turn|19
|
|t:|1760312878
|move|p1a: Scorpion|Earthquake|p2a: Dondozo
|-supereffective|p2a: Dondozo
|-damage|p2a: Dondozo|60/100 slp
|cant|p2a: Dondozo|slp
|move|p2a: Dondozo|Sleep Talk|p2a: Dondozo
|move|p2a: Dondozo|Wave Crash|p1a: Scorpion|[from] move: Sleep Talk
|-supereffective|p1a: Scorpion
|-damage|p1a: Scorpion|76/100 tox
|-damage|p2a: Dondozo|54/100 slp|[from] Recoil
|
|-heal|p1a: Scorpion|88/100 tox|[from] ability: Poison Heal
|-sideend|p1: Chris6497|move: Aurora Veil
|upkeep
|turn|20
|
|t:|1760312887
|switch|p2a: Corviknight|Corviknight, F|100/100
|-ability|p2a: Corviknight|Pressure
|move|p1a: Scorpion|Earthquake|p2a: Corviknight
|-immune|p2a: Corviknight
|
|-heal|p1a: Scorpion|100/100 tox|[from] ability: Poison Heal
|upkeep
|turn|21
|
|t:|1760312898
|move|p1a: Scorpion|Knock Off|p2a: Corviknight
|-damage|p2a: Corviknight|86/100
|-enditem|p2a: Corviknight|Leftovers|[from] move: Knock Off|[of] p1a: Scorpion
|move|p2a: Corviknight|U-turn|p1a: Scorpion
|-resisted|p1a: Scorpion
|-damage|p1a: Scorpion|96/100 tox
|
|t:|1760312901
|switch|p2a: Serperior|Serperior, F|100/100|[from] U-turn
|
|-heal|p1a: Scorpion|100/100 tox|[from] ability: Poison Heal
|upkeep
|turn|22
|
|t:|1760312903
|move|p2a: Serperior|Leaf Storm|p1a: Scorpion
|-damage|p1a: Scorpion|48/100 tox
|-boost|p2a: Serperior|spa|2
|move|p1a: Scorpion|Toxic|p2a: Serperior
|-status|p2a: Serperior|tox
|
|-damage|p2a: Serperior|94/100 tox|[from] psn
|-heal|p1a: Scorpion|60/100 tox|[from] ability: Poison Heal
|upkeep
|turn|23
|
|t:|1760312908
|move|p1a: Scorpion|Protect|p1a: Scorpion
|-singleturn|p1a: Scorpion|Protect
|move|p2a: Serperior|Leaf Storm|p1a: Scorpion
|-activate|p1a: Scorpion|move: Protect
|
|-heal|p2a: Serperior|100/100 tox|[from] item: Leftovers
|-damage|p2a: Serperior|88/100 tox|[from] psn
|-heal|p1a: Scorpion|73/100 tox|[from] ability: Poison Heal
|upkeep
|turn|24
|
|t:|1760312909
|switch|p1a: Bugs Bunny|Cinderace, M, shiny|37/100
|move|p2a: Serperior|Leaf Storm|p1a: Bugs Bunny
|-resisted|p1a: Bugs Bunny
|-crit|p1a: Bugs Bunny
|-damage|p1a: Bugs Bunny|0 fnt
|-boost|p2a: Serperior|spa|2
|faint|p1a: Bugs Bunny
|
|-heal|p2a: Serperior|94/100 tox|[from] item: Leftovers
|-damage|p2a: Serperior|76/100 tox|[from] psn
|upkeep
|
|t:|1760312911
|switch|p1a: King Toilet|Kingambit, F, shiny|100/100
|-activate|p1a: King Toilet|ability: Supreme Overlord
|-start|p1a: King Toilet|fallen2|[silent]
|-item|p1a: King Toilet|Air Balloon
|turn|25
|
|t:|1760312916
|move|p2a: Serperior|Leaf Storm|p1a: King Toilet
|-resisted|p1a: King Toilet
|-damage|p1a: King Toilet|19/100
|-boost|p2a: Serperior|spa|2
|-enditem|p1a: King Toilet|Air Balloon
|move|p1a: King Toilet|Kowtow Cleave|p2a: Serperior
|-damage|p2a: Serperior|0 fnt
|faint|p2a: Serperior
|
|upkeep
|
|t:|1760312931
|switch|p2a: Dondozo|Dondozo, F, tera:Electric|54/100 slp
|turn|26
|
|t:|1760312935
|move|p1a: King Toilet|Kowtow Cleave|p2a: Dondozo
|-damage|p2a: Dondozo|17/100 slp
|cant|p2a: Dondozo|slp
|move|p2a: Dondozo|Sleep Talk|p2a: Dondozo
|move|p2a: Dondozo|Rest||[from] move: Sleep Talk|[still]
|-fail|p2a: Dondozo
|
|upkeep
|turn|27
|
|t:|1760312944
|switch|p2a: Corviknight|Corviknight, F|86/100
|-ability|p2a: Corviknight|Pressure
|move|p1a: King Toilet|Iron Head|p2a: Corviknight
|-resisted|p2a: Corviknight
|-damage|p2a: Corviknight|66/100
|
|upkeep
|turn|28
|
|t:|1760312948
|-end|p1a: King Toilet|fallen2|[silent]
|switch|p1a: Scorpion|Gliscor, F|73/100 tox
|move|p2a: Corviknight|Body Press|p1a: Scorpion
|-resisted|p1a: Scorpion
|-damage|p1a: Scorpion|65/100 tox
|
|-heal|p1a: Scorpion|78/100 tox|[from] ability: Poison Heal
|upkeep
|turn|29
|
|t:|1760312952
|move|p1a: Scorpion|Earthquake|p2a: Corviknight
|-immune|p2a: Corviknight
|move|p2a: Corviknight|U-turn|p1a: Scorpion
|-resisted|p1a: Scorpion
|-damage|p1a: Scorpion|73/100 tox
|
|t:|1760312957
|switch|p2a: Enamorus|Enamorus, F|100/100|[from] U-turn
|
|-heal|p1a: Scorpion|86/100 tox|[from] ability: Poison Heal
|upkeep
|turn|30
|
|t:|1760312961
|move|p1a: Scorpion|Protect|p1a: Scorpion
|-singleturn|p1a: Scorpion|Protect
|move|p2a: Enamorus|Healing Wish|p2a: Enamorus
|faint|p2a: Enamorus
|
|-heal|p1a: Scorpion|98/100 tox|[from] ability: Poison Heal
|upkeep
|
|t:|1760312964
|switch|p2a: Dondozo|Dondozo, F, tera:Electric|17/100 slp
|-heal|p2a: Dondozo|100/100|[from] move: Healing Wish
|turn|31
|
|t:|1760312969
|move|p1a: Scorpion|Earthquake|p2a: Dondozo
|-supereffective|p2a: Dondozo
|-damage|p2a: Dondozo|60/100
|move|p2a: Dondozo|Sleep Talk||[still]
|-fail|p2a: Dondozo
|
|-heal|p1a: Scorpion|100/100 tox|[from] ability: Poison Heal
|upkeep
|turn|32
|
|t:|1760312971
|move|p1a: Scorpion|Earthquake|p2a: Dondozo
|-supereffective|p2a: Dondozo
|-damage|p2a: Dondozo|22/100
|move|p2a: Dondozo|Curse|p2a: Dondozo
|-unboost|p2a: Dondozo|spe|1
|-boost|p2a: Dondozo|atk|1
|-boost|p2a: Dondozo|def|1
|
|upkeep
|turn|33
|
|t:|1760312976
|move|p1a: Scorpion|Earthquake|p2a: Dondozo
|-supereffective|p2a: Dondozo
|-damage|p2a: Dondozo|0 fnt
|faint|p2a: Dondozo
|
|upkeep
|c|☆ivo-arg|miss click...
|c|☆ivo-arg|gg
|-message|ivo-arg forfeited.
|
|win|Chris6497
|raw|Chris6497's rating: 1389 &rarr; <strong>1408</strong><br />(+19 for winning)
|raw|ivo-arg's rating: 1364 &rarr; <strong>1345</strong><br />(-19 for losing)
|l|☆ivo-arg
|player|p2|
