|j|☆XIXINANA
|j|☆UXDesigner
|t:|1760459037
|gametype|singles
|player|p1|XIXINANA|nate|1133
|player|p2|UXDesigner|101|1140
|gen|9
|tier|[Gen 9] OU
|rated|
|rule|HP Percentage Mod: HP is shown in percentages
|rule|Endless Battle Clause: Forcing endless battles is banned
|rule|Species Clause: Limit one of each Pokémon
|rule|OHKO Clause: OHKO moves are banned
|rule|Evasion Items Clause: Evasion items are banned
|rule|Evasion Moves Clause: Evasion moves are banned
|rule|Evasion Abilities Clause: Evasion abilities are banned
|rule|Sleep Moves Clause: Sleep-inducing moves are banned
|clearpoke
|poke|p1|Lycanroc-Midnight, F|
|poke|p1|Zoroark-Hisui, F|
|poke|p1|Greninja-*, M|
|poke|p1|Kleavor, F|
|poke|p1|Iron Hands|
|poke|p1|Regidrago|
|poke|p2|Lucario, M|
|poke|p2|Tyranitar, F|
|poke|p2|Gliscor, M|
|poke|p2|Blastoise, F|
|poke|p2|Incineroar, F|
|poke|p2|Garchomp, M|
|teampreview
|inactive|Battle timer is ON: inactive players will automatically lose when time's up. (requested by UXDesigner)
|
|t:|1760459065
|teamsize|p1|6
|teamsize|p2|6
|start
|switch|p1a: Kleavor|Kleavor, F|100/100
|switch|p2a: Tyranitar|Tyranitar, F|100/100
|-weather|Sandstorm|[from] ability: Sand Stream|[of] p2a: Tyranitar
|turn|1
|
|t:|1760459086
|move|p1a: Kleavor|Stone Axe|p2a: Tyranitar
|-damage|p2a: Tyranitar|53/100
|-sidestart|p2: UXDesigner|move: Stealth Rock
|move|p2a: Tyranitar|Dragon Dance|p2a: Tyranitar
|-boost|p2a: Tyranitar|atk|1
|-boost|p2a: Tyranitar|spe|1
|
|-weather|Sandstorm|[upkeep]
|upkeep
|turn|2
|inactive|UXDesigner has 120 seconds left.
|
|t:|1760459123
|move|p1a: Kleavor|Stone Axe|p2a: Tyranitar
|-damage|p2a: Tyranitar|7/100
|move|p2a: Tyranitar|Stone Edge|p1a: Kleavor
|-supereffective|p1a: Kleavor
|-crit|p1a: Kleavor
|-damage|p1a: Kleavor|0 fnt
|faint|p1a: Kleavor
|
|-weather|Sandstorm|[upkeep]
|upkeep
|
|t:|1760459130
|switch|p1a: Lycanroc|Lycanroc-Midnight, F|100/100
|turn|3
|
|t:|1760459134
|move|p1a: Lycanroc|Sucker Punch|p2a: Tyranitar
|-resisted|p2a: Tyranitar
|-damage|p2a: Tyranitar|0 fnt
|faint|p2a: Tyranitar
|-damage|p1a: Lycanroc|91/100|[from] item: Life Orb
|
|-weather|Sandstorm|[upkeep]
|upkeep
|
|t:|1760459138
|switch|p2a: Gliscor|Gliscor, M|100/100
|-damage|p2a: Gliscor|88/100|[from] Stealth Rock
|turn|4
|
|t:|1760459146
|move|p1a: Lycanroc|Stone Edge|p2a: Gliscor
|-damage|p2a: Gliscor|46/100
|-damage|p1a: Lycanroc|81/100|[from] item: Life Orb
|move|p2a: Gliscor|Toxic|p1a: Lycanroc
|-status|p1a: Lycanroc|tox
|
|-weather|Sandstorm|[upkeep]
|-damage|p1a: Lycanroc|74/100 tox|[from] psn
|-status|p2a: Gliscor|tox|[from] item: Toxic Orb
|upkeep
|turn|5
|
|t:|1760459153
|move|p2a: Gliscor|Protect|p2a: Gliscor
|-singleturn|p2a: Gliscor|Protect
|move|p1a: Lycanroc|Stone Edge|p2a: Gliscor
|-activate|p2a: Gliscor|move: Protect
|
|-weather|none
|-damage|p1a: Lycanroc|62/100 tox|[from] psn
|-heal|p2a: Gliscor|58/100 tox|[from] ability: Poison Heal
|upkeep
|turn|6
|
|t:|1760459165
|move|p1a: Lycanroc|Stone Edge|p2a: Gliscor
|-crit|p2a: Gliscor
|-damage|p2a: Gliscor|0 fnt
|faint|p2a: Gliscor
|-damage|p1a: Lycanroc|52/100 tox|[from] item: Life Orb
|
|-damage|p1a: Lycanroc|34/100 tox|[from] psn
|upkeep
|
|t:|1760459171
|switch|p2a: Incineroar|Incineroar, F|100/100
|-ability|p2a: Incineroar|Intimidate|boost
|-unboost|p1a: Lycanroc|atk|1
|turn|7
|
|t:|1760459175
|move|p2a: Incineroar|Fake Out|p1a: Lycanroc
|-resisted|p1a: Lycanroc
|-damage|p1a: Lycanroc|27/100 tox
|cant|p1a: Lycanroc|flinch
|
|-damage|p1a: Lycanroc|3/100 tox|[from] psn
|upkeep
|turn|8
|
|t:|1760459194
|switch|p2a: Garchomp|Garchomp, M|100/100
|-damage|p2a: Garchomp|94/100|[from] Stealth Rock
|move|p1a: Lycanroc|Close Combat|p2a: Garchomp
|-damage|p2a: Garchomp|60/100
|-unboost|p1a: Lycanroc|def|1
|-unboost|p1a: Lycanroc|spd|1
|-damage|p1a: Lycanroc|0 fnt|[from] ability: Rough Skin|[of] p2a: Garchomp
|faint|p1a: Lycanroc
|
|upkeep
|
|t:|1760459214
|switch|p1a: Regidrago|Regidrago|100/100
|turn|9
|
|t:|1760459219
|-terastallize|p2a: Garchomp|Steel
|move|p1a: Regidrago|Dragon Energy|p2a: Garchomp
|-resisted|p2a: Garchomp
|-damage|p2a: Garchomp|3/100
|move|p2a: Garchomp|Scale Shot|p1a: Regidrago
|-supereffective|p1a: Regidrago
|-damage|p1a: Regidrago|69/100
|-supereffective|p1a: Regidrago
|-damage|p1a: Regidrago|38/100
|-supereffective|p1a: Regidrago
|-damage|p1a: Regidrago|7/100
|-supereffective|p1a: Regidrago
|-damage|p1a: Regidrago|0 fnt
|faint|p1a: Regidrago
|-hitcount|p1: Regidrago|4
|-unboost|p2a: Garchomp|def|1
|-boost|p2a: Garchomp|spe|1
|
|upkeep
|
|t:|1760459230
|switch|p1a: Greninja|Greninja, M|100/100
|turn|10
|
|t:|1760459233
|move|p1a: Greninja|Water Shuriken|p2a: Garchomp
|-damage|p2a: Garchomp|0 fnt
|faint|p2a: Garchomp
|-ability|p1a: Greninja|Battle Bond|boost
|-boost|p1a: Greninja|atk|1
|-boost|p1a: Greninja|spa|1
|-boost|p1a: Greninja|spe|1
|-activate|p1a: Greninja|ability: Battle Bond
|-hitcount|p2: Garchomp|1
|-damage|p1a: Greninja|91/100|[from] item: Life Orb
|
|upkeep
|
|t:|1760459244
|switch|p2a: Blastoise|Blastoise, F|100/100
|-damage|p2a: Blastoise|88/100|[from] Stealth Rock
|turn|11
|
|t:|1760459248
|move|p1a: Greninja|Dark Pulse|p2a: Blastoise
|-damage|p2a: Blastoise|19/100
|-damage|p1a: Greninja|81/100|[from] item: Life Orb
|move|p2a: Blastoise|Shell Smash|p2a: Blastoise
|-unboost|p2a: Blastoise|def|1
|-unboost|p2a: Blastoise|spd|1
|-boost|p2a: Blastoise|atk|2
|-boost|p2a: Blastoise|spa|2
|-boost|p2a: Blastoise|spe|2
|-enditem|p2a: Blastoise|White Herb
|-clearnegativeboost|p2a: Blastoise|[silent]
|
|upkeep
|turn|12
|
|t:|1760459266
|move|p1a: Greninja|Dark Pulse|p2a: Blastoise
|-damage|p2a: Blastoise|0 fnt
|faint|p2a: Blastoise
|-damage|p1a: Greninja|71/100|[from] item: Life Orb
|
|upkeep
|
|t:|1760459274
|switch|p2a: Lucario|Lucario, M|100/100
|-damage|p2a: Lucario|98/100|[from] Stealth Rock
|turn|13
|
|t:|1760459279
|move|p2a: Lucario|Vacuum Wave|p1a: Greninja
|-supereffective|p1a: Greninja
|-damage|p1a: Greninja|0 fnt
|faint|p1a: Greninja
|-damage|p2a: Lucario|88/100|[from] item: Life Orb
|
|upkeep
|
|t:|1760459290
|switch|p1a: Iron Hands|Iron Hands|100/100
|turn|14
|
|t:|1760459294
|switch|p2a: Incineroar|Incineroar, F|100/100
|-ability|p2a: Incineroar|Intimidate|boost
|-unboost|p1a: Iron Hands|atk|1
|move|p1a: Iron Hands|Bitter Malice|p2a: Incineroar
|-resisted|p2a: Incineroar
|-damage|p2a: Incineroar|80/100
|-unboost|p2a: Incineroar|atk|1
|
|upkeep
|turn|15
|
|t:|1760459307
|switch|p1a: Iron Hands|Iron Hands|100/100
|move|p2a: Incineroar|Knock Off|p1a: Iron Hands
|-resisted|p1a: Iron Hands
|-damage|p1a: Iron Hands|92/100
|-enditem|p1a: Iron Hands|Assault Vest|[from] move: Knock Off|[of] p2a: Incineroar
|
|upkeep
|turn|16
|
|t:|1760459316
|move|p2a: Incineroar|Parting Shot|p1a: Iron Hands
|-unboost|p1a: Iron Hands|atk|1
|-unboost|p1a: Iron Hands|spa|1
|
|t:|1760459320
|switch|p2a: Lucario|Lucario, M|88/100|[from] Parting Shot
|-damage|p2a: Lucario|85/100|[from] Stealth Rock
|move|p1a: Iron Hands|Close Combat|p2a: Lucario
|-supereffective|p2a: Lucario
|-damage|p2a: Lucario|0 fnt
|-unboost|p1a: Iron Hands|def|1
|-unboost|p1a: Iron Hands|spd|1
|faint|p2a: Lucario
|
|upkeep
|
|t:|1760459326
|switch|p2a: Incineroar|Incineroar, F|80/100
|-ability|p2a: Incineroar|Intimidate|boost
|-unboost|p1a: Iron Hands|atk|1
|turn|17
|
|t:|1760459330
|-end|p1a: Iron Hands|Quark Drive|[silent]
|switch|p1a: Iron Hands|Iron Hands|100/100
|move|p2a: Incineroar|Flare Blitz|p1a: Iron Hands
|-damage|p1a: Iron Hands|0 fnt
|replace|p1a: Zoroark|Zoroark-Hisui, F
|-end|p1a: Zoroark|Illusion
|faint|p1a: Zoroark
|-damage|p2a: Incineroar|59/100|[from] Recoil
|
|upkeep
|
|t:|1760459335
|switch|p1a: Iron Hands|Iron Hands|92/100
|turn|18
|
|t:|1760459340
|move|p1a: Iron Hands|Fake Out|p2a: Incineroar
|-damage|p2a: Incineroar|46/100
|cant|p2a: Incineroar|flinch
|
|upkeep
|turn|19
|
|t:|1760459343
|move|p2a: Incineroar|Parting Shot|p1a: Iron Hands
|-unboost|p1a: Iron Hands|atk|1
|-unboost|p1a: Iron Hands|spa|1
|move|p1a: Iron Hands|Close Combat|p2a: Incineroar
|-supereffective|p2a: Incineroar
|-damage|p2a: Incineroar|0 fnt
|-unboost|p1a: Iron Hands|def|1
|-unboost|p1a: Iron Hands|spd|1
|faint|p2a: Incineroar
|
|win|XIXINANA
|raw|XIXINANA's rating: 1133 &rarr; <strong>1159</strong><br />(+26 for winning)
|raw|UXDesigner's rating: 1140 &rarr; <strong>1114</strong><br />(-26 for losing)
|c|☆UXDesigner|gg
|l|☆UXDesigner
|player|p2|
|l|☆XIXINANA
|player|p1|
