|j|☆jwhi
|j|☆Hainana
|t:|1760330502
|gametype|singles
|player|p1|jwhi|ingo|1310
|player|p2|Hainana|169|1251
|gen|9
|tier|[Gen 9] OU
|rated|
|rule|HP Percentage Mod: HP is shown in percentages
|rule|Endless Battle Clause: Forcing endless battles is banned
|rule|Species Clause: Limit one of each Pokémon
|rule|OHKO Clause: OHKO moves are banned
|rule|Evasion Items Clause: Evasion items are banned
|rule|Evasion Moves Clause: Evasion moves are banned
|rule|Evasion Abilities Clause: Evasion abilities are banned
|rule|Sleep Moves Clause: Sleep-inducing moves are banned
|clearpoke
|poke|p1|Floatzel, F|
|poke|p1|Pelipper, F|
|poke|p1|Dragonite, M|
|poke|p1|Ambipom, F|
|poke|p1|Arcanine-Hisui, F|
|poke|p1|Talonflame, M|
|poke|p2|Indeedee, M|
|poke|p2|Necrozma|
|poke|p2|Hitmonlee, M|
|poke|p2|Polteageist|
|poke|p2|Armarouge, F|
|poke|p2|Iron Treads|
|teampreview
|
|t:|1760330507
|teamsize|p1|6
|teamsize|p2|6
|start
|switch|p1a: Arcanine|Arcanine-Hisui, F|100/100
|switch|p2a: Necrozma|Necrozma|100/100
|turn|1
|inactive|Battle timer is ON: inactive players will automatically lose when time's up. (requested by jwhi)
|inactive|Hainana also wants the timer to be on.
|
|t:|1760330512
|move|p1a: Arcanine|Head Smash|p2a: Necrozma
|-damage|p2a: Necrozma|37/100
|move|p2a: Necrozma|Stealth Rock|p1a: Arcanine
|-sidestart|p1: jwhi|move: Stealth Rock
|
|upkeep
|turn|2
|
|t:|1760330518
|move|p1a: Arcanine|Head Smash|p2a: Necrozma
|-damage|p2a: Necrozma|0 fnt
|faint|p2a: Necrozma
|
|upkeep
|
|t:|1760330522
|switch|p2a: Indeedee|Indeedee, M|100/100
|-fieldstart|move: Psychic Terrain|[from] ability: Psychic Surge|[of] p2a: Indeedee
|turn|3
|
|t:|1760330527
|move|p2a: Indeedee|Expanding Force|p1a: Arcanine
|-damage|p1a: Arcanine|21/100
|move|p1a: Arcanine|Head Smash|p2a: Indeedee
|-damage|p2a: Indeedee|0 fnt
|faint|p2a: Indeedee
|
|upkeep
|
|t:|1760330533
|switch|p2a: Hitmonlee|Hitmonlee, M|100/100
|-enditem|p2a: Hitmonlee|Psychic Seed
|-boost|p2a: Hitmonlee|spd|1|[from] item: Psychic Seed
|turn|4
|
|t:|1760330540
|move|p2a: Hitmonlee|Knock Off|p1a: Arcanine
|-damage|p1a: Arcanine|0 fnt
|-enditem|p1a: Arcanine|Focus Sash|[from] move: Knock Off|[of] p2a: Hitmonlee
|faint|p1a: Arcanine
|
|upkeep
|
|t:|1760330554
|switch|p1a: Talonflame|Talonflame, M|100/100
|turn|5
|
|t:|1760330564
|move|p1a: Talonflame|Defog|p2a: Hitmonlee
|-activate|p2a: Hitmonlee|move: Psychic Terrain
|move|p2a: Hitmonlee|Swords Dance|p2a: Hitmonlee
|-boost|p2a: Hitmonlee|atk|2
|
|upkeep
|turn|6
|
|t:|1760330572
|move|p1a: Talonflame|Brave Bird|p2a: Hitmonlee
|-activate|p2a: Hitmonlee|move: Psychic Terrain
|move|p2a: Hitmonlee|Knock Off|p1a: Talonflame
|-damage|p1a: Talonflame|0 fnt
|-enditem|p1a: Talonflame|Heavy-Duty Boots|[from] move: Knock Off|[of] p2a: Hitmonlee
|faint|p1a: Talonflame
|
|upkeep
|c|☆jwhi|huh
|
|t:|1760330584
|switch|p1a: Pelipper|Pelipper, F|100/100
|-damage|p1a: Pelipper|76/100|[from] Stealth Rock
|-weather|RainDance|[from] ability: Drizzle|[of] p1a: Pelipper
|turn|7
|
|t:|1760330590
|move|p2a: Hitmonlee|Knock Off|p1a: Pelipper
|-damage|p1a: Pelipper|23/100
|-enditem|p1a: Pelipper|Damp Rock|[from] move: Knock Off|[of] p2a: Hitmonlee
|move|p1a: Pelipper|Hurricane|p2a: Hitmonlee
|-supereffective|p2a: Hitmonlee
|-damage|p2a: Hitmonlee|41/100
|
|-weather|RainDance|[upkeep]
|upkeep
|turn|8
|
|t:|1760330597
|move|p2a: Hitmonlee|Knock Off|p1a: Pelipper
|-damage|p1a: Pelipper|0 fnt
|faint|p1a: Pelipper
|
|-weather|RainDance|[upkeep]
|upkeep
|
|t:|1760330605
|switch|p1a: Floatzel|Floatzel, F|100/100
|-damage|p1a: Floatzel|88/100|[from] Stealth Rock
|turn|9
|
|t:|1760330611
|move|p1a: Floatzel|Wave Crash|p2a: Hitmonlee
|-damage|p2a: Hitmonlee|0 fnt
|faint|p2a: Hitmonlee
|-damage|p1a: Floatzel|78/100|[from] Recoil
|
|-weather|RainDance|[upkeep]
|upkeep
|
|t:|1760330625
|switch|p2a: Polteageist|Polteageist|100/100
|turn|10
|
|t:|1760330642
|move|p1a: Floatzel|Wave Crash|p2a: Polteageist
|-enditem|p2a: Polteageist|Focus Sash
|-damage|p2a: Polteageist|1/100
|-ability|p2a: Polteageist|Weak Armor|boost
|-unboost|p2a: Polteageist|def|1
|-boost|p2a: Polteageist|spe|2
|-damage|p1a: Floatzel|50/100|[from] Recoil
|move|p2a: Polteageist|Shadow Ball|p1a: Floatzel
|-damage|p1a: Floatzel|0 fnt
|faint|p1a: Floatzel
|
|-weather|RainDance|[upkeep]
|-fieldend|move: Psychic Terrain
|upkeep
|
|t:|1760330651
|switch|p1a: Ambipom|Ambipom, F|100/100
|-damage|p1a: Ambipom|88/100|[from] Stealth Rock
|turn|11
|
|t:|1760330661
|move|p2a: Polteageist|Tera Blast|p1a: Ambipom
|-damage|p1a: Ambipom|34/100
|move|p1a: Ambipom|Knock Off|p2a: Polteageist
|-supereffective|p2a: Polteageist
|-damage|p2a: Polteageist|0 fnt
|faint|p2a: Polteageist
|
|-weather|RainDance|[upkeep]
|upkeep
|
|t:|1760330668
|switch|p2a: Iron Treads|Iron Treads|100/100
|-enditem|p2a: Iron Treads|Booster Energy
|-activate|p2a: Iron Treads|ability: Quark Drive|[fromitem]
|-start|p2a: Iron Treads|quarkdrivespe
|turn|12
|
|t:|1760330671
|move|p2a: Iron Treads|Ice Spinner|p1a: Ambipom
|-damage|p1a: Ambipom|0 fnt
|faint|p1a: Ambipom
|
|-weather|RainDance|[upkeep]
|upkeep
|
|t:|1760330673
|switch|p1a: Dragonite|Dragonite, M|100/100
|-damage|p1a: Dragonite|76/100|[from] Stealth Rock
|turn|13
|
|t:|1760330680
|-terastallize|p1a: Dragonite|Normal
|move|p2a: Iron Treads|Ice Spinner|p1a: Dragonite
|-damage|p1a: Dragonite|48/100
|move|p1a: Dragonite|Dragon Dance|p1a: Dragonite
|-boost|p1a: Dragonite|atk|1
|-boost|p1a: Dragonite|spe|1
|
|-weather|RainDance|[upkeep]
|upkeep
|turn|14
|
|t:|1760330688
|move|p2a: Iron Treads|Earthquake|p1a: Dragonite
|-damage|p1a: Dragonite|1/100
|move|p1a: Dragonite|Outrage|p2a: Iron Treads
|-resisted|p2a: Iron Treads
|-damage|p2a: Iron Treads|50/100
|
|-weather|none
|upkeep
|turn|15
|
|t:|1760330693
|move|p2a: Iron Treads|Knock Off|p1a: Dragonite
|-damage|p1a: Dragonite|0 fnt
|-enditem|p1a: Dragonite|Lum Berry|[from] move: Knock Off|[of] p2a: Iron Treads
|faint|p1a: Dragonite
|
|win|Hainana
|raw|jwhi's rating: 1310 &rarr; <strong>1287</strong><br />(-23 for losing)
|raw|Hainana's rating: 1251 &rarr; <strong>1280</strong><br />(+29 for winning)
|l|☆jwhi
|player|p1|
|l|☆Hainana
|player|p2|
