|j|☆yousonofaBImin
|j|☆Kaz2109
|t:|1760389165
|gametype|singles
|player|p1|yousonofaBImin|blue|1362
|player|p2|Kaz2109|lady-gen4|1391
|gen|9
|tier|[Gen 9] OU
|rated|
|rule|HP Percentage Mod: HP is shown in percentages
|rule|Endless Battle Clause: Forcing endless battles is banned
|rule|Species Clause: Limit one of each Pokémon
|rule|OHKO Clause: OHKO moves are banned
|rule|Evasion Items Clause: Evasion items are banned
|rule|Evasion Moves Clause: Evasion moves are banned
|rule|Evasion Abilities Clause: Evasion abilities are banned
|rule|Sleep Moves Clause: Sleep-inducing moves are banned
|clearpoke
|poke|p1|Iron Valiant|
|poke|p1|Gliscor, M|
|poke|p1|Alomomola, M|
|poke|p1|Blissey, F|
|poke|p1|Raging Bolt|
|poke|p1|Cinderace, F|
|poke|p2|Pelipper, F|
|poke|p2|Zapdos|
|poke|p2|Barraskewda, F|
|poke|p2|Zamazenta-*|
|poke|p2|Raging Bolt|
|poke|p2|Iron Treads|
|teampreview
|inactive|Battle timer is ON: inactive players will automatically lose when time's up. (requested by Kaz2109)
|
|t:|1760389188
|teamsize|p1|6
|teamsize|p2|6
|start
|switch|p1a: Iron Valiant|Iron Valiant|100/100
|switch|p2a: Pelipper|Pelipper, F|100/100
|-weather|RainDance|[from] ability: Drizzle|[of] p2a: Pelipper
|-enditem|p1a: Iron Valiant|Booster Energy
|-activate|p1a: Iron Valiant|ability: Quark Drive|[fromitem]
|-start|p1a: Iron Valiant|quarkdrivespe
|turn|1
|
|t:|1760389201
|switch|p2a: Zapdos|Zapdos|100/100
|move|p1a: Iron Valiant|Calm Mind|p1a: Iron Valiant
|-boost|p1a: Iron Valiant|spa|1
|-boost|p1a: Iron Valiant|spd|1
|
|-weather|RainDance|[upkeep]
|upkeep
|turn|2
|
|t:|1760389208
|-terastallize|p2a: Zapdos|Steel
|move|p1a: Iron Valiant|Moonblast|p2a: Zapdos
|-resisted|p2a: Zapdos
|-damage|p2a: Zapdos|68/100
|move|p2a: Zapdos|Hurricane|p1a: Iron Valiant
|-supereffective|p1a: Iron Valiant
|-damage|p1a: Iron Valiant|0 fnt
|faint|p1a: Iron Valiant
|-end|p1a: Iron Valiant|Quark Drive|[silent]
|
|-weather|RainDance|[upkeep]
|upkeep
|
|t:|1760389225
|switch|p1a: Cinderace|Cinderace, F|100/100
|turn|3
|
|t:|1760389231
|move|p1a: Cinderace|Pyro Ball|p2a: Zapdos
|-supereffective|p2a: Zapdos
|-damage|p2a: Zapdos|29/100
|move|p2a: Zapdos|Thunder Wave|p1a: Cinderace
|-status|p1a: Cinderace|par
|
|-weather|RainDance|[upkeep]
|upkeep
|turn|4
|
|t:|1760389237
|move|p2a: Zapdos|Roost|p2a: Zapdos
|-heal|p2a: Zapdos|79/100
|move|p1a: Cinderace|Pyro Ball|p2a: Zapdos
|-supereffective|p2a: Zapdos
|-damage|p2a: Zapdos|40/100
|
|-weather|RainDance|[upkeep]
|upkeep
|turn|5
|
|t:|1760389240
|move|p2a: Zapdos|U-turn|p1a: Cinderace
|-resisted|p1a: Cinderace
|-damage|p1a: Cinderace|91/100 par
|
|t:|1760389244
|switch|p2a: Raging Bolt|Raging Bolt|100/100|[from] U-turn
|cant|p1a: Cinderace|par
|
|-weather|RainDance|[upkeep]
|upkeep
|turn|6
|
|t:|1760389251
|move|p2a: Raging Bolt|Weather Ball|p1a: Cinderace
|-supereffective|p1a: Cinderace
|-damage|p1a: Cinderace|0 fnt
|faint|p1a: Cinderace
|
|-weather|RainDance|[upkeep]
|upkeep
|
|t:|1760389256
|switch|p1a: Raging Bolt|Raging Bolt|100/100
|-enditem|p1a: Raging Bolt|Booster Energy
|-activate|p1a: Raging Bolt|ability: Protosynthesis|[fromitem]
|-start|p1a: Raging Bolt|protosynthesisspa
|turn|7
|
|t:|1760389261
|-terastallize|p1a: Raging Bolt|Bug
|move|p2a: Raging Bolt|Draco Meteor|p1a: Raging Bolt
|-damage|p1a: Raging Bolt|42/100
|-unboost|p2a: Raging Bolt|spa|2
|move|p1a: Raging Bolt|Calm Mind|p1a: Raging Bolt
|-boost|p1a: Raging Bolt|spa|1
|-boost|p1a: Raging Bolt|spd|1
|
|-weather|RainDance|[upkeep]
|upkeep
|turn|8
|
|t:|1760389274
|move|p2a: Raging Bolt|Volt Switch|p1a: Raging Bolt
|-damage|p1a: Raging Bolt|29/100
|
|t:|1760389279
|-end|p2a: Raging Bolt|Protosynthesis|[silent]
|switch|p2a: Zapdos|Zapdos, tera:Steel|40/100|[from] Volt Switch
|move|p1a: Raging Bolt|Dragon Pulse|p2a: Zapdos
|-resisted|p2a: Zapdos
|-damage|p2a: Zapdos|0 fnt
|faint|p2a: Zapdos
|
|-weather|none
|upkeep
|
|t:|1760389284
|switch|p2a: Barraskewda|Barraskewda, F|100/100
|turn|9
|
|t:|1760389287
|move|p2a: Barraskewda|Aqua Jet|p1a: Raging Bolt
|-damage|p1a: Raging Bolt|0 fnt
|faint|p1a: Raging Bolt
|-end|p1a: Raging Bolt|Protosynthesis|[silent]
|
|upkeep
|-message|yousonofaBImin forfeited.
|
|win|Kaz2109
|raw|yousonofaBImin's rating: 1362 &rarr; <strong>1344</strong><br />(-18 for losing)
|raw|Kaz2109's rating: 1391 &rarr; <strong>1409</strong><br />(+18 for winning)
|l|☆yousonofaBImin
|player|p1|
|j|☆yousonofaBImin
|player|p1|yousonofaBImin|blue|
