|j|☆sama the zama
|j|☆pidgey bot
|t:|1760338626
|gametype|singles
|player|p1|sama the zama|misty|1551
|player|p2|pidgey bot|101|1548
|gen|9
|tier|[Gen 9] OU
|rated|
|rule|HP Percentage Mod: HP is shown in percentages
|rule|Endless Battle Clause: Forcing endless battles is banned
|rule|Species Clause: Limit one of each Pokémon
|rule|OHKO Clause: OHKO moves are banned
|rule|Evasion Items Clause: Evasion items are banned
|rule|Evasion Moves Clause: Evasion moves are banned
|rule|Evasion Abilities Clause: Evasion abilities are banned
|rule|Sleep Moves Clause: Sleep-inducing moves are banned
|clearpoke
|poke|p1|Ninetales, F|
|poke|p1|Dragonite, F|
|poke|p1|Walking Wake|
|poke|p1|Cinderace, F|
|poke|p1|Cresselia, F|
|poke|p1|Great Tusk|
|poke|p2|Gholdengo|
|poke|p2|Zamazenta-*|
|poke|p2|Ting-Lu|
|poke|p2|Clefable, F|
|poke|p2|Dragonite, M|
|poke|p2|Deoxys-Speed|
|teampreview
|inactive|Battle timer is ON: inactive players will automatically lose when time's up. (requested by sama the zama)
|inactive|pidgey bot also wants the timer to be on.
|
|t:|1760338645
|teamsize|p1|6
|teamsize|p2|6
|start
|switch|p1a: Ninetales|Ninetales, F|100/100
|switch|p2a: Moonrock 350|Clefable, F|100/100
|-weather|SunnyDay|[from] ability: Drought|[of] p1a: Ninetales
|turn|1
|
|t:|1760338653
|switch|p1a: Cresselia|Cresselia, F|100/100
|move|p2a: Moonrock 350|Knock Off|p1a: Cresselia
|-supereffective|p1a: Cresselia
|-damage|p1a: Cresselia|84/100
|-enditem|p1a: Cresselia|Eject Button|[from] move: Knock Off|[of] p2a: Moonrock 350
|
|-weather|SunnyDay|[upkeep]
|upkeep
|turn|2
|j| Shimeon91
|
|t:|1760338679
|move|p1a: Cresselia|Thunder Wave|p2a: Moonrock 350
|-status|p2a: Moonrock 350|par
|move|p2a: Moonrock 350|Calm Mind|p2a: Moonrock 350
|-boost|p2a: Moonrock 350|spa|1
|-boost|p2a: Moonrock 350|spd|1
|
|-weather|SunnyDay|[upkeep]
|upkeep
|turn|3
|
|t:|1760338686
|switch|p1a: Ninetales|Ninetales, F|100/100
|move|p2a: Moonrock 350|Knock Off|p1a: Ninetales
|-damage|p1a: Ninetales|78/100
|-enditem|p1a: Ninetales|Heat Rock|[from] move: Knock Off|[of] p2a: Moonrock 350
|
|-weather|SunnyDay|[upkeep]
|upkeep
|turn|4
|
|t:|1760338696
|move|p1a: Ninetales|Encore|p2a: Moonrock 350
|-start|p2a: Moonrock 350|Encore
|move|p2a: Moonrock 350|Knock Off|p1a: Ninetales
|-damage|p1a: Ninetales|63/100
|
|-weather|SunnyDay|[upkeep]
|upkeep
|turn|5
|
|t:|1760338702
|switch|p1a: Great Tusk|Great Tusk|100/100
|-activate|p1a: Great Tusk|ability: Protosynthesis
|-start|p1a: Great Tusk|protosynthesisspe
|move|p2a: Moonrock 350|Knock Off|p1a: Great Tusk
|-resisted|p1a: Great Tusk
|-damage|p1a: Great Tusk|95/100
|-enditem|p1a: Great Tusk|Eject Pack|[from] move: Knock Off|[of] p2a: Moonrock 350
|
|-weather|SunnyDay|[upkeep]
|upkeep
|turn|6
|l| Shimeon91
|
|t:|1760338728
|move|p1a: Great Tusk|Headlong Rush|p2a: Moonrock 350
|-damage|p2a: Moonrock 350|60/100 par
|-unboost|p1a: Great Tusk|def|1
|-unboost|p1a: Great Tusk|spd|1
|move|p2a: Moonrock 350|Knock Off|p1a: Great Tusk
|-resisted|p1a: Great Tusk
|-damage|p1a: Great Tusk|90/100
|
|-weather|SunnyDay|[upkeep]
|-heal|p2a: Moonrock 350|66/100 par|[from] item: Leftovers
|-end|p2a: Moonrock 350|Encore
|upkeep
|turn|7
|
|t:|1760338740
|move|p1a: Great Tusk|Headlong Rush|p2a: Moonrock 350
|-damage|p2a: Moonrock 350|26/100 par
|-unboost|p1a: Great Tusk|def|1
|-unboost|p1a: Great Tusk|spd|1
|move|p2a: Moonrock 350|Moonblast|p1a: Great Tusk
|-supereffective|p1a: Great Tusk
|-damage|p1a: Great Tusk|0 fnt
|faint|p1a: Great Tusk
|-end|p1a: Great Tusk|Protosynthesis|[silent]
|
|-weather|SunnyDay|[upkeep]
|-heal|p2a: Moonrock 350|32/100 par|[from] item: Leftovers
|upkeep
|j| Shimeon91
|
|t:|1760338750
|switch|p1a: Walking Wake|Walking Wake|100/100
|-activate|p1a: Walking Wake|ability: Protosynthesis
|-start|p1a: Walking Wake|protosynthesisspa
|turn|8
|
|t:|1760338756
|move|p1a: Walking Wake|Hydro Steam|p2a: Moonrock 350
|-crit|p2a: Moonrock 350
|-damage|p2a: Moonrock 350|0 fnt
|faint|p2a: Moonrock 350
|
|-weather|none
|-end|p1a: Walking Wake|Protosynthesis
|upkeep
|
|t:|1760338764
|switch|p2a: Dude Nasty Asf|Deoxys-Speed|100/100
|-ability|p2a: Dude Nasty Asf|Pressure
|turn|9
|
|t:|1760338769
|-end|p1a: Walking Wake|Protosynthesis|[silent]
|switch|p1a: Cresselia|Cresselia, F|84/100
|move|p2a: Dude Nasty Asf|Psycho Boost|p1a: Cresselia
|-resisted|p1a: Cresselia
|-damage|p1a: Cresselia|66/100
|-unboost|p2a: Dude Nasty Asf|spa|2
|-enditem|p2a: Dude Nasty Asf|Eject Pack
|
|t:|1760338784
|switch|p2a: Up Bowl On Em|Ting-Lu|100/100
|-ability|p2a: Up Bowl On Em|Vessel of Ruin
|
|upkeep
|turn|10
|
|t:|1760338789
|switch|p1a: Cinderace|Cinderace, F|100/100
|move|p2a: Up Bowl On Em|Spikes|p1a: Cinderace
|-sidestart|p1: sama the zama|Spikes
|
|upkeep
|turn|11
|
|t:|1760338795
|move|p1a: Cinderace|Low Kick|p2a: Up Bowl On Em
|-start|p1a: Cinderace|typechange|Fighting|[from] ability: Libero
|-supereffective|p2a: Up Bowl On Em
|-damage|p2a: Up Bowl On Em|39/100
|-damage|p1a: Cinderace|84/100|[from] item: Rocky Helmet|[of] p2a: Up Bowl On Em
|move|p2a: Up Bowl On Em|Earthquake|p1a: Cinderace
|-damage|p1a: Cinderace|33/100
|
|upkeep
|turn|12
|l| Shimeon91
|inactive|pidgey bot has 120 seconds left.
|j| Shimeon91
|l| Shimeon91
|inactive|pidgey bot has 90 seconds left.
|
|t:|1760338859
|switch|p1a: Ninetales|Ninetales, F|63/100
|-damage|p1a: Ninetales|51/100|[from] Spikes
|-weather|SunnyDay|[from] ability: Drought|[of] p1a: Ninetales
|move|p2a: Up Bowl On Em|Earthquake|p1a: Ninetales
|-supereffective|p1a: Ninetales
|-damage|p1a: Ninetales|0 fnt
|faint|p1a: Ninetales
|
|-weather|SunnyDay|[upkeep]
|upkeep
|
|t:|1760338868
|switch|p1a: Walking Wake|Walking Wake|100/100
|-damage|p1a: Walking Wake|88/100|[from] Spikes
|-activate|p1a: Walking Wake|ability: Protosynthesis
|-start|p1a: Walking Wake|protosynthesisspa
|turn|13
|inactive|pidgey bot has 90 seconds left.
|
|t:|1760338885
|move|p1a: Walking Wake|Hydro Steam|p2a: Up Bowl On Em
|-supereffective|p2a: Up Bowl On Em
|-crit|p2a: Up Bowl On Em
|-damage|p2a: Up Bowl On Em|0 fnt
|faint|p2a: Up Bowl On Em
|
|-weather|SunnyDay|[upkeep]
|upkeep
|inactive|pidgey bot has 90 seconds left.
|
|t:|1760338896
|switch|p2a: Secret Service|Dragonite, M|100/100
|turn|14
|
|t:|1760338899
|move|p1a: Walking Wake|Hydro Steam|p2a: Secret Service
|-resisted|p2a: Secret Service
|-damage|p2a: Secret Service|72/100
|move|p2a: Secret Service|Dragon Tail|p1a: Walking Wake
|-supereffective|p1a: Walking Wake
|-damage|p1a: Walking Wake|5/100
|-end|p1a: Walking Wake|Protosynthesis|[silent]
|drag|p1a: Cinderace|Cinderace, F|33/100
|-damage|p1a: Cinderace|21/100|[from] Spikes
|
|-weather|SunnyDay|[upkeep]
|upkeep
|turn|15
|
|t:|1760338908
|move|p2a: Secret Service|Extreme Speed|p1a: Cinderace
|-damage|p1a: Cinderace|0 fnt
|faint|p1a: Cinderace
|
|-weather|SunnyDay|[upkeep]
|upkeep
|
|t:|1760338914
|switch|p1a: Cresselia|Cresselia, F|66/100
|turn|16
|
|t:|1760338919
|switch|p2a: Djengo Unrained|Gholdengo|100/100
|move|p1a: Cresselia|Ice Beam|p2a: Djengo Unrained
|-resisted|p2a: Djengo Unrained
|-damage|p2a: Djengo Unrained|94/100
|
|-weather|none
|upkeep
|turn|17
|inactive|pidgey bot has 120 seconds left.
|
|t:|1760338930
|switch|p1a: Walking Wake|Walking Wake|5/100
|-damage|p1a: Walking Wake|0 fnt|[from] Spikes
|faint|p1a: Walking Wake
|-end|p1a: Walking Wake|Protosynthesis|[silent]
|move|p2a: Djengo Unrained|Shadow Ball|p1: Walking Wake|[notarget]
|-fail|p2a: Djengo Unrained
|
|upkeep
|
|t:|1760338936
|switch|p1a: Dragonite|Dragonite, F|100/100
|turn|18
|inactive|pidgey bot has 120 seconds left.
|inactive|pidgey bot has 90 seconds left.
|
|t:|1760339000
|move|p1a: Dragonite|Dragon Dance|p1a: Dragonite
|-boost|p1a: Dragonite|atk|1
|-boost|p1a: Dragonite|spe|1
|move|p2a: Djengo Unrained|Make It Rain|p1a: Dragonite
|-damage|p1a: Dragonite|73/100
|-unboost|p2a: Djengo Unrained|spa|1
|
|upkeep
|turn|19
|
|t:|1760339009
|move|p1a: Dragonite|Dragon Dance|p1a: Dragonite
|-boost|p1a: Dragonite|atk|1
|-boost|p1a: Dragonite|spe|1
|move|p2a: Djengo Unrained|Make It Rain|p1a: Dragonite
|-damage|p1a: Dragonite|35/100
|-unboost|p2a: Djengo Unrained|spa|1
|
|upkeep
|turn|20
|
|t:|1760339018
|move|p1a: Dragonite|Earthquake|p2a: Djengo Unrained
|-supereffective|p2a: Djengo Unrained
|-damage|p2a: Djengo Unrained|0 fnt
|faint|p2a: Djengo Unrained
|
|upkeep
|
|t:|1760339021
|switch|p2a: CClifford|Zamazenta|100/100
|-ability|p2a: CClifford|Dauntless Shield|boost
|-boost|p2a: CClifford|def|1
|turn|21
|
|t:|1760339025
|-terastallize|p1a: Dragonite|Fairy
|move|p1a: Dragonite|Tera Blast|p2a: CClifford|[anim] Tera Blast Fairy
|-supereffective|p2a: CClifford
|-damage|p2a: CClifford|5/100
|move|p2a: CClifford|Ice Fang|p1a: Dragonite
|-damage|p1a: Dragonite|10/100
|
|upkeep
|turn|22
|
|t:|1760339039
|move|p1a: Dragonite|Tera Blast|p2a: CClifford|[anim] Tera Blast Fairy
|-supereffective|p2a: CClifford
|-damage|p2a: CClifford|0 fnt
|faint|p2a: CClifford
|
|upkeep
|
|t:|1760339043
|switch|p2a: Secret Service|Dragonite, M|72/100
|turn|23
|
|t:|1760339046
|switch|p1a: Cresselia|Cresselia, F|66/100
|-terastallize|p2a: Secret Service|Normal
|move|p2a: Secret Service|Extreme Speed|p1a: Cresselia
|-damage|p1a: Cresselia|36/100
|
|upkeep
|turn|24
|
|t:|1760339054
|switch|p2a: Dude Nasty Asf|Deoxys-Speed|100/100
|-ability|p2a: Dude Nasty Asf|Pressure
|move|p1a: Cresselia|Lunar Dance|p1a: Cresselia
|faint|p1a: Cresselia
|
|upkeep
|
|t:|1760339061
|switch|p1a: Dragonite|Dragonite, F, tera:Fairy|10/100
|-heal|p1a: Dragonite|100/100|[from] move: Lunar Dance
|turn|25
|
|t:|1760339067
|move|p2a: Dude Nasty Asf|Ice Beam|p1a: Dragonite
|-damage|p1a: Dragonite|87/100
|move|p1a: Dragonite|Dragon Dance|p1a: Dragonite
|-boost|p1a: Dragonite|atk|1
|-boost|p1a: Dragonite|spe|1
|
|upkeep
|turn|26
|
|t:|1760339073
|move|p2a: Dude Nasty Asf|Psycho Boost|p1a: Dragonite
|-damage|p1a: Dragonite|15/100
|-unboost|p2a: Dude Nasty Asf|spa|2
|move|p1a: Dragonite|Tera Blast|p2a: Dude Nasty Asf|[anim] Tera Blast Fairy
|-damage|p2a: Dude Nasty Asf|9/100
|
|upkeep
|turn|27
|-message|sama the zama forfeited.
|
|win|pidgey bot
|raw|sama the zama's rating: 1551 &rarr; <strong>1531</strong><br />(-20 for losing)
|raw|pidgey bot's rating: 1548 &rarr; <strong>1568</strong><br />(+20 for winning)
|l|☆sama the zama
|player|p1|
|l|☆pidgey bot
|player|p2|
