|j|☆furkanbolukbasi
|j|☆PrimeXStriker
|t:|1760366706
|gametype|singles
|player|p1|furkanbolukbasi|artist-gen4|1631
|player|p2|PrimeXStriker|marshal|1580
|gen|9
|tier|[Gen 9] OU
|rated|
|rule|HP Percentage Mod: HP is shown in percentages
|rule|Endless Battle Clause: Forcing endless battles is banned
|rule|Species Clause: Limit one of each Pokémon
|rule|OHKO Clause: OHKO moves are banned
|rule|Evasion Items Clause: Evasion items are banned
|rule|Evasion Moves Clause: Evasion moves are banned
|rule|Evasion Abilities Clause: Evasion abilities are banned
|rule|Sleep Moves Clause: Sleep-inducing moves are banned
|clearpoke
|poke|p1|Gholdengo|
|poke|p1|Hatterene, F|
|poke|p1|Darkrai|
|poke|p1|Landorus-Therian, M|
|poke|p1|Dragonite, F|
|poke|p1|Zamazenta-*|
|poke|p2|Zapdos-Galar|
|poke|p2|Iron Jugulis|
|poke|p2|Primarina, F|
|poke|p2|Cinderace, M|
|poke|p2|Tyranitar, F|
|poke|p2|Great Tusk|
|teampreview
|
|t:|1760366713
|teamsize|p1|6
|teamsize|p2|6
|start
|switch|p1a: Landorus|Landorus-Therian, M|100/100
|switch|p2a: Iron Jugulis|Iron Jugulis|100/100
|-ability|p1a: Landorus|Intimidate|boost
|-unboost|p2a: Iron Jugulis|atk|1
|turn|1
|
|t:|1760366720
|switch|p1a: Hatterene|Hatterene, F|100/100
|move|p2a: Iron Jugulis|Dark Pulse|p1a: Hatterene
|-damage|p1a: Hatterene|75/100
|
|upkeep
|turn|2
|
|t:|1760366725
|-end|p2a: Iron Jugulis|Quark Drive|[silent]
|switch|p2a: Tyranitar|Tyranitar, F|100/100
|-weather|Sandstorm|[from] ability: Sand Stream|[of] p2a: Tyranitar
|move|p1a: Hatterene|Draining Kiss|p2a: Tyranitar
|-supereffective|p2a: Tyranitar
|-damage|p2a: Tyranitar|78/100
|-heal|p1a: Hatterene|96/100|[from] drain|[of] p2a: Tyranitar
|
|-weather|Sandstorm|[upkeep]
|-damage|p1a: Hatterene|90/100|[from] Sandstorm
|-heal|p2a: Tyranitar|84/100|[from] item: Leftovers
|upkeep
|turn|3
|
|t:|1760366728
|switch|p1a: Landorus|Landorus-Therian, M|100/100
|-ability|p1a: Landorus|Intimidate|boost
|-unboost|p2a: Tyranitar|atk|1
|move|p2a: Tyranitar|Knock Off|p1a: Landorus
|-damage|p1a: Landorus|71/100
|-damage|p2a: Tyranitar|67/100|[from] item: Rocky Helmet|[of] p1a: Landorus
|-enditem|p1a: Landorus|Rocky Helmet|[from] move: Knock Off|[of] p2a: Tyranitar
|
|-weather|Sandstorm|[upkeep]
|-heal|p2a: Tyranitar|74/100|[from] item: Leftovers
|upkeep
|turn|4
|
|t:|1760366732
|switch|p2a: Great Tusk|Great Tusk|100/100
|move|p1a: Landorus|U-turn|p2a: Great Tusk
|-resisted|p2a: Great Tusk
|-damage|p2a: Great Tusk|96/100
|-damage|p1a: Landorus|54/100|[from] item: Rocky Helmet|[of] p2a: Great Tusk
|inactive|Battle timer is ON: inactive players will automatically lose when time's up. (requested by PrimeXStriker)
|
|t:|1760366736
|switch|p1a: Hatterene|Hatterene, F|90/100|[from] U-turn
|
|-weather|Sandstorm|[upkeep]
|-damage|p1a: Hatterene|84/100|[from] Sandstorm
|upkeep
|turn|5
|
|t:|1760366741
|-end|p2a: Great Tusk|Protosynthesis|[silent]
|switch|p2a: Tyranitar|Tyranitar, F|74/100
|move|p1a: Hatterene|Draining Kiss|p2a: Tyranitar
|-supereffective|p2a: Tyranitar
|-damage|p2a: Tyranitar|51/100
|-heal|p1a: Hatterene|100/100|[from] drain|[of] p2a: Tyranitar
|
|-weather|Sandstorm|[upkeep]
|-damage|p1a: Hatterene|95/100|[from] Sandstorm
|-heal|p2a: Tyranitar|57/100|[from] item: Leftovers
|upkeep
|turn|6
|
|t:|1760366745
|switch|p1a: Landorus|Landorus-Therian, M|54/100
|-ability|p1a: Landorus|Intimidate|boost
|-unboost|p2a: Tyranitar|atk|1
|move|p2a: Tyranitar|Ice Beam|p1a: Landorus
|-supereffective|p1a: Landorus
|-damage|p1a: Landorus|0 fnt
|faint|p1a: Landorus
|
|-weather|none
|-heal|p2a: Tyranitar|64/100|[from] item: Leftovers
|upkeep
|
|t:|1760366748
|switch|p1a: Gholdengo|Gholdengo|100/100
|turn|7
|
|t:|1760366752
|switch|p2a: Cinderace|Cinderace, M|100/100
|move|p1a: Gholdengo|Make It Rain|p2a: Cinderace
|-resisted|p2a: Cinderace
|-crit|p2a: Cinderace
|-damage|p2a: Cinderace|3/100
|-unboost|p1a: Gholdengo|spa|1
|
|upkeep
|turn|8
|
|t:|1760366760
|switch|p1a: Zamazenta|Zamazenta|100/100
|-ability|p1a: Zamazenta|Dauntless Shield|boost
|-boost|p1a: Zamazenta|def|1
|move|p2a: Cinderace|Pyro Ball|p1a: Zamazenta
|-damage|p1a: Zamazenta|68/100
|
|-heal|p1a: Zamazenta|74/100|[from] item: Leftovers
|upkeep
|turn|9
|
|t:|1760366764
|switch|p2a: Primarina|Primarina, F|100/100
|move|p1a: Zamazenta|Body Press|p2a: Primarina
|-resisted|p2a: Primarina
|-damage|p2a: Primarina|79/100
|
|-heal|p1a: Zamazenta|80/100|[from] item: Leftovers
|-heal|p2a: Primarina|85/100|[from] item: Leftovers
|upkeep
|turn|10
|
|t:|1760366770
|switch|p1a: Hatterene|Hatterene, F|95/100
|move|p2a: Primarina|Draining Kiss|p1a: Hatterene
|-damage|p1a: Hatterene|82/100
|-heal|p2a: Primarina|93/100|[from] drain|[of] p1a: Hatterene
|
|-heal|p2a: Primarina|99/100|[from] item: Leftovers
|upkeep
|turn|11
|
|t:|1760366773
|move|p2a: Primarina|Substitute|p2a: Primarina
|-start|p2a: Primarina|Substitute
|-damage|p2a: Primarina|74/100
|move|p1a: Hatterene|Psychic Noise|p2a: Primarina
|-damage|p2a: Primarina|44/100
|-start|p2a: Primarina|move: Heal Block
|
|upkeep
|turn|12
|
|t:|1760366782
|switch|p2a: Tyranitar|Tyranitar, F|64/100
|-weather|Sandstorm|[from] ability: Sand Stream|[of] p2a: Tyranitar
|move|p1a: Hatterene|Psychic Noise|p2a: Tyranitar
|-immune|p2a: Tyranitar
|
|-weather|Sandstorm|[upkeep]
|-damage|p1a: Hatterene|76/100|[from] Sandstorm
|-heal|p2a: Tyranitar|70/100|[from] item: Leftovers
|upkeep
|turn|13
|
|t:|1760366788
|switch|p1a: Zamazenta|Zamazenta|80/100
|move|p2a: Tyranitar|Knock Off|p1a: Zamazenta
|-resisted|p1a: Zamazenta
|-damage|p1a: Zamazenta|64/100
|-enditem|p1a: Zamazenta|Leftovers|[from] move: Knock Off|[of] p2a: Tyranitar
|
|-weather|Sandstorm|[upkeep]
|-damage|p1a: Zamazenta|58/100|[from] Sandstorm
|-heal|p2a: Tyranitar|76/100|[from] item: Leftovers
|upkeep
|turn|14
|
|t:|1760366793
|switch|p2a: Iron Jugulis|Iron Jugulis|100/100
|move|p1a: Zamazenta|Body Press|p2a: Iron Jugulis
|-damage|p2a: Iron Jugulis|64/100
|
|-weather|Sandstorm|[upkeep]
|-damage|p2a: Iron Jugulis|58/100|[from] Sandstorm
|-damage|p1a: Zamazenta|52/100|[from] Sandstorm
|upkeep
|turn|15
|
|t:|1760366798
|switch|p1a: Hatterene|Hatterene, F|76/100
|move|p2a: Iron Jugulis|Air Slash|p1a: Hatterene
|-damage|p1a: Hatterene|53/100
|
|-weather|Sandstorm|[upkeep]
|-damage|p2a: Iron Jugulis|51/100|[from] Sandstorm
|-damage|p1a: Hatterene|47/100|[from] Sandstorm
|upkeep
|turn|16
|
|t:|1760366803
|-end|p2a: Iron Jugulis|Quark Drive|[silent]
|switch|p2a: Tyranitar|Tyranitar, F|76/100
|move|p1a: Hatterene|Draining Kiss|p2a: Tyranitar
|-supereffective|p2a: Tyranitar
|-damage|p2a: Tyranitar|54/100
|-heal|p1a: Hatterene|68/100|[from] drain|[of] p2a: Tyranitar
|
|-weather|none
|-heal|p2a: Tyranitar|60/100|[from] item: Leftovers
|upkeep
|turn|17
|
|t:|1760366810
|move|p2a: Tyranitar|Knock Off|p1a: Hatterene
|-damage|p1a: Hatterene|24/100
|-enditem|p1a: Hatterene|Assault Vest|[from] move: Knock Off|[of] p2a: Tyranitar
|move|p1a: Hatterene|Draining Kiss|p2a: Tyranitar
|-supereffective|p2a: Tyranitar
|-damage|p2a: Tyranitar|27/100
|-heal|p1a: Hatterene|56/100|[from] drain|[of] p2a: Tyranitar
|
|-heal|p2a: Tyranitar|33/100|[from] item: Leftovers
|upkeep
|turn|18
|
|t:|1760366827
|switch|p2a: Primarina|Primarina, F|44/100
|move|p1a: Hatterene|Draining Kiss|p2a: Primarina
|-damage|p2a: Primarina|22/100
|-heal|p1a: Hatterene|75/100|[from] drain|[of] p2a: Primarina
|
|-heal|p2a: Primarina|28/100|[from] item: Leftovers
|upkeep
|turn|19
|
|t:|1760366833
|move|p2a: Primarina|Psychic Noise|p1a: Hatterene
|-damage|p1a: Hatterene|48/100
|-start|p1a: Hatterene|move: Heal Block
|move|p1a: Hatterene|Psychic Noise|p2a: Primarina
|-damage|p2a: Primarina|0 fnt
|faint|p2a: Primarina
|
|upkeep
|
|t:|1760366846
|switch|p2a: Cinderace|Cinderace, M|3/100
|turn|20
|
|t:|1760366858
|move|p2a: Cinderace|Pyro Ball|p1a: Hatterene
|-damage|p1a: Hatterene|0 fnt
|faint|p1a: Hatterene
|
|upkeep
|
|t:|1760366862
|switch|p1a: Dragonite|Dragonite, F|100/100
|turn|21
|
|t:|1760366865
|switch|p2a: Great Tusk|Great Tusk|96/100
|move|p1a: Dragonite|Dragon Dance|p1a: Dragonite
|-boost|p1a: Dragonite|atk|1
|-boost|p1a: Dragonite|spe|1
|
|upkeep
|turn|22
|
|t:|1760366876
|-terastallize|p1a: Dragonite|Flying
|move|p1a: Dragonite|Tera Blast|p2a: Great Tusk|[anim] Tera Blast Flying
|-supereffective|p2a: Great Tusk
|-damage|p2a: Great Tusk|15/100
|move|p2a: Great Tusk|Rapid Spin|p1a: Dragonite
|-damage|p1a: Dragonite|93/100
|-boost|p2a: Great Tusk|spe|1
|
|upkeep
|turn|23
|
|t:|1760366894
|move|p1a: Dragonite|Dragon Dance|p1a: Dragonite
|-boost|p1a: Dragonite|atk|1
|-boost|p1a: Dragonite|spe|1
|move|p2a: Great Tusk|Rapid Spin|p1a: Dragonite
|-damage|p1a: Dragonite|76/100
|-boost|p2a: Great Tusk|spe|1
|
|upkeep
|turn|24
|
|t:|1760366897
|-terastallize|p2a: Great Tusk|Ghost
|move|p1a: Dragonite|Earthquake|p2a: Great Tusk
|-damage|p2a: Great Tusk|0 fnt
|faint|p2a: Great Tusk
|-end|p2a: Great Tusk|Protosynthesis|[silent]
|
|upkeep
|-message|PrimeXStriker forfeited.
|
|win|furkanbolukbasi
|raw|furkanbolukbasi's rating: 1631 &rarr; <strong>1648</strong><br />(+17 for winning)
|raw|PrimeXStriker's rating: 1580 &rarr; <strong>1563</strong><br />(-17 for losing)
|l|☆PrimeXStriker
|player|p2|
|l|☆furkanbolukbasi
|player|p1|
