|j|☆fhfghbffg随便取的
|j|☆Shyve
|t:|1760436936
|gametype|singles
|player|p1|fhfghbffg随便取的|iono|1546
|player|p2|Shyve|rocketgruntf|1539
|gen|9
|tier|[Gen 9] OU
|rated|
|rule|HP Percentage Mod: HP is shown in percentages
|rule|Endless Battle Clause: Forcing endless battles is banned
|rule|Species Clause: Limit one of each Pokémon
|rule|OHKO Clause: OHKO moves are banned
|rule|Evasion Items Clause: Evasion items are banned
|rule|Evasion Moves Clause: Evasion moves are banned
|rule|Evasion Abilities Clause: Evasion abilities are banned
|rule|Sleep Moves Clause: Sleep-inducing moves are banned
|clearpoke
|poke|p1|Blaziken, F|
|poke|p1|Grimmsnarl, M|
|poke|p1|Kingambit, M|
|poke|p1|Ogerpon-Wellspring, F|
|poke|p1|Ninetales-Alola, F|
|poke|p1|Kyurem|
|poke|p2|Raging Bolt|
|poke|p2|Alomomola, F|
|poke|p2|Avalugg-Hisui, M|
|poke|p2|Glimmora, M|
|poke|p2|Dragapult, F|
|poke|p2|Iron Valiant|
|teampreview
|inactive|Battle timer is ON: inactive players will automatically lose when time's up. (requested by fhfghbffg随便取的)
|
|t:|1760436948
|teamsize|p1|6
|teamsize|p2|6
|start
|switch|p1a: Grimmsnarl|Grimmsnarl, M|100/100
|switch|p2a: Glimmora|Glimmora, M|100/100
|turn|1
|
|t:|1760436953
|move|p1a: Grimmsnarl|Taunt|p2a: Glimmora
|-start|p2a: Glimmora|move: Taunt
|cant|p2a: Glimmora|move: Taunt|Stealth Rock
|
|upkeep
|turn|2
|
|t:|1760436957
|move|p1a: Grimmsnarl|Light Screen|p1a: Grimmsnarl
|-sidestart|p1: fhfghbffg随便取的|move: Light Screen
|move|p2a: Glimmora|Mortal Spin|p1a: Grimmsnarl
|-supereffective|p1a: Grimmsnarl
|-damage|p1a: Grimmsnarl|83/100
|-status|p1a: Grimmsnarl|psn
|
|-damage|p1a: Grimmsnarl|71/100 psn|[from] psn
|upkeep
|turn|3
|
|t:|1760436969
|move|p1a: Grimmsnarl|Reflect|p1a: Grimmsnarl
|-sidestart|p1: fhfghbffg随便取的|Reflect
|move|p2a: Glimmora|Mortal Spin|p1a: Grimmsnarl
|-supereffective|p1a: Grimmsnarl
|-damage|p1a: Grimmsnarl|62/100 psn
|
|-damage|p1a: Grimmsnarl|49/100 psn|[from] psn
|-end|p2a: Glimmora|move: Taunt
|upkeep
|turn|4
|
|t:|1760436973
|move|p1a: Grimmsnarl|Taunt|p2a: Glimmora
|-start|p2a: Glimmora|move: Taunt
|cant|p2a: Glimmora|move: Taunt|Stealth Rock
|
|-damage|p1a: Grimmsnarl|37/100 psn|[from] psn
|upkeep
|turn|5
|
|t:|1760436976
|switch|p1a: Kingambit|Kingambit, M|100/100
|-item|p1a: Kingambit|Air Balloon
|move|p2a: Glimmora|Earth Power|p1a: Kingambit
|-immune|p1a: Kingambit
|
|upkeep
|turn|6
|
|t:|1760437005
|switch|p2a: Alomomola|Alomomola, F|100/100
|move|p1a: Kingambit|Swords Dance|p1a: Kingambit
|-boost|p1a: Kingambit|atk|2
|
|upkeep
|turn|7
|
|t:|1760437009
|move|p1a: Kingambit|Kowtow Cleave|p2a: Alomomola
|-crit|p2a: Alomomola
|-damage|p2a: Alomomola|25/100
|-enditem|p2a: Alomomola|Eject Button
|
|t:|1760437013
|switch|p2a: Iron Valiant|Iron Valiant|100/100
|-enditem|p2a: Iron Valiant|Booster Energy
|-activate|p2a: Iron Valiant|ability: Quark Drive|[fromitem]
|-start|p2a: Iron Valiant|quarkdrivespe
|
|upkeep
|turn|8
|
|t:|1760437019
|-terastallize|p1a: Kingambit|Fairy
|move|p2a: Iron Valiant|Destiny Bond|p2a: Iron Valiant
|-singlemove|p2a: Iron Valiant|Destiny Bond
|move|p1a: Kingambit|Iron Head|p2a: Iron Valiant
|-supereffective|p2a: Iron Valiant
|-damage|p2a: Iron Valiant|0 fnt
|faint|p2a: Iron Valiant
|-activate|p2a: Iron Valiant|move: Destiny Bond
|-end|p2a: Iron Valiant|Quark Drive|[silent]
|faint|p1a: Kingambit
|-end|p1a: Kingambit|fallenundefined|[silent]
|
|upkeep
|
|t:|1760437044
|switch|p2a: Glimmora|Glimmora, M|100/100
|switch|p1a: Ninetales|Ninetales-Alola, F|100/100
|-weather|Snowscape|[from] ability: Snow Warning|[of] p1a: Ninetales
|turn|9
|
|t:|1760437050
|move|p1a: Ninetales|Aurora Veil|p1a: Ninetales
|-sidestart|p1: fhfghbffg随便取的|move: Aurora Veil
|move|p2a: Glimmora|Stealth Rock|p1a: Ninetales
|-sidestart|p1: fhfghbffg随便取的|move: Stealth Rock
|
|-weather|Snowscape|[upkeep]
|-sideend|p1: fhfghbffg随便取的|move: Light Screen
|upkeep
|turn|10
|c|☆Shyve|I'm pretty sure it foe
|c|☆Shyve|Doesn't stack
|
|t:|1760437071
|move|p1a: Ninetales|Encore|p2a: Glimmora
|-start|p2a: Glimmora|Encore
|move|p2a: Glimmora|Stealth Rock||[still]
|-fail|p2a: Glimmora
|
|-weather|Snowscape|[upkeep]
|-sideend|p1: fhfghbffg随便取的|Reflect
|upkeep
|turn|11
|inactive|Shyve has 120 seconds left.
|
|t:|1760437103
|switch|p1a: Kyurem|Kyurem|100/100
|-damage|p1a: Kyurem|76/100|[from] Stealth Rock
|-ability|p1a: Kyurem|Pressure
|switch|p2a: Alomomola|Alomomola, F|59/100
|
|-weather|Snowscape|[upkeep]
|-heal|p1a: Kyurem|82/100|[from] item: Leftovers
|upkeep
|turn|12
|
|t:|1760437114
|move|p1a: Kyurem|Dragon Dance|p1a: Kyurem
|-boost|p1a: Kyurem|atk|1
|-boost|p1a: Kyurem|spe|1
|move|p2a: Alomomola|Flip Turn|p1a: Kyurem
|-resisted|p1a: Kyurem
|-damage|p1a: Kyurem|79/100
|inactive|Shyve has 90 seconds left.
|
|t:|1760437156
|switch|p2a: Avalugg|Avalugg-Hisui, M|100/100|[from] Flip Turn
|
|-weather|Snowscape|[upkeep]
|-heal|p1a: Kyurem|85/100|[from] item: Leftovers
|upkeep
|turn|13
|
|t:|1760437160
|move|p1a: Kyurem|Earth Power|p2a: Avalugg
|-supereffective|p2a: Avalugg
|-damage|p2a: Avalugg|0 fnt
|faint|p2a: Avalugg
|
|-weather|none
|-heal|p1a: Kyurem|92/100|[from] item: Leftovers
|upkeep
|
|t:|1760437169
|switch|p2a: Raging Bolt|Raging Bolt|100/100
|turn|14
|inactive|Shyve has 90 seconds left.
|
|t:|1760437178
|-terastallize|p2a: Raging Bolt|Fairy
|move|p1a: Kyurem|Outrage|p2a: Raging Bolt
|-immune|p2a: Raging Bolt
|move|p2a: Raging Bolt|Draco Meteor|p1a: Kyurem
|-supereffective|p1a: Kyurem
|-damage|p1a: Kyurem|23/100
|-unboost|p2a: Raging Bolt|spa|2
|
|-heal|p1a: Kyurem|29/100|[from] item: Leftovers
|upkeep
|turn|15
|
|t:|1760437187
|move|p1a: Kyurem|Dragon Dance|p1a: Kyurem
|-boost|p1a: Kyurem|atk|1
|-boost|p1a: Kyurem|spe|1
|move|p2a: Raging Bolt|Draco Meteor|p1a: Kyurem
|-supereffective|p1a: Kyurem
|-damage|p1a: Kyurem|0 fnt
|-unboost|p2a: Raging Bolt|spa|2
|faint|p1a: Kyurem
|
|upkeep
|
|t:|1760437196
|switch|p1a: Ogerpon|Ogerpon-Wellspring, F|100/100
|-damage|p1a: Ogerpon|88/100|[from] Stealth Rock
|turn|16
|
|t:|1760437200
|move|p1a: Ogerpon|Swords Dance|p1a: Ogerpon
|-boost|p1a: Ogerpon|atk|2
|move|p2a: Raging Bolt|Volt Switch|p1a: Ogerpon
|-damage|p1a: Ogerpon|80/100
|
|t:|1760437204
|-end|p2a: Raging Bolt|Protosynthesis|[silent]
|switch|p2a: Dragapult|Dragapult, F|100/100|[from] Volt Switch
|
|-sideend|p1: fhfghbffg随便取的|move: Aurora Veil
|upkeep
|turn|17
|inactive|Shyve has 120 seconds left.
|
|t:|1760437213
|move|p2a: Dragapult|Dragon Darts|p1a: Ogerpon
|-damage|p1a: Ogerpon|31/100
|-anim|p2a: Dragapult|Dragon Darts|p1a: Ogerpon
|-damage|p1a: Ogerpon|0 fnt
|faint|p1a: Ogerpon
|
|upkeep
|
|t:|1760437217
|switch|p1a: Ninetales|Ninetales-Alola, F|100/100
|-damage|p1a: Ninetales|76/100|[from] Stealth Rock
|-weather|Snowscape|[from] ability: Snow Warning|[of] p1a: Ninetales
|turn|18
|
|t:|1760437230
|switch|p2a: Glimmora|Glimmora, M|100/100
|move|p1a: Ninetales|Aurora Veil|p1a: Ninetales
|-sidestart|p1: fhfghbffg随便取的|move: Aurora Veil
|
|-weather|Snowscape|[upkeep]
|upkeep
|turn|19
|
|t:|1760437237
|move|p1a: Ninetales|Blizzard|p2a: Glimmora
|-damage|p2a: Glimmora|60/100
|move|p2a: Glimmora|Mortal Spin|p1a: Ninetales
|-supereffective|p1a: Ninetales
|-damage|p1a: Ninetales|70/100
|-status|p1a: Ninetales|psn
|
|-weather|Snowscape|[upkeep]
|-damage|p1a: Ninetales|57/100 psn|[from] psn
|upkeep
|turn|20
|
|t:|1760437244
|switch|p2a: Alomomola|Alomomola, F|92/100
|move|p1a: Ninetales|Encore||[still]
|-fail|p1a: Ninetales
|
|-weather|Snowscape|[upkeep]
|-damage|p1a: Ninetales|45/100 psn|[from] psn
|upkeep
|turn|21
|
|t:|1760437248
|move|p1a: Ninetales|Moonblast|p2a: Alomomola
|-damage|p2a: Alomomola|59/100
|move|p2a: Alomomola|Wish|p2a: Alomomola
|
|-weather|Snowscape|[upkeep]
|-damage|p1a: Ninetales|33/100 psn|[from] psn
|upkeep
|turn|22
|
|t:|1760437254
|switch|p2a: Glimmora|Glimmora, M|60/100
|move|p1a: Ninetales|Moonblast|p2a: Glimmora
|-resisted|p2a: Glimmora
|-damage|p2a: Glimmora|43/100
|-unboost|p2a: Glimmora|spa|1
|
|-weather|none
|-heal|p2a: Glimmora|100/100|[from] move: Wish|[wisher] Alomomola
|-damage|p1a: Ninetales|20/100 psn|[from] psn
|upkeep
|turn|23
|
|t:|1760437264
|switch|p1a: Blaziken|Blaziken, F|100/100
|-damage|p1a: Blaziken|88/100|[from] Stealth Rock
|switch|p2a: Alomomola|Alomomola, F|93/100
|
|-heal|p1a: Blaziken|94/100|[from] item: Leftovers
|upkeep
|turn|24
|
|t:|1760437270
|move|p1a: Blaziken|Swords Dance|p1a: Blaziken
|-boost|p1a: Blaziken|atk|2
|move|p2a: Alomomola|Flip Turn|p1a: Blaziken
|-supereffective|p1a: Blaziken
|-damage|p1a: Blaziken|70/100
|
|t:|1760437283
|switch|p2a: Glimmora|Glimmora, M|100/100|[from] Flip Turn
|
|-heal|p1a: Blaziken|76/100|[from] item: Leftovers
|-ability|p1a: Blaziken|Speed Boost|boost
|-boost|p1a: Blaziken|spe|1
|upkeep
|turn|25
|
|t:|1760437293
|move|p1a: Blaziken|Knock Off|p2a: Glimmora
|-damage|p2a: Glimmora|33/100
|-activate|p2a: Glimmora|ability: Toxic Debris
|-sidestart|p1: fhfghbffg随便取的|move: Toxic Spikes
|-enditem|p2a: Glimmora|Focus Sash|[from] move: Knock Off|[of] p1a: Blaziken
|move|p2a: Glimmora|Mortal Spin|p1a: Blaziken
|-damage|p1a: Blaziken|71/100
|-status|p1a: Blaziken|psn
|
|-heal|p1a: Blaziken|77/100 psn|[from] item: Leftovers
|-damage|p1a: Blaziken|64/100 psn|[from] psn
|-sideend|p1: fhfghbffg随便取的|move: Aurora Veil
|-ability|p1a: Blaziken|Speed Boost|boost
|-boost|p1a: Blaziken|spe|1
|upkeep
|turn|26
|
|t:|1760437304
|move|p1a: Blaziken|Knock Off|p2a: Glimmora
|-damage|p2a: Glimmora|0 fnt
|-activate|p2a: Glimmora|ability: Toxic Debris
|-sidestart|p1: fhfghbffg随便取的|move: Toxic Spikes
|faint|p2a: Glimmora
|
|-heal|p1a: Blaziken|70/100 psn|[from] item: Leftovers
|-damage|p1a: Blaziken|58/100 psn|[from] psn
|-ability|p1a: Blaziken|Speed Boost|boost
|-boost|p1a: Blaziken|spe|1
|upkeep
|
|t:|1760437316
|switch|p2a: Alomomola|Alomomola, F|100/100
|turn|27
|
|t:|1760437324
|move|p2a: Alomomola|Protect|p2a: Alomomola
|-singleturn|p2a: Alomomola|Protect
|move|p1a: Blaziken|Close Combat|p2a: Alomomola
|-activate|p2a: Alomomola|move: Protect
|
|-heal|p1a: Blaziken|64/100 psn|[from] item: Leftovers
|-damage|p1a: Blaziken|52/100 psn|[from] psn
|-ability|p1a: Blaziken|Speed Boost|boost
|-boost|p1a: Blaziken|spe|1
|upkeep
|turn|28
|
|t:|1760437329
|switch|p1a: Grimmsnarl|Grimmsnarl, M|37/100 psn
|-damage|p1a: Grimmsnarl|24/100 psn|[from] Stealth Rock
|move|p2a: Alomomola|Flip Turn|p1a: Grimmsnarl
|-damage|p1a: Grimmsnarl|4/100 psn
|
|t:|1760437342
|switch|p2a: Dragapult|Dragapult, F|100/100|[from] Flip Turn
|
|-damage|p1a: Grimmsnarl|0 fnt|[from] psn
|faint|p1a: Grimmsnarl
|upkeep
|
|t:|1760437345
|switch|p1a: Ninetales|Ninetales-Alola, F|20/100 psn
|-damage|p1a: Ninetales|0 fnt|[from] Stealth Rock
|faint|p1a: Ninetales
|
|t:|1760437347
|switch|p1a: Blaziken|Blaziken, F|52/100 psn
|-damage|p1a: Blaziken|40/100 psn|[from] Stealth Rock
|turn|29
|
|t:|1760437351
|move|p2a: Dragapult|Dragon Darts|p1a: Blaziken
|-damage|p1a: Blaziken|0 fnt
|faint|p1a: Blaziken
|
|win|Shyve
|raw|fhfghbffg随便取的's rating: 1546 &rarr; <strong>1526</strong><br />(-20 for losing)
|raw|Shyve's rating: 1539 &rarr; <strong>1559</strong><br />(+20 for winning)
|l|☆fhfghbffg随便取的
|player|p1|
|l|☆Shyve
|player|p2|
