|badge|p2|silver|gen9ou|30-7
|uhtml|medal-msg|<div class="broadcast-blue">Curious what those medals under the avatar are? PS now has Ladder Seasons! For more information, check out the <a href="https://www.smogon.com/forums/threads/3740067/">thread on Smogon.</a></div>
|j|☆Mr Tpen
|j|☆ouww miguel o hara
|t:|1760361931
|gametype|singles
|player|p1|Mr Tpen|170|1782
|player|p2|ouww miguel o hara|giovanni|1955
|gen|9
|tier|[Gen 9] OU
|rated|
|rule|HP Percentage Mod: HP is shown in percentages
|rule|Endless Battle Clause: Forcing endless battles is banned
|rule|Species Clause: Limit one of each Pokémon
|rule|OHKO Clause: OHKO moves are banned
|rule|Evasion Items Clause: Evasion items are banned
|rule|Evasion Moves Clause: Evasion moves are banned
|rule|Evasion Abilities Clause: Evasion abilities are banned
|rule|Sleep Moves Clause: Sleep-inducing moves are banned
|clearpoke
|poke|p1|Enamorus, F|
|poke|p1|Kyurem|
|poke|p1|Landorus-Therian, M|
|poke|p1|Kingambit, F|
|poke|p1|Ogerpon-Wellspring, F|
|poke|p1|Glimmora, F|
|poke|p2|Zamazenta-*|
|poke|p2|Iron Moth|
|poke|p2|Gliscor, M|
|poke|p2|Clefable, M|
|poke|p2|Blissey, F|
|poke|p2|Dragapult, M|
|teampreview
|inactive|Battle timer is ON: inactive players will automatically lose when time's up. (requested by Mr Tpen)
|
|t:|1760361945
|teamsize|p1|6
|teamsize|p2|6
|start
|switch|p1a: Ogerpon|Ogerpon-Wellspring, F|100/100
|switch|p2a: Gliscor|Gliscor, M|100/100
|turn|1
|
|t:|1760361948
|move|p1a: Ogerpon|Knock Off|p2a: Gliscor
|-damage|p2a: Gliscor|69/100
|-enditem|p2a: Gliscor|Toxic Orb|[from] move: Knock Off|[of] p1a: Ogerpon
|move|p2a: Gliscor|Toxic|p1a: Ogerpon
|-status|p1a: Ogerpon|tox
|
|-damage|p1a: Ogerpon|95/100 tox|[from] psn
|upkeep
|turn|2
|
|t:|1760361955
|switch|p2a: Zamazenta|Zamazenta|100/100
|-ability|p2a: Zamazenta|Dauntless Shield|boost
|-boost|p2a: Zamazenta|def|1
|move|p1a: Ogerpon|Taunt|p2a: Zamazenta
|-start|p2a: Zamazenta|move: Taunt
|
|-damage|p1a: Ogerpon|83/100 tox|[from] psn
|upkeep
|turn|3
|
|t:|1760361961
|switch|p2a: Blissey|Blissey, F|100/100
|switch|p1a: Landorus|Landorus-Therian, M|100/100
|-ability|p1a: Landorus|Intimidate|boost
|-unboost|p2a: Blissey|atk|1
|
|upkeep
|turn|4
|
|t:|1760361965
|move|p1a: Landorus|Taunt|p2a: Blissey
|-start|p2a: Blissey|move: Taunt
|move|p2a: Blissey|Ice Beam|p1a: Landorus
|-supereffective|p1a: Landorus
|-damage|p1a: Landorus|28/100
|
|upkeep
|turn|5
|
|t:|1760361968
|move|p1a: Landorus|Stealth Rock|p2a: Blissey
|-sidestart|p2: ouww miguel o hara|move: Stealth Rock
|move|p2a: Blissey|Ice Beam|p1a: Landorus
|-supereffective|p1a: Landorus
|-damage|p1a: Landorus|0 fnt
|faint|p1a: Landorus
|
|upkeep
|
|t:|1760361972
|switch|p1a: Ogerpon|Ogerpon-Wellspring, F|83/100 tox
|turn|6
|
|t:|1760361975
|switch|p2a: Zamazenta|Zamazenta|100/100
|-damage|p2a: Zamazenta|94/100|[from] Stealth Rock
|move|p1a: Ogerpon|Ivy Cudgel|p2a: Zamazenta|[anim] Ivy Cudgel Water
|-damage|p2a: Zamazenta|58/100
|
|-heal|p2a: Zamazenta|64/100|[from] item: Leftovers
|-damage|p1a: Ogerpon|77/100 tox|[from] psn
|upkeep
|turn|7
|
|t:|1760361978
|move|p2a: Zamazenta|Body Press|p1a: Ogerpon
|-damage|p1a: Ogerpon|19/100 tox
|move|p1a: Ogerpon|U-turn|p2a: Zamazenta
|-resisted|p2a: Zamazenta
|-damage|p2a: Zamazenta|55/100
|
|t:|1760361981
|switch|p1a: Enamorus|Enamorus, F|100/100|[from] U-turn
|
|-heal|p2a: Zamazenta|61/100|[from] item: Leftovers
|upkeep
|turn|8
|
|t:|1760361984
|switch|p2a: Blissey|Blissey, F|100/100
|-terastallize|p1a: Enamorus|Stellar
|move|p1a: Enamorus|Tera Blast|p2a: Blissey|[anim] Tera Blast Stellar
|-damage|p2a: Blissey|85/100
|-boost|p1a: Enamorus|atk|1
|-boost|p1a: Enamorus|spa|1
|
|upkeep
|turn|9
|
|t:|1760361988
|move|p1a: Enamorus|Superpower|p2a: Blissey
|-supereffective|p2a: Blissey
|-damage|p2a: Blissey|0 fnt
|-boost|p1a: Enamorus|atk|1
|-boost|p1a: Enamorus|def|1
|faint|p2a: Blissey
|
|upkeep
|
|t:|1760361997
|switch|p2a: Clefable|Clefable, M|100/100
|turn|10
|
|t:|1760362001
|switch|p1a: Kingambit|Kingambit, F|100/100
|-activate|p1a: Kingambit|ability: Supreme Overlord
|-start|p1a: Kingambit|fallen1|[silent]
|-item|p1a: Kingambit|Air Balloon
|move|p2a: Clefable|Cosmic Power|p2a: Clefable
|-boost|p2a: Clefable|def|1
|-boost|p2a: Clefable|spd|1
|
|upkeep
|turn|11
|
|t:|1760362015
|switch|p2a: Zamazenta|Zamazenta|61/100
|-damage|p2a: Zamazenta|55/100|[from] Stealth Rock
|move|p1a: Kingambit|Iron Head|p2a: Zamazenta
|-damage|p2a: Zamazenta|22/100
|
|-heal|p2a: Zamazenta|28/100|[from] item: Leftovers
|upkeep
|turn|12
|
|t:|1760362021
|-end|p1a: Kingambit|fallen1|[silent]
|switch|p1a: Enamorus|Enamorus, F, tera:Stellar|100/100
|move|p2a: Zamazenta|Body Press|p1a: Enamorus
|-resisted|p1a: Enamorus
|-damage|p1a: Enamorus|84/100
|
|-heal|p2a: Zamazenta|34/100|[from] item: Leftovers
|upkeep
|turn|13
|
|t:|1760362028
|move|p2a: Zamazenta|Body Press|p1a: Enamorus
|-resisted|p1a: Enamorus
|-damage|p1a: Enamorus|68/100
|move|p1a: Enamorus|Moonblast|p2a: Zamazenta
|-supereffective|p2a: Zamazenta
|-damage|p2a: Zamazenta|0 fnt
|faint|p2a: Zamazenta
|
|upkeep
|
|t:|1760362038
|switch|p2a: Iron Moth|Iron Moth|100/100
|turn|14
|
|t:|1760362043
|switch|p1a: Glimmora|Glimmora, F|100/100
|move|p2a: Iron Moth|Fiery Dance|p1a: Glimmora
|-resisted|p1a: Glimmora
|-damage|p1a: Glimmora|74/100
|-enditem|p1a: Glimmora|Red Card|[of] p2a: Iron Moth
|-end|p2a: Iron Moth|Quark Drive|[silent]
|drag|p2a: Dragapult|Dragapult, M|100/100
|
|upkeep
|turn|15
|
|t:|1760362067
|move|p2a: Dragapult|Will-O-Wisp|p1a: Glimmora
|-status|p1a: Glimmora|brn
|move|p1a: Glimmora|Power Gem|p2a: Dragapult
|-damage|p2a: Dragapult|50/100
|
|-damage|p1a: Glimmora|68/100 brn|[from] brn
|upkeep
|turn|16
|
|t:|1760362081
|switch|p2a: Gliscor|Gliscor, M|69/100
|-damage|p2a: Gliscor|56/100|[from] Stealth Rock
|switch|p1a: Kyurem|Kyurem|100/100
|-ability|p1a: Kyurem|Pressure
|
|upkeep
|turn|17
|
|t:|1760362086
|move|p1a: Kyurem|Ice Beam|p2a: Gliscor
|-supereffective|p2a: Gliscor
|-damage|p2a: Gliscor|0 fnt
|faint|p2a: Gliscor
|
|upkeep
|
|t:|1760362089
|switch|p2a: Dragapult|Dragapult, M|50/100
|turn|18
|
|t:|1760362091
|move|p1a: Kyurem|Ice Beam|p2a: Dragapult
|-supereffective|p2a: Dragapult
|-damage|p2a: Dragapult|0 fnt
|faint|p2a: Dragapult
|
|upkeep
|
|t:|1760362094
|switch|p2a: Iron Moth|Iron Moth|100/100
|turn|19
|
|t:|1760362097
|switch|p1a: Glimmora|Glimmora, F|68/100 brn
|move|p2a: Iron Moth|Fiery Dance|p1a: Glimmora
|-resisted|p1a: Glimmora
|-damage|p1a: Glimmora|43/100 brn
|-boost|p2a: Iron Moth|spa|1
|
|-damage|p1a: Glimmora|37/100 brn|[from] brn
|upkeep
|turn|20
|
|t:|1760362106
|move|p2a: Iron Moth|Substitute|p2a: Iron Moth
|-start|p2a: Iron Moth|Substitute
|-damage|p2a: Iron Moth|76/100
|move|p1a: Glimmora|Earth Power|p2a: Iron Moth
|-supereffective|p2a: Iron Moth
|-end|p2a: Iron Moth|Substitute
|
|-damage|p1a: Glimmora|30/100 brn|[from] brn
|upkeep
|turn|21
|
|t:|1760362113
|move|p2a: Iron Moth|Fiery Dance|p1a: Glimmora
|-resisted|p1a: Glimmora
|-damage|p1a: Glimmora|0 fnt
|faint|p1a: Glimmora
|
|upkeep
|
|t:|1760362115
|switch|p1a: Kyurem|Kyurem|100/100
|-ability|p1a: Kyurem|Pressure
|turn|22
|
|t:|1760362124
|move|p1a: Kyurem|Ice Beam|p2a: Iron Moth
|-resisted|p2a: Iron Moth
|-damage|p2a: Iron Moth|47/100
|move|p2a: Iron Moth|Fiery Dance|p1a: Kyurem
|-crit|p1a: Kyurem
|-damage|p1a: Kyurem|5/100
|-boost|p2a: Iron Moth|spa|1
|
|upkeep
|turn|23
|
|t:|1760362129
|switch|p1a: Ogerpon|Ogerpon-Wellspring, F|19/100 tox
|move|p2a: Iron Moth|Fiery Dance|p1a: Ogerpon
|-damage|p1a: Ogerpon|0 fnt
|-boost|p2a: Iron Moth|spa|1
|faint|p1a: Ogerpon
|
|upkeep
|
|t:|1760362131
|switch|p1a: Kyurem|Kyurem|5/100
|-ability|p1a: Kyurem|Pressure
|turn|24
|
|t:|1760362136
|move|p1a: Kyurem|Earth Power|p2a: Iron Moth
|-supereffective|p2a: Iron Moth
|-damage|p2a: Iron Moth|0 fnt
|faint|p2a: Iron Moth
|-end|p2a: Iron Moth|Quark Drive|[silent]
|
|upkeep
|
|t:|1760362138
|switch|p2a: Clefable|Clefable, M|100/100
|turn|25
|j| But The Government
|
|t:|1760362141
|switch|p1a: Enamorus|Enamorus, F, tera:Stellar|68/100
|move|p2a: Clefable|Cosmic Power|p2a: Clefable
|-boost|p2a: Clefable|def|1
|-boost|p2a: Clefable|spd|1
|
|upkeep
|turn|26
|
|t:|1760362150
|switch|p1a: Kingambit|Kingambit, F|100/100
|-activate|p1a: Kingambit|ability: Supreme Overlord
|-start|p1a: Kingambit|fallen3|[silent]
|-item|p1a: Kingambit|Air Balloon
|move|p2a: Clefable|Cosmic Power|p2a: Clefable
|-boost|p2a: Clefable|def|1
|-boost|p2a: Clefable|spd|1
|
|upkeep
|turn|27
|
|t:|1760362155
|-terastallize|p2a: Clefable|Steel
|move|p1a: Kingambit|Iron Head|p2a: Clefable
|-resisted|p2a: Clefable
|-damage|p2a: Clefable|89/100
|cant|p2a: Clefable|flinch
|
|upkeep
|turn|28
|l| But The Government
|
|t:|1760362162
|-end|p1a: Kingambit|fallen3|[silent]
|switch|p1a: Enamorus|Enamorus, F, tera:Stellar|68/100
|move|p2a: Clefable|Moonblast|p1a: Enamorus
|-damage|p1a: Enamorus|16/100
|-boost|p1a: Enamorus|spa|1
|
|upkeep
|turn|29
|
|t:|1760362165
|move|p1a: Enamorus|Tera Blast|p2a: Clefable|[anim] Tera Blast Stellar
|-supereffective|p2a: Clefable
|-damage|p2a: Clefable|58/100
|-boost|p1a: Enamorus|atk|1
|-boost|p1a: Enamorus|spa|1
|move|p2a: Clefable|Cosmic Power|p2a: Clefable
|-boost|p2a: Clefable|def|1
|-boost|p2a: Clefable|spd|1
|
|upkeep
|turn|30
|
|t:|1760362169
|move|p1a: Enamorus|Tera Blast|p2a: Clefable|[anim] Tera Blast Stellar
|-supereffective|p2a: Clefable
|-damage|p2a: Clefable|30/100
|-boost|p1a: Enamorus|atk|1
|-boost|p1a: Enamorus|spa|1
|move|p2a: Clefable|Moonlight|p2a: Clefable
|-heal|p2a: Clefable|80/100
|
|upkeep
|turn|31
|
|t:|1760362173
|move|p1a: Enamorus|Superpower|p2a: Clefable
|-supereffective|p2a: Clefable
|-damage|p2a: Clefable|60/100
|-boost|p1a: Enamorus|atk|1
|-boost|p1a: Enamorus|def|1
|move|p2a: Clefable|Moonlight|p2a: Clefable
|-heal|p2a: Clefable|100/100
|
|upkeep
|turn|32
|
|t:|1760362176
|move|p1a: Enamorus|Tera Blast|p2a: Clefable|[anim] Tera Blast Stellar
|-supereffective|p2a: Clefable
|-damage|p2a: Clefable|75/100
|-boost|p1a: Enamorus|atk|1
|-boost|p1a: Enamorus|spa|1
|move|p2a: Clefable|Cosmic Power|p2a: Clefable
|-boost|p2a: Clefable|def|1
|-boost|p2a: Clefable|spd|1
|
|upkeep
|turn|33
|
|t:|1760362179
|move|p1a: Enamorus|Tera Blast|p2a: Clefable|[anim] Tera Blast Stellar
|-supereffective|p2a: Clefable
|-damage|p2a: Clefable|51/100
|-boost|p1a: Enamorus|atk|1
|-boost|p1a: Enamorus|spa|1
|move|p2a: Clefable|Moonlight|p2a: Clefable
|-heal|p2a: Clefable|100/100
|
|upkeep
|turn|34
|
|t:|1760362182
|move|p1a: Enamorus|Tera Blast|p2a: Clefable|[anim] Tera Blast Stellar
|-supereffective|p2a: Clefable
|-damage|p2a: Clefable|79/100
|-boost|p1a: Enamorus|atk|1
|-boost|p1a: Enamorus|spa|1
|move|p2a: Clefable|Moonblast|p1a: Enamorus
|-damage|p1a: Enamorus|0 fnt
|faint|p1a: Enamorus
|
|upkeep
|
|t:|1760362184
|switch|p1a: Kyurem|Kyurem|5/100
|-ability|p1a: Kyurem|Pressure
|turn|35
|
|t:|1760362187
|move|p1a: Kyurem|Ice Beam|p2a: Clefable
|-resisted|p2a: Clefable
|-damage|p2a: Clefable|71/100
|move|p2a: Clefable|Moonblast|p1a: Kyurem
|-supereffective|p1a: Kyurem
|-damage|p1a: Kyurem|0 fnt
|faint|p1a: Kyurem
|
|upkeep
|
|t:|1760362189
|switch|p1a: Kingambit|Kingambit, F|100/100
|-activate|p1a: Kingambit|ability: Supreme Overlord
|-start|p1a: Kingambit|fallen5|[silent]
|-item|p1a: Kingambit|Air Balloon
|turn|36
|
|t:|1760362195
|move|p1a: Kingambit|Low Kick|p2a: Clefable
|-supereffective|p2a: Clefable
|-damage|p2a: Clefable|55/100
|move|p2a: Clefable|Moonblast|p1a: Kingambit
|-damage|p1a: Kingambit|61/100
|-enditem|p1a: Kingambit|Air Balloon
|
|upkeep
|turn|37
|
|t:|1760362198
|move|p1a: Kingambit|Low Kick|p2a: Clefable
|-supereffective|p2a: Clefable
|-damage|p2a: Clefable|38/100
|move|p2a: Clefable|Moonlight|p2a: Clefable
|-heal|p2a: Clefable|88/100
|
|upkeep
|turn|38
|
|t:|1760362200
|move|p1a: Kingambit|Low Kick|p2a: Clefable
|-supereffective|p2a: Clefable
|-damage|p2a: Clefable|72/100
|move|p2a: Clefable|Moonblast|p1a: Kingambit
|-damage|p1a: Kingambit|22/100
|
|upkeep
|turn|39
|
|t:|1760362202
|move|p1a: Kingambit|Low Kick|p2a: Clefable
|-supereffective|p2a: Clefable
|-damage|p2a: Clefable|54/100
|move|p2a: Clefable|Moonblast|p1a: Kingambit
|-damage|p1a: Kingambit|0 fnt
|faint|p1a: Kingambit
|-end|p1a: Kingambit|fallen5|[silent]
|
|win|ouww miguel o hara
|raw|Mr Tpen's rating: 1782 &rarr; <strong>1771</strong><br />(-11 for losing)
|raw|ouww miguel o hara's rating: 1955 &rarr; <strong>1966</strong><br />(+11 for winning)
|l|☆ouww miguel o hara
|player|p2|
|l|☆Mr Tpen
|player|p1|
