|j|☆DNU_ambassadors
|j|☆Hummusgrubbus
|t:|1760344877
|gametype|singles
|player|p1|DNU_ambassadors|clown|1561
|player|p2|Hummusgrubbus|170|1619
|gen|9
|tier|[Gen 9] OU
|rated|
|rule|HP Percentage Mod: HP is shown in percentages
|rule|Endless Battle Clause: Forcing endless battles is banned
|rule|Species Clause: Limit one of each Pokémon
|rule|OHKO Clause: OHKO moves are banned
|rule|Evasion Items Clause: Evasion items are banned
|rule|Evasion Moves Clause: Evasion moves are banned
|rule|Evasion Abilities Clause: Evasion abilities are banned
|rule|Sleep Moves Clause: Sleep-inducing moves are banned
|clearpoke
|poke|p1|Deoxys-Speed|
|poke|p1|Ceruledge, F|
|poke|p1|Kingambit, F|
|poke|p1|Iron Crown|
|poke|p1|Gliscor, F|
|poke|p1|Gholdengo|
|poke|p2|Blaziken, M|
|poke|p2|Great Tusk|
|poke|p2|Dragapult, M|
|poke|p2|Slowking-Galar, M|
|poke|p2|Kyurem|
|poke|p2|Weezing-Galar, M|
|teampreview
|inactive|Battle timer is ON: inactive players will automatically lose when time's up. (requested by DNU_ambassadors)
|inactive|DNU_ambassadors has 120 seconds left.
|
|t:|1760344909
|teamsize|p1|6
|teamsize|p2|6
|start
|switch|p1a: Deoxys|Deoxys-Speed|100/100
|switch|p2a: Dragapult|Dragapult, M|100/100
|-ability|p1a: Deoxys|Pressure
|turn|1
|
|t:|1760344918
|move|p1a: Deoxys|Spikes|p2a: Dragapult
|-sidestart|p2: Hummusgrubbus|Spikes
|move|p2a: Dragapult|Dragon Darts|p1a: Deoxys
|-damage|p1a: Deoxys|47/100
|-anim|p2a: Dragapult|Dragon Darts|p1a: Deoxys
|-damage|p1a: Deoxys|0 fnt
|faint|p1a: Deoxys
|
|upkeep
|
|t:|1760344937
|switch|p1a: Gholdengo|Gholdengo|100/100
|turn|2
|
|t:|1760344945
|move|p1a: Gholdengo|Shadow Ball|p2a: Dragapult
|-supereffective|p2a: Dragapult
|-damage|p2a: Dragapult|0 fnt
|faint|p2a: Dragapult
|
|upkeep
|
|t:|1760344951
|switch|p2a: Kyurem|Kyurem|100/100
|-damage|p2a: Kyurem|88/100|[from] Spikes
|-ability|p2a: Kyurem|Pressure
|turn|3
|
|t:|1760344971
|-terastallize|p2a: Kyurem|Ground
|move|p1a: Gholdengo|Shadow Ball|p2a: Kyurem
|-damage|p2a: Kyurem|47/100
|move|p2a: Kyurem|Earth Power|p1a: Gholdengo
|-supereffective|p1a: Gholdengo
|-damage|p1a: Gholdengo|0 fnt
|faint|p1a: Gholdengo
|
|upkeep
|inactive|DNU_ambassadors has 120 seconds left.
|inactive|DNU_ambassadors has 90 seconds left.
|
|t:|1760345025
|switch|p1a: Ceruledge|Ceruledge, F|100/100
|turn|4
|
|t:|1760345029
|move|p2a: Kyurem|Earth Power|p1a: Ceruledge
|-supereffective|p1a: Ceruledge
|-enditem|p1a: Ceruledge|Focus Sash
|-damage|p1a: Ceruledge|1/100
|move|p1a: Ceruledge|Bitter Blade|p2a: Kyurem
|-damage|p2a: Kyurem|0 fnt
|-heal|p1a: Ceruledge|32/100|[from] drain|[of] p2a: Kyurem
|faint|p2a: Kyurem
|
|upkeep
|
|t:|1760345039
|switch|p2a: Blaziken|Blaziken, M|100/100
|-damage|p2a: Blaziken|88/100|[from] Spikes
|turn|5
|
|t:|1760345045
|move|p2a: Blaziken|Protect|p2a: Blaziken
|-singleturn|p2a: Blaziken|Protect
|move|p1a: Ceruledge|Swords Dance|p1a: Ceruledge
|-boost|p1a: Ceruledge|atk|2
|
|-ability|p2a: Blaziken|Speed Boost|boost
|-boost|p2a: Blaziken|spe|1
|upkeep
|turn|6
|
|t:|1760345051
|move|p1a: Ceruledge|Shadow Sneak|p2a: Blaziken
|-damage|p2a: Blaziken|11/100
|move|p2a: Blaziken|Flare Blitz|p1a: Ceruledge
|-resisted|p1a: Ceruledge
|-damage|p1a: Ceruledge|0 fnt
|faint|p1a: Ceruledge
|-damage|p2a: Blaziken|1/100|[from] Recoil
|-damage|p2a: Blaziken|0 fnt|[from] item: Life Orb
|faint|p2a: Blaziken
|
|upkeep
|
|t:|1760345059
|switch|p1a: Iron Crown|Iron Crown|100/100
|switch|p2a: Great Tusk|Great Tusk|100/100
|-damage|p2a: Great Tusk|88/100|[from] Spikes
|-enditem|p1a: Iron Crown|Booster Energy
|-activate|p1a: Iron Crown|ability: Quark Drive|[fromitem]
|-start|p1a: Iron Crown|quarkdrivespe
|turn|7
|
|t:|1760345063
|-end|p2a: Great Tusk|Protosynthesis|[silent]
|switch|p2a: Slowking|Slowking-Galar, M|100/100
|-damage|p2a: Slowking|88/100|[from] Spikes
|move|p1a: Iron Crown|Psychic Noise|p2a: Slowking
|-damage|p2a: Slowking|67/100
|-start|p2a: Slowking|move: Heal Block
|
|upkeep
|turn|8
|
|t:|1760345068
|move|p1a: Iron Crown|Calm Mind|p1a: Iron Crown
|-boost|p1a: Iron Crown|spa|1
|-boost|p1a: Iron Crown|spd|1
|move|p2a: Slowking|Mud Shot|p1a: Iron Crown
|-supereffective|p1a: Iron Crown
|-damage|p1a: Iron Crown|82/100
|-unboost|p1a: Iron Crown|spe|1
|
|-end|p2a: Slowking|move: Heal Block
|upkeep
|turn|9
|
|t:|1760345074
|move|p1a: Iron Crown|Psychic Noise|p2a: Slowking
|-damage|p2a: Slowking|38/100
|-start|p2a: Slowking|move: Heal Block
|move|p2a: Slowking|Mud Shot|p1a: Iron Crown
|-supereffective|p1a: Iron Crown
|-damage|p1a: Iron Crown|64/100
|-unboost|p1a: Iron Crown|spe|1
|
|upkeep
|turn|10
|
|t:|1760345081
|move|p1a: Iron Crown|Psychic Noise|p2a: Slowking
|-damage|p2a: Slowking|8/100
|-prepare|p2a: Slowking|Chilly Reception|[premajor]
|move|p2a: Slowking|Chilly Reception|p2a: Slowking
|-weather|Snowscape
|
|t:|1760345083
|switch|p2a: Great Tusk|Great Tusk|88/100|[from] Chilly Reception
|-damage|p2a: Great Tusk|76/100|[from] Spikes
|
|-weather|Snowscape|[upkeep]
|-heal|p2a: Great Tusk|82/100|[from] item: Leftovers
|upkeep
|turn|11
|
|t:|1760345088
|-end|p1a: Iron Crown|Quark Drive|[silent]
|switch|p1a: Gliscor|Gliscor, F|100/100
|move|p2a: Great Tusk|Body Press|p1a: Gliscor
|-resisted|p1a: Gliscor
|-damage|p1a: Gliscor|81/100
|
|-weather|Snowscape|[upkeep]
|-heal|p2a: Great Tusk|88/100|[from] item: Leftovers
|-status|p1a: Gliscor|tox|[from] item: Toxic Orb
|upkeep
|turn|12
|
|t:|1760345092
|move|p1a: Gliscor|Swords Dance|p1a: Gliscor
|-boost|p1a: Gliscor|atk|2
|move|p2a: Great Tusk|Stealth Rock|p1a: Gliscor
|-sidestart|p1: DNU_ambassadors|move: Stealth Rock
|
|-weather|Snowscape|[upkeep]
|-heal|p2a: Great Tusk|94/100|[from] item: Leftovers
|-heal|p1a: Gliscor|94/100 tox|[from] ability: Poison Heal
|upkeep
|turn|13
|
|t:|1760345095
|move|p1a: Gliscor|Facade|p2a: Great Tusk
|-damage|p2a: Great Tusk|66/100
|move|p2a: Great Tusk|Rapid Spin|p1a: Gliscor
|-crit|p1a: Gliscor
|-damage|p1a: Gliscor|76/100 tox
|-boost|p2a: Great Tusk|spe|1
|-sideend|p2: Hummusgrubbus|Spikes|[from] move: Rapid Spin|[of] p2a: Great Tusk
|
|-weather|Snowscape|[upkeep]
|-heal|p2a: Great Tusk|73/100|[from] item: Leftovers
|-heal|p1a: Gliscor|89/100 tox|[from] ability: Poison Heal
|upkeep
|turn|14
|
|t:|1760345103
|move|p2a: Great Tusk|Knock Off|p1a: Gliscor
|-damage|p1a: Gliscor|66/100 tox
|-enditem|p1a: Gliscor|Toxic Orb|[from] move: Knock Off|[of] p2a: Great Tusk
|move|p1a: Gliscor|Swords Dance|p1a: Gliscor
|-boost|p1a: Gliscor|atk|2
|
|-weather|none
|-heal|p2a: Great Tusk|79/100|[from] item: Leftovers
|-heal|p1a: Gliscor|78/100 tox|[from] ability: Poison Heal
|upkeep
|turn|15
|
|t:|1760345124
|-end|p2a: Great Tusk|Protosynthesis|[silent]
|switch|p2a: Weezing|Weezing-Galar, M|100/100
|-ability|p2a: Weezing|Neutralizing Gas
|move|p1a: Gliscor|Earthquake|p2a: Weezing
|-supereffective|p2a: Weezing
|-crit|p2a: Weezing
|-damage|p2a: Weezing|0 fnt
|faint|p2a: Weezing
|-end|p2a: Weezing|ability: Neutralizing Gas
|
|-heal|p1a: Gliscor|91/100 tox|[from] ability: Poison Heal
|upkeep
|
|t:|1760345132
|switch|p2a: Slowking|Slowking-Galar, M|41/100
|turn|16
|
|t:|1760345136
|move|p1a: Gliscor|Earthquake|p2a: Slowking
|-supereffective|p2a: Slowking
|-damage|p2a: Slowking|0 fnt
|faint|p2a: Slowking
|
|-heal|p1a: Gliscor|100/100 tox|[from] ability: Poison Heal
|upkeep
|-message|Hummusgrubbus forfeited.
|
|win|DNU_ambassadors
|raw|DNU_ambassadors's rating: 1561 &rarr; <strong>1584</strong><br />(+23 for winning)
|raw|Hummusgrubbus's rating: 1619 &rarr; <strong>1596</strong><br />(-23 for losing)
|l|☆Hummusgrubbus
|player|p2|
|l|☆DNU_ambassadors
|player|p1|
