|j|☆sminey
|j|☆great_expectations
|t:|1760380266
|gametype|singles
|player|p1|sminey|266|1638
|player|p2|great_expectations|sonia|1640
|gen|9
|tier|[Gen 9] OU
|rated|
|rule|HP Percentage Mod: HP is shown in percentages
|rule|Endless Battle Clause: Forcing endless battles is banned
|rule|Species Clause: Limit one of each Pokémon
|rule|OHKO Clause: OHKO moves are banned
|rule|Evasion Items Clause: Evasion items are banned
|rule|Evasion Moves Clause: Evasion moves are banned
|rule|Evasion Abilities Clause: Evasion abilities are banned
|rule|Sleep Moves Clause: Sleep-inducing moves are banned
|clearpoke
|poke|p1|Latios, M|
|poke|p1|Cinderace, F|
|poke|p1|Weavile, F|
|poke|p1|Zapdos|
|poke|p1|Clefable, M|
|poke|p1|Slowking-Galar, M|
|poke|p2|Corviknight, M|
|poke|p2|Samurott-Hisui, M|
|poke|p2|Latios, M|
|poke|p2|Iron Valiant|
|poke|p2|Clodsire, M|
|poke|p2|Rillaboom, M|
|teampreview
|
|t:|1760380272
|teamsize|p1|6
|teamsize|p2|6
|start
|switch|p1a: Zapdos|Zapdos|100/100
|switch|p2a: Samurott|Samurott-Hisui, M|100/100
|turn|1
|inactive|Battle timer is ON: inactive players will automatically lose when time's up. (requested by sminey)
|
|t:|1760380275
|switch|p2a: Clodsire|Clodsire, M|100/100
|move|p1a: Zapdos|Thunder Wave|p2a: Clodsire
|-immune|p2a: Clodsire
|
|upkeep
|turn|2
|
|t:|1760380282
|switch|p1a: Slowking|Slowking-Galar, M|100/100
|move|p2a: Clodsire|Toxic|p1a: Slowking
|-immune|p1a: Slowking
|
|upkeep
|turn|3
|
|t:|1760380291
|switch|p1a: Latios|Latios, M|100/100
|move|p2a: Clodsire|Earthquake|p1a: Latios
|-immune|p1a: Latios|[from] ability: Levitate
|
|upkeep
|turn|4
|
|t:|1760380298
|switch|p1a: Slowking|Slowking-Galar, M|100/100
|switch|p2a: Samurott|Samurott-Hisui, M|100/100
|
|upkeep
|turn|5
|
|t:|1760380301
|switch|p1a: Zapdos|Zapdos|100/100
|move|p2a: Samurott|Ceaseless Edge|p1a: Zapdos|[miss]
|-miss|p2a: Samurott|p1a: Zapdos
|
|upkeep
|turn|6
|
|t:|1760380311
|switch|p2a: Clodsire|Clodsire, M|100/100
|switch|p1a: Slowking|Slowking-Galar, M|100/100
|
|upkeep
|turn|7
|
|t:|1760380316
|move|p1a: Slowking|Psyshock|p2a: Clodsire
|-supereffective|p2a: Clodsire
|-damage|p2a: Clodsire|35/100
|move|p2a: Clodsire|Earthquake|p1a: Slowking
|-supereffective|p1a: Slowking
|-damage|p1a: Slowking|44/100
|
|-heal|p2a: Clodsire|41/100|[from] item: Black Sludge
|upkeep
|turn|8
|
|t:|1760380325
|switch|p1a: Zapdos|Zapdos|100/100
|switch|p2a: Corviknight|Corviknight, M|100/100
|-ability|p2a: Corviknight|Pressure
|
|upkeep
|turn|9
|
|t:|1760380332
|move|p1a: Zapdos|Hurricane|p2a: Corviknight
|-resisted|p2a: Corviknight
|-damage|p2a: Corviknight|80/100
|move|p2a: Corviknight|U-turn|p1a: Zapdos
|-resisted|p1a: Zapdos
|-damage|p1a: Zapdos|94/100
|-status|p2a: Corviknight|par|[from] ability: Static|[of] p1a: Zapdos
|
|t:|1760380335
|switch|p2a: Clodsire|Clodsire, M|41/100|[from] U-turn
|
|-heal|p2a: Clodsire|47/100|[from] item: Black Sludge
|upkeep
|turn|10
|
|t:|1760380339
|switch|p1a: Weavile|Weavile, F|100/100
|-ability|p1a: Weavile|Pressure
|move|p2a: Clodsire|Toxic|p1a: Weavile
|-status|p1a: Weavile|tox
|
|-heal|p2a: Clodsire|53/100|[from] item: Black Sludge
|-damage|p1a: Weavile|94/100 tox|[from] psn
|upkeep
|turn|11
|
|t:|1760380349
|switch|p1a: Zapdos|Zapdos|94/100
|switch|p2a: Corviknight|Corviknight, M|80/100 par
|-ability|p2a: Corviknight|Pressure
|
|-heal|p2a: Corviknight|86/100 par|[from] item: Leftovers
|upkeep
|turn|12
|
|t:|1760380356
|switch|p2a: Clodsire|Clodsire, M|53/100
|move|p1a: Zapdos|Volt Switch|p2a: Clodsire
|-immune|p2a: Clodsire
|
|-heal|p2a: Clodsire|60/100|[from] item: Black Sludge
|upkeep
|turn|13
|
|t:|1760380361
|switch|p1a: Slowking|Slowking-Galar, M|77/100
|move|p2a: Clodsire|Earthquake|p1a: Slowking
|-supereffective|p1a: Slowking
|-damage|p1a: Slowking|18/100
|
|-heal|p2a: Clodsire|66/100|[from] item: Black Sludge
|upkeep
|turn|14
|
|t:|1760380367
|switch|p1a: Latios|Latios, M|100/100
|switch|p2a: Samurott|Samurott-Hisui, M|100/100
|
|upkeep
|turn|15
|
|t:|1760380370
|move|p1a: Latios|Flip Turn|p2a: Samurott
|-resisted|p2a: Samurott
|-damage|p2a: Samurott|94/100
|
|t:|1760380372
|switch|p1a: Zapdos|Zapdos|94/100|[from] Flip Turn
|move|p2a: Samurott|Ceaseless Edge|p1a: Zapdos
|-damage|p1a: Zapdos|61/100
|-status|p2a: Samurott|par|[from] ability: Static|[of] p1a: Zapdos
|-sidestart|p1: sminey|Spikes
|
|upkeep
|turn|16
|
|t:|1760380382
|switch|p2a: Clodsire|Clodsire, M|66/100
|move|p1a: Zapdos|Hurricane|p2a: Clodsire
|-damage|p2a: Clodsire|41/100
|
|-heal|p2a: Clodsire|47/100|[from] item: Black Sludge
|upkeep
|turn|17
|
|t:|1760380393
|move|p1a: Zapdos|Hurricane|p2a: Clodsire|[miss]
|-miss|p1a: Zapdos|p2a: Clodsire
|move|p2a: Clodsire|Earthquake|p1a: Zapdos
|-immune|p1a: Zapdos
|
|-heal|p2a: Clodsire|54/100|[from] item: Black Sludge
|upkeep
|turn|18
|
|t:|1760380398
|switch|p1a: Slowking|Slowking-Galar, M|51/100
|-damage|p1a: Slowking|38/100|[from] Spikes
|move|p2a: Clodsire|Recover|p2a: Clodsire
|-heal|p2a: Clodsire|100/100
|
|upkeep
|turn|19
|
|t:|1760380402
|switch|p1a: Latios|Latios, M|100/100
|move|p2a: Clodsire|Earthquake|p1a: Latios
|-immune|p1a: Latios|[from] ability: Levitate
|
|upkeep
|turn|20
|
|t:|1760380407
|switch|p2a: Corviknight|Corviknight, M|86/100 par
|-ability|p2a: Corviknight|Pressure
|-terastallize|p1a: Latios|Steel
|move|p1a: Latios|Luster Purge|p2a: Corviknight
|-resisted|p2a: Corviknight
|-damage|p2a: Corviknight|64/100 par
|
|-heal|p2a: Corviknight|70/100 par|[from] item: Leftovers
|upkeep
|turn|21
|
|t:|1760380419
|switch|p1a: Zapdos|Zapdos|61/100
|move|p2a: Corviknight|U-turn|p1a: Zapdos
|-resisted|p1a: Zapdos
|-damage|p1a: Zapdos|56/100
|
|t:|1760380424
|switch|p2a: Latios|Latios, M|100/100|[from] U-turn
|
|upkeep
|turn|22
|
|t:|1760380432
|switch|p1a: Slowking|Slowking-Galar, M|72/100
|-damage|p1a: Slowking|59/100|[from] Spikes
|move|p2a: Latios|Luster Purge|p1a: Slowking
|-damage|p1a: Slowking|31/100
|
|upkeep
|turn|23
|
|t:|1760380440
|switch|p1a: Weavile|Weavile, F|94/100 tox
|-ability|p1a: Weavile|Pressure
|move|p2a: Latios|Luster Purge|p1a: Weavile
|-immune|p1a: Weavile
|
|-damage|p1a: Weavile|88/100 tox|[from] psn
|upkeep
|turn|24
|
|t:|1760380446
|switch|p2a: Samurott|Samurott-Hisui, M|94/100 par
|move|p1a: Weavile|Swords Dance|p1a: Weavile
|-boost|p1a: Weavile|atk|2
|
|-damage|p1a: Weavile|76/100 tox|[from] psn
|upkeep
|turn|25
|
|t:|1760380469
|switch|p1a: Zapdos|Zapdos|56/100
|cant|p2a: Samurott|par
|
|upkeep
|turn|26
|
|t:|1760380477
|move|p1a: Zapdos|Hurricane|p2a: Samurott|[miss]
|-miss|p1a: Zapdos|p2a: Samurott
|move|p2a: Samurott|Aqua Cutter|p1a: Zapdos
|-damage|p1a: Zapdos|20/100
|
|upkeep
|turn|27
|
|t:|1760380487
|switch|p2a: Latios|Latios, M|100/100
|move|p1a: Zapdos|Roost|p1a: Zapdos
|-heal|p1a: Zapdos|70/100
|-singleturn|p1a: Zapdos|move: Roost
|
|upkeep
|turn|28
|
|t:|1760380494
|-terastallize|p2a: Latios|Dragon
|move|p2a: Latios|Draco Meteor|p1a: Zapdos|[miss]
|-miss|p2a: Latios|p1a: Zapdos
|move|p1a: Zapdos|Thunder Wave|p2a: Latios
|-status|p2a: Latios|par
|
|upkeep
|turn|29
|
|t:|1760380500
|switch|p1a: Clefable|Clefable, M|100/100
|move|p2a: Latios|Draco Meteor|p1a: Clefable
|-immune|p1a: Clefable
|
|upkeep
|turn|30
|
|t:|1760380508
|switch|p2a: Corviknight|Corviknight, M|70/100 par
|-ability|p2a: Corviknight|Pressure
|move|p1a: Clefable|Knock Off|p2a: Corviknight
|-damage|p2a: Corviknight|61/100 par
|-enditem|p2a: Corviknight|Leftovers|[from] move: Knock Off|[of] p1a: Clefable
|
|upkeep
|turn|31
|
|t:|1760380511
|switch|p1a: Zapdos|Zapdos|70/100
|move|p2a: Corviknight|Iron Head|p1a: Zapdos
|-resisted|p1a: Zapdos
|-damage|p1a: Zapdos|61/100
|
|upkeep
|turn|32
|
|t:|1760380516
|switch|p2a: Clodsire|Clodsire, M|100/100
|move|p1a: Zapdos|Volt Switch|p2a: Clodsire
|-immune|p2a: Clodsire
|
|upkeep
|turn|33
|
|t:|1760380525
|switch|p1a: Latios|Latios, M, tera:Steel|100/100
|move|p2a: Clodsire|Earthquake|p1a: Latios
|-immune|p1a: Latios|[from] ability: Levitate
|
|upkeep
|turn|34
|
|t:|1760380531
|switch|p2a: Samurott|Samurott-Hisui, M|94/100 par
|move|p1a: Latios|Flip Turn|p2a: Samurott
|-resisted|p2a: Samurott
|-damage|p2a: Samurott|86/100 par
|
|t:|1760380533
|switch|p1a: Zapdos|Zapdos|61/100|[from] Flip Turn
|
|upkeep
|turn|35
|
|t:|1760380537
|move|p1a: Zapdos|Volt Switch|p2a: Samurott
|-supereffective|p2a: Samurott
|-damage|p2a: Samurott|4/100 par
|
|t:|1760380540
|switch|p1a: Clefable|Clefable, M|100/100|[from] Volt Switch
|move|p2a: Samurott|Ceaseless Edge|p1a: Clefable
|-resisted|p1a: Clefable
|-damage|p1a: Clefable|82/100
|-sidestart|p1: sminey|Spikes
|
|upkeep
|turn|36
|
|t:|1760380548
|switch|p2a: Corviknight|Corviknight, M|61/100 par
|-ability|p2a: Corviknight|Pressure
|move|p1a: Clefable|Knock Off|p2a: Corviknight
|-damage|p2a: Corviknight|55/100 par
|
|upkeep
|turn|37
|
|t:|1760380550
|switch|p1a: Zapdos|Zapdos|61/100
|move|p2a: Corviknight|Iron Head|p1a: Zapdos
|-resisted|p1a: Zapdos
|-damage|p1a: Zapdos|51/100
|
|upkeep
|turn|38
|
|t:|1760380554
|switch|p2a: Clodsire|Clodsire, M|100/100
|move|p1a: Zapdos|Roost|p1a: Zapdos
|-heal|p1a: Zapdos|100/100
|-singleturn|p1a: Zapdos|move: Roost
|
|upkeep
|turn|39
|
|t:|1760380561
|switch|p1a: Latios|Latios, M, tera:Steel|100/100
|switch|p2a: Iron Valiant|Iron Valiant|100/100
|-enditem|p2a: Iron Valiant|Booster Energy
|-activate|p2a: Iron Valiant|ability: Quark Drive|[fromitem]
|-start|p2a: Iron Valiant|quarkdrivespe
|
|upkeep
|turn|40
|
|t:|1760380571
|move|p2a: Iron Valiant|Close Combat|p1a: Latios
|-supereffective|p1a: Latios
|-damage|p1a: Latios|0 fnt
|-unboost|p2a: Iron Valiant|def|1
|-unboost|p2a: Iron Valiant|spd|1
|faint|p1a: Latios
|
|upkeep
|
|t:|1760380578
|switch|p1a: Clefable|Clefable, M|82/100
|turn|41
|
|t:|1760380581
|move|p2a: Iron Valiant|Moonblast|p1a: Clefable
|-damage|p1a: Clefable|42/100
|-unboost|p1a: Clefable|spa|1
|move|p1a: Clefable|Moonblast|p2a: Iron Valiant
|-supereffective|p2a: Iron Valiant
|-damage|p2a: Iron Valiant|13/100
|
|upkeep
|turn|42
|
|t:|1760380589
|-end|p2a: Iron Valiant|Quark Drive|[silent]
|switch|p2a: Rillaboom|Rillaboom, M|100/100
|-fieldstart|move: Grassy Terrain|[from] ability: Grassy Surge|[of] p2a: Rillaboom
|switch|p1a: Slowking|Slowking-Galar, M|64/100
|-damage|p1a: Slowking|47/100|[from] Spikes
|
|-heal|p1a: Slowking|54/100|[from] Grassy Terrain
|upkeep
|turn|43
|
|t:|1760380593
|switch|p1a: Zapdos|Zapdos|100/100
|move|p2a: Rillaboom|U-turn|p1a: Zapdos
|-resisted|p1a: Zapdos
|-damage|p1a: Zapdos|87/100
|-status|p2a: Rillaboom|par|[from] ability: Static|[of] p1a: Zapdos
|
|t:|1760380596
|switch|p2a: Clodsire|Clodsire, M|100/100|[from] U-turn
|
|upkeep
|turn|44
|
|t:|1760380602
|switch|p1a: Slowking|Slowking-Galar, M|87/100
|-damage|p1a: Slowking|70/100|[from] Spikes
|switch|p2a: Samurott|Samurott-Hisui, M|4/100 par
|
|-heal|p2a: Samurott|10/100 par|[from] Grassy Terrain
|-heal|p1a: Slowking|76/100|[from] Grassy Terrain
|upkeep
|turn|45
|
|t:|1760380609
|switch|p1a: Zapdos|Zapdos|87/100
|move|p2a: Samurott|Ceaseless Edge|p1a: Zapdos
|-crit|p1a: Zapdos
|-damage|p1a: Zapdos|38/100
|-sidestart|p1: sminey|Spikes
|
|-heal|p2a: Samurott|17/100 par|[from] Grassy Terrain
|upkeep
|turn|46
|
|t:|1760380612
|move|p1a: Zapdos|Roost|p1a: Zapdos
|-heal|p1a: Zapdos|88/100
|-singleturn|p1a: Zapdos|move: Roost
|move|p2a: Samurott|Ceaseless Edge|p1a: Zapdos
|-damage|p1a: Zapdos|53/100
|
|-heal|p1a: Zapdos|59/100|[from] Grassy Terrain
|-heal|p2a: Samurott|23/100 par|[from] Grassy Terrain
|-fieldend|move: Grassy Terrain
|upkeep
|turn|47
|
|t:|1760380617
|switch|p2a: Clodsire|Clodsire, M|100/100
|move|p1a: Zapdos|Hurricane|p2a: Clodsire
|-damage|p2a: Clodsire|74/100
|
|-heal|p2a: Clodsire|80/100|[from] item: Black Sludge
|upkeep
|turn|48
|
|t:|1760380625
|move|p1a: Zapdos|Hurricane|p2a: Clodsire
|-damage|p2a: Clodsire|57/100
|move|p2a: Clodsire|Earthquake|p1a: Zapdos
|-immune|p1a: Zapdos
|
|-heal|p2a: Clodsire|63/100|[from] item: Black Sludge
|upkeep
|turn|49
|
|t:|1760380631
|switch|p1a: Slowking|Slowking-Galar, M|100/100
|-damage|p1a: Slowking|76/100|[from] Spikes
|move|p2a: Clodsire|Earthquake|p1a: Slowking
|-supereffective|p1a: Slowking
|-damage|p1a: Slowking|16/100
|
|-heal|p2a: Clodsire|69/100|[from] item: Black Sludge
|upkeep
|turn|50
|
|t:|1760380641
|switch|p2a: Samurott|Samurott-Hisui, M|23/100 par
|move|p1a: Slowking|Psyshock|p2a: Samurott
|-immune|p2a: Samurott
|
|upkeep
|turn|51
|
|t:|1760380647
|switch|p2a: Latios|Latios, M, tera:Dragon|100/100 par
|switch|p1a: Zapdos|Zapdos|59/100
|
|upkeep
|turn|52
|
|t:|1760380653
|move|p1a: Zapdos|Roost|p1a: Zapdos
|-heal|p1a: Zapdos|100/100
|-singleturn|p1a: Zapdos|move: Roost
|move|p2a: Latios|Luster Purge|p1a: Zapdos
|-damage|p1a: Zapdos|36/100
|-unboost|p1a: Zapdos|spd|1
|
|upkeep
|turn|53
|
|t:|1760380661
|move|p1a: Zapdos|Volt Switch|p2a: Latios
|-resisted|p2a: Latios
|-damage|p2a: Latios|85/100 par
|
|t:|1760380663
|switch|p1a: Weavile|Weavile, F|76/100 tox|[from] Volt Switch
|-ability|p1a: Weavile|Pressure
|cant|p2a: Latios|par
|
|-damage|p1a: Weavile|70/100 tox|[from] psn
|upkeep
|turn|54
|
|t:|1760380671
|switch|p2a: Samurott|Samurott-Hisui, M|23/100 par
|move|p1a: Weavile|Swords Dance|p1a: Weavile
|-boost|p1a: Weavile|atk|2
|
|-damage|p1a: Weavile|58/100 tox|[from] psn
|upkeep
|turn|55
|
|t:|1760380676
|move|p2a: Samurott|Sucker Punch|p1a: Weavile
|-resisted|p1a: Weavile
|-damage|p1a: Weavile|31/100 tox
|move|p1a: Weavile|Knock Off|p2a: Samurott
|-resisted|p2a: Samurott
|-damage|p2a: Samurott|0 fnt
|-enditem|p2a: Samurott|Choice Scarf|[from] move: Knock Off|[of] p1a: Weavile
|faint|p2a: Samurott
|
|-damage|p1a: Weavile|13/100 tox|[from] psn
|upkeep
|
|t:|1760380690
|switch|p2a: Rillaboom|Rillaboom, M|100/100 par
|-fieldstart|move: Grassy Terrain|[from] ability: Grassy Surge|[of] p2a: Rillaboom
|turn|56
|
|t:|1760380696
|switch|p2a: Corviknight|Corviknight, M|55/100 par
|-ability|p2a: Corviknight|Pressure
|move|p1a: Weavile|Ice Shard|p2a: Corviknight
|-damage|p2a: Corviknight|30/100 par
|
|-heal|p1a: Weavile|19/100 tox|[from] Grassy Terrain
|-damage|p1a: Weavile|0 fnt|[from] psn
|faint|p1a: Weavile
|upkeep
|
|t:|1760380698
|switch|p1a: Cinderace|Cinderace, F|100/100
|turn|57
|
|t:|1760380704
|move|p1a: Cinderace|Court Change|p1a: Cinderace
|-start|p1a: Cinderace|typechange|Normal|[from] ability: Libero
|-swapsideconditions
|-activate|p1a: Cinderace|move: Court Change
|move|p2a: Corviknight|Defog|p1a: Cinderace
|-unboost|p1a: Cinderace|evasion|1
|-sideend|p2: great_expectations|Spikes|[from] move: Defog|[of] p2a: Corviknight
|-fieldend|move: Grassy Terrain
|
|upkeep
|turn|58
|
|t:|1760380716
|move|p1a: Cinderace|U-turn|p2a: Corviknight
|-resisted|p2a: Corviknight
|-crit|p2a: Corviknight
|-damage|p2a: Corviknight|25/100 par
|
|t:|1760380718
|switch|p1a: Zapdos|Zapdos|36/100|[from] U-turn
|move|p2a: Corviknight|Roost|p2a: Corviknight
|-heal|p2a: Corviknight|75/100 par
|-singleturn|p2a: Corviknight|move: Roost
|
|upkeep
|turn|59
|
|t:|1760380723
|switch|p1a: Slowking|Slowking-Galar, M|49/100
|switch|p2a: Clodsire|Clodsire, M|69/100
|
|-heal|p2a: Clodsire|76/100|[from] item: Black Sludge
|upkeep
|turn|60
|
|t:|1760380731
|switch|p2a: Latios|Latios, M, tera:Dragon|85/100 par
|move|p1a: Slowking|Psyshock|p2a: Latios
|-damage|p2a: Latios|40/100 par
|
|upkeep
|turn|61
|
|t:|1760380738
|switch|p1a: Clefable|Clefable, M|42/100
|move|p2a: Latios|Luster Purge|p1a: Clefable
|-damage|p1a: Clefable|0 fnt
|faint|p1a: Clefable
|
|upkeep
|
|t:|1760380745
|switch|p1a: Cinderace|Cinderace, F|100/100
|turn|62
|
|t:|1760380748
|move|p1a: Cinderace|Sucker Punch|p2a: Latios
|-start|p1a: Cinderace|typechange|Dark|[from] ability: Libero
|-damage|p2a: Latios|0 fnt
|faint|p2a: Latios
|
|upkeep
|
|t:|1760380757
|switch|p2a: Clodsire|Clodsire, M|76/100
|turn|63
|
|t:|1760380763
|switch|p1a: Zapdos|Zapdos|36/100
|move|p2a: Clodsire|Toxic|p1a: Zapdos
|-status|p1a: Zapdos|tox
|
|-heal|p2a: Clodsire|82/100|[from] item: Black Sludge
|-damage|p1a: Zapdos|30/100 tox|[from] psn
|upkeep
|turn|64
|
|t:|1760380773
|move|p1a: Zapdos|Roost|p1a: Zapdos
|-heal|p1a: Zapdos|80/100 tox
|-singleturn|p1a: Zapdos|move: Roost
|move|p2a: Clodsire|Earthquake|p1a: Zapdos
|-supereffective|p1a: Zapdos
|-damage|p1a: Zapdos|41/100 tox
|
|-heal|p2a: Clodsire|88/100|[from] item: Black Sludge
|-damage|p1a: Zapdos|29/100 tox|[from] psn
|upkeep
|turn|65
|inactive|great_expectations has 120 seconds left.
|
|t:|1760380804
|move|p1a: Zapdos|Roost|p1a: Zapdos
|-heal|p1a: Zapdos|79/100 tox
|-singleturn|p1a: Zapdos|move: Roost
|move|p2a: Clodsire|Earthquake|p1a: Zapdos
|-supereffective|p1a: Zapdos
|-damage|p1a: Zapdos|35/100 tox
|
|-heal|p2a: Clodsire|94/100|[from] item: Black Sludge
|-damage|p1a: Zapdos|17/100 tox|[from] psn
|upkeep
|turn|66
|inactive|great_expectations has 120 seconds left.
|
|t:|1760380817
|switch|p1a: Slowking|Slowking-Galar, M|83/100
|move|p2a: Clodsire|Recover|p2a: Clodsire
|-heal|p2a: Clodsire|100/100
|
|upkeep
|turn|67
|
|t:|1760380822
|switch|p2a: Corviknight|Corviknight, M|75/100 par
|-ability|p2a: Corviknight|Pressure
|move|p1a: Slowking|Psyshock|p2a: Corviknight
|-resisted|p2a: Corviknight
|-damage|p2a: Corviknight|65/100 par
|
|upkeep
|turn|68
|
|t:|1760380829
|move|p1a: Slowking|Flamethrower|p2a: Corviknight
|-supereffective|p2a: Corviknight
|-damage|p2a: Corviknight|18/100 par
|move|p2a: Corviknight|Iron Head|p1a: Slowking
|-damage|p1a: Slowking|58/100
|
|upkeep
|turn|69
|
|t:|1760380837
|move|p1a: Slowking|Psyshock|p2a: Corviknight
|-resisted|p2a: Corviknight
|-damage|p2a: Corviknight|9/100 par
|move|p2a: Corviknight|U-turn|p1a: Slowking
|-damage|p1a: Slowking|42/100
|
|t:|1760380842
|switch|p2a: Iron Valiant|Iron Valiant|13/100|[from] U-turn
|
|upkeep
|turn|70
|
|t:|1760380846
|move|p2a: Iron Valiant|Knock Off|p1a: Slowking
|-supereffective|p1a: Slowking
|-damage|p1a: Slowking|0 fnt
|-enditem|p1a: Slowking|Assault Vest|[from] move: Knock Off|[of] p2a: Iron Valiant
|faint|p1a: Slowking
|
|upkeep
|
|t:|1760380848
|switch|p1a: Cinderace|Cinderace, F|100/100
|turn|71
|
|t:|1760380853
|move|p1a: Cinderace|Pyro Ball|p2a: Iron Valiant
|-damage|p2a: Iron Valiant|0 fnt
|faint|p2a: Iron Valiant
|-end|p2a: Iron Valiant|Quark Drive|[silent]
|
|upkeep
|
|t:|1760380856
|switch|p2a: Clodsire|Clodsire, M|100/100
|turn|72
|
|t:|1760380860
|move|p1a: Cinderace|Pyro Ball|p2a: Clodsire
|-damage|p2a: Clodsire|35/100
|move|p2a: Clodsire|Earthquake|p1a: Cinderace
|-supereffective|p1a: Cinderace
|-damage|p1a: Cinderace|23/100
|
|-heal|p2a: Clodsire|41/100|[from] item: Black Sludge
|upkeep
|turn|73
|
|t:|1760380868
|switch|p2a: Corviknight|Corviknight, M|9/100 par
|-ability|p2a: Corviknight|Pressure
|move|p1a: Cinderace|Pyro Ball|p2a: Corviknight
|-supereffective|p2a: Corviknight
|-damage|p2a: Corviknight|0 fnt
|faint|p2a: Corviknight
|
|upkeep
|
|t:|1760380870
|switch|p2a: Rillaboom|Rillaboom, M|100/100 par
|-fieldstart|move: Grassy Terrain|[from] ability: Grassy Surge|[of] p2a: Rillaboom
|turn|74
|
|t:|1760380875
|move|p2a: Rillaboom|Grassy Glide|p1a: Cinderace
|-resisted|p1a: Cinderace
|-damage|p1a: Cinderace|0 fnt
|faint|p1a: Cinderace
|
|upkeep
|
|t:|1760380876
|switch|p1a: Zapdos|Zapdos|17/100 tox
|turn|75
|
|t:|1760380881
|move|p2a: Rillaboom|Grassy Glide|p1a: Zapdos
|-resisted|p1a: Zapdos
|-damage|p1a: Zapdos|0 fnt
|faint|p1a: Zapdos
|
|win|great_expectations
|raw|sminey's rating: 1638 &rarr; <strong>1618</strong><br />(-20 for losing)
|raw|great_expectations's rating: 1640 &rarr; <strong>1660</strong><br />(+20 for winning)
|l|☆sminey
|player|p1|
