|j|☆MBMOCLS
|j|☆ineverhaxed
|t:|1760461321
|gametype|singles
|player|p1|MBMOCLS|169|1386
|player|p2|ineverhaxed|102|1428
|gen|9
|tier|[Gen 9] OU
|rated|
|rule|HP Percentage Mod: HP is shown in percentages
|rule|Endless Battle Clause: Forcing endless battles is banned
|rule|Species Clause: Limit one of each Pokémon
|rule|OHKO Clause: OHKO moves are banned
|rule|Evasion Items Clause: Evasion items are banned
|rule|Evasion Moves Clause: Evasion moves are banned
|rule|Evasion Abilities Clause: Evasion abilities are banned
|rule|Sleep Moves Clause: Sleep-inducing moves are banned
|clearpoke
|poke|p1|Weavile, F|
|poke|p1|Pecharunt|
|poke|p1|Ting-Lu|
|poke|p1|Tinkaton, F|
|poke|p1|Keldeo|
|poke|p1|Dragonite, F|
|poke|p2|Electrode-Hisui|
|poke|p2|Cloyster, F|
|poke|p2|Blissey, F|
|poke|p2|Darkrai|
|poke|p2|Cinderace, F|
|poke|p2|Lokix, F|
|teampreview
|inactive|Battle timer is ON: inactive players will automatically lose when time's up. (requested by MBMOCLS)
|
|t:|1760461332
|teamsize|p1|6
|teamsize|p2|6
|start
|switch|p1a: Tinkaton|Tinkaton, F|100/100
|switch|p2a: Darkrai|Darkrai|100/100
|-item|p1a: Tinkaton|Air Balloon
|turn|1
|
|t:|1760461347
|move|p2a: Darkrai|Trick|p1a: Tinkaton
|-activate|p2a: Darkrai|move: Trick|[of] p1a: Tinkaton
|-item|p1a: Tinkaton|Choice Scarf|[from] move: Trick
|-item|p2a: Darkrai|Air Balloon
|-item|p2a: Darkrai|Air Balloon|[from] move: Trick
|move|p1a: Tinkaton|Stealth Rock|p2a: Darkrai
|-sidestart|p2: ineverhaxed|move: Stealth Rock
|
|upkeep
|turn|2
|
|t:|1760461353
|switch|p1a: Ting-Lu|Ting-Lu|100/100
|-ability|p1a: Ting-Lu|Vessel of Ruin
|move|p2a: Darkrai|Ice Beam|p1a: Ting-Lu
|-supereffective|p1a: Ting-Lu
|-damage|p1a: Ting-Lu|69/100
|
|upkeep
|turn|3
|
|t:|1760461367
|move|p2a: Darkrai|Ice Beam|p1a: Ting-Lu
|-supereffective|p1a: Ting-Lu
|-damage|p1a: Ting-Lu|38/100
|move|p1a: Ting-Lu|Ruination|p2a: Darkrai
|-damage|p2a: Darkrai|51/100
|-enditem|p2a: Darkrai|Air Balloon
|
|upkeep
|turn|4
|
|t:|1760461373
|move|p2a: Darkrai|Ice Beam|p1a: Ting-Lu
|-supereffective|p1a: Ting-Lu
|-damage|p1a: Ting-Lu|7/100
|move|p1a: Ting-Lu|Whirlwind|p2a: Darkrai
|drag|p2a: Cloyster|Cloyster, F|100/100
|-damage|p2a: Cloyster|76/100|[from] Stealth Rock
|
|upkeep
|turn|5
|
|t:|1760461380
|switch|p1a: Tinkaton|Tinkaton, F|100/100
|move|p2a: Cloyster|Icicle Spear|p1a: Tinkaton
|-resisted|p1a: Tinkaton
|-crit|p1a: Tinkaton
|-damage|p1a: Tinkaton|91/100
|-resisted|p1a: Tinkaton
|-crit|p1a: Tinkaton
|-damage|p1a: Tinkaton|81/100
|-resisted|p1a: Tinkaton
|-damage|p1a: Tinkaton|74/100
|-resisted|p1a: Tinkaton
|-damage|p1a: Tinkaton|67/100
|-resisted|p1a: Tinkaton
|-damage|p1a: Tinkaton|61/100
|-hitcount|p1a: Tinkaton|5
|
|upkeep
|turn|6
|
|t:|1760461399
|switch|p2a: Darkrai|Darkrai|51/100
|-damage|p2a: Darkrai|38/100|[from] Stealth Rock
|move|p1a: Tinkaton|Gigaton Hammer|p2a: Darkrai
|-damage|p2a: Darkrai|0 fnt
|faint|p2a: Darkrai
|
|upkeep
|
|t:|1760461407
|switch|p2a: Cinderace|Cinderace, F|100/100
|-damage|p2a: Cinderace|76/100|[from] Stealth Rock
|turn|7
|
|t:|1760461415
|switch|p1a: Ting-Lu|Ting-Lu|7/100
|-ability|p1a: Ting-Lu|Vessel of Ruin
|move|p2a: Cinderace|Court Change|p2a: Cinderace
|-start|p2a: Cinderace|typechange|Normal|[from] ability: Libero
|-swapsideconditions
|-activate|p2a: Cinderace|move: Court Change
|
|upkeep
|turn|8
|
|t:|1760461418
|move|p2a: Cinderace|Acrobatics|p1a: Ting-Lu
|-damage|p1a: Ting-Lu|0 fnt
|-damage|p2a: Cinderace|59/100|[from] item: Rocky Helmet|[of] p1a: Ting-Lu
|faint|p1a: Ting-Lu
|
|upkeep
|
|t:|1760461422
|switch|p1a: Tinkaton|Tinkaton, F|61/100
|-damage|p1a: Tinkaton|55/100|[from] Stealth Rock
|turn|9
|
|t:|1760461426
|switch|p2a: Cloyster|Cloyster, F|76/100
|move|p1a: Tinkaton|Gigaton Hammer|p2a: Cloyster
|-crit|p2a: Cloyster
|-damage|p2a: Cloyster|12/100
|
|upkeep
|turn|10
|
|t:|1760461439
|-activate|p1a: Tinkaton|move: Struggle
|move|p1a: Tinkaton|Struggle|p2a: Cloyster
|-damage|p2a: Cloyster|4/100
|-damage|p1a: Tinkaton|30/100|[from] recoil
|move|p2a: Cloyster|Shell Smash|p2a: Cloyster
|-unboost|p2a: Cloyster|def|1
|-unboost|p2a: Cloyster|spd|1
|-boost|p2a: Cloyster|atk|2
|-boost|p2a: Cloyster|spa|2
|-boost|p2a: Cloyster|spe|2
|
|upkeep
|turn|11
|
|t:|1760461444
|move|p2a: Cloyster|Icicle Spear|p1a: Tinkaton
|-resisted|p1a: Tinkaton
|-damage|p1a: Tinkaton|17/100
|-resisted|p1a: Tinkaton
|-damage|p1a: Tinkaton|5/100
|-resisted|p1a: Tinkaton
|-damage|p1a: Tinkaton|0 fnt
|faint|p1a: Tinkaton
|-hitcount|p1: Tinkaton|3
|
|upkeep
|
|t:|1760461452
|switch|p1a: Dragonite|Dragonite, F|100/100
|turn|12
|
|t:|1760461457
|-terastallize|p2a: Cloyster|Ghost
|move|p1a: Dragonite|Extreme Speed|p2a: Cloyster
|-immune|p2a: Cloyster
|move|p2a: Cloyster|Icicle Spear|p1a: Dragonite
|-supereffective|p1a: Dragonite
|-damage|p1a: Dragonite|49/100
|-supereffective|p1a: Dragonite
|-damage|p1a: Dragonite|0 fnt
|faint|p1a: Dragonite
|-hitcount|p1: Dragonite|2
|
|upkeep
|
|t:|1760461464
|switch|p1a: Weavile|Weavile, F|100/100
|-ability|p1a: Weavile|Pressure
|turn|13
|
|t:|1760461469
|move|p2a: Cloyster|Ice Shard|p1a: Weavile
|-resisted|p1a: Weavile
|-damage|p1a: Weavile|67/100
|move|p1a: Weavile|Ice Shard|p2a: Cloyster
|-damage|p2a: Cloyster|0 fnt
|faint|p2a: Cloyster
|
|upkeep
|
|t:|1760461475
|switch|p2a: Lokix|Lokix, F|100/100
|turn|14
|
|t:|1760461494
|switch|p1a: Pecharunt|Pecharunt|100/100
|move|p2a: Lokix|First Impression|p1a: Pecharunt
|-resisted|p1a: Pecharunt
|-damage|p1a: Pecharunt|90/100
|
|upkeep
|turn|15
|
|t:|1760461497
|move|p2a: Lokix|U-turn|p1a: Pecharunt
|-resisted|p1a: Pecharunt
|-damage|p1a: Pecharunt|82/100
|
|t:|1760461502
|switch|p2a: Blissey|Blissey, F|100/100|[from] U-turn
|move|p1a: Pecharunt|Parting Shot|p2a: Blissey
|-unboost|p2a: Blissey|atk|1
|-unboost|p2a: Blissey|spa|1
|
|t:|1760461508
|switch|p1a: Weavile|Weavile, F|67/100|[from] Parting Shot
|-ability|p1a: Weavile|Pressure
|
|upkeep
|turn|16
|
|t:|1760461513
|move|p1a: Weavile|Swords Dance|p1a: Weavile
|-boost|p1a: Weavile|atk|2
|move|p2a: Blissey|Flamethrower|p1a: Weavile
|-supereffective|p1a: Weavile
|-damage|p1a: Weavile|30/100
|
|upkeep
|turn|17
|
|t:|1760461521
|switch|p2a: Cinderace|Cinderace, F|59/100
|move|p1a: Weavile|Triple Axel|p2a: Cinderace
|-resisted|p2a: Cinderace
|-damage|p2a: Cinderace|47/100
|-resisted|p2a: Cinderace
|-damage|p2a: Cinderace|22/100
|-resisted|p2a: Cinderace
|-damage|p2a: Cinderace|0 fnt
|faint|p2a: Cinderace
|-hitcount|p2: Cinderace|3
|
|upkeep
|
|t:|1760461530
|switch|p2a: Lokix|Lokix, F|100/100
|turn|18
|
|t:|1760461542
|switch|p1a: Pecharunt|Pecharunt|82/100
|move|p2a: Lokix|First Impression|p1a: Pecharunt
|-resisted|p1a: Pecharunt
|-damage|p1a: Pecharunt|71/100
|
|upkeep
|turn|19
|
|t:|1760461548
|move|p2a: Lokix|U-turn|p1a: Pecharunt
|-resisted|p1a: Pecharunt
|-crit|p1a: Pecharunt
|-damage|p1a: Pecharunt|58/100
|
|t:|1760461551
|switch|p2a: Blissey|Blissey, F|100/100|[from] U-turn
|move|p1a: Pecharunt|Malignant Chain|p2a: Blissey
|-damage|p2a: Blissey|89/100
|-status|p2a: Blissey|tox
|-start|p2a: Blissey|confusion|[from] ability: Poison Puppeteer|[of] p1a: Pecharunt
|
|-heal|p2a: Blissey|95/100 tox|[from] item: Leftovers
|-damage|p2a: Blissey|89/100 tox|[from] psn
|upkeep
|turn|20
|
|t:|1760461573
|switch|p2a: Electrode|Electrode-Hisui|100/100
|move|p1a: Pecharunt|Recover|p1a: Pecharunt
|-heal|p1a: Pecharunt|100/100
|
|upkeep
|turn|21
|
|t:|1760461578
|move|p2a: Electrode|Volt Switch|p1a: Pecharunt
|-damage|p1a: Pecharunt|61/100
|
|t:|1760461581
|switch|p2a: Blissey|Blissey, F|89/100 tox|[from] Volt Switch
|move|p1a: Pecharunt|Malignant Chain|p2a: Blissey
|-damage|p2a: Blissey|77/100 tox
|
|-heal|p2a: Blissey|83/100 tox|[from] item: Leftovers
|-damage|p2a: Blissey|77/100 tox|[from] psn
|upkeep
|turn|22
|
|t:|1760461608
|move|p1a: Pecharunt|Recover|p1a: Pecharunt
|-heal|p1a: Pecharunt|100/100
|move|p2a: Blissey|Shadow Ball|p1a: Pecharunt
|-supereffective|p1a: Pecharunt
|-damage|p1a: Pecharunt|66/100
|
|-heal|p2a: Blissey|83/100 tox|[from] item: Leftovers
|-damage|p2a: Blissey|71/100 tox|[from] psn
|upkeep
|turn|23
|
|t:|1760461614
|move|p1a: Pecharunt|Recover|p1a: Pecharunt
|-heal|p1a: Pecharunt|100/100
|move|p2a: Blissey|Shadow Ball|p1a: Pecharunt
|-supereffective|p1a: Pecharunt
|-damage|p1a: Pecharunt|65/100
|
|-heal|p2a: Blissey|77/100 tox|[from] item: Leftovers
|-damage|p2a: Blissey|59/100 tox|[from] psn
|upkeep
|turn|24
|
|t:|1760461618
|move|p1a: Pecharunt|Parting Shot|p2a: Blissey
|-unboost|p2a: Blissey|atk|1
|-unboost|p2a: Blissey|spa|1
|
|t:|1760461621
|switch|p1a: Weavile|Weavile, F|30/100|[from] Parting Shot
|-ability|p1a: Weavile|Pressure
|move|p2a: Blissey|Shadow Ball|p1a: Weavile
|-resisted|p1a: Weavile
|-damage|p1a: Weavile|22/100
|-unboost|p1a: Weavile|spd|1
|
|-heal|p2a: Blissey|65/100 tox|[from] item: Leftovers
|-damage|p2a: Blissey|40/100 tox|[from] psn
|upkeep
|turn|25
|
|t:|1760461627
|move|p1a: Weavile|Triple Axel|p2a: Blissey
|-damage|p2a: Blissey|31/100 tox
|-damage|p2a: Blissey|11/100 tox
|-damage|p2a: Blissey|0 fnt
|faint|p2a: Blissey
|-hitcount|p2: Blissey|3
|
|upkeep
|
|t:|1760461632
|switch|p2a: Electrode|Electrode-Hisui|100/100
|turn|26
|
|t:|1760461647
|move|p1a: Weavile|Ice Shard|p2a: Electrode
|-supereffective|p2a: Electrode
|-damage|p2a: Electrode|34/100
|move|p2a: Electrode|Volt Switch|p1a: Weavile
|-damage|p1a: Weavile|0 fnt
|faint|p1a: Weavile
|
|t:|1760461652
|switch|p2a: Lokix|Lokix, F|100/100|[from] Volt Switch
|
|upkeep
|
|t:|1760461654
|switch|p1a: Keldeo|Keldeo|100/100
|turn|27
|
|t:|1760461657
|move|p1a: Keldeo|Aura Sphere|p2a: Lokix
|-damage|p2a: Lokix|18/100
|move|p2a: Lokix|U-turn|p1a: Keldeo
|-resisted|p1a: Keldeo
|-damage|p1a: Keldeo|64/100
|
|t:|1760461660
|switch|p2a: Electrode|Electrode-Hisui|34/100|[from] U-turn
|
|upkeep
|turn|28
|
|t:|1760461665
|-terastallize|p1a: Keldeo|Fighting
|move|p1a: Keldeo|Vacuum Wave|p2a: Electrode
|-damage|p2a: Electrode|0 fnt
|faint|p2a: Electrode
|
|upkeep
|-message|ineverhaxed forfeited.
|
|win|MBMOCLS
|raw|MBMOCLS's rating: 1386 &rarr; <strong>1408</strong><br />(+22 for winning)
|raw|ineverhaxed's rating: 1428 &rarr; <strong>1406</strong><br />(-22 for losing)
|l|☆ineverhaxed
|player|p2|
|l|☆MBMOCLS
|player|p1|
