|j|☆teatrero mugroso
|j|☆Railio
|t:|1760302610
|gametype|singles
|player|p1|teatrero mugroso|blue|1364
|player|p2|Railio|169|1406
|gen|9
|tier|[Gen 9] OU
|rated|
|rule|HP Percentage Mod: HP is shown in percentages
|rule|Endless Battle Clause: Forcing endless battles is banned
|rule|Species Clause: Limit one of each Pokémon
|rule|OHKO Clause: OHKO moves are banned
|rule|Evasion Items Clause: Evasion items are banned
|rule|Evasion Moves Clause: Evasion moves are banned
|rule|Evasion Abilities Clause: Evasion abilities are banned
|rule|Sleep Moves Clause: Sleep-inducing moves are banned
|clearpoke
|poke|p1|Clefable, F|
|poke|p1|Blastoise, F|
|poke|p1|Gengar, M|
|poke|p1|Magneton|
|poke|p1|Dragonite, M|
|poke|p1|Moltres|
|poke|p2|Iron Crown|
|poke|p2|Great Tusk|
|poke|p2|Kyurem|
|poke|p2|Moltres|
|poke|p2|Alomomola, M|
|poke|p2|Dragapult, F|
|teampreview
|inactive|Battle timer is ON: inactive players will automatically lose when time's up. (requested by Railio)
|inactive|teatrero mugroso also wants the timer to be on.
|
|t:|1760302627
|teamsize|p1|6
|teamsize|p2|6
|start
|switch|p1a: Clefable|Clefable, F|100/100
|switch|p2a: Dragapult|Dragapult, F|100/100
|turn|1
|
|t:|1760302636
|move|p2a: Dragapult|U-turn|p1a: Clefable
|-resisted|p1a: Clefable
|-damage|p1a: Clefable|82/100
|
|t:|1760302642
|switch|p2a: Alomomola|Alomomola, M|100/100|[from] U-turn
|move|p1a: Clefable|Thunder Wave|p2a: Alomomola|[miss]
|-miss|p1a: Clefable|p2a: Alomomola
|
|-heal|p1a: Clefable|89/100|[from] item: Leftovers
|upkeep
|turn|2
|
|t:|1760302652
|move|p1a: Clefable|Stealth Rock|p2a: Alomomola
|-sidestart|p2: Railio|move: Stealth Rock
|move|p2a: Alomomola|Scald|p1a: Clefable
|-damage|p1a: Clefable|80/100
|
|-heal|p1a: Clefable|86/100|[from] item: Leftovers
|upkeep
|turn|3
|
|t:|1760302662
|move|p1a: Clefable|Thunder Wave|p2a: Alomomola
|-status|p2a: Alomomola|par
|move|p2a: Alomomola|Flip Turn|p1a: Clefable
|-damage|p1a: Clefable|67/100
|
|t:|1760302669
|switch|p2a: Iron Crown|Iron Crown|100/100|[from] Flip Turn
|-damage|p2a: Iron Crown|94/100|[from] Stealth Rock
|
|-heal|p1a: Clefable|73/100|[from] item: Leftovers
|upkeep
|turn|4
|
|t:|1760302681
|switch|p1a: Moltres|Moltres|100/100
|move|p2a: Iron Crown|Volt Switch|p1a: Moltres
|-supereffective|p1a: Moltres
|-damage|p1a: Moltres|17/100
|
|t:|1760302704
|-end|p2a: Iron Crown|Quark Drive|[silent]
|switch|p2a: Dragapult|Dragapult, F|100/100|[from] Volt Switch
|-damage|p2a: Dragapult|88/100|[from] Stealth Rock
|
|upkeep
|turn|5
|
|t:|1760302713
|switch|p1a: Clefable|Clefable, F|73/100
|move|p2a: Dragapult|U-turn|p1a: Clefable
|-resisted|p1a: Clefable
|-damage|p1a: Clefable|54/100
|
|t:|1760302717
|switch|p2a: Iron Crown|Iron Crown|94/100|[from] U-turn
|-damage|p2a: Iron Crown|88/100|[from] Stealth Rock
|
|-heal|p1a: Clefable|60/100|[from] item: Leftovers
|upkeep
|turn|6
|
|t:|1760302726
|move|p2a: Iron Crown|Tachyon Cutter|p1a: Clefable
|-supereffective|p1a: Clefable
|-damage|p1a: Clefable|6/100
|-supereffective|p1a: Clefable
|-damage|p1a: Clefable|0 fnt
|faint|p1a: Clefable
|-hitcount|p1: Clefable|2
|
|upkeep
|
|t:|1760302741
|switch|p1a: Dragonite|Dragonite, M|100/100
|turn|7
|
|t:|1760302744
|move|p2a: Iron Crown|Tachyon Cutter|p1a: Dragonite
|-damage|p1a: Dragonite|79/100
|-damage|p1a: Dragonite|43/100
|-hitcount|p1a: Dragonite|2
|move|p1a: Dragonite|Earthquake|p2a: Iron Crown
|-supereffective|p2a: Iron Crown
|-damage|p2a: Iron Crown|0 fnt
|faint|p2a: Iron Crown
|-end|p2a: Iron Crown|Quark Drive|[silent]
|
|upkeep
|
|t:|1760302750
|switch|p2a: Dragapult|Dragapult, F|88/100
|-damage|p2a: Dragapult|76/100|[from] Stealth Rock
|turn|8
|
|t:|1760302755
|switch|p1a: Moltres|Moltres|17/100
|move|p2a: Dragapult|Dragon Darts|p1a: Moltres
|-damage|p1a: Moltres|0 fnt
|faint|p1a: Moltres
|
|upkeep
|
|t:|1760302766
|switch|p1a: Magneton|Magneton|100/100
|turn|9
|
|t:|1760302771
|switch|p2a: Great Tusk|Great Tusk|100/100
|-damage|p2a: Great Tusk|97/100|[from] Stealth Rock
|move|p1a: Magneton|Flash Cannon|p2a: Great Tusk
|-damage|p2a: Great Tusk|17/100
|-unboost|p2a: Great Tusk|spd|1
|
|upkeep
|turn|10
|
|t:|1760302781
|move|p2a: Great Tusk|Headlong Rush|p1a: Magneton
|-supereffective|p1a: Magneton
|-damage|p1a: Magneton|0 fnt
|-unboost|p2a: Great Tusk|def|1
|-unboost|p2a: Great Tusk|spd|1
|faint|p1a: Magneton
|
|upkeep
|
|t:|1760302789
|switch|p1a: Gengar|Gengar, M|100/100
|turn|11
|
|t:|1760302796
|-end|p2a: Great Tusk|Protosynthesis|[silent]
|switch|p2a: Alomomola|Alomomola, M|100/100 par
|-damage|p2a: Alomomola|88/100 par|[from] Stealth Rock
|move|p1a: Gengar|Shadow Ball|p2a: Alomomola
|-damage|p2a: Alomomola|67/100 par
|
|upkeep
|turn|12
|
|t:|1760302804
|switch|p1a: Dragonite|Dragonite, M|43/100
|move|p2a: Alomomola|Mirror Coat||[still]
|-fail|p2a: Alomomola
|
|upkeep
|turn|13
|
|t:|1760302816
|-terastallize|p1a: Dragonite|Normal
|move|p1a: Dragonite|Extreme Speed|p2a: Alomomola
|-damage|p2a: Alomomola|22/100 par
|move|p2a: Alomomola|Ice Beam|p1a: Dragonite
|-damage|p1a: Dragonite|32/100
|
|upkeep
|turn|14
|
|t:|1760302825
|move|p1a: Dragonite|Extreme Speed|p2a: Alomomola
|-damage|p2a: Alomomola|0 fnt
|faint|p2a: Alomomola
|
|upkeep
|
|t:|1760302832
|switch|p2a: Dragapult|Dragapult, F|76/100
|-damage|p2a: Dragapult|64/100|[from] Stealth Rock
|turn|15
|
|t:|1760302838
|switch|p1a: Blastoise|Blastoise, F|100/100
|move|p2a: Dragapult|Dragon Darts|p1a: Blastoise
|-damage|p1a: Blastoise|75/100
|-anim|p2a: Dragapult|Dragon Darts|p1a: Blastoise
|-damage|p1a: Blastoise|50/100
|
|-heal|p1a: Blastoise|56/100|[from] item: Leftovers
|upkeep
|turn|16
|
|t:|1760302847
|move|p2a: Dragapult|Dragon Darts|p1a: Blastoise
|-damage|p1a: Blastoise|29/100
|-anim|p2a: Dragapult|Dragon Darts|p1a: Blastoise
|-damage|p1a: Blastoise|5/100
|move|p1a: Blastoise|Flip Turn|p2a: Dragapult
|-resisted|p2a: Dragapult
|-damage|p2a: Dragapult|45/100
|
|t:|1760302855
|switch|p1a: Gengar|Gengar, M|100/100|[from] Flip Turn
|
|upkeep
|turn|17
|
|t:|1760302861
|move|p2a: Dragapult|Dragon Darts|p1a: Gengar
|-damage|p1a: Gengar|28/100
|-anim|p2a: Dragapult|Dragon Darts|p1a: Gengar
|-damage|p1a: Gengar|0 fnt
|faint|p1a: Gengar
|
|upkeep
|-message|teatrero mugroso forfeited.
|
|win|Railio
|raw|teatrero mugroso's rating: 1364 &rarr; <strong>1346</strong><br />(-18 for losing)
|raw|Railio's rating: 1406 &rarr; <strong>1424</strong><br />(+18 for winning)
|l|☆teatrero mugroso
|player|p1|
|l|☆Railio
|player|p2|
