|j|☆DNU_ambassadors
|j|☆islamichorserace95
|t:|1760332006
|gametype|singles
|player|p1|DNU_ambassadors|clown|1505
|player|p2|islamichorserace95|lacey|1513
|gen|9
|tier|[Gen 9] OU
|rated|
|rule|HP Percentage Mod: HP is shown in percentages
|rule|Endless Battle Clause: Forcing endless battles is banned
|rule|Species Clause: Limit one of each Pokémon
|rule|OHKO Clause: OHKO moves are banned
|rule|Evasion Items Clause: Evasion items are banned
|rule|Evasion Moves Clause: Evasion moves are banned
|rule|Evasion Abilities Clause: Evasion abilities are banned
|rule|Sleep Moves Clause: Sleep-inducing moves are banned
|clearpoke
|poke|p1|Deoxys-Speed|
|poke|p1|Ceruledge, F|
|poke|p1|Kingambit, M|
|poke|p1|Iron Crown|
|poke|p1|Gliscor, F|
|poke|p1|Gholdengo|
|poke|p2|Glimmora, M|
|poke|p2|Dragapult, F|
|poke|p2|Rillaboom, M|
|poke|p2|Maushold-Four|
|poke|p2|Zamazenta-*|
|poke|p2|Primarina, F|
|teampreview
|inactive|Battle timer is ON: inactive players will automatically lose when time's up. (requested by DNU_ambassadors)
|
|t:|1760332025
|teamsize|p1|6
|teamsize|p2|6
|start
|switch|p1a: Deoxys|Deoxys-Speed|100/100
|switch|p2a: Rillaboom|Rillaboom, M|100/100
|-ability|p1a: Deoxys|Pressure
|-fieldstart|move: Grassy Terrain|[from] ability: Grassy Surge|[of] p2a: Rillaboom
|turn|1
|
|t:|1760332035
|move|p1a: Deoxys|Spikes|p2a: Rillaboom
|-sidestart|p2: islamichorserace95|Spikes
|move|p2a: Rillaboom|U-turn|p1a: Deoxys
|-supereffective|p1a: Deoxys
|-damage|p1a: Deoxys|4/100
|
|t:|1760332055
|switch|p2a: Maushold|Maushold-Four|100/100|[from] U-turn
|-damage|p2a: Maushold|88/100|[from] Spikes
|
|-heal|p1a: Deoxys|10/100|[from] Grassy Terrain
|-heal|p2a: Maushold|94/100|[from] Grassy Terrain
|upkeep
|turn|2
|
|t:|1760332075
|move|p1a: Deoxys|Taunt|p2a: Maushold
|-start|p2a: Maushold|move: Taunt
|cant|p2a: Maushold|move: Taunt|Tidy Up
|
|-heal|p1a: Deoxys|16/100|[from] Grassy Terrain
|-heal|p2a: Maushold|100/100|[from] Grassy Terrain
|upkeep
|turn|3
|
|t:|1760332086
|move|p1a: Deoxys|Spikes|p2a: Maushold
|-sidestart|p2: islamichorserace95|Spikes
|move|p2a: Maushold|Bite|p1a: Deoxys
|-supereffective|p1a: Deoxys
|-damage|p1a: Deoxys|0 fnt
|faint|p1a: Deoxys
|
|upkeep
|inactive|DNU_ambassadors has 120 seconds left.
|
|t:|1760332121
|switch|p1a: Ceruledge|Ceruledge, F|100/100
|turn|4
|
|t:|1760332129
|switch|p2a: Dragapult|Dragapult, F|100/100
|move|p1a: Ceruledge|Swords Dance|p1a: Ceruledge
|-boost|p1a: Ceruledge|atk|2
|
|upkeep
|turn|5
|
|t:|1760332147
|move|p1a: Ceruledge|Shadow Sneak|p2a: Dragapult
|-supereffective|p2a: Dragapult
|-damage|p2a: Dragapult|0 fnt
|faint|p2a: Dragapult
|
|-fieldend|move: Grassy Terrain
|upkeep
|
|t:|1760332149
|switch|p2a: Maushold|Maushold-Four|100/100
|-damage|p2a: Maushold|84/100|[from] Spikes
|turn|6
|
|t:|1760332159
|switch|p1a: Kingambit|Kingambit, M|100/100
|-activate|p1a: Kingambit|ability: Supreme Overlord
|-start|p1a: Kingambit|fallen1|[silent]
|move|p2a: Maushold|Encore||[still]
|-fail|p2a: Maushold
|
|upkeep
|turn|7
|
|t:|1760332164
|switch|p2a: Glimmora|Glimmora, M|100/100
|-damage|p2a: Glimmora|84/100|[from] Spikes
|-end|p1a: Kingambit|fallen1|[silent]
|switch|p1a: Ceruledge|Ceruledge, F|100/100
|
|-heal|p2a: Glimmora|90/100|[from] item: Leftovers
|upkeep
|turn|8
|
|t:|1760332170
|move|p2a: Glimmora|Toxic|p1a: Ceruledge
|-status|p1a: Ceruledge|tox
|move|p1a: Ceruledge|Swords Dance|p1a: Ceruledge
|-boost|p1a: Ceruledge|atk|2
|
|-heal|p2a: Glimmora|96/100|[from] item: Leftovers
|-damage|p1a: Ceruledge|94/100 tox|[from] psn
|upkeep
|turn|9
|
|t:|1760332190
|move|p2a: Glimmora|Power Gem|p1a: Ceruledge
|-supereffective|p1a: Ceruledge
|-damage|p1a: Ceruledge|17/100 tox
|move|p1a: Ceruledge|Poltergeist|p2a: Glimmora|[miss]
|-miss|p1a: Ceruledge|p2a: Glimmora
|
|-heal|p2a: Glimmora|100/100|[from] item: Leftovers
|-damage|p1a: Ceruledge|5/100 tox|[from] psn
|upkeep
|turn|10
|
|t:|1760332195
|move|p2a: Glimmora|Spiky Shield|p2a: Glimmora
|-singleturn|p2a: Glimmora|move: Protect
|move|p1a: Ceruledge|Shadow Sneak|p2a: Glimmora
|-activate|p2a: Glimmora|move: Protect
|-damage|p1a: Ceruledge|0 fnt|[from] Spiky Shield|[of] p2a: Glimmora
|faint|p1a: Ceruledge
|
|upkeep
|
|t:|1760332203
|switch|p1a: Gliscor|Gliscor, F|100/100
|turn|11
|
|t:|1760332219
|switch|p2a: Rillaboom|Rillaboom, M|100/100
|-damage|p2a: Rillaboom|84/100|[from] Spikes
|-fieldstart|move: Grassy Terrain|[from] ability: Grassy Surge|[of] p2a: Rillaboom
|move|p1a: Gliscor|Swords Dance|p1a: Gliscor
|-boost|p1a: Gliscor|atk|2
|
|-heal|p2a: Rillaboom|90/100|[from] Grassy Terrain
|-status|p1a: Gliscor|tox|[from] item: Toxic Orb
|upkeep
|turn|12
|
|t:|1760332236
|move|p2a: Rillaboom|Wood Hammer|p1a: Gliscor
|-damage|p1a: Gliscor|0 fnt
|faint|p1a: Gliscor
|-damage|p2a: Rillaboom|56/100|[from] Recoil
|
|-heal|p2a: Rillaboom|62/100|[from] Grassy Terrain
|upkeep
|inactive|DNU_ambassadors has 120 seconds left.
|
|t:|1760332261
|switch|p1a: Gholdengo|Gholdengo|100/100
|turn|13
|
|t:|1760332271
|switch|p2a: Maushold|Maushold-Four|84/100
|-damage|p2a: Maushold|67/100|[from] Spikes
|move|p1a: Gholdengo|Make It Rain|p2a: Maushold
|-damage|p2a: Maushold|0 fnt
|-unboost|p1a: Gholdengo|spa|1
|faint|p2a: Maushold
|
|upkeep
|
|t:|1760332288
|switch|p2a: Rillaboom|Rillaboom, M|62/100
|-damage|p2a: Rillaboom|46/100|[from] Spikes
|turn|14
|
|t:|1760332293
|move|p1a: Gholdengo|Make It Rain|p2a: Rillaboom
|-damage|p2a: Rillaboom|0 fnt
|-unboost|p1a: Gholdengo|spa|1
|faint|p2a: Rillaboom
|
|upkeep
|
|t:|1760332303
|switch|p2a: Primarina|Primarina, F|100/100
|-damage|p2a: Primarina|84/100|[from] Spikes
|turn|15
|
|t:|1760332312
|switch|p1a: Kingambit|Kingambit, M|100/100
|-activate|p1a: Kingambit|ability: Supreme Overlord
|-start|p1a: Kingambit|fallen3|[silent]
|move|p2a: Primarina|Calm Mind|p2a: Primarina
|-boost|p2a: Primarina|spa|1
|-boost|p2a: Primarina|spd|1
|
|-heal|p2a: Primarina|90/100|[from] Grassy Terrain
|-heal|p2a: Primarina|96/100|[from] item: Leftovers
|-fieldend|move: Grassy Terrain
|upkeep
|turn|16
|
|t:|1760332328
|move|p1a: Kingambit|Iron Head|p2a: Primarina
|-damage|p2a: Primarina|46/100
|move|p2a: Primarina|Psychic Noise|p1a: Kingambit
|-damage|p1a: Kingambit|47/100
|-start|p1a: Kingambit|move: Heal Block
|
|-heal|p2a: Primarina|52/100|[from] item: Leftovers
|upkeep
|turn|17
|
|t:|1760332339
|-terastallize|p2a: Primarina|Steel
|move|p1a: Kingambit|Iron Head|p2a: Primarina
|-resisted|p2a: Primarina
|-damage|p2a: Primarina|27/100
|move|p2a: Primarina|Draining Kiss|p1a: Kingambit
|-damage|p1a: Kingambit|9/100
|-heal|p2a: Primarina|54/100|[from] drain|[of] p1a: Kingambit
|
|-heal|p2a: Primarina|60/100|[from] item: Leftovers
|-end|p1a: Kingambit|move: Heal Block
|upkeep
|turn|18
|
|t:|1760332350
|move|p1a: Kingambit|Kowtow Cleave|p2a: Primarina
|-damage|p2a: Primarina|4/100
|move|p2a: Primarina|Draining Kiss|p1a: Kingambit
|-damage|p1a: Kingambit|0 fnt
|-heal|p2a: Primarina|10/100|[from] drain|[of] p1a: Kingambit
|faint|p1a: Kingambit
|-end|p1a: Kingambit|fallen3|[silent]
|
|-heal|p2a: Primarina|16/100|[from] item: Leftovers
|upkeep
|
|t:|1760332356
|switch|p1a: Gholdengo|Gholdengo|100/100
|turn|19
|
|t:|1760332360
|move|p1a: Gholdengo|Shadow Ball|p2a: Primarina
|-damage|p2a: Primarina|0 fnt
|faint|p2a: Primarina
|
|upkeep
|
|t:|1760332367
|switch|p2a: Glimmora|Glimmora, M|100/100
|-damage|p2a: Glimmora|84/100|[from] Spikes
|turn|20
|
|t:|1760332374
|move|p1a: Gholdengo|Shadow Ball|p2a: Glimmora
|-damage|p2a: Glimmora|37/100
|move|p2a: Glimmora|Toxic|p1a: Gholdengo
|-immune|p1a: Gholdengo|[from] ability: Good as Gold
|
|-heal|p2a: Glimmora|43/100|[from] item: Leftovers
|upkeep
|turn|21
|
|t:|1760332379
|move|p1a: Gholdengo|Shadow Ball|p2a: Glimmora
|-damage|p2a: Glimmora|0 fnt
|faint|p2a: Glimmora
|
|upkeep
|c|☆DNU_ambassadors|gg
|
|t:|1760332381
|switch|p2a: Zamazenta|Zamazenta|100/100
|-damage|p2a: Zamazenta|84/100|[from] Spikes
|-ability|p2a: Zamazenta|Dauntless Shield|boost
|-boost|p2a: Zamazenta|def|1
|turn|22
|
|t:|1760332385
|move|p1a: Gholdengo|Shadow Ball|p2a: Zamazenta
|-damage|p2a: Zamazenta|49/100
|move|p2a: Zamazenta|Crunch|p1a: Gholdengo
|-supereffective|p1a: Gholdengo
|-damage|p1a: Gholdengo|52/100
|
|upkeep
|turn|23
|
|t:|1760332390
|move|p1a: Gholdengo|Shadow Ball|p2a: Zamazenta
|-damage|p2a: Zamazenta|13/100
|move|p2a: Zamazenta|Crunch|p1a: Gholdengo
|-supereffective|p1a: Gholdengo
|-damage|p1a: Gholdengo|0 fnt
|faint|p1a: Gholdengo
|
|upkeep
|
|t:|1760332393
|switch|p1a: Iron Crown|Iron Crown|100/100
|-enditem|p1a: Iron Crown|Booster Energy
|-activate|p1a: Iron Crown|ability: Quark Drive|[fromitem]
|-start|p1a: Iron Crown|quarkdrivespe
|turn|24
|
|t:|1760332396
|-terastallize|p1a: Iron Crown|Fighting
|move|p1a: Iron Crown|Psychic Noise|p2a: Zamazenta
|-supereffective|p2a: Zamazenta
|-damage|p2a: Zamazenta|0 fnt
|faint|p2a: Zamazenta
|
|win|DNU_ambassadors
|raw|DNU_ambassadors's rating: 1505 &rarr; <strong>1525</strong><br />(+20 for winning)
|raw|islamichorserace95's rating: 1513 &rarr; <strong>1493</strong><br />(-20 for losing)
|l|☆DNU_ambassadors
|player|p1|
|l|☆islamichorserace95
|player|p2|
