|j|☆Igor Bigorno
|j|☆Gooseyj
|t:|1760383650
|gametype|singles
|player|p1|Igor Bigorno|170|1266
|player|p2|Gooseyj|iris-gen5bw2|1258
|gen|9
|tier|[Gen 9] OU
|rated|
|rule|HP Percentage Mod: HP is shown in percentages
|rule|Endless Battle Clause: Forcing endless battles is banned
|rule|Species Clause: Limit one of each Pokémon
|rule|OHKO Clause: OHKO moves are banned
|rule|Evasion Items Clause: Evasion items are banned
|rule|Evasion Moves Clause: Evasion moves are banned
|rule|Evasion Abilities Clause: Evasion abilities are banned
|rule|Sleep Moves Clause: Sleep-inducing moves are banned
|clearpoke
|poke|p1|Eelektross, F|
|poke|p1|Deoxys-Speed|
|poke|p1|Iron Valiant|
|poke|p1|Pecharunt|
|poke|p1|Dragonite, M|
|poke|p1|Kingambit, M|
|poke|p2|Hoopa-Unbound|
|poke|p2|Slowking-Galar, M|
|poke|p2|Zamazenta-*|
|poke|p2|Gliscor, F|
|poke|p2|Ogerpon-Wellspring, F|
|poke|p2|Cinderace, M|
|teampreview
|inactive|Battle timer is ON: inactive players will automatically lose when time's up. (requested by Gooseyj)
|inactive|Gooseyj has 120 seconds left.
|
|t:|1760383695
|teamsize|p1|6
|teamsize|p2|6
|start
|switch|p1a: Deoxys|Deoxys-Speed|100/100
|switch|p2a: Hoopa|Hoopa-Unbound|100/100
|-ability|p1a: Deoxys|Pressure
|turn|1
|l|☆Igor Bigorno
|inactive|Igor Bigorno disconnected and has a minute to reconnect!
|player|p1|
|j|☆Igor Bigorno
|inactive|Igor Bigorno reconnected and has 145 seconds left.
|player|p1|Igor Bigorno|170|
|
|t:|1760383706
|move|p1a: Deoxys|Taunt|p2a: Hoopa
|-start|p2a: Hoopa|move: Taunt
|move|p2a: Hoopa|Knock Off|p1a: Deoxys
|-supereffective|p1a: Deoxys
|-damage|p1a: Deoxys|0 fnt
|-enditem|p1a: Deoxys|Light Clay|[from] move: Knock Off|[of] p2a: Hoopa
|faint|p1a: Deoxys
|
|upkeep
|
|t:|1760383718
|switch|p1a: Eelektross|Eelektross, F|100/100
|turn|2
|
|t:|1760383724
|move|p2a: Hoopa|Knock Off|p1a: Eelektross
|-damage|p1a: Eelektross|45/100
|-enditem|p1a: Eelektross|Leftovers|[from] move: Knock Off|[of] p2a: Hoopa
|move|p1a: Eelektross|Dragon Tail|p2a: Hoopa
|-damage|p2a: Hoopa|82/100
|drag|p2a: Ogerpon|Ogerpon-Wellspring, F|100/100
|
|upkeep
|turn|3
|
|t:|1760383735
|move|p2a: Ogerpon|Ivy Cudgel|p1a: Eelektross|[anim] Ivy Cudgel Water
|-damage|p1a: Eelektross|0 fnt
|faint|p1a: Eelektross
|
|upkeep
|
|t:|1760383741
|switch|p1a: Pecharunt|Pecharunt|100/100
|turn|4
|
|t:|1760383745
|move|p2a: Ogerpon|U-turn|p1a: Pecharunt
|-resisted|p1a: Pecharunt
|-damage|p1a: Pecharunt|97/100
|
|t:|1760383750
|switch|p2a: Gliscor|Gliscor, F|100/100|[from] U-turn
|move|p1a: Pecharunt|Malignant Chain|p2a: Gliscor
|-resisted|p2a: Gliscor
|-damage|p2a: Gliscor|88/100
|
|-status|p2a: Gliscor|tox|[from] item: Toxic Orb
|upkeep
|turn|5
|
|t:|1760383761
|move|p1a: Pecharunt|Nasty Plot|p1a: Pecharunt
|-boost|p1a: Pecharunt|spa|2
|move|p2a: Gliscor|Knock Off|p1a: Pecharunt
|-supereffective|p1a: Pecharunt
|-damage|p1a: Pecharunt|72/100
|-enditem|p1a: Pecharunt|Heavy-Duty Boots|[from] move: Knock Off|[of] p2a: Gliscor
|
|-heal|p2a: Gliscor|99/100 tox|[from] ability: Poison Heal
|upkeep
|turn|6
|
|t:|1760383772
|switch|p2a: Hoopa|Hoopa-Unbound|82/100
|move|p1a: Pecharunt|Shadow Ball|p2a: Hoopa
|-damage|p2a: Hoopa|59/100
|-unboost|p2a: Hoopa|spd|1
|
|upkeep
|turn|7
|
|t:|1760383785
|switch|p1a: Iron Valiant|Iron Valiant|100/100
|-enditem|p1a: Iron Valiant|Booster Energy
|-activate|p1a: Iron Valiant|ability: Quark Drive|[fromitem]
|-start|p1a: Iron Valiant|quarkdrivespe
|move|p2a: Hoopa|Psychic Noise|p1a: Iron Valiant
|-supereffective|p1a: Iron Valiant
|-damage|p1a: Iron Valiant|0 fnt
|faint|p1a: Iron Valiant
|-end|p1a: Iron Valiant|Quark Drive|[silent]
|
|upkeep
|
|t:|1760383799
|switch|p1a: Kingambit|Kingambit, M|100/100
|-activate|p1a: Kingambit|ability: Supreme Overlord
|-start|p1a: Kingambit|fallen3|[silent]
|turn|8
|
|t:|1760383808
|switch|p2a: Zamazenta|Zamazenta|100/100
|-ability|p2a: Zamazenta|Dauntless Shield|boost
|-boost|p2a: Zamazenta|def|1
|-terastallize|p1a: Kingambit|Ghost
|move|p1a: Kingambit|Swords Dance|p1a: Kingambit
|-boost|p1a: Kingambit|atk|2
|
|upkeep
|turn|9
|
|t:|1760383821
|move|p2a: Zamazenta|Crunch|p1a: Kingambit
|-supereffective|p1a: Kingambit
|-damage|p1a: Kingambit|52/100
|-damage|p2a: Zamazenta|91/100|[from] item: Life Orb
|move|p1a: Kingambit|Iron Head|p2a: Zamazenta
|-damage|p2a: Zamazenta|14/100
|
|upkeep
|turn|10
|
|t:|1760383831
|move|p1a: Kingambit|Sucker Punch|p2a: Zamazenta
|-resisted|p2a: Zamazenta
|-damage|p2a: Zamazenta|0 fnt
|faint|p2a: Zamazenta
|
|upkeep
|
|t:|1760383834
|switch|p2a: Cinderace|Cinderace, M|100/100
|turn|11
|inactive|Igor Bigorno has 120 seconds left.
|
|t:|1760383864
|move|p2a: Cinderace|Will-O-Wisp|p1a: Kingambit
|-status|p1a: Kingambit|brn
|-enditem|p1a: Kingambit|Lum Berry|[eat]
|-curestatus|p1a: Kingambit|brn|[msg]
|move|p1a: Kingambit|Kowtow Cleave|p2a: Cinderace
|-damage|p2a: Cinderace|0 fnt
|faint|p2a: Cinderace
|
|upkeep
|
|t:|1760383876
|switch|p2a: Gliscor|Gliscor, F|99/100 tox
|turn|12
|
|t:|1760383883
|move|p2a: Gliscor|Knock Off|p1a: Kingambit
|-supereffective|p1a: Kingambit
|-damage|p1a: Kingambit|30/100
|move|p1a: Kingambit|Kowtow Cleave|p2a: Gliscor
|-damage|p2a: Gliscor|4/100 tox
|
|-heal|p2a: Gliscor|16/100 tox|[from] ability: Poison Heal
|upkeep
|turn|13
|
|t:|1760383899
|move|p2a: Gliscor|Knock Off|p1a: Kingambit
|-supereffective|p1a: Kingambit
|-damage|p1a: Kingambit|9/100
|move|p1a: Kingambit|Swords Dance|p1a: Kingambit
|-boost|p1a: Kingambit|atk|2
|
|-heal|p2a: Gliscor|29/100 tox|[from] ability: Poison Heal
|upkeep
|turn|14
|
|t:|1760383917
|move|p1a: Kingambit|Sucker Punch|p2a: Gliscor
|-damage|p2a: Gliscor|0 fnt
|faint|p2a: Gliscor
|
|upkeep
|
|t:|1760383928
|switch|p2a: Slowking|Slowking-Galar, M|100/100
|turn|15
|
|t:|1760383935
|move|p1a: Kingambit|Kowtow Cleave|p2a: Slowking
|-supereffective|p2a: Slowking
|-damage|p2a: Slowking|0 fnt
|faint|p2a: Slowking
|
|upkeep
|-message|Gooseyj forfeited.
|
|win|Igor Bigorno
|raw|Igor Bigorno's rating: 1266 &rarr; <strong>1290</strong><br />(+24 for winning)
|raw|Gooseyj's rating: 1258 &rarr; <strong>1234</strong><br />(-24 for losing)
|l|☆Gooseyj
|player|p2|
|l|☆Igor Bigorno
|player|p1|
