|j|☆samuelthestrong
|j|☆zfy6666
|t:|1760328904
|gametype|singles
|player|p1|samuelthestrong|265|1517
|player|p2|zfy6666|cynthia|1567
|gen|9
|tier|[Gen 9] OU
|rated|
|rule|HP Percentage Mod: HP is shown in percentages
|rule|Endless Battle Clause: Forcing endless battles is banned
|rule|Species Clause: Limit one of each Pokémon
|rule|OHKO Clause: OHKO moves are banned
|rule|Evasion Items Clause: Evasion items are banned
|rule|Evasion Moves Clause: Evasion moves are banned
|rule|Evasion Abilities Clause: Evasion abilities are banned
|rule|Sleep Moves Clause: Sleep-inducing moves are banned
|clearpoke
|poke|p1|Iron Moth|
|poke|p1|Slowking-Galar, M|
|poke|p1|Dragonite, M|
|poke|p1|Kingambit, F|
|poke|p1|Quaquaval, F|
|poke|p1|Landorus-Therian, M|
|poke|p2|Zamazenta-*|
|poke|p2|Ceruledge, M|
|poke|p2|Raging Bolt|
|poke|p2|Enamorus, F|
|poke|p2|Great Tusk|
|poke|p2|Samurott-Hisui, M|
|teampreview
|inactive|Battle timer is ON: inactive players will automatically lose when time's up. (requested by zfy6666)
|
|t:|1760328945
|teamsize|p1|6
|teamsize|p2|6
|start
|switch|p1a: Duckular|Quaquaval, F|100/100
|switch|p2a: Enamorus|Enamorus, F|100/100
|turn|1
|
|t:|1760328956
|switch|p1a: Slowking|Slowking-Galar, M|100/100
|move|p2a: Enamorus|Moonblast|p1a: Slowking
|-resisted|p1a: Slowking
|-damage|p1a: Slowking|80/100
|-damage|p2a: Enamorus|90/100|[from] item: Life Orb
|
|upkeep
|turn|2
|
|t:|1760328967
|switch|p1a: Landorus|Landorus-Therian, M|100/100
|-ability|p1a: Landorus|Intimidate|boost
|-boost|p2a: Enamorus|atk|1
|move|p2a: Enamorus|Earth Power|p1a: Landorus
|-immune|p1a: Landorus
|
|upkeep
|turn|3
|
|t:|1760328978
|switch|p1a: Iron Moth|Iron Moth|100/100
|move|p2a: Enamorus|Moonblast|p1a: Iron Moth
|-resisted|p1a: Iron Moth
|-damage|p1a: Iron Moth|82/100
|-damage|p2a: Enamorus|80/100|[from] item: Life Orb
|
|upkeep
|turn|4
|
|t:|1760328985
|-terastallize|p2a: Enamorus|Ground
|move|p1a: Iron Moth|Sludge Wave|p2a: Enamorus
|-resisted|p2a: Enamorus
|-damage|p2a: Enamorus|26/100
|move|p2a: Enamorus|Earth Power|p1a: Iron Moth
|-supereffective|p1a: Iron Moth
|-damage|p1a: Iron Moth|0 fnt
|faint|p1a: Iron Moth
|-end|p1a: Iron Moth|Quark Drive|[silent]
|-damage|p2a: Enamorus|16/100|[from] item: Life Orb
|
|upkeep
|
|t:|1760328997
|switch|p1a: Dragonite|Dragonite, M|100/100
|turn|5
|
|t:|1760329000
|move|p1a: Dragonite|Extreme Speed|p2a: Enamorus
|-damage|p2a: Enamorus|0 fnt
|faint|p2a: Enamorus
|
|upkeep
|
|t:|1760329010
|switch|p2a: Zamazenta|Zamazenta|100/100
|-ability|p2a: Zamazenta|Dauntless Shield|boost
|-boost|p2a: Zamazenta|def|1
|turn|6
|
|t:|1760329016
|switch|p1a: Slowking|Slowking-Galar, M|100/100
|move|p2a: Zamazenta|Iron Defense|p2a: Zamazenta
|-boost|p2a: Zamazenta|def|2
|
|upkeep
|turn|7
|
|t:|1760329021
|move|p2a: Zamazenta|Substitute|p2a: Zamazenta
|-start|p2a: Zamazenta|Substitute
|-damage|p2a: Zamazenta|75/100
|move|p1a: Slowking|Future Sight|p2a: Zamazenta
|-start|p1a: Slowking|move: Future Sight
|
|-heal|p2a: Zamazenta|82/100|[from] item: Leftovers
|upkeep
|turn|8
|
|t:|1760329027
|move|p2a: Zamazenta|Iron Defense|p2a: Zamazenta
|-boost|p2a: Zamazenta|def|2
|move|p1a: Slowking|Psychic Noise|p2a: Zamazenta
|-supereffective|p2a: Zamazenta
|-damage|p2a: Zamazenta|35/100
|-start|p2a: Zamazenta|move: Heal Block
|
|upkeep
|turn|9
|
|t:|1760329035
|move|p2a: Zamazenta|Body Press|p1a: Slowking
|-resisted|p1a: Slowking
|-damage|p1a: Slowking|65/100
|move|p1a: Slowking|Sludge Bomb|p2a: Zamazenta
|-end|p2a: Zamazenta|Substitute
|
|-end|p2a: Zamazenta|move: Future Sight
|-supereffective|p2a: Zamazenta
|-damage|p2a: Zamazenta|0 fnt
|faint|p2a: Zamazenta
|upkeep
|-message|zfy6666 forfeited.
|
|win|samuelthestrong
|raw|samuelthestrong's rating: 1517 &rarr; <strong>1540</strong><br />(+23 for winning)
|raw|zfy6666's rating: 1567 &rarr; <strong>1544</strong><br />(-23 for losing)
|l|☆zfy6666
|player|p2|
|l|☆samuelthestrong
|player|p1|
