|j|☆ernozo
|j|☆igyatttorizzasigma
|t:|1760452729
|gametype|singles
|player|p1|ernozo|skierf|1263
|player|p2|igyatttorizzasigma|170|1276
|gen|9
|tier|[Gen 9] OU
|rated|
|rule|HP Percentage Mod: HP is shown in percentages
|rule|Endless Battle Clause: Forcing endless battles is banned
|rule|Species Clause: Limit one of each Pokémon
|rule|OHKO Clause: OHKO moves are banned
|rule|Evasion Items Clause: Evasion items are banned
|rule|Evasion Moves Clause: Evasion moves are banned
|rule|Evasion Abilities Clause: Evasion abilities are banned
|rule|Sleep Moves Clause: Sleep-inducing moves are banned
|clearpoke
|poke|p1|Ninetales-Alola, M|
|poke|p1|Frosmoth, F|
|poke|p1|Froslass, F|
|poke|p1|Cloyster, M|
|poke|p1|Glastrier|
|poke|p1|Kyurem|
|poke|p2|Darkrai|
|poke|p2|Great Tusk|
|poke|p2|Gholdengo|
|poke|p2|Kingambit, M|
|poke|p2|Glimmora, M|
|poke|p2|Dragonite, M|
|teampreview
|inactive|Battle timer is ON: inactive players will automatically lose when time's up. (requested by igyatttorizzasigma)
|
|t:|1760452799
|teamsize|p1|6
|teamsize|p2|6
|start
|switch|p1a: Frosmoth|Frosmoth, F|100/100
|switch|p2a: Glimmora|Glimmora, M, shiny|100/100
|turn|1
|
|t:|1760452811
|move|p2a: Glimmora|Meteor Beam||[still]
|-prepare|p2a: Glimmora|Meteor Beam
|-boost|p2a: Glimmora|spa|1
|-enditem|p2a: Glimmora|Power Herb
|-anim|p2a: Glimmora|Meteor Beam|p1a: Frosmoth
|-supereffective|p1a: Frosmoth
|-damage|p1a: Frosmoth|0 fnt
|faint|p1a: Frosmoth
|
|upkeep
|
|t:|1760452820
|switch|p1a: Cloyster|Cloyster, M|100/100
|turn|2
|
|t:|1760452832
|move|p2a: Glimmora|Meteor Beam||[still]
|-prepare|p2a: Glimmora|Meteor Beam
|-boost|p2a: Glimmora|spa|1
|move|p1a: Cloyster|Shell Smash|p1a: Cloyster
|-unboost|p1a: Cloyster|def|1
|-unboost|p1a: Cloyster|spd|1
|-boost|p1a: Cloyster|atk|2
|-boost|p1a: Cloyster|spa|2
|-boost|p1a: Cloyster|spe|2
|
|upkeep
|turn|3
|
|t:|1760452842
|move|p1a: Cloyster|Waterfall|p2a: Glimmora
|-supereffective|p2a: Glimmora
|-damage|p2a: Glimmora|0 fnt
|-activate|p2a: Glimmora|ability: Toxic Debris
|-sidestart|p1: ernozo|move: Toxic Spikes
|faint|p2a: Glimmora
|
|upkeep
|inactive|igyatttorizzasigma has 120 seconds left.
|
|t:|1760452874
|switch|p2a: Great Tusk|Great Tusk, shiny|100/100
|-enditem|p2a: Great Tusk|Booster Energy
|-activate|p2a: Great Tusk|ability: Protosynthesis|[fromitem]
|-start|p2a: Great Tusk|protosynthesisspe
|turn|4
|inactive|igyatttorizzasigma has 120 seconds left.
|
|t:|1760452894
|-terastallize|p2a: Great Tusk|Steel
|move|p1a: Cloyster|Icicle Spear|p2a: Great Tusk
|-resisted|p2a: Great Tusk
|-damage|p2a: Great Tusk|94/100
|-resisted|p2a: Great Tusk
|-damage|p2a: Great Tusk|86/100
|-resisted|p2a: Great Tusk
|-damage|p2a: Great Tusk|79/100
|-resisted|p2a: Great Tusk
|-damage|p2a: Great Tusk|71/100
|-resisted|p2a: Great Tusk
|-damage|p2a: Great Tusk|64/100
|-hitcount|p2a: Great Tusk|5
|move|p2a: Great Tusk|Bulk Up|p2a: Great Tusk
|-boost|p2a: Great Tusk|atk|1
|-boost|p2a: Great Tusk|def|1
|
|upkeep
|turn|5
|inactive|igyatttorizzasigma has 120 seconds left.
|
|t:|1760452908
|move|p1a: Cloyster|Waterfall|p2a: Great Tusk
|-damage|p2a: Great Tusk|30/100
|move|p2a: Great Tusk|Head Smash|p1a: Cloyster
|-supereffective|p1a: Cloyster
|-enditem|p1a: Cloyster|Focus Sash
|-damage|p1a: Cloyster|1/100
|-damage|p2a: Great Tusk|3/100|[from] Recoil
|
|upkeep
|turn|6
|inactive|igyatttorizzasigma has 120 seconds left.
|
|t:|1760452933
|move|p1a: Cloyster|Waterfall|p2a: Great Tusk
|-damage|p2a: Great Tusk|0 fnt
|faint|p2a: Great Tusk
|-end|p2a: Great Tusk|Protosynthesis|[silent]
|
|upkeep
|
|t:|1760452944
|switch|p2a: Kingambit|Kingambit, M|100/100
|-activate|p2a: Kingambit|ability: Supreme Overlord
|-start|p2a: Kingambit|fallen2|[silent]
|turn|7
|
|t:|1760452951
|move|p2a: Kingambit|Sucker Punch||[still]
|-fail|p2a: Kingambit
|move|p1a: Cloyster|Shell Smash|p1a: Cloyster
|-unboost|p1a: Cloyster|def|1
|-unboost|p1a: Cloyster|spd|1
|-boost|p1a: Cloyster|atk|2
|-boost|p1a: Cloyster|spa|2
|-boost|p1a: Cloyster|spe|2
|
|upkeep
|turn|8
|
|t:|1760452958
|move|p2a: Kingambit|Sucker Punch||[still]
|-fail|p2a: Kingambit
|move|p1a: Cloyster|Shell Smash|p1a: Cloyster
|-unboost|p1a: Cloyster|def|1
|-unboost|p1a: Cloyster|spd|1
|-boost|p1a: Cloyster|atk|2
|-boost|p1a: Cloyster|spa|2
|-boost|p1a: Cloyster|spe|2
|
|upkeep
|turn|9
|
|t:|1760452973
|move|p1a: Cloyster|Shell Smash|p1a: Cloyster
|-unboost|p1a: Cloyster|def|1
|-unboost|p1a: Cloyster|spd|1
|-boost|p1a: Cloyster|atk|0
|-boost|p1a: Cloyster|spa|0
|-boost|p1a: Cloyster|spe|0
|move|p2a: Kingambit|Swords Dance|p2a: Kingambit
|-boost|p2a: Kingambit|atk|2
|
|upkeep
|turn|10
|
|t:|1760452989
|move|p2a: Kingambit|Sucker Punch||[still]
|-fail|p2a: Kingambit
|move|p1a: Cloyster|Shell Smash|p1a: Cloyster
|-unboost|p1a: Cloyster|def|1
|-unboost|p1a: Cloyster|spd|1
|-boost|p1a: Cloyster|atk|0
|-boost|p1a: Cloyster|spa|0
|-boost|p1a: Cloyster|spe|0
|
|upkeep
|turn|11
|
|t:|1760452999
|move|p1a: Cloyster|Waterfall|p2a: Kingambit
|-damage|p2a: Kingambit|0 fnt
|faint|p2a: Kingambit
|-end|p2a: Kingambit|fallen2|[silent]
|
|upkeep
|
|t:|1760453009
|switch|p2a: Darkrai|Darkrai, shiny|100/100
|turn|12
|
|t:|1760453013
|move|p2a: Darkrai|Sucker Punch|p1a: Cloyster
|-damage|p1a: Cloyster|0 fnt
|faint|p1a: Cloyster
|
|upkeep
|
|t:|1760453018
|switch|p1a: Froslass|Froslass, F|100/100
|-status|p1a: Froslass|psn
|turn|13
|
|t:|1760453022
|move|p2a: Darkrai|Dark Pulse|p1a: Froslass
|-supereffective|p1a: Froslass
|-enditem|p1a: Froslass|Focus Sash
|-damage|p1a: Froslass|1/100 psn
|-start|p2a: Darkrai|Disable|Dark Pulse|[from] ability: Cursed Body|[of] p1a: Froslass
|move|p1a: Froslass|Icy Wind|p2a: Darkrai
|-damage|p2a: Darkrai|79/100
|-unboost|p2a: Darkrai|spe|1
|
|-damage|p1a: Froslass|0 fnt|[from] psn
|faint|p1a: Froslass
|upkeep
|
|t:|1760453034
|switch|p1a: Ninetales|Ninetales-Alola, M|100/100
|-status|p1a: Ninetales|psn
|-weather|Snowscape|[from] ability: Snow Warning|[of] p1a: Ninetales
|turn|14
|
|t:|1760453043
|move|p1a: Ninetales|Aurora Veil|p1a: Ninetales
|-sidestart|p1: ernozo|move: Aurora Veil
|move|p2a: Darkrai|Knock Off|p1a: Ninetales
|-resisted|p1a: Ninetales
|-damage|p1a: Ninetales|91/100 psn
|-enditem|p1a: Ninetales|Light Clay|[from] move: Knock Off|[of] p2a: Darkrai
|
|-weather|Snowscape|[upkeep]
|-damage|p1a: Ninetales|79/100 psn|[from] psn
|upkeep
|turn|15
|
|t:|1760453059
|switch|p2a: Gholdengo|Gholdengo, shiny|100/100
|-item|p2a: Gholdengo|Air Balloon
|move|p1a: Ninetales|Moonblast|p2a: Gholdengo
|-resisted|p2a: Gholdengo
|-damage|p2a: Gholdengo|78/100
|-enditem|p2a: Gholdengo|Air Balloon
|
|-weather|Snowscape|[upkeep]
|-damage|p1a: Ninetales|67/100 psn|[from] psn
|upkeep
|turn|16
|
|t:|1760453072
|move|p1a: Ninetales|Blizzard|p2a: Gholdengo
|-resisted|p2a: Gholdengo
|-damage|p2a: Gholdengo|54/100
|move|p2a: Gholdengo|Nasty Plot|p2a: Gholdengo
|-boost|p2a: Gholdengo|spa|2
|
|-weather|Snowscape|[upkeep]
|-damage|p1a: Ninetales|55/100 psn|[from] psn
|upkeep
|turn|17
|
|t:|1760453080
|move|p1a: Ninetales|Encore|p2a: Gholdengo
|-immune|p2a: Gholdengo|[from] ability: Good as Gold
|move|p2a: Gholdengo|Make It Rain|p1a: Ninetales
|-supereffective|p1a: Ninetales
|-damage|p1a: Ninetales|0 fnt
|-unboost|p2a: Gholdengo|spa|1
|faint|p1a: Ninetales
|
|-weather|Snowscape|[upkeep]
|upkeep
|
|t:|1760453084
|switch|p1a: Glastrier|Glastrier|100/100
|turn|18
|
|t:|1760453094
|switch|p2a: Dragonite|Dragonite, M, shiny|100/100
|-terastallize|p1a: Glastrier|Ground
|move|p1a: Glastrier|High Horsepower|p2a: Dragonite
|-immune|p2a: Dragonite
|
|-weather|none
|upkeep
|turn|19
|
|t:|1760453108
|move|p2a: Dragonite|Dragon Dance|p2a: Dragonite
|-boost|p2a: Dragonite|atk|1
|-boost|p2a: Dragonite|spe|1
|move|p1a: Glastrier|Icicle Crash|p2a: Dragonite
|-supereffective|p2a: Dragonite
|-damage|p2a: Dragonite|11/100
|
|upkeep
|turn|20
|
|t:|1760453121
|move|p2a: Dragonite|Earthquake|p1a: Glastrier
|-damage|p1a: Glastrier|84/100
|move|p1a: Glastrier|Icicle Crash|p2a: Dragonite
|-supereffective|p2a: Dragonite
|-damage|p2a: Dragonite|0 fnt
|faint|p2a: Dragonite
|-ability|p1a: Glastrier|Chilling Neigh|boost
|-boost|p1a: Glastrier|atk|1
|
|upkeep
|inactive|igyatttorizzasigma has 120 seconds left.
|
|t:|1760453154
|switch|p2a: Darkrai|Darkrai, shiny|79/100
|turn|21
|inactive|igyatttorizzasigma has 120 seconds left.
|
|t:|1760453165
|move|p2a: Darkrai|Ice Beam|p1a: Glastrier
|-supereffective|p1a: Glastrier
|-damage|p1a: Glastrier|60/100
|move|p1a: Glastrier|Close Combat|p2a: Darkrai
|-supereffective|p2a: Darkrai
|-damage|p2a: Darkrai|0 fnt
|-unboost|p1a: Glastrier|def|1
|-unboost|p1a: Glastrier|spd|1
|faint|p2a: Darkrai
|-ability|p1a: Glastrier|Chilling Neigh|boost
|-boost|p1a: Glastrier|atk|1
|
|-sideend|p1: ernozo|move: Aurora Veil
|upkeep
|
|t:|1760453176
|switch|p2a: Gholdengo|Gholdengo, shiny|54/100
|turn|22
|
|t:|1760453181
|move|p2a: Gholdengo|Make It Rain|p1a: Glastrier
|-damage|p1a: Glastrier|0 fnt
|-unboost|p2a: Gholdengo|spa|1
|faint|p1a: Glastrier
|
|upkeep
|
|t:|1760453185
|switch|p1a: Kyurem|Kyurem|100/100
|-status|p1a: Kyurem|psn
|-ability|p1a: Kyurem|Pressure
|turn|23
|
|t:|1760453197
|move|p2a: Gholdengo|Make It Rain|p1a: Kyurem
|-supereffective|p1a: Kyurem
|-damage|p1a: Kyurem|22/100 psn
|-unboost|p2a: Gholdengo|spa|1
|move|p1a: Kyurem|Icicle Spear|p2a: Gholdengo
|-resisted|p2a: Gholdengo
|-damage|p2a: Gholdengo|46/100
|-resisted|p2a: Gholdengo
|-damage|p2a: Gholdengo|38/100
|-resisted|p2a: Gholdengo
|-damage|p2a: Gholdengo|29/100
|-resisted|p2a: Gholdengo
|-crit|p2a: Gholdengo
|-damage|p2a: Gholdengo|16/100
|-resisted|p2a: Gholdengo
|-damage|p2a: Gholdengo|8/100
|-hitcount|p2a: Gholdengo|5
|
|-damage|p1a: Kyurem|10/100 psn|[from] psn
|upkeep
|turn|24
|inactive|igyatttorizzasigma has 120 seconds left.
|
|t:|1760453219
|move|p2a: Gholdengo|Make It Rain|p1a: Kyurem
|-supereffective|p1a: Kyurem
|-damage|p1a: Kyurem|0 fnt
|-unboost|p2a: Gholdengo|spa|1
|faint|p1a: Kyurem
|
|win|igyatttorizzasigma
|raw|ernozo's rating: 1263 &rarr; <strong>1239</strong><br />(-24 for losing)
|raw|igyatttorizzasigma's rating: 1276 &rarr; <strong>1300</strong><br />(+24 for winning)
|c|☆igyatttorizzasigma|gg
|l|☆ernozo
|player|p1|
|l|☆igyatttorizzasigma
|player|p2|
