|j|☆oblizzy
|j|☆kinsword
|t:|1760452430
|gametype|singles
|player|p1|oblizzy|skierf|1540
|player|p2|kinsword|2|1488
|gen|9
|tier|[Gen 9] OU
|rated|
|rule|HP Percentage Mod: HP is shown in percentages
|rule|Endless Battle Clause: Forcing endless battles is banned
|rule|Species Clause: Limit one of each Pokémon
|rule|OHKO Clause: OHKO moves are banned
|rule|Evasion Items Clause: Evasion items are banned
|rule|Evasion Moves Clause: Evasion moves are banned
|rule|Evasion Abilities Clause: Evasion abilities are banned
|rule|Sleep Moves Clause: Sleep-inducing moves are banned
|clearpoke
|poke|p1|Slither Wing|
|poke|p1|Slowking-Galar, F|
|poke|p1|Great Tusk|
|poke|p1|Scizor, F|
|poke|p1|Hatterene, F|
|poke|p1|Garganacl, M|
|poke|p2|Dudunsparce-*, F|
|poke|p2|Greninja-*, M|
|poke|p2|Skarmory, F|
|poke|p2|Iron Treads|
|poke|p2|Fezandipiti, M|
|poke|p2|Haxorus, F|
|teampreview
|inactive|Battle timer is ON: inactive players will automatically lose when time's up. (requested by kinsword)
|
|t:|1760452444
|teamsize|p1|6
|teamsize|p2|6
|start
|switch|p1a: Garganacl|Garganacl, M|100/100
|switch|p2a: Skarmory|Skarmory, F|100/100
|turn|1
|
|t:|1760452453
|move|p2a: Skarmory|Iron Defense|p2a: Skarmory
|-boost|p2a: Skarmory|def|2
|move|p1a: Garganacl|Salt Cure|p2a: Skarmory
|-damage|p2a: Skarmory|96/100
|-start|p2a: Skarmory|Salt Cure
|
|-damage|p2a: Skarmory|71/100|[from] Salt Cure
|upkeep
|turn|2
|
|t:|1760452462
|move|p2a: Skarmory|Body Press|p1a: Garganacl
|-supereffective|p1a: Garganacl
|-damage|p1a: Garganacl|17/100
|move|p1a: Garganacl|Recover|p1a: Garganacl
|-heal|p1a: Garganacl|67/100
|
|-heal|p1a: Garganacl|73/100|[from] item: Leftovers
|-damage|p2a: Skarmory|46/100|[from] Salt Cure
|upkeep
|turn|3
|
|t:|1760452472
|switch|p1a: Slowking|Slowking-Galar, F|100/100
|move|p2a: Skarmory|Roost|p2a: Skarmory
|-heal|p2a: Skarmory|96/100
|-singleturn|p2a: Skarmory|move: Roost
|
|-damage|p2a: Skarmory|71/100|[from] Salt Cure
|upkeep
|turn|4
|
|t:|1760452486
|switch|p2a: Fezandipiti|Fezandipiti, M|100/100
|move|p1a: Slowking|Future Sight|p2a: Fezandipiti
|-start|p1a: Slowking|move: Future Sight
|
|upkeep
|turn|5
|
|t:|1760452500
|switch|p2a: Greninja|Greninja, M|100/100
|-prepare|p1a: Slowking|Chilly Reception|[premajor]
|move|p1a: Slowking|Chilly Reception|p1a: Slowking
|-weather|Snowscape
|
|t:|1760452505
|switch|p1a: Slither Wing|Slither Wing|100/100|[from] Chilly Reception
|
|-weather|Snowscape|[upkeep]
|upkeep
|turn|6
|
|t:|1760452520
|switch|p2a: Skarmory|Skarmory, F|71/100
|move|p1a: Slither Wing|U-turn|p2a: Skarmory
|-resisted|p2a: Skarmory
|-damage|p2a: Skarmory|62/100
|-damage|p1a: Slither Wing|84/100|[from] item: Rocky Helmet|[of] p2a: Skarmory
|
|t:|1760452534
|-end|p1a: Slither Wing|Protosynthesis|[silent]
|switch|p1a: Great Tusk|Great Tusk|100/100|[from] U-turn
|-enditem|p1a: Great Tusk|Booster Energy
|-activate|p1a: Great Tusk|ability: Protosynthesis|[fromitem]
|-start|p1a: Great Tusk|protosynthesisspe
|
|-weather|Snowscape|[upkeep]
|-end|p2a: Skarmory|move: Future Sight
|-resisted|p2a: Skarmory
|-damage|p2a: Skarmory|25/100
|upkeep
|turn|7
|
|t:|1760452544
|move|p1a: Great Tusk|Stealth Rock|p2a: Skarmory
|-sidestart|p2: kinsword|move: Stealth Rock
|move|p2a: Skarmory|Roost|p2a: Skarmory
|-heal|p2a: Skarmory|75/100
|-singleturn|p2a: Skarmory|move: Roost
|
|-weather|Snowscape|[upkeep]
|upkeep
|turn|8
|
|t:|1760452555
|-end|p1a: Great Tusk|Protosynthesis|[silent]
|switch|p1a: Hatterene|Hatterene, F|100/100
|move|p2a: Skarmory|Iron Defense|p2a: Skarmory
|-boost|p2a: Skarmory|def|2
|
|-weather|Snowscape|[upkeep]
|upkeep
|turn|9
|
|t:|1760452575
|switch|p2a: Dudunsparce|Dudunsparce-Three-Segment, F|100/100
|-damage|p2a: Dudunsparce|88/100|[from] Stealth Rock
|move|p1a: Hatterene|Nuzzle|p2a: Dudunsparce
|-damage|p2a: Dudunsparce|84/100
|-status|p2a: Dudunsparce|par
|
|-weather|none
|-heal|p2a: Dudunsparce|91/100 par|[from] item: Leftovers
|upkeep
|turn|10
|
|t:|1760452588
|move|p1a: Hatterene|Psychic Noise|p2a: Dudunsparce
|-damage|p2a: Dudunsparce|60/100 par
|-start|p2a: Dudunsparce|move: Heal Block
|move|p2a: Dudunsparce|Shadow Ball|p1a: Hatterene
|-supereffective|p1a: Hatterene
|-damage|p1a: Hatterene|72/100
|
|upkeep
|turn|11
|
|t:|1760452597
|move|p1a: Hatterene|Draining Kiss|p2a: Dudunsparce
|-damage|p2a: Dudunsparce|37/100 par
|-heal|p1a: Hatterene|92/100|[from] drain|[of] p2a: Dudunsparce
|move|p2a: Dudunsparce|Shadow Ball|p1a: Hatterene
|-supereffective|p1a: Hatterene
|-damage|p1a: Hatterene|63/100
|
|-end|p2a: Dudunsparce|move: Heal Block
|upkeep
|turn|12
|
|t:|1760452608
|move|p1a: Hatterene|Psychic Noise|p2a: Dudunsparce
|-damage|p2a: Dudunsparce|6/100 par
|-start|p2a: Dudunsparce|move: Heal Block
|move|p2a: Dudunsparce|Shadow Ball|p1a: Hatterene
|-supereffective|p1a: Hatterene
|-damage|p1a: Hatterene|33/100
|-unboost|p1a: Hatterene|spd|1
|
|upkeep
|turn|13
|
|t:|1760452618
|move|p1a: Hatterene|Draining Kiss|p2a: Dudunsparce
|-damage|p2a: Dudunsparce|0 fnt
|-heal|p1a: Hatterene|38/100|[from] drain|[of] p2a: Dudunsparce
|faint|p2a: Dudunsparce
|
|upkeep
|
|t:|1760452624
|switch|p2a: Iron Treads|Iron Treads|100/100
|-damage|p2a: Iron Treads|97/100|[from] Stealth Rock
|turn|14
|
|t:|1760452631
|switch|p1a: Great Tusk|Great Tusk|100/100
|move|p2a: Iron Treads|Rapid Spin|p1a: Great Tusk
|-damage|p1a: Great Tusk|90/100
|-boost|p2a: Iron Treads|spe|1
|-sideend|p2: kinsword|Stealth Rock|[from] move: Rapid Spin|[of] p2a: Iron Treads
|
|-heal|p2a: Iron Treads|100/100|[from] item: Leftovers
|upkeep
|turn|15
|
|t:|1760452642
|-end|p2a: Iron Treads|Quark Drive|[silent]
|switch|p2a: Skarmory|Skarmory, F|75/100
|move|p1a: Great Tusk|Headlong Rush|p2a: Skarmory
|-immune|p2a: Skarmory
|
|upkeep
|turn|16
|
|t:|1760452649
|move|p1a: Great Tusk|Stealth Rock|p2a: Skarmory
|-sidestart|p2: kinsword|move: Stealth Rock
|move|p2a: Skarmory|Brave Bird|p1a: Great Tusk
|-supereffective|p1a: Great Tusk
|-damage|p1a: Great Tusk|50/100
|-damage|p2a: Skarmory|58/100|[from] Recoil
|
|upkeep
|turn|17
|
|t:|1760452670
|-end|p1a: Great Tusk|Protosynthesis|[silent]
|switch|p1a: Slowking|Slowking-Galar, F|100/100
|move|p2a: Skarmory|Iron Defense|p2a: Skarmory
|-boost|p2a: Skarmory|def|2
|
|upkeep
|turn|18
|
|t:|1760452678
|move|p2a: Skarmory|Roost|p2a: Skarmory
|-heal|p2a: Skarmory|100/100
|-singleturn|p2a: Skarmory|move: Roost
|move|p1a: Slowking|Future Sight|p2a: Skarmory
|-start|p1a: Slowking|move: Future Sight
|
|upkeep
|turn|19
|
|t:|1760452685
|move|p2a: Skarmory|Brave Bird|p1a: Slowking
|-damage|p1a: Slowking|74/100
|-damage|p2a: Skarmory|90/100|[from] Recoil
|move|p1a: Slowking|Ice Beam|p2a: Skarmory
|-damage|p2a: Skarmory|54/100
|-status|p2a: Skarmory|frz
|
|upkeep
|turn|20
|
|t:|1760452694
|switch|p2a: Iron Treads|Iron Treads|100/100
|-damage|p2a: Iron Treads|97/100|[from] Stealth Rock
|-prepare|p1a: Slowking|Chilly Reception|[premajor]
|move|p1a: Slowking|Chilly Reception|p1a: Slowking
|-weather|Snowscape
|
|t:|1760452698
|switch|p1a: Slither Wing|Slither Wing|84/100|[from] Chilly Reception
|
|-weather|Snowscape|[upkeep]
|-end|p2a: Iron Treads|move: Future Sight
|-resisted|p2a: Iron Treads
|-damage|p2a: Iron Treads|72/100
|-heal|p2a: Iron Treads|79/100|[from] item: Leftovers
|upkeep
|turn|21
|
|t:|1760452709
|-end|p2a: Iron Treads|Quark Drive|[silent]
|switch|p2a: Fezandipiti|Fezandipiti, M|100/100
|-damage|p2a: Fezandipiti|88/100|[from] Stealth Rock
|move|p1a: Slither Wing|Close Combat|p2a: Fezandipiti
|-resisted|p2a: Fezandipiti
|-damage|p2a: Fezandipiti|62/100
|-unboost|p1a: Slither Wing|def|1
|-unboost|p1a: Slither Wing|spd|1
|
|-weather|Snowscape|[upkeep]
|-heal|p2a: Fezandipiti|68/100|[from] item: Leftovers
|upkeep
|turn|22
|
|t:|1760452730
|-end|p1a: Slither Wing|Protosynthesis|[silent]
|switch|p1a: Slowking|Slowking-Galar, F|100/100
|move|p2a: Fezandipiti|Swords Dance|p2a: Fezandipiti
|-boost|p2a: Fezandipiti|atk|2
|
|-weather|Snowscape|[upkeep]
|-heal|p2a: Fezandipiti|74/100|[from] item: Leftovers
|upkeep
|turn|23
|
|t:|1760452744
|move|p2a: Fezandipiti|Dual Wingbeat|p1a: Slowking
|-damage|p1a: Slowking|76/100
|-damage|p1a: Slowking|52/100
|-hitcount|p1a: Slowking|2
|-prepare|p1a: Slowking|Chilly Reception|[premajor]
|move|p1a: Slowking|Chilly Reception|p1a: Slowking
|
|t:|1760452747
|switch|p1a: Scizor|Scizor, F|100/100|[from] Chilly Reception
|
|-weather|Snowscape|[upkeep]
|-heal|p2a: Fezandipiti|80/100|[from] item: Leftovers
|upkeep
|turn|24
|
|t:|1760452761
|switch|p2a: Skarmory|Skarmory, F|54/100 frz
|-damage|p2a: Skarmory|42/100 frz|[from] Stealth Rock
|move|p1a: Scizor|Bullet Punch|p2a: Skarmory
|-resisted|p2a: Skarmory
|-damage|p2a: Skarmory|29/100 frz
|-damage|p1a: Scizor|84/100|[from] item: Rocky Helmet|[of] p2a: Skarmory
|-damage|p1a: Scizor|74/100|[from] item: Life Orb
|
|-weather|none
|upkeep
|turn|25
|
|t:|1760452772
|switch|p1a: Slowking|Slowking-Galar, F|85/100
|cant|p2a: Skarmory|frz
|
|upkeep
|turn|26
|
|t:|1760452778
|switch|p2a: Iron Treads|Iron Treads|79/100
|-damage|p2a: Iron Treads|75/100|[from] Stealth Rock
|move|p1a: Slowking|Future Sight|p2a: Iron Treads
|-start|p1a: Slowking|move: Future Sight
|
|-heal|p2a: Iron Treads|82/100|[from] item: Leftovers
|upkeep
|turn|27
|
|t:|1760452787
|move|p2a: Iron Treads|Earthquake|p1a: Slowking
|-supereffective|p1a: Slowking
|-crit|p1a: Slowking
|-damage|p1a: Slowking|0 fnt
|faint|p1a: Slowking
|
|-heal|p2a: Iron Treads|88/100|[from] item: Leftovers
|upkeep
|
|t:|1760452790
|switch|p1a: Slither Wing|Slither Wing|84/100
|turn|28
|
|t:|1760452798
|-end|p2a: Iron Treads|Quark Drive|[silent]
|switch|p2a: Skarmory|Skarmory, F|29/100 frz
|-damage|p2a: Skarmory|16/100 frz|[from] Stealth Rock
|move|p1a: Slither Wing|Close Combat|p2a: Skarmory
|-damage|p2a: Skarmory|0 fnt
|-unboost|p1a: Slither Wing|def|1
|-unboost|p1a: Slither Wing|spd|1
|-damage|p1a: Slither Wing|68/100|[from] item: Rocky Helmet|[of] p2a: Skarmory
|faint|p2a: Skarmory
|
|-hint|Future Sight did not hit because the target is fainted.
|upkeep
|
|t:|1760452813
|switch|p2a: Greninja|Greninja, M|100/100
|-damage|p2a: Greninja|88/100|[from] Stealth Rock
|turn|29
|
|t:|1760452819
|-end|p1a: Slither Wing|Protosynthesis|[silent]
|switch|p1a: Hatterene|Hatterene, F|38/100
|move|p2a: Greninja|Surf|p1a: Hatterene
|-start|p2a: Greninja|typechange|Water|[from] ability: Protean
|-damage|p1a: Hatterene|14/100
|
|upkeep
|turn|30
|
|t:|1760452831
|move|p2a: Greninja|Surf|p1a: Hatterene
|-damage|p1a: Hatterene|0 fnt
|faint|p1a: Hatterene
|
|upkeep
|
|t:|1760452838
|switch|p1a: Slither Wing|Slither Wing|68/100
|turn|31
|
|t:|1760452843
|switch|p2a: Fezandipiti|Fezandipiti, M|80/100
|-damage|p2a: Fezandipiti|68/100|[from] Stealth Rock
|move|p1a: Slither Wing|First Impression|p2a: Fezandipiti
|-resisted|p2a: Fezandipiti
|-damage|p2a: Fezandipiti|46/100
|
|-heal|p2a: Fezandipiti|52/100|[from] item: Leftovers
|upkeep
|turn|32
|
|t:|1760452854
|-end|p1a: Slither Wing|Protosynthesis|[silent]
|switch|p1a: Scizor|Scizor, F|74/100
|move|p2a: Fezandipiti|Double Kick|p1a: Scizor
|-damage|p1a: Scizor|60/100
|-damage|p1a: Scizor|49/100
|-hitcount|p1a: Scizor|2
|
|-heal|p2a: Fezandipiti|58/100|[from] item: Leftovers
|upkeep
|turn|33
|
|t:|1760452872
|move|p2a: Fezandipiti|Double Kick|p1a: Scizor
|-damage|p1a: Scizor|35/100
|-damage|p1a: Scizor|22/100
|-hitcount|p1a: Scizor|2
|move|p1a: Scizor|Knock Off|p2a: Fezandipiti
|-resisted|p2a: Fezandipiti
|-damage|p2a: Fezandipiti|32/100
|-enditem|p2a: Fezandipiti|Leftovers|[from] move: Knock Off|[of] p1a: Scizor
|-damage|p1a: Scizor|12/100|[from] item: Life Orb
|
|upkeep
|turn|34
|
|t:|1760452883
|move|p1a: Scizor|Bullet Punch|p2a: Fezandipiti
|-supereffective|p2a: Fezandipiti
|-damage|p2a: Fezandipiti|0 fnt
|faint|p2a: Fezandipiti
|-damage|p1a: Scizor|2/100|[from] item: Life Orb
|
|upkeep
|
|t:|1760452889
|switch|p2a: Iron Treads|Iron Treads|88/100
|-damage|p2a: Iron Treads|85/100|[from] Stealth Rock
|turn|35
|
|t:|1760452894
|move|p1a: Scizor|Bullet Punch|p2a: Iron Treads
|-resisted|p2a: Iron Treads
|-damage|p2a: Iron Treads|67/100
|-damage|p1a: Scizor|0 fnt|[from] item: Life Orb
|faint|p1a: Scizor
|move|p2a: Iron Treads|Rapid Spin|p1: Scizor|[notarget]
|-fail|p2a: Iron Treads
|
|-heal|p2a: Iron Treads|73/100|[from] item: Leftovers
|upkeep
|
|t:|1760452900
|switch|p1a: Slither Wing|Slither Wing|68/100
|turn|36
|
|t:|1760452909
|-terastallize|p2a: Iron Treads|Ground
|move|p1a: Slither Wing|Close Combat|p2a: Iron Treads
|-damage|p2a: Iron Treads|0 fnt
|-unboost|p1a: Slither Wing|def|1
|-unboost|p1a: Slither Wing|spd|1
|faint|p2a: Iron Treads
|-end|p2a: Iron Treads|Quark Drive|[silent]
|
|upkeep
|
|t:|1760452918
|switch|p2a: Greninja|Greninja, M|88/100
|-damage|p2a: Greninja|76/100|[from] Stealth Rock
|turn|37
|
|t:|1760452922
|-end|p1a: Slither Wing|Protosynthesis|[silent]
|switch|p1a: Great Tusk|Great Tusk|50/100
|move|p2a: Greninja|Surf|p1a: Great Tusk
|-start|p2a: Greninja|typechange|Water|[from] ability: Protean
|-supereffective|p1a: Great Tusk
|-damage|p1a: Great Tusk|0 fnt
|faint|p1a: Great Tusk
|-end|p1a: Great Tusk|Protosynthesis|[silent]
|
|upkeep
|
|t:|1760452925
|switch|p1a: Slither Wing|Slither Wing|68/100
|turn|38
|
|t:|1760452937
|switch|p2a: Haxorus|Haxorus, F|100/100
|-damage|p2a: Haxorus|88/100|[from] Stealth Rock
|-ability|p2a: Haxorus|Mold Breaker
|move|p1a: Slither Wing|First Impression|p2a: Haxorus
|-damage|p2a: Haxorus|0 fnt
|faint|p2a: Haxorus
|
|upkeep
|
|t:|1760452946
|switch|p2a: Greninja|Greninja, M|76/100
|-damage|p2a: Greninja|64/100|[from] Stealth Rock
|turn|39
|c|☆oblizzy|gg
|
|t:|1760452957
|-end|p1a: Slither Wing|Protosynthesis|[silent]
|switch|p1a: Garganacl|Garganacl, M|73/100
|move|p2a: Greninja|Surf|p1a: Garganacl
|-start|p2a: Greninja|typechange|Water|[from] ability: Protean
|-supereffective|p1a: Garganacl
|-damage|p1a: Garganacl|23/100
|
|-heal|p1a: Garganacl|29/100|[from] item: Leftovers
|upkeep
|turn|40
|
|t:|1760452967
|move|p2a: Greninja|Surf|p1a: Garganacl
|-supereffective|p1a: Garganacl
|-damage|p1a: Garganacl|0 fnt
|faint|p1a: Garganacl
|
|upkeep
|
|t:|1760452969
|switch|p1a: Slither Wing|Slither Wing|68/100
|turn|41
|
|t:|1760452974
|move|p1a: Slither Wing|First Impression|p2a: Greninja
|-damage|p2a: Greninja|0 fnt
|faint|p2a: Greninja
|
|win|oblizzy
|raw|oblizzy's rating: 1540 &rarr; <strong>1557</strong><br />(+17 for winning)
|raw|kinsword's rating: 1488 &rarr; <strong>1471</strong><br />(-17 for losing)
|l|☆kinsword
|player|p2|
|l|☆oblizzy
|player|p1|
