|j|☆deepfriedmagikarp
|j|☆dr. drake6782
|t:|1760391410
|gametype|singles
|player|p1|deepfriedmagikarp|pokemonranger-gen4|1786
|player|p2|dr. drake6782|hilbert-masters|1826
|gen|9
|tier|[Gen 9] OU
|rated|
|rule|HP Percentage Mod: HP is shown in percentages
|rule|Endless Battle Clause: Forcing endless battles is banned
|rule|Species Clause: Limit one of each Pokémon
|rule|OHKO Clause: OHKO moves are banned
|rule|Evasion Items Clause: Evasion items are banned
|rule|Evasion Moves Clause: Evasion moves are banned
|rule|Evasion Abilities Clause: Evasion abilities are banned
|rule|Sleep Moves Clause: Sleep-inducing moves are banned
|clearpoke
|poke|p1|Ogerpon-Wellspring, F|
|poke|p1|Kingambit, F|
|poke|p1|Landorus-Therian, M|
|poke|p1|Glimmora, M|
|poke|p1|Dragapult, M|
|poke|p1|Iron Valiant|
|poke|p2|Pelipper, F|
|poke|p2|Tornadus-Therian, M|
|poke|p2|Iron Treads|
|poke|p2|Decidueye-Hisui, M|
|poke|p2|Barraskewda, M|
|poke|p2|Raging Bolt|
|teampreview
|inactive|Battle timer is ON: inactive players will automatically lose when time's up. (requested by dr. drake6782)
|inactive|deepfriedmagikarp also wants the timer to be on.
|inactive|dr. drake6782 has 120 seconds left.
|
|t:|1760391442
|teamsize|p1|6
|teamsize|p2|6
|start
|switch|p1a: Dragapult|Dragapult, M|100/100
|switch|p2a: Iron Treads|Iron Treads|100/100
|turn|1
|
|t:|1760391446
|move|p1a: Dragapult|Flamethrower|p2a: Iron Treads
|-supereffective|p2a: Iron Treads
|-damage|p2a: Iron Treads|40/100
|move|p2a: Iron Treads|Stealth Rock|p1a: Dragapult
|-sidestart|p1: deepfriedmagikarp|move: Stealth Rock
|
|-heal|p2a: Iron Treads|46/100|[from] item: Leftovers
|upkeep
|turn|2
|
|t:|1760391450
|switch|p1a: Ogerpon|Ogerpon-Wellspring, F|100/100
|-damage|p1a: Ogerpon|88/100|[from] Stealth Rock
|-end|p2a: Iron Treads|Quark Drive|[silent]
|switch|p2a: Pelipper|Pelipper, F|100/100
|-weather|RainDance|[from] ability: Drizzle|[of] p2a: Pelipper
|
|-weather|RainDance|[upkeep]
|upkeep
|turn|3
|
|t:|1760391456
|switch|p1a: Glimmora|Glimmora, M|100/100
|-damage|p1a: Glimmora|88/100|[from] Stealth Rock
|move|p2a: Pelipper|U-turn|p1a: Glimmora
|-resisted|p1a: Glimmora
|-damage|p1a: Glimmora|83/100
|-activate|p1a: Glimmora|ability: Toxic Debris
|-sidestart|p2: dr. drake6782|move: Toxic Spikes
|
|t:|1760391459
|switch|p2a: Iron Treads|Iron Treads|46/100|[from] U-turn
|
|-weather|RainDance|[upkeep]
|-heal|p2a: Iron Treads|52/100|[from] item: Leftovers
|upkeep
|turn|4
|
|t:|1760391464
|move|p1a: Glimmora|Earth Power|p2a: Iron Treads
|-supereffective|p2a: Iron Treads
|-damage|p2a: Iron Treads|0 fnt
|faint|p2a: Iron Treads
|-end|p2a: Iron Treads|Quark Drive|[silent]
|
|-weather|RainDance|[upkeep]
|upkeep
|
|t:|1760391475
|switch|p2a: Barraskewda|Barraskewda, M, shiny|100/100
|-status|p2a: Barraskewda|psn
|turn|5
|
|t:|1760391478
|switch|p1a: Ogerpon|Ogerpon-Wellspring, F|88/100
|-damage|p1a: Ogerpon|76/100|[from] Stealth Rock
|move|p2a: Barraskewda|Close Combat|p1a: Ogerpon
|-damage|p1a: Ogerpon|0 fnt
|-unboost|p2a: Barraskewda|def|1
|-unboost|p2a: Barraskewda|spd|1
|faint|p1a: Ogerpon
|-damage|p2a: Barraskewda|91/100 psn|[from] item: Life Orb
|
|-weather|RainDance|[upkeep]
|-damage|p2a: Barraskewda|78/100 psn|[from] psn
|upkeep
|
|t:|1760391482
|switch|p1a: Dragapult|Dragapult, M|100/100
|-damage|p1a: Dragapult|88/100|[from] Stealth Rock
|turn|6
|
|t:|1760391486
|move|p2a: Barraskewda|Flip Turn|p1a: Dragapult
|-resisted|p1a: Dragapult
|-damage|p1a: Dragapult|44/100
|-damage|p2a: Barraskewda|69/100 psn|[from] item: Life Orb
|
|t:|1760391491
|switch|p2a: Decidueye|Decidueye-Hisui, M, shiny|100/100|[from] Flip Turn
|-status|p2a: Decidueye|psn
|move|p1a: Dragapult|Shadow Ball|p2a: Decidueye
|-damage|p2a: Decidueye|50/100 psn
|
|-weather|RainDance|[upkeep]
|-damage|p2a: Decidueye|38/100 psn|[from] psn
|upkeep
|turn|7
|
|t:|1760391496
|move|p1a: Dragapult|Shadow Ball|p2a: Decidueye
|-damage|p2a: Decidueye|0 fnt
|faint|p2a: Decidueye
|
|-weather|RainDance|[upkeep]
|upkeep
|
|t:|1760391498
|switch|p2a: Barraskewda|Barraskewda, M, shiny|69/100 psn
|turn|8
|
|t:|1760391512
|move|p2a: Barraskewda|Liquidation|p1a: Dragapult
|-resisted|p1a: Dragapult
|-damage|p1a: Dragapult|0 fnt
|faint|p1a: Dragapult
|-damage|p2a: Barraskewda|59/100 psn|[from] item: Life Orb
|
|-weather|RainDance|[upkeep]
|-damage|p2a: Barraskewda|47/100 psn|[from] psn
|upkeep
|
|t:|1760391514
|switch|p1a: Kingambit|Kingambit, F|100/100
|-damage|p1a: Kingambit|94/100|[from] Stealth Rock
|-activate|p1a: Kingambit|ability: Supreme Overlord
|-start|p1a: Kingambit|fallen2|[silent]
|turn|9
|
|t:|1760391530
|switch|p2a: Tornadus|Tornadus-Therian, M|100/100
|move|p1a: Kingambit|Kowtow Cleave|p2a: Tornadus
|-damage|p2a: Tornadus|17/100
|
|-weather|none
|-heal|p1a: Kingambit|100/100|[from] item: Leftovers
|upkeep
|turn|10
|
|t:|1760391534
|switch|p2a: Pelipper|Pelipper, F|100/100
|-weather|RainDance|[from] ability: Drizzle|[of] p2a: Pelipper
|move|p1a: Kingambit|Sucker Punch||[still]
|-fail|p1a: Kingambit
|
|-weather|RainDance|[upkeep]
|upkeep
|turn|11
|
|t:|1760391537
|move|p1a: Kingambit|Kowtow Cleave|p2a: Pelipper
|-damage|p2a: Pelipper|55/100
|move|p2a: Pelipper|U-turn|p1a: Kingambit
|-damage|p1a: Kingambit|93/100
|
|t:|1760391539
|switch|p2a: Raging Bolt|Raging Bolt|100/100|[from] U-turn
|-status|p2a: Raging Bolt|psn
|-enditem|p2a: Raging Bolt|Booster Energy
|-activate|p2a: Raging Bolt|ability: Protosynthesis|[fromitem]
|-start|p2a: Raging Bolt|protosynthesisspa
|
|-weather|RainDance|[upkeep]
|-heal|p1a: Kingambit|99/100|[from] item: Leftovers
|-damage|p2a: Raging Bolt|88/100 psn|[from] psn
|upkeep
|turn|12
|
|t:|1760391546
|move|p2a: Raging Bolt|Thunder|p1a: Kingambit
|-damage|p1a: Kingambit|9/100
|-status|p1a: Kingambit|par
|move|p1a: Kingambit|Kowtow Cleave|p2a: Raging Bolt
|-damage|p2a: Raging Bolt|30/100 psn
|
|-weather|RainDance|[upkeep]
|-heal|p1a: Kingambit|16/100 par|[from] item: Leftovers
|-damage|p2a: Raging Bolt|18/100 psn|[from] psn
|upkeep
|turn|13
|
|t:|1760391552
|move|p2a: Raging Bolt|Thunderclap|p1a: Kingambit
|-damage|p1a: Kingambit|0 fnt
|faint|p1a: Kingambit
|-end|p1a: Kingambit|fallen2|[silent]
|
|-weather|RainDance|[upkeep]
|-damage|p2a: Raging Bolt|5/100 psn|[from] psn
|upkeep
|
|t:|1760391570
|switch|p1a: Landorus|Landorus-Therian, M|100/100
|-damage|p1a: Landorus|88/100|[from] Stealth Rock
|-ability|p1a: Landorus|Intimidate|boost
|-unboost|p2a: Raging Bolt|atk|1
|turn|14
|
|t:|1760391572
|move|p1a: Landorus|Earthquake|p2a: Raging Bolt
|-supereffective|p2a: Raging Bolt
|-damage|p2a: Raging Bolt|0 fnt
|faint|p2a: Raging Bolt
|-end|p2a: Raging Bolt|Protosynthesis|[silent]
|
|-weather|RainDance|[upkeep]
|upkeep
|
|t:|1760391574
|switch|p2a: Barraskewda|Barraskewda, M, shiny|47/100 psn
|turn|15
|
|t:|1760391578
|switch|p1a: Glimmora|Glimmora, M|83/100
|-damage|p1a: Glimmora|71/100|[from] Stealth Rock
|-terastallize|p2a: Barraskewda|Water
|move|p2a: Barraskewda|Liquidation|p1a: Glimmora
|-supereffective|p1a: Glimmora
|-damage|p1a: Glimmora|0 fnt
|-activate|p1a: Glimmora|ability: Toxic Debris
|-sidestart|p2: dr. drake6782|move: Toxic Spikes
|faint|p1a: Glimmora
|-damage|p2a: Barraskewda|37/100 psn|[from] item: Life Orb
|
|-weather|RainDance|[upkeep]
|-damage|p2a: Barraskewda|24/100 psn|[from] psn
|upkeep
|
|t:|1760391581
|switch|p1a: Landorus|Landorus-Therian, M|88/100
|-damage|p1a: Landorus|76/100|[from] Stealth Rock
|-ability|p1a: Landorus|Intimidate|boost
|-unboost|p2a: Barraskewda|atk|1
|turn|16
|
|t:|1760391587
|move|p2a: Barraskewda|Liquidation|p1a: Landorus
|-supereffective|p1a: Landorus
|-damage|p1a: Landorus|0 fnt
|-damage|p2a: Barraskewda|8/100 psn|[from] item: Rocky Helmet|[of] p1a: Landorus
|faint|p1a: Landorus
|-damage|p2a: Barraskewda|0 fnt|[from] item: Life Orb
|faint|p2a: Barraskewda
|
|-weather|RainDance|[upkeep]
|upkeep
|
|t:|1760391591
|switch|p2a: Tornadus|Tornadus-Therian, M|50/100
|switch|p1a: Iron Valiant|Iron Valiant|100/100
|-damage|p1a: Iron Valiant|94/100|[from] Stealth Rock
|-enditem|p1a: Iron Valiant|Booster Energy
|-activate|p1a: Iron Valiant|ability: Quark Drive|[fromitem]
|-start|p1a: Iron Valiant|quarkdrivespe
|turn|17
|
|t:|1760391595
|switch|p2a: Pelipper|Pelipper, F|55/100
|-terastallize|p1a: Iron Valiant|Steel
|move|p1a: Iron Valiant|Spirit Break|p2a: Pelipper
|-damage|p2a: Pelipper|25/100
|-unboost|p2a: Pelipper|spa|1
|
|-weather|none
|upkeep
|turn|18
|
|t:|1760391601
|move|p1a: Iron Valiant|Spirit Break|p2a: Pelipper
|-damage|p2a: Pelipper|0 fnt
|faint|p2a: Pelipper
|
|upkeep
|
|t:|1760391602
|switch|p2a: Tornadus|Tornadus-Therian, M|83/100
|turn|19
|
|t:|1760391603
|move|p1a: Iron Valiant|Spirit Break|p2a: Tornadus
|-damage|p2a: Tornadus|26/100
|-unboost|p2a: Tornadus|spa|1
|move|p2a: Tornadus|Focus Blast|p1a: Iron Valiant
|-supereffective|p1a: Iron Valiant
|-damage|p1a: Iron Valiant|0 fnt
|faint|p1a: Iron Valiant
|-end|p1a: Iron Valiant|Quark Drive|[silent]
|
|win|dr. drake6782
|raw|deepfriedmagikarp's rating: 1786 &rarr; <strong>1768</strong><br />(-18 for losing)
|raw|dr. drake6782's rating: 1826 &rarr; <strong>1844</strong><br />(+18 for winning)
|c|☆dr. drake6782|gg
|l|☆deepfriedmagikarp
|player|p1|
