|j|☆Blank_Playe_pract
|j|☆Hybbridd
|t:|1760299591
|gametype|singles
|player|p1|Blank_Playe_pract|2|1562
|player|p2|Hybbridd|lucas-gen4pt|1598
|gen|9
|tier|[Gen 9] OU
|rated|
|rule|HP Percentage Mod: HP is shown in percentages
|rule|Endless Battle Clause: Forcing endless battles is banned
|rule|Species Clause: Limit one of each Pokémon
|rule|OHKO Clause: OHKO moves are banned
|rule|Evasion Items Clause: Evasion items are banned
|rule|Evasion Moves Clause: Evasion moves are banned
|rule|Evasion Abilities Clause: Evasion abilities are banned
|rule|Sleep Moves Clause: Sleep-inducing moves are banned
|clearpoke
|poke|p1|Diancie|
|poke|p1|Kyurem|
|poke|p1|Necrozma|
|poke|p1|Hatterene, F|
|poke|p1|Iron Hands|
|poke|p1|Landorus-Therian, M|
|poke|p2|Landorus-Therian, M|
|poke|p2|Samurott-Hisui, M|
|poke|p2|Pecharunt|
|poke|p2|Scizor, M|
|poke|p2|Latios, M|
|poke|p2|Zamazenta-*|
|teampreview
|inactive|Battle timer is ON: inactive players will automatically lose when time's up. (requested by Blank_Playe_pract)
|
|t:|1760299599
|teamsize|p1|6
|teamsize|p2|6
|start
|switch|p1a: Landorus|Landorus-Therian, M|100/100
|switch|p2a: Samurott|Samurott-Hisui, M|100/100
|-ability|p1a: Landorus|Intimidate|boost
|-unboost|p2a: Samurott|atk|1
|turn|1
|
|t:|1760299606
|switch|p2a: Landorus|Landorus-Therian, M|100/100
|-ability|p2a: Landorus|Intimidate|boost
|-unboost|p1a: Landorus|atk|1
|move|p1a: Landorus|U-turn|p2a: Landorus
|-resisted|p2a: Landorus
|-damage|p2a: Landorus|94/100
|-damage|p1a: Landorus|84/100|[from] item: Rocky Helmet|[of] p2a: Landorus
|
|t:|1760299611
|switch|p1a: Hatterene|Hatterene, F|100/100|[from] U-turn
|
|upkeep
|turn|2
|
|t:|1760299615
|move|p2a: Landorus|U-turn|p1a: Hatterene
|-damage|p1a: Hatterene|73/100
|
|t:|1760299617
|switch|p2a: Scizor|Scizor, M|100/100|[from] U-turn
|move|p1a: Hatterene|Trick Room|p1a: Hatterene
|-fieldstart|move: Trick Room|[of] p1a: Hatterene
|
|upkeep
|turn|3
|
|t:|1760299622
|-terastallize|p1a: Hatterene|Steel
|move|p2a: Scizor|Bullet Punch|p1a: Hatterene
|-resisted|p1a: Hatterene
|-damage|p1a: Hatterene|53/100
|move|p1a: Hatterene|Mystical Fire|p2a: Scizor
|-supereffective|p2a: Scizor
|-damage|p2a: Scizor|0 fnt
|faint|p2a: Scizor
|-damage|p1a: Hatterene|44/100|[from] item: Life Orb
|
|upkeep
|
|t:|1760299639
|switch|p2a: Landorus|Landorus-Therian, M|94/100
|-ability|p2a: Landorus|Intimidate|boost
|-unboost|p1a: Hatterene|atk|1
|turn|4
|
|t:|1760299645
|switch|p1a: Landorus|Landorus-Therian, M|84/100
|-ability|p1a: Landorus|Intimidate|boost
|-unboost|p2a: Landorus|atk|1
|move|p2a: Landorus|Earthquake|p1a: Landorus
|-immune|p1a: Landorus
|
|upkeep
|turn|5
|
|t:|1760299653
|move|p1a: Landorus|Stealth Rock|p2a: Landorus
|-sidestart|p2: Hybbridd|move: Stealth Rock
|move|p2a: Landorus|Earthquake|p1a: Landorus
|-immune|p1a: Landorus
|
|upkeep
|turn|6
|
|t:|1760299659
|move|p1a: Landorus|Taunt|p2a: Landorus
|-start|p2a: Landorus|move: Taunt
|move|p2a: Landorus|Earthquake|p1a: Landorus
|-immune|p1a: Landorus
|
|-fieldend|move: Trick Room
|upkeep
|turn|7
|
|t:|1760299667
|move|p1a: Landorus|U-turn|p2a: Landorus
|-resisted|p2a: Landorus
|-damage|p2a: Landorus|83/100
|-damage|p1a: Landorus|67/100|[from] item: Rocky Helmet|[of] p2a: Landorus
|
|t:|1760299673
|switch|p1a: Hatterene|Hatterene, F, tera:Steel|44/100|[from] U-turn
|move|p2a: Landorus|Smack Down|p1a: Hatterene
|-resisted|p1a: Hatterene
|-damage|p1a: Hatterene|38/100
|
|upkeep
|turn|8
|
|t:|1760299680
|switch|p1a: Landorus|Landorus-Therian, M|67/100
|-ability|p1a: Landorus|Intimidate|boost
|-unboost|p2a: Landorus|atk|1
|move|p2a: Landorus|Earthquake|p1a: Landorus
|-immune|p1a: Landorus
|
|-end|p2a: Landorus|move: Taunt
|upkeep
|turn|9
|
|t:|1760299686
|move|p1a: Landorus|Taunt|p2a: Landorus
|-start|p2a: Landorus|move: Taunt
|cant|p2a: Landorus|move: Taunt|Stealth Rock
|
|upkeep
|turn|10
|
|t:|1760299712
|move|p1a: Landorus|U-turn|p2a: Landorus
|-resisted|p2a: Landorus
|-damage|p2a: Landorus|74/100
|-damage|p1a: Landorus|51/100|[from] item: Rocky Helmet|[of] p2a: Landorus
|
|t:|1760299714
|switch|p1a: Kyurem|Kyurem|100/100|[from] U-turn
|-ability|p1a: Kyurem|Pressure
|move|p2a: Landorus|U-turn|p1a: Kyurem
|-damage|p1a: Kyurem|89/100
|
|t:|1760299721
|switch|p2a: Zamazenta|Zamazenta|100/100|[from] U-turn
|-damage|p2a: Zamazenta|94/100|[from] Stealth Rock
|-ability|p2a: Zamazenta|Dauntless Shield|boost
|-boost|p2a: Zamazenta|def|1
|
|-heal|p2a: Zamazenta|100/100|[from] item: Leftovers
|upkeep
|turn|11
|
|t:|1760299727
|switch|p1a: Landorus|Landorus-Therian, M|51/100
|-ability|p1a: Landorus|Intimidate|boost
|-unboost|p2a: Zamazenta|atk|1
|move|p2a: Zamazenta|Body Press|p1a: Landorus
|-resisted|p1a: Landorus
|-damage|p1a: Landorus|23/100
|-damage|p2a: Zamazenta|84/100|[from] item: Rocky Helmet|[of] p1a: Landorus
|
|-heal|p2a: Zamazenta|90/100|[from] item: Leftovers
|upkeep
|turn|12
|
|t:|1760299733
|move|p2a: Zamazenta|Body Press|p1a: Landorus
|-resisted|p1a: Landorus
|-damage|p1a: Landorus|0 fnt
|-damage|p2a: Zamazenta|73/100|[from] item: Rocky Helmet|[of] p1a: Landorus
|faint|p1a: Landorus
|
|-heal|p2a: Zamazenta|80/100|[from] item: Leftovers
|upkeep
|
|t:|1760299752
|switch|p1a: Necrozma|Necrozma|100/100
|turn|13
|
|t:|1760299757
|switch|p2a: Samurott|Samurott-Hisui, M|100/100
|-damage|p2a: Samurott|88/100|[from] Stealth Rock
|move|p1a: Necrozma|Trick Room|p1a: Necrozma
|-fieldstart|move: Trick Room|[of] p1a: Necrozma
|
|upkeep
|turn|14
|
|t:|1760299764
|switch|p1a: Hatterene|Hatterene, F, tera:Steel|38/100
|move|p2a: Samurott|Ceaseless Edge|p1a: Hatterene|[miss]
|-miss|p2a: Samurott|p1a: Hatterene
|
|upkeep
|turn|15
|
|t:|1760299770
|-terastallize|p2a: Samurott|Ground
|move|p1a: Hatterene|Draining Kiss|p2a: Samurott
|-damage|p2a: Samurott|54/100
|-heal|p1a: Hatterene|65/100|[from] drain|[of] p2a: Samurott
|-damage|p1a: Hatterene|55/100|[from] item: Life Orb
|move|p2a: Samurott|Ceaseless Edge|p1a: Hatterene
|-damage|p1a: Hatterene|0 fnt
|-sidestart|p1: Blank_Playe_pract|Spikes
|faint|p1a: Hatterene
|
|upkeep
|
|t:|1760299783
|switch|p1a: Iron Hands|Iron Hands|100/100
|-damage|p1a: Iron Hands|88/100|[from] Spikes
|-enditem|p1a: Iron Hands|Booster Energy
|-activate|p1a: Iron Hands|ability: Quark Drive|[fromitem]
|-start|p1a: Iron Hands|quarkdriveatk
|turn|16
|
|t:|1760299793
|switch|p2a: Landorus|Landorus-Therian, M|74/100
|-damage|p2a: Landorus|61/100|[from] Stealth Rock
|-ability|p2a: Landorus|Intimidate|boost
|-unboost|p1a: Iron Hands|atk|1
|move|p1a: Iron Hands|Ice Punch|p2a: Landorus
|-supereffective|p2a: Landorus
|-damage|p2a: Landorus|0 fnt
|-damage|p1a: Iron Hands|72/100|[from] item: Rocky Helmet|[of] p2a: Landorus
|faint|p2a: Landorus
|
|upkeep
|
|t:|1760299798
|switch|p2a: Pecharunt|Pecharunt|100/100
|turn|17
|
|t:|1760299807
|move|p1a: Iron Hands|Swords Dance|p1a: Iron Hands
|-boost|p1a: Iron Hands|atk|2
|move|p2a: Pecharunt|Malignant Chain|p1a: Iron Hands
|-damage|p1a: Iron Hands|45/100
|-status|p1a: Iron Hands|tox
|-start|p1a: Iron Hands|confusion|[from] ability: Poison Puppeteer|[of] p2a: Pecharunt
|
|-damage|p1a: Iron Hands|39/100 tox|[from] psn
|-fieldend|move: Trick Room
|upkeep
|turn|18
|
|t:|1760299820
|move|p2a: Pecharunt|Malignant Chain|p1a: Iron Hands
|-damage|p1a: Iron Hands|11/100 tox
|-activate|p1a: Iron Hands|confusion
|move|p1a: Iron Hands|Supercell Slam|p2a: Pecharunt
|-damage|p2a: Pecharunt|36/100
|
|-damage|p1a: Iron Hands|0 fnt|[from] psn
|faint|p1a: Iron Hands
|-end|p1a: Iron Hands|Quark Drive|[silent]
|upkeep
|
|t:|1760299829
|switch|p1a: Necrozma|Necrozma|100/100
|-damage|p1a: Necrozma|88/100|[from] Spikes
|turn|19
|
|t:|1760299834
|move|p2a: Pecharunt|Malignant Chain|p1a: Necrozma
|-damage|p1a: Necrozma|57/100
|-status|p1a: Necrozma|tox
|-start|p1a: Necrozma|confusion|[from] ability: Poison Puppeteer|[of] p2a: Pecharunt
|-activate|p1a: Necrozma|confusion
|-damage|p1a: Necrozma|48/100 tox|[from] confusion
|
|-damage|p1a: Necrozma|42/100 tox|[from] psn
|upkeep
|turn|20
|
|t:|1760299841
|move|p2a: Pecharunt|Shadow Ball|p1a: Necrozma
|-supereffective|p1a: Necrozma
|-damage|p1a: Necrozma|8/100 tox
|-end|p1a: Necrozma|confusion
|move|p1a: Necrozma|Trick Room|p1a: Necrozma
|-fieldstart|move: Trick Room|[of] p1a: Necrozma
|
|-damage|p1a: Necrozma|0 fnt|[from] psn
|faint|p1a: Necrozma
|upkeep
|
|t:|1760299847
|switch|p1a: Diancie|Diancie|100/100
|-damage|p1a: Diancie|88/100|[from] Spikes
|turn|21
|
|t:|1760299855
|move|p1a: Diancie|Meteor Beam||[still]
|-prepare|p1a: Diancie|Meteor Beam
|-boost|p1a: Diancie|spa|1
|-enditem|p1a: Diancie|Power Herb
|-anim|p1a: Diancie|Meteor Beam|p2a: Pecharunt
|-damage|p2a: Pecharunt|0 fnt
|faint|p2a: Pecharunt
|
|upkeep
|
|t:|1760299857
|switch|p2a: Samurott|Samurott-Hisui, M, tera:Ground|54/100
|-damage|p2a: Samurott|48/100|[from] Stealth Rock
|turn|22
|
|t:|1760299884
|move|p2a: Samurott|Aqua Jet|p1a: Diancie
|-supereffective|p1a: Diancie
|-damage|p1a: Diancie|59/100
|move|p1a: Diancie|Moonblast|p2a: Samurott
|-damage|p2a: Samurott|0 fnt
|faint|p2a: Samurott
|
|upkeep
|
|t:|1760299890
|switch|p2a: Latios|Latios, M|100/100
|-damage|p2a: Latios|88/100|[from] Stealth Rock
|turn|23
|
|t:|1760299897
|move|p1a: Diancie|Moonblast|p2a: Latios
|-supereffective|p2a: Latios
|-damage|p2a: Latios|0 fnt
|faint|p2a: Latios
|
|upkeep
|
|t:|1760299898
|switch|p2a: Zamazenta|Zamazenta|80/100
|-damage|p2a: Zamazenta|73/100|[from] Stealth Rock
|turn|24
|c|☆Blank_Playe_pract|ggwp
|
|t:|1760299921
|move|p1a: Diancie|Moonblast|p2a: Zamazenta
|-supereffective|p2a: Zamazenta
|-damage|p2a: Zamazenta|0 fnt
|faint|p2a: Zamazenta
|
|win|Blank_Playe_pract
|raw|Blank_Playe_pract's rating: 1562 &rarr; <strong>1584</strong><br />(+22 for winning)
|raw|Hybbridd's rating: 1598 &rarr; <strong>1576</strong><br />(-22 for losing)
|l|☆Hybbridd
|player|p2|
|l|☆Blank_Playe_pract
|player|p1|
