|j|☆LX1987
|j|☆the ou godfather
|t:|1760452805
|gametype|singles
|player|p1|LX1987|266|1449
|player|p2|the ou godfather|pokemonranger|1456
|gen|9
|tier|[Gen 9] OU
|rated|
|rule|HP Percentage Mod: HP is shown in percentages
|rule|Endless Battle Clause: Forcing endless battles is banned
|rule|Species Clause: Limit one of each Pokémon
|rule|OHKO Clause: OHKO moves are banned
|rule|Evasion Items Clause: Evasion items are banned
|rule|Evasion Moves Clause: Evasion moves are banned
|rule|Evasion Abilities Clause: Evasion abilities are banned
|rule|Sleep Moves Clause: Sleep-inducing moves are banned
|clearpoke
|poke|p1|Chesnaught, F|
|poke|p1|Entei|
|poke|p1|Weezing-Galar, M|
|poke|p1|Dragapult, F|
|poke|p1|Swampert, F|
|poke|p1|Glimmora, M|
|poke|p2|Zamazenta-*|
|poke|p2|Houndoom, M|
|poke|p2|Houndstone, M|
|poke|p2|Okidogi, M|
|poke|p2|Zoroark-Hisui, M|
|poke|p2|Lycanroc-Dusk, F|
|teampreview
|
|t:|1760452826
|teamsize|p1|6
|teamsize|p2|6
|start
|switch|p1a: Glimmora|Glimmora, M|100/100
|switch|p2a: Lycanroc|Lycanroc-Dusk, F|100/100
|turn|1
|
|t:|1760452838
|move|p2a: Lycanroc|Stealth Rock|p1a: Glimmora
|-sidestart|p1: LX1987|move: Stealth Rock
|move|p1a: Glimmora|Earth Power|p2a: Lycanroc
|-supereffective|p2a: Lycanroc
|-enditem|p2a: Lycanroc|Focus Sash
|-damage|p2a: Lycanroc|1/100
|
|upkeep
|turn|2
|inactive|Battle timer is ON: inactive players will automatically lose when time's up. (requested by LX1987)
|
|t:|1760452850
|move|p2a: Lycanroc|Endeavor|p1a: Glimmora
|-damage|p1a: Glimmora|1/100
|-activate|p1a: Glimmora|ability: Toxic Debris
|-sidestart|p2: the ou godfather|move: Toxic Spikes
|move|p1a: Glimmora|Mortal Spin|p2a: Lycanroc
|-resisted|p2a: Lycanroc
|-damage|p2a: Lycanroc|0 fnt
|-sideend|p1: LX1987|Stealth Rock|[from] move: Mortal Spin|[of] p1a: Glimmora
|faint|p2a: Lycanroc
|
|upkeep
|
|t:|1760452859
|switch|p2a: Okidogi|Okidogi, M|100/100
|-sideend|p2: the ou godfather|move: Toxic Spikes|[of] p2a: Okidogi
|turn|3
|
|t:|1760452865
|move|p1a: Glimmora|Stealth Rock|p2a: Okidogi
|-sidestart|p2: the ou godfather|move: Stealth Rock
|move|p2a: Okidogi|Knock Off|p1a: Glimmora
|-crit|p1a: Glimmora
|-damage|p1a: Glimmora|0 fnt
|-activate|p1a: Glimmora|ability: Toxic Debris
|-sidestart|p2: the ou godfather|move: Toxic Spikes
|-enditem|p1a: Glimmora|Focus Sash|[from] move: Knock Off|[of] p2a: Okidogi
|faint|p1a: Glimmora
|
|upkeep
|
|t:|1760452877
|switch|p1a: Swampert|Swampert, F|100/100
|turn|4
|
|t:|1760452888
|switch|p2a: Zamazenta|Zamazenta|100/100
|-damage|p2a: Zamazenta|88/100|[from] Stealth Rock
|-status|p2a: Zamazenta|psn
|move|p1a: Swampert|Earthquake|p2a: Zamazenta
|-damage|p2a: Zamazenta|1/100 psn
|replace|p2a: Zoroark|Zoroark-Hisui, M
|-end|p2a: Zoroark|Illusion
|
|-damage|p2a: Zoroark|0 fnt|[from] psn
|faint|p2a: Zoroark
|upkeep
|
|t:|1760452892
|switch|p2a: Okidogi|Okidogi, M|100/100
|-damage|p2a: Okidogi|94/100|[from] Stealth Rock
|-sideend|p2: the ou godfather|move: Toxic Spikes|[of] p2a: Okidogi
|turn|5
|
|t:|1760452905
|-terastallize|p2a: Okidogi|Water
|move|p2a: Okidogi|Knock Off|p1a: Swampert
|-damage|p1a: Swampert|66/100
|-status|p1a: Swampert|tox|[from] ability: Toxic Chain|[of] p2a: Okidogi
|-enditem|p1a: Swampert|Assault Vest|[from] move: Knock Off|[of] p2a: Okidogi
|move|p1a: Swampert|Earthquake|p2a: Okidogi
|-damage|p2a: Okidogi|60/100
|
|-damage|p1a: Swampert|59/100 tox|[from] psn
|upkeep
|turn|6
|
|t:|1760452919
|move|p2a: Okidogi|Drain Punch|p1a: Swampert
|-damage|p1a: Swampert|15/100 tox
|-heal|p2a: Okidogi|82/100|[from] drain|[of] p1a: Swampert
|move|p1a: Swampert|Earthquake|p2a: Okidogi
|-damage|p2a: Okidogi|50/100
|
|-damage|p1a: Swampert|2/100 tox|[from] psn
|upkeep
|turn|7
|
|t:|1760452931
|move|p2a: Okidogi|Drain Punch|p1a: Swampert
|-damage|p1a: Swampert|0 fnt
|-heal|p2a: Okidogi|51/100|[from] drain|[of] p1a: Swampert
|faint|p1a: Swampert
|
|upkeep
|
|t:|1760452938
|switch|p1a: Dragapult|Dragapult, F|100/100
|turn|8
|
|t:|1760452951
|move|p1a: Dragapult|Thunderbolt|p2a: Okidogi
|-supereffective|p2a: Okidogi
|-damage|p2a: Okidogi|3/100
|-damage|p1a: Dragapult|91/100|[from] item: Life Orb
|move|p2a: Okidogi|Knock Off|p1a: Dragapult
|-supereffective|p1a: Dragapult
|-damage|p1a: Dragapult|0 fnt
|-enditem|p1a: Dragapult|Life Orb|[from] move: Knock Off|[of] p2a: Okidogi
|faint|p1a: Dragapult
|
|upkeep
|
|t:|1760452964
|switch|p1a: Chesnaught|Chesnaught, F|100/100
|turn|9
|
|t:|1760452972
|move|p2a: Okidogi|Gunk Shot|p1a: Chesnaught
|-supereffective|p1a: Chesnaught
|-damage|p1a: Chesnaught|19/100
|-status|p1a: Chesnaught|tox|[from] ability: Toxic Chain|[of] p2a: Okidogi
|move|p1a: Chesnaught|Knock Off|p2a: Okidogi
|-damage|p2a: Okidogi|0 fnt
|-enditem|p2a: Okidogi|Assault Vest|[from] move: Knock Off|[of] p1a: Chesnaught
|faint|p2a: Okidogi
|
|-damage|p1a: Chesnaught|13/100 tox|[from] psn
|upkeep
|
|t:|1760452981
|switch|p2a: Houndoom|Houndoom, M|100/100
|-damage|p2a: Houndoom|76/100|[from] Stealth Rock
|turn|10
|
|t:|1760452987
|move|p2a: Houndoom|Dark Pulse|p1a: Chesnaught
|-resisted|p1a: Chesnaught
|-damage|p1a: Chesnaught|0 fnt
|faint|p1a: Chesnaught
|-damage|p2a: Houndoom|66/100|[from] item: Life Orb
|
|upkeep
|
|t:|1760452994
|switch|p1a: Entei|Entei|100/100
|-ability|p1a: Entei|Pressure
|turn|11
|
|t:|1760452999
|move|p1a: Entei|Extreme Speed|p2a: Houndoom
|-damage|p2a: Houndoom|11/100
|move|p2a: Houndoom|Dark Pulse|p1a: Entei
|-damage|p1a: Entei|39/100
|-damage|p2a: Houndoom|1/100|[from] item: Life Orb
|
|upkeep
|turn|12
|
|t:|1760453008
|move|p1a: Entei|Sacred Fire|p2a: Houndoom
|-start|p2a: Houndoom|ability: Flash Fire
|move|p2a: Houndoom|Dark Pulse|p1a: Entei
|-damage|p1a: Entei|0 fnt
|faint|p1a: Entei
|-damage|p2a: Houndoom|0 fnt|[from] item: Life Orb
|faint|p2a: Houndoom
|
|upkeep
|
|t:|1760453019
|switch|p1a: Weezing|Weezing-Galar, M|100/100
|switch|p2a: Houndstone|Houndstone, M|100/100
|-ability|p1a: Weezing|Neutralizing Gas
|-damage|p2a: Houndstone|88/100|[from] Stealth Rock
|turn|13
|
|t:|1760453027
|move|p2a: Houndstone|Will-O-Wisp|p1a: Weezing
|-status|p1a: Weezing|brn
|move|p1a: Weezing|Toxic|p2a: Houndstone
|-status|p2a: Houndstone|tox
|
|-heal|p2a: Houndstone|94/100 tox|[from] item: Leftovers
|-damage|p2a: Houndstone|88/100 tox|[from] psn
|-damage|p1a: Weezing|95/100 brn|[from] brn
|upkeep
|turn|14
|
|t:|1760453038
|move|p2a: Houndstone|Poltergeist|p1a: Weezing
|-activate|p1a: Weezing|move: Poltergeist|Black Sludge
|-damage|p1a: Weezing|67/100 brn
|move|p1a: Weezing|Strange Steam|p2a: Houndstone|[miss]
|-miss|p1a: Weezing|p2a: Houndstone
|
|-heal|p2a: Houndstone|94/100 tox|[from] item: Leftovers
|-heal|p1a: Weezing|73/100 brn|[from] item: Black Sludge
|-damage|p2a: Houndstone|82/100 tox|[from] psn
|-damage|p1a: Weezing|67/100 brn|[from] brn
|upkeep
|turn|15
|
|t:|1760453051
|move|p2a: Houndstone|Poltergeist|p1a: Weezing
|-activate|p1a: Weezing|move: Poltergeist|Black Sludge
|-damage|p1a: Weezing|39/100 brn
|move|p1a: Weezing|Strange Steam|p2a: Houndstone
|-damage|p2a: Houndstone|54/100 tox
|
|-heal|p2a: Houndstone|60/100 tox|[from] item: Leftovers
|-heal|p1a: Weezing|45/100 brn|[from] item: Black Sludge
|-damage|p2a: Houndstone|42/100 tox|[from] psn
|-damage|p1a: Weezing|39/100 brn|[from] brn
|upkeep
|turn|16
|
|t:|1760453064
|move|p2a: Houndstone|Poltergeist|p1a: Weezing
|-activate|p1a: Weezing|move: Poltergeist|Black Sludge
|-damage|p1a: Weezing|13/100 brn
|move|p1a: Weezing|Strange Steam|p2a: Houndstone
|-crit|p2a: Houndstone
|-damage|p2a: Houndstone|0 fnt
|faint|p2a: Houndstone
|
|-heal|p1a: Weezing|19/100 brn|[from] item: Black Sludge
|-damage|p1a: Weezing|13/100 brn|[from] brn
|upkeep
|
|t:|1760453071
|switch|p2a: Zamazenta|Zamazenta|100/100
|-damage|p2a: Zamazenta|94/100|[from] Stealth Rock
|turn|17
|
|t:|1760453083
|move|p2a: Zamazenta|Crunch|p1a: Weezing
|-resisted|p1a: Weezing
|-damage|p1a: Weezing|6/100 brn
|-unboost|p1a: Weezing|def|1
|move|p1a: Weezing|Toxic|p2a: Zamazenta
|-status|p2a: Zamazenta|tox
|
|-heal|p2a: Zamazenta|100/100 tox|[from] item: Leftovers
|-heal|p1a: Weezing|12/100 brn|[from] item: Black Sludge
|-damage|p2a: Zamazenta|94/100 tox|[from] psn
|-damage|p1a: Weezing|6/100 brn|[from] brn
|upkeep
|turn|18
|
|t:|1760453096
|move|p2a: Zamazenta|Body Press|p1a: Weezing
|-resisted|p1a: Weezing
|-damage|p1a: Weezing|0 fnt
|faint|p1a: Weezing
|-end|p1a: Weezing|ability: Neutralizing Gas
|
|win|the ou godfather
|raw|LX1987's rating: 1449 &rarr; <strong>1429</strong><br />(-20 for losing)
|raw|the ou godfather's rating: 1456 &rarr; <strong>1476</strong><br />(+20 for winning)
|l|☆the ou godfather
|player|p2|
|l|☆LX1987
|player|p1|
