|j|☆raptorelfe
|j|☆Aliashood75
|t:|1760433246
|gametype|singles
|player|p1|raptorelfe|266|1368
|player|p2|Aliashood75|1|1389
|gen|9
|tier|[Gen 9] OU
|rated|
|rule|HP Percentage Mod: HP is shown in percentages
|rule|Endless Battle Clause: Forcing endless battles is banned
|rule|Species Clause: Limit one of each Pokémon
|rule|OHKO Clause: OHKO moves are banned
|rule|Evasion Items Clause: Evasion items are banned
|rule|Evasion Moves Clause: Evasion moves are banned
|rule|Evasion Abilities Clause: Evasion abilities are banned
|rule|Sleep Moves Clause: Sleep-inducing moves are banned
|clearpoke
|poke|p1|Iron Crown|
|poke|p1|Samurott-Hisui, M|
|poke|p1|Zapdos|
|poke|p1|Dragapult, M|
|poke|p1|Great Tusk|
|poke|p1|Iron Boulder|
|poke|p2|Tornadus-Therian, M|
|poke|p2|Hatterene, F|
|poke|p2|Heatran, M|
|poke|p2|Great Tusk|
|poke|p2|Raging Bolt|
|poke|p2|Ogerpon-Wellspring, F|
|teampreview
|inactive|Battle timer is ON: inactive players will automatically lose when time's up. (requested by Aliashood75)
|
|t:|1760433256
|teamsize|p1|6
|teamsize|p2|6
|start
|switch|p1a: Everytime We Touch|Samurott-Hisui, M|100/100
|switch|p2a: Tornadus|Tornadus-Therian, M|100/100
|turn|1
|
|t:|1760433261
|-terastallize|p2a: Tornadus|Fighting
|move|p1a: Everytime We Touch|Ceaseless Edge|p2a: Tornadus
|-resisted|p2a: Tornadus
|-damage|p2a: Tornadus|74/100
|-sidestart|p2: Aliashood75|Spikes
|move|p2a: Tornadus|Focus Blast|p1a: Everytime We Touch
|-supereffective|p1a: Everytime We Touch
|-damage|p1a: Everytime We Touch|0 fnt
|faint|p1a: Everytime We Touch
|
|upkeep
|
|t:|1760433269
|switch|p1a: Mindreader|Iron Crown|100/100
|turn|2
|
|t:|1760433273
|switch|p2a: Heatran|Heatran, M|100/100
|-damage|p2a: Heatran|88/100|[from] Spikes
|move|p1a: Mindreader|Psyshock|p2a: Heatran
|-resisted|p2a: Heatran
|-damage|p2a: Heatran|61/100
|
|-heal|p2a: Heatran|67/100|[from] item: Leftovers
|upkeep
|turn|3
|
|t:|1760433283
|-end|p1a: Mindreader|Quark Drive|[silent]
|switch|p1a: Hurikan|Zapdos|100/100
|move|p2a: Heatran|Magma Storm|p1a: Hurikan
|-damage|p1a: Hurikan|53/100
|-activate|p1a: Hurikan|move: Magma Storm|[of] p2a: Heatran
|
|-heal|p2a: Heatran|73/100|[from] item: Leftovers
|-damage|p1a: Hurikan|40/100|[from] move: Magma Storm|[partiallytrapped]
|upkeep
|turn|4
|
|t:|1760433291
|move|p2a: Heatran|Magma Storm|p1a: Hurikan
|-damage|p1a: Hurikan|0 fnt
|faint|p1a: Hurikan
|
|-heal|p2a: Heatran|79/100|[from] item: Leftovers
|upkeep
|
|t:|1760433296
|switch|p1a: Pump It|Great Tusk|100/100
|turn|5
|
|t:|1760433301
|switch|p2a: Great Tusk|Great Tusk|100/100
|move|p1a: Pump It|Headlong Rush|p2a: Great Tusk
|-damage|p2a: Great Tusk|73/100
|-unboost|p1a: Pump It|def|1
|-unboost|p1a: Pump It|spd|1
|
|upkeep
|turn|6
|
|t:|1760433312
|move|p1a: Pump It|Ice Spinner|p2a: Great Tusk
|-supereffective|p2a: Great Tusk
|-damage|p2a: Great Tusk|48/100
|move|p2a: Great Tusk|Knock Off|p1a: Pump It
|-resisted|p1a: Pump It
|-damage|p1a: Pump It|85/100
|-enditem|p1a: Pump It|Heavy-Duty Boots|[from] move: Knock Off|[of] p2a: Great Tusk
|
|upkeep
|turn|7
|
|t:|1760433320
|move|p1a: Pump It|Ice Spinner|p2a: Great Tusk
|-supereffective|p2a: Great Tusk
|-damage|p2a: Great Tusk|22/100
|move|p2a: Great Tusk|Rapid Spin|p1a: Pump It
|-damage|p1a: Pump It|70/100
|-boost|p2a: Great Tusk|spe|1
|-sideend|p2: Aliashood75|Spikes|[from] move: Rapid Spin|[of] p2a: Great Tusk
|
|upkeep
|turn|8
|
|t:|1760433327
|move|p2a: Great Tusk|Earthquake|p1a: Pump It
|-damage|p1a: Pump It|22/100
|move|p1a: Pump It|Ice Spinner|p2a: Great Tusk
|-supereffective|p2a: Great Tusk
|-damage|p2a: Great Tusk|0 fnt
|faint|p2a: Great Tusk
|-end|p2a: Great Tusk|Protosynthesis|[silent]
|
|upkeep
|
|t:|1760433335
|switch|p2a: Ogerpon|Ogerpon-Wellspring, F|100/100
|turn|9
|
|t:|1760433341
|move|p2a: Ogerpon|Trailblaze|p1a: Pump It
|-supereffective|p1a: Pump It
|-damage|p1a: Pump It|0 fnt
|-boost|p2a: Ogerpon|spe|1
|faint|p1a: Pump It
|-end|p1a: Pump It|Protosynthesis|[silent]
|
|upkeep
|
|t:|1760433355
|switch|p1a: Parasite|Dragapult, M|100/100
|turn|10
|
|t:|1760433359
|switch|p2a: Hatterene|Hatterene, F|100/100
|move|p1a: Parasite|Dragon Darts|p2a: Hatterene
|-immune|p2a: Hatterene
|
|upkeep
|turn|11
|
|t:|1760433366
|switch|p1a: Mindreader|Iron Crown|100/100
|move|p2a: Hatterene|Mystical Fire|p1a: Mindreader
|-supereffective|p1a: Mindreader
|-damage|p1a: Mindreader|57/100
|-unboost|p1a: Mindreader|spa|1
|
|upkeep
|turn|12
|
|t:|1760433373
|move|p1a: Mindreader|Tachyon Cutter|p2a: Hatterene
|-supereffective|p2a: Hatterene
|-damage|p2a: Hatterene|45/100
|-supereffective|p2a: Hatterene
|-damage|p2a: Hatterene|0 fnt
|faint|p2a: Hatterene
|-hitcount|p2: Hatterene|2
|
|upkeep
|
|t:|1760433379
|switch|p2a: Heatran|Heatran, M|79/100
|turn|13
|
|t:|1760433385
|-end|p1a: Mindreader|Quark Drive|[silent]
|switch|p1a: Parasite|Dragapult, M|100/100
|move|p2a: Heatran|Magma Storm|p1a: Parasite
|-resisted|p1a: Parasite
|-damage|p1a: Parasite|68/100
|-activate|p1a: Parasite|move: Magma Storm|[of] p2a: Heatran
|
|-heal|p2a: Heatran|85/100|[from] item: Leftovers
|-damage|p1a: Parasite|55/100|[from] move: Magma Storm|[partiallytrapped]
|upkeep
|turn|14
|
|t:|1760433396
|-terastallize|p1a: Parasite|Ghost
|move|p1a: Parasite|Tera Blast|p2a: Heatran|[anim] Tera Blast Ghost
|-damage|p2a: Heatran|10/100
|move|p2a: Heatran|Earth Power|p1a: Parasite
|-damage|p1a: Parasite|14/100
|
|-heal|p2a: Heatran|16/100|[from] item: Leftovers
|-damage|p1a: Parasite|2/100|[from] move: Magma Storm|[partiallytrapped]
|upkeep
|turn|15
|
|t:|1760433409
|move|p1a: Parasite|Tera Blast|p2a: Heatran|[anim] Tera Blast Ghost
|-damage|p2a: Heatran|0 fnt
|faint|p2a: Heatran
|
|-end|p1a: Parasite|Magma Storm|[partiallytrapped]|[silent]
|upkeep
|
|t:|1760433413
|switch|p2a: Raging Bolt|Raging Bolt|100/100
|turn|16
|
|t:|1760433420
|move|p2a: Raging Bolt|Thunderclap|p1a: Parasite
|-damage|p1a: Parasite|0 fnt
|faint|p1a: Parasite
|
|upkeep
|
|t:|1760433421
|switch|p1a: Mindreader|Iron Crown|57/100
|turn|17
|
|t:|1760433427
|move|p2a: Raging Bolt|Thunderclap|p1a: Mindreader
|-damage|p1a: Mindreader|0 fnt
|faint|p1a: Mindreader
|-end|p1a: Mindreader|Quark Drive|[silent]
|
|upkeep
|
|t:|1760433429
|switch|p1a: Revery|Iron Boulder|100/100
|-enditem|p1a: Revery|Booster Energy
|-activate|p1a: Revery|ability: Quark Drive|[fromitem]
|-start|p1a: Revery|quarkdrivespe
|turn|18
|
|t:|1760433434
|move|p2a: Raging Bolt|Thunderclap||[still]
|-fail|p2a: Raging Bolt
|move|p1a: Revery|Swords Dance|p1a: Revery
|-boost|p1a: Revery|atk|2
|
|upkeep
|turn|19
|
|t:|1760433440
|-end|p2a: Raging Bolt|Protosynthesis|[silent]
|switch|p2a: Tornadus|Tornadus-Therian, M, tera:Fighting|100/100
|move|p1a: Revery|Swords Dance|p1a: Revery
|-boost|p1a: Revery|atk|2
|
|upkeep
|turn|20
|
|t:|1760433447
|move|p1a: Revery|Zen Headbutt|p2a: Tornadus
|-supereffective|p2a: Tornadus
|-damage|p2a: Tornadus|0 fnt
|faint|p2a: Tornadus
|
|upkeep
|
|t:|1760433451
|switch|p2a: Ogerpon|Ogerpon-Wellspring, F|100/100
|turn|21
|
|t:|1760433459
|move|p1a: Revery|Mighty Cleave|p2a: Ogerpon
|-damage|p2a: Ogerpon|0 fnt
|faint|p2a: Ogerpon
|
|upkeep
|
|t:|1760433463
|switch|p2a: Raging Bolt|Raging Bolt|100/100
|turn|22
|
|t:|1760433481
|move|p2a: Raging Bolt|Thunderclap|p1a: Revery
|-damage|p1a: Revery|43/100
|move|p1a: Revery|Mighty Cleave|p2a: Raging Bolt
|-damage|p2a: Raging Bolt|0 fnt
|faint|p2a: Raging Bolt
|-end|p2a: Raging Bolt|Protosynthesis|[silent]
|
|win|raptorelfe
|raw|raptorelfe's rating: 1368 &rarr; <strong>1389</strong><br />(+21 for winning)
|raw|Aliashood75's rating: 1389 &rarr; <strong>1368</strong><br />(-21 for losing)
|l|☆Aliashood75
|player|p2|
|l|☆raptorelfe
|player|p1|
