|j|☆Captain Brusin'
|j|☆Charle_phate
|t:|1760329886
|gametype|singles
|player|p1|Captain Brusin'|harlequin|1176
|player|p2|Charle_phate|blue|1153
|gen|9
|tier|[Gen 9] OU
|rated|
|rule|HP Percentage Mod: HP is shown in percentages
|rule|Endless Battle Clause: Forcing endless battles is banned
|rule|Species Clause: Limit one of each Pokémon
|rule|OHKO Clause: OHKO moves are banned
|rule|Evasion Items Clause: Evasion items are banned
|rule|Evasion Moves Clause: Evasion moves are banned
|rule|Evasion Abilities Clause: Evasion abilities are banned
|rule|Sleep Moves Clause: Sleep-inducing moves are banned
|clearpoke
|poke|p1|Hydreigon, F|
|poke|p1|Tornadus-Therian, M|
|poke|p1|Corviknight, F|
|poke|p1|Grimmsnarl, M|
|poke|p1|Gastrodon-East, M|
|poke|p1|Leafeon, F|
|poke|p2|Serperior, M|
|poke|p2|Rotom-Wash|
|poke|p2|Zapdos|
|poke|p2|Heatran, M|
|poke|p2|Clefable, F|
|poke|p2|Landorus-Therian, M|
|teampreview
|
|t:|1760329890
|teamsize|p1|6
|teamsize|p2|6
|start
|switch|p1a: Jet2holiday|Tornadus-Therian, M, shiny|100/100
|switch|p2a: Rotom|Rotom-Wash|100/100
|turn|1
|inactive|Battle timer is ON: inactive players will automatically lose when time's up. (requested by Charle_phate)
|
|t:|1760329901
|switch|p1a: Leafeon|Leafeon, F|100/100
|move|p2a: Rotom|Thunder Wave|p1a: Leafeon
|-status|p1a: Leafeon|par
|
|upkeep
|turn|2
|
|t:|1760329918
|switch|p2a: Zapdos|Zapdos|100/100
|move|p1a: Leafeon|Leech Seed|p2a: Zapdos
|-start|p2a: Zapdos|move: Leech Seed
|
|-damage|p2a: Zapdos|88/100|[from] Leech Seed|[of] p1a: Leafeon
|upkeep
|turn|3
|
|t:|1760329929
|switch|p2a: Heatran|Heatran, M|100/100
|switch|p1a: Gastrodon|Gastrodon-East, M, shiny|100/100
|
|upkeep
|turn|4
|
|t:|1760329937
|switch|p2a: Serperior|Serperior, M|100/100
|move|p1a: Gastrodon|Ice Beam|p2a: Serperior
|-supereffective|p2a: Serperior
|-damage|p2a: Serperior|37/100
|-status|p2a: Serperior|frz
|
|-heal|p2a: Serperior|43/100 frz|[from] item: Leftovers
|upkeep
|turn|5
|
|t:|1760329944
|cant|p2a: Serperior|frz
|move|p1a: Gastrodon|Ice Beam|p2a: Serperior
|-supereffective|p2a: Serperior
|-damage|p2a: Serperior|0 fnt
|faint|p2a: Serperior
|
|upkeep
|
|t:|1760329960
|switch|p2a: Clefable|Clefable, F|100/100
|turn|6
|
|t:|1760329966
|switch|p1a: Grimmsnarl|Grimmsnarl, M|100/100
|move|p2a: Clefable|Calm Mind|p2a: Clefable
|-boost|p2a: Clefable|spa|1
|-boost|p2a: Clefable|spd|1
|
|upkeep
|turn|7
|
|t:|1760329975
|move|p2a: Clefable|Calm Mind|p2a: Clefable
|-boost|p2a: Clefable|spa|1
|-boost|p2a: Clefable|spd|1
|move|p1a: Grimmsnarl|Trick|p2a: Clefable
|-activate|p1a: Grimmsnarl|move: Trick|[of] p2a: Clefable
|-item|p2a: Clefable|Choice Band|[from] move: Trick
|-item|p1a: Grimmsnarl|Leftovers|[from] move: Trick
|
|upkeep
|turn|8
|
|t:|1760329993
|move|p1a: Grimmsnarl|Parting Shot|p2a: Clefable
|-unboost|p2a: Clefable|atk|1
|-unboost|p2a: Clefable|spa|1
|
|t:|1760330004
|switch|p1a: 10% Gambler|Hydreigon, F, shiny|100/100|[from] Parting Shot
|move|p2a: Clefable|Draining Kiss|p1a: 10% Gambler
|-supereffective|p1a: 10% Gambler
|-damage|p1a: 10% Gambler|0 fnt
|faint|p1a: 10% Gambler
|
|upkeep
|
|t:|1760330011
|switch|p1a: Earl|Corviknight, F|100/100
|-ability|p1a: Earl|Pressure
|turn|9
|
|t:|1760330016
|move|p1a: Earl|Brave Bird|p2a: Clefable
|-damage|p2a: Clefable|73/100
|-damage|p1a: Earl|91/100|[from] Recoil
|move|p2a: Clefable|Draining Kiss|p1a: Earl
|-resisted|p1a: Earl
|-damage|p1a: Earl|80/100
|-heal|p2a: Clefable|82/100|[from] drain|[of] p1a: Earl
|
|-heal|p1a: Earl|86/100|[from] item: Leftovers
|upkeep
|turn|10
|
|t:|1760330022
|switch|p2a: Heatran|Heatran, M|100/100
|move|p1a: Earl|Brave Bird|p2a: Heatran
|-resisted|p2a: Heatran
|-damage|p2a: Heatran|85/100
|-damage|p1a: Earl|81/100|[from] Recoil
|
|-heal|p2a: Heatran|91/100|[from] item: Leftovers
|-heal|p1a: Earl|87/100|[from] item: Leftovers
|upkeep
|turn|11
|
|t:|1760330030
|switch|p1a: Gastrodon|Gastrodon-East, M, shiny|100/100
|move|p2a: Heatran|Substitute|p2a: Heatran
|-start|p2a: Heatran|Substitute
|-damage|p2a: Heatran|66/100
|
|-heal|p2a: Heatran|73/100|[from] item: Leftovers
|upkeep
|turn|12
|
|t:|1760330035
|move|p2a: Heatran|Magma Storm|p1a: Gastrodon
|-resisted|p1a: Gastrodon
|-damage|p1a: Gastrodon|79/100
|-activate|p1a: Gastrodon|move: Magma Storm|[of] p2a: Heatran
|move|p1a: Gastrodon|Earth Power|p2a: Heatran
|-supereffective|p2a: Heatran
|-end|p2a: Heatran|Substitute
|
|-heal|p2a: Heatran|79/100|[from] item: Leftovers
|-heal|p1a: Gastrodon|85/100|[from] item: Leftovers
|-damage|p1a: Gastrodon|72/100|[from] move: Magma Storm|[partiallytrapped]
|upkeep
|turn|13
|
|t:|1760330050
|-terastallize|p2a: Heatran|Ghost
|-terastallize|p1a: Gastrodon|Fire
|move|p2a: Heatran|Substitute|p2a: Heatran
|-start|p2a: Heatran|Substitute
|-damage|p2a: Heatran|54/100
|move|p1a: Gastrodon|Earth Power|p2a: Heatran
|-activate|p2a: Heatran|move: Substitute|[damage]
|
|-heal|p2a: Heatran|60/100|[from] item: Leftovers
|-heal|p1a: Gastrodon|78/100|[from] item: Leftovers
|-damage|p1a: Gastrodon|66/100|[from] move: Magma Storm|[partiallytrapped]
|upkeep
|turn|14
|
|t:|1760330062
|move|p2a: Heatran|Ancient Power|p1a: Gastrodon
|-supereffective|p1a: Gastrodon
|-damage|p1a: Gastrodon|32/100
|-boost|p2a: Heatran|atk|1
|-boost|p2a: Heatran|def|1
|-boost|p2a: Heatran|spa|1
|-boost|p2a: Heatran|spd|1
|-boost|p2a: Heatran|spe|1
|move|p1a: Gastrodon|Ice Beam|p2a: Heatran
|-end|p2a: Heatran|Substitute
|
|-heal|p2a: Heatran|66/100|[from] item: Leftovers
|-heal|p1a: Gastrodon|38/100|[from] item: Leftovers
|-damage|p1a: Gastrodon|26/100|[from] move: Magma Storm|[partiallytrapped]
|upkeep
|turn|15
|
|t:|1760330076
|move|p2a: Heatran|Substitute|p2a: Heatran
|-start|p2a: Heatran|Substitute
|-damage|p2a: Heatran|41/100
|move|p1a: Gastrodon|Recover|p1a: Gastrodon
|-heal|p1a: Gastrodon|76/100
|
|-heal|p2a: Heatran|48/100|[from] item: Leftovers
|-heal|p1a: Gastrodon|82/100|[from] item: Leftovers
|-damage|p1a: Gastrodon|70/100|[from] move: Magma Storm|[partiallytrapped]
|upkeep
|turn|16
|
|t:|1760330082
|move|p2a: Heatran|Ancient Power|p1a: Gastrodon
|-supereffective|p1a: Gastrodon
|-damage|p1a: Gastrodon|19/100
|move|p1a: Gastrodon|Ice Beam|p2a: Heatran
|-activate|p2a: Heatran|move: Substitute|[damage]
|
|-heal|p2a: Heatran|54/100|[from] item: Leftovers
|-heal|p1a: Gastrodon|25/100|[from] item: Leftovers
|-damage|p1a: Gastrodon|13/100|[from] move: Magma Storm|[partiallytrapped]
|upkeep
|turn|17
|
|t:|1760330096
|move|p2a: Heatran|Ancient Power|p1a: Gastrodon
|-supereffective|p1a: Gastrodon
|-damage|p1a: Gastrodon|0 fnt
|faint|p1a: Gastrodon
|
|-heal|p2a: Heatran|60/100|[from] item: Leftovers
|upkeep
|
|t:|1760330105
|switch|p1a: Earl|Corviknight, F|87/100
|-ability|p1a: Earl|Pressure
|turn|18
|
|t:|1760330111
|move|p2a: Heatran|Lava Plume|p1a: Earl
|-supereffective|p1a: Earl
|-damage|p1a: Earl|0 fnt
|faint|p1a: Earl
|
|-heal|p2a: Heatran|66/100|[from] item: Leftovers
|upkeep
|
|t:|1760330120
|switch|p1a: Jet2holiday|Tornadus-Therian, M, shiny|100/100
|turn|19
|-message|Captain Brusin' forfeited.
|
|win|Charle_phate
|raw|Captain Brusin&apos;'s rating: 1176 &rarr; <strong>1149</strong><br />(-27 for losing)
|raw|Charle_phate's rating: 1153 &rarr; <strong>1180</strong><br />(+27 for winning)
|l|☆Captain Brusin'
|player|p1|
|l|☆Charle_phate
|player|p2|
