|j|☆Bighuff127
|j|☆ElNic0
|t:|1760435180
|gametype|singles
|player|p1|Bighuff127|2|1236
|player|p2|ElNic0|266|1189
|gen|9
|tier|[Gen 9] OU
|rated|
|rule|HP Percentage Mod: HP is shown in percentages
|rule|Endless Battle Clause: Forcing endless battles is banned
|rule|Species Clause: Limit one of each Pokémon
|rule|OHKO Clause: OHKO moves are banned
|rule|Evasion Items Clause: Evasion items are banned
|rule|Evasion Moves Clause: Evasion moves are banned
|rule|Evasion Abilities Clause: Evasion abilities are banned
|rule|Sleep Moves Clause: Sleep-inducing moves are banned
|clearpoke
|poke|p1|Gyarados, M|
|poke|p1|Garchomp, M|
|poke|p1|Ninetales-Alola, F|
|poke|p1|Great Tusk|
|poke|p1|Kingambit, M|
|poke|p1|Pecharunt|
|poke|p2|Glimmora, M|
|poke|p2|Enamorus, F|
|poke|p2|Zamazenta-*|
|poke|p2|Keldeo-Resolute|
|poke|p2|Cinderace, F|
|poke|p2|Scizor, M|
|teampreview
|inactive|Battle timer is ON: inactive players will automatically lose when time's up. (requested by Bighuff127)
|
|t:|1760435189
|teamsize|p1|6
|teamsize|p2|6
|start
|switch|p1a: Garchomp|Garchomp, M|100/100
|switch|p2a: Glimmora|Glimmora, M|100/100
|turn|1
|
|t:|1760435199
|switch|p2a: Enamorus|Enamorus, F|100/100
|move|p1a: Garchomp|Earthquake|p2a: Enamorus
|-immune|p2a: Enamorus
|
|upkeep
|turn|2
|
|t:|1760435205
|switch|p1a: Pecharunt|Pecharunt|100/100
|move|p2a: Enamorus|Moonblast|p1a: Pecharunt
|-resisted|p1a: Pecharunt
|-damage|p1a: Pecharunt|75/100
|
|upkeep
|turn|3
|
|t:|1760435213
|switch|p2a: Glimmora|Glimmora, M|100/100
|move|p1a: Pecharunt|Parting Shot|p2a: Glimmora
|-unboost|p2a: Glimmora|atk|1
|-unboost|p2a: Glimmora|spa|1
|
|t:|1760435221
|switch|p1a: Great Tusk|Great Tusk|100/100|[from] Parting Shot
|
|upkeep
|turn|4
|
|t:|1760435229
|switch|p2a: Enamorus|Enamorus, F|100/100
|move|p1a: Great Tusk|Rapid Spin|p2a: Enamorus
|-damage|p2a: Enamorus|76/100
|-boost|p1a: Great Tusk|spe|1
|
|upkeep
|turn|5
|
|t:|1760435237
|move|p2a: Enamorus|Moonblast|p1a: Great Tusk
|-supereffective|p1a: Great Tusk
|-damage|p1a: Great Tusk|0 fnt
|faint|p1a: Great Tusk
|-end|p1a: Great Tusk|Protosynthesis|[silent]
|
|upkeep
|
|t:|1760435248
|switch|p1a: Pecharunt|Pecharunt|75/100
|turn|6
|
|t:|1760435252
|switch|p2a: Glimmora|Glimmora, M|100/100
|move|p1a: Pecharunt|Parting Shot|p2a: Glimmora
|-unboost|p2a: Glimmora|atk|1
|-unboost|p2a: Glimmora|spa|1
|
|t:|1760435255
|switch|p1a: Ninetales|Ninetales-Alola, F, shiny|100/100|[from] Parting Shot
|-weather|Snowscape|[from] ability: Snow Warning|[of] p1a: Ninetales
|
|-weather|Snowscape|[upkeep]
|upkeep
|turn|7
|
|t:|1760435266
|move|p1a: Ninetales|Aurora Veil|p1a: Ninetales
|-sidestart|p1: Bighuff127|move: Aurora Veil
|move|p2a: Glimmora|Spikes|p1a: Ninetales
|-sidestart|p1: Bighuff127|Spikes
|
|-weather|Snowscape|[upkeep]
|upkeep
|turn|8
|
|t:|1760435270
|move|p1a: Ninetales|Encore|p2a: Glimmora
|-start|p2a: Glimmora|Encore
|move|p2a: Glimmora|Spikes|p1a: Ninetales
|-sidestart|p1: Bighuff127|Spikes
|
|-weather|Snowscape|[upkeep]
|upkeep
|turn|9
|
|t:|1760435275
|switch|p1a: Gyarados|Gyarados, M|100/100
|move|p2a: Glimmora|Spikes|p1a: Gyarados
|-sidestart|p1: Bighuff127|Spikes
|
|-weather|Snowscape|[upkeep]
|upkeep
|turn|10
|inactive|ElNic0 has 120 seconds left.
|
|t:|1760435321
|switch|p2a: Scizor|Scizor, M|100/100
|move|p1a: Gyarados|Dragon Dance|p1a: Gyarados
|-boost|p1a: Gyarados|atk|1
|-boost|p1a: Gyarados|spe|1
|
|-weather|none
|upkeep
|turn|11
|
|t:|1760435330
|move|p2a: Scizor|Bullet Punch|p1a: Gyarados
|-resisted|p1a: Gyarados
|-damage|p1a: Gyarados|86/100
|move|p1a: Gyarados|Dragon Dance|p1a: Gyarados
|-boost|p1a: Gyarados|atk|1
|-boost|p1a: Gyarados|spe|1
|
|upkeep
|turn|12
|
|t:|1760435357
|switch|p2a: Cinderace|Cinderace, F|100/100
|move|p1a: Gyarados|Waterfall|p2a: Cinderace
|-supereffective|p2a: Cinderace
|-damage|p2a: Cinderace|0 fnt
|faint|p2a: Cinderace
|-ability|p1a: Gyarados|Moxie|boost
|-boost|p1a: Gyarados|atk|1
|
|upkeep
|
|t:|1760435364
|switch|p2a: Glimmora|Glimmora, M|100/100
|turn|13
|
|t:|1760435374
|-terastallize|p2a: Glimmora|Ghost
|move|p1a: Gyarados|Waterfall|p2a: Glimmora
|-crit|p2a: Glimmora
|-damage|p2a: Glimmora|0 fnt
|-activate|p2a: Glimmora|ability: Toxic Debris
|-sidestart|p1: Bighuff127|move: Toxic Spikes
|faint|p2a: Glimmora
|-ability|p1a: Gyarados|Moxie|boost
|-boost|p1a: Gyarados|atk|1
|
|upkeep
|inactive|ElNic0 has 90 seconds left.
|
|t:|1760435387
|switch|p2a: Enamorus|Enamorus, F|76/100
|turn|14
|
|t:|1760435389
|move|p1a: Gyarados|Waterfall|p2a: Enamorus
|-crit|p2a: Enamorus
|-damage|p2a: Enamorus|0 fnt
|faint|p2a: Enamorus
|-ability|p1a: Gyarados|Moxie|boost
|-boost|p1a: Gyarados|atk|1
|
|-sideend|p1: Bighuff127|move: Aurora Veil
|upkeep
|
|t:|1760435397
|switch|p2a: Keldeo|Keldeo-Resolute|100/100
|turn|15
|
|t:|1760435400
|-terastallize|p1a: Gyarados|Flying
|move|p2a: Keldeo|Vacuum Wave|p1a: Gyarados
|-resisted|p1a: Gyarados
|-damage|p1a: Gyarados|76/100
|move|p1a: Gyarados|Tera Blast|p2a: Keldeo|[anim] Tera Blast Flying
|-supereffective|p2a: Keldeo
|-damage|p2a: Keldeo|0 fnt
|faint|p2a: Keldeo
|-ability|p1a: Gyarados|Moxie|boost
|-boost|p1a: Gyarados|atk|1
|
|upkeep
|
|t:|1760435406
|switch|p2a: Scizor|Scizor, M|100/100
|turn|16
|
|t:|1760435409
|move|p2a: Scizor|Bullet Punch|p1a: Gyarados
|-damage|p1a: Gyarados|10/100
|move|p1a: Gyarados|Waterfall|p2a: Scizor
|-damage|p2a: Scizor|0 fnt
|faint|p2a: Scizor
|
|upkeep
|inactive|ElNic0 has 120 seconds left.
|
|t:|1760435415
|switch|p2a: Zamazenta|Zamazenta|100/100
|-ability|p2a: Zamazenta|Dauntless Shield|boost
|-boost|p2a: Zamazenta|def|1
|turn|17
|inactive|ElNic0 has 120 seconds left.
|
|t:|1760435430
|move|p1a: Gyarados|Tera Blast|p2a: Zamazenta|[anim] Tera Blast Flying
|-supereffective|p2a: Zamazenta
|-damage|p2a: Zamazenta|0 fnt
|faint|p2a: Zamazenta
|
|win|Bighuff127
|raw|Bighuff127's rating: 1236 &rarr; <strong>1258</strong><br />(+22 for winning)
|raw|ElNic0's rating: 1189 &rarr; <strong>1167</strong><br />(-22 for losing)
|l|☆Bighuff127
|player|p1|
