|j|☆H0N3R
|j|☆Cosmic Espeon
|t:|1760404956
|gametype|singles
|player|p1|H0N3R|1|1426
|player|p2|Cosmic Espeon|marley|1356
|gen|9
|tier|[Gen 9] OU
|rated|
|rule|HP Percentage Mod: HP is shown in percentages
|rule|Endless Battle Clause: Forcing endless battles is banned
|rule|Species Clause: Limit one of each Pokémon
|rule|OHKO Clause: OHKO moves are banned
|rule|Evasion Items Clause: Evasion items are banned
|rule|Evasion Moves Clause: Evasion moves are banned
|rule|Evasion Abilities Clause: Evasion abilities are banned
|rule|Sleep Moves Clause: Sleep-inducing moves are banned
|clearpoke
|poke|p1|Iron Treads|
|poke|p1|Cacturne, M|
|poke|p1|Lycanroc-Dusk, M|
|poke|p1|Latios, M|
|poke|p1|Moltres|
|poke|p1|Pecharunt|
|poke|p2|Ribombee, M|
|poke|p2|Ceruledge, M|
|poke|p2|Great Tusk|
|poke|p2|Samurott-Hisui, M|
|poke|p2|Kingambit, M|
|poke|p2|Enamorus, F|
|teampreview
|
|t:|1760404968
|teamsize|p1|6
|teamsize|p2|6
|start
|switch|p1a: Lycanroc|Lycanroc-Dusk, M|100/100
|switch|p2a: Ribombee|Ribombee, M|100/100
|turn|1
|
|t:|1760404981
|move|p2a: Ribombee|Sticky Web|p1a: Lycanroc
|-sidestart|p1: H0N3R|move: Sticky Web
|move|p1a: Lycanroc|Stone Edge|p2a: Ribombee
|-supereffective|p2a: Ribombee
|-enditem|p2a: Ribombee|Focus Sash
|-damage|p2a: Ribombee|1/100
|
|upkeep
|turn|2
|
|t:|1760404988
|move|p1a: Lycanroc|Accelerock|p2a: Ribombee
|-supereffective|p2a: Ribombee
|-damage|p2a: Ribombee|0 fnt
|faint|p2a: Ribombee
|
|upkeep
|
|t:|1760405006
|switch|p2a: Samurott|Samurott-Hisui, M|100/100
|turn|3
|
|t:|1760405015
|move|p1a: Lycanroc|Close Combat|p2a: Samurott
|-supereffective|p2a: Samurott
|-crit|p2a: Samurott
|-damage|p2a: Samurott|0 fnt
|-unboost|p1a: Lycanroc|def|1
|-unboost|p1a: Lycanroc|spd|1
|faint|p2a: Samurott
|
|upkeep
|inactive|Battle timer is ON: inactive players will automatically lose when time's up. (requested by H0N3R)
|
|t:|1760405031
|switch|p2a: Great Tusk|Great Tusk|100/100
|-enditem|p2a: Great Tusk|Booster Energy
|-activate|p2a: Great Tusk|ability: Protosynthesis|[fromitem]
|-start|p2a: Great Tusk|protosynthesisatk
|turn|4
|
|t:|1760405038
|switch|p1a: Moltres|Moltres|100/100
|move|p2a: Great Tusk|Rapid Spin|p1a: Moltres
|-damage|p1a: Moltres|84/100
|-boost|p2a: Great Tusk|spe|1
|
|upkeep
|turn|5
|
|t:|1760405046
|move|p2a: Great Tusk|Knock Off|p1a: Moltres
|-damage|p1a: Moltres|54/100
|-enditem|p1a: Moltres|Heavy-Duty Boots|[from] move: Knock Off|[of] p2a: Great Tusk
|move|p1a: Moltres|Will-O-Wisp|p2a: Great Tusk
|-status|p2a: Great Tusk|brn
|
|-damage|p2a: Great Tusk|94/100 brn|[from] brn
|upkeep
|turn|6
|
|t:|1760405061
|-end|p2a: Great Tusk|Protosynthesis|[silent]
|switch|p2a: Kingambit|Kingambit, M|100/100
|-activate|p2a: Kingambit|ability: Supreme Overlord
|-start|p2a: Kingambit|fallen2|[silent]
|move|p1a: Moltres|Roost|p1a: Moltres
|-heal|p1a: Moltres|100/100
|-singleturn|p1a: Moltres|move: Roost
|
|upkeep
|turn|7
|
|t:|1760405070
|-end|p2a: Kingambit|fallen2|[silent]
|switch|p2a: Ceruledge|Ceruledge, M|100/100
|-item|p2a: Ceruledge|Air Balloon
|move|p1a: Moltres|Will-O-Wisp|p2a: Ceruledge
|-start|p2a: Ceruledge|ability: Flash Fire
|
|upkeep
|turn|8
|
|t:|1760405078
|move|p2a: Ceruledge|Swords Dance|p2a: Ceruledge
|-boost|p2a: Ceruledge|atk|2
|move|p1a: Moltres|U-turn|p2a: Ceruledge
|-resisted|p2a: Ceruledge
|-damage|p2a: Ceruledge|96/100
|-enditem|p2a: Ceruledge|Air Balloon
|
|t:|1760405099
|switch|p1a: Latios|Latios, M|100/100|[from] U-turn
|
|upkeep
|turn|9
|
|t:|1760405114
|move|p2a: Ceruledge|Shadow Sneak|p1a: Latios
|-supereffective|p1a: Latios
|-damage|p1a: Latios|12/100
|move|p1a: Latios|Psychic Noise|p2a: Ceruledge
|-damage|p2a: Ceruledge|55/100
|-start|p2a: Ceruledge|move: Heal Block
|
|-heal|p1a: Latios|18/100|[from] item: Leftovers
|upkeep
|turn|10
|inactive|H0N3R has 120 seconds left.
|
|t:|1760405138
|switch|p1a: Cacturne|Cacturne, M|100/100
|-activate|p1a: Cacturne|move: Sticky Web
|-unboost|p1a: Cacturne|spe|1
|move|p2a: Ceruledge|Shadow Sneak|p1a: Cacturne
|-resisted|p1a: Cacturne
|-damage|p1a: Cacturne|73/100
|
|-heal|p1a: Cacturne|80/100|[from] item: Leftovers
|-end|p2a: Ceruledge|move: Heal Block
|upkeep
|turn|11
|inactive|H0N3R has 120 seconds left.
|
|t:|1760405150
|move|p1a: Cacturne|Spiky Shield|p1a: Cacturne
|-singleturn|p1a: Cacturne|move: Protect
|move|p2a: Ceruledge|Swords Dance|p2a: Ceruledge
|-boost|p2a: Ceruledge|atk|2
|
|-heal|p1a: Cacturne|86/100|[from] item: Leftovers
|upkeep
|turn|12
|
|t:|1760405160
|move|p2a: Ceruledge|Bitter Blade|p1a: Cacturne
|-supereffective|p1a: Cacturne
|-crit|p1a: Cacturne
|-damage|p1a: Cacturne|0 fnt
|-heal|p2a: Ceruledge|100/100|[from] drain|[of] p1a: Cacturne
|faint|p1a: Cacturne
|
|upkeep
|inactive|H0N3R has 120 seconds left.
|
|t:|1760405176
|switch|p1a: Lycanroc|Lycanroc-Dusk, M|100/100
|-activate|p1a: Lycanroc|move: Sticky Web
|-unboost|p1a: Lycanroc|spe|1
|turn|13
|inactive|H0N3R has 120 seconds left.
|
|t:|1760405188
|-terastallize|p2a: Ceruledge|Fighting
|move|p2a: Ceruledge|Shadow Sneak|p1a: Lycanroc
|-enditem|p1a: Lycanroc|Focus Sash
|-damage|p1a: Lycanroc|1/100
|move|p1a: Lycanroc|Stone Edge|p2a: Ceruledge
|-resisted|p2a: Ceruledge
|-damage|p2a: Ceruledge|65/100
|
|upkeep
|turn|14
|inactive|H0N3R has 120 seconds left.
|
|t:|1760405198
|switch|p1a: Moltres|Moltres|100/100
|move|p2a: Ceruledge|Shadow Sneak|p1a: Moltres
|-damage|p1a: Moltres|58/100
|-status|p2a: Ceruledge|brn|[from] ability: Flame Body|[of] p1a: Moltres
|
|-damage|p2a: Ceruledge|59/100 brn|[from] brn
|upkeep
|turn|15
|
|t:|1760405214
|move|p2a: Ceruledge|Shadow Sneak|p1a: Moltres
|-damage|p1a: Moltres|38/100
|move|p1a: Moltres|U-turn|p2a: Ceruledge
|-resisted|p2a: Ceruledge
|-damage|p2a: Ceruledge|49/100 brn
|
|t:|1760405223
|switch|p1a: Pecharunt|Pecharunt|100/100|[from] U-turn
|-activate|p1a: Pecharunt|move: Sticky Web
|-unboost|p1a: Pecharunt|spe|1
|
|-damage|p2a: Ceruledge|43/100 brn|[from] brn
|upkeep
|turn|16
|
|t:|1760405238
|move|p2a: Ceruledge|Bitter Blade|p1a: Pecharunt
|-damage|p1a: Pecharunt|49/100
|-heal|p2a: Ceruledge|76/100 brn|[from] drain|[of] p1a: Pecharunt
|-damage|p2a: Ceruledge|60/100 brn|[from] item: Rocky Helmet|[of] p1a: Pecharunt
|move|p1a: Pecharunt|Malignant Chain|p2a: Ceruledge
|-damage|p2a: Ceruledge|24/100 brn
|
|-damage|p2a: Ceruledge|18/100 brn|[from] brn
|upkeep
|turn|17
|
|t:|1760405251
|move|p2a: Ceruledge|Shadow Sneak|p1a: Pecharunt
|-supereffective|p1a: Pecharunt
|-damage|p1a: Pecharunt|18/100
|-damage|p2a: Ceruledge|1/100 brn|[from] item: Rocky Helmet|[of] p1a: Pecharunt
|move|p1a: Pecharunt|Recover|p1a: Pecharunt
|-heal|p1a: Pecharunt|68/100
|
|-damage|p2a: Ceruledge|0 fnt|[from] brn
|faint|p2a: Ceruledge
|upkeep
|
|t:|1760405259
|switch|p2a: Kingambit|Kingambit, M|100/100
|-activate|p2a: Kingambit|ability: Supreme Overlord
|-start|p2a: Kingambit|fallen3|[silent]
|turn|18
|
|t:|1760405265
|move|p1a: Pecharunt|Parting Shot|p2a: Kingambit
|-unboost|p2a: Kingambit|atk|1
|-unboost|p2a: Kingambit|spa|1
|
|t:|1760405269
|switch|p1a: Moltres|Moltres|38/100|[from] Parting Shot
|move|p2a: Kingambit|Swords Dance|p2a: Kingambit
|-boost|p2a: Kingambit|atk|2
|
|upkeep
|turn|19
|
|t:|1760405278
|move|p1a: Moltres|Will-O-Wisp|p2a: Kingambit
|-status|p2a: Kingambit|brn
|-enditem|p2a: Kingambit|Lum Berry|[eat]
|-curestatus|p2a: Kingambit|brn|[msg]
|move|p2a: Kingambit|Kowtow Cleave|p1a: Moltres
|-damage|p1a: Moltres|0 fnt
|faint|p1a: Moltres
|
|upkeep
|
|t:|1760405295
|switch|p1a: Iron Treads|Iron Treads|100/100
|-activate|p1a: Iron Treads|move: Sticky Web
|-unboost|p1a: Iron Treads|spe|1
|turn|20
|
|t:|1760405304
|move|p1a: Iron Treads|Earthquake|p2a: Kingambit
|-supereffective|p2a: Kingambit
|-damage|p2a: Kingambit|26/100
|move|p2a: Kingambit|Kowtow Cleave|p1a: Iron Treads
|-damage|p1a: Iron Treads|16/100
|
|upkeep
|turn|21
|
|t:|1760405311
|-end|p1a: Iron Treads|Quark Drive|[silent]
|switch|p1a: Pecharunt|Pecharunt|68/100
|-activate|p1a: Pecharunt|move: Sticky Web
|-unboost|p1a: Pecharunt|spe|1
|move|p2a: Kingambit|Sucker Punch||[still]
|-fail|p2a: Kingambit
|
|upkeep
|turn|22
|
|t:|1760405319
|move|p1a: Pecharunt|Recover|p1a: Pecharunt
|-heal|p1a: Pecharunt|100/100
|move|p2a: Kingambit|Kowtow Cleave|p1a: Pecharunt
|-supereffective|p1a: Pecharunt
|-damage|p1a: Pecharunt|2/100
|-damage|p2a: Kingambit|10/100|[from] item: Rocky Helmet|[of] p1a: Pecharunt
|
|upkeep
|turn|23
|
|t:|1760405333
|move|p1a: Pecharunt|Foul Play|p2a: Kingambit
|-resisted|p2a: Kingambit
|-damage|p2a: Kingambit|0 fnt
|faint|p2a: Kingambit
|-end|p2a: Kingambit|fallen3|[silent]
|
|upkeep
|
|t:|1760405342
|switch|p2a: Great Tusk|Great Tusk|94/100 brn
|turn|24
|
|t:|1760405353
|move|p2a: Great Tusk|Knock Off|p1a: Pecharunt
|-supereffective|p1a: Pecharunt
|-damage|p1a: Pecharunt|0 fnt
|-damage|p2a: Great Tusk|78/100 brn|[from] item: Rocky Helmet|[of] p1a: Pecharunt
|-enditem|p1a: Pecharunt|Rocky Helmet|[from] move: Knock Off|[of] p2a: Great Tusk
|faint|p1a: Pecharunt
|
|-damage|p2a: Great Tusk|72/100 brn|[from] brn
|upkeep
|
|t:|1760405362
|switch|p1a: Latios|Latios, M|18/100
|turn|25
|
|t:|1760405369
|-end|p2a: Great Tusk|Protosynthesis|[silent]
|switch|p2a: Enamorus|Enamorus, F|100/100
|move|p1a: Latios|Psychic Noise|p2a: Enamorus
|-damage|p2a: Enamorus|52/100
|-start|p2a: Enamorus|move: Heal Block
|
|-heal|p1a: Latios|25/100|[from] item: Leftovers
|upkeep
|turn|26
|
|t:|1760405384
|switch|p1a: Iron Treads|Iron Treads|16/100
|-activate|p1a: Iron Treads|move: Sticky Web
|-unboost|p1a: Iron Treads|spe|1
|move|p2a: Enamorus|Moonblast|p1a: Iron Treads
|-resisted|p1a: Iron Treads
|-damage|p1a: Iron Treads|0 fnt
|faint|p1a: Iron Treads
|-end|p1a: Iron Treads|Quark Drive|[silent]
|
|-end|p2a: Enamorus|move: Heal Block
|upkeep
|
|t:|1760405396
|switch|p1a: Lycanroc|Lycanroc-Dusk, M|1/100
|-activate|p1a: Lycanroc|move: Sticky Web
|-unboost|p1a: Lycanroc|spe|1
|turn|27
|
|t:|1760405403
|switch|p2a: Great Tusk|Great Tusk|72/100 brn
|move|p1a: Lycanroc|Accelerock|p2a: Great Tusk
|-resisted|p2a: Great Tusk
|-damage|p2a: Great Tusk|67/100 brn
|
|-damage|p2a: Great Tusk|61/100 brn|[from] brn
|upkeep
|turn|28
|
|t:|1760405424
|switch|p1a: Latios|Latios, M|25/100
|move|p2a: Great Tusk|Rapid Spin|p1a: Latios
|-damage|p1a: Latios|15/100
|-boost|p2a: Great Tusk|spe|1
|
|-heal|p1a: Latios|21/100|[from] item: Leftovers
|-damage|p2a: Great Tusk|55/100 brn|[from] brn
|upkeep
|turn|29
|
|t:|1760405440
|-terastallize|p1a: Latios|Poison
|move|p2a: Great Tusk|Knock Off|p1a: Latios
|-damage|p1a: Latios|5/100
|-enditem|p1a: Latios|Leftovers|[from] move: Knock Off|[of] p2a: Great Tusk
|move|p1a: Latios|Psychic Noise|p2a: Great Tusk
|-supereffective|p2a: Great Tusk
|-damage|p2a: Great Tusk|0 fnt
|faint|p2a: Great Tusk
|-end|p2a: Great Tusk|Protosynthesis|[silent]
|
|upkeep
|
|t:|1760405448
|switch|p2a: Enamorus|Enamorus, F|52/100
|turn|30
|
|t:|1760405457
|move|p1a: Latios|Ice Beam|p2a: Enamorus
|-supereffective|p2a: Enamorus
|-damage|p2a: Enamorus|0 fnt
|faint|p2a: Enamorus
|
|win|H0N3R
|raw|H0N3R's rating: 1426 &rarr; <strong>1442</strong><br />(+16 for winning)
|raw|Cosmic Espeon's rating: 1356 &rarr; <strong>1340</strong><br />(-16 for losing)
|l|☆Cosmic Espeon
|player|p2|
|l|☆H0N3R
|player|p1|
