|badge|p1|bronze|gen9randombattle|100-7
|uhtml|medal-msg|<div class="broadcast-blue">Curious what those medals under the avatar are? PS now has Ladder Seasons! For more information, check out the <a href="https://www.smogon.com/forums/threads/3740067/">thread on Smogon.</a></div>
|j|☆SpongeGar & Patar
|j|☆Gregor Gysi
|t:|1760300135
|gametype|singles
|player|p1|SpongeGar & Patar|266|1830
|player|p2|Gregor Gysi|preschoolerf|1856
|gen|9
|tier|[Gen 9] OU
|rated|
|rule|HP Percentage Mod: HP is shown in percentages
|rule|Endless Battle Clause: Forcing endless battles is banned
|rule|Species Clause: Limit one of each Pokémon
|rule|OHKO Clause: OHKO moves are banned
|rule|Evasion Items Clause: Evasion items are banned
|rule|Evasion Moves Clause: Evasion moves are banned
|rule|Evasion Abilities Clause: Evasion abilities are banned
|rule|Sleep Moves Clause: Sleep-inducing moves are banned
|clearpoke
|poke|p1|Kyurem|
|poke|p1|Corviknight, M|
|poke|p1|Ting-Lu|
|poke|p1|Dondozo, M|
|poke|p1|Slowking-Galar, L99, M|
|poke|p1|Cinderace, M|
|poke|p2|Ogerpon-Wellspring, F|
|poke|p2|Kingambit, F|
|poke|p2|Landorus-Therian, M|
|poke|p2|Glimmora, M|
|poke|p2|Dragapult, F|
|poke|p2|Iron Valiant|
|teampreview
|inactive|Battle timer is ON: inactive players will automatically lose when time's up. (requested by Gregor Gysi)
|inactive|SpongeGar & Patar has 120 seconds left.
|
|t:|1760300185
|teamsize|p1|6
|teamsize|p2|6
|start
|switch|p1a: Kyurem|Kyurem|100/100
|switch|p2a: Dragapult|Dragapult, F|100/100
|-ability|p1a: Kyurem|Pressure
|turn|1
|inactive|SpongeGar & Patar also wants the timer to be on.
|inactive|SpongeGar & Patar has 120 seconds left.
|j| Narwhale37
|
|t:|1760300232
|-terastallize|p1a: Kyurem|Ground
|move|p2a: Dragapult|U-turn|p1a: Kyurem
|-damage|p1a: Kyurem|86/100
|
|t:|1760300239
|switch|p2a: Kingambit|Kingambit, F|100/100|[from] U-turn
|move|p1a: Kyurem|Freeze-Dry|p2a: Kingambit
|-resisted|p2a: Kingambit
|-damage|p2a: Kingambit|83/100
|
|-heal|p1a: Kyurem|92/100|[from] item: Leftovers
|-heal|p2a: Kingambit|90/100|[from] item: Leftovers
|upkeep
|turn|2
|inactive|SpongeGar & Patar has 90 seconds left.
|
|t:|1760300290
|move|p1a: Kyurem|Earth Power|p2a: Kingambit
|-supereffective|p2a: Kingambit
|-damage|p2a: Kingambit|2/100
|move|p2a: Kingambit|Kowtow Cleave|p1a: Kyurem
|-damage|p1a: Kyurem|49/100
|
|-heal|p1a: Kyurem|55/100|[from] item: Leftovers
|-heal|p2a: Kingambit|8/100|[from] item: Leftovers
|upkeep
|turn|3
|j| OP Earthquakes
|inactive|SpongeGar & Patar has 60 seconds left.
|inactive|SpongeGar & Patar has 30 seconds left.
|
|t:|1760300341
|move|p1a: Kyurem|Protect|p1a: Kyurem
|-singleturn|p1a: Kyurem|Protect
|move|p2a: Kingambit|Kowtow Cleave|p1a: Kyurem
|-activate|p1a: Kyurem|move: Protect
|
|-heal|p1a: Kyurem|61/100|[from] item: Leftovers
|-heal|p2a: Kingambit|15/100|[from] item: Leftovers
|upkeep
|turn|4
|
|t:|1760300350
|move|p1a: Kyurem|Freeze-Dry|p2a: Kingambit
|-resisted|p2a: Kingambit
|-damage|p2a: Kingambit|0 fnt
|faint|p2a: Kingambit
|-end|p2a: Kingambit|fallenundefined|[silent]
|
|-heal|p1a: Kyurem|67/100|[from] item: Leftovers
|upkeep
|
|t:|1760300353
|switch|p2a: Ogerpon|Ogerpon-Wellspring, F|100/100
|turn|5
|
|t:|1760300362
|switch|p1a: Dondozo|Dondozo, M|100/100
|move|p2a: Ogerpon|Ivy Cudgel|p1a: Dondozo|[anim] Ivy Cudgel Water
|-resisted|p1a: Dondozo
|-damage|p1a: Dondozo|87/100
|
|-heal|p1a: Dondozo|93/100|[from] item: Leftovers
|upkeep
|turn|6
|
|t:|1760300372
|move|p2a: Ogerpon|Ivy Cudgel|p1a: Dondozo|[anim] Ivy Cudgel Water
|-resisted|p1a: Dondozo
|-damage|p1a: Dondozo|81/100
|move|p1a: Dondozo|Body Press|p2a: Ogerpon
|-damage|p2a: Ogerpon|64/100
|
|-heal|p1a: Dondozo|87/100|[from] item: Leftovers
|upkeep
|turn|7
|
|t:|1760300381
|move|p2a: Ogerpon|Horn Leech|p1a: Dondozo
|-supereffective|p1a: Dondozo
|-damage|p1a: Dondozo|50/100
|-heal|p2a: Ogerpon|95/100|[from] drain|[of] p1a: Dondozo
|move|p1a: Dondozo|Body Press|p2a: Ogerpon
|-damage|p2a: Ogerpon|56/100
|
|-heal|p1a: Dondozo|56/100|[from] item: Leftovers
|upkeep
|turn|8
|inactive|SpongeGar & Patar has 60 seconds left.
|
|t:|1760300391
|switch|p1a: Corviknight|Corviknight, M|100/100
|-ability|p1a: Corviknight|Pressure
|move|p2a: Ogerpon|Horn Leech|p1a: Corviknight
|-resisted|p1a: Corviknight
|-damage|p1a: Corviknight|94/100
|-heal|p2a: Ogerpon|61/100|[from] drain|[of] p1a: Corviknight
|-damage|p2a: Ogerpon|44/100|[from] item: Rocky Helmet|[of] p1a: Corviknight
|
|upkeep
|turn|9
|
|t:|1760300400
|switch|p2a: Glimmora|Glimmora, M|100/100
|move|p1a: Corviknight|U-turn|p2a: Glimmora
|-resisted|p2a: Glimmora
|-damage|p2a: Glimmora|93/100
|-activate|p2a: Glimmora|ability: Toxic Debris
|-sidestart|p1: SpongeGar & Patar|move: Toxic Spikes
|inactive|SpongeGar & Patar has 60 seconds left.
|
|t:|1760300410
|switch|p1a: Kyurem|Kyurem, tera:Ground|67/100|[from] U-turn
|-status|p1a: Kyurem|psn
|-ability|p1a: Kyurem|Pressure
|
|-heal|p1a: Kyurem|73/100 psn|[from] item: Leftovers
|-damage|p1a: Kyurem|61/100 psn|[from] psn
|upkeep
|turn|10
|
|t:|1760300422
|move|p1a: Kyurem|Freeze-Dry|p2a: Glimmora
|-damage|p2a: Glimmora|47/100
|move|p2a: Glimmora|Earth Power|p1a: Kyurem
|-crit|p1a: Kyurem
|-damage|p1a: Kyurem|14/100 psn
|
|-heal|p1a: Kyurem|20/100 psn|[from] item: Leftovers
|-damage|p1a: Kyurem|8/100 psn|[from] psn
|upkeep
|turn|11
|
|t:|1760300434
|move|p1a: Kyurem|Freeze-Dry|p2a: Glimmora
|-damage|p2a: Glimmora|3/100
|move|p2a: Glimmora|Meteor Beam||[still]
|-prepare|p2a: Glimmora|Meteor Beam
|-boost|p2a: Glimmora|spa|1
|-enditem|p2a: Glimmora|Power Herb
|-anim|p2a: Glimmora|Meteor Beam|p1a: Kyurem
|-resisted|p1a: Kyurem
|-damage|p1a: Kyurem|0 fnt
|faint|p1a: Kyurem
|
|upkeep
|
|t:|1760300443
|switch|p1a: Cinderace|Cinderace, M|100/100
|turn|12
|
|t:|1760300453
|move|p1a: Cinderace|Pyro Ball|p2a: Glimmora
|-resisted|p2a: Glimmora
|-damage|p2a: Glimmora|0 fnt
|-activate|p2a: Glimmora|ability: Toxic Debris
|-sidestart|p1: SpongeGar & Patar|move: Toxic Spikes
|faint|p2a: Glimmora
|
|upkeep
|
|t:|1760300457
|switch|p2a: Dragapult|Dragapult, F|100/100
|turn|13
|j| Duerky12
|
|t:|1760300466
|move|p2a: Dragapult|Draco Meteor|p1a: Cinderace
|-damage|p1a: Cinderace|0 fnt
|-unboost|p2a: Dragapult|spa|2
|faint|p1a: Cinderace
|
|upkeep
|
|t:|1760300477
|switch|p1a: Slowking|Slowking-Galar, L99, M|100/100
|-sideend|p1: SpongeGar & Patar|move: Toxic Spikes|[of] p1a: Slowking
|turn|14
|
|t:|1760300490
|switch|p2a: Landorus|Landorus-Therian, M|100/100
|-ability|p2a: Landorus|Intimidate|boost
|-unboost|p1a: Slowking|atk|1
|move|p1a: Slowking|Toxic|p2a: Landorus
|-status|p2a: Landorus|tox
|
|-damage|p2a: Landorus|94/100 tox|[from] psn
|upkeep
|turn|15
|
|t:|1760300500
|switch|p1a: Corviknight|Corviknight, M|94/100
|-ability|p1a: Corviknight|Pressure
|move|p2a: Landorus|Stealth Rock|p1a: Corviknight
|-sidestart|p1: SpongeGar & Patar|move: Stealth Rock
|
|-damage|p2a: Landorus|82/100 tox|[from] psn
|upkeep
|turn|16
|inactive|SpongeGar & Patar has 90 seconds left.
|inactive|SpongeGar & Patar has 60 seconds left.
|
|t:|1760300547
|move|p2a: Landorus|Taunt|p1a: Corviknight
|-start|p1a: Corviknight|move: Taunt
|move|p1a: Corviknight|Brave Bird|p2a: Landorus
|-damage|p2a: Landorus|44/100 tox
|-damage|p1a: Corviknight|78/100|[from] item: Rocky Helmet|[of] p2a: Landorus
|-damage|p1a: Corviknight|66/100|[from] Recoil
|
|-damage|p2a: Landorus|26/100 tox|[from] psn
|upkeep
|turn|17
|inactive|SpongeGar & Patar has 30 seconds left.
|inactive|SpongeGar & Patar has 20 seconds left.
|inactive|SpongeGar & Patar has 15 seconds left.
|
|t:|1760300594
|switch|p2a: Dragapult|Dragapult, F|100/100
|move|p1a: Corviknight|U-turn|p2a: Dragapult
|-resisted|p2a: Dragapult
|-damage|p2a: Dragapult|90/100
|inactive|SpongeGar & Patar has 20 seconds left this turn.
|inactive|SpongeGar & Patar has 15 seconds left.
|
|t:|1760300604
|switch|p1a: Ting-Lu|Ting-Lu|100/100|[from] U-turn
|-damage|p1a: Ting-Lu|94/100|[from] Stealth Rock
|-ability|p1a: Ting-Lu|Vessel of Ruin
|
|-heal|p1a: Ting-Lu|100/100|[from] item: Leftovers
|upkeep
|turn|18
|inactive|SpongeGar & Patar has 25 seconds left this turn.
|inactive|SpongeGar & Patar has 20 seconds left.
|
|t:|1760300623
|switch|p2a: Landorus|Landorus-Therian, M|26/100 tox
|-ability|p2a: Landorus|Intimidate|boost
|-unboost|p1a: Ting-Lu|atk|1
|switch|p1a: Corviknight|Corviknight, M|66/100
|-damage|p1a: Corviknight|53/100|[from] Stealth Rock
|-ability|p1a: Corviknight|Pressure
|
|-damage|p2a: Landorus|20/100 tox|[from] psn
|upkeep
|turn|19
|inactive|SpongeGar & Patar has 30 seconds left this turn.
|
|t:|1760300632
|switch|p1a: Slowking|Slowking-Galar, L99, M|100/100
|move|p2a: Landorus|Taunt|p1a: Slowking
|-start|p1a: Slowking|move: Taunt
|
|-damage|p2a: Landorus|8/100 tox|[from] psn
|upkeep
|turn|20
|inactive|SpongeGar & Patar has 30 seconds left.
|
|t:|1760300641
|move|p2a: Landorus|Earthquake|p1a: Slowking
|-supereffective|p1a: Slowking
|-damage|p1a: Slowking|0 fnt
|faint|p1a: Slowking
|
|-damage|p2a: Landorus|0 fnt|[from] psn
|faint|p2a: Landorus
|upkeep
|inactive|SpongeGar & Patar has 30 seconds left.
|
|t:|1760300655
|switch|p2a: Ogerpon|Ogerpon-Wellspring, F|44/100
|switch|p1a: Dondozo|Dondozo, M|56/100
|-damage|p1a: Dondozo|43/100|[from] Stealth Rock
|turn|21
|
|t:|1760300664
|move|p2a: Ogerpon|Horn Leech|p1a: Dondozo
|-supereffective|p1a: Dondozo
|-damage|p1a: Dondozo|2/100
|-heal|p2a: Ogerpon|78/100|[from] drain|[of] p1a: Dondozo
|move|p1a: Dondozo|Rest|p1a: Dondozo
|-status|p1a: Dondozo|slp|[from] move: Rest
|-heal|p1a: Dondozo|100/100 slp|[silent]
|
|upkeep
|turn|22
|
|t:|1760300674
|switch|p1a: Corviknight|Corviknight, M|53/100
|-damage|p1a: Corviknight|41/100|[from] Stealth Rock
|-ability|p1a: Corviknight|Pressure
|move|p2a: Ogerpon|Horn Leech|p1a: Corviknight
|-resisted|p1a: Corviknight
|-damage|p1a: Corviknight|35/100
|-heal|p2a: Ogerpon|83/100|[from] drain|[of] p1a: Corviknight
|-damage|p2a: Ogerpon|66/100|[from] item: Rocky Helmet|[of] p1a: Corviknight
|
|upkeep
|turn|23
|
|t:|1760300683
|switch|p1a: Dondozo|Dondozo, M|100/100 slp
|-damage|p1a: Dondozo|88/100 slp|[from] Stealth Rock
|move|p2a: Ogerpon|Ivy Cudgel|p1a: Dondozo|[anim] Ivy Cudgel Water
|-resisted|p1a: Dondozo
|-damage|p1a: Dondozo|74/100 slp
|
|-heal|p1a: Dondozo|81/100 slp|[from] item: Leftovers
|upkeep
|turn|24
|
|t:|1760300692
|switch|p1a: Corviknight|Corviknight, M|35/100
|-damage|p1a: Corviknight|22/100|[from] Stealth Rock
|-ability|p1a: Corviknight|Pressure
|move|p2a: Ogerpon|Horn Leech|p1a: Corviknight
|-resisted|p1a: Corviknight
|-damage|p1a: Corviknight|15/100
|-heal|p2a: Ogerpon|71/100|[from] drain|[of] p1a: Corviknight
|-damage|p2a: Ogerpon|54/100|[from] item: Rocky Helmet|[of] p1a: Corviknight
|
|upkeep
|turn|25
|
|t:|1760300702
|switch|p1a: Dondozo|Dondozo, M|81/100 slp
|-damage|p1a: Dondozo|68/100 slp|[from] Stealth Rock
|move|p2a: Ogerpon|Ivy Cudgel|p1a: Dondozo|[anim] Ivy Cudgel Water
|-resisted|p1a: Dondozo
|-crit|p1a: Dondozo
|-damage|p1a: Dondozo|47/100 slp
|
|-heal|p1a: Dondozo|53/100 slp|[from] item: Leftovers
|upkeep
|turn|26
|inactive|SpongeGar & Patar has 60 seconds left.
|
|t:|1760300711
|move|p2a: Ogerpon|Ivy Cudgel|p1a: Dondozo|[anim] Ivy Cudgel Water
|-resisted|p1a: Dondozo
|-damage|p1a: Dondozo|40/100 slp
|cant|p1a: Dondozo|slp
|
|-heal|p1a: Dondozo|46/100 slp|[from] item: Leftovers
|upkeep
|turn|27
|
|t:|1760300720
|move|p2a: Ogerpon|Horn Leech|p1a: Dondozo
|-supereffective|p1a: Dondozo
|-damage|p1a: Dondozo|9/100 slp
|-heal|p2a: Ogerpon|85/100|[from] drain|[of] p1a: Dondozo
|cant|p1a: Dondozo|slp
|
|-heal|p1a: Dondozo|15/100 slp|[from] item: Leftovers
|upkeep
|turn|28
|
|t:|1760300728
|switch|p1a: Corviknight|Corviknight, M|15/100
|-damage|p1a: Corviknight|3/100|[from] Stealth Rock
|-ability|p1a: Corviknight|Pressure
|-terastallize|p2a: Ogerpon|Water
|detailschange|p2a: Ogerpon|Ogerpon-Wellspring-Tera, F, tera:Water
|-ability|p2a: Ogerpon|Embody Aspect (Wellspring)|boost
|-boost|p2a: Ogerpon|spd|1
|move|p2a: Ogerpon|Ivy Cudgel|p1a: Corviknight|[anim] Ivy Cudgel Water
|-damage|p1a: Corviknight|0 fnt
|faint|p1a: Corviknight
|
|upkeep
|
|t:|1760300736
|switch|p1a: Ting-Lu|Ting-Lu|100/100
|-damage|p1a: Ting-Lu|94/100|[from] Stealth Rock
|-ability|p1a: Ting-Lu|Vessel of Ruin
|turn|29
|
|t:|1760300744
|move|p2a: Ogerpon|Ivy Cudgel|p1a: Ting-Lu|[anim] Ivy Cudgel Water
|-supereffective|p1a: Ting-Lu
|-damage|p1a: Ting-Lu|2/100
|move|p1a: Ting-Lu|Rest|p1a: Ting-Lu
|-status|p1a: Ting-Lu|slp|[from] move: Rest
|-heal|p1a: Ting-Lu|100/100 slp|[silent]
|
|upkeep
|turn|30
|
|t:|1760300752
|move|p2a: Ogerpon|Ivy Cudgel|p1a: Ting-Lu|[anim] Ivy Cudgel Water
|-supereffective|p1a: Ting-Lu
|-damage|p1a: Ting-Lu|13/100 slp
|cant|p1a: Ting-Lu|slp
|move|p1a: Ting-Lu|Sleep Talk|p1a: Ting-Lu
|move|p1a: Ting-Lu|Payback|p2a: Ogerpon|[from] move: Sleep Talk
|-damage|p2a: Ogerpon|33/100
|
|-heal|p1a: Ting-Lu|20/100 slp|[from] item: Leftovers
|upkeep
|turn|31
|
|t:|1760300758
|switch|p1a: Dondozo|Dondozo, M|15/100 slp
|-damage|p1a: Dondozo|3/100 slp|[from] Stealth Rock
|move|p2a: Ogerpon|Horn Leech|p1a: Dondozo
|-supereffective|p1a: Dondozo
|-damage|p1a: Dondozo|0 fnt
|-heal|p2a: Ogerpon|35/100|[from] drain|[of] p1a: Dondozo
|faint|p1a: Dondozo
|
|upkeep
|
|t:|1760300783
|switch|p1a: Ting-Lu|Ting-Lu|20/100 slp
|-damage|p1a: Ting-Lu|13/100 slp|[from] Stealth Rock
|-ability|p1a: Ting-Lu|Vessel of Ruin
|turn|32
|
|t:|1760300799
|move|p2a: Ogerpon|Horn Leech|p1a: Ting-Lu
|-supereffective|p1a: Ting-Lu
|-damage|p1a: Ting-Lu|0 fnt
|-heal|p2a: Ogerpon|46/100|[from] drain|[of] p1a: Ting-Lu
|faint|p1a: Ting-Lu
|
|win|Gregor Gysi
|raw|SpongeGar &amp; Patar's rating: 1830 &rarr; <strong>1811</strong><br />(-19 for losing)
|raw|Gregor Gysi's rating: 1856 &rarr; <strong>1875</strong><br />(+19 for winning)
|l|☆Gregor Gysi
|player|p2|
