|j|☆Qazxcdewsf
|j|☆Maroverl488
|t:|1760366558
|gametype|singles
|player|p1|Qazxcdewsf|1|1465
|player|p2|Maroverl488|n|1472
|gen|9
|tier|[Gen 9] OU
|rated|
|rule|HP Percentage Mod: HP is shown in percentages
|rule|Endless Battle Clause: Forcing endless battles is banned
|rule|Species Clause: Limit one of each Pokémon
|rule|OHKO Clause: OHKO moves are banned
|rule|Evasion Items Clause: Evasion items are banned
|rule|Evasion Moves Clause: Evasion moves are banned
|rule|Evasion Abilities Clause: Evasion abilities are banned
|rule|Sleep Moves Clause: Sleep-inducing moves are banned
|clearpoke
|poke|p1|Gliscor, F|
|poke|p1|Alomomola, F|
|poke|p1|Scizor, F|
|poke|p1|Darkrai|
|poke|p1|Dragonite, F|
|poke|p1|Tinkaton, F|
|poke|p2|Emboar, F|
|poke|p2|Alomomola, F|
|poke|p2|Clodsire, M|
|poke|p2|Corviknight, F|
|poke|p2|Serperior, F|
|poke|p2|Clefable, M|
|teampreview
|inactive|Battle timer is ON: inactive players will automatically lose when time's up. (requested by Maroverl488)
|
|t:|1760366593
|teamsize|p1|6
|teamsize|p2|6
|start
|switch|p1a: Gliscor|Gliscor, F|100/100
|switch|p2a: Alomomola|Alomomola, F|100/100
|turn|1
|
|t:|1760366604
|switch|p2a: Corviknight|Corviknight, F|100/100
|-ability|p2a: Corviknight|Pressure
|move|p1a: Gliscor|Toxic|p2a: Corviknight
|-immune|p2a: Corviknight
|
|-status|p1a: Gliscor|tox|[from] item: Toxic Orb
|upkeep
|turn|2
|
|t:|1760366629
|move|p1a: Gliscor|Toxic Spikes|p2a: Corviknight
|-sidestart|p2: Maroverl488|move: Toxic Spikes
|move|p2a: Corviknight|U-turn|p1a: Gliscor
|-resisted|p1a: Gliscor
|-damage|p1a: Gliscor|97/100 tox
|
|t:|1760366634
|switch|p2a: Clodsire|Clodsire, M|100/100|[from] U-turn
|-sideend|p2: Maroverl488|move: Toxic Spikes|[of] p2a: Clodsire
|
|-heal|p1a: Gliscor|100/100 tox|[from] ability: Poison Heal
|upkeep
|turn|3
|
|t:|1760366638
|switch|p2a: Corviknight|Corviknight, F|100/100
|-ability|p2a: Corviknight|Pressure
|move|p1a: Gliscor|Toxic Spikes|p2a: Corviknight
|-sidestart|p2: Maroverl488|move: Toxic Spikes
|
|upkeep
|turn|4
|
|t:|1760366645
|move|p1a: Gliscor|Crabhammer|p2a: Corviknight
|-damage|p2a: Corviknight|86/100
|-damage|p1a: Gliscor|84/100 tox|[from] item: Rocky Helmet|[of] p2a: Corviknight
|move|p2a: Corviknight|U-turn|p1a: Gliscor
|-resisted|p1a: Gliscor
|-damage|p1a: Gliscor|80/100 tox
|
|t:|1760366654
|switch|p2a: Clodsire|Clodsire, M|100/100|[from] U-turn
|-sideend|p2: Maroverl488|move: Toxic Spikes|[of] p2a: Clodsire
|
|-heal|p1a: Gliscor|92/100 tox|[from] ability: Poison Heal
|upkeep
|turn|5
|
|t:|1760366659
|switch|p2a: Corviknight|Corviknight, F|86/100
|-ability|p2a: Corviknight|Pressure
|move|p1a: Gliscor|Crabhammer|p2a: Corviknight
|-crit|p2a: Corviknight
|-damage|p2a: Corviknight|65/100
|-damage|p1a: Gliscor|75/100 tox|[from] item: Rocky Helmet|[of] p2a: Corviknight
|
|-heal|p1a: Gliscor|88/100 tox|[from] ability: Poison Heal
|upkeep
|turn|6
|
|t:|1760366675
|switch|p1a: Scizor|Scizor, F|100/100
|move|p2a: Corviknight|U-turn|p1a: Scizor
|-resisted|p1a: Scizor
|-damage|p1a: Scizor|94/100
|
|t:|1760366681
|switch|p2a: Emboar|Emboar, F|100/100|[from] U-turn
|
|upkeep
|turn|7
|
|t:|1760366685
|switch|p1a: Gliscor|Gliscor, F|88/100 tox
|move|p2a: Emboar|Flare Blitz|p1a: Gliscor
|-damage|p1a: Gliscor|46/100 tox
|-damage|p2a: Emboar|87/100|[from] Recoil
|
|-heal|p1a: Gliscor|58/100 tox|[from] ability: Poison Heal
|upkeep
|turn|8
|inactive|Maroverl488 has 120 seconds left.
|inactive|Maroverl488 has 90 seconds left.
|
|t:|1760366749
|switch|p2a: Corviknight|Corviknight, F|65/100
|-ability|p2a: Corviknight|Pressure
|switch|p1a: Alomomola|Alomomola, F|100/100
|
|upkeep
|turn|9
|
|t:|1760366757
|move|p2a: Corviknight|U-turn|p1a: Alomomola
|-damage|p1a: Alomomola|90/100
|
|t:|1760366759
|switch|p2a: Serperior|Serperior, F|100/100|[from] U-turn
|move|p1a: Alomomola|Wish|p1a: Alomomola
|
|upkeep
|turn|10
|
|t:|1760366767
|switch|p1a: Tinkaton|Tinkaton, F|100/100
|-ability|p1a: Tinkaton|Mold Breaker
|move|p2a: Serperior|Substitute|p2a: Serperior
|-start|p2a: Serperior|Substitute
|-damage|p2a: Serperior|76/100
|
|-heal|p2a: Serperior|82/100|[from] item: Leftovers
|upkeep
|turn|11
|
|t:|1760366778
|move|p2a: Serperior|Glare|p1a: Tinkaton
|-status|p1a: Tinkaton|par
|move|p1a: Tinkaton|Knock Off|p2a: Serperior
|-end|p2a: Serperior|Substitute
|
|-heal|p2a: Serperior|88/100|[from] item: Leftovers
|upkeep
|turn|12
|inactive|Maroverl488 has 120 seconds left.
|
|t:|1760366798
|switch|p2a: Emboar|Emboar, F|87/100
|move|p1a: Tinkaton|Knock Off|p2a: Emboar
|-resisted|p2a: Emboar
|-damage|p2a: Emboar|70/100
|-enditem|p2a: Emboar|Choice Scarf|[from] move: Knock Off|[of] p1a: Tinkaton
|
|upkeep
|turn|13
|
|t:|1760366810
|switch|p1a: Alomomola|Alomomola, F|100/100
|move|p2a: Emboar|Knock Off|p1a: Alomomola
|-damage|p1a: Alomomola|75/100
|-enditem|p1a: Alomomola|Heavy-Duty Boots|[from] move: Knock Off|[of] p2a: Emboar
|
|upkeep
|turn|14
|inactive|Maroverl488 has 120 seconds left.
|
|t:|1760366824
|switch|p2a: Alomomola|Alomomola, F|100/100
|move|p1a: Alomomola|Flip Turn|p2a: Alomomola
|-resisted|p2a: Alomomola
|-damage|p2a: Alomomola|95/100
|
|t:|1760366831
|switch|p1a: Scizor|Scizor, F|94/100|[from] Flip Turn
|
|upkeep
|turn|15
|
|t:|1760366838
|move|p1a: Scizor|Knock Off|p2a: Alomomola
|-damage|p2a: Alomomola|59/100
|-enditem|p2a: Alomomola|Heavy-Duty Boots|[from] move: Knock Off|[of] p1a: Scizor
|move|p2a: Alomomola|Wish|p2a: Alomomola
|
|upkeep
|turn|16
|
|t:|1760366845
|move|p1a: Scizor|Knock Off|p2a: Alomomola
|-damage|p2a: Alomomola|31/100
|move|p2a: Alomomola|Flip Turn|p1a: Scizor
|-damage|p1a: Scizor|77/100
|
|t:|1760366851
|switch|p2a: Emboar|Emboar, F|70/100|[from] Flip Turn
|
|-heal|p2a: Emboar|100/100|[from] move: Wish|[wisher] Alomomola
|upkeep
|turn|17
|
|t:|1760366857
|switch|p1a: Alomomola|Alomomola, F|100/100
|move|p2a: Emboar|Flare Blitz|p1a: Alomomola
|-resisted|p1a: Alomomola
|-damage|p1a: Alomomola|71/100
|-damage|p2a: Emboar|86/100|[from] Recoil
|
|upkeep
|turn|18
|
|t:|1760366868
|switch|p2a: Alomomola|Alomomola, F|65/100
|move|p1a: Alomomola|Flip Turn|p2a: Alomomola
|-resisted|p2a: Alomomola
|-damage|p2a: Alomomola|59/100
|
|t:|1760366877
|switch|p1a: Scizor|Scizor, F|77/100|[from] Flip Turn
|
|upkeep
|turn|19
|
|t:|1760366884
|move|p1a: Scizor|U-turn|p2a: Alomomola
|-damage|p2a: Alomomola|20/100
|
|t:|1760366891
|switch|p1a: Tinkaton|Tinkaton, F|100/100 par|[from] U-turn
|-ability|p1a: Tinkaton|Mold Breaker
|move|p2a: Alomomola|Flip Turn|p1a: Tinkaton
|-damage|p1a: Tinkaton|79/100 par
|
|t:|1760366911
|switch|p2a: Emboar|Emboar, F|86/100|[from] Flip Turn
|
|-heal|p1a: Tinkaton|85/100 par|[from] item: Leftovers
|upkeep
|turn|20
|
|t:|1760366915
|switch|p1a: Alomomola|Alomomola, F|100/100
|move|p2a: Emboar|Close Combat|p1a: Alomomola
|-damage|p1a: Alomomola|52/100
|-unboost|p2a: Emboar|def|1
|-unboost|p2a: Emboar|spd|1
|
|upkeep
|turn|21
|
|t:|1760366931
|move|p2a: Emboar|Wild Charge|p1a: Alomomola
|-supereffective|p1a: Alomomola
|-damage|p1a: Alomomola|0 fnt
|faint|p1a: Alomomola
|-damage|p2a: Emboar|67/100|[from] Recoil
|
|upkeep
|
|t:|1760366941
|switch|p1a: Dragonite|Dragonite, F|100/100
|turn|22
|
|t:|1760366952
|switch|p2a: Clefable|Clefable, M|100/100
|move|p1a: Dragonite|Dragon Dance|p1a: Dragonite
|-boost|p1a: Dragonite|atk|1
|-boost|p1a: Dragonite|spe|1
|
|upkeep
|turn|23
|
|t:|1760366964
|-terastallize|p1a: Dragonite|Normal
|move|p1a: Dragonite|Extreme Speed|p2a: Clefable
|-damage|p2a: Clefable|64/100
|move|p2a: Clefable|Moonblast|p1a: Dragonite
|-damage|p1a: Dragonite|85/100
|
|-heal|p2a: Clefable|70/100|[from] item: Leftovers
|upkeep
|turn|24
|
|t:|1760366979
|switch|p1a: Scizor|Scizor, F|77/100
|move|p2a: Clefable|Moonlight|p2a: Clefable
|-heal|p2a: Clefable|100/100
|
|upkeep
|turn|25
|
|t:|1760366984
|move|p1a: Scizor|U-turn|p2a: Clefable
|-resisted|p2a: Clefable
|-damage|p2a: Clefable|79/100
|-message|Qazxcdewsf forfeited.
|
|win|Maroverl488
|raw|Qazxcdewsf's rating: 1465 &rarr; <strong>1445</strong><br />(-20 for losing)
|raw|Maroverl488's rating: 1472 &rarr; <strong>1492</strong><br />(+20 for winning)
|l|☆Qazxcdewsf
|player|p1|
