|j|☆didijjb
|j|☆SprigatitoSwift
|t:|1760440202
|gametype|singles
|player|p1|didijjb|1|1344
|player|p2|SprigatitoSwift|cheryl|1340
|gen|9
|tier|[Gen 9] OU
|rated|
|rule|HP Percentage Mod: HP is shown in percentages
|rule|Endless Battle Clause: Forcing endless battles is banned
|rule|Species Clause: Limit one of each Pokémon
|rule|OHKO Clause: OHKO moves are banned
|rule|Evasion Items Clause: Evasion items are banned
|rule|Evasion Moves Clause: Evasion moves are banned
|rule|Evasion Abilities Clause: Evasion abilities are banned
|rule|Sleep Moves Clause: Sleep-inducing moves are banned
|clearpoke
|poke|p1|Heatran, F|
|poke|p1|Kingambit, M|
|poke|p1|Pecharunt|
|poke|p1|Raging Bolt|
|poke|p1|Iron Treads|
|poke|p1|Samurott-Hisui, M|
|poke|p2|Torkoal, M|
|poke|p2|Mandibuzz, F|
|poke|p2|Lilligant-Hisui, F|
|poke|p2|Slither Wing|
|poke|p2|Walking Wake|
|poke|p2|Iron Moth|
|teampreview
|inactive|Battle timer is ON: inactive players will automatically lose when time's up. (requested by didijjb)
|
|t:|1760440213
|teamsize|p1|6
|teamsize|p2|6
|start
|switch|p1a: Heatran|Heatran, F|100/100
|switch|p2a: Torkoal|Torkoal, M|100/100
|-weather|SunnyDay|[from] ability: Drought|[of] p2a: Torkoal
|turn|1
|
|t:|1760440225
|move|p1a: Heatran|Magma Storm|p2a: Torkoal
|-resisted|p2a: Torkoal
|-damage|p2a: Torkoal|57/100
|-activate|p2a: Torkoal|move: Magma Storm|[of] p1a: Heatran
|move|p2a: Torkoal|Earth Power|p1a: Heatran
|-supereffective|p1a: Heatran
|-damage|p1a: Heatran|55/100
|
|-weather|SunnyDay|[upkeep]
|-heal|p1a: Heatran|61/100|[from] item: Leftovers
|-damage|p2a: Torkoal|44/100|[from] move: Magma Storm|[partiallytrapped]
|upkeep
|turn|2
|
|t:|1760440238
|move|p1a: Heatran|Magma Storm|p2a: Torkoal
|-resisted|p2a: Torkoal
|-damage|p2a: Torkoal|4/100
|move|p2a: Torkoal|Earth Power|p1a: Heatran
|-supereffective|p1a: Heatran
|-damage|p1a: Heatran|16/100
|
|-weather|SunnyDay|[upkeep]
|-heal|p1a: Heatran|22/100|[from] item: Leftovers
|-damage|p2a: Torkoal|0 fnt|[from] move: Magma Storm|[partiallytrapped]
|faint|p2a: Torkoal
|upkeep
|
|t:|1760440260
|switch|p2a: Lilligant|Lilligant-Hisui, F|100/100
|turn|3
|
|t:|1760440266
|switch|p1a: Pecharunt|Pecharunt|100/100
|move|p2a: Lilligant|Close Combat|p1a: Pecharunt
|-immune|p1a: Pecharunt
|
|-weather|SunnyDay|[upkeep]
|upkeep
|turn|4
|
|t:|1760440276
|switch|p2a: Mandibuzz|Mandibuzz, F|100/100
|move|p1a: Pecharunt|Malignant Chain|p2a: Mandibuzz
|-damage|p2a: Mandibuzz|76/100
|-status|p2a: Mandibuzz|tox
|-start|p2a: Mandibuzz|confusion|[from] ability: Poison Puppeteer|[of] p1a: Pecharunt
|
|-weather|SunnyDay|[upkeep]
|-damage|p2a: Mandibuzz|70/100 tox|[from] psn
|upkeep
|turn|5
|
|t:|1760440283
|move|p1a: Pecharunt|Malignant Chain|p2a: Mandibuzz
|-damage|p2a: Mandibuzz|47/100 tox
|-activate|p2a: Mandibuzz|confusion
|move|p2a: Mandibuzz|U-turn|p1a: Pecharunt
|-resisted|p1a: Pecharunt
|-damage|p1a: Pecharunt|99/100
|
|t:|1760440301
|switch|p2a: Walking Wake|Walking Wake|100/100|[from] U-turn
|-activate|p2a: Walking Wake|ability: Protosynthesis
|-start|p2a: Walking Wake|protosynthesisspe
|
|-weather|SunnyDay|[upkeep]
|upkeep
|turn|6
|
|t:|1760440311
|switch|p1a: Heatran|Heatran, F|22/100
|move|p2a: Walking Wake|Hydro Steam|p1a: Heatran
|-supereffective|p1a: Heatran
|-damage|p1a: Heatran|0 fnt
|faint|p1a: Heatran
|-damage|p2a: Walking Wake|91/100|[from] item: Life Orb
|
|-weather|SunnyDay|[upkeep]
|upkeep
|
|t:|1760440333
|switch|p1a: Kingambit|Kingambit, M, shiny|100/100
|-activate|p1a: Kingambit|ability: Supreme Overlord
|-start|p1a: Kingambit|fallen1|[silent]
|-item|p1a: Kingambit|Air Balloon
|turn|7
|
|t:|1760440341
|move|p1a: Kingambit|Sucker Punch|p2a: Walking Wake
|-damage|p2a: Walking Wake|46/100
|move|p2a: Walking Wake|Weather Ball|p1a: Kingambit
|-supereffective|p1a: Kingambit
|-damage|p1a: Kingambit|0 fnt
|-enditem|p1a: Kingambit|Air Balloon
|faint|p1a: Kingambit
|-end|p1a: Kingambit|fallen1|[silent]
|-damage|p2a: Walking Wake|36/100|[from] item: Life Orb
|
|-weather|SunnyDay|[upkeep]
|upkeep
|inactive|didijjb has 120 seconds left.
|
|t:|1760440357
|switch|p1a: Samurott|Samurott-Hisui, M|100/100
|turn|8
|
|t:|1760440366
|move|p2a: Walking Wake|Draco Meteor|p1a: Samurott
|-enditem|p1a: Samurott|Focus Sash
|-damage|p1a: Samurott|1/100
|-unboost|p2a: Walking Wake|spa|2
|-damage|p2a: Walking Wake|26/100|[from] item: Life Orb
|move|p1a: Samurott|Ceaseless Edge|p2a: Walking Wake
|-damage|p2a: Walking Wake|0 fnt
|-sidestart|p2: SprigatitoSwift|Spikes
|faint|p2a: Walking Wake
|-end|p2a: Walking Wake|Protosynthesis|[silent]
|
|-weather|none
|upkeep
|
|t:|1760440377
|switch|p2a: Iron Moth|Iron Moth|100/100
|-damage|p2a: Iron Moth|88/100|[from] Spikes
|-enditem|p2a: Iron Moth|Booster Energy
|-activate|p2a: Iron Moth|ability: Quark Drive|[fromitem]
|-start|p2a: Iron Moth|quarkdrivespe
|turn|9
|
|t:|1760440386
|move|p1a: Samurott|Aqua Jet|p2a: Iron Moth
|-supereffective|p2a: Iron Moth
|-damage|p2a: Iron Moth|28/100
|move|p2a: Iron Moth|Fiery Dance|p1a: Samurott
|-resisted|p1a: Samurott
|-damage|p1a: Samurott|0 fnt
|faint|p1a: Samurott
|
|upkeep
|
|t:|1760440397
|switch|p1a: Raging Bolt|Raging Bolt|100/100
|turn|10
|
|t:|1760440409
|-end|p2a: Iron Moth|Quark Drive|[silent]
|switch|p2a: Mandibuzz|Mandibuzz, F|47/100 tox
|move|p1a: Raging Bolt|Volt Switch|p2a: Mandibuzz
|-supereffective|p2a: Mandibuzz
|-damage|p2a: Mandibuzz|0 fnt
|faint|p2a: Mandibuzz
|
|t:|1760440419
|-end|p1a: Raging Bolt|Protosynthesis|[silent]
|switch|p1a: Pecharunt|Pecharunt|99/100|[from] Volt Switch
|
|upkeep
|
|t:|1760440433
|switch|p2a: Slither Wing|Slither Wing|100/100
|-damage|p2a: Slither Wing|88/100|[from] Spikes
|turn|11
|
|t:|1760440440
|move|p2a: Slither Wing|Flare Blitz|p1a: Pecharunt
|-damage|p1a: Pecharunt|66/100
|-damage|p2a: Slither Wing|75/100|[from] Recoil
|move|p1a: Pecharunt|Malignant Chain|p2a: Slither Wing
|-damage|p2a: Slither Wing|42/100
|-status|p2a: Slither Wing|tox
|-start|p2a: Slither Wing|confusion|[from] ability: Poison Puppeteer|[of] p1a: Pecharunt
|
|-damage|p2a: Slither Wing|36/100 tox|[from] psn
|upkeep
|turn|12
|
|t:|1760440446
|-activate|p2a: Slither Wing|confusion
|move|p2a: Slither Wing|Flare Blitz|p1a: Pecharunt
|-damage|p1a: Pecharunt|35/100
|-damage|p2a: Slither Wing|23/100 tox|[from] Recoil
|move|p1a: Pecharunt|Recover|p1a: Pecharunt
|-heal|p1a: Pecharunt|85/100
|
|-damage|p2a: Slither Wing|11/100 tox|[from] psn
|upkeep
|turn|13
|
|t:|1760440453
|-activate|p2a: Slither Wing|confusion
|-damage|p2a: Slither Wing|0 fnt|[from] confusion
|faint|p2a: Slither Wing
|-end|p2a: Slither Wing|Protosynthesis|[silent]
|move|p1a: Pecharunt|Recover|p1a: Pecharunt
|-heal|p1a: Pecharunt|100/100
|
|upkeep
|
|t:|1760440464
|switch|p2a: Iron Moth|Iron Moth|28/100
|-damage|p2a: Iron Moth|15/100|[from] Spikes
|turn|14
|
|t:|1760440470
|-terastallize|p2a: Iron Moth|Ground
|move|p2a: Iron Moth|Tera Blast|p1a: Pecharunt|[anim] Tera Blast Ground
|-supereffective|p1a: Pecharunt
|-damage|p1a: Pecharunt|26/100
|move|p1a: Pecharunt|Shadow Ball|p2a: Iron Moth
|-damage|p2a: Iron Moth|0 fnt
|faint|p2a: Iron Moth
|-end|p2a: Iron Moth|Quark Drive|[silent]
|
|upkeep
|-message|SprigatitoSwift forfeited.
|
|win|didijjb
|raw|didijjb's rating: 1344 &rarr; <strong>1364</strong><br />(+20 for winning)
|raw|SprigatitoSwift's rating: 1340 &rarr; <strong>1320</strong><br />(-20 for losing)
|l|☆SprigatitoSwift
|player|p2|
|l|☆didijjb
|player|p1|
