|j|☆Sussyman10
|j|☆Mtrfenix2999
|t:|1760308546
|gametype|singles
|player|p1|Sussyman10|lusamine-nihilego|1155
|player|p2|Mtrfenix2999|2|1135
|gen|9
|tier|[Gen 9] OU
|rated|
|rule|HP Percentage Mod: HP is shown in percentages
|rule|Endless Battle Clause: Forcing endless battles is banned
|rule|Species Clause: Limit one of each Pokémon
|rule|OHKO Clause: OHKO moves are banned
|rule|Evasion Items Clause: Evasion items are banned
|rule|Evasion Moves Clause: Evasion moves are banned
|rule|Evasion Abilities Clause: Evasion abilities are banned
|rule|Sleep Moves Clause: Sleep-inducing moves are banned
|clearpoke
|poke|p1|Ribombee, M|
|poke|p1|Great Tusk|
|poke|p1|Gholdengo|
|poke|p1|Manaphy|
|poke|p1|Iron Valiant|
|poke|p1|Dragonite, F|
|poke|p2|Farigiraf, F|
|poke|p2|Ogerpon-Wellspring, F|
|poke|p2|Jolteon, M|
|poke|p2|Typhlosion, F|
|poke|p2|Great Tusk|
|poke|p2|Skarmory, M|
|teampreview
|inactive|Battle timer is ON: inactive players will automatically lose when time's up. (requested by Sussyman10)
|
|t:|1760308557
|teamsize|p1|6
|teamsize|p2|6
|start
|switch|p1a: Stick|Ribombee, M, shiny|100/100
|switch|p2a: Typhlosion|Typhlosion, F|100/100
|turn|1
|
|t:|1760308583
|-terastallize|p2a: Typhlosion|Fire
|move|p2a: Typhlosion|Eruption|p1a: Stick
|-supereffective|p1a: Stick
|-enditem|p1a: Stick|Focus Sash
|-damage|p1a: Stick|1/100
|move|p1a: Stick|Sticky Web|p2a: Typhlosion
|-sidestart|p2: Mtrfenix2999|move: Sticky Web
|
|upkeep
|turn|2
|inactive|Sussyman10 has 120 seconds left.
|
|t:|1760308608
|move|p2a: Typhlosion|Eruption|p1a: Stick
|-supereffective|p1a: Stick
|-damage|p1a: Stick|0 fnt
|faint|p1a: Stick
|
|upkeep
|
|t:|1760308622
|switch|p1a: Shower|Manaphy|100/100
|turn|3
|
|t:|1760308627
|switch|p2a: Jolteon|Jolteon, M|100/100
|-activate|p2a: Jolteon|move: Sticky Web
|-unboost|p2a: Jolteon|spe|1
|move|p1a: Shower|Surf|p2a: Jolteon
|-damage|p2a: Jolteon|48/100
|
|-heal|p2a: Jolteon|54/100|[from] item: Leftovers
|upkeep
|turn|4
|
|t:|1760308638
|switch|p1a: Spinner|Great Tusk|100/100
|move|p2a: Jolteon|Volt Switch|p1a: Spinner
|-immune|p1a: Spinner
|
|-heal|p2a: Jolteon|60/100|[from] item: Leftovers
|upkeep
|turn|5
|
|t:|1760308647
|switch|p2a: Skarmory|Skarmory, M|100/100
|move|p1a: Spinner|Knock Off|p2a: Skarmory
|-damage|p2a: Skarmory|76/100
|-enditem|p2a: Skarmory|Leftovers|[from] move: Knock Off|[of] p1a: Spinner
|
|upkeep
|turn|6
|
|t:|1760308661
|-end|p1a: Spinner|Protosynthesis|[silent]
|switch|p1a: Dragonite|Dragonite, F|100/100
|move|p2a: Skarmory|Stealth Rock|p1a: Dragonite
|-sidestart|p1: Sussyman10|move: Stealth Rock
|
|upkeep
|turn|7
|
|t:|1760308667
|move|p1a: Dragonite|Fire Punch|p2a: Skarmory
|-supereffective|p2a: Skarmory
|-damage|p2a: Skarmory|13/100
|move|p2a: Skarmory|Iron Defense|p2a: Skarmory
|-boost|p2a: Skarmory|def|2
|
|upkeep
|turn|8
|
|t:|1760308677
|switch|p2a: Typhlosion|Typhlosion, F, tera:Fire|100/100
|-activate|p2a: Typhlosion|move: Sticky Web
|-unboost|p2a: Typhlosion|spe|1
|move|p1a: Dragonite|Fire Punch|p2a: Typhlosion
|-start|p2a: Typhlosion|ability: Flash Fire
|
|upkeep
|turn|9
|
|t:|1760308689
|switch|p1a: Spinner|Great Tusk|100/100
|move|p2a: Typhlosion|Eruption|p1a: Spinner
|-damage|p1a: Spinner|0 fnt
|faint|p1a: Spinner
|-end|p1a: Spinner|Protosynthesis|[silent]
|
|upkeep
|-message|Sussyman10 forfeited.
|
|win|Mtrfenix2999
|raw|Sussyman10's rating: 1155 &rarr; <strong>1129</strong><br />(-26 for losing)
|raw|Mtrfenix2999's rating: 1135 &rarr; <strong>1161</strong><br />(+26 for winning)
|l|☆Sussyman10
|player|p1|
|l|☆Mtrfenix2999
|player|p2|
