|j|☆LVL62Monoco
|j|☆shenlin
|t:|1760372849
|gametype|singles
|player|p1|LVL62Monoco|2|1362
|player|p2|shenlin|cyclist|1363
|gen|9
|tier|[Gen 9] OU
|rated|
|rule|HP Percentage Mod: HP is shown in percentages
|rule|Endless Battle Clause: Forcing endless battles is banned
|rule|Species Clause: Limit one of each Pokémon
|rule|OHKO Clause: OHKO moves are banned
|rule|Evasion Items Clause: Evasion items are banned
|rule|Evasion Moves Clause: Evasion moves are banned
|rule|Evasion Abilities Clause: Evasion abilities are banned
|rule|Sleep Moves Clause: Sleep-inducing moves are banned
|clearpoke
|poke|p1|Probopass, F|
|poke|p1|Iron Crown|
|poke|p1|Sinistcha|
|poke|p1|Grimmsnarl, M|
|poke|p1|Kyurem|
|poke|p1|Great Tusk|
|poke|p2|Cinderace, M|
|poke|p2|Kingambit, M|
|poke|p2|Iron Valiant|
|poke|p2|Slowking-Galar, F|
|poke|p2|Kyurem|
|poke|p2|Iron Crown|
|teampreview
|
|t:|1760372889
|teamsize|p1|6
|teamsize|p2|6
|start
|switch|p1a: Grimmsnarl|Grimmsnarl, M|100/100
|switch|p2a: Iron Crown|Iron Crown|100/100
|-enditem|p2a: Iron Crown|Booster Energy
|-activate|p2a: Iron Crown|ability: Quark Drive|[fromitem]
|-start|p2a: Iron Crown|quarkdrivespa
|turn|1
|
|t:|1760372901
|move|p1a: Grimmsnarl|Light Screen|p1a: Grimmsnarl
|-sidestart|p1: LVL62Monoco|move: Light Screen
|move|p2a: Iron Crown|Calm Mind|p2a: Iron Crown
|-boost|p2a: Iron Crown|spa|1
|-boost|p2a: Iron Crown|spd|1
|
|upkeep
|turn|2
|
|t:|1760372908
|move|p1a: Grimmsnarl|Parting Shot|p2a: Iron Crown
|-unboost|p2a: Iron Crown|atk|1
|-unboost|p2a: Iron Crown|spa|1
|
|t:|1760372913
|switch|p1a: Great Tusk|Great Tusk|100/100|[from] Parting Shot
|move|p2a: Iron Crown|Agility|p2a: Iron Crown
|-boost|p2a: Iron Crown|spe|2
|
|upkeep
|turn|3
|
|t:|1760372936
|-terastallize|p2a: Iron Crown|Fighting
|-terastallize|p1a: Great Tusk|Steel
|move|p2a: Iron Crown|Calm Mind|p2a: Iron Crown
|-boost|p2a: Iron Crown|spa|1
|-boost|p2a: Iron Crown|spd|1
|move|p1a: Great Tusk|Headlong Rush|p2a: Iron Crown
|-damage|p2a: Iron Crown|27/100
|-unboost|p1a: Great Tusk|def|1
|-unboost|p1a: Great Tusk|spd|1
|
|upkeep
|turn|4
|
|t:|1760372952
|-end|p1a: Great Tusk|Protosynthesis|[silent]
|switch|p1a: Sinistcha|Sinistcha|100/100
|move|p2a: Iron Crown|Tera Blast|p1a: Sinistcha|[anim] Tera Blast Fighting
|-immune|p1a: Sinistcha
|
|upkeep
|turn|5
|
|t:|1760372962
|move|p2a: Iron Crown|Stored Power|p1a: Sinistcha
|-damage|p1a: Sinistcha|20/100
|move|p1a: Sinistcha|Shadow Ball|p2a: Iron Crown
|-damage|p2a: Iron Crown|10/100
|
|upkeep
|turn|6
|
|t:|1760372976
|switch|p1a: Grimmsnarl|Grimmsnarl, M|100/100
|move|p2a: Iron Crown|Stored Power|p1a: Grimmsnarl
|-immune|p1a: Grimmsnarl
|
|upkeep
|turn|7
|
|t:|1760372986
|move|p1a: Grimmsnarl|Parting Shot|p2a: Iron Crown
|-unboost|p2a: Iron Crown|atk|1
|-unboost|p2a: Iron Crown|spa|1
|
|t:|1760372997
|switch|p1a: Sinistcha|Sinistcha|20/100|[from] Parting Shot
|move|p2a: Iron Crown|Tera Blast|p1a: Sinistcha|[anim] Tera Blast Fighting
|-immune|p1a: Sinistcha
|
|upkeep
|turn|8
|
|t:|1760373008
|move|p2a: Iron Crown|Tera Blast|p1a: Sinistcha|[anim] Tera Blast Fighting
|-immune|p1a: Sinistcha
|move|p1a: Sinistcha|Shadow Ball|p2a: Iron Crown
|-damage|p2a: Iron Crown|0 fnt
|faint|p2a: Iron Crown
|-end|p2a: Iron Crown|Quark Drive|[silent]
|
|-sideend|p1: LVL62Monoco|move: Light Screen
|upkeep
|
|t:|1760373015
|switch|p2a: Cinderace|Cinderace, M, shiny|100/100
|turn|9
|
|t:|1760373023
|switch|p1a: Grimmsnarl|Grimmsnarl, M|100/100
|move|p2a: Cinderace|Pyro Ball|p1a: Grimmsnarl
|-damage|p1a: Grimmsnarl|63/100
|
|upkeep
|turn|10
|
|t:|1760373029
|move|p1a: Grimmsnarl|Parting Shot|p2a: Cinderace
|-unboost|p2a: Cinderace|atk|1
|-unboost|p2a: Cinderace|spa|1
|
|t:|1760373037
|switch|p1a: Great Tusk|Great Tusk, tera:Steel|100/100|[from] Parting Shot
|move|p2a: Cinderace|Pyro Ball|p1a: Great Tusk
|-supereffective|p1a: Great Tusk
|-damage|p1a: Great Tusk|50/100
|-status|p1a: Great Tusk|brn
|
|-damage|p1a: Great Tusk|44/100 brn|[from] brn
|upkeep
|turn|11
|
|t:|1760373049
|move|p2a: Cinderace|Pyro Ball|p1a: Great Tusk
|-supereffective|p1a: Great Tusk
|-damage|p1a: Great Tusk|0 fnt
|faint|p1a: Great Tusk
|-end|p1a: Great Tusk|Protosynthesis|[silent]
|
|upkeep
|
|t:|1760373055
|switch|p1a: Grimmsnarl|Grimmsnarl, M|63/100
|turn|12
|
|t:|1760373060
|move|p1a: Grimmsnarl|Parting Shot|p2a: Cinderace
|-unboost|p2a: Cinderace|atk|1
|-unboost|p2a: Cinderace|spa|1
|
|t:|1760373063
|switch|p1a: Iron Crown|Iron Crown|100/100|[from] Parting Shot
|move|p2a: Cinderace|Pyro Ball|p1a: Iron Crown
|-supereffective|p1a: Iron Crown
|-damage|p1a: Iron Crown|55/100
|-enditem|p1a: Iron Crown|Weakness Policy
|-boost|p1a: Iron Crown|atk|2|[from] item: Weakness Policy
|-boost|p1a: Iron Crown|spa|2|[from] item: Weakness Policy
|
|upkeep
|turn|13
|
|t:|1760373076
|move|p2a: Cinderace|Pyro Ball|p1a: Iron Crown
|-supereffective|p1a: Iron Crown
|-damage|p1a: Iron Crown|8/100
|move|p1a: Iron Crown|Agility|p1a: Iron Crown
|-boost|p1a: Iron Crown|spe|2
|
|upkeep
|turn|14
|
|t:|1760373086
|move|p1a: Iron Crown|Stored Power|p2a: Cinderace
|-damage|p2a: Cinderace|0 fnt
|faint|p2a: Cinderace
|
|upkeep
|
|t:|1760373090
|switch|p2a: Kingambit|Kingambit, M, shiny|100/100
|-activate|p2a: Kingambit|ability: Supreme Overlord
|-start|p2a: Kingambit|fallen2|[silent]
|turn|15
|
|t:|1760373095
|-end|p1a: Iron Crown|Quark Drive|[silent]
|switch|p1a: Probopass|Probopass, F|100/100
|move|p2a: Kingambit|Sucker Punch||[still]
|-fail|p2a: Kingambit
|
|upkeep
|turn|16
|
|t:|1760373105
|move|p2a: Kingambit|Kowtow Cleave|p1a: Probopass
|-damage|p1a: Probopass|63/100
|-damage|p2a: Kingambit|84/100|[from] item: Rocky Helmet|[of] p1a: Probopass
|move|p1a: Probopass|Body Press|p2a: Kingambit
|-supereffective|p2a: Kingambit
|-damage|p2a: Kingambit|0 fnt
|faint|p2a: Kingambit
|-end|p2a: Kingambit|fallen2|[silent]
|
|upkeep
|
|t:|1760373117
|switch|p2a: Kyurem|Kyurem, shiny|100/100
|-ability|p2a: Kyurem|Pressure
|turn|17
|
|t:|1760373123
|move|p2a: Kyurem|Earth Power|p1a: Probopass
|-supereffective|p1a: Probopass
|-crit|p1a: Probopass
|-damage|p1a: Probopass|0 fnt
|faint|p1a: Probopass
|
|upkeep
|
|t:|1760373135
|switch|p1a: Iron Crown|Iron Crown|8/100
|turn|18
|
|t:|1760373142
|move|p2a: Kyurem|Freeze-Dry|p1a: Iron Crown
|-resisted|p1a: Iron Crown
|-damage|p1a: Iron Crown|0 fnt
|faint|p1a: Iron Crown
|-end|p1a: Iron Crown|Quark Drive|[silent]
|
|upkeep
|
|t:|1760373147
|switch|p1a: Grimmsnarl|Grimmsnarl, M|63/100
|turn|19
|
|t:|1760373154
|move|p1a: Grimmsnarl|Light Screen|p1a: Grimmsnarl
|-sidestart|p1: LVL62Monoco|move: Light Screen
|move|p2a: Kyurem|Freeze-Dry|p1a: Grimmsnarl
|-damage|p1a: Grimmsnarl|45/100
|
|upkeep
|turn|20
|
|t:|1760373161
|switch|p2a: Slowking|Slowking-Galar, F, shiny|100/100
|move|p1a: Grimmsnarl|Spirit Break|p2a: Slowking
|-resisted|p2a: Slowking
|-damage|p2a: Slowking|85/100
|-unboost|p2a: Slowking|spa|1
|
|upkeep
|turn|21
|
|t:|1760373168
|move|p1a: Grimmsnarl|Parting Shot|p2a: Slowking
|-unboost|p2a: Slowking|atk|1
|-unboost|p2a: Slowking|spa|1
|
|t:|1760373171
|switch|p1a: Sinistcha|Sinistcha|20/100|[from] Parting Shot
|move|p2a: Slowking|Sludge Bomb|p1a: Sinistcha
|-damage|p1a: Sinistcha|9/100
|
|upkeep
|turn|22
|
|t:|1760373181
|move|p1a: Sinistcha|Strength Sap|p2a: Slowking
|-unboost|p2a: Slowking|atk|1
|-heal|p1a: Sinistcha|32/100
|-prepare|p2a: Slowking|Chilly Reception|[premajor]
|move|p2a: Slowking|Chilly Reception|p2a: Slowking
|-weather|Snowscape
|
|t:|1760373192
|switch|p2a: Kyurem|Kyurem, shiny|100/100|[from] Chilly Reception
|-ability|p2a: Kyurem|Pressure
|
|-weather|Snowscape|[upkeep]
|upkeep
|turn|23
|
|t:|1760373203
|move|p2a: Kyurem|Protect|p2a: Kyurem
|-singleturn|p2a: Kyurem|Protect
|move|p1a: Sinistcha|Strength Sap|p2a: Kyurem
|-activate|p2a: Kyurem|move: Protect
|
|-weather|Snowscape|[upkeep]
|upkeep
|turn|24
|
|t:|1760373209
|move|p2a: Kyurem|Freeze-Dry|p1a: Sinistcha
|-supereffective|p1a: Sinistcha
|-damage|p1a: Sinistcha|0 fnt
|faint|p1a: Sinistcha
|
|-weather|Snowscape|[upkeep]
|upkeep
|
|t:|1760373216
|switch|p1a: Grimmsnarl|Grimmsnarl, M|45/100
|turn|25
|
|t:|1760373222
|move|p1a: Grimmsnarl|Reflect|p1a: Grimmsnarl
|-sidestart|p1: LVL62Monoco|Reflect
|move|p2a: Kyurem|Freeze-Dry|p1a: Grimmsnarl
|-damage|p1a: Grimmsnarl|27/100
|
|-weather|Snowscape|[upkeep]
|upkeep
|turn|26
|
|t:|1760373228
|move|p2a: Kyurem|Freeze-Dry|p1a: Grimmsnarl
|-damage|p1a: Grimmsnarl|7/100
|move|p1a: Grimmsnarl|Spirit Break|p2a: Kyurem
|-supereffective|p2a: Kyurem
|-damage|p2a: Kyurem|63/100
|-unboost|p2a: Kyurem|spa|1
|
|-weather|none
|-heal|p2a: Kyurem|70/100|[from] item: Leftovers
|-sideend|p1: LVL62Monoco|move: Light Screen
|upkeep
|turn|27
|
|t:|1760373238
|move|p1a: Grimmsnarl|Light Screen|p1a: Grimmsnarl
|-sidestart|p1: LVL62Monoco|move: Light Screen
|move|p2a: Kyurem|Freeze-Dry|p1a: Grimmsnarl
|-damage|p1a: Grimmsnarl|0 fnt
|faint|p1a: Grimmsnarl
|
|-heal|p2a: Kyurem|76/100|[from] item: Leftovers
|upkeep
|
|t:|1760373245
|switch|p1a: Kyurem|Kyurem|100/100
|-ability|p1a: Kyurem|Pressure
|turn|28
|
|t:|1760373249
|move|p2a: Kyurem|Protect|p2a: Kyurem
|-singleturn|p2a: Kyurem|Protect
|move|p1a: Kyurem|Dragon Dance|p1a: Kyurem
|-boost|p1a: Kyurem|atk|1
|-boost|p1a: Kyurem|spe|1
|
|-heal|p2a: Kyurem|82/100|[from] item: Leftovers
|upkeep
|turn|29
|
|t:|1760373258
|switch|p2a: Iron Valiant|Iron Valiant, shiny|100/100
|-enditem|p2a: Iron Valiant|Booster Energy
|-activate|p2a: Iron Valiant|ability: Quark Drive|[fromitem]
|-start|p2a: Iron Valiant|quarkdrivespe
|move|p1a: Kyurem|Dragon Dance|p1a: Kyurem
|-boost|p1a: Kyurem|atk|1
|-boost|p1a: Kyurem|spe|1
|
|upkeep
|turn|30
|
|t:|1760373269
|move|p1a: Kyurem|Icicle Spear|p2a: Iron Valiant
|-damage|p2a: Iron Valiant|59/100
|-damage|p2a: Iron Valiant|18/100
|-damage|p2a: Iron Valiant|0 fnt
|faint|p2a: Iron Valiant
|-end|p2a: Iron Valiant|Quark Drive|[silent]
|-hitcount|p2: Iron Valiant|3
|
|upkeep
|
|t:|1760373274
|switch|p2a: Slowking|Slowking-Galar, F, shiny|100/100
|turn|31
|
|t:|1760373279
|move|p1a: Kyurem|Icicle Spear|p2a: Slowking
|-damage|p2a: Slowking|69/100
|-damage|p2a: Slowking|33/100
|-damage|p2a: Slowking|0 fnt
|faint|p2a: Slowking
|-hitcount|p2: Slowking|3
|
|upkeep
|-message|shenlin forfeited.
|
|win|LVL62Monoco
|raw|LVL62Monoco's rating: 1362 &rarr; <strong>1382</strong><br />(+20 for winning)
|raw|shenlin's rating: 1363 &rarr; <strong>1343</strong><br />(-20 for losing)
|l|☆shenlin
|player|p2|
|l|☆LVL62Monoco
|player|p1|
