|badge|p1|silver|gen9doublesou|30-7
|badge|p1|bronze|gen9ru|100-7
|uhtml|medal-msg|<div class="broadcast-blue">Curious what those medals under the avatar are? PS now has Ladder Seasons! For more information, check out the <a href="https://www.smogon.com/forums/threads/3740067/">thread on Smogon.</a></div>
|j|☆3idk
|j|☆horses aren't real
|t:|1760358398
|gametype|singles
|player|p1|3idk|cynthia-masters|1498
|player|p2|horses aren't real|skullgruntf|1561
|gen|9
|tier|[Gen 9] OU
|rated|
|rule|HP Percentage Mod: HP is shown in percentages
|rule|Endless Battle Clause: Forcing endless battles is banned
|rule|Species Clause: Limit one of each Pokémon
|rule|OHKO Clause: OHKO moves are banned
|rule|Evasion Items Clause: Evasion items are banned
|rule|Evasion Moves Clause: Evasion moves are banned
|rule|Evasion Abilities Clause: Evasion abilities are banned
|rule|Sleep Moves Clause: Sleep-inducing moves are banned
|clearpoke
|poke|p1|Pelipper, M|
|poke|p1|Tornadus-Therian, M|
|poke|p1|Iron Treads|
|poke|p1|Decidueye-Hisui, F|
|poke|p1|Barraskewda, M|
|poke|p1|Raging Bolt|
|poke|p2|Ting-Lu|
|poke|p2|Rillaboom, F|
|poke|p2|Great Tusk|
|poke|p2|Gholdengo|
|poke|p2|Darkrai|
|poke|p2|Tornadus-Therian, M|
|teampreview
|inactive|Battle timer is ON: inactive players will automatically lose when time's up. (requested by horses aren't real)
|inactive|3idk also wants the timer to be on.
|
|t:|1760358422
|teamsize|p1|6
|teamsize|p2|6
|start
|switch|p1a: Pelipper|Pelipper, M|100/100
|switch|p2a: Tornadus|Tornadus-Therian, M|100/100
|-weather|RainDance|[from] ability: Drizzle|[of] p1a: Pelipper
|turn|1
|
|t:|1760358429
|move|p2a: Tornadus|Knock Off|p1a: Pelipper
|-damage|p1a: Pelipper|84/100
|-enditem|p1a: Pelipper|Damp Rock|[from] move: Knock Off|[of] p2a: Tornadus
|move|p1a: Pelipper|U-turn|p2a: Tornadus
|-resisted|p2a: Tornadus
|-damage|p2a: Tornadus|95/100
|
|t:|1760358434
|switch|p1a: Barraskewda|Barraskewda, M|100/100|[from] U-turn
|
|-weather|RainDance|[upkeep]
|upkeep
|turn|2
|
|t:|1760358436
|move|p1a: Barraskewda|Flip Turn|p2a: Tornadus
|-damage|p2a: Tornadus|19/100
|-damage|p1a: Barraskewda|91/100|[from] item: Life Orb
|
|t:|1760358443
|switch|p1a: Iron Treads|Iron Treads|100/100|[from] Flip Turn
|move|p2a: Tornadus|U-turn|p1a: Iron Treads
|-resisted|p1a: Iron Treads
|-damage|p1a: Iron Treads|95/100
|
|t:|1760358450
|switch|p2a: Ting-Lu|Ting-Lu|100/100|[from] U-turn
|-ability|p2a: Ting-Lu|Vessel of Ruin
|
|-weather|RainDance|[upkeep]
|-heal|p1a: Iron Treads|100/100|[from] item: Leftovers
|upkeep
|turn|3
|
|t:|1760358461
|move|p1a: Iron Treads|Stealth Rock|p2a: Ting-Lu
|-sidestart|p2: horses aren't real|move: Stealth Rock
|move|p2a: Ting-Lu|Spikes|p1a: Iron Treads
|-sidestart|p1: 3idk|Spikes
|
|-weather|RainDance|[upkeep]
|upkeep
|turn|4
|
|t:|1760358464
|move|p1a: Iron Treads|Rapid Spin|p2a: Ting-Lu
|-damage|p2a: Ting-Lu|93/100
|-boost|p1a: Iron Treads|spe|1
|-sideend|p1: 3idk|Spikes|[from] move: Rapid Spin|[of] p1a: Iron Treads
|move|p2a: Ting-Lu|Payback|p1a: Iron Treads
|-damage|p1a: Iron Treads|74/100
|
|-weather|RainDance|[upkeep]
|-heal|p1a: Iron Treads|80/100|[from] item: Leftovers
|-heal|p2a: Ting-Lu|99/100|[from] item: Leftovers
|upkeep
|turn|5
|
|t:|1760358469
|-end|p1a: Iron Treads|Quark Drive|[silent]
|switch|p1a: Tornadus|Tornadus-Therian, M|100/100
|move|p2a: Ting-Lu|Ruination|p1a: Tornadus|[miss]
|-miss|p2a: Ting-Lu|p1a: Tornadus
|
|-weather|RainDance|[upkeep]
|-heal|p2a: Ting-Lu|100/100|[from] item: Leftovers
|upkeep
|turn|6
|
|t:|1760358481
|move|p1a: Tornadus|Weather Ball|p2a: Ting-Lu
|-supereffective|p2a: Ting-Lu
|-damage|p2a: Ting-Lu|39/100
|move|p2a: Ting-Lu|Spikes|p1a: Tornadus
|-sidestart|p1: 3idk|Spikes
|
|-weather|RainDance|[upkeep]
|-heal|p2a: Ting-Lu|46/100|[from] item: Leftovers
|upkeep
|turn|7
|
|t:|1760358490
|switch|p2a: Rillaboom|Rillaboom, F|100/100
|-damage|p2a: Rillaboom|88/100|[from] Stealth Rock
|-fieldstart|move: Grassy Terrain|[from] ability: Grassy Surge|[of] p2a: Rillaboom
|move|p1a: Tornadus|Weather Ball|p2a: Rillaboom
|-resisted|p2a: Rillaboom
|-damage|p2a: Rillaboom|44/100
|
|-weather|RainDance|[upkeep]
|-heal|p2a: Rillaboom|50/100|[from] Grassy Terrain
|upkeep
|turn|8
|
|t:|1760358496
|switch|p1a: Decidueye|Decidueye-Hisui, F|100/100
|-damage|p1a: Decidueye|88/100|[from] Spikes
|move|p2a: Rillaboom|U-turn|p1a: Decidueye
|-damage|p1a: Decidueye|68/100
|-damage|p2a: Rillaboom|34/100|[from] item: Rocky Helmet|[of] p1a: Decidueye
|
|t:|1760358500
|switch|p2a: Great Tusk|Great Tusk|100/100|[from] U-turn
|-damage|p2a: Great Tusk|98/100|[from] Stealth Rock
|
|-weather|none
|-heal|p2a: Great Tusk|100/100|[from] Grassy Terrain
|-heal|p1a: Decidueye|74/100|[from] Grassy Terrain
|upkeep
|turn|9
|
|t:|1760358507
|move|p2a: Great Tusk|Rapid Spin|p1a: Decidueye
|-damage|p1a: Decidueye|63/100
|-boost|p2a: Great Tusk|spe|1
|-damage|p2a: Great Tusk|84/100|[from] item: Rocky Helmet|[of] p1a: Decidueye
|-sideend|p2: horses aren't real|Stealth Rock|[from] move: Rapid Spin|[of] p2a: Great Tusk
|move|p1a: Decidueye|Defog|p2a: Great Tusk
|-unboost|p2a: Great Tusk|evasion|1
|-sideend|p1: 3idk|Spikes|[from] move: Defog|[of] p1a: Decidueye
|-fieldend|move: Grassy Terrain
|
|upkeep
|turn|10
|
|t:|1760358514
|move|p2a: Great Tusk|Stealth Rock|p1a: Decidueye
|-sidestart|p1: 3idk|move: Stealth Rock
|move|p1a: Decidueye|Roost|p1a: Decidueye
|-heal|p1a: Decidueye|100/100
|-singleturn|p1a: Decidueye|move: Roost
|
|upkeep
|turn|11
|
|t:|1760358518
|move|p2a: Great Tusk|Ice Spinner|p1a: Decidueye
|-supereffective|p1a: Decidueye
|-damage|p1a: Decidueye|67/100
|-damage|p2a: Great Tusk|67/100|[from] item: Rocky Helmet|[of] p1a: Decidueye
|move|p1a: Decidueye|Defog|p2a: Great Tusk
|-unboost|p2a: Great Tusk|evasion|1
|-sideend|p1: 3idk|Stealth Rock|[from] move: Defog|[of] p1a: Decidueye
|
|upkeep
|turn|12
|
|t:|1760358524
|-end|p2a: Great Tusk|Protosynthesis|[silent]
|switch|p2a: Gholdengo|Gholdengo|100/100
|move|p1a: Decidueye|Roost|p1a: Decidueye
|-heal|p1a: Decidueye|100/100
|-singleturn|p1a: Decidueye|move: Roost
|
|upkeep
|turn|13
|
|t:|1760358531
|move|p2a: Gholdengo|Nasty Plot|p2a: Gholdengo
|-boost|p2a: Gholdengo|spa|2
|move|p1a: Decidueye|U-turn|p2a: Gholdengo
|-resisted|p2a: Gholdengo
|-damage|p2a: Gholdengo|97/100
|
|t:|1760358535
|switch|p1a: Barraskewda|Barraskewda, M|91/100|[from] U-turn
|
|upkeep
|turn|14
|
|t:|1760358539
|move|p1a: Barraskewda|Flip Turn|p2a: Gholdengo
|-damage|p2a: Gholdengo|68/100
|-damage|p1a: Barraskewda|81/100|[from] item: Life Orb
|
|t:|1760358544
|switch|p1a: Decidueye|Decidueye-Hisui, F|100/100|[from] Flip Turn
|move|p2a: Gholdengo|Shadow Ball|p1a: Decidueye
|-damage|p1a: Decidueye|39/100
|
|upkeep
|turn|15
|
|t:|1760358549
|move|p2a: Gholdengo|Shadow Ball|p1a: Decidueye
|-damage|p1a: Decidueye|0 fnt
|faint|p1a: Decidueye
|
|upkeep
|c|☆3idk|oh right it had scrappy
|inactive|3idk has 120 seconds left.
|
|t:|1760358581
|switch|p1a: Pelipper|Pelipper, M|84/100
|-weather|RainDance|[from] ability: Drizzle|[of] p1a: Pelipper
|turn|16
|
|t:|1760358596
|switch|p1a: Iron Treads|Iron Treads|80/100
|move|p2a: Gholdengo|Shadow Ball|p1a: Iron Treads
|-damage|p1a: Iron Treads|26/100
|
|-weather|RainDance|[upkeep]
|-heal|p1a: Iron Treads|32/100|[from] item: Leftovers
|upkeep
|turn|17
|
|t:|1760358602
|move|p1a: Iron Treads|Earthquake|p2a: Gholdengo
|-supereffective|p2a: Gholdengo
|-enditem|p2a: Gholdengo|Shuca Berry|[eat]
|-enditem|p2a: Gholdengo|Shuca Berry|[weaken]
|-damage|p2a: Gholdengo|44/100
|move|p2a: Gholdengo|Shadow Ball|p1a: Iron Treads
|-damage|p1a: Iron Treads|0 fnt
|faint|p1a: Iron Treads
|-end|p1a: Iron Treads|Quark Drive|[silent]
|
|-weather|RainDance|[upkeep]
|upkeep
|
|t:|1760358607
|switch|p1a: Barraskewda|Barraskewda, M|81/100
|turn|18
|
|t:|1760358611
|move|p1a: Barraskewda|Flip Turn|p2a: Gholdengo
|-damage|p2a: Gholdengo|0 fnt
|faint|p2a: Gholdengo
|-damage|p1a: Barraskewda|71/100|[from] item: Life Orb
|
|t:|1760358617
|switch|p1a: Tornadus|Tornadus-Therian, M|100/100|[from] Flip Turn
|
|-weather|RainDance|[upkeep]
|upkeep
|
|t:|1760358627
|switch|p2a: Ting-Lu|Ting-Lu|46/100
|-ability|p2a: Ting-Lu|Vessel of Ruin
|turn|19
|
|t:|1760358632
|move|p1a: Tornadus|Weather Ball|p2a: Ting-Lu
|-supereffective|p2a: Ting-Lu
|-damage|p2a: Ting-Lu|0 fnt
|faint|p2a: Ting-Lu
|
|-weather|RainDance|[upkeep]
|upkeep
|
|t:|1760358634
|switch|p2a: Tornadus|Tornadus-Therian, M|52/100
|turn|20
|
|t:|1760358637
|move|p2a: Tornadus|Bleakwind Storm|p1a: Tornadus
|-damage|p1a: Tornadus|53/100
|-unboost|p1a: Tornadus|spe|1
|move|p1a: Tornadus|Weather Ball|p2a: Tornadus
|-damage|p2a: Tornadus|4/100
|
|-weather|none
|upkeep
|turn|21
|
|t:|1760358646
|move|p2a: Tornadus|U-turn|p1a: Tornadus
|-resisted|p1a: Tornadus
|-damage|p1a: Tornadus|44/100
|
|t:|1760358649
|switch|p2a: Great Tusk|Great Tusk|67/100|[from] U-turn
|move|p1a: Tornadus|Weather Ball|p2a: Great Tusk
|-damage|p2a: Great Tusk|38/100
|
|upkeep
|turn|22
|
|t:|1760358657
|move|p2a: Great Tusk|Stealth Rock|p1a: Tornadus
|-sidestart|p1: 3idk|move: Stealth Rock
|move|p1a: Tornadus|Weather Ball|p2a: Great Tusk
|-damage|p2a: Great Tusk|9/100
|
|upkeep
|turn|23
|
|t:|1760358681
|switch|p1a: Pelipper|Pelipper, M|84/100
|-damage|p1a: Pelipper|59/100|[from] Stealth Rock
|-weather|RainDance|[from] ability: Drizzle|[of] p1a: Pelipper
|move|p2a: Great Tusk|Ice Spinner|p1a: Pelipper
|-damage|p1a: Pelipper|41/100
|
|-weather|RainDance|[upkeep]
|upkeep
|turn|24
|
|t:|1760358691
|-end|p2a: Great Tusk|Protosynthesis|[silent]
|switch|p2a: Tornadus|Tornadus-Therian, M|37/100
|move|p1a: Pelipper|Roost|p1a: Pelipper
|-heal|p1a: Pelipper|92/100
|-singleturn|p1a: Pelipper|move: Roost
|
|-weather|RainDance|[upkeep]
|upkeep
|turn|25
|
|t:|1760358699
|move|p2a: Tornadus|Bleakwind Storm|p1a: Pelipper
|-damage|p1a: Pelipper|36/100
|move|p1a: Pelipper|Surf|p2a: Tornadus
|-damage|p2a: Tornadus|5/100
|
|-weather|RainDance|[upkeep]
|upkeep
|turn|26
|
|t:|1760358704
|move|p2a: Tornadus|Bleakwind Storm|p1a: Pelipper
|-damage|p1a: Pelipper|0 fnt
|faint|p1a: Pelipper
|
|-weather|RainDance|[upkeep]
|upkeep
|
|t:|1760358709
|switch|p1a: Barraskewda|Barraskewda, M|71/100
|-damage|p1a: Barraskewda|59/100|[from] Stealth Rock
|turn|27
|
|t:|1760358717
|move|p1a: Barraskewda|Liquidation|p2a: Tornadus
|-damage|p2a: Tornadus|0 fnt
|faint|p2a: Tornadus
|-damage|p1a: Barraskewda|49/100|[from] item: Life Orb
|
|-weather|none
|upkeep
|
|t:|1760358723
|switch|p2a: Darkrai|Darkrai|100/100
|turn|28
|
|t:|1760358727
|move|p1a: Barraskewda|Aqua Jet|p2a: Darkrai
|-damage|p2a: Darkrai|65/100
|-damage|p1a: Barraskewda|39/100|[from] item: Life Orb
|move|p2a: Darkrai|Dark Pulse|p1a: Barraskewda
|-damage|p1a: Barraskewda|0 fnt
|faint|p1a: Barraskewda
|
|upkeep
|
|t:|1760358738
|switch|p1a: Tornadus|Tornadus-Therian, M|77/100
|-damage|p1a: Tornadus|52/100|[from] Stealth Rock
|turn|29
|
|t:|1760358746
|move|p2a: Darkrai|Ice Beam|p1a: Tornadus
|-supereffective|p1a: Tornadus
|-damage|p1a: Tornadus|0 fnt
|faint|p1a: Tornadus
|
|upkeep
|
|t:|1760358750
|switch|p1a: Raging Bolt|Raging Bolt|100/100
|-damage|p1a: Raging Bolt|88/100|[from] Stealth Rock
|-enditem|p1a: Raging Bolt|Booster Energy
|-activate|p1a: Raging Bolt|ability: Protosynthesis|[fromitem]
|-start|p1a: Raging Bolt|protosynthesisspa
|turn|30
|
|t:|1760358755
|move|p1a: Raging Bolt|Thunderclap|p2a: Darkrai
|-damage|p2a: Darkrai|0 fnt
|faint|p2a: Darkrai
|
|upkeep
|
|t:|1760358758
|switch|p2a: Great Tusk|Great Tusk|9/100
|turn|31
|
|t:|1760358762
|-terastallize|p1a: Raging Bolt|Bug
|move|p2a: Great Tusk|Headlong Rush|p1a: Raging Bolt
|-resisted|p1a: Raging Bolt
|-damage|p1a: Raging Bolt|65/100
|-unboost|p2a: Great Tusk|def|1
|-unboost|p2a: Great Tusk|spd|1
|move|p1a: Raging Bolt|Dragon Pulse|p2a: Great Tusk
|-damage|p2a: Great Tusk|0 fnt
|faint|p2a: Great Tusk
|-end|p2a: Great Tusk|Protosynthesis|[silent]
|
|upkeep
|
|t:|1760358765
|switch|p2a: Rillaboom|Rillaboom, F|34/100
|-fieldstart|move: Grassy Terrain|[from] ability: Grassy Surge|[of] p2a: Rillaboom
|turn|32
|
|t:|1760358775
|move|p2a: Rillaboom|Grassy Glide|p1a: Raging Bolt
|-resisted|p1a: Raging Bolt
|-damage|p1a: Raging Bolt|46/100
|move|p1a: Raging Bolt|Dragon Pulse|p2a: Rillaboom
|-damage|p2a: Rillaboom|0 fnt
|faint|p2a: Rillaboom
|
|win|3idk
|raw|3idk's rating: 1498 &rarr; <strong>1522</strong><br />(+24 for winning)
|raw|horses aren&apos;t real's rating: 1561 &rarr; <strong>1537</strong><br />(-24 for losing)
|l|☆horses aren't real
|player|p2|
|l|☆3idk
|player|p1|
