|j|☆dgp1397
|j|☆notmeezo
|t:|1760359275
|gametype|singles
|player|p1|dgp1397|2|1214
|player|p2|notmeezo|lucas|1250
|gen|9
|tier|[Gen 9] OU
|rated|
|rule|HP Percentage Mod: HP is shown in percentages
|rule|Endless Battle Clause: Forcing endless battles is banned
|rule|Species Clause: Limit one of each Pokémon
|rule|OHKO Clause: OHKO moves are banned
|rule|Evasion Items Clause: Evasion items are banned
|rule|Evasion Moves Clause: Evasion moves are banned
|rule|Evasion Abilities Clause: Evasion abilities are banned
|rule|Sleep Moves Clause: Sleep-inducing moves are banned
|clearpoke
|poke|p1|Ambipom, M|
|poke|p1|Slowking-Galar, F|
|poke|p1|Gliscor, M|
|poke|p1|Clefable, M|
|poke|p1|Great Tusk|
|poke|p1|Dragapult, F|
|poke|p2|Zamazenta-*|
|poke|p2|Serperior, M|
|poke|p2|Rotom-Heat|
|poke|p2|Corviknight, M|
|poke|p2|Gliscor, F|
|poke|p2|Ogerpon-Wellspring, F|
|teampreview
|inactive|Battle timer is ON: inactive players will automatically lose when time's up. (requested by notmeezo)
|
|t:|1760359281
|teamsize|p1|6
|teamsize|p2|6
|start
|switch|p1a: Ambipom|Ambipom, M|100/100
|switch|p2a: Telkom|Rotom-Heat|100/100
|turn|1
|
|t:|1760359287
|switch|p2a: Corviknight|Corviknight, M|100/100
|move|p1a: Ambipom|Fake Out|p2a: Corviknight
|-resisted|p2a: Corviknight
|-damage|p2a: Corviknight|93/100
|
|upkeep
|turn|2
|
|t:|1760359294
|switch|p2a: Mystic|Ogerpon-Wellspring, F|100/100
|move|p1a: Ambipom|Knock Off|p2a: Mystic
|-damage|p2a: Mystic|75/100
|
|upkeep
|turn|3
|
|t:|1760359305
|switch|p2a: Telkom|Rotom-Heat|100/100
|move|p1a: Ambipom|U-turn|p2a: Telkom
|-resisted|p2a: Telkom
|-crit|p2a: Telkom
|-damage|p2a: Telkom|82/100
|
|t:|1760359315
|switch|p1a: Clefable|Clefable, M|100/100|[from] U-turn
|
|upkeep
|turn|4
|
|t:|1760359321
|move|p2a: Telkom|Trick|p1a: Clefable
|-activate|p2a: Telkom|move: Trick|[of] p1a: Clefable
|-item|p1a: Clefable|Choice Scarf|[from] move: Trick
|-item|p2a: Telkom|Sticky Barb|[from] move: Trick
|move|p1a: Clefable|Stealth Rock|p2a: Telkom
|-sidestart|p2: notmeezo|move: Stealth Rock
|
|-damage|p2a: Telkom|69/100|[from] item: Sticky Barb
|upkeep
|turn|5
|
|t:|1760359335
|move|p2a: Telkom|Trick|p1a: Clefable
|-activate|p2a: Telkom|move: Trick|[of] p1a: Clefable
|-item|p1a: Clefable|Sticky Barb|[from] move: Trick
|-item|p2a: Telkom|Choice Scarf|[from] move: Trick
|move|p1a: Clefable|Stealth Rock||[still]
|-fail|p1a: Clefable
|
|upkeep
|turn|6
|
|t:|1760359346
|move|p2a: Telkom|Volt Switch|p1a: Clefable
|-damage|p1a: Clefable|65/100
|
|t:|1760359354
|switch|p2a: Corviknight|Corviknight, M|93/100|[from] Volt Switch
|-damage|p2a: Corviknight|81/100|[from] Stealth Rock
|move|p1a: Clefable|Moonblast|p2a: Corviknight
|-resisted|p2a: Corviknight
|-damage|p2a: Corviknight|65/100
|
|upkeep
|turn|7
|
|t:|1760359365
|move|p2a: Corviknight|Defog|p1a: Clefable
|-unboost|p1a: Clefable|evasion|1
|-sideend|p2: notmeezo|Stealth Rock|[from] move: Defog|[of] p2a: Corviknight
|move|p1a: Clefable|Knock Off|p2a: Corviknight
|-damage|p2a: Corviknight|56/100
|-enditem|p2a: Corviknight|Rocky Helmet|[from] move: Knock Off|[of] p1a: Clefable
|
|upkeep
|turn|8
|
|t:|1760359378
|move|p2a: Corviknight|Roost|p2a: Corviknight
|-heal|p2a: Corviknight|100/100
|-singleturn|p2a: Corviknight|move: Roost
|move|p1a: Clefable|Moonlight|p1a: Clefable
|-heal|p1a: Clefable|100/100
|
|upkeep
|turn|9
|
|t:|1760359390
|switch|p2a: Pinch|Gliscor, F|100/100
|move|p1a: Clefable|Moonblast|p2a: Pinch
|-damage|p2a: Pinch|74/100
|-unboost|p2a: Pinch|spa|1
|
|-status|p2a: Pinch|tox|[from] item: Toxic Orb
|upkeep
|turn|10
|
|t:|1760359399
|move|p2a: Pinch|Stealth Rock|p1a: Clefable
|-sidestart|p1: dgp1397|move: Stealth Rock
|move|p1a: Clefable|Moonblast|p2a: Pinch
|-damage|p2a: Pinch|45/100 tox
|-unboost|p2a: Pinch|spa|1
|
|-heal|p2a: Pinch|57/100 tox|[from] ability: Poison Heal
|upkeep
|turn|11
|
|t:|1760359408
|move|p2a: Pinch|Earthquake|p1a: Clefable
|-damage|p1a: Clefable|72/100
|move|p1a: Clefable|Knock Off|p2a: Pinch
|-damage|p2a: Pinch|46/100 tox
|-enditem|p2a: Pinch|Toxic Orb|[from] move: Knock Off|[of] p1a: Clefable
|
|-heal|p2a: Pinch|59/100 tox|[from] ability: Poison Heal
|upkeep
|turn|12
|
|t:|1760359418
|switch|p2a: Mystic|Ogerpon-Wellspring, F|75/100
|move|p1a: Clefable|Moonblast|p2a: Mystic
|-damage|p2a: Mystic|38/100
|-unboost|p2a: Mystic|spa|1
|
|upkeep
|turn|13
|
|t:|1760359426
|move|p2a: Mystic|Ivy Cudgel|p1a: Clefable|[anim] Ivy Cudgel Water
|-damage|p1a: Clefable|28/100
|move|p1a: Clefable|Moonlight|p1a: Clefable
|-heal|p1a: Clefable|78/100
|
|upkeep
|turn|14
|
|t:|1760359433
|move|p2a: Mystic|U-turn|p1a: Clefable
|-resisted|p1a: Clefable
|-damage|p1a: Clefable|68/100
|
|t:|1760359437
|switch|p2a: Fuzzy|Serperior, M|100/100|[from] U-turn
|move|p1a: Clefable|Stealth Rock|p2a: Fuzzy
|-sidestart|p2: notmeezo|move: Stealth Rock
|
|upkeep
|turn|15
|
|t:|1760359444
|move|p2a: Fuzzy|Substitute|p2a: Fuzzy
|-start|p2a: Fuzzy|Substitute
|-damage|p2a: Fuzzy|75/100
|move|p1a: Clefable|Moonblast|p2a: Fuzzy
|-end|p2a: Fuzzy|Substitute
|
|-heal|p2a: Fuzzy|82/100|[from] item: Leftovers
|upkeep
|turn|16
|
|t:|1760359456
|move|p2a: Fuzzy|Glare|p1a: Clefable
|-status|p1a: Clefable|par
|move|p1a: Clefable|Moonblast|p2a: Fuzzy
|-crit|p2a: Fuzzy
|-damage|p2a: Fuzzy|31/100
|
|-heal|p2a: Fuzzy|37/100|[from] item: Leftovers
|upkeep
|turn|17
|
|t:|1760359465
|move|p2a: Fuzzy|Leaf Storm|p1a: Clefable
|-damage|p1a: Clefable|29/100 par
|-boost|p2a: Fuzzy|spa|2
|move|p1a: Clefable|Moonblast|p2a: Fuzzy
|-damage|p2a: Fuzzy|4/100
|-boost|p2a: Fuzzy|spa|1
|
|-heal|p2a: Fuzzy|10/100|[from] item: Leftovers
|upkeep
|turn|18
|
|t:|1760359475
|move|p2a: Fuzzy|Leaf Storm|p1a: Clefable
|-damage|p1a: Clefable|0 fnt
|-boost|p2a: Fuzzy|spa|2
|faint|p1a: Clefable
|
|-heal|p2a: Fuzzy|16/100|[from] item: Leftovers
|upkeep
|
|t:|1760359485
|switch|p1a: Ambipom|Ambipom, M|100/100
|-damage|p1a: Ambipom|88/100|[from] Stealth Rock
|turn|19
|
|t:|1760359490
|switch|p2a: Corviknight|Corviknight, M|100/100
|-damage|p2a: Corviknight|88/100|[from] Stealth Rock
|move|p1a: Ambipom|Fake Out|p2a: Corviknight
|-resisted|p2a: Corviknight
|-damage|p2a: Corviknight|81/100
|
|upkeep
|turn|20
|
|t:|1760359499
|switch|p1a: Gliscor|Gliscor, M|100/100
|-damage|p1a: Gliscor|88/100|[from] Stealth Rock
|move|p2a: Corviknight|Defog|p1a: Gliscor
|-unboost|p1a: Gliscor|evasion|1
|-sideend|p1: dgp1397|Stealth Rock|[from] move: Defog|[of] p2a: Corviknight
|-sideend|p2: notmeezo|Stealth Rock|[from] move: Defog|[of] p2a: Corviknight
|
|-status|p1a: Gliscor|tox|[from] item: Toxic Orb
|upkeep
|turn|21
|
|t:|1760359512
|switch|p2a: Shield|Zamazenta|100/100
|-ability|p2a: Shield|Dauntless Shield|boost
|-boost|p2a: Shield|def|1
|move|p1a: Gliscor|Spikes|p2a: Shield
|-sidestart|p2: notmeezo|Spikes
|
|-heal|p1a: Gliscor|100/100 tox|[from] ability: Poison Heal
|upkeep
|turn|22
|
|t:|1760359522
|move|p2a: Shield|Iron Defense|p2a: Shield
|-boost|p2a: Shield|def|2
|move|p1a: Gliscor|Toxic|p2a: Shield
|-status|p2a: Shield|tox
|
|-damage|p2a: Shield|94/100 tox|[from] psn
|upkeep
|turn|23
|
|t:|1760359533
|move|p2a: Shield|Iron Defense|p2a: Shield
|-boost|p2a: Shield|def|2
|move|p1a: Gliscor|Spikes|p2a: Shield
|-sidestart|p2: notmeezo|Spikes
|
|-damage|p2a: Shield|82/100 tox|[from] psn
|upkeep
|turn|24
|
|t:|1760359542
|move|p2a: Shield|Body Press|p1a: Gliscor
|-resisted|p1a: Gliscor
|-damage|p1a: Gliscor|50/100 tox
|move|p1a: Gliscor|Spikes|p2a: Shield
|-sidestart|p2: notmeezo|Spikes
|
|-damage|p2a: Shield|64/100 tox|[from] psn
|-heal|p1a: Gliscor|62/100 tox|[from] ability: Poison Heal
|upkeep
|turn|25
|
|t:|1760359551
|switch|p2a: Corviknight|Corviknight, M|81/100
|move|p1a: Gliscor|Protect||[still]
|-fail|p1a: Gliscor
|
|-heal|p1a: Gliscor|75/100 tox|[from] ability: Poison Heal
|upkeep
|turn|26
|
|t:|1760359561
|switch|p1a: Dragapult|Dragapult, F|100/100
|move|p2a: Corviknight|Defog|p1a: Dragapult
|-fail|p1a: Dragapult|unboost|[from] ability: Clear Body|[of] p1a: Dragapult
|-sideend|p2: notmeezo|Spikes|[from] move: Defog|[of] p2a: Corviknight
|
|upkeep
|turn|27
|
|t:|1760359571
|switch|p2a: Shield|Zamazenta|64/100 tox
|move|p1a: Dragapult|Flamethrower|p2a: Shield
|-damage|p2a: Shield|27/100 tox
|
|-damage|p2a: Shield|21/100 tox|[from] psn
|upkeep
|-enditem|p2a: Shield|Aguav Berry|[eat]
|-heal|p2a: Shield|54/100 tox|[from] item: Aguav Berry
|turn|28
|
|t:|1760359581
|move|p1a: Dragapult|Flamethrower|p2a: Shield
|-damage|p2a: Shield|18/100 tox
|move|p2a: Shield|Ice Fang|p1a: Dragapult
|-supereffective|p1a: Dragapult
|-damage|p1a: Dragapult|45/100
|-status|p1a: Dragapult|frz
|
|-damage|p2a: Shield|5/100 tox|[from] psn
|upkeep
|turn|29
|
|t:|1760359592
|cant|p1a: Dragapult|frz
|move|p2a: Shield|Ice Fang|p1a: Dragapult|[miss]
|-miss|p2a: Shield|p1a: Dragapult
|
|-damage|p2a: Shield|0 fnt|[from] psn
|faint|p2a: Shield
|upkeep
|
|t:|1760359604
|switch|p2a: Mystic|Ogerpon-Wellspring, F|38/100
|turn|30
|
|t:|1760359608
|cant|p1a: Dragapult|frz
|move|p2a: Mystic|Knock Off|p1a: Dragapult
|-supereffective|p1a: Dragapult
|-damage|p1a: Dragapult|0 fnt
|-enditem|p1a: Dragapult|Choice Specs|[from] move: Knock Off|[of] p2a: Mystic
|faint|p1a: Dragapult
|
|upkeep
|
|t:|1760359617
|switch|p1a: Ambipom|Ambipom, M|88/100
|turn|31
|
|t:|1760359620
|move|p1a: Ambipom|Fake Out|p2a: Mystic
|-damage|p2a: Mystic|7/100
|cant|p2a: Mystic|flinch
|
|upkeep
|turn|32
|
|t:|1760359628
|switch|p2a: Corviknight|Corviknight, M|81/100
|move|p1a: Ambipom|Knock Off|p2a: Corviknight
|-damage|p2a: Corviknight|69/100
|
|upkeep
|turn|33
|
|t:|1760359636
|switch|p2a: Pinch|Gliscor, F|59/100 tox
|move|p1a: Ambipom|U-turn|p2a: Pinch
|-resisted|p2a: Pinch
|-crit|p2a: Pinch
|-damage|p2a: Pinch|47/100 tox
|
|t:|1760359643
|switch|p1a: Slowking|Slowking-Galar, F|100/100|[from] U-turn
|
|-heal|p2a: Pinch|60/100 tox|[from] ability: Poison Heal
|upkeep
|turn|34
|
|t:|1760359653
|-terastallize|p1a: Slowking|Water
|move|p2a: Pinch|Earthquake|p1a: Slowking
|-damage|p1a: Slowking|63/100
|move|p1a: Slowking|Ice Beam|p2a: Pinch
|-supereffective|p2a: Pinch
|-damage|p2a: Pinch|0 fnt
|faint|p2a: Pinch
|
|-damage|p1a: Slowking|51/100|[from] item: Black Sludge
|upkeep
|
|t:|1760359660
|switch|p2a: Mystic|Ogerpon-Wellspring, F|7/100
|turn|35
|
|t:|1760359669
|switch|p1a: Gliscor|Gliscor, M|75/100 tox
|move|p2a: Mystic|Horn Leech|p1a: Gliscor
|-damage|p1a: Gliscor|38/100 tox
|-heal|p2a: Mystic|29/100|[from] drain|[of] p1a: Gliscor
|
|-heal|p1a: Gliscor|50/100 tox|[from] ability: Poison Heal
|upkeep
|turn|36
|
|t:|1760359681
|move|p1a: Gliscor|Protect|p1a: Gliscor
|-singleturn|p1a: Gliscor|Protect
|move|p2a: Mystic|Ivy Cudgel|p1a: Gliscor|[anim] Ivy Cudgel Water
|-activate|p1a: Gliscor|move: Protect
|
|-heal|p1a: Gliscor|63/100 tox|[from] ability: Poison Heal
|upkeep
|turn|37
|
|t:|1760359690
|move|p2a: Mystic|Ivy Cudgel|p1a: Gliscor|[anim] Ivy Cudgel Water
|-supereffective|p1a: Gliscor
|-damage|p1a: Gliscor|0 fnt
|faint|p1a: Gliscor
|
|upkeep
|
|t:|1760359696
|switch|p1a: Ambipom|Ambipom, M|88/100
|turn|38
|inactive|notmeezo has 120 seconds left.
|inactive|notmeezo has 90 seconds left.
|
|t:|1760359760
|switch|p2a: Corviknight|Corviknight, M|69/100
|move|p1a: Ambipom|Fake Out|p2a: Corviknight
|-resisted|p2a: Corviknight
|-damage|p2a: Corviknight|61/100
|
|upkeep
|turn|39
|
|t:|1760359768
|move|p1a: Ambipom|U-turn|p2a: Corviknight
|-resisted|p2a: Corviknight
|-crit|p2a: Corviknight
|-damage|p2a: Corviknight|56/100
|
|t:|1760359774
|switch|p1a: Great Tusk|Great Tusk|100/100|[from] U-turn
|move|p2a: Corviknight|Roost|p2a: Corviknight
|-heal|p2a: Corviknight|100/100
|-singleturn|p2a: Corviknight|move: Roost
|
|upkeep
|turn|40
|
|t:|1760359783
|move|p1a: Great Tusk|Rapid Spin|p2a: Corviknight
|-resisted|p2a: Corviknight
|-damage|p2a: Corviknight|95/100
|-boost|p1a: Great Tusk|spe|1
|move|p2a: Corviknight|Iron Defense|p2a: Corviknight
|-boost|p2a: Corviknight|def|2
|
|upkeep
|turn|41
|
|t:|1760359807
|move|p1a: Great Tusk|Close Combat|p2a: Corviknight
|-damage|p2a: Corviknight|76/100
|-unboost|p1a: Great Tusk|def|1
|-unboost|p1a: Great Tusk|spd|1
|move|p2a: Corviknight|Body Press|p1a: Great Tusk
|-damage|p1a: Great Tusk|46/100
|
|upkeep
|turn|42
|-message|dgp1397 forfeited.
|
|win|notmeezo
|raw|dgp1397's rating: 1214 &rarr; <strong>1192</strong><br />(-22 for losing)
|raw|notmeezo's rating: 1250 &rarr; <strong>1272</strong><br />(+22 for winning)
|l|☆dgp1397
|player|p1|
|l|☆notmeezo
|player|p2|
