|j|☆Doomingo
|j|☆Jandrypapu
|t:|1760459347
|gametype|singles
|player|p1|Doomingo|170|1284
|player|p2|Jandrypapu|psychic|1320
|gen|9
|tier|[Gen 9] OU
|rated|
|rule|HP Percentage Mod: HP is shown in percentages
|rule|Endless Battle Clause: Forcing endless battles is banned
|rule|Species Clause: Limit one of each Pokémon
|rule|OHKO Clause: OHKO moves are banned
|rule|Evasion Items Clause: Evasion items are banned
|rule|Evasion Moves Clause: Evasion moves are banned
|rule|Evasion Abilities Clause: Evasion abilities are banned
|rule|Sleep Moves Clause: Sleep-inducing moves are banned
|clearpoke
|poke|p1|Tyranitar, M|
|poke|p1|Sinistcha|
|poke|p1|Comfey, F|
|poke|p1|Bellibolt, M|
|poke|p1|Mamoswine, F|
|poke|p1|Scizor, F|
|poke|p2|Clodsire, F|
|poke|p2|Goodra-Hisui, M|
|poke|p2|Meowscarada, M|
|poke|p2|Moltres|
|poke|p2|Quaquaval, M|
|poke|p2|Excadrill, M|
|teampreview
|
|t:|1760459359
|teamsize|p1|6
|teamsize|p2|6
|start
|switch|p1a: Charla|Sinistcha|100/100
|switch|p2a: Meowscarada|Meowscarada, M|100/100
|turn|1
|
|t:|1760459380
|move|p2a: Meowscarada|Knock Off|p1a: Charla
|-start|p2a: Meowscarada|typechange|Dark|[from] ability: Protean
|-supereffective|p1a: Charla
|-damage|p1a: Charla|0 fnt
|-enditem|p1a: Charla|Big Root|[from] move: Knock Off|[of] p2a: Meowscarada
|faint|p1a: Charla
|
|upkeep
|
|t:|1760459389
|switch|p1a: Buzz|Scizor, F|100/100
|turn|2
|
|t:|1760459393
|switch|p2a: Moltres|Moltres, shiny|100/100
|move|p1a: Buzz|U-turn|p2a: Moltres
|-resisted|p2a: Moltres
|-damage|p2a: Moltres|96/100
|
|t:|1760459397
|switch|p1a: Mr. Big|Tyranitar, M|100/100|[from] U-turn
|-weather|Sandstorm|[from] ability: Sand Stream|[of] p1a: Mr. Big
|
|-weather|Sandstorm|[upkeep]
|-damage|p2a: Moltres|90/100|[from] Sandstorm
|upkeep
|turn|3
|
|t:|1760459405
|switch|p2a: Quaquaval|Quaquaval, M|100/100
|move|p1a: Mr. Big|Ancient Power|p2a: Quaquaval
|-resisted|p2a: Quaquaval
|-damage|p2a: Quaquaval|83/100
|
|-weather|Sandstorm|[upkeep]
|-damage|p2a: Quaquaval|77/100|[from] Sandstorm
|upkeep
|turn|4
|
|t:|1760459413
|switch|p1a: Ring A Round|Comfey, F|100/100
|move|p2a: Quaquaval|Aqua Step|p1a: Ring A Round
|-damage|p1a: Ring A Round|41/100
|-boost|p2a: Quaquaval|spe|1
|-enditem|p1a: Ring A Round|Kee Berry|[eat]
|-boost|p1a: Ring A Round|def|1|[from] item: Kee Berry
|
|-weather|Sandstorm|[upkeep]
|-damage|p2a: Quaquaval|71/100|[from] Sandstorm
|-damage|p1a: Ring A Round|35/100|[from] Sandstorm
|upkeep
|turn|5
|
|t:|1760459425
|switch|p2a: Goodra|Goodra-Hisui, M|100/100
|move|p1a: Ring A Round|Draining Kiss|p2a: Goodra
|-damage|p2a: Goodra|93/100
|-heal|p1a: Ring A Round|42/100|[from] drain|[of] p2a: Goodra
|
|-weather|Sandstorm|[upkeep]
|-damage|p1a: Ring A Round|35/100|[from] Sandstorm
|upkeep
|turn|6
|
|t:|1760459434
|move|p1a: Ring A Round|Calm Mind|p1a: Ring A Round
|-boost|p1a: Ring A Round|spa|1
|-boost|p1a: Ring A Round|spd|1
|move|p2a: Goodra|Flash Cannon|p1a: Ring A Round
|-supereffective|p1a: Ring A Round
|-crit|p1a: Ring A Round
|-damage|p1a: Ring A Round|0 fnt
|faint|p1a: Ring A Round
|
|-weather|none
|upkeep
|
|t:|1760459440
|switch|p1a: Mastodown!|Mamoswine, F, shiny|100/100
|turn|7
|
|t:|1760459446
|switch|p2a: Moltres|Moltres, shiny|90/100
|move|p1a: Mastodown!|Trailblaze|p2a: Moltres
|-resisted|p2a: Moltres
|-damage|p2a: Moltres|87/100
|-boost|p1a: Mastodown!|spe|1
|
|upkeep
|turn|8
|
|t:|1760459455
|move|p1a: Mastodown!|Icicle Crash|p2a: Moltres
|-damage|p2a: Moltres|53/100
|move|p2a: Moltres|Will-O-Wisp|p1a: Mastodown!
|-status|p1a: Mastodown!|brn
|
|-damage|p1a: Mastodown!|94/100 brn|[from] brn
|upkeep
|turn|9
|
|t:|1760459463
|move|p1a: Mastodown!|Icicle Crash|p2a: Moltres
|-damage|p2a: Moltres|35/100
|move|p2a: Moltres|Roost|p2a: Moltres
|-heal|p2a: Moltres|85/100
|-singleturn|p2a: Moltres|move: Roost
|
|-damage|p1a: Mastodown!|88/100 brn|[from] brn
|upkeep
|turn|10
|
|t:|1760459471
|move|p1a: Mastodown!|Icicle Crash|p2a: Moltres|[miss]
|-miss|p1a: Mastodown!|p2a: Moltres
|move|p2a: Moltres|Roost|p2a: Moltres
|-heal|p2a: Moltres|100/100
|-singleturn|p2a: Moltres|move: Roost
|
|-damage|p1a: Mastodown!|82/100 brn|[from] brn
|upkeep
|turn|11
|
|t:|1760459480
|move|p1a: Mastodown!|Icicle Crash|p2a: Moltres
|-damage|p2a: Moltres|83/100
|cant|p2a: Moltres|flinch
|
|-damage|p1a: Mastodown!|76/100 brn|[from] brn
|upkeep
|turn|12
|
|t:|1760459489
|move|p1a: Mastodown!|Icicle Crash|p2a: Moltres
|-damage|p2a: Moltres|66/100
|cant|p2a: Moltres|flinch
|
|-damage|p1a: Mastodown!|70/100 brn|[from] brn
|upkeep
|turn|13
|
|t:|1760459495
|move|p1a: Mastodown!|Icicle Crash|p2a: Moltres
|-damage|p2a: Moltres|49/100
|move|p2a: Moltres|Flamethrower|p1a: Mastodown!
|-supereffective|p1a: Mastodown!
|-damage|p1a: Mastodown!|16/100 brn
|-enditem|p1a: Mastodown!|Weakness Policy
|-boost|p1a: Mastodown!|atk|2|[from] item: Weakness Policy
|-boost|p1a: Mastodown!|spa|2|[from] item: Weakness Policy
|
|-damage|p1a: Mastodown!|10/100 brn|[from] brn
|upkeep
|turn|14
|
|t:|1760459505
|move|p1a: Mastodown!|Icicle Crash|p2a: Moltres|[miss]
|-miss|p1a: Mastodown!|p2a: Moltres
|move|p2a: Moltres|Roost|p2a: Moltres
|-heal|p2a: Moltres|99/100
|-singleturn|p2a: Moltres|move: Roost
|
|-damage|p1a: Mastodown!|4/100 brn|[from] brn
|upkeep
|turn|15
|
|t:|1760459515
|move|p1a: Mastodown!|Icicle Crash|p2a: Moltres
|-damage|p2a: Moltres|68/100
|move|p2a: Moltres|Roost|p2a: Moltres
|-heal|p2a: Moltres|100/100
|-singleturn|p2a: Moltres|move: Roost
|
|-damage|p1a: Mastodown!|0 fnt|[from] brn
|faint|p1a: Mastodown!
|upkeep
|
|t:|1760459520
|switch|p1a: Glut|Bellibolt, M|100/100
|turn|16
|
|t:|1760459527
|switch|p2a: Clodsire|Clodsire, F|100/100
|move|p1a: Glut|Soak|p2a: Clodsire
|-immune|p2a: Clodsire|[from] ability: Water Absorb
|
|upkeep
|turn|17
|
|t:|1760459538
|switch|p1a: Mr. Big|Tyranitar, M|100/100
|-weather|Sandstorm|[from] ability: Sand Stream|[of] p1a: Mr. Big
|move|p2a: Clodsire|Stealth Rock|p1a: Mr. Big
|-sidestart|p1: Doomingo|move: Stealth Rock
|
|-weather|Sandstorm|[upkeep]
|upkeep
|turn|18
|
|t:|1760459546
|switch|p2a: Goodra|Goodra-Hisui, M|93/100
|move|p1a: Mr. Big|Knock Off|p2a: Goodra
|-damage|p2a: Goodra|51/100
|-enditem|p2a: Goodra|Assault Vest|[from] move: Knock Off|[of] p1a: Mr. Big
|
|-weather|Sandstorm|[upkeep]
|upkeep
|turn|19
|
|t:|1760459555
|move|p1a: Mr. Big|Body Press|p2a: Goodra
|-supereffective|p2a: Goodra
|-damage|p2a: Goodra|13/100
|move|p2a: Goodra|Flash Cannon|p1a: Mr. Big
|-supereffective|p1a: Mr. Big
|-damage|p1a: Mr. Big|81/100
|
|-weather|Sandstorm|[upkeep]
|upkeep
|turn|20
|
|t:|1760459564
|move|p1a: Mr. Big|Ancient Power|p2a: Goodra
|-resisted|p2a: Goodra
|-damage|p2a: Goodra|7/100
|move|p2a: Goodra|Draco Meteor|p1a: Mr. Big
|-damage|p1a: Mr. Big|64/100
|-unboost|p2a: Goodra|spa|2
|
|-weather|Sandstorm|[upkeep]
|upkeep
|turn|21
|
|t:|1760459574
|move|p1a: Mr. Big|Ancient Power|p2a: Goodra
|-resisted|p2a: Goodra
|-damage|p2a: Goodra|0 fnt
|faint|p2a: Goodra
|
|-weather|none
|upkeep
|
|t:|1760459579
|switch|p2a: Quaquaval|Quaquaval, M|71/100
|turn|22
|
|t:|1760459591
|switch|p1a: Buzz|Scizor, F|100/100
|-damage|p1a: Buzz|88/100|[from] Stealth Rock
|move|p2a: Quaquaval|Aqua Step|p1a: Buzz
|-damage|p1a: Buzz|44/100
|-boost|p2a: Quaquaval|spe|1
|
|-heal|p1a: Buzz|50/100|[from] item: Leftovers
|upkeep
|turn|23
|
|t:|1760459607
|-terastallize|p2a: Quaquaval|Water
|-terastallize|p1a: Buzz|Bug
|move|p2a: Quaquaval|Aqua Step|p1a: Buzz
|-damage|p1a: Buzz|0 fnt
|-boost|p2a: Quaquaval|spe|1
|faint|p1a: Buzz
|-ability|p2a: Quaquaval|Moxie|boost
|-boost|p2a: Quaquaval|atk|1
|
|upkeep
|
|t:|1760459612
|switch|p1a: Glut|Bellibolt, M|100/100
|-damage|p1a: Glut|88/100|[from] Stealth Rock
|turn|24
|
|t:|1760459624
|move|p2a: Quaquaval|Aqua Step|p1a: Glut
|-damage|p1a: Glut|2/100
|-boost|p2a: Quaquaval|spe|1
|-start|p1a: Glut|Charge|Aqua Step|[from] ability: Electromorphosis
|move|p1a: Glut|Parabolic Charge|p2a: Quaquaval
|-supereffective|p2a: Quaquaval
|-damage|p2a: Quaquaval|0 fnt
|-heal|p1a: Glut|29/100|[from] drain|[of] p2a: Quaquaval
|faint|p2a: Quaquaval
|-end|p1a: Glut|Charge|[silent]
|
|upkeep
|
|t:|1760459636
|switch|p2a: Excadrill|Excadrill, M|100/100
|-ability|p2a: Excadrill|Mold Breaker
|-item|p2a: Excadrill|Air Balloon
|turn|25
|
|t:|1760459642
|move|p2a: Excadrill|Earthquake|p1a: Glut
|-supereffective|p1a: Glut
|-enditem|p1a: Glut|Shuca Berry|[eat]
|-enditem|p1a: Glut|Shuca Berry|[weaken]
|-damage|p1a: Glut|0 fnt
|faint|p1a: Glut
|
|upkeep
|
|t:|1760459644
|switch|p1a: Mr. Big|Tyranitar, M|64/100
|-damage|p1a: Mr. Big|52/100|[from] Stealth Rock
|-weather|Sandstorm|[from] ability: Sand Stream|[of] p1a: Mr. Big
|turn|26
|
|t:|1760459654
|move|p2a: Excadrill|Iron Head|p1a: Mr. Big
|-supereffective|p1a: Mr. Big
|-damage|p1a: Mr. Big|0 fnt
|faint|p1a: Mr. Big
|
|win|Jandrypapu
|raw|Doomingo's rating: 1284 &rarr; <strong>1262</strong><br />(-22 for losing)
|raw|Jandrypapu's rating: 1320 &rarr; <strong>1338</strong><br />(+18 for winning)
|l|☆Doomingo
|player|p1|
|l|☆Jandrypapu
|player|p2|
