|j|☆SpaceMedaFighterX
|j|☆pantalonescondidos
|t:|1760376451
|gametype|singles
|player|p1|SpaceMedaFighterX|tabitha-gen3|1770
|player|p2|pantalonescondidos|2|1663
|gen|9
|tier|[Gen 9] OU
|rated|
|rule|HP Percentage Mod: HP is shown in percentages
|rule|Endless Battle Clause: Forcing endless battles is banned
|rule|Species Clause: Limit one of each Pokémon
|rule|OHKO Clause: OHKO moves are banned
|rule|Evasion Items Clause: Evasion items are banned
|rule|Evasion Moves Clause: Evasion moves are banned
|rule|Evasion Abilities Clause: Evasion abilities are banned
|rule|Sleep Moves Clause: Sleep-inducing moves are banned
|clearpoke
|poke|p1|Iron Moth|
|poke|p1|Dudunsparce-*, M|
|poke|p1|Lokix, M|
|poke|p1|Thundurus-Therian, M|
|poke|p1|Alomomola, M|
|poke|p1|Great Tusk|
|poke|p2|Sylveon, F|
|poke|p2|Slowking-Galar, F|
|poke|p2|Toxapex, F|
|poke|p2|Great Tusk|
|poke|p2|Kingambit, F|
|poke|p2|Rotom-Heat|
|teampreview
|inactive|Battle timer is ON: inactive players will automatically lose when time's up. (requested by pantalonescondidos)
|inactive|SpaceMedaFighterX has 120 seconds left.
|inactive|SpaceMedaFighterX has 90 seconds left.
|inactive|SpaceMedaFighterX has 60 seconds left.
|inactive|SpaceMedaFighterX has 30 seconds left.
|
|t:|1760376578
|teamsize|p1|6
|teamsize|p2|6
|start
|switch|p1a: Lokix|Lokix, M|100/100
|switch|p2a: Rotom|Rotom-Heat, shiny|100/100
|turn|1
|inactive|SpaceMedaFighterX has 90 seconds left.
|
|t:|1760376586
|switch|p1a: Alomomola|Alomomola, M|100/100
|move|p2a: Rotom|Overheat|p1a: Alomomola
|-resisted|p1a: Alomomola
|-damage|p1a: Alomomola|85/100
|-unboost|p2a: Rotom|spa|2
|
|upkeep
|turn|2
|
|t:|1760376592
|switch|p2a: Slowking|Slowking-Galar, F, shiny|100/100
|switch|p1a: Thundurus|Thundurus-Therian, M|100/100
|
|upkeep
|turn|3
|
|t:|1760376595
|move|p1a: Thundurus|Volt Switch|p2a: Slowking
|-damage|p2a: Slowking|84/100
|
|t:|1760376600
|switch|p1a: Alomomola|Alomomola, M|100/100|[from] Volt Switch
|move|p2a: Slowking|Future Sight|p1a: Alomomola
|-start|p2a: Slowking|move: Future Sight
|
|upkeep
|turn|4
|
|t:|1760376608
|move|p2a: Slowking|Sludge Bomb|p1a: Alomomola
|-damage|p1a: Alomomola|81/100
|move|p1a: Alomomola|Mirror Coat|p2a: Slowking
|-damage|p2a: Slowking|38/100
|
|upkeep
|turn|5
|
|t:|1760376616
|switch|p2a: Sylveon|Sylveon, F, shiny|100/100
|move|p1a: Alomomola|Flip Turn|p2a: Sylveon
|-damage|p2a: Sylveon|81/100
|
|t:|1760376619
|switch|p1a: Lokix|Lokix, M|100/100|[from] Flip Turn
|
|-end|p1a: Lokix|move: Future Sight
|-immune|p1a: Lokix
|-heal|p2a: Sylveon|87/100|[from] item: Leftovers
|upkeep
|turn|6
|
|t:|1760376626
|move|p2a: Sylveon|Protect|p2a: Sylveon
|-singleturn|p2a: Sylveon|Protect
|move|p1a: Lokix|U-turn|p2a: Sylveon
|-activate|p2a: Sylveon|move: Protect
|
|-heal|p2a: Sylveon|93/100|[from] item: Leftovers
|upkeep
|turn|7
|
|t:|1760376630
|switch|p2a: Toxapex|Toxapex, F|100/100
|move|p1a: Lokix|U-turn|p2a: Toxapex
|-resisted|p2a: Toxapex
|-damage|p2a: Toxapex|68/100
|-damage|p1a: Lokix|84/100|[from] item: Rocky Helmet|[of] p2a: Toxapex
|
|t:|1760376642
|switch|p1a: Dudunsparce|Dudunsparce, M|100/100|[from] U-turn
|
|upkeep
|turn|8
|
|t:|1760376646
|move|p1a: Dudunsparce|Stealth Rock|p2a: Toxapex
|-sidestart|p2: pantalonescondidos|move: Stealth Rock
|move|p2a: Toxapex|Toxic|p1a: Dudunsparce
|-status|p1a: Dudunsparce|tox
|
|-damage|p1a: Dudunsparce|94/100 tox|[from] psn
|upkeep
|turn|9
|
|t:|1760376651
|move|p2a: Toxapex|Baneful Bunker|p2a: Toxapex
|-singleturn|p2a: Toxapex|move: Protect
|move|p1a: Dudunsparce|Boomburst|p2a: Toxapex
|-activate|p2a: Toxapex|move: Protect
|
|-damage|p1a: Dudunsparce|82/100 tox|[from] psn
|upkeep
|turn|10
|
|t:|1760376656
|switch|p2a: Slowking|Slowking-Galar, F, shiny|71/100
|-damage|p2a: Slowking|59/100|[from] Stealth Rock
|move|p1a: Dudunsparce|Glare|p2a: Slowking
|-status|p2a: Slowking|par
|
|-damage|p1a: Dudunsparce|64/100 tox|[from] psn
|upkeep
|turn|11
|
|t:|1760376665
|switch|p1a: Lokix|Lokix, M|84/100
|move|p2a: Slowking|Future Sight|p1a: Lokix
|-start|p2a: Slowking|move: Future Sight
|
|upkeep
|turn|12
|
|t:|1760376673
|switch|p2a: Toxapex|Toxapex, F|100/100
|-damage|p2a: Toxapex|88/100|[from] Stealth Rock
|move|p1a: Lokix|Knock Off|p2a: Toxapex
|-damage|p2a: Toxapex|45/100
|-damage|p1a: Lokix|67/100|[from] item: Rocky Helmet|[of] p2a: Toxapex
|-enditem|p2a: Toxapex|Rocky Helmet|[from] move: Knock Off|[of] p1a: Lokix
|
|upkeep
|turn|13
|
|t:|1760376681
|switch|p1a: Alomomola|Alomomola, M|100/100
|move|p2a: Toxapex|Toxic|p1a: Alomomola
|-status|p1a: Alomomola|tox
|
|-end|p1a: Alomomola|move: Future Sight
|-damage|p1a: Alomomola|77/100 tox
|-damage|p1a: Alomomola|70/100 tox|[from] psn
|upkeep
|turn|14
|
|t:|1760376699
|switch|p1a: Thundurus|Thundurus-Therian, M|100/100
|move|p2a: Toxapex|Recover|p2a: Toxapex
|-heal|p2a: Toxapex|95/100
|
|upkeep
|turn|15
|
|t:|1760376721
|switch|p2a: Slowking|Slowking-Galar, F, shiny|92/100 par
|-damage|p2a: Slowking|80/100 par|[from] Stealth Rock
|move|p1a: Thundurus|Volt Switch|p2a: Slowking
|-crit|p2a: Slowking
|-damage|p2a: Slowking|55/100 par
|
|t:|1760376729
|switch|p1a: Lokix|Lokix, M|67/100|[from] Volt Switch
|
|upkeep
|turn|16
|
|t:|1760376734
|switch|p2a: Toxapex|Toxapex, F|100/100
|-damage|p2a: Toxapex|88/100|[from] Stealth Rock
|-terastallize|p1a: Lokix|Bug
|move|p1a: Lokix|Leech Life|p2a: Toxapex
|-resisted|p2a: Toxapex
|-damage|p2a: Toxapex|37/100
|-heal|p1a: Lokix|94/100|[from] drain|[of] p2a: Toxapex
|
|upkeep
|turn|17
|
|t:|1760376737
|move|p2a: Toxapex|Baneful Bunker|p2a: Toxapex
|-singleturn|p2a: Toxapex|move: Protect
|move|p1a: Lokix|Leech Life|p2a: Toxapex
|-activate|p2a: Toxapex|move: Protect
|-status|p1a: Lokix|psn
|
|-damage|p1a: Lokix|82/100 psn|[from] psn
|upkeep
|turn|18
|
|t:|1760376744
|switch|p2a: Great Tusk|Great Tusk|100/100
|move|p1a: Lokix|Leech Life|p2a: Great Tusk
|-resisted|p2a: Great Tusk
|-damage|p2a: Great Tusk|46/100
|-heal|p1a: Lokix|100/100 psn|[from] drain|[of] p2a: Great Tusk
|
|-damage|p1a: Lokix|88/100 psn|[from] psn
|upkeep
|turn|19
|
|t:|1760376752
|-end|p2a: Great Tusk|Protosynthesis|[silent]
|switch|p2a: Rotom|Rotom-Heat, shiny|100/100
|-damage|p2a: Rotom|76/100|[from] Stealth Rock
|move|p1a: Lokix|Leech Life|p2a: Rotom
|-resisted|p2a: Rotom
|-damage|p2a: Rotom|0 fnt
|-heal|p1a: Lokix|100/100 psn|[from] drain|[of] p2a: Rotom
|faint|p2a: Rotom
|
|-damage|p1a: Lokix|88/100 psn|[from] psn
|upkeep
|
|t:|1760376759
|switch|p2a: Toxapex|Toxapex, F|71/100
|-damage|p2a: Toxapex|58/100|[from] Stealth Rock
|turn|20
|
|t:|1760376762
|move|p2a: Toxapex|Baneful Bunker|p2a: Toxapex
|-singleturn|p2a: Toxapex|move: Protect
|move|p1a: Lokix|Leech Life|p2a: Toxapex
|-activate|p2a: Toxapex|move: Protect
|
|-damage|p1a: Lokix|76/100 psn|[from] psn
|upkeep
|turn|21
|
|t:|1760376764
|move|p1a: Lokix|Leech Life|p2a: Toxapex
|-resisted|p2a: Toxapex
|-damage|p2a: Toxapex|11/100
|-heal|p1a: Lokix|100/100 psn|[from] drain|[of] p2a: Toxapex
|move|p2a: Toxapex|Recover|p2a: Toxapex
|-heal|p2a: Toxapex|61/100
|
|-damage|p1a: Lokix|88/100 psn|[from] psn
|upkeep
|turn|22
|
|t:|1760376772
|move|p1a: Lokix|Leech Life|p2a: Toxapex
|-resisted|p2a: Toxapex
|-damage|p2a: Toxapex|15/100
|-heal|p1a: Lokix|100/100 psn|[from] drain|[of] p2a: Toxapex
|move|p2a: Toxapex|Recover|p2a: Toxapex
|-heal|p2a: Toxapex|65/100
|
|-damage|p1a: Lokix|88/100 psn|[from] psn
|upkeep
|turn|23
|
|t:|1760376776
|switch|p1a: Thundurus|Thundurus-Therian, M|100/100
|move|p2a: Toxapex|Baneful Bunker||[still]
|-fail|p2a: Toxapex
|
|upkeep
|turn|24
|
|t:|1760376780
|switch|p2a: Slowking|Slowking-Galar, F, shiny|88/100 par
|-damage|p2a: Slowking|76/100 par|[from] Stealth Rock
|move|p1a: Thundurus|Volt Switch|p2a: Slowking
|-damage|p2a: Slowking|60/100 par
|
|t:|1760376783
|switch|p1a: Lokix|Lokix, M, tera:Bug|88/100 psn|[from] Volt Switch
|
|-damage|p1a: Lokix|76/100 psn|[from] psn
|upkeep
|turn|25
|
|t:|1760376788
|switch|p2a: Toxapex|Toxapex, F|98/100
|-damage|p2a: Toxapex|85/100|[from] Stealth Rock
|move|p1a: Lokix|U-turn|p2a: Toxapex
|-resisted|p2a: Toxapex
|-damage|p2a: Toxapex|47/100
|
|t:|1760376793
|switch|p1a: Thundurus|Thundurus-Therian, M|100/100|[from] U-turn
|
|upkeep
|turn|26
|
|t:|1760376796
|switch|p2a: Great Tusk|Great Tusk|46/100
|move|p1a: Thundurus|Volt Switch|p2a: Great Tusk
|-immune|p2a: Great Tusk
|
|upkeep
|turn|27
|
|t:|1760376802
|-end|p2a: Great Tusk|Protosynthesis|[silent]
|switch|p2a: Slowking|Slowking-Galar, F, shiny|93/100 par
|-damage|p2a: Slowking|80/100 par|[from] Stealth Rock
|move|p1a: Thundurus|Grass Knot|p2a: Slowking
|-resisted|p2a: Slowking
|-damage|p2a: Slowking|74/100 par
|
|upkeep
|turn|28
|
|t:|1760376808
|move|p1a: Thundurus|Volt Switch|p2a: Slowking
|-damage|p2a: Slowking|58/100 par
|
|t:|1760376815
|switch|p1a: Great Tusk|Great Tusk|100/100|[from] Volt Switch
|move|p2a: Slowking|Surf|p1a: Great Tusk
|-supereffective|p1a: Great Tusk
|-damage|p1a: Great Tusk|35/100
|
|upkeep
|turn|29
|
|t:|1760376821
|switch|p2a: Great Tusk|Great Tusk|46/100
|move|p1a: Great Tusk|Earthquake|p2a: Great Tusk
|-damage|p2a: Great Tusk|12/100
|
|upkeep
|turn|30
|
|t:|1760376826
|move|p2a: Great Tusk|Rapid Spin|p1a: Great Tusk
|-damage|p1a: Great Tusk|23/100
|-boost|p2a: Great Tusk|spe|1
|-sideend|p2: pantalonescondidos|Stealth Rock|[from] move: Rapid Spin|[of] p2a: Great Tusk
|move|p1a: Great Tusk|Earthquake|p2a: Great Tusk
|-damage|p2a: Great Tusk|0 fnt
|faint|p2a: Great Tusk
|-end|p2a: Great Tusk|Protosynthesis|[silent]
|
|upkeep
|
|t:|1760376832
|switch|p2a: Toxapex|Toxapex, F|80/100
|turn|31
|
|t:|1760376862
|-end|p1a: Great Tusk|Protosynthesis|[silent]
|switch|p1a: Dudunsparce|Dudunsparce, M|64/100 tox
|move|p2a: Toxapex|Surf|p1a: Dudunsparce
|-damage|p1a: Dudunsparce|42/100 tox
|
|-damage|p1a: Dudunsparce|36/100 tox|[from] psn
|upkeep
|turn|32
|
|t:|1760376879
|switch|p2a: Slowking|Slowking-Galar, F, shiny|91/100 par
|move|p1a: Dudunsparce|Stealth Rock|p2a: Slowking
|-sidestart|p2: pantalonescondidos|move: Stealth Rock
|
|-damage|p1a: Dudunsparce|23/100 tox|[from] psn
|upkeep
|turn|33
|inactive|SpaceMedaFighterX has 120 seconds left.
|
|t:|1760376905
|switch|p1a: Alomomola|Alomomola, M|100/100 tox
|move|p2a: Slowking|Future Sight|p1a: Alomomola
|-start|p2a: Slowking|move: Future Sight
|
|-damage|p1a: Alomomola|94/100 tox|[from] psn
|upkeep
|turn|34
|
|t:|1760376909
|switch|p2a: Sylveon|Sylveon, F, shiny|93/100
|-damage|p2a: Sylveon|81/100|[from] Stealth Rock
|move|p1a: Alomomola|Flip Turn|p2a: Sylveon
|-damage|p2a: Sylveon|61/100
|
|t:|1760376916
|switch|p1a: Iron Moth|Iron Moth|100/100|[from] Flip Turn
|
|-heal|p2a: Sylveon|67/100|[from] item: Leftovers
|upkeep
|turn|35
|
|t:|1760376927
|-end|p1a: Iron Moth|Quark Drive|[silent]
|switch|p1a: Alomomola|Alomomola, M|100/100 tox
|move|p2a: Sylveon|Protect||[still]
|-fail|p2a: Sylveon
|
|-end|p1a: Alomomola|move: Future Sight
|-damage|p1a: Alomomola|74/100 tox
|-heal|p2a: Sylveon|73/100|[from] item: Leftovers
|-damage|p1a: Alomomola|68/100 tox|[from] psn
|upkeep
|turn|36
|
|t:|1760376934
|move|p2a: Sylveon|Wish|p2a: Sylveon
|move|p1a: Alomomola|Flip Turn|p2a: Sylveon
|-damage|p2a: Sylveon|52/100
|
|t:|1760376939
|switch|p1a: Iron Moth|Iron Moth|100/100|[from] Flip Turn
|
|-heal|p2a: Sylveon|58/100|[from] item: Leftovers
|upkeep
|turn|37
|
|t:|1760376944
|move|p2a: Sylveon|Protect|p2a: Sylveon
|-singleturn|p2a: Sylveon|Protect
|move|p1a: Iron Moth|Fiery Dance|p2a: Sylveon
|-activate|p2a: Sylveon|move: Protect
|
|-heal|p2a: Sylveon|100/100|[from] move: Wish|[wisher] Sylveon
|upkeep
|turn|38
|
|t:|1760376952
|switch|p2a: Slowking|Slowking-Galar, F, shiny|100/100 par
|-damage|p2a: Slowking|88/100 par|[from] Stealth Rock
|move|p1a: Iron Moth|U-turn|p2a: Slowking
|-damage|p2a: Slowking|77/100 par
|
|t:|1760376956
|-end|p1a: Iron Moth|Quark Drive|[silent]
|switch|p1a: Lokix|Lokix, M, tera:Bug|76/100 psn|[from] U-turn
|
|-damage|p1a: Lokix|63/100 psn|[from] psn
|upkeep
|turn|39
|
|t:|1760376958
|switch|p2a: Toxapex|Toxapex, F|100/100
|-damage|p2a: Toxapex|88/100|[from] Stealth Rock
|move|p1a: Lokix|Leech Life|p2a: Toxapex
|-resisted|p2a: Toxapex
|-damage|p2a: Toxapex|40/100
|-heal|p1a: Lokix|89/100 psn|[from] drain|[of] p2a: Toxapex
|
|-damage|p1a: Lokix|77/100 psn|[from] psn
|upkeep
|turn|40
|
|t:|1760376963
|move|p2a: Toxapex|Baneful Bunker|p2a: Toxapex
|-singleturn|p2a: Toxapex|move: Protect
|move|p1a: Lokix|Leech Life|p2a: Toxapex
|-activate|p2a: Toxapex|move: Protect
|
|-damage|p1a: Lokix|64/100 psn|[from] psn
|upkeep
|turn|41
|
|t:|1760376965
|switch|p2a: Slowking|Slowking-Galar, F, shiny|100/100 par
|-damage|p2a: Slowking|88/100 par|[from] Stealth Rock
|move|p1a: Lokix|Leech Life|p2a: Slowking
|-damage|p2a: Slowking|8/100 par
|-heal|p1a: Lokix|100/100 psn|[from] drain|[of] p2a: Slowking
|
|-damage|p1a: Lokix|88/100 psn|[from] psn
|upkeep
|turn|42
|
|t:|1760376968
|switch|p2a: Toxapex|Toxapex, F|73/100
|-damage|p2a: Toxapex|61/100|[from] Stealth Rock
|move|p1a: Lokix|Leech Life|p2a: Toxapex
|-resisted|p2a: Toxapex
|-damage|p2a: Toxapex|13/100
|-heal|p1a: Lokix|100/100 psn|[from] drain|[of] p2a: Toxapex
|
|-damage|p1a: Lokix|88/100 psn|[from] psn
|upkeep
|turn|43
|
|t:|1760376971
|switch|p1a: Thundurus|Thundurus-Therian, M|100/100
|move|p2a: Toxapex|Baneful Bunker||[still]
|-fail|p2a: Toxapex
|
|upkeep
|turn|44
|
|t:|1760376977
|switch|p2a: Sylveon|Sylveon, F, shiny|100/100
|-damage|p2a: Sylveon|88/100|[from] Stealth Rock
|move|p1a: Thundurus|Volt Switch|p2a: Sylveon
|-damage|p2a: Sylveon|66/100
|
|t:|1760376983
|switch|p1a: Iron Moth|Iron Moth|100/100|[from] Volt Switch
|
|-heal|p2a: Sylveon|73/100|[from] item: Leftovers
|upkeep
|turn|45
|
|t:|1760376986
|move|p2a: Sylveon|Protect|p2a: Sylveon
|-singleturn|p2a: Sylveon|Protect
|move|p1a: Iron Moth|Fiery Dance|p2a: Sylveon
|-activate|p2a: Sylveon|move: Protect
|
|-heal|p2a: Sylveon|79/100|[from] item: Leftovers
|upkeep
|turn|46
|
|t:|1760376992
|move|p1a: Iron Moth|Fiery Dance|p2a: Sylveon
|-damage|p2a: Sylveon|57/100
|move|p2a: Sylveon|Wish|p2a: Sylveon
|
|-heal|p2a: Sylveon|63/100|[from] item: Leftovers
|upkeep
|turn|47
|
|t:|1760376997
|switch|p2a: Slowking|Slowking-Galar, F, shiny|41/100 par
|-damage|p2a: Slowking|29/100 par|[from] Stealth Rock
|move|p1a: Iron Moth|U-turn|p2a: Slowking
|-damage|p2a: Slowking|18/100 par
|
|t:|1760377000
|-end|p1a: Iron Moth|Quark Drive|[silent]
|switch|p1a: Lokix|Lokix, M, tera:Bug|88/100 psn|[from] U-turn
|
|-heal|p2a: Slowking|68/100 par|[from] move: Wish|[wisher] Sylveon
|-damage|p1a: Lokix|76/100 psn|[from] psn
|upkeep
|turn|48
|-message|pantalonescondidos forfeited.
|
|win|SpaceMedaFighterX
|raw|SpaceMedaFighterX's rating: 1770 &rarr; <strong>1784</strong><br />(+14 for winning)
|raw|pantalonescondidos's rating: 1663 &rarr; <strong>1649</strong><br />(-14 for losing)
|l|☆pantalonescondidos
|player|p2|
|l|☆SpaceMedaFighterX
|player|p1|
