|j|☆qaqkiller
|j|☆M4 lema
|t:|1760358152
|gametype|singles
|player|p1|qaqkiller|maid|1675
|player|p2|M4 lema|bellepa|1727
|gen|9
|tier|[Gen 9] OU
|rated|
|rule|HP Percentage Mod: HP is shown in percentages
|rule|Endless Battle Clause: Forcing endless battles is banned
|rule|Species Clause: Limit one of each Pokémon
|rule|OHKO Clause: OHKO moves are banned
|rule|Evasion Items Clause: Evasion items are banned
|rule|Evasion Moves Clause: Evasion moves are banned
|rule|Evasion Abilities Clause: Evasion abilities are banned
|rule|Sleep Moves Clause: Sleep-inducing moves are banned
|clearpoke
|poke|p1|Zamazenta-*|
|poke|p1|Iron Valiant|
|poke|p1|Sinistcha-Masterpiece|
|poke|p1|Gholdengo|
|poke|p1|Samurott-Hisui, M|
|poke|p1|Landorus-Therian, M|
|poke|p2|Pelipper, F|
|poke|p2|Barraskewda, F|
|poke|p2|Iron Treads|
|poke|p2|Thundurus-Therian, M|
|poke|p2|Iron Crown|
|poke|p2|Dragonite, M|
|teampreview
|inactive|Battle timer is ON: inactive players will automatically lose when time's up. (requested by qaqkiller)
|
|t:|1760358165
|teamsize|p1|6
|teamsize|p2|6
|start
|switch|p1a: Samurott|Samurott-Hisui, M, shiny|100/100
|switch|p2a: Iron Treads|Iron Treads|100/100
|-enditem|p2a: Iron Treads|Booster Energy
|-activate|p2a: Iron Treads|ability: Quark Drive|[fromitem]
|-start|p2a: Iron Treads|quarkdrivespe
|turn|1
|
|t:|1760358181
|move|p2a: Iron Treads|Stealth Rock|p1a: Samurott
|-sidestart|p1: qaqkiller|move: Stealth Rock
|move|p1a: Samurott|Ceaseless Edge|p2a: Iron Treads
|-damage|p2a: Iron Treads|63/100
|-sidestart|p2: M4 lema|Spikes
|
|upkeep
|turn|2
|
|t:|1760358195
|move|p2a: Iron Treads|Rapid Spin|p1a: Samurott
|-damage|p1a: Samurott|87/100
|-boost|p2a: Iron Treads|spe|1
|-sideend|p2: M4 lema|Spikes|[from] move: Rapid Spin|[of] p2a: Iron Treads
|move|p1a: Samurott|Ceaseless Edge|p2a: Iron Treads
|-damage|p2a: Iron Treads|23/100
|-sidestart|p2: M4 lema|Spikes
|
|upkeep
|turn|3
|
|t:|1760358201
|move|p1a: Samurott|Sucker Punch|p2a: Iron Treads
|-damage|p2a: Iron Treads|0 fnt
|faint|p2a: Iron Treads
|-end|p2a: Iron Treads|Quark Drive|[silent]
|
|upkeep
|
|t:|1760358206
|switch|p2a: Thundurus|Thundurus-Therian, M|100/100
|turn|4
|
|t:|1760358210
|-terastallize|p1a: Samurott|Poison
|move|p2a: Thundurus|Thunder|p1a: Samurott|[miss]
|-miss|p2a: Thundurus|p1a: Samurott
|move|p1a: Samurott|Ceaseless Edge|p2a: Thundurus
|-damage|p2a: Thundurus|34/100
|-sidestart|p2: M4 lema|Spikes
|
|upkeep
|turn|5
|
|t:|1760358218
|switch|p2a: Pelipper|Pelipper, F|100/100
|-weather|RainDance|[from] ability: Drizzle|[of] p2a: Pelipper
|move|p1a: Samurott|Sucker Punch||[still]
|-fail|p1a: Samurott
|
|-weather|RainDance|[upkeep]
|upkeep
|turn|6
|
|t:|1760358226
|move|p1a: Samurott|Knock Off|p2a: Pelipper
|-damage|p2a: Pelipper|67/100
|-enditem|p2a: Pelipper|Damp Rock|[from] move: Knock Off|[of] p1a: Samurott
|move|p2a: Pelipper|Surf|p1a: Samurott
|-damage|p1a: Samurott|52/100
|
|-weather|RainDance|[upkeep]
|upkeep
|turn|7
|
|t:|1760358235
|move|p1a: Samurott|Ceaseless Edge|p2a: Pelipper
|-damage|p2a: Pelipper|28/100
|-sidestart|p2: M4 lema|Spikes
|move|p2a: Pelipper|Hurricane|p1a: Samurott
|-damage|p1a: Samurott|27/100
|
|-weather|RainDance|[upkeep]
|upkeep
|turn|8
|
|t:|1760358252
|switch|p2a: Dragonite|Dragonite, M|100/100
|move|p1a: Samurott|Ceaseless Edge|p2a: Dragonite
|-crit|p2a: Dragonite
|-damage|p2a: Dragonite|67/100
|
|-weather|RainDance|[upkeep]
|upkeep
|turn|9
|
|t:|1760358270
|switch|p1a: Iron Valiant|Iron Valiant, shiny|100/100
|-damage|p1a: Iron Valiant|94/100|[from] Stealth Rock
|-enditem|p1a: Iron Valiant|Booster Energy
|-activate|p1a: Iron Valiant|ability: Quark Drive|[fromitem]
|-start|p1a: Iron Valiant|quarkdrivespe
|move|p2a: Dragonite|Extreme Speed|p1a: Iron Valiant
|-damage|p1a: Iron Valiant|40/100
|
|-weather|RainDance|[upkeep]
|upkeep
|turn|10
|
|t:|1760358280
|-end|p1a: Iron Valiant|Quark Drive|[silent]
|switch|p1a: Landorus|Landorus-Therian, M, shiny|100/100
|-damage|p1a: Landorus|88/100|[from] Stealth Rock
|-ability|p1a: Landorus|Intimidate|boost
|-unboost|p2a: Dragonite|atk|1
|move|p2a: Dragonite|Extreme Speed|p1a: Landorus
|-damage|p1a: Landorus|59/100
|-damage|p2a: Dragonite|51/100|[from] item: Rocky Helmet|[of] p1a: Landorus
|
|-weather|RainDance|[upkeep]
|upkeep
|turn|11
|
|t:|1760358300
|switch|p2a: Pelipper|Pelipper, F|28/100
|move|p1a: Landorus|Stealth Rock|p2a: Pelipper
|-sidestart|p2: M4 lema|move: Stealth Rock
|
|-weather|RainDance|[upkeep]
|upkeep
|turn|12
|
|t:|1760358307
|move|p1a: Landorus|Taunt|p2a: Pelipper
|-start|p2a: Pelipper|move: Taunt
|cant|p2a: Pelipper|move: Taunt|Roost
|
|-weather|none
|upkeep
|turn|13
|
|t:|1760358315
|switch|p2a: Thundurus|Thundurus-Therian, M|34/100
|move|p1a: Landorus|U-turn|p2a: Thundurus
|-resisted|p2a: Thundurus
|-damage|p2a: Thundurus|17/100
|
|t:|1760358323
|switch|p1a: Samurott|Samurott-Hisui, M, shiny, tera:Poison|27/100|[from] U-turn
|-damage|p1a: Samurott|14/100|[from] Stealth Rock
|
|upkeep
|turn|14
|
|t:|1760358328
|switch|p2a: Dragonite|Dragonite, M|51/100
|-damage|p2a: Dragonite|26/100|[from] Stealth Rock
|move|p1a: Samurott|Sucker Punch||[still]
|-fail|p1a: Samurott
|
|upkeep
|turn|15
|
|t:|1760358335
|switch|p1a: Landorus|Landorus-Therian, M, shiny|59/100
|-damage|p1a: Landorus|46/100|[from] Stealth Rock
|-ability|p1a: Landorus|Intimidate|boost
|-unboost|p2a: Dragonite|atk|1
|move|p2a: Dragonite|Extreme Speed|p1a: Landorus
|-damage|p1a: Landorus|18/100
|-damage|p2a: Dragonite|9/100|[from] item: Rocky Helmet|[of] p1a: Landorus
|
|upkeep
|turn|16
|
|t:|1760358343
|move|p2a: Dragonite|Extreme Speed|p1a: Landorus
|-damage|p1a: Landorus|0 fnt
|-damage|p2a: Dragonite|0 fnt|[from] item: Rocky Helmet|[of] p1a: Landorus
|faint|p1a: Landorus
|faint|p2a: Dragonite
|
|upkeep
|
|t:|1760358349
|switch|p1a: Iron Valiant|Iron Valiant, shiny|40/100
|switch|p2a: Pelipper|Pelipper, F|28/100
|-damage|p1a: Iron Valiant|34/100|[from] Stealth Rock
|-damage|p2a: Pelipper|3/100|[from] Stealth Rock
|-weather|RainDance|[from] ability: Drizzle|[of] p2a: Pelipper
|turn|17
|
|t:|1760358353
|move|p1a: Iron Valiant|Moonblast|p2a: Pelipper
|-damage|p2a: Pelipper|0 fnt
|faint|p2a: Pelipper
|
|-weather|RainDance|[upkeep]
|upkeep
|
|t:|1760358369
|switch|p2a: Barraskewda|Barraskewda, F|100/100
|-damage|p2a: Barraskewda|76/100|[from] Spikes
|-damage|p2a: Barraskewda|64/100|[from] Stealth Rock
|turn|18
|
|t:|1760358372
|move|p2a: Barraskewda|Flip Turn|p1a: Iron Valiant
|-damage|p1a: Iron Valiant|0 fnt
|faint|p1a: Iron Valiant
|-end|p1a: Iron Valiant|Quark Drive|[silent]
|inactive|M4 lema has 120 seconds left.
|
|t:|1760358421
|switch|p2a: Thundurus|Thundurus-Therian, M|17/100|[from] Flip Turn
|
|-weather|RainDance|[upkeep]
|upkeep
|
|t:|1760358430
|switch|p1a: Zamazenta|Zamazenta, shiny|100/100
|-ability|p1a: Zamazenta|Dauntless Shield|boost
|-boost|p1a: Zamazenta|def|1
|turn|19
|
|t:|1760358438
|move|p1a: Zamazenta|Crunch|p2a: Thundurus
|-damage|p2a: Thundurus|0 fnt
|faint|p2a: Thundurus
|
|-weather|RainDance|[upkeep]
|upkeep
|
|t:|1760358442
|switch|p2a: Barraskewda|Barraskewda, F|64/100
|-damage|p2a: Barraskewda|39/100|[from] Spikes
|-damage|p2a: Barraskewda|27/100|[from] Stealth Rock
|turn|20
|
|t:|1760358448
|move|p2a: Barraskewda|Liquidation|p1a: Zamazenta
|-damage|p1a: Zamazenta|40/100
|move|p1a: Zamazenta|Crunch|p2a: Barraskewda
|-damage|p2a: Barraskewda|0 fnt
|faint|p2a: Barraskewda
|
|-weather|RainDance|[upkeep]
|upkeep
|
|t:|1760358454
|switch|p2a: Iron Crown|Iron Crown|100/100
|-damage|p2a: Iron Crown|76/100|[from] Spikes
|-damage|p2a: Iron Crown|69/100|[from] Stealth Rock
|-enditem|p2a: Iron Crown|Booster Energy
|-activate|p2a: Iron Crown|ability: Quark Drive|[fromitem]
|-start|p2a: Iron Crown|quarkdrivespe
|turn|21
|
|t:|1760358459
|move|p2a: Iron Crown|Tachyon Cutter|p1a: Zamazenta
|-damage|p1a: Zamazenta|20/100
|-damage|p1a: Zamazenta|0 fnt
|faint|p1a: Zamazenta
|-hitcount|p1: Zamazenta|2
|
|-weather|none
|upkeep
|
|t:|1760358467
|switch|p1a: Gholdengo|Gholdengo, shiny|100/100
|-damage|p1a: Gholdengo|94/100|[from] Stealth Rock
|-item|p1a: Gholdengo|Air Balloon
|turn|22
|
|t:|1760358471
|-terastallize|p2a: Iron Crown|Fighting
|move|p2a: Iron Crown|Calm Mind|p2a: Iron Crown
|-boost|p2a: Iron Crown|spa|1
|-boost|p2a: Iron Crown|spd|1
|move|p1a: Gholdengo|Shadow Ball|p2a: Iron Crown
|-damage|p2a: Iron Crown|43/100
|
|upkeep
|turn|23
|
|t:|1760358487
|move|p2a: Iron Crown|Calm Mind|p2a: Iron Crown
|-boost|p2a: Iron Crown|spa|1
|-boost|p2a: Iron Crown|spd|1
|move|p1a: Gholdengo|Make It Rain|p2a: Iron Crown
|-damage|p2a: Iron Crown|12/100
|-unboost|p1a: Gholdengo|spa|1
|
|upkeep
|turn|24
|
|t:|1760358496
|move|p2a: Iron Crown|Calm Mind|p2a: Iron Crown
|-boost|p2a: Iron Crown|spa|1
|-boost|p2a: Iron Crown|spd|1
|move|p1a: Gholdengo|Make It Rain|p2a: Iron Crown
|-damage|p2a: Iron Crown|0 fnt
|-unboost|p1a: Gholdengo|spa|1
|faint|p2a: Iron Crown
|-end|p2a: Iron Crown|Quark Drive|[silent]
|
|win|qaqkiller
|raw|qaqkiller's rating: 1675 &rarr; <strong>1698</strong><br />(+23 for winning)
|raw|M4 lema's rating: 1727 &rarr; <strong>1704</strong><br />(-23 for losing)
|l|☆qaqkiller
|player|p1|
|l|☆M4 lema
|player|p2|
