|j|☆Destro303
|j|‽xen769
|t:|1760328102
|gametype|singles
|player|p1|Destro303|grimsley|1487
|player|p2|xen769|medium|1478
|gen|9
|tier|[Gen 9] OU
|rated|
|rule|HP Percentage Mod: HP is shown in percentages
|rule|Endless Battle Clause: Forcing endless battles is banned
|rule|Species Clause: Limit one of each Pokémon
|rule|OHKO Clause: OHKO moves are banned
|rule|Evasion Items Clause: Evasion items are banned
|rule|Evasion Moves Clause: Evasion moves are banned
|rule|Evasion Abilities Clause: Evasion abilities are banned
|rule|Sleep Moves Clause: Sleep-inducing moves are banned
|clearpoke
|poke|p1|Great Tusk|
|poke|p1|Slowking-Galar, M|
|poke|p1|Corviknight, M|
|poke|p1|Cinderace, M|
|poke|p1|Raging Bolt|
|poke|p1|Meowscarada, M|
|poke|p2|Torkoal, M|
|poke|p2|Walking Wake|
|poke|p2|Cresselia, F|
|poke|p2|Great Tusk|
|poke|p2|Venusaur, M|
|poke|p2|Sandy Shocks|
|teampreview
|inactive|Battle timer is ON: inactive players will automatically lose when time's up. (requested by Destro303)
|
|t:|1760328121
|teamsize|p1|6
|teamsize|p2|6
|start
|switch|p1a: Great Tusk|Great Tusk|100/100
|switch|p2a: Sandy Shocks|Sandy Shocks|100/100
|-enditem|p2a: Sandy Shocks|Booster Energy
|-activate|p2a: Sandy Shocks|ability: Protosynthesis|[fromitem]
|-start|p2a: Sandy Shocks|protosynthesisspe
|turn|1
|
|t:|1760328137
|move|p2a: Sandy Shocks|Earth Power|p1a: Great Tusk
|-damage|p1a: Great Tusk|29/100
|move|p1a: Great Tusk|Rapid Spin|p2a: Sandy Shocks
|-damage|p2a: Sandy Shocks|80/100
|-boost|p1a: Great Tusk|spe|1
|
|upkeep
|turn|2
|
|t:|1760328150
|move|p2a: Sandy Shocks|Flash Cannon|p1a: Great Tusk
|-damage|p1a: Great Tusk|0 fnt
|faint|p1a: Great Tusk
|-end|p1a: Great Tusk|Protosynthesis|[silent]
|
|upkeep
|
|t:|1760328155
|switch|p1a: Meowscarada|Meowscarada, M|100/100
|turn|3
|
|t:|1760328163
|-end|p2a: Sandy Shocks|Protosynthesis|[silent]
|switch|p2a: Torkoal|Torkoal, M|100/100
|-weather|SunnyDay|[from] ability: Drought|[of] p2a: Torkoal
|move|p1a: Meowscarada|Knock Off|p2a: Torkoal
|-start|p1a: Meowscarada|typechange|Dark|[from] ability: Protean
|-damage|p2a: Torkoal|73/100
|-enditem|p2a: Torkoal|Heat Rock|[from] move: Knock Off|[of] p1a: Meowscarada
|
|-weather|SunnyDay|[upkeep]
|upkeep
|turn|4
|
|t:|1760328175
|switch|p1a: Slowking|Slowking-Galar, M|100/100
|move|p2a: Torkoal|Earth Power|p1a: Slowking
|-supereffective|p1a: Slowking
|-damage|p1a: Slowking|75/100
|
|-weather|SunnyDay|[upkeep]
|upkeep
|turn|5
|
|t:|1760328189
|switch|p2a: Sandy Shocks|Sandy Shocks|80/100
|-activate|p2a: Sandy Shocks|ability: Protosynthesis
|-start|p2a: Sandy Shocks|protosynthesisspe
|move|p1a: Slowking|Sludge Bomb|p2a: Sandy Shocks
|-resisted|p2a: Sandy Shocks
|-damage|p2a: Sandy Shocks|59/100
|
|-weather|SunnyDay|[upkeep]
|upkeep
|turn|6
|
|t:|1760328198
|move|p2a: Sandy Shocks|Earth Power|p1a: Slowking
|-supereffective|p1a: Slowking
|-damage|p1a: Slowking|26/100
|move|p1a: Slowking|Ice Beam|p2a: Sandy Shocks
|-supereffective|p2a: Sandy Shocks
|-damage|p2a: Sandy Shocks|3/100
|
|-weather|SunnyDay|[upkeep]
|upkeep
|turn|7
|
|t:|1760328207
|switch|p1a: Corviknight|Corviknight, M|100/100
|-ability|p1a: Corviknight|Pressure
|move|p2a: Sandy Shocks|Earth Power|p1a: Corviknight
|-immune|p1a: Corviknight
|
|-weather|SunnyDay|[upkeep]
|upkeep
|turn|8
|
|t:|1760328216
|move|p2a: Sandy Shocks|Volt Switch|p1a: Corviknight
|-supereffective|p1a: Corviknight
|-damage|p1a: Corviknight|38/100
|
|t:|1760328226
|-end|p2a: Sandy Shocks|Protosynthesis|[silent]
|switch|p2a: Walking Wake|Walking Wake|100/100|[from] Volt Switch
|-activate|p2a: Walking Wake|ability: Protosynthesis
|-start|p2a: Walking Wake|protosynthesisspa
|move|p1a: Corviknight|U-turn|p2a: Walking Wake
|-damage|p2a: Walking Wake|84/100
|
|t:|1760328240
|switch|p1a: Raging Bolt|Raging Bolt|100/100|[from] U-turn
|-activate|p1a: Raging Bolt|ability: Protosynthesis
|-start|p1a: Raging Bolt|protosynthesisspa
|
|-weather|SunnyDay|[upkeep]
|upkeep
|turn|9
|
|t:|1760328256
|move|p1a: Raging Bolt|Thunderclap|p2a: Walking Wake
|-damage|p2a: Walking Wake|0 fnt
|faint|p2a: Walking Wake
|-end|p2a: Walking Wake|Protosynthesis|[silent]
|
|-weather|SunnyDay|[upkeep]
|upkeep
|
|t:|1760328259
|switch|p2a: Sandy Shocks|Sandy Shocks|3/100
|-activate|p2a: Sandy Shocks|ability: Protosynthesis
|-start|p2a: Sandy Shocks|protosynthesisspe
|turn|10
|
|t:|1760328269
|-end|p1a: Raging Bolt|Protosynthesis|[silent]
|switch|p1a: Corviknight|Corviknight, M|38/100
|-ability|p1a: Corviknight|Pressure
|move|p2a: Sandy Shocks|Earth Power|p1a: Corviknight
|-immune|p1a: Corviknight
|
|-weather|none
|-end|p2a: Sandy Shocks|Protosynthesis
|upkeep
|turn|11
|
|t:|1760328283
|switch|p1a: Meowscarada|Meowscarada, M|100/100
|move|p2a: Sandy Shocks|Volt Switch|p1a: Meowscarada
|-resisted|p1a: Meowscarada
|-crit|p1a: Meowscarada
|-damage|p1a: Meowscarada|64/100
|
|t:|1760328286
|-end|p2a: Sandy Shocks|Protosynthesis|[silent]
|switch|p2a: Torkoal|Torkoal, M|73/100|[from] Volt Switch
|-weather|SunnyDay|[from] ability: Drought|[of] p2a: Torkoal
|
|-weather|SunnyDay|[upkeep]
|upkeep
|turn|12
|
|t:|1760328300
|move|p1a: Meowscarada|Knock Off|p2a: Torkoal
|-start|p1a: Meowscarada|typechange|Dark|[from] ability: Protean
|-damage|p2a: Torkoal|51/100
|move|p2a: Torkoal|Stealth Rock|p1a: Meowscarada
|-sidestart|p1: Destro303|move: Stealth Rock
|
|-weather|SunnyDay|[upkeep]
|upkeep
|turn|13
|inactive|xen769 has 120 seconds left.
|
|t:|1760328356
|switch|p1a: Corviknight|Corviknight, M|38/100
|-damage|p1a: Corviknight|26/100|[from] Stealth Rock
|-ability|p1a: Corviknight|Pressure
|move|p2a: Torkoal|Overheat|p1a: Corviknight
|-supereffective|p1a: Corviknight
|-damage|p1a: Corviknight|0 fnt
|-unboost|p2a: Torkoal|spa|2
|faint|p1a: Corviknight
|
|-weather|SunnyDay|[upkeep]
|upkeep
|
|t:|1760328369
|switch|p1a: Cinderace|Cinderace, M|100/100
|turn|14
|
|t:|1760328388
|switch|p2a: Sandy Shocks|Sandy Shocks|3/100
|-activate|p2a: Sandy Shocks|ability: Protosynthesis
|-start|p2a: Sandy Shocks|protosynthesisspe
|move|p1a: Cinderace|Pyro Ball|p2a: Sandy Shocks
|-damage|p2a: Sandy Shocks|0 fnt
|faint|p2a: Sandy Shocks
|-end|p2a: Sandy Shocks|Protosynthesis|[silent]
|
|-weather|SunnyDay|[upkeep]
|upkeep
|inactive|xen769 has 90 seconds left.
|
|t:|1760328403
|switch|p2a: Cresselia|Cresselia, F|100/100
|turn|15
|
|t:|1760328406
|move|p1a: Cinderace|Pyro Ball|p2a: Cresselia|[miss]
|-miss|p1a: Cinderace|p2a: Cresselia
|move|p2a: Cresselia|Calm Mind|p2a: Cresselia
|-boost|p2a: Cresselia|spa|1
|-boost|p2a: Cresselia|spd|1
|
|-weather|none
|upkeep
|turn|16
|
|t:|1760328414
|move|p1a: Cinderace|Pyro Ball|p2a: Cresselia
|-damage|p2a: Cresselia|66/100
|move|p2a: Cresselia|Calm Mind|p2a: Cresselia
|-boost|p2a: Cresselia|spa|1
|-boost|p2a: Cresselia|spd|1
|
|upkeep
|turn|17
|
|t:|1760328421
|move|p1a: Cinderace|U-turn|p2a: Cresselia
|-start|p1a: Cinderace|typechange|Bug|[from] ability: Libero
|-supereffective|p2a: Cresselia
|-damage|p2a: Cresselia|20/100
|-enditem|p2a: Cresselia|Weakness Policy
|-boost|p2a: Cresselia|atk|2|[from] item: Weakness Policy
|-boost|p2a: Cresselia|spa|2|[from] item: Weakness Policy
|
|t:|1760328427
|switch|p1a: Meowscarada|Meowscarada, M|64/100|[from] U-turn
|-damage|p1a: Meowscarada|52/100|[from] Stealth Rock
|move|p2a: Cresselia|Moonlight|p2a: Cresselia
|-heal|p2a: Cresselia|70/100
|
|upkeep
|turn|18
|inactive|xen769 has 120 seconds left.
|
|t:|1760328440
|move|p1a: Meowscarada|U-turn|p2a: Cresselia
|-start|p1a: Meowscarada|typechange|Bug|[from] ability: Protean
|-supereffective|p2a: Cresselia
|-damage|p2a: Cresselia|30/100
|
|t:|1760328445
|switch|p1a: Slowking|Slowking-Galar, M|59/100|[from] U-turn
|-damage|p1a: Slowking|47/100|[from] Stealth Rock
|move|p2a: Cresselia|Moonblast|p1a: Slowking
|-resisted|p1a: Slowking
|-damage|p1a: Slowking|32/100
|
|upkeep
|turn|19
|
|t:|1760328453
|move|p2a: Cresselia|Moonlight|p2a: Cresselia
|-heal|p2a: Cresselia|80/100
|move|p1a: Slowking|Sludge Bomb|p2a: Cresselia
|-crit|p2a: Cresselia
|-damage|p2a: Cresselia|46/100
|-status|p2a: Cresselia|psn
|
|-damage|p2a: Cresselia|34/100 psn|[from] psn
|upkeep
|turn|20
|
|t:|1760328464
|move|p2a: Cresselia|Moonlight|p2a: Cresselia
|-heal|p2a: Cresselia|84/100 psn
|move|p1a: Slowking|Psyshock|p2a: Cresselia
|-resisted|p2a: Cresselia
|-damage|p2a: Cresselia|74/100 psn
|
|-damage|p2a: Cresselia|62/100 psn|[from] psn
|upkeep
|turn|21
|
|t:|1760328483
|switch|p1a: Meowscarada|Meowscarada, M|52/100
|-damage|p1a: Meowscarada|40/100|[from] Stealth Rock
|-terastallize|p2a: Cresselia|Poison
|move|p2a: Cresselia|Moonlight|p2a: Cresselia
|-heal|p2a: Cresselia|100/100 psn
|
|-damage|p2a: Cresselia|88/100 psn|[from] psn
|upkeep
|turn|22
|
|t:|1760328504
|move|p1a: Meowscarada|Trick|p2a: Cresselia
|-start|p1a: Meowscarada|typechange|Psychic|[from] ability: Protean
|-activate|p1a: Meowscarada|move: Trick|[of] p2a: Cresselia
|-item|p2a: Cresselia|Choice Scarf|[from] move: Trick
|-enditem|p1a: Meowscarada|Choice Scarf|[silent]|[from] move: Trick
|move|p2a: Cresselia|Moonblast|p1a: Meowscarada
|-damage|p1a: Meowscarada|0 fnt
|faint|p1a: Meowscarada
|
|-damage|p2a: Cresselia|76/100 psn|[from] psn
|upkeep
|inactive|Destro303 has 120 seconds left.
|
|t:|1760328516
|switch|p1a: Slowking|Slowking-Galar, M|65/100
|-damage|p1a: Slowking|52/100|[from] Stealth Rock
|turn|23
|
|t:|1760328520
|move|p2a: Cresselia|Moonblast|p1a: Slowking
|-resisted|p1a: Slowking
|-damage|p1a: Slowking|36/100
|-unboost|p1a: Slowking|spa|1
|move|p1a: Slowking|Psyshock|p2a: Cresselia
|-supereffective|p2a: Cresselia
|-damage|p2a: Cresselia|51/100 psn
|
|-damage|p2a: Cresselia|39/100 psn|[from] psn
|upkeep
|turn|24
|
|t:|1760328530
|switch|p2a: Torkoal|Torkoal, M|51/100
|-weather|SunnyDay|[from] ability: Drought|[of] p2a: Torkoal
|move|p1a: Slowking|Psyshock|p2a: Torkoal
|-damage|p2a: Torkoal|37/100
|
|-weather|SunnyDay|[upkeep]
|upkeep
|turn|25
|
|t:|1760328539
|move|p1a: Slowking|Sludge Bomb|p2a: Torkoal
|-damage|p2a: Torkoal|7/100
|-status|p2a: Torkoal|psn
|move|p2a: Torkoal|Earth Power|p1a: Slowking
|-supereffective|p1a: Slowking
|-damage|p1a: Slowking|11/100
|
|-weather|SunnyDay|[upkeep]
|-damage|p2a: Torkoal|0 fnt|[from] psn
|faint|p2a: Torkoal
|upkeep
|
|t:|1760328547
|switch|p2a: Great Tusk|Great Tusk|100/100
|-activate|p2a: Great Tusk|ability: Protosynthesis
|-start|p2a: Great Tusk|protosynthesisatk
|turn|26
|
|t:|1760328555
|move|p2a: Great Tusk|Rapid Spin|p1a: Slowking
|-damage|p1a: Slowking|0 fnt
|-boost|p2a: Great Tusk|spe|1
|faint|p1a: Slowking
|
|-weather|SunnyDay|[upkeep]
|upkeep
|
|t:|1760328563
|switch|p1a: Raging Bolt|Raging Bolt|100/100
|-damage|p1a: Raging Bolt|88/100|[from] Stealth Rock
|-activate|p1a: Raging Bolt|ability: Protosynthesis
|-start|p1a: Raging Bolt|protosynthesisspa
|turn|27
|
|t:|1760328580
|-terastallize|p1a: Raging Bolt|Fairy
|move|p2a: Great Tusk|Headlong Rush|p1a: Raging Bolt
|-crit|p1a: Raging Bolt
|-damage|p1a: Raging Bolt|0 fnt
|-unboost|p2a: Great Tusk|def|1
|-unboost|p2a: Great Tusk|spd|1
|faint|p1a: Raging Bolt
|-end|p1a: Raging Bolt|Protosynthesis|[silent]
|
|-weather|SunnyDay|[upkeep]
|upkeep
|
|t:|1760328590
|switch|p1a: Cinderace|Cinderace, M|100/100
|turn|28
|
|t:|1760328607
|move|p2a: Great Tusk|Headlong Rush|p1a: Cinderace
|-supereffective|p1a: Cinderace
|-damage|p1a: Cinderace|0 fnt
|-unboost|p2a: Great Tusk|def|1
|-unboost|p2a: Great Tusk|spd|1
|faint|p1a: Cinderace
|
|win|xen769
|raw|Destro303's rating: 1487 &rarr; <strong>1465</strong><br />(-22 for losing)
|raw|xen769's rating: 1457 &rarr; <strong>1479</strong><br />(+22 for winning)
|l|☆Destro303
|player|p1|
|n|☆xen769|xen769
|l|☆xen769
|player|p2|
