|j|☆synergies
|j|☆Mr.Vcard
|t:|1760396518
|gametype|singles
|player|p1|synergies|dancer|1572
|player|p2|Mr.Vcard|101|1601
|gen|9
|tier|[Gen 9] OU
|rated|
|rule|HP Percentage Mod: HP is shown in percentages
|rule|Endless Battle Clause: Forcing endless battles is banned
|rule|Species Clause: Limit one of each Pokémon
|rule|OHKO Clause: OHKO moves are banned
|rule|Evasion Items Clause: Evasion items are banned
|rule|Evasion Moves Clause: Evasion moves are banned
|rule|Evasion Abilities Clause: Evasion abilities are banned
|rule|Sleep Moves Clause: Sleep-inducing moves are banned
|clearpoke
|poke|p1|Iron Treads|
|poke|p1|Tornadus-Therian, M|
|poke|p1|Samurott-Hisui, F|
|poke|p1|Heatran, M|
|poke|p1|Pecharunt|
|poke|p1|Raging Bolt|
|poke|p2|Landorus-Therian, M|
|poke|p2|Sinistcha|
|poke|p2|Tinkaton, F|
|poke|p2|Moltres|
|poke|p2|Samurott-Hisui, M|
|poke|p2|Hydreigon, M|
|teampreview
|
|t:|1760396537
|teamsize|p1|6
|teamsize|p2|6
|start
|switch|p1a: Samurott|Samurott-Hisui, F|100/100
|switch|p2a: Enten|Landorus-Therian, M, shiny|100/100
|-ability|p2a: Enten|Intimidate|boost
|-unboost|p1a: Samurott|atk|1
|turn|1
|
|t:|1760396541
|move|p2a: Enten|U-turn|p1a: Samurott
|-supereffective|p1a: Samurott
|-damage|p1a: Samurott|33/100
|
|t:|1760396544
|switch|p2a: Smile.exe|Tinkaton, F, shiny|100/100|[from] U-turn
|-item|p2a: Smile.exe|Air Balloon
|move|p1a: Samurott|Ceaseless Edge|p2a: Smile.exe
|-resisted|p2a: Smile.exe
|-damage|p2a: Smile.exe|79/100
|-enditem|p2a: Smile.exe|Air Balloon
|-sidestart|p2: Mr.Vcard|Spikes
|-enditem|p1a: Samurott|Assault Vest|[silent]|[from] ability: Pickpocket|[of] p1a: Samurott
|-item|p2a: Smile.exe|Assault Vest|[from] ability: Pickpocket|[of] p1a: Samurott
|
|upkeep
|turn|2
|
|t:|1760396550
|switch|p1a: Iron Treads|Iron Treads|100/100
|move|p2a: Smile.exe|Gigaton Hammer|p1a: Iron Treads
|-resisted|p1a: Iron Treads
|-damage|p1a: Iron Treads|80/100
|
|upkeep
|turn|3
|
|t:|1760396557
|switch|p2a: Enten|Landorus-Therian, M, shiny|100/100
|-ability|p2a: Enten|Intimidate|boost
|-unboost|p1a: Iron Treads|atk|1
|move|p1a: Iron Treads|Earthquake|p2a: Enten
|-immune|p2a: Enten
|
|upkeep
|turn|4
|
|t:|1760396564
|move|p2a: Enten|U-turn|p1a: Iron Treads
|-resisted|p1a: Iron Treads
|-damage|p1a: Iron Treads|70/100
|
|t:|1760396570
|switch|p2a: Jack Sparrow|Samurott-Hisui, M, shiny|100/100|[from] U-turn
|move|p1a: Iron Treads|Ice Spinner|p2a: Jack Sparrow
|-resisted|p2a: Jack Sparrow
|-damage|p2a: Jack Sparrow|91/100
|
|upkeep
|turn|5
|
|t:|1760396582
|-end|p1a: Iron Treads|Quark Drive|[silent]
|switch|p1a: Tornadus|Tornadus-Therian, M|100/100
|move|p2a: Jack Sparrow|Ceaseless Edge|p1a: Tornadus
|-damage|p1a: Tornadus|33/100
|-sidestart|p1: synergies|Spikes
|
|upkeep
|turn|6
|
|t:|1760396615
|switch|p1a: Raging Bolt|Raging Bolt|100/100
|-damage|p1a: Raging Bolt|88/100|[from] Spikes
|move|p2a: Jack Sparrow|Sucker Punch||[still]
|-fail|p2a: Jack Sparrow
|
|-heal|p1a: Raging Bolt|94/100|[from] item: Leftovers
|upkeep
|turn|7
|
|t:|1760396623
|switch|p2a: Smile.exe|Tinkaton, F, shiny|79/100
|-damage|p2a: Smile.exe|67/100|[from] Spikes
|move|p1a: Raging Bolt|Dragon Pulse|p2a: Smile.exe
|-immune|p2a: Smile.exe
|
|-heal|p1a: Raging Bolt|100/100|[from] item: Leftovers
|upkeep
|turn|8
|
|t:|1760396630
|-end|p1a: Raging Bolt|Protosynthesis|[silent]
|switch|p1a: Heatran|Heatran, M|100/100
|-damage|p1a: Heatran|88/100|[from] Spikes
|move|p2a: Smile.exe|Ice Hammer|p1a: Heatran
|-resisted|p1a: Heatran
|-damage|p1a: Heatran|83/100
|-unboost|p2a: Smile.exe|spe|1
|-status|p2a: Smile.exe|brn|[from] ability: Flame Body|[of] p1a: Heatran
|
|-heal|p1a: Heatran|90/100|[from] item: Leftovers
|-damage|p2a: Smile.exe|61/100 brn|[from] brn
|upkeep
|turn|9
|
|t:|1760396638
|switch|p2a: Phoenix|Moltres, shiny|100/100
|move|p1a: Heatran|Stealth Rock|p2a: Phoenix
|-sidestart|p2: Mr.Vcard|move: Stealth Rock
|
|-heal|p1a: Heatran|96/100|[from] item: Leftovers
|upkeep
|turn|10
|
|t:|1760396649
|switch|p1a: Raging Bolt|Raging Bolt|100/100
|-damage|p1a: Raging Bolt|88/100|[from] Spikes
|move|p2a: Phoenix|Scorching Sands|p1a: Raging Bolt
|-supereffective|p1a: Raging Bolt
|-damage|p1a: Raging Bolt|54/100
|
|-heal|p1a: Raging Bolt|60/100|[from] item: Leftovers
|upkeep
|turn|11
|
|t:|1760396663
|switch|p2a: Smile.exe|Tinkaton, F, shiny|61/100 brn
|-damage|p2a: Smile.exe|49/100 brn|[from] Spikes
|-damage|p2a: Smile.exe|43/100 brn|[from] Stealth Rock
|move|p1a: Raging Bolt|Thunderbolt|p2a: Smile.exe
|-crit|p2a: Smile.exe
|-damage|p2a: Smile.exe|0 fnt
|faint|p2a: Smile.exe
|
|-heal|p1a: Raging Bolt|66/100|[from] item: Leftovers
|upkeep
|
|t:|1760396667
|switch|p2a: Enten|Landorus-Therian, M, shiny|100/100
|-damage|p2a: Enten|88/100|[from] Stealth Rock
|-ability|p2a: Enten|Intimidate|boost
|-unboost|p1a: Raging Bolt|atk|1
|turn|12
|
|t:|1760396677
|-end|p1a: Raging Bolt|Protosynthesis|[silent]
|switch|p1a: Tornadus|Tornadus-Therian, M|66/100
|move|p2a: Enten|U-turn|p1a: Tornadus
|-resisted|p1a: Tornadus
|-damage|p1a: Tornadus|49/100
|
|t:|1760396684
|switch|p2a: Jack Sparrow|Samurott-Hisui, M, shiny|91/100|[from] U-turn
|
|upkeep
|turn|13
|
|t:|1760396705
|move|p1a: Tornadus|Focus Blast|p2a: Jack Sparrow
|-supereffective|p2a: Jack Sparrow
|-damage|p2a: Jack Sparrow|0 fnt
|faint|p2a: Jack Sparrow
|-damage|p1a: Tornadus|39/100|[from] item: Life Orb
|
|upkeep
|
|t:|1760396729
|switch|p2a: Enten|Landorus-Therian, M, shiny|88/100
|-damage|p2a: Enten|76/100|[from] Stealth Rock
|-ability|p2a: Enten|Intimidate|boost
|-unboost|p1a: Tornadus|atk|1
|turn|14
|
|t:|1760396740
|switch|p1a: Pecharunt|Pecharunt|100/100
|-damage|p1a: Pecharunt|88/100|[from] Spikes
|move|p2a: Enten|Earthquake|p1a: Pecharunt
|-supereffective|p1a: Pecharunt
|-damage|p1a: Pecharunt|34/100
|
|upkeep
|turn|15
|l|☆synergies
|player|p1|
|j|☆synergies
|player|p1|synergies|dancer|
|
|t:|1760396805
|switch|p2a: Phoenix|Moltres, shiny|100/100
|switch|p1a: Tornadus|Tornadus-Therian, M|72/100
|
|upkeep
|turn|16
|
|t:|1760396817
|switch|p1a: Samurott|Samurott-Hisui, F|33/100
|-damage|p1a: Samurott|21/100|[from] Spikes
|move|p2a: Phoenix|Flamethrower|p1a: Samurott
|-resisted|p1a: Samurott
|-damage|p1a: Samurott|0 fnt
|faint|p1a: Samurott
|
|upkeep
|
|t:|1760396827
|switch|p1a: Raging Bolt|Raging Bolt|66/100
|-damage|p1a: Raging Bolt|54/100|[from] Spikes
|turn|17
|
|t:|1760396836
|move|p1a: Raging Bolt|Dragon Pulse|p2a: Phoenix
|-damage|p2a: Phoenix|65/100
|move|p2a: Phoenix|Scorching Sands|p1a: Raging Bolt
|-supereffective|p1a: Raging Bolt
|-damage|p1a: Raging Bolt|17/100
|
|-heal|p1a: Raging Bolt|23/100|[from] item: Leftovers
|upkeep
|turn|18
|
|t:|1760396844
|switch|p2a: Enten|Landorus-Therian, M, shiny|76/100
|-damage|p2a: Enten|64/100|[from] Stealth Rock
|-ability|p2a: Enten|Intimidate|boost
|-unboost|p1a: Raging Bolt|atk|1
|move|p1a: Raging Bolt|Thunderbolt|p2a: Enten
|-immune|p2a: Enten
|
|-heal|p1a: Raging Bolt|29/100|[from] item: Leftovers
|upkeep
|turn|19
|
|t:|1760396859
|-end|p1a: Raging Bolt|Protosynthesis|[silent]
|switch|p1a: Pecharunt|Pecharunt|34/100
|-damage|p1a: Pecharunt|22/100|[from] Spikes
|move|p2a: Enten|Stone Edge|p1a: Pecharunt
|-damage|p1a: Pecharunt|4/100
|
|upkeep
|turn|20
|
|t:|1760396865
|move|p2a: Enten|Stone Edge|p1a: Pecharunt
|-damage|p1a: Pecharunt|0 fnt
|faint|p1a: Pecharunt
|
|upkeep
|
|t:|1760396871
|switch|p1a: Iron Treads|Iron Treads|70/100
|-damage|p1a: Iron Treads|57/100|[from] Spikes
|turn|21
|
|t:|1760396874
|switch|p2a: Sagittarius|Sinistcha, shiny|100/100
|move|p1a: Iron Treads|Rapid Spin|p2a: Sagittarius
|-immune|p2a: Sagittarius
|
|upkeep
|turn|22
|
|t:|1760396878
|move|p1a: Iron Treads|Ice Spinner|p2a: Sagittarius
|-supereffective|p2a: Sagittarius
|-damage|p2a: Sagittarius|66/100
|move|p2a: Sagittarius|Shadow Ball|p1a: Iron Treads
|-damage|p1a: Iron Treads|24/100
|
|upkeep
|turn|23
|
|t:|1760396886
|-end|p1a: Iron Treads|Quark Drive|[silent]
|switch|p1a: Heatran|Heatran, M|96/100
|-damage|p1a: Heatran|83/100|[from] Spikes
|move|p2a: Sagittarius|Strength Sap|p1a: Heatran
|-unboost|p1a: Heatran|atk|1
|-heal|p2a: Sagittarius|100/100
|
|-heal|p1a: Heatran|90/100|[from] item: Leftovers
|upkeep
|turn|24
|
|t:|1760396892
|switch|p2a: Phoenix|Moltres, shiny|65/100
|move|p1a: Heatran|Magma Storm|p2a: Phoenix
|-resisted|p2a: Phoenix
|-damage|p2a: Phoenix|47/100
|-activate|p2a: Phoenix|move: Magma Storm|[of] p1a: Heatran
|
|-heal|p1a: Heatran|96/100|[from] item: Leftovers
|-damage|p2a: Phoenix|35/100|[from] move: Magma Storm|[partiallytrapped]
|upkeep
|turn|25
|
|t:|1760396905
|switch|p1a: Tornadus|Tornadus-Therian, M|100/100
|move|p2a: Phoenix|Roost|p2a: Phoenix
|-heal|p2a: Phoenix|85/100
|-singleturn|p2a: Phoenix|move: Roost
|
|-end|p2a: Phoenix|Magma Storm|[partiallytrapped]|[silent]
|upkeep
|turn|26
|
|t:|1760396911
|move|p1a: Tornadus|Nasty Plot|p1a: Tornadus
|-boost|p1a: Tornadus|spa|2
|move|p2a: Phoenix|Flamethrower|p1a: Tornadus
|-damage|p1a: Tornadus|52/100
|
|upkeep
|turn|27
|
|t:|1760396917
|move|p1a: Tornadus|Bleakwind Storm|p2a: Phoenix
|-damage|p2a: Phoenix|0 fnt
|faint|p2a: Phoenix
|-damage|p1a: Tornadus|42/100|[from] item: Life Orb
|
|upkeep
|
|t:|1760396924
|switch|p2a: Enten|Landorus-Therian, M, shiny|64/100
|-damage|p2a: Enten|52/100|[from] Stealth Rock
|-ability|p2a: Enten|Intimidate|boost
|-unboost|p1a: Tornadus|atk|1
|turn|28
|
|t:|1760396934
|switch|p1a: Iron Treads|Iron Treads|24/100
|-damage|p1a: Iron Treads|12/100|[from] Spikes
|move|p2a: Enten|U-turn|p1a: Iron Treads
|-resisted|p1a: Iron Treads
|-damage|p1a: Iron Treads|2/100
|
|t:|1760396939
|switch|p2a: Sagittarius|Sinistcha, shiny|100/100|[from] U-turn
|
|upkeep
|turn|29
|
|t:|1760396947
|-end|p1a: Iron Treads|Quark Drive|[silent]
|switch|p1a: Heatran|Heatran, M|96/100
|-damage|p1a: Heatran|83/100|[from] Spikes
|move|p2a: Sagittarius|Calm Mind|p2a: Sagittarius
|-boost|p2a: Sagittarius|spa|1
|-boost|p2a: Sagittarius|spd|1
|
|-heal|p1a: Heatran|90/100|[from] item: Leftovers
|upkeep
|turn|30
|
|t:|1760396959
|move|p1a: Heatran|Taunt|p2a: Sagittarius
|-start|p2a: Sagittarius|move: Taunt
|cant|p2a: Sagittarius|move: Taunt|Calm Mind
|
|-heal|p1a: Heatran|96/100|[from] item: Leftovers
|upkeep
|turn|31
|
|t:|1760396964
|move|p1a: Heatran|Magma Storm|p2a: Sagittarius
|-supereffective|p2a: Sagittarius
|-damage|p2a: Sagittarius|63/100
|-activate|p2a: Sagittarius|move: Magma Storm|[of] p1a: Heatran
|move|p2a: Sagittarius|Shadow Ball|p1a: Heatran
|-damage|p1a: Heatran|64/100
|
|-heal|p1a: Heatran|71/100|[from] item: Leftovers
|-damage|p2a: Sagittarius|51/100|[from] move: Magma Storm|[partiallytrapped]
|upkeep
|turn|32
|
|t:|1760396968
|move|p1a: Heatran|Magma Storm|p2a: Sagittarius|[miss]
|-miss|p1a: Heatran|p2a: Sagittarius
|move|p2a: Sagittarius|Shadow Ball|p1a: Heatran
|-damage|p1a: Heatran|35/100
|
|-heal|p1a: Heatran|41/100|[from] item: Leftovers
|-damage|p2a: Sagittarius|38/100|[from] move: Magma Storm|[partiallytrapped]
|-end|p2a: Sagittarius|move: Taunt
|upkeep
|turn|33
|
|t:|1760396974
|move|p1a: Heatran|Magma Storm|p2a: Sagittarius
|-supereffective|p2a: Sagittarius
|-damage|p2a: Sagittarius|4/100
|move|p2a: Sagittarius|Shadow Ball|p1a: Heatran
|-damage|p1a: Heatran|9/100
|
|-heal|p1a: Heatran|15/100|[from] item: Leftovers
|-damage|p2a: Sagittarius|0 fnt|[from] move: Magma Storm|[partiallytrapped]
|faint|p2a: Sagittarius
|upkeep
|
|t:|1760396981
|switch|p2a: Hybrid|Hydreigon, M, shiny|100/100
|-damage|p2a: Hybrid|88/100|[from] Stealth Rock
|turn|34
|
|t:|1760396986
|switch|p1a: Iron Treads|Iron Treads|2/100
|-damage|p1a: Iron Treads|0 fnt|[from] Spikes
|faint|p1a: Iron Treads
|-end|p1a: Iron Treads|Quark Drive|[silent]
|move|p2a: Hybrid|Dark Pulse|p1: Iron Treads|[notarget]
|-fail|p2a: Hybrid
|
|upkeep
|
|t:|1760397001
|switch|p1a: Tornadus|Tornadus-Therian, M|75/100
|turn|35
|
|t:|1760397016
|move|p1a: Tornadus|Focus Blast|p2a: Hybrid
|-supereffective|p2a: Hybrid
|-damage|p2a: Hybrid|0 fnt
|faint|p2a: Hybrid
|-damage|p1a: Tornadus|66/100|[from] item: Life Orb
|
|upkeep
|
|t:|1760397019
|switch|p2a: Enten|Landorus-Therian, M, shiny|52/100
|-damage|p2a: Enten|39/100|[from] Stealth Rock
|-ability|p2a: Enten|Intimidate|boost
|-unboost|p1a: Tornadus|atk|1
|turn|36
|
|t:|1760397027
|switch|p1a: Heatran|Heatran, M|15/100
|-damage|p1a: Heatran|3/100|[from] Spikes
|move|p2a: Enten|Stone Edge|p1a: Heatran
|-damage|p1a: Heatran|0 fnt
|faint|p1a: Heatran
|
|upkeep
|
|t:|1760397034
|switch|p1a: Tornadus|Tornadus-Therian, M|99/100
|turn|37
|
|t:|1760397038
|-terastallize|p1a: Tornadus|Dark
|move|p2a: Enten|Stone Edge|p1a: Tornadus
|-crit|p1a: Tornadus
|-damage|p1a: Tornadus|20/100
|move|p1a: Tornadus|Dark Pulse|p2a: Enten
|-damage|p2a: Enten|0 fnt
|faint|p2a: Enten
|-damage|p1a: Tornadus|10/100|[from] item: Life Orb
|
|win|synergies
|raw|synergies's rating: 1572 &rarr; <strong>1594</strong><br />(+22 for winning)
|raw|Mr.Vcard's rating: 1601 &rarr; <strong>1579</strong><br />(-22 for losing)
|l|☆Mr.Vcard
|player|p2|
|l|☆synergies
|player|p1|
