|j|☆King_Jamy
|j|☆great_expectations
|t:|1760430503
|gametype|singles
|player|p1|King_Jamy|169|1570
|player|p2|great_expectations|sonia|1607
|gen|9
|tier|[Gen 9] OU
|rated|
|rule|HP Percentage Mod: HP is shown in percentages
|rule|Endless Battle Clause: Forcing endless battles is banned
|rule|Species Clause: Limit one of each Pokémon
|rule|OHKO Clause: OHKO moves are banned
|rule|Evasion Items Clause: Evasion items are banned
|rule|Evasion Moves Clause: Evasion moves are banned
|rule|Evasion Abilities Clause: Evasion abilities are banned
|rule|Sleep Moves Clause: Sleep-inducing moves are banned
|clearpoke
|poke|p1|Goodra-Hisui, M|
|poke|p1|Alomomola, M|
|poke|p1|Moltres|
|poke|p1|Great Tusk|
|poke|p1|Raging Bolt|
|poke|p1|Rillaboom, F|
|poke|p2|Corviknight, F|
|poke|p2|Samurott-Hisui, F|
|poke|p2|Latios, M|
|poke|p2|Iron Valiant|
|poke|p2|Clodsire, M|
|poke|p2|Rillaboom, M|
|teampreview
|inactive|Battle timer is ON: inactive players will automatically lose when time's up. (requested by great_expectations)
|
|t:|1760430535
|teamsize|p1|6
|teamsize|p2|6
|start
|switch|p1a: Raging Bolt|Raging Bolt|100/100
|switch|p2a: Latios|Latios, M|100/100
|turn|1
|
|t:|1760430547
|-end|p1a: Raging Bolt|Protosynthesis|[silent]
|switch|p1a: Goodra|Goodra-Hisui, M|100/100
|move|p2a: Latios|Draco Meteor|p1a: Goodra
|-damage|p1a: Goodra|57/100
|-unboost|p2a: Latios|spa|2
|
|upkeep
|turn|2
|
|t:|1760430554
|switch|p2a: Corviknight|Corviknight, F|100/100
|-ability|p2a: Corviknight|Pressure
|move|p1a: Goodra|Draco Meteor|p2a: Corviknight
|-resisted|p2a: Corviknight
|-damage|p2a: Corviknight|76/100
|-unboost|p1a: Goodra|spa|2
|
|-heal|p2a: Corviknight|82/100|[from] item: Leftovers
|upkeep
|turn|3
|
|t:|1760430559
|switch|p1a: Moltres|Moltres|100/100
|move|p2a: Corviknight|U-turn|p1a: Moltres
|-resisted|p1a: Moltres
|-damage|p1a: Moltres|98/100
|
|t:|1760430562
|switch|p2a: Latios|Latios, M|100/100|[from] U-turn
|
|upkeep
|turn|4
|
|t:|1760430566
|-terastallize|p2a: Latios|Dragon
|move|p2a: Latios|Draco Meteor|p1a: Moltres
|-damage|p1a: Moltres|0 fnt
|-unboost|p2a: Latios|spa|2
|faint|p1a: Moltres
|
|upkeep
|
|t:|1760430572
|switch|p1a: Rillaboom|Rillaboom, F|100/100
|-fieldstart|move: Grassy Terrain|[from] ability: Grassy Surge|[of] p1a: Rillaboom
|turn|5
|
|t:|1760430574
|switch|p2a: Corviknight|Corviknight, F|82/100
|-ability|p2a: Corviknight|Pressure
|move|p1a: Rillaboom|Knock Off|p2a: Corviknight
|-damage|p2a: Corviknight|49/100
|-enditem|p2a: Corviknight|Leftovers|[from] move: Knock Off|[of] p1a: Rillaboom
|
|upkeep
|turn|6
|
|t:|1760430578
|switch|p1a: Raging Bolt|Raging Bolt|100/100
|move|p2a: Corviknight|Roost|p2a: Corviknight
|-heal|p2a: Corviknight|99/100
|-singleturn|p2a: Corviknight|move: Roost
|
|-heal|p2a: Corviknight|100/100|[from] Grassy Terrain
|upkeep
|turn|7
|
|t:|1760430587
|switch|p2a: Clodsire|Clodsire, M|100/100
|move|p1a: Raging Bolt|Draco Meteor|p2a: Clodsire
|-damage|p2a: Clodsire|39/100
|-unboost|p1a: Raging Bolt|spa|2
|
|-heal|p2a: Clodsire|45/100|[from] Grassy Terrain
|-heal|p2a: Clodsire|51/100|[from] item: Black Sludge
|upkeep
|turn|8
|
|t:|1760430592
|move|p1a: Raging Bolt|Draco Meteor|p2a: Clodsire
|-damage|p2a: Clodsire|20/100
|-unboost|p1a: Raging Bolt|spa|2
|move|p2a: Clodsire|Recover|p2a: Clodsire
|-heal|p2a: Clodsire|70/100
|
|-heal|p2a: Clodsire|77/100|[from] Grassy Terrain
|-heal|p2a: Clodsire|83/100|[from] item: Black Sludge
|upkeep
|turn|9
|
|t:|1760430599
|-end|p1a: Raging Bolt|Protosynthesis|[silent]
|switch|p1a: Great Tusk|Great Tusk|100/100
|move|p2a: Clodsire|Toxic|p1a: Great Tusk
|-status|p1a: Great Tusk|tox
|
|-heal|p2a: Clodsire|89/100|[from] Grassy Terrain
|-heal|p2a: Clodsire|95/100|[from] item: Black Sludge
|-damage|p1a: Great Tusk|94/100 tox|[from] psn
|-fieldend|move: Grassy Terrain
|upkeep
|turn|10
|
|t:|1760430605
|switch|p2a: Corviknight|Corviknight, F|100/100
|-ability|p2a: Corviknight|Pressure
|move|p1a: Great Tusk|Rapid Spin|p2a: Corviknight
|-resisted|p2a: Corviknight
|-damage|p2a: Corviknight|95/100
|-boost|p1a: Great Tusk|spe|1
|
|-damage|p1a: Great Tusk|82/100 tox|[from] psn
|upkeep
|turn|11
|
|t:|1760430611
|move|p1a: Great Tusk|Stealth Rock|p2a: Corviknight
|-sidestart|p2: great_expectations|move: Stealth Rock
|move|p2a: Corviknight|Iron Head|p1a: Great Tusk
|-damage|p1a: Great Tusk|62/100 tox
|
|-damage|p1a: Great Tusk|44/100 tox|[from] psn
|upkeep
|turn|12
|
|t:|1760430614
|move|p1a: Great Tusk|Ice Spinner|p2a: Corviknight
|-damage|p2a: Corviknight|78/100
|move|p2a: Corviknight|Defog|p1a: Great Tusk
|-unboost|p1a: Great Tusk|evasion|1
|-sideend|p2: great_expectations|Stealth Rock|[from] move: Defog|[of] p2a: Corviknight
|
|-damage|p1a: Great Tusk|19/100 tox|[from] psn
|upkeep
|turn|13
|
|t:|1760430623
|-end|p1a: Great Tusk|Protosynthesis|[silent]
|switch|p1a: Raging Bolt|Raging Bolt|100/100
|move|p2a: Corviknight|Defog|p1a: Raging Bolt
|-unboost|p1a: Raging Bolt|evasion|1
|
|upkeep
|turn|14
|
|t:|1760430626
|-end|p1a: Raging Bolt|Protosynthesis|[silent]
|switch|p1a: Rillaboom|Rillaboom, F|100/100
|-fieldstart|move: Grassy Terrain|[from] ability: Grassy Surge|[of] p1a: Rillaboom
|switch|p2a: Clodsire|Clodsire, M|95/100
|
|-heal|p2a: Clodsire|100/100|[from] Grassy Terrain
|upkeep
|turn|15
|
|t:|1760430635
|switch|p2a: Corviknight|Corviknight, F|78/100
|-ability|p2a: Corviknight|Pressure
|move|p1a: Rillaboom|U-turn|p2a: Corviknight
|-resisted|p2a: Corviknight
|-damage|p2a: Corviknight|72/100
|
|t:|1760430638
|switch|p1a: Raging Bolt|Raging Bolt|100/100|[from] U-turn
|
|upkeep
|turn|16
|-message|King_Jamy forfeited.
|
|win|great_expectations
|raw|King_Jamy's rating: 1570 &rarr; <strong>1552</strong><br />(-18 for losing)
|raw|great_expectations's rating: 1607 &rarr; <strong>1625</strong><br />(+18 for winning)
|l|☆King_Jamy
|player|p1|
|l|☆great_expectations
|player|p2|
