|j|☆art of alting
|j|☆lerat111111111
|t:|1760373044
|gametype|singles
|player|p1|art of alting|alec-anime|1317
|player|p2|lerat111111111|170|1353
|gen|9
|tier|[Gen 9] OU
|rated|
|rule|HP Percentage Mod: HP is shown in percentages
|rule|Endless Battle Clause: Forcing endless battles is banned
|rule|Species Clause: Limit one of each Pokémon
|rule|OHKO Clause: OHKO moves are banned
|rule|Evasion Items Clause: Evasion items are banned
|rule|Evasion Moves Clause: Evasion moves are banned
|rule|Evasion Abilities Clause: Evasion abilities are banned
|rule|Sleep Moves Clause: Sleep-inducing moves are banned
|clearpoke
|poke|p1|Kyurem|
|poke|p1|Tinkaton, F|
|poke|p1|Ting-Lu|
|poke|p1|Scizor, F|
|poke|p1|Pecharunt|
|poke|p1|Moltres|
|poke|p2|Blissey, F|
|poke|p2|Dondozo, F|
|poke|p2|Gliscor, F|
|poke|p2|Toxapex, F|
|poke|p2|Clefable, F|
|poke|p2|Clodsire, F|
|teampreview
|inactive|Battle timer is ON: inactive players will automatically lose when time's up. (requested by art of alting)
|
|t:|1760373053
|teamsize|p1|6
|teamsize|p2|6
|start
|switch|p1a: Kyurem|Kyurem|100/100
|switch|p2a: Gliscor|Gliscor, F|100/100
|-ability|p1a: Kyurem|Pressure
|turn|1
|
|t:|1760373059
|move|p2a: Gliscor|Protect|p2a: Gliscor
|-singleturn|p2a: Gliscor|Protect
|move|p1a: Kyurem|Dragon Dance|p1a: Kyurem
|-boost|p1a: Kyurem|atk|1
|-boost|p1a: Kyurem|spe|1
|
|-status|p2a: Gliscor|tox|[from] item: Toxic Orb
|upkeep
|turn|2
|
|t:|1760373069
|switch|p2a: Toxapex|Toxapex, F|100/100
|-terastallize|p1a: Kyurem|Ice
|move|p1a: Kyurem|Freeze-Dry|p2a: Toxapex
|-supereffective|p2a: Toxapex
|-damage|p2a: Toxapex|15/100
|
|upkeep
|turn|3
|
|t:|1760373075
|move|p2a: Toxapex|Baneful Bunker|p2a: Toxapex
|-singleturn|p2a: Toxapex|move: Protect
|move|p1a: Kyurem|Freeze-Dry|p2a: Toxapex
|-activate|p2a: Toxapex|move: Protect
|
|upkeep
|turn|4
|
|t:|1760373080
|switch|p2a: Blissey|Blissey, F|100/100
|move|p1a: Kyurem|Freeze-Dry|p2a: Blissey
|-damage|p2a: Blissey|84/100
|
|upkeep
|turn|5
|
|t:|1760373085
|switch|p1a: Tinkaton|Tinkaton, F|100/100
|-item|p1a: Tinkaton|Air Balloon
|move|p2a: Blissey|Stealth Rock|p1a: Tinkaton
|-sidestart|p1: art of alting|move: Stealth Rock
|
|upkeep
|turn|6
|
|t:|1760373090
|switch|p2a: Toxapex|Toxapex, F|48/100
|move|p1a: Tinkaton|Stealth Rock|p2a: Toxapex
|-sidestart|p2: lerat111111111|move: Stealth Rock
|
|upkeep
|turn|7
|
|t:|1760373096
|switch|p2a: Gliscor|Gliscor, F|100/100 tox
|-damage|p2a: Gliscor|88/100 tox|[from] Stealth Rock
|move|p1a: Tinkaton|Thunder Wave|p2a: Gliscor
|-immune|p2a: Gliscor
|
|-heal|p2a: Gliscor|100/100 tox|[from] ability: Poison Heal
|upkeep
|turn|8
|
|t:|1760373104
|switch|p1a: Ting-Lu|Ting-Lu|100/100
|-damage|p1a: Ting-Lu|94/100|[from] Stealth Rock
|-ability|p1a: Ting-Lu|Vessel of Ruin
|move|p2a: Gliscor|Knock Off|p1a: Ting-Lu
|-resisted|p1a: Ting-Lu
|-crit|p1a: Ting-Lu
|-damage|p1a: Ting-Lu|85/100
|-enditem|p1a: Ting-Lu|Leftovers|[from] move: Knock Off|[of] p2a: Gliscor
|
|upkeep
|turn|9
|
|t:|1760373112
|move|p2a: Gliscor|Swords Dance|p2a: Gliscor
|-boost|p2a: Gliscor|atk|2
|move|p1a: Ting-Lu|Spikes|p2a: Gliscor
|-sidestart|p2: lerat111111111|Spikes
|
|upkeep
|turn|10
|
|t:|1760373117
|move|p2a: Gliscor|Earthquake|p1a: Ting-Lu
|-crit|p1a: Ting-Lu
|-damage|p1a: Ting-Lu|35/100
|move|p1a: Ting-Lu|Spikes|p2a: Gliscor
|-sidestart|p2: lerat111111111|Spikes
|
|upkeep
|turn|11
|
|t:|1760373123
|move|p2a: Gliscor|Earthquake|p1a: Ting-Lu
|-crit|p1a: Ting-Lu
|-damage|p1a: Ting-Lu|0 fnt
|faint|p1a: Ting-Lu
|
|upkeep
|
|t:|1760373129
|switch|p1a: Kyurem|Kyurem, tera:Ice|100/100
|-ability|p1a: Kyurem|Pressure
|turn|12
|
|t:|1760373137
|move|p2a: Gliscor|Protect|p2a: Gliscor
|-singleturn|p2a: Gliscor|Protect
|move|p1a: Kyurem|Freeze-Dry|p2a: Gliscor
|-activate|p2a: Gliscor|move: Protect
|
|upkeep
|turn|13
|
|t:|1760373140
|switch|p1a: Scizor|Scizor, F|100/100
|switch|p2a: Blissey|Blissey, F|84/100
|
|upkeep
|turn|14
|
|t:|1760373153
|switch|p2a: Dondozo|Dondozo, F|100/100
|move|p1a: Scizor|Knock Off|p2a: Dondozo
|-damage|p2a: Dondozo|85/100
|-enditem|p2a: Dondozo|Heavy-Duty Boots|[from] move: Knock Off|[of] p1a: Scizor
|
|upkeep
|turn|15
|
|t:|1760373158
|switch|p1a: Kyurem|Kyurem, tera:Ice|100/100
|-ability|p1a: Kyurem|Pressure
|move|p2a: Dondozo|Waterfall|p1a: Kyurem
|-damage|p1a: Kyurem|74/100
|
|upkeep
|turn|16
|
|t:|1760373163
|switch|p1a: Scizor|Scizor, F|100/100
|switch|p2a: Blissey|Blissey, F|84/100
|
|upkeep
|turn|17
|
|t:|1760373170
|switch|p2a: Dondozo|Dondozo, F|85/100
|-damage|p2a: Dondozo|72/100|[from] Stealth Rock
|-damage|p2a: Dondozo|56/100|[from] Spikes
|move|p1a: Scizor|Knock Off|p2a: Dondozo
|-damage|p2a: Dondozo|45/100
|
|upkeep
|turn|18
|
|t:|1760373178
|switch|p1a: Pecharunt|Pecharunt|100/100
|move|p2a: Dondozo|Rest|p2a: Dondozo
|-status|p2a: Dondozo|slp|[from] move: Rest
|-heal|p2a: Dondozo|100/100 slp|[silent]
|
|upkeep
|turn|19
|
|t:|1760373187
|move|p1a: Pecharunt|Parting Shot|p2a: Dondozo
|-unboost|p2a: Dondozo|atk|1
|-unboost|p2a: Dondozo|spa|1
|
|t:|1760373190
|switch|p1a: Kyurem|Kyurem, tera:Ice|74/100|[from] Parting Shot
|-ability|p1a: Kyurem|Pressure
|cant|p2a: Dondozo|slp
|move|p2a: Dondozo|Sleep Talk|p2a: Dondozo
|move|p2a: Dondozo|Rest||[from] move: Sleep Talk|[still]
|-fail|p2a: Dondozo
|
|upkeep
|turn|20
|
|t:|1760373202
|switch|p2a: Blissey|Blissey, F|84/100
|move|p1a: Kyurem|Freeze-Dry|p2a: Blissey
|-damage|p2a: Blissey|67/100
|
|upkeep
|turn|21
|
|t:|1760373208
|switch|p1a: Scizor|Scizor, F|100/100
|move|p2a: Blissey|Soft-Boiled|p2a: Blissey
|-heal|p2a: Blissey|100/100
|
|upkeep
|turn|22
|
|t:|1760373220
|switch|p1a: Kyurem|Kyurem, tera:Ice|74/100
|-ability|p1a: Kyurem|Pressure
|switch|p2a: Dondozo|Dondozo, F|100/100 slp
|-damage|p2a: Dondozo|88/100 slp|[from] Stealth Rock
|-damage|p2a: Dondozo|72/100 slp|[from] Spikes
|
|upkeep
|turn|23
|
|t:|1760373226
|switch|p1a: Scizor|Scizor, F|100/100
|switch|p2a: Blissey|Blissey, F|100/100
|
|upkeep
|turn|24
|
|t:|1760373231
|switch|p2a: Gliscor|Gliscor, F|100/100 tox
|-damage|p2a: Gliscor|88/100 tox|[from] Stealth Rock
|move|p1a: Scizor|Knock Off|p2a: Gliscor
|-crit|p2a: Gliscor
|-damage|p2a: Gliscor|57/100 tox
|-enditem|p2a: Gliscor|Toxic Orb|[from] move: Knock Off|[of] p1a: Scizor
|
|-heal|p2a: Gliscor|70/100 tox|[from] ability: Poison Heal
|upkeep
|turn|25
|
|t:|1760373240
|move|p2a: Gliscor|Knock Off|p1a: Scizor
|-damage|p1a: Scizor|77/100
|-enditem|p1a: Scizor|Heavy-Duty Boots|[from] move: Knock Off|[of] p2a: Gliscor
|move|p1a: Scizor|Swords Dance|p1a: Scizor
|-boost|p1a: Scizor|atk|2
|
|-heal|p2a: Gliscor|82/100 tox|[from] ability: Poison Heal
|upkeep
|turn|26
|
|t:|1760373247
|switch|p2a: Clodsire|Clodsire, F|100/100
|move|p1a: Scizor|Knock Off|p2a: Clodsire
|-damage|p2a: Clodsire|56/100
|-enditem|p2a: Clodsire|Heavy-Duty Boots|[from] move: Knock Off|[of] p1a: Scizor
|
|upkeep
|turn|27
|
|t:|1760373251
|move|p1a: Scizor|Bullet Punch|p2a: Clodsire
|-crit|p2a: Clodsire
|-damage|p2a: Clodsire|0 fnt
|faint|p2a: Clodsire
|
|upkeep
|
|t:|1760373255
|switch|p2a: Dondozo|Dondozo, F|72/100 slp
|-damage|p2a: Dondozo|59/100 slp|[from] Stealth Rock
|-damage|p2a: Dondozo|43/100 slp|[from] Spikes
|turn|28
|c|☆lerat111111111|luck vs skill gg
|
|t:|1760373263
|switch|p1a: Kyurem|Kyurem, tera:Ice|74/100
|-ability|p1a: Kyurem|Pressure
|cant|p2a: Dondozo|slp
|move|p2a: Dondozo|Sleep Talk|p2a: Dondozo
|move|p2a: Dondozo|Waterfall|p1a: Kyurem|[from] move: Sleep Talk
|-damage|p1a: Kyurem|47/100
|
|upkeep
|turn|29
|
|t:|1760373272
|move|p1a: Kyurem|Freeze-Dry|p2a: Dondozo
|-supereffective|p2a: Dondozo
|-damage|p2a: Dondozo|0 fnt
|faint|p2a: Dondozo
|
|upkeep
|
|t:|1760373275
|switch|p2a: Gliscor|Gliscor, F|82/100 tox
|-damage|p2a: Gliscor|70/100 tox|[from] Stealth Rock
|turn|30
|
|t:|1760373278
|-terastallize|p2a: Gliscor|Ghost
|move|p1a: Kyurem|Freeze-Dry|p2a: Gliscor
|-damage|p2a: Gliscor|0 fnt
|faint|p2a: Gliscor
|
|upkeep
|c|☆lerat111111111|just cause u get lucky ur not good go gzmblr
|-message|lerat111111111 forfeited.
|
|win|art of alting
|raw|art of alting's rating: 1317 &rarr; <strong>1339</strong><br />(+22 for winning)
|raw|lerat111111111's rating: 1353 &rarr; <strong>1331</strong><br />(-22 for losing)
|l|☆lerat111111111
|player|p2|
