|j|☆liangCRKO
|j|☆Neiblehik
|t:|1760360477
|gametype|singles
|player|p1|liangCRKO|102|1441
|player|p2|Neiblehik|102|1351
|gen|9
|tier|[Gen 9] OU
|rated|
|rule|HP Percentage Mod: HP is shown in percentages
|rule|Endless Battle Clause: Forcing endless battles is banned
|rule|Species Clause: Limit one of each Pokémon
|rule|OHKO Clause: OHKO moves are banned
|rule|Evasion Items Clause: Evasion items are banned
|rule|Evasion Moves Clause: Evasion moves are banned
|rule|Evasion Abilities Clause: Evasion abilities are banned
|rule|Sleep Moves Clause: Sleep-inducing moves are banned
|clearpoke
|poke|p1|Ting-Lu|
|poke|p1|Gholdengo|
|poke|p1|Slowking-Galar, F|
|poke|p1|Zapdos|
|poke|p1|Zamazenta-*|
|poke|p1|Ogerpon-Wellspring, F|
|poke|p2|Dragapult, M|
|poke|p2|Kleavor, M|
|poke|p2|Zamazenta-*|
|poke|p2|Cinderace, M|
|poke|p2|Ninetales-Alola, M|
|poke|p2|Greninja-*, M|
|teampreview
|inactive|Battle timer is ON: inactive players will automatically lose when time's up. (requested by Neiblehik)
|
|t:|1760360489
|teamsize|p1|6
|teamsize|p2|6
|start
|switch|p1a: Ogerpon|Ogerpon-Wellspring, F|100/100
|switch|p2a: Zamazenta|Zamazenta|100/100
|-ability|p2a: Zamazenta|Dauntless Shield|boost
|-boost|p2a: Zamazenta|def|1
|turn|1
|
|t:|1760360495
|move|p2a: Zamazenta|Close Combat|p1a: Ogerpon
|-damage|p1a: Ogerpon|0 fnt
|-unboost|p2a: Zamazenta|def|1
|-unboost|p2a: Zamazenta|spd|1
|faint|p1a: Ogerpon
|
|upkeep
|
|t:|1760360507
|switch|p1a: Slowking|Slowking-Galar, F|100/100
|turn|2
|
|t:|1760360514
|switch|p2a: Kleavor|Kleavor, M|100/100
|move|p1a: Slowking|Future Sight|p2a: Kleavor
|-start|p1a: Slowking|move: Future Sight
|
|upkeep
|turn|3
|
|t:|1760360521
|move|p2a: Kleavor|Agility|p2a: Kleavor
|-boost|p2a: Kleavor|spe|2
|move|p1a: Slowking|Sludge Bomb|p2a: Kleavor
|-resisted|p2a: Kleavor
|-damage|p2a: Kleavor|73/100
|
|upkeep
|turn|4
|
|t:|1760360527
|move|p2a: Kleavor|Fury Cutter|p1a: Slowking
|-damage|p1a: Slowking|61/100
|move|p1a: Slowking|Sludge Bomb|p2a: Kleavor
|-resisted|p2a: Kleavor
|-damage|p2a: Kleavor|46/100
|
|-end|p2a: Kleavor|move: Future Sight
|-damage|p2a: Kleavor|0 fnt
|faint|p2a: Kleavor
|upkeep
|
|t:|1760360538
|switch|p2a: Zamazenta|Zamazenta|100/100
|turn|5
|
|t:|1760360543
|switch|p1a: Zamazenta|Zamazenta|100/100
|-ability|p1a: Zamazenta|Dauntless Shield|boost
|-boost|p1a: Zamazenta|def|1
|move|p2a: Zamazenta|Crunch|p1a: Zamazenta
|-resisted|p1a: Zamazenta
|-damage|p1a: Zamazenta|90/100
|
|upkeep
|turn|6
|
|t:|1760360556
|switch|p2a: Ninetales|Ninetales-Alola, M|100/100
|-weather|Snowscape|[from] ability: Snow Warning|[of] p2a: Ninetales
|move|p1a: Zamazenta|Iron Defense|p1a: Zamazenta
|-boost|p1a: Zamazenta|def|2
|
|-weather|Snowscape|[upkeep]
|upkeep
|turn|7
|
|t:|1760360564
|-terastallize|p1a: Zamazenta|Fire
|move|p1a: Zamazenta|Body Press|p2a: Ninetales
|-damage|p2a: Ninetales|30/100
|move|p2a: Ninetales|Encore|p1a: Zamazenta
|-start|p1a: Zamazenta|Encore
|
|-weather|Snowscape|[upkeep]
|upkeep
|turn|8
|
|t:|1760360576
|switch|p1a: Ting-Lu|Ting-Lu|100/100
|-ability|p1a: Ting-Lu|Vessel of Ruin
|switch|p2a: Dragapult|Dragapult, M|100/100
|
|-weather|Snowscape|[upkeep]
|upkeep
|turn|9
|
|t:|1760360583
|move|p2a: Dragapult|U-turn|p1a: Ting-Lu
|-supereffective|p1a: Ting-Lu
|-damage|p1a: Ting-Lu|81/100
|
|t:|1760360592
|switch|p2a: Ninetales|Ninetales-Alola, M|30/100|[from] U-turn
|move|p1a: Ting-Lu|Stealth Rock|p2a: Ninetales
|-sidestart|p2: Neiblehik|move: Stealth Rock
|
|-weather|Snowscape|[upkeep]
|-heal|p1a: Ting-Lu|87/100|[from] item: Leftovers
|upkeep
|turn|10
|
|t:|1760360598
|move|p2a: Ninetales|Aurora Veil|p2a: Ninetales
|-sidestart|p2: Neiblehik|move: Aurora Veil
|move|p1a: Ting-Lu|Earthquake|p2a: Ninetales
|-damage|p2a: Ninetales|15/100
|
|-weather|none
|-heal|p1a: Ting-Lu|93/100|[from] item: Leftovers
|upkeep
|turn|11
|
|t:|1760360605
|switch|p1a: Slowking|Slowking-Galar, F|94/100
|move|p2a: Ninetales|Freeze-Dry|p1a: Slowking
|-damage|p1a: Slowking|81/100
|
|upkeep
|turn|12
|
|t:|1760360613
|move|p2a: Ninetales|Moonblast|p1a: Slowking
|-resisted|p1a: Slowking
|-damage|p1a: Slowking|73/100
|move|p1a: Slowking|Future Sight|p2a: Ninetales
|-start|p1a: Slowking|move: Future Sight
|
|upkeep
|turn|13
|
|t:|1760360619
|move|p2a: Ninetales|Moonblast|p1a: Slowking
|-resisted|p1a: Slowking
|-damage|p1a: Slowking|65/100
|-prepare|p1a: Slowking|Chilly Reception|[premajor]
|move|p1a: Slowking|Chilly Reception|p1a: Slowking
|-weather|Snowscape
|
|t:|1760360628
|switch|p1a: Zamazenta|Zamazenta, tera:Fire|90/100|[from] Chilly Reception
|
|-weather|Snowscape|[upkeep]
|upkeep
|turn|14
|
|t:|1760360634
|move|p1a: Zamazenta|Body Press|p2a: Ninetales
|-damage|p2a: Ninetales|2/100
|move|p2a: Ninetales|Moonblast|p1a: Zamazenta
|-resisted|p1a: Zamazenta
|-damage|p1a: Zamazenta|79/100
|-unboost|p1a: Zamazenta|spa|1
|
|-weather|Snowscape|[upkeep]
|-end|p2a: Ninetales|move: Future Sight
|-damage|p2a: Ninetales|0 fnt
|faint|p2a: Ninetales
|upkeep
|
|t:|1760360646
|switch|p2a: Greninja|Greninja, M|100/100
|-damage|p2a: Greninja|88/100|[from] Stealth Rock
|turn|15
|
|t:|1760360652
|switch|p1a: Slowking|Slowking-Galar, F|98/100
|-terastallize|p2a: Greninja|Water
|move|p2a: Greninja|Water Shuriken|p1a: Slowking
|-damage|p1a: Slowking|91/100
|-damage|p1a: Slowking|84/100
|-damage|p1a: Slowking|76/100
|-damage|p1a: Slowking|68/100
|-hitcount|p1a: Slowking|4
|-damage|p2a: Greninja|78/100|[from] item: Life Orb
|
|-weather|Snowscape|[upkeep]
|upkeep
|turn|16
|
|t:|1760360677
|switch|p1a: Ting-Lu|Ting-Lu|93/100
|-ability|p1a: Ting-Lu|Vessel of Ruin
|move|p2a: Greninja|Dark Pulse|p1a: Ting-Lu
|-resisted|p1a: Ting-Lu
|-damage|p1a: Ting-Lu|84/100
|-damage|p2a: Greninja|69/100|[from] item: Life Orb
|
|-weather|Snowscape|[upkeep]
|-heal|p1a: Ting-Lu|90/100|[from] item: Leftovers
|upkeep
|turn|17
|
|t:|1760360692
|move|p2a: Greninja|Ice Beam|p1a: Ting-Lu
|-supereffective|p1a: Ting-Lu
|-damage|p1a: Ting-Lu|59/100
|-damage|p2a: Greninja|59/100|[from] item: Life Orb
|move|p1a: Ting-Lu|Earthquake|p2a: Greninja
|-damage|p2a: Greninja|27/100
|
|-weather|none
|-heal|p1a: Ting-Lu|66/100|[from] item: Leftovers
|-sideend|p2: Neiblehik|move: Aurora Veil
|upkeep
|turn|18
|
|t:|1760360701
|switch|p1a: Slowking|Slowking-Galar, F|100/100
|move|p2a: Greninja|Ice Beam|p1a: Slowking
|-damage|p1a: Slowking|82/100
|-damage|p2a: Greninja|17/100|[from] item: Life Orb
|
|upkeep
|turn|19
|-message|Neiblehik forfeited.
|
|win|liangCRKO
|raw|liangCRKO's rating: 1441 &rarr; <strong>1456</strong><br />(+15 for winning)
|raw|Neiblehik's rating: 1351 &rarr; <strong>1336</strong><br />(-15 for losing)
|l|☆Neiblehik
|player|p2|
|l|☆liangCRKO
|player|p1|
