|j|☆expert showman
|j|☆ingunar3
|t:|1760460806
|gametype|singles
|player|p1|expert showman|brycen|1273
|player|p2|ingunar3|265|1238
|gen|9
|tier|[Gen 9] OU
|rated|
|rule|HP Percentage Mod: HP is shown in percentages
|rule|Endless Battle Clause: Forcing endless battles is banned
|rule|Species Clause: Limit one of each Pokémon
|rule|OHKO Clause: OHKO moves are banned
|rule|Evasion Items Clause: Evasion items are banned
|rule|Evasion Moves Clause: Evasion moves are banned
|rule|Evasion Abilities Clause: Evasion abilities are banned
|rule|Sleep Moves Clause: Sleep-inducing moves are banned
|clearpoke
|poke|p1|Kingambit, F|
|poke|p1|Cinderace, F|
|poke|p1|Landorus-Therian, M|
|poke|p1|Iron Valiant|
|poke|p1|Kyurem|
|poke|p1|Slowking-Galar, M|
|poke|p2|Flygon, M|
|poke|p2|Ceruledge, F|
|poke|p2|Ogerpon-Wellspring, F|
|poke|p2|Scizor, M|
|poke|p2|Slowking-Galar, F|
|poke|p2|Garganacl, F|
|teampreview
|inactive|Battle timer is ON: inactive players will automatically lose when time's up. (requested by expert showman)
|c|☆expert showman|Glhf
|c|☆ingunar3|u2
|
|t:|1760460837
|teamsize|p1|6
|teamsize|p2|6
|start
|switch|p1a: WALL-Y|Iron Valiant|100/100
|switch|p2a: Ogerpon|Ogerpon-Wellspring, F|100/100
|-enditem|p1a: WALL-Y|Booster Energy
|-activate|p1a: WALL-Y|ability: Quark Drive|[fromitem]
|-start|p1a: WALL-Y|quarkdrivespe
|turn|1
|
|t:|1760460845
|move|p1a: WALL-Y|Moonblast|p2a: Ogerpon
|-damage|p2a: Ogerpon|43/100
|-unboost|p2a: Ogerpon|spa|1
|move|p2a: Ogerpon|Encore|p1a: WALL-Y
|-start|p1a: WALL-Y|Encore
|
|upkeep
|turn|2
|
|t:|1760460853
|switch|p2a: Scizor|Scizor, M|100/100
|move|p1a: WALL-Y|Moonblast|p2a: Scizor
|-resisted|p2a: Scizor
|-damage|p2a: Scizor|73/100
|
|upkeep
|turn|3
|
|t:|1760460858
|-end|p1a: WALL-Y|Quark Drive|[silent]
|switch|p1a: Homelandor|Landorus-Therian, M, shiny|100/100
|-ability|p1a: Homelandor|Intimidate|boost
|-unboost|p2a: Scizor|atk|1
|move|p2a: Scizor|Bullet Punch|p1a: Homelandor
|-damage|p1a: Homelandor|81/100
|-damage|p2a: Scizor|57/100|[from] item: Rocky Helmet|[of] p1a: Homelandor
|
|upkeep
|turn|4
|
|t:|1760460862
|move|p1a: Homelandor|Stealth Rock|p2a: Scizor
|-sidestart|p2: ingunar3|move: Stealth Rock
|move|p2a: Scizor|Knock Off|p1a: Homelandor
|-damage|p1a: Homelandor|56/100
|-damage|p2a: Scizor|40/100|[from] item: Rocky Helmet|[of] p1a: Homelandor
|-enditem|p1a: Homelandor|Rocky Helmet|[from] move: Knock Off|[of] p2a: Scizor
|-enditem|p2a: Scizor|Sitrus Berry|[eat]
|-heal|p2a: Scizor|65/100|[from] item: Sitrus Berry
|
|upkeep
|turn|5
|
|t:|1760460872
|move|p1a: Homelandor|Taunt|p2a: Scizor
|-start|p2a: Scizor|move: Taunt
|move|p2a: Scizor|U-turn|p1a: Homelandor
|-resisted|p1a: Homelandor
|-crit|p1a: Homelandor
|-damage|p1a: Homelandor|28/100
|
|t:|1760460890
|switch|p2a: Ogerpon|Ogerpon-Wellspring, F|43/100|[from] U-turn
|-damage|p2a: Ogerpon|31/100|[from] Stealth Rock
|
|upkeep
|turn|6
|
|t:|1760460901
|move|p2a: Ogerpon|Ivy Cudgel|p1a: Homelandor|[anim] Ivy Cudgel Water
|-supereffective|p1a: Homelandor
|-damage|p1a: Homelandor|0 fnt
|faint|p1a: Homelandor
|
|upkeep
|
|t:|1760460909
|switch|p1a: Daenerys|Kingambit, F|100/100
|-activate|p1a: Daenerys|ability: Supreme Overlord
|-start|p1a: Daenerys|fallen1|[silent]
|turn|7
|
|t:|1760460914
|move|p1a: Daenerys|Sucker Punch||[still]
|-fail|p1a: Daenerys
|move|p2a: Ogerpon|Encore|p1a: Daenerys
|-start|p1a: Daenerys|Encore
|
|upkeep
|turn|8
|
|t:|1760460919
|switch|p2a: Garganacl|Garganacl, F|100/100
|-damage|p2a: Garganacl|88/100|[from] Stealth Rock
|move|p1a: Daenerys|Sucker Punch||[still]
|-fail|p1a: Daenerys
|
|-heal|p2a: Garganacl|94/100|[from] item: Leftovers
|upkeep
|turn|9
|
|t:|1760460926
|-end|p1a: Daenerys|fallen1|[silent]
|switch|p1a: Kristine|Cinderace, F, shiny|100/100
|move|p2a: Garganacl|Salt Cure|p1a: Kristine
|-supereffective|p1a: Kristine
|-damage|p1a: Kristine|65/100
|-start|p1a: Kristine|Salt Cure
|
|-heal|p2a: Garganacl|100/100|[from] item: Leftovers
|-damage|p1a: Kristine|53/100|[from] Salt Cure
|upkeep
|turn|10
|
|t:|1760460932
|move|p1a: Kristine|Will-O-Wisp|p2a: Garganacl
|-immune|p2a: Garganacl|[from] ability: Purifying Salt
|move|p2a: Garganacl|Stealth Rock|p1a: Kristine
|-sidestart|p1: expert showman|move: Stealth Rock
|
|-damage|p1a: Kristine|40/100|[from] Salt Cure
|upkeep
|turn|11
|
|t:|1760460937
|move|p1a: Kristine|U-turn|p2a: Garganacl
|-damage|p2a: Garganacl|89/100
|
|t:|1760460942
|switch|p1a: Daenerys|Kingambit, F|100/100|[from] U-turn
|-damage|p1a: Daenerys|94/100|[from] Stealth Rock
|-activate|p1a: Daenerys|ability: Supreme Overlord
|-start|p1a: Daenerys|fallen1|[silent]
|move|p2a: Garganacl|Salt Cure|p1a: Daenerys
|-resisted|p1a: Daenerys
|-damage|p1a: Daenerys|89/100
|-start|p1a: Daenerys|Salt Cure
|
|-heal|p1a: Daenerys|95/100|[from] item: Leftovers
|-heal|p2a: Garganacl|95/100|[from] item: Leftovers
|-damage|p1a: Daenerys|70/100|[from] Salt Cure
|upkeep
|turn|12
|
|t:|1760460958
|move|p2a: Garganacl|Protect|p2a: Garganacl
|-singleturn|p2a: Garganacl|Protect
|move|p1a: Daenerys|Iron Head|p2a: Garganacl
|-activate|p2a: Garganacl|move: Protect
|
|-heal|p1a: Daenerys|76/100|[from] item: Leftovers
|-heal|p2a: Garganacl|100/100|[from] item: Leftovers
|-damage|p1a: Daenerys|51/100|[from] Salt Cure
|upkeep
|turn|13
|
|t:|1760460974
|move|p1a: Daenerys|Swords Dance|p1a: Daenerys
|-boost|p1a: Daenerys|atk|2
|move|p2a: Garganacl|Salt Cure|p1a: Daenerys
|-resisted|p1a: Daenerys
|-damage|p1a: Daenerys|46/100
|
|-heal|p1a: Daenerys|52/100|[from] item: Leftovers
|-damage|p1a: Daenerys|27/100|[from] Salt Cure
|upkeep
|turn|14
|
|t:|1760460986
|move|p2a: Garganacl|Protect|p2a: Garganacl
|-singleturn|p2a: Garganacl|Protect
|move|p1a: Daenerys|Kowtow Cleave|p2a: Garganacl
|-activate|p2a: Garganacl|move: Protect
|
|-heal|p1a: Daenerys|33/100|[from] item: Leftovers
|-damage|p1a: Daenerys|8/100|[from] Salt Cure
|upkeep
|turn|15
|
|t:|1760460995
|move|p1a: Daenerys|Kowtow Cleave|p2a: Garganacl
|-damage|p2a: Garganacl|27/100
|move|p2a: Garganacl|Salt Cure|p1a: Daenerys
|-resisted|p1a: Daenerys
|-damage|p1a: Daenerys|3/100
|
|-heal|p1a: Daenerys|9/100|[from] item: Leftovers
|-heal|p2a: Garganacl|34/100|[from] item: Leftovers
|-damage|p1a: Daenerys|0 fnt|[from] Salt Cure
|faint|p1a: Daenerys
|-end|p1a: Daenerys|fallen1|[silent]
|upkeep
|
|t:|1760461001
|switch|p1a: WALL-Y|Iron Valiant|100/100
|-damage|p1a: WALL-Y|94/100|[from] Stealth Rock
|turn|16
|
|t:|1760461008
|move|p2a: Garganacl|Protect|p2a: Garganacl
|-singleturn|p2a: Garganacl|Protect
|move|p1a: WALL-Y|Moonblast|p2a: Garganacl
|-activate|p2a: Garganacl|move: Protect
|
|-heal|p2a: Garganacl|40/100|[from] item: Leftovers
|upkeep
|turn|17
|
|t:|1760461011
|move|p1a: WALL-Y|Moonblast|p2a: Garganacl
|-damage|p2a: Garganacl|8/100
|move|p2a: Garganacl|Recover|p2a: Garganacl
|-heal|p2a: Garganacl|58/100
|
|-heal|p2a: Garganacl|64/100|[from] item: Leftovers
|upkeep
|turn|18
|
|t:|1760461014
|move|p1a: WALL-Y|Encore|p2a: Garganacl
|-start|p2a: Garganacl|Encore
|move|p2a: Garganacl|Recover|p2a: Garganacl
|-heal|p2a: Garganacl|100/100
|
|upkeep
|turn|19
|
|t:|1760461023
|switch|p2a: Ceruledge|Ceruledge, F|100/100
|-damage|p2a: Ceruledge|76/100|[from] Stealth Rock
|move|p1a: WALL-Y|Calm Mind|p1a: WALL-Y
|-boost|p1a: WALL-Y|spa|1
|-boost|p1a: WALL-Y|spd|1
|
|upkeep
|turn|20
|
|t:|1760461031
|move|p1a: WALL-Y|Shadow Ball|p2a: Ceruledge
|-supereffective|p2a: Ceruledge
|-damage|p2a: Ceruledge|0 fnt
|faint|p2a: Ceruledge
|
|upkeep
|
|t:|1760461059
|switch|p2a: Scizor|Scizor, M|65/100
|-damage|p2a: Scizor|53/100|[from] Stealth Rock
|turn|21
|
|t:|1760461062
|-terastallize|p1a: WALL-Y|Ghost
|move|p2a: Scizor|Bullet Punch|p1a: WALL-Y
|-crit|p1a: WALL-Y
|-damage|p1a: WALL-Y|25/100
|move|p1a: WALL-Y|Shadow Ball|p2a: Scizor
|-damage|p2a: Scizor|0 fnt
|faint|p2a: Scizor
|
|upkeep
|
|t:|1760461066
|switch|p2a: Flygon|Flygon, M|100/100
|-damage|p2a: Flygon|94/100|[from] Stealth Rock
|turn|22
|
|t:|1760461073
|-terastallize|p2a: Flygon|Electric
|move|p1a: WALL-Y|Moonblast|p2a: Flygon
|-damage|p2a: Flygon|19/100
|move|p2a: Flygon|Earthquake|p1a: WALL-Y
|-damage|p1a: WALL-Y|0 fnt
|faint|p1a: WALL-Y
|-end|p1a: WALL-Y|Quark Drive|[silent]
|
|upkeep
|
|t:|1760461086
|switch|p1a: Kristine|Cinderace, F, shiny|40/100
|turn|23
|
|t:|1760461092
|move|p1a: Kristine|Pyro Ball|p2a: Flygon|[miss]
|-miss|p1a: Kristine|p2a: Flygon
|move|p2a: Flygon|Earthquake|p1a: Kristine
|-supereffective|p1a: Kristine
|-crit|p1a: Kristine
|-damage|p1a: Kristine|0 fnt
|faint|p1a: Kristine
|
|upkeep
|
|t:|1760461098
|switch|p1a: Chillionaire|Slowking-Galar, M, shiny|100/100
|turn|24
|
|t:|1760461102
|move|p2a: Flygon|Earthquake|p1a: Chillionaire
|-supereffective|p1a: Chillionaire
|-damage|p1a: Chillionaire|0 fnt
|faint|p1a: Chillionaire
|
|upkeep
|
|t:|1760461104
|switch|p1a: Mr. Freeze|Kyurem, shiny|100/100
|-damage|p1a: Mr. Freeze|76/100|[from] Stealth Rock
|-ability|p1a: Mr. Freeze|Pressure
|turn|25
|
|t:|1760461107
|move|p1a: Mr. Freeze|Freeze-Dry|p2a: Flygon
|-damage|p2a: Flygon|0 fnt
|faint|p2a: Flygon
|
|-heal|p1a: Mr. Freeze|82/100|[from] item: Leftovers
|upkeep
|
|t:|1760461114
|switch|p2a: Garganacl|Garganacl, F|100/100
|-damage|p2a: Garganacl|88/100|[from] Stealth Rock
|turn|26
|
|t:|1760461116
|move|p1a: Mr. Freeze|Substitute|p1a: Mr. Freeze
|-start|p1a: Mr. Freeze|Substitute
|-damage|p1a: Mr. Freeze|57/100
|move|p2a: Garganacl|Salt Cure|p1a: Mr. Freeze
|-supereffective|p1a: Mr. Freeze
|-end|p1a: Mr. Freeze|Substitute
|
|-heal|p1a: Mr. Freeze|63/100|[from] item: Leftovers
|-heal|p2a: Garganacl|94/100|[from] item: Leftovers
|upkeep
|turn|27
|
|t:|1760461121
|move|p1a: Mr. Freeze|Earth Power|p2a: Garganacl
|-supereffective|p2a: Garganacl
|-damage|p2a: Garganacl|50/100
|move|p2a: Garganacl|Salt Cure|p1a: Mr. Freeze
|-supereffective|p1a: Mr. Freeze
|-damage|p1a: Mr. Freeze|39/100
|-start|p1a: Mr. Freeze|Salt Cure
|
|-heal|p1a: Mr. Freeze|45/100|[from] item: Leftovers
|-heal|p2a: Garganacl|56/100|[from] item: Leftovers
|-damage|p1a: Mr. Freeze|33/100|[from] Salt Cure
|upkeep
|turn|28
|
|t:|1760461125
|move|p1a: Mr. Freeze|Earth Power|p2a: Garganacl
|-supereffective|p2a: Garganacl
|-damage|p2a: Garganacl|17/100
|move|p2a: Garganacl|Recover|p2a: Garganacl
|-heal|p2a: Garganacl|67/100
|
|-heal|p1a: Mr. Freeze|39/100|[from] item: Leftovers
|-heal|p2a: Garganacl|73/100|[from] item: Leftovers
|-damage|p1a: Mr. Freeze|27/100|[from] Salt Cure
|upkeep
|turn|29
|
|t:|1760461138
|move|p1a: Mr. Freeze|Earth Power|p2a: Garganacl
|-supereffective|p2a: Garganacl
|-damage|p2a: Garganacl|33/100
|move|p2a: Garganacl|Salt Cure|p1a: Mr. Freeze
|-supereffective|p1a: Mr. Freeze
|-damage|p1a: Mr. Freeze|3/100
|
|-heal|p1a: Mr. Freeze|9/100|[from] item: Leftovers
|-heal|p2a: Garganacl|40/100|[from] item: Leftovers
|-damage|p1a: Mr. Freeze|0 fnt|[from] Salt Cure
|faint|p1a: Mr. Freeze
|
|win|ingunar3
|raw|expert showman's rating: 1273 &rarr; <strong>1245</strong><br />(-28 for losing)
|raw|ingunar3's rating: 1238 &rarr; <strong>1266</strong><br />(+28 for winning)
|c|☆expert showman|Gg
|l|☆expert showman
|player|p1|
|c|☆ingunar3|ggs
|l|☆ingunar3
|player|p2|
