|j|☆LionX_Pro
|j|☆jeunedescocom
|t:|1760365378
|gametype|singles
|player|p1|LionX_Pro|steven|1256
|player|p2|jeunedescocom|266|1267
|gen|9
|tier|[Gen 9] OU
|rated|
|rule|HP Percentage Mod: HP is shown in percentages
|rule|Endless Battle Clause: Forcing endless battles is banned
|rule|Species Clause: Limit one of each Pokémon
|rule|OHKO Clause: OHKO moves are banned
|rule|Evasion Items Clause: Evasion items are banned
|rule|Evasion Moves Clause: Evasion moves are banned
|rule|Evasion Abilities Clause: Evasion abilities are banned
|rule|Sleep Moves Clause: Sleep-inducing moves are banned
|clearpoke
|poke|p1|Shiftry, M|
|poke|p1|Glimmora, M|
|poke|p1|Incineroar, M|
|poke|p1|Gliscor, M|
|poke|p1|Great Tusk|
|poke|p1|Garganacl, F|
|poke|p2|Landorus-Therian, M|
|poke|p2|Cinderace, F|
|poke|p2|Samurott-Hisui, M|
|poke|p2|Dragapult, F|
|poke|p2|Primarina, M|
|poke|p2|Zapdos|
|teampreview
|
|t:|1760365416
|teamsize|p1|6
|teamsize|p2|6
|start
|switch|p1a: Shiftry|Shiftry, M|100/100
|switch|p2a: Landorus|Landorus-Therian, M|100/100
|-ability|p2a: Landorus|Intimidate|boost
|-unboost|p1a: Shiftry|atk|1
|turn|1
|
|t:|1760365421
|move|p1a: Shiftry|Tailwind|p1a: Shiftry
|-sidestart|p1: LionX_Pro|move: Tailwind
|-ability|p1a: Shiftry|Wind Rider|boost
|-boost|p1a: Shiftry|atk|1
|move|p2a: Landorus|Stealth Rock|p1a: Shiftry
|-sidestart|p1: LionX_Pro|move: Stealth Rock
|
|upkeep
|turn|2
|
|t:|1760365451
|move|p1a: Shiftry|Knock Off|p2a: Landorus
|-damage|p2a: Landorus|69/100
|-damage|p1a: Shiftry|84/100|[from] item: Rocky Helmet|[of] p2a: Landorus
|-enditem|p2a: Landorus|Rocky Helmet|[from] move: Knock Off|[of] p1a: Shiftry
|move|p2a: Landorus|U-turn|p1a: Shiftry
|-supereffective|p1a: Shiftry
|-damage|p1a: Shiftry|0 fnt
|faint|p1a: Shiftry
|
|t:|1760365460
|switch|p2a: Samurott|Samurott-Hisui, M|100/100|[from] U-turn
|
|upkeep
|
|t:|1760365479
|switch|p1a: Glimmora|Glimmora, M|100/100
|-damage|p1a: Glimmora|88/100|[from] Stealth Rock
|turn|3
|
|t:|1760365492
|move|p1a: Glimmora|Meteor Beam||[still]
|-prepare|p1a: Glimmora|Meteor Beam
|-boost|p1a: Glimmora|spa|1
|-enditem|p1a: Glimmora|Power Herb
|-anim|p1a: Glimmora|Meteor Beam|p2a: Samurott
|-damage|p2a: Samurott|0 fnt
|faint|p2a: Samurott
|
|upkeep
|
|t:|1760365499
|switch|p2a: Landorus|Landorus-Therian, M|69/100
|-ability|p2a: Landorus|Intimidate|boost
|-unboost|p1a: Glimmora|atk|1
|turn|4
|
|t:|1760365503
|move|p1a: Glimmora|Sludge Wave|p2a: Landorus
|-resisted|p2a: Landorus
|-damage|p2a: Landorus|31/100
|move|p2a: Landorus|Scorching Sands|p1a: Glimmora
|-supereffective|p1a: Glimmora
|-damage|p1a: Glimmora|0 fnt
|faint|p1a: Glimmora
|
|-sideend|p1: LionX_Pro|move: Tailwind
|upkeep
|
|t:|1760365515
|switch|p1a: Great Tusk|Great Tusk|100/100
|turn|5
|
|t:|1760365522
|move|p2a: Landorus|Scorching Sands|p1a: Great Tusk
|-damage|p1a: Great Tusk|68/100
|move|p1a: Great Tusk|Rapid Spin|p2a: Landorus
|-damage|p2a: Landorus|18/100
|-boost|p1a: Great Tusk|spe|1
|-sideend|p1: LionX_Pro|Stealth Rock|[from] move: Rapid Spin|[of] p1a: Great Tusk
|
|upkeep
|turn|6
|
|t:|1760365528
|move|p1a: Great Tusk|Bulk Up|p1a: Great Tusk
|-boost|p1a: Great Tusk|atk|1
|-boost|p1a: Great Tusk|def|1
|move|p2a: Landorus|Stealth Rock|p1a: Great Tusk
|-sidestart|p1: LionX_Pro|move: Stealth Rock
|
|upkeep
|turn|7
|
|t:|1760365533
|move|p1a: Great Tusk|Rapid Spin|p2a: Landorus
|-damage|p2a: Landorus|0 fnt
|-boost|p1a: Great Tusk|spe|1
|-sideend|p1: LionX_Pro|Stealth Rock|[from] move: Rapid Spin|[of] p1a: Great Tusk
|faint|p2a: Landorus
|
|upkeep
|
|t:|1760365540
|switch|p2a: Primarina|Primarina, M|100/100
|turn|8
|
|t:|1760365548
|move|p1a: Great Tusk|Headlong Rush|p2a: Primarina
|-damage|p2a: Primarina|0 fnt
|-unboost|p1a: Great Tusk|def|1
|-unboost|p1a: Great Tusk|spd|1
|faint|p2a: Primarina
|
|upkeep
|
|t:|1760365555
|switch|p2a: Cinderace|Cinderace, F|100/100
|turn|9
|
|t:|1760365559
|move|p1a: Great Tusk|Headlong Rush|p2a: Cinderace
|-supereffective|p2a: Cinderace
|-damage|p2a: Cinderace|0 fnt
|-unboost|p1a: Great Tusk|def|1
|-unboost|p1a: Great Tusk|spd|1
|faint|p2a: Cinderace
|
|upkeep
|-message|jeunedescocom forfeited.
|
|win|LionX_Pro
|raw|LionX_Pro's rating: 1228 &rarr; <strong>1256</strong><br />(+28 for winning)
|raw|jeunedescocom's rating: 1267 &rarr; <strong>1239</strong><br />(-28 for losing)
|l|☆jeunedescocom
|player|p2|
|l|☆LionX_Pro
|player|p1|
