|j|☆AkumaAmbu
|j|☆iluvmyteams
|t:|1760450773
|gametype|singles
|player|p1|AkumaAmbu|170|1433
|player|p2|iluvmyteams|alder|1374
|gen|9
|tier|[Gen 9] OU
|rated|
|rule|HP Percentage Mod: HP is shown in percentages
|rule|Endless Battle Clause: Forcing endless battles is banned
|rule|Species Clause: Limit one of each Pokémon
|rule|OHKO Clause: OHKO moves are banned
|rule|Evasion Items Clause: Evasion items are banned
|rule|Evasion Moves Clause: Evasion moves are banned
|rule|Evasion Abilities Clause: Evasion abilities are banned
|rule|Sleep Moves Clause: Sleep-inducing moves are banned
|clearpoke
|poke|p1|Basculegion, M|
|poke|p1|Pelipper, M|
|poke|p1|Iron Treads|
|poke|p1|Dragapult, M|
|poke|p1|Overqwil, M|
|poke|p1|Iron Valiant|
|poke|p2|Greninja-*, M|
|poke|p2|Cinderace, F|
|poke|p2|Meowscarada, M|
|poke|p2|Hatterene, F|
|poke|p2|Dragapult, F|
|poke|p2|Corviknight, F|
|teampreview
|inactive|Battle timer is ON: inactive players will automatically lose when time's up. (requested by AkumaAmbu)
|
|t:|1760450785
|teamsize|p1|6
|teamsize|p2|6
|start
|switch|p1a: Messenger|Pelipper, M, shiny|100/100
|switch|p2a: Meowscarada|Meowscarada, M, shiny|100/100
|-weather|RainDance|[from] ability: Drizzle|[of] p1a: Messenger
|turn|1
|
|t:|1760450791
|move|p2a: Meowscarada|Knock Off|p1a: Messenger
|-start|p2a: Meowscarada|typechange|Dark|[from] ability: Protean
|-damage|p1a: Messenger|14/100
|-enditem|p1a: Messenger|Damp Rock|[from] move: Knock Off|[of] p2a: Meowscarada
|move|p1a: Messenger|Hurricane|p2a: Meowscarada
|-damage|p2a: Meowscarada|27/100
|-start|p2a: Meowscarada|confusion
|
|-weather|RainDance|[upkeep]
|upkeep
|turn|2
|
|t:|1760450802
|switch|p1a: Predator|Overqwil, M, shiny|100/100
|-activate|p2a: Meowscarada|confusion
|move|p2a: Meowscarada|Knock Off|p1a: Predator
|-resisted|p1a: Predator
|-damage|p1a: Predator|62/100
|-enditem|p1a: Predator|Life Orb|[from] move: Knock Off|[of] p2a: Meowscarada
|
|-weather|RainDance|[upkeep]
|upkeep
|turn|3
|
|t:|1760450809
|switch|p2a: Corviknight|Corviknight, F, shiny|100/100
|-ability|p2a: Corviknight|Pressure
|move|p1a: Predator|Liquidation|p2a: Corviknight
|-damage|p2a: Corviknight|78/100
|-damage|p1a: Predator|45/100|[from] item: Rocky Helmet|[of] p2a: Corviknight
|
|-weather|RainDance|[upkeep]
|upkeep
|turn|4
|
|t:|1760450824
|move|p1a: Predator|Taunt|p2a: Corviknight
|-start|p2a: Corviknight|move: Taunt
|cant|p2a: Corviknight|move: Taunt|Roost
|
|-weather|RainDance|[upkeep]
|upkeep
|turn|5
|
|t:|1760450829
|move|p1a: Predator|Spikes|p2a: Corviknight
|-sidestart|p2: iluvmyteams|Spikes
|move|p2a: Corviknight|Body Press|p1a: Predator
|-damage|p1a: Predator|15/100
|
|-weather|RainDance|[upkeep]
|upkeep
|turn|6
|
|t:|1760450852
|switch|p1a: Rage|Iron Treads, shiny|100/100
|-enditem|p1a: Rage|Booster Energy
|-activate|p1a: Rage|ability: Quark Drive|[fromitem]
|-start|p1a: Rage|quarkdrivespe
|move|p2a: Corviknight|Body Press|p1a: Rage
|-supereffective|p1a: Rage
|-damage|p1a: Rage|54/100
|
|-weather|RainDance|[upkeep]
|-end|p2a: Corviknight|move: Taunt
|upkeep
|turn|7
|
|t:|1760450863
|move|p1a: Rage|Thunder|p2a: Corviknight
|-supereffective|p2a: Corviknight
|-damage|p2a: Corviknight|29/100
|move|p2a: Corviknight|Body Press|p1a: Rage
|-supereffective|p1a: Rage
|-damage|p1a: Rage|6/100
|
|-weather|RainDance|[upkeep]
|upkeep
|turn|8
|
|t:|1760450877
|switch|p2a: Meowscarada|Meowscarada, M, shiny|27/100
|-damage|p2a: Meowscarada|14/100|[from] Spikes
|move|p1a: Rage|Thunder|p2a: Meowscarada
|-resisted|p2a: Meowscarada
|-damage|p2a: Meowscarada|0 fnt
|faint|p2a: Meowscarada
|
|-weather|none
|upkeep
|
|t:|1760450888
|switch|p2a: Greninja|Greninja, M, shiny|100/100
|-damage|p2a: Greninja|88/100|[from] Spikes
|turn|9
|
|t:|1760450902
|-end|p1a: Rage|Quark Drive|[silent]
|switch|p1a: Messenger|Pelipper, M, shiny|14/100
|-weather|RainDance|[from] ability: Drizzle|[of] p1a: Messenger
|move|p2a: Greninja|Water Shuriken|p1a: Messenger
|-start|p2a: Greninja|typechange|Water|[from] ability: Protean
|-resisted|p1a: Messenger
|-damage|p1a: Messenger|1/100
|-resisted|p1a: Messenger
|-damage|p1a: Messenger|0 fnt
|faint|p1a: Messenger
|-hitcount|p1: Messenger|2
|
|-weather|RainDance|[upkeep]
|upkeep
|
|t:|1760450912
|switch|p1a: Calamity|Iron Valiant, shiny|100/100
|turn|10
|
|t:|1760450927
|move|p2a: Greninja|Water Shuriken|p1a: Calamity
|-damage|p1a: Calamity|73/100
|-damage|p1a: Calamity|48/100
|-damage|p1a: Calamity|23/100
|-hitcount|p1a: Calamity|3
|move|p1a: Calamity|Thunderbolt|p2a: Greninja
|-supereffective|p2a: Greninja
|-damage|p2a: Greninja|0 fnt
|faint|p2a: Greninja
|
|-weather|RainDance|[upkeep]
|upkeep
|
|t:|1760450946
|switch|p2a: Cinderace|Cinderace, F, shiny|100/100
|turn|11
|
|t:|1760450956
|-end|p1a: Calamity|Quark Drive|[silent]
|switch|p1a: Rage|Iron Treads, shiny|6/100
|move|p2a: Cinderace|Court Change|p2a: Cinderace
|-start|p2a: Cinderace|typechange|Normal|[from] ability: Libero
|-swapsideconditions
|-activate|p2a: Cinderace|move: Court Change
|
|-weather|RainDance|[upkeep]
|upkeep
|turn|12
|
|t:|1760450963
|move|p2a: Cinderace|Sucker Punch|p1a: Rage
|-damage|p1a: Rage|0 fnt
|faint|p1a: Rage
|-end|p1a: Rage|Quark Drive|[silent]
|
|-weather|RainDance|[upkeep]
|upkeep
|
|t:|1760450968
|switch|p1a: Jaws|Basculegion, M, shiny|100/100
|-damage|p1a: Jaws|88/100|[from] Spikes
|turn|13
|
|t:|1760450979
|move|p2a: Cinderace|U-turn|p1a: Jaws
|-resisted|p1a: Jaws
|-damage|p1a: Jaws|75/100
|
|t:|1760450982
|switch|p2a: Corviknight|Corviknight, F, shiny|29/100|[from] U-turn
|-ability|p2a: Corviknight|Pressure
|move|p1a: Jaws|Wave Crash|p2a: Corviknight
|-damage|p2a: Corviknight|0 fnt
|-damage|p1a: Jaws|58/100|[from] item: Rocky Helmet|[of] p2a: Corviknight
|faint|p2a: Corviknight
|-damage|p1a: Jaws|48/100|[from] Recoil
|
|-weather|none
|upkeep
|
|t:|1760450998
|switch|p2a: Dragapult|Dragapult, F, shiny|100/100
|turn|14
|
|t:|1760451004
|switch|p1a: Predator|Overqwil, M, shiny|15/100
|-damage|p1a: Predator|3/100|[from] Spikes
|move|p2a: Dragapult|Substitute|p2a: Dragapult
|-start|p2a: Dragapult|Substitute
|-damage|p2a: Dragapult|76/100
|
|upkeep
|turn|15
|
|t:|1760451013
|move|p2a: Dragapult|Dragon Dance|p2a: Dragapult
|-boost|p2a: Dragapult|atk|1
|-boost|p2a: Dragapult|spe|1
|move|p1a: Predator|Liquidation|p2a: Dragapult
|-resisted|p2a: Dragapult
|-activate|p2a: Dragapult|move: Substitute|[damage]
|
|upkeep
|turn|16
|
|t:|1760451022
|move|p2a: Dragapult|Dragon Darts|p1a: Predator
|-damage|p1a: Predator|0 fnt
|faint|p1a: Predator
|
|upkeep
|
|t:|1760451024
|switch|p1a: Jaws|Basculegion, M, shiny|48/100
|-damage|p1a: Jaws|36/100|[from] Spikes
|turn|17
|-message|AkumaAmbu forfeited.
|
|win|iluvmyteams
|raw|AkumaAmbu's rating: 1433 &rarr; <strong>1410</strong><br />(-23 for losing)
|raw|iluvmyteams's rating: 1374 &rarr; <strong>1397</strong><br />(+23 for winning)
|l|☆AkumaAmbu
|player|p1|
|l|☆iluvmyteams
|player|p2|
