|j|☆inthestation
|j|☆Obito 2001
|t:|1760314872
|gametype|singles
|player|p1|inthestation|pokemonbreeder|1526
|player|p2|Obito 2001|blue-gen3two|1600
|gen|9
|tier|[Gen 9] OU
|rated|
|rule|HP Percentage Mod: HP is shown in percentages
|rule|Endless Battle Clause: Forcing endless battles is banned
|rule|Species Clause: Limit one of each Pokémon
|rule|OHKO Clause: OHKO moves are banned
|rule|Evasion Items Clause: Evasion items are banned
|rule|Evasion Moves Clause: Evasion moves are banned
|rule|Evasion Abilities Clause: Evasion abilities are banned
|rule|Sleep Moves Clause: Sleep-inducing moves are banned
|clearpoke
|poke|p1|Ninetales-Alola, F|
|poke|p1|Kyurem|
|poke|p1|Hatterene, F|
|poke|p1|Weezing-Galar, F|
|poke|p1|Kingambit, M|
|poke|p1|Iron Moth|
|poke|p2|Ogerpon-Wellspring, F|
|poke|p2|Toxapex, M|
|poke|p2|Gliscor, M|
|poke|p2|Blissey, F|
|poke|p2|Corviknight, M|
|poke|p2|Hoopa-Unbound|
|teampreview
|inactive|Battle timer is ON: inactive players will automatically lose when time's up. (requested by Obito 2001)
|
|t:|1760314881
|teamsize|p1|6
|teamsize|p2|6
|start
|switch|p1a: Ninetales|Ninetales-Alola, F|100/100
|switch|p2a: Uber level|Gliscor, M|100/100
|-weather|Snowscape|[from] ability: Snow Warning|[of] p1a: Ninetales
|turn|1
|
|t:|1760314891
|move|p2a: Uber level|Protect|p2a: Uber level
|-singleturn|p2a: Uber level|Protect
|move|p1a: Ninetales|Aurora Veil|p1a: Ninetales
|-sidestart|p1: inthestation|move: Aurora Veil
|
|-weather|Snowscape|[upkeep]
|-status|p2a: Uber level|tox|[from] item: Toxic Orb
|upkeep
|turn|2
|
|t:|1760314917
|switch|p1a: Hatterene|Hatterene, F|100/100
|switch|p2a: Stall Machine|Toxapex, M|100/100
|
|-weather|Snowscape|[upkeep]
|upkeep
|turn|3
|
|t:|1760314925
|switch|p2a: Ruby Chan|Blissey, F|100/100
|move|p1a: Hatterene|Calm Mind|p1a: Hatterene
|-boost|p1a: Hatterene|spa|1
|-boost|p1a: Hatterene|spd|1
|
|-weather|Snowscape|[upkeep]
|upkeep
|turn|4
|
|t:|1760314928
|move|p2a: Ruby Chan|Calm Mind|p2a: Ruby Chan
|-boost|p2a: Ruby Chan|spa|1
|-boost|p2a: Ruby Chan|spd|1
|move|p1a: Hatterene|Psyshock|p2a: Ruby Chan
|-damage|p2a: Ruby Chan|0 fnt
|faint|p2a: Ruby Chan
|
|-weather|Snowscape|[upkeep]
|upkeep
|
|t:|1760314942
|switch|p2a: Uber level|Gliscor, M|100/100 tox
|turn|5
|
|t:|1760314945
|move|p2a: Uber level|Swords Dance|p2a: Uber level
|-boost|p2a: Uber level|atk|2
|move|p1a: Hatterene|Calm Mind|p1a: Hatterene
|-boost|p1a: Hatterene|spa|1
|-boost|p1a: Hatterene|spd|1
|
|-weather|none
|upkeep
|turn|6
|
|t:|1760314952
|move|p2a: Uber level|Swords Dance|p2a: Uber level
|-boost|p2a: Uber level|atk|2
|move|p1a: Hatterene|Draining Kiss|p2a: Uber level
|-damage|p2a: Uber level|46/100 tox
|
|-heal|p2a: Uber level|58/100 tox|[from] ability: Poison Heal
|upkeep
|turn|7
|
|t:|1760314956
|move|p2a: Uber level|Protect|p2a: Uber level
|-singleturn|p2a: Uber level|Protect
|move|p1a: Hatterene|Draining Kiss|p2a: Uber level
|-activate|p2a: Uber level|move: Protect
|
|-heal|p2a: Uber level|71/100 tox|[from] ability: Poison Heal
|upkeep
|turn|8
|
|t:|1760314964
|move|p2a: Uber level|Earthquake|p1a: Hatterene
|-damage|p1a: Hatterene|57/100
|move|p1a: Hatterene|Draining Kiss|p2a: Uber level
|-damage|p2a: Uber level|14/100 tox
|-heal|p1a: Hatterene|100/100|[from] drain|[of] p2a: Uber level
|
|-heal|p2a: Uber level|26/100 tox|[from] ability: Poison Heal
|-sideend|p1: inthestation|move: Aurora Veil
|upkeep
|turn|9
|
|t:|1760314970
|move|p2a: Uber level|Earthquake|p1a: Hatterene
|-damage|p1a: Hatterene|17/100
|move|p1a: Hatterene|Draining Kiss|p2a: Uber level
|-damage|p2a: Uber level|0 fnt
|-heal|p1a: Hatterene|38/100|[from] drain|[of] p2a: Uber level
|faint|p2a: Uber level
|
|-heal|p1a: Hatterene|44/100|[from] item: Leftovers
|upkeep
|
|t:|1760314974
|switch|p2a: 🎭|Ogerpon-Wellspring, F|100/100
|turn|10
|
|t:|1760314981
|-terastallize|p1a: Hatterene|Water
|move|p2a: 🎭|Ivy Cudgel|p1a: Hatterene|[anim] Ivy Cudgel Water
|-resisted|p1a: Hatterene
|-damage|p1a: Hatterene|17/100
|move|p1a: Hatterene|Draining Kiss|p2a: 🎭
|-damage|p2a: 🎭|52/100
|-heal|p1a: Hatterene|51/100|[from] drain|[of] p2a: 🎭
|
|-heal|p1a: Hatterene|57/100|[from] item: Leftovers
|upkeep
|turn|11
|
|t:|1760314990
|move|p2a: 🎭|Trailblaze|p1a: Hatterene
|-supereffective|p1a: Hatterene
|-damage|p1a: Hatterene|6/100
|-boost|p2a: 🎭|spe|1
|move|p1a: Hatterene|Draining Kiss|p2a: 🎭
|-damage|p2a: 🎭|1/100
|-heal|p1a: Hatterene|42/100|[from] drain|[of] p2a: 🎭
|
|-heal|p1a: Hatterene|48/100|[from] item: Leftovers
|upkeep
|turn|12
|
|t:|1760314997
|move|p2a: 🎭|Trailblaze|p1a: Hatterene
|-supereffective|p1a: Hatterene
|-damage|p1a: Hatterene|0 fnt
|-boost|p2a: 🎭|spe|1
|faint|p1a: Hatterene
|
|upkeep
|
|t:|1760315006
|switch|p1a: Kingambit|Kingambit, M|100/100
|-activate|p1a: Kingambit|ability: Supreme Overlord
|-start|p1a: Kingambit|fallen1|[silent]
|turn|13
|
|t:|1760315009
|move|p1a: Kingambit|Sucker Punch||[still]
|-fail|p1a: Kingambit
|move|p2a: 🎭|Swords Dance|p2a: 🎭
|-boost|p2a: 🎭|atk|2
|
|upkeep
|turn|14
|
|t:|1760315011
|move|p1a: Kingambit|Sucker Punch||[still]
|-fail|p1a: Kingambit
|move|p2a: 🎭|Swords Dance|p2a: 🎭
|-boost|p2a: 🎭|atk|2
|
|upkeep
|turn|15
|
|t:|1760315014
|move|p1a: Kingambit|Sucker Punch||[still]
|-fail|p1a: Kingambit
|move|p2a: 🎭|Swords Dance|p2a: 🎭
|-boost|p2a: 🎭|atk|2
|
|upkeep
|turn|16
|
|t:|1760315016
|move|p1a: Kingambit|Sucker Punch||[still]
|-fail|p1a: Kingambit
|move|p2a: 🎭|Swords Dance|p2a: 🎭
|-boost|p2a: 🎭|atk|0
|
|upkeep
|turn|17
|
|t:|1760315019
|move|p1a: Kingambit|Sucker Punch||[still]
|-fail|p1a: Kingambit
|move|p2a: 🎭|Swords Dance|p2a: 🎭
|-boost|p2a: 🎭|atk|0
|
|upkeep
|turn|18
|
|t:|1760315021
|move|p1a: Kingambit|Sucker Punch||[still]
|-fail|p1a: Kingambit
|move|p2a: 🎭|Swords Dance|p2a: 🎭
|-boost|p2a: 🎭|atk|0
|
|upkeep
|turn|19
|
|t:|1760315024
|switch|p2a: Sting|Corviknight, M, shiny|100/100
|-ability|p2a: Sting|Pressure
|move|p1a: Kingambit|Sucker Punch||[still]
|-fail|p1a: Kingambit
|
|upkeep
|turn|20
|
|t:|1760315029
|-end|p1a: Kingambit|fallen1|[silent]
|switch|p1a: Ninetales|Ninetales-Alola, F|100/100
|-weather|Snowscape|[from] ability: Snow Warning|[of] p1a: Ninetales
|move|p2a: Sting|U-turn|p1a: Ninetales
|-resisted|p1a: Ninetales
|-damage|p1a: Ninetales|95/100
|
|t:|1760315033
|switch|p2a: Stall Machine|Toxapex, M|100/100|[from] U-turn
|
|-weather|Snowscape|[upkeep]
|upkeep
|turn|21
|
|t:|1760315040
|switch|p1a: Kyurem|Kyurem|100/100
|-ability|p1a: Kyurem|Pressure
|move|p2a: Stall Machine|Toxic|p1a: Kyurem
|-status|p1a: Kyurem|tox
|
|-weather|Snowscape|[upkeep]
|-damage|p1a: Kyurem|94/100 tox|[from] psn
|upkeep
|turn|22
|
|t:|1760315056
|move|p1a: Kyurem|Freeze-Dry|p2a: Stall Machine
|-supereffective|p2a: Stall Machine
|-damage|p2a: Stall Machine|39/100
|move|p2a: Stall Machine|Surf|p1a: Kyurem
|-resisted|p1a: Kyurem
|-damage|p1a: Kyurem|85/100 tox
|
|-weather|Snowscape|[upkeep]
|-heal|p2a: Stall Machine|46/100|[from] item: Leftovers
|-damage|p1a: Kyurem|73/100 tox|[from] psn
|upkeep
|turn|23
|
|t:|1760315063
|switch|p2a: Sting|Corviknight, M, shiny|100/100
|-ability|p2a: Sting|Pressure
|move|p1a: Kyurem|Dragon Dance|p1a: Kyurem
|-boost|p1a: Kyurem|atk|1
|-boost|p1a: Kyurem|spe|1
|
|-weather|Snowscape|[upkeep]
|-damage|p1a: Kyurem|55/100 tox|[from] psn
|upkeep
|turn|24
|
|t:|1760315068
|move|p1a: Kyurem|Icicle Spear|p2a: Sting
|-damage|p2a: Sting|87/100
|-damage|p2a: Sting|73/100
|-hitcount|p2a: Sting|2
|move|p2a: Sting|Roost|p2a: Sting
|-heal|p2a: Sting|100/100
|-singleturn|p2a: Sting|move: Roost
|
|-weather|none
|-damage|p1a: Kyurem|30/100 tox|[from] psn
|upkeep
|turn|25
|
|t:|1760315074
|move|p1a: Kyurem|Icicle Spear|p2a: Sting
|-damage|p2a: Sting|88/100
|-damage|p2a: Sting|75/100
|-hitcount|p2a: Sting|2
|move|p2a: Sting|Roost|p2a: Sting
|-heal|p2a: Sting|100/100
|-singleturn|p2a: Sting|move: Roost
|
|-damage|p1a: Kyurem|0 fnt|[from] psn
|faint|p1a: Kyurem
|upkeep
|
|t:|1760315089
|switch|p1a: Iron Moth|Iron Moth|100/100
|-enditem|p1a: Iron Moth|Booster Energy
|-activate|p1a: Iron Moth|ability: Quark Drive|[fromitem]
|-start|p1a: Iron Moth|quarkdrivespe
|turn|26
|
|t:|1760315117
|move|p1a: Iron Moth|Substitute|p1a: Iron Moth
|-start|p1a: Iron Moth|Substitute
|-damage|p1a: Iron Moth|76/100
|move|p2a: Sting|Brave Bird|p1a: Iron Moth
|-end|p1a: Iron Moth|Substitute
|-damage|p2a: Sting|94/100|[from] Recoil|[of] p1a: Iron Moth
|
|upkeep
|turn|27
|
|t:|1760315125
|switch|p2a: 🎭|Ogerpon-Wellspring, F|1/100
|move|p1a: Iron Moth|Fiery Dance|p2a: 🎭
|-damage|p2a: 🎭|0 fnt
|faint|p2a: 🎭
|
|upkeep
|
|t:|1760315128
|switch|p2a: Djin of demise|Hoopa-Unbound|100/100
|turn|28
|
|t:|1760315140
|move|p1a: Iron Moth|Sludge Wave|p2a: Djin of demise
|-damage|p2a: Djin of demise|55/100
|move|p2a: Djin of demise|Psychic Noise|p1a: Iron Moth
|-supereffective|p1a: Iron Moth
|-damage|p1a: Iron Moth|0 fnt
|faint|p1a: Iron Moth
|-end|p1a: Iron Moth|Quark Drive|[silent]
|
|-heal|p2a: Djin of demise|61/100|[from] item: Leftovers
|upkeep
|
|t:|1760315150
|switch|p1a: Kingambit|Kingambit, M|100/100
|-activate|p1a: Kingambit|ability: Supreme Overlord
|-start|p1a: Kingambit|fallen3|[silent]
|turn|29
|
|t:|1760315155
|move|p2a: Djin of demise|Drain Punch|p1a: Kingambit
|-supereffective|p1a: Kingambit
|-damage|p1a: Kingambit|4/100
|-heal|p2a: Djin of demise|100/100|[from] drain|[of] p1a: Kingambit
|move|p1a: Kingambit|Kowtow Cleave|p2a: Djin of demise
|-damage|p2a: Djin of demise|0 fnt
|faint|p2a: Djin of demise
|
|-heal|p1a: Kingambit|10/100|[from] item: Leftovers
|upkeep
|
|t:|1760315163
|switch|p2a: Sting|Corviknight, M, shiny|94/100
|-ability|p2a: Sting|Pressure
|turn|30
|
|t:|1760315171
|-end|p1a: Kingambit|fallen3|[silent]
|switch|p1a: Weezing|Weezing-Galar, F|100/100
|-ability|p1a: Weezing|Neutralizing Gas
|move|p2a: Sting|U-turn|p1a: Weezing
|-resisted|p1a: Weezing
|-damage|p1a: Weezing|98/100
|
|t:|1760315173
|switch|p2a: Stall Machine|Toxapex, M|79/100|[from] U-turn
|
|-heal|p2a: Stall Machine|85/100|[from] item: Leftovers
|upkeep
|turn|31
|
|t:|1760315178
|move|p1a: Weezing|Will-O-Wisp|p2a: Stall Machine|[miss]
|-miss|p1a: Weezing|p2a: Stall Machine
|move|p2a: Stall Machine|Surf|p1a: Weezing
|-damage|p1a: Weezing|71/100
|
|-heal|p2a: Stall Machine|91/100|[from] item: Leftovers
|upkeep
|turn|32
|
|t:|1760315182
|move|p1a: Weezing|Will-O-Wisp|p2a: Stall Machine|[miss]
|-miss|p1a: Weezing|p2a: Stall Machine
|move|p2a: Stall Machine|Surf|p1a: Weezing
|-damage|p1a: Weezing|44/100
|
|-heal|p2a: Stall Machine|98/100|[from] item: Leftovers
|upkeep
|turn|33
|
|t:|1760315186
|move|p1a: Weezing|Pain Split|p2a: Stall Machine
|-sethp|p2a: Stall Machine|73/100|[from] move: Pain Split|[silent]
|-sethp|p1a: Weezing|66/100|[from] move: Pain Split
|move|p2a: Stall Machine|Surf|p1a: Weezing
|-damage|p1a: Weezing|43/100
|
|-heal|p2a: Stall Machine|79/100|[from] item: Leftovers
|upkeep
|turn|34
|
|t:|1760315189
|move|p1a: Weezing|Will-O-Wisp|p2a: Stall Machine
|-status|p2a: Stall Machine|brn
|move|p2a: Stall Machine|Surf|p1a: Weezing
|-damage|p1a: Weezing|18/100
|
|-heal|p2a: Stall Machine|85/100 brn|[from] item: Leftovers
|-damage|p2a: Stall Machine|79/100 brn|[from] brn
|upkeep
|turn|35
|
|t:|1760315191
|move|p1a: Weezing|Pain Split|p2a: Stall Machine
|-sethp|p2a: Stall Machine|49/100 brn|[from] move: Pain Split|[silent]
|-sethp|p1a: Weezing|45/100|[from] move: Pain Split
|move|p2a: Stall Machine|Surf|p1a: Weezing
|-damage|p1a: Weezing|19/100
|
|-heal|p2a: Stall Machine|55/100 brn|[from] item: Leftovers
|-damage|p2a: Stall Machine|49/100 brn|[from] brn
|upkeep
|turn|36
|
|t:|1760315197
|-end|p1a: Weezing|ability: Neutralizing Gas
|switch|p1a: Ninetales|Ninetales-Alola, F|95/100
|-weather|Snowscape|[from] ability: Snow Warning|[of] p1a: Ninetales
|move|p2a: Stall Machine|Surf|p1a: Ninetales
|-damage|p1a: Ninetales|77/100
|
|-weather|Snowscape|[upkeep]
|-heal|p2a: Stall Machine|55/100 brn|[from] item: Leftovers
|-damage|p2a: Stall Machine|49/100 brn|[from] brn
|upkeep
|turn|37
|
|t:|1760315203
|switch|p2a: Sting|Corviknight, M, shiny|94/100
|-ability|p2a: Sting|Pressure
|move|p1a: Ninetales|Freeze-Dry|p2a: Sting
|-damage|p2a: Sting|74/100
|
|-weather|Snowscape|[upkeep]
|upkeep
|turn|38
|
|t:|1760315210
|move|p1a: Ninetales|Freeze-Dry|p2a: Sting
|-damage|p2a: Sting|53/100
|move|p2a: Sting|U-turn|p1a: Ninetales
|-resisted|p1a: Ninetales
|-damage|p1a: Ninetales|71/100
|
|t:|1760315213
|switch|p2a: Stall Machine|Toxapex, M|82/100 brn|[from] U-turn
|
|-weather|Snowscape|[upkeep]
|-heal|p2a: Stall Machine|88/100 brn|[from] item: Leftovers
|-damage|p2a: Stall Machine|82/100 brn|[from] brn
|upkeep
|turn|39
|
|t:|1760315216
|move|p1a: Ninetales|Freeze-Dry|p2a: Stall Machine
|-supereffective|p2a: Stall Machine
|-damage|p2a: Stall Machine|52/100 brn
|move|p2a: Stall Machine|Surf|p1a: Ninetales
|-damage|p1a: Ninetales|52/100
|
|-weather|Snowscape|[upkeep]
|-heal|p2a: Stall Machine|59/100 brn|[from] item: Leftovers
|-damage|p2a: Stall Machine|52/100 brn|[from] brn
|upkeep
|turn|40
|
|t:|1760315220
|move|p1a: Ninetales|Freeze-Dry|p2a: Stall Machine
|-supereffective|p2a: Stall Machine
|-damage|p2a: Stall Machine|22/100 brn
|move|p2a: Stall Machine|Toxic|p1a: Ninetales
|-status|p1a: Ninetales|tox
|
|-weather|none
|-heal|p2a: Stall Machine|28/100 brn|[from] item: Leftovers
|-damage|p1a: Ninetales|46/100 tox|[from] psn
|-damage|p2a: Stall Machine|22/100 brn|[from] brn
|upkeep
|turn|41
|
|t:|1760315222
|switch|p2a: Sting|Corviknight, M, shiny|53/100
|-ability|p2a: Sting|Pressure
|move|p1a: Ninetales|Freeze-Dry|p2a: Sting
|-damage|p2a: Sting|33/100
|
|-damage|p1a: Ninetales|34/100 tox|[from] psn
|upkeep
|turn|42
|
|t:|1760315236
|switch|p1a: Kingambit|Kingambit, M|10/100
|-activate|p1a: Kingambit|ability: Supreme Overlord
|-start|p1a: Kingambit|fallen3|[silent]
|move|p2a: Sting|Roost|p2a: Sting
|-heal|p2a: Sting|83/100
|-singleturn|p2a: Sting|move: Roost
|
|-heal|p1a: Kingambit|16/100|[from] item: Leftovers
|upkeep
|turn|43
|
|t:|1760315241
|move|p2a: Sting|U-turn|p1a: Kingambit
|-damage|p1a: Kingambit|5/100
|
|t:|1760315243
|switch|p2a: Stall Machine|Toxapex, M|55/100 brn|[from] U-turn
|move|p1a: Kingambit|Kowtow Cleave|p2a: Stall Machine
|-damage|p2a: Stall Machine|11/100 brn
|
|-heal|p1a: Kingambit|11/100|[from] item: Leftovers
|-heal|p2a: Stall Machine|17/100 brn|[from] item: Leftovers
|-damage|p2a: Stall Machine|11/100 brn|[from] brn
|upkeep
|turn|44
|
|t:|1760315248
|switch|p2a: Sting|Corviknight, M, shiny|83/100
|-ability|p2a: Sting|Pressure
|move|p1a: Kingambit|Kowtow Cleave|p2a: Sting
|-damage|p2a: Sting|45/100
|-damage|p1a: Kingambit|0 fnt|[from] item: Rocky Helmet|[of] p2a: Sting
|faint|p1a: Kingambit
|-end|p1a: Kingambit|fallen3|[silent]
|
|upkeep
|
|t:|1760315256
|switch|p1a: Ninetales|Ninetales-Alola, F|34/100 tox
|-weather|Snowscape|[from] ability: Snow Warning|[of] p1a: Ninetales
|turn|45
|
|t:|1760315258
|move|p1a: Ninetales|Freeze-Dry|p2a: Sting
|-damage|p2a: Sting|24/100
|move|p2a: Sting|Roost|p2a: Sting
|-heal|p2a: Sting|74/100
|-singleturn|p2a: Sting|move: Roost
|
|-weather|Snowscape|[upkeep]
|-damage|p1a: Ninetales|28/100 tox|[from] psn
|upkeep
|turn|46
|
|t:|1760315262
|move|p1a: Ninetales|Encore|p2a: Sting
|-start|p2a: Sting|Encore
|move|p2a: Sting|Roost|p2a: Sting
|-heal|p2a: Sting|100/100
|-singleturn|p2a: Sting|move: Roost
|
|-weather|Snowscape|[upkeep]
|-damage|p1a: Ninetales|16/100 tox|[from] psn
|upkeep
|turn|47
|
|t:|1760315264
|switch|p2a: Stall Machine|Toxapex, M|44/100 brn
|move|p1a: Ninetales|Freeze-Dry|p2a: Stall Machine
|-supereffective|p2a: Stall Machine
|-damage|p2a: Stall Machine|10/100 brn
|
|-weather|Snowscape|[upkeep]
|-heal|p2a: Stall Machine|16/100 brn|[from] item: Leftovers
|-damage|p1a: Ninetales|0 fnt|[from] psn
|faint|p1a: Ninetales
|-damage|p2a: Stall Machine|10/100 brn|[from] brn
|upkeep
|
|t:|1760315265
|switch|p1a: Weezing|Weezing-Galar, F|19/100
|-ability|p1a: Weezing|Neutralizing Gas
|turn|48
|
|t:|1760315267
|move|p1a: Weezing|Strange Steam|p2a: Stall Machine
|-resisted|p2a: Stall Machine
|-damage|p2a: Stall Machine|0 fnt
|faint|p2a: Stall Machine
|
|-weather|Snowscape|[upkeep]
|upkeep
|
|t:|1760315270
|switch|p2a: Sting|Corviknight, M, shiny|100/100
|turn|49
|
|t:|1760315272
|move|p2a: Sting|Brave Bird|p1a: Weezing
|-damage|p1a: Weezing|0 fnt
|faint|p1a: Weezing
|-end|p1a: Weezing|ability: Neutralizing Gas
|-ability|p2a: Sting|Pressure
|-damage|p2a: Sting|95/100|[from] Recoil
|
|win|Obito 2001
|raw|inthestation's rating: 1526 &rarr; <strong>1510</strong><br />(-16 for losing)
|raw|Obito 2001's rating: 1600 &rarr; <strong>1616</strong><br />(+16 for winning)
|l|☆inthestation
|player|p1|
