|j|☆SyndroZ
|j|☆The Power of Spam
|t:|1760310682
|gametype|singles
|player|p1|SyndroZ|265|1271
|player|p2|The Power of Spam|worker|1278
|gen|9
|tier|[Gen 9] OU
|rated|
|rule|HP Percentage Mod: HP is shown in percentages
|rule|Endless Battle Clause: Forcing endless battles is banned
|rule|Species Clause: Limit one of each Pokémon
|rule|OHKO Clause: OHKO moves are banned
|rule|Evasion Items Clause: Evasion items are banned
|rule|Evasion Moves Clause: Evasion moves are banned
|rule|Evasion Abilities Clause: Evasion abilities are banned
|rule|Sleep Moves Clause: Sleep-inducing moves are banned
|clearpoke
|poke|p1|Ceruledge, F|
|poke|p1|Darkrai|
|poke|p1|Primarina, F|
|poke|p1|Kingambit, F|
|poke|p1|Kyurem|
|poke|p1|Zamazenta-*|
|poke|p2|Landorus-Therian, M|
|poke|p2|Weavile, F|
|poke|p2|Heatran, F|
|poke|p2|Iron Hands|
|poke|p2|Deoxys-Speed|
|poke|p2|Glimmora, F|
|teampreview
|inactive|Battle timer is ON: inactive players will automatically lose when time's up. (requested by SyndroZ)
|
|t:|1760310712
|teamsize|p1|6
|teamsize|p2|6
|start
|switch|p1a: Darkrai|Darkrai, shiny|100/100
|switch|p2a: Iron Hands|Iron Hands|100/100
|turn|1
|
|t:|1760310719
|move|p1a: Darkrai|Will-O-Wisp|p2a: Iron Hands
|-status|p2a: Iron Hands|brn
|move|p2a: Iron Hands|Wild Charge|p1a: Darkrai
|-damage|p1a: Darkrai|64/100
|-damage|p2a: Iron Hands|84/100 brn|[from] item: Rocky Helmet|[of] p1a: Darkrai
|-damage|p2a: Iron Hands|79/100 brn|[from] Recoil
|
|-damage|p2a: Iron Hands|72/100 brn|[from] brn
|upkeep
|turn|2
|
|t:|1760310732
|move|p1a: Darkrai|Sludge Bomb|p2a: Iron Hands
|-damage|p2a: Iron Hands|54/100 brn
|move|p2a: Iron Hands|Drain Punch|p1a: Darkrai
|-supereffective|p1a: Darkrai
|-damage|p1a: Darkrai|6/100
|-heal|p2a: Iron Hands|70/100 brn|[from] drain|[of] p1a: Darkrai
|-damage|p2a: Iron Hands|53/100 brn|[from] item: Rocky Helmet|[of] p1a: Darkrai
|
|-damage|p2a: Iron Hands|47/100 brn|[from] brn
|upkeep
|turn|3
|
|t:|1760310745
|-end|p2a: Iron Hands|Quark Drive|[silent]
|switch|p2a: Glimmora|Glimmora, F|100/100
|move|p1a: Darkrai|Dark Pulse|p2a: Glimmora
|-damage|p2a: Glimmora|39/100
|
|upkeep
|turn|4
|
|t:|1760310752
|switch|p2a: Weavile|Weavile, F|100/100
|-ability|p2a: Weavile|Pressure
|move|p1a: Darkrai|Dark Pulse|p2a: Weavile
|-resisted|p2a: Weavile
|-damage|p2a: Weavile|72/100
|
|upkeep
|turn|5
|
|t:|1760310761
|move|p2a: Weavile|Ice Shard|p1a: Darkrai
|-damage|p1a: Darkrai|0 fnt
|faint|p1a: Darkrai
|
|upkeep
|
|t:|1760310767
|switch|p1a: Ceruledge|Ceruledge, F, shiny|100/100
|turn|6
|
|t:|1760310776
|switch|p2a: Glimmora|Glimmora, F|39/100
|move|p1a: Ceruledge|Bitter Blade|p2a: Glimmora
|-resisted|p2a: Glimmora
|-damage|p2a: Glimmora|15/100
|-activate|p2a: Glimmora|ability: Toxic Debris
|-sidestart|p1: SyndroZ|move: Toxic Spikes
|
|upkeep
|turn|7
|
|t:|1760310787
|move|p2a: Glimmora|Meteor Beam||[still]
|-prepare|p2a: Glimmora|Meteor Beam
|-boost|p2a: Glimmora|spa|1
|-enditem|p2a: Glimmora|Power Herb
|-anim|p2a: Glimmora|Meteor Beam|p1a: Ceruledge
|-supereffective|p1a: Ceruledge
|-damage|p1a: Ceruledge|0 fnt
|faint|p1a: Ceruledge
|
|upkeep
|
|t:|1760310793
|switch|p1a: Primarina|Primarina, F, shiny|100/100
|-status|p1a: Primarina|psn
|turn|8
|
|t:|1760310799
|move|p2a: Glimmora|Power Gem|p1a: Primarina
|-damage|p1a: Primarina|68/100 psn
|move|p1a: Primarina|Moonblast|p2a: Glimmora
|-resisted|p2a: Glimmora
|-damage|p2a: Glimmora|0 fnt
|faint|p2a: Glimmora
|
|-damage|p1a: Primarina|56/100 psn|[from] psn
|upkeep
|
|t:|1760310811
|switch|p2a: Landorus|Landorus-Therian, M|100/100
|-ability|p2a: Landorus|Intimidate|boost
|-unboost|p1a: Primarina|atk|1
|turn|9
|
|t:|1760310816
|move|p2a: Landorus|U-turn|p1a: Primarina
|-resisted|p1a: Primarina
|-damage|p1a: Primarina|39/100 psn
|
|t:|1760310831
|switch|p2a: Weavile|Weavile, F|72/100|[from] U-turn
|-ability|p2a: Weavile|Pressure
|move|p1a: Primarina|Sparkling Aria|p2a: Weavile
|-damage|p2a: Weavile|0 fnt
|faint|p2a: Weavile
|
|-damage|p1a: Primarina|27/100 psn|[from] psn
|upkeep
|
|t:|1760310843
|switch|p2a: Landorus|Landorus-Therian, M|100/100
|-ability|p2a: Landorus|Intimidate|boost
|-unboost|p1a: Primarina|atk|1
|turn|10
|
|t:|1760310847
|move|p2a: Landorus|Earthquake|p1a: Primarina
|-damage|p1a: Primarina|0 fnt
|faint|p1a: Primarina
|
|upkeep
|
|t:|1760310851
|switch|p1a: Kyurem|Kyurem, shiny|100/100
|-status|p1a: Kyurem|psn
|-ability|p1a: Kyurem|Pressure
|turn|11
|
|t:|1760310859
|switch|p2a: Heatran|Heatran, F|100/100
|move|p1a: Kyurem|Dragon Dance|p1a: Kyurem
|-boost|p1a: Kyurem|atk|1
|-boost|p1a: Kyurem|spe|1
|
|-damage|p1a: Kyurem|88/100 psn|[from] psn
|upkeep
|turn|12
|
|t:|1760310870
|-terastallize|p1a: Kyurem|Electric
|move|p1a: Kyurem|Tera Blast|p2a: Heatran|[anim] Tera Blast Electric
|-damage|p2a: Heatran|45/100
|move|p2a: Heatran|Magma Storm|p1a: Kyurem
|-damage|p1a: Kyurem|33/100 psn
|-activate|p1a: Kyurem|move: Magma Storm|[of] p2a: Heatran
|
|-heal|p2a: Heatran|51/100|[from] item: Leftovers
|-damage|p1a: Kyurem|21/100 psn|[from] psn
|-damage|p1a: Kyurem|8/100 psn|[from] move: Magma Storm|[partiallytrapped]
|upkeep
|turn|13
|
|t:|1760310884
|move|p1a: Kyurem|Scale Shot|p2a: Heatran
|-resisted|p2a: Heatran
|-damage|p2a: Heatran|42/100
|-resisted|p2a: Heatran
|-damage|p2a: Heatran|32/100
|-resisted|p2a: Heatran
|-damage|p2a: Heatran|23/100
|-resisted|p2a: Heatran
|-damage|p2a: Heatran|13/100
|-resisted|p2a: Heatran
|-damage|p2a: Heatran|5/100
|-hitcount|p2a: Heatran|5
|-unboost|p1a: Kyurem|def|1
|-boost|p1a: Kyurem|spe|1
|move|p2a: Heatran|Earth Power|p1a: Kyurem
|-supereffective|p1a: Kyurem
|-damage|p1a: Kyurem|0 fnt
|faint|p1a: Kyurem
|
|-heal|p2a: Heatran|11/100|[from] item: Leftovers
|upkeep
|
|t:|1760310905
|switch|p1a: Kingambit|Kingambit, F, shiny|100/100
|-item|p1a: Kingambit|Air Balloon
|turn|14
|
|t:|1760310916
|move|p1a: Kingambit|Sucker Punch||[still]
|-fail|p1a: Kingambit
|move|p2a: Heatran|Taunt|p1a: Kingambit
|-start|p1a: Kingambit|move: Taunt
|
|-heal|p2a: Heatran|17/100|[from] item: Leftovers
|upkeep
|turn|15
|
|t:|1760310924
|move|p1a: Kingambit|Sucker Punch|p2a: Heatran
|-damage|p2a: Heatran|0 fnt
|faint|p2a: Heatran
|
|upkeep
|
|t:|1760310934
|switch|p2a: Deoxys|Deoxys-Speed|100/100
|-ability|p2a: Deoxys|Pressure
|turn|16
|
|t:|1760310939
|-terastallize|p2a: Deoxys|Fighting
|move|p1a: Kingambit|Sucker Punch|p2a: Deoxys
|-resisted|p2a: Deoxys
|-damage|p2a: Deoxys|69/100
|move|p2a: Deoxys|Superpower|p1a: Kingambit
|-supereffective|p1a: Kingambit
|-damage|p1a: Kingambit|0 fnt
|-unboost|p2a: Deoxys|atk|1
|-unboost|p2a: Deoxys|def|1
|-enditem|p1a: Kingambit|Air Balloon
|faint|p1a: Kingambit
|-enditem|p2a: Deoxys|Eject Pack
|
|t:|1760310952
|switch|p2a: Landorus|Landorus-Therian, M|100/100
|
|upkeep
|inactive|SyndroZ has 120 seconds left.
|inactive|SyndroZ has 90 seconds left.
|c|☆The Power of Spam|Bro are we really timer stalling
|inactive|SyndroZ has 60 seconds left.
|inactive|SyndroZ has 30 seconds left.
|inactive|SyndroZ has 20 seconds left.
|inactive|SyndroZ has 15 seconds left.
|inactive|SyndroZ has 10 seconds left.
|inactive|SyndroZ has 5 seconds left.
|-message|SyndroZ lost due to inactivity.
|
|win|The Power of Spam
|raw|SyndroZ's rating: 1271 &rarr; <strong>1247</strong><br />(-24 for losing)
|raw|The Power of Spam's rating: 1278 &rarr; <strong>1302</strong><br />(+24 for winning)
