|j|‽logan23873843
|j|☆Zarpa_04
|t:|1760367768
|gametype|singles
|player|p1|logan23873843|266|1072
|player|p2|Zarpa_04|ghetsis-gen5bw|1055
|gen|9
|tier|[Gen 9] OU
|rated|
|rule|HP Percentage Mod: HP is shown in percentages
|rule|Endless Battle Clause: Forcing endless battles is banned
|rule|Species Clause: Limit one of each Pokémon
|rule|OHKO Clause: OHKO moves are banned
|rule|Evasion Items Clause: Evasion items are banned
|rule|Evasion Moves Clause: Evasion moves are banned
|rule|Evasion Abilities Clause: Evasion abilities are banned
|rule|Sleep Moves Clause: Sleep-inducing moves are banned
|clearpoke
|poke|p1|Swampert, M|
|poke|p1|Corviknight, F|
|poke|p1|Breloom, M|
|poke|p1|Luxray, M|
|poke|p1|Scizor, M|
|poke|p1|Flygon, M|
|poke|p2|Gliscor, M|
|poke|p2|Volcanion|
|poke|p2|Toxapex, F|
|poke|p2|Heatran, M|
|poke|p2|Gastrodon-East, F|
|poke|p2|Tyranitar, M|
|teampreview
|
|t:|1760367772
|teamsize|p1|6
|teamsize|p2|6
|start
|switch|p1a: Scizor|Scizor, M|100/100
|switch|p2a: Gliscor|Gliscor, M|100/100
|turn|1
|
|t:|1760367781
|move|p2a: Gliscor|Protect|p2a: Gliscor
|-singleturn|p2a: Gliscor|Protect
|move|p1a: Scizor|Swords Dance|p1a: Scizor
|-boost|p1a: Scizor|atk|2
|
|-status|p2a: Gliscor|tox|[from] item: Toxic Orb
|upkeep
|turn|2
|inactive|Battle timer is ON: inactive players will automatically lose when time's up. (requested by logan23873843)
|
|t:|1760367790
|switch|p2a: Heatran|Heatran, M, shiny|100/100
|move|p1a: Scizor|Bullet Punch|p2a: Heatran
|-resisted|p2a: Heatran
|-damage|p2a: Heatran|81/100
|-status|p1a: Scizor|brn|[from] ability: Flame Body|[of] p2a: Heatran
|-damage|p1a: Scizor|91/100 brn|[from] item: Life Orb
|
|-heal|p2a: Heatran|87/100|[from] item: Leftovers
|-damage|p1a: Scizor|84/100 brn|[from] brn
|upkeep
|turn|3
|
|t:|1760367802
|switch|p1a: Swampert|Swampert, M, shiny|100/100
|move|p2a: Heatran|Heat Wave|p1a: Swampert
|-resisted|p1a: Swampert
|-damage|p1a: Swampert|78/100
|
|-heal|p2a: Heatran|93/100|[from] item: Leftovers
|upkeep
|turn|4
|
|t:|1760367819
|move|p2a: Heatran|Stealth Rock|p1a: Swampert
|-sidestart|p1: logan23873843|move: Stealth Rock
|move|p1a: Swampert|Ice Punch|p2a: Heatran
|-resisted|p2a: Heatran
|-damage|p2a: Heatran|86/100
|-damage|p1a: Swampert|69/100|[from] item: Life Orb
|
|-heal|p2a: Heatran|92/100|[from] item: Leftovers
|upkeep
|turn|5
|
|t:|1760367829
|move|p2a: Heatran|Earthquake|p1a: Swampert
|-damage|p1a: Swampert|45/100
|move|p1a: Swampert|Earthquake|p2a: Heatran
|-supereffective|p2a: Heatran
|-damage|p2a: Heatran|0 fnt
|faint|p2a: Heatran
|-damage|p1a: Swampert|35/100|[from] item: Life Orb
|
|upkeep
|
|t:|1760367842
|switch|p2a: Tyranitar|Tyranitar, M|100/100
|-weather|Sandstorm|[from] ability: Sand Stream|[of] p2a: Tyranitar
|turn|6
|
|t:|1760367848
|move|p2a: Tyranitar|Knock Off|p1a: Swampert
|-damage|p1a: Swampert|0 fnt
|-enditem|p1a: Swampert|Life Orb|[from] move: Knock Off|[of] p2a: Tyranitar
|faint|p1a: Swampert
|
|-weather|Sandstorm|[upkeep]
|upkeep
|
|t:|1760367854
|switch|p1a: Breloom|Breloom, M|100/100
|-damage|p1a: Breloom|94/100|[from] Stealth Rock
|turn|7
|
|t:|1760367861
|move|p1a: Breloom|Mach Punch|p2a: Tyranitar
|-supereffective|p2a: Tyranitar
|-damage|p2a: Tyranitar|0 fnt
|faint|p2a: Tyranitar
|-damage|p1a: Breloom|84/100|[from] item: Life Orb
|
|-weather|Sandstorm|[upkeep]
|-damage|p1a: Breloom|78/100|[from] Sandstorm
|upkeep
|
|t:|1760367872
|switch|p2a: Toxapex|Toxapex, F|100/100
|turn|8
|
|t:|1760367877
|move|p1a: Breloom|Thunder Punch|p2a: Toxapex
|-supereffective|p2a: Toxapex
|-damage|p2a: Toxapex|45/100
|-damage|p1a: Breloom|68/100|[from] item: Life Orb
|move|p2a: Toxapex|Toxic Spikes|p1a: Breloom
|-sidestart|p1: logan23873843|move: Toxic Spikes
|
|-weather|Sandstorm|[upkeep]
|-damage|p1a: Breloom|62/100|[from] Sandstorm
|-damage|p2a: Toxapex|39/100|[from] Sandstorm
|-heal|p2a: Toxapex|45/100|[from] item: Leftovers
|upkeep
|turn|9
|
|t:|1760367888
|move|p2a: Toxapex|Baneful Bunker|p2a: Toxapex
|-singleturn|p2a: Toxapex|move: Protect
|move|p1a: Breloom|Thunder Punch|p2a: Toxapex
|-activate|p2a: Toxapex|move: Protect
|-status|p1a: Breloom|psn
|
|-weather|Sandstorm|[upkeep]
|-damage|p1a: Breloom|56/100 psn|[from] Sandstorm
|-damage|p2a: Toxapex|39/100|[from] Sandstorm
|-heal|p2a: Toxapex|45/100|[from] item: Leftovers
|-damage|p1a: Breloom|44/100 psn|[from] psn
|upkeep
|turn|10
|
|t:|1760367902
|move|p1a: Breloom|Thunder Punch|p2a: Toxapex
|-supereffective|p2a: Toxapex
|-damage|p2a: Toxapex|0 fnt
|faint|p2a: Toxapex
|-damage|p1a: Breloom|34/100 psn|[from] item: Life Orb
|
|-weather|none
|-damage|p1a: Breloom|21/100 psn|[from] psn
|upkeep
|
|t:|1760367911
|switch|p2a: Gastrodon|Gastrodon-East, F|100/100
|turn|11
|
|t:|1760367917
|move|p1a: Breloom|Mach Punch|p2a: Gastrodon
|-damage|p2a: Gastrodon|68/100
|-damage|p1a: Breloom|12/100 psn|[from] item: Life Orb
|move|p2a: Gastrodon|Chilling Water|p1a: Breloom
|-resisted|p1a: Breloom
|-damage|p1a: Breloom|0 fnt
|faint|p1a: Breloom
|
|-heal|p2a: Gastrodon|74/100|[from] item: Leftovers
|upkeep
|
|t:|1760367928
|switch|p1a: Flygon|Flygon, M|100/100
|-damage|p1a: Flygon|95/100|[from] Stealth Rock
|turn|12
|
|t:|1760367936
|move|p1a: Flygon|Dragon Claw|p2a: Gastrodon
|-damage|p2a: Gastrodon|47/100
|move|p2a: Gastrodon|Sludge Bomb|p1a: Flygon
|-resisted|p1a: Flygon
|-damage|p1a: Flygon|86/100
|
|-heal|p2a: Gastrodon|53/100|[from] item: Leftovers
|upkeep
|turn|13
|
|t:|1760367947
|move|p1a: Flygon|Earthquake|p2a: Gastrodon
|-damage|p2a: Gastrodon|15/100
|move|p2a: Gastrodon|Recover|p2a: Gastrodon
|-heal|p2a: Gastrodon|65/100
|
|-heal|p2a: Gastrodon|71/100|[from] item: Leftovers
|upkeep
|turn|14
|
|t:|1760367956
|move|p1a: Flygon|Earthquake|p2a: Gastrodon
|-damage|p2a: Gastrodon|38/100
|move|p2a: Gastrodon|Sludge Bomb|p1a: Flygon
|-resisted|p1a: Flygon
|-damage|p1a: Flygon|77/100
|-status|p1a: Flygon|psn
|
|-heal|p2a: Gastrodon|44/100|[from] item: Leftovers
|-damage|p1a: Flygon|65/100 psn|[from] psn
|upkeep
|turn|15
|
|t:|1760367968
|move|p1a: Flygon|Earthquake|p2a: Gastrodon
|-damage|p2a: Gastrodon|11/100
|move|p2a: Gastrodon|Recover|p2a: Gastrodon
|-heal|p2a: Gastrodon|61/100
|
|-heal|p2a: Gastrodon|67/100|[from] item: Leftovers
|-damage|p1a: Flygon|53/100 psn|[from] psn
|upkeep
|turn|16
|
|t:|1760367980
|switch|p1a: Scizor|Scizor, M|84/100 brn
|-damage|p1a: Scizor|72/100 brn|[from] Stealth Rock
|move|p2a: Gastrodon|Chilling Water|p1a: Scizor
|-damage|p1a: Scizor|54/100 brn
|-unboost|p1a: Scizor|atk|1
|
|-heal|p2a: Gastrodon|73/100|[from] item: Leftovers
|-damage|p1a: Scizor|48/100 brn|[from] brn
|upkeep
|turn|17
|
|t:|1760367994
|switch|p1a: Corviknight|Corviknight, F|100/100
|-damage|p1a: Corviknight|88/100|[from] Stealth Rock
|move|p2a: Gastrodon|Recover|p2a: Gastrodon
|-heal|p2a: Gastrodon|100/100
|
|upkeep
|turn|18
|
|t:|1760368003
|move|p1a: Corviknight|Brave Bird|p2a: Gastrodon
|-damage|p2a: Gastrodon|51/100
|-damage|p1a: Corviknight|71/100|[from] Recoil
|-damage|p1a: Corviknight|61/100|[from] item: Life Orb
|move|p2a: Gastrodon|Chilling Water|p1a: Corviknight
|-damage|p1a: Corviknight|44/100
|-ability|p1a: Corviknight|Mirror Armor
|-unboost|p2a: Gastrodon|atk|1
|
|-heal|p2a: Gastrodon|57/100|[from] item: Leftovers
|upkeep
|turn|19
|
|t:|1760368017
|move|p1a: Corviknight|Brave Bird|p2a: Gastrodon
|-crit|p2a: Gastrodon
|-damage|p2a: Gastrodon|0 fnt
|faint|p2a: Gastrodon
|-damage|p1a: Corviknight|24/100|[from] Recoil
|-damage|p1a: Corviknight|15/100|[from] item: Life Orb
|
|upkeep
|
|t:|1760368026
|switch|p2a: Volcanion|Volcanion|100/100
|turn|20
|
|t:|1760368037
|move|p1a: Corviknight|Brave Bird|p2a: Volcanion
|-damage|p2a: Volcanion|46/100
|-damage|p1a: Corviknight|1/100|[from] Recoil
|-damage|p1a: Corviknight|0 fnt|[from] item: Life Orb
|faint|p1a: Corviknight
|move|p2a: Volcanion|Flamethrower|p1: Corviknight|[notarget]
|-fail|p2a: Volcanion
|
|-heal|p2a: Volcanion|52/100|[from] item: Leftovers
|upkeep
|
|t:|1760368047
|switch|p1a: Luxray|Luxray, M|100/100
|-damage|p1a: Luxray|88/100|[from] Stealth Rock
|-ability|p1a: Luxray|Intimidate|boost
|-unboost|p2a: Volcanion|atk|1
|-item|p1a: Luxray|Air Balloon
|turn|21
|
|t:|1760368056
|move|p1a: Luxray|Ice Fang|p2a: Volcanion
|-resisted|p2a: Volcanion
|-damage|p2a: Volcanion|48/100
|move|p2a: Volcanion|Flamethrower|p1a: Luxray
|-damage|p1a: Luxray|29/100
|-enditem|p1a: Luxray|Air Balloon
|
|-heal|p2a: Volcanion|54/100|[from] item: Leftovers
|upkeep
|turn|22
|
|t:|1760368067
|move|p1a: Luxray|Thunder Fang|p2a: Volcanion
|-supereffective|p2a: Volcanion
|-damage|p2a: Volcanion|0 fnt
|faint|p2a: Volcanion
|
|upkeep
|
|t:|1760368072
|switch|p2a: Gliscor|Gliscor, M|100/100 tox
|turn|23
|
|t:|1760368077
|move|p2a: Gliscor|Toxic|p1a: Luxray
|-status|p1a: Luxray|tox
|move|p1a: Luxray|Ice Fang|p2a: Gliscor
|-supereffective|p2a: Gliscor
|-damage|p2a: Gliscor|31/100 tox
|
|-heal|p2a: Gliscor|43/100 tox|[from] ability: Poison Heal
|-damage|p1a: Luxray|23/100 tox|[from] psn
|upkeep
|turn|24
|
|t:|1760368087
|move|p2a: Gliscor|Protect|p2a: Gliscor
|-singleturn|p2a: Gliscor|Protect
|move|p1a: Luxray|Ice Fang|p2a: Gliscor
|-activate|p2a: Gliscor|move: Protect
|
|-heal|p2a: Gliscor|55/100 tox|[from] ability: Poison Heal
|-damage|p1a: Luxray|11/100 tox|[from] psn
|upkeep
|turn|25
|inactive|Zarpa_04 has 120 seconds left.
|
|t:|1760368124
|move|p2a: Gliscor|Protect||[still]
|-fail|p2a: Gliscor
|move|p1a: Luxray|Ice Fang|p2a: Gliscor
|-supereffective|p2a: Gliscor
|-damage|p2a: Gliscor|0 fnt
|faint|p2a: Gliscor
|
|win|logan23873843
|raw|logan23873843's rating: 1072 &rarr; <strong>1102</strong><br />(+30 for winning)
|raw|Zarpa_04's rating: 1082 &rarr; <strong>1059</strong><br />(-23 for losing)
|l|☆Zarpa_04
|player|p2|
|l|‽logan23873843
|player|p1|
