|j|☆sminey
|j|☆ciantaihou
|t:|1760344725
|gametype|singles
|player|p1|sminey|2|1672
|player|p2|ciantaihou|bellelba|1732
|gen|9
|tier|[Gen 9] OU
|rated|
|rule|HP Percentage Mod: HP is shown in percentages
|rule|Endless Battle Clause: Forcing endless battles is banned
|rule|Species Clause: Limit one of each Pokémon
|rule|OHKO Clause: OHKO moves are banned
|rule|Evasion Items Clause: Evasion items are banned
|rule|Evasion Moves Clause: Evasion moves are banned
|rule|Evasion Abilities Clause: Evasion abilities are banned
|rule|Sleep Moves Clause: Sleep-inducing moves are banned
|clearpoke
|poke|p1|Latios, M|
|poke|p1|Cinderace, F|
|poke|p1|Weavile, F|
|poke|p1|Zapdos|
|poke|p1|Clefable, F|
|poke|p1|Slowking-Galar, F|
|poke|p2|Ursaluna, F|
|poke|p2|Torkoal, F|
|poke|p2|Hoopa-Unbound|
|poke|p2|Cresselia, F|
|poke|p2|Hatterene, F|
|poke|p2|Enamorus-Therian, F|
|teampreview
|inactive|Battle timer is ON: inactive players will automatically lose when time's up. (requested by sminey)
|
|t:|1760344734
|teamsize|p1|6
|teamsize|p2|6
|start
|switch|p1a: Slowking|Slowking-Galar, F|100/100
|switch|p2a: Torkoal|Torkoal, F, shiny|100/100
|-weather|SunnyDay|[from] ability: Drought|[of] p2a: Torkoal
|turn|1
|
|t:|1760344744
|move|p1a: Slowking|Sludge Bomb|p2a: Torkoal
|-damage|p2a: Torkoal|52/100
|move|p2a: Torkoal|Eruption|p1a: Slowking
|-damage|p1a: Slowking|67/100
|
|-weather|SunnyDay|[upkeep]
|upkeep
|turn|2
|
|t:|1760344752
|switch|p2a: Hoopa|Hoopa-Unbound|100/100
|move|p1a: Slowking|Sludge Bomb|p2a: Hoopa
|-damage|p2a: Hoopa|74/100
|-status|p2a: Hoopa|psn
|
|-weather|SunnyDay|[upkeep]
|-damage|p2a: Hoopa|61/100 psn|[from] psn
|upkeep
|turn|3
|
|t:|1760344763
|switch|p1a: Zapdos|Zapdos|100/100
|move|p2a: Hoopa|Trick Room|p2a: Hoopa
|-fieldstart|move: Trick Room|[of] p2a: Hoopa
|
|-weather|SunnyDay|[upkeep]
|-damage|p2a: Hoopa|49/100 psn|[from] psn
|upkeep
|turn|4
|
|t:|1760344771
|move|p2a: Hoopa|Psychic|p1a: Zapdos
|-damage|p1a: Zapdos|52/100
|move|p1a: Zapdos|Volt Switch|p2a: Hoopa
|-damage|p2a: Hoopa|25/100 psn
|
|t:|1760344778
|switch|p1a: Slowking|Slowking-Galar, F|99/100|[from] Volt Switch
|
|-weather|SunnyDay|[upkeep]
|-damage|p2a: Hoopa|12/100 psn|[from] psn
|upkeep
|turn|5
|
|t:|1760344787
|switch|p2a: Ursaluna|Ursaluna, F|100/100
|move|p1a: Slowking|Flamethrower|p2a: Ursaluna
|-damage|p2a: Ursaluna|69/100
|
|-weather|none
|-status|p2a: Ursaluna|brn|[from] item: Flame Orb
|upkeep
|turn|6
|j| Rizzofreko
|
|t:|1760344802
|switch|p1a: Zapdos|Zapdos|52/100
|move|p2a: Ursaluna|Facade|p1a: Zapdos
|-damage|p1a: Zapdos|0 fnt
|faint|p1a: Zapdos
|
|-damage|p2a: Ursaluna|63/100 brn|[from] brn
|upkeep
|
|t:|1760344808
|switch|p1a: Clefable|Clefable, F|100/100
|turn|7
|
|t:|1760344814
|-terastallize|p2a: Ursaluna|Normal
|move|p2a: Ursaluna|Facade|p1a: Clefable
|-damage|p1a: Clefable|0 fnt
|faint|p1a: Clefable
|
|-damage|p2a: Ursaluna|56/100 brn|[from] brn
|-fieldend|move: Trick Room
|upkeep
|j| SupaGmoney
|
|t:|1760344820
|switch|p1a: Latios|Latios, M|100/100
|turn|8
|
|t:|1760344829
|switch|p2a: Hoopa|Hoopa-Unbound|12/100 psn
|move|p1a: Latios|Flip Turn|p2a: Hoopa
|-damage|p2a: Hoopa|0 fnt
|faint|p2a: Hoopa
|
|t:|1760344837
|switch|p1a: Slowking|Slowking-Galar, F|100/100|[from] Flip Turn
|
|upkeep
|
|t:|1760344848
|switch|p2a: Ursaluna|Ursaluna, F, tera:Normal|56/100 brn
|turn|9
|
|t:|1760344852
|move|p1a: Slowking|Sludge Bomb|p2a: Ursaluna
|-damage|p2a: Ursaluna|24/100 brn
|move|p2a: Ursaluna|Facade|p1a: Slowking
|-damage|p1a: Slowking|0 fnt
|faint|p1a: Slowking
|
|-damage|p2a: Ursaluna|18/100 brn|[from] brn
|upkeep
|
|t:|1760344871
|switch|p1a: Latios|Latios, M|100/100
|turn|10
|
|t:|1760344880
|switch|p2a: Cresselia|Cresselia, F|100/100
|move|p1a: Latios|Luster Purge|p2a: Cresselia
|-resisted|p2a: Cresselia
|-damage|p2a: Cresselia|86/100
|-unboost|p2a: Cresselia|spd|1
|
|upkeep
|turn|11
|l| Rizzofreko
|
|t:|1760344900
|switch|p1a: Weavile|Weavile, F|100/100
|-ability|p1a: Weavile|Pressure
|move|p2a: Cresselia|Trick Room|p2a: Cresselia
|-fieldstart|move: Trick Room|[of] p2a: Cresselia
|
|upkeep
|turn|12
|
|t:|1760344907
|move|p2a: Cresselia|Lunar Dance|p2a: Cresselia
|faint|p2a: Cresselia
|move|p1a: Weavile|Swords Dance|p1a: Weavile
|-boost|p1a: Weavile|atk|2
|
|upkeep
|
|t:|1760344916
|switch|p2a: Torkoal|Torkoal, F, shiny|52/100
|-heal|p2a: Torkoal|100/100|[from] move: Lunar Dance
|-weather|SunnyDay|[from] ability: Drought|[of] p2a: Torkoal
|turn|13
|
|t:|1760344927
|switch|p1a: Cinderace|Cinderace, F|100/100
|move|p2a: Torkoal|Weather Ball|p1a: Cinderace
|-resisted|p1a: Cinderace
|-damage|p1a: Cinderace|33/100
|
|-weather|SunnyDay|[upkeep]
|upkeep
|turn|14
|
|t:|1760344935
|move|p1a: Cinderace|Sucker Punch|p2a: Torkoal
|-start|p1a: Cinderace|typechange|Dark|[from] ability: Libero
|-damage|p2a: Torkoal|74/100
|move|p2a: Torkoal|Weather Ball|p1a: Cinderace
|-damage|p1a: Cinderace|0 fnt
|faint|p1a: Cinderace
|
|-weather|SunnyDay|[upkeep]
|upkeep
|
|t:|1760344940
|switch|p1a: Latios|Latios, M|100/100
|turn|15
|
|t:|1760344950
|move|p2a: Torkoal|Weather Ball|p1a: Latios
|-resisted|p1a: Latios
|-damage|p1a: Latios|54/100
|move|p1a: Latios|Draco Meteor|p2a: Torkoal
|-damage|p2a: Torkoal|0 fnt
|-unboost|p1a: Latios|spa|2
|faint|p2a: Torkoal
|
|-weather|SunnyDay|[upkeep]
|-fieldend|move: Trick Room
|upkeep
|
|t:|1760344962
|switch|p2a: Hatterene|Hatterene, F|100/100
|turn|16
|
|t:|1760344968
|move|p1a: Latios|Draco Meteor|p2a: Hatterene
|-immune|p2a: Hatterene
|move|p2a: Hatterene|Trick Room|p2a: Hatterene
|-fieldstart|move: Trick Room|[of] p2a: Hatterene
|
|-weather|SunnyDay|[upkeep]
|upkeep
|turn|17
|
|t:|1760344976
|move|p2a: Hatterene|Dazzling Gleam|p1a: Latios
|-supereffective|p1a: Latios
|-damage|p1a: Latios|0 fnt
|faint|p1a: Latios
|
|-weather|none
|upkeep
|
|t:|1760344977
|switch|p1a: Weavile|Weavile, F|100/100
|-ability|p1a: Weavile|Pressure
|turn|18
|
|t:|1760344986
|-terastallize|p1a: Weavile|Ice
|move|p2a: Hatterene|Dazzling Gleam|p1a: Weavile
|-damage|p1a: Weavile|42/100
|move|p1a: Weavile|Triple Axel|p2a: Hatterene
|-damage|p2a: Hatterene|88/100
|-hitcount|p2a: Hatterene|1
|
|upkeep
|turn|19
|
|t:|1760344999
|move|p2a: Hatterene|Psychic|p1a: Weavile
|-damage|p1a: Weavile|0 fnt
|faint|p1a: Weavile
|
|win|ciantaihou
|raw|sminey's rating: 1672 &rarr; <strong>1655</strong><br />(-17 for losing)
|raw|ciantaihou's rating: 1732 &rarr; <strong>1749</strong><br />(+17 for winning)
|l|☆sminey
|player|p1|
|l|☆ciantaihou
|player|p2|
