|j|☆Ludibrobro
|j|☆theori147
|t:|1760387795
|gametype|singles
|player|p1|Ludibrobro|102|1451
|player|p2|theori147|170|1501
|gen|9
|tier|[Gen 9] OU
|rated|
|rule|HP Percentage Mod: HP is shown in percentages
|rule|Endless Battle Clause: Forcing endless battles is banned
|rule|Species Clause: Limit one of each Pokémon
|rule|OHKO Clause: OHKO moves are banned
|rule|Evasion Items Clause: Evasion items are banned
|rule|Evasion Moves Clause: Evasion moves are banned
|rule|Evasion Abilities Clause: Evasion abilities are banned
|rule|Sleep Moves Clause: Sleep-inducing moves are banned
|clearpoke
|poke|p1|Rillaboom, F|
|poke|p1|Ogerpon-Cornerstone, F|
|poke|p1|Cinderace, F|
|poke|p1|Hatterene, F|
|poke|p1|Slowking-Galar, F|
|poke|p1|Iron Treads|
|poke|p2|Munkidori, M|
|poke|p2|Landorus-Therian, M|
|poke|p2|Zamazenta-*|
|poke|p2|Clefable, M|
|poke|p2|Ogerpon-Wellspring, F|
|poke|p2|Kingambit, F|
|teampreview
|inactive|Battle timer is ON: inactive players will automatically lose when time's up. (requested by Ludibrobro)
|
|t:|1760387819
|teamsize|p1|6
|teamsize|p2|6
|start
|switch|p1a: Slowking|Slowking-Galar, F|100/100
|switch|p2a: Munkidori|Munkidori, M|100/100
|turn|1
|
|t:|1760387823
|move|p2a: Munkidori|Shadow Ball|p1a: Slowking
|-supereffective|p1a: Slowking
|-damage|p1a: Slowking|71/100
|move|p1a: Slowking|Future Sight|p2a: Munkidori
|-start|p1a: Slowking|move: Future Sight
|
|upkeep
|turn|2
|
|t:|1760387834
|move|p2a: Munkidori|Shadow Ball|p1a: Slowking
|-supereffective|p1a: Slowking
|-damage|p1a: Slowking|43/100
|-unboost|p1a: Slowking|spd|1
|move|p1a: Slowking|Ice Beam|p2a: Munkidori
|-damage|p2a: Munkidori|76/100
|
|upkeep
|turn|3
|
|t:|1760387861
|switch|p1a: Iron Treads|Iron Treads|100/100
|move|p2a: Munkidori|Focus Blast|p1a: Iron Treads|[miss]
|-miss|p2a: Munkidori|p1a: Iron Treads
|
|-end|p2a: Munkidori|move: Future Sight
|-damage|p2a: Munkidori|19/100
|upkeep
|turn|4
|
|t:|1760387869
|switch|p2a: Landorus|Landorus-Therian, M|100/100
|-ability|p2a: Landorus|Intimidate|boost
|-unboost|p1a: Iron Treads|atk|1
|move|p1a: Iron Treads|Knock Off|p2a: Landorus
|-damage|p2a: Landorus|91/100
|-damage|p1a: Iron Treads|84/100|[from] item: Rocky Helmet|[of] p2a: Landorus
|-enditem|p2a: Landorus|Rocky Helmet|[from] move: Knock Off|[of] p1a: Iron Treads
|
|upkeep
|turn|5
|
|t:|1760387879
|-end|p1a: Iron Treads|Quark Drive|[silent]
|switch|p1a: Hatterene|Hatterene, F|100/100
|move|p2a: Landorus|Stealth Rock|p1a: Hatterene
|move|p1a: Hatterene|Stealth Rock|p2a: Landorus|[from] ability: Magic Bounce
|-sidestart|p2: theori147|move: Stealth Rock
|
|upkeep
|turn|6
|
|t:|1760387903
|move|p2a: Landorus|Earthquake|p1a: Hatterene
|-damage|p1a: Hatterene|62/100
|move|p1a: Hatterene|Calm Mind|p1a: Hatterene
|-boost|p1a: Hatterene|spa|1
|-boost|p1a: Hatterene|spd|1
|
|-heal|p1a: Hatterene|68/100|[from] item: Leftovers
|upkeep
|turn|7
|
|t:|1760387913
|move|p2a: Landorus|Earthquake|p1a: Hatterene
|-damage|p1a: Hatterene|28/100
|move|p1a: Hatterene|Draining Kiss|p2a: Landorus
|-damage|p2a: Landorus|52/100
|-heal|p1a: Hatterene|63/100|[from] drain|[of] p2a: Landorus
|
|-heal|p1a: Hatterene|69/100|[from] item: Leftovers
|upkeep
|turn|8
|
|t:|1760387919
|move|p2a: Landorus|Earthquake|p1a: Hatterene
|-damage|p1a: Hatterene|33/100
|move|p1a: Hatterene|Draining Kiss|p2a: Landorus
|-damage|p2a: Landorus|13/100
|-heal|p1a: Hatterene|67/100|[from] drain|[of] p2a: Landorus
|
|-heal|p1a: Hatterene|73/100|[from] item: Leftovers
|upkeep
|turn|9
|
|t:|1760387936
|move|p2a: Landorus|Earthquake|p1a: Hatterene
|-damage|p1a: Hatterene|33/100
|move|p1a: Hatterene|Draining Kiss|p2a: Landorus
|-damage|p2a: Landorus|0 fnt
|-heal|p1a: Hatterene|45/100|[from] drain|[of] p2a: Landorus
|faint|p2a: Landorus
|
|-heal|p1a: Hatterene|50/100|[from] item: Leftovers
|upkeep
|inactive|theori147 has 120 seconds left.
|
|t:|1760387959
|switch|p2a: Ogerpon|Ogerpon-Wellspring, F|100/100
|-damage|p2a: Ogerpon|88/100|[from] Stealth Rock
|turn|10
|
|t:|1760387987
|switch|p1a: Rillaboom|Rillaboom, F|100/100
|-fieldstart|move: Grassy Terrain|[from] ability: Grassy Surge|[of] p1a: Rillaboom
|move|p2a: Ogerpon|Ivy Cudgel|p1a: Rillaboom|[anim] Ivy Cudgel Water
|-resisted|p1a: Rillaboom
|-crit|p1a: Rillaboom
|-damage|p1a: Rillaboom|72/100
|
|-heal|p2a: Ogerpon|94/100|[from] Grassy Terrain
|-heal|p1a: Rillaboom|78/100|[from] Grassy Terrain
|upkeep
|turn|11
|
|t:|1760388005
|move|p2a: Ogerpon|U-turn|p1a: Rillaboom
|-supereffective|p1a: Rillaboom
|-damage|p1a: Rillaboom|42/100
|
|t:|1760388009
|switch|p2a: Kingambit|Kingambit, F|100/100|[from] U-turn
|-damage|p2a: Kingambit|94/100|[from] Stealth Rock
|-activate|p2a: Kingambit|ability: Supreme Overlord
|-start|p2a: Kingambit|fallen1|[silent]
|move|p1a: Rillaboom|Swords Dance|p1a: Rillaboom
|-boost|p1a: Rillaboom|atk|2
|
|-heal|p1a: Rillaboom|48/100|[from] Grassy Terrain
|-heal|p2a: Kingambit|100/100|[from] Grassy Terrain
|upkeep
|turn|12
|
|t:|1760388019
|-end|p2a: Kingambit|fallen1|[silent]
|switch|p2a: Munkidori|Munkidori, M|19/100
|-damage|p2a: Munkidori|7/100|[from] Stealth Rock
|move|p1a: Rillaboom|Drain Punch|p2a: Munkidori
|-resisted|p2a: Munkidori
|-damage|p2a: Munkidori|0 fnt
|-heal|p1a: Rillaboom|51/100|[from] drain|[of] p2a: Munkidori
|faint|p2a: Munkidori
|
|-heal|p1a: Rillaboom|57/100|[from] Grassy Terrain
|upkeep
|
|t:|1760388029
|switch|p2a: Zamazenta|Zamazenta|100/100
|-damage|p2a: Zamazenta|94/100|[from] Stealth Rock
|-ability|p2a: Zamazenta|Dauntless Shield|boost
|-boost|p2a: Zamazenta|def|1
|turn|13
|
|t:|1760388033
|move|p2a: Zamazenta|Close Combat|p1a: Rillaboom
|-damage|p1a: Rillaboom|2/100
|-unboost|p2a: Zamazenta|def|1
|-unboost|p2a: Zamazenta|spd|1
|move|p1a: Rillaboom|Drain Punch|p2a: Zamazenta
|-damage|p2a: Zamazenta|55/100
|-heal|p1a: Rillaboom|18/100|[from] drain|[of] p2a: Zamazenta
|
|-heal|p2a: Zamazenta|61/100|[from] Grassy Terrain
|-heal|p1a: Rillaboom|24/100|[from] Grassy Terrain
|upkeep
|turn|14
|
|t:|1760388044
|switch|p2a: Kingambit|Kingambit, F|100/100
|-damage|p2a: Kingambit|94/100|[from] Stealth Rock
|-activate|p2a: Kingambit|ability: Supreme Overlord
|-start|p2a: Kingambit|fallen2|[silent]
|move|p1a: Rillaboom|Grassy Glide|p2a: Kingambit
|-resisted|p2a: Kingambit
|-damage|p2a: Kingambit|72/100
|
|-heal|p1a: Rillaboom|31/100|[from] Grassy Terrain
|-heal|p2a: Kingambit|78/100|[from] Grassy Terrain
|-heal|p2a: Kingambit|84/100|[from] item: Leftovers
|upkeep
|turn|15
|
|t:|1760388050
|-terastallize|p1a: Rillaboom|Fighting
|move|p2a: Kingambit|Sucker Punch|p1a: Rillaboom
|-resisted|p1a: Rillaboom
|-damage|p1a: Rillaboom|13/100
|move|p1a: Rillaboom|Drain Punch|p2a: Kingambit
|-supereffective|p2a: Kingambit
|-damage|p2a: Kingambit|0 fnt
|-heal|p1a: Rillaboom|55/100|[from] drain|[of] p2a: Kingambit
|faint|p2a: Kingambit
|-end|p2a: Kingambit|fallen2|[silent]
|
|-heal|p1a: Rillaboom|61/100|[from] Grassy Terrain
|upkeep
|
|t:|1760388056
|switch|p2a: Clefable|Clefable, M|100/100
|turn|16
|
|t:|1760388069
|switch|p1a: Iron Treads|Iron Treads|84/100
|move|p2a: Clefable|Moonblast|p1a: Iron Treads
|-resisted|p1a: Iron Treads
|-damage|p1a: Iron Treads|69/100
|
|-heal|p1a: Iron Treads|75/100|[from] Grassy Terrain
|upkeep
|turn|17
|
|t:|1760388076
|switch|p2a: Ogerpon|Ogerpon-Wellspring, F|94/100
|-damage|p2a: Ogerpon|82/100|[from] Stealth Rock
|move|p1a: Iron Treads|Flash Cannon|p2a: Ogerpon
|-resisted|p2a: Ogerpon
|-damage|p2a: Ogerpon|65/100
|
|-heal|p2a: Ogerpon|71/100|[from] Grassy Terrain
|-heal|p1a: Iron Treads|81/100|[from] Grassy Terrain
|-fieldend|move: Grassy Terrain
|upkeep
|turn|18
|
|t:|1760388089
|move|p2a: Ogerpon|Trailblaze|p1a: Iron Treads
|-damage|p1a: Iron Treads|53/100
|-boost|p2a: Ogerpon|spe|1
|move|p1a: Iron Treads|Earth Power|p2a: Ogerpon
|-resisted|p2a: Ogerpon
|-damage|p2a: Ogerpon|51/100
|
|upkeep
|turn|19
|
|t:|1760388098
|move|p2a: Ogerpon|Horn Leech|p1a: Iron Treads
|-damage|p1a: Iron Treads|10/100
|-heal|p2a: Ogerpon|74/100|[from] drain|[of] p1a: Iron Treads
|move|p1a: Iron Treads|Earth Power|p2a: Ogerpon
|-resisted|p2a: Ogerpon
|-damage|p2a: Ogerpon|54/100
|
|upkeep
|turn|20
|
|t:|1760388105
|move|p2a: Ogerpon|Horn Leech|p1a: Iron Treads
|-damage|p1a: Iron Treads|0 fnt
|-heal|p2a: Ogerpon|59/100|[from] drain|[of] p1a: Iron Treads
|faint|p1a: Iron Treads
|-end|p1a: Iron Treads|Quark Drive|[silent]
|
|upkeep
|
|t:|1760388113
|switch|p1a: Rillaboom|Rillaboom, F, tera:Fighting|61/100
|-fieldstart|move: Grassy Terrain|[from] ability: Grassy Surge|[of] p1a: Rillaboom
|turn|21
|
|t:|1760388118
|move|p1a: Rillaboom|Grassy Glide|p2a: Ogerpon
|-damage|p2a: Ogerpon|22/100
|move|p2a: Ogerpon|Horn Leech|p1a: Rillaboom
|-damage|p1a: Rillaboom|25/100
|-heal|p2a: Ogerpon|46/100|[from] drain|[of] p1a: Rillaboom
|
|-heal|p2a: Ogerpon|52/100|[from] Grassy Terrain
|-heal|p1a: Rillaboom|31/100|[from] Grassy Terrain
|upkeep
|turn|22
|
|t:|1760388130
|move|p1a: Rillaboom|Grassy Glide|p2a: Ogerpon
|-damage|p2a: Ogerpon|10/100
|move|p2a: Ogerpon|Horn Leech|p1a: Rillaboom
|-damage|p1a: Rillaboom|0 fnt
|-heal|p2a: Ogerpon|31/100|[from] drain|[of] p1a: Rillaboom
|faint|p1a: Rillaboom
|
|-heal|p2a: Ogerpon|37/100|[from] Grassy Terrain
|upkeep
|
|t:|1760388140
|switch|p1a: Ogerpon|Ogerpon-Cornerstone, F|100/100
|turn|23
|
|t:|1760388153
|move|p2a: Ogerpon|Horn Leech|p1a: Ogerpon
|-damage|p1a: Ogerpon|28/100
|-heal|p2a: Ogerpon|73/100|[from] drain|[of] p1a: Ogerpon
|move|p1a: Ogerpon|Superpower|p2a: Ogerpon
|-damage|p2a: Ogerpon|8/100
|-unboost|p1a: Ogerpon|atk|1
|-unboost|p1a: Ogerpon|def|1
|
|-heal|p2a: Ogerpon|14/100|[from] Grassy Terrain
|-heal|p1a: Ogerpon|34/100|[from] Grassy Terrain
|upkeep
|turn|24
|
|t:|1760388164
|move|p2a: Ogerpon|Horn Leech|p1a: Ogerpon
|-damage|p1a: Ogerpon|0 fnt
|-heal|p2a: Ogerpon|31/100|[from] drain|[of] p1a: Ogerpon
|faint|p1a: Ogerpon
|
|-heal|p2a: Ogerpon|37/100|[from] Grassy Terrain
|upkeep
|l|☆Ludibrobro
|inactive|Ludibrobro disconnected and has a minute to reconnect!
|player|p1|
|j|☆Ludibrobro
|inactive|Ludibrobro reconnected and has 125 seconds left.
|player|p1|Ludibrobro|102|
|inactive|Ludibrobro has 120 seconds left.
|
|t:|1760388192
|switch|p1a: Slowking|Slowking-Galar, F|76/100
|turn|25
|
|t:|1760388207
|move|p2a: Ogerpon|Ivy Cudgel|p1a: Slowking|[anim] Ivy Cudgel Water
|-damage|p1a: Slowking|34/100
|move|p1a: Slowking|Sludge Bomb|p2a: Ogerpon
|-supereffective|p2a: Ogerpon
|-damage|p2a: Ogerpon|0 fnt
|faint|p2a: Ogerpon
|
|-heal|p1a: Slowking|40/100|[from] Grassy Terrain
|upkeep
|
|t:|1760388212
|switch|p2a: Zamazenta|Zamazenta|61/100
|-damage|p2a: Zamazenta|55/100|[from] Stealth Rock
|turn|26
|
|t:|1760388233
|move|p2a: Zamazenta|Crunch|p1a: Slowking
|-supereffective|p1a: Slowking
|-damage|p1a: Slowking|0 fnt
|faint|p1a: Slowking
|
|-heal|p2a: Zamazenta|61/100|[from] Grassy Terrain
|upkeep
|
|t:|1760388236
|switch|p1a: Hatterene|Hatterene, F|50/100
|turn|27
|inactive|theori147 has 120 seconds left.
|
|t:|1760388287
|-terastallize|p2a: Zamazenta|Ice
|move|p2a: Zamazenta|Crunch|p1a: Hatterene
|-damage|p1a: Hatterene|16/100
|-unboost|p1a: Hatterene|def|1
|move|p1a: Hatterene|Draining Kiss|p2a: Zamazenta
|-damage|p2a: Zamazenta|40/100
|-heal|p1a: Hatterene|33/100|[from] drain|[of] p2a: Zamazenta
|
|-heal|p2a: Zamazenta|46/100|[from] Grassy Terrain
|-heal|p1a: Hatterene|39/100|[from] Grassy Terrain
|-heal|p1a: Hatterene|45/100|[from] item: Leftovers
|upkeep
|turn|28
|
|t:|1760388297
|switch|p1a: Cinderace|Cinderace, F|100/100
|move|p2a: Zamazenta|Crunch|p1a: Cinderace
|-crit|p1a: Cinderace
|-damage|p1a: Cinderace|18/100
|-unboost|p1a: Cinderace|def|1
|
|-heal|p2a: Zamazenta|52/100|[from] Grassy Terrain
|-heal|p1a: Cinderace|24/100|[from] Grassy Terrain
|-fieldend|move: Grassy Terrain
|upkeep
|turn|29
|
|t:|1760388310
|move|p1a: Cinderace|Sucker Punch|p2a: Zamazenta
|-start|p1a: Cinderace|typechange|Dark|[from] ability: Libero
|-damage|p2a: Zamazenta|18/100
|move|p2a: Zamazenta|Crunch|p1a: Cinderace
|-resisted|p1a: Cinderace
|-damage|p1a: Cinderace|0 fnt
|faint|p1a: Cinderace
|
|upkeep
|
|t:|1760388316
|switch|p1a: Hatterene|Hatterene, F|45/100
|turn|30
|
|t:|1760388320
|move|p2a: Zamazenta|Crunch|p1a: Hatterene
|-damage|p1a: Hatterene|11/100
|move|p1a: Hatterene|Draining Kiss|p2a: Zamazenta
|-damage|p2a: Zamazenta|0 fnt
|-heal|p1a: Hatterene|24/100|[from] drain|[of] p2a: Zamazenta
|faint|p2a: Zamazenta
|
|-heal|p1a: Hatterene|30/100|[from] item: Leftovers
|upkeep
|
|t:|1760388324
|switch|p2a: Clefable|Clefable, M|100/100
|turn|31
|
|t:|1760388329
|move|p2a: Clefable|Moonblast|p1a: Hatterene
|-damage|p1a: Hatterene|0 fnt
|faint|p1a: Hatterene
|
|win|theori147
|raw|Ludibrobro's rating: 1451 &rarr; <strong>1434</strong><br />(-17 for losing)
|raw|theori147's rating: 1501 &rarr; <strong>1518</strong><br />(+17 for winning)
|l|☆Ludibrobro
|player|p1|
|c|☆theori147|gg
|l|☆theori147
|player|p2|
