|j|☆methodiclive
|j|☆DIGIWAYNE123
|t:|1760362909
|gametype|singles
|player|p1|methodiclive|102|1584
|player|p2|DIGIWAYNE123|swimmerf-gen4|1587
|gen|9
|tier|[Gen 9] OU
|rated|
|rule|HP Percentage Mod: HP is shown in percentages
|rule|Endless Battle Clause: Forcing endless battles is banned
|rule|Species Clause: Limit one of each Pokémon
|rule|OHKO Clause: OHKO moves are banned
|rule|Evasion Items Clause: Evasion items are banned
|rule|Evasion Moves Clause: Evasion moves are banned
|rule|Evasion Abilities Clause: Evasion abilities are banned
|rule|Sleep Moves Clause: Sleep-inducing moves are banned
|clearpoke
|poke|p1|Dondozo, F|
|poke|p1|Blissey, F|
|poke|p1|Corviknight, M|
|poke|p1|Weezing-Galar, M|
|poke|p1|Gliscor, M|
|poke|p1|Toxapex, F|
|poke|p2|Armarouge, M|
|poke|p2|Indeedee, M|
|poke|p2|Great Tusk|
|poke|p2|Hoopa-Unbound|
|poke|p2|Scream Tail|
|poke|p2|Drednaw, M|
|teampreview
|
|t:|1760362923
|teamsize|p1|6
|teamsize|p2|6
|start
|switch|p1a: Gliscor|Gliscor, M|100/100
|switch|p2a: Scream Tail|Scream Tail|100/100
|-enditem|p2a: Scream Tail|Booster Energy
|-activate|p2a: Scream Tail|ability: Protosynthesis|[fromitem]
|-start|p2a: Scream Tail|protosynthesisspe
|turn|1
|inactive|Battle timer is ON: inactive players will automatically lose when time's up. (requested by DIGIWAYNE123)
|
|t:|1760362931
|move|p2a: Scream Tail|Stealth Rock|p1a: Gliscor
|-sidestart|p1: methodiclive|move: Stealth Rock
|move|p1a: Gliscor|Spikes|p2a: Scream Tail
|-sidestart|p2: DIGIWAYNE123|Spikes
|
|-status|p1a: Gliscor|tox|[from] item: Toxic Orb
|upkeep
|turn|2
|
|t:|1760362936
|-end|p2a: Scream Tail|Protosynthesis|[silent]
|switch|p2a: Great Tusk|Great Tusk|100/100
|-damage|p2a: Great Tusk|88/100|[from] Spikes
|-enditem|p2a: Great Tusk|Booster Energy
|-activate|p2a: Great Tusk|ability: Protosynthesis|[fromitem]
|-start|p2a: Great Tusk|protosynthesisspe
|move|p1a: Gliscor|Spikes|p2a: Great Tusk
|-sidestart|p2: DIGIWAYNE123|Spikes
|
|upkeep
|turn|3
|
|t:|1760362941
|switch|p1a: Corviknight|Corviknight, M|100/100
|-damage|p1a: Corviknight|88/100|[from] Stealth Rock
|-ability|p1a: Corviknight|Pressure
|move|p2a: Great Tusk|Knock Off|p1a: Corviknight
|-damage|p1a: Corviknight|72/100
|-enditem|p1a: Corviknight|Leftovers|[from] move: Knock Off|[of] p2a: Great Tusk
|
|upkeep
|turn|4
|
|t:|1760362944
|move|p2a: Great Tusk|Rapid Spin|p1a: Corviknight
|-resisted|p1a: Corviknight
|-damage|p1a: Corviknight|68/100
|-boost|p2a: Great Tusk|spe|1
|-sideend|p2: DIGIWAYNE123|Spikes|[from] move: Rapid Spin|[of] p2a: Great Tusk
|move|p1a: Corviknight|Iron Defense|p1a: Corviknight
|-boost|p1a: Corviknight|def|2
|
|upkeep
|turn|5
|
|t:|1760362947
|-end|p2a: Great Tusk|Protosynthesis|[silent]
|switch|p2a: Armarouge|Armarouge, M|100/100
|move|p1a: Corviknight|Defog|p2a: Armarouge
|-unboost|p2a: Armarouge|evasion|1
|-sideend|p1: methodiclive|Stealth Rock|[from] move: Defog|[of] p1a: Corviknight
|
|upkeep
|turn|6
|
|t:|1760362949
|switch|p1a: Blissey|Blissey, F|100/100
|move|p2a: Armarouge|Armor Cannon|p1a: Blissey
|-damage|p1a: Blissey|81/100
|-unboost|p2a: Armarouge|def|1
|-unboost|p2a: Armarouge|spd|1
|
|-heal|p1a: Blissey|87/100|[from] item: Leftovers
|upkeep
|turn|7
|
|t:|1760362954
|switch|p2a: Great Tusk|Great Tusk|88/100
|move|p1a: Blissey|Stealth Rock|p2a: Great Tusk
|-sidestart|p2: DIGIWAYNE123|move: Stealth Rock
|
|-heal|p1a: Blissey|94/100|[from] item: Leftovers
|upkeep
|turn|8
|
|t:|1760362959
|switch|p1a: Corviknight|Corviknight, M|68/100
|-ability|p1a: Corviknight|Pressure
|move|p2a: Great Tusk|Rapid Spin|p1a: Corviknight
|-resisted|p1a: Corviknight
|-damage|p1a: Corviknight|63/100
|-boost|p2a: Great Tusk|spe|1
|-sideend|p2: DIGIWAYNE123|Stealth Rock|[from] move: Rapid Spin|[of] p2a: Great Tusk
|
|upkeep
|turn|9
|
|t:|1760362963
|move|p2a: Great Tusk|Knock Off|p1a: Corviknight
|-damage|p1a: Corviknight|52/100
|move|p1a: Corviknight|Body Press|p2a: Great Tusk
|-damage|p2a: Great Tusk|70/100
|
|upkeep
|turn|10
|
|t:|1760362967
|move|p2a: Great Tusk|Ice Spinner|p1a: Corviknight
|-damage|p1a: Corviknight|37/100
|move|p1a: Corviknight|Roost|p1a: Corviknight
|-heal|p1a: Corviknight|87/100
|-singleturn|p1a: Corviknight|move: Roost
|
|upkeep
|turn|11
|
|t:|1760362971
|-end|p2a: Great Tusk|Protosynthesis|[silent]
|switch|p2a: Scream Tail|Scream Tail|100/100
|move|p1a: Corviknight|Body Press|p2a: Scream Tail
|-resisted|p2a: Scream Tail
|-damage|p2a: Scream Tail|95/100
|
|upkeep
|turn|12
|
|t:|1760362975
|switch|p1a: Gliscor|Gliscor, M|100/100 tox
|move|p2a: Scream Tail|Stealth Rock|p1a: Gliscor
|-sidestart|p1: methodiclive|move: Stealth Rock
|
|upkeep
|turn|13
|
|t:|1760362979
|move|p2a: Scream Tail|Wish|p2a: Scream Tail
|move|p1a: Gliscor|Spikes|p2a: Scream Tail
|-sidestart|p2: DIGIWAYNE123|Spikes
|
|upkeep
|turn|14
|
|t:|1760362985
|-end|p2a: Scream Tail|Protosynthesis|[silent]
|switch|p2a: Great Tusk|Great Tusk|70/100
|-damage|p2a: Great Tusk|58/100|[from] Spikes
|switch|p1a: Dondozo|Dondozo, F|100/100
|-damage|p1a: Dondozo|88/100|[from] Stealth Rock
|
|-heal|p2a: Great Tusk|100/100|[from] move: Wish|[wisher] Scream Tail
|-heal|p1a: Dondozo|94/100|[from] item: Leftovers
|upkeep
|turn|15
|
|t:|1760362988
|move|p2a: Great Tusk|Knock Off|p1a: Dondozo
|-damage|p1a: Dondozo|81/100
|-enditem|p1a: Dondozo|Leftovers|[from] move: Knock Off|[of] p2a: Great Tusk
|move|p1a: Dondozo|Avalanche|p2a: Great Tusk
|-supereffective|p2a: Great Tusk
|-damage|p2a: Great Tusk|65/100
|
|upkeep
|turn|16
|
|t:|1760362990
|move|p2a: Great Tusk|Rapid Spin|p1a: Dondozo
|-crit|p1a: Dondozo
|-damage|p1a: Dondozo|72/100
|-boost|p2a: Great Tusk|spe|1
|-sideend|p2: DIGIWAYNE123|Spikes|[from] move: Rapid Spin|[of] p2a: Great Tusk
|move|p1a: Dondozo|Avalanche|p2a: Great Tusk
|-supereffective|p2a: Great Tusk
|-damage|p2a: Great Tusk|30/100
|
|upkeep
|turn|17
|
|t:|1760362996
|-end|p2a: Great Tusk|Protosynthesis|[silent]
|switch|p2a: Scream Tail|Scream Tail|95/100
|move|p1a: Dondozo|Body Press|p2a: Scream Tail
|-resisted|p2a: Scream Tail
|-damage|p2a: Scream Tail|90/100
|
|upkeep
|turn|18
|
|t:|1760363000
|switch|p1a: Gliscor|Gliscor, M|100/100 tox
|-damage|p1a: Gliscor|88/100 tox|[from] Stealth Rock
|move|p2a: Scream Tail|Wish|p2a: Scream Tail
|
|-heal|p1a: Gliscor|100/100 tox|[from] ability: Poison Heal
|upkeep
|turn|19
|
|t:|1760363003
|-end|p2a: Scream Tail|Protosynthesis|[silent]
|switch|p2a: Great Tusk|Great Tusk|30/100
|move|p1a: Gliscor|Spikes|p2a: Great Tusk
|-sidestart|p2: DIGIWAYNE123|Spikes
|
|-heal|p2a: Great Tusk|84/100|[from] move: Wish|[wisher] Scream Tail
|upkeep
|turn|20
|
|t:|1760363005
|move|p2a: Great Tusk|Rapid Spin|p1a: Gliscor
|-damage|p1a: Gliscor|88/100 tox
|-boost|p2a: Great Tusk|spe|1
|-sideend|p2: DIGIWAYNE123|Spikes|[from] move: Rapid Spin|[of] p2a: Great Tusk
|move|p1a: Gliscor|Spikes|p2a: Great Tusk
|-sidestart|p2: DIGIWAYNE123|Spikes
|
|-heal|p1a: Gliscor|100/100 tox|[from] ability: Poison Heal
|upkeep
|turn|21
|
|t:|1760363007
|move|p1a: Gliscor|Protect|p1a: Gliscor
|-singleturn|p1a: Gliscor|Protect
|move|p2a: Great Tusk|Ice Spinner|p1a: Gliscor
|-activate|p1a: Gliscor|move: Protect
|
|upkeep
|turn|22
|
|t:|1760363009
|switch|p1a: Corviknight|Corviknight, M|87/100
|-damage|p1a: Corviknight|75/100|[from] Stealth Rock
|-ability|p1a: Corviknight|Pressure
|move|p2a: Great Tusk|Knock Off|p1a: Corviknight
|-damage|p1a: Corviknight|63/100
|
|upkeep
|turn|23
|
|t:|1760363011
|move|p2a: Great Tusk|Rapid Spin|p1a: Corviknight
|-resisted|p1a: Corviknight
|-damage|p1a: Corviknight|59/100
|-boost|p2a: Great Tusk|spe|1
|-sideend|p2: DIGIWAYNE123|Spikes|[from] move: Rapid Spin|[of] p2a: Great Tusk
|move|p1a: Corviknight|Iron Defense|p1a: Corviknight
|-boost|p1a: Corviknight|def|2
|
|upkeep
|turn|24
|
|t:|1760363017
|-end|p2a: Great Tusk|Protosynthesis|[silent]
|switch|p2a: Armarouge|Armarouge, M|100/100
|move|p1a: Corviknight|Iron Defense|p1a: Corviknight
|-boost|p1a: Corviknight|def|2
|
|upkeep
|turn|25
|
|t:|1760363020
|switch|p2a: Hoopa|Hoopa-Unbound|100/100
|switch|p1a: Blissey|Blissey, F|94/100
|-damage|p1a: Blissey|81/100|[from] Stealth Rock
|
|-heal|p1a: Blissey|87/100|[from] item: Leftovers
|upkeep
|turn|26
|
|t:|1760363042
|switch|p1a: Weezing|Weezing-Galar, M|100/100
|-ability|p1a: Weezing|Neutralizing Gas
|move|p2a: Hoopa|Expanding Force|p1a: Weezing
|-supereffective|p1a: Weezing
|-damage|p1a: Weezing|0 fnt
|faint|p1a: Weezing
|-end|p1a: Weezing|ability: Neutralizing Gas
|
|upkeep
|
|t:|1760363055
|switch|p1a: Corviknight|Corviknight, M|59/100
|-damage|p1a: Corviknight|47/100|[from] Stealth Rock
|-ability|p1a: Corviknight|Pressure
|turn|27
|
|t:|1760363057
|move|p2a: Hoopa|Thunderbolt|p1a: Corviknight
|-supereffective|p1a: Corviknight
|-crit|p1a: Corviknight
|-damage|p1a: Corviknight|0 fnt
|faint|p1a: Corviknight
|
|upkeep
|-message|methodiclive forfeited.
|
|win|DIGIWAYNE123
|raw|methodiclive's rating: 1584 &rarr; <strong>1564</strong><br />(-20 for losing)
|raw|DIGIWAYNE123's rating: 1587 &rarr; <strong>1607</strong><br />(+20 for winning)
|l|☆methodiclive
|player|p1|
|l|☆DIGIWAYNE123
|player|p2|
