|badge|p2|silver|gen9doublesou|30-7
|badge|p2|bronze|gen9ru|100-7
|uhtml|medal-msg|<div class="broadcast-blue">Curious what those medals under the avatar are? PS now has Ladder Seasons! For more information, check out the <a href="https://www.smogon.com/forums/threads/3740067/">thread on Smogon.</a></div>
|j|☆OUZQ Crocodile
|j|☆3idk
|t:|1760433113
|gametype|singles
|player|p1|OUZQ Crocodile|gentleman-gen4dp|1653
|player|p2|3idk|cynthia-masters|1657
|gen|9
|tier|[Gen 9] OU
|rated|
|rule|HP Percentage Mod: HP is shown in percentages
|rule|Endless Battle Clause: Forcing endless battles is banned
|rule|Species Clause: Limit one of each Pokémon
|rule|OHKO Clause: OHKO moves are banned
|rule|Evasion Items Clause: Evasion items are banned
|rule|Evasion Moves Clause: Evasion moves are banned
|rule|Evasion Abilities Clause: Evasion abilities are banned
|rule|Sleep Moves Clause: Sleep-inducing moves are banned
|clearpoke
|poke|p1|Okidogi, M|
|poke|p1|Rillaboom, M|
|poke|p1|Kingambit, F|
|poke|p1|Raging Bolt|
|poke|p1|Ogerpon-Wellspring, F|
|poke|p1|Heatran, F|
|poke|p2|Pelipper, M|
|poke|p2|Tornadus-Therian, M|
|poke|p2|Iron Treads|
|poke|p2|Decidueye-Hisui, M|
|poke|p2|Barraskewda, M|
|poke|p2|Raging Bolt|
|teampreview
|inactive|Battle timer is ON: inactive players will automatically lose when time's up. (requested by 3idk)
|c|☆OUZQ Crocodile|Hf
|inactive|OUZQ Crocodile has 120 seconds left.
|
|t:|1760433161
|teamsize|p1|6
|teamsize|p2|6
|start
|switch|p1a: Raging Bolt|Raging Bolt|100/100
|switch|p2a: Tornadus|Tornadus-Therian, M|100/100
|turn|1
|
|t:|1760433173
|switch|p2a: Iron Treads|Iron Treads|100/100
|move|p1a: Raging Bolt|Thunderbolt|p2a: Iron Treads
|-immune|p2a: Iron Treads
|
|upkeep
|turn|2
|
|t:|1760433178
|-end|p1a: Raging Bolt|Protosynthesis|[silent]
|switch|p1a: Ogerpon|Ogerpon-Wellspring, F|100/100
|move|p2a: Iron Treads|Stealth Rock|p1a: Ogerpon
|-sidestart|p1: OUZQ Crocodile|move: Stealth Rock
|
|upkeep
|turn|3
|
|t:|1760433184
|-end|p2a: Iron Treads|Quark Drive|[silent]
|switch|p2a: Decidueye|Decidueye-Hisui, M|100/100
|move|p1a: Ogerpon|Swords Dance|p1a: Ogerpon
|-boost|p1a: Ogerpon|atk|2
|
|upkeep
|turn|4
|
|t:|1760433192
|move|p1a: Ogerpon|Play Rough|p2a: Decidueye
|-supereffective|p2a: Decidueye
|-damage|p2a: Decidueye|0 fnt
|-damage|p1a: Ogerpon|84/100|[from] item: Rocky Helmet|[of] p2a: Decidueye
|faint|p2a: Decidueye
|
|upkeep
|
|t:|1760433196
|switch|p2a: Tornadus|Tornadus-Therian, M|100/100
|turn|5
|
|t:|1760433201
|switch|p1a: Heatran|Heatran, F|100/100
|-damage|p1a: Heatran|88/100|[from] Stealth Rock
|move|p2a: Tornadus|U-turn|p1a: Heatran
|-resisted|p1a: Heatran
|-damage|p1a: Heatran|85/100
|
|t:|1760433206
|switch|p2a: Pelipper|Pelipper, M|100/100|[from] U-turn
|-weather|RainDance|[from] ability: Drizzle|[of] p2a: Pelipper
|
|-weather|RainDance|[upkeep]
|-heal|p1a: Heatran|91/100|[from] item: Leftovers
|upkeep
|turn|6
|
|t:|1760433215
|switch|p1a: Raging Bolt|Raging Bolt|100/100
|-damage|p1a: Raging Bolt|88/100|[from] Stealth Rock
|move|p2a: Pelipper|Surf|p1a: Raging Bolt
|-resisted|p1a: Raging Bolt
|-damage|p1a: Raging Bolt|68/100
|
|-weather|RainDance|[upkeep]
|upkeep
|turn|7
|
|t:|1760433227
|switch|p2a: Iron Treads|Iron Treads|100/100
|move|p1a: Raging Bolt|Thunderbolt|p2a: Iron Treads
|-immune|p2a: Iron Treads
|
|-weather|RainDance|[upkeep]
|upkeep
|turn|8
|
|t:|1760433236
|-end|p2a: Iron Treads|Quark Drive|[silent]
|switch|p2a: Tornadus|Tornadus-Therian, M|100/100
|-end|p1a: Raging Bolt|Protosynthesis|[silent]
|switch|p1a: Rillaboom|Rillaboom, M|100/100
|-damage|p1a: Rillaboom|88/100|[from] Stealth Rock
|-fieldstart|move: Grassy Terrain|[from] ability: Grassy Surge|[of] p1a: Rillaboom
|
|-weather|RainDance|[upkeep]
|-heal|p1a: Rillaboom|94/100|[from] Grassy Terrain
|upkeep
|turn|9
|
|t:|1760433242
|switch|p1a: Heatran|Heatran, F|91/100
|-damage|p1a: Heatran|79/100|[from] Stealth Rock
|move|p2a: Tornadus|Weather Ball|p1a: Heatran
|-supereffective|p1a: Heatran
|-damage|p1a: Heatran|0 fnt
|faint|p1a: Heatran
|
|-weather|RainDance|[upkeep]
|upkeep
|
|t:|1760433244
|switch|p1a: Ogerpon|Ogerpon-Wellspring, F|84/100
|-damage|p1a: Ogerpon|72/100|[from] Stealth Rock
|turn|10
|
|t:|1760433250
|switch|p2a: Raging Bolt|Raging Bolt|100/100
|-enditem|p2a: Raging Bolt|Booster Energy
|-activate|p2a: Raging Bolt|ability: Protosynthesis|[fromitem]
|-start|p2a: Raging Bolt|protosynthesisspa
|move|p1a: Ogerpon|Play Rough|p2a: Raging Bolt
|-supereffective|p2a: Raging Bolt
|-damage|p2a: Raging Bolt|30/100
|
|-weather|RainDance|[upkeep]
|-heal|p1a: Ogerpon|78/100|[from] Grassy Terrain
|-heal|p2a: Raging Bolt|36/100|[from] Grassy Terrain
|upkeep
|turn|11
|
|t:|1760433260
|move|p1a: Ogerpon|Play Rough|p2a: Raging Bolt|[miss]
|-miss|p1a: Ogerpon|p2a: Raging Bolt
|move|p2a: Raging Bolt|Thunder|p1a: Ogerpon
|-damage|p1a: Ogerpon|0 fnt
|faint|p1a: Ogerpon
|
|-weather|RainDance|[upkeep]
|-heal|p2a: Raging Bolt|42/100|[from] Grassy Terrain
|upkeep
|c|☆3idk|mb
|c|☆OUZQ Crocodile|All g
|inactive|OUZQ Crocodile has 120 seconds left.
|
|t:|1760433301
|switch|p1a: Raging Bolt|Raging Bolt|68/100
|-damage|p1a: Raging Bolt|56/100|[from] Stealth Rock
|-enditem|p1a: Raging Bolt|Grassy Seed
|-boost|p1a: Raging Bolt|def|1|[from] item: Grassy Seed
|turn|12
|
|t:|1760433306
|move|p1a: Raging Bolt|Dragon Pulse|p2a: Raging Bolt
|-supereffective|p2a: Raging Bolt
|-damage|p2a: Raging Bolt|0 fnt
|faint|p2a: Raging Bolt
|-end|p2a: Raging Bolt|Protosynthesis|[silent]
|
|-weather|none
|-heal|p1a: Raging Bolt|62/100|[from] Grassy Terrain
|upkeep
|
|t:|1760433310
|switch|p2a: Iron Treads|Iron Treads|100/100
|turn|13
|
|t:|1760433316
|-terastallize|p1a: Raging Bolt|Bug
|move|p2a: Iron Treads|Earthquake|p1a: Raging Bolt
|-resisted|p1a: Raging Bolt
|-damage|p1a: Raging Bolt|58/100
|move|p1a: Raging Bolt|Calm Mind|p1a: Raging Bolt
|-boost|p1a: Raging Bolt|spa|1
|-boost|p1a: Raging Bolt|spd|1
|
|-heal|p1a: Raging Bolt|64/100|[from] Grassy Terrain
|upkeep
|turn|14
|
|t:|1760433327
|-end|p2a: Iron Treads|Quark Drive|[silent]
|switch|p2a: Pelipper|Pelipper, M|100/100
|-weather|RainDance|[from] ability: Drizzle|[of] p2a: Pelipper
|move|p1a: Raging Bolt|Thunderbolt|p2a: Pelipper
|-supereffective|p2a: Pelipper
|-damage|p2a: Pelipper|0 fnt
|faint|p2a: Pelipper
|
|-weather|RainDance|[upkeep]
|-heal|p1a: Raging Bolt|70/100|[from] Grassy Terrain
|upkeep
|
|t:|1760433337
|switch|p2a: Barraskewda|Barraskewda, M|100/100
|turn|15
|
|t:|1760433347
|move|p2a: Barraskewda|Flip Turn|p1a: Raging Bolt
|-damage|p1a: Raging Bolt|37/100
|-damage|p2a: Barraskewda|91/100|[from] item: Life Orb
|
|t:|1760433352
|switch|p2a: Iron Treads|Iron Treads|100/100|[from] Flip Turn
|move|p1a: Raging Bolt|Dragon Pulse|p2a: Iron Treads
|-resisted|p2a: Iron Treads
|-damage|p2a: Iron Treads|75/100
|
|-weather|RainDance|[upkeep]
|-heal|p2a: Iron Treads|81/100|[from] Grassy Terrain
|-heal|p2a: Iron Treads|87/100|[from] item: Leftovers
|-heal|p1a: Raging Bolt|43/100|[from] Grassy Terrain
|-fieldend|move: Grassy Terrain
|upkeep
|turn|16
|
|t:|1760433357
|move|p2a: Iron Treads|Knock Off|p1a: Raging Bolt
|-damage|p1a: Raging Bolt|34/100
|move|p1a: Raging Bolt|Calm Mind|p1a: Raging Bolt
|-boost|p1a: Raging Bolt|spa|1
|-boost|p1a: Raging Bolt|spd|1
|
|-weather|RainDance|[upkeep]
|-heal|p2a: Iron Treads|93/100|[from] item: Leftovers
|upkeep
|turn|17
|
|t:|1760433361
|move|p2a: Iron Treads|Earthquake|p1a: Raging Bolt
|-resisted|p1a: Raging Bolt
|-damage|p1a: Raging Bolt|25/100
|move|p1a: Raging Bolt|Dragon Pulse|p2a: Iron Treads
|-resisted|p2a: Iron Treads
|-damage|p2a: Iron Treads|58/100
|
|-weather|RainDance|[upkeep]
|-heal|p2a: Iron Treads|64/100|[from] item: Leftovers
|upkeep
|turn|18
|
|t:|1760433366
|move|p2a: Iron Treads|Earthquake|p1a: Raging Bolt
|-resisted|p1a: Raging Bolt
|-damage|p1a: Raging Bolt|15/100
|move|p1a: Raging Bolt|Dragon Pulse|p2a: Iron Treads
|-resisted|p2a: Iron Treads
|-damage|p2a: Iron Treads|29/100
|
|-weather|RainDance|[upkeep]
|-heal|p2a: Iron Treads|35/100|[from] item: Leftovers
|upkeep
|turn|19
|
|t:|1760433369
|move|p2a: Iron Treads|Earthquake|p1a: Raging Bolt
|-resisted|p1a: Raging Bolt
|-damage|p1a: Raging Bolt|7/100
|move|p1a: Raging Bolt|Dragon Pulse|p2a: Iron Treads
|-resisted|p2a: Iron Treads
|-damage|p2a: Iron Treads|0 fnt
|faint|p2a: Iron Treads
|-end|p2a: Iron Treads|Quark Drive|[silent]
|
|-weather|RainDance|[upkeep]
|upkeep
|
|t:|1760433374
|switch|p2a: Barraskewda|Barraskewda, M|91/100
|turn|20
|
|t:|1760433385
|move|p2a: Barraskewda|Aqua Jet|p1a: Raging Bolt
|-damage|p1a: Raging Bolt|0 fnt
|faint|p1a: Raging Bolt
|-end|p1a: Raging Bolt|Protosynthesis|[silent]
|-damage|p2a: Barraskewda|81/100|[from] item: Life Orb
|
|-weather|RainDance|[upkeep]
|upkeep
|
|t:|1760433387
|switch|p1a: Rillaboom|Rillaboom, M|94/100
|-damage|p1a: Rillaboom|82/100|[from] Stealth Rock
|-fieldstart|move: Grassy Terrain|[from] ability: Grassy Surge|[of] p1a: Rillaboom
|turn|21
|
|t:|1760433397
|switch|p2a: Tornadus|Tornadus-Therian, M|100/100
|move|p1a: Rillaboom|U-turn|p2a: Tornadus
|-resisted|p2a: Tornadus
|-damage|p2a: Tornadus|83/100
|
|t:|1760433421
|switch|p1a: Okidogi|Okidogi, M|100/100|[from] U-turn
|-damage|p1a: Okidogi|94/100|[from] Stealth Rock
|
|-weather|none
|-heal|p1a: Okidogi|100/100|[from] Grassy Terrain
|upkeep
|turn|22
|
|t:|1760433429
|move|p2a: Tornadus|Hurricane|p1a: Okidogi
|-supereffective|p1a: Okidogi
|-damage|p1a: Okidogi|0 fnt
|faint|p1a: Okidogi
|
|upkeep
|
|t:|1760433442
|switch|p1a: Kingambit|Kingambit, F|100/100
|-damage|p1a: Kingambit|94/100|[from] Stealth Rock
|-activate|p1a: Kingambit|ability: Supreme Overlord
|-start|p1a: Kingambit|fallen4|[silent]
|-item|p1a: Kingambit|Air Balloon
|turn|23
|
|t:|1760433454
|move|p2a: Tornadus|Hurricane|p1a: Kingambit
|-resisted|p1a: Kingambit
|-damage|p1a: Kingambit|51/100
|-enditem|p1a: Kingambit|Air Balloon
|move|p1a: Kingambit|Kowtow Cleave|p2a: Tornadus
|-damage|p2a: Tornadus|0 fnt
|faint|p2a: Tornadus
|
|-heal|p1a: Kingambit|57/100|[from] Grassy Terrain
|upkeep
|
|t:|1760433461
|switch|p2a: Barraskewda|Barraskewda, M|81/100
|turn|24
|c|☆OUZQ Crocodile|Gg
|c|☆3idk|ggs
|
|t:|1760433476
|move|p1a: Kingambit|Sucker Punch|p2a: Barraskewda
|-damage|p2a: Barraskewda|0 fnt
|faint|p2a: Barraskewda
|
|win|OUZQ Crocodile
|raw|OUZQ Crocodile's rating: 1653 &rarr; <strong>1673</strong><br />(+20 for winning)
|raw|3idk's rating: 1657 &rarr; <strong>1637</strong><br />(-20 for losing)
