|j|☆trainerramos97
|j|☆MADMANWHO
|t:|1760332795
|gametype|singles
|player|p1|trainerramos97|265|1178
|player|p2|MADMANWHO|hiker|1234
|gen|9
|tier|[Gen 9] OU
|rated|
|rule|HP Percentage Mod: HP is shown in percentages
|rule|Endless Battle Clause: Forcing endless battles is banned
|rule|Species Clause: Limit one of each Pokémon
|rule|OHKO Clause: OHKO moves are banned
|rule|Evasion Items Clause: Evasion items are banned
|rule|Evasion Moves Clause: Evasion moves are banned
|rule|Evasion Abilities Clause: Evasion abilities are banned
|rule|Sleep Moves Clause: Sleep-inducing moves are banned
|clearpoke
|poke|p1|Pelipper, M|
|poke|p1|Quaquaval, M|
|poke|p1|Iron Treads|
|poke|p1|Ogerpon-Wellspring, F|
|poke|p1|Iron Jugulis|
|poke|p1|Pincurchin, F|
|poke|p2|Tyranitar, M|
|poke|p2|Rillaboom, F|
|poke|p2|Houndstone, M|
|poke|p2|Clodsire, M|
|poke|p2|Kleavor, F|
|poke|p2|Kommo-o, F|
|teampreview
|inactive|Battle timer is ON: inactive players will automatically lose when time's up. (requested by MADMANWHO)
|
|t:|1760332811
|teamsize|p1|6
|teamsize|p2|6
|start
|switch|p1a: Pincurchin|Pincurchin, F|100/100
|switch|p2a: Tyranitar|Tyranitar, M|100/100
|-weather|Sandstorm|[from] ability: Sand Stream|[of] p2a: Tyranitar
|-fieldstart|move: Electric Terrain|[from] ability: Electric Surge|[of] p1a: Pincurchin
|turn|1
|
|t:|1760332819
|move|p2a: Tyranitar|Knock Off|p1a: Pincurchin
|-damage|p1a: Pincurchin|10/100
|-enditem|p1a: Pincurchin|Terrain Extender|[from] move: Knock Off|[of] p2a: Tyranitar
|move|p1a: Pincurchin|Thunder Wave|p2a: Tyranitar
|-status|p2a: Tyranitar|par
|
|-weather|Sandstorm|[upkeep]
|-damage|p1a: Pincurchin|4/100|[from] Sandstorm
|upkeep
|turn|2
|
|t:|1760332828
|cant|p2a: Tyranitar|par
|move|p1a: Pincurchin|Toxic Spikes|p2a: Tyranitar
|-sidestart|p2: MADMANWHO|move: Toxic Spikes
|
|-weather|Sandstorm|[upkeep]
|-damage|p1a: Pincurchin|0 fnt|[from] Sandstorm
|faint|p1a: Pincurchin
|upkeep
|
|t:|1760332832
|switch|p1a: Pelipper|Pelipper, M|100/100
|-weather|RainDance|[from] ability: Drizzle|[of] p1a: Pelipper
|turn|3
|
|t:|1760332839
|switch|p2a: Clodsire|Clodsire, M|100/100
|-sideend|p2: MADMANWHO|move: Toxic Spikes|[of] p2a: Clodsire
|move|p1a: Pelipper|U-turn|p2a: Clodsire
|-resisted|p2a: Clodsire
|-damage|p2a: Clodsire|96/100
|
|t:|1760332844
|switch|p1a: Iron Treads|Iron Treads|100/100|[from] U-turn
|-activate|p1a: Iron Treads|ability: Quark Drive
|-start|p1a: Iron Treads|quarkdriveatk
|
|-weather|RainDance|[upkeep]
|-heal|p2a: Clodsire|100/100|[from] item: Black Sludge
|upkeep
|turn|4
|
|t:|1760332851
|switch|p2a: Houndstone|Houndstone, M|100/100
|move|p1a: Iron Treads|Earthquake|p2a: Houndstone
|-damage|p2a: Houndstone|32/100
|
|-weather|RainDance|[upkeep]
|upkeep
|turn|5
|
|t:|1760332860
|move|p1a: Iron Treads|Earthquake|p2a: Houndstone
|-damage|p2a: Houndstone|0 fnt
|faint|p2a: Houndstone
|
|-weather|RainDance|[upkeep]
|upkeep
|
|t:|1760332871
|switch|p2a: Rillaboom|Rillaboom, F|100/100
|-fieldstart|move: Grassy Terrain|[from] ability: Grassy Surge|[of] p2a: Rillaboom
|-end|p1a: Iron Treads|Quark Drive
|turn|6
|
|t:|1760332880
|move|p1a: Iron Treads|Stealth Rock|p2a: Rillaboom
|-sidestart|p2: MADMANWHO|move: Stealth Rock
|move|p2a: Rillaboom|Drum Beating|p1a: Iron Treads
|-damage|p1a: Iron Treads|48/100
|-unboost|p1a: Iron Treads|spe|1
|
|-weather|RainDance|[upkeep]
|-heal|p1a: Iron Treads|54/100|[from] Grassy Terrain
|upkeep
|turn|7
|
|t:|1760332892
|move|p2a: Rillaboom|High Horsepower|p1a: Iron Treads
|-supereffective|p1a: Iron Treads
|-damage|p1a: Iron Treads|0 fnt
|faint|p1a: Iron Treads
|-end|p1a: Iron Treads|Quark Drive|[silent]
|
|-weather|none
|upkeep
|
|t:|1760332896
|switch|p1a: Pelipper|Pelipper, M|100/100
|-weather|RainDance|[from] ability: Drizzle|[of] p1a: Pelipper
|turn|8
|
|t:|1760332907
|switch|p2a: Clodsire|Clodsire, M|100/100
|-damage|p2a: Clodsire|94/100|[from] Stealth Rock
|move|p1a: Pelipper|Surf|p2a: Clodsire
|-heal|p2a: Clodsire|100/100|[from] ability: Water Absorb|[of] p1a: Pelipper
|
|-weather|RainDance|[upkeep]
|upkeep
|turn|9
|
|t:|1760332915
|move|p1a: Pelipper|U-turn|p2a: Clodsire
|-resisted|p2a: Clodsire
|-damage|p2a: Clodsire|96/100
|
|t:|1760332919
|switch|p1a: Iron Jugulis|Iron Jugulis|100/100|[from] U-turn
|move|p2a: Clodsire|Toxic|p1a: Iron Jugulis
|-status|p1a: Iron Jugulis|tox
|
|-weather|RainDance|[upkeep]
|-heal|p2a: Clodsire|100/100|[from] Grassy Terrain
|-damage|p1a: Iron Jugulis|94/100 tox|[from] psn
|upkeep
|turn|10
|
|t:|1760332931
|switch|p2a: Tyranitar|Tyranitar, M|100/100 par
|-damage|p2a: Tyranitar|88/100 par|[from] Stealth Rock
|-weather|Sandstorm|[from] ability: Sand Stream|[of] p2a: Tyranitar
|move|p1a: Iron Jugulis|Earth Power|p2a: Tyranitar
|-supereffective|p2a: Tyranitar
|-damage|p2a: Tyranitar|37/100 par
|-damage|p1a: Iron Jugulis|85/100 tox|[from] item: Life Orb
|
|-weather|Sandstorm|[upkeep]
|-damage|p1a: Iron Jugulis|79/100 tox|[from] Sandstorm
|-heal|p2a: Tyranitar|43/100 par|[from] Grassy Terrain
|-damage|p1a: Iron Jugulis|66/100 tox|[from] psn
|-fieldend|move: Grassy Terrain
|upkeep
|turn|11
|
|t:|1760332951
|switch|p2a: Rillaboom|Rillaboom, F|100/100
|-damage|p2a: Rillaboom|88/100|[from] Stealth Rock
|-fieldstart|move: Grassy Terrain|[from] ability: Grassy Surge|[of] p2a: Rillaboom
|move|p1a: Iron Jugulis|U-turn|p2a: Rillaboom
|-supereffective|p2a: Rillaboom
|-damage|p2a: Rillaboom|56/100
|-damage|p1a: Iron Jugulis|57/100 tox|[from] item: Life Orb
|
|t:|1760332954
|-end|p1a: Iron Jugulis|Quark Drive|[silent]
|switch|p1a: Pelipper|Pelipper, M|100/100|[from] U-turn
|-weather|RainDance|[from] ability: Drizzle|[of] p1a: Pelipper
|
|-weather|RainDance|[upkeep]
|-heal|p2a: Rillaboom|62/100|[from] Grassy Terrain
|upkeep
|turn|12
|
|t:|1760332969
|switch|p2a: Tyranitar|Tyranitar, M|43/100 par
|-damage|p2a: Tyranitar|31/100 par|[from] Stealth Rock
|-weather|Sandstorm|[from] ability: Sand Stream|[of] p2a: Tyranitar
|move|p1a: Pelipper|Hurricane|p2a: Tyranitar
|-resisted|p2a: Tyranitar
|-damage|p2a: Tyranitar|19/100 par
|
|-weather|Sandstorm|[upkeep]
|-damage|p1a: Pelipper|94/100|[from] Sandstorm
|-heal|p2a: Tyranitar|25/100 par|[from] Grassy Terrain
|upkeep
|turn|13
|
|t:|1760332980
|move|p1a: Pelipper|U-turn|p2a: Tyranitar
|-supereffective|p2a: Tyranitar
|-damage|p2a: Tyranitar|10/100 par
|
|t:|1760332983
|switch|p1a: Quaquaval|Quaquaval, M|100/100|[from] U-turn
|move|p2a: Tyranitar|Knock Off|p1a: Quaquaval
|-resisted|p1a: Quaquaval
|-damage|p1a: Quaquaval|56/100
|-enditem|p1a: Quaquaval|Leftovers|[from] move: Knock Off|[of] p2a: Tyranitar
|
|-weather|Sandstorm|[upkeep]
|-damage|p1a: Quaquaval|50/100|[from] Sandstorm
|-heal|p1a: Quaquaval|56/100|[from] Grassy Terrain
|-heal|p2a: Tyranitar|17/100 par|[from] Grassy Terrain
|upkeep
|turn|14
|
|t:|1760332993
|move|p1a: Quaquaval|Roost|p1a: Quaquaval
|-heal|p1a: Quaquaval|100/100
|-singleturn|p1a: Quaquaval|move: Roost
|move|p2a: Tyranitar|Knock Off|p1a: Quaquaval
|-resisted|p1a: Quaquaval
|-damage|p1a: Quaquaval|71/100
|
|-weather|Sandstorm|[upkeep]
|-damage|p1a: Quaquaval|65/100|[from] Sandstorm
|-heal|p1a: Quaquaval|71/100|[from] Grassy Terrain
|-heal|p2a: Tyranitar|23/100 par|[from] Grassy Terrain
|upkeep
|turn|15
|
|t:|1760333002
|move|p1a: Quaquaval|Aqua Step|p2a: Tyranitar
|-supereffective|p2a: Tyranitar
|-damage|p2a: Tyranitar|0 fnt
|-boost|p1a: Quaquaval|spe|1
|faint|p2a: Tyranitar
|-ability|p1a: Quaquaval|Moxie|boost
|-boost|p1a: Quaquaval|atk|1
|
|-weather|Sandstorm|[upkeep]
|-damage|p1a: Quaquaval|65/100|[from] Sandstorm
|-heal|p1a: Quaquaval|71/100|[from] Grassy Terrain
|-fieldend|move: Grassy Terrain
|upkeep
|
|t:|1760333016
|switch|p2a: Rillaboom|Rillaboom, F|62/100
|-damage|p2a: Rillaboom|50/100|[from] Stealth Rock
|-fieldstart|move: Grassy Terrain|[from] ability: Grassy Surge|[of] p2a: Rillaboom
|turn|16
|
|t:|1760333022
|switch|p1a: Pelipper|Pelipper, M|94/100
|-weather|RainDance|[from] ability: Drizzle|[of] p1a: Pelipper
|move|p2a: Rillaboom|Grassy Glide|p1a: Pelipper
|-damage|p1a: Pelipper|62/100
|
|-weather|RainDance|[upkeep]
|-heal|p2a: Rillaboom|56/100|[from] Grassy Terrain
|upkeep
|turn|17
|
|t:|1760333032
|-terastallize|p2a: Rillaboom|Grass
|move|p2a: Rillaboom|Drum Beating|p1a: Pelipper
|-damage|p1a: Pelipper|0 fnt
|faint|p1a: Pelipper
|
|-weather|RainDance|[upkeep]
|-heal|p2a: Rillaboom|62/100|[from] Grassy Terrain
|upkeep
|
|t:|1760333036
|switch|p1a: Ogerpon|Ogerpon-Wellspring, F|100/100
|turn|18
|
|t:|1760333045
|move|p1a: Ogerpon|Ivy Cudgel|p2a: Rillaboom|[anim] Ivy Cudgel Water
|-resisted|p2a: Rillaboom
|-damage|p2a: Rillaboom|10/100
|move|p2a: Rillaboom|Drum Beating|p1a: Ogerpon
|-damage|p1a: Ogerpon|13/100
|-unboost|p1a: Ogerpon|spe|1
|
|-weather|RainDance|[upkeep]
|-heal|p2a: Rillaboom|17/100|[from] Grassy Terrain
|-heal|p1a: Ogerpon|19/100|[from] Grassy Terrain
|upkeep
|turn|19
|
|t:|1760333054
|move|p2a: Rillaboom|Grassy Glide|p1a: Ogerpon
|-damage|p1a: Ogerpon|0 fnt
|faint|p1a: Ogerpon
|
|-weather|RainDance|[upkeep]
|-heal|p2a: Rillaboom|23/100|[from] Grassy Terrain
|upkeep
|
|t:|1760333057
|switch|p1a: Iron Jugulis|Iron Jugulis|57/100 tox
|turn|20
|
|t:|1760333066
|switch|p2a: Kommo-o|Kommo-o, F|100/100
|-damage|p2a: Kommo-o|94/100|[from] Stealth Rock
|-terastallize|p1a: Iron Jugulis|Flying
|move|p1a: Iron Jugulis|Hurricane|p2a: Kommo-o
|-supereffective|p2a: Kommo-o
|-damage|p2a: Kommo-o|0 fnt
|faint|p2a: Kommo-o
|-damage|p1a: Iron Jugulis|47/100 tox|[from] item: Life Orb
|
|-weather|none
|-damage|p1a: Iron Jugulis|41/100 tox|[from] psn
|-fieldend|move: Grassy Terrain
|upkeep
|
|t:|1760333078
|switch|p2a: Kleavor|Kleavor, F|100/100
|-damage|p2a: Kleavor|76/100|[from] Stealth Rock
|turn|21
|
|t:|1760333082
|move|p1a: Iron Jugulis|U-turn|p2a: Kleavor
|-crit|p2a: Kleavor
|-damage|p2a: Kleavor|43/100
|-damage|p1a: Iron Jugulis|31/100 tox|[from] item: Life Orb
|
|t:|1760333084
|-end|p1a: Iron Jugulis|Quark Drive|[silent]
|switch|p1a: Quaquaval|Quaquaval, M|71/100|[from] U-turn
|move|p2a: Kleavor|Stone Axe|p1a: Quaquaval
|-resisted|p1a: Quaquaval
|-damage|p1a: Quaquaval|42/100
|-sidestart|p1: trainerramos97|move: Stealth Rock
|
|upkeep
|turn|22
|
|t:|1760333093
|move|p2a: Kleavor|X-Scissor|p1a: Quaquaval
|-resisted|p1a: Quaquaval
|-damage|p1a: Quaquaval|7/100
|move|p1a: Quaquaval|Roost|p1a: Quaquaval
|-heal|p1a: Quaquaval|57/100
|-singleturn|p1a: Quaquaval|move: Roost
|
|upkeep
|turn|23
|
|t:|1760333104
|move|p2a: Kleavor|Tailwind|p2a: Kleavor
|-sidestart|p2: MADMANWHO|move: Tailwind
|move|p1a: Quaquaval|Roost|p1a: Quaquaval
|-heal|p1a: Quaquaval|100/100
|-singleturn|p1a: Quaquaval|move: Roost
|
|upkeep
|turn|24
|
|t:|1760333109
|move|p2a: Kleavor|Close Combat|p1a: Quaquaval
|-crit|p1a: Quaquaval
|-damage|p1a: Quaquaval|30/100
|-unboost|p2a: Kleavor|def|1
|-unboost|p2a: Kleavor|spd|1
|move|p1a: Quaquaval|Aqua Step|p2a: Kleavor
|-supereffective|p2a: Kleavor
|-damage|p2a: Kleavor|0 fnt
|-boost|p1a: Quaquaval|spe|1
|faint|p2a: Kleavor
|-ability|p1a: Quaquaval|Moxie|boost
|-boost|p1a: Quaquaval|atk|1
|
|upkeep
|-message|trainerramos97 forfeited.
|
|win|MADMANWHO
|raw|trainerramos97's rating: 1178 &rarr; <strong>1157</strong><br />(-21 for losing)
|raw|MADMANWHO's rating: 1234 &rarr; <strong>1255</strong><br />(+21 for winning)
|l|☆trainerramos97
|player|p1|
|l|☆MADMANWHO
|player|p2|
