|j|☆jhghjkhipkjnlp
|j|☆levijoseph
|t:|1760417050
|gametype|singles
|player|p1|jhghjkhipkjnlp|265|1360
|player|p2|levijoseph|nate|1400
|gen|9
|tier|[Gen 9] OU
|rated|
|rule|HP Percentage Mod: HP is shown in percentages
|rule|Endless Battle Clause: Forcing endless battles is banned
|rule|Species Clause: Limit one of each Pokémon
|rule|OHKO Clause: OHKO moves are banned
|rule|Evasion Items Clause: Evasion items are banned
|rule|Evasion Moves Clause: Evasion moves are banned
|rule|Evasion Abilities Clause: Evasion abilities are banned
|rule|Sleep Moves Clause: Sleep-inducing moves are banned
|clearpoke
|poke|p1|Ninetales, F|
|poke|p1|Hatterene, F|
|poke|p1|Walking Wake|
|poke|p1|Lilligant-Hisui, F|
|poke|p1|Ting-Lu|
|poke|p1|Ogerpon-Wellspring, F|
|poke|p2|Serperior, F|
|poke|p2|Clefable, F|
|poke|p2|Thundurus, M|
|poke|p2|Scizor, F|
|poke|p2|Smeargle, F|
|poke|p2|Ceruledge, M|
|teampreview
|inactive|Battle timer is ON: inactive players will automatically lose when time's up. (requested by levijoseph)
|
|t:|1760417075
|teamsize|p1|6
|teamsize|p2|6
|start
|switch|p1a: Ninetales|Ninetales, F|100/100
|switch|p2a: Smeargle|Smeargle, F|100/100
|-weather|SunnyDay|[from] ability: Drought|[of] p1a: Ninetales
|turn|1
|
|t:|1760417086
|move|p1a: Ninetales|Weather Ball|p2a: Smeargle
|-damage|p2a: Smeargle|18/100
|move|p2a: Smeargle|Nuzzle|p1a: Ninetales
|-damage|p1a: Ninetales|97/100
|-status|p1a: Ninetales|par
|
|-weather|SunnyDay|[upkeep]
|upkeep
|turn|2
|
|t:|1760417096
|switch|p1a: Ting-Lu|Ting-Lu|100/100
|-ability|p1a: Ting-Lu|Vessel of Ruin
|move|p2a: Smeargle|Stealth Rock|p1a: Ting-Lu
|-sidestart|p1: jhghjkhipkjnlp|move: Stealth Rock
|
|-weather|SunnyDay|[upkeep]
|upkeep
|turn|3
|
|t:|1760417103
|move|p2a: Smeargle|Salt Cure|p1a: Ting-Lu
|-resisted|p1a: Ting-Lu
|-damage|p1a: Ting-Lu|99/100
|-start|p1a: Ting-Lu|Salt Cure
|-enditem|p1a: Ting-Lu|Eject Button
|
|t:|1760417113
|switch|p1a: Walking Wake|Walking Wake|100/100
|-damage|p1a: Walking Wake|88/100|[from] Stealth Rock
|-activate|p1a: Walking Wake|ability: Protosynthesis
|-start|p1a: Walking Wake|protosynthesisspe
|
|-weather|SunnyDay|[upkeep]
|upkeep
|turn|4
|
|t:|1760417126
|move|p1a: Walking Wake|Flamethrower|p2a: Smeargle
|-damage|p2a: Smeargle|0 fnt
|faint|p2a: Smeargle
|
|-weather|SunnyDay|[upkeep]
|upkeep
|
|t:|1760417132
|switch|p2a: Thundurus|Thundurus, M|100/100
|turn|5
|
|t:|1760417136
|-terastallize|p1a: Walking Wake|Dragon
|move|p2a: Thundurus|Thunder Wave|p1a: Walking Wake
|-status|p1a: Walking Wake|par
|cant|p1a: Walking Wake|par
|
|-weather|SunnyDay|[upkeep]
|upkeep
|turn|6
|
|t:|1760417145
|move|p2a: Thundurus|Nasty Plot|p2a: Thundurus
|-boost|p2a: Thundurus|spa|2
|cant|p1a: Walking Wake|par
|
|-weather|SunnyDay|[upkeep]
|upkeep
|turn|7
|-message|jhghjkhipkjnlp forfeited.
|
|win|levijoseph
|raw|jhghjkhipkjnlp's rating: 1360 &rarr; <strong>1342</strong><br />(-18 for losing)
|raw|levijoseph's rating: 1400 &rarr; <strong>1418</strong><br />(+18 for winning)
|l|☆jhghjkhipkjnlp
|player|p1|
|l|☆levijoseph
|player|p2|
