|j|☆Obier
|j|☆Bad player(MeEe)
|t:|1760375568
|gametype|singles
|player|p1|Obier|265|1089
|player|p2|Bad player(MeEe)|psychic|1089
|gen|9
|tier|[Gen 9] OU
|rated|
|rule|HP Percentage Mod: HP is shown in percentages
|rule|Endless Battle Clause: Forcing endless battles is banned
|rule|Species Clause: Limit one of each Pokémon
|rule|OHKO Clause: OHKO moves are banned
|rule|Evasion Items Clause: Evasion items are banned
|rule|Evasion Moves Clause: Evasion moves are banned
|rule|Evasion Abilities Clause: Evasion abilities are banned
|rule|Sleep Moves Clause: Sleep-inducing moves are banned
|clearpoke
|poke|p1|Mew|
|poke|p1|Tyranitar, M|
|poke|p1|Charizard, M|
|poke|p1|Garchomp, M|
|poke|p1|Dragonite, M|
|poke|p1|Ceruledge, M|
|poke|p2|Latios, M|
|poke|p2|Skuntank, F|
|poke|p2|Okidogi, M|
|poke|p2|Vileplume, F|
|poke|p2|Chandelure, M|
|poke|p2|Gastrodon-East, M|
|teampreview
|inactive|Battle timer is ON: inactive players will automatically lose when time's up. (requested by Bad player(MeEe))
|
|t:|1760375578
|teamsize|p1|6
|teamsize|p2|6
|start
|switch|p1a: Mew|Mew, shiny|100/100
|switch|p2a: Chandelure|Chandelure, M|100/100
|turn|1
|
|t:|1760375587
|move|p2a: Chandelure|Shadow Ball|p1a: Mew
|-supereffective|p1a: Mew
|-damage|p1a: Mew|9/100
|move|p1a: Mew|Stealth Rock|p2a: Chandelure
|-sidestart|p2: Bad player(MeEe)|move: Stealth Rock
|
|upkeep
|turn|2
|
|t:|1760375598
|move|p2a: Chandelure|Shadow Ball|p1a: Mew
|-supereffective|p1a: Mew
|-damage|p1a: Mew|0 fnt
|faint|p1a: Mew
|
|upkeep
|
|t:|1760375611
|switch|p1a: Ceruledge|Ceruledge, M, shiny|100/100
|-item|p1a: Ceruledge|Air Balloon
|turn|3
|
|t:|1760375634
|move|p2a: Chandelure|Shadow Ball|p1a: Ceruledge
|-supereffective|p1a: Ceruledge
|-damage|p1a: Ceruledge|0 fnt
|-enditem|p1a: Ceruledge|Air Balloon
|faint|p1a: Ceruledge
|
|upkeep
|inactive|Obier has 120 seconds left.
|
|t:|1760375651
|switch|p1a: Garchomp|Garchomp, M, shiny|100/100
|turn|4
|inactive|Obier has 120 seconds left.
|
|t:|1760375657
|move|p2a: Chandelure|Shadow Ball|p1a: Garchomp
|-damage|p1a: Garchomp|50/100
|move|p1a: Garchomp|Earthquake|p2a: Chandelure
|-supereffective|p2a: Chandelure
|-damage|p2a: Chandelure|0 fnt
|faint|p2a: Chandelure
|
|upkeep
|
|t:|1760375664
|switch|p2a: Gastrodon|Gastrodon-East, M|100/100
|-damage|p2a: Gastrodon|94/100|[from] Stealth Rock
|turn|5
|
|t:|1760375677
|move|p1a: Garchomp|Poison Jab|p2a: Gastrodon
|-resisted|p2a: Gastrodon
|-damage|p2a: Gastrodon|79/100
|-status|p2a: Gastrodon|psn
|move|p2a: Gastrodon|Stealth Rock|p1a: Garchomp
|-sidestart|p1: Obier|move: Stealth Rock
|
|-heal|p2a: Gastrodon|85/100 psn|[from] item: Leftovers
|-damage|p2a: Gastrodon|73/100 psn|[from] psn
|upkeep
|turn|6
|
|t:|1760375692
|move|p1a: Garchomp|Brick Break|p2a: Gastrodon
|-damage|p2a: Gastrodon|45/100 psn
|move|p2a: Gastrodon|Muddy Water|p1a: Garchomp
|-damage|p1a: Garchomp|19/100
|
|-heal|p2a: Gastrodon|51/100 psn|[from] item: Leftovers
|-damage|p2a: Gastrodon|39/100 psn|[from] psn
|upkeep
|turn|7
|
|t:|1760375706
|switch|p2a: Vileplume|Vileplume, F|100/100
|-damage|p2a: Vileplume|88/100|[from] Stealth Rock
|move|p1a: Garchomp|Poison Jab|p2a: Vileplume
|-damage|p2a: Vileplume|63/100
|-damage|p1a: Garchomp|2/100|[from] item: Rocky Helmet|[of] p2a: Vileplume
|
|upkeep
|turn|8
|
|t:|1760375727
|move|p1a: Garchomp|Fire Fang|p2a: Vileplume
|-supereffective|p2a: Vileplume
|-damage|p2a: Vileplume|21/100
|-damage|p1a: Garchomp|0 fnt|[from] item: Rocky Helmet|[of] p2a: Vileplume
|faint|p1a: Garchomp
|move|p2a: Vileplume|Strength Sap|p1: Garchomp|[notarget]
|-fail|p2a: Vileplume
|
|upkeep
|
|t:|1760375737
|switch|p1a: Charizard|Charizard, M, shiny|100/100
|turn|9
|
|t:|1760375742
|move|p1a: Charizard|Fire Punch|p2a: Vileplume
|-supereffective|p2a: Vileplume
|-damage|p2a: Vileplume|0 fnt
|-damage|p1a: Charizard|84/100|[from] item: Rocky Helmet|[of] p2a: Vileplume
|faint|p2a: Vileplume
|
|upkeep
|
|t:|1760375745
|switch|p2a: Gastrodon|Gastrodon-East, M|39/100 psn
|-damage|p2a: Gastrodon|32/100 psn|[from] Stealth Rock
|turn|10
|
|t:|1760375755
|move|p2a: Gastrodon|Muddy Water|p1a: Charizard|[miss]
|-miss|p2a: Gastrodon|p1a: Charizard
|move|p1a: Charizard|Dragon Tail|p2a: Gastrodon
|-damage|p2a: Gastrodon|16/100 psn
|drag|p2a: Latios|Latios, M, shiny|100/100
|-damage|p2a: Latios|88/100|[from] Stealth Rock
|
|upkeep
|turn|11
|
|t:|1760375770
|move|p2a: Latios|Dragon Dance|p2a: Latios
|-boost|p2a: Latios|atk|1
|-boost|p2a: Latios|spe|1
|move|p1a: Charizard|Dragon Tail|p2a: Latios
|-supereffective|p2a: Latios
|-damage|p2a: Latios|46/100
|drag|p2a: Okidogi|Okidogi, M|100/100
|-damage|p2a: Okidogi|94/100|[from] Stealth Rock
|
|-heal|p2a: Okidogi|100/100|[from] item: Leftovers
|upkeep
|turn|12
|
|t:|1760375782
|move|p1a: Charizard|Earthquake|p2a: Okidogi
|-supereffective|p2a: Okidogi
|-damage|p2a: Okidogi|67/100
|move|p2a: Okidogi|Curse|p2a: Okidogi
|-unboost|p2a: Okidogi|spe|1
|-boost|p2a: Okidogi|atk|1
|-boost|p2a: Okidogi|def|1
|
|-heal|p2a: Okidogi|73/100|[from] item: Leftovers
|upkeep
|turn|13
|
|t:|1760375792
|move|p2a: Okidogi|Gunk Shot|p1a: Charizard
|-damage|p1a: Charizard|0 fnt
|faint|p1a: Charizard
|
|-heal|p2a: Okidogi|79/100|[from] item: Leftovers
|upkeep
|
|t:|1760375803
|switch|p1a: Tyranitar|Tyranitar, M, shiny|100/100
|-damage|p1a: Tyranitar|88/100|[from] Stealth Rock
|-weather|Sandstorm|[from] ability: Sand Stream|[of] p1a: Tyranitar
|turn|14
|inactive|Obier has 120 seconds left.
|
|t:|1760375819
|-terastallize|p1a: Tyranitar|Electric
|move|p1a: Tyranitar|Earthquake|p2a: Okidogi
|-supereffective|p2a: Okidogi
|-damage|p2a: Okidogi|43/100
|move|p2a: Okidogi|Curse|p2a: Okidogi
|-unboost|p2a: Okidogi|spe|1
|-boost|p2a: Okidogi|atk|1
|-boost|p2a: Okidogi|def|1
|
|-weather|Sandstorm|[upkeep]
|-damage|p1a: Tyranitar|82/100|[from] Sandstorm
|-damage|p2a: Okidogi|37/100|[from] Sandstorm
|-heal|p2a: Okidogi|43/100|[from] item: Leftovers
|upkeep
|turn|15
|inactive|Obier has 120 seconds left.
|
|t:|1760375834
|move|p1a: Tyranitar|Fire Punch|p2a: Okidogi
|-damage|p2a: Okidogi|33/100
|move|p2a: Okidogi|Drain Punch|p1a: Tyranitar
|-damage|p1a: Tyranitar|34/100
|-heal|p2a: Okidogi|58/100|[from] drain|[of] p1a: Tyranitar
|-damage|p2a: Okidogi|42/100|[from] item: Rocky Helmet|[of] p1a: Tyranitar
|
|-weather|Sandstorm|[upkeep]
|-damage|p1a: Tyranitar|27/100|[from] Sandstorm
|-damage|p2a: Okidogi|36/100|[from] Sandstorm
|-heal|p2a: Okidogi|42/100|[from] item: Leftovers
|upkeep
|turn|16
|inactive|Obier has 120 seconds left.
|
|t:|1760375853
|move|p1a: Tyranitar|Thunder Punch|p2a: Okidogi
|-damage|p2a: Okidogi|26/100
|move|p2a: Okidogi|Drain Punch|p1a: Tyranitar
|-damage|p1a: Tyranitar|0 fnt
|-heal|p2a: Okidogi|40/100|[from] drain|[of] p1a: Tyranitar
|-damage|p2a: Okidogi|24/100|[from] item: Rocky Helmet|[of] p1a: Tyranitar
|faint|p1a: Tyranitar
|
|-weather|Sandstorm|[upkeep]
|-damage|p2a: Okidogi|18/100|[from] Sandstorm
|-heal|p2a: Okidogi|24/100|[from] item: Leftovers
|upkeep
|
|t:|1760375866
|switch|p1a: Dragonite|Dragonite, M|100/100
|turn|17
|
|t:|1760375873
|-terastallize|p2a: Okidogi|Poison
|move|p2a: Okidogi|Ice Punch|p1a: Dragonite
|-supereffective|p1a: Dragonite
|-damage|p1a: Dragonite|12/100
|move|p1a: Dragonite|Dragon Tail|p2a: Okidogi
|-damage|p2a: Okidogi|12/100
|-activate|p2a: Okidogi|ability: Guard Dog
|
|-weather|Sandstorm|[upkeep]
|-damage|p1a: Dragonite|6/100|[from] Sandstorm
|-damage|p2a: Okidogi|6/100|[from] Sandstorm
|-heal|p2a: Okidogi|12/100|[from] item: Leftovers
|upkeep
|turn|18
|
|t:|1760375895
|move|p1a: Dragonite|Earthquake|p2a: Okidogi
|-supereffective|p2a: Okidogi
|-damage|p2a: Okidogi|0 fnt
|faint|p2a: Okidogi
|
|-weather|none
|upkeep
|
|t:|1760375905
|switch|p2a: Skuntank|Skuntank, F|100/100
|turn|19
|
|t:|1760375911
|move|p2a: Skuntank|Poison Jab|p1a: Dragonite
|-damage|p1a: Dragonite|0 fnt
|faint|p1a: Dragonite
|
|win|Bad player(MeEe)
|raw|Obier's rating: 1089 &rarr; <strong>1064</strong><br />(-25 for losing)
|raw|Bad player(MeEe)'s rating: 1067 &rarr; <strong>1099</strong><br />(+32 for winning)
|l|☆Bad player(MeEe)
|player|p2|
|l|☆Obier
|player|p1|
