|j|☆YT-Cyber-DJ
|j|☆luxgia
|t:|1760447015
|gametype|singles
|player|p1|YT-Cyber-DJ|gambler|1558
|player|p2|luxgia|byron|1594
|gen|9
|tier|[Gen 9] OU
|rated|
|rule|HP Percentage Mod: HP is shown in percentages
|rule|Endless Battle Clause: Forcing endless battles is banned
|rule|Species Clause: Limit one of each Pokémon
|rule|OHKO Clause: OHKO moves are banned
|rule|Evasion Items Clause: Evasion items are banned
|rule|Evasion Moves Clause: Evasion moves are banned
|rule|Evasion Abilities Clause: Evasion abilities are banned
|rule|Sleep Moves Clause: Sleep-inducing moves are banned
|clearpoke
|poke|p1|Ogerpon-Wellspring, F|
|poke|p1|Dragapult, F|
|poke|p1|Skeledirge, M|
|poke|p1|Weezing-Galar, F|
|poke|p1|Ting-Lu|
|poke|p1|Corviknight, M|
|poke|p2|Zamazenta-*|
|poke|p2|Tornadus-Therian, M|
|poke|p2|Pecharunt|
|poke|p2|Ting-Lu|
|poke|p2|Cinderace, F|
|poke|p2|Dragonite, M|
|teampreview
|inactive|Battle timer is ON: inactive players will automatically lose when time's up. (requested by YT-Cyber-DJ)
|inactive|YT-Cyber-DJ has 120 seconds left.
|inactive|YT-Cyber-DJ has 90 seconds left.
|
|t:|1760447097
|teamsize|p1|6
|teamsize|p2|6
|start
|switch|p1a: Drag 787|Dragapult, F|100/100
|switch|p2a: Jinn|Tornadus-Therian, M|100/100
|turn|1
|
|t:|1760447118
|switch|p2a: Begru|Ting-Lu|100/100
|-ability|p2a: Begru|Vessel of Ruin
|move|p1a: Drag 787|Draco Meteor|p2a: Begru
|-damage|p2a: Begru|68/100
|-unboost|p1a: Drag 787|spa|2
|
|-heal|p2a: Begru|74/100|[from] item: Leftovers
|upkeep
|turn|2
|inactive|YT-Cyber-DJ has 120 seconds left.
|
|t:|1760447140
|switch|p1a: Masking the Pain|Ogerpon-Wellspring, F|100/100
|switch|p2a: Jinn|Tornadus-Therian, M|100/100
|
|upkeep
|turn|3
|
|t:|1760447146
|-terastallize|p1a: Masking the Pain|Water
|detailschange|p1a: Masking the Pain|Ogerpon-Wellspring-Tera, F, tera:Water
|-ability|p1a: Masking the Pain|Embody Aspect (Wellspring)|boost
|-boost|p1a: Masking the Pain|spd|1
|move|p2a: Jinn|Air Slash|p1a: Masking the Pain
|-damage|p1a: Masking the Pain|69/100
|-damage|p2a: Jinn|91/100|[from] item: Life Orb
|move|p1a: Masking the Pain|Ivy Cudgel|p2a: Jinn|[anim] Ivy Cudgel Water
|-crit|p2a: Jinn
|-damage|p2a: Jinn|0 fnt
|faint|p2a: Jinn
|
|upkeep
|inactive|luxgia has 120 seconds left.
|j| Samurajen
|
|t:|1760447167
|switch|p2a: Dibu|Zamazenta|100/100
|-ability|p2a: Dibu|Dauntless Shield|boost
|-boost|p2a: Dibu|def|1
|turn|4
|
|t:|1760447174
|switch|p1a: Pass the Gas|Weezing-Galar, F|100/100
|-ability|p1a: Pass the Gas|Neutralizing Gas
|move|p2a: Dibu|Close Combat|p1a: Pass the Gas
|-resisted|p1a: Pass the Gas
|-damage|p1a: Pass the Gas|86/100
|-unboost|p2a: Dibu|def|1
|-unboost|p2a: Dibu|spd|1
|-damage|p2a: Dibu|91/100|[from] item: Life Orb
|
|upkeep
|turn|5
|
|t:|1760447194
|switch|p2a: Khoukha|Pecharunt|100/100
|-end|p1a: Pass the Gas|ability: Neutralizing Gas
|switch|p1a: Cocoloco|Skeledirge, M|100/100
|
|upkeep
|turn|6
|
|t:|1760447200
|switch|p1a: Defoghorn Leghorn|Corviknight, M|100/100
|-ability|p1a: Defoghorn Leghorn|Pressure
|move|p2a: Khoukha|Parting Shot|p1a: Defoghorn Leghorn
|-unboost|p1a: Defoghorn Leghorn|atk|1
|-unboost|p1a: Defoghorn Leghorn|spa|1
|
|t:|1760447203
|switch|p2a: Sir Sir|Cinderace, F|100/100|[from] Parting Shot
|
|upkeep
|turn|7
|
|t:|1760447207
|switch|p1a: Cocoloco|Skeledirge, M|100/100
|move|p2a: Sir Sir|U-turn|p1a: Cocoloco
|-start|p2a: Sir Sir|typechange|Bug|[from] ability: Libero
|-resisted|p1a: Cocoloco
|-damage|p1a: Cocoloco|94/100
|
|t:|1760447212
|switch|p2a: Begru|Ting-Lu|74/100|[from] U-turn
|-ability|p2a: Begru|Vessel of Ruin
|
|-heal|p2a: Begru|80/100|[from] item: Leftovers
|upkeep
|turn|8
|
|t:|1760447223
|move|p1a: Cocoloco|Will-O-Wisp|p2a: Begru
|-status|p2a: Begru|brn
|move|p2a: Begru|Stealth Rock|p1a: Cocoloco
|-sidestart|p1: YT-Cyber-DJ|move: Stealth Rock
|
|-heal|p2a: Begru|86/100 brn|[from] item: Leftovers
|-damage|p2a: Begru|80/100 brn|[from] brn
|upkeep
|turn|9
|
|t:|1760447229
|switch|p1a: Masking the Pain|Ogerpon-Wellspring-Tera, F, tera:Water|69/100
|-damage|p1a: Masking the Pain|57/100|[from] Stealth Rock
|-ability|p1a: Masking the Pain|Embody Aspect (Wellspring)|boost
|-boost|p1a: Masking the Pain|spd|1
|switch|p2a: Sir Sir|Cinderace, F|100/100
|
|upkeep
|turn|10
|
|t:|1760447236
|move|p2a: Sir Sir|U-turn|p1a: Masking the Pain
|-start|p2a: Sir Sir|typechange|Bug|[from] ability: Libero
|-damage|p1a: Masking the Pain|17/100
|
|t:|1760447240
|switch|p2a: Khoukha|Pecharunt|100/100|[from] U-turn
|move|p1a: Masking the Pain|Synthesis|p1a: Masking the Pain
|-heal|p1a: Masking the Pain|67/100
|
|upkeep
|turn|11
|
|t:|1760447246
|switch|p1a: Cocoloco|Skeledirge, M|94/100
|move|p2a: Khoukha|Parting Shot|p1a: Cocoloco
|-unboost|p1a: Cocoloco|atk|1
|-unboost|p1a: Cocoloco|spa|1
|
|t:|1760447253
|switch|p2a: Begru|Ting-Lu|80/100 brn|[from] Parting Shot
|-ability|p2a: Begru|Vessel of Ruin
|
|-heal|p2a: Begru|86/100 brn|[from] item: Leftovers
|-damage|p2a: Begru|80/100 brn|[from] brn
|upkeep
|turn|12
|
|t:|1760447257
|switch|p1a: Defoghorn Leghorn|Corviknight, M|100/100
|-damage|p1a: Defoghorn Leghorn|88/100|[from] Stealth Rock
|-ability|p1a: Defoghorn Leghorn|Pressure
|move|p2a: Begru|Ruination|p1a: Defoghorn Leghorn
|-damage|p1a: Defoghorn Leghorn|44/100
|
|-heal|p2a: Begru|86/100 brn|[from] item: Leftovers
|-damage|p2a: Begru|80/100 brn|[from] brn
|upkeep
|turn|13
|
|t:|1760447265
|switch|p2a: Sir Sir|Cinderace, F|100/100
|move|p1a: Defoghorn Leghorn|U-turn|p2a: Sir Sir
|-resisted|p2a: Sir Sir
|-damage|p2a: Sir Sir|90/100
|
|t:|1760447272
|switch|p1a: Drag 787|Dragapult, F|100/100|[from] U-turn
|-damage|p1a: Drag 787|88/100|[from] Stealth Rock
|
|upkeep
|turn|14
|
|t:|1760447278
|switch|p1a: Cocoloco|Skeledirge, M|94/100
|switch|p2a: Begru|Ting-Lu|80/100 brn
|-ability|p2a: Begru|Vessel of Ruin
|
|-heal|p2a: Begru|86/100 brn|[from] item: Leftovers
|-damage|p2a: Begru|80/100 brn|[from] brn
|upkeep
|turn|15
|
|t:|1760447284
|switch|p1a: Masking the Pain|Ogerpon-Wellspring-Tera, F, tera:Water|67/100
|-damage|p1a: Masking the Pain|55/100|[from] Stealth Rock
|-ability|p1a: Masking the Pain|Embody Aspect (Wellspring)|boost
|-boost|p1a: Masking the Pain|spd|1
|move|p2a: Begru|Ruination|p1a: Masking the Pain
|-damage|p1a: Masking the Pain|28/100
|
|-heal|p2a: Begru|86/100 brn|[from] item: Leftovers
|-damage|p2a: Begru|80/100 brn|[from] brn
|upkeep
|turn|16
|
|t:|1760447296
|switch|p2a: Khoukha|Pecharunt|100/100
|move|p1a: Masking the Pain|Spikes|p2a: Khoukha
|-sidestart|p2: luxgia|Spikes
|
|upkeep
|turn|17
|
|t:|1760447302
|move|p1a: Masking the Pain|Synthesis|p1a: Masking the Pain
|-heal|p1a: Masking the Pain|78/100
|move|p2a: Khoukha|Parting Shot|p1a: Masking the Pain
|-unboost|p1a: Masking the Pain|atk|1
|-unboost|p1a: Masking the Pain|spa|1
|
|t:|1760447305
|switch|p2a: Tboz|Dragonite, M|100/100|[from] Parting Shot
|
|upkeep
|turn|18
|
|t:|1760447311
|switch|p1a: Cocoloco|Skeledirge, M|94/100
|move|p2a: Tboz|Earthquake|p1a: Cocoloco
|-supereffective|p1a: Cocoloco
|-damage|p1a: Cocoloco|26/100
|
|upkeep
|turn|19
|
|t:|1760447318
|move|p2a: Tboz|Dragon Dance|p2a: Tboz
|-boost|p2a: Tboz|atk|1
|-boost|p2a: Tboz|spe|1
|move|p1a: Cocoloco|Will-O-Wisp|p2a: Tboz
|-status|p2a: Tboz|brn
|
|-damage|p2a: Tboz|94/100 brn|[from] brn
|upkeep
|turn|20
|
|t:|1760447327
|switch|p1a: Defoghorn Leghorn|Corviknight, M|44/100
|-damage|p1a: Defoghorn Leghorn|32/100|[from] Stealth Rock
|-ability|p1a: Defoghorn Leghorn|Pressure
|move|p2a: Tboz|Earthquake|p1a: Defoghorn Leghorn
|-immune|p1a: Defoghorn Leghorn
|
|-damage|p2a: Tboz|88/100 brn|[from] brn
|upkeep
|turn|21
|
|t:|1760447332
|switch|p2a: Sir Sir|Cinderace, F|90/100
|move|p1a: Defoghorn Leghorn|Roost|p1a: Defoghorn Leghorn
|-heal|p1a: Defoghorn Leghorn|82/100
|-singleturn|p1a: Defoghorn Leghorn|move: Roost
|
|upkeep
|turn|22
|
|t:|1760447340
|switch|p1a: Masking the Pain|Ogerpon-Wellspring-Tera, F, tera:Water|78/100
|-damage|p1a: Masking the Pain|65/100|[from] Stealth Rock
|-ability|p1a: Masking the Pain|Embody Aspect (Wellspring)|boost
|-boost|p1a: Masking the Pain|spd|1
|move|p2a: Sir Sir|Pyro Ball|p1a: Masking the Pain
|-resisted|p1a: Masking the Pain
|-damage|p1a: Masking the Pain|31/100
|
|upkeep
|turn|23
|
|t:|1760447350
|switch|p1a: Drag 787|Dragapult, F|88/100
|-damage|p1a: Drag 787|76/100|[from] Stealth Rock
|move|p2a: Sir Sir|Pyro Ball|p1a: Drag 787
|-resisted|p1a: Drag 787
|-damage|p1a: Drag 787|34/100
|
|upkeep
|turn|24
|
|t:|1760447355
|switch|p2a: Begru|Ting-Lu|80/100 brn
|-damage|p2a: Begru|68/100 brn|[from] Spikes
|-ability|p2a: Begru|Vessel of Ruin
|move|p1a: Drag 787|Shadow Ball|p2a: Begru
|-resisted|p2a: Begru
|-damage|p2a: Begru|58/100 brn
|
|-heal|p2a: Begru|64/100 brn|[from] item: Leftovers
|-damage|p2a: Begru|58/100 brn|[from] brn
|upkeep
|turn|25
|
|t:|1760447363
|switch|p1a: Masking the Pain|Ogerpon-Wellspring-Tera, F, tera:Water|31/100
|-damage|p1a: Masking the Pain|19/100|[from] Stealth Rock
|-ability|p1a: Masking the Pain|Embody Aspect (Wellspring)|boost
|-boost|p1a: Masking the Pain|spd|1
|move|p2a: Begru|Earthquake|p1a: Masking the Pain
|-damage|p1a: Masking the Pain|0 fnt
|faint|p1a: Masking the Pain
|detailschange|p1: Masking the Pain|Ogerpon-Wellspring, F|[silent]
|
|-heal|p2a: Begru|64/100 brn|[from] item: Leftovers
|-damage|p2a: Begru|58/100 brn|[from] brn
|upkeep
|
|t:|1760447368
|switch|p1a: Cocoloco|Skeledirge, M|26/100
|turn|26
|
|t:|1760447370
|switch|p2a: Tboz|Dragonite, M|88/100 brn
|move|p1a: Cocoloco|Slack Off|p1a: Cocoloco
|-heal|p1a: Cocoloco|76/100
|
|-damage|p2a: Tboz|82/100 brn|[from] brn
|upkeep
|turn|27
|
|t:|1760447377
|switch|p1a: Defoghorn Leghorn|Corviknight, M|82/100
|-damage|p1a: Defoghorn Leghorn|70/100|[from] Stealth Rock
|-ability|p1a: Defoghorn Leghorn|Pressure
|move|p2a: Tboz|Earthquake|p1a: Defoghorn Leghorn
|-immune|p1a: Defoghorn Leghorn
|
|-damage|p2a: Tboz|76/100 brn|[from] brn
|upkeep
|turn|28
|
|t:|1760447383
|switch|p2a: Khoukha|Pecharunt|100/100
|move|p1a: Defoghorn Leghorn|U-turn|p2a: Khoukha
|-resisted|p2a: Khoukha
|-damage|p2a: Khoukha|99/100
|
|t:|1760447389
|switch|p1a: Drag 787|Dragapult, F|34/100|[from] U-turn
|-damage|p1a: Drag 787|21/100|[from] Stealth Rock
|
|upkeep
|turn|29
|
|t:|1760447394
|switch|p2a: Begru|Ting-Lu|58/100 brn
|-damage|p2a: Begru|45/100 brn|[from] Spikes
|-ability|p2a: Begru|Vessel of Ruin
|move|p1a: Drag 787|Draco Meteor|p2a: Begru
|-damage|p2a: Begru|12/100 brn
|-unboost|p1a: Drag 787|spa|2
|
|-heal|p2a: Begru|18/100 brn|[from] item: Leftovers
|-damage|p2a: Begru|12/100 brn|[from] brn
|upkeep
|turn|30
|
|t:|1760447401
|move|p1a: Drag 787|Draco Meteor|p2a: Begru|[miss]
|-miss|p1a: Drag 787|p2a: Begru
|move|p2a: Begru|Whirlwind|p1a: Drag 787
|drag|p1a: Cocoloco|Skeledirge, M|76/100
|
|-heal|p2a: Begru|18/100 brn|[from] item: Leftovers
|-damage|p2a: Begru|12/100 brn|[from] brn
|upkeep
|turn|31
|
|t:|1760447406
|move|p1a: Cocoloco|Torch Song|p2a: Begru
|-damage|p2a: Begru|0 fnt
|-boost|p1a: Cocoloco|spa|1
|faint|p2a: Begru
|
|upkeep
|
|t:|1760447411
|switch|p2a: Tboz|Dragonite, M|76/100 brn
|turn|32
|
|t:|1760447414
|move|p2a: Tboz|Earthquake|p1a: Cocoloco
|-supereffective|p1a: Cocoloco
|-damage|p1a: Cocoloco|46/100
|move|p1a: Cocoloco|Slack Off|p1a: Cocoloco
|-heal|p1a: Cocoloco|96/100
|
|-damage|p2a: Tboz|70/100 brn|[from] brn
|upkeep
|turn|33
|
|t:|1760447421
|switch|p1a: Defoghorn Leghorn|Corviknight, M|70/100
|-damage|p1a: Defoghorn Leghorn|58/100|[from] Stealth Rock
|-ability|p1a: Defoghorn Leghorn|Pressure
|move|p2a: Tboz|Earthquake|p1a: Defoghorn Leghorn
|-immune|p1a: Defoghorn Leghorn
|
|-damage|p2a: Tboz|63/100 brn|[from] brn
|upkeep
|turn|34
|
|t:|1760447425
|switch|p2a: Khoukha|Pecharunt|99/100
|move|p1a: Defoghorn Leghorn|Iron Defense|p1a: Defoghorn Leghorn
|-boost|p1a: Defoghorn Leghorn|def|2
|
|upkeep
|turn|35
|
|t:|1760447431
|move|p2a: Khoukha|Shadow Ball|p1a: Defoghorn Leghorn
|-damage|p1a: Defoghorn Leghorn|33/100
|move|p1a: Defoghorn Leghorn|U-turn|p2a: Khoukha
|-resisted|p2a: Khoukha
|-damage|p2a: Khoukha|97/100
|
|t:|1760447448
|switch|p1a: Drag 787|Dragapult, F|21/100|[from] U-turn
|-damage|p1a: Drag 787|9/100|[from] Stealth Rock
|
|upkeep
|turn|36
|
|t:|1760447454
|switch|p2a: Tboz|Dragonite, M|63/100 brn
|move|p1a: Drag 787|Shadow Ball|p2a: Tboz
|-damage|p2a: Tboz|13/100 brn
|
|-damage|p2a: Tboz|7/100 brn|[from] brn
|upkeep
|turn|37
|
|t:|1760447458
|move|p1a: Drag 787|Shadow Ball|p2a: Tboz
|-damage|p2a: Tboz|0 fnt
|faint|p2a: Tboz
|
|upkeep
|
|t:|1760447459
|switch|p2a: Sir Sir|Cinderace, F|90/100
|turn|38
|
|t:|1760447464
|switch|p1a: Pass the Gas|Weezing-Galar, F|86/100
|-ability|p1a: Pass the Gas|Neutralizing Gas
|move|p2a: Sir Sir|Sucker Punch||[still]
|-fail|p2a: Sir Sir
|
|upkeep
|turn|39
|
|t:|1760447470
|switch|p2a: Khoukha|Pecharunt|97/100
|move|p1a: Pass the Gas|Defog|p2a: Khoukha
|-unboost|p2a: Khoukha|evasion|1
|-sideend|p2: luxgia|Spikes|[from] move: Defog|[of] p1a: Pass the Gas
|-sideend|p1: YT-Cyber-DJ|Stealth Rock|[from] move: Defog|[of] p1a: Pass the Gas
|
|upkeep
|turn|40
|
|t:|1760447477
|move|p1a: Pass the Gas|Will-O-Wisp|p2a: Khoukha
|-status|p2a: Khoukha|brn
|move|p2a: Khoukha|Shadow Ball|p1a: Pass the Gas
|-damage|p1a: Pass the Gas|51/100
|
|-damage|p2a: Khoukha|91/100 brn|[from] brn
|upkeep
|turn|41
|
|t:|1760447482
|move|p2a: Khoukha|Parting Shot|p1a: Pass the Gas
|-unboost|p1a: Pass the Gas|atk|1
|-unboost|p1a: Pass the Gas|spa|1
|
|t:|1760447484
|switch|p2a: Sir Sir|Cinderace, F|90/100|[from] Parting Shot
|move|p1a: Pass the Gas|Pain Split|p2a: Sir Sir
|-sethp|p2a: Sir Sir|73/100|[from] move: Pain Split|[silent]
|-sethp|p1a: Pass the Gas|66/100|[from] move: Pain Split
|
|upkeep
|turn|42
|
|t:|1760447490
|-end|p1a: Pass the Gas|ability: Neutralizing Gas
|switch|p1a: Cocoloco|Skeledirge, M|96/100
|move|p2a: Sir Sir|Pyro Ball|p1a: Cocoloco
|-resisted|p1a: Cocoloco
|-damage|p1a: Cocoloco|73/100
|
|upkeep
|turn|43
|
|t:|1760447497
|move|p2a: Sir Sir|U-turn|p1a: Cocoloco
|-start|p2a: Sir Sir|typechange|Bug|[from] ability: Libero
|-resisted|p1a: Cocoloco
|-damage|p1a: Cocoloco|67/100
|
|t:|1760447499
|switch|p2a: Khoukha|Pecharunt|91/100 brn|[from] U-turn
|move|p1a: Cocoloco|Slack Off|p1a: Cocoloco
|-heal|p1a: Cocoloco|100/100
|
|-damage|p2a: Khoukha|85/100 brn|[from] brn
|upkeep
|turn|44
|
|t:|1760447504
|switch|p1a: Bowler Hat Guy|Ting-Lu|100/100
|-ability|p1a: Bowler Hat Guy|Vessel of Ruin
|move|p2a: Khoukha|Parting Shot|p1a: Bowler Hat Guy
|-unboost|p1a: Bowler Hat Guy|atk|1
|-unboost|p1a: Bowler Hat Guy|spa|1
|
|t:|1760447506
|switch|p2a: Dibu|Zamazenta|91/100|[from] Parting Shot
|
|upkeep
|turn|45
|
|t:|1760447520
|move|p2a: Dibu|Crunch|p1a: Bowler Hat Guy
|-resisted|p1a: Bowler Hat Guy
|-damage|p1a: Bowler Hat Guy|92/100
|-damage|p2a: Dibu|81/100|[from] item: Life Orb
|move|p1a: Bowler Hat Guy|Earthquake|p2a: Dibu
|-damage|p2a: Dibu|58/100
|
|-heal|p1a: Bowler Hat Guy|98/100|[from] item: Leftovers
|upkeep
|turn|46
|
|t:|1760447526
|move|p2a: Dibu|Close Combat|p1a: Bowler Hat Guy
|-supereffective|p1a: Bowler Hat Guy
|-damage|p1a: Bowler Hat Guy|22/100
|-unboost|p2a: Dibu|def|1
|-unboost|p2a: Dibu|spd|1
|-damage|p2a: Dibu|48/100|[from] item: Life Orb
|move|p1a: Bowler Hat Guy|Stealth Rock|p2a: Dibu
|-sidestart|p2: luxgia|move: Stealth Rock
|
|-heal|p1a: Bowler Hat Guy|28/100|[from] item: Leftovers
|upkeep
|turn|47
|
|t:|1760447532
|switch|p2a: Khoukha|Pecharunt|85/100 brn
|move|p1a: Bowler Hat Guy|Earthquake|p2a: Khoukha
|-supereffective|p2a: Khoukha
|-damage|p2a: Khoukha|60/100 brn
|
|-heal|p1a: Bowler Hat Guy|34/100|[from] item: Leftovers
|-damage|p2a: Khoukha|54/100 brn|[from] brn
|upkeep
|turn|48
|
|t:|1760447540
|switch|p1a: Defoghorn Leghorn|Corviknight, M|33/100
|-ability|p1a: Defoghorn Leghorn|Pressure
|move|p2a: Khoukha|Parting Shot|p1a: Defoghorn Leghorn
|-unboost|p1a: Defoghorn Leghorn|atk|1
|-unboost|p1a: Defoghorn Leghorn|spa|1
|
|t:|1760447542
|switch|p2a: Sir Sir|Cinderace, F|73/100|[from] Parting Shot
|
|upkeep
|turn|49
|
|t:|1760447547
|move|p2a: Sir Sir|Pyro Ball|p1a: Defoghorn Leghorn
|-supereffective|p1a: Defoghorn Leghorn
|-damage|p1a: Defoghorn Leghorn|0 fnt
|faint|p1a: Defoghorn Leghorn
|
|upkeep
|
|t:|1760447553
|switch|p1a: Cocoloco|Skeledirge, M|100/100
|turn|50
|
|t:|1760447559
|move|p2a: Sir Sir|Court Change|p2a: Sir Sir
|-start|p2a: Sir Sir|typechange|Normal|[from] ability: Libero
|-swapsideconditions
|-activate|p2a: Sir Sir|move: Court Change
|move|p1a: Cocoloco|Earth Power|p2a: Sir Sir
|-damage|p2a: Sir Sir|43/100
|
|upkeep
|turn|51
|
|t:|1760447563
|move|p2a: Sir Sir|U-turn|p1a: Cocoloco
|-resisted|p1a: Cocoloco
|-damage|p1a: Cocoloco|96/100
|
|t:|1760447565
|switch|p2a: Khoukha|Pecharunt|54/100 brn|[from] U-turn
|move|p1a: Cocoloco|Torch Song|p2a: Khoukha
|-damage|p2a: Khoukha|25/100 brn
|-boost|p1a: Cocoloco|spa|1
|
|-damage|p2a: Khoukha|19/100 brn|[from] brn
|upkeep
|turn|52
|
|t:|1760447574
|move|p2a: Khoukha|Shadow Ball|p1a: Cocoloco
|-supereffective|p1a: Cocoloco
|-crit|p1a: Cocoloco
|-damage|p1a: Cocoloco|46/100
|-unboost|p1a: Cocoloco|spd|1
|move|p1a: Cocoloco|Earth Power|p2a: Khoukha
|-supereffective|p2a: Khoukha
|-damage|p2a: Khoukha|0 fnt
|faint|p2a: Khoukha
|
|upkeep
|
|t:|1760447578
|switch|p2a: Dibu|Zamazenta|48/100
|turn|53
|
|t:|1760447584
|switch|p1a: Bowler Hat Guy|Ting-Lu|34/100
|-damage|p1a: Bowler Hat Guy|28/100|[from] Stealth Rock
|-ability|p1a: Bowler Hat Guy|Vessel of Ruin
|move|p2a: Dibu|Crunch|p1a: Bowler Hat Guy
|-resisted|p1a: Bowler Hat Guy
|-damage|p1a: Bowler Hat Guy|19/100
|-damage|p2a: Dibu|38/100|[from] item: Life Orb
|
|-heal|p1a: Bowler Hat Guy|25/100|[from] item: Leftovers
|upkeep
|turn|54
|
|t:|1760447594
|move|p2a: Dibu|Close Combat|p1a: Bowler Hat Guy
|-supereffective|p1a: Bowler Hat Guy
|-damage|p1a: Bowler Hat Guy|0 fnt
|-unboost|p2a: Dibu|def|1
|-unboost|p2a: Dibu|spd|1
|faint|p1a: Bowler Hat Guy
|-damage|p2a: Dibu|28/100|[from] item: Life Orb
|
|upkeep
|
|t:|1760447595
|switch|p1a: Pass the Gas|Weezing-Galar, F|66/100
|-ability|p1a: Pass the Gas|Neutralizing Gas
|turn|55
|
|t:|1760447597
|-terastallize|p2a: Dibu|Steel
|move|p2a: Dibu|Heavy Slam|p1a: Pass the Gas
|-supereffective|p1a: Pass the Gas
|-damage|p1a: Pass the Gas|0 fnt
|faint|p1a: Pass the Gas
|-end|p1a: Pass the Gas|ability: Neutralizing Gas
|-damage|p2a: Dibu|18/100|[from] item: Life Orb
|
|upkeep
|
|t:|1760447600
|switch|p1a: Cocoloco|Skeledirge, M|46/100
|turn|56
|
|t:|1760447605
|move|p2a: Dibu|Stone Edge|p1a: Cocoloco
|-supereffective|p1a: Cocoloco
|-damage|p1a: Cocoloco|0 fnt
|faint|p1a: Cocoloco
|-damage|p2a: Dibu|8/100|[from] item: Life Orb
|
|upkeep
|
|t:|1760447607
|switch|p1a: Drag 787|Dragapult, F|9/100
|-damage|p1a: Drag 787|0 fnt|[from] Stealth Rock
|faint|p1a: Drag 787
|
|win|luxgia
|raw|YT-Cyber-DJ's rating: 1558 &rarr; <strong>1540</strong><br />(-18 for losing)
|raw|luxgia's rating: 1594 &rarr; <strong>1612</strong><br />(+18 for winning)
|l|☆YT-Cyber-DJ
|player|p1|
|l|☆luxgia
|player|p2|
