|j|☆blatters95
|j|☆soft eggs
|t:|1760392638
|gametype|singles
|player|p1|blatters95|170|1082
|player|p2|soft eggs|red|1079
|gen|9
|tier|[Gen 9] OU
|rated|
|rule|HP Percentage Mod: HP is shown in percentages
|rule|Endless Battle Clause: Forcing endless battles is banned
|rule|Species Clause: Limit one of each Pokémon
|rule|OHKO Clause: OHKO moves are banned
|rule|Evasion Items Clause: Evasion items are banned
|rule|Evasion Moves Clause: Evasion moves are banned
|rule|Evasion Abilities Clause: Evasion abilities are banned
|rule|Sleep Moves Clause: Sleep-inducing moves are banned
|clearpoke
|poke|p1|Corviknight, F|
|poke|p1|Cinderace, F|
|poke|p1|Umbreon, M|
|poke|p1|Dragapult, F|
|poke|p1|Primarina, M|
|poke|p1|Weezing-Galar, F|
|poke|p2|Pikachu-Original, M|
|poke|p2|Venusaur, M|
|poke|p2|Blastoise, F|
|poke|p2|Charizard, M|
|poke|p2|Snorlax, F|
|poke|p2|Lapras, F|
|teampreview
|inactive|Battle timer is ON: inactive players will automatically lose when time's up. (requested by blatters95)
|
|t:|1760392671
|teamsize|p1|6
|teamsize|p2|6
|start
|switch|p1a: Umbreon|Umbreon, M, shiny|100/100
|switch|p2a: Pikachu|Pikachu-Original, M|100/100
|turn|1
|
|t:|1760392680
|move|p2a: Pikachu|Volt Switch|p1a: Umbreon
|-damage|p1a: Umbreon|88/100
|
|t:|1760392689
|switch|p2a: Venusaur|Venusaur, M|100/100|[from] Volt Switch
|move|p1a: Umbreon|Toxic|p2a: Venusaur
|-immune|p2a: Venusaur
|
|-heal|p1a: Umbreon|94/100|[from] item: Leftovers
|upkeep
|turn|2
|
|t:|1760392701
|switch|p1a: Cinderace|Cinderace, F|100/100
|move|p2a: Venusaur|Leech Seed|p1a: Cinderace
|-start|p1a: Cinderace|move: Leech Seed
|
|-damage|p1a: Cinderace|88/100|[from] Leech Seed|[of] p2a: Venusaur
|upkeep
|turn|3
|
|t:|1760392709
|switch|p2a: Blastoise|Blastoise, F|100/100
|move|p1a: Cinderace|Pyro Ball|p2a: Blastoise
|-resisted|p2a: Blastoise
|-damage|p2a: Blastoise|78/100
|
|-heal|p2a: Blastoise|84/100|[from] item: Leftovers
|-damage|p1a: Cinderace|76/100|[from] Leech Seed|[of] p2a: Blastoise
|-heal|p2a: Blastoise|97/100|[silent]
|upkeep
|turn|4
|
|t:|1760392719
|switch|p1a: Umbreon|Umbreon, M, shiny|94/100
|move|p2a: Blastoise|Rain Dance|p2a: Blastoise
|-weather|RainDance
|
|-weather|RainDance|[upkeep]
|-heal|p2a: Blastoise|100/100|[from] ability: Rain Dish
|-heal|p1a: Umbreon|100/100|[from] item: Leftovers
|upkeep
|turn|5
|
|t:|1760392741
|move|p2a: Blastoise|Focus Blast|p1a: Umbreon
|-supereffective|p1a: Umbreon
|-damage|p1a: Umbreon|62/100
|move|p1a: Umbreon|Snarl|p2a: Blastoise
|-damage|p2a: Blastoise|90/100
|-unboost|p2a: Blastoise|spa|1
|
|-weather|RainDance|[upkeep]
|-heal|p2a: Blastoise|96/100|[from] ability: Rain Dish
|-heal|p2a: Blastoise|100/100|[from] item: Leftovers
|-heal|p1a: Umbreon|68/100|[from] item: Leftovers
|upkeep
|turn|6
|
|t:|1760392755
|switch|p2a: Venusaur|Venusaur, M|100/100
|switch|p1a: Primarina|Primarina, M|100/100
|
|-weather|RainDance|[upkeep]
|upkeep
|turn|7
|
|t:|1760392765
|move|p2a: Venusaur|Leech Seed|p1a: Primarina
|-start|p1a: Primarina|move: Leech Seed
|move|p1a: Primarina|Psychic Noise|p2a: Venusaur
|-supereffective|p2a: Venusaur
|-crit|p2a: Venusaur
|-damage|p2a: Venusaur|21/100
|-start|p2a: Venusaur|move: Heal Block
|
|-weather|RainDance|[upkeep]
|-damage|p1a: Primarina|88/100|[from] Leech Seed|[of] p2a: Venusaur
|upkeep
|turn|8
|inactive|soft eggs has 120 seconds left.
|
|t:|1760392796
|move|p2a: Venusaur|Sludge Bomb|p1a: Primarina
|-supereffective|p1a: Primarina
|-damage|p1a: Primarina|43/100
|move|p1a: Primarina|Surf|p2a: Venusaur
|-resisted|p2a: Venusaur
|-damage|p2a: Venusaur|0 fnt
|faint|p2a: Venusaur
|
|-weather|none
|upkeep
|inactive|soft eggs has 120 seconds left.
|
|t:|1760392810
|switch|p2a: Pikachu|Pikachu-Original, M|100/100
|turn|9
|
|t:|1760392833
|switch|p1a: Umbreon|Umbreon, M, shiny|68/100
|move|p2a: Pikachu|Wild Charge|p1a: Umbreon
|-damage|p1a: Umbreon|26/100
|-damage|p2a: Pikachu|81/100|[from] Recoil
|
|-heal|p1a: Umbreon|32/100|[from] item: Leftovers
|upkeep
|turn|10
|
|t:|1760392842
|move|p1a: Umbreon|Protect|p1a: Umbreon
|-singleturn|p1a: Umbreon|Protect
|move|p2a: Pikachu|Wild Charge|p1a: Umbreon
|-activate|p1a: Umbreon|move: Protect
|
|-heal|p1a: Umbreon|38/100|[from] item: Leftovers
|upkeep
|turn|11
|
|t:|1760392854
|switch|p1a: Weezing|Weezing-Galar, F|100/100
|-ability|p1a: Weezing|Neutralizing Gas
|move|p2a: Pikachu|Wild Charge|p1a: Weezing
|-damage|p1a: Weezing|67/100
|-damage|p2a: Pikachu|68/100|[from] Recoil
|
|upkeep
|turn|12
|
|t:|1760392875
|move|p2a: Pikachu|Iron Tail|p1a: Weezing|[miss]
|-miss|p2a: Pikachu|p1a: Weezing
|move|p1a: Weezing|Will-O-Wisp|p2a: Pikachu
|-status|p2a: Pikachu|brn
|
|-damage|p2a: Pikachu|62/100 brn|[from] brn
|upkeep
|turn|13
|
|t:|1760392884
|move|p2a: Pikachu|Iron Tail|p1a: Weezing
|-supereffective|p1a: Weezing
|-damage|p1a: Weezing|42/100
|-unboost|p1a: Weezing|def|1
|-enditem|p1a: Weezing|Sitrus Berry|[eat]
|-heal|p1a: Weezing|67/100|[from] item: Sitrus Berry
|move|p1a: Weezing|Toxic Spikes|p2a: Pikachu
|-sidestart|p2: soft eggs|move: Toxic Spikes
|
|-damage|p2a: Pikachu|55/100 brn|[from] brn
|upkeep
|turn|14
|
|t:|1760392898
|-end|p1a: Weezing|ability: Neutralizing Gas
|switch|p1a: Corviknight|Corviknight, F|100/100
|-ability|p1a: Corviknight|Pressure
|move|p2a: Pikachu|Iron Tail|p1a: Corviknight
|-resisted|p1a: Corviknight
|-damage|p1a: Corviknight|95/100
|-unboost|p1a: Corviknight|def|1
|-damage|p2a: Pikachu|39/100 brn|[from] item: Rocky Helmet|[of] p1a: Corviknight
|
|-damage|p2a: Pikachu|33/100 brn|[from] brn
|upkeep
|turn|15
|
|t:|1760392911
|move|p2a: Pikachu|Wild Charge|p1a: Corviknight
|-supereffective|p1a: Corviknight
|-damage|p1a: Corviknight|44/100
|-damage|p2a: Pikachu|16/100 brn|[from] item: Rocky Helmet|[of] p1a: Corviknight
|-damage|p2a: Pikachu|0 fnt|[from] Recoil
|faint|p2a: Pikachu
|move|p1a: Corviknight|U-turn|p2: Pikachu|[notarget]
|-fail|p1a: Corviknight
|
|upkeep
|
|t:|1760392924
|switch|p2a: Charizard|Charizard, M|100/100
|turn|16
|
|t:|1760392938
|move|p2a: Charizard|Flamethrower|p1a: Corviknight
|-supereffective|p1a: Corviknight
|-damage|p1a: Corviknight|0 fnt
|faint|p1a: Corviknight
|-damage|p2a: Charizard|91/100|[from] item: Life Orb
|
|upkeep
|
|t:|1760392940
|switch|p1a: Primarina|Primarina, M|43/100
|turn|17
|
|t:|1760392950
|switch|p2a: Lapras|Lapras, F|100/100
|-status|p2a: Lapras|psn
|move|p1a: Primarina|Surf|p2a: Lapras
|-immune|p2a: Lapras|[from] ability: Water Absorb
|
|-damage|p2a: Lapras|88/100 psn|[from] psn
|upkeep
|turn|18
|
|t:|1760392980
|move|p1a: Primarina|Psychic Noise|p2a: Lapras
|-damage|p2a: Lapras|68/100 psn
|-start|p2a: Lapras|move: Heal Block
|move|p2a: Lapras|Body Slam|p1a: Primarina
|-damage|p1a: Primarina|23/100
|
|-damage|p2a: Lapras|55/100 psn|[from] psn
|upkeep
|turn|19
|
|t:|1760392993
|move|p1a: Primarina|Moonblast|p2a: Lapras
|-damage|p2a: Lapras|16/100 psn
|move|p2a: Lapras|Psychic|p1a: Primarina
|-damage|p1a: Primarina|10/100
|
|-damage|p2a: Lapras|4/100 psn|[from] psn
|-end|p2a: Lapras|move: Heal Block
|upkeep
|turn|20
|
|t:|1760393007
|move|p1a: Primarina|Moonblast|p2a: Lapras
|-damage|p2a: Lapras|0 fnt
|faint|p2a: Lapras
|
|upkeep
|
|t:|1760393012
|switch|p2a: Charizard|Charizard, M|91/100
|turn|21
|
|t:|1760393024
|move|p2a: Charizard|Air Slash|p1a: Primarina
|-damage|p1a: Primarina|0 fnt
|faint|p1a: Primarina
|-damage|p2a: Charizard|81/100|[from] item: Life Orb
|
|upkeep
|
|t:|1760393030
|switch|p1a: Umbreon|Umbreon, M, shiny|38/100
|turn|22
|
|t:|1760393034
|move|p2a: Charizard|Flamethrower|p1a: Umbreon
|-damage|p1a: Umbreon|9/100
|-damage|p2a: Charizard|71/100|[from] item: Life Orb
|move|p1a: Umbreon|Moonlight|p1a: Umbreon
|-heal|p1a: Umbreon|59/100
|
|-heal|p1a: Umbreon|65/100|[from] item: Leftovers
|upkeep
|turn|23
|
|t:|1760393051
|move|p2a: Charizard|Air Slash|p1a: Umbreon
|-damage|p1a: Umbreon|43/100
|-damage|p2a: Charizard|61/100|[from] item: Life Orb
|cant|p1a: Umbreon|flinch
|
|-heal|p1a: Umbreon|49/100|[from] item: Leftovers
|upkeep
|turn|24
|
|t:|1760393065
|move|p1a: Umbreon|Protect|p1a: Umbreon
|-singleturn|p1a: Umbreon|Protect
|move|p2a: Charizard|Blast Burn|p1a: Umbreon
|-activate|p1a: Umbreon|move: Protect
|
|-heal|p1a: Umbreon|55/100|[from] item: Leftovers
|upkeep
|turn|25
|
|t:|1760393073
|move|p2a: Charizard|Blast Burn|p1a: Umbreon
|-damage|p1a: Umbreon|10/100
|-mustrecharge|p2a: Charizard
|-damage|p2a: Charizard|52/100|[from] item: Life Orb
|move|p1a: Umbreon|Toxic|p2a: Charizard
|-status|p2a: Charizard|tox
|
|-heal|p1a: Umbreon|16/100|[from] item: Leftovers
|-damage|p2a: Charizard|46/100 tox|[from] psn
|upkeep
|turn|26
|
|t:|1760393091
|cant|p2a: Charizard|recharge
|move|p1a: Umbreon|Moonlight|p1a: Umbreon
|-heal|p1a: Umbreon|66/100
|
|-heal|p1a: Umbreon|73/100|[from] item: Leftovers
|-damage|p2a: Charizard|33/100 tox|[from] psn
|upkeep
|turn|27
|
|t:|1760393107
|move|p1a: Umbreon|Protect|p1a: Umbreon
|-singleturn|p1a: Umbreon|Protect
|move|p2a: Charizard|Flamethrower|p1a: Umbreon
|-activate|p1a: Umbreon|move: Protect
|
|-heal|p1a: Umbreon|79/100|[from] item: Leftovers
|-damage|p2a: Charizard|15/100 tox|[from] psn
|upkeep
|turn|28
|inactive|blatters95 has 120 seconds left.
|
|t:|1760393139
|move|p2a: Charizard|Flamethrower|p1a: Umbreon
|-damage|p1a: Umbreon|52/100
|-damage|p2a: Charizard|6/100 tox|[from] item: Life Orb
|move|p1a: Umbreon|Moonlight|p1a: Umbreon
|-heal|p1a: Umbreon|100/100
|
|-damage|p2a: Charizard|0 fnt|[from] psn
|faint|p2a: Charizard
|upkeep
|
|t:|1760393151
|switch|p2a: Blastoise|Blastoise, F|100/100
|-status|p2a: Blastoise|psn
|turn|29
|inactive|blatters95 has 120 seconds left.
|
|t:|1760393184
|move|p2a: Blastoise|Rain Dance|p2a: Blastoise
|-weather|RainDance
|move|p1a: Umbreon|Snarl|p2a: Blastoise
|-damage|p2a: Blastoise|90/100 psn
|-unboost|p2a: Blastoise|spa|1
|
|-weather|RainDance|[upkeep]
|-heal|p2a: Blastoise|96/100 psn|[from] ability: Rain Dish
|-heal|p2a: Blastoise|100/100 psn|[from] item: Leftovers
|-damage|p2a: Blastoise|88/100 psn|[from] psn
|upkeep
|turn|30
|
|t:|1760393204
|move|p2a: Blastoise|Focus Blast|p1a: Umbreon
|-supereffective|p1a: Umbreon
|-damage|p1a: Umbreon|78/100
|move|p1a: Umbreon|Snarl|p2a: Blastoise
|-damage|p2a: Blastoise|76/100 psn
|-unboost|p2a: Blastoise|spa|1
|
|-weather|RainDance|[upkeep]
|-heal|p2a: Blastoise|83/100 psn|[from] ability: Rain Dish
|-heal|p2a: Blastoise|89/100 psn|[from] item: Leftovers
|-heal|p1a: Umbreon|84/100|[from] item: Leftovers
|-damage|p2a: Blastoise|76/100 psn|[from] psn
|upkeep
|turn|31
|
|t:|1760393215
|move|p2a: Blastoise|Blizzard|p1a: Umbreon
|-damage|p1a: Umbreon|75/100
|move|p1a: Umbreon|Snarl|p2a: Blastoise
|-damage|p2a: Blastoise|65/100 psn
|-unboost|p2a: Blastoise|spa|1
|
|-weather|RainDance|[upkeep]
|-heal|p2a: Blastoise|71/100 psn|[from] ability: Rain Dish
|-heal|p2a: Blastoise|77/100 psn|[from] item: Leftovers
|-heal|p1a: Umbreon|81/100|[from] item: Leftovers
|-damage|p2a: Blastoise|65/100 psn|[from] psn
|upkeep
|turn|32
|inactive|blatters95 has 120 seconds left.
|
|t:|1760393232
|move|p2a: Blastoise|Blizzard|p1a: Umbreon
|-damage|p1a: Umbreon|75/100
|-status|p1a: Umbreon|frz
|cant|p1a: Umbreon|frz
|
|-weather|RainDance|[upkeep]
|-heal|p2a: Blastoise|71/100 psn|[from] ability: Rain Dish
|-heal|p2a: Blastoise|77/100 psn|[from] item: Leftovers
|-heal|p1a: Umbreon|81/100 frz|[from] item: Leftovers
|-damage|p2a: Blastoise|65/100 psn|[from] psn
|upkeep
|turn|33
|
|t:|1760393243
|switch|p2a: Snorlax|Snorlax, F|100/100
|-status|p2a: Snorlax|psn
|cant|p1a: Umbreon|frz
|
|-weather|none
|-heal|p1a: Umbreon|87/100 frz|[from] item: Leftovers
|-damage|p2a: Snorlax|88/100 psn|[from] psn
|upkeep
|turn|34
|
|t:|1760393253
|cant|p1a: Umbreon|frz
|move|p2a: Snorlax|Belly Drum|p2a: Snorlax
|-damage|p2a: Snorlax|38/100 psn
|-setboost|p2a: Snorlax|atk|6|[from] move: Belly Drum
|-enditem|p2a: Snorlax|Aguav Berry|[eat]
|-heal|p2a: Snorlax|71/100 psn|[from] item: Aguav Berry
|
|-heal|p1a: Umbreon|93/100 frz|[from] item: Leftovers
|-damage|p2a: Snorlax|59/100 psn|[from] psn
|upkeep
|turn|35
|inactive|soft eggs has 120 seconds left.
|
|t:|1760393274
|cant|p1a: Umbreon|frz
|move|p2a: Snorlax|Earthquake|p1a: Umbreon
|-damage|p1a: Umbreon|0 fnt
|faint|p1a: Umbreon
|
|-damage|p2a: Snorlax|46/100 psn|[from] psn
|upkeep
|
|t:|1760393282
|switch|p1a: Dragapult|Dragapult, F, shiny|100/100
|turn|36
|
|t:|1760393285
|move|p1a: Dragapult|Draco Meteor|p2a: Snorlax
|-damage|p2a: Snorlax|3/100 psn
|-unboost|p1a: Dragapult|spa|2
|-damage|p1a: Dragapult|91/100|[from] item: Life Orb
|move|p2a: Snorlax|Crunch|p1a: Dragapult
|-supereffective|p1a: Dragapult
|-damage|p1a: Dragapult|0 fnt
|faint|p1a: Dragapult
|
|-damage|p2a: Snorlax|0 fnt|[from] psn
|faint|p2a: Snorlax
|upkeep
|inactive|blatters95 has 120 seconds left.
|
|t:|1760393311
|switch|p1a: Cinderace|Cinderace, F|76/100
|switch|p2a: Blastoise|Blastoise, F|65/100 psn
|turn|37
|
|t:|1760393320
|-terastallize|p2a: Blastoise|Water
|move|p1a: Cinderace|Pyro Ball|p2a: Blastoise
|-resisted|p2a: Blastoise
|-damage|p2a: Blastoise|44/100 psn
|move|p2a: Blastoise|Hydro Pump|p1a: Cinderace
|-supereffective|p1a: Cinderace
|-damage|p1a: Cinderace|0 fnt
|faint|p1a: Cinderace
|
|-heal|p2a: Blastoise|50/100 psn|[from] item: Leftovers
|-damage|p2a: Blastoise|38/100 psn|[from] psn
|upkeep
|l|☆blatters95
|inactive|blatters95 disconnected and has a minute to reconnect!
|player|p1|
|inactive|blatters95 has 30 seconds to reconnect!
|inactive|blatters95 has 20 seconds to reconnect!
|inactive|blatters95 has 15 seconds to reconnect!
|inactive|blatters95 has 10 seconds to reconnect!
|inactive|blatters95 has 5 seconds to reconnect!
|-message|blatters95 lost due to inactivity.
|
|win|soft eggs
|raw|blatters95's rating: 1082 &rarr; <strong>1060</strong><br />(-22 for losing)
|raw|soft eggs's rating: 1079 &rarr; <strong>1107</strong><br />(+28 for winning)
|l|☆soft eggs
|player|p2|
