|badge|p1|bronze|gen9randombattle|100-7
|uhtml|medal-msg|<div class="broadcast-blue">Curious what those medals under the avatar are? PS now has Ladder Seasons! For more information, check out the <a href="https://www.smogon.com/forums/threads/3740067/">thread on Smogon.</a></div>
|j|☆SpongeGar & Patar
|j|☆Glinteighty
|t:|1760333892
|gametype|singles
|player|p1|SpongeGar & Patar|266|1805
|player|p2|Glinteighty|lady|1700
|gen|9
|tier|[Gen 9] OU
|rated|
|rule|HP Percentage Mod: HP is shown in percentages
|rule|Endless Battle Clause: Forcing endless battles is banned
|rule|Species Clause: Limit one of each Pokémon
|rule|OHKO Clause: OHKO moves are banned
|rule|Evasion Items Clause: Evasion items are banned
|rule|Evasion Moves Clause: Evasion moves are banned
|rule|Evasion Abilities Clause: Evasion abilities are banned
|rule|Sleep Moves Clause: Sleep-inducing moves are banned
|clearpoke
|poke|p1|Kyurem|
|poke|p1|Corviknight, M|
|poke|p1|Ting-Lu|
|poke|p1|Dondozo, F|
|poke|p1|Slowking-Galar, L99, M|
|poke|p1|Cinderace, M|
|poke|p2|Alomomola, M|
|poke|p2|Slowking-Galar, M|
|poke|p2|Great Tusk|
|poke|p2|Kyurem|
|poke|p2|Ogerpon-Wellspring, F|
|poke|p2|Gholdengo|
|teampreview
|
|t:|1760333942
|teamsize|p1|6
|teamsize|p2|6
|start
|switch|p1a: Slowking|Slowking-Galar, L99, M|100/100
|switch|p2a: Great Tusk|Great Tusk|100/100
|turn|1
|inactive|Battle timer is ON: inactive players will automatically lose when time's up. (requested by SpongeGar & Patar)
|inactive|SpongeGar & Patar has 120 seconds left.
|
|t:|1760333991
|switch|p1a: Corviknight|Corviknight, M|100/100
|-ability|p1a: Corviknight|Pressure
|move|p2a: Great Tusk|Knock Off|p1a: Corviknight
|-damage|p1a: Corviknight|81/100
|-damage|p2a: Great Tusk|84/100|[from] item: Rocky Helmet|[of] p1a: Corviknight
|-enditem|p1a: Corviknight|Rocky Helmet|[from] move: Knock Off|[of] p2a: Great Tusk
|
|upkeep
|turn|2
|inactive|SpongeGar & Patar has 120 seconds left.
|
|t:|1760334040
|move|p2a: Great Tusk|Stealth Rock|p1a: Corviknight
|-sidestart|p1: SpongeGar & Patar|move: Stealth Rock
|move|p1a: Corviknight|U-turn|p2a: Great Tusk
|-resisted|p2a: Great Tusk
|-damage|p2a: Great Tusk|78/100
|inactive|SpongeGar & Patar has 90 seconds left.
|
|t:|1760334089
|switch|p1a: Cinderace|Cinderace, M|100/100|[from] U-turn
|
|upkeep
|turn|3
|inactive|SpongeGar & Patar has 60 seconds left.
|inactive|SpongeGar & Patar has 30 seconds left.
|
|t:|1760334138
|move|p1a: Cinderace|Will-O-Wisp|p2a: Great Tusk
|-status|p2a: Great Tusk|brn
|move|p2a: Great Tusk|Knock Off|p1a: Cinderace
|-damage|p1a: Cinderace|82/100
|-enditem|p1a: Cinderace|Heavy-Duty Boots|[from] move: Knock Off|[of] p2a: Great Tusk
|
|-damage|p2a: Great Tusk|72/100 brn|[from] brn
|upkeep
|turn|4
|
|t:|1760334151
|move|p1a: Cinderace|Court Change|p1a: Cinderace
|-swapsideconditions
|-activate|p1a: Cinderace|move: Court Change
|move|p2a: Great Tusk|Headlong Rush|p1a: Cinderace
|-supereffective|p1a: Cinderace
|-damage|p1a: Cinderace|0 fnt
|-unboost|p2a: Great Tusk|def|1
|-unboost|p2a: Great Tusk|spd|1
|faint|p1a: Cinderace
|
|-damage|p2a: Great Tusk|66/100 brn|[from] brn
|upkeep
|
|t:|1760334161
|switch|p1a: Kyurem|Kyurem|100/100
|-ability|p1a: Kyurem|Pressure
|turn|5
|
|t:|1760334170
|move|p1a: Kyurem|Freeze-Dry|p2a: Great Tusk
|-supereffective|p2a: Great Tusk
|-damage|p2a: Great Tusk|0 fnt
|faint|p2a: Great Tusk
|-end|p2a: Great Tusk|Protosynthesis|[silent]
|
|upkeep
|
|t:|1760334175
|switch|p2a: Gholdengo|Gholdengo|100/100
|-damage|p2a: Gholdengo|94/100|[from] Stealth Rock
|turn|6
|
|t:|1760334186
|switch|p2a: Ogerpon|Ogerpon-Wellspring, F|100/100
|-damage|p2a: Ogerpon|88/100|[from] Stealth Rock
|-terastallize|p1a: Kyurem|Ground
|move|p1a: Kyurem|Earth Power|p2a: Ogerpon
|-resisted|p2a: Ogerpon
|-damage|p2a: Ogerpon|60/100
|
|upkeep
|turn|7
|
|t:|1760334195
|switch|p1a: Dondozo|Dondozo, F|100/100
|move|p2a: Ogerpon|Ivy Cudgel|p1a: Dondozo|[anim] Ivy Cudgel Water
|-resisted|p1a: Dondozo
|-damage|p1a: Dondozo|88/100
|
|-heal|p1a: Dondozo|95/100|[from] item: Leftovers
|upkeep
|turn|8
|inactive|SpongeGar & Patar has 60 seconds left.
|
|t:|1760334204
|switch|p1a: Corviknight|Corviknight, M|81/100
|-ability|p1a: Corviknight|Pressure
|move|p2a: Ogerpon|U-turn|p1a: Corviknight
|-resisted|p1a: Corviknight
|-crit|p1a: Corviknight
|-damage|p1a: Corviknight|75/100
|
|t:|1760334215
|switch|p2a: Alomomola|Alomomola, M|100/100|[from] U-turn
|
|upkeep
|turn|9
|
|t:|1760334224
|move|p1a: Corviknight|Roost|p1a: Corviknight
|-heal|p1a: Corviknight|100/100
|-singleturn|p1a: Corviknight|move: Roost
|move|p2a: Alomomola|Wish|p2a: Alomomola
|
|upkeep
|turn|10
|
|t:|1760334234
|switch|p1a: Slowking|Slowking-Galar, L99, M|100/100
|move|p2a: Alomomola|Flip Turn|p1a: Slowking
|-damage|p1a: Slowking|84/100
|
|t:|1760334242
|switch|p2a: Gholdengo|Gholdengo|94/100|[from] Flip Turn
|-damage|p2a: Gholdengo|88/100|[from] Stealth Rock
|
|-heal|p2a: Gholdengo|100/100|[from] move: Wish|[wisher] Alomomola
|upkeep
|turn|11
|
|t:|1760334251
|switch|p1a: Kyurem|Kyurem, tera:Ground|100/100
|-ability|p1a: Kyurem|Pressure
|move|p2a: Gholdengo|Trick|p1a: Kyurem
|-activate|p2a: Gholdengo|move: Trick|[of] p1a: Kyurem
|-item|p1a: Kyurem|Choice Scarf|[from] move: Trick
|-item|p2a: Gholdengo|Leftovers|[from] move: Trick
|
|upkeep
|turn|12
|inactive|SpongeGar & Patar has 90 seconds left.
|inactive|Glinteighty has 120 seconds left.
|inactive|SpongeGar & Patar has 60 seconds left.
|
|t:|1760334299
|move|p1a: Kyurem|Earth Power|p2a: Gholdengo
|-supereffective|p2a: Gholdengo
|-crit|p2a: Gholdengo
|-damage|p2a: Gholdengo|0 fnt
|faint|p2a: Gholdengo
|
|upkeep
|
|t:|1760334303
|switch|p2a: Ogerpon|Ogerpon-Wellspring, F|60/100
|-damage|p2a: Ogerpon|48/100|[from] Stealth Rock
|turn|13
|inactive|SpongeGar & Patar has 60 seconds left.
|inactive|SpongeGar & Patar has 30 seconds left.
|inactive|SpongeGar & Patar has 20 seconds left.
|
|t:|1760334351
|switch|p1a: Corviknight|Corviknight, M|100/100
|-ability|p1a: Corviknight|Pressure
|move|p2a: Ogerpon|Ivy Cudgel|p1a: Corviknight|[anim] Ivy Cudgel Water
|-damage|p1a: Corviknight|68/100
|
|upkeep
|turn|14
|inactive|SpongeGar & Patar has 30 seconds left this turn.
|
|t:|1760334361
|move|p2a: Ogerpon|U-turn|p1a: Corviknight
|-resisted|p1a: Corviknight
|-damage|p1a: Corviknight|64/100
|
|t:|1760334368
|switch|p2a: Alomomola|Alomomola, M|100/100|[from] U-turn
|move|p1a: Corviknight|Roost|p1a: Corviknight
|-heal|p1a: Corviknight|100/100
|-singleturn|p1a: Corviknight|move: Roost
|
|upkeep
|turn|15
|
|t:|1760334378
|switch|p1a: Slowking|Slowking-Galar, L99, M|100/100
|move|p2a: Alomomola|Wish|p2a: Alomomola
|
|upkeep
|turn|16
|
|t:|1760334387
|move|p2a: Alomomola|Flip Turn|p1a: Slowking
|-damage|p1a: Slowking|84/100
|
|t:|1760334389
|switch|p2a: Kyurem|Kyurem|100/100|[from] Flip Turn
|-damage|p2a: Kyurem|76/100|[from] Stealth Rock
|-ability|p2a: Kyurem|Pressure
|move|p1a: Slowking|Sludge Bomb|p2a: Kyurem
|-crit|p2a: Kyurem
|-damage|p2a: Kyurem|38/100
|
|-heal|p2a: Kyurem|97/100|[from] move: Wish|[wisher] Alomomola
|-heal|p2a: Kyurem|100/100|[from] item: Leftovers
|upkeep
|turn|17
|
|t:|1760334400
|move|p2a: Kyurem|Substitute|p2a: Kyurem
|-start|p2a: Kyurem|Substitute
|-damage|p2a: Kyurem|76/100
|move|p1a: Slowking|Sludge Bomb|p2a: Kyurem
|-end|p2a: Kyurem|Substitute
|
|-heal|p2a: Kyurem|82/100|[from] item: Leftovers
|upkeep
|turn|18
|
|t:|1760334409
|move|p2a: Kyurem|Protect|p2a: Kyurem
|-singleturn|p2a: Kyurem|Protect
|move|p1a: Slowking|Sludge Bomb|p2a: Kyurem
|-activate|p2a: Kyurem|move: Protect
|
|-heal|p2a: Kyurem|88/100|[from] item: Leftovers
|upkeep
|turn|19
|
|t:|1760334419
|move|p2a: Kyurem|Substitute|p2a: Kyurem
|-start|p2a: Kyurem|Substitute
|-damage|p2a: Kyurem|63/100
|move|p1a: Slowking|Sludge Bomb|p2a: Kyurem
|-crit|p2a: Kyurem
|-end|p2a: Kyurem|Substitute
|
|-heal|p2a: Kyurem|69/100|[from] item: Leftovers
|upkeep
|turn|20
|inactive|SpongeGar & Patar has 60 seconds left.
|
|t:|1760334428
|move|p2a: Kyurem|Protect|p2a: Kyurem
|-singleturn|p2a: Kyurem|Protect
|move|p1a: Slowking|Sludge Bomb|p2a: Kyurem
|-activate|p2a: Kyurem|move: Protect
|
|-heal|p2a: Kyurem|75/100|[from] item: Leftovers
|upkeep
|turn|21
|
|t:|1760334438
|move|p2a: Kyurem|Substitute|p2a: Kyurem
|-start|p2a: Kyurem|Substitute
|-damage|p2a: Kyurem|50/100
|move|p1a: Slowking|Sludge Bomb|p2a: Kyurem
|-end|p2a: Kyurem|Substitute
|
|-heal|p2a: Kyurem|57/100|[from] item: Leftovers
|upkeep
|turn|22
|
|t:|1760334448
|move|p2a: Kyurem|Substitute|p2a: Kyurem
|-start|p2a: Kyurem|Substitute
|-damage|p2a: Kyurem|32/100
|move|p1a: Slowking|Sludge Bomb|p2a: Kyurem
|-end|p2a: Kyurem|Substitute
|
|-heal|p2a: Kyurem|38/100|[from] item: Leftovers
|upkeep
|turn|23
|
|t:|1760334457
|move|p2a: Kyurem|Protect|p2a: Kyurem
|-singleturn|p2a: Kyurem|Protect
|move|p1a: Slowking|Toxic|p2a: Kyurem
|-activate|p2a: Kyurem|move: Protect
|
|-heal|p2a: Kyurem|44/100|[from] item: Leftovers
|upkeep
|turn|24
|j| Master Thespian
|
|t:|1760334467
|move|p2a: Kyurem|Substitute|p2a: Kyurem
|-start|p2a: Kyurem|Substitute
|-damage|p2a: Kyurem|19/100
|move|p1a: Slowking|Sludge Bomb|p2a: Kyurem
|-crit|p2a: Kyurem
|-end|p2a: Kyurem|Substitute
|
|-heal|p2a: Kyurem|25/100|[from] item: Leftovers
|upkeep
|turn|25
|l| Master Thespian
|
|t:|1760334476
|move|p2a: Kyurem|Protect|p2a: Kyurem
|-singleturn|p2a: Kyurem|Protect
|move|p1a: Slowking|Toxic|p2a: Kyurem
|-activate|p2a: Kyurem|move: Protect
|
|-heal|p2a: Kyurem|32/100|[from] item: Leftovers
|upkeep
|turn|26
|inactive|SpongeGar & Patar has 90 seconds left.
|inactive|SpongeGar & Patar has 60 seconds left.
|inactive|Glinteighty has 120 seconds left.
|
|t:|1760334551
|move|p2a: Kyurem|Freeze-Dry|p1a: Slowking
|-damage|p1a: Slowking|59/100
|move|p1a: Slowking|Toxic|p2a: Kyurem
|-status|p2a: Kyurem|tox
|
|-heal|p2a: Kyurem|38/100 tox|[from] item: Leftovers
|-damage|p2a: Kyurem|32/100 tox|[from] psn
|upkeep
|turn|27
|inactive|Glinteighty has 120 seconds left.
|
|t:|1760334561
|switch|p2a: Alomomola|Alomomola, M|100/100
|switch|p1a: Corviknight|Corviknight, M|100/100
|-ability|p1a: Corviknight|Pressure
|
|upkeep
|turn|28
|inactive|SpongeGar & Patar has 60 seconds left.
|
|t:|1760334571
|move|p1a: Corviknight|U-turn|p2a: Alomomola
|-damage|p2a: Alomomola|92/100
|inactive|SpongeGar & Patar has 60 seconds left.
|
|t:|1760334582
|switch|p1a: Dondozo|Dondozo, F|95/100|[from] U-turn
|move|p2a: Alomomola|Wish|p2a: Alomomola
|
|-heal|p1a: Dondozo|100/100|[from] item: Leftovers
|upkeep
|turn|29
|inactive|SpongeGar & Patar has 60 seconds left.
|
|t:|1760334595
|switch|p2a: Ogerpon|Ogerpon-Wellspring, F|48/100
|-damage|p2a: Ogerpon|35/100|[from] Stealth Rock
|move|p1a: Dondozo|Body Press|p2a: Ogerpon
|-damage|p2a: Ogerpon|0 fnt
|faint|p2a: Ogerpon
|
|upkeep
|
|t:|1760334603
|switch|p2a: Slowking|Slowking-Galar, M|100/100
|turn|30
|
|t:|1760334612
|switch|p1a: Slowking|Slowking-Galar, L99, M|92/100
|move|p2a: Slowking|Sludge Bomb|p1a: Slowking
|-resisted|p1a: Slowking
|-damage|p1a: Slowking|82/100
|
|upkeep
|turn|31
|
|t:|1760334624
|switch|p2a: Alomomola|Alomomola, M|100/100
|move|p1a: Slowking|Future Sight|p2a: Alomomola
|-start|p1a: Slowking|move: Future Sight
|
|upkeep
|turn|32
|
|t:|1760334633
|move|p2a: Alomomola|Wish|p2a: Alomomola
|-prepare|p1a: Slowking|Chilly Reception|[premajor]
|move|p1a: Slowking|Chilly Reception|p1a: Slowking
|-weather|Snowscape
|
|t:|1760334642
|switch|p1a: Kyurem|Kyurem, tera:Ground|100/100|[from] Chilly Reception
|-ability|p1a: Kyurem|Pressure
|
|-weather|Snowscape|[upkeep]
|upkeep
|turn|33
|
|t:|1760334664
|switch|p2a: Slowking|Slowking-Galar, M|100/100
|move|p1a: Kyurem|Freeze-Dry|p2a: Slowking
|-damage|p2a: Slowking|79/100
|
|-weather|Snowscape|[upkeep]
|-end|p2a: Slowking|move: Future Sight
|-damage|p2a: Slowking|54/100
|-heal|p2a: Slowking|100/100|[from] move: Wish|[wisher] Alomomola
|upkeep
|turn|34
|
|t:|1760334679
|move|p1a: Kyurem|Freeze-Dry|p2a: Slowking
|-damage|p2a: Slowking|81/100
|-prepare|p2a: Slowking|Chilly Reception|[premajor]
|move|p2a: Slowking|Chilly Reception|p2a: Slowking
|
|t:|1760334682
|switch|p2a: Alomomola|Alomomola, M|100/100|[from] Chilly Reception
|
|-weather|Snowscape|[upkeep]
|upkeep
|turn|35
|inactive|SpongeGar & Patar has 90 seconds left.
|inactive|SpongeGar & Patar has 60 seconds left.
|
|t:|1760334730
|switch|p2a: Slowking|Slowking-Galar, M|100/100
|move|p1a: Kyurem|Freeze-Dry|p2a: Slowking
|-damage|p2a: Slowking|80/100
|
|-weather|Snowscape|[upkeep]
|upkeep
|turn|36
|inactive|SpongeGar & Patar has 30 seconds left.
|inactive|SpongeGar & Patar has 20 seconds left.
|inactive|SpongeGar & Patar has 15 seconds left.
|
|t:|1760334779
|move|p1a: Kyurem|Freeze-Dry|p2a: Slowking
|-damage|p2a: Slowking|58/100
|move|p2a: Slowking|Sludge Bomb|p1a: Kyurem
|-resisted|p1a: Kyurem
|-damage|p1a: Kyurem|85/100
|-status|p1a: Kyurem|psn
|
|-weather|none
|-damage|p1a: Kyurem|73/100 psn|[from] psn
|upkeep
|turn|37
|inactive|SpongeGar & Patar has 25 seconds left this turn.
|inactive|SpongeGar & Patar has 20 seconds left.
|inactive|SpongeGar & Patar has 15 seconds left.
|
|t:|1760334790
|switch|p1a: Slowking|Slowking-Galar, L99, M|100/100
|move|p2a: Slowking|Slack Off|p2a: Slowking
|-heal|p2a: Slowking|100/100
|
|upkeep
|turn|38
|inactive|SpongeGar & Patar has 25 seconds left this turn.
|inactive|SpongeGar & Patar has 20 seconds left.
|
|t:|1760334803
|switch|p2a: Alomomola|Alomomola, M|100/100
|move|p1a: Slowking|Future Sight|p2a: Alomomola
|-start|p1a: Slowking|move: Future Sight
|
|upkeep
|turn|39
|inactive|SpongeGar & Patar has 30 seconds left this turn.
|
|t:|1760334812
|move|p2a: Alomomola|Flip Turn|p1a: Slowking
|-damage|p1a: Slowking|83/100
|
|t:|1760334816
|switch|p2a: Slowking|Slowking-Galar, M|100/100|[from] Flip Turn
|move|p1a: Slowking|Toxic|p2a: Slowking
|-immune|p2a: Slowking
|
|upkeep
|turn|40
|
|t:|1760334825
|move|p2a: Slowking|Psychic Noise|p1a: Slowking
|-damage|p1a: Slowking|65/100
|-start|p1a: Slowking|move: Heal Block
|move|p1a: Slowking|Toxic|p2a: Slowking
|-immune|p2a: Slowking
|
|-end|p2a: Slowking|move: Future Sight
|-damage|p2a: Slowking|77/100
|upkeep
|turn|41
|
|t:|1760334841
|move|p2a: Slowking|Psychic Noise|p1a: Slowking
|-damage|p1a: Slowking|48/100
|move|p1a: Slowking|Future Sight|p2a: Slowking
|-start|p1a: Slowking|move: Future Sight
|
|-end|p1a: Slowking|move: Heal Block
|upkeep
|turn|42
|
|t:|1760334855
|switch|p1a: Ting-Lu|Ting-Lu|100/100
|-ability|p1a: Ting-Lu|Vessel of Ruin
|move|p2a: Slowking|Sludge Bomb|p1a: Ting-Lu
|-resisted|p1a: Ting-Lu
|-damage|p1a: Ting-Lu|93/100
|-status|p1a: Ting-Lu|psn
|
|-heal|p1a: Ting-Lu|99/100 psn|[from] item: Leftovers
|-damage|p1a: Ting-Lu|87/100 psn|[from] psn
|upkeep
|turn|43
|
|t:|1760334865
|switch|p1a: Slowking|Slowking-Galar, L99, M|81/100
|switch|p2a: Alomomola|Alomomola, M|100/100
|
|-end|p2a: Alomomola|move: Future Sight
|-damage|p2a: Alomomola|50/100
|upkeep
|turn|44
|
|t:|1760334874
|move|p2a: Alomomola|Flip Turn|p1a: Slowking
|-damage|p1a: Slowking|63/100
|
|t:|1760334877
|switch|p2a: Slowking|Slowking-Galar, M|100/100|[from] Flip Turn
|move|p1a: Slowking|Future Sight|p2a: Slowking
|-start|p1a: Slowking|move: Future Sight
|
|upkeep
|turn|45
|
|t:|1760334888
|switch|p1a: Ting-Lu|Ting-Lu|87/100 psn
|-ability|p1a: Ting-Lu|Vessel of Ruin
|move|p2a: Slowking|Psychic Noise|p1a: Ting-Lu
|-immune|p1a: Ting-Lu
|
|-heal|p1a: Ting-Lu|93/100 psn|[from] item: Leftovers
|-damage|p1a: Ting-Lu|81/100 psn|[from] psn
|upkeep
|turn|46
|
|t:|1760334897
|switch|p1a: Slowking|Slowking-Galar, L99, M|97/100
|-prepare|p2a: Slowking|Chilly Reception|[premajor]
|move|p2a: Slowking|Chilly Reception|p2a: Slowking
|-weather|Snowscape
|
|t:|1760334900
|switch|p2a: Alomomola|Alomomola, M|84/100|[from] Chilly Reception
|
|-weather|Snowscape|[upkeep]
|-end|p2a: Alomomola|move: Future Sight
|-damage|p2a: Alomomola|32/100
|upkeep
|turn|47
|
|t:|1760334913
|move|p2a: Alomomola|Wish|p2a: Alomomola
|move|p1a: Slowking|Future Sight|p2a: Alomomola
|-start|p1a: Slowking|move: Future Sight
|
|-weather|Snowscape|[upkeep]
|upkeep
|turn|48
|
|t:|1760334922
|move|p2a: Alomomola|Protect|p2a: Alomomola
|-singleturn|p2a: Alomomola|Protect
|move|p1a: Slowking|Toxic|p2a: Alomomola
|-activate|p2a: Alomomola|move: Protect
|
|-weather|Snowscape|[upkeep]
|-heal|p2a: Alomomola|82/100|[from] move: Wish|[wisher] Alomomola
|upkeep
|turn|49
|inactive|SpongeGar & Patar has 90 seconds left.
|
|t:|1760334932
|move|p2a: Alomomola|Flip Turn|p1a: Slowking
|-damage|p1a: Slowking|80/100
|
|t:|1760334935
|switch|p2a: Slowking|Slowking-Galar, M|100/100|[from] Flip Turn
|move|p1a: Slowking|Toxic|p2a: Slowking
|-immune|p2a: Slowking
|
|-weather|Snowscape|[upkeep]
|-end|p2a: Slowking|move: Future Sight
|-damage|p2a: Slowking|76/100
|upkeep
|turn|50
|j| worthless lucker
|
|t:|1760334955
|move|p2a: Slowking|Sludge Bomb|p1a: Slowking
|-resisted|p1a: Slowking
|-damage|p1a: Slowking|70/100
|move|p1a: Slowking|Future Sight|p2a: Slowking
|-start|p1a: Slowking|move: Future Sight
|
|-weather|none
|upkeep
|turn|51
|
|t:|1760334965
|switch|p1a: Ting-Lu|Ting-Lu|81/100 psn
|-ability|p1a: Ting-Lu|Vessel of Ruin
|-prepare|p2a: Slowking|Chilly Reception|[premajor]
|move|p2a: Slowking|Chilly Reception|p2a: Slowking
|-weather|Snowscape
|
|t:|1760334969
|switch|p2a: Alomomola|Alomomola, M|100/100|[from] Chilly Reception
|
|-weather|Snowscape|[upkeep]
|-heal|p1a: Ting-Lu|87/100 psn|[from] item: Leftovers
|-damage|p1a: Ting-Lu|75/100 psn|[from] psn
|upkeep
|turn|52
|
|t:|1760334978
|move|p1a: Ting-Lu|Rest|p1a: Ting-Lu
|-status|p1a: Ting-Lu|slp|[from] move: Rest
|-heal|p1a: Ting-Lu|100/100 slp|[silent]
|move|p2a: Alomomola|Scald|p1a: Ting-Lu
|-supereffective|p1a: Ting-Lu
|-damage|p1a: Ting-Lu|89/100 slp
|
|-weather|Snowscape|[upkeep]
|-end|p2a: Alomomola|move: Future Sight
|-damage|p2a: Alomomola|63/100
|-heal|p1a: Ting-Lu|95/100 slp|[from] item: Leftovers
|upkeep
|turn|53
|inactive|SpongeGar & Patar has 120 seconds left.
|
|t:|1760334989
|cant|p1a: Ting-Lu|slp
|move|p1a: Ting-Lu|Sleep Talk|p1a: Ting-Lu
|move|p1a: Ting-Lu|Rest||[from] move: Sleep Talk|[still]
|-fail|p1a: Ting-Lu
|move|p2a: Alomomola|Wish|p2a: Alomomola
|
|-weather|Snowscape|[upkeep]
|-heal|p1a: Ting-Lu|100/100 slp|[from] item: Leftovers
|upkeep
|turn|54
|inactive|SpongeGar & Patar has 120 seconds left.
|
|t:|1760334998
|cant|p1a: Ting-Lu|slp
|move|p1a: Ting-Lu|Sleep Talk|p1a: Ting-Lu
|move|p1a: Ting-Lu|Rest||[from] move: Sleep Talk|[still]
|-fail|p1a: Ting-Lu
|move|p2a: Alomomola|Flip Turn|p1a: Ting-Lu
|-supereffective|p1a: Ting-Lu
|-damage|p1a: Ting-Lu|81/100 slp
|
|t:|1760335003
|switch|p2a: Kyurem|Kyurem|32/100 tox|[from] Flip Turn
|-damage|p2a: Kyurem|7/100 tox|[from] Stealth Rock
|-ability|p2a: Kyurem|Pressure
|
|-weather|Snowscape|[upkeep]
|-heal|p2a: Kyurem|65/100 tox|[from] move: Wish|[wisher] Alomomola
|-heal|p2a: Kyurem|72/100 tox|[from] item: Leftovers
|-heal|p1a: Ting-Lu|87/100 slp|[from] item: Leftovers
|-damage|p2a: Kyurem|65/100 tox|[from] psn
|upkeep
|turn|55
|
|t:|1760335012
|switch|p2a: Alomomola|Alomomola, M|96/100
|-curestatus|p1a: Ting-Lu|slp|[msg]
|move|p1a: Ting-Lu|Earthquake|p2a: Alomomola
|-damage|p2a: Alomomola|75/100
|
|-weather|none
|-heal|p1a: Ting-Lu|93/100|[from] item: Leftovers
|upkeep
|turn|56
|
|t:|1760335023
|move|p1a: Ting-Lu|Earthquake|p2a: Alomomola
|-damage|p2a: Alomomola|56/100
|move|p2a: Alomomola|Scald|p1a: Ting-Lu
|-supereffective|p1a: Ting-Lu
|-damage|p1a: Ting-Lu|81/100
|
|-heal|p1a: Ting-Lu|88/100|[from] item: Leftovers
|upkeep
|turn|57
|
|t:|1760335036
|move|p1a: Ting-Lu|Earthquake|p2a: Alomomola
|-damage|p2a: Alomomola|35/100
|move|p2a: Alomomola|Wish|p2a: Alomomola
|
|-heal|p1a: Ting-Lu|94/100|[from] item: Leftovers
|upkeep
|turn|58
|
|t:|1760335046
|switch|p1a: Slowking|Slowking-Galar, L99, M|100/100
|move|p2a: Alomomola|Scald|p1a: Slowking
|-damage|p1a: Slowking|93/100
|-status|p1a: Slowking|brn
|
|-heal|p2a: Alomomola|85/100|[from] move: Wish|[wisher] Alomomola
|-damage|p1a: Slowking|86/100 brn|[from] brn
|upkeep
|turn|59
|
|t:|1760335057
|move|p2a: Alomomola|Protect|p2a: Alomomola
|-singleturn|p2a: Alomomola|Protect
|move|p1a: Slowking|Toxic|p2a: Alomomola
|-activate|p2a: Alomomola|move: Protect
|
|-damage|p1a: Slowking|80/100 brn|[from] brn
|upkeep
|turn|60
|
|t:|1760335066
|move|p2a: Alomomola|Flip Turn|p1a: Slowking
|-damage|p1a: Slowking|63/100 brn
|
|t:|1760335069
|switch|p2a: Slowking|Slowking-Galar, M|100/100|[from] Flip Turn
|move|p1a: Slowking|Toxic|p2a: Slowking
|-immune|p2a: Slowking
|
|-damage|p1a: Slowking|57/100 brn|[from] brn
|upkeep
|turn|61
|
|t:|1760335078
|move|p2a: Slowking|Psychic Noise|p1a: Slowking
|-damage|p1a: Slowking|41/100 brn
|-start|p1a: Slowking|move: Heal Block
|move|p1a: Slowking|Future Sight|p2a: Slowking
|-start|p1a: Slowking|move: Future Sight
|
|-damage|p1a: Slowking|35/100 brn|[from] brn
|upkeep
|turn|62
|
|t:|1760335099
|switch|p1a: Ting-Lu|Ting-Lu|94/100
|-ability|p1a: Ting-Lu|Vessel of Ruin
|move|p2a: Slowking|Sludge Bomb|p1a: Ting-Lu
|-resisted|p1a: Ting-Lu
|-damage|p1a: Ting-Lu|86/100
|-status|p1a: Ting-Lu|psn
|
|-heal|p1a: Ting-Lu|93/100 psn|[from] item: Leftovers
|-damage|p1a: Ting-Lu|80/100 psn|[from] psn
|upkeep
|turn|63
|j| Bobaba
|
|t:|1760335117
|switch|p1a: Slowking|Slowking-Galar, L99, M|68/100 brn
|switch|p2a: Alomomola|Alomomola, M|100/100
|
|-end|p2a: Alomomola|move: Future Sight
|-damage|p2a: Alomomola|47/100
|-damage|p1a: Slowking|62/100 brn|[from] brn
|upkeep
|turn|64
|
|t:|1760335127
|switch|p1a: Dondozo|Dondozo, F|100/100
|move|p2a: Alomomola|Protect||[still]
|-fail|p2a: Alomomola
|
|upkeep
|turn|65
|
|t:|1760335136
|switch|p1a: Slowking|Slowking-Galar, L99, M|95/100 brn
|move|p2a: Alomomola|Scald|p1a: Slowking
|-damage|p1a: Slowking|87/100 brn
|
|-damage|p1a: Slowking|81/100 brn|[from] brn
|upkeep
|turn|66
|
|t:|1760335146
|move|p2a: Alomomola|Flip Turn|p1a: Slowking
|-damage|p1a: Slowking|63/100 brn
|
|t:|1760335148
|switch|p2a: Slowking|Slowking-Galar, M|100/100|[from] Flip Turn
|move|p1a: Slowking|Future Sight|p2a: Slowking
|-start|p1a: Slowking|move: Future Sight
|
|-damage|p1a: Slowking|57/100 brn|[from] brn
|upkeep
|turn|67
|j| wgw2333
|
|t:|1760335178
|switch|p2a: Alomomola|Alomomola, M|80/100
|switch|p1a: Ting-Lu|Ting-Lu|80/100 psn
|-ability|p1a: Ting-Lu|Vessel of Ruin
|
|-heal|p1a: Ting-Lu|86/100 psn|[from] item: Leftovers
|-damage|p1a: Ting-Lu|74/100 psn|[from] psn
|upkeep
|turn|68
|
|t:|1760335187
|move|p1a: Ting-Lu|Rest|p1a: Ting-Lu
|-status|p1a: Ting-Lu|slp|[from] move: Rest
|-heal|p1a: Ting-Lu|100/100 slp|[silent]
|move|p2a: Alomomola|Flip Turn|p1a: Ting-Lu
|-supereffective|p1a: Ting-Lu
|-damage|p1a: Ting-Lu|83/100 slp
|
|t:|1760335199
|switch|p2a: Slowking|Slowking-Galar, M|100/100|[from] Flip Turn
|
|-end|p2a: Slowking|move: Future Sight
|-damage|p2a: Slowking|82/100
|-heal|p1a: Ting-Lu|89/100 slp|[from] item: Leftovers
|upkeep
|turn|69
|
|t:|1760335208
|switch|p2a: Alomomola|Alomomola, M|100/100
|cant|p1a: Ting-Lu|slp
|move|p1a: Ting-Lu|Sleep Talk|p1a: Ting-Lu
|move|p1a: Ting-Lu|Rest||[from] move: Sleep Talk|[still]
|-fail|p1a: Ting-Lu
|
|-heal|p1a: Ting-Lu|95/100 slp|[from] item: Leftovers
|upkeep
|turn|70
|inactive|Glinteighty has 120 seconds left.
|
|t:|1760335230
|switch|p2a: Slowking|Slowking-Galar, M|100/100
|cant|p1a: Ting-Lu|slp
|move|p1a: Ting-Lu|Sleep Talk|p1a: Ting-Lu
|move|p1a: Ting-Lu|Rest||[from] move: Sleep Talk|[still]
|-fail|p1a: Ting-Lu
|
|-heal|p1a: Ting-Lu|100/100 slp|[from] item: Leftovers
|upkeep
|turn|71
|
|t:|1760335240
|switch|p1a: Slowking|Slowking-Galar, L99, M|90/100 brn
|switch|p2a: Alomomola|Alomomola, M|100/100
|
|-damage|p1a: Slowking|84/100 brn|[from] brn
|upkeep
|turn|72
|
|t:|1760335249
|move|p2a: Alomomola|Flip Turn|p1a: Slowking
|-damage|p1a: Slowking|68/100 brn
|
|t:|1760335252
|switch|p2a: Slowking|Slowking-Galar, M|100/100|[from] Flip Turn
|move|p1a: Slowking|Future Sight|p2a: Slowking
|-start|p1a: Slowking|move: Future Sight
|
|-damage|p1a: Slowking|62/100 brn|[from] brn
|upkeep
|turn|73
|
|t:|1760335270
|switch|p1a: Ting-Lu|Ting-Lu|100/100 slp
|-ability|p1a: Ting-Lu|Vessel of Ruin
|-prepare|p2a: Slowking|Chilly Reception|[premajor]
|move|p2a: Slowking|Chilly Reception|p2a: Slowking
|-weather|Snowscape
|
|t:|1760335273
|switch|p2a: Alomomola|Alomomola, M|100/100|[from] Chilly Reception
|
|-weather|Snowscape|[upkeep]
|upkeep
|turn|74
|
|t:|1760335282
|-curestatus|p1a: Ting-Lu|slp|[msg]
|move|p1a: Ting-Lu|Earthquake|p2a: Alomomola
|-crit|p2a: Alomomola
|-damage|p2a: Alomomola|70/100
|move|p2a: Alomomola|Scald|p1a: Ting-Lu
|-supereffective|p1a: Ting-Lu
|-damage|p1a: Ting-Lu|89/100
|-status|p1a: Ting-Lu|brn
|
|-weather|Snowscape|[upkeep]
|-end|p2a: Alomomola|move: Future Sight
|-damage|p2a: Alomomola|28/100
|-heal|p1a: Ting-Lu|95/100 brn|[from] item: Leftovers
|-damage|p1a: Ting-Lu|89/100 brn|[from] brn
|upkeep
|turn|75
|
|t:|1760335295
|move|p1a: Ting-Lu|Rest|p1a: Ting-Lu
|-status|p1a: Ting-Lu|slp|[from] move: Rest
|-heal|p1a: Ting-Lu|100/100 slp|[silent]
|move|p2a: Alomomola|Flip Turn|p1a: Ting-Lu
|-supereffective|p1a: Ting-Lu
|-damage|p1a: Ting-Lu|84/100 slp
|
|t:|1760335298
|switch|p2a: Slowking|Slowking-Galar, M|100/100|[from] Flip Turn
|
|-weather|Snowscape|[upkeep]
|-heal|p1a: Ting-Lu|90/100 slp|[from] item: Leftovers
|upkeep
|turn|76
|
|t:|1760335307
|switch|p2a: Alomomola|Alomomola, M|62/100
|cant|p1a: Ting-Lu|slp
|move|p1a: Ting-Lu|Sleep Talk|p1a: Ting-Lu
|move|p1a: Ting-Lu|Payback|p2a: Alomomola|[from] move: Sleep Talk
|-damage|p2a: Alomomola|51/100
|
|-weather|Snowscape|[upkeep]
|-heal|p1a: Ting-Lu|97/100 slp|[from] item: Leftovers
|upkeep
|turn|77
|
|t:|1760335317
|cant|p1a: Ting-Lu|slp
|move|p1a: Ting-Lu|Sleep Talk|p1a: Ting-Lu
|move|p1a: Ting-Lu|Earthquake|p2a: Alomomola|[from] move: Sleep Talk
|-damage|p2a: Alomomola|30/100
|move|p2a: Alomomola|Flip Turn|p1a: Ting-Lu
|-supereffective|p1a: Ting-Lu
|-damage|p1a: Ting-Lu|80/100 slp
|
|t:|1760335322
|switch|p2a: Slowking|Slowking-Galar, M|100/100|[from] Flip Turn
|
|-weather|none
|-heal|p1a: Ting-Lu|86/100 slp|[from] item: Leftovers
|upkeep
|turn|78
|
|t:|1760335331
|switch|p2a: Alomomola|Alomomola, M|63/100
|-curestatus|p1a: Ting-Lu|slp|[msg]
|move|p1a: Ting-Lu|Earthquake|p2a: Alomomola
|-damage|p2a: Alomomola|45/100
|
|-heal|p1a: Ting-Lu|92/100|[from] item: Leftovers
|upkeep
|turn|79
|
|t:|1760335361
|switch|p1a: Slowking|Slowking-Galar, L99, M|95/100 brn
|move|p2a: Alomomola|Scald|p1a: Slowking
|-damage|p1a: Slowking|86/100 brn
|
|-damage|p1a: Slowking|80/100 brn|[from] brn
|upkeep
|turn|80
|
|t:|1760335370
|move|p2a: Alomomola|Protect|p2a: Alomomola
|-singleturn|p2a: Alomomola|Protect
|move|p1a: Slowking|Future Sight|p2a: Alomomola
|-start|p1a: Slowking|move: Future Sight
|
|-damage|p1a: Slowking|74/100 brn|[from] brn
|upkeep
|turn|81
|l| Bobaba
|l| wgw2333
|
|t:|1760335379
|move|p2a: Alomomola|Flip Turn|p1a: Slowking
|-damage|p1a: Slowking|56/100 brn
|
|t:|1760335384
|switch|p2a: Slowking|Slowking-Galar, M|100/100|[from] Flip Turn
|-prepare|p1a: Slowking|Chilly Reception|[premajor]
|move|p1a: Slowking|Chilly Reception|p1a: Slowking
|-weather|Snowscape
|
|t:|1760335393
|switch|p1a: Ting-Lu|Ting-Lu|92/100|[from] Chilly Reception
|-ability|p1a: Ting-Lu|Vessel of Ruin
|
|-weather|Snowscape|[upkeep]
|-heal|p1a: Ting-Lu|99/100|[from] item: Leftovers
|upkeep
|turn|82
|
|t:|1760335402
|switch|p1a: Slowking|Slowking-Galar, L99, M|89/100 brn
|move|p2a: Slowking|Slack Off||[still]
|-fail|p2a: Slowking|heal
|
|-weather|Snowscape|[upkeep]
|-end|p2a: Slowking|move: Future Sight
|-damage|p2a: Slowking|77/100
|-damage|p1a: Slowking|83/100 brn|[from] brn
|upkeep
|turn|83
|
|t:|1760335412
|move|p2a: Slowking|Psychic Noise|p1a: Slowking
|-damage|p1a: Slowking|65/100 brn
|-start|p1a: Slowking|move: Heal Block
|move|p1a: Slowking|Future Sight|p2a: Slowking
|-start|p1a: Slowking|move: Future Sight
|
|-weather|Snowscape|[upkeep]
|-damage|p1a: Slowking|59/100 brn|[from] brn
|upkeep
|turn|84
|
|t:|1760335426
|move|p2a: Slowking|Sludge Bomb|p1a: Slowking
|-resisted|p1a: Slowking
|-damage|p1a: Slowking|49/100 brn
|move|p1a: Slowking|Toxic|p2a: Slowking
|-immune|p2a: Slowking
|
|-weather|Snowscape|[upkeep]
|-damage|p1a: Slowking|43/100 brn|[from] brn
|-end|p1a: Slowking|move: Heal Block
|upkeep
|turn|85
|
|t:|1760335436
|switch|p1a: Ting-Lu|Ting-Lu|99/100
|-ability|p1a: Ting-Lu|Vessel of Ruin
|move|p2a: Slowking|Psychic Noise|p1a: Ting-Lu
|-immune|p1a: Ting-Lu
|
|-weather|none
|-end|p2a: Slowking|move: Future Sight
|-damage|p2a: Slowking|58/100
|-heal|p1a: Ting-Lu|100/100|[from] item: Leftovers
|upkeep
|turn|86
|
|t:|1760335445
|switch|p1a: Slowking|Slowking-Galar, L99, M|76/100 brn
|switch|p2a: Alomomola|Alomomola, M|78/100
|
|-damage|p1a: Slowking|70/100 brn|[from] brn
|upkeep
|turn|87
|
|t:|1760335454
|move|p2a: Alomomola|Flip Turn|p1a: Slowking
|-crit|p1a: Slowking
|-damage|p1a: Slowking|44/100 brn
|
|t:|1760335457
|switch|p2a: Slowking|Slowking-Galar, M|92/100|[from] Flip Turn
|move|p1a: Slowking|Future Sight|p2a: Slowking
|-start|p1a: Slowking|move: Future Sight
|
|-damage|p1a: Slowking|37/100 brn|[from] brn
|upkeep
|turn|88
|
|t:|1760335466
|switch|p1a: Ting-Lu|Ting-Lu|100/100
|-ability|p1a: Ting-Lu|Vessel of Ruin
|move|p2a: Slowking|Sludge Bomb|p1a: Ting-Lu
|-resisted|p1a: Ting-Lu
|-damage|p1a: Ting-Lu|94/100
|
|-heal|p1a: Ting-Lu|99/100|[from] item: Leftovers
|upkeep
|turn|89
|
|t:|1760335476
|switch|p1a: Slowking|Slowking-Galar, L99, M|71/100 brn
|switch|p2a: Alomomola|Alomomola, M|100/100
|
|-end|p2a: Alomomola|move: Future Sight
|-damage|p2a: Alomomola|52/100
|-damage|p1a: Slowking|65/100 brn|[from] brn
|upkeep
|turn|90
|
|t:|1760335485
|switch|p2a: Slowking|Slowking-Galar, M|100/100
|move|p1a: Slowking|Future Sight|p2a: Slowking
|-start|p1a: Slowking|move: Future Sight
|
|-damage|p1a: Slowking|58/100 brn|[from] brn
|upkeep
|turn|91
|
|t:|1760335495
|switch|p1a: Ting-Lu|Ting-Lu|99/100
|-ability|p1a: Ting-Lu|Vessel of Ruin
|move|p2a: Slowking|Psychic Noise|p1a: Ting-Lu
|-immune|p1a: Ting-Lu
|
|-heal|p1a: Ting-Lu|100/100|[from] item: Leftovers
|upkeep
|turn|92
|
|t:|1760335504
|switch|p1a: Slowking|Slowking-Galar, L99, M|92/100 brn
|move|p2a: Slowking|Slack Off||[still]
|-fail|p2a: Slowking|heal
|
|-end|p2a: Slowking|move: Future Sight
|-damage|p2a: Slowking|77/100
|-damage|p1a: Slowking|86/100 brn|[from] brn
|upkeep
|turn|93
|
|t:|1760335516
|-prepare|p2a: Slowking|Chilly Reception|[premajor]
|move|p2a: Slowking|Chilly Reception|p2a: Slowking
|-weather|Snowscape
|
|t:|1760335519
|switch|p2a: Alomomola|Alomomola, M|86/100|[from] Chilly Reception
|move|p1a: Slowking|Future Sight|p2a: Alomomola
|-start|p1a: Slowking|move: Future Sight
|
|-weather|Snowscape|[upkeep]
|-damage|p1a: Slowking|79/100 brn|[from] brn
|upkeep
|turn|94
|
|t:|1760335530
|move|p2a: Alomomola|Protect|p2a: Alomomola
|-singleturn|p2a: Alomomola|Protect
|move|p1a: Slowking|Toxic|p2a: Alomomola
|-activate|p2a: Alomomola|move: Protect
|
|-weather|Snowscape|[upkeep]
|-damage|p1a: Slowking|73/100 brn|[from] brn
|upkeep
|turn|95
|
|t:|1760335541
|switch|p1a: Dondozo|Dondozo, F|100/100
|move|p2a: Alomomola|Flip Turn|p1a: Dondozo
|-resisted|p1a: Dondozo
|-damage|p1a: Dondozo|97/100
|
|t:|1760335546
|switch|p2a: Slowking|Slowking-Galar, M|100/100|[from] Flip Turn
|
|-weather|Snowscape|[upkeep]
|-end|p2a: Slowking|move: Future Sight
|-damage|p2a: Slowking|77/100
|-heal|p1a: Dondozo|100/100|[from] item: Leftovers
|upkeep
|turn|96
|
|t:|1760335555
|switch|p1a: Slowking|Slowking-Galar, L99, M|100/100 brn
|move|p2a: Slowking|Sludge Bomb|p1a: Slowking
|-resisted|p1a: Slowking
|-damage|p1a: Slowking|90/100 brn
|
|-weather|Snowscape|[upkeep]
|-damage|p1a: Slowking|84/100 brn|[from] brn
|upkeep
|turn|97
|
|t:|1760335565
|move|p2a: Slowking|Psychic Noise|p1a: Slowking
|-damage|p1a: Slowking|68/100 brn
|-start|p1a: Slowking|move: Heal Block
|move|p1a: Slowking|Future Sight|p2a: Slowking
|-start|p1a: Slowking|move: Future Sight
|
|-weather|none
|-damage|p1a: Slowking|62/100 brn|[from] brn
|upkeep
|turn|98
|
|t:|1760335579
|switch|p1a: Ting-Lu|Ting-Lu|100/100
|-ability|p1a: Ting-Lu|Vessel of Ruin
|move|p2a: Slowking|Psychic Noise|p1a: Ting-Lu
|-immune|p1a: Ting-Lu
|
|upkeep
|turn|99
|
|t:|1760335588
|switch|p1a: Slowking|Slowking-Galar, L99, M|95/100 brn
|switch|p2a: Alomomola|Alomomola, M|100/100
|
|-end|p2a: Alomomola|move: Future Sight
|-damage|p2a: Alomomola|46/100
|-damage|p1a: Slowking|89/100 brn|[from] brn
|upkeep
|turn|100
|
|t:|1760335597
|move|p2a: Alomomola|Protect|p2a: Alomomola
|-singleturn|p2a: Alomomola|Protect
|move|p1a: Slowking|Future Sight|p2a: Alomomola
|-start|p1a: Slowking|move: Future Sight
|
|-damage|p1a: Slowking|83/100 brn|[from] brn
|upkeep
|turn|101
|
|t:|1760335607
|move|p2a: Alomomola|Flip Turn|p1a: Slowking
|-damage|p1a: Slowking|67/100 brn
|
|t:|1760335609
|switch|p2a: Slowking|Slowking-Galar, M|100/100|[from] Flip Turn
|-prepare|p1a: Slowking|Chilly Reception|[premajor]
|move|p1a: Slowking|Chilly Reception|p1a: Slowking
|-weather|Snowscape
|
|t:|1760335618
|switch|p1a: Ting-Lu|Ting-Lu|100/100|[from] Chilly Reception
|-ability|p1a: Ting-Lu|Vessel of Ruin
|
|-weather|Snowscape|[upkeep]
|upkeep
|turn|102
|
|t:|1760335635
|switch|p1a: Slowking|Slowking-Galar, L99, M|99/100 brn
|-prepare|p2a: Slowking|Chilly Reception|[premajor]
|move|p2a: Slowking|Chilly Reception|p2a: Slowking
|
|t:|1760335640
|switch|p2a: Alomomola|Alomomola, M|79/100|[from] Chilly Reception
|
|-weather|Snowscape|[upkeep]
|-end|p2a: Alomomola|move: Future Sight
|-damage|p2a: Alomomola|25/100
|-damage|p1a: Slowking|94/100 brn|[from] brn
|upkeep
|turn|103
|
|t:|1760335652
|move|p2a: Alomomola|Flip Turn|p1a: Slowking
|-damage|p1a: Slowking|77/100 brn
|
|t:|1760335655
|switch|p2a: Slowking|Slowking-Galar, M|100/100|[from] Flip Turn
|move|p1a: Slowking|Toxic|p2a: Slowking
|-immune|p2a: Slowking
|
|-weather|Snowscape|[upkeep]
|-damage|p1a: Slowking|70/100 brn|[from] brn
|upkeep
|turn|104
|
|t:|1760335670
|switch|p2a: Alomomola|Alomomola, M|59/100
|switch|p1a: Ting-Lu|Ting-Lu|100/100
|-ability|p1a: Ting-Lu|Vessel of Ruin
|
|-weather|Snowscape|[upkeep]
|upkeep
|turn|105
|
|t:|1760335680
|move|p1a: Ting-Lu|Earthquake|p2a: Alomomola
|-damage|p2a: Alomomola|37/100
|move|p2a: Alomomola|Scald|p1a: Ting-Lu
|-supereffective|p1a: Ting-Lu
|-damage|p1a: Ting-Lu|88/100
|
|-weather|none
|-heal|p1a: Ting-Lu|95/100|[from] item: Leftovers
|upkeep
|turn|106
|
|t:|1760335690
|move|p1a: Ting-Lu|Earthquake|p2a: Alomomola
|-damage|p2a: Alomomola|19/100
|move|p2a: Alomomola|Wish|p2a: Alomomola
|
|-heal|p1a: Ting-Lu|100/100|[from] item: Leftovers
|upkeep
|turn|107
|
|t:|1760335699
|switch|p1a: Slowking|Slowking-Galar, L99, M|100/100 brn
|move|p2a: Alomomola|Protect||[still]
|-fail|p2a: Alomomola
|
|-heal|p2a: Alomomola|69/100|[from] move: Wish|[wisher] Alomomola
|-damage|p1a: Slowking|94/100 brn|[from] brn
|upkeep
|turn|108
|
|t:|1760335709
|move|p2a: Alomomola|Protect|p2a: Alomomola
|-singleturn|p2a: Alomomola|Protect
|move|p1a: Slowking|Toxic|p2a: Alomomola
|-activate|p2a: Alomomola|move: Protect
|
|-damage|p1a: Slowking|88/100 brn|[from] brn
|upkeep
|turn|109
|inactive|Glinteighty has 120 seconds left.
|
|t:|1760335736
|switch|p1a: Dondozo|Dondozo, F|100/100
|move|p2a: Alomomola|Scald|p1a: Dondozo
|-resisted|p1a: Dondozo
|-damage|p1a: Dondozo|93/100
|-status|p1a: Dondozo|brn
|
|-heal|p1a: Dondozo|99/100 brn|[from] item: Leftovers
|-damage|p1a: Dondozo|93/100 brn|[from] brn
|upkeep
|turn|110
|
|t:|1760335746
|switch|p2a: Slowking|Slowking-Galar, M|100/100
|move|p1a: Dondozo|Body Press|p2a: Slowking
|-resisted|p2a: Slowking
|-damage|p2a: Slowking|97/100
|
|-heal|p1a: Dondozo|99/100 brn|[from] item: Leftovers
|-damage|p1a: Dondozo|93/100 brn|[from] brn
|upkeep
|turn|111
|
|t:|1760335756
|switch|p2a: Alomomola|Alomomola, M|100/100
|move|p1a: Dondozo|Rest|p1a: Dondozo
|-status|p1a: Dondozo|slp|[from] move: Rest
|-heal|p1a: Dondozo|100/100 slp|[silent]
|
|upkeep
|turn|112
|
|t:|1760335765
|switch|p2a: Slowking|Slowking-Galar, M|100/100
|switch|p1a: Ting-Lu|Ting-Lu|100/100
|-ability|p1a: Ting-Lu|Vessel of Ruin
|
|upkeep
|turn|113
|
|t:|1760335774
|switch|p2a: Alomomola|Alomomola, M|100/100
|move|p1a: Ting-Lu|Earthquake|p2a: Alomomola
|-damage|p2a: Alomomola|79/100
|
|upkeep
|turn|114
|inactive|Glinteighty has 120 seconds left.
|
|t:|1760335789
|switch|p2a: Slowking|Slowking-Galar, M|100/100
|move|p1a: Ting-Lu|Earthquake|p2a: Slowking
|-supereffective|p2a: Slowking
|-damage|p2a: Slowking|27/100
|
|upkeep
|turn|115
|
|t:|1760335799
|switch|p2a: Alomomola|Alomomola, M|100/100
|move|p1a: Ting-Lu|Earthquake|p2a: Alomomola
|-damage|p2a: Alomomola|79/100
|
|upkeep
|turn|116
|inactive|Glinteighty has 120 seconds left.
|j| origamisocks
|
|t:|1760335809
|move|p1a: Ting-Lu|Earthquake|p2a: Alomomola
|-damage|p2a: Alomomola|60/100
|move|p2a: Alomomola|Scald|p1a: Ting-Lu
|-supereffective|p1a: Ting-Lu
|-damage|p1a: Ting-Lu|88/100
|
|-heal|p1a: Ting-Lu|95/100|[from] item: Leftovers
|upkeep
|turn|117
|j| Bobaba
|inactive|Glinteighty has 120 seconds left.
|l| Bobaba
|
|t:|1760335818
|move|p1a: Ting-Lu|Payback|p2a: Alomomola
|-damage|p2a: Alomomola|50/100
|move|p2a: Alomomola|Scald|p1a: Ting-Lu
|-supereffective|p1a: Ting-Lu
|-damage|p1a: Ting-Lu|84/100
|
|-heal|p1a: Ting-Lu|90/100|[from] item: Leftovers
|upkeep
|turn|118
|j| Disscratch
|inactive|Glinteighty has 120 seconds left.
|
|t:|1760335830
|move|p1a: Ting-Lu|Earthquake|p2a: Alomomola
|-damage|p2a: Alomomola|31/100
|move|p2a: Alomomola|Scald|p1a: Ting-Lu
|-supereffective|p1a: Ting-Lu
|-damage|p1a: Ting-Lu|79/100
|-status|p1a: Ting-Lu|brn
|
|-heal|p1a: Ting-Lu|85/100 brn|[from] item: Leftovers
|-damage|p1a: Ting-Lu|79/100 brn|[from] brn
|upkeep
|turn|119
|l| origamisocks
|
|t:|1760335839
|switch|p2a: Slowking|Slowking-Galar, M|61/100
|move|p1a: Ting-Lu|Earthquake|p2a: Slowking
|-supereffective|p2a: Slowking
|-damage|p2a: Slowking|19/100
|
|-heal|p1a: Ting-Lu|85/100 brn|[from] item: Leftovers
|-damage|p1a: Ting-Lu|79/100 brn|[from] brn
|upkeep
|turn|120
|
|t:|1760335849
|switch|p2a: Alomomola|Alomomola, M|65/100
|move|p1a: Ting-Lu|Rest|p1a: Ting-Lu
|-status|p1a: Ting-Lu|slp|[from] move: Rest
|-heal|p1a: Ting-Lu|100/100 slp|[silent]
|
|upkeep
|turn|121
|
|t:|1760335858
|cant|p1a: Ting-Lu|slp
|move|p1a: Ting-Lu|Sleep Talk|p1a: Ting-Lu
|move|p1a: Ting-Lu|Rest||[from] move: Sleep Talk|[still]
|-fail|p1a: Ting-Lu
|move|p2a: Alomomola|Flip Turn|p1a: Ting-Lu
|-supereffective|p1a: Ting-Lu
|-damage|p1a: Ting-Lu|83/100 slp
|
|t:|1760335863
|switch|p2a: Slowking|Slowking-Galar, M|52/100|[from] Flip Turn
|
|-heal|p1a: Ting-Lu|89/100 slp|[from] item: Leftovers
|upkeep
|turn|122
|
|t:|1760335872
|switch|p2a: Alomomola|Alomomola, M|98/100
|cant|p1a: Ting-Lu|slp
|move|p1a: Ting-Lu|Sleep Talk|p1a: Ting-Lu
|move|p1a: Ting-Lu|Rest||[from] move: Sleep Talk|[still]
|-fail|p1a: Ting-Lu
|
|-heal|p1a: Ting-Lu|95/100 slp|[from] item: Leftovers
|upkeep
|turn|123
|
|t:|1760335881
|-curestatus|p1a: Ting-Lu|slp|[msg]
|move|p1a: Ting-Lu|Payback|p2a: Alomomola
|-damage|p2a: Alomomola|88/100
|move|p2a: Alomomola|Scald|p1a: Ting-Lu
|-supereffective|p1a: Ting-Lu
|-damage|p1a: Ting-Lu|83/100
|-status|p1a: Ting-Lu|brn
|
|-heal|p1a: Ting-Lu|89/100 brn|[from] item: Leftovers
|-damage|p1a: Ting-Lu|83/100 brn|[from] brn
|upkeep
|turn|124
|
|t:|1760335891
|switch|p2a: Slowking|Slowking-Galar, M|85/100
|move|p1a: Ting-Lu|Rest|p1a: Ting-Lu
|-status|p1a: Ting-Lu|slp|[from] move: Rest
|-heal|p1a: Ting-Lu|100/100 slp|[silent]
|
|upkeep
|turn|125
|
|t:|1760335900
|switch|p2a: Alomomola|Alomomola, M|100/100
|cant|p1a: Ting-Lu|slp
|move|p1a: Ting-Lu|Sleep Talk|p1a: Ting-Lu
|move|p1a: Ting-Lu|Rest||[from] move: Sleep Talk|[still]
|-fail|p1a: Ting-Lu
|
|upkeep
|turn|126
|
|t:|1760335910
|switch|p2a: Slowking|Slowking-Galar, M|100/100
|cant|p1a: Ting-Lu|slp
|
|upkeep
|turn|127
|
|t:|1760335919
|switch|p2a: Alomomola|Alomomola, M|100/100
|-curestatus|p1a: Ting-Lu|slp|[msg]
|move|p1a: Ting-Lu|Earthquake|p2a: Alomomola
|-damage|p2a: Alomomola|79/100
|
|upkeep
|turn|128
|j| Blueflea.N
|inactive|Glinteighty has 120 seconds left.
|
|t:|1760335932
|move|p1a: Ting-Lu|Payback|p2a: Alomomola
|-damage|p2a: Alomomola|70/100
|move|p2a: Alomomola|Scald|p1a: Ting-Lu
|-supereffective|p1a: Ting-Lu
|-damage|p1a: Ting-Lu|88/100
|
|-heal|p1a: Ting-Lu|94/100|[from] item: Leftovers
|upkeep
|turn|129
|inactive|Glinteighty has 120 seconds left.
|
|t:|1760335941
|move|p1a: Ting-Lu|Payback|p2a: Alomomola
|-damage|p2a: Alomomola|60/100
|move|p2a: Alomomola|Scald|p1a: Ting-Lu
|-supereffective|p1a: Ting-Lu
|-damage|p1a: Ting-Lu|82/100
|-status|p1a: Ting-Lu|brn
|
|-heal|p1a: Ting-Lu|88/100 brn|[from] item: Leftovers
|-damage|p1a: Ting-Lu|82/100 brn|[from] brn
|upkeep
|turn|130
|
|t:|1760335951
|switch|p2a: Slowking|Slowking-Galar, M|100/100
|move|p1a: Ting-Lu|Rest|p1a: Ting-Lu
|-status|p1a: Ting-Lu|slp|[from] move: Rest
|-heal|p1a: Ting-Lu|100/100 slp|[silent]
|
|upkeep
|turn|131
|
|t:|1760335960
|switch|p2a: Alomomola|Alomomola, M|93/100
|cant|p1a: Ting-Lu|slp
|move|p1a: Ting-Lu|Sleep Talk|p1a: Ting-Lu
|move|p1a: Ting-Lu|Rest||[from] move: Sleep Talk|[still]
|-fail|p1a: Ting-Lu
|
|upkeep
|turn|132
|
|t:|1760335970
|switch|p2a: Slowking|Slowking-Galar, M|100/100
|cant|p1a: Ting-Lu|slp
|
|upkeep
|turn|133
|
|t:|1760335979
|switch|p2a: Alomomola|Alomomola, M|100/100
|-curestatus|p1a: Ting-Lu|slp|[msg]
|move|p1a: Ting-Lu|Earthquake|p2a: Alomomola
|-damage|p2a: Alomomola|81/100
|
|upkeep
|turn|134
|inactive|Glinteighty has 120 seconds left.
|
|t:|1760335996
|move|p1a: Ting-Lu|Payback|p2a: Alomomola
|-damage|p2a: Alomomola|71/100
|move|p2a: Alomomola|Scald|p1a: Ting-Lu
|-supereffective|p1a: Ting-Lu
|-damage|p1a: Ting-Lu|90/100
|-status|p1a: Ting-Lu|brn
|
|-heal|p1a: Ting-Lu|96/100 brn|[from] item: Leftovers
|-damage|p1a: Ting-Lu|90/100 brn|[from] brn
|upkeep
|turn|135
|
|t:|1760336006
|switch|p2a: Slowking|Slowking-Galar, M|100/100
|move|p1a: Ting-Lu|Rest|p1a: Ting-Lu
|-status|p1a: Ting-Lu|slp|[from] move: Rest
|-heal|p1a: Ting-Lu|100/100 slp|[silent]
|
|upkeep
|turn|136
|inactive|Glinteighty has 120 seconds left.
|
|t:|1760336015
|switch|p2a: Alomomola|Alomomola, M|100/100
|cant|p1a: Ting-Lu|slp
|
|upkeep
|turn|137
|inactive|Glinteighty has 120 seconds left.
|
|t:|1760336024
|switch|p2a: Slowking|Slowking-Galar, M|100/100
|cant|p1a: Ting-Lu|slp
|
|upkeep
|turn|138
|inactive|Glinteighty has 120 seconds left.
|
|t:|1760336033
|switch|p2a: Alomomola|Alomomola, M|100/100
|-curestatus|p1a: Ting-Lu|slp|[msg]
|move|p1a: Ting-Lu|Earthquake|p2a: Alomomola
|-damage|p2a: Alomomola|80/100
|
|upkeep
|turn|139
|
|t:|1760336043
|switch|p1a: Kyurem|Kyurem, tera:Ground|73/100 psn
|-ability|p1a: Kyurem|Pressure
|switch|p2a: Slowking|Slowking-Galar, M|100/100
|
|-damage|p1a: Kyurem|60/100 psn|[from] psn
|upkeep
|turn|140
|
|t:|1760336052
|switch|p1a: Slowking|Slowking-Galar, L99, M|100/100 brn
|move|p2a: Slowking|Psychic Noise|p1a: Slowking
|-damage|p1a: Slowking|83/100 brn
|-start|p1a: Slowking|move: Heal Block
|
|-damage|p1a: Slowking|76/100 brn|[from] brn
|upkeep
|turn|141
|
|t:|1760336062
|switch|p2a: Alomomola|Alomomola, M|100/100
|-prepare|p1a: Slowking|Chilly Reception|[premajor]
|move|p1a: Slowking|Chilly Reception|p1a: Slowking
|-weather|Snowscape
|
|t:|1760336071
|switch|p1a: Kyurem|Kyurem, tera:Ground|60/100 psn|[from] Chilly Reception
|-ability|p1a: Kyurem|Pressure
|
|-weather|Snowscape|[upkeep]
|-damage|p1a: Kyurem|48/100 psn|[from] psn
|upkeep
|turn|142
|
|t:|1760336080
|move|p2a: Alomomola|Protect|p2a: Alomomola
|-singleturn|p2a: Alomomola|Protect
|move|p1a: Kyurem|Freeze-Dry|p2a: Alomomola
|-activate|p2a: Alomomola|move: Protect
|
|-weather|Snowscape|[upkeep]
|-damage|p1a: Kyurem|35/100 psn|[from] psn
|upkeep
|turn|143
|
|t:|1760336089
|switch|p2a: Slowking|Slowking-Galar, M|100/100
|move|p1a: Kyurem|Freeze-Dry|p2a: Slowking
|-damage|p2a: Slowking|80/100
|
|-weather|Snowscape|[upkeep]
|-damage|p1a: Kyurem|23/100 psn|[from] psn
|upkeep
|turn|144
|
|t:|1760336099
|switch|p1a: Ting-Lu|Ting-Lu|100/100
|-ability|p1a: Ting-Lu|Vessel of Ruin
|-prepare|p2a: Slowking|Chilly Reception|[premajor]
|move|p2a: Slowking|Chilly Reception|p2a: Slowking
|
|t:|1760336102
|switch|p2a: Alomomola|Alomomola, M|100/100|[from] Chilly Reception
|
|-weather|Snowscape|[upkeep]
|upkeep
|turn|145
|
|t:|1760336111
|move|p1a: Ting-Lu|Payback|p2a: Alomomola
|-damage|p2a: Alomomola|91/100
|move|p2a: Alomomola|Scald|p1a: Ting-Lu
|-supereffective|p1a: Ting-Lu
|-damage|p1a: Ting-Lu|90/100
|-status|p1a: Ting-Lu|brn
|
|-weather|none
|-heal|p1a: Ting-Lu|96/100 brn|[from] item: Leftovers
|-damage|p1a: Ting-Lu|90/100 brn|[from] brn
|upkeep
|turn|146
|
|t:|1760336121
|switch|p2a: Slowking|Slowking-Galar, M|100/100
|move|p1a: Ting-Lu|Rest|p1a: Ting-Lu
|-status|p1a: Ting-Lu|slp|[from] move: Rest
|-heal|p1a: Ting-Lu|100/100 slp|[silent]
|
|upkeep
|turn|147
|
|t:|1760336130
|switch|p2a: Alomomola|Alomomola, M|100/100
|cant|p1a: Ting-Lu|slp
|move|p1a: Ting-Lu|Sleep Talk|p1a: Ting-Lu
|move|p1a: Ting-Lu|Earthquake|p2a: Alomomola|[from] move: Sleep Talk
|-damage|p2a: Alomomola|80/100
|
|upkeep
|turn|148
|
|t:|1760336140
|switch|p2a: Slowking|Slowking-Galar, M|100/100
|cant|p1a: Ting-Lu|slp
|
|upkeep
|turn|149
|
|t:|1760336149
|switch|p1a: Slowking|Slowking-Galar, L99, M|100/100 brn
|switch|p2a: Alomomola|Alomomola, M|100/100
|
|-damage|p1a: Slowking|94/100 brn|[from] brn
|upkeep
|turn|150
|
|t:|1760336158
|switch|p2a: Slowking|Slowking-Galar, M|100/100
|switch|p1a: Ting-Lu|Ting-Lu|100/100 slp
|-ability|p1a: Ting-Lu|Vessel of Ruin
|
|upkeep
|turn|151
|
|t:|1760336167
|switch|p1a: Slowking|Slowking-Galar, L99, M|100/100 brn
|switch|p2a: Alomomola|Alomomola, M|100/100
|
|-damage|p1a: Slowking|94/100 brn|[from] brn
|upkeep
|turn|152
|
|t:|1760336177
|switch|p2a: Slowking|Slowking-Galar, M|100/100
|switch|p1a: Ting-Lu|Ting-Lu|100/100 slp
|-ability|p1a: Ting-Lu|Vessel of Ruin
|
|upkeep
|turn|153
|l| Blueflea.N
|
|t:|1760336187
|switch|p1a: Slowking|Slowking-Galar, L99, M|100/100 brn
|switch|p2a: Alomomola|Alomomola, M|100/100
|
|-damage|p1a: Slowking|94/100 brn|[from] brn
|upkeep
|turn|154
|
|t:|1760336196
|switch|p1a: Ting-Lu|Ting-Lu|100/100 slp
|-ability|p1a: Ting-Lu|Vessel of Ruin
|move|p2a: Alomomola|Wish|p2a: Alomomola
|
|upkeep
|turn|155
|
|t:|1760336205
|-curestatus|p1a: Ting-Lu|slp|[msg]
|move|p1a: Ting-Lu|Payback|p2a: Alomomola
|-crit|p2a: Alomomola
|-damage|p2a: Alomomola|85/100
|move|p2a: Alomomola|Flip Turn|p1a: Ting-Lu
|-supereffective|p1a: Ting-Lu
|-damage|p1a: Ting-Lu|83/100
|
|t:|1760336210
|switch|p2a: Kyurem|Kyurem|65/100 tox|[from] Flip Turn
|-damage|p2a: Kyurem|41/100 tox|[from] Stealth Rock
|-ability|p2a: Kyurem|Pressure
|
|-heal|p2a: Kyurem|99/100 tox|[from] move: Wish|[wisher] Alomomola
|-heal|p2a: Kyurem|100/100 tox|[from] item: Leftovers
|-heal|p1a: Ting-Lu|89/100|[from] item: Leftovers
|-damage|p2a: Kyurem|94/100 tox|[from] psn
|upkeep
|turn|156
|l| Disscratch
|l| worthless lucker
|
|t:|1760336235
|-terastallize|p2a: Kyurem|Ground
|move|p2a: Kyurem|Freeze-Dry|p1a: Ting-Lu
|-supereffective|p1a: Ting-Lu
|-damage|p1a: Ting-Lu|56/100
|move|p1a: Ting-Lu|Payback|p2a: Kyurem
|-damage|p2a: Kyurem|63/100 tox
|
|-heal|p2a: Kyurem|69/100 tox|[from] item: Leftovers
|-heal|p1a: Ting-Lu|62/100|[from] item: Leftovers
|-damage|p2a: Kyurem|57/100 tox|[from] psn
|upkeep
|turn|157
|j| Narwhale37
|
|t:|1760336244
|switch|p2a: Alomomola|Alomomola, M|100/100
|move|p1a: Ting-Lu|Payback|p2a: Alomomola
|-damage|p2a: Alomomola|90/100
|
|-heal|p1a: Ting-Lu|69/100|[from] item: Leftovers
|upkeep
|turn|158
|
|t:|1760336254
|switch|p1a: Slowking|Slowking-Galar, L99, M|100/100 brn
|switch|p2a: Slowking|Slowking-Galar, M|100/100
|
|-damage|p1a: Slowking|94/100 brn|[from] brn
|upkeep
|turn|159
|
|t:|1760336263
|-prepare|p2a: Slowking|Chilly Reception|[premajor]
|move|p2a: Slowking|Chilly Reception|p2a: Slowking
|-weather|Snowscape
|
|t:|1760336265
|switch|p2a: Kyurem|Kyurem, tera:Ground|57/100 tox|[from] Chilly Reception
|-damage|p2a: Kyurem|51/100 tox|[from] Stealth Rock
|-ability|p2a: Kyurem|Pressure
|-prepare|p1a: Slowking|Chilly Reception|[premajor]
|move|p1a: Slowking|Chilly Reception|p1a: Slowking
|
|t:|1760336275
|switch|p1a: Dondozo|Dondozo, F|100/100 slp|[from] Chilly Reception
|
|-weather|Snowscape|[upkeep]
|-heal|p2a: Kyurem|57/100 tox|[from] item: Leftovers
|-damage|p2a: Kyurem|51/100 tox|[from] psn
|upkeep
|turn|160
|
|t:|1760336284
|switch|p1a: Slowking|Slowking-Galar, L99, M|100/100 brn
|move|p2a: Kyurem|Freeze-Dry|p1a: Slowking
|-damage|p1a: Slowking|75/100 brn
|
|-weather|Snowscape|[upkeep]
|-heal|p2a: Kyurem|57/100 tox|[from] item: Leftovers
|-damage|p2a: Kyurem|45/100 tox|[from] psn
|-damage|p1a: Slowking|69/100 brn|[from] brn
|upkeep
|turn|161
|
|t:|1760336293
|switch|p2a: Slowking|Slowking-Galar, M|100/100
|-prepare|p1a: Slowking|Chilly Reception|[premajor]
|move|p1a: Slowking|Chilly Reception|p1a: Slowking
|
|t:|1760336303
|switch|p1a: Dondozo|Dondozo, F|100/100 slp|[from] Chilly Reception
|
|-weather|Snowscape|[upkeep]
|upkeep
|turn|162
|
|t:|1760336312
|switch|p1a: Corviknight|Corviknight, M|100/100
|-ability|p1a: Corviknight|Pressure
|switch|p2a: Alomomola|Alomomola, M|100/100
|
|-weather|Snowscape|[upkeep]
|upkeep
|turn|163
|
|t:|1760336322
|switch|p2a: Slowking|Slowking-Galar, M|100/100
|move|p1a: Corviknight|U-turn|p2a: Slowking
|-damage|p2a: Slowking|86/100
|
|t:|1760336332
|switch|p1a: Dondozo|Dondozo, F|100/100 slp|[from] U-turn
|
|-weather|none
|upkeep
|turn|164
|
|t:|1760336341
|switch|p1a: Corviknight|Corviknight, M|100/100
|-ability|p1a: Corviknight|Pressure
|switch|p2a: Alomomola|Alomomola, M|100/100
|
|upkeep
|turn|165
|
|t:|1760336351
|switch|p2a: Slowking|Slowking-Galar, M|100/100
|move|p1a: Corviknight|U-turn|p2a: Slowking
|-damage|p2a: Slowking|85/100
|
|t:|1760336360
|switch|p1a: Dondozo|Dondozo, F|100/100 slp|[from] U-turn
|
|upkeep
|turn|166
|
|t:|1760336370
|switch|p1a: Corviknight|Corviknight, M|100/100
|-ability|p1a: Corviknight|Pressure
|switch|p2a: Alomomola|Alomomola, M|100/100
|
|upkeep
|turn|167
|
|t:|1760336379
|switch|p2a: Slowking|Slowking-Galar, M|100/100
|move|p1a: Corviknight|U-turn|p2a: Slowking
|-damage|p2a: Slowking|85/100
|
|t:|1760336389
|switch|p1a: Dondozo|Dondozo, F|100/100 slp|[from] U-turn
|
|upkeep
|turn|168
|
|t:|1760336398
|switch|p1a: Corviknight|Corviknight, M|100/100
|-ability|p1a: Corviknight|Pressure
|switch|p2a: Alomomola|Alomomola, M|100/100
|
|upkeep
|turn|169
|
|t:|1760336407
|switch|p2a: Slowking|Slowking-Galar, M|100/100
|move|p1a: Corviknight|U-turn|p2a: Slowking
|-damage|p2a: Slowking|87/100
|
|t:|1760336417
|switch|p1a: Dondozo|Dondozo, F|100/100 slp|[from] U-turn
|
|upkeep
|turn|170
|
|t:|1760336426
|switch|p1a: Corviknight|Corviknight, M|100/100
|-ability|p1a: Corviknight|Pressure
|switch|p2a: Alomomola|Alomomola, M|100/100
|
|upkeep
|turn|171
|
|t:|1760336436
|switch|p2a: Slowking|Slowking-Galar, M|100/100
|move|p1a: Corviknight|U-turn|p2a: Slowking
|-damage|p2a: Slowking|85/100
|
|t:|1760336445
|switch|p1a: Dondozo|Dondozo, F|100/100 slp|[from] U-turn
|
|upkeep
|turn|172
|
|t:|1760336455
|switch|p1a: Corviknight|Corviknight, M|100/100
|-ability|p1a: Corviknight|Pressure
|switch|p2a: Alomomola|Alomomola, M|100/100
|
|upkeep
|turn|173
|
|t:|1760336464
|switch|p2a: Slowking|Slowking-Galar, M|100/100
|move|p1a: Corviknight|U-turn|p2a: Slowking
|-damage|p2a: Slowking|86/100
|
|t:|1760336474
|switch|p1a: Dondozo|Dondozo, F|100/100 slp|[from] U-turn
|
|upkeep
|turn|174
|
|t:|1760336483
|switch|p1a: Corviknight|Corviknight, M|100/100
|-ability|p1a: Corviknight|Pressure
|switch|p2a: Alomomola|Alomomola, M|100/100
|
|upkeep
|turn|175
|j| Disscratch
|
|t:|1760336492
|switch|p2a: Slowking|Slowking-Galar, M|100/100
|move|p1a: Corviknight|U-turn|p2a: Slowking
|-damage|p2a: Slowking|84/100
|
|t:|1760336502
|switch|p1a: Dondozo|Dondozo, F|100/100 slp|[from] U-turn
|
|upkeep
|turn|176
|
|t:|1760336511
|switch|p1a: Corviknight|Corviknight, M|100/100
|-ability|p1a: Corviknight|Pressure
|switch|p2a: Alomomola|Alomomola, M|100/100
|
|upkeep
|turn|177
|
|t:|1760336521
|switch|p2a: Slowking|Slowking-Galar, M|100/100
|move|p1a: Corviknight|U-turn|p2a: Slowking
|-damage|p2a: Slowking|86/100
|
|t:|1760336530
|switch|p1a: Dondozo|Dondozo, F|100/100 slp|[from] U-turn
|
|upkeep
|turn|178
|
|t:|1760336540
|switch|p1a: Corviknight|Corviknight, M|100/100
|-ability|p1a: Corviknight|Pressure
|switch|p2a: Alomomola|Alomomola, M|100/100
|
|upkeep
|turn|179
|
|t:|1760336549
|switch|p2a: Slowking|Slowking-Galar, M|100/100
|move|p1a: Corviknight|U-turn|p2a: Slowking
|-damage|p2a: Slowking|85/100
|
|t:|1760336559
|switch|p1a: Dondozo|Dondozo, F|100/100 slp|[from] U-turn
|
|upkeep
|turn|180
|
|t:|1760336568
|switch|p1a: Corviknight|Corviknight, M|100/100
|-ability|p1a: Corviknight|Pressure
|switch|p2a: Alomomola|Alomomola, M|100/100
|
|upkeep
|turn|181
|
|t:|1760336578
|switch|p2a: Slowking|Slowking-Galar, M|100/100
|move|p1a: Corviknight|U-turn|p2a: Slowking
|-damage|p2a: Slowking|87/100
|
|t:|1760336587
|switch|p1a: Dondozo|Dondozo, F|100/100 slp|[from] U-turn
|
|upkeep
|turn|182
|
|t:|1760336597
|switch|p1a: Corviknight|Corviknight, M|100/100
|-ability|p1a: Corviknight|Pressure
|switch|p2a: Alomomola|Alomomola, M|100/100
|
|upkeep
|turn|183
|
|t:|1760336606
|switch|p2a: Slowking|Slowking-Galar, M|100/100
|move|p1a: Corviknight|U-turn|p2a: Slowking
|-damage|p2a: Slowking|85/100
|
|t:|1760336616
|switch|p1a: Dondozo|Dondozo, F|100/100 slp|[from] U-turn
|
|upkeep
|turn|184
|
|t:|1760336625
|switch|p1a: Corviknight|Corviknight, M|100/100
|-ability|p1a: Corviknight|Pressure
|switch|p2a: Alomomola|Alomomola, M|100/100
|
|upkeep
|turn|185
|
|t:|1760336634
|switch|p2a: Slowking|Slowking-Galar, M|100/100
|move|p1a: Corviknight|U-turn|p2a: Slowking
|-damage|p2a: Slowking|85/100
|
|t:|1760336644
|switch|p1a: Dondozo|Dondozo, F|100/100 slp|[from] U-turn
|
|upkeep
|turn|186
|
|t:|1760336653
|switch|p1a: Corviknight|Corviknight, M|100/100
|-ability|p1a: Corviknight|Pressure
|switch|p2a: Alomomola|Alomomola, M|100/100
|
|upkeep
|turn|187
|
|t:|1760336662
|switch|p2a: Slowking|Slowking-Galar, M|100/100
|move|p1a: Corviknight|U-turn|p2a: Slowking
|-damage|p2a: Slowking|86/100
|
|t:|1760336672
|switch|p1a: Dondozo|Dondozo, F|100/100 slp|[from] U-turn
|
|upkeep
|turn|188
|
|t:|1760336681
|switch|p1a: Corviknight|Corviknight, M|100/100
|-ability|p1a: Corviknight|Pressure
|switch|p2a: Alomomola|Alomomola, M|100/100
|
|upkeep
|turn|189
|
|t:|1760336691
|switch|p2a: Slowking|Slowking-Galar, M|100/100
|move|p1a: Corviknight|U-turn|p2a: Slowking
|-damage|p2a: Slowking|85/100
|
|t:|1760336700
|switch|p1a: Dondozo|Dondozo, F|100/100 slp|[from] U-turn
|
|upkeep
|turn|190
|
|t:|1760336710
|switch|p1a: Corviknight|Corviknight, M|100/100
|-ability|p1a: Corviknight|Pressure
|switch|p2a: Alomomola|Alomomola, M|100/100
|
|upkeep
|turn|191
|
|t:|1760336719
|switch|p2a: Slowking|Slowking-Galar, M|100/100
|move|p1a: Corviknight|U-turn|p2a: Slowking
|-damage|p2a: Slowking|87/100
|
|t:|1760336729
|switch|p1a: Dondozo|Dondozo, F|100/100 slp|[from] U-turn
|
|upkeep
|turn|192
|
|t:|1760336738
|switch|p1a: Corviknight|Corviknight, M|100/100
|-ability|p1a: Corviknight|Pressure
|switch|p2a: Alomomola|Alomomola, M|100/100
|
|upkeep
|turn|193
|
|t:|1760336747
|switch|p2a: Slowking|Slowking-Galar, M|100/100
|move|p1a: Corviknight|U-turn|p2a: Slowking
|-damage|p2a: Slowking|87/100
|
|t:|1760336757
|switch|p1a: Dondozo|Dondozo, F|100/100 slp|[from] U-turn
|
|upkeep
|turn|194
|
|t:|1760336766
|switch|p1a: Corviknight|Corviknight, M|100/100
|-ability|p1a: Corviknight|Pressure
|switch|p2a: Alomomola|Alomomola, M|100/100
|
|upkeep
|turn|195
|
|t:|1760336776
|switch|p2a: Slowking|Slowking-Galar, M|100/100
|move|p1a: Corviknight|U-turn|p2a: Slowking
|-damage|p2a: Slowking|85/100
|
|t:|1760336785
|switch|p1a: Dondozo|Dondozo, F|100/100 slp|[from] U-turn
|
|upkeep
|turn|196
|
|t:|1760336795
|switch|p1a: Corviknight|Corviknight, M|100/100
|-ability|p1a: Corviknight|Pressure
|switch|p2a: Alomomola|Alomomola, M|100/100
|
|upkeep
|turn|197
|
|t:|1760336804
|switch|p2a: Slowking|Slowking-Galar, M|100/100
|move|p1a: Corviknight|U-turn|p2a: Slowking
|-damage|p2a: Slowking|85/100
|
|t:|1760336814
|switch|p1a: Dondozo|Dondozo, F|100/100 slp|[from] U-turn
|
|upkeep
|turn|198
|
|t:|1760336823
|switch|p1a: Corviknight|Corviknight, M|100/100
|-ability|p1a: Corviknight|Pressure
|switch|p2a: Alomomola|Alomomola, M|100/100
|
|upkeep
|turn|199
|
|t:|1760336832
|switch|p2a: Slowking|Slowking-Galar, M|100/100
|move|p1a: Corviknight|U-turn|p2a: Slowking
|-damage|p2a: Slowking|86/100
|
|t:|1760336842
|switch|p1a: Dondozo|Dondozo, F|100/100 slp|[from] U-turn
|
|upkeep
|turn|200
|
|t:|1760336851
|switch|p1a: Corviknight|Corviknight, M|100/100
|-ability|p1a: Corviknight|Pressure
|switch|p2a: Alomomola|Alomomola, M|100/100
|
|upkeep
|turn|201
|
|t:|1760336860
|switch|p2a: Slowking|Slowking-Galar, M|100/100
|move|p1a: Corviknight|U-turn|p2a: Slowking
|-damage|p2a: Slowking|86/100
|
|t:|1760336870
|switch|p1a: Dondozo|Dondozo, F|100/100 slp|[from] U-turn
|
|upkeep
|turn|202
|
|t:|1760336879
|switch|p1a: Corviknight|Corviknight, M|100/100
|-ability|p1a: Corviknight|Pressure
|switch|p2a: Alomomola|Alomomola, M|100/100
|
|upkeep
|turn|203
|
|t:|1760336889
|switch|p2a: Slowking|Slowking-Galar, M|100/100
|move|p1a: Corviknight|U-turn|p2a: Slowking
|-damage|p2a: Slowking|84/100
|
|t:|1760336899
|switch|p1a: Dondozo|Dondozo, F|100/100 slp|[from] U-turn
|
|upkeep
|turn|204
|
|t:|1760336913
|switch|p1a: Corviknight|Corviknight, M|100/100
|-ability|p1a: Corviknight|Pressure
|switch|p2a: Alomomola|Alomomola, M|100/100
|
|upkeep
|turn|205
|
|t:|1760336923
|switch|p2a: Slowking|Slowking-Galar, M|100/100
|move|p1a: Corviknight|U-turn|p2a: Slowking
|-damage|p2a: Slowking|87/100
|
|t:|1760336933
|switch|p1a: Dondozo|Dondozo, F|100/100 slp|[from] U-turn
|
|upkeep
|turn|206
|
|t:|1760336943
|switch|p1a: Corviknight|Corviknight, M|100/100
|-ability|p1a: Corviknight|Pressure
|switch|p2a: Alomomola|Alomomola, M|100/100
|
|upkeep
|turn|207
|
|t:|1760336952
|switch|p2a: Slowking|Slowking-Galar, M|100/100
|move|p1a: Corviknight|U-turn|p2a: Slowking
|-damage|p2a: Slowking|86/100
|
|t:|1760336962
|switch|p1a: Dondozo|Dondozo, F|100/100 slp|[from] U-turn
|
|upkeep
|turn|208
|
|t:|1760336971
|switch|p1a: Corviknight|Corviknight, M|100/100
|-ability|p1a: Corviknight|Pressure
|switch|p2a: Alomomola|Alomomola, M|100/100
|
|upkeep
|turn|209
|l| Disscratch
|inactive|SpongeGar & Patar has 120 seconds left.
|
|t:|1760336980
|switch|p2a: Slowking|Slowking-Galar, M|100/100
|move|p1a: Corviknight|U-turn|p2a: Slowking
|-damage|p2a: Slowking|86/100
|inactive|SpongeGar & Patar has 120 seconds left.
|
|t:|1760336990
|switch|p1a: Dondozo|Dondozo, F|100/100 slp|[from] U-turn
|
|upkeep
|turn|210
|
|t:|1760336999
|switch|p1a: Corviknight|Corviknight, M|100/100
|-ability|p1a: Corviknight|Pressure
|switch|p2a: Alomomola|Alomomola, M|100/100
|
|upkeep
|turn|211
|
|t:|1760337008
|switch|p2a: Slowking|Slowking-Galar, M|100/100
|move|p1a: Corviknight|U-turn|p2a: Slowking
|-crit|p2a: Slowking
|-damage|p2a: Slowking|79/100
|
|t:|1760337018
|switch|p1a: Dondozo|Dondozo, F|100/100 slp|[from] U-turn
|
|upkeep
|turn|212
|
|t:|1760337028
|switch|p1a: Corviknight|Corviknight, M|100/100
|-ability|p1a: Corviknight|Pressure
|switch|p2a: Alomomola|Alomomola, M|100/100
|
|upkeep
|turn|213
|
|t:|1760337037
|switch|p2a: Slowking|Slowking-Galar, M|100/100
|move|p1a: Corviknight|U-turn|p2a: Slowking
|-damage|p2a: Slowking|87/100
|
|t:|1760337047
|switch|p1a: Dondozo|Dondozo, F|100/100 slp|[from] U-turn
|
|upkeep
|turn|214
|
|t:|1760337056
|switch|p1a: Corviknight|Corviknight, M|100/100
|-ability|p1a: Corviknight|Pressure
|switch|p2a: Alomomola|Alomomola, M|100/100
|
|upkeep
|turn|215
|
|t:|1760337065
|switch|p2a: Slowking|Slowking-Galar, M|100/100
|move|p1a: Corviknight|U-turn|p2a: Slowking
|-damage|p2a: Slowking|86/100
|
|t:|1760337075
|switch|p1a: Dondozo|Dondozo, F|100/100 slp|[from] U-turn
|
|upkeep
|turn|216
|
|t:|1760337084
|switch|p1a: Corviknight|Corviknight, M|100/100
|-ability|p1a: Corviknight|Pressure
|switch|p2a: Alomomola|Alomomola, M|100/100
|
|upkeep
|turn|217
|
|t:|1760337094
|switch|p2a: Slowking|Slowking-Galar, M|100/100
|move|p1a: Corviknight|U-turn|p2a: Slowking
|-damage|p2a: Slowking|87/100
|
|t:|1760337103
|switch|p1a: Dondozo|Dondozo, F|100/100 slp|[from] U-turn
|
|upkeep
|turn|218
|
|t:|1760337113
|switch|p1a: Corviknight|Corviknight, M|100/100
|-ability|p1a: Corviknight|Pressure
|switch|p2a: Alomomola|Alomomola, M|100/100
|
|upkeep
|turn|219
|
|t:|1760337122
|switch|p2a: Slowking|Slowking-Galar, M|100/100
|move|p1a: Corviknight|U-turn|p2a: Slowking
|-damage|p2a: Slowking|86/100
|
|t:|1760337132
|switch|p1a: Dondozo|Dondozo, F|100/100 slp|[from] U-turn
|
|upkeep
|turn|220
|
|t:|1760337141
|switch|p1a: Corviknight|Corviknight, M|100/100
|-ability|p1a: Corviknight|Pressure
|switch|p2a: Alomomola|Alomomola, M|100/100
|
|upkeep
|turn|221
|inactive|SpongeGar & Patar has 90 seconds left.
|
|t:|1760337150
|switch|p1a: Ting-Lu|Ting-Lu|69/100
|-ability|p1a: Ting-Lu|Vessel of Ruin
|switch|p2a: Slowking|Slowking-Galar, M|100/100
|
|-heal|p1a: Ting-Lu|75/100|[from] item: Leftovers
|upkeep
|turn|222
|inactive|SpongeGar & Patar has 90 seconds left.
|
|t:|1760337159
|switch|p2a: Alomomola|Alomomola, M|100/100
|move|p1a: Ting-Lu|Payback|p2a: Alomomola
|-damage|p2a: Alomomola|91/100
|
|-heal|p1a: Ting-Lu|81/100|[from] item: Leftovers
|upkeep
|turn|223
|
|t:|1760337169
|switch|p2a: Slowking|Slowking-Galar, M|100/100
|move|p1a: Ting-Lu|Sleep Talk||[still]
|-fail|p1a: Ting-Lu
|
|-heal|p1a: Ting-Lu|87/100|[from] item: Leftovers
|upkeep
|turn|224
|
|t:|1760337178
|switch|p2a: Alomomola|Alomomola, M|100/100
|move|p1a: Ting-Lu|Payback|p2a: Alomomola
|-damage|p2a: Alomomola|90/100
|
|-heal|p1a: Ting-Lu|93/100|[from] item: Leftovers
|upkeep
|turn|225
|
|t:|1760337188
|switch|p1a: Kyurem|Kyurem, tera:Ground|23/100 psn
|-ability|p1a: Kyurem|Pressure
|switch|p2a: Slowking|Slowking-Galar, M|100/100
|
|-damage|p1a: Kyurem|11/100 psn|[from] psn
|upkeep
|turn|226
|
|t:|1760337197
|switch|p1a: Ting-Lu|Ting-Lu|93/100
|-ability|p1a: Ting-Lu|Vessel of Ruin
|move|p2a: Slowking|Slack Off||[still]
|-fail|p2a: Slowking|heal
|
|-heal|p1a: Ting-Lu|99/100|[from] item: Leftovers
|upkeep
|turn|227
|
|t:|1760337206
|switch|p1a: Dondozo|Dondozo, F|100/100 slp
|move|p2a: Slowking|Sludge Bomb|p1a: Dondozo
|-damage|p1a: Dondozo|67/100 slp
|
|-heal|p1a: Dondozo|73/100 slp|[from] item: Leftovers
|upkeep
|turn|228
|
|t:|1760337218
|switch|p1a: Slowking|Slowking-Galar, L99, M|100/100 brn
|move|p2a: Slowking|Sludge Bomb|p1a: Slowking
|-resisted|p1a: Slowking
|-damage|p1a: Slowking|90/100 brn
|
|-damage|p1a: Slowking|84/100 brn|[from] brn
|upkeep
|turn|229
|
|t:|1760337228
|switch|p2a: Alomomola|Alomomola, M|100/100
|-prepare|p1a: Slowking|Chilly Reception|[premajor]
|move|p1a: Slowking|Chilly Reception|p1a: Slowking
|-weather|Snowscape
|
|t:|1760337237
|switch|p1a: Dondozo|Dondozo, F|73/100 slp|[from] Chilly Reception
|
|-weather|Snowscape|[upkeep]
|-heal|p1a: Dondozo|79/100 slp|[from] item: Leftovers
|upkeep
|turn|230
|
|t:|1760337246
|switch|p2a: Slowking|Slowking-Galar, M|100/100
|cant|p1a: Dondozo|slp
|
|-weather|Snowscape|[upkeep]
|-heal|p1a: Dondozo|85/100 slp|[from] item: Leftovers
|upkeep
|turn|231
|
|t:|1760337256
|switch|p1a: Slowking|Slowking-Galar, L99, M|100/100 brn
|switch|p2a: Alomomola|Alomomola, M|100/100
|
|-weather|Snowscape|[upkeep]
|-damage|p1a: Slowking|94/100 brn|[from] brn
|upkeep
|turn|232
|inactive|SpongeGar & Patar has 60 seconds left.
|
|t:|1760337265
|switch|p2a: Slowking|Slowking-Galar, M|100/100
|switch|p1a: Dondozo|Dondozo, F|85/100 slp
|
|-weather|Snowscape|[upkeep]
|-heal|p1a: Dondozo|91/100 slp|[from] item: Leftovers
|upkeep
|turn|233
|inactive|SpongeGar & Patar has 60 seconds left.
|
|t:|1760337275
|switch|p1a: Slowking|Slowking-Galar, L99, M|100/100 brn
|switch|p2a: Alomomola|Alomomola, M|100/100
|
|-weather|none
|-damage|p1a: Slowking|94/100 brn|[from] brn
|upkeep
|turn|234
|
|t:|1760337284
|switch|p2a: Slowking|Slowking-Galar, M|100/100
|switch|p1a: Dondozo|Dondozo, F|91/100 slp
|
|-heal|p1a: Dondozo|97/100 slp|[from] item: Leftovers
|upkeep
|turn|235
|
|t:|1760337293
|switch|p1a: Slowking|Slowking-Galar, L99, M|100/100 brn
|switch|p2a: Alomomola|Alomomola, M|100/100
|
|-damage|p1a: Slowking|94/100 brn|[from] brn
|upkeep
|turn|236
|
|t:|1760337302
|switch|p2a: Slowking|Slowking-Galar, M|100/100
|switch|p1a: Dondozo|Dondozo, F|97/100 slp
|
|-heal|p1a: Dondozo|100/100 slp|[from] item: Leftovers
|upkeep
|turn|237
|
|t:|1760337312
|switch|p1a: Slowking|Slowking-Galar, L99, M|100/100 brn
|switch|p2a: Alomomola|Alomomola, M|100/100
|
|-damage|p1a: Slowking|94/100 brn|[from] brn
|upkeep
|turn|238
|
|t:|1760337321
|switch|p2a: Slowking|Slowking-Galar, M|100/100
|switch|p1a: Ting-Lu|Ting-Lu|99/100
|-ability|p1a: Ting-Lu|Vessel of Ruin
|
|-heal|p1a: Ting-Lu|100/100|[from] item: Leftovers
|upkeep
|turn|239
|
|t:|1760337330
|switch|p1a: Dondozo|Dondozo, F|100/100 slp
|switch|p2a: Alomomola|Alomomola, M|100/100
|
|upkeep
|turn|240
|
|t:|1760337340
|switch|p2a: Slowking|Slowking-Galar, M|100/100
|cant|p1a: Dondozo|slp
|
|upkeep
|turn|241
|j| SupaGmoney
|
|t:|1760337349
|switch|p2a: Alomomola|Alomomola, M|100/100
|-curestatus|p1a: Dondozo|slp|[msg]
|move|p1a: Dondozo|Waterfall|p2a: Alomomola
|-resisted|p2a: Alomomola
|-damage|p2a: Alomomola|93/100
|
|upkeep
|turn|242
|c| SupaGmoney|type /offerdraw
Glinteighty is offering a tie.
|
|t:|1760337360
|switch|p2a: Slowking|Slowking-Galar, M|100/100
|switch|p1a: Slowking|Slowking-Galar, L99, M|100/100 brn
|
|-damage|p1a: Slowking|94/100 brn|[from] brn
|upkeep
|turn|243
|
|t:|1760337369
|switch|p2a: Alomomola|Alomomola, M|100/100
|-prepare|p1a: Slowking|Chilly Reception|[premajor]
|move|p1a: Slowking|Chilly Reception|p1a: Slowking
|-weather|Snowscape
|
|t:|1760337378
|switch|p1a: Dondozo|Dondozo, F|100/100|[from] Chilly Reception
|
|-weather|Snowscape|[upkeep]
|upkeep
|turn|244
|c| SupaGmoney|bro rlly wants to swap back and forth for 1k turns
|c|☆Glinteighty|says I'm offering a tie on my end
|
|t:|1760337389
|switch|p2a: Slowking|Slowking-Galar, M|100/100
|switch|p1a: Slowking|Slowking-Galar, L99, M|100/100 brn
|
|-weather|Snowscape|[upkeep]
|-damage|p1a: Slowking|94/100 brn|[from] brn
|upkeep
|turn|245
|c| SupaGmoney|yea he has to accept
|inactive|SpongeGar & Patar has 30 seconds left.
|
|t:|1760337401
|switch|p2a: Alomomola|Alomomola, M|100/100
|-prepare|p1a: Slowking|Chilly Reception|[premajor]
|move|p1a: Slowking|Chilly Reception|p1a: Slowking
|inactive|SpongeGar & Patar has 30 seconds left.
|
|t:|1760337410
|switch|p1a: Dondozo|Dondozo, F|100/100|[from] Chilly Reception
|
|-weather|Snowscape|[upkeep]
|upkeep
|turn|246
|inactive|SpongeGar & Patar has 30 seconds left this turn.
Glinteighty is offering a tie.
|
|t:|1760337419
|switch|p2a: Slowking|Slowking-Galar, M|100/100
|switch|p1a: Slowking|Slowking-Galar, L99, M|100/100 brn
|
|-weather|Snowscape|[upkeep]
|-damage|p1a: Slowking|94/100 brn|[from] brn
|upkeep
|turn|247
|inactive|SpongeGar & Patar has 30 seconds left this turn.
Glinteighty is offering a tie.
|
|t:|1760337429
|switch|p2a: Alomomola|Alomomola, M|100/100
|-prepare|p1a: Slowking|Chilly Reception|[premajor]
|move|p1a: Slowking|Chilly Reception|p1a: Slowking
|inactive|SpongeGar & Patar has 30 seconds left this turn.
|
|t:|1760337438
|switch|p1a: Dondozo|Dondozo, F|100/100|[from] Chilly Reception
|
|-weather|none
|upkeep
|turn|248
|inactive|SpongeGar & Patar has 30 seconds left this turn.
|
|t:|1760337447
|switch|p2a: Slowking|Slowking-Galar, M|100/100
|switch|p1a: Slowking|Slowking-Galar, L99, M|100/100 brn
|
|-damage|p1a: Slowking|94/100 brn|[from] brn
|upkeep
|turn|249
|inactive|SpongeGar & Patar has 25 seconds left this turn.
|inactive|SpongeGar & Patar has 20 seconds left.
|
|t:|1760337457
|switch|p2a: Alomomola|Alomomola, M|100/100
|-prepare|p1a: Slowking|Chilly Reception|[premajor]
|move|p1a: Slowking|Chilly Reception|p1a: Slowking
|-weather|Snowscape
|inactive|SpongeGar & Patar has 25 seconds left this turn.
|inactive|SpongeGar & Patar has 20 seconds left.
|
|t:|1760337466
|switch|p1a: Dondozo|Dondozo, F|100/100|[from] Chilly Reception
|
|-weather|Snowscape|[upkeep]
|upkeep
|turn|250
|inactive|SpongeGar & Patar has 20 seconds left this turn.
|c| SupaGmoney|he literally cannot win idk why he wouldnt take it
|inactive|SpongeGar & Patar has 15 seconds left.
|
|t:|1760337475
|switch|p2a: Slowking|Slowking-Galar, M|100/100
|switch|p1a: Slowking|Slowking-Galar, L99, M|100/100 brn
|
|-weather|Snowscape|[upkeep]
|-damage|p1a: Slowking|94/100 brn|[from] brn
|upkeep
|turn|251
|inactive|SpongeGar & Patar has 20 seconds left this turn.
|inactive|SpongeGar & Patar has 15 seconds left.
|c|☆Glinteighty|I mean I could get bored and quit
|
|t:|1760337484
|switch|p2a: Alomomola|Alomomola, M|100/100
|-prepare|p1a: Slowking|Chilly Reception|[premajor]
|move|p1a: Slowking|Chilly Reception|p1a: Slowking
|inactive|SpongeGar & Patar has 20 seconds left this turn.
|c| SupaGmoney|ig
|inactive|SpongeGar & Patar has 15 seconds left.
|
|t:|1760337494
|switch|p1a: Dondozo|Dondozo, F|100/100|[from] Chilly Reception
|
|-weather|Snowscape|[upkeep]
|upkeep
|turn|252
|inactive|SpongeGar & Patar has 20 seconds left this turn.
|inactive|SpongeGar & Patar has 15 seconds left.
|
|t:|1760337503
|switch|p2a: Slowking|Slowking-Galar, M|100/100
|switch|p1a: Slowking|Slowking-Galar, L99, M|100/100 brn
|
|-weather|Snowscape|[upkeep]
|-damage|p1a: Slowking|94/100 brn|[from] brn
|upkeep
|turn|253
|inactive|SpongeGar & Patar has 15 seconds left this turn.
|inactive|SpongeGar & Patar has 10 seconds left.
|
|t:|1760337514
|switch|p2a: Alomomola|Alomomola, M|100/100
|-prepare|p1a: Slowking|Chilly Reception|[premajor]
|move|p1a: Slowking|Chilly Reception|p1a: Slowking
|inactive|SpongeGar & Patar has 15 seconds left this turn.
|c|☆Glinteighty|i sat through all 32 uturns though
|inactive|SpongeGar & Patar has 10 seconds left.
|c| SupaGmoney|lol yea
|
|t:|1760337523
|switch|p1a: Dondozo|Dondozo, F|100/100|[from] Chilly Reception
|
|-weather|none
|upkeep
|turn|254
|inactive|SpongeGar & Patar has 10 seconds left this turn.
|c|☆Glinteighty|sunk cost fallacy is keeping me her all night
|inactive|SpongeGar & Patar has 5 seconds left.
|
|t:|1760337532
|switch|p2a: Slowking|Slowking-Galar, M|100/100
|switch|p1a: Slowking|Slowking-Galar, L99, M|100/100 brn
|
|-damage|p1a: Slowking|94/100 brn|[from] brn
|upkeep
|turn|255
|inactive|SpongeGar & Patar has 10 seconds left this turn.
|inactive|SpongeGar & Patar has 5 seconds left.
|
|t:|1760337542
|switch|p2a: Alomomola|Alomomola, M|100/100
|-prepare|p1a: Slowking|Chilly Reception|[premajor]
|move|p1a: Slowking|Chilly Reception|p1a: Slowking
|-weather|Snowscape
|inactive|SpongeGar & Patar has 10 seconds left this turn.
|inactive|SpongeGar & Patar has 5 seconds left.
|
|t:|1760337551
|switch|p1a: Dondozo|Dondozo, F|100/100|[from] Chilly Reception
|
|-weather|Snowscape|[upkeep]
|upkeep
|turn|256
|inactive|SpongeGar & Patar has 10 seconds left this turn.
|inactive|SpongeGar & Patar has 5 seconds left.
|
|t:|1760337560
|switch|p2a: Slowking|Slowking-Galar, M|100/100
|switch|p1a: Slowking|Slowking-Galar, L99, M|100/100 brn
|
|-weather|Snowscape|[upkeep]
|-damage|p1a: Slowking|94/100 brn|[from] brn
|upkeep
|turn|257
|inactive|SpongeGar & Patar has 5 seconds left this turn.
|-message|SpongeGar & Patar lost due to inactivity.
|
|win|Glinteighty
|raw|SpongeGar &amp; Patar's rating: 1805 &rarr; <strong>1779</strong><br />(-26 for losing)
|raw|Glinteighty's rating: 1700 &rarr; <strong>1726</strong><br />(+26 for winning)
|l|☆SpongeGar & Patar
|player|p1|
|c| SupaGmoney|clown lol
|c| SupaGmoney|coulda just tied
|c|☆Glinteighty|free 26 points lol
|c|☆Glinteighty|only took 257 turns
|c| SupaGmoney|we take those
|l|☆Glinteighty
|player|p2|
