|j|☆themxst
|j|☆DeadlockedTheory
|t:|1760307847
|gametype|singles
|player|p1|themxst|101|1500
|player|p2|DeadlockedTheory|1|1554
|gen|9
|tier|[Gen 9] OU
|rated|
|rule|HP Percentage Mod: HP is shown in percentages
|rule|Endless Battle Clause: Forcing endless battles is banned
|rule|Species Clause: Limit one of each Pokémon
|rule|OHKO Clause: OHKO moves are banned
|rule|Evasion Items Clause: Evasion items are banned
|rule|Evasion Moves Clause: Evasion moves are banned
|rule|Evasion Abilities Clause: Evasion abilities are banned
|rule|Sleep Moves Clause: Sleep-inducing moves are banned
|clearpoke
|poke|p1|Torkoal, F|
|poke|p1|Azelf|
|poke|p1|Lilligant-Hisui, F|
|poke|p1|Great Tusk|
|poke|p1|Walking Wake|
|poke|p1|Diancie|
|poke|p2|Lokix, M|
|poke|p2|Cinderace, F|
|poke|p2|Great Tusk|
|poke|p2|Alomomola, M|
|poke|p2|Enamorus, F|
|poke|p2|Slowking-Galar, F|
|teampreview
|
|t:|1760307856
|teamsize|p1|6
|teamsize|p2|6
|start
|switch|p1a: Diancie|Diancie|100/100
|switch|p2a: Lokix|Lokix, M|100/100
|turn|1
|
|t:|1760307864
|-terastallize|p2a: Lokix|Bug
|move|p2a: Lokix|U-turn|p1a: Diancie
|-resisted|p1a: Diancie
|-damage|p1a: Diancie|43/100
|
|t:|1760307872
|switch|p2a: Alomomola|Alomomola, M|100/100|[from] U-turn
|move|p1a: Diancie|Trick Room|p1a: Diancie
|-fieldstart|move: Trick Room|[of] p1a: Diancie
|
|-heal|p1a: Diancie|49/100|[from] item: Leftovers
|upkeep
|turn|2
|
|t:|1760307881
|move|p1a: Diancie|Calm Mind|p1a: Diancie
|-boost|p1a: Diancie|spa|1
|-boost|p1a: Diancie|spd|1
|move|p2a: Alomomola|Flip Turn|p1a: Diancie
|-supereffective|p1a: Diancie
|-damage|p1a: Diancie|23/100
|
|t:|1760307889
|switch|p2a: Lokix|Lokix, M, tera:Bug|100/100|[from] Flip Turn
|
|-heal|p1a: Diancie|29/100|[from] item: Leftovers
|upkeep
|turn|3
|
|t:|1760307900
|move|p2a: Lokix|First Impression|p1a: Diancie
|-resisted|p1a: Diancie
|-damage|p1a: Diancie|0 fnt
|faint|p1a: Diancie
|
|upkeep
|
|t:|1760307904
|switch|p1a: Torkoal|Torkoal, F|100/100
|-weather|SunnyDay|[from] ability: Drought|[of] p1a: Torkoal
|turn|4
|
|t:|1760307915
|switch|p2a: Alomomola|Alomomola, M|100/100
|move|p1a: Torkoal|Will-O-Wisp|p2a: Alomomola
|-status|p2a: Alomomola|brn
|
|-weather|SunnyDay|[upkeep]
|-damage|p2a: Alomomola|94/100 brn|[from] brn
|upkeep
|turn|5
|
|t:|1760307933
|move|p1a: Torkoal|Solar Beam||[still]
|-prepare|p1a: Torkoal|Solar Beam
|-anim|p1a: Torkoal|Solar Beam|p2a: Alomomola
|-supereffective|p2a: Alomomola
|-damage|p2a: Alomomola|61/100 brn
|move|p2a: Alomomola|Body Slam|p1a: Torkoal
|-damage|p1a: Torkoal|95/100
|
|-weather|SunnyDay|[upkeep]
|-damage|p2a: Alomomola|55/100 brn|[from] brn
|-fieldend|move: Trick Room
|upkeep
|turn|6
|
|t:|1760307943
|move|p1a: Torkoal|Eruption|p2a: Alomomola
|-resisted|p2a: Alomomola
|-damage|p2a: Alomomola|34/100 brn
|move|p2a: Alomomola|Mirror Coat|p1a: Torkoal
|-damage|p1a: Torkoal|29/100
|
|-weather|SunnyDay|[upkeep]
|-damage|p2a: Alomomola|28/100 brn|[from] brn
|upkeep
|turn|7
|
|t:|1760307961
|switch|p2a: Cinderace|Cinderace, F|100/100
|move|p1a: Torkoal|Solar Beam||[still]
|-prepare|p1a: Torkoal|Solar Beam
|-anim|p1a: Torkoal|Solar Beam|p2a: Cinderace
|-resisted|p2a: Cinderace
|-damage|p2a: Cinderace|81/100
|
|-weather|SunnyDay|[upkeep]
|upkeep
|turn|8
|
|t:|1760307970
|switch|p1a: Walking Wake|Walking Wake|100/100
|-activate|p1a: Walking Wake|ability: Protosynthesis
|-start|p1a: Walking Wake|protosynthesisspe
|move|p2a: Cinderace|Pyro Ball|p1a: Walking Wake
|-resisted|p1a: Walking Wake
|-damage|p1a: Walking Wake|82/100
|
|-weather|SunnyDay|[upkeep]
|upkeep
|turn|9
|
|t:|1760307998
|switch|p2a: Alomomola|Alomomola, M|61/100 brn
|move|p1a: Walking Wake|Hydro Steam|p2a: Alomomola
|-resisted|p2a: Alomomola
|-damage|p2a: Alomomola|38/100 brn
|
|-weather|SunnyDay|[upkeep]
|-damage|p2a: Alomomola|32/100 brn|[from] brn
|upkeep
|turn|10
|
|t:|1760308014
|move|p1a: Walking Wake|Hydro Steam|p2a: Alomomola
|-resisted|p2a: Alomomola
|-damage|p2a: Alomomola|11/100 brn
|move|p2a: Alomomola|Flip Turn|p1a: Walking Wake
|-resisted|p1a: Walking Wake
|-damage|p1a: Walking Wake|81/100
|
|t:|1760308027
|switch|p2a: Slowking|Slowking-Galar, F|100/100|[from] Flip Turn
|
|-weather|SunnyDay|[upkeep]
|upkeep
|turn|11
|
|t:|1760308056
|-end|p1a: Walking Wake|Protosynthesis|[silent]
|switch|p1a: Great Tusk|Great Tusk|100/100
|-activate|p1a: Great Tusk|ability: Protosynthesis
|-start|p1a: Great Tusk|protosynthesisdef
|move|p2a: Slowking|Sludge Bomb|p1a: Great Tusk
|-resisted|p1a: Great Tusk
|-damage|p1a: Great Tusk|79/100
|
|-weather|none
|-end|p1a: Great Tusk|Protosynthesis
|-heal|p1a: Great Tusk|85/100|[from] item: Leftovers
|upkeep
|turn|12
|
|t:|1760308067
|move|p1a: Great Tusk|Knock Off|p2a: Slowking
|-supereffective|p2a: Slowking
|-damage|p2a: Slowking|63/100
|-enditem|p2a: Slowking|Shuca Berry|[from] move: Knock Off|[of] p1a: Great Tusk
|move|p2a: Slowking|Ice Beam|p1a: Great Tusk
|-supereffective|p1a: Great Tusk
|-damage|p1a: Great Tusk|31/100
|
|-heal|p1a: Great Tusk|38/100|[from] item: Leftovers
|upkeep
|turn|13
|
|t:|1760308077
|switch|p2a: Enamorus|Enamorus, F|100/100
|move|p1a: Great Tusk|Stealth Rock|p2a: Enamorus
|-sidestart|p2: DeadlockedTheory|move: Stealth Rock
|
|-heal|p1a: Great Tusk|44/100|[from] item: Leftovers
|upkeep
|turn|14
|
|t:|1760308093
|move|p2a: Enamorus|Moonblast|p1a: Great Tusk
|-supereffective|p1a: Great Tusk
|-damage|p1a: Great Tusk|0 fnt
|faint|p1a: Great Tusk
|-end|p1a: Great Tusk|Protosynthesis|[silent]
|
|upkeep
|
|t:|1760308101
|switch|p1a: Torkoal|Torkoal, F|29/100
|-weather|SunnyDay|[from] ability: Drought|[of] p1a: Torkoal
|turn|15
|
|t:|1760308106
|move|p2a: Enamorus|Moonblast|p1a: Torkoal
|-resisted|p1a: Torkoal
|-damage|p1a: Torkoal|0 fnt
|faint|p1a: Torkoal
|
|-weather|SunnyDay|[upkeep]
|upkeep
|
|t:|1760308120
|switch|p1a: Lilligant|Lilligant-Hisui, F|100/100
|turn|16
|
|t:|1760308162
|switch|p2a: Slowking|Slowking-Galar, F|96/100
|-damage|p2a: Slowking|84/100|[from] Stealth Rock
|move|p1a: Lilligant|Triple Axel|p2a: Slowking|[miss]
|-miss|p1a: Lilligant|p2a: Slowking
|
|-weather|SunnyDay|[upkeep]
|upkeep
|turn|17
|
|t:|1760308176
|move|p1a: Lilligant|Triple Axel|p2a: Slowking
|-crit|p2a: Slowking
|-damage|p2a: Slowking|73/100
|-damage|p2a: Slowking|61/100
|-damage|p2a: Slowking|44/100
|-hitcount|p2a: Slowking|3
|-damage|p1a: Lilligant|91/100|[from] item: Life Orb
|move|p2a: Slowking|Sludge Bomb|p1a: Lilligant
|-supereffective|p1a: Lilligant
|-damage|p1a: Lilligant|0 fnt
|faint|p1a: Lilligant
|
|-weather|SunnyDay|[upkeep]
|upkeep
|
|t:|1760308186
|switch|p1a: Walking Wake|Walking Wake|81/100
|-activate|p1a: Walking Wake|ability: Protosynthesis
|-start|p1a: Walking Wake|protosynthesisspe
|turn|18
|
|t:|1760308199
|move|p1a: Walking Wake|Hydro Steam|p2a: Slowking
|-damage|p2a: Slowking|0 fnt
|faint|p2a: Slowking
|
|-weather|SunnyDay|[upkeep]
|upkeep
|
|t:|1760308206
|switch|p2a: Alomomola|Alomomola, M|44/100 brn
|-damage|p2a: Alomomola|32/100 brn|[from] Stealth Rock
|turn|19
|
|t:|1760308217
|switch|p2a: Great Tusk|Great Tusk|100/100
|-damage|p2a: Great Tusk|98/100|[from] Stealth Rock
|-activate|p2a: Great Tusk|ability: Protosynthesis
|-start|p2a: Great Tusk|protosynthesisdef
|move|p1a: Walking Wake|Hydro Steam|p2a: Great Tusk
|-supereffective|p2a: Great Tusk
|-damage|p2a: Great Tusk|0 fnt
|faint|p2a: Great Tusk
|-end|p2a: Great Tusk|Protosynthesis|[silent]
|
|-weather|SunnyDay|[upkeep]
|upkeep
|
|t:|1760308230
|switch|p2a: Alomomola|Alomomola, M|65/100 brn
|-damage|p2a: Alomomola|53/100 brn|[from] Stealth Rock
|turn|20
|
|t:|1760308241
|-end|p1a: Walking Wake|Protosynthesis|[silent]
|switch|p1a: Azelf|Azelf|100/100
|move|p2a: Alomomola|Mirror Coat||[still]
|-fail|p2a: Alomomola
|
|-weather|SunnyDay|[upkeep]
|-damage|p2a: Alomomola|47/100 brn|[from] brn
|upkeep
|turn|21
|
|t:|1760308250
|switch|p2a: Lokix|Lokix, M, tera:Bug|100/100
|-damage|p2a: Lokix|76/100|[from] Stealth Rock
|move|p1a: Azelf|Nasty Plot|p1a: Azelf
|-boost|p1a: Azelf|spa|2
|
|-weather|SunnyDay|[upkeep]
|upkeep
|turn|22
|
|t:|1760308259
|-terastallize|p1a: Azelf|Fairy
|move|p2a: Lokix|First Impression|p1a: Azelf
|-resisted|p1a: Azelf
|-damage|p1a: Azelf|0 fnt
|faint|p1a: Azelf
|
|-weather|none
|upkeep
|c|☆themxst|Damn just had to pray
|
|t:|1760308269
|switch|p1a: Walking Wake|Walking Wake|81/100
|turn|23
|c|☆DeadlockedTheory|Yeah
|c|☆DeadlockedTheory|gg
|
|t:|1760308280
|switch|p2a: Alomomola|Alomomola, M|80/100 brn
|-damage|p2a: Alomomola|68/100 brn|[from] Stealth Rock
|move|p1a: Walking Wake|Hydro Steam|p2a: Alomomola
|-resisted|p2a: Alomomola
|-crit|p2a: Alomomola
|-damage|p2a: Alomomola|45/100 brn
|
|-damage|p2a: Alomomola|38/100 brn|[from] brn
|upkeep
|turn|24
|
|t:|1760308290
|move|p1a: Walking Wake|Hydro Steam|p2a: Alomomola
|-resisted|p2a: Alomomola
|-damage|p2a: Alomomola|24/100 brn
|move|p2a: Alomomola|Mirror Coat|p1a: Walking Wake
|-damage|p1a: Walking Wake|36/100
|
|-damage|p2a: Alomomola|18/100 brn|[from] brn
|upkeep
|turn|25
|
|t:|1760308299
|move|p1a: Walking Wake|Hydro Steam|p2a: Alomomola
|-resisted|p2a: Alomomola
|-damage|p2a: Alomomola|4/100 brn
|move|p2a: Alomomola|Flip Turn|p1a: Walking Wake
|-resisted|p1a: Walking Wake
|-damage|p1a: Walking Wake|33/100
|-message|themxst forfeited.
|
|win|DeadlockedTheory
|raw|themxst's rating: 1500 &rarr; <strong>1483</strong><br />(-17 for losing)
|raw|DeadlockedTheory's rating: 1554 &rarr; <strong>1571</strong><br />(+17 for winning)
|l|☆themxst
|player|p1|
