|j|☆great team haver
|j|☆Sheeeesus
|t:|1760419932
|gametype|singles
|player|p1|great team haver|skierf|1361
|player|p2|Sheeeesus|ghetsis|1328
|gen|9
|tier|[Gen 9] OU
|rated|
|rule|HP Percentage Mod: HP is shown in percentages
|rule|Endless Battle Clause: Forcing endless battles is banned
|rule|Species Clause: Limit one of each Pokémon
|rule|OHKO Clause: OHKO moves are banned
|rule|Evasion Items Clause: Evasion items are banned
|rule|Evasion Moves Clause: Evasion moves are banned
|rule|Evasion Abilities Clause: Evasion abilities are banned
|rule|Sleep Moves Clause: Sleep-inducing moves are banned
|clearpoke
|poke|p1|Toucannon, F|
|poke|p1|Iron Crown|
|poke|p1|Garganacl, F|
|poke|p1|Suicune|
|poke|p1|Fezandipiti, M|
|poke|p1|Toedscruel, M|
|poke|p2|Garchomp, M|
|poke|p2|Darkrai|
|poke|p2|Gholdengo|
|poke|p2|Ogerpon-Wellspring, F|
|poke|p2|Iron Valiant|
|poke|p2|Iron Treads|
|teampreview
|inactive|Battle timer is ON: inactive players will automatically lose when time's up. (requested by great team haver)
|
|t:|1760419938
|teamsize|p1|6
|teamsize|p2|6
|start
|switch|p1a: Toucannon|Toucannon, F|100/100
|switch|p2a: Garchomp|Garchomp, M|100/100
|turn|1
|
|t:|1760419944
|move|p2a: Garchomp|Stealth Rock|p1a: Toucannon
|-sidestart|p1: great team haver|move: Stealth Rock
|move|p1a: Toucannon|Swords Dance|p1a: Toucannon
|-boost|p1a: Toucannon|atk|2
|
|upkeep
|turn|2
|
|t:|1760419947
|-singleturn|p1a: Toucannon|move: Beak Blast
|move|p1a: Toucannon|Beak Blast|p2a: Garchomp
|-damage|p2a: Garchomp|53/100
|move|p2a: Garchomp|Dragon Tail|p1a: Toucannon
|-damage|p1a: Toucannon|81/100
|-damage|p2a: Garchomp|37/100|[from] item: Rocky Helmet|[of] p1a: Toucannon
|drag|p1a: Fezandipiti|Fezandipiti, M|100/100
|-damage|p1a: Fezandipiti|88/100|[from] Stealth Rock
|
|-heal|p1a: Fezandipiti|94/100|[from] item: Black Sludge
|upkeep
|turn|3
|
|t:|1760419958
|switch|p1a: Toucannon|Toucannon, F|81/100
|-damage|p1a: Toucannon|56/100|[from] Stealth Rock
|move|p2a: Garchomp|Spikes|p1a: Toucannon
|-sidestart|p1: great team haver|Spikes
|
|upkeep
|turn|4
|c|☆Sheeeesus|bro what is this set lmao
|
|t:|1760419975
|move|p2a: Garchomp|Spikes|p1a: Toucannon
|-sidestart|p1: great team haver|Spikes
|move|p1a: Toucannon|Roost|p1a: Toucannon
|-heal|p1a: Toucannon|100/100
|-singleturn|p1a: Toucannon|move: Roost
|
|upkeep
|turn|5
|
|t:|1760419979
|-singleturn|p1a: Toucannon|move: Beak Blast
|move|p1a: Toucannon|Beak Blast|p2a: Garchomp
|-damage|p2a: Garchomp|13/100
|move|p2a: Garchomp|Dragon Tail|p1a: Toucannon
|-damage|p1a: Toucannon|80/100
|-damage|p2a: Garchomp|0 fnt|[from] item: Rocky Helmet|[of] p1a: Toucannon
|faint|p2a: Garchomp
|drag|p1a: Toedscruel|Toedscruel, M|100/100
|-damage|p1a: Toedscruel|94/100|[from] Stealth Rock
|-damage|p1a: Toedscruel|78/100|[from] Spikes
|
|upkeep
|
|t:|1760419992
|switch|p2a: Gholdengo|Gholdengo|100/100
|-item|p2a: Gholdengo|Air Balloon
|turn|6
|
|t:|1760419998
|move|p1a: Toedscruel|Giga Drain|p2a: Gholdengo
|-resisted|p2a: Gholdengo
|-damage|p2a: Gholdengo|86/100
|-heal|p1a: Toedscruel|85/100|[from] drain|[of] p2a: Gholdengo
|-enditem|p2a: Gholdengo|Air Balloon
|move|p2a: Gholdengo|Hex|p1a: Toedscruel
|-damage|p1a: Toedscruel|70/100
|
|upkeep
|turn|7
|
|t:|1760420012
|move|p1a: Toedscruel|Earth Power|p2a: Gholdengo
|-supereffective|p2a: Gholdengo
|-damage|p2a: Gholdengo|14/100
|-unboost|p2a: Gholdengo|spd|1
|move|p2a: Gholdengo|Hex|p1a: Toedscruel
|-damage|p1a: Toedscruel|56/100
|
|upkeep
|turn|8
|
|t:|1760420023
|switch|p2a: Darkrai|Darkrai|100/100
|move|p1a: Toedscruel|Rapid Spin|p2a: Darkrai
|-damage|p2a: Darkrai|91/100
|-boost|p1a: Toedscruel|spe|1
|-sideend|p1: great team haver|Spikes|[from] move: Rapid Spin|[of] p1a: Toedscruel
|-sideend|p1: great team haver|Stealth Rock|[from] move: Rapid Spin|[of] p1a: Toedscruel
|
|upkeep
|turn|9
|
|t:|1760420028
|move|p2a: Darkrai|Ice Beam|p1a: Toedscruel
|-supereffective|p1a: Toedscruel
|-damage|p1a: Toedscruel|0 fnt
|faint|p1a: Toedscruel
|
|upkeep
|
|t:|1760420031
|switch|p1a: Iron Crown|Iron Crown|100/100
|turn|10
|
|t:|1760420036
|move|p2a: Darkrai|Dark Pulse|p1a: Iron Crown
|-supereffective|p1a: Iron Crown
|-damage|p1a: Iron Crown|47/100
|move|p1a: Iron Crown|Substitute|p1a: Iron Crown
|-start|p1a: Iron Crown|Substitute
|-damage|p1a: Iron Crown|22/100
|
|-heal|p1a: Iron Crown|29/100|[from] item: Leftovers
|upkeep
|turn|11
|
|t:|1760420041
|-terastallize|p1a: Iron Crown|Steel
|move|p2a: Darkrai|Dark Pulse|p1a: Iron Crown
|-end|p1a: Iron Crown|Substitute
|move|p1a: Iron Crown|Calm Mind|p1a: Iron Crown
|-boost|p1a: Iron Crown|spa|1
|-boost|p1a: Iron Crown|spd|1
|
|-heal|p1a: Iron Crown|35/100|[from] item: Leftovers
|upkeep
|turn|12
|
|t:|1760420046
|move|p2a: Darkrai|Knock Off|p1a: Iron Crown
|-damage|p1a: Iron Crown|5/100
|-enditem|p1a: Iron Crown|Leftovers|[from] move: Knock Off|[of] p2a: Darkrai
|move|p1a: Iron Crown|Tachyon Cutter|p2a: Darkrai
|-damage|p2a: Darkrai|27/100
|-damage|p2a: Darkrai|0 fnt
|faint|p2a: Darkrai
|-hitcount|p2: Darkrai|2
|
|upkeep
|
|t:|1760420053
|switch|p2a: Ogerpon|Ogerpon-Wellspring, F|100/100
|turn|13
|
|t:|1760420058
|move|p2a: Ogerpon|Trailblaze|p1a: Iron Crown
|-resisted|p1a: Iron Crown
|-damage|p1a: Iron Crown|0 fnt
|-boost|p2a: Ogerpon|spe|1
|faint|p1a: Iron Crown
|-end|p1a: Iron Crown|Quark Drive|[silent]
|
|upkeep
|
|t:|1760420063
|switch|p1a: Toucannon|Toucannon, F|80/100
|turn|14
|
|t:|1760420066
|switch|p2a: Gholdengo|Gholdengo|14/100
|-singleturn|p1a: Toucannon|move: Beak Blast
|move|p1a: Toucannon|Beak Blast|p2a: Gholdengo
|-resisted|p2a: Gholdengo
|-damage|p2a: Gholdengo|0 fnt
|faint|p2a: Gholdengo
|
|upkeep
|
|t:|1760420084
|switch|p2a: Iron Valiant|Iron Valiant|100/100
|-enditem|p2a: Iron Valiant|Booster Energy
|-activate|p2a: Iron Valiant|ability: Quark Drive|[fromitem]
|-start|p2a: Iron Valiant|quarkdrivespe
|turn|15
|
|t:|1760420089
|switch|p1a: Fezandipiti|Fezandipiti, M|94/100
|-terastallize|p2a: Iron Valiant|Electric
|move|p2a: Iron Valiant|Thunderbolt|p1a: Fezandipiti
|-crit|p1a: Fezandipiti
|-damage|p1a: Fezandipiti|46/100
|
|-heal|p1a: Fezandipiti|52/100|[from] item: Black Sludge
|upkeep
|turn|16
|
|t:|1760420102
|move|p2a: Iron Valiant|Thunderbolt|p1a: Fezandipiti
|-damage|p1a: Fezandipiti|16/100
|move|p1a: Fezandipiti|Acid Spray|p2a: Iron Valiant
|-damage|p2a: Iron Valiant|73/100
|-unboost|p2a: Iron Valiant|spd|2
|-status|p2a: Iron Valiant|tox|[from] ability: Toxic Chain|[of] p1a: Fezandipiti
|
|-heal|p1a: Fezandipiti|22/100|[from] item: Black Sludge
|-damage|p2a: Iron Valiant|67/100 tox|[from] psn
|upkeep
|turn|17
|
|t:|1760420111
|move|p2a: Iron Valiant|Thunderbolt|p1a: Fezandipiti
|-damage|p1a: Fezandipiti|0 fnt
|faint|p1a: Fezandipiti
|
|-damage|p2a: Iron Valiant|54/100 tox|[from] psn
|upkeep
|
|t:|1760420114
|switch|p1a: Suicune|Suicune|100/100
|-ability|p1a: Suicune|Pressure
|turn|18
|
|t:|1760420119
|move|p1a: Suicune|Protect|p1a: Suicune
|-singleturn|p1a: Suicune|Protect
|move|p2a: Iron Valiant|Thunderbolt|p1a: Suicune
|-activate|p1a: Suicune|move: Protect
|
|-damage|p2a: Iron Valiant|36/100 tox|[from] psn
|upkeep
|turn|19
|
|t:|1760420121
|switch|p1a: Garganacl|Garganacl, F|100/100
|move|p2a: Iron Valiant|Encore||[still]
|-fail|p2a: Iron Valiant
|
|-damage|p2a: Iron Valiant|11/100 tox|[from] psn
|upkeep
|turn|20
|
|t:|1760420125
|move|p2a: Iron Valiant|Thunderbolt|p1a: Garganacl
|-damage|p1a: Garganacl|62/100
|move|p1a: Garganacl|Curse|p1a: Garganacl
|-unboost|p1a: Garganacl|spe|1
|-boost|p1a: Garganacl|atk|1
|-boost|p1a: Garganacl|def|1
|
|-damage|p2a: Iron Valiant|0 fnt|[from] psn
|faint|p2a: Iron Valiant
|-end|p2a: Iron Valiant|Quark Drive|[silent]
|upkeep
|
|t:|1760420130
|switch|p2a: Ogerpon|Ogerpon-Wellspring, F|100/100
|turn|21
|
|t:|1760420132
|move|p2a: Ogerpon|Ivy Cudgel|p1a: Garganacl|[anim] Ivy Cudgel Water
|-supereffective|p1a: Garganacl
|-damage|p1a: Garganacl|24/100
|move|p1a: Garganacl|Salt Cure|p2a: Ogerpon
|-damage|p2a: Ogerpon|76/100
|-start|p2a: Ogerpon|Salt Cure
|
|-damage|p2a: Ogerpon|52/100|[from] Salt Cure
|upkeep
|turn|22
|
|t:|1760420141
|move|p2a: Ogerpon|Swords Dance|p2a: Ogerpon
|-boost|p2a: Ogerpon|atk|2
|move|p1a: Garganacl|Recover|p1a: Garganacl
|-heal|p1a: Garganacl|74/100
|
|-damage|p2a: Ogerpon|27/100|[from] Salt Cure
|upkeep
|turn|23
|
|t:|1760420147
|move|p2a: Ogerpon|Synthesis|p2a: Ogerpon
|-heal|p2a: Ogerpon|77/100
|move|p1a: Garganacl|Recover|p1a: Garganacl
|-heal|p1a: Garganacl|100/100
|
|-damage|p2a: Ogerpon|52/100|[from] Salt Cure
|upkeep
|turn|24
|
|t:|1760420150
|move|p2a: Ogerpon|Synthesis|p2a: Ogerpon
|-heal|p2a: Ogerpon|100/100
|move|p1a: Garganacl|Body Press|p2a: Ogerpon
|-damage|p2a: Ogerpon|45/100
|
|-damage|p2a: Ogerpon|20/100|[from] Salt Cure
|upkeep
|turn|25
|
|t:|1760420154
|move|p2a: Ogerpon|Ivy Cudgel|p1a: Garganacl|[anim] Ivy Cudgel Water
|-supereffective|p1a: Garganacl
|-damage|p1a: Garganacl|22/100
|move|p1a: Garganacl|Body Press|p2a: Ogerpon
|-damage|p2a: Ogerpon|0 fnt
|faint|p2a: Ogerpon
|
|upkeep
|
|t:|1760420159
|switch|p2a: Iron Treads|Iron Treads|100/100
|turn|26
|
|t:|1760420162
|move|p2a: Iron Treads|Earthquake|p1a: Garganacl
|-supereffective|p1a: Garganacl
|-damage|p1a: Garganacl|0 fnt
|faint|p1a: Garganacl
|
|upkeep
|
|t:|1760420164
|switch|p1a: Toucannon|Toucannon, F|80/100
|turn|27
|
|t:|1760420171
|-singleturn|p1a: Toucannon|move: Beak Blast
|move|p2a: Iron Treads|Ice Spinner|p1a: Toucannon
|-supereffective|p1a: Toucannon
|-damage|p1a: Toucannon|45/100
|-status|p2a: Iron Treads|brn
|-damage|p2a: Iron Treads|84/100 brn|[from] item: Rocky Helmet|[of] p1a: Toucannon
|move|p1a: Toucannon|Beak Blast|p2a: Iron Treads
|-resisted|p2a: Iron Treads
|-damage|p2a: Iron Treads|65/100 brn
|
|-heal|p2a: Iron Treads|71/100 brn|[from] item: Leftovers
|-damage|p2a: Iron Treads|65/100 brn|[from] brn
|upkeep
|turn|28
|
|t:|1760420182
|move|p2a: Iron Treads|Ice Spinner|p1a: Toucannon
|-supereffective|p1a: Toucannon
|-damage|p1a: Toucannon|29/100
|-damage|p2a: Iron Treads|49/100 brn|[from] item: Rocky Helmet|[of] p1a: Toucannon
|move|p1a: Toucannon|Swords Dance|p1a: Toucannon
|-boost|p1a: Toucannon|atk|2
|
|-heal|p2a: Iron Treads|55/100 brn|[from] item: Leftovers
|-damage|p2a: Iron Treads|49/100 brn|[from] brn
|upkeep
|turn|29
|-message|Sheeeesus forfeited.
|
|win|great team haver
|raw|great team haver's rating: 1361 &rarr; <strong>1380</strong><br />(+19 for winning)
|raw|Sheeeesus's rating: 1347 &rarr; <strong>1328</strong><br />(-19 for losing)
|l|☆Sheeeesus
|player|p2|
