|j|☆thankyoumytwilight
|j|☆J2icy
|t:|1760331550
|gametype|singles
|player|p1|thankyoumytwilight|will|1159
|player|p2|J2icy|266|1175
|gen|9
|tier|[Gen 9] OU
|rated|
|rule|HP Percentage Mod: HP is shown in percentages
|rule|Endless Battle Clause: Forcing endless battles is banned
|rule|Species Clause: Limit one of each Pokémon
|rule|OHKO Clause: OHKO moves are banned
|rule|Evasion Items Clause: Evasion items are banned
|rule|Evasion Moves Clause: Evasion moves are banned
|rule|Evasion Abilities Clause: Evasion abilities are banned
|rule|Sleep Moves Clause: Sleep-inducing moves are banned
|clearpoke
|poke|p1|Gliscor, F|
|poke|p1|Alomomola, F|
|poke|p1|Pecharunt|
|poke|p1|Great Tusk|
|poke|p1|Weavile, F|
|poke|p1|Iron Crown|
|poke|p2|Blaziken, M|
|poke|p2|Zapdos|
|poke|p2|Primarina, F|
|poke|p2|Great Tusk|
|poke|p2|Rhyperior, F|
|poke|p2|Moltres|
|teampreview
|inactive|Battle timer is ON: inactive players will automatically lose when time's up. (requested by thankyoumytwilight)
|inactive|J2icy has 120 seconds left.
|
|t:|1760331581
|teamsize|p1|6
|teamsize|p2|6
|start
|switch|p1a: Pecharunt|Pecharunt|100/100
|switch|p2a: Primarina|Primarina, F|100/100
|turn|1
|
|t:|1760331588
|move|p1a: Pecharunt|Malignant Chain|p2a: Primarina
|-supereffective|p2a: Primarina
|-damage|p2a: Primarina|37/100
|-status|p2a: Primarina|tox
|-start|p2a: Primarina|confusion|[from] ability: Poison Puppeteer|[of] p1a: Pecharunt
|-activate|p2a: Primarina|confusion
|move|p2a: Primarina|Hydro Pump|p1a: Pecharunt
|-damage|p1a: Pecharunt|25/100
|
|-damage|p2a: Primarina|31/100 tox|[from] psn
|upkeep
|turn|2
|
|t:|1760331601
|switch|p2a: Rhyperior|Rhyperior, F|100/100
|move|p1a: Pecharunt|Recover|p1a: Pecharunt
|-heal|p1a: Pecharunt|75/100
|
|upkeep
|turn|3
|
|t:|1760331610
|move|p1a: Pecharunt|Parting Shot|p2a: Rhyperior
|-unboost|p2a: Rhyperior|atk|1
|-unboost|p2a: Rhyperior|spa|1
|
|t:|1760331617
|switch|p1a: Gliscor|Gliscor, F|100/100|[from] Parting Shot
|move|p2a: Rhyperior|Stealth Rock|p1a: Gliscor
|-sidestart|p1: thankyoumytwilight|move: Stealth Rock
|
|-status|p1a: Gliscor|tox|[from] item: Toxic Orb
|upkeep
|turn|4
|
|t:|1760331627
|switch|p2a: Zapdos|Zapdos, shiny|100/100
|move|p1a: Gliscor|Spikes|p2a: Zapdos
|-sidestart|p2: J2icy|Spikes
|
|upkeep
|turn|5
|
|t:|1760331638
|move|p1a: Gliscor|Toxic|p2a: Zapdos|[miss]
|-miss|p1a: Gliscor|p2a: Zapdos
|move|p2a: Zapdos|Hurricane|p1a: Gliscor
|-damage|p1a: Gliscor|43/100 tox
|
|-heal|p1a: Gliscor|55/100 tox|[from] ability: Poison Heal
|upkeep
|turn|6
|
|t:|1760331651
|move|p1a: Gliscor|Protect|p1a: Gliscor
|-singleturn|p1a: Gliscor|Protect
|move|p2a: Zapdos|Hurricane|p1a: Gliscor
|-activate|p1a: Gliscor|move: Protect
|
|-heal|p1a: Gliscor|68/100 tox|[from] ability: Poison Heal
|upkeep
|turn|7
|
|t:|1760331660
|move|p1a: Gliscor|Toxic|p2a: Zapdos
|-status|p2a: Zapdos|tox
|move|p2a: Zapdos|Hurricane|p1a: Gliscor
|-crit|p1a: Gliscor
|-damage|p1a: Gliscor|0 fnt
|faint|p1a: Gliscor
|
|-damage|p2a: Zapdos|94/100 tox|[from] psn
|upkeep
|
|t:|1760331676
|switch|p1a: Weavile|Weavile, F|100/100
|-ability|p1a: Weavile|Pressure
|turn|8
|
|t:|1760331695
|move|p1a: Weavile|Triple Axel|p2a: Zapdos
|-supereffective|p2a: Zapdos
|-damage|p2a: Zapdos|79/100 tox
|-damage|p1a: Weavile|84/100|[from] item: Rocky Helmet|[of] p2a: Zapdos
|-hitcount|p2a: Zapdos|1
|move|p2a: Zapdos|Heat Wave|p1a: Weavile
|-supereffective|p1a: Weavile
|-damage|p1a: Weavile|4/100
|
|-damage|p2a: Zapdos|66/100 tox|[from] psn
|upkeep
|turn|9
|inactive|J2icy has 120 seconds left.
|
|t:|1760331720
|move|p1a: Weavile|Triple Axel|p2a: Zapdos
|-supereffective|p2a: Zapdos
|-damage|p2a: Zapdos|50/100 tox
|-damage|p1a: Weavile|0 fnt|[from] item: Rocky Helmet|[of] p2a: Zapdos
|faint|p1a: Weavile
|-hitcount|p2a: Zapdos|1
|move|p2a: Zapdos|Roost|p2a: Zapdos
|-heal|p2a: Zapdos|99/100 tox
|-singleturn|p2a: Zapdos|move: Roost
|
|-damage|p2a: Zapdos|81/100 tox|[from] psn
|upkeep
|-message|thankyoumytwilight forfeited.
|
|win|J2icy
|raw|thankyoumytwilight's rating: 1159 &rarr; <strong>1135</strong><br />(-24 for losing)
|raw|J2icy's rating: 1175 &rarr; <strong>1199</strong><br />(+24 for winning)
|l|☆thankyoumytwilight
|player|p1|
