|j|☆Wittle_Simp
|j|☆N0t-rm0n
|t:|1760319364
|gametype|singles
|player|p1|Wittle_Simp|harlequin|
|player|p2|N0t-rm0n|preschooler|
|gen|9
|tier|[Gen 9] OU
|rule|HP Percentage Mod: HP is shown in percentages
|rule|Endless Battle Clause: Forcing endless battles is banned
|rule|Species Clause: Limit one of each Pokémon
|rule|OHKO Clause: OHKO moves are banned
|rule|Evasion Items Clause: Evasion items are banned
|rule|Evasion Moves Clause: Evasion moves are banned
|rule|Evasion Abilities Clause: Evasion abilities are banned
|rule|Sleep Moves Clause: Sleep-inducing moves are banned
|clearpoke
|poke|p1|Ninetales-Alola, F|
|poke|p1|Basculegion-F, F|
|poke|p1|Thundurus, M|
|poke|p1|Torkoal, F|
|poke|p1|Cloyster, F|
|poke|p1|Slither Wing|
|poke|p2|Deoxys-Speed|
|poke|p2|Indeedee, M|
|poke|p2|Hawlucha, F|
|poke|p2|Iron Valiant|
|poke|p2|Alomomola, F|
|poke|p2|Dragonite, F|
|teampreview
|
|t:|1760319379
|teamsize|p1|6
|teamsize|p2|6
|start
|switch|p1a: Big Dig Randy|Thundurus, M|100/100
|switch|p2a: Deoxys|Deoxys-Speed|100/100
|-ability|p2a: Deoxys|Pressure
|turn|1
|
|t:|1760319387
|move|p2a: Deoxys|Taunt|p1a: Big Dig Randy
|-start|p1a: Big Dig Randy|move: Taunt
|move|p1a: Big Dig Randy|U-turn|p2a: Deoxys
|-supereffective|p2a: Deoxys
|-crit|p2a: Deoxys
|-damage|p2a: Deoxys|8/100
|
|t:|1760319393
|switch|p1a: Stegosaurus|Slither Wing, shiny|100/100|[from] U-turn
|
|upkeep
|turn|2
|
|t:|1760319433
|switch|p2a: Alomomola|Alomomola, F|100/100
|move|p1a: Stegosaurus|First Impression|p2a: Alomomola
|-damage|p2a: Alomomola|51/100
|-damage|p1a: Stegosaurus|91/100|[from] item: Life Orb
|
|-heal|p2a: Alomomola|57/100|[from] item: Leftovers
|upkeep
|turn|3
|
|t:|1760319443
|move|p1a: Stegosaurus|U-turn|p2a: Alomomola
|-damage|p2a: Alomomola|22/100
|-damage|p1a: Stegosaurus|81/100|[from] item: Life Orb
|
|t:|1760319447
|-end|p1a: Stegosaurus|Protosynthesis|[silent]
|switch|p1a: Big Dig Randy|Thundurus, M|100/100|[from] U-turn
|move|p2a: Alomomola|Flip Turn|p1a: Big Dig Randy
|-damage|p1a: Big Dig Randy|77/100
|
|t:|1760319450
|switch|p2a: Deoxys|Deoxys-Speed|8/100|[from] Flip Turn
|-ability|p2a: Deoxys|Pressure
|
|upkeep
|turn|4
|
|t:|1760319459
|move|p2a: Deoxys|Light Screen|p2a: Deoxys
|-sidestart|p2: N0t-rm0n|move: Light Screen
|move|p1a: Big Dig Randy|Acrobatics|p2a: Deoxys
|-damage|p2a: Deoxys|0 fnt
|faint|p2a: Deoxys
|
|upkeep
|
|t:|1760319493
|switch|p2a: Indeedee|Indeedee, M|100/100
|-fieldstart|move: Psychic Terrain|[from] ability: Psychic Surge|[of] p2a: Indeedee
|turn|5
|
|t:|1760319501
|move|p1a: Big Dig Randy|U-turn|p2a: Indeedee
|-supereffective|p2a: Indeedee
|-damage|p2a: Indeedee|11/100
|
|t:|1760319506
|switch|p1a: Stegosaurus|Slither Wing, shiny|81/100|[from] U-turn
|move|p2a: Indeedee|Expanding Force|p1a: Stegosaurus
|-supereffective|p1a: Stegosaurus
|-damage|p1a: Stegosaurus|0 fnt
|faint|p1a: Stegosaurus
|-end|p1a: Stegosaurus|Protosynthesis|[silent]
|
|upkeep
|
|t:|1760319514
|switch|p1a: Big Dig Randy|Thundurus, M|77/100
|turn|6
|
|t:|1760319518
|switch|p2a: Alomomola|Alomomola, F|56/100
|move|p1a: Big Dig Randy|U-turn|p2a: Alomomola
|-damage|p2a: Alomomola|39/100
|
|t:|1760319528
|switch|p1a: 1A 1A 1A|Cloyster, F, shiny|100/100|[from] U-turn
|
|-heal|p2a: Alomomola|45/100|[from] item: Leftovers
|upkeep
|turn|7
|
|t:|1760319535
|switch|p2a: Hawlucha|Hawlucha, F|100/100
|-enditem|p2a: Hawlucha|Psychic Seed
|-boost|p2a: Hawlucha|spd|1|[from] item: Psychic Seed
|move|p1a: 1A 1A 1A|Ice Spinner|p2a: Hawlucha
|-supereffective|p2a: Hawlucha
|-damage|p2a: Hawlucha|4/100
|-fieldend|move: Psychic Terrain
|
|upkeep
|turn|8
|j| FirmHold
|
|t:|1760319554
|switch|p1a: Here comes the sun|Torkoal, F|100/100
|-weather|SunnyDay|[from] ability: Drought|[of] p1a: Here comes the sun
|move|p2a: Hawlucha|Acrobatics|p1a: Here comes the sun
|-damage|p1a: Here comes the sun|72/100
|-enditem|p1a: Here comes the sun|Red Card|[of] p2a: Hawlucha
|drag|p2a: Indeedee|Indeedee, M|11/100
|-fieldstart|move: Psychic Terrain|[from] ability: Psychic Surge|[of] p2a: Indeedee
|
|-weather|SunnyDay|[upkeep]
|upkeep
|turn|9
|
|t:|1760319572
|move|p2a: Indeedee|Expanding Force|p1a: Here comes the sun
|-damage|p1a: Here comes the sun|2/100
|move|p1a: Here comes the sun|Solar Beam||[still]
|-prepare|p1a: Here comes the sun|Solar Beam
|-anim|p1a: Here comes the sun|Solar Beam|p2a: Indeedee
|-damage|p2a: Indeedee|0 fnt
|faint|p2a: Indeedee
|
|-weather|SunnyDay|[upkeep]
|upkeep
|
|t:|1760319579
|switch|p2a: Dragonite|Dragonite, F|100/100
|turn|10
|
|t:|1760319587
|move|p2a: Dragonite|Dragon Dance|p2a: Dragonite
|-boost|p2a: Dragonite|atk|1
|-boost|p2a: Dragonite|spe|1
|move|p1a: Here comes the sun|Flamethrower|p2a: Dragonite
|-resisted|p2a: Dragonite
|-crit|p2a: Dragonite
|-damage|p2a: Dragonite|84/100
|
|-weather|SunnyDay|[upkeep]
|upkeep
|turn|11
|
|t:|1760319600
|move|p2a: Dragonite|Dragon Dance|p2a: Dragonite
|-boost|p2a: Dragonite|atk|1
|-boost|p2a: Dragonite|spe|1
|move|p1a: Here comes the sun|Body Press|p2a: Dragonite
|-resisted|p2a: Dragonite
|-damage|p2a: Dragonite|70/100
|
|-weather|SunnyDay|[upkeep]
|-sideend|p2: N0t-rm0n|move: Light Screen
|upkeep
|turn|12
|
|t:|1760319621
|move|p2a: Dragonite|Earthquake|p1a: Here comes the sun
|-supereffective|p1a: Here comes the sun
|-damage|p1a: Here comes the sun|0 fnt
|faint|p1a: Here comes the sun
|
|-weather|none
|upkeep
|
|t:|1760319630
|switch|p1a: Kimchi|Basculegion-F, F|100/100
|turn|13
|
|t:|1760319635
|move|p2a: Dragonite|Earthquake|p1a: Kimchi
|-crit|p1a: Kimchi
|-damage|p1a: Kimchi|0 fnt
|faint|p1a: Kimchi
|
|upkeep
|
|t:|1760319643
|switch|p1a: Big Dig Randy|Thundurus, M|77/100
|turn|14
|l| FirmHold
|
|t:|1760319651
|-terastallize|p2a: Dragonite|Normal
|-terastallize|p1a: Big Dig Randy|Electric
|move|p2a: Dragonite|Extreme Speed|p1a: Big Dig Randy
|-activate|p1a: Big Dig Randy|move: Psychic Terrain
|move|p1a: Big Dig Randy|Supercell Slam|p2a: Dragonite|[miss]
|-miss|p1a: Big Dig Randy|p2a: Dragonite
|-damage|p1a: Big Dig Randy|27/100|[from] supercellslam
|
|upkeep
|turn|15
|
|t:|1760319669
|move|p2a: Dragonite|Earthquake|p1a: Big Dig Randy
|-supereffective|p1a: Big Dig Randy
|-damage|p1a: Big Dig Randy|0 fnt
|faint|p1a: Big Dig Randy
|
|-fieldend|move: Psychic Terrain
|upkeep
|
|t:|1760319688
|switch|p1a: furry bait|Ninetales-Alola, F, shiny|100/100
|-weather|Snowscape|[from] ability: Snow Warning|[of] p1a: furry bait
|turn|16
|
|t:|1760319699
|move|p2a: Dragonite|Extreme Speed|p1a: furry bait
|-damage|p1a: furry bait|10/100
|move|p1a: furry bait|Blizzard|p2a: Dragonite
|-damage|p2a: Dragonite|25/100
|
|-weather|Snowscape|[upkeep]
|upkeep
|turn|17
|
|t:|1760319725
|move|p2a: Dragonite|Extreme Speed|p1a: furry bait
|-damage|p1a: furry bait|0 fnt
|faint|p1a: furry bait
|
|-weather|Snowscape|[upkeep]
|upkeep
|
|t:|1760319733
|switch|p1a: 1A 1A 1A|Cloyster, F, shiny|100/100
|turn|18
|
|t:|1760319738
|move|p2a: Dragonite|Extreme Speed|p1a: 1A 1A 1A
|-damage|p1a: 1A 1A 1A|58/100
|move|p1a: 1A 1A 1A|Shell Smash|p1a: 1A 1A 1A
|-unboost|p1a: 1A 1A 1A|def|1
|-unboost|p1a: 1A 1A 1A|spd|1
|-boost|p1a: 1A 1A 1A|atk|2
|-boost|p1a: 1A 1A 1A|spa|2
|-boost|p1a: 1A 1A 1A|spe|2
|-enditem|p1a: 1A 1A 1A|White Herb
|-clearnegativeboost|p1a: 1A 1A 1A|[silent]
|
|-weather|Snowscape|[upkeep]
|upkeep
|turn|19
|
|t:|1760319764
|move|p2a: Dragonite|Extreme Speed|p1a: 1A 1A 1A
|-damage|p1a: 1A 1A 1A|9/100
|move|p1a: 1A 1A 1A|Liquidation|p2a: Dragonite
|-damage|p2a: Dragonite|0 fnt
|faint|p2a: Dragonite
|
|-weather|Snowscape|[upkeep]
|upkeep
|
|t:|1760319769
|switch|p2a: Iron Valiant|Iron Valiant|100/100
|-enditem|p2a: Iron Valiant|Booster Energy
|-activate|p2a: Iron Valiant|ability: Quark Drive|[fromitem]
|-start|p2a: Iron Valiant|quarkdrivespe
|turn|20
|
|t:|1760319783
|move|p2a: Iron Valiant|Vacuum Wave|p1a: 1A 1A 1A
|-supereffective|p1a: 1A 1A 1A
|-damage|p1a: 1A 1A 1A|0 fnt
|faint|p1a: 1A 1A 1A
|
|win|N0t-rm0n
