|j|☆Chococroc
|j|☆BBT94
|t:|1760300463
|gametype|singles
|player|p1|Chococroc|pokemaniac|1692
|player|p2|BBT94|102|1680
|gen|9
|tier|[Gen 9] OU
|rated|
|rule|HP Percentage Mod: HP is shown in percentages
|rule|Endless Battle Clause: Forcing endless battles is banned
|rule|Species Clause: Limit one of each Pokémon
|rule|OHKO Clause: OHKO moves are banned
|rule|Evasion Items Clause: Evasion items are banned
|rule|Evasion Moves Clause: Evasion moves are banned
|rule|Evasion Abilities Clause: Evasion abilities are banned
|rule|Sleep Moves Clause: Sleep-inducing moves are banned
|clearpoke
|poke|p1|Meowscarada, F|
|poke|p1|Moltres|
|poke|p1|Slowking-Galar, F|
|poke|p1|Garchomp, F|
|poke|p1|Iron Valiant|
|poke|p1|Iron Treads|
|poke|p2|Great Tusk|
|poke|p2|Dragapult, M|
|poke|p2|Alomomola, M|
|poke|p2|Slowking-Galar, M|
|poke|p2|Kingambit, M|
|poke|p2|Iron Valiant|
|teampreview
|
|t:|1760300483
|teamsize|p1|6
|teamsize|p2|6
|start
|switch|p1a: Meowscarada|Meowscarada, F|100/100
|switch|p2a: Great Tusk|Great Tusk|100/100
|-enditem|p2a: Great Tusk|Booster Energy
|-activate|p2a: Great Tusk|ability: Protosynthesis|[fromitem]
|-start|p2a: Great Tusk|protosynthesisspe
|turn|1
|inactive|Battle timer is ON: inactive players will automatically lose when time's up. (requested by BBT94)
|
|t:|1760300490
|move|p2a: Great Tusk|Stealth Rock|p1a: Meowscarada
|-sidestart|p1: Chococroc|move: Stealth Rock
|move|p1a: Meowscarada|Triple Axel|p2a: Great Tusk
|-start|p1a: Meowscarada|typechange|Ice|[from] ability: Protean
|-supereffective|p2a: Great Tusk
|-damage|p2a: Great Tusk|89/100
|-supereffective|p2a: Great Tusk
|-damage|p2a: Great Tusk|64/100
|-supereffective|p2a: Great Tusk
|-damage|p2a: Great Tusk|32/100
|-hitcount|p2a: Great Tusk|3
|
|upkeep
|turn|2
|
|t:|1760300499
|-end|p2a: Great Tusk|Protosynthesis|[silent]
|switch|p2a: Alomomola|Alomomola, M|100/100
|move|p1a: Meowscarada|Flower Trick|p2a: Alomomola
|-supereffective|p2a: Alomomola
|-crit|p2a: Alomomola
|-damage|p2a: Alomomola|64/100
|
|upkeep
|turn|3
|
|t:|1760300504
|move|p1a: Meowscarada|Flower Trick|p2a: Alomomola
|-supereffective|p2a: Alomomola
|-crit|p2a: Alomomola
|-damage|p2a: Alomomola|27/100
|move|p2a: Alomomola|Scald|p1a: Meowscarada
|-damage|p1a: Meowscarada|79/100
|
|upkeep
|turn|4
|
|t:|1760300509
|switch|p2a: Kingambit|Kingambit, M|100/100
|move|p1a: Meowscarada|Knock Off|p2a: Kingambit
|-resisted|p2a: Kingambit
|-damage|p2a: Kingambit|87/100
|-enditem|p2a: Kingambit|Leftovers|[from] move: Knock Off|[of] p1a: Meowscarada
|
|upkeep
|turn|5
|
|t:|1760300514
|move|p1a: Meowscarada|U-turn|p2a: Kingambit
|-damage|p2a: Kingambit|70/100
|
|t:|1760300516
|switch|p1a: Moltres|Moltres|100/100|[from] U-turn
|move|p2a: Kingambit|Swords Dance|p2a: Kingambit
|-boost|p2a: Kingambit|atk|2
|
|upkeep
|turn|6
|
|t:|1760300519
|move|p2a: Kingambit|Sucker Punch|p1a: Moltres
|-damage|p1a: Moltres|48/100
|-status|p2a: Kingambit|brn|[from] ability: Flame Body|[of] p1a: Moltres
|move|p1a: Moltres|Flamethrower|p2a: Kingambit
|-supereffective|p2a: Kingambit
|-crit|p2a: Kingambit
|-damage|p2a: Kingambit|0 fnt
|faint|p2a: Kingambit
|-end|p2a: Kingambit|fallenundefined|[silent]
|
|upkeep
|
|t:|1760300524
|switch|p2a: Alomomola|Alomomola, M|60/100
|turn|7
|
|t:|1760300526
|move|p1a: Moltres|Roost|p1a: Moltres
|-heal|p1a: Moltres|98/100
|-singleturn|p1a: Moltres|move: Roost
|move|p2a: Alomomola|Flip Turn|p1a: Moltres
|-supereffective|p1a: Moltres
|-damage|p1a: Moltres|75/100
|
|t:|1760300528
|switch|p2a: Great Tusk|Great Tusk|32/100|[from] Flip Turn
|
|upkeep
|turn|8
|
|t:|1760300534
|move|p2a: Great Tusk|Knock Off|p1a: Moltres
|-damage|p1a: Moltres|54/100
|-status|p2a: Great Tusk|brn|[from] ability: Flame Body|[of] p1a: Moltres
|-enditem|p1a: Moltres|Heavy-Duty Boots|[from] move: Knock Off|[of] p2a: Great Tusk
|move|p1a: Moltres|Flamethrower|p2a: Great Tusk
|-damage|p2a: Great Tusk|0 fnt
|faint|p2a: Great Tusk
|-end|p2a: Great Tusk|Protosynthesis|[silent]
|
|upkeep
|
|t:|1760300538
|switch|p2a: Dragapult|Dragapult, M|100/100
|turn|9
|
|t:|1760300541
|-terastallize|p2a: Dragapult|Ghost
|move|p2a: Dragapult|Tera Blast|p1a: Moltres|[anim] Tera Blast Ghost
|-damage|p1a: Moltres|1/100
|move|p1a: Moltres|Roost|p1a: Moltres
|-heal|p1a: Moltres|51/100
|-singleturn|p1a: Moltres|move: Roost
|
|upkeep
|turn|10
|
|t:|1760300545
|move|p2a: Dragapult|Tera Blast|p1a: Moltres|[anim] Tera Blast Ghost
|-damage|p1a: Moltres|0 fnt
|faint|p1a: Moltres
|
|upkeep
|
|t:|1760300561
|switch|p1a: Iron Valiant|Iron Valiant|100/100
|-damage|p1a: Iron Valiant|94/100|[from] Stealth Rock
|-enditem|p1a: Iron Valiant|Booster Energy
|-activate|p1a: Iron Valiant|ability: Quark Drive|[fromitem]
|-start|p1a: Iron Valiant|quarkdrivespe
|turn|11
|
|t:|1760300564
|switch|p2a: Slowking|Slowking-Galar, M|100/100
|move|p1a: Iron Valiant|Knock Off|p2a: Slowking
|-supereffective|p2a: Slowking
|-damage|p2a: Slowking|35/100
|-enditem|p2a: Slowking|Heavy-Duty Boots|[from] move: Knock Off|[of] p1a: Iron Valiant
|
|upkeep
|turn|12
|
|t:|1760300574
|move|p1a: Iron Valiant|Knock Off|p2a: Slowking
|-supereffective|p2a: Slowking
|-damage|p2a: Slowking|0 fnt
|faint|p2a: Slowking
|
|upkeep
|
|t:|1760300579
|switch|p2a: Iron Valiant|Iron Valiant|100/100
|-enditem|p2a: Iron Valiant|Booster Energy
|-activate|p2a: Iron Valiant|ability: Quark Drive|[fromitem]
|-start|p2a: Iron Valiant|quarkdrivespe
|turn|13
|
|t:|1760300590
|-terastallize|p1a: Iron Valiant|Steel
|move|p2a: Iron Valiant|Encore|p1a: Iron Valiant
|-start|p1a: Iron Valiant|Encore
|move|p1a: Iron Valiant|Knock Off|p2a: Iron Valiant
|-resisted|p2a: Iron Valiant
|-damage|p2a: Iron Valiant|93/100
|
|upkeep
|turn|14
|
|t:|1760300598
|-end|p1a: Iron Valiant|Quark Drive|[silent]
|switch|p1a: Slowking|Slowking-Galar, F|100/100
|move|p2a: Iron Valiant|Calm Mind|p2a: Iron Valiant
|-boost|p2a: Iron Valiant|spa|1
|-boost|p2a: Iron Valiant|spd|1
|
|upkeep
|turn|15
|
|t:|1760300604
|move|p2a: Iron Valiant|Shadow Ball|p1a: Slowking
|-supereffective|p1a: Slowking
|-damage|p1a: Slowking|52/100
|move|p1a: Slowking|Thunder Wave|p2a: Iron Valiant
|-status|p2a: Iron Valiant|par
|
|upkeep
|turn|16
|
|t:|1760300623
|switch|p1a: Iron Treads|Iron Treads|100/100
|-damage|p1a: Iron Treads|97/100|[from] Stealth Rock
|move|p2a: Iron Valiant|Encore||[still]
|-fail|p2a: Iron Valiant
|
|-heal|p1a: Iron Treads|100/100|[from] item: Leftovers
|upkeep
|turn|17
|
|t:|1760300631
|move|p1a: Iron Treads|Earthquake|p2a: Iron Valiant
|-damage|p2a: Iron Valiant|35/100 par
|cant|p2a: Iron Valiant|par
|
|upkeep
|turn|18
|
|t:|1760300639
|move|p1a: Iron Treads|Earthquake|p2a: Iron Valiant
|-damage|p2a: Iron Valiant|0 fnt
|faint|p2a: Iron Valiant
|-end|p2a: Iron Valiant|Quark Drive|[silent]
|
|upkeep
|
|t:|1760300640
|switch|p2a: Alomomola|Alomomola, M|93/100
|turn|19
|
|t:|1760300646
|-end|p1a: Iron Treads|Quark Drive|[silent]
|switch|p1a: Slowking|Slowking-Galar, F|85/100
|move|p2a: Alomomola|Scald|p1a: Slowking
|-damage|p1a: Slowking|77/100
|
|upkeep
|turn|20
|
|t:|1760300652
|move|p2a: Alomomola|Scald|p1a: Slowking
|-damage|p1a: Slowking|69/100
|move|p1a: Slowking|Sludge Bomb|p2a: Alomomola
|-damage|p2a: Alomomola|52/100
|
|upkeep
|turn|21
|
|t:|1760300655
|move|p2a: Alomomola|Wish|p2a: Alomomola
|move|p1a: Slowking|Sludge Bomb|p2a: Alomomola
|-damage|p2a: Alomomola|14/100
|-status|p2a: Alomomola|psn
|
|-damage|p2a: Alomomola|2/100 psn|[from] psn
|upkeep
|turn|22
|
|t:|1760300660
|move|p2a: Alomomola|Flip Turn|p1a: Slowking
|-damage|p1a: Slowking|53/100
|
|t:|1760300662
|switch|p2a: Dragapult|Dragapult, M, tera:Ghost|100/100|[from] Flip Turn
|move|p1a: Slowking|Thunder Wave|p2a: Dragapult
|-status|p2a: Dragapult|par
|
|upkeep
|turn|23
|
|t:|1760300667
|switch|p1a: Iron Treads|Iron Treads|100/100
|-damage|p1a: Iron Treads|97/100|[from] Stealth Rock
|move|p2a: Dragapult|Tera Blast|p1a: Iron Treads|[anim] Tera Blast Ghost
|-damage|p1a: Iron Treads|31/100
|
|-heal|p1a: Iron Treads|37/100|[from] item: Leftovers
|upkeep
|turn|24
|
|t:|1760300669
|move|p1a: Iron Treads|Knock Off|p2a: Dragapult
|-supereffective|p2a: Dragapult
|-damage|p2a: Dragapult|24/100 par
|-enditem|p2a: Dragapult|Choice Band|[from] move: Knock Off|[of] p1a: Iron Treads
|move|p2a: Dragapult|Tera Blast|p1a: Iron Treads|[anim] Tera Blast Ghost
|-damage|p1a: Iron Treads|0 fnt
|faint|p1a: Iron Treads
|-end|p1a: Iron Treads|Quark Drive|[silent]
|
|upkeep
|-message|BBT94 forfeited.
|
|win|Chococroc
|raw|Chococroc's rating: 1692 &rarr; <strong>1711</strong><br />(+19 for winning)
|raw|BBT94's rating: 1680 &rarr; <strong>1661</strong><br />(-19 for losing)
|l|☆BBT94
|player|p2|
|l|☆Chococroc
|player|p1|
