|j|☆YOHZZI
|j|☆StarSmilez
|t:|1760446321
|gametype|singles
|player|p1|YOHZZI|teamrocket|1369
|player|p2|StarSmilez|miku-ghost|1451
|gen|9
|tier|[Gen 9] OU
|rated|
|rule|HP Percentage Mod: HP is shown in percentages
|rule|Endless Battle Clause: Forcing endless battles is banned
|rule|Species Clause: Limit one of each Pokémon
|rule|OHKO Clause: OHKO moves are banned
|rule|Evasion Items Clause: Evasion items are banned
|rule|Evasion Moves Clause: Evasion moves are banned
|rule|Evasion Abilities Clause: Evasion abilities are banned
|rule|Sleep Moves Clause: Sleep-inducing moves are banned
|clearpoke
|poke|p1|Pelipper, F|
|poke|p1|Iron Treads|
|poke|p1|Toxicroak, M|
|poke|p1|Corviknight, M|
|poke|p1|Zapdos|
|poke|p1|Barraskewda, M|
|poke|p2|Torkoal, M|
|poke|p2|Hatterene, F|
|poke|p2|Walking Wake|
|poke|p2|Great Tusk|
|poke|p2|Dragonite, F|
|poke|p2|Cinderace, F|
|teampreview
|inactive|Battle timer is ON: inactive players will automatically lose when time's up. (requested by StarSmilez)
|
|t:|1760446343
|teamsize|p1|6
|teamsize|p2|6
|start
|switch|p1a: Barraskewda|Barraskewda, M, shiny|100/100
|switch|p2a: Hotspot|Torkoal, M|100/100
|-weather|SunnyDay|[from] ability: Drought|[of] p2a: Hotspot
|turn|1
|
|t:|1760446348
|move|p1a: Barraskewda|Flip Turn|p2a: Hotspot
|-supereffective|p2a: Hotspot
|-damage|p2a: Hotspot|64/100
|
|t:|1760446353
|switch|p1a: Pelipper|Pelipper, F|100/100|[from] Flip Turn
|-weather|RainDance|[from] ability: Drizzle|[of] p1a: Pelipper
|move|p2a: Hotspot|Will-O-Wisp|p1a: Pelipper
|-status|p1a: Pelipper|brn
|
|-weather|RainDance|[upkeep]
|-damage|p1a: Pelipper|94/100 brn|[from] brn
|upkeep
|turn|2
|
|t:|1760446366
|switch|p2a: Moonless|Walking Wake|100/100
|-enditem|p2a: Moonless|Booster Energy
|-activate|p2a: Moonless|ability: Protosynthesis|[fromitem]
|-start|p2a: Moonless|protosynthesisspa
|move|p1a: Pelipper|Knock Off|p2a: Moonless
|-damage|p2a: Moonless|95/100
|
|-weather|RainDance|[upkeep]
|-damage|p1a: Pelipper|88/100 brn|[from] brn
|upkeep
|turn|3
|
|t:|1760446377
|switch|p1a: Iron Treads|Iron Treads, shiny|100/100
|move|p2a: Moonless|Hydro Steam|p1a: Iron Treads
|-supereffective|p1a: Iron Treads
|-damage|p1a: Iron Treads|0 fnt
|faint|p1a: Iron Treads
|-end|p1a: Iron Treads|Quark Drive|[silent]
|
|-weather|RainDance|[upkeep]
|upkeep
|c|☆YOHZZI|oops
|
|t:|1760446402
|switch|p1a: Barraskewda|Barraskewda, M, shiny|100/100
|turn|4
|c|☆StarSmilez|lol
|
|t:|1760446406
|move|p1a: Barraskewda|Flip Turn|p2a: Moonless
|-resisted|p2a: Moonless
|-damage|p2a: Moonless|75/100
|
|t:|1760446409
|switch|p1a: Toxicroak|Toxicroak, M, shiny|100/100|[from] Flip Turn
|move|p2a: Moonless|Draco Meteor|p1a: Toxicroak
|-damage|p1a: Toxicroak|0 fnt
|-unboost|p2a: Moonless|spa|2
|faint|p1a: Toxicroak
|
|-weather|RainDance|[upkeep]
|upkeep
|c|☆YOHZZI|wow
|inactive|YOHZZI has 120 seconds left.
|
|t:|1760446440
|switch|p1a: Zapdos|Zapdos, shiny|100/100
|turn|5
|inactive|YOHZZI has 120 seconds left.
|
|t:|1760446449
|-end|p2a: Moonless|Protosynthesis|[silent]
|switch|p2a: Hotspot|Torkoal, M|64/100
|-weather|SunnyDay|[from] ability: Drought|[of] p2a: Hotspot
|move|p1a: Zapdos|Weather Ball|p2a: Hotspot
|-resisted|p2a: Hotspot
|-damage|p2a: Hotspot|27/100
|
|-weather|SunnyDay|[upkeep]
|upkeep
|turn|6
|
|t:|1760446459
|switch|p2a: TransRights|Hatterene, F|100/100
|move|p1a: Zapdos|Weather Ball|p2a: TransRights
|-damage|p2a: TransRights|25/100
|
|-weather|SunnyDay|[upkeep]
|-heal|p2a: TransRights|31/100|[from] item: Leftovers
|upkeep
|turn|7
|
|t:|1760446468
|move|p1a: Zapdos|Weather Ball|p2a: TransRights
|-damage|p2a: TransRights|0 fnt
|faint|p2a: TransRights
|
|-weather|SunnyDay|[upkeep]
|upkeep
|
|t:|1760446470
|switch|p2a: Penny|Cinderace, F|100/100
|turn|8
|
|t:|1760446477
|switch|p1a: Pelipper|Pelipper, F|88/100 brn
|-weather|RainDance|[from] ability: Drizzle|[of] p1a: Pelipper
|move|p2a: Penny|Pyro Ball|p1a: Pelipper
|-resisted|p1a: Pelipper
|-damage|p1a: Pelipper|72/100 brn
|
|-weather|RainDance|[upkeep]
|-damage|p1a: Pelipper|66/100 brn|[from] brn
|upkeep
|turn|9
|
|t:|1760446487
|switch|p2a: Moonless|Walking Wake|75/100
|move|p1a: Pelipper|U-turn|p2a: Moonless
|-damage|p2a: Moonless|70/100
|
|t:|1760446493
|switch|p1a: Zapdos|Zapdos, shiny|100/100|[from] U-turn
|
|-weather|RainDance|[upkeep]
|upkeep
|turn|10
|
|t:|1760446501
|move|p2a: Moonless|Hydro Steam|p1a: Zapdos
|-damage|p1a: Zapdos|24/100
|move|p1a: Zapdos|Thunder|p2a: Moonless
|-damage|p2a: Moonless|0 fnt
|faint|p2a: Moonless
|-end|p2a: Moonless|Protosynthesis|[silent]
|
|-weather|RainDance|[upkeep]
|upkeep
|
|t:|1760446520
|switch|p2a: Tusker|Great Tusk|100/100
|turn|11
|
|t:|1760446530
|switch|p1a: Corviknight|Corviknight, M|100/100
|-ability|p1a: Corviknight|Pressure
|-terastallize|p2a: Tusker|Steel
|move|p2a: Tusker|Knock Off|p1a: Corviknight
|-damage|p1a: Corviknight|82/100
|-damage|p2a: Tusker|84/100|[from] item: Rocky Helmet|[of] p1a: Corviknight
|-enditem|p1a: Corviknight|Rocky Helmet|[from] move: Knock Off|[of] p2a: Tusker
|
|-weather|RainDance|[upkeep]
|upkeep
|turn|12
|
|t:|1760446542
|-end|p2a: Tusker|Protosynthesis|[silent]
|switch|p2a: Hotspot|Torkoal, M|27/100
|-weather|SunnyDay|[from] ability: Drought|[of] p2a: Hotspot
|move|p1a: Corviknight|U-turn|p2a: Hotspot
|-resisted|p2a: Hotspot
|-damage|p2a: Hotspot|21/100
|
|t:|1760446550
|switch|p1a: Zapdos|Zapdos, shiny|24/100|[from] U-turn
|
|-weather|SunnyDay|[upkeep]
|upkeep
|turn|13
|
|t:|1760446562
|switch|p2a: Penny|Cinderace, F|100/100
|move|p1a: Zapdos|Weather Ball|p2a: Penny
|-resisted|p2a: Penny
|-damage|p2a: Penny|45/100
|
|-weather|SunnyDay|[upkeep]
|upkeep
|turn|14
|
|t:|1760446569
|switch|p1a: Pelipper|Pelipper, F|66/100 brn
|-weather|RainDance|[from] ability: Drizzle|[of] p1a: Pelipper
|move|p2a: Penny|U-turn|p1a: Pelipper
|-start|p2a: Penny|typechange|Bug|[from] ability: Libero
|-resisted|p1a: Pelipper
|-damage|p1a: Pelipper|49/100 brn
|
|t:|1760446574
|switch|p2a: Hotspot|Torkoal, M|21/100|[from] U-turn
|-weather|SunnyDay|[from] ability: Drought|[of] p2a: Hotspot
|
|-weather|SunnyDay|[upkeep]
|-damage|p1a: Pelipper|43/100 brn|[from] brn
|upkeep
|turn|15
|
|t:|1760446581
|move|p1a: Pelipper|Hurricane|p2a: Hotspot|[miss]
|-miss|p1a: Pelipper|p2a: Hotspot
|move|p2a: Hotspot|Stealth Rock|p1a: Pelipper
|-sidestart|p1: YOHZZI|move: Stealth Rock
|
|-weather|SunnyDay|[upkeep]
|-damage|p1a: Pelipper|37/100 brn|[from] brn
|upkeep
|turn|16
|
|t:|1760446590
|switch|p2a: Tusker|Great Tusk, tera:Steel|84/100
|-activate|p2a: Tusker|ability: Protosynthesis
|-start|p2a: Tusker|protosynthesisatk
|move|p1a: Pelipper|Roost|p1a: Pelipper
|-heal|p1a: Pelipper|87/100 brn
|-singleturn|p1a: Pelipper|move: Roost
|
|-weather|SunnyDay|[upkeep]
|-damage|p1a: Pelipper|81/100 brn|[from] brn
|upkeep
|turn|17
|
|t:|1760446601
|move|p2a: Tusker|Knock Off|p1a: Pelipper
|-damage|p1a: Pelipper|34/100 brn
|-enditem|p1a: Pelipper|Damp Rock|[from] move: Knock Off|[of] p2a: Tusker
|move|p1a: Pelipper|Knock Off|p2a: Tusker
|-damage|p2a: Tusker|79/100
|-enditem|p2a: Tusker|Assault Vest|[from] move: Knock Off|[of] p1a: Pelipper
|
|-weather|SunnyDay|[upkeep]
|-damage|p1a: Pelipper|28/100 brn|[from] brn
|upkeep
|turn|18
|
|t:|1760446613
|switch|p1a: Corviknight|Corviknight, M|82/100
|-damage|p1a: Corviknight|70/100|[from] Stealth Rock
|-ability|p1a: Corviknight|Pressure
|move|p2a: Tusker|Knock Off|p1a: Corviknight
|-damage|p1a: Corviknight|53/100
|
|-weather|SunnyDay|[upkeep]
|upkeep
|turn|19
|
|t:|1760446617
|move|p2a: Tusker|Close Combat|p1a: Corviknight
|-damage|p1a: Corviknight|3/100
|-unboost|p2a: Tusker|def|1
|-unboost|p2a: Tusker|spd|1
|move|p1a: Corviknight|Roost|p1a: Corviknight
|-heal|p1a: Corviknight|53/100
|-singleturn|p1a: Corviknight|move: Roost
|
|-weather|SunnyDay|[upkeep]
|upkeep
|turn|20
|
|t:|1760446623
|move|p2a: Tusker|Close Combat|p1a: Corviknight
|-damage|p1a: Corviknight|4/100
|-unboost|p2a: Tusker|def|1
|-unboost|p2a: Tusker|spd|1
|move|p1a: Corviknight|Defog|p2a: Tusker
|-unboost|p2a: Tusker|evasion|1
|-sideend|p1: YOHZZI|Stealth Rock|[from] move: Defog|[of] p1a: Corviknight
|
|-weather|SunnyDay|[upkeep]
|upkeep
|turn|21
|
|t:|1760446632
|move|p2a: Tusker|Rapid Spin|p1a: Corviknight
|-resisted|p1a: Corviknight
|-damage|p1a: Corviknight|0 fnt
|-boost|p2a: Tusker|spe|1
|faint|p1a: Corviknight
|
|-weather|none
|-end|p2a: Tusker|Protosynthesis
|upkeep
|
|t:|1760446642
|switch|p1a: Zapdos|Zapdos, shiny|24/100
|turn|22
|
|t:|1760446648
|move|p2a: Tusker|Knock Off|p1a: Zapdos
|-damage|p1a: Zapdos|0 fnt
|-enditem|p1a: Zapdos|Choice Specs|[from] move: Knock Off|[of] p2a: Tusker
|faint|p1a: Zapdos
|
|upkeep
|
|t:|1760446652
|switch|p1a: Pelipper|Pelipper, F|28/100 brn
|-weather|RainDance|[from] ability: Drizzle|[of] p1a: Pelipper
|turn|23
|
|t:|1760446659
|move|p2a: Tusker|Knock Off|p1a: Pelipper
|-damage|p1a: Pelipper|5/100 brn
|move|p1a: Pelipper|Roost|p1a: Pelipper
|-heal|p1a: Pelipper|56/100 brn
|-singleturn|p1a: Pelipper|move: Roost
|
|-weather|RainDance|[upkeep]
|-damage|p1a: Pelipper|49/100 brn|[from] brn
|upkeep
|turn|24
|
|t:|1760446668
|-end|p2a: Tusker|Protosynthesis|[silent]
|switch|p2a: Hotspot|Torkoal, M|21/100
|-weather|SunnyDay|[from] ability: Drought|[of] p2a: Hotspot
|move|p1a: Pelipper|Roost|p1a: Pelipper
|-heal|p1a: Pelipper|99/100 brn
|-singleturn|p1a: Pelipper|move: Roost
|
|-weather|SunnyDay|[upkeep]
|-damage|p1a: Pelipper|93/100 brn|[from] brn
|upkeep
|turn|25
|
|t:|1760446674
|switch|p2a: Tusker|Great Tusk, tera:Steel|79/100
|-activate|p2a: Tusker|ability: Protosynthesis
|-start|p2a: Tusker|protosynthesisatk
|move|p1a: Pelipper|Knock Off|p2a: Tusker
|-damage|p2a: Tusker|76/100
|
|-weather|SunnyDay|[upkeep]
|-damage|p1a: Pelipper|87/100 brn|[from] brn
|upkeep
|turn|26
|
|t:|1760446680
|move|p2a: Tusker|Knock Off|p1a: Pelipper
|-damage|p1a: Pelipper|57/100 brn
|move|p1a: Pelipper|U-turn|p2a: Tusker
|-resisted|p2a: Tusker
|-damage|p2a: Tusker|74/100
|
|t:|1760446685
|switch|p1a: Barraskewda|Barraskewda, M, shiny|100/100|[from] U-turn
|
|-weather|SunnyDay|[upkeep]
|upkeep
|turn|27
|
|t:|1760446693
|move|p1a: Barraskewda|Close Combat|p2a: Tusker
|-supereffective|p2a: Tusker
|-damage|p2a: Tusker|0 fnt
|-unboost|p1a: Barraskewda|def|1
|-unboost|p1a: Barraskewda|spd|1
|faint|p2a: Tusker
|-end|p2a: Tusker|Protosynthesis|[silent]
|
|-weather|SunnyDay|[upkeep]
|upkeep
|
|t:|1760446700
|switch|p2a: Bridget|Dragonite, F|100/100
|turn|28
|
|t:|1760446706
|move|p1a: Barraskewda|Close Combat|p2a: Bridget
|-resisted|p2a: Bridget
|-damage|p2a: Bridget|83/100
|-unboost|p1a: Barraskewda|def|1
|-unboost|p1a: Barraskewda|spd|1
|move|p2a: Bridget|Dragon Dance|p2a: Bridget
|-boost|p2a: Bridget|atk|1
|-boost|p2a: Bridget|spe|1
|
|-weather|SunnyDay|[upkeep]
|upkeep
|turn|29
|
|t:|1760446710
|switch|p1a: Pelipper|Pelipper, F|57/100 brn
|-weather|RainDance|[from] ability: Drizzle|[of] p1a: Pelipper
|move|p2a: Bridget|Extreme Speed|p1a: Pelipper
|-damage|p1a: Pelipper|9/100 brn
|
|-weather|RainDance|[upkeep]
|-damage|p1a: Pelipper|3/100 brn|[from] brn
|upkeep
|turn|30
|
|t:|1760446717
|switch|p1a: Barraskewda|Barraskewda, M, shiny|100/100
|move|p2a: Bridget|Extreme Speed|p1a: Barraskewda
|-damage|p1a: Barraskewda|15/100
|
|-weather|RainDance|[upkeep]
|upkeep
|turn|31
|
|t:|1760446724
|move|p2a: Bridget|Extreme Speed|p1a: Barraskewda
|-damage|p1a: Barraskewda|0 fnt
|faint|p1a: Barraskewda
|
|-weather|RainDance|[upkeep]
|upkeep
|-message|YOHZZI forfeited.
|
|win|StarSmilez
|raw|YOHZZI's rating: 1369 &rarr; <strong>1354</strong><br />(-15 for losing)
|raw|StarSmilez's rating: 1451 &rarr; <strong>1466</strong><br />(+15 for winning)
|l|☆YOHZZI
|player|p1|
|c|☆StarSmilez|gg
|l|☆StarSmilez
|player|p2|
