|j|☆TheGamingPolitoed
|j|☆AZ's Return
|t:|1760376759
|gametype|singles
|player|p1|TheGamingPolitoed|cress|1397
|player|p2|AZ's Return|az|1401
|gen|9
|tier|[Gen 9] OU
|rated|
|rule|HP Percentage Mod: HP is shown in percentages
|rule|Endless Battle Clause: Forcing endless battles is banned
|rule|Species Clause: Limit one of each Pokémon
|rule|OHKO Clause: OHKO moves are banned
|rule|Evasion Items Clause: Evasion items are banned
|rule|Evasion Moves Clause: Evasion moves are banned
|rule|Evasion Abilities Clause: Evasion abilities are banned
|rule|Sleep Moves Clause: Sleep-inducing moves are banned
|clearpoke
|poke|p1|Primarina, F|
|poke|p1|Ludicolo, M|
|poke|p1|Samurott-Hisui, M|
|poke|p1|Toxapex, F|
|poke|p1|Politoed, M|
|poke|p1|Walking Wake|
|poke|p2|Zamazenta-*|
|poke|p2|Hatterene, F|
|poke|p2|Torkoal, F|
|poke|p2|Cresselia, F|
|poke|p2|Ursaluna, M|
|poke|p2|Walking Wake|
|teampreview
|inactive|Battle timer is ON: inactive players will automatically lose when time's up. (requested by AZ's Return)
|
|t:|1760376766
|teamsize|p1|6
|teamsize|p2|6
|start
|switch|p1a: Donny Ronny|Samurott-Hisui, M|100/100
|switch|p2a: Hatterene|Hatterene, F|100/100
|turn|1
|
|t:|1760376770
|move|p1a: Donny Ronny|Knock Off|p2a: Hatterene
|-damage|p2a: Hatterene|41/100
|-enditem|p2a: Hatterene|Focus Sash|[from] move: Knock Off|[of] p1a: Donny Ronny
|move|p2a: Hatterene|Trick Room|p2a: Hatterene
|-fieldstart|move: Trick Room|[of] p2a: Hatterene
|
|upkeep
|turn|2
|
|t:|1760376775
|move|p2a: Hatterene|Dazzling Gleam|p1a: Donny Ronny
|-supereffective|p1a: Donny Ronny
|-damage|p1a: Donny Ronny|11/100
|move|p1a: Donny Ronny|Ceaseless Edge|p2a: Hatterene
|-damage|p2a: Hatterene|0 fnt
|-sidestart|p2: AZ's Return|Spikes
|faint|p2a: Hatterene
|
|upkeep
|
|t:|1760376779
|switch|p2a: Torkoal|Torkoal, F|100/100
|-damage|p2a: Torkoal|88/100|[from] Spikes
|-weather|SunnyDay|[from] ability: Drought|[of] p2a: Torkoal
|turn|3
|
|t:|1760376786
|move|p2a: Torkoal|Eruption|p1a: Donny Ronny
|-resisted|p1a: Donny Ronny
|-damage|p1a: Donny Ronny|0 fnt
|faint|p1a: Donny Ronny
|
|-weather|SunnyDay|[upkeep]
|upkeep
|
|t:|1760376792
|switch|p1a: Ecomare|Primarina, F|100/100
|turn|4
|
|t:|1760376796
|move|p2a: Torkoal|Eruption|p1a: Ecomare
|-resisted|p1a: Ecomare
|-damage|p1a: Ecomare|46/100
|move|p1a: Ecomare|Substitute|p1a: Ecomare
|-start|p1a: Ecomare|Substitute
|-damage|p1a: Ecomare|21/100
|
|-weather|SunnyDay|[upkeep]
|-heal|p1a: Ecomare|27/100|[from] item: Leftovers
|upkeep
|turn|5
|
|t:|1760376804
|move|p2a: Torkoal|Eruption|p1a: Ecomare
|-resisted|p1a: Ecomare
|-end|p1a: Ecomare|Substitute
|move|p1a: Ecomare|Calm Mind|p1a: Ecomare
|-boost|p1a: Ecomare|spa|1
|-boost|p1a: Ecomare|spd|1
|
|-weather|SunnyDay|[upkeep]
|-heal|p1a: Ecomare|33/100|[from] item: Leftovers
|-fieldend|move: Trick Room
|upkeep
|turn|6
|
|t:|1760376813
|move|p1a: Ecomare|Hydro Pump|p2a: Torkoal
|-supereffective|p2a: Torkoal
|-damage|p2a: Torkoal|0 fnt
|faint|p2a: Torkoal
|
|-weather|SunnyDay|[upkeep]
|-heal|p1a: Ecomare|39/100|[from] item: Leftovers
|upkeep
|
|t:|1760376818
|switch|p2a: Cresselia|Cresselia, F|100/100
|turn|7
|
|t:|1760376835
|move|p1a: Ecomare|Hydro Pump|p2a: Cresselia
|-damage|p2a: Cresselia|73/100
|move|p2a: Cresselia|Lunar Dance|p2a: Cresselia
|faint|p2a: Cresselia
|
|-weather|none
|-heal|p1a: Ecomare|46/100|[from] item: Leftovers
|upkeep
|
|t:|1760376838
|switch|p2a: Zamazenta|Zamazenta|100/100
|-damage|p2a: Zamazenta|88/100|[from] Spikes
|-ability|p2a: Zamazenta|Dauntless Shield|boost
|-boost|p2a: Zamazenta|def|1
|turn|8
|
|t:|1760376847
|move|p2a: Zamazenta|Heavy Slam|p1a: Ecomare
|-damage|p1a: Ecomare|11/100
|move|p1a: Ecomare|Moonblast|p2a: Zamazenta
|-supereffective|p2a: Zamazenta
|-damage|p2a: Zamazenta|0 fnt
|faint|p2a: Zamazenta
|
|-heal|p1a: Ecomare|17/100|[from] item: Leftovers
|upkeep
|
|t:|1760376851
|switch|p2a: Walking Wake|Walking Wake|100/100
|-damage|p2a: Walking Wake|88/100|[from] Spikes
|turn|9
|
|t:|1760376858
|move|p2a: Walking Wake|Hydro Steam|p1a: Ecomare
|-resisted|p1a: Ecomare
|-damage|p1a: Ecomare|0 fnt
|faint|p1a: Ecomare
|
|upkeep
|
|t:|1760376863
|switch|p1a: Toxatax|Toxapex, F|100/100
|turn|10
|
|t:|1760376867
|-end|p2a: Walking Wake|Protosynthesis|[silent]
|switch|p2a: Ursaluna|Ursaluna, M|100/100
|-damage|p2a: Ursaluna|88/100|[from] Spikes
|move|p1a: Toxatax|Toxic Spikes|p2a: Ursaluna
|-sidestart|p2: AZ's Return|move: Toxic Spikes
|
|-status|p2a: Ursaluna|brn|[from] item: Flame Orb
|upkeep
|turn|11
|
|t:|1760376874
|-terastallize|p2a: Ursaluna|Normal
|move|p1a: Toxatax|Surf|p2a: Ursaluna
|-damage|p2a: Ursaluna|70/100 brn
|move|p2a: Ursaluna|Facade|p1a: Toxatax
|-damage|p1a: Toxatax|3/100
|-damage|p2a: Ursaluna|54/100 brn|[from] item: Rocky Helmet|[of] p1a: Toxatax
|
|-damage|p2a: Ursaluna|48/100 brn|[from] brn
|upkeep
|turn|12
|
|t:|1760376883
|move|p1a: Toxatax|Surf|p2a: Ursaluna
|-damage|p2a: Ursaluna|31/100 brn
|move|p2a: Ursaluna|Facade|p1a: Toxatax
|-damage|p1a: Toxatax|0 fnt
|-damage|p2a: Ursaluna|15/100 brn|[from] item: Rocky Helmet|[of] p1a: Toxatax
|faint|p1a: Toxatax
|
|-damage|p2a: Ursaluna|9/100 brn|[from] brn
|upkeep
|
|t:|1760376892
|switch|p1a: Juan|Ludicolo, M|100/100
|turn|13
|
|t:|1760376895
|move|p1a: Juan|Giga Drain|p2a: Ursaluna
|-damage|p2a: Ursaluna|0 fnt
|faint|p2a: Ursaluna
|-damage|p1a: Juan|91/100|[from] item: Life Orb
|
|upkeep
|
|t:|1760376898
|switch|p2a: Walking Wake|Walking Wake|88/100
|-heal|p2a: Walking Wake|100/100|[from] move: Lunar Dance
|-damage|p2a: Walking Wake|88/100|[from] Spikes
|-status|p2a: Walking Wake|psn
|turn|14
|
|t:|1760376905
|move|p1a: Juan|Protect|p1a: Juan
|-singleturn|p1a: Juan|Protect
|move|p2a: Walking Wake|Draco Meteor|p1a: Juan
|-activate|p1a: Juan|move: Protect
|
|-damage|p2a: Walking Wake|76/100 psn|[from] psn
|upkeep
|turn|15
|-message|AZ's Return forfeited.
|
|win|TheGamingPolitoed
|raw|TheGamingPolitoed's rating: 1397 &rarr; <strong>1417</strong><br />(+20 for winning)
|raw|AZ&apos;s Return's rating: 1401 &rarr; <strong>1381</strong><br />(-20 for losing)
|l|☆AZ's Return
|player|p2|
|l|☆TheGamingPolitoed
|player|p1|
