|j|☆SSJ Kil
|j|☆mala☆huju
|t:|1760328786
|gametype|singles
|player|p1|SSJ Kil|n|1609
|player|p2|mala☆huju|#malahuju|1566
|gen|9
|tier|[Gen 9] OU
|rated|
|rule|HP Percentage Mod: HP is shown in percentages
|rule|Endless Battle Clause: Forcing endless battles is banned
|rule|Species Clause: Limit one of each Pokémon
|rule|OHKO Clause: OHKO moves are banned
|rule|Evasion Items Clause: Evasion items are banned
|rule|Evasion Moves Clause: Evasion moves are banned
|rule|Evasion Abilities Clause: Evasion abilities are banned
|rule|Sleep Moves Clause: Sleep-inducing moves are banned
|clearpoke
|poke|p1|Zoroark-Hisui, M|
|poke|p1|Corviknight, F|
|poke|p1|Ogerpon-Wellspring, F|
|poke|p1|Sandy Shocks|
|poke|p1|Lokix, F|
|poke|p1|Cinderace, M|
|poke|p2|Rillaboom, M|
|poke|p2|Gholdengo|
|poke|p2|Raging Bolt|
|poke|p2|Glimmora, F|
|poke|p2|Great Tusk|
|poke|p2|Kingambit, M|
|teampreview
|inactive|Battle timer is ON: inactive players will automatically lose when time's up. (requested by SSJ Kil)
|c|☆mala☆huju|hf
|inactive|mala☆huju has 120 seconds left.
|
|t:|1760328841
|teamsize|p1|6
|teamsize|p2|6
|start
|switch|p1a: Sandy Shocks|Sandy Shocks|100/100
|switch|p2a: Glimmora|Glimmora, F|100/100
|turn|1
|
|t:|1760328852
|move|p1a: Sandy Shocks|Earth Power|p2a: Glimmora
|-supereffective|p2a: Glimmora
|-damage|p2a: Glimmora|0 fnt
|faint|p2a: Glimmora
|
|upkeep
|
|t:|1760328855
|switch|p2a: Rillaboom|Rillaboom, M|100/100
|-fieldstart|move: Grassy Terrain|[from] ability: Grassy Surge|[of] p2a: Rillaboom
|turn|2
|
|t:|1760328860
|-end|p1a: Sandy Shocks|Protosynthesis|[silent]
|switch|p1a: Corviknight|Corviknight, F|100/100
|-ability|p1a: Corviknight|Pressure
|switch|p2a: Raging Bolt|Raging Bolt|100/100
|
|upkeep
|turn|3
|
|t:|1760328867
|move|p2a: Raging Bolt|Calm Mind|p2a: Raging Bolt
|-boost|p2a: Raging Bolt|spa|1
|-boost|p2a: Raging Bolt|spd|1
|move|p1a: Corviknight|U-turn|p2a: Raging Bolt
|-damage|p2a: Raging Bolt|90/100
|
|t:|1760328869
|switch|p1a: Ogerpon|Ogerpon-Wellspring, F|100/100|[from] U-turn
|
|-heal|p2a: Raging Bolt|96/100|[from] Grassy Terrain
|-heal|p2a: Raging Bolt|100/100|[from] item: Leftovers
|upkeep
|turn|4
|
|t:|1760328874
|-end|p2a: Raging Bolt|Protosynthesis|[silent]
|switch|p2a: Gholdengo|Gholdengo|100/100
|-enditem|p2a: Gholdengo|Grassy Seed
|-boost|p2a: Gholdengo|def|1|[from] item: Grassy Seed
|move|p1a: Ogerpon|Encore|p2a: Gholdengo
|-immune|p2a: Gholdengo|[from] ability: Good as Gold
|
|upkeep
|turn|5
|j| Wilkcraft
|
|t:|1760328883
|move|p1a: Ogerpon|U-turn|p2a: Gholdengo
|-resisted|p2a: Gholdengo
|-crit|p2a: Gholdengo
|-damage|p2a: Gholdengo|91/100
|
|t:|1760328901
|switch|p1a: Sandy Shocks|Sandy Shocks|100/100|[from] U-turn
|move|p2a: Gholdengo|Make It Rain|p1a: Sandy Shocks
|-damage|p1a: Sandy Shocks|0 fnt
|-unboost|p2a: Gholdengo|spa|1
|replace|p1a: Zoroark|Zoroark-Hisui, M, shiny
|-end|p1a: Zoroark|Illusion
|faint|p1a: Zoroark
|
|-heal|p2a: Gholdengo|97/100|[from] Grassy Terrain
|upkeep
|
|t:|1760328911
|switch|p1a: Cinderace|Cinderace, M, shiny|100/100
|turn|6
|
|t:|1760328918
|move|p1a: Cinderace|Pyro Ball|p2a: Gholdengo|[miss]
|-miss|p1a: Cinderace|p2a: Gholdengo
|move|p2a: Gholdengo|Shadow Ball|p1a: Cinderace
|-damage|p1a: Cinderace|56/100
|
|-heal|p1a: Cinderace|62/100|[from] Grassy Terrain
|-heal|p2a: Gholdengo|100/100|[from] Grassy Terrain
|-fieldend|move: Grassy Terrain
|upkeep
|turn|7
|
|t:|1760328921
|-terastallize|p1a: Cinderace|Fire
|move|p1a: Cinderace|Pyro Ball|p2a: Gholdengo
|-supereffective|p2a: Gholdengo
|-damage|p2a: Gholdengo|0 fnt
|faint|p2a: Gholdengo
|
|upkeep
|
|t:|1760328930
|switch|p2a: Raging Bolt|Raging Bolt|100/100
|turn|8
|
|t:|1760328945
|switch|p1a: Sandy Shocks|Sandy Shocks|100/100
|move|p2a: Raging Bolt|Dragon Pulse|p1a: Sandy Shocks
|-damage|p1a: Sandy Shocks|49/100
|
|upkeep
|turn|9
|
|t:|1760328950
|-end|p2a: Raging Bolt|Protosynthesis|[silent]
|switch|p2a: Rillaboom|Rillaboom, M|100/100
|-fieldstart|move: Grassy Terrain|[from] ability: Grassy Surge|[of] p2a: Rillaboom
|move|p1a: Sandy Shocks|Volt Switch|p2a: Rillaboom
|-resisted|p2a: Rillaboom
|-damage|p2a: Rillaboom|79/100
|
|t:|1760328956
|-end|p1a: Sandy Shocks|Protosynthesis|[silent]
|switch|p1a: Corviknight|Corviknight, F|100/100|[from] Volt Switch
|-ability|p1a: Corviknight|Pressure
|
|-heal|p2a: Rillaboom|85/100|[from] Grassy Terrain
|upkeep
|turn|10
|
|t:|1760328960
|move|p2a: Rillaboom|Knock Off|p1a: Corviknight
|-damage|p1a: Corviknight|71/100
|-damage|p2a: Rillaboom|68/100|[from] item: Rocky Helmet|[of] p1a: Corviknight
|-enditem|p1a: Corviknight|Rocky Helmet|[from] move: Knock Off|[of] p2a: Rillaboom
|-damage|p2a: Rillaboom|58/100|[from] item: Life Orb
|move|p1a: Corviknight|U-turn|p2a: Rillaboom
|-supereffective|p2a: Rillaboom
|-damage|p2a: Rillaboom|25/100
|
|t:|1760328976
|switch|p1a: Lokix|Lokix, F|100/100|[from] U-turn
|
|-heal|p2a: Rillaboom|32/100|[from] Grassy Terrain
|upkeep
|turn|11
|
|t:|1760328979
|move|p2a: Rillaboom|Grassy Glide|p1a: Lokix
|-resisted|p1a: Lokix
|-damage|p1a: Lokix|62/100
|-damage|p2a: Rillaboom|22/100|[from] item: Life Orb
|move|p1a: Lokix|U-turn|p2a: Rillaboom
|-supereffective|p2a: Rillaboom
|-damage|p2a: Rillaboom|0 fnt
|faint|p2a: Rillaboom
|
|t:|1760329006
|switch|p1a: Corviknight|Corviknight, F|71/100|[from] U-turn
|-ability|p1a: Corviknight|Pressure
|
|upkeep
|
|t:|1760329010
|switch|p2a: Raging Bolt|Raging Bolt|100/100
|turn|12
|
|t:|1760329018
|move|p2a: Raging Bolt|Dragon Pulse|p1a: Corviknight
|-resisted|p1a: Corviknight
|-damage|p1a: Corviknight|50/100
|move|p1a: Corviknight|U-turn|p2a: Raging Bolt
|-damage|p2a: Raging Bolt|91/100
|
|t:|1760329028
|switch|p1a: Sandy Shocks|Sandy Shocks|49/100|[from] U-turn
|
|-heal|p1a: Sandy Shocks|55/100|[from] Grassy Terrain
|-heal|p2a: Raging Bolt|97/100|[from] Grassy Terrain
|-heal|p2a: Raging Bolt|100/100|[from] item: Leftovers
|upkeep
|turn|13
|
|t:|1760329049
|-end|p2a: Raging Bolt|Protosynthesis|[silent]
|switch|p2a: Kingambit|Kingambit, M|100/100
|-activate|p2a: Kingambit|ability: Supreme Overlord
|-start|p2a: Kingambit|fallen3|[silent]
|move|p1a: Sandy Shocks|Earth Power|p2a: Kingambit
|-supereffective|p2a: Kingambit
|-damage|p2a: Kingambit|14/100
|
|-heal|p1a: Sandy Shocks|62/100|[from] Grassy Terrain
|-heal|p2a: Kingambit|20/100|[from] Grassy Terrain
|-heal|p2a: Kingambit|26/100|[from] item: Leftovers
|-fieldend|move: Grassy Terrain
|upkeep
|turn|14
|
|t:|1760329056
|move|p2a: Kingambit|Sucker Punch|p1a: Sandy Shocks
|-damage|p1a: Sandy Shocks|0 fnt
|faint|p1a: Sandy Shocks
|-end|p1a: Sandy Shocks|Protosynthesis|[silent]
|
|-heal|p2a: Kingambit|32/100|[from] item: Leftovers
|upkeep
|
|t:|1760329060
|switch|p1a: Corviknight|Corviknight, F|50/100
|-ability|p1a: Corviknight|Pressure
|turn|15
|
|t:|1760329064
|move|p2a: Kingambit|Kowtow Cleave|p1a: Corviknight
|-damage|p1a: Corviknight|12/100
|move|p1a: Corviknight|Body Press|p2a: Kingambit
|-supereffective|p2a: Kingambit
|-damage|p2a: Kingambit|0 fnt
|faint|p2a: Kingambit
|-end|p2a: Kingambit|fallen3|[silent]
|
|upkeep
|
|t:|1760329069
|switch|p2a: Raging Bolt|Raging Bolt|100/100
|turn|16
|
|t:|1760329073
|move|p2a: Raging Bolt|Thunderbolt|p1a: Corviknight
|-supereffective|p1a: Corviknight
|-damage|p1a: Corviknight|0 fnt
|faint|p1a: Corviknight
|
|upkeep
|
|t:|1760329076
|switch|p1a: Lokix|Lokix, F|62/100
|turn|17
|
|t:|1760329079
|move|p1a: Lokix|U-turn|p2a: Raging Bolt
|-damage|p2a: Raging Bolt|66/100
|
|t:|1760329081
|switch|p1a: Ogerpon|Ogerpon-Wellspring, F|100/100|[from] U-turn
|move|p2a: Raging Bolt|Thunderbolt|p1a: Ogerpon
|-damage|p1a: Ogerpon|50/100
|
|-heal|p2a: Raging Bolt|72/100|[from] item: Leftovers
|upkeep
|turn|18
|
|t:|1760329087
|move|p1a: Ogerpon|U-turn|p2a: Raging Bolt
|-damage|p2a: Raging Bolt|53/100
|
|t:|1760329091
|switch|p1a: Lokix|Lokix, F|62/100|[from] U-turn
|move|p2a: Raging Bolt|Thunderbolt|p1a: Lokix
|-damage|p1a: Lokix|0 fnt
|faint|p1a: Lokix
|
|-heal|p2a: Raging Bolt|59/100|[from] item: Leftovers
|upkeep
|
|t:|1760329094
|switch|p1a: Cinderace|Cinderace, M, shiny, tera:Fire|62/100
|turn|19
|
|t:|1760329110
|switch|p1a: Ogerpon|Ogerpon-Wellspring, F|50/100
|move|p2a: Raging Bolt|Thunderclap||[still]
|-fail|p2a: Raging Bolt
|
|-heal|p2a: Raging Bolt|65/100|[from] item: Leftovers
|upkeep
|turn|20
|
|t:|1760329114
|move|p2a: Raging Bolt|Thunderclap||[still]
|-fail|p2a: Raging Bolt
|move|p1a: Ogerpon|Encore|p2a: Raging Bolt
|-start|p2a: Raging Bolt|Encore
|
|-heal|p2a: Raging Bolt|71/100|[from] item: Leftovers
|upkeep
|turn|21
|
|t:|1760329119
|switch|p1a: Cinderace|Cinderace, M, shiny, tera:Fire|62/100
|move|p2a: Raging Bolt|Thunderclap||[still]
|-fail|p2a: Raging Bolt
|
|-heal|p2a: Raging Bolt|78/100|[from] item: Leftovers
|upkeep
|turn|22
|
|t:|1760329122
|switch|p1a: Ogerpon|Ogerpon-Wellspring, F|50/100
|move|p2a: Raging Bolt|Thunderclap||[still]
|-fail|p2a: Raging Bolt
|
|-heal|p2a: Raging Bolt|84/100|[from] item: Leftovers
|upkeep
|turn|23
|
|t:|1760329124
|move|p2a: Raging Bolt|Thunderclap||[still]
|-fail|p2a: Raging Bolt
|move|p1a: Ogerpon|Encore||[still]
|-fail|p1a: Ogerpon
|
|-heal|p2a: Raging Bolt|90/100|[from] item: Leftovers
|-end|p2a: Raging Bolt|Encore
|upkeep
|turn|24
|
|t:|1760329132
|move|p1a: Ogerpon|Encore|p2a: Raging Bolt
|-start|p2a: Raging Bolt|Encore
|move|p2a: Raging Bolt|Thunderclap||[still]
|-fail|p2a: Raging Bolt
|
|-heal|p2a: Raging Bolt|96/100|[from] item: Leftovers
|upkeep
|turn|25
|
|t:|1760329134
|switch|p1a: Cinderace|Cinderace, M, shiny, tera:Fire|62/100
|move|p2a: Raging Bolt|Thunderclap||[still]
|-fail|p2a: Raging Bolt
|
|-heal|p2a: Raging Bolt|100/100|[from] item: Leftovers
|upkeep
|turn|26
|
|t:|1760329138
|switch|p1a: Ogerpon|Ogerpon-Wellspring, F|50/100
|move|p2a: Raging Bolt|Thunderclap||[still]
|-fail|p2a: Raging Bolt
|
|-end|p2a: Raging Bolt|Encore
|upkeep
|turn|27
|c|☆mala☆huju|gg
|
|t:|1760329146
|move|p1a: Ogerpon|Ivy Cudgel|p2a: Raging Bolt|[anim] Ivy Cudgel Water
|-resisted|p2a: Raging Bolt
|-damage|p2a: Raging Bolt|79/100
|move|p2a: Raging Bolt|Thunderbolt|p1a: Ogerpon
|-damage|p1a: Ogerpon|0 fnt
|faint|p1a: Ogerpon
|
|-heal|p2a: Raging Bolt|85/100|[from] item: Leftovers
|upkeep
|
|t:|1760329149
|switch|p1a: Cinderace|Cinderace, M, shiny, tera:Fire|62/100
|turn|28
|
|t:|1760329152
|move|p1a: Cinderace|High Jump Kick|p2a: Raging Bolt
|-damage|p2a: Raging Bolt|54/100
|move|p2a: Raging Bolt|Thunderbolt|p1a: Cinderace
|-damage|p1a: Cinderace|0 fnt
|faint|p1a: Cinderace
|
|win|mala☆huju
|raw|SSJ Kil's rating: 1609 &rarr; <strong>1587</strong><br />(-22 for losing)
|raw|mala☆huju's rating: 1566 &rarr; <strong>1588</strong><br />(+22 for winning)
|l|☆SSJ Kil
|player|p1|
|l|☆mala☆huju
|player|p2|
|l| Wilkcraft
