|j|☆potayo
|j|☆apotato135
|t:|1760300123
|gametype|singles
|player|p1|potayo|1|1622
|player|p2|apotato135|swimmer-gen4dp|1652
|gen|9
|tier|[Gen 9] OU
|rated|
|rule|HP Percentage Mod: HP is shown in percentages
|rule|Endless Battle Clause: Forcing endless battles is banned
|rule|Species Clause: Limit one of each Pokémon
|rule|OHKO Clause: OHKO moves are banned
|rule|Evasion Items Clause: Evasion items are banned
|rule|Evasion Moves Clause: Evasion moves are banned
|rule|Evasion Abilities Clause: Evasion abilities are banned
|rule|Sleep Moves Clause: Sleep-inducing moves are banned
|clearpoke
|poke|p1|Volcanion|
|poke|p1|Cresselia, F|
|poke|p1|Hatterene, F|
|poke|p1|Hoopa-Unbound|
|poke|p1|Conkeldurr, F|
|poke|p1|Cetitan, F|
|poke|p2|Rillaboom, M|
|poke|p2|Ogerpon-Wellspring, F|
|poke|p2|Mamoswine, M|
|poke|p2|Weezing-Galar, M|
|poke|p2|Raging Bolt|
|poke|p2|Heatran, F|
|teampreview
|inactive|Battle timer is ON: inactive players will automatically lose when time's up. (requested by apotato135)
|
|t:|1760300142
|teamsize|p1|6
|teamsize|p2|6
|start
|switch|p1a: Conkeldurr|Conkeldurr, F|100/100
|switch|p2a: Heatran|Heatran, F|100/100
|turn|1
|
|t:|1760300150
|switch|p2a: Weezing|Weezing-Galar, M|100/100
|-ability|p2a: Weezing|Neutralizing Gas
|move|p1a: Conkeldurr|Drain Punch|p2a: Weezing
|-resisted|p2a: Weezing
|-damage|p2a: Weezing|91/100
|
|upkeep
|turn|2
|
|t:|1760300159
|move|p2a: Weezing|Sludge Bomb|p1a: Conkeldurr
|-damage|p1a: Conkeldurr|75/100
|move|p1a: Conkeldurr|Knock Off|p2a: Weezing
|-resisted|p2a: Weezing
|-damage|p2a: Weezing|79/100
|-enditem|p2a: Weezing|Heavy-Duty Boots|[from] move: Knock Off|[of] p1a: Conkeldurr
|
|upkeep
|turn|3
|
|t:|1760300168
|switch|p1a: Hoopa|Hoopa-Unbound|100/100
|move|p2a: Weezing|Sludge Bomb|p1a: Hoopa
|-damage|p1a: Hoopa|86/100
|-status|p1a: Hoopa|psn
|
|-damage|p1a: Hoopa|73/100 psn|[from] psn
|upkeep
|turn|4
|
|t:|1760300190
|-end|p2a: Weezing|ability: Neutralizing Gas
|switch|p2a: Heatran|Heatran, F|100/100
|move|p1a: Hoopa|Psychic Noise|p2a: Heatran
|-resisted|p2a: Heatran
|-damage|p2a: Heatran|87/100
|-start|p2a: Heatran|move: Heal Block
|
|-damage|p1a: Hoopa|61/100 psn|[from] psn
|upkeep
|turn|5
|
|t:|1760300199
|switch|p1a: Hatterene|Hatterene, F|100/100
|move|p2a: Heatran|Magma Storm|p1a: Hatterene|[miss]
|-miss|p2a: Heatran|p1a: Hatterene
|
|-end|p2a: Heatran|move: Heal Block
|upkeep
|turn|6
|
|t:|1760300205
|move|p2a: Heatran|Magma Storm|p1a: Hatterene
|-damage|p1a: Hatterene|59/100
|-activate|p1a: Hatterene|move: Magma Storm|[of] p2a: Heatran
|-enditem|p1a: Hatterene|Eject Button
|
|t:|1760300208
|switch|p1a: Cetitan|Cetitan, F|100/100
|
|-heal|p2a: Heatran|94/100|[from] item: Leftovers
|upkeep
|turn|7
|
|t:|1760300214
|switch|p2a: Weezing|Weezing-Galar, M|79/100
|-ability|p2a: Weezing|Neutralizing Gas
|move|p1a: Cetitan|Belly Drum|p1a: Cetitan
|-damage|p1a: Cetitan|50/100
|-setboost|p1a: Cetitan|atk|6|[from] move: Belly Drum
|
|upkeep
|turn|8
|
|t:|1760300231
|move|p1a: Cetitan|Earthquake|p2a: Weezing
|-supereffective|p2a: Weezing
|-damage|p2a: Weezing|0 fnt
|faint|p2a: Weezing
|-end|p2a: Weezing|ability: Neutralizing Gas
|
|upkeep
|
|t:|1760300233
|switch|p2a: Rillaboom|Rillaboom, M|100/100
|-fieldstart|move: Grassy Terrain|[from] ability: Grassy Surge|[of] p2a: Rillaboom
|turn|9
|
|t:|1760300238
|move|p1a: Cetitan|Endure|p1a: Cetitan
|-singleturn|p1a: Cetitan|move: Endure
|move|p2a: Rillaboom|Grassy Glide|p1a: Cetitan
|-damage|p1a: Cetitan|9/100
|-enditem|p1a: Cetitan|Salac Berry|[eat]
|-boost|p1a: Cetitan|spe|1|[from] item: Salac Berry
|
|-heal|p1a: Cetitan|15/100|[from] Grassy Terrain
|upkeep
|turn|10
|
|t:|1760300245
|move|p1a: Cetitan|Ice Shard|p2a: Rillaboom
|-supereffective|p2a: Rillaboom
|-crit|p2a: Rillaboom
|-damage|p2a: Rillaboom|0 fnt
|faint|p2a: Rillaboom
|
|-heal|p1a: Cetitan|22/100|[from] Grassy Terrain
|upkeep
|
|t:|1760300251
|switch|p2a: Ogerpon|Ogerpon-Wellspring, F|100/100
|turn|11
|
|t:|1760300263
|-terastallize|p2a: Ogerpon|Water
|detailschange|p2a: Ogerpon|Ogerpon-Wellspring-Tera, F, tera:Water
|-ability|p2a: Ogerpon|Embody Aspect (Wellspring)|boost
|-boost|p2a: Ogerpon|spd|1
|move|p1a: Cetitan|Endure|p1a: Cetitan
|-singleturn|p1a: Cetitan|move: Endure
|move|p2a: Ogerpon|Grassy Glide|p1a: Cetitan
|-activate|p1a: Cetitan|move: Endure
|-damage|p1a: Cetitan|1/100
|
|-heal|p1a: Cetitan|7/100|[from] Grassy Terrain
|upkeep
|turn|12
|
|t:|1760300277
|-terastallize|p1a: Cetitan|Ice
|move|p1a: Cetitan|Ice Shard|p2a: Ogerpon
|-resisted|p2a: Ogerpon
|-damage|p2a: Ogerpon|26/100
|move|p2a: Ogerpon|Grassy Glide|p1a: Cetitan
|-damage|p1a: Cetitan|0 fnt
|faint|p1a: Cetitan
|
|-heal|p2a: Ogerpon|32/100|[from] Grassy Terrain
|upkeep
|
|t:|1760300284
|switch|p1a: Conkeldurr|Conkeldurr, F|75/100
|turn|13
|
|t:|1760300289
|switch|p2a: Raging Bolt|Raging Bolt|100/100
|-enditem|p2a: Raging Bolt|Grassy Seed
|-boost|p2a: Raging Bolt|def|1|[from] item: Grassy Seed
|move|p1a: Conkeldurr|Mach Punch|p2a: Raging Bolt
|-damage|p2a: Raging Bolt|78/100
|
|-heal|p2a: Raging Bolt|84/100|[from] Grassy Terrain
|-heal|p1a: Conkeldurr|81/100|[from] Grassy Terrain
|upkeep
|turn|14
|
|t:|1760300295
|switch|p1a: Hatterene|Hatterene, F|59/100
|move|p2a: Raging Bolt|Calm Mind|p2a: Raging Bolt
|-boost|p2a: Raging Bolt|spa|1
|-boost|p2a: Raging Bolt|spd|1
|
|-heal|p2a: Raging Bolt|90/100|[from] Grassy Terrain
|-heal|p1a: Hatterene|65/100|[from] Grassy Terrain
|upkeep
|turn|15
|
|t:|1760300301
|move|p2a: Raging Bolt|Discharge|p1a: Hatterene
|-damage|p1a: Hatterene|0 fnt
|faint|p1a: Hatterene
|
|-heal|p2a: Raging Bolt|97/100|[from] Grassy Terrain
|upkeep
|
|t:|1760300305
|switch|p1a: Hoopa|Hoopa-Unbound|61/100 psn
|turn|16
|
|t:|1760300309
|move|p2a: Raging Bolt|Discharge|p1a: Hoopa
|-damage|p1a: Hoopa|20/100 psn
|-enditem|p1a: Hoopa|Sitrus Berry|[eat]
|-heal|p1a: Hoopa|45/100 psn|[from] item: Sitrus Berry
|move|p1a: Hoopa|Trick Room|p1a: Hoopa
|-fieldstart|move: Trick Room|[of] p1a: Hoopa
|
|-heal|p1a: Hoopa|51/100 psn|[from] Grassy Terrain
|-heal|p2a: Raging Bolt|100/100|[from] Grassy Terrain
|-damage|p1a: Hoopa|39/100 psn|[from] psn
|-fieldend|move: Grassy Terrain
|upkeep
|turn|17
|
|t:|1760300313
|move|p1a: Hoopa|Destiny Bond|p1a: Hoopa
|-singlemove|p1a: Hoopa|Destiny Bond
|move|p2a: Raging Bolt|Discharge|p1a: Hoopa
|-damage|p1a: Hoopa|1/100 psn
|
|-damage|p1a: Hoopa|0 fnt|[from] psn
|faint|p1a: Hoopa
|upkeep
|-message|potayo forfeited.
|
|win|apotato135
|raw|potayo's rating: 1622 &rarr; <strong>1604</strong><br />(-18 for losing)
|raw|apotato135's rating: 1652 &rarr; <strong>1670</strong><br />(+18 for winning)
|l|☆potayo
|player|p1|
|l|☆apotato135
|player|p2|
