|j|☆Lolgasm
|j|☆fang_storm26
|t:|1760461170
|gametype|singles
|player|p1|Lolgasm|170|1164
|player|p2|fang_storm26|brycenman|1200
|gen|9
|tier|[Gen 9] OU
|rated|
|rule|HP Percentage Mod: HP is shown in percentages
|rule|Endless Battle Clause: Forcing endless battles is banned
|rule|Species Clause: Limit one of each Pokémon
|rule|OHKO Clause: OHKO moves are banned
|rule|Evasion Items Clause: Evasion items are banned
|rule|Evasion Moves Clause: Evasion moves are banned
|rule|Evasion Abilities Clause: Evasion abilities are banned
|rule|Sleep Moves Clause: Sleep-inducing moves are banned
|clearpoke
|poke|p1|Ninetales, M|
|poke|p1|Walking Wake|
|poke|p1|Hatterene, F|
|poke|p1|Great Tusk|
|poke|p1|Raging Bolt|
|poke|p1|Ceruledge, F|
|poke|p2|Minior-Blue|
|poke|p2|Hitmontop, M|
|poke|p2|Jolteon, F|
|poke|p2|Toucannon, F|
|poke|p2|Sandaconda, M|
|poke|p2|Araquanid, F|
|teampreview
|inactive|Battle timer is ON: inactive players will automatically lose when time's up. (requested by Lolgasm)
|
|t:|1760461176
|teamsize|p1|6
|teamsize|p2|6
|start
|switch|p1a: Daydream|Ninetales, M, shiny|100/100
|switch|p2a: Araquanid|Araquanid, F|100/100
|-weather|SunnyDay|[from] ability: Drought|[of] p1a: Daydream
|turn|1
|
|t:|1760461180
|switch|p1a: Duko|Hatterene, F, shiny|100/100
|move|p2a: Araquanid|Sticky Web|p1a: Duko
|move|p1a: Duko|Sticky Web|p2a: Araquanid|[from] ability: Magic Bounce
|-sidestart|p2: fang_storm26|move: Sticky Web
|
|-weather|SunnyDay|[upkeep]
|upkeep
|turn|2
|
|t:|1760461187
|move|p2a: Araquanid|Iron Defense|p2a: Araquanid
|-boost|p2a: Araquanid|def|2
|move|p1a: Duko|Psychic|p2a: Araquanid
|-damage|p2a: Araquanid|67/100
|
|-weather|SunnyDay|[upkeep]
|upkeep
|turn|3
|
|t:|1760461192
|move|p2a: Araquanid|Iron Defense|p2a: Araquanid
|-boost|p2a: Araquanid|def|2
|move|p1a: Duko|Psychic|p2a: Araquanid
|-damage|p2a: Araquanid|33/100
|
|-weather|SunnyDay|[upkeep]
|upkeep
|turn|4
|
|t:|1760461197
|move|p2a: Araquanid|Leech Life|p1a: Duko
|-damage|p1a: Duko|78/100
|-heal|p2a: Araquanid|45/100|[from] drain|[of] p1a: Duko
|-enditem|p1a: Duko|Eject Button
|
|t:|1760461213
|switch|p1a: Mr. Banana|Walking Wake|100/100
|-activate|p1a: Mr. Banana|ability: Protosynthesis
|-start|p1a: Mr. Banana|protosynthesisspe
|
|-weather|SunnyDay|[upkeep]
|upkeep
|turn|5
|
|t:|1760461219
|move|p1a: Mr. Banana|Dragon Pulse|p2a: Araquanid
|-damage|p2a: Araquanid|0 fnt
|faint|p2a: Araquanid
|
|-weather|SunnyDay|[upkeep]
|upkeep
|
|t:|1760461222
|switch|p2a: Hitmontop|Hitmontop, M|100/100
|-activate|p2a: Hitmontop|move: Sticky Web
|-unboost|p2a: Hitmontop|spe|1
|turn|6
|
|t:|1760461226
|move|p1a: Mr. Banana|Dragon Pulse|p2a: Hitmontop
|-damage|p2a: Hitmontop|61/100
|move|p2a: Hitmontop|Rapid Spin|p1a: Mr. Banana
|-damage|p1a: Mr. Banana|79/100
|-boost|p2a: Hitmontop|spe|1
|-sideend|p2: fang_storm26|Sticky Web|[from] move: Rapid Spin|[of] p2a: Hitmontop
|
|-weather|SunnyDay|[upkeep]
|upkeep
|turn|7
|
|t:|1760461237
|-end|p1a: Mr. Banana|Protosynthesis|[silent]
|switch|p1a: Glass Shadows|Ceruledge, F, shiny|100/100
|move|p2a: Hitmontop|Rapid Spin|p1a: Glass Shadows
|-immune|p1a: Glass Shadows
|
|-weather|SunnyDay|[upkeep]
|upkeep
|turn|8
|
|t:|1760461245
|move|p1a: Glass Shadows|Bitter Blade|p2a: Hitmontop
|-damage|p2a: Hitmontop|0 fnt
|faint|p2a: Hitmontop
|
|-weather|none
|upkeep
|
|t:|1760461253
|switch|p2a: Toucannon|Toucannon, F, shiny|100/100
|turn|9
|
|t:|1760461261
|move|p1a: Glass Shadows|Bitter Blade|p2a: Toucannon
|-damage|p2a: Toucannon|58/100
|move|p2a: Toucannon|Rock Blast|p1a: Glass Shadows
|-supereffective|p1a: Glass Shadows
|-damage|p1a: Glass Shadows|81/100
|-ability|p1a: Glass Shadows|Weak Armor|boost
|-unboost|p1a: Glass Shadows|def|1
|-boost|p1a: Glass Shadows|spe|2
|-enditem|p1a: Glass Shadows|Weakness Policy
|-boost|p1a: Glass Shadows|atk|2|[from] item: Weakness Policy
|-boost|p1a: Glass Shadows|spa|2|[from] item: Weakness Policy
|-supereffective|p1a: Glass Shadows
|-damage|p1a: Glass Shadows|52/100
|-ability|p1a: Glass Shadows|Weak Armor|boost
|-unboost|p1a: Glass Shadows|def|1
|-boost|p1a: Glass Shadows|spe|2
|-supereffective|p1a: Glass Shadows
|-damage|p1a: Glass Shadows|15/100
|-ability|p1a: Glass Shadows|Weak Armor|boost
|-unboost|p1a: Glass Shadows|def|1
|-boost|p1a: Glass Shadows|spe|2
|-supereffective|p1a: Glass Shadows
|-damage|p1a: Glass Shadows|0 fnt
|faint|p1a: Glass Shadows
|-hitcount|p1: Glass Shadows|4
|
|upkeep
|
|t:|1760461269
|switch|p1a: Daydream|Ninetales, M, shiny|100/100
|-weather|SunnyDay|[from] ability: Drought|[of] p1a: Daydream
|turn|10
|
|t:|1760461276
|move|p1a: Daydream|Weather Ball|p2a: Toucannon
|-damage|p2a: Toucannon|23/100
|move|p2a: Toucannon|Rock Blast|p1a: Daydream
|-supereffective|p1a: Daydream
|-damage|p1a: Daydream|83/100
|-supereffective|p1a: Daydream
|-damage|p1a: Daydream|65/100
|-supereffective|p1a: Daydream
|-damage|p1a: Daydream|47/100
|-supereffective|p1a: Daydream
|-damage|p1a: Daydream|28/100
|-supereffective|p1a: Daydream
|-damage|p1a: Daydream|11/100
|-hitcount|p1a: Daydream|5
|
|-weather|SunnyDay|[upkeep]
|upkeep
|turn|11
|
|t:|1760461284
|switch|p2a: Minior|Minior-Blue, shiny|100/100
|-formechange|p2a: Minior|Minior-Meteor||[from] ability: Shields Down
|move|p1a: Daydream|Weather Ball|p2a: Minior
|-resisted|p2a: Minior
|-damage|p2a: Minior|71/100
|
|-weather|SunnyDay|[upkeep]
|upkeep
|turn|12
|
|t:|1760461296
|switch|p1a: Luisin|Great Tusk|100/100
|-activate|p1a: Luisin|ability: Protosynthesis
|-start|p1a: Luisin|protosynthesisatk
|move|p2a: Minior|Shell Smash|p2a: Minior
|-unboost|p2a: Minior|def|1
|-unboost|p2a: Minior|spd|1
|-boost|p2a: Minior|atk|2
|-boost|p2a: Minior|spa|2
|-boost|p2a: Minior|spe|2
|-enditem|p2a: Minior|White Herb
|-clearnegativeboost|p2a: Minior|[silent]
|
|-weather|SunnyDay|[upkeep]
|upkeep
|turn|13
|
|t:|1760461302
|-terastallize|p2a: Minior|Flying
|move|p2a: Minior|Acrobatics|p1a: Luisin
|-supereffective|p1a: Luisin
|-damage|p1a: Luisin|0 fnt
|faint|p1a: Luisin
|-end|p1a: Luisin|Protosynthesis|[silent]
|
|-weather|SunnyDay|[upkeep]
|upkeep
|
|t:|1760461308
|switch|p1a: Rager|Raging Bolt|100/100
|-activate|p1a: Rager|ability: Protosynthesis
|-start|p1a: Rager|protosynthesisspa
|turn|14
|
|t:|1760461313
|move|p1a: Rager|Thunderclap|p2a: Minior
|-supereffective|p2a: Minior
|-damage|p2a: Minior|0 fnt
|faint|p2a: Minior
|
|-weather|SunnyDay|[upkeep]
|upkeep
|
|t:|1760461318
|switch|p2a: Sandaconda|Sandaconda, M, shiny|100/100
|turn|15
|
|t:|1760461323
|move|p1a: Rager|Solar Beam||[still]
|-prepare|p1a: Rager|Solar Beam
|-anim|p1a: Rager|Solar Beam|p2a: Sandaconda
|-supereffective|p2a: Sandaconda
|-damage|p2a: Sandaconda|0 fnt
|faint|p2a: Sandaconda
|
|-weather|SunnyDay|[upkeep]
|upkeep
|
|t:|1760461327
|switch|p2a: Toucannon|Toucannon, F, shiny|23/100
|turn|16
|
|t:|1760461333
|move|p1a: Rager|Thunderclap|p2a: Toucannon
|-supereffective|p2a: Toucannon
|-damage|p2a: Toucannon|0 fnt
|faint|p2a: Toucannon
|
|-weather|SunnyDay|[upkeep]
|upkeep
|
|t:|1760461334
|switch|p2a: Jolteon|Jolteon, F|100/100
|turn|17
|
|t:|1760461339
|move|p2a: Jolteon|Calm Mind|p2a: Jolteon
|-boost|p2a: Jolteon|spa|1
|-boost|p2a: Jolteon|spd|1
|move|p1a: Rager|Dragon Pulse|p2a: Jolteon
|-damage|p2a: Jolteon|42/100
|
|-weather|none
|-end|p1a: Rager|Protosynthesis
|-status|p2a: Jolteon|brn|[from] item: Flame Orb
|upkeep
|turn|18
|
|t:|1760461352
|move|p2a: Jolteon|Tera Blast|p1a: Rager
|-damage|p1a: Rager|62/100
|move|p1a: Rager|Dragon Pulse|p2a: Jolteon
|-damage|p2a: Jolteon|0 fnt
|faint|p2a: Jolteon
|
|win|Lolgasm
|raw|Lolgasm's rating: 1164 &rarr; <strong>1192</strong><br />(+28 for winning)
|raw|fang_storm26's rating: 1200 &rarr; <strong>1172</strong><br />(-28 for losing)
|l|☆fang_storm26
|player|p2|
|l|☆Lolgasm
|player|p1|
