|j|☆kasalijie
|j|☆Steez Ibanez
|t:|1760429024
|gametype|singles
|player|p1|kasalijie|iono|1513
|player|p2|Steez Ibanez|pokemonranger-gen4|1606
|gen|9
|tier|[Gen 9] OU
|rated|
|rule|HP Percentage Mod: HP is shown in percentages
|rule|Endless Battle Clause: Forcing endless battles is banned
|rule|Species Clause: Limit one of each Pokémon
|rule|OHKO Clause: OHKO moves are banned
|rule|Evasion Items Clause: Evasion items are banned
|rule|Evasion Moves Clause: Evasion moves are banned
|rule|Evasion Abilities Clause: Evasion abilities are banned
|rule|Sleep Moves Clause: Sleep-inducing moves are banned
|clearpoke
|poke|p1|Glimmora, F|
|poke|p1|Iron Valiant|
|poke|p1|Ogerpon-Wellspring, F|
|poke|p1|Kingambit, F|
|poke|p1|Dragonite, M|
|poke|p1|Iron Treads|
|poke|p2|Dragapult, M|
|poke|p2|Zapdos|
|poke|p2|Gholdengo|
|poke|p2|Gliscor, M|
|poke|p2|Kyurem|
|poke|p2|Tinkaton, F|
|teampreview
|inactive|Battle timer is ON: inactive players will automatically lose when time's up. (requested by kasalijie)
|
|t:|1760429039
|teamsize|p1|6
|teamsize|p2|6
|start
|switch|p1a: Ogerpon|Ogerpon-Wellspring, F|100/100
|switch|p2a: Hat of Discipline|Tinkaton, F|100/100
|-item|p2a: Hat of Discipline|Air Balloon
|turn|1
|
|t:|1760429048
|move|p1a: Ogerpon|U-turn|p2a: Hat of Discipline
|-resisted|p2a: Hat of Discipline
|-crit|p2a: Hat of Discipline
|-damage|p2a: Hat of Discipline|88/100
|-enditem|p2a: Hat of Discipline|Air Balloon
|
|t:|1760429051
|switch|p1a: Iron Treads|Iron Treads|100/100|[from] U-turn
|move|p2a: Hat of Discipline|Thunder Wave|p1a: Iron Treads
|-immune|p1a: Iron Treads
|
|upkeep
|turn|2
|
|t:|1760429059
|move|p1a: Iron Treads|Earthquake|p2a: Hat of Discipline
|-supereffective|p2a: Hat of Discipline
|-damage|p2a: Hat of Discipline|0 fnt
|faint|p2a: Hat of Discipline
|
|upkeep
|
|t:|1760429063
|switch|p2a: Baldor|Kyurem|100/100
|-ability|p2a: Baldor|Pressure
|turn|3
|
|t:|1760429071
|move|p1a: Iron Treads|Iron Head|p2a: Baldor
|-supereffective|p2a: Baldor
|-damage|p2a: Baldor|33/100
|move|p2a: Baldor|Ice Beam|p1a: Iron Treads
|-damage|p1a: Iron Treads|47/100
|
|-heal|p2a: Baldor|40/100|[from] item: Leftovers
|upkeep
|turn|4
|
|t:|1760429076
|switch|p2a: Zenitsu|Zapdos|100/100
|move|p1a: Iron Treads|Iron Head|p2a: Zenitsu
|-resisted|p2a: Zenitsu
|-damage|p2a: Zenitsu|88/100
|
|upkeep
|turn|5
|
|t:|1760429081
|move|p1a: Iron Treads|Ice Spinner|p2a: Zenitsu
|-supereffective|p2a: Zenitsu
|-damage|p2a: Zenitsu|52/100
|-status|p1a: Iron Treads|par|[from] ability: Static|[of] p2a: Zenitsu
|move|p2a: Zenitsu|Hurricane|p1a: Iron Treads
|-resisted|p1a: Iron Treads
|-damage|p1a: Iron Treads|27/100 par
|
|upkeep
|turn|6
|
|t:|1760429090
|move|p2a: Zenitsu|Hurricane|p1a: Iron Treads|[miss]
|-miss|p2a: Zenitsu|p1a: Iron Treads
|move|p1a: Iron Treads|Earthquake|p2a: Zenitsu
|-immune|p2a: Zenitsu
|
|upkeep
|turn|7
|
|t:|1760429094
|move|p2a: Zenitsu|Roost|p2a: Zenitsu
|-heal|p2a: Zenitsu|100/100
|-singleturn|p2a: Zenitsu|move: Roost
|move|p1a: Iron Treads|Ice Spinner|p2a: Zenitsu
|-damage|p2a: Zenitsu|84/100
|
|upkeep
|turn|8
|
|t:|1760429100
|switch|p2a: Baldor|Kyurem|40/100
|-ability|p2a: Baldor|Pressure
|move|p1a: Iron Treads|Ice Spinner|p2a: Baldor
|-damage|p2a: Baldor|14/100
|
|-heal|p2a: Baldor|20/100|[from] item: Leftovers
|upkeep
|turn|9
|
|t:|1760429108
|move|p2a: Baldor|Ice Beam|p1a: Iron Treads
|-damage|p1a: Iron Treads|0 fnt
|faint|p1a: Iron Treads
|-end|p1a: Iron Treads|Quark Drive|[silent]
|
|-heal|p2a: Baldor|27/100|[from] item: Leftovers
|upkeep
|
|t:|1760429119
|switch|p1a: Ogerpon|Ogerpon-Wellspring, F|100/100
|turn|10
|
|t:|1760429128
|move|p1a: Ogerpon|Power Whip|p2a: Baldor
|-resisted|p2a: Baldor
|-damage|p2a: Baldor|0 fnt
|faint|p2a: Baldor
|
|upkeep
|
|t:|1760429132
|switch|p2a: Toothless|Dragapult, M|100/100
|turn|11
|
|t:|1760429135
|move|p2a: Toothless|U-turn|p1a: Ogerpon
|-supereffective|p1a: Ogerpon
|-damage|p1a: Ogerpon|44/100
|
|t:|1760429144
|switch|p2a: Zenitsu|Zapdos|84/100|[from] U-turn
|move|p1a: Ogerpon|U-turn|p2a: Zenitsu
|-resisted|p2a: Zenitsu
|-damage|p2a: Zenitsu|75/100
|
|t:|1760429148
|switch|p1a: Glimmora|Glimmora, F|100/100|[from] U-turn
|
|upkeep
|turn|12
|
|t:|1760429157
|move|p1a: Glimmora|Power Gem|p2a: Zenitsu
|-supereffective|p2a: Zenitsu
|-damage|p2a: Zenitsu|0 fnt
|faint|p2a: Zenitsu
|
|upkeep
|
|t:|1760429161
|switch|p2a: Gold Finger|Gholdengo|100/100
|turn|13
|
|t:|1760429164
|move|p1a: Glimmora|Earth Power|p2a: Gold Finger
|-supereffective|p2a: Gold Finger
|-damage|p2a: Gold Finger|24/100
|move|p2a: Gold Finger|Shadow Ball|p1a: Glimmora
|-damage|p1a: Glimmora|46/100
|
|upkeep
|turn|14
|
|t:|1760429169
|move|p1a: Glimmora|Earth Power|p2a: Gold Finger
|-supereffective|p2a: Gold Finger
|-damage|p2a: Gold Finger|0 fnt
|faint|p2a: Gold Finger
|
|upkeep
|
|t:|1760429171
|switch|p2a: Alucard|Gliscor, M|100/100
|turn|15
|
|t:|1760429175
|move|p1a: Glimmora|Power Gem|p2a: Alucard
|-crit|p2a: Alucard
|-damage|p2a: Alucard|49/100
|move|p2a: Alucard|Earthquake|p1a: Glimmora
|-supereffective|p1a: Glimmora
|-damage|p1a: Glimmora|0 fnt
|-activate|p1a: Glimmora|ability: Toxic Debris
|-sidestart|p2: Steez Ibanez|move: Toxic Spikes
|faint|p1a: Glimmora
|
|-status|p2a: Alucard|tox|[from] item: Toxic Orb
|upkeep
|
|t:|1760429180
|switch|p1a: Dragonite|Dragonite, M|100/100
|turn|16
|
|t:|1760429194
|move|p2a: Alucard|Protect|p2a: Alucard
|-singleturn|p2a: Alucard|Protect
|move|p1a: Dragonite|Outrage|p2a: Alucard
|-activate|p2a: Alucard|move: Protect
|
|-heal|p2a: Alucard|62/100 tox|[from] ability: Poison Heal
|upkeep
|turn|17
|
|t:|1760429214
|move|p2a: Alucard|Toxic|p1a: Dragonite|[miss]
|-miss|p2a: Alucard|p1a: Dragonite
|move|p1a: Dragonite|Outrage|p2a: Alucard
|-damage|p2a: Alucard|0 fnt
|faint|p2a: Alucard
|
|upkeep
|
|t:|1760429218
|switch|p2a: Toothless|Dragapult, M|100/100
|turn|18
|
|t:|1760429221
|-terastallize|p2a: Toothless|Fairy
|move|p2a: Toothless|Dragon Darts|p1a: Dragonite
|-supereffective|p1a: Dragonite
|-damage|p1a: Dragonite|80/100
|-anim|p2a: Toothless|Dragon Darts|p1a: Dragonite
|-supereffective|p1a: Dragonite
|-damage|p1a: Dragonite|37/100
|move|p1a: Dragonite|Outrage|p2a: Toothless|[from] lockedmove
|-immune|p2a: Toothless
|
|upkeep
|turn|19
|
|t:|1760429229
|switch|p1a: Ogerpon|Ogerpon-Wellspring, F|44/100
|move|p2a: Toothless|Dragon Darts|p1a: Ogerpon
|-damage|p1a: Ogerpon|16/100
|-anim|p2a: Toothless|Dragon Darts|p1a: Ogerpon
|-damage|p1a: Ogerpon|0 fnt
|faint|p1a: Ogerpon
|
|upkeep
|
|t:|1760429239
|switch|p1a: Iron Valiant|Iron Valiant|100/100
|-enditem|p1a: Iron Valiant|Booster Energy
|-activate|p1a: Iron Valiant|ability: Quark Drive|[fromitem]
|-start|p1a: Iron Valiant|quarkdrivespe
|turn|20
|
|t:|1760429247
|move|p1a: Iron Valiant|Moonblast|p2a: Toothless
|-crit|p2a: Toothless
|-damage|p2a: Toothless|0 fnt
|faint|p2a: Toothless
|
|win|kasalijie
|raw|kasalijie's rating: 1513 &rarr; <strong>1538</strong><br />(+25 for winning)
|raw|Steez Ibanez's rating: 1606 &rarr; <strong>1581</strong><br />(-25 for losing)
|l|☆Steez Ibanez
|player|p2|
|l|☆kasalijie
|player|p1|
