|j|☆patcheele~
|j|‽Bowllets
|t:|1760448706
|gametype|singles
|player|p1|patcheele~|preschooler-gen7|1401
|player|p2|Bowllets|170|1355
|gen|9
|tier|[Gen 9] OU
|rated|
|rule|HP Percentage Mod: HP is shown in percentages
|rule|Endless Battle Clause: Forcing endless battles is banned
|rule|Species Clause: Limit one of each Pokémon
|rule|OHKO Clause: OHKO moves are banned
|rule|Evasion Items Clause: Evasion items are banned
|rule|Evasion Moves Clause: Evasion moves are banned
|rule|Evasion Abilities Clause: Evasion abilities are banned
|rule|Sleep Moves Clause: Sleep-inducing moves are banned
|clearpoke
|poke|p1|Darkrai|
|poke|p1|Gholdengo|
|poke|p1|Samurott-Hisui, F|
|poke|p1|Great Tusk|
|poke|p1|Slowking-Galar, M|
|poke|p1|Zapdos|
|poke|p2|Enamorus, F|
|poke|p2|Garganacl, M|
|poke|p2|Gliscor, M|
|poke|p2|Darkrai|
|poke|p2|Blissey, F|
|poke|p2|Gholdengo|
|teampreview
|
|t:|1760448732
|teamsize|p1|6
|teamsize|p2|6
|start
|switch|p1a: Samurott|Samurott-Hisui, F|100/100
|switch|p2a: Enamorus|Enamorus, F|100/100
|turn|1
|
|t:|1760448751
|switch|p1a: Slowking|Slowking-Galar, M|100/100
|move|p2a: Enamorus|Moonblast|p1a: Slowking
|-resisted|p1a: Slowking
|-damage|p1a: Slowking|86/100
|
|upkeep
|turn|2
|
|t:|1760448759
|switch|p2a: Garganacl|Garganacl, M|100/100
|move|p1a: Slowking|Sludge Bomb|p2a: Garganacl
|-resisted|p2a: Garganacl
|-damage|p2a: Garganacl|87/100
|
|-heal|p2a: Garganacl|94/100|[from] item: Leftovers
|upkeep
|turn|3
|
|t:|1760448766
|move|p2a: Garganacl|Stealth Rock|p1a: Slowking
|-sidestart|p1: patcheele~|move: Stealth Rock
|move|p1a: Slowking|Future Sight|p2a: Garganacl
|-start|p1a: Slowking|move: Future Sight
|
|-heal|p2a: Garganacl|99/100|[from] item: Leftovers
|upkeep
|turn|4
|
|t:|1760448772
|switch|p1a: Great Tusk|Great Tusk|100/100
|move|p2a: Garganacl|Salt Cure|p1a: Great Tusk
|-resisted|p1a: Great Tusk
|-damage|p1a: Great Tusk|98/100
|-start|p1a: Great Tusk|Salt Cure
|
|-heal|p2a: Garganacl|100/100|[from] item: Leftovers
|-damage|p1a: Great Tusk|86/100|[from] Salt Cure
|upkeep
|turn|5
|
|t:|1760448780
|move|p2a: Garganacl|Protect|p2a: Garganacl
|-singleturn|p2a: Garganacl|Protect
|move|p1a: Great Tusk|Stealth Rock|p2a: Garganacl
|-sidestart|p2: Bowllets|move: Stealth Rock
|
|-end|p2a: Garganacl|move: Future Sight
|-damage|p2a: Garganacl|64/100
|-heal|p2a: Garganacl|70/100|[from] item: Leftovers
|-damage|p1a: Great Tusk|73/100|[from] Salt Cure
|upkeep
|turn|6
|
|t:|1760448792
|move|p1a: Great Tusk|Ice Spinner|p2a: Garganacl
|-damage|p2a: Garganacl|53/100
|move|p2a: Garganacl|Salt Cure|p1a: Great Tusk
|-resisted|p1a: Great Tusk
|-damage|p1a: Great Tusk|71/100
|
|-heal|p2a: Garganacl|59/100|[from] item: Leftovers
|-damage|p1a: Great Tusk|58/100|[from] Salt Cure
|upkeep
|turn|7
|
|t:|1760448803
|move|p1a: Great Tusk|Rapid Spin|p2a: Garganacl
|-resisted|p2a: Garganacl
|-damage|p2a: Garganacl|54/100
|-boost|p1a: Great Tusk|spe|1
|-sideend|p1: patcheele~|Stealth Rock|[from] move: Rapid Spin|[of] p1a: Great Tusk
|move|p2a: Garganacl|Salt Cure|p1a: Great Tusk
|-resisted|p1a: Great Tusk
|-damage|p1a: Great Tusk|56/100
|
|-heal|p2a: Garganacl|60/100|[from] item: Leftovers
|-damage|p1a: Great Tusk|44/100|[from] Salt Cure
|upkeep
|turn|8
|
|t:|1760448810
|-end|p1a: Great Tusk|Protosynthesis|[silent]
|switch|p1a: Samurott|Samurott-Hisui, F|100/100
|move|p2a: Garganacl|Stealth Rock|p1a: Samurott
|-sidestart|p1: patcheele~|move: Stealth Rock
|
|-heal|p2a: Garganacl|66/100|[from] item: Leftovers
|upkeep
|turn|9
|
|t:|1760448816
|move|p2a: Garganacl|Protect|p2a: Garganacl
|-singleturn|p2a: Garganacl|Protect
|move|p1a: Samurott|Ceaseless Edge|p2a: Garganacl
|-activate|p2a: Garganacl|move: Protect
|
|-heal|p2a: Garganacl|73/100|[from] item: Leftovers
|upkeep
|turn|10
|
|t:|1760448828
|move|p1a: Samurott|Flip Turn|p2a: Garganacl
|-supereffective|p2a: Garganacl
|-damage|p2a: Garganacl|39/100
|
|t:|1760448831
|switch|p1a: Gholdengo|Gholdengo|100/100|[from] Flip Turn
|-damage|p1a: Gholdengo|94/100|[from] Stealth Rock
|-item|p1a: Gholdengo|Air Balloon
|move|p2a: Garganacl|Salt Cure|p1a: Gholdengo
|-resisted|p1a: Gholdengo
|-damage|p1a: Gholdengo|89/100
|-start|p1a: Gholdengo|Salt Cure
|-enditem|p1a: Gholdengo|Air Balloon
|
|-heal|p2a: Garganacl|46/100|[from] item: Leftovers
|-damage|p1a: Gholdengo|65/100|[from] Salt Cure
|upkeep
|turn|11
|
|t:|1760448845
|switch|p1a: Samurott|Samurott-Hisui, F|100/100
|-damage|p1a: Samurott|88/100|[from] Stealth Rock
|move|p2a: Garganacl|Protect||[still]
|-fail|p2a: Garganacl
|
|-heal|p2a: Garganacl|52/100|[from] item: Leftovers
|upkeep
|turn|12
|inactive|Battle timer is ON: inactive players will automatically lose when time's up. (requested by Bowllets)
|
|t:|1760448896
|-terastallize|p2a: Garganacl|Water
|move|p1a: Samurott|Razor Shell|p2a: Garganacl|[miss]
|-miss|p1a: Samurott|p2a: Garganacl
|move|p2a: Garganacl|Recover|p2a: Garganacl
|-heal|p2a: Garganacl|100/100
|
|upkeep
|turn|13
|
|t:|1760448905
|move|p1a: Samurott|Ceaseless Edge|p2a: Garganacl
|-damage|p2a: Garganacl|77/100
|-sidestart|p2: Bowllets|Spikes
|move|p2a: Garganacl|Salt Cure|p1a: Samurott
|-damage|p1a: Samurott|72/100
|-start|p1a: Samurott|Salt Cure
|
|-heal|p2a: Garganacl|83/100|[from] item: Leftovers
|-damage|p1a: Samurott|47/100|[from] Salt Cure
|upkeep
|turn|14
|
|t:|1760448911
|switch|p1a: Zapdos|Zapdos|100/100
|move|p2a: Garganacl|Protect||[still]
|-fail|p2a: Garganacl
|
|-heal|p2a: Garganacl|90/100|[from] item: Leftovers
|upkeep
|turn|15
|
|t:|1760448914
|switch|p2a: Blissey|Blissey, F|100/100
|-damage|p2a: Blissey|88/100|[from] Stealth Rock
|-damage|p2a: Blissey|76/100|[from] Spikes
|move|p1a: Zapdos|Volt Switch|p2a: Blissey
|-damage|p2a: Blissey|65/100
|
|t:|1760448918
|switch|p1a: Samurott|Samurott-Hisui, F|47/100|[from] Volt Switch
|-damage|p1a: Samurott|35/100|[from] Stealth Rock
|
|-heal|p2a: Blissey|71/100|[from] item: Leftovers
|upkeep
|turn|16
|
|t:|1760448927
|move|p1a: Samurott|Ceaseless Edge|p2a: Blissey
|-damage|p2a: Blissey|36/100
|-sidestart|p2: Bowllets|Spikes
|move|p2a: Blissey|Seismic Toss|p1a: Samurott
|-damage|p1a: Samurott|9/100
|
|-heal|p2a: Blissey|42/100|[from] item: Leftovers
|upkeep
|turn|17
|inactive|patcheele~ has 120 seconds left.
|
|t:|1760448960
|move|p1a: Samurott|Ceaseless Edge|p2a: Blissey
|-damage|p2a: Blissey|4/100
|-sidestart|p2: Bowllets|Spikes
|move|p2a: Blissey|Seismic Toss|p1a: Samurott
|-damage|p1a: Samurott|0 fnt
|faint|p1a: Samurott
|
|-heal|p2a: Blissey|10/100|[from] item: Leftovers
|upkeep
|inactive|patcheele~ has 120 seconds left.
|
|t:|1760448967
|switch|p1a: Great Tusk|Great Tusk|44/100
|turn|18
|
|t:|1760448982
|switch|p2a: Gliscor|Gliscor, M|100/100
|-damage|p2a: Gliscor|88/100|[from] Stealth Rock
|move|p1a: Great Tusk|Ice Spinner|p2a: Gliscor
|-supereffective|p2a: Gliscor
|-damage|p2a: Gliscor|16/100
|
|-status|p2a: Gliscor|tox|[from] item: Toxic Orb
|upkeep
|turn|19
|
|t:|1760448986
|move|p2a: Gliscor|Protect|p2a: Gliscor
|-singleturn|p2a: Gliscor|Protect
|move|p1a: Great Tusk|Rapid Spin|p2a: Gliscor
|-activate|p2a: Gliscor|move: Protect
|
|-heal|p2a: Gliscor|28/100 tox|[from] ability: Poison Heal
|upkeep
|turn|20
|
|t:|1760449002
|switch|p2a: Garganacl|Garganacl, M, tera:Water|90/100
|-damage|p2a: Garganacl|77/100|[from] Stealth Rock
|-damage|p2a: Garganacl|52/100|[from] Spikes
|move|p1a: Great Tusk|Ice Spinner|p2a: Garganacl
|-resisted|p2a: Garganacl
|-damage|p2a: Garganacl|44/100
|
|-heal|p2a: Garganacl|50/100|[from] item: Leftovers
|upkeep
|turn|21
|
|t:|1760449010
|move|p2a: Garganacl|Protect|p2a: Garganacl
|-singleturn|p2a: Garganacl|Protect
|move|p1a: Great Tusk|Rapid Spin|p2a: Garganacl
|-activate|p2a: Garganacl|move: Protect
|
|-heal|p2a: Garganacl|56/100|[from] item: Leftovers
|upkeep
|turn|22
|
|t:|1760449016
|move|p1a: Great Tusk|Rapid Spin|p2a: Garganacl
|-damage|p2a: Garganacl|45/100
|-boost|p1a: Great Tusk|spe|1
|-sideend|p1: patcheele~|Stealth Rock|[from] move: Rapid Spin|[of] p1a: Great Tusk
|move|p2a: Garganacl|Salt Cure|p1a: Great Tusk
|-resisted|p1a: Great Tusk
|-damage|p1a: Great Tusk|41/100
|-start|p1a: Great Tusk|Salt Cure
|
|-heal|p2a: Garganacl|51/100|[from] item: Leftovers
|-damage|p1a: Great Tusk|29/100|[from] Salt Cure
|upkeep
|turn|23
|
|t:|1760449023
|-end|p1a: Great Tusk|Protosynthesis|[silent]
|switch|p1a: Darkrai|Darkrai|100/100
|move|p2a: Garganacl|Protect||[still]
|-fail|p2a: Garganacl
|
|-heal|p2a: Garganacl|58/100|[from] item: Leftovers
|upkeep
|turn|24
|
|t:|1760449032
|switch|p2a: Blissey|Blissey, F|10/100
|-damage|p2a: Blissey|0 fnt|[from] Stealth Rock
|faint|p2a: Blissey
|move|p1a: Darkrai|Dark Pulse|p2: Blissey|[notarget]
|-fail|p1a: Darkrai
|
|upkeep
|
|t:|1760449035
|switch|p2a: Enamorus|Enamorus, F|100/100
|-damage|p2a: Enamorus|76/100|[from] Stealth Rock
|turn|25
|
|t:|1760449061
|-terastallize|p1a: Darkrai|Poison
|move|p2a: Enamorus|Moonblast|p1a: Darkrai
|-resisted|p1a: Darkrai
|-damage|p1a: Darkrai|65/100
|-unboost|p1a: Darkrai|spa|1
|move|p1a: Darkrai|Sludge Bomb|p2a: Enamorus
|-supereffective|p2a: Enamorus
|-damage|p2a: Enamorus|0 fnt
|faint|p2a: Enamorus
|
|upkeep
|
|t:|1760449074
|switch|p2a: Darkrai|Darkrai|100/100
|-damage|p2a: Darkrai|88/100|[from] Stealth Rock
|-damage|p2a: Darkrai|63/100|[from] Spikes
|turn|26
|
|t:|1760449082
|move|p1a: Darkrai|Sludge Bomb|p2a: Darkrai
|-damage|p2a: Darkrai|20/100
|move|p2a: Darkrai|Dark Pulse|p1a: Darkrai
|-damage|p1a: Darkrai|0 fnt
|faint|p1a: Darkrai
|
|upkeep
|
|t:|1760449088
|switch|p1a: Zapdos|Zapdos|100/100
|turn|27
|
|t:|1760449092
|move|p2a: Darkrai|Dark Pulse|p1a: Zapdos
|-damage|p1a: Zapdos|36/100
|move|p1a: Zapdos|Hurricane|p2a: Darkrai
|-damage|p2a: Darkrai|0 fnt
|faint|p2a: Darkrai
|
|upkeep
|
|t:|1760449099
|switch|p2a: Gliscor|Gliscor, M|28/100 tox
|-damage|p2a: Gliscor|16/100 tox|[from] Stealth Rock
|turn|28
|
|t:|1760449106
|move|p2a: Gliscor|Spikes|p1a: Zapdos
|-sidestart|p1: patcheele~|Spikes
|move|p1a: Zapdos|Roost|p1a: Zapdos
|-heal|p1a: Zapdos|86/100
|-singleturn|p1a: Zapdos|move: Roost
|
|-heal|p2a: Gliscor|28/100 tox|[from] ability: Poison Heal
|upkeep
|turn|29
|
|t:|1760449110
|move|p2a: Gliscor|Spikes|p1a: Zapdos
|-sidestart|p1: patcheele~|Spikes
|move|p1a: Zapdos|Hurricane|p2a: Gliscor
|-damage|p2a: Gliscor|0 fnt
|faint|p2a: Gliscor
|
|upkeep
|
|t:|1760449117
|switch|p2a: Garganacl|Garganacl, M, tera:Water|58/100
|-damage|p2a: Garganacl|45/100|[from] Stealth Rock
|-damage|p2a: Garganacl|20/100|[from] Spikes
|turn|30
|
|t:|1760449121
|move|p2a: Garganacl|Protect|p2a: Garganacl
|-singleturn|p2a: Garganacl|Protect
|move|p1a: Zapdos|Volt Switch|p2a: Garganacl
|-activate|p2a: Garganacl|move: Protect
|
|-heal|p2a: Garganacl|26/100|[from] item: Leftovers
|upkeep
|turn|31
|
|t:|1760449126
|move|p1a: Zapdos|Volt Switch|p2a: Garganacl
|-supereffective|p2a: Garganacl
|-crit|p2a: Garganacl
|-damage|p2a: Garganacl|0 fnt
|faint|p2a: Garganacl
|
|t:|1760449128
|switch|p1a: Slowking|Slowking-Galar, M|100/100|[from] Volt Switch
|
|upkeep
|
|t:|1760449130
|switch|p2a: Gholdengo|Gholdengo|100/100
|-damage|p2a: Gholdengo|94/100|[from] Stealth Rock
|-damage|p2a: Gholdengo|70/100|[from] Spikes
|turn|32
|
|t:|1760449134
|move|p2a: Gholdengo|Thunder Wave|p1a: Slowking
|-status|p1a: Slowking|par
|move|p1a: Slowking|Future Sight|p2a: Gholdengo
|-start|p1a: Slowking|move: Future Sight
|
|-heal|p2a: Gholdengo|76/100|[from] item: Leftovers
|upkeep
|turn|33
|
|t:|1760449140
|move|p2a: Gholdengo|Nasty Plot|p2a: Gholdengo
|-boost|p2a: Gholdengo|spa|2
|-prepare|p1a: Slowking|Chilly Reception|[premajor]
|move|p1a: Slowking|Chilly Reception|p1a: Slowking
|-weather|Snowscape
|
|t:|1760449159
|switch|p1a: Great Tusk|Great Tusk|29/100|[from] Chilly Reception
|
|-weather|Snowscape|[upkeep]
|-heal|p2a: Gholdengo|82/100|[from] item: Leftovers
|upkeep
|turn|34
|
|t:|1760449167
|move|p1a: Great Tusk|Headlong Rush|p2a: Gholdengo
|-supereffective|p2a: Gholdengo
|-damage|p2a: Gholdengo|0 fnt
|-unboost|p1a: Great Tusk|def|1
|-unboost|p1a: Great Tusk|spd|1
|faint|p2a: Gholdengo
|
|win|patcheele~
|raw|patcheele~'s rating: 1401 &rarr; <strong>1418</strong><br />(+17 for winning)
|raw|Bowllets's rating: 1355 &rarr; <strong>1338</strong><br />(-17 for losing)
|l|‽Bowllets
|player|p2|
|c|☆patcheele~|gg
