|j|☆ss1234666ss
|j|☆mr.creep69
|t:|1760363545
|gametype|singles
|player|p1|ss1234666ss|2|1077
|player|p2|mr.creep69|265|1101
|gen|9
|tier|[Gen 9] OU
|rated|
|rule|HP Percentage Mod: HP is shown in percentages
|rule|Endless Battle Clause: Forcing endless battles is banned
|rule|Species Clause: Limit one of each Pokémon
|rule|OHKO Clause: OHKO moves are banned
|rule|Evasion Items Clause: Evasion items are banned
|rule|Evasion Moves Clause: Evasion moves are banned
|rule|Evasion Abilities Clause: Evasion abilities are banned
|rule|Sleep Moves Clause: Sleep-inducing moves are banned
|clearpoke
|poke|p1|Blissey, F|
|poke|p1|Kingdra, M|
|poke|p1|Kilowattrel, M|
|poke|p1|Mandibuzz, F|
|poke|p1|Blaziken, M|
|poke|p1|Toxapex, M|
|poke|p2|Scizor, M|
|poke|p2|Hitmonlee, M|
|poke|p2|Garganacl, F|
|poke|p2|Manaphy|
|poke|p2|Dunsparce, F|
|poke|p2|Heatran, M|
|teampreview
|inactive|Battle timer is ON: inactive players will automatically lose when time's up. (requested by mr.creep69)
|
|t:|1760363551
|teamsize|p1|6
|teamsize|p2|6
|start
|switch|p1a: 老哥哥|Kingdra, M|100/100
|switch|p2a: Heatran|Heatran, M|100/100
|-item|p2a: Heatran|Air Balloon
|turn|1
|
|t:|1760363563
|move|p1a: 老哥哥|Scald|p2a: Heatran
|-supereffective|p2a: Heatran
|-damage|p2a: Heatran|55/100
|-enditem|p2a: Heatran|Air Balloon
|move|p2a: Heatran|Stealth Rock|p1a: 老哥哥
|-sidestart|p1: ss1234666ss|move: Stealth Rock
|
|upkeep
|turn|2
|
|t:|1760363572
|move|p1a: 老哥哥|Scald|p2a: Heatran
|-supereffective|p2a: Heatran
|-damage|p2a: Heatran|13/100
|move|p2a: Heatran|Magma Storm|p1a: 老哥哥
|-resisted|p1a: 老哥哥
|-damage|p1a: 老哥哥|93/100
|-activate|p1a: 老哥哥|move: Magma Storm|[of] p2a: Heatran
|
|-damage|p1a: 老哥哥|81/100|[from] move: Magma Storm|[partiallytrapped]
|upkeep
|turn|3
|
|t:|1760363586
|move|p1a: 老哥哥|Scald|p2a: Heatran
|-supereffective|p2a: Heatran
|-damage|p2a: Heatran|0 fnt
|faint|p2a: Heatran
|
|-end|p1a: 老哥哥|Magma Storm|[partiallytrapped]|[silent]
|upkeep
|
|t:|1760363597
|switch|p2a: Manaphy|Manaphy|100/100
|turn|4
|
|t:|1760363608
|move|p2a: Manaphy|Tail Glow|p2a: Manaphy
|-boost|p2a: Manaphy|spa|3
|move|p1a: 老哥哥|Outrage|p2a: Manaphy
|-damage|p2a: Manaphy|62/100
|
|upkeep
|turn|5
|
|t:|1760363620
|move|p2a: Manaphy|Alluring Voice|p1a: 老哥哥
|-supereffective|p1a: 老哥哥
|-damage|p1a: 老哥哥|0 fnt
|faint|p1a: 老哥哥
|
|upkeep
|
|t:|1760363637
|switch|p1a: 普鳥|Kilowattrel, M|100/100
|-damage|p1a: 普鳥|76/100|[from] Stealth Rock
|turn|6
|
|t:|1760363652
|move|p1a: 普鳥|Thunderbolt|p2a: Manaphy
|-supereffective|p2a: Manaphy
|-damage|p2a: Manaphy|0 fnt
|faint|p2a: Manaphy
|
|upkeep
|
|t:|1760363659
|switch|p2a: Garganacl|Garganacl, F|100/100
|turn|7
|
|t:|1760363674
|move|p1a: 普鳥|Volt Switch|p2a: Garganacl
|-damage|p2a: Garganacl|66/100
|
|t:|1760363678
|switch|p1a: 醜女|Mandibuzz, F|100/100|[from] Volt Switch
|-damage|p1a: 醜女|76/100|[from] Stealth Rock
|move|p2a: Garganacl|Block|p1a: 醜女
|-activate|p1a: 醜女|trapped
|
|-heal|p1a: 醜女|82/100|[from] item: Leftovers
|-heal|p2a: Garganacl|73/100|[from] item: Leftovers
|upkeep
|turn|8
|
|t:|1760363694
|move|p1a: 醜女|Knock Off|p2a: Garganacl
|-crit|p2a: Garganacl
|-damage|p2a: Garganacl|46/100
|-enditem|p2a: Garganacl|Leftovers|[from] move: Knock Off|[of] p1a: 醜女
|move|p2a: Garganacl|Salt Cure|p1a: 醜女
|-supereffective|p1a: 醜女
|-damage|p1a: 醜女|60/100
|-start|p1a: 醜女|Salt Cure
|
|-heal|p1a: 醜女|66/100|[from] item: Leftovers
|-damage|p1a: 醜女|54/100|[from] Salt Cure
|upkeep
|turn|9
|
|t:|1760363709
|move|p1a: 醜女|Tailwind|p1a: 醜女
|-sidestart|p1: ss1234666ss|move: Tailwind
|move|p2a: Garganacl|Recover|p2a: Garganacl
|-heal|p2a: Garganacl|96/100
|
|-heal|p1a: 醜女|60/100|[from] item: Leftovers
|-damage|p1a: 醜女|47/100|[from] Salt Cure
|upkeep
|turn|10
|
|t:|1760363720
|move|p1a: 醜女|Defog|p2a: Garganacl
|-unboost|p2a: Garganacl|evasion|1
|-sideend|p1: ss1234666ss|Stealth Rock|[from] move: Defog|[of] p1a: 醜女
|move|p2a: Garganacl|Curse|p2a: Garganacl
|-unboost|p2a: Garganacl|spe|1
|-boost|p2a: Garganacl|atk|1
|-boost|p2a: Garganacl|def|1
|
|-heal|p1a: 醜女|53/100|[from] item: Leftovers
|-damage|p1a: 醜女|41/100|[from] Salt Cure
|upkeep
|turn|11
|
|t:|1760363731
|move|p1a: 醜女|U-turn|p2a: Garganacl
|-damage|p2a: Garganacl|90/100
|
|t:|1760363734
|switch|p1a: 普鳥|Kilowattrel, M|76/100|[from] U-turn
|move|p2a: Garganacl|Curse|p2a: Garganacl
|-unboost|p2a: Garganacl|spe|1
|-boost|p2a: Garganacl|atk|1
|-boost|p2a: Garganacl|def|1
|
|upkeep
|turn|12
|
|t:|1760363743
|move|p1a: 普鳥|Thunderbolt|p2a: Garganacl
|-damage|p2a: Garganacl|48/100
|move|p2a: Garganacl|Salt Cure|p1a: 普鳥
|-supereffective|p1a: 普鳥
|-damage|p1a: 普鳥|0 fnt
|faint|p1a: 普鳥
|
|-sideend|p1: ss1234666ss|move: Tailwind
|upkeep
|
|t:|1760363753
|switch|p1a: 粉色蛋蛋|Blissey, F|100/100
|turn|13
|-activate|p1a: 粉色蛋蛋|item: Quick Claw
|
|t:|1760363758
|move|p1a: 粉色蛋蛋|Shadow Ball|p2a: Garganacl
|-crit|p2a: Garganacl
|-damage|p2a: Garganacl|35/100
|move|p2a: Garganacl|Recover|p2a: Garganacl
|-heal|p2a: Garganacl|85/100
|
|upkeep
|turn|14
|
|t:|1760363768
|switch|p1a: 葡萄海參|Toxapex, M|100/100
|move|p2a: Garganacl|Curse|p2a: Garganacl
|-unboost|p2a: Garganacl|spe|1
|-boost|p2a: Garganacl|atk|1
|-boost|p2a: Garganacl|def|1
|
|upkeep
|turn|15
|
|t:|1760363783
|move|p1a: 葡萄海參|Toxic Spikes|p2a: Garganacl
|-sidestart|p2: mr.creep69|move: Toxic Spikes
|move|p2a: Garganacl|Salt Cure|p1a: 葡萄海參
|-damage|p1a: 葡萄海參|75/100
|-start|p1a: 葡萄海參|Salt Cure
|
|-damage|p1a: 葡萄海參|50/100|[from] Salt Cure
|upkeep
|turn|16
|c|☆mr.creep69|Haze ?
|c|☆mr.creep69|You need haze on toxipax
|inactive|mr.creep69 has 120 seconds left.
|c|☆mr.creep69|Info/ haze
|
|t:|1760363814
|move|p1a: 葡萄海參|Toxic|p2a: Garganacl
|-immune|p2a: Garganacl|[from] ability: Purifying Salt
|move|p2a: Garganacl|Salt Cure|p1a: 葡萄海參
|-damage|p1a: 葡萄海參|22/100
|
|-damage|p1a: 葡萄海參|0 fnt|[from] Salt Cure
|faint|p1a: 葡萄海參
|upkeep
|-message|ss1234666ss forfeited.
|
|win|mr.creep69
|raw|ss1234666ss's rating: 1077 &rarr; <strong>1057</strong><br />(-20 for losing)
|raw|mr.creep69's rating: 1101 &rarr; <strong>1124</strong><br />(+23 for winning)
|l|☆ss1234666ss
|player|p1|
