|j|☆N0AH__123__
|j|☆SvelteSnake
|t:|1760359208
|gametype|singles
|player|p1|N0AH__123__|boarder|1337
|player|p2|SvelteSnake|265|1338
|gen|9
|tier|[Gen 9] OU
|rated|
|rule|HP Percentage Mod: HP is shown in percentages
|rule|Endless Battle Clause: Forcing endless battles is banned
|rule|Species Clause: Limit one of each Pokémon
|rule|OHKO Clause: OHKO moves are banned
|rule|Evasion Items Clause: Evasion items are banned
|rule|Evasion Moves Clause: Evasion moves are banned
|rule|Evasion Abilities Clause: Evasion abilities are banned
|rule|Sleep Moves Clause: Sleep-inducing moves are banned
|clearpoke
|poke|p1|Thundurus-Therian, M|
|poke|p1|Gliscor, M|
|poke|p1|Pecharunt|
|poke|p1|Meowscarada, F|
|poke|p1|Corviknight, F|
|poke|p1|Alomomola, F|
|poke|p2|Scizor, F|
|poke|p2|Alomomola, M|
|poke|p2|Iron Treads|
|poke|p2|Dragonite, M|
|poke|p2|Landorus-Therian, M|
|poke|p2|Zapdos|
|teampreview
|inactive|Battle timer is ON: inactive players will automatically lose when time's up. (requested by N0AH__123__)
|inactive|SvelteSnake has 120 seconds left.
|c|☆SvelteSnake|gl;hf hope you are having a nice day
|
|t:|1760359291
|teamsize|p1|6
|teamsize|p2|6
|start
|switch|p1a: Gliscor|Gliscor, M|100/100
|switch|p2a: Scizor|Scizor, F|100/100
|turn|1
|
|t:|1760359297
|move|p1a: Gliscor|Protect|p1a: Gliscor
|-singleturn|p1a: Gliscor|Protect
|move|p2a: Scizor|Knock Off|p1a: Gliscor
|-activate|p1a: Gliscor|move: Protect
|
|-status|p1a: Gliscor|tox|[from] item: Toxic Orb
|upkeep
|turn|2
|c|☆N0AH__123__|gl i hobe you are having a good day as well
|
|t:|1760359319
|switch|p2a: Landorus|Landorus-Therian, M|100/100
|-ability|p2a: Landorus|Intimidate|boost
|-unboost|p1a: Gliscor|atk|1
|move|p1a: Gliscor|Stealth Rock|p2a: Landorus
|-sidestart|p2: SvelteSnake|move: Stealth Rock
|
|upkeep
|turn|3
|
|t:|1760359324
|move|p2a: Landorus|Stealth Rock|p1a: Gliscor
|-sidestart|p1: N0AH__123__|move: Stealth Rock
|move|p1a: Gliscor|U-turn|p2a: Landorus
|-resisted|p2a: Landorus
|-damage|p2a: Landorus|94/100
|
|t:|1760359327
|switch|p1a: Meowscarada|Meowscarada, F|100/100|[from] U-turn
|-damage|p1a: Meowscarada|88/100|[from] Stealth Rock
|
|upkeep
|turn|4
|
|t:|1760359335
|switch|p2a: Scizor|Scizor, F|100/100
|-damage|p2a: Scizor|88/100|[from] Stealth Rock
|move|p1a: Meowscarada|Trick|p2a: Scizor
|-start|p1a: Meowscarada|typechange|Psychic|[from] ability: Protean
|-activate|p1a: Meowscarada|move: Trick|[of] p2a: Scizor
|-item|p2a: Scizor|Choice Scarf|[from] move: Trick
|-item|p1a: Meowscarada|Choice Band|[from] move: Trick
|
|upkeep
|turn|5
|
|t:|1760359357
|move|p1a: Meowscarada|U-turn|p2a: Scizor
|-resisted|p2a: Scizor
|-damage|p2a: Scizor|73/100
|
|t:|1760359361
|switch|p1a: Gliscor|Gliscor, M|100/100 tox|[from] U-turn
|-damage|p1a: Gliscor|88/100 tox|[from] Stealth Rock
|move|p2a: Scizor|U-turn|p1a: Gliscor
|-resisted|p1a: Gliscor
|-damage|p1a: Gliscor|72/100 tox
|
|t:|1760359367
|switch|p2a: Alomomola|Alomomola, M|100/100|[from] U-turn
|
|-heal|p1a: Gliscor|84/100 tox|[from] ability: Poison Heal
|upkeep
|turn|6
|inactive|N0AH__123__ has 120 seconds left.
|
|t:|1760359403
|move|p1a: Gliscor|Protect|p1a: Gliscor
|-singleturn|p1a: Gliscor|Protect
|move|p2a: Alomomola|Wish|p2a: Alomomola
|
|-heal|p1a: Gliscor|97/100 tox|[from] ability: Poison Heal
|upkeep
|turn|7
|inactive|N0AH__123__ has 120 seconds left.
|
|t:|1760359411
|move|p1a: Gliscor|U-turn|p2a: Alomomola
|-damage|p2a: Alomomola|92/100
|
|t:|1760359414
|switch|p1a: Corviknight|Corviknight, F|100/100|[from] U-turn
|-damage|p1a: Corviknight|88/100|[from] Stealth Rock
|-ability|p1a: Corviknight|Pressure
|move|p2a: Alomomola|Flip Turn|p1a: Corviknight
|-damage|p1a: Corviknight|80/100
|-damage|p2a: Alomomola|75/100|[from] item: Rocky Helmet|[of] p1a: Corviknight
|
|t:|1760359424
|switch|p2a: Scizor|Scizor, F|73/100|[from] Flip Turn
|-damage|p2a: Scizor|61/100|[from] Stealth Rock
|
|-heal|p2a: Scizor|100/100|[from] move: Wish|[wisher] Alomomola
|upkeep
|turn|8
|
|t:|1760359429
|move|p2a: Scizor|Knock Off|p1a: Corviknight
|-damage|p1a: Corviknight|57/100
|-damage|p2a: Scizor|84/100|[from] item: Rocky Helmet|[of] p1a: Corviknight
|-enditem|p1a: Corviknight|Rocky Helmet|[from] move: Knock Off|[of] p2a: Scizor
|move|p1a: Corviknight|Defog|p2a: Scizor
|-unboost|p2a: Scizor|evasion|1
|-sideend|p2: SvelteSnake|Stealth Rock|[from] move: Defog|[of] p1a: Corviknight
|-sideend|p1: N0AH__123__|Stealth Rock|[from] move: Defog|[of] p1a: Corviknight
|
|upkeep
|turn|9
|
|t:|1760359441
|switch|p2a: Zapdos|Zapdos|100/100
|move|p1a: Corviknight|Roost|p1a: Corviknight
|-heal|p1a: Corviknight|100/100
|-singleturn|p1a: Corviknight|move: Roost
|
|upkeep
|turn|10
|
|t:|1760359453
|switch|p1a: Gliscor|Gliscor, M|97/100 tox
|move|p2a: Zapdos|U-turn|p1a: Gliscor
|-resisted|p1a: Gliscor
|-damage|p1a: Gliscor|91/100 tox
|
|t:|1760359460
|switch|p2a: Iron Treads|Iron Treads|100/100|[from] U-turn
|
|-heal|p1a: Gliscor|100/100 tox|[from] ability: Poison Heal
|upkeep
|turn|11
|
|t:|1760359467
|move|p1a: Gliscor|Protect|p1a: Gliscor
|-singleturn|p1a: Gliscor|Protect
|move|p2a: Iron Treads|Ice Spinner|p1a: Gliscor
|-activate|p1a: Gliscor|move: Protect
|
|upkeep
|turn|12
|
|t:|1760359475
|-end|p2a: Iron Treads|Quark Drive|[silent]
|switch|p2a: Landorus|Landorus-Therian, M|94/100
|-ability|p2a: Landorus|Intimidate|boost
|-unboost|p1a: Gliscor|atk|1
|move|p1a: Gliscor|Stealth Rock|p2a: Landorus
|-sidestart|p2: SvelteSnake|move: Stealth Rock
|
|upkeep
|turn|13
|
|t:|1760359481
|move|p1a: Gliscor|Protect|p1a: Gliscor
|-singleturn|p1a: Gliscor|Protect
|move|p2a: Landorus|Stealth Rock|p1a: Gliscor
|-sidestart|p1: N0AH__123__|move: Stealth Rock
|
|upkeep
|turn|14
|
|t:|1760359485
|switch|p2a: Iron Treads|Iron Treads|100/100
|-damage|p2a: Iron Treads|98/100|[from] Stealth Rock
|move|p1a: Gliscor|U-turn|p2a: Iron Treads
|-resisted|p2a: Iron Treads
|-damage|p2a: Iron Treads|93/100
|
|t:|1760359491
|switch|p1a: Corviknight|Corviknight, F|100/100|[from] U-turn
|-damage|p1a: Corviknight|88/100|[from] Stealth Rock
|-ability|p1a: Corviknight|Pressure
|
|upkeep
|turn|15
|
|t:|1760359496
|move|p2a: Iron Treads|Rapid Spin|p1a: Corviknight
|-resisted|p1a: Corviknight
|-damage|p1a: Corviknight|84/100
|-boost|p2a: Iron Treads|spe|1
|-sideend|p2: SvelteSnake|Stealth Rock|[from] move: Rapid Spin|[of] p2a: Iron Treads
|move|p1a: Corviknight|Defog|p2a: Iron Treads
|-unboost|p2a: Iron Treads|evasion|1
|-sideend|p1: N0AH__123__|Stealth Rock|[from] move: Defog|[of] p1a: Corviknight
|
|upkeep
|turn|16
|
|t:|1760359503
|move|p2a: Iron Treads|Ice Spinner|p1a: Corviknight
|-damage|p1a: Corviknight|71/100
|move|p1a: Corviknight|U-turn|p2a: Iron Treads
|-resisted|p2a: Iron Treads
|-damage|p2a: Iron Treads|87/100
|
|t:|1760359512
|switch|p1a: Alomomola|Alomomola, F|100/100|[from] U-turn
|
|upkeep
|turn|17
|
|t:|1760359516
|-end|p2a: Iron Treads|Quark Drive|[silent]
|switch|p2a: Alomomola|Alomomola, M|100/100
|move|p1a: Alomomola|Scald|p2a: Alomomola
|-resisted|p2a: Alomomola
|-damage|p2a: Alomomola|93/100
|
|upkeep
|turn|18
|
|t:|1760359520
|move|p2a: Alomomola|Flip Turn|p1a: Alomomola
|-resisted|p1a: Alomomola
|-damage|p1a: Alomomola|96/100
|
|t:|1760359526
|switch|p2a: Iron Treads|Iron Treads|87/100|[from] Flip Turn
|move|p1a: Alomomola|Flip Turn|p2a: Iron Treads
|-supereffective|p2a: Iron Treads
|-damage|p2a: Iron Treads|56/100
|
|t:|1760359540
|switch|p1a: Meowscarada|Meowscarada, F|88/100|[from] Flip Turn
|
|upkeep
|turn|19
|
|t:|1760359546
|-end|p2a: Iron Treads|Quark Drive|[silent]
|switch|p2a: Zapdos|Zapdos|100/100
|move|p1a: Meowscarada|Triple Axel|p2a: Zapdos|[miss]
|-start|p1a: Meowscarada|typechange|Ice|[from] ability: Protean
|-miss|p1a: Meowscarada|p2a: Zapdos
|
|upkeep
|turn|20
|
|t:|1760359572
|switch|p1a: Gliscor|Gliscor, M|100/100 tox
|move|p2a: Zapdos|Heat Wave|p1a: Gliscor
|-damage|p1a: Gliscor|75/100 tox
|
|-heal|p1a: Gliscor|88/100 tox|[from] ability: Poison Heal
|upkeep
|turn|21
|
|t:|1760359579
|switch|p2a: Landorus|Landorus-Therian, M|94/100
|-ability|p2a: Landorus|Intimidate|boost
|-unboost|p1a: Gliscor|atk|1
|move|p1a: Gliscor|U-turn|p2a: Landorus
|-resisted|p2a: Landorus
|-damage|p2a: Landorus|89/100
|
|t:|1760359582
|switch|p1a: Meowscarada|Meowscarada, F|88/100|[from] U-turn
|
|upkeep
|turn|22
|
|t:|1760359585
|switch|p2a: Scizor|Scizor, F|84/100
|move|p1a: Meowscarada|Triple Axel|p2a: Scizor
|-start|p1a: Meowscarada|typechange|Ice|[from] ability: Protean
|-resisted|p2a: Scizor
|-damage|p2a: Scizor|77/100
|-resisted|p2a: Scizor
|-damage|p2a: Scizor|62/100
|-resisted|p2a: Scizor
|-crit|p2a: Scizor
|-damage|p2a: Scizor|31/100
|-hitcount|p2a: Scizor|3
|
|upkeep
|turn|23
|inactive|N0AH__123__ has 120 seconds left.
|
|t:|1760359623
|switch|p1a: Pecharunt|Pecharunt|100/100
|move|p2a: Scizor|Bullet Punch|p1a: Pecharunt
|-damage|p1a: Pecharunt|84/100
|
|upkeep
|turn|24
|inactive|N0AH__123__ has 120 seconds left.
|
|t:|1760359628
|switch|p2a: Landorus|Landorus-Therian, M|89/100
|-ability|p2a: Landorus|Intimidate|boost
|-unboost|p1a: Pecharunt|atk|1
|move|p1a: Pecharunt|Parting Shot|p2a: Landorus
|-unboost|p2a: Landorus|atk|1
|-unboost|p2a: Landorus|spa|1
|
|t:|1760359631
|switch|p1a: Meowscarada|Meowscarada, F|88/100|[from] Parting Shot
|
|upkeep
|turn|25
|
|t:|1760359634
|switch|p2a: Scizor|Scizor, F|31/100
|move|p1a: Meowscarada|Triple Axel|p2a: Scizor
|-start|p1a: Meowscarada|typechange|Ice|[from] ability: Protean
|-resisted|p2a: Scizor
|-damage|p2a: Scizor|24/100
|-resisted|p2a: Scizor
|-damage|p2a: Scizor|10/100
|-hitcount|p2a: Scizor|2
|
|upkeep
|turn|26
|
|t:|1760359639
|switch|p1a: Pecharunt|Pecharunt|84/100
|move|p2a: Scizor|U-turn|p1a: Pecharunt
|-resisted|p1a: Pecharunt
|-damage|p1a: Pecharunt|80/100
|
|t:|1760359642
|switch|p2a: Landorus|Landorus-Therian, M|89/100|[from] U-turn
|-ability|p2a: Landorus|Intimidate|boost
|-unboost|p1a: Pecharunt|atk|1
|
|upkeep
|turn|27
|inactive|N0AH__123__ has 120 seconds left.
|
|t:|1760359673
|move|p2a: Landorus|Sandsear Storm|p1a: Pecharunt
|-supereffective|p1a: Pecharunt
|-damage|p1a: Pecharunt|0 fnt
|faint|p1a: Pecharunt
|
|upkeep
|inactive|N0AH__123__ has 120 seconds left.
|
|t:|1760359679
|switch|p1a: Meowscarada|Meowscarada, F|88/100
|turn|28
|
|t:|1760359684
|switch|p2a: Alomomola|Alomomola, M|100/100
|move|p1a: Meowscarada|Triple Axel|p2a: Alomomola|[miss]
|-start|p1a: Meowscarada|typechange|Ice|[from] ability: Protean
|-miss|p1a: Meowscarada|p2a: Alomomola
|
|upkeep
|turn|29
|
|t:|1760359692
|switch|p1a: Alomomola|Alomomola, F|100/100
|move|p2a: Alomomola|Wish|p2a: Alomomola
|
|upkeep
|turn|30
|
|t:|1760359698
|switch|p2a: Iron Treads|Iron Treads|56/100
|move|p1a: Alomomola|Scald|p2a: Iron Treads
|-supereffective|p2a: Iron Treads
|-damage|p2a: Iron Treads|38/100
|
|-heal|p2a: Iron Treads|100/100|[from] move: Wish|[wisher] Alomomola
|upkeep
|turn|31
|
|t:|1760359706
|-end|p2a: Iron Treads|Quark Drive|[silent]
|switch|p2a: Alomomola|Alomomola, M|100/100
|move|p1a: Alomomola|Scald|p2a: Alomomola
|-resisted|p2a: Alomomola
|-damage|p2a: Alomomola|92/100
|-status|p2a: Alomomola|brn
|
|-damage|p2a: Alomomola|86/100 brn|[from] brn
|upkeep
|turn|32
|
|t:|1760359735
|move|p2a: Alomomola|Wish|p2a: Alomomola
|move|p1a: Alomomola|Flip Turn|p2a: Alomomola
|-resisted|p2a: Alomomola
|-damage|p2a: Alomomola|82/100 brn
|
|t:|1760359737
|switch|p1a: Thundurus|Thundurus-Therian, M|100/100|[from] Flip Turn
|
|-damage|p2a: Alomomola|76/100 brn|[from] brn
|upkeep
|turn|33
|
|t:|1760359746
|switch|p2a: Landorus|Landorus-Therian, M|89/100
|-ability|p2a: Landorus|Intimidate|boost
|-unboost|p1a: Thundurus|atk|1
|move|p1a: Thundurus|Volt Switch|p2a: Landorus
|-immune|p2a: Landorus
|
|-heal|p2a: Landorus|100/100|[from] move: Wish|[wisher] Alomomola
|upkeep
|turn|34
|
|t:|1760359753
|switch|p1a: Gliscor|Gliscor, M|88/100 tox
|move|p2a: Landorus|Stealth Rock|p1a: Gliscor
|-sidestart|p1: N0AH__123__|move: Stealth Rock
|
|-heal|p1a: Gliscor|99/100 tox|[from] ability: Poison Heal
|upkeep
|turn|35
|
|t:|1760359777
|switch|p2a: Iron Treads|Iron Treads|100/100
|move|p1a: Gliscor|Stealth Rock|p2a: Iron Treads
|-sidestart|p2: SvelteSnake|move: Stealth Rock
|
|-heal|p1a: Gliscor|100/100 tox|[from] ability: Poison Heal
|upkeep
|turn|36
|
|t:|1760359784
|move|p1a: Gliscor|Protect|p1a: Gliscor
|-singleturn|p1a: Gliscor|Protect
|move|p2a: Iron Treads|Ice Spinner|p1a: Gliscor
|-activate|p1a: Gliscor|move: Protect
|
|upkeep
|turn|37
|
|t:|1760359787
|move|p2a: Iron Treads|Rapid Spin|p1a: Gliscor
|-damage|p1a: Gliscor|89/100 tox
|-boost|p2a: Iron Treads|spe|1
|-sideend|p2: SvelteSnake|Stealth Rock|[from] move: Rapid Spin|[of] p2a: Iron Treads
|move|p1a: Gliscor|Earthquake|p2a: Iron Treads
|-supereffective|p2a: Iron Treads
|-damage|p2a: Iron Treads|40/100
|
|-heal|p1a: Gliscor|100/100 tox|[from] ability: Poison Heal
|upkeep
|turn|38
|
|t:|1760359793
|move|p2a: Iron Treads|Ice Spinner|p1a: Gliscor
|-supereffective|p1a: Gliscor
|-damage|p1a: Gliscor|30/100 tox
|move|p1a: Gliscor|Earthquake|p2a: Iron Treads
|-supereffective|p2a: Iron Treads
|-damage|p2a: Iron Treads|0 fnt
|faint|p2a: Iron Treads
|-end|p2a: Iron Treads|Quark Drive|[silent]
|
|-heal|p1a: Gliscor|43/100 tox|[from] ability: Poison Heal
|upkeep
|
|t:|1760359808
|switch|p2a: Dragonite|Dragonite, M|100/100
|turn|39
|
|t:|1760359812
|move|p2a: Dragonite|Dragon Dance|p2a: Dragonite
|-boost|p2a: Dragonite|atk|1
|-boost|p2a: Dragonite|spe|1
|move|p1a: Gliscor|U-turn|p2a: Dragonite
|-resisted|p2a: Dragonite
|-damage|p2a: Dragonite|97/100
|
|t:|1760359816
|switch|p1a: Meowscarada|Meowscarada, F|88/100|[from] U-turn
|-damage|p1a: Meowscarada|76/100|[from] Stealth Rock
|
|upkeep
|turn|40
|
|t:|1760359825
|switch|p2a: Alomomola|Alomomola, M|100/100 brn
|move|p1a: Meowscarada|Triple Axel|p2a: Alomomola
|-start|p1a: Meowscarada|typechange|Ice|[from] ability: Protean
|-resisted|p2a: Alomomola
|-damage|p2a: Alomomola|97/100 brn
|-resisted|p2a: Alomomola
|-damage|p2a: Alomomola|89/100 brn
|-resisted|p2a: Alomomola
|-damage|p2a: Alomomola|77/100 brn
|-hitcount|p2a: Alomomola|3
|
|-damage|p2a: Alomomola|71/100 brn|[from] brn
|upkeep
|turn|41
|
|t:|1760359833
|switch|p1a: Corviknight|Corviknight, F|71/100
|-damage|p1a: Corviknight|59/100|[from] Stealth Rock
|-ability|p1a: Corviknight|Pressure
|move|p2a: Alomomola|Scald|p1a: Corviknight
|-damage|p1a: Corviknight|46/100
|
|-damage|p2a: Alomomola|65/100 brn|[from] brn
|upkeep
|turn|42
|
|t:|1760359852
|move|p2a: Alomomola|Scald|p1a: Corviknight
|-damage|p1a: Corviknight|33/100
|-status|p1a: Corviknight|brn
|move|p1a: Corviknight|Roost|p1a: Corviknight
|-heal|p1a: Corviknight|83/100 brn
|-singleturn|p1a: Corviknight|move: Roost
|
|-damage|p2a: Alomomola|58/100 brn|[from] brn
|-damage|p1a: Corviknight|77/100 brn|[from] brn
|upkeep
|turn|43
|
|t:|1760359858
|move|p2a: Alomomola|Wish|p2a: Alomomola
|move|p1a: Corviknight|Defog|p2a: Alomomola
|-unboost|p2a: Alomomola|evasion|1
|-sideend|p1: N0AH__123__|Stealth Rock|[from] move: Defog|[of] p1a: Corviknight
|
|-damage|p2a: Alomomola|52/100 brn|[from] brn
|-damage|p1a: Corviknight|71/100 brn|[from] brn
|upkeep
|turn|44
|
|t:|1760359868
|move|p2a: Alomomola|Flip Turn|p1a: Corviknight
|-damage|p1a: Corviknight|66/100 brn
|
|t:|1760359870
|switch|p2a: Scizor|Scizor, F|10/100|[from] Flip Turn
|move|p1a: Corviknight|Roost|p1a: Corviknight
|-heal|p1a: Corviknight|100/100 brn
|-singleturn|p1a: Corviknight|move: Roost
|
|-heal|p2a: Scizor|88/100|[from] move: Wish|[wisher] Alomomola
|-damage|p1a: Corviknight|94/100 brn|[from] brn
|upkeep
|turn|45
|
|t:|1760359878
|switch|p2a: Alomomola|Alomomola, M|86/100 brn
|move|p1a: Corviknight|U-turn|p2a: Alomomola
|-damage|p2a: Alomomola|82/100 brn
|
|t:|1760359882
|switch|p1a: Thundurus|Thundurus-Therian, M|100/100|[from] U-turn
|
|-damage|p2a: Alomomola|75/100 brn|[from] brn
|upkeep
|turn|46
|
|t:|1760359885
|switch|p2a: Landorus|Landorus-Therian, M|100/100
|-ability|p2a: Landorus|Intimidate|boost
|-unboost|p1a: Thundurus|atk|1
|move|p1a: Thundurus|Psychic|p2a: Landorus
|-crit|p2a: Landorus
|-damage|p2a: Landorus|32/100
|
|upkeep
|turn|47
|
|t:|1760359897
|switch|p2a: Scizor|Scizor, F|88/100
|move|p1a: Thundurus|Psychic|p2a: Scizor
|-resisted|p2a: Scizor
|-damage|p2a: Scizor|68/100
|
|upkeep
|turn|48
|
|t:|1760359908
|move|p1a: Thundurus|Volt Switch|p2a: Scizor
|-damage|p2a: Scizor|12/100
|
|t:|1760359926
|switch|p1a: Corviknight|Corviknight, F|94/100 brn|[from] Volt Switch
|-ability|p1a: Corviknight|Pressure
|move|p2a: Scizor|Knock Off|p1a: Corviknight
|-damage|p1a: Corviknight|80/100 brn
|
|-damage|p1a: Corviknight|74/100 brn|[from] brn
|upkeep
|turn|49
|
|t:|1760359933
|switch|p2a: Zapdos|Zapdos|100/100
|move|p1a: Corviknight|U-turn|p2a: Zapdos
|-resisted|p2a: Zapdos
|-damage|p2a: Zapdos|96/100
|
|t:|1760359937
|switch|p1a: Meowscarada|Meowscarada, F|76/100|[from] U-turn
|
|upkeep
|turn|50
|
|t:|1760359949
|move|p2a: Zapdos|Heat Wave|p1a: Meowscarada
|-supereffective|p1a: Meowscarada
|-damage|p1a: Meowscarada|0 fnt
|faint|p1a: Meowscarada
|
|upkeep
|
|t:|1760359971
|switch|p1a: Thundurus|Thundurus-Therian, M|100/100
|turn|51
|
|t:|1760359983
|move|p2a: Zapdos|Heat Wave|p1a: Thundurus
|-damage|p1a: Thundurus|53/100
|-status|p1a: Thundurus|brn
|move|p1a: Thundurus|Nasty Plot|p1a: Thundurus
|-boost|p1a: Thundurus|spa|2
|
|-damage|p1a: Thundurus|47/100 brn|[from] brn
|upkeep
|turn|52
|
|t:|1760359989
|move|p2a: Zapdos|Heat Wave|p1a: Thundurus
|-damage|p1a: Thundurus|0 fnt
|faint|p1a: Thundurus
|
|upkeep
|
|t:|1760359991
|switch|p1a: Alomomola|Alomomola, F|100/100
|turn|53
|
|t:|1760359995
|switch|p2a: Alomomola|Alomomola, M|100/100 brn
|move|p1a: Alomomola|Scald|p2a: Alomomola
|-resisted|p2a: Alomomola
|-damage|p2a: Alomomola|92/100 brn
|
|-damage|p2a: Alomomola|86/100 brn|[from] brn
|upkeep
|turn|54
|
|t:|1760360000
|move|p2a: Alomomola|Flip Turn|p1a: Alomomola
|-resisted|p1a: Alomomola
|-damage|p1a: Alomomola|98/100
|
|t:|1760360003
|switch|p2a: Zapdos|Zapdos|96/100|[from] Flip Turn
|move|p1a: Alomomola|Flip Turn|p2a: Zapdos
|-damage|p2a: Zapdos|76/100
|
|t:|1760360006
|switch|p1a: Gliscor|Gliscor, M|43/100 tox|[from] Flip Turn
|
|-heal|p1a: Gliscor|55/100 tox|[from] ability: Poison Heal
|upkeep
|turn|55
|
|t:|1760360010
|move|p2a: Zapdos|Hurricane|p1a: Gliscor|[miss]
|-miss|p2a: Zapdos|p1a: Gliscor
|move|p1a: Gliscor|Stealth Rock|p2a: Zapdos
|-sidestart|p2: SvelteSnake|move: Stealth Rock
|
|-heal|p1a: Gliscor|68/100 tox|[from] ability: Poison Heal
|upkeep
|turn|56
|
|t:|1760360015
|move|p1a: Gliscor|Protect|p1a: Gliscor
|-singleturn|p1a: Gliscor|Protect
|move|p2a: Zapdos|Hurricane|p1a: Gliscor
|-activate|p1a: Gliscor|move: Protect
|
|-heal|p1a: Gliscor|80/100 tox|[from] ability: Poison Heal
|upkeep
|turn|57
|
|t:|1760360017
|switch|p1a: Alomomola|Alomomola, F|100/100
|move|p2a: Zapdos|Hurricane|p1a: Alomomola
|-damage|p1a: Alomomola|68/100
|-start|p1a: Alomomola|confusion
|
|upkeep
|turn|58
|
|t:|1760360029
|switch|p2a: Alomomola|Alomomola, M|100/100 brn
|-activate|p1a: Alomomola|confusion
|move|p1a: Alomomola|Mirror Coat||[still]
|-fail|p1a: Alomomola
|
|-damage|p2a: Alomomola|94/100 brn|[from] brn
|upkeep
|turn|59
|
|t:|1760360042
|move|p2a: Alomomola|Wish|p2a: Alomomola
|-activate|p1a: Alomomola|confusion
|move|p1a: Alomomola|Flip Turn|p2a: Alomomola
|-resisted|p2a: Alomomola
|-damage|p2a: Alomomola|90/100 brn
|
|t:|1760360048
|switch|p1a: Corviknight|Corviknight, F|74/100 brn|[from] Flip Turn
|-ability|p1a: Corviknight|Pressure
|
|-damage|p2a: Alomomola|84/100 brn|[from] brn
|-damage|p1a: Corviknight|68/100 brn|[from] brn
|upkeep
|turn|60
|
|t:|1760360060
|move|p2a: Alomomola|Flip Turn|p1a: Corviknight
|-damage|p1a: Corviknight|63/100 brn
|
|t:|1760360062
|switch|p2a: Landorus|Landorus-Therian, M|32/100|[from] Flip Turn
|-damage|p2a: Landorus|20/100|[from] Stealth Rock
|-ability|p2a: Landorus|Intimidate|boost
|-unboost|p1a: Corviknight|atk|1
|move|p1a: Corviknight|Roost|p1a: Corviknight
|-heal|p1a: Corviknight|100/100 brn
|-singleturn|p1a: Corviknight|move: Roost
|
|-heal|p2a: Landorus|100/100|[from] move: Wish|[wisher] Alomomola
|-damage|p1a: Corviknight|94/100 brn|[from] brn
|upkeep
|turn|61
|
|t:|1760360071
|switch|p1a: Alomomola|Alomomola, F|100/100
|move|p2a: Landorus|Stealth Rock|p1a: Alomomola
|-sidestart|p1: N0AH__123__|move: Stealth Rock
|
|upkeep
|turn|62
|
|t:|1760360073
|switch|p2a: Alomomola|Alomomola, M|100/100 brn
|move|p1a: Alomomola|Mirror Coat||[still]
|-fail|p1a: Alomomola
|
|-damage|p2a: Alomomola|94/100 brn|[from] brn
|upkeep
|turn|63
|
|t:|1760360079
|switch|p1a: Gliscor|Gliscor, M|80/100 tox
|-damage|p1a: Gliscor|68/100 tox|[from] Stealth Rock
|move|p2a: Alomomola|Wish|p2a: Alomomola
|
|-heal|p1a: Gliscor|80/100 tox|[from] ability: Poison Heal
|-damage|p2a: Alomomola|88/100 brn|[from] brn
|upkeep
|turn|64
|
|t:|1760360085
|move|p1a: Gliscor|Earthquake|p2a: Alomomola
|-damage|p2a: Alomomola|71/100 brn
|move|p2a: Alomomola|Flip Turn|p1a: Gliscor
|-supereffective|p1a: Gliscor
|-damage|p1a: Gliscor|69/100 tox
|
|t:|1760360087
|switch|p2a: Zapdos|Zapdos|76/100|[from] Flip Turn
|-damage|p2a: Zapdos|51/100|[from] Stealth Rock
|
|-heal|p2a: Zapdos|100/100|[from] move: Wish|[wisher] Alomomola
|-heal|p1a: Gliscor|82/100 tox|[from] ability: Poison Heal
|upkeep
|turn|65
|
|t:|1760360091
|move|p1a: Gliscor|Protect|p1a: Gliscor
|-singleturn|p1a: Gliscor|Protect
|move|p2a: Zapdos|U-turn|p1a: Gliscor
|-activate|p1a: Gliscor|move: Protect
|
|-heal|p1a: Gliscor|94/100 tox|[from] ability: Poison Heal
|upkeep
|turn|66
|
|t:|1760360098
|move|p2a: Zapdos|U-turn|p1a: Gliscor
|-resisted|p1a: Gliscor
|-damage|p1a: Gliscor|89/100 tox
|
|t:|1760360100
|switch|p2a: Landorus|Landorus-Therian, M|100/100|[from] U-turn
|-damage|p2a: Landorus|88/100|[from] Stealth Rock
|-ability|p2a: Landorus|Intimidate|boost
|-unboost|p1a: Gliscor|atk|1
|move|p1a: Gliscor|U-turn|p2a: Landorus
|-resisted|p2a: Landorus
|-damage|p2a: Landorus|82/100
|
|t:|1760360103
|switch|p1a: Alomomola|Alomomola, F|100/100|[from] U-turn
|-damage|p1a: Alomomola|88/100|[from] Stealth Rock
|
|upkeep
|turn|67
|
|t:|1760360110
|move|p2a: Landorus|Grass Knot|p1a: Alomomola
|-supereffective|p1a: Alomomola
|-damage|p1a: Alomomola|55/100
|move|p1a: Alomomola|Mirror Coat|p2a: Landorus
|-damage|p2a: Landorus|0 fnt
|faint|p2a: Landorus
|
|upkeep
|
|t:|1760360119
|switch|p2a: Dragonite|Dragonite, M|97/100
|turn|68
|
|t:|1760360122
|move|p2a: Dragonite|Dragon Dance|p2a: Dragonite
|-boost|p2a: Dragonite|atk|1
|-boost|p2a: Dragonite|spe|1
|move|p1a: Alomomola|Scald|p2a: Dragonite
|-resisted|p2a: Dragonite
|-damage|p2a: Dragonite|91/100
|
|upkeep
|turn|69
|
|t:|1760360126
|move|p2a: Dragonite|Dragon Dance|p2a: Dragonite
|-boost|p2a: Dragonite|atk|1
|-boost|p2a: Dragonite|spe|1
|move|p1a: Alomomola|Scald|p2a: Dragonite
|-resisted|p2a: Dragonite
|-damage|p2a: Dragonite|85/100
|
|upkeep
|turn|70
|
|t:|1760360130
|move|p2a: Dragonite|Dragon Dance|p2a: Dragonite
|-boost|p2a: Dragonite|atk|1
|-boost|p2a: Dragonite|spe|1
|move|p1a: Alomomola|Scald|p2a: Dragonite
|-resisted|p2a: Dragonite
|-damage|p2a: Dragonite|79/100
|
|upkeep
|turn|71
|
|t:|1760360133
|move|p2a: Dragonite|Earthquake|p1a: Alomomola
|-damage|p1a: Alomomola|0 fnt
|faint|p1a: Alomomola
|
|upkeep
|
|t:|1760360138
|switch|p1a: Gliscor|Gliscor, M|89/100 tox
|-damage|p1a: Gliscor|76/100 tox|[from] Stealth Rock
|turn|72
|
|t:|1760360141
|move|p2a: Dragonite|Roost|p2a: Dragonite
|-heal|p2a: Dragonite|100/100
|-singleturn|p2a: Dragonite|move: Roost
|move|p1a: Gliscor|U-turn|p2a: Dragonite
|-damage|p2a: Dragonite|94/100
|
|t:|1760360143
|switch|p1a: Corviknight|Corviknight, F|94/100 brn|[from] U-turn
|-damage|p1a: Corviknight|82/100 brn|[from] Stealth Rock
|-ability|p1a: Corviknight|Pressure
|
|-damage|p1a: Corviknight|76/100 brn|[from] brn
|upkeep
|turn|73
|-message|N0AH__123__ forfeited.
|
|win|SvelteSnake
|raw|N0AH__123__'s rating: 1337 &rarr; <strong>1317</strong><br />(-20 for losing)
|raw|SvelteSnake's rating: 1338 &rarr; <strong>1358</strong><br />(+20 for winning)
|l|☆N0AH__123__
|player|p1|
