|j|‽universe mon
|j|☆freebobby2020
|t:|1760377596
|gametype|singles
|player|p1|universe mon|li|1741
|player|p2|freebobby2020|265|1826
|gen|9
|tier|[Gen 9] OU
|rated|
|rule|HP Percentage Mod: HP is shown in percentages
|rule|Endless Battle Clause: Forcing endless battles is banned
|rule|Species Clause: Limit one of each Pokémon
|rule|OHKO Clause: OHKO moves are banned
|rule|Evasion Items Clause: Evasion items are banned
|rule|Evasion Moves Clause: Evasion moves are banned
|rule|Evasion Abilities Clause: Evasion abilities are banned
|rule|Sleep Moves Clause: Sleep-inducing moves are banned
|clearpoke
|poke|p1|Ninetales-Alola, M|
|poke|p1|Klefki, M|
|poke|p1|Latias, F|
|poke|p1|Maushold-Four|
|poke|p1|Ogerpon-Wellspring, F|
|poke|p1|Necrozma|
|poke|p2|Latios, M|
|poke|p2|Alomomola, F|
|poke|p2|Weezing-Galar, F|
|poke|p2|Dragonite, F|
|poke|p2|Great Tusk|
|poke|p2|Gholdengo|
|teampreview
|inactive|Battle timer is ON: inactive players will automatically lose when time's up. (requested by universe mon)
|j| FaronAan
|j| keyshotbab
|
|t:|1760377607
|teamsize|p1|6
|teamsize|p2|6
|start
|switch|p1a: Klefki|Klefki, M|100/100
|switch|p2a: Gholdengo|Gholdengo|100/100
|turn|1
|
|t:|1760377610
|move|p1a: Klefki|Light Screen|p1a: Klefki
|-sidestart|p1: universe mon|move: Light Screen
|move|p2a: Gholdengo|Make It Rain|p1a: Klefki
|-damage|p1a: Klefki|62/100
|-unboost|p2a: Gholdengo|spa|1
|
|upkeep
|turn|2
|
|t:|1760377616
|move|p1a: Klefki|Reflect|p1a: Klefki
|-sidestart|p1: universe mon|Reflect
|move|p2a: Gholdengo|Make It Rain|p1a: Klefki
|-damage|p1a: Klefki|38/100
|-unboost|p2a: Gholdengo|spa|1
|
|upkeep
|turn|3
|
|t:|1760377621
|switch|p2a: Weezing|Weezing-Galar, F|100/100
|-ability|p2a: Weezing|Neutralizing Gas
|switch|p1a: Necrozma|Necrozma|100/100
|
|upkeep
|turn|4
|
|t:|1760377624
|move|p1a: Necrozma|Knock Off|p2a: Weezing
|-resisted|p2a: Weezing
|-damage|p2a: Weezing|91/100
|-enditem|p2a: Weezing|Heavy-Duty Boots|[from] move: Knock Off|[of] p1a: Necrozma
|move|p2a: Weezing|Defog|p1a: Necrozma
|-unboost|p1a: Necrozma|evasion|1
|-sideend|p1: universe mon|Reflect
|-sideend|p1: universe mon|move: Light Screen
|
|upkeep
|turn|5
|
|t:|1760377632
|switch|p1a: Klefki|Klefki, M|38/100
|-end|p2a: Weezing|ability: Neutralizing Gas
|switch|p2a: Gholdengo|Gholdengo|100/100
|
|upkeep
|turn|6
|
|t:|1760377635
|move|p1a: Klefki|Light Screen|p1a: Klefki
|-sidestart|p1: universe mon|move: Light Screen
|move|p2a: Gholdengo|Make It Rain|p1a: Klefki
|-damage|p1a: Klefki|0 fnt
|-unboost|p2a: Gholdengo|spa|1
|faint|p1a: Klefki
|
|upkeep
|
|t:|1760377641
|switch|p1a: Maushold|Maushold-Four|100/100
|turn|7
|
|t:|1760377661
|switch|p2a: Great Tusk|Great Tusk|100/100
|move|p1a: Maushold|Tidy Up|p1a: Maushold
|-boost|p1a: Maushold|atk|1
|-boost|p1a: Maushold|spe|1
|
|upkeep
|turn|8
|
|t:|1760377664
|move|p1a: Maushold|Population Bomb|p2a: Great Tusk
|-damage|p2a: Great Tusk|86/100
|-damage|p1a: Maushold|84/100|[from] item: Rocky Helmet|[of] p2a: Great Tusk
|-damage|p2a: Great Tusk|72/100
|-damage|p1a: Maushold|67/100|[from] item: Rocky Helmet|[of] p2a: Great Tusk
|-damage|p2a: Great Tusk|60/100
|-damage|p1a: Maushold|51/100|[from] item: Rocky Helmet|[of] p2a: Great Tusk
|-damage|p2a: Great Tusk|48/100
|-damage|p1a: Maushold|34/100|[from] item: Rocky Helmet|[of] p2a: Great Tusk
|-damage|p2a: Great Tusk|34/100
|-damage|p1a: Maushold|17/100|[from] item: Rocky Helmet|[of] p2a: Great Tusk
|-damage|p2a: Great Tusk|22/100
|-damage|p1a: Maushold|1/100|[from] item: Rocky Helmet|[of] p2a: Great Tusk
|-damage|p2a: Great Tusk|10/100
|-damage|p1a: Maushold|0 fnt|[from] item: Rocky Helmet|[of] p2a: Great Tusk
|faint|p1a: Maushold
|-hitcount|p2a: Great Tusk|7
|move|p2a: Great Tusk|Headlong Rush|p1: Maushold|[notarget]
|-fail|p2a: Great Tusk
|
|upkeep
|
|t:|1760377669
|switch|p1a: Ninetales|Ninetales-Alola, M|100/100
|-weather|Snowscape|[from] ability: Snow Warning|[of] p1a: Ninetales
|turn|9
|
|t:|1760377673
|-end|p2a: Great Tusk|Protosynthesis|[silent]
|switch|p2a: Gholdengo|Gholdengo|100/100
|move|p1a: Ninetales|Freeze-Dry|p2a: Gholdengo
|-resisted|p2a: Gholdengo
|-damage|p2a: Gholdengo|89/100
|
|-weather|Snowscape|[upkeep]
|upkeep
|turn|10
|
|t:|1760377677
|switch|p1a: Ogerpon|Ogerpon-Wellspring, F|100/100
|move|p2a: Gholdengo|Make It Rain|p1a: Ogerpon
|-resisted|p1a: Ogerpon
|-damage|p1a: Ogerpon|82/100
|-unboost|p2a: Gholdengo|spa|1
|
|-weather|Snowscape|[upkeep]
|upkeep
|turn|11
|
|t:|1760377680
|switch|p2a: Weezing|Weezing-Galar, F|91/100
|-ability|p2a: Weezing|Neutralizing Gas
|switch|p1a: Ninetales|Ninetales-Alola, M|100/100
|
|-weather|Snowscape|[upkeep]
|upkeep
|turn|12
|
|t:|1760377684
|move|p1a: Ninetales|Aurora Veil|p1a: Ninetales
|-sidestart|p1: universe mon|move: Aurora Veil
|move|p2a: Weezing|Sludge Bomb|p1a: Ninetales
|-supereffective|p1a: Ninetales
|-damage|p1a: Ninetales|69/100
|
|-weather|Snowscape|[upkeep]
|upkeep
|turn|13
|
|t:|1760377689
|move|p1a: Ninetales|Encore|p2a: Weezing
|-start|p2a: Weezing|Encore
|move|p2a: Weezing|Sludge Bomb|p1a: Ninetales
|-supereffective|p1a: Ninetales
|-damage|p1a: Ninetales|38/100
|
|-weather|none
|-sideend|p1: universe mon|move: Light Screen
|upkeep
|turn|14
|l| FaronAan
|
|t:|1760377699
|move|p1a: Ninetales|Misty Terrain|p1a: Ninetales
|-fieldstart|move: Misty Terrain
|move|p2a: Weezing|Sludge Bomb|p1a: Ninetales
|-supereffective|p1a: Ninetales
|-damage|p1a: Ninetales|5/100
|
|upkeep
|turn|15
|
|t:|1760377706
|switch|p1a: Necrozma|Necrozma|100/100
|-end|p2a: Weezing|ability: Neutralizing Gas
|switch|p2a: Great Tusk|Great Tusk|10/100
|
|upkeep
|turn|16
|
|t:|1760377710
|move|p2a: Great Tusk|Stealth Rock|p1a: Necrozma
|-sidestart|p1: universe mon|move: Stealth Rock
|move|p1a: Necrozma|Dragon Dance|p1a: Necrozma
|-boost|p1a: Necrozma|atk|1
|-boost|p1a: Necrozma|spe|1
|
|upkeep
|turn|17
|
|t:|1760377713
|move|p1a: Necrozma|Dragon Dance|p1a: Necrozma
|-boost|p1a: Necrozma|atk|1
|-boost|p1a: Necrozma|spe|1
|move|p2a: Great Tusk|Headlong Rush|p1a: Necrozma
|-damage|p1a: Necrozma|70/100
|-unboost|p2a: Great Tusk|def|1
|-unboost|p2a: Great Tusk|spd|1
|
|-heal|p1a: Necrozma|76/100|[from] item: Leftovers
|upkeep
|turn|18
|
|t:|1760377718
|move|p1a: Necrozma|Dragon Dance|p1a: Necrozma
|-boost|p1a: Necrozma|atk|1
|-boost|p1a: Necrozma|spe|1
|move|p2a: Great Tusk|Headlong Rush|p1a: Necrozma
|-damage|p1a: Necrozma|44/100
|-unboost|p2a: Great Tusk|def|1
|-unboost|p2a: Great Tusk|spd|1
|
|-heal|p1a: Necrozma|50/100|[from] item: Leftovers
|-fieldend|Misty Terrain
|upkeep
|turn|19
|
|t:|1760377721
|move|p1a: Necrozma|Photon Geyser|p2a: Great Tusk
|-supereffective|p2a: Great Tusk
|-damage|p2a: Great Tusk|0 fnt
|faint|p2a: Great Tusk
|-end|p2a: Great Tusk|Protosynthesis|[silent]
|
|-heal|p1a: Necrozma|56/100|[from] item: Leftovers
|-sideend|p1: universe mon|move: Aurora Veil
|upkeep
|
|t:|1760377722
|switch|p2a: Dragonite|Dragonite, F|100/100
|turn|20
|
|t:|1760377726
|move|p1a: Necrozma|Photon Geyser|p2a: Dragonite
|-damage|p2a: Dragonite|0 fnt
|faint|p2a: Dragonite
|
|-heal|p1a: Necrozma|62/100|[from] item: Leftovers
|upkeep
|
|t:|1760377730
|switch|p2a: Latios|Latios, M|100/100
|turn|21
|
|t:|1760377736
|-terastallize|p2a: Latios|Steel
|move|p1a: Necrozma|Knock Off|p2a: Latios
|-damage|p2a: Latios|0 fnt
|-enditem|p2a: Latios|Soul Dew|[from] move: Knock Off|[of] p1a: Necrozma
|faint|p2a: Latios
|
|-heal|p1a: Necrozma|68/100|[from] item: Leftovers
|upkeep
|-message|freebobby2020 forfeited.
|
|win|universe mon
|raw|universe mon's rating: 1741 &rarr; <strong>1766</strong><br />(+25 for winning)
|raw|freebobby2020's rating: 1826 &rarr; <strong>1801</strong><br />(-25 for losing)
|l|☆freebobby2020
|player|p2|
|l|‽universe mon
|player|p1|
|l| keyshotbab
