|j|☆iyasih
|j|☆rick cramoranis
|t:|1760461231
|gametype|singles
|player|p1|iyasih|266|1148
|player|p2|rick cramoranis|candice-masters|1191
|gen|9
|tier|[Gen 9] OU
|rated|
|rule|HP Percentage Mod: HP is shown in percentages
|rule|Endless Battle Clause: Forcing endless battles is banned
|rule|Species Clause: Limit one of each Pokémon
|rule|OHKO Clause: OHKO moves are banned
|rule|Evasion Items Clause: Evasion items are banned
|rule|Evasion Moves Clause: Evasion moves are banned
|rule|Evasion Abilities Clause: Evasion abilities are banned
|rule|Sleep Moves Clause: Sleep-inducing moves are banned
|clearpoke
|poke|p1|Weezing-Galar, M|
|poke|p1|Zarude-Dada|
|poke|p1|Dondozo, M|
|poke|p1|Rillaboom, M|
|poke|p1|Scizor, M|
|poke|p1|Alomomola, F|
|poke|p2|Garganacl, M|
|poke|p2|Hippowdon, F|
|poke|p2|Hydrapple, M|
|poke|p2|Slowking-Galar, M|
|poke|p2|Samurott-Hisui, M|
|poke|p2|Excadrill, M|
|teampreview
|inactive|Battle timer is ON: inactive players will automatically lose when time's up. (requested by iyasih)
|
|t:|1760461248
|teamsize|p1|6
|teamsize|p2|6
|start
|switch|p1a: Weezing|Weezing-Galar, M|100/100
|switch|p2a: Hippowdon|Hippowdon, F, shiny|100/100
|-fieldstart|move: Misty Terrain|[from] ability: Misty Surge|[of] p1a: Weezing
|-weather|Sandstorm|[from] ability: Sand Stream|[of] p2a: Hippowdon
|turn|1
|
|t:|1760461273
|switch|p2a: Garganacl|Garganacl, M, shiny|100/100
|move|p1a: Weezing|Will-O-Wisp|p2a: Garganacl
|-immune|p2a: Garganacl|[from] ability: Purifying Salt
|
|-weather|Sandstorm|[upkeep]
|-damage|p1a: Weezing|95/100|[from] Sandstorm
|-heal|p1a: Weezing|100/100|[from] item: Leftovers
|upkeep
|turn|2
|
|t:|1760461285
|switch|p1a: Rillaboom|Rillaboom, M|100/100
|-fieldstart|move: Grassy Terrain|[from] ability: Grassy Surge|[of] p1a: Rillaboom
|move|p2a: Garganacl|Salt Cure|p1a: Rillaboom
|-damage|p1a: Rillaboom|86/100
|-start|p1a: Rillaboom|Salt Cure
|
|-weather|Sandstorm|[upkeep]
|-damage|p1a: Rillaboom|80/100|[from] Sandstorm
|-heal|p1a: Rillaboom|86/100|[from] Grassy Terrain
|-damage|p1a: Rillaboom|74/100|[from] Salt Cure
|upkeep
|turn|3
|
|t:|1760461290
|move|p2a: Garganacl|Protect|p2a: Garganacl
|-singleturn|p2a: Garganacl|Protect
|move|p1a: Rillaboom|Knock Off|p2a: Garganacl
|-activate|p2a: Garganacl|move: Protect
|
|-weather|Sandstorm|[upkeep]
|-damage|p1a: Rillaboom|68/100|[from] Sandstorm
|-heal|p1a: Rillaboom|74/100|[from] Grassy Terrain
|-damage|p1a: Rillaboom|62/100|[from] Salt Cure
|upkeep
|turn|4
|
|t:|1760461301
|switch|p2a: Hippowdon|Hippowdon, F, shiny|100/100
|move|p1a: Rillaboom|Drain Punch|p2a: Hippowdon
|-damage|p2a: Hippowdon|86/100
|-heal|p1a: Rillaboom|71/100|[from] drain|[of] p2a: Hippowdon
|-damage|p1a: Rillaboom|54/100|[from] item: Rocky Helmet|[of] p2a: Hippowdon
|
|-weather|Sandstorm|[upkeep]
|-damage|p1a: Rillaboom|48/100|[from] Sandstorm
|-heal|p1a: Rillaboom|54/100|[from] Grassy Terrain
|-heal|p2a: Hippowdon|92/100|[from] Grassy Terrain
|-damage|p1a: Rillaboom|42/100|[from] Salt Cure
|upkeep
|turn|5
|inactive|rick cramoranis has 120 seconds left.
|
|t:|1760461334
|switch|p1a: Alomomola|Alomomola, F|100/100
|-terastallize|p2a: Hippowdon|Bug
|move|p2a: Hippowdon|Stealth Rock|p1a: Alomomola
|-sidestart|p1: iyasih|move: Stealth Rock
|
|-weather|none
|-heal|p2a: Hippowdon|98/100|[from] Grassy Terrain
|upkeep
|turn|6
|inactive|rick cramoranis has 120 seconds left.
|
|t:|1760461345
|move|p1a: Alomomola|Wish|p1a: Alomomola
|move|p2a: Hippowdon|Scorching Sands|p1a: Alomomola
|-damage|p1a: Alomomola|84/100
|
|-heal|p1a: Alomomola|90/100|[from] Grassy Terrain
|-heal|p2a: Hippowdon|100/100|[from] Grassy Terrain
|upkeep
|turn|7
|inactive|rick cramoranis has 120 seconds left.
|
|t:|1760461357
|move|p1a: Alomomola|Flip Turn|p2a: Hippowdon
|-damage|p2a: Hippowdon|90/100
|-damage|p1a: Alomomola|74/100|[from] item: Rocky Helmet|[of] p2a: Hippowdon
|
|t:|1760461371
|switch|p1a: Rillaboom|Rillaboom, M|42/100|[from] Flip Turn
|-damage|p1a: Rillaboom|30/100|[from] Stealth Rock
|move|p2a: Hippowdon|Scorching Sands|p1a: Rillaboom
|-resisted|p1a: Rillaboom
|-damage|p1a: Rillaboom|22/100
|-status|p1a: Rillaboom|brn
|
|-heal|p1a: Rillaboom|91/100 brn|[from] move: Wish|[wisher] Alomomola
|-heal|p1a: Rillaboom|97/100 brn|[from] Grassy Terrain
|-heal|p2a: Hippowdon|96/100|[from] Grassy Terrain
|-damage|p1a: Rillaboom|91/100 brn|[from] brn
|upkeep
|turn|8
|inactive|rick cramoranis has 120 seconds left.
|
|t:|1760461386
|move|p1a: Rillaboom|Knock Off|p2a: Hippowdon
|-damage|p2a: Hippowdon|87/100
|-damage|p1a: Rillaboom|74/100 brn|[from] item: Rocky Helmet|[of] p2a: Hippowdon
|-enditem|p2a: Hippowdon|Rocky Helmet|[from] move: Knock Off|[of] p1a: Rillaboom
|move|p2a: Hippowdon|Body Press|p1a: Rillaboom
|-damage|p1a: Rillaboom|43/100 brn
|
|-heal|p1a: Rillaboom|49/100 brn|[from] Grassy Terrain
|-heal|p2a: Hippowdon|93/100|[from] Grassy Terrain
|-damage|p1a: Rillaboom|43/100 brn|[from] brn
|upkeep
|turn|9
|inactive|rick cramoranis has 120 seconds left.
|
|t:|1760461399
|move|p1a: Rillaboom|U-turn|p2a: Hippowdon
|-damage|p2a: Hippowdon|86/100
|
|t:|1760461404
|switch|p1a: Weezing|Weezing-Galar, M|100/100|[from] U-turn
|-damage|p1a: Weezing|88/100|[from] Stealth Rock
|-fieldstart|move: Misty Terrain|[from] ability: Misty Surge|[of] p1a: Weezing
|move|p2a: Hippowdon|Scorching Sands|p1a: Weezing
|-supereffective|p1a: Weezing
|-damage|p1a: Weezing|46/100
|
|-heal|p1a: Weezing|51/100|[from] item: Leftovers
|upkeep
|turn|10
|
|t:|1760461415
|switch|p2a: Garganacl|Garganacl, M, shiny|100/100
|move|p1a: Weezing|Defog|p2a: Garganacl
|-unboost|p2a: Garganacl|evasion|1
|-sideend|p1: iyasih|Stealth Rock|[from] move: Defog|[of] p1a: Weezing
|-fieldend|Misty Terrain
|
|-heal|p1a: Weezing|57/100|[from] item: Leftovers
|upkeep
|turn|11
|
|t:|1760461428
|switch|p1a: Alomomola|Alomomola, F|100/100
|move|p2a: Garganacl|Salt Cure|p1a: Alomomola
|-damage|p1a: Alomomola|92/100
|-start|p1a: Alomomola|Salt Cure
|
|-damage|p1a: Alomomola|67/100|[from] Salt Cure
|upkeep
|turn|12
|
|t:|1760461438
|move|p1a: Alomomola|Wish|p1a: Alomomola
|move|p2a: Garganacl|Salt Cure|p1a: Alomomola
|-damage|p1a: Alomomola|57/100
|
|-damage|p1a: Alomomola|32/100|[from] Salt Cure
|upkeep
|turn|13
|inactive|iyasih has 120 seconds left.
|
|t:|1760461485
|switch|p1a: Rillaboom|Rillaboom, M|43/100 brn
|-fieldstart|move: Grassy Terrain|[from] ability: Grassy Surge|[of] p1a: Rillaboom
|move|p2a: Garganacl|Salt Cure|p1a: Rillaboom
|-damage|p1a: Rillaboom|29/100 brn
|-start|p1a: Rillaboom|Salt Cure
|
|-heal|p1a: Rillaboom|98/100 brn|[from] move: Wish|[wisher] Alomomola
|-heal|p1a: Rillaboom|100/100 brn|[from] Grassy Terrain
|-damage|p1a: Rillaboom|94/100 brn|[from] brn
|-damage|p1a: Rillaboom|82/100 brn|[from] Salt Cure
|upkeep
|turn|14
|
|t:|1760461491
|switch|p2a: Hippowdon|Hippowdon, F, shiny, tera:Bug|86/100
|-weather|Sandstorm|[from] ability: Sand Stream|[of] p2a: Hippowdon
|move|p1a: Rillaboom|U-turn|p2a: Hippowdon
|-crit|p2a: Hippowdon
|-damage|p2a: Hippowdon|76/100
|
|t:|1760461497
|switch|p1a: Weezing|Weezing-Galar, M|57/100|[from] U-turn
|-fieldstart|move: Misty Terrain|[from] ability: Misty Surge|[of] p1a: Weezing
|
|-weather|Sandstorm|[upkeep]
|-damage|p1a: Weezing|51/100|[from] Sandstorm
|-damage|p2a: Hippowdon|69/100|[from] Sandstorm
|-heal|p1a: Weezing|57/100|[from] item: Leftovers
|upkeep
|turn|15
|
|t:|1760461505
|switch|p2a: Garganacl|Garganacl, M, shiny|100/100
|move|p1a: Weezing|Flamethrower|p2a: Garganacl
|-resisted|p2a: Garganacl
|-damage|p2a: Garganacl|96/100
|
|-weather|Sandstorm|[upkeep]
|-damage|p1a: Weezing|51/100|[from] Sandstorm
|-heal|p1a: Weezing|57/100|[from] item: Leftovers
|-heal|p2a: Garganacl|100/100|[from] item: Leftovers
|upkeep
|turn|16
|inactive|iyasih has 120 seconds left.
|
|t:|1760461516
|switch|p1a: Zarude|Zarude-Dada|100/100
|move|p2a: Garganacl|Salt Cure|p1a: Zarude
|-damage|p1a: Zarude|87/100
|-start|p1a: Zarude|Salt Cure
|
|-weather|Sandstorm|[upkeep]
|-damage|p1a: Zarude|81/100|[from] Sandstorm
|-heal|p1a: Zarude|87/100|[from] item: Leftovers
|-damage|p1a: Zarude|75/100|[from] Salt Cure
|upkeep
|turn|17
|inactive|iyasih has 120 seconds left.
|
|t:|1760461528
|move|p1a: Zarude|Drain Punch|p2a: Garganacl
|-supereffective|p2a: Garganacl
|-damage|p2a: Garganacl|70/100
|-heal|p1a: Zarude|92/100|[from] drain|[of] p2a: Garganacl
|move|p2a: Garganacl|Ice Punch|p1a: Zarude
|-supereffective|p1a: Zarude
|-damage|p1a: Zarude|58/100
|
|-weather|Sandstorm|[upkeep]
|-damage|p1a: Zarude|52/100|[from] Sandstorm
|-heal|p1a: Zarude|58/100|[from] item: Leftovers
|-heal|p2a: Garganacl|76/100|[from] item: Leftovers
|-damage|p1a: Zarude|46/100|[from] Salt Cure
|upkeep
|turn|18
|
|t:|1760461542
|move|p1a: Zarude|Petal Blizzard|p2a: Garganacl
|-supereffective|p2a: Garganacl
|-crit|p2a: Garganacl
|-damage|p2a: Garganacl|0 fnt
|faint|p2a: Garganacl
|
|-weather|none
|-heal|p1a: Zarude|52/100|[from] item: Leftovers
|-damage|p1a: Zarude|40/100|[from] Salt Cure
|-fieldend|Misty Terrain
|upkeep
|
|t:|1760461555
|switch|p2a: Hippowdon|Hippowdon, F, shiny, tera:Bug|69/100
|-weather|Sandstorm|[from] ability: Sand Stream|[of] p2a: Hippowdon
|turn|19
|
|t:|1760461563
|move|p1a: Zarude|U-turn|p2a: Hippowdon
|-damage|p2a: Hippowdon|57/100
|
|t:|1760461569
|switch|p1a: Alomomola|Alomomola, F|65/100|[from] U-turn
|move|p2a: Hippowdon|Scorching Sands|p1a: Alomomola
|-damage|p1a: Alomomola|48/100
|
|-weather|Sandstorm|[upkeep]
|-damage|p1a: Alomomola|41/100|[from] Sandstorm
|-damage|p2a: Hippowdon|51/100|[from] Sandstorm
|upkeep
|turn|20
|
|t:|1760461577
|move|p1a: Alomomola|Wish|p1a: Alomomola
|move|p2a: Hippowdon|Scorching Sands|p1a: Alomomola
|-crit|p1a: Alomomola
|-damage|p1a: Alomomola|16/100
|
|-weather|Sandstorm|[upkeep]
|-damage|p1a: Alomomola|10/100|[from] Sandstorm
|-damage|p2a: Hippowdon|44/100|[from] Sandstorm
|upkeep
|turn|21
|
|t:|1760461586
|switch|p1a: Weezing|Weezing-Galar, M|57/100
|-fieldstart|move: Misty Terrain|[from] ability: Misty Surge|[of] p1a: Weezing
|move|p2a: Hippowdon|Slack Off|p2a: Hippowdon
|-heal|p2a: Hippowdon|95/100
|
|-weather|Sandstorm|[upkeep]
|-damage|p1a: Weezing|51/100|[from] Sandstorm
|-damage|p2a: Hippowdon|88/100|[from] Sandstorm
|-heal|p1a: Weezing|100/100|[from] move: Wish|[wisher] Alomomola
|upkeep
|turn|22
|-message|rick cramoranis forfeited.
|
|win|iyasih
|raw|iyasih's rating: 1148 &rarr; <strong>1176</strong><br />(+28 for winning)
|raw|rick cramoranis's rating: 1191 &rarr; <strong>1163</strong><br />(-28 for losing)
|l|☆rick cramoranis
|player|p2|
|l|☆iyasih
|player|p1|
