|j|☆pokepeur
|j|☆ikamazu
|t:|1760391005
|gametype|singles
|player|p1|pokepeur|ghetsis|1105
|player|p2|ikamazu|scientistf|1142
|gen|9
|tier|[Gen 9] OU
|rated|
|rule|HP Percentage Mod: HP is shown in percentages
|rule|Endless Battle Clause: Forcing endless battles is banned
|rule|Species Clause: Limit one of each Pokémon
|rule|OHKO Clause: OHKO moves are banned
|rule|Evasion Items Clause: Evasion items are banned
|rule|Evasion Moves Clause: Evasion moves are banned
|rule|Evasion Abilities Clause: Evasion abilities are banned
|rule|Sleep Moves Clause: Sleep-inducing moves are banned
|clearpoke
|poke|p1|Hippowdon, M|
|poke|p1|Goodra-Hisui, F|
|poke|p1|Weezing-Galar, F|
|poke|p1|Bisharp, F|
|poke|p1|Zapdos-Galar|
|poke|p1|Armarouge, F|
|poke|p2|Clodsire, F|
|poke|p2|Pecharunt|
|poke|p2|Talonflame, F|
|poke|p2|Weezing-Galar, M|
|poke|p2|Gliscor, F|
|poke|p2|Blissey, F|
|teampreview
|inactive|Battle timer is ON: inactive players will automatically lose when time's up. (requested by ikamazu)
|
|t:|1760391018
|teamsize|p1|6
|teamsize|p2|6
|start
|switch|p1a: Hippowdon|Hippowdon, M, shiny|100/100
|switch|p2a: Weezing|Weezing-Galar, M|100/100
|-ability|p2a: Weezing|Neutralizing Gas
|turn|1
|
|t:|1760391028
|move|p2a: Weezing|Will-O-Wisp|p1a: Hippowdon
|-status|p1a: Hippowdon|brn
|move|p1a: Hippowdon|Stealth Rock|p2a: Weezing
|-sidestart|p2: ikamazu|move: Stealth Rock
|
|-damage|p1a: Hippowdon|94/100 brn|[from] brn
|upkeep
|turn|2
|
|t:|1760391035
|move|p2a: Weezing|Toxic Spikes|p1a: Hippowdon
|-sidestart|p1: pokepeur|move: Toxic Spikes
|move|p1a: Hippowdon|Earthquake|p2a: Weezing
|-supereffective|p2a: Weezing
|-damage|p2a: Weezing|74/100
|
|-heal|p1a: Hippowdon|100/100 brn|[from] item: Leftovers
|-damage|p1a: Hippowdon|94/100 brn|[from] brn
|upkeep
|turn|3
|
|t:|1760391044
|move|p2a: Weezing|Toxic Spikes|p1a: Hippowdon
|-sidestart|p1: pokepeur|move: Toxic Spikes
|move|p1a: Hippowdon|Earthquake|p2a: Weezing
|-supereffective|p2a: Weezing
|-damage|p2a: Weezing|51/100
|
|-heal|p1a: Hippowdon|100/100 brn|[from] item: Leftovers
|-damage|p1a: Hippowdon|94/100 brn|[from] brn
|upkeep
|turn|4
|
|t:|1760391053
|move|p2a: Weezing|Pain Split|p1a: Hippowdon
|-sethp|p1a: Hippowdon|67/100 brn|[from] move: Pain Split|[silent]
|-sethp|p2a: Weezing|85/100|[from] move: Pain Split
|move|p1a: Hippowdon|Earthquake|p2a: Weezing
|-supereffective|p2a: Weezing
|-damage|p2a: Weezing|59/100
|
|-heal|p1a: Hippowdon|74/100 brn|[from] item: Leftovers
|-damage|p1a: Hippowdon|67/100 brn|[from] brn
|upkeep
|turn|5
|
|t:|1760391063
|move|p2a: Weezing|Pain Split|p1a: Hippowdon
|-sethp|p1a: Hippowdon|57/100 brn|[from] move: Pain Split|[silent]
|-sethp|p2a: Weezing|72/100|[from] move: Pain Split
|move|p1a: Hippowdon|Earthquake|p2a: Weezing
|-supereffective|p2a: Weezing
|-damage|p2a: Weezing|49/100
|
|-heal|p1a: Hippowdon|64/100 brn|[from] item: Leftovers
|-damage|p1a: Hippowdon|57/100 brn|[from] brn
|upkeep
|turn|6
|
|t:|1760391073
|move|p2a: Weezing|Pain Split|p1a: Hippowdon
|-sethp|p1a: Hippowdon|48/100 brn|[from] move: Pain Split|[silent]
|-sethp|p2a: Weezing|60/100|[from] move: Pain Split
|move|p1a: Hippowdon|Earthquake|p2a: Weezing
|-supereffective|p2a: Weezing
|-damage|p2a: Weezing|37/100
|
|-heal|p1a: Hippowdon|54/100 brn|[from] item: Leftovers
|-damage|p1a: Hippowdon|48/100 brn|[from] brn
|upkeep
|turn|7
|
|t:|1760391089
|-end|p2a: Weezing|ability: Neutralizing Gas
|-weather|Sandstorm|[from] ability: Sand Stream|[of] p1a: Hippowdon
|switch|p2a: Gliscor|Gliscor, F|100/100
|-damage|p2a: Gliscor|88/100|[from] Stealth Rock
|move|p1a: Hippowdon|Slack Off|p1a: Hippowdon
|-heal|p1a: Hippowdon|98/100 brn
|
|-weather|Sandstorm|[upkeep]
|-heal|p1a: Hippowdon|100/100 brn|[from] item: Leftovers
|-damage|p1a: Hippowdon|94/100 brn|[from] brn
|-status|p2a: Gliscor|tox|[from] item: Toxic Orb
|upkeep
|turn|8
|
|t:|1760391105
|switch|p1a: Goodra|Goodra-Hisui, F, shiny|100/100
|move|p2a: Gliscor|Knock Off|p1a: Goodra
|-damage|p1a: Goodra|81/100
|-enditem|p1a: Goodra|Leftovers|[from] move: Knock Off|[of] p2a: Gliscor
|
|-weather|Sandstorm|[upkeep]
|-heal|p2a: Gliscor|100/100 tox|[from] ability: Poison Heal
|upkeep
|turn|9
|
|t:|1760391121
|move|p2a: Gliscor|Spikes|p1a: Goodra
|-sidestart|p1: pokepeur|Spikes
|move|p1a: Goodra|Dragon Tail|p2a: Gliscor
|-damage|p2a: Gliscor|84/100 tox
|drag|p2a: Weezing|Weezing-Galar, M|37/100
|-ability|p2a: Weezing|Neutralizing Gas
|
|-weather|Sandstorm|[upkeep]
|-damage|p2a: Weezing|31/100|[from] Sandstorm
|upkeep
|turn|10
|
|t:|1760391132
|move|p2a: Weezing|Pain Split|p1a: Goodra
|-sethp|p1a: Goodra|54/100|[from] move: Pain Split|[silent]
|-sethp|p2a: Weezing|59/100|[from] move: Pain Split
|move|p1a: Goodra|Flash Cannon|p2a: Weezing
|-supereffective|p2a: Weezing
|-damage|p2a: Weezing|0 fnt
|faint|p2a: Weezing
|-end|p2a: Weezing|ability: Neutralizing Gas
|
|-weather|Sandstorm|[upkeep]
|upkeep
|
|t:|1760391143
|switch|p2a: Blissey|Blissey, F|100/100
|-damage|p2a: Blissey|88/100|[from] Stealth Rock
|turn|11
|
|t:|1760391148
|move|p2a: Blissey|Flamethrower|p1a: Goodra
|-damage|p1a: Goodra|43/100
|move|p1a: Goodra|Knock Off|p2a: Blissey
|-damage|p2a: Blissey|66/100
|-enditem|p2a: Blissey|Leftovers|[from] move: Knock Off|[of] p1a: Goodra
|
|-weather|none
|upkeep
|turn|12
|
|t:|1760391162
|move|p2a: Blissey|Calm Mind|p2a: Blissey
|-boost|p2a: Blissey|spa|1
|-boost|p2a: Blissey|spd|1
|move|p1a: Goodra|Dragon Tail|p2a: Blissey
|-damage|p2a: Blissey|47/100
|drag|p2a: Clodsire|Clodsire, F|100/100
|-damage|p2a: Clodsire|94/100|[from] Stealth Rock
|
|-heal|p2a: Clodsire|100/100|[from] item: Leftovers
|upkeep
|turn|13
|
|t:|1760391176
|switch|p1a: Hippowdon|Hippowdon, M, shiny|94/100 brn
|-damage|p1a: Hippowdon|82/100 brn|[from] Spikes
|-weather|Sandstorm|[from] ability: Sand Stream|[of] p1a: Hippowdon
|move|p2a: Clodsire|Bulldoze|p1a: Hippowdon
|-damage|p1a: Hippowdon|71/100 brn
|-unboost|p1a: Hippowdon|spe|1
|
|-weather|Sandstorm|[upkeep]
|-heal|p1a: Hippowdon|77/100 brn|[from] item: Leftovers
|-damage|p1a: Hippowdon|71/100 brn|[from] brn
|upkeep
|turn|14
|
|t:|1760391189
|move|p1a: Hippowdon|Earthquake|p2a: Clodsire
|-supereffective|p2a: Clodsire
|-damage|p2a: Clodsire|67/100
|move|p2a: Clodsire|Curse|p2a: Clodsire
|-unboost|p2a: Clodsire|spe|1
|-boost|p2a: Clodsire|atk|1
|-boost|p2a: Clodsire|def|1
|
|-weather|Sandstorm|[upkeep]
|-heal|p1a: Hippowdon|77/100 brn|[from] item: Leftovers
|-heal|p2a: Clodsire|74/100|[from] item: Leftovers
|-damage|p1a: Hippowdon|71/100 brn|[from] brn
|upkeep
|turn|15
|
|t:|1760391201
|move|p1a: Hippowdon|Earthquake|p2a: Clodsire
|-supereffective|p2a: Clodsire
|-damage|p2a: Clodsire|49/100
|move|p2a: Clodsire|Curse|p2a: Clodsire
|-unboost|p2a: Clodsire|spe|1
|-boost|p2a: Clodsire|atk|1
|-boost|p2a: Clodsire|def|1
|
|-weather|Sandstorm|[upkeep]
|-heal|p1a: Hippowdon|77/100 brn|[from] item: Leftovers
|-heal|p2a: Clodsire|55/100|[from] item: Leftovers
|-damage|p1a: Hippowdon|71/100 brn|[from] brn
|upkeep
|turn|16
|
|t:|1760391212
|move|p2a: Clodsire|Recover|p2a: Clodsire
|-heal|p2a: Clodsire|100/100
|move|p1a: Hippowdon|Whirlwind|p2a: Clodsire
|drag|p2a: Talonflame|Talonflame, F|100/100
|
|-weather|Sandstorm|[upkeep]
|-damage|p2a: Talonflame|94/100|[from] Sandstorm
|-heal|p1a: Hippowdon|77/100 brn|[from] item: Leftovers
|-damage|p1a: Hippowdon|71/100 brn|[from] brn
|upkeep
|turn|17
|
|t:|1760391224
|switch|p1a: Weezing|Weezing-Galar, F, shiny|100/100
|move|p2a: Talonflame|Flamethrower|p1a: Weezing
|-damage|p1a: Weezing|65/100
|
|-weather|none
|upkeep
|turn|18
|
|t:|1760391235
|move|p2a: Talonflame|Will-O-Wisp|p1a: Weezing
|-status|p1a: Weezing|brn
|move|p1a: Weezing|Defog|p2a: Talonflame
|-unboost|p2a: Talonflame|evasion|1
|-sideend|p2: ikamazu|Stealth Rock|[from] move: Defog|[of] p1a: Weezing
|-sideend|p1: pokepeur|Spikes|[from] move: Defog|[of] p1a: Weezing
|-sideend|p1: pokepeur|Toxic Spikes|[from] move: Defog|[of] p1a: Weezing
|
|-damage|p1a: Weezing|59/100 brn|[from] brn
|upkeep
|turn|19
|
|t:|1760391245
|move|p2a: Talonflame|Flamethrower|p1a: Weezing
|-damage|p1a: Weezing|25/100 brn
|move|p1a: Weezing|Strange Steam|p2a: Talonflame
|-resisted|p2a: Talonflame
|-crit|p2a: Talonflame
|-damage|p2a: Talonflame|67/100
|
|-damage|p1a: Weezing|19/100 brn|[from] brn
|upkeep
|turn|20
|
|t:|1760391254
|move|p2a: Talonflame|Flamethrower|p1a: Weezing
|-damage|p1a: Weezing|0 fnt
|faint|p1a: Weezing
|
|upkeep
|
|t:|1760391264
|switch|p1a: Zapdos|Zapdos-Galar, shiny|100/100
|turn|21
|
|t:|1760391270
|switch|p2a: Pecharunt|Pecharunt|100/100
|move|p1a: Zapdos|Brave Bird|p2a: Pecharunt
|-damage|p2a: Pecharunt|71/100
|-damage|p1a: Zapdos|84/100|[from] item: Rocky Helmet|[of] p2a: Pecharunt
|-damage|p1a: Zapdos|72/100|[from] Recoil
|
|upkeep
|turn|22
|
|t:|1760391279
|switch|p1a: Hippowdon|Hippowdon, M, shiny|71/100 brn
|-weather|Sandstorm|[from] ability: Sand Stream|[of] p1a: Hippowdon
|move|p2a: Pecharunt|Foul Play|p1a: Hippowdon
|-damage|p1a: Hippowdon|55/100 brn
|
|-weather|Sandstorm|[upkeep]
|-damage|p2a: Pecharunt|65/100|[from] Sandstorm
|-heal|p1a: Hippowdon|61/100 brn|[from] item: Leftovers
|-damage|p1a: Hippowdon|55/100 brn|[from] brn
|upkeep
|turn|23
|
|t:|1760391291
|move|p2a: Pecharunt|Parting Shot|p1a: Hippowdon
|-unboost|p1a: Hippowdon|atk|1
|-unboost|p1a: Hippowdon|spa|1
|
|t:|1760391295
|switch|p2a: Clodsire|Clodsire, F|100/100|[from] Parting Shot
|move|p1a: Hippowdon|Stealth Rock|p2a: Clodsire
|-sidestart|p2: ikamazu|move: Stealth Rock
|
|-weather|Sandstorm|[upkeep]
|-heal|p1a: Hippowdon|61/100 brn|[from] item: Leftovers
|-damage|p1a: Hippowdon|55/100 brn|[from] brn
|upkeep
|turn|24
|
|t:|1760391306
|move|p1a: Hippowdon|Slack Off|p1a: Hippowdon
|-heal|p1a: Hippowdon|100/100 brn
|move|p2a: Clodsire|Curse|p2a: Clodsire
|-unboost|p2a: Clodsire|spe|1
|-boost|p2a: Clodsire|atk|1
|-boost|p2a: Clodsire|def|1
|
|-weather|Sandstorm|[upkeep]
|-damage|p1a: Hippowdon|94/100 brn|[from] brn
|upkeep
|turn|25
|
|t:|1760391317
|move|p2a: Clodsire|Counter||[still]
|-fail|p2a: Clodsire
|move|p1a: Hippowdon|Whirlwind|p2a: Clodsire
|drag|p2a: Talonflame|Talonflame, F|67/100
|
|-weather|Sandstorm|[upkeep]
|-damage|p2a: Talonflame|60/100|[from] Sandstorm
|-heal|p1a: Hippowdon|100/100 brn|[from] item: Leftovers
|-damage|p1a: Hippowdon|94/100 brn|[from] brn
|upkeep
|turn|26
|
|t:|1760391333
|move|p2a: Talonflame|Roost|p2a: Talonflame
|-heal|p2a: Talonflame|100/100
|-singleturn|p2a: Talonflame|move: Roost
|move|p1a: Hippowdon|Whirlwind|p2a: Talonflame
|drag|p2a: Blissey|Blissey, F|47/100
|-damage|p2a: Blissey|34/100|[from] Stealth Rock
|
|-weather|none
|-heal|p1a: Hippowdon|100/100 brn|[from] item: Leftovers
|-damage|p1a: Hippowdon|94/100 brn|[from] brn
|upkeep
|turn|27
|
|t:|1760391345
|switch|p1a: Goodra|Goodra-Hisui, F, shiny|43/100
|move|p2a: Blissey|Soft-Boiled|p2a: Blissey
|-heal|p2a: Blissey|84/100
|
|upkeep
|turn|28
|
|t:|1760391353
|move|p2a: Blissey|Stealth Rock|p1a: Goodra
|-sidestart|p1: pokepeur|move: Stealth Rock
|move|p1a: Goodra|Dragon Tail|p2a: Blissey
|-damage|p2a: Blissey|64/100
|drag|p2a: Pecharunt|Pecharunt|65/100
|-damage|p2a: Pecharunt|53/100|[from] Stealth Rock
|
|upkeep
|turn|29
|
|t:|1760391362
|move|p2a: Pecharunt|Recover|p2a: Pecharunt
|-heal|p2a: Pecharunt|100/100
|move|p1a: Goodra|Draco Meteor|p2a: Pecharunt
|-damage|p2a: Pecharunt|41/100
|-unboost|p1a: Goodra|spa|2
|
|upkeep
|turn|30
|
|t:|1760391369
|move|p2a: Pecharunt|Recover|p2a: Pecharunt
|-heal|p2a: Pecharunt|91/100
|move|p1a: Goodra|Knock Off|p2a: Pecharunt
|-supereffective|p2a: Pecharunt
|-damage|p2a: Pecharunt|71/100
|-damage|p1a: Goodra|27/100|[from] item: Rocky Helmet|[of] p2a: Pecharunt
|-enditem|p2a: Pecharunt|Rocky Helmet|[from] move: Knock Off|[of] p1a: Goodra
|
|upkeep
|turn|31
|
|t:|1760391379
|switch|p1a: Hippowdon|Hippowdon, M, shiny|94/100 brn
|-damage|p1a: Hippowdon|88/100 brn|[from] Stealth Rock
|-weather|Sandstorm|[from] ability: Sand Stream|[of] p1a: Hippowdon
|move|p2a: Pecharunt|Foul Play|p1a: Hippowdon
|-damage|p1a: Hippowdon|72/100 brn
|
|-weather|Sandstorm|[upkeep]
|-damage|p2a: Pecharunt|65/100|[from] Sandstorm
|-heal|p1a: Hippowdon|79/100 brn|[from] item: Leftovers
|-damage|p1a: Hippowdon|72/100 brn|[from] brn
|upkeep
|turn|32
|
|t:|1760391397
|move|p2a: Pecharunt|Parting Shot|p1a: Hippowdon
|-unboost|p1a: Hippowdon|atk|1
|-unboost|p1a: Hippowdon|spa|1
|
|t:|1760391400
|switch|p2a: Gliscor|Gliscor, F|84/100 tox|[from] Parting Shot
|-damage|p2a: Gliscor|72/100 tox|[from] Stealth Rock
|move|p1a: Hippowdon|Earthquake|p2a: Gliscor
|-immune|p2a: Gliscor
|
|-weather|Sandstorm|[upkeep]
|-heal|p1a: Hippowdon|79/100 brn|[from] item: Leftovers
|-heal|p2a: Gliscor|84/100 tox|[from] ability: Poison Heal
|-damage|p1a: Hippowdon|72/100 brn|[from] brn
|upkeep
|turn|33
|
|t:|1760391405
|move|p2a: Gliscor|Knock Off|p1a: Hippowdon
|-damage|p1a: Hippowdon|56/100 brn
|-enditem|p1a: Hippowdon|Leftovers|[from] move: Knock Off|[of] p2a: Gliscor
|move|p1a: Hippowdon|Slack Off|p1a: Hippowdon
|-heal|p1a: Hippowdon|100/100 brn
|
|-weather|Sandstorm|[upkeep]
|-heal|p2a: Gliscor|97/100 tox|[from] ability: Poison Heal
|-damage|p1a: Hippowdon|94/100 brn|[from] brn
|upkeep
|turn|34
|-message|pokepeur forfeited.
|
|win|ikamazu
|raw|pokepeur's rating: 1105 &rarr; <strong>1083</strong><br />(-22 for losing)
|raw|ikamazu's rating: 1142 &rarr; <strong>1164</strong><br />(+22 for winning)
|l|☆pokepeur
|player|p1|
