|j|☆chasmis_bauna
|j|☆csgoAFK
|t:|1760434097
|gametype|singles
|player|p1|chasmis_bauna|tuber|1428
|player|p2|csgoAFK|steven|1527
|gen|9
|tier|[Gen 9] OU
|rated|
|rule|HP Percentage Mod: HP is shown in percentages
|rule|Endless Battle Clause: Forcing endless battles is banned
|rule|Species Clause: Limit one of each Pokémon
|rule|OHKO Clause: OHKO moves are banned
|rule|Evasion Items Clause: Evasion items are banned
|rule|Evasion Moves Clause: Evasion moves are banned
|rule|Evasion Abilities Clause: Evasion abilities are banned
|rule|Sleep Moves Clause: Sleep-inducing moves are banned
|clearpoke
|poke|p1|Toxapex, M|
|poke|p1|Ogerpon-Wellspring, F|
|poke|p1|Iron Moth|
|poke|p1|Kingambit, M|
|poke|p1|Oricorio-Pom-Pom, M|
|poke|p1|Kyurem|
|poke|p2|Kingambit, F|
|poke|p2|Cinderace, F|
|poke|p2|Landorus-Therian, M|
|poke|p2|Iron Valiant|
|poke|p2|Kyurem|
|poke|p2|Slowking-Galar, M|
|teampreview
|inactive|Battle timer is ON: inactive players will automatically lose when time's up. (requested by chasmis_bauna)
|
|t:|1760434119
|teamsize|p1|6
|teamsize|p2|6
|start
|switch|p1a: jodio|Oricorio-Pom-Pom, M|100/100
|switch|p2a: Landorus|Landorus-Therian, M, shiny|100/100
|-ability|p2a: Landorus|Intimidate|boost
|-unboost|p1a: jodio|atk|1
|turn|1
|
|t:|1760434128
|switch|p1a: joseph|Toxapex, M, shiny|100/100
|move|p2a: Landorus|Rock Tomb|p1a: joseph
|-damage|p1a: joseph|89/100
|-unboost|p1a: joseph|spe|1
|
|-heal|p1a: joseph|95/100|[from] item: Leftovers
|upkeep
|turn|2
|
|t:|1760434135
|move|p2a: Landorus|Earthquake|p1a: joseph
|-supereffective|p1a: joseph
|-damage|p1a: joseph|42/100
|move|p1a: joseph|Chilling Water|p2a: Landorus
|-supereffective|p2a: Landorus
|-damage|p2a: Landorus|74/100
|-unboost|p2a: Landorus|atk|1
|
|-heal|p1a: joseph|48/100|[from] item: Leftovers
|upkeep
|turn|3
|
|t:|1760434140
|move|p1a: joseph|Baneful Bunker|p1a: joseph
|-singleturn|p1a: joseph|move: Protect
|move|p2a: Landorus|U-turn|p1a: joseph
|-activate|p1a: joseph|move: Protect
|-status|p2a: Landorus|psn
|
|-heal|p1a: joseph|54/100|[from] item: Leftovers
|-damage|p2a: Landorus|61/100 psn|[from] psn
|upkeep
|turn|4
|
|t:|1760434156
|switch|p1a: jolyne|Ogerpon-Wellspring, F|100/100
|move|p2a: Landorus|U-turn|p1a: jolyne
|-supereffective|p1a: jolyne
|-crit|p1a: jolyne
|-damage|p1a: jolyne|9/100
|
|t:|1760434161
|switch|p2a: Cinderace|Cinderace, F, shiny|100/100|[from] U-turn
|
|upkeep
|turn|5
|
|t:|1760434172
|move|p2a: Cinderace|U-turn|p1a: jolyne
|-supereffective|p1a: jolyne
|-damage|p1a: jolyne|0 fnt
|faint|p1a: jolyne
|
|t:|1760434181
|switch|p2a: Slowking|Slowking-Galar, M, shiny|100/100|[from] U-turn
|
|upkeep
|
|t:|1760434191
|switch|p1a: jonathan|Kyurem, shiny|100/100
|-ability|p1a: jonathan|Pressure
|turn|6
|
|t:|1760434208
|move|p1a: jonathan|Substitute|p1a: jonathan
|-start|p1a: jonathan|Substitute
|-damage|p1a: jonathan|76/100
|move|p2a: Slowking|Psychic Noise|p1a: jonathan
|-damage|p1a: jonathan|49/100
|-start|p1a: jonathan|move: Heal Block
|
|upkeep
|turn|7
|
|t:|1760434215
|move|p1a: jonathan|Dragon Dance|p1a: jonathan
|-boost|p1a: jonathan|atk|1
|-boost|p1a: jonathan|spe|1
|move|p2a: Slowking|Psychic Noise|p1a: jonathan
|-damage|p1a: jonathan|22/100
|
|-end|p1a: jonathan|move: Heal Block
|upkeep
|turn|8
|
|t:|1760434222
|move|p1a: jonathan|Scale Shot|p2a: Slowking
|-damage|p2a: Slowking|78/100
|-damage|p2a: Slowking|54/100
|-damage|p2a: Slowking|31/100
|-damage|p2a: Slowking|9/100
|-hitcount|p2a: Slowking|4
|-unboost|p1a: jonathan|def|1
|-boost|p1a: jonathan|spe|1
|move|p2a: Slowking|Psychic Noise|p1a: jonathan
|-damage|p1a: jonathan|0 fnt
|faint|p1a: jonathan
|
|upkeep
|
|t:|1760434233
|switch|p1a: giorno|Iron Moth|100/100
|-enditem|p1a: giorno|Booster Energy
|-activate|p1a: giorno|ability: Quark Drive|[fromitem]
|-start|p1a: giorno|quarkdrivespe
|turn|9
|
|t:|1760434243
|switch|p2a: Kyurem|Kyurem, shiny|100/100
|-ability|p2a: Kyurem|Pressure
|move|p1a: giorno|Fiery Dance|p2a: Kyurem
|-damage|p2a: Kyurem|60/100
|
|-heal|p2a: Kyurem|66/100|[from] item: Leftovers
|upkeep
|turn|10
|
|t:|1760434263
|-terastallize|p1a: giorno|Bug
|move|p1a: giorno|Fiery Dance|p2a: Kyurem
|-damage|p2a: Kyurem|26/100
|-boost|p1a: giorno|spa|1
|move|p2a: Kyurem|Earth Power|p1a: giorno
|-resisted|p1a: giorno
|-damage|p1a: giorno|88/100
|
|-heal|p2a: Kyurem|32/100|[from] item: Leftovers
|upkeep
|turn|11
|
|t:|1760434278
|move|p2a: Kyurem|Protect|p2a: Kyurem
|-singleturn|p2a: Kyurem|Protect
|move|p1a: giorno|Fiery Dance|p2a: Kyurem
|-activate|p2a: Kyurem|move: Protect
|
|-heal|p2a: Kyurem|38/100|[from] item: Leftovers
|upkeep
|turn|12
|
|t:|1760434304
|switch|p2a: Landorus|Landorus-Therian, M, shiny|61/100 psn
|-ability|p2a: Landorus|Intimidate|boost
|-unboost|p1a: giorno|atk|1
|move|p1a: giorno|Fiery Dance|p2a: Landorus
|-damage|p2a: Landorus|0 fnt
|faint|p2a: Landorus
|
|upkeep
|
|t:|1760434308
|switch|p2a: Cinderace|Cinderace, F, shiny|100/100
|turn|13
|
|t:|1760434323
|move|p1a: giorno|Sludge Wave|p2a: Cinderace
|-damage|p2a: Cinderace|8/100
|move|p2a: Cinderace|Pyro Ball|p1a: giorno|[miss]
|-miss|p2a: Cinderace|p1a: giorno
|
|upkeep
|turn|14
|c|☆csgoAFK|¨]
|c|☆csgoAFK|:]
|
|t:|1760434337
|move|p1a: giorno|Fiery Dance|p2a: Cinderace
|-resisted|p2a: Cinderace
|-damage|p2a: Cinderace|0 fnt
|faint|p2a: Cinderace
|
|upkeep
|
|t:|1760434347
|switch|p2a: Slowking|Slowking-Galar, M, shiny|43/100
|turn|15
|
|t:|1760434356
|move|p1a: giorno|Fiery Dance|p2a: Slowking
|-damage|p2a: Slowking|10/100
|-boost|p1a: giorno|spa|1
|move|p2a: Slowking|Psychic Noise|p1a: giorno
|-crit|p1a: giorno
|-damage|p1a: giorno|51/100
|-start|p1a: giorno|move: Heal Block
|
|upkeep
|turn|16
|
|t:|1760434361
|move|p1a: giorno|Fiery Dance|p2a: Slowking
|-damage|p2a: Slowking|0 fnt
|-boost|p1a: giorno|spa|1
|faint|p2a: Slowking
|
|-end|p1a: giorno|move: Heal Block
|upkeep
|
|t:|1760434363
|switch|p2a: Kingambit|Kingambit, F|100/100
|-activate|p2a: Kingambit|ability: Supreme Overlord
|-start|p2a: Kingambit|fallen3|[silent]
|turn|17
|
|t:|1760434370
|move|p2a: Kingambit|Sucker Punch|p1a: giorno
|-damage|p1a: giorno|0 fnt
|faint|p1a: giorno
|-end|p1a: giorno|Quark Drive|[silent]
|
|upkeep
|
|t:|1760434373
|switch|p1a: josuke|Kingambit, M, shiny|100/100
|-activate|p1a: josuke|ability: Supreme Overlord
|-start|p1a: josuke|fallen3|[silent]
|turn|18
|
|t:|1760434382
|-end|p2a: Kingambit|fallen3|[silent]
|switch|p2a: Kyurem|Kyurem, shiny|38/100
|-ability|p2a: Kyurem|Pressure
|move|p1a: josuke|Low Kick|p2a: Kyurem
|-supereffective|p2a: Kyurem
|-damage|p2a: Kyurem|0 fnt
|faint|p2a: Kyurem
|
|upkeep
|
|t:|1760434384
|switch|p2a: Iron Valiant|Iron Valiant|100/100
|-enditem|p2a: Iron Valiant|Booster Energy
|-activate|p2a: Iron Valiant|ability: Quark Drive|[fromitem]
|-start|p2a: Iron Valiant|quarkdrivespe
|turn|19
|
|t:|1760434390
|-end|p1a: josuke|fallen3|[silent]
|switch|p1a: joseph|Toxapex, M, shiny|88/100
|move|p2a: Iron Valiant|Encore||[still]
|-fail|p2a: Iron Valiant
|
|-heal|p1a: joseph|94/100|[from] item: Leftovers
|upkeep
|turn|20
|
|t:|1760434401
|move|p1a: joseph|Baneful Bunker|p1a: joseph
|-singleturn|p1a: joseph|move: Protect
|move|p2a: Iron Valiant|Calm Mind|p2a: Iron Valiant
|-boost|p2a: Iron Valiant|spa|1
|-boost|p2a: Iron Valiant|spd|1
|
|-heal|p1a: joseph|99/100|[from] item: Leftovers
|upkeep
|turn|21
|
|t:|1760434406
|move|p2a: Iron Valiant|Encore|p1a: joseph
|-start|p1a: joseph|Encore
|move|p1a: joseph|Baneful Bunker||[still]
|-fail|p1a: joseph
|
|-heal|p1a: joseph|100/100|[from] item: Leftovers
|upkeep
|turn|22
|
|t:|1760434410
|switch|p1a: jodio|Oricorio-Pom-Pom, M|100/100
|move|p2a: Iron Valiant|Calm Mind|p2a: Iron Valiant
|-boost|p2a: Iron Valiant|spa|1
|-boost|p2a: Iron Valiant|spd|1
|
|upkeep
|turn|23
|
|t:|1760434416
|move|p2a: Iron Valiant|Moonblast|p1a: jodio
|-damage|p1a: jodio|0 fnt
|faint|p1a: jodio
|
|upkeep
|
|t:|1760434419
|switch|p1a: joseph|Toxapex, M, shiny|100/100
|turn|24
|
|t:|1760434425
|move|p2a: Iron Valiant|Calm Mind|p2a: Iron Valiant
|-boost|p2a: Iron Valiant|spa|1
|-boost|p2a: Iron Valiant|spd|1
|move|p1a: joseph|Haze|p1a: joseph
|-clearallboost
|
|upkeep
|turn|25
|
|t:|1760434433
|move|p2a: Iron Valiant|Calm Mind|p2a: Iron Valiant
|-boost|p2a: Iron Valiant|spa|1
|-boost|p2a: Iron Valiant|spd|1
|move|p1a: joseph|Chilling Water|p2a: Iron Valiant
|-damage|p2a: Iron Valiant|88/100
|-unboost|p2a: Iron Valiant|atk|1
|
|upkeep
|turn|26
|
|t:|1760434438
|move|p2a: Iron Valiant|Encore|p1a: joseph
|-start|p1a: joseph|Encore
|move|p1a: joseph|Chilling Water|p2a: Iron Valiant
|-damage|p2a: Iron Valiant|75/100
|-unboost|p2a: Iron Valiant|atk|1
|
|upkeep
|turn|27
|
|t:|1760434443
|move|p2a: Iron Valiant|Calm Mind|p2a: Iron Valiant
|-boost|p2a: Iron Valiant|spa|1
|-boost|p2a: Iron Valiant|spd|1
|move|p1a: joseph|Chilling Water|p2a: Iron Valiant
|-damage|p2a: Iron Valiant|65/100
|-unboost|p2a: Iron Valiant|atk|1
|
|upkeep
|turn|28
|
|t:|1760434446
|move|p2a: Iron Valiant|Shadow Ball|p1a: joseph
|-damage|p1a: joseph|57/100
|move|p1a: joseph|Chilling Water|p2a: Iron Valiant
|-damage|p2a: Iron Valiant|54/100
|-unboost|p2a: Iron Valiant|atk|1
|
|-heal|p1a: joseph|64/100|[from] item: Leftovers
|-end|p1a: joseph|Encore
|upkeep
|turn|29
|
|t:|1760434457
|move|p2a: Iron Valiant|Encore|p1a: joseph
|-start|p1a: joseph|Encore
|move|p1a: joseph|Chilling Water|p2a: Iron Valiant
|-damage|p2a: Iron Valiant|45/100
|-unboost|p2a: Iron Valiant|atk|1
|
|-heal|p1a: joseph|70/100|[from] item: Leftovers
|upkeep
|turn|30
|
|t:|1760434460
|move|p2a: Iron Valiant|Shadow Ball|p1a: joseph
|-damage|p1a: joseph|24/100
|move|p1a: joseph|Chilling Water|p2a: Iron Valiant
|-damage|p2a: Iron Valiant|34/100
|-unboost|p2a: Iron Valiant|atk|1
|
|-heal|p1a: joseph|30/100|[from] item: Leftovers
|upkeep
|turn|31
|
|t:|1760434477
|move|p2a: Iron Valiant|Moonblast|p1a: joseph
|-resisted|p1a: joseph
|-damage|p1a: joseph|0 fnt
|faint|p1a: joseph
|
|upkeep
|
|t:|1760434480
|switch|p1a: josuke|Kingambit, M, shiny|100/100
|-activate|p1a: josuke|ability: Supreme Overlord
|-start|p1a: josuke|fallen5|[silent]
|turn|32
|
|t:|1760434484
|move|p1a: josuke|Sucker Punch|p2a: Iron Valiant
|-resisted|p2a: Iron Valiant
|-damage|p2a: Iron Valiant|16/100
|move|p2a: Iron Valiant|Moonblast|p1a: josuke
|-damage|p1a: josuke|6/100
|-unboost|p1a: josuke|spa|1
|
|-heal|p1a: josuke|12/100|[from] item: Leftovers
|upkeep
|turn|33
|
|t:|1760434489
|move|p1a: josuke|Sucker Punch||[still]
|-fail|p1a: josuke
|move|p2a: Iron Valiant|Encore|p1a: josuke
|-start|p1a: josuke|Encore
|
|-heal|p1a: josuke|18/100|[from] item: Leftovers
|upkeep
|turn|34
|
|t:|1760434495
|move|p1a: josuke|Sucker Punch|p2a: Iron Valiant
|-resisted|p2a: Iron Valiant
|-damage|p2a: Iron Valiant|0 fnt
|faint|p2a: Iron Valiant
|-end|p2a: Iron Valiant|Quark Drive|[silent]
|
|-heal|p1a: josuke|25/100|[from] item: Leftovers
|upkeep
|
|t:|1760434496
|switch|p2a: Kingambit|Kingambit, F|100/100
|-activate|p2a: Kingambit|ability: Supreme Overlord
|-start|p2a: Kingambit|fallen5|[silent]
|turn|35
|
|t:|1760434499
|move|p1a: josuke|Sucker Punch|p2a: Kingambit
|-resisted|p2a: Kingambit
|-damage|p2a: Kingambit|75/100
|move|p2a: Kingambit|Kowtow Cleave|p1a: josuke
|-resisted|p1a: josuke
|-damage|p1a: josuke|0 fnt
|faint|p1a: josuke
|-end|p1a: josuke|fallen5|[silent]
|
|win|csgoAFK
|raw|chasmis_bauna's rating: 1428 &rarr; <strong>1414</strong><br />(-14 for losing)
|raw|csgoAFK's rating: 1527 &rarr; <strong>1541</strong><br />(+14 for winning)
|c|☆csgoAFK|GG
|l|☆chasmis_bauna
|player|p1|
|l|☆csgoAFK
|player|p2|
