|j|☆Certified Rock
|j|☆lousiv
|t:|1760353337
|gametype|singles
|player|p1|Certified Rock|266|1270
|player|p2|lousiv|volkner|1306
|gen|9
|tier|[Gen 9] OU
|rated|
|rule|HP Percentage Mod: HP is shown in percentages
|rule|Endless Battle Clause: Forcing endless battles is banned
|rule|Species Clause: Limit one of each Pokémon
|rule|OHKO Clause: OHKO moves are banned
|rule|Evasion Items Clause: Evasion items are banned
|rule|Evasion Moves Clause: Evasion moves are banned
|rule|Evasion Abilities Clause: Evasion abilities are banned
|rule|Sleep Moves Clause: Sleep-inducing moves are banned
|clearpoke
|poke|p1|Moltres|
|poke|p1|Zamazenta-*|
|poke|p1|Iron Valiant|
|poke|p1|Hydrapple, M|
|poke|p1|Ting-Lu|
|poke|p1|Tinkaton, F|
|poke|p2|Blissey, F|
|poke|p2|Sableye, F|
|poke|p2|Venusaur, F|
|poke|p2|Quagsire, F|
|poke|p2|Weavile, F|
|poke|p2|Mandibuzz, F|
|teampreview
|inactive|Battle timer is ON: inactive players will automatically lose when time's up. (requested by Certified Rock)
|
|t:|1760353350
|teamsize|p1|6
|teamsize|p2|6
|start
|switch|p1a: Tinkaton|Tinkaton, F|100/100
|switch|p2a: Weavile|Weavile, F|100/100
|-ability|p2a: Weavile|Pressure
|-ability|p1a: Tinkaton|Mold Breaker
|-item|p1a: Tinkaton|Air Balloon
|turn|1
|
|t:|1760353367
|move|p2a: Weavile|Low Kick|p1a: Tinkaton
|-damage|p1a: Tinkaton|43/100
|-enditem|p1a: Tinkaton|Air Balloon
|move|p1a: Tinkaton|Gigaton Hammer|p2a: Weavile
|-supereffective|p2a: Weavile
|-damage|p2a: Weavile|0 fnt
|faint|p2a: Weavile
|
|upkeep
|
|t:|1760353380
|switch|p2a: Sableye|Sableye, F|100/100
|turn|2
|
|t:|1760353384
|move|p2a: Sableye|Taunt|p1a: Tinkaton
|-start|p1a: Tinkaton|move: Taunt
|cant|p1a: Tinkaton|move: Taunt|Thunder Wave
|
|upkeep
|turn|3
|
|t:|1760353389
|switch|p1a: Ting-Lu|Ting-Lu|100/100
|-ability|p1a: Ting-Lu|Vessel of Ruin
|move|p2a: Sableye|Will-O-Wisp|p1a: Ting-Lu
|-hint|Since gen 7, Dark is immune to Prankster moves.
|-immune|p1a: Ting-Lu
|
|upkeep
|turn|4
|
|t:|1760353394
|move|p2a: Sableye|Knock Off|p1a: Ting-Lu
|-resisted|p1a: Ting-Lu
|-damage|p1a: Ting-Lu|93/100
|-enditem|p1a: Ting-Lu|Leftovers|[from] move: Knock Off|[of] p2a: Sableye
|move|p1a: Ting-Lu|Spikes|p2a: Sableye
|-sidestart|p2: lousiv|Spikes
|
|upkeep
|turn|5
|
|t:|1760353402
|switch|p2a: Mandibuzz|Mandibuzz, F|100/100
|move|p1a: Ting-Lu|Spikes|p2a: Mandibuzz
|-sidestart|p2: lousiv|Spikes
|
|upkeep
|turn|6
|
|t:|1760353404
|move|p2a: Mandibuzz|Toxic|p1a: Ting-Lu
|-status|p1a: Ting-Lu|tox
|move|p1a: Ting-Lu|Ruination|p2a: Mandibuzz
|-damage|p2a: Mandibuzz|50/100
|
|-heal|p2a: Mandibuzz|57/100|[from] item: Leftovers
|-damage|p1a: Ting-Lu|87/100 tox|[from] psn
|upkeep
|turn|7
|
|t:|1760353423
|switch|p1a: Tinkaton|Tinkaton, F|43/100
|-ability|p1a: Tinkaton|Mold Breaker
|move|p2a: Mandibuzz|Roost|p2a: Mandibuzz
|-heal|p2a: Mandibuzz|100/100
|-singleturn|p2a: Mandibuzz|move: Roost
|
|upkeep
|turn|8
|
|t:|1760353431
|move|p1a: Tinkaton|Thunder Wave|p2a: Mandibuzz
|-status|p2a: Mandibuzz|par
|move|p2a: Mandibuzz|Defog|p1a: Tinkaton
|-unboost|p1a: Tinkaton|evasion|1
|-sideend|p2: lousiv|Spikes|[from] move: Defog|[of] p2a: Mandibuzz
|
|upkeep
|turn|9
|
|t:|1760353437
|switch|p2a: Quagsire|Quagsire, F|100/100
|move|p1a: Tinkaton|Stealth Rock|p2a: Quagsire
|-sidestart|p2: lousiv|move: Stealth Rock
|
|upkeep
|turn|10
|
|t:|1760353441
|move|p1a: Tinkaton|Gigaton Hammer|p2a: Quagsire
|-resisted|p2a: Quagsire
|-crit|p2a: Quagsire
|-damage|p2a: Quagsire|75/100
|move|p2a: Quagsire|Earthquake|p1a: Tinkaton
|-supereffective|p1a: Tinkaton
|-damage|p1a: Tinkaton|0 fnt
|faint|p1a: Tinkaton
|
|-heal|p2a: Quagsire|81/100|[from] item: Leftovers
|upkeep
|
|t:|1760353444
|switch|p1a: Hydrapple|Hydrapple, M|100/100
|turn|11
|
|t:|1760353448
|switch|p2a: Blissey|Blissey, F|100/100
|move|p1a: Hydrapple|Nasty Plot|p1a: Hydrapple
|-boost|p1a: Hydrapple|spa|2
|
|upkeep
|turn|12
|
|t:|1760353452
|-terastallize|p1a: Hydrapple|Poison
|move|p2a: Blissey|Thunder Wave|p1a: Hydrapple
|-status|p1a: Hydrapple|par
|move|p1a: Hydrapple|Nasty Plot|p1a: Hydrapple
|-boost|p1a: Hydrapple|spa|2
|
|upkeep
|turn|13
|
|t:|1760353457
|move|p2a: Blissey|Seismic Toss|p1a: Hydrapple
|-damage|p1a: Hydrapple|76/100 par
|cant|p1a: Hydrapple|par
|
|upkeep
|turn|14
|
|t:|1760353460
|move|p2a: Blissey|Seismic Toss|p1a: Hydrapple
|-damage|p1a: Hydrapple|52/100 par
|move|p1a: Hydrapple|Giga Drain|p2a: Blissey
|-damage|p2a: Blissey|66/100
|-heal|p1a: Hydrapple|82/100 par|[from] drain|[of] p2a: Blissey
|
|upkeep
|turn|15
|
|t:|1760353463
|move|p2a: Blissey|Seismic Toss|p1a: Hydrapple
|-damage|p1a: Hydrapple|58/100 par
|cant|p1a: Hydrapple|par
|
|upkeep
|turn|16
|
|t:|1760353469
|move|p2a: Blissey|Seismic Toss|p1a: Hydrapple
|-damage|p1a: Hydrapple|34/100 par
|cant|p1a: Hydrapple|par
|
|upkeep
|turn|17
|
|t:|1760353472
|move|p2a: Blissey|Seismic Toss|p1a: Hydrapple
|-damage|p1a: Hydrapple|10/100 par
|move|p1a: Hydrapple|Giga Drain|p2a: Blissey
|-damage|p2a: Blissey|29/100
|-heal|p1a: Hydrapple|42/100 par|[from] drain|[of] p2a: Blissey
|
|upkeep
|turn|18
|
|t:|1760353474
|move|p2a: Blissey|Seismic Toss|p1a: Hydrapple
|-damage|p1a: Hydrapple|18/100 par
|move|p1a: Hydrapple|Giga Drain|p2a: Blissey
|-damage|p2a: Blissey|0 fnt
|-heal|p1a: Hydrapple|42/100 par|[from] drain|[of] p2a: Blissey
|faint|p2a: Blissey
|
|upkeep
|
|t:|1760353479
|switch|p2a: Venusaur|Venusaur, F|100/100
|-damage|p2a: Venusaur|88/100|[from] Stealth Rock
|turn|19
|
|t:|1760353483
|switch|p1a: Moltres|Moltres|100/100
|move|p2a: Venusaur|Knock Off|p1a: Moltres
|-damage|p1a: Moltres|90/100
|-status|p2a: Venusaur|brn|[from] ability: Flame Body|[of] p1a: Moltres
|-enditem|p1a: Moltres|Heavy-Duty Boots|[from] move: Knock Off|[of] p2a: Venusaur
|
|-heal|p2a: Venusaur|94/100 brn|[from] item: Black Sludge
|-damage|p2a: Venusaur|88/100 brn|[from] brn
|upkeep
|turn|20
|
|t:|1760353494
|switch|p2a: Mandibuzz|Mandibuzz, F|100/100 par
|-damage|p2a: Mandibuzz|75/100 par|[from] Stealth Rock
|move|p1a: Moltres|Flamethrower|p2a: Mandibuzz
|-damage|p2a: Mandibuzz|44/100 par
|
|-heal|p2a: Mandibuzz|50/100 par|[from] item: Leftovers
|upkeep
|turn|21
|
|t:|1760353499
|move|p1a: Moltres|U-turn|p2a: Mandibuzz
|-damage|p2a: Mandibuzz|42/100 par
|
|t:|1760353504
|switch|p1a: Hydrapple|Hydrapple, M, tera:Poison|75/100 par|[from] U-turn
|move|p2a: Mandibuzz|Roost|p2a: Mandibuzz
|-heal|p2a: Mandibuzz|92/100 par
|-singleturn|p2a: Mandibuzz|move: Roost
|
|-heal|p2a: Mandibuzz|98/100 par|[from] item: Leftovers
|upkeep
|turn|22
|
|t:|1760353514
|move|p2a: Mandibuzz|Foul Play|p1a: Hydrapple
|-damage|p1a: Hydrapple|63/100 par
|move|p1a: Hydrapple|Nasty Plot|p1a: Hydrapple
|-boost|p1a: Hydrapple|spa|2
|
|-heal|p2a: Mandibuzz|100/100 par|[from] item: Leftovers
|upkeep
|turn|23
|
|t:|1760353520
|switch|p2a: Quagsire|Quagsire, F|81/100
|-damage|p2a: Quagsire|75/100|[from] Stealth Rock
|cant|p1a: Hydrapple|par
|
|-heal|p2a: Quagsire|81/100|[from] item: Leftovers
|upkeep
|turn|24
|
|t:|1760353522
|move|p2a: Quagsire|Earthquake|p1a: Hydrapple
|-supereffective|p1a: Hydrapple
|-damage|p1a: Hydrapple|27/100 par
|move|p1a: Hydrapple|Giga Drain|p2a: Quagsire
|-supereffective|p2a: Quagsire
|-damage|p2a: Quagsire|0 fnt
|-heal|p1a: Hydrapple|65/100 par|[from] drain|[of] p2a: Quagsire
|faint|p2a: Quagsire
|
|upkeep
|-message|lousiv forfeited.
|
|win|Certified Rock
|raw|Certified Rock's rating: 1270 &rarr; <strong>1298</strong><br />(+28 for winning)
|raw|lousiv's rating: 1306 &rarr; <strong>1284</strong><br />(-22 for losing)
|l|☆lousiv
|player|p2|
|l|☆Certified Rock
|player|p1|
