|j|☆lousiv
|j|☆capitolg
|t:|1760350316
|gametype|singles
|player|p1|lousiv|volkner|1153
|player|p2|capitolg|bellelba|1206
|gen|9
|tier|[Gen 9] OU
|rated|
|rule|HP Percentage Mod: HP is shown in percentages
|rule|Endless Battle Clause: Forcing endless battles is banned
|rule|Species Clause: Limit one of each Pokémon
|rule|OHKO Clause: OHKO moves are banned
|rule|Evasion Items Clause: Evasion items are banned
|rule|Evasion Moves Clause: Evasion moves are banned
|rule|Evasion Abilities Clause: Evasion abilities are banned
|rule|Sleep Moves Clause: Sleep-inducing moves are banned
|clearpoke
|poke|p1|Blissey, F|
|poke|p1|Sableye, M|
|poke|p1|Venusaur, F|
|poke|p1|Quagsire, F|
|poke|p1|Weavile, F|
|poke|p1|Mandibuzz, F|
|poke|p2|Vikavolt, F|
|poke|p2|Gothitelle, F|
|poke|p2|Smeargle, M|
|poke|p2|Empoleon, M|
|poke|p2|Passimian, F|
|poke|p2|Trevenant, M|
|teampreview
|inactive|Battle timer is ON: inactive players will automatically lose when time's up. (requested by lousiv)
|
|t:|1760350325
|teamsize|p1|6
|teamsize|p2|6
|start
|switch|p1a: Sableye|Sableye, M|100/100
|switch|p2a: Vikavolt|Vikavolt, F|100/100
|turn|1
|
|t:|1760350337
|move|p1a: Sableye|Taunt|p2a: Vikavolt
|-start|p2a: Vikavolt|move: Taunt
|cant|p2a: Vikavolt|move: Taunt|Sticky Web
|
|upkeep
|turn|2
|
|t:|1760350344
|move|p1a: Sableye|Knock Off|p2a: Vikavolt
|-damage|p2a: Vikavolt|74/100
|-enditem|p2a: Vikavolt|Focus Sash|[from] move: Knock Off|[of] p1a: Sableye
|move|p2a: Vikavolt|Discharge|p1a: Sableye
|-damage|p1a: Sableye|22/100
|-status|p1a: Sableye|par
|
|-heal|p1a: Sableye|28/100 par|[from] item: Leftovers
|upkeep
|turn|3
|
|t:|1760350357
|switch|p1a: Blissey|Blissey, F|100/100
|move|p2a: Vikavolt|Discharge|p1a: Blissey
|-damage|p1a: Blissey|83/100
|
|-end|p2a: Vikavolt|move: Taunt
|upkeep
|turn|4
|
|t:|1760350360
|move|p1a: Blissey|Stealth Rock|p2a: Vikavolt
|-sidestart|p2: capitolg|move: Stealth Rock
|move|p2a: Vikavolt|Sticky Web|p1a: Blissey
|-sidestart|p1: lousiv|move: Sticky Web
|
|upkeep
|turn|5
|
|t:|1760350363
|switch|p2a: Smeargle|Smeargle, M|100/100
|-damage|p2a: Smeargle|88/100|[from] Stealth Rock
|move|p1a: Blissey|Seismic Toss|p2a: Smeargle
|-damage|p2a: Smeargle|56/100
|
|upkeep
|turn|6
|
|t:|1760350368
|switch|p1a: Sableye|Sableye, M|28/100 par
|-activate|p1a: Sableye|move: Sticky Web
|-unboost|p1a: Sableye|spe|1
|move|p2a: Smeargle|Court Change|p2a: Smeargle
|-swapsideconditions
|-activate|p2a: Smeargle|move: Court Change
|
|-heal|p1a: Sableye|35/100 par|[from] item: Leftovers
|upkeep
|turn|7
|
|t:|1760350371
|move|p2a: Smeargle|Burning Bulwark|p2a: Smeargle
|-singleturn|p2a: Smeargle|move: Protect
|move|p1a: Sableye|Recover|p1a: Sableye
|-heal|p1a: Sableye|85/100 par
|
|-heal|p1a: Sableye|91/100 par|[from] item: Leftovers
|upkeep
|turn|8
|
|t:|1760350380
|move|p1a: Sableye|Knock Off|p2a: Smeargle
|-damage|p2a: Smeargle|0 fnt
|-enditem|p2a: Smeargle|Focus Sash|[from] move: Knock Off|[of] p1a: Sableye
|faint|p2a: Smeargle
|
|-heal|p1a: Sableye|97/100 par|[from] item: Leftovers
|upkeep
|
|t:|1760350383
|switch|p2a: Vikavolt|Vikavolt, F|74/100
|turn|9
|
|t:|1760350389
|switch|p1a: Blissey|Blissey, F|83/100
|move|p2a: Vikavolt|Discharge|p1a: Blissey
|-damage|p1a: Blissey|65/100
|
|upkeep
|turn|10
|
|t:|1760350393
|switch|p2a: Trevenant|Trevenant, M|100/100
|-activate|p2a: Trevenant|move: Sticky Web
|-unboost|p2a: Trevenant|spe|1
|move|p1a: Blissey|Soft-Boiled|p1a: Blissey
|-heal|p1a: Blissey|100/100
|
|upkeep
|turn|11
|
|t:|1760350408
|switch|p1a: Mandibuzz|Mandibuzz, F|100/100
|-damage|p1a: Mandibuzz|75/100|[from] Stealth Rock
|move|p2a: Trevenant|Trick Room|p2a: Trevenant
|-fieldstart|move: Trick Room|[of] p2a: Trevenant
|
|-heal|p1a: Mandibuzz|82/100|[from] item: Leftovers
|upkeep
|turn|12
|inactive|capitolg has 120 seconds left.
|
|t:|1760350451
|switch|p2a: Empoleon|Empoleon, M|100/100
|-activate|p2a: Empoleon|move: Sticky Web
|-unboost|p2a: Empoleon|spe|1
|-ability|p2a: Empoleon|Competitive|boost
|-boost|p2a: Empoleon|spa|2
|move|p1a: Mandibuzz|Defog|p2a: Empoleon
|-unboost|p2a: Empoleon|evasion|1
|-ability|p2a: Empoleon|Competitive|boost
|-boost|p2a: Empoleon|spa|2
|-sideend|p2: capitolg|Sticky Web|[from] move: Defog|[of] p1a: Mandibuzz
|-sideend|p1: lousiv|Stealth Rock|[from] move: Defog|[of] p1a: Mandibuzz
|
|-heal|p1a: Mandibuzz|88/100|[from] item: Leftovers
|upkeep
|turn|13
|
|t:|1760350462
|move|p2a: Empoleon|Ice Beam|p1a: Mandibuzz
|-supereffective|p1a: Mandibuzz
|-damage|p1a: Mandibuzz|0 fnt
|faint|p1a: Mandibuzz
|
|upkeep
|
|t:|1760350464
|switch|p1a: Blissey|Blissey, F|100/100
|turn|14
|
|t:|1760350471
|move|p2a: Empoleon|Surf|p1a: Blissey
|-damage|p1a: Blissey|50/100
|move|p1a: Blissey|Thunder Wave|p2a: Empoleon
|-status|p2a: Empoleon|par
|
|upkeep
|turn|15
|
|t:|1760350475
|cant|p2a: Empoleon|par
|move|p1a: Blissey|Soft-Boiled|p1a: Blissey
|-heal|p1a: Blissey|100/100
|
|-fieldend|move: Trick Room
|upkeep
|turn|16
|
|t:|1760350479
|move|p1a: Blissey|Seismic Toss|p2a: Empoleon
|-damage|p2a: Empoleon|68/100 par
|cant|p2a: Empoleon|par
|
|upkeep
|turn|17
|
|t:|1760350481
|move|p1a: Blissey|Seismic Toss|p2a: Empoleon
|-damage|p2a: Empoleon|36/100 par
|cant|p2a: Empoleon|par
|
|upkeep
|turn|18
|
|t:|1760350484
|move|p1a: Blissey|Seismic Toss|p2a: Empoleon
|-damage|p2a: Empoleon|4/100 par
|move|p2a: Empoleon|Surf|p1a: Blissey
|-damage|p1a: Blissey|52/100
|
|upkeep
|turn|19
|c|☆lousiv|lucky
|
|t:|1760350489
|move|p1a: Blissey|Seismic Toss|p2a: Empoleon
|-damage|p2a: Empoleon|0 fnt
|faint|p2a: Empoleon
|
|upkeep
|
|t:|1760350492
|switch|p2a: Trevenant|Trevenant, M|100/100
|turn|20
|-message|capitolg forfeited.
|
|win|lousiv
|raw|lousiv's rating: 1153 &rarr; <strong>1182</strong><br />(+29 for winning)
|raw|capitolg's rating: 1206 &rarr; <strong>1177</strong><br />(-29 for losing)
|l|☆capitolg
|player|p2|
|l|☆lousiv
|player|p1|
