|j|☆djkslaf
|j|☆Doodieray
|t:|1760447400
|gametype|singles
|player|p1|djkslaf|nemona-s|1293
|player|p2|Doodieray|medium|1354
|gen|9
|tier|[Gen 9] OU
|rated|
|rule|HP Percentage Mod: HP is shown in percentages
|rule|Endless Battle Clause: Forcing endless battles is banned
|rule|Species Clause: Limit one of each Pokémon
|rule|OHKO Clause: OHKO moves are banned
|rule|Evasion Items Clause: Evasion items are banned
|rule|Evasion Moves Clause: Evasion moves are banned
|rule|Evasion Abilities Clause: Evasion abilities are banned
|rule|Sleep Moves Clause: Sleep-inducing moves are banned
|clearpoke
|poke|p1|Dragalge, F|
|poke|p1|Alomomola, F|
|poke|p1|Garganacl, F|
|poke|p1|Rillaboom, M|
|poke|p1|Iron Treads|
|poke|p1|Zamazenta-*|
|poke|p2|Dragonite, M|
|poke|p2|Great Tusk|
|poke|p2|Iron Crown|
|poke|p2|Iron Moth|
|poke|p2|Ogerpon, F|
|poke|p2|Primarina, F|
|teampreview
|inactive|Battle timer is ON: inactive players will automatically lose when time's up. (requested by Doodieray)
|inactive|djkslaf also wants the timer to be on.
|inactive|Doodieray has 120 seconds left.
|
|t:|1760447439
|teamsize|p1|6
|teamsize|p2|6
|start
|switch|p1a: Rillaboom|Rillaboom, M|100/100
|switch|p2a: Iron Crown|Iron Crown|100/100
|-fieldstart|move: Grassy Terrain|[from] ability: Grassy Surge|[of] p1a: Rillaboom
|turn|1
|
|t:|1760447451
|switch|p1a: Iron Treads|Iron Treads|100/100
|move|p2a: Iron Crown|Volt Switch|p1a: Iron Treads
|-immune|p1a: Iron Treads
|
|upkeep
|turn|2
|
|t:|1760447464
|-end|p2a: Iron Crown|Quark Drive|[silent]
|switch|p2a: Great Tusk|Great Tusk|100/100
|move|p1a: Iron Treads|Knock Off|p2a: Great Tusk
|-resisted|p2a: Great Tusk
|-damage|p2a: Great Tusk|89/100
|-damage|p1a: Iron Treads|84/100|[from] item: Rocky Helmet|[of] p2a: Great Tusk
|-enditem|p2a: Great Tusk|Rocky Helmet|[from] move: Knock Off|[of] p1a: Iron Treads
|
|-heal|p1a: Iron Treads|90/100|[from] Grassy Terrain
|-heal|p2a: Great Tusk|95/100|[from] Grassy Terrain
|upkeep
|turn|3
|
|t:|1760447478
|-end|p1a: Iron Treads|Quark Drive|[silent]
|switch|p1a: Alomomola|Alomomola, F|100/100
|move|p2a: Great Tusk|Stealth Rock|p1a: Alomomola
|-sidestart|p1: djkslaf|move: Stealth Rock
|
|-heal|p2a: Great Tusk|100/100|[from] Grassy Terrain
|upkeep
|turn|4
|
|t:|1760447497
|-end|p2a: Great Tusk|Protosynthesis|[silent]
|switch|p2a: Dragonite|Dragonite, M|100/100
|move|p1a: Alomomola|Flip Turn|p2a: Dragonite
|-resisted|p2a: Dragonite
|-damage|p2a: Dragonite|96/100
|
|t:|1760447515
|switch|p1a: Iron Treads|Iron Treads|90/100|[from] Flip Turn
|-damage|p1a: Iron Treads|87/100|[from] Stealth Rock
|
|-heal|p1a: Iron Treads|93/100|[from] Grassy Terrain
|upkeep
|turn|5
|
|t:|1760447526
|switch|p2a: Primarina|Primarina, F|100/100
|move|p1a: Iron Treads|Rapid Spin|p2a: Primarina
|-damage|p2a: Primarina|87/100
|-boost|p1a: Iron Treads|spe|1
|-sideend|p1: djkslaf|Stealth Rock|[from] move: Rapid Spin|[of] p1a: Iron Treads
|
|-heal|p1a: Iron Treads|99/100|[from] Grassy Terrain
|-heal|p2a: Primarina|93/100|[from] Grassy Terrain
|-heal|p2a: Primarina|99/100|[from] item: Leftovers
|-fieldend|move: Grassy Terrain
|upkeep
|turn|6
|
|t:|1760447539
|-end|p1a: Iron Treads|Quark Drive|[silent]
|switch|p1a: Dragalge|Dragalge, F|100/100
|switch|p2a: Dragonite|Dragonite, M|96/100
|
|upkeep
|turn|7
|
|t:|1760447548
|move|p2a: Dragonite|Ice Spinner|p1a: Dragalge
|-supereffective|p1a: Dragalge
|-damage|p1a: Dragalge|28/100
|move|p1a: Dragalge|Scald|p2a: Dragonite
|-resisted|p2a: Dragonite
|-damage|p2a: Dragonite|86/100
|-status|p2a: Dragonite|brn
|
|-damage|p2a: Dragonite|80/100 brn|[from] brn
|upkeep
|turn|8
|
|t:|1760447558
|switch|p2a: Iron Moth|Iron Moth|100/100
|-enditem|p2a: Iron Moth|Booster Energy
|-activate|p2a: Iron Moth|ability: Quark Drive|[fromitem]
|-start|p2a: Iron Moth|quarkdrivespe
|switch|p1a: Alomomola|Alomomola, F|100/100
|
|upkeep
|turn|9
|
|t:|1760447574
|move|p2a: Iron Moth|Substitute|p2a: Iron Moth
|-start|p2a: Iron Moth|Substitute
|-damage|p2a: Iron Moth|76/100
|move|p1a: Alomomola|Wish|p1a: Alomomola
|
|upkeep
|turn|10
|
|t:|1760447584
|move|p2a: Iron Moth|Fiery Dance|p1a: Alomomola
|-resisted|p1a: Alomomola
|-damage|p1a: Alomomola|82/100
|-boost|p2a: Iron Moth|spa|1
|move|p1a: Alomomola|Flip Turn|p2a: Iron Moth
|-supereffective|p2a: Iron Moth
|-end|p2a: Iron Moth|Substitute
|
|t:|1760447594
|switch|p1a: Dragalge|Dragalge, F|28/100|[from] Flip Turn
|
|-heal|p1a: Dragalge|98/100|[from] move: Wish|[wisher] Alomomola
|upkeep
|turn|11
|
|t:|1760447601
|move|p2a: Iron Moth|Substitute|p2a: Iron Moth
|-start|p2a: Iron Moth|Substitute
|-damage|p2a: Iron Moth|51/100
|move|p1a: Dragalge|Flip Turn|p2a: Iron Moth
|-supereffective|p2a: Iron Moth
|-end|p2a: Iron Moth|Substitute
|
|t:|1760447609
|switch|p1a: Alomomola|Alomomola, F|100/100|[from] Flip Turn
|
|upkeep
|turn|12
|
|t:|1760447612
|move|p2a: Iron Moth|Sludge Wave|p1a: Alomomola
|-damage|p1a: Alomomola|46/100
|move|p1a: Alomomola|Flip Turn|p2a: Iron Moth
|-supereffective|p2a: Iron Moth
|-damage|p2a: Iron Moth|6/100
|
|t:|1760447620
|switch|p1a: Rillaboom|Rillaboom, M|100/100|[from] Flip Turn
|-fieldstart|move: Grassy Terrain|[from] ability: Grassy Surge|[of] p1a: Rillaboom
|
|-heal|p2a: Iron Moth|12/100|[from] Grassy Terrain
|upkeep
|turn|13
|
|t:|1760447629
|move|p1a: Rillaboom|Grassy Glide|p2a: Iron Moth
|-resisted|p2a: Iron Moth
|-damage|p2a: Iron Moth|0 fnt
|faint|p2a: Iron Moth
|-end|p2a: Iron Moth|Quark Drive|[silent]
|
|upkeep
|
|t:|1760447637
|switch|p2a: Ogerpon|Ogerpon, F|100/100
|turn|14
|
|t:|1760447643
|switch|p1a: Dragalge|Dragalge, F|98/100
|move|p2a: Ogerpon|U-turn|p1a: Dragalge
|-resisted|p1a: Dragalge
|-damage|p1a: Dragalge|89/100
|
|t:|1760447647
|switch|p2a: Great Tusk|Great Tusk|100/100|[from] U-turn
|
|-heal|p1a: Dragalge|95/100|[from] Grassy Terrain
|upkeep
|turn|15
|
|t:|1760447654
|switch|p1a: Alomomola|Alomomola, F|79/100
|move|p2a: Great Tusk|Headlong Rush|p1a: Alomomola
|-damage|p1a: Alomomola|34/100
|-unboost|p2a: Great Tusk|def|1
|-unboost|p2a: Great Tusk|spd|1
|
|-heal|p1a: Alomomola|40/100|[from] Grassy Terrain
|upkeep
|turn|16
|
|t:|1760447668
|switch|p1a: Zamazenta|Zamazenta|100/100
|-ability|p1a: Zamazenta|Dauntless Shield|boost
|-boost|p1a: Zamazenta|def|1
|move|p2a: Great Tusk|Ice Spinner|p1a: Zamazenta
|-damage|p1a: Zamazenta|84/100
|-fieldend|move: Grassy Terrain
|
|upkeep
|turn|17
|
|t:|1760447688
|-end|p2a: Great Tusk|Protosynthesis|[silent]
|switch|p2a: Dragonite|Dragonite, M|80/100 brn
|move|p1a: Zamazenta|Close Combat|p2a: Dragonite
|-resisted|p2a: Dragonite
|-crit|p2a: Dragonite
|-damage|p2a: Dragonite|28/100 brn
|-unboost|p1a: Zamazenta|def|1
|-unboost|p1a: Zamazenta|spd|1
|
|-damage|p2a: Dragonite|22/100 brn|[from] brn
|upkeep
|turn|18
|
|t:|1760447698
|move|p1a: Zamazenta|Ice Fang|p2a: Dragonite
|-supereffective|p2a: Dragonite
|-crit|p2a: Dragonite
|-damage|p2a: Dragonite|0 fnt
|faint|p2a: Dragonite
|
|upkeep
|
|t:|1760447717
|switch|p2a: Iron Crown|Iron Crown|100/100
|turn|19
|
|t:|1760447726
|switch|p1a: Iron Treads|Iron Treads|99/100
|move|p2a: Iron Crown|Focus Blast|p1a: Iron Treads
|-supereffective|p1a: Iron Treads
|-damage|p1a: Iron Treads|0 fnt
|faint|p1a: Iron Treads
|-end|p1a: Iron Treads|Quark Drive|[silent]
|
|upkeep
|
|t:|1760447745
|switch|p1a: Zamazenta|Zamazenta|84/100
|turn|20
|
|t:|1760447749
|-end|p2a: Iron Crown|Quark Drive|[silent]
|switch|p2a: Great Tusk|Great Tusk|100/100
|-terastallize|p1a: Zamazenta|Dark
|move|p1a: Zamazenta|Crunch|p2a: Great Tusk
|-resisted|p2a: Great Tusk
|-damage|p2a: Great Tusk|87/100
|
|upkeep
|turn|21
|
|t:|1760447764
|move|p1a: Zamazenta|Ice Fang|p2a: Great Tusk
|-supereffective|p2a: Great Tusk
|-damage|p2a: Great Tusk|57/100
|move|p2a: Great Tusk|Ice Spinner|p1a: Zamazenta
|-damage|p1a: Zamazenta|61/100
|
|upkeep
|turn|22
|
|t:|1760447773
|switch|p1a: Alomomola|Alomomola, F|73/100
|move|p2a: Great Tusk|Rapid Spin|p1a: Alomomola
|-damage|p1a: Alomomola|62/100
|-boost|p2a: Great Tusk|spe|1
|
|upkeep
|turn|23
|
|t:|1760447785
|move|p2a: Great Tusk|Headlong Rush|p1a: Alomomola
|-damage|p1a: Alomomola|18/100
|-unboost|p2a: Great Tusk|def|1
|-unboost|p2a: Great Tusk|spd|1
|move|p1a: Alomomola|Flip Turn|p2a: Great Tusk
|-supereffective|p2a: Great Tusk
|-damage|p2a: Great Tusk|21/100
|
|t:|1760447793
|switch|p1a: Rillaboom|Rillaboom, M|100/100|[from] Flip Turn
|-fieldstart|move: Grassy Terrain|[from] ability: Grassy Surge|[of] p1a: Rillaboom
|
|-heal|p2a: Great Tusk|27/100|[from] Grassy Terrain
|upkeep
|turn|24
|
|t:|1760447810
|-end|p2a: Great Tusk|Protosynthesis|[silent]
|switch|p2a: Primarina|Primarina, F|99/100
|move|p1a: Rillaboom|Knock Off|p2a: Primarina
|-resisted|p2a: Primarina
|-damage|p2a: Primarina|76/100
|-enditem|p2a: Primarina|Leftovers|[from] move: Knock Off|[of] p1a: Rillaboom
|
|-heal|p2a: Primarina|82/100|[from] Grassy Terrain
|upkeep
|turn|25
|
|t:|1760447820
|switch|p1a: Dragalge|Dragalge, F|95/100
|switch|p2a: Iron Crown|Iron Crown|100/100
|
|-heal|p1a: Dragalge|100/100|[from] Grassy Terrain
|upkeep
|turn|26
|
|t:|1760447830
|move|p2a: Iron Crown|Tachyon Cutter|p1a: Dragalge
|-damage|p1a: Dragalge|69/100
|-damage|p1a: Dragalge|37/100
|-hitcount|p1a: Dragalge|2
|move|p1a: Dragalge|Flip Turn|p2a: Iron Crown
|-damage|p2a: Iron Crown|90/100
|
|t:|1760447837
|switch|p1a: Zamazenta|Zamazenta, tera:Dark|61/100|[from] Flip Turn
|
|-heal|p1a: Zamazenta|67/100|[from] Grassy Terrain
|-heal|p2a: Iron Crown|96/100|[from] Grassy Terrain
|upkeep
|turn|27
|
|t:|1760447846
|-terastallize|p2a: Iron Crown|Steel
|move|p1a: Zamazenta|Crunch|p2a: Iron Crown
|-damage|p2a: Iron Crown|58/100
|move|p2a: Iron Crown|Tachyon Cutter|p1a: Zamazenta
|-damage|p1a: Zamazenta|27/100
|-damage|p1a: Zamazenta|0 fnt
|faint|p1a: Zamazenta
|-hitcount|p1: Zamazenta|2
|
|-heal|p2a: Iron Crown|64/100|[from] Grassy Terrain
|-fieldend|move: Grassy Terrain
|upkeep
|
|t:|1760447862
|switch|p1a: Alomomola|Alomomola, F|52/100
|turn|28
|
|t:|1760447869
|move|p1a: Alomomola|Protect|p1a: Alomomola
|-singleturn|p1a: Alomomola|Protect
|move|p2a: Iron Crown|Tachyon Cutter|p1a: Alomomola
|-activate|p1a: Alomomola|move: Protect
|
|upkeep
|turn|29
|
|t:|1760447877
|switch|p1a: Dragalge|Dragalge, F|37/100
|move|p2a: Iron Crown|Tachyon Cutter|p1a: Dragalge
|-damage|p1a: Dragalge|0 fnt
|faint|p1a: Dragalge
|-hitcount|p1: Dragalge|1
|
|upkeep
|inactive|djkslaf has 120 seconds left.
|-message|djkslaf forfeited.
|
|win|Doodieray
|raw|djkslaf's rating: 1293 &rarr; <strong>1272</strong><br />(-21 for losing)
|raw|Doodieray's rating: 1354 &rarr; <strong>1371</strong><br />(+17 for winning)
|l|☆djkslaf
|player|p1|
