|j|☆AthenaSux
|j|‽cielolebogoss
|t:|1760448810
|gametype|singles
|player|p1|AthenaSux|2|1549
|player|p2|cielolebogoss|ghetsis-gen5bw|1543
|gen|9
|tier|[Gen 9] OU
|rated|
|rule|HP Percentage Mod: HP is shown in percentages
|rule|Endless Battle Clause: Forcing endless battles is banned
|rule|Species Clause: Limit one of each Pokémon
|rule|OHKO Clause: OHKO moves are banned
|rule|Evasion Items Clause: Evasion items are banned
|rule|Evasion Moves Clause: Evasion moves are banned
|rule|Evasion Abilities Clause: Evasion abilities are banned
|rule|Sleep Moves Clause: Sleep-inducing moves are banned
|clearpoke
|poke|p1|Pecharunt|
|poke|p1|Great Tusk|
|poke|p1|Ogerpon-Wellspring, F|
|poke|p1|Iron Crown|
|poke|p1|Landorus-Therian, M|
|poke|p1|Samurott-Hisui, F|
|poke|p2|Manaphy|
|poke|p2|Ninetales-Alola, M|
|poke|p2|Iron Crown|
|poke|p2|Iron Moth|
|poke|p2|Kingambit, F|
|poke|p2|Ogerpon-Wellspring, F|
|teampreview
|
|t:|1760448822
|teamsize|p1|6
|teamsize|p2|6
|start
|switch|p1a: Iron Crown|Iron Crown|100/100
|switch|p2a: Ogerpon|Ogerpon-Wellspring, F|100/100
|turn|1
|
|t:|1760448833
|move|p2a: Ogerpon|Ivy Cudgel|p1a: Iron Crown|[anim] Ivy Cudgel Water
|-damage|p1a: Iron Crown|33/100
|move|p1a: Iron Crown|Volt Switch|p2a: Ogerpon
|-damage|p2a: Ogerpon|59/100
|
|t:|1760448841
|-end|p1a: Iron Crown|Quark Drive|[silent]
|switch|p1a: Landorus|Landorus-Therian, M|100/100|[from] Volt Switch
|-ability|p1a: Landorus|Intimidate|boost
|-unboost|p2a: Ogerpon|atk|1
|
|upkeep
|turn|2
|
|t:|1760448848
|switch|p2a: Iron Moth|Iron Moth|100/100
|-enditem|p2a: Iron Moth|Booster Energy
|-activate|p2a: Iron Moth|ability: Quark Drive|[fromitem]
|-start|p2a: Iron Moth|quarkdrivespe
|move|p1a: Landorus|U-turn|p2a: Iron Moth
|-resisted|p2a: Iron Moth
|-damage|p2a: Iron Moth|91/100
|
|t:|1760448865
|switch|p1a: Samurott|Samurott-Hisui, F|100/100|[from] U-turn
|
|upkeep
|turn|3
|
|t:|1760448872
|-end|p2a: Iron Moth|Quark Drive|[silent]
|switch|p2a: Ogerpon|Ogerpon-Wellspring, F|59/100
|move|p1a: Samurott|Ceaseless Edge|p2a: Ogerpon
|-damage|p2a: Ogerpon|0 fnt
|-sidestart|p2: cielolebogoss|Spikes
|faint|p2a: Ogerpon
|
|upkeep
|
|t:|1760448883
|switch|p2a: Iron Moth|Iron Moth|91/100
|-damage|p2a: Iron Moth|78/100|[from] Spikes
|turn|4
|
|t:|1760448887
|move|p2a: Iron Moth|Dazzling Gleam|p1a: Samurott
|-supereffective|p1a: Samurott
|-damage|p1a: Samurott|52/100
|move|p1a: Samurott|Ceaseless Edge|p2a: Iron Moth|[miss]
|-miss|p1a: Samurott|p2a: Iron Moth
|
|upkeep
|turn|5
|
|t:|1760448893
|move|p2a: Iron Moth|Dazzling Gleam|p1a: Samurott
|-supereffective|p1a: Samurott
|-crit|p1a: Samurott
|-damage|p1a: Samurott|0 fnt
|faint|p1a: Samurott
|
|upkeep
|
|t:|1760448897
|switch|p1a: Landorus|Landorus-Therian, M|100/100
|-ability|p1a: Landorus|Intimidate|boost
|-unboost|p2a: Iron Moth|atk|1
|turn|6
|
|t:|1760448905
|move|p1a: Landorus|Earthquake|p2a: Iron Moth
|-supereffective|p2a: Iron Moth
|-damage|p2a: Iron Moth|0 fnt
|faint|p2a: Iron Moth
|-end|p2a: Iron Moth|Quark Drive|[silent]
|
|upkeep
|
|t:|1760448909
|switch|p2a: Iron Crown|Iron Crown|100/100
|-damage|p2a: Iron Crown|88/100|[from] Spikes
|turn|7
|
|t:|1760448913
|-terastallize|p2a: Iron Crown|Flying
|move|p2a: Iron Crown|Tachyon Cutter|p1a: Landorus
|-damage|p1a: Landorus|65/100
|-damage|p1a: Landorus|31/100
|-hitcount|p1a: Landorus|2
|move|p1a: Landorus|Earthquake|p2a: Iron Crown
|-immune|p2a: Iron Crown
|
|upkeep
|turn|8
|
|t:|1760448930
|-end|p2a: Iron Crown|Quark Drive|[silent]
|switch|p2a: Manaphy|Manaphy|100/100
|-damage|p2a: Manaphy|88/100|[from] Spikes
|switch|p1a: Ogerpon|Ogerpon-Wellspring, F|100/100
|
|-heal|p2a: Manaphy|94/100|[from] item: Leftovers
|upkeep
|turn|9
|
|t:|1760448936
|move|p2a: Manaphy|Tail Glow|p2a: Manaphy
|-boost|p2a: Manaphy|spa|3
|move|p1a: Ogerpon|Synthesis|p1a: Ogerpon
|-fail|p1a: Ogerpon|heal
|
|-heal|p2a: Manaphy|100/100|[from] item: Leftovers
|upkeep
|turn|10
|
|t:|1760448944
|move|p2a: Manaphy|Energy Ball|p1a: Ogerpon
|-damage|p1a: Ogerpon|41/100
|move|p1a: Ogerpon|Trailblaze|p2a: Manaphy
|-supereffective|p2a: Manaphy
|-damage|p2a: Manaphy|44/100
|-boost|p1a: Ogerpon|spe|1
|
|-heal|p2a: Manaphy|50/100|[from] item: Leftovers
|upkeep
|turn|11
|
|t:|1760448950
|move|p1a: Ogerpon|Trailblaze|p2a: Manaphy
|-supereffective|p2a: Manaphy
|-damage|p2a: Manaphy|0 fnt
|-boost|p1a: Ogerpon|spe|1
|faint|p2a: Manaphy
|
|upkeep
|
|t:|1760448956
|switch|p2a: Iron Crown|Iron Crown, tera:Flying|88/100
|turn|12
|
|t:|1760448968
|move|p1a: Ogerpon|Ivy Cudgel|p2a: Iron Crown|[anim] Ivy Cudgel Water
|-damage|p2a: Iron Crown|32/100
|move|p2a: Iron Crown|Tera Blast|p1a: Ogerpon|[anim] Tera Blast Flying
|-supereffective|p1a: Ogerpon
|-damage|p1a: Ogerpon|0 fnt
|faint|p1a: Ogerpon
|
|upkeep
|
|t:|1760448980
|switch|p1a: Iron Crown|Iron Crown|33/100
|turn|13
|
|t:|1760448992
|-end|p2a: Iron Crown|Quark Drive|[silent]
|switch|p2a: Ninetales|Ninetales-Alola, M|100/100
|-damage|p2a: Ninetales|88/100|[from] Spikes
|-weather|Snowscape|[from] ability: Snow Warning|[of] p2a: Ninetales
|move|p1a: Iron Crown|Volt Switch|p2a: Ninetales
|-damage|p2a: Ninetales|49/100
|
|t:|1760449005
|-end|p1a: Iron Crown|Quark Drive|[silent]
|switch|p1a: Great Tusk|Great Tusk|100/100|[from] Volt Switch
|-enditem|p1a: Great Tusk|Booster Energy
|-activate|p1a: Great Tusk|ability: Protosynthesis|[fromitem]
|-start|p1a: Great Tusk|protosynthesisspe
|
|-weather|Snowscape|[upkeep]
|upkeep
|turn|14
|
|t:|1760449008
|move|p1a: Great Tusk|Headlong Rush|p2a: Ninetales
|-damage|p2a: Ninetales|0 fnt
|-unboost|p1a: Great Tusk|def|1
|-unboost|p1a: Great Tusk|spd|1
|faint|p2a: Ninetales
|
|-weather|Snowscape|[upkeep]
|upkeep
|
|t:|1760449012
|switch|p2a: Iron Crown|Iron Crown, tera:Flying|32/100
|turn|15
|
|t:|1760449017
|move|p1a: Great Tusk|Headlong Rush|p2a: Iron Crown
|-immune|p2a: Iron Crown
|move|p2a: Iron Crown|Expanding Force|p1a: Great Tusk
|-supereffective|p1a: Great Tusk
|-damage|p1a: Great Tusk|0 fnt
|faint|p1a: Great Tusk
|-end|p1a: Great Tusk|Protosynthesis|[silent]
|
|-weather|Snowscape|[upkeep]
|upkeep
|
|t:|1760449029
|switch|p1a: Iron Crown|Iron Crown|33/100
|turn|16
|l|‽cielolebogoss
|player|p2|
|j|☆cielolebogoss
|player|p2|cielolebogoss|ghetsis-gen5bw|
|n|‽cielolebogoss|cielolebogoss
|
|t:|1760449055
|-end|p2a: Iron Crown|Quark Drive|[silent]
|switch|p2a: Kingambit|Kingambit, F|100/100
|-damage|p2a: Kingambit|88/100|[from] Spikes
|-activate|p2a: Kingambit|ability: Supreme Overlord
|-start|p2a: Kingambit|fallen4|[silent]
|move|p1a: Iron Crown|Volt Switch|p2a: Kingambit
|-damage|p2a: Kingambit|54/100
|
|t:|1760449067
|-end|p1a: Iron Crown|Quark Drive|[silent]
|switch|p1a: Landorus|Landorus-Therian, M|31/100|[from] Volt Switch
|-ability|p1a: Landorus|Intimidate|boost
|-unboost|p2a: Kingambit|atk|1
|
|-weather|Snowscape|[upkeep]
|-heal|p2a: Kingambit|60/100|[from] item: Leftovers
|upkeep
|turn|17
|
|t:|1760449078
|move|p2a: Kingambit|Sucker Punch|p1a: Landorus
|-damage|p1a: Landorus|0 fnt
|faint|p1a: Landorus
|
|-weather|none
|-heal|p2a: Kingambit|66/100|[from] item: Leftovers
|upkeep
|
|t:|1760449081
|switch|p1a: Iron Crown|Iron Crown|33/100
|turn|18
|
|t:|1760449085
|-terastallize|p1a: Iron Crown|Steel
|move|p2a: Kingambit|Sucker Punch|p1a: Iron Crown
|-damage|p1a: Iron Crown|0 fnt
|faint|p1a: Iron Crown
|-end|p1a: Iron Crown|Quark Drive|[silent]
|
|-heal|p2a: Kingambit|72/100|[from] item: Leftovers
|upkeep
|
|t:|1760449089
|switch|p1a: Pecharunt|Pecharunt|100/100
|turn|19
|-message|AthenaSux forfeited.
|
|win|cielolebogoss
|raw|AthenaSux's rating: 1549 &rarr; <strong>1529</strong><br />(-20 for losing)
|raw|cielolebogoss's rating: 1543 &rarr; <strong>1563</strong><br />(+20 for winning)
|l|☆AthenaSux
|player|p1|
|l|‽cielolebogoss
|player|p2|
