|j|☆Shanubiki
|j|☆henry151th
|t:|1760441400
|gametype|singles
|player|p1|Shanubiki|265|1632
|player|p2|henry151th|wallace|1678
|gen|9
|tier|[Gen 9] OU
|rated|
|rule|HP Percentage Mod: HP is shown in percentages
|rule|Endless Battle Clause: Forcing endless battles is banned
|rule|Species Clause: Limit one of each Pokémon
|rule|OHKO Clause: OHKO moves are banned
|rule|Evasion Items Clause: Evasion items are banned
|rule|Evasion Moves Clause: Evasion moves are banned
|rule|Evasion Abilities Clause: Evasion abilities are banned
|rule|Sleep Moves Clause: Sleep-inducing moves are banned
|clearpoke
|poke|p1|Hoopa-Unbound|
|poke|p1|Corviknight, F|
|poke|p1|Kommo-o, M|
|poke|p1|Iron Treads|
|poke|p1|Iron Moth|
|poke|p1|Ogerpon-Wellspring, F|
|poke|p2|Indeedee, M|
|poke|p2|Hatterene, F|
|poke|p2|Ursaluna, F|
|poke|p2|Iron Hands|
|poke|p2|Hoopa-Unbound|
|poke|p2|Mimikyu, F|
|teampreview
|
|t:|1760441408
|teamsize|p1|6
|teamsize|p2|6
|start
|switch|p1a: Iron Treads|Iron Treads|100/100
|switch|p2a: William afton|Iron Hands|100/100
|-enditem|p2a: William afton|Booster Energy
|-activate|p2a: William afton|ability: Quark Drive|[fromitem]
|-start|p2a: William afton|quarkdriveatk
|turn|1
|inactive|Battle timer is ON: inactive players will automatically lose when time's up. (requested by Shanubiki)
|
|t:|1760441412
|move|p1a: Iron Treads|Earthquake|p2a: William afton
|-supereffective|p2a: William afton
|-damage|p2a: William afton|0 fnt
|faint|p2a: William afton
|-end|p2a: William afton|Quark Drive|[silent]
|
|upkeep
|
|t:|1760441416
|switch|p2a: Charlie|Indeedee, M, shiny|100/100
|-fieldstart|move: Psychic Terrain|[from] ability: Psychic Surge|[of] p2a: Charlie
|turn|2
|
|t:|1760441421
|-end|p1a: Iron Treads|Quark Drive|[silent]
|switch|p1a: Corviknight|Corviknight, F|100/100
|-ability|p1a: Corviknight|Pressure
|move|p2a: Charlie|Trick Room|p2a: Charlie
|-fieldstart|move: Trick Room|[of] p2a: Charlie
|
|upkeep
|turn|3
|j| wgw2333
|
|t:|1760441424
|switch|p2a: Aftons wife|Hatterene, F, shiny|100/100
|move|p1a: Corviknight|U-turn|p2a: Aftons wife
|-damage|p2a: Aftons wife|83/100
|
|t:|1760441427
|switch|p1a: Iron Treads|Iron Treads|100/100|[from] U-turn
|
|upkeep
|turn|4
|
|t:|1760441431
|-terastallize|p2a: Aftons wife|Stellar
|move|p2a: Aftons wife|Mystical Fire|p1a: Iron Treads
|-supereffective|p1a: Iron Treads
|-damage|p1a: Iron Treads|0 fnt
|faint|p1a: Iron Treads
|-end|p1a: Iron Treads|Quark Drive|[silent]
|-damage|p2a: Aftons wife|73/100|[from] item: Life Orb
|
|upkeep
|
|t:|1760441441
|switch|p1a: Corviknight|Corviknight, F|100/100
|-ability|p1a: Corviknight|Pressure
|turn|5
|
|t:|1760441445
|switch|p1a: Kommo-o|Kommo-o, M|100/100
|move|p2a: Aftons wife|Mystical Fire|p1a: Kommo-o
|-resisted|p1a: Kommo-o
|-damage|p1a: Kommo-o|81/100
|-unboost|p1a: Kommo-o|spa|1
|-damage|p2a: Aftons wife|64/100|[from] item: Life Orb
|
|-heal|p1a: Kommo-o|88/100|[from] item: Leftovers
|upkeep
|turn|6
|
|t:|1760441448
|switch|p1a: Corviknight|Corviknight, F|100/100
|-ability|p1a: Corviknight|Pressure
|move|p2a: Aftons wife|Draining Kiss|p1a: Corviknight
|-resisted|p1a: Corviknight
|-damage|p1a: Corviknight|72/100
|-heal|p2a: Aftons wife|90/100|[from] drain|[of] p1a: Corviknight
|-damage|p2a: Aftons wife|74/100|[from] item: Rocky Helmet|[of] p1a: Corviknight
|-damage|p2a: Aftons wife|64/100|[from] item: Life Orb
|
|-fieldend|move: Trick Room
|upkeep
|turn|7
|
|t:|1760441452
|move|p1a: Corviknight|Brave Bird|p2a: Aftons wife
|-damage|p2a: Aftons wife|20/100
|-damage|p1a: Corviknight|61/100|[from] Recoil
|move|p2a: Aftons wife|Trick Room|p2a: Aftons wife
|-fieldstart|move: Trick Room|[of] p2a: Aftons wife
|
|upkeep
|turn|8
|
|t:|1760441459
|switch|p1a: Kommo-o|Kommo-o, M|88/100
|move|p2a: Aftons wife|Expanding Force|p1a: Kommo-o
|-supereffective|p1a: Kommo-o
|-damage|p1a: Kommo-o|0 fnt
|faint|p1a: Kommo-o
|-damage|p2a: Aftons wife|10/100|[from] item: Life Orb
|
|upkeep
|
|t:|1760441464
|switch|p1a: Corviknight|Corviknight, F|61/100
|-ability|p1a: Corviknight|Pressure
|turn|9
|
|t:|1760441467
|move|p2a: Aftons wife|Expanding Force|p1a: Corviknight
|-resisted|p1a: Corviknight
|-damage|p1a: Corviknight|0 fnt
|faint|p1a: Corviknight
|-damage|p2a: Aftons wife|0 fnt|[from] item: Life Orb
|faint|p2a: Aftons wife
|
|-fieldend|move: Psychic Terrain
|upkeep
|
|t:|1760441472
|switch|p2a: Fweedy|Ursaluna, F, shiny|100/100
|switch|p1a: Ogerpon|Ogerpon-Wellspring, F|100/100
|turn|10
|
|t:|1760441478
|move|p2a: Fweedy|Facade|p1a: Ogerpon
|-damage|p1a: Ogerpon|44/100
|move|p1a: Ogerpon|Ivy Cudgel|p2a: Fweedy|[anim] Ivy Cudgel Water
|-supereffective|p2a: Fweedy
|-crit|p2a: Fweedy
|-damage|p2a: Fweedy|0 fnt
|faint|p2a: Fweedy
|
|upkeep
|
|t:|1760441481
|switch|p2a: Springtrap|Hoopa-Unbound|100/100
|turn|11
|
|t:|1760441485
|switch|p1a: Iron Moth|Iron Moth|100/100
|-enditem|p1a: Iron Moth|Booster Energy
|-activate|p1a: Iron Moth|ability: Quark Drive|[fromitem]
|-start|p1a: Iron Moth|quarkdrivespe
|move|p2a: Springtrap|Expanding Force|p1a: Iron Moth
|-supereffective|p1a: Iron Moth
|-crit|p1a: Iron Moth
|-damage|p1a: Iron Moth|0 fnt
|faint|p1a: Iron Moth
|-end|p1a: Iron Moth|Quark Drive|[silent]
|
|-fieldend|move: Trick Room
|upkeep
|
|t:|1760441487
|switch|p1a: Ogerpon|Ogerpon-Wellspring, F|44/100
|turn|12
|
|t:|1760441489
|move|p1a: Ogerpon|U-turn|p2a: Springtrap
|-supereffective|p2a: Springtrap
|-damage|p2a: Springtrap|0 fnt
|faint|p2a: Springtrap
|
|t:|1760441491
|switch|p1a: Hoopa|Hoopa-Unbound|100/100|[from] U-turn
|
|upkeep
|
|t:|1760441493
|switch|p2a: Mommy|Mimikyu, F, shiny|100/100
|turn|13
|
|t:|1760441497
|move|p1a: Hoopa|Trick|p2a: Mommy
|-activate|p1a: Hoopa|move: Trick|[of] p2a: Mommy
|-item|p2a: Mommy|Choice Scarf|[from] move: Trick
|-item|p1a: Hoopa|Red Card|[from] move: Trick
|move|p2a: Mommy|Trick Room|p2a: Mommy
|-fieldstart|move: Trick Room|[of] p2a: Mommy
|
|upkeep
|turn|14
|
|t:|1760441502
|switch|p2a: Charlie|Indeedee, M, shiny|100/100
|-fieldstart|move: Psychic Terrain|[from] ability: Psychic Surge|[of] p2a: Charlie
|move|p1a: Hoopa|Psychic|p2a: Charlie
|-resisted|p2a: Charlie
|-damage|p2a: Charlie|60/100
|
|upkeep
|turn|15
|j| nonchalantbufalant
|
|t:|1760441505
|switch|p2a: Mommy|Mimikyu, F, shiny|100/100
|move|p1a: Hoopa|Knock Off|p2a: Mommy
|-activate|p2a: Mommy|ability: Disguise
|-damage|p2a: Mommy|100/100
|-enditem|p2a: Mommy|Choice Scarf|[from] move: Knock Off|[of] p1a: Hoopa
|detailschange|p2a: Mommy|Mimikyu-Busted, F, shiny
|-damage|p2a: Mommy|88/100|[from] pokemon: Mimikyu-Busted
|
|upkeep
|turn|16
|
|t:|1760441509
|move|p2a: Mommy|Play Rough|p1a: Hoopa
|-supereffective|p1a: Hoopa
|-damage|p1a: Hoopa|0 fnt
|faint|p1a: Hoopa
|
|upkeep
|
|t:|1760441511
|switch|p1a: Ogerpon|Ogerpon-Wellspring, F|44/100
|turn|17
|
|t:|1760441522
|-terastallize|p1a: Ogerpon|Water
|detailschange|p1a: Ogerpon|Ogerpon-Wellspring-Tera, F, tera:Water
|-ability|p1a: Ogerpon|Embody Aspect (Wellspring)|boost
|-boost|p1a: Ogerpon|spd|1
|move|p1a: Ogerpon|Horn Leech|p2a: Mommy
|-damage|p2a: Mommy|46/100
|-heal|p1a: Ogerpon|66/100|[from] drain|[of] p2a: Mommy
|move|p2a: Mommy|Trick Room|p2a: Mommy
|-fieldend|move: Trick Room
|
|upkeep
|turn|18
|
|t:|1760441529
|move|p1a: Ogerpon|Ivy Cudgel|p2a: Mommy|[anim] Ivy Cudgel Water
|-damage|p2a: Mommy|0 fnt
|faint|p2a: Mommy
|
|upkeep
|
|t:|1760441530
|switch|p2a: Charlie|Indeedee, M, shiny|60/100
|turn|19
|
|t:|1760441535
|move|p1a: Ogerpon|Ivy Cudgel|p2a: Charlie|[anim] Ivy Cudgel Water
|-damage|p2a: Charlie|0 fnt
|faint|p2a: Charlie
|
|win|Shanubiki
|raw|Shanubiki's rating: 1632 &rarr; <strong>1655</strong><br />(+23 for winning)
|raw|henry151th's rating: 1678 &rarr; <strong>1655</strong><br />(-23 for losing)
|l|☆Shanubiki
|player|p1|
|l|☆henry151th
|player|p2|
|l| wgw2333
