|j|☆Hakikeke
|j|☆mkap
|t:|1760443990
|gametype|singles
|player|p1|Hakikeke|policeman-gen4|1512
|player|p2|mkap|lusamine-nihilego|1476
|gen|9
|tier|[Gen 9] OU
|rated|
|rule|HP Percentage Mod: HP is shown in percentages
|rule|Endless Battle Clause: Forcing endless battles is banned
|rule|Species Clause: Limit one of each Pokémon
|rule|OHKO Clause: OHKO moves are banned
|rule|Evasion Items Clause: Evasion items are banned
|rule|Evasion Moves Clause: Evasion moves are banned
|rule|Evasion Abilities Clause: Evasion abilities are banned
|rule|Sleep Moves Clause: Sleep-inducing moves are banned
|clearpoke
|poke|p1|Landorus-Therian, M|
|poke|p1|Hoopa-Unbound|
|poke|p1|Iron Crown|
|poke|p1|Hatterene, F|
|poke|p1|Samurott-Hisui, F|
|poke|p1|Zamazenta-*|
|poke|p2|Rillaboom, M|
|poke|p2|Kyurem|
|poke|p2|Gliscor, M|
|poke|p2|Kingambit, M|
|poke|p2|Alomomola, F|
|poke|p2|Arcanine-Hisui, M|
|teampreview
|inactive|Battle timer is ON: inactive players will automatically lose when time's up. (requested by Hakikeke)
|
|t:|1760444007
|teamsize|p1|6
|teamsize|p2|6
|start
|switch|p1a: Iron Crown|Iron Crown|100/100
|switch|p2a: Kyurem|Kyurem|100/100
|-ability|p2a: Kyurem|Pressure
|turn|1
|
|t:|1760444015
|switch|p2a: Alomomola|Alomomola, F|100/100
|move|p1a: Iron Crown|Tachyon Cutter|p2a: Alomomola
|-resisted|p2a: Alomomola
|-damage|p2a: Alomomola|85/100
|-resisted|p2a: Alomomola
|-damage|p2a: Alomomola|71/100
|-hitcount|p2a: Alomomola|2
|
|upkeep
|turn|2
|
|t:|1760444022
|move|p1a: Iron Crown|Volt Switch|p2a: Alomomola
|-supereffective|p2a: Alomomola
|-damage|p2a: Alomomola|14/100
|
|t:|1760444038
|-end|p1a: Iron Crown|Quark Drive|[silent]
|switch|p1a: Samurott|Samurott-Hisui, F|100/100|[from] Volt Switch
|move|p2a: Alomomola|Flip Turn|p1a: Samurott
|-resisted|p1a: Samurott
|-damage|p1a: Samurott|93/100
|
|t:|1760444042
|switch|p2a: Kyurem|Kyurem|100/100|[from] Flip Turn
|-ability|p2a: Kyurem|Pressure
|
|upkeep
|turn|3
|
|t:|1760444056
|move|p2a: Kyurem|Freeze-Dry|p1a: Samurott
|-supereffective|p1a: Samurott
|-damage|p1a: Samurott|36/100
|move|p1a: Samurott|Knock Off|p2a: Kyurem
|-damage|p2a: Kyurem|61/100
|-enditem|p2a: Kyurem|Heavy-Duty Boots|[from] move: Knock Off|[of] p1a: Samurott
|
|upkeep
|turn|4
|
|t:|1760444070
|switch|p1a: Hatterene|Hatterene, F|100/100
|move|p2a: Kyurem|Freeze-Dry|p1a: Hatterene
|-damage|p1a: Hatterene|78/100
|
|upkeep
|turn|5
|
|t:|1760444083
|switch|p2a: Gliscor|Gliscor, M|100/100
|move|p1a: Hatterene|Draining Kiss|p2a: Gliscor
|-damage|p2a: Gliscor|70/100
|-heal|p1a: Hatterene|100/100|[from] drain|[of] p2a: Gliscor
|
|-status|p2a: Gliscor|tox|[from] item: Toxic Orb
|upkeep
|turn|6
|
|t:|1760444096
|switch|p1a: Landorus|Landorus-Therian, M|100/100
|-ability|p1a: Landorus|Intimidate|boost
|-unboost|p2a: Gliscor|atk|1
|move|p2a: Gliscor|Knock Off|p1a: Landorus
|-damage|p1a: Landorus|91/100
|-damage|p2a: Gliscor|53/100 tox|[from] item: Rocky Helmet|[of] p1a: Landorus
|-enditem|p1a: Landorus|Rocky Helmet|[from] move: Knock Off|[of] p2a: Gliscor
|
|-heal|p2a: Gliscor|65/100 tox|[from] ability: Poison Heal
|upkeep
|turn|7
|
|t:|1760444110
|move|p2a: Gliscor|Toxic|p1a: Landorus|[miss]
|-miss|p2a: Gliscor|p1a: Landorus
|move|p1a: Landorus|Stealth Rock|p2a: Gliscor
|-sidestart|p2: mkap|move: Stealth Rock
|
|-heal|p2a: Gliscor|78/100 tox|[from] ability: Poison Heal
|upkeep
|turn|8
|
|t:|1760444126
|switch|p1a: Hatterene|Hatterene, F|100/100
|move|p2a: Gliscor|Knock Off|p1a: Hatterene
|-damage|p1a: Hatterene|83/100
|-enditem|p1a: Hatterene|Assault Vest|[from] move: Knock Off|[of] p2a: Gliscor
|
|-heal|p2a: Gliscor|90/100 tox|[from] ability: Poison Heal
|upkeep
|turn|9
|
|t:|1760444144
|move|p2a: Gliscor|Protect|p2a: Gliscor
|-singleturn|p2a: Gliscor|Protect
|move|p1a: Hatterene|Draining Kiss|p2a: Gliscor
|-activate|p2a: Gliscor|move: Protect
|
|-heal|p2a: Gliscor|100/100 tox|[from] ability: Poison Heal
|upkeep
|turn|10
|
|t:|1760444150
|move|p2a: Gliscor|Knock Off|p1a: Hatterene
|-damage|p1a: Hatterene|72/100
|move|p1a: Hatterene|Draining Kiss|p2a: Gliscor
|-damage|p2a: Gliscor|67/100 tox
|-heal|p1a: Hatterene|99/100|[from] drain|[of] p2a: Gliscor
|
|-heal|p2a: Gliscor|80/100 tox|[from] ability: Poison Heal
|upkeep
|turn|11
|
|t:|1760444160
|move|p2a: Gliscor|Protect|p2a: Gliscor
|-singleturn|p2a: Gliscor|Protect
|move|p1a: Hatterene|Psyshock|p2a: Gliscor
|-activate|p2a: Gliscor|move: Protect
|
|-heal|p2a: Gliscor|92/100 tox|[from] ability: Poison Heal
|upkeep
|turn|12
|
|t:|1760444173
|switch|p2a: Rillaboom|Rillaboom, M|100/100
|-damage|p2a: Rillaboom|88/100|[from] Stealth Rock
|-fieldstart|move: Grassy Terrain|[from] ability: Grassy Surge|[of] p2a: Rillaboom
|move|p1a: Hatterene|Draining Kiss|p2a: Rillaboom
|-damage|p2a: Rillaboom|49/100
|-heal|p1a: Hatterene|100/100|[from] drain|[of] p2a: Rillaboom
|
|-heal|p2a: Rillaboom|55/100|[from] Grassy Terrain
|upkeep
|turn|13
|
|t:|1760444183
|switch|p1a: Landorus|Landorus-Therian, M|91/100
|-ability|p1a: Landorus|Intimidate|boost
|-unboost|p2a: Rillaboom|atk|1
|move|p2a: Rillaboom|Wood Hammer|p1a: Landorus
|-damage|p1a: Landorus|58/100
|-damage|p2a: Rillaboom|42/100|[from] Recoil
|
|-heal|p2a: Rillaboom|49/100|[from] Grassy Terrain
|upkeep
|turn|14
|
|t:|1760444193
|switch|p2a: Alomomola|Alomomola, F|48/100
|move|p1a: Landorus|U-turn|p2a: Alomomola
|-damage|p2a: Alomomola|36/100
|
|t:|1760444198
|switch|p1a: Iron Crown|Iron Crown|100/100|[from] U-turn
|
|-heal|p2a: Alomomola|42/100|[from] Grassy Terrain
|upkeep
|turn|15
|
|t:|1760444206
|move|p2a: Alomomola|Protect|p2a: Alomomola
|-singleturn|p2a: Alomomola|Protect
|move|p1a: Iron Crown|Volt Switch|p2a: Alomomola
|-activate|p2a: Alomomola|move: Protect
|
|-heal|p2a: Alomomola|48/100|[from] Grassy Terrain
|upkeep
|turn|16
|
|t:|1760444213
|move|p1a: Iron Crown|Future Sight|p2a: Alomomola
|-start|p1a: Iron Crown|move: Future Sight
|move|p2a: Alomomola|Wish|p2a: Alomomola
|
|-heal|p2a: Alomomola|55/100|[from] Grassy Terrain
|-fieldend|move: Grassy Terrain
|upkeep
|turn|17
|
|t:|1760444228
|move|p2a: Alomomola|Protect|p2a: Alomomola
|-singleturn|p2a: Alomomola|Protect
|move|p1a: Iron Crown|Tachyon Cutter|p2a: Alomomola
|-activate|p2a: Alomomola|move: Protect
|
|-heal|p2a: Alomomola|100/100|[from] move: Wish|[wisher] Alomomola
|upkeep
|turn|18
|
|t:|1760444242
|switch|p2a: Kingambit|Kingambit, M|100/100
|-damage|p2a: Kingambit|94/100|[from] Stealth Rock
|move|p1a: Iron Crown|Volt Switch|p2a: Kingambit
|-damage|p2a: Kingambit|65/100
|
|t:|1760444248
|-end|p1a: Iron Crown|Quark Drive|[silent]
|switch|p1a: Landorus|Landorus-Therian, M|58/100|[from] Volt Switch
|-ability|p1a: Landorus|Intimidate|boost
|-unboost|p2a: Kingambit|atk|1
|
|-end|p2a: Kingambit|move: Future Sight
|-immune|p2a: Kingambit
|upkeep
|turn|19
|
|t:|1760444263
|-end|p2a: Kingambit|fallenundefined|[silent]
|switch|p2a: Alomomola|Alomomola, F|100/100
|move|p1a: Landorus|U-turn|p2a: Alomomola
|-damage|p2a: Alomomola|89/100
|
|t:|1760444268
|switch|p1a: Iron Crown|Iron Crown|100/100|[from] U-turn
|
|upkeep
|turn|20
|
|t:|1760444276
|move|p1a: Iron Crown|Volt Switch|p2a: Alomomola
|-supereffective|p2a: Alomomola
|-damage|p2a: Alomomola|34/100
|
|t:|1760444287
|-end|p1a: Iron Crown|Quark Drive|[silent]
|switch|p1a: Samurott|Samurott-Hisui, F|36/100|[from] Volt Switch
|move|p2a: Alomomola|Wish|p2a: Alomomola
|
|upkeep
|turn|21
|
|t:|1760444298
|switch|p1a: Iron Crown|Iron Crown|100/100
|move|p2a: Alomomola|Protect||[still]
|-fail|p2a: Alomomola
|
|-heal|p2a: Alomomola|84/100|[from] move: Wish|[wisher] Alomomola
|upkeep
|turn|22
|
|t:|1760444307
|move|p1a: Iron Crown|Future Sight|p2a: Alomomola
|-start|p1a: Iron Crown|move: Future Sight
|move|p2a: Alomomola|Wish|p2a: Alomomola
|
|upkeep
|turn|23
|
|t:|1760444331
|move|p1a: Iron Crown|Volt Switch|p2a: Alomomola
|-supereffective|p2a: Alomomola
|-damage|p2a: Alomomola|25/100
|
|t:|1760444341
|-end|p1a: Iron Crown|Quark Drive|[silent]
|switch|p1a: Hoopa|Hoopa-Unbound|100/100|[from] Volt Switch
|move|p2a: Alomomola|Flip Turn|p1a: Hoopa
|-damage|p1a: Hoopa|85/100
|
|t:|1760444348
|switch|p2a: Rillaboom|Rillaboom, M|49/100|[from] Flip Turn
|-damage|p2a: Rillaboom|36/100|[from] Stealth Rock
|-fieldstart|move: Grassy Terrain|[from] ability: Grassy Surge|[of] p2a: Rillaboom
|
|-heal|p2a: Rillaboom|100/100|[from] move: Wish|[wisher] Alomomola
|-heal|p1a: Hoopa|91/100|[from] Grassy Terrain
|upkeep
|turn|24
|
|t:|1760444359
|switch|p1a: Landorus|Landorus-Therian, M|58/100
|-ability|p1a: Landorus|Intimidate|boost
|-unboost|p2a: Rillaboom|atk|1
|move|p2a: Rillaboom|Wood Hammer|p1a: Landorus
|-damage|p1a: Landorus|19/100
|-damage|p2a: Rillaboom|86/100|[from] Recoil
|
|-end|p2a: Rillaboom|move: Future Sight
|-damage|p2a: Rillaboom|11/100
|-heal|p2a: Rillaboom|17/100|[from] Grassy Terrain
|upkeep
|turn|25
|inactive|Hakikeke has 120 seconds left.
|
|t:|1760444384
|move|p2a: Rillaboom|Grassy Glide|p1a: Landorus
|-damage|p1a: Landorus|2/100
|move|p1a: Landorus|Rock Tomb|p2a: Rillaboom|[miss]
|-miss|p1a: Landorus|p2a: Rillaboom
|
|-heal|p2a: Rillaboom|23/100|[from] Grassy Terrain
|upkeep
|turn|26
|inactive|Hakikeke has 120 seconds left.
|c|☆mkap|Well.
|
|t:|1760444402
|switch|p1a: Iron Crown|Iron Crown|100/100
|move|p2a: Rillaboom|Knock Off|p1a: Iron Crown
|-supereffective|p1a: Iron Crown
|-damage|p1a: Iron Crown|57/100
|-enditem|p1a: Iron Crown|Assault Vest|[from] move: Knock Off|[of] p2a: Rillaboom
|
|-heal|p1a: Iron Crown|63/100|[from] Grassy Terrain
|-heal|p2a: Rillaboom|30/100|[from] Grassy Terrain
|upkeep
|turn|27
|inactive|Hakikeke has 120 seconds left.
|c|☆mkap|Is this deadass a full AV team
|inactive|mkap has 120 seconds left.
|
|t:|1760444438
|move|p1a: Iron Crown|Tachyon Cutter|p2a: Rillaboom
|-damage|p2a: Rillaboom|0 fnt
|faint|p2a: Rillaboom
|-hitcount|p2: Rillaboom|1
|
|-heal|p1a: Iron Crown|69/100|[from] Grassy Terrain
|-fieldend|move: Grassy Terrain
|upkeep
|
|t:|1760444442
|switch|p2a: Arcanine|Arcanine-Hisui, M|100/100
|-ability|p2a: Arcanine|Intimidate|boost
|-unboost|p1a: Iron Crown|atk|1
|turn|28
|
|t:|1760444450
|-end|p1a: Iron Crown|Quark Drive|[silent]
|switch|p1a: Landorus|Landorus-Therian, M|2/100
|-ability|p1a: Landorus|Intimidate|boost
|-unboost|p2a: Arcanine|atk|1
|move|p2a: Arcanine|Flare Blitz|p1a: Landorus
|-damage|p1a: Landorus|0 fnt
|faint|p1a: Landorus
|-damage|p2a: Arcanine|99/100|[from] Recoil
|
|upkeep
|
|t:|1760444463
|switch|p1a: Iron Crown|Iron Crown|69/100
|turn|29
|
|t:|1760444480
|-terastallize|p1a: Iron Crown|Fighting
|move|p1a: Iron Crown|Focus Blast|p2a: Arcanine
|-supereffective|p2a: Arcanine
|-damage|p2a: Arcanine|0 fnt
|faint|p2a: Arcanine
|
|upkeep
|
|t:|1760444489
|switch|p2a: Gliscor|Gliscor, M|92/100 tox
|-damage|p2a: Gliscor|80/100 tox|[from] Stealth Rock
|turn|30
|
|t:|1760444500
|move|p2a: Gliscor|Protect|p2a: Gliscor
|-singleturn|p2a: Gliscor|Protect
|move|p1a: Iron Crown|Future Sight|p2a: Gliscor
|-start|p1a: Iron Crown|move: Future Sight
|
|-heal|p2a: Gliscor|92/100 tox|[from] ability: Poison Heal
|upkeep
|turn|31
|
|t:|1760444514
|move|p1a: Iron Crown|Focus Blast|p2a: Gliscor|[miss]
|-miss|p1a: Iron Crown|p2a: Gliscor
|move|p2a: Gliscor|Toxic|p1a: Iron Crown
|-status|p1a: Iron Crown|tox
|
|-damage|p1a: Iron Crown|63/100 tox|[from] psn
|-heal|p2a: Gliscor|100/100 tox|[from] ability: Poison Heal
|upkeep
|turn|32
|
|t:|1760444528
|-end|p1a: Iron Crown|Quark Drive|[silent]
|switch|p1a: Hatterene|Hatterene, F|100/100
|move|p2a: Gliscor|Protect||[still]
|-fail|p2a: Gliscor
|
|-end|p2a: Gliscor|move: Future Sight
|-damage|p2a: Gliscor|31/100 tox
|-heal|p2a: Gliscor|43/100 tox|[from] ability: Poison Heal
|upkeep
|turn|33
|
|t:|1760444548
|move|p2a: Gliscor|Protect|p2a: Gliscor
|-singleturn|p2a: Gliscor|Protect
|move|p1a: Hatterene|Nuzzle|p2a: Gliscor
|-activate|p2a: Gliscor|move: Protect
|
|-heal|p2a: Gliscor|56/100 tox|[from] ability: Poison Heal
|upkeep
|turn|34
|
|t:|1760444560
|switch|p2a: Kingambit|Kingambit, M|65/100
|-damage|p2a: Kingambit|59/100|[from] Stealth Rock
|-activate|p2a: Kingambit|ability: Supreme Overlord
|-start|p2a: Kingambit|fallen2|[silent]
|move|p1a: Hatterene|Draining Kiss|p2a: Kingambit
|-damage|p2a: Kingambit|29/100
|
|upkeep
|turn|35
|
|t:|1760444577
|-end|p2a: Kingambit|fallen2|[silent]
|switch|p2a: Alomomola|Alomomola, F|58/100
|move|p1a: Hatterene|Draining Kiss|p2a: Alomomola
|-damage|p2a: Alomomola|29/100
|
|upkeep
|turn|36
|
|t:|1760444583
|switch|p2a: Gliscor|Gliscor, M|56/100 tox
|-damage|p2a: Gliscor|43/100 tox|[from] Stealth Rock
|move|p1a: Hatterene|Nuzzle|p2a: Gliscor
|-immune|p2a: Gliscor
|
|-heal|p2a: Gliscor|56/100 tox|[from] ability: Poison Heal
|upkeep
|turn|37
|
|t:|1760444593
|switch|p1a: Samurott|Samurott-Hisui, F|36/100
|move|p2a: Gliscor|Protect||[still]
|-fail|p2a: Gliscor
|
|-heal|p2a: Gliscor|68/100 tox|[from] ability: Poison Heal
|upkeep
|turn|38
|
|t:|1760444602
|move|p2a: Gliscor|Toxic|p1a: Samurott
|-status|p1a: Samurott|tox
|move|p1a: Samurott|Ceaseless Edge|p2a: Gliscor
|-damage|p2a: Gliscor|42/100 tox
|-sidestart|p2: mkap|Spikes
|
|-heal|p2a: Gliscor|54/100 tox|[from] ability: Poison Heal
|-damage|p1a: Samurott|30/100 tox|[from] psn
|upkeep
|turn|39
|inactive|Hakikeke has 120 seconds left.
|
|t:|1760444627
|switch|p1a: Hatterene|Hatterene, F|100/100
|move|p2a: Gliscor|Protect||[still]
|-fail|p2a: Gliscor
|
|-heal|p2a: Gliscor|67/100 tox|[from] ability: Poison Heal
|upkeep
|turn|40
|
|t:|1760444634
|move|p2a: Gliscor|Protect|p2a: Gliscor
|-singleturn|p2a: Gliscor|Protect
|move|p1a: Hatterene|Draining Kiss|p2a: Gliscor
|-activate|p2a: Gliscor|move: Protect
|
|-heal|p2a: Gliscor|79/100 tox|[from] ability: Poison Heal
|upkeep
|turn|41
|
|t:|1760444643
|switch|p2a: Alomomola|Alomomola, F|62/100
|move|p1a: Hatterene|Nuzzle|p2a: Alomomola
|-supereffective|p2a: Alomomola
|-damage|p2a: Alomomola|58/100
|-status|p2a: Alomomola|par
|
|upkeep
|turn|42
|
|t:|1760444655
|move|p1a: Hatterene|Draining Kiss|p2a: Alomomola
|-damage|p2a: Alomomola|27/100 par
|cant|p2a: Alomomola|par
|
|upkeep
|turn|43
|
|t:|1760444668
|switch|p1a: Iron Crown|Iron Crown, tera:Fighting|63/100 tox
|switch|p2a: Gliscor|Gliscor, M|79/100 tox
|-damage|p2a: Gliscor|67/100 tox|[from] Stealth Rock
|
|-damage|p1a: Iron Crown|57/100 tox|[from] psn
|-heal|p2a: Gliscor|79/100 tox|[from] ability: Poison Heal
|upkeep
|turn|44
|
|t:|1760444684
|move|p1a: Iron Crown|Focus Blast|p2a: Gliscor
|-resisted|p2a: Gliscor
|-damage|p2a: Gliscor|45/100 tox
|move|p2a: Gliscor|Knock Off|p1a: Iron Crown
|-resisted|p1a: Iron Crown
|-damage|p1a: Iron Crown|49/100 tox
|
|-damage|p1a: Iron Crown|36/100 tox|[from] psn
|-heal|p2a: Gliscor|58/100 tox|[from] ability: Poison Heal
|upkeep
|turn|45
|
|t:|1760444693
|move|p2a: Gliscor|Protect|p2a: Gliscor
|-singleturn|p2a: Gliscor|Protect
|move|p1a: Iron Crown|Future Sight|p2a: Gliscor
|-start|p1a: Iron Crown|move: Future Sight
|
|-damage|p1a: Iron Crown|18/100 tox|[from] psn
|-heal|p2a: Gliscor|70/100 tox|[from] ability: Poison Heal
|upkeep
|turn|46
|
|t:|1760444703
|-end|p1a: Iron Crown|Quark Drive|[silent]
|switch|p1a: Hatterene|Hatterene, F|100/100
|move|p2a: Gliscor|Knock Off|p1a: Hatterene
|-damage|p1a: Hatterene|85/100
|
|-heal|p2a: Gliscor|82/100 tox|[from] ability: Poison Heal
|upkeep
|turn|47
|inactive|Hakikeke has 120 seconds left.
|
|t:|1760444711
|move|p2a: Gliscor|Protect|p2a: Gliscor
|-singleturn|p2a: Gliscor|Protect
|move|p1a: Hatterene|Draining Kiss|p2a: Gliscor
|-activate|p2a: Gliscor|move: Protect
|
|-end|p2a: Gliscor|move: Future Sight
|-damage|p2a: Gliscor|8/100 tox
|-heal|p2a: Gliscor|20/100 tox|[from] ability: Poison Heal
|upkeep
|turn|48
|
|t:|1760444720
|switch|p2a: Alomomola|Alomomola, F|60/100 par
|move|p1a: Hatterene|Draining Kiss|p2a: Alomomola
|-damage|p2a: Alomomola|25/100 par
|-heal|p1a: Hatterene|100/100|[from] drain|[of] p2a: Alomomola
|
|upkeep
|turn|49
|
|t:|1760444728
|switch|p2a: Kyurem|Kyurem|61/100
|-damage|p2a: Kyurem|37/100|[from] Stealth Rock
|-damage|p2a: Kyurem|24/100|[from] Spikes
|-ability|p2a: Kyurem|Pressure
|move|p1a: Hatterene|Draining Kiss|p2a: Kyurem
|-supereffective|p2a: Kyurem
|-damage|p2a: Kyurem|0 fnt
|faint|p2a: Kyurem
|
|upkeep
|
|t:|1760444730
|switch|p2a: Alomomola|Alomomola, F|58/100 par
|turn|50
|
|t:|1760444739
|move|p1a: Hatterene|Psyshock|p2a: Alomomola
|-damage|p2a: Alomomola|33/100 par
|move|p2a: Alomomola|Wish|p2a: Alomomola
|
|upkeep
|turn|51
|
|t:|1760444748
|switch|p1a: Hoopa|Hoopa-Unbound|91/100
|move|p2a: Alomomola|Protect||[still]
|-fail|p2a: Alomomola
|
|-heal|p2a: Alomomola|83/100 par|[from] move: Wish|[wisher] Alomomola
|upkeep
|turn|52
|
|t:|1760444758
|move|p1a: Hoopa|Psychic Noise|p2a: Alomomola
|-damage|p2a: Alomomola|27/100 par
|-start|p2a: Alomomola|move: Heal Block
|move|p2a: Alomomola|Flip Turn|p1a: Hoopa
|-damage|p1a: Hoopa|74/100
|
|t:|1760444765
|switch|p2a: Kingambit|Kingambit, M|29/100|[from] Flip Turn
|-damage|p2a: Kingambit|23/100|[from] Stealth Rock
|-damage|p2a: Kingambit|11/100|[from] Spikes
|-activate|p2a: Kingambit|ability: Supreme Overlord
|-start|p2a: Kingambit|fallen3|[silent]
|
|upkeep
|turn|53
|
|t:|1760444778
|move|p2a: Kingambit|Kowtow Cleave|p1a: Hoopa
|-damage|p1a: Hoopa|0 fnt
|faint|p1a: Hoopa
|
|upkeep
|
|t:|1760444787
|switch|p1a: Zamazenta|Zamazenta|100/100
|-ability|p1a: Zamazenta|Dauntless Shield|boost
|-boost|p1a: Zamazenta|def|1
|turn|54
|
|t:|1760444796
|-end|p2a: Kingambit|fallen3|[silent]
|switch|p2a: Alomomola|Alomomola, F|61/100 par
|move|p1a: Zamazenta|Close Combat|p2a: Alomomola
|-damage|p2a: Alomomola|27/100 par
|-unboost|p1a: Zamazenta|def|1
|-unboost|p1a: Zamazenta|spd|1
|
|upkeep
|turn|55
|
|t:|1760444805
|-terastallize|p2a: Alomomola|Fairy
|move|p1a: Zamazenta|Ice Fang|p2a: Alomomola
|-damage|p2a: Alomomola|17/100 par
|move|p2a: Alomomola|Wish|p2a: Alomomola
|
|upkeep
|turn|56
|
|t:|1760444814
|move|p2a: Alomomola|Protect|p2a: Alomomola
|-singleturn|p2a: Alomomola|Protect
|move|p1a: Zamazenta|Heavy Slam|p2a: Alomomola
|-activate|p2a: Alomomola|move: Protect
|
|-heal|p2a: Alomomola|67/100 par|[from] move: Wish|[wisher] Alomomola
|upkeep
|turn|57
|
|t:|1760444823
|move|p1a: Zamazenta|Heavy Slam|p2a: Alomomola
|-supereffective|p2a: Alomomola
|-damage|p2a: Alomomola|24/100 par
|move|p2a: Alomomola|Wish|p2a: Alomomola
|
|upkeep
|turn|58
|
|t:|1760444834
|move|p2a: Alomomola|Protect|p2a: Alomomola
|-singleturn|p2a: Alomomola|Protect
|move|p1a: Zamazenta|Crunch|p2a: Alomomola
|-activate|p2a: Alomomola|move: Protect
|
|-heal|p2a: Alomomola|74/100 par|[from] move: Wish|[wisher] Alomomola
|upkeep
|turn|59
|
|t:|1760444842
|move|p1a: Zamazenta|Heavy Slam|p2a: Alomomola
|-supereffective|p2a: Alomomola
|-damage|p2a: Alomomola|32/100 par
|cant|p2a: Alomomola|par
|
|upkeep
|turn|60
|
|t:|1760444851
|switch|p2a: Kingambit|Kingambit, M|11/100
|-damage|p2a: Kingambit|5/100|[from] Stealth Rock
|-damage|p2a: Kingambit|0 fnt|[from] Spikes
|faint|p2a: Kingambit
|-end|p2a: Kingambit|fallenundefined|[silent]
|move|p1a: Zamazenta|Heavy Slam|p2: Kingambit|[notarget]
|-fail|p1a: Zamazenta
|
|upkeep
|
|t:|1760444854
|switch|p2a: Alomomola|Alomomola, F, tera:Fairy|65/100 par
|turn|61
|
|t:|1760444866
|move|p1a: Zamazenta|Heavy Slam|p2a: Alomomola
|-supereffective|p2a: Alomomola
|-damage|p2a: Alomomola|23/100 par
|move|p2a: Alomomola|Wish|p2a: Alomomola
|
|upkeep
|turn|62
|
|t:|1760444874
|cant|p2a: Alomomola|par
|move|p1a: Zamazenta|Crunch|p2a: Alomomola
|-resisted|p2a: Alomomola
|-damage|p2a: Alomomola|16/100 par
|
|-heal|p2a: Alomomola|66/100 par|[from] move: Wish|[wisher] Alomomola
|upkeep
|turn|63
|
|t:|1760444885
|move|p1a: Zamazenta|Heavy Slam|p2a: Alomomola
|-supereffective|p2a: Alomomola
|-damage|p2a: Alomomola|21/100 par
|move|p2a: Alomomola|Flip Turn|p1a: Zamazenta
|-damage|p1a: Zamazenta|86/100
|
|t:|1760444887
|switch|p2a: Gliscor|Gliscor, M|20/100 tox|[from] Flip Turn
|-damage|p2a: Gliscor|8/100 tox|[from] Stealth Rock
|
|-heal|p2a: Gliscor|20/100 tox|[from] ability: Poison Heal
|upkeep
|turn|64
|
|t:|1760444899
|switch|p1a: Samurott|Samurott-Hisui, F|30/100 tox
|move|p2a: Gliscor|Protect||[still]
|-fail|p2a: Gliscor
|
|-heal|p2a: Gliscor|32/100 tox|[from] ability: Poison Heal
|-damage|p1a: Samurott|24/100 tox|[from] psn
|upkeep
|turn|65
|
|t:|1760444906
|switch|p2a: Alomomola|Alomomola, F, tera:Fairy|54/100 par
|move|p1a: Samurott|Razor Shell|p2a: Alomomola
|-damage|p2a: Alomomola|26/100 par
|
|-damage|p1a: Samurott|12/100 tox|[from] psn
|upkeep
|turn|66
|
|t:|1760444920
|move|p2a: Alomomola|Protect|p2a: Alomomola
|-singleturn|p2a: Alomomola|Protect
|move|p1a: Samurott|Knock Off|p2a: Alomomola
|-activate|p2a: Alomomola|move: Protect
|
|-damage|p1a: Samurott|0 fnt|[from] psn
|faint|p1a: Samurott
|upkeep
|
|t:|1760444928
|switch|p1a: Iron Crown|Iron Crown, tera:Fighting|18/100 tox
|turn|67
|inactive|mkap has 120 seconds left.
|
|t:|1760444959
|move|p2a: Alomomola|Protect|p2a: Alomomola
|-singleturn|p2a: Alomomola|Protect
|move|p1a: Iron Crown|Tachyon Cutter|p2a: Alomomola
|-activate|p2a: Alomomola|move: Protect
|
|-damage|p1a: Iron Crown|11/100 tox|[from] psn
|upkeep
|turn|68
|
|t:|1760444965
|move|p2a: Alomomola|Protect||[still]
|-fail|p2a: Alomomola
|move|p1a: Iron Crown|Tachyon Cutter|p2a: Alomomola
|-supereffective|p2a: Alomomola
|-damage|p2a: Alomomola|0 fnt
|faint|p2a: Alomomola
|-hitcount|p2: Alomomola|1
|
|-damage|p1a: Iron Crown|0 fnt|[from] psn
|faint|p1a: Iron Crown
|-end|p1a: Iron Crown|Quark Drive|[silent]
|upkeep
|
|t:|1760444974
|switch|p1a: Zamazenta|Zamazenta|86/100
|switch|p2a: Gliscor|Gliscor, M|32/100 tox
|-damage|p2a: Gliscor|20/100 tox|[from] Stealth Rock
|turn|69
|
|t:|1760444979
|move|p2a: Gliscor|Protect|p2a: Gliscor
|-singleturn|p2a: Gliscor|Protect
|move|p1a: Zamazenta|Ice Fang|p2a: Gliscor
|-activate|p2a: Gliscor|move: Protect
|
|-heal|p2a: Gliscor|32/100 tox|[from] ability: Poison Heal
|upkeep
|turn|70
|
|t:|1760444986
|move|p1a: Zamazenta|Ice Fang|p2a: Gliscor
|-supereffective|p2a: Gliscor
|-damage|p2a: Gliscor|0 fnt
|faint|p2a: Gliscor
|
|win|Hakikeke
|raw|Hakikeke's rating: 1512 &rarr; <strong>1530</strong><br />(+18 for winning)
|raw|mkap's rating: 1476 &rarr; <strong>1458</strong><br />(-18 for losing)
