|j|☆JumboSizedRichard
|j|☆Ggderfffxx
|t:|1760406671
|gametype|singles
|player|p1|JumboSizedRichard|n|1053
|player|p2|Ggderfffxx|266|1077
|gen|9
|tier|[Gen 9] OU
|rated|
|rule|HP Percentage Mod: HP is shown in percentages
|rule|Endless Battle Clause: Forcing endless battles is banned
|rule|Species Clause: Limit one of each Pokémon
|rule|OHKO Clause: OHKO moves are banned
|rule|Evasion Items Clause: Evasion items are banned
|rule|Evasion Moves Clause: Evasion moves are banned
|rule|Evasion Abilities Clause: Evasion abilities are banned
|rule|Sleep Moves Clause: Sleep-inducing moves are banned
|clearpoke
|poke|p1|Gliscor, M|
|poke|p1|Rillaboom, M|
|poke|p1|Pecharunt|
|poke|p1|Gholdengo|
|poke|p1|Iron Valiant|
|poke|p1|Alomomola, F|
|poke|p2|Quagsire, M|
|poke|p2|Blissey, F|
|poke|p2|Toxapex, F|
|poke|p2|Sinistcha|
|poke|p2|Gliscor, F|
|poke|p2|Corviknight, M|
|teampreview
|inactive|Battle timer is ON: inactive players will automatically lose when time's up. (requested by JumboSizedRichard)
|c|☆JumboSizedRichard|Glhf
|inactive|Ggderfffxx has 120 seconds left.
|inactive|Ggderfffxx has 90 seconds left.
|inactive|Ggderfffxx has 60 seconds left.
|
|t:|1760406798
|teamsize|p1|6
|teamsize|p2|6
|start
|switch|p1a: Rillaboom|Rillaboom, M|100/100
|switch|p2a: Gliscor|Gliscor, F|100/100
|-fieldstart|move: Grassy Terrain|[from] ability: Grassy Surge|[of] p1a: Rillaboom
|turn|1
|
|t:|1760406808
|move|p2a: Gliscor|Protect|p2a: Gliscor
|-singleturn|p2a: Gliscor|Protect
|move|p1a: Rillaboom|Knock Off|p2a: Gliscor
|-activate|p2a: Gliscor|move: Protect
|
|-status|p2a: Gliscor|tox|[from] item: Toxic Orb
|upkeep
|turn|2
|
|t:|1760406813
|move|p2a: Gliscor|Knock Off|p1a: Rillaboom
|-damage|p1a: Rillaboom|79/100
|-enditem|p1a: Rillaboom|Assault Vest|[from] move: Knock Off|[of] p2a: Gliscor
|move|p1a: Rillaboom|U-turn|p2a: Gliscor
|-resisted|p2a: Gliscor
|-damage|p2a: Gliscor|90/100 tox
|
|t:|1760406824
|switch|p1a: Gliscor|Gliscor, M|100/100|[from] U-turn
|
|-heal|p2a: Gliscor|100/100 tox|[from] ability: Poison Heal
|-status|p1a: Gliscor|tox|[from] item: Toxic Orb
|upkeep
|turn|3
|
|t:|1760406834
|move|p2a: Gliscor|Spikes|p1a: Gliscor
|-sidestart|p1: JumboSizedRichard|Spikes
|move|p1a: Gliscor|Swords Dance|p1a: Gliscor
|-boost|p1a: Gliscor|atk|2
|
|upkeep
|turn|4
|
|t:|1760406850
|switch|p2a: Quagsire|Quagsire, M|100/100
|move|p1a: Gliscor|Swords Dance|p1a: Gliscor
|-boost|p1a: Gliscor|atk|2
|
|upkeep
|turn|5
|
|t:|1760406861
|move|p1a: Gliscor|Facade|p2a: Quagsire
|-damage|p2a: Quagsire|79/100
|move|p2a: Quagsire|Stealth Rock|p1a: Gliscor
|-sidestart|p1: JumboSizedRichard|move: Stealth Rock
|
|-heal|p2a: Quagsire|85/100|[from] Grassy Terrain
|-fieldend|move: Grassy Terrain
|upkeep
|turn|6
|
|t:|1760406878
|switch|p1a: Pecharunt|Pecharunt|100/100
|switch|p2a: Sinistcha|Sinistcha|100/100
|
|upkeep
|turn|7
|
|t:|1760406892
|switch|p2a: Blissey|Blissey, F|100/100
|move|p1a: Pecharunt|Malignant Chain|p2a: Blissey
|-damage|p2a: Blissey|87/100
|-status|p2a: Blissey|tox
|-start|p2a: Blissey|confusion|[from] ability: Poison Puppeteer|[of] p1a: Pecharunt
|
|-damage|p2a: Blissey|81/100 tox|[from] psn
|upkeep
|turn|8
|
|t:|1760406904
|-curestatus|p2a: Blissey|tox|[from] ability: Natural Cure
|switch|p2a: Toxapex|Toxapex, F|100/100
|move|p1a: Pecharunt|Parting Shot|p2a: Toxapex
|-unboost|p2a: Toxapex|atk|1
|-unboost|p2a: Toxapex|spa|1
|
|t:|1760406925
|switch|p1a: Gliscor|Gliscor, M|100/100 tox|[from] Parting Shot
|-damage|p1a: Gliscor|88/100 tox|[from] Stealth Rock
|
|-heal|p1a: Gliscor|100/100 tox|[from] ability: Poison Heal
|upkeep
|turn|9
|inactive|Ggderfffxx has 120 seconds left.
|
|t:|1760406937
|-terastallize|p1a: Gliscor|Normal
|move|p1a: Gliscor|Earthquake|p2a: Toxapex
|-supereffective|p2a: Toxapex
|-damage|p2a: Toxapex|48/100
|move|p2a: Toxapex|Toxic Spikes|p1a: Gliscor
|-sidestart|p1: JumboSizedRichard|move: Toxic Spikes
|
|upkeep
|turn|10
|inactive|Ggderfffxx has 120 seconds left.
|
|t:|1760406949
|switch|p2a: Sinistcha|Sinistcha|100/100
|move|p1a: Gliscor|Swords Dance|p1a: Gliscor
|-boost|p1a: Gliscor|atk|2
|
|upkeep
|turn|11
|
|t:|1760406959
|switch|p1a: Pecharunt|Pecharunt|100/100
|-sideend|p1: JumboSizedRichard|move: Toxic Spikes|[of] p1a: Pecharunt
|move|p2a: Sinistcha|Strength Sap|p1a: Pecharunt
|-unboost|p1a: Pecharunt|atk|1
|
|upkeep
|turn|12
|
|t:|1760406980
|switch|p2a: Gliscor|Gliscor, F|100/100 tox
|move|p1a: Pecharunt|Hex|p2a: Gliscor
|-damage|p2a: Gliscor|48/100 tox
|
|-heal|p2a: Gliscor|61/100 tox|[from] ability: Poison Heal
|upkeep
|turn|13
|inactive|Ggderfffxx has 120 seconds left.
|inactive|Ggderfffxx has 90 seconds left.
|inactive|Ggderfffxx has 60 seconds left.
|
|t:|1760407064
|switch|p1a: Rillaboom|Rillaboom, M|79/100
|-damage|p1a: Rillaboom|67/100|[from] Spikes
|-damage|p1a: Rillaboom|54/100|[from] Stealth Rock
|-fieldstart|move: Grassy Terrain|[from] ability: Grassy Surge|[of] p1a: Rillaboom
|move|p2a: Gliscor|Protect||[still]
|-fail|p2a: Gliscor
|
|-heal|p1a: Rillaboom|61/100|[from] Grassy Terrain
|-heal|p2a: Gliscor|73/100 tox|[from] ability: Poison Heal
|upkeep
|turn|14
|
|t:|1760407078
|move|p1a: Rillaboom|Grassy Glide|p2a: Gliscor
|-damage|p2a: Gliscor|41/100 tox
|move|p2a: Gliscor|Knock Off|p1a: Rillaboom
|-damage|p1a: Rillaboom|48/100
|
|-heal|p1a: Rillaboom|54/100|[from] Grassy Terrain
|-heal|p2a: Gliscor|54/100 tox|[from] ability: Poison Heal
|upkeep
|turn|15
|
|t:|1760407088
|move|p2a: Gliscor|Protect|p2a: Gliscor
|-singleturn|p2a: Gliscor|Protect
|move|p1a: Rillaboom|Knock Off|p2a: Gliscor
|-activate|p2a: Gliscor|move: Protect
|
|-heal|p1a: Rillaboom|60/100|[from] Grassy Terrain
|-heal|p2a: Gliscor|66/100 tox|[from] ability: Poison Heal
|upkeep
|turn|16
|
|t:|1760407099
|move|p2a: Gliscor|Spikes|p1a: Rillaboom
|-sidestart|p1: JumboSizedRichard|Spikes
|move|p1a: Rillaboom|Knock Off|p2a: Gliscor
|-damage|p2a: Gliscor|37/100 tox
|-enditem|p2a: Gliscor|Toxic Orb|[from] move: Knock Off|[of] p1a: Rillaboom
|
|-heal|p1a: Rillaboom|67/100|[from] Grassy Terrain
|-heal|p2a: Gliscor|49/100 tox|[from] ability: Poison Heal
|upkeep
|turn|17
|
|t:|1760407112
|switch|p1a: Pecharunt|Pecharunt|100/100
|move|p2a: Gliscor|Protect||[still]
|-fail|p2a: Gliscor
|
|-heal|p2a: Gliscor|62/100 tox|[from] ability: Poison Heal
|-fieldend|move: Grassy Terrain
|upkeep
|turn|18
|
|t:|1760407134
|switch|p2a: Toxapex|Toxapex, F|82/100
|move|p1a: Pecharunt|Hex|p2a: Toxapex
|-damage|p2a: Toxapex|64/100
|
|upkeep
|turn|19
|
|t:|1760407149
|move|p1a: Pecharunt|Hex|p2a: Toxapex
|-damage|p2a: Toxapex|46/100
|move|p2a: Toxapex|Toxic Spikes|p1a: Pecharunt
|-sidestart|p1: JumboSizedRichard|move: Toxic Spikes
|
|upkeep
|turn|20
|
|t:|1760407164
|switch|p1a: Gliscor|Gliscor, M, tera:Normal|100/100 tox
|-damage|p1a: Gliscor|84/100 tox|[from] Spikes
|-damage|p1a: Gliscor|71/100 tox|[from] Stealth Rock
|switch|p2a: Gliscor|Gliscor, F|62/100 tox
|
|-heal|p2a: Gliscor|74/100 tox|[from] ability: Poison Heal
|-heal|p1a: Gliscor|84/100 tox|[from] ability: Poison Heal
|upkeep
|turn|21
|inactive|Ggderfffxx has 60 seconds left.
|
|t:|1760407180
|switch|p2a: Corviknight|Corviknight, M|100/100
|-ability|p2a: Corviknight|Pressure
|move|p1a: Gliscor|Facade|p2a: Corviknight
|-resisted|p2a: Corviknight
|-damage|p2a: Corviknight|84/100
|
|-heal|p1a: Gliscor|96/100 tox|[from] ability: Poison Heal
|upkeep
|turn|22
|
|t:|1760407197
|switch|p1a: Pecharunt|Pecharunt|100/100
|-sideend|p1: JumboSizedRichard|move: Toxic Spikes|[of] p1a: Pecharunt
|move|p2a: Corviknight|Body Press|p1a: Pecharunt
|-immune|p1a: Pecharunt
|
|upkeep
|turn|23
|
|t:|1760407211
|switch|p2a: Toxapex|Toxapex, F|79/100
|move|p1a: Pecharunt|Hex|p2a: Toxapex
|-damage|p2a: Toxapex|62/100
|
|upkeep
|turn|24
|
|t:|1760407222
|move|p1a: Pecharunt|Parting Shot|p2a: Toxapex
|-unboost|p2a: Toxapex|atk|1
|-unboost|p2a: Toxapex|spa|1
|
|t:|1760407230
|switch|p1a: Iron Valiant|Iron Valiant, shiny|100/100|[from] Parting Shot
|-damage|p1a: Iron Valiant|84/100|[from] Spikes
|-damage|p1a: Iron Valiant|78/100|[from] Stealth Rock
|-enditem|p1a: Iron Valiant|Booster Energy
|-activate|p1a: Iron Valiant|ability: Quark Drive|[fromitem]
|-start|p1a: Iron Valiant|quarkdrivespe
|move|p2a: Toxapex|Toxic Spikes|p1a: Iron Valiant
|-sidestart|p1: JumboSizedRichard|move: Toxic Spikes
|
|upkeep
|turn|25
|inactive|Ggderfffxx has 60 seconds left.
|
|t:|1760407285
|move|p1a: Iron Valiant|Future Sight|p2a: Toxapex
|-start|p1a: Iron Valiant|move: Future Sight
|move|p2a: Toxapex|Toxic|p1a: Iron Valiant
|-status|p1a: Iron Valiant|tox
|
|-damage|p1a: Iron Valiant|71/100 tox|[from] psn
|upkeep
|turn|26
|
|t:|1760407300
|-terastallize|p2a: Toxapex|Steel
|move|p1a: Iron Valiant|Knock Off|p2a: Toxapex
|-damage|p2a: Toxapex|37/100
|-enditem|p2a: Toxapex|Heavy-Duty Boots|[from] move: Knock Off|[of] p1a: Iron Valiant
|move|p2a: Toxapex|Haze|p2a: Toxapex
|-clearallboost
|
|-damage|p1a: Iron Valiant|59/100 tox|[from] psn
|upkeep
|turn|27
|
|t:|1760407311
|switch|p2a: Corviknight|Corviknight, M|84/100
|-ability|p2a: Corviknight|Pressure
|move|p1a: Iron Valiant|Close Combat|p2a: Corviknight
|-damage|p2a: Corviknight|45/100
|-unboost|p1a: Iron Valiant|def|1
|-unboost|p1a: Iron Valiant|spd|1
|
|-end|p2a: Corviknight|move: Future Sight
|-resisted|p2a: Corviknight
|-damage|p2a: Corviknight|26/100
|-damage|p1a: Iron Valiant|40/100 tox|[from] psn
|upkeep
|turn|28
|
|t:|1760407324
|switch|p2a: Sinistcha|Sinistcha|100/100
|move|p1a: Iron Valiant|Knock Off|p2a: Sinistcha
|-supereffective|p2a: Sinistcha
|-damage|p2a: Sinistcha|50/100
|-enditem|p2a: Sinistcha|Heavy-Duty Boots|[from] move: Knock Off|[of] p1a: Iron Valiant
|
|-damage|p1a: Iron Valiant|15/100 tox|[from] psn
|upkeep
|turn|29
|
|t:|1760407332
|move|p1a: Iron Valiant|Future Sight|p2a: Sinistcha
|-start|p1a: Iron Valiant|move: Future Sight
|move|p2a: Sinistcha|Strength Sap|p1a: Iron Valiant
|-unboost|p1a: Iron Valiant|atk|1
|-heal|p2a: Sinistcha|100/100
|
|-damage|p1a: Iron Valiant|0 fnt|[from] psn
|faint|p1a: Iron Valiant
|-end|p1a: Iron Valiant|Quark Drive|[silent]
|upkeep
|
|t:|1760407349
|switch|p1a: Gholdengo|Gholdengo|100/100
|-damage|p1a: Gholdengo|94/100|[from] Stealth Rock
|-item|p1a: Gholdengo|Air Balloon
|turn|30
|
|t:|1760407363
|switch|p1a: Gliscor|Gliscor, M, tera:Normal|96/100 tox
|-damage|p1a: Gliscor|80/100 tox|[from] Spikes
|-damage|p1a: Gliscor|67/100 tox|[from] Stealth Rock
|switch|p2a: Blissey|Blissey, F|81/100
|
|-heal|p1a: Gliscor|80/100 tox|[from] ability: Poison Heal
|upkeep
|turn|31
|
|t:|1760407376
|switch|p2a: Corviknight|Corviknight, M|26/100
|-ability|p2a: Corviknight|Pressure
|move|p1a: Gliscor|Swords Dance|p1a: Gliscor
|-boost|p1a: Gliscor|atk|2
|
|-end|p2a: Corviknight|move: Future Sight
|-resisted|p2a: Corviknight
|-damage|p2a: Corviknight|9/100
|-heal|p1a: Gliscor|92/100 tox|[from] ability: Poison Heal
|upkeep
|turn|32
|
|t:|1760407390
|switch|p1a: Gholdengo|Gholdengo|94/100
|-damage|p1a: Gholdengo|88/100|[from] Stealth Rock
|-item|p1a: Gholdengo|Air Balloon
|switch|p2a: Sinistcha|Sinistcha|100/100
|
|upkeep
|turn|33
|
|t:|1760407406
|switch|p1a: Pecharunt|Pecharunt|100/100
|-sideend|p1: JumboSizedRichard|move: Toxic Spikes|[of] p1a: Pecharunt
|switch|p2a: Blissey|Blissey, F|81/100
|
|upkeep
|turn|34
|inactive|Ggderfffxx has 30 seconds left.
|inactive|Ggderfffxx has 20 seconds left.
|inactive|Ggderfffxx has 15 seconds left.
|inactive|Ggderfffxx has 10 seconds left.
|
|t:|1760407453
|switch|p2a: Sinistcha|Sinistcha|100/100
|move|p1a: Pecharunt|Malignant Chain|p2a: Sinistcha
|-damage|p2a: Sinistcha|44/100
|-status|p2a: Sinistcha|tox
|-start|p2a: Sinistcha|confusion|[from] ability: Poison Puppeteer|[of] p1a: Pecharunt
|
|-damage|p2a: Sinistcha|37/100 tox|[from] psn
|upkeep
|turn|35
|inactive|Ggderfffxx has 20 seconds left this turn.
|inactive|Ggderfffxx has 15 seconds left.
|inactive|Ggderfffxx has 10 seconds left.
|
|t:|1760407468
|switch|p2a: Blissey|Blissey, F|81/100
|move|p1a: Pecharunt|Malignant Chain|p2a: Blissey
|-damage|p2a: Blissey|69/100
|
|upkeep
|turn|36
|inactive|Ggderfffxx has 20 seconds left this turn.
|inactive|Ggderfffxx has 15 seconds left.
|inactive|Ggderfffxx has 10 seconds left.
|
|t:|1760407480
|move|p1a: Pecharunt|Malignant Chain|p2a: Blissey
|-damage|p2a: Blissey|56/100
|-status|p2a: Blissey|tox
|-start|p2a: Blissey|confusion|[from] ability: Poison Puppeteer|[of] p1a: Pecharunt
|-activate|p2a: Blissey|confusion
|-damage|p2a: Blissey|55/100 tox|[from] confusion
|
|-damage|p2a: Blissey|49/100 tox|[from] psn
|upkeep
|turn|37
|inactive|Ggderfffxx has 20 seconds left this turn.
|inactive|Ggderfffxx has 15 seconds left.
|
|t:|1760407494
|move|p1a: Pecharunt|Malignant Chain|p2a: Blissey
|-crit|p2a: Blissey
|-damage|p2a: Blissey|29/100 tox
|-end|p2a: Blissey|confusion
|move|p2a: Blissey|Soft-Boiled|p2a: Blissey
|-heal|p2a: Blissey|79/100 tox
|
|-damage|p2a: Blissey|67/100 tox|[from] psn
|upkeep
|turn|38
|inactive|Ggderfffxx has 25 seconds left this turn.
|inactive|Ggderfffxx has 20 seconds left.
|
|t:|1760407503
|-curestatus|p2a: Blissey|tox|[from] ability: Natural Cure
|switch|p2a: Toxapex|Toxapex, F, tera:Steel|70/100
|move|p1a: Pecharunt|Malignant Chain|p2a: Toxapex
|-immune|p2a: Toxapex
|
|upkeep
|turn|39
|inactive|Ggderfffxx has 30 seconds left this turn.
|
|t:|1760407512
|switch|p2a: Sinistcha|Sinistcha|37/100 tox
|move|p1a: Pecharunt|Parting Shot|p2a: Sinistcha
|-unboost|p2a: Sinistcha|atk|1
|-unboost|p2a: Sinistcha|spa|1
|
|t:|1760407526
|switch|p1a: Rillaboom|Rillaboom, M|67/100|[from] Parting Shot
|-damage|p1a: Rillaboom|50/100|[from] Spikes
|-damage|p1a: Rillaboom|38/100|[from] Stealth Rock
|-fieldstart|move: Grassy Terrain|[from] ability: Grassy Surge|[of] p1a: Rillaboom
|
|-heal|p1a: Rillaboom|44/100|[from] Grassy Terrain
|-heal|p2a: Sinistcha|44/100 tox|[from] Grassy Terrain
|-damage|p2a: Sinistcha|37/100 tox|[from] psn
|upkeep
|turn|40
|inactive|Ggderfffxx has 30 seconds left.
|
|t:|1760407536
|move|p1a: Rillaboom|U-turn|p2a: Sinistcha
|-damage|p2a: Sinistcha|19/100 tox
|
|t:|1760407542
|switch|p1a: Gholdengo|Gholdengo|88/100|[from] U-turn
|-damage|p1a: Gholdengo|82/100|[from] Stealth Rock
|-item|p1a: Gholdengo|Air Balloon
|move|p2a: Sinistcha|Strength Sap|p1a: Gholdengo
|-immune|p1a: Gholdengo|[from] ability: Good as Gold
|
|-heal|p2a: Sinistcha|26/100 tox|[from] Grassy Terrain
|-damage|p2a: Sinistcha|13/100 tox|[from] psn
|upkeep
|turn|41
|
|t:|1760407552
|switch|p2a: Blissey|Blissey, F|67/100
|move|p1a: Gholdengo|Nasty Plot|p1a: Gholdengo
|-boost|p1a: Gholdengo|spa|2
|
|-heal|p2a: Blissey|73/100|[from] Grassy Terrain
|upkeep
|turn|42
|
|t:|1760407559
|move|p1a: Gholdengo|Nasty Plot|p1a: Gholdengo
|-boost|p1a: Gholdengo|spa|2
|move|p2a: Blissey|Calm Mind|p2a: Blissey
|-boost|p2a: Blissey|spa|1
|-boost|p2a: Blissey|spd|1
|
|-heal|p2a: Blissey|79/100|[from] Grassy Terrain
|upkeep
|turn|43
|
|t:|1760407567
|move|p1a: Gholdengo|Make It Rain|p2a: Blissey
|-damage|p2a: Blissey|39/100
|-unboost|p1a: Gholdengo|spa|1
|move|p2a: Blissey|Calm Mind|p2a: Blissey
|-boost|p2a: Blissey|spa|1
|-boost|p2a: Blissey|spd|1
|
|-heal|p2a: Blissey|45/100|[from] Grassy Terrain
|-fieldend|move: Grassy Terrain
|upkeep
|turn|44
|
|t:|1760407574
|move|p1a: Gholdengo|Make It Rain|p2a: Blissey
|-damage|p2a: Blissey|17/100
|-unboost|p1a: Gholdengo|spa|1
|move|p2a: Blissey|Soft-Boiled|p2a: Blissey
|-heal|p2a: Blissey|67/100
|
|upkeep
|turn|45
|
|t:|1760407584
|switch|p1a: Rillaboom|Rillaboom, M|44/100
|-damage|p1a: Rillaboom|27/100|[from] Spikes
|-damage|p1a: Rillaboom|15/100|[from] Stealth Rock
|-fieldstart|move: Grassy Terrain|[from] ability: Grassy Surge|[of] p1a: Rillaboom
|move|p2a: Blissey|Flamethrower|p1a: Rillaboom
|-supereffective|p1a: Rillaboom
|-damage|p1a: Rillaboom|0 fnt
|faint|p1a: Rillaboom
|
|-heal|p2a: Blissey|73/100|[from] Grassy Terrain
|upkeep
|
|t:|1760407591
|switch|p1a: Pecharunt|Pecharunt|100/100
|turn|46
|inactive|Ggderfffxx has 90 seconds left.
|
|t:|1760407598
|move|p1a: Pecharunt|Malignant Chain|p2a: Blissey
|-damage|p2a: Blissey|66/100
|move|p2a: Blissey|Flamethrower|p1a: Pecharunt
|-damage|p1a: Pecharunt|70/100
|
|-heal|p1a: Pecharunt|76/100|[from] Grassy Terrain
|-heal|p2a: Blissey|72/100|[from] Grassy Terrain
|upkeep
|turn|47
|
|t:|1760407604
|move|p1a: Pecharunt|Malignant Chain|p2a: Blissey
|-damage|p2a: Blissey|65/100
|move|p2a: Blissey|Flamethrower|p1a: Pecharunt
|-damage|p1a: Pecharunt|46/100
|
|-heal|p1a: Pecharunt|53/100|[from] Grassy Terrain
|-heal|p2a: Blissey|71/100|[from] Grassy Terrain
|upkeep
|turn|48
|
|t:|1760407610
|move|p1a: Pecharunt|Parting Shot|p2a: Blissey
|-unboost|p2a: Blissey|atk|1
|-unboost|p2a: Blissey|spa|1
|
|t:|1760407613
|switch|p1a: Gliscor|Gliscor, M, tera:Normal|92/100 tox|[from] Parting Shot
|-damage|p1a: Gliscor|76/100 tox|[from] Spikes
|-damage|p1a: Gliscor|63/100 tox|[from] Stealth Rock
|move|p2a: Blissey|Flamethrower|p1a: Gliscor
|-damage|p1a: Gliscor|43/100 tox
|
|-heal|p1a: Gliscor|49/100 tox|[from] Grassy Terrain
|-heal|p2a: Blissey|77/100|[from] Grassy Terrain
|-heal|p1a: Gliscor|61/100 tox|[from] ability: Poison Heal
|upkeep
|turn|49
|
|t:|1760407636
|switch|p2a: Toxapex|Toxapex, F, tera:Steel|100/100
|move|p1a: Gliscor|Facade|p2a: Toxapex
|-resisted|p2a: Toxapex
|-damage|p2a: Toxapex|83/100
|
|-heal|p1a: Gliscor|68/100 tox|[from] Grassy Terrain
|-heal|p2a: Toxapex|89/100|[from] Grassy Terrain
|-heal|p1a: Gliscor|80/100 tox|[from] ability: Poison Heal
|-fieldend|move: Grassy Terrain
|upkeep
|turn|50
|
|t:|1760407644
|move|p1a: Gliscor|Earthquake|p2a: Toxapex
|-supereffective|p2a: Toxapex
|-damage|p2a: Toxapex|31/100
|move|p2a: Toxapex|Haze|p2a: Toxapex
|-clearallboost
|
|-heal|p1a: Gliscor|92/100 tox|[from] ability: Poison Heal
|upkeep
|turn|51
|
|t:|1760407648
|switch|p2a: Corviknight|Corviknight, M|9/100
|-ability|p2a: Corviknight|Pressure
|move|p1a: Gliscor|Earthquake|p2a: Corviknight
|-immune|p2a: Corviknight
|
|-heal|p1a: Gliscor|100/100 tox|[from] ability: Poison Heal
|upkeep
|turn|52
|inactive|Ggderfffxx has 120 seconds left.
|
|t:|1760407658
|move|p1a: Gliscor|Facade|p2a: Corviknight
|-resisted|p2a: Corviknight
|-damage|p2a: Corviknight|0 fnt
|faint|p2a: Corviknight
|
|upkeep
|inactive|Ggderfffxx has 120 seconds left.
|
|t:|1760407686
|switch|p2a: Toxapex|Toxapex, F, tera:Steel|65/100
|turn|53
|
|t:|1760407690
|switch|p2a: Gliscor|Gliscor, F|74/100 tox
|move|p1a: Gliscor|Earthquake|p2a: Gliscor
|-immune|p2a: Gliscor
|
|-heal|p2a: Gliscor|87/100 tox|[from] ability: Poison Heal
|upkeep
|turn|54
|
|t:|1760407714
|move|p2a: Gliscor|Earthquake|p1a: Gliscor
|-damage|p1a: Gliscor|74/100 tox
|move|p1a: Gliscor|Swords Dance|p1a: Gliscor
|-boost|p1a: Gliscor|atk|2
|
|-heal|p2a: Gliscor|99/100 tox|[from] ability: Poison Heal
|-heal|p1a: Gliscor|87/100 tox|[from] ability: Poison Heal
|upkeep
|turn|55
|inactive|Ggderfffxx has 120 seconds left.
|
|t:|1760407745
|move|p2a: Gliscor|Earthquake|p1a: Gliscor
|-damage|p1a: Gliscor|61/100 tox
|move|p1a: Gliscor|Swords Dance|p1a: Gliscor
|-boost|p1a: Gliscor|atk|2
|
|-heal|p2a: Gliscor|100/100 tox|[from] ability: Poison Heal
|-heal|p1a: Gliscor|73/100 tox|[from] ability: Poison Heal
|upkeep
|turn|56
|
|t:|1760407756
|move|p2a: Gliscor|Knock Off|p1a: Gliscor
|-damage|p1a: Gliscor|57/100 tox
|-enditem|p1a: Gliscor|Toxic Orb|[from] move: Knock Off|[of] p2a: Gliscor
|move|p1a: Gliscor|Swords Dance|p1a: Gliscor
|-boost|p1a: Gliscor|atk|2
|
|-heal|p1a: Gliscor|69/100 tox|[from] ability: Poison Heal
|upkeep
|turn|57
|
|t:|1760407768
|move|p2a: Gliscor|Protect|p2a: Gliscor
|-singleturn|p2a: Gliscor|Protect
|move|p1a: Gliscor|Facade|p2a: Gliscor
|-activate|p2a: Gliscor|move: Protect
|
|-heal|p1a: Gliscor|82/100 tox|[from] ability: Poison Heal
|upkeep
|turn|58
|inactive|Ggderfffxx has 90 seconds left.
|
|t:|1760407784
|switch|p2a: Quagsire|Quagsire, M|85/100
|move|p1a: Gliscor|Facade|p2a: Quagsire
|-damage|p2a: Quagsire|50/100
|
|-heal|p1a: Gliscor|94/100 tox|[from] ability: Poison Heal
|upkeep
|turn|59
|
|t:|1760407790
|move|p1a: Gliscor|Facade|p2a: Quagsire
|-crit|p2a: Quagsire
|-damage|p2a: Quagsire|0 fnt
|faint|p2a: Quagsire
|
|-heal|p1a: Gliscor|100/100 tox|[from] ability: Poison Heal
|upkeep
|
|t:|1760407796
|switch|p2a: Sinistcha|Sinistcha|13/100 tox
|turn|60
|
|t:|1760407802
|move|p1a: Gliscor|Earthquake|p2a: Sinistcha
|-resisted|p2a: Sinistcha
|-damage|p2a: Sinistcha|0 fnt
|faint|p2a: Sinistcha
|
|upkeep
|-message|Ggderfffxx forfeited.
|
|win|JumboSizedRichard
|raw|JumboSizedRichard's rating: 1053 &rarr; <strong>1087</strong><br />(+34 for winning)
|raw|Ggderfffxx's rating: 1077 &rarr; <strong>1054</strong><br />(-23 for losing)
|l|☆Ggderfffxx
|player|p2|
