|j|‽ivon_neeeeeee
|j|☆Gemini Defteros
|t:|1760450289
|gametype|singles
|player|p1|ivon_neeeeeee|acetrainerf|1465
|player|p2|Gemini Defteros|265|1487
|gen|9
|tier|[Gen 9] OU
|rated|
|rule|HP Percentage Mod: HP is shown in percentages
|rule|Endless Battle Clause: Forcing endless battles is banned
|rule|Species Clause: Limit one of each Pokémon
|rule|OHKO Clause: OHKO moves are banned
|rule|Evasion Items Clause: Evasion items are banned
|rule|Evasion Moves Clause: Evasion moves are banned
|rule|Evasion Abilities Clause: Evasion abilities are banned
|rule|Sleep Moves Clause: Sleep-inducing moves are banned
|clearpoke
|poke|p1|Iron Valiant|
|poke|p1|Klefki, M|
|poke|p1|Alomomola, M|
|poke|p1|Gliscor, M|
|poke|p1|Kingambit, M|
|poke|p1|Moltres|
|poke|p2|Raging Bolt|
|poke|p2|Great Tusk|
|poke|p2|Primarina, F|
|poke|p2|Dragonite, F|
|poke|p2|Ting-Lu|
|poke|p2|Slowking-Galar, F|
|teampreview
|
|t:|1760450306
|teamsize|p1|6
|teamsize|p2|6
|start
|switch|p1a: Moltres|Moltres|100/100
|switch|p2a: Slowking|Slowking-Galar, F|100/100
|turn|1
|inactive|Battle timer is ON: inactive players will automatically lose when time's up. (requested by ivon_neeeeeee)
|
|t:|1760450312
|move|p1a: Moltres|U-turn|p2a: Slowking
|-damage|p2a: Slowking|84/100
|
|t:|1760450316
|switch|p1a: Klefki|Klefki, M|100/100|[from] U-turn
|move|p2a: Slowking|Future Sight|p1a: Klefki
|-start|p2a: Slowking|move: Future Sight
|
|upkeep
|turn|2
|
|t:|1760450323
|move|p1a: Klefki|Spikes|p2a: Slowking
|-sidestart|p2: Gemini Defteros|Spikes
|-prepare|p2a: Slowking|Chilly Reception|[premajor]
|move|p2a: Slowking|Chilly Reception|p2a: Slowking
|-weather|Snowscape
|
|t:|1760450328
|switch|p2a: Primarina|Primarina, F|100/100|[from] Chilly Reception
|-damage|p2a: Primarina|88/100|[from] Spikes
|
|-weather|Snowscape|[upkeep]
|upkeep
|turn|3
|
|t:|1760450344
|move|p1a: Klefki|Thunder Wave|p2a: Primarina
|-status|p2a: Primarina|par
|cant|p2a: Primarina|par
|
|-weather|Snowscape|[upkeep]
|-end|p1a: Klefki|move: Future Sight
|-resisted|p1a: Klefki
|-damage|p1a: Klefki|74/100
|upkeep
|turn|4
|
|t:|1760450353
|switch|p1a: Kingambit|Kingambit, M|100/100
|cant|p2a: Primarina|par
|
|-weather|Snowscape|[upkeep]
|upkeep
|turn|5
|
|t:|1760450360
|switch|p2a: Great Tusk|Great Tusk|100/100
|-damage|p2a: Great Tusk|88/100|[from] Spikes
|move|p1a: Kingambit|Iron Head|p2a: Great Tusk
|-damage|p2a: Great Tusk|67/100
|-damage|p1a: Kingambit|84/100|[from] item: Rocky Helmet|[of] p2a: Great Tusk
|
|-weather|Snowscape|[upkeep]
|-heal|p1a: Kingambit|90/100|[from] item: Leftovers
|upkeep
|turn|6
|
|t:|1760450370
|-end|p1a: Kingambit|fallenundefined|[silent]
|switch|p1a: Moltres|Moltres|100/100
|move|p2a: Great Tusk|Rapid Spin|p1a: Moltres
|-damage|p1a: Moltres|85/100
|-boost|p2a: Great Tusk|spe|1
|-sideend|p2: Gemini Defteros|Spikes|[from] move: Rapid Spin|[of] p2a: Great Tusk
|
|-weather|none
|upkeep
|turn|7
|
|t:|1760450380
|-end|p2a: Great Tusk|Protosynthesis|[silent]
|switch|p2a: Slowking|Slowking-Galar, F|100/100
|move|p1a: Moltres|Flamethrower|p2a: Slowking
|-damage|p2a: Slowking|77/100
|
|upkeep
|turn|8
|
|t:|1760450386
|move|p1a: Moltres|U-turn|p2a: Slowking
|-crit|p2a: Slowking
|-damage|p2a: Slowking|55/100
|
|t:|1760450389
|switch|p1a: Klefki|Klefki, M|74/100|[from] U-turn
|move|p2a: Slowking|Future Sight|p1a: Klefki
|-start|p2a: Slowking|move: Future Sight
|
|upkeep
|turn|9
|inactive|ivon_neeeeeee has 120 seconds left.
|
|t:|1760450420
|switch|p2a: Primarina|Primarina, F|88/100 par
|move|p1a: Klefki|Thunder Wave|p2a: Primarina
|-fail|p2a: Primarina|par
|
|upkeep
|turn|10
|
|t:|1760450428
|move|p1a: Klefki|Spikes|p2a: Primarina
|-sidestart|p2: Gemini Defteros|Spikes
|move|p2a: Primarina|Surf|p1a: Klefki
|-damage|p1a: Klefki|0 fnt
|faint|p1a: Klefki
|
|-hint|Future Sight did not hit because the target is fainted.
|upkeep
|
|t:|1760450437
|switch|p1a: Kingambit|Kingambit, M|90/100
|-activate|p1a: Kingambit|ability: Supreme Overlord
|-start|p1a: Kingambit|fallen1|[silent]
|turn|11
|
|t:|1760450443
|switch|p2a: Great Tusk|Great Tusk|67/100
|-damage|p2a: Great Tusk|55/100|[from] Spikes
|move|p1a: Kingambit|Swords Dance|p1a: Kingambit
|-boost|p1a: Kingambit|atk|2
|
|-heal|p1a: Kingambit|96/100|[from] item: Leftovers
|upkeep
|turn|12
|
|t:|1760450452
|move|p2a: Great Tusk|Bulk Up|p2a: Great Tusk
|-boost|p2a: Great Tusk|atk|1
|-boost|p2a: Great Tusk|def|1
|move|p1a: Kingambit|Iron Head|p2a: Great Tusk
|-damage|p2a: Great Tusk|21/100
|-damage|p1a: Kingambit|80/100|[from] item: Rocky Helmet|[of] p2a: Great Tusk
|
|-heal|p1a: Kingambit|86/100|[from] item: Leftovers
|upkeep
|turn|13
|
|t:|1760450462
|-end|p1a: Kingambit|fallen1|[silent]
|switch|p1a: Moltres|Moltres|85/100
|move|p2a: Great Tusk|Rapid Spin|p1a: Moltres
|-damage|p1a: Moltres|63/100
|-boost|p2a: Great Tusk|spe|1
|-status|p2a: Great Tusk|brn|[from] ability: Flame Body|[of] p1a: Moltres
|-sideend|p2: Gemini Defteros|Spikes|[from] move: Rapid Spin|[of] p2a: Great Tusk
|
|-damage|p2a: Great Tusk|15/100 brn|[from] brn
|upkeep
|turn|14
|
|t:|1760450474
|-end|p2a: Great Tusk|Protosynthesis|[silent]
|switch|p2a: Slowking|Slowking-Galar, F|88/100
|move|p1a: Moltres|Roost|p1a: Moltres
|-heal|p1a: Moltres|100/100
|-singleturn|p1a: Moltres|move: Roost
|
|upkeep
|turn|15
|
|t:|1760450483
|move|p1a: Moltres|Flamethrower|p2a: Slowking
|-damage|p2a: Slowking|65/100
|move|p2a: Slowking|Future Sight|p1a: Moltres
|-start|p2a: Slowking|move: Future Sight
|
|upkeep
|turn|16
|
|t:|1760450490
|switch|p2a: Great Tusk|Great Tusk|15/100 brn
|move|p1a: Moltres|Roar|p2a: Great Tusk
|-end|p2a: Great Tusk|Protosynthesis|[silent]
|drag|p2a: Ting-Lu|Ting-Lu|100/100
|-ability|p2a: Ting-Lu|Vessel of Ruin
|
|upkeep
|turn|17
|
|t:|1760450499
|switch|p2a: Slowking|Slowking-Galar, F|99/100
|move|p1a: Moltres|U-turn|p2a: Slowking
|-damage|p2a: Slowking|83/100
|
|t:|1760450504
|switch|p1a: Kingambit|Kingambit, M|86/100|[from] U-turn
|-activate|p1a: Kingambit|ability: Supreme Overlord
|-start|p1a: Kingambit|fallen1|[silent]
|
|-end|p1a: Kingambit|move: Future Sight
|-immune|p1a: Kingambit
|-heal|p1a: Kingambit|92/100|[from] item: Leftovers
|upkeep
|turn|18
|
|t:|1760450513
|switch|p2a: Great Tusk|Great Tusk|15/100 brn
|move|p1a: Kingambit|Iron Head|p2a: Great Tusk
|-damage|p2a: Great Tusk|0 fnt
|-damage|p1a: Kingambit|75/100|[from] item: Rocky Helmet|[of] p2a: Great Tusk
|faint|p2a: Great Tusk
|-end|p2a: Great Tusk|Protosynthesis|[silent]
|
|-heal|p1a: Kingambit|82/100|[from] item: Leftovers
|upkeep
|
|t:|1760450524
|switch|p2a: Primarina|Primarina, F|88/100 par
|turn|19
|inactive|ivon_neeeeeee has 120 seconds left.
|inactive|ivon_neeeeeee has 90 seconds left.
|
|t:|1760450594
|move|p1a: Kingambit|Iron Head|p2a: Primarina
|-damage|p2a: Primarina|26/100 par
|move|p2a: Primarina|Moonblast|p1a: Kingambit
|-damage|p1a: Kingambit|4/100
|
|-heal|p1a: Kingambit|10/100|[from] item: Leftovers
|upkeep
|turn|20
|
|t:|1760450607
|switch|p2a: Ting-Lu|Ting-Lu|100/100
|-ability|p2a: Ting-Lu|Vessel of Ruin
|move|p1a: Kingambit|Kowtow Cleave|p2a: Ting-Lu
|-resisted|p2a: Ting-Lu
|-damage|p2a: Ting-Lu|85/100
|
|-heal|p1a: Kingambit|17/100|[from] item: Leftovers
|-heal|p2a: Ting-Lu|91/100|[from] item: Leftovers
|upkeep
|turn|21
|inactive|ivon_neeeeeee has 90 seconds left.
|
|t:|1760450619
|-end|p1a: Kingambit|fallen1|[silent]
|switch|p1a: Gliscor|Gliscor, M|100/100
|move|p2a: Ting-Lu|Earthquake|p1a: Gliscor
|-immune|p1a: Gliscor
|
|-heal|p2a: Ting-Lu|97/100|[from] item: Leftovers
|-status|p1a: Gliscor|tox|[from] item: Toxic Orb
|upkeep
|turn|22
|inactive|ivon_neeeeeee has 90 seconds left.
|
|t:|1760450628
|move|p1a: Gliscor|U-turn|p2a: Ting-Lu
|-supereffective|p2a: Ting-Lu
|-damage|p2a: Ting-Lu|79/100
|
|t:|1760450632
|switch|p1a: Alomomola|Alomomola, M|100/100|[from] U-turn
|move|p2a: Ting-Lu|Spikes|p1a: Alomomola
|-sidestart|p1: ivon_neeeeeee|Spikes
|
|-heal|p2a: Ting-Lu|85/100|[from] item: Leftovers
|upkeep
|turn|23
|
|t:|1760450641
|move|p2a: Ting-Lu|Spikes|p1a: Alomomola
|-sidestart|p1: ivon_neeeeeee|Spikes
|move|p1a: Alomomola|Wish|p1a: Alomomola
|
|-heal|p2a: Ting-Lu|91/100|[from] item: Leftovers
|upkeep
|turn|24
|
|t:|1760450647
|move|p2a: Ting-Lu|Spikes|p1a: Alomomola
|-sidestart|p1: ivon_neeeeeee|Spikes
|move|p1a: Alomomola|Flip Turn|p2a: Ting-Lu
|-supereffective|p2a: Ting-Lu
|-damage|p2a: Ting-Lu|73/100
|
|t:|1760450655
|switch|p1a: Kingambit|Kingambit, M|17/100|[from] Flip Turn
|-damage|p1a: Kingambit|0 fnt|[from] Spikes
|faint|p1a: Kingambit
|-end|p1a: Kingambit|fallenundefined|[silent]
|
|-heal|p2a: Ting-Lu|79/100|[from] item: Leftovers
|upkeep
|
|t:|1760450662
|switch|p1a: Gliscor|Gliscor, M|100/100 tox
|turn|25
|
|t:|1760450665
|move|p1a: Gliscor|Knock Off|p2a: Ting-Lu
|-resisted|p2a: Ting-Lu
|-damage|p2a: Ting-Lu|73/100
|-enditem|p2a: Ting-Lu|Leftovers|[from] move: Knock Off|[of] p1a: Gliscor
|move|p2a: Ting-Lu|Ruination|p1a: Gliscor
|-damage|p1a: Gliscor|50/100 tox
|
|-heal|p1a: Gliscor|63/100 tox|[from] ability: Poison Heal
|upkeep
|turn|26
|inactive|ivon_neeeeeee has 120 seconds left.
|
|t:|1760450675
|move|p1a: Gliscor|Earthquake|p2a: Ting-Lu
|-damage|p2a: Ting-Lu|55/100
|move|p2a: Ting-Lu|Ruination|p1a: Gliscor|[miss]
|-miss|p2a: Ting-Lu|p1a: Gliscor
|
|-heal|p1a: Gliscor|75/100 tox|[from] ability: Poison Heal
|upkeep
|turn|27
|
|t:|1760450684
|move|p1a: Gliscor|Earthquake|p2a: Ting-Lu
|-damage|p2a: Ting-Lu|36/100
|move|p2a: Ting-Lu|Ruination|p1a: Gliscor|[miss]
|-miss|p2a: Ting-Lu|p1a: Gliscor
|
|-heal|p1a: Gliscor|88/100 tox|[from] ability: Poison Heal
|upkeep
|turn|28
|
|t:|1760450697
|move|p1a: Gliscor|Earthquake|p2a: Ting-Lu
|-damage|p2a: Ting-Lu|18/100
|move|p2a: Ting-Lu|Ruination|p1a: Gliscor
|-damage|p1a: Gliscor|44/100 tox
|
|-heal|p1a: Gliscor|57/100 tox|[from] ability: Poison Heal
|upkeep
|turn|29
|
|t:|1760450706
|move|p1a: Gliscor|Earthquake|p2a: Ting-Lu
|-damage|p2a: Ting-Lu|0 fnt
|faint|p2a: Ting-Lu
|
|-heal|p1a: Gliscor|69/100 tox|[from] ability: Poison Heal
|upkeep
|
|t:|1760450714
|switch|p2a: Slowking|Slowking-Galar, F|100/100
|turn|30
|
|t:|1760450717
|move|p1a: Gliscor|Protect|p1a: Gliscor
|-singleturn|p1a: Gliscor|Protect
|move|p2a: Slowking|Future Sight|p1a: Gliscor
|-start|p2a: Slowking|move: Future Sight
|
|-heal|p1a: Gliscor|82/100 tox|[from] ability: Poison Heal
|upkeep
|turn|31
|
|t:|1760450724
|move|p1a: Gliscor|Knock Off|p2a: Slowking
|-supereffective|p2a: Slowking
|-enditem|p2a: Slowking|Colbur Berry|[eat]
|-enditem|p2a: Slowking|Colbur Berry|[weaken]
|-damage|p2a: Slowking|77/100
|-prepare|p2a: Slowking|Chilly Reception|[premajor]
|move|p2a: Slowking|Chilly Reception|p2a: Slowking
|-weather|Snowscape
|
|t:|1760450734
|switch|p2a: Raging Bolt|Raging Bolt|100/100|[from] Chilly Reception
|
|-weather|Snowscape|[upkeep]
|-heal|p1a: Gliscor|94/100 tox|[from] ability: Poison Heal
|upkeep
|turn|32
|
|t:|1760450748
|move|p1a: Gliscor|Earthquake|p2a: Raging Bolt
|-supereffective|p2a: Raging Bolt
|-damage|p2a: Raging Bolt|51/100
|move|p2a: Raging Bolt|Dragon Pulse|p1a: Gliscor
|-damage|p1a: Gliscor|50/100 tox
|
|-weather|Snowscape|[upkeep]
|-end|p1a: Gliscor|move: Future Sight
|-damage|p1a: Gliscor|13/100 tox
|-heal|p1a: Gliscor|26/100 tox|[from] ability: Poison Heal
|upkeep
|turn|33
|
|t:|1760450760
|-end|p2a: Raging Bolt|Protosynthesis|[silent]
|switch|p2a: Primarina|Primarina, F|26/100 par
|move|p1a: Gliscor|Earthquake|p2a: Primarina
|-damage|p2a: Primarina|0 fnt
|faint|p2a: Primarina
|
|-weather|Snowscape|[upkeep]
|-heal|p1a: Gliscor|38/100 tox|[from] ability: Poison Heal
|upkeep
|
|t:|1760450771
|switch|p2a: Dragonite|Dragonite, F|100/100
|turn|34
|
|t:|1760450786
|move|p2a: Dragonite|Dragon Dance|p2a: Dragonite
|-boost|p2a: Dragonite|atk|1
|-boost|p2a: Dragonite|spe|1
|move|p1a: Gliscor|U-turn|p2a: Dragonite
|-resisted|p2a: Dragonite
|-damage|p2a: Dragonite|96/100
|
|t:|1760450791
|switch|p1a: Moltres|Moltres|100/100|[from] U-turn
|
|-weather|Snowscape|[upkeep]
|upkeep
|turn|35
|
|t:|1760450798
|-terastallize|p2a: Dragonite|Normal
|move|p2a: Dragonite|Extreme Speed|p1a: Moltres
|-damage|p1a: Moltres|35/100
|move|p1a: Moltres|Roar|p2a: Dragonite
|drag|p2a: Raging Bolt|Raging Bolt|51/100
|
|-weather|none
|upkeep
|turn|36
|
|t:|1760450808
|move|p1a: Moltres|Roost|p1a: Moltres
|-heal|p1a: Moltres|86/100
|-singleturn|p1a: Moltres|move: Roost
|move|p2a: Raging Bolt|Dragon Pulse|p1a: Moltres
|-damage|p1a: Moltres|50/100
|
|upkeep
|turn|37
|
|t:|1760450816
|move|p1a: Moltres|Roost|p1a: Moltres
|-heal|p1a: Moltres|99/100
|-singleturn|p1a: Moltres|move: Roost
|move|p2a: Raging Bolt|Thunderbolt|p1a: Moltres
|-damage|p1a: Moltres|61/100
|
|upkeep
|turn|38
|
|t:|1760450825
|move|p1a: Moltres|U-turn|p2a: Raging Bolt
|-damage|p2a: Raging Bolt|40/100
|
|t:|1760450828
|switch|p1a: Gliscor|Gliscor, M|38/100 tox|[from] U-turn
|move|p2a: Raging Bolt|Volt Switch|p1a: Gliscor
|-immune|p1a: Gliscor
|
|-heal|p1a: Gliscor|51/100 tox|[from] ability: Poison Heal
|upkeep
|turn|39
|
|t:|1760450837
|move|p1a: Gliscor|Earthquake|p2a: Raging Bolt
|-supereffective|p2a: Raging Bolt
|-crit|p2a: Raging Bolt
|-damage|p2a: Raging Bolt|0 fnt
|faint|p2a: Raging Bolt
|-end|p2a: Raging Bolt|Protosynthesis|[silent]
|
|-heal|p1a: Gliscor|63/100 tox|[from] ability: Poison Heal
|upkeep
|
|t:|1760450846
|switch|p2a: Dragonite|Dragonite, F, tera:Normal|96/100
|turn|40
|
|t:|1760450849
|move|p2a: Dragonite|Dragon Dance|p2a: Dragonite
|-boost|p2a: Dragonite|atk|1
|-boost|p2a: Dragonite|spe|1
|move|p1a: Gliscor|U-turn|p2a: Dragonite
|-damage|p2a: Dragonite|79/100
|
|t:|1760450855
|switch|p1a: Moltres|Moltres|61/100|[from] U-turn
|
|upkeep
|turn|41
|
|t:|1760450860
|move|p2a: Dragonite|Extreme Speed|p1a: Moltres
|-damage|p1a: Moltres|0 fnt
|-status|p2a: Dragonite|brn|[from] ability: Flame Body|[of] p1a: Moltres
|faint|p1a: Moltres
|
|-damage|p2a: Dragonite|73/100 brn|[from] brn
|upkeep
|
|t:|1760450869
|switch|p1a: Iron Valiant|Iron Valiant|100/100
|turn|42
|
|t:|1760450872
|move|p2a: Dragonite|Dragon Dance|p2a: Dragonite
|-boost|p2a: Dragonite|atk|1
|-boost|p2a: Dragonite|spe|1
|move|p1a: Iron Valiant|Close Combat|p2a: Dragonite
|-supereffective|p2a: Dragonite
|-damage|p2a: Dragonite|0 fnt
|-unboost|p1a: Iron Valiant|def|1
|-unboost|p1a: Iron Valiant|spd|1
|faint|p2a: Dragonite
|
|upkeep
|
|t:|1760450882
|switch|p2a: Slowking|Slowking-Galar, F|100/100
|turn|43
|
|t:|1760450886
|-end|p1a: Iron Valiant|Quark Drive|[silent]
|switch|p1a: Gliscor|Gliscor, M|63/100 tox
|move|p2a: Slowking|Future Sight|p1a: Gliscor
|-start|p2a: Slowking|move: Future Sight
|
|-heal|p1a: Gliscor|76/100 tox|[from] ability: Poison Heal
|upkeep
|turn|44
|
|t:|1760450894
|move|p1a: Gliscor|Earthquake|p2a: Slowking
|-supereffective|p2a: Slowking
|-damage|p2a: Slowking|37/100
|move|p2a: Slowking|Sludge Bomb|p1a: Gliscor
|-resisted|p1a: Gliscor
|-damage|p1a: Gliscor|63/100 tox
|
|-heal|p1a: Gliscor|75/100 tox|[from] ability: Poison Heal
|upkeep
|turn|45
|
|t:|1760450905
|move|p1a: Gliscor|Earthquake|p2a: Slowking
|-supereffective|p2a: Slowking
|-damage|p2a: Slowking|0 fnt
|faint|p2a: Slowking
|
|win|ivon_neeeeeee
|raw|ivon_neeeeeee's rating: 1465 &rarr; <strong>1486</strong><br />(+21 for winning)
|raw|Gemini Defteros's rating: 1487 &rarr; <strong>1466</strong><br />(-21 for losing)
|l|☆Gemini Defteros
|player|p2|
|l|‽ivon_neeeeeee
|player|p1|
