|j|☆kurobots
|j|☆lyonsyonii
|t:|1760358912
|gametype|singles
|player|p1|kurobots|ghetsis-gen5bw|1544
|player|p2|lyonsyonii|swimmer-gen4dp|1522
|gen|9
|tier|[Gen 9] OU
|rated|
|rule|HP Percentage Mod: HP is shown in percentages
|rule|Endless Battle Clause: Forcing endless battles is banned
|rule|Species Clause: Limit one of each Pokémon
|rule|OHKO Clause: OHKO moves are banned
|rule|Evasion Items Clause: Evasion items are banned
|rule|Evasion Moves Clause: Evasion moves are banned
|rule|Evasion Abilities Clause: Evasion abilities are banned
|rule|Sleep Moves Clause: Sleep-inducing moves are banned
|clearpoke
|poke|p1|Skeledirge, F|
|poke|p1|Ogerpon-Wellspring, F|
|poke|p1|Dragapult, F|
|poke|p1|Weezing-Galar, M|
|poke|p1|Ting-Lu|
|poke|p1|Corviknight, M|
|poke|p2|Comfey, M|
|poke|p2|Deoxys-Speed|
|poke|p2|Salamence, F|
|poke|p2|Volcanion|
|poke|p2|Hitmonlee, M|
|poke|p2|Lokix, M|
|teampreview
|inactive|Battle timer is ON: inactive players will automatically lose when time's up. (requested by lyonsyonii)
|inactive|kurobots has 120 seconds left.
|
|t:|1760358944
|teamsize|p1|6
|teamsize|p2|6
|start
|switch|p1a: Dragapult|Dragapult, F|100/100
|switch|p2a: Deoxys-Speed - OU|Deoxys-Speed|100/100
|-ability|p2a: Deoxys-Speed - OU|Pressure
|turn|1
|
|t:|1760358956
|move|p2a: Deoxys-Speed - OU|Psycho Boost|p1a: Dragapult|[miss]
|-miss|p2a: Deoxys-Speed - OU|p1a: Dragapult
|move|p1a: Dragapult|Shadow Ball|p2a: Deoxys-Speed - OU
|-supereffective|p2a: Deoxys-Speed - OU
|-damage|p2a: Deoxys-Speed - OU|0 fnt
|faint|p2a: Deoxys-Speed - OU
|
|upkeep
|
|t:|1760358963
|switch|p2a: Lokix - UU|Lokix, M|100/100
|turn|2
|
|t:|1760358986
|switch|p1a: Weezing|Weezing-Galar, M|100/100
|-ability|p1a: Weezing|Neutralizing Gas
|move|p2a: Lokix - UU|Knock Off|p1a: Weezing
|-resisted|p1a: Weezing
|-damage|p1a: Weezing|72/100
|-enditem|p1a: Weezing|Heavy-Duty Boots|[from] move: Knock Off|[of] p2a: Lokix - UU
|
|upkeep
|turn|3
|
|t:|1760358992
|switch|p2a: Volcanion - RUBL|Volcanion|100/100
|move|p1a: Weezing|Sludge Bomb|p2a: Volcanion - RUBL
|-damage|p2a: Volcanion - RUBL|78/100
|-status|p2a: Volcanion - RUBL|psn
|
|-heal|p2a: Volcanion - RUBL|84/100 psn|[from] item: Leftovers
|-damage|p2a: Volcanion - RUBL|72/100 psn|[from] psn
|upkeep
|turn|4
|
|t:|1760359007
|-end|p1a: Weezing|ability: Neutralizing Gas
|switch|p1a: Ting-Lu|Ting-Lu, shiny|100/100
|-ability|p1a: Ting-Lu|Vessel of Ruin
|move|p2a: Volcanion - RUBL|Earth Power|p1a: Ting-Lu
|-damage|p1a: Ting-Lu|88/100
|-unboost|p1a: Ting-Lu|spd|1
|
|-heal|p2a: Volcanion - RUBL|78/100 psn|[from] item: Leftovers
|-heal|p1a: Ting-Lu|94/100|[from] item: Leftovers
|-damage|p2a: Volcanion - RUBL|66/100 psn|[from] psn
|upkeep
|turn|5
|
|t:|1760359012
|move|p2a: Volcanion - RUBL|Steam Eruption|p1a: Ting-Lu
|-supereffective|p1a: Ting-Lu
|-damage|p1a: Ting-Lu|27/100
|-status|p1a: Ting-Lu|brn
|move|p1a: Ting-Lu|Stealth Rock|p2a: Volcanion - RUBL
|-sidestart|p2: lyonsyonii|move: Stealth Rock
|
|-heal|p2a: Volcanion - RUBL|72/100 psn|[from] item: Leftovers
|-heal|p1a: Ting-Lu|33/100 brn|[from] item: Leftovers
|-damage|p2a: Volcanion - RUBL|59/100 psn|[from] psn
|-damage|p1a: Ting-Lu|27/100 brn|[from] brn
|upkeep
|turn|6
|c|☆lyonsyonii|What was this luck
|
|t:|1760359033
|switch|p1a: Ogerpon|Ogerpon-Wellspring, F|100/100
|move|p2a: Volcanion - RUBL|Flamethrower|p1a: Ogerpon
|-damage|p1a: Ogerpon|57/100
|
|-heal|p2a: Volcanion - RUBL|65/100 psn|[from] item: Leftovers
|-damage|p2a: Volcanion - RUBL|53/100 psn|[from] psn
|upkeep
|turn|7
|
|t:|1760359044
|switch|p2a: Salamence - RUBL|Salamence, F|100/100
|-damage|p2a: Salamence - RUBL|76/100|[from] Stealth Rock
|-ability|p2a: Salamence - RUBL|Intimidate|boost
|-unboost|p1a: Ogerpon|atk|1
|move|p1a: Ogerpon|Synthesis|p1a: Ogerpon
|-heal|p1a: Ogerpon|100/100
|
|-heal|p2a: Salamence - RUBL|82/100|[from] item: Leftovers
|upkeep
|turn|8
|
|t:|1760359051
|switch|p1a: Weezing|Weezing-Galar, M|72/100
|-ability|p1a: Weezing|Neutralizing Gas
|move|p2a: Salamence - RUBL|Dragon Dance|p2a: Salamence - RUBL
|-boost|p2a: Salamence - RUBL|atk|1
|-boost|p2a: Salamence - RUBL|spe|1
|
|-heal|p2a: Salamence - RUBL|88/100|[from] item: Leftovers
|upkeep
|turn|9
|
|t:|1760359056
|move|p2a: Salamence - RUBL|Dragon Dance|p2a: Salamence - RUBL
|-boost|p2a: Salamence - RUBL|atk|1
|-boost|p2a: Salamence - RUBL|spe|1
|move|p1a: Weezing|Will-O-Wisp|p2a: Salamence - RUBL
|-status|p2a: Salamence - RUBL|brn
|
|-heal|p2a: Salamence - RUBL|94/100 brn|[from] item: Leftovers
|-damage|p2a: Salamence - RUBL|88/100 brn|[from] brn
|upkeep
|turn|10
|
|t:|1760359060
|move|p2a: Salamence - RUBL|Dragon Dance|p2a: Salamence - RUBL
|-boost|p2a: Salamence - RUBL|atk|1
|-boost|p2a: Salamence - RUBL|spe|1
|move|p1a: Weezing|Sludge Bomb|p2a: Salamence - RUBL
|-damage|p2a: Salamence - RUBL|66/100 brn
|
|-heal|p2a: Salamence - RUBL|73/100 brn|[from] item: Leftovers
|-damage|p2a: Salamence - RUBL|66/100 brn|[from] brn
|upkeep
|turn|11
|
|t:|1760359067
|-end|p1a: Weezing|ability: Neutralizing Gas
|-ability|p2a: Salamence - RUBL|Intimidate|boost
|-unboost|p1a: Weezing|atk|1
|switch|p1a: Corviknight|Corviknight, M|100/100
|-ability|p1a: Corviknight|Pressure
|move|p2a: Salamence - RUBL|Dragon Dance|p2a: Salamence - RUBL
|-boost|p2a: Salamence - RUBL|atk|1
|-boost|p2a: Salamence - RUBL|spe|1
|
|-heal|p2a: Salamence - RUBL|73/100 brn|[from] item: Leftovers
|-damage|p2a: Salamence - RUBL|66/100 brn|[from] brn
|upkeep
|turn|12
|
|t:|1760359077
|move|p2a: Salamence - RUBL|Roost|p2a: Salamence - RUBL
|-heal|p2a: Salamence - RUBL|100/100 brn
|-singleturn|p2a: Salamence - RUBL|move: Roost
|move|p1a: Corviknight|Iron Defense|p1a: Corviknight
|-boost|p1a: Corviknight|def|2
|
|-damage|p2a: Salamence - RUBL|94/100 brn|[from] brn
|upkeep
|turn|13
|
|t:|1760359085
|switch|p2a: Hitmonlee - PU|Hitmonlee, M|100/100
|-damage|p2a: Hitmonlee - PU|94/100|[from] Stealth Rock
|move|p1a: Corviknight|Body Press|p2a: Hitmonlee - PU
|-damage|p2a: Hitmonlee - PU|0 fnt
|faint|p2a: Hitmonlee - PU
|
|upkeep
|
|t:|1760359092
|switch|p2a: Volcanion - RUBL|Volcanion|53/100 psn
|-damage|p2a: Volcanion - RUBL|28/100 psn|[from] Stealth Rock
|turn|14
|
|t:|1760359096
|switch|p1a: Ogerpon|Ogerpon-Wellspring, F|100/100
|move|p2a: Volcanion - RUBL|Flamethrower|p1a: Ogerpon
|-damage|p1a: Ogerpon|61/100
|
|-heal|p2a: Volcanion - RUBL|34/100 psn|[from] item: Leftovers
|-damage|p2a: Volcanion - RUBL|22/100 psn|[from] psn
|upkeep
|turn|15
|
|t:|1760359100
|move|p1a: Ogerpon|Knock Off|p2a: Volcanion - RUBL
|-damage|p2a: Volcanion - RUBL|0 fnt
|-enditem|p2a: Volcanion - RUBL|Leftovers|[from] move: Knock Off|[of] p1a: Ogerpon
|faint|p2a: Volcanion - RUBL
|
|upkeep
|
|t:|1760359109
|switch|p2a: Lokix - UU|Lokix, M|100/100
|-damage|p2a: Lokix - UU|76/100|[from] Stealth Rock
|turn|16
|
|t:|1760359116
|switch|p1a: Ting-Lu|Ting-Lu, shiny|27/100 brn
|-ability|p1a: Ting-Lu|Vessel of Ruin
|move|p2a: Lokix - UU|Knock Off|p1a: Ting-Lu
|-resisted|p1a: Ting-Lu
|-damage|p1a: Ting-Lu|0 fnt
|-enditem|p1a: Ting-Lu|Leftovers|[from] move: Knock Off|[of] p2a: Lokix - UU
|faint|p1a: Ting-Lu
|
|upkeep
|
|t:|1760359126
|switch|p1a: Weezing|Weezing-Galar, M|72/100
|-ability|p1a: Weezing|Neutralizing Gas
|turn|17
|
|t:|1760359130
|switch|p2a: Salamence - RUBL|Salamence, F|94/100 brn
|-damage|p2a: Salamence - RUBL|69/100 brn|[from] Stealth Rock
|move|p1a: Weezing|Sludge Bomb|p2a: Salamence - RUBL
|-damage|p2a: Salamence - RUBL|48/100 brn
|
|-heal|p2a: Salamence - RUBL|54/100 brn|[from] item: Leftovers
|-damage|p2a: Salamence - RUBL|48/100 brn|[from] brn
|upkeep
|turn|18
|
|t:|1760359136
|move|p2a: Salamence - RUBL|Dual Wingbeat|p1a: Weezing
|-damage|p1a: Weezing|64/100
|-damage|p1a: Weezing|57/100
|-hitcount|p1a: Weezing|2
|move|p1a: Weezing|Sludge Bomb|p2a: Salamence - RUBL
|-damage|p2a: Salamence - RUBL|27/100 brn
|
|-heal|p2a: Salamence - RUBL|33/100 brn|[from] item: Leftovers
|-damage|p2a: Salamence - RUBL|27/100 brn|[from] brn
|upkeep
|turn|19
|
|t:|1760359142
|move|p2a: Salamence - RUBL|Dual Wingbeat|p1a: Weezing
|-damage|p1a: Weezing|50/100
|-damage|p1a: Weezing|43/100
|-hitcount|p1a: Weezing|2
|move|p1a: Weezing|Sludge Bomb|p2a: Salamence - RUBL
|-damage|p2a: Salamence - RUBL|4/100 brn
|
|-heal|p2a: Salamence - RUBL|10/100 brn|[from] item: Leftovers
|-damage|p2a: Salamence - RUBL|4/100 brn|[from] brn
|upkeep
|turn|20
|
|t:|1760359148
|move|p2a: Salamence - RUBL|Earthquake|p1a: Weezing
|-supereffective|p1a: Weezing
|-damage|p1a: Weezing|21/100
|move|p1a: Weezing|Sludge Bomb|p2a: Salamence - RUBL
|-damage|p2a: Salamence - RUBL|0 fnt
|faint|p2a: Salamence - RUBL
|
|upkeep
|
|t:|1760359154
|switch|p2a: Comfey - RUBL|Comfey, M|100/100
|-damage|p2a: Comfey - RUBL|88/100|[from] Stealth Rock
|turn|21
|
|t:|1760359159
|move|p2a: Comfey - RUBL|Substitute|p2a: Comfey - RUBL
|-start|p2a: Comfey - RUBL|Substitute
|-damage|p2a: Comfey - RUBL|63/100
|move|p1a: Weezing|Sludge Bomb|p2a: Comfey - RUBL
|-supereffective|p2a: Comfey - RUBL
|-end|p2a: Comfey - RUBL|Substitute
|
|upkeep
|turn|22
|
|t:|1760359186
|-end|p1a: Weezing|ability: Neutralizing Gas
|switch|p1a: Skeledirge|Skeledirge, F|100/100
|-terastallize|p2a: Comfey - RUBL|Fairy
|move|p2a: Comfey - RUBL|Draining Kiss|p1a: Skeledirge
|-resisted|p1a: Skeledirge
|-damage|p1a: Skeledirge|85/100
|-heal|p2a: Comfey - RUBL|79/100|[from] drain|[of] p1a: Skeledirge
|-damage|p2a: Comfey - RUBL|69/100|[from] item: Life Orb
|
|upkeep
|turn|23
|
|t:|1760359196
|move|p2a: Comfey - RUBL|Substitute|p2a: Comfey - RUBL
|-start|p2a: Comfey - RUBL|Substitute
|-damage|p2a: Comfey - RUBL|44/100
|move|p1a: Skeledirge|Torch Song|p2a: Comfey - RUBL
|-damage|p2a: Comfey - RUBL|14/100
|-boost|p1a: Skeledirge|spa|1
|
|upkeep
|turn|24
|
|t:|1760359206
|move|p2a: Comfey - RUBL|Draining Kiss|p1a: Skeledirge
|-resisted|p1a: Skeledirge
|-damage|p1a: Skeledirge|69/100
|-heal|p2a: Comfey - RUBL|31/100|[from] drain|[of] p1a: Skeledirge
|-damage|p2a: Comfey - RUBL|21/100|[from] item: Life Orb
|move|p1a: Skeledirge|Torch Song|p2a: Comfey - RUBL
|-damage|p2a: Comfey - RUBL|0 fnt
|-boost|p1a: Skeledirge|spa|1
|faint|p2a: Comfey - RUBL
|
|upkeep
|
|t:|1760359210
|switch|p2a: Lokix - UU|Lokix, M|76/100
|-damage|p2a: Lokix - UU|51/100|[from] Stealth Rock
|turn|25
|
|t:|1760359220
|switch|p1a: Corviknight|Corviknight, M|100/100
|-ability|p1a: Corviknight|Pressure
|move|p2a: Lokix - UU|Knock Off|p1a: Corviknight
|-damage|p1a: Corviknight|59/100
|-damage|p2a: Lokix - UU|34/100|[from] item: Rocky Helmet|[of] p1a: Corviknight
|-enditem|p1a: Corviknight|Rocky Helmet|[from] move: Knock Off|[of] p2a: Lokix - UU
|
|upkeep
|turn|26
|-message|lyonsyonii forfeited.
|
|win|kurobots
|raw|kurobots's rating: 1544 &rarr; <strong>1563</strong><br />(+19 for winning)
|raw|lyonsyonii's rating: 1522 &rarr; <strong>1503</strong><br />(-19 for losing)
|l|☆lyonsyonii
|player|p2|
|c|☆kurobots|gg
|l|☆kurobots
|player|p1|
