|j|☆Randomssp
|j|☆oceanadukey
|inactive|Battle timer is ON: inactive players will automatically lose when time's up.
|t:|1760347889
|gametype|singles
|player|p1|Randomssp|ghetsis-gen5bw|
|player|p2|oceanadukey|cynthia-gen4|
|gen|9
|tier|[Gen 9] OU
|rated|Tournament battle
|rule|HP Percentage Mod: HP is shown in percentages
|rule|Endless Battle Clause: Forcing endless battles is banned
|rule|Species Clause: Limit one of each Pokémon
|rule|OHKO Clause: OHKO moves are banned
|rule|Evasion Items Clause: Evasion items are banned
|rule|Evasion Moves Clause: Evasion moves are banned
|rule|Evasion Abilities Clause: Evasion abilities are banned
|rule|Sleep Moves Clause: Sleep-inducing moves are banned
|raw|<div class="infobox"><details class="readmore"><summary><strong>15 custom rules:</strong></summary> -burmy, -caterpie, -combee, -kricketot, -magikarp, -scatterbug, -sunkern, -tynamo, -typenull, -weedle, -wurmple, -cosmog, -blipbug, -snom, -wynaut</details></div>
|clearpoke
|poke|p1|Bisharp, M|
|poke|p1|Stantler, M|
|poke|p1|Milotic, F|
|poke|p2|Lucario, M|
|poke|p2|Avalugg, F|
|poke|p2|Slowking-Galar, M|
|teampreview
|j|*Lady Monita ☀
|inactive|Randomssp has 120 seconds left.
|
|t:|1760347933
|teamsize|p1|3
|teamsize|p2|3
|start
|switch|p1a: Milotic|Milotic, F|100/100
|switch|p2a: Slowking|Slowking-Galar, M|100/100
|turn|1
|
|t:|1760347940
|move|p1a: Milotic|Scald|p2a: Slowking
|-damage|p2a: Slowking|78/100
|-prepare|p2a: Slowking|Chilly Reception|[premajor]
|move|p2a: Slowking|Chilly Reception|p2a: Slowking
|-weather|Snowscape
|j| larssie262
|
|t:|1760347947
|switch|p2a: Avalugg|Avalugg, F|100/100|[from] Chilly Reception
|
|-weather|Snowscape|[upkeep]
|-status|p1a: Milotic|brn|[from] item: Flame Orb
|upkeep
|turn|2
|
|t:|1760347955
|move|p1a: Milotic|Scald|p2a: Avalugg
|-damage|p2a: Avalugg|46/100
|move|p2a: Avalugg|Aurora Veil|p2a: Avalugg
|-sidestart|p2: oceanadukey|move: Aurora Veil
|
|-weather|Snowscape|[upkeep]
|-damage|p1a: Milotic|94/100 brn|[from] brn
|upkeep
|turn|3
|
|t:|1760347964
|move|p1a: Milotic|Scald|p2a: Avalugg
|-damage|p2a: Avalugg|18/100
|-status|p2a: Avalugg|brn
|move|p2a: Avalugg|Body Press|p1a: Milotic
|-damage|p1a: Milotic|86/100 brn
|
|-weather|Snowscape|[upkeep]
|-damage|p1a: Milotic|80/100 brn|[from] brn
|-damage|p2a: Avalugg|12/100 brn|[from] brn
|upkeep
|turn|4
|
|t:|1760347975
|move|p1a: Milotic|Coil|p1a: Milotic
|-boost|p1a: Milotic|atk|1
|-boost|p1a: Milotic|def|1
|-boost|p1a: Milotic|accuracy|1
|move|p2a: Avalugg|Body Press|p1a: Milotic
|-damage|p1a: Milotic|75/100 brn
|
|-weather|Snowscape|[upkeep]
|-damage|p1a: Milotic|69/100 brn|[from] brn
|-damage|p2a: Avalugg|6/100 brn|[from] brn
|upkeep
|turn|5
|
|t:|1760347989
|move|p1a: Milotic|Scald|p2a: Avalugg
|-damage|p2a: Avalugg|0 fnt
|faint|p2a: Avalugg
|
|-weather|Snowscape|[upkeep]
|-damage|p1a: Milotic|62/100 brn|[from] brn
|upkeep
|
|t:|1760347997
|switch|p2a: Lucario|Lucario, M|100/100
|turn|6
|
|t:|1760348022
|-terastallize|p2a: Lucario|Fighting
|move|p2a: Lucario|Close Combat|p1a: Milotic
|-damage|p1a: Milotic|29/100 brn
|-unboost|p2a: Lucario|def|1
|-unboost|p2a: Lucario|spd|1
|-damage|p2a: Lucario|91/100|[from] item: Life Orb
|move|p1a: Milotic|Scald|p2a: Lucario
|-damage|p2a: Lucario|58/100
|
|-weather|Snowscape|[upkeep]
|-damage|p1a: Milotic|23/100 brn|[from] brn
|upkeep
|turn|7
|
|t:|1760348036
|move|p2a: Lucario|Close Combat|p1a: Milotic
|-damage|p1a: Milotic|0 fnt
|-unboost|p2a: Lucario|def|1
|-unboost|p2a: Lucario|spd|1
|faint|p1a: Milotic
|-damage|p2a: Lucario|48/100|[from] item: Life Orb
|
|-weather|Snowscape|[upkeep]
|upkeep
|
|t:|1760348048
|switch|p1a: Stantler|Stantler, M|100/100
|-ability|p1a: Stantler|Intimidate|boost
|-fail|p2a: Lucario|unboost|Attack|[from] ability: Inner Focus|[of] p2a: Lucario
|turn|8
|
|t:|1760348054
|move|p1a: Stantler|Psyshield Bash|p2a: Lucario
|-supereffective|p2a: Lucario
|-damage|p2a: Lucario|0 fnt
|-boost|p1a: Stantler|def|1
|faint|p2a: Lucario
|
|-weather|none
|upkeep
|
|t:|1760348061
|switch|p2a: Slowking|Slowking-Galar, M|100/100
|turn|9
|
|t:|1760348068
|move|p1a: Stantler|Psyshield Bash|p2a: Slowking
|-damage|p2a: Slowking|88/100
|-boost|p1a: Stantler|def|1
|move|p2a: Slowking|Calm Mind|p2a: Slowking
|-boost|p2a: Slowking|spa|1
|-boost|p2a: Slowking|spd|1
|
|-sideend|p2: oceanadukey|move: Aurora Veil
|upkeep
|turn|10
|
|t:|1760348077
|move|p1a: Stantler|Psyshield Bash|p2a: Slowking
|-damage|p2a: Slowking|64/100
|-boost|p1a: Stantler|def|1
|-prepare|p2a: Slowking|Chilly Reception|[premajor]
|move|p2a: Slowking|Chilly Reception|p2a: Slowking
|-weather|Snowscape
|
|-weather|Snowscape|[upkeep]
|upkeep
|turn|11
|
|t:|1760348086
|move|p1a: Stantler|Psyshield Bash|p2a: Slowking
|-damage|p2a: Slowking|41/100
|-boost|p1a: Stantler|def|1
|move|p2a: Slowking|Blizzard|p1a: Stantler
|-damage|p1a: Stantler|39/100
|
|-weather|Snowscape|[upkeep]
|upkeep
|turn|12
|
|t:|1760348095
|move|p1a: Stantler|Body Slam|p2a: Slowking
|-damage|p2a: Slowking|0 fnt
|faint|p2a: Slowking
|
|win|Randomssp
|n|☆Randomssp|randomssp
|n|☆oceanadukey|oceanadukey
|n|*Lady Monita ☀|ladymonita
|n| larssie262|larssie262
