|j|☆Capitaine Tenace
|j|☆CyborgParrot127
|t:|1760354099
|gametype|singles
|player|p1|Capitaine Tenace|102|1633
|player|p2|CyborgParrot127|101|1645
|gen|9
|tier|[Gen 9] OU
|rated|
|rule|HP Percentage Mod: HP is shown in percentages
|rule|Endless Battle Clause: Forcing endless battles is banned
|rule|Species Clause: Limit one of each Pokémon
|rule|OHKO Clause: OHKO moves are banned
|rule|Evasion Items Clause: Evasion items are banned
|rule|Evasion Moves Clause: Evasion moves are banned
|rule|Evasion Abilities Clause: Evasion abilities are banned
|rule|Sleep Moves Clause: Sleep-inducing moves are banned
|clearpoke
|poke|p1|Darkrai|
|poke|p1|Slowking-Galar, M|
|poke|p1|Kingambit, F|
|poke|p1|Great Tusk|
|poke|p1|Dragapult, F|
|poke|p1|Gholdengo|
|poke|p2|Weavile, M|
|poke|p2|Raging Bolt|
|poke|p2|Landorus-Therian, M|
|poke|p2|Great Tusk|
|poke|p2|Pecharunt|
|poke|p2|Moltres|
|teampreview
|inactive|Battle timer is ON: inactive players will automatically lose when time's up. (requested by Capitaine Tenace)
|
|t:|1760354109
|teamsize|p1|6
|teamsize|p2|6
|start
|switch|p1a: Darkrai|Darkrai|100/100
|switch|p2a: Landorus|Landorus-Therian, M|100/100
|-ability|p2a: Landorus|Intimidate|boost
|-unboost|p1a: Darkrai|atk|1
|turn|1
|
|t:|1760354115
|switch|p2a: Moltres|Moltres|100/100
|move|p1a: Darkrai|Ice Beam|p2a: Moltres
|-damage|p2a: Moltres|76/100
|
|upkeep
|turn|2
|
|t:|1760354123
|switch|p1a: Slowking|Slowking-Galar, M|100/100
|move|p2a: Moltres|U-turn|p1a: Slowking
|-damage|p1a: Slowking|85/100
|
|t:|1760354127
|switch|p2a: Great Tusk|Great Tusk|100/100|[from] U-turn
|
|upkeep
|turn|3
|inactive|Capitaine Tenace has 120 seconds left.
|
|t:|1760354168
|switch|p1a: Great Tusk|Great Tusk|100/100
|move|p2a: Great Tusk|Stealth Rock|p1a: Great Tusk
|-sidestart|p1: Capitaine Tenace|move: Stealth Rock
|
|upkeep
|turn|4
|
|t:|1760354174
|move|p2a: Great Tusk|Ice Spinner|p1a: Great Tusk
|-supereffective|p1a: Great Tusk
|-crit|p1a: Great Tusk
|-damage|p1a: Great Tusk|58/100
|move|p1a: Great Tusk|Stealth Rock|p2a: Great Tusk
|-sidestart|p2: CyborgParrot127|move: Stealth Rock
|
|-heal|p1a: Great Tusk|64/100|[from] item: Leftovers
|upkeep
|turn|5
|inactive|Capitaine Tenace has 120 seconds left.
|
|t:|1760354182
|move|p2a: Great Tusk|Ice Spinner|p1a: Great Tusk
|-supereffective|p1a: Great Tusk
|-damage|p1a: Great Tusk|39/100
|move|p1a: Great Tusk|Earthquake|p2a: Great Tusk
|-damage|p2a: Great Tusk|68/100
|
|-heal|p1a: Great Tusk|45/100|[from] item: Leftovers
|upkeep
|turn|6
|
|t:|1760354189
|-end|p2a: Great Tusk|Protosynthesis|[silent]
|switch|p2a: Moltres|Moltres|76/100
|move|p1a: Great Tusk|Earthquake|p2a: Moltres
|-immune|p2a: Moltres
|
|-heal|p1a: Great Tusk|51/100|[from] item: Leftovers
|upkeep
|turn|7
|
|t:|1760354196
|move|p2a: Moltres|Flamethrower|p1a: Great Tusk
|-damage|p1a: Great Tusk|5/100
|move|p1a: Great Tusk|Rapid Spin|p2a: Moltres
|-damage|p2a: Moltres|63/100
|-boost|p1a: Great Tusk|spe|1
|-status|p1a: Great Tusk|brn|[from] ability: Flame Body|[of] p2a: Moltres
|-sideend|p1: Capitaine Tenace|Stealth Rock|[from] move: Rapid Spin|[of] p1a: Great Tusk
|
|-heal|p1a: Great Tusk|11/100 brn|[from] item: Leftovers
|-damage|p1a: Great Tusk|5/100 brn|[from] brn
|upkeep
|turn|8
|c|☆Capitaine Tenace|calm dowbn
|c|☆Capitaine Tenace|ok
|
|t:|1760354215
|switch|p2a: Great Tusk|Great Tusk|68/100
|move|p1a: Great Tusk|Rapid Spin|p2a: Great Tusk
|-damage|p2a: Great Tusk|63/100
|-boost|p1a: Great Tusk|spe|1
|
|-heal|p1a: Great Tusk|11/100 brn|[from] item: Leftovers
|-damage|p1a: Great Tusk|5/100 brn|[from] brn
|upkeep
|turn|9
|
|t:|1760354226
|-end|p1a: Great Tusk|Protosynthesis|[silent]
|switch|p1a: Gholdengo|Gholdengo|100/100
|move|p2a: Great Tusk|Ice Spinner|p1a: Gholdengo
|-resisted|p1a: Gholdengo
|-damage|p1a: Gholdengo|84/100
|
|upkeep
|turn|10
|
|t:|1760354233
|-end|p2a: Great Tusk|Protosynthesis|[silent]
|switch|p2a: Moltres|Moltres|63/100
|move|p1a: Gholdengo|Make It Rain|p2a: Moltres
|-resisted|p2a: Moltres
|-damage|p2a: Moltres|38/100
|-unboost|p1a: Gholdengo|spa|1
|
|upkeep
|turn|11
|
|t:|1760354241
|switch|p1a: Dragapult|Dragapult, F|100/100
|move|p2a: Moltres|Roost|p2a: Moltres
|-heal|p2a: Moltres|88/100
|-singleturn|p2a: Moltres|move: Roost
|
|upkeep
|turn|12
|
|t:|1760354247
|move|p1a: Dragapult|Shadow Ball|p2a: Moltres
|-damage|p2a: Moltres|50/100
|-unboost|p2a: Moltres|spd|1
|move|p2a: Moltres|U-turn|p1a: Dragapult
|-resisted|p1a: Dragapult
|-crit|p1a: Dragapult
|-damage|p1a: Dragapult|84/100
|
|t:|1760354277
|switch|p2a: Weavile|Weavile, M|100/100|[from] U-turn
|-ability|p2a: Weavile|Pressure
|
|upkeep
|turn|13
|inactive|Capitaine Tenace has 120 seconds left.
|
|t:|1760354320
|switch|p1a: Great Tusk|Great Tusk|5/100 brn
|move|p2a: Weavile|Knock Off|p1a: Great Tusk
|-resisted|p1a: Great Tusk
|-damage|p1a: Great Tusk|0 fnt
|-enditem|p1a: Great Tusk|Leftovers|[from] move: Knock Off|[of] p2a: Weavile
|faint|p1a: Great Tusk
|-end|p1a: Great Tusk|Protosynthesis|[silent]
|
|upkeep
|
|t:|1760354332
|switch|p1a: Dragapult|Dragapult, F|84/100
|turn|14
|inactive|CyborgParrot127 has 120 seconds left.
|
|t:|1760354358
|switch|p2a: Pecharunt|Pecharunt|100/100
|move|p1a: Dragapult|Draco Meteor|p2a: Pecharunt
|-damage|p2a: Pecharunt|18/100
|-unboost|p1a: Dragapult|spa|2
|
|upkeep
|turn|15
|inactive|Capitaine Tenace has 120 seconds left.
|
|t:|1760354367
|move|p1a: Dragapult|Draco Meteor|p2a: Pecharunt
|-damage|p2a: Pecharunt|0 fnt
|-unboost|p1a: Dragapult|spa|2
|faint|p2a: Pecharunt
|
|upkeep
|inactive|CyborgParrot127 has 120 seconds left.
|inactive|CyborgParrot127 has 90 seconds left.
|
|t:|1760354412
|switch|p2a: Raging Bolt|Raging Bolt|100/100
|-damage|p2a: Raging Bolt|88/100|[from] Stealth Rock
|turn|16
|
|t:|1760354417
|switch|p1a: Slowking|Slowking-Galar, M|100/100
|-terastallize|p2a: Raging Bolt|Fairy
|move|p2a: Raging Bolt|Volt Switch|p1a: Slowking
|-damage|p1a: Slowking|66/100
|
|t:|1760354426
|-end|p2a: Raging Bolt|Protosynthesis|[silent]
|switch|p2a: Great Tusk|Great Tusk|63/100|[from] Volt Switch
|
|upkeep
|turn|17
|
|t:|1760354431
|switch|p1a: Dragapult|Dragapult, F|84/100
|move|p2a: Great Tusk|Headlong Rush|p1a: Dragapult
|-damage|p1a: Dragapult|0 fnt
|-unboost|p2a: Great Tusk|def|1
|-unboost|p2a: Great Tusk|spd|1
|faint|p1a: Dragapult
|
|upkeep
|c|☆Capitaine Tenace|calm down
|
|t:|1760354451
|switch|p1a: Gholdengo|Gholdengo|84/100
|turn|18
|c|☆CyborgParrot127|??
|c|☆Capitaine Tenace|u calm down
|c|☆Capitaine Tenace|tu te caklmes
|c|☆Capitaine Tenace|calmes
|
|t:|1760354467
|move|p1a: Gholdengo|Shadow Ball|p2a: Great Tusk
|-damage|p2a: Great Tusk|0 fnt
|faint|p2a: Great Tusk
|-end|p2a: Great Tusk|Protosynthesis|[silent]
|
|upkeep
|
|t:|1760354473
|switch|p2a: Weavile|Weavile, M|100/100
|-ability|p2a: Weavile|Pressure
|turn|19
|
|t:|1760354508
|move|p1a: Gholdengo|Shadow Ball|p2a: Weavile
|-resisted|p2a: Weavile
|-damage|p2a: Weavile|71/100
|move|p2a: Weavile|Knock Off|p1a: Gholdengo
|-supereffective|p1a: Gholdengo
|-damage|p1a: Gholdengo|0 fnt
|-enditem|p1a: Gholdengo|Choice Scarf|[from] move: Knock Off|[of] p2a: Weavile
|faint|p1a: Gholdengo
|
|upkeep
|inactive|Capitaine Tenace has 120 seconds left.
|
|t:|1760354525
|switch|p1a: Darkrai|Darkrai|100/100
|turn|20
|inactive|Capitaine Tenace has 120 seconds left.
|
|t:|1760354535
|switch|p2a: Landorus|Landorus-Therian, M|100/100
|-damage|p2a: Landorus|88/100|[from] Stealth Rock
|-ability|p2a: Landorus|Intimidate|boost
|-unboost|p1a: Darkrai|atk|1
|move|p1a: Darkrai|Trick|p2a: Landorus
|-activate|p1a: Darkrai|move: Trick|[of] p2a: Landorus
|-item|p2a: Landorus|Choice Scarf|[from] move: Trick
|-item|p1a: Darkrai|Choice Scarf|[from] move: Trick
|
|upkeep
|turn|21
|inactive|Capitaine Tenace has 120 seconds left.
|
|t:|1760354549
|switch|p2a: Weavile|Weavile, M|71/100
|-ability|p2a: Weavile|Pressure
|move|p1a: Darkrai|Ice Beam|p2a: Weavile
|-resisted|p2a: Weavile
|-damage|p2a: Weavile|48/100
|
|upkeep
|turn|22
|
|t:|1760354558
|move|p1a: Darkrai|Ice Beam|p2a: Weavile
|-resisted|p2a: Weavile
|-damage|p2a: Weavile|26/100
|move|p2a: Weavile|Triple Axel|p1a: Darkrai
|-damage|p1a: Darkrai|86/100
|-damage|p1a: Darkrai|62/100
|-damage|p1a: Darkrai|21/100
|-hitcount|p1a: Darkrai|3
|
|upkeep
|turn|23
|
|t:|1760354568
|move|p2a: Weavile|Ice Shard|p1a: Darkrai
|-damage|p1a: Darkrai|0 fnt
|faint|p1a: Darkrai
|
|upkeep
|
|t:|1760354573
|switch|p1a: Kingambit|Kingambit, F|100/100
|-activate|p1a: Kingambit|ability: Supreme Overlord
|-start|p1a: Kingambit|fallen4|[silent]
|turn|24
|inactive|CyborgParrot127 has 120 seconds left.
|
|t:|1760354580
|switch|p2a: Moltres|Moltres|50/100
|move|p1a: Kingambit|Sucker Punch||[still]
|-fail|p1a: Kingambit
|
|upkeep
|turn|25
|
|t:|1760354586
|-end|p1a: Kingambit|fallen4|[silent]
|switch|p1a: Slowking|Slowking-Galar, M|99/100
|move|p2a: Moltres|Roost|p2a: Moltres
|-heal|p2a: Moltres|99/100
|-singleturn|p2a: Moltres|move: Roost
|
|upkeep
|turn|26
|
|t:|1760354595
|move|p2a: Moltres|U-turn|p1a: Slowking
|-damage|p1a: Slowking|83/100
|
|t:|1760354597
|switch|p2a: Weavile|Weavile, M|26/100|[from] U-turn
|-ability|p2a: Weavile|Pressure
|move|p1a: Slowking|Ice Beam|p2a: Weavile
|-resisted|p2a: Weavile
|-damage|p2a: Weavile|11/100
|
|upkeep
|turn|27
|
|t:|1760354605
|move|p2a: Weavile|Knock Off|p1a: Slowking
|-supereffective|p1a: Slowking
|-damage|p1a: Slowking|0 fnt
|-enditem|p1a: Slowking|Heavy-Duty Boots|[from] move: Knock Off|[of] p2a: Weavile
|faint|p1a: Slowking
|
|upkeep
|
|t:|1760354610
|switch|p1a: Kingambit|Kingambit, F|100/100
|-activate|p1a: Kingambit|ability: Supreme Overlord
|-start|p1a: Kingambit|fallen5|[silent]
|turn|28
|
|t:|1760354613
|switch|p2a: Moltres|Moltres|99/100
|move|p1a: Kingambit|Swords Dance|p1a: Kingambit
|-boost|p1a: Kingambit|atk|2
|
|upkeep
|turn|29
|
|t:|1760354620
|move|p2a: Moltres|Flamethrower|p1a: Kingambit
|-supereffective|p1a: Kingambit
|-damage|p1a: Kingambit|26/100
|-status|p1a: Kingambit|brn
|-enditem|p1a: Kingambit|Lum Berry|[eat]
|-curestatus|p1a: Kingambit|brn|[msg]
|move|p1a: Kingambit|Swords Dance|p1a: Kingambit
|-boost|p1a: Kingambit|atk|2
|
|upkeep
|turn|30
|c|☆Capitaine Tenace|tas 0 balls
|
|t:|1760354631
|move|p1a: Kingambit|Sucker Punch|p2a: Moltres
|-damage|p2a: Moltres|0 fnt
|faint|p2a: Moltres
|
|upkeep
|
|t:|1760354635
|switch|p2a: Landorus|Landorus-Therian, M|88/100
|-damage|p2a: Landorus|76/100|[from] Stealth Rock
|-ability|p2a: Landorus|Intimidate|boost
|-unboost|p1a: Kingambit|atk|1
|turn|31
|
|t:|1760354640
|-terastallize|p1a: Kingambit|Flying
|move|p2a: Landorus|U-turn|p1a: Kingambit
|-resisted|p1a: Kingambit
|-crit|p1a: Kingambit
|-damage|p1a: Kingambit|13/100
|
|t:|1760354645
|switch|p2a: Weavile|Weavile, M|11/100|[from] U-turn
|-ability|p2a: Weavile|Pressure
|move|p1a: Kingambit|Swords Dance|p1a: Kingambit
|-boost|p1a: Kingambit|atk|2
|
|upkeep
|turn|32
|c|☆Capitaine Tenace|rien dans lfrok
|c|☆CyborgParrot127|gggg
|c|☆Capitaine Tenace|hawk tuah
|c|☆CyborgParrot127|g gizzle
|c|☆CyborgParrot127|shake ma hand
|inactive|Capitaine Tenace has 120 seconds left.
|inactive|Capitaine Tenace has 90 seconds left.
|inactive|Capitaine Tenace has 60 seconds left.
|c|☆Capitaine Tenace|je shake le boule de ta reum`
|inactive|Capitaine Tenace has 30 seconds left.
|inactive|Capitaine Tenace has 20 seconds left.
|inactive|Capitaine Tenace has 15 seconds left.
|inactive|Capitaine Tenace has 10 seconds left.
|inactive|Capitaine Tenace has 5 seconds left.
|-message|Capitaine Tenace lost due to inactivity.
|
|win|CyborgParrot127
|raw|Capitaine Tenace's rating: 1633 &rarr; <strong>1614</strong><br />(-19 for losing)
|raw|CyborgParrot127's rating: 1645 &rarr; <strong>1664</strong><br />(+19 for winning)
|l|☆Capitaine Tenace
|player|p1|
