|j|☆oker1
|j|☆BobUndJoop
|t:|1760429262
|gametype|singles
|player|p1|oker1|bugcatcher-gen4dp|1085
|player|p2|BobUndJoop|backersf|1099
|gen|9
|tier|[Gen 9] OU
|rated|
|rule|HP Percentage Mod: HP is shown in percentages
|rule|Endless Battle Clause: Forcing endless battles is banned
|rule|Species Clause: Limit one of each Pokémon
|rule|OHKO Clause: OHKO moves are banned
|rule|Evasion Items Clause: Evasion items are banned
|rule|Evasion Moves Clause: Evasion moves are banned
|rule|Evasion Abilities Clause: Evasion abilities are banned
|rule|Sleep Moves Clause: Sleep-inducing moves are banned
|clearpoke
|poke|p1|Lokix, F|
|poke|p1|Yanmega, F|
|poke|p1|Araquanid, F|
|poke|p1|Forretress, M|
|poke|p1|Frosmoth, F|
|poke|p1|Ribombee, F|
|poke|p2|Great Tusk|
|poke|p2|Dragapult, M|
|poke|p2|Kingambit, M|
|poke|p2|Ogerpon-Wellspring, F|
|poke|p2|Gliscor, M|
|poke|p2|Primarina, M|
|teampreview
|
|t:|1760429268
|teamsize|p1|6
|teamsize|p2|6
|start
|switch|p1a: Ribombee|Ribombee, F|100/100
|switch|p2a: The Champ|Gliscor, M, shiny|100/100
|turn|1
|
|t:|1760429275
|move|p1a: Ribombee|Quiver Dance|p1a: Ribombee
|-boost|p1a: Ribombee|spa|1
|-boost|p1a: Ribombee|spd|1
|-boost|p1a: Ribombee|spe|1
|move|p2a: The Champ|Toxic|p1a: Ribombee
|-status|p1a: Ribombee|tox
|
|-damage|p1a: Ribombee|94/100 tox|[from] psn
|-status|p2a: The Champ|tox|[from] item: Toxic Orb
|upkeep
|turn|2
|
|t:|1760429285
|move|p2a: The Champ|Protect|p2a: The Champ
|-singleturn|p2a: The Champ|Protect
|move|p1a: Ribombee|Moonblast|p2a: The Champ
|-activate|p2a: The Champ|move: Protect
|
|-damage|p1a: Ribombee|82/100 tox|[from] psn
|upkeep
|turn|3
|
|t:|1760429324
|move|p1a: Ribombee|Moonblast|p2a: The Champ
|-damage|p2a: The Champ|23/100 tox
|move|p2a: The Champ|Spikes|p1a: Ribombee
|-sidestart|p1: oker1|Spikes
|
|-damage|p1a: Ribombee|64/100 tox|[from] psn
|-heal|p2a: The Champ|35/100 tox|[from] ability: Poison Heal
|upkeep
|turn|4
|
|t:|1760429337
|move|p2a: The Champ|Protect|p2a: The Champ
|-singleturn|p2a: The Champ|Protect
|move|p1a: Ribombee|Quiver Dance|p1a: Ribombee
|-boost|p1a: Ribombee|spa|1
|-boost|p1a: Ribombee|spd|1
|-boost|p1a: Ribombee|spe|1
|
|-damage|p1a: Ribombee|39/100 tox|[from] psn
|-heal|p2a: The Champ|48/100 tox|[from] ability: Poison Heal
|upkeep
|turn|5
|
|t:|1760429353
|-terastallize|p2a: The Champ|Steel
|move|p1a: Ribombee|Moonblast|p2a: The Champ
|-resisted|p2a: The Champ
|-damage|p2a: The Champ|0 fnt
|faint|p2a: The Champ
|
|-damage|p1a: Ribombee|9/100 tox|[from] psn
|upkeep
|
|t:|1760429377
|switch|p2a: M DOT R|Dragapult, M, shiny|100/100
|turn|6
|
|t:|1760429407
|move|p1a: Ribombee|Moonblast|p2a: M DOT R
|-supereffective|p2a: M DOT R
|-damage|p2a: M DOT R|0 fnt
|faint|p2a: M DOT R
|
|-damage|p1a: Ribombee|0 fnt|[from] psn
|faint|p1a: Ribombee
|upkeep
|
|t:|1760429439
|switch|p2a: Ogerpon|Ogerpon-Wellspring, F|100/100
|switch|p1a: Forretress|Forretress, M|100/100
|-damage|p1a: Forretress|88/100|[from] Spikes
|turn|7
|c|☆BobUndJoop|hii baby
|
|t:|1760429450
|move|p2a: Ogerpon|Swords Dance|p2a: Ogerpon
|-boost|p2a: Ogerpon|atk|2
|move|p1a: Forretress|Rapid Spin|p2a: Ogerpon
|-damage|p2a: Ogerpon|87/100
|-boost|p1a: Forretress|spe|1
|-sideend|p1: oker1|Spikes|[from] move: Rapid Spin|[of] p1a: Forretress
|
|upkeep
|turn|8
|
|t:|1760429456
|move|p2a: Ogerpon|Swords Dance|p2a: Ogerpon
|-boost|p2a: Ogerpon|atk|2
|move|p1a: Forretress|Stealth Rock|p2a: Ogerpon
|-sidestart|p2: BobUndJoop|move: Stealth Rock
|
|upkeep
|turn|9
|
|t:|1760429461
|move|p2a: Ogerpon|Swords Dance|p2a: Ogerpon
|-boost|p2a: Ogerpon|atk|2
|move|p1a: Forretress|Explosion|p2a: Ogerpon
|-damage|p2a: Ogerpon|24/100
|faint|p1a: Forretress
|
|upkeep
|
|t:|1760429467
|switch|p1a: Lokix|Lokix, F|100/100
|turn|10
|
|t:|1760429504
|move|p1a: Lokix|Sucker Punch|p2a: Ogerpon
|-damage|p2a: Ogerpon|0 fnt
|faint|p2a: Ogerpon
|
|upkeep
|
|t:|1760429520
|switch|p2a: Sletje|Primarina, M, shiny|100/100
|-damage|p2a: Sletje|88/100|[from] Stealth Rock
|turn|11
|
|t:|1760429527
|switch|p1a: Araquanid|Araquanid, F|100/100
|move|p2a: Sletje|Moonblast|p1a: Araquanid
|-damage|p1a: Araquanid|56/100
|
|-heal|p1a: Araquanid|63/100|[from] item: Leftovers
|upkeep
|turn|12
|
|t:|1760429539
|move|p2a: Sletje|Moonblast|p1a: Araquanid
|-damage|p1a: Araquanid|19/100
|-unboost|p1a: Araquanid|spa|1
|move|p1a: Araquanid|Leech Life|p2a: Sletje
|-resisted|p2a: Sletje
|-damage|p2a: Sletje|75/100
|-heal|p1a: Araquanid|26/100|[from] drain|[of] p2a: Sletje
|
|-heal|p1a: Araquanid|32/100|[from] item: Leftovers
|upkeep
|turn|13
|
|t:|1760429551
|move|p2a: Sletje|Moonblast|p1a: Araquanid
|-damage|p1a: Araquanid|0 fnt
|faint|p1a: Araquanid
|
|upkeep
|
|t:|1760429554
|switch|p1a: Frosmoth|Frosmoth, F|100/100
|turn|14
|
|t:|1760429576
|-terastallize|p1a: Frosmoth|Water
|move|p1a: Frosmoth|Quiver Dance|p1a: Frosmoth
|-boost|p1a: Frosmoth|spa|1
|-boost|p1a: Frosmoth|spd|1
|-boost|p1a: Frosmoth|spe|1
|move|p2a: Sletje|Moonblast|p1a: Frosmoth
|-damage|p1a: Frosmoth|81/100
|
|-heal|p1a: Frosmoth|87/100|[from] item: Leftovers
|upkeep
|turn|15
|
|t:|1760429593
|move|p1a: Frosmoth|Quiver Dance|p1a: Frosmoth
|-boost|p1a: Frosmoth|spa|1
|-boost|p1a: Frosmoth|spd|1
|-boost|p1a: Frosmoth|spe|1
|move|p2a: Sletje|Moonblast|p1a: Frosmoth
|-damage|p1a: Frosmoth|71/100
|
|-heal|p1a: Frosmoth|77/100|[from] item: Leftovers
|upkeep
|turn|16
|
|t:|1760429601
|move|p1a: Frosmoth|Quiver Dance|p1a: Frosmoth
|-boost|p1a: Frosmoth|spa|1
|-boost|p1a: Frosmoth|spd|1
|-boost|p1a: Frosmoth|spe|1
|move|p2a: Sletje|Moonblast|p1a: Frosmoth
|-damage|p1a: Frosmoth|65/100
|
|-heal|p1a: Frosmoth|71/100|[from] item: Leftovers
|upkeep
|turn|17
|
|t:|1760429610
|move|p1a: Frosmoth|Giga Drain|p2a: Sletje
|-supereffective|p2a: Sletje
|-damage|p2a: Sletje|17/100
|-heal|p1a: Frosmoth|100/100|[from] drain|[of] p2a: Sletje
|move|p2a: Sletje|Moonblast|p1a: Frosmoth
|-damage|p1a: Frosmoth|88/100
|
|-heal|p1a: Frosmoth|94/100|[from] item: Leftovers
|upkeep
|turn|18
|
|t:|1760429618
|move|p1a: Frosmoth|Quiver Dance|p1a: Frosmoth
|-boost|p1a: Frosmoth|spa|1
|-boost|p1a: Frosmoth|spd|1
|-boost|p1a: Frosmoth|spe|1
|move|p2a: Sletje|Moonblast|p1a: Frosmoth
|-damage|p1a: Frosmoth|85/100
|
|-heal|p1a: Frosmoth|91/100|[from] item: Leftovers
|upkeep
|turn|19
|
|t:|1760429627
|move|p1a: Frosmoth|Quiver Dance|p1a: Frosmoth
|-boost|p1a: Frosmoth|spa|1
|-boost|p1a: Frosmoth|spd|1
|-boost|p1a: Frosmoth|spe|1
|move|p2a: Sletje|Moonblast|p1a: Frosmoth
|-damage|p1a: Frosmoth|83/100
|-unboost|p1a: Frosmoth|spa|1
|
|-heal|p1a: Frosmoth|89/100|[from] item: Leftovers
|upkeep
|turn|20
|
|t:|1760429650
|move|p1a: Frosmoth|Giga Drain|p2a: Sletje
|-supereffective|p2a: Sletje
|-damage|p2a: Sletje|0 fnt
|-heal|p1a: Frosmoth|98/100|[from] drain|[of] p2a: Sletje
|faint|p2a: Sletje
|
|-heal|p1a: Frosmoth|100/100|[from] item: Leftovers
|upkeep
|
|t:|1760429658
|switch|p2a: Arlanco|Kingambit, M, shiny|100/100
|-damage|p2a: Arlanco|94/100|[from] Stealth Rock
|-activate|p2a: Arlanco|ability: Supreme Overlord
|-start|p2a: Arlanco|fallen4|[silent]
|turn|21
|
|t:|1760429664
|move|p2a: Arlanco|Sucker Punch|p1a: Frosmoth
|-damage|p1a: Frosmoth|34/100
|move|p1a: Frosmoth|Tera Blast|p2a: Arlanco|[anim] Tera Blast Water
|-damage|p2a: Arlanco|0 fnt
|faint|p2a: Arlanco
|-end|p2a: Arlanco|fallen4|[silent]
|
|-heal|p1a: Frosmoth|40/100|[from] item: Leftovers
|upkeep
|
|t:|1760429672
|switch|p2a: Big Bombaclat|Great Tusk, shiny|100/100
|-damage|p2a: Big Bombaclat|98/100|[from] Stealth Rock
|turn|22
|
|t:|1760429691
|move|p1a: Frosmoth|Giga Drain|p2a: Big Bombaclat
|-supereffective|p2a: Big Bombaclat
|-damage|p2a: Big Bombaclat|0 fnt
|-heal|p1a: Frosmoth|100/100|[from] drain|[of] p2a: Big Bombaclat
|faint|p2a: Big Bombaclat
|-end|p2a: Big Bombaclat|Protosynthesis|[silent]
|
|win|oker1
|raw|oker1's rating: 1085 &rarr; <strong>1113</strong><br />(+28 for winning)
|raw|BobUndJoop's rating: 1099 &rarr; <strong>1073</strong><br />(-26 for losing)
|l|☆oker1
|player|p1|
|l|☆BobUndJoop
|player|p2|
