|j|☆m3kemike
|j|☆EpicBoost
|t:|1760372699
|gametype|singles
|player|p1|m3kemike|erika|1288
|player|p2|EpicBoost|gentleman-gen2|1262
|gen|9
|tier|[Gen 9] OU
|rated|
|rule|HP Percentage Mod: HP is shown in percentages
|rule|Endless Battle Clause: Forcing endless battles is banned
|rule|Species Clause: Limit one of each Pokémon
|rule|OHKO Clause: OHKO moves are banned
|rule|Evasion Items Clause: Evasion items are banned
|rule|Evasion Moves Clause: Evasion moves are banned
|rule|Evasion Abilities Clause: Evasion abilities are banned
|rule|Sleep Moves Clause: Sleep-inducing moves are banned
|clearpoke
|poke|p1|Corviknight, F|
|poke|p1|Garchomp, F|
|poke|p1|Ogerpon, F|
|poke|p1|Raging Bolt|
|poke|p1|Slowking-Galar, F|
|poke|p1|Tinkaton, F|
|poke|p2|Lokix, M|
|poke|p2|Cinderace, M|
|poke|p2|Great Tusk|
|poke|p2|Alomomola, M|
|poke|p2|Enamorus, F|
|poke|p2|Slowking-Galar, M|
|teampreview
|inactive|Battle timer is ON: inactive players will automatically lose when time's up. (requested by m3kemike)
|inactive|m3kemike has 120 seconds left.
|
|t:|1760372730
|teamsize|p1|6
|teamsize|p2|6
|start
|switch|p1a: Raging Bolt|Raging Bolt|100/100
|switch|p2a: Cinderace|Cinderace, M|100/100
|turn|1
|
|t:|1760372737
|move|p2a: Cinderace|U-turn|p1a: Raging Bolt
|-damage|p1a: Raging Bolt|81/100
|
|t:|1760372745
|switch|p2a: Slowking|Slowking-Galar, M|100/100|[from] U-turn
|move|p1a: Raging Bolt|Volt Switch|p2a: Slowking
|-damage|p2a: Slowking|48/100
|
|t:|1760372754
|-end|p1a: Raging Bolt|Protosynthesis|[silent]
|switch|p1a: Ogerpon|Ogerpon, F|100/100|[from] Volt Switch
|
|upkeep
|turn|2
|
|t:|1760372777
|switch|p2a: Enamorus|Enamorus, F|100/100
|move|p1a: Ogerpon|Knock Off|p2a: Enamorus
|-resisted|p2a: Enamorus
|-damage|p2a: Enamorus|62/100
|-enditem|p2a: Enamorus|Choice Scarf|[from] move: Knock Off|[of] p1a: Ogerpon
|
|upkeep
|turn|3
|
|t:|1760372792
|switch|p1a: Slowking|Slowking-Galar, F|100/100
|move|p2a: Enamorus|Moonblast|p1a: Slowking
|-resisted|p1a: Slowking
|-damage|p1a: Slowking|84/100
|
|upkeep
|turn|4
|
|t:|1760372800
|switch|p2a: Alomomola|Alomomola, M|100/100
|-prepare|p1a: Slowking|Chilly Reception|[premajor]
|move|p1a: Slowking|Chilly Reception|p1a: Slowking
|-weather|Snowscape
|
|t:|1760372814
|switch|p1a: Raging Bolt|Raging Bolt|81/100|[from] Chilly Reception
|
|-weather|Snowscape|[upkeep]
|upkeep
|turn|5
|
|t:|1760372818
|move|p1a: Raging Bolt|Draco Meteor|p2a: Alomomola
|-damage|p2a: Alomomola|42/100
|-unboost|p1a: Raging Bolt|spa|2
|move|p2a: Alomomola|Mirror Coat|p1a: Raging Bolt
|-damage|p1a: Raging Bolt|0 fnt
|faint|p1a: Raging Bolt
|-end|p1a: Raging Bolt|Protosynthesis|[silent]
|
|-weather|Snowscape|[upkeep]
|upkeep
|
|t:|1760372829
|switch|p1a: Ogerpon|Ogerpon, F|100/100
|turn|6
|
|t:|1760372836
|switch|p2a: Enamorus|Enamorus, F|62/100
|move|p1a: Ogerpon|Ivy Cudgel|p2a: Enamorus
|-resisted|p2a: Enamorus
|-damage|p2a: Enamorus|0 fnt
|faint|p2a: Enamorus
|
|-weather|Snowscape|[upkeep]
|upkeep
|
|t:|1760372850
|switch|p2a: Cinderace|Cinderace, M|100/100
|turn|7
|
|t:|1760372865
|switch|p1a: Slowking|Slowking-Galar, F|100/100
|move|p2a: Cinderace|Will-O-Wisp|p1a: Slowking
|-status|p1a: Slowking|brn
|
|-weather|Snowscape|[upkeep]
|-damage|p1a: Slowking|94/100 brn|[from] brn
|upkeep
|turn|8
|
|t:|1760372872
|move|p2a: Cinderace|Pyro Ball|p1a: Slowking
|-damage|p1a: Slowking|42/100 brn
|move|p1a: Slowking|Future Sight|p2a: Cinderace
|-start|p1a: Slowking|move: Future Sight
|
|-weather|none
|-damage|p1a: Slowking|36/100 brn|[from] brn
|upkeep
|turn|9
|
|t:|1760372885
|switch|p1a: Garchomp|Garchomp, F|100/100
|move|p2a: Cinderace|U-turn|p1a: Garchomp
|-damage|p1a: Garchomp|83/100
|-damage|p2a: Cinderace|88/100|[from] ability: Rough Skin|[of] p1a: Garchomp
|
|t:|1760372897
|switch|p2a: Lokix|Lokix, M|100/100|[from] U-turn
|
|upkeep
|turn|10
|
|t:|1760372907
|move|p2a: Lokix|First Impression|p1a: Garchomp
|-damage|p1a: Garchomp|13/100
|-damage|p2a: Lokix|88/100|[from] ability: Rough Skin|[of] p1a: Garchomp
|move|p1a: Garchomp|Swords Dance|p1a: Garchomp
|-boost|p1a: Garchomp|atk|2
|
|-end|p2a: Lokix|move: Future Sight
|-immune|p2a: Lokix
|upkeep
|turn|11
|inactive|EpicBoost has 120 seconds left.
|
|t:|1760372937
|switch|p2a: Great Tusk|Great Tusk|100/100
|move|p1a: Garchomp|Scale Shot|p2a: Great Tusk
|-damage|p2a: Great Tusk|87/100
|-damage|p2a: Great Tusk|73/100
|-damage|p2a: Great Tusk|58/100
|-damage|p2a: Great Tusk|45/100
|-hitcount|p2a: Great Tusk|4
|-unboost|p1a: Garchomp|def|1
|-boost|p1a: Garchomp|spe|1
|
|-heal|p2a: Great Tusk|51/100|[from] item: Leftovers
|upkeep
|turn|12
|
|t:|1760372947
|move|p1a: Garchomp|Scale Shot|p2a: Great Tusk
|-damage|p2a: Great Tusk|37/100
|-damage|p2a: Great Tusk|25/100
|-damage|p2a: Great Tusk|10/100
|-damage|p2a: Great Tusk|0 fnt
|faint|p2a: Great Tusk
|-end|p2a: Great Tusk|Protosynthesis|[silent]
|-hitcount|p2: Great Tusk|4
|-unboost|p1a: Garchomp|def|1
|-boost|p1a: Garchomp|spe|1
|
|upkeep
|
|t:|1760372951
|switch|p2a: Lokix|Lokix, M|88/100
|turn|13
|
|t:|1760372964
|switch|p1a: Tinkaton|Tinkaton, F|100/100
|-item|p1a: Tinkaton|Air Balloon
|move|p2a: Lokix|First Impression|p1a: Tinkaton
|-resisted|p1a: Tinkaton
|-damage|p1a: Tinkaton|73/100
|-enditem|p1a: Tinkaton|Air Balloon
|-enditem|p2a: Lokix|Choice Band|[silent]|[from] ability: Pickpocket|[of] p2a: Lokix
|-item|p1a: Tinkaton|Choice Band|[from] ability: Pickpocket|[of] p2a: Lokix
|
|upkeep
|turn|14
|
|t:|1760372971
|move|p2a: Lokix|U-turn|p1a: Tinkaton
|-resisted|p1a: Tinkaton
|-damage|p1a: Tinkaton|57/100
|
|t:|1760372975
|switch|p2a: Cinderace|Cinderace, M|88/100|[from] U-turn
|move|p1a: Tinkaton|Stealth Rock|p2a: Cinderace
|-sidestart|p2: EpicBoost|move: Stealth Rock
|
|upkeep
|turn|15
|
|t:|1760373003
|move|p2a: Cinderace|Court Change|p2a: Cinderace
|-swapsideconditions
|-activate|p2a: Cinderace|move: Court Change
|move|p1a: Tinkaton|Stealth Rock|p2a: Cinderace
|-sidestart|p2: EpicBoost|move: Stealth Rock
|
|upkeep
|turn|16
|inactive|m3kemike has 120 seconds left.
|
|t:|1760373022
|move|p2a: Cinderace|Pyro Ball|p1a: Tinkaton
|-supereffective|p1a: Tinkaton
|-damage|p1a: Tinkaton|0 fnt
|faint|p1a: Tinkaton
|
|upkeep
|inactive|m3kemike has 120 seconds left.
|
|t:|1760373034
|switch|p1a: Slowking|Slowking-Galar, F|69/100 brn
|turn|17
|
|t:|1760373039
|move|p2a: Cinderace|Pyro Ball|p1a: Slowking
|-damage|p1a: Slowking|18/100 brn
|move|p1a: Slowking|Sludge Bomb|p2a: Cinderace
|-damage|p2a: Cinderace|47/100
|
|-damage|p1a: Slowking|12/100 brn|[from] brn
|upkeep
|turn|18
|
|t:|1760373045
|move|p2a: Cinderace|Pyro Ball|p1a: Slowking
|-damage|p1a: Slowking|0 fnt
|faint|p1a: Slowking
|
|upkeep
|
|t:|1760373053
|switch|p1a: Ogerpon|Ogerpon, F|100/100
|-damage|p1a: Ogerpon|88/100|[from] Stealth Rock
|turn|19
|
|t:|1760373065
|-terastallize|p1a: Ogerpon|Grass
|detailschange|p1a: Ogerpon|Ogerpon-Teal-Tera, F, tera:Grass
|-ability|p1a: Ogerpon|Embody Aspect (Teal)|boost
|-boost|p1a: Ogerpon|spe|1
|move|p1a: Ogerpon|Ivy Cudgel|p2a: Cinderace
|-resisted|p2a: Cinderace
|-crit|p2a: Cinderace
|-damage|p2a: Cinderace|0 fnt
|faint|p2a: Cinderace
|
|upkeep
|
|t:|1760373073
|switch|p2a: Lokix|Lokix, M|88/100
|-damage|p2a: Lokix|63/100|[from] Stealth Rock
|turn|20
|
|t:|1760373080
|switch|p1a: Garchomp|Garchomp, F|13/100
|-damage|p1a: Garchomp|7/100|[from] Stealth Rock
|move|p2a: Lokix|Knock Off|p1a: Garchomp
|-damage|p1a: Garchomp|0 fnt
|-damage|p2a: Lokix|51/100|[from] ability: Rough Skin|[of] p1a: Garchomp
|-enditem|p1a: Garchomp|Loaded Dice|[from] move: Knock Off|[of] p2a: Lokix
|faint|p1a: Garchomp
|
|upkeep
|
|t:|1760373082
|switch|p1a: Ogerpon|Ogerpon-Teal-Tera, F, tera:Grass|88/100
|-damage|p1a: Ogerpon|76/100|[from] Stealth Rock
|-ability|p1a: Ogerpon|Embody Aspect (Teal)|boost
|-boost|p1a: Ogerpon|spe|1
|turn|21
|
|t:|1760373094
|switch|p2a: Alomomola|Alomomola, M|76/100
|-damage|p2a: Alomomola|63/100|[from] Stealth Rock
|move|p1a: Ogerpon|Ivy Cudgel|p2a: Alomomola
|-supereffective|p2a: Alomomola
|-damage|p2a: Alomomola|0 fnt
|faint|p2a: Alomomola
|
|upkeep
|
|t:|1760373096
|switch|p2a: Lokix|Lokix, M|51/100
|-damage|p2a: Lokix|26/100|[from] Stealth Rock
|turn|22
|
|t:|1760373100
|switch|p1a: Corviknight|Corviknight, F|100/100
|-damage|p1a: Corviknight|88/100|[from] Stealth Rock
|-ability|p1a: Corviknight|Pressure
|move|p2a: Lokix|First Impression|p1a: Corviknight
|-resisted|p1a: Corviknight
|-damage|p1a: Corviknight|75/100
|-damage|p2a: Lokix|10/100|[from] item: Rocky Helmet|[of] p1a: Corviknight
|
|upkeep
|turn|23
|
|t:|1760373105
|move|p2a: Lokix|Knock Off|p1a: Corviknight
|-damage|p1a: Corviknight|47/100
|-damage|p2a: Lokix|0 fnt|[from] item: Rocky Helmet|[of] p1a: Corviknight
|faint|p2a: Lokix
|move|p1a: Corviknight|Body Press|p2: Lokix|[notarget]
|-fail|p1a: Corviknight
|
|upkeep
|
|t:|1760373108
|switch|p2a: Slowking|Slowking-Galar, M|81/100
|-damage|p2a: Slowking|69/100|[from] Stealth Rock
|turn|24
|
|t:|1760373113
|move|p1a: Corviknight|U-turn|p2a: Slowking
|-damage|p2a: Slowking|58/100
|
|t:|1760373115
|switch|p1a: Ogerpon|Ogerpon-Teal-Tera, F, tera:Grass|76/100|[from] U-turn
|-damage|p1a: Ogerpon|64/100|[from] Stealth Rock
|-ability|p1a: Ogerpon|Embody Aspect (Teal)|boost
|-boost|p1a: Ogerpon|spe|1
|move|p2a: Slowking|Future Sight|p1a: Ogerpon
|-start|p2a: Slowking|move: Future Sight
|
|upkeep
|turn|25
|
|t:|1760373121
|move|p1a: Ogerpon|Knock Off|p2a: Slowking
|-supereffective|p2a: Slowking
|-damage|p2a: Slowking|0 fnt
|-enditem|p2a: Slowking|Shuca Berry|[from] move: Knock Off|[of] p1a: Ogerpon
|faint|p2a: Slowking
|
|win|m3kemike
|raw|m3kemike's rating: 1288 &rarr; <strong>1311</strong><br />(+23 for winning)
|raw|EpicBoost's rating: 1262 &rarr; <strong>1239</strong><br />(-23 for losing)
|l|☆EpicBoost
|player|p2|
