|j|☆hamoodhabibihamood
|j|☆pekashew64
|t:|1760431121
|gametype|singles
|player|p1|hamoodhabibihamood|rocketgrunt|1185
|player|p2|pekashew64|tuber|1219
|gen|9
|tier|[Gen 9] OU
|rated|
|rule|HP Percentage Mod: HP is shown in percentages
|rule|Endless Battle Clause: Forcing endless battles is banned
|rule|Species Clause: Limit one of each Pokémon
|rule|OHKO Clause: OHKO moves are banned
|rule|Evasion Items Clause: Evasion items are banned
|rule|Evasion Moves Clause: Evasion moves are banned
|rule|Evasion Abilities Clause: Evasion abilities are banned
|rule|Sleep Moves Clause: Sleep-inducing moves are banned
|clearpoke
|poke|p1|Quaquaval, M|
|poke|p1|Pelipper, F|
|poke|p1|Ogerpon-Wellspring, F|
|poke|p1|Walking Wake|
|poke|p1|Corviknight, M|
|poke|p1|Barraskewda, M|
|poke|p2|Hatterene, F|
|poke|p2|Sunflora, F|
|poke|p2|Diancie|
|poke|p2|Greedent, M|
|poke|p2|Cresselia, F|
|poke|p2|Kingambit, F|
|teampreview
|inactive|Battle timer is ON: inactive players will automatically lose when time's up. (requested by hamoodhabibihamood)
|
|t:|1760431134
|teamsize|p1|6
|teamsize|p2|6
|start
|switch|p1a: Pelipper|Pelipper, F|100/100
|switch|p2a: Zizi rose|Hatterene, F|100/100
|-weather|RainDance|[from] ability: Drizzle|[of] p1a: Pelipper
|turn|1
|
|t:|1760431139
|move|p1a: Pelipper|U-turn|p2a: Zizi rose
|-crit|p2a: Zizi rose
|-damage|p2a: Zizi rose|85/100
|
|t:|1760431141
|switch|p1a: Barraskewda|Barraskewda, M|100/100|[from] U-turn
|move|p2a: Zizi rose|Trick Room|p2a: Zizi rose
|-fieldstart|move: Trick Room|[of] p2a: Zizi rose
|
|-weather|RainDance|[upkeep]
|upkeep
|turn|2
|
|t:|1760431147
|move|p2a: Zizi rose|Dazzling Gleam|p1a: Barraskewda
|-damage|p1a: Barraskewda|0 fnt
|faint|p1a: Barraskewda
|
|-weather|RainDance|[upkeep]
|upkeep
|
|t:|1760431159
|switch|p1a: Ogerpon|Ogerpon-Wellspring, F|100/100
|turn|3
|
|t:|1760431161
|switch|p2a: Machine de guerre|Sunflora, F|100/100
|move|p1a: Ogerpon|Ivy Cudgel|p2a: Machine de guerre|[anim] Ivy Cudgel Water
|-resisted|p2a: Machine de guerre
|-damage|p2a: Machine de guerre|46/100
|
|-weather|RainDance|[upkeep]
|upkeep
|turn|4
|
|t:|1760431168
|switch|p1a: Corviknight|Corviknight, M|100/100
|-ability|p1a: Corviknight|Pressure
|move|p2a: Machine de guerre|Sludge Bomb|p1a: Corviknight
|-immune|p1a: Corviknight
|
|-weather|RainDance|[upkeep]
|upkeep
|turn|5
|
|t:|1760431175
|switch|p2a: Zizi rose|Hatterene, F|85/100
|move|p1a: Corviknight|Defog|p2a: Zizi rose
|move|p2a: Zizi rose|Defog|p1a: Corviknight|[from] ability: Magic Bounce
|-unboost|p1a: Corviknight|evasion|1
|
|-weather|RainDance|[upkeep]
|-fieldend|move: Trick Room
|upkeep
|turn|6
|
|t:|1760431180
|move|p1a: Corviknight|Body Press|p2a: Zizi rose
|-resisted|p2a: Zizi rose
|-damage|p2a: Zizi rose|78/100
|move|p2a: Zizi rose|Trick Room|p2a: Zizi rose
|-fieldstart|move: Trick Room|[of] p2a: Zizi rose
|
|-weather|RainDance|[upkeep]
|upkeep
|turn|7
|
|t:|1760431184
|move|p2a: Zizi rose|Shadow Ball|p1a: Corviknight
|-damage|p1a: Corviknight|70/100
|move|p1a: Corviknight|Defog|p2a: Zizi rose
|move|p2a: Zizi rose|Defog|p1a: Corviknight|[from] ability: Magic Bounce
|-unboost|p1a: Corviknight|evasion|1
|
|-weather|RainDance|[upkeep]
|upkeep
|turn|8
|
|t:|1760431190
|move|p2a: Zizi rose|Shadow Ball|p1a: Corviknight
|-crit|p1a: Corviknight
|-damage|p1a: Corviknight|24/100
|move|p1a: Corviknight|Roost|p1a: Corviknight
|-heal|p1a: Corviknight|74/100
|-singleturn|p1a: Corviknight|move: Roost
|
|-weather|none
|upkeep
|turn|9
|
|t:|1760431195
|move|p2a: Zizi rose|Shadow Ball|p1a: Corviknight
|-damage|p1a: Corviknight|44/100
|move|p1a: Corviknight|Roost|p1a: Corviknight
|-heal|p1a: Corviknight|94/100
|-singleturn|p1a: Corviknight|move: Roost
|
|upkeep
|turn|10
|
|t:|1760431199
|move|p2a: Zizi rose|Shadow Ball|p1a: Corviknight
|-damage|p1a: Corviknight|63/100
|-unboost|p1a: Corviknight|spd|1
|move|p1a: Corviknight|U-turn|p2a: Zizi rose
|-damage|p2a: Zizi rose|61/100
|
|t:|1760431205
|switch|p1a: Quaquaval|Quaquaval, M|100/100|[from] U-turn
|
|-fieldend|move: Trick Room
|upkeep
|turn|11
|
|t:|1760431208
|-terastallize|p1a: Quaquaval|Water
|move|p1a: Quaquaval|Aqua Step|p2a: Zizi rose
|-damage|p2a: Zizi rose|0 fnt
|-boost|p1a: Quaquaval|spe|1
|faint|p2a: Zizi rose
|-ability|p1a: Quaquaval|Moxie|boost
|-boost|p1a: Quaquaval|atk|1
|
|upkeep
|
|t:|1760431212
|switch|p2a: Banane|Cresselia, F|100/100
|turn|12
|
|t:|1760431215
|move|p1a: Quaquaval|Aqua Step|p2a: Banane
|-damage|p2a: Banane|1/100
|-boost|p1a: Quaquaval|spe|1
|move|p2a: Banane|Trick Room|p2a: Banane
|-fieldstart|move: Trick Room|[of] p2a: Banane
|
|upkeep
|turn|13
|
|t:|1760431223
|switch|p1a: Corviknight|Corviknight, M|63/100
|-ability|p1a: Corviknight|Pressure
|move|p2a: Banane|Lunar Dance|p2a: Banane
|faint|p2a: Banane
|
|upkeep
|
|t:|1760431228
|switch|p2a: Big chungus|Greedent, M|100/100
|turn|14
|
|t:|1760431233
|move|p2a: Big chungus|Belly Drum|p2a: Big chungus
|-damage|p2a: Big chungus|50/100
|-setboost|p2a: Big chungus|atk|6|[from] move: Belly Drum
|-enditem|p2a: Big chungus|Sitrus Berry|[eat]
|-heal|p2a: Big chungus|75/100|[from] item: Sitrus Berry
|-heal|p2a: Big chungus|100/100|[from] ability: Cheek Pouch
|move|p1a: Corviknight|Roost|p1a: Corviknight
|-heal|p1a: Corviknight|100/100
|-singleturn|p1a: Corviknight|move: Roost
|
|upkeep
|turn|15
|
|t:|1760431238
|move|p2a: Big chungus|Knock Off|p1a: Corviknight
|-damage|p1a: Corviknight|35/100
|-enditem|p1a: Corviknight|Heavy-Duty Boots|[from] move: Knock Off|[of] p2a: Big chungus
|move|p1a: Corviknight|Body Press|p2a: Big chungus
|-supereffective|p2a: Big chungus
|-damage|p2a: Big chungus|60/100
|
|upkeep
|turn|16
|
|t:|1760431243
|move|p2a: Big chungus|Knock Off|p1a: Corviknight
|-damage|p1a: Corviknight|0 fnt
|faint|p1a: Corviknight
|
|-fieldend|move: Trick Room
|upkeep
|
|t:|1760431249
|switch|p1a: Pelipper|Pelipper, F|100/100
|-weather|RainDance|[from] ability: Drizzle|[of] p1a: Pelipper
|turn|17
|
|t:|1760431252
|move|p1a: Pelipper|Hydro Pump|p2a: Big chungus
|-damage|p2a: Big chungus|10/100
|move|p2a: Big chungus|Body Slam|p1a: Pelipper
|-damage|p1a: Pelipper|0 fnt
|faint|p1a: Pelipper
|
|-weather|RainDance|[upkeep]
|upkeep
|
|t:|1760431255
|switch|p1a: Quaquaval|Quaquaval, M, tera:Water|100/100
|turn|18
|
|t:|1760431257
|move|p1a: Quaquaval|Aqua Step|p2a: Big chungus
|-damage|p2a: Big chungus|0 fnt
|-boost|p1a: Quaquaval|spe|1
|faint|p2a: Big chungus
|-ability|p1a: Quaquaval|Moxie|boost
|-boost|p1a: Quaquaval|atk|1
|
|-weather|RainDance|[upkeep]
|upkeep
|
|t:|1760431260
|switch|p2a: Bijou ali express|Diancie|100/100
|turn|19
|
|t:|1760431262
|-terastallize|p2a: Bijou ali express|Grass
|move|p1a: Quaquaval|Aqua Step|p2a: Bijou ali express
|-resisted|p2a: Bijou ali express
|-damage|p2a: Bijou ali express|37/100
|-boost|p1a: Quaquaval|spe|1
|move|p2a: Bijou ali express|Trick Room|p2a: Bijou ali express
|-fieldstart|move: Trick Room|[of] p2a: Bijou ali express
|
|-weather|RainDance|[upkeep]
|-heal|p2a: Bijou ali express|43/100|[from] item: Leftovers
|upkeep
|turn|20
|
|t:|1760431269
|switch|p2a: Machine de guerre|Sunflora, F|46/100
|-heal|p2a: Machine de guerre|100/100|[from] move: Lunar Dance
|switch|p1a: Ogerpon|Ogerpon-Wellspring, F|100/100
|
|-weather|RainDance|[upkeep]
|upkeep
|turn|21
|
|t:|1760431274
|move|p2a: Machine de guerre|Sludge Bomb|p1a: Ogerpon
|-supereffective|p1a: Ogerpon
|-damage|p1a: Ogerpon|0 fnt
|faint|p1a: Ogerpon
|
|-weather|RainDance|[upkeep]
|upkeep
|
|t:|1760431279
|switch|p1a: Walking Wake|Walking Wake|100/100
|turn|22
|
|t:|1760431283
|switch|p2a: Zoro|Kingambit, F|100/100
|-activate|p2a: Zoro|ability: Supreme Overlord
|-start|p2a: Zoro|fallen3|[silent]
|move|p1a: Walking Wake|Draco Meteor|p2a: Zoro
|-resisted|p2a: Zoro
|-damage|p2a: Zoro|49/100
|-unboost|p1a: Walking Wake|spa|2
|
|-weather|RainDance|[upkeep]
|-heal|p2a: Zoro|56/100|[from] item: Leftovers
|upkeep
|turn|23
|
|t:|1760431290
|-end|p1a: Walking Wake|Protosynthesis|[silent]
|switch|p1a: Quaquaval|Quaquaval, M, tera:Water|100/100
|move|p2a: Zoro|Kowtow Cleave|p1a: Quaquaval
|-damage|p1a: Quaquaval|10/100
|
|-weather|RainDance|[upkeep]
|-heal|p2a: Zoro|62/100|[from] item: Leftovers
|-fieldend|move: Trick Room
|upkeep
|turn|24
|
|t:|1760431296
|move|p1a: Quaquaval|Aqua Jet|p2a: Zoro
|-damage|p2a: Zoro|10/100
|move|p2a: Zoro|Sucker Punch||[still]
|-fail|p2a: Zoro
|
|-weather|none
|-heal|p2a: Zoro|16/100|[from] item: Leftovers
|upkeep
|turn|25
|
|t:|1760431299
|-end|p2a: Zoro|fallen3|[silent]
|switch|p2a: Machine de guerre|Sunflora, F|100/100
|move|p1a: Quaquaval|Aqua Jet|p2a: Machine de guerre
|-resisted|p2a: Machine de guerre
|-damage|p2a: Machine de guerre|70/100
|
|upkeep
|turn|26
|
|t:|1760431307
|switch|p1a: Walking Wake|Walking Wake|100/100
|move|p2a: Machine de guerre|Dazzling Gleam|p1a: Walking Wake
|-supereffective|p1a: Walking Wake
|-damage|p1a: Walking Wake|16/100
|
|upkeep
|turn|27
|
|t:|1760431310
|move|p1a: Walking Wake|Draco Meteor|p2a: Machine de guerre|[miss]
|-miss|p1a: Walking Wake|p2a: Machine de guerre
|move|p2a: Machine de guerre|Dazzling Gleam|p1a: Walking Wake
|-supereffective|p1a: Walking Wake
|-damage|p1a: Walking Wake|0 fnt
|faint|p1a: Walking Wake
|-end|p1a: Walking Wake|Protosynthesis|[silent]
|
|upkeep
|-message|hamoodhabibihamood forfeited.
|
|win|pekashew64
|raw|hamoodhabibihamood's rating: 1185 &rarr; <strong>1162</strong><br />(-23 for losing)
|raw|pekashew64's rating: 1219 &rarr; <strong>1242</strong><br />(+23 for winning)
|l|☆hamoodhabibihamood
|player|p1|
|l|☆pekashew64
|player|p2|
