|j|☆Kubbe
|j|☆luxianloxs
|t:|1760389055
|gametype|singles
|player|p1|Kubbe|2|
|player|p2|luxianloxs|nate|
|gen|9
|tier|[Gen 9] OU
|rule|HP Percentage Mod: HP is shown in percentages
|rule|Endless Battle Clause: Forcing endless battles is banned
|rule|Species Clause: Limit one of each Pokémon
|rule|OHKO Clause: OHKO moves are banned
|rule|Evasion Items Clause: Evasion items are banned
|rule|Evasion Moves Clause: Evasion moves are banned
|rule|Evasion Abilities Clause: Evasion abilities are banned
|rule|Sleep Moves Clause: Sleep-inducing moves are banned
|clearpoke
|poke|p1|Beldum, L12|
|poke|p1|Bergmite, L5, M|
|poke|p1|Fletchling, L13, M|
|poke|p2|Mareep, L7, M|
|poke|p2|Torchic, L6, M|
|poke|p2|Scatterbug, L4, F|
|teampreview
|
|t:|1760389064
|teamsize|p1|3
|teamsize|p2|3
|start
|switch|p1a: Beldum|Beldum, L12|100/100
|switch|p2a: Torchic|Torchic, L6, M|100/100
|turn|1
|
|t:|1760389073
|move|p1a: Beldum|Take Down|p2a: Torchic
|-damage|p2a: Torchic|30/100
|-damage|p1a: Beldum|89/100|[from] Recoil
|move|p2a: Torchic|Ember|p1a: Beldum
|-supereffective|p1a: Beldum
|-damage|p1a: Beldum|56/100
|
|upkeep
|turn|2
|
|t:|1760389083
|switch|p2a: Scatterbug|Scatterbug, L4, F|100/100
|move|p1a: Beldum|Take Down|p2a: Scatterbug
|-damage|p2a: Scatterbug|0 fnt
|faint|p2a: Scatterbug
|-damage|p1a: Beldum|42/100|[from] Recoil
|
|upkeep
|
|t:|1760389091
|switch|p2a: Mareep|Mareep, L7, M|100/100
|turn|3
|
|t:|1760389096
|switch|p2a: Torchic|Torchic, L6, M|30/100
|move|p1a: Beldum|Take Down|p2a: Torchic
|-damage|p2a: Torchic|0 fnt
|faint|p2a: Torchic
|-damage|p1a: Beldum|37/100|[from] Recoil
|
|upkeep
|
|t:|1760389103
|switch|p2a: Mareep|Mareep, L7, M|100/100
|turn|4
|
|t:|1760389108
|move|p1a: Beldum|Take Down|p2a: Mareep
|-damage|p2a: Mareep|47/100
|-damage|p1a: Beldum|25/100|[from] Recoil
|move|p2a: Mareep|Thunder Wave|p1a: Beldum
|-status|p1a: Beldum|par
|
|upkeep
|turn|5
|
|t:|1760389116
|move|p2a: Mareep|Tackle|p1a: Beldum
|-resisted|p1a: Beldum
|-crit|p1a: Beldum
|-damage|p1a: Beldum|23/100 par
|move|p1a: Beldum|Take Down|p2a: Mareep
|-damage|p2a: Mareep|0 fnt
|faint|p2a: Mareep
|-damage|p1a: Beldum|14/100 par|[from] Recoil
|
|win|Kubbe
