|j|☆ChopsFCC
|j|☆MegaHitmonleeWhen
|t:|1760439024
|gametype|singles
|player|p1|ChopsFCC|266|1441
|player|p2|MegaHitmonleeWhen|blackbelt|1360
|gen|9
|tier|[Gen 9] OU
|rated|
|rule|HP Percentage Mod: HP is shown in percentages
|rule|Endless Battle Clause: Forcing endless battles is banned
|rule|Species Clause: Limit one of each Pokémon
|rule|OHKO Clause: OHKO moves are banned
|rule|Evasion Items Clause: Evasion items are banned
|rule|Evasion Moves Clause: Evasion moves are banned
|rule|Evasion Abilities Clause: Evasion abilities are banned
|rule|Sleep Moves Clause: Sleep-inducing moves are banned
|clearpoke
|poke|p1|Rillaboom, M|
|poke|p1|Zamazenta-*|
|poke|p1|Raging Bolt|
|poke|p1|Alomomola, F|
|poke|p1|Iron Crown|
|poke|p1|Heatran, M|
|poke|p2|Magnezone|
|poke|p2|Regidrago|
|poke|p2|Great Tusk|
|poke|p2|Clodsire, F|
|poke|p2|Barraskewda, M|
|poke|p2|Iron Hands|
|teampreview
|inactive|Battle timer is ON: inactive players will automatically lose when time's up. (requested by ChopsFCC)
|
|t:|1760439053
|teamsize|p1|6
|teamsize|p2|6
|start
|switch|p1a: Alomomola|Alomomola, F|100/100
|switch|p2a: Barraskewda|Barraskewda, M|100/100
|turn|1
|
|t:|1760439061
|move|p2a: Barraskewda|Flip Turn|p1a: Alomomola
|-resisted|p1a: Alomomola
|-damage|p1a: Alomomola|84/100
|
|t:|1760439064
|switch|p2a: Clodsire|Clodsire, F|100/100|[from] Flip Turn
|move|p1a: Alomomola|Body Slam|p2a: Clodsire
|-damage|p2a: Clodsire|84/100
|-status|p2a: Clodsire|par
|
|-heal|p2a: Clodsire|91/100 par|[from] item: Leftovers
|upkeep
|turn|2
|
|t:|1760439079
|switch|p1a: Iron Crown|Iron Crown|100/100
|cant|p2a: Clodsire|par
|
|-heal|p2a: Clodsire|97/100 par|[from] item: Leftovers
|upkeep
|turn|3
|
|t:|1760439092
|switch|p2a: Magnezone|Magnezone|100/100
|move|p1a: Iron Crown|Psychic Noise|p2a: Magnezone
|-resisted|p2a: Magnezone
|-damage|p2a: Magnezone|76/100
|-start|p2a: Magnezone|move: Heal Block
|
|upkeep
|turn|4
|
|t:|1760439101
|move|p2a: Magnezone|Volt Switch|p1a: Iron Crown
|-damage|p1a: Iron Crown|76/100
|
|t:|1760439107
|switch|p2a: Clodsire|Clodsire, F|97/100 par|[from] Volt Switch
|move|p1a: Iron Crown|Focus Blast|p2a: Clodsire
|-resisted|p2a: Clodsire
|-damage|p2a: Clodsire|86/100 par
|
|-heal|p2a: Clodsire|92/100 par|[from] item: Leftovers
|upkeep
|turn|5
|
|t:|1760439116
|move|p1a: Iron Crown|Psychic Noise|p2a: Clodsire
|-supereffective|p2a: Clodsire
|-damage|p2a: Clodsire|53/100 par
|-start|p2a: Clodsire|move: Heal Block
|cant|p2a: Clodsire|par
|
|upkeep
|turn|6
|
|t:|1760439137
|-end|p1a: Iron Crown|Quark Drive|[silent]
|switch|p1a: Rillaboom|Rillaboom, M|100/100
|-fieldstart|move: Grassy Terrain|[from] ability: Grassy Surge|[of] p1a: Rillaboom
|move|p2a: Clodsire|Earthquake|p1a: Rillaboom
|-resisted|p1a: Rillaboom
|-damage|p1a: Rillaboom|93/100
|
|-heal|p1a: Rillaboom|99/100|[from] Grassy Terrain
|-end|p2a: Clodsire|move: Heal Block
|upkeep
|turn|7
|
|t:|1760439151
|switch|p2a: Iron Hands|Iron Hands|100/100
|move|p1a: Rillaboom|Knock Off|p2a: Iron Hands
|-resisted|p2a: Iron Hands
|-damage|p2a: Iron Hands|86/100
|-enditem|p2a: Iron Hands|Leftovers|[from] move: Knock Off|[of] p1a: Rillaboom
|-damage|p1a: Rillaboom|90/100|[from] item: Life Orb
|
|-heal|p1a: Rillaboom|96/100|[from] Grassy Terrain
|-heal|p2a: Iron Hands|92/100|[from] Grassy Terrain
|upkeep
|turn|8
|inactive|ChopsFCC has 120 seconds left.
|
|t:|1760439172
|switch|p1a: Heatran|Heatran, M|100/100
|move|p2a: Iron Hands|Swords Dance|p2a: Iron Hands
|-boost|p2a: Iron Hands|atk|2
|
|-heal|p2a: Iron Hands|98/100|[from] Grassy Terrain
|upkeep
|turn|9
|
|t:|1760439181
|-terastallize|p1a: Heatran|Ghost
|move|p1a: Heatran|Will-O-Wisp|p2a: Iron Hands
|-status|p2a: Iron Hands|brn
|move|p2a: Iron Hands|Drain Punch|p1a: Heatran
|-immune|p1a: Heatran
|
|-heal|p2a: Iron Hands|100/100 brn|[from] Grassy Terrain
|-damage|p2a: Iron Hands|94/100 brn|[from] brn
|upkeep
|turn|10
|
|t:|1760439192
|move|p1a: Heatran|Stealth Rock|p2a: Iron Hands
|-sidestart|p2: MegaHitmonleeWhen|move: Stealth Rock
|move|p2a: Iron Hands|Supercell Slam|p1a: Heatran
|-damage|p1a: Heatran|46/100
|
|-heal|p1a: Heatran|53/100|[from] Grassy Terrain
|-heal|p1a: Heatran|59/100|[from] item: Leftovers
|-heal|p2a: Iron Hands|100/100 brn|[from] Grassy Terrain
|-damage|p2a: Iron Hands|94/100 brn|[from] brn
|-fieldend|move: Grassy Terrain
|upkeep
|turn|11
|
|t:|1760439203
|move|p1a: Heatran|Earth Power|p2a: Iron Hands
|-supereffective|p2a: Iron Hands
|-damage|p2a: Iron Hands|50/100 brn
|-unboost|p2a: Iron Hands|spd|1
|move|p2a: Iron Hands|Swords Dance|p2a: Iron Hands
|-boost|p2a: Iron Hands|atk|2
|
|-heal|p1a: Heatran|65/100|[from] item: Leftovers
|-damage|p2a: Iron Hands|44/100 brn|[from] brn
|upkeep
|turn|12
|
|t:|1760439213
|move|p1a: Heatran|Earth Power|p2a: Iron Hands
|-supereffective|p2a: Iron Hands
|-damage|p2a: Iron Hands|0 fnt
|faint|p2a: Iron Hands
|-end|p2a: Iron Hands|Quark Drive|[silent]
|
|-heal|p1a: Heatran|71/100|[from] item: Leftovers
|upkeep
|c|☆MegaHitmonleeWhen|Hax
|
|t:|1760439226
|switch|p2a: Barraskewda|Barraskewda, M|100/100
|-damage|p2a: Barraskewda|88/100|[from] Stealth Rock
|turn|13
|
|t:|1760439237
|switch|p1a: Alomomola|Alomomola, F|100/100
|-terastallize|p2a: Barraskewda|Water
|move|p2a: Barraskewda|Flip Turn|p1a: Alomomola
|-resisted|p1a: Alomomola
|-damage|p1a: Alomomola|79/100
|
|t:|1760439246
|switch|p2a: Great Tusk|Great Tusk|100/100|[from] Flip Turn
|-damage|p2a: Great Tusk|98/100|[from] Stealth Rock
|
|upkeep
|turn|14
|
|t:|1760439255
|move|p2a: Great Tusk|Rapid Spin|p1a: Alomomola
|-damage|p1a: Alomomola|69/100
|-boost|p2a: Great Tusk|spe|1
|-sideend|p2: MegaHitmonleeWhen|Stealth Rock|[from] move: Rapid Spin|[of] p2a: Great Tusk
|move|p1a: Alomomola|Flip Turn|p2a: Great Tusk
|-supereffective|p2a: Great Tusk
|-damage|p2a: Great Tusk|81/100
|-damage|p1a: Alomomola|52/100|[from] item: Rocky Helmet|[of] p2a: Great Tusk
|
|t:|1760439262
|switch|p1a: Rillaboom|Rillaboom, M|96/100|[from] Flip Turn
|-fieldstart|move: Grassy Terrain|[from] ability: Grassy Surge|[of] p1a: Rillaboom
|
|-heal|p2a: Great Tusk|87/100|[from] Grassy Terrain
|-heal|p1a: Rillaboom|100/100|[from] Grassy Terrain
|upkeep
|turn|15
|
|t:|1760439272
|move|p2a: Great Tusk|Stealth Rock|p1a: Rillaboom
|-sidestart|p1: ChopsFCC|move: Stealth Rock
|move|p1a: Rillaboom|Knock Off|p2a: Great Tusk
|-resisted|p2a: Great Tusk
|-damage|p2a: Great Tusk|75/100
|-damage|p1a: Rillaboom|84/100|[from] item: Rocky Helmet|[of] p2a: Great Tusk
|-enditem|p2a: Great Tusk|Rocky Helmet|[from] move: Knock Off|[of] p1a: Rillaboom
|-damage|p1a: Rillaboom|74/100|[from] item: Life Orb
|
|-heal|p2a: Great Tusk|82/100|[from] Grassy Terrain
|-heal|p1a: Rillaboom|80/100|[from] Grassy Terrain
|upkeep
|turn|16
|
|t:|1760439285
|move|p1a: Rillaboom|Grassy Glide|p2a: Great Tusk
|-supereffective|p2a: Great Tusk
|-damage|p2a: Great Tusk|27/100
|-damage|p1a: Rillaboom|70/100|[from] item: Life Orb
|move|p2a: Great Tusk|Body Press|p1a: Rillaboom
|-damage|p1a: Rillaboom|28/100
|
|-heal|p2a: Great Tusk|33/100|[from] Grassy Terrain
|-heal|p1a: Rillaboom|34/100|[from] Grassy Terrain
|upkeep
|turn|17
|
|t:|1760439299
|-end|p2a: Great Tusk|Protosynthesis|[silent]
|switch|p2a: Magnezone|Magnezone|76/100
|move|p1a: Rillaboom|Knock Off|p2a: Magnezone
|-damage|p2a: Magnezone|23/100
|-enditem|p2a: Magnezone|Choice Scarf|[from] move: Knock Off|[of] p1a: Rillaboom
|-damage|p1a: Rillaboom|24/100|[from] item: Life Orb
|
|-heal|p1a: Rillaboom|30/100|[from] Grassy Terrain
|-heal|p2a: Magnezone|29/100|[from] Grassy Terrain
|upkeep
|turn|18
|
|t:|1760439310
|move|p1a: Rillaboom|Wood Hammer|p2a: Magnezone
|-resisted|p2a: Magnezone
|-damage|p2a: Magnezone|0 fnt
|faint|p2a: Magnezone
|-damage|p1a: Rillaboom|22/100|[from] Recoil
|-damage|p1a: Rillaboom|12/100|[from] item: Life Orb
|
|-heal|p1a: Rillaboom|18/100|[from] Grassy Terrain
|-fieldend|move: Grassy Terrain
|upkeep
|
|t:|1760439317
|switch|p2a: Regidrago|Regidrago|100/100
|turn|19
|
|t:|1760439321
|move|p2a: Regidrago|Dragon Energy|p1a: Rillaboom
|-damage|p1a: Rillaboom|0 fnt
|faint|p1a: Rillaboom
|
|upkeep
|
|t:|1760439330
|switch|p1a: Iron Crown|Iron Crown|76/100
|-damage|p1a: Iron Crown|70/100|[from] Stealth Rock
|turn|20
|
|t:|1760439344
|switch|p2a: Great Tusk|Great Tusk|33/100
|move|p1a: Iron Crown|Psychic Noise|p2a: Great Tusk
|-supereffective|p2a: Great Tusk
|-damage|p2a: Great Tusk|0 fnt
|faint|p2a: Great Tusk
|-end|p2a: Great Tusk|Protosynthesis|[silent]
|
|upkeep
|
|t:|1760439349
|switch|p2a: Barraskewda|Barraskewda, M, tera:Water|88/100
|turn|21
|
|t:|1760439353
|-end|p1a: Iron Crown|Quark Drive|[silent]
|switch|p1a: Alomomola|Alomomola, F|85/100
|move|p2a: Barraskewda|Flip Turn|p1a: Alomomola
|-resisted|p1a: Alomomola
|-damage|p1a: Alomomola|66/100
|
|t:|1760439357
|switch|p2a: Regidrago|Regidrago|100/100|[from] Flip Turn
|
|upkeep
|turn|22
|
|t:|1760439360
|move|p1a: Alomomola|Protect|p1a: Alomomola
|-singleturn|p1a: Alomomola|Protect
|move|p2a: Regidrago|Dragon Energy|p1a: Alomomola
|-activate|p1a: Alomomola|move: Protect
|
|upkeep
|turn|23
|inactive|ChopsFCC has 120 seconds left.
|
|t:|1760439395
|switch|p1a: Iron Crown|Iron Crown|70/100
|-damage|p1a: Iron Crown|63/100|[from] Stealth Rock
|move|p2a: Regidrago|Dragon Energy|p1a: Iron Crown
|-resisted|p1a: Iron Crown
|-damage|p1a: Iron Crown|30/100
|
|upkeep
|turn|24
|inactive|ChopsFCC has 120 seconds left.
|
|t:|1760439406
|move|p2a: Regidrago|Dragon Energy|p1a: Iron Crown
|-resisted|p1a: Iron Crown
|-damage|p1a: Iron Crown|0 fnt
|faint|p1a: Iron Crown
|-end|p1a: Iron Crown|Quark Drive|[silent]
|
|upkeep
|
|t:|1760439417
|switch|p1a: Raging Bolt|Raging Bolt|100/100
|-damage|p1a: Raging Bolt|88/100|[from] Stealth Rock
|turn|25
|
|t:|1760439421
|move|p1a: Raging Bolt|Thunderclap|p2a: Regidrago
|-resisted|p2a: Regidrago
|-damage|p2a: Regidrago|74/100
|-damage|p1a: Raging Bolt|78/100|[from] item: Life Orb
|move|p2a: Regidrago|Dragon Energy|p1a: Raging Bolt
|-supereffective|p1a: Raging Bolt
|-damage|p1a: Raging Bolt|0 fnt
|faint|p1a: Raging Bolt
|-end|p1a: Raging Bolt|Protosynthesis|[silent]
|
|upkeep
|inactive|ChopsFCC has 120 seconds left.
|
|t:|1760439438
|switch|p1a: Alomomola|Alomomola, F|99/100
|turn|26
|
|t:|1760439445
|switch|p2a: Barraskewda|Barraskewda, M, tera:Water|88/100
|move|p1a: Alomomola|Body Slam|p2a: Barraskewda
|-damage|p2a: Barraskewda|60/100
|
|upkeep
|turn|27
|
|t:|1760439451
|move|p1a: Alomomola|Protect|p1a: Alomomola
|-singleturn|p1a: Alomomola|Protect
|move|p2a: Barraskewda|Flip Turn|p1a: Alomomola
|-activate|p1a: Alomomola|move: Protect
|
|upkeep
|turn|28
|
|t:|1760439461
|move|p2a: Barraskewda|Flip Turn|p1a: Alomomola
|-resisted|p1a: Alomomola
|-damage|p1a: Alomomola|80/100
|
|t:|1760439465
|switch|p2a: Clodsire|Clodsire, F|53/100 par|[from] Flip Turn
|move|p1a: Alomomola|Wish|p1a: Alomomola
|
|-heal|p2a: Clodsire|60/100 par|[from] item: Leftovers
|upkeep
|turn|29
|
|t:|1760439473
|switch|p1a: Heatran|Heatran, M, tera:Ghost|71/100
|-damage|p1a: Heatran|59/100|[from] Stealth Rock
|move|p2a: Clodsire|Toxic|p1a: Heatran
|-status|p1a: Heatran|tox
|
|-heal|p1a: Heatran|100/100 tox|[from] move: Wish|[wisher] Alomomola
|-heal|p2a: Clodsire|66/100 par|[from] item: Leftovers
|-damage|p1a: Heatran|94/100 tox|[from] psn
|upkeep
|turn|30
|
|t:|1760439482
|move|p1a: Heatran|Stealth Rock|p2a: Clodsire
|-sidestart|p2: MegaHitmonleeWhen|move: Stealth Rock
|move|p2a: Clodsire|Recover|p2a: Clodsire
|-heal|p2a: Clodsire|100/100 par
|
|-heal|p1a: Heatran|100/100 tox|[from] item: Leftovers
|-damage|p1a: Heatran|88/100 tox|[from] psn
|upkeep
|turn|31
|
|t:|1760439487
|move|p1a: Heatran|Magma Storm|p2a: Clodsire
|-damage|p2a: Clodsire|78/100 par
|-activate|p2a: Clodsire|move: Magma Storm|[of] p1a: Heatran
|move|p2a: Clodsire|Spikes|p1a: Heatran
|-sidestart|p1: ChopsFCC|Spikes
|
|-heal|p1a: Heatran|94/100 tox|[from] item: Leftovers
|-heal|p2a: Clodsire|84/100 par|[from] item: Leftovers
|-damage|p1a: Heatran|76/100 tox|[from] psn
|-damage|p2a: Clodsire|72/100 par|[from] move: Magma Storm|[partiallytrapped]
|upkeep
|turn|32
|
|t:|1760439497
|move|p1a: Heatran|Earth Power|p2a: Clodsire
|-supereffective|p2a: Clodsire
|-damage|p2a: Clodsire|42/100 par
|move|p2a: Clodsire|Spikes|p1a: Heatran
|-sidestart|p1: ChopsFCC|Spikes
|
|-heal|p1a: Heatran|82/100 tox|[from] item: Leftovers
|-heal|p2a: Clodsire|48/100 par|[from] item: Leftovers
|-damage|p1a: Heatran|57/100 tox|[from] psn
|-damage|p2a: Clodsire|36/100 par|[from] move: Magma Storm|[partiallytrapped]
|upkeep
|turn|33
|
|t:|1760439508
|switch|p1a: Zamazenta|Zamazenta|100/100
|-damage|p1a: Zamazenta|94/100|[from] Stealth Rock
|-damage|p1a: Zamazenta|78/100|[from] Spikes
|-ability|p1a: Zamazenta|Dauntless Shield|boost
|-boost|p1a: Zamazenta|def|1
|move|p2a: Clodsire|Recover|p2a: Clodsire
|-heal|p2a: Clodsire|86/100 par
|
|-heal|p2a: Clodsire|92/100 par|[from] item: Leftovers
|-end|p2a: Clodsire|Magma Storm|[partiallytrapped]|[silent]
|upkeep
|turn|34
|
|t:|1760439521
|move|p1a: Zamazenta|Ice Fang|p2a: Clodsire
|-supereffective|p2a: Clodsire
|-damage|p2a: Clodsire|32/100 par
|-damage|p1a: Zamazenta|68/100|[from] item: Life Orb
|move|p2a: Clodsire|Toxic|p1a: Zamazenta
|-status|p1a: Zamazenta|tox
|
|-heal|p2a: Clodsire|39/100 par|[from] item: Leftovers
|-damage|p1a: Zamazenta|62/100 tox|[from] psn
|upkeep
|turn|35
|
|t:|1760439537
|move|p1a: Zamazenta|Crunch|p2a: Clodsire
|-damage|p2a: Clodsire|0 fnt
|faint|p2a: Clodsire
|-damage|p1a: Zamazenta|52/100 tox|[from] item: Life Orb
|
|-damage|p1a: Zamazenta|40/100 tox|[from] psn
|upkeep
|
|t:|1760439540
|switch|p2a: Regidrago|Regidrago|74/100
|-damage|p2a: Regidrago|61/100|[from] Stealth Rock
|turn|36
|
|t:|1760439553
|move|p2a: Regidrago|Dragon Pulse|p1a: Zamazenta
|-damage|p1a: Zamazenta|0 fnt
|faint|p1a: Zamazenta
|
|upkeep
|
|t:|1760439565
|switch|p1a: Alomomola|Alomomola, F|100/100
|turn|37
|
|t:|1760439573
|move|p1a: Alomomola|Protect|p1a: Alomomola
|-singleturn|p1a: Alomomola|Protect
|move|p2a: Regidrago|Dragon Pulse|p1a: Alomomola
|-activate|p1a: Alomomola|move: Protect
|
|upkeep
|turn|38
|
|t:|1760439578
|move|p2a: Regidrago|Dragon Pulse|p1a: Alomomola
|-damage|p1a: Alomomola|55/100
|move|p1a: Alomomola|Body Slam|p2a: Regidrago
|-damage|p2a: Regidrago|45/100
|-status|p2a: Regidrago|par
|
|upkeep
|turn|39
|
|t:|1760439588
|switch|p1a: Heatran|Heatran, M, tera:Ghost|57/100 tox
|-damage|p1a: Heatran|45/100 tox|[from] Stealth Rock
|-damage|p1a: Heatran|28/100 tox|[from] Spikes
|move|p2a: Regidrago|Dragon Pulse|p1a: Heatran
|-damage|p1a: Heatran|0 fnt
|faint|p1a: Heatran
|
|upkeep
|
|t:|1760439595
|switch|p1a: Alomomola|Alomomola, F|88/100
|turn|40
|
|t:|1760439599
|switch|p2a: Barraskewda|Barraskewda, M, tera:Water|60/100
|-damage|p2a: Barraskewda|48/100|[from] Stealth Rock
|move|p1a: Alomomola|Protect||[still]
|-fail|p1a: Alomomola
|
|upkeep
|turn|41
|
|t:|1760439608
|move|p2a: Barraskewda|Liquidation|p1a: Alomomola
|-resisted|p1a: Alomomola
|-damage|p1a: Alomomola|61/100
|move|p1a: Alomomola|Wish|p1a: Alomomola
|
|upkeep
|turn|42
|
|t:|1760439617
|move|p1a: Alomomola|Protect|p1a: Alomomola
|-singleturn|p1a: Alomomola|Protect
|move|p2a: Barraskewda|Liquidation|p1a: Alomomola
|-activate|p1a: Alomomola|move: Protect
|
|-heal|p1a: Alomomola|100/100|[from] move: Wish|[wisher] Alomomola
|upkeep
|turn|43
|
|t:|1760439624
|move|p2a: Barraskewda|Liquidation|p1a: Alomomola
|-resisted|p1a: Alomomola
|-damage|p1a: Alomomola|75/100
|move|p1a: Alomomola|Body Slam|p2a: Barraskewda
|-damage|p2a: Barraskewda|16/100
|
|upkeep
|turn|44
|
|t:|1760439637
|move|p2a: Barraskewda|Liquidation|p1a: Alomomola
|-resisted|p1a: Alomomola
|-damage|p1a: Alomomola|46/100
|move|p1a: Alomomola|Wish|p1a: Alomomola
|
|upkeep
|turn|45
|inactive|ChopsFCC has 120 seconds left.
|
|t:|1760439671
|move|p1a: Alomomola|Protect|p1a: Alomomola
|-singleturn|p1a: Alomomola|Protect
|move|p2a: Barraskewda|Liquidation|p1a: Alomomola
|-activate|p1a: Alomomola|move: Protect
|
|-heal|p1a: Alomomola|96/100|[from] move: Wish|[wisher] Alomomola
|upkeep
|turn|46
|inactive|ChopsFCC has 120 seconds left.
|
|t:|1760439682
|move|p2a: Barraskewda|Liquidation|p1a: Alomomola
|-resisted|p1a: Alomomola
|-damage|p1a: Alomomola|68/100
|move|p1a: Alomomola|Wish|p1a: Alomomola
|
|upkeep
|turn|47
|
|t:|1760439695
|move|p2a: Barraskewda|Liquidation|p1a: Alomomola
|-resisted|p1a: Alomomola
|-damage|p1a: Alomomola|41/100
|move|p1a: Alomomola|Body Slam|p2a: Barraskewda
|-damage|p2a: Barraskewda|0 fnt
|faint|p2a: Barraskewda
|
|-heal|p1a: Alomomola|91/100|[from] move: Wish|[wisher] Alomomola
|upkeep
|
|t:|1760439702
|switch|p2a: Regidrago|Regidrago|45/100 par
|-damage|p2a: Regidrago|32/100 par|[from] Stealth Rock
|turn|48
|
|t:|1760439708
|move|p1a: Alomomola|Protect|p1a: Alomomola
|-singleturn|p1a: Alomomola|Protect
|move|p2a: Regidrago|Dragon Pulse|p1a: Alomomola
|-activate|p1a: Alomomola|move: Protect
|
|upkeep
|turn|49
|
|t:|1760439713
|move|p2a: Regidrago|Dragon Pulse|p1a: Alomomola
|-crit|p1a: Alomomola
|-damage|p1a: Alomomola|18/100
|move|p1a: Alomomola|Body Slam|p2a: Regidrago
|-damage|p2a: Regidrago|16/100 par
|
|upkeep
|turn|50
|
|t:|1760439722
|move|p1a: Alomomola|Protect|p1a: Alomomola
|-singleturn|p1a: Alomomola|Protect
|cant|p2a: Regidrago|par
|
|upkeep
|turn|51
|
|t:|1760439726
|move|p2a: Regidrago|Dragon Pulse|p1a: Alomomola
|-damage|p1a: Alomomola|0 fnt
|faint|p1a: Alomomola
|
|win|MegaHitmonleeWhen
|raw|ChopsFCC's rating: 1441 &rarr; <strong>1416</strong><br />(-25 for losing)
|raw|MegaHitmonleeWhen's rating: 1360 &rarr; <strong>1385</strong><br />(+25 for winning)
|l|☆MegaHitmonleeWhen
|player|p2|
|c|☆ChopsFCC|talks about hax
|l|☆ChopsFCC
|player|p1|
