|j|☆drop a baby
|j|☆brilliance12345678
|t:|1760326482
|gametype|singles
|player|p1|drop a baby|chase|1799
|player|p2|brilliance12345678|lady-gen4|1800
|gen|9
|tier|[Gen 9] OU
|rated|
|rule|HP Percentage Mod: HP is shown in percentages
|rule|Endless Battle Clause: Forcing endless battles is banned
|rule|Species Clause: Limit one of each Pokémon
|rule|OHKO Clause: OHKO moves are banned
|rule|Evasion Items Clause: Evasion items are banned
|rule|Evasion Moves Clause: Evasion moves are banned
|rule|Evasion Abilities Clause: Evasion abilities are banned
|rule|Sleep Moves Clause: Sleep-inducing moves are banned
|clearpoke
|poke|p1|Iron Moth|
|poke|p1|Kingambit, M|
|poke|p1|Dragonite, F|
|poke|p1|Ogerpon-Cornerstone, F|
|poke|p1|Iron Valiant|
|poke|p1|Raging Bolt|
|poke|p2|Darkrai|
|poke|p2|Dragonite, F|
|poke|p2|Iron Treads|
|poke|p2|Ceruledge, F|
|poke|p2|Iron Valiant|
|poke|p2|Kingambit, M|
|teampreview
|inactive|Battle timer is ON: inactive players will automatically lose when time's up. (requested by drop a baby)
|
|t:|1760326487
|teamsize|p1|6
|teamsize|p2|6
|start
|switch|p1a: Iron Valiant|Iron Valiant|100/100
|switch|p2a: phys darkray|Darkrai|100/100
|-enditem|p1a: Iron Valiant|Booster Energy
|-activate|p1a: Iron Valiant|ability: Quark Drive|[fromitem]
|-start|p1a: Iron Valiant|quarkdrivespe
|turn|1
|
|t:|1760326493
|move|p1a: Iron Valiant|Close Combat|p2a: phys darkray
|-supereffective|p2a: phys darkray
|-enditem|p2a: phys darkray|Focus Sash
|-damage|p2a: phys darkray|1/100
|-unboost|p1a: Iron Valiant|def|1
|-unboost|p1a: Iron Valiant|spd|1
|move|p2a: phys darkray|Psyshock|p1a: Iron Valiant
|-supereffective|p1a: Iron Valiant
|-damage|p1a: Iron Valiant|0 fnt
|faint|p1a: Iron Valiant
|-end|p1a: Iron Valiant|Quark Drive|[silent]
|
|upkeep
|
|t:|1760326502
|switch|p1a: Iron Moth|Iron Moth|100/100
|-enditem|p1a: Iron Moth|Booster Energy
|-activate|p1a: Iron Moth|ability: Quark Drive|[fromitem]
|-start|p1a: Iron Moth|quarkdrivespe
|turn|2
|
|t:|1760326506
|move|p1a: Iron Moth|Sludge Wave|p2a: phys darkray
|-damage|p2a: phys darkray|0 fnt
|faint|p2a: phys darkray
|
|upkeep
|
|t:|1760326515
|switch|p2a: Very mad|Dragonite, F|100/100
|turn|3
|
|t:|1760326517
|move|p1a: Iron Moth|Dazzling Gleam|p2a: Very mad
|-supereffective|p2a: Very mad
|-damage|p2a: Very mad|72/100
|move|p2a: Very mad|Earthquake|p1a: Iron Moth
|-supereffective|p1a: Iron Moth
|-damage|p1a: Iron Moth|0 fnt
|faint|p1a: Iron Moth
|-end|p1a: Iron Moth|Quark Drive|[silent]
|
|upkeep
|
|t:|1760326519
|switch|p1a: Ogerpon|Ogerpon-Cornerstone, F|100/100
|turn|4
|
|t:|1760326522
|move|p2a: Very mad|Extreme Speed|p1a: Ogerpon
|-resisted|p1a: Ogerpon
|-damage|p1a: Ogerpon|82/100
|move|p1a: Ogerpon|Ivy Cudgel|p2a: Very mad|[anim] Ivy Cudgel Rock
|-supereffective|p2a: Very mad
|-damage|p2a: Very mad|0 fnt
|faint|p2a: Very mad
|
|upkeep
|
|t:|1760326525
|switch|p2a: D1 goat|Ceruledge, F|100/100
|turn|5
|
|t:|1760326530
|move|p1a: Ogerpon|Ivy Cudgel|p2a: D1 goat|[anim] Ivy Cudgel Rock
|-supereffective|p2a: D1 goat
|-enditem|p2a: D1 goat|Focus Sash
|-damage|p2a: D1 goat|1/100
|-ability|p2a: D1 goat|Weak Armor|boost
|-unboost|p2a: D1 goat|def|1
|-boost|p2a: D1 goat|spe|2
|move|p2a: D1 goat|Swords Dance|p2a: D1 goat
|-boost|p2a: D1 goat|atk|2
|
|upkeep
|turn|6
|
|t:|1760326535
|switch|p1a: Raging Bolt|Raging Bolt|100/100
|-enditem|p1a: Raging Bolt|Booster Energy
|-activate|p1a: Raging Bolt|ability: Protosynthesis|[fromitem]
|-start|p1a: Raging Bolt|protosynthesisspa
|move|p2a: D1 goat|Bitter Blade|p1a: Raging Bolt
|-resisted|p1a: Raging Bolt
|-damage|p1a: Raging Bolt|57/100
|-heal|p2a: D1 goat|30/100|[from] drain|[of] p1a: Raging Bolt
|
|upkeep
|turn|7
|
|t:|1760326538
|move|p2a: D1 goat|Close Combat|p1a: Raging Bolt
|-damage|p1a: Raging Bolt|0 fnt
|-unboost|p2a: D1 goat|def|1
|-unboost|p2a: D1 goat|spd|1
|faint|p1a: Raging Bolt
|-end|p1a: Raging Bolt|Protosynthesis|[silent]
|
|upkeep
|
|t:|1760326543
|switch|p1a: Kingambit|Kingambit, M|100/100
|-activate|p1a: Kingambit|ability: Supreme Overlord
|-start|p1a: Kingambit|fallen3|[silent]
|turn|8
|
|t:|1760326546
|move|p1a: Kingambit|Sucker Punch||[still]
|-fail|p1a: Kingambit
|move|p2a: D1 goat|Swords Dance|p2a: D1 goat
|-boost|p2a: D1 goat|atk|2
|
|upkeep
|turn|9
|
|t:|1760326548
|move|p1a: Kingambit|Sucker Punch||[still]
|-fail|p1a: Kingambit
|move|p2a: D1 goat|Swords Dance|p2a: D1 goat
|-boost|p2a: D1 goat|atk|2
|
|upkeep
|turn|10
|
|t:|1760326554
|move|p2a: D1 goat|Swords Dance|p2a: D1 goat
|-boost|p2a: D1 goat|atk|0
|move|p1a: Kingambit|Kowtow Cleave|p2a: D1 goat
|-supereffective|p2a: D1 goat
|-damage|p2a: D1 goat|0 fnt
|faint|p2a: D1 goat
|
|upkeep
|
|t:|1760326558
|switch|p2a: Iron Valiant|Iron Valiant|100/100
|-enditem|p2a: Iron Valiant|Booster Energy
|-activate|p2a: Iron Valiant|ability: Quark Drive|[fromitem]
|-start|p2a: Iron Valiant|quarkdrivespe
|turn|11
|
|t:|1760326562
|-end|p1a: Kingambit|fallen3|[silent]
|switch|p1a: Ogerpon|Ogerpon-Cornerstone, F|82/100
|move|p2a: Iron Valiant|Close Combat|p1a: Ogerpon
|-supereffective|p1a: Ogerpon
|-damage|p1a: Ogerpon|0 fnt
|-unboost|p2a: Iron Valiant|def|1
|-unboost|p2a: Iron Valiant|spd|1
|faint|p1a: Ogerpon
|
|upkeep
|
|t:|1760326566
|switch|p1a: Dragonite|Dragonite, F|100/100
|turn|12
|
|t:|1760326571
|move|p2a: Iron Valiant|Moonblast|p1a: Dragonite
|-supereffective|p1a: Dragonite
|-damage|p1a: Dragonite|51/100
|move|p1a: Dragonite|Dragon Dance|p1a: Dragonite
|-boost|p1a: Dragonite|atk|1
|-boost|p1a: Dragonite|spe|1
|
|upkeep
|turn|13
|
|t:|1760326581
|-terastallize|p1a: Dragonite|Flying
|move|p2a: Iron Valiant|Moonblast|p1a: Dragonite
|-damage|p1a: Dragonite|4/100
|-unboost|p1a: Dragonite|spa|1
|move|p1a: Dragonite|Dragon Dance|p1a: Dragonite
|-boost|p1a: Dragonite|atk|1
|-boost|p1a: Dragonite|spe|1
|
|upkeep
|turn|14
|
|t:|1760326592
|move|p1a: Dragonite|Earthquake|p2a: Iron Valiant
|-crit|p2a: Iron Valiant
|-damage|p2a: Iron Valiant|0 fnt
|faint|p2a: Iron Valiant
|-end|p2a: Iron Valiant|Quark Drive|[silent]
|
|upkeep
|
|t:|1760326595
|switch|p2a: better than crown|Iron Treads|100/100
|-enditem|p2a: better than crown|Booster Energy
|-activate|p2a: better than crown|ability: Quark Drive|[fromitem]
|-start|p2a: better than crown|quarkdriveatk
|turn|15
|
|t:|1760326601
|-terastallize|p2a: better than crown|Flying
|move|p1a: Dragonite|Tera Blast|p2a: better than crown|[anim] Tera Blast Flying
|-damage|p2a: better than crown|0 fnt
|faint|p2a: better than crown
|-end|p2a: better than crown|Quark Drive|[silent]
|
|upkeep
|c|☆brilliance12345678|lol
|
|t:|1760326608
|switch|p2a: take a guess|Kingambit, M|100/100
|-activate|p2a: take a guess|ability: Supreme Overlord
|-start|p2a: take a guess|fallen5|[silent]
|turn|16
|
|t:|1760326612
|move|p2a: take a guess|Sucker Punch||[still]
|-fail|p2a: take a guess
|move|p1a: Dragonite|Encore|p2a: take a guess
|-start|p2a: take a guess|Encore
|
|upkeep
|turn|17
|
|t:|1760326616
|move|p2a: take a guess|Sucker Punch||[still]
|-fail|p2a: take a guess
|move|p1a: Dragonite|Dragon Dance|p1a: Dragonite
|-boost|p1a: Dragonite|atk|1
|-boost|p1a: Dragonite|spe|1
|
|upkeep
|turn|18
|
|t:|1760326619
|move|p2a: take a guess|Sucker Punch||[still]
|-fail|p2a: take a guess
|move|p1a: Dragonite|Dragon Dance|p1a: Dragonite
|-boost|p1a: Dragonite|atk|1
|-boost|p1a: Dragonite|spe|1
|
|upkeep
|turn|19
|
|t:|1760326622
|move|p2a: take a guess|Sucker Punch||[still]
|-fail|p2a: take a guess
|move|p1a: Dragonite|Dragon Dance|p1a: Dragonite
|-boost|p1a: Dragonite|atk|1
|-boost|p1a: Dragonite|spe|1
|
|-end|p2a: take a guess|Encore
|upkeep
|turn|20
|
|t:|1760326626
|move|p2a: take a guess|Sucker Punch||[still]
|-fail|p2a: take a guess
|move|p1a: Dragonite|Encore|p2a: take a guess
|-start|p2a: take a guess|Encore
|
|upkeep
|turn|21
|
|t:|1760326629
|move|p2a: take a guess|Sucker Punch||[still]
|-fail|p2a: take a guess
|move|p1a: Dragonite|Dragon Dance|p1a: Dragonite
|-boost|p1a: Dragonite|atk|1
|-boost|p1a: Dragonite|spe|1
|
|upkeep
|turn|22
|
|t:|1760326633
|move|p2a: take a guess|Sucker Punch||[still]
|-fail|p2a: take a guess
|move|p1a: Dragonite|Dragon Dance|p1a: Dragonite
|-boost|p1a: Dragonite|atk|0
|-boost|p1a: Dragonite|spe|0
|
|upkeep
|turn|23
|
|t:|1760326637
|move|p2a: take a guess|Sucker Punch||[still]
|-fail|p2a: take a guess
|move|p1a: Dragonite|Dragon Dance|p1a: Dragonite
|-boost|p1a: Dragonite|atk|0
|-boost|p1a: Dragonite|spe|0
|
|-end|p2a: take a guess|Encore
|upkeep
|turn|24
|
|t:|1760326652
|move|p1a: Dragonite|Earthquake|p2a: take a guess
|-supereffective|p2a: take a guess
|-damage|p2a: take a guess|0 fnt
|faint|p2a: take a guess
|-end|p2a: take a guess|fallen5|[silent]
|
|win|drop a baby
|raw|drop a baby's rating: 1799 &rarr; <strong>1819</strong><br />(+20 for winning)
|raw|brilliance12345678's rating: 1800 &rarr; <strong>1780</strong><br />(-20 for losing)
|l|☆brilliance12345678
|player|p2|
