|j|☆AlexCHZ
|j|☆potatochu2345
|t:|1760378827
|gametype|singles
|player|p1|AlexCHZ|hilbert-wonderlauncher|1081
|player|p2|potatochu2345|170|1032
|gen|9
|tier|[Gen 9] OU
|rated|
|rule|HP Percentage Mod: HP is shown in percentages
|rule|Endless Battle Clause: Forcing endless battles is banned
|rule|Species Clause: Limit one of each Pokémon
|rule|OHKO Clause: OHKO moves are banned
|rule|Evasion Items Clause: Evasion items are banned
|rule|Evasion Moves Clause: Evasion moves are banned
|rule|Evasion Abilities Clause: Evasion abilities are banned
|rule|Sleep Moves Clause: Sleep-inducing moves are banned
|clearpoke
|poke|p1|Pincurchin, M|
|poke|p1|Hawlucha, F|
|poke|p1|Iron Moth|
|poke|p1|Moltres-Galar|
|poke|p1|Arboliva, F|
|poke|p1|Mienshao, F|
|poke|p2|Ninetales-Alola, F|
|poke|p2|Alomomola, M|
|poke|p2|Sandslash-Alola, F|
|poke|p2|Gholdengo|
|poke|p2|Hatterene, F|
|poke|p2|Slowking-Galar, F|
|teampreview
|inactive|Battle timer is ON: inactive players will automatically lose when time's up. (requested by potatochu2345)
|
|t:|1760378837
|teamsize|p1|6
|teamsize|p2|6
|start
|switch|p1a: Iron Moth|Iron Moth|100/100
|switch|p2a: Slowking|Slowking-Galar, F|100/100
|turn|1
|
|t:|1760378852
|-end|p1a: Iron Moth|Quark Drive|[silent]
|switch|p1a: Moltres|Moltres-Galar|100/100
|move|p2a: Slowking|Psychic|p1a: Moltres
|-immune|p1a: Moltres
|
|upkeep
|turn|2
|
|t:|1760378860
|move|p1a: Moltres|Fiery Wrath|p2a: Slowking
|-supereffective|p2a: Slowking
|-damage|p2a: Slowking|40/100
|-prepare|p2a: Slowking|Chilly Reception|[premajor]
|move|p2a: Slowking|Chilly Reception|p2a: Slowking
|-weather|Snowscape
|
|t:|1760378868
|switch|p2a: Sandslash|Sandslash-Alola, F, shiny|100/100|[from] Chilly Reception
|
|-weather|Snowscape|[upkeep]
|upkeep
|turn|3
|
|t:|1760378890
|-terastallize|p1a: Moltres|Fire
|move|p2a: Sandslash|Ice Spinner|p1a: Moltres
|-resisted|p1a: Moltres
|-damage|p1a: Moltres|77/100
|move|p1a: Moltres|Tera Blast|p2a: Sandslash|[anim] Tera Blast Fire
|-supereffective|p2a: Sandslash
|-damage|p2a: Sandslash|0 fnt
|faint|p2a: Sandslash
|
|-weather|Snowscape|[upkeep]
|upkeep
|
|t:|1760378902
|switch|p2a: Alomomola|Alomomola, M|100/100
|turn|4
|
|t:|1760378909
|move|p1a: Moltres|Nasty Plot|p1a: Moltres
|-boost|p1a: Moltres|spa|2
|move|p2a: Alomomola|Flip Turn|p1a: Moltres
|-supereffective|p1a: Moltres
|-damage|p1a: Moltres|43/100
|-ability|p1a: Moltres|Berserk|boost
|-boost|p1a: Moltres|spa|1
|
|t:|1760378922
|switch|p2a: Slowking|Slowking-Galar, F|73/100|[from] Flip Turn
|
|-weather|Snowscape|[upkeep]
|-heal|p2a: Slowking|79/100|[from] item: Black Sludge
|upkeep
|turn|5
|
|t:|1760378931
|move|p1a: Moltres|Fiery Wrath|p2a: Slowking
|-supereffective|p2a: Slowking
|-damage|p2a: Slowking|0 fnt
|faint|p2a: Slowking
|
|-weather|Snowscape|[upkeep]
|upkeep
|-message|potatochu2345 forfeited.
|
|win|AlexCHZ
|raw|AlexCHZ's rating: 1081 &rarr; <strong>1105</strong><br />(+24 for winning)
|raw|potatochu2345's rating: 1032 &rarr; <strong>1019</strong><br />(-13 for losing)
|l|☆potatochu2345
|player|p2|
