|j|☆Glinteighty
|j|☆ch1ck3n nu99ets
|t:|1760332831
|gametype|singles
|player|p1|Glinteighty|lady|1743
|player|p2|ch1ck3n nu99ets|170|1689
|gen|9
|tier|[Gen 9] OU
|rated|
|rule|HP Percentage Mod: HP is shown in percentages
|rule|Endless Battle Clause: Forcing endless battles is banned
|rule|Species Clause: Limit one of each Pokémon
|rule|OHKO Clause: OHKO moves are banned
|rule|Evasion Items Clause: Evasion items are banned
|rule|Evasion Moves Clause: Evasion moves are banned
|rule|Evasion Abilities Clause: Evasion abilities are banned
|rule|Sleep Moves Clause: Sleep-inducing moves are banned
|clearpoke
|poke|p1|Alomomola, M|
|poke|p1|Slowking-Galar, M|
|poke|p1|Great Tusk|
|poke|p1|Kyurem|
|poke|p1|Ogerpon-Wellspring, F|
|poke|p1|Gholdengo|
|poke|p2|Pelipper, M|
|poke|p2|Basculegion, M|
|poke|p2|Manaphy|
|poke|p2|Scizor, M|
|poke|p2|Iron Valiant|
|poke|p2|Sandy Shocks|
|teampreview
|j| arturohdez
|l| arturohdez
|
|t:|1760332851
|teamsize|p1|6
|teamsize|p2|6
|start
|switch|p1a: Slowking|Slowking-Galar, M|100/100
|switch|p2a: Scizor|Scizor, M|100/100
|turn|1
|j| arturohdez
|
|t:|1760332857
|switch|p1a: Alomomola|Alomomola, M|100/100
|move|p2a: Scizor|Knock Off|p1a: Alomomola
|-damage|p1a: Alomomola|81/100
|-enditem|p1a: Alomomola|Heavy-Duty Boots|[from] move: Knock Off|[of] p2a: Scizor
|
|upkeep
|turn|2
|
|t:|1760332865
|move|p2a: Scizor|U-turn|p1a: Alomomola
|-damage|p1a: Alomomola|61/100
|
|t:|1760332867
|switch|p2a: Pelipper|Pelipper, M|100/100|[from] U-turn
|-weather|RainDance|[from] ability: Drizzle|[of] p2a: Pelipper
|move|p1a: Alomomola|Flip Turn|p2a: Pelipper
|-resisted|p2a: Pelipper
|-damage|p2a: Pelipper|90/100
|
|t:|1760332869
|switch|p1a: Slowking|Slowking-Galar, M|100/100|[from] Flip Turn
|
|-weather|RainDance|[upkeep]
|upkeep
|turn|3
|inactive|Battle timer is ON: inactive players will automatically lose when time's up. (requested by ch1ck3n nu99ets)
|
|t:|1760332878
|switch|p2a: Scizor|Scizor, M|100/100
|-prepare|p1a: Slowking|Chilly Reception|[premajor]
|move|p1a: Slowking|Chilly Reception|p1a: Slowking
|-weather|Snowscape
|
|t:|1760332882
|switch|p1a: Alomomola|Alomomola, M|94/100|[from] Chilly Reception
|
|-weather|Snowscape|[upkeep]
|upkeep
|turn|4
|
|t:|1760332886
|move|p2a: Scizor|U-turn|p1a: Alomomola
|-damage|p1a: Alomomola|72/100
|
|t:|1760332892
|switch|p2a: Pelipper|Pelipper, M|90/100|[from] U-turn
|-weather|RainDance|[from] ability: Drizzle|[of] p2a: Pelipper
|move|p1a: Alomomola|Flip Turn|p2a: Pelipper
|-resisted|p2a: Pelipper
|-damage|p2a: Pelipper|80/100
|
|t:|1760332895
|switch|p1a: Slowking|Slowking-Galar, M|100/100|[from] Flip Turn
|
|-weather|RainDance|[upkeep]
|upkeep
|turn|5
|
|t:|1760332900
|move|p2a: Pelipper|Knock Off|p1a: Slowking
|-supereffective|p1a: Slowking
|-damage|p1a: Slowking|75/100
|-enditem|p1a: Slowking|Heavy-Duty Boots|[from] move: Knock Off|[of] p2a: Pelipper
|-prepare|p1a: Slowking|Chilly Reception|[premajor]
|move|p1a: Slowking|Chilly Reception|p1a: Slowking
|-weather|Snowscape
|
|t:|1760332906
|switch|p1a: Kyurem|Kyurem|100/100|[from] Chilly Reception
|-ability|p1a: Kyurem|Pressure
|
|-weather|Snowscape|[upkeep]
|upkeep
|turn|6
|
|t:|1760332910
|switch|p2a: Scizor|Scizor, M|100/100
|move|p1a: Kyurem|Substitute|p1a: Kyurem
|-start|p1a: Kyurem|Substitute
|-damage|p1a: Kyurem|76/100
|
|-weather|Snowscape|[upkeep]
|-heal|p1a: Kyurem|82/100|[from] item: Leftovers
|upkeep
|turn|7
|
|t:|1760332914
|move|p2a: Scizor|Bullet Punch|p1a: Kyurem
|-supereffective|p1a: Kyurem
|-end|p1a: Kyurem|Substitute
|move|p1a: Kyurem|Earth Power|p2a: Scizor
|-damage|p2a: Scizor|58/100
|
|-weather|Snowscape|[upkeep]
|-heal|p1a: Kyurem|88/100|[from] item: Leftovers
|upkeep
|turn|8
|
|t:|1760332920
|move|p1a: Kyurem|Protect|p1a: Kyurem
|-singleturn|p1a: Kyurem|Protect
|move|p2a: Scizor|U-turn|p1a: Kyurem
|-activate|p1a: Kyurem|move: Protect
|
|-weather|Snowscape|[upkeep]
|-heal|p1a: Kyurem|94/100|[from] item: Leftovers
|upkeep
|turn|9
|
|t:|1760332924
|switch|p1a: Alomomola|Alomomola, M|100/100
|move|p2a: Scizor|U-turn|p1a: Alomomola
|-damage|p1a: Alomomola|79/100
|
|t:|1760332927
|switch|p2a: Sandy Shocks|Sandy Shocks|100/100|[from] U-turn
|-enditem|p2a: Sandy Shocks|Booster Energy
|-activate|p2a: Sandy Shocks|ability: Protosynthesis|[fromitem]
|-start|p2a: Sandy Shocks|protosynthesisspe
|
|-weather|none
|upkeep
|turn|10
|
|t:|1760332933
|switch|p1a: Great Tusk|Great Tusk|100/100
|move|p2a: Sandy Shocks|Stealth Rock|p1a: Great Tusk
|-sidestart|p1: Glinteighty|move: Stealth Rock
|
|upkeep
|turn|11
|
|t:|1760332939
|-end|p2a: Sandy Shocks|Protosynthesis|[silent]
|switch|p2a: Basculegion|Basculegion, M|100/100
|move|p1a: Great Tusk|Rapid Spin|p2a: Basculegion
|-immune|p2a: Basculegion
|
|upkeep
|turn|12
|j| ace trumpets
|
|t:|1760332949
|-end|p1a: Great Tusk|Protosynthesis|[silent]
|switch|p1a: Alomomola|Alomomola, M|100/100
|-damage|p1a: Alomomola|88/100|[from] Stealth Rock
|move|p2a: Basculegion|Wave Crash|p1a: Alomomola
|-resisted|p1a: Alomomola
|-damage|p1a: Alomomola|67/100
|-damage|p2a: Basculegion|91/100|[from] Recoil
|
|upkeep
|turn|13
|
|t:|1760332954
|switch|p2a: Pelipper|Pelipper, M|80/100
|-weather|RainDance|[from] ability: Drizzle|[of] p2a: Pelipper
|move|p1a: Alomomola|Scald|p2a: Pelipper
|-resisted|p2a: Pelipper
|-damage|p2a: Pelipper|66/100
|
|-weather|RainDance|[upkeep]
|upkeep
|turn|14
|
|t:|1760332961
|move|p1a: Alomomola|Flip Turn|p2a: Pelipper
|-resisted|p2a: Pelipper
|-damage|p2a: Pelipper|57/100
|
|t:|1760332965
|switch|p1a: Slowking|Slowking-Galar, M|100/100|[from] Flip Turn
|-damage|p1a: Slowking|88/100|[from] Stealth Rock
|move|p2a: Pelipper|Hurricane|p1a: Slowking
|-damage|p1a: Slowking|69/100
|-start|p1a: Slowking|confusion
|
|-weather|RainDance|[upkeep]
|upkeep
|turn|15
|
|t:|1760332969
|move|p2a: Pelipper|U-turn|p1a: Slowking
|-damage|p1a: Slowking|59/100
|
|t:|1760332972
|switch|p2a: Basculegion|Basculegion, M|91/100|[from] U-turn
|-prepare|p1a: Slowking|Chilly Reception|[premajor]
|-activate|p1a: Slowking|confusion
|move|p1a: Slowking|Chilly Reception|p1a: Slowking
|-weather|Snowscape
|
|t:|1760332984
|switch|p1a: Ogerpon|Ogerpon-Wellspring, F|100/100|[from] Chilly Reception
|-damage|p1a: Ogerpon|88/100|[from] Stealth Rock
|
|-weather|Snowscape|[upkeep]
|upkeep
|turn|16
|
|t:|1760332990
|-terastallize|p2a: Basculegion|Ghost
|move|p1a: Ogerpon|Spikes|p2a: Basculegion
|-sidestart|p2: ch1ck3n nu99ets|Spikes
|move|p2a: Basculegion|Tera Blast|p1a: Ogerpon|[anim] Tera Blast Ghost
|-crit|p1a: Ogerpon
|-damage|p1a: Ogerpon|0 fnt
|faint|p1a: Ogerpon
|
|-weather|Snowscape|[upkeep]
|upkeep
|
|t:|1760333000
|switch|p1a: Alomomola|Alomomola, M|100/100
|-damage|p1a: Alomomola|88/100|[from] Stealth Rock
|turn|17
|
|t:|1760333006
|switch|p2a: Pelipper|Pelipper, M|57/100
|-weather|RainDance|[from] ability: Drizzle|[of] p2a: Pelipper
|move|p1a: Alomomola|Wish|p1a: Alomomola
|
|-weather|RainDance|[upkeep]
|upkeep
|turn|18
|
|t:|1760333014
|move|p2a: Pelipper|U-turn|p1a: Alomomola
|-damage|p1a: Alomomola|83/100
|
|t:|1760333019
|switch|p2a: Manaphy|Manaphy|100/100|[from] U-turn
|-damage|p2a: Manaphy|88/100|[from] Spikes
|move|p1a: Alomomola|Flip Turn|p2a: Manaphy
|-resisted|p2a: Manaphy
|-damage|p2a: Manaphy|77/100
|
|t:|1760333022
|switch|p1a: Kyurem|Kyurem|94/100|[from] Flip Turn
|-damage|p1a: Kyurem|69/100|[from] Stealth Rock
|-ability|p1a: Kyurem|Pressure
|
|-weather|RainDance|[upkeep]
|-heal|p1a: Kyurem|100/100|[from] move: Wish|[wisher] Alomomola
|upkeep
|turn|19
|
|t:|1760333033
|switch|p2a: Scizor|Scizor, M|58/100
|-damage|p2a: Scizor|45/100|[from] Spikes
|-enditem|p2a: Scizor|Sitrus Berry|[eat]
|-heal|p2a: Scizor|70/100|[from] item: Sitrus Berry
|move|p1a: Kyurem|Freeze-Dry|p2a: Scizor
|-resisted|p2a: Scizor
|-damage|p2a: Scizor|46/100
|
|-weather|RainDance|[upkeep]
|upkeep
|turn|20
|
|t:|1760333041
|switch|p1a: Alomomola|Alomomola, M|100/100
|-damage|p1a: Alomomola|88/100|[from] Stealth Rock
|move|p2a: Scizor|U-turn|p1a: Alomomola
|-damage|p1a: Alomomola|67/100
|
|t:|1760333046
|switch|p2a: Sandy Shocks|Sandy Shocks|100/100|[from] U-turn
|-damage|p2a: Sandy Shocks|88/100|[from] Spikes
|
|-weather|RainDance|[upkeep]
|upkeep
|turn|21
|
|t:|1760333051
|move|p1a: Alomomola|Protect|p1a: Alomomola
|-singleturn|p1a: Alomomola|Protect
|move|p2a: Sandy Shocks|Earth Power|p1a: Alomomola
|-activate|p1a: Alomomola|move: Protect
|
|-weather|RainDance|[upkeep]
|upkeep
|turn|22
|
|t:|1760333068
|switch|p1a: Slowking|Slowking-Galar, M|93/100
|-damage|p1a: Slowking|80/100|[from] Stealth Rock
|move|p2a: Sandy Shocks|Earth Power|p1a: Slowking
|-supereffective|p1a: Slowking
|-damage|p1a: Slowking|28/100
|
|-weather|RainDance|[upkeep]
|upkeep
|turn|23
|
|t:|1760333076
|switch|p1a: Great Tusk|Great Tusk|100/100
|move|p2a: Sandy Shocks|Thunder|p1a: Great Tusk
|-immune|p1a: Great Tusk
|
|-weather|RainDance|[upkeep]
|upkeep
|turn|24
|
|t:|1760333085
|move|p2a: Sandy Shocks|Earth Power|p1a: Great Tusk
|-damage|p1a: Great Tusk|29/100
|move|p1a: Great Tusk|Headlong Rush|p2a: Sandy Shocks
|-supereffective|p2a: Sandy Shocks
|-damage|p2a: Sandy Shocks|0 fnt
|-unboost|p1a: Great Tusk|def|1
|-unboost|p1a: Great Tusk|spd|1
|faint|p2a: Sandy Shocks
|-end|p2a: Sandy Shocks|Protosynthesis|[silent]
|
|-weather|none
|upkeep
|
|t:|1760333092
|switch|p2a: Iron Valiant|Iron Valiant|100/100
|-damage|p2a: Iron Valiant|88/100|[from] Spikes
|-enditem|p2a: Iron Valiant|Booster Energy
|-activate|p2a: Iron Valiant|ability: Quark Drive|[fromitem]
|-start|p2a: Iron Valiant|quarkdrivespe
|turn|25
|
|t:|1760333100
|-end|p1a: Great Tusk|Protosynthesis|[silent]
|switch|p1a: Alomomola|Alomomola, M|99/100
|-damage|p1a: Alomomola|88/100|[from] Stealth Rock
|move|p2a: Iron Valiant|Swords Dance|p2a: Iron Valiant
|-boost|p2a: Iron Valiant|atk|2
|
|upkeep
|turn|26
|
|t:|1760333107
|move|p2a: Iron Valiant|Swords Dance|p2a: Iron Valiant
|-boost|p2a: Iron Valiant|atk|2
|move|p1a: Alomomola|Scald|p2a: Iron Valiant
|-damage|p2a: Iron Valiant|66/100
|
|upkeep
|turn|27
|
|t:|1760333115
|-terastallize|p1a: Alomomola|Steel
|move|p2a: Iron Valiant|Close Combat|p1a: Alomomola
|-supereffective|p1a: Alomomola
|-damage|p1a: Alomomola|0 fnt
|-unboost|p2a: Iron Valiant|def|1
|-unboost|p2a: Iron Valiant|spd|1
|faint|p1a: Alomomola
|
|upkeep
|
|t:|1760333121
|switch|p1a: Gholdengo|Gholdengo|100/100
|-damage|p1a: Gholdengo|94/100|[from] Stealth Rock
|turn|28
|
|t:|1760333124
|move|p2a: Iron Valiant|Liquidation|p1a: Gholdengo
|-damage|p1a: Gholdengo|0 fnt
|faint|p1a: Gholdengo
|
|upkeep
|
|t:|1760333130
|switch|p1a: Slowking|Slowking-Galar, M|61/100
|-damage|p1a: Slowking|49/100|[from] Stealth Rock
|turn|29
|
|t:|1760333133
|switch|p1a: Great Tusk|Great Tusk|29/100
|move|p2a: Iron Valiant|Liquidation|p1a: Great Tusk
|-supereffective|p1a: Great Tusk
|-damage|p1a: Great Tusk|0 fnt
|faint|p1a: Great Tusk
|-end|p1a: Great Tusk|Protosynthesis|[silent]
|
|upkeep
|
|t:|1760333135
|switch|p1a: Slowking|Slowking-Galar, M|82/100
|-damage|p1a: Slowking|70/100|[from] Stealth Rock
|turn|30
|
|t:|1760333137
|move|p2a: Iron Valiant|Liquidation|p1a: Slowking
|-damage|p1a: Slowking|0 fnt
|faint|p1a: Slowking
|
|upkeep
|c|☆ch1ck3n nu99ets|gg
|
|t:|1760333141
|switch|p1a: Kyurem|Kyurem|100/100
|-damage|p1a: Kyurem|76/100|[from] Stealth Rock
|-ability|p1a: Kyurem|Pressure
|turn|31
|
|t:|1760333144
|move|p1a: Kyurem|Protect|p1a: Kyurem
|-singleturn|p1a: Kyurem|Protect
|move|p2a: Iron Valiant|Close Combat|p1a: Kyurem
|-activate|p1a: Kyurem|move: Protect
|
|-heal|p1a: Kyurem|82/100|[from] item: Leftovers
|upkeep
|turn|32
|
|t:|1760333146
|move|p1a: Kyurem|Protect||[still]
|-fail|p1a: Kyurem
|move|p2a: Iron Valiant|Close Combat|p1a: Kyurem
|-supereffective|p1a: Kyurem
|-damage|p1a: Kyurem|0 fnt
|-unboost|p2a: Iron Valiant|def|1
|-unboost|p2a: Iron Valiant|spd|1
|faint|p1a: Kyurem
|
|win|ch1ck3n nu99ets
|raw|Glinteighty's rating: 1743 &rarr; <strong>1720</strong><br />(-23 for losing)
|raw|ch1ck3n nu99ets's rating: 1689 &rarr; <strong>1712</strong><br />(+23 for winning)
|l|☆ch1ck3n nu99ets
|player|p2|
|c|☆Glinteighty|gg
|l|☆Glinteighty
|player|p1|
|l| ace trumpets
|l| arturohdez
