|j|☆cheeselover255
|j|☆Aliashood75
|t:|1760368526
|gametype|singles
|player|p1|cheeselover255|102|1304
|player|p2|Aliashood75|265|1331
|gen|9
|tier|[Gen 9] OU
|rated|
|rule|HP Percentage Mod: HP is shown in percentages
|rule|Endless Battle Clause: Forcing endless battles is banned
|rule|Species Clause: Limit one of each Pokémon
|rule|OHKO Clause: OHKO moves are banned
|rule|Evasion Items Clause: Evasion items are banned
|rule|Evasion Moves Clause: Evasion moves are banned
|rule|Evasion Abilities Clause: Evasion abilities are banned
|rule|Sleep Moves Clause: Sleep-inducing moves are banned
|clearpoke
|poke|p1|Landorus-Therian, M|
|poke|p1|Slowking-Galar, M|
|poke|p1|Gliscor, F|
|poke|p1|Primarina, F|
|poke|p1|Jolteon, F|
|poke|p1|Zamazenta-*|
|poke|p2|Tornadus-Therian, M|
|poke|p2|Hatterene, F|
|poke|p2|Heatran, M|
|poke|p2|Great Tusk|
|poke|p2|Raging Bolt|
|poke|p2|Ogerpon-Wellspring, F|
|teampreview
|
|t:|1760368534
|teamsize|p1|6
|teamsize|p2|6
|start
|switch|p1a: Slowking|Slowking-Galar, M|100/100
|switch|p2a: Tornadus|Tornadus-Therian, M|100/100
|turn|1
|inactive|Battle timer is ON: inactive players will automatically lose when time's up. (requested by Aliashood75)
|
|t:|1760368542
|move|p2a: Tornadus|Knock Off|p1a: Slowking
|-supereffective|p1a: Slowking
|-damage|p1a: Slowking|71/100
|-enditem|p1a: Slowking|Icy Rock|[from] move: Knock Off|[of] p2a: Tornadus
|-prepare|p1a: Slowking|Chilly Reception|[premajor]
|move|p1a: Slowking|Chilly Reception|p1a: Slowking
|-weather|Snowscape
|
|t:|1760368555
|switch|p1a: Jolteon|Jolteon, F|100/100|[from] Chilly Reception
|
|-weather|Snowscape|[upkeep]
|upkeep
|turn|2
|
|t:|1760368568
|switch|p2a: Great Tusk|Great Tusk|100/100
|move|p1a: Jolteon|Calm Mind|p1a: Jolteon
|-boost|p1a: Jolteon|spa|1
|-boost|p1a: Jolteon|spd|1
|
|-weather|Snowscape|[upkeep]
|upkeep
|turn|3
|
|t:|1760368585
|-terastallize|p2a: Great Tusk|Steel
|move|p1a: Jolteon|Weather Ball|p2a: Great Tusk
|-resisted|p2a: Great Tusk
|-damage|p2a: Great Tusk|70/100
|move|p2a: Great Tusk|Rapid Spin|p1a: Jolteon
|-damage|p1a: Jolteon|72/100
|-boost|p2a: Great Tusk|spe|1
|
|-weather|Snowscape|[upkeep]
|upkeep
|turn|4
|inactive|Aliashood75 has 120 seconds left.
|
|t:|1760368611
|switch|p1a: Landorus|Landorus-Therian, M|100/100
|-ability|p1a: Landorus|Intimidate|boost
|-unboost|p2a: Great Tusk|atk|1
|move|p2a: Great Tusk|Knock Off|p1a: Landorus
|-damage|p1a: Landorus|81/100
|-damage|p2a: Great Tusk|53/100|[from] item: Rocky Helmet|[of] p1a: Landorus
|-enditem|p1a: Landorus|Rocky Helmet|[from] move: Knock Off|[of] p2a: Great Tusk
|
|-weather|Snowscape|[upkeep]
|upkeep
|turn|5
|inactive|Aliashood75 has 120 seconds left.
|
|t:|1760368639
|-end|p2a: Great Tusk|Protosynthesis|[silent]
|switch|p2a: Tornadus|Tornadus-Therian, M|100/100
|move|p1a: Landorus|Earth Power|p2a: Tornadus
|-immune|p2a: Tornadus
|
|-weather|none
|upkeep
|turn|6
|
|t:|1760368653
|move|p2a: Tornadus|Hurricane|p1a: Landorus
|-damage|p1a: Landorus|36/100
|move|p1a: Landorus|Stealth Rock|p2a: Tornadus
|-sidestart|p2: Aliashood75|move: Stealth Rock
|
|upkeep
|turn|7
|
|t:|1760368662
|move|p2a: Tornadus|Hurricane|p1a: Landorus|[miss]
|-miss|p2a: Tornadus|p1a: Landorus
|move|p1a: Landorus|U-turn|p2a: Tornadus
|-resisted|p2a: Tornadus
|-damage|p2a: Tornadus|90/100
|
|t:|1760368669
|switch|p1a: Jolteon|Jolteon, F|72/100|[from] U-turn
|
|upkeep
|turn|8
|inactive|Aliashood75 has 120 seconds left.
|
|t:|1760368689
|switch|p2a: Great Tusk|Great Tusk, tera:Steel|53/100
|move|p1a: Jolteon|Volt Switch|p2a: Great Tusk
|-damage|p2a: Great Tusk|7/100
|
|t:|1760368693
|switch|p1a: Gliscor|Gliscor, F|100/100|[from] Volt Switch
|
|-status|p1a: Gliscor|tox|[from] item: Toxic Orb
|upkeep
|turn|9
|
|t:|1760368698
|move|p1a: Gliscor|Knock Off|p2a: Great Tusk
|-damage|p2a: Great Tusk|0 fnt
|-enditem|p2a: Great Tusk|Heavy-Duty Boots|[from] move: Knock Off|[of] p1a: Gliscor
|faint|p2a: Great Tusk
|-end|p2a: Great Tusk|Protosynthesis|[silent]
|
|upkeep
|
|t:|1760368710
|switch|p2a: Ogerpon|Ogerpon-Wellspring, F|100/100
|-damage|p2a: Ogerpon|88/100|[from] Stealth Rock
|turn|10
|
|t:|1760368738
|-terastallize|p1a: Gliscor|Normal
|move|p2a: Ogerpon|Trailblaze|p1a: Gliscor
|-damage|p1a: Gliscor|74/100 tox
|-boost|p2a: Ogerpon|spe|1
|move|p1a: Gliscor|Facade|p2a: Ogerpon
|-damage|p2a: Ogerpon|29/100
|
|-heal|p1a: Gliscor|86/100 tox|[from] ability: Poison Heal
|upkeep
|turn|11
|
|t:|1760368748
|move|p2a: Ogerpon|Ivy Cudgel|p1a: Gliscor|[anim] Ivy Cudgel Water
|-damage|p1a: Gliscor|37/100 tox
|move|p1a: Gliscor|Facade|p2a: Ogerpon
|-damage|p2a: Ogerpon|0 fnt
|faint|p2a: Ogerpon
|
|-heal|p1a: Gliscor|49/100 tox|[from] ability: Poison Heal
|upkeep
|inactive|Aliashood75 has 90 seconds left.
|
|t:|1760368766
|switch|p2a: Tornadus|Tornadus-Therian, M|100/100
|-damage|p2a: Tornadus|76/100|[from] Stealth Rock
|turn|12
|
|t:|1760368773
|move|p2a: Tornadus|Focus Blast|p1a: Gliscor
|-supereffective|p1a: Gliscor
|-damage|p1a: Gliscor|0 fnt
|faint|p1a: Gliscor
|
|upkeep
|
|t:|1760368785
|switch|p1a: Jolteon|Jolteon, F|72/100
|turn|13
|
|t:|1760368794
|switch|p2a: Raging Bolt|Raging Bolt|100/100
|-damage|p2a: Raging Bolt|88/100|[from] Stealth Rock
|move|p1a: Jolteon|Volt Switch|p2a: Raging Bolt
|-resisted|p2a: Raging Bolt
|-damage|p2a: Raging Bolt|79/100
|
|t:|1760368805
|switch|p1a: Slowking|Slowking-Galar, M|100/100|[from] Volt Switch
|
|upkeep
|turn|14
|
|t:|1760368810
|move|p2a: Raging Bolt|Volt Switch|p1a: Slowking
|-damage|p1a: Slowking|46/100
|
|t:|1760368814
|-end|p2a: Raging Bolt|Protosynthesis|[silent]
|switch|p2a: Heatran|Heatran, M|100/100|[from] Volt Switch
|-damage|p2a: Heatran|88/100|[from] Stealth Rock
|-prepare|p1a: Slowking|Chilly Reception|[premajor]
|move|p1a: Slowking|Chilly Reception|p1a: Slowking
|-weather|Snowscape
|
|t:|1760368816
|switch|p1a: Landorus|Landorus-Therian, M|36/100|[from] Chilly Reception
|-ability|p1a: Landorus|Intimidate|boost
|-unboost|p2a: Heatran|atk|1
|
|-weather|Snowscape|[upkeep]
|-heal|p2a: Heatran|94/100|[from] item: Leftovers
|upkeep
|turn|15
|inactive|Aliashood75 has 120 seconds left.
|
|t:|1760368840
|move|p1a: Landorus|Weather Ball|p2a: Heatran
|-resisted|p2a: Heatran
|-damage|p2a: Heatran|88/100
|move|p2a: Heatran|Magma Storm|p1a: Landorus
|-damage|p1a: Landorus|0 fnt
|faint|p1a: Landorus
|
|-weather|Snowscape|[upkeep]
|-heal|p2a: Heatran|95/100|[from] item: Leftovers
|upkeep
|
|t:|1760368847
|switch|p1a: Primarina|Primarina, F|100/100
|turn|16
|
|t:|1760368855
|move|p2a: Heatran|Magma Storm|p1a: Primarina|[miss]
|-miss|p2a: Heatran|p1a: Primarina
|move|p1a: Primarina|Substitute|p1a: Primarina
|-start|p1a: Primarina|Substitute
|-damage|p1a: Primarina|75/100
|
|-weather|Snowscape|[upkeep]
|-heal|p2a: Heatran|100/100|[from] item: Leftovers
|-heal|p1a: Primarina|82/100|[from] item: Leftovers
|upkeep
|turn|17
|
|t:|1760368870
|move|p2a: Heatran|Earth Power|p1a: Primarina
|-end|p1a: Primarina|Substitute
|move|p1a: Primarina|Calm Mind|p1a: Primarina
|-boost|p1a: Primarina|spa|1
|-boost|p1a: Primarina|spd|1
|
|-weather|Snowscape|[upkeep]
|-heal|p1a: Primarina|88/100|[from] item: Leftovers
|upkeep
|turn|18
|
|t:|1760368878
|move|p2a: Heatran|Magma Storm|p1a: Primarina
|-resisted|p1a: Primarina
|-damage|p1a: Primarina|72/100
|-activate|p1a: Primarina|move: Magma Storm|[of] p2a: Heatran
|move|p1a: Primarina|Calm Mind|p1a: Primarina
|-boost|p1a: Primarina|spa|1
|-boost|p1a: Primarina|spd|1
|
|-weather|none
|-heal|p1a: Primarina|78/100|[from] item: Leftovers
|-damage|p1a: Primarina|66/100|[from] move: Magma Storm|[partiallytrapped]
|upkeep
|turn|19
|
|t:|1760368887
|move|p2a: Heatran|Taunt|p1a: Primarina
|-start|p1a: Primarina|move: Taunt
|move|p1a: Primarina|Psychic Noise|p2a: Heatran
|-supereffective|p2a: Heatran
|-damage|p2a: Heatran|0 fnt
|faint|p2a: Heatran
|
|-heal|p1a: Primarina|72/100|[from] item: Leftovers
|-end|p1a: Primarina|Magma Storm|[partiallytrapped]|[silent]
|upkeep
|
|t:|1760368901
|switch|p2a: Raging Bolt|Raging Bolt|79/100
|-damage|p2a: Raging Bolt|67/100|[from] Stealth Rock
|turn|20
|
|t:|1760368905
|move|p2a: Raging Bolt|Thunderbolt|p1a: Primarina
|-supereffective|p1a: Primarina
|-damage|p1a: Primarina|8/100
|move|p1a: Primarina|Draining Kiss|p2a: Raging Bolt
|-supereffective|p2a: Raging Bolt
|-damage|p2a: Raging Bolt|0 fnt
|-heal|p1a: Primarina|62/100|[from] drain|[of] p2a: Raging Bolt
|faint|p2a: Raging Bolt
|-end|p2a: Raging Bolt|Protosynthesis|[silent]
|
|-heal|p1a: Primarina|68/100|[from] item: Leftovers
|upkeep
|-message|Aliashood75 forfeited.
|
|win|cheeselover255
|raw|cheeselover255's rating: 1304 &rarr; <strong>1326</strong><br />(+22 for winning)
|raw|Aliashood75's rating: 1331 &rarr; <strong>1309</strong><br />(-22 for losing)
|l|☆Aliashood75
|player|p2|
|l|☆cheeselover255
|player|p1|
