|j|☆YourlocalLoser72
|j|☆sakhan
|t:|1760391954
|gametype|singles
|player|p1|YourlocalLoser72|crasherwake|1380
|player|p2|sakhan|2|1358
|gen|9
|tier|[Gen 9] OU
|rated|
|rule|HP Percentage Mod: HP is shown in percentages
|rule|Endless Battle Clause: Forcing endless battles is banned
|rule|Species Clause: Limit one of each Pokémon
|rule|OHKO Clause: OHKO moves are banned
|rule|Evasion Items Clause: Evasion items are banned
|rule|Evasion Moves Clause: Evasion moves are banned
|rule|Evasion Abilities Clause: Evasion abilities are banned
|rule|Sleep Moves Clause: Sleep-inducing moves are banned
|clearpoke
|poke|p1|Slaking, F|
|poke|p1|Darkrai|
|poke|p1|Gliscor, M|
|poke|p1|Ogerpon-Wellspring, F|
|poke|p1|Gholdengo|
|poke|p1|Raging Bolt|
|poke|p2|Garchomp, F|
|poke|p2|Garganacl, M|
|poke|p2|Ribombee, M|
|poke|p2|Blaziken, M|
|poke|p2|Iron Moth|
|poke|p2|Terrakion|
|teampreview
|inactive|Battle timer is ON: inactive players will automatically lose when time's up. (requested by YourlocalLoser72)
|
|t:|1760391966
|teamsize|p1|6
|teamsize|p2|6
|start
|switch|p1a: Gliscor|Gliscor, M|100/100
|switch|p2a: Ribombee|Ribombee, M|100/100
|turn|1
|j| Chelicerae123
|
|t:|1760391972
|move|p2a: Ribombee|Skill Swap|p1a: Gliscor
|-activate|p2a: Ribombee|move: Skill Swap|Poison Heal|Shield Dust|[of] p1a: Gliscor
|move|p1a: Gliscor|Spikes|p2a: Ribombee
|-sidestart|p2: sakhan|Spikes
|
|-status|p1a: Gliscor|tox|[from] item: Toxic Orb
|upkeep
|turn|2
|
|t:|1760391981
|move|p2a: Ribombee|Sticky Web|p1a: Gliscor
|-sidestart|p1: YourlocalLoser72|move: Sticky Web
|move|p1a: Gliscor|Spikes|p2a: Ribombee
|-sidestart|p2: sakhan|Spikes
|
|-damage|p1a: Gliscor|94/100 tox|[from] psn
|upkeep
|turn|3
|
|t:|1760391988
|move|p2a: Ribombee|Moonblast|p1a: Gliscor
|-damage|p1a: Gliscor|61/100 tox
|move|p1a: Gliscor|Spikes|p2a: Ribombee
|-sidestart|p2: sakhan|Spikes
|
|-damage|p1a: Gliscor|48/100 tox|[from] psn
|upkeep
|turn|4
|
|t:|1760392001
|switch|p1a: Gholdengo|Gholdengo|100/100
|-item|p1a: Gholdengo|Air Balloon
|move|p2a: Ribombee|Moonblast|p1a: Gholdengo
|-resisted|p1a: Gholdengo
|-damage|p1a: Gholdengo|80/100
|-enditem|p1a: Gholdengo|Air Balloon
|
|upkeep
|turn|5
|
|t:|1760392005
|move|p2a: Ribombee|Stun Spore|p1a: Gholdengo
|-immune|p1a: Gholdengo|[from] ability: Good as Gold
|move|p1a: Gholdengo|Make It Rain|p2a: Ribombee
|-supereffective|p2a: Ribombee
|-enditem|p2a: Ribombee|Focus Sash
|-damage|p2a: Ribombee|1/100
|-unboost|p1a: Gholdengo|spa|1
|
|upkeep
|turn|6
|
|t:|1760392015
|move|p2a: Ribombee|Skill Swap|p1a: Gholdengo
|-immune|p1a: Gholdengo|[from] ability: Good as Gold
|move|p1a: Gholdengo|Hex|p2a: Ribombee
|-damage|p2a: Ribombee|0 fnt
|faint|p2a: Ribombee
|
|upkeep
|
|t:|1760392032
|switch|p2a: Blaziken|Blaziken, M|100/100
|-damage|p2a: Blaziken|76/100|[from] Spikes
|turn|7
|
|t:|1760392035
|move|p2a: Blaziken|Swords Dance|p2a: Blaziken
|-boost|p2a: Blaziken|atk|2
|move|p1a: Gholdengo|Thunder Wave|p2a: Blaziken
|-status|p2a: Blaziken|par
|
|-heal|p2a: Blaziken|82/100 par|[from] item: Leftovers
|-ability|p2a: Blaziken|Speed Boost|boost
|-boost|p2a: Blaziken|spe|1
|upkeep
|turn|8
|
|t:|1760392042
|move|p1a: Gholdengo|Hex|p2a: Blaziken
|-damage|p2a: Blaziken|20/100 par
|move|p2a: Blaziken|Flare Blitz|p1a: Gholdengo
|-supereffective|p1a: Gholdengo
|-damage|p1a: Gholdengo|0 fnt
|faint|p1a: Gholdengo
|-damage|p2a: Blaziken|0 fnt|[from] Recoil
|faint|p2a: Blaziken
|
|upkeep
|
|t:|1760392051
|switch|p2a: Garchomp|Garchomp, F|100/100
|switch|p1a: Gliscor|Gliscor, M|48/100 tox
|-damage|p2a: Garchomp|76/100|[from] Spikes
|turn|9
|l| Chelicerae123
|
|t:|1760392056
|move|p2a: Garchomp|Swords Dance|p2a: Garchomp
|-boost|p2a: Garchomp|atk|2
|move|p1a: Gliscor|Knock Off|p2a: Garchomp
|-damage|p2a: Garchomp|55/100
|-damage|p1a: Gliscor|36/100 tox|[from] ability: Rough Skin|[of] p2a: Garchomp
|-enditem|p2a: Garchomp|Loaded Dice|[from] move: Knock Off|[of] p1a: Gliscor
|
|-heal|p1a: Gliscor|48/100 tox|[from] ability: Poison Heal
|upkeep
|turn|10
|j| Chelicerae123
|
|t:|1760392062
|move|p2a: Garchomp|Scale Shot|p1a: Gliscor
|-damage|p1a: Gliscor|27/100 tox
|-damage|p1a: Gliscor|5/100 tox
|-damage|p1a: Gliscor|0 fnt
|faint|p1a: Gliscor
|-hitcount|p1: Gliscor|3
|-unboost|p2a: Garchomp|def|1
|-boost|p2a: Garchomp|spe|1
|
|upkeep
|
|t:|1760392068
|switch|p1a: Darkrai|Darkrai|100/100
|turn|11
|
|t:|1760392081
|move|p2a: Garchomp|Earthquake|p1a: Darkrai
|-damage|p1a: Darkrai|0 fnt
|faint|p1a: Darkrai
|
|upkeep
|
|t:|1760392087
|switch|p1a: Ogerpon|Ogerpon-Wellspring, F|100/100
|-activate|p1a: Ogerpon|move: Sticky Web
|-unboost|p1a: Ogerpon|spe|1
|turn|12
|
|t:|1760392092
|move|p2a: Garchomp|Scale Shot|p1a: Ogerpon|[miss]
|-miss|p2a: Garchomp|p1a: Ogerpon
|move|p1a: Ogerpon|Ivy Cudgel|p2a: Garchomp|[anim] Ivy Cudgel Water
|-damage|p2a: Garchomp|0 fnt
|faint|p2a: Garchomp
|
|upkeep
|l| Chelicerae123
|
|t:|1760392097
|switch|p2a: Terrakion|Terrakion|100/100
|-damage|p2a: Terrakion|76/100|[from] Spikes
|turn|13
|
|t:|1760392100
|-terastallize|p1a: Ogerpon|Water
|detailschange|p1a: Ogerpon|Ogerpon-Wellspring-Tera, F, tera:Water
|-ability|p1a: Ogerpon|Embody Aspect (Wellspring)|boost
|-boost|p1a: Ogerpon|spd|1
|move|p2a: Terrakion|Close Combat|p1a: Ogerpon
|-damage|p1a: Ogerpon|1/100
|-unboost|p2a: Terrakion|def|1
|-unboost|p2a: Terrakion|spd|1
|-damage|p2a: Terrakion|66/100|[from] item: Life Orb
|move|p1a: Ogerpon|Ivy Cudgel|p2a: Terrakion|[anim] Ivy Cudgel Water
|-supereffective|p2a: Terrakion
|-damage|p2a: Terrakion|0 fnt
|faint|p2a: Terrakion
|
|upkeep
|
|t:|1760392106
|switch|p2a: Iron Moth|Iron Moth|100/100
|-damage|p2a: Iron Moth|76/100|[from] Spikes
|-enditem|p2a: Iron Moth|Booster Energy
|-activate|p2a: Iron Moth|ability: Quark Drive|[fromitem]
|-start|p2a: Iron Moth|quarkdrivespe
|turn|14
|
|t:|1760392108
|move|p2a: Iron Moth|Fiery Dance|p1a: Ogerpon
|-resisted|p1a: Ogerpon
|-damage|p1a: Ogerpon|0 fnt
|-boost|p2a: Iron Moth|spa|1
|faint|p1a: Ogerpon
|detailschange|p1: Ogerpon|Ogerpon-Wellspring, F|[silent]
|
|upkeep
|
|t:|1760392111
|switch|p1a: Raging Bolt|Raging Bolt|100/100
|-activate|p1a: Raging Bolt|move: Sticky Web
|-unboost|p1a: Raging Bolt|spe|1
|-enditem|p1a: Raging Bolt|Booster Energy
|-activate|p1a: Raging Bolt|ability: Protosynthesis|[fromitem]
|-start|p1a: Raging Bolt|protosynthesisspa
|turn|15
|
|t:|1760392118
|-terastallize|p2a: Iron Moth|Fairy
|move|p2a: Iron Moth|Dazzling Gleam|p1a: Raging Bolt
|-supereffective|p1a: Raging Bolt
|-damage|p1a: Raging Bolt|0 fnt
|faint|p1a: Raging Bolt
|-end|p1a: Raging Bolt|Protosynthesis|[silent]
|
|upkeep
|
|t:|1760392121
|switch|p1a: Slaking|Slaking, F|100/100
|-activate|p1a: Slaking|move: Sticky Web
|-unboost|p1a: Slaking|spe|1
|turn|16
|
|t:|1760392133
|move|p2a: Iron Moth|Dazzling Gleam|p1a: Slaking
|-damage|p1a: Slaking|35/100
|move|p1a: Slaking|Earthquake|p2a: Iron Moth
|-damage|p2a: Iron Moth|0 fnt
|faint|p2a: Iron Moth
|-end|p2a: Iron Moth|Quark Drive|[silent]
|
|upkeep
|
|t:|1760392138
|switch|p2a: Garganacl|Garganacl, M|100/100
|-damage|p2a: Garganacl|75/100|[from] Spikes
|turn|17
|j| Chelicerae123
|l| Chelicerae123
|
|t:|1760392171
|cant|p1a: Slaking|ability: Truant
|move|p2a: Garganacl|Body Press|p1a: Slaking
|-supereffective|p1a: Slaking
|-damage|p1a: Slaking|2/100
|
|-heal|p2a: Garganacl|82/100|[from] item: Leftovers
|upkeep
|turn|18
|
|t:|1760392177
|move|p1a: Slaking|Earthquake|p2a: Garganacl
|-supereffective|p2a: Garganacl
|-damage|p2a: Garganacl|0 fnt
|faint|p2a: Garganacl
|
|win|YourlocalLoser72
|raw|YourlocalLoser72's rating: 1380 &rarr; <strong>1399</strong><br />(+19 for winning)
|raw|sakhan's rating: 1358 &rarr; <strong>1339</strong><br />(-19 for losing)
|l|☆YourlocalLoser72
|player|p1|
|c|☆sakhan|oof
|l|☆sakhan
|player|p2|
