|j|☆SillyScallop
|j|☆choppedkins
|t:|1760387486
|gametype|singles
|player|p1|SillyScallop|maid|1556
|player|p2|choppedkins|tate|1553
|gen|9
|tier|[Gen 9] OU
|rated|
|rule|HP Percentage Mod: HP is shown in percentages
|rule|Endless Battle Clause: Forcing endless battles is banned
|rule|Species Clause: Limit one of each Pokémon
|rule|OHKO Clause: OHKO moves are banned
|rule|Evasion Items Clause: Evasion items are banned
|rule|Evasion Moves Clause: Evasion moves are banned
|rule|Evasion Abilities Clause: Evasion abilities are banned
|rule|Sleep Moves Clause: Sleep-inducing moves are banned
|clearpoke
|poke|p1|Zapdos|
|poke|p1|Metagross|
|poke|p1|Great Tusk|
|poke|p1|Toxapex, M|
|poke|p1|Ninetales-Alola, M|
|poke|p1|Tyranitar, F|
|poke|p2|Moltres|
|poke|p2|Serperior, F|
|poke|p2|Great Tusk|
|poke|p2|Chansey, F|
|poke|p2|Scizor, M|
|poke|p2|Dragapult, M|
|teampreview
|
|t:|1760387496
|teamsize|p1|6
|teamsize|p2|6
|start
|switch|p1a: Tyranitar|Tyranitar, F|100/100
|switch|p2a: 2013 summer|Scizor, M|100/100
|-weather|Sandstorm|[from] ability: Sand Stream|[of] p1a: Tyranitar
|turn|1
|inactive|Battle timer is ON: inactive players will automatically lose when time's up. (requested by SillyScallop)
|
|t:|1760387510
|switch|p2a: Eternity|Chansey, F, shiny|100/100
|switch|p1a: Zapdos|Zapdos|100/100
|
|-weather|Sandstorm|[upkeep]
|-damage|p1a: Zapdos|94/100|[from] Sandstorm
|-damage|p2a: Eternity|94/100|[from] Sandstorm
|upkeep
|turn|2
|
|t:|1760387515
|move|p1a: Zapdos|Volt Switch|p2a: Eternity
|-damage|p2a: Eternity|85/100
|
|t:|1760387517
|switch|p1a: Great Tusk|Great Tusk|100/100|[from] Volt Switch
|move|p2a: Eternity|Stealth Rock|p1a: Great Tusk
|-sidestart|p1: SillyScallop|move: Stealth Rock
|
|-weather|Sandstorm|[upkeep]
|-damage|p2a: Eternity|79/100|[from] Sandstorm
|upkeep
|turn|3
|
|t:|1760387521
|switch|p2a: Wrathwring|Moltres, shiny|100/100
|move|p1a: Great Tusk|Ice Spinner|p2a: Wrathwring
|-damage|p2a: Wrathwring|83/100
|
|-weather|Sandstorm|[upkeep]
|-damage|p2a: Wrathwring|77/100|[from] Sandstorm
|upkeep
|turn|4
|
|t:|1760387526
|-end|p1a: Great Tusk|Protosynthesis|[silent]
|switch|p1a: Zapdos|Zapdos|94/100
|move|p2a: Wrathwring|Flamethrower|p1a: Zapdos
|-damage|p1a: Zapdos|61/100
|
|-weather|Sandstorm|[upkeep]
|-damage|p1a: Zapdos|55/100|[from] Sandstorm
|-damage|p2a: Wrathwring|71/100|[from] Sandstorm
|upkeep
|turn|5
|
|t:|1760387530
|switch|p2a: Eternity|Chansey, F, shiny|79/100
|move|p1a: Zapdos|Roost|p1a: Zapdos
|-heal|p1a: Zapdos|100/100
|-singleturn|p1a: Zapdos|move: Roost
|
|-weather|none
|upkeep
|turn|6
|
|t:|1760387536
|move|p1a: Zapdos|Volt Switch|p2a: Eternity
|-damage|p2a: Eternity|69/100
|
|t:|1760387538
|switch|p1a: Great Tusk|Great Tusk|100/100|[from] Volt Switch
|-damage|p1a: Great Tusk|98/100|[from] Stealth Rock
|move|p2a: Eternity|Thunder Wave|p1a: Great Tusk
|-immune|p1a: Great Tusk
|
|-heal|p1a: Great Tusk|100/100|[from] item: Leftovers
|upkeep
|turn|7
|
|t:|1760387542
|switch|p2a: naughtier|Dragapult, M|100/100
|move|p1a: Great Tusk|Rapid Spin|p2a: naughtier
|-immune|p2a: naughtier
|
|upkeep
|turn|8
|
|t:|1760387546
|-end|p1a: Great Tusk|Protosynthesis|[silent]
|switch|p1a: Tyranitar|Tyranitar, F|100/100
|-weather|Sandstorm|[from] ability: Sand Stream|[of] p1a: Tyranitar
|move|p2a: naughtier|Will-O-Wisp|p1a: Tyranitar
|-status|p1a: Tyranitar|brn
|
|-weather|Sandstorm|[upkeep]
|-damage|p2a: naughtier|95/100|[from] Sandstorm
|-damage|p1a: Tyranitar|94/100 brn|[from] brn
|upkeep
|turn|9
|
|t:|1760387550
|move|p2a: naughtier|U-turn|p1a: Tyranitar
|-supereffective|p1a: Tyranitar
|-damage|p1a: Tyranitar|62/100 brn
|
|t:|1760387561
|switch|p2a: Grax|Great Tusk|100/100|[from] U-turn
|move|p1a: Tyranitar|Stealth Rock|p2a: Grax
|-sidestart|p2: choppedkins|move: Stealth Rock
|
|-weather|Sandstorm|[upkeep]
|-damage|p1a: Tyranitar|56/100 brn|[from] brn
|upkeep
|turn|10
|
|t:|1760387570
|switch|p1a: Zapdos|Zapdos|100/100
|move|p2a: Grax|Rapid Spin|p1a: Zapdos
|-damage|p1a: Zapdos|87/100
|-boost|p2a: Grax|spe|1
|-sideend|p2: choppedkins|Stealth Rock|[from] move: Rapid Spin|[of] p2a: Grax
|
|-weather|Sandstorm|[upkeep]
|-damage|p1a: Zapdos|81/100|[from] Sandstorm
|upkeep
|turn|11
|
|t:|1760387577
|-end|p2a: Grax|Protosynthesis|[silent]
|switch|p2a: Eternity|Chansey, F, shiny|69/100
|move|p1a: Zapdos|Volt Switch|p2a: Eternity
|-damage|p2a: Eternity|60/100
|
|t:|1760387583
|switch|p1a: Toxapex|Toxapex, M, shiny|100/100|[from] Volt Switch
|-damage|p1a: Toxapex|88/100|[from] Stealth Rock
|
|-weather|Sandstorm|[upkeep]
|-damage|p2a: Eternity|54/100|[from] Sandstorm
|-damage|p1a: Toxapex|82/100|[from] Sandstorm
|upkeep
|turn|12
|
|t:|1760387587
|move|p2a: Eternity|Soft-Boiled|p2a: Eternity
|-heal|p2a: Eternity|100/100
|move|p1a: Toxapex|Toxic|p2a: Eternity
|-status|p2a: Eternity|tox
|
|-weather|none
|-damage|p2a: Eternity|94/100 tox|[from] psn
|upkeep
|turn|13
|
|t:|1760387596
|-curestatus|p2a: Eternity|tox|[from] ability: Natural Cure
|switch|p2a: 2013 summer|Scizor, M|100/100
|move|p1a: Toxapex|Toxic|p2a: 2013 summer
|-immune|p2a: 2013 summer
|
|upkeep
|turn|14
|
|t:|1760387600
|switch|p1a: Zapdos|Zapdos|81/100
|move|p2a: 2013 summer|Knock Off|p1a: Zapdos
|-damage|p1a: Zapdos|42/100
|-enditem|p1a: Zapdos|Heavy-Duty Boots|[from] move: Knock Off|[of] p2a: 2013 summer
|
|upkeep
|turn|15
|
|t:|1760387605
|switch|p2a: Eternity|Chansey, F, shiny|94/100
|move|p1a: Zapdos|Roost|p1a: Zapdos
|-heal|p1a: Zapdos|92/100
|-singleturn|p1a: Zapdos|move: Roost
|
|upkeep
|turn|16
|
|t:|1760387609
|move|p1a: Zapdos|Volt Switch|p2a: Eternity
|-damage|p2a: Eternity|85/100
|
|t:|1760387611
|switch|p1a: Great Tusk|Great Tusk|100/100|[from] Volt Switch
|-damage|p1a: Great Tusk|98/100|[from] Stealth Rock
|move|p2a: Eternity|Seismic Toss|p1a: Great Tusk
|-damage|p1a: Great Tusk|74/100
|
|-heal|p1a: Great Tusk|81/100|[from] item: Leftovers
|upkeep
|turn|17
|
|t:|1760387616
|switch|p2a: Wrathwring|Moltres, shiny|71/100
|move|p1a: Great Tusk|Rapid Spin|p2a: Wrathwring
|-damage|p2a: Wrathwring|60/100
|-boost|p1a: Great Tusk|spe|1
|-sideend|p1: SillyScallop|Stealth Rock|[from] move: Rapid Spin|[of] p1a: Great Tusk
|
|-heal|p1a: Great Tusk|87/100|[from] item: Leftovers
|upkeep
|turn|18
|
|t:|1760387625
|-end|p1a: Great Tusk|Protosynthesis|[silent]
|switch|p1a: Toxapex|Toxapex, M, shiny|100/100
|switch|p2a: Eternity|Chansey, F, shiny|85/100
|
|upkeep
|turn|19
|
|t:|1760387633
|switch|p1a: Metagross|Metagross, shiny|100/100
|move|p2a: Eternity|Stealth Rock|p1a: Metagross
|-sidestart|p1: SillyScallop|move: Stealth Rock
|
|upkeep
|turn|20
|
|t:|1760387639
|switch|p2a: Wrathwring|Moltres, shiny|60/100
|move|p1a: Metagross|Thunder Punch|p2a: Wrathwring
|-supereffective|p2a: Wrathwring
|-damage|p2a: Wrathwring|0 fnt
|faint|p2a: Wrathwring
|
|upkeep
|
|t:|1760387645
|switch|p2a: Grax|Great Tusk|100/100
|turn|21
|
|t:|1760387650
|switch|p1a: Zapdos|Zapdos|92/100
|-damage|p1a: Zapdos|68/100|[from] Stealth Rock
|move|p2a: Grax|Headlong Rush|p1a: Zapdos
|-immune|p1a: Zapdos
|
|upkeep
|turn|22
|
|t:|1760387653
|move|p2a: Grax|Ice Spinner|p1a: Zapdos
|-supereffective|p1a: Zapdos
|-damage|p1a: Zapdos|24/100
|move|p1a: Zapdos|Volt Switch|p2a: Grax
|-immune|p2a: Grax
|
|upkeep
|turn|23
|
|t:|1760387663
|switch|p1a: Ninetales|Ninetales-Alola, M|100/100
|-weather|Snowscape|[from] ability: Snow Warning|[of] p1a: Ninetales
|move|p2a: Grax|Ice Spinner|p1a: Ninetales
|-resisted|p1a: Ninetales
|-damage|p1a: Ninetales|93/100
|
|-weather|Snowscape|[upkeep]
|upkeep
|turn|24
|
|t:|1760387674
|-end|p2a: Grax|Protosynthesis|[silent]
|switch|p2a: Eternity|Chansey, F, shiny|85/100
|move|p1a: Ninetales|Roar|p2a: Eternity
|drag|p2a: 2013 summer|Scizor, M|100/100
|
|-weather|Snowscape|[upkeep]
|upkeep
|turn|25
|
|t:|1760387679
|switch|p1a: Zapdos|Zapdos|24/100
|-damage|p1a: Zapdos|0 fnt|[from] Stealth Rock
|faint|p1a: Zapdos
|move|p2a: 2013 summer|Bullet Punch|p1: Zapdos|[notarget]
|-fail|p2a: 2013 summer
|
|-weather|Snowscape|[upkeep]
|upkeep
|
|t:|1760387685
|switch|p1a: Great Tusk|Great Tusk|87/100
|-damage|p1a: Great Tusk|84/100|[from] Stealth Rock
|turn|26
|
|t:|1760387689
|move|p2a: 2013 summer|Bullet Punch|p1a: Great Tusk
|-damage|p1a: Great Tusk|59/100
|move|p1a: Great Tusk|Ice Spinner|p2a: 2013 summer
|-resisted|p2a: 2013 summer
|-damage|p2a: 2013 summer|88/100
|
|-weather|Snowscape|[upkeep]
|-heal|p1a: Great Tusk|65/100|[from] item: Leftovers
|upkeep
|turn|27
|
|t:|1760387694
|switch|p2a: naughtier|Dragapult, M|95/100
|move|p1a: Great Tusk|Rapid Spin|p2a: naughtier
|-immune|p2a: naughtier
|
|-weather|none
|-heal|p1a: Great Tusk|71/100|[from] item: Leftovers
|upkeep
|turn|28
|
|t:|1760387699
|-end|p1a: Great Tusk|Protosynthesis|[silent]
|switch|p1a: Toxapex|Toxapex, M, shiny|100/100
|-damage|p1a: Toxapex|88/100|[from] Stealth Rock
|move|p2a: naughtier|U-turn|p1a: Toxapex
|-resisted|p1a: Toxapex
|-damage|p1a: Toxapex|80/100
|
|t:|1760387702
|switch|p2a: Grax|Great Tusk|100/100|[from] U-turn
|
|upkeep
|turn|29
|
|t:|1760387712
|-terastallize|p1a: Toxapex|Grass
|move|p2a: Grax|Headlong Rush|p1a: Toxapex
|-resisted|p1a: Toxapex
|-damage|p1a: Toxapex|54/100
|-unboost|p2a: Grax|def|1
|-unboost|p2a: Grax|spd|1
|move|p1a: Toxapex|Toxic|p2a: Grax
|-status|p2a: Grax|tox
|
|-damage|p2a: Grax|94/100 tox|[from] psn
|upkeep
|turn|30
|
|t:|1760387716
|-end|p2a: Grax|Protosynthesis|[silent]
|switch|p2a: 2013 summer|Scizor, M|88/100
|switch|p1a: Ninetales|Ninetales-Alola, M|93/100
|-weather|Snowscape|[from] ability: Snow Warning|[of] p1a: Ninetales
|
|-weather|Snowscape|[upkeep]
|upkeep
|turn|31
|
|t:|1760387721
|switch|p1a: Great Tusk|Great Tusk|71/100
|-damage|p1a: Great Tusk|68/100|[from] Stealth Rock
|move|p2a: 2013 summer|Bullet Punch|p1a: Great Tusk
|-damage|p1a: Great Tusk|43/100
|
|-weather|Snowscape|[upkeep]
|-heal|p1a: Great Tusk|49/100|[from] item: Leftovers
|upkeep
|turn|32
|
|t:|1760387729
|switch|p2a: naughtier|Dragapult, M|95/100
|move|p1a: Great Tusk|Rapid Spin|p2a: naughtier
|-immune|p2a: naughtier
|
|-weather|Snowscape|[upkeep]
|-heal|p1a: Great Tusk|55/100|[from] item: Leftovers
|upkeep
|turn|33
|
|t:|1760387735
|move|p2a: naughtier|Hex|p1a: Great Tusk
|-damage|p1a: Great Tusk|19/100
|move|p1a: Great Tusk|Earthquake|p2a: naughtier
|-damage|p2a: naughtier|40/100
|
|-weather|Snowscape|[upkeep]
|-heal|p1a: Great Tusk|26/100|[from] item: Leftovers
|upkeep
|turn|34
|
|t:|1760387742
|-end|p1a: Great Tusk|Protosynthesis|[silent]
|switch|p1a: Tyranitar|Tyranitar, F|56/100 brn
|-weather|Sandstorm|[from] ability: Sand Stream|[of] p1a: Tyranitar
|move|p2a: naughtier|Hex|p1a: Tyranitar
|-resisted|p1a: Tyranitar
|-damage|p1a: Tyranitar|46/100 brn
|
|-weather|Sandstorm|[upkeep]
|-damage|p2a: naughtier|34/100|[from] Sandstorm
|-damage|p1a: Tyranitar|40/100 brn|[from] brn
|upkeep
|turn|35
|
|t:|1760387751
|move|p2a: naughtier|U-turn|p1a: Tyranitar
|-supereffective|p1a: Tyranitar
|-damage|p1a: Tyranitar|9/100 brn
|
|t:|1760387754
|switch|p2a: Eternity|Chansey, F, shiny|85/100|[from] U-turn
|move|p1a: Tyranitar|Knock Off|p2a: Eternity
|-crit|p2a: Eternity
|-damage|p2a: Eternity|66/100
|-enditem|p2a: Eternity|Eviolite|[from] move: Knock Off|[of] p1a: Tyranitar
|
|-weather|Sandstorm|[upkeep]
|-damage|p2a: Eternity|60/100|[from] Sandstorm
|-damage|p1a: Tyranitar|3/100 brn|[from] brn
|upkeep
|turn|36
|
|t:|1760387759
|move|p1a: Tyranitar|Stealth Rock|p2a: Eternity
|-sidestart|p2: choppedkins|move: Stealth Rock
|move|p2a: Eternity|Soft-Boiled|p2a: Eternity
|-heal|p2a: Eternity|100/100
|
|-weather|Sandstorm|[upkeep]
|-damage|p2a: Eternity|94/100|[from] Sandstorm
|-damage|p1a: Tyranitar|0 fnt|[from] brn
|faint|p1a: Tyranitar
|upkeep
|
|t:|1760387766
|switch|p1a: Ninetales|Ninetales-Alola, M|93/100
|-weather|Snowscape|[from] ability: Snow Warning|[of] p1a: Ninetales
|turn|37
|
|t:|1760387770
|move|p1a: Ninetales|Encore|p2a: Eternity
|-start|p2a: Eternity|Encore
|move|p2a: Eternity|Soft-Boiled|p2a: Eternity
|-heal|p2a: Eternity|100/100
|
|-weather|Snowscape|[upkeep]
|upkeep
|turn|38
|
|t:|1760387775
|switch|p2a: 2013 summer|Scizor, M|88/100
|-damage|p2a: 2013 summer|76/100|[from] Stealth Rock
|move|p1a: Ninetales|Roar|p2a: 2013 summer
|drag|p2a: naughtier|Dragapult, M|34/100
|
|-weather|Snowscape|[upkeep]
|upkeep
|turn|39
|
|t:|1760387781
|switch|p2a: Eternity|Chansey, F, shiny|100/100
|-damage|p2a: Eternity|88/100|[from] Stealth Rock
|move|p1a: Ninetales|Freeze-Dry|p2a: Eternity
|-crit|p2a: Eternity
|-damage|p2a: Eternity|74/100
|-status|p2a: Eternity|frz
|
|-weather|Snowscape|[upkeep]
|upkeep
|turn|40
|
|t:|1760387785
|cant|p2a: Eternity|frz
|move|p1a: Ninetales|Roar|p2a: Eternity
|-curestatus|p2a: Eternity|frz|[from] ability: Natural Cure
|drag|p2a: 2013 summer|Scizor, M|76/100
|-damage|p2a: 2013 summer|64/100|[from] Stealth Rock
|
|-weather|Snowscape|[upkeep]
|upkeep
|turn|41
|
|t:|1760387793
|switch|p1a: Metagross|Metagross, shiny|100/100
|-damage|p1a: Metagross|95/100|[from] Stealth Rock
|-terastallize|p2a: 2013 summer|Steel
|move|p2a: 2013 summer|Bullet Punch|p1a: Metagross
|-resisted|p1a: Metagross
|-damage|p1a: Metagross|65/100
|
|-weather|none
|upkeep
|turn|42
|
|t:|1760387800
|switch|p2a: Eternity|Chansey, F, shiny|74/100
|-damage|p2a: Eternity|62/100|[from] Stealth Rock
|move|p1a: Metagross|Earthquake|p2a: Eternity
|-damage|p2a: Eternity|0 fnt
|faint|p2a: Eternity
|
|upkeep
|
|t:|1760387802
|switch|p2a: naughtier|Dragapult, M|34/100
|turn|43
|
|t:|1760387809
|switch|p2a: 2013 summer|Scizor, M, tera:Steel|64/100
|-damage|p2a: 2013 summer|57/100|[from] Stealth Rock
|switch|p1a: Ninetales|Ninetales-Alola, M|93/100
|-weather|Snowscape|[from] ability: Snow Warning|[of] p1a: Ninetales
|
|-weather|Snowscape|[upkeep]
|upkeep
|turn|44
|
|t:|1760387813
|switch|p1a: Great Tusk|Great Tusk|26/100
|-damage|p1a: Great Tusk|23/100|[from] Stealth Rock
|move|p2a: 2013 summer|Bullet Punch|p1a: Great Tusk
|-crit|p1a: Great Tusk
|-damage|p1a: Great Tusk|0 fnt
|faint|p1a: Great Tusk
|-end|p1a: Great Tusk|Protosynthesis|[silent]
|
|-weather|Snowscape|[upkeep]
|upkeep
|
|t:|1760387817
|switch|p1a: Metagross|Metagross, shiny|65/100
|-damage|p1a: Metagross|59/100|[from] Stealth Rock
|turn|45
|
|t:|1760387829
|switch|p2a: Mistlestorm|Serperior, F|100/100
|-damage|p2a: Mistlestorm|88/100|[from] Stealth Rock
|move|p1a: Metagross|Earthquake|p2a: Mistlestorm
|-resisted|p2a: Mistlestorm
|-damage|p2a: Mistlestorm|55/100
|
|-weather|Snowscape|[upkeep]
|-heal|p2a: Mistlestorm|61/100|[from] item: Leftovers
|upkeep
|turn|46
|
|t:|1760387833
|switch|p2a: 2013 summer|Scizor, M, tera:Steel|57/100
|-damage|p2a: 2013 summer|51/100|[from] Stealth Rock
|switch|p1a: Toxapex|Toxapex, M, shiny, tera:Grass|88/100
|-damage|p1a: Toxapex|75/100|[from] Stealth Rock
|
|-weather|Snowscape|[upkeep]
|upkeep
|turn|47
|
|t:|1760387840
|move|p2a: 2013 summer|U-turn|p1a: Toxapex
|-supereffective|p1a: Toxapex
|-damage|p1a: Toxapex|0 fnt
|faint|p1a: Toxapex
|-message|SillyScallop forfeited.
|
|win|choppedkins
|raw|SillyScallop's rating: 1556 &rarr; <strong>1536</strong><br />(-20 for losing)
|raw|choppedkins's rating: 1553 &rarr; <strong>1573</strong><br />(+20 for winning)
|l|☆SillyScallop
|player|p1|
|l|☆choppedkins
|player|p2|
