|j|☆ayyyyyyuhsucconme
|j|☆pepper f
|t:|1760415587
|gametype|singles
|player|p1|ayyyyyyuhsucconme|linebacker|1241
|player|p2|pepper f|blackbelt-gen4dp|1254
|gen|9
|tier|[Gen 9] OU
|rated|
|rule|HP Percentage Mod: HP is shown in percentages
|rule|Endless Battle Clause: Forcing endless battles is banned
|rule|Species Clause: Limit one of each Pokémon
|rule|OHKO Clause: OHKO moves are banned
|rule|Evasion Items Clause: Evasion items are banned
|rule|Evasion Moves Clause: Evasion moves are banned
|rule|Evasion Abilities Clause: Evasion abilities are banned
|rule|Sleep Moves Clause: Sleep-inducing moves are banned
|clearpoke
|poke|p1|Gholdengo|
|poke|p1|Clodsire, F|
|poke|p1|Skarmory, M|
|poke|p1|Gliscor, F|
|poke|p1|Quaquaval, M|
|poke|p1|Goodra-Hisui, M|
|poke|p2|Primeape, M|
|poke|p2|Conkeldurr, M|
|poke|p2|Talonflame, F|
|poke|p2|Meowscarada, F|
|poke|p2|Corviknight, M|
|poke|p2|Gastrodon-East, M|
|teampreview
|
|t:|1760415604
|teamsize|p1|6
|teamsize|p2|6
|start
|switch|p1a: Clodsire|Clodsire, F, shiny|100/100
|switch|p2a: Conkeldurr|Conkeldurr, M|100/100
|turn|1
|inactive|Battle timer is ON: inactive players will automatically lose when time's up. (requested by pepper f)
|
|t:|1760415617
|switch|p1a: Skarmory|Skarmory, M|100/100
|move|p2a: Conkeldurr|Ice Punch|p1a: Skarmory
|-crit|p1a: Skarmory
|-damage|p1a: Skarmory|75/100
|-damage|p2a: Conkeldurr|84/100|[from] item: Rocky Helmet|[of] p1a: Skarmory
|
|-status|p2a: Conkeldurr|brn|[from] item: Flame Orb
|upkeep
|turn|2
|c|☆ayyyyyyuhsucconme|glhf twin
|
|t:|1760415628
|switch|p2a: Corviknight|Corviknight, M|100/100
|-ability|p2a: Corviknight|Pressure
|move|p1a: Skarmory|Spikes|p2a: Corviknight
|-sidestart|p2: pepper f|Spikes
|
|upkeep
|turn|3
|
|t:|1760415635
|switch|p1a: Gholdengo|Gholdengo|100/100
|-item|p1a: Gholdengo|Air Balloon
|move|p2a: Corviknight|Iron Defense|p2a: Corviknight
|-boost|p2a: Corviknight|def|2
|
|upkeep
|turn|4
|
|t:|1760415641
|move|p1a: Gholdengo|Nasty Plot|p1a: Gholdengo
|-boost|p1a: Gholdengo|spa|2
|move|p2a: Corviknight|Brave Bird|p1a: Gholdengo
|-resisted|p1a: Gholdengo
|-damage|p1a: Gholdengo|85/100
|-enditem|p1a: Gholdengo|Air Balloon
|-damage|p2a: Corviknight|95/100|[from] Recoil
|
|-heal|p2a: Corviknight|100/100|[from] item: Leftovers
|upkeep
|turn|5
|
|t:|1760415651
|switch|p2a: Talonflame|Talonflame, F|100/100
|move|p1a: Gholdengo|Shadow Ball|p2a: Talonflame
|-damage|p2a: Talonflame|0 fnt
|faint|p2a: Talonflame
|
|upkeep
|
|t:|1760415657
|switch|p2a: Gastrodon|Gastrodon-East, M|100/100
|-damage|p2a: Gastrodon|88/100|[from] Spikes
|turn|6
|
|t:|1760415667
|switch|p1a: Skarmory|Skarmory, M|75/100
|move|p2a: Gastrodon|Earth Power|p1a: Skarmory
|-immune|p1a: Skarmory
|
|-heal|p2a: Gastrodon|94/100|[from] item: Leftovers
|upkeep
|turn|7
|-message|pepper f forfeited.
|
|win|ayyyyyyuhsucconme
|raw|ayyyyyyuhsucconme's rating: 1241 &rarr; <strong>1267</strong><br />(+26 for winning)
|raw|pepper f's rating: 1254 &rarr; <strong>1228</strong><br />(-26 for losing)
|l|☆pepper f
|player|p2|
|l|☆ayyyyyyuhsucconme
|player|p1|
