|j|☆killerpm11
|j|☆raxiahsta
|t:|1760387015
|gametype|singles
|player|p1|killerpm11|266|1172
|player|p2|raxiahsta|rocketgruntf|1118
|gen|9
|tier|[Gen 9] OU
|rated|
|rule|HP Percentage Mod: HP is shown in percentages
|rule|Endless Battle Clause: Forcing endless battles is banned
|rule|Species Clause: Limit one of each Pokémon
|rule|OHKO Clause: OHKO moves are banned
|rule|Evasion Items Clause: Evasion items are banned
|rule|Evasion Moves Clause: Evasion moves are banned
|rule|Evasion Abilities Clause: Evasion abilities are banned
|rule|Sleep Moves Clause: Sleep-inducing moves are banned
|clearpoke
|poke|p1|Deoxys-Speed|
|poke|p1|Porygon-Z|
|poke|p1|Garganacl, M|
|poke|p1|Dondozo, F|
|poke|p1|Ursaluna, F|
|poke|p1|Dragonite, M|
|poke|p2|Meganium, M|
|poke|p2|Tyranitar, M|
|poke|p2|Vaporeon, F|
|poke|p2|Hitmonchan, M|
|poke|p2|Donphan, F|
|poke|p2|Zapdos|
|teampreview
|inactive|Battle timer is ON: inactive players will automatically lose when time's up. (requested by raxiahsta)
|c|☆killerpm11|Love you're team
|c|☆killerpm11|Glhf
|c|☆raxiahsta|u too
|
|t:|1760387041
|teamsize|p1|6
|teamsize|p2|6
|start
|switch|p1a: Porygon-Z|Porygon-Z|100/100
|switch|p2a: Donphan|Donphan, F|100/100
|turn|1
|
|t:|1760387051
|move|p2a: Donphan|Stealth Rock|p1a: Porygon-Z
|-sidestart|p1: killerpm11|move: Stealth Rock
|move|p1a: Porygon-Z|Trick Room|p1a: Porygon-Z
|-fieldstart|move: Trick Room|[of] p1a: Porygon-Z
|
|upkeep
|turn|2
|
|t:|1760387056
|move|p2a: Donphan|Earthquake|p1a: Porygon-Z
|-damage|p1a: Porygon-Z|40/100
|move|p1a: Porygon-Z|Ice Beam|p2a: Donphan
|-supereffective|p2a: Donphan
|-ability|p2a: Donphan|Sturdy
|-damage|p2a: Donphan|1/100
|-damage|p1a: Porygon-Z|30/100|[from] item: Life Orb
|
|-heal|p2a: Donphan|7/100|[from] item: Leftovers
|upkeep
|turn|3
|
|t:|1760387070
|switch|p1a: Dragonite|Dragonite, M|100/100
|move|p2a: Donphan|Earthquake|p1a: Dragonite
|-immune|p1a: Dragonite
|
|-heal|p2a: Donphan|13/100|[from] item: Leftovers
|upkeep
|turn|4
|
|t:|1760387078
|move|p1a: Dragonite|Extreme Speed|p2a: Donphan
|-damage|p2a: Donphan|0 fnt
|faint|p2a: Donphan
|
|upkeep
|
|t:|1760387084
|switch|p2a: Meganium|Meganium, M|100/100
|turn|5
|
|t:|1760387089
|switch|p1a: Porygon-Z|Porygon-Z|30/100
|-damage|p1a: Porygon-Z|17/100|[from] Stealth Rock
|move|p2a: Meganium|Reflect|p2a: Meganium
|-sidestart|p2: raxiahsta|Reflect
|
|-fieldend|move: Trick Room
|upkeep
|turn|6
|
|t:|1760387096
|move|p2a: Meganium|Ancient Power|p1a: Porygon-Z
|-crit|p1a: Porygon-Z
|-damage|p1a: Porygon-Z|0 fnt
|faint|p1a: Porygon-Z
|
|upkeep
|
|t:|1760387100
|switch|p1a: Deoxys|Deoxys-Speed|100/100
|-damage|p1a: Deoxys|88/100|[from] Stealth Rock
|-ability|p1a: Deoxys|Pressure
|turn|7
|
|t:|1760387109
|switch|p2a: Tyranitar|Tyranitar, M|100/100
|-weather|Sandstorm|[from] ability: Sand Stream|[of] p2a: Tyranitar
|move|p1a: Deoxys|Trick Room|p1a: Deoxys
|-fieldstart|move: Trick Room|[of] p1a: Deoxys
|
|-weather|Sandstorm|[upkeep]
|-damage|p1a: Deoxys|82/100|[from] Sandstorm
|upkeep
|turn|8
|
|t:|1760387118
|switch|p1a: Ursaluna|Ursaluna, F|100/100
|-damage|p1a: Ursaluna|94/100|[from] Stealth Rock
|move|p2a: Tyranitar|Crunch|p1a: Ursaluna
|-damage|p1a: Ursaluna|72/100
|
|-weather|Sandstorm|[upkeep]
|-status|p1a: Ursaluna|brn|[from] item: Flame Orb
|upkeep
|turn|9
|
|t:|1760387131
|switch|p2a: Zapdos|Zapdos|100/100
|-ability|p2a: Zapdos|Pressure
|move|p1a: Ursaluna|Close Combat|p2a: Zapdos
|-resisted|p2a: Zapdos
|-damage|p2a: Zapdos|86/100
|-unboost|p1a: Ursaluna|def|1
|-unboost|p1a: Ursaluna|spd|1
|
|-weather|Sandstorm|[upkeep]
|-damage|p2a: Zapdos|80/100|[from] Sandstorm
|-damage|p1a: Ursaluna|66/100 brn|[from] brn
|upkeep
|turn|10
|
|t:|1760387144
|switch|p1a: Garganacl|Garganacl, M|100/100
|-damage|p1a: Garganacl|88/100|[from] Stealth Rock
|move|p2a: Zapdos|Hurricane|p1a: Garganacl
|-resisted|p1a: Garganacl
|-damage|p1a: Garganacl|71/100
|-damage|p2a: Zapdos|70/100|[from] item: Life Orb
|
|-weather|Sandstorm|[upkeep]
|-damage|p2a: Zapdos|64/100|[from] Sandstorm
|upkeep
|turn|11
|
|t:|1760387155
|move|p1a: Garganacl|Salt Cure|p2a: Zapdos
|-supereffective|p2a: Zapdos
|-crit|p2a: Zapdos
|-damage|p2a: Zapdos|21/100
|-start|p2a: Zapdos|Salt Cure
|move|p2a: Zapdos|Discharge|p1a: Garganacl
|-damage|p1a: Garganacl|45/100
|-damage|p2a: Zapdos|11/100|[from] item: Life Orb
|
|-weather|none
|-damage|p2a: Zapdos|0 fnt|[from] Salt Cure
|faint|p2a: Zapdos
|-fieldend|move: Trick Room
|upkeep
|
|t:|1760387167
|switch|p2a: Hitmonchan|Hitmonchan, M|100/100
|turn|12
|
|t:|1760387172
|move|p1a: Garganacl|Protect|p1a: Garganacl
|-singleturn|p1a: Garganacl|Protect
|move|p2a: Hitmonchan|Bulk Up|p2a: Hitmonchan
|-boost|p2a: Hitmonchan|atk|1
|-boost|p2a: Hitmonchan|def|1
|
|-sideend|p2: raxiahsta|Reflect
|upkeep
|turn|13
|
|t:|1760387180
|-terastallize|p1a: Garganacl|Fairy
|move|p2a: Hitmonchan|Bullet Punch|p1a: Garganacl
|-supereffective|p1a: Garganacl
|-damage|p1a: Garganacl|22/100
|-damage|p2a: Hitmonchan|84/100|[from] item: Rocky Helmet|[of] p1a: Garganacl
|move|p1a: Garganacl|Recover|p1a: Garganacl
|-heal|p1a: Garganacl|72/100
|
|-heal|p2a: Hitmonchan|90/100|[from] item: Leftovers
|upkeep
|turn|14
|
|t:|1760387199
|move|p2a: Hitmonchan|Bulk Up|p2a: Hitmonchan
|-boost|p2a: Hitmonchan|atk|1
|-boost|p2a: Hitmonchan|def|1
|move|p1a: Garganacl|Salt Cure|p2a: Hitmonchan
|-resisted|p2a: Hitmonchan
|-damage|p2a: Hitmonchan|85/100
|-start|p2a: Hitmonchan|Salt Cure
|
|-heal|p2a: Hitmonchan|91/100|[from] item: Leftovers
|-damage|p2a: Hitmonchan|79/100|[from] Salt Cure
|upkeep
|turn|15
|
|t:|1760387211
|switch|p1a: Ursaluna|Ursaluna, F|66/100 brn
|-damage|p1a: Ursaluna|59/100 brn|[from] Stealth Rock
|move|p2a: Hitmonchan|Bulk Up|p2a: Hitmonchan
|-boost|p2a: Hitmonchan|atk|1
|-boost|p2a: Hitmonchan|def|1
|
|-heal|p2a: Hitmonchan|85/100|[from] item: Leftovers
|-damage|p1a: Ursaluna|53/100 brn|[from] brn
|-damage|p2a: Hitmonchan|72/100|[from] Salt Cure
|upkeep
|turn|16
|
|t:|1760387222
|move|p1a: Ursaluna|Protect|p1a: Ursaluna
|-singleturn|p1a: Ursaluna|Protect
|move|p2a: Hitmonchan|Drain Punch|p1a: Ursaluna
|-activate|p1a: Ursaluna|move: Protect
|
|-heal|p2a: Hitmonchan|78/100|[from] item: Leftovers
|-damage|p1a: Ursaluna|47/100 brn|[from] brn
|-damage|p2a: Hitmonchan|66/100|[from] Salt Cure
|upkeep
|turn|17
|
|t:|1760387231
|switch|p1a: Dondozo|Dondozo, F|100/100
|-damage|p1a: Dondozo|88/100|[from] Stealth Rock
|move|p2a: Hitmonchan|Drain Punch|p1a: Dondozo
|-damage|p1a: Dondozo|68/100
|-heal|p2a: Hitmonchan|83/100|[from] drain|[of] p1a: Dondozo
|
|-heal|p2a: Hitmonchan|89/100|[from] item: Leftovers
|-heal|p1a: Dondozo|74/100|[from] item: Leftovers
|-damage|p2a: Hitmonchan|77/100|[from] Salt Cure
|upkeep
|turn|18
|
|t:|1760387241
|move|p2a: Hitmonchan|Drain Punch|p1a: Dondozo
|-damage|p1a: Dondozo|56/100
|-heal|p2a: Hitmonchan|92/100|[from] drain|[of] p1a: Dondozo
|move|p1a: Dondozo|Waterfall|p2a: Hitmonchan
|-damage|p2a: Hitmonchan|53/100
|
|-heal|p2a: Hitmonchan|59/100|[from] item: Leftovers
|-heal|p1a: Dondozo|62/100|[from] item: Leftovers
|-damage|p2a: Hitmonchan|47/100|[from] Salt Cure
|upkeep
|turn|19
|
|t:|1760387253
|move|p2a: Hitmonchan|Drain Punch|p1a: Dondozo
|-damage|p1a: Dondozo|42/100
|-heal|p2a: Hitmonchan|64/100|[from] drain|[of] p1a: Dondozo
|move|p1a: Dondozo|Waterfall|p2a: Hitmonchan
|-damage|p2a: Hitmonchan|29/100
|
|-heal|p2a: Hitmonchan|34/100|[from] item: Leftovers
|-heal|p1a: Dondozo|49/100|[from] item: Leftovers
|-damage|p2a: Hitmonchan|22/100|[from] Salt Cure
|upkeep
|turn|20
|
|t:|1760387265
|switch|p2a: Meganium|Meganium, M|100/100
|move|p1a: Dondozo|Rest|p1a: Dondozo
|-status|p1a: Dondozo|slp|[from] move: Rest
|-heal|p1a: Dondozo|100/100 slp|[silent]
|
|upkeep
|turn|21
|
|t:|1760387274
|move|p2a: Meganium|Reflect|p2a: Meganium
|-sidestart|p2: raxiahsta|Reflect
|cant|p1a: Dondozo|slp
|move|p1a: Dondozo|Sleep Talk|p1a: Dondozo
|move|p1a: Dondozo|Waterfall|p2a: Meganium|[from] move: Sleep Talk
|-resisted|p2a: Meganium
|-damage|p2a: Meganium|94/100
|
|upkeep
|turn|22
|
|t:|1760387284
|switch|p1a: Ursaluna|Ursaluna, F|47/100 brn
|-damage|p1a: Ursaluna|41/100 brn|[from] Stealth Rock
|move|p2a: Meganium|Leech Seed|p1a: Ursaluna
|-start|p1a: Ursaluna|move: Leech Seed
|
|-damage|p1a: Ursaluna|29/100 brn|[from] Leech Seed|[of] p2a: Meganium
|-heal|p2a: Meganium|100/100|[silent]
|-damage|p1a: Ursaluna|23/100 brn|[from] brn
|upkeep
|turn|23
|
|t:|1760387293
|switch|p1a: Deoxys|Deoxys-Speed|82/100
|-damage|p1a: Deoxys|70/100|[from] Stealth Rock
|-ability|p1a: Deoxys|Pressure
|move|p2a: Meganium|Synthesis|p2a: Meganium
|-fail|p2a: Meganium|heal
|
|upkeep
|turn|24
|
|t:|1760387301
|move|p2a: Meganium|Synthesis|p2a: Meganium
|-fail|p2a: Meganium|heal
|move|p1a: Deoxys|Trick Room|p1a: Deoxys
|-fieldstart|move: Trick Room|[of] p1a: Deoxys
|
|upkeep
|turn|25
|
|t:|1760387307
|switch|p1a: Ursaluna|Ursaluna, F|23/100 brn
|-damage|p1a: Ursaluna|17/100 brn|[from] Stealth Rock
|move|p2a: Meganium|Leech Seed|p1a: Ursaluna
|-start|p1a: Ursaluna|move: Leech Seed
|
|-damage|p1a: Ursaluna|5/100 brn|[from] Leech Seed|[of] p2a: Meganium
|-damage|p1a: Ursaluna|0 fnt|[from] brn
|faint|p1a: Ursaluna
|upkeep
|
|t:|1760387312
|switch|p1a: Garganacl|Garganacl, M, tera:Fairy|72/100
|-damage|p1a: Garganacl|60/100|[from] Stealth Rock
|turn|26
|
|t:|1760387319
|move|p1a: Garganacl|Salt Cure|p2a: Meganium
|-damage|p2a: Meganium|94/100
|-start|p2a: Meganium|Salt Cure
|move|p2a: Meganium|Leech Seed|p1a: Garganacl
|-start|p1a: Garganacl|move: Leech Seed
|
|-damage|p1a: Garganacl|48/100|[from] Leech Seed|[of] p2a: Meganium
|-heal|p2a: Meganium|100/100|[silent]
|-damage|p2a: Meganium|88/100|[from] Salt Cure
|upkeep
|turn|27
|
|t:|1760387328
|move|p1a: Garganacl|Recover|p1a: Garganacl
|-heal|p1a: Garganacl|98/100
|move|p2a: Meganium|Ancient Power|p1a: Garganacl
|-damage|p1a: Garganacl|81/100
|
|-damage|p1a: Garganacl|69/100|[from] Leech Seed|[of] p2a: Meganium
|-heal|p2a: Meganium|100/100|[silent]
|-damage|p2a: Meganium|88/100|[from] Salt Cure
|upkeep
|turn|28
|
|t:|1760387336
|move|p1a: Garganacl|Salt Cure|p2a: Meganium
|-damage|p2a: Meganium|82/100
|move|p2a: Meganium|Leech Seed||[still]
|-fail|p2a: Meganium
|
|-damage|p1a: Garganacl|56/100|[from] Leech Seed|[of] p2a: Meganium
|-heal|p2a: Meganium|95/100|[silent]
|-damage|p2a: Meganium|83/100|[from] Salt Cure
|-sideend|p2: raxiahsta|Reflect
|-fieldend|move: Trick Room
|upkeep
|turn|29
|
|t:|1760387347
|move|p2a: Meganium|Reflect|p2a: Meganium
|-sidestart|p2: raxiahsta|Reflect
|move|p1a: Garganacl|Body Press|p2a: Meganium
|-damage|p2a: Meganium|69/100
|
|-damage|p1a: Garganacl|44/100|[from] Leech Seed|[of] p2a: Meganium
|-heal|p2a: Meganium|83/100|[silent]
|-damage|p2a: Meganium|71/100|[from] Salt Cure
|upkeep
|turn|30
|
|t:|1760387357
|move|p2a: Meganium|Ancient Power|p1a: Garganacl
|-damage|p1a: Garganacl|28/100
|move|p1a: Garganacl|Recover|p1a: Garganacl
|-heal|p1a: Garganacl|78/100
|
|-damage|p1a: Garganacl|66/100|[from] Leech Seed|[of] p2a: Meganium
|-heal|p2a: Meganium|84/100|[silent]
|-damage|p2a: Meganium|72/100|[from] Salt Cure
|upkeep
|turn|31
|
|t:|1760387364
|switch|p1a: Dragonite|Dragonite, M|100/100
|move|p2a: Meganium|Ancient Power|p1a: Dragonite
|-supereffective|p1a: Dragonite
|-damage|p1a: Dragonite|64/100
|
|-damage|p2a: Meganium|60/100|[from] Salt Cure
|upkeep
|turn|32
|inactive|killerpm11 has 120 seconds left.
|
|t:|1760387397
|move|p1a: Dragonite|Dragon Dance|p1a: Dragonite
|-boost|p1a: Dragonite|atk|1
|-boost|p1a: Dragonite|spe|1
|move|p2a: Meganium|Leech Seed|p1a: Dragonite
|-start|p1a: Dragonite|move: Leech Seed
|
|-damage|p1a: Dragonite|52/100|[from] Leech Seed|[of] p2a: Meganium
|-heal|p2a: Meganium|71/100|[silent]
|-damage|p2a: Meganium|58/100|[from] Salt Cure
|upkeep
|turn|33
|
|t:|1760387404
|move|p1a: Dragonite|Dragon Dance|p1a: Dragonite
|-boost|p1a: Dragonite|atk|1
|-boost|p1a: Dragonite|spe|1
|move|p2a: Meganium|Ancient Power|p1a: Dragonite
|-supereffective|p1a: Dragonite
|-damage|p1a: Dragonite|17/100
|
|-damage|p1a: Dragonite|5/100|[from] Leech Seed|[of] p2a: Meganium
|-heal|p2a: Meganium|69/100|[silent]
|-damage|p2a: Meganium|57/100|[from] Salt Cure
|upkeep
|turn|34
|
|t:|1760387414
|move|p1a: Dragonite|Roost|p1a: Dragonite
|-heal|p1a: Dragonite|55/100
|-singleturn|p1a: Dragonite|move: Roost
|move|p2a: Meganium|Synthesis|p2a: Meganium
|-heal|p2a: Meganium|100/100
|
|-damage|p1a: Dragonite|42/100|[from] Leech Seed|[of] p2a: Meganium
|-damage|p2a: Meganium|88/100|[from] Salt Cure
|upkeep
|turn|35
|
|t:|1760387424
|move|p1a: Dragonite|Roost|p1a: Dragonite
|-heal|p1a: Dragonite|92/100
|-singleturn|p1a: Dragonite|move: Roost
|move|p2a: Meganium|Ancient Power|p1a: Dragonite
|-damage|p1a: Dragonite|76/100
|
|-damage|p1a: Dragonite|63/100|[from] Leech Seed|[of] p2a: Meganium
|-heal|p2a: Meganium|99/100|[silent]
|-damage|p2a: Meganium|87/100|[from] Salt Cure
|upkeep
|turn|36
|
|t:|1760387434
|move|p1a: Dragonite|Dragon Dance|p1a: Dragonite
|-boost|p1a: Dragonite|atk|1
|-boost|p1a: Dragonite|spe|1
|move|p2a: Meganium|Leech Seed||[still]
|-fail|p2a: Meganium
|
|-damage|p1a: Dragonite|51/100|[from] Leech Seed|[of] p2a: Meganium
|-heal|p2a: Meganium|98/100|[silent]
|-damage|p2a: Meganium|85/100|[from] Salt Cure
|-sideend|p2: raxiahsta|Reflect
|upkeep
|turn|37
|
|t:|1760387443
|move|p1a: Dragonite|Extreme Speed|p2a: Meganium
|-damage|p2a: Meganium|17/100
|move|p2a: Meganium|Reflect|p2a: Meganium
|-sidestart|p2: raxiahsta|Reflect
|
|-damage|p1a: Dragonite|39/100|[from] Leech Seed|[of] p2a: Meganium
|-heal|p2a: Meganium|28/100|[silent]
|-damage|p2a: Meganium|16/100|[from] Salt Cure
|upkeep
|turn|38
|
|t:|1760387452
|move|p1a: Dragonite|Roost|p1a: Dragonite
|-heal|p1a: Dragonite|89/100
|-singleturn|p1a: Dragonite|move: Roost
|move|p2a: Meganium|Synthesis|p2a: Meganium
|-heal|p2a: Meganium|66/100
|
|-damage|p1a: Dragonite|76/100|[from] Leech Seed|[of] p2a: Meganium
|-heal|p2a: Meganium|77/100|[silent]
|-damage|p2a: Meganium|64/100|[from] Salt Cure
|upkeep
|turn|39
|
|t:|1760387461
|move|p1a: Dragonite|Dragon Dance|p1a: Dragonite
|-boost|p1a: Dragonite|atk|1
|-boost|p1a: Dragonite|spe|1
|move|p2a: Meganium|Ancient Power|p1a: Dragonite
|-supereffective|p1a: Dragonite
|-damage|p1a: Dragonite|40/100
|
|-damage|p1a: Dragonite|27/100|[from] Leech Seed|[of] p2a: Meganium
|-heal|p2a: Meganium|75/100|[silent]
|-damage|p2a: Meganium|63/100|[from] Salt Cure
|upkeep
|turn|40
|
|t:|1760387471
|move|p1a: Dragonite|Roost|p1a: Dragonite
|-heal|p1a: Dragonite|78/100
|-singleturn|p1a: Dragonite|move: Roost
|move|p2a: Meganium|Ancient Power|p1a: Dragonite
|-damage|p1a: Dragonite|60/100
|
|-damage|p1a: Dragonite|47/100|[from] Leech Seed|[of] p2a: Meganium
|-heal|p2a: Meganium|74/100|[silent]
|-damage|p2a: Meganium|61/100|[from] Salt Cure
|upkeep
|turn|41
|
|t:|1760387483
|switch|p2a: Hitmonchan|Hitmonchan, M|22/100
|move|p1a: Dragonite|Roost|p1a: Dragonite
|-heal|p1a: Dragonite|97/100
|-singleturn|p1a: Dragonite|move: Roost
|
|-heal|p2a: Hitmonchan|28/100|[from] item: Leftovers
|-damage|p1a: Dragonite|85/100|[from] Leech Seed|[of] p2a: Hitmonchan
|-heal|p2a: Hitmonchan|41/100|[silent]
|upkeep
|turn|42
|
|t:|1760387493
|move|p1a: Dragonite|Extreme Speed|p2a: Hitmonchan
|-damage|p2a: Hitmonchan|0 fnt
|faint|p2a: Hitmonchan
|
|upkeep
|
|t:|1760387499
|switch|p2a: Tyranitar|Tyranitar, M|100/100
|-weather|Sandstorm|[from] ability: Sand Stream|[of] p2a: Tyranitar
|turn|43
|
|t:|1760387518
|move|p1a: Dragonite|Earthquake|p2a: Tyranitar
|-supereffective|p2a: Tyranitar
|-damage|p2a: Tyranitar|0 fnt
|faint|p2a: Tyranitar
|
|-weather|Sandstorm|[upkeep]
|-damage|p1a: Dragonite|79/100|[from] Sandstorm
|upkeep
|-message|raxiahsta forfeited.
|
|win|killerpm11
|raw|killerpm11's rating: 1172 &rarr; <strong>1193</strong><br />(+21 for winning)
|raw|raxiahsta's rating: 1118 &rarr; <strong>1097</strong><br />(-21 for losing)
|l|☆raxiahsta
|player|p2|
|l|☆killerpm11
|player|p1|
