|j|‽Otherthero
|j|☆vito-from-godville
|t:|1760379668
|gametype|singles
|player|p1|Otherthero|2|1125
|player|p2|vito-from-godville|ethan|1079
|gen|9
|tier|[Gen 9] OU
|rated|
|rule|HP Percentage Mod: HP is shown in percentages
|rule|Endless Battle Clause: Forcing endless battles is banned
|rule|Species Clause: Limit one of each Pokémon
|rule|OHKO Clause: OHKO moves are banned
|rule|Evasion Items Clause: Evasion items are banned
|rule|Evasion Moves Clause: Evasion moves are banned
|rule|Evasion Abilities Clause: Evasion abilities are banned
|rule|Sleep Moves Clause: Sleep-inducing moves are banned
|clearpoke
|poke|p1|Vileplume, F|
|poke|p1|Suicune|
|poke|p1|Kleavor, M|
|poke|p1|Hariyama, F|
|poke|p1|Meloetta|
|poke|p1|Pincurchin, M|
|poke|p2|Weezing-Galar, M|
|poke|p2|Walking Wake|
|poke|p2|Ceruledge, M|
|poke|p2|Gliscor, M|
|poke|p2|Kingambit, M|
|poke|p2|Deoxys-Speed|
|teampreview
|
|t:|1760379674
|teamsize|p1|6
|teamsize|p2|6
|start
|switch|p1a: Kleavor|Kleavor, M|100/100
|switch|p2a: Gliscor|Gliscor, M|100/100
|turn|1
|
|t:|1760379683
|move|p2a: Gliscor|Stealth Rock|p1a: Kleavor
|-sidestart|p1: Otherthero|move: Stealth Rock
|move|p1a: Kleavor|Stone Axe|p2a: Gliscor
|-damage|p2a: Gliscor|52/100
|-sidestart|p2: vito-from-godville|move: Stealth Rock
|
|-status|p2a: Gliscor|tox|[from] item: Toxic Orb
|upkeep
|turn|2
|
|t:|1760379695
|-terastallize|p2a: Gliscor|Water
|move|p2a: Gliscor|Crabhammer|p1a: Kleavor
|-supereffective|p1a: Kleavor
|-damage|p1a: Kleavor|24/100
|move|p1a: Kleavor|Defog|p2a: Gliscor
|-unboost|p2a: Gliscor|evasion|1
|-sideend|p2: vito-from-godville|Stealth Rock|[from] move: Defog|[of] p1a: Kleavor
|-sideend|p1: Otherthero|Stealth Rock|[from] move: Defog|[of] p1a: Kleavor
|
|-heal|p2a: Gliscor|64/100 tox|[from] ability: Poison Heal
|upkeep
|turn|3
|
|t:|1760379706
|move|p2a: Gliscor|Earthquake|p1a: Kleavor
|-damage|p1a: Kleavor|0 fnt
|faint|p1a: Kleavor
|
|-heal|p2a: Gliscor|77/100 tox|[from] ability: Poison Heal
|upkeep
|
|t:|1760379716
|switch|p1a: Meloetta|Meloetta|100/100
|turn|4
|
|t:|1760379721
|move|p1a: Meloetta|Thunderbolt|p2a: Gliscor
|-supereffective|p2a: Gliscor
|-damage|p2a: Gliscor|0 fnt
|faint|p2a: Gliscor
|
|upkeep
|
|t:|1760379752
|switch|p2a: Kingambit|Kingambit, M|100/100
|turn|5
|
|t:|1760379758
|switch|p1a: Vileplume|Vileplume, F|100/100
|move|p2a: Kingambit|X-Scissor|p1a: Vileplume
|-damage|p1a: Vileplume|76/100
|
|-heal|p1a: Vileplume|83/100|[from] item: Leftovers
|upkeep
|turn|6
|
|t:|1760379771
|move|p1a: Vileplume|Leech Seed|p2a: Kingambit
|-start|p2a: Kingambit|move: Leech Seed
|move|p2a: Kingambit|Iron Head|p1a: Vileplume
|-damage|p1a: Vileplume|51/100
|
|-heal|p1a: Vileplume|57/100|[from] item: Leftovers
|-damage|p2a: Kingambit|88/100|[from] Leech Seed|[of] p1a: Vileplume
|-heal|p1a: Vileplume|70/100|[silent]
|upkeep
|turn|7
|
|t:|1760379780
|switch|p2a: Ceruledge|Ceruledge, M|100/100
|move|p1a: Vileplume|Strength Sap|p2a: Ceruledge
|-unboost|p2a: Ceruledge|atk|1
|-heal|p1a: Vileplume|100/100
|
|upkeep
|turn|8
|
|t:|1760379788
|move|p2a: Ceruledge|Bitter Blade|p1a: Vileplume
|-supereffective|p1a: Vileplume
|-crit|p1a: Vileplume
|-damage|p1a: Vileplume|0 fnt
|faint|p1a: Vileplume
|
|upkeep
|
|t:|1760379795
|switch|p1a: Suicune|Suicune|100/100
|-ability|p1a: Suicune|Pressure
|turn|9
|inactive|Battle timer is ON: inactive players will automatically lose when time's up. (requested by Otherthero)
|
|t:|1760379814
|switch|p2a: Walking Wake|Walking Wake|100/100
|-enditem|p2a: Walking Wake|Booster Energy
|-activate|p2a: Walking Wake|ability: Protosynthesis|[fromitem]
|-start|p2a: Walking Wake|protosynthesisspa
|move|p1a: Suicune|Scald|p2a: Walking Wake
|-resisted|p2a: Walking Wake
|-damage|p2a: Walking Wake|94/100
|
|upkeep
|turn|10
|
|t:|1760379825
|move|p2a: Walking Wake|Sunny Day|p2a: Walking Wake
|-weather|SunnyDay
|move|p1a: Suicune|Roar|p2a: Walking Wake
|-end|p2a: Walking Wake|Protosynthesis|[silent]
|drag|p2a: Ceruledge|Ceruledge, M|100/100
|
|-weather|SunnyDay|[upkeep]
|upkeep
|turn|11
|
|t:|1760379839
|move|p2a: Ceruledge|Shadow Claw|p1a: Suicune
|-damage|p1a: Suicune|75/100
|move|p1a: Suicune|Roar|p2a: Ceruledge
|drag|p2a: Weezing|Weezing-Galar, M|100/100
|
|-weather|SunnyDay|[upkeep]
|-heal|p1a: Suicune|81/100|[from] item: Leftovers
|upkeep
|turn|12
|
|t:|1760379850
|switch|p1a: Pincurchin|Pincurchin, M|100/100
|move|p2a: Weezing|Dazzling Gleam|p1a: Pincurchin
|-damage|p1a: Pincurchin|65/100
|
|-weather|SunnyDay|[upkeep]
|upkeep
|turn|13
|
|t:|1760379857
|move|p2a: Weezing|Destiny Bond|p2a: Weezing
|-singlemove|p2a: Weezing|Destiny Bond
|move|p1a: Pincurchin|Memento|p2a: Weezing
|-unboost|p2a: Weezing|atk|2
|-unboost|p2a: Weezing|spa|2
|faint|p1a: Pincurchin
|
|-weather|SunnyDay|[upkeep]
|upkeep
|
|t:|1760379869
|switch|p1a: Hariyama|Hariyama, F|100/100
|turn|14
|
|t:|1760379878
|move|p2a: Weezing|Flamethrower|p1a: Hariyama
|-damage|p1a: Hariyama|84/100
|move|p1a: Hariyama|Belly Drum|p1a: Hariyama
|-damage|p1a: Hariyama|34/100
|-setboost|p1a: Hariyama|atk|6|[from] move: Belly Drum
|
|-weather|none
|-status|p1a: Hariyama|brn|[from] item: Flame Orb
|upkeep
|turn|15
|
|t:|1760379891
|-terastallize|p1a: Hariyama|Steel
|move|p1a: Hariyama|Bullet Punch|p2a: Weezing
|-supereffective|p2a: Weezing
|-damage|p2a: Weezing|0 fnt
|faint|p2a: Weezing
|
|-damage|p1a: Hariyama|28/100 brn|[from] brn
|upkeep
|
|t:|1760379913
|switch|p2a: Ceruledge|Ceruledge, M|100/100
|turn|16
|
|t:|1760379918
|move|p1a: Hariyama|Bullet Punch|p2a: Ceruledge
|-resisted|p2a: Ceruledge
|-crit|p2a: Ceruledge
|-enditem|p2a: Ceruledge|Focus Sash
|-damage|p2a: Ceruledge|1/100
|-ability|p2a: Ceruledge|Weak Armor|boost
|-unboost|p2a: Ceruledge|def|1
|-boost|p2a: Ceruledge|spe|2
|move|p2a: Ceruledge|Bitter Blade|p1a: Hariyama
|-supereffective|p1a: Hariyama
|-damage|p1a: Hariyama|0 fnt
|-heal|p2a: Ceruledge|20/100|[from] drain|[of] p1a: Hariyama
|faint|p1a: Hariyama
|
|upkeep
|
|t:|1760379924
|switch|p1a: Suicune|Suicune|81/100
|-ability|p1a: Suicune|Pressure
|turn|17
|
|t:|1760379938
|move|p2a: Ceruledge|Dragon Claw|p1a: Suicune
|-damage|p1a: Suicune|60/100
|move|p1a: Suicune|Scald|p2a: Ceruledge
|-supereffective|p2a: Ceruledge
|-damage|p2a: Ceruledge|0 fnt
|faint|p2a: Ceruledge
|
|-heal|p1a: Suicune|66/100|[from] item: Leftovers
|upkeep
|
|t:|1760379949
|switch|p2a: Walking Wake|Walking Wake|94/100
|turn|18
|
|t:|1760379955
|move|p2a: Walking Wake|Sunny Day|p2a: Walking Wake
|-weather|SunnyDay
|-activate|p2a: Walking Wake|ability: Protosynthesis
|-start|p2a: Walking Wake|protosynthesisspa
|move|p1a: Suicune|Roar|p2a: Walking Wake
|-end|p2a: Walking Wake|Protosynthesis|[silent]
|drag|p2a: Kingambit|Kingambit, M|88/100
|
|-weather|SunnyDay|[upkeep]
|-heal|p1a: Suicune|73/100|[from] item: Leftovers
|upkeep
|turn|19
|
|t:|1760379965
|move|p1a: Suicune|Scald|p2a: Kingambit
|-damage|p2a: Kingambit|77/100
|-status|p2a: Kingambit|brn
|move|p2a: Kingambit|Iron Head|p1a: Suicune
|-resisted|p1a: Suicune
|-crit|p1a: Suicune
|-damage|p1a: Suicune|61/100
|
|-weather|SunnyDay|[upkeep]
|-heal|p1a: Suicune|67/100|[from] item: Leftovers
|-damage|p2a: Kingambit|70/100 brn|[from] brn
|upkeep
|turn|20
|
|t:|1760379976
|move|p2a: Kingambit|Sucker Punch|p1a: Suicune
|-damage|p1a: Suicune|53/100
|move|p1a: Suicune|Scald|p2a: Kingambit
|-damage|p2a: Kingambit|58/100 brn
|
|-weather|SunnyDay|[upkeep]
|-heal|p1a: Suicune|59/100|[from] item: Leftovers
|-damage|p2a: Kingambit|52/100 brn|[from] brn
|upkeep
|turn|21
|
|t:|1760379984
|move|p2a: Kingambit|Sucker Punch|p1a: Suicune
|-damage|p1a: Suicune|45/100
|move|p1a: Suicune|Scald|p2a: Kingambit
|-damage|p2a: Kingambit|40/100 brn
|
|-weather|SunnyDay|[upkeep]
|-heal|p1a: Suicune|51/100|[from] item: Leftovers
|-damage|p2a: Kingambit|34/100 brn|[from] brn
|upkeep
|turn|22
|
|t:|1760379992
|move|p2a: Kingambit|Sucker Punch|p1a: Suicune
|-damage|p1a: Suicune|39/100
|move|p1a: Suicune|Scald|p2a: Kingambit
|-damage|p2a: Kingambit|21/100 brn
|
|-weather|none
|-heal|p1a: Suicune|45/100|[from] item: Leftovers
|-damage|p2a: Kingambit|15/100 brn|[from] brn
|upkeep
|turn|23
|
|t:|1760380001
|move|p2a: Kingambit|Sucker Punch|p1a: Suicune
|-damage|p1a: Suicune|32/100
|move|p1a: Suicune|Scald|p2a: Kingambit
|-damage|p2a: Kingambit|0 fnt
|faint|p2a: Kingambit
|
|-heal|p1a: Suicune|38/100|[from] item: Leftovers
|upkeep
|
|t:|1760380009
|switch|p2a: Deoxys|Deoxys-Speed|100/100
|-ability|p2a: Deoxys|Pressure
|turn|24
|
|t:|1760380013
|move|p2a: Deoxys|Energy Ball|p1a: Suicune
|-supereffective|p1a: Suicune
|-damage|p1a: Suicune|9/100
|move|p1a: Suicune|Scald|p2a: Deoxys
|-damage|p2a: Deoxys|63/100
|
|-heal|p1a: Suicune|16/100|[from] item: Leftovers
|upkeep
|turn|25
|
|t:|1760380021
|move|p1a: Suicune|Extreme Speed|p2a: Deoxys
|-damage|p2a: Deoxys|43/100
|move|p2a: Deoxys|Energy Ball|p1a: Suicune
|-supereffective|p1a: Suicune
|-damage|p1a: Suicune|0 fnt
|faint|p1a: Suicune
|
|upkeep
|
|t:|1760380026
|switch|p1a: Meloetta|Meloetta|100/100
|turn|26
|
|t:|1760380034
|move|p2a: Deoxys|Ice Beam|p1a: Meloetta
|-damage|p1a: Meloetta|81/100
|move|p1a: Meloetta|Echoed Voice|p2a: Deoxys
|-damage|p2a: Deoxys|7/100
|
|upkeep
|turn|27
|
|t:|1760380039
|move|p2a: Deoxys|Ice Beam|p1a: Meloetta
|-damage|p1a: Meloetta|59/100
|move|p1a: Meloetta|Echoed Voice|p2a: Deoxys
|-damage|p2a: Deoxys|0 fnt
|faint|p2a: Deoxys
|
|upkeep
|
|t:|1760380045
|switch|p2a: Walking Wake|Walking Wake|94/100
|turn|28
|
|t:|1760380050
|move|p1a: Meloetta|Echoed Voice|p2a: Walking Wake
|-damage|p2a: Walking Wake|21/100
|move|p2a: Walking Wake|Dragon Pulse|p1a: Meloetta
|-damage|p1a: Meloetta|26/100
|
|upkeep
|turn|29
|
|t:|1760380056
|move|p1a: Meloetta|Echoed Voice|p2a: Walking Wake
|-damage|p2a: Walking Wake|0 fnt
|faint|p2a: Walking Wake
|-end|p2a: Walking Wake|Protosynthesis|[silent]
|
|win|Otherthero
|raw|Otherthero's rating: 1146 &rarr; <strong>1166</strong><br />(+20 for winning)
|raw|vito-from-godville's rating: 1079 &rarr; <strong>1061</strong><br />(-18 for losing)
|l|☆vito-from-godville
|player|p2|
|l|‽Otherthero
|player|p1|
