|j|☆rubisster
|j|☆this a family
|t:|1760438829
|gametype|singles
|player|p1|rubisster|guitarist|1473
|player|p2|this a family|hooligans|1487
|gen|9
|tier|[Gen 9] OU
|rated|
|rule|HP Percentage Mod: HP is shown in percentages
|rule|Endless Battle Clause: Forcing endless battles is banned
|rule|Species Clause: Limit one of each Pokémon
|rule|OHKO Clause: OHKO moves are banned
|rule|Evasion Items Clause: Evasion items are banned
|rule|Evasion Moves Clause: Evasion moves are banned
|rule|Evasion Abilities Clause: Evasion abilities are banned
|rule|Sleep Moves Clause: Sleep-inducing moves are banned
|clearpoke
|poke|p1|Gliscor, F|
|poke|p1|Skarmory, F|
|poke|p1|Dondozo, M|
|poke|p1|Blissey, F|
|poke|p1|Clodsire, F|
|poke|p1|Clefable, F|
|poke|p2|Hoopa-Unbound|
|poke|p2|Enamorus, F|
|poke|p2|Garchomp, M|
|poke|p2|Pecharunt|
|poke|p2|Hatterene, F|
|poke|p2|Kingambit, F|
|teampreview
|inactive|Battle timer is ON: inactive players will automatically lose when time's up. (requested by this a family)
|
|t:|1760438850
|teamsize|p1|6
|teamsize|p2|6
|start
|switch|p1a: Skarmory|Skarmory, F|100/100
|switch|p2a: Hoopa|Hoopa-Unbound|100/100
|turn|1
|
|t:|1760438861
|switch|p2a: Garchomp|Garchomp, M|100/100
|move|p1a: Skarmory|Spikes|p2a: Garchomp
|-sidestart|p2: this a family|Spikes
|
|upkeep
|turn|2
|
|t:|1760438866
|switch|p2a: Hatterene|Hatterene, F|100/100
|-damage|p2a: Hatterene|88/100|[from] Spikes
|move|p1a: Skarmory|Spikes|p2a: Hatterene
|move|p2a: Hatterene|Spikes|p1a: Skarmory|[from] ability: Magic Bounce
|-sidestart|p1: rubisster|Spikes
|
|upkeep
|turn|3
|
|t:|1760438884
|switch|p1a: Clefable|Clefable, F|100/100
|move|p2a: Hatterene|Mystical Fire|p1a: Clefable
|-damage|p1a: Clefable|83/100
|-unboost|p1a: Clefable|spa|1
|
|-heal|p1a: Clefable|90/100|[from] item: Leftovers
|upkeep
|turn|4
|
|t:|1760438893
|switch|p2a: Pecharunt|Pecharunt|100/100
|-damage|p2a: Pecharunt|88/100|[from] Spikes
|move|p1a: Clefable|Knock Off|p2a: Pecharunt
|-supereffective|p2a: Pecharunt
|-damage|p2a: Pecharunt|69/100
|-enditem|p2a: Pecharunt|Shuca Berry|[from] move: Knock Off|[of] p1a: Clefable
|
|-heal|p1a: Clefable|96/100|[from] item: Leftovers
|upkeep
|turn|5
|
|t:|1760438901
|switch|p1a: Blissey|Blissey, F|100/100
|move|p2a: Pecharunt|Parting Shot|p1a: Blissey
|-unboost|p1a: Blissey|atk|1
|-unboost|p1a: Blissey|spa|1
|
|t:|1760438905
|switch|p2a: Garchomp|Garchomp, M|100/100|[from] Parting Shot
|-damage|p2a: Garchomp|88/100|[from] Spikes
|
|upkeep
|turn|6
|
|t:|1760438907
|switch|p1a: Skarmory|Skarmory, F|100/100
|move|p2a: Garchomp|Stealth Rock|p1a: Skarmory
|-sidestart|p1: rubisster|move: Stealth Rock
|
|upkeep
|turn|7
|
|t:|1760438919
|switch|p2a: Hatterene|Hatterene, F|88/100
|-damage|p2a: Hatterene|76/100|[from] Spikes
|switch|p1a: Blissey|Blissey, F|100/100
|
|upkeep
|turn|8
|
|t:|1760438924
|move|p1a: Blissey|Ice Beam|p2a: Hatterene
|-damage|p2a: Hatterene|65/100
|move|p2a: Hatterene|Psyshock|p1a: Blissey
|-damage|p1a: Blissey|61/100
|
|upkeep
|turn|9
|
|t:|1760438931
|move|p1a: Blissey|Soft-Boiled|p1a: Blissey
|-heal|p1a: Blissey|100/100
|move|p2a: Hatterene|Mystical Fire|p1a: Blissey
|-damage|p1a: Blissey|92/100
|-unboost|p1a: Blissey|spa|1
|
|upkeep
|turn|10
|
|t:|1760438935
|move|p1a: Blissey|Seismic Toss|p2a: Hatterene
|-damage|p2a: Hatterene|34/100
|move|p2a: Hatterene|Psyshock|p1a: Blissey
|-damage|p1a: Blissey|56/100
|
|upkeep
|turn|11
|
|t:|1760438946
|move|p1a: Blissey|Soft-Boiled|p1a: Blissey
|-heal|p1a: Blissey|100/100
|move|p2a: Hatterene|Psyshock|p1a: Blissey
|-damage|p1a: Blissey|64/100
|
|upkeep
|turn|12
|
|t:|1760438951
|move|p1a: Blissey|Seismic Toss|p2a: Hatterene
|-damage|p2a: Hatterene|2/100
|move|p2a: Hatterene|Psyshock|p1a: Blissey
|-damage|p1a: Blissey|28/100
|
|upkeep
|turn|13
|
|t:|1760438956
|switch|p2a: Hoopa|Hoopa-Unbound|100/100
|-damage|p2a: Hoopa|88/100|[from] Spikes
|move|p1a: Blissey|Soft-Boiled|p1a: Blissey
|-heal|p1a: Blissey|78/100
|
|upkeep
|turn|14
|
|t:|1760438966
|switch|p1a: Skarmory|Skarmory, F|100/100
|-damage|p1a: Skarmory|88/100|[from] Stealth Rock
|move|p2a: Hoopa|Knock Off|p1a: Skarmory
|-damage|p1a: Skarmory|35/100
|-damage|p2a: Hoopa|72/100|[from] item: Rocky Helmet|[of] p1a: Skarmory
|-enditem|p1a: Skarmory|Rocky Helmet|[from] move: Knock Off|[of] p2a: Hoopa
|
|upkeep
|turn|15
|
|t:|1760438981
|switch|p2a: Hatterene|Hatterene, F|2/100
|-damage|p2a: Hatterene|0 fnt|[from] Spikes
|faint|p2a: Hatterene
|switch|p1a: Clefable|Clefable, F|96/100
|
|-heal|p1a: Clefable|100/100|[from] item: Leftovers
|upkeep
|
|t:|1760438987
|switch|p2a: Kingambit|Kingambit, F|100/100
|-damage|p2a: Kingambit|88/100|[from] Spikes
|-activate|p2a: Kingambit|ability: Supreme Overlord
|-start|p2a: Kingambit|fallen1|[silent]
|turn|16
|
|t:|1760438999
|switch|p1a: Gliscor|Gliscor, F|100/100
|-damage|p1a: Gliscor|88/100|[from] Stealth Rock
|move|p2a: Kingambit|Iron Head|p1a: Gliscor
|-damage|p1a: Gliscor|58/100
|
|-status|p1a: Gliscor|tox|[from] item: Toxic Orb
|upkeep
|turn|17
|
|t:|1760439015
|-end|p2a: Kingambit|fallen1|[silent]
|switch|p2a: Enamorus|Enamorus, F|100/100
|move|p1a: Gliscor|Stealth Rock|p2a: Enamorus
|-sidestart|p2: this a family|move: Stealth Rock
|
|-heal|p1a: Gliscor|71/100 tox|[from] ability: Poison Heal
|upkeep
|turn|18
|
|t:|1760439021
|-terastallize|p2a: Enamorus|Stellar
|move|p1a: Gliscor|Protect|p1a: Gliscor
|-singleturn|p1a: Gliscor|Protect
|move|p2a: Enamorus|Tera Blast|p1a: Gliscor|[anim] Tera Blast Stellar
|-activate|p1a: Gliscor|move: Protect
|
|-heal|p1a: Gliscor|83/100 tox|[from] ability: Poison Heal
|upkeep
|turn|19
|
|t:|1760439043
|switch|p2a: Hoopa|Hoopa-Unbound|72/100
|-damage|p2a: Hoopa|59/100|[from] Spikes
|-damage|p2a: Hoopa|47/100|[from] Stealth Rock
|move|p1a: Gliscor|Knock Off|p2a: Hoopa
|-damage|p2a: Hoopa|8/100
|-enditem|p2a: Hoopa|Choice Band|[from] move: Knock Off|[of] p1a: Gliscor
|
|-heal|p1a: Gliscor|96/100 tox|[from] ability: Poison Heal
|upkeep
|turn|20
|
|t:|1760439054
|move|p1a: Gliscor|Protect|p1a: Gliscor
|-singleturn|p1a: Gliscor|Protect
|move|p2a: Hoopa|Knock Off|p1a: Gliscor
|-activate|p1a: Gliscor|move: Protect
|
|-heal|p1a: Gliscor|100/100 tox|[from] ability: Poison Heal
|upkeep
|turn|21
|
|t:|1760439064
|move|p2a: Hoopa|Knock Off|p1a: Gliscor
|-damage|p1a: Gliscor|61/100 tox
|-enditem|p1a: Gliscor|Toxic Orb|[from] move: Knock Off|[of] p2a: Hoopa
|move|p1a: Gliscor|Toxic|p2a: Hoopa
|-status|p2a: Hoopa|tox
|
|-damage|p2a: Hoopa|2/100 tox|[from] psn
|-heal|p1a: Gliscor|74/100 tox|[from] ability: Poison Heal
|upkeep
|turn|22
|
|t:|1760439070
|move|p1a: Gliscor|Protect|p1a: Gliscor
|-singleturn|p1a: Gliscor|Protect
|move|p2a: Hoopa|Hyperspace Fury|p1a: Gliscor
|-activate|p1a: Gliscor|move: Hyperspace Fury|[broken]
|-damage|p1a: Gliscor|34/100 tox
|-unboost|p2a: Hoopa|def|1
|
|-damage|p2a: Hoopa|0 fnt|[from] psn
|faint|p2a: Hoopa
|-heal|p1a: Gliscor|47/100 tox|[from] ability: Poison Heal
|upkeep
|
|t:|1760439081
|switch|p2a: Pecharunt|Pecharunt|69/100
|-damage|p2a: Pecharunt|56/100|[from] Spikes
|-damage|p2a: Pecharunt|44/100|[from] Stealth Rock
|turn|23
|
|t:|1760439088
|switch|p1a: Blissey|Blissey, F|78/100
|move|p2a: Pecharunt|Recover|p2a: Pecharunt
|-heal|p2a: Pecharunt|94/100
|
|upkeep
|turn|24
|
|t:|1760439097
|move|p2a: Pecharunt|Parting Shot|p1a: Blissey
|-unboost|p1a: Blissey|atk|1
|-unboost|p1a: Blissey|spa|1
|
|t:|1760439099
|switch|p2a: Garchomp|Garchomp, M|88/100|[from] Parting Shot
|-damage|p2a: Garchomp|76/100|[from] Spikes
|-damage|p2a: Garchomp|70/100|[from] Stealth Rock
|move|p1a: Blissey|Ice Beam|p2a: Garchomp
|-supereffective|p2a: Garchomp
|-damage|p2a: Garchomp|26/100
|
|upkeep
|turn|25
|
|t:|1760439111
|switch|p1a: Skarmory|Skarmory, F|35/100
|-damage|p1a: Skarmory|22/100|[from] Stealth Rock
|move|p2a: Garchomp|Spikes|p1a: Skarmory
|-sidestart|p1: rubisster|Spikes
|
|upkeep
|turn|26
|
|t:|1760439118
|move|p2a: Garchomp|Spikes|p1a: Skarmory
|-sidestart|p1: rubisster|Spikes
|move|p1a: Skarmory|Roost|p1a: Skarmory
|-heal|p1a: Skarmory|73/100
|-singleturn|p1a: Skarmory|move: Roost
|
|upkeep
|turn|27
|
|t:|1760439121
|move|p1a: Skarmory|Spikes|p2a: Garchomp
|-sidestart|p2: this a family|Spikes
|move|p2a: Garchomp|Dragon Tail|p1a: Skarmory
|-resisted|p1a: Skarmory
|-damage|p1a: Skarmory|65/100
|drag|p1a: Gliscor|Gliscor, F|47/100 tox
|-damage|p1a: Gliscor|34/100 tox|[from] Stealth Rock
|
|-heal|p1a: Gliscor|47/100 tox|[from] ability: Poison Heal
|upkeep
|turn|28
|
|t:|1760439133
|switch|p2a: Enamorus|Enamorus, F, tera:Stellar|100/100
|-damage|p2a: Enamorus|76/100|[from] Stealth Rock
|move|p1a: Gliscor|Protect||[still]
|-fail|p1a: Gliscor
|
|-heal|p1a: Gliscor|59/100 tox|[from] ability: Poison Heal
|upkeep
|turn|29
|
|t:|1760439144
|switch|p1a: Clodsire|Clodsire, F|100/100
|move|p2a: Enamorus|Tera Blast|p1a: Clodsire|[anim] Tera Blast Stellar
|-damage|p1a: Clodsire|78/100
|-boost|p2a: Enamorus|atk|1
|-boost|p2a: Enamorus|spa|1
|
|upkeep
|turn|30
|
|t:|1760439155
|switch|p2a: Garchomp|Garchomp, M|26/100
|-damage|p2a: Garchomp|9/100|[from] Spikes
|-damage|p2a: Garchomp|3/100|[from] Stealth Rock
|move|p1a: Clodsire|Toxic|p2a: Garchomp
|-status|p2a: Garchomp|tox
|
|-damage|p2a: Garchomp|0 fnt|[from] psn
|faint|p2a: Garchomp
|upkeep
|
|t:|1760439170
|switch|p2a: Kingambit|Kingambit, F|88/100
|-damage|p2a: Kingambit|72/100|[from] Spikes
|-damage|p2a: Kingambit|66/100|[from] Stealth Rock
|-activate|p2a: Kingambit|ability: Supreme Overlord
|-start|p2a: Kingambit|fallen3|[silent]
|turn|31
|
|t:|1760439175
|move|p2a: Kingambit|Kowtow Cleave|p1a: Clodsire
|-damage|p1a: Clodsire|12/100
|move|p1a: Clodsire|Spikes|p2a: Kingambit
|-sidestart|p2: this a family|Spikes
|
|upkeep
|turn|32
|
|t:|1760439185
|switch|p1a: Gliscor|Gliscor, F|59/100 tox
|-damage|p1a: Gliscor|47/100 tox|[from] Stealth Rock
|move|p2a: Kingambit|Kowtow Cleave|p1a: Gliscor
|-damage|p1a: Gliscor|6/100 tox
|
|-heal|p1a: Gliscor|19/100 tox|[from] ability: Poison Heal
|upkeep
|turn|33
|
|t:|1760439192
|move|p1a: Gliscor|Protect|p1a: Gliscor
|-singleturn|p1a: Gliscor|Protect
|move|p2a: Kingambit|Kowtow Cleave|p1a: Gliscor
|-activate|p1a: Gliscor|move: Protect
|
|-heal|p1a: Gliscor|31/100 tox|[from] ability: Poison Heal
|upkeep
|turn|34
|
|t:|1760439198
|switch|p1a: Dondozo|Dondozo, M|100/100
|move|p2a: Kingambit|Sucker Punch||[still]
|-fail|p2a: Kingambit
|
|upkeep
|turn|35
|
|t:|1760439209
|move|p2a: Kingambit|Kowtow Cleave|p1a: Dondozo
|-damage|p1a: Dondozo|74/100
|move|p1a: Dondozo|Liquidation|p2a: Kingambit
|-damage|p2a: Kingambit|39/100
|
|upkeep
|turn|36
|
|t:|1760439220
|move|p2a: Kingambit|Kowtow Cleave|p1a: Dondozo
|-damage|p1a: Dondozo|45/100
|move|p1a: Dondozo|Body Press|p2a: Kingambit
|-supereffective|p2a: Kingambit
|-damage|p2a: Kingambit|0 fnt
|faint|p2a: Kingambit
|-end|p2a: Kingambit|fallen3|[silent]
|
|upkeep
|-message|this a family forfeited.
|
|win|rubisster
|raw|rubisster's rating: 1473 &rarr; <strong>1494</strong><br />(+21 for winning)
|raw|this a family's rating: 1487 &rarr; <strong>1466</strong><br />(-21 for losing)
|l|☆this a family
|player|p2|
|l|☆rubisster
|player|p1|
