|j|☆Samu0307
|j|☆fire punch (manga)
|t:|1760437316
|gametype|singles
|player|p1|Samu0307|102|1367
|player|p2|fire punch (manga)|bea|1322
|gen|9
|tier|[Gen 9] OU
|rated|
|rule|HP Percentage Mod: HP is shown in percentages
|rule|Endless Battle Clause: Forcing endless battles is banned
|rule|Species Clause: Limit one of each Pokémon
|rule|OHKO Clause: OHKO moves are banned
|rule|Evasion Items Clause: Evasion items are banned
|rule|Evasion Moves Clause: Evasion moves are banned
|rule|Evasion Abilities Clause: Evasion abilities are banned
|rule|Sleep Moves Clause: Sleep-inducing moves are banned
|clearpoke
|poke|p1|Garchomp, M|
|poke|p1|Darkrai|
|poke|p1|Gholdengo|
|poke|p1|Ogerpon-Wellspring, F|
|poke|p1|Iron Valiant|
|poke|p1|Iron Treads|
|poke|p2|Ogerpon-Cornerstone, F|
|poke|p2|Iron Moth|
|poke|p2|Ceruledge, M|
|poke|p2|Rillaboom, M|
|poke|p2|Iron Hands|
|poke|p2|Kingambit, M|
|teampreview
|inactive|Battle timer is ON: inactive players will automatically lose when time's up. (requested by fire punch (manga))
|
|t:|1760437326
|teamsize|p1|6
|teamsize|p2|6
|start
|switch|p1a: Garchomp|Garchomp, M|100/100
|switch|p2a: Ogerpon|Ogerpon-Cornerstone, F|100/100
|turn|1
|
|t:|1760437330
|move|p2a: Ogerpon|Taunt|p1a: Garchomp
|-start|p1a: Garchomp|move: Taunt
|move|p1a: Garchomp|Earthquake|p2a: Ogerpon
|-damage|p2a: Ogerpon|45/100
|
|upkeep
|turn|2
|
|t:|1760437338
|move|p2a: Ogerpon|Power Whip|p1a: Garchomp|[miss]
|-miss|p2a: Ogerpon|p1a: Garchomp
|move|p1a: Garchomp|Earthquake|p2a: Ogerpon
|-damage|p2a: Ogerpon|0 fnt
|faint|p2a: Ogerpon
|
|upkeep
|
|t:|1760437348
|switch|p2a: Rillaboom|Rillaboom, M|100/100
|-fieldstart|move: Grassy Terrain|[from] ability: Grassy Surge|[of] p2a: Rillaboom
|turn|3
|
|t:|1760437354
|move|p2a: Rillaboom|Grassy Glide|p1a: Garchomp
|-damage|p1a: Garchomp|72/100
|-damage|p2a: Rillaboom|88/100|[from] ability: Rough Skin|[of] p1a: Garchomp
|-damage|p2a: Rillaboom|72/100|[from] item: Rocky Helmet|[of] p1a: Garchomp
|-damage|p2a: Rillaboom|62/100|[from] item: Life Orb
|move|p1a: Garchomp|Dragon Tail|p2a: Rillaboom|[miss]
|-miss|p1a: Garchomp|p2a: Rillaboom
|
|-heal|p2a: Rillaboom|68/100|[from] Grassy Terrain
|-heal|p1a: Garchomp|78/100|[from] Grassy Terrain
|-end|p1a: Garchomp|move: Taunt
|upkeep
|turn|4
|
|t:|1760437365
|move|p2a: Rillaboom|Knock Off|p1a: Garchomp
|-damage|p1a: Garchomp|53/100
|-damage|p2a: Rillaboom|56/100|[from] ability: Rough Skin|[of] p1a: Garchomp
|-damage|p2a: Rillaboom|39/100|[from] item: Rocky Helmet|[of] p1a: Garchomp
|-enditem|p1a: Garchomp|Rocky Helmet|[from] move: Knock Off|[of] p2a: Rillaboom
|-damage|p2a: Rillaboom|29/100|[from] item: Life Orb
|move|p1a: Garchomp|Stealth Rock|p2a: Rillaboom
|-sidestart|p2: fire punch (manga)|move: Stealth Rock
|
|-heal|p2a: Rillaboom|35/100|[from] Grassy Terrain
|-heal|p1a: Garchomp|59/100|[from] Grassy Terrain
|upkeep
|turn|5
|
|t:|1760437376
|move|p2a: Rillaboom|Grassy Glide|p1a: Garchomp
|-damage|p1a: Garchomp|32/100
|-damage|p2a: Rillaboom|23/100|[from] ability: Rough Skin|[of] p1a: Garchomp
|-damage|p2a: Rillaboom|13/100|[from] item: Life Orb
|move|p1a: Garchomp|Spikes|p2a: Rillaboom
|-sidestart|p2: fire punch (manga)|Spikes
|
|-heal|p2a: Rillaboom|19/100|[from] Grassy Terrain
|-heal|p1a: Garchomp|38/100|[from] Grassy Terrain
|upkeep
|turn|6
|
|t:|1760437387
|move|p2a: Rillaboom|Grassy Glide|p1a: Garchomp
|-damage|p1a: Garchomp|11/100
|-damage|p2a: Rillaboom|7/100|[from] ability: Rough Skin|[of] p1a: Garchomp
|-damage|p2a: Rillaboom|0 fnt|[from] item: Life Orb
|faint|p2a: Rillaboom
|move|p1a: Garchomp|Dragon Tail|p2: Rillaboom|[notarget]
|-fail|p1a: Garchomp
|
|-heal|p1a: Garchomp|17/100|[from] Grassy Terrain
|upkeep
|
|t:|1760437403
|switch|p2a: Iron Moth|Iron Moth|100/100
|-damage|p2a: Iron Moth|76/100|[from] Stealth Rock
|-damage|p2a: Iron Moth|63/100|[from] Spikes
|-enditem|p2a: Iron Moth|Booster Energy
|-activate|p2a: Iron Moth|ability: Quark Drive|[fromitem]
|-start|p2a: Iron Moth|quarkdrivespe
|turn|7
|
|t:|1760437413
|move|p2a: Iron Moth|Dazzling Gleam|p1a: Garchomp
|-supereffective|p1a: Garchomp
|-damage|p1a: Garchomp|0 fnt
|faint|p1a: Garchomp
|
|-heal|p2a: Iron Moth|69/100|[from] Grassy Terrain
|-fieldend|move: Grassy Terrain
|upkeep
|
|t:|1760437423
|switch|p1a: Ogerpon|Ogerpon-Wellspring, F|100/100
|turn|8
|
|t:|1760437430
|-terastallize|p1a: Ogerpon|Water
|detailschange|p1a: Ogerpon|Ogerpon-Wellspring-Tera, F, tera:Water
|-ability|p1a: Ogerpon|Embody Aspect (Wellspring)|boost
|-boost|p1a: Ogerpon|spd|1
|move|p2a: Iron Moth|Substitute|p2a: Iron Moth
|-start|p2a: Iron Moth|Substitute
|-damage|p2a: Iron Moth|44/100
|move|p1a: Ogerpon|Ivy Cudgel|p2a: Iron Moth|[anim] Ivy Cudgel Water
|-supereffective|p2a: Iron Moth
|-end|p2a: Iron Moth|Substitute
|
|upkeep
|turn|9
|
|t:|1760437440
|move|p2a: Iron Moth|Sludge Wave|p1a: Ogerpon
|-damage|p1a: Ogerpon|63/100
|move|p1a: Ogerpon|Ivy Cudgel|p2a: Iron Moth|[anim] Ivy Cudgel Water
|-supereffective|p2a: Iron Moth
|-damage|p2a: Iron Moth|0 fnt
|faint|p2a: Iron Moth
|-end|p2a: Iron Moth|Quark Drive|[silent]
|
|upkeep
|
|t:|1760437448
|switch|p2a: Iron Hands|Iron Hands|100/100
|-damage|p2a: Iron Hands|94/100|[from] Stealth Rock
|-damage|p2a: Iron Hands|82/100|[from] Spikes
|turn|10
|
|t:|1760437453
|move|p1a: Ogerpon|Ivy Cudgel|p2a: Iron Hands|[anim] Ivy Cudgel Water
|-damage|p2a: Iron Hands|30/100
|move|p2a: Iron Hands|Wild Charge|p1a: Ogerpon
|-supereffective|p1a: Ogerpon
|-damage|p1a: Ogerpon|0 fnt
|faint|p1a: Ogerpon
|detailschange|p1: Ogerpon|Ogerpon-Wellspring, F|[silent]
|-damage|p2a: Iron Hands|18/100|[from] Recoil
|
|-heal|p2a: Iron Hands|24/100|[from] item: Leftovers
|upkeep
|
|t:|1760437464
|switch|p1a: Darkrai|Darkrai|100/100
|turn|11
|
|t:|1760437468
|move|p1a: Darkrai|Dark Pulse|p2a: Iron Hands
|-resisted|p2a: Iron Hands
|-damage|p2a: Iron Hands|3/100
|move|p2a: Iron Hands|Drain Punch|p1a: Darkrai
|-supereffective|p1a: Darkrai
|-damage|p1a: Darkrai|0 fnt
|-heal|p2a: Iron Hands|34/100|[from] drain|[of] p1a: Darkrai
|faint|p1a: Darkrai
|
|-heal|p2a: Iron Hands|40/100|[from] item: Leftovers
|upkeep
|
|t:|1760437474
|switch|p1a: Iron Valiant|Iron Valiant|100/100
|-enditem|p1a: Iron Valiant|Booster Energy
|-activate|p1a: Iron Valiant|ability: Quark Drive|[fromitem]
|-start|p1a: Iron Valiant|quarkdrivespe
|turn|12
|
|t:|1760437486
|-terastallize|p2a: Iron Hands|Steel
|move|p1a: Iron Valiant|Moonblast|p2a: Iron Hands
|-resisted|p2a: Iron Hands
|-damage|p2a: Iron Hands|16/100
|move|p2a: Iron Hands|Wild Charge|p1a: Iron Valiant
|-damage|p1a: Iron Valiant|29/100
|-damage|p2a: Iron Hands|5/100|[from] Recoil
|
|-heal|p2a: Iron Hands|11/100|[from] item: Leftovers
|upkeep
|turn|13
|
|t:|1760437499
|-end|p2a: Iron Hands|Quark Drive|[silent]
|switch|p2a: Ceruledge|Ceruledge, M, shiny|100/100
|-damage|p2a: Ceruledge|76/100|[from] Stealth Rock
|-damage|p2a: Ceruledge|63/100|[from] Spikes
|move|p1a: Iron Valiant|Moonblast|p2a: Ceruledge
|-resisted|p2a: Ceruledge
|-damage|p2a: Ceruledge|37/100
|-unboost|p2a: Ceruledge|spa|1
|
|upkeep
|turn|14
|l|☆Samu0307
|inactive|Samu0307 disconnected and has a minute to reconnect!
|player|p1|
|j|☆Samu0307
|inactive|Samu0307 reconnected and has 115 seconds left.
|player|p1|Samu0307|102|
|
|t:|1760437552
|move|p2a: Ceruledge|Shadow Sneak|p1a: Iron Valiant
|-damage|p1a: Iron Valiant|0 fnt
|faint|p1a: Iron Valiant
|-end|p1a: Iron Valiant|Quark Drive|[silent]
|
|upkeep
|inactive|Samu0307 has 90 seconds left.
|l|☆Samu0307
|inactive|Samu0307 disconnected and has a minute to reconnect!
|player|p1|
|j|☆Samu0307
|inactive|Samu0307 reconnected and has 80 seconds left.
|player|p1|Samu0307|102|
|
|t:|1760437583
|switch|p1a: Iron Treads|Iron Treads|100/100
|turn|15
|
|t:|1760437590
|move|p2a: Ceruledge|Shadow Sneak|p1a: Iron Treads
|-damage|p1a: Iron Treads|82/100
|move|p1a: Iron Treads|Earthquake|p2a: Ceruledge
|-supereffective|p2a: Ceruledge
|-damage|p2a: Ceruledge|0 fnt
|faint|p2a: Ceruledge
|
|-heal|p1a: Iron Treads|88/100|[from] item: Leftovers
|upkeep
|
|t:|1760437600
|switch|p2a: Iron Hands|Iron Hands, tera:Steel|11/100
|-damage|p2a: Iron Hands|5/100|[from] Stealth Rock
|-damage|p2a: Iron Hands|0 fnt|[from] Spikes
|faint|p2a: Iron Hands
|-end|p2a: Iron Hands|Quark Drive|[silent]
|
|t:|1760437606
|switch|p2a: Guts|Kingambit, M|100/100
|-damage|p2a: Guts|94/100|[from] Stealth Rock
|-damage|p2a: Guts|82/100|[from] Spikes
|-activate|p2a: Guts|ability: Supreme Overlord
|-start|p2a: Guts|fallen5|[silent]
|turn|16
|
|t:|1760437613
|move|p1a: Iron Treads|Earthquake|p2a: Guts
|-supereffective|p2a: Guts
|-damage|p2a: Guts|17/100
|move|p2a: Guts|Swords Dance|p2a: Guts
|-boost|p2a: Guts|atk|2
|
|-heal|p1a: Iron Treads|94/100|[from] item: Leftovers
|upkeep
|turn|17
|
|t:|1760437620
|move|p2a: Guts|Sucker Punch|p1a: Iron Treads
|-damage|p1a: Iron Treads|0 fnt
|faint|p1a: Iron Treads
|-end|p1a: Iron Treads|Quark Drive|[silent]
|
|upkeep
|
|t:|1760437623
|switch|p1a: Gholdengo|Gholdengo|100/100
|-item|p1a: Gholdengo|Air Balloon
|turn|18
|
|t:|1760437627
|move|p2a: Guts|Sucker Punch||[still]
|-fail|p2a: Guts
|move|p1a: Gholdengo|Thunder Wave|p2a: Guts
|-status|p2a: Guts|par
|-enditem|p2a: Guts|Lum Berry|[eat]
|-curestatus|p2a: Guts|par|[msg]
|
|upkeep
|turn|19
|
|t:|1760437634
|move|p2a: Guts|Sucker Punch|p1a: Gholdengo
|-supereffective|p1a: Gholdengo
|-damage|p1a: Gholdengo|0 fnt
|-enditem|p1a: Gholdengo|Air Balloon
|faint|p1a: Gholdengo
|
|win|fire punch (manga)
|raw|Samu0307's rating: 1367 &rarr; <strong>1344</strong><br />(-23 for losing)
|raw|fire punch (manga)'s rating: 1322 &rarr; <strong>1345</strong><br />(+23 for winning)
|l|☆Samu0307
|player|p1|
