|j|☆nov4n
|j|☆hoang nguyen
|t:|1760366140
|gametype|singles
|player|p1|nov4n|102|1441
|player|p2|hoang nguyen|2|1352
|gen|9
|tier|[Gen 9] OU
|rated|
|rule|HP Percentage Mod: HP is shown in percentages
|rule|Endless Battle Clause: Forcing endless battles is banned
|rule|Species Clause: Limit one of each Pokémon
|rule|OHKO Clause: OHKO moves are banned
|rule|Evasion Items Clause: Evasion items are banned
|rule|Evasion Moves Clause: Evasion moves are banned
|rule|Evasion Abilities Clause: Evasion abilities are banned
|rule|Sleep Moves Clause: Sleep-inducing moves are banned
|clearpoke
|poke|p1|Kingambit, F|
|poke|p1|Great Tusk|
|poke|p1|Heatran, M|
|poke|p1|Dragapult, F|
|poke|p1|Zapdos|
|poke|p1|Slowking-Galar, M|
|poke|p2|Alomomola, M|
|poke|p2|Gholdengo|
|poke|p2|Dragonite, F|
|poke|p2|Garchomp, F|
|poke|p2|Terrakion|
|poke|p2|Slowking-Galar, F|
|teampreview
|inactive|Battle timer is ON: inactive players will automatically lose when time's up. (requested by nov4n)
|
|t:|1760366179
|teamsize|p1|6
|teamsize|p2|6
|start
|switch|p1a: Dragapult|Dragapult, F|100/100
|switch|p2a: Garchomp|Garchomp, F|100/100
|turn|1
|
|t:|1760366195
|move|p1a: Dragapult|Dragon Darts|p2a: Garchomp
|-supereffective|p2a: Garchomp
|-damage|p2a: Garchomp|49/100
|-anim|p1a: Dragapult|Dragon Darts|p2a: Garchomp
|-supereffective|p2a: Garchomp
|-damage|p2a: Garchomp|4/100
|move|p2a: Garchomp|Dragon Tail|p1a: Dragapult
|-supereffective|p1a: Dragapult
|-damage|p1a: Dragapult|17/100
|drag|p1a: Great Tusk|Great Tusk|100/100
|
|upkeep
|turn|2
|
|t:|1760366208
|move|p1a: Great Tusk|Stealth Rock|p2a: Garchomp
|-sidestart|p2: hoang nguyen|move: Stealth Rock
|move|p2a: Garchomp|Stealth Rock|p1a: Great Tusk
|-sidestart|p1: nov4n|move: Stealth Rock
|
|upkeep
|turn|3
|
|t:|1760366217
|move|p1a: Great Tusk|Ice Spinner|p2a: Garchomp
|-supereffective|p2a: Garchomp
|-damage|p2a: Garchomp|0 fnt
|-damage|p1a: Great Tusk|88/100|[from] ability: Rough Skin|[of] p2a: Garchomp
|-damage|p1a: Great Tusk|72/100|[from] item: Rocky Helmet|[of] p2a: Garchomp
|faint|p2a: Garchomp
|
|-heal|p1a: Great Tusk|78/100|[from] item: Leftovers
|upkeep
|inactive|hoang nguyen has 120 seconds left.
|
|t:|1760366246
|switch|p2a: Alomomola|Alomomola, M|100/100
|turn|4
|
|t:|1760366251
|move|p1a: Great Tusk|Rapid Spin|p2a: Alomomola
|-damage|p2a: Alomomola|92/100
|-boost|p1a: Great Tusk|spe|1
|-sideend|p1: nov4n|Stealth Rock|[from] move: Rapid Spin|[of] p1a: Great Tusk
|move|p2a: Alomomola|Scald|p1a: Great Tusk
|-supereffective|p1a: Great Tusk
|-damage|p1a: Great Tusk|35/100
|
|-heal|p1a: Great Tusk|41/100|[from] item: Leftovers
|upkeep
|turn|5
|
|t:|1760366260
|-end|p1a: Great Tusk|Protosynthesis|[silent]
|switch|p1a: Slowking|Slowking-Galar, M|100/100
|move|p2a: Alomomola|Flip Turn|p1a: Slowking
|-damage|p1a: Slowking|87/100
|
|t:|1760366266
|switch|p2a: Gholdengo|Gholdengo|100/100|[from] Flip Turn
|-damage|p2a: Gholdengo|94/100|[from] Stealth Rock
|
|-heal|p2a: Gholdengo|100/100|[from] item: Leftovers
|upkeep
|turn|6
|
|t:|1760366273
|move|p2a: Gholdengo|Nasty Plot|p2a: Gholdengo
|-boost|p2a: Gholdengo|spa|2
|-prepare|p1a: Slowking|Chilly Reception|[premajor]
|move|p1a: Slowking|Chilly Reception|p1a: Slowking
|-weather|Snowscape
|
|t:|1760366275
|switch|p1a: Heatran|Heatran, M|100/100|[from] Chilly Reception
|
|-weather|Snowscape|[upkeep]
|upkeep
|turn|7
|
|t:|1760366284
|switch|p2a: Slowking|Slowking-Galar, F|100/100
|-damage|p2a: Slowking|88/100|[from] Stealth Rock
|move|p1a: Heatran|Magma Storm|p2a: Slowking|[miss]
|-miss|p1a: Heatran|p2a: Slowking
|
|-weather|Snowscape|[upkeep]
|-heal|p2a: Slowking|94/100|[from] item: Leftovers
|upkeep
|turn|8
|
|t:|1760366294
|switch|p1a: Zapdos|Zapdos|100/100
|move|p2a: Slowking|Thunder Wave|p1a: Zapdos
|-immune|p1a: Zapdos
|
|-weather|Snowscape|[upkeep]
|-heal|p2a: Slowking|99/100|[from] item: Leftovers
|upkeep
|turn|9
|
|t:|1760366299
|move|p1a: Zapdos|Volt Switch|p2a: Slowking
|-damage|p2a: Slowking|77/100
|
|t:|1760366305
|switch|p1a: Dragapult|Dragapult, F|17/100|[from] Volt Switch
|move|p2a: Slowking|Sludge Bomb|p1a: Dragapult
|-resisted|p1a: Dragapult
|-damage|p1a: Dragapult|0 fnt
|faint|p1a: Dragapult
|
|-weather|Snowscape|[upkeep]
|-heal|p2a: Slowking|83/100|[from] item: Leftovers
|upkeep
|
|t:|1760366311
|switch|p1a: Great Tusk|Great Tusk|41/100
|turn|10
|
|t:|1760366316
|switch|p2a: Alomomola|Alomomola, M|100/100
|move|p1a: Great Tusk|Ice Spinner|p2a: Alomomola
|-resisted|p2a: Alomomola
|-damage|p2a: Alomomola|93/100
|
|-weather|none
|-heal|p1a: Great Tusk|47/100|[from] item: Leftovers
|upkeep
|turn|11
|
|t:|1760366323
|-end|p1a: Great Tusk|Protosynthesis|[silent]
|switch|p1a: Zapdos|Zapdos|100/100
|move|p2a: Alomomola|Scald|p1a: Zapdos
|-damage|p1a: Zapdos|86/100
|
|upkeep
|turn|12
|
|t:|1760366332
|switch|p2a: Slowking|Slowking-Galar, F|100/100
|-damage|p2a: Slowking|88/100|[from] Stealth Rock
|move|p1a: Zapdos|Thunder Wave|p2a: Slowking
|-status|p2a: Slowking|par
|
|-heal|p2a: Slowking|94/100 par|[from] item: Leftovers
|upkeep
|turn|13
|
|t:|1760366342
|move|p1a: Zapdos|Hurricane|p2a: Slowking
|-damage|p2a: Slowking|59/100 par
|move|p2a: Slowking|Future Sight|p1a: Zapdos
|-start|p2a: Slowking|move: Future Sight
|
|-heal|p2a: Slowking|65/100 par|[from] item: Leftovers
|upkeep
|turn|14
|
|t:|1760366347
|move|p1a: Zapdos|Volt Switch|p2a: Slowking
|-damage|p2a: Slowking|42/100 par
|
|t:|1760366350
|switch|p1a: Kingambit|Kingambit, F|100/100|[from] Volt Switch
|-activate|p1a: Kingambit|ability: Supreme Overlord
|-start|p1a: Kingambit|fallen1|[silent]
|-prepare|p2a: Slowking|Chilly Reception|[premajor]
|move|p2a: Slowking|Chilly Reception|p2a: Slowking
|-weather|Snowscape
|
|t:|1760366358
|switch|p2a: Terrakion|Terrakion|100/100|[from] Chilly Reception
|-damage|p2a: Terrakion|94/100|[from] Stealth Rock
|
|-weather|Snowscape|[upkeep]
|upkeep
|turn|15
|
|t:|1760366377
|-end|p1a: Kingambit|fallen1|[silent]
|switch|p1a: Zapdos|Zapdos|86/100
|move|p2a: Terrakion|Earthquake|p1a: Zapdos
|-immune|p1a: Zapdos
|
|-weather|Snowscape|[upkeep]
|-end|p1a: Zapdos|move: Future Sight
|-damage|p1a: Zapdos|23/100
|upkeep
|turn|16
|
|t:|1760366385
|switch|p2a: Slowking|Slowking-Galar, F|75/100 par
|-damage|p2a: Slowking|63/100 par|[from] Stealth Rock
|move|p1a: Zapdos|Roost|p1a: Zapdos
|-heal|p1a: Zapdos|73/100
|-singleturn|p1a: Zapdos|move: Roost
|
|-weather|Snowscape|[upkeep]
|-heal|p2a: Slowking|69/100 par|[from] item: Leftovers
|upkeep
|turn|17
|
|t:|1760366390
|move|p1a: Zapdos|Volt Switch|p2a: Slowking
|-damage|p2a: Slowking|47/100 par
|
|t:|1760366393
|switch|p1a: Kingambit|Kingambit, F|100/100|[from] Volt Switch
|-activate|p1a: Kingambit|ability: Supreme Overlord
|-start|p1a: Kingambit|fallen1|[silent]
|-prepare|p2a: Slowking|Chilly Reception|[premajor]
|cant|p2a: Slowking|par
|
|-weather|Snowscape|[upkeep]
|-heal|p2a: Slowking|53/100 par|[from] item: Leftovers
|upkeep
|turn|18
|
|t:|1760366399
|switch|p2a: Alomomola|Alomomola, M|100/100
|move|p1a: Kingambit|Kowtow Cleave|p2a: Alomomola
|-damage|p2a: Alomomola|71/100
|
|-weather|none
|upkeep
|turn|19
|
|t:|1760366405
|-end|p1a: Kingambit|fallen1|[silent]
|switch|p1a: Slowking|Slowking-Galar, M|100/100
|move|p2a: Alomomola|Scald|p1a: Slowking
|-damage|p1a: Slowking|93/100
|-status|p1a: Slowking|brn
|
|-damage|p1a: Slowking|87/100 brn|[from] brn
|upkeep
|turn|20
|
|t:|1760366414
|move|p2a: Alomomola|Flip Turn|p1a: Slowking
|-damage|p1a: Slowking|71/100 brn
|
|t:|1760366417
|switch|p2a: Slowking|Slowking-Galar, F|86/100 par|[from] Flip Turn
|-damage|p2a: Slowking|74/100 par|[from] Stealth Rock
|move|p1a: Slowking|Thunder Wave|p2a: Slowking
|-fail|p2a: Slowking|par
|
|-heal|p2a: Slowking|80/100 par|[from] item: Leftovers
|-damage|p1a: Slowking|64/100 brn|[from] brn
|upkeep
|turn|21
|
|t:|1760366430
|-prepare|p1a: Slowking|Chilly Reception|[premajor]
|move|p1a: Slowking|Chilly Reception|p1a: Slowking
|-weather|Snowscape
|
|t:|1760366434
|switch|p1a: Kingambit|Kingambit, F|100/100|[from] Chilly Reception
|-activate|p1a: Kingambit|ability: Supreme Overlord
|-start|p1a: Kingambit|fallen1|[silent]
|move|p2a: Slowking|Future Sight|p1a: Kingambit
|-start|p2a: Slowking|move: Future Sight
|
|-weather|Snowscape|[upkeep]
|-heal|p2a: Slowking|86/100 par|[from] item: Leftovers
|upkeep
|turn|22
|
|t:|1760366442
|switch|p2a: Alomomola|Alomomola, M|100/100
|move|p1a: Kingambit|Swords Dance|p1a: Kingambit
|-boost|p1a: Kingambit|atk|2
|
|-weather|Snowscape|[upkeep]
|upkeep
|turn|23
|
|t:|1760366447
|move|p1a: Kingambit|Kowtow Cleave|p2a: Alomomola
|-damage|p2a: Alomomola|41/100
|move|p2a: Alomomola|Scald|p1a: Kingambit
|-damage|p1a: Kingambit|85/100
|
|-weather|Snowscape|[upkeep]
|-end|p1a: Kingambit|move: Future Sight
|-immune|p1a: Kingambit
|-heal|p1a: Kingambit|91/100|[from] item: Leftovers
|upkeep
|turn|24
|
|t:|1760366455
|switch|p2a: Terrakion|Terrakion|94/100
|-damage|p2a: Terrakion|88/100|[from] Stealth Rock
|move|p1a: Kingambit|Kowtow Cleave|p2a: Terrakion
|-resisted|p2a: Terrakion
|-damage|p2a: Terrakion|27/100
|-ability|p2a: Terrakion|Justified|boost
|-boost|p2a: Terrakion|atk|1
|
|-weather|Snowscape|[upkeep]
|-heal|p1a: Kingambit|97/100|[from] item: Leftovers
|upkeep
|turn|25
|
|t:|1760366464
|move|p1a: Kingambit|Sucker Punch|p2a: Terrakion
|-resisted|p2a: Terrakion
|-damage|p2a: Terrakion|0 fnt
|faint|p2a: Terrakion
|
|-weather|none
|-heal|p1a: Kingambit|100/100|[from] item: Leftovers
|upkeep
|
|t:|1760366477
|switch|p2a: Alomomola|Alomomola, M|74/100
|turn|26
|-message|hoang nguyen forfeited.
|
|win|nov4n
|raw|nov4n's rating: 1441 &rarr; <strong>1456</strong><br />(+15 for winning)
|raw|hoang nguyen's rating: 1352 &rarr; <strong>1337</strong><br />(-15 for losing)
|l|☆hoang nguyen
|player|p2|
|l|☆nov4n
|player|p1|
