|j|☆hyperoffenseweasel
|j|☆LVL62Monoco
|t:|1760373806
|gametype|singles
|player|p1|hyperoffenseweasel|blaine|1320
|player|p2|LVL62Monoco|2|1360
|gen|9
|tier|[Gen 9] OU
|rated|
|rule|HP Percentage Mod: HP is shown in percentages
|rule|Endless Battle Clause: Forcing endless battles is banned
|rule|Species Clause: Limit one of each Pokémon
|rule|OHKO Clause: OHKO moves are banned
|rule|Evasion Items Clause: Evasion items are banned
|rule|Evasion Moves Clause: Evasion moves are banned
|rule|Evasion Abilities Clause: Evasion abilities are banned
|rule|Sleep Moves Clause: Sleep-inducing moves are banned
|clearpoke
|poke|p1|Zamazenta-*|
|poke|p1|Ninetales-Alola, F|
|poke|p1|Gliscor, M|
|poke|p1|Hatterene, F|
|poke|p1|Iron Valiant|
|poke|p1|Weavile, M|
|poke|p2|Rillaboom, F|
|poke|p2|Hawlucha, F|
|poke|p2|Feraligatr, M|
|poke|p2|Darkrai|
|poke|p2|Glimmora, F|
|poke|p2|Dragonite, F|
|teampreview
|inactive|Battle timer is ON: inactive players will automatically lose when time's up. (requested by hyperoffenseweasel)
|
|t:|1760373832
|teamsize|p1|6
|teamsize|p2|6
|start
|switch|p1a: Hatterene|Hatterene, F|100/100
|switch|p2a: Glimmora|Glimmora, F|100/100
|turn|1
|
|t:|1760373847
|move|p2a: Glimmora|Meteor Beam||[still]
|-prepare|p2a: Glimmora|Meteor Beam
|-boost|p2a: Glimmora|spa|1
|-enditem|p2a: Glimmora|Power Herb
|-anim|p2a: Glimmora|Meteor Beam|p1a: Hatterene
|-damage|p1a: Hatterene|0 fnt
|faint|p1a: Hatterene
|
|upkeep
|inactive|hyperoffenseweasel has 120 seconds left.
|
|t:|1760373870
|switch|p1a: Ninetales|Ninetales-Alola, F|100/100
|-weather|Snowscape|[from] ability: Snow Warning|[of] p1a: Ninetales
|turn|2
|
|t:|1760373891
|move|p1a: Ninetales|Aurora Veil|p1a: Ninetales
|-sidestart|p1: hyperoffenseweasel|move: Aurora Veil
|move|p2a: Glimmora|Power Gem|p1a: Ninetales
|-supereffective|p1a: Ninetales
|-damage|p1a: Ninetales|31/100
|
|-weather|Snowscape|[upkeep]
|upkeep
|turn|3
|
|t:|1760373901
|move|p2a: Glimmora|Earth Power|p1a: Ninetales
|-damage|p1a: Ninetales|6/100
|move|p1a: Ninetales|Roar|p2a: Glimmora
|drag|p2a: Rillaboom|Rillaboom, F|100/100
|-fieldstart|move: Grassy Terrain|[from] ability: Grassy Surge|[of] p2a: Rillaboom
|
|-weather|Snowscape|[upkeep]
|-heal|p1a: Ninetales|12/100|[from] Grassy Terrain
|upkeep
|turn|4
|
|t:|1760373911
|move|p2a: Rillaboom|Grassy Glide|p1a: Ninetales
|-damage|p1a: Ninetales|0 fnt
|faint|p1a: Ninetales
|
|-weather|Snowscape|[upkeep]
|upkeep
|
|t:|1760373923
|switch|p1a: Weavile|Weavile, M|100/100
|-ability|p1a: Weavile|Pressure
|turn|5
|
|t:|1760373939
|move|p1a: Weavile|Icicle Spear|p2a: Rillaboom
|-supereffective|p2a: Rillaboom
|-damage|p2a: Rillaboom|72/100
|-supereffective|p2a: Rillaboom
|-damage|p2a: Rillaboom|45/100
|-supereffective|p2a: Rillaboom
|-damage|p2a: Rillaboom|17/100
|-supereffective|p2a: Rillaboom
|-damage|p2a: Rillaboom|0 fnt
|faint|p2a: Rillaboom
|-hitcount|p2: Rillaboom|4
|
|-weather|Snowscape|[upkeep]
|upkeep
|
|t:|1760373949
|switch|p2a: Glimmora|Glimmora, F|100/100
|turn|6
|
|t:|1760373962
|move|p1a: Weavile|Swords Dance|p1a: Weavile
|-boost|p1a: Weavile|atk|2
|move|p2a: Glimmora|Meteor Beam||[still]
|-prepare|p2a: Glimmora|Meteor Beam
|-boost|p2a: Glimmora|spa|1
|
|-weather|none
|upkeep
|turn|7
|
|t:|1760373972
|move|p1a: Weavile|Icicle Spear|p2a: Glimmora
|-damage|p2a: Glimmora|72/100
|-activate|p2a: Glimmora|ability: Toxic Debris
|-sidestart|p1: hyperoffenseweasel|move: Toxic Spikes
|-damage|p2a: Glimmora|42/100
|-activate|p2a: Glimmora|ability: Toxic Debris
|-sidestart|p1: hyperoffenseweasel|move: Toxic Spikes
|-damage|p2a: Glimmora|13/100
|-damage|p2a: Glimmora|0 fnt
|faint|p2a: Glimmora
|-hitcount|p2: Glimmora|4
|
|-fieldend|move: Grassy Terrain
|upkeep
|
|t:|1760373993
|switch|p2a: Darkrai|Darkrai|100/100
|turn|8
|
|t:|1760373997
|move|p2a: Darkrai|Focus Blast|p1a: Weavile|[miss]
|-miss|p2a: Darkrai|p1a: Weavile
|move|p1a: Weavile|Icicle Spear|p2a: Darkrai
|-crit|p2a: Darkrai
|-damage|p2a: Darkrai|55/100
|-damage|p2a: Darkrai|23/100
|-damage|p2a: Darkrai|0 fnt
|faint|p2a: Darkrai
|-hitcount|p2: Darkrai|3
|
|upkeep
|c|☆hyperoffenseweasel|lmao
|
|t:|1760374019
|switch|p2a: Feraligatr|Feraligatr, M|100/100
|turn|9
|
|t:|1760374023
|-terastallize|p1a: Weavile|Dark
|move|p1a: Weavile|Knock Off|p2a: Feraligatr
|-damage|p2a: Feraligatr|0 fnt
|-enditem|p2a: Feraligatr|Life Orb|[from] move: Knock Off|[of] p1a: Weavile
|faint|p2a: Feraligatr
|
|-sideend|p1: hyperoffenseweasel|move: Aurora Veil
|upkeep
|
|t:|1760374031
|switch|p2a: Dragonite|Dragonite, F, shiny|100/100
|turn|10
|
|t:|1760374044
|-terastallize|p2a: Dragonite|Fairy
|move|p1a: Weavile|Icicle Spear|p2a: Dragonite
|-damage|p2a: Dragonite|90/100
|-damage|p2a: Dragonite|67/100
|-damage|p2a: Dragonite|43/100
|-damage|p2a: Dragonite|19/100
|-hitcount|p2a: Dragonite|4
|move|p2a: Dragonite|Dragon Dance|p2a: Dragonite
|-boost|p2a: Dragonite|atk|1
|-boost|p2a: Dragonite|spe|1
|
|upkeep
|turn|11
|
|t:|1760374057
|move|p1a: Weavile|Ice Shard|p2a: Dragonite
|-damage|p2a: Dragonite|0 fnt
|faint|p2a: Dragonite
|
|upkeep
|c|☆hyperoffenseweasel|?????
|c|☆hyperoffenseweasel|no ES?
|-message|LVL62Monoco forfeited.
|
|win|hyperoffenseweasel
|raw|hyperoffenseweasel's rating: 1320 &rarr; <strong>1344</strong><br />(+24 for winning)
|raw|LVL62Monoco's rating: 1383 &rarr; <strong>1359</strong><br />(-24 for losing)
|l|☆LVL62Monoco
|player|p2|
