|j|☆jalenbumson
|j|☆Intouane
|t:|1760371946
|gametype|singles
|player|p1|jalenbumson|mars|1337
|player|p2|Intouane|giovanni|1319
|gen|9
|tier|[Gen 9] OU
|rated|
|rule|HP Percentage Mod: HP is shown in percentages
|rule|Endless Battle Clause: Forcing endless battles is banned
|rule|Species Clause: Limit one of each Pokémon
|rule|OHKO Clause: OHKO moves are banned
|rule|Evasion Items Clause: Evasion items are banned
|rule|Evasion Moves Clause: Evasion moves are banned
|rule|Evasion Abilities Clause: Evasion abilities are banned
|rule|Sleep Moves Clause: Sleep-inducing moves are banned
|clearpoke
|poke|p1|Glimmora, M|
|poke|p1|Gholdengo|
|poke|p1|Ursaluna, F|
|poke|p1|Cinderace, F|
|poke|p1|Rillaboom, M|
|poke|p1|Dragonite, F|
|poke|p2|Cinderace, M|
|poke|p2|Serperior, F|
|poke|p2|Bisharp, F|
|poke|p2|Empoleon, F|
|poke|p2|Primeape, F|
|poke|p2|Vikavolt, M|
|teampreview
|
|t:|1760371965
|teamsize|p1|6
|teamsize|p2|6
|start
|switch|p1a: Glimmora|Glimmora, M|100/100
|switch|p2a: Empoleon|Empoleon, F|100/100
|turn|1
|
|t:|1760371975
|move|p1a: Glimmora|Stealth Rock|p2a: Empoleon
|-sidestart|p2: Intouane|move: Stealth Rock
|move|p2a: Empoleon|Ice Beam|p1a: Glimmora
|-damage|p1a: Glimmora|73/100
|
|upkeep
|turn|2
|
|t:|1760371981
|move|p1a: Glimmora|Meteor Beam||[still]
|-prepare|p1a: Glimmora|Meteor Beam
|-boost|p1a: Glimmora|spa|1
|-enditem|p1a: Glimmora|Power Herb
|-anim|p1a: Glimmora|Meteor Beam|p2a: Empoleon
|-resisted|p2a: Empoleon
|-damage|p2a: Empoleon|68/100
|move|p2a: Empoleon|Surf|p1a: Glimmora
|-supereffective|p1a: Glimmora
|-damage|p1a: Glimmora|0 fnt
|faint|p1a: Glimmora
|
|-heal|p2a: Empoleon|74/100|[from] item: Leftovers
|upkeep
|
|t:|1760371987
|switch|p1a: Rillaboom|Rillaboom, M|100/100
|-fieldstart|move: Grassy Terrain|[from] ability: Grassy Surge|[of] p1a: Rillaboom
|turn|3
|
|t:|1760371998
|switch|p2a: Vikavolt|Vikavolt, M|100/100
|move|p1a: Rillaboom|Knock Off|p2a: Vikavolt
|-damage|p2a: Vikavolt|75/100
|-enditem|p2a: Vikavolt|Heavy-Duty Boots|[from] move: Knock Off|[of] p1a: Rillaboom
|
|upkeep
|turn|4
|
|t:|1760372018
|switch|p1a: Ursaluna|Ursaluna, F|100/100
|move|p2a: Vikavolt|Sticky Web|p1a: Ursaluna
|-sidestart|p1: jalenbumson|move: Sticky Web
|
|upkeep
|turn|5
|
|t:|1760372035
|switch|p2a: Primeape|Primeape, F|100/100
|-damage|p2a: Primeape|95/100|[from] Stealth Rock
|move|p1a: Ursaluna|Bulk Up|p1a: Ursaluna
|-boost|p1a: Ursaluna|atk|1
|-boost|p1a: Ursaluna|def|1
|
|-heal|p2a: Primeape|100/100|[from] Grassy Terrain
|upkeep
|turn|6
|
|t:|1760372049
|-terastallize|p2a: Primeape|Ghost
|move|p2a: Primeape|Drain Punch|p1a: Ursaluna
|-supereffective|p1a: Ursaluna
|-damage|p1a: Ursaluna|67/100
|move|p1a: Ursaluna|Headlong Rush|p2a: Primeape
|-damage|p2a: Primeape|11/100
|-unboost|p1a: Ursaluna|def|1
|-unboost|p1a: Ursaluna|spd|1
|
|-heal|p2a: Primeape|17/100|[from] Grassy Terrain
|-heal|p1a: Ursaluna|73/100|[from] Grassy Terrain
|-heal|p1a: Ursaluna|79/100|[from] item: Leftovers
|upkeep
|turn|7
|
|t:|1760372063
|move|p2a: Primeape|Drain Punch|p1a: Ursaluna
|-supereffective|p1a: Ursaluna
|-crit|p1a: Ursaluna
|-damage|p1a: Ursaluna|2/100
|-heal|p2a: Primeape|71/100|[from] drain|[of] p1a: Ursaluna
|move|p1a: Ursaluna|Headlong Rush|p2a: Primeape
|-damage|p2a: Primeape|0 fnt
|-unboost|p1a: Ursaluna|def|1
|-unboost|p1a: Ursaluna|spd|1
|faint|p2a: Primeape
|
|-heal|p1a: Ursaluna|8/100|[from] Grassy Terrain
|-heal|p1a: Ursaluna|14/100|[from] item: Leftovers
|-fieldend|move: Grassy Terrain
|upkeep
|
|t:|1760372085
|switch|p2a: Cinderace|Cinderace, M|100/100
|turn|8
|
|t:|1760372110
|switch|p1a: Cinderace|Cinderace, F|100/100
|move|p2a: Cinderace|Pyro Ball|p1a: Cinderace
|-resisted|p1a: Cinderace
|-damage|p1a: Cinderace|64/100
|
|upkeep
|turn|9
|
|t:|1760372118
|move|p1a: Cinderace|Court Change|p1a: Cinderace
|-start|p1a: Cinderace|typechange|Normal|[from] ability: Libero
|-swapsideconditions
|-activate|p1a: Cinderace|move: Court Change
|move|p2a: Cinderace|Pyro Ball|p1a: Cinderace
|-damage|p1a: Cinderace|0 fnt
|faint|p1a: Cinderace
|
|upkeep
|
|t:|1760372124
|switch|p1a: Dragonite|Dragonite, F|100/100
|-damage|p1a: Dragonite|76/100|[from] Stealth Rock
|turn|10
|
|t:|1760372131
|-terastallize|p1a: Dragonite|Fire
|move|p2a: Cinderace|U-turn|p1a: Dragonite
|-start|p2a: Cinderace|typechange|Bug|[from] ability: Libero
|-resisted|p1a: Dragonite
|-damage|p1a: Dragonite|61/100
|
|t:|1760372139
|switch|p2a: Empoleon|Empoleon, F|74/100|[from] U-turn
|-activate|p2a: Empoleon|move: Sticky Web
|-unboost|p2a: Empoleon|spe|1
|-ability|p2a: Empoleon|Competitive|boost
|-boost|p2a: Empoleon|spa|2
|move|p1a: Dragonite|Dragon Dance|p1a: Dragonite
|-boost|p1a: Dragonite|atk|1
|-boost|p1a: Dragonite|spe|1
|
|-heal|p2a: Empoleon|81/100|[from] item: Leftovers
|upkeep
|turn|11
|-message|jalenbumson forfeited.
|
|win|Intouane
|raw|jalenbumson's rating: 1337 &rarr; <strong>1316</strong><br />(-21 for losing)
|raw|Intouane's rating: 1319 &rarr; <strong>1340</strong><br />(+21 for winning)
|l|☆jalenbumson
|player|p1|
|l|☆Intouane
|player|p2|
