|j|☆spoons_R_bent
|j|☆xlbxaaa
|t:|1760430535
|gametype|singles
|player|p1|spoons_R_bent|clerkf|1166
|player|p2|xlbxaaa|2|1102
|gen|9
|tier|[Gen 9] OU
|rated|
|rule|HP Percentage Mod: HP is shown in percentages
|rule|Endless Battle Clause: Forcing endless battles is banned
|rule|Species Clause: Limit one of each Pokémon
|rule|OHKO Clause: OHKO moves are banned
|rule|Evasion Items Clause: Evasion items are banned
|rule|Evasion Moves Clause: Evasion moves are banned
|rule|Evasion Abilities Clause: Evasion abilities are banned
|rule|Sleep Moves Clause: Sleep-inducing moves are banned
|clearpoke
|poke|p1|Ninetales, F|
|poke|p1|Rillaboom, M|
|poke|p1|Leavanny, M|
|poke|p1|Lilligant-Hisui, F|
|poke|p1|Cinderace, F|
|poke|p1|Skeledirge, F|
|poke|p2|Pelipper, M|
|poke|p2|Greninja-*, M|
|poke|p2|Basculegion, M|
|poke|p2|Zapdos|
|poke|p2|Sandy Shocks|
|poke|p2|Scizor, M|
|teampreview
|j| randomdude036
|
|t:|1760430549
|teamsize|p1|6
|teamsize|p2|6
|start
|switch|p1a: Cinderace|Cinderace, F|100/100
|switch|p2a: Pelipper|Pelipper, M|100/100
|-weather|RainDance|[from] ability: Drizzle|[of] p2a: Pelipper
|turn|1
|inactive|Battle timer is ON: inactive players will automatically lose when time's up. (requested by spoons_R_bent)
|
|t:|1760430564
|switch|p2a: Sandy Shocks|Sandy Shocks|100/100
|-enditem|p2a: Sandy Shocks|Booster Energy
|-activate|p2a: Sandy Shocks|ability: Protosynthesis|[fromitem]
|-start|p2a: Sandy Shocks|protosynthesisspe
|move|p1a: Cinderace|U-turn|p2a: Sandy Shocks
|-start|p1a: Cinderace|typechange|Bug|[from] ability: Libero
|-damage|p2a: Sandy Shocks|45/100
|
|t:|1760430575
|switch|p1a: Rillaboom|Rillaboom, M|100/100|[from] U-turn
|-fieldstart|move: Grassy Terrain|[from] ability: Grassy Surge|[of] p1a: Rillaboom
|
|-weather|RainDance|[upkeep]
|-heal|p2a: Sandy Shocks|52/100|[from] Grassy Terrain
|upkeep
|turn|2
|
|t:|1760430590
|-end|p2a: Sandy Shocks|Protosynthesis|[silent]
|switch|p2a: Scizor|Scizor, M|100/100
|move|p1a: Rillaboom|Wood Hammer|p2a: Scizor
|-resisted|p2a: Scizor
|-damage|p2a: Scizor|81/100
|-damage|p1a: Rillaboom|95/100|[from] Recoil
|
|-weather|RainDance|[upkeep]
|-heal|p1a: Rillaboom|100/100|[from] Grassy Terrain
|-heal|p2a: Scizor|87/100|[from] Grassy Terrain
|upkeep
|turn|3
|
|t:|1760430602
|switch|p1a: Ninetales|Ninetales, F|100/100
|-weather|SunnyDay|[from] ability: Drought|[of] p1a: Ninetales
|move|p2a: Scizor|U-turn|p1a: Ninetales
|-resisted|p1a: Ninetales
|-damage|p1a: Ninetales|74/100
|
|t:|1760430611
|switch|p2a: Pelipper|Pelipper, M|100/100|[from] U-turn
|-weather|RainDance|[from] ability: Drizzle|[of] p2a: Pelipper
|
|-weather|RainDance|[upkeep]
|-heal|p1a: Ninetales|80/100|[from] Grassy Terrain
|upkeep
|turn|4
|
|t:|1760430621
|move|p1a: Ninetales|Will-O-Wisp|p2a: Pelipper
|-status|p2a: Pelipper|brn
|move|p2a: Pelipper|U-turn|p1a: Ninetales
|-resisted|p1a: Ninetales
|-damage|p1a: Ninetales|77/100
|
|t:|1760430627
|switch|p2a: Basculegion|Basculegion, M|100/100|[from] U-turn
|
|-weather|RainDance|[upkeep]
|-heal|p1a: Ninetales|83/100|[from] Grassy Terrain
|upkeep
|turn|5
|
|t:|1760430644
|switch|p1a: Rillaboom|Rillaboom, M|100/100
|-terastallize|p2a: Basculegion|Water
|move|p2a: Basculegion|Wave Crash|p1a: Rillaboom
|-resisted|p1a: Rillaboom
|-damage|p1a: Rillaboom|21/100
|-damage|p2a: Basculegion|72/100|[from] Recoil
|
|-weather|RainDance|[upkeep]
|-heal|p2a: Basculegion|78/100|[from] Grassy Terrain
|-heal|p1a: Rillaboom|27/100|[from] Grassy Terrain
|upkeep
|turn|6
|
|t:|1760430658
|switch|p2a: Scizor|Scizor, M|87/100
|move|p1a: Rillaboom|Grassy Glide|p2a: Scizor
|-resisted|p2a: Scizor
|-damage|p2a: Scizor|77/100
|
|-weather|RainDance|[upkeep]
|-heal|p1a: Rillaboom|33/100|[from] Grassy Terrain
|-heal|p2a: Scizor|84/100|[from] Grassy Terrain
|upkeep
|turn|7
|
|t:|1760430678
|move|p1a: Rillaboom|Drain Punch|p2a: Scizor
|-damage|p2a: Scizor|58/100
|-heal|p1a: Rillaboom|44/100|[from] drain|[of] p2a: Scizor
|move|p2a: Scizor|U-turn|p1a: Rillaboom
|-supereffective|p1a: Rillaboom
|-damage|p1a: Rillaboom|0 fnt
|faint|p1a: Rillaboom
|
|t:|1760430687
|switch|p2a: Zapdos|Zapdos|100/100|[from] U-turn
|
|-weather|RainDance|[upkeep]
|upkeep
|l| randomdude036
|
|t:|1760430695
|switch|p1a: Ninetales|Ninetales, F|83/100
|-weather|SunnyDay|[from] ability: Drought|[of] p1a: Ninetales
|turn|8
|
|t:|1760430701
|switch|p2a: Pelipper|Pelipper, M|100/100 brn
|-weather|RainDance|[from] ability: Drizzle|[of] p2a: Pelipper
|move|p1a: Ninetales|Will-O-Wisp|p2a: Pelipper
|-fail|p2a: Pelipper|brn
|
|-weather|RainDance|[upkeep]
|-heal|p1a: Ninetales|89/100|[from] Grassy Terrain
|-damage|p2a: Pelipper|95/100 brn|[from] brn
|-fieldend|move: Grassy Terrain
|upkeep
|turn|9
|
|t:|1760430715
|switch|p1a: Lilligant|Lilligant-Hisui, F|100/100
|move|p2a: Pelipper|U-turn|p1a: Lilligant
|-damage|p1a: Lilligant|96/100
|
|t:|1760430721
|switch|p2a: Greninja|Greninja, M|100/100|[from] U-turn
|
|-weather|RainDance|[upkeep]
|upkeep
|turn|10
|
|t:|1760430738
|move|p2a: Greninja|Ice Beam|p1a: Lilligant
|-start|p2a: Greninja|typechange|Ice|[from] ability: Protean
|-supereffective|p1a: Lilligant
|-damage|p1a: Lilligant|0 fnt
|faint|p1a: Lilligant
|-damage|p2a: Greninja|91/100|[from] item: Life Orb
|
|-weather|RainDance|[upkeep]
|upkeep
|
|t:|1760430749
|switch|p1a: Ninetales|Ninetales, F|89/100
|-weather|SunnyDay|[from] ability: Drought|[of] p1a: Ninetales
|turn|11
|
|t:|1760430757
|switch|p2a: Pelipper|Pelipper, M|95/100 brn
|-weather|RainDance|[from] ability: Drizzle|[of] p2a: Pelipper
|switch|p1a: Cinderace|Cinderace, F|100/100
|
|-weather|RainDance|[upkeep]
|-damage|p2a: Pelipper|89/100 brn|[from] brn
|upkeep
|turn|12
|
|t:|1760430767
|move|p1a: Cinderace|U-turn|p2a: Pelipper
|-start|p1a: Cinderace|typechange|Bug|[from] ability: Libero
|-resisted|p2a: Pelipper
|-damage|p2a: Pelipper|64/100 brn
|
|t:|1760430772
|switch|p1a: Ninetales|Ninetales, F|89/100|[from] U-turn
|-weather|SunnyDay|[from] ability: Drought|[of] p1a: Ninetales
|move|p2a: Pelipper|U-turn|p1a: Ninetales
|-resisted|p1a: Ninetales
|-damage|p1a: Ninetales|87/100
|
|t:|1760430780
|switch|p2a: Zapdos|Zapdos|100/100|[from] U-turn
|
|-weather|SunnyDay|[upkeep]
|upkeep
|turn|13
|
|t:|1760430789
|move|p1a: Ninetales|Will-O-Wisp|p2a: Zapdos
|-status|p2a: Zapdos|brn
|move|p2a: Zapdos|U-turn|p1a: Ninetales
|-resisted|p1a: Ninetales
|-damage|p1a: Ninetales|82/100
|
|t:|1760430795
|switch|p2a: Pelipper|Pelipper, M|64/100 brn|[from] U-turn
|-weather|RainDance|[from] ability: Drizzle|[of] p2a: Pelipper
|
|-weather|RainDance|[upkeep]
|-damage|p2a: Pelipper|58/100 brn|[from] brn
|upkeep
|turn|14
|
|t:|1760430805
|switch|p1a: Leavanny|Leavanny, M|100/100
|move|p2a: Pelipper|U-turn|p1a: Leavanny
|-supereffective|p1a: Leavanny
|-crit|p1a: Leavanny
|-damage|p1a: Leavanny|80/100
|
|t:|1760430813
|switch|p2a: Basculegion|Basculegion, M, tera:Water|78/100|[from] U-turn
|
|-weather|RainDance|[upkeep]
|upkeep
|turn|15
|
|t:|1760430821
|switch|p1a: Ninetales|Ninetales, F|82/100
|-weather|SunnyDay|[from] ability: Drought|[of] p1a: Ninetales
|move|p2a: Basculegion|Wave Crash|p1a: Ninetales
|-supereffective|p1a: Ninetales
|-damage|p1a: Ninetales|0 fnt
|faint|p1a: Ninetales
|-damage|p2a: Basculegion|54/100|[from] Recoil
|
|-weather|SunnyDay|[upkeep]
|upkeep
|
|t:|1760430843
|switch|p1a: Cinderace|Cinderace, F|100/100
|turn|16
|
|t:|1760430852
|switch|p2a: Pelipper|Pelipper, M|58/100 brn
|-weather|RainDance|[from] ability: Drizzle|[of] p2a: Pelipper
|-terastallize|p1a: Cinderace|Fire
|move|p1a: Cinderace|Pyro Ball|p2a: Pelipper
|-resisted|p2a: Pelipper
|-damage|p2a: Pelipper|27/100 brn
|
|-weather|RainDance|[upkeep]
|-damage|p2a: Pelipper|22/100 brn|[from] brn
|upkeep
|turn|17
|
|t:|1760430864
|move|p1a: Cinderace|Pyro Ball|p2a: Pelipper
|-resisted|p2a: Pelipper
|-damage|p2a: Pelipper|0 fnt
|faint|p2a: Pelipper
|
|-weather|RainDance|[upkeep]
|upkeep
|
|t:|1760430871
|switch|p2a: Basculegion|Basculegion, M, tera:Water|54/100
|turn|18
|
|t:|1760430875
|switch|p1a: Leavanny|Leavanny, M|80/100
|move|p2a: Basculegion|Wave Crash|p1a: Leavanny
|-resisted|p1a: Leavanny
|-damage|p1a: Leavanny|0 fnt
|faint|p1a: Leavanny
|-damage|p2a: Basculegion|34/100|[from] Recoil
|
|-weather|RainDance|[upkeep]
|upkeep
|
|t:|1760430887
|switch|p1a: Skeledirge|Skeledirge, F|100/100
|turn|19
|
|t:|1760430900
|move|p2a: Basculegion|Wave Crash|p1a: Skeledirge
|-supereffective|p1a: Skeledirge
|-damage|p1a: Skeledirge|0 fnt
|faint|p1a: Skeledirge
|-damage|p2a: Basculegion|3/100|[from] Recoil
|
|-weather|RainDance|[upkeep]
|upkeep
|
|t:|1760430908
|switch|p1a: Cinderace|Cinderace, F, tera:Fire|100/100
|turn|20
|
|t:|1760430913
|move|p1a: Cinderace|Sucker Punch|p2a: Basculegion
|-damage|p2a: Basculegion|0 fnt
|faint|p2a: Basculegion
|
|-weather|RainDance|[upkeep]
|upkeep
|
|t:|1760430919
|switch|p2a: Greninja|Greninja, M|91/100
|turn|21
|
|t:|1760430925
|move|p2a: Greninja|Water Shuriken|p1a: Cinderace
|-start|p2a: Greninja|typechange|Water|[from] ability: Protean
|-supereffective|p1a: Cinderace
|-damage|p1a: Cinderace|61/100
|-supereffective|p1a: Cinderace
|-damage|p1a: Cinderace|23/100
|-supereffective|p1a: Cinderace
|-damage|p1a: Cinderace|0 fnt
|faint|p1a: Cinderace
|-hitcount|p1: Cinderace|3
|-damage|p2a: Greninja|81/100|[from] item: Life Orb
|
|win|xlbxaaa
|raw|spoons_R_bent's rating: 1166 &rarr; <strong>1136</strong><br />(-30 for losing)
|raw|xlbxaaa's rating: 1102 &rarr; <strong>1132</strong><br />(+30 for winning)
|l|☆xlbxaaa
|player|p2|
|l|☆spoons_R_bent
|player|p1|
