|j|☆henry151th
|j|☆RoddyJ
|t:|1760331628
|gametype|singles
|player|p1|henry151th|wallace|1721
|player|p2|RoddyJ|ethan|1751
|gen|9
|tier|[Gen 9] OU
|rated|
|rule|HP Percentage Mod: HP is shown in percentages
|rule|Endless Battle Clause: Forcing endless battles is banned
|rule|Species Clause: Limit one of each Pokémon
|rule|OHKO Clause: OHKO moves are banned
|rule|Evasion Items Clause: Evasion items are banned
|rule|Evasion Moves Clause: Evasion moves are banned
|rule|Evasion Abilities Clause: Evasion abilities are banned
|rule|Sleep Moves Clause: Sleep-inducing moves are banned
|clearpoke
|poke|p1|Tyranitar, F|
|poke|p1|Excadrill, F|
|poke|p1|Garganacl, M|
|poke|p1|Tornadus-Therian, M|
|poke|p1|Keldeo-Resolute|
|poke|p1|Pecharunt|
|poke|p2|Scizor, M|
|poke|p2|Zamazenta-*|
|poke|p2|Latios, M|
|poke|p2|Glimmora, F|
|poke|p2|Great Tusk|
|poke|p2|Milotic, M|
|teampreview
|inactive|Battle timer is ON: inactive players will automatically lose when time's up. (requested by RoddyJ)
|inactive|RoddyJ has 120 seconds left.
|inactive|RoddyJ has 90 seconds left.
|
|t:|1760331695
|teamsize|p1|6
|teamsize|p2|6
|start
|switch|p1a: Keldeo|Keldeo-Resolute|100/100
|switch|p2a: Milotic|Milotic, M, shiny|100/100
|turn|1
|
|t:|1760331711
|move|p1a: Keldeo|Secret Sword|p2a: Milotic
|-damage|p2a: Milotic|26/100
|move|p2a: Milotic|Alluring Voice|p1a: Keldeo
|-supereffective|p1a: Keldeo
|-damage|p1a: Keldeo|39/100
|
|upkeep
|turn|2
|
|t:|1760331722
|switch|p2a: Latios|Latios, M, shiny|100/100
|move|p1a: Keldeo|Secret Sword|p2a: Latios
|-resisted|p2a: Latios
|-damage|p2a: Latios|60/100
|
|upkeep
|turn|3
|
|t:|1760331729
|switch|p2a: Milotic|Milotic, M, shiny|26/100
|switch|p1a: Tyranitar|Tyranitar, F|100/100
|-weather|Sandstorm|[from] ability: Sand Stream|[of] p1a: Tyranitar
|
|-weather|Sandstorm|[upkeep]
|-damage|p2a: Milotic|20/100|[from] Sandstorm
|upkeep
|turn|4
|
|t:|1760331743
|move|p2a: Milotic|Scald|p1a: Tyranitar
|-supereffective|p1a: Tyranitar
|-damage|p1a: Tyranitar|69/100
|move|p1a: Tyranitar|Knock Off|p2a: Milotic
|-damage|p2a: Milotic|0 fnt
|-enditem|p2a: Milotic|Assault Vest|[from] move: Knock Off|[of] p1a: Tyranitar
|faint|p2a: Milotic
|
|-weather|Sandstorm|[upkeep]
|upkeep
|
|t:|1760331747
|switch|p2a: Glimmora|Glimmora, F, shiny|100/100
|-item|p2a: Glimmora|Air Balloon
|turn|5
|
|t:|1760331754
|switch|p1a: Excadrill|Excadrill, F|100/100
|move|p2a: Glimmora|Stealth Rock|p1a: Excadrill
|-sidestart|p1: henry151th|move: Stealth Rock
|
|-weather|Sandstorm|[upkeep]
|upkeep
|turn|6
|
|t:|1760331759
|-terastallize|p2a: Glimmora|Ghost
|move|p1a: Excadrill|Iron Head|p2a: Glimmora
|-damage|p2a: Glimmora|29/100
|-activate|p2a: Glimmora|ability: Toxic Debris
|-sidestart|p1: henry151th|move: Toxic Spikes
|-enditem|p2a: Glimmora|Air Balloon
|-damage|p1a: Excadrill|91/100|[from] item: Life Orb
|move|p2a: Glimmora|Earth Power|p1a: Excadrill
|-supereffective|p1a: Excadrill
|-damage|p1a: Excadrill|9/100
|
|-weather|Sandstorm|[upkeep]
|-damage|p2a: Glimmora|23/100|[from] Sandstorm
|upkeep
|turn|7
|
|t:|1760331769
|move|p1a: Excadrill|Rapid Spin|p2a: Glimmora
|-immune|p2a: Glimmora
|move|p2a: Glimmora|Spikes|p1a: Excadrill
|-sidestart|p1: henry151th|Spikes
|
|-weather|Sandstorm|[upkeep]
|-damage|p2a: Glimmora|16/100|[from] Sandstorm
|upkeep
|turn|8
|
|t:|1760331773
|move|p1a: Excadrill|Earthquake|p2a: Glimmora
|-damage|p2a: Glimmora|0 fnt
|-activate|p2a: Glimmora|ability: Toxic Debris
|-sidestart|p1: henry151th|move: Toxic Spikes
|faint|p2a: Glimmora
|-damage|p1a: Excadrill|0 fnt|[from] item: Life Orb
|faint|p1a: Excadrill
|
|-weather|Sandstorm|[upkeep]
|upkeep
|
|t:|1760331787
|switch|p1a: Pecharunt|Pecharunt|100/100
|switch|p2a: Latios|Latios, M, shiny|60/100
|-sideend|p1: henry151th|move: Toxic Spikes|[of] p1a: Pecharunt
|turn|9
|
|t:|1760331793
|move|p2a: Latios|Luster Purge|p1a: Pecharunt
|-supereffective|p1a: Pecharunt
|-damage|p1a: Pecharunt|13/100
|move|p1a: Pecharunt|Parting Shot|p2a: Latios
|-unboost|p2a: Latios|atk|1
|-unboost|p2a: Latios|spa|1
|
|t:|1760331796
|switch|p1a: Garganacl|Garganacl, M|100/100|[from] Parting Shot
|-damage|p1a: Garganacl|88/100|[from] Stealth Rock
|-damage|p1a: Garganacl|76/100|[from] Spikes
|
|-weather|Sandstorm|[upkeep]
|-damage|p2a: Latios|54/100|[from] Sandstorm
|-heal|p1a: Garganacl|82/100|[from] item: Leftovers
|upkeep
|turn|10
|
|t:|1760331802
|switch|p2a: Great Tusk|Great Tusk, shiny|100/100
|move|p1a: Garganacl|Iron Defense|p1a: Garganacl
|-boost|p1a: Garganacl|def|2
|
|-weather|none
|-heal|p1a: Garganacl|88/100|[from] item: Leftovers
|upkeep
|turn|11
|
|t:|1760331818
|move|p2a: Great Tusk|Knock Off|p1a: Garganacl
|-crit|p1a: Garganacl
|-damage|p1a: Garganacl|51/100
|-enditem|p1a: Garganacl|Leftovers|[from] move: Knock Off|[of] p2a: Great Tusk
|move|p1a: Garganacl|Iron Defense|p1a: Garganacl
|-boost|p1a: Garganacl|def|2
|
|upkeep
|turn|12
|
|t:|1760331823
|-end|p2a: Great Tusk|Protosynthesis|[silent]
|switch|p2a: Zamazenta|Zamazenta, shiny|100/100
|-ability|p2a: Zamazenta|Dauntless Shield|boost
|-boost|p2a: Zamazenta|def|1
|move|p1a: Garganacl|Recover|p1a: Garganacl
|-heal|p1a: Garganacl|100/100
|
|upkeep
|turn|13
|
|t:|1760331830
|move|p1a: Garganacl|Salt Cure|p2a: Zamazenta
|-resisted|p2a: Zamazenta
|-damage|p2a: Zamazenta|97/100
|-start|p2a: Zamazenta|Salt Cure
|move|p2a: Zamazenta|Roar|p1a: Garganacl
|drag|p1a: Keldeo|Keldeo-Resolute|39/100
|-damage|p1a: Keldeo|32/100|[from] Stealth Rock
|-damage|p1a: Keldeo|20/100|[from] Spikes
|
|-heal|p2a: Zamazenta|100/100|[from] item: Leftovers
|-damage|p2a: Zamazenta|88/100|[from] Salt Cure
|upkeep
|turn|14
|
|t:|1760331833
|move|p1a: Keldeo|Vacuum Wave|p2a: Zamazenta
|-damage|p2a: Zamazenta|58/100
|move|p2a: Zamazenta|Body Press|p1a: Keldeo
|-damage|p1a: Keldeo|0 fnt
|faint|p1a: Keldeo
|
|-heal|p2a: Zamazenta|64/100|[from] item: Leftovers
|-damage|p2a: Zamazenta|52/100|[from] Salt Cure
|upkeep
|
|t:|1760331839
|switch|p1a: Tornadus|Tornadus-Therian, M|100/100
|turn|15
|
|t:|1760331847
|switch|p2a: Great Tusk|Great Tusk, shiny|100/100
|move|p1a: Tornadus|Bleakwind Storm|p2a: Great Tusk
|-supereffective|p2a: Great Tusk
|-damage|p2a: Great Tusk|8/100
|
|upkeep
|turn|16
|
|t:|1760331851
|move|p1a: Tornadus|Bleakwind Storm|p2a: Great Tusk
|-supereffective|p2a: Great Tusk
|-damage|p2a: Great Tusk|0 fnt
|faint|p2a: Great Tusk
|-end|p2a: Great Tusk|Protosynthesis|[silent]
|
|upkeep
|
|t:|1760331863
|switch|p2a: Latios|Latios, M, shiny|54/100
|turn|17
|
|t:|1760331867
|move|p1a: Tornadus|Knock Off|p2a: Latios
|-supereffective|p2a: Latios
|-damage|p2a: Latios|12/100
|-enditem|p2a: Latios|Weakness Policy
|-boost|p2a: Latios|atk|2|[from] item: Weakness Policy
|-boost|p2a: Latios|spa|2|[from] item: Weakness Policy
|move|p2a: Latios|Agility|p2a: Latios
|-boost|p2a: Latios|spe|2
|
|upkeep
|turn|18
|
|t:|1760331873
|switch|p1a: Tyranitar|Tyranitar, F|69/100
|-damage|p1a: Tyranitar|57/100|[from] Stealth Rock
|-damage|p1a: Tyranitar|45/100|[from] Spikes
|-weather|Sandstorm|[from] ability: Sand Stream|[of] p1a: Tyranitar
|move|p2a: Latios|Luster Purge|p1a: Tyranitar
|-immune|p1a: Tyranitar
|
|-weather|Sandstorm|[upkeep]
|-damage|p2a: Latios|5/100|[from] Sandstorm
|upkeep
|turn|19
|
|t:|1760331876
|move|p2a: Latios|Aura Sphere|p1a: Tyranitar
|-supereffective|p1a: Tyranitar
|-damage|p1a: Tyranitar|0 fnt
|faint|p1a: Tyranitar
|
|-weather|Sandstorm|[upkeep]
|-damage|p2a: Latios|0 fnt|[from] Sandstorm
|faint|p2a: Latios
|upkeep
|
|t:|1760331885
|switch|p2a: Zamazenta|Zamazenta, shiny|52/100
|switch|p1a: Tornadus|Tornadus-Therian, M|100/100
|turn|20
|
|t:|1760331889
|move|p2a: Zamazenta|Heavy Slam|p1a: Tornadus
|-damage|p1a: Tornadus|72/100
|move|p1a: Tornadus|Bleakwind Storm|p2a: Zamazenta
|-supereffective|p2a: Zamazenta
|-crit|p2a: Zamazenta
|-damage|p2a: Zamazenta|0 fnt
|faint|p2a: Zamazenta
|
|-weather|Sandstorm|[upkeep]
|-damage|p1a: Tornadus|66/100|[from] Sandstorm
|upkeep
|
|t:|1760331892
|switch|p2a: Scizor|Scizor, M, shiny|100/100
|turn|21
|
|t:|1760331896
|move|p1a: Tornadus|Knock Off|p2a: Scizor
|-damage|p2a: Scizor|84/100
|-enditem|p2a: Scizor|Leftovers|[from] move: Knock Off|[of] p1a: Tornadus
|move|p2a: Scizor|Swords Dance|p2a: Scizor
|-boost|p2a: Scizor|atk|2
|
|-weather|Sandstorm|[upkeep]
|-damage|p1a: Tornadus|59/100|[from] Sandstorm
|upkeep
|turn|22
|
|t:|1760331901
|move|p1a: Tornadus|Bleakwind Storm|p2a: Scizor
|-damage|p2a: Scizor|33/100
|move|p2a: Scizor|Swords Dance|p2a: Scizor
|-boost|p2a: Scizor|atk|2
|
|-weather|Sandstorm|[upkeep]
|-damage|p1a: Tornadus|53/100|[from] Sandstorm
|upkeep
|turn|23
|
|t:|1760331904
|move|p2a: Scizor|Bullet Punch|p1a: Tornadus
|-damage|p1a: Tornadus|0 fnt
|faint|p1a: Tornadus
|
|-weather|Sandstorm|[upkeep]
|upkeep
|
|t:|1760331906
|switch|p1a: Garganacl|Garganacl, M|100/100
|-damage|p1a: Garganacl|88/100|[from] Stealth Rock
|-damage|p1a: Garganacl|76/100|[from] Spikes
|turn|24
|
|t:|1760331909
|-terastallize|p1a: Garganacl|Electric
|move|p2a: Scizor|U-turn|p1a: Garganacl
|-damage|p1a: Garganacl|0 fnt
|faint|p1a: Garganacl
|
|-weather|Sandstorm|[upkeep]
|upkeep
|
|t:|1760331915
|switch|p1a: Pecharunt|Pecharunt|13/100
|turn|25
|-message|henry151th forfeited.
|
|win|RoddyJ
|raw|henry151th's rating: 1721 &rarr; <strong>1703</strong><br />(-18 for losing)
|raw|RoddyJ's rating: 1751 &rarr; <strong>1769</strong><br />(+18 for winning)
|l|☆henry151th
|player|p1|
|l|☆RoddyJ
|player|p2|
