|j|☆Blackmagicfr
|j|☆Chickton
|t:|1760456699
|gametype|singles
|player|p1|Blackmagicfr|giovanni|1258
|player|p2|Chickton|depotagent|1284
|gen|9
|tier|[Gen 9] OU
|rated|
|rule|HP Percentage Mod: HP is shown in percentages
|rule|Endless Battle Clause: Forcing endless battles is banned
|rule|Species Clause: Limit one of each Pokémon
|rule|OHKO Clause: OHKO moves are banned
|rule|Evasion Items Clause: Evasion items are banned
|rule|Evasion Moves Clause: Evasion moves are banned
|rule|Evasion Abilities Clause: Evasion abilities are banned
|rule|Sleep Moves Clause: Sleep-inducing moves are banned
|clearpoke
|poke|p1|Garganacl, M|
|poke|p1|Tyranitar, M|
|poke|p1|Tinkaton, F|
|poke|p1|Zapdos|
|poke|p1|Excadrill, M|
|poke|p1|Alomomola, M|
|poke|p2|Weavile, M|
|poke|p2|Primarina, F|
|poke|p2|Iron Treads|
|poke|p2|Weezing-Galar, M|
|poke|p2|Rillaboom, F|
|poke|p2|Darkrai|
|teampreview
|inactive|Battle timer is ON: inactive players will automatically lose when time's up. (requested by Chickton)
|inactive|Blackmagicfr also wants the timer to be on.
|
|t:|1760456708
|teamsize|p1|6
|teamsize|p2|6
|start
|switch|p1a: Tinkaton|Tinkaton, F, shiny|100/100
|switch|p2a: Primarina|Primarina, F|100/100
|-ability|p1a: Tinkaton|Mold Breaker
|turn|1
|
|t:|1760456720
|switch|p1a: Tyranitar|Tyranitar, M, shiny|100/100
|-weather|Sandstorm|[from] ability: Sand Stream|[of] p1a: Tyranitar
|switch|p2a: Iron Treads|Iron Treads|100/100
|
|-weather|Sandstorm|[upkeep]
|upkeep
|turn|2
|
|t:|1760456724
|move|p2a: Iron Treads|Earth Power|p1a: Tyranitar
|-supereffective|p1a: Tyranitar
|-damage|p1a: Tyranitar|63/100
|move|p1a: Tyranitar|Low Kick|p2a: Iron Treads
|-supereffective|p2a: Iron Treads
|-damage|p2a: Iron Treads|0 fnt
|faint|p2a: Iron Treads
|-end|p2a: Iron Treads|Quark Drive|[silent]
|
|-weather|Sandstorm|[upkeep]
|upkeep
|
|t:|1760456728
|switch|p2a: Weavile|Weavile, M|100/100
|-ability|p2a: Weavile|Pressure
|turn|3
|
|t:|1760456736
|switch|p1a: Alomomola|Alomomola, M, shiny|100/100
|move|p2a: Weavile|Low Kick|p1a: Alomomola
|-damage|p1a: Alomomola|83/100
|-damage|p2a: Weavile|91/100|[from] item: Life Orb
|
|-weather|Sandstorm|[upkeep]
|-damage|p2a: Weavile|84/100|[from] Sandstorm
|-damage|p1a: Alomomola|77/100|[from] Sandstorm
|upkeep
|turn|4
|
|t:|1760456740
|move|p2a: Weavile|Knock Off|p1a: Alomomola
|-crit|p1a: Alomomola
|-damage|p1a: Alomomola|10/100
|-enditem|p1a: Alomomola|Heavy-Duty Boots|[from] move: Knock Off|[of] p2a: Weavile
|-damage|p2a: Weavile|75/100|[from] item: Life Orb
|move|p1a: Alomomola|Flip Turn|p2a: Weavile
|-damage|p2a: Weavile|44/100
|
|t:|1760456743
|switch|p1a: Excadrill|Excadrill, M, shiny|100/100|[from] Flip Turn
|
|-weather|Sandstorm|[upkeep]
|-damage|p2a: Weavile|38/100|[from] Sandstorm
|upkeep
|turn|5
|
|t:|1760456752
|move|p1a: Excadrill|Iron Head|p2a: Weavile
|-supereffective|p2a: Weavile
|-damage|p2a: Weavile|0 fnt
|faint|p2a: Weavile
|
|-weather|none
|upkeep
|
|t:|1760456758
|switch|p2a: Rillaboom|Rillaboom, F|100/100
|-fieldstart|move: Grassy Terrain|[from] ability: Grassy Surge|[of] p2a: Rillaboom
|turn|6
|
|t:|1760456765
|switch|p1a: Zapdos|Zapdos|100/100
|move|p2a: Rillaboom|Drain Punch|p1a: Zapdos
|-resisted|p1a: Zapdos
|-damage|p1a: Zapdos|82/100
|
|upkeep
|turn|7
|
|t:|1760456770
|switch|p2a: Darkrai|Darkrai|100/100
|move|p1a: Zapdos|Hurricane|p2a: Darkrai|[miss]
|-miss|p1a: Zapdos|p2a: Darkrai
|
|upkeep
|turn|8
|
|t:|1760456775
|switch|p1a: Tinkaton|Tinkaton, F, shiny|100/100
|-ability|p1a: Tinkaton|Mold Breaker
|move|p2a: Darkrai|Ice Beam|p1a: Tinkaton
|-resisted|p1a: Tinkaton
|-damage|p1a: Tinkaton|86/100
|
|-heal|p1a: Tinkaton|92/100|[from] Grassy Terrain
|upkeep
|turn|9
|
|t:|1760456778
|switch|p2a: Rillaboom|Rillaboom, F|100/100
|move|p1a: Tinkaton|Thunder Wave|p2a: Rillaboom
|-status|p2a: Rillaboom|par
|
|-heal|p1a: Tinkaton|98/100|[from] Grassy Terrain
|upkeep
|turn|10
|
|t:|1760456786
|switch|p1a: Zapdos|Zapdos|82/100
|move|p2a: Rillaboom|Grassy Glide|p1a: Zapdos
|-resisted|p1a: Zapdos
|-damage|p1a: Zapdos|53/100
|
|-fieldend|move: Grassy Terrain
|upkeep
|turn|11
|
|t:|1760456791
|move|p1a: Zapdos|Roost|p1a: Zapdos
|-heal|p1a: Zapdos|100/100
|-singleturn|p1a: Zapdos|move: Roost
|move|p2a: Rillaboom|Grassy Glide|p1a: Zapdos
|-damage|p1a: Zapdos|56/100
|
|upkeep
|turn|12
|
|t:|1760456800
|move|p1a: Zapdos|Hurricane|p2a: Rillaboom|[miss]
|-miss|p1a: Zapdos|p2a: Rillaboom
|move|p2a: Rillaboom|Grassy Glide|p1a: Zapdos
|-resisted|p1a: Zapdos
|-damage|p1a: Zapdos|33/100
|
|upkeep
|turn|13
|
|t:|1760456807
|switch|p2a: Weezing|Weezing-Galar, M|100/100
|-ability|p2a: Weezing|Neutralizing Gas
|move|p1a: Zapdos|Roost|p1a: Zapdos
|-heal|p1a: Zapdos|83/100
|-singleturn|p1a: Zapdos|move: Roost
|
|upkeep
|turn|14
|
|t:|1760456813
|move|p1a: Zapdos|Volt Switch|p2a: Weezing
|-damage|p2a: Weezing|47/100
|
|t:|1760456818
|switch|p1a: Tinkaton|Tinkaton, F, shiny|98/100|[from] Volt Switch
|move|p2a: Weezing|Sludge Bomb|p1a: Tinkaton
|-immune|p1a: Tinkaton
|
|upkeep
|turn|15
|-message|Chickton forfeited.
|
|win|Blackmagicfr
|raw|Blackmagicfr's rating: 1258 &rarr; <strong>1285</strong><br />(+27 for winning)
|raw|Chickton's rating: 1284 &rarr; <strong>1257</strong><br />(-27 for losing)
|l|☆Chickton
|player|p2|
