|j|☆ChinaG
|j|‽blueisnoob
|t:|1760445140
|gametype|singles
|player|p1|ChinaG|unknown|1550
|player|p2|blueisnoob|102|1582
|gen|9
|tier|[Gen 9] OU
|rated|
|rule|HP Percentage Mod: HP is shown in percentages
|rule|Endless Battle Clause: Forcing endless battles is banned
|rule|Species Clause: Limit one of each Pokémon
|rule|OHKO Clause: OHKO moves are banned
|rule|Evasion Items Clause: Evasion items are banned
|rule|Evasion Moves Clause: Evasion moves are banned
|rule|Evasion Abilities Clause: Evasion abilities are banned
|rule|Sleep Moves Clause: Sleep-inducing moves are banned
|clearpoke
|poke|p1|Darkrai|
|poke|p1|Garchomp, F|
|poke|p1|Landorus-Therian, M|
|poke|p1|Jolteon, F|
|poke|p1|Dragapult, M|
|poke|p1|Iron Treads|
|poke|p2|Zamazenta-*|
|poke|p2|Ogerpon-Wellspring, F|
|poke|p2|Slowking-Galar, F|
|poke|p2|Great Tusk|
|poke|p2|Kingambit, M|
|poke|p2|Zapdos|
|teampreview
|inactive|Battle timer is ON: inactive players will automatically lose when time's up. (requested by ChinaG)
|
|t:|1760445163
|teamsize|p1|6
|teamsize|p2|6
|start
|switch|p1a: Garchomp|Garchomp, F|100/100
|switch|p2a: Slowking|Slowking-Galar, F|100/100
|turn|1
|
|t:|1760445166
|move|p1a: Garchomp|Stealth Rock|p2a: Slowking
|-sidestart|p2: blueisnoob|move: Stealth Rock
|move|p2a: Slowking|Ice Beam|p1a: Garchomp
|-supereffective|p1a: Garchomp
|-damage|p1a: Garchomp|0 fnt
|faint|p1a: Garchomp
|
|upkeep
|
|t:|1760445173
|switch|p1a: Darkrai|Darkrai|100/100
|turn|2
|
|t:|1760445176
|move|p1a: Darkrai|Knock Off|p2a: Slowking
|-supereffective|p2a: Slowking
|-damage|p2a: Slowking|37/100
|-enditem|p2a: Slowking|Assault Vest|[from] move: Knock Off|[of] p1a: Darkrai
|move|p2a: Slowking|Sludge Bomb|p1a: Darkrai
|-damage|p1a: Darkrai|37/100
|
|upkeep
|turn|3
|
|t:|1760445186
|switch|p2a: Kingambit|Kingambit, M|100/100
|-damage|p2a: Kingambit|94/100|[from] Stealth Rock
|move|p1a: Darkrai|Dark Pulse|p2a: Kingambit
|-resisted|p2a: Kingambit
|-damage|p2a: Kingambit|72/100
|
|-heal|p2a: Kingambit|78/100|[from] item: Leftovers
|upkeep
|turn|4
|
|t:|1760445192
|switch|p1a: Landorus|Landorus-Therian, M|100/100
|-ability|p1a: Landorus|Intimidate|boost
|-unboost|p2a: Kingambit|atk|1
|move|p2a: Kingambit|Low Kick|p1a: Landorus
|-resisted|p1a: Landorus
|-damage|p1a: Landorus|89/100
|
|-heal|p2a: Kingambit|84/100|[from] item: Leftovers
|upkeep
|turn|5
|
|t:|1760445203
|-end|p2a: Kingambit|fallenundefined|[silent]
|switch|p2a: Zapdos|Zapdos|100/100
|move|p1a: Landorus|Smack Down|p2a: Zapdos
|-supereffective|p2a: Zapdos
|-damage|p2a: Zapdos|64/100
|-start|p2a: Zapdos|Smack Down
|-damage|p1a: Landorus|79/100|[from] item: Life Orb
|
|upkeep
|turn|6
|
|t:|1760445214
|switch|p2a: Zamazenta|Zamazenta|100/100
|-damage|p2a: Zamazenta|94/100|[from] Stealth Rock
|-ability|p2a: Zamazenta|Dauntless Shield|boost
|-boost|p2a: Zamazenta|def|1
|move|p1a: Landorus|Earthquake|p2a: Zamazenta
|-damage|p2a: Zamazenta|48/100
|-damage|p1a: Landorus|69/100|[from] item: Life Orb
|
|upkeep
|turn|7
|
|t:|1760445224
|switch|p1a: Dragapult|Dragapult, M|100/100
|move|p2a: Zamazenta|Ice Fang|p1a: Dragapult
|-supereffective|p1a: Dragapult
|-damage|p1a: Dragapult|29/100
|
|upkeep
|turn|8
|
|t:|1760445232
|switch|p2a: Kingambit|Kingambit, M|84/100
|-damage|p2a: Kingambit|78/100|[from] Stealth Rock
|move|p1a: Dragapult|Shadow Ball|p2a: Kingambit
|-resisted|p2a: Kingambit
|-damage|p2a: Kingambit|60/100
|
|-heal|p2a: Kingambit|66/100|[from] item: Leftovers
|upkeep
|turn|9
|
|t:|1760445242
|switch|p1a: Iron Treads|Iron Treads|100/100
|move|p2a: Kingambit|Kowtow Cleave|p1a: Iron Treads
|-damage|p1a: Iron Treads|53/100
|
|-heal|p2a: Kingambit|72/100|[from] item: Leftovers
|upkeep
|turn|10
|
|t:|1760445250
|move|p1a: Iron Treads|Rapid Spin|p2a: Kingambit
|-resisted|p2a: Kingambit
|-damage|p2a: Kingambit|66/100
|-boost|p1a: Iron Treads|spe|1
|move|p2a: Kingambit|Low Kick|p1a: Iron Treads
|-supereffective|p1a: Iron Treads
|-crit|p1a: Iron Treads
|-damage|p1a: Iron Treads|0 fnt
|faint|p1a: Iron Treads
|-end|p1a: Iron Treads|Quark Drive|[silent]
|
|-heal|p2a: Kingambit|73/100|[from] item: Leftovers
|upkeep
|
|t:|1760445256
|switch|p1a: Landorus|Landorus-Therian, M|69/100
|-ability|p1a: Landorus|Intimidate|boost
|-unboost|p2a: Kingambit|atk|1
|turn|11
|
|t:|1760445268
|-end|p2a: Kingambit|fallenundefined|[silent]
|switch|p2a: Great Tusk|Great Tusk, shiny|100/100
|move|p1a: Landorus|Earthquake|p2a: Great Tusk
|-damage|p2a: Great Tusk|45/100
|-damage|p1a: Landorus|59/100|[from] item: Life Orb
|
|upkeep
|turn|12
|
|t:|1760445274
|move|p1a: Landorus|Grass Knot|p2a: Great Tusk
|-supereffective|p2a: Great Tusk
|-damage|p2a: Great Tusk|0 fnt
|faint|p2a: Great Tusk
|-end|p2a: Great Tusk|Protosynthesis|[silent]
|-damage|p1a: Landorus|50/100|[from] item: Life Orb
|
|upkeep
|
|t:|1760445278
|switch|p2a: Ogerpon|Ogerpon-Wellspring, F|100/100
|-damage|p2a: Ogerpon|88/100|[from] Stealth Rock
|turn|13
|
|t:|1760445283
|move|p2a: Ogerpon|Ivy Cudgel|p1a: Landorus|[anim] Ivy Cudgel Water
|-supereffective|p1a: Landorus
|-damage|p1a: Landorus|0 fnt
|faint|p1a: Landorus
|
|upkeep
|
|t:|1760445289
|switch|p1a: Jolteon|Jolteon, F|100/100
|turn|14
|
|t:|1760445295
|move|p1a: Jolteon|Volt Switch|p2a: Ogerpon
|-damage|p2a: Ogerpon|48/100
|
|t:|1760445307
|switch|p1a: Dragapult|Dragapult, M|29/100|[from] Volt Switch
|move|p2a: Ogerpon|Ivy Cudgel|p1a: Dragapult|[anim] Ivy Cudgel Water
|-resisted|p1a: Dragapult
|-damage|p1a: Dragapult|0 fnt
|faint|p1a: Dragapult
|
|upkeep
|
|t:|1760445310
|switch|p1a: Darkrai|Darkrai|37/100
|turn|15
|
|t:|1760445315
|move|p1a: Darkrai|Dark Pulse|p2a: Ogerpon
|-damage|p2a: Ogerpon|0 fnt
|faint|p2a: Ogerpon
|
|upkeep
|
|t:|1760445318
|switch|p2a: Kingambit|Kingambit, M|73/100
|-damage|p2a: Kingambit|66/100|[from] Stealth Rock
|-activate|p2a: Kingambit|ability: Supreme Overlord
|-start|p2a: Kingambit|fallen2|[silent]
|turn|16
|
|t:|1760445327
|move|p1a: Darkrai|Dark Pulse|p2a: Kingambit
|-resisted|p2a: Kingambit
|-damage|p2a: Kingambit|47/100
|move|p2a: Kingambit|Kowtow Cleave|p1a: Darkrai
|-resisted|p1a: Darkrai
|-damage|p1a: Darkrai|0 fnt
|faint|p1a: Darkrai
|
|-heal|p2a: Kingambit|53/100|[from] item: Leftovers
|upkeep
|
|t:|1760445332
|switch|p1a: Jolteon|Jolteon, F|100/100
|turn|17
|
|t:|1760445336
|-terastallize|p1a: Jolteon|Fairy
|move|p1a: Jolteon|Alluring Voice|p2a: Kingambit
|-damage|p2a: Kingambit|16/100
|move|p2a: Kingambit|Kowtow Cleave|p1a: Jolteon
|-resisted|p1a: Jolteon
|-damage|p1a: Jolteon|48/100
|
|-heal|p2a: Kingambit|22/100|[from] item: Leftovers
|upkeep
|turn|18
|
|t:|1760445342
|move|p2a: Kingambit|Sucker Punch||[still]
|-fail|p2a: Kingambit
|move|p1a: Jolteon|Calm Mind|p1a: Jolteon
|-boost|p1a: Jolteon|spa|1
|-boost|p1a: Jolteon|spd|1
|
|-heal|p2a: Kingambit|29/100|[from] item: Leftovers
|upkeep
|turn|19
|
|t:|1760445350
|move|p1a: Jolteon|Thunderbolt|p2a: Kingambit
|-damage|p2a: Kingambit|0 fnt
|faint|p2a: Kingambit
|-end|p2a: Kingambit|fallen2|[silent]
|
|upkeep
|
|t:|1760445367
|switch|p2a: Slowking|Slowking-Galar, F|70/100
|-damage|p2a: Slowking|58/100|[from] Stealth Rock
|turn|20
|
|t:|1760445377
|switch|p2a: Zapdos|Zapdos|64/100
|move|p1a: Jolteon|Thunderbolt|p2a: Zapdos
|-damage|p2a: Zapdos|0 fnt
|faint|p2a: Zapdos
|
|upkeep
|
|t:|1760445378
|switch|p2a: Slowking|Slowking-Galar, F|91/100
|-damage|p2a: Slowking|79/100|[from] Stealth Rock
|turn|21
|
|t:|1760445386
|move|p1a: Jolteon|Calm Mind|p1a: Jolteon
|-boost|p1a: Jolteon|spa|1
|-boost|p1a: Jolteon|spd|1
|move|p2a: Slowking|Sludge Bomb|p1a: Jolteon
|-supereffective|p1a: Jolteon
|-damage|p1a: Jolteon|0 fnt
|faint|p1a: Jolteon
|
|win|blueisnoob
|raw|ChinaG's rating: 1550 &rarr; <strong>1532</strong><br />(-18 for losing)
|raw|blueisnoob's rating: 1582 &rarr; <strong>1600</strong><br />(+18 for winning)
|l|☆ChinaG
|player|p1|
|l|‽blueisnoob
|player|p2|
