|j|☆Randomizer15
|j|☆DrapionElectivire
|t:|1760395762
|gametype|singles
|player|p1|Randomizer15|101|1324
|player|p2|DrapionElectivire|102|1394
|gen|9
|tier|[Gen 9] OU
|rated|
|rule|HP Percentage Mod: HP is shown in percentages
|rule|Endless Battle Clause: Forcing endless battles is banned
|rule|Species Clause: Limit one of each Pokémon
|rule|OHKO Clause: OHKO moves are banned
|rule|Evasion Items Clause: Evasion items are banned
|rule|Evasion Moves Clause: Evasion moves are banned
|rule|Evasion Abilities Clause: Evasion abilities are banned
|rule|Sleep Moves Clause: Sleep-inducing moves are banned
|clearpoke
|poke|p1|Ting-Lu|
|poke|p1|Dragapult, F|
|poke|p1|Dragonite, M|
|poke|p1|Bellossom, M|
|poke|p1|Glimmora, F|
|poke|p1|Gholdengo|
|poke|p2|Raging Bolt|
|poke|p2|Iron Hands|
|poke|p2|Ursaluna, M|
|poke|p2|Grimmsnarl, M|
|poke|p2|Moltres|
|poke|p2|Dragapult, F|
|teampreview
|
|t:|1760395770
|teamsize|p1|6
|teamsize|p2|6
|start
|switch|p1a: Glimmora|Glimmora, F|100/100
|switch|p2a: Moltres|Moltres|100/100
|-item|p1a: Glimmora|Air Balloon
|turn|1
|inactive|Battle timer is ON: inactive players will automatically lose when time's up. (requested by DrapionElectivire)
|
|t:|1760395783
|-terastallize|p2a: Moltres|Ground
|move|p2a: Moltres|Overheat|p1a: Glimmora
|-resisted|p1a: Glimmora
|-damage|p1a: Glimmora|71/100
|-unboost|p2a: Moltres|spa|2
|-enditem|p1a: Glimmora|Air Balloon
|move|p1a: Glimmora|Stealth Rock|p2a: Moltres
|-sidestart|p2: DrapionElectivire|move: Stealth Rock
|
|upkeep
|turn|2
|
|t:|1760395793
|move|p2a: Moltres|Scorching Sands|p1a: Glimmora
|-supereffective|p1a: Glimmora
|-damage|p1a: Glimmora|9/100
|move|p1a: Glimmora|Mortal Spin|p2a: Moltres
|-resisted|p2a: Moltres
|-damage|p2a: Moltres|97/100
|-status|p2a: Moltres|psn
|
|-damage|p2a: Moltres|85/100 psn|[from] psn
|upkeep
|turn|3
|
|t:|1760395804
|move|p2a: Moltres|Overheat|p1a: Glimmora
|-resisted|p1a: Glimmora
|-damage|p1a: Glimmora|0 fnt
|-unboost|p2a: Moltres|spa|2
|faint|p1a: Glimmora
|
|-damage|p2a: Moltres|72/100 psn|[from] psn
|upkeep
|
|t:|1760395810
|switch|p1a: Dragonite|Dragonite, M|100/100
|turn|4
|
|t:|1760395818
|switch|p2a: Ursaluna|Ursaluna, M|100/100
|-damage|p2a: Ursaluna|94/100|[from] Stealth Rock
|move|p1a: Dragonite|Dragon Dance|p1a: Dragonite
|-boost|p1a: Dragonite|atk|1
|-boost|p1a: Dragonite|spe|1
|
|-status|p2a: Ursaluna|brn|[from] item: Flame Orb
|upkeep
|turn|5
|
|t:|1760395827
|move|p1a: Dragonite|Dragon Dance|p1a: Dragonite
|-boost|p1a: Dragonite|atk|1
|-boost|p1a: Dragonite|spe|1
|move|p2a: Ursaluna|Ice Punch|p1a: Dragonite
|-supereffective|p1a: Dragonite
|-damage|p1a: Dragonite|8/100
|
|-damage|p2a: Ursaluna|88/100 brn|[from] brn
|upkeep
|turn|6
|
|t:|1760395839
|move|p1a: Dragonite|Dragon Claw|p2a: Ursaluna
|-damage|p2a: Ursaluna|19/100 brn
|move|p2a: Ursaluna|Ice Punch|p1a: Dragonite
|-supereffective|p1a: Dragonite
|-damage|p1a: Dragonite|0 fnt
|faint|p1a: Dragonite
|
|-damage|p2a: Ursaluna|13/100 brn|[from] brn
|upkeep
|
|t:|1760395847
|switch|p1a: Dragapult|Dragapult, F|100/100
|turn|7
|
|t:|1760395852
|move|p1a: Dragapult|Dragon Darts|p2a: Ursaluna
|-damage|p2a: Ursaluna|0 fnt
|faint|p2a: Ursaluna
|
|upkeep
|
|t:|1760395858
|switch|p2a: Grimmsnarl|Grimmsnarl, M, shiny|100/100
|-damage|p2a: Grimmsnarl|88/100|[from] Stealth Rock
|turn|8
|
|t:|1760395863
|move|p1a: Dragapult|U-turn|p2a: Grimmsnarl
|-damage|p2a: Grimmsnarl|68/100
|
|t:|1760395867
|switch|p1a: Bellossom|Bellossom, M|100/100|[from] U-turn
|move|p2a: Grimmsnarl|Spirit Break|p1a: Bellossom
|-damage|p1a: Bellossom|72/100
|-unboost|p1a: Bellossom|spa|1
|
|upkeep
|turn|9
|
|t:|1760395876
|move|p2a: Grimmsnarl|Parting Shot|p1a: Bellossom
|-unboost|p1a: Bellossom|atk|1
|-unboost|p1a: Bellossom|spa|1
|
|t:|1760395879
|switch|p2a: Moltres|Moltres, tera:Ground|72/100 psn|[from] Parting Shot
|move|p1a: Bellossom|Quiver Dance|p1a: Bellossom
|-boost|p1a: Bellossom|spa|1
|-boost|p1a: Bellossom|spd|1
|-boost|p1a: Bellossom|spe|1
|
|-damage|p2a: Moltres|60/100 psn|[from] psn
|upkeep
|turn|10
|
|t:|1760395890
|switch|p1a: Ting-Lu|Ting-Lu|100/100
|-ability|p1a: Ting-Lu|Vessel of Ruin
|move|p2a: Moltres|Overheat|p1a: Ting-Lu
|-damage|p1a: Ting-Lu|69/100
|-unboost|p2a: Moltres|spa|2
|
|-damage|p2a: Moltres|47/100 psn|[from] psn
|upkeep
|turn|11
|
|t:|1760395902
|move|p2a: Moltres|Roost|p2a: Moltres
|-heal|p2a: Moltres|97/100 psn
|move|p1a: Ting-Lu|Throat Chop|p2a: Moltres
|-damage|p2a: Moltres|64/100 psn
|-start|p2a: Moltres|Throat Chop|[silent]
|
|-damage|p2a: Moltres|51/100 psn|[from] psn
|upkeep
|turn|12
|
|t:|1760395918
|switch|p2a: Grimmsnarl|Grimmsnarl, M, shiny|68/100
|-damage|p2a: Grimmsnarl|56/100|[from] Stealth Rock
|move|p1a: Ting-Lu|Throat Chop|p2a: Grimmsnarl
|-resisted|p2a: Grimmsnarl
|-damage|p2a: Grimmsnarl|48/100
|-start|p2a: Grimmsnarl|Throat Chop|[silent]
|
|upkeep
|turn|13
|
|t:|1760395931
|move|p2a: Grimmsnarl|Reflect|p2a: Grimmsnarl
|-sidestart|p2: DrapionElectivire|Reflect
|move|p1a: Ting-Lu|Body Press|p2a: Grimmsnarl
|-damage|p2a: Grimmsnarl|33/100
|
|-end|p2a: Grimmsnarl|Throat Chop|[silent]
|upkeep
|turn|14
|
|t:|1760395940
|move|p2a: Grimmsnarl|Spirit Break|p1a: Ting-Lu
|-supereffective|p1a: Ting-Lu
|-damage|p1a: Ting-Lu|46/100
|-unboost|p1a: Ting-Lu|spa|1
|move|p1a: Ting-Lu|Ruination|p2a: Grimmsnarl
|-damage|p2a: Grimmsnarl|17/100
|
|upkeep
|turn|15
|
|t:|1760395954
|switch|p2a: Dragapult|Dragapult, F|100/100
|-damage|p2a: Dragapult|88/100|[from] Stealth Rock
|move|p1a: Ting-Lu|Body Press|p2a: Dragapult
|-immune|p2a: Dragapult
|
|upkeep
|turn|16
|
|t:|1760395967
|move|p2a: Dragapult|Dragon Darts|p1a: Ting-Lu
|-damage|p1a: Ting-Lu|30/100
|-anim|p2a: Dragapult|Dragon Darts|p1a: Ting-Lu
|-damage|p1a: Ting-Lu|14/100
|move|p1a: Ting-Lu|Ruination|p2a: Dragapult
|-damage|p2a: Dragapult|44/100
|
|upkeep
|turn|17
|
|t:|1760395976
|move|p2a: Dragapult|Dragon Darts|p1a: Ting-Lu
|-damage|p1a: Ting-Lu|0 fnt
|faint|p1a: Ting-Lu
|
|upkeep
|
|t:|1760395980
|switch|p1a: Gholdengo|Gholdengo|100/100
|turn|18
|
|t:|1760395984
|switch|p2a: Moltres|Moltres, tera:Ground|51/100 psn
|move|p1a: Gholdengo|Make It Rain|p2a: Moltres
|-damage|p2a: Moltres|0 fnt
|-unboost|p1a: Gholdengo|spa|1
|faint|p2a: Moltres
|
|upkeep
|
|t:|1760396000
|switch|p2a: Dragapult|Dragapult, F|44/100
|-damage|p2a: Dragapult|32/100|[from] Stealth Rock
|turn|19
|
|t:|1760396006
|move|p1a: Gholdengo|Make It Rain|p2a: Dragapult
|-damage|p2a: Dragapult|0 fnt
|-unboost|p1a: Gholdengo|spa|1
|faint|p2a: Dragapult
|
|upkeep
|
|t:|1760396014
|switch|p2a: Raging Bolt|Raging Bolt|100/100
|-damage|p2a: Raging Bolt|88/100|[from] Stealth Rock
|turn|20
|
|t:|1760396019
|switch|p1a: Bellossom|Bellossom, M|72/100
|move|p2a: Raging Bolt|Calm Mind|p2a: Raging Bolt
|-boost|p2a: Raging Bolt|spa|1
|-boost|p2a: Raging Bolt|spd|1
|
|-sideend|p2: DrapionElectivire|Reflect
|upkeep
|turn|21
|
|t:|1760396031
|move|p1a: Bellossom|Quiver Dance|p1a: Bellossom
|-boost|p1a: Bellossom|spa|1
|-boost|p1a: Bellossom|spd|1
|-boost|p1a: Bellossom|spe|1
|move|p2a: Raging Bolt|Calm Mind|p2a: Raging Bolt
|-boost|p2a: Raging Bolt|spa|1
|-boost|p2a: Raging Bolt|spd|1
|
|upkeep
|turn|22
|
|t:|1760396039
|move|p1a: Bellossom|Quiver Dance|p1a: Bellossom
|-boost|p1a: Bellossom|spa|1
|-boost|p1a: Bellossom|spd|1
|-boost|p1a: Bellossom|spe|1
|move|p2a: Raging Bolt|Thunderbolt|p1a: Bellossom
|-resisted|p1a: Bellossom
|-damage|p1a: Bellossom|38/100
|
|upkeep
|turn|23
|
|t:|1760396048
|move|p2a: Raging Bolt|Thunderclap||[still]
|-fail|p2a: Raging Bolt
|move|p1a: Bellossom|Strength Sap|p2a: Raging Bolt
|-unboost|p2a: Raging Bolt|atk|1
|-heal|p1a: Bellossom|84/100
|
|upkeep
|turn|24
|-message|DrapionElectivire forfeited.
|
|win|Randomizer15
|raw|Randomizer15's rating: 1324 &rarr; <strong>1348</strong><br />(+24 for winning)
|raw|DrapionElectivire's rating: 1394 &rarr; <strong>1370</strong><br />(-24 for losing)
|l|☆DrapionElectivire
|player|p2|
|l|☆Randomizer15
|player|p1|
