|j|☆Akuma_Kitsune13
|j|☆LionX_Pro
|t:|1760368944
|gametype|singles
|player|p1|Akuma_Kitsune13|169|1315
|player|p2|LionX_Pro|steven|1341
|gen|9
|tier|[Gen 9] OU
|rated|
|rule|HP Percentage Mod: HP is shown in percentages
|rule|Endless Battle Clause: Forcing endless battles is banned
|rule|Species Clause: Limit one of each Pokémon
|rule|OHKO Clause: OHKO moves are banned
|rule|Evasion Items Clause: Evasion items are banned
|rule|Evasion Moves Clause: Evasion moves are banned
|rule|Evasion Abilities Clause: Evasion abilities are banned
|rule|Sleep Moves Clause: Sleep-inducing moves are banned
|clearpoke
|poke|p1|Dragonite, M|
|poke|p1|Great Tusk|
|poke|p1|Garganacl, F|
|poke|p1|Hatterene, F|
|poke|p1|Kingambit, M|
|poke|p1|Ceruledge, M|
|poke|p2|Shiftry, M|
|poke|p2|Glimmora, M|
|poke|p2|Incineroar, M|
|poke|p2|Gliscor, F|
|poke|p2|Garganacl, F|
|poke|p2|Quaquaval, F|
|teampreview
|inactive|Battle timer is ON: inactive players will automatically lose when time's up. (requested by Akuma_Kitsune13)
|
|t:|1760368963
|teamsize|p1|6
|teamsize|p2|6
|start
|switch|p1a: Hatterene|Hatterene, F|100/100
|switch|p2a: Shiftry|Shiftry, M|100/100
|turn|1
|
|t:|1760368972
|move|p2a: Shiftry|Tailwind|p2a: Shiftry
|-sidestart|p2: LionX_Pro|move: Tailwind
|-ability|p2a: Shiftry|Wind Rider|boost
|-boost|p2a: Shiftry|atk|1
|move|p1a: Hatterene|Calm Mind|p1a: Hatterene
|-boost|p1a: Hatterene|spa|1
|-boost|p1a: Hatterene|spd|1
|
|upkeep
|turn|2
|
|t:|1760368982
|move|p2a: Shiftry|Knock Off|p1a: Hatterene
|-damage|p1a: Hatterene|23/100
|-enditem|p1a: Hatterene|Focus Sash|[from] move: Knock Off|[of] p2a: Shiftry
|move|p1a: Hatterene|Trick Room|p1a: Hatterene
|-fieldstart|move: Trick Room|[of] p1a: Hatterene
|
|upkeep
|turn|3
|
|t:|1760368986
|move|p2a: Shiftry|Sucker Punch|p1a: Hatterene
|-damage|p1a: Hatterene|0 fnt
|faint|p1a: Hatterene
|
|upkeep
|
|t:|1760369006
|switch|p1a: Great Tusk|Great Tusk|100/100
|-enditem|p1a: Great Tusk|Booster Energy
|-activate|p1a: Great Tusk|ability: Protosynthesis|[fromitem]
|-start|p1a: Great Tusk|protosynthesisatk
|turn|4
|
|t:|1760369036
|move|p1a: Great Tusk|Brick Break|p2a: Shiftry
|-supereffective|p2a: Shiftry
|-enditem|p2a: Shiftry|Focus Sash
|-damage|p2a: Shiftry|1/100
|move|p2a: Shiftry|Endeavor|p1a: Great Tusk
|-damage|p1a: Great Tusk|1/100
|
|-sideend|p2: LionX_Pro|move: Tailwind
|upkeep
|turn|5
|
|t:|1760369050
|move|p2a: Shiftry|Tailwind|p2a: Shiftry
|-sidestart|p2: LionX_Pro|move: Tailwind
|-ability|p2a: Shiftry|Wind Rider|boost
|-boost|p2a: Shiftry|atk|1
|move|p1a: Great Tusk|Rapid Spin|p2a: Shiftry
|-damage|p2a: Shiftry|0 fnt
|-boost|p1a: Great Tusk|spe|1
|faint|p2a: Shiftry
|
|upkeep
|
|t:|1760369058
|switch|p2a: Quaquaval|Quaquaval, F|100/100
|turn|6
|
|t:|1760369061
|move|p2a: Quaquaval|Aqua Jet|p1a: Great Tusk
|-supereffective|p1a: Great Tusk
|-damage|p1a: Great Tusk|0 fnt
|faint|p1a: Great Tusk
|-end|p1a: Great Tusk|Protosynthesis|[silent]
|-ability|p2a: Quaquaval|Moxie|boost
|-boost|p2a: Quaquaval|atk|1
|
|-fieldend|move: Trick Room
|upkeep
|
|t:|1760369066
|switch|p1a: Dragonite|Dragonite, M|100/100
|turn|7
|
|t:|1760369071
|move|p2a: Quaquaval|Triple Axel|p1a: Dragonite|[miss]
|-miss|p2a: Quaquaval|p1a: Dragonite
|move|p1a: Dragonite|Dragon Dance|p1a: Dragonite
|-boost|p1a: Dragonite|atk|1
|-boost|p1a: Dragonite|spe|1
|
|upkeep
|turn|8
|
|t:|1760369075
|-terastallize|p1a: Dragonite|Steel
|move|p2a: Quaquaval|Triple Axel|p1a: Dragonite
|-resisted|p1a: Dragonite
|-damage|p1a: Dragonite|96/100
|-hitcount|p1a: Dragonite|1
|move|p1a: Dragonite|Dragon Dance|p1a: Dragonite
|-boost|p1a: Dragonite|atk|1
|-boost|p1a: Dragonite|spe|1
|
|-sideend|p2: LionX_Pro|move: Tailwind
|upkeep
|turn|9
|
|t:|1760369082
|move|p1a: Dragonite|Outrage|p2a: Quaquaval
|-enditem|p2a: Quaquaval|Focus Sash
|-damage|p2a: Quaquaval|1/100
|move|p2a: Quaquaval|Close Combat|p1a: Dragonite
|-supereffective|p1a: Dragonite
|-damage|p1a: Dragonite|0 fnt
|-unboost|p2a: Quaquaval|def|1
|-unboost|p2a: Quaquaval|spd|1
|faint|p1a: Dragonite
|-ability|p2a: Quaquaval|Moxie|boost
|-boost|p2a: Quaquaval|atk|1
|
|upkeep
|
|t:|1760369091
|switch|p1a: Ceruledge|Ceruledge, M|100/100
|turn|10
|
|t:|1760369097
|move|p1a: Ceruledge|Shadow Sneak|p2a: Quaquaval
|-damage|p2a: Quaquaval|0 fnt
|faint|p2a: Quaquaval
|
|upkeep
|
|t:|1760369104
|switch|p2a: Glimmora|Glimmora, M|100/100
|turn|11
|
|t:|1760369107
|switch|p1a: Garganacl|Garganacl, F|100/100
|move|p2a: Glimmora|Meteor Beam||[still]
|-prepare|p2a: Glimmora|Meteor Beam
|-boost|p2a: Glimmora|spa|1
|-enditem|p2a: Glimmora|Power Herb
|-anim|p2a: Glimmora|Meteor Beam|p1a: Garganacl
|-damage|p1a: Garganacl|18/100
|
|-heal|p1a: Garganacl|24/100|[from] item: Leftovers
|upkeep
|turn|12
|
|t:|1760369113
|move|p1a: Garganacl|Protect|p1a: Garganacl
|-singleturn|p1a: Garganacl|Protect
|move|p2a: Glimmora|Earth Power|p1a: Garganacl
|-activate|p1a: Garganacl|move: Protect
|
|-heal|p1a: Garganacl|30/100|[from] item: Leftovers
|upkeep
|turn|13
|
|t:|1760369117
|move|p2a: Glimmora|Earth Power|p1a: Garganacl
|-supereffective|p1a: Garganacl
|-damage|p1a: Garganacl|0 fnt
|faint|p1a: Garganacl
|
|upkeep
|
|t:|1760369119
|switch|p1a: Ceruledge|Ceruledge, M|100/100
|turn|14
|
|t:|1760369123
|move|p2a: Glimmora|Earth Power|p1a: Ceruledge
|-supereffective|p1a: Ceruledge
|-damage|p1a: Ceruledge|0 fnt
|faint|p1a: Ceruledge
|
|upkeep
|
|t:|1760369125
|switch|p1a: Kingambit|Kingambit, M|100/100
|-activate|p1a: Kingambit|ability: Supreme Overlord
|-start|p1a: Kingambit|fallen5|[silent]
|turn|15
|
|t:|1760369130
|move|p1a: Kingambit|Sucker Punch|p2a: Glimmora
|-damage|p2a: Glimmora|26/100
|-activate|p2a: Glimmora|ability: Toxic Debris
|-sidestart|p1: Akuma_Kitsune13|move: Toxic Spikes
|move|p2a: Glimmora|Earth Power|p1a: Kingambit
|-supereffective|p1a: Kingambit
|-damage|p1a: Kingambit|3/100
|
|upkeep
|turn|16
|
|t:|1760369138
|move|p2a: Glimmora|Spiky Shield|p2a: Glimmora
|-singleturn|p2a: Glimmora|move: Protect
|move|p1a: Kingambit|Sucker Punch||[still]
|-fail|p1a: Kingambit
|
|upkeep
|turn|17
|
|t:|1760369141
|move|p2a: Glimmora|Spiky Shield||[still]
|-fail|p2a: Glimmora
|move|p1a: Kingambit|Sucker Punch||[still]
|-fail|p1a: Kingambit
|
|upkeep
|turn|18
|
|t:|1760369145
|move|p2a: Glimmora|Spiky Shield|p2a: Glimmora
|-singleturn|p2a: Glimmora|move: Protect
|move|p1a: Kingambit|Swords Dance|p1a: Kingambit
|-boost|p1a: Kingambit|atk|2
|
|upkeep
|turn|19
|
|t:|1760369150
|switch|p2a: Incineroar|Incineroar, M|100/100
|-ability|p2a: Incineroar|Intimidate|boost
|-unboost|p1a: Kingambit|atk|1
|move|p1a: Kingambit|Sucker Punch||[still]
|-fail|p1a: Kingambit
|
|upkeep
|turn|20
|
|t:|1760369152
|move|p2a: Incineroar|Fake Out|p1a: Kingambit
|-resisted|p1a: Kingambit
|-damage|p1a: Kingambit|0 fnt
|faint|p1a: Kingambit
|-end|p1a: Kingambit|fallen5|[silent]
|
|win|LionX_Pro
|raw|Akuma_Kitsune13's rating: 1315 &rarr; <strong>1295</strong><br />(-20 for losing)
|raw|LionX_Pro's rating: 1323 &rarr; <strong>1343</strong><br />(+20 for winning)
|l|☆Akuma_Kitsune13
|player|p1|
|l|☆LionX_Pro
|player|p2|
