|j|☆Wyketaure2
|j|☆8daniel8
|t:|1760436876
|gametype|singles
|player|p1|Wyketaure2|bugsy|1419
|player|p2|8daniel8|koga|1397
|gen|9
|tier|[Gen 9] OU
|rated|
|rule|HP Percentage Mod: HP is shown in percentages
|rule|Endless Battle Clause: Forcing endless battles is banned
|rule|Species Clause: Limit one of each Pokémon
|rule|OHKO Clause: OHKO moves are banned
|rule|Evasion Items Clause: Evasion items are banned
|rule|Evasion Moves Clause: Evasion moves are banned
|rule|Evasion Abilities Clause: Evasion abilities are banned
|rule|Sleep Moves Clause: Sleep-inducing moves are banned
|clearpoke
|poke|p1|Walking Wake|
|poke|p1|Dragapult, F|
|poke|p1|Ogerpon-Wellspring, F|
|poke|p1|Scizor, F|
|poke|p1|Ditto|
|poke|p1|Kingambit, M|
|poke|p2|Rhyperior, M|
|poke|p2|Corviknight, M|
|poke|p2|Primarina, F|
|poke|p2|Dragapult, F|
|poke|p2|Okidogi, M|
|poke|p2|Reuniclus, M|
|teampreview
|inactive|Battle timer is ON: inactive players will automatically lose when time's up. (requested by 8daniel8)
|
|t:|1760436885
|teamsize|p1|6
|teamsize|p2|6
|start
|switch|p1a: Ditto|Ditto|100/100
|switch|p2a: Reuniclus|Reuniclus, M|100/100
|-transform|p1a: Ditto|p2a: Reuniclus|[from] ability: Imposter
|turn|1
|
|t:|1760436894
|switch|p1a: Scizor|Scizor, F|100/100
|move|p2a: Reuniclus|Thunder|p1a: Scizor
|-damage|p1a: Scizor|44/100
|
|upkeep
|turn|2
|
|t:|1760436902
|switch|p2a: Corviknight|Corviknight, M|100/100
|-ability|p2a: Corviknight|Pressure
|move|p1a: Scizor|Knock Off|p2a: Corviknight
|-damage|p2a: Corviknight|67/100
|-damage|p1a: Scizor|28/100|[from] item: Rocky Helmet|[of] p2a: Corviknight
|-enditem|p2a: Corviknight|Rocky Helmet|[from] move: Knock Off|[of] p1a: Scizor
|
|upkeep
|turn|3
|
|t:|1760436917
|switch|p1a: Walking Wake|Walking Wake|100/100
|move|p2a: Corviknight|U-turn|p1a: Walking Wake
|-damage|p1a: Walking Wake|84/100
|
|t:|1760436928
|switch|p2a: Primarina|Primarina, F|100/100|[from] U-turn
|
|upkeep
|turn|4
|
|t:|1760436935
|move|p1a: Walking Wake|Flip Turn|p2a: Primarina
|-resisted|p2a: Primarina
|-damage|p2a: Primarina|92/100
|
|t:|1760436943
|-end|p1a: Walking Wake|Protosynthesis|[silent]
|switch|p1a: Scizor|Scizor, F|28/100|[from] Flip Turn
|move|p2a: Primarina|Calm Mind|p2a: Primarina
|-boost|p2a: Primarina|spa|1
|-boost|p2a: Primarina|spd|1
|
|-heal|p2a: Primarina|98/100|[from] item: Leftovers
|upkeep
|turn|5
|
|t:|1760436953
|move|p1a: Scizor|Bullet Punch|p2a: Primarina
|-damage|p2a: Primarina|39/100
|move|p2a: Primarina|Hyper Voice|p1a: Scizor
|-damage|p1a: Scizor|0 fnt
|faint|p1a: Scizor
|
|-heal|p2a: Primarina|45/100|[from] item: Leftovers
|upkeep
|
|t:|1760436959
|switch|p1a: Dragapult|Dragapult, F|100/100
|turn|6
|
|t:|1760436966
|-terastallize|p1a: Dragapult|Ghost
|move|p1a: Dragapult|Tera Blast|p2a: Primarina|[anim] Tera Blast Ghost
|-damage|p2a: Primarina|0 fnt
|faint|p2a: Primarina
|
|upkeep
|
|t:|1760436988
|switch|p2a: Dragapult|Dragapult, F|100/100
|turn|7
|
|t:|1760436992
|move|p1a: Dragapult|Tera Blast|p2a: Dragapult|[anim] Tera Blast Ghost
|-supereffective|p2a: Dragapult
|-damage|p2a: Dragapult|0 fnt
|faint|p2a: Dragapult
|
|upkeep
|
|t:|1760437004
|switch|p2a: Reuniclus|Reuniclus, M|100/100
|turn|8
|
|t:|1760437028
|move|p1a: Dragapult|Tera Blast|p2a: Reuniclus|[anim] Tera Blast Ghost
|-supereffective|p2a: Reuniclus
|-damage|p2a: Reuniclus|0 fnt
|faint|p2a: Reuniclus
|
|upkeep
|inactive|8daniel8 has 120 seconds left.
|
|t:|1760437059
|switch|p2a: Rhyperior|Rhyperior, M|100/100
|turn|9
|
|t:|1760437064
|move|p1a: Dragapult|Tera Blast|p2a: Rhyperior|[anim] Tera Blast Ghost
|-damage|p2a: Rhyperior|48/100
|move|p2a: Rhyperior|Earthquake|p1a: Dragapult
|-damage|p1a: Dragapult|0 fnt
|faint|p1a: Dragapult
|-damage|p2a: Rhyperior|39/100|[from] item: Life Orb
|
|upkeep
|
|t:|1760437070
|switch|p1a: Ogerpon|Ogerpon-Wellspring, F|100/100
|turn|10
|
|t:|1760437079
|move|p1a: Ogerpon|Ivy Cudgel|p2a: Rhyperior|[anim] Ivy Cudgel Water
|-supereffective|p2a: Rhyperior
|-crit|p2a: Rhyperior
|-damage|p2a: Rhyperior|0 fnt
|faint|p2a: Rhyperior
|
|upkeep
|
|t:|1760437085
|switch|p2a: Okidogi|Okidogi, M|100/100
|turn|11
|
|t:|1760437102
|move|p1a: Ogerpon|Ivy Cudgel|p2a: Okidogi|[anim] Ivy Cudgel Water
|-damage|p2a: Okidogi|52/100
|move|p2a: Okidogi|Bulk Up|p2a: Okidogi
|-boost|p2a: Okidogi|atk|1
|-boost|p2a: Okidogi|def|1
|
|-heal|p2a: Okidogi|58/100|[from] item: Leftovers
|upkeep
|turn|12
|
|t:|1760437111
|move|p1a: Ogerpon|Ivy Cudgel|p2a: Okidogi|[anim] Ivy Cudgel Water
|-crit|p2a: Okidogi
|-damage|p2a: Okidogi|0 fnt
|faint|p2a: Okidogi
|
|upkeep
|-message|8daniel8 forfeited.
|
|win|Wyketaure2
|raw|Wyketaure2's rating: 1419 &rarr; <strong>1438</strong><br />(+19 for winning)
|raw|8daniel8's rating: 1397 &rarr; <strong>1378</strong><br />(-19 for losing)
|l|☆8daniel8
|player|p2|
|l|☆Wyketaure2
|player|p1|
