|j|☆Prakashography
|j|☆chowda10
|t:|1760377529
|gametype|singles
|player|p1|Prakashography|169|1102
|player|p2|chowda10|169|1083
|gen|9
|tier|[Gen 9] OU
|rated|
|rule|HP Percentage Mod: HP is shown in percentages
|rule|Endless Battle Clause: Forcing endless battles is banned
|rule|Species Clause: Limit one of each Pokémon
|rule|OHKO Clause: OHKO moves are banned
|rule|Evasion Items Clause: Evasion items are banned
|rule|Evasion Moves Clause: Evasion moves are banned
|rule|Evasion Abilities Clause: Evasion abilities are banned
|rule|Sleep Moves Clause: Sleep-inducing moves are banned
|clearpoke
|poke|p1|Dedenne, F|
|poke|p1|Meowscarada, M|
|poke|p1|Sandy Shocks|
|poke|p1|Kleavor, F|
|poke|p1|Dudunsparce-*, F|
|poke|p1|Greninja-*, F|
|poke|p2|Vaporeon, F|
|poke|p2|Iron Moth|
|poke|p2|Arcanine-Hisui, M|
|poke|p2|Raging Bolt|
|poke|p2|Mamoswine, F|
|poke|p2|Meowscarada, M|
|teampreview
|
|t:|1760377544
|teamsize|p1|6
|teamsize|p2|6
|start
|switch|p1a: Meowscarada|Meowscarada, M|100/100
|switch|p2a: Vaporeon|Vaporeon, F|100/100
|turn|1
|inactive|Battle timer is ON: inactive players will automatically lose when time's up. (requested by chowda10)
|
|t:|1760377553
|switch|p2a: Iron Moth|Iron Moth|100/100
|move|p1a: Meowscarada|Flower Trick|p2a: Iron Moth
|-resisted|p2a: Iron Moth
|-crit|p2a: Iron Moth
|-damage|p2a: Iron Moth|81/100
|
|upkeep
|turn|2
|
|t:|1760377564
|move|p1a: Meowscarada|Knock Off|p2a: Iron Moth
|-damage|p2a: Iron Moth|5/100
|-enditem|p2a: Iron Moth|Focus Sash|[from] move: Knock Off|[of] p1a: Meowscarada
|move|p2a: Iron Moth|Sludge Wave|p1a: Meowscarada
|-supereffective|p1a: Meowscarada
|-damage|p1a: Meowscarada|0 fnt
|faint|p1a: Meowscarada
|
|upkeep
|
|t:|1760377572
|switch|p1a: Greninja|Greninja, F|100/100
|turn|3
|
|t:|1760377579
|-end|p2a: Iron Moth|Quark Drive|[silent]
|switch|p2a: Raging Bolt|Raging Bolt|100/100
|move|p1a: Greninja|Ice Beam|p2a: Raging Bolt
|-start|p1a: Greninja|typechange|Ice|[from] ability: Protean
|-supereffective|p2a: Raging Bolt
|-damage|p2a: Raging Bolt|18/100
|
|-heal|p2a: Raging Bolt|24/100|[from] item: Leftovers
|upkeep
|turn|4
|
|t:|1760377593
|-terastallize|p2a: Raging Bolt|Ice
|move|p2a: Raging Bolt|Thunderclap|p1a: Greninja
|-damage|p1a: Greninja|30/100
|move|p1a: Greninja|U-turn|p2a: Raging Bolt
|-damage|p2a: Raging Bolt|11/100
|
|t:|1760377603
|switch|p1a: Sandy Shocks|Sandy Shocks|100/100|[from] U-turn
|-enditem|p1a: Sandy Shocks|Booster Energy
|-activate|p1a: Sandy Shocks|ability: Protosynthesis|[fromitem]
|-start|p1a: Sandy Shocks|protosynthesisspa
|
|-heal|p2a: Raging Bolt|17/100|[from] item: Leftovers
|upkeep
|turn|5
|
|t:|1760377613
|move|p1a: Sandy Shocks|Earth Power|p2a: Raging Bolt
|-damage|p2a: Raging Bolt|0 fnt
|faint|p2a: Raging Bolt
|-end|p2a: Raging Bolt|Protosynthesis|[silent]
|
|upkeep
|
|t:|1760377621
|switch|p2a: Iron Moth|Iron Moth|5/100
|turn|6
|
|t:|1760377627
|move|p2a: Iron Moth|Energy Ball|p1a: Sandy Shocks
|-supereffective|p1a: Sandy Shocks
|-damage|p1a: Sandy Shocks|24/100
|move|p1a: Sandy Shocks|Power Gem|p2a: Iron Moth
|-supereffective|p2a: Iron Moth
|-damage|p2a: Iron Moth|0 fnt
|faint|p2a: Iron Moth
|-end|p2a: Iron Moth|Quark Drive|[silent]
|
|upkeep
|
|t:|1760377643
|switch|p2a: Mamoswine|Mamoswine, F|100/100
|turn|7
|
|t:|1760377650
|move|p2a: Mamoswine|Ice Shard|p1a: Sandy Shocks
|-supereffective|p1a: Sandy Shocks
|-damage|p1a: Sandy Shocks|0 fnt
|faint|p1a: Sandy Shocks
|-end|p1a: Sandy Shocks|Protosynthesis|[silent]
|
|upkeep
|
|t:|1760377655
|switch|p1a: Greninja|Greninja, F|30/100
|turn|8
|
|t:|1760377666
|move|p1a: Greninja|Upper Hand||[still]
|-fail|p1a: Greninja
|move|p2a: Mamoswine|Earthquake|p1a: Greninja
|-damage|p1a: Greninja|0 fnt
|faint|p1a: Greninja
|
|upkeep
|
|t:|1760377677
|switch|p1a: Kleavor|Kleavor, F|100/100
|turn|9
|
|t:|1760377698
|switch|p2a: Vaporeon|Vaporeon, F|100/100
|move|p1a: Kleavor|X-Scissor|p2a: Vaporeon
|-damage|p2a: Vaporeon|28/100
|
|-heal|p2a: Vaporeon|34/100|[from] item: Leftovers
|upkeep
|turn|10
|
|t:|1760377707
|move|p2a: Vaporeon|Protect|p2a: Vaporeon
|-singleturn|p2a: Vaporeon|Protect
|move|p1a: Kleavor|X-Scissor|p2a: Vaporeon
|-activate|p2a: Vaporeon|move: Protect
|
|-heal|p2a: Vaporeon|41/100|[from] item: Leftovers
|upkeep
|turn|11
|
|t:|1760377717
|switch|p2a: Arcanine|Arcanine-Hisui, M|100/100
|move|p1a: Kleavor|X-Scissor|p2a: Arcanine
|-resisted|p2a: Arcanine
|-damage|p2a: Arcanine|39/100
|
|upkeep
|turn|12
|
|t:|1760377734
|move|p2a: Arcanine|Head Smash|p1a: Kleavor
|-supereffective|p1a: Kleavor
|-damage|p1a: Kleavor|0 fnt
|faint|p1a: Kleavor
|
|upkeep
|
|t:|1760377742
|switch|p1a: Dedenne|Dedenne, F|100/100
|turn|13
|
|t:|1760377747
|move|p2a: Arcanine|Head Smash|p1a: Dedenne
|-damage|p1a: Dedenne|0 fnt
|faint|p1a: Dedenne
|
|upkeep
|
|t:|1760377751
|switch|p1a: Dudunsparce|Dudunsparce-Three-Segment, F|100/100
|turn|14
|
|t:|1760377759
|move|p2a: Arcanine|Head Smash|p1a: Dudunsparce|[miss]
|-miss|p2a: Arcanine|p1a: Dudunsparce
|move|p1a: Dudunsparce|Coil|p1a: Dudunsparce
|-boost|p1a: Dudunsparce|atk|1
|-boost|p1a: Dudunsparce|def|1
|-boost|p1a: Dudunsparce|accuracy|1
|
|upkeep
|turn|15
|
|t:|1760377766
|move|p2a: Arcanine|Head Smash|p1a: Dudunsparce
|-damage|p1a: Dudunsparce|55/100
|move|p1a: Dudunsparce|Coil|p1a: Dudunsparce
|-boost|p1a: Dudunsparce|atk|1
|-boost|p1a: Dudunsparce|def|1
|-boost|p1a: Dudunsparce|accuracy|1
|
|-heal|p1a: Dudunsparce|62/100|[from] item: Leftovers
|upkeep
|turn|16
|
|t:|1760377776
|move|p2a: Arcanine|Head Smash|p1a: Dudunsparce
|-damage|p1a: Dudunsparce|29/100
|move|p1a: Dudunsparce|Coil|p1a: Dudunsparce
|-boost|p1a: Dudunsparce|atk|1
|-boost|p1a: Dudunsparce|def|1
|-boost|p1a: Dudunsparce|accuracy|1
|
|-heal|p1a: Dudunsparce|35/100|[from] item: Leftovers
|upkeep
|turn|17
|
|t:|1760377788
|move|p2a: Arcanine|Head Smash|p1a: Dudunsparce
|-damage|p1a: Dudunsparce|8/100
|move|p1a: Dudunsparce|Stored Power|p2a: Arcanine
|-damage|p2a: Arcanine|0 fnt
|faint|p2a: Arcanine
|
|-heal|p1a: Dudunsparce|15/100|[from] item: Leftovers
|upkeep
|
|t:|1760377801
|switch|p2a: Mamoswine|Mamoswine, F|100/100
|turn|18
|
|t:|1760377806
|move|p2a: Mamoswine|Earthquake|p1a: Dudunsparce
|-damage|p1a: Dudunsparce|0 fnt
|faint|p1a: Dudunsparce
|
|win|chowda10
|raw|Prakashography's rating: 1102 &rarr; <strong>1076</strong><br />(-26 for losing)
|raw|chowda10's rating: 1083 &rarr; <strong>1112</strong><br />(+29 for winning)
|l|☆Prakashography
|player|p1|
|l|☆chowda10
|player|p2|
