|j|☆MegaHitmonleeWhen
|j|☆Archpop2
|t:|1760351216
|gametype|singles
|player|p1|MegaHitmonleeWhen|blackbelt|1315
|player|p2|Archpop2|ninjaboy|1317
|gen|9
|tier|[Gen 9] OU
|rated|
|rule|HP Percentage Mod: HP is shown in percentages
|rule|Endless Battle Clause: Forcing endless battles is banned
|rule|Species Clause: Limit one of each Pokémon
|rule|OHKO Clause: OHKO moves are banned
|rule|Evasion Items Clause: Evasion items are banned
|rule|Evasion Moves Clause: Evasion moves are banned
|rule|Evasion Abilities Clause: Evasion abilities are banned
|rule|Sleep Moves Clause: Sleep-inducing moves are banned
|clearpoke
|poke|p1|Magnezone|
|poke|p1|Regidrago|
|poke|p1|Great Tusk|
|poke|p1|Clodsire, M|
|poke|p1|Barraskewda, M|
|poke|p1|Iron Hands|
|poke|p2|Walking Wake|
|poke|p2|Gliscor, M|
|poke|p2|Scizor, M|
|poke|p2|Weezing-Galar, M|
|poke|p2|Zamazenta-*|
|poke|p2|Garganacl, M|
|teampreview
|inactive|Battle timer is ON: inactive players will automatically lose when time's up. (requested by Archpop2)
|
|t:|1760351234
|teamsize|p1|6
|teamsize|p2|6
|start
|switch|p1a: Barraskewda|Barraskewda, M|100/100
|switch|p2a: Garganacl|Garganacl, M|100/100
|turn|1
|
|t:|1760351239
|move|p1a: Barraskewda|Flip Turn|p2a: Garganacl
|-supereffective|p2a: Garganacl
|-damage|p2a: Garganacl|35/100
|
|t:|1760351244
|switch|p1a: Great Tusk|Great Tusk|100/100|[from] Flip Turn
|move|p2a: Garganacl|Salt Cure|p1a: Great Tusk
|-resisted|p1a: Great Tusk
|-damage|p1a: Great Tusk|99/100
|-start|p1a: Great Tusk|Salt Cure
|
|-heal|p2a: Garganacl|41/100|[from] item: Leftovers
|-damage|p1a: Great Tusk|86/100|[from] Salt Cure
|upkeep
|turn|2
|
|t:|1760351253
|switch|p2a: Weezing|Weezing-Galar, M|100/100
|move|p1a: Great Tusk|Stealth Rock|p2a: Weezing
|-sidestart|p2: Archpop2|move: Stealth Rock
|
|-damage|p1a: Great Tusk|74/100|[from] Salt Cure
|upkeep
|turn|3
|
|t:|1760351263
|-end|p1a: Great Tusk|Protosynthesis|[silent]
|switch|p1a: Clodsire|Clodsire, M|100/100
|move|p2a: Weezing|Will-O-Wisp|p1a: Clodsire
|-status|p1a: Clodsire|brn
|
|-damage|p1a: Clodsire|94/100 brn|[from] brn
|upkeep
|turn|4
|
|t:|1760351271
|move|p2a: Weezing|Defog|p1a: Clodsire
|-unboost|p1a: Clodsire|evasion|1
|-sideend|p2: Archpop2|Stealth Rock|[from] move: Defog|[of] p2a: Weezing
|move|p1a: Clodsire|Spikes|p2a: Weezing
|-sidestart|p2: Archpop2|Spikes
|
|-heal|p1a: Clodsire|100/100 brn|[from] item: Leftovers
|-damage|p1a: Clodsire|94/100 brn|[from] brn
|upkeep
|turn|5
|
|t:|1760351285
|move|p2a: Weezing|Pain Split|p1a: Clodsire
|-sethp|p1a: Clodsire|83/100 brn|[from] move: Pain Split|[silent]
|-sethp|p2a: Weezing|100/100|[from] move: Pain Split
|move|p1a: Clodsire|Spikes|p2a: Weezing
|-sidestart|p2: Archpop2|Spikes
|
|-heal|p1a: Clodsire|90/100 brn|[from] item: Leftovers
|-damage|p1a: Clodsire|83/100 brn|[from] brn
|upkeep
|turn|6
|
|t:|1760351296
|switch|p1a: Magnezone|Magnezone|100/100
|move|p2a: Weezing|Defog|p1a: Magnezone
|-unboost|p1a: Magnezone|evasion|1
|-sideend|p2: Archpop2|Spikes|[from] move: Defog|[of] p2a: Weezing
|
|upkeep
|turn|7
|
|t:|1760351307
|switch|p1a: Barraskewda|Barraskewda, M|100/100
|switch|p2a: Walking Wake|Walking Wake|100/100
|
|upkeep
|turn|8
|
|t:|1760351323
|-end|p2a: Walking Wake|Protosynthesis|[silent]
|switch|p2a: Zamazenta|Zamazenta|100/100
|-ability|p2a: Zamazenta|Dauntless Shield|boost
|-boost|p2a: Zamazenta|def|1
|move|p1a: Barraskewda|Flip Turn|p2a: Zamazenta
|-damage|p2a: Zamazenta|77/100
|
|t:|1760351327
|switch|p1a: Regidrago|Regidrago|100/100|[from] Flip Turn
|
|-heal|p2a: Zamazenta|83/100|[from] item: Leftovers
|upkeep
|turn|9
|
|t:|1760351337
|move|p1a: Regidrago|Dragon Energy|p2a: Zamazenta
|-damage|p2a: Zamazenta|14/100
|move|p2a: Zamazenta|Close Combat|p1a: Regidrago
|-damage|p1a: Regidrago|47/100
|-unboost|p2a: Zamazenta|def|1
|-unboost|p2a: Zamazenta|spd|1
|
|-heal|p2a: Zamazenta|20/100|[from] item: Leftovers
|upkeep
|turn|10
|
|t:|1760351348
|switch|p1a: Great Tusk|Great Tusk|74/100
|switch|p2a: Scizor|Scizor, M|100/100
|
|upkeep
|turn|11
|
|t:|1760351354
|move|p1a: Great Tusk|Stealth Rock|p2a: Scizor
|-sidestart|p2: Archpop2|move: Stealth Rock
|move|p2a: Scizor|Dual Wingbeat|p1a: Great Tusk
|-supereffective|p1a: Great Tusk
|-damage|p1a: Great Tusk|39/100
|-damage|p2a: Scizor|84/100|[from] item: Rocky Helmet|[of] p1a: Great Tusk
|-supereffective|p1a: Great Tusk
|-damage|p1a: Great Tusk|1/100
|-damage|p2a: Scizor|67/100|[from] item: Rocky Helmet|[of] p1a: Great Tusk
|-hitcount|p1a: Great Tusk|2
|
|upkeep
|turn|12
|
|t:|1760351365
|switch|p2a: Weezing|Weezing-Galar, M|100/100
|-damage|p2a: Weezing|88/100|[from] Stealth Rock
|move|p1a: Great Tusk|Body Press|p2a: Weezing
|-resisted|p2a: Weezing
|-damage|p2a: Weezing|81/100
|
|-heal|p2a: Weezing|87/100|[from] item: Black Sludge
|upkeep
|turn|13
|
|t:|1760351375
|-end|p1a: Great Tusk|Protosynthesis|[silent]
|switch|p1a: Magnezone|Magnezone|100/100
|move|p2a: Weezing|Defog|p1a: Magnezone
|-unboost|p1a: Magnezone|evasion|1
|-sideend|p2: Archpop2|Stealth Rock|[from] move: Defog|[of] p2a: Weezing
|
|-heal|p2a: Weezing|93/100|[from] item: Black Sludge
|upkeep
|turn|14
|
|t:|1760351383
|switch|p2a: Gliscor|Gliscor, M|100/100
|move|p1a: Magnezone|Volt Switch|p2a: Gliscor
|-immune|p2a: Gliscor
|
|-status|p2a: Gliscor|tox|[from] item: Toxic Orb
|upkeep
|turn|15
|
|t:|1760351391
|switch|p1a: Great Tusk|Great Tusk|1/100
|move|p2a: Gliscor|Swords Dance|p2a: Gliscor
|-boost|p2a: Gliscor|atk|2
|
|upkeep
|turn|16
|
|t:|1760351397
|move|p1a: Great Tusk|Stealth Rock|p2a: Gliscor
|-sidestart|p2: Archpop2|move: Stealth Rock
|move|p2a: Gliscor|Agility|p2a: Gliscor
|-boost|p2a: Gliscor|spe|2
|
|upkeep
|turn|17
|
|t:|1760351405
|move|p2a: Gliscor|Knock Off|p1a: Great Tusk
|-resisted|p1a: Great Tusk
|-damage|p1a: Great Tusk|0 fnt
|-damage|p2a: Gliscor|84/100 tox|[from] item: Rocky Helmet|[of] p1a: Great Tusk
|-enditem|p1a: Great Tusk|Rocky Helmet|[from] move: Knock Off|[of] p2a: Gliscor
|faint|p1a: Great Tusk
|-end|p1a: Great Tusk|Protosynthesis|[silent]
|
|-heal|p2a: Gliscor|96/100 tox|[from] ability: Poison Heal
|upkeep
|
|t:|1760351415
|switch|p1a: Regidrago|Regidrago|47/100
|turn|18
|
|t:|1760351430
|move|p2a: Gliscor|Agility|p2a: Gliscor
|-boost|p2a: Gliscor|spe|2
|move|p1a: Regidrago|Draco Meteor|p2a: Gliscor
|-damage|p2a: Gliscor|0 fnt
|-unboost|p1a: Regidrago|spa|2
|faint|p2a: Gliscor
|
|upkeep
|inactive|Archpop2 has 120 seconds left.
|inactive|Archpop2 has 90 seconds left.
|
|t:|1760351489
|switch|p2a: Scizor|Scizor, M|67/100
|-damage|p2a: Scizor|55/100|[from] Stealth Rock
|turn|19
|inactive|Archpop2 has 90 seconds left.
|
|t:|1760351497
|switch|p1a: Magnezone|Magnezone|100/100
|move|p2a: Scizor|U-turn|p1a: Magnezone
|-resisted|p1a: Magnezone
|-damage|p1a: Magnezone|70/100
|inactive|Archpop2 has 90 seconds left.
|
|t:|1760351504
|switch|p2a: Zamazenta|Zamazenta|20/100|[from] U-turn
|-damage|p2a: Zamazenta|14/100|[from] Stealth Rock
|
|-heal|p2a: Zamazenta|20/100|[from] item: Leftovers
|upkeep
|turn|20
|
|t:|1760351511
|switch|p1a: Iron Hands|Iron Hands|100/100
|move|p2a: Zamazenta|Close Combat|p1a: Iron Hands
|-damage|p1a: Iron Hands|68/100
|-unboost|p2a: Zamazenta|def|1
|-unboost|p2a: Zamazenta|spd|1
|
|-heal|p2a: Zamazenta|27/100|[from] item: Leftovers
|-heal|p1a: Iron Hands|74/100|[from] item: Leftovers
|upkeep
|turn|21
|
|t:|1760351522
|move|p2a: Zamazenta|Close Combat|p1a: Iron Hands
|-damage|p1a: Iron Hands|46/100
|-unboost|p2a: Zamazenta|def|1
|-unboost|p2a: Zamazenta|spd|1
|move|p1a: Iron Hands|Swords Dance|p1a: Iron Hands
|-boost|p1a: Iron Hands|atk|2
|
|-heal|p2a: Zamazenta|33/100|[from] item: Leftovers
|-heal|p1a: Iron Hands|52/100|[from] item: Leftovers
|upkeep
|turn|22
|
|t:|1760351531
|move|p2a: Zamazenta|Close Combat|p1a: Iron Hands
|-damage|p1a: Iron Hands|19/100
|-unboost|p2a: Zamazenta|def|1
|-unboost|p2a: Zamazenta|spd|1
|move|p1a: Iron Hands|Drain Punch|p2a: Zamazenta
|-damage|p2a: Zamazenta|0 fnt
|-heal|p1a: Iron Hands|31/100|[from] drain|[of] p2a: Zamazenta
|faint|p2a: Zamazenta
|
|-heal|p1a: Iron Hands|37/100|[from] item: Leftovers
|upkeep
|
|t:|1760351542
|switch|p2a: Walking Wake|Walking Wake|100/100
|-damage|p2a: Walking Wake|88/100|[from] Stealth Rock
|turn|23
|
|t:|1760351550
|-end|p1a: Iron Hands|Quark Drive|[silent]
|switch|p1a: Clodsire|Clodsire, M|83/100 brn
|move|p2a: Walking Wake|Draco Meteor|p1a: Clodsire
|-damage|p1a: Clodsire|27/100 brn
|-unboost|p2a: Walking Wake|spa|2
|
|-heal|p1a: Clodsire|34/100 brn|[from] item: Leftovers
|-damage|p1a: Clodsire|27/100 brn|[from] brn
|upkeep
|turn|24
|
|t:|1760351559
|move|p2a: Walking Wake|Draco Meteor|p1a: Clodsire
|-damage|p1a: Clodsire|0 fnt
|-unboost|p2a: Walking Wake|spa|2
|faint|p1a: Clodsire
|
|upkeep
|
|t:|1760351573
|switch|p1a: Magnezone|Magnezone|70/100
|turn|25
|inactive|Archpop2 has 120 seconds left.
|
|t:|1760351580
|-end|p2a: Walking Wake|Protosynthesis|[silent]
|switch|p2a: Garganacl|Garganacl, M|41/100
|-damage|p2a: Garganacl|28/100|[from] Stealth Rock
|move|p1a: Magnezone|Volt Switch|p2a: Garganacl
|-damage|p2a: Garganacl|6/100
|
|t:|1760351587
|switch|p1a: Barraskewda|Barraskewda, M|100/100|[from] Volt Switch
|
|-heal|p2a: Garganacl|12/100|[from] item: Leftovers
|upkeep
|turn|26
|
|t:|1760351593
|move|p1a: Barraskewda|Flip Turn|p2a: Garganacl
|-supereffective|p2a: Garganacl
|-damage|p2a: Garganacl|0 fnt
|faint|p2a: Garganacl
|
|t:|1760351599
|switch|p1a: Regidrago|Regidrago|47/100|[from] Flip Turn
|
|upkeep
|
|t:|1760351604
|switch|p2a: Weezing|Weezing-Galar, M|93/100
|-damage|p2a: Weezing|81/100|[from] Stealth Rock
|turn|27
|
|t:|1760351610
|switch|p1a: Magnezone|Magnezone|70/100
|move|p2a: Weezing|Defog|p1a: Magnezone
|-unboost|p1a: Magnezone|evasion|1
|-sideend|p2: Archpop2|Stealth Rock|[from] move: Defog|[of] p2a: Weezing
|
|-heal|p2a: Weezing|87/100|[from] item: Black Sludge
|upkeep
|turn|28
|
|t:|1760351620
|switch|p2a: Scizor|Scizor, M|55/100
|move|p1a: Magnezone|Thunderbolt|p2a: Scizor
|-damage|p2a: Scizor|3/100
|
|upkeep
|turn|29
|
|t:|1760351626
|move|p2a: Scizor|Bullet Punch|p1a: Magnezone
|-resisted|p1a: Magnezone
|-damage|p1a: Magnezone|56/100
|move|p1a: Magnezone|Thunderbolt|p2a: Scizor
|-damage|p2a: Scizor|0 fnt
|faint|p2a: Scizor
|
|upkeep
|
|t:|1760351633
|switch|p2a: Walking Wake|Walking Wake|88/100
|turn|30
|
|t:|1760351640
|move|p1a: Magnezone|Thunderbolt|p2a: Walking Wake
|-damage|p2a: Walking Wake|30/100
|move|p2a: Walking Wake|Hydro Steam|p1a: Magnezone
|-damage|p1a: Magnezone|0 fnt
|faint|p1a: Magnezone
|
|upkeep
|
|t:|1760351651
|switch|p1a: Barraskewda|Barraskewda, M|100/100
|turn|31
|
|t:|1760351657
|-terastallize|p2a: Walking Wake|Water
|move|p1a: Barraskewda|Close Combat|p2a: Walking Wake
|-damage|p2a: Walking Wake|0 fnt
|-unboost|p1a: Barraskewda|def|1
|-unboost|p1a: Barraskewda|spd|1
|faint|p2a: Walking Wake
|-end|p2a: Walking Wake|Protosynthesis|[silent]
|
|upkeep
|-message|Archpop2 forfeited.
|
|win|MegaHitmonleeWhen
|raw|MegaHitmonleeWhen's rating: 1315 &rarr; <strong>1335</strong><br />(+20 for winning)
|raw|Archpop2's rating: 1317 &rarr; <strong>1297</strong><br />(-20 for losing)
|l|☆Archpop2
|player|p2|
|l|☆MegaHitmonleeWhen
|player|p1|
