|j|☆larssie262
|j|☆lvcinda
|inactive|Battle timer is ON: inactive players will automatically lose when time's up.
|t:|1760448679
|gametype|singles
|player|p1|larssie262|scientist-gen4|
|player|p2|lvcinda|cynthia-gen4|
|gen|9
|tier|[Gen 9] OU
|rated|Tournament battle
|rule|HP Percentage Mod: HP is shown in percentages
|rule|Endless Battle Clause: Forcing endless battles is banned
|rule|Species Clause: Limit one of each Pokémon
|rule|OHKO Clause: OHKO moves are banned
|rule|Evasion Items Clause: Evasion items are banned
|rule|Evasion Moves Clause: Evasion moves are banned
|rule|Evasion Abilities Clause: Evasion abilities are banned
|rule|Sleep Moves Clause: Sleep-inducing moves are banned
|raw|<div class="infobox"><details class="readmore"><summary><strong>15 custom rules:</strong></summary> -burmy, -caterpie, -combee, -kricketot, -magikarp, -scatterbug, -sunkern, -tynamo, -typenull, -weedle, -wurmple, -cosmog, -blipbug, -snom, -wynaut</details></div>
|clearpoke
|poke|p1|Basculegion, M|
|poke|p1|Porygon|
|poke|p1|Kingambit, M|
|poke|p2|Dipplin, F|
|poke|p2|Muk-Alola, F|
|poke|p2|Araquanid, F|
|teampreview
|j|*Lady Monita ☀
|c|☆larssie262|Glhf
|
|t:|1760448694
|teamsize|p1|3
|teamsize|p2|3
|start
|switch|p1a: Porygon|Porygon|100/100
|switch|p2a: Muk|Muk-Alola, F|100/100
|-ability|p1a: Porygon|Download|boost
|-boost|p1a: Porygon|atk|1
|turn|1
|
|t:|1760448700
|move|p2a: Muk|Knock Off|p1a: Porygon
|-damage|p1a: Porygon|58/100
|-enditem|p1a: Porygon|Eviolite|[from] move: Knock Off|[of] p2a: Muk
|move|p1a: Porygon|Trick Room|p1a: Porygon
|-fieldstart|move: Trick Room|[of] p1a: Porygon
|
|upkeep
|turn|2
|
|t:|1760448708
|move|p1a: Porygon|Tri Attack|p2a: Muk
|-damage|p2a: Muk|80/100
|move|p2a: Muk|Drain Punch|p1a: Porygon
|-supereffective|p1a: Porygon
|-damage|p1a: Porygon|0 fnt
|-heal|p2a: Muk|100/100|[from] drain|[of] p1a: Porygon
|faint|p1a: Porygon
|
|upkeep
|
|t:|1760448720
|switch|p1a: Kingambit|Kingambit, M|100/100
|-activate|p1a: Kingambit|ability: Supreme Overlord
|-start|p1a: Kingambit|fallen1|[silent]
|turn|3
|
|t:|1760448732
|move|p2a: Muk|Knock Off|p1a: Kingambit
|-resisted|p1a: Kingambit
|-damage|p1a: Kingambit|79/100
|-enditem|p1a: Kingambit|Leftovers|[from] move: Knock Off|[of] p2a: Muk
|move|p1a: Kingambit|Swords Dance|p1a: Kingambit
|-boost|p1a: Kingambit|atk|2
|
|upkeep
|turn|4
|
|t:|1760448740
|move|p2a: Muk|Drain Punch|p1a: Kingambit
|-supereffective|p1a: Kingambit
|-damage|p1a: Kingambit|1/100
|move|p1a: Kingambit|Iron Head|p2a: Muk
|-damage|p2a: Muk|0 fnt
|faint|p2a: Muk
|
|upkeep
|
|t:|1760448751
|switch|p2a: Araquanid|Araquanid, F|100/100
|turn|5
|
|t:|1760448756
|move|p1a: Kingambit|Sucker Punch|p2a: Araquanid
|-damage|p2a: Araquanid|12/100
|move|p2a: Araquanid|Trailblaze|p1a: Kingambit
|-resisted|p1a: Kingambit
|-damage|p1a: Kingambit|0 fnt
|-boost|p2a: Araquanid|spe|1
|faint|p1a: Kingambit
|-end|p1a: Kingambit|fallen1|[silent]
|
|-fieldend|move: Trick Room
|upkeep
|
|t:|1760448760
|switch|p1a: Basculegion|Basculegion, M|100/100
|turn|6
|j| Sunepm 07
|
|t:|1760448771
|move|p1a: Basculegion|Aqua Jet|p2a: Araquanid
|-resisted|p2a: Araquanid
|-damage|p2a: Araquanid|0 fnt
|faint|p2a: Araquanid
|
|upkeep
|
|t:|1760448774
|switch|p2a: Dipplin|Dipplin, F|100/100
|turn|7
|
|t:|1760448778
|move|p1a: Basculegion|Psychic Fangs|p2a: Dipplin
|-damage|p2a: Dipplin|85/100
|move|p2a: Dipplin|Giga Drain|p1a: Basculegion
|-supereffective|p1a: Basculegion
|-damage|p1a: Basculegion|47/100
|-heal|p2a: Dipplin|100/100|[from] drain|[of] p1a: Basculegion
|
|upkeep
|turn|8
|c|☆larssie262|ggs
|
|t:|1760448787
|move|p1a: Basculegion|Psychic Fangs|p2a: Dipplin
|-damage|p2a: Dipplin|86/100
|move|p2a: Dipplin|Giga Drain|p1a: Basculegion
|-supereffective|p1a: Basculegion
|-damage|p1a: Basculegion|0 fnt
|-heal|p2a: Dipplin|100/100|[from] drain|[of] p1a: Basculegion
|faint|p1a: Basculegion
|
|win|lvcinda
|n|☆larssie262|larssie262
|n|☆lvcinda|lvcinda
|n|*Lady Monita ☀|ladymonita
|n| Sunepm 07|sunepm07
