|j|☆dgp1397
|j|☆NonFlushableToken
|t:|1760431300
|gametype|singles
|player|p1|dgp1397|101|1136
|player|p2|NonFlushableToken|169|1087
|gen|9
|tier|[Gen 9] OU
|rated|
|rule|HP Percentage Mod: HP is shown in percentages
|rule|Endless Battle Clause: Forcing endless battles is banned
|rule|Species Clause: Limit one of each Pokémon
|rule|OHKO Clause: OHKO moves are banned
|rule|Evasion Items Clause: Evasion items are banned
|rule|Evasion Moves Clause: Evasion moves are banned
|rule|Evasion Abilities Clause: Evasion abilities are banned
|rule|Sleep Moves Clause: Sleep-inducing moves are banned
|clearpoke
|poke|p1|Ambipom, F|
|poke|p1|Slowking-Galar, F|
|poke|p1|Gliscor, F|
|poke|p1|Clefable, M|
|poke|p1|Great Tusk|
|poke|p1|Dragapult, M|
|poke|p2|Great Tusk|
|poke|p2|Pecharunt|
|poke|p2|Samurott-Hisui, F|
|poke|p2|Garganacl, F|
|poke|p2|Lokix, F|
|poke|p2|Hydrapple, M|
|teampreview
|
|t:|1760431311
|teamsize|p1|6
|teamsize|p2|6
|start
|switch|p1a: Ambipom|Ambipom, F|100/100
|switch|p2a: Samurott|Samurott-Hisui, F|100/100
|turn|1
|
|t:|1760431320
|move|p1a: Ambipom|Fake Out|p2a: Samurott
|-damage|p2a: Samurott|70/100
|cant|p2a: Samurott|flinch
|
|upkeep
|turn|2
|
|t:|1760431325
|move|p1a: Ambipom|U-turn|p2a: Samurott
|-supereffective|p2a: Samurott
|-damage|p2a: Samurott|16/100
|
|t:|1760431330
|switch|p1a: Gliscor|Gliscor, F|100/100|[from] U-turn
|move|p2a: Samurott|Knock Off|p1a: Gliscor
|-damage|p1a: Gliscor|60/100
|-enditem|p1a: Gliscor|Toxic Orb|[from] move: Knock Off|[of] p2a: Samurott
|
|upkeep
|turn|3
|
|t:|1760431343
|switch|p2a: Garganacl|Garganacl, F|100/100
|move|p1a: Gliscor|Knock Off|p2a: Garganacl
|-damage|p2a: Garganacl|87/100
|-enditem|p2a: Garganacl|Heavy-Duty Boots|[from] move: Knock Off|[of] p1a: Gliscor
|
|upkeep
|turn|4
|
|t:|1760431355
|move|p1a: Gliscor|Protect|p1a: Gliscor
|-singleturn|p1a: Gliscor|Protect
|move|p2a: Garganacl|Stealth Rock|p1a: Gliscor
|-sidestart|p1: dgp1397|move: Stealth Rock
|
|upkeep
|turn|5
|
|t:|1760431360
|move|p1a: Gliscor|Spikes|p2a: Garganacl
|-sidestart|p2: NonFlushableToken|Spikes
|move|p2a: Garganacl|Ice Punch|p1a: Gliscor
|-supereffective|p1a: Gliscor
|-damage|p1a: Gliscor|2/100
|
|upkeep
|turn|6
|
|t:|1760431366
|move|p1a: Gliscor|Spikes|p2a: Garganacl
|-sidestart|p2: NonFlushableToken|Spikes
|move|p2a: Garganacl|Salt Cure|p1a: Gliscor
|-damage|p1a: Gliscor|0 fnt
|faint|p1a: Gliscor
|
|upkeep
|
|t:|1760431377
|switch|p1a: Great Tusk|Great Tusk|100/100
|turn|7
|
|t:|1760431406
|switch|p2a: Pecharunt|Pecharunt|100/100
|move|p1a: Great Tusk|Headlong Rush|p2a: Pecharunt
|-supereffective|p2a: Pecharunt
|-damage|p2a: Pecharunt|28/100
|-unboost|p1a: Great Tusk|def|1
|-unboost|p1a: Great Tusk|spd|1
|
|upkeep
|turn|8
|
|t:|1760431419
|move|p2a: Pecharunt|Parting Shot|p1a: Great Tusk
|-unboost|p1a: Great Tusk|atk|1
|-unboost|p1a: Great Tusk|spa|1
|
|t:|1760431424
|switch|p2a: Lokix|Lokix, F|100/100|[from] Parting Shot
|-damage|p2a: Lokix|84/100|[from] Spikes
|move|p1a: Great Tusk|Headlong Rush|p2a: Lokix
|-resisted|p2a: Lokix
|-damage|p2a: Lokix|52/100
|-unboost|p1a: Great Tusk|def|1
|-unboost|p1a: Great Tusk|spd|1
|
|upkeep
|turn|9
|
|t:|1760431434
|-end|p1a: Great Tusk|Protosynthesis|[silent]
|switch|p1a: Clefable|Clefable, M|100/100
|move|p2a: Lokix|U-turn|p1a: Clefable
|-resisted|p1a: Clefable
|-damage|p1a: Clefable|61/100
|
|t:|1760431442
|switch|p2a: Pecharunt|Pecharunt|28/100|[from] U-turn
|
|upkeep
|turn|10
|
|t:|1760431449
|move|p2a: Pecharunt|Recover|p2a: Pecharunt
|-heal|p2a: Pecharunt|78/100
|move|p1a: Clefable|Knock Off|p2a: Pecharunt
|-supereffective|p2a: Pecharunt
|-damage|p2a: Pecharunt|61/100
|-enditem|p2a: Pecharunt|Heavy-Duty Boots|[from] move: Knock Off|[of] p1a: Clefable
|
|upkeep
|turn|11
|
|t:|1760431459
|move|p2a: Pecharunt|Malignant Chain|p1a: Clefable
|-supereffective|p1a: Clefable
|-damage|p1a: Clefable|2/100
|-status|p1a: Clefable|tox
|-start|p1a: Clefable|confusion|[from] ability: Poison Puppeteer|[of] p2a: Pecharunt
|-activate|p1a: Clefable|confusion
|-damage|p1a: Clefable|0 fnt|[from] confusion
|faint|p1a: Clefable
|
|upkeep
|
|t:|1760431469
|switch|p1a: Dragapult|Dragapult, M|100/100
|-damage|p1a: Dragapult|88/100|[from] Stealth Rock
|turn|12
|
|t:|1760431477
|switch|p2a: Garganacl|Garganacl, F|87/100
|-damage|p2a: Garganacl|71/100|[from] Spikes
|move|p1a: Dragapult|Draco Meteor|p2a: Garganacl
|-damage|p2a: Garganacl|12/100
|-unboost|p1a: Dragapult|spa|2
|
|upkeep
|turn|13
|
|t:|1760431485
|switch|p2a: Great Tusk|Great Tusk|100/100
|move|p1a: Dragapult|Draco Meteor|p2a: Great Tusk
|-damage|p2a: Great Tusk|38/100
|-unboost|p1a: Dragapult|spa|2
|
|upkeep
|turn|14
|
|t:|1760431495
|move|p1a: Dragapult|Draco Meteor|p2a: Great Tusk
|-damage|p2a: Great Tusk|0 fnt
|-unboost|p1a: Dragapult|spa|2
|faint|p2a: Great Tusk
|-end|p2a: Great Tusk|Protosynthesis|[silent]
|
|upkeep
|
|t:|1760431501
|switch|p2a: Lokix|Lokix, F|52/100
|-damage|p2a: Lokix|36/100|[from] Spikes
|turn|15
|
|t:|1760431506
|move|p1a: Dragapult|Draco Meteor|p2a: Lokix
|-damage|p2a: Lokix|0 fnt
|faint|p2a: Lokix
|
|upkeep
|
|t:|1760431517
|switch|p2a: Hydrapple|Hydrapple, M|100/100
|turn|16
|
|t:|1760431523
|switch|p1a: Ambipom|Ambipom, F|100/100
|-damage|p1a: Ambipom|88/100|[from] Stealth Rock
|move|p2a: Hydrapple|Nasty Plot|p2a: Hydrapple
|-boost|p2a: Hydrapple|spa|2
|
|upkeep
|turn|17
|
|t:|1760431533
|move|p1a: Ambipom|Fake Out|p2a: Hydrapple
|-damage|p2a: Hydrapple|85/100
|cant|p2a: Hydrapple|flinch
|
|upkeep
|turn|18
|
|t:|1760431539
|move|p1a: Ambipom|U-turn|p2a: Hydrapple
|-supereffective|p2a: Hydrapple
|-crit|p2a: Hydrapple
|-damage|p2a: Hydrapple|47/100
|
|t:|1760431543
|switch|p1a: Dragapult|Dragapult, M|88/100|[from] U-turn
|-damage|p1a: Dragapult|76/100|[from] Stealth Rock
|move|p2a: Hydrapple|Nasty Plot|p2a: Hydrapple
|-boost|p2a: Hydrapple|spa|2
|
|upkeep
|turn|19
|
|t:|1760431552
|-terastallize|p2a: Hydrapple|Poison
|move|p1a: Dragapult|Draco Meteor|p2a: Hydrapple
|-damage|p2a: Hydrapple|0 fnt
|-unboost|p1a: Dragapult|spa|2
|faint|p2a: Hydrapple
|
|upkeep
|-message|NonFlushableToken forfeited.
|
|win|dgp1397
|raw|dgp1397's rating: 1136 &rarr; <strong>1157</strong><br />(+21 for winning)
|raw|NonFlushableToken's rating: 1087 &rarr; <strong>1067</strong><br />(-20 for losing)
|l|☆NonFlushableToken
|player|p2|
|l|☆dgp1397
|player|p1|
