|badge|p2|bronze|gen9ou|100-7
|uhtml|medal-msg|<div class="broadcast-blue">Curious what those medals under the avatar are? PS now has Ladder Seasons! For more information, check out the <a href="https://www.smogon.com/forums/threads/3740067/">thread on Smogon.</a></div>
|j|☆AjonymousNon
|j|☆ridlostar
|t:|1760302421
|gametype|singles
|player|p1|AjonymousNon|workerice|1853
|player|p2|ridlostar|hilbert|1893
|gen|9
|tier|[Gen 9] OU
|rated|
|rule|HP Percentage Mod: HP is shown in percentages
|rule|Endless Battle Clause: Forcing endless battles is banned
|rule|Species Clause: Limit one of each Pokémon
|rule|OHKO Clause: OHKO moves are banned
|rule|Evasion Items Clause: Evasion items are banned
|rule|Evasion Moves Clause: Evasion moves are banned
|rule|Evasion Abilities Clause: Evasion abilities are banned
|rule|Sleep Moves Clause: Sleep-inducing moves are banned
|clearpoke
|poke|p1|Great Tusk|
|poke|p1|Ogerpon-Cornerstone, F|
|poke|p1|Rillaboom, F|
|poke|p1|Tyranitar, M|
|poke|p1|Corviknight, F|
|poke|p1|Dragapult, F|
|poke|p2|Toedscruel, M|
|poke|p2|Darkrai|
|poke|p2|Cresselia, F|
|poke|p2|Clodsire, M|
|poke|p2|Dragonite, M|
|poke|p2|Alomomola, M|
|teampreview
|inactive|Battle timer is ON: inactive players will automatically lose when time's up. (requested by AjonymousNon)
|
|t:|1760302426
|teamsize|p1|6
|teamsize|p2|6
|start
|switch|p1a: Rillaboom|Rillaboom, F|100/100
|switch|p2a: Keanu Reeves|Darkrai|100/100
|-fieldstart|move: Grassy Terrain|[from] ability: Grassy Surge|[of] p1a: Rillaboom
|turn|1
|
|t:|1760302431
|switch|p1a: Tyranitar|Tyranitar, M|100/100
|-weather|Sandstorm|[from] ability: Sand Stream|[of] p1a: Tyranitar
|move|p2a: Keanu Reeves|Will-O-Wisp|p1a: Tyranitar
|-status|p1a: Tyranitar|brn
|
|-weather|Sandstorm|[upkeep]
|-damage|p2a: Keanu Reeves|94/100|[from] Sandstorm
|-heal|p2a: Keanu Reeves|100/100|[from] Grassy Terrain
|-damage|p1a: Tyranitar|94/100 brn|[from] brn
|upkeep
|turn|2
|
|t:|1760302441
|move|p2a: Keanu Reeves|Knock Off|p1a: Tyranitar
|-resisted|p1a: Tyranitar
|-damage|p1a: Tyranitar|80/100 brn
|-enditem|p1a: Tyranitar|Leftovers|[from] move: Knock Off|[of] p2a: Keanu Reeves
|move|p1a: Tyranitar|Knock Off|p2a: Keanu Reeves
|-resisted|p2a: Keanu Reeves
|-damage|p2a: Keanu Reeves|85/100
|-enditem|p2a: Keanu Reeves|Tanga Berry|[from] move: Knock Off|[of] p1a: Tyranitar
|
|-weather|Sandstorm|[upkeep]
|-damage|p2a: Keanu Reeves|79/100|[from] Sandstorm
|-heal|p2a: Keanu Reeves|85/100|[from] Grassy Terrain
|-heal|p1a: Tyranitar|86/100 brn|[from] Grassy Terrain
|-damage|p1a: Tyranitar|80/100 brn|[from] brn
|upkeep
|turn|3
|
|t:|1760302445
|move|p2a: Keanu Reeves|Drain Punch|p1a: Tyranitar
|-supereffective|p1a: Tyranitar
|-damage|p1a: Tyranitar|17/100 brn
|-heal|p2a: Keanu Reeves|100/100|[from] drain|[of] p1a: Tyranitar
|move|p1a: Tyranitar|Stealth Rock|p2a: Keanu Reeves
|-sidestart|p2: ridlostar|move: Stealth Rock
|
|-weather|Sandstorm|[upkeep]
|-damage|p2a: Keanu Reeves|94/100|[from] Sandstorm
|-heal|p2a: Keanu Reeves|100/100|[from] Grassy Terrain
|-heal|p1a: Tyranitar|23/100 brn|[from] Grassy Terrain
|-damage|p1a: Tyranitar|17/100 brn|[from] brn
|upkeep
|turn|4
|
|t:|1760302460
|switch|p1a: Corviknight|Corviknight, F|100/100
|-ability|p1a: Corviknight|Pressure
|move|p2a: Keanu Reeves|Ice Beam|p1a: Corviknight
|-damage|p1a: Corviknight|73/100
|-status|p1a: Corviknight|frz
|
|-weather|Sandstorm|[upkeep]
|-damage|p2a: Keanu Reeves|94/100|[from] Sandstorm
|-heal|p2a: Keanu Reeves|100/100|[from] Grassy Terrain
|upkeep
|turn|5
|
|t:|1760302464
|move|p2a: Keanu Reeves|Knock Off|p1a: Corviknight
|-crit|p1a: Corviknight
|-damage|p1a: Corviknight|38/100 frz
|-damage|p2a: Keanu Reeves|84/100|[from] item: Rocky Helmet|[of] p1a: Corviknight
|-enditem|p1a: Corviknight|Rocky Helmet|[from] move: Knock Off|[of] p2a: Keanu Reeves
|cant|p1a: Corviknight|frz
|
|-weather|none
|-heal|p2a: Keanu Reeves|90/100|[from] Grassy Terrain
|-fieldend|move: Grassy Terrain
|upkeep
|turn|6
|
|t:|1760302474
|switch|p2a: Squidward?|Toedscruel, M|100/100
|cant|p1a: Corviknight|frz
|
|upkeep
|turn|7
|
|t:|1760302479
|move|p2a: Squidward?|Earth Power|p1a: Corviknight
|-immune|p1a: Corviknight
|cant|p1a: Corviknight|frz
|
|upkeep
|turn|8
|
|t:|1760302482
|move|p2a: Squidward?|Rapid Spin|p1a: Corviknight
|-resisted|p1a: Corviknight
|-damage|p1a: Corviknight|35/100 frz
|-boost|p2a: Squidward?|spe|1
|-sideend|p2: ridlostar|Stealth Rock|[from] move: Rapid Spin|[of] p2a: Squidward?
|cant|p1a: Corviknight|frz
|
|upkeep
|turn|9
|
|t:|1760302491
|switch|p2a: him|Dragonite, M|100/100
|cant|p1a: Corviknight|frz
|
|upkeep
|turn|10
|
|t:|1760302493
|switch|p1a: Tyranitar|Tyranitar, M|17/100 brn
|-weather|Sandstorm|[from] ability: Sand Stream|[of] p1a: Tyranitar
|move|p2a: him|Dragon Dance|p2a: him
|-boost|p2a: him|atk|1
|-boost|p2a: him|spe|1
|
|-weather|Sandstorm|[upkeep]
|-damage|p2a: him|94/100|[from] Sandstorm
|-heal|p2a: him|100/100|[from] item: Leftovers
|-damage|p1a: Tyranitar|11/100 brn|[from] brn
|upkeep
|turn|11
|
|t:|1760302510
|move|p2a: him|Iron Head|p1a: Tyranitar
|-supereffective|p1a: Tyranitar
|-damage|p1a: Tyranitar|0 fnt
|faint|p1a: Tyranitar
|
|-weather|Sandstorm|[upkeep]
|-damage|p2a: him|94/100|[from] Sandstorm
|-heal|p2a: him|100/100|[from] item: Leftovers
|upkeep
|
|t:|1760302513
|switch|p1a: Dragapult|Dragapult, F|100/100
|turn|12
|
|t:|1760302521
|move|p2a: him|Outrage|p1a: Dragapult
|-supereffective|p1a: Dragapult
|-damage|p1a: Dragapult|0 fnt
|faint|p1a: Dragapult
|
|-weather|Sandstorm|[upkeep]
|-damage|p2a: him|94/100|[from] Sandstorm
|-heal|p2a: him|100/100|[from] item: Leftovers
|upkeep
|
|t:|1760302528
|switch|p1a: Ogerpon|Ogerpon-Cornerstone, F|100/100
|turn|13
|
|t:|1760302531
|move|p2a: him|Outrage|p1a: Ogerpon|[from] lockedmove
|-ability|p1a: Ogerpon|Sturdy
|-damage|p1a: Ogerpon|1/100
|-start|p2a: him|confusion|[fatigue]
|move|p1a: Ogerpon|Ivy Cudgel|p2a: him|[anim] Ivy Cudgel Rock
|-supereffective|p2a: him
|-crit|p2a: him
|-damage|p2a: him|10/100
|
|-weather|Sandstorm|[upkeep]
|-damage|p2a: him|4/100|[from] Sandstorm
|-heal|p2a: him|10/100|[from] item: Leftovers
|upkeep
|turn|14
|
|t:|1760302540
|switch|p2a: Squidward?|Toedscruel, M|100/100
|move|p1a: Ogerpon|Horn Leech|p2a: Squidward?
|-damage|p2a: Squidward?|30/100
|-heal|p1a: Ogerpon|38/100|[from] drain|[of] p2a: Squidward?
|
|-weather|none
|upkeep
|turn|15
|
|t:|1760302544
|move|p1a: Ogerpon|Horn Leech|p2a: Squidward?
|-damage|p2a: Squidward?|0 fnt
|-heal|p1a: Ogerpon|53/100|[from] drain|[of] p2a: Squidward?
|faint|p2a: Squidward?
|
|upkeep
|
|t:|1760302547
|switch|p2a: Keanu Reeves|Darkrai|90/100
|turn|16
|
|t:|1760302554
|switch|p1a: Corviknight|Corviknight, F|35/100 frz
|-ability|p1a: Corviknight|Pressure
|move|p2a: Keanu Reeves|Drain Punch|p1a: Corviknight
|-damage|p1a: Corviknight|22/100 frz
|-heal|p2a: Keanu Reeves|99/100|[from] drain|[of] p1a: Corviknight
|
|upkeep
|turn|17
|
|t:|1760302558
|move|p2a: Keanu Reeves|Ice Beam|p1a: Corviknight
|-damage|p1a: Corviknight|0 fnt
|faint|p1a: Corviknight
|
|upkeep
|
|t:|1760302562
|switch|p1a: Rillaboom|Rillaboom, F|100/100
|-fieldstart|move: Grassy Terrain|[from] ability: Grassy Surge|[of] p1a: Rillaboom
|turn|18
|
|t:|1760302569
|move|p2a: Keanu Reeves|Will-O-Wisp|p1a: Rillaboom
|-status|p1a: Rillaboom|brn
|move|p1a: Rillaboom|Wood Hammer|p2a: Keanu Reeves
|-damage|p2a: Keanu Reeves|6/100
|-damage|p1a: Rillaboom|75/100 brn|[from] Recoil
|
|-heal|p2a: Keanu Reeves|12/100|[from] Grassy Terrain
|-heal|p1a: Rillaboom|81/100 brn|[from] Grassy Terrain
|-damage|p1a: Rillaboom|75/100 brn|[from] brn
|upkeep
|turn|19
|
|t:|1760302584
|switch|p2a: Big Man|Clodsire, M|100/100
|move|p1a: Rillaboom|Wood Hammer|p2a: Big Man
|-damage|p2a: Big Man|51/100
|-damage|p1a: Rillaboom|53/100 brn|[from] Recoil
|
|-heal|p1a: Rillaboom|59/100 brn|[from] Grassy Terrain
|-heal|p2a: Big Man|58/100|[from] Grassy Terrain
|-heal|p2a: Big Man|64/100|[from] item: Leftovers
|-damage|p1a: Rillaboom|53/100 brn|[from] brn
|upkeep
|turn|20
|j| Ctannn
|
|t:|1760302590
|switch|p1a: Great Tusk|Great Tusk|100/100
|move|p2a: Big Man|Recover|p2a: Big Man
|-heal|p2a: Big Man|100/100
|
|upkeep
|turn|21
|
|t:|1760302593
|-end|p1a: Great Tusk|Protosynthesis|[silent]
|switch|p1a: Ogerpon|Ogerpon-Cornerstone, F|53/100
|move|p2a: Big Man|Toxic|p1a: Ogerpon
|-status|p1a: Ogerpon|tox
|
|-heal|p1a: Ogerpon|60/100 tox|[from] Grassy Terrain
|-damage|p1a: Ogerpon|53/100 tox|[from] psn
|upkeep
|turn|22
|-message|AjonymousNon forfeited.
|
|win|ridlostar
|raw|AjonymousNon's rating: 1853 &rarr; <strong>1835</strong><br />(-18 for losing)
|raw|ridlostar's rating: 1893 &rarr; <strong>1911</strong><br />(+18 for winning)
|l|☆AjonymousNon
|player|p1|
|l|☆ridlostar
|player|p2|
|l| Ctannn
