|j|☆dodino
|j|☆Playersmistakes
|t:|1760359553
|gametype|singles
|player|p1|dodino|lucas|1220
|player|p2|Playersmistakes|lyra|1298
|gen|9
|tier|[Gen 9] OU
|rated|
|rule|HP Percentage Mod: HP is shown in percentages
|rule|Endless Battle Clause: Forcing endless battles is banned
|rule|Species Clause: Limit one of each Pokémon
|rule|OHKO Clause: OHKO moves are banned
|rule|Evasion Items Clause: Evasion items are banned
|rule|Evasion Moves Clause: Evasion moves are banned
|rule|Evasion Abilities Clause: Evasion abilities are banned
|rule|Sleep Moves Clause: Sleep-inducing moves are banned
|clearpoke
|poke|p1|Cinderace, M|
|poke|p1|Minior|
|poke|p1|Ampharos, F|
|poke|p1|Azumarill, F|
|poke|p1|Chandelure, M|
|poke|p1|Reuniclus, F|
|poke|p2|Samurott-Hisui, M|
|poke|p2|Kyurem|
|poke|p2|Pecharunt|
|poke|p2|Gholdengo|
|poke|p2|Heatran, M|
|poke|p2|Zapdos|
|teampreview
|inactive|Battle timer is ON: inactive players will automatically lose when time's up. (requested by dodino)
|
|t:|1760359557
|teamsize|p1|6
|teamsize|p2|6
|start
|switch|p1a: 메테노|Minior, shiny|100/100
|switch|p2a: Samurott|Samurott-Hisui, M|100/100
|-formechange|p1a: 메테노|Minior-Meteor||[from] ability: Shields Down
|turn|1
|
|t:|1760359565
|move|p2a: Samurott|Ceaseless Edge|p1a: 메테노
|-damage|p1a: 메테노|22/100
|-sidestart|p1: dodino|Spikes
|move|p1a: 메테노|Shell Smash|p1a: 메테노
|-unboost|p1a: 메테노|def|1
|-unboost|p1a: 메테노|spd|1
|-boost|p1a: 메테노|atk|2
|-boost|p1a: 메테노|spa|2
|-boost|p1a: 메테노|spe|2
|-enditem|p1a: 메테노|White Herb
|-clearnegativeboost|p1a: 메테노|[silent]
|
|-formechange|p1a: 메테노|Minior||[from] ability: Shields Down
|upkeep
|turn|2
|
|t:|1760359580
|move|p2a: Samurott|Sucker Punch|p1a: 메테노
|-damage|p1a: 메테노|0 fnt
|faint|p1a: 메테노
|
|upkeep
|
|t:|1760359588
|switch|p1a: 전룡|Ampharos, F|100/100
|-damage|p1a: 전룡|88/100|[from] Spikes
|turn|3
|
|t:|1760359594
|move|p2a: Samurott|Ceaseless Edge|p1a: 전룡
|-damage|p1a: 전룡|35/100
|-sidestart|p1: dodino|Spikes
|move|p1a: 전룡|Magnetic Flux|p1a: 전룡
|-boost|p1a: 전룡|def|1
|-boost|p1a: 전룡|spd|1
|
|-heal|p1a: 전룡|42/100|[from] item: Leftovers
|upkeep
|turn|4
|
|t:|1760359607
|move|p2a: Samurott|Ceaseless Edge|p1a: 전룡
|-crit|p1a: 전룡
|-damage|p1a: 전룡|0 fnt
|-sidestart|p1: dodino|Spikes
|faint|p1a: 전룡
|
|upkeep
|
|t:|1760359614
|switch|p1a: 에이스번|Cinderace, M|100/100
|-damage|p1a: 에이스번|76/100|[from] Spikes
|turn|5
|
|t:|1760359619
|move|p1a: 에이스번|High Jump Kick|p2a: Samurott
|-start|p1a: 에이스번|typechange|Fighting|[from] ability: Libero
|-supereffective|p2a: Samurott
|-damage|p2a: Samurott|0 fnt
|faint|p2a: Samurott
|
|upkeep
|
|t:|1760359625
|switch|p2a: Zapdos|Zapdos|100/100
|turn|6
|
|t:|1760359631
|move|p1a: 에이스번|Court Change|p1a: 에이스번
|-swapsideconditions
|-activate|p1a: 에이스번|move: Court Change
|move|p2a: Zapdos|Discharge|p1a: 에이스번
|-damage|p1a: 에이스번|31/100
|
|upkeep
|turn|7
|
|t:|1760359637
|move|p1a: 에이스번|Pyro Ball|p2a: Zapdos
|-damage|p2a: Zapdos|72/100
|move|p2a: Zapdos|Discharge|p1a: 에이스번
|-damage|p1a: 에이스번|0 fnt
|faint|p1a: 에이스번
|
|upkeep
|
|t:|1760359645
|switch|p1a: 샹델라|Chandelure, M|100/100
|turn|8
|
|t:|1760359650
|move|p1a: 샹델라|Fire Blast|p2a: Zapdos
|-damage|p2a: Zapdos|9/100
|move|p2a: Zapdos|Hurricane|p1a: 샹델라
|-damage|p1a: 샹델라|32/100
|-start|p1a: 샹델라|confusion
|
|upkeep
|turn|9
|
|t:|1760359658
|-activate|p1a: 샹델라|confusion
|-damage|p1a: 샹델라|26/100|[from] confusion
|move|p2a: Zapdos|Roost|p2a: Zapdos
|-heal|p2a: Zapdos|59/100
|-singleturn|p2a: Zapdos|move: Roost
|
|upkeep
|turn|10
|
|t:|1760359665
|switch|p2a: Heatran|Heatran, M|100/100
|-damage|p2a: Heatran|76/100|[from] Spikes
|-end|p1a: 샹델라|confusion
|move|p1a: 샹델라|Fire Blast|p2a: Heatran
|-start|p2a: Heatran|ability: Flash Fire
|
|-heal|p2a: Heatran|82/100|[from] item: Leftovers
|upkeep
|turn|11
|
|t:|1760359672
|switch|p1a: 마릴리|Azumarill, F|100/100
|move|p2a: Heatran|Magma Storm|p1a: 마릴리|[miss]
|-miss|p2a: Heatran|p1a: 마릴리
|
|-heal|p2a: Heatran|88/100|[from] item: Leftovers
|upkeep
|turn|12
|
|t:|1760359689
|move|p2a: Heatran|Taunt|p1a: 마릴리
|-start|p1a: 마릴리|move: Taunt
|move|p1a: 마릴리|Aqua Tail|p2a: Heatran
|-supereffective|p2a: Heatran
|-damage|p2a: Heatran|0 fnt
|faint|p2a: Heatran
|
|upkeep
|
|t:|1760359695
|switch|p2a: Zapdos|Zapdos|59/100
|turn|13
|
|t:|1760359701
|-terastallize|p1a: 마릴리|Fire
|move|p2a: Zapdos|Discharge|p1a: 마릴리
|-damage|p1a: 마릴리|64/100
|move|p1a: 마릴리|Aqua Tail|p2a: Zapdos
|-damage|p2a: Zapdos|0 fnt
|faint|p2a: Zapdos
|
|upkeep
|
|t:|1760359707
|switch|p2a: Kyurem|Kyurem|100/100
|-damage|p2a: Kyurem|76/100|[from] Spikes
|-ability|p2a: Kyurem|Pressure
|turn|14
|
|t:|1760359718
|switch|p1a: 샹델라|Chandelure, M|26/100
|-terastallize|p2a: Kyurem|Ground
|move|p2a: Kyurem|Earth Power|p1a: 샹델라
|-supereffective|p1a: 샹델라
|-damage|p1a: 샹델라|0 fnt
|faint|p1a: 샹델라
|
|-heal|p2a: Kyurem|82/100|[from] item: Leftovers
|upkeep
|
|t:|1760359729
|switch|p1a: 마릴리|Azumarill, F, tera:Fire|64/100
|turn|15
|
|t:|1760359735
|move|p2a: Kyurem|Protect|p2a: Kyurem
|-singleturn|p2a: Kyurem|Protect
|move|p1a: 마릴리|Aqua Jet|p2a: Kyurem
|-activate|p2a: Kyurem|move: Protect
|
|-heal|p2a: Kyurem|88/100|[from] item: Leftovers
|upkeep
|turn|16
|
|t:|1760359738
|move|p1a: 마릴리|Aqua Jet|p2a: Kyurem
|-supereffective|p2a: Kyurem
|-damage|p2a: Kyurem|18/100
|move|p2a: Kyurem|Earth Power|p1a: 마릴리
|-supereffective|p1a: 마릴리
|-damage|p1a: 마릴리|0 fnt
|faint|p1a: 마릴리
|
|-heal|p2a: Kyurem|24/100|[from] item: Leftovers
|upkeep
|
|t:|1760359749
|switch|p1a: 란쿨루스|Reuniclus, F|100/100
|turn|17
|
|t:|1760359752
|switch|p2a: Gholdengo|Gholdengo|100/100
|-damage|p2a: Gholdengo|76/100|[from] Spikes
|move|p1a: 란쿨루스|Calm Mind|p1a: 란쿨루스
|-boost|p1a: 란쿨루스|spa|1
|-boost|p1a: 란쿨루스|spd|1
|
|-status|p1a: 란쿨루스|brn|[from] item: Flame Orb
|upkeep
|turn|18
|
|t:|1760359762
|move|p2a: Gholdengo|Nasty Plot|p2a: Gholdengo
|-boost|p2a: Gholdengo|spa|2
|move|p1a: 란쿨루스|Calm Mind|p1a: 란쿨루스
|-boost|p1a: 란쿨루스|spa|1
|-boost|p1a: 란쿨루스|spd|1
|
|upkeep
|turn|19
|
|t:|1760359770
|move|p2a: Gholdengo|Make It Rain|p1a: 란쿨루스
|-damage|p1a: 란쿨루스|27/100 brn
|-unboost|p2a: Gholdengo|spa|1
|move|p1a: 란쿨루스|Calm Mind|p1a: 란쿨루스
|-boost|p1a: 란쿨루스|spa|1
|-boost|p1a: 란쿨루스|spd|1
|
|upkeep
|turn|20
|
|t:|1760359779
|move|p2a: Gholdengo|Make It Rain|p1a: 란쿨루스
|-damage|p1a: 란쿨루스|0 fnt
|-unboost|p2a: Gholdengo|spa|1
|faint|p1a: 란쿨루스
|
|win|Playersmistakes
|raw|dodino's rating: 1220 &rarr; <strong>1201</strong><br />(-19 for losing)
|raw|Playersmistakes's rating: 1298 &rarr; <strong>1317</strong><br />(+19 for winning)
|l|☆dodino
|player|p1|
|l|☆Playersmistakes
|player|p2|
