|j|☆Mtrfenix2999
|j|☆Sorenn
|t:|1760311504
|gametype|singles
|player|p1|Mtrfenix2999|2|1195
|player|p2|Sorenn|mira|1182
|gen|9
|tier|[Gen 9] OU
|rated|
|rule|HP Percentage Mod: HP is shown in percentages
|rule|Endless Battle Clause: Forcing endless battles is banned
|rule|Species Clause: Limit one of each Pokémon
|rule|OHKO Clause: OHKO moves are banned
|rule|Evasion Items Clause: Evasion items are banned
|rule|Evasion Moves Clause: Evasion moves are banned
|rule|Evasion Abilities Clause: Evasion abilities are banned
|rule|Sleep Moves Clause: Sleep-inducing moves are banned
|clearpoke
|poke|p1|Farigiraf, M|
|poke|p1|Ogerpon-Wellspring, F|
|poke|p1|Jolteon, F|
|poke|p1|Typhlosion, F|
|poke|p1|Great Tusk|
|poke|p1|Skarmory, F|
|poke|p2|Maushold-Four|
|poke|p2|Meowscarada, M|
|poke|p2|Blissey, F|
|poke|p2|Cresselia, F|
|poke|p2|Quagsire, F|
|poke|p2|Dragapult, F|
|teampreview
|inactive|Battle timer is ON: inactive players will automatically lose when time's up. (requested by Sorenn)
|
|t:|1760311520
|teamsize|p1|6
|teamsize|p2|6
|start
|switch|p1a: Skarmory|Skarmory, F|100/100
|switch|p2a: Connie|Meowscarada, M, shiny|100/100
|turn|1
|inactive|Sorenn has 120 seconds left.
|
|t:|1760311565
|move|p2a: Connie|Knock Off|p1a: Skarmory
|-start|p2a: Connie|typechange|Dark|[from] ability: Protean
|-damage|p1a: Skarmory|52/100
|-enditem|p1a: Skarmory|Leftovers|[from] move: Knock Off|[of] p2a: Connie
|move|p1a: Skarmory|Stealth Rock|p2a: Connie
|-sidestart|p2: Sorenn|move: Stealth Rock
|
|upkeep
|turn|2
|
|t:|1760311575
|switch|p2a: Rose|Blissey, F, shiny|100/100
|-damage|p2a: Rose|88/100|[from] Stealth Rock
|move|p1a: Skarmory|Body Press|p2a: Rose
|-supereffective|p2a: Rose
|-damage|p2a: Rose|43/100
|
|upkeep
|turn|3
|
|t:|1760311597
|switch|p2a: Ymir|Dragapult, F|100/100
|-damage|p2a: Ymir|88/100|[from] Stealth Rock
|move|p1a: Skarmory|Brave Bird|p2a: Ymir
|-damage|p2a: Ymir|25/100
|-damage|p1a: Skarmory|30/100|[from] Recoil
|
|upkeep
|turn|4
|
|t:|1760311610
|move|p2a: Ymir|Shadow Ball|p1a: Skarmory
|-damage|p1a: Skarmory|0 fnt
|faint|p1a: Skarmory
|
|upkeep
|
|t:|1760311616
|switch|p1a: Farigiraf|Farigiraf, M|100/100
|turn|5
|
|t:|1760311621
|switch|p2a: Rose|Blissey, F, shiny|43/100
|-damage|p2a: Rose|30/100|[from] Stealth Rock
|move|p1a: Farigiraf|Nasty Plot|p1a: Farigiraf
|-boost|p1a: Farigiraf|spa|2
|
|upkeep
|turn|6
|
|t:|1760311629
|move|p2a: Rose|Trick|p1a: Farigiraf
|-activate|p2a: Rose|move: Trick|[of] p1a: Farigiraf
|-item|p1a: Farigiraf|Choice Band|[from] move: Trick
|-item|p2a: Rose|Leftovers|[from] move: Trick
|move|p1a: Farigiraf|Hyper Voice|p2a: Rose
|-damage|p2a: Rose|0 fnt
|faint|p2a: Rose
|
|upkeep
|
|t:|1760311632
|switch|p2a: Ymir|Dragapult, F|25/100
|-damage|p2a: Ymir|13/100|[from] Stealth Rock
|turn|7
|
|t:|1760311657
|switch|p1a: Jolteon|Jolteon, F|100/100
|move|p2a: Ymir|Draco Meteor|p1a: Jolteon
|-damage|p1a: Jolteon|0 fnt
|-unboost|p2a: Ymir|spa|2
|faint|p1a: Jolteon
|
|upkeep
|inactive|Mtrfenix2999 has 120 seconds left.
|
|t:|1760311674
|switch|p1a: Ogerpon|Ogerpon-Wellspring, F|100/100
|turn|8
|
|t:|1760311683
|switch|p2a: Connie|Meowscarada, M, shiny|100/100
|-damage|p2a: Connie|88/100|[from] Stealth Rock
|move|p1a: Ogerpon|Knock Off|p2a: Connie
|-resisted|p2a: Connie
|-damage|p2a: Connie|56/100
|-enditem|p2a: Connie|Choice Band|[from] move: Knock Off|[of] p1a: Ogerpon
|
|upkeep
|turn|9
|inactive|Mtrfenix2999 has 120 seconds left.
|
|t:|1760311709
|move|p2a: Connie|U-turn|p1a: Ogerpon
|-start|p2a: Connie|typechange|Bug|[from] ability: Protean
|-supereffective|p1a: Ogerpon
|-damage|p1a: Ogerpon|17/100
|
|t:|1760311717
|switch|p2a: Ymir|Dragapult, F|13/100|[from] U-turn
|-damage|p2a: Ymir|1/100|[from] Stealth Rock
|move|p1a: Ogerpon|Horn Leech|p2a: Ymir
|-resisted|p2a: Ymir
|-damage|p2a: Ymir|0 fnt
|-heal|p1a: Ogerpon|17/100|[from] drain|[of] p2a: Ymir
|faint|p2a: Ymir
|
|upkeep
|
|t:|1760311722
|switch|p2a: Historia|Maushold-Four|100/100
|-damage|p2a: Historia|88/100|[from] Stealth Rock
|turn|10
|inactive|Mtrfenix2999 has 120 seconds left.
|
|t:|1760311736
|move|p2a: Historia|Population Bomb|p1a: Ogerpon
|-damage|p1a: Ogerpon|3/100
|-damage|p1a: Ogerpon|0 fnt
|faint|p1a: Ogerpon
|-hitcount|p1: Ogerpon|2
|
|upkeep
|inactive|Mtrfenix2999 has 120 seconds left.
|
|t:|1760311744
|switch|p1a: Typhlosion|Typhlosion, F|100/100
|turn|11
|
|t:|1760311748
|-terastallize|p1a: Typhlosion|Fire
|-terastallize|p2a: Historia|Fire
|move|p1a: Typhlosion|Lava Plume|p2a: Historia
|-resisted|p2a: Historia
|-damage|p2a: Historia|50/100
|move|p2a: Historia|Population Bomb|p1a: Typhlosion
|-damage|p1a: Typhlosion|86/100
|-damage|p1a: Typhlosion|70/100
|-damage|p1a: Typhlosion|54/100
|-crit|p1a: Typhlosion
|-damage|p1a: Typhlosion|32/100
|-damage|p1a: Typhlosion|18/100
|-damage|p1a: Typhlosion|1/100
|-damage|p1a: Typhlosion|0 fnt
|faint|p1a: Typhlosion
|-hitcount|p1: Typhlosion|7
|
|upkeep
|inactive|Mtrfenix2999 has 120 seconds left.
|
|t:|1760311769
|switch|p1a: Great Tusk|Great Tusk|100/100
|turn|12
|inactive|Mtrfenix2999 has 120 seconds left.
|
|t:|1760311774
|move|p2a: Historia|Population Bomb|p1a: Great Tusk
|-damage|p1a: Great Tusk|94/100
|-damage|p1a: Great Tusk|86/100
|-damage|p1a: Great Tusk|79/100
|-damage|p1a: Great Tusk|73/100
|-damage|p1a: Great Tusk|66/100
|-damage|p1a: Great Tusk|60/100
|-damage|p1a: Great Tusk|53/100
|-damage|p1a: Great Tusk|45/100
|-damage|p1a: Great Tusk|39/100
|-damage|p1a: Great Tusk|32/100
|-hitcount|p1a: Great Tusk|10
|move|p1a: Great Tusk|Rapid Spin|p2a: Historia
|-damage|p2a: Historia|17/100
|-boost|p1a: Great Tusk|spe|1
|
|-heal|p1a: Great Tusk|38/100|[from] item: Leftovers
|upkeep
|turn|13
|inactive|Mtrfenix2999 has 120 seconds left.
|
|t:|1760311797
|move|p2a: Historia|Population Bomb|p1a: Great Tusk
|-damage|p1a: Great Tusk|31/100
|-damage|p1a: Great Tusk|24/100
|-damage|p1a: Great Tusk|17/100
|-damage|p1a: Great Tusk|11/100
|-damage|p1a: Great Tusk|4/100
|-damage|p1a: Great Tusk|0 fnt
|faint|p1a: Great Tusk
|-end|p1a: Great Tusk|Protosynthesis|[silent]
|-hitcount|p1: Great Tusk|6
|
|upkeep
|
|t:|1760311808
|switch|p1a: Farigiraf|Farigiraf, M|100/100
|turn|14
|
|t:|1760311823
|move|p2a: Historia|Population Bomb|p1a: Farigiraf
|-damage|p1a: Farigiraf|90/100
|-damage|p1a: Farigiraf|80/100
|-damage|p1a: Farigiraf|69/100
|-damage|p1a: Farigiraf|59/100
|-damage|p1a: Farigiraf|49/100
|-damage|p1a: Farigiraf|40/100
|-damage|p1a: Farigiraf|30/100
|-damage|p1a: Farigiraf|19/100
|-damage|p1a: Farigiraf|8/100
|-damage|p1a: Farigiraf|0 fnt
|faint|p1a: Farigiraf
|-hitcount|p1: Farigiraf|10
|
|win|Sorenn
|raw|Mtrfenix2999's rating: 1195 &rarr; <strong>1169</strong><br />(-26 for losing)
|raw|Sorenn's rating: 1182 &rarr; <strong>1208</strong><br />(+26 for winning)
|l|☆Mtrfenix2999
|player|p1|
|l|☆Sorenn
|player|p2|
