|j|☆hoons
|j|☆yyzxx
|t:|1760342580
|gametype|singles
|player|p1|hoons|102|1577
|player|p2|yyzxx|1|1527
|gen|9
|tier|[Gen 9] OU
|rated|
|rule|HP Percentage Mod: HP is shown in percentages
|rule|Endless Battle Clause: Forcing endless battles is banned
|rule|Species Clause: Limit one of each Pokémon
|rule|OHKO Clause: OHKO moves are banned
|rule|Evasion Items Clause: Evasion items are banned
|rule|Evasion Moves Clause: Evasion moves are banned
|rule|Evasion Abilities Clause: Evasion abilities are banned
|rule|Sleep Moves Clause: Sleep-inducing moves are banned
|clearpoke
|poke|p1|Scizor, M|
|poke|p1|Tyranitar, M|
|poke|p1|Amoonguss, F|
|poke|p1|Gliscor, M|
|poke|p1|Zapdos|
|poke|p1|Gholdengo|
|poke|p2|Rillaboom, M|
|poke|p2|Serperior, F|
|poke|p2|Heatran, F|
|poke|p2|Great Tusk|
|poke|p2|Zamazenta-*|
|poke|p2|Gholdengo|
|teampreview
|
|t:|1760342593
|teamsize|p1|6
|teamsize|p2|6
|start
|switch|p1a: Scizor|Scizor, M|100/100
|switch|p2a: Rillaboom|Rillaboom, M|100/100
|-fieldstart|move: Grassy Terrain|[from] ability: Grassy Surge|[of] p2a: Rillaboom
|turn|1
|
|t:|1760342601
|move|p2a: Rillaboom|Swords Dance|p2a: Rillaboom
|-boost|p2a: Rillaboom|atk|2
|move|p1a: Scizor|Knock Off|p2a: Rillaboom
|-damage|p2a: Rillaboom|44/100
|-enditem|p2a: Rillaboom|Life Orb|[from] move: Knock Off|[of] p1a: Scizor
|
|-heal|p2a: Rillaboom|50/100|[from] Grassy Terrain
|upkeep
|turn|2
|
|t:|1760342617
|switch|p1a: Amoonguss|Amoonguss, F|100/100
|move|p2a: Rillaboom|Knock Off|p1a: Amoonguss
|-damage|p1a: Amoonguss|42/100
|-enditem|p1a: Amoonguss|Assault Vest|[from] move: Knock Off|[of] p2a: Rillaboom
|
|-heal|p2a: Rillaboom|56/100|[from] Grassy Terrain
|-heal|p1a: Amoonguss|48/100|[from] Grassy Terrain
|upkeep
|turn|3
|
|t:|1760342663
|switch|p1a: Zapdos|Zapdos|100/100
|move|p2a: Rillaboom|Swords Dance|p2a: Rillaboom
|-boost|p2a: Rillaboom|atk|2
|
|-heal|p2a: Rillaboom|62/100|[from] Grassy Terrain
|upkeep
|turn|4
|
|t:|1760342667
|move|p2a: Rillaboom|Knock Off|p1a: Zapdos
|-damage|p1a: Zapdos|19/100
|-enditem|p1a: Zapdos|Heavy-Duty Boots|[from] move: Knock Off|[of] p2a: Rillaboom
|move|p1a: Zapdos|Hurricane|p2a: Rillaboom
|-supereffective|p2a: Rillaboom
|-damage|p2a: Rillaboom|0 fnt
|faint|p2a: Rillaboom
|
|upkeep
|
|t:|1760342674
|switch|p2a: Serperior|Serperior, F|100/100
|turn|5
|
|t:|1760342678
|switch|p1a: Amoonguss|Amoonguss, F|81/100
|move|p2a: Serperior|Leaf Storm|p1a: Amoonguss
|-resisted|p1a: Amoonguss
|-damage|p1a: Amoonguss|67/100
|-boost|p2a: Serperior|spa|2
|
|-heal|p1a: Amoonguss|73/100|[from] Grassy Terrain
|-fieldend|move: Grassy Terrain
|upkeep
|turn|6
|
|t:|1760342685
|switch|p2a: Heatran|Heatran, F|100/100
|-item|p2a: Heatran|Air Balloon
|move|p1a: Amoonguss|Clear Smog|p2a: Heatran
|-immune|p2a: Heatran
|
|upkeep
|turn|7
|
|t:|1760342690
|switch|p1a: Tyranitar|Tyranitar, M|100/100
|-weather|Sandstorm|[from] ability: Sand Stream|[of] p1a: Tyranitar
|move|p2a: Heatran|Magma Storm|p1a: Tyranitar|[miss]
|-miss|p2a: Heatran|p1a: Tyranitar
|
|-weather|Sandstorm|[upkeep]
|upkeep
|turn|8
|
|t:|1760342697
|switch|p2a: Great Tusk|Great Tusk|100/100
|-enditem|p2a: Great Tusk|Booster Energy
|-activate|p2a: Great Tusk|ability: Protosynthesis|[fromitem]
|-start|p2a: Great Tusk|protosynthesisspe
|move|p1a: Tyranitar|Stealth Rock|p2a: Great Tusk
|-sidestart|p2: yyzxx|move: Stealth Rock
|
|-weather|Sandstorm|[upkeep]
|upkeep
|turn|9
|
|t:|1760342703
|switch|p1a: Gliscor|Gliscor, M|100/100
|move|p2a: Great Tusk|Bulk Up|p2a: Great Tusk
|-boost|p2a: Great Tusk|atk|1
|-boost|p2a: Great Tusk|def|1
|
|-weather|Sandstorm|[upkeep]
|-status|p1a: Gliscor|tox|[from] item: Toxic Orb
|upkeep
|turn|10
|
|t:|1760342711
|move|p2a: Great Tusk|Bulk Up|p2a: Great Tusk
|-boost|p2a: Great Tusk|atk|1
|-boost|p2a: Great Tusk|def|1
|move|p1a: Gliscor|Toxic|p2a: Great Tusk
|-status|p2a: Great Tusk|tox
|
|-weather|Sandstorm|[upkeep]
|-damage|p2a: Great Tusk|94/100 tox|[from] psn
|upkeep
|turn|11
|
|t:|1760342720
|move|p1a: Gliscor|Protect|p1a: Gliscor
|-singleturn|p1a: Gliscor|Protect
|move|p2a: Great Tusk|Ice Spinner|p1a: Gliscor
|-activate|p1a: Gliscor|move: Protect
|
|-weather|none
|-damage|p2a: Great Tusk|82/100 tox|[from] psn
|upkeep
|turn|12
|
|t:|1760342735
|-terastallize|p1a: Gliscor|Normal
|move|p2a: Great Tusk|Ice Spinner|p1a: Gliscor
|-damage|p1a: Gliscor|74/100 tox
|move|p1a: Gliscor|Spikes|p2a: Great Tusk
|-sidestart|p2: yyzxx|Spikes
|
|-damage|p2a: Great Tusk|63/100 tox|[from] psn
|-heal|p1a: Gliscor|86/100 tox|[from] ability: Poison Heal
|upkeep
|turn|13
|
|t:|1760342744
|move|p2a: Great Tusk|Rapid Spin|p1a: Gliscor
|-damage|p1a: Gliscor|69/100 tox
|-boost|p2a: Great Tusk|spe|1
|-sideend|p2: yyzxx|Spikes|[from] move: Rapid Spin|[of] p2a: Great Tusk
|-sideend|p2: yyzxx|Stealth Rock|[from] move: Rapid Spin|[of] p2a: Great Tusk
|move|p1a: Gliscor|Earthquake|p2a: Great Tusk
|-damage|p2a: Great Tusk|53/100 tox
|
|-damage|p2a: Great Tusk|28/100 tox|[from] psn
|-heal|p1a: Gliscor|81/100 tox|[from] ability: Poison Heal
|upkeep
|turn|14
|
|t:|1760342752
|move|p1a: Gliscor|Protect|p1a: Gliscor
|-singleturn|p1a: Gliscor|Protect
|move|p2a: Great Tusk|Headlong Rush|p1a: Gliscor
|-activate|p1a: Gliscor|move: Protect
|
|-damage|p2a: Great Tusk|0 fnt|[from] psn
|faint|p2a: Great Tusk
|-end|p2a: Great Tusk|Protosynthesis|[silent]
|-heal|p1a: Gliscor|94/100 tox|[from] ability: Poison Heal
|upkeep
|
|t:|1760342755
|switch|p2a: Serperior|Serperior, F|100/100
|turn|15
|
|t:|1760342762
|switch|p1a: Amoonguss|Amoonguss, F|100/100
|move|p2a: Serperior|Leaf Storm|p1a: Amoonguss
|-resisted|p1a: Amoonguss
|-damage|p1a: Amoonguss|89/100
|-boost|p2a: Serperior|spa|2
|
|upkeep
|turn|16
|
|t:|1760342765
|switch|p2a: Heatran|Heatran, F|100/100
|-item|p2a: Heatran|Air Balloon
|move|p1a: Amoonguss|Foul Play|p2a: Heatran
|-damage|p2a: Heatran|85/100
|-enditem|p2a: Heatran|Air Balloon
|
|upkeep
|turn|17
|
|t:|1760342769
|switch|p1a: Tyranitar|Tyranitar, M|100/100
|-weather|Sandstorm|[from] ability: Sand Stream|[of] p1a: Tyranitar
|move|p2a: Heatran|Magma Storm|p1a: Tyranitar
|-resisted|p1a: Tyranitar
|-damage|p1a: Tyranitar|89/100
|-activate|p1a: Tyranitar|move: Magma Storm|[of] p2a: Heatran
|
|-weather|Sandstorm|[upkeep]
|-damage|p1a: Tyranitar|77/100|[from] move: Magma Storm|[partiallytrapped]
|upkeep
|turn|18
|
|t:|1760342775
|move|p2a: Heatran|Stealth Rock|p1a: Tyranitar
|-sidestart|p1: hoons|move: Stealth Rock
|move|p1a: Tyranitar|Stealth Rock|p2a: Heatran
|-sidestart|p2: yyzxx|move: Stealth Rock
|
|-weather|Sandstorm|[upkeep]
|-damage|p1a: Tyranitar|65/100|[from] move: Magma Storm|[partiallytrapped]
|upkeep
|turn|19
|
|t:|1760342780
|move|p2a: Heatran|Earth Power|p1a: Tyranitar
|-supereffective|p1a: Tyranitar
|-damage|p1a: Tyranitar|39/100
|move|p1a: Tyranitar|Thunder Wave|p2a: Heatran
|-status|p2a: Heatran|par
|
|-weather|Sandstorm|[upkeep]
|-damage|p1a: Tyranitar|27/100|[from] move: Magma Storm|[partiallytrapped]
|upkeep
|turn|20
|
|t:|1760342790
|move|p2a: Heatran|Magma Storm|p1a: Tyranitar
|-resisted|p1a: Tyranitar
|-damage|p1a: Tyranitar|16/100
|move|p1a: Tyranitar|Roar|p2a: Heatran
|drag|p2a: Serperior|Serperior, F|100/100
|-damage|p2a: Serperior|88/100|[from] Stealth Rock
|
|-weather|Sandstorm|[upkeep]
|-damage|p2a: Serperior|82/100|[from] Sandstorm
|-end|p1a: Tyranitar|Magma Storm|[partiallytrapped]|[silent]
|upkeep
|turn|21
|
|t:|1760342797
|switch|p1a: Amoonguss|Amoonguss, F|100/100
|-damage|p1a: Amoonguss|88/100|[from] Stealth Rock
|move|p2a: Serperior|Leaf Storm|p1a: Amoonguss
|-resisted|p1a: Amoonguss
|-damage|p1a: Amoonguss|76/100
|-boost|p2a: Serperior|spa|2
|
|-weather|none
|upkeep
|turn|22
|
|t:|1760342803
|switch|p1a: Gliscor|Gliscor, M, tera:Normal|94/100 tox
|-damage|p1a: Gliscor|81/100 tox|[from] Stealth Rock
|move|p2a: Serperior|Leaf Storm|p1a: Gliscor
|-damage|p1a: Gliscor|0 fnt
|-boost|p2a: Serperior|spa|2
|faint|p1a: Gliscor
|
|upkeep
|
|t:|1760342806
|switch|p1a: Amoonguss|Amoonguss, F|100/100
|-damage|p1a: Amoonguss|88/100|[from] Stealth Rock
|turn|23
|
|t:|1760342813
|move|p2a: Serperior|Leaf Storm|p1a: Amoonguss
|-resisted|p1a: Amoonguss
|-damage|p1a: Amoonguss|55/100
|-boost|p2a: Serperior|spa|2
|move|p1a: Amoonguss|Foul Play|p2a: Serperior
|-damage|p2a: Serperior|64/100
|
|upkeep
|turn|24
|
|t:|1760342822
|switch|p2a: Heatran|Heatran, F|85/100 par
|-damage|p2a: Heatran|73/100 par|[from] Stealth Rock
|move|p1a: Amoonguss|Clear Smog|p2a: Heatran
|-immune|p2a: Heatran
|
|upkeep
|turn|25
|
|t:|1760342826
|switch|p1a: Tyranitar|Tyranitar, M|16/100
|-weather|Sandstorm|[from] ability: Sand Stream|[of] p1a: Tyranitar
|move|p2a: Heatran|Magma Storm|p1a: Tyranitar
|-resisted|p1a: Tyranitar
|-damage|p1a: Tyranitar|6/100
|-activate|p1a: Tyranitar|move: Magma Storm|[of] p2a: Heatran
|
|-weather|Sandstorm|[upkeep]
|-damage|p1a: Tyranitar|0 fnt|[from] move: Magma Storm|[partiallytrapped]
|faint|p1a: Tyranitar
|upkeep
|
|t:|1760342832
|switch|p1a: Gholdengo|Gholdengo|100/100
|-damage|p1a: Gholdengo|94/100|[from] Stealth Rock
|turn|26
|
|t:|1760342836
|move|p1a: Gholdengo|Focus Blast|p2a: Heatran|[miss]
|-miss|p1a: Gholdengo|p2a: Heatran
|move|p2a: Heatran|Magma Storm|p1a: Gholdengo
|-supereffective|p1a: Gholdengo
|-damage|p1a: Gholdengo|0 fnt
|faint|p1a: Gholdengo
|
|-weather|Sandstorm|[upkeep]
|upkeep
|
|t:|1760342839
|switch|p1a: Scizor|Scizor, M|100/100
|-damage|p1a: Scizor|88/100|[from] Stealth Rock
|turn|27
|
|t:|1760342847
|move|p1a: Scizor|Close Combat|p2a: Heatran
|-supereffective|p2a: Heatran
|-damage|p2a: Heatran|0 fnt
|-unboost|p1a: Scizor|def|1
|-unboost|p1a: Scizor|spd|1
|faint|p2a: Heatran
|
|-weather|Sandstorm|[upkeep]
|upkeep
|
|t:|1760342856
|switch|p2a: Zamazenta|Zamazenta|100/100
|-damage|p2a: Zamazenta|94/100|[from] Stealth Rock
|-ability|p2a: Zamazenta|Dauntless Shield|boost
|-boost|p2a: Zamazenta|def|1
|turn|28
|
|t:|1760342859
|switch|p1a: Zapdos|Zapdos|19/100
|-damage|p1a: Zapdos|0 fnt|[from] Stealth Rock
|faint|p1a: Zapdos
|move|p2a: Zamazenta|Iron Defense|p2a: Zamazenta
|-boost|p2a: Zamazenta|def|2
|
|-weather|Sandstorm|[upkeep]
|-damage|p2a: Zamazenta|88/100|[from] Sandstorm
|-heal|p2a: Zamazenta|94/100|[from] item: Leftovers
|upkeep
|
|t:|1760342861
|switch|p1a: Amoonguss|Amoonguss, F|88/100
|-damage|p1a: Amoonguss|75/100|[from] Stealth Rock
|turn|29
|
|t:|1760342868
|move|p2a: Zamazenta|Body Press|p1a: Amoonguss
|-resisted|p1a: Amoonguss
|-damage|p1a: Amoonguss|42/100
|move|p1a: Amoonguss|Clear Smog|p2a: Zamazenta
|-damage|p2a: Zamazenta|82/100
|-clearboost|p2a: Zamazenta
|
|-weather|none
|-heal|p2a: Zamazenta|88/100|[from] item: Leftovers
|upkeep
|turn|30
|
|t:|1760342876
|switch|p2a: Gholdengo|Gholdengo|100/100
|-damage|p2a: Gholdengo|94/100|[from] Stealth Rock
|move|p1a: Amoonguss|Foul Play|p2a: Gholdengo
|-supereffective|p2a: Gholdengo
|-damage|p2a: Gholdengo|76/100
|
|upkeep
|turn|31
|
|t:|1760342883
|move|p2a: Gholdengo|Nasty Plot|p2a: Gholdengo
|-boost|p2a: Gholdengo|spa|2
|move|p1a: Amoonguss|Foul Play|p2a: Gholdengo
|-supereffective|p2a: Gholdengo
|-damage|p2a: Gholdengo|56/100
|
|upkeep
|turn|32
|
|t:|1760342886
|move|p2a: Gholdengo|Shadow Ball|p1a: Amoonguss
|-damage|p1a: Amoonguss|0 fnt
|faint|p1a: Amoonguss
|
|upkeep
|
|t:|1760342889
|switch|p1a: Scizor|Scizor, M|88/100
|-damage|p1a: Scizor|76/100|[from] Stealth Rock
|turn|33
|
|t:|1760342892
|move|p1a: Scizor|Bullet Punch|p2a: Gholdengo
|-resisted|p2a: Gholdengo
|-damage|p2a: Gholdengo|38/100
|move|p2a: Gholdengo|Shadow Ball|p1a: Scizor
|-damage|p1a: Scizor|0 fnt
|faint|p1a: Scizor
|
|win|yyzxx
|raw|hoons's rating: 1577 &rarr; <strong>1554</strong><br />(-23 for losing)
|raw|yyzxx's rating: 1527 &rarr; <strong>1550</strong><br />(+23 for winning)
|l|☆yyzxx
|player|p2|
|l|☆hoons
|player|p1|
