|j|☆quantumblaster
|j|☆Heliolower
|t:|1760331267
|gametype|singles
|player|p1|quantumblaster|hilbert-wonderlauncher|1298
|player|p2|Heliolower|1|1262
|gen|9
|tier|[Gen 9] OU
|rated|
|rule|HP Percentage Mod: HP is shown in percentages
|rule|Endless Battle Clause: Forcing endless battles is banned
|rule|Species Clause: Limit one of each Pokémon
|rule|OHKO Clause: OHKO moves are banned
|rule|Evasion Items Clause: Evasion items are banned
|rule|Evasion Moves Clause: Evasion moves are banned
|rule|Evasion Abilities Clause: Evasion abilities are banned
|rule|Sleep Moves Clause: Sleep-inducing moves are banned
|clearpoke
|poke|p1|Pelipper, M|
|poke|p1|Walking Wake|
|poke|p1|Thundurus-Therian, M|
|poke|p1|Barraskewda, M|
|poke|p1|Masquerain, M|
|poke|p1|Overqwil, M|
|poke|p2|Deoxys-Speed|
|poke|p2|Samurott-Hisui, F|
|poke|p2|Pecharunt|
|poke|p2|Great Tusk|
|poke|p2|Darkrai|
|poke|p2|Scizor, F|
|teampreview
|inactive|Battle timer is ON: inactive players will automatically lose when time's up. (requested by Heliolower)
|
|t:|1760331272
|teamsize|p1|6
|teamsize|p2|6
|start
|switch|p1a: Masquerain|Masquerain, M|100/100
|switch|p2a: Samurott|Samurott-Hisui, F|100/100
|-ability|p1a: Masquerain|Intimidate|boost
|-unboost|p2a: Samurott|atk|1
|turn|1
|
|t:|1760331283
|move|p2a: Samurott|Ceaseless Edge|p1a: Masquerain
|-damage|p1a: Masquerain|61/100
|-sidestart|p1: quantumblaster|Spikes
|move|p1a: Masquerain|Sticky Web|p2a: Samurott
|-sidestart|p2: Heliolower|move: Sticky Web
|
|upkeep
|turn|2
|
|t:|1760331290
|move|p2a: Samurott|Ceaseless Edge|p1a: Masquerain
|-damage|p1a: Masquerain|17/100
|-sidestart|p1: quantumblaster|Spikes
|move|p1a: Masquerain|U-turn|p2a: Samurott
|-supereffective|p2a: Samurott
|-crit|p2a: Samurott
|-damage|p2a: Samurott|46/100
|
|t:|1760331297
|switch|p1a: Pelipper|Pelipper, M|100/100|[from] U-turn
|-weather|RainDance|[from] ability: Drizzle|[of] p1a: Pelipper
|
|-weather|RainDance|[upkeep]
|upkeep
|turn|3
|
|t:|1760331307
|move|p2a: Samurott|Ceaseless Edge|p1a: Pelipper
|-damage|p1a: Pelipper|80/100
|-sidestart|p1: quantumblaster|Spikes
|move|p1a: Pelipper|U-turn|p2a: Samurott
|-supereffective|p2a: Samurott
|-damage|p2a: Samurott|23/100
|inactive|quantumblaster has 120 seconds left.
|
|t:|1760331339
|switch|p1a: Overqwil|Overqwil, M|100/100|[from] U-turn
|-damage|p1a: Overqwil|76/100|[from] Spikes
|
|-weather|RainDance|[upkeep]
|upkeep
|turn|4
|
|t:|1760331346
|switch|p2a: Scizor|Scizor, F|100/100
|-activate|p2a: Scizor|move: Sticky Web
|-unboost|p2a: Scizor|spe|1
|move|p1a: Overqwil|Swords Dance|p1a: Overqwil
|-boost|p1a: Overqwil|atk|2
|
|-weather|RainDance|[upkeep]
|upkeep
|turn|5
|
|t:|1760331354
|move|p2a: Scizor|Bullet Punch|p1a: Overqwil
|-crit|p1a: Overqwil
|-damage|p1a: Overqwil|0 fnt
|faint|p1a: Overqwil
|
|-weather|RainDance|[upkeep]
|upkeep
|
|t:|1760331366
|switch|p1a: Masquerain|Masquerain, M|17/100
|-ability|p1a: Masquerain|Intimidate|boost
|-unboost|p2a: Scizor|atk|1
|turn|6
|
|t:|1760331373
|switch|p1a: Thundurus|Thundurus-Therian, M|100/100
|move|p2a: Scizor|Bullet Punch|p1a: Thundurus
|-resisted|p1a: Thundurus
|-damage|p1a: Thundurus|73/100
|
|-weather|RainDance|[upkeep]
|upkeep
|turn|7
|
|t:|1760331381
|switch|p2a: Pecharunt|Pecharunt|100/100
|-item|p2a: Pecharunt|Air Balloon
|move|p1a: Thundurus|Nasty Plot|p1a: Thundurus
|-boost|p1a: Thundurus|spa|2
|
|-weather|RainDance|[upkeep]
|upkeep
|turn|8
|
|t:|1760331390
|move|p1a: Thundurus|Thunder|p2a: Pecharunt
|-damage|p2a: Pecharunt|0 fnt
|-enditem|p2a: Pecharunt|Air Balloon
|faint|p2a: Pecharunt
|
|-weather|RainDance|[upkeep]
|upkeep
|
|t:|1760331396
|switch|p2a: Darkrai|Darkrai|100/100
|-activate|p2a: Darkrai|move: Sticky Web
|-unboost|p2a: Darkrai|spe|1
|turn|9
|
|t:|1760331402
|move|p2a: Darkrai|Ice Beam|p1a: Thundurus
|-supereffective|p1a: Thundurus
|-damage|p1a: Thundurus|0 fnt
|faint|p1a: Thundurus
|
|-weather|none
|upkeep
|
|t:|1760331405
|switch|p1a: Pelipper|Pelipper, M|80/100
|-weather|RainDance|[from] ability: Drizzle|[of] p1a: Pelipper
|turn|10
|
|t:|1760331410
|switch|p2a: Great Tusk|Great Tusk|100/100
|move|p1a: Pelipper|U-turn|p2a: Great Tusk
|-resisted|p2a: Great Tusk
|-damage|p2a: Great Tusk|97/100
|
|t:|1760331421
|switch|p1a: Barraskewda|Barraskewda, M|100/100|[from] U-turn
|
|-weather|RainDance|[upkeep]
|upkeep
|turn|11
|
|t:|1760331430
|-end|p2a: Great Tusk|Protosynthesis|[silent]
|switch|p2a: Samurott|Samurott-Hisui, F|23/100
|-activate|p2a: Samurott|move: Sticky Web
|-unboost|p2a: Samurott|spe|1
|move|p1a: Barraskewda|Liquidation|p2a: Samurott
|-resisted|p2a: Samurott
|-damage|p2a: Samurott|0 fnt
|faint|p2a: Samurott
|
|-weather|RainDance|[upkeep]
|upkeep
|
|t:|1760331438
|switch|p2a: Scizor|Scizor, F|100/100
|-activate|p2a: Scizor|move: Sticky Web
|-unboost|p2a: Scizor|spe|1
|turn|12
|
|t:|1760331446
|-terastallize|p2a: Scizor|Steel
|move|p2a: Scizor|Bullet Punch|p1a: Barraskewda
|-resisted|p1a: Barraskewda
|-damage|p1a: Barraskewda|38/100
|move|p1a: Barraskewda|Flip Turn|p2a: Scizor
|-damage|p2a: Scizor|43/100
|
|t:|1760331454
|switch|p1a: Pelipper|Pelipper, M|80/100|[from] Flip Turn
|
|-weather|RainDance|[upkeep]
|upkeep
|turn|13
|
|t:|1760331461
|switch|p2a: Deoxys|Deoxys-Speed|100/100
|-activate|p2a: Deoxys|move: Sticky Web
|-unboost|p2a: Deoxys|spe|1
|-ability|p2a: Deoxys|Pressure
|-enditem|p2a: Deoxys|Eject Pack
|
|t:|1760331464
|switch|p2a: Great Tusk|Great Tusk|97/100
|move|p1a: Pelipper|Knock Off|p2a: Great Tusk
|-resisted|p2a: Great Tusk
|-crit|p2a: Great Tusk
|-damage|p2a: Great Tusk|91/100
|-enditem|p2a: Great Tusk|Heavy-Duty Boots|[from] move: Knock Off|[of] p1a: Pelipper
|
|-weather|RainDance|[upkeep]
|upkeep
|turn|14
|
|t:|1760331477
|switch|p1a: Masquerain|Masquerain, M|17/100
|-ability|p1a: Masquerain|Intimidate|boost
|-unboost|p2a: Great Tusk|atk|1
|move|p2a: Great Tusk|Rapid Spin|p1a: Masquerain
|-damage|p1a: Masquerain|0 fnt
|-boost|p2a: Great Tusk|spe|1
|-sideend|p2: Heliolower|Sticky Web|[from] move: Rapid Spin|[of] p2a: Great Tusk
|faint|p1a: Masquerain
|
|-weather|RainDance|[upkeep]
|upkeep
|
|t:|1760331487
|switch|p1a: Barraskewda|Barraskewda, M|38/100
|turn|15
|
|t:|1760331496
|move|p1a: Barraskewda|Liquidation|p2a: Great Tusk
|-supereffective|p2a: Great Tusk
|-damage|p2a: Great Tusk|0 fnt
|faint|p2a: Great Tusk
|-end|p2a: Great Tusk|Protosynthesis|[silent]
|
|-weather|RainDance|[upkeep]
|upkeep
|
|t:|1760331498
|switch|p2a: Deoxys|Deoxys-Speed|100/100
|-ability|p2a: Deoxys|Pressure
|turn|16
|
|t:|1760331509
|move|p1a: Barraskewda|Liquidation|p2a: Deoxys
|-damage|p2a: Deoxys|0 fnt
|faint|p2a: Deoxys
|
|-weather|RainDance|[upkeep]
|upkeep
|
|t:|1760331511
|switch|p2a: Scizor|Scizor, F, tera:Steel|43/100
|turn|17
|
|t:|1760331522
|move|p1a: Barraskewda|Aqua Jet|p2a: Scizor
|-damage|p2a: Scizor|5/100
|move|p2a: Scizor|Bullet Punch|p1a: Barraskewda
|-resisted|p1a: Barraskewda
|-damage|p1a: Barraskewda|0 fnt
|faint|p1a: Barraskewda
|
|-weather|none
|upkeep
|
|t:|1760331526
|switch|p1a: Pelipper|Pelipper, M|80/100
|-weather|RainDance|[from] ability: Drizzle|[of] p1a: Pelipper
|turn|18
|
|t:|1760331532
|move|p2a: Scizor|Bullet Punch|p1a: Pelipper
|-resisted|p1a: Pelipper
|-damage|p1a: Pelipper|52/100
|move|p1a: Pelipper|Surf|p2a: Scizor
|-damage|p2a: Scizor|0 fnt
|faint|p2a: Scizor
|
|-weather|RainDance|[upkeep]
|upkeep
|
|t:|1760331534
|switch|p2a: Darkrai|Darkrai|100/100
|turn|19
|
|t:|1760331551
|move|p2a: Darkrai|Dark Pulse|p1a: Pelipper
|-damage|p1a: Pelipper|0 fnt
|faint|p1a: Pelipper
|
|-weather|RainDance|[upkeep]
|upkeep
|
|t:|1760331553
|switch|p1a: Walking Wake|Walking Wake|100/100
|-damage|p1a: Walking Wake|76/100|[from] Spikes
|turn|20
|
|t:|1760331565
|-terastallize|p1a: Walking Wake|Water
|move|p2a: Darkrai|Dark Pulse|p1a: Walking Wake
|-damage|p1a: Walking Wake|23/100
|move|p1a: Walking Wake|Weather Ball|p2a: Darkrai
|-crit|p2a: Darkrai
|-damage|p2a: Darkrai|0 fnt
|faint|p2a: Darkrai
|
|win|quantumblaster
|raw|quantumblaster's rating: 1298 &rarr; <strong>1320</strong><br />(+22 for winning)
|raw|Heliolower's rating: 1262 &rarr; <strong>1240</strong><br />(-22 for losing)
|l|☆Heliolower
|player|p2|
|l|☆quantumblaster
|player|p1|
