|j|☆Honky Destroyer
|j|☆ProboZap
|t:|1760386385
|gametype|singles
|player|p1|Honky Destroyer|nita|1284
|player|p2|ProboZap|thorton|1317
|gen|9
|tier|[Gen 9] OU
|rated|
|rule|HP Percentage Mod: HP is shown in percentages
|rule|Endless Battle Clause: Forcing endless battles is banned
|rule|Species Clause: Limit one of each Pokémon
|rule|OHKO Clause: OHKO moves are banned
|rule|Evasion Items Clause: Evasion items are banned
|rule|Evasion Moves Clause: Evasion moves are banned
|rule|Evasion Abilities Clause: Evasion abilities are banned
|rule|Sleep Moves Clause: Sleep-inducing moves are banned
|clearpoke
|poke|p1|Excadrill, F|
|poke|p1|Tyranitar, M|
|poke|p1|Blaziken, F|
|poke|p1|Ogerpon-Wellspring, F|
|poke|p1|Zapdos|
|poke|p1|Dragapult, F|
|poke|p2|Ditto|
|poke|p2|Empoleon, F|
|poke|p2|Hydreigon, M|
|poke|p2|Dragonite, M|
|poke|p2|Mamoswine, M|
|poke|p2|Hatterene, F|
|teampreview
|inactive|Battle timer is ON: inactive players will automatically lose when time's up. (requested by Honky Destroyer)
|
|t:|1760386395
|teamsize|p1|6
|teamsize|p2|6
|start
|switch|p1a: PR|Zapdos, shiny|100/100
|switch|p2a: Empoleon|Empoleon, F|100/100
|turn|1
|
|t:|1760386403
|move|p1a: PR|U-turn|p2a: Empoleon
|-resisted|p2a: Empoleon
|-damage|p2a: Empoleon|94/100
|
|t:|1760386407
|switch|p1a: Dior|Excadrill, F|100/100|[from] U-turn
|move|p2a: Empoleon|Flip Turn|p1a: Dior
|-supereffective|p1a: Dior
|-damage|p1a: Dior|53/100
|
|t:|1760386420
|switch|p2a: Hydreigon|Hydreigon, M|100/100|[from] Flip Turn
|
|upkeep
|turn|2
|
|t:|1760386430
|switch|p1a: 50|Tyranitar, M|100/100
|-weather|Sandstorm|[from] ability: Sand Stream|[of] p1a: 50
|move|p2a: Hydreigon|Earth Power|p1a: 50
|-supereffective|p1a: 50
|-damage|p1a: 50|65/100
|
|-weather|Sandstorm|[upkeep]
|-damage|p2a: Hydreigon|94/100|[from] Sandstorm
|upkeep
|turn|3
|
|t:|1760386446
|switch|p2a: Dragonite|Dragonite, M|100/100
|switch|p1a: PR|Zapdos, shiny|100/100
|
|-weather|Sandstorm|[upkeep]
|-damage|p2a: Dragonite|94/100|[from] Sandstorm
|-damage|p1a: PR|94/100|[from] Sandstorm
|upkeep
|turn|4
|
|t:|1760386462
|switch|p1a: These Walls|Dragapult, F|100/100
|move|p2a: Dragonite|Outrage|p1a: These Walls
|-supereffective|p1a: These Walls
|-crit|p1a: These Walls
|-damage|p1a: These Walls|0 fnt
|faint|p1a: These Walls
|
|-weather|Sandstorm|[upkeep]
|-damage|p2a: Dragonite|88/100|[from] Sandstorm
|upkeep
|
|t:|1760386469
|switch|p1a: PR|Zapdos, shiny|94/100
|turn|5
|
|t:|1760386471
|move|p2a: Dragonite|Outrage|p1a: PR|[from] lockedmove
|-damage|p1a: PR|23/100
|move|p1a: PR|Discharge|p2a: Dragonite
|-damage|p2a: Dragonite|54/100
|-status|p2a: Dragonite|par
|
|-weather|Sandstorm|[upkeep]
|-damage|p1a: PR|17/100|[from] Sandstorm
|-damage|p2a: Dragonite|48/100 par|[from] Sandstorm
|upkeep
|turn|6
|
|t:|1760386481
|move|p1a: PR|Discharge|p2a: Dragonite
|-damage|p2a: Dragonite|10/100 par
|move|p2a: Dragonite|Outrage|p1a: PR|[from] lockedmove
|-damage|p1a: PR|0 fnt
|faint|p1a: PR
|-start|p2a: Dragonite|confusion|[fatigue]
|
|-weather|none
|upkeep
|
|t:|1760386498
|switch|p1a: Future Wellspring|Ogerpon-Wellspring, F|100/100
|turn|7
|
|t:|1760386514
|move|p1a: Future Wellspring|Horn Leech|p2a: Dragonite
|-resisted|p2a: Dragonite
|-damage|p2a: Dragonite|0 fnt
|faint|p2a: Dragonite
|
|upkeep
|
|t:|1760386519
|switch|p2a: Ditto|Ditto|100/100
|-transform|p2a: Ditto|p1a: Future Wellspring|[from] ability: Imposter
|turn|8
|
|t:|1760386546
|move|p2a: Ditto|Horn Leech|p1a: Future Wellspring
|-damage|p1a: Future Wellspring|55/100
|move|p1a: Future Wellspring|Horn Leech|p2a: Ditto
|-damage|p2a: Ditto|41/100
|-heal|p1a: Future Wellspring|84/100|[from] drain|[of] p2a: Ditto
|
|upkeep
|turn|9
|
|t:|1760386557
|move|p2a: Ditto|Horn Leech|p1a: Future Wellspring
|-damage|p1a: Future Wellspring|32/100
|-heal|p2a: Ditto|67/100|[from] drain|[of] p1a: Future Wellspring
|move|p1a: Future Wellspring|Horn Leech|p2a: Ditto
|-damage|p2a: Ditto|4/100
|-heal|p1a: Future Wellspring|64/100|[from] drain|[of] p2a: Ditto
|
|upkeep
|turn|10
|
|t:|1760386569
|switch|p2a: Empoleon|Empoleon, F|94/100
|move|p1a: Future Wellspring|Horn Leech|p2a: Empoleon
|-damage|p2a: Empoleon|47/100
|-heal|p1a: Future Wellspring|93/100|[from] drain|[of] p2a: Empoleon
|
|upkeep
|turn|11
|
|t:|1760386579
|move|p1a: Future Wellspring|Horn Leech|p2a: Empoleon
|-damage|p2a: Empoleon|4/100
|-heal|p1a: Future Wellspring|100/100|[from] drain|[of] p2a: Empoleon
|move|p2a: Empoleon|Stealth Rock|p1a: Future Wellspring
|-sidestart|p1: Honky Destroyer|move: Stealth Rock
|
|upkeep
|turn|12
|
|t:|1760386586
|move|p1a: Future Wellspring|Horn Leech|p2a: Empoleon
|-damage|p2a: Empoleon|0 fnt
|faint|p2a: Empoleon
|
|upkeep
|
|t:|1760386604
|switch|p2a: Mamoswine|Mamoswine, M|100/100
|turn|13
|
|t:|1760386625
|switch|p1a: 50|Tyranitar, M|65/100
|-damage|p1a: 50|52/100|[from] Stealth Rock
|-weather|Sandstorm|[from] ability: Sand Stream|[of] p1a: 50
|move|p2a: Mamoswine|Icicle Spear|p1a: 50
|-damage|p1a: 50|43/100
|-damage|p1a: 50|32/100
|-damage|p1a: 50|22/100
|-damage|p1a: 50|11/100
|-hitcount|p1a: 50|4
|
|-weather|Sandstorm|[upkeep]
|upkeep
|turn|14
|
|t:|1760386637
|move|p2a: Mamoswine|Substitute|p2a: Mamoswine
|-start|p2a: Mamoswine|Substitute
|-damage|p2a: Mamoswine|75/100
|move|p1a: 50|Knock Off|p2a: Mamoswine
|-end|p2a: Mamoswine|Substitute
|
|-weather|Sandstorm|[upkeep]
|upkeep
|turn|15
|
|t:|1760386648
|move|p2a: Mamoswine|Substitute|p2a: Mamoswine
|-start|p2a: Mamoswine|Substitute
|-damage|p2a: Mamoswine|50/100
|move|p1a: 50|Knock Off|p2a: Mamoswine
|-end|p2a: Mamoswine|Substitute
|
|-weather|Sandstorm|[upkeep]
|upkeep
|turn|16
|
|t:|1760386655
|move|p2a: Mamoswine|Substitute|p2a: Mamoswine
|-start|p2a: Mamoswine|Substitute
|-damage|p2a: Mamoswine|25/100
|move|p1a: 50|Knock Off|p2a: Mamoswine
|-end|p2a: Mamoswine|Substitute
|
|-weather|Sandstorm|[upkeep]
|upkeep
|turn|17
|
|t:|1760386669
|move|p2a: Mamoswine|Icicle Spear|p1a: 50
|-damage|p1a: 50|1/100
|-damage|p1a: 50|0 fnt
|faint|p1a: 50
|-hitcount|p1: 50|2
|
|-weather|none
|upkeep
|
|t:|1760386676
|switch|p1a: Future Wellspring|Ogerpon-Wellspring, F|100/100
|-damage|p1a: Future Wellspring|88/100|[from] Stealth Rock
|turn|18
|
|t:|1760386681
|move|p1a: Future Wellspring|Horn Leech|p2a: Mamoswine
|-supereffective|p2a: Mamoswine
|-damage|p2a: Mamoswine|0 fnt
|-heal|p1a: Future Wellspring|100/100|[from] drain|[of] p2a: Mamoswine
|faint|p2a: Mamoswine
|
|upkeep
|
|t:|1760386691
|switch|p2a: Hydreigon|Hydreigon, M|94/100
|turn|19
|
|t:|1760386704
|switch|p1a: Dior|Excadrill, F|53/100
|-damage|p1a: Dior|50/100|[from] Stealth Rock
|move|p2a: Hydreigon|Dark Pulse|p1a: Dior
|-damage|p1a: Dior|0 fnt
|faint|p1a: Dior
|
|upkeep
|
|t:|1760386708
|switch|p1a: Stir Fried|Blaziken, F, shiny|100/100
|-damage|p1a: Stir Fried|88/100|[from] Stealth Rock
|-item|p1a: Stir Fried|Air Balloon
|turn|20
|inactive|Honky Destroyer has 120 seconds left.
|
|t:|1760386758
|move|p2a: Hydreigon|Dark Pulse|p1a: Stir Fried
|-resisted|p1a: Stir Fried
|-damage|p1a: Stir Fried|44/100
|-enditem|p1a: Stir Fried|Air Balloon
|move|p1a: Stir Fried|Knock Off|p2a: Hydreigon
|-resisted|p2a: Hydreigon
|-damage|p2a: Hydreigon|77/100
|-enditem|p2a: Hydreigon|Choice Specs|[from] move: Knock Off|[of] p1a: Stir Fried
|
|-ability|p1a: Stir Fried|Speed Boost|boost
|-boost|p1a: Stir Fried|spe|1
|upkeep
|turn|21
|
|t:|1760386772
|move|p1a: Stir Fried|Close Combat|p2a: Hydreigon
|-supereffective|p2a: Hydreigon
|-damage|p2a: Hydreigon|0 fnt
|-unboost|p1a: Stir Fried|def|1
|-unboost|p1a: Stir Fried|spd|1
|faint|p2a: Hydreigon
|
|-ability|p1a: Stir Fried|Speed Boost|boost
|-boost|p1a: Stir Fried|spe|1
|upkeep
|
|t:|1760386775
|switch|p2a: Ditto|Ditto|4/100
|-transform|p2a: Ditto|p1a: Stir Fried|[from] ability: Imposter
|turn|22
|
|t:|1760386783
|move|p2a: Ditto|Close Combat|p1a: Stir Fried
|-damage|p1a: Stir Fried|0 fnt
|-unboost|p2a: Ditto|def|1
|-unboost|p2a: Ditto|spd|1
|faint|p1a: Stir Fried
|
|-ability|p2a: Ditto|Speed Boost|boost
|-boost|p2a: Ditto|spe|1
|upkeep
|
|t:|1760386787
|switch|p1a: Future Wellspring|Ogerpon-Wellspring, F|100/100
|-damage|p1a: Future Wellspring|88/100|[from] Stealth Rock
|turn|23
|inactive|Honky Destroyer has 120 seconds left.
|
|t:|1760386797
|-terastallize|p1a: Future Wellspring|Water
|detailschange|p1a: Future Wellspring|Ogerpon-Wellspring-Tera, F, tera:Water
|-ability|p1a: Future Wellspring|Embody Aspect (Wellspring)|boost
|-boost|p1a: Future Wellspring|spd|1
|move|p2a: Ditto|Close Combat|p1a: Future Wellspring
|-damage|p1a: Future Wellspring|15/100
|-unboost|p2a: Ditto|def|1
|-unboost|p2a: Ditto|spd|1
|move|p1a: Future Wellspring|Ivy Cudgel|p2a: Ditto|[anim] Ivy Cudgel Water
|-supereffective|p2a: Ditto
|-damage|p2a: Ditto|0 fnt
|faint|p2a: Ditto
|
|upkeep
|
|t:|1760386802
|switch|p2a: Hatterene|Hatterene, F|100/100
|turn|24
|
|t:|1760386824
|-terastallize|p2a: Hatterene|Poison
|move|p1a: Future Wellspring|Horn Leech|p2a: Hatterene
|-resisted|p2a: Hatterene
|-damage|p2a: Hatterene|80/100
|-heal|p1a: Future Wellspring|25/100|[from] drain|[of] p2a: Hatterene
|move|p2a: Hatterene|Reflect|p2a: Hatterene
|-sidestart|p2: ProboZap|Reflect
|
|upkeep
|turn|25
|
|t:|1760386830
|move|p1a: Future Wellspring|Encore|p2a: Hatterene
|move|p2a: Hatterene|Encore||[from] ability: Magic Bounce|[still]
|-fail|p2a: Hatterene
|move|p2a: Hatterene|Trick Room|p2a: Hatterene
|-fieldstart|move: Trick Room|[of] p2a: Hatterene
|
|upkeep
|turn|26
|c|☆ProboZap|bruh
|c|☆Honky Destroyer|damn
|c|☆Honky Destroyer|well ggs
|
|t:|1760386845
|move|p2a: Hatterene|Psychic Noise|p1a: Future Wellspring
|-damage|p1a: Future Wellspring|0 fnt
|faint|p1a: Future Wellspring
|detailschange|p1: Future Wellspring|Ogerpon-Wellspring, F|[silent]
|
|win|ProboZap
|raw|Honky Destroyer's rating: 1284 &rarr; <strong>1261</strong><br />(-23 for losing)
|raw|ProboZap's rating: 1317 &rarr; <strong>1335</strong><br />(+18 for winning)
|c|☆ProboZap|ggs mate
|l|☆Honky Destroyer
|player|p1|
