|j|☆310YM4N74N3R0
|j|☆purple pastels
|t:|1760313749
|gametype|singles
|player|p1|310YM4N74N3R0|pokemonrangerf|1481
|player|p2|purple pastels|doubleteam|1635
|gen|9
|tier|[Gen 9] OU
|rated|
|rule|HP Percentage Mod: HP is shown in percentages
|rule|Endless Battle Clause: Forcing endless battles is banned
|rule|Species Clause: Limit one of each Pokémon
|rule|OHKO Clause: OHKO moves are banned
|rule|Evasion Items Clause: Evasion items are banned
|rule|Evasion Moves Clause: Evasion moves are banned
|rule|Evasion Abilities Clause: Evasion abilities are banned
|rule|Sleep Moves Clause: Sleep-inducing moves are banned
|clearpoke
|poke|p1|Yanmega, F|
|poke|p1|Indeedee, M|
|poke|p1|Rillaboom, F|
|poke|p1|Blaziken, M|
|poke|p1|Blastoise, M|
|poke|p1|Tyranitar, F|
|poke|p2|Tornadus-Therian, M|
|poke|p2|Garchomp, F|
|poke|p2|Mimikyu, F|
|poke|p2|Ribombee, F|
|poke|p2|Lucario, F|
|poke|p2|Cresselia, F|
|teampreview
|inactive|Battle timer is ON: inactive players will automatically lose when time's up. (requested by purple pastels)
|
|t:|1760313782
|teamsize|p1|6
|teamsize|p2|6
|start
|switch|p1a: Indeedee|Indeedee, M|100/100
|switch|p2a: Ribombee|Ribombee, F|100/100
|-fieldstart|move: Psychic Terrain|[from] ability: Psychic Surge|[of] p1a: Indeedee
|turn|1
|
|t:|1760313790
|move|p2a: Ribombee|Trick|p1a: Indeedee
|-activate|p2a: Ribombee|move: Trick|[of] p1a: Indeedee
|-item|p1a: Indeedee|Choice Scarf|[from] move: Trick
|-item|p2a: Ribombee|Choice Scarf|[from] move: Trick
|move|p1a: Indeedee|Expanding Force|p2a: Ribombee
|-damage|p2a: Ribombee|0 fnt
|faint|p2a: Ribombee
|
|upkeep
|
|t:|1760313796
|switch|p2a: Cresselia|Cresselia, F|100/100
|turn|2
|
|t:|1760313802
|switch|p1a: Tyranitar|Tyranitar, F, shiny|100/100
|-weather|Sandstorm|[from] ability: Sand Stream|[of] p1a: Tyranitar
|move|p2a: Cresselia|Calm Mind|p2a: Cresselia
|-boost|p2a: Cresselia|spa|1
|-boost|p2a: Cresselia|spd|1
|
|-weather|Sandstorm|[upkeep]
|-damage|p2a: Cresselia|94/100|[from] Sandstorm
|-heal|p2a: Cresselia|100/100|[from] item: Leftovers
|upkeep
|turn|3
|
|t:|1760313808
|-terastallize|p2a: Cresselia|Poison
|move|p2a: Cresselia|Calm Mind|p2a: Cresselia
|-boost|p2a: Cresselia|spa|1
|-boost|p2a: Cresselia|spd|1
|move|p1a: Tyranitar|Dragon Dance|p1a: Tyranitar
|-boost|p1a: Tyranitar|atk|1
|-boost|p1a: Tyranitar|spe|1
|
|-weather|Sandstorm|[upkeep]
|-damage|p2a: Cresselia|94/100|[from] Sandstorm
|-heal|p2a: Cresselia|100/100|[from] item: Leftovers
|upkeep
|turn|4
|
|t:|1760313818
|move|p1a: Tyranitar|Stone Edge|p2a: Cresselia
|-damage|p2a: Cresselia|43/100
|move|p2a: Cresselia|Moonblast|p1a: Tyranitar
|-supereffective|p1a: Tyranitar
|-damage|p1a: Tyranitar|61/100
|
|-weather|Sandstorm|[upkeep]
|-damage|p2a: Cresselia|37/100|[from] Sandstorm
|-heal|p2a: Cresselia|43/100|[from] item: Leftovers
|upkeep
|turn|5
|
|t:|1760313824
|switch|p2a: Garchomp|Garchomp, F|100/100
|move|p1a: Tyranitar|Stone Edge|p2a: Garchomp
|-resisted|p2a: Garchomp
|-crit|p2a: Garchomp
|-damage|p2a: Garchomp|36/100
|
|-weather|Sandstorm|[upkeep]
|-fieldend|move: Psychic Terrain
|upkeep
|turn|6
|
|t:|1760313854
|switch|p1a: Rillaboom|Rillaboom, F|100/100
|-fieldstart|move: Grassy Terrain|[from] ability: Grassy Surge|[of] p1a: Rillaboom
|-enditem|p1a: Rillaboom|Grassy Seed
|-boost|p1a: Rillaboom|def|1|[from] item: Grassy Seed
|move|p2a: Garchomp|Earthquake|p1a: Rillaboom
|-resisted|p1a: Rillaboom
|-damage|p1a: Rillaboom|93/100
|
|-weather|none
|-heal|p2a: Garchomp|42/100|[from] Grassy Terrain
|-heal|p1a: Rillaboom|99/100|[from] Grassy Terrain
|upkeep
|turn|7
|
|t:|1760313862
|move|p2a: Garchomp|Stealth Rock|p1a: Rillaboom
|-sidestart|p1: 310YM4N74N3R0|move: Stealth Rock
|move|p1a: Rillaboom|Swords Dance|p1a: Rillaboom
|-boost|p1a: Rillaboom|atk|2
|
|-heal|p2a: Garchomp|48/100|[from] Grassy Terrain
|-heal|p1a: Rillaboom|100/100|[from] Grassy Terrain
|upkeep
|turn|8
|
|t:|1760313865
|move|p1a: Rillaboom|Grassy Glide|p2a: Garchomp
|-damage|p2a: Garchomp|0 fnt
|-damage|p1a: Rillaboom|88/100|[from] ability: Rough Skin|[of] p2a: Garchomp
|-damage|p1a: Rillaboom|72/100|[from] item: Rocky Helmet|[of] p2a: Garchomp
|faint|p2a: Garchomp
|
|-heal|p1a: Rillaboom|78/100|[from] Grassy Terrain
|upkeep
|
|t:|1760313869
|switch|p2a: Tornadus|Tornadus-Therian, M|100/100
|turn|9
|
|t:|1760313884
|switch|p1a: Tyranitar|Tyranitar, F, shiny|61/100
|-damage|p1a: Tyranitar|48/100|[from] Stealth Rock
|-weather|Sandstorm|[from] ability: Sand Stream|[of] p1a: Tyranitar
|move|p2a: Tornadus|Heat Wave|p1a: Tyranitar
|-resisted|p1a: Tyranitar
|-damage|p1a: Tyranitar|37/100
|-damage|p2a: Tornadus|91/100|[from] item: Life Orb
|
|-weather|Sandstorm|[upkeep]
|-damage|p2a: Tornadus|85/100|[from] Sandstorm
|-heal|p1a: Tyranitar|43/100|[from] Grassy Terrain
|upkeep
|turn|10
|
|t:|1760313890
|move|p2a: Tornadus|Grass Knot|p1a: Tyranitar
|-supereffective|p1a: Tyranitar
|-damage|p1a: Tyranitar|0 fnt
|faint|p1a: Tyranitar
|-damage|p2a: Tornadus|75/100|[from] item: Life Orb
|
|-weather|Sandstorm|[upkeep]
|-damage|p2a: Tornadus|69/100|[from] Sandstorm
|-fieldend|move: Grassy Terrain
|upkeep
|
|t:|1760313911
|switch|p1a: Blastoise|Blastoise, M|100/100
|-damage|p1a: Blastoise|88/100|[from] Stealth Rock
|turn|11
|
|t:|1760313914
|move|p2a: Tornadus|Grass Knot|p1a: Blastoise
|-supereffective|p1a: Blastoise
|-damage|p1a: Blastoise|23/100
|-damage|p2a: Tornadus|59/100|[from] item: Life Orb
|move|p1a: Blastoise|Shell Smash|p1a: Blastoise
|-unboost|p1a: Blastoise|def|1
|-unboost|p1a: Blastoise|spd|1
|-boost|p1a: Blastoise|atk|2
|-boost|p1a: Blastoise|spa|2
|-boost|p1a: Blastoise|spe|2
|
|-weather|Sandstorm|[upkeep]
|-damage|p1a: Blastoise|17/100|[from] Sandstorm
|-damage|p2a: Tornadus|53/100|[from] Sandstorm
|upkeep
|turn|12
|
|t:|1760313919
|move|p1a: Blastoise|Ice Beam|p2a: Tornadus
|-supereffective|p2a: Tornadus
|-damage|p2a: Tornadus|0 fnt
|faint|p2a: Tornadus
|-damage|p1a: Blastoise|7/100|[from] item: Life Orb
|
|-weather|Sandstorm|[upkeep]
|-damage|p1a: Blastoise|1/100|[from] Sandstorm
|upkeep
|
|t:|1760313921
|switch|p2a: Mimikyu|Mimikyu, F|100/100
|turn|13
|
|t:|1760313928
|switch|p1a: Indeedee|Indeedee, M|100/100
|-damage|p1a: Indeedee|88/100|[from] Stealth Rock
|-fieldstart|move: Psychic Terrain|[from] ability: Psychic Surge|[of] p1a: Indeedee
|move|p2a: Mimikyu|Shadow Sneak|p1a: Indeedee
|-activate|p1a: Indeedee|move: Psychic Terrain
|
|-weather|none
|upkeep
|turn|14
|
|t:|1760313939
|move|p1a: Indeedee|Expanding Force|p2a: Mimikyu
|-activate|p2a: Mimikyu|ability: Disguise
|-damage|p2a: Mimikyu|100/100
|detailschange|p2a: Mimikyu|Mimikyu-Busted, F
|-damage|p2a: Mimikyu|88/100|[from] pokemon: Mimikyu-Busted
|move|p2a: Mimikyu|Play Rough|p1a: Indeedee|[miss]
|-miss|p2a: Mimikyu|p1a: Indeedee
|
|upkeep
|turn|15
|
|t:|1760313944
|move|p1a: Indeedee|Expanding Force|p2a: Mimikyu
|-damage|p2a: Mimikyu|0 fnt
|faint|p2a: Mimikyu
|
|upkeep
|
|t:|1760313948
|switch|p2a: Lucario|Lucario, F|100/100
|turn|16
|
|t:|1760313950
|move|p1a: Indeedee|Expanding Force|p2a: Lucario
|-damage|p2a: Lucario|0 fnt
|faint|p2a: Lucario
|
|upkeep
|
|t:|1760313952
|switch|p2a: Cresselia|Cresselia, F, tera:Poison|43/100
|turn|17
|
|t:|1760313954
|move|p1a: Indeedee|Expanding Force|p2a: Cresselia
|-supereffective|p2a: Cresselia
|-damage|p2a: Cresselia|0 fnt
|faint|p2a: Cresselia
|
|win|310YM4N74N3R0
|raw|310YM4N74N3R0's rating: 1481 &rarr; <strong>1509</strong><br />(+28 for winning)
|raw|purple pastels's rating: 1635 &rarr; <strong>1607</strong><br />(-28 for losing)
|l|☆purple pastels
|player|p2|
|l|☆310YM4N74N3R0
|player|p1|
