|j|☆hallootjes
|j|☆kuraiyagare
|t:|1760389308
|gametype|singles
|player|p1|hallootjes|swimmer-gen1|1404
|player|p2|kuraiyagare|mars|1384
|gen|9
|tier|[Gen 9] OU
|rated|
|rule|HP Percentage Mod: HP is shown in percentages
|rule|Endless Battle Clause: Forcing endless battles is banned
|rule|Species Clause: Limit one of each Pokémon
|rule|OHKO Clause: OHKO moves are banned
|rule|Evasion Items Clause: Evasion items are banned
|rule|Evasion Moves Clause: Evasion moves are banned
|rule|Evasion Abilities Clause: Evasion abilities are banned
|rule|Sleep Moves Clause: Sleep-inducing moves are banned
|clearpoke
|poke|p1|Toucannon, F|
|poke|p1|Dragonite, F|
|poke|p1|Zamazenta-*|
|poke|p1|Iron Treads|
|poke|p1|Zapdos|
|poke|p1|Primarina, F|
|poke|p2|Bastiodon, M|
|poke|p2|Gardevoir, M|
|poke|p2|Talonflame, M|
|poke|p2|Lokix, F|
|poke|p2|Drifblim, F|
|poke|p2|Feraligatr, F|
|teampreview
|inactive|Battle timer is ON: inactive players will automatically lose when time's up. (requested by hallootjes)
|
|t:|1760389320
|teamsize|p1|6
|teamsize|p2|6
|start
|switch|p1a: Dragonite|Dragonite, F|100/100
|switch|p2a: Feraligatr|Feraligatr, F|100/100
|turn|1
|
|t:|1760389327
|move|p1a: Dragonite|Dragon Dance|p1a: Dragonite
|-boost|p1a: Dragonite|atk|1
|-boost|p1a: Dragonite|spe|1
|move|p2a: Feraligatr|Dragon Dance|p2a: Feraligatr
|-boost|p2a: Feraligatr|atk|1
|-boost|p2a: Feraligatr|spe|1
|
|upkeep
|turn|2
|
|t:|1760389342
|move|p1a: Dragonite|Scale Shot|p2a: Feraligatr
|-damage|p2a: Feraligatr|74/100
|-damage|p2a: Feraligatr|49/100
|-damage|p2a: Feraligatr|26/100
|-damage|p2a: Feraligatr|2/100
|-damage|p2a: Feraligatr|0 fnt
|faint|p2a: Feraligatr
|-hitcount|p2: Feraligatr|5
|-unboost|p1a: Dragonite|def|1
|-boost|p1a: Dragonite|spe|1
|
|upkeep
|
|t:|1760389352
|switch|p2a: Bastiodon|Bastiodon, M|100/100
|turn|3
|
|t:|1760389381
|switch|p1a: Zamazenta|Zamazenta|100/100
|-ability|p1a: Zamazenta|Dauntless Shield|boost
|-boost|p1a: Zamazenta|def|1
|move|p2a: Bastiodon|Metal Burst||[still]
|-fail|p2a: Bastiodon
|
|upkeep
|turn|4
|
|t:|1760389390
|move|p1a: Zamazenta|Crunch|p2a: Bastiodon
|-damage|p2a: Bastiodon|81/100
|move|p2a: Bastiodon|Stealth Rock|p1a: Zamazenta
|-sidestart|p1: hallootjes|move: Stealth Rock
|
|upkeep
|turn|5
|
|t:|1760389399
|move|p1a: Zamazenta|Crunch|p2a: Bastiodon
|-damage|p2a: Bastiodon|62/100
|-unboost|p2a: Bastiodon|def|1
|move|p2a: Bastiodon|Roar|p1a: Zamazenta
|drag|p1a: Zapdos|Zapdos|100/100
|-damage|p1a: Zapdos|76/100|[from] Stealth Rock
|
|upkeep
|turn|6
|
|t:|1760389414
|move|p1a: Zapdos|Thunderbolt|p2a: Bastiodon
|-damage|p2a: Bastiodon|10/100
|move|p2a: Bastiodon|Rest|p2a: Bastiodon
|-status|p2a: Bastiodon|slp|[from] move: Rest
|-heal|p2a: Bastiodon|100/100 slp|[silent]
|-enditem|p2a: Bastiodon|Chesto Berry|[eat]
|-curestatus|p2a: Bastiodon|slp|[msg]
|
|upkeep
|turn|7
|
|t:|1760389420
|move|p1a: Zapdos|Thunderbolt|p2a: Bastiodon
|-damage|p2a: Bastiodon|43/100
|move|p2a: Bastiodon|Metal Burst|p1a: Zapdos
|-damage|p1a: Zapdos|0 fnt
|faint|p1a: Zapdos
|
|upkeep
|
|t:|1760389430
|switch|p1a: Zamazenta|Zamazenta|100/100
|-damage|p1a: Zamazenta|94/100|[from] Stealth Rock
|turn|8
|
|t:|1760389441
|move|p1a: Zamazenta|Crunch|p2a: Bastiodon
|-damage|p2a: Bastiodon|10/100
|move|p2a: Bastiodon|Metal Burst|p1a: Zamazenta
|-damage|p1a: Zamazenta|45/100
|
|upkeep
|turn|9
|
|t:|1760389446
|move|p1a: Zamazenta|Crunch|p2a: Bastiodon
|-damage|p2a: Bastiodon|0 fnt
|faint|p2a: Bastiodon
|
|upkeep
|
|t:|1760389448
|switch|p2a: Drifflim|Drifblim, F|100/100
|turn|10
|
|t:|1760389450
|move|p1a: Zamazenta|Crunch|p2a: Drifflim
|-supereffective|p2a: Drifflim
|-damage|p2a: Drifflim|2/100
|-enditem|p2a: Drifflim|Weakness Policy
|-boost|p2a: Drifflim|atk|2|[from] item: Weakness Policy
|-boost|p2a: Drifflim|spa|2|[from] item: Weakness Policy
|move|p2a: Drifflim|Calm Mind|p2a: Drifflim
|-boost|p2a: Drifflim|spa|1
|-boost|p2a: Drifflim|spd|1
|
|upkeep
|turn|11
|
|t:|1760389454
|move|p2a: Drifflim|Shadow Ball|p1a: Zamazenta
|-crit|p1a: Zamazenta
|-damage|p1a: Zamazenta|0 fnt
|faint|p1a: Zamazenta
|
|upkeep
|inactive|hallootjes has 120 seconds left.
|
|t:|1760389485
|switch|p1a: Primarina|Primarina, F|100/100
|-damage|p1a: Primarina|88/100|[from] Stealth Rock
|turn|12
|
|t:|1760389492
|move|p2a: Drifflim|Thunderbolt|p1a: Primarina
|-supereffective|p1a: Primarina
|-damage|p1a: Primarina|21/100
|move|p1a: Primarina|Moonblast|p2a: Drifflim
|-damage|p2a: Drifflim|0 fnt
|faint|p2a: Drifflim
|
|upkeep
|
|t:|1760389502
|switch|p2a: avg linux user|Lokix, F|100/100
|turn|13
|
|t:|1760389506
|move|p2a: avg linux user|Knock Off|p1a: Primarina
|-resisted|p1a: Primarina
|-damage|p1a: Primarina|0 fnt
|-enditem|p1a: Primarina|Assault Vest|[from] move: Knock Off|[of] p2a: avg linux user
|faint|p1a: Primarina
|
|upkeep
|
|t:|1760389513
|switch|p1a: Toucannon|Toucannon, F|100/100
|-damage|p1a: Toucannon|76/100|[from] Stealth Rock
|turn|14
|
|t:|1760389534
|-singleturn|p1a: Toucannon|move: Beak Blast
|move|p2a: avg linux user|Sucker Punch|p1a: Toucannon
|-damage|p1a: Toucannon|27/100
|-status|p2a: avg linux user|brn
|move|p1a: Toucannon|Beak Blast|p2a: avg linux user
|-supereffective|p2a: avg linux user
|-damage|p2a: avg linux user|0 fnt
|faint|p2a: avg linux user
|
|upkeep
|
|t:|1760389543
|switch|p2a: Vatra|Talonflame, M|100/100
|turn|15
|
|t:|1760389551
|move|p2a: Vatra|Brave Bird|p1a: Toucannon
|-damage|p1a: Toucannon|0 fnt
|faint|p1a: Toucannon
|-damage|p2a: Vatra|90/100|[from] Recoil
|
|upkeep
|
|t:|1760389572
|switch|p1a: Dragonite|Dragonite, F|100/100
|-damage|p1a: Dragonite|76/100|[from] Stealth Rock
|turn|16
|inactive|kuraiyagare has 120 seconds left.
|
|t:|1760389620
|move|p2a: Vatra|Will-O-Wisp|p1a: Dragonite
|-status|p1a: Dragonite|brn
|move|p1a: Dragonite|Scale Shot|p2a: Vatra
|-damage|p2a: Vatra|80/100
|-damage|p2a: Vatra|69/100
|-damage|p2a: Vatra|57/100
|-damage|p2a: Vatra|46/100
|-hitcount|p2a: Vatra|4
|-unboost|p1a: Dragonite|def|1
|-boost|p1a: Dragonite|spe|1
|
|-damage|p1a: Dragonite|70/100 brn|[from] brn
|upkeep
|turn|17
|
|t:|1760389633
|switch|p2a: Gardenia|Gardevoir, M|100/100
|-ability|p2a: Gardenia|Multiscale|Trace|[from] ability: Trace|[of] p1a: Dragonite
|move|p1a: Dragonite|Dragon Dance|p1a: Dragonite
|-boost|p1a: Dragonite|atk|1
|-boost|p1a: Dragonite|spe|1
|
|-damage|p1a: Dragonite|63/100 brn|[from] brn
|upkeep
|turn|18
|inactive|kuraiyagare has 120 seconds left.
|
|t:|1760389653
|move|p1a: Dragonite|Fire Punch|p2a: Gardenia
|-damage|p2a: Gardenia|80/100
|move|p2a: Gardenia|Moonblast|p1a: Dragonite
|-supereffective|p1a: Dragonite
|-damage|p1a: Dragonite|0 fnt
|faint|p1a: Dragonite
|
|upkeep
|
|t:|1760389659
|switch|p1a: Iron Treads|Iron Treads|100/100
|-damage|p1a: Iron Treads|98/100|[from] Stealth Rock
|-item|p1a: Iron Treads|Air Balloon
|turn|19
|
|t:|1760389671
|move|p2a: Gardenia|Vacuum Wave|p1a: Iron Treads
|-supereffective|p1a: Iron Treads
|-damage|p1a: Iron Treads|56/100
|-enditem|p1a: Iron Treads|Air Balloon
|move|p1a: Iron Treads|Earthquake|p2a: Gardenia
|-damage|p2a: Gardenia|4/100
|
|upkeep
|turn|20
|
|t:|1760389680
|move|p2a: Gardenia|Vacuum Wave|p1a: Iron Treads
|-supereffective|p1a: Iron Treads
|-damage|p1a: Iron Treads|19/100
|move|p1a: Iron Treads|Rapid Spin|p2a: Gardenia
|-damage|p2a: Gardenia|0 fnt
|-boost|p1a: Iron Treads|spe|1
|-sideend|p1: hallootjes|Stealth Rock|[from] move: Rapid Spin|[of] p1a: Iron Treads
|faint|p2a: Gardenia
|
|upkeep
|
|t:|1760389684
|switch|p2a: Vatra|Talonflame, M|46/100
|turn|21
|
|t:|1760389701
|-terastallize|p1a: Iron Treads|Flying
|move|p1a: Iron Treads|Knock Off|p2a: Vatra
|-damage|p2a: Vatra|6/100
|-enditem|p2a: Vatra|Heavy-Duty Boots|[from] move: Knock Off|[of] p1a: Iron Treads
|move|p2a: Vatra|Flare Blitz|p1a: Iron Treads
|-damage|p1a: Iron Treads|0 fnt
|faint|p1a: Iron Treads
|-end|p1a: Iron Treads|Quark Drive|[silent]
|-damage|p2a: Vatra|0 fnt|[from] Recoil
|faint|p2a: Vatra
|
|win|kuraiyagare
|raw|hallootjes's rating: 1404 &rarr; <strong>1383</strong><br />(-21 for losing)
|raw|kuraiyagare's rating: 1384 &rarr; <strong>1405</strong><br />(+21 for winning)
|l|☆kuraiyagare
|player|p2|
|l|☆hallootjes
|player|p1|
