|j|☆mechamakachino
|j|☆Prav33n
|t:|1760423534
|gametype|singles
|player|p1|mechamakachino|266|1602
|player|p2|Prav33n|koga|1736
|gen|9
|tier|[Gen 9] OU
|rated|
|rule|HP Percentage Mod: HP is shown in percentages
|rule|Endless Battle Clause: Forcing endless battles is banned
|rule|Species Clause: Limit one of each Pokémon
|rule|OHKO Clause: OHKO moves are banned
|rule|Evasion Items Clause: Evasion items are banned
|rule|Evasion Moves Clause: Evasion moves are banned
|rule|Evasion Abilities Clause: Evasion abilities are banned
|rule|Sleep Moves Clause: Sleep-inducing moves are banned
|clearpoke
|poke|p1|Garganacl, F|
|poke|p1|Dragapult, F|
|poke|p1|Ogerpon-Wellspring, F|
|poke|p1|Moltres|
|poke|p1|Zamazenta-*|
|poke|p1|Iron Treads|
|poke|p2|Landorus-Therian, M|
|poke|p2|Cinderace, F|
|poke|p2|Zamazenta-*|
|poke|p2|Slowking-Galar, F|
|poke|p2|Ogerpon-Wellspring, F|
|poke|p2|Hydreigon, F|
|teampreview
|inactive|Battle timer is ON: inactive players will automatically lose when time's up. (requested by Prav33n)
|
|t:|1760423547
|teamsize|p1|6
|teamsize|p2|6
|start
|switch|p1a: Dragapult|Dragapult, F|100/100
|switch|p2a: Slowking|Slowking-Galar, F|100/100
|turn|1
|
|t:|1760423554
|move|p1a: Dragapult|Will-O-Wisp|p2a: Slowking
|-status|p2a: Slowking|brn
|move|p2a: Slowking|Ice Beam|p1a: Dragapult
|-supereffective|p1a: Dragapult
|-damage|p1a: Dragapult|20/100
|
|-damage|p2a: Slowking|94/100 brn|[from] brn
|upkeep
|turn|2
|
|t:|1760423558
|move|p1a: Dragapult|U-turn|p2a: Slowking
|-damage|p2a: Slowking|78/100 brn
|
|t:|1760423559
|switch|p1a: Iron Treads|Iron Treads|100/100|[from] U-turn
|move|p2a: Slowking|Psyshock|p1a: Iron Treads
|-resisted|p1a: Iron Treads
|-damage|p1a: Iron Treads|87/100
|
|-heal|p1a: Iron Treads|93/100|[from] item: Leftovers
|-damage|p2a: Slowking|72/100 brn|[from] brn
|upkeep
|turn|3
|
|t:|1760423563
|switch|p2a: Ogerpon|Ogerpon-Wellspring, F|100/100
|move|p1a: Iron Treads|Knock Off|p2a: Ogerpon
|-damage|p2a: Ogerpon|80/100
|
|-heal|p1a: Iron Treads|99/100|[from] item: Leftovers
|upkeep
|turn|4
|
|t:|1760423568
|-end|p1a: Iron Treads|Quark Drive|[silent]
|switch|p1a: Zamazenta|Zamazenta|100/100
|-ability|p1a: Zamazenta|Dauntless Shield|boost
|-boost|p1a: Zamazenta|def|1
|move|p2a: Ogerpon|Swords Dance|p2a: Ogerpon
|-boost|p2a: Ogerpon|atk|2
|
|upkeep
|turn|5
|
|t:|1760423579
|move|p1a: Zamazenta|Ice Fang|p2a: Ogerpon
|-damage|p2a: Ogerpon|50/100
|-status|p2a: Ogerpon|frz
|cant|p2a: Ogerpon|frz
|
|upkeep
|turn|6
|c|☆mechamakachino|mb
|
|t:|1760423587
|switch|p2a: Slowking|Slowking-Galar, F|100/100 brn
|move|p1a: Zamazenta|Close Combat|p2a: Slowking
|-resisted|p2a: Slowking
|-damage|p2a: Slowking|87/100 brn
|-unboost|p1a: Zamazenta|def|1
|-unboost|p1a: Zamazenta|spd|1
|
|-damage|p2a: Slowking|81/100 brn|[from] brn
|upkeep
|turn|7
|
|t:|1760423598
|move|p1a: Zamazenta|Crunch|p2a: Slowking
|-supereffective|p2a: Slowking
|-damage|p2a: Slowking|17/100 brn
|-unboost|p2a: Slowking|def|1
|move|p2a: Slowking|Psyshock|p1a: Zamazenta
|-supereffective|p1a: Zamazenta
|-damage|p1a: Zamazenta|33/100
|
|-damage|p2a: Slowking|11/100 brn|[from] brn
|upkeep
|turn|8
|
|t:|1760423608
|switch|p2a: Zamazenta|Zamazenta|100/100
|-ability|p2a: Zamazenta|Dauntless Shield|boost
|-boost|p2a: Zamazenta|def|1
|move|p1a: Zamazenta|Ice Fang|p2a: Zamazenta
|-damage|p2a: Zamazenta|91/100
|
|-heal|p2a: Zamazenta|97/100|[from] item: Leftovers
|upkeep
|turn|9
|
|t:|1760423617
|switch|p1a: Moltres|Moltres|100/100
|move|p2a: Zamazenta|Iron Defense|p2a: Zamazenta
|-boost|p2a: Zamazenta|def|2
|
|-heal|p2a: Zamazenta|100/100|[from] item: Leftovers
|upkeep
|turn|10
|
|t:|1760423628
|switch|p2a: Ogerpon|Ogerpon-Wellspring, F|50/100 frz
|switch|p1a: Ogerpon|Ogerpon-Wellspring, F|100/100
|
|upkeep
|turn|11
|
|t:|1760423633
|switch|p2a: Landorus|Landorus-Therian, M|100/100
|-ability|p2a: Landorus|Intimidate|boost
|-unboost|p1a: Ogerpon|atk|1
|move|p1a: Ogerpon|Trailblaze|p2a: Landorus
|-damage|p2a: Landorus|83/100
|-boost|p1a: Ogerpon|spe|1
|-damage|p1a: Ogerpon|84/100|[from] item: Rocky Helmet|[of] p2a: Landorus
|
|upkeep
|turn|12
|
|t:|1760423638
|move|p1a: Ogerpon|Swords Dance|p1a: Ogerpon
|-boost|p1a: Ogerpon|atk|2
|move|p2a: Landorus|U-turn|p1a: Ogerpon
|-supereffective|p1a: Ogerpon
|-damage|p1a: Ogerpon|36/100
|
|t:|1760423642
|switch|p2a: Hydreigon|Hydreigon, F|100/100|[from] U-turn
|
|upkeep
|turn|13
|
|t:|1760423647
|move|p1a: Ogerpon|Synthesis|p1a: Ogerpon
|-heal|p1a: Ogerpon|86/100
|move|p2a: Hydreigon|Draco Meteor|p1a: Ogerpon
|-damage|p1a: Ogerpon|0 fnt
|-unboost|p2a: Hydreigon|spa|2
|faint|p1a: Ogerpon
|
|upkeep
|
|t:|1760423652
|switch|p1a: Dragapult|Dragapult, F|20/100
|turn|14
|
|t:|1760423660
|move|p1a: Dragapult|Hex|p2a: Hydreigon
|-resisted|p2a: Hydreigon
|-damage|p2a: Hydreigon|83/100
|move|p2a: Hydreigon|Draco Meteor|p1a: Dragapult
|-supereffective|p1a: Dragapult
|-damage|p1a: Dragapult|0 fnt
|-unboost|p2a: Hydreigon|spa|2
|faint|p1a: Dragapult
|
|upkeep
|-message|mechamakachino forfeited.
|
|win|Prav33n
|raw|mechamakachino's rating: 1602 &rarr; <strong>1589</strong><br />(-13 for losing)
|raw|Prav33n's rating: 1736 &rarr; <strong>1749</strong><br />(+13 for winning)
|l|☆mechamakachino
|player|p1|
