|j|☆Grem1234567
|j|☆shoyo97
|t:|1760431407
|gametype|singles
|player|p1|Grem1234567|266|1209
|player|p2|shoyo97|265|1195
|gen|9
|tier|[Gen 9] OU
|rated|
|rule|HP Percentage Mod: HP is shown in percentages
|rule|Endless Battle Clause: Forcing endless battles is banned
|rule|Species Clause: Limit one of each Pokémon
|rule|OHKO Clause: OHKO moves are banned
|rule|Evasion Items Clause: Evasion items are banned
|rule|Evasion Moves Clause: Evasion moves are banned
|rule|Evasion Abilities Clause: Evasion abilities are banned
|rule|Sleep Moves Clause: Sleep-inducing moves are banned
|clearpoke
|poke|p1|Pecharunt|
|poke|p1|Zapdos|
|poke|p1|Araquanid, F|
|poke|p1|Ogerpon-Wellspring, F|
|poke|p1|Iron Treads|
|poke|p1|Cinderace, F|
|poke|p2|Tinkaton, F|
|poke|p2|Heatran, M|
|poke|p2|Dragonite, M|
|poke|p2|Great Tusk|
|poke|p2|Manaphy|
|poke|p2|Grimmsnarl, M|
|teampreview
|inactive|Battle timer is ON: inactive players will automatically lose when time's up. (requested by shoyo97)
|
|t:|1760431432
|teamsize|p1|6
|teamsize|p2|6
|start
|switch|p1a: Araquanid|Araquanid, F|100/100
|switch|p2a: Grimmsnarl|Grimmsnarl, M|100/100
|turn|1
|
|t:|1760431444
|move|p2a: Grimmsnarl|Reflect|p2a: Grimmsnarl
|-sidestart|p2: shoyo97|Reflect
|move|p1a: Araquanid|Liquidation|p2a: Grimmsnarl
|-crit|p2a: Grimmsnarl
|-damage|p2a: Grimmsnarl|7/100
|
|upkeep
|turn|2
|
|t:|1760431453
|switch|p2a: Manaphy|Manaphy|100/100
|move|p1a: Araquanid|Liquidation|p2a: Manaphy
|-resisted|p2a: Manaphy
|-damage|p2a: Manaphy|90/100
|
|-heal|p2a: Manaphy|96/100|[from] item: Leftovers
|upkeep
|turn|3
|
|t:|1760431460
|switch|p1a: Zapdos|Zapdos|100/100
|move|p2a: Manaphy|Take Heart|p2a: Manaphy
|-boost|p2a: Manaphy|spa|1
|-boost|p2a: Manaphy|spd|1
|
|-heal|p2a: Manaphy|100/100|[from] item: Leftovers
|upkeep
|turn|4
|
|t:|1760431466
|switch|p2a: Great Tusk|Great Tusk|100/100
|-enditem|p2a: Great Tusk|Booster Energy
|-activate|p2a: Great Tusk|ability: Protosynthesis|[fromitem]
|-start|p2a: Great Tusk|protosynthesisspe
|move|p1a: Zapdos|Volt Switch|p2a: Great Tusk
|-immune|p2a: Great Tusk
|
|upkeep
|turn|5
|
|t:|1760431480
|move|p2a: Great Tusk|Ice Spinner|p1a: Zapdos
|-supereffective|p1a: Zapdos
|-damage|p1a: Zapdos|54/100
|-damage|p2a: Great Tusk|84/100|[from] item: Rocky Helmet|[of] p1a: Zapdos
|move|p1a: Zapdos|Hurricane|p2a: Great Tusk
|-supereffective|p2a: Great Tusk
|-damage|p2a: Great Tusk|0 fnt
|faint|p2a: Great Tusk
|-end|p2a: Great Tusk|Protosynthesis|[silent]
|
|upkeep
|
|t:|1760431502
|switch|p2a: Grimmsnarl|Grimmsnarl, M|7/100
|turn|6
|
|t:|1760431508
|move|p2a: Grimmsnarl|Light Screen|p2a: Grimmsnarl
|-sidestart|p2: shoyo97|move: Light Screen
|move|p1a: Zapdos|Roost|p1a: Zapdos
|-heal|p1a: Zapdos|100/100
|-singleturn|p1a: Zapdos|move: Roost
|
|upkeep
|turn|7
|inactive|shoyo97 has 120 seconds left.
|
|t:|1760431540
|move|p1a: Zapdos|Volt Switch|p2a: Grimmsnarl
|-damage|p2a: Grimmsnarl|0 fnt
|faint|p2a: Grimmsnarl
|
|t:|1760431559
|switch|p1a: Iron Treads|Iron Treads|100/100|[from] Volt Switch
|
|upkeep
|inactive|shoyo97 has 120 seconds left.
|inactive|shoyo97 has 90 seconds left.
|inactive|shoyo97 has 60 seconds left.
|
|t:|1760431637
|switch|p2a: Manaphy|Manaphy|100/100
|turn|8
|
|t:|1760431642
|move|p1a: Iron Treads|Volt Switch|p2a: Manaphy
|-supereffective|p2a: Manaphy
|-crit|p2a: Manaphy
|-damage|p2a: Manaphy|59/100
|
|t:|1760431646
|-end|p1a: Iron Treads|Quark Drive|[silent]
|switch|p1a: Ogerpon|Ogerpon-Wellspring, F|100/100|[from] Volt Switch
|move|p2a: Manaphy|Take Heart|p2a: Manaphy
|-boost|p2a: Manaphy|spa|1
|-boost|p2a: Manaphy|spd|1
|
|-heal|p2a: Manaphy|66/100|[from] item: Leftovers
|-sideend|p2: shoyo97|Reflect
|upkeep
|turn|9
|inactive|shoyo97 has 60 seconds left.
|
|t:|1760431667
|-terastallize|p2a: Manaphy|Poison
|move|p1a: Ogerpon|Encore|p2a: Manaphy
|-start|p2a: Manaphy|Encore
|move|p2a: Manaphy|Take Heart|p2a: Manaphy
|-boost|p2a: Manaphy|spa|1
|-boost|p2a: Manaphy|spd|1
|
|-heal|p2a: Manaphy|72/100|[from] item: Leftovers
|upkeep
|turn|10
|
|t:|1760431671
|move|p1a: Ogerpon|Swords Dance|p1a: Ogerpon
|-boost|p1a: Ogerpon|atk|2
|move|p2a: Manaphy|Take Heart|p2a: Manaphy
|-boost|p2a: Manaphy|spa|1
|-boost|p2a: Manaphy|spd|1
|
|-heal|p2a: Manaphy|78/100|[from] item: Leftovers
|upkeep
|turn|11
|l|☆shoyo97
|inactive|shoyo97 disconnected and has a minute to reconnect!
|player|p2|
|inactive|shoyo97 has 30 seconds to reconnect!
|inactive|shoyo97 has 20 seconds to reconnect!
|inactive|shoyo97 has 15 seconds to reconnect!
|inactive|shoyo97 has 10 seconds to reconnect!
|inactive|shoyo97 has 5 seconds to reconnect!
|-message|shoyo97 lost due to inactivity.
|
|win|Grem1234567
|raw|Grem1234567's rating: 1209 &rarr; <strong>1233</strong><br />(+24 for winning)
|raw|shoyo97's rating: 1195 &rarr; <strong>1171</strong><br />(-24 for losing)
|l|☆Grem1234567
|player|p1|
