|j|☆gzem
|j|☆SvgNight235
|t:|1760379584
|gametype|singles
|player|p1|gzem|whitney|1178
|player|p2|SvgNight235|lucas-gen4pt|1154
|gen|9
|tier|[Gen 9] OU
|rated|
|rule|HP Percentage Mod: HP is shown in percentages
|rule|Endless Battle Clause: Forcing endless battles is banned
|rule|Species Clause: Limit one of each Pokémon
|rule|OHKO Clause: OHKO moves are banned
|rule|Evasion Items Clause: Evasion items are banned
|rule|Evasion Moves Clause: Evasion moves are banned
|rule|Evasion Abilities Clause: Evasion abilities are banned
|rule|Sleep Moves Clause: Sleep-inducing moves are banned
|clearpoke
|poke|p1|Feraligatr, M|
|poke|p1|Ribombee, F|
|poke|p1|Heatran, F|
|poke|p1|Gliscor, M|
|poke|p1|Dragonite, F|
|poke|p1|Weezing-Galar, M|
|poke|p2|Empoleon, M|
|poke|p2|Zoroark-Hisui, M|
|poke|p2|Hydreigon, M|
|poke|p2|Excadrill, M|
|poke|p2|Gliscor, M|
|poke|p2|Samurott-Hisui, M|
|teampreview
|inactive|Battle timer is ON: inactive players will automatically lose when time's up. (requested by gzem)
|
|t:|1760379604
|teamsize|p1|6
|teamsize|p2|6
|start
|switch|p1a: Ribombee|Ribombee, F|100/100
|switch|p2a: Gliscor|Gliscor, M|100/100
|turn|1
|
|t:|1760379616
|move|p1a: Ribombee|Sticky Web|p2a: Gliscor
|-sidestart|p2: SvgNight235|move: Sticky Web
|move|p2a: Gliscor|Toxic|p1a: Ribombee
|-status|p1a: Ribombee|tox
|
|-damage|p1a: Ribombee|94/100 tox|[from] psn
|-status|p2a: Gliscor|tox|[from] item: Toxic Orb
|upkeep
|turn|2
|
|t:|1760379623
|switch|p1a: Gliscor|Gliscor, M|100/100
|move|p2a: Gliscor|Knock Off|p1a: Gliscor
|-damage|p1a: Gliscor|85/100
|-enditem|p1a: Gliscor|Toxic Orb|[from] move: Knock Off|[of] p2a: Gliscor
|
|upkeep
|turn|3
|
|t:|1760379635
|move|p2a: Gliscor|Knock Off|p1a: Gliscor
|-damage|p1a: Gliscor|74/100
|move|p1a: Gliscor|Swords Dance|p1a: Gliscor
|-boost|p1a: Gliscor|atk|2
|
|upkeep
|turn|4
|
|t:|1760379645
|move|p2a: Gliscor|Knock Off|p1a: Gliscor
|-damage|p1a: Gliscor|63/100
|move|p1a: Gliscor|Knock Off|p2a: Gliscor
|-damage|p2a: Gliscor|60/100 tox
|-enditem|p2a: Gliscor|Toxic Orb|[from] move: Knock Off|[of] p1a: Gliscor
|
|-heal|p2a: Gliscor|72/100 tox|[from] ability: Poison Heal
|upkeep
|turn|5
|
|t:|1760379661
|switch|p1a: Dragonite|Dragonite, F|100/100
|move|p2a: Gliscor|U-turn|p1a: Dragonite
|-resisted|p1a: Dragonite
|-damage|p1a: Dragonite|96/100
|inactive|SvgNight235 has 120 seconds left.
|
|t:|1760379688
|switch|p2a: Hydreigon|Hydreigon, M, shiny|100/100|[from] U-turn
|
|upkeep
|turn|6
|inactive|SvgNight235 has 120 seconds left.
|
|t:|1760379699
|switch|p1a: Ribombee|Ribombee, F|94/100 tox
|-terastallize|p2a: Hydreigon|Steel
|move|p2a: Hydreigon|Nasty Plot|p2a: Hydreigon
|-boost|p2a: Hydreigon|spa|2
|
|-damage|p1a: Ribombee|88/100 tox|[from] psn
|upkeep
|turn|7
|inactive|SvgNight235 has 120 seconds left.
|
|t:|1760379709
|move|p1a: Ribombee|Moonblast|p2a: Hydreigon
|-resisted|p2a: Hydreigon
|-damage|p2a: Hydreigon|78/100
|-unboost|p2a: Hydreigon|spa|1
|move|p2a: Hydreigon|Flash Cannon|p1a: Ribombee
|-supereffective|p1a: Ribombee
|-damage|p1a: Ribombee|0 fnt
|faint|p1a: Ribombee
|
|-heal|p2a: Hydreigon|84/100|[from] item: Leftovers
|upkeep
|
|t:|1760379719
|switch|p1a: Heatran|Heatran, F|100/100
|-item|p1a: Heatran|Air Balloon
|turn|8
|
|t:|1760379727
|switch|p2a: Gliscor|Gliscor, M|72/100 tox
|move|p1a: Heatran|Flamethrower|p2a: Gliscor
|-damage|p2a: Gliscor|10/100 tox
|
|-heal|p2a: Gliscor|23/100 tox|[from] ability: Poison Heal
|upkeep
|turn|9
|
|t:|1760379738
|switch|p1a: Weezing|Weezing-Galar, M|100/100
|move|p2a: Gliscor|Knock Off|p1a: Weezing
|-resisted|p1a: Weezing
|-damage|p1a: Weezing|93/100
|-enditem|p1a: Weezing|Leftovers|[from] move: Knock Off|[of] p2a: Gliscor
|
|-heal|p2a: Gliscor|35/100 tox|[from] ability: Poison Heal
|upkeep
|turn|10
|
|t:|1760379747
|move|p2a: Gliscor|Toxic|p1a: Weezing
|-immune|p1a: Weezing
|move|p1a: Weezing|Sludge Wave|p2a: Gliscor
|-resisted|p2a: Gliscor
|-damage|p2a: Gliscor|18/100 tox
|
|-heal|p2a: Gliscor|30/100 tox|[from] ability: Poison Heal
|upkeep
|turn|11
|
|t:|1760379758
|switch|p1a: Feraligatr|Feraligatr, M|100/100
|move|p2a: Gliscor|U-turn|p1a: Feraligatr
|-damage|p1a: Feraligatr|83/100
|
|t:|1760379764
|switch|p2a: Emperor|Empoleon, M, shiny|100/100|[from] U-turn
|-activate|p2a: Emperor|move: Sticky Web
|-unboost|p2a: Emperor|spe|1
|
|upkeep
|turn|12
|
|t:|1760379773
|move|p1a: Feraligatr|Dragon Dance|p1a: Feraligatr
|-boost|p1a: Feraligatr|atk|1
|-boost|p1a: Feraligatr|spe|1
|move|p2a: Emperor|Stealth Rock|p1a: Feraligatr
|-sidestart|p1: gzem|move: Stealth Rock
|
|upkeep
|turn|13
|
|t:|1760379780
|move|p1a: Feraligatr|Dragon Dance|p1a: Feraligatr
|-boost|p1a: Feraligatr|atk|1
|-boost|p1a: Feraligatr|spe|1
|move|p2a: Emperor|Roar|p1a: Feraligatr
|drag|p1a: Heatran|Heatran, F|100/100
|-damage|p1a: Heatran|88/100|[from] Stealth Rock
|-item|p1a: Heatran|Air Balloon
|
|upkeep
|turn|14
|
|t:|1760379790
|move|p1a: Heatran|Earth Power|p2a: Emperor
|-supereffective|p2a: Emperor
|-damage|p2a: Emperor|34/100
|move|p2a: Emperor|Surf|p1a: Heatran
|-supereffective|p1a: Heatran
|-damage|p1a: Heatran|29/100
|-enditem|p1a: Heatran|Air Balloon
|
|-heal|p2a: Emperor|40/100|[from] item: Leftovers
|upkeep
|turn|15
|
|t:|1760379800
|switch|p1a: Feraligatr|Feraligatr, M|83/100
|-damage|p1a: Feraligatr|71/100|[from] Stealth Rock
|move|p2a: Emperor|Protect||[still]
|-fail|p2a: Emperor
|
|-heal|p2a: Emperor|47/100|[from] item: Leftovers
|upkeep
|turn|16
|
|t:|1760379804
|move|p1a: Feraligatr|Superpower|p2a: Emperor
|-supereffective|p2a: Emperor
|-damage|p2a: Emperor|0 fnt
|-unboost|p1a: Feraligatr|atk|1
|-unboost|p1a: Feraligatr|def|1
|faint|p2a: Emperor
|-damage|p1a: Feraligatr|61/100|[from] item: Life Orb
|
|upkeep
|
|t:|1760379809
|switch|p2a: Gliscor|Gliscor, M|30/100 tox
|turn|17
|
|t:|1760379814
|move|p2a: Gliscor|Toxic|p1a: Feraligatr
|-status|p1a: Feraligatr|tox
|move|p1a: Feraligatr|Ice Punch|p2a: Gliscor
|-supereffective|p2a: Gliscor
|-damage|p2a: Gliscor|0 fnt
|faint|p2a: Gliscor
|
|-damage|p1a: Feraligatr|55/100 tox|[from] psn
|upkeep
|
|t:|1760379822
|switch|p2a: Hydreigon|Hydreigon, M, shiny, tera:Steel|84/100
|turn|18
|
|t:|1760379836
|move|p2a: Hydreigon|Flash Cannon|p1a: Feraligatr
|-resisted|p1a: Feraligatr
|-damage|p1a: Feraligatr|27/100 tox
|move|p1a: Feraligatr|Superpower|p2a: Hydreigon
|-supereffective|p2a: Hydreigon
|-damage|p2a: Hydreigon|8/100
|-unboost|p1a: Feraligatr|atk|1
|-unboost|p1a: Feraligatr|def|1
|-damage|p1a: Feraligatr|17/100 tox|[from] item: Life Orb
|
|-heal|p2a: Hydreigon|15/100|[from] item: Leftovers
|-damage|p1a: Feraligatr|5/100 tox|[from] psn
|upkeep
|turn|19
|
|t:|1760379843
|move|p2a: Hydreigon|Flash Cannon|p1a: Feraligatr
|-resisted|p1a: Feraligatr
|-damage|p1a: Feraligatr|0 fnt
|faint|p1a: Feraligatr
|
|-heal|p2a: Hydreigon|21/100|[from] item: Leftovers
|upkeep
|
|t:|1760379849
|switch|p1a: Dragonite|Dragonite, F|96/100
|-damage|p1a: Dragonite|71/100|[from] Stealth Rock
|turn|20
|
|t:|1760379856
|-terastallize|p1a: Dragonite|Normal
|move|p1a: Dragonite|Extreme Speed|p2a: Hydreigon
|-resisted|p2a: Hydreigon
|-damage|p2a: Hydreigon|0 fnt
|faint|p2a: Hydreigon
|
|upkeep
|
|t:|1760379869
|switch|p2a: Samurott|Samurott-Hisui, M, shiny|100/100
|-activate|p2a: Samurott|move: Sticky Web
|-unboost|p2a: Samurott|spe|1
|turn|21
|
|t:|1760379872
|move|p1a: Dragonite|Dragon Dance|p1a: Dragonite
|-boost|p1a: Dragonite|atk|1
|-boost|p1a: Dragonite|spe|1
|move|p2a: Samurott|Taunt|p1a: Dragonite
|-start|p1a: Dragonite|move: Taunt
|
|upkeep
|turn|22
|
|t:|1760379877
|move|p1a: Dragonite|Extreme Speed|p2a: Samurott
|-damage|p2a: Samurott|9/100
|move|p2a: Samurott|Ceaseless Edge|p1a: Dragonite
|-damage|p1a: Dragonite|21/100
|-sidestart|p1: gzem|Spikes
|
|upkeep
|turn|23
|
|t:|1760379886
|move|p1a: Dragonite|Extreme Speed|p2a: Samurott
|-damage|p2a: Samurott|0 fnt
|faint|p2a: Samurott
|
|upkeep
|
|t:|1760379891
|switch|p2a: Excadrill|Excadrill, M, shiny|100/100
|-activate|p2a: Excadrill|move: Sticky Web
|-unboost|p2a: Excadrill|spe|1
|-ability|p2a: Excadrill|Mold Breaker
|turn|24
|
|t:|1760379898
|move|p1a: Dragonite|Earthquake|p2a: Excadrill
|-supereffective|p2a: Excadrill
|-damage|p2a: Excadrill|0 fnt
|faint|p2a: Excadrill
|
|-end|p1a: Dragonite|move: Taunt
|upkeep
|
|t:|1760379901
|switch|p2a: Zoroark|Zoroark-Hisui, M|100/100
|-activate|p2a: Zoroark|move: Sticky Web
|-unboost|p2a: Zoroark|spe|1
|turn|25
|
|t:|1760379907
|move|p1a: Dragonite|Earthquake|p2a: Zoroark
|-damage|p2a: Zoroark|0 fnt
|faint|p2a: Zoroark
|
|win|gzem
|raw|gzem's rating: 1178 &rarr; <strong>1201</strong><br />(+23 for winning)
|raw|SvgNight235's rating: 1154 &rarr; <strong>1131</strong><br />(-23 for losing)
|l|☆SvgNight235
|player|p2|
