|j|☆pokefanfdj
|j|☆RINMIPA
|t:|1760429297
|gametype|singles
|player|p1|pokefanfdj|170|1254
|player|p2|RINMIPA|266|1226
|gen|9
|tier|[Gen 9] OU
|rated|
|rule|HP Percentage Mod: HP is shown in percentages
|rule|Endless Battle Clause: Forcing endless battles is banned
|rule|Species Clause: Limit one of each Pokémon
|rule|OHKO Clause: OHKO moves are banned
|rule|Evasion Items Clause: Evasion items are banned
|rule|Evasion Moves Clause: Evasion moves are banned
|rule|Evasion Abilities Clause: Evasion abilities are banned
|rule|Sleep Moves Clause: Sleep-inducing moves are banned
|clearpoke
|poke|p1|Moltres|
|poke|p1|Kleavor, M|
|poke|p1|Dondozo, F|
|poke|p1|Blissey, F|
|poke|p1|Kingambit, F|
|poke|p1|Brambleghast, F|
|poke|p2|Frosmoth, M|
|poke|p2|Serperior, M|
|poke|p2|Cetitan, M|
|poke|p2|Garchomp, M|
|poke|p2|Scizor, M|
|poke|p2|Slowking-Galar, F|
|teampreview
|
|t:|1760429300
|teamsize|p1|6
|teamsize|p2|6
|start
|switch|p1a: Kleavor|Kleavor, M|100/100
|switch|p2a: Garchomp|Garchomp, M|100/100
|turn|1
|inactive|Battle timer is ON: inactive players will automatically lose when time's up. (requested by pokefanfdj)
|
|t:|1760429308
|move|p2a: Garchomp|Stealth Rock|p1a: Kleavor
|-sidestart|p1: pokefanfdj|move: Stealth Rock
|move|p1a: Kleavor|Tailwind|p1a: Kleavor
|-sidestart|p1: pokefanfdj|move: Tailwind
|
|upkeep
|turn|2
|
|t:|1760429316
|move|p1a: Kleavor|Stone Axe|p2a: Garchomp
|-resisted|p2a: Garchomp
|-damage|p2a: Garchomp|71/100
|-damage|p1a: Kleavor|88/100|[from] ability: Rough Skin|[of] p2a: Garchomp
|-sidestart|p2: RINMIPA|move: Stealth Rock
|move|p2a: Garchomp|Brick Break|p1a: Kleavor
|-damage|p1a: Kleavor|58/100
|
|upkeep
|turn|3
|
|t:|1760429328
|move|p1a: Kleavor|Close Combat|p2a: Garchomp
|-damage|p2a: Garchomp|26/100
|-unboost|p1a: Kleavor|def|1
|-unboost|p1a: Kleavor|spd|1
|-damage|p1a: Kleavor|46/100|[from] ability: Rough Skin|[of] p2a: Garchomp
|move|p2a: Garchomp|Brick Break|p1a: Kleavor
|-damage|p1a: Kleavor|3/100
|
|upkeep
|turn|4
|
|t:|1760429339
|move|p1a: Kleavor|Close Combat|p2a: Garchomp
|-damage|p2a: Garchomp|0 fnt
|-unboost|p1a: Kleavor|def|1
|-unboost|p1a: Kleavor|spd|1
|-damage|p1a: Kleavor|0 fnt|[from] ability: Rough Skin|[of] p2a: Garchomp
|faint|p2a: Garchomp
|faint|p1a: Kleavor
|
|-sideend|p1: pokefanfdj|move: Tailwind
|upkeep
|
|t:|1760429360
|switch|p2a: Slowking|Slowking-Galar, F|100/100
|switch|p1a: Kingambit|Kingambit, F|100/100
|-damage|p1a: Kingambit|94/100|[from] Stealth Rock
|-activate|p1a: Kingambit|ability: Supreme Overlord
|-start|p1a: Kingambit|fallen1|[silent]
|-damage|p2a: Slowking|88/100|[from] Stealth Rock
|turn|5
|
|t:|1760429370
|move|p1a: Kingambit|Kowtow Cleave|p2a: Slowking
|-supereffective|p2a: Slowking
|-damage|p2a: Slowking|10/100
|-prepare|p2a: Slowking|Chilly Reception|[premajor]
|move|p2a: Slowking|Chilly Reception|p2a: Slowking
|-weather|Snowscape
|
|t:|1760429376
|switch|p2a: Scizor|Scizor, M|100/100|[from] Chilly Reception
|-damage|p2a: Scizor|88/100|[from] Stealth Rock
|
|-weather|Snowscape|[upkeep]
|-heal|p1a: Kingambit|100/100|[from] item: Leftovers
|upkeep
|turn|6
|
|t:|1760429387
|-end|p1a: Kingambit|fallen1|[silent]
|switch|p1a: Moltres|Moltres|100/100
|move|p2a: Scizor|U-turn|p1a: Moltres
|-resisted|p1a: Moltres
|-crit|p1a: Moltres
|-damage|p1a: Moltres|85/100
|-status|p2a: Scizor|brn|[from] ability: Flame Body|[of] p1a: Moltres
|
|t:|1760429393
|switch|p2a: Cetitan|Cetitan, M|100/100|[from] U-turn
|-damage|p2a: Cetitan|76/100|[from] Stealth Rock
|
|-weather|Snowscape|[upkeep]
|upkeep
|turn|7
|
|t:|1760429398
|-terastallize|p2a: Cetitan|Dark
|move|p2a: Cetitan|Belly Drum|p2a: Cetitan
|-damage|p2a: Cetitan|26/100
|-setboost|p2a: Cetitan|atk|6|[from] move: Belly Drum
|-enditem|p2a: Cetitan|Sitrus Berry|[eat]
|-heal|p2a: Cetitan|50/100|[from] item: Sitrus Berry
|move|p1a: Moltres|Fire Blast|p2a: Cetitan
|-damage|p2a: Cetitan|5/100
|-status|p2a: Cetitan|brn
|
|-weather|Snowscape|[upkeep]
|-damage|p2a: Cetitan|0 fnt|[from] brn
|faint|p2a: Cetitan
|upkeep
|
|t:|1760429412
|switch|p2a: Frosmoth|Frosmoth, M|100/100
|-damage|p2a: Frosmoth|50/100|[from] Stealth Rock
|turn|8
|
|t:|1760429416
|move|p1a: Moltres|Tailwind|p1a: Moltres
|-sidestart|p1: pokefanfdj|move: Tailwind
|move|p2a: Frosmoth|Quiver Dance|p2a: Frosmoth
|-boost|p2a: Frosmoth|spa|1
|-boost|p2a: Frosmoth|spd|1
|-boost|p2a: Frosmoth|spe|1
|
|-weather|Snowscape|[upkeep]
|upkeep
|turn|9
|
|t:|1760429422
|move|p1a: Moltres|Air Slash|p2a: Frosmoth
|-supereffective|p2a: Frosmoth
|-damage|p2a: Frosmoth|32/100
|cant|p2a: Frosmoth|flinch
|
|-weather|Snowscape|[upkeep]
|upkeep
|turn|10
|
|t:|1760429428
|move|p1a: Moltres|Fire Blast|p2a: Frosmoth
|-supereffective|p2a: Frosmoth
|-damage|p2a: Frosmoth|0 fnt
|faint|p2a: Frosmoth
|
|-weather|Snowscape|[upkeep]
|upkeep
|-message|RINMIPA forfeited.
|
|win|pokefanfdj
|raw|pokefanfdj's rating: 1254 &rarr; <strong>1277</strong><br />(+23 for winning)
|raw|RINMIPA's rating: 1226 &rarr; <strong>1203</strong><br />(-23 for losing)
|l|☆RINMIPA
|player|p2|
|l|☆pokefanfdj
|player|p1|
