|j|☆ggaannddiigg
|j|☆I will eat another
|t:|1760358250
|gametype|singles
|player|p1|ggaannddiigg|burglar|1341
|player|p2|I will eat another|plasmagrunt|1322
|gen|9
|tier|[Gen 9] OU
|rated|
|rule|HP Percentage Mod: HP is shown in percentages
|rule|Endless Battle Clause: Forcing endless battles is banned
|rule|Species Clause: Limit one of each Pokémon
|rule|OHKO Clause: OHKO moves are banned
|rule|Evasion Items Clause: Evasion items are banned
|rule|Evasion Moves Clause: Evasion moves are banned
|rule|Evasion Abilities Clause: Evasion abilities are banned
|rule|Sleep Moves Clause: Sleep-inducing moves are banned
|clearpoke
|poke|p1|Glimmora, F|
|poke|p1|Moltres|
|poke|p1|Scizor, F|
|poke|p1|Gholdengo|
|poke|p1|Great Tusk|
|poke|p1|Ogerpon-Wellspring, F|
|poke|p2|Breloom, F|
|poke|p2|Swinub, M|
|poke|p2|Iron Crown|
|poke|p2|Glimmora, F|
|poke|p2|Talonflame, M|
|poke|p2|Greninja-*, F|
|teampreview
|inactive|Battle timer is ON: inactive players will automatically lose when time's up. (requested by I will eat another)
|
|t:|1760358269
|teamsize|p1|6
|teamsize|p2|6
|start
|switch|p1a: Glimmora|Glimmora, F|100/100
|switch|p2a: Quajutsu|Greninja, F|100/100
|turn|1
|
|t:|1760358277
|switch|p1a: Ogerpon|Ogerpon-Wellspring, F|100/100
|move|p2a: Quajutsu|Surf|p1a: Ogerpon
|-start|p2a: Quajutsu|typechange|Water|[from] ability: Protean
|-immune|p1a: Ogerpon|[from] ability: Water Absorb
|
|upkeep
|turn|2
|
|t:|1760358289
|switch|p2a: Kapilz|Breloom, F|100/100
|move|p1a: Ogerpon|Swords Dance|p1a: Ogerpon
|-boost|p1a: Ogerpon|atk|2
|
|upkeep
|turn|3
|
|t:|1760358297
|move|p1a: Ogerpon|U-turn|p2a: Kapilz
|-damage|p2a: Kapilz|11/100
|
|t:|1760358300
|switch|p1a: Moltres|Moltres|100/100|[from] U-turn
|move|p2a: Kapilz|Bullet Seed|p1a: Moltres
|-resisted|p1a: Moltres
|-damage|p1a: Moltres|94/100
|-resisted|p1a: Moltres
|-damage|p1a: Moltres|88/100
|-resisted|p1a: Moltres
|-damage|p1a: Moltres|82/100
|-resisted|p1a: Moltres
|-damage|p1a: Moltres|76/100
|-hitcount|p1a: Moltres|4
|-damage|p2a: Kapilz|1/100|[from] item: Life Orb
|
|upkeep
|turn|4
|
|t:|1760358313
|move|p2a: Kapilz|Rock Tomb|p1a: Moltres
|-supereffective|p1a: Moltres
|-damage|p1a: Moltres|0 fnt
|faint|p1a: Moltres
|-damage|p2a: Kapilz|0 fnt|[from] item: Life Orb
|faint|p2a: Kapilz
|
|upkeep
|
|t:|1760358321
|switch|p2a: Quajutsu|Greninja, F|100/100
|switch|p1a: Ogerpon|Ogerpon-Wellspring, F|100/100
|turn|5
|
|t:|1760358328
|move|p2a: Quajutsu|Sludge Wave|p1a: Ogerpon
|-start|p2a: Quajutsu|typechange|Poison|[from] ability: Protean
|-supereffective|p1a: Ogerpon
|-damage|p1a: Ogerpon|0 fnt
|faint|p1a: Ogerpon
|
|upkeep
|
|t:|1760358336
|switch|p1a: Scizor|Scizor, F|100/100
|turn|6
|
|t:|1760358340
|switch|p2a: Fiaro|Talonflame, M|100/100
|move|p1a: Scizor|Swords Dance|p1a: Scizor
|-boost|p1a: Scizor|atk|2
|
|upkeep
|turn|7
|
|t:|1760358350
|-terastallize|p1a: Scizor|Fire
|move|p2a: Fiaro|Flamethrower|p1a: Scizor
|-resisted|p1a: Scizor
|-damage|p1a: Scizor|87/100
|move|p1a: Scizor|Swords Dance|p1a: Scizor
|-boost|p1a: Scizor|atk|2
|
|-heal|p1a: Scizor|93/100|[from] item: Leftovers
|upkeep
|turn|8
|
|t:|1760358365
|move|p2a: Fiaro|Flamethrower|p1a: Scizor
|-resisted|p1a: Scizor
|-damage|p1a: Scizor|79/100
|move|p1a: Scizor|Trailblaze|p2a: Fiaro
|-resisted|p2a: Fiaro
|-damage|p2a: Fiaro|82/100
|-boost|p1a: Scizor|spe|1
|
|-heal|p1a: Scizor|85/100|[from] item: Leftovers
|upkeep
|turn|9
|
|t:|1760358374
|move|p2a: Fiaro|Flamethrower|p1a: Scizor
|-resisted|p1a: Scizor
|-damage|p1a: Scizor|72/100
|move|p1a: Scizor|Trailblaze|p2a: Fiaro
|-resisted|p2a: Fiaro
|-damage|p2a: Fiaro|63/100
|-boost|p1a: Scizor|spe|1
|
|-heal|p1a: Scizor|78/100|[from] item: Leftovers
|upkeep
|turn|10
|
|t:|1760358386
|move|p1a: Scizor|Trailblaze|p2a: Fiaro
|-resisted|p2a: Fiaro
|-damage|p2a: Fiaro|46/100
|-boost|p1a: Scizor|spe|1
|move|p2a: Fiaro|Flamethrower|p1a: Scizor
|-resisted|p1a: Scizor
|-damage|p1a: Scizor|64/100
|
|-heal|p1a: Scizor|70/100|[from] item: Leftovers
|upkeep
|turn|11
|
|t:|1760358401
|move|p1a: Scizor|Swords Dance|p1a: Scizor
|-boost|p1a: Scizor|atk|2
|move|p2a: Fiaro|Roost|p2a: Fiaro
|-heal|p2a: Fiaro|96/100
|-singleturn|p2a: Fiaro|move: Roost
|
|-heal|p1a: Scizor|76/100|[from] item: Leftovers
|upkeep
|turn|12
|
|t:|1760358409
|move|p1a: Scizor|Trailblaze|p2a: Fiaro
|-resisted|p2a: Fiaro
|-damage|p2a: Fiaro|69/100
|-boost|p1a: Scizor|spe|1
|move|p2a: Fiaro|Flamethrower|p1a: Scizor
|-resisted|p1a: Scizor
|-damage|p1a: Scizor|62/100
|
|-heal|p1a: Scizor|68/100|[from] item: Leftovers
|upkeep
|turn|13
|
|t:|1760358418
|move|p1a: Scizor|Bullet Punch|p2a: Fiaro
|-resisted|p2a: Fiaro
|-damage|p2a: Fiaro|6/100
|move|p2a: Fiaro|Flamethrower|p1a: Scizor
|-resisted|p1a: Scizor
|-damage|p1a: Scizor|54/100
|
|-heal|p1a: Scizor|60/100|[from] item: Leftovers
|upkeep
|turn|14
|l|☆I will eat another
|inactive|I will eat another disconnected and has a minute to reconnect!
|player|p2|
|j|☆I will eat another
|inactive|I will eat another reconnected and has 115 seconds left.
|player|p2|I will eat another|plasmagrunt|
|
|t:|1760358459
|move|p1a: Scizor|Bullet Punch|p2a: Fiaro
|-resisted|p2a: Fiaro
|-crit|p2a: Fiaro
|-damage|p2a: Fiaro|0 fnt
|faint|p2a: Fiaro
|
|-heal|p1a: Scizor|66/100|[from] item: Leftovers
|upkeep
|
|t:|1760358466
|switch|p2a: Quiekel|Swinub, M|100/100
|turn|15
|
|t:|1760358474
|move|p1a: Scizor|Swords Dance|p1a: Scizor
|-boost|p1a: Scizor|atk|0
|move|p2a: Quiekel|Earthquake|p1a: Scizor
|-supereffective|p1a: Scizor
|-damage|p1a: Scizor|0 fnt
|faint|p1a: Scizor
|
|upkeep
|c|☆ggaannddiigg|fck
|c|☆I will eat another|wtf
|c|☆ggaannddiigg|I though you were gonna use some weird tricks
|c|☆ggaannddiigg|Wanted to check
|inactive|ggaannddiigg has 120 seconds left.
|c|☆ggaannddiigg|ahaha
|
|t:|1760358509
|switch|p1a: Gholdengo|Gholdengo|100/100
|turn|16
|
|t:|1760358513
|switch|p1a: Great Tusk|Great Tusk|100/100
|move|p2a: Quiekel|Earthquake|p1a: Great Tusk
|-damage|p1a: Great Tusk|76/100
|
|upkeep
|turn|17
|
|t:|1760358519
|move|p1a: Great Tusk|Close Combat|p2a: Quiekel
|-supereffective|p2a: Quiekel
|-enditem|p2a: Quiekel|Focus Sash
|-damage|p2a: Quiekel|1/100
|-unboost|p1a: Great Tusk|def|1
|-unboost|p1a: Great Tusk|spd|1
|move|p2a: Quiekel|Endeavor|p1a: Great Tusk
|-damage|p1a: Great Tusk|1/100
|
|upkeep
|turn|18
|c|☆ggaannddiigg|There you go
|c|☆I will eat another|yeah
|
|t:|1760358535
|-end|p1a: Great Tusk|Protosynthesis|[silent]
|switch|p1a: Gholdengo|Gholdengo|100/100
|move|p2a: Quiekel|Ice Shard|p1a: Gholdengo
|-resisted|p1a: Gholdengo
|-damage|p1a: Gholdengo|93/100
|
|upkeep
|turn|19
|
|t:|1760358546
|move|p1a: Gholdengo|Shadow Ball|p2a: Quiekel
|-damage|p2a: Quiekel|0 fnt
|faint|p2a: Quiekel
|
|upkeep
|
|t:|1760358551
|switch|p2a: Quajutsu|Greninja, F|100/100
|turn|20
|
|t:|1760358556
|switch|p1a: Glimmora|Glimmora, F|100/100
|move|p2a: Quajutsu|Dark Pulse|p1a: Glimmora
|-start|p2a: Quajutsu|typechange|Dark|[from] ability: Protean
|-damage|p1a: Glimmora|45/100
|
|upkeep
|turn|21
|
|t:|1760358569
|move|p2a: Quajutsu|Dark Pulse|p1a: Glimmora
|-damage|p1a: Glimmora|0 fnt
|faint|p1a: Glimmora
|
|upkeep
|
|t:|1760358574
|switch|p1a: Gholdengo|Gholdengo|93/100
|turn|22
|
|t:|1760358578
|move|p1a: Gholdengo|Dazzling Gleam|p2a: Quajutsu
|-supereffective|p2a: Quajutsu
|-damage|p2a: Quajutsu|5/100
|move|p2a: Quajutsu|Dark Pulse|p1a: Gholdengo
|-supereffective|p1a: Gholdengo
|-damage|p1a: Gholdengo|0 fnt
|faint|p1a: Gholdengo
|
|upkeep
|-message|ggaannddiigg forfeited.
|
|win|I will eat another
|raw|ggaannddiigg's rating: 1341 &rarr; <strong>1320</strong><br />(-21 for losing)
|raw|I will eat another's rating: 1322 &rarr; <strong>1343</strong><br />(+21 for winning)
|l|☆ggaannddiigg
|player|p1|
|l|☆I will eat another
|player|p2|
