|j|☆Tyujhgbnm
|j|☆ayyyyyyuhsucconme
|t:|1760453729
|gametype|singles
|player|p1|Tyujhgbnm|101|1188
|player|p2|ayyyyyyuhsucconme|linebacker|1226
|gen|9
|tier|[Gen 9] OU
|rated|
|rule|HP Percentage Mod: HP is shown in percentages
|rule|Endless Battle Clause: Forcing endless battles is banned
|rule|Species Clause: Limit one of each Pokémon
|rule|OHKO Clause: OHKO moves are banned
|rule|Evasion Items Clause: Evasion items are banned
|rule|Evasion Moves Clause: Evasion moves are banned
|rule|Evasion Abilities Clause: Evasion abilities are banned
|rule|Sleep Moves Clause: Sleep-inducing moves are banned
|clearpoke
|poke|p1|Latios, M|
|poke|p1|Iron Valiant|
|poke|p1|Hoopa-Unbound|
|poke|p1|Iron Hands|
|poke|p1|Clefable, M|
|poke|p1|Reuniclus, F|
|poke|p2|Deoxys-Speed|
|poke|p2|Kyurem|
|poke|p2|Iron Moth|
|poke|p2|Ceruledge, M|
|poke|p2|Landorus-Therian, M|
|poke|p2|Kingambit, M|
|teampreview
|
|t:|1760453739
|teamsize|p1|6
|teamsize|p2|6
|start
|switch|p1a: Iron Valiant|Iron Valiant|100/100
|switch|p2a: Deoxys|Deoxys-Speed|100/100
|-ability|p2a: Deoxys|Pressure
|-enditem|p1a: Iron Valiant|Booster Energy
|-activate|p1a: Iron Valiant|ability: Quark Drive|[fromitem]
|-start|p1a: Iron Valiant|quarkdrivespe
|turn|1
|
|t:|1760453754
|-end|p1a: Iron Valiant|Quark Drive|[silent]
|switch|p1a: Reuniclus|Reuniclus, F|100/100
|move|p2a: Deoxys|Psycho Boost|p1a: Reuniclus
|-resisted|p1a: Reuniclus
|-damage|p1a: Reuniclus|76/100
|-unboost|p2a: Deoxys|spa|2
|-damage|p2a: Deoxys|91/100|[from] item: Life Orb
|
|-heal|p1a: Reuniclus|82/100|[from] item: Leftovers
|upkeep
|turn|2
|
|t:|1760453766
|switch|p1a: Hoopa|Hoopa-Unbound|100/100
|move|p2a: Deoxys|Stealth Rock|p1a: Hoopa
|-sidestart|p1: Tyujhgbnm|move: Stealth Rock
|
|upkeep
|turn|3
|
|t:|1760453778
|move|p2a: Deoxys|Knock Off|p1a: Hoopa
|-damage|p1a: Hoopa|53/100
|-enditem|p1a: Hoopa|Expert Belt|[from] move: Knock Off|[of] p2a: Deoxys
|-damage|p2a: Deoxys|81/100|[from] item: Life Orb
|move|p1a: Hoopa|Psychic|p2a: Deoxys
|-resisted|p2a: Deoxys
|-damage|p2a: Deoxys|36/100
|-item|p1a: Hoopa|Life Orb|[from] ability: Magician|[of] p2a: Deoxys
|
|upkeep
|turn|4
|
|t:|1760453789
|move|p2a: Deoxys|Knock Off|p1a: Hoopa
|-damage|p1a: Hoopa|17/100
|-enditem|p1a: Hoopa|Life Orb|[from] move: Knock Off|[of] p2a: Deoxys
|move|p1a: Hoopa|Drain Punch|p2a: Deoxys
|-resisted|p2a: Deoxys
|-damage|p2a: Deoxys|14/100
|-heal|p1a: Hoopa|26/100|[from] drain|[of] p2a: Deoxys
|
|upkeep
|turn|5
|
|t:|1760453797
|move|p2a: Deoxys|Knock Off|p1a: Hoopa
|-damage|p1a: Hoopa|0 fnt
|faint|p1a: Hoopa
|
|upkeep
|
|t:|1760453804
|switch|p1a: Clefable|Clefable, M|100/100
|turn|6
|
|t:|1760453811
|move|p2a: Deoxys|Taunt|p1a: Clefable
|-start|p1a: Clefable|move: Taunt
|cant|p1a: Clefable|move: Taunt|Calm Mind
|
|upkeep
|turn|7
|
|t:|1760453817
|move|p2a: Deoxys|Knock Off|p1a: Clefable
|-resisted|p1a: Clefable
|-damage|p1a: Clefable|93/100
|-enditem|p1a: Clefable|Leftovers|[from] move: Knock Off|[of] p2a: Deoxys
|move|p1a: Clefable|Moonblast|p2a: Deoxys
|-damage|p2a: Deoxys|0 fnt
|faint|p2a: Deoxys
|
|upkeep
|
|t:|1760453855
|switch|p2a: Landorus|Landorus-Therian, M|100/100
|-ability|p2a: Landorus|Intimidate|boost
|-unboost|p1a: Clefable|atk|1
|turn|8
|
|t:|1760453861
|move|p2a: Landorus|Earthquake|p1a: Clefable
|-damage|p1a: Clefable|31/100
|move|p1a: Clefable|Chilling Water|p2a: Landorus
|-supereffective|p2a: Landorus
|-damage|p2a: Landorus|70/100
|-unboost|p2a: Landorus|atk|1
|
|-end|p1a: Clefable|move: Taunt
|upkeep
|turn|9
|
|t:|1760453870
|move|p2a: Landorus|Earthquake|p1a: Clefable
|-damage|p1a: Clefable|0 fnt
|faint|p1a: Clefable
|
|upkeep
|
|t:|1760453880
|switch|p1a: Latios|Latios, M|100/100
|-damage|p1a: Latios|88/100|[from] Stealth Rock
|turn|10
|
|t:|1760453887
|switch|p2a: Iron Moth|Iron Moth|100/100
|-enditem|p2a: Iron Moth|Booster Energy
|-activate|p2a: Iron Moth|ability: Quark Drive|[fromitem]
|-start|p2a: Iron Moth|quarkdrivespa
|move|p1a: Latios|Ice Beam|p2a: Iron Moth
|-resisted|p2a: Iron Moth
|-damage|p2a: Iron Moth|86/100
|
|upkeep
|turn|11
|
|t:|1760453896
|move|p2a: Iron Moth|Fiery Dance|p1a: Latios
|-resisted|p1a: Latios
|-damage|p1a: Latios|61/100
|-boost|p2a: Iron Moth|spa|1
|move|p1a: Latios|Luster Purge|p2a: Iron Moth
|-supereffective|p2a: Iron Moth
|-damage|p2a: Iron Moth|0 fnt
|faint|p2a: Iron Moth
|-end|p2a: Iron Moth|Quark Drive|[silent]
|
|upkeep
|
|t:|1760453905
|switch|p2a: Ceruledge|Ceruledge, M|100/100
|turn|12
|
|t:|1760453922
|switch|p1a: Iron Hands|Iron Hands|100/100
|-damage|p1a: Iron Hands|94/100|[from] Stealth Rock
|-enditem|p1a: Iron Hands|Booster Energy
|-activate|p1a: Iron Hands|ability: Quark Drive|[fromitem]
|-start|p1a: Iron Hands|quarkdriveatk
|move|p2a: Ceruledge|Swords Dance|p2a: Ceruledge
|-boost|p2a: Ceruledge|atk|2
|
|upkeep
|turn|13
|
|t:|1760453955
|move|p2a: Ceruledge|Swords Dance|p2a: Ceruledge
|-boost|p2a: Ceruledge|atk|2
|move|p1a: Iron Hands|Earthquake|p2a: Ceruledge
|-supereffective|p2a: Ceruledge
|-enditem|p2a: Ceruledge|Focus Sash
|-damage|p2a: Ceruledge|1/100
|-ability|p2a: Ceruledge|Weak Armor|boost
|-unboost|p2a: Ceruledge|def|1
|-boost|p2a: Ceruledge|spe|2
|
|upkeep
|turn|14
|
|t:|1760453963
|move|p2a: Ceruledge|Bitter Blade|p1a: Iron Hands
|-damage|p1a: Iron Hands|13/100
|-heal|p2a: Ceruledge|73/100|[from] drain|[of] p1a: Iron Hands
|move|p1a: Iron Hands|Thunder Punch|p2a: Ceruledge
|-damage|p2a: Ceruledge|0 fnt
|faint|p2a: Ceruledge
|
|upkeep
|
|t:|1760453972
|switch|p2a: Landorus|Landorus-Therian, M|70/100
|-ability|p2a: Landorus|Intimidate|boost
|-unboost|p1a: Iron Hands|atk|1
|turn|15
|
|t:|1760453978
|move|p2a: Landorus|Earthquake|p1a: Iron Hands
|-supereffective|p1a: Iron Hands
|-damage|p1a: Iron Hands|0 fnt
|faint|p1a: Iron Hands
|-end|p1a: Iron Hands|Quark Drive|[silent]
|
|upkeep
|
|t:|1760453985
|switch|p1a: Latios|Latios, M|61/100
|-damage|p1a: Latios|49/100|[from] Stealth Rock
|turn|16
|inactive|Battle timer is ON: inactive players will automatically lose when time's up. (requested by ayyyyyyuhsucconme)
|
|t:|1760453993
|switch|p2a: Kyurem|Kyurem|100/100
|-ability|p2a: Kyurem|Pressure
|move|p1a: Latios|Aura Sphere|p2a: Kyurem
|-supereffective|p2a: Kyurem
|-damage|p2a: Kyurem|42/100
|
|upkeep
|turn|17
|
|t:|1760454004
|move|p1a: Latios|Aura Sphere|p2a: Kyurem
|-supereffective|p2a: Kyurem
|-damage|p2a: Kyurem|0 fnt
|faint|p2a: Kyurem
|
|upkeep
|
|t:|1760454007
|switch|p2a: Landorus|Landorus-Therian, M|70/100
|-ability|p2a: Landorus|Intimidate|boost
|-unboost|p1a: Latios|atk|1
|turn|18
|
|t:|1760454011
|move|p1a: Latios|Ice Beam|p2a: Landorus
|-supereffective|p2a: Landorus
|-damage|p2a: Landorus|0 fnt
|faint|p2a: Landorus
|
|upkeep
|
|t:|1760454013
|switch|p2a: Kingambit|Kingambit, M|100/100
|-activate|p2a: Kingambit|ability: Supreme Overlord
|-start|p2a: Kingambit|fallen5|[silent]
|turn|19
|
|t:|1760454016
|move|p1a: Latios|Aura Sphere|p2a: Kingambit
|-supereffective|p2a: Kingambit
|-damage|p2a: Kingambit|0 fnt
|faint|p2a: Kingambit
|-end|p2a: Kingambit|fallen5|[silent]
|
|win|Tyujhgbnm
|raw|Tyujhgbnm's rating: 1188 &rarr; <strong>1216</strong><br />(+28 for winning)
|raw|ayyyyyyuhsucconme's rating: 1226 &rarr; <strong>1198</strong><br />(-28 for losing)
|l|☆ayyyyyyuhsucconme
|player|p2|
|l|☆Tyujhgbnm
|player|p1|
