|j|☆fadingstrawberry
|j|‽cithor
|t:|1760395559
|gametype|singles
|player|p1|fadingstrawberry|265|1507
|player|p2|cithor|brendan|1482
|gen|9
|tier|[Gen 9] OU
|rated|
|rule|HP Percentage Mod: HP is shown in percentages
|rule|Endless Battle Clause: Forcing endless battles is banned
|rule|Species Clause: Limit one of each Pokémon
|rule|OHKO Clause: OHKO moves are banned
|rule|Evasion Items Clause: Evasion items are banned
|rule|Evasion Moves Clause: Evasion moves are banned
|rule|Evasion Abilities Clause: Evasion abilities are banned
|rule|Sleep Moves Clause: Sleep-inducing moves are banned
|clearpoke
|poke|p1|Iron Crown|
|poke|p1|Raging Bolt|
|poke|p1|Araquanid, F|
|poke|p1|Kingambit, F|
|poke|p1|Zapdos-Galar|
|poke|p1|Latios, M|
|poke|p2|Ogerpon-Wellspring, F|
|poke|p2|Garganacl, M|
|poke|p2|Dragapult, M|
|poke|p2|Zapdos|
|poke|p2|Great Tusk|
|poke|p2|Iron Crown|
|teampreview
|
|t:|1760395569
|teamsize|p1|6
|teamsize|p2|6
|start
|switch|p1a: Zapdos|Zapdos-Galar|100/100
|switch|p2a: Zapdos|Zapdos, shiny|100/100
|turn|1
|
|t:|1760395578
|switch|p1a: Raging Bolt|Raging Bolt|100/100
|move|p2a: Zapdos|Volt Switch|p1a: Raging Bolt
|-resisted|p1a: Raging Bolt
|-damage|p1a: Raging Bolt|93/100
|
|t:|1760395592
|switch|p2a: Great Tusk|Great Tusk|100/100|[from] Volt Switch
|
|upkeep
|turn|2
|
|t:|1760395600
|move|p2a: Great Tusk|Headlong Rush|p1a: Raging Bolt
|-supereffective|p1a: Raging Bolt
|-damage|p1a: Raging Bolt|0 fnt
|-unboost|p2a: Great Tusk|def|1
|-unboost|p2a: Great Tusk|spd|1
|faint|p1a: Raging Bolt
|-end|p1a: Raging Bolt|Protosynthesis|[silent]
|
|upkeep
|inactive|Battle timer is ON: inactive players will automatically lose when time's up. (requested by cithor)
|
|t:|1760395609
|switch|p1a: Zapdos|Zapdos-Galar|100/100
|turn|3
|
|t:|1760395613
|-end|p2a: Great Tusk|Protosynthesis|[silent]
|switch|p2a: Zapdos|Zapdos, shiny|100/100
|move|p1a: Zapdos|Close Combat|p2a: Zapdos
|-resisted|p2a: Zapdos
|-damage|p2a: Zapdos|76/100
|-unboost|p1a: Zapdos|def|1
|-unboost|p1a: Zapdos|spd|1
|-status|p1a: Zapdos|par|[from] ability: Static|[of] p2a: Zapdos
|
|upkeep
|turn|4
|
|t:|1760395617
|switch|p1a: Latios|Latios, M|100/100
|move|p2a: Zapdos|Hurricane|p1a: Latios
|-damage|p1a: Latios|56/100
|-start|p1a: Latios|confusion
|
|upkeep
|turn|5
|
|t:|1760395624
|switch|p2a: Iron Crown|Iron Crown|100/100
|-activate|p1a: Latios|confusion
|move|p1a: Latios|Draco Meteor|p2a: Iron Crown
|-resisted|p2a: Iron Crown
|-damage|p2a: Iron Crown|69/100
|-unboost|p1a: Latios|spa|2
|
|upkeep
|turn|6
|
|t:|1760395630
|switch|p1a: Kingambit|Kingambit, F|100/100
|-activate|p1a: Kingambit|ability: Supreme Overlord
|-start|p1a: Kingambit|fallen1|[silent]
|move|p2a: Iron Crown|Volt Switch|p1a: Kingambit
|-damage|p1a: Kingambit|75/100
|
|t:|1760395638
|-end|p2a: Iron Crown|Quark Drive|[silent]
|switch|p2a: Ogerpon|Ogerpon-Wellspring, F|100/100|[from] Volt Switch
|
|-heal|p1a: Kingambit|81/100|[from] item: Leftovers
|upkeep
|turn|7
|
|t:|1760395644
|move|p2a: Ogerpon|Ivy Cudgel|p1a: Kingambit|[anim] Ivy Cudgel Water
|-damage|p1a: Kingambit|30/100
|move|p1a: Kingambit|Kowtow Cleave|p2a: Ogerpon
|-damage|p2a: Ogerpon|33/100
|
|-heal|p1a: Kingambit|37/100|[from] item: Leftovers
|upkeep
|turn|8
|
|t:|1760395651
|switch|p2a: Zapdos|Zapdos, shiny|76/100
|-end|p1a: Kingambit|fallen1|[silent]
|switch|p1a: Zapdos|Zapdos-Galar|100/100 par
|
|upkeep
|turn|9
|
|t:|1760395653
|move|p2a: Zapdos|Hurricane|p1a: Zapdos|[miss]
|-miss|p2a: Zapdos|p1a: Zapdos
|move|p1a: Zapdos|Knock Off|p2a: Zapdos
|-damage|p2a: Zapdos|49/100
|-enditem|p2a: Zapdos|Heavy-Duty Boots|[from] move: Knock Off|[of] p1a: Zapdos
|
|upkeep
|turn|10
|
|t:|1760395663
|move|p2a: Zapdos|Thunder Wave|p1a: Zapdos
|-fail|p1a: Zapdos|par
|cant|p1a: Zapdos|par
|
|upkeep
|turn|11
|
|t:|1760395666
|switch|p1a: Iron Crown|Iron Crown|100/100
|move|p2a: Zapdos|Roost|p2a: Zapdos
|-heal|p2a: Zapdos|99/100
|-singleturn|p2a: Zapdos|move: Roost
|
|upkeep
|turn|12
|
|t:|1760395670
|move|p1a: Iron Crown|Volt Switch|p2a: Zapdos
|-damage|p2a: Zapdos|66/100
|
|t:|1760395673
|-end|p1a: Iron Crown|Quark Drive|[silent]
|switch|p1a: Zapdos|Zapdos-Galar|100/100 par|[from] Volt Switch
|move|p2a: Zapdos|Thunder Wave|p1a: Zapdos
|-fail|p1a: Zapdos|par
|
|upkeep
|turn|13
|
|t:|1760395675
|move|p2a: Zapdos|Hurricane|p1a: Zapdos
|-supereffective|p1a: Zapdos
|-damage|p1a: Zapdos|0 fnt
|faint|p1a: Zapdos
|
|upkeep
|
|t:|1760395679
|switch|p1a: Latios|Latios, M|56/100
|turn|14
|
|t:|1760395681
|switch|p2a: Iron Crown|Iron Crown|69/100
|move|p1a: Latios|Luster Purge|p2a: Iron Crown
|-resisted|p2a: Iron Crown
|-crit|p2a: Iron Crown
|-damage|p2a: Iron Crown|52/100
|
|upkeep
|turn|15
|
|t:|1760395687
|switch|p1a: Araquanid|Araquanid, F|100/100
|move|p2a: Iron Crown|Volt Switch|p1a: Araquanid
|-supereffective|p1a: Araquanid
|-damage|p1a: Araquanid|65/100
|-message|fadingstrawberry forfeited.
|
|win|cithor
|raw|fadingstrawberry's rating: 1507 &rarr; <strong>1486</strong><br />(-21 for losing)
|raw|cithor's rating: 1482 &rarr; <strong>1503</strong><br />(+21 for winning)
|l|☆fadingstrawberry
|player|p1|
