|j|☆spring cat
|j|☆sniper20657
|t:|1760333268
|gametype|singles
|player|p1|spring cat|1|1154
|player|p2|sniper20657|blackbelt-gen4dp|1203
|gen|9
|tier|[Gen 9] OU
|rated|
|rule|HP Percentage Mod: HP is shown in percentages
|rule|Endless Battle Clause: Forcing endless battles is banned
|rule|Species Clause: Limit one of each Pokémon
|rule|OHKO Clause: OHKO moves are banned
|rule|Evasion Items Clause: Evasion items are banned
|rule|Evasion Moves Clause: Evasion moves are banned
|rule|Evasion Abilities Clause: Evasion abilities are banned
|rule|Sleep Moves Clause: Sleep-inducing moves are banned
|clearpoke
|poke|p1|Corviknight, M|
|poke|p1|Dondozo, F|
|poke|p1|Blissey, F|
|poke|p1|Gliscor, F|
|poke|p1|Garganacl, F|
|poke|p1|Clodsire, M|
|poke|p2|Hydrapple, M|
|poke|p2|Iron Moth|
|poke|p2|Alomomola, M|
|poke|p2|Kingambit, M|
|poke|p2|Zamazenta-*|
|poke|p2|Landorus-Therian, M|
|teampreview
|inactive|Battle timer is ON: inactive players will automatically lose when time's up. (requested by spring cat)
|
|t:|1760333279
|teamsize|p1|6
|teamsize|p2|6
|start
|switch|p1a: Dondozo|Dondozo, F|100/100
|switch|p2a: Zamazenta|Zamazenta|100/100
|-ability|p2a: Zamazenta|Dauntless Shield|boost
|-boost|p2a: Zamazenta|def|1
|turn|1
|
|t:|1760333288
|move|p1a: Dondozo|Curse|p1a: Dondozo
|-unboost|p1a: Dondozo|spe|1
|-boost|p1a: Dondozo|atk|1
|-boost|p1a: Dondozo|def|1
|move|p2a: Zamazenta|Roar|p1a: Dondozo
|drag|p1a: Clodsire|Clodsire, M|100/100
|
|upkeep
|turn|2
|
|t:|1760333304
|-terastallize|p2a: Zamazenta|Ice
|move|p2a: Zamazenta|Ice Fang|p1a: Clodsire
|-supereffective|p1a: Clodsire
|-damage|p1a: Clodsire|34/100
|move|p1a: Clodsire|Toxic|p2a: Zamazenta
|-status|p2a: Zamazenta|tox
|
|-heal|p1a: Clodsire|40/100|[from] item: Leftovers
|-damage|p2a: Zamazenta|94/100 tox|[from] psn
|upkeep
|turn|3
|
|t:|1760333318
|switch|p1a: Dondozo|Dondozo, F|100/100
|move|p2a: Zamazenta|Ice Fang|p1a: Dondozo
|-resisted|p1a: Dondozo
|-damage|p1a: Dondozo|94/100
|
|-heal|p1a: Dondozo|99/100|[from] item: Leftovers
|-damage|p2a: Zamazenta|82/100 tox|[from] psn
|upkeep
|turn|4
|
|t:|1760333330
|move|p1a: Dondozo|Waterfall|p2a: Zamazenta
|-damage|p2a: Zamazenta|55/100 tox
|move|p2a: Zamazenta|Roar|p1a: Dondozo
|drag|p1a: Clodsire|Clodsire, M|40/100
|
|-heal|p1a: Clodsire|47/100|[from] item: Leftovers
|-damage|p2a: Zamazenta|36/100 tox|[from] psn
|upkeep
|turn|5
|
|t:|1760333341
|switch|p2a: Hydrapple|Hydrapple, M|100/100
|switch|p1a: Dondozo|Dondozo, F|99/100
|
|-heal|p1a: Dondozo|100/100|[from] item: Leftovers
|upkeep
|turn|6
|
|t:|1760333360
|switch|p1a: Corviknight|Corviknight, M|100/100
|-ability|p1a: Corviknight|Pressure
|move|p2a: Hydrapple|Nasty Plot|p2a: Hydrapple
|-boost|p2a: Hydrapple|spa|2
|
|upkeep
|turn|7
|
|t:|1760333377
|switch|p2a: Alomomola|Alomomola, M|100/100
|move|p1a: Corviknight|Brave Bird|p2a: Alomomola
|-damage|p2a: Alomomola|82/100
|-damage|p1a: Corviknight|92/100|[from] Recoil
|
|upkeep
|turn|8
|inactive|spring cat has 120 seconds left.
|
|t:|1760333397
|switch|p1a: Blissey|Blissey, F|100/100
|move|p2a: Alomomola|Scald|p1a: Blissey
|-damage|p1a: Blissey|96/100
|-status|p1a: Blissey|brn
|
|-heal|p1a: Blissey|100/100 brn|[from] item: Leftovers
|-damage|p1a: Blissey|94/100 brn|[from] brn
|upkeep
|turn|9
|inactive|spring cat has 120 seconds left.
|
|t:|1760333415
|move|p1a: Blissey|Thunder Wave|p2a: Alomomola
|-status|p2a: Alomomola|par
|move|p2a: Alomomola|Wish|p2a: Alomomola
|
|-heal|p1a: Blissey|100/100 brn|[from] item: Leftovers
|-damage|p1a: Blissey|94/100 brn|[from] brn
|upkeep
|turn|10
|inactive|spring cat has 120 seconds left.
|
|t:|1760333425
|move|p1a: Blissey|Stealth Rock|p2a: Alomomola
|-sidestart|p2: sniper20657|move: Stealth Rock
|move|p2a: Alomomola|Flip Turn|p1a: Blissey
|-damage|p1a: Blissey|74/100 brn
|
|t:|1760333430
|switch|p2a: Zamazenta|Zamazenta, tera:Ice|36/100 tox|[from] Flip Turn
|
|-heal|p2a: Zamazenta|100/100 tox|[from] move: Wish|[wisher] Alomomola
|-heal|p1a: Blissey|80/100 brn|[from] item: Leftovers
|-damage|p2a: Zamazenta|94/100 tox|[from] psn
|-damage|p1a: Blissey|74/100 brn|[from] brn
|upkeep
|turn|11
|
|t:|1760333442
|switch|p2a: Hydrapple|Hydrapple, M|100/100
|-curestatus|p1a: Blissey|brn|[from] ability: Natural Cure
|switch|p1a: Dondozo|Dondozo, F|100/100
|
|upkeep
|turn|12
|
|t:|1760333453
|switch|p1a: Blissey|Blissey, F|74/100
|move|p2a: Hydrapple|Nasty Plot|p2a: Hydrapple
|-boost|p2a: Hydrapple|spa|2
|
|-heal|p1a: Blissey|80/100|[from] item: Leftovers
|upkeep
|turn|13
|
|t:|1760333464
|switch|p2a: Landorus|Landorus-Therian, M|100/100
|-damage|p2a: Landorus|88/100|[from] Stealth Rock
|-ability|p2a: Landorus|Intimidate|boost
|-unboost|p1a: Blissey|atk|1
|move|p1a: Blissey|Thunder Wave|p2a: Landorus
|-immune|p2a: Landorus
|
|-heal|p1a: Blissey|86/100|[from] item: Leftovers
|upkeep
|turn|14
|
|t:|1760333477
|move|p2a: Landorus|U-turn|p1a: Blissey
|-damage|p1a: Blissey|50/100
|
|t:|1760333491
|switch|p2a: Zamazenta|Zamazenta, tera:Ice|94/100 tox|[from] U-turn
|move|p1a: Blissey|Seismic Toss|p2a: Zamazenta
|-damage|p2a: Zamazenta|64/100 tox
|
|-heal|p1a: Blissey|57/100|[from] item: Leftovers
|-damage|p2a: Zamazenta|57/100 tox|[from] psn
|upkeep
|turn|15
|
|t:|1760333505
|switch|p1a: Corviknight|Corviknight, M|92/100
|-ability|p1a: Corviknight|Pressure
|move|p2a: Zamazenta|Close Combat|p1a: Corviknight
|-damage|p1a: Corviknight|52/100
|-unboost|p2a: Zamazenta|def|1
|-unboost|p2a: Zamazenta|spd|1
|-damage|p2a: Zamazenta|41/100 tox|[from] item: Rocky Helmet|[of] p1a: Corviknight
|
|-damage|p2a: Zamazenta|28/100 tox|[from] psn
|upkeep
|turn|16
|
|t:|1760333527
|switch|p2a: Landorus|Landorus-Therian, M|88/100
|-damage|p2a: Landorus|76/100|[from] Stealth Rock
|-ability|p2a: Landorus|Intimidate|boost
|-unboost|p1a: Corviknight|atk|1
|move|p1a: Corviknight|Roost|p1a: Corviknight
|-heal|p1a: Corviknight|100/100
|-singleturn|p1a: Corviknight|move: Roost
|
|upkeep
|turn|17
|
|t:|1760333543
|move|p2a: Landorus|U-turn|p1a: Corviknight
|-resisted|p1a: Corviknight
|-damage|p1a: Corviknight|96/100
|-damage|p2a: Landorus|59/100|[from] item: Rocky Helmet|[of] p1a: Corviknight
|
|t:|1760333551
|switch|p2a: Iron Moth|Iron Moth|100/100|[from] U-turn
|-damage|p2a: Iron Moth|75/100|[from] Stealth Rock
|move|p1a: Corviknight|Iron Defense|p1a: Corviknight
|-boost|p1a: Corviknight|def|2
|
|upkeep
|turn|18
|
|t:|1760333570
|switch|p1a: Blissey|Blissey, F|57/100
|move|p2a: Iron Moth|Fiery Dance|p1a: Blissey
|-damage|p1a: Blissey|43/100
|-boost|p2a: Iron Moth|spa|1
|
|-heal|p1a: Blissey|49/100|[from] item: Leftovers
|upkeep
|turn|19
|
|t:|1760333584
|-end|p2a: Iron Moth|Quark Drive|[silent]
|switch|p2a: Alomomola|Alomomola, M|100/100 par
|move|p1a: Blissey|Soft-Boiled|p1a: Blissey
|-heal|p1a: Blissey|99/100
|
|-heal|p1a: Blissey|100/100|[from] item: Leftovers
|upkeep
|turn|20
|
|t:|1760333595
|move|p1a: Blissey|Seismic Toss|p2a: Alomomola
|-damage|p2a: Alomomola|82/100 par
|cant|p2a: Alomomola|par
|
|upkeep
|turn|21
|
|t:|1760333601
|move|p1a: Blissey|Seismic Toss|p2a: Alomomola
|-damage|p2a: Alomomola|63/100 par
|move|p2a: Alomomola|Flip Turn|p1a: Blissey
|-damage|p1a: Blissey|79/100
|
|t:|1760333608
|switch|p2a: Zamazenta|Zamazenta, tera:Ice|28/100 tox|[from] Flip Turn
|
|-heal|p1a: Blissey|85/100|[from] item: Leftovers
|-damage|p2a: Zamazenta|22/100 tox|[from] psn
|upkeep
|turn|22
|
|t:|1760333628
|switch|p2a: Alomomola|Alomomola, M|96/100 par
|switch|p1a: Corviknight|Corviknight, M|96/100
|-ability|p1a: Corviknight|Pressure
|
|upkeep
|turn|23
|
|t:|1760333636
|move|p1a: Corviknight|Iron Defense|p1a: Corviknight
|-boost|p1a: Corviknight|def|2
|cant|p2a: Alomomola|par
|
|upkeep
|turn|24
|
|t:|1760333651
|move|p1a: Corviknight|Iron Defense|p1a: Corviknight
|-boost|p1a: Corviknight|def|2
|move|p2a: Alomomola|Flip Turn|p1a: Corviknight
|-damage|p1a: Corviknight|92/100
|-damage|p2a: Alomomola|80/100 par|[from] item: Rocky Helmet|[of] p1a: Corviknight
|
|t:|1760333655
|switch|p2a: Iron Moth|Iron Moth|75/100|[from] Flip Turn
|-damage|p2a: Iron Moth|50/100|[from] Stealth Rock
|
|upkeep
|turn|25
|
|t:|1760333683
|switch|p1a: Blissey|Blissey, F|85/100
|move|p2a: Iron Moth|Fiery Dance|p1a: Blissey
|-damage|p1a: Blissey|70/100
|-boost|p2a: Iron Moth|spa|1
|
|-heal|p1a: Blissey|76/100|[from] item: Leftovers
|upkeep
|turn|26
|
|t:|1760333698
|-end|p2a: Iron Moth|Quark Drive|[silent]
|switch|p2a: Alomomola|Alomomola, M|100/100 par
|move|p1a: Blissey|Seismic Toss|p2a: Alomomola
|-damage|p2a: Alomomola|82/100 par
|
|-heal|p1a: Blissey|82/100|[from] item: Leftovers
|upkeep
|turn|27
|
|t:|1760333709
|move|p1a: Blissey|Seismic Toss|p2a: Alomomola
|-damage|p2a: Alomomola|63/100 par
|move|p2a: Alomomola|Wish|p2a: Alomomola
|
|-heal|p1a: Blissey|88/100|[from] item: Leftovers
|upkeep
|turn|28
|inactive|spring cat has 120 seconds left.
|
|t:|1760333724
|switch|p1a: Dondozo|Dondozo, F|100/100
|cant|p2a: Alomomola|par
|
|-heal|p2a: Alomomola|100/100 par|[from] move: Wish|[wisher] Alomomola
|upkeep
|turn|29
|inactive|spring cat has 120 seconds left.
|
|t:|1760333737
|switch|p1a: Blissey|Blissey, F|88/100
|cant|p2a: Alomomola|par
|
|-heal|p1a: Blissey|95/100|[from] item: Leftovers
|upkeep
|turn|30
|
|t:|1760333747
|move|p1a: Blissey|Seismic Toss|p2a: Alomomola
|-damage|p2a: Alomomola|82/100 par
|move|p2a: Alomomola|Wish|p2a: Alomomola
|
|-heal|p1a: Blissey|100/100|[from] item: Leftovers
|upkeep
|turn|31
|c|☆spring cat|fast
|
|t:|1760333769
|switch|p2a: Landorus|Landorus-Therian, M|59/100
|-damage|p2a: Landorus|47/100|[from] Stealth Rock
|-ability|p2a: Landorus|Intimidate|boost
|-unboost|p1a: Blissey|atk|1
|move|p1a: Blissey|Seismic Toss|p2a: Landorus
|-damage|p2a: Landorus|16/100
|
|-heal|p2a: Landorus|99/100|[from] move: Wish|[wisher] Alomomola
|upkeep
|turn|32
|inactive|spring cat has 120 seconds left.
|
|t:|1760333798
|switch|p1a: Dondozo|Dondozo, F|100/100
|move|p2a: Landorus|Stone Edge|p1a: Dondozo
|-damage|p1a: Dondozo|85/100
|
|-heal|p1a: Dondozo|91/100|[from] item: Leftovers
|upkeep
|turn|33
|inactive|spring cat has 120 seconds left.
|
|t:|1760333812
|switch|p2a: Hydrapple|Hydrapple, M|100/100
|move|p1a: Dondozo|Curse|p1a: Dondozo
|-unboost|p1a: Dondozo|spe|1
|-boost|p1a: Dondozo|atk|1
|-boost|p1a: Dondozo|def|1
|
|-heal|p1a: Dondozo|97/100|[from] item: Leftovers
|upkeep
|turn|34
|inactive|spring cat has 120 seconds left.
|
|t:|1760333827
|switch|p1a: Corviknight|Corviknight, M|92/100
|-ability|p1a: Corviknight|Pressure
|move|p2a: Hydrapple|Draco Meteor|p1a: Corviknight
|-resisted|p1a: Corviknight
|-damage|p1a: Corviknight|68/100
|-unboost|p2a: Hydrapple|spa|2
|
|upkeep
|turn|35
|inactive|sniper20657 has 120 seconds left.
|
|t:|1760333848
|switch|p2a: Iron Moth|Iron Moth|50/100
|-damage|p2a: Iron Moth|25/100|[from] Stealth Rock
|move|p1a: Corviknight|Roost|p1a: Corviknight
|-heal|p1a: Corviknight|100/100
|-singleturn|p1a: Corviknight|move: Roost
|
|upkeep
|turn|36
|
|t:|1760333862
|switch|p1a: Blissey|Blissey, F|100/100
|move|p2a: Iron Moth|Fiery Dance|p1a: Blissey
|-damage|p1a: Blissey|85/100
|-boost|p2a: Iron Moth|spa|1
|
|-heal|p1a: Blissey|91/100|[from] item: Leftovers
|upkeep
|turn|37
|
|t:|1760333874
|-end|p2a: Iron Moth|Quark Drive|[silent]
|switch|p2a: Alomomola|Alomomola, M|100/100 par
|move|p1a: Blissey|Seismic Toss|p2a: Alomomola
|-damage|p2a: Alomomola|82/100 par
|
|-heal|p1a: Blissey|97/100|[from] item: Leftovers
|upkeep
|turn|38
|
|t:|1760333884
|move|p1a: Blissey|Seismic Toss|p2a: Alomomola
|-damage|p2a: Alomomola|63/100 par
|cant|p2a: Alomomola|par
|
|-heal|p1a: Blissey|100/100|[from] item: Leftovers
|upkeep
|turn|39
|
|t:|1760333894
|move|p1a: Blissey|Seismic Toss|p2a: Alomomola
|-damage|p2a: Alomomola|44/100 par
|move|p2a: Alomomola|Wish|p2a: Alomomola
|
|upkeep
|turn|40
|inactive|spring cat has 120 seconds left.
|
|t:|1760333900
|move|p1a: Blissey|Seismic Toss|p2a: Alomomola
|-damage|p2a: Alomomola|26/100 par
|move|p2a: Alomomola|Flip Turn|p1a: Blissey
|-damage|p1a: Blissey|80/100
|
|t:|1760333907
|switch|p2a: Iron Moth|Iron Moth|25/100|[from] Flip Turn
|-damage|p2a: Iron Moth|0 fnt|[from] Stealth Rock
|faint|p2a: Iron Moth
|-end|p2a: Iron Moth|Quark Drive|[silent]
|
|-heal|p1a: Blissey|87/100|[from] item: Leftovers
|upkeep
|-message|sniper20657 forfeited.
|
|win|spring cat
|raw|spring cat's rating: 1154 &rarr; <strong>1183</strong><br />(+29 for winning)
|raw|sniper20657's rating: 1203 &rarr; <strong>1174</strong><br />(-29 for losing)
|l|☆sniper20657
|player|p2|
|l|☆spring cat
|player|p1|
|j|☆spring cat
|player|p1|spring cat|1|
