|j|☆Bag of Rabbits
|j|☆shrek5baby
|t:|1760379694
|gametype|singles
|player|p1|Bag of Rabbits|karen|1521
|player|p2|shrek5baby|rood|1502
|gen|9
|tier|[Gen 9] OU
|rated|
|rule|HP Percentage Mod: HP is shown in percentages
|rule|Endless Battle Clause: Forcing endless battles is banned
|rule|Species Clause: Limit one of each Pokémon
|rule|OHKO Clause: OHKO moves are banned
|rule|Evasion Items Clause: Evasion items are banned
|rule|Evasion Moves Clause: Evasion moves are banned
|rule|Evasion Abilities Clause: Evasion abilities are banned
|rule|Sleep Moves Clause: Sleep-inducing moves are banned
|clearpoke
|poke|p1|Magcargo, M|
|poke|p1|Torkoal, M|
|poke|p1|Walking Wake|
|poke|p1|Hatterene, F|
|poke|p1|Great Tusk|
|poke|p1|Slither Wing|
|poke|p2|Gholdengo|
|poke|p2|Gliscor, M|
|poke|p2|Cinderace, F|
|poke|p2|Lokix, M|
|poke|p2|Primarina, M|
|poke|p2|Kingambit, M|
|teampreview
|inactive|Battle timer is ON: inactive players will automatically lose when time's up. (requested by shrek5baby)
|
|t:|1760379703
|teamsize|p1|6
|teamsize|p2|6
|start
|switch|p1a: Torkoal|Torkoal, M|100/100
|switch|p2a: Gliscor|Gliscor, M|100/100
|-weather|SunnyDay|[from] ability: Drought|[of] p1a: Torkoal
|turn|1
|
|t:|1760379716
|switch|p1a: Hatterene|Hatterene, F|100/100
|-terastallize|p2a: Gliscor|Water
|move|p2a: Gliscor|Earthquake|p1a: Hatterene
|-damage|p1a: Hatterene|67/100
|-enditem|p1a: Hatterene|Eject Button
|
|t:|1760379733
|switch|p1a: Slither Wing|Slither Wing|100/100
|-activate|p1a: Slither Wing|ability: Protosynthesis
|-start|p1a: Slither Wing|protosynthesisatk
|
|-weather|SunnyDay|[upkeep]
|-status|p2a: Gliscor|tox|[from] item: Toxic Orb
|upkeep
|turn|2
|
|t:|1760379747
|switch|p2a: Cinderace|Cinderace, F|100/100
|move|p1a: Slither Wing|U-turn|p2a: Cinderace
|-resisted|p2a: Cinderace
|-damage|p2a: Cinderace|46/100
|
|t:|1760379760
|-end|p1a: Slither Wing|Protosynthesis|[silent]
|switch|p1a: Magcargo|Magcargo, M|100/100|[from] U-turn
|
|-weather|SunnyDay|[upkeep]
|upkeep
|turn|3
|
|t:|1760379781
|move|p2a: Cinderace|High Jump Kick|p1a: Magcargo
|-start|p2a: Cinderace|typechange|Fighting|[from] ability: Libero
|-supereffective|p1a: Magcargo
|-damage|p1a: Magcargo|0 fnt
|faint|p1a: Magcargo
|
|-weather|SunnyDay|[upkeep]
|upkeep
|
|t:|1760379788
|switch|p1a: Walking Wake|Walking Wake|100/100
|-activate|p1a: Walking Wake|ability: Protosynthesis
|-start|p1a: Walking Wake|protosynthesisspe
|turn|4
|inactive|shrek5baby has 120 seconds left.
|
|t:|1760379818
|switch|p2a: Primarina|Primarina, M|100/100
|move|p1a: Walking Wake|Flip Turn|p2a: Primarina
|-resisted|p2a: Primarina
|-damage|p2a: Primarina|97/100
|
|t:|1760379831
|-end|p1a: Walking Wake|Protosynthesis|[silent]
|switch|p1a: Slither Wing|Slither Wing|100/100|[from] Flip Turn
|-activate|p1a: Slither Wing|ability: Protosynthesis
|-start|p1a: Slither Wing|protosynthesisatk
|
|-weather|SunnyDay|[upkeep]
|upkeep
|turn|5
|inactive|shrek5baby has 120 seconds left.
|
|t:|1760379848
|move|p1a: Slither Wing|Close Combat|p2a: Primarina
|-resisted|p2a: Primarina
|-damage|p2a: Primarina|25/100
|-unboost|p1a: Slither Wing|def|1
|-unboost|p1a: Slither Wing|spd|1
|move|p2a: Primarina|Draining Kiss|p1a: Slither Wing
|-supereffective|p1a: Slither Wing
|-damage|p1a: Slither Wing|31/100
|-heal|p2a: Primarina|90/100|[from] drain|[of] p1a: Slither Wing
|
|-weather|SunnyDay|[upkeep]
|upkeep
|turn|6
|-message|Bag of Rabbits forfeited.
|
|win|shrek5baby
|raw|Bag of Rabbits's rating: 1521 &rarr; <strong>1500</strong><br />(-21 for losing)
|raw|shrek5baby's rating: 1502 &rarr; <strong>1523</strong><br />(+21 for winning)
|l|☆Bag of Rabbits
|player|p1|
|l|☆shrek5baby
|player|p2|
