|j|☆KV959vv
|j|☆Lucid Coffee
|t:|1760314953
|gametype|singles
|player|p1|KV959vv|wallace|1536
|player|p2|Lucid Coffee|blue|1511
|gen|9
|tier|[Gen 9] OU
|rated|
|rule|HP Percentage Mod: HP is shown in percentages
|rule|Endless Battle Clause: Forcing endless battles is banned
|rule|Species Clause: Limit one of each Pokémon
|rule|OHKO Clause: OHKO moves are banned
|rule|Evasion Items Clause: Evasion items are banned
|rule|Evasion Moves Clause: Evasion moves are banned
|rule|Evasion Abilities Clause: Evasion abilities are banned
|rule|Sleep Moves Clause: Sleep-inducing moves are banned
|clearpoke
|poke|p1|Primarina, F|
|poke|p1|Great Tusk|
|poke|p1|Kingambit, M|
|poke|p1|Slowking-Galar, M|
|poke|p1|Ogerpon, F|
|poke|p1|Iron Valiant|
|poke|p2|Corviknight, M|
|poke|p2|Tyranitar, F|
|poke|p2|Excadrill, M|
|poke|p2|Sableye, F|
|poke|p2|Ogerpon-Cornerstone, F|
|poke|p2|Enamorus, F|
|teampreview
|
|t:|1760314970
|teamsize|p1|6
|teamsize|p2|6
|start
|switch|p1a: Ogerpon|Ogerpon, F|100/100
|switch|p2a: Tyranitar|Tyranitar, F|100/100
|-weather|Sandstorm|[from] ability: Sand Stream|[of] p2a: Tyranitar
|turn|1
|
|t:|1760314986
|switch|p2a: Corviknight|Corviknight, M|100/100
|-ability|p2a: Corviknight|Pressure
|move|p1a: Ogerpon|Knock Off|p2a: Corviknight
|-damage|p2a: Corviknight|70/100
|-damage|p1a: Ogerpon|84/100|[from] item: Rocky Helmet|[of] p2a: Corviknight
|-enditem|p2a: Corviknight|Rocky Helmet|[from] move: Knock Off|[of] p1a: Ogerpon
|
|-weather|Sandstorm|[upkeep]
|-damage|p1a: Ogerpon|78/100|[from] Sandstorm
|upkeep
|turn|2
|inactive|Battle timer is ON: inactive players will automatically lose when time's up. (requested by Lucid Coffee)
|
|t:|1760315024
|switch|p1a: Great Tusk|Great Tusk|100/100
|move|p2a: Corviknight|U-turn|p1a: Great Tusk
|-resisted|p1a: Great Tusk
|-damage|p1a: Great Tusk|95/100
|-damage|p2a: Corviknight|53/100|[from] item: Rocky Helmet|[of] p1a: Great Tusk
|
|t:|1760315032
|switch|p2a: Sableye|Sableye, F|100/100|[from] U-turn
|
|-weather|Sandstorm|[upkeep]
|-damage|p2a: Sableye|94/100|[from] Sandstorm
|upkeep
|turn|3
|
|t:|1760315052
|switch|p2a: Excadrill|Excadrill, M|100/100
|move|p1a: Great Tusk|Headlong Rush|p2a: Excadrill
|-supereffective|p2a: Excadrill
|-damage|p2a: Excadrill|0 fnt
|-unboost|p1a: Great Tusk|def|1
|-unboost|p1a: Great Tusk|spd|1
|faint|p2a: Excadrill
|
|-weather|Sandstorm|[upkeep]
|upkeep
|
|t:|1760315060
|switch|p2a: Enamorus|Enamorus, F|100/100
|turn|4
|
|t:|1760315073
|-end|p1a: Great Tusk|Protosynthesis|[silent]
|switch|p1a: Slowking|Slowking-Galar, M, shiny|100/100
|-terastallize|p2a: Enamorus|Stellar
|move|p2a: Enamorus|Tera Blast|p1a: Slowking|[anim] Tera Blast Stellar
|-damage|p1a: Slowking|79/100
|-boost|p2a: Enamorus|atk|1
|-boost|p2a: Enamorus|spa|1
|
|-weather|Sandstorm|[upkeep]
|-damage|p2a: Enamorus|94/100|[from] Sandstorm
|-damage|p1a: Slowking|73/100|[from] Sandstorm
|upkeep
|turn|5
|
|t:|1760315089
|move|p2a: Enamorus|Tera Blast|p1a: Slowking|[anim] Tera Blast Stellar
|-damage|p1a: Slowking|43/100
|-boost|p2a: Enamorus|atk|1
|-boost|p2a: Enamorus|spa|1
|move|p1a: Slowking|Sludge Bomb|p2a: Enamorus
|-supereffective|p2a: Enamorus
|-damage|p2a: Enamorus|0 fnt
|faint|p2a: Enamorus
|
|-weather|Sandstorm|[upkeep]
|-damage|p1a: Slowking|37/100|[from] Sandstorm
|upkeep
|-message|Lucid Coffee forfeited.
|
|win|KV959vv
|raw|KV959vv's rating: 1536 &rarr; <strong>1555</strong><br />(+19 for winning)
|raw|Lucid Coffee's rating: 1511 &rarr; <strong>1492</strong><br />(-19 for losing)
|l|☆Lucid Coffee
|player|p2|
|l|☆KV959vv
|player|p1|
