|j|☆jop90
|j|‽TheOnlyX
|t:|1760416441
|gametype|singles
|player|p1|jop90|266|1374
|player|p2|TheOnlyX|gambler|1428
|gen|9
|tier|[Gen 9] OU
|rated|
|rule|HP Percentage Mod: HP is shown in percentages
|rule|Endless Battle Clause: Forcing endless battles is banned
|rule|Species Clause: Limit one of each Pokémon
|rule|OHKO Clause: OHKO moves are banned
|rule|Evasion Items Clause: Evasion items are banned
|rule|Evasion Moves Clause: Evasion moves are banned
|rule|Evasion Abilities Clause: Evasion abilities are banned
|rule|Sleep Moves Clause: Sleep-inducing moves are banned
|clearpoke
|poke|p1|Araquanid, M|
|poke|p1|Scizor, F|
|poke|p1|Lokix, F|
|poke|p1|Yanmega, F|
|poke|p1|Forretress, M|
|poke|p1|Ribombee, M|
|poke|p2|Grimmsnarl, M|
|poke|p2|Latias, F|
|poke|p2|Kingambit, M|
|poke|p2|Slowking-Galar, M|
|poke|p2|Gholdengo|
|poke|p2|Meowscarada, F|
|teampreview
|inactive|Battle timer is ON: inactive players will automatically lose when time's up. (requested by TheOnlyX)
|
|t:|1760416469
|teamsize|p1|6
|teamsize|p2|6
|start
|switch|p1a: Lokix|Lokix, F|100/100
|switch|p2a: Grimmsnarl|Grimmsnarl, M|100/100
|turn|1
|
|t:|1760416474
|move|p2a: Grimmsnarl|Reflect|p2a: Grimmsnarl
|-sidestart|p2: TheOnlyX|Reflect
|move|p1a: Lokix|U-turn|p2a: Grimmsnarl
|-damage|p2a: Grimmsnarl|77/100
|
|t:|1760416485
|switch|p1a: Ribombee|Ribombee, M|100/100|[from] U-turn
|
|upkeep
|turn|2
|
|t:|1760416488
|move|p2a: Grimmsnarl|Light Screen|p2a: Grimmsnarl
|-sidestart|p2: TheOnlyX|move: Light Screen
|move|p1a: Ribombee|Moonblast|p2a: Grimmsnarl
|-supereffective|p2a: Grimmsnarl
|-damage|p2a: Grimmsnarl|41/100
|
|upkeep
|turn|3
|
|t:|1760416494
|move|p2a: Grimmsnarl|Parting Shot|p1a: Ribombee
|-unboost|p1a: Ribombee|atk|1
|-unboost|p1a: Ribombee|spa|1
|
|t:|1760416498
|switch|p2a: Latias|Latias, F|100/100|[from] Parting Shot
|move|p1a: Ribombee|Sticky Web|p2a: Latias
|-sidestart|p2: TheOnlyX|move: Sticky Web
|
|upkeep
|turn|4
|
|t:|1760416506
|move|p1a: Ribombee|Stun Spore|p2a: Latias|[miss]
|-miss|p1a: Ribombee|p2a: Latias
|move|p2a: Latias|Agility|p2a: Latias
|-boost|p2a: Latias|spe|2
|
|upkeep
|turn|5
|
|t:|1760416515
|switch|p1a: Scizor|Scizor, F|100/100
|move|p2a: Latias|Agility|p2a: Latias
|-boost|p2a: Latias|spe|2
|
|upkeep
|turn|6
|
|t:|1760416543
|move|p2a: Latias|Calm Mind|p2a: Latias
|-boost|p2a: Latias|spa|1
|-boost|p2a: Latias|spd|1
|move|p1a: Scizor|Defog|p2a: Latias
|-unboost|p2a: Latias|evasion|1
|-sideend|p2: TheOnlyX|Reflect
|-sideend|p2: TheOnlyX|move: Light Screen
|-sideend|p2: TheOnlyX|Sticky Web|[from] move: Defog|[of] p1a: Scizor
|
|upkeep
|turn|7
|
|t:|1760416552
|move|p2a: Latias|Stored Power|p1a: Scizor
|-resisted|p1a: Scizor
|-damage|p1a: Scizor|55/100
|move|p1a: Scizor|Swords Dance|p1a: Scizor
|-boost|p1a: Scizor|atk|2
|
|upkeep
|turn|8
|
|t:|1760416559
|move|p1a: Scizor|Bullet Punch|p2a: Latias
|-damage|p2a: Latias|39/100
|move|p2a: Latias|Stored Power|p1a: Scizor
|-resisted|p1a: Scizor
|-damage|p1a: Scizor|3/100
|
|upkeep
|turn|9
|
|t:|1760416579
|switch|p2a: Grimmsnarl|Grimmsnarl, M|41/100
|move|p1a: Scizor|Bullet Punch|p2a: Grimmsnarl
|-supereffective|p2a: Grimmsnarl
|-damage|p2a: Grimmsnarl|0 fnt
|faint|p2a: Grimmsnarl
|
|upkeep
|
|t:|1760416587
|switch|p2a: Kingambit|Kingambit, M, shiny|100/100
|-activate|p2a: Kingambit|ability: Supreme Overlord
|-start|p2a: Kingambit|fallen1|[silent]
|-item|p2a: Kingambit|Air Balloon
|turn|10
|
|t:|1760416594
|move|p1a: Scizor|Bullet Punch|p2a: Kingambit
|-resisted|p2a: Kingambit
|-damage|p2a: Kingambit|74/100
|-enditem|p2a: Kingambit|Air Balloon
|move|p2a: Kingambit|Iron Head|p1a: Scizor
|-resisted|p1a: Scizor
|-damage|p1a: Scizor|0 fnt
|faint|p1a: Scizor
|
|upkeep
|
|t:|1760416601
|switch|p1a: Forretress|Forretress, M|100/100
|turn|11
|
|t:|1760416609
|move|p2a: Kingambit|Swords Dance|p2a: Kingambit
|-boost|p2a: Kingambit|atk|2
|move|p1a: Forretress|Body Press|p2a: Kingambit
|-supereffective|p2a: Kingambit
|-damage|p2a: Kingambit|0 fnt
|faint|p2a: Kingambit
|-end|p2a: Kingambit|fallen1|[silent]
|
|upkeep
|
|t:|1760416621
|switch|p2a: Gholdengo|Gholdengo|100/100
|-item|p2a: Gholdengo|Air Balloon
|turn|12
|
|t:|1760416627
|switch|p1a: Araquanid|Araquanid, M|100/100
|move|p2a: Gholdengo|Nasty Plot|p2a: Gholdengo
|-boost|p2a: Gholdengo|spa|2
|
|upkeep
|turn|13
|
|t:|1760416634
|move|p2a: Gholdengo|Thunderbolt|p1a: Araquanid
|-supereffective|p1a: Araquanid
|-damage|p1a: Araquanid|33/100
|move|p1a: Araquanid|Mirror Coat|p2a: Gholdengo
|-damage|p2a: Gholdengo|0 fnt
|-enditem|p2a: Gholdengo|Air Balloon
|faint|p2a: Gholdengo
|
|upkeep
|
|t:|1760416644
|switch|p2a: Slowking|Slowking-Galar, M|100/100
|turn|14
|
|t:|1760416647
|move|p1a: Araquanid|Liquidation|p2a: Slowking
|-crit|p2a: Slowking
|-damage|p2a: Slowking|0 fnt
|faint|p2a: Slowking
|
|upkeep
|
|t:|1760416652
|switch|p2a: Meowscarada|Meowscarada, F|100/100
|turn|15
|
|t:|1760416657
|move|p2a: Meowscarada|Knock Off|p1a: Araquanid
|-start|p2a: Meowscarada|typechange|Dark|[from] ability: Protean
|-damage|p1a: Araquanid|0 fnt
|-enditem|p1a: Araquanid|Assault Vest|[from] move: Knock Off|[of] p2a: Meowscarada
|faint|p1a: Araquanid
|
|upkeep
|
|t:|1760416662
|switch|p1a: Lokix|Lokix, F|100/100
|turn|16
|
|t:|1760416670
|move|p2a: Meowscarada|Triple Axel|p1a: Lokix
|-damage|p1a: Lokix|91/100
|-crit|p1a: Lokix
|-damage|p1a: Lokix|62/100
|-damage|p1a: Lokix|35/100
|-hitcount|p1a: Lokix|3
|move|p1a: Lokix|U-turn|p2a: Meowscarada
|-supereffective|p2a: Meowscarada
|-damage|p2a: Meowscarada|0 fnt
|faint|p2a: Meowscarada
|
|t:|1760416675
|switch|p1a: Yanmega|Yanmega, F|100/100|[from] U-turn
|
|upkeep
|
|t:|1760416690
|switch|p2a: Latias|Latias, F|39/100
|turn|17
|
|t:|1760416694
|-terastallize|p2a: Latias|Fairy
|move|p1a: Yanmega|Bug Buzz|p2a: Latias
|-resisted|p2a: Latias
|-damage|p2a: Latias|0 fnt
|faint|p2a: Latias
|
|win|jop90
|raw|jop90's rating: 1374 &rarr; <strong>1397</strong><br />(+23 for winning)
|raw|TheOnlyX's rating: 1428 &rarr; <strong>1405</strong><br />(-23 for losing)
|l|☆jop90
|player|p1|
|l|‽TheOnlyX
|player|p2|
