|j|☆jakkuza
|j|☆tranmin001
|t:|1760338787
|gametype|singles
|player|p1|jakkuza|dawn|1299
|player|p2|tranmin001|hugh|1337
|gen|9
|tier|[Gen 9] OU
|rated|
|rule|HP Percentage Mod: HP is shown in percentages
|rule|Endless Battle Clause: Forcing endless battles is banned
|rule|Species Clause: Limit one of each Pokémon
|rule|OHKO Clause: OHKO moves are banned
|rule|Evasion Items Clause: Evasion items are banned
|rule|Evasion Moves Clause: Evasion moves are banned
|rule|Evasion Abilities Clause: Evasion abilities are banned
|rule|Sleep Moves Clause: Sleep-inducing moves are banned
|clearpoke
|poke|p1|Garganacl, F|
|poke|p1|Polteageist|
|poke|p1|Clefable, F|
|poke|p1|Rillaboom, M|
|poke|p1|Zamazenta-*|
|poke|p1|Ditto|
|poke|p2|Samurott-Hisui, F|
|poke|p2|Heatran, F|
|poke|p2|Latios, M|
|poke|p2|Iron Valiant|
|poke|p2|Iron Treads|
|poke|p2|Dragapult, M|
|teampreview
|
|t:|1760338798
|teamsize|p1|6
|teamsize|p2|6
|start
|switch|p1a: Rillaboom|Rillaboom, M|100/100
|switch|p2a: The Last Ronin|Samurott-Hisui, F, shiny|100/100
|-fieldstart|move: Grassy Terrain|[from] ability: Grassy Surge|[of] p1a: Rillaboom
|turn|1
|
|t:|1760338812
|switch|p2a: Vesuvius|Heatran, F, shiny|100/100
|move|p1a: Rillaboom|Wood Hammer|p2a: Vesuvius
|-resisted|p2a: Vesuvius
|-damage|p2a: Vesuvius|82/100
|-damage|p1a: Rillaboom|84/100|[from] item: Rocky Helmet|[of] p2a: Vesuvius
|-damage|p1a: Rillaboom|77/100|[from] Recoil
|
|-heal|p1a: Rillaboom|83/100|[from] Grassy Terrain
|-heal|p2a: Vesuvius|88/100|[from] Grassy Terrain
|upkeep
|turn|2
|
|t:|1760338825
|switch|p1a: Ditto|Ditto|100/100
|-transform|p1a: Ditto|p2a: Vesuvius|[from] ability: Imposter
|move|p2a: Vesuvius|Stealth Rock|p1a: Ditto
|-sidestart|p1: jakkuza|move: Stealth Rock
|
|-heal|p2a: Vesuvius|94/100|[from] Grassy Terrain
|upkeep
|turn|3
|
|t:|1760338837
|switch|p2a: The Last Ronin|Samurott-Hisui, F, shiny|100/100
|move|p1a: Ditto|Earth Power|p2a: The Last Ronin
|-damage|p2a: The Last Ronin|82/100
|
|-heal|p2a: The Last Ronin|88/100|[from] Grassy Terrain
|upkeep
|turn|4
|
|t:|1760338844
|switch|p1a: Rillaboom|Rillaboom, M|83/100
|-damage|p1a: Rillaboom|71/100|[from] Stealth Rock
|move|p2a: The Last Ronin|Ceaseless Edge|p1a: Rillaboom
|-damage|p1a: Rillaboom|28/100
|-sidestart|p1: jakkuza|Spikes
|
|-heal|p1a: Rillaboom|35/100|[from] Grassy Terrain
|-heal|p2a: The Last Ronin|94/100|[from] Grassy Terrain
|upkeep
|turn|5
|
|t:|1760338858
|switch|p2a: Wish Upon A Star|Latios, M, shiny|100/100
|move|p1a: Rillaboom|Earthquake|p2a: Wish Upon A Star
|-immune|p2a: Wish Upon A Star|[from] ability: Levitate
|
|-heal|p1a: Rillaboom|41/100|[from] Grassy Terrain
|-fieldend|move: Grassy Terrain
|upkeep
|turn|6
|inactive|Battle timer is ON: inactive players will automatically lose when time's up. (requested by tranmin001)
|
|t:|1760338871
|switch|p1a: Ditto|Ditto|100/100
|-damage|p1a: Ditto|88/100|[from] Stealth Rock
|-damage|p1a: Ditto|76/100|[from] Spikes
|-transform|p1a: Ditto|p2a: Wish Upon A Star|[from] ability: Imposter
|move|p2a: Wish Upon A Star|Flip Turn|p1a: Ditto
|-resisted|p1a: Ditto
|-damage|p1a: Ditto|69/100
|
|t:|1760338888
|switch|p2a: The Last Ronin|Samurott-Hisui, F, shiny|94/100|[from] Flip Turn
|
|upkeep
|turn|7
|
|t:|1760338904
|switch|p2a: Transylvania|Dragapult, M, shiny|100/100
|move|p1a: Ditto|Aura Sphere|p2a: Transylvania
|-immune|p2a: Transylvania
|
|upkeep
|turn|8
|
|t:|1760338917
|switch|p1a: Rillaboom|Rillaboom, M|41/100
|-damage|p1a: Rillaboom|28/100|[from] Stealth Rock
|-damage|p1a: Rillaboom|16/100|[from] Spikes
|-fieldstart|move: Grassy Terrain|[from] ability: Grassy Surge|[of] p1a: Rillaboom
|move|p2a: Transylvania|U-turn|p1a: Rillaboom
|-supereffective|p1a: Rillaboom
|-damage|p1a: Rillaboom|0 fnt
|faint|p1a: Rillaboom
|
|t:|1760338926
|switch|p2a: Wish Upon A Star|Latios, M, shiny|100/100|[from] U-turn
|
|upkeep
|
|t:|1760338937
|switch|p1a: Ditto|Ditto|69/100
|-damage|p1a: Ditto|57/100|[from] Stealth Rock
|-damage|p1a: Ditto|44/100|[from] Spikes
|-transform|p1a: Ditto|p2a: Wish Upon A Star|[from] ability: Imposter
|turn|9
|
|t:|1760338953
|switch|p2a: Lightning Rod|Iron Treads, shiny|100/100
|move|p1a: Ditto|Draco Meteor|p2a: Lightning Rod
|-resisted|p2a: Lightning Rod
|-damage|p2a: Lightning Rod|69/100
|-unboost|p1a: Ditto|spa|2
|
|-heal|p2a: Lightning Rod|75/100|[from] Grassy Terrain
|-heal|p2a: Lightning Rod|81/100|[from] item: Leftovers
|upkeep
|turn|10
|
|t:|1760338969
|switch|p1a: Zamazenta|Zamazenta|100/100
|-damage|p1a: Zamazenta|94/100|[from] Stealth Rock
|-damage|p1a: Zamazenta|82/100|[from] Spikes
|-ability|p1a: Zamazenta|Dauntless Shield|boost
|-boost|p1a: Zamazenta|def|1
|move|p2a: Lightning Rod|Ice Spinner|p1a: Zamazenta
|-damage|p1a: Zamazenta|69/100
|-fieldend|move: Grassy Terrain
|
|-heal|p2a: Lightning Rod|87/100|[from] item: Leftovers
|upkeep
|turn|11
|
|t:|1760338981
|-end|p2a: Lightning Rod|Quark Drive|[silent]
|switch|p2a: Wish Upon A Star|Latios, M, shiny|100/100
|move|p1a: Zamazenta|Ice Fang|p2a: Wish Upon A Star
|-supereffective|p2a: Wish Upon A Star
|-damage|p2a: Wish Upon A Star|34/100
|-status|p2a: Wish Upon A Star|frz
|
|upkeep
|turn|12
|
|t:|1760338996
|cant|p2a: Wish Upon A Star|frz
|move|p1a: Zamazenta|Ice Fang|p2a: Wish Upon A Star
|-supereffective|p2a: Wish Upon A Star
|-damage|p2a: Wish Upon A Star|0 fnt
|faint|p2a: Wish Upon A Star
|
|upkeep
|
|t:|1760338998
|switch|p2a: Transylvania|Dragapult, M, shiny|100/100
|turn|13
|
|t:|1760339016
|-terastallize|p2a: Transylvania|Ghost
|-terastallize|p1a: Zamazenta|Dark
|move|p2a: Transylvania|Tera Blast|p1a: Zamazenta|[anim] Tera Blast Ghost
|-resisted|p1a: Zamazenta
|-damage|p1a: Zamazenta|46/100
|move|p1a: Zamazenta|Crunch|p2a: Transylvania
|-supereffective|p2a: Transylvania
|-damage|p2a: Transylvania|0 fnt
|faint|p2a: Transylvania
|
|upkeep
|
|t:|1760339023
|switch|p2a: The Little Prince|Iron Valiant, shiny|100/100
|turn|14
|c|☆jakkuza|omg
|c|☆jakkuza|nice name
|inactive|jakkuza has 120 seconds left.
|
|t:|1760339054
|move|p1a: Zamazenta|Heavy Slam|p2a: The Little Prince
|-supereffective|p2a: The Little Prince
|-damage|p2a: The Little Prince|0 fnt
|faint|p2a: The Little Prince
|-end|p2a: The Little Prince|Quark Drive|[silent]
|
|upkeep
|
|t:|1760339061
|switch|p2a: Vesuvius|Heatran, F, shiny|94/100
|turn|15
|c|☆jakkuza|sleep well sweet prince
|
|t:|1760339075
|move|p1a: Zamazenta|Close Combat|p2a: Vesuvius
|-supereffective|p2a: Vesuvius
|-damage|p2a: Vesuvius|4/100
|-unboost|p1a: Zamazenta|def|1
|-unboost|p1a: Zamazenta|spd|1
|-damage|p1a: Zamazenta|29/100|[from] item: Rocky Helmet|[of] p2a: Vesuvius
|-status|p1a: Zamazenta|brn|[from] ability: Flame Body|[of] p2a: Vesuvius
|move|p2a: Vesuvius|Lava Plume|p1a: Zamazenta
|-damage|p1a: Zamazenta|0 fnt
|faint|p1a: Zamazenta
|
|upkeep
|inactive|jakkuza has 120 seconds left.
|
|t:|1760339110
|switch|p1a: Ditto|Ditto|44/100
|-damage|p1a: Ditto|32/100|[from] Stealth Rock
|-damage|p1a: Ditto|20/100|[from] Spikes
|-transform|p1a: Ditto|p2a: Vesuvius|[from] ability: Imposter
|turn|16
|
|t:|1760339120
|move|p1a: Ditto|Stealth Rock|p2a: Vesuvius
|-sidestart|p2: tranmin001|move: Stealth Rock
|move|p2a: Vesuvius|Earth Power|p1a: Ditto
|-supereffective|p1a: Ditto
|-damage|p1a: Ditto|0 fnt
|faint|p1a: Ditto
|
|upkeep
|
|t:|1760339132
|switch|p1a: Garganacl|Garganacl, F|100/100
|-damage|p1a: Garganacl|88/100|[from] Stealth Rock
|-damage|p1a: Garganacl|76/100|[from] Spikes
|turn|17
|
|t:|1760339137
|move|p2a: Vesuvius|Earth Power|p1a: Garganacl
|-supereffective|p1a: Garganacl
|-damage|p1a: Garganacl|40/100
|move|p1a: Garganacl|Salt Cure|p2a: Vesuvius
|-damage|p2a: Vesuvius|0 fnt
|faint|p2a: Vesuvius
|
|-heal|p1a: Garganacl|46/100|[from] item: Leftovers
|upkeep
|
|t:|1760339146
|switch|p2a: The Last Ronin|Samurott-Hisui, F, shiny|94/100
|-damage|p2a: The Last Ronin|81/100|[from] Stealth Rock
|turn|18
|
|t:|1760339158
|move|p2a: The Last Ronin|Razor Shell|p1a: Garganacl
|-supereffective|p1a: Garganacl
|-damage|p1a: Garganacl|0 fnt
|faint|p1a: Garganacl
|
|upkeep
|
|t:|1760339165
|switch|p1a: Clefable|Clefable, F|100/100
|turn|19
|
|t:|1760339170
|move|p2a: The Last Ronin|Razor Shell|p1a: Clefable
|-damage|p1a: Clefable|52/100
|move|p1a: Clefable|Cosmic Power|p1a: Clefable
|-boost|p1a: Clefable|def|1
|-boost|p1a: Clefable|spd|1
|
|-heal|p1a: Clefable|58/100|[from] item: Leftovers
|upkeep
|turn|20
|inactive|jakkuza has 120 seconds left.
|
|t:|1760339179
|move|p2a: The Last Ronin|Razor Shell|p1a: Clefable
|-damage|p1a: Clefable|28/100
|-unboost|p1a: Clefable|def|1
|move|p1a: Clefable|Moonlight|p1a: Clefable
|-heal|p1a: Clefable|78/100
|
|-heal|p1a: Clefable|84/100|[from] item: Leftovers
|upkeep
|turn|21
|
|t:|1760339188
|move|p2a: The Last Ronin|Razor Shell|p1a: Clefable
|-damage|p1a: Clefable|41/100
|-unboost|p1a: Clefable|def|1
|move|p1a: Clefable|Cosmic Power|p1a: Clefable
|-boost|p1a: Clefable|def|1
|-boost|p1a: Clefable|spd|1
|
|-heal|p1a: Clefable|47/100|[from] item: Leftovers
|upkeep
|turn|22
|
|t:|1760339203
|move|p2a: The Last Ronin|Razor Shell|p1a: Clefable
|-damage|p1a: Clefable|0 fnt
|faint|p1a: Clefable
|
|upkeep
|
|t:|1760339208
|switch|p1a: Polteageist|Polteageist|100/100
|-damage|p1a: Polteageist|88/100|[from] Stealth Rock
|-damage|p1a: Polteageist|76/100|[from] Spikes
|turn|23
|
|t:|1760339215
|move|p1a: Polteageist|Strength Sap|p2a: The Last Ronin
|-unboost|p2a: The Last Ronin|atk|1
|-heal|p1a: Polteageist|100/100
|move|p2a: The Last Ronin|Ceaseless Edge|p1a: Polteageist
|-supereffective|p1a: Polteageist
|-damage|p1a: Polteageist|0 fnt
|-sidestart|p1: jakkuza|Spikes
|faint|p1a: Polteageist
|
|win|tranmin001
|raw|jakkuza's rating: 1299 &rarr; <strong>1277</strong><br />(-22 for losing)
|raw|tranmin001's rating: 1337 &rarr; <strong>1355</strong><br />(+18 for winning)
|l|☆jakkuza
|player|p1|
|c|☆tranmin001|gg
|l|☆tranmin001
|player|p2|
