|j|☆eliopl24
|j|☆Tl81
|t:|1760340279
|gametype|singles
|player|p1|eliopl24|janitor|1266
|player|p2|Tl81|gambler|1303
|gen|9
|tier|[Gen 9] OU
|rated|
|rule|HP Percentage Mod: HP is shown in percentages
|rule|Endless Battle Clause: Forcing endless battles is banned
|rule|Species Clause: Limit one of each Pokémon
|rule|OHKO Clause: OHKO moves are banned
|rule|Evasion Items Clause: Evasion items are banned
|rule|Evasion Moves Clause: Evasion moves are banned
|rule|Evasion Abilities Clause: Evasion abilities are banned
|rule|Sleep Moves Clause: Sleep-inducing moves are banned
|clearpoke
|poke|p1|Pelipper, M|
|poke|p1|Zapdos|
|poke|p1|Electrode-Hisui|
|poke|p1|Iron Treads|
|poke|p1|Heatran, M|
|poke|p1|Barraskewda, F|
|poke|p2|Scyther, M|
|poke|p2|Great Tusk|
|poke|p2|Slowking-Galar, M|
|poke|p2|Scizor, F|
|poke|p2|Samurott-Hisui, F|
|poke|p2|Hydrapple, M|
|teampreview
|inactive|Battle timer is ON: inactive players will automatically lose when time's up. (requested by eliopl24)
|l|☆Tl81
|inactive|Tl81 disconnected and has a minute to reconnect!
|player|p2|
|j|☆Tl81
|inactive|Tl81 reconnected and has 120 seconds left.
|player|p2|Tl81|gambler|
|
|t:|1760340319
|teamsize|p1|6
|teamsize|p2|6
|start
|switch|p1a: Pelipper|Pelipper, M|100/100
|switch|p2a: Slowking|Slowking-Galar, M|100/100
|-weather|RainDance|[from] ability: Drizzle|[of] p1a: Pelipper
|turn|1
|
|t:|1760340326
|move|p1a: Pelipper|Knock Off|p2a: Slowking
|-supereffective|p2a: Slowking
|-damage|p2a: Slowking|72/100
|-enditem|p2a: Slowking|Heavy-Duty Boots|[from] move: Knock Off|[of] p1a: Pelipper
|move|p2a: Slowking|Thunder Wave|p1a: Pelipper
|-status|p1a: Pelipper|par
|
|-weather|RainDance|[upkeep]
|upkeep
|turn|2
|
|t:|1760340333
|cant|p1a: Pelipper|par
|move|p2a: Slowking|Future Sight|p1a: Pelipper
|-start|p2a: Slowking|move: Future Sight
|
|-weather|RainDance|[upkeep]
|upkeep
|turn|3
|
|t:|1760340342
|move|p1a: Pelipper|U-turn|p2a: Slowking
|-damage|p2a: Slowking|62/100
|
|t:|1760340351
|switch|p1a: Heatran|Heatran, M|100/100|[from] U-turn
|-prepare|p2a: Slowking|Chilly Reception|[premajor]
|move|p2a: Slowking|Chilly Reception|p2a: Slowking
|-weather|Snowscape
|
|t:|1760340360
|switch|p2a: Great Tusk|Great Tusk|100/100|[from] Chilly Reception
|
|-weather|Snowscape|[upkeep]
|upkeep
|turn|4
|
|t:|1760340369
|switch|p1a: Electrode|Electrode-Hisui|100/100
|move|p2a: Great Tusk|Ice Spinner|p1a: Electrode
|-supereffective|p1a: Electrode
|-damage|p1a: Electrode|25/100
|
|-weather|Snowscape|[upkeep]
|-end|p1a: Electrode|move: Future Sight
|-damage|p1a: Electrode|0 fnt
|faint|p1a: Electrode
|upkeep
|
|t:|1760340377
|switch|p1a: Pelipper|Pelipper, M|100/100 par
|-weather|RainDance|[from] ability: Drizzle|[of] p1a: Pelipper
|turn|5
|
|t:|1760340381
|-end|p2a: Great Tusk|Protosynthesis|[silent]
|switch|p2a: Slowking|Slowking-Galar, M|96/100
|move|p1a: Pelipper|U-turn|p2a: Slowking
|-damage|p2a: Slowking|87/100
|
|t:|1760340387
|switch|p1a: Barraskewda|Barraskewda, F|100/100|[from] U-turn
|
|-weather|RainDance|[upkeep]
|upkeep
|turn|6
|
|t:|1760340399
|move|p1a: Barraskewda|Flip Turn|p2a: Slowking
|-damage|p2a: Slowking|4/100
|
|t:|1760340406
|switch|p1a: Zapdos|Zapdos|100/100|[from] Flip Turn
|move|p2a: Slowking|Thunder Wave|p1a: Zapdos
|-immune|p1a: Zapdos
|
|-weather|RainDance|[upkeep]
|upkeep
|turn|7
|
|t:|1760340413
|switch|p2a: Great Tusk|Great Tusk|100/100
|move|p1a: Zapdos|U-turn|p2a: Great Tusk
|-resisted|p2a: Great Tusk
|-damage|p2a: Great Tusk|96/100
|-damage|p1a: Zapdos|84/100|[from] item: Rocky Helmet|[of] p2a: Great Tusk
|
|t:|1760340432
|switch|p1a: Pelipper|Pelipper, M|100/100 par|[from] U-turn
|
|-weather|RainDance|[upkeep]
|upkeep
|turn|8
|
|t:|1760340440
|switch|p1a: Heatran|Heatran, M|100/100
|move|p2a: Great Tusk|Knock Off|p1a: Heatran
|-damage|p1a: Heatran|79/100
|-enditem|p1a: Heatran|Leftovers|[from] move: Knock Off|[of] p2a: Great Tusk
|
|-weather|RainDance|[upkeep]
|upkeep
|turn|9
|
|t:|1760340453
|move|p2a: Great Tusk|Headlong Rush|p1a: Heatran
|-supereffective|p1a: Heatran
|-damage|p1a: Heatran|0 fnt
|-unboost|p2a: Great Tusk|def|1
|-unboost|p2a: Great Tusk|spd|1
|faint|p1a: Heatran
|
|-weather|RainDance|[upkeep]
|upkeep
|
|t:|1760340455
|switch|p1a: Barraskewda|Barraskewda, F|100/100
|turn|10
|
|t:|1760340461
|move|p1a: Barraskewda|Flip Turn|p2a: Great Tusk
|-supereffective|p2a: Great Tusk
|-damage|p2a: Great Tusk|0 fnt
|-damage|p1a: Barraskewda|84/100|[from] item: Rocky Helmet|[of] p2a: Great Tusk
|faint|p2a: Great Tusk
|-end|p2a: Great Tusk|Protosynthesis|[silent]
|
|t:|1760340464
|switch|p1a: Zapdos|Zapdos|84/100|[from] Flip Turn
|
|-weather|RainDance|[upkeep]
|upkeep
|
|t:|1760340492
|switch|p2a: Slowking|Slowking-Galar, M|38/100
|turn|11
|
|t:|1760340505
|move|p1a: Zapdos|Hurricane|p2a: Slowking
|-damage|p2a: Slowking|2/100
|move|p2a: Slowking|Future Sight|p1a: Zapdos
|-start|p2a: Slowking|move: Future Sight
|
|-weather|RainDance|[upkeep]
|upkeep
|turn|12
|
|t:|1760340511
|move|p1a: Zapdos|U-turn|p2a: Slowking
|-damage|p2a: Slowking|0 fnt
|faint|p2a: Slowking
|
|t:|1760340514
|switch|p1a: Iron Treads|Iron Treads|100/100|[from] U-turn
|
|-weather|none
|upkeep
|
|t:|1760340526
|switch|p2a: Samurott|Samurott-Hisui, F|100/100
|turn|13
|
|t:|1760340532
|move|p2a: Samurott|Ceaseless Edge|p1a: Iron Treads
|-damage|p1a: Iron Treads|60/100
|-sidestart|p1: eliopl24|Spikes
|move|p1a: Iron Treads|Supercell Slam|p2a: Samurott
|-supereffective|p2a: Samurott
|-damage|p2a: Samurott|0 fnt
|faint|p2a: Samurott
|
|-end|p1a: Iron Treads|move: Future Sight
|-resisted|p1a: Iron Treads
|-damage|p1a: Iron Treads|30/100
|upkeep
|
|t:|1760340539
|switch|p2a: Scyther|Scyther, M|100/100
|turn|14
|
|t:|1760340542
|move|p1a: Iron Treads|Supercell Slam|p2a: Scyther
|-supereffective|p2a: Scyther
|-damage|p2a: Scyther|16/100
|move|p2a: Scyther|Trailblaze|p1a: Iron Treads
|-damage|p1a: Iron Treads|6/100
|-boost|p2a: Scyther|spe|1
|
|upkeep
|turn|15
|
|t:|1760340559
|move|p2a: Scyther|Trailblaze|p1a: Iron Treads
|-damage|p1a: Iron Treads|0 fnt
|-boost|p2a: Scyther|spe|1
|faint|p1a: Iron Treads
|-end|p1a: Iron Treads|Quark Drive|[silent]
|
|upkeep
|
|t:|1760340563
|switch|p1a: Barraskewda|Barraskewda, F|84/100
|-damage|p1a: Barraskewda|72/100|[from] Spikes
|turn|16
|
|t:|1760340567
|move|p1a: Barraskewda|Aqua Jet|p2a: Scyther
|-damage|p2a: Scyther|0 fnt
|faint|p2a: Scyther
|
|upkeep
|
|t:|1760340573
|switch|p2a: Hydrapple|Hydrapple, M|100/100
|turn|17
|
|t:|1760340577
|switch|p1a: Pelipper|Pelipper, M|100/100 par
|-weather|RainDance|[from] ability: Drizzle|[of] p1a: Pelipper
|move|p2a: Hydrapple|Fickle Beam|p1a: Pelipper
|-damage|p1a: Pelipper|59/100 par
|
|-weather|RainDance|[upkeep]
|upkeep
|turn|18
|
|t:|1760340583
|move|p2a: Hydrapple|Fickle Beam|p1a: Pelipper|[anim] Fickle Beam All Out
|-activate|p2a: Hydrapple|move: Fickle Beam
|-damage|p1a: Pelipper|0 fnt
|faint|p1a: Pelipper
|
|-weather|RainDance|[upkeep]
|upkeep
|
|t:|1760340587
|switch|p1a: Zapdos|Zapdos|84/100
|turn|19
|
|t:|1760340599
|move|p1a: Zapdos|Hurricane|p2a: Hydrapple
|-supereffective|p2a: Hydrapple
|-damage|p2a: Hydrapple|0 fnt
|faint|p2a: Hydrapple
|
|-weather|RainDance|[upkeep]
|upkeep
|
|t:|1760340602
|switch|p2a: Scizor|Scizor, F|100/100
|turn|20
|
|t:|1760340606
|-terastallize|p2a: Scizor|Steel
|move|p2a: Scizor|Bullet Punch|p1a: Zapdos
|-resisted|p1a: Zapdos
|-damage|p1a: Zapdos|45/100
|move|p1a: Zapdos|Thunder|p2a: Scizor
|-damage|p2a: Scizor|20/100
|
|-weather|RainDance|[upkeep]
|upkeep
|turn|21
|
|t:|1760340613
|move|p2a: Scizor|Bullet Punch|p1a: Zapdos
|-resisted|p1a: Zapdos
|-damage|p1a: Zapdos|1/100
|move|p1a: Zapdos|Thunder|p2a: Scizor
|-damage|p2a: Scizor|0 fnt
|faint|p2a: Scizor
|
|win|eliopl24
|raw|eliopl24's rating: 1266 &rarr; <strong>1294</strong><br />(+28 for winning)
|raw|Tl81's rating: 1303 &rarr; <strong>1281</strong><br />(-22 for losing)
|l|☆Tl81
|player|p2|
|l|☆eliopl24
|player|p1|
