|j|☆Fnaf Boi Gaming
|j|☆Z-Bean
|t:|1760375596
|gametype|singles
|player|p1|Fnaf Boi Gaming|102|1144
|player|p2|Z-Bean|crasherwake|1164
|gen|9
|tier|[Gen 9] OU
|rated|
|rule|HP Percentage Mod: HP is shown in percentages
|rule|Endless Battle Clause: Forcing endless battles is banned
|rule|Species Clause: Limit one of each Pokémon
|rule|OHKO Clause: OHKO moves are banned
|rule|Evasion Items Clause: Evasion items are banned
|rule|Evasion Moves Clause: Evasion moves are banned
|rule|Evasion Abilities Clause: Evasion abilities are banned
|rule|Sleep Moves Clause: Sleep-inducing moves are banned
|clearpoke
|poke|p1|Zoroark-Hisui, M|
|poke|p1|Falinks|
|poke|p1|Greninja-*, M|
|poke|p1|Eelektross, M|
|poke|p1|Feraligatr, M|
|poke|p1|Hoopa|
|poke|p2|Rotom-Wash|
|poke|p2|Slowking-Galar, F|
|poke|p2|Great Tusk|
|poke|p2|Corviknight, F|
|poke|p2|Kyurem|
|poke|p2|Spidops, M|
|teampreview
|inactive|Battle timer is ON: inactive players will automatically lose when time's up. (requested by Fnaf Boi Gaming)
|
|t:|1760375611
|teamsize|p1|6
|teamsize|p2|6
|start
|switch|p1a: Hoopa|Hoopa|100/100
|switch|p2a: Rubbaband|Spidops, M|100/100
|turn|1
|
|t:|1760375615
|move|p2a: Rubbaband|Sucker Punch||[still]
|-fail|p2a: Rubbaband
|move|p1a: Hoopa|Nasty Plot|p1a: Hoopa
|-boost|p1a: Hoopa|spa|2
|
|upkeep
|turn|2
|
|t:|1760375619
|move|p1a: Hoopa|Nasty Plot|p1a: Hoopa
|-boost|p1a: Hoopa|spa|2
|move|p2a: Rubbaband|Knock Off|p1a: Hoopa
|-supereffective|p1a: Hoopa
|-enditem|p1a: Hoopa|Focus Sash
|-damage|p1a: Hoopa|1/100
|replace|p1a: Zoroark|Zoroark-Hisui, M
|-end|p1a: Zoroark|Illusion
|-damage|p2a: Rubbaband|91/100|[from] item: Life Orb
|
|upkeep
|turn|3
|
|t:|1760375631
|move|p2a: Rubbaband|Sucker Punch|p1a: Zoroark
|-supereffective|p1a: Zoroark
|-damage|p1a: Zoroark|0 fnt
|faint|p1a: Zoroark
|-damage|p2a: Rubbaband|81/100|[from] item: Life Orb
|
|upkeep
|
|t:|1760375635
|switch|p1a: Hoopa|Hoopa|100/100
|turn|4
|
|t:|1760375640
|move|p2a: Rubbaband|Sticky Web|p1a: Hoopa
|-sidestart|p1: Fnaf Boi Gaming|move: Sticky Web
|move|p1a: Hoopa|Trick|p2a: Rubbaband
|-activate|p1a: Hoopa|move: Trick|[of] p2a: Rubbaband
|-item|p2a: Rubbaband|Lagging Tail|[from] move: Trick
|-item|p1a: Hoopa|Life Orb|[from] move: Trick
|
|upkeep
|turn|5
|
|t:|1760375647
|move|p2a: Rubbaband|Sucker Punch|p1a: Hoopa
|-supereffective|p1a: Hoopa
|-damage|p1a: Hoopa|13/100
|move|p1a: Hoopa|Hyperspace Hole|p2a: Rubbaband
|-damage|p2a: Rubbaband|7/100
|-damage|p1a: Hoopa|3/100|[from] item: Life Orb
|
|upkeep
|turn|6
|
|t:|1760375664
|switch|p1a: Feraligatr|Feraligatr, M|100/100
|-activate|p1a: Feraligatr|move: Sticky Web
|-unboost|p1a: Feraligatr|spe|1
|move|p2a: Rubbaband|Sucker Punch||[still]
|-fail|p2a: Rubbaband
|
|upkeep
|turn|7
|
|t:|1760375670
|switch|p2a: Toledo|Corviknight, F|100/100
|-ability|p2a: Toledo|Pressure
|move|p1a: Feraligatr|Swords Dance|p1a: Feraligatr
|-boost|p1a: Feraligatr|atk|2
|
|upkeep
|turn|8
|
|t:|1760375678
|move|p1a: Feraligatr|Swords Dance|p1a: Feraligatr
|-boost|p1a: Feraligatr|atk|2
|move|p2a: Toledo|Brave Bird|p1a: Feraligatr
|-damage|p1a: Feraligatr|57/100
|-damage|p2a: Toledo|89/100|[from] Recoil
|
|-heal|p2a: Toledo|95/100|[from] item: Leftovers
|upkeep
|turn|9
|
|t:|1760375685
|move|p1a: Feraligatr|Swords Dance|p1a: Feraligatr
|-boost|p1a: Feraligatr|atk|2
|move|p2a: Toledo|Brave Bird|p1a: Feraligatr
|-crit|p1a: Feraligatr
|-damage|p1a: Feraligatr|0 fnt
|faint|p1a: Feraligatr
|-damage|p2a: Toledo|81/100|[from] Recoil
|
|-heal|p2a: Toledo|87/100|[from] item: Leftovers
|upkeep
|
|t:|1760375691
|switch|p1a: Greninja|Greninja, M|100/100
|-activate|p1a: Greninja|move: Sticky Web
|-unboost|p1a: Greninja|spe|1
|turn|10
|
|t:|1760375696
|move|p1a: Greninja|Endure|p1a: Greninja
|-singleturn|p1a: Greninja|move: Endure
|move|p2a: Toledo|U-turn|p1a: Greninja
|-supereffective|p1a: Greninja
|-damage|p1a: Greninja|49/100
|-enditem|p1a: Greninja|Weakness Policy
|-boost|p1a: Greninja|atk|2|[from] item: Weakness Policy
|-boost|p1a: Greninja|spa|2|[from] item: Weakness Policy
|
|t:|1760375701
|switch|p2a: Rubbaband|Spidops, M|7/100|[from] U-turn
|
|upkeep
|turn|11
|
|t:|1760375713
|move|p2a: Rubbaband|First Impression|p1a: Greninja
|-supereffective|p1a: Greninja
|-damage|p1a: Greninja|0 fnt
|faint|p1a: Greninja
|
|upkeep
|
|t:|1760375718
|switch|p1a: Falinks|Falinks|100/100
|-activate|p1a: Falinks|move: Sticky Web
|-unboost|p1a: Falinks|spe|1
|-ability|p1a: Falinks|Defiant|boost
|-boost|p1a: Falinks|atk|2
|turn|12
|
|t:|1760375735
|switch|p2a: Toledo|Corviknight, F|87/100
|-ability|p2a: Toledo|Pressure
|move|p1a: Falinks|No Retreat|p1a: Falinks
|-boost|p1a: Falinks|atk|1
|-boost|p1a: Falinks|def|1
|-boost|p1a: Falinks|spa|1
|-boost|p1a: Falinks|spd|1
|-boost|p1a: Falinks|spe|1
|-start|p1a: Falinks|move: No Retreat
|
|-heal|p2a: Toledo|93/100|[from] item: Leftovers
|upkeep
|turn|13
|
|t:|1760375746
|move|p1a: Falinks|Reversal|p2a: Toledo
|-damage|p2a: Toledo|78/100
|move|p2a: Toledo|Brave Bird|p1a: Falinks
|-supereffective|p1a: Falinks
|-damage|p1a: Falinks|32/100
|-damage|p2a: Toledo|63/100|[from] Recoil
|
|-heal|p2a: Toledo|69/100|[from] item: Leftovers
|upkeep
|turn|14
|
|t:|1760375757
|move|p1a: Falinks|Endure|p1a: Falinks
|-singleturn|p1a: Falinks|move: Endure
|move|p2a: Toledo|Roost|p2a: Toledo
|-heal|p2a: Toledo|100/100
|-singleturn|p2a: Toledo|move: Roost
|
|upkeep
|turn|15
|
|t:|1760375760
|move|p1a: Falinks|Reversal|p2a: Toledo
|-damage|p2a: Toledo|42/100
|move|p2a: Toledo|Brave Bird|p1a: Falinks
|-supereffective|p1a: Falinks
|-damage|p1a: Falinks|0 fnt
|faint|p1a: Falinks
|-damage|p2a: Toledo|35/100|[from] Recoil
|
|-heal|p2a: Toledo|41/100|[from] item: Leftovers
|upkeep
|
|t:|1760375763
|switch|p1a: Hoopa|Hoopa|3/100
|-activate|p1a: Hoopa|move: Sticky Web
|-unboost|p1a: Hoopa|spe|1
|turn|16
|
|t:|1760375767
|move|p2a: Toledo|U-turn|p1a: Hoopa
|-damage|p1a: Hoopa|0 fnt
|faint|p1a: Hoopa
|
|t:|1760375770
|switch|p2a: Rubbaband|Spidops, M|7/100|[from] U-turn
|
|upkeep
|
|t:|1760375771
|switch|p1a: Eelektross|Eelektross, M, shiny|100/100
|turn|17
|
|t:|1760375776
|-terastallize|p1a: Eelektross|Poison
|move|p2a: Rubbaband|First Impression|p1a: Eelektross
|-resisted|p1a: Eelektross
|-damage|p1a: Eelektross|83/100
|move|p1a: Eelektross|Coil|p1a: Eelektross
|-boost|p1a: Eelektross|atk|1
|-boost|p1a: Eelektross|def|1
|-boost|p1a: Eelektross|accuracy|1
|
|-heal|p1a: Eelektross|89/100|[from] item: Leftovers
|upkeep
|turn|18
|
|t:|1760375782
|move|p1a: Eelektross|Coil|p1a: Eelektross
|-boost|p1a: Eelektross|atk|1
|-boost|p1a: Eelektross|def|1
|-boost|p1a: Eelektross|accuracy|1
|move|p2a: Rubbaband|Knock Off|p1a: Eelektross
|-damage|p1a: Eelektross|75/100
|-enditem|p1a: Eelektross|Leftovers|[from] move: Knock Off|[of] p2a: Rubbaband
|
|upkeep
|turn|19
|
|t:|1760375793
|switch|p2a: Nelly|Slowking-Galar, F|100/100
|move|p1a: Eelektross|Coil|p1a: Eelektross
|-boost|p1a: Eelektross|atk|1
|-boost|p1a: Eelektross|def|1
|-boost|p1a: Eelektross|accuracy|1
|
|upkeep
|turn|20
|
|t:|1760375800
|move|p1a: Eelektross|Knock Off|p2a: Nelly
|-supereffective|p2a: Nelly
|-damage|p2a: Nelly|0 fnt
|-enditem|p2a: Nelly|Leftovers|[from] move: Knock Off|[of] p1a: Eelektross
|faint|p2a: Nelly
|
|upkeep
|
|t:|1760375807
|switch|p2a: Mercedes|Rotom-Wash|100/100
|turn|21
|
|t:|1760375817
|move|p2a: Mercedes|Hydro Pump|p1a: Eelektross
|-damage|p1a: Eelektross|27/100
|move|p1a: Eelektross|Knock Off|p2a: Mercedes
|-damage|p2a: Mercedes|23/100
|-enditem|p2a: Mercedes|Choice Scarf|[from] move: Knock Off|[of] p1a: Eelektross
|
|upkeep
|turn|22
|
|t:|1760375821
|move|p2a: Mercedes|Hydro Pump|p1a: Eelektross
|-crit|p1a: Eelektross
|-damage|p1a: Eelektross|0 fnt
|faint|p1a: Eelektross
|
|win|Z-Bean
|raw|Fnaf Boi Gaming's rating: 1144 &rarr; <strong>1120</strong><br />(-24 for losing)
|raw|Z-Bean's rating: 1164 &rarr; <strong>1188</strong><br />(+24 for winning)
|l|☆Fnaf Boi Gaming
|player|p1|
|l|☆Z-Bean
|player|p2|
