|j|☆XxBornToLosexX
|j|☆BobbyAxe1
|t:|1760300561
|gametype|singles
|player|p1|XxBornToLosexX|firebreather|1306
|player|p2|BobbyAxe1|gambler|1353
|gen|9
|tier|[Gen 9] OU
|rated|
|rule|HP Percentage Mod: HP is shown in percentages
|rule|Endless Battle Clause: Forcing endless battles is banned
|rule|Species Clause: Limit one of each Pokémon
|rule|OHKO Clause: OHKO moves are banned
|rule|Evasion Items Clause: Evasion items are banned
|rule|Evasion Moves Clause: Evasion moves are banned
|rule|Evasion Abilities Clause: Evasion abilities are banned
|rule|Sleep Moves Clause: Sleep-inducing moves are banned
|clearpoke
|poke|p1|Ribombee, F|
|poke|p1|Gholdengo|
|poke|p1|Arcanine-Hisui, M|
|poke|p1|Zamazenta-*|
|poke|p1|Corviknight, M|
|poke|p1|Samurott-Hisui, M|
|poke|p2|Vileplume, F|
|poke|p2|Tyranitar, M|
|poke|p2|Reuniclus, M|
|poke|p2|Spiritomb, M|
|poke|p2|Heracross, F|
|poke|p2|Chandelure, M|
|teampreview
|inactive|Battle timer is ON: inactive players will automatically lose when time's up. (requested by XxBornToLosexX)
|
|t:|1760300569
|teamsize|p1|6
|teamsize|p2|6
|start
|switch|p1a: Ribombee|Ribombee, F|100/100
|switch|p2a: Heracross|Heracross, F|100/100
|turn|1
|
|t:|1760300578
|move|p1a: Ribombee|Sticky Web|p2a: Heracross
|-sidestart|p2: BobbyAxe1|move: Sticky Web
|move|p2a: Heracross|Spikes|p1a: Ribombee
|-sidestart|p1: XxBornToLosexX|Spikes
|
|upkeep
|turn|2
|
|t:|1760300584
|switch|p2a: Vileplume|Vileplume, F|100/100
|-activate|p2a: Vileplume|move: Sticky Web
|-unboost|p2a: Vileplume|spe|1
|move|p1a: Ribombee|Moonblast|p2a: Vileplume
|-resisted|p2a: Vileplume
|-damage|p2a: Vileplume|84/100
|-unboost|p2a: Vileplume|spa|1
|
|-heal|p2a: Vileplume|91/100|[from] item: Black Sludge
|upkeep
|turn|3
|
|t:|1760300599
|move|p1a: Ribombee|Bug Buzz|p2a: Vileplume
|-damage|p2a: Vileplume|64/100
|move|p2a: Vileplume|Sludge Bomb|p1a: Ribombee
|-supereffective|p1a: Ribombee
|-damage|p1a: Ribombee|22/100
|
|-heal|p2a: Vileplume|71/100|[from] item: Black Sludge
|upkeep
|turn|4
|
|t:|1760300610
|move|p1a: Ribombee|Moonblast|p2a: Vileplume
|-resisted|p2a: Vileplume
|-crit|p2a: Vileplume
|-damage|p2a: Vileplume|48/100
|move|p2a: Vileplume|Strength Sap|p1a: Ribombee
|-unboost|p1a: Ribombee|atk|1
|-heal|p2a: Vileplume|85/100
|
|-heal|p2a: Vileplume|91/100|[from] item: Black Sludge
|upkeep
|turn|5
|
|t:|1760300621
|move|p1a: Ribombee|Bug Buzz|p2a: Vileplume
|-damage|p2a: Vileplume|63/100
|move|p2a: Vileplume|Sludge Bomb|p1a: Ribombee
|-supereffective|p1a: Ribombee
|-damage|p1a: Ribombee|0 fnt
|faint|p1a: Ribombee
|
|-heal|p2a: Vileplume|70/100|[from] item: Black Sludge
|upkeep
|
|t:|1760300626
|switch|p1a: Arcanine|Arcanine-Hisui, M|100/100
|-damage|p1a: Arcanine|88/100|[from] Spikes
|turn|6
|inactive|BobbyAxe1 has 120 seconds left.
|
|t:|1760300668
|move|p1a: Arcanine|Head Smash|p2a: Vileplume
|-damage|p2a: Vileplume|0 fnt
|faint|p2a: Vileplume
|
|upkeep
|
|t:|1760300678
|switch|p2a: Tyranitar|Tyranitar, M|100/100
|-activate|p2a: Tyranitar|move: Sticky Web
|-unboost|p2a: Tyranitar|spe|1
|-weather|Sandstorm|[from] ability: Sand Stream|[of] p2a: Tyranitar
|turn|7
|
|t:|1760300683
|move|p1a: Arcanine|Head Smash|p2a: Tyranitar
|-damage|p2a: Tyranitar|20/100
|move|p2a: Tyranitar|Earthquake|p1a: Arcanine
|-supereffective|p1a: Arcanine
|-damage|p1a: Arcanine|0 fnt
|faint|p1a: Arcanine
|
|-weather|Sandstorm|[upkeep]
|-heal|p2a: Tyranitar|26/100|[from] item: Leftovers
|upkeep
|
|t:|1760300688
|switch|p1a: Zamazenta|Zamazenta|100/100
|-damage|p1a: Zamazenta|88/100|[from] Spikes
|-ability|p1a: Zamazenta|Dauntless Shield|boost
|-boost|p1a: Zamazenta|def|1
|turn|8
|inactive|BobbyAxe1 has 120 seconds left.
|
|t:|1760300711
|switch|p2a: Spiritomb|Spiritomb, M|100/100
|-activate|p2a: Spiritomb|move: Sticky Web
|-unboost|p2a: Spiritomb|spe|1
|-ability|p2a: Spiritomb|Pressure
|move|p1a: Zamazenta|Body Press|p2a: Spiritomb
|-immune|p2a: Spiritomb
|
|-weather|Sandstorm|[upkeep]
|-damage|p1a: Zamazenta|82/100|[from] Sandstorm
|-damage|p2a: Spiritomb|94/100|[from] Sandstorm
|-heal|p1a: Zamazenta|88/100|[from] item: Leftovers
|-heal|p2a: Spiritomb|100/100|[from] item: Leftovers
|upkeep
|turn|9
|
|t:|1760300724
|move|p2a: Spiritomb|Will-O-Wisp|p1a: Zamazenta
|-status|p1a: Zamazenta|brn
|move|p1a: Zamazenta|Roar|p2a: Spiritomb
|drag|p2a: Reuniclus|Reuniclus, M|100/100
|-activate|p2a: Reuniclus|move: Sticky Web
|-unboost|p2a: Reuniclus|spe|1
|
|-weather|Sandstorm|[upkeep]
|-damage|p1a: Zamazenta|82/100 brn|[from] Sandstorm
|-heal|p1a: Zamazenta|88/100 brn|[from] item: Leftovers
|-damage|p1a: Zamazenta|82/100 brn|[from] brn
|upkeep
|turn|10
|-message|XxBornToLosexX forfeited.
|
|win|BobbyAxe1
|raw|XxBornToLosexX's rating: 1306 &rarr; <strong>1289</strong><br />(-17 for losing)
|raw|BobbyAxe1's rating: 1353 &rarr; <strong>1370</strong><br />(+17 for winning)
|l|☆XxBornToLosexX
|player|p1|
|l|☆BobbyAxe1
|player|p2|
