|j|‽dedark
|j|☆Deez nuts 1230
|t:|1760446949
|gametype|singles
|player|p1|dedark|giovanni|1247
|player|p2|Deez nuts 1230|biker-gen4|1246
|gen|9
|tier|[Gen 9] OU
|rated|
|rule|HP Percentage Mod: HP is shown in percentages
|rule|Endless Battle Clause: Forcing endless battles is banned
|rule|Species Clause: Limit one of each Pokémon
|rule|OHKO Clause: OHKO moves are banned
|rule|Evasion Items Clause: Evasion items are banned
|rule|Evasion Moves Clause: Evasion moves are banned
|rule|Evasion Abilities Clause: Evasion abilities are banned
|rule|Sleep Moves Clause: Sleep-inducing moves are banned
|clearpoke
|poke|p1|Meowscarada, F|
|poke|p1|Hydreigon, M|
|poke|p1|Bisharp, M|
|poke|p1|Samurott-Hisui, M|
|poke|p1|Sableye, M|
|poke|p1|Muk-Alola, M|
|poke|p2|Araquanid, M|
|poke|p2|Gholdengo|
|poke|p2|Enamorus, F|
|poke|p2|Darkrai|
|poke|p2|Mienshao, M|
|poke|p2|Iron Moth|
|teampreview
|inactive|Battle timer is ON: inactive players will automatically lose when time's up. (requested by Deez nuts 1230)
|
|t:|1760446952
|teamsize|p1|6
|teamsize|p2|6
|start
|switch|p1a: Samurott|Samurott-Hisui, M|100/100
|switch|p2a: Araquanid|Araquanid, M|100/100
|turn|1
|
|t:|1760446958
|move|p1a: Samurott|Ceaseless Edge|p2a: Araquanid
|-damage|p2a: Araquanid|52/100
|-sidestart|p2: Deez nuts 1230|Spikes
|move|p2a: Araquanid|Sticky Web|p1a: Samurott
|-sidestart|p1: dedark|move: Sticky Web
|
|upkeep
|turn|2
|
|t:|1760446962
|move|p1a: Samurott|Ceaseless Edge|p2a: Araquanid
|-damage|p2a: Araquanid|0 fnt
|-sidestart|p2: Deez nuts 1230|Spikes
|faint|p2a: Araquanid
|
|upkeep
|
|t:|1760446968
|switch|p2a: Enamorus|Enamorus, F|100/100
|turn|3
|
|t:|1760446974
|switch|p1a: Muk|Muk-Alola, M|100/100
|-activate|p1a: Muk|move: Sticky Web
|-unboost|p1a: Muk|spe|1
|move|p2a: Enamorus|Moonblast|p1a: Muk
|-damage|p1a: Muk|78/100
|-unboost|p1a: Muk|spa|1
|
|upkeep
|turn|4
|
|t:|1760446981
|move|p2a: Enamorus|Earth Power|p1a: Muk
|-supereffective|p1a: Muk
|-damage|p1a: Muk|50/100
|move|p1a: Muk|Crunch|p2a: Enamorus
|-resisted|p2a: Enamorus
|-damage|p2a: Enamorus|79/100
|
|upkeep
|turn|5
|
|t:|1760446988
|-terastallize|p2a: Enamorus|Ground
|move|p2a: Enamorus|Earth Power|p1a: Muk
|-supereffective|p1a: Muk
|-damage|p1a: Muk|11/100
|move|p1a: Muk|Poison Jab|p2a: Enamorus
|-resisted|p2a: Enamorus
|-damage|p2a: Enamorus|56/100
|
|upkeep
|turn|6
|
|t:|1760446996
|move|p1a: Muk|Shadow Sneak|p2a: Enamorus
|-damage|p2a: Enamorus|40/100
|-status|p2a: Enamorus|psn|[from] ability: Poison Touch|[of] p1a: Muk
|move|p2a: Enamorus|Earth Power|p1a: Muk
|-supereffective|p1a: Muk
|-damage|p1a: Muk|0 fnt
|faint|p1a: Muk
|
|-damage|p2a: Enamorus|28/100 psn|[from] psn
|upkeep
|
|t:|1760447000
|switch|p1a: Samurott|Samurott-Hisui, M|100/100
|-activate|p1a: Samurott|move: Sticky Web
|-unboost|p1a: Samurott|spe|1
|turn|7
|
|t:|1760447005
|move|p1a: Samurott|Sucker Punch|p2a: Enamorus
|-damage|p2a: Enamorus|0 fnt
|faint|p2a: Enamorus
|
|upkeep
|
|t:|1760447010
|switch|p2a: Mienshao|Mienshao, M|100/100
|-damage|p2a: Mienshao|84/100|[from] Spikes
|turn|8
|
|t:|1760447014
|switch|p1a: Sableye|Sableye, M|100/100
|-activate|p1a: Sableye|move: Sticky Web
|-unboost|p1a: Sableye|spe|1
|move|p2a: Mienshao|U-turn|p1a: Sableye
|-damage|p1a: Sableye|78/100
|
|t:|1760447020
|switch|p2a: Darkrai|Darkrai|100/100|[from] U-turn
|-damage|p2a: Darkrai|84/100|[from] Spikes
|
|-heal|p2a: Darkrai|90/100|[from] item: Leftovers
|-heal|p1a: Sableye|84/100|[from] item: Leftovers
|upkeep
|turn|9
|
|t:|1760447024
|switch|p1a: Bisharp|Bisharp, M, shiny|100/100
|-activate|p1a: Bisharp|move: Sticky Web
|-unboost|p1a: Bisharp|spe|1
|-ability|p1a: Bisharp|Defiant|boost
|-boost|p1a: Bisharp|atk|2
|move|p2a: Darkrai|Substitute|p2a: Darkrai
|-start|p2a: Darkrai|Substitute
|-damage|p2a: Darkrai|65/100
|
|-heal|p2a: Darkrai|71/100|[from] item: Leftovers
|upkeep
|turn|10
|
|t:|1760447030
|move|p2a: Darkrai|Nasty Plot|p2a: Darkrai
|-boost|p2a: Darkrai|spa|2
|move|p1a: Bisharp|Iron Head|p2a: Darkrai
|-end|p2a: Darkrai|Substitute
|
|-heal|p2a: Darkrai|77/100|[from] item: Leftovers
|upkeep
|turn|11
|
|t:|1760447036
|-terastallize|p1a: Bisharp|Flying
|move|p2a: Darkrai|Substitute|p2a: Darkrai
|-start|p2a: Darkrai|Substitute
|-damage|p2a: Darkrai|52/100
|move|p1a: Bisharp|Iron Head|p2a: Darkrai
|-end|p2a: Darkrai|Substitute
|
|-heal|p2a: Darkrai|59/100|[from] item: Leftovers
|upkeep
|turn|12
|
|t:|1760447042
|move|p2a: Darkrai|Ice Beam|p1a: Bisharp
|-supereffective|p1a: Bisharp
|-damage|p1a: Bisharp|0 fnt
|faint|p1a: Bisharp
|
|-heal|p2a: Darkrai|65/100|[from] item: Leftovers
|upkeep
|
|t:|1760447044
|switch|p1a: Samurott|Samurott-Hisui, M|100/100
|-activate|p1a: Samurott|move: Sticky Web
|-unboost|p1a: Samurott|spe|1
|turn|13
|
|t:|1760447053
|move|p2a: Darkrai|Substitute|p2a: Darkrai
|-start|p2a: Darkrai|Substitute
|-damage|p2a: Darkrai|40/100
|move|p1a: Samurott|Sacred Sword|p2a: Darkrai
|-supereffective|p2a: Darkrai
|-end|p2a: Darkrai|Substitute
|
|-heal|p2a: Darkrai|46/100|[from] item: Leftovers
|upkeep
|turn|14
|
|t:|1760447058
|move|p2a: Darkrai|Dark Pulse|p1a: Samurott
|-resisted|p1a: Samurott
|-damage|p1a: Samurott|36/100
|move|p1a: Samurott|Aqua Cutter|p2a: Darkrai
|-damage|p2a: Darkrai|0 fnt
|faint|p2a: Darkrai
|
|upkeep
|
|t:|1760447066
|switch|p2a: Mienshao|Mienshao, M|100/100
|-damage|p2a: Mienshao|84/100|[from] Spikes
|turn|15
|
|t:|1760447076
|switch|p1a: Sableye|Sableye, M|84/100
|-activate|p1a: Sableye|move: Sticky Web
|-unboost|p1a: Sableye|spe|1
|move|p2a: Mienshao|U-turn|p1a: Sableye
|-damage|p1a: Sableye|62/100
|
|t:|1760447082
|switch|p2a: Gholdengo|Gholdengo|100/100|[from] U-turn
|-damage|p2a: Gholdengo|84/100|[from] Spikes
|
|-heal|p1a: Sableye|68/100|[from] item: Leftovers
|upkeep
|turn|16
|
|t:|1760447090
|switch|p1a: Meowscarada|Meowscarada, F|100/100
|-activate|p1a: Meowscarada|move: Sticky Web
|-unboost|p1a: Meowscarada|spe|1
|move|p2a: Gholdengo|Trick|p1a: Meowscarada
|-activate|p2a: Gholdengo|move: Trick|[of] p1a: Meowscarada
|-item|p1a: Meowscarada|Choice Scarf|[from] move: Trick
|-item|p2a: Gholdengo|Choice Scarf|[from] move: Trick
|
|upkeep
|turn|17
|
|t:|1760447099
|move|p2a: Gholdengo|Make It Rain|p1a: Meowscarada
|-damage|p1a: Meowscarada|0 fnt
|-unboost|p2a: Gholdengo|spa|1
|faint|p1a: Meowscarada
|
|upkeep
|
|t:|1760447109
|switch|p1a: Samurott|Samurott-Hisui, M|36/100
|-activate|p1a: Samurott|move: Sticky Web
|-unboost|p1a: Samurott|spe|1
|turn|18
|
|t:|1760447113
|move|p2a: Gholdengo|Make It Rain|p1a: Samurott
|-resisted|p1a: Samurott
|-damage|p1a: Samurott|4/100
|-unboost|p2a: Gholdengo|spa|1
|move|p1a: Samurott|Aqua Cutter|p2a: Gholdengo
|-damage|p2a: Gholdengo|29/100
|
|upkeep
|turn|19
|
|t:|1760447116
|move|p1a: Samurott|Sucker Punch|p2a: Gholdengo
|-supereffective|p2a: Gholdengo
|-damage|p2a: Gholdengo|0 fnt
|faint|p2a: Gholdengo
|
|upkeep
|
|t:|1760447121
|switch|p2a: Iron Moth|Iron Moth|100/100
|-damage|p2a: Iron Moth|84/100|[from] Spikes
|-enditem|p2a: Iron Moth|Booster Energy
|-activate|p2a: Iron Moth|ability: Quark Drive|[fromitem]
|-start|p2a: Iron Moth|quarkdrivespe
|turn|20
|
|t:|1760447124
|move|p2a: Iron Moth|Energy Ball|p1a: Samurott
|-supereffective|p1a: Samurott
|-damage|p1a: Samurott|0 fnt
|faint|p1a: Samurott
|
|upkeep
|
|t:|1760447126
|switch|p1a: Sableye|Sableye, M|68/100
|-activate|p1a: Sableye|move: Sticky Web
|-unboost|p1a: Sableye|spe|1
|turn|21
|
|t:|1760447134
|move|p1a: Sableye|Thunder Wave|p2a: Iron Moth
|-status|p2a: Iron Moth|par
|move|p2a: Iron Moth|Fiery Dance|p1a: Sableye
|-damage|p1a: Sableye|0 fnt
|-boost|p2a: Iron Moth|spa|1
|faint|p1a: Sableye
|
|upkeep
|
|t:|1760447137
|switch|p1a: Hydreigon|Hydreigon, M|100/100
|turn|22
|
|t:|1760447146
|move|p1a: Hydreigon|Dark Pulse|p2a: Iron Moth
|-damage|p2a: Iron Moth|21/100 par
|move|p2a: Iron Moth|Sludge Wave|p1a: Hydreigon
|-damage|p1a: Hydreigon|22/100
|
|upkeep
|turn|23
|
|t:|1760447149
|move|p1a: Hydreigon|Dark Pulse|p2a: Iron Moth
|-damage|p2a: Iron Moth|0 fnt
|faint|p2a: Iron Moth
|-end|p2a: Iron Moth|Quark Drive|[silent]
|
|upkeep
|
|t:|1760447150
|switch|p2a: Mienshao|Mienshao, M|100/100
|-damage|p2a: Mienshao|84/100|[from] Spikes
|turn|24
|
|t:|1760447154
|move|p2a: Mienshao|Close Combat|p1a: Hydreigon
|-supereffective|p1a: Hydreigon
|-damage|p1a: Hydreigon|0 fnt
|-unboost|p2a: Mienshao|def|1
|-unboost|p2a: Mienshao|spd|1
|faint|p1a: Hydreigon
|
|win|Deez nuts 1230
|raw|dedark's rating: 1247 &rarr; <strong>1222</strong><br />(-25 for losing)
|raw|Deez nuts 1230's rating: 1246 &rarr; <strong>1271</strong><br />(+25 for winning)
|l|‽dedark
|player|p1|
|l|☆Deez nuts 1230
|player|p2|
