|j|☆pikapikabetis
|j|☆Jonesy42
|t:|1760382179
|gametype|singles
|player|p1|pikapikabetis|102|1200
|player|p2|Jonesy42|gentleman-gen4|1246
|gen|9
|tier|[Gen 9] OU
|rated|
|rule|HP Percentage Mod: HP is shown in percentages
|rule|Endless Battle Clause: Forcing endless battles is banned
|rule|Species Clause: Limit one of each Pokémon
|rule|OHKO Clause: OHKO moves are banned
|rule|Evasion Items Clause: Evasion items are banned
|rule|Evasion Moves Clause: Evasion moves are banned
|rule|Evasion Abilities Clause: Evasion abilities are banned
|rule|Sleep Moves Clause: Sleep-inducing moves are banned
|clearpoke
|poke|p1|Heatran, M|
|poke|p1|Tauros-Paldea-Blaze, M|
|poke|p1|Garganacl, M|
|poke|p1|Polteageist|
|poke|p1|Slowking-Galar, M|
|poke|p1|Alomomola, M|
|poke|p2|Scizor, F|
|poke|p2|Hatterene, F|
|poke|p2|Great Tusk|
|poke|p2|Kyurem|
|poke|p2|Ogerpon-Wellspring, F|
|poke|p2|Weezing-Galar, F|
|teampreview
|inactive|Battle timer is ON: inactive players will automatically lose when time's up. (requested by pikapikabetis)
|
|t:|1760382210
|teamsize|p1|6
|teamsize|p2|6
|start
|switch|p1a: Garganacl|Garganacl, M|100/100
|switch|p2a: Great Tusk|Great Tusk|100/100
|-enditem|p2a: Great Tusk|Booster Energy
|-activate|p2a: Great Tusk|ability: Protosynthesis|[fromitem]
|-start|p2a: Great Tusk|protosynthesisatk
|turn|1
|
|t:|1760382219
|-terastallize|p1a: Garganacl|Ghost
|move|p2a: Great Tusk|Close Combat|p1a: Garganacl
|-immune|p1a: Garganacl
|move|p1a: Garganacl|Salt Cure|p2a: Great Tusk
|-resisted|p2a: Great Tusk
|-damage|p2a: Great Tusk|98/100
|-start|p2a: Great Tusk|Salt Cure
|
|-damage|p2a: Great Tusk|85/100|[from] Salt Cure
|upkeep
|turn|2
|
|t:|1760382231
|move|p2a: Great Tusk|Earthquake|p1a: Garganacl
|-damage|p1a: Garganacl|67/100
|move|p1a: Garganacl|Stealth Rock|p2a: Great Tusk
|-sidestart|p2: Jonesy42|move: Stealth Rock
|
|-heal|p1a: Garganacl|73/100|[from] item: Leftovers
|-damage|p2a: Great Tusk|73/100|[from] Salt Cure
|upkeep
|turn|3
|
|t:|1760382256
|-end|p2a: Great Tusk|Protosynthesis|[silent]
|switch|p2a: Ogerpon|Ogerpon-Wellspring, F|100/100
|-damage|p2a: Ogerpon|88/100|[from] Stealth Rock
|switch|p1a: Slowking|Slowking-Galar, M|100/100
|
|upkeep
|turn|4
|
|t:|1760382266
|move|p2a: Ogerpon|Knock Off|p1a: Slowking
|-supereffective|p1a: Slowking
|-damage|p1a: Slowking|27/100
|-enditem|p1a: Slowking|Black Sludge|[from] move: Knock Off|[of] p2a: Ogerpon
|move|p1a: Slowking|Sludge Wave|p2a: Ogerpon
|-supereffective|p2a: Ogerpon
|-damage|p2a: Ogerpon|0 fnt
|faint|p2a: Ogerpon
|
|upkeep
|inactive|Jonesy42 has 120 seconds left.
|
|t:|1760382283
|switch|p2a: Kyurem|Kyurem|100/100
|-damage|p2a: Kyurem|75/100|[from] Stealth Rock
|-ability|p2a: Kyurem|Pressure
|turn|5
|
|t:|1760382289
|move|p1a: Slowking|Protect|p1a: Slowking
|-singleturn|p1a: Slowking|Protect
|move|p2a: Kyurem|Shadow Ball|p1a: Slowking
|-activate|p1a: Slowking|move: Protect
|
|upkeep
|turn|6
|
|t:|1760382303
|switch|p1a: Heatran|Heatran, M|100/100
|-item|p1a: Heatran|Air Balloon
|move|p2a: Kyurem|Dragon Tail|p1a: Heatran
|-resisted|p1a: Heatran
|-damage|p1a: Heatran|89/100
|-enditem|p1a: Heatran|Air Balloon
|drag|p1a: Tauros|Tauros-Paldea-Blaze, M|100/100
|-ability|p1a: Tauros|Intimidate|boost
|-unboost|p2a: Kyurem|atk|1
|
|upkeep
|turn|7
|inactive|Jonesy42 has 120 seconds left.
|
|t:|1760382330
|switch|p2a: Great Tusk|Great Tusk|73/100
|-damage|p2a: Great Tusk|70/100|[from] Stealth Rock
|move|p1a: Tauros|Close Combat|p2a: Great Tusk
|-damage|p2a: Great Tusk|27/100
|-unboost|p1a: Tauros|def|1
|-unboost|p1a: Tauros|spd|1
|
|upkeep
|turn|8
|inactive|Jonesy42 has 120 seconds left.
|
|t:|1760382341
|move|p1a: Tauros|Close Combat|p2a: Great Tusk
|-damage|p2a: Great Tusk|0 fnt
|-unboost|p1a: Tauros|def|1
|-unboost|p1a: Tauros|spd|1
|faint|p2a: Great Tusk
|-end|p2a: Great Tusk|Protosynthesis|[silent]
|
|upkeep
|inactive|Jonesy42 has 120 seconds left.
|
|t:|1760382351
|switch|p2a: Hatterene|Hatterene, F|100/100
|-damage|p2a: Hatterene|88/100|[from] Stealth Rock
|turn|9
|
|t:|1760382359
|switch|p1a: Slowking|Slowking-Galar, M|60/100
|move|p2a: Hatterene|Nuzzle|p1a: Slowking
|-damage|p1a: Slowking|56/100
|-status|p1a: Slowking|par
|
|-heal|p2a: Hatterene|94/100|[from] item: Leftovers
|upkeep
|turn|10
|
|t:|1760382369
|-terastallize|p2a: Hatterene|Flying
|move|p2a: Hatterene|Calm Mind|p2a: Hatterene
|-boost|p2a: Hatterene|spa|1
|-boost|p2a: Hatterene|spd|1
|move|p1a: Slowking|Slack Off|p1a: Slowking
|-heal|p1a: Slowking|100/100 par
|
|-heal|p2a: Hatterene|99/100|[from] item: Leftovers
|upkeep
|turn|11
|
|t:|1760382380
|move|p2a: Hatterene|Calm Mind|p2a: Hatterene
|-boost|p2a: Hatterene|spa|1
|-boost|p2a: Hatterene|spd|1
|move|p1a: Slowking|Sludge Wave|p2a: Hatterene
|-damage|p2a: Hatterene|80/100
|
|-heal|p2a: Hatterene|86/100|[from] item: Leftovers
|upkeep
|turn|12
|
|t:|1760382390
|switch|p1a: Alomomola|Alomomola, M|100/100
|move|p2a: Hatterene|Draining Kiss|p1a: Alomomola
|-damage|p1a: Alomomola|33/100
|-heal|p2a: Hatterene|100/100|[from] drain|[of] p1a: Alomomola
|-damage|p2a: Hatterene|84/100|[from] item: Rocky Helmet|[of] p1a: Alomomola
|
|-heal|p2a: Hatterene|90/100|[from] item: Leftovers
|upkeep
|turn|13
|
|t:|1760382407
|move|p1a: Alomomola|Flip Turn|p2a: Hatterene
|-damage|p2a: Hatterene|70/100
|
|t:|1760382411
|switch|p1a: Slowking|Slowking-Galar, M|100/100 par|[from] Flip Turn
|move|p2a: Hatterene|Psychic|p1a: Slowking
|-damage|p1a: Slowking|35/100 par
|
|-heal|p2a: Hatterene|76/100|[from] item: Leftovers
|upkeep
|turn|14
|
|t:|1760382420
|move|p2a: Hatterene|Calm Mind|p2a: Hatterene
|-boost|p2a: Hatterene|spa|1
|-boost|p2a: Hatterene|spd|1
|move|p1a: Slowking|Sludge Wave|p2a: Hatterene
|-damage|p2a: Hatterene|60/100
|
|-heal|p2a: Hatterene|66/100|[from] item: Leftovers
|upkeep
|turn|15
|
|t:|1760382428
|move|p2a: Hatterene|Draining Kiss|p1a: Slowking
|-resisted|p1a: Slowking
|-damage|p1a: Slowking|12/100 par
|-heal|p2a: Hatterene|87/100|[from] drain|[of] p1a: Slowking
|move|p1a: Slowking|Sludge Wave|p2a: Hatterene
|-damage|p2a: Hatterene|72/100
|
|-heal|p2a: Hatterene|78/100|[from] item: Leftovers
|upkeep
|turn|16
|
|t:|1760382438
|move|p2a: Hatterene|Draining Kiss|p1a: Slowking
|-resisted|p1a: Slowking
|-damage|p1a: Slowking|0 fnt
|-heal|p2a: Hatterene|89/100|[from] drain|[of] p1a: Slowking
|faint|p1a: Slowking
|
|-heal|p2a: Hatterene|95/100|[from] item: Leftovers
|upkeep
|
|t:|1760382448
|switch|p1a: Tauros|Tauros-Paldea-Blaze, M|100/100
|-ability|p1a: Tauros|Intimidate|boost
|-unboost|p2a: Hatterene|atk|1
|turn|17
|
|t:|1760382456
|move|p1a: Tauros|Wild Charge|p2a: Hatterene
|-supereffective|p2a: Hatterene
|-damage|p2a: Hatterene|33/100
|-damage|p1a: Tauros|83/100|[from] Recoil
|move|p2a: Hatterene|Draining Kiss|p1a: Tauros
|-damage|p1a: Tauros|0 fnt
|-heal|p2a: Hatterene|89/100|[from] drain|[of] p1a: Tauros
|faint|p1a: Tauros
|
|-heal|p2a: Hatterene|95/100|[from] item: Leftovers
|upkeep
|
|t:|1760382472
|switch|p1a: Garganacl|Garganacl, M, tera:Ghost|73/100
|turn|18
|
|t:|1760382481
|move|p1a: Garganacl|Salt Cure|p2a: Hatterene
|-supereffective|p2a: Hatterene
|-damage|p2a: Hatterene|61/100
|-start|p2a: Hatterene|Salt Cure
|move|p2a: Hatterene|Nuzzle|p1a: Garganacl
|-damage|p1a: Garganacl|71/100
|
|-heal|p1a: Garganacl|77/100|[from] item: Leftovers
|-heal|p2a: Hatterene|67/100|[from] item: Leftovers
|-damage|p2a: Hatterene|55/100|[from] Salt Cure
|upkeep
|turn|19
|
|t:|1760382496
|move|p1a: Garganacl|Protect|p1a: Garganacl
|-singleturn|p1a: Garganacl|Protect
|move|p2a: Hatterene|Draining Kiss|p1a: Garganacl
|-activate|p1a: Garganacl|move: Protect
|
|-heal|p1a: Garganacl|84/100|[from] item: Leftovers
|-heal|p2a: Hatterene|61/100|[from] item: Leftovers
|-damage|p2a: Hatterene|48/100|[from] Salt Cure
|upkeep
|turn|20
|
|t:|1760382506
|switch|p1a: Heatran|Heatran, M|89/100
|move|p2a: Hatterene|Draining Kiss|p1a: Heatran
|-resisted|p1a: Heatran
|-damage|p1a: Heatran|74/100
|-heal|p2a: Hatterene|62/100|[from] drain|[of] p1a: Heatran
|
|-heal|p2a: Hatterene|68/100|[from] item: Leftovers
|-damage|p2a: Hatterene|56/100|[from] Salt Cure
|upkeep
|turn|21
|
|t:|1760382520
|move|p1a: Heatran|Dark Pulse|p2a: Hatterene
|-damage|p2a: Hatterene|42/100
|move|p2a: Hatterene|Psychic|p1a: Heatran
|-resisted|p1a: Heatran
|-damage|p1a: Heatran|17/100
|
|-heal|p2a: Hatterene|48/100|[from] item: Leftovers
|-damage|p2a: Hatterene|36/100|[from] Salt Cure
|upkeep
|turn|22
|
|t:|1760382534
|move|p1a: Heatran|Dark Pulse|p2a: Hatterene
|-damage|p2a: Hatterene|24/100
|move|p2a: Hatterene|Psychic|p1a: Heatran
|-resisted|p1a: Heatran
|-damage|p1a: Heatran|0 fnt
|faint|p1a: Heatran
|
|-heal|p2a: Hatterene|30/100|[from] item: Leftovers
|-damage|p2a: Hatterene|17/100|[from] Salt Cure
|upkeep
|
|t:|1760382551
|switch|p1a: Garganacl|Garganacl, M, tera:Ghost|84/100
|turn|23
|
|t:|1760382557
|move|p1a: Garganacl|Salt Cure|p2a: Hatterene
|-supereffective|p2a: Hatterene
|-damage|p2a: Hatterene|0 fnt
|faint|p2a: Hatterene
|
|-heal|p1a: Garganacl|90/100|[from] item: Leftovers
|upkeep
|
|t:|1760382564
|switch|p2a: Kyurem|Kyurem|75/100
|-damage|p2a: Kyurem|50/100|[from] Stealth Rock
|-ability|p2a: Kyurem|Pressure
|turn|24
|
|t:|1760382576
|move|p1a: Garganacl|Protect|p1a: Garganacl
|-singleturn|p1a: Garganacl|Protect
|move|p2a: Kyurem|Shadow Ball|p1a: Garganacl
|-activate|p1a: Garganacl|move: Protect
|
|-heal|p1a: Garganacl|96/100|[from] item: Leftovers
|upkeep
|turn|25
|
|t:|1760382587
|move|p2a: Kyurem|Freeze-Dry|p1a: Garganacl
|-damage|p1a: Garganacl|56/100
|move|p1a: Garganacl|Salt Cure|p2a: Kyurem
|-supereffective|p2a: Kyurem
|-damage|p2a: Kyurem|21/100
|-start|p2a: Kyurem|Salt Cure
|
|-heal|p1a: Garganacl|63/100|[from] item: Leftovers
|-damage|p2a: Kyurem|9/100|[from] Salt Cure
|upkeep
|turn|26
|
|t:|1760382598
|move|p1a: Garganacl|Recover|p1a: Garganacl
|-heal|p1a: Garganacl|100/100
|move|p2a: Kyurem|Dragon Tail|p1a: Garganacl|[miss]
|-miss|p2a: Kyurem|p1a: Garganacl
|
|-damage|p2a: Kyurem|0 fnt|[from] Salt Cure
|faint|p2a: Kyurem
|upkeep
|
|t:|1760382608
|switch|p2a: Scizor|Scizor, F|100/100
|-damage|p2a: Scizor|88/100|[from] Stealth Rock
|turn|27
|
|t:|1760382617
|move|p2a: Scizor|U-turn|p1a: Garganacl
|-resisted|p1a: Garganacl
|-damage|p1a: Garganacl|91/100
|
|t:|1760382621
|switch|p2a: Weezing|Weezing-Galar, F|100/100|[from] U-turn
|-damage|p2a: Weezing|88/100|[from] Stealth Rock
|move|p1a: Garganacl|Salt Cure|p2a: Weezing
|-damage|p2a: Weezing|76/100
|-start|p2a: Weezing|Salt Cure
|
|-heal|p2a: Weezing|82/100|[from] item: Leftovers
|-heal|p1a: Garganacl|97/100|[from] item: Leftovers
|-damage|p2a: Weezing|70/100|[from] Salt Cure
|upkeep
|turn|28
|
|t:|1760382634
|move|p1a: Garganacl|Protect|p1a: Garganacl
|-singleturn|p1a: Garganacl|Protect
|move|p2a: Weezing|Strange Steam|p1a: Garganacl
|-activate|p1a: Garganacl|move: Protect
|
|-heal|p2a: Weezing|76/100|[from] item: Leftovers
|-heal|p1a: Garganacl|100/100|[from] item: Leftovers
|-damage|p2a: Weezing|64/100|[from] Salt Cure
|upkeep
|turn|29
|
|t:|1760382644
|switch|p1a: Polteageist|Polteageist|100/100
|move|p2a: Weezing|Strange Steam|p1a: Polteageist
|-damage|p1a: Polteageist|76/100
|
|-heal|p2a: Weezing|70/100|[from] item: Leftovers
|-damage|p2a: Weezing|57/100|[from] Salt Cure
|upkeep
|turn|30
|
|t:|1760382653
|move|p1a: Polteageist|Strength Sap|p2a: Weezing
|-unboost|p2a: Weezing|atk|1
|-heal|p1a: Polteageist|100/100
|move|p2a: Weezing|Clear Smog|p1a: Polteageist
|-resisted|p1a: Polteageist
|-damage|p1a: Polteageist|94/100
|-clearboost|p1a: Polteageist
|
|-heal|p2a: Weezing|63/100|[from] item: Leftovers
|-damage|p2a: Weezing|51/100|[from] Salt Cure
|upkeep
|turn|31
|
|t:|1760382666
|move|p1a: Polteageist|Calm Mind|p1a: Polteageist
|-boost|p1a: Polteageist|spa|1
|-boost|p1a: Polteageist|spd|1
|move|p2a: Weezing|Toxic|p1a: Polteageist
|-status|p1a: Polteageist|tox
|
|-heal|p2a: Weezing|57/100|[from] item: Leftovers
|-damage|p1a: Polteageist|88/100 tox|[from] psn
|-damage|p2a: Weezing|45/100|[from] Salt Cure
|upkeep
|turn|32
|
|t:|1760382676
|move|p1a: Polteageist|Hex|p2a: Weezing
|-damage|p2a: Weezing|0 fnt
|faint|p2a: Weezing
|
|-damage|p1a: Polteageist|75/100 tox|[from] psn
|upkeep
|
|t:|1760382682
|switch|p2a: Scizor|Scizor, F|88/100
|-damage|p2a: Scizor|76/100|[from] Stealth Rock
|turn|33
|
|t:|1760382689
|move|p2a: Scizor|Bullet Punch|p1a: Polteageist
|-damage|p1a: Polteageist|31/100 tox
|move|p1a: Polteageist|Strength Sap|p2a: Scizor
|-unboost|p2a: Scizor|atk|1
|-heal|p1a: Polteageist|100/100 tox
|
|-damage|p1a: Polteageist|82/100 tox|[from] psn
|upkeep
|turn|34
|
|t:|1760382698
|move|p2a: Scizor|Aerial Ace|p1a: Polteageist
|-damage|p1a: Polteageist|50/100 tox
|move|p1a: Polteageist|Rest|p1a: Polteageist
|-status|p1a: Polteageist|slp|[from] move: Rest
|-heal|p1a: Polteageist|100/100 slp|[silent]
|-enditem|p1a: Polteageist|Chesto Berry|[eat]
|-curestatus|p1a: Polteageist|slp|[msg]
|
|upkeep
|turn|35
|-message|Jonesy42 forfeited.
|
|win|pikapikabetis
|raw|pikapikabetis's rating: 1200 &rarr; <strong>1228</strong><br />(+28 for winning)
|raw|Jonesy42's rating: 1246 &rarr; <strong>1218</strong><br />(-28 for losing)
|l|☆Jonesy42
|player|p2|
|l|☆pikapikabetis
|player|p1|
