|j|☆lerat111111111
|j|☆m3kemike
|t:|1760373301
|gametype|singles
|player|p1|lerat111111111|170|1331
|player|p2|m3kemike|erika|1333
|gen|9
|tier|[Gen 9] OU
|rated|
|rule|HP Percentage Mod: HP is shown in percentages
|rule|Endless Battle Clause: Forcing endless battles is banned
|rule|Species Clause: Limit one of each Pokémon
|rule|OHKO Clause: OHKO moves are banned
|rule|Evasion Items Clause: Evasion items are banned
|rule|Evasion Moves Clause: Evasion moves are banned
|rule|Evasion Abilities Clause: Evasion abilities are banned
|rule|Sleep Moves Clause: Sleep-inducing moves are banned
|clearpoke
|poke|p1|Blissey, F|
|poke|p1|Dondozo, F|
|poke|p1|Gliscor, M|
|poke|p1|Toxapex, M|
|poke|p1|Clefable, F|
|poke|p1|Clodsire, F|
|poke|p2|Corviknight, F|
|poke|p2|Garchomp, F|
|poke|p2|Ogerpon, F|
|poke|p2|Raging Bolt|
|poke|p2|Slowking-Galar, F|
|poke|p2|Tinkaton, F|
|teampreview
|inactive|Battle timer is ON: inactive players will automatically lose when time's up. (requested by m3kemike)
|
|t:|1760373315
|teamsize|p1|6
|teamsize|p2|6
|start
|switch|p1a: Gliscor|Gliscor, M|100/100
|switch|p2a: Ogerpon|Ogerpon, F|100/100
|turn|1
|
|t:|1760373326
|move|p1a: Gliscor|Protect|p1a: Gliscor
|-singleturn|p1a: Gliscor|Protect
|move|p2a: Ogerpon|Ivy Cudgel|p1a: Gliscor
|-activate|p1a: Gliscor|move: Protect
|
|-status|p1a: Gliscor|tox|[from] item: Toxic Orb
|upkeep
|turn|2
|
|t:|1760373333
|move|p2a: Ogerpon|Ivy Cudgel|p1a: Gliscor
|-damage|p1a: Gliscor|59/100 tox
|move|p1a: Gliscor|Knock Off|p2a: Ogerpon
|-damage|p2a: Ogerpon|71/100
|-enditem|p2a: Ogerpon|Choice Band|[from] move: Knock Off|[of] p1a: Gliscor
|
|-heal|p1a: Gliscor|72/100 tox|[from] ability: Poison Heal
|upkeep
|turn|3
|
|t:|1760373341
|move|p2a: Ogerpon|U-turn|p1a: Gliscor
|-resisted|p1a: Gliscor
|-damage|p1a: Gliscor|65/100 tox
|
|t:|1760373349
|switch|p2a: Corviknight|Corviknight, F|100/100|[from] U-turn
|-ability|p2a: Corviknight|Pressure
|move|p1a: Gliscor|Knock Off|p2a: Corviknight
|-damage|p2a: Corviknight|88/100
|-damage|p1a: Gliscor|49/100 tox|[from] item: Rocky Helmet|[of] p2a: Corviknight
|-enditem|p2a: Corviknight|Rocky Helmet|[from] move: Knock Off|[of] p1a: Gliscor
|
|-heal|p1a: Gliscor|61/100 tox|[from] ability: Poison Heal
|upkeep
|turn|4
|
|t:|1760373367
|move|p1a: Gliscor|Protect|p1a: Gliscor
|-singleturn|p1a: Gliscor|Protect
|move|p2a: Corviknight|U-turn|p1a: Gliscor
|-activate|p1a: Gliscor|move: Protect
|
|-heal|p1a: Gliscor|74/100 tox|[from] ability: Poison Heal
|upkeep
|turn|5
|
|t:|1760373369
|move|p1a: Gliscor|Knock Off|p2a: Corviknight
|-damage|p2a: Corviknight|80/100
|move|p2a: Corviknight|U-turn|p1a: Gliscor
|-resisted|p1a: Gliscor
|-damage|p1a: Gliscor|70/100 tox
|
|t:|1760373375
|switch|p2a: Raging Bolt|Raging Bolt|100/100|[from] U-turn
|
|-heal|p1a: Gliscor|82/100 tox|[from] ability: Poison Heal
|upkeep
|turn|6
|
|t:|1760373383
|move|p1a: Gliscor|Protect|p1a: Gliscor
|-singleturn|p1a: Gliscor|Protect
|move|p2a: Raging Bolt|Draco Meteor|p1a: Gliscor
|-activate|p1a: Gliscor|move: Protect
|
|-heal|p1a: Gliscor|95/100 tox|[from] ability: Poison Heal
|upkeep
|turn|7
|
|t:|1760373388
|switch|p1a: Clefable|Clefable, F|100/100
|move|p2a: Raging Bolt|Draco Meteor|p1a: Clefable
|-immune|p1a: Clefable
|
|upkeep
|turn|8
|
|t:|1760373399
|-end|p2a: Raging Bolt|Protosynthesis|[silent]
|switch|p2a: Tinkaton|Tinkaton, F|100/100
|-item|p2a: Tinkaton|Air Balloon
|move|p1a: Clefable|Knock Off|p2a: Tinkaton
|-resisted|p2a: Tinkaton
|-damage|p2a: Tinkaton|94/100
|-enditem|p2a: Tinkaton|Air Balloon
|-enditem|p1a: Clefable|Sticky Barb|[silent]|[from] ability: Pickpocket|[of] p1a: Clefable
|-item|p2a: Tinkaton|Sticky Barb|[from] ability: Pickpocket|[of] p1a: Clefable
|
|-damage|p2a: Tinkaton|81/100|[from] item: Sticky Barb
|upkeep
|turn|9
|
|t:|1760373421
|switch|p1a: Toxapex|Toxapex, M|100/100
|move|p2a: Tinkaton|Encore||[still]
|-fail|p2a: Tinkaton
|
|-damage|p2a: Tinkaton|69/100|[from] item: Sticky Barb
|upkeep
|turn|10
|
|t:|1760373433
|switch|p2a: Slowking|Slowking-Galar, F|100/100
|move|p1a: Toxapex|Toxic Spikes|p2a: Slowking
|-sidestart|p2: m3kemike|move: Toxic Spikes
|
|upkeep
|turn|11
|
|t:|1760373441
|move|p1a: Toxapex|Poison Jab|p2a: Slowking
|-resisted|p2a: Slowking
|-damage|p2a: Slowking|91/100
|move|p2a: Slowking|Future Sight|p1a: Toxapex
|-start|p2a: Slowking|move: Future Sight
|
|upkeep
|turn|12
|
|t:|1760373446
|switch|p1a: Blissey|Blissey, F|100/100
|-prepare|p2a: Slowking|Chilly Reception|[premajor]
|move|p2a: Slowking|Chilly Reception|p2a: Slowking
|-weather|Snowscape
|
|t:|1760373448
|switch|p2a: Corviknight|Corviknight, F|80/100|[from] Chilly Reception
|-ability|p2a: Corviknight|Pressure
|
|-weather|Snowscape|[upkeep]
|upkeep
|turn|13
|
|t:|1760373451
|move|p2a: Corviknight|Defog|p1a: Blissey
|-unboost|p1a: Blissey|evasion|1
|-sideend|p2: m3kemike|Toxic Spikes|[from] move: Defog|[of] p2a: Corviknight
|move|p1a: Blissey|Stealth Rock|p2a: Corviknight
|-sidestart|p2: m3kemike|move: Stealth Rock
|
|-weather|Snowscape|[upkeep]
|-end|p1a: Blissey|move: Future Sight
|-damage|p1a: Blissey|87/100
|upkeep
|turn|14
|
|t:|1760373459
|switch|p1a: Dondozo|Dondozo, F|100/100
|move|p2a: Corviknight|Body Press|p1a: Dondozo
|-damage|p1a: Dondozo|88/100
|
|-weather|Snowscape|[upkeep]
|upkeep
|turn|15
|
|t:|1760373468
|move|p2a: Corviknight|Roost|p2a: Corviknight
|-heal|p2a: Corviknight|100/100
|-singleturn|p2a: Corviknight|move: Roost
|move|p1a: Dondozo|Curse|p1a: Dondozo
|-unboost|p1a: Dondozo|spe|1
|-boost|p1a: Dondozo|atk|1
|-boost|p1a: Dondozo|def|1
|
|-weather|Snowscape|[upkeep]
|upkeep
|turn|16
|
|t:|1760373474
|move|p2a: Corviknight|U-turn|p1a: Dondozo
|-damage|p1a: Dondozo|84/100
|
|t:|1760373477
|switch|p2a: Raging Bolt|Raging Bolt|100/100|[from] U-turn
|-damage|p2a: Raging Bolt|88/100|[from] Stealth Rock
|move|p1a: Dondozo|Curse|p1a: Dondozo
|-unboost|p1a: Dondozo|spe|1
|-boost|p1a: Dondozo|atk|1
|-boost|p1a: Dondozo|def|1
|
|-weather|none
|upkeep
|turn|17
|
|t:|1760373483
|switch|p1a: Gliscor|Gliscor, M|95/100 tox
|move|p2a: Raging Bolt|Volt Switch|p1a: Gliscor
|-immune|p1a: Gliscor
|
|-heal|p1a: Gliscor|100/100 tox|[from] ability: Poison Heal
|upkeep
|turn|18
|
|t:|1760373491
|-end|p2a: Raging Bolt|Protosynthesis|[silent]
|switch|p2a: Slowking|Slowking-Galar, F|100/100
|move|p1a: Gliscor|Swords Dance|p1a: Gliscor
|-boost|p1a: Gliscor|atk|2
|
|upkeep
|turn|19
|
|t:|1760373493
|move|p1a: Gliscor|Knock Off|p2a: Slowking
|-supereffective|p2a: Slowking
|-damage|p2a: Slowking|15/100
|-enditem|p2a: Slowking|Heavy-Duty Boots|[from] move: Knock Off|[of] p1a: Gliscor
|move|p2a: Slowking|Ice Beam|p1a: Gliscor
|-supereffective|p1a: Gliscor
|-damage|p1a: Gliscor|0 fnt
|faint|p1a: Gliscor
|
|upkeep
|
|t:|1760373499
|switch|p1a: Dondozo|Dondozo, F|84/100
|turn|20
|
|t:|1760373507
|switch|p2a: Raging Bolt|Raging Bolt|88/100
|-damage|p2a: Raging Bolt|76/100|[from] Stealth Rock
|move|p1a: Dondozo|Waterfall|p2a: Raging Bolt
|-resisted|p2a: Raging Bolt
|-damage|p2a: Raging Bolt|62/100
|
|upkeep
|turn|21
|
|t:|1760373512
|switch|p1a: Blissey|Blissey, F|87/100
|move|p2a: Raging Bolt|Draco Meteor|p1a: Blissey
|-damage|p1a: Blissey|52/100
|-unboost|p2a: Raging Bolt|spa|2
|
|upkeep
|turn|22
|
|t:|1760373524
|-end|p2a: Raging Bolt|Protosynthesis|[silent]
|switch|p2a: Garchomp|Garchomp, F|100/100
|-damage|p2a: Garchomp|94/100|[from] Stealth Rock
|move|p1a: Blissey|Soft-Boiled|p1a: Blissey
|-heal|p1a: Blissey|100/100
|
|upkeep
|turn|23
|
|t:|1760373528
|switch|p1a: Toxapex|Toxapex, M|100/100
|move|p2a: Garchomp|Swords Dance|p2a: Garchomp
|-boost|p2a: Garchomp|atk|2
|
|upkeep
|turn|24
|
|t:|1760373531
|move|p1a: Toxapex|Baneful Bunker|p1a: Toxapex
|-singleturn|p1a: Toxapex|move: Protect
|move|p2a: Garchomp|Earthquake|p1a: Toxapex
|-activate|p1a: Toxapex|move: Protect
|
|upkeep
|turn|25
|
|t:|1760373542
|switch|p1a: Dondozo|Dondozo, F|84/100
|move|p2a: Garchomp|Earthquake|p1a: Dondozo
|-damage|p1a: Dondozo|62/100
|
|upkeep
|turn|26
|
|t:|1760373549
|move|p2a: Garchomp|Swords Dance|p2a: Garchomp
|-boost|p2a: Garchomp|atk|2
|move|p1a: Dondozo|Curse|p1a: Dondozo
|-unboost|p1a: Dondozo|spe|1
|-boost|p1a: Dondozo|atk|1
|-boost|p1a: Dondozo|def|1
|
|upkeep
|turn|27
|
|t:|1760373553
|move|p2a: Garchomp|Swords Dance|p2a: Garchomp
|-boost|p2a: Garchomp|atk|2
|move|p1a: Dondozo|Waterfall|p2a: Garchomp
|-damage|p2a: Garchomp|55/100
|-damage|p1a: Dondozo|50/100|[from] ability: Rough Skin|[of] p2a: Garchomp
|
|upkeep
|turn|28
|
|t:|1760373563
|switch|p2a: Raging Bolt|Raging Bolt|62/100
|-damage|p2a: Raging Bolt|50/100|[from] Stealth Rock
|move|p1a: Dondozo|Curse|p1a: Dondozo
|-unboost|p1a: Dondozo|spe|1
|-boost|p1a: Dondozo|atk|1
|-boost|p1a: Dondozo|def|1
|
|upkeep
|turn|29
|
|t:|1760373569
|switch|p1a: Blissey|Blissey, F|100/100
|move|p2a: Raging Bolt|Thunderbolt|p1a: Blissey
|-damage|p1a: Blissey|74/100
|
|upkeep
|turn|30
|
|t:|1760373577
|-end|p2a: Raging Bolt|Protosynthesis|[silent]
|switch|p2a: Corviknight|Corviknight, F|100/100
|-damage|p2a: Corviknight|88/100|[from] Stealth Rock
|-ability|p2a: Corviknight|Pressure
|switch|p1a: Clodsire|Clodsire, F|100/100
|
|upkeep
|turn|31
|
|t:|1760373584
|switch|p1a: Dondozo|Dondozo, F|50/100
|move|p2a: Corviknight|Body Press|p1a: Dondozo
|-damage|p1a: Dondozo|38/100
|
|upkeep
|turn|32
|
|t:|1760373589
|move|p2a: Corviknight|U-turn|p1a: Dondozo
|-damage|p1a: Dondozo|31/100
|
|t:|1760373591
|switch|p2a: Ogerpon|Ogerpon, F|71/100|[from] U-turn
|-damage|p2a: Ogerpon|58/100|[from] Stealth Rock
|move|p1a: Dondozo|Waterfall|p2a: Ogerpon
|-resisted|p2a: Ogerpon
|-damage|p2a: Ogerpon|41/100
|
|upkeep
|turn|33
|
|t:|1760373598
|switch|p1a: Toxapex|Toxapex, M|100/100
|move|p2a: Ogerpon|Ivy Cudgel|p1a: Toxapex
|-crit|p1a: Toxapex
|-damage|p1a: Toxapex|53/100
|
|upkeep
|turn|34
|
|t:|1760373605
|-terastallize|p2a: Ogerpon|Grass
|detailschange|p2a: Ogerpon|Ogerpon-Teal-Tera, F, tera:Grass
|-ability|p2a: Ogerpon|Embody Aspect (Teal)|boost
|-boost|p2a: Ogerpon|spe|1
|move|p2a: Ogerpon|Ivy Cudgel|p1a: Toxapex
|-damage|p1a: Toxapex|14/100
|move|p1a: Toxapex|Toxic|p2a: Ogerpon
|-status|p2a: Ogerpon|tox
|
|-damage|p2a: Ogerpon|35/100 tox|[from] psn
|upkeep
|turn|35
|
|t:|1760373611
|move|p1a: Toxapex|Baneful Bunker|p1a: Toxapex
|-singleturn|p1a: Toxapex|move: Protect
|move|p2a: Ogerpon|Ivy Cudgel|p1a: Toxapex
|-activate|p1a: Toxapex|move: Protect
|
|-damage|p2a: Ogerpon|23/100 tox|[from] psn
|upkeep
|turn|36
|
|t:|1760373617
|switch|p1a: Clodsire|Clodsire, F|100/100
|move|p2a: Ogerpon|Ivy Cudgel|p1a: Clodsire
|-damage|p1a: Clodsire|28/100
|
|-damage|p2a: Ogerpon|5/100 tox|[from] psn
|upkeep
|turn|37
|
|t:|1760373621
|move|p2a: Ogerpon|Ivy Cudgel|p1a: Clodsire
|-damage|p1a: Clodsire|0 fnt
|faint|p1a: Clodsire
|
|-damage|p2a: Ogerpon|0 fnt|[from] psn
|faint|p2a: Ogerpon
|detailschange|p2: Ogerpon|Ogerpon, F|[silent]
|upkeep
|
|t:|1760373646
|switch|p2a: Tinkaton|Tinkaton, F|69/100
|switch|p1a: Toxapex|Toxapex, M|47/100
|-damage|p2a: Tinkaton|63/100|[from] Stealth Rock
|turn|38
|
|t:|1760373658
|move|p2a: Tinkaton|Knock Off|p1a: Toxapex
|-damage|p1a: Toxapex|35/100
|-enditem|p1a: Toxapex|Heavy-Duty Boots|[from] move: Knock Off|[of] p2a: Tinkaton
|move|p1a: Toxapex|Toxic Spikes|p2a: Tinkaton
|-sidestart|p2: m3kemike|move: Toxic Spikes
|
|-damage|p2a: Tinkaton|51/100|[from] item: Sticky Barb
|upkeep
|turn|39
|
|t:|1760373663
|switch|p1a: Dondozo|Dondozo, F|31/100
|move|p2a: Tinkaton|Encore||[still]
|-fail|p2a: Tinkaton
|
|-damage|p2a: Tinkaton|38/100|[from] item: Sticky Barb
|upkeep
|turn|40
|
|t:|1760373669
|move|p2a: Tinkaton|Gigaton Hammer|p1a: Dondozo
|-resisted|p1a: Dondozo
|-damage|p1a: Dondozo|22/100
|move|p1a: Dondozo|Rest|p1a: Dondozo
|-status|p1a: Dondozo|slp|[from] move: Rest
|-heal|p1a: Dondozo|100/100 slp|[silent]
|
|-damage|p2a: Tinkaton|26/100|[from] item: Sticky Barb
|upkeep
|turn|41
|
|t:|1760373672
|switch|p2a: Slowking|Slowking-Galar, F|48/100
|-damage|p2a: Slowking|36/100|[from] Stealth Rock
|-sideend|p2: m3kemike|move: Toxic Spikes|[of] p2a: Slowking
|cant|p1a: Dondozo|slp
|move|p1a: Dondozo|Sleep Talk|p1a: Dondozo
|move|p1a: Dondozo|Waterfall|p2a: Slowking|[from] move: Sleep Talk
|-damage|p2a: Slowking|8/100
|
|upkeep
|turn|42
|
|t:|1760373680
|switch|p2a: Raging Bolt|Raging Bolt|50/100
|-damage|p2a: Raging Bolt|38/100|[from] Stealth Rock
|cant|p1a: Dondozo|slp
|move|p1a: Dondozo|Sleep Talk|p1a: Dondozo
|move|p1a: Dondozo|Rest||[from] move: Sleep Talk|[still]
|-fail|p1a: Dondozo
|
|upkeep
|turn|43
|
|t:|1760373685
|switch|p1a: Blissey|Blissey, F|74/100
|move|p2a: Raging Bolt|Thunderbolt|p1a: Blissey
|-damage|p1a: Blissey|50/100
|
|upkeep
|turn|44
|
|t:|1760373693
|-end|p2a: Raging Bolt|Protosynthesis|[silent]
|switch|p2a: Garchomp|Garchomp, F|55/100
|-damage|p2a: Garchomp|49/100|[from] Stealth Rock
|move|p1a: Blissey|Soft-Boiled|p1a: Blissey
|-heal|p1a: Blissey|99/100
|
|upkeep
|turn|45
|
|t:|1760373699
|switch|p1a: Dondozo|Dondozo, F|100/100 slp
|move|p2a: Garchomp|Earthquake|p1a: Dondozo
|-damage|p1a: Dondozo|75/100 slp
|
|upkeep
|turn|46
|
|t:|1760373707
|switch|p2a: Corviknight|Corviknight, F|88/100
|-damage|p2a: Corviknight|76/100|[from] Stealth Rock
|-ability|p2a: Corviknight|Pressure
|-curestatus|p1a: Dondozo|slp|[msg]
|move|p1a: Dondozo|Sleep Talk||[still]
|-fail|p1a: Dondozo
|
|upkeep
|turn|47
|
|t:|1760373725
|move|p2a: Corviknight|Defog|p1a: Dondozo
|-unboost|p1a: Dondozo|evasion|1
|-sideend|p2: m3kemike|Stealth Rock|[from] move: Defog|[of] p2a: Corviknight
|move|p1a: Dondozo|Curse|p1a: Dondozo
|-unboost|p1a: Dondozo|spe|1
|-boost|p1a: Dondozo|atk|1
|-boost|p1a: Dondozo|def|1
|
|upkeep
|turn|48
|
|t:|1760373733
|switch|p2a: Raging Bolt|Raging Bolt|38/100
|move|p1a: Dondozo|Waterfall|p2a: Raging Bolt
|-resisted|p2a: Raging Bolt
|-damage|p2a: Raging Bolt|20/100
|
|upkeep
|turn|49
|
|t:|1760373739
|switch|p1a: Blissey|Blissey, F|99/100
|move|p2a: Raging Bolt|Volt Switch|p1a: Blissey
|-crit|p1a: Blissey
|-damage|p1a: Blissey|71/100
|
|t:|1760373749
|-end|p2a: Raging Bolt|Protosynthesis|[silent]
|switch|p2a: Tinkaton|Tinkaton, F|26/100|[from] Volt Switch
|
|-damage|p2a: Tinkaton|14/100|[from] item: Sticky Barb
|upkeep
|turn|50
|
|t:|1760373755
|switch|p1a: Dondozo|Dondozo, F|75/100
|move|p2a: Tinkaton|Stealth Rock|p1a: Dondozo
|-sidestart|p1: lerat111111111|move: Stealth Rock
|
|-damage|p2a: Tinkaton|1/100|[from] item: Sticky Barb
|upkeep
|turn|51
|
|t:|1760373761
|move|p2a: Tinkaton|Knock Off|p1a: Dondozo
|-damage|p1a: Dondozo|67/100
|-enditem|p1a: Dondozo|Heavy-Duty Boots|[from] move: Knock Off|[of] p2a: Tinkaton
|move|p1a: Dondozo|Curse|p1a: Dondozo
|-unboost|p1a: Dondozo|spe|1
|-boost|p1a: Dondozo|atk|1
|-boost|p1a: Dondozo|def|1
|
|-damage|p2a: Tinkaton|0 fnt|[from] item: Sticky Barb
|faint|p2a: Tinkaton
|upkeep
|
|t:|1760373765
|switch|p2a: Raging Bolt|Raging Bolt|20/100
|turn|52
|
|t:|1760373770
|switch|p1a: Clefable|Clefable, F|100/100
|move|p2a: Raging Bolt|Volt Switch|p1a: Clefable
|-damage|p1a: Clefable|45/100
|
|t:|1760373783
|-end|p2a: Raging Bolt|Protosynthesis|[silent]
|switch|p2a: Slowking|Slowking-Galar, F|41/100|[from] Volt Switch
|
|upkeep
|turn|53
|
|t:|1760373790
|move|p1a: Clefable|Moonlight|p1a: Clefable
|-heal|p1a: Clefable|95/100
|move|p2a: Slowking|Sludge Bomb|p1a: Clefable
|-supereffective|p1a: Clefable
|-crit|p1a: Clefable
|-damage|p1a: Clefable|0 fnt
|faint|p1a: Clefable
|
|upkeep
|
|t:|1760373794
|switch|p1a: Blissey|Blissey, F|71/100
|turn|54
|
|t:|1760373798
|move|p1a: Blissey|Stealth Rock|p2a: Slowking
|-sidestart|p2: m3kemike|move: Stealth Rock
|-prepare|p2a: Slowking|Chilly Reception|[premajor]
|move|p2a: Slowking|Chilly Reception|p2a: Slowking
|-weather|Snowscape
|
|t:|1760373800
|switch|p2a: Corviknight|Corviknight, F|76/100|[from] Chilly Reception
|-damage|p2a: Corviknight|64/100|[from] Stealth Rock
|-ability|p2a: Corviknight|Pressure
|
|-weather|Snowscape|[upkeep]
|upkeep
|turn|55
|
|t:|1760373803
|switch|p1a: Dondozo|Dondozo, F|67/100
|-damage|p1a: Dondozo|55/100|[from] Stealth Rock
|move|p2a: Corviknight|Defog|p1a: Dondozo
|-unboost|p1a: Dondozo|evasion|1
|-sideend|p1: lerat111111111|Stealth Rock|[from] move: Defog|[of] p2a: Corviknight
|-sideend|p2: m3kemike|Stealth Rock|[from] move: Defog|[of] p2a: Corviknight
|
|-weather|Snowscape|[upkeep]
|upkeep
|turn|56
|
|t:|1760373812
|switch|p2a: Slowking|Slowking-Galar, F|75/100
|move|p1a: Dondozo|Waterfall|p2a: Slowking
|-crit|p2a: Slowking
|-damage|p2a: Slowking|32/100
|
|-weather|Snowscape|[upkeep]
|upkeep
|turn|57
|
|t:|1760373821
|switch|p1a: Blissey|Blissey, F|71/100
|switch|p2a: Corviknight|Corviknight, F|64/100
|-ability|p2a: Corviknight|Pressure
|
|-weather|Snowscape|[upkeep]
|upkeep
|turn|58
|
|t:|1760373831
|switch|p1a: Toxapex|Toxapex, M|69/100
|move|p2a: Corviknight|Roost|p2a: Corviknight
|-heal|p2a: Corviknight|100/100
|-singleturn|p2a: Corviknight|move: Roost
|
|-weather|none
|upkeep
|turn|59
|
|t:|1760373839
|move|p2a: Corviknight|Body Press|p1a: Toxapex
|-resisted|p1a: Toxapex
|-damage|p1a: Toxapex|61/100
|move|p1a: Toxapex|Toxic|p2a: Corviknight
|-immune|p2a: Corviknight
|
|upkeep
|turn|60
|
|t:|1760373843
|move|p2a: Corviknight|Body Press|p1a: Toxapex
|-resisted|p1a: Toxapex
|-damage|p1a: Toxapex|54/100
|move|p1a: Toxapex|Toxic Spikes|p2a: Corviknight
|-sidestart|p2: m3kemike|move: Toxic Spikes
|
|upkeep
|turn|61
|
|t:|1760373847
|move|p2a: Corviknight|Defog|p1a: Toxapex
|-unboost|p1a: Toxapex|evasion|1
|-sideend|p2: m3kemike|Toxic Spikes|[from] move: Defog|[of] p2a: Corviknight
|move|p1a: Toxapex|Poison Jab|p2a: Corviknight
|-immune|p2a: Corviknight
|
|upkeep
|turn|62
|
|t:|1760373849
|move|p2a: Corviknight|Body Press|p1a: Toxapex
|-resisted|p1a: Toxapex
|-damage|p1a: Toxapex|46/100
|move|p1a: Toxapex|Toxic Spikes|p2a: Corviknight
|-sidestart|p2: m3kemike|move: Toxic Spikes
|
|upkeep
|turn|63
|
|t:|1760373853
|switch|p1a: Dondozo|Dondozo, F|55/100
|move|p2a: Corviknight|Defog|p1a: Dondozo
|-unboost|p1a: Dondozo|evasion|1
|-sideend|p2: m3kemike|Toxic Spikes|[from] move: Defog|[of] p2a: Corviknight
|
|upkeep
|turn|64
|
|t:|1760373867
|switch|p2a: Slowking|Slowking-Galar, F|65/100
|move|p1a: Dondozo|Waterfall|p2a: Slowking
|-damage|p2a: Slowking|36/100
|
|upkeep
|turn|65
|
|t:|1760373873
|switch|p1a: Blissey|Blissey, F|71/100
|move|p2a: Slowking|Future Sight|p1a: Blissey
|-start|p2a: Slowking|move: Future Sight
|
|upkeep
|turn|66
|
|t:|1760373880
|switch|p2a: Corviknight|Corviknight, F|100/100
|-ability|p2a: Corviknight|Pressure
|move|p1a: Blissey|Shadow Ball|p2a: Corviknight
|-damage|p2a: Corviknight|85/100
|
|upkeep
|turn|67
|
|t:|1760373886
|move|p2a: Corviknight|Body Press|p1a: Blissey
|-supereffective|p1a: Blissey
|-damage|p1a: Blissey|12/100
|move|p1a: Blissey|Soft-Boiled|p1a: Blissey
|-heal|p1a: Blissey|62/100
|
|-end|p1a: Blissey|move: Future Sight
|-damage|p1a: Blissey|48/100
|upkeep
|turn|68
|
|t:|1760373891
|switch|p1a: Dondozo|Dondozo, F|55/100
|move|p2a: Corviknight|Body Press|p1a: Dondozo
|-damage|p1a: Dondozo|44/100
|
|upkeep
|turn|69
|
|t:|1760373897
|move|p2a: Corviknight|Body Press|p1a: Dondozo
|-damage|p1a: Dondozo|31/100
|move|p1a: Dondozo|Curse|p1a: Dondozo
|-unboost|p1a: Dondozo|spe|1
|-boost|p1a: Dondozo|atk|1
|-boost|p1a: Dondozo|def|1
|
|upkeep
|turn|70
|
|t:|1760373901
|move|p2a: Corviknight|Body Press|p1a: Dondozo
|-damage|p1a: Dondozo|23/100
|move|p1a: Dondozo|Waterfall|p2a: Corviknight
|-damage|p2a: Corviknight|62/100
|
|upkeep
|turn|71
|
|t:|1760373904
|move|p2a: Corviknight|Roost|p2a: Corviknight
|-heal|p2a: Corviknight|100/100
|-singleturn|p2a: Corviknight|move: Roost
|move|p1a: Dondozo|Curse|p1a: Dondozo
|-unboost|p1a: Dondozo|spe|1
|-boost|p1a: Dondozo|atk|1
|-boost|p1a: Dondozo|def|1
|
|upkeep
|turn|72
|
|t:|1760373906
|move|p2a: Corviknight|Body Press|p1a: Dondozo
|-damage|p1a: Dondozo|17/100
|move|p1a: Dondozo|Waterfall|p2a: Corviknight
|-damage|p2a: Corviknight|69/100
|
|upkeep
|turn|73
|
|t:|1760373911
|move|p2a: Corviknight|U-turn|p1a: Dondozo
|-crit|p1a: Dondozo
|-damage|p1a: Dondozo|7/100
|
|t:|1760373913
|switch|p2a: Raging Bolt|Raging Bolt|20/100|[from] U-turn
|move|p1a: Dondozo|Rest|p1a: Dondozo
|-status|p1a: Dondozo|slp|[from] move: Rest
|-heal|p1a: Dondozo|100/100 slp|[silent]
|
|upkeep
|turn|74
|
|t:|1760373926
|-terastallize|p1a: Dondozo|Fighting
|move|p2a: Raging Bolt|Thunderbolt|p1a: Dondozo
|-damage|p1a: Dondozo|24/100 slp
|cant|p1a: Dondozo|slp
|move|p1a: Dondozo|Sleep Talk|p1a: Dondozo
|move|p1a: Dondozo|Waterfall|p2a: Raging Bolt|[from] move: Sleep Talk
|-resisted|p2a: Raging Bolt
|-damage|p2a: Raging Bolt|0 fnt
|faint|p2a: Raging Bolt
|-end|p2a: Raging Bolt|Protosynthesis|[silent]
|
|upkeep
|
|t:|1760373937
|switch|p2a: Slowking|Slowking-Galar, F|69/100
|turn|75
|
|t:|1760373941
|move|p2a: Slowking|Future Sight|p1a: Dondozo
|-start|p2a: Slowking|move: Future Sight
|cant|p1a: Dondozo|slp
|move|p1a: Dondozo|Sleep Talk|p1a: Dondozo
|move|p1a: Dondozo|Curse|p1a: Dondozo|[from] move: Sleep Talk
|-unboost|p1a: Dondozo|spe|1
|-boost|p1a: Dondozo|atk|1
|-boost|p1a: Dondozo|def|1
|
|upkeep
|turn|76
|
|t:|1760373945
|move|p2a: Slowking|Sludge Bomb|p1a: Dondozo
|-damage|p1a: Dondozo|0 fnt
|faint|p1a: Dondozo
|
|upkeep
|
|t:|1760373948
|switch|p1a: Blissey|Blissey, F|48/100
|turn|77
|
|t:|1760373955
|switch|p2a: Corviknight|Corviknight, F|69/100
|-ability|p2a: Corviknight|Pressure
|move|p1a: Blissey|Soft-Boiled|p1a: Blissey
|-heal|p1a: Blissey|99/100
|
|-end|p1a: Blissey|move: Future Sight
|-damage|p1a: Blissey|84/100
|upkeep
|turn|78
|
|t:|1760373959
|switch|p1a: Toxapex|Toxapex, M|79/100
|move|p2a: Corviknight|Roost|p2a: Corviknight
|-heal|p2a: Corviknight|100/100
|-singleturn|p2a: Corviknight|move: Roost
|
|upkeep
|turn|79
|
|t:|1760373964
|move|p2a: Corviknight|Body Press|p1a: Toxapex
|-resisted|p1a: Toxapex
|-damage|p1a: Toxapex|71/100
|move|p1a: Toxapex|Poison Jab|p2a: Corviknight
|-immune|p2a: Corviknight
|
|upkeep
|turn|80
|
|t:|1760373972
|switch|p2a: Slowking|Slowking-Galar, F|100/100
|move|p1a: Toxapex|Toxic Spikes|p2a: Slowking
|-sidestart|p2: m3kemike|move: Toxic Spikes
|
|upkeep
|turn|81
|
|t:|1760373976
|move|p1a: Toxapex|Poison Jab|p2a: Slowking
|-resisted|p2a: Slowking
|-damage|p2a: Slowking|92/100
|move|p2a: Slowking|Future Sight|p1a: Toxapex
|-start|p2a: Slowking|move: Future Sight
|
|upkeep
|turn|82
|-message|lerat111111111 forfeited.
|
|win|m3kemike
|raw|lerat111111111's rating: 1331 &rarr; <strong>1311</strong><br />(-20 for losing)
|raw|m3kemike's rating: 1333 &rarr; <strong>1353</strong><br />(+20 for winning)
|l|☆lerat111111111
|player|p1|
