|j|☆BorderofSeal
|j|☆ljdarkrai_meme
|t:|1760376248
|gametype|singles
|player|p1|BorderofSeal|2|1625
|player|p2|ljdarkrai_meme|pryce|1645
|gen|9
|tier|[Gen 9] OU
|rated|
|rule|HP Percentage Mod: HP is shown in percentages
|rule|Endless Battle Clause: Forcing endless battles is banned
|rule|Species Clause: Limit one of each Pokémon
|rule|OHKO Clause: OHKO moves are banned
|rule|Evasion Items Clause: Evasion items are banned
|rule|Evasion Moves Clause: Evasion moves are banned
|rule|Evasion Abilities Clause: Evasion abilities are banned
|rule|Sleep Moves Clause: Sleep-inducing moves are banned
|clearpoke
|poke|p1|Slowking-Galar, F|
|poke|p1|Moltres|
|poke|p1|Great Tusk|
|poke|p1|Samurott-Hisui, M|
|poke|p1|Dragapult, F|
|poke|p1|Weavile, F|
|poke|p2|Dragapult, M|
|poke|p2|Kyurem|
|poke|p2|Cinderace, M|
|poke|p2|Garganacl, F|
|poke|p2|Corviknight, M|
|poke|p2|Kingambit, F|
|teampreview
|inactive|Battle timer is ON: inactive players will automatically lose when time's up. (requested by BorderofSeal)
|inactive|ljdarkrai_meme has 120 seconds left.
|
|t:|1760376279
|teamsize|p1|6
|teamsize|p2|6
|start
|switch|p1a: Dragapult|Dragapult, F|100/100
|switch|p2a: Cinderace|Cinderace, M|100/100
|turn|1
|j| GreninjaGlazer53
|
|t:|1760376283
|switch|p2a: Corviknight|Corviknight, M|100/100
|move|p1a: Dragapult|Draco Meteor|p2a: Corviknight
|-resisted|p2a: Corviknight
|-damage|p2a: Corviknight|64/100
|-unboost|p1a: Dragapult|spa|2
|
|-heal|p2a: Corviknight|70/100|[from] item: Leftovers
|upkeep
|turn|2
|
|t:|1760376290
|switch|p1a: Slowking|Slowking-Galar, F|100/100
|switch|p2a: Kyurem|Kyurem, shiny|100/100
|-ability|p2a: Kyurem|Pressure
|
|upkeep
|turn|3
|
|t:|1760376299
|move|p2a: Kyurem|Icicle Spear|p1a: Slowking
|-damage|p1a: Slowking|91/100
|-damage|p1a: Slowking|81/100
|-damage|p1a: Slowking|71/100
|-damage|p1a: Slowking|60/100
|-hitcount|p1a: Slowking|4
|move|p1a: Slowking|Toxic|p2a: Kyurem
|-status|p2a: Kyurem|tox
|
|-damage|p2a: Kyurem|94/100 tox|[from] psn
|upkeep
|turn|4
|
|t:|1760376309
|switch|p2a: Corviknight|Corviknight, M|70/100
|-prepare|p1a: Slowking|Chilly Reception|[premajor]
|move|p1a: Slowking|Chilly Reception|p1a: Slowking
|-weather|Snowscape
|
|t:|1760376315
|switch|p1a: Moltres|Moltres|100/100|[from] Chilly Reception
|
|-weather|Snowscape|[upkeep]
|-heal|p2a: Corviknight|76/100|[from] item: Leftovers
|upkeep
|turn|5
|
|t:|1760376331
|move|p2a: Corviknight|U-turn|p1a: Moltres
|-resisted|p1a: Moltres
|-damage|p1a: Moltres|98/100
|
|t:|1760376334
|switch|p2a: Garganacl|Garganacl, F|100/100|[from] U-turn
|move|p1a: Moltres|Roar|p2a: Garganacl
|drag|p2a: Dragapult|Dragapult, M|100/100
|
|-weather|Snowscape|[upkeep]
|upkeep
|turn|6
|
|t:|1760376341
|switch|p1a: Samurott|Samurott-Hisui, M|100/100
|move|p2a: Dragapult|Dragon Dance|p2a: Dragapult
|-boost|p2a: Dragapult|atk|1
|-boost|p2a: Dragapult|spe|1
|
|-weather|Snowscape|[upkeep]
|upkeep
|turn|7
|
|t:|1760376348
|switch|p2a: Cinderace|Cinderace, M|100/100
|move|p1a: Samurott|Sucker Punch||[still]
|-fail|p1a: Samurott
|
|-weather|Snowscape|[upkeep]
|upkeep
|turn|8
|
|t:|1760376352
|switch|p2a: Garganacl|Garganacl, F|100/100
|switch|p1a: Moltres|Moltres|98/100
|
|-weather|none
|upkeep
|turn|9
|
|t:|1760376357
|move|p1a: Moltres|U-turn|p2a: Garganacl
|-damage|p2a: Garganacl|92/100
|
|t:|1760376359
|switch|p1a: Slowking|Slowking-Galar, F|93/100|[from] U-turn
|move|p2a: Garganacl|Salt Cure|p1a: Slowking
|-damage|p1a: Slowking|80/100
|-start|p1a: Slowking|Salt Cure
|
|-heal|p2a: Garganacl|98/100|[from] item: Leftovers
|-damage|p1a: Slowking|67/100|[from] Salt Cure
|upkeep
|turn|10
|
|t:|1760376365
|move|p2a: Garganacl|Iron Defense|p2a: Garganacl
|-boost|p2a: Garganacl|def|2
|move|p1a: Slowking|Future Sight|p2a: Garganacl
|-start|p1a: Slowking|move: Future Sight
|
|-heal|p2a: Garganacl|100/100|[from] item: Leftovers
|-damage|p1a: Slowking|55/100|[from] Salt Cure
|upkeep
|turn|11
|
|t:|1760376371
|move|p2a: Garganacl|Iron Defense|p2a: Garganacl
|-boost|p2a: Garganacl|def|2
|-prepare|p1a: Slowking|Chilly Reception|[premajor]
|move|p1a: Slowking|Chilly Reception|p1a: Slowking
|-weather|Snowscape
|
|t:|1760376377
|switch|p1a: Moltres|Moltres|98/100|[from] Chilly Reception
|
|-weather|Snowscape|[upkeep]
|upkeep
|turn|12
|
|t:|1760376379
|move|p2a: Garganacl|Salt Cure|p1a: Moltres
|-supereffective|p1a: Moltres
|-damage|p1a: Moltres|61/100
|-start|p1a: Moltres|Salt Cure
|move|p1a: Moltres|Roar|p2a: Garganacl
|drag|p2a: Corviknight|Corviknight, M|76/100
|
|-weather|Snowscape|[upkeep]
|-end|p2a: Corviknight|move: Future Sight
|-resisted|p2a: Corviknight
|-damage|p2a: Corviknight|55/100
|-heal|p2a: Corviknight|61/100|[from] item: Leftovers
|-damage|p1a: Moltres|48/100|[from] Salt Cure
|upkeep
|turn|13
|
|t:|1760376389
|switch|p2a: Kyurem|Kyurem, shiny|94/100 tox
|-ability|p2a: Kyurem|Pressure
|move|p1a: Moltres|Flamethrower|p2a: Kyurem
|-damage|p2a: Kyurem|59/100 tox
|
|-weather|Snowscape|[upkeep]
|-damage|p2a: Kyurem|53/100 tox|[from] psn
|-damage|p1a: Moltres|36/100|[from] Salt Cure
|upkeep
|turn|14
|
|t:|1760376393
|move|p2a: Kyurem|Ice Beam|p1a: Moltres
|-damage|p1a: Moltres|0 fnt
|faint|p1a: Moltres
|
|-weather|Snowscape|[upkeep]
|-damage|p2a: Kyurem|41/100 tox|[from] psn
|upkeep
|
|t:|1760376396
|switch|p1a: Samurott|Samurott-Hisui, M|100/100
|turn|15
|
|t:|1760376399
|move|p2a: Kyurem|Ice Beam|p1a: Samurott
|-resisted|p1a: Samurott
|-damage|p1a: Samurott|67/100
|move|p1a: Samurott|Ceaseless Edge|p2a: Kyurem
|-damage|p2a: Kyurem|10/100 tox
|-sidestart|p2: ljdarkrai_meme|Spikes
|
|-weather|none
|-damage|p2a: Kyurem|0 fnt|[from] psn
|faint|p2a: Kyurem
|upkeep
|
|t:|1760376406
|switch|p2a: Cinderace|Cinderace, M|100/100
|turn|16
|
|t:|1760376409
|move|p2a: Cinderace|Will-O-Wisp|p1a: Samurott
|-status|p1a: Samurott|brn
|move|p1a: Samurott|Ceaseless Edge|p2a: Cinderace
|-damage|p2a: Cinderace|65/100
|-sidestart|p2: ljdarkrai_meme|Spikes
|
|-damage|p1a: Samurott|61/100 brn|[from] brn
|upkeep
|turn|17
|
|t:|1760376412
|move|p2a: Cinderace|High Jump Kick|p1a: Samurott
|-start|p2a: Cinderace|typechange|Fighting|[from] ability: Libero
|-supereffective|p1a: Samurott
|-damage|p1a: Samurott|0 fnt
|faint|p1a: Samurott
|
|upkeep
|
|t:|1760376416
|switch|p1a: Dragapult|Dragapult, F|100/100
|turn|18
|
|t:|1760376421
|switch|p2a: Corviknight|Corviknight, M|61/100
|move|p1a: Dragapult|Draco Meteor|p2a: Corviknight
|-resisted|p2a: Corviknight
|-damage|p2a: Corviknight|21/100
|-unboost|p1a: Dragapult|spa|2
|
|-heal|p2a: Corviknight|27/100|[from] item: Leftovers
|upkeep
|turn|19
|inactive|BorderofSeal has 120 seconds left.
|
|t:|1760376468
|move|p1a: Dragapult|Draco Meteor|p2a: Corviknight
|-resisted|p2a: Corviknight
|-damage|p2a: Corviknight|7/100
|-unboost|p1a: Dragapult|spa|2
|move|p2a: Corviknight|Roost|p2a: Corviknight
|-heal|p2a: Corviknight|57/100
|-singleturn|p2a: Corviknight|move: Roost
|
|-heal|p2a: Corviknight|64/100|[from] item: Leftovers
|upkeep
|turn|20
|
|t:|1760376484
|switch|p1a: Slowking|Slowking-Galar, F|88/100
|move|p2a: Corviknight|U-turn|p1a: Slowking
|-damage|p1a: Slowking|74/100
|
|t:|1760376492
|switch|p2a: Cinderace|Cinderace, M|65/100|[from] U-turn
|
|upkeep
|turn|21
|
|t:|1760376504
|move|p2a: Cinderace|Court Change|p2a: Cinderace
|-start|p2a: Cinderace|typechange|Normal|[from] ability: Libero
|-swapsideconditions
|-activate|p2a: Cinderace|move: Court Change
|move|p1a: Slowking|Sludge Bomb|p2a: Cinderace
|-damage|p2a: Cinderace|15/100
|
|upkeep
|turn|22
|
|t:|1760376519
|move|p2a: Cinderace|Pyro Ball|p1a: Slowking
|-crit|p1a: Slowking
|-damage|p1a: Slowking|12/100
|move|p1a: Slowking|Sludge Bomb|p2a: Cinderace
|-damage|p2a: Cinderace|0 fnt
|faint|p2a: Cinderace
|
|upkeep
|
|t:|1760376536
|switch|p2a: Dragapult|Dragapult, M|100/100
|turn|23
|
|t:|1760376542
|switch|p1a: Weavile|Weavile, F|100/100
|-ability|p1a: Weavile|Pressure
|move|p2a: Dragapult|Dragon Darts|p1a: Weavile
|-damage|p1a: Weavile|35/100
|-anim|p2a: Dragapult|Dragon Darts|p1a: Weavile
|-damage|p1a: Weavile|0 fnt
|faint|p1a: Weavile
|-damage|p2a: Dragapult|91/100|[from] item: Life Orb
|
|upkeep
|
|t:|1760376545
|switch|p1a: Great Tusk|Great Tusk|100/100
|-damage|p1a: Great Tusk|84/100|[from] Spikes
|turn|24
|
|t:|1760376555
|switch|p2a: Corviknight|Corviknight, M|64/100
|move|p1a: Great Tusk|Knock Off|p2a: Corviknight
|-damage|p2a: Corviknight|42/100
|-enditem|p2a: Corviknight|Leftovers|[from] move: Knock Off|[of] p1a: Great Tusk
|
|upkeep
|turn|25
|
|t:|1760376559
|move|p1a: Great Tusk|Rapid Spin|p2a: Corviknight
|-resisted|p2a: Corviknight
|-damage|p2a: Corviknight|37/100
|-boost|p1a: Great Tusk|spe|1
|-sideend|p1: BorderofSeal|Spikes|[from] move: Rapid Spin|[of] p1a: Great Tusk
|move|p2a: Corviknight|U-turn|p1a: Great Tusk
|-resisted|p1a: Great Tusk
|-damage|p1a: Great Tusk|79/100
|-damage|p2a: Corviknight|20/100|[from] item: Rocky Helmet|[of] p1a: Great Tusk
|
|t:|1760376565
|switch|p2a: Garganacl|Garganacl, F|100/100|[from] U-turn
|
|upkeep
|turn|26
|
|t:|1760376569
|move|p1a: Great Tusk|Headlong Rush|p2a: Garganacl
|-supereffective|p2a: Garganacl
|-damage|p2a: Garganacl|15/100
|-unboost|p1a: Great Tusk|def|1
|-unboost|p1a: Great Tusk|spd|1
|move|p2a: Garganacl|Salt Cure|p1a: Great Tusk
|-resisted|p1a: Great Tusk
|-damage|p1a: Great Tusk|75/100
|-start|p1a: Great Tusk|Salt Cure
|
|-heal|p2a: Garganacl|22/100|[from] item: Leftovers
|-damage|p1a: Great Tusk|63/100|[from] Salt Cure
|upkeep
|turn|27
|
|t:|1760376584
|switch|p2a: Corviknight|Corviknight, M|20/100
|move|p1a: Great Tusk|Stealth Rock|p2a: Corviknight
|-sidestart|p2: ljdarkrai_meme|move: Stealth Rock
|
|-damage|p1a: Great Tusk|51/100|[from] Salt Cure
|upkeep
|turn|28
|
|t:|1760376590
|-end|p1a: Great Tusk|Protosynthesis|[silent]
|switch|p1a: Dragapult|Dragapult, F|100/100
|move|p2a: Corviknight|Roost|p2a: Corviknight
|-heal|p2a: Corviknight|70/100
|-singleturn|p2a: Corviknight|move: Roost
|
|upkeep
|turn|29
|c| GreninjaGlazer53|Darkrai meme I bet my house on you lock in
|
|t:|1760376594
|move|p1a: Dragapult|Flamethrower|p2a: Corviknight
|-supereffective|p2a: Corviknight
|-damage|p2a: Corviknight|0 fnt
|faint|p2a: Corviknight
|
|upkeep
|
|t:|1760376604
|switch|p2a: Dragapult|Dragapult, M|91/100
|-damage|p2a: Dragapult|78/100|[from] Stealth Rock
|turn|30
|
|t:|1760376606
|switch|p1a: Slowking|Slowking-Galar, F|45/100
|move|p2a: Dragapult|Dragon Dance|p2a: Dragapult
|-boost|p2a: Dragapult|atk|1
|-boost|p2a: Dragapult|spe|1
|
|upkeep
|turn|31
|
|t:|1760376636
|move|p2a: Dragapult|Dragon Darts|p1a: Slowking
|-damage|p1a: Slowking|0 fnt
|faint|p1a: Slowking
|-damage|p2a: Dragapult|69/100|[from] item: Life Orb
|
|upkeep
|
|t:|1760376641
|switch|p1a: Dragapult|Dragapult, F|100/100
|turn|32
|
|t:|1760376645
|-terastallize|p1a: Dragapult|Fairy
|move|p2a: Dragapult|Phantom Force||[still]
|-prepare|p2a: Dragapult|Phantom Force
|move|p1a: Dragapult|Shadow Ball|p2a: Dragapult|[miss]
|-miss|p1a: Dragapult|p2a: Dragapult
|
|upkeep
|turn|33
|
|t:|1760376651
|move|p2a: Dragapult|Phantom Force|p1a: Dragapult|[from] lockedmove
|-damage|p1a: Dragapult|0 fnt
|faint|p1a: Dragapult
|-damage|p2a: Dragapult|59/100|[from] item: Life Orb
|
|upkeep
|
|t:|1760376654
|switch|p1a: Great Tusk|Great Tusk|51/100
|turn|34
|
|t:|1760376660
|move|p2a: Dragapult|Dragon Darts|p1a: Great Tusk
|-damage|p1a: Great Tusk|14/100
|-anim|p2a: Dragapult|Dragon Darts|p1a: Great Tusk
|-damage|p1a: Great Tusk|0 fnt
|faint|p1a: Great Tusk
|-end|p1a: Great Tusk|Protosynthesis|[silent]
|-damage|p2a: Dragapult|49/100|[from] item: Life Orb
|
|win|ljdarkrai_meme
|raw|BorderofSeal's rating: 1625 &rarr; <strong>1606</strong><br />(-19 for losing)
|raw|ljdarkrai_meme's rating: 1645 &rarr; <strong>1664</strong><br />(+19 for winning)
|c| GreninjaGlazer53|good job
