|j|☆sommeliersam
|j|☆deepfriedmagikarp
|t:|1760332607
|gametype|singles
|player|p1|sommeliersam|1|1762
|player|p2|deepfriedmagikarp|pokemonranger-gen4|1746
|gen|9
|tier|[Gen 9] OU
|rated|
|rule|HP Percentage Mod: HP is shown in percentages
|rule|Endless Battle Clause: Forcing endless battles is banned
|rule|Species Clause: Limit one of each Pokémon
|rule|OHKO Clause: OHKO moves are banned
|rule|Evasion Items Clause: Evasion items are banned
|rule|Evasion Moves Clause: Evasion moves are banned
|rule|Evasion Abilities Clause: Evasion abilities are banned
|rule|Sleep Moves Clause: Sleep-inducing moves are banned
|clearpoke
|poke|p1|Gholdengo|
|poke|p1|Zamazenta-*|
|poke|p1|Ting-Lu|
|poke|p1|Dragapult, F|
|poke|p1|Cinderace, M|
|poke|p1|Dragonite, M|
|poke|p2|Ogerpon-Wellspring, F|
|poke|p2|Kingambit, F|
|poke|p2|Landorus-Therian, M|
|poke|p2|Glimmora, M|
|poke|p2|Dragapult, M|
|poke|p2|Iron Valiant|
|teampreview
|inactive|Battle timer is ON: inactive players will automatically lose when time's up. (requested by deepfriedmagikarp)
|
|t:|1760332625
|teamsize|p1|6
|teamsize|p2|6
|start
|switch|p1a: Ting-Lu|Ting-Lu|100/100
|switch|p2a: Dragapult|Dragapult, M|100/100
|-ability|p1a: Ting-Lu|Vessel of Ruin
|turn|1
|
|t:|1760332627
|move|p2a: Dragapult|U-turn|p1a: Ting-Lu
|-supereffective|p1a: Ting-Lu
|-damage|p1a: Ting-Lu|82/100
|
|t:|1760332629
|switch|p2a: Ogerpon|Ogerpon-Wellspring, F|100/100|[from] U-turn
|move|p1a: Ting-Lu|Ruination|p2a: Ogerpon
|-damage|p2a: Ogerpon|51/100
|
|-heal|p1a: Ting-Lu|88/100|[from] item: Leftovers
|upkeep
|turn|2
|
|t:|1760332642
|switch|p1a: Zamazenta|Zamazenta|100/100
|-ability|p1a: Zamazenta|Dauntless Shield|boost
|-boost|p1a: Zamazenta|def|1
|move|p2a: Ogerpon|Ivy Cudgel|p1a: Zamazenta|[anim] Ivy Cudgel Water
|-crit|p1a: Zamazenta
|-damage|p1a: Zamazenta|29/100
|
|-heal|p1a: Zamazenta|35/100|[from] item: Leftovers
|upkeep
|turn|3
|
|t:|1760332650
|switch|p2a: Landorus|Landorus-Therian, M|100/100
|-ability|p2a: Landorus|Intimidate|boost
|-unboost|p1a: Zamazenta|atk|1
|move|p1a: Zamazenta|Crunch|p2a: Landorus
|-damage|p2a: Landorus|85/100
|-damage|p1a: Zamazenta|19/100|[from] item: Rocky Helmet|[of] p2a: Landorus
|
|-heal|p1a: Zamazenta|25/100|[from] item: Leftovers
|upkeep
|turn|4
|
|t:|1760332662
|switch|p1a: Ting-Lu|Ting-Lu|88/100
|-ability|p1a: Ting-Lu|Vessel of Ruin
|move|p2a: Landorus|U-turn|p1a: Ting-Lu
|-supereffective|p1a: Ting-Lu
|-damage|p1a: Ting-Lu|62/100
|j| ThomasV4
|
|t:|1760332667
|switch|p2a: Ogerpon|Ogerpon-Wellspring, F|51/100|[from] U-turn
|
|-heal|p1a: Ting-Lu|69/100|[from] item: Leftovers
|upkeep
|turn|5
|
|t:|1760332670
|switch|p1a: Zamazenta|Zamazenta|25/100
|move|p2a: Ogerpon|Play Rough|p1a: Zamazenta
|-supereffective|p1a: Zamazenta
|-damage|p1a: Zamazenta|0 fnt
|faint|p1a: Zamazenta
|
|upkeep
|
|t:|1760332672
|switch|p1a: Dragapult|Dragapult, F|100/100
|turn|6
|
|t:|1760332677
|switch|p2a: Glimmora|Glimmora, M|100/100
|move|p1a: Dragapult|Shadow Ball|p2a: Glimmora
|-damage|p2a: Glimmora|34/100
|
|upkeep
|turn|7
|
|t:|1760332680
|switch|p2a: Kingambit|Kingambit, F|100/100
|move|p1a: Dragapult|Shadow Ball|p2a: Kingambit
|-resisted|p2a: Kingambit
|-damage|p2a: Kingambit|75/100
|-unboost|p2a: Kingambit|spd|1
|
|-heal|p2a: Kingambit|81/100|[from] item: Leftovers
|upkeep
|turn|8
|
|t:|1760332694
|switch|p1a: Ting-Lu|Ting-Lu|69/100
|-ability|p1a: Ting-Lu|Vessel of Ruin
|move|p2a: Kingambit|Kowtow Cleave|p1a: Ting-Lu
|-resisted|p1a: Ting-Lu
|-damage|p1a: Ting-Lu|56/100
|
|-heal|p2a: Kingambit|87/100|[from] item: Leftovers
|-heal|p1a: Ting-Lu|62/100|[from] item: Leftovers
|upkeep
|turn|9
|
|t:|1760332699
|-end|p2a: Kingambit|fallenundefined|[silent]
|switch|p2a: Ogerpon|Ogerpon-Wellspring, F|51/100
|switch|p1a: Dragapult|Dragapult, F|100/100
|
|upkeep
|turn|10
|
|t:|1760332710
|switch|p2a: Kingambit|Kingambit, F|87/100
|move|p1a: Dragapult|Shadow Ball|p2a: Kingambit
|-resisted|p2a: Kingambit
|-damage|p2a: Kingambit|63/100
|-unboost|p2a: Kingambit|spd|1
|
|-heal|p2a: Kingambit|69/100|[from] item: Leftovers
|upkeep
|turn|11
|
|t:|1760332716
|switch|p1a: Ting-Lu|Ting-Lu|62/100
|-ability|p1a: Ting-Lu|Vessel of Ruin
|move|p2a: Kingambit|Kowtow Cleave|p1a: Ting-Lu
|-resisted|p1a: Ting-Lu
|-damage|p1a: Ting-Lu|47/100
|
|-heal|p2a: Kingambit|76/100|[from] item: Leftovers
|-heal|p1a: Ting-Lu|54/100|[from] item: Leftovers
|upkeep
|turn|12
|
|t:|1760332723
|-end|p2a: Kingambit|fallenundefined|[silent]
|switch|p2a: Ogerpon|Ogerpon-Wellspring, F|51/100
|move|p1a: Ting-Lu|Stealth Rock|p2a: Ogerpon
|-sidestart|p2: deepfriedmagikarp|move: Stealth Rock
|
|-heal|p1a: Ting-Lu|60/100|[from] item: Leftovers
|upkeep
|turn|13
|l| ThomasV4
|
|t:|1760332737
|switch|p1a: Gholdengo|Gholdengo|100/100
|move|p2a: Ogerpon|Ivy Cudgel|p1a: Gholdengo|[anim] Ivy Cudgel Water
|-damage|p1a: Gholdengo|46/100
|
|upkeep
|turn|14
|
|t:|1760332743
|move|p2a: Ogerpon|Ivy Cudgel|p1a: Gholdengo|[anim] Ivy Cudgel Water
|-damage|p1a: Gholdengo|0 fnt
|faint|p1a: Gholdengo
|
|upkeep
|
|t:|1760332745
|switch|p1a: Dragapult|Dragapult, F|100/100
|turn|15
|
|t:|1760332753
|switch|p2a: Glimmora|Glimmora, M|34/100
|-damage|p2a: Glimmora|22/100|[from] Stealth Rock
|move|p1a: Dragapult|Shadow Ball|p2a: Glimmora
|-damage|p2a: Glimmora|0 fnt
|faint|p2a: Glimmora
|
|upkeep
|
|t:|1760332755
|switch|p2a: Kingambit|Kingambit, F|76/100
|-damage|p2a: Kingambit|69/100|[from] Stealth Rock
|-activate|p2a: Kingambit|ability: Supreme Overlord
|-start|p2a: Kingambit|fallen1|[silent]
|turn|16
|
|t:|1760332758
|switch|p1a: Cinderace|Cinderace, M|100/100
|move|p2a: Kingambit|Kowtow Cleave|p1a: Cinderace
|-damage|p1a: Cinderace|28/100
|
|-heal|p2a: Kingambit|76/100|[from] item: Leftovers
|upkeep
|turn|17
|
|t:|1760332762
|-end|p2a: Kingambit|fallen1|[silent]
|switch|p2a: Dragapult|Dragapult, M|100/100
|-damage|p2a: Dragapult|88/100|[from] Stealth Rock
|move|p1a: Cinderace|Will-O-Wisp|p2a: Dragapult
|-status|p2a: Dragapult|brn
|
|-damage|p2a: Dragapult|82/100 brn|[from] brn
|upkeep
|turn|18
|
|t:|1760332767
|switch|p1a: Ting-Lu|Ting-Lu|60/100
|-ability|p1a: Ting-Lu|Vessel of Ruin
|move|p2a: Dragapult|Draco Meteor|p1a: Ting-Lu
|-crit|p1a: Ting-Lu
|-damage|p1a: Ting-Lu|11/100
|-unboost|p2a: Dragapult|spa|2
|
|-heal|p1a: Ting-Lu|18/100|[from] item: Leftovers
|-damage|p2a: Dragapult|76/100 brn|[from] brn
|upkeep
|turn|19
|
|t:|1760332783
|switch|p1a: Dragapult|Dragapult, F|100/100
|move|p2a: Dragapult|Draco Meteor|p1a: Dragapult
|-supereffective|p1a: Dragapult
|-damage|p1a: Dragapult|0 fnt
|-unboost|p2a: Dragapult|spa|2
|faint|p1a: Dragapult
|
|-damage|p2a: Dragapult|70/100 brn|[from] brn
|upkeep
|
|t:|1760332786
|switch|p1a: Dragonite|Dragonite, M|100/100
|turn|20
|
|t:|1760332789
|switch|p2a: Iron Valiant|Iron Valiant|100/100
|-damage|p2a: Iron Valiant|94/100|[from] Stealth Rock
|-enditem|p2a: Iron Valiant|Booster Energy
|-activate|p2a: Iron Valiant|ability: Quark Drive|[fromitem]
|-start|p2a: Iron Valiant|quarkdrivespe
|move|p1a: Dragonite|Dragon Dance|p1a: Dragonite
|-boost|p1a: Dragonite|atk|1
|-boost|p1a: Dragonite|spe|1
|
|upkeep
|turn|21
|
|t:|1760332794
|move|p1a: Dragonite|Extreme Speed|p2a: Iron Valiant
|-damage|p2a: Iron Valiant|44/100
|move|p2a: Iron Valiant|Encore|p1a: Dragonite
|-start|p1a: Dragonite|Encore
|
|upkeep
|turn|22
|j| Large_Rodent
|
|t:|1760332802
|-end|p2a: Iron Valiant|Quark Drive|[silent]
|switch|p2a: Landorus|Landorus-Therian, M|85/100
|-damage|p2a: Landorus|73/100|[from] Stealth Rock
|-ability|p2a: Landorus|Intimidate|boost
|-unboost|p1a: Dragonite|atk|1
|move|p1a: Dragonite|Extreme Speed|p2a: Landorus
|-damage|p2a: Landorus|46/100
|-damage|p1a: Dragonite|84/100|[from] item: Rocky Helmet|[of] p2a: Landorus
|
|upkeep
|turn|23
|
|t:|1760332815
|move|p1a: Dragonite|Extreme Speed|p2a: Landorus
|-damage|p2a: Landorus|20/100
|-damage|p1a: Dragonite|67/100|[from] item: Rocky Helmet|[of] p2a: Landorus
|move|p2a: Landorus|Stone Edge|p1a: Dragonite|[miss]
|-miss|p2a: Landorus|p1a: Dragonite
|
|upkeep
|turn|24
|
|t:|1760332823
|move|p1a: Dragonite|Extreme Speed|p2a: Landorus
|-damage|p2a: Landorus|0 fnt
|-damage|p1a: Dragonite|51/100|[from] item: Rocky Helmet|[of] p2a: Landorus
|faint|p2a: Landorus
|
|-end|p1a: Dragonite|Encore
|upkeep
|
|t:|1760332828
|switch|p2a: Kingambit|Kingambit, F|76/100
|-damage|p2a: Kingambit|69/100|[from] Stealth Rock
|-activate|p2a: Kingambit|ability: Supreme Overlord
|-start|p2a: Kingambit|fallen2|[silent]
|turn|25
|
|t:|1760332836
|move|p1a: Dragonite|Roost|p1a: Dragonite
|-heal|p1a: Dragonite|100/100
|-singleturn|p1a: Dragonite|move: Roost
|move|p2a: Kingambit|Kowtow Cleave|p1a: Dragonite
|-damage|p1a: Dragonite|75/100
|
|-heal|p2a: Kingambit|76/100|[from] item: Leftovers
|upkeep
|turn|26
|
|t:|1760332849
|-terastallize|p1a: Dragonite|Ground
|move|p1a: Dragonite|Earthquake|p2a: Kingambit
|-supereffective|p2a: Kingambit
|-damage|p2a: Kingambit|0 fnt
|faint|p2a: Kingambit
|-end|p2a: Kingambit|fallen2|[silent]
|
|upkeep
|c|☆deepfriedmagikarp|man this shit is so brainless
|c|☆deepfriedmagikarp|gg
|inactive|deepfriedmagikarp has 120 seconds left.
|c|☆deepfriedmagikarp|nothing matters just tera with the dnite in the end
|
|t:|1760332894
|switch|p2a: Dragapult|Dragapult, M|70/100 brn
|-damage|p2a: Dragapult|58/100 brn|[from] Stealth Rock
|turn|27
|
|t:|1760332905
|switch|p1a: Ting-Lu|Ting-Lu|18/100
|-ability|p1a: Ting-Lu|Vessel of Ruin
|move|p2a: Dragapult|Draco Meteor|p1a: Ting-Lu|[miss]
|-miss|p2a: Dragapult|p1a: Ting-Lu
|
|-heal|p1a: Ting-Lu|24/100|[from] item: Leftovers
|-damage|p2a: Dragapult|52/100 brn|[from] brn
|upkeep
|turn|28
|
|t:|1760332921
|switch|p2a: Iron Valiant|Iron Valiant|44/100
|-damage|p2a: Iron Valiant|38/100|[from] Stealth Rock
|move|p1a: Ting-Lu|Earthquake|p2a: Iron Valiant
|-damage|p2a: Iron Valiant|0 fnt
|faint|p2a: Iron Valiant
|-end|p2a: Iron Valiant|Quark Drive|[silent]
|
|-heal|p1a: Ting-Lu|30/100|[from] item: Leftovers
|upkeep
|
|t:|1760332925
|switch|p2a: Ogerpon|Ogerpon-Wellspring, F|51/100
|-damage|p2a: Ogerpon|38/100|[from] Stealth Rock
|turn|29
|inactive|sommeliersam has 120 seconds left.
|
|t:|1760332962
|switch|p1a: Cinderace|Cinderace, M|28/100
|move|p2a: Ogerpon|Horn Leech|p1a: Cinderace
|-resisted|p1a: Cinderace
|-damage|p1a: Cinderace|1/100
|-heal|p2a: Ogerpon|54/100|[from] drain|[of] p1a: Cinderace
|
|upkeep
|turn|30
|inactive|sommeliersam has 120 seconds left.
|
|t:|1760332987
|switch|p2a: Dragapult|Dragapult, M|52/100 brn
|-damage|p2a: Dragapult|40/100 brn|[from] Stealth Rock
|move|p1a: Cinderace|U-turn|p2a: Dragapult
|-resisted|p2a: Dragapult
|-damage|p2a: Dragapult|27/100 brn
|
|t:|1760332994
|switch|p1a: Ting-Lu|Ting-Lu|30/100|[from] U-turn
|-ability|p1a: Ting-Lu|Vessel of Ruin
|
|-heal|p1a: Ting-Lu|36/100|[from] item: Leftovers
|-damage|p2a: Dragapult|21/100 brn|[from] brn
|upkeep
|turn|31
|
|t:|1760333011
|move|p2a: Dragapult|Shadow Ball|p1a: Ting-Lu
|-resisted|p1a: Ting-Lu
|-damage|p1a: Ting-Lu|26/100
|move|p1a: Ting-Lu|Whirlwind|p2a: Dragapult
|drag|p2a: Ogerpon|Ogerpon-Wellspring, F|54/100
|-damage|p2a: Ogerpon|42/100|[from] Stealth Rock
|
|-heal|p1a: Ting-Lu|32/100|[from] item: Leftovers
|upkeep
|turn|32
|inactive|sommeliersam has 90 seconds left.
|
|t:|1760333030
|switch|p1a: Cinderace|Cinderace, M|1/100
|move|p2a: Ogerpon|Horn Leech|p1a: Cinderace
|-resisted|p1a: Cinderace
|-damage|p1a: Cinderace|0 fnt
|-heal|p2a: Ogerpon|42/100|[from] drain|[of] p1a: Cinderace
|faint|p1a: Cinderace
|
|upkeep
|
|t:|1760333034
|switch|p1a: Dragonite|Dragonite, M, tera:Ground|75/100
|turn|33
|
|t:|1760333038
|-terastallize|p2a: Ogerpon|Water
|detailschange|p2a: Ogerpon|Ogerpon-Wellspring-Tera, F, tera:Water
|-ability|p2a: Ogerpon|Embody Aspect (Wellspring)|boost
|-boost|p2a: Ogerpon|spd|1
|move|p1a: Dragonite|Extreme Speed|p2a: Ogerpon
|-damage|p2a: Ogerpon|8/100
|move|p2a: Ogerpon|Ivy Cudgel|p1a: Dragonite|[anim] Ivy Cudgel Water
|-supereffective|p1a: Dragonite
|-damage|p1a: Dragonite|0 fnt
|faint|p1a: Dragonite
|
|upkeep
|
|t:|1760333045
|switch|p1a: Ting-Lu|Ting-Lu|32/100
|-ability|p1a: Ting-Lu|Vessel of Ruin
|turn|34
|
|t:|1760333047
|move|p2a: Ogerpon|Ivy Cudgel|p1a: Ting-Lu|[anim] Ivy Cudgel Water
|-supereffective|p1a: Ting-Lu
|-crit|p1a: Ting-Lu
|-damage|p1a: Ting-Lu|0 fnt
|faint|p1a: Ting-Lu
|
|win|deepfriedmagikarp
|raw|sommeliersam's rating: 1762 &rarr; <strong>1741</strong><br />(-21 for losing)
|raw|deepfriedmagikarp's rating: 1746 &rarr; <strong>1767</strong><br />(+21 for winning)
|l|☆deepfriedmagikarp
|player|p2|
|l|☆sommeliersam
|player|p1|
|l| Large_Rodent
