|j|☆abigolname
|j|☆KaiZX49
|t:|1760392553
|gametype|singles
|player|p1|abigolname|ingo|1329
|player|p2|KaiZX49|youngster|1342
|gen|9
|tier|[Gen 9] OU
|rated|
|rule|HP Percentage Mod: HP is shown in percentages
|rule|Endless Battle Clause: Forcing endless battles is banned
|rule|Species Clause: Limit one of each Pokémon
|rule|OHKO Clause: OHKO moves are banned
|rule|Evasion Items Clause: Evasion items are banned
|rule|Evasion Moves Clause: Evasion moves are banned
|rule|Evasion Abilities Clause: Evasion abilities are banned
|rule|Sleep Moves Clause: Sleep-inducing moves are banned
|clearpoke
|poke|p1|Glimmora, M|
|poke|p1|Landorus-Therian, M|
|poke|p1|Gholdengo|
|poke|p1|Raging Bolt|
|poke|p1|Cinderace, F|
|poke|p1|Zamazenta-*|
|poke|p2|Forretress, F|
|poke|p2|Dragonite, F|
|poke|p2|Clodsire, F|
|poke|p2|Jumpluff, F|
|poke|p2|Dragapult, M|
|poke|p2|Heatran, M|
|teampreview
|inactive|Battle timer is ON: inactive players will automatically lose when time's up. (requested by KaiZX49)
|
|t:|1760392567
|teamsize|p1|6
|teamsize|p2|6
|start
|switch|p1a: Landorus|Landorus-Therian, M|100/100
|switch|p2a: Forretress|Forretress, F|100/100
|-ability|p1a: Landorus|Intimidate|boost
|-unboost|p2a: Forretress|atk|1
|turn|1
|
|t:|1760392574
|move|p1a: Landorus|Taunt|p2a: Forretress
|-start|p2a: Forretress|move: Taunt
|cant|p2a: Forretress|move: Taunt|Stealth Rock
|
|upkeep
|turn|2
|
|t:|1760392578
|switch|p2a: Jumpluff|Jumpluff, F|100/100
|move|p1a: Landorus|Stealth Rock|p2a: Jumpluff
|-sidestart|p2: KaiZX49|move: Stealth Rock
|
|upkeep
|turn|3
|
|t:|1760392590
|move|p2a: Jumpluff|Stun Spore|p1a: Landorus
|-status|p1a: Landorus|par
|cant|p1a: Landorus|par
|
|upkeep
|turn|4
|
|t:|1760392598
|switch|p2a: Forretress|Forretress, F|100/100
|-damage|p2a: Forretress|88/100|[from] Stealth Rock
|move|p1a: Landorus|U-turn|p2a: Forretress
|-resisted|p2a: Forretress
|-damage|p2a: Forretress|81/100
|-damage|p1a: Landorus|84/100 par|[from] item: Rocky Helmet|[of] p2a: Forretress
|
|t:|1760392604
|switch|p1a: Cinderace|Cinderace, F|100/100|[from] U-turn
|
|upkeep
|turn|5
|
|t:|1760392610
|-terastallize|p2a: Forretress|Ghost
|move|p1a: Cinderace|Pyro Ball|p2a: Forretress
|-damage|p2a: Forretress|45/100
|move|p2a: Forretress|Thunder Wave|p1a: Cinderace
|-status|p1a: Cinderace|par
|
|upkeep
|turn|6
|
|t:|1760392628
|move|p1a: Cinderace|Pyro Ball|p2a: Forretress
|-damage|p2a: Forretress|11/100
|move|p2a: Forretress|Stealth Rock|p1a: Cinderace
|-sidestart|p1: abigolname|move: Stealth Rock
|
|upkeep
|turn|7
|
|t:|1760392633
|move|p1a: Cinderace|U-turn|p2a: Forretress
|-resisted|p2a: Forretress
|-damage|p2a: Forretress|4/100
|-damage|p1a: Cinderace|84/100 par|[from] item: Rocky Helmet|[of] p2a: Forretress
|
|t:|1760392637
|switch|p1a: Landorus|Landorus-Therian, M|84/100 par|[from] U-turn
|-damage|p1a: Landorus|72/100 par|[from] Stealth Rock
|-ability|p1a: Landorus|Intimidate|boost
|-unboost|p2a: Forretress|atk|1
|move|p2a: Forretress|Rapid Spin|p1a: Landorus
|-damage|p1a: Landorus|65/100 par
|-boost|p2a: Forretress|spe|1
|-damage|p2a: Forretress|0 fnt|[from] item: Rocky Helmet|[of] p1a: Landorus
|faint|p2a: Forretress
|
|upkeep
|
|t:|1760392647
|switch|p2a: Dragapult|Dragapult, M|100/100
|turn|8
|
|t:|1760392659
|move|p2a: Dragapult|Hex|p1a: Landorus
|-damage|p1a: Landorus|2/100 par
|move|p1a: Landorus|U-turn|p2a: Dragapult
|-resisted|p2a: Dragapult
|-damage|p2a: Dragapult|84/100
|
|t:|1760392681
|switch|p1a: Zamazenta|Zamazenta|100/100|[from] U-turn
|-ability|p1a: Zamazenta|Dauntless Shield|boost
|-boost|p1a: Zamazenta|def|1
|
|upkeep
|turn|9
|
|t:|1760392685
|move|p2a: Dragapult|Will-O-Wisp|p1a: Zamazenta
|-status|p1a: Zamazenta|brn
|move|p1a: Zamazenta|Crunch|p2a: Dragapult
|-supereffective|p2a: Dragapult
|-damage|p2a: Dragapult|57/100
|
|-damage|p1a: Zamazenta|94/100 brn|[from] brn
|upkeep
|turn|10
|
|t:|1760392693
|move|p2a: Dragapult|Hex|p1a: Zamazenta
|-damage|p1a: Zamazenta|40/100 brn
|move|p1a: Zamazenta|Crunch|p2a: Dragapult
|-supereffective|p2a: Dragapult
|-damage|p2a: Dragapult|25/100
|
|-damage|p1a: Zamazenta|34/100 brn|[from] brn
|upkeep
|turn|11
|
|t:|1760392700
|switch|p1a: Landorus|Landorus-Therian, M|2/100 par
|-damage|p1a: Landorus|0 fnt|[from] Stealth Rock
|faint|p1a: Landorus
|move|p2a: Dragapult|Hex|p1: Landorus|[notarget]
|-fail|p2a: Dragapult
|
|upkeep
|
|t:|1760392711
|switch|p1a: Raging Bolt|Raging Bolt|100/100
|turn|12
|
|t:|1760392718
|switch|p2a: Clodsire|Clodsire, F|100/100
|-damage|p2a: Clodsire|94/100|[from] Stealth Rock
|move|p1a: Raging Bolt|Volt Switch|p2a: Clodsire
|-immune|p2a: Clodsire
|
|-heal|p2a: Clodsire|100/100|[from] item: Leftovers
|upkeep
|turn|13
|inactive|abigolname has 120 seconds left.
|inactive|abigolname has 90 seconds left.
|
|t:|1760392791
|-end|p1a: Raging Bolt|Protosynthesis|[silent]
|switch|p1a: Glimmora|Glimmora, M|100/100
|-damage|p1a: Glimmora|88/100|[from] Stealth Rock
|move|p2a: Clodsire|Earthquake|p1a: Glimmora
|-supereffective|p1a: Glimmora
|-damage|p1a: Glimmora|0 fnt
|-activate|p1a: Glimmora|ability: Toxic Debris
|-sidestart|p2: KaiZX49|move: Toxic Spikes
|faint|p1a: Glimmora
|
|upkeep
|
|t:|1760392809
|switch|p1a: Gholdengo|Gholdengo|100/100
|-damage|p1a: Gholdengo|94/100|[from] Stealth Rock
|turn|14
|-message|abigolname forfeited.
|
|win|KaiZX49
|raw|abigolname's rating: 1329 &rarr; <strong>1310</strong><br />(-19 for losing)
|raw|KaiZX49's rating: 1342 &rarr; <strong>1361</strong><br />(+19 for winning)
|l|☆KaiZX49
|player|p2|
