|j|☆NOOBnextDOOR
|j|☆eevee1995
|t:|1760457212
|gametype|singles
|player|p1|NOOBnextDOOR|burglar|1027
|player|p2|eevee1995|cynthia-masters|1033
|gen|9
|tier|[Gen 9] OU
|rated|
|rule|HP Percentage Mod: HP is shown in percentages
|rule|Endless Battle Clause: Forcing endless battles is banned
|rule|Species Clause: Limit one of each Pokémon
|rule|OHKO Clause: OHKO moves are banned
|rule|Evasion Items Clause: Evasion items are banned
|rule|Evasion Moves Clause: Evasion moves are banned
|rule|Evasion Abilities Clause: Evasion abilities are banned
|rule|Sleep Moves Clause: Sleep-inducing moves are banned
|clearpoke
|poke|p1|Ribombee, M|
|poke|p1|Weavile, M|
|poke|p1|Toxtricity-Low-Key, M|
|poke|p1|Gastrodon, M|
|poke|p1|Raichu, M|
|poke|p1|Spidops, M|
|poke|p2|Lokix, M|
|poke|p2|Araquanid, M|
|poke|p2|Galvantula, M|
|poke|p2|Scizor, M|
|poke|p2|Yanmega, M|
|poke|p2|Forretress, F|
|teampreview
|inactive|Battle timer is ON: inactive players will automatically lose when time's up. (requested by eevee1995)
|
|t:|1760457228
|teamsize|p1|6
|teamsize|p2|6
|start
|switch|p1a: Spidops|Spidops, M, shiny|100/100
|switch|p2a: Peter B. Parker|Araquanid, M, shiny|100/100
|turn|1
|
|t:|1760457236
|move|p2a: Peter B. Parker|Sticky Web|p1a: Spidops
|-sidestart|p1: NOOBnextDOOR|move: Sticky Web
|move|p1a: Spidops|Sticky Web|p2a: Peter B. Parker
|-sidestart|p2: eevee1995|move: Sticky Web
|
|upkeep
|turn|2
|
|t:|1760457243
|switch|p2a: Tickle bomb|Forretress, F, shiny|100/100
|-activate|p2a: Tickle bomb|move: Sticky Web
|-unboost|p2a: Tickle bomb|spe|1
|move|p1a: Spidops|Lunge|p2a: Tickle bomb
|-resisted|p2a: Tickle bomb
|-damage|p2a: Tickle bomb|82/100
|-unboost|p2a: Tickle bomb|atk|1
|-damage|p1a: Spidops|91/100|[from] item: Life Orb
|
|-heal|p2a: Tickle bomb|88/100|[from] item: Leftovers
|upkeep
|turn|3
|
|t:|1760457254
|move|p1a: Spidops|Lunge|p2a: Tickle bomb
|-resisted|p2a: Tickle bomb
|-damage|p2a: Tickle bomb|78/100
|-unboost|p2a: Tickle bomb|atk|1
|-damage|p1a: Spidops|81/100|[from] item: Life Orb
|move|p2a: Tickle bomb|Stealth Rock|p1a: Spidops
|-sidestart|p1: NOOBnextDOOR|move: Stealth Rock
|
|-heal|p2a: Tickle bomb|84/100|[from] item: Leftovers
|upkeep
|turn|4
|
|t:|1760457268
|move|p1a: Spidops|Lunge|p2a: Tickle bomb
|-resisted|p2a: Tickle bomb
|-damage|p2a: Tickle bomb|74/100
|-unboost|p2a: Tickle bomb|atk|1
|-damage|p1a: Spidops|71/100|[from] item: Life Orb
|move|p2a: Tickle bomb|Spikes|p1a: Spidops
|-sidestart|p1: NOOBnextDOOR|Spikes
|
|-heal|p2a: Tickle bomb|80/100|[from] item: Leftovers
|upkeep
|turn|5
|
|t:|1760457278
|switch|p1a: Toxtricity|Toxtricity-Low-Key, M, shiny|100/100
|-activate|p1a: Toxtricity|move: Sticky Web
|-unboost|p1a: Toxtricity|spe|1
|-damage|p1a: Toxtricity|88/100|[from] Stealth Rock
|-damage|p1a: Toxtricity|76/100|[from] Spikes
|move|p2a: Tickle bomb|Spikes|p1a: Toxtricity
|-sidestart|p1: NOOBnextDOOR|Spikes
|
|-heal|p2a: Tickle bomb|87/100|[from] item: Leftovers
|upkeep
|turn|6
|
|t:|1760457290
|-terastallize|p1a: Toxtricity|Electric
|move|p1a: Toxtricity|Overdrive|p2a: Tickle bomb
|-damage|p2a: Tickle bomb|0 fnt
|faint|p2a: Tickle bomb
|
|upkeep
|c|☆eevee1995|this is a gift sent from heaven
|c|☆eevee1995|nvm
|
|t:|1760457300
|switch|p2a: Sing legato|Yanmega, M, shiny|100/100
|turn|7
|
|t:|1760457304
|-terastallize|p2a: Sing legato|Ground
|move|p2a: Sing legato|Bug Buzz|p1a: Toxtricity
|-damage|p1a: Toxtricity|41/100
|-enditem|p2a: Sing legato|Throat Spray
|-boost|p2a: Sing legato|spa|1|[from] item: Throat Spray
|move|p1a: Toxtricity|Overdrive|p2a: Sing legato
|-immune|p2a: Sing legato
|
|upkeep
|turn|8
|
|t:|1760457315
|switch|p1a: Spidops|Spidops, M, shiny|71/100
|-activate|p1a: Spidops|move: Sticky Web
|-unboost|p1a: Spidops|spe|1
|-damage|p1a: Spidops|46/100|[from] Stealth Rock
|-damage|p1a: Spidops|30/100|[from] Spikes
|move|p2a: Sing legato|Bug Buzz|p1a: Spidops
|-damage|p1a: Spidops|0 fnt
|faint|p1a: Spidops
|
|upkeep
|
|t:|1760457326
|switch|p1a: Gastrodon|Gastrodon, M, shiny|100/100
|-activate|p1a: Gastrodon|move: Sticky Web
|-unboost|p1a: Gastrodon|spe|1
|-damage|p1a: Gastrodon|94/100|[from] Stealth Rock
|-damage|p1a: Gastrodon|78/100|[from] Spikes
|turn|9
|
|t:|1760457333
|move|p2a: Sing legato|Giga Drain|p1a: Gastrodon
|-supereffective|p1a: Gastrodon
|-damage|p1a: Gastrodon|0 fnt
|faint|p1a: Gastrodon
|
|upkeep
|c|☆NOOBnextDOOR|Gg
|c|☆eevee1995|gg
|
|t:|1760457346
|switch|p1a: Weavile|Weavile, M|100/100
|-activate|p1a: Weavile|move: Sticky Web
|-unboost|p1a: Weavile|spe|1
|-damage|p1a: Weavile|76/100|[from] Stealth Rock
|-damage|p1a: Weavile|59/100|[from] Spikes
|-ability|p1a: Weavile|Pressure
|turn|10
|
|t:|1760457354
|move|p2a: Sing legato|Bug Buzz|p1a: Weavile
|-supereffective|p1a: Weavile
|-damage|p1a: Weavile|0 fnt
|faint|p1a: Weavile
|
|upkeep
|
|t:|1760457360
|switch|p1a: Ribombee|Ribombee, M|100/100
|-damage|p1a: Ribombee|75/100|[from] Stealth Rock
|-item|p1a: Ribombee|Air Balloon
|turn|11
|
|t:|1760457366
|move|p2a: Sing legato|Air Slash|p1a: Ribombee
|-supereffective|p1a: Ribombee
|-damage|p1a: Ribombee|0 fnt
|-enditem|p1a: Ribombee|Air Balloon
|faint|p1a: Ribombee
|
|upkeep
|
|t:|1760457372
|switch|p1a: Raichu|Raichu, M|100/100
|-activate|p1a: Raichu|move: Sticky Web
|-unboost|p1a: Raichu|spe|1
|-damage|p1a: Raichu|88/100|[from] Stealth Rock
|-damage|p1a: Raichu|72/100|[from] Spikes
|turn|12
|
|t:|1760457379
|move|p2a: Sing legato|Bug Buzz|p1a: Raichu
|-damage|p1a: Raichu|0 fnt
|faint|p1a: Raichu
|
|upkeep
|
|t:|1760457384
|switch|p1a: Toxtricity|Toxtricity-Low-Key, M, shiny, tera:Electric|41/100
|-activate|p1a: Toxtricity|move: Sticky Web
|-unboost|p1a: Toxtricity|spe|1
|-damage|p1a: Toxtricity|28/100|[from] Stealth Rock
|-damage|p1a: Toxtricity|12/100|[from] Spikes
|turn|13
|
|t:|1760457390
|move|p2a: Sing legato|Air Slash|p1a: Toxtricity
|-resisted|p1a: Toxtricity
|-damage|p1a: Toxtricity|0 fnt
|faint|p1a: Toxtricity
|
|win|eevee1995
|raw|NOOBnextDOOR's rating: 1027 &rarr; <strong>1013</strong><br />(-14 for losing)
|raw|eevee1995's rating: 1033 &rarr; <strong>1067</strong><br />(+34 for winning)
