|j|☆arnocalypse
|j|☆vghhjg
|t:|1760455873
|gametype|singles
|player|p1|arnocalypse|266|1598
|player|p2|vghhjg|265|1622
|gen|9
|tier|[Gen 9] OU
|rated|
|rule|HP Percentage Mod: HP is shown in percentages
|rule|Endless Battle Clause: Forcing endless battles is banned
|rule|Species Clause: Limit one of each Pokémon
|rule|OHKO Clause: OHKO moves are banned
|rule|Evasion Items Clause: Evasion items are banned
|rule|Evasion Moves Clause: Evasion moves are banned
|rule|Evasion Abilities Clause: Evasion abilities are banned
|rule|Sleep Moves Clause: Sleep-inducing moves are banned
|clearpoke
|poke|p1|Ninetales-Alola, F|
|poke|p1|Rillaboom, F|
|poke|p1|Ogerpon-Wellspring, F|
|poke|p1|Hatterene, F|
|poke|p1|Iron Moth|
|poke|p1|Iron Thorns|
|poke|p2|Ribombee, F|
|poke|p2|Gholdengo|
|poke|p2|Cinderace, M|
|poke|p2|Primarina, F|
|poke|p2|Dragonite, F|
|poke|p2|Rillaboom, M|
|teampreview
|
|t:|1760455883
|teamsize|p1|6
|teamsize|p2|6
|start
|switch|p1a: Ninetales|Ninetales-Alola, F|100/100
|switch|p2a: Ribombee|Ribombee, F|100/100
|-weather|Snowscape|[from] ability: Snow Warning|[of] p1a: Ninetales
|turn|1
|
|t:|1760455887
|switch|p1a: Hatterene|Hatterene, F|100/100
|move|p2a: Ribombee|Sticky Web|p1a: Hatterene
|move|p1a: Hatterene|Sticky Web|p2a: Ribombee|[from] ability: Magic Bounce
|-sidestart|p2: vghhjg|move: Sticky Web
|
|-weather|Snowscape|[upkeep]
|upkeep
|turn|2
|j| bigtestsofbig
|
|t:|1760455973
|switch|p1a: Iron Moth|Iron Moth|100/100
|-enditem|p1a: Iron Moth|Booster Energy
|-activate|p1a: Iron Moth|ability: Quark Drive|[fromitem]
|-start|p1a: Iron Moth|quarkdrivespe
|move|p2a: Ribombee|Skill Swap||[still]
|-fail|p2a: Ribombee
|
|-weather|Snowscape|[upkeep]
|upkeep
|turn|3
|
|t:|1760455988
|move|p1a: Iron Moth|Sludge Wave|p2a: Ribombee
|-supereffective|p2a: Ribombee
|-enditem|p2a: Ribombee|Focus Sash
|-damage|p2a: Ribombee|1/100
|move|p2a: Ribombee|Psychic Noise|p1a: Iron Moth
|-supereffective|p1a: Iron Moth
|-crit|p1a: Iron Moth
|-damage|p1a: Iron Moth|31/100
|-start|p1a: Iron Moth|move: Heal Block
|
|-weather|Snowscape|[upkeep]
|upkeep
|turn|4
|
|t:|1760455996
|move|p1a: Iron Moth|Fiery Dance|p2a: Ribombee
|-supereffective|p2a: Ribombee
|-damage|p2a: Ribombee|0 fnt
|faint|p2a: Ribombee
|
|-weather|Snowscape|[upkeep]
|-end|p1a: Iron Moth|move: Heal Block
|upkeep
|
|t:|1760455999
|switch|p2a: Cinderace|Cinderace, M|100/100
|turn|5
|
|t:|1760456002
|move|p1a: Iron Moth|Sludge Wave|p2a: Cinderace
|-damage|p2a: Cinderace|28/100
|move|p2a: Cinderace|Court Change|p2a: Cinderace
|-start|p2a: Cinderace|typechange|Normal|[from] ability: Libero
|-swapsideconditions
|-activate|p2a: Cinderace|move: Court Change
|
|-weather|none
|upkeep
|turn|6
|
|t:|1760456006
|move|p2a: Cinderace|Sucker Punch|p1a: Iron Moth
|-damage|p1a: Iron Moth|0 fnt
|faint|p1a: Iron Moth
|-end|p1a: Iron Moth|Quark Drive|[silent]
|
|upkeep
|
|t:|1760456011
|switch|p1a: Rillaboom|Rillaboom, F|100/100
|-activate|p1a: Rillaboom|move: Sticky Web
|-unboost|p1a: Rillaboom|spe|1
|-fieldstart|move: Grassy Terrain|[from] ability: Grassy Surge|[of] p1a: Rillaboom
|turn|7
|
|t:|1760456016
|move|p2a: Cinderace|Pyro Ball|p1a: Rillaboom
|-supereffective|p1a: Rillaboom
|-damage|p1a: Rillaboom|11/100
|move|p1a: Rillaboom|Knock Off|p2a: Cinderace
|-damage|p2a: Cinderace|0 fnt
|-enditem|p2a: Cinderace|Heavy-Duty Boots|[from] move: Knock Off|[of] p1a: Rillaboom
|faint|p2a: Cinderace
|
|-heal|p1a: Rillaboom|18/100|[from] Grassy Terrain
|upkeep
|
|t:|1760456026
|switch|p2a: Rillaboom|Rillaboom, M|100/100
|turn|8
|
|t:|1760456028
|move|p2a: Rillaboom|U-turn|p1a: Rillaboom
|-supereffective|p1a: Rillaboom
|-damage|p1a: Rillaboom|0 fnt
|faint|p1a: Rillaboom
|
|t:|1760456037
|switch|p2a: Gholdengo|Gholdengo|100/100|[from] U-turn
|-item|p2a: Gholdengo|Air Balloon
|
|upkeep
|
|t:|1760456043
|switch|p1a: Ogerpon|Ogerpon-Wellspring, F|100/100
|-activate|p1a: Ogerpon|move: Sticky Web
|-unboost|p1a: Ogerpon|spe|1
|turn|9
|
|t:|1760456049
|move|p1a: Ogerpon|Ivy Cudgel|p2a: Gholdengo|[anim] Ivy Cudgel Water
|-damage|p2a: Gholdengo|56/100
|-enditem|p2a: Gholdengo|Air Balloon
|move|p2a: Gholdengo|Thunder Wave|p1a: Ogerpon
|-status|p1a: Ogerpon|par
|
|-heal|p2a: Gholdengo|62/100|[from] Grassy Terrain
|upkeep
|turn|10
|
|t:|1760456067
|move|p2a: Gholdengo|Recover|p2a: Gholdengo
|-heal|p2a: Gholdengo|100/100
|move|p1a: Ogerpon|Ivy Cudgel|p2a: Gholdengo|[anim] Ivy Cudgel Water
|-damage|p2a: Gholdengo|59/100
|
|-heal|p2a: Gholdengo|65/100|[from] Grassy Terrain
|upkeep
|turn|11
|
|t:|1760456072
|move|p2a: Gholdengo|Recover|p2a: Gholdengo
|-heal|p2a: Gholdengo|100/100
|move|p1a: Ogerpon|Swords Dance|p1a: Ogerpon
|-boost|p1a: Ogerpon|atk|2
|
|upkeep
|turn|12
|
|t:|1760456076
|move|p2a: Gholdengo|Hex|p1a: Ogerpon
|-damage|p1a: Ogerpon|35/100 par
|move|p1a: Ogerpon|Swords Dance|p1a: Ogerpon
|-boost|p1a: Ogerpon|atk|2
|
|-heal|p1a: Ogerpon|41/100 par|[from] Grassy Terrain
|upkeep
|turn|13
|
|t:|1760456080
|move|p2a: Gholdengo|Hex|p1a: Ogerpon
|-damage|p1a: Ogerpon|0 fnt
|faint|p1a: Ogerpon
|
|upkeep
|
|t:|1760456086
|switch|p1a: Iron Thorns|Iron Thorns|100/100
|-activate|p1a: Iron Thorns|move: Sticky Web
|-unboost|p1a: Iron Thorns|spe|1
|turn|14
|
|t:|1760456090
|move|p2a: Gholdengo|Thunder Wave|p1a: Iron Thorns
|-immune|p1a: Iron Thorns
|move|p1a: Iron Thorns|Dragon Dance|p1a: Iron Thorns
|-boost|p1a: Iron Thorns|atk|1
|-boost|p1a: Iron Thorns|spe|1
|
|-fieldend|move: Grassy Terrain
|upkeep
|turn|15
|
|t:|1760456096
|move|p1a: Iron Thorns|Dragon Dance|p1a: Iron Thorns
|-boost|p1a: Iron Thorns|atk|1
|-boost|p1a: Iron Thorns|spe|1
|move|p2a: Gholdengo|Dazzling Gleam|p1a: Iron Thorns
|-damage|p1a: Iron Thorns|72/100
|
|upkeep
|turn|16
|
|t:|1760456108
|move|p1a: Iron Thorns|Dragon Dance|p1a: Iron Thorns
|-boost|p1a: Iron Thorns|atk|1
|-boost|p1a: Iron Thorns|spe|1
|move|p2a: Gholdengo|Dazzling Gleam|p1a: Iron Thorns
|-damage|p1a: Iron Thorns|47/100
|
|upkeep
|turn|17
|
|t:|1760456112
|move|p1a: Iron Thorns|High Horsepower|p2a: Gholdengo
|-supereffective|p2a: Gholdengo
|-crit|p2a: Gholdengo
|-damage|p2a: Gholdengo|0 fnt
|faint|p2a: Gholdengo
|
|upkeep
|
|t:|1760456115
|switch|p2a: Rillaboom|Rillaboom, M|100/100
|-fieldstart|move: Grassy Terrain|[from] ability: Grassy Surge|[of] p2a: Rillaboom
|turn|18
|
|t:|1760456129
|-end|p1a: Iron Thorns|Quark Drive|[silent]
|switch|p1a: Ninetales|Ninetales-Alola, F|100/100
|-activate|p1a: Ninetales|move: Sticky Web
|-unboost|p1a: Ninetales|spe|1
|-weather|Snowscape|[from] ability: Snow Warning|[of] p1a: Ninetales
|move|p2a: Rillaboom|Grassy Glide|p1a: Ninetales
|-damage|p1a: Ninetales|55/100
|
|-weather|Snowscape|[upkeep]
|-heal|p1a: Ninetales|61/100|[from] Grassy Terrain
|upkeep
|turn|19
|
|t:|1760456141
|switch|p2a: Primarina|Primarina, F|100/100
|move|p1a: Ninetales|Aurora Veil|p1a: Ninetales
|-sidestart|p1: arnocalypse|move: Aurora Veil
|
|-weather|Snowscape|[upkeep]
|-heal|p1a: Ninetales|67/100|[from] Grassy Terrain
|upkeep
|turn|20
|
|t:|1760456148
|move|p2a: Primarina|Moonblast|p1a: Ninetales
|-damage|p1a: Ninetales|44/100
|move|p1a: Ninetales|Freeze-Dry|p2a: Primarina
|-supereffective|p2a: Primarina
|-damage|p2a: Primarina|62/100
|
|-weather|Snowscape|[upkeep]
|-heal|p2a: Primarina|68/100|[from] Grassy Terrain
|-heal|p2a: Primarina|74/100|[from] item: Leftovers
|-heal|p1a: Ninetales|50/100|[from] Grassy Terrain
|upkeep
|turn|21
|
|t:|1760456153
|move|p2a: Primarina|Moonblast|p1a: Ninetales
|-damage|p1a: Ninetales|26/100
|move|p1a: Ninetales|Freeze-Dry|p2a: Primarina
|-supereffective|p2a: Primarina
|-damage|p2a: Primarina|29/100
|
|-weather|Snowscape|[upkeep]
|-heal|p2a: Primarina|35/100|[from] Grassy Terrain
|-heal|p2a: Primarina|41/100|[from] item: Leftovers
|-heal|p1a: Ninetales|32/100|[from] Grassy Terrain
|upkeep
|turn|22
|
|t:|1760456158
|move|p2a: Primarina|Moonblast|p1a: Ninetales
|-damage|p1a: Ninetales|10/100
|move|p1a: Ninetales|Freeze-Dry|p2a: Primarina
|-supereffective|p2a: Primarina
|-damage|p2a: Primarina|1/100
|
|-weather|none
|-heal|p2a: Primarina|7/100|[from] Grassy Terrain
|-heal|p2a: Primarina|13/100|[from] item: Leftovers
|-heal|p1a: Ninetales|16/100|[from] Grassy Terrain
|-fieldend|move: Grassy Terrain
|upkeep
|turn|23
|
|t:|1760456162
|move|p2a: Primarina|Moonblast|p1a: Ninetales
|-damage|p1a: Ninetales|0 fnt
|faint|p1a: Ninetales
|
|-heal|p2a: Primarina|19/100|[from] item: Leftovers
|upkeep
|
|t:|1760456165
|switch|p1a: Hatterene|Hatterene, F|100/100
|-activate|p1a: Hatterene|move: Sticky Web
|-unboost|p1a: Hatterene|spe|1
|turn|24
|
|t:|1760456172
|move|p2a: Primarina|Surf|p1a: Hatterene
|-damage|p1a: Hatterene|67/100
|move|p1a: Hatterene|Calm Mind|p1a: Hatterene
|-boost|p1a: Hatterene|spa|1
|-boost|p1a: Hatterene|spd|1
|
|-heal|p2a: Primarina|25/100|[from] item: Leftovers
|upkeep
|turn|25
|
|t:|1760456175
|move|p2a: Primarina|Moonblast|p1a: Hatterene
|-damage|p1a: Hatterene|50/100
|-unboost|p1a: Hatterene|spa|1
|move|p1a: Hatterene|Agility|p1a: Hatterene
|-boost|p1a: Hatterene|spe|2
|
|-heal|p2a: Primarina|31/100|[from] item: Leftovers
|upkeep
|turn|26
|
|t:|1760456185
|move|p1a: Hatterene|Calm Mind|p1a: Hatterene
|-boost|p1a: Hatterene|spa|1
|-boost|p1a: Hatterene|spd|1
|move|p2a: Primarina|Moonblast|p1a: Hatterene
|-damage|p1a: Hatterene|37/100
|-unboost|p1a: Hatterene|spa|1
|
|-heal|p2a: Primarina|37/100|[from] item: Leftovers
|-sideend|p1: arnocalypse|move: Aurora Veil
|upkeep
|turn|27
|
|t:|1760456189
|move|p1a: Hatterene|Draining Kiss|p2a: Primarina
|-damage|p2a: Primarina|14/100
|-heal|p1a: Hatterene|53/100|[from] drain|[of] p2a: Primarina
|move|p2a: Primarina|Surf|p1a: Hatterene
|-damage|p1a: Hatterene|18/100
|
|-heal|p2a: Primarina|20/100|[from] item: Leftovers
|upkeep
|turn|28
|
|t:|1760456192
|move|p1a: Hatterene|Draining Kiss|p2a: Primarina
|-damage|p2a: Primarina|0 fnt
|-heal|p1a: Hatterene|32/100|[from] drain|[of] p2a: Primarina
|faint|p2a: Primarina
|
|upkeep
|
|t:|1760456194
|switch|p2a: Rillaboom|Rillaboom, M|100/100
|-fieldstart|move: Grassy Terrain|[from] ability: Grassy Surge|[of] p2a: Rillaboom
|-enditem|p1a: Hatterene|Grassy Seed
|-boost|p1a: Hatterene|def|1|[from] item: Grassy Seed
|turn|29
|
|t:|1760456214
|-terastallize|p2a: Rillaboom|Grass
|-terastallize|p1a: Hatterene|Poison
|move|p2a: Rillaboom|Wood Hammer|p1a: Hatterene
|-resisted|p1a: Hatterene
|-damage|p1a: Hatterene|0 fnt
|faint|p1a: Hatterene
|-damage|p2a: Rillaboom|91/100|[from] Recoil
|
|-heal|p2a: Rillaboom|97/100|[from] Grassy Terrain
|upkeep
|-message|arnocalypse forfeited.
|
|win|vghhjg
|raw|arnocalypse's rating: 1598 &rarr; <strong>1579</strong><br />(-19 for losing)
|raw|vghhjg's rating: 1622 &rarr; <strong>1641</strong><br />(+19 for winning)
|l|☆arnocalypse
|player|p1|
|l|☆vghhjg
|player|p2|
