|j|☆shieler
|j|☆zawaluduo11
|t:|1760446264
|gametype|singles
|player|p1|shieler|zinnia|1516
|player|p2|zawaluduo11|169|1630
|gen|9
|tier|[Gen 9] OU
|rated|
|rule|HP Percentage Mod: HP is shown in percentages
|rule|Endless Battle Clause: Forcing endless battles is banned
|rule|Species Clause: Limit one of each Pokémon
|rule|OHKO Clause: OHKO moves are banned
|rule|Evasion Items Clause: Evasion items are banned
|rule|Evasion Moves Clause: Evasion moves are banned
|rule|Evasion Abilities Clause: Evasion abilities are banned
|rule|Sleep Moves Clause: Sleep-inducing moves are banned
|clearpoke
|poke|p1|Raging Bolt|
|poke|p1|Great Tusk|
|poke|p1|Gholdengo|
|poke|p1|Basculegion-F, F|
|poke|p1|Lokix, F|
|poke|p1|Pelipper, M|
|poke|p2|Alomomola, F|
|poke|p2|Gliscor, F|
|poke|p2|Kingambit, M|
|poke|p2|Ursaluna, M|
|poke|p2|Raging Bolt|
|poke|p2|Grimmsnarl, M|
|teampreview
|inactive|Battle timer is ON: inactive players will automatically lose when time's up. (requested by shieler)
|
|t:|1760446282
|teamsize|p1|6
|teamsize|p2|6
|start
|switch|p1a: Kanta|Pelipper, M|100/100
|switch|p2a: Grimmsnarl|Grimmsnarl, M|100/100
|-weather|RainDance|[from] ability: Drizzle|[of] p1a: Kanta
|turn|1
|
|t:|1760446300
|move|p2a: Grimmsnarl|Light Screen|p2a: Grimmsnarl
|-sidestart|p2: zawaluduo11|move: Light Screen
|move|p1a: Kanta|Knock Off|p2a: Grimmsnarl
|-resisted|p2a: Grimmsnarl
|-damage|p2a: Grimmsnarl|98/100
|-enditem|p2a: Grimmsnarl|Light Clay|[from] move: Knock Off|[of] p1a: Kanta
|
|-weather|RainDance|[upkeep]
|upkeep
|turn|2
|
|t:|1760446309
|move|p2a: Grimmsnarl|Reflect|p2a: Grimmsnarl
|-sidestart|p2: zawaluduo11|Reflect
|move|p1a: Kanta|U-turn|p2a: Grimmsnarl
|-damage|p2a: Grimmsnarl|94/100
|
|t:|1760446322
|switch|p1a: Totoro|Great Tusk|100/100|[from] U-turn
|
|-weather|RainDance|[upkeep]
|upkeep
|turn|3
|
|t:|1760446328
|switch|p2a: Alomomola|Alomomola, F|100/100
|move|p1a: Totoro|Stealth Rock|p2a: Alomomola
|-sidestart|p2: zawaluduo11|move: Stealth Rock
|
|-weather|RainDance|[upkeep]
|upkeep
|turn|4
|
|t:|1760446339
|-end|p1a: Totoro|Protosynthesis|[silent]
|switch|p1a: Mei|Raging Bolt|100/100
|move|p2a: Alomomola|Flip Turn|p1a: Mei
|-resisted|p1a: Mei
|-damage|p1a: Mei|90/100
|
|t:|1760446345
|switch|p2a: Ursaluna|Ursaluna, M|100/100|[from] Flip Turn
|-damage|p2a: Ursaluna|94/100|[from] Stealth Rock
|
|-weather|RainDance|[upkeep]
|-status|p2a: Ursaluna|brn|[from] item: Flame Orb
|upkeep
|turn|5
|
|t:|1760446354
|move|p1a: Mei|Weather Ball|p2a: Ursaluna
|-supereffective|p2a: Ursaluna
|-crit|p2a: Ursaluna
|-damage|p2a: Ursaluna|0 fnt
|faint|p2a: Ursaluna
|
|-weather|RainDance|[upkeep]
|upkeep
|
|t:|1760446368
|switch|p2a: Gliscor|Gliscor, F|100/100
|-damage|p2a: Gliscor|88/100|[from] Stealth Rock
|turn|6
|
|t:|1760446380
|-terastallize|p2a: Gliscor|Dragon
|move|p2a: Gliscor|Agility|p2a: Gliscor
|-boost|p2a: Gliscor|spe|2
|move|p1a: Mei|Weather Ball|p2a: Gliscor
|-resisted|p2a: Gliscor
|-damage|p2a: Gliscor|68/100
|
|-weather|RainDance|[upkeep]
|-sideend|p2: zawaluduo11|Reflect
|-status|p2a: Gliscor|tox|[from] item: Toxic Orb
|upkeep
|turn|7
|
|t:|1760446392
|move|p2a: Gliscor|Swords Dance|p2a: Gliscor
|-boost|p2a: Gliscor|atk|2
|move|p1a: Mei|Dragon Pulse|p2a: Gliscor
|-supereffective|p2a: Gliscor
|-damage|p2a: Gliscor|0 fnt
|faint|p2a: Gliscor
|
|-weather|RainDance|[upkeep]
|upkeep
|
|t:|1760446400
|switch|p2a: Raging Bolt|Raging Bolt|100/100
|-damage|p2a: Raging Bolt|88/100|[from] Stealth Rock
|turn|8
|
|t:|1760446408
|move|p2a: Raging Bolt|Draco Meteor|p1a: Mei
|-supereffective|p1a: Mei
|-damage|p1a: Mei|0 fnt
|-unboost|p2a: Raging Bolt|spa|2
|faint|p1a: Mei
|-end|p1a: Mei|Protosynthesis|[silent]
|
|-weather|none
|-sideend|p2: zawaluduo11|move: Light Screen
|upkeep
|
|t:|1760446419
|switch|p1a: Totoro|Great Tusk|100/100
|turn|9
|
|t:|1760446424
|-end|p2a: Raging Bolt|Protosynthesis|[silent]
|switch|p2a: Alomomola|Alomomola, F|100/100
|-damage|p2a: Alomomola|88/100|[from] Stealth Rock
|move|p1a: Totoro|Headlong Rush|p2a: Alomomola
|-damage|p2a: Alomomola|53/100
|-unboost|p1a: Totoro|def|1
|-unboost|p1a: Totoro|spd|1
|-damage|p1a: Totoro|84/100|[from] item: Rocky Helmet|[of] p2a: Alomomola
|
|upkeep
|turn|10
|
|t:|1760446435
|-end|p1a: Totoro|Protosynthesis|[silent]
|switch|p1a: Kanta|Pelipper, M|100/100
|-weather|RainDance|[from] ability: Drizzle|[of] p1a: Kanta
|move|p2a: Alomomola|Wish|p2a: Alomomola
|
|-weather|RainDance|[upkeep]
|upkeep
|turn|11
|
|t:|1760446443
|move|p2a: Alomomola|Flip Turn|p1a: Kanta
|-resisted|p1a: Kanta
|-damage|p1a: Kanta|92/100
|
|t:|1760446448
|switch|p2a: Grimmsnarl|Grimmsnarl, M|94/100|[from] Flip Turn
|-damage|p2a: Grimmsnarl|81/100|[from] Stealth Rock
|move|p1a: Kanta|Knock Off|p2a: Grimmsnarl
|-resisted|p2a: Grimmsnarl
|-damage|p2a: Grimmsnarl|79/100
|
|-weather|RainDance|[upkeep]
|-heal|p2a: Grimmsnarl|100/100|[from] move: Wish|[wisher] Alomomola
|upkeep
|turn|12
|
|t:|1760446459
|move|p2a: Grimmsnarl|Light Screen|p2a: Grimmsnarl
|-sidestart|p2: zawaluduo11|move: Light Screen
|move|p1a: Kanta|U-turn|p2a: Grimmsnarl
|-damage|p2a: Grimmsnarl|91/100
|
|t:|1760446468
|switch|p1a: Yubaba|Gholdengo|100/100|[from] U-turn
|
|-weather|RainDance|[upkeep]
|upkeep
|turn|13
|
|t:|1760446478
|switch|p2a: Raging Bolt|Raging Bolt|88/100
|-damage|p2a: Raging Bolt|76/100|[from] Stealth Rock
|move|p1a: Yubaba|Thunder Wave|p2a: Raging Bolt
|-immune|p2a: Raging Bolt
|
|-weather|RainDance|[upkeep]
|upkeep
|turn|14
|
|t:|1760446491
|move|p1a: Yubaba|Shadow Ball|p2a: Raging Bolt
|-damage|p2a: Raging Bolt|58/100
|move|p2a: Raging Bolt|Draco Meteor|p1a: Yubaba
|-resisted|p1a: Yubaba
|-damage|p1a: Yubaba|39/100
|-unboost|p2a: Raging Bolt|spa|2
|
|-weather|RainDance|[upkeep]
|-heal|p1a: Yubaba|45/100|[from] item: Leftovers
|upkeep
|turn|15
|
|t:|1760446504
|-end|p2a: Raging Bolt|Protosynthesis|[silent]
|switch|p2a: Alomomola|Alomomola, F|87/100
|-damage|p2a: Alomomola|74/100|[from] Stealth Rock
|move|p1a: Yubaba|Recover|p1a: Yubaba
|-heal|p1a: Yubaba|95/100
|
|-weather|RainDance|[upkeep]
|-heal|p1a: Yubaba|100/100|[from] item: Leftovers
|upkeep
|turn|16
|
|t:|1760446514
|move|p1a: Yubaba|Thunder Wave|p2a: Alomomola
|-status|p2a: Alomomola|par
|cant|p2a: Alomomola|par
|
|-weather|RainDance|[upkeep]
|-sideend|p2: zawaluduo11|move: Light Screen
|upkeep
|turn|17
|
|t:|1760446521
|switch|p2a: Grimmsnarl|Grimmsnarl, M|91/100
|-damage|p2a: Grimmsnarl|79/100|[from] Stealth Rock
|move|p1a: Yubaba|Shadow Ball|p2a: Grimmsnarl
|-resisted|p2a: Grimmsnarl
|-damage|p2a: Grimmsnarl|55/100
|
|-weather|none
|upkeep
|turn|18
|
|t:|1760446530
|move|p2a: Grimmsnarl|Light Screen|p2a: Grimmsnarl
|-sidestart|p2: zawaluduo11|move: Light Screen
|move|p1a: Yubaba|Make It Rain|p2a: Grimmsnarl
|-supereffective|p2a: Grimmsnarl
|-damage|p2a: Grimmsnarl|0 fnt
|-unboost|p1a: Yubaba|spa|1
|faint|p2a: Grimmsnarl
|
|upkeep
|
|t:|1760446542
|switch|p2a: Raging Bolt|Raging Bolt|58/100
|-damage|p2a: Raging Bolt|46/100|[from] Stealth Rock
|turn|19
|
|t:|1760446551
|move|p1a: Yubaba|Recover||[still]
|-fail|p1a: Yubaba|heal
|move|p2a: Raging Bolt|Volt Switch|p1a: Yubaba
|-damage|p1a: Yubaba|40/100
|
|t:|1760446556
|-end|p2a: Raging Bolt|Protosynthesis|[silent]
|switch|p2a: Kingambit|Kingambit, M|100/100|[from] Volt Switch
|-damage|p2a: Kingambit|94/100|[from] Stealth Rock
|-activate|p2a: Kingambit|ability: Supreme Overlord
|-start|p2a: Kingambit|fallen3|[silent]
|
|-heal|p1a: Yubaba|46/100|[from] item: Leftovers
|upkeep
|turn|20
|
|t:|1760446565
|move|p1a: Yubaba|Thunder Wave|p2a: Kingambit
|-status|p2a: Kingambit|par
|move|p2a: Kingambit|Swords Dance|p2a: Kingambit
|-boost|p2a: Kingambit|atk|2
|
|-heal|p1a: Yubaba|52/100|[from] item: Leftovers
|upkeep
|turn|21
|
|t:|1760446577
|switch|p1a: Satsuki|Lokix, F|100/100
|move|p2a: Kingambit|Iron Head|p1a: Satsuki
|-crit|p1a: Satsuki
|-damage|p1a: Satsuki|0 fnt
|faint|p1a: Satsuki
|
|upkeep
|
|t:|1760446586
|switch|p1a: Totoro|Great Tusk|84/100
|turn|22
|
|t:|1760446591
|-end|p2a: Kingambit|fallen3|[silent]
|switch|p2a: Alomomola|Alomomola, F|100/100 par
|-damage|p2a: Alomomola|88/100 par|[from] Stealth Rock
|move|p1a: Totoro|Close Combat|p2a: Alomomola
|-damage|p2a: Alomomola|56/100 par
|-unboost|p1a: Totoro|def|1
|-unboost|p1a: Totoro|spd|1
|-damage|p1a: Totoro|67/100|[from] item: Rocky Helmet|[of] p2a: Alomomola
|
|-sideend|p2: zawaluduo11|move: Light Screen
|upkeep
|turn|23
|
|t:|1760446605
|-end|p1a: Totoro|Protosynthesis|[silent]
|switch|p1a: Kanta|Pelipper, M|92/100
|-weather|RainDance|[from] ability: Drizzle|[of] p1a: Kanta
|move|p2a: Alomomola|Wish|p2a: Alomomola
|
|-weather|RainDance|[upkeep]
|upkeep
|turn|24
|
|t:|1760446612
|move|p1a: Kanta|U-turn|p2a: Alomomola
|-damage|p2a: Alomomola|51/100 par
|-damage|p1a: Kanta|75/100|[from] item: Rocky Helmet|[of] p2a: Alomomola
|
|t:|1760446622
|switch|p1a: Yubaba|Gholdengo|52/100|[from] U-turn
|move|p2a: Alomomola|Flip Turn|p1a: Yubaba
|-damage|p1a: Yubaba|28/100
|
|t:|1760446628
|switch|p2a: Raging Bolt|Raging Bolt|46/100|[from] Flip Turn
|-damage|p2a: Raging Bolt|34/100|[from] Stealth Rock
|
|-weather|RainDance|[upkeep]
|-heal|p2a: Raging Bolt|92/100|[from] move: Wish|[wisher] Alomomola
|-heal|p1a: Yubaba|34/100|[from] item: Leftovers
|upkeep
|turn|25
|
|t:|1760446651
|move|p1a: Yubaba|Recover|p1a: Yubaba
|-heal|p1a: Yubaba|84/100
|move|p2a: Raging Bolt|Volt Switch|p1a: Yubaba
|-damage|p1a: Yubaba|24/100
|
|t:|1760446659
|-end|p2a: Raging Bolt|Protosynthesis|[silent]
|switch|p2a: Kingambit|Kingambit, M|94/100 par|[from] Volt Switch
|-damage|p2a: Kingambit|88/100 par|[from] Stealth Rock
|-activate|p2a: Kingambit|ability: Supreme Overlord
|-start|p2a: Kingambit|fallen3|[silent]
|
|-weather|RainDance|[upkeep]
|-heal|p1a: Yubaba|30/100|[from] item: Leftovers
|upkeep
|turn|26
|
|t:|1760446670
|switch|p1a: Totoro|Great Tusk|67/100
|move|p2a: Kingambit|Swords Dance|p2a: Kingambit
|-boost|p2a: Kingambit|atk|2
|
|-weather|RainDance|[upkeep]
|upkeep
|turn|27
|
|t:|1760446677
|-end|p2a: Kingambit|fallen3|[silent]
|switch|p2a: Alomomola|Alomomola, F|84/100 par
|-damage|p2a: Alomomola|72/100 par|[from] Stealth Rock
|move|p1a: Totoro|Close Combat|p2a: Alomomola
|-damage|p2a: Alomomola|37/100 par
|-unboost|p1a: Totoro|def|1
|-unboost|p1a: Totoro|spd|1
|-damage|p1a: Totoro|51/100|[from] item: Rocky Helmet|[of] p2a: Alomomola
|
|-weather|RainDance|[upkeep]
|upkeep
|turn|28
|
|t:|1760446692
|move|p1a: Totoro|Headlong Rush|p2a: Alomomola
|-damage|p2a: Alomomola|2/100 par
|-unboost|p1a: Totoro|def|1
|-unboost|p1a: Totoro|spd|1
|-damage|p1a: Totoro|34/100|[from] item: Rocky Helmet|[of] p2a: Alomomola
|move|p2a: Alomomola|Flip Turn|p1a: Totoro
|-supereffective|p1a: Totoro
|-damage|p1a: Totoro|0 fnt
|faint|p1a: Totoro
|-end|p1a: Totoro|Protosynthesis|[silent]
|
|t:|1760446703
|switch|p2a: Raging Bolt|Raging Bolt|92/100|[from] Flip Turn
|-damage|p2a: Raging Bolt|80/100|[from] Stealth Rock
|
|-weather|RainDance|[upkeep]
|upkeep
|
|t:|1760446712
|switch|p1a: Yubaba|Gholdengo|30/100
|turn|29
|
|t:|1760446717
|move|p1a: Yubaba|Shadow Ball|p2a: Raging Bolt
|-damage|p2a: Raging Bolt|41/100
|-unboost|p2a: Raging Bolt|spd|1
|move|p2a: Raging Bolt|Volt Switch|p1a: Yubaba
|-damage|p1a: Yubaba|0 fnt
|faint|p1a: Yubaba
|
|t:|1760446729
|-end|p2a: Raging Bolt|Protosynthesis|[silent]
|switch|p2a: Kingambit|Kingambit, M|88/100 par|[from] Volt Switch
|-damage|p2a: Kingambit|82/100 par|[from] Stealth Rock
|-activate|p2a: Kingambit|ability: Supreme Overlord
|-start|p2a: Kingambit|fallen3|[silent]
|
|-weather|RainDance|[upkeep]
|upkeep
|
|t:|1760446737
|switch|p1a: Yasuko|Basculegion-F, F|100/100
|turn|30
|
|t:|1760446744
|-terastallize|p1a: Yasuko|Water
|move|p2a: Kingambit|Sucker Punch|p1a: Yasuko
|-damage|p1a: Yasuko|15/100
|move|p1a: Yasuko|Surf|p2a: Kingambit
|-damage|p2a: Kingambit|0 fnt
|faint|p2a: Kingambit
|-end|p2a: Kingambit|fallen3|[silent]
|
|-weather|none
|upkeep
|
|t:|1760446753
|switch|p2a: Raging Bolt|Raging Bolt|41/100
|-damage|p2a: Raging Bolt|28/100|[from] Stealth Rock
|turn|31
|
|t:|1760446759
|switch|p1a: Kanta|Pelipper, M|75/100
|-weather|RainDance|[from] ability: Drizzle|[of] p1a: Kanta
|move|p2a: Raging Bolt|Volt Switch|p1a: Kanta
|-supereffective|p1a: Kanta
|-damage|p1a: Kanta|0 fnt
|faint|p1a: Kanta
|
|t:|1760446767
|-end|p2a: Raging Bolt|Protosynthesis|[silent]
|switch|p2a: Alomomola|Alomomola, F|36/100 par|[from] Volt Switch
|-damage|p2a: Alomomola|23/100 par|[from] Stealth Rock
|
|-weather|RainDance|[upkeep]
|upkeep
|
|t:|1760446774
|switch|p1a: Yasuko|Basculegion-F, F, tera:Water|15/100
|turn|32
|
|t:|1760446777
|move|p1a: Yasuko|Surf|p2a: Alomomola
|-resisted|p2a: Alomomola
|-damage|p2a: Alomomola|0 fnt
|faint|p2a: Alomomola
|
|-weather|RainDance|[upkeep]
|upkeep
|
|t:|1760446782
|switch|p2a: Raging Bolt|Raging Bolt|28/100
|-damage|p2a: Raging Bolt|16/100|[from] Stealth Rock
|turn|33
|
|t:|1760446787
|move|p2a: Raging Bolt|Thunderclap|p1a: Yasuko
|-supereffective|p1a: Yasuko
|-damage|p1a: Yasuko|0 fnt
|faint|p1a: Yasuko
|
|win|zawaluduo11
|raw|shieler's rating: 1516 &rarr; <strong>1502</strong><br />(-14 for losing)
|raw|zawaluduo11's rating: 1630 &rarr; <strong>1644</strong><br />(+14 for winning)
|l|☆shieler
|player|p1|
|l|☆zawaluduo11
|player|p2|
