|j|☆Mist02
|j|☆tijzen
|t:|1760354537
|gametype|singles
|player|p1|Mist02|266|1321
|player|p2|tijzen|worker|1338
|gen|9
|tier|[Gen 9] OU
|rated|
|rule|HP Percentage Mod: HP is shown in percentages
|rule|Endless Battle Clause: Forcing endless battles is banned
|rule|Species Clause: Limit one of each Pokémon
|rule|OHKO Clause: OHKO moves are banned
|rule|Evasion Items Clause: Evasion items are banned
|rule|Evasion Moves Clause: Evasion moves are banned
|rule|Evasion Abilities Clause: Evasion abilities are banned
|rule|Sleep Moves Clause: Sleep-inducing moves are banned
|clearpoke
|poke|p1|Pelipper, M|
|poke|p1|Scizor, M|
|poke|p1|Overqwil, F|
|poke|p1|Goodra, M|
|poke|p1|Ludicolo, F|
|poke|p1|Great Tusk|
|poke|p2|Alomomola, F|
|poke|p2|Raging Bolt|
|poke|p2|Lokix, F|
|poke|p2|Great Tusk|
|poke|p2|Latios, M|
|poke|p2|Snorlax, F|
|teampreview
|
|t:|1760354547
|teamsize|p1|6
|teamsize|p2|6
|start
|switch|p1a: Pelipper|Pelipper, M|100/100
|switch|p2a: Raging Bolt|Raging Bolt|100/100
|-weather|RainDance|[from] ability: Drizzle|[of] p1a: Pelipper
|turn|1
|
|t:|1760354559
|switch|p1a: Great Tusk|Great Tusk|100/100
|move|p2a: Raging Bolt|Draco Meteor|p1a: Great Tusk
|-damage|p1a: Great Tusk|0 fnt
|-unboost|p2a: Raging Bolt|spa|2
|faint|p1a: Great Tusk
|-end|p1a: Great Tusk|Protosynthesis|[silent]
|
|-weather|RainDance|[upkeep]
|upkeep
|
|t:|1760354571
|switch|p1a: Scizor|Scizor, M|100/100
|turn|2
|
|t:|1760354578
|-end|p2a: Raging Bolt|Protosynthesis|[silent]
|switch|p2a: Alomomola|Alomomola, F|100/100
|move|p1a: Scizor|Swords Dance|p1a: Scizor
|-boost|p1a: Scizor|atk|2
|
|-weather|RainDance|[upkeep]
|upkeep
|turn|3
|
|t:|1760354584
|move|p1a: Scizor|Knock Off|p2a: Alomomola
|-damage|p2a: Alomomola|45/100
|-enditem|p2a: Alomomola|Heavy-Duty Boots|[from] move: Knock Off|[of] p1a: Scizor
|-damage|p1a: Scizor|91/100|[from] item: Life Orb
|move|p2a: Alomomola|Scald|p1a: Scizor
|-damage|p1a: Scizor|61/100
|
|-weather|RainDance|[upkeep]
|upkeep
|turn|4
|
|t:|1760354592
|move|p1a: Scizor|Close Combat|p2a: Alomomola
|-damage|p2a: Alomomola|0 fnt
|-unboost|p1a: Scizor|def|1
|-unboost|p1a: Scizor|spd|1
|faint|p2a: Alomomola
|-damage|p1a: Scizor|51/100|[from] item: Life Orb
|
|-weather|RainDance|[upkeep]
|upkeep
|
|t:|1760354595
|switch|p2a: Lokix|Lokix, F|100/100
|turn|5
|
|t:|1760354607
|switch|p1a: Overqwil|Overqwil, F|100/100
|-terastallize|p2a: Lokix|Bug
|move|p2a: Lokix|First Impression|p1a: Overqwil
|-damage|p1a: Overqwil|19/100
|-damage|p2a: Lokix|91/100|[from] item: Life Orb
|
|-weather|RainDance|[upkeep]
|-heal|p1a: Overqwil|26/100|[from] item: Leftovers
|upkeep
|turn|6
|
|t:|1760354620
|move|p1a: Overqwil|Liquidation|p2a: Lokix
|-damage|p2a: Lokix|19/100
|move|p2a: Lokix|U-turn|p1a: Overqwil
|-damage|p1a: Overqwil|0 fnt
|faint|p1a: Overqwil
|-damage|p2a: Lokix|9/100|[from] item: Life Orb
|
|t:|1760354641
|switch|p2a: Raging Bolt|Raging Bolt|100/100|[from] U-turn
|
|-weather|RainDance|[upkeep]
|upkeep
|
|t:|1760354645
|switch|p1a: Goodra|Goodra, M|100/100
|turn|7
|
|t:|1760354649
|-end|p2a: Raging Bolt|Protosynthesis|[silent]
|switch|p2a: Snorlax|Snorlax, F|100/100
|-terastallize|p1a: Goodra|Fairy
|move|p1a: Goodra|Dragon Pulse|p2a: Snorlax
|-damage|p2a: Snorlax|83/100
|
|-weather|RainDance|[upkeep]
|upkeep
|turn|8
|
|t:|1760354657
|move|p1a: Goodra|Scald|p2a: Snorlax
|-damage|p2a: Snorlax|67/100
|move|p2a: Snorlax|Body Slam|p1a: Goodra
|-damage|p1a: Goodra|46/100
|
|-weather|none
|upkeep
|turn|9
|
|t:|1760354665
|switch|p1a: Pelipper|Pelipper, M|100/100
|-weather|RainDance|[from] ability: Drizzle|[of] p1a: Pelipper
|move|p2a: Snorlax|Supercell Slam|p1a: Pelipper
|-supereffective|p1a: Pelipper
|-damage|p1a: Pelipper|0 fnt
|faint|p1a: Pelipper
|
|-weather|RainDance|[upkeep]
|upkeep
|
|t:|1760354675
|switch|p1a: Scizor|Scizor, M|51/100
|turn|10
|
|t:|1760354678
|switch|p2a: Great Tusk|Great Tusk|100/100
|move|p1a: Scizor|Swords Dance|p1a: Scizor
|-boost|p1a: Scizor|atk|2
|
|-weather|RainDance|[upkeep]
|upkeep
|turn|11
|
|t:|1760354686
|move|p1a: Scizor|Bullet Punch|p2a: Great Tusk
|-damage|p2a: Great Tusk|47/100
|-damage|p1a: Scizor|41/100|[from] item: Life Orb
|move|p2a: Great Tusk|Earthquake|p1a: Scizor
|-damage|p1a: Scizor|0 fnt
|faint|p1a: Scizor
|
|-weather|RainDance|[upkeep]
|upkeep
|
|t:|1760354693
|switch|p1a: Ludicolo|Ludicolo, F|100/100
|turn|12
|
|t:|1760354697
|move|p1a: Ludicolo|Weather Ball|p2a: Great Tusk
|-supereffective|p2a: Great Tusk
|-damage|p2a: Great Tusk|0 fnt
|faint|p2a: Great Tusk
|-end|p2a: Great Tusk|Protosynthesis|[silent]
|-damage|p1a: Ludicolo|91/100|[from] item: Life Orb
|
|-weather|RainDance|[upkeep]
|upkeep
|
|t:|1760354706
|switch|p2a: Raging Bolt|Raging Bolt|100/100
|turn|13
|
|t:|1760354709
|move|p2a: Raging Bolt|Thunderclap|p1a: Ludicolo
|-damage|p1a: Ludicolo|23/100
|move|p1a: Ludicolo|Ice Beam|p2a: Raging Bolt
|-supereffective|p2a: Raging Bolt
|-damage|p2a: Raging Bolt|45/100
|-damage|p1a: Ludicolo|13/100|[from] item: Life Orb
|
|-weather|RainDance|[upkeep]
|upkeep
|turn|14
|
|t:|1760354716
|switch|p1a: Goodra|Goodra, M, tera:Fairy|46/100
|-end|p2a: Raging Bolt|Protosynthesis|[silent]
|switch|p2a: Latios|Latios, M|100/100
|
|-weather|RainDance|[upkeep]
|upkeep
|turn|15
|
|t:|1760354722
|move|p2a: Latios|Luster Purge|p1a: Goodra
|-damage|p1a: Goodra|24/100
|-unboost|p1a: Goodra|spd|1
|move|p1a: Goodra|Dragon Pulse|p2a: Latios
|-supereffective|p2a: Latios
|-damage|p2a: Latios|16/100
|
|-weather|RainDance|[upkeep]
|upkeep
|turn|16
|
|t:|1760354729
|move|p2a: Latios|Luster Purge|p1a: Goodra
|-damage|p1a: Goodra|0 fnt
|faint|p1a: Goodra
|
|-weather|none
|upkeep
|
|t:|1760354734
|switch|p1a: Ludicolo|Ludicolo, F|13/100
|turn|17
|
|t:|1760354737
|move|p2a: Latios|Luster Purge|p1a: Ludicolo
|-damage|p1a: Ludicolo|0 fnt
|faint|p1a: Ludicolo
|
|win|tijzen
|raw|Mist02's rating: 1321 &rarr; <strong>1302</strong><br />(-19 for losing)
|raw|tijzen's rating: 1338 &rarr; <strong>1357</strong><br />(+19 for winning)
|l|☆Mist02
|player|p1|
|l|☆tijzen
|player|p2|
