|j|☆Behshehdhehehdudie
|j|☆scar_bracho
|t:|1760336264
|gametype|singles
|player|p1|Behshehdhehehdudie|red|1073
|player|p2|scar_bracho|shadowtriad|1064
|gen|9
|tier|[Gen 9] OU
|rated|
|rule|HP Percentage Mod: HP is shown in percentages
|rule|Endless Battle Clause: Forcing endless battles is banned
|rule|Species Clause: Limit one of each Pokémon
|rule|OHKO Clause: OHKO moves are banned
|rule|Evasion Items Clause: Evasion items are banned
|rule|Evasion Moves Clause: Evasion moves are banned
|rule|Evasion Abilities Clause: Evasion abilities are banned
|rule|Sleep Moves Clause: Sleep-inducing moves are banned
|clearpoke
|poke|p1|Garchomp, M|
|poke|p1|Tyranitar, M|
|poke|p1|Gliscor, M|
|poke|p1|Scizor, M|
|poke|p1|Landorus-Therian, M|
|poke|p1|Kingambit, M|
|poke|p2|Venusaur, M|
|poke|p2|Typhlosion, F|
|poke|p2|Torkoal, F|
|poke|p2|Sableye, F|
|poke|p2|Landorus-Therian, M|
|poke|p2|Ambipom, M|
|teampreview
|inactive|Battle timer is ON: inactive players will automatically lose when time's up. (requested by Behshehdhehehdudie)
|
|t:|1760336278
|teamsize|p1|6
|teamsize|p2|6
|start
|switch|p1a: Scizor|Scizor, M, shiny|100/100
|switch|p2a: Torkoal|Torkoal, F|100/100
|-weather|SunnyDay|[from] ability: Drought|[of] p2a: Torkoal
|turn|1
|
|t:|1760336288
|move|p1a: Scizor|Bullet Punch|p2a: Torkoal
|-resisted|p2a: Torkoal
|-damage|p2a: Torkoal|91/100
|move|p2a: Torkoal|Stealth Rock|p1a: Scizor
|-sidestart|p1: Behshehdhehehdudie|move: Stealth Rock
|
|-weather|SunnyDay|[upkeep]
|upkeep
|turn|2
|
|t:|1760336292
|switch|p1a: Gliscor|Gliscor, M, shiny|100/100
|-damage|p1a: Gliscor|88/100|[from] Stealth Rock
|move|p2a: Torkoal|Weather Ball|p1a: Gliscor
|-damage|p1a: Gliscor|20/100
|
|-weather|SunnyDay|[upkeep]
|-status|p1a: Gliscor|tox|[from] item: Toxic Orb
|upkeep
|turn|3
|
|t:|1760336309
|move|p1a: Gliscor|Crabhammer|p2a: Torkoal
|-supereffective|p2a: Torkoal
|-damage|p2a: Torkoal|75/100
|move|p2a: Torkoal|Weather Ball|p1a: Gliscor
|-damage|p1a: Gliscor|0 fnt
|faint|p1a: Gliscor
|
|-weather|SunnyDay|[upkeep]
|upkeep
|
|t:|1760336316
|switch|p1a: Tyranitar|Tyranitar, M, shiny|100/100
|-damage|p1a: Tyranitar|88/100|[from] Stealth Rock
|-weather|Sandstorm|[from] ability: Sand Stream|[of] p1a: Tyranitar
|turn|4
|
|t:|1760336323
|switch|p2a: Landorus|Landorus-Therian, M|100/100
|-ability|p2a: Landorus|Intimidate|boost
|-unboost|p1a: Tyranitar|atk|1
|move|p1a: Tyranitar|Earthquake|p2a: Landorus
|-immune|p2a: Landorus
|
|-weather|Sandstorm|[upkeep]
|upkeep
|turn|5
|
|t:|1760336333
|switch|p1a: Landorus|Landorus-Therian, M, shiny|100/100
|-ability|p1a: Landorus|Intimidate|boost
|-unboost|p2a: Landorus|atk|1
|move|p2a: Landorus|U-turn|p1a: Landorus
|-resisted|p1a: Landorus
|-damage|p1a: Landorus|85/100
|
|t:|1760336347
|switch|p2a: Ambipom|Ambipom, M|100/100|[from] U-turn
|
|-weather|Sandstorm|[upkeep]
|-damage|p2a: Ambipom|94/100|[from] Sandstorm
|upkeep
|turn|6
|
|t:|1760336358
|move|p2a: Ambipom|Fake Out|p1a: Landorus
|-damage|p1a: Landorus|52/100
|cant|p1a: Landorus|flinch
|
|-weather|Sandstorm|[upkeep]
|-damage|p2a: Ambipom|88/100|[from] Sandstorm
|upkeep
|turn|7
|
|t:|1760336363
|move|p2a: Ambipom|Triple Axel|p1a: Landorus
|-supereffective|p1a: Landorus
|-damage|p1a: Landorus|11/100
|-supereffective|p1a: Landorus
|-damage|p1a: Landorus|0 fnt
|faint|p1a: Landorus
|-hitcount|p1: Landorus|2
|
|-weather|Sandstorm|[upkeep]
|-damage|p2a: Ambipom|82/100|[from] Sandstorm
|upkeep
|
|t:|1760336368
|switch|p1a: Scizor|Scizor, M, shiny|100/100
|-damage|p1a: Scizor|88/100|[from] Stealth Rock
|turn|8
|
|t:|1760336374
|switch|p2a: Torkoal|Torkoal, F|75/100
|-weather|SunnyDay|[from] ability: Drought|[of] p2a: Torkoal
|move|p1a: Scizor|Bullet Punch|p2a: Torkoal
|-resisted|p2a: Torkoal
|-damage|p2a: Torkoal|64/100
|
|-weather|SunnyDay|[upkeep]
|upkeep
|turn|9
|
|t:|1760336384
|switch|p1a: Tyranitar|Tyranitar, M, shiny|88/100
|-damage|p1a: Tyranitar|76/100|[from] Stealth Rock
|-weather|Sandstorm|[from] ability: Sand Stream|[of] p1a: Tyranitar
|move|p2a: Torkoal|Will-O-Wisp|p1a: Tyranitar
|-status|p1a: Tyranitar|brn
|
|-weather|Sandstorm|[upkeep]
|-damage|p2a: Torkoal|58/100|[from] Sandstorm
|-damage|p1a: Tyranitar|70/100 brn|[from] brn
|upkeep
|turn|10
|
|t:|1760336395
|switch|p2a: Landorus|Landorus-Therian, M|100/100
|-ability|p2a: Landorus|Intimidate|boost
|-unboost|p1a: Tyranitar|atk|1
|move|p1a: Tyranitar|Outrage|p2a: Landorus
|-damage|p2a: Landorus|82/100
|
|-weather|Sandstorm|[upkeep]
|-damage|p1a: Tyranitar|63/100 brn|[from] brn
|upkeep
|turn|11
|
|t:|1760336406
|move|p2a: Landorus|Earthquake|p1a: Tyranitar
|-supereffective|p1a: Tyranitar
|-damage|p1a: Tyranitar|0 fnt
|faint|p1a: Tyranitar
|
|-weather|Sandstorm|[upkeep]
|upkeep
|
|t:|1760336410
|switch|p1a: Garchomp|Garchomp, M|100/100
|turn|12
|
|t:|1760336434
|switch|p2a: Torkoal|Torkoal, F|58/100
|-weather|SunnyDay|[from] ability: Drought|[of] p2a: Torkoal
|move|p1a: Garchomp|Draco Meteor|p2a: Torkoal
|-damage|p2a: Torkoal|5/100
|-unboost|p1a: Garchomp|spa|2
|
|-weather|SunnyDay|[upkeep]
|upkeep
|turn|13
|
|t:|1760336444
|move|p1a: Garchomp|Dragon Claw|p2a: Torkoal
|-damage|p2a: Torkoal|0 fnt
|faint|p2a: Torkoal
|
|-weather|SunnyDay|[upkeep]
|upkeep
|inactive|scar_bracho has 120 seconds left.
|
|t:|1760336480
|switch|p2a: Ambipom|Ambipom, M|82/100
|turn|14
|
|t:|1760336487
|move|p2a: Ambipom|Fake Out|p1a: Garchomp
|-damage|p1a: Garchomp|70/100
|-damage|p2a: Ambipom|70/100|[from] ability: Rough Skin|[of] p1a: Garchomp
|cant|p1a: Garchomp|flinch
|
|-weather|SunnyDay|[upkeep]
|upkeep
|turn|15
|
|t:|1760336492
|move|p2a: Ambipom|Triple Axel|p1a: Garchomp
|-supereffective|p1a: Garchomp
|-damage|p1a: Garchomp|34/100
|-damage|p2a: Ambipom|57/100|[from] ability: Rough Skin|[of] p1a: Garchomp
|-supereffective|p1a: Garchomp
|-damage|p1a: Garchomp|0 fnt
|-damage|p2a: Ambipom|45/100|[from] ability: Rough Skin|[of] p1a: Garchomp
|faint|p1a: Garchomp
|-hitcount|p1: Garchomp|2
|
|-weather|SunnyDay|[upkeep]
|upkeep
|
|t:|1760336500
|switch|p1a: Scizor|Scizor, M, shiny|88/100
|-damage|p1a: Scizor|76/100|[from] Stealth Rock
|turn|16
|inactive|scar_bracho has 120 seconds left.
|
|t:|1760336517
|switch|p2a: Sableye|Sableye, F|100/100
|move|p1a: Scizor|Bug Bite|p2a: Sableye
|-damage|p2a: Sableye|49/100
|
|-weather|SunnyDay|[upkeep]
|upkeep
|turn|17
|inactive|scar_bracho has 120 seconds left.
|
|t:|1760336526
|move|p2a: Sableye|Thunder Wave|p1a: Scizor
|-status|p1a: Scizor|par
|move|p1a: Scizor|Bug Bite|p2a: Sableye
|-damage|p2a: Sableye|0 fnt
|faint|p2a: Sableye
|
|-weather|SunnyDay|[upkeep]
|upkeep
|inactive|scar_bracho has 120 seconds left.
|
|t:|1760336536
|switch|p2a: Typhlosion|Typhlosion, F|100/100
|turn|18
|
|t:|1760336542
|move|p1a: Scizor|Bullet Punch|p2a: Typhlosion
|-resisted|p2a: Typhlosion
|-damage|p2a: Typhlosion|77/100
|move|p2a: Typhlosion|Eruption|p1a: Scizor
|-supereffective|p1a: Scizor
|-enditem|p1a: Scizor|Occa Berry|[eat]
|-enditem|p1a: Scizor|Occa Berry|[weaken]
|-damage|p1a: Scizor|0 fnt
|faint|p1a: Scizor
|
|-weather|SunnyDay|[upkeep]
|upkeep
|
|t:|1760336549
|switch|p1a: Kingambit|Kingambit, M, shiny|100/100
|-activate|p1a: Kingambit|ability: Supreme Overlord
|-start|p1a: Kingambit|fallen5|[silent]
|turn|19
|
|t:|1760336552
|move|p2a: Typhlosion|Eruption|p1a: Kingambit
|-supereffective|p1a: Kingambit
|-damage|p1a: Kingambit|0 fnt
|faint|p1a: Kingambit
|-end|p1a: Kingambit|fallen5|[silent]
|
|win|scar_bracho
|raw|Behshehdhehehdudie's rating: 1073 &rarr; <strong>1052</strong><br />(-21 for losing)
|raw|scar_bracho's rating: 1064 &rarr; <strong>1095</strong><br />(+31 for winning)
|l|☆Behshehdhehehdudie
|player|p1|
|l|☆scar_bracho
|player|p2|
