|j|☆vonia
|j|☆Epicentre7
|t:|1760445397
|gametype|singles
|player|p1|vonia|2|1358
|player|p2|Epicentre7|bea|1392
|gen|9
|tier|[Gen 9] OU
|rated|
|rule|HP Percentage Mod: HP is shown in percentages
|rule|Endless Battle Clause: Forcing endless battles is banned
|rule|Species Clause: Limit one of each Pokémon
|rule|OHKO Clause: OHKO moves are banned
|rule|Evasion Items Clause: Evasion items are banned
|rule|Evasion Moves Clause: Evasion moves are banned
|rule|Evasion Abilities Clause: Evasion abilities are banned
|rule|Sleep Moves Clause: Sleep-inducing moves are banned
|clearpoke
|poke|p1|Gyarados, M|
|poke|p1|Incineroar, M|
|poke|p1|Corviknight, M|
|poke|p1|Umbreon, M|
|poke|p1|Clodsire, M|
|poke|p1|Hatterene, F|
|poke|p2|Araquanid, F|
|poke|p2|Raging Bolt|
|poke|p2|Iron Moth|
|poke|p2|Great Tusk|
|poke|p2|Gholdengo|
|poke|p2|Kingambit, F|
|teampreview
|inactive|Battle timer is ON: inactive players will automatically lose when time's up. (requested by vonia)
|
|t:|1760445427
|teamsize|p1|6
|teamsize|p2|6
|start
|switch|p1a: Umbreon|Umbreon, M, shiny|100/100
|switch|p2a: Iron Moth|Iron Moth|100/100
|-enditem|p2a: Iron Moth|Booster Energy
|-activate|p2a: Iron Moth|ability: Quark Drive|[fromitem]
|-start|p2a: Iron Moth|quarkdrivespa
|turn|1
|
|t:|1760445441
|switch|p1a: Clodsire|Clodsire, M, shiny|100/100
|move|p2a: Iron Moth|Fiery Dance|p1a: Clodsire
|-damage|p1a: Clodsire|69/100
|
|-heal|p1a: Clodsire|75/100|[from] item: Leftovers
|upkeep
|turn|2
|
|t:|1760445445
|move|p2a: Iron Moth|Psychic|p1a: Clodsire
|-supereffective|p1a: Clodsire
|-damage|p1a: Clodsire|27/100
|move|p1a: Clodsire|Earthquake|p2a: Iron Moth
|-supereffective|p2a: Iron Moth
|-damage|p2a: Iron Moth|0 fnt
|faint|p2a: Iron Moth
|-end|p2a: Iron Moth|Quark Drive|[silent]
|
|-heal|p1a: Clodsire|33/100|[from] item: Leftovers
|upkeep
|
|t:|1760445460
|switch|p2a: Araquanid|Araquanid, F|100/100
|turn|3
|
|t:|1760445464
|switch|p1a: Hatterene|Hatterene, F, shiny|100/100
|move|p2a: Araquanid|Liquidation|p1a: Hatterene
|-damage|p1a: Hatterene|54/100
|-unboost|p1a: Hatterene|def|1
|
|-heal|p1a: Hatterene|60/100|[from] item: Leftovers
|upkeep
|turn|4
|
|t:|1760445474
|switch|p1a: Clodsire|Clodsire, M, shiny|33/100
|move|p2a: Araquanid|Liquidation|p1a: Clodsire
|-heal|p1a: Clodsire|58/100|[from] ability: Water Absorb|[of] p2a: Araquanid
|
|-heal|p1a: Clodsire|65/100|[from] item: Leftovers
|upkeep
|turn|5
|
|t:|1760445480
|move|p2a: Araquanid|Sticky Web|p1a: Clodsire
|-sidestart|p1: vonia|move: Sticky Web
|move|p1a: Clodsire|Poison Jab|p2a: Araquanid
|-damage|p2a: Araquanid|81/100
|
|-heal|p1a: Clodsire|71/100|[from] item: Leftovers
|upkeep
|turn|6
|
|t:|1760445492
|switch|p2a: Great Tusk|Great Tusk|100/100
|-enditem|p2a: Great Tusk|Booster Energy
|-activate|p2a: Great Tusk|ability: Protosynthesis|[fromitem]
|-start|p2a: Great Tusk|protosynthesisatk
|switch|p1a: Gyarados|Gyarados, M, shiny|100/100
|-ability|p1a: Gyarados|Intimidate|boost
|-unboost|p2a: Great Tusk|atk|1
|
|upkeep
|turn|7
|
|t:|1760445500
|move|p2a: Great Tusk|Head Smash|p1a: Gyarados
|-supereffective|p1a: Gyarados
|-damage|p1a: Gyarados|31/100
|-damage|p2a: Great Tusk|64/100|[from] Recoil
|move|p1a: Gyarados|Dragon Tail|p2a: Great Tusk
|-damage|p2a: Great Tusk|51/100
|-end|p2a: Great Tusk|Protosynthesis|[silent]
|drag|p2a: Gholdengo|Gholdengo|100/100
|-item|p2a: Gholdengo|Air Balloon
|
|-heal|p1a: Gyarados|38/100|[from] item: Leftovers
|upkeep
|turn|8
|
|t:|1760445506
|switch|p1a: Incineroar|Incineroar, M|100/100
|-ability|p1a: Incineroar|Intimidate|boost
|-unboost|p2a: Gholdengo|atk|1
|move|p2a: Gholdengo|Shadow Ball|p1a: Incineroar
|-resisted|p1a: Incineroar
|-damage|p1a: Incineroar|82/100
|
|upkeep
|turn|9
|
|t:|1760445514
|switch|p2a: Araquanid|Araquanid, F|81/100
|move|p1a: Incineroar|Knock Off|p2a: Araquanid
|-damage|p2a: Araquanid|43/100
|-enditem|p2a: Araquanid|Custap Berry|[from] move: Knock Off|[of] p1a: Incineroar
|
|upkeep
|turn|10
|
|t:|1760445527
|switch|p1a: Gyarados|Gyarados, M, shiny|38/100
|-ability|p1a: Gyarados|Intimidate|boost
|-unboost|p2a: Araquanid|atk|1
|switch|p2a: Great Tusk|Great Tusk|51/100
|
|-heal|p1a: Gyarados|44/100|[from] item: Leftovers
|upkeep
|turn|11
|
|t:|1760445536
|switch|p1a: Corviknight|Corviknight, M|100/100
|-ability|p1a: Corviknight|Pressure
|move|p2a: Great Tusk|Head Smash|p1a: Corviknight|[miss]
|-miss|p2a: Great Tusk|p1a: Corviknight
|
|upkeep
|turn|12
|
|t:|1760445542
|-end|p2a: Great Tusk|Protosynthesis|[silent]
|switch|p2a: Gholdengo|Gholdengo|100/100
|-item|p2a: Gholdengo|Air Balloon
|move|p1a: Corviknight|Defog|p2a: Gholdengo
|-immune|p2a: Gholdengo|[from] ability: Good as Gold
|
|upkeep
|turn|13
|
|t:|1760445552
|switch|p1a: Incineroar|Incineroar, M|82/100
|-ability|p1a: Incineroar|Intimidate|boost
|-unboost|p2a: Gholdengo|atk|1
|move|p2a: Gholdengo|Nasty Plot|p2a: Gholdengo
|-boost|p2a: Gholdengo|spa|2
|
|upkeep
|turn|14
|
|t:|1760445565
|-terastallize|p2a: Gholdengo|Fairy
|move|p2a: Gholdengo|Dazzling Gleam|p1a: Incineroar
|-damage|p1a: Incineroar|6/100
|move|p1a: Incineroar|Knock Off|p2a: Gholdengo
|-resisted|p2a: Gholdengo
|-damage|p2a: Gholdengo|78/100
|-enditem|p2a: Gholdengo|Air Balloon
|
|upkeep
|turn|15
|
|t:|1760445571
|switch|p1a: Clodsire|Clodsire, M, shiny|71/100
|-activate|p1a: Clodsire|move: Sticky Web
|-unboost|p1a: Clodsire|spe|1
|move|p2a: Gholdengo|Dazzling Gleam|p1a: Clodsire
|-resisted|p1a: Clodsire
|-damage|p1a: Clodsire|50/100
|
|-heal|p1a: Clodsire|57/100|[from] item: Leftovers
|upkeep
|turn|16
|
|t:|1760445578
|-terastallize|p1a: Clodsire|Steel
|move|p2a: Gholdengo|Psyshock|p1a: Clodsire
|-resisted|p1a: Clodsire
|-damage|p1a: Clodsire|28/100
|move|p1a: Clodsire|Recover|p1a: Clodsire
|-heal|p1a: Clodsire|78/100
|
|-heal|p1a: Clodsire|84/100|[from] item: Leftovers
|upkeep
|turn|17
|
|t:|1760445589
|move|p2a: Gholdengo|Shadow Ball|p1a: Clodsire
|-damage|p1a: Clodsire|42/100
|move|p1a: Clodsire|Haze|p1a: Clodsire
|-clearallboost
|
|-heal|p1a: Clodsire|48/100|[from] item: Leftovers
|upkeep
|turn|18
|
|t:|1760445598
|switch|p2a: Great Tusk|Great Tusk|51/100
|move|p1a: Clodsire|Recover|p1a: Clodsire
|-heal|p1a: Clodsire|98/100
|
|-heal|p1a: Clodsire|100/100|[from] item: Leftovers
|upkeep
|turn|19
|
|t:|1760445609
|switch|p1a: Corviknight|Corviknight, M|100/100
|-ability|p1a: Corviknight|Pressure
|move|p2a: Great Tusk|Headlong Rush|p1a: Corviknight
|-immune|p1a: Corviknight
|
|upkeep
|turn|20
|
|t:|1760445620
|-end|p2a: Great Tusk|Protosynthesis|[silent]
|switch|p2a: Gholdengo|Gholdengo, tera:Fairy|78/100
|switch|p1a: Umbreon|Umbreon, M, shiny|100/100
|-activate|p1a: Umbreon|move: Sticky Web
|-unboost|p1a: Umbreon|spe|1
|
|upkeep
|turn|21
|
|t:|1760445633
|switch|p1a: Clodsire|Clodsire, M, shiny, tera:Steel|100/100
|-activate|p1a: Clodsire|move: Sticky Web
|-unboost|p1a: Clodsire|spe|1
|move|p2a: Gholdengo|Dazzling Gleam|p1a: Clodsire
|-resisted|p1a: Clodsire
|-damage|p1a: Clodsire|90/100
|
|-heal|p1a: Clodsire|96/100|[from] item: Leftovers
|upkeep
|turn|22
|
|t:|1760445653
|switch|p2a: Kingambit|Kingambit, F|100/100
|-activate|p2a: Kingambit|ability: Supreme Overlord
|-start|p2a: Kingambit|fallen1|[silent]
|move|p1a: Clodsire|Poison Jab|p2a: Kingambit
|-immune|p2a: Kingambit
|
|-heal|p1a: Clodsire|100/100|[from] item: Leftovers
|upkeep
|turn|23
|
|t:|1760445666
|switch|p1a: Corviknight|Corviknight, M|100/100
|-ability|p1a: Corviknight|Pressure
|move|p2a: Kingambit|Kowtow Cleave|p1a: Corviknight
|-damage|p1a: Corviknight|70/100
|
|-heal|p1a: Corviknight|76/100|[from] item: Leftovers
|upkeep
|turn|24
|
|t:|1760445678
|-end|p2a: Kingambit|fallen1|[silent]
|switch|p2a: Raging Bolt|Raging Bolt|100/100
|-enditem|p2a: Raging Bolt|Booster Energy
|-activate|p2a: Raging Bolt|ability: Protosynthesis|[fromitem]
|-start|p2a: Raging Bolt|protosynthesisspa
|move|p1a: Corviknight|Body Press|p2a: Raging Bolt
|-damage|p2a: Raging Bolt|76/100
|
|-heal|p1a: Corviknight|83/100|[from] item: Leftovers
|upkeep
|turn|25
|
|t:|1760445687
|switch|p1a: Umbreon|Umbreon, M, shiny|100/100
|-activate|p1a: Umbreon|move: Sticky Web
|-unboost|p1a: Umbreon|spe|1
|move|p2a: Raging Bolt|Thunderbolt|p1a: Umbreon
|-damage|p1a: Umbreon|56/100
|
|-heal|p1a: Umbreon|62/100|[from] item: Leftovers
|upkeep
|turn|26
|
|t:|1760445694
|move|p2a: Raging Bolt|Calm Mind|p2a: Raging Bolt
|-boost|p2a: Raging Bolt|spa|1
|-boost|p2a: Raging Bolt|spd|1
|move|p1a: Umbreon|Wish|p1a: Umbreon
|
|-heal|p1a: Umbreon|68/100|[from] item: Leftovers
|upkeep
|turn|27
|
|t:|1760445702
|move|p2a: Raging Bolt|Thunderbolt|p1a: Umbreon
|-damage|p1a: Umbreon|2/100
|move|p1a: Umbreon|Toxic|p2a: Raging Bolt
|-status|p2a: Raging Bolt|tox
|
|-heal|p1a: Umbreon|52/100|[from] move: Wish|[wisher] Umbreon
|-heal|p1a: Umbreon|58/100|[from] item: Leftovers
|-damage|p2a: Raging Bolt|70/100 tox|[from] psn
|upkeep
|turn|28
|
|t:|1760445714
|move|p2a: Raging Bolt|Calm Mind|p2a: Raging Bolt
|-boost|p2a: Raging Bolt|spa|1
|-boost|p2a: Raging Bolt|spd|1
|move|p1a: Umbreon|Moonlight|p1a: Umbreon
|-heal|p1a: Umbreon|100/100
|
|-damage|p2a: Raging Bolt|58/100 tox|[from] psn
|upkeep
|turn|29
|
|t:|1760445723
|move|p2a: Raging Bolt|Thunderbolt|p1a: Umbreon
|-damage|p1a: Umbreon|13/100
|move|p1a: Umbreon|Moonlight|p1a: Umbreon
|-heal|p1a: Umbreon|63/100
|
|-heal|p1a: Umbreon|69/100|[from] item: Leftovers
|-damage|p2a: Raging Bolt|39/100 tox|[from] psn
|upkeep
|turn|30
|
|t:|1760445730
|switch|p1a: Clodsire|Clodsire, M, shiny, tera:Steel|100/100
|-activate|p1a: Clodsire|move: Sticky Web
|-unboost|p1a: Clodsire|spe|1
|move|p2a: Raging Bolt|Thunderbolt|p1a: Clodsire
|-damage|p1a: Clodsire|25/100
|
|-heal|p1a: Clodsire|31/100|[from] item: Leftovers
|-damage|p2a: Raging Bolt|15/100 tox|[from] psn
|upkeep
|turn|31
|
|t:|1760445746
|switch|p1a: Hatterene|Hatterene, F, shiny|60/100
|-activate|p1a: Hatterene|move: Sticky Web
|-unboost|p1a: Hatterene|spe|1
|move|p2a: Raging Bolt|Thunderbolt|p1a: Hatterene
|-damage|p1a: Hatterene|0 fnt
|faint|p1a: Hatterene
|
|-damage|p2a: Raging Bolt|0 fnt|[from] psn
|faint|p2a: Raging Bolt
|-end|p2a: Raging Bolt|Protosynthesis|[silent]
|upkeep
|
|t:|1760445758
|switch|p2a: Great Tusk|Great Tusk|51/100
|switch|p1a: Umbreon|Umbreon, M, shiny|69/100
|-activate|p1a: Umbreon|move: Sticky Web
|-unboost|p1a: Umbreon|spe|1
|turn|32
|
|t:|1760445766
|-end|p2a: Great Tusk|Protosynthesis|[silent]
|switch|p2a: Kingambit|Kingambit, F|100/100
|-activate|p2a: Kingambit|ability: Supreme Overlord
|-start|p2a: Kingambit|fallen2|[silent]
|move|p1a: Umbreon|Wish|p1a: Umbreon
|
|-heal|p1a: Umbreon|75/100|[from] item: Leftovers
|upkeep
|turn|33
|
|t:|1760445772
|switch|p1a: Gyarados|Gyarados, M, shiny|44/100
|-ability|p1a: Gyarados|Intimidate|boost
|-unboost|p2a: Kingambit|atk|1
|move|p2a: Kingambit|Swords Dance|p2a: Kingambit
|-boost|p2a: Kingambit|atk|2
|
|-heal|p1a: Gyarados|94/100|[from] move: Wish|[wisher] Umbreon
|-heal|p1a: Gyarados|99/100|[from] item: Leftovers
|upkeep
|turn|34
|
|t:|1760445785
|move|p2a: Kingambit|Kowtow Cleave|p1a: Gyarados
|-damage|p1a: Gyarados|39/100
|move|p1a: Gyarados|Dragon Tail|p2a: Kingambit
|-resisted|p2a: Kingambit
|-damage|p2a: Kingambit|93/100
|-end|p2a: Kingambit|fallen2|[silent]
|drag|p2a: Gholdengo|Gholdengo, tera:Fairy|78/100
|
|-heal|p1a: Gyarados|45/100|[from] item: Leftovers
|upkeep
|turn|35
|
|t:|1760445810
|switch|p1a: Clodsire|Clodsire, M, shiny, tera:Steel|31/100
|-activate|p1a: Clodsire|move: Sticky Web
|-unboost|p1a: Clodsire|spe|1
|move|p2a: Gholdengo|Shadow Ball|p1a: Clodsire
|-damage|p1a: Clodsire|7/100
|
|-heal|p1a: Clodsire|13/100|[from] item: Leftovers
|upkeep
|turn|36
|
|t:|1760445819
|switch|p1a: Umbreon|Umbreon, M, shiny|75/100
|-activate|p1a: Umbreon|move: Sticky Web
|-unboost|p1a: Umbreon|spe|1
|move|p2a: Gholdengo|Shadow Ball|p1a: Umbreon
|-resisted|p1a: Umbreon
|-damage|p1a: Umbreon|62/100
|
|-heal|p1a: Umbreon|68/100|[from] item: Leftovers
|upkeep
|turn|37
|
|t:|1760445824
|move|p2a: Gholdengo|Dazzling Gleam|p1a: Umbreon
|-supereffective|p1a: Umbreon
|-damage|p1a: Umbreon|15/100
|move|p1a: Umbreon|Wish|p1a: Umbreon
|
|-heal|p1a: Umbreon|21/100|[from] item: Leftovers
|upkeep
|turn|38
|-message|vonia forfeited.
|
|win|Epicentre7
|raw|vonia's rating: 1358 &rarr; <strong>1340</strong><br />(-18 for losing)
|raw|Epicentre7's rating: 1392 &rarr; <strong>1410</strong><br />(+18 for winning)
|l|☆vonia
|player|p1|
|l|☆Epicentre7
|player|p2|
