|j|☆LionX_Pro
|j|☆kok puncher
|t:|1760435938
|gametype|singles
|player|p1|LionX_Pro|steven|1418
|player|p2|kok puncher|blackbelt|1503
|gen|9
|tier|[Gen 9] OU
|rated|
|rule|HP Percentage Mod: HP is shown in percentages
|rule|Endless Battle Clause: Forcing endless battles is banned
|rule|Species Clause: Limit one of each Pokémon
|rule|OHKO Clause: OHKO moves are banned
|rule|Evasion Items Clause: Evasion items are banned
|rule|Evasion Moves Clause: Evasion moves are banned
|rule|Evasion Abilities Clause: Evasion abilities are banned
|rule|Sleep Moves Clause: Sleep-inducing moves are banned
|clearpoke
|poke|p1|Shiftry, F|
|poke|p1|Glimmora, M|
|poke|p1|Incineroar, F|
|poke|p1|Gliscor, F|
|poke|p1|Garganacl, F|
|poke|p1|Quaquaval, F|
|poke|p2|Deoxys-Speed|
|poke|p2|Hoopa-Unbound|
|poke|p2|Manaphy|
|poke|p2|Iron Valiant|
|poke|p2|Ursaluna, M|
|poke|p2|Cinderace, F|
|teampreview
|inactive|Battle timer is ON: inactive players will automatically lose when time's up. (requested by kok puncher)
|inactive|kok puncher has 120 seconds left.
|
|t:|1760435976
|teamsize|p1|6
|teamsize|p2|6
|start
|switch|p1a: Shiftry|Shiftry, F|100/100
|switch|p2a: Cinderace|Cinderace, F|100/100
|turn|1
|
|t:|1760435980
|move|p2a: Cinderace|U-turn|p1a: Shiftry
|-start|p2a: Cinderace|typechange|Bug|[from] ability: Libero
|-supereffective|p1a: Shiftry
|-enditem|p1a: Shiftry|Focus Sash
|-damage|p1a: Shiftry|1/100
|
|t:|1760435990
|switch|p2a: Iron Valiant|Iron Valiant|100/100|[from] U-turn
|-enditem|p2a: Iron Valiant|Booster Energy
|-activate|p2a: Iron Valiant|ability: Quark Drive|[fromitem]
|-start|p2a: Iron Valiant|quarkdrivespe
|move|p1a: Shiftry|Tailwind|p1a: Shiftry
|-sidestart|p1: LionX_Pro|move: Tailwind
|-ability|p1a: Shiftry|Wind Rider|boost
|-boost|p1a: Shiftry|atk|1
|
|upkeep
|turn|2
|
|t:|1760436002
|move|p2a: Iron Valiant|Moonblast|p1a: Shiftry
|-supereffective|p1a: Shiftry
|-damage|p1a: Shiftry|0 fnt
|faint|p1a: Shiftry
|
|upkeep
|
|t:|1760436010
|switch|p1a: Glimmora|Glimmora, M|100/100
|turn|3
|
|t:|1760436028
|-end|p2a: Iron Valiant|Quark Drive|[silent]
|switch|p2a: Deoxys|Deoxys-Speed|100/100
|-ability|p2a: Deoxys|Pressure
|move|p1a: Glimmora|Meteor Beam||[still]
|-prepare|p1a: Glimmora|Meteor Beam
|-boost|p1a: Glimmora|spa|1
|-enditem|p1a: Glimmora|Power Herb
|-anim|p1a: Glimmora|Meteor Beam|p2a: Deoxys
|-damage|p2a: Deoxys|0 fnt
|faint|p2a: Deoxys
|
|upkeep
|
|t:|1760436039
|switch|p2a: Hoopa|Hoopa-Unbound|100/100
|turn|4
|inactive|LionX_Pro has 120 seconds left.
|
|t:|1760436076
|move|p1a: Glimmora|Earth Power|p2a: Hoopa
|-damage|p2a: Hoopa|78/100
|move|p2a: Hoopa|Psychic Noise|p1a: Glimmora
|-supereffective|p1a: Glimmora
|-damage|p1a: Glimmora|0 fnt
|faint|p1a: Glimmora
|
|-sideend|p1: LionX_Pro|move: Tailwind
|upkeep
|
|t:|1760436082
|switch|p1a: Quaquaval|Quaquaval, F|100/100
|turn|5
|
|t:|1760436089
|move|p1a: Quaquaval|Close Combat|p2a: Hoopa
|-damage|p2a: Hoopa|0 fnt
|-unboost|p1a: Quaquaval|def|1
|-unboost|p1a: Quaquaval|spd|1
|faint|p2a: Hoopa
|-ability|p1a: Quaquaval|Moxie|boost
|-boost|p1a: Quaquaval|atk|1
|
|upkeep
|
|t:|1760436102
|switch|p2a: Iron Valiant|Iron Valiant|100/100
|turn|6
|
|t:|1760436106
|move|p2a: Iron Valiant|Encore|p1a: Quaquaval
|-start|p1a: Quaquaval|Encore
|move|p1a: Quaquaval|Close Combat|p2a: Iron Valiant
|-resisted|p2a: Iron Valiant
|-damage|p2a: Iron Valiant|45/100
|-unboost|p1a: Quaquaval|def|1
|-unboost|p1a: Quaquaval|spd|1
|
|upkeep
|turn|7
|
|t:|1760436116
|switch|p1a: Gliscor|Gliscor, F|100/100
|move|p2a: Iron Valiant|Moonblast|p1a: Gliscor
|-damage|p1a: Gliscor|42/100
|
|-status|p1a: Gliscor|tox|[from] item: Toxic Orb
|upkeep
|turn|8
|
|t:|1760436123
|move|p1a: Gliscor|Protect|p1a: Gliscor
|-singleturn|p1a: Gliscor|Protect
|move|p2a: Iron Valiant|Moonblast|p1a: Gliscor
|-activate|p1a: Gliscor|move: Protect
|
|-heal|p1a: Gliscor|54/100 tox|[from] ability: Poison Heal
|upkeep
|turn|9
|
|t:|1760436130
|switch|p1a: Incineroar|Incineroar, F|100/100
|-ability|p1a: Incineroar|Intimidate|boost
|-unboost|p2a: Iron Valiant|atk|1
|move|p2a: Iron Valiant|Moonblast|p1a: Incineroar
|-damage|p1a: Incineroar|70/100
|
|upkeep
|turn|10
|
|t:|1760436137
|move|p1a: Incineroar|Fake Out|p2a: Iron Valiant
|-damage|p2a: Iron Valiant|32/100
|cant|p2a: Iron Valiant|flinch
|
|upkeep
|turn|11
|
|t:|1760436148
|move|p2a: Iron Valiant|Close Combat|p1a: Incineroar
|-supereffective|p1a: Incineroar
|-damage|p1a: Incineroar|10/100
|-unboost|p2a: Iron Valiant|def|1
|-unboost|p2a: Iron Valiant|spd|1
|-enditem|p1a: Incineroar|Aguav Berry|[eat]
|-heal|p1a: Incineroar|43/100|[from] item: Aguav Berry
|move|p1a: Incineroar|Flare Blitz|p2a: Iron Valiant
|-crit|p2a: Iron Valiant
|-damage|p2a: Iron Valiant|0 fnt
|faint|p2a: Iron Valiant
|-end|p2a: Iron Valiant|Quark Drive|[silent]
|-damage|p1a: Incineroar|36/100|[from] Recoil
|
|upkeep
|
|t:|1760436160
|switch|p2a: Cinderace|Cinderace, F|100/100
|turn|12
|
|t:|1760436164
|move|p2a: Cinderace|U-turn|p1a: Incineroar
|-start|p2a: Cinderace|typechange|Bug|[from] ability: Libero
|-damage|p1a: Incineroar|5/100
|
|t:|1760436168
|switch|p2a: Ursaluna|Ursaluna, M|100/100|[from] U-turn
|move|p1a: Incineroar|Parting Shot|p2a: Ursaluna
|-unboost|p2a: Ursaluna|atk|1
|-unboost|p2a: Ursaluna|spa|1
|
|t:|1760436171
|switch|p1a: Quaquaval|Quaquaval, F|100/100|[from] Parting Shot
|
|-status|p2a: Ursaluna|brn|[from] item: Flame Orb
|upkeep
|turn|13
|
|t:|1760436180
|-terastallize|p2a: Ursaluna|Ghost
|move|p1a: Quaquaval|Aqua Step|p2a: Ursaluna
|-damage|p2a: Ursaluna|74/100 brn
|-boost|p1a: Quaquaval|spe|1
|move|p2a: Ursaluna|Facade|p1a: Quaquaval
|-enditem|p1a: Quaquaval|Focus Sash
|-damage|p1a: Quaquaval|1/100
|
|-damage|p2a: Ursaluna|68/100 brn|[from] brn
|upkeep
|turn|14
|
|t:|1760436192
|move|p1a: Quaquaval|Triple Axel|p2a: Ursaluna|[miss]
|-miss|p1a: Quaquaval|p2a: Ursaluna
|move|p2a: Ursaluna|Facade|p1a: Quaquaval
|-damage|p1a: Quaquaval|0 fnt
|faint|p1a: Quaquaval
|
|-damage|p2a: Ursaluna|62/100 brn|[from] brn
|upkeep
|
|t:|1760436202
|switch|p1a: Garganacl|Garganacl, F|100/100
|turn|15
|
|t:|1760436210
|switch|p2a: Cinderace|Cinderace, F|100/100
|-terastallize|p1a: Garganacl|Water
|move|p1a: Garganacl|Iron Defense|p1a: Garganacl
|-boost|p1a: Garganacl|def|2
|
|upkeep
|turn|16
|
|t:|1760436221
|move|p2a: Cinderace|U-turn|p1a: Garganacl
|-start|p2a: Cinderace|typechange|Bug|[from] ability: Libero
|-damage|p1a: Garganacl|89/100
|
|t:|1760436225
|switch|p2a: Ursaluna|Ursaluna, M, tera:Ghost|62/100 brn|[from] U-turn
|move|p1a: Garganacl|Salt Cure|p2a: Ursaluna
|-damage|p2a: Ursaluna|53/100 brn
|-start|p2a: Ursaluna|Salt Cure
|
|-heal|p1a: Garganacl|95/100|[from] item: Leftovers
|-damage|p2a: Ursaluna|47/100 brn|[from] brn
|-damage|p2a: Ursaluna|35/100 brn|[from] Salt Cure
|upkeep
|turn|17
|
|t:|1760436236
|move|p1a: Garganacl|Protect|p1a: Garganacl
|-singleturn|p1a: Garganacl|Protect
|move|p2a: Ursaluna|Swords Dance|p2a: Ursaluna
|-boost|p2a: Ursaluna|atk|2
|
|-heal|p1a: Garganacl|100/100|[from] item: Leftovers
|-damage|p2a: Ursaluna|29/100 brn|[from] brn
|-damage|p2a: Ursaluna|16/100 brn|[from] Salt Cure
|upkeep
|turn|18
|
|t:|1760436247
|move|p2a: Ursaluna|Facade|p1a: Garganacl
|-damage|p1a: Garganacl|20/100
|move|p1a: Garganacl|Recover|p1a: Garganacl
|-heal|p1a: Garganacl|70/100
|
|-heal|p1a: Garganacl|76/100|[from] item: Leftovers
|-damage|p2a: Ursaluna|10/100 brn|[from] brn
|-damage|p2a: Ursaluna|0 fnt|[from] Salt Cure
|faint|p2a: Ursaluna
|upkeep
|-message|kok puncher forfeited.
|
|win|LionX_Pro
|raw|LionX_Pro's rating: 1397 &rarr; <strong>1423</strong><br />(+26 for winning)
|raw|kok puncher's rating: 1503 &rarr; <strong>1477</strong><br />(-26 for losing)
|l|☆kok puncher
|player|p2|
|l|☆LionX_Pro
|player|p1|
