|j|☆sjace
|j|☆zzbpzgxyyds
|t:|1760329735
|gametype|singles
|player|p1|sjace|1|1077
|player|p2|zzbpzgxyyds|n|1082
|gen|9
|tier|[Gen 9] OU
|rated|
|rule|HP Percentage Mod: HP is shown in percentages
|rule|Endless Battle Clause: Forcing endless battles is banned
|rule|Species Clause: Limit one of each Pokémon
|rule|OHKO Clause: OHKO moves are banned
|rule|Evasion Items Clause: Evasion items are banned
|rule|Evasion Moves Clause: Evasion moves are banned
|rule|Evasion Abilities Clause: Evasion abilities are banned
|rule|Sleep Moves Clause: Sleep-inducing moves are banned
|clearpoke
|poke|p1|Zapdos|
|poke|p1|Ceruledge, M|
|poke|p1|Gliscor, M|
|poke|p1|Landorus-Therian, M|
|poke|p1|Samurott-Hisui, M|
|poke|p1|Cinderace, F|
|poke|p2|Dedenne, M|
|poke|p2|Maushold|
|poke|p2|Cinccino, M|
|poke|p2|Dugtrio, M|
|poke|p2|Raichu-Alola, M|
|poke|p2|Morpeko, F|
|teampreview
|
|t:|1760329744
|teamsize|p1|6
|teamsize|p2|6
|start
|switch|p1a: Samurott|Samurott-Hisui, M|100/100
|switch|p2a: Morpeko|Morpeko, F|100/100
|turn|1
|
|t:|1760329751
|move|p2a: Morpeko|Fake Out|p1a: Samurott
|-damage|p1a: Samurott|87/100
|cant|p1a: Samurott|flinch
|
|-formechange|p2a: Morpeko|Morpeko-Hangry||[from] ability: Hunger Switch
|upkeep
|turn|2
|
|t:|1760329758
|switch|p1a: Landorus|Landorus-Therian, M|100/100
|-ability|p1a: Landorus|Intimidate|boost
|-unboost|p2a: Morpeko|atk|1
|move|p2a: Morpeko|Parting Shot|p1a: Landorus
|-unboost|p1a: Landorus|atk|1
|-unboost|p1a: Landorus|spa|1
|
|t:|1760329767
|switch|p2a: Cinccino|Cinccino, M|100/100|[from] Parting Shot
|
|upkeep
|turn|3
|
|t:|1760329773
|move|p2a: Cinccino|Ice Spinner|p1a: Landorus
|-supereffective|p1a: Landorus
|-damage|p1a: Landorus|16/100
|-damage|p2a: Cinccino|84/100|[from] item: Rocky Helmet|[of] p1a: Landorus
|move|p1a: Landorus|Tera Blast|p2a: Cinccino
|-damage|p2a: Cinccino|62/100
|
|-heal|p2a: Cinccino|69/100|[from] item: Leftovers
|upkeep
|turn|4
|
|t:|1760329780
|move|p2a: Cinccino|Ice Spinner|p1a: Landorus
|-supereffective|p1a: Landorus
|-damage|p1a: Landorus|0 fnt
|-damage|p2a: Cinccino|52/100|[from] item: Rocky Helmet|[of] p1a: Landorus
|faint|p1a: Landorus
|
|-heal|p2a: Cinccino|58/100|[from] item: Leftovers
|upkeep
|
|t:|1760329782
|switch|p1a: Cinderace|Cinderace, F|100/100
|turn|5
|
|t:|1760329792
|switch|p2a: Raichu|Raichu-Alola, M|100/100
|move|p1a: Cinderace|Zen Headbutt|p2a: Raichu
|-start|p1a: Cinderace|typechange|Psychic|[from] ability: Libero
|-resisted|p2a: Raichu
|-crit|p2a: Raichu
|-damage|p2a: Raichu|11/100
|-damage|p1a: Cinderace|91/100|[from] item: Life Orb
|
|-heal|p2a: Raichu|17/100|[from] item: Leftovers
|upkeep
|turn|6
|
|t:|1760329801
|move|p2a: Raichu|Fake Out|p1a: Cinderace
|-damage|p1a: Cinderace|80/100
|cant|p1a: Cinderace|flinch
|
|-heal|p2a: Raichu|23/100|[from] item: Leftovers
|upkeep
|turn|7
|
|t:|1760329809
|move|p1a: Cinderace|Zen Headbutt|p2a: Raichu
|-resisted|p2a: Raichu
|-damage|p2a: Raichu|0 fnt
|faint|p2a: Raichu
|-damage|p1a: Cinderace|70/100|[from] item: Life Orb
|
|upkeep
|
|t:|1760329812
|switch|p2a: Morpeko|Morpeko, F|100/100
|turn|8
|
|t:|1760329815
|move|p2a: Morpeko|Fake Out|p1a: Cinderace
|-damage|p1a: Cinderace|53/100
|cant|p1a: Cinderace|flinch
|
|-formechange|p2a: Morpeko|Morpeko-Hangry||[from] ability: Hunger Switch
|upkeep
|turn|9
|
|t:|1760329819
|move|p1a: Cinderace|Scorching Sands|p2a: Morpeko
|-supereffective|p2a: Morpeko
|-damage|p2a: Morpeko|47/100
|-damage|p1a: Cinderace|43/100|[from] item: Life Orb
|move|p2a: Morpeko|Aura Wheel|p1a: Cinderace
|-supereffective|p1a: Cinderace
|-damage|p1a: Cinderace|0 fnt
|-boost|p2a: Morpeko|spe|1
|faint|p1a: Cinderace
|
|-heal|p2a: Morpeko|53/100|[from] item: Leftovers
|-formechange|p2a: Morpeko|Morpeko||[from] ability: Hunger Switch
|upkeep
|
|t:|1760329827
|switch|p1a: Ceruledge|Ceruledge, M, shiny|100/100
|turn|10
|
|t:|1760329835
|move|p2a: Morpeko|Parting Shot|p1a: Ceruledge
|-unboost|p1a: Ceruledge|atk|1
|-unboost|p1a: Ceruledge|spa|1
|
|t:|1760329839
|switch|p2a: Dugtrio|Dugtrio, M|100/100|[from] Parting Shot
|move|p1a: Ceruledge|Swords Dance|p1a: Ceruledge
|-boost|p1a: Ceruledge|atk|2
|
|upkeep
|turn|11
|
|t:|1760329845
|move|p2a: Dugtrio|Earthquake|p1a: Ceruledge
|-supereffective|p1a: Ceruledge
|-enditem|p1a: Ceruledge|Focus Sash
|-damage|p1a: Ceruledge|1/100
|-ability|p1a: Ceruledge|Weak Armor|boost
|-unboost|p1a: Ceruledge|def|1
|-boost|p1a: Ceruledge|spe|2
|move|p1a: Ceruledge|Dragon Claw|p2a: Dugtrio
|-damage|p2a: Dugtrio|0 fnt
|faint|p2a: Dugtrio
|
|upkeep
|
|t:|1760329872
|switch|p2a: Cinccino|Cinccino, M|58/100
|turn|12
|
|t:|1760329876
|move|p1a: Ceruledge|Bitter Blade|p2a: Cinccino
|-damage|p2a: Cinccino|0 fnt
|-heal|p1a: Ceruledge|30/100|[from] drain|[of] p2a: Cinccino
|faint|p2a: Cinccino
|
|upkeep
|-message|zzbpzgxyyds forfeited.
|
|win|sjace
|raw|sjace's rating: 1077 &rarr; <strong>1106</strong><br />(+29 for winning)
|raw|zzbpzgxyyds's rating: 1082 &rarr; <strong>1059</strong><br />(-23 for losing)
|l|☆zzbpzgxyyds
|player|p2|
|l|☆sjace
|player|p1|
