|j|☆Magcla
|j|☆M4 lema
|t:|1760353795
|gametype|singles
|player|p1|Magcla|may-masters2|1551
|player|p2|M4 lema|bellepa|1681
|gen|9
|tier|[Gen 9] OU
|rated|
|rule|HP Percentage Mod: HP is shown in percentages
|rule|Endless Battle Clause: Forcing endless battles is banned
|rule|Species Clause: Limit one of each Pokémon
|rule|OHKO Clause: OHKO moves are banned
|rule|Evasion Items Clause: Evasion items are banned
|rule|Evasion Moves Clause: Evasion moves are banned
|rule|Evasion Abilities Clause: Evasion abilities are banned
|rule|Sleep Moves Clause: Sleep-inducing moves are banned
|clearpoke
|poke|p1|Dragapult, M|
|poke|p1|Skarmory, F|
|poke|p1|Comfey, M|
|poke|p1|Kingambit, M|
|poke|p1|Iron Treads|
|poke|p1|Blaziken, M|
|poke|p2|Pelipper, M|
|poke|p2|Barraskewda, F|
|poke|p2|Iron Treads|
|poke|p2|Thundurus-Therian, M|
|poke|p2|Iron Crown|
|poke|p2|Dragonite, F|
|teampreview
|j| deadbyflinch
|
|t:|1760353812
|teamsize|p1|6
|teamsize|p2|6
|start
|switch|p1a: Skarmory|Skarmory, F|100/100
|switch|p2a: Pelipper|Pelipper, M|100/100
|-weather|RainDance|[from] ability: Drizzle|[of] p2a: Pelipper
|turn|1
|
|t:|1760353818
|move|p1a: Skarmory|Stealth Rock|p2a: Pelipper
|-sidestart|p2: M4 lema|move: Stealth Rock
|move|p2a: Pelipper|Surf|p1a: Skarmory
|-damage|p1a: Skarmory|43/100
|
|-weather|RainDance|[upkeep]
|upkeep
|turn|2
|
|t:|1760353826
|move|p1a: Skarmory|Spikes|p2a: Pelipper
|-sidestart|p2: M4 lema|Spikes
|move|p2a: Pelipper|Surf|p1a: Skarmory
|-damage|p1a: Skarmory|0 fnt
|faint|p1a: Skarmory
|
|-weather|RainDance|[upkeep]
|upkeep
|
|t:|1760353840
|switch|p1a: Kingambit|Kingambit, M, shiny|100/100
|-activate|p1a: Kingambit|ability: Supreme Overlord
|-start|p1a: Kingambit|fallen1|[silent]
|turn|3
|
|t:|1760353849
|move|p2a: Pelipper|Surf|p1a: Kingambit
|-damage|p1a: Kingambit|56/100
|move|p1a: Kingambit|Swords Dance|p1a: Kingambit
|-boost|p1a: Kingambit|atk|2
|
|-weather|RainDance|[upkeep]
|-heal|p1a: Kingambit|62/100|[from] item: Leftovers
|upkeep
|turn|4
|
|t:|1760353869
|switch|p2a: Iron Treads|Iron Treads|100/100
|-damage|p2a: Iron Treads|97/100|[from] Stealth Rock
|-damage|p2a: Iron Treads|85/100|[from] Spikes
|-enditem|p2a: Iron Treads|Booster Energy
|-activate|p2a: Iron Treads|ability: Quark Drive|[fromitem]
|-start|p2a: Iron Treads|quarkdrivespe
|move|p1a: Kingambit|Kowtow Cleave|p2a: Iron Treads
|-damage|p2a: Iron Treads|0 fnt
|faint|p2a: Iron Treads
|-end|p2a: Iron Treads|Quark Drive|[silent]
|
|-weather|RainDance|[upkeep]
|-heal|p1a: Kingambit|68/100|[from] item: Leftovers
|upkeep
|
|t:|1760353884
|switch|p2a: Barraskewda|Barraskewda, F|100/100
|-damage|p2a: Barraskewda|88/100|[from] Stealth Rock
|-damage|p2a: Barraskewda|76/100|[from] Spikes
|turn|5
|
|t:|1760353888
|move|p2a: Barraskewda|Aqua Jet|p1a: Kingambit
|-damage|p1a: Kingambit|34/100
|move|p1a: Kingambit|Kowtow Cleave|p2a: Barraskewda
|-damage|p2a: Barraskewda|0 fnt
|faint|p2a: Barraskewda
|
|-weather|RainDance|[upkeep]
|-heal|p1a: Kingambit|40/100|[from] item: Leftovers
|upkeep
|
|t:|1760353899
|switch|p2a: Thundurus|Thundurus-Therian, M|100/100
|turn|6
|
|t:|1760353906
|move|p1a: Kingambit|Sucker Punch|p2a: Thundurus
|-damage|p2a: Thundurus|0 fnt
|faint|p2a: Thundurus
|
|-weather|RainDance|[upkeep]
|-heal|p1a: Kingambit|46/100|[from] item: Leftovers
|upkeep
|-message|M4 lema forfeited.
|
|win|Magcla
|raw|Magcla's rating: 1551 &rarr; <strong>1578</strong><br />(+27 for winning)
|raw|M4 lema's rating: 1681 &rarr; <strong>1654</strong><br />(-27 for losing)
|l|☆M4 lema
|player|p2|
