|j|‽universe mon
|j|☆henry151th
|t:|1760375213
|gametype|singles
|player|p1|universe mon|li|1770
|player|p2|henry151th|wallace|1731
|gen|9
|tier|[Gen 9] OU
|rated|
|rule|HP Percentage Mod: HP is shown in percentages
|rule|Endless Battle Clause: Forcing endless battles is banned
|rule|Species Clause: Limit one of each Pokémon
|rule|OHKO Clause: OHKO moves are banned
|rule|Evasion Items Clause: Evasion items are banned
|rule|Evasion Moves Clause: Evasion moves are banned
|rule|Evasion Abilities Clause: Evasion abilities are banned
|rule|Sleep Moves Clause: Sleep-inducing moves are banned
|clearpoke
|poke|p1|Ninetales-Alola, F|
|poke|p1|Klefki, M|
|poke|p1|Latias, F|
|poke|p1|Maushold-Four|
|poke|p1|Ogerpon-Wellspring, F|
|poke|p1|Necrozma|
|poke|p2|Dragapult, M|
|poke|p2|Excadrill, M|
|poke|p2|Tyranitar, M|
|poke|p2|Slowking-Galar, M|
|poke|p2|Rotom-Wash|
|poke|p2|Iron Valiant|
|teampreview
|inactive|Battle timer is ON: inactive players will automatically lose when time's up. (requested by universe mon)
|
|t:|1760375218
|teamsize|p1|6
|teamsize|p2|6
|start
|switch|p1a: Klefki|Klefki, M|100/100
|switch|p2a: Phantom|Rotom-Wash, shiny|100/100
|turn|1
|
|t:|1760375221
|move|p1a: Klefki|Light Screen|p1a: Klefki
|-sidestart|p1: universe mon|move: Light Screen
|move|p2a: Phantom|Trick|p1a: Klefki
|-activate|p2a: Phantom|move: Trick|[of] p1a: Klefki
|-item|p1a: Klefki|Choice Scarf|[from] move: Trick
|-item|p2a: Phantom|Light Clay|[from] move: Trick
|
|upkeep
|turn|2
|
|t:|1760375225
|move|p1a: Klefki|Reflect|p1a: Klefki
|-sidestart|p1: universe mon|Reflect
|move|p2a: Phantom|Volt Switch|p1a: Klefki
|-crit|p1a: Klefki
|-damage|p1a: Klefki|44/100
|
|t:|1760375231
|switch|p2a: Sahara|Iron Valiant, shiny|100/100|[from] Volt Switch
|
|upkeep
|turn|3
|
|t:|1760375235
|switch|p1a: Latias|Latias, F|100/100
|-terastallize|p2a: Sahara|Fairy
|move|p2a: Sahara|Moonblast|p1a: Latias
|-supereffective|p1a: Latias
|-damage|p1a: Latias|12/100
|-enditem|p1a: Latias|Weakness Policy
|-boost|p1a: Latias|atk|2|[from] item: Weakness Policy
|-boost|p1a: Latias|spa|2|[from] item: Weakness Policy
|
|upkeep
|turn|4
|
|t:|1760375239
|switch|p1a: Klefki|Klefki, M|44/100
|move|p2a: Sahara|Moonblast|p1a: Klefki
|-resisted|p1a: Klefki
|-damage|p1a: Klefki|20/100
|
|upkeep
|turn|5
|
|t:|1760375242
|-end|p2a: Sahara|Quark Drive|[silent]
|switch|p2a: Impaler|Excadrill, M, shiny|100/100
|move|p1a: Klefki|Thunder Wave|p2a: Impaler
|-immune|p2a: Impaler
|
|upkeep
|turn|6
|
|t:|1760375246
|switch|p1a: Ninetales|Ninetales-Alola, F|100/100
|-weather|Snowscape|[from] ability: Snow Warning|[of] p1a: Ninetales
|switch|p2a: Sahara|Iron Valiant, shiny, tera:Fairy|100/100
|
|-weather|Snowscape|[upkeep]
|-sideend|p1: universe mon|Reflect
|upkeep
|turn|7
|
|t:|1760375251
|switch|p1a: Klefki|Klefki, M|20/100
|move|p2a: Sahara|Moonblast|p1a: Klefki
|-resisted|p1a: Klefki
|-damage|p1a: Klefki|0 fnt
|faint|p1a: Klefki
|
|-weather|Snowscape|[upkeep]
|upkeep
|
|t:|1760375253
|switch|p1a: Ninetales|Ninetales-Alola, F|100/100
|turn|8
|
|t:|1760375255
|move|p2a: Sahara|Moonblast|p1a: Ninetales
|-damage|p1a: Ninetales|49/100
|move|p1a: Ninetales|Aurora Veil|p1a: Ninetales
|-sidestart|p1: universe mon|move: Aurora Veil
|
|-weather|Snowscape|[upkeep]
|-sideend|p1: universe mon|move: Light Screen
|upkeep
|turn|9
|
|t:|1760375259
|move|p2a: Sahara|Moonblast|p1a: Ninetales
|-damage|p1a: Ninetales|0 fnt
|faint|p1a: Ninetales
|
|-weather|Snowscape|[upkeep]
|upkeep
|
|t:|1760375263
|switch|p1a: Necrozma|Necrozma|100/100
|turn|10
|
|t:|1760375267
|-end|p2a: Sahara|Quark Drive|[silent]
|switch|p2a: Rex|Tyranitar, M, shiny|100/100
|-weather|Sandstorm|[from] ability: Sand Stream|[of] p2a: Rex
|move|p1a: Necrozma|Dragon Dance|p1a: Necrozma
|-boost|p1a: Necrozma|atk|1
|-boost|p1a: Necrozma|spe|1
|
|-weather|Sandstorm|[upkeep]
|-damage|p1a: Necrozma|95/100|[from] Sandstorm
|-heal|p1a: Necrozma|100/100|[from] item: Leftovers
|upkeep
|turn|11
|
|t:|1760375273
|-terastallize|p1a: Necrozma|Fighting
|move|p1a: Necrozma|Dragon Dance|p1a: Necrozma
|-boost|p1a: Necrozma|atk|1
|-boost|p1a: Necrozma|spe|1
|move|p2a: Rex|Knock Off|p1a: Necrozma
|-resisted|p1a: Necrozma
|-crit|p1a: Necrozma
|-damage|p1a: Necrozma|59/100
|-enditem|p1a: Necrozma|Leftovers|[from] move: Knock Off|[of] p2a: Rex
|
|-weather|Sandstorm|[upkeep]
|-damage|p1a: Necrozma|53/100|[from] Sandstorm
|upkeep
|turn|12
|
|t:|1760375281
|move|p1a: Necrozma|Dragon Dance|p1a: Necrozma
|-boost|p1a: Necrozma|atk|1
|-boost|p1a: Necrozma|spe|1
|move|p2a: Rex|Ice Punch|p1a: Necrozma
|-damage|p1a: Necrozma|39/100
|-status|p1a: Necrozma|frz
|
|-weather|Sandstorm|[upkeep]
|-damage|p1a: Necrozma|33/100 frz|[from] Sandstorm
|upkeep
|turn|13
|
|t:|1760375285
|switch|p2a: Mantra|Slowking-Galar, M, shiny|100/100
|cant|p1a: Necrozma|frz
|
|-weather|Sandstorm|[upkeep]
|-damage|p1a: Necrozma|27/100 frz|[from] Sandstorm
|-damage|p2a: Mantra|94/100|[from] Sandstorm
|upkeep
|turn|14
|
|t:|1760375289
|cant|p1a: Necrozma|frz
|move|p2a: Mantra|Psychic Noise|p1a: Necrozma
|-supereffective|p1a: Necrozma
|-crit|p1a: Necrozma
|-damage|p1a: Necrozma|0 fnt
|faint|p1a: Necrozma
|
|-weather|Sandstorm|[upkeep]
|-damage|p2a: Mantra|88/100|[from] Sandstorm
|upkeep
|
|t:|1760375306
|switch|p1a: Maushold|Maushold-Four|100/100
|turn|15
|
|t:|1760375309
|move|p1a: Maushold|Tidy Up|p1a: Maushold
|-boost|p1a: Maushold|atk|1
|-boost|p1a: Maushold|spe|1
|move|p2a: Mantra|Sludge Bomb|p1a: Maushold
|-damage|p1a: Maushold|76/100
|-status|p1a: Maushold|psn
|
|-weather|Sandstorm|[upkeep]
|-damage|p1a: Maushold|70/100 psn|[from] Sandstorm
|-damage|p2a: Mantra|82/100|[from] Sandstorm
|-damage|p1a: Maushold|57/100 psn|[from] psn
|-sideend|p1: universe mon|move: Aurora Veil
|upkeep
|turn|16
|
|t:|1760375313
|move|p1a: Maushold|Population Bomb|p2a: Mantra
|-damage|p2a: Mantra|68/100
|-damage|p2a: Mantra|55/100
|-damage|p2a: Mantra|42/100
|-damage|p2a: Mantra|30/100
|-damage|p2a: Mantra|16/100
|-damage|p2a: Mantra|2/100
|-damage|p2a: Mantra|0 fnt
|faint|p2a: Mantra
|-hitcount|p2: Mantra|7
|
|-weather|Sandstorm|[upkeep]
|-damage|p1a: Maushold|51/100 psn|[from] Sandstorm
|-damage|p1a: Maushold|39/100 psn|[from] psn
|upkeep
|
|t:|1760375316
|switch|p2a: Sahara|Iron Valiant, shiny, tera:Fairy|100/100
|turn|17
|
|t:|1760375318
|move|p2a: Sahara|Vacuum Wave|p1a: Maushold
|-supereffective|p1a: Maushold
|-damage|p1a: Maushold|0 fnt
|faint|p1a: Maushold
|
|-weather|none
|upkeep
|
|t:|1760375320
|switch|p1a: Ogerpon|Ogerpon-Wellspring, F|100/100
|turn|18
|
|t:|1760375324
|-end|p2a: Sahara|Quark Drive|[silent]
|switch|p2a: Phantom|Rotom-Wash, shiny|100/100
|move|p1a: Ogerpon|Trailblaze|p2a: Phantom
|-supereffective|p2a: Phantom
|-damage|p2a: Phantom|11/100
|-boost|p1a: Ogerpon|spe|1
|
|upkeep
|turn|19
|
|t:|1760375326
|move|p1a: Ogerpon|Trailblaze|p2a: Phantom
|-supereffective|p2a: Phantom
|-damage|p2a: Phantom|0 fnt
|-boost|p1a: Ogerpon|spe|1
|faint|p2a: Phantom
|
|upkeep
|
|t:|1760375329
|switch|p2a: Leviathan|Dragapult, M, shiny|100/100
|turn|20
|
|t:|1760375330
|move|p1a: Ogerpon|Swords Dance|p1a: Ogerpon
|-boost|p1a: Ogerpon|atk|2
|move|p2a: Leviathan|U-turn|p1a: Ogerpon
|-supereffective|p1a: Ogerpon
|-crit|p1a: Ogerpon
|-damage|p1a: Ogerpon|0 fnt
|faint|p1a: Ogerpon
|
|t:|1760375333
|switch|p2a: Sahara|Iron Valiant, shiny, tera:Fairy|100/100|[from] U-turn
|
|upkeep
|c|☆henry151th|Crit did not  matter
|inactive|universe mon has 120 seconds left.
|c|☆henry151th|Can bro click any slower gosh
|inactive|universe mon has 90 seconds left.
|inactive|universe mon has 60 seconds left.
|inactive|universe mon has 30 seconds left.
|inactive|universe mon has 20 seconds left.
|inactive|universe mon has 15 seconds left.
|inactive|universe mon has 10 seconds left.
|inactive|universe mon has 5 seconds left.
|
|t:|1760375479
|switch|p1a: Latias|Latias, F|12/100
|turn|21
|inactive|universe mon has 25 seconds left this turn.
|inactive|universe mon has 20 seconds left.
|inactive|universe mon has 15 seconds left.
|c|☆henry151th|Oh u wanna be annoying?
|inactive|universe mon has 10 seconds left.
|c|☆henry151th|We can be annoying kiddo
|inactive|universe mon has 5 seconds left.
|-message|universe mon lost due to inactivity.
|
|win|henry151th
|raw|universe mon's rating: 1770 &rarr; <strong>1748</strong><br />(-22 for losing)
|raw|henry151th's rating: 1731 &rarr; <strong>1753</strong><br />(+22 for winning)
|l|‽universe mon
|player|p1|
