|j|☆AAA grade effort
|j|☆jietouxiaoyu
|t:|1760338374
|gametype|singles
|player|p1|AAA grade effort|twins|1353
|player|p2|jietouxiaoyu|101|1363
|gen|9
|tier|[Gen 9] OU
|rated|
|rule|HP Percentage Mod: HP is shown in percentages
|rule|Endless Battle Clause: Forcing endless battles is banned
|rule|Species Clause: Limit one of each Pokémon
|rule|OHKO Clause: OHKO moves are banned
|rule|Evasion Items Clause: Evasion items are banned
|rule|Evasion Moves Clause: Evasion moves are banned
|rule|Evasion Abilities Clause: Evasion abilities are banned
|rule|Sleep Moves Clause: Sleep-inducing moves are banned
|clearpoke
|poke|p1|Gholdengo|
|poke|p1|Dragonite, F|
|poke|p1|Araquanid, F|
|poke|p1|Enamorus, F|
|poke|p1|Great Tusk|
|poke|p1|Honchkrow, M|
|poke|p2|Dragonite, M|
|poke|p2|Gholdengo|
|poke|p2|Great Tusk|
|poke|p2|Kingambit, F|
|poke|p2|Ogerpon-Wellspring, F|
|poke|p2|Zamazenta-*|
|teampreview
|inactive|Battle timer is ON: inactive players will automatically lose when time's up. (requested by jietouxiaoyu)
|
|t:|1760338382
|teamsize|p1|6
|teamsize|p2|6
|start
|switch|p1a: Araquanid|Araquanid, F|100/100
|switch|p2a: Great Tusk|Great Tusk, shiny|100/100
|turn|1
|
|t:|1760338387
|move|p2a: Great Tusk|Stealth Rock|p1a: Araquanid
|-sidestart|p1: AAA grade effort|move: Stealth Rock
|move|p1a: Araquanid|Sticky Web|p2a: Great Tusk
|-sidestart|p2: jietouxiaoyu|move: Sticky Web
|
|upkeep
|turn|2
|
|t:|1760338391
|switch|p1a: Gholdengo|Gholdengo|100/100
|-damage|p1a: Gholdengo|94/100|[from] Stealth Rock
|-item|p1a: Gholdengo|Air Balloon
|move|p2a: Great Tusk|Rapid Spin|p1a: Gholdengo
|-immune|p1a: Gholdengo
|
|upkeep
|turn|3
|
|t:|1760338406
|move|p2a: Great Tusk|Ice Spinner|p1a: Gholdengo
|-resisted|p1a: Gholdengo
|-damage|p1a: Gholdengo|78/100
|-enditem|p1a: Gholdengo|Air Balloon
|move|p1a: Gholdengo|Dazzling Gleam|p2a: Great Tusk
|-supereffective|p2a: Great Tusk
|-damage|p2a: Great Tusk|9/100
|
|upkeep
|turn|4
|
|t:|1760338414
|move|p2a: Great Tusk|Rapid Spin|p1a: Gholdengo
|-immune|p1a: Gholdengo
|move|p1a: Gholdengo|Dazzling Gleam|p2a: Great Tusk
|-supereffective|p2a: Great Tusk
|-damage|p2a: Great Tusk|0 fnt
|faint|p2a: Great Tusk
|-end|p2a: Great Tusk|Protosynthesis|[silent]
|
|upkeep
|
|t:|1760338422
|switch|p2a: Gholdengo|Gholdengo|100/100
|-item|p2a: Gholdengo|Air Balloon
|turn|5
|
|t:|1760338426
|move|p1a: Gholdengo|Shadow Ball|p2a: Gholdengo
|-supereffective|p2a: Gholdengo
|-damage|p2a: Gholdengo|16/100
|-enditem|p2a: Gholdengo|Air Balloon
|move|p2a: Gholdengo|Nasty Plot|p2a: Gholdengo
|-boost|p2a: Gholdengo|spa|2
|
|upkeep
|turn|6
|
|t:|1760338433
|move|p1a: Gholdengo|Shadow Ball|p2a: Gholdengo
|-supereffective|p2a: Gholdengo
|-damage|p2a: Gholdengo|0 fnt
|faint|p2a: Gholdengo
|
|upkeep
|
|t:|1760338438
|switch|p2a: Dragonite|Dragonite, M, shiny|100/100
|turn|7
|
|t:|1760338446
|move|p1a: Gholdengo|Make It Rain|p2a: Dragonite
|-damage|p2a: Dragonite|66/100
|-unboost|p1a: Gholdengo|spa|1
|move|p2a: Dragonite|Dragon Dance|p2a: Dragonite
|-boost|p2a: Dragonite|atk|1
|-boost|p2a: Dragonite|spe|1
|
|upkeep
|turn|8
|
|t:|1760338458
|move|p2a: Dragonite|Earthquake|p1a: Gholdengo
|-supereffective|p1a: Gholdengo
|-damage|p1a: Gholdengo|0 fnt
|faint|p1a: Gholdengo
|
|upkeep
|
|t:|1760338464
|switch|p1a: Great Tusk|Great Tusk|100/100
|-damage|p1a: Great Tusk|98/100|[from] Stealth Rock
|-enditem|p1a: Great Tusk|Booster Energy
|-activate|p1a: Great Tusk|ability: Protosynthesis|[fromitem]
|-start|p1a: Great Tusk|protosynthesisatk
|turn|9
|
|t:|1760338475
|-terastallize|p2a: Dragonite|Normal
|move|p2a: Dragonite|Ice Spinner|p1a: Great Tusk
|-supereffective|p1a: Great Tusk
|-damage|p1a: Great Tusk|24/100
|move|p1a: Great Tusk|Ice Spinner|p2a: Dragonite
|-damage|p2a: Dragonite|24/100
|
|upkeep
|turn|10
|
|t:|1760338483
|move|p2a: Dragonite|Ice Spinner|p1a: Great Tusk
|-supereffective|p1a: Great Tusk
|-damage|p1a: Great Tusk|0 fnt
|faint|p1a: Great Tusk
|-end|p1a: Great Tusk|Protosynthesis|[silent]
|
|upkeep
|
|t:|1760338494
|switch|p1a: Dragonite|Dragonite, F|100/100
|-damage|p1a: Dragonite|76/100|[from] Stealth Rock
|turn|11
|
|t:|1760338503
|move|p2a: Dragonite|Extreme Speed|p1a: Dragonite
|-damage|p1a: Dragonite|0 fnt
|faint|p1a: Dragonite
|
|upkeep
|
|t:|1760338506
|switch|p1a: Honchkrow|Honchkrow, M|100/100
|-damage|p1a: Honchkrow|76/100|[from] Stealth Rock
|turn|12
|
|t:|1760338510
|move|p1a: Honchkrow|Sucker Punch|p2a: Dragonite
|-damage|p2a: Dragonite|0 fnt
|faint|p2a: Dragonite
|-ability|p1a: Honchkrow|Moxie|boost
|-boost|p1a: Honchkrow|atk|1
|-damage|p1a: Honchkrow|66/100|[from] item: Life Orb
|
|upkeep
|
|t:|1760338517
|switch|p2a: Zamazenta|Zamazenta, shiny|100/100
|-activate|p2a: Zamazenta|move: Sticky Web
|-unboost|p2a: Zamazenta|spe|1
|-ability|p2a: Zamazenta|Dauntless Shield|boost
|-boost|p2a: Zamazenta|def|1
|turn|13
|
|t:|1760338522
|move|p2a: Zamazenta|Iron Defense|p2a: Zamazenta
|-boost|p2a: Zamazenta|def|2
|move|p1a: Honchkrow|Drill Peck|p2a: Zamazenta
|-supereffective|p2a: Zamazenta
|-damage|p2a: Zamazenta|46/100
|-damage|p1a: Honchkrow|56/100|[from] item: Life Orb
|
|-heal|p2a: Zamazenta|52/100|[from] item: Leftovers
|upkeep
|turn|14
|
|t:|1760338531
|move|p2a: Zamazenta|Body Press|p1a: Honchkrow
|-damage|p1a: Honchkrow|0 fnt
|faint|p1a: Honchkrow
|
|-heal|p2a: Zamazenta|58/100|[from] item: Leftovers
|upkeep
|
|t:|1760338533
|switch|p1a: Enamorus|Enamorus, F|100/100
|-damage|p1a: Enamorus|76/100|[from] Stealth Rock
|turn|15
|
|t:|1760338542
|move|p1a: Enamorus|Moonblast|p2a: Zamazenta
|-supereffective|p2a: Zamazenta
|-damage|p2a: Zamazenta|0 fnt
|faint|p2a: Zamazenta
|
|upkeep
|
|t:|1760338547
|switch|p2a: Kingambit|Kingambit, F, shiny|100/100
|-activate|p2a: Kingambit|move: Sticky Web
|-unboost|p2a: Kingambit|spe|1
|-activate|p2a: Kingambit|ability: Supreme Overlord
|-start|p2a: Kingambit|fallen4|[silent]
|turn|16
|
|t:|1760338553
|move|p1a: Enamorus|Superpower|p2a: Kingambit
|-supereffective|p2a: Kingambit
|-damage|p2a: Kingambit|0 fnt
|-boost|p1a: Enamorus|atk|1
|-boost|p1a: Enamorus|def|1
|faint|p2a: Kingambit
|-end|p2a: Kingambit|fallen4|[silent]
|
|upkeep
|-message|jietouxiaoyu forfeited.
|
|win|AAA grade effort
|raw|AAA grade effort's rating: 1353 &rarr; <strong>1374</strong><br />(+21 for winning)
|raw|jietouxiaoyu's rating: 1363 &rarr; <strong>1342</strong><br />(-21 for losing)
|l|☆jietouxiaoyu
|player|p2|
|l|☆AAA grade effort
|player|p1|
