|j|☆Swagataka
|j|☆koroyev1
|t:|1760451478
|gametype|singles
|player|p1|Swagataka|byron|1627
|player|p2|koroyev1|roxanne|1561
|gen|9
|tier|[Gen 9] OU
|rated|
|rule|HP Percentage Mod: HP is shown in percentages
|rule|Endless Battle Clause: Forcing endless battles is banned
|rule|Species Clause: Limit one of each Pokémon
|rule|OHKO Clause: OHKO moves are banned
|rule|Evasion Items Clause: Evasion items are banned
|rule|Evasion Moves Clause: Evasion moves are banned
|rule|Evasion Abilities Clause: Evasion abilities are banned
|rule|Sleep Moves Clause: Sleep-inducing moves are banned
|clearpoke
|poke|p1|Pecharunt|
|poke|p1|Great Tusk|
|poke|p1|Iron Crown|
|poke|p1|Lokix, M|
|poke|p1|Kingambit, F|
|poke|p1|Crabominable, F|
|poke|p2|Landorus-Therian, M|
|poke|p2|Corviknight, M|
|poke|p2|Zoroark-Hisui, F|
|poke|p2|Raging Bolt|
|poke|p2|Pecharunt|
|poke|p2|Samurott-Hisui, M|
|teampreview
|
|t:|1760451490
|teamsize|p1|6
|teamsize|p2|6
|start
|switch|p1a: Crabominable|Crabominable, F|100/100
|switch|p2a: Ravana|Landorus-Therian, M|100/100
|-ability|p2a: Ravana|Intimidate|boost
|-unboost|p1a: Crabominable|atk|1
|turn|1
|inactive|Battle timer is ON: inactive players will automatically lose when time's up. (requested by koroyev1)
|
|t:|1760451496
|move|p2a: Ravana|U-turn|p1a: Crabominable
|-resisted|p1a: Crabominable
|-crit|p1a: Crabominable
|-damage|p1a: Crabominable|77/100
|
|t:|1760451498
|switch|p2a: Halāhala|Pecharunt|100/100|[from] U-turn
|move|p1a: Crabominable|Ice Hammer|p2a: Halāhala
|-damage|p2a: Halāhala|76/100
|-unboost|p1a: Crabominable|spe|1
|
|upkeep
|turn|2
|
|t:|1760451506
|switch|p1a: Kingambit|Kingambit, F|100/100
|-item|p1a: Kingambit|Air Balloon
|move|p2a: Halāhala|Shadow Ball|p1a: Kingambit
|-resisted|p1a: Kingambit
|-damage|p1a: Kingambit|88/100
|-unboost|p1a: Kingambit|spd|1
|-ability|p1a: Kingambit|Defiant|boost
|-boost|p1a: Kingambit|atk|2
|-enditem|p1a: Kingambit|Air Balloon
|
|upkeep
|turn|3
|
|t:|1760451523
|switch|p2a: Ravana|Landorus-Therian, M|100/100
|-ability|p2a: Ravana|Intimidate|boost
|-unboost|p1a: Kingambit|atk|1
|-ability|p1a: Kingambit|Defiant|boost
|-boost|p1a: Kingambit|atk|2
|move|p1a: Kingambit|Thief|p2a: Ravana
|-damage|p2a: Ravana|0 fnt
|-enditem|p2a: Ravana|Choice Scarf|[silent]|[from] move: Thief|[of] p1a: Kingambit
|-item|p1a: Kingambit|Choice Scarf|[from] move: Thief|[of] p2a: Ravana
|faint|p2a: Ravana
|
|upkeep
|
|t:|1760451526
|switch|p2a: Garuda|Corviknight, M|100/100
|turn|4
|
|t:|1760451536
|move|p2a: Garuda|Low Kick|p1a: Kingambit
|-supereffective|p1a: Kingambit
|-damage|p1a: Kingambit|0 fnt
|faint|p1a: Kingambit
|
|upkeep
|
|t:|1760451546
|switch|p1a: Lokix|Lokix, M|100/100
|turn|5
|
|t:|1760451550
|switch|p2a: Halāhala|Pecharunt|76/100
|move|p1a: Lokix|First Impression|p2a: Halāhala
|-resisted|p2a: Halāhala
|-damage|p2a: Halāhala|63/100
|-damage|p1a: Lokix|84/100|[from] item: Rocky Helmet|[of] p2a: Halāhala
|-damage|p1a: Lokix|74/100|[from] item: Life Orb
|
|upkeep
|turn|6
|
|t:|1760451555
|move|p1a: Lokix|Swords Dance|p1a: Lokix
|-boost|p1a: Lokix|atk|2
|move|p2a: Halāhala|Recover|p2a: Halāhala
|-heal|p2a: Halāhala|100/100
|
|upkeep
|turn|7
|
|t:|1760451557
|move|p1a: Lokix|Sucker Punch|p2a: Halāhala
|-supereffective|p2a: Halāhala
|-damage|p2a: Halāhala|20/100
|-damage|p1a: Lokix|57/100|[from] item: Rocky Helmet|[of] p2a: Halāhala
|-damage|p1a: Lokix|47/100|[from] item: Life Orb
|move|p2a: Halāhala|Malignant Chain|p1a: Lokix
|-damage|p1a: Lokix|0 fnt
|faint|p1a: Lokix
|
|upkeep
|
|t:|1760451560
|switch|p1a: Iron Crown|Iron Crown|100/100
|turn|8
|
|t:|1760451572
|move|p1a: Iron Crown|Volt Switch|p2a: Halāhala
|-damage|p2a: Halāhala|0 fnt
|faint|p2a: Halāhala
|
|t:|1760451576
|-end|p1a: Iron Crown|Quark Drive|[silent]
|switch|p1a: Crabominable|Crabominable, F|77/100|[from] Volt Switch
|
|upkeep
|
|t:|1760451588
|switch|p2a: Indra|Raging Bolt|100/100
|turn|9
|
|t:|1760451595
|switch|p1a: Iron Crown|Iron Crown|100/100
|move|p2a: Indra|Draco Meteor|p1a: Iron Crown
|-resisted|p1a: Iron Crown
|-damage|p1a: Iron Crown|51/100
|-unboost|p2a: Indra|spa|2
|
|upkeep
|turn|10
|
|t:|1760451602
|-end|p2a: Indra|Protosynthesis|[silent]
|switch|p2a: Garuda|Corviknight, M|100/100
|-ability|p2a: Garuda|Unnerve
|move|p1a: Iron Crown|Volt Switch|p2a: Garuda
|-supereffective|p2a: Garuda
|-damage|p2a: Garuda|51/100
|
|t:|1760451605
|-end|p1a: Iron Crown|Quark Drive|[silent]
|switch|p1a: Crabominable|Crabominable, F|77/100|[from] Volt Switch
|
|-heal|p2a: Garuda|58/100|[from] item: Leftovers
|upkeep
|turn|11
|
|t:|1760451609
|-singleturn|p1a: Crabominable|move: Focus Punch
|move|p2a: Garuda|Brave Bird|p1a: Crabominable
|-supereffective|p1a: Crabominable
|-damage|p1a: Crabominable|2/100
|-damage|p2a: Garuda|33/100|[from] Recoil
|cant|p1a: Crabominable|Focus Punch|Focus Punch
|
|-heal|p2a: Garuda|39/100|[from] item: Leftovers
|upkeep
|turn|12
|
|t:|1760451615
|move|p2a: Garuda|Brave Bird|p1a: Crabominable
|-supereffective|p1a: Crabominable
|-damage|p1a: Crabominable|0 fnt
|faint|p1a: Crabominable
|-damage|p2a: Garuda|39/100|[from] Recoil
|
|-heal|p2a: Garuda|45/100|[from] item: Leftovers
|upkeep
|
|t:|1760451618
|switch|p1a: Iron Crown|Iron Crown|51/100
|turn|13
|
|t:|1760451627
|move|p1a: Iron Crown|Volt Switch|p2a: Garuda
|-supereffective|p2a: Garuda
|-damage|p2a: Garuda|0 fnt
|faint|p2a: Garuda
|
|t:|1760451637
|-end|p1a: Iron Crown|Quark Drive|[silent]
|switch|p1a: Great Tusk|Great Tusk|100/100|[from] Volt Switch
|
|upkeep
|
|t:|1760451640
|switch|p2a: Indra|Raging Bolt|100/100
|turn|14
|
|t:|1760451652
|-end|p1a: Great Tusk|Protosynthesis|[silent]
|switch|p1a: Iron Crown|Iron Crown|51/100
|-terastallize|p2a: Indra|Dragon
|move|p2a: Indra|Draco Meteor|p1a: Iron Crown
|-resisted|p1a: Iron Crown
|-damage|p1a: Iron Crown|0 fnt
|-unboost|p2a: Indra|spa|2
|faint|p1a: Iron Crown
|-end|p1a: Iron Crown|Quark Drive|[silent]
|
|upkeep
|
|t:|1760451655
|switch|p1a: Great Tusk|Great Tusk|100/100
|turn|15
|
|t:|1760451658
|move|p1a: Great Tusk|Ice Spinner|p2a: Indra
|-supereffective|p2a: Indra
|-damage|p2a: Indra|49/100
|move|p2a: Indra|Draco Meteor|p1a: Great Tusk
|-damage|p1a: Great Tusk|2/100
|-unboost|p2a: Indra|spa|2
|
|upkeep
|turn|16
|
|t:|1760451663
|move|p1a: Great Tusk|Headlong Rush|p2a: Indra
|-damage|p2a: Indra|0 fnt
|-unboost|p1a: Great Tusk|def|1
|-unboost|p1a: Great Tusk|spd|1
|faint|p2a: Indra
|-end|p2a: Indra|Protosynthesis|[silent]
|
|upkeep
|
|t:|1760451666
|switch|p2a: Mangala|Samurott-Hisui, M|100/100
|turn|17
|
|t:|1760451670
|move|p2a: Mangala|Sucker Punch|p1a: Great Tusk
|-resisted|p1a: Great Tusk
|-damage|p1a: Great Tusk|0 fnt
|faint|p1a: Great Tusk
|-end|p1a: Great Tusk|Protosynthesis|[silent]
|
|upkeep
|
|t:|1760451672
|switch|p1a: Pecharunt|Pecharunt|100/100
|turn|18
|
|t:|1760451675
|move|p2a: Mangala|Ceaseless Edge|p1a: Pecharunt
|-supereffective|p1a: Pecharunt
|-damage|p1a: Pecharunt|56/100
|-sidestart|p1: Swagataka|Spikes
|move|p1a: Pecharunt|Toxic|p2a: Mangala
|-status|p2a: Mangala|tox
|-start|p2a: Mangala|confusion|[from] ability: Poison Puppeteer|[of] p1a: Pecharunt
|
|-damage|p2a: Mangala|94/100 tox|[from] psn
|upkeep
|turn|19
|
|t:|1760451678
|-activate|p2a: Mangala|confusion
|move|p2a: Mangala|Ceaseless Edge|p1a: Pecharunt
|-supereffective|p1a: Pecharunt
|-damage|p1a: Pecharunt|7/100
|-sidestart|p1: Swagataka|Spikes
|move|p1a: Pecharunt|Recover|p1a: Pecharunt
|-heal|p1a: Pecharunt|57/100
|
|-damage|p2a: Mangala|82/100 tox|[from] psn
|upkeep
|turn|20
|
|t:|1760451681
|-end|p2a: Mangala|confusion
|move|p2a: Mangala|Ceaseless Edge|p1a: Pecharunt|[miss]
|-miss|p2a: Mangala|p1a: Pecharunt
|move|p1a: Pecharunt|Recover|p1a: Pecharunt
|-heal|p1a: Pecharunt|100/100
|
|-damage|p2a: Mangala|63/100 tox|[from] psn
|upkeep
|turn|21
|
|t:|1760451686
|move|p2a: Mangala|Ceaseless Edge|p1a: Pecharunt
|-supereffective|p1a: Pecharunt
|-damage|p1a: Pecharunt|57/100
|-sidestart|p1: Swagataka|Spikes
|move|p1a: Pecharunt|Parting Shot|p2a: Mangala
|-unboost|p2a: Mangala|atk|1
|-unboost|p2a: Mangala|spa|1
|
|-damage|p2a: Mangala|38/100 tox|[from] psn
|upkeep
|turn|22
|
|t:|1760451690
|move|p2a: Mangala|Ceaseless Edge|p1a: Pecharunt
|-supereffective|p1a: Pecharunt
|-damage|p1a: Pecharunt|26/100
|move|p1a: Pecharunt|Recover|p1a: Pecharunt
|-heal|p1a: Pecharunt|76/100
|
|-damage|p2a: Mangala|7/100 tox|[from] psn
|upkeep
|turn|23
|
|t:|1760451692
|move|p2a: Mangala|Ceaseless Edge|p1a: Pecharunt
|-supereffective|p1a: Pecharunt
|-damage|p1a: Pecharunt|47/100
|move|p1a: Pecharunt|Recover|p1a: Pecharunt
|-heal|p1a: Pecharunt|97/100
|
|-damage|p2a: Mangala|0 fnt|[from] psn
|faint|p2a: Mangala
|upkeep
|
|t:|1760451695
|switch|p2a: Hanuman|Zoroark-Hisui, F|100/100
|turn|24
|
|t:|1760451699
|-terastallize|p1a: Pecharunt|Dark
|move|p2a: Hanuman|Poltergeist|p1a: Pecharunt
|-activate|p1a: Pecharunt|move: Poltergeist|Heavy-Duty Boots
|-resisted|p1a: Pecharunt
|-damage|p1a: Pecharunt|86/100
|move|p1a: Pecharunt|Toxic|p2a: Hanuman|[miss]
|-miss|p1a: Pecharunt|p2a: Hanuman
|
|upkeep
|turn|25
|
|t:|1760451707
|move|p2a: Hanuman|Low Kick|p1a: Pecharunt
|-supereffective|p1a: Pecharunt
|-damage|p1a: Pecharunt|80/100
|move|p1a: Pecharunt|Toxic|p2a: Hanuman
|-status|p2a: Hanuman|tox
|-start|p2a: Hanuman|confusion|[from] ability: Poison Puppeteer|[of] p1a: Pecharunt
|
|-damage|p2a: Hanuman|95/100 tox|[from] psn
|upkeep
|turn|26
|
|t:|1760451709
|-activate|p2a: Hanuman|confusion
|-damage|p2a: Hanuman|71/100 tox|[from] confusion
|move|p1a: Pecharunt|Parting Shot|p2a: Hanuman
|-unboost|p2a: Hanuman|atk|1
|-unboost|p2a: Hanuman|spa|1
|
|-damage|p2a: Hanuman|59/100 tox|[from] psn
|upkeep
|turn|27
|
|t:|1760451711
|-end|p2a: Hanuman|confusion
|move|p2a: Hanuman|Swords Dance|p2a: Hanuman
|-boost|p2a: Hanuman|atk|2
|move|p1a: Pecharunt|Parting Shot|p2a: Hanuman
|-unboost|p2a: Hanuman|atk|1
|-unboost|p2a: Hanuman|spa|1
|
|-damage|p2a: Hanuman|41/100 tox|[from] psn
|upkeep
|turn|28
|-message|koroyev1 forfeited.
|
|win|Swagataka
|raw|Swagataka's rating: 1627 &rarr; <strong>1643</strong><br />(+16 for winning)
|raw|koroyev1's rating: 1561 &rarr; <strong>1545</strong><br />(-16 for losing)
|l|☆koroyev1
|player|p2|
|l|☆Swagataka
|player|p1|
