|j|‽mo007001
|j|☆rinaa08
|t:|1760368301
|gametype|singles
|player|p1|mo007001|burglar|1155
|player|p2|rinaa08|102|1105
|gen|9
|tier|[Gen 9] OU
|rated|
|rule|HP Percentage Mod: HP is shown in percentages
|rule|Endless Battle Clause: Forcing endless battles is banned
|rule|Species Clause: Limit one of each Pokémon
|rule|OHKO Clause: OHKO moves are banned
|rule|Evasion Items Clause: Evasion items are banned
|rule|Evasion Moves Clause: Evasion moves are banned
|rule|Evasion Abilities Clause: Evasion abilities are banned
|rule|Sleep Moves Clause: Sleep-inducing moves are banned
|clearpoke
|poke|p1|Ursaluna, F|
|poke|p1|Gumshoos, M|
|poke|p1|Lokix, F|
|poke|p1|Kingambit, F|
|poke|p1|Slowking-Galar, F|
|poke|p1|Skeledirge, F|
|poke|p2|Ceruledge, M|
|poke|p2|Azumarill, M|
|poke|p2|Gholdengo|
|poke|p2|Toxapex, M|
|poke|p2|Whimsicott, M|
|poke|p2|Corviknight, F|
|teampreview
|l|‽mo007001
|player|p1|
|j|‽mo007001
|player|p1|mo007001|burglar|
|n|‽mo007001|mo007001
|
|t:|1760368341
|teamsize|p1|6
|teamsize|p2|6
|start
|switch|p1a: Gumshoos|Gumshoos, M|100/100
|switch|p2a: Whimsicott|Whimsicott, M|100/100
|turn|1
|
|t:|1760368348
|move|p2a: Whimsicott|Switcheroo|p1a: Gumshoos
|-activate|p2a: Whimsicott|move: Trick|[of] p1a: Gumshoos
|-item|p1a: Gumshoos|Black Sludge|[from] move: Switcheroo
|-item|p2a: Whimsicott|Red Card|[from] move: Switcheroo
|move|p1a: Gumshoos|Knock Off|p2a: Whimsicott
|-resisted|p2a: Whimsicott
|-damage|p2a: Whimsicott|86/100
|-enditem|p2a: Whimsicott|Red Card|[from] move: Knock Off|[of] p1a: Gumshoos
|
|-damage|p1a: Gumshoos|88/100|[from] item: Black Sludge
|upkeep
|turn|2
|
|t:|1760368364
|move|p2a: Whimsicott|Leech Seed|p1a: Gumshoos
|-start|p1a: Gumshoos|move: Leech Seed
|move|p1a: Gumshoos|Double-Edge|p2a: Whimsicott
|-damage|p2a: Whimsicott|33/100
|-damage|p1a: Gumshoos|73/100|[from] Recoil
|
|-damage|p1a: Gumshoos|61/100|[from] item: Black Sludge
|-damage|p1a: Gumshoos|48/100|[from] Leech Seed|[of] p2a: Whimsicott
|-heal|p2a: Whimsicott|47/100|[silent]
|upkeep
|turn|3
|
|t:|1760368384
|switch|p2a: Azumarill|Azumarill, M|100/100
|move|p1a: Gumshoos|Double-Edge|p2a: Azumarill
|-damage|p2a: Azumarill|0 fnt
|faint|p2a: Azumarill
|-damage|p1a: Gumshoos|13/100|[from] Recoil
|
|-damage|p1a: Gumshoos|1/100|[from] item: Black Sludge
|upkeep
|
|t:|1760368394
|switch|p2a: Toxapex|Toxapex, M|100/100
|turn|4
|
|t:|1760368399
|move|p1a: Gumshoos|Knock Off|p2a: Toxapex
|-damage|p2a: Toxapex|76/100
|-enditem|p2a: Toxapex|Leftovers|[from] move: Knock Off|[of] p1a: Gumshoos
|move|p2a: Toxapex|Toxic Spikes|p1a: Gumshoos
|-sidestart|p1: mo007001|move: Toxic Spikes
|
|-damage|p1a: Gumshoos|0 fnt|[from] item: Black Sludge
|faint|p1a: Gumshoos
|upkeep
|
|t:|1760368408
|switch|p1a: Slowking|Slowking-Galar, F|100/100
|-sideend|p1: mo007001|move: Toxic Spikes|[of] p1a: Slowking
|turn|5
|
|t:|1760368419
|switch|p2a: Gholdengo|Gholdengo|100/100
|move|p1a: Slowking|Future Sight|p2a: Gholdengo
|-start|p1a: Slowking|move: Future Sight
|
|upkeep
|turn|6
|
|t:|1760368426
|move|p2a: Gholdengo|Nasty Plot|p2a: Gholdengo
|-boost|p2a: Gholdengo|spa|2
|move|p1a: Slowking|Trick Room|p1a: Slowking
|-fieldstart|move: Trick Room|[of] p1a: Slowking
|
|upkeep
|turn|7
|
|t:|1760368438
|move|p1a: Slowking|Flamethrower|p2a: Gholdengo
|-supereffective|p2a: Gholdengo
|-damage|p2a: Gholdengo|54/100
|move|p2a: Gholdengo|Shadow Ball|p1a: Slowking
|-supereffective|p1a: Slowking
|-damage|p1a: Slowking|0 fnt
|faint|p1a: Slowking
|
|-end|p2a: Gholdengo|move: Future Sight
|-resisted|p2a: Gholdengo
|-damage|p2a: Gholdengo|31/100
|-heal|p2a: Gholdengo|37/100|[from] item: Leftovers
|upkeep
|
|t:|1760368451
|switch|p1a: Ursaluna|Ursaluna, F|100/100
|turn|8
|
|t:|1760368461
|switch|p2a: Corviknight|Corviknight, F|100/100
|-ability|p2a: Corviknight|Unnerve
|move|p1a: Ursaluna|Supercell Slam|p2a: Corviknight
|-supereffective|p2a: Corviknight
|-damage|p2a: Corviknight|60/100
|
|-heal|p2a: Corviknight|67/100|[from] item: Leftovers
|-status|p1a: Ursaluna|brn|[from] item: Flame Orb
|upkeep
|turn|9
|
|t:|1760368473
|move|p2a: Corviknight|Defog|p1a: Ursaluna
|-unboost|p1a: Ursaluna|evasion|1
|move|p1a: Ursaluna|Bulk Up|p1a: Ursaluna
|-boost|p1a: Ursaluna|atk|1
|-boost|p1a: Ursaluna|def|1
|
|-heal|p2a: Corviknight|73/100|[from] item: Leftovers
|-damage|p1a: Ursaluna|94/100 brn|[from] brn
|upkeep
|turn|10
|
|t:|1760368484
|move|p2a: Corviknight|Body Press|p1a: Ursaluna
|-supereffective|p1a: Ursaluna
|-damage|p1a: Ursaluna|71/100 brn
|move|p1a: Ursaluna|Bulk Up|p1a: Ursaluna
|-boost|p1a: Ursaluna|atk|1
|-boost|p1a: Ursaluna|def|1
|
|-heal|p2a: Corviknight|79/100|[from] item: Leftovers
|-damage|p1a: Ursaluna|65/100 brn|[from] brn
|-fieldend|move: Trick Room
|upkeep
|turn|11
|
|t:|1760368498
|move|p1a: Ursaluna|Supercell Slam|p2a: Corviknight
|-supereffective|p2a: Corviknight
|-damage|p2a: Corviknight|0 fnt
|faint|p2a: Corviknight
|
|-damage|p1a: Ursaluna|58/100 brn|[from] brn
|upkeep
|
|t:|1760368506
|switch|p2a: Whimsicott|Whimsicott, M|47/100
|turn|12
|
|t:|1760368514
|move|p2a: Whimsicott|Leech Seed|p1a: Ursaluna
|-start|p1a: Ursaluna|move: Leech Seed
|move|p1a: Ursaluna|Facade|p2a: Whimsicott
|-damage|p2a: Whimsicott|0 fnt
|faint|p2a: Whimsicott
|
|-damage|p1a: Ursaluna|52/100 brn|[from] brn
|upkeep
|
|t:|1760368521
|switch|p2a: Gholdengo|Gholdengo|37/100
|turn|13
|
|t:|1760368531
|switch|p1a: Kingambit|Kingambit, F|100/100
|-activate|p1a: Kingambit|ability: Supreme Overlord
|-start|p1a: Kingambit|fallen2|[silent]
|-item|p1a: Kingambit|Air Balloon
|move|p2a: Gholdengo|Make It Rain|p1a: Kingambit
|-resisted|p1a: Kingambit
|-damage|p1a: Kingambit|67/100
|-unboost|p2a: Gholdengo|spa|1
|-enditem|p1a: Kingambit|Air Balloon
|
|-heal|p2a: Gholdengo|43/100|[from] item: Leftovers
|upkeep
|turn|14
|
|t:|1760368545
|move|p2a: Gholdengo|Recover|p2a: Gholdengo
|-heal|p2a: Gholdengo|93/100
|move|p1a: Kingambit|Swords Dance|p1a: Kingambit
|-boost|p1a: Kingambit|atk|2
|
|-heal|p2a: Gholdengo|99/100|[from] item: Leftovers
|upkeep
|turn|15
|
|t:|1760368554
|move|p1a: Kingambit|Sucker Punch||[still]
|-fail|p1a: Kingambit
|move|p2a: Gholdengo|Nasty Plot|p2a: Gholdengo
|-boost|p2a: Gholdengo|spa|2
|
|-heal|p2a: Gholdengo|100/100|[from] item: Leftovers
|upkeep
|turn|16
|
|t:|1760368564
|move|p1a: Kingambit|Sucker Punch||[still]
|-fail|p1a: Kingambit
|move|p2a: Gholdengo|Nasty Plot|p2a: Gholdengo
|-boost|p2a: Gholdengo|spa|2
|
|upkeep
|turn|17
|
|t:|1760368576
|move|p1a: Kingambit|Sucker Punch||[still]
|-fail|p1a: Kingambit
|move|p2a: Gholdengo|Nasty Plot|p2a: Gholdengo
|-boost|p2a: Gholdengo|spa|2
|
|upkeep
|turn|18
|
|t:|1760368583
|move|p2a: Gholdengo|Nasty Plot|p2a: Gholdengo
|-boost|p2a: Gholdengo|spa|1
|move|p1a: Kingambit|Swords Dance|p1a: Kingambit
|-boost|p1a: Kingambit|atk|2
|
|upkeep
|turn|19
|
|t:|1760368593
|move|p1a: Kingambit|Sucker Punch||[still]
|-fail|p1a: Kingambit
|move|p2a: Gholdengo|Nasty Plot|p2a: Gholdengo
|-boost|p2a: Gholdengo|spa|0
|
|upkeep
|turn|20
|
|t:|1760368609
|move|p2a: Gholdengo|Nasty Plot|p2a: Gholdengo
|-boost|p2a: Gholdengo|spa|0
|move|p1a: Kingambit|Iron Head|p2a: Gholdengo
|-resisted|p2a: Gholdengo
|-damage|p2a: Gholdengo|16/100
|
|-heal|p2a: Gholdengo|22/100|[from] item: Leftovers
|upkeep
|turn|21
|
|t:|1760368619
|switch|p2a: Ceruledge|Ceruledge, M|100/100
|-item|p2a: Ceruledge|Air Balloon
|move|p1a: Kingambit|Iron Head|p2a: Ceruledge
|-resisted|p2a: Ceruledge
|-damage|p2a: Ceruledge|0 fnt
|-enditem|p2a: Ceruledge|Air Balloon
|faint|p2a: Ceruledge
|
|upkeep
|
|t:|1760368629
|switch|p2a: Gholdengo|Gholdengo|22/100
|turn|22
|
|t:|1760368632
|move|p1a: Kingambit|Sucker Punch|p2a: Gholdengo
|-supereffective|p2a: Gholdengo
|-damage|p2a: Gholdengo|0 fnt
|faint|p2a: Gholdengo
|
|upkeep
|
|t:|1760368637
|switch|p2a: Toxapex|Toxapex, M|100/100
|turn|23
|
|t:|1760368641
|move|p1a: Kingambit|Iron Head|p2a: Toxapex
|-resisted|p2a: Toxapex
|-damage|p2a: Toxapex|39/100
|move|p2a: Toxapex|Chilling Water|p1a: Kingambit
|-damage|p1a: Kingambit|56/100
|-unboost|p1a: Kingambit|atk|1
|
|upkeep
|turn|24
|
|t:|1760368650
|move|p2a: Toxapex|Baneful Bunker|p2a: Toxapex
|-singleturn|p2a: Toxapex|move: Protect
|move|p1a: Kingambit|Iron Head|p2a: Toxapex
|-activate|p2a: Toxapex|move: Protect
|
|upkeep
|turn|25
|
|t:|1760368657
|move|p1a: Kingambit|Iron Head|p2a: Toxapex
|-resisted|p2a: Toxapex
|-damage|p2a: Toxapex|0 fnt
|faint|p2a: Toxapex
|
|win|mo007001
|raw|mo007001's rating: 1155 &rarr; <strong>1176</strong><br />(+21 for winning)
|raw|rinaa08's rating: 1105 &rarr; <strong>1084</strong><br />(-21 for losing)
|l|☆rinaa08
|player|p2|
|l|‽mo007001
|player|p1|
