|j|☆NapedCrusader
|j|☆Reginald Chaos
|t:|1760403887
|gametype|singles
|player|p1|NapedCrusader|flint|1489
|player|p2|Reginald Chaos|101|1526
|gen|9
|tier|[Gen 9] OU
|rated|
|rule|HP Percentage Mod: HP is shown in percentages
|rule|Endless Battle Clause: Forcing endless battles is banned
|rule|Species Clause: Limit one of each Pokémon
|rule|OHKO Clause: OHKO moves are banned
|rule|Evasion Items Clause: Evasion items are banned
|rule|Evasion Moves Clause: Evasion moves are banned
|rule|Evasion Abilities Clause: Evasion abilities are banned
|rule|Sleep Moves Clause: Sleep-inducing moves are banned
|clearpoke
|poke|p1|Moltres|
|poke|p1|Zapdos|
|poke|p1|Articuno|
|poke|p1|Cinderace, F|
|poke|p1|Great Tusk|
|poke|p1|Kingambit, F|
|poke|p2|Araquanid, F|
|poke|p2|Gholdengo|
|poke|p2|Iron Moth|
|poke|p2|Iron Valiant|
|poke|p2|Raging Bolt|
|poke|p2|Kingambit, F|
|teampreview
|inactive|Battle timer is ON: inactive players will automatically lose when time's up. (requested by NapedCrusader)
|
|t:|1760403894
|teamsize|p1|6
|teamsize|p2|6
|start
|switch|p1a: Moltres|Moltres|100/100
|switch|p2a: Araquanid|Araquanid, F|100/100
|turn|1
|
|t:|1760403898
|move|p1a: Moltres|Air Slash|p2a: Araquanid
|-supereffective|p2a: Araquanid
|-damage|p2a: Araquanid|22/100
|cant|p2a: Araquanid|flinch
|
|upkeep
|turn|2
|-enditem|p2a: Araquanid|Custap Berry|[eat]
|-activate|p2a: Araquanid|item: Custap Berry|[consumed]
|
|t:|1760403903
|switch|p1a: Zapdos|Zapdos|100/100
|move|p2a: Araquanid|Sticky Web|p1a: Zapdos
|-sidestart|p1: NapedCrusader|move: Sticky Web
|
|upkeep
|turn|3
|
|t:|1760403907
|move|p1a: Zapdos|Volt Switch|p2a: Araquanid
|-supereffective|p2a: Araquanid
|-damage|p2a: Araquanid|0 fnt
|faint|p2a: Araquanid
|
|t:|1760403911
|switch|p1a: Cinderace|Cinderace, F|100/100|[from] Volt Switch
|
|upkeep
|
|t:|1760403917
|switch|p2a: Iron Moth|Iron Moth|100/100
|-enditem|p2a: Iron Moth|Booster Energy
|-activate|p2a: Iron Moth|ability: Quark Drive|[fromitem]
|-start|p2a: Iron Moth|quarkdrivespa
|turn|4
|
|t:|1760403920
|move|p1a: Cinderace|Court Change|p1a: Cinderace
|-start|p1a: Cinderace|typechange|Normal|[from] ability: Libero
|-swapsideconditions
|-activate|p1a: Cinderace|move: Court Change
|move|p2a: Iron Moth|Fiery Dance|p1a: Cinderace
|-damage|p1a: Cinderace|23/100
|
|upkeep
|turn|5
|
|t:|1760403927
|move|p1a: Cinderace|Pyro Ball|p2a: Iron Moth
|-resisted|p2a: Iron Moth
|-damage|p2a: Iron Moth|67/100
|move|p2a: Iron Moth|Fiery Dance|p1a: Cinderace
|-damage|p1a: Cinderace|0 fnt
|faint|p1a: Cinderace
|
|upkeep
|
|t:|1760403933
|switch|p1a: Moltres|Moltres|100/100
|turn|6
|
|t:|1760403937
|move|p2a: Iron Moth|Sludge Wave|p1a: Moltres
|-damage|p1a: Moltres|17/100
|move|p1a: Moltres|Scorching Sands|p2a: Iron Moth
|-supereffective|p2a: Iron Moth
|-damage|p2a: Iron Moth|0 fnt
|faint|p2a: Iron Moth
|-end|p2a: Iron Moth|Quark Drive|[silent]
|
|upkeep
|
|t:|1760403944
|switch|p2a: Gholdengo|Gholdengo|100/100
|-item|p2a: Gholdengo|Air Balloon
|turn|7
|
|t:|1760403949
|switch|p1a: Great Tusk|Great Tusk|100/100
|move|p2a: Gholdengo|Shadow Ball|p1a: Great Tusk
|-damage|p1a: Great Tusk|41/100
|-unboost|p1a: Great Tusk|spd|1
|
|upkeep
|turn|8
|
|t:|1760403953
|move|p1a: Great Tusk|Knock Off|p2a: Gholdengo
|-supereffective|p2a: Gholdengo
|-damage|p2a: Gholdengo|19/100
|-enditem|p2a: Gholdengo|Air Balloon
|move|p2a: Gholdengo|Shadow Ball|p1a: Great Tusk
|-damage|p1a: Great Tusk|0 fnt
|faint|p1a: Great Tusk
|-end|p1a: Great Tusk|Protosynthesis|[silent]
|
|upkeep
|
|t:|1760403957
|switch|p1a: Zapdos|Zapdos|100/100
|turn|9
|
|t:|1760403960
|move|p1a: Zapdos|Volt Switch|p2a: Gholdengo
|-damage|p2a: Gholdengo|0 fnt
|faint|p2a: Gholdengo
|
|t:|1760403964
|switch|p1a: Articuno|Articuno|100/100|[from] Volt Switch
|-ability|p1a: Articuno|Pressure
|
|upkeep
|
|t:|1760403972
|switch|p2a: Kingambit|Kingambit, F|100/100
|-activate|p2a: Kingambit|ability: Supreme Overlord
|-start|p2a: Kingambit|fallen3|[silent]
|-item|p2a: Kingambit|Air Balloon
|turn|10
|
|t:|1760403977
|-terastallize|p2a: Kingambit|Fire
|move|p1a: Articuno|U-turn|p2a: Kingambit
|-resisted|p2a: Kingambit
|-damage|p2a: Kingambit|93/100
|-enditem|p2a: Kingambit|Air Balloon
|
|t:|1760403981
|switch|p1a: Moltres|Moltres|17/100|[from] U-turn
|move|p2a: Kingambit|Iron Head|p1a: Moltres
|-resisted|p1a: Moltres
|-damage|p1a: Moltres|0 fnt
|faint|p1a: Moltres
|
|upkeep
|
|t:|1760403984
|switch|p1a: Zapdos|Zapdos|100/100
|turn|11
|
|t:|1760403988
|-end|p2a: Kingambit|fallen3|[silent]
|switch|p2a: Raging Bolt|Raging Bolt|100/100
|-activate|p2a: Raging Bolt|move: Sticky Web
|-unboost|p2a: Raging Bolt|spe|1
|-enditem|p2a: Raging Bolt|Booster Energy
|-activate|p2a: Raging Bolt|ability: Protosynthesis|[fromitem]
|-start|p2a: Raging Bolt|protosynthesisspa
|move|p1a: Zapdos|Thunderbolt|p2a: Raging Bolt
|-resisted|p2a: Raging Bolt
|-damage|p2a: Raging Bolt|88/100
|
|upkeep
|turn|12
|
|t:|1760403991
|switch|p1a: Articuno|Articuno|100/100
|-ability|p1a: Articuno|Pressure
|move|p2a: Raging Bolt|Calm Mind|p2a: Raging Bolt
|-boost|p2a: Raging Bolt|spa|1
|-boost|p2a: Raging Bolt|spd|1
|
|upkeep
|turn|13
|
|t:|1760403999
|-terastallize|p1a: Articuno|Steel
|move|p1a: Articuno|Triple Axel|p2a: Raging Bolt
|-supereffective|p2a: Raging Bolt
|-damage|p2a: Raging Bolt|73/100
|-supereffective|p2a: Raging Bolt
|-damage|p2a: Raging Bolt|42/100
|-supereffective|p2a: Raging Bolt
|-damage|p2a: Raging Bolt|0 fnt
|faint|p2a: Raging Bolt
|-end|p2a: Raging Bolt|Protosynthesis|[silent]
|-hitcount|p2: Raging Bolt|3
|
|upkeep
|
|t:|1760404005
|switch|p2a: Kingambit|Kingambit, F, tera:Fire|93/100
|-activate|p2a: Kingambit|move: Sticky Web
|-unboost|p2a: Kingambit|spe|1
|-activate|p2a: Kingambit|ability: Supreme Overlord
|-start|p2a: Kingambit|fallen4|[silent]
|turn|14
|
|t:|1760404009
|move|p1a: Articuno|Triple Axel|p2a: Kingambit
|-resisted|p2a: Kingambit
|-damage|p2a: Kingambit|90/100
|-resisted|p2a: Kingambit
|-damage|p2a: Kingambit|83/100
|-resisted|p2a: Kingambit
|-damage|p2a: Kingambit|73/100
|-hitcount|p2a: Kingambit|3
|move|p2a: Kingambit|Swords Dance|p2a: Kingambit
|-boost|p2a: Kingambit|atk|2
|
|upkeep
|turn|15
|
|t:|1760404013
|move|p1a: Articuno|Haze|p1a: Articuno
|-clearallboost
|move|p2a: Kingambit|Iron Head|p1a: Articuno
|-resisted|p1a: Articuno
|-damage|p1a: Articuno|69/100
|
|upkeep
|turn|16
|
|t:|1760404020
|move|p1a: Articuno|Triple Axel|p2a: Kingambit
|-resisted|p2a: Kingambit
|-damage|p2a: Kingambit|70/100
|-resisted|p2a: Kingambit
|-damage|p2a: Kingambit|63/100
|-resisted|p2a: Kingambit
|-damage|p2a: Kingambit|52/100
|-hitcount|p2a: Kingambit|3
|move|p2a: Kingambit|Iron Head|p1a: Articuno
|-resisted|p1a: Articuno
|-damage|p1a: Articuno|35/100
|
|upkeep
|turn|17
|
|t:|1760404027
|move|p1a: Articuno|Ice Shard|p2a: Kingambit
|-resisted|p2a: Kingambit
|-damage|p2a: Kingambit|45/100
|move|p2a: Kingambit|Iron Head|p1a: Articuno
|-resisted|p1a: Articuno
|-damage|p1a: Articuno|4/100
|
|upkeep
|turn|18
|
|t:|1760404031
|move|p1a: Articuno|Triple Axel|p2a: Kingambit
|-resisted|p2a: Kingambit
|-damage|p2a: Kingambit|42/100
|-resisted|p2a: Kingambit
|-damage|p2a: Kingambit|35/100
|-hitcount|p2a: Kingambit|2
|move|p2a: Kingambit|Iron Head|p1a: Articuno
|-resisted|p1a: Articuno
|-damage|p1a: Articuno|0 fnt
|faint|p1a: Articuno
|
|upkeep
|
|t:|1760404035
|switch|p1a: Zapdos|Zapdos|100/100
|turn|19
|
|t:|1760404038
|move|p2a: Kingambit|Sucker Punch|p1a: Zapdos
|-damage|p1a: Zapdos|33/100
|move|p1a: Zapdos|Volt Switch|p2a: Kingambit
|-damage|p2a: Kingambit|0 fnt
|faint|p2a: Kingambit
|-end|p2a: Kingambit|fallen4|[silent]
|
|t:|1760404040
|switch|p1a: Kingambit|Kingambit, F|100/100|[from] Volt Switch
|
|upkeep
|
|t:|1760404042
|switch|p2a: Iron Valiant|Iron Valiant|100/100
|-activate|p2a: Iron Valiant|move: Sticky Web
|-unboost|p2a: Iron Valiant|spe|1
|-enditem|p2a: Iron Valiant|Booster Energy
|-activate|p2a: Iron Valiant|ability: Quark Drive|[fromitem]
|-start|p2a: Iron Valiant|quarkdrivespa
|turn|20
|
|t:|1760404053
|move|p2a: Iron Valiant|Vacuum Wave|p1a: Kingambit
|-supereffective|p1a: Kingambit
|-damage|p1a: Kingambit|0 fnt
|faint|p1a: Kingambit
|
|upkeep
|
|t:|1760404055
|switch|p1a: Zapdos|Zapdos|33/100
|turn|21
|
|t:|1760404058
|move|p1a: Zapdos|Hurricane|p2a: Iron Valiant|[miss]
|-miss|p1a: Zapdos|p2a: Iron Valiant
|move|p2a: Iron Valiant|Moonblast|p1a: Zapdos
|-damage|p1a: Zapdos|0 fnt
|faint|p1a: Zapdos
|
|win|Reginald Chaos
|raw|NapedCrusader's rating: 1489 &rarr; <strong>1471</strong><br />(-18 for losing)
|raw|Reginald Chaos's rating: 1526 &rarr; <strong>1544</strong><br />(+18 for winning)
|l|☆Reginald Chaos
|player|p2|
|c|☆NapedCrusader|damnnn
|c|☆NapedCrusader|gg
|l|☆NapedCrusader
|player|p1|
