|j|☆Distra5
|j|☆Cryoxetic
|t:|1760372502
|gametype|singles
|player|p1|Distra5|backpacker|1051
|player|p2|Cryoxetic|265|1086
|gen|9
|tier|[Gen 9] OU
|rated|
|rule|HP Percentage Mod: HP is shown in percentages
|rule|Endless Battle Clause: Forcing endless battles is banned
|rule|Species Clause: Limit one of each Pokémon
|rule|OHKO Clause: OHKO moves are banned
|rule|Evasion Items Clause: Evasion items are banned
|rule|Evasion Moves Clause: Evasion moves are banned
|rule|Evasion Abilities Clause: Evasion abilities are banned
|rule|Sleep Moves Clause: Sleep-inducing moves are banned
|clearpoke
|poke|p1|Pyroar, M|
|poke|p1|Golem, F|
|poke|p1|Muk-Alola, M|
|poke|p1|Bruxish, M|
|poke|p1|Lilligant, F|
|poke|p1|Flygon, F|
|poke|p2|Mienshao, F|
|poke|p2|Samurott-Hisui, F|
|poke|p2|Iron Boulder|
|poke|p2|Kingambit, M|
|poke|p2|Latias, F|
|poke|p2|Gliscor, F|
|teampreview
|
|t:|1760372533
|teamsize|p1|6
|teamsize|p2|6
|start
|switch|p1a: Golem|Golem, F|100/100
|switch|p2a: Mienshao|Mienshao, F|100/100
|turn|1
|
|t:|1760372564
|move|p2a: Mienshao|Wide Guard|p2a: Mienshao
|-singleturn|p2a: Mienshao|Wide Guard
|move|p1a: Golem|Stone Edge|p2a: Mienshao|[miss]
|-miss|p1a: Golem|p2a: Mienshao
|
|upkeep
|turn|2
|
|t:|1760372579
|-terastallize|p1a: Golem|Rock
|move|p2a: Mienshao|Close Combat|p1a: Golem
|-supereffective|p1a: Golem
|-ability|p1a: Golem|Sturdy
|-damage|p1a: Golem|1/100
|-unboost|p2a: Mienshao|def|1
|-unboost|p2a: Mienshao|spd|1
|-damage|p2a: Mienshao|84/100|[from] item: Rocky Helmet|[of] p1a: Golem
|move|p1a: Golem|Stone Edge|p2a: Mienshao|[miss]
|-miss|p1a: Golem|p2a: Mienshao
|
|upkeep
|turn|3
|
|t:|1760372603
|move|p2a: Mienshao|Wide Guard|p2a: Mienshao
|-singleturn|p2a: Mienshao|Wide Guard
|move|p1a: Golem|Stone Edge|p2a: Mienshao
|-resisted|p2a: Mienshao
|-crit|p2a: Mienshao
|-damage|p2a: Mienshao|0 fnt
|faint|p2a: Mienshao
|
|upkeep
|
|t:|1760372613
|switch|p2a: Gliscor|Gliscor, F|100/100
|turn|4
|
|t:|1760372626
|switch|p1a: Pup|Lilligant, F|100/100
|move|p2a: Gliscor|Earthquake|p1a: Pup
|-resisted|p1a: Pup
|-damage|p1a: Pup|75/100
|
|-status|p2a: Gliscor|tox|[from] item: Toxic Orb
|upkeep
|turn|5
|
|t:|1760372636
|move|p2a: Gliscor|Dual Wingbeat|p1a: Pup
|-supereffective|p1a: Pup
|-damage|p1a: Pup|34/100
|-supereffective|p1a: Pup
|-damage|p1a: Pup|0 fnt
|faint|p1a: Pup
|-hitcount|p1: Pup|2
|
|upkeep
|inactive|Battle timer is ON: inactive players will automatically lose when time's up. (requested by Cryoxetic)
|
|t:|1760372650
|switch|p1a: Morro|Bruxish, M|100/100
|turn|6
|
|t:|1760372661
|move|p1a: Morro|Ice Fang|p2a: Gliscor
|-supereffective|p2a: Gliscor
|-damage|p2a: Gliscor|0 fnt
|faint|p2a: Gliscor
|
|upkeep
|
|t:|1760372668
|switch|p2a: Samurott|Samurott-Hisui, F|100/100
|turn|7
|
|t:|1760372675
|switch|p1a: Golem|Golem, F, tera:Rock|1/100
|move|p2a: Samurott|Ceaseless Edge|p1a: Golem|[miss]
|-miss|p2a: Samurott|p1a: Golem
|
|upkeep
|turn|8
|
|t:|1760372684
|move|p2a: Samurott|Ceaseless Edge|p1a: Golem|[miss]
|-miss|p2a: Samurott|p1a: Golem
|move|p1a: Golem|Stone Edge|p2a: Samurott
|-damage|p2a: Samurott|16/100
|
|upkeep
|turn|9
|inactive|Cryoxetic has 120 seconds left.
|
|t:|1760372738
|move|p2a: Samurott|Ceaseless Edge|p1a: Golem
|-damage|p1a: Golem|0 fnt
|-damage|p2a: Samurott|0 fnt|[from] item: Rocky Helmet|[of] p1a: Golem
|faint|p1a: Golem
|faint|p2a: Samurott
|
|upkeep
|
|t:|1760372758
|switch|p2a: Latias|Latias, F|100/100
|switch|p1a: Muk|Muk-Alola, M|100/100
|turn|10
|
|t:|1760372766
|move|p2a: Latias|Aura Sphere|p1a: Muk
|-damage|p1a: Muk|82/100
|move|p1a: Muk|Knock Off|p2a: Latias
|-supereffective|p2a: Latias
|-damage|p2a: Latias|21/100
|-enditem|p2a: Latias|Leftovers|[from] move: Knock Off|[of] p1a: Muk
|
|upkeep
|turn|11
|
|t:|1760372777
|move|p2a: Latias|Aura Sphere|p1a: Muk
|-damage|p1a: Muk|65/100
|move|p1a: Muk|Knock Off|p2a: Latias
|-supereffective|p2a: Latias
|-damage|p2a: Latias|0 fnt
|faint|p2a: Latias
|
|upkeep
|
|t:|1760372784
|switch|p2a: Iron Boulder|Iron Boulder|100/100
|-enditem|p2a: Iron Boulder|Booster Energy
|-activate|p2a: Iron Boulder|ability: Quark Drive|[fromitem]
|-start|p2a: Iron Boulder|quarkdrivespe
|turn|12
|inactive|Cryoxetic has 90 seconds left.
|
|t:|1760372823
|move|p2a: Iron Boulder|Mighty Cleave|p1a: Muk
|-damage|p1a: Muk|22/100
|move|p1a: Muk|Clear Smog|p2a: Iron Boulder
|-resisted|p2a: Iron Boulder
|-damage|p2a: Iron Boulder|95/100
|-clearboost|p2a: Iron Boulder
|
|upkeep
|turn|13
|inactive|Cryoxetic has 90 seconds left.
|
|t:|1760372834
|move|p2a: Iron Boulder|Mighty Cleave|p1a: Muk
|-damage|p1a: Muk|0 fnt
|faint|p1a: Muk
|
|upkeep
|
|t:|1760372846
|switch|p1a: Flygon|Flygon, F|100/100
|turn|14
|inactive|Cryoxetic has 90 seconds left.
|
|t:|1760372885
|move|p2a: Iron Boulder|Zen Headbutt|p1a: Flygon
|-damage|p1a: Flygon|44/100
|move|p1a: Flygon|Earthquake|p2a: Iron Boulder
|-supereffective|p2a: Iron Boulder
|-damage|p2a: Iron Boulder|0 fnt
|faint|p2a: Iron Boulder
|-end|p2a: Iron Boulder|Quark Drive|[silent]
|
|upkeep
|
|t:|1760372892
|switch|p2a: Kingambit|Kingambit, M|100/100
|-activate|p2a: Kingambit|ability: Supreme Overlord
|-start|p2a: Kingambit|fallen5|[silent]
|turn|15
|
|t:|1760372901
|move|p2a: Kingambit|Sucker Punch|p1a: Flygon
|-damage|p1a: Flygon|0 fnt
|faint|p1a: Flygon
|
|upkeep
|
|t:|1760372906
|switch|p1a: Pyroar|Pyroar, M, shiny|100/100
|turn|16
|
|t:|1760372911
|move|p1a: Pyroar|Heat Wave|p2a: Kingambit
|-supereffective|p2a: Kingambit
|-damage|p2a: Kingambit|0 fnt
|faint|p2a: Kingambit
|-end|p2a: Kingambit|fallen5|[silent]
|
|win|Distra5
|raw|Distra5's rating: 1051 &rarr; <strong>1087</strong><br />(+36 for winning)
|raw|Cryoxetic's rating: 1086 &rarr; <strong>1061</strong><br />(-25 for losing)
|l|☆Cryoxetic
|player|p2|
|l|☆Distra5
|player|p1|
