|j|☆Trump'sTopGuy
|j|☆spongeon
|t:|1760360232
|gametype|singles
|player|p1|Trump'sTopGuy|lucas|1243
|player|p2|spongeon|101|1289
|gen|9
|tier|[Gen 9] OU
|rated|
|rule|HP Percentage Mod: HP is shown in percentages
|rule|Endless Battle Clause: Forcing endless battles is banned
|rule|Species Clause: Limit one of each Pokémon
|rule|OHKO Clause: OHKO moves are banned
|rule|Evasion Items Clause: Evasion items are banned
|rule|Evasion Moves Clause: Evasion moves are banned
|rule|Evasion Abilities Clause: Evasion abilities are banned
|rule|Sleep Moves Clause: Sleep-inducing moves are banned
|clearpoke
|poke|p1|Enamorus-Therian, F|
|poke|p1|Dragapult, M|
|poke|p1|Cinderace, M|
|poke|p1|Darkrai|
|poke|p1|Ogerpon-Wellspring, F|
|poke|p1|Thundurus-Therian, M|
|poke|p2|Uxie|
|poke|p2|Walking Wake|
|poke|p2|Great Tusk|
|poke|p2|Raging Bolt|
|poke|p2|Incineroar, F|
|poke|p2|Vileplume, M|
|teampreview
|
|t:|1760360237
|teamsize|p1|6
|teamsize|p2|6
|start
|switch|p1a: Enamorus|Enamorus-Therian, F|100/100
|switch|p2a: Uxie|Uxie|100/100
|turn|1
|
|t:|1760360244
|move|p2a: Uxie|Sunny Day|p2a: Uxie
|-weather|SunnyDay
|move|p1a: Enamorus|Calm Mind|p1a: Enamorus
|-boost|p1a: Enamorus|spa|1
|-boost|p1a: Enamorus|spd|1
|
|-weather|SunnyDay|[upkeep]
|upkeep
|turn|2
|
|t:|1760360249
|move|p2a: Uxie|U-turn|p1a: Enamorus
|-resisted|p1a: Enamorus
|-damage|p1a: Enamorus|98/100
|
|t:|1760360256
|switch|p2a: Great Tusk|Great Tusk|100/100|[from] U-turn
|-activate|p2a: Great Tusk|ability: Protosynthesis
|-start|p2a: Great Tusk|protosynthesisatk
|move|p1a: Enamorus|Calm Mind|p1a: Enamorus
|-boost|p1a: Enamorus|spa|1
|-boost|p1a: Enamorus|spd|1
|
|-weather|SunnyDay|[upkeep]
|upkeep
|turn|3
|
|t:|1760360264
|move|p2a: Great Tusk|Ice Spinner|p1a: Enamorus
|-supereffective|p1a: Enamorus
|-damage|p1a: Enamorus|19/100
|move|p1a: Enamorus|Draining Kiss|p2a: Great Tusk
|-supereffective|p2a: Great Tusk
|-damage|p2a: Great Tusk|0 fnt
|-heal|p1a: Enamorus|100/100|[from] drain|[of] p2a: Great Tusk
|faint|p2a: Great Tusk
|-end|p2a: Great Tusk|Protosynthesis|[silent]
|
|-weather|SunnyDay|[upkeep]
|upkeep
|
|t:|1760360278
|switch|p2a: Raging Bolt|Raging Bolt|100/100
|-activate|p2a: Raging Bolt|ability: Protosynthesis
|-start|p2a: Raging Bolt|protosynthesisspa
|turn|4
|
|t:|1760360283
|move|p2a: Raging Bolt|Thunderbolt|p1a: Enamorus
|-supereffective|p1a: Enamorus
|-damage|p1a: Enamorus|5/100
|-damage|p2a: Raging Bolt|91/100|[from] item: Life Orb
|move|p1a: Enamorus|Draining Kiss|p2a: Raging Bolt
|-supereffective|p2a: Raging Bolt
|-damage|p2a: Raging Bolt|0 fnt
|-heal|p1a: Enamorus|100/100|[from] drain|[of] p2a: Raging Bolt
|faint|p2a: Raging Bolt
|-end|p2a: Raging Bolt|Protosynthesis|[silent]
|
|-weather|SunnyDay|[upkeep]
|upkeep
|
|t:|1760360299
|switch|p2a: Vileplume|Vileplume, M|100/100
|turn|5
|
|t:|1760360307
|move|p2a: Vileplume|Sludge Bomb|p1a: Enamorus
|-supereffective|p1a: Enamorus
|-damage|p1a: Enamorus|58/100
|move|p1a: Enamorus|Earth Power|p2a: Vileplume
|-damage|p2a: Vileplume|9/100
|
|-weather|SunnyDay|[upkeep]
|upkeep
|turn|6
|
|t:|1760360315
|move|p2a: Vileplume|Sludge Bomb|p1a: Enamorus
|-supereffective|p1a: Enamorus
|-damage|p1a: Enamorus|15/100
|-status|p1a: Enamorus|psn
|move|p1a: Enamorus|Draining Kiss|p2a: Vileplume
|-resisted|p2a: Vileplume
|-damage|p2a: Vileplume|0 fnt
|-heal|p1a: Enamorus|22/100 psn|[from] drain|[of] p2a: Vileplume
|faint|p2a: Vileplume
|
|-weather|SunnyDay|[upkeep]
|-damage|p1a: Enamorus|9/100 psn|[from] psn
|upkeep
|
|t:|1760360321
|switch|p2a: Uxie|Uxie|100/100
|turn|7
|
|t:|1760360328
|move|p2a: Uxie|U-turn|p1a: Enamorus
|-resisted|p1a: Enamorus
|-damage|p1a: Enamorus|6/100 psn
|-message|spongeon forfeited.
|
|win|Trump'sTopGuy
|raw|Trump&apos;sTopGuy's rating: 1243 &rarr; <strong>1271</strong><br />(+28 for winning)
|raw|spongeon's rating: 1289 &rarr; <strong>1261</strong><br />(-28 for losing)
|l|☆spongeon
|player|p2|
|l|☆Trump'sTopGuy
|player|p1|
