|j|☆Chizzla
|j|☆eevee1995
|t:|1760456876
|gametype|singles
|player|p1|Chizzla|101|1045
|player|p2|eevee1995|cynthia-masters|1006
|gen|9
|tier|[Gen 9] OU
|rated|
|rule|HP Percentage Mod: HP is shown in percentages
|rule|Endless Battle Clause: Forcing endless battles is banned
|rule|Species Clause: Limit one of each Pokémon
|rule|OHKO Clause: OHKO moves are banned
|rule|Evasion Items Clause: Evasion items are banned
|rule|Evasion Moves Clause: Evasion moves are banned
|rule|Evasion Abilities Clause: Evasion abilities are banned
|rule|Sleep Moves Clause: Sleep-inducing moves are banned
|clearpoke
|poke|p1|Rotom-Wash|
|poke|p1|Muk-Alola, F|
|poke|p1|Porygon-Z|
|poke|p1|Rillaboom, M|
|poke|p1|Weezing-Galar, F|
|poke|p1|Exeggutor, F|
|poke|p2|Lokix, M|
|poke|p2|Araquanid, M|
|poke|p2|Galvantula, M|
|poke|p2|Scizor, M|
|poke|p2|Yanmega, M|
|poke|p2|Forretress, F|
|teampreview
|
|t:|1760456880
|teamsize|p1|6
|teamsize|p2|6
|start
|switch|p1a: Rotom|Rotom-Wash, shiny|100/100
|switch|p2a: Peter A. Parker|Galvantula, M|100/100
|turn|1
|
|t:|1760456888
|move|p2a: Peter A. Parker|Volt Switch|p1a: Rotom
|-damage|p1a: Rotom|61/100
|
|t:|1760456891
|switch|p2a: Tickle bomb|Forretress, F, shiny|100/100|[from] Volt Switch
|move|p1a: Rotom|Confuse Ray|p2a: Tickle bomb
|-start|p2a: Tickle bomb|confusion
|
|upkeep
|turn|2
|inactive|Battle timer is ON: inactive players will automatically lose when time's up. (requested by eevee1995)
|
|t:|1760456898
|move|p1a: Rotom|Pain Split|p2a: Tickle bomb
|-sethp|p2a: Tickle bomb|76/100|[from] move: Pain Split|[silent]
|-sethp|p1a: Rotom|89/100|[from] move: Pain Split
|-activate|p2a: Tickle bomb|confusion
|move|p2a: Tickle bomb|Stealth Rock|p1a: Rotom
|-sidestart|p1: Chizzla|move: Stealth Rock
|
|-heal|p2a: Tickle bomb|82/100|[from] item: Leftovers
|upkeep
|turn|3
|
|t:|1760456906
|move|p1a: Rotom|Thunder Wave|p2a: Tickle bomb|[miss]
|-miss|p1a: Rotom|p2a: Tickle bomb
|-end|p2a: Tickle bomb|confusion
|move|p2a: Tickle bomb|Spikes|p1a: Rotom
|-sidestart|p1: Chizzla|Spikes
|
|-heal|p2a: Tickle bomb|89/100|[from] item: Leftovers
|upkeep
|turn|4
|
|t:|1760456915
|switch|p2a: Peter A. Parker|Galvantula, M|100/100
|move|p1a: Rotom|Confuse Ray|p2a: Peter A. Parker
|-start|p2a: Peter A. Parker|confusion
|
|upkeep
|turn|5
|
|t:|1760456921
|-activate|p2a: Peter A. Parker|confusion
|-damage|p2a: Peter A. Parker|87/100|[from] confusion
|move|p1a: Rotom|Volt Switch|p2a: Peter A. Parker
|-resisted|p2a: Peter A. Parker
|-damage|p2a: Peter A. Parker|62/100
|
|t:|1760456928
|switch|p1a: Weezing|Weezing-Galar, F|100/100|[from] Volt Switch
|-damage|p1a: Weezing|88/100|[from] Stealth Rock
|
|upkeep
|turn|6
|
|t:|1760456940
|-end|p2a: Peter A. Parker|confusion
|move|p2a: Peter A. Parker|Thunder|p1a: Weezing
|-damage|p1a: Weezing|0 fnt
|faint|p1a: Weezing
|
|upkeep
|c|☆Chizzla|fair
|c|☆eevee1995|very
|
|t:|1760456962
|switch|p1a: Rillaboom|Rillaboom, M|100/100
|-damage|p1a: Rillaboom|88/100|[from] Stealth Rock
|-damage|p1a: Rillaboom|76/100|[from] Spikes
|-fieldstart|move: Grassy Terrain|[from] ability: Grassy Surge|[of] p1a: Rillaboom
|turn|7
|
|t:|1760456972
|switch|p2a: Sing legato|Yanmega, M, shiny|100/100
|move|p1a: Rillaboom|Leech Seed|p2a: Sing legato|[miss]
|-miss|p1a: Rillaboom|p2a: Sing legato
|
|-heal|p1a: Rillaboom|82/100|[from] Grassy Terrain
|upkeep
|turn|8
|
|t:|1760456981
|move|p2a: Sing legato|Bug Buzz|p1a: Rillaboom
|-supereffective|p1a: Rillaboom
|-damage|p1a: Rillaboom|9/100
|-enditem|p2a: Sing legato|Throat Spray
|-boost|p2a: Sing legato|spa|1|[from] item: Throat Spray
|move|p1a: Rillaboom|Leech Seed|p2a: Sing legato
|-start|p2a: Sing legato|move: Leech Seed
|
|-heal|p1a: Rillaboom|15/100|[from] Grassy Terrain
|-damage|p2a: Sing legato|88/100|[from] Leech Seed|[of] p1a: Rillaboom
|-heal|p1a: Rillaboom|25/100|[silent]
|upkeep
|turn|9
|
|t:|1760456992
|switch|p1a: Rotom|Rotom-Wash, shiny|89/100
|move|p2a: Sing legato|Air Slash|p1a: Rotom
|-resisted|p1a: Rotom
|-damage|p1a: Rotom|39/100
|
|-damage|p2a: Sing legato|76/100|[from] Leech Seed|[of] p1a: Rotom
|-heal|p1a: Rotom|52/100|[silent]
|upkeep
|turn|10
|
|t:|1760457001
|move|p2a: Sing legato|Bug Buzz|p1a: Rotom
|-damage|p1a: Rotom|0 fnt
|faint|p1a: Rotom
|
|upkeep
|c|☆Chizzla|nah
|-message|Chizzla forfeited.
|
|win|eevee1995
|raw|Chizzla's rating: 1045 &rarr; <strong>1026</strong><br />(-19 for losing)
|raw|eevee1995's rating: 1006 &rarr; <strong>1049</strong><br />(+43 for winning)
|l|☆Chizzla
|player|p1|
