|j|☆im coral ❤
|j|☆linclown
|t:|1760332421
|gametype|singles
|player|p1|im coral ❤|lady|1610
|player|p2|linclown|miku-ghost|1532
|gen|9
|tier|[Gen 9] OU
|rated|
|rule|HP Percentage Mod: HP is shown in percentages
|rule|Endless Battle Clause: Forcing endless battles is banned
|rule|Species Clause: Limit one of each Pokémon
|rule|OHKO Clause: OHKO moves are banned
|rule|Evasion Items Clause: Evasion items are banned
|rule|Evasion Moves Clause: Evasion moves are banned
|rule|Evasion Abilities Clause: Evasion abilities are banned
|rule|Sleep Moves Clause: Sleep-inducing moves are banned
|clearpoke
|poke|p1|Zamazenta-*|
|poke|p1|Ceruledge, M|
|poke|p1|Kyurem|
|poke|p1|Iron Crown|
|poke|p1|Kingambit, M|
|poke|p1|Moltres-Galar|
|poke|p2|Mandibuzz, F|
|poke|p2|Reuniclus, M|
|poke|p2|Ogerpon-Wellspring, F|
|poke|p2|Tinkaton, F|
|poke|p2|Cinderace, M|
|poke|p2|Ursaluna, F|
|teampreview
|inactive|Battle timer is ON: inactive players will automatically lose when time's up. (requested by linclown)
|inactive|im coral ❤ has 120 seconds left.
|inactive|im coral ❤ has 90 seconds left.
|
|t:|1760332501
|teamsize|p1|6
|teamsize|p2|6
|start
|switch|p1a: Zamazenta|Zamazenta|100/100
|switch|p2a: Tinkaton|Tinkaton, F|100/100
|-ability|p1a: Zamazenta|Dauntless Shield|boost
|-boost|p1a: Zamazenta|def|1
|-ability|p2a: Tinkaton|Mold Breaker
|turn|1
|inactive|linclown has 120 seconds left.
|
|t:|1760332538
|switch|p2a: Reuniclus|Reuniclus, M|100/100
|move|p1a: Zamazenta|Body Press|p2a: Reuniclus
|-resisted|p2a: Reuniclus
|-damage|p2a: Reuniclus|70/100
|
|upkeep
|turn|2
|inactive|linclown has 120 seconds left.
|
|t:|1760332558
|move|p1a: Zamazenta|Light Screen|p1a: Zamazenta
|-sidestart|p1: im coral ❤|move: Light Screen
|move|p2a: Reuniclus|Recover|p2a: Reuniclus
|-heal|p2a: Reuniclus|100/100
|
|upkeep
|turn|3
|
|t:|1760332576
|move|p1a: Zamazenta|Reflect|p1a: Zamazenta
|-sidestart|p1: im coral ❤|Reflect
|move|p2a: Reuniclus|Psychic|p1a: Zamazenta
|-supereffective|p1a: Zamazenta
|-damage|p1a: Zamazenta|38/100
|-unboost|p1a: Zamazenta|spd|1
|
|upkeep
|turn|4
|
|t:|1760332591
|switch|p1a: Phoenix|Moltres-Galar, shiny|100/100
|switch|p2a: Ursaluna|Ursaluna, F|100/100
|
|upkeep
|turn|5
|
|t:|1760332599
|move|p1a: Phoenix|Nasty Plot|p1a: Phoenix
|-boost|p1a: Phoenix|spa|2
|move|p2a: Ursaluna|Body Slam|p1a: Phoenix
|-damage|p1a: Phoenix|82/100
|
|-heal|p1a: Phoenix|88/100|[from] item: Leftovers
|upkeep
|turn|6
|
|t:|1760332602
|move|p1a: Phoenix|Agility|p1a: Phoenix
|-boost|p1a: Phoenix|spe|2
|move|p2a: Ursaluna|Body Slam|p1a: Phoenix
|-damage|p1a: Phoenix|69/100
|
|-heal|p1a: Phoenix|75/100|[from] item: Leftovers
|upkeep
|turn|7
|
|t:|1760332605
|move|p1a: Phoenix|Fiery Wrath|p2a: Ursaluna
|-damage|p2a: Ursaluna|51/100
|move|p2a: Ursaluna|Body Slam|p1a: Phoenix
|-damage|p1a: Phoenix|56/100
|
|-heal|p1a: Phoenix|62/100|[from] item: Leftovers
|-heal|p2a: Ursaluna|58/100|[from] item: Leftovers
|upkeep
|turn|8
|
|t:|1760332611
|move|p1a: Phoenix|Fiery Wrath|p2a: Ursaluna
|-damage|p2a: Ursaluna|11/100
|move|p2a: Ursaluna|Body Slam|p1a: Phoenix
|-damage|p1a: Phoenix|43/100
|-status|p1a: Phoenix|par
|-ability|p1a: Phoenix|Berserk|boost
|-boost|p1a: Phoenix|spa|1
|
|-heal|p1a: Phoenix|49/100 par|[from] item: Leftovers
|-heal|p2a: Ursaluna|17/100|[from] item: Leftovers
|upkeep
|turn|9
|
|t:|1760332617
|move|p1a: Phoenix|Fiery Wrath|p2a: Ursaluna
|-damage|p2a: Ursaluna|0 fnt
|faint|p2a: Ursaluna
|
|-heal|p1a: Phoenix|55/100 par|[from] item: Leftovers
|-sideend|p1: im coral ❤|move: Light Screen
|upkeep
|
|t:|1760332644
|switch|p2a: Tinkaton|Tinkaton, F|100/100
|-ability|p2a: Tinkaton|Mold Breaker
|turn|10
|inactive|linclown has 120 seconds left.
|
|t:|1760332664
|move|p2a: Tinkaton|Stealth Rock|p1a: Phoenix
|-sidestart|p1: im coral ❤|move: Stealth Rock
|move|p1a: Phoenix|Agility|p1a: Phoenix
|-boost|p1a: Phoenix|spe|2
|
|-heal|p1a: Phoenix|61/100 par|[from] item: Leftovers
|-sideend|p1: im coral ❤|Reflect
|upkeep
|turn|11
|
|t:|1760332669
|cant|p1a: Phoenix|par
|move|p2a: Tinkaton|Gigaton Hammer|p1a: Phoenix
|-damage|p1a: Phoenix|17/100 par
|-ability|p1a: Phoenix|Berserk|boost
|-boost|p1a: Phoenix|spa|1
|
|-heal|p1a: Phoenix|23/100 par|[from] item: Leftovers
|upkeep
|turn|12
|
|t:|1760332681
|cant|p1a: Phoenix|par
|move|p2a: Tinkaton|Encore|p1a: Phoenix
|-start|p1a: Phoenix|Encore
|
|-heal|p1a: Phoenix|29/100 par|[from] item: Leftovers
|upkeep
|turn|13
|
|t:|1760332686
|move|p1a: Phoenix|Agility|p1a: Phoenix
|-boost|p1a: Phoenix|spe|2
|move|p2a: Tinkaton|Gigaton Hammer|p1a: Phoenix
|-damage|p1a: Phoenix|0 fnt
|faint|p1a: Phoenix
|
|upkeep
|
|t:|1760332687
|switch|p1a: Zamazenta|Zamazenta|38/100
|-damage|p1a: Zamazenta|32/100|[from] Stealth Rock
|turn|14
|
|t:|1760332700
|move|p1a: Zamazenta|Reflect|p1a: Zamazenta
|-sidestart|p1: im coral ❤|Reflect
|move|p2a: Tinkaton|Thunder Wave|p1a: Zamazenta
|-status|p1a: Zamazenta|par
|
|upkeep
|turn|15
|
|t:|1760332709
|switch|p1a: Ceruledge|Ceruledge, M|100/100
|-damage|p1a: Ceruledge|76/100|[from] Stealth Rock
|move|p2a: Tinkaton|Encore||[still]
|-fail|p2a: Tinkaton
|
|upkeep
|turn|16
|
|t:|1760332716
|switch|p2a: Mandibuzz|Mandibuzz, F|100/100
|move|p1a: Ceruledge|Bitter Blade|p2a: Mandibuzz
|-damage|p2a: Mandibuzz|75/100
|-heal|p1a: Ceruledge|92/100|[from] drain|[of] p2a: Mandibuzz
|
|upkeep
|turn|17
|
|t:|1760332724
|move|p1a: Ceruledge|Bitter Blade|p2a: Mandibuzz
|-damage|p2a: Mandibuzz|48/100
|-heal|p1a: Ceruledge|100/100|[from] drain|[of] p2a: Mandibuzz
|move|p2a: Mandibuzz|Toxic|p1a: Ceruledge
|-status|p1a: Ceruledge|tox
|
|-damage|p1a: Ceruledge|94/100 tox|[from] psn
|upkeep
|turn|18
|
|t:|1760332736
|move|p1a: Ceruledge|Swords Dance|p1a: Ceruledge
|-boost|p1a: Ceruledge|atk|2
|move|p2a: Mandibuzz|Roost|p2a: Mandibuzz
|-heal|p2a: Mandibuzz|98/100
|-singleturn|p2a: Mandibuzz|move: Roost
|
|-damage|p1a: Ceruledge|82/100 tox|[from] psn
|upkeep
|turn|19
|inactive|linclown has 120 seconds left.
|
|t:|1760332779
|move|p1a: Ceruledge|Bitter Blade|p2a: Mandibuzz
|-damage|p2a: Mandibuzz|37/100
|-heal|p1a: Ceruledge|100/100 tox|[from] drain|[of] p2a: Mandibuzz
|move|p2a: Mandibuzz|Foul Play|p1a: Ceruledge
|-supereffective|p1a: Ceruledge
|-damage|p1a: Ceruledge|0 fnt
|faint|p1a: Ceruledge
|
|upkeep
|
|t:|1760332790
|switch|p1a: Iron Crown|Iron Crown|100/100
|-damage|p1a: Iron Crown|94/100|[from] Stealth Rock
|-enditem|p1a: Iron Crown|Booster Energy
|-activate|p1a: Iron Crown|ability: Quark Drive|[fromitem]
|-start|p1a: Iron Crown|quarkdrivespe
|turn|20
|inactive|linclown has 120 seconds left.
|
|t:|1760332801
|switch|p2a: Tinkaton|Tinkaton, F|100/100
|-ability|p2a: Tinkaton|Mold Breaker
|move|p1a: Iron Crown|Calm Mind|p1a: Iron Crown
|-boost|p1a: Iron Crown|spa|1
|-boost|p1a: Iron Crown|spd|1
|
|upkeep
|turn|21
|inactive|linclown has 120 seconds left.
|
|t:|1760332808
|move|p1a: Iron Crown|Tachyon Cutter|p2a: Tinkaton
|-damage|p2a: Tinkaton|68/100
|-damage|p2a: Tinkaton|39/100
|-hitcount|p2a: Tinkaton|2
|move|p2a: Tinkaton|Thunder Wave|p1a: Iron Crown
|-status|p1a: Iron Crown|par
|
|-heal|p2a: Tinkaton|45/100|[from] item: Leftovers
|-sideend|p1: im coral ❤|Reflect
|upkeep
|turn|22
|inactive|linclown has 120 seconds left.
|
|t:|1760332824
|switch|p2a: Cinderace|Cinderace, M|100/100
|move|p1a: Iron Crown|Tachyon Cutter|p2a: Cinderace
|-resisted|p2a: Cinderace
|-crit|p2a: Cinderace
|-damage|p2a: Cinderace|61/100
|-resisted|p2a: Cinderace
|-damage|p2a: Cinderace|35/100
|-hitcount|p2a: Cinderace|2
|
|upkeep
|turn|23
|inactive|linclown has 120 seconds left.
|
|t:|1760332831
|move|p2a: Cinderace|Pyro Ball|p1a: Iron Crown
|-supereffective|p1a: Iron Crown
|-damage|p1a: Iron Crown|0 fnt
|faint|p1a: Iron Crown
|-end|p1a: Iron Crown|Quark Drive|[silent]
|
|upkeep
|
|t:|1760332834
|switch|p1a: Kyurem|Kyurem|100/100
|-damage|p1a: Kyurem|76/100|[from] Stealth Rock
|-ability|p1a: Kyurem|Pressure
|turn|24
|
|t:|1760332841
|-terastallize|p1a: Kyurem|Fire
|move|p2a: Cinderace|Pyro Ball|p1a: Kyurem
|-resisted|p1a: Kyurem
|-damage|p1a: Kyurem|50/100
|move|p1a: Kyurem|Dragon Dance|p1a: Kyurem
|-boost|p1a: Kyurem|atk|1
|-boost|p1a: Kyurem|spe|1
|
|upkeep
|turn|25
|
|t:|1760332856
|switch|p2a: Mandibuzz|Mandibuzz, F|37/100
|move|p1a: Kyurem|Dragon Dance|p1a: Kyurem
|-boost|p1a: Kyurem|atk|1
|-boost|p1a: Kyurem|spe|1
|
|upkeep
|turn|26
|
|t:|1760332865
|move|p1a: Kyurem|Icicle Spear|p2a: Mandibuzz
|-supereffective|p2a: Mandibuzz
|-damage|p2a: Mandibuzz|9/100
|-supereffective|p2a: Mandibuzz
|-damage|p2a: Mandibuzz|0 fnt
|faint|p2a: Mandibuzz
|-hitcount|p2: Mandibuzz|2
|
|upkeep
|
|t:|1760332883
|switch|p2a: Ogerpon|Ogerpon-Wellspring, F|100/100
|turn|27
|
|t:|1760332887
|-terastallize|p2a: Ogerpon|Water
|detailschange|p2a: Ogerpon|Ogerpon-Wellspring-Tera, F, tera:Water
|-ability|p2a: Ogerpon|Embody Aspect (Wellspring)|boost
|-boost|p2a: Ogerpon|spd|1
|move|p1a: Kyurem|Icicle Spear|p2a: Ogerpon
|-resisted|p2a: Ogerpon
|-damage|p2a: Ogerpon|84/100
|-resisted|p2a: Ogerpon
|-damage|p2a: Ogerpon|66/100
|-resisted|p2a: Ogerpon
|-damage|p2a: Ogerpon|50/100
|-resisted|p2a: Ogerpon
|-damage|p2a: Ogerpon|33/100
|-resisted|p2a: Ogerpon
|-crit|p2a: Ogerpon
|-damage|p2a: Ogerpon|9/100
|-hitcount|p2a: Ogerpon|5
|move|p2a: Ogerpon|Ivy Cudgel|p1a: Kyurem|[anim] Ivy Cudgel Water
|-supereffective|p1a: Kyurem
|-damage|p1a: Kyurem|0 fnt
|faint|p1a: Kyurem
|
|upkeep
|
|t:|1760332896
|switch|p1a: Kingambit|Kingambit, M|100/100
|-damage|p1a: Kingambit|94/100|[from] Stealth Rock
|-activate|p1a: Kingambit|ability: Supreme Overlord
|-start|p1a: Kingambit|fallen4|[silent]
|-item|p1a: Kingambit|Air Balloon
|turn|28
|
|t:|1760332920
|switch|p2a: Tinkaton|Tinkaton, F|45/100
|-ability|p2a: Tinkaton|Mold Breaker
|move|p1a: Kingambit|Low Kick|p2a: Tinkaton
|-damage|p2a: Tinkaton|0 fnt
|faint|p2a: Tinkaton
|
|upkeep
|inactive|linclown has 120 seconds left.
|
|t:|1760332938
|switch|p2a: Reuniclus|Reuniclus, M|100/100
|turn|29
|inactive|linclown has 120 seconds left.
|
|t:|1760332955
|move|p1a: Kingambit|Kowtow Cleave|p2a: Reuniclus
|-supereffective|p2a: Reuniclus
|-damage|p2a: Reuniclus|0 fnt
|faint|p2a: Reuniclus
|
|upkeep
|-message|linclown forfeited.
|
|win|im coral ❤
|raw|im coral ❤'s rating: 1610 &rarr; <strong>1626</strong><br />(+16 for winning)
|raw|linclown's rating: 1532 &rarr; <strong>1516</strong><br />(-16 for losing)
|l|☆linclown
|player|p2|
|l|☆im coral ❤
|player|p1|
