|j|☆Danye East
|j|☆Big Bad Booger
|t:|1760447131
|gametype|singles
|player|p1|Danye East|1|1634
|player|p2|Big Bad Booger|unknown|1642
|gen|9
|tier|[Gen 9] OU
|rated|
|rule|HP Percentage Mod: HP is shown in percentages
|rule|Endless Battle Clause: Forcing endless battles is banned
|rule|Species Clause: Limit one of each Pokémon
|rule|OHKO Clause: OHKO moves are banned
|rule|Evasion Items Clause: Evasion items are banned
|rule|Evasion Moves Clause: Evasion moves are banned
|rule|Evasion Abilities Clause: Evasion abilities are banned
|rule|Sleep Moves Clause: Sleep-inducing moves are banned
|clearpoke
|poke|p1|Zamazenta-*|
|poke|p1|Great Tusk|
|poke|p1|Ogerpon-Wellspring, F|
|poke|p1|Dragalge, M|
|poke|p1|Kingambit, F|
|poke|p1|Heatran, M|
|poke|p2|Cinderace, F|
|poke|p2|Landorus-Therian, M|
|poke|p2|Slowking-Galar, F|
|poke|p2|Kyurem|
|poke|p2|Iron Valiant|
|poke|p2|Kingambit, F|
|teampreview
|inactive|Battle timer is ON: inactive players will automatically lose when time's up. (requested by Big Bad Booger)
|
|t:|1760447145
|teamsize|p1|6
|teamsize|p2|6
|start
|switch|p1a: Ornate|Heatran, M, shiny|100/100
|switch|p2a: Landorus|Landorus-Therian, M, shiny|100/100
|-ability|p2a: Landorus|Intimidate|boost
|-unboost|p1a: Ornate|atk|1
|-item|p1a: Ornate|Air Balloon
|turn|1
|
|t:|1760447158
|move|p2a: Landorus|U-turn|p1a: Ornate
|-resisted|p1a: Ornate
|-damage|p1a: Ornate|96/100
|-enditem|p1a: Ornate|Air Balloon
|
|t:|1760447161
|switch|p2a: Cinderace|Cinderace, F, shiny|100/100|[from] U-turn
|move|p1a: Ornate|Will-O-Wisp|p2a: Cinderace
|-immune|p2a: Cinderace
|
|upkeep
|turn|2
|
|t:|1760447166
|move|p2a: Cinderace|U-turn|p1a: Ornate
|-resisted|p1a: Ornate
|-damage|p1a: Ornate|92/100
|
|t:|1760447168
|switch|p2a: Landorus|Landorus-Therian, M, shiny|100/100|[from] U-turn
|-ability|p2a: Landorus|Intimidate|boost
|-unboost|p1a: Ornate|atk|1
|move|p1a: Ornate|Magma Storm|p2a: Landorus
|-damage|p2a: Landorus|33/100
|-activate|p2a: Landorus|move: Magma Storm|[of] p1a: Ornate
|
|-damage|p2a: Landorus|21/100|[from] move: Magma Storm|[partiallytrapped]
|upkeep
|turn|3
|
|t:|1760447177
|switch|p1a: Yamato|Ogerpon-Wellspring, F|100/100
|move|p2a: Landorus|U-turn|p1a: Yamato
|-supereffective|p1a: Yamato
|-damage|p1a: Yamato|41/100
|
|t:|1760447182
|switch|p2a: Cinderace|Cinderace, F, shiny|100/100|[from] U-turn
|
|upkeep
|turn|4
|
|t:|1760447208
|move|p2a: Cinderace|U-turn|p1a: Yamato
|-supereffective|p1a: Yamato
|-damage|p1a: Yamato|0 fnt
|faint|p1a: Yamato
|
|t:|1760447214
|switch|p2a: Kyurem|Kyurem, shiny|100/100|[from] U-turn
|-ability|p2a: Kyurem|Pressure
|
|upkeep
|
|t:|1760447224
|switch|p1a: Greater Dog|Zamazenta|100/100
|-ability|p1a: Greater Dog|Dauntless Shield|boost
|-boost|p1a: Greater Dog|def|1
|turn|5
|
|t:|1760447227
|switch|p2a: Slowking|Slowking-Galar, F, shiny|100/100
|move|p1a: Greater Dog|Substitute|p1a: Greater Dog
|-start|p1a: Greater Dog|Substitute
|-damage|p1a: Greater Dog|75/100
|
|-heal|p1a: Greater Dog|82/100|[from] item: Leftovers
|upkeep
|turn|6
|
|t:|1760447233
|move|p1a: Greater Dog|Crunch|p2a: Slowking
|-supereffective|p2a: Slowking
|-damage|p2a: Slowking|57/100
|-unboost|p2a: Slowking|def|1
|-prepare|p2a: Slowking|Chilly Reception|[premajor]
|move|p2a: Slowking|Chilly Reception|p2a: Slowking
|-weather|Snowscape
|
|t:|1760447250
|switch|p2a: Landorus|Landorus-Therian, M, shiny|21/100|[from] Chilly Reception
|-ability|p2a: Landorus|Intimidate|boost
|-immune|p1a: Greater Dog
|
|-weather|Snowscape|[upkeep]
|-heal|p1a: Greater Dog|88/100|[from] item: Leftovers
|upkeep
|turn|7
|
|t:|1760447263
|switch|p2a: Slowking|Slowking-Galar, F, shiny|91/100
|move|p1a: Greater Dog|Iron Defense|p1a: Greater Dog
|-boost|p1a: Greater Dog|def|2
|
|-weather|Snowscape|[upkeep]
|-heal|p1a: Greater Dog|94/100|[from] item: Leftovers
|upkeep
|turn|8
|
|t:|1760447266
|move|p1a: Greater Dog|Crunch|p2a: Slowking
|-supereffective|p2a: Slowking
|-damage|p2a: Slowking|44/100
|-prepare|p2a: Slowking|Chilly Reception|[premajor]
|move|p2a: Slowking|Chilly Reception|p2a: Slowking
|
|t:|1760447269
|switch|p2a: Iron Valiant|Iron Valiant, shiny|100/100|[from] Chilly Reception
|-enditem|p2a: Iron Valiant|Booster Energy
|-activate|p2a: Iron Valiant|ability: Quark Drive|[fromitem]
|-start|p2a: Iron Valiant|quarkdrivespe
|
|-weather|Snowscape|[upkeep]
|-heal|p1a: Greater Dog|99/100|[from] item: Leftovers
|upkeep
|turn|9
|
|t:|1760447274
|move|p2a: Iron Valiant|Encore|p1a: Greater Dog
|-start|p1a: Greater Dog|Encore
|move|p1a: Greater Dog|Crunch|p2a: Iron Valiant
|-resisted|p2a: Iron Valiant
|-damage|p2a: Iron Valiant|94/100
|
|-weather|Snowscape|[upkeep]
|-heal|p1a: Greater Dog|100/100|[from] item: Leftovers
|upkeep
|turn|10
|
|t:|1760447288
|switch|p1a: Leviathan|Dragalge, M, shiny|100/100
|move|p2a: Iron Valiant|Shadow Ball|p1a: Leviathan
|-damage|p1a: Leviathan|79/100
|
|-weather|none
|upkeep
|turn|11
|
|t:|1760447300
|-end|p2a: Iron Valiant|Quark Drive|[silent]
|switch|p2a: Slowking|Slowking-Galar, F, shiny|77/100
|move|p1a: Leviathan|Flip Turn|p2a: Slowking
|-damage|p2a: Slowking|67/100
|
|t:|1760447313
|switch|p1a: Atlas|Great Tusk, shiny|100/100|[from] Flip Turn
|
|upkeep
|turn|12
|
|t:|1760447320
|switch|p2a: Landorus|Landorus-Therian, M, shiny|21/100
|-ability|p2a: Landorus|Intimidate|boost
|-unboost|p1a: Atlas|atk|1
|move|p1a: Atlas|Ice Spinner|p2a: Landorus
|-supereffective|p2a: Landorus
|-damage|p2a: Landorus|0 fnt
|-damage|p1a: Atlas|84/100|[from] item: Rocky Helmet|[of] p2a: Landorus
|faint|p2a: Landorus
|
|upkeep
|
|t:|1760447323
|switch|p2a: Kyurem|Kyurem, shiny|100/100
|-ability|p2a: Kyurem|Pressure
|turn|13
|inactive|Danye East has 120 seconds left.
|
|t:|1760447362
|-end|p1a: Atlas|Protosynthesis|[silent]
|switch|p1a: Whitebeard|Kingambit, F, shiny|100/100
|-activate|p1a: Whitebeard|ability: Supreme Overlord
|-start|p1a: Whitebeard|fallen1|[silent]
|move|p2a: Kyurem|Substitute|p2a: Kyurem
|-start|p2a: Kyurem|Substitute
|-damage|p2a: Kyurem|76/100
|
|-heal|p2a: Kyurem|82/100|[from] item: Leftovers
|upkeep
|turn|14
|inactive|Danye East has 120 seconds left.
|
|t:|1760447367
|-terastallize|p2a: Kyurem|Ground
|move|p2a: Kyurem|Earth Power|p1a: Whitebeard
|-supereffective|p1a: Whitebeard
|-damage|p1a: Whitebeard|11/100
|move|p1a: Whitebeard|Kowtow Cleave|p2a: Kyurem
|-end|p2a: Kyurem|Substitute
|
|-heal|p2a: Kyurem|88/100|[from] item: Leftovers
|upkeep
|turn|15
|
|t:|1760447373
|move|p2a: Kyurem|Earth Power|p1a: Whitebeard
|-supereffective|p1a: Whitebeard
|-damage|p1a: Whitebeard|0 fnt
|faint|p1a: Whitebeard
|-end|p1a: Whitebeard|fallen1|[silent]
|
|-heal|p2a: Kyurem|94/100|[from] item: Leftovers
|upkeep
|inactive|Danye East has 120 seconds left.
|
|t:|1760447412
|switch|p1a: Leviathan|Dragalge, M, shiny|79/100
|turn|16
|
|t:|1760447416
|-terastallize|p1a: Leviathan|Fairy
|move|p2a: Kyurem|Protect|p2a: Kyurem
|-singleturn|p2a: Kyurem|Protect
|move|p1a: Leviathan|Draco Meteor|p2a: Kyurem
|-activate|p2a: Kyurem|move: Protect
|
|-heal|p2a: Kyurem|99/100|[from] item: Leftovers
|upkeep
|turn|17
|
|t:|1760447423
|switch|p2a: Kingambit|Kingambit, F, shiny|100/100
|-activate|p2a: Kingambit|ability: Supreme Overlord
|-start|p2a: Kingambit|fallen1|[silent]
|move|p1a: Leviathan|Draco Meteor|p2a: Kingambit
|-resisted|p2a: Kingambit
|-crit|p2a: Kingambit
|-damage|p2a: Kingambit|24/100
|-unboost|p1a: Leviathan|spa|2
|
|-heal|p2a: Kingambit|30/100|[from] item: Leftovers
|upkeep
|turn|18
|
|t:|1760447433
|switch|p1a: Greater Dog|Zamazenta|100/100
|move|p2a: Kingambit|Iron Head|p1a: Greater Dog
|-damage|p1a: Greater Dog|61/100
|
|-heal|p1a: Greater Dog|67/100|[from] item: Leftovers
|-heal|p2a: Kingambit|36/100|[from] item: Leftovers
|upkeep
|turn|19
|
|t:|1760447440
|-end|p2a: Kingambit|fallen1|[silent]
|switch|p2a: Iron Valiant|Iron Valiant, shiny|94/100
|move|p1a: Greater Dog|Substitute|p1a: Greater Dog
|-start|p1a: Greater Dog|Substitute
|-damage|p1a: Greater Dog|42/100
|
|-heal|p1a: Greater Dog|48/100|[from] item: Leftovers
|upkeep
|turn|20
|
|t:|1760447448
|switch|p1a: Leviathan|Dragalge, M, shiny, tera:Fairy|79/100
|move|p2a: Iron Valiant|Shadow Ball|p1a: Leviathan
|-damage|p1a: Leviathan|56/100
|
|upkeep
|turn|21
|
|t:|1760447460
|-end|p2a: Iron Valiant|Quark Drive|[silent]
|switch|p2a: Kingambit|Kingambit, F, shiny|36/100
|-activate|p2a: Kingambit|ability: Supreme Overlord
|-start|p2a: Kingambit|fallen1|[silent]
|move|p1a: Leviathan|Draco Meteor|p2a: Kingambit
|-resisted|p2a: Kingambit
|-damage|p2a: Kingambit|0 fnt
|-unboost|p1a: Leviathan|spa|2
|faint|p2a: Kingambit
|-end|p2a: Kingambit|fallen1|[silent]
|
|upkeep
|
|t:|1760447470
|switch|p2a: Iron Valiant|Iron Valiant, shiny|94/100
|turn|22
|
|t:|1760447479
|-end|p2a: Iron Valiant|Quark Drive|[silent]
|switch|p2a: Kyurem|Kyurem, shiny, tera:Ground|99/100
|-ability|p2a: Kyurem|Pressure
|switch|p1a: Ornate|Heatran, M, shiny|92/100
|
|-heal|p2a: Kyurem|100/100|[from] item: Leftovers
|upkeep
|turn|23
|
|t:|1760447493
|switch|p1a: Greater Dog|Zamazenta|48/100
|move|p2a: Kyurem|Earth Power|p1a: Greater Dog
|-damage|p1a: Greater Dog|15/100
|
|-heal|p1a: Greater Dog|21/100|[from] item: Leftovers
|upkeep
|turn|24
|c|☆Big Bad Booger|oof
|c|☆Big Bad Booger|bad play
|c|☆Big Bad Booger|you need that
|
|t:|1760447510
|move|p1a: Greater Dog|Body Press|p2a: Kyurem
|-damage|p2a: Kyurem|69/100
|move|p2a: Kyurem|Earth Power|p1a: Greater Dog
|-damage|p1a: Greater Dog|0 fnt
|faint|p1a: Greater Dog
|
|-heal|p2a: Kyurem|75/100|[from] item: Leftovers
|upkeep
|c|☆Big Bad Booger|gg
|
|t:|1760447516
|switch|p1a: Leviathan|Dragalge, M, shiny, tera:Fairy|56/100
|turn|25
|
|t:|1760447525
|move|p2a: Kyurem|Protect|p2a: Kyurem
|-singleturn|p2a: Kyurem|Protect
|move|p1a: Leviathan|Sludge Bomb|p2a: Kyurem
|-activate|p2a: Kyurem|move: Protect
|
|-heal|p2a: Kyurem|81/100|[from] item: Leftovers
|upkeep
|turn|26
|
|t:|1760447531
|switch|p2a: Slowking|Slowking-Galar, F, shiny|99/100
|move|p1a: Leviathan|Sludge Bomb|p2a: Slowking
|-resisted|p2a: Slowking
|-damage|p2a: Slowking|81/100
|
|upkeep
|turn|27
|
|t:|1760447539
|switch|p1a: Atlas|Great Tusk, shiny|84/100
|-prepare|p2a: Slowking|Chilly Reception|[premajor]
|move|p2a: Slowking|Chilly Reception|p2a: Slowking
|-weather|Snowscape
|
|t:|1760447545
|switch|p2a: Kyurem|Kyurem, shiny, tera:Ground|81/100|[from] Chilly Reception
|-ability|p2a: Kyurem|Pressure
|
|-weather|Snowscape|[upkeep]
|-heal|p2a: Kyurem|87/100|[from] item: Leftovers
|upkeep
|turn|28
|
|t:|1760447549
|move|p2a: Kyurem|Freeze-Dry|p1a: Atlas
|-supereffective|p1a: Atlas
|-damage|p1a: Atlas|20/100
|move|p1a: Atlas|Rapid Spin|p2a: Kyurem
|-damage|p2a: Kyurem|70/100
|-boost|p1a: Atlas|spe|1
|
|-weather|Snowscape|[upkeep]
|-heal|p2a: Kyurem|76/100|[from] item: Leftovers
|upkeep
|turn|29
|
|t:|1760447555
|move|p2a: Kyurem|Protect|p2a: Kyurem
|-singleturn|p2a: Kyurem|Protect
|move|p1a: Atlas|Headlong Rush|p2a: Kyurem
|-activate|p2a: Kyurem|move: Protect
|
|-weather|Snowscape|[upkeep]
|-heal|p2a: Kyurem|82/100|[from] item: Leftovers
|upkeep
|turn|30
|
|t:|1760447558
|move|p2a: Kyurem|Freeze-Dry|p1a: Atlas
|-supereffective|p1a: Atlas
|-damage|p1a: Atlas|0 fnt
|faint|p1a: Atlas
|-end|p1a: Atlas|Protosynthesis|[silent]
|
|-weather|Snowscape|[upkeep]
|-heal|p2a: Kyurem|89/100|[from] item: Leftovers
|upkeep
|
|t:|1760447568
|switch|p1a: Leviathan|Dragalge, M, shiny, tera:Fairy|56/100
|turn|31
|
|t:|1760447574
|move|p2a: Kyurem|Protect|p2a: Kyurem
|-singleturn|p2a: Kyurem|Protect
|move|p1a: Leviathan|Draco Meteor|p2a: Kyurem
|-activate|p2a: Kyurem|move: Protect
|
|-weather|none
|-heal|p2a: Kyurem|95/100|[from] item: Leftovers
|upkeep
|turn|32
|-message|Danye East forfeited.
|
|win|Big Bad Booger
|raw|Danye East's rating: 1634 &rarr; <strong>1614</strong><br />(-20 for losing)
|raw|Big Bad Booger's rating: 1642 &rarr; <strong>1662</strong><br />(+20 for winning)
|l|☆Danye East
|player|p1|
|l|☆Big Bad Booger
|player|p2|
