|j|☆TrentMercer
|j|☆Noker504
|t:|1760377327
|gametype|singles
|player|p1|TrentMercer|n|1497
|player|p2|Noker504|170|1517
|gen|9
|tier|[Gen 9] OU
|rated|
|rule|HP Percentage Mod: HP is shown in percentages
|rule|Endless Battle Clause: Forcing endless battles is banned
|rule|Species Clause: Limit one of each Pokémon
|rule|OHKO Clause: OHKO moves are banned
|rule|Evasion Items Clause: Evasion items are banned
|rule|Evasion Moves Clause: Evasion moves are banned
|rule|Evasion Abilities Clause: Evasion abilities are banned
|rule|Sleep Moves Clause: Sleep-inducing moves are banned
|clearpoke
|poke|p1|Crawdaunt, M|
|poke|p1|Houndoom, M|
|poke|p1|Slowking-Galar, M|
|poke|p1|Garchomp, M|
|poke|p1|Quaquaval, F|
|poke|p1|Gholdengo|
|poke|p2|Tornadus-Therian, M|
|poke|p2|Great Tusk|
|poke|p2|Slowking-Galar, M|
|poke|p2|Darkrai|
|poke|p2|Scizor, M|
|poke|p2|Dragapult, F|
|teampreview
|inactive|Battle timer is ON: inactive players will automatically lose when time's up. (requested by TrentMercer)
|
|t:|1760377342
|teamsize|p1|6
|teamsize|p2|6
|start
|switch|p1a: Houndoom|Houndoom, M|100/100
|switch|p2a: Tornadus|Tornadus-Therian, M|100/100
|turn|1
|
|t:|1760377346
|switch|p1a: Slowking|Slowking-Galar, M|100/100
|move|p2a: Tornadus|U-turn|p1a: Slowking
|-damage|p1a: Slowking|86/100
|
|t:|1760377350
|switch|p2a: Slowking|Slowking-Galar, M|100/100|[from] U-turn
|
|upkeep
|turn|2
|inactive|TrentMercer has 120 seconds left.
|
|t:|1760377395
|switch|p1a: Crawdaunt|Crawdaunt, M|100/100
|-prepare|p2a: Slowking|Chilly Reception|[premajor]
|move|p2a: Slowking|Chilly Reception|p2a: Slowking
|-weather|Snowscape
|
|t:|1760377401
|switch|p2a: Scizor|Scizor, M|100/100|[from] Chilly Reception
|
|-weather|Snowscape|[upkeep]
|upkeep
|turn|3
|inactive|TrentMercer has 120 seconds left.
|inactive|TrentMercer has 90 seconds left.
|inactive|TrentMercer has 60 seconds left.
|
|t:|1760377481
|move|p1a: Crawdaunt|Knock Off|p2a: Scizor
|-damage|p2a: Scizor|0 fnt
|-enditem|p2a: Scizor|Choice Band|[from] move: Knock Off|[of] p1a: Crawdaunt
|faint|p2a: Scizor
|
|-weather|Snowscape|[upkeep]
|upkeep
|inactive|Noker504 has 120 seconds left.
|
|t:|1760377523
|switch|p2a: Great Tusk|Great Tusk|100/100
|turn|4
|inactive|TrentMercer has 60 seconds left.
|
|t:|1760377555
|switch|p1a: Garchomp|Garchomp, M|100/100
|move|p2a: Great Tusk|Headlong Rush|p1a: Garchomp
|-damage|p1a: Garchomp|63/100
|-unboost|p2a: Great Tusk|def|1
|-unboost|p2a: Great Tusk|spd|1
|-damage|p2a: Great Tusk|88/100|[from] ability: Rough Skin|[of] p1a: Garchomp
|-damage|p2a: Great Tusk|72/100|[from] item: Rocky Helmet|[of] p1a: Garchomp
|
|-weather|Snowscape|[upkeep]
|upkeep
|turn|5
|
|t:|1760377560
|move|p2a: Great Tusk|Stealth Rock|p1a: Garchomp
|-sidestart|p1: TrentMercer|move: Stealth Rock
|move|p1a: Garchomp|Stealth Rock|p2a: Great Tusk
|-sidestart|p2: Noker504|move: Stealth Rock
|
|-weather|Snowscape|[upkeep]
|upkeep
|turn|6
|
|t:|1760377563
|-end|p2a: Great Tusk|Protosynthesis|[silent]
|switch|p2a: Tornadus|Tornadus-Therian, M|100/100
|move|p1a: Garchomp|Spikes|p2a: Tornadus
|-sidestart|p2: Noker504|Spikes
|
|-weather|none
|upkeep
|turn|7
|inactive|TrentMercer has 60 seconds left.
|
|t:|1760377569
|switch|p1a: Slowking|Slowking-Galar, M|100/100
|-damage|p1a: Slowking|88/100|[from] Stealth Rock
|move|p2a: Tornadus|Taunt|p1a: Slowking
|-start|p1a: Slowking|move: Taunt
|
|upkeep
|turn|8
|
|t:|1760377574
|move|p2a: Tornadus|Knock Off|p1a: Slowking
|-supereffective|p1a: Slowking
|-damage|p1a: Slowking|49/100
|-enditem|p1a: Slowking|Assault Vest|[from] move: Knock Off|[of] p2a: Tornadus
|move|p1a: Slowking|Sludge Bomb|p2a: Tornadus
|-damage|p2a: Tornadus|59/100
|
|upkeep
|turn|9
|
|t:|1760377582
|move|p2a: Tornadus|U-turn|p1a: Slowking
|-damage|p1a: Slowking|36/100
|
|t:|1760377586
|switch|p2a: Slowking|Slowking-Galar, M|100/100|[from] U-turn
|move|p1a: Slowking|Psyshock|p2a: Slowking
|-damage|p2a: Slowking|62/100
|
|-end|p1a: Slowking|move: Taunt
|upkeep
|turn|10
|
|t:|1760377593
|switch|p1a: Crawdaunt|Crawdaunt, M|100/100
|-damage|p1a: Crawdaunt|88/100|[from] Stealth Rock
|-prepare|p2a: Slowking|Chilly Reception|[premajor]
|move|p2a: Slowking|Chilly Reception|p2a: Slowking
|-weather|Snowscape
|inactive|Noker504 has 120 seconds left.
|
|t:|1760377624
|switch|p2a: Tornadus|Tornadus-Therian, M|92/100|[from] Chilly Reception
|
|-weather|Snowscape|[upkeep]
|upkeep
|turn|11
|inactive|TrentMercer has 90 seconds left.
|
|t:|1760377653
|switch|p1a: Slowking|Slowking-Galar, M|69/100
|-damage|p1a: Slowking|56/100|[from] Stealth Rock
|move|p2a: Tornadus|U-turn|p1a: Slowking
|-damage|p1a: Slowking|42/100
|
|t:|1760377657
|switch|p2a: Great Tusk|Great Tusk|72/100|[from] U-turn
|
|-weather|Snowscape|[upkeep]
|upkeep
|turn|12
|
|t:|1760377678
|switch|p1a: Garchomp|Garchomp, M|63/100
|-damage|p1a: Garchomp|57/100|[from] Stealth Rock
|move|p2a: Great Tusk|Headlong Rush|p1a: Garchomp
|-damage|p1a: Garchomp|15/100
|-unboost|p2a: Great Tusk|def|1
|-unboost|p2a: Great Tusk|spd|1
|-damage|p2a: Great Tusk|59/100|[from] ability: Rough Skin|[of] p1a: Garchomp
|-damage|p2a: Great Tusk|43/100|[from] item: Rocky Helmet|[of] p1a: Garchomp
|
|-weather|Snowscape|[upkeep]
|upkeep
|turn|13
|
|t:|1760377685
|move|p2a: Great Tusk|Rapid Spin|p1a: Garchomp
|-damage|p1a: Garchomp|3/100
|-boost|p2a: Great Tusk|spe|1
|-damage|p2a: Great Tusk|30/100|[from] ability: Rough Skin|[of] p1a: Garchomp
|-damage|p2a: Great Tusk|14/100|[from] item: Rocky Helmet|[of] p1a: Garchomp
|-sideend|p2: Noker504|Spikes|[from] move: Rapid Spin|[of] p2a: Great Tusk
|-sideend|p2: Noker504|Stealth Rock|[from] move: Rapid Spin|[of] p2a: Great Tusk
|move|p1a: Garchomp|Spikes|p2a: Great Tusk
|-sidestart|p2: Noker504|Spikes
|
|-weather|Snowscape|[upkeep]
|upkeep
|turn|14
|
|t:|1760377695
|move|p2a: Great Tusk|Rapid Spin|p1a: Garchomp
|-crit|p1a: Garchomp
|-damage|p1a: Garchomp|0 fnt
|-boost|p2a: Great Tusk|spe|1
|-damage|p2a: Great Tusk|2/100|[from] ability: Rough Skin|[of] p1a: Garchomp
|-damage|p2a: Great Tusk|0 fnt|[from] item: Rocky Helmet|[of] p1a: Garchomp
|faint|p1a: Garchomp
|faint|p2a: Great Tusk
|-end|p2a: Great Tusk|Protosynthesis|[silent]
|
|-weather|none
|upkeep
|
|t:|1760377702
|switch|p2a: Tornadus|Tornadus-Therian, M|100/100
|switch|p1a: Quaquaval|Quaquaval, F|100/100
|-damage|p1a: Quaquaval|94/100|[from] Stealth Rock
|turn|15
|
|t:|1760377726
|-terastallize|p1a: Quaquaval|Steel
|move|p2a: Tornadus|Bleakwind Storm|p1a: Quaquaval
|-resisted|p1a: Quaquaval
|-damage|p1a: Quaquaval|76/100
|move|p1a: Quaquaval|Rapid Spin|p2a: Tornadus
|-damage|p2a: Tornadus|80/100
|-boost|p1a: Quaquaval|spe|1
|-sideend|p1: TrentMercer|Stealth Rock|[from] move: Rapid Spin|[of] p1a: Quaquaval
|
|upkeep
|turn|16
|
|t:|1760377738
|move|p1a: Quaquaval|Aqua Step|p2a: Tornadus
|-damage|p2a: Tornadus|31/100
|-boost|p1a: Quaquaval|spe|1
|move|p2a: Tornadus|U-turn|p1a: Quaquaval
|-resisted|p1a: Quaquaval
|-damage|p1a: Quaquaval|67/100
|
|t:|1760377741
|switch|p2a: Dragapult|Dragapult, F|100/100|[from] U-turn
|
|upkeep
|turn|17
|
|t:|1760377745
|move|p1a: Quaquaval|Knock Off|p2a: Dragapult
|-supereffective|p2a: Dragapult
|-damage|p2a: Dragapult|13/100
|-enditem|p2a: Dragapult|Heavy-Duty Boots|[from] move: Knock Off|[of] p1a: Quaquaval
|move|p2a: Dragapult|Dragon Darts|p1a: Quaquaval
|-resisted|p1a: Quaquaval
|-damage|p1a: Quaquaval|53/100
|-anim|p2a: Dragapult|Dragon Darts|p1a: Quaquaval
|-resisted|p1a: Quaquaval
|-damage|p1a: Quaquaval|39/100
|
|upkeep
|turn|18
|-message|Noker504 forfeited.
|
|win|TrentMercer
|raw|TrentMercer's rating: 1497 &rarr; <strong>1518</strong><br />(+21 for winning)
|raw|Noker504's rating: 1517 &rarr; <strong>1496</strong><br />(-21 for losing)
|l|☆Noker504
|player|p2|
|l|☆TrentMercer
|player|p1|
