|j|☆Rapidashhhhh
|j|☆ji4st9r
|t:|1760359988
|gametype|singles
|player|p1|Rapidashhhhh|benga|1054
|player|p2|ji4st9r|preschooler|1038
|gen|9
|tier|[Gen 9] OU
|rated|
|rule|HP Percentage Mod: HP is shown in percentages
|rule|Endless Battle Clause: Forcing endless battles is banned
|rule|Species Clause: Limit one of each Pokémon
|rule|OHKO Clause: OHKO moves are banned
|rule|Evasion Items Clause: Evasion items are banned
|rule|Evasion Moves Clause: Evasion moves are banned
|rule|Evasion Abilities Clause: Evasion abilities are banned
|rule|Sleep Moves Clause: Sleep-inducing moves are banned
|clearpoke
|poke|p1|Cinccino, F|
|poke|p1|Hitmonlee, M|
|poke|p1|Whimsicott, M|
|poke|p1|Iron Treads|
|poke|p1|Salazzle, F|
|poke|p1|Kommo-o, F|
|poke|p2|Polteageist|
|poke|p2|Mimikyu, F|
|poke|p2|Venonat, M|
|poke|p2|Jirachi|
|poke|p2|Manaphy|
|poke|p2|Pachirisu, M|
|teampreview
|
|t:|1760359992
|teamsize|p1|6
|teamsize|p2|6
|start
|switch|p1a: Cotton Boii|Whimsicott, M, shiny|100/100
|switch|p2a: Polteageist|Polteageist|100/100
|turn|1
|
|t:|1760360000
|move|p1a: Cotton Boii|Stun Spore|p2a: Polteageist
|-status|p2a: Polteageist|par
|move|p2a: Polteageist|Shell Smash|p2a: Polteageist
|-unboost|p2a: Polteageist|def|1
|-unboost|p2a: Polteageist|spd|1
|-boost|p2a: Polteageist|atk|2
|-boost|p2a: Polteageist|spa|2
|-boost|p2a: Polteageist|spe|2
|-enditem|p2a: Polteageist|White Herb
|-clearnegativeboost|p2a: Polteageist|[silent]
|
|upkeep
|turn|2
|
|t:|1760360010
|move|p1a: Cotton Boii|Encore|p2a: Polteageist
|-start|p2a: Polteageist|Encore
|move|p2a: Polteageist|Shell Smash|p2a: Polteageist
|-unboost|p2a: Polteageist|def|1
|-unboost|p2a: Polteageist|spd|1
|-boost|p2a: Polteageist|atk|2
|-boost|p2a: Polteageist|spa|2
|-boost|p2a: Polteageist|spe|2
|
|upkeep
|turn|3
|
|t:|1760360019
|switch|p1a: R.A.T.|Cinccino, F, shiny|100/100
|move|p2a: Polteageist|Shell Smash|p2a: Polteageist
|-unboost|p2a: Polteageist|def|1
|-unboost|p2a: Polteageist|spd|1
|-boost|p2a: Polteageist|atk|2
|-boost|p2a: Polteageist|spa|2
|-boost|p2a: Polteageist|spe|2
|
|upkeep
|turn|4
|
|t:|1760360035
|switch|p2a: Mimikyu|Mimikyu, F|100/100
|move|p1a: R.A.T.|Tidy Up|p1a: R.A.T.
|-boost|p1a: R.A.T.|atk|1
|-boost|p1a: R.A.T.|spe|1
|
|upkeep
|turn|5
|
|t:|1760360046
|move|p1a: R.A.T.|Bullet Seed|p2a: Mimikyu
|-activate|p2a: Mimikyu|ability: Disguise
|-damage|p2a: Mimikyu|100/100
|detailschange|p2a: Mimikyu|Mimikyu-Busted, F
|-damage|p2a: Mimikyu|88/100|[from] pokemon: Mimikyu-Busted
|-damage|p2a: Mimikyu|60/100
|-damage|p2a: Mimikyu|34/100
|-damage|p2a: Mimikyu|7/100
|-damage|p2a: Mimikyu|0 fnt
|faint|p2a: Mimikyu
|-hitcount|p2: Mimikyu|5
|
|upkeep
|
|t:|1760360060
|switch|p2a: Pachirisu|Pachirisu, M, shiny|100/100
|turn|6
|
|t:|1760360068
|move|p1a: R.A.T.|Tail Slap|p2a: Pachirisu
|-damage|p2a: Pachirisu|50/100
|-damage|p2a: Pachirisu|0 fnt
|faint|p2a: Pachirisu
|-hitcount|p2: Pachirisu|2
|
|upkeep
|-message|ji4st9r forfeited.
|
|win|Rapidashhhhh
|raw|Rapidashhhhh's rating: 1054 &rarr; <strong>1084</strong><br />(+30 for winning)
|raw|ji4st9r's rating: 1038 &rarr; <strong>1023</strong><br />(-15 for losing)
|l|☆ji4st9r
|player|p2|
