|j|☆Pikka888
|j|☆lousiv
|t:|1760352988
|gametype|singles
|player|p1|Pikka888|169|1330
|player|p2|lousiv|volkner|1252
|gen|9
|tier|[Gen 9] OU
|rated|
|rule|HP Percentage Mod: HP is shown in percentages
|rule|Endless Battle Clause: Forcing endless battles is banned
|rule|Species Clause: Limit one of each Pokémon
|rule|OHKO Clause: OHKO moves are banned
|rule|Evasion Items Clause: Evasion items are banned
|rule|Evasion Moves Clause: Evasion moves are banned
|rule|Evasion Abilities Clause: Evasion abilities are banned
|rule|Sleep Moves Clause: Sleep-inducing moves are banned
|clearpoke
|poke|p1|Feraligatr, M|
|poke|p1|Skarmory, F|
|poke|p1|Gholdengo|
|poke|p1|Great Tusk|
|poke|p1|Iron Boulder|
|poke|p1|Comfey, F|
|poke|p2|Blissey, F|
|poke|p2|Sableye, M|
|poke|p2|Venusaur, M|
|poke|p2|Quagsire, F|
|poke|p2|Weavile, M|
|poke|p2|Mandibuzz, F|
|teampreview
|inactive|Battle timer is ON: inactive players will automatically lose when time's up. (requested by lousiv)
|
|t:|1760352996
|teamsize|p1|6
|teamsize|p2|6
|start
|switch|p1a: Skarmory|Skarmory, F|100/100
|switch|p2a: Sableye|Sableye, M|100/100
|turn|1
|
|t:|1760353000
|move|p2a: Sableye|Taunt|p1a: Skarmory
|-start|p1a: Skarmory|move: Taunt
|cant|p1a: Skarmory|move: Taunt|Stealth Rock
|
|upkeep
|turn|2
|
|t:|1760353004
|move|p1a: Skarmory|Brave Bird|p2a: Sableye
|-damage|p2a: Sableye|53/100
|-damage|p1a: Skarmory|83/100|[from] Recoil
|move|p2a: Sableye|Knock Off|p1a: Skarmory
|-damage|p1a: Skarmory|58/100
|-enditem|p1a: Skarmory|Custap Berry|[from] move: Knock Off|[of] p2a: Sableye
|
|-heal|p2a: Sableye|59/100|[from] item: Leftovers
|upkeep
|turn|3
|
|t:|1760353007
|move|p2a: Sableye|Will-O-Wisp|p1a: Skarmory
|-status|p1a: Skarmory|brn
|move|p1a: Skarmory|Brave Bird|p2a: Sableye
|-damage|p2a: Sableye|38/100
|-damage|p1a: Skarmory|50/100 brn|[from] Recoil
|
|-heal|p2a: Sableye|45/100|[from] item: Leftovers
|-damage|p1a: Skarmory|44/100 brn|[from] brn
|-end|p1a: Skarmory|move: Taunt
|upkeep
|turn|4
|
|t:|1760353011
|move|p2a: Sableye|Taunt|p1a: Skarmory
|-start|p1a: Skarmory|move: Taunt
|move|p1a: Skarmory|Brave Bird|p2a: Sableye
|-damage|p2a: Sableye|21/100
|-damage|p1a: Skarmory|36/100 brn|[from] Recoil
|
|-heal|p2a: Sableye|27/100|[from] item: Leftovers
|-damage|p1a: Skarmory|30/100 brn|[from] brn
|upkeep
|turn|5
|
|t:|1760353014
|move|p2a: Sableye|Recover|p2a: Sableye
|-heal|p2a: Sableye|77/100
|move|p1a: Skarmory|Brave Bird|p2a: Sableye
|-damage|p2a: Sableye|56/100
|-damage|p1a: Skarmory|22/100 brn|[from] Recoil
|
|-heal|p2a: Sableye|63/100|[from] item: Leftovers
|-damage|p1a: Skarmory|16/100 brn|[from] brn
|upkeep
|turn|6
|
|t:|1760353018
|switch|p1a: Gholdengo|Gholdengo|100/100
|move|p2a: Sableye|Recover|p2a: Sableye
|-heal|p2a: Sableye|100/100
|
|upkeep
|turn|7
|
|t:|1760353020
|move|p1a: Gholdengo|Trick|p2a: Sableye
|-activate|p1a: Gholdengo|move: Trick|[of] p2a: Sableye
|-item|p2a: Sableye|Choice Scarf|[from] move: Trick
|-item|p1a: Gholdengo|Leftovers|[from] move: Trick
|move|p2a: Sableye|Knock Off|p1a: Gholdengo
|-supereffective|p1a: Gholdengo
|-damage|p1a: Gholdengo|35/100
|-enditem|p1a: Gholdengo|Leftovers|[from] move: Knock Off|[of] p2a: Sableye
|
|upkeep
|turn|8
|
|t:|1760353025
|move|p1a: Gholdengo|Make It Rain|p2a: Sableye
|-crit|p2a: Sableye
|-damage|p2a: Sableye|0 fnt
|-unboost|p1a: Gholdengo|spa|1
|faint|p2a: Sableye
|
|upkeep
|
|t:|1760353030
|switch|p2a: Weavile|Weavile, M|100/100
|-ability|p2a: Weavile|Pressure
|turn|9
|
|t:|1760353035
|move|p2a: Weavile|Triple Axel|p1a: Gholdengo
|-resisted|p1a: Gholdengo
|-damage|p1a: Gholdengo|27/100
|-resisted|p1a: Gholdengo
|-damage|p1a: Gholdengo|10/100
|-resisted|p1a: Gholdengo
|-damage|p1a: Gholdengo|0 fnt
|faint|p1a: Gholdengo
|-hitcount|p1: Gholdengo|3
|
|upkeep
|
|t:|1760353048
|switch|p1a: Comfey|Comfey, F, shiny|100/100
|turn|10
|
|t:|1760353051
|move|p1a: Comfey|Draining Kiss|p2a: Weavile
|-supereffective|p2a: Weavile
|-damage|p2a: Weavile|32/100
|move|p2a: Weavile|Triple Axel|p1a: Comfey
|-damage|p1a: Comfey|84/100
|-damage|p1a: Comfey|46/100
|-damage|p1a: Comfey|0 fnt
|faint|p1a: Comfey
|-hitcount|p1: Comfey|3
|
|upkeep
|
|t:|1760353055
|switch|p1a: Feraligatr|Feraligatr, M|100/100
|turn|11
|
|t:|1760353059
|switch|p2a: Quagsire|Quagsire, F|100/100
|move|p1a: Feraligatr|Dragon Dance|p1a: Feraligatr
|-boost|p1a: Feraligatr|atk|1
|-boost|p1a: Feraligatr|spe|1
|
|upkeep
|turn|12
|
|t:|1760353068
|move|p1a: Feraligatr|Dragon Dance|p1a: Feraligatr
|-boost|p1a: Feraligatr|atk|1
|-boost|p1a: Feraligatr|spe|1
|move|p2a: Quagsire|Toxic|p1a: Feraligatr|[miss]
|-miss|p2a: Quagsire|p1a: Feraligatr
|
|upkeep
|turn|13
|
|t:|1760353072
|switch|p1a: Skarmory|Skarmory, F|16/100 brn
|move|p2a: Quagsire|Toxic|p1a: Skarmory|[miss]
|-miss|p2a: Quagsire|p1a: Skarmory
|
|-damage|p1a: Skarmory|10/100 brn|[from] brn
|upkeep
|turn|14
|
|t:|1760353077
|switch|p2a: Mandibuzz|Mandibuzz, F|100/100
|move|p1a: Skarmory|Stealth Rock|p2a: Mandibuzz
|-sidestart|p2: lousiv|move: Stealth Rock
|
|-damage|p1a: Skarmory|5/100 brn|[from] brn
|upkeep
|turn|15
|
|t:|1760353080
|move|p1a: Skarmory|Brave Bird|p2a: Mandibuzz
|-damage|p2a: Mandibuzz|88/100
|-damage|p1a: Skarmory|0 fnt|[from] Recoil
|faint|p1a: Skarmory
|move|p2a: Mandibuzz|Defog|p1: Skarmory|[notarget]
|-fail|p2a: Mandibuzz
|
|-heal|p2a: Mandibuzz|94/100|[from] item: Leftovers
|upkeep
|
|t:|1760353086
|switch|p1a: Iron Boulder|Iron Boulder|100/100
|-enditem|p1a: Iron Boulder|Booster Energy
|-activate|p1a: Iron Boulder|ability: Quark Drive|[fromitem]
|-start|p1a: Iron Boulder|quarkdrivespe
|turn|16
|
|t:|1760353090
|move|p1a: Iron Boulder|Substitute|p1a: Iron Boulder
|-start|p1a: Iron Boulder|Substitute
|-damage|p1a: Iron Boulder|76/100
|move|p2a: Mandibuzz|Foul Play|p1a: Iron Boulder
|-supereffective|p1a: Iron Boulder
|-end|p1a: Iron Boulder|Substitute
|
|-heal|p2a: Mandibuzz|99/100|[from] item: Leftovers
|upkeep
|turn|17
|
|t:|1760353094
|move|p1a: Iron Boulder|Mighty Cleave|p2a: Mandibuzz
|-supereffective|p2a: Mandibuzz
|-damage|p2a: Mandibuzz|43/100
|move|p2a: Mandibuzz|Foul Play|p1a: Iron Boulder
|-supereffective|p1a: Iron Boulder
|-damage|p1a: Iron Boulder|0 fnt
|faint|p1a: Iron Boulder
|-end|p1a: Iron Boulder|Quark Drive|[silent]
|
|-heal|p2a: Mandibuzz|49/100|[from] item: Leftovers
|upkeep
|
|t:|1760353099
|switch|p1a: Feraligatr|Feraligatr, M|100/100
|turn|18
|
|t:|1760353101
|move|p1a: Feraligatr|Dragon Dance|p1a: Feraligatr
|-boost|p1a: Feraligatr|atk|1
|-boost|p1a: Feraligatr|spe|1
|move|p2a: Mandibuzz|Foul Play|p1a: Feraligatr
|-damage|p1a: Feraligatr|34/100
|
|-heal|p2a: Mandibuzz|55/100|[from] item: Leftovers
|upkeep
|turn|19
|
|t:|1760353106
|move|p1a: Feraligatr|Liquidation|p2a: Mandibuzz
|-damage|p2a: Mandibuzz|0 fnt
|faint|p2a: Mandibuzz
|
|upkeep
|
|t:|1760353112
|switch|p2a: Quagsire|Quagsire, F|100/100
|-damage|p2a: Quagsire|94/100|[from] Stealth Rock
|turn|20
|
|t:|1760353116
|move|p1a: Feraligatr|Liquidation|p2a: Quagsire
|-damage|p2a: Quagsire|50/100
|move|p2a: Quagsire|Toxic|p1a: Feraligatr
|-status|p1a: Feraligatr|tox
|
|-heal|p2a: Quagsire|56/100|[from] item: Leftovers
|-damage|p1a: Feraligatr|28/100 tox|[from] psn
|upkeep
|turn|21
|
|t:|1760353121
|move|p1a: Feraligatr|Liquidation|p2a: Quagsire
|-damage|p2a: Quagsire|14/100
|move|p2a: Quagsire|Recover|p2a: Quagsire
|-heal|p2a: Quagsire|64/100
|
|-heal|p2a: Quagsire|71/100|[from] item: Leftovers
|-damage|p1a: Feraligatr|16/100 tox|[from] psn
|upkeep
|turn|22
|
|t:|1760353126
|move|p1a: Feraligatr|Liquidation|p2a: Quagsire
|-damage|p2a: Quagsire|26/100
|move|p2a: Quagsire|Recover|p2a: Quagsire
|-heal|p2a: Quagsire|76/100
|
|-heal|p2a: Quagsire|82/100|[from] item: Leftovers
|-damage|p1a: Feraligatr|0 fnt|[from] psn
|faint|p1a: Feraligatr
|upkeep
|-message|Pikka888 forfeited.
|
|win|lousiv
|raw|Pikka888's rating: 1330 &rarr; <strong>1306</strong><br />(-24 for losing)
|raw|lousiv's rating: 1252 &rarr; <strong>1283</strong><br />(+31 for winning)
|l|☆Pikka888
|player|p1|
|l|☆lousiv
|player|p2|
