|j|☆michael00000000
|j|☆Pepinillovasi
|t:|1760391838
|gametype|singles
|player|p1|michael00000000|clair|1543
|player|p2|Pepinillovasi|barry|1558
|gen|9
|tier|[Gen 9] OU
|rated|
|rule|HP Percentage Mod: HP is shown in percentages
|rule|Endless Battle Clause: Forcing endless battles is banned
|rule|Species Clause: Limit one of each Pokémon
|rule|OHKO Clause: OHKO moves are banned
|rule|Evasion Items Clause: Evasion items are banned
|rule|Evasion Moves Clause: Evasion moves are banned
|rule|Evasion Abilities Clause: Evasion abilities are banned
|rule|Sleep Moves Clause: Sleep-inducing moves are banned
|clearpoke
|poke|p1|Gardevoir, F|
|poke|p1|Iron Valiant|
|poke|p1|Arcanine, M|
|poke|p1|Hatterene, F|
|poke|p1|Dragapult, F|
|poke|p1|Milotic, F|
|poke|p2|Samurott-Hisui, M|
|poke|p2|Glimmora, M|
|poke|p2|Landorus-Therian, M|
|poke|p2|Slither Wing|
|poke|p2|Gholdengo|
|poke|p2|Ogerpon, F|
|teampreview
|
|t:|1760391865
|teamsize|p1|6
|teamsize|p2|6
|start
|switch|p1a: Hermé|Iron Valiant, shiny|100/100
|switch|p2a: Landorus|Landorus-Therian, M, shiny|100/100
|-ability|p2a: Landorus|Intimidate|boost
|-unboost|p1a: Hermé|atk|1
|-enditem|p1a: Hermé|Booster Energy
|-activate|p1a: Hermé|ability: Quark Drive|[fromitem]
|-start|p1a: Hermé|quarkdrivespe
|turn|1
|
|t:|1760391868
|move|p1a: Hermé|Moonblast|p2a: Landorus
|-damage|p2a: Landorus|56/100
|-unboost|p2a: Landorus|spa|1
|move|p2a: Landorus|Earthquake|p1a: Hermé
|-damage|p1a: Hermé|0 fnt
|faint|p1a: Hermé
|-end|p1a: Hermé|Quark Drive|[silent]
|
|upkeep
|
|t:|1760391908
|switch|p1a: Mercé|Dragapult, F, shiny|100/100
|turn|2
|
|t:|1760391925
|switch|p2a: Samurott|Samurott-Hisui, M|100/100
|move|p1a: Mercé|Draco Meteor|p2a: Samurott
|-damage|p2a: Samurott|17/100
|-unboost|p1a: Mercé|spa|2
|
|upkeep
|turn|3
|
|t:|1760391930
|move|p2a: Samurott|Ceaseless Edge|p1a: Mercé
|-supereffective|p1a: Mercé
|-enditem|p1a: Mercé|Focus Sash
|-damage|p1a: Mercé|1/100
|-sidestart|p1: michael00000000|Spikes
|move|p1a: Mercé|Draco Meteor|p2a: Samurott
|-damage|p2a: Samurott|0 fnt
|-unboost|p1a: Mercé|spa|2
|faint|p2a: Samurott
|
|upkeep
|
|t:|1760391937
|switch|p2a: Ogerpon|Ogerpon, F|100/100
|turn|4
|
|t:|1760391940
|move|p1a: Mercé|Will-O-Wisp|p2a: Ogerpon
|-status|p2a: Ogerpon|brn
|move|p2a: Ogerpon|Knock Off|p1a: Mercé
|-supereffective|p1a: Mercé
|-damage|p1a: Mercé|0 fnt
|faint|p1a: Mercé
|
|-damage|p2a: Ogerpon|95/100 brn|[from] brn
|upkeep
|
|t:|1760391949
|switch|p1a: Noir|Hatterene, F, shiny|100/100
|-damage|p1a: Noir|88/100|[from] Spikes
|turn|5
|
|t:|1760391953
|switch|p2a: Gholdengo|Gholdengo|100/100
|move|p1a: Noir|Future Sight|p2a: Gholdengo
|-start|p1a: Noir|move: Future Sight
|
|upkeep
|turn|6
|
|t:|1760391961
|move|p2a: Gholdengo|Shadow Ball|p1a: Noir
|-supereffective|p1a: Noir
|-damage|p1a: Noir|38/100
|-unboost|p1a: Noir|spd|1
|move|p1a: Noir|Mystical Fire|p2a: Gholdengo
|-supereffective|p2a: Gholdengo
|-damage|p2a: Gholdengo|58/100
|-unboost|p2a: Gholdengo|spa|1
|
|upkeep
|turn|7
|
|t:|1760391971
|move|p2a: Gholdengo|Recover|p2a: Gholdengo
|-heal|p2a: Gholdengo|100/100
|move|p1a: Noir|Mystical Fire|p2a: Gholdengo
|-supereffective|p2a: Gholdengo
|-damage|p2a: Gholdengo|53/100
|-unboost|p2a: Gholdengo|spa|1
|
|-end|p2a: Gholdengo|move: Future Sight
|-resisted|p2a: Gholdengo
|-damage|p2a: Gholdengo|29/100
|upkeep
|turn|8
|
|t:|1760391980
|move|p2a: Gholdengo|Make It Rain|p1a: Noir
|-supereffective|p1a: Noir
|-damage|p1a: Noir|0 fnt
|-unboost|p2a: Gholdengo|spa|1
|faint|p1a: Noir
|
|upkeep
|
|t:|1760391988
|switch|p1a: Rhea|Gardevoir, F, shiny|100/100
|-damage|p1a: Rhea|88/100|[from] Spikes
|-ability|p1a: Rhea|Good as Gold|Trace|[from] ability: Trace|[of] p2a: Gholdengo
|turn|9
|
|t:|1760391991
|move|p2a: Gholdengo|Make It Rain|p1a: Rhea
|-supereffective|p1a: Rhea
|-damage|p1a: Rhea|65/100
|-unboost|p2a: Gholdengo|spa|1
|move|p1a: Rhea|Mystical Fire|p2a: Gholdengo
|-supereffective|p2a: Gholdengo
|-damage|p2a: Gholdengo|0 fnt
|faint|p2a: Gholdengo
|
|upkeep
|
|t:|1760391999
|switch|p2a: Landorus|Landorus-Therian, M, shiny|56/100
|-ability|p2a: Landorus|Intimidate|boost
|-unboost|p1a: Rhea|atk|1
|turn|10
|
|t:|1760392004
|move|p2a: Landorus|Earthquake|p1a: Rhea
|-damage|p1a: Rhea|0 fnt
|faint|p1a: Rhea
|
|upkeep
|
|t:|1760392008
|switch|p1a: Ceteres|Milotic, F, shiny|100/100
|-damage|p1a: Ceteres|88/100|[from] Spikes
|turn|11
|
|t:|1760392013
|move|p2a: Landorus|Earthquake|p1a: Ceteres
|-damage|p1a: Ceteres|29/100
|move|p1a: Ceteres|Ice Beam|p2a: Landorus
|-supereffective|p2a: Landorus
|-damage|p2a: Landorus|0 fnt
|faint|p2a: Landorus
|
|-heal|p1a: Ceteres|36/100|[from] item: Leftovers
|upkeep
|
|t:|1760392018
|switch|p2a: Ogerpon|Ogerpon, F|95/100 brn
|turn|12
|
|t:|1760392024
|-terastallize|p1a: Ceteres|Dragon
|move|p2a: Ogerpon|Ivy Cudgel|p1a: Ceteres
|-resisted|p1a: Ceteres
|-damage|p1a: Ceteres|27/100
|move|p1a: Ceteres|Recover|p1a: Ceteres
|-heal|p1a: Ceteres|77/100
|
|-heal|p1a: Ceteres|83/100|[from] item: Leftovers
|-damage|p2a: Ogerpon|89/100 brn|[from] brn
|upkeep
|turn|13
|
|t:|1760392031
|move|p2a: Ogerpon|Knock Off|p1a: Ceteres
|-damage|p1a: Ceteres|72/100
|-enditem|p1a: Ceteres|Leftovers|[from] move: Knock Off|[of] p2a: Ogerpon
|move|p1a: Ceteres|Ice Beam|p2a: Ogerpon
|-supereffective|p2a: Ogerpon
|-damage|p2a: Ogerpon|41/100 brn
|
|-damage|p2a: Ogerpon|35/100 brn|[from] brn
|upkeep
|turn|14
|
|t:|1760392039
|switch|p2a: Slither Wing|Slither Wing, shiny|100/100
|move|p1a: Ceteres|Recover|p1a: Ceteres
|-heal|p1a: Ceteres|100/100
|
|upkeep
|turn|15
|
|t:|1760392046
|move|p2a: Slither Wing|Will-O-Wisp|p1a: Ceteres
|-status|p1a: Ceteres|brn
|move|p1a: Ceteres|Scald|p2a: Slither Wing
|-damage|p2a: Slither Wing|77/100
|-status|p2a: Slither Wing|brn
|
|-damage|p2a: Slither Wing|71/100 brn|[from] brn
|-damage|p1a: Ceteres|94/100 brn|[from] brn
|upkeep
|turn|16
|
|t:|1760392063
|switch|p1a: Nimbus|Arcanine, M|100/100
|-damage|p1a: Nimbus|88/100|[from] Spikes
|-ability|p1a: Nimbus|Intimidate|boost
|-unboost|p2a: Slither Wing|atk|1
|move|p2a: Slither Wing|Morning Sun|p2a: Slither Wing
|-heal|p2a: Slither Wing|100/100 brn
|
|-damage|p2a: Slither Wing|94/100 brn|[from] brn
|upkeep
|turn|17
|
|t:|1760392071
|switch|p1a: Ceteres|Milotic, F, shiny, tera:Dragon|94/100 brn
|-damage|p1a: Ceteres|82/100 brn|[from] Spikes
|-end|p2a: Slither Wing|Protosynthesis|[silent]
|switch|p2a: Glimmora|Glimmora, M, shiny|100/100
|
|-damage|p1a: Ceteres|76/100 brn|[from] brn
|upkeep
|turn|18
|
|t:|1760392076
|move|p2a: Glimmora|Dazzling Gleam|p1a: Ceteres
|-supereffective|p1a: Ceteres
|-damage|p1a: Ceteres|45/100 brn
|move|p1a: Ceteres|Scald|p2a: Glimmora
|-supereffective|p2a: Glimmora
|-damage|p2a: Glimmora|42/100
|-enditem|p2a: Glimmora|Red Card|[of] p1a: Ceteres
|drag|p1a: Nimbus|Arcanine, M|88/100
|-damage|p1a: Nimbus|76/100|[from] Spikes
|-ability|p1a: Nimbus|Intimidate|boost
|-unboost|p2a: Glimmora|atk|1
|
|upkeep
|turn|19
|
|t:|1760392092
|move|p2a: Glimmora|Sludge Bomb|p1a: Nimbus
|-damage|p1a: Nimbus|25/100
|-status|p1a: Nimbus|psn
|move|p1a: Nimbus|Close Combat|p2a: Glimmora
|-damage|p2a: Glimmora|0 fnt
|-unboost|p1a: Nimbus|def|1
|-unboost|p1a: Nimbus|spd|1
|-activate|p2a: Glimmora|ability: Toxic Debris
|-sidestart|p1: michael00000000|move: Toxic Spikes
|faint|p2a: Glimmora
|
|-damage|p1a: Nimbus|13/100 psn|[from] psn
|upkeep
|
|t:|1760392115
|switch|p2a: Ogerpon|Ogerpon, F|35/100 brn
|turn|20
|
|t:|1760392122
|move|p2a: Ogerpon|Knock Off|p1a: Nimbus
|-damage|p1a: Nimbus|0 fnt
|-enditem|p1a: Nimbus|Choice Band|[from] move: Knock Off|[of] p2a: Ogerpon
|faint|p1a: Nimbus
|
|-damage|p2a: Ogerpon|29/100 brn|[from] brn
|upkeep
|
|t:|1760392124
|switch|p1a: Ceteres|Milotic, F, shiny, tera:Dragon|45/100 brn
|-damage|p1a: Ceteres|32/100 brn|[from] Spikes
|turn|21
|
|t:|1760392130
|move|p2a: Ogerpon|Swords Dance|p2a: Ogerpon
|-boost|p2a: Ogerpon|atk|2
|move|p1a: Ceteres|Recover|p1a: Ceteres
|-heal|p1a: Ceteres|82/100 brn
|
|-damage|p2a: Ogerpon|23/100 brn|[from] brn
|-damage|p1a: Ceteres|76/100 brn|[from] brn
|upkeep
|turn|22
|
|t:|1760392136
|move|p2a: Ogerpon|Play Rough|p1a: Ceteres
|-supereffective|p1a: Ceteres
|-damage|p1a: Ceteres|31/100 brn
|move|p1a: Ceteres|Haze|p1a: Ceteres
|-clearallboost
|
|-damage|p2a: Ogerpon|17/100 brn|[from] brn
|-damage|p1a: Ceteres|25/100 brn|[from] brn
|upkeep
|turn|23
|
|t:|1760392144
|move|p2a: Ogerpon|Play Rough|p1a: Ceteres
|-supereffective|p1a: Ceteres
|-damage|p1a: Ceteres|5/100 brn
|move|p1a: Ceteres|Recover|p1a: Ceteres
|-heal|p1a: Ceteres|55/100 brn
|
|-damage|p2a: Ogerpon|11/100 brn|[from] brn
|-damage|p1a: Ceteres|49/100 brn|[from] brn
|upkeep
|turn|24
|
|t:|1760392150
|move|p2a: Ogerpon|Play Rough|p1a: Ceteres
|-supereffective|p1a: Ceteres
|-damage|p1a: Ceteres|27/100 brn
|move|p1a: Ceteres|Recover|p1a: Ceteres
|-heal|p1a: Ceteres|77/100 brn
|
|-damage|p2a: Ogerpon|5/100 brn|[from] brn
|-damage|p1a: Ceteres|71/100 brn|[from] brn
|upkeep
|turn|25
|
|t:|1760392157
|move|p2a: Ogerpon|Play Rough|p1a: Ceteres
|-supereffective|p1a: Ceteres
|-damage|p1a: Ceteres|51/100 brn
|move|p1a: Ceteres|Recover|p1a: Ceteres
|-heal|p1a: Ceteres|100/100 brn
|
|-damage|p2a: Ogerpon|0 fnt|[from] brn
|faint|p2a: Ogerpon
|-damage|p1a: Ceteres|94/100 brn|[from] brn
|upkeep
|
|t:|1760392162
|switch|p2a: Slither Wing|Slither Wing, shiny|94/100 brn
|turn|26
|
|t:|1760392164
|move|p2a: Slither Wing|U-turn|p1a: Ceteres
|-damage|p1a: Ceteres|84/100 brn
|move|p1a: Ceteres|Scald|p2a: Slither Wing
|-damage|p2a: Slither Wing|72/100 brn
|
|-damage|p1a: Ceteres|78/100 brn|[from] brn
|-damage|p2a: Slither Wing|66/100 brn|[from] brn
|upkeep
|turn|27
|
|t:|1760392167
|move|p1a: Ceteres|Scald|p2a: Slither Wing
|-damage|p2a: Slither Wing|40/100 brn
|move|p2a: Slither Wing|U-turn|p1a: Ceteres
|-damage|p1a: Ceteres|67/100 brn
|
|-damage|p2a: Slither Wing|34/100 brn|[from] brn
|-damage|p1a: Ceteres|61/100 brn|[from] brn
|upkeep
|turn|28
|
|t:|1760392170
|move|p1a: Ceteres|Scald|p2a: Slither Wing
|-damage|p2a: Slither Wing|10/100 brn
|move|p2a: Slither Wing|Morning Sun|p2a: Slither Wing
|-heal|p2a: Slither Wing|60/100 brn
|
|-damage|p1a: Ceteres|55/100 brn|[from] brn
|-damage|p2a: Slither Wing|54/100 brn|[from] brn
|upkeep
|turn|29
|
|t:|1760392174
|move|p2a: Slither Wing|Morning Sun|p2a: Slither Wing
|-heal|p2a: Slither Wing|100/100 brn
|move|p1a: Ceteres|Recover|p1a: Ceteres
|-heal|p1a: Ceteres|100/100 brn
|
|-damage|p1a: Ceteres|94/100 brn|[from] brn
|-damage|p2a: Slither Wing|94/100 brn|[from] brn
|upkeep
|turn|30
|
|t:|1760392178
|move|p2a: Slither Wing|U-turn|p1a: Ceteres
|-damage|p1a: Ceteres|83/100 brn
|move|p1a: Ceteres|Scald|p2a: Slither Wing
|-damage|p2a: Slither Wing|72/100 brn
|
|-damage|p2a: Slither Wing|66/100 brn|[from] brn
|-damage|p1a: Ceteres|77/100 brn|[from] brn
|upkeep
|turn|31
|
|t:|1760392180
|move|p1a: Ceteres|Scald|p2a: Slither Wing
|-damage|p2a: Slither Wing|43/100 brn
|move|p2a: Slither Wing|U-turn|p1a: Ceteres
|-damage|p1a: Ceteres|66/100 brn
|
|-damage|p2a: Slither Wing|37/100 brn|[from] brn
|-damage|p1a: Ceteres|60/100 brn|[from] brn
|upkeep
|turn|32
|
|t:|1760392185
|move|p1a: Ceteres|Scald|p2a: Slither Wing
|-damage|p2a: Slither Wing|14/100 brn
|move|p2a: Slither Wing|Morning Sun|p2a: Slither Wing
|-heal|p2a: Slither Wing|64/100 brn
|
|-damage|p1a: Ceteres|54/100 brn|[from] brn
|-damage|p2a: Slither Wing|58/100 brn|[from] brn
|upkeep
|turn|33
|
|t:|1760392189
|move|p2a: Slither Wing|Morning Sun|p2a: Slither Wing
|-heal|p2a: Slither Wing|100/100 brn
|move|p1a: Ceteres|Recover|p1a: Ceteres
|-heal|p1a: Ceteres|100/100 brn
|
|-damage|p2a: Slither Wing|94/100 brn|[from] brn
|-damage|p1a: Ceteres|94/100 brn|[from] brn
|upkeep
|turn|34
|
|t:|1760392193
|move|p1a: Ceteres|Scald|p2a: Slither Wing
|-damage|p2a: Slither Wing|71/100 brn
|move|p2a: Slither Wing|U-turn|p1a: Ceteres
|-damage|p1a: Ceteres|83/100 brn
|
|-damage|p1a: Ceteres|77/100 brn|[from] brn
|-damage|p2a: Slither Wing|65/100 brn|[from] brn
|upkeep
|turn|35
|
|t:|1760392198
|move|p1a: Ceteres|Scald|p2a: Slither Wing
|-damage|p2a: Slither Wing|40/100 brn
|move|p2a: Slither Wing|U-turn|p1a: Ceteres
|-damage|p1a: Ceteres|65/100 brn
|
|-damage|p2a: Slither Wing|34/100 brn|[from] brn
|-damage|p1a: Ceteres|59/100 brn|[from] brn
|upkeep
|turn|36
|
|t:|1760392199
|move|p1a: Ceteres|Scald|p2a: Slither Wing
|-damage|p2a: Slither Wing|9/100 brn
|move|p2a: Slither Wing|Morning Sun|p2a: Slither Wing
|-heal|p2a: Slither Wing|59/100 brn
|
|-damage|p2a: Slither Wing|53/100 brn|[from] brn
|-damage|p1a: Ceteres|53/100 brn|[from] brn
|upkeep
|turn|37
|
|t:|1760392201
|move|p1a: Ceteres|Scald|p2a: Slither Wing
|-damage|p2a: Slither Wing|27/100 brn
|move|p2a: Slither Wing|Morning Sun|p2a: Slither Wing
|-heal|p2a: Slither Wing|77/100 brn
|
|-damage|p2a: Slither Wing|71/100 brn|[from] brn
|-damage|p1a: Ceteres|47/100 brn|[from] brn
|upkeep
|turn|38
|
|t:|1760392206
|move|p2a: Slither Wing|U-turn|p1a: Ceteres
|-damage|p1a: Ceteres|36/100 brn
|move|p1a: Ceteres|Scald|p2a: Slither Wing
|-damage|p2a: Slither Wing|47/100 brn
|
|-damage|p2a: Slither Wing|41/100 brn|[from] brn
|-damage|p1a: Ceteres|30/100 brn|[from] brn
|upkeep
|turn|39
|
|t:|1760392208
|move|p2a: Slither Wing|Morning Sun|p2a: Slither Wing
|-heal|p2a: Slither Wing|91/100 brn
|move|p1a: Ceteres|Scald|p2a: Slither Wing
|-damage|p2a: Slither Wing|66/100 brn
|
|-damage|p1a: Ceteres|24/100 brn|[from] brn
|-damage|p2a: Slither Wing|60/100 brn|[from] brn
|upkeep
|turn|40
|
|t:|1760392212
|move|p1a: Ceteres|Scald|p2a: Slither Wing
|-damage|p2a: Slither Wing|37/100 brn
|move|p2a: Slither Wing|U-turn|p1a: Ceteres
|-damage|p1a: Ceteres|13/100 brn
|
|-damage|p2a: Slither Wing|31/100 brn|[from] brn
|-damage|p1a: Ceteres|7/100 brn|[from] brn
|upkeep
|turn|41
|c|☆michael00000000|great match have not seen this slither wing set before
|
|t:|1760392223
|move|p1a: Ceteres|Scald|p2a: Slither Wing
|-crit|p2a: Slither Wing
|-damage|p2a: Slither Wing|0 fnt
|faint|p2a: Slither Wing
|-end|p2a: Slither Wing|Protosynthesis|[silent]
|
|win|michael00000000
|raw|michael00000000's rating: 1543 &rarr; <strong>1564</strong><br />(+21 for winning)
|raw|Pepinillovasi's rating: 1558 &rarr; <strong>1537</strong><br />(-21 for losing)
|l|☆Pepinillovasi
|player|p2|
|l|☆michael00000000
|player|p1|
