|badge|p2|silver|gen9ou|30-7
|badge|p2|silver|gen9ubers|30-7
|uhtml|medal-msg|<div class="broadcast-blue">Curious what those medals under the avatar are? PS now has Ladder Seasons! For more information, check out the <a href="https://www.smogon.com/forums/threads/3740067/">thread on Smogon.</a></div>
|j|☆yesterdaymister
|j|☆qways
|t:|1760457655
|gametype|singles
|player|p1|yesterdaymister|striker|1743
|player|p2|qways|1|1921
|gen|9
|tier|[Gen 9] OU
|rated|
|rule|HP Percentage Mod: HP is shown in percentages
|rule|Endless Battle Clause: Forcing endless battles is banned
|rule|Species Clause: Limit one of each Pokémon
|rule|OHKO Clause: OHKO moves are banned
|rule|Evasion Items Clause: Evasion items are banned
|rule|Evasion Moves Clause: Evasion moves are banned
|rule|Evasion Abilities Clause: Evasion abilities are banned
|rule|Sleep Moves Clause: Sleep-inducing moves are banned
|clearpoke
|poke|p1|Ninetales, M|
|poke|p1|Ceruledge, F|
|poke|p1|Venusaur, F|
|poke|p1|Hatterene, F|
|poke|p1|Great Tusk|
|poke|p1|Walking Wake|
|poke|p2|Ogerpon-Wellspring, F|
|poke|p2|Great Tusk|
|poke|p2|Deoxys-Speed|
|poke|p2|Dragonite, M|
|poke|p2|Iron Moth|
|poke|p2|Hatterene, F|
|teampreview
|inactive|Battle timer is ON: inactive players will automatically lose when time's up. (requested by yesterdaymister)
|
|t:|1760457672
|teamsize|p1|6
|teamsize|p2|6
|start
|switch|p1a: arda guler|Ninetales, M|100/100
|switch|p2a: Deoxys|Deoxys-Speed|100/100
|-ability|p2a: Deoxys|Pressure
|-weather|SunnyDay|[from] ability: Drought|[of] p1a: arda guler
|turn|1
|
|t:|1760457679
|switch|p1a: maccabi|Hatterene, F|100/100
|move|p2a: Deoxys|Nasty Plot|p2a: Deoxys
|-boost|p2a: Deoxys|spa|2
|
|-weather|SunnyDay|[upkeep]
|upkeep
|turn|2
|
|t:|1760457686
|move|p2a: Deoxys|Shadow Ball|p1a: maccabi
|-supereffective|p1a: maccabi
|-damage|p1a: maccabi|0 fnt
|faint|p1a: maccabi
|-damage|p2a: Deoxys|91/100|[from] item: Life Orb
|
|-weather|SunnyDay|[upkeep]
|upkeep
|
|t:|1760457689
|switch|p1a: hans vanaken|Venusaur, F|100/100
|turn|3
|
|t:|1760457718
|move|p1a: hans vanaken|Weather Ball|p2a: Deoxys
|-damage|p2a: Deoxys|4/100
|-damage|p1a: hans vanaken|91/100|[from] item: Life Orb
|move|p2a: Deoxys|Psycho Boost|p1a: hans vanaken
|-supereffective|p1a: hans vanaken
|-damage|p1a: hans vanaken|0 fnt
|-unboost|p2a: Deoxys|spa|2
|faint|p1a: hans vanaken
|-damage|p2a: Deoxys|0 fnt|[from] item: Life Orb
|faint|p2a: Deoxys
|
|-weather|SunnyDay|[upkeep]
|upkeep
|inactive|qways has 120 seconds left.
|
|t:|1760457753
|switch|p2a: Dragonite|Dragonite, M|100/100
|switch|p1a: lebron|Ceruledge, F|100/100
|turn|4
|
|t:|1760457780
|move|p1a: lebron|Bitter Blade|p2a: Dragonite
|-resisted|p2a: Dragonite
|-damage|p2a: Dragonite|82/100
|move|p2a: Dragonite|Earthquake|p1a: lebron
|-supereffective|p1a: lebron
|-enditem|p1a: lebron|Focus Sash
|-damage|p1a: lebron|1/100
|-ability|p1a: lebron|Weak Armor|boost
|-unboost|p1a: lebron|def|1
|-boost|p1a: lebron|spe|2
|
|-weather|SunnyDay|[upkeep]
|upkeep
|turn|5
|
|t:|1760457792
|-terastallize|p1a: lebron|Fairy
|move|p1a: lebron|Tera Blast|p2a: Dragonite|[anim] Tera Blast Fairy
|-supereffective|p2a: Dragonite
|-damage|p2a: Dragonite|0 fnt
|faint|p2a: Dragonite
|
|-weather|SunnyDay|[upkeep]
|upkeep
|j| nsdede
|inactive|qways has 90 seconds left.
|l| nsdede
|
|t:|1760457822
|switch|p2a: Iron Moth|Iron Moth|100/100
|-enditem|p2a: Iron Moth|Booster Energy
|-activate|p2a: Iron Moth|ability: Quark Drive|[fromitem]
|-start|p2a: Iron Moth|quarkdrivespe
|turn|6
|j| sunkyunko
|
|t:|1760457829
|move|p1a: lebron|Bitter Blade|p2a: Iron Moth
|-resisted|p2a: Iron Moth
|-damage|p2a: Iron Moth|51/100
|-heal|p1a: lebron|27/100|[from] drain|[of] p2a: Iron Moth
|move|p2a: Iron Moth|Fiery Dance|p1a: lebron
|-damage|p1a: lebron|0 fnt
|-boost|p2a: Iron Moth|spa|1
|faint|p1a: lebron
|
|-weather|SunnyDay|[upkeep]
|upkeep
|
|t:|1760457836
|switch|p1a: chama|Walking Wake|100/100
|-activate|p1a: chama|ability: Protosynthesis
|-start|p1a: chama|protosynthesisspa
|turn|7
|inactive|qways has 90 seconds left.
|
|t:|1760457853
|move|p2a: Iron Moth|Sludge Wave|p1a: chama
|-damage|p1a: chama|21/100
|move|p1a: chama|Dragon Pulse|p2a: Iron Moth
|-damage|p2a: Iron Moth|0 fnt
|faint|p2a: Iron Moth
|-end|p2a: Iron Moth|Quark Drive|[silent]
|
|-weather|SunnyDay|[upkeep]
|upkeep
|
|t:|1760457859
|switch|p2a: Hatterene|Hatterene, F|100/100
|turn|8
|inactive|qways has 90 seconds left.
|
|t:|1760457871
|-end|p1a: chama|Protosynthesis|[silent]
|switch|p1a: mignolet|Great Tusk|100/100
|-activate|p1a: mignolet|ability: Protosynthesis
|-start|p1a: mignolet|protosynthesisspe
|move|p2a: Hatterene|Psychic Noise|p1a: mignolet
|-supereffective|p1a: mignolet
|-damage|p1a: mignolet|12/100
|-start|p1a: mignolet|move: Heal Block
|
|-weather|none
|-end|p1a: mignolet|Protosynthesis
|upkeep
|turn|9
|j| wgw2333
|inactive|qways has 90 seconds left.
|
|t:|1760457888
|-end|p1a: mignolet|Protosynthesis|[silent]
|switch|p1a: arda guler|Ninetales, M|100/100
|-weather|SunnyDay|[from] ability: Drought|[of] p1a: arda guler
|move|p2a: Hatterene|Nuzzle|p1a: arda guler
|-damage|p1a: arda guler|95/100
|-status|p1a: arda guler|par
|
|-weather|SunnyDay|[upkeep]
|upkeep
|turn|10
|
|t:|1760457906
|move|p1a: arda guler|Healing Wish|p1a: arda guler
|faint|p1a: arda guler
|move|p2a: Hatterene|Psychic Noise|p1: arda guler|[notarget]
|-fail|p2a: Hatterene
|
|-weather|SunnyDay|[upkeep]
|upkeep
|
|t:|1760457910
|switch|p1a: chama|Walking Wake|21/100
|-heal|p1a: chama|100/100|[from] move: Healing Wish
|-activate|p1a: chama|ability: Protosynthesis
|-start|p1a: chama|protosynthesisspa
|turn|11
|
|t:|1760457918
|move|p1a: chama|Hydro Steam|p2a: Hatterene
|-damage|p2a: Hatterene|0 fnt
|faint|p2a: Hatterene
|
|-weather|SunnyDay|[upkeep]
|upkeep
|
|t:|1760457922
|switch|p2a: Ogerpon|Ogerpon-Wellspring, F|100/100
|turn|12
|inactive|qways has 90 seconds left.
|
|t:|1760457941
|-end|p1a: chama|Protosynthesis|[silent]
|switch|p1a: mignolet|Great Tusk|12/100
|-activate|p1a: mignolet|ability: Protosynthesis
|-start|p1a: mignolet|protosynthesisspe
|move|p2a: Ogerpon|Ivy Cudgel|p1a: mignolet|[anim] Ivy Cudgel Water
|-supereffective|p1a: mignolet
|-damage|p1a: mignolet|0 fnt
|faint|p1a: mignolet
|-end|p1a: mignolet|Protosynthesis|[silent]
|
|-weather|SunnyDay|[upkeep]
|upkeep
|
|t:|1760457944
|switch|p1a: chama|Walking Wake|100/100
|-activate|p1a: chama|ability: Protosynthesis
|-start|p1a: chama|protosynthesisspa
|turn|13
|
|t:|1760457955
|-terastallize|p2a: Ogerpon|Water
|detailschange|p2a: Ogerpon|Ogerpon-Wellspring-Tera, F, tera:Water
|-ability|p2a: Ogerpon|Embody Aspect (Wellspring)|boost
|-boost|p2a: Ogerpon|spd|1
|move|p2a: Ogerpon|Play Rough|p1a: chama
|-supereffective|p1a: chama
|-damage|p1a: chama|18/100
|move|p1a: chama|Dragon Pulse|p2a: Ogerpon
|-damage|p2a: Ogerpon|30/100
|
|-weather|SunnyDay|[upkeep]
|upkeep
|turn|14
|
|t:|1760457966
|move|p2a: Ogerpon|Play Rough|p1a: chama
|-supereffective|p1a: chama
|-damage|p1a: chama|0 fnt
|faint|p1a: chama
|-end|p1a: chama|Protosynthesis|[silent]
|
|win|qways
|raw|yesterdaymister's rating: 1743 &rarr; <strong>1732</strong><br />(-11 for losing)
|raw|qways's rating: 1921 &rarr; <strong>1932</strong><br />(+11 for winning)
|l|☆yesterdaymister
|player|p1|
|l|☆qways
|player|p2|
