|j|☆GreenMisfire
|j|☆KinglerCookie
|t:|1760390649
|gametype|singles
|player|p1|GreenMisfire|acetrainer-gen4dp|1435
|player|p2|KinglerCookie|picnicker|1407
|gen|9
|tier|[Gen 9] OU
|rated|
|rule|HP Percentage Mod: HP is shown in percentages
|rule|Endless Battle Clause: Forcing endless battles is banned
|rule|Species Clause: Limit one of each Pokémon
|rule|OHKO Clause: OHKO moves are banned
|rule|Evasion Items Clause: Evasion items are banned
|rule|Evasion Moves Clause: Evasion moves are banned
|rule|Evasion Abilities Clause: Evasion abilities are banned
|rule|Sleep Moves Clause: Sleep-inducing moves are banned
|clearpoke
|poke|p1|Araquanid, M|
|poke|p1|Kingambit, M|
|poke|p1|Raging Bolt|
|poke|p1|Iron Moth|
|poke|p1|Dragonite, M|
|poke|p1|Darkrai|
|poke|p2|Iron Valiant|
|poke|p2|Great Tusk|
|poke|p2|Ogerpon-Wellspring, F|
|poke|p2|Darkrai|
|poke|p2|Enamorus, F|
|poke|p2|Pecharunt|
|teampreview
|inactive|Battle timer is ON: inactive players will automatically lose when time's up. (requested by GreenMisfire)
|
|t:|1760390661
|teamsize|p1|6
|teamsize|p2|6
|start
|switch|p1a: Skeeter|Araquanid, M|100/100
|switch|p2a: Ogerpon|Ogerpon-Wellspring, F|100/100
|turn|1
|
|t:|1760390670
|move|p2a: Ogerpon|Power Whip|p1a: Skeeter
|-damage|p1a: Skeeter|16/100
|move|p1a: Skeeter|Lunge|p2a: Ogerpon
|-supereffective|p2a: Ogerpon
|-damage|p2a: Ogerpon|41/100
|-unboost|p2a: Ogerpon|atk|1
|
|upkeep
|turn|2
|-enditem|p1a: Skeeter|Custap Berry|[eat]
|-activate|p1a: Skeeter|item: Custap Berry|[consumed]
|
|t:|1760390688
|move|p1a: Skeeter|Lunge|p2a: Ogerpon
|-supereffective|p2a: Ogerpon
|-damage|p2a: Ogerpon|0 fnt
|faint|p2a: Ogerpon
|
|upkeep
|
|t:|1760390698
|switch|p2a: Great Tusk|Great Tusk|100/100
|turn|3
|
|t:|1760390701
|move|p2a: Great Tusk|Rapid Spin|p1a: Skeeter
|-damage|p1a: Skeeter|0 fnt
|-boost|p2a: Great Tusk|spe|1
|faint|p1a: Skeeter
|
|upkeep
|
|t:|1760390706
|switch|p1a: Morh|Iron Moth|100/100
|-enditem|p1a: Morh|Booster Energy
|-activate|p1a: Morh|ability: Quark Drive|[fromitem]
|-start|p1a: Morh|quarkdrivespa
|turn|4
|
|t:|1760390710
|-terastallize|p1a: Morh|Grass
|move|p2a: Great Tusk|Earthquake|p1a: Morh
|-resisted|p1a: Morh
|-damage|p1a: Morh|57/100
|move|p1a: Morh|Energy Ball|p2a: Great Tusk
|-supereffective|p2a: Great Tusk
|-damage|p2a: Great Tusk|0 fnt
|faint|p2a: Great Tusk
|-end|p2a: Great Tusk|Protosynthesis|[silent]
|
|upkeep
|
|t:|1760390715
|switch|p2a: Darkrai|Darkrai|100/100
|turn|5
|
|t:|1760390721
|move|p2a: Darkrai|Sludge Bomb|p1a: Morh
|-supereffective|p1a: Morh
|-damage|p1a: Morh|0 fnt
|faint|p1a: Morh
|-end|p1a: Morh|Quark Drive|[silent]
|-damage|p2a: Darkrai|91/100|[from] item: Life Orb
|
|upkeep
|
|t:|1760390724
|switch|p1a: Volvagia|Dragonite, M|100/100
|turn|6
|
|t:|1760390728
|switch|p2a: Pecharunt|Pecharunt|100/100
|move|p1a: Volvagia|Dragon Dance|p1a: Volvagia
|-boost|p1a: Volvagia|atk|1
|-boost|p1a: Volvagia|spe|1
|
|upkeep
|turn|7
|l|☆GreenMisfire
|inactive|GreenMisfire disconnected and has a minute to reconnect!
|player|p1|
|j|☆GreenMisfire
|inactive|GreenMisfire reconnected and has 130 seconds left.
|player|p1|GreenMisfire|acetrainer-gen4dp|
|
|t:|1760390753
|move|p1a: Volvagia|Earthquake|p2a: Pecharunt
|-supereffective|p2a: Pecharunt
|-damage|p2a: Pecharunt|26/100
|move|p2a: Pecharunt|Malignant Chain|p1a: Volvagia
|-damage|p1a: Volvagia|77/100
|-status|p1a: Volvagia|tox
|-start|p1a: Volvagia|confusion|[from] ability: Poison Puppeteer|[of] p2a: Pecharunt
|
|-heal|p2a: Pecharunt|32/100|[from] item: Leftovers
|-damage|p1a: Volvagia|71/100 tox|[from] psn
|upkeep
|turn|8
|
|t:|1760390757
|-activate|p1a: Volvagia|confusion
|-damage|p1a: Volvagia|47/100 tox|[from] confusion
|move|p2a: Pecharunt|Recover|p2a: Pecharunt
|-heal|p2a: Pecharunt|82/100
|
|-heal|p2a: Pecharunt|88/100|[from] item: Leftovers
|-damage|p1a: Volvagia|35/100 tox|[from] psn
|upkeep
|turn|9
|
|t:|1760390760
|-activate|p1a: Volvagia|confusion
|-damage|p1a: Volvagia|9/100 tox|[from] confusion
|move|p2a: Pecharunt|Recover|p2a: Pecharunt
|-heal|p2a: Pecharunt|100/100
|
|-damage|p1a: Volvagia|0 fnt|[from] psn
|faint|p1a: Volvagia
|upkeep
|
|t:|1760390766
|switch|p1a: Knight|Kingambit, M, shiny|100/100
|-activate|p1a: Knight|ability: Supreme Overlord
|-start|p1a: Knight|fallen3|[silent]
|turn|10
|
|t:|1760390768
|move|p2a: Pecharunt|Parting Shot|p1a: Knight
|-unboost|p1a: Knight|atk|1
|-unboost|p1a: Knight|spa|1
|
|t:|1760390770
|switch|p2a: Iron Valiant|Iron Valiant|100/100|[from] Parting Shot
|-enditem|p2a: Iron Valiant|Booster Energy
|-activate|p2a: Iron Valiant|ability: Quark Drive|[fromitem]
|-start|p2a: Iron Valiant|quarkdrivespe
|move|p1a: Knight|Kowtow Cleave|p2a: Iron Valiant
|-resisted|p2a: Iron Valiant
|-damage|p2a: Iron Valiant|86/100
|
|upkeep
|turn|11
|
|t:|1760390772
|move|p2a: Iron Valiant|Encore|p1a: Knight
|-start|p1a: Knight|Encore
|move|p1a: Knight|Kowtow Cleave|p2a: Iron Valiant
|-resisted|p2a: Iron Valiant
|-damage|p2a: Iron Valiant|72/100
|
|upkeep
|turn|12
|
|t:|1760390776
|move|p2a: Iron Valiant|Close Combat|p1a: Knight
|-supereffective|p1a: Knight
|-damage|p1a: Knight|0 fnt
|-unboost|p2a: Iron Valiant|def|1
|-unboost|p2a: Iron Valiant|spd|1
|faint|p1a: Knight
|-end|p1a: Knight|fallen3|[silent]
|
|upkeep
|
|t:|1760390778
|switch|p1a: Bolt|Raging Bolt|100/100
|-enditem|p1a: Bolt|Booster Energy
|-activate|p1a: Bolt|ability: Protosynthesis|[fromitem]
|-start|p1a: Bolt|protosynthesisspa
|turn|13
|
|t:|1760390782
|move|p2a: Iron Valiant|Close Combat|p1a: Bolt
|-damage|p1a: Bolt|48/100
|-unboost|p2a: Iron Valiant|def|1
|-unboost|p2a: Iron Valiant|spd|1
|move|p1a: Bolt|Volt Switch|p2a: Iron Valiant
|-damage|p2a: Iron Valiant|0 fnt
|faint|p2a: Iron Valiant
|-end|p2a: Iron Valiant|Quark Drive|[silent]
|
|t:|1760390785
|-end|p1a: Bolt|Protosynthesis|[silent]
|switch|p1a: Nightmare|Darkrai|100/100|[from] Volt Switch
|
|upkeep
|
|t:|1760390787
|switch|p2a: Enamorus|Enamorus, F|100/100
|turn|14
|
|t:|1760390789
|move|p2a: Enamorus|Moonblast|p1a: Nightmare
|-supereffective|p1a: Nightmare
|-damage|p1a: Nightmare|0 fnt
|faint|p1a: Nightmare
|
|upkeep
|
|t:|1760390792
|switch|p1a: Bolt|Raging Bolt|48/100
|turn|15
|
|t:|1760390794
|switch|p2a: Pecharunt|Pecharunt|100/100
|move|p1a: Bolt|Thunderclap||[still]
|-fail|p1a: Bolt
|
|upkeep
|turn|16
|
|t:|1760390796
|move|p2a: Pecharunt|Parting Shot|p1a: Bolt
|-unboost|p1a: Bolt|atk|1
|-unboost|p1a: Bolt|spa|1
|
|t:|1760390798
|switch|p2a: Darkrai|Darkrai|91/100|[from] Parting Shot
|move|p1a: Bolt|Dragon Pulse|p2a: Darkrai
|-damage|p2a: Darkrai|43/100
|
|upkeep
|turn|17
|
|t:|1760390804
|move|p1a: Bolt|Thunderclap|p2a: Darkrai
|-damage|p2a: Darkrai|10/100
|move|p2a: Darkrai|Dark Pulse|p1a: Bolt
|-damage|p1a: Bolt|2/100
|-damage|p2a: Darkrai|0 fnt|[from] item: Life Orb
|faint|p2a: Darkrai
|
|upkeep
|
|t:|1760390807
|switch|p2a: Pecharunt|Pecharunt|100/100
|turn|18
|
|t:|1760390809
|move|p1a: Bolt|Thunderclap|p2a: Pecharunt
|-damage|p2a: Pecharunt|70/100
|move|p2a: Pecharunt|Malignant Chain|p1a: Bolt
|-damage|p1a: Bolt|0 fnt
|faint|p1a: Bolt
|-end|p1a: Bolt|Protosynthesis|[silent]
|
|win|KinglerCookie
|raw|GreenMisfire's rating: 1435 &rarr; <strong>1413</strong><br />(-22 for losing)
|raw|KinglerCookie's rating: 1407 &rarr; <strong>1429</strong><br />(+22 for winning)
