|j|☆periko29
|j|☆Pirate du Merry
|t:|1760380651
|gametype|singles
|player|p1|periko29|palmer|1127
|player|p2|Pirate du Merry|aquagrunt|1100
|gen|9
|tier|[Gen 9] OU
|rated|
|rule|HP Percentage Mod: HP is shown in percentages
|rule|Endless Battle Clause: Forcing endless battles is banned
|rule|Species Clause: Limit one of each Pokémon
|rule|OHKO Clause: OHKO moves are banned
|rule|Evasion Items Clause: Evasion items are banned
|rule|Evasion Moves Clause: Evasion moves are banned
|rule|Evasion Abilities Clause: Evasion abilities are banned
|rule|Sleep Moves Clause: Sleep-inducing moves are banned
|clearpoke
|poke|p1|Clefable, M|
|poke|p1|Dragonite, F|
|poke|p1|Manaphy|
|poke|p1|Iron Valiant|
|poke|p1|Klefki, M|
|poke|p1|Cinderace, F|
|poke|p2|Infernape, F|
|poke|p2|Sceptile, M|
|poke|p2|Gholdengo|
|poke|p2|Inteleon, F|
|poke|p2|Blaziken, F|
|poke|p2|Stantler, F|
|teampreview
|inactive|Battle timer is ON: inactive players will automatically lose when time's up. (requested by periko29)
|
|t:|1760380682
|teamsize|p1|6
|teamsize|p2|6
|start
|switch|p1a: Klefki|Klefki, M, shiny|100/100
|switch|p2a: Chopper|Stantler, F|100/100
|-ability|p2a: Chopper|Intimidate|boost
|-unboost|p1a: Klefki|atk|1
|turn|1
|
|t:|1760380694
|switch|p2a: Nami|Gholdengo|100/100
|move|p1a: Klefki|Reflect|p1a: Klefki
|-sidestart|p1: periko29|Reflect
|
|upkeep
|turn|2
|
|t:|1760380700
|move|p1a: Klefki|Light Screen|p1a: Klefki
|-sidestart|p1: periko29|move: Light Screen
|move|p2a: Nami|Shadow Ball|p1a: Klefki
|-damage|p1a: Klefki|75/100
|
|upkeep
|turn|3
|
|t:|1760380705
|move|p1a: Klefki|Thunder Wave|p2a: Nami
|-immune|p2a: Nami|[from] ability: Good as Gold
|move|p2a: Nami|Shadow Ball|p1a: Klefki
|-damage|p1a: Klefki|50/100
|
|upkeep
|turn|4
|
|t:|1760380708
|move|p1a: Klefki|Spikes|p2a: Nami
|-sidestart|p2: Pirate du Merry|Spikes
|move|p2a: Nami|Shadow Ball|p1a: Klefki
|-damage|p1a: Klefki|23/100
|
|upkeep
|turn|5
|
|t:|1760380714
|switch|p1a: Cinderace|Cinderace, F|100/100
|move|p2a: Nami|Shadow Ball|p1a: Cinderace
|-damage|p1a: Cinderace|71/100
|-unboost|p1a: Cinderace|spd|1
|
|upkeep
|turn|6
|
|t:|1760380721
|switch|p2a: Chopper|Stantler, F|100/100
|-damage|p2a: Chopper|88/100|[from] Spikes
|-ability|p2a: Chopper|Intimidate|boost
|-unboost|p1a: Cinderace|atk|1
|move|p1a: Cinderace|Pyro Ball|p2a: Chopper
|-damage|p2a: Chopper|22/100
|
|upkeep
|turn|7
|
|t:|1760380730
|move|p1a: Cinderace|Pyro Ball|p2a: Chopper
|-damage|p2a: Chopper|0 fnt
|faint|p2a: Chopper
|
|upkeep
|
|t:|1760380736
|switch|p2a: Luffy|Infernape, F|100/100
|-damage|p2a: Luffy|88/100|[from] Spikes
|turn|8
|
|t:|1760380744
|move|p2a: Luffy|Fake Out|p1a: Cinderace
|-damage|p1a: Cinderace|62/100
|cant|p1a: Cinderace|flinch
|
|-heal|p2a: Luffy|94/100|[from] item: Leftovers
|-sideend|p1: periko29|Reflect
|upkeep
|turn|9
|
|t:|1760380749
|move|p1a: Cinderace|U-turn|p2a: Luffy
|-start|p1a: Cinderace|typechange|Bug|[from] ability: Libero
|-resisted|p2a: Luffy
|-damage|p2a: Luffy|85/100
|
|t:|1760380754
|switch|p1a: Manaphy|Manaphy|100/100|[from] U-turn
|move|p2a: Luffy|Stealth Rock|p1a: Manaphy
|-sidestart|p1: periko29|move: Stealth Rock
|
|-heal|p2a: Luffy|91/100|[from] item: Leftovers
|-sideend|p1: periko29|move: Light Screen
|upkeep
|turn|10
|
|t:|1760380758
|move|p2a: Luffy|Thunder Punch|p1a: Manaphy
|-supereffective|p1a: Manaphy
|-damage|p1a: Manaphy|51/100
|move|p1a: Manaphy|Acid Armor|p1a: Manaphy
|-boost|p1a: Manaphy|def|2
|
|-heal|p2a: Luffy|97/100|[from] item: Leftovers
|-heal|p1a: Manaphy|57/100|[from] item: Leftovers
|upkeep
|turn|11
|
|t:|1760380763
|move|p2a: Luffy|Thunder Punch|p1a: Manaphy
|-supereffective|p1a: Manaphy
|-damage|p1a: Manaphy|29/100
|move|p1a: Manaphy|Scald|p2a: Luffy
|-supereffective|p2a: Luffy
|-damage|p2a: Luffy|0 fnt
|faint|p2a: Luffy
|
|-heal|p1a: Manaphy|35/100|[from] item: Leftovers
|upkeep
|
|t:|1760380777
|switch|p2a: Nami|Gholdengo|100/100
|-damage|p2a: Nami|88/100|[from] Spikes
|turn|12
|
|t:|1760380781
|move|p2a: Nami|Thunderbolt|p1a: Manaphy
|-supereffective|p1a: Manaphy
|-damage|p1a: Manaphy|0 fnt
|faint|p1a: Manaphy
|
|upkeep
|
|t:|1760380784
|switch|p1a: Cinderace|Cinderace, F|62/100
|turn|13
|
|t:|1760380789
|switch|p2a: Sanji|Blaziken, F|100/100
|move|p1a: Cinderace|Pyro Ball|p2a: Sanji
|-resisted|p2a: Sanji
|-damage|p2a: Sanji|59/100
|
|upkeep
|turn|14
|
|t:|1760380802
|switch|p1a: Klefki|Klefki, M, shiny|23/100
|-damage|p1a: Klefki|17/100|[from] Stealth Rock
|move|p2a: Sanji|Swords Dance|p2a: Sanji
|-boost|p2a: Sanji|atk|2
|
|-ability|p2a: Sanji|Speed Boost|boost
|-boost|p2a: Sanji|spe|1
|upkeep
|turn|15
|
|t:|1760380810
|move|p1a: Klefki|Thunder Wave|p2a: Sanji
|-status|p2a: Sanji|par
|cant|p2a: Sanji|par
|
|-ability|p2a: Sanji|Speed Boost|boost
|-boost|p2a: Sanji|spe|1
|upkeep
|turn|16
|
|t:|1760380815
|move|p1a: Klefki|Reflect|p1a: Klefki
|-sidestart|p1: periko29|Reflect
|move|p2a: Sanji|Blaze Kick|p1a: Klefki
|-supereffective|p1a: Klefki
|-damage|p1a: Klefki|0 fnt
|faint|p1a: Klefki
|
|-ability|p2a: Sanji|Speed Boost|boost
|-boost|p2a: Sanji|spe|1
|upkeep
|
|t:|1760380826
|switch|p1a: Dragonite|Dragonite, F|100/100
|turn|17
|
|t:|1760380831
|move|p2a: Sanji|Brave Bird|p1a: Dragonite
|-damage|p1a: Dragonite|77/100
|-damage|p2a: Sanji|50/100 par|[from] Recoil
|move|p1a: Dragonite|Dragon Dance|p1a: Dragonite
|-boost|p1a: Dragonite|atk|1
|-boost|p1a: Dragonite|spe|1
|
|-ability|p2a: Sanji|Speed Boost|boost
|-boost|p2a: Sanji|spe|1
|upkeep
|turn|18
|
|t:|1760380841
|move|p2a: Sanji|Brave Bird|p1a: Dragonite
|-crit|p1a: Dragonite
|-damage|p1a: Dragonite|0 fnt
|faint|p1a: Dragonite
|-damage|p2a: Sanji|23/100 par|[from] Recoil
|
|-ability|p2a: Sanji|Speed Boost|boost
|-boost|p2a: Sanji|spe|1
|upkeep
|
|t:|1760380845
|switch|p1a: Cinderace|Cinderace, F|62/100
|turn|19
|
|t:|1760380848
|move|p1a: Cinderace|Sucker Punch|p2a: Sanji
|-start|p1a: Cinderace|typechange|Dark|[from] ability: Libero
|-resisted|p2a: Sanji
|-damage|p2a: Sanji|0 fnt
|faint|p2a: Sanji
|
|upkeep
|
|t:|1760380860
|switch|p2a: Zoro|Sceptile, M|100/100
|-damage|p2a: Zoro|88/100|[from] Spikes
|turn|20
|
|t:|1760380865
|-terastallize|p1a: Cinderace|Fire
|move|p1a: Cinderace|Pyro Ball|p2a: Zoro
|-supereffective|p2a: Zoro
|-damage|p2a: Zoro|0 fnt
|faint|p2a: Zoro
|
|upkeep
|
|t:|1760380867
|switch|p2a: Usopp|Inteleon, F|100/100
|-damage|p2a: Usopp|88/100|[from] Spikes
|turn|21
|
|t:|1760380873
|move|p2a: Usopp|Snipe Shot|p1a: Cinderace
|-supereffective|p1a: Cinderace
|-damage|p1a: Cinderace|0 fnt
|faint|p1a: Cinderace
|
|upkeep
|
|t:|1760380879
|switch|p1a: Clefable|Clefable, M|100/100
|turn|22
|
|t:|1760380882
|switch|p2a: Nami|Gholdengo|88/100
|-damage|p2a: Nami|76/100|[from] Spikes
|move|p1a: Clefable|Calm Mind|p1a: Clefable
|-boost|p1a: Clefable|spa|1
|-boost|p1a: Clefable|spd|1
|
|upkeep
|turn|23
|
|t:|1760380891
|move|p2a: Nami|Make It Rain|p1a: Clefable
|-supereffective|p1a: Clefable
|-damage|p1a: Clefable|13/100
|-unboost|p2a: Nami|spa|1
|move|p1a: Clefable|Psyshock|p2a: Nami
|-resisted|p2a: Nami
|-damage|p2a: Nami|61/100
|
|-heal|p1a: Clefable|19/100|[from] item: Leftovers
|-sideend|p1: periko29|Reflect
|upkeep
|turn|24
|
|t:|1760380901
|move|p2a: Nami|Make It Rain|p1a: Clefable
|-supereffective|p1a: Clefable
|-damage|p1a: Clefable|0 fnt
|-unboost|p2a: Nami|spa|1
|faint|p1a: Clefable
|
|upkeep
|
|t:|1760380903
|switch|p1a: Iron Valiant|Iron Valiant|100/100
|-damage|p1a: Iron Valiant|94/100|[from] Stealth Rock
|turn|25
|
|t:|1760380914
|switch|p2a: Usopp|Inteleon, F|88/100
|-damage|p2a: Usopp|76/100|[from] Spikes
|move|p1a: Iron Valiant|Trick|p2a: Usopp
|-activate|p1a: Iron Valiant|move: Trick|[of] p2a: Usopp
|-item|p2a: Usopp|Choice Specs|[from] move: Trick
|-item|p1a: Iron Valiant|Choice Specs|[from] move: Trick
|
|upkeep
|turn|26
|
|t:|1760380930
|move|p2a: Usopp|Snipe Shot|p1a: Iron Valiant
|-damage|p1a: Iron Valiant|0 fnt
|faint|p1a: Iron Valiant
|-end|p1a: Iron Valiant|Quark Drive|[silent]
|
|win|Pirate du Merry
|raw|periko29's rating: 1127 &rarr; <strong>1100</strong><br />(-27 for losing)
|raw|Pirate du Merry's rating: 1100 &rarr; <strong>1127</strong><br />(+27 for winning)
|l|☆Pirate du Merry
|player|p2|
|l|☆periko29
|player|p1|
