|badge|p2|bronze|gen9ou|100-7
|uhtml|medal-msg|<div class="broadcast-blue">Curious what those medals under the avatar are? PS now has Ladder Seasons! For more information, check out the <a href="https://www.smogon.com/forums/threads/3740067/">thread on Smogon.</a></div>
|j|☆henry151th
|j|☆SpaceMedaFighterX
|t:|1760439053
|gametype|singles
|player|p1|henry151th|wallace|1723
|player|p2|SpaceMedaFighterX|tabitha-gen3|1825
|gen|9
|tier|[Gen 9] OU
|rated|
|rule|HP Percentage Mod: HP is shown in percentages
|rule|Endless Battle Clause: Forcing endless battles is banned
|rule|Species Clause: Limit one of each Pokémon
|rule|OHKO Clause: OHKO moves are banned
|rule|Evasion Items Clause: Evasion items are banned
|rule|Evasion Moves Clause: Evasion moves are banned
|rule|Evasion Abilities Clause: Evasion abilities are banned
|rule|Sleep Moves Clause: Sleep-inducing moves are banned
|clearpoke
|poke|p1|Lokix, M|
|poke|p1|Cinderace, M|
|poke|p1|Great Tusk|
|poke|p1|Alomomola, M|
|poke|p1|Enamorus, F|
|poke|p1|Slowking-Galar, M|
|poke|p2|Garchomp, F|
|poke|p2|Darkrai|
|poke|p2|Gholdengo|
|poke|p2|Iron Treads|
|poke|p2|Ogerpon-Wellspring, F|
|poke|p2|Iron Valiant|
|teampreview
|
|t:|1760439082
|teamsize|p1|6
|teamsize|p2|6
|start
|switch|p1a: Slowking|Slowking-Galar, M|100/100
|switch|p2a: Darkrai|Darkrai|100/100
|turn|1
|c|☆henry151th|Im tiltin so hard
|
|t:|1760439090
|move|p2a: Darkrai|Knock Off|p1a: Slowking
|-supereffective|p1a: Slowking
|-damage|p1a: Slowking|55/100
|-enditem|p1a: Slowking|Shuca Berry|[from] move: Knock Off|[of] p2a: Darkrai
|-prepare|p1a: Slowking|Chilly Reception|[premajor]
|move|p1a: Slowking|Chilly Reception|p1a: Slowking
|-weather|Snowscape
|
|t:|1760439092
|switch|p1a: Lokix|Lokix, M|100/100|[from] Chilly Reception
|
|-weather|Snowscape|[upkeep]
|upkeep
|turn|2
|
|t:|1760439097
|switch|p2a: Garchomp|Garchomp, F|100/100
|move|p1a: Lokix|U-turn|p2a: Garchomp
|-damage|p2a: Garchomp|71/100
|-damage|p1a: Lokix|88/100|[from] ability: Rough Skin|[of] p2a: Garchomp
|-damage|p1a: Lokix|72/100|[from] item: Rocky Helmet|[of] p2a: Garchomp
|
|t:|1760439100
|switch|p1a: Enamorus|Enamorus, F|100/100|[from] U-turn
|
|-weather|Snowscape|[upkeep]
|upkeep
|turn|3
|
|t:|1760439104
|switch|p2a: Iron Treads|Iron Treads|100/100
|move|p1a: Enamorus|Moonblast|p2a: Iron Treads
|-resisted|p2a: Iron Treads
|-damage|p2a: Iron Treads|73/100
|-unboost|p2a: Iron Treads|spa|1
|
|-weather|Snowscape|[upkeep]
|-heal|p2a: Iron Treads|79/100|[from] item: Leftovers
|upkeep
|turn|4
|
|t:|1760439110
|switch|p1a: Great Tusk|Great Tusk|100/100
|move|p2a: Iron Treads|Knock Off|p1a: Great Tusk
|-resisted|p1a: Great Tusk
|-damage|p1a: Great Tusk|94/100
|-enditem|p1a: Great Tusk|Leftovers|[from] move: Knock Off|[of] p2a: Iron Treads
|
|-weather|Snowscape|[upkeep]
|-heal|p2a: Iron Treads|85/100|[from] item: Leftovers
|upkeep
|turn|5
|
|t:|1760439114
|-end|p2a: Iron Treads|Quark Drive|[silent]
|switch|p2a: Gholdengo|Gholdengo|100/100
|-item|p2a: Gholdengo|Air Balloon
|-end|p1a: Great Tusk|Protosynthesis|[silent]
|switch|p1a: Enamorus|Enamorus, F|100/100
|
|-weather|none
|upkeep
|turn|6
|
|t:|1760439121
|switch|p1a: Alomomola|Alomomola, M|100/100
|move|p2a: Gholdengo|Thunder Wave|p1a: Alomomola
|-status|p1a: Alomomola|par
|
|upkeep
|turn|7
|
|t:|1760439125
|switch|p2a: Ogerpon|Ogerpon-Wellspring, F|100/100
|move|p1a: Alomomola|Mirror Coat||[still]
|-fail|p1a: Alomomola
|
|upkeep
|turn|8
|
|t:|1760439132
|move|p2a: Ogerpon|Swords Dance|p2a: Ogerpon
|-boost|p2a: Ogerpon|atk|2
|cant|p1a: Alomomola|par
|
|upkeep
|turn|9
|
|t:|1760439140
|move|p2a: Ogerpon|Trailblaze|p1a: Alomomola
|-supereffective|p1a: Alomomola
|-damage|p1a: Alomomola|22/100 par
|-boost|p2a: Ogerpon|spe|1
|move|p1a: Alomomola|Body Slam|p2a: Ogerpon
|-damage|p2a: Ogerpon|82/100
|
|upkeep
|turn|10
|
|t:|1760439146
|switch|p1a: Slowking|Slowking-Galar, M|88/100
|move|p2a: Ogerpon|Ivy Cudgel|p1a: Slowking|[anim] Ivy Cudgel Water
|-damage|p1a: Slowking|12/100
|
|upkeep
|turn|11
|
|t:|1760439151
|switch|p1a: Great Tusk|Great Tusk|94/100
|move|p2a: Ogerpon|Ivy Cudgel|p1a: Great Tusk|[anim] Ivy Cudgel Water
|-supereffective|p1a: Great Tusk
|-crit|p1a: Great Tusk
|-damage|p1a: Great Tusk|0 fnt
|faint|p1a: Great Tusk
|-end|p1a: Great Tusk|Protosynthesis|[silent]
|
|upkeep
|
|t:|1760439152
|switch|p1a: Lokix|Lokix, M|72/100
|turn|12
|
|t:|1760439154
|switch|p2a: Garchomp|Garchomp, F|71/100
|-terastallize|p1a: Lokix|Bug
|move|p1a: Lokix|First Impression|p2a: Garchomp
|-damage|p2a: Garchomp|21/100
|-damage|p1a: Lokix|60/100|[from] ability: Rough Skin|[of] p2a: Garchomp
|-damage|p1a: Lokix|43/100|[from] item: Rocky Helmet|[of] p2a: Garchomp
|
|upkeep
|turn|13
|
|t:|1760439165
|switch|p1a: Enamorus|Enamorus, F|100/100
|move|p2a: Garchomp|Stone Edge|p1a: Enamorus|[miss]
|-miss|p2a: Garchomp|p1a: Enamorus
|
|upkeep
|turn|14
|c|☆SpaceMedaFighterX|pfsh
|
|t:|1760439185
|switch|p2a: Iron Treads|Iron Treads|85/100
|move|p1a: Enamorus|Earth Power|p2a: Iron Treads
|-supereffective|p2a: Iron Treads
|-damage|p2a: Iron Treads|12/100
|
|-heal|p2a: Iron Treads|18/100|[from] item: Leftovers
|upkeep
|turn|15
|
|t:|1760439193
|switch|p1a: Cinderace|Cinderace, M|100/100
|-end|p2a: Iron Treads|Quark Drive|[silent]
|switch|p2a: Gholdengo|Gholdengo|100/100
|-item|p2a: Gholdengo|Air Balloon
|
|upkeep
|turn|16
|
|t:|1760439210
|switch|p2a: Iron Treads|Iron Treads|18/100
|move|p1a: Cinderace|Pyro Ball|p2a: Iron Treads
|-supereffective|p2a: Iron Treads
|-damage|p2a: Iron Treads|0 fnt
|faint|p2a: Iron Treads
|-end|p2a: Iron Treads|Quark Drive|[silent]
|
|upkeep
|
|t:|1760439215
|switch|p2a: Darkrai|Darkrai|100/100
|turn|17
|
|t:|1760439218
|move|p2a: Darkrai|Knock Off|p1a: Cinderace
|-damage|p1a: Cinderace|66/100
|-enditem|p1a: Cinderace|Heavy-Duty Boots|[from] move: Knock Off|[of] p2a: Darkrai
|move|p1a: Cinderace|U-turn|p2a: Darkrai
|-supereffective|p2a: Darkrai
|-damage|p2a: Darkrai|41/100
|
|t:|1760439221
|switch|p1a: Lokix|Lokix, M, tera:Bug|43/100|[from] U-turn
|
|upkeep
|turn|18
|
|t:|1760439252
|switch|p2a: Iron Valiant|Iron Valiant|100/100
|-enditem|p2a: Iron Valiant|Booster Energy
|-activate|p2a: Iron Valiant|ability: Quark Drive|[fromitem]
|-start|p2a: Iron Valiant|quarkdrivespe
|move|p1a: Lokix|First Impression|p2a: Iron Valiant
|-resisted|p2a: Iron Valiant
|-damage|p2a: Iron Valiant|43/100
|
|upkeep
|turn|19
|
|t:|1760439268
|-end|p2a: Iron Valiant|Quark Drive|[silent]
|switch|p2a: Garchomp|Garchomp, F|21/100
|switch|p1a: Alomomola|Alomomola, M|55/100 par
|
|upkeep
|turn|20
|
|t:|1760439273
|move|p2a: Garchomp|Stealth Rock|p1a: Alomomola
|-sidestart|p1: henry151th|move: Stealth Rock
|move|p1a: Alomomola|Flip Turn|p2a: Garchomp
|-damage|p2a: Garchomp|10/100
|-damage|p1a: Alomomola|43/100 par|[from] ability: Rough Skin|[of] p2a: Garchomp
|-damage|p1a: Alomomola|26/100 par|[from] item: Rocky Helmet|[of] p2a: Garchomp
|
|t:|1760439285
|switch|p1a: Enamorus|Enamorus, F|100/100|[from] Flip Turn
|-damage|p1a: Enamorus|76/100|[from] Stealth Rock
|
|upkeep
|turn|21
|
|t:|1760439311
|switch|p2a: Iron Valiant|Iron Valiant|43/100
|move|p1a: Enamorus|Moonblast|p2a: Iron Valiant
|-supereffective|p2a: Iron Valiant
|-damage|p2a: Iron Valiant|0 fnt
|faint|p2a: Iron Valiant
|-end|p2a: Iron Valiant|Quark Drive|[silent]
|
|upkeep
|
|t:|1760439315
|switch|p2a: Gholdengo|Gholdengo|100/100
|-item|p2a: Gholdengo|Air Balloon
|turn|22
|
|t:|1760439318
|move|p1a: Enamorus|Moonblast|p2a: Gholdengo
|-resisted|p2a: Gholdengo
|-damage|p2a: Gholdengo|71/100
|-enditem|p2a: Gholdengo|Air Balloon
|move|p2a: Gholdengo|Hex|p1a: Enamorus
|-damage|p1a: Enamorus|34/100
|
|upkeep
|turn|23
|
|t:|1760439321
|switch|p1a: Alomomola|Alomomola, M|59/100 par
|-damage|p1a: Alomomola|47/100 par|[from] Stealth Rock
|move|p2a: Gholdengo|Hex|p1a: Alomomola
|-damage|p1a: Alomomola|21/100 par
|
|upkeep
|turn|24
|
|t:|1760439327
|switch|p1a: Cinderace|Cinderace, M|66/100
|-damage|p1a: Cinderace|41/100|[from] Stealth Rock
|move|p2a: Gholdengo|Hex|p1a: Cinderace
|-damage|p1a: Cinderace|8/100
|
|upkeep
|turn|25
|
|t:|1760439332
|move|p1a: Cinderace|Court Change|p1a: Cinderace
|-swapsideconditions
|-activate|p1a: Cinderace|move: Court Change
|move|p2a: Gholdengo|Hex|p1a: Cinderace
|-damage|p1a: Cinderace|0 fnt
|faint|p1a: Cinderace
|
|upkeep
|
|t:|1760439338
|switch|p1a: Alomomola|Alomomola, M|54/100 par
|turn|26
|
|t:|1760439343
|move|p2a: Gholdengo|Recover|p2a: Gholdengo
|-heal|p2a: Gholdengo|100/100
|move|p1a: Alomomola|Body Slam|p2a: Gholdengo
|-immune|p2a: Gholdengo
|
|upkeep
|turn|27
|
|t:|1760439347
|switch|p2a: Ogerpon|Ogerpon-Wellspring, F|82/100
|-damage|p2a: Ogerpon|69/100|[from] Stealth Rock
|move|p1a: Alomomola|Body Slam|p2a: Ogerpon
|-damage|p2a: Ogerpon|50/100
|
|upkeep
|turn|28
|
|t:|1760439355
|move|p2a: Ogerpon|Trailblaze|p1a: Alomomola
|-supereffective|p1a: Alomomola
|-damage|p1a: Alomomola|13/100 par
|-boost|p2a: Ogerpon|spe|1
|cant|p1a: Alomomola|par
|
|upkeep
|turn|29
|
|t:|1760439361
|move|p2a: Ogerpon|Ivy Cudgel|p1a: Alomomola|[anim] Ivy Cudgel Water
|-resisted|p1a: Alomomola
|-damage|p1a: Alomomola|0 fnt
|faint|p1a: Alomomola
|
|upkeep
|
|t:|1760439363
|switch|p1a: Lokix|Lokix, M, tera:Bug|43/100
|turn|30
|
|t:|1760439386
|switch|p1a: Enamorus|Enamorus, F|34/100
|move|p2a: Ogerpon|Ivy Cudgel|p1a: Enamorus|[anim] Ivy Cudgel Water
|-damage|p1a: Enamorus|0 fnt
|faint|p1a: Enamorus
|
|upkeep
|
|t:|1760439393
|switch|p1a: Lokix|Lokix, M, tera:Bug|43/100
|turn|31
|-message|henry151th forfeited.
|
|win|SpaceMedaFighterX
|raw|henry151th's rating: 1723 &rarr; <strong>1709</strong><br />(-14 for losing)
|raw|SpaceMedaFighterX's rating: 1825 &rarr; <strong>1839</strong><br />(+14 for winning)
|c|☆henry151th|I hate life
|c|☆SpaceMedaFighterX|take it ez
|l|☆SpaceMedaFighterX
|player|p2|
|c|☆henry151th|Im tiltin
|c|☆henry151th|The fuck
|j| Dozkek
