|j|☆LiedGhostFox
|j|☆yixing_onestar
|t:|1760336378
|gametype|singles
|player|p1|LiedGhostFox|ethan|1338
|player|p2|yixing_onestar|swimmerf-gen4|1294
|gen|9
|tier|[Gen 9] OU
|rated|
|rule|HP Percentage Mod: HP is shown in percentages
|rule|Endless Battle Clause: Forcing endless battles is banned
|rule|Species Clause: Limit one of each Pokémon
|rule|OHKO Clause: OHKO moves are banned
|rule|Evasion Items Clause: Evasion items are banned
|rule|Evasion Moves Clause: Evasion moves are banned
|rule|Evasion Abilities Clause: Evasion abilities are banned
|rule|Sleep Moves Clause: Sleep-inducing moves are banned
|clearpoke
|poke|p1|Raging Bolt|
|poke|p1|Corviknight, M|
|poke|p1|Dragapult, M|
|poke|p1|Meowscarada, F|
|poke|p1|Latios, M|
|poke|p1|Iron Moth|
|poke|p2|Pelipper, M|
|poke|p2|Blastoise, F|
|poke|p2|Ogerpon-Wellspring, F|
|poke|p2|Primarina, M|
|poke|p2|Gholdengo|
|poke|p2|Beartic, M|
|teampreview
|inactive|Battle timer is ON: inactive players will automatically lose when time's up. (requested by LiedGhostFox)
|
|t:|1760336387
|teamsize|p1|6
|teamsize|p2|6
|start
|switch|p1a: Iron Moth|Iron Moth|100/100
|switch|p2a: Pelipper|Pelipper, M|100/100
|-weather|RainDance|[from] ability: Drizzle|[of] p2a: Pelipper
|turn|1
|
|t:|1760336403
|switch|p2a: Beartic|Beartic, M, shiny|100/100
|move|p1a: Iron Moth|Discharge|p2a: Beartic
|-damage|p2a: Beartic|64/100
|
|-weather|RainDance|[upkeep]
|upkeep
|turn|2
|
|t:|1760336417
|-end|p1a: Iron Moth|Quark Drive|[silent]
|switch|p1a: Corviknight|Corviknight, M, shiny|100/100
|move|p2a: Beartic|Earthquake|p1a: Corviknight
|-immune|p1a: Corviknight
|
|-weather|RainDance|[upkeep]
|upkeep
|turn|3
|
|t:|1760336431
|-terastallize|p2a: Beartic|Ground
|move|p2a: Beartic|Icicle Crash|p1a: Corviknight
|-damage|p1a: Corviknight|63/100
|-damage|p2a: Beartic|54/100|[from] item: Life Orb
|move|p1a: Corviknight|Iron Defense|p1a: Corviknight
|-boost|p1a: Corviknight|def|2
|
|-weather|RainDance|[upkeep]
|upkeep
|turn|4
|
|t:|1760336440
|switch|p2a: Blastoise|Blastoise, F|100/100
|move|p1a: Corviknight|Roost|p1a: Corviknight
|-heal|p1a: Corviknight|100/100
|-singleturn|p1a: Corviknight|move: Roost
|
|-weather|RainDance|[upkeep]
|upkeep
|turn|5
|
|t:|1760336468
|move|p2a: Blastoise|Shell Smash|p2a: Blastoise
|-unboost|p2a: Blastoise|def|1
|-unboost|p2a: Blastoise|spd|1
|-boost|p2a: Blastoise|atk|2
|-boost|p2a: Blastoise|spa|2
|-boost|p2a: Blastoise|spe|2
|move|p1a: Corviknight|Body Press|p2a: Blastoise
|-damage|p2a: Blastoise|23/100
|
|-weather|RainDance|[upkeep]
|-heal|p2a: Blastoise|29/100|[from] ability: Rain Dish
|-heal|p2a: Blastoise|35/100|[from] item: Leftovers
|upkeep
|turn|6
|inactive|yixing_onestar has 120 seconds left.
|
|t:|1760336488
|move|p2a: Blastoise|Dark Pulse|p1a: Corviknight
|-damage|p1a: Corviknight|52/100
|cant|p1a: Corviknight|flinch
|
|-weather|RainDance|[upkeep]
|-heal|p2a: Blastoise|42/100|[from] ability: Rain Dish
|-heal|p2a: Blastoise|48/100|[from] item: Leftovers
|upkeep
|turn|7
|
|t:|1760336498
|move|p2a: Blastoise|Dark Pulse|p1a: Corviknight
|-damage|p1a: Corviknight|0 fnt
|faint|p1a: Corviknight
|
|-weather|RainDance|[upkeep]
|-heal|p2a: Blastoise|54/100|[from] ability: Rain Dish
|-heal|p2a: Blastoise|60/100|[from] item: Leftovers
|upkeep
|
|t:|1760336508
|switch|p1a: Raging Bolt|Raging Bolt|100/100
|-enditem|p1a: Raging Bolt|Booster Energy
|-activate|p1a: Raging Bolt|ability: Protosynthesis|[fromitem]
|-start|p1a: Raging Bolt|protosynthesisspa
|turn|8
|
|t:|1760336518
|move|p2a: Blastoise|Dark Pulse|p1a: Raging Bolt
|-damage|p1a: Raging Bolt|63/100
|move|p1a: Raging Bolt|Discharge|p2a: Blastoise
|-supereffective|p2a: Blastoise
|-damage|p2a: Blastoise|0 fnt
|faint|p2a: Blastoise
|
|-weather|none
|upkeep
|
|t:|1760336522
|switch|p2a: Pelipper|Pelipper, M|100/100
|-weather|RainDance|[from] ability: Drizzle|[of] p2a: Pelipper
|turn|9
|
|t:|1760336528
|switch|p2a: Beartic|Beartic, M, shiny, tera:Ground|54/100
|move|p1a: Raging Bolt|Discharge|p2a: Beartic
|-immune|p2a: Beartic
|
|-weather|RainDance|[upkeep]
|upkeep
|turn|10
|
|t:|1760336551
|move|p2a: Beartic|Icicle Crash|p1a: Raging Bolt
|-supereffective|p1a: Raging Bolt
|-damage|p1a: Raging Bolt|0 fnt
|faint|p1a: Raging Bolt
|-end|p1a: Raging Bolt|Protosynthesis|[silent]
|-damage|p2a: Beartic|44/100|[from] item: Life Orb
|
|-weather|RainDance|[upkeep]
|upkeep
|
|t:|1760336558
|switch|p1a: Latios|Latios, M, shiny|100/100
|turn|11
|
|t:|1760336566
|-terastallize|p1a: Latios|Steel
|move|p2a: Beartic|Icicle Crash|p1a: Latios
|-resisted|p1a: Latios
|-damage|p1a: Latios|60/100
|-damage|p2a: Beartic|35/100|[from] item: Life Orb
|move|p1a: Latios|Luster Purge|p2a: Beartic
|-damage|p2a: Beartic|0 fnt
|faint|p2a: Beartic
|
|-weather|RainDance|[upkeep]
|upkeep
|
|t:|1760336594
|switch|p2a: Gholdengo|Gholdengo|100/100
|turn|12
|
|t:|1760336601
|switch|p1a: Iron Moth|Iron Moth|100/100
|move|p2a: Gholdengo|Shadow Ball|p1a: Iron Moth
|-damage|p1a: Iron Moth|77/100
|
|-weather|RainDance|[upkeep]
|upkeep
|turn|13
|inactive|yixing_onestar has 120 seconds left.
|
|t:|1760336624
|move|p2a: Gholdengo|Shadow Ball|p1a: Iron Moth
|-damage|p1a: Iron Moth|51/100
|-unboost|p1a: Iron Moth|spd|1
|move|p1a: Iron Moth|Fiery Dance|p2a: Gholdengo
|-supereffective|p2a: Gholdengo
|-damage|p2a: Gholdengo|47/100
|-boost|p1a: Iron Moth|spa|1
|
|-weather|RainDance|[upkeep]
|upkeep
|turn|14
|inactive|yixing_onestar has 120 seconds left.
|
|t:|1760336635
|move|p2a: Gholdengo|Shadow Ball|p1a: Iron Moth
|-damage|p1a: Iron Moth|14/100
|move|p1a: Iron Moth|Fiery Dance|p2a: Gholdengo
|-supereffective|p2a: Gholdengo
|-damage|p2a: Gholdengo|0 fnt
|faint|p2a: Gholdengo
|
|-weather|RainDance|[upkeep]
|upkeep
|inactive|yixing_onestar has 120 seconds left.
|
|t:|1760336647
|switch|p2a: Ogerpon|Ogerpon-Wellspring, F|100/100
|turn|15
|
|t:|1760336651
|move|p2a: Ogerpon|Ivy Cudgel|p1a: Iron Moth|[anim] Ivy Cudgel Water
|-supereffective|p1a: Iron Moth
|-damage|p1a: Iron Moth|0 fnt
|faint|p1a: Iron Moth
|-end|p1a: Iron Moth|Quark Drive|[silent]
|
|-weather|RainDance|[upkeep]
|upkeep
|
|t:|1760336657
|switch|p1a: Meowscarada|Meowscarada, F, shiny|100/100
|turn|16
|inactive|yixing_onestar has 120 seconds left.
|
|t:|1760336690
|move|p1a: Meowscarada|Flower Trick|p2a: Ogerpon
|-start|p1a: Meowscarada|typechange|Grass|[from] ability: Protean
|-crit|p2a: Ogerpon
|-damage|p2a: Ogerpon|41/100
|move|p2a: Ogerpon|Trailblaze|p1a: Meowscarada
|-resisted|p1a: Meowscarada
|-damage|p1a: Meowscarada|79/100
|-boost|p2a: Ogerpon|spe|1
|
|-weather|none
|upkeep
|turn|17
|
|t:|1760336705
|move|p2a: Ogerpon|U-turn|p1a: Meowscarada
|-supereffective|p1a: Meowscarada
|-damage|p1a: Meowscarada|0 fnt
|faint|p1a: Meowscarada
|
|t:|1760336708
|switch|p2a: Pelipper|Pelipper, M|100/100|[from] U-turn
|-weather|RainDance|[from] ability: Drizzle|[of] p2a: Pelipper
|
|-weather|RainDance|[upkeep]
|upkeep
|
|t:|1760336714
|switch|p1a: Latios|Latios, M, shiny, tera:Steel|60/100
|turn|18
|
|t:|1760336726
|move|p1a: Latios|Calm Mind|p1a: Latios
|-boost|p1a: Latios|spa|1
|-boost|p1a: Latios|spd|1
|move|p2a: Pelipper|Hurricane|p1a: Latios
|-resisted|p1a: Latios
|-damage|p1a: Latios|48/100
|
|-weather|RainDance|[upkeep]
|upkeep
|turn|19
|l|☆yixing_onestar
|inactive|yixing_onestar disconnected and has a minute to reconnect!
|player|p2|
|inactive|yixing_onestar has 30 seconds to reconnect!
|inactive|yixing_onestar has 20 seconds to reconnect!
|inactive|yixing_onestar has 15 seconds to reconnect!
|j|☆yixing_onestar
|inactive|yixing_onestar reconnected and has 90 seconds left.
|player|p2|yixing_onestar|swimmerf-gen4|
|
|t:|1760336781
|move|p1a: Latios|Calm Mind|p1a: Latios
|-boost|p1a: Latios|spa|1
|-boost|p1a: Latios|spd|1
|move|p2a: Pelipper|U-turn|p1a: Latios
|-resisted|p1a: Latios
|-damage|p1a: Latios|43/100
|
|t:|1760336783
|switch|p2a: Ogerpon|Ogerpon-Wellspring, F|41/100|[from] U-turn
|
|-weather|RainDance|[upkeep]
|upkeep
|turn|20
|
|t:|1760336789
|move|p1a: Latios|Luster Purge|p2a: Ogerpon
|-damage|p2a: Ogerpon|0 fnt
|faint|p2a: Ogerpon
|
|-weather|RainDance|[upkeep]
|upkeep
|inactive|yixing_onestar has 90 seconds left.
|
|t:|1760336804
|switch|p2a: Primarina|Primarina, M, shiny|100/100
|turn|21
|
|t:|1760336812
|move|p1a: Latios|Recover|p1a: Latios
|-heal|p1a: Latios|93/100
|move|p2a: Primarina|Calm Mind|p2a: Primarina
|-boost|p2a: Primarina|spa|1
|-boost|p2a: Primarina|spd|1
|
|-weather|RainDance|[upkeep]
|upkeep
|turn|22
|
|t:|1760336818
|move|p1a: Latios|Luster Purge|p2a: Primarina
|-damage|p2a: Primarina|30/100
|move|p2a: Primarina|Calm Mind|p2a: Primarina
|-boost|p2a: Primarina|spa|1
|-boost|p2a: Primarina|spd|1
|
|-weather|RainDance|[upkeep]
|-heal|p2a: Primarina|36/100|[from] item: Leftovers
|upkeep
|turn|23
|
|t:|1760336828
|move|p1a: Latios|Luster Purge|p2a: Primarina
|-damage|p2a: Primarina|0 fnt
|faint|p2a: Primarina
|
|-weather|RainDance|[upkeep]
|upkeep
|
|t:|1760336830
|switch|p2a: Pelipper|Pelipper, M|100/100
|turn|24
|-message|yixing_onestar forfeited.
|
|win|LiedGhostFox
|raw|LiedGhostFox's rating: 1338 &rarr; <strong>1355</strong><br />(+17 for winning)
|raw|yixing_onestar's rating: 1294 &rarr; <strong>1272</strong><br />(-22 for losing)
|l|☆yixing_onestar
|player|p2|
