|j|☆64Unitesdespleen
|j|☆Papagayo33
|t:|1760328631
|gametype|singles
|player|p1|64Unitesdespleen|winona|1281
|player|p2|Papagayo33|gentleman-gen4|1318
|gen|9
|tier|[Gen 9] OU
|rated|
|rule|HP Percentage Mod: HP is shown in percentages
|rule|Endless Battle Clause: Forcing endless battles is banned
|rule|Species Clause: Limit one of each Pokémon
|rule|OHKO Clause: OHKO moves are banned
|rule|Evasion Items Clause: Evasion items are banned
|rule|Evasion Moves Clause: Evasion moves are banned
|rule|Evasion Abilities Clause: Evasion abilities are banned
|rule|Sleep Moves Clause: Sleep-inducing moves are banned
|clearpoke
|poke|p1|Torkoal, F|
|poke|p1|Slowking, M|
|poke|p1|Iron Hands|
|poke|p1|Cresselia, F|
|poke|p1|Glastrier|
|poke|p1|Hatterene, F|
|poke|p2|Dragapult, F|
|poke|p2|Clefable, F|
|poke|p2|Samurott-Hisui, M|
|poke|p2|Gliscor, M|
|poke|p2|Iron Treads|
|poke|p2|Slowking-Galar, M|
|teampreview
|inactive|Battle timer is ON: inactive players will automatically lose when time's up. (requested by 64Unitesdespleen)
|j| PG Spectating
|
|t:|1760328644
|teamsize|p1|6
|teamsize|p2|6
|start
|switch|p1a: Hatterene|Hatterene, F|100/100
|switch|p2a: Slowking|Slowking-Galar, M, shiny|100/100
|turn|1
|
|t:|1760328650
|move|p2a: Slowking|Sludge Bomb|p1a: Hatterene
|-supereffective|p1a: Hatterene
|-enditem|p1a: Hatterene|Focus Sash
|-damage|p1a: Hatterene|1/100
|move|p1a: Hatterene|Trick Room|p1a: Hatterene
|-fieldstart|move: Trick Room|[of] p1a: Hatterene
|
|upkeep
|turn|2
|
|t:|1760328659
|move|p1a: Hatterene|Healing Wish|p1a: Hatterene
|faint|p1a: Hatterene
|move|p2a: Slowking|Sludge Bomb|p1: Hatterene|[notarget]
|-fail|p2a: Slowking
|
|upkeep
|
|t:|1760328667
|switch|p1a: Glastrier|Glastrier|100/100
|turn|3
|
|t:|1760328671
|switch|p2a: Clefable|Clefable, F, shiny|100/100
|move|p1a: Glastrier|Swords Dance|p1a: Glastrier
|-boost|p1a: Glastrier|atk|2
|
|upkeep
|turn|4
|
|t:|1760328676
|move|p1a: Glastrier|Icicle Crash|p2a: Clefable
|-damage|p2a: Clefable|59/100
|move|p2a: Clefable|Thunder Wave|p1a: Glastrier|[miss]
|-miss|p2a: Clefable|p1a: Glastrier
|
|-heal|p2a: Clefable|65/100|[from] item: Leftovers
|upkeep
|turn|5
|
|t:|1760328682
|move|p1a: Glastrier|Icicle Crash|p2a: Clefable
|-damage|p2a: Clefable|22/100
|move|p2a: Clefable|Moonlight|p2a: Clefable
|-heal|p2a: Clefable|72/100
|
|-heal|p2a: Clefable|78/100|[from] item: Leftovers
|-fieldend|move: Trick Room
|upkeep
|turn|6
|
|t:|1760328686
|move|p2a: Clefable|Thunder Wave|p1a: Glastrier
|-status|p1a: Glastrier|par
|move|p1a: Glastrier|Icicle Crash|p2a: Clefable
|-damage|p2a: Clefable|37/100
|
|-heal|p2a: Clefable|43/100|[from] item: Leftovers
|upkeep
|turn|7
|
|t:|1760328692
|move|p2a: Clefable|Moonlight|p2a: Clefable
|-heal|p2a: Clefable|93/100
|move|p1a: Glastrier|Icicle Crash|p2a: Clefable
|-damage|p2a: Clefable|52/100
|
|-heal|p2a: Clefable|58/100|[from] item: Leftovers
|upkeep
|turn|8
|
|t:|1760328697
|move|p2a: Clefable|Calm Mind|p2a: Clefable
|-boost|p2a: Clefable|spa|1
|-boost|p2a: Clefable|spd|1
|move|p1a: Glastrier|Icicle Crash|p2a: Clefable
|-damage|p2a: Clefable|20/100
|
|-heal|p2a: Clefable|26/100|[from] item: Leftovers
|upkeep
|turn|9
|
|t:|1760328703
|move|p2a: Clefable|Moonlight|p2a: Clefable
|-heal|p2a: Clefable|76/100
|move|p1a: Glastrier|Icicle Crash|p2a: Clefable|[miss]
|-miss|p1a: Glastrier|p2a: Clefable
|
|-heal|p2a: Clefable|82/100|[from] item: Leftovers
|upkeep
|turn|10
|
|t:|1760328708
|move|p2a: Clefable|Moonblast|p1a: Glastrier
|-damage|p1a: Glastrier|63/100 par
|move|p1a: Glastrier|Icicle Crash|p2a: Clefable
|-damage|p2a: Clefable|44/100
|
|-heal|p2a: Clefable|50/100|[from] item: Leftovers
|-heal|p1a: Glastrier|69/100 par|[from] item: Leftovers
|upkeep
|turn|11
|
|t:|1760328713
|move|p2a: Clefable|Moonlight|p2a: Clefable
|-heal|p2a: Clefable|99/100
|move|p1a: Glastrier|Icicle Crash|p2a: Clefable
|-damage|p2a: Clefable|62/100
|
|-heal|p2a: Clefable|69/100|[from] item: Leftovers
|-heal|p1a: Glastrier|75/100 par|[from] item: Leftovers
|upkeep
|turn|12
|
|t:|1760328719
|move|p2a: Clefable|Moonblast|p1a: Glastrier
|-damage|p1a: Glastrier|41/100 par
|move|p1a: Glastrier|Icicle Crash|p2a: Clefable
|-damage|p2a: Clefable|30/100
|
|-heal|p2a: Clefable|36/100|[from] item: Leftovers
|-heal|p1a: Glastrier|47/100 par|[from] item: Leftovers
|upkeep
|turn|13
|
|t:|1760328722
|move|p2a: Clefable|Moonlight|p2a: Clefable
|-heal|p2a: Clefable|86/100
|move|p1a: Glastrier|Icicle Crash|p2a: Clefable
|-damage|p2a: Clefable|44/100
|
|-heal|p2a: Clefable|50/100|[from] item: Leftovers
|-heal|p1a: Glastrier|53/100 par|[from] item: Leftovers
|upkeep
|turn|14
|
|t:|1760328728
|move|p2a: Clefable|Moonlight|p2a: Clefable
|-heal|p2a: Clefable|99/100
|move|p1a: Glastrier|Icicle Crash|p2a: Clefable
|-damage|p2a: Clefable|63/100
|
|-heal|p2a: Clefable|69/100|[from] item: Leftovers
|-heal|p1a: Glastrier|60/100 par|[from] item: Leftovers
|upkeep
|turn|15
|
|t:|1760328733
|move|p2a: Clefable|Calm Mind|p2a: Clefable
|-boost|p2a: Clefable|spa|1
|-boost|p2a: Clefable|spd|1
|cant|p1a: Glastrier|par
|
|-heal|p2a: Clefable|75/100|[from] item: Leftovers
|-heal|p1a: Glastrier|66/100 par|[from] item: Leftovers
|upkeep
|turn|16
|
|t:|1760328738
|move|p2a: Clefable|Calm Mind|p2a: Clefable
|-boost|p2a: Clefable|spa|1
|-boost|p2a: Clefable|spd|1
|move|p1a: Glastrier|Icicle Crash|p2a: Clefable|[miss]
|-miss|p1a: Glastrier|p2a: Clefable
|
|-heal|p2a: Clefable|81/100|[from] item: Leftovers
|-heal|p1a: Glastrier|72/100 par|[from] item: Leftovers
|upkeep
|turn|17
|
|t:|1760328743
|move|p2a: Clefable|Moonblast|p1a: Glastrier
|-damage|p1a: Glastrier|12/100 par
|move|p1a: Glastrier|Icicle Crash|p2a: Clefable
|-crit|p2a: Clefable
|-damage|p2a: Clefable|22/100
|
|-heal|p2a: Clefable|28/100|[from] item: Leftovers
|-heal|p1a: Glastrier|19/100 par|[from] item: Leftovers
|upkeep
|turn|18
|-message|64Unitesdespleen forfeited.
|
|win|Papagayo33
|raw|64Unitesdespleen's rating: 1281 &rarr; <strong>1259</strong><br />(-22 for losing)
|raw|Papagayo33's rating: 1318 &rarr; <strong>1336</strong><br />(+18 for winning)
|l| PG Spectating
|l|☆64Unitesdespleen
|player|p1|
|l|☆Papagayo33
|player|p2|
