|j|☆tounix
|j|☆shinsolourdo
|t:|1760391934
|gametype|singles
|player|p1|tounix|hilda|1318
|player|p2|shinsolourdo|klara|1360
|gen|9
|tier|[Gen 9] OU
|rated|
|rule|HP Percentage Mod: HP is shown in percentages
|rule|Endless Battle Clause: Forcing endless battles is banned
|rule|Species Clause: Limit one of each Pokémon
|rule|OHKO Clause: OHKO moves are banned
|rule|Evasion Items Clause: Evasion items are banned
|rule|Evasion Moves Clause: Evasion moves are banned
|rule|Evasion Abilities Clause: Evasion abilities are banned
|rule|Sleep Moves Clause: Sleep-inducing moves are banned
|clearpoke
|poke|p1|Pelipper, F|
|poke|p1|Overqwil, M|
|poke|p1|Raging Bolt|
|poke|p1|Great Tusk|
|poke|p1|Barraskewda, F|
|poke|p1|Cloyster, F|
|poke|p2|Dudunsparce-*, M|
|poke|p2|Dragapult, F|
|poke|p2|Scizor, M|
|poke|p2|Iron Treads|
|poke|p2|Weezing-Galar, M|
|poke|p2|Primarina, F|
|teampreview
|inactive|Battle timer is ON: inactive players will automatically lose when time's up. (requested by tounix)
|c|☆tounix|GOD DUNDUNSPARCE
|c|☆tounix|NAH
|c|☆tounix|i'm cooked
|c|☆tounix|gl i guess X_X
|
|t:|1760391964
|teamsize|p1|6
|teamsize|p2|6
|start
|switch|p1a: Big Bird|Pelipper, F|100/100
|switch|p2a: Nokokoko|Dudunsparce-Three-Segment, M|100/100
|-weather|RainDance|[from] ability: Drizzle|[of] p1a: Big Bird
|turn|1
|
|t:|1760391970
|move|p1a: Big Bird|Knock Off|p2a: Nokokoko
|-damage|p2a: Nokokoko|93/100
|-ability|p2a: Nokokoko|Rattled|boost
|-boost|p2a: Nokokoko|spe|1
|-enditem|p2a: Nokokoko|Leftovers|[from] move: Knock Off|[of] p1a: Big Bird
|move|p2a: Nokokoko|Calm Mind|p2a: Nokokoko
|-boost|p2a: Nokokoko|spa|1
|-boost|p2a: Nokokoko|spd|1
|
|-weather|RainDance|[upkeep]
|upkeep
|turn|2
|c|☆shinsolourdo|Hf
|
|t:|1760391981
|move|p2a: Nokokoko|Calm Mind|p2a: Nokokoko
|-boost|p2a: Nokokoko|spa|1
|-boost|p2a: Nokokoko|spd|1
|move|p1a: Big Bird|Hurricane|p2a: Nokokoko
|-damage|p2a: Nokokoko|71/100
|-start|p2a: Nokokoko|confusion
|
|-weather|RainDance|[upkeep]
|upkeep
|turn|3
|
|t:|1760391989
|switch|p1a: suuuuuus|Cloyster, F|100/100
|-activate|p2a: Nokokoko|confusion
|move|p2a: Nokokoko|Calm Mind|p2a: Nokokoko
|-boost|p2a: Nokokoko|spa|1
|-boost|p2a: Nokokoko|spd|1
|
|-weather|RainDance|[upkeep]
|upkeep
|turn|4
|
|t:|1760391996
|move|p1a: suuuuuus|Shell Smash|p1a: suuuuuus
|-unboost|p1a: suuuuuus|def|1
|-unboost|p1a: suuuuuus|spd|1
|-boost|p1a: suuuuuus|atk|2
|-boost|p1a: suuuuuus|spa|2
|-boost|p1a: suuuuuus|spe|2
|-enditem|p1a: suuuuuus|White Herb
|-clearnegativeboost|p1a: suuuuuus|[silent]
|-end|p2a: Nokokoko|confusion
|move|p2a: Nokokoko|Boomburst|p1a: suuuuuus
|-damage|p1a: suuuuuus|0 fnt
|faint|p1a: suuuuuus
|
|-weather|RainDance|[upkeep]
|upkeep
|
|t:|1760392008
|switch|p1a: i'm too fast|Barraskewda, F|100/100
|turn|5
|
|t:|1760392011
|-terastallize|p2a: Nokokoko|Ghost
|move|p1a: i'm too fast|Close Combat|p2a: Nokokoko
|-immune|p2a: Nokokoko
|move|p2a: Nokokoko|Boomburst|p1a: i'm too fast
|-damage|p1a: i'm too fast|0 fnt
|faint|p1a: i'm too fast
|
|-weather|RainDance|[upkeep]
|upkeep
|c|☆tounix|what i said
|c|☆tounix|OGD DUNDUNSPARCE
|c|☆tounix|GOD*
|
|t:|1760392035
|switch|p1a: They see me rollin|Great Tusk|100/100
|turn|6
|c|☆shinsolourdo|He's too strong
|c|☆shinsolourdo|My goat
|
|t:|1760392040
|move|p1a: They see me rollin|Close Combat|p2a: Nokokoko
|-immune|p2a: Nokokoko
|move|p2a: Nokokoko|Boomburst|p1a: They see me rollin
|-damage|p1a: They see me rollin|0 fnt
|faint|p1a: They see me rollin
|-end|p1a: They see me rollin|Protosynthesis|[silent]
|
|-weather|RainDance|[upkeep]
|upkeep
|c|☆tounix|missclickded bruh
|
|t:|1760392052
|switch|p1a: Spiky|Overqwil, M|100/100
|turn|7
|c|☆shinsolourdo|Oof
|
|t:|1760392058
|move|p1a: Spiky|Crunch|p2a: Nokokoko
|-supereffective|p2a: Nokokoko
|-damage|p2a: Nokokoko|25/100
|-ability|p2a: Nokokoko|Rattled|boost
|-boost|p2a: Nokokoko|spe|1
|move|p2a: Nokokoko|Boomburst|p1a: Spiky
|-damage|p1a: Spiky|0 fnt
|faint|p1a: Spiky
|
|-weather|RainDance|[upkeep]
|upkeep
|
|t:|1760392067
|switch|p1a: Raikou's Dad|Raging Bolt|100/100
|turn|8
|
|t:|1760392070
|move|p2a: Nokokoko|Roost|p2a: Nokokoko
|-heal|p2a: Nokokoko|75/100
|move|p1a: Raikou's Dad|Thunder|p2a: Nokokoko
|-damage|p2a: Nokokoko|44/100
|-damage|p1a: Raikou's Dad|91/100|[from] item: Life Orb
|
|-weather|none
|upkeep
|turn|9
|
|t:|1760392078
|move|p2a: Nokokoko|Roost|p2a: Nokokoko
|-heal|p2a: Nokokoko|94/100
|move|p1a: Raikou's Dad|Thunder|p2a: Nokokoko
|-damage|p2a: Nokokoko|63/100
|-status|p2a: Nokokoko|par
|-damage|p1a: Raikou's Dad|81/100|[from] item: Life Orb
|
|upkeep
|turn|10
|
|t:|1760392086
|-end|p1a: Raikou's Dad|Protosynthesis|[silent]
|switch|p1a: Big Bird|Pelipper, F|100/100
|-weather|RainDance|[from] ability: Drizzle|[of] p1a: Big Bird
|move|p2a: Nokokoko|Boomburst|p1a: Big Bird
|-crit|p1a: Big Bird
|-damage|p1a: Big Bird|0 fnt
|faint|p1a: Big Bird
|
|-weather|RainDance|[upkeep]
|upkeep
|
|t:|1760392095
|switch|p1a: Raikou's Dad|Raging Bolt|81/100
|turn|11
|
|t:|1760392099
|move|p1a: Raikou's Dad|Draco Meteor|p2a: Nokokoko
|-damage|p2a: Nokokoko|28/100 par
|-unboost|p1a: Raikou's Dad|spa|2
|-damage|p1a: Raikou's Dad|71/100|[from] item: Life Orb
|move|p2a: Nokokoko|Boomburst|p1a: Raikou's Dad
|-crit|p1a: Raikou's Dad
|-damage|p1a: Raikou's Dad|0 fnt
|faint|p1a: Raikou's Dad
|-end|p1a: Raikou's Dad|Protosynthesis|[silent]
|
|win|shinsolourdo
|raw|tounix's rating: 1318 &rarr; <strong>1300</strong><br />(-18 for losing)
|raw|shinsolourdo's rating: 1360 &rarr; <strong>1378</strong><br />(+18 for winning)
|l|☆tounix
|player|p1|
|c|☆shinsolourdo|Gg
