|j|☆LucyLikePizza
|j|☆igorcda
|t:|1760455022
|gametype|singles
|player|p1|LucyLikePizza|karen|1553
|player|p2|igorcda|richboy-gen4|1627
|gen|9
|tier|[Gen 9] OU
|rated|
|rule|HP Percentage Mod: HP is shown in percentages
|rule|Endless Battle Clause: Forcing endless battles is banned
|rule|Species Clause: Limit one of each Pokémon
|rule|OHKO Clause: OHKO moves are banned
|rule|Evasion Items Clause: Evasion items are banned
|rule|Evasion Moves Clause: Evasion moves are banned
|rule|Evasion Abilities Clause: Evasion abilities are banned
|rule|Sleep Moves Clause: Sleep-inducing moves are banned
|clearpoke
|poke|p1|Glimmora, F|
|poke|p1|Deoxys-Speed|
|poke|p1|Iron Crown|
|poke|p1|Dragonite, F|
|poke|p1|Greninja-*, M|
|poke|p1|Sandy Shocks|
|poke|p2|Dragapult, M|
|poke|p2|Pawmot, M|
|poke|p2|Empoleon, M|
|poke|p2|Ursaluna, M|
|poke|p2|Lokix, M|
|poke|p2|Landorus-Therian, M|
|teampreview
|inactive|Battle timer is ON: inactive players will automatically lose when time's up. (requested by igorcda)
|
|t:|1760455028
|teamsize|p1|6
|teamsize|p2|6
|start
|switch|p1a: Sandy Shocks|Sandy Shocks|100/100
|switch|p2a: Landorus|Landorus-Therian, M, shiny|100/100
|-ability|p2a: Landorus|Intimidate|boost
|-unboost|p1a: Sandy Shocks|atk|1
|-enditem|p1a: Sandy Shocks|Booster Energy
|-activate|p1a: Sandy Shocks|ability: Protosynthesis|[fromitem]
|-start|p1a: Sandy Shocks|protosynthesisspe
|turn|1
|
|t:|1760455046
|switch|p2a: Kingpoleon|Empoleon, M, shiny|100/100
|move|p1a: Sandy Shocks|Stealth Rock|p2a: Kingpoleon
|-sidestart|p2: igorcda|move: Stealth Rock
|
|upkeep
|turn|2
|
|t:|1760455056
|move|p1a: Sandy Shocks|Spikes|p2a: Kingpoleon
|-sidestart|p2: igorcda|Spikes
|move|p2a: Kingpoleon|Hydro Pump|p1a: Sandy Shocks
|-supereffective|p1a: Sandy Shocks
|-damage|p1a: Sandy Shocks|0 fnt
|faint|p1a: Sandy Shocks
|-end|p1a: Sandy Shocks|Protosynthesis|[silent]
|
|upkeep
|
|t:|1760455071
|switch|p1a: Deoxys|Deoxys-Speed|100/100
|-ability|p1a: Deoxys|Pressure
|turn|3
|
|t:|1760455076
|move|p1a: Deoxys|Thunderbolt|p2a: Kingpoleon
|-supereffective|p2a: Kingpoleon
|-damage|p2a: Kingpoleon|70/100
|move|p2a: Kingpoleon|Hydro Pump|p1a: Deoxys
|-damage|p1a: Deoxys|20/100
|
|upkeep
|turn|4
|inactive|igorcda has 120 seconds left.
|
|t:|1760455118
|switch|p2a: Lokix|Lokix, M, shiny|100/100
|move|p1a: Deoxys|Thunderbolt|p2a: Lokix
|-damage|p2a: Lokix|44/100
|
|upkeep
|turn|5
|
|t:|1760455125
|switch|p1a: Glimmora|Glimmora, F|100/100
|move|p2a: Lokix|Sucker Punch||[still]
|-fail|p2a: Lokix
|
|upkeep
|turn|6
|
|t:|1760455131
|switch|p2a: Landorus|Landorus-Therian, M, shiny|100/100
|-damage|p2a: Landorus|88/100|[from] Stealth Rock
|-ability|p2a: Landorus|Intimidate|boost
|-unboost|p1a: Glimmora|atk|1
|move|p1a: Glimmora|Power Gem|p2a: Landorus
|-damage|p2a: Landorus|48/100
|
|upkeep
|turn|7
|
|t:|1760455139
|move|p2a: Landorus|Earth Power|p1a: Glimmora
|-supereffective|p1a: Glimmora
|-damage|p1a: Glimmora|0 fnt
|faint|p1a: Glimmora
|
|upkeep
|
|t:|1760455143
|switch|p1a: Greninja|Greninja, M|100/100
|turn|8
|
|t:|1760455150
|switch|p2a: Kingpoleon|Empoleon, M, shiny|70/100
|-damage|p2a: Kingpoleon|64/100|[from] Stealth Rock
|-damage|p2a: Kingpoleon|52/100|[from] Spikes
|move|p1a: Greninja|Dark Pulse|p2a: Kingpoleon
|-damage|p2a: Kingpoleon|25/100
|-damage|p1a: Greninja|91/100|[from] item: Life Orb
|
|upkeep
|turn|9
|
|t:|1760455157
|move|p2a: Kingpoleon|Vacuum Wave|p1a: Greninja
|-supereffective|p1a: Greninja
|-damage|p1a: Greninja|44/100
|move|p1a: Greninja|Dark Pulse|p2a: Kingpoleon
|-damage|p2a: Kingpoleon|0 fnt
|faint|p2a: Kingpoleon
|-ability|p1a: Greninja|Battle Bond|boost
|-boost|p1a: Greninja|atk|1
|-boost|p1a: Greninja|spa|1
|-boost|p1a: Greninja|spe|1
|-activate|p1a: Greninja|ability: Battle Bond
|-damage|p1a: Greninja|35/100|[from] item: Life Orb
|
|upkeep
|
|t:|1760455164
|switch|p2a: PaulMot|Pawmot, M|100/100
|-damage|p2a: PaulMot|94/100|[from] Stealth Rock
|-damage|p2a: PaulMot|82/100|[from] Spikes
|turn|10
|
|t:|1760455169
|move|p2a: PaulMot|Mach Punch|p1a: Greninja
|-supereffective|p1a: Greninja
|-damage|p1a: Greninja|0 fnt
|faint|p1a: Greninja
|
|upkeep
|
|t:|1760455175
|switch|p1a: Iron Crown|Iron Crown|100/100
|-enditem|p1a: Iron Crown|Booster Energy
|-activate|p1a: Iron Crown|ability: Quark Drive|[fromitem]
|-start|p1a: Iron Crown|quarkdrivespe
|turn|11
|
|t:|1760455183
|switch|p2a: Landorus|Landorus-Therian, M, shiny|48/100
|-damage|p2a: Landorus|36/100|[from] Stealth Rock
|-ability|p2a: Landorus|Intimidate|boost
|-unboost|p1a: Iron Crown|atk|1
|move|p1a: Iron Crown|Psyshock|p2a: Landorus
|-damage|p2a: Landorus|0 fnt
|faint|p2a: Landorus
|
|upkeep
|
|t:|1760455193
|switch|p2a: Lokix|Lokix, M, shiny|44/100
|turn|12
|
|t:|1760455199
|move|p2a: Lokix|Sucker Punch|p1a: Iron Crown
|-supereffective|p1a: Iron Crown
|-damage|p1a: Iron Crown|37/100
|move|p1a: Iron Crown|Tachyon Cutter|p2a: Lokix
|-damage|p2a: Lokix|0 fnt
|faint|p2a: Lokix
|-hitcount|p2: Lokix|1
|
|upkeep
|
|t:|1760455207
|switch|p2a: Cataputa|Dragapult, M|100/100
|-damage|p2a: Cataputa|88/100|[from] Stealth Rock
|-damage|p2a: Cataputa|76/100|[from] Spikes
|turn|13
|
|t:|1760455210
|move|p2a: Cataputa|Sucker Punch|p1a: Iron Crown
|-supereffective|p1a: Iron Crown
|-damage|p1a: Iron Crown|0 fnt
|faint|p1a: Iron Crown
|-end|p1a: Iron Crown|Quark Drive|[silent]
|-damage|p2a: Cataputa|66/100|[from] item: Life Orb
|
|upkeep
|
|t:|1760455214
|switch|p1a: Dragonite|Dragonite, F|100/100
|turn|14
|
|t:|1760455221
|switch|p2a: Ursaluno|Ursaluna, M, shiny|100/100
|-damage|p2a: Ursaluno|94/100|[from] Stealth Rock
|-damage|p2a: Ursaluno|82/100|[from] Spikes
|-terastallize|p1a: Dragonite|Fairy
|move|p1a: Dragonite|Dragon Dance|p1a: Dragonite
|-boost|p1a: Dragonite|atk|1
|-boost|p1a: Dragonite|spe|1
|
|-status|p2a: Ursaluno|brn|[from] item: Flame Orb
|upkeep
|turn|15
|
|t:|1760455228
|move|p1a: Dragonite|Dragon Dance|p1a: Dragonite
|-boost|p1a: Dragonite|atk|1
|-boost|p1a: Dragonite|spe|1
|move|p2a: Ursaluno|Facade|p1a: Dragonite
|-damage|p1a: Dragonite|30/100
|
|-damage|p2a: Ursaluno|76/100 brn|[from] brn
|upkeep
|turn|16
|
|t:|1760455237
|move|p1a: Dragonite|Tera Blast|p2a: Ursaluno|[anim] Tera Blast Fairy
|-damage|p2a: Ursaluno|0 fnt
|faint|p2a: Ursaluno
|
|upkeep
|
|t:|1760455247
|switch|p2a: PaulMot|Pawmot, M|82/100
|-damage|p2a: PaulMot|76/100|[from] Stealth Rock
|-damage|p2a: PaulMot|63/100|[from] Spikes
|turn|17
|
|t:|1760455257
|move|p2a: PaulMot|Fake Out|p1a: Dragonite
|-damage|p1a: Dragonite|15/100
|cant|p1a: Dragonite|flinch
|
|upkeep
|turn|18
|
|t:|1760455267
|move|p2a: PaulMot|Mach Punch|p1a: Dragonite
|-resisted|p1a: Dragonite
|-damage|p1a: Dragonite|0 fnt
|faint|p1a: Dragonite
|
|upkeep
|
|t:|1760455271
|switch|p1a: Deoxys|Deoxys-Speed|20/100
|-ability|p1a: Deoxys|Pressure
|turn|19
|
|t:|1760455276
|move|p2a: PaulMot|Mach Punch|p1a: Deoxys
|-resisted|p1a: Deoxys
|-damage|p1a: Deoxys|0 fnt
|faint|p1a: Deoxys
|
|win|igorcda
|raw|LucyLikePizza's rating: 1553 &rarr; <strong>1537</strong><br />(-16 for losing)
|raw|igorcda's rating: 1627 &rarr; <strong>1643</strong><br />(+16 for winning)
|l|☆LucyLikePizza
|player|p1|
|l|☆igorcda
|player|p2|
