|j|☆jn_r1z
|j|☆CourtTre
|t:|1760444362
|gametype|singles
|player|p1|jn_r1z|burglar|1336
|player|p2|CourtTre|clair|1391
|gen|9
|tier|[Gen 9] OU
|rated|
|rule|HP Percentage Mod: HP is shown in percentages
|rule|Endless Battle Clause: Forcing endless battles is banned
|rule|Species Clause: Limit one of each Pokémon
|rule|OHKO Clause: OHKO moves are banned
|rule|Evasion Items Clause: Evasion items are banned
|rule|Evasion Moves Clause: Evasion moves are banned
|rule|Evasion Abilities Clause: Evasion abilities are banned
|rule|Sleep Moves Clause: Sleep-inducing moves are banned
|clearpoke
|poke|p1|Infernape, M|
|poke|p1|Garchomp, M|
|poke|p1|Corviknight, M|
|poke|p1|Slowking-Galar, M|
|poke|p1|Darkrai|
|poke|p1|Rotom-Wash|
|poke|p2|Rillaboom, M|
|poke|p2|Primarina, M|
|poke|p2|Cinderace, M|
|poke|p2|Polteageist|
|poke|p2|Maushold-Four|
|poke|p2|Cloyster, F|
|teampreview
|inactive|Battle timer is ON: inactive players will automatically lose when time's up. (requested by CourtTre)
|
|t:|1760444376
|teamsize|p1|6
|teamsize|p2|6
|start
|switch|p1a: Infernape|Infernape, M|100/100
|switch|p2a: Polteageist|Polteageist, shiny|100/100
|turn|1
|
|t:|1760444388
|move|p1a: Infernape|Flare Blitz|p2a: Polteageist
|-enditem|p2a: Polteageist|Focus Sash
|-damage|p2a: Polteageist|1/100
|-ability|p2a: Polteageist|Weak Armor|boost
|-unboost|p2a: Polteageist|def|1
|-boost|p2a: Polteageist|spe|2
|-damage|p1a: Infernape|71/100|[from] Recoil
|-damage|p1a: Infernape|61/100|[from] item: Life Orb
|move|p2a: Polteageist|Shell Smash|p2a: Polteageist
|-unboost|p2a: Polteageist|def|1
|-unboost|p2a: Polteageist|spd|1
|-boost|p2a: Polteageist|atk|2
|-boost|p2a: Polteageist|spa|2
|-boost|p2a: Polteageist|spe|2
|
|upkeep
|turn|2
|inactive|jn_r1z has 120 seconds left.
|
|t:|1760444426
|move|p2a: Polteageist|Stored Power|p1a: Infernape
|-supereffective|p1a: Infernape
|-damage|p1a: Infernape|0 fnt
|faint|p1a: Infernape
|
|upkeep
|
|t:|1760444434
|switch|p1a: Corviknight|Corviknight, M|100/100
|turn|3
|
|t:|1760444442
|move|p2a: Polteageist|Shadow Ball|p1a: Corviknight
|-damage|p1a: Corviknight|13/100
|move|p1a: Corviknight|U-turn|p2a: Polteageist
|-resisted|p2a: Polteageist
|-damage|p2a: Polteageist|0 fnt
|faint|p2a: Polteageist
|inactive|jn_r1z has 120 seconds left.
|
|t:|1760444459
|switch|p1a: Rotom|Rotom-Wash|100/100|[from] U-turn
|
|upkeep
|
|t:|1760444471
|switch|p2a: Cloyster|Cloyster, F|100/100
|turn|4
|inactive|jn_r1z has 120 seconds left.
|
|t:|1760444486
|move|p2a: Cloyster|Shell Smash|p2a: Cloyster
|-unboost|p2a: Cloyster|def|1
|-unboost|p2a: Cloyster|spd|1
|-boost|p2a: Cloyster|atk|2
|-boost|p2a: Cloyster|spa|2
|-boost|p2a: Cloyster|spe|2
|move|p1a: Rotom|Volt Switch|p2a: Cloyster
|-supereffective|p2a: Cloyster
|-enditem|p2a: Cloyster|Focus Sash
|-damage|p2a: Cloyster|1/100
|
|t:|1760444505
|switch|p1a: Corviknight|Corviknight, M|13/100|[from] Volt Switch
|
|upkeep
|turn|5
|
|t:|1760444511
|move|p2a: Cloyster|Icicle Spear|p1a: Corviknight
|-damage|p1a: Corviknight|0 fnt
|faint|p1a: Corviknight
|-hitcount|p1: Corviknight|1
|
|upkeep
|l|☆jn_r1z
|inactive|jn_r1z disconnected and has a minute to reconnect!
|player|p1|
|j|☆jn_r1z
|inactive|jn_r1z reconnected and has 100 seconds left.
|player|p1|jn_r1z|burglar|
|
|t:|1760444533
|switch|p1a: Garchomp|Garchomp, M|100/100
|turn|6
|
|t:|1760444539
|-terastallize|p1a: Garchomp|Steel
|move|p2a: Cloyster|Icicle Spear|p1a: Garchomp
|-resisted|p1a: Garchomp
|-damage|p1a: Garchomp|89/100
|-resisted|p1a: Garchomp
|-damage|p1a: Garchomp|77/100
|-resisted|p1a: Garchomp
|-damage|p1a: Garchomp|65/100
|-resisted|p1a: Garchomp
|-damage|p1a: Garchomp|54/100
|-resisted|p1a: Garchomp
|-damage|p1a: Garchomp|43/100
|-hitcount|p1a: Garchomp|5
|move|p1a: Garchomp|Scale Shot|p2a: Cloyster
|-damage|p2a: Cloyster|0 fnt
|faint|p2a: Cloyster
|-hitcount|p2: Cloyster|1
|-unboost|p1a: Garchomp|def|1
|-boost|p1a: Garchomp|spe|1
|
|-heal|p1a: Garchomp|49/100|[from] item: Leftovers
|upkeep
|
|t:|1760444564
|switch|p2a: Rillaboom|Rillaboom, M|100/100
|-fieldstart|move: Grassy Terrain|[from] ability: Grassy Surge|[of] p2a: Rillaboom
|turn|7
|inactive|CourtTre has 120 seconds left.
|
|t:|1760444603
|switch|p1a: Slowking|Slowking-Galar, M|100/100
|move|p2a: Rillaboom|Knock Off|p1a: Slowking
|-supereffective|p1a: Slowking
|-damage|p1a: Slowking|25/100
|-enditem|p1a: Slowking|Leftovers|[from] move: Knock Off|[of] p2a: Rillaboom
|
|-heal|p1a: Slowking|31/100|[from] Grassy Terrain
|upkeep
|turn|8
|
|t:|1760444626
|move|p2a: Rillaboom|U-turn|p1a: Slowking
|-damage|p1a: Slowking|4/100
|
|t:|1760444633
|switch|p2a: Cinderace|Cinderace, M|100/100|[from] U-turn
|move|p1a: Slowking|Sludge Bomb|p2a: Cinderace
|-damage|p2a: Cinderace|50/100
|
|-heal|p2a: Cinderace|56/100|[from] Grassy Terrain
|-heal|p1a: Slowking|10/100|[from] Grassy Terrain
|upkeep
|turn|9
|l|☆jn_r1z
|inactive|jn_r1z disconnected and has a minute to reconnect!
|player|p1|
|inactive|CourtTre has 120 seconds left.
|j|☆jn_r1z
|inactive|jn_r1z reconnected and has 100 seconds left.
|player|p1|jn_r1z|burglar|
|
|t:|1760444649
|switch|p1a: Rotom|Rotom-Wash|100/100
|move|p2a: Cinderace|Pyro Ball|p1a: Rotom
|-resisted|p1a: Rotom
|-damage|p1a: Rotom|71/100
|
|-heal|p2a: Cinderace|62/100|[from] Grassy Terrain
|-heal|p1a: Rotom|77/100|[from] item: Leftovers
|upkeep
|turn|10
|inactive|CourtTre has 120 seconds left.
|
|t:|1760444664
|move|p2a: Cinderace|U-turn|p1a: Rotom
|-start|p2a: Cinderace|typechange|Bug|[from] ability: Libero
|-damage|p1a: Rotom|42/100
|
|t:|1760444669
|switch|p2a: Rillaboom|Rillaboom, M|100/100|[from] U-turn
|move|p1a: Rotom|Will-O-Wisp|p2a: Rillaboom
|-status|p2a: Rillaboom|brn
|
|-heal|p1a: Rotom|49/100|[from] item: Leftovers
|-damage|p2a: Rillaboom|94/100 brn|[from] brn
|upkeep
|turn|11
|inactive|CourtTre has 120 seconds left.
|inactive|jn_r1z has 90 seconds left.
|
|t:|1760444712
|switch|p1a: Slowking|Slowking-Galar, M|43/100
|move|p2a: Rillaboom|Knock Off|p1a: Slowking
|-supereffective|p1a: Slowking
|-damage|p1a: Slowking|15/100
|
|-heal|p2a: Rillaboom|100/100 brn|[from] Grassy Terrain
|-heal|p1a: Slowking|22/100|[from] Grassy Terrain
|-damage|p2a: Rillaboom|94/100 brn|[from] brn
|-fieldend|move: Grassy Terrain
|upkeep
|turn|12
|inactive|CourtTre has 120 seconds left.
|
|t:|1760444725
|move|p2a: Rillaboom|Knock Off|p1a: Slowking
|-supereffective|p1a: Slowking
|-damage|p1a: Slowking|0 fnt
|faint|p1a: Slowking
|
|-damage|p2a: Rillaboom|88/100 brn|[from] brn
|upkeep
|
|t:|1760444732
|switch|p1a: Garchomp|Garchomp, M, tera:Steel|49/100
|turn|13
|
|t:|1760444738
|move|p1a: Garchomp|Swords Dance|p1a: Garchomp
|-boost|p1a: Garchomp|atk|2
|move|p2a: Rillaboom|Knock Off|p1a: Garchomp
|-damage|p1a: Garchomp|32/100
|-damage|p2a: Rillaboom|76/100 brn|[from] ability: Rough Skin|[of] p1a: Garchomp
|-enditem|p1a: Garchomp|Leftovers|[from] move: Knock Off|[of] p2a: Rillaboom
|
|-damage|p2a: Rillaboom|70/100 brn|[from] brn
|upkeep
|turn|14
|inactive|jn_r1z has 90 seconds left.
|
|t:|1760444749
|move|p1a: Garchomp|Scale Shot|p2a: Rillaboom
|-damage|p2a: Rillaboom|46/100 brn
|-damage|p2a: Rillaboom|19/100 brn
|-damage|p2a: Rillaboom|0 fnt
|faint|p2a: Rillaboom
|-hitcount|p2: Rillaboom|3
|-unboost|p1a: Garchomp|def|1
|-boost|p1a: Garchomp|spe|1
|
|upkeep
|
|t:|1760444759
|switch|p2a: Primarina|Primarina, M|100/100
|turn|15
|
|t:|1760444769
|move|p1a: Garchomp|Earthquake|p2a: Primarina
|-damage|p2a: Primarina|0 fnt
|faint|p2a: Primarina
|
|upkeep
|
|t:|1760444776
|switch|p2a: Maushold|Maushold-Four|100/100
|turn|16
|
|t:|1760444782
|move|p1a: Garchomp|Earthquake|p2a: Maushold
|-damage|p2a: Maushold|0 fnt
|faint|p2a: Maushold
|
|upkeep
|
|t:|1760444787
|switch|p2a: Cinderace|Cinderace, M|62/100
|turn|17
|
|t:|1760444791
|move|p1a: Garchomp|Earthquake|p2a: Cinderace
|-supereffective|p2a: Cinderace
|-damage|p2a: Cinderace|0 fnt
|faint|p2a: Cinderace
|
|win|jn_r1z
|raw|jn_r1z's rating: 1336 &rarr; <strong>1359</strong><br />(+23 for winning)
|raw|CourtTre's rating: 1391 &rarr; <strong>1368</strong><br />(-23 for losing)
|c|☆jn_r1z|ggwp
|l|☆jn_r1z
|player|p1|
|l|☆CourtTre
|player|p2|
