|j|☆EXODIA-9889897
|j|☆Serperior665
|t:|1760451065
|gametype|singles
|player|p1|EXODIA-9889897|clerkf|1270
|player|p2|Serperior665|hoopster|1271
|gen|9
|tier|[Gen 9] OU
|rated|
|rule|HP Percentage Mod: HP is shown in percentages
|rule|Endless Battle Clause: Forcing endless battles is banned
|rule|Species Clause: Limit one of each Pokémon
|rule|OHKO Clause: OHKO moves are banned
|rule|Evasion Items Clause: Evasion items are banned
|rule|Evasion Moves Clause: Evasion moves are banned
|rule|Evasion Abilities Clause: Evasion abilities are banned
|rule|Sleep Moves Clause: Sleep-inducing moves are banned
|clearpoke
|poke|p1|Seviper, M|
|poke|p1|Darkrai|
|poke|p1|Primarina, M|
|poke|p1|Great Tusk|
|poke|p1|Dragonite, F|
|poke|p1|Dragapult, M|
|poke|p2|Indeedee, M|
|poke|p2|Polteageist|
|poke|p2|Iron Treads|
|poke|p2|Samurott-Hisui, F|
|poke|p2|Weavile, F|
|poke|p2|Hatterene, F|
|teampreview
|
|t:|1760451081
|teamsize|p1|6
|teamsize|p2|6
|start
|switch|p1a: Darkrai|Darkrai|100/100
|switch|p2a: Indeedee|Indeedee, M|100/100
|-fieldstart|move: Psychic Terrain|[from] ability: Psychic Surge|[of] p2a: Indeedee
|turn|1
|
|t:|1760451090
|switch|p2a: Hatterene|Hatterene, F|100/100
|-terastallize|p1a: Darkrai|Dark
|move|p1a: Darkrai|Dark Pulse|p2a: Hatterene
|-damage|p2a: Hatterene|54/100
|-enditem|p2a: Hatterene|Eject Button
|
|t:|1760451097
|switch|p2a: Polteageist|Polteageist|100/100
|
|upkeep
|turn|2
|
|t:|1760451101
|move|p1a: Darkrai|Dark Pulse|p2a: Polteageist
|-supereffective|p2a: Polteageist
|-enditem|p2a: Polteageist|Focus Sash
|-damage|p2a: Polteageist|1/100
|cant|p2a: Polteageist|flinch
|
|upkeep
|turn|3
|c|☆Serperior665|Umm
|
|t:|1760451119
|move|p1a: Darkrai|Dark Pulse|p2a: Polteageist
|-supereffective|p2a: Polteageist
|-damage|p2a: Polteageist|0 fnt
|faint|p2a: Polteageist
|
|upkeep
|
|t:|1760451131
|switch|p2a: Weavile|Weavile, F|100/100
|-ability|p2a: Weavile|Pressure
|turn|4
|
|t:|1760451141
|switch|p1a: Seviper|Seviper, M, shiny|100/100
|move|p2a: Weavile|Triple Axel|p1a: Seviper
|-damage|p1a: Seviper|81/100
|-damage|p1a: Seviper|43/100
|-damage|p1a: Seviper|0 fnt
|faint|p1a: Seviper
|-hitcount|p1: Seviper|3
|
|upkeep
|
|t:|1760451168
|switch|p1a: Primarina|Primarina, M|100/100
|turn|5
|
|t:|1760451181
|switch|p2a: Indeedee|Indeedee, M|100/100
|move|p1a: Primarina|Moonblast|p2a: Indeedee
|-damage|p2a: Indeedee|25/100
|
|upkeep
|turn|6
|
|t:|1760451188
|switch|p1a: Darkrai|Darkrai, tera:Dark|100/100
|move|p2a: Indeedee|Expanding Force|p1a: Darkrai
|-immune|p1a: Darkrai
|
|upkeep
|turn|7
|
|t:|1760451195
|switch|p2a: Hatterene|Hatterene, F|54/100
|move|p1a: Darkrai|Dark Pulse|p2a: Hatterene
|-damage|p2a: Hatterene|3/100
|
|upkeep
|turn|8
|
|t:|1760451201
|move|p1a: Darkrai|Dark Pulse|p2a: Hatterene
|-damage|p2a: Hatterene|0 fnt
|faint|p2a: Hatterene
|
|-fieldend|move: Psychic Terrain
|upkeep
|
|t:|1760451208
|switch|p2a: Samurott|Samurott-Hisui, F|100/100
|turn|9
|
|t:|1760451215
|switch|p1a: Primarina|Primarina, M|100/100
|move|p2a: Samurott|Sacred Sword|p1a: Primarina
|-resisted|p1a: Primarina
|-damage|p1a: Primarina|70/100
|
|upkeep
|turn|10
|
|t:|1760451226
|switch|p2a: Indeedee|Indeedee, M|25/100
|-fieldstart|move: Psychic Terrain|[from] ability: Psychic Surge|[of] p2a: Indeedee
|move|p1a: Primarina|Moonblast|p2a: Indeedee
|-damage|p2a: Indeedee|0 fnt
|faint|p2a: Indeedee
|
|upkeep
|
|t:|1760451228
|switch|p2a: Iron Treads|Iron Treads|100/100
|-item|p2a: Iron Treads|Air Balloon
|turn|11
|
|t:|1760451240
|move|p2a: Iron Treads|Earthquake|p1a: Primarina
|-damage|p1a: Primarina|0 fnt
|faint|p1a: Primarina
|
|upkeep
|
|t:|1760451247
|switch|p1a: Great Tusk|Great Tusk|100/100
|-enditem|p1a: Great Tusk|Booster Energy
|-activate|p1a: Great Tusk|ability: Protosynthesis|[fromitem]
|-start|p1a: Great Tusk|protosynthesisdef
|turn|12
|
|t:|1760451259
|move|p2a: Iron Treads|Stealth Rock|p1a: Great Tusk
|-sidestart|p1: EXODIA-9889897|move: Stealth Rock
|move|p1a: Great Tusk|Rapid Spin|p2a: Iron Treads
|-resisted|p2a: Iron Treads
|-damage|p2a: Iron Treads|92/100
|-boost|p1a: Great Tusk|spe|1
|-enditem|p2a: Iron Treads|Air Balloon
|-sideend|p1: EXODIA-9889897|Stealth Rock|[from] move: Rapid Spin|[of] p1a: Great Tusk
|
|upkeep
|turn|13
|
|t:|1760451269
|move|p1a: Great Tusk|Close Combat|p2a: Iron Treads
|-supereffective|p2a: Iron Treads
|-damage|p2a: Iron Treads|0 fnt
|-unboost|p1a: Great Tusk|def|1
|-unboost|p1a: Great Tusk|spd|1
|faint|p2a: Iron Treads
|-end|p2a: Iron Treads|Quark Drive|[silent]
|
|upkeep
|
|t:|1760451275
|switch|p2a: Samurott|Samurott-Hisui, F|100/100
|turn|14
|
|t:|1760451278
|move|p2a: Samurott|Aqua Cutter|p1a: Great Tusk
|-supereffective|p1a: Great Tusk
|-damage|p1a: Great Tusk|42/100
|move|p1a: Great Tusk|Close Combat|p2a: Samurott
|-supereffective|p2a: Samurott
|-damage|p2a: Samurott|0 fnt
|-unboost|p1a: Great Tusk|def|1
|-unboost|p1a: Great Tusk|spd|1
|faint|p2a: Samurott
|
|upkeep
|
|t:|1760451284
|switch|p2a: Weavile|Weavile, F|100/100
|-ability|p2a: Weavile|Pressure
|turn|15
|
|t:|1760451290
|move|p2a: Weavile|Triple Axel|p1a: Great Tusk|[miss]
|-miss|p2a: Weavile|p1a: Great Tusk
|move|p1a: Great Tusk|Close Combat|p2a: Weavile
|-supereffective|p2a: Weavile
|-enditem|p2a: Weavile|Focus Sash
|-damage|p2a: Weavile|1/100
|-unboost|p1a: Great Tusk|def|1
|-unboost|p1a: Great Tusk|spd|1
|
|upkeep
|turn|16
|
|t:|1760451299
|move|p2a: Weavile|Triple Axel|p1a: Great Tusk
|-supereffective|p1a: Great Tusk
|-damage|p1a: Great Tusk|22/100
|-supereffective|p1a: Great Tusk
|-damage|p1a: Great Tusk|0 fnt
|faint|p1a: Great Tusk
|-end|p1a: Great Tusk|Protosynthesis|[silent]
|-hitcount|p1: Great Tusk|2
|
|upkeep
|-message|Serperior665 forfeited.
|
|win|EXODIA-9889897
|raw|EXODIA-9889897's rating: 1270 &rarr; <strong>1295</strong><br />(+25 for winning)
|raw|Serperior665's rating: 1271 &rarr; <strong>1246</strong><br />(-25 for losing)
|l|☆Serperior665
|player|p2|
|l|☆EXODIA-9889897
|player|p1|
