|j|☆bradx55
|j|☆animeGametestteam
|t:|1760329672
|gametype|singles
|player|p1|bradx55|dancer|1156
|player|p2|animeGametestteam|acetrainer-gen4dp|1217
|gen|9
|tier|[Gen 9] OU
|rated|
|rule|HP Percentage Mod: HP is shown in percentages
|rule|Endless Battle Clause: Forcing endless battles is banned
|rule|Species Clause: Limit one of each Pokémon
|rule|OHKO Clause: OHKO moves are banned
|rule|Evasion Items Clause: Evasion items are banned
|rule|Evasion Moves Clause: Evasion moves are banned
|rule|Evasion Abilities Clause: Evasion abilities are banned
|rule|Sleep Moves Clause: Sleep-inducing moves are banned
|clearpoke
|poke|p1|Landorus-Therian, M|
|poke|p1|Tyranitar, F|
|poke|p1|Gholdengo|
|poke|p1|Incineroar, M|
|poke|p1|Tornadus-Therian, M|
|poke|p1|Zamazenta-*|
|poke|p2|Tsareena, F|
|poke|p2|Incineroar, M|
|poke|p2|Toxapex, M|
|poke|p2|Kommo-o, M|
|poke|p2|Mimikyu, M|
|poke|p2|Lycanroc, M|
|teampreview
|inactive|Battle timer is ON: inactive players will automatically lose when time's up. (requested by bradx55)
|j| scorpion12137
|
|t:|1760329694
|teamsize|p1|6
|teamsize|p2|6
|start
|switch|p1a: Incineroar|Incineroar, M, shiny|100/100
|switch|p2a: Lycanroc|Lycanroc, M|100/100
|-ability|p1a: Incineroar|Intimidate|boost
|-unboost|p2a: Lycanroc|atk|1
|turn|1
|
|t:|1760329723
|switch|p2a: Toxapex|Toxapex, M|100/100
|switch|p1a: Landorus|Landorus-Therian, M|100/100
|-ability|p1a: Landorus|Intimidate|boost
|-unboost|p2a: Toxapex|atk|1
|
|upkeep
|turn|2
|inactive|bradx55 has 120 seconds left.
|
|t:|1760329766
|move|p1a: Landorus|Taunt|p2a: Toxapex
|-start|p2a: Toxapex|move: Taunt
|move|p2a: Toxapex|Chilling Water|p1a: Landorus
|-supereffective|p1a: Landorus
|-damage|p1a: Landorus|80/100
|-unboost|p1a: Landorus|atk|1
|
|upkeep
|turn|3
|l| scorpion12137
|
|t:|1760329776
|switch|p2a: Kommo-o|Kommo-o, M|100/100
|move|p1a: Landorus|U-turn|p2a: Kommo-o
|-resisted|p2a: Kommo-o
|-damage|p2a: Kommo-o|93/100
|inactive|bradx55 has 90 seconds left.
|
|t:|1760329808
|switch|p1a: Zamazenta|Zamazenta|100/100|[from] U-turn
|-ability|p1a: Zamazenta|Dauntless Shield|boost
|-boost|p1a: Zamazenta|def|1
|
|upkeep
|turn|4
|
|t:|1760329817
|move|p1a: Zamazenta|Ice Fang|p2a: Kommo-o
|-supereffective|p2a: Kommo-o
|-damage|p2a: Kommo-o|48/100
|-enditem|p2a: Kommo-o|Sitrus Berry|[eat]
|-heal|p2a: Kommo-o|73/100|[from] item: Sitrus Berry
|move|p2a: Kommo-o|Clangorous Soul|p2a: Kommo-o
|-boost|p2a: Kommo-o|atk|1
|-boost|p2a: Kommo-o|def|1
|-boost|p2a: Kommo-o|spa|1
|-boost|p2a: Kommo-o|spd|1
|-boost|p2a: Kommo-o|spe|1
|-damage|p2a: Kommo-o|40/100
|
|upkeep
|turn|5
|
|t:|1760329837
|-terastallize|p2a: Kommo-o|Normal
|move|p2a: Kommo-o|Boomburst|p1a: Zamazenta
|-damage|p1a: Zamazenta|11/100
|move|p1a: Zamazenta|Crunch|p2a: Kommo-o
|-damage|p2a: Kommo-o|24/100
|
|upkeep
|turn|6
|inactive|bradx55 has 90 seconds left.
|
|t:|1760329849
|move|p2a: Kommo-o|Clanging Scales|p1a: Zamazenta
|-damage|p1a: Zamazenta|0 fnt
|faint|p1a: Zamazenta
|-unboost|p2a: Kommo-o|def|1
|
|upkeep
|inactive|bradx55 has 60 seconds left.
|
|t:|1760329881
|switch|p1a: Incineroar|Incineroar, M, shiny|100/100
|-ability|p1a: Incineroar|Intimidate|boost
|-unboost|p2a: Kommo-o|atk|1
|turn|7
|inactive|bradx55 has 60 seconds left.
|
|t:|1760329891
|move|p2a: Kommo-o|Boomburst|p1a: Incineroar
|-damage|p1a: Incineroar|30/100
|move|p1a: Incineroar|Knock Off|p2a: Kommo-o
|-damage|p2a: Kommo-o|2/100
|
|upkeep
|turn|8
|
|t:|1760329901
|move|p2a: Kommo-o|Clanging Scales|p1a: Incineroar
|-damage|p1a: Incineroar|0 fnt
|faint|p1a: Incineroar
|-unboost|p2a: Kommo-o|def|1
|
|upkeep
|
|t:|1760329909
|switch|p1a: Gholdengo|Gholdengo|100/100
|turn|9
|
|t:|1760329917
|move|p2a: Kommo-o|Flamethrower|p1a: Gholdengo
|-supereffective|p1a: Gholdengo
|-damage|p1a: Gholdengo|1/100
|move|p1a: Gholdengo|Make It Rain|p2a: Kommo-o
|-damage|p2a: Kommo-o|0 fnt
|-unboost|p1a: Gholdengo|spa|1
|faint|p2a: Kommo-o
|
|upkeep
|
|t:|1760329928
|switch|p2a: Mimikyu|Mimikyu, M|100/100
|turn|10
|
|t:|1760329938
|switch|p1a: Tornadus|Tornadus-Therian, M|100/100
|move|p2a: Mimikyu|Shadow Sneak|p1a: Tornadus
|-damage|p1a: Tornadus|69/100
|-damage|p2a: Mimikyu|91/100|[from] item: Life Orb
|
|upkeep
|turn|11
|
|t:|1760329947
|move|p1a: Tornadus|U-turn|p2a: Mimikyu
|-activate|p2a: Mimikyu|ability: Disguise
|-damage|p2a: Mimikyu|91/100
|detailschange|p2a: Mimikyu|Mimikyu-Busted, M
|-damage|p2a: Mimikyu|78/100|[from] pokemon: Mimikyu-Busted
|
|t:|1760329953
|switch|p1a: Landorus|Landorus-Therian, M|80/100|[from] U-turn
|-ability|p1a: Landorus|Intimidate|boost
|-unboost|p2a: Mimikyu|atk|1
|move|p2a: Mimikyu|Play Rough|p1a: Landorus
|-damage|p1a: Landorus|51/100
|-damage|p2a: Mimikyu|62/100|[from] item: Rocky Helmet|[of] p1a: Landorus
|-damage|p2a: Mimikyu|52/100|[from] item: Life Orb
|
|upkeep
|turn|12
|
|t:|1760329965
|switch|p2a: Tsareena|Tsareena, F|100/100
|move|p1a: Landorus|Stealth Rock|p2a: Tsareena
|-sidestart|p2: animeGametestteam|move: Stealth Rock
|
|upkeep
|turn|13
|inactive|bradx55 has 90 seconds left.
|
|t:|1760329973
|move|p1a: Landorus|U-turn|p2a: Tsareena
|-supereffective|p2a: Tsareena
|-damage|p2a: Tsareena|43/100
|
|t:|1760329977
|switch|p1a: Tornadus|Tornadus-Therian, M|100/100|[from] U-turn
|move|p2a: Tsareena|Rapid Spin|p1a: Tornadus
|-damage|p1a: Tornadus|79/100
|-boost|p2a: Tsareena|spe|1
|-sideend|p2: animeGametestteam|Stealth Rock|[from] move: Rapid Spin|[of] p2a: Tsareena
|
|upkeep
|turn|14
|
|t:|1760329990
|move|p2a: Tsareena|Triple Axel|p1a: Tornadus
|-supereffective|p1a: Tornadus
|-damage|p1a: Tornadus|61/100
|-supereffective|p1a: Tornadus
|-damage|p1a: Tornadus|25/100
|-supereffective|p1a: Tornadus
|-damage|p1a: Tornadus|0 fnt
|faint|p1a: Tornadus
|-hitcount|p1: Tornadus|3
|
|upkeep
|inactive|bradx55 has 90 seconds left.
|
|t:|1760330008
|switch|p1a: Tyranitar|Tyranitar, F, shiny|100/100
|-weather|Sandstorm|[from] ability: Sand Stream|[of] p1a: Tyranitar
|turn|15
|inactive|bradx55 has 90 seconds left.
|
|t:|1760330014
|move|p2a: Tsareena|Trop Kick|p1a: Tyranitar
|-supereffective|p1a: Tyranitar
|-damage|p1a: Tyranitar|35/100
|-unboost|p1a: Tyranitar|atk|1
|move|p1a: Tyranitar|Knock Off|p2a: Tsareena
|-damage|p2a: Tsareena|0 fnt
|-enditem|p2a: Tsareena|Lum Berry|[from] move: Knock Off|[of] p1a: Tyranitar
|faint|p2a: Tsareena
|
|-weather|Sandstorm|[upkeep]
|upkeep
|
|t:|1760330025
|switch|p2a: Mimikyu|Mimikyu-Busted, M|52/100
|turn|16
|
|t:|1760330034
|move|p2a: Mimikyu|Play Rough|p1a: Tyranitar
|-supereffective|p1a: Tyranitar
|-damage|p1a: Tyranitar|0 fnt
|faint|p1a: Tyranitar
|-damage|p2a: Mimikyu|42/100|[from] item: Life Orb
|
|-weather|Sandstorm|[upkeep]
|-damage|p2a: Mimikyu|36/100|[from] Sandstorm
|upkeep
|inactive|bradx55 has 90 seconds left.
|
|t:|1760330056
|switch|p1a: Gholdengo|Gholdengo|1/100
|turn|17
|
|t:|1760330060
|move|p2a: Mimikyu|Shadow Sneak|p1a: Gholdengo
|-supereffective|p1a: Gholdengo
|-damage|p1a: Gholdengo|0 fnt
|faint|p1a: Gholdengo
|-damage|p2a: Mimikyu|26/100|[from] item: Life Orb
|
|-weather|Sandstorm|[upkeep]
|-damage|p2a: Mimikyu|20/100|[from] Sandstorm
|upkeep
|
|t:|1760330068
|switch|p1a: Landorus|Landorus-Therian, M|51/100
|-ability|p1a: Landorus|Intimidate|boost
|-unboost|p2a: Mimikyu|atk|1
|turn|18
|
|t:|1760330076
|switch|p2a: Incineroar|Incineroar, M|100/100
|-ability|p2a: Incineroar|Intimidate|boost
|-unboost|p1a: Landorus|atk|1
|move|p1a: Landorus|Earthquake|p2a: Incineroar
|-supereffective|p2a: Incineroar
|-damage|p2a: Incineroar|23/100
|
|-weather|Sandstorm|[upkeep]
|-damage|p2a: Incineroar|17/100|[from] Sandstorm
|upkeep
|turn|19
|
|t:|1760330094
|switch|p2a: Mimikyu|Mimikyu-Busted, M|20/100
|move|p1a: Landorus|Earthquake|p2a: Mimikyu
|-damage|p2a: Mimikyu|0 fnt
|faint|p2a: Mimikyu
|
|-weather|none
|upkeep
|
|t:|1760330102
|switch|p2a: Incineroar|Incineroar, M|17/100
|-ability|p2a: Incineroar|Intimidate|boost
|-unboost|p1a: Landorus|atk|1
|turn|20
|
|t:|1760330109
|move|p1a: Landorus|Earthquake|p2a: Incineroar
|-supereffective|p2a: Incineroar
|-damage|p2a: Incineroar|0 fnt
|faint|p2a: Incineroar
|
|upkeep
|
|t:|1760330114
|switch|p2a: Toxapex|Toxapex, M|100/100
|turn|21
|
|t:|1760330123
|-terastallize|p1a: Landorus|Ground
|move|p1a: Landorus|Earthquake|p2a: Toxapex
|-supereffective|p2a: Toxapex
|-damage|p2a: Toxapex|61/100
|move|p2a: Toxapex|Chilling Water|p1a: Landorus
|-supereffective|p1a: Landorus
|-damage|p1a: Landorus|27/100
|-unboost|p1a: Landorus|atk|1
|
|upkeep
|turn|22
|
|t:|1760330133
|move|p1a: Landorus|Earthquake|p2a: Toxapex
|-supereffective|p2a: Toxapex
|-damage|p2a: Toxapex|27/100
|move|p2a: Toxapex|Recover|p2a: Toxapex
|-heal|p2a: Toxapex|77/100
|
|upkeep
|turn|23
|-message|bradx55 forfeited.
|
|win|animeGametestteam
|raw|bradx55's rating: 1156 &rarr; <strong>1135</strong><br />(-21 for losing)
|raw|animeGametestteam's rating: 1217 &rarr; <strong>1238</strong><br />(+21 for winning)
|l|☆bradx55
|player|p1|
|l|☆animeGametestteam
|player|p2|
