|j|☆jadhe
|j|☆show05black
|t:|1760376181
|gametype|singles
|player|p1|jadhe|266|1114
|player|p2|show05black|101|1161
|gen|9
|tier|[Gen 9] OU
|rated|
|rule|HP Percentage Mod: HP is shown in percentages
|rule|Endless Battle Clause: Forcing endless battles is banned
|rule|Species Clause: Limit one of each Pokémon
|rule|OHKO Clause: OHKO moves are banned
|rule|Evasion Items Clause: Evasion items are banned
|rule|Evasion Moves Clause: Evasion moves are banned
|rule|Evasion Abilities Clause: Evasion abilities are banned
|rule|Sleep Moves Clause: Sleep-inducing moves are banned
|clearpoke
|poke|p1|Gliscor, F|
|poke|p1|Tropius, M|
|poke|p1|Blaziken, M|
|poke|p1|Indeedee, M|
|poke|p1|Iron Treads|
|poke|p1|Rillaboom, M|
|poke|p2|Kingambit, F|
|poke|p2|Great Tusk|
|poke|p2|Salamence, F|
|poke|p2|Gardevoir, M|
|poke|p2|Toxtricity, M|
|poke|p2|Mandibuzz, F|
|teampreview
|
|t:|1760376217
|teamsize|p1|6
|teamsize|p2|6
|start
|switch|p1a: Tropius|Tropius, M|100/100
|switch|p2a: Anomaly|Great Tusk|100/100
|-enditem|p2a: Anomaly|Booster Energy
|-activate|p2a: Anomaly|ability: Protosynthesis|[fromitem]
|-start|p2a: Anomaly|protosynthesisatk
|turn|1
|
|t:|1760376236
|move|p1a: Tropius|Protect|p1a: Tropius
|-singleturn|p1a: Tropius|Protect
|move|p2a: Anomaly|Ice Spinner|p1a: Tropius
|-activate|p1a: Tropius|move: Protect
|
|upkeep
|turn|2
|
|t:|1760376243
|switch|p1a: Blaziken|Blaziken, M|100/100
|move|p2a: Anomaly|Ice Spinner|p1a: Blaziken
|-resisted|p1a: Blaziken
|-damage|p1a: Blaziken|72/100
|
|upkeep
|turn|3
|
|t:|1760376250
|move|p1a: Blaziken|Protect|p1a: Blaziken
|-singleturn|p1a: Blaziken|Protect
|move|p2a: Anomaly|Headlong Rush|p1a: Blaziken
|-activate|p1a: Blaziken|move: Protect
|
|-ability|p1a: Blaziken|Speed Boost|boost
|-boost|p1a: Blaziken|spe|1
|upkeep
|turn|4
|
|t:|1760376260
|move|p1a: Blaziken|Brave Bird|p2a: Anomaly
|-supereffective|p2a: Anomaly
|-damage|p2a: Anomaly|12/100
|-damage|p1a: Blaziken|36/100|[from] Recoil
|-damage|p1a: Blaziken|26/100|[from] item: Life Orb
|move|p2a: Anomaly|Headlong Rush|p1a: Blaziken
|-supereffective|p1a: Blaziken
|-damage|p1a: Blaziken|0 fnt
|-unboost|p2a: Anomaly|def|1
|-unboost|p2a: Anomaly|spd|1
|faint|p1a: Blaziken
|
|upkeep
|
|t:|1760376275
|switch|p1a: Rillaboom|Rillaboom, M|100/100
|-fieldstart|move: Grassy Terrain|[from] ability: Grassy Surge|[of] p1a: Rillaboom
|turn|5
|
|t:|1760376286
|-end|p2a: Anomaly|Protosynthesis|[silent]
|switch|p2a: Meruem|Kingambit, F|100/100
|move|p1a: Rillaboom|Grassy Glide|p2a: Meruem
|-resisted|p2a: Meruem
|-damage|p2a: Meruem|86/100
|
|-heal|p2a: Meruem|92/100|[from] Grassy Terrain
|-heal|p2a: Meruem|98/100|[from] item: Leftovers
|upkeep
|turn|6
|
|t:|1760376295
|move|p1a: Rillaboom|High Horsepower|p2a: Meruem
|-supereffective|p2a: Meruem
|-damage|p2a: Meruem|48/100
|move|p2a: Meruem|Swords Dance|p2a: Meruem
|-boost|p2a: Meruem|atk|2
|
|-heal|p2a: Meruem|54/100|[from] Grassy Terrain
|-heal|p2a: Meruem|60/100|[from] item: Leftovers
|upkeep
|turn|7
|
|t:|1760376308
|move|p1a: Rillaboom|High Horsepower|p2a: Meruem
|-supereffective|p2a: Meruem
|-damage|p2a: Meruem|10/100
|move|p2a: Meruem|Kowtow Cleave|p1a: Rillaboom
|-damage|p1a: Rillaboom|0 fnt
|faint|p1a: Rillaboom
|
|-heal|p2a: Meruem|16/100|[from] Grassy Terrain
|-heal|p2a: Meruem|22/100|[from] item: Leftovers
|upkeep
|
|t:|1760376325
|switch|p1a: Indeedee|Indeedee, M|100/100
|-fieldstart|move: Psychic Terrain|[from] ability: Psychic Surge|[of] p1a: Indeedee
|turn|8
|
|t:|1760376329
|move|p1a: Indeedee|Dazzling Gleam|p2a: Meruem
|-damage|p2a: Meruem|0 fnt
|faint|p2a: Meruem
|-end|p2a: Meruem|fallenundefined|[silent]
|
|upkeep
|
|t:|1760376334
|switch|p2a: Anomaly|Great Tusk|12/100
|turn|9
|
|t:|1760376341
|move|p1a: Indeedee|Dazzling Gleam|p2a: Anomaly
|-supereffective|p2a: Anomaly
|-damage|p2a: Anomaly|0 fnt
|faint|p2a: Anomaly
|-end|p2a: Anomaly|Protosynthesis|[silent]
|
|upkeep
|
|t:|1760376345
|switch|p2a: Toxtricity|Toxtricity, M|100/100
|turn|10
|
|t:|1760376357
|switch|p1a: Tropius|Tropius, M|100/100
|move|p2a: Toxtricity|Boomburst|p1a: Tropius
|-damage|p1a: Tropius|42/100
|-enditem|p1a: Tropius|Sitrus Berry|[eat]
|-heal|p1a: Tropius|66/100|[from] item: Sitrus Berry
|-enditem|p2a: Toxtricity|Throat Spray
|-boost|p2a: Toxtricity|spa|1|[from] item: Throat Spray
|
|-item|p1a: Tropius|Sitrus Berry|[from] ability: Harvest
|upkeep
|turn|11
|
|t:|1760376381
|move|p1a: Tropius|Protect|p1a: Tropius
|-singleturn|p1a: Tropius|Protect
|move|p2a: Toxtricity|Sludge Wave|p1a: Tropius
|-activate|p1a: Tropius|move: Protect
|
|upkeep
|turn|12
|
|t:|1760376411
|move|p2a: Toxtricity|Sludge Wave|p1a: Tropius
|-supereffective|p1a: Tropius
|-damage|p1a: Tropius|0 fnt
|faint|p1a: Tropius
|
|-fieldend|move: Psychic Terrain
|upkeep
|
|t:|1760376422
|switch|p1a: Iron Treads|Iron Treads|100/100
|-enditem|p1a: Iron Treads|Booster Energy
|-activate|p1a: Iron Treads|ability: Quark Drive|[fromitem]
|-start|p1a: Iron Treads|quarkdrivespe
|turn|13
|
|t:|1760376425
|-terastallize|p2a: Toxtricity|Normal
|move|p1a: Iron Treads|Earthquake|p2a: Toxtricity
|-damage|p2a: Toxtricity|45/100
|move|p2a: Toxtricity|Boomburst|p1a: Iron Treads
|-resisted|p1a: Iron Treads
|-damage|p1a: Iron Treads|18/100
|
|upkeep
|turn|14
|
|t:|1760376436
|switch|p2a: Mandibuzz|Mandibuzz, F|100/100
|move|p1a: Iron Treads|Earthquake|p2a: Mandibuzz
|-immune|p2a: Mandibuzz
|
|upkeep
|turn|15
|
|t:|1760376450
|move|p1a: Iron Treads|Ice Spinner|p2a: Mandibuzz
|-supereffective|p2a: Mandibuzz
|-damage|p2a: Mandibuzz|75/100
|-damage|p1a: Iron Treads|2/100|[from] item: Rocky Helmet|[of] p2a: Mandibuzz
|move|p2a: Mandibuzz|Knock Off|p1a: Iron Treads
|-damage|p1a: Iron Treads|0 fnt
|faint|p1a: Iron Treads
|-end|p1a: Iron Treads|Quark Drive|[silent]
|
|upkeep
|
|t:|1760376463
|switch|p1a: Gliscor|Gliscor, F|100/100
|turn|16
|
|t:|1760376468
|move|p1a: Gliscor|Toxic|p2a: Mandibuzz
|-status|p2a: Mandibuzz|tox
|move|p2a: Mandibuzz|Knock Off|p1a: Gliscor
|-damage|p1a: Gliscor|85/100
|-enditem|p1a: Gliscor|Toxic Orb|[from] move: Knock Off|[of] p2a: Mandibuzz
|
|-damage|p2a: Mandibuzz|68/100 tox|[from] psn
|upkeep
|turn|17
|
|t:|1760376476
|move|p1a: Gliscor|Substitute|p1a: Gliscor
|-start|p1a: Gliscor|Substitute
|-damage|p1a: Gliscor|60/100
|move|p2a: Mandibuzz|U-turn|p1a: Gliscor
|-resisted|p1a: Gliscor
|-activate|p1a: Gliscor|move: Substitute|[damage]
|
|t:|1760376485
|switch|p2a: Toxtricity|Toxtricity, M, tera:Normal|45/100|[from] U-turn
|
|upkeep
|turn|18
|
|t:|1760376491
|move|p2a: Toxtricity|Boomburst|p1a: Gliscor
|-damage|p1a: Gliscor|0 fnt
|faint|p1a: Gliscor
|
|upkeep
|
|t:|1760376494
|switch|p1a: Indeedee|Indeedee, M|100/100
|-fieldstart|move: Psychic Terrain|[from] ability: Psychic Surge|[of] p1a: Indeedee
|turn|19
|
|t:|1760376495
|move|p1a: Indeedee|Psychic|p2a: Toxtricity
|-crit|p2a: Toxtricity
|-damage|p2a: Toxtricity|0 fnt
|faint|p2a: Toxtricity
|
|upkeep
|
|t:|1760376498
|switch|p2a: Mandibuzz|Mandibuzz, F|68/100 tox
|turn|20
|l|☆jadhe
|player|p1|
|inactive|Battle timer is ON: inactive players will automatically lose when time's up. (requested by show05black)
|inactive|jadhe has 30 seconds to reconnect!
|inactive|jadhe has 20 seconds to reconnect!
|inactive|jadhe has 15 seconds to reconnect!
|inactive|jadhe has 10 seconds to reconnect!
|inactive|jadhe has 5 seconds to reconnect!
|-message|jadhe lost due to inactivity.
|
|win|show05black
|raw|jadhe's rating: 1114 &rarr; <strong>1092</strong><br />(-22 for losing)
|raw|show05black's rating: 1161 &rarr; <strong>1183</strong><br />(+22 for winning)
