|j|☆vghhjg
|j|☆SamiFawad
|t:|1760437896
|gametype|singles
|player|p1|vghhjg|170|1484
|player|p2|SamiFawad|170|1550
|gen|9
|tier|[Gen 9] OU
|rated|
|rule|HP Percentage Mod: HP is shown in percentages
|rule|Endless Battle Clause: Forcing endless battles is banned
|rule|Species Clause: Limit one of each Pokémon
|rule|OHKO Clause: OHKO moves are banned
|rule|Evasion Items Clause: Evasion items are banned
|rule|Evasion Moves Clause: Evasion moves are banned
|rule|Evasion Abilities Clause: Evasion abilities are banned
|rule|Sleep Moves Clause: Sleep-inducing moves are banned
|clearpoke
|poke|p1|Ribombee, F|
|poke|p1|Gholdengo|
|poke|p1|Dragonite, F|
|poke|p1|Enamorus, F|
|poke|p1|Iron Moth|
|poke|p1|Iron Treads|
|poke|p2|Iron Moth|
|poke|p2|Samurott-Hisui, F|
|poke|p2|Thundurus-Therian, M|
|poke|p2|Ogerpon-Cornerstone, F|
|poke|p2|Clodsire, F|
|poke|p2|Great Tusk|
|teampreview
|
|t:|1760437907
|teamsize|p1|6
|teamsize|p2|6
|start
|switch|p1a: Ribombee|Ribombee, F|100/100
|switch|p2a: Iron Moth|Iron Moth|100/100
|-enditem|p2a: Iron Moth|Booster Energy
|-activate|p2a: Iron Moth|ability: Quark Drive|[fromitem]
|-start|p2a: Iron Moth|quarkdrivespe
|turn|1
|
|t:|1760437912
|move|p2a: Iron Moth|Substitute|p2a: Iron Moth
|-start|p2a: Iron Moth|Substitute
|-damage|p2a: Iron Moth|76/100
|move|p1a: Ribombee|Sticky Web|p2a: Iron Moth
|-sidestart|p2: SamiFawad|move: Sticky Web
|
|upkeep
|turn|2
|
|t:|1760437914
|move|p2a: Iron Moth|Fiery Dance|p1a: Ribombee
|-supereffective|p1a: Ribombee
|-enditem|p1a: Ribombee|Focus Sash
|-damage|p1a: Ribombee|1/100
|move|p1a: Ribombee|Psychic Noise|p2a: Iron Moth
|-supereffective|p2a: Iron Moth
|-damage|p2a: Iron Moth|37/100
|-start|p2a: Iron Moth|move: Heal Block
|
|upkeep
|turn|3
|
|t:|1760437917
|move|p2a: Iron Moth|Fiery Dance|p1a: Ribombee
|-supereffective|p1a: Ribombee
|-damage|p1a: Ribombee|0 fnt
|-boost|p2a: Iron Moth|spa|1
|faint|p1a: Ribombee
|
|-end|p2a: Iron Moth|move: Heal Block
|upkeep
|
|t:|1760437923
|switch|p1a: Dragonite|Dragonite, F, shiny|100/100
|turn|4
|
|t:|1760437938
|move|p2a: Iron Moth|Sludge Wave|p1a: Dragonite
|-damage|p1a: Dragonite|64/100
|move|p1a: Dragonite|Earthquake|p2a: Iron Moth
|-supereffective|p2a: Iron Moth
|-end|p2a: Iron Moth|Substitute
|
|-heal|p1a: Dragonite|70/100|[from] item: Leftovers
|upkeep
|turn|5
|
|t:|1760437944
|-end|p2a: Iron Moth|Quark Drive|[silent]
|switch|p2a: Great Tusk|Great Tusk|100/100
|-activate|p2a: Great Tusk|move: Sticky Web
|-unboost|p2a: Great Tusk|spe|1
|move|p1a: Dragonite|Earthquake|p2a: Great Tusk
|-damage|p2a: Great Tusk|83/100
|
|-heal|p1a: Dragonite|77/100|[from] item: Leftovers
|upkeep
|turn|6
|
|t:|1760437948
|switch|p1a: Gholdengo|Gholdengo|100/100
|-item|p1a: Gholdengo|Air Balloon
|move|p2a: Great Tusk|Knock Off|p1a: Gholdengo
|-supereffective|p1a: Gholdengo
|-damage|p1a: Gholdengo|36/100
|-enditem|p1a: Gholdengo|Air Balloon
|
|upkeep
|turn|7
|
|t:|1760437954
|-end|p2a: Great Tusk|Protosynthesis|[silent]
|switch|p2a: Samurott|Samurott-Hisui, F|100/100
|-activate|p2a: Samurott|move: Sticky Web
|-unboost|p2a: Samurott|spe|1
|move|p1a: Gholdengo|Dazzling Gleam|p2a: Samurott
|-supereffective|p2a: Samurott
|-damage|p2a: Samurott|21/100
|
|upkeep
|turn|8
|
|t:|1760437958
|switch|p1a: Iron Treads|Iron Treads|100/100
|-enditem|p1a: Iron Treads|Booster Energy
|-activate|p1a: Iron Treads|ability: Quark Drive|[fromitem]
|-start|p1a: Iron Treads|quarkdrivespe
|move|p2a: Samurott|Sucker Punch||[still]
|-fail|p2a: Samurott
|
|upkeep
|turn|9
|
|t:|1760437963
|switch|p2a: Great Tusk|Great Tusk|83/100
|-activate|p2a: Great Tusk|move: Sticky Web
|-unboost|p2a: Great Tusk|spe|1
|move|p1a: Iron Treads|Stealth Rock|p2a: Great Tusk
|-sidestart|p2: SamiFawad|move: Stealth Rock
|
|upkeep
|turn|10
|
|t:|1760437967
|-end|p1a: Iron Treads|Quark Drive|[silent]
|switch|p1a: Gholdengo|Gholdengo|36/100
|move|p2a: Great Tusk|Knock Off|p1a: Gholdengo
|-supereffective|p1a: Gholdengo
|-damage|p1a: Gholdengo|0 fnt
|faint|p1a: Gholdengo
|
|upkeep
|
|t:|1760437980
|switch|p1a: Dragonite|Dragonite, F, shiny|77/100
|turn|11
|
|t:|1760437983
|move|p1a: Dragonite|Encore|p2a: Great Tusk
|-start|p2a: Great Tusk|Encore
|move|p2a: Great Tusk|Knock Off|p1a: Dragonite
|-damage|p1a: Dragonite|44/100
|-enditem|p1a: Dragonite|Leftovers|[from] move: Knock Off|[of] p2a: Great Tusk
|
|upkeep
|turn|12
|
|t:|1760437992
|-end|p2a: Great Tusk|Protosynthesis|[silent]
|switch|p2a: Thundurus|Thundurus-Therian, M|100/100
|-damage|p2a: Thundurus|76/100|[from] Stealth Rock
|move|p1a: Dragonite|Dragon Dance|p1a: Dragonite
|-boost|p1a: Dragonite|atk|1
|-boost|p1a: Dragonite|spe|1
|
|upkeep
|turn|13
|
|t:|1760438009
|switch|p1a: Iron Treads|Iron Treads|100/100
|move|p2a: Thundurus|Discharge|p1a: Iron Treads
|-immune|p1a: Iron Treads
|
|upkeep
|turn|14
|
|t:|1760438015
|switch|p2a: Great Tusk|Great Tusk|83/100
|-activate|p2a: Great Tusk|move: Sticky Web
|-unboost|p2a: Great Tusk|spe|1
|-damage|p2a: Great Tusk|80/100|[from] Stealth Rock
|move|p1a: Iron Treads|Knock Off|p2a: Great Tusk
|-resisted|p2a: Great Tusk
|-damage|p2a: Great Tusk|73/100
|-damage|p1a: Iron Treads|84/100|[from] item: Rocky Helmet|[of] p2a: Great Tusk
|-enditem|p2a: Great Tusk|Rocky Helmet|[from] move: Knock Off|[of] p1a: Iron Treads
|
|upkeep
|turn|15
|
|t:|1760438027
|-terastallize|p1a: Iron Treads|Ghost
|move|p1a: Iron Treads|Earthquake|p2a: Great Tusk
|-damage|p2a: Great Tusk|52/100
|move|p2a: Great Tusk|Rapid Spin|p1a: Iron Treads
|-immune|p1a: Iron Treads
|
|upkeep
|turn|16
|
|t:|1760438036
|-end|p2a: Great Tusk|Protosynthesis|[silent]
|switch|p2a: Iron Moth|Iron Moth|37/100
|-activate|p2a: Iron Moth|move: Sticky Web
|-unboost|p2a: Iron Moth|spe|1
|-damage|p2a: Iron Moth|12/100|[from] Stealth Rock
|move|p1a: Iron Treads|Earthquake|p2a: Iron Moth
|-supereffective|p2a: Iron Moth
|-crit|p2a: Iron Moth
|-damage|p2a: Iron Moth|0 fnt
|faint|p2a: Iron Moth
|-end|p2a: Iron Moth|Quark Drive|[silent]
|
|upkeep
|
|t:|1760438040
|switch|p2a: Clodsire|Clodsire, F|100/100
|-activate|p2a: Clodsire|move: Sticky Web
|-unboost|p2a: Clodsire|spe|1
|-damage|p2a: Clodsire|94/100|[from] Stealth Rock
|turn|17
|
|t:|1760438044
|-terastallize|p2a: Clodsire|Flying
|move|p1a: Iron Treads|Earthquake|p2a: Clodsire
|-immune|p2a: Clodsire
|move|p2a: Clodsire|Toxic|p1a: Iron Treads
|-status|p1a: Iron Treads|tox
|
|-heal|p2a: Clodsire|100/100|[from] item: Leftovers
|-damage|p1a: Iron Treads|78/100 tox|[from] psn
|upkeep
|turn|18
|
|t:|1760438048
|move|p1a: Iron Treads|Knock Off|p2a: Clodsire
|-damage|p2a: Clodsire|68/100
|-enditem|p2a: Clodsire|Leftovers|[from] move: Knock Off|[of] p1a: Iron Treads
|move|p2a: Clodsire|Earthquake|p1a: Iron Treads
|-damage|p1a: Iron Treads|53/100 tox
|
|-damage|p1a: Iron Treads|41/100 tox|[from] psn
|upkeep
|turn|19
|
|t:|1760438066
|move|p1a: Iron Treads|Rapid Spin|p2a: Clodsire
|-damage|p2a: Clodsire|49/100
|-boost|p1a: Iron Treads|spe|1
|move|p2a: Clodsire|Recover|p2a: Clodsire
|-heal|p2a: Clodsire|99/100
|
|-damage|p1a: Iron Treads|22/100 tox|[from] psn
|upkeep
|turn|20
|
|t:|1760438077
|move|p1a: Iron Treads|Rapid Spin|p2a: Clodsire
|-damage|p2a: Clodsire|82/100
|-boost|p1a: Iron Treads|spe|1
|move|p2a: Clodsire|Toxic|p1a: Iron Treads|[miss]
|-miss|p2a: Clodsire|p1a: Iron Treads
|
|-damage|p1a: Iron Treads|0 fnt|[from] psn
|faint|p1a: Iron Treads
|-end|p1a: Iron Treads|Quark Drive|[silent]
|upkeep
|
|t:|1760438084
|switch|p1a: Dragonite|Dragonite, F, shiny|44/100
|turn|21
|
|t:|1760438091
|move|p1a: Dragonite|Encore|p2a: Clodsire
|-start|p2a: Clodsire|Encore
|move|p2a: Clodsire|Toxic|p1a: Dragonite
|-status|p1a: Dragonite|tox
|
|-damage|p1a: Dragonite|38/100 tox|[from] psn
|upkeep
|turn|22
|
|t:|1760438095
|switch|p1a: Iron Moth|Iron Moth, shiny|100/100
|-enditem|p1a: Iron Moth|Booster Energy
|-activate|p1a: Iron Moth|ability: Quark Drive|[fromitem]
|-start|p1a: Iron Moth|quarkdrivespa
|switch|p2a: Samurott|Samurott-Hisui, F|21/100
|-activate|p2a: Samurott|move: Sticky Web
|-unboost|p2a: Samurott|spe|1
|-damage|p2a: Samurott|9/100|[from] Stealth Rock
|
|upkeep
|turn|23
|
|t:|1760438106
|move|p1a: Iron Moth|Fiery Dance|p2a: Samurott
|-resisted|p2a: Samurott
|-damage|p2a: Samurott|0 fnt
|faint|p2a: Samurott
|
|upkeep
|
|t:|1760438112
|switch|p2a: Thundurus|Thundurus-Therian, M|76/100
|-damage|p2a: Thundurus|51/100|[from] Stealth Rock
|turn|24
|
|t:|1760438118
|move|p2a: Thundurus|Discharge|p1a: Iron Moth
|-damage|p1a: Iron Moth|46/100
|move|p1a: Iron Moth|Sludge Wave|p2a: Thundurus
|-damage|p2a: Thundurus|0 fnt
|faint|p2a: Thundurus
|
|upkeep
|
|t:|1760438128
|switch|p2a: Great Tusk|Great Tusk|52/100
|-activate|p2a: Great Tusk|move: Sticky Web
|-unboost|p2a: Great Tusk|spe|1
|-damage|p2a: Great Tusk|49/100|[from] Stealth Rock
|turn|25
|
|t:|1760438133
|move|p1a: Iron Moth|Energy Ball|p2a: Great Tusk
|-supereffective|p2a: Great Tusk
|-damage|p2a: Great Tusk|0 fnt
|faint|p2a: Great Tusk
|-end|p2a: Great Tusk|Protosynthesis|[silent]
|
|upkeep
|
|t:|1760438136
|switch|p2a: Clodsire|Clodsire, F, tera:Flying|82/100
|-damage|p2a: Clodsire|57/100|[from] Stealth Rock
|turn|26
|
|t:|1760438142
|move|p1a: Iron Moth|Sludge Wave|p2a: Clodsire
|-damage|p2a: Clodsire|21/100
|move|p2a: Clodsire|Recover|p2a: Clodsire
|-heal|p2a: Clodsire|71/100
|
|upkeep
|turn|27
|
|t:|1760438146
|-end|p1a: Iron Moth|Quark Drive|[silent]
|switch|p1a: Dragonite|Dragonite, F, shiny|38/100 tox
|move|p2a: Clodsire|Recover|p2a: Clodsire
|-heal|p2a: Clodsire|100/100
|
|-damage|p1a: Dragonite|31/100 tox|[from] psn
|upkeep
|turn|28
|
|t:|1760438150
|switch|p2a: Ogerpon|Ogerpon-Cornerstone, F|100/100
|-activate|p2a: Ogerpon|move: Sticky Web
|-unboost|p2a: Ogerpon|spe|1
|-damage|p2a: Ogerpon|88/100|[from] Stealth Rock
|move|p1a: Dragonite|Encore||[still]
|-fail|p1a: Dragonite
|
|-damage|p1a: Dragonite|19/100 tox|[from] psn
|upkeep
|turn|29
|
|t:|1760438156
|move|p1a: Dragonite|Earthquake|p2a: Ogerpon
|-damage|p2a: Ogerpon|45/100
|move|p2a: Ogerpon|Ivy Cudgel|p1a: Dragonite|[anim] Ivy Cudgel Rock
|-supereffective|p1a: Dragonite
|-crit|p1a: Dragonite
|-damage|p1a: Dragonite|0 fnt
|faint|p1a: Dragonite
|
|upkeep
|
|t:|1760438163
|switch|p1a: Enamorus|Enamorus, F|100/100
|turn|30
|
|t:|1760438175
|move|p1a: Enamorus|Moonblast|p2a: Ogerpon
|-damage|p2a: Ogerpon|0 fnt
|faint|p2a: Ogerpon
|
|upkeep
|
|t:|1760438177
|switch|p2a: Clodsire|Clodsire, F, tera:Flying|100/100
|-damage|p2a: Clodsire|75/100|[from] Stealth Rock
|turn|31
|
|t:|1760438185
|move|p1a: Enamorus|Moonblast|p2a: Clodsire
|-damage|p2a: Clodsire|46/100
|move|p2a: Clodsire|Toxic|p1a: Enamorus
|-status|p1a: Enamorus|tox
|
|-damage|p1a: Enamorus|94/100 tox|[from] psn
|upkeep
|turn|32
|
|t:|1760438190
|move|p1a: Enamorus|Moonblast|p2a: Clodsire
|-damage|p2a: Clodsire|16/100
|move|p2a: Clodsire|Recover|p2a: Clodsire
|-heal|p2a: Clodsire|66/100
|
|-damage|p1a: Enamorus|82/100 tox|[from] psn
|upkeep
|turn|33
|
|t:|1760438193
|move|p1a: Enamorus|Moonblast|p2a: Clodsire
|-crit|p2a: Clodsire
|-damage|p2a: Clodsire|22/100
|move|p2a: Clodsire|Recover|p2a: Clodsire
|-heal|p2a: Clodsire|72/100
|
|-damage|p1a: Enamorus|63/100 tox|[from] psn
|upkeep
|turn|34
|
|t:|1760438197
|move|p1a: Enamorus|Moonblast|p2a: Clodsire
|-damage|p2a: Clodsire|41/100
|-unboost|p2a: Clodsire|spa|1
|move|p2a: Clodsire|Recover|p2a: Clodsire
|-heal|p2a: Clodsire|91/100
|
|-damage|p1a: Enamorus|38/100 tox|[from] psn
|upkeep
|turn|35
|
|t:|1760438208
|switch|p1a: Iron Moth|Iron Moth, shiny|46/100
|move|p2a: Clodsire|Recover|p2a: Clodsire
|-heal|p2a: Clodsire|100/100
|
|upkeep
|turn|36
|
|t:|1760438215
|move|p1a: Iron Moth|Fiery Dance|p2a: Clodsire
|-damage|p2a: Clodsire|77/100
|-boost|p1a: Iron Moth|spa|1
|move|p2a: Clodsire|Earthquake|p1a: Iron Moth
|-supereffective|p1a: Iron Moth
|-damage|p1a: Iron Moth|0 fnt
|faint|p1a: Iron Moth
|-end|p1a: Iron Moth|Quark Drive|[silent]
|
|upkeep
|
|t:|1760438221
|switch|p1a: Enamorus|Enamorus, F|38/100 tox
|turn|37
|
|t:|1760438225
|move|p1a: Enamorus|Moonblast|p2a: Clodsire
|-crit|p2a: Clodsire
|-damage|p2a: Clodsire|32/100
|-unboost|p2a: Clodsire|spa|1
|move|p2a: Clodsire|Counter||[still]
|-fail|p2a: Clodsire
|
|-damage|p1a: Enamorus|32/100 tox|[from] psn
|upkeep
|turn|38
|
|t:|1760438234
|move|p1a: Enamorus|Moonblast|p2a: Clodsire
|-damage|p2a: Clodsire|3/100
|move|p2a: Clodsire|Recover|p2a: Clodsire
|-heal|p2a: Clodsire|53/100
|
|-damage|p1a: Enamorus|20/100 tox|[from] psn
|upkeep
|turn|39
|
|t:|1760438243
|move|p1a: Enamorus|Moonblast|p2a: Clodsire
|-damage|p2a: Clodsire|23/100
|move|p2a: Clodsire|Earthquake|p1a: Enamorus
|-immune|p1a: Enamorus
|
|-damage|p1a: Enamorus|1/100 tox|[from] psn
|upkeep
|turn|40
|
|t:|1760438247
|move|p1a: Enamorus|Moonblast|p2a: Clodsire
|-damage|p2a: Clodsire|0 fnt
|faint|p2a: Clodsire
|
|win|vghhjg
|raw|vghhjg's rating: 1484 &rarr; <strong>1508</strong><br />(+24 for winning)
|raw|SamiFawad's rating: 1550 &rarr; <strong>1526</strong><br />(-24 for losing)
|l|☆SamiFawad
|player|p2|
|l|☆vghhjg
|player|p1|
