|badge|p1|silver|gen9ou|30-7
|uhtml|medal-msg|<div class="broadcast-blue">Curious what those medals under the avatar are? PS now has Ladder Seasons! For more information, check out the <a href="https://www.smogon.com/forums/threads/3740067/">thread on Smogon.</a></div>
|badge|p2|bronze|gen9ou|100-7
|uhtml|medal-msg|<div class="broadcast-blue">Curious what those medals under the avatar are? PS now has Ladder Seasons! For more information, check out the <a href="https://www.smogon.com/forums/threads/3740067/">thread on Smogon.</a></div>
|j|☆Ctannn
|j|☆Trainer #39
|t:|1760437806
|gametype|singles
|player|p1|Ctannn|101|1992
|player|p2|Trainer #39|bugsy|1881
|gen|9
|tier|[Gen 9] OU
|rated|
|rule|HP Percentage Mod: HP is shown in percentages
|rule|Endless Battle Clause: Forcing endless battles is banned
|rule|Species Clause: Limit one of each Pokémon
|rule|OHKO Clause: OHKO moves are banned
|rule|Evasion Items Clause: Evasion items are banned
|rule|Evasion Moves Clause: Evasion moves are banned
|rule|Evasion Abilities Clause: Evasion abilities are banned
|rule|Sleep Moves Clause: Sleep-inducing moves are banned
|clearpoke
|poke|p1|Rillaboom, F|
|poke|p1|Garganacl, F|
|poke|p1|Cinderace, F|
|poke|p1|Raging Bolt|
|poke|p1|Slowking-Galar, F|
|poke|p1|Landorus-Therian, M|
|poke|p2|Blissey, F|
|poke|p2|Corviknight, M|
|poke|p2|Dondozo, M|
|poke|p2|Gliscor, M|
|poke|p2|Clefable, M|
|poke|p2|Slowking-Galar, M|
|teampreview
|inactive|Battle timer is ON: inactive players will automatically lose when time's up. (requested by Ctannn)
|j| kkfjjfjfjj
|inactive|Trainer #39 has 120 seconds left.
|
|t:|1760437841
|teamsize|p1|6
|teamsize|p2|6
|start
|switch|p1a: Slowking|Slowking-Galar, F|100/100
|switch|p2a: 🇮🇱=stop genocide|Gliscor, M|100/100
|turn|1
|
|t:|1760437851
|move|p2a: 🇮🇱=stop genocide|Substitute|p2a: 🇮🇱=stop genocide
|-start|p2a: 🇮🇱=stop genocide|Substitute
|-damage|p2a: 🇮🇱=stop genocide|76/100
|move|p1a: Slowking|Ice Beam|p2a: 🇮🇱=stop genocide
|-supereffective|p2a: 🇮🇱=stop genocide
|-end|p2a: 🇮🇱=stop genocide|Substitute
|
|-status|p2a: 🇮🇱=stop genocide|tox|[from] item: Toxic Orb
|upkeep
|turn|2
|
|t:|1760437856
|switch|p2a: LeJ/ovni/la lettre|Slowking-Galar, M|100/100
|move|p1a: Slowking|Future Sight|p2a: LeJ/ovni/la lettre
|-start|p1a: Slowking|move: Future Sight
|
|upkeep
|turn|3
|
|t:|1760437865
|switch|p1a: Landorus|Landorus-Therian, M|100/100
|-ability|p1a: Landorus|Intimidate|boost
|-unboost|p2a: LeJ/ovni/la lettre|atk|1
|move|p2a: LeJ/ovni/la lettre|Thunder Wave|p1a: Landorus
|-immune|p1a: Landorus
|
|upkeep
|turn|4
|
|t:|1760437872
|switch|p2a: Charlie Kirk: idc|Corviknight, M|100/100
|-ability|p2a: Charlie Kirk: idc|Pressure
|move|p1a: Landorus|Stealth Rock|p2a: Charlie Kirk: idc
|-sidestart|p2: Trainer #39|move: Stealth Rock
|
|-end|p2a: Charlie Kirk: idc|move: Future Sight
|-resisted|p2a: Charlie Kirk: idc
|-damage|p2a: Charlie Kirk: idc|77/100
|upkeep
|turn|5
|
|t:|1760437879
|switch|p1a: Slowking|Slowking-Galar, F|100/100
|move|p2a: Charlie Kirk: idc|Brave Bird|p1a: Slowking
|-damage|p1a: Slowking|75/100
|-damage|p2a: Charlie Kirk: idc|61/100|[from] item: Rocky Helmet|[of] p1a: Slowking
|-damage|p2a: Charlie Kirk: idc|52/100|[from] Recoil
|
|upkeep
|turn|6
|
|t:|1760437884
|switch|p2a: brat|Blissey, F|100/100
|move|p1a: Slowking|Future Sight|p2a: brat
|-start|p1a: Slowking|move: Future Sight
|
|upkeep
|turn|7
|
|t:|1760437888
|move|p2a: brat|Stealth Rock|p1a: Slowking
|-sidestart|p1: Ctannn|move: Stealth Rock
|-prepare|p1a: Slowking|Chilly Reception|[premajor]
|move|p1a: Slowking|Chilly Reception|p1a: Slowking
|-weather|Snowscape
|
|t:|1760437892
|switch|p1a: Rillaboom|Rillaboom, F|100/100|[from] Chilly Reception
|-damage|p1a: Rillaboom|88/100|[from] Stealth Rock
|-fieldstart|move: Grassy Terrain|[from] ability: Grassy Surge|[of] p1a: Rillaboom
|
|-weather|Snowscape|[upkeep]
|-heal|p1a: Rillaboom|94/100|[from] Grassy Terrain
|upkeep
|turn|8
|
|t:|1760437897
|switch|p2a: Charlie Kirk: idc|Corviknight, M|52/100
|-damage|p2a: Charlie Kirk: idc|40/100|[from] Stealth Rock
|-ability|p2a: Charlie Kirk: idc|Pressure
|move|p1a: Rillaboom|Swords Dance|p1a: Rillaboom
|-boost|p1a: Rillaboom|atk|2
|
|-weather|Snowscape|[upkeep]
|-end|p2a: Charlie Kirk: idc|move: Future Sight
|-resisted|p2a: Charlie Kirk: idc
|-damage|p2a: Charlie Kirk: idc|18/100
|-heal|p1a: Rillaboom|100/100|[from] Grassy Terrain
|upkeep
|turn|9
|
|t:|1760437903
|move|p1a: Rillaboom|Wood Hammer|p2a: Charlie Kirk: idc
|-resisted|p2a: Charlie Kirk: idc
|-damage|p2a: Charlie Kirk: idc|0 fnt
|-damage|p1a: Rillaboom|84/100|[from] item: Rocky Helmet|[of] p2a: Charlie Kirk: idc
|faint|p2a: Charlie Kirk: idc
|-damage|p1a: Rillaboom|77/100|[from] Recoil
|
|-weather|Snowscape|[upkeep]
|-heal|p1a: Rillaboom|83/100|[from] Grassy Terrain
|upkeep
|
|t:|1760437905
|switch|p2a: 808 and curses|Dondozo, M|100/100
|-damage|p2a: 808 and curses|88/100|[from] Stealth Rock
|turn|10
|
|t:|1760437909
|switch|p1a: Slowking|Slowking-Galar, F|100/100
|-damage|p1a: Slowking|88/100|[from] Stealth Rock
|-terastallize|p2a: 808 and curses|Dragon
|move|p2a: 808 and curses|Curse|p2a: 808 and curses
|-unboost|p2a: 808 and curses|spe|1
|-boost|p2a: 808 and curses|atk|1
|-boost|p2a: 808 and curses|def|1
|
|-weather|Snowscape|[upkeep]
|-heal|p2a: 808 and curses|94/100|[from] Grassy Terrain
|-heal|p2a: 808 and curses|99/100|[from] item: Leftovers
|-heal|p1a: Slowking|94/100|[from] Grassy Terrain
|upkeep
|turn|11
|
|t:|1760437913
|switch|p2a: LeJ/ovni/la lettre|Slowking-Galar, M|100/100
|-damage|p2a: LeJ/ovni/la lettre|88/100|[from] Stealth Rock
|move|p1a: Slowking|Future Sight|p2a: LeJ/ovni/la lettre
|-start|p1a: Slowking|move: Future Sight
|
|-weather|none
|-heal|p2a: LeJ/ovni/la lettre|94/100|[from] Grassy Terrain
|-heal|p1a: Slowking|99/100|[from] Grassy Terrain
|-fieldend|move: Grassy Terrain
|upkeep
|turn|12
|
|t:|1760437919
|switch|p1a: Landorus|Landorus-Therian, M|100/100
|-damage|p1a: Landorus|88/100|[from] Stealth Rock
|-ability|p1a: Landorus|Intimidate|boost
|-unboost|p2a: LeJ/ovni/la lettre|atk|1
|move|p2a: LeJ/ovni/la lettre|Thunder Wave|p1a: Landorus
|-immune|p1a: Landorus
|
|upkeep
|turn|13
|
|t:|1760437928
|switch|p2a: Charli xcx|Clefable, M|100/100
|move|p1a: Landorus|Earthquake|p2a: Charli xcx
|-damage|p2a: Charli xcx|48/100
|
|-end|p2a: Charli xcx|move: Future Sight
|-damage|p2a: Charli xcx|16/100
|upkeep
|turn|14
|
|t:|1760437932
|switch|p2a: 🇮🇱=stop genocide|Gliscor, M|76/100 tox
|-damage|p2a: 🇮🇱=stop genocide|63/100 tox|[from] Stealth Rock
|move|p1a: Landorus|Earthquake|p2a: 🇮🇱=stop genocide
|-immune|p2a: 🇮🇱=stop genocide
|
|-heal|p2a: 🇮🇱=stop genocide|76/100 tox|[from] ability: Poison Heal
|upkeep
|turn|15
|
|t:|1760437939
|move|p2a: 🇮🇱=stop genocide|Substitute|p2a: 🇮🇱=stop genocide
|-start|p2a: 🇮🇱=stop genocide|Substitute
|-damage|p2a: 🇮🇱=stop genocide|51/100 tox
|move|p1a: Landorus|U-turn|p2a: 🇮🇱=stop genocide
|-resisted|p2a: 🇮🇱=stop genocide
|-activate|p2a: 🇮🇱=stop genocide|move: Substitute|[damage]
|
|t:|1760437941
|switch|p1a: Rillaboom|Rillaboom, F|83/100|[from] U-turn
|-damage|p1a: Rillaboom|71/100|[from] Stealth Rock
|-fieldstart|move: Grassy Terrain|[from] ability: Grassy Surge|[of] p1a: Rillaboom
|
|-heal|p1a: Rillaboom|77/100|[from] Grassy Terrain
|-heal|p2a: 🇮🇱=stop genocide|63/100 tox|[from] ability: Poison Heal
|upkeep
|turn|16
|
|t:|1760437943
|switch|p1a: Slowking|Slowking-Galar, F|100/100
|-damage|p1a: Slowking|88/100|[from] Stealth Rock
|move|p2a: 🇮🇱=stop genocide|Toxic|p1a: Slowking
|-immune|p1a: Slowking
|
|-heal|p1a: Slowking|94/100|[from] Grassy Terrain
|-heal|p2a: 🇮🇱=stop genocide|76/100 tox|[from] ability: Poison Heal
|upkeep
|turn|17
|
|t:|1760437946
|move|p2a: 🇮🇱=stop genocide|Earthquake|p1a: Slowking
|-supereffective|p1a: Slowking
|-damage|p1a: Slowking|73/100
|move|p1a: Slowking|Future Sight|p2a: 🇮🇱=stop genocide
|-start|p1a: Slowking|move: Future Sight
|
|-heal|p1a: Slowking|79/100|[from] Grassy Terrain
|-heal|p2a: 🇮🇱=stop genocide|88/100 tox|[from] ability: Poison Heal
|upkeep
|turn|18
|
|t:|1760437950
|move|p2a: 🇮🇱=stop genocide|Earthquake|p1a: Slowking
|-supereffective|p1a: Slowking
|-damage|p1a: Slowking|56/100
|move|p1a: Slowking|Ice Beam|p2a: 🇮🇱=stop genocide
|-supereffective|p2a: 🇮🇱=stop genocide
|-crit|p2a: 🇮🇱=stop genocide
|-end|p2a: 🇮🇱=stop genocide|Substitute
|
|-heal|p1a: Slowking|62/100|[from] Grassy Terrain
|-heal|p2a: 🇮🇱=stop genocide|100/100 tox|[from] ability: Poison Heal
|upkeep
|turn|19
|
|t:|1760437953
|switch|p2a: LeJ/ovni/la lettre|Slowking-Galar, M|100/100
|-damage|p2a: LeJ/ovni/la lettre|88/100|[from] Stealth Rock
|move|p1a: Slowking|Ice Beam|p2a: LeJ/ovni/la lettre
|-damage|p2a: LeJ/ovni/la lettre|72/100
|
|-end|p2a: LeJ/ovni/la lettre|move: Future Sight
|-damage|p2a: LeJ/ovni/la lettre|38/100
|-heal|p2a: LeJ/ovni/la lettre|44/100|[from] Grassy Terrain
|-heal|p1a: Slowking|68/100|[from] Grassy Terrain
|-fieldend|move: Grassy Terrain
|upkeep
|turn|20
|
|t:|1760437957
|switch|p1a: Landorus|Landorus-Therian, M|88/100
|-damage|p1a: Landorus|76/100|[from] Stealth Rock
|-ability|p1a: Landorus|Intimidate|boost
|-unboost|p2a: LeJ/ovni/la lettre|atk|1
|move|p2a: LeJ/ovni/la lettre|Future Sight|p1a: Landorus
|-start|p2a: LeJ/ovni/la lettre|move: Future Sight
|
|upkeep
|turn|21
|
|t:|1760437965
|switch|p2a: 🇮🇱=stop genocide|Gliscor, M|100/100 tox
|-damage|p2a: 🇮🇱=stop genocide|88/100 tox|[from] Stealth Rock
|move|p1a: Landorus|U-turn|p2a: 🇮🇱=stop genocide
|-resisted|p2a: 🇮🇱=stop genocide
|-damage|p2a: 🇮🇱=stop genocide|81/100 tox
|
|t:|1760437969
|switch|p1a: Rillaboom|Rillaboom, F|77/100|[from] U-turn
|-damage|p1a: Rillaboom|65/100|[from] Stealth Rock
|-fieldstart|move: Grassy Terrain|[from] ability: Grassy Surge|[of] p1a: Rillaboom
|
|-heal|p1a: Rillaboom|71/100|[from] Grassy Terrain
|-heal|p2a: 🇮🇱=stop genocide|93/100 tox|[from] ability: Poison Heal
|upkeep
|turn|22
|
|t:|1760437973
|switch|p1a: Slowking|Slowking-Galar, F|100/100
|-damage|p1a: Slowking|88/100|[from] Stealth Rock
|move|p2a: 🇮🇱=stop genocide|Substitute|p2a: 🇮🇱=stop genocide
|-start|p2a: 🇮🇱=stop genocide|Substitute
|-damage|p2a: 🇮🇱=stop genocide|69/100 tox
|
|-end|p1a: Slowking|move: Future Sight
|-damage|p1a: Slowking|54/100
|-heal|p1a: Slowking|60/100|[from] Grassy Terrain
|-heal|p2a: 🇮🇱=stop genocide|81/100 tox|[from] ability: Poison Heal
|upkeep
|turn|23
|
|t:|1760437982
|move|p2a: 🇮🇱=stop genocide|Earthquake|p1a: Slowking
|-supereffective|p1a: Slowking
|-damage|p1a: Slowking|38/100
|move|p1a: Slowking|Ice Beam|p2a: 🇮🇱=stop genocide
|-supereffective|p2a: 🇮🇱=stop genocide
|-end|p2a: 🇮🇱=stop genocide|Substitute
|
|-heal|p1a: Slowking|44/100|[from] Grassy Terrain
|-heal|p2a: 🇮🇱=stop genocide|93/100 tox|[from] ability: Poison Heal
|upkeep
|turn|24
|
|t:|1760437989
|switch|p2a: LeJ/ovni/la lettre|Slowking-Galar, M|77/100
|-damage|p2a: LeJ/ovni/la lettre|64/100|[from] Stealth Rock
|switch|p1a: Rillaboom|Rillaboom, F|71/100
|-damage|p1a: Rillaboom|59/100|[from] Stealth Rock
|
|-heal|p1a: Rillaboom|65/100|[from] Grassy Terrain
|-heal|p2a: LeJ/ovni/la lettre|71/100|[from] Grassy Terrain
|upkeep
|turn|25
|j| Despote
|
|t:|1760437993
|switch|p1a: Landorus|Landorus-Therian, M|76/100
|-damage|p1a: Landorus|64/100|[from] Stealth Rock
|-ability|p1a: Landorus|Intimidate|boost
|-unboost|p2a: LeJ/ovni/la lettre|atk|1
|switch|p2a: 808 and curses|Dondozo, M, tera:Dragon|99/100
|-damage|p2a: 808 and curses|88/100|[from] Stealth Rock
|
|-heal|p2a: 808 and curses|94/100|[from] Grassy Terrain
|-heal|p2a: 808 and curses|99/100|[from] item: Leftovers
|-fieldend|move: Grassy Terrain
|upkeep
|turn|26
|
|t:|1760438003
|move|p1a: Landorus|U-turn|p2a: 808 and curses
|-damage|p2a: 808 and curses|91/100
|
|t:|1760438006
|switch|p1a: Slowking|Slowking-Galar, F|78/100|[from] U-turn
|-damage|p1a: Slowking|65/100|[from] Stealth Rock
|move|p2a: 808 and curses|Waterfall|p1a: Slowking
|-damage|p1a: Slowking|46/100
|-damage|p2a: 808 and curses|74/100|[from] item: Rocky Helmet|[of] p1a: Slowking
|
|-heal|p2a: 808 and curses|80/100|[from] item: Leftovers
|upkeep
|turn|27
|
|t:|1760438009
|switch|p2a: LeJ/ovni/la lettre|Slowking-Galar, M|100/100
|-damage|p2a: LeJ/ovni/la lettre|88/100|[from] Stealth Rock
|move|p1a: Slowking|Future Sight|p2a: LeJ/ovni/la lettre
|-start|p1a: Slowking|move: Future Sight
|
|upkeep
|turn|28
|
|t:|1760438012
|switch|p1a: Landorus|Landorus-Therian, M|64/100
|-damage|p1a: Landorus|51/100|[from] Stealth Rock
|-ability|p1a: Landorus|Intimidate|boost
|-unboost|p2a: LeJ/ovni/la lettre|atk|1
|move|p2a: LeJ/ovni/la lettre|Future Sight|p1a: Landorus
|-start|p2a: LeJ/ovni/la lettre|move: Future Sight
|
|upkeep
|turn|29
|
|t:|1760438022
|switch|p2a: brat|Blissey, F|100/100
|move|p1a: Landorus|U-turn|p2a: brat
|-damage|p2a: brat|78/100
|
|t:|1760438026
|switch|p1a: Cinderace|Cinderace, F|100/100|[from] U-turn
|
|-end|p2a: brat|move: Future Sight
|-damage|p2a: brat|63/100
|upkeep
|turn|30
|
|t:|1760438033
|switch|p2a: 🇮🇱=stop genocide|Gliscor, M|93/100 tox
|-damage|p2a: 🇮🇱=stop genocide|81/100 tox|[from] Stealth Rock
|move|p1a: Cinderace|U-turn|p2a: 🇮🇱=stop genocide
|-start|p1a: Cinderace|typechange|Bug|[from] ability: Libero
|-resisted|p2a: 🇮🇱=stop genocide
|-damage|p2a: 🇮🇱=stop genocide|69/100 tox
|
|t:|1760438038
|switch|p1a: Garganacl|Garganacl, F|100/100|[from] U-turn
|-damage|p1a: Garganacl|88/100|[from] Stealth Rock
|
|-end|p1a: Garganacl|move: Future Sight
|-damage|p1a: Garganacl|58/100
|-heal|p1a: Garganacl|64/100|[from] item: Leftovers
|-heal|p2a: 🇮🇱=stop genocide|82/100 tox|[from] ability: Poison Heal
|upkeep
|turn|31
|
|t:|1760438045
|switch|p1a: Rillaboom|Rillaboom, F|65/100
|-damage|p1a: Rillaboom|53/100|[from] Stealth Rock
|-fieldstart|move: Grassy Terrain|[from] ability: Grassy Surge|[of] p1a: Rillaboom
|move|p2a: 🇮🇱=stop genocide|Substitute|p2a: 🇮🇱=stop genocide
|-start|p2a: 🇮🇱=stop genocide|Substitute
|-damage|p2a: 🇮🇱=stop genocide|57/100 tox
|
|-heal|p1a: Rillaboom|59/100|[from] Grassy Terrain
|-heal|p2a: 🇮🇱=stop genocide|69/100 tox|[from] ability: Poison Heal
|upkeep
|turn|32
|
|t:|1760438053
|switch|p1a: Slowking|Slowking-Galar, F|79/100
|-damage|p1a: Slowking|67/100|[from] Stealth Rock
|move|p2a: 🇮🇱=stop genocide|Earthquake|p1a: Slowking
|-supereffective|p1a: Slowking
|-damage|p1a: Slowking|46/100
|
|-heal|p1a: Slowking|52/100|[from] Grassy Terrain
|-heal|p2a: 🇮🇱=stop genocide|82/100 tox|[from] ability: Poison Heal
|upkeep
|turn|33
|
|t:|1760438057
|move|p2a: 🇮🇱=stop genocide|Earthquake|p1a: Slowking
|-supereffective|p1a: Slowking
|-damage|p1a: Slowking|27/100
|move|p1a: Slowking|Future Sight|p2a: 🇮🇱=stop genocide
|-start|p1a: Slowking|move: Future Sight
|
|-heal|p1a: Slowking|33/100|[from] Grassy Terrain
|-heal|p2a: 🇮🇱=stop genocide|94/100 tox|[from] ability: Poison Heal
|upkeep
|turn|34
|
|t:|1760438061
|move|p2a: 🇮🇱=stop genocide|Earthquake|p1a: Slowking
|-supereffective|p1a: Slowking
|-damage|p1a: Slowking|12/100
|move|p1a: Slowking|Ice Beam|p2a: 🇮🇱=stop genocide
|-supereffective|p2a: 🇮🇱=stop genocide
|-end|p2a: 🇮🇱=stop genocide|Substitute
|
|-heal|p1a: Slowking|18/100|[from] Grassy Terrain
|-heal|p2a: 🇮🇱=stop genocide|100/100 tox|[from] ability: Poison Heal
|upkeep
|turn|35
|
|t:|1760438064
|switch|p1a: Landorus|Landorus-Therian, M|51/100
|-damage|p1a: Landorus|39/100|[from] Stealth Rock
|-ability|p1a: Landorus|Intimidate|boost
|-unboost|p2a: 🇮🇱=stop genocide|atk|1
|move|p2a: 🇮🇱=stop genocide|Substitute|p2a: 🇮🇱=stop genocide
|-start|p2a: 🇮🇱=stop genocide|Substitute
|-damage|p2a: 🇮🇱=stop genocide|76/100 tox
|
|-end|p2a: 🇮🇱=stop genocide|move: Future Sight
|-end|p2a: 🇮🇱=stop genocide|Substitute
|-heal|p2a: 🇮🇱=stop genocide|88/100 tox|[from] ability: Poison Heal
|-fieldend|move: Grassy Terrain
|upkeep
|turn|36
|
|t:|1760438069
|move|p2a: 🇮🇱=stop genocide|Toxic|p1a: Landorus
|-status|p1a: Landorus|tox
|move|p1a: Landorus|U-turn|p2a: 🇮🇱=stop genocide
|-resisted|p2a: 🇮🇱=stop genocide
|-damage|p2a: 🇮🇱=stop genocide|81/100 tox
|
|t:|1760438072
|switch|p1a: Rillaboom|Rillaboom, F|59/100|[from] U-turn
|-damage|p1a: Rillaboom|47/100|[from] Stealth Rock
|-fieldstart|move: Grassy Terrain|[from] ability: Grassy Surge|[of] p1a: Rillaboom
|
|-heal|p1a: Rillaboom|53/100|[from] Grassy Terrain
|-heal|p2a: 🇮🇱=stop genocide|93/100 tox|[from] ability: Poison Heal
|upkeep
|turn|37
|
|t:|1760438080
|switch|p1a: Slowking|Slowking-Galar, F|52/100
|-damage|p1a: Slowking|39/100|[from] Stealth Rock
|move|p2a: 🇮🇱=stop genocide|Toxic|p1a: Slowking
|-immune|p1a: Slowking
|
|-heal|p1a: Slowking|45/100|[from] Grassy Terrain
|-heal|p2a: 🇮🇱=stop genocide|100/100 tox|[from] ability: Poison Heal
|upkeep
|turn|38
|
|t:|1760438082
|switch|p2a: LeJ/ovni/la lettre|Slowking-Galar, M|100/100
|-damage|p2a: LeJ/ovni/la lettre|88/100|[from] Stealth Rock
|move|p1a: Slowking|Future Sight|p2a: LeJ/ovni/la lettre
|-start|p1a: Slowking|move: Future Sight
|
|-heal|p2a: LeJ/ovni/la lettre|94/100|[from] Grassy Terrain
|-heal|p1a: Slowking|51/100|[from] Grassy Terrain
|upkeep
|turn|39
|
|t:|1760438091
|switch|p2a: brat|Blissey, F|63/100
|-prepare|p1a: Slowking|Chilly Reception|[premajor]
|move|p1a: Slowking|Chilly Reception|p1a: Slowking
|-weather|Snowscape
|
|t:|1760438099
|switch|p1a: Cinderace|Cinderace, F|100/100|[from] Chilly Reception
|
|-weather|Snowscape|[upkeep]
|-heal|p2a: brat|70/100|[from] Grassy Terrain
|upkeep
|turn|40
|
|t:|1760438105
|move|p1a: Cinderace|High Jump Kick|p2a: brat
|-start|p1a: Cinderace|typechange|Fighting|[from] ability: Libero
|-supereffective|p2a: brat
|-damage|p2a: brat|0 fnt
|faint|p2a: brat
|
|-weather|Snowscape|[upkeep]
|-hint|Future Sight did not hit because the target is fainted.
|-fieldend|move: Grassy Terrain
|upkeep
|
|t:|1760438110
|switch|p2a: 🇮🇱=stop genocide|Gliscor, M|100/100 tox
|-damage|p2a: 🇮🇱=stop genocide|88/100 tox|[from] Stealth Rock
|turn|41
|
|t:|1760438117
|move|p1a: Cinderace|U-turn|p2a: 🇮🇱=stop genocide
|-resisted|p2a: 🇮🇱=stop genocide
|-damage|p2a: 🇮🇱=stop genocide|81/100 tox
|
|t:|1760438118
|switch|p1a: Landorus|Landorus-Therian, M|39/100 tox|[from] U-turn
|-damage|p1a: Landorus|27/100 tox|[from] Stealth Rock
|-ability|p1a: Landorus|Intimidate|boost
|-unboost|p2a: 🇮🇱=stop genocide|atk|1
|move|p2a: 🇮🇱=stop genocide|Substitute|p2a: 🇮🇱=stop genocide
|-start|p2a: 🇮🇱=stop genocide|Substitute
|-damage|p2a: 🇮🇱=stop genocide|56/100 tox
|
|-weather|Snowscape|[upkeep]
|-heal|p2a: 🇮🇱=stop genocide|69/100 tox|[from] ability: Poison Heal
|-damage|p1a: Landorus|21/100 tox|[from] psn
|upkeep
|turn|42
|
|t:|1760438124
|move|p2a: 🇮🇱=stop genocide|Protect|p2a: 🇮🇱=stop genocide
|-singleturn|p2a: 🇮🇱=stop genocide|Protect
|move|p1a: Landorus|U-turn|p2a: 🇮🇱=stop genocide
|-activate|p2a: 🇮🇱=stop genocide|move: Protect
|
|-weather|Snowscape|[upkeep]
|-heal|p2a: 🇮🇱=stop genocide|81/100 tox|[from] ability: Poison Heal
|-damage|p1a: Landorus|9/100 tox|[from] psn
|upkeep
|turn|43
|
|t:|1760438128
|move|p2a: 🇮🇱=stop genocide|Protect||[still]
|-fail|p2a: 🇮🇱=stop genocide
|move|p1a: Landorus|Weather Ball|p2a: 🇮🇱=stop genocide
|-supereffective|p2a: 🇮🇱=stop genocide
|-end|p2a: 🇮🇱=stop genocide|Substitute
|
|-weather|none
|-heal|p2a: 🇮🇱=stop genocide|93/100 tox|[from] ability: Poison Heal
|-damage|p1a: Landorus|0 fnt|[from] psn
|faint|p1a: Landorus
|upkeep
|
|t:|1760438134
|switch|p1a: Rillaboom|Rillaboom, F|53/100
|-damage|p1a: Rillaboom|40/100|[from] Stealth Rock
|-fieldstart|move: Grassy Terrain|[from] ability: Grassy Surge|[of] p1a: Rillaboom
|turn|44
|
|t:|1760438137
|-terastallize|p1a: Rillaboom|Grass
|move|p1a: Rillaboom|Wood Hammer|p2a: 🇮🇱=stop genocide
|-damage|p2a: 🇮🇱=stop genocide|8/100 tox
|-damage|p1a: Rillaboom|11/100|[from] Recoil
|move|p2a: 🇮🇱=stop genocide|Toxic|p1a: Rillaboom|[miss]
|-miss|p2a: 🇮🇱=stop genocide|p1a: Rillaboom
|
|-heal|p1a: Rillaboom|17/100|[from] Grassy Terrain
|-heal|p2a: 🇮🇱=stop genocide|21/100 tox|[from] ability: Poison Heal
|upkeep
|turn|45
|
|t:|1760438141
|move|p2a: 🇮🇱=stop genocide|Protect|p2a: 🇮🇱=stop genocide
|-singleturn|p2a: 🇮🇱=stop genocide|Protect
|move|p1a: Rillaboom|Swords Dance|p1a: Rillaboom
|-boost|p1a: Rillaboom|atk|2
|
|-heal|p1a: Rillaboom|23/100|[from] Grassy Terrain
|-heal|p2a: 🇮🇱=stop genocide|33/100 tox|[from] ability: Poison Heal
|upkeep
|turn|46
|
|t:|1760438153
|switch|p1a: Raging Bolt|Raging Bolt|100/100
|-damage|p1a: Raging Bolt|88/100|[from] Stealth Rock
|switch|p2a: 808 and curses|Dondozo, M, tera:Dragon|80/100
|-damage|p2a: 808 and curses|68/100|[from] Stealth Rock
|
|-heal|p1a: Raging Bolt|94/100|[from] Grassy Terrain
|-heal|p2a: 808 and curses|74/100|[from] Grassy Terrain
|-heal|p2a: 808 and curses|80/100|[from] item: Leftovers
|upkeep
|turn|47
|
|t:|1760438155
|switch|p2a: LeJ/ovni/la lettre|Slowking-Galar, M|100/100
|-damage|p2a: LeJ/ovni/la lettre|88/100|[from] Stealth Rock
|move|p1a: Raging Bolt|Volt Switch|p2a: LeJ/ovni/la lettre
|-damage|p2a: LeJ/ovni/la lettre|45/100
|
|t:|1760438158
|-end|p1a: Raging Bolt|Protosynthesis|[silent]
|switch|p1a: Cinderace|Cinderace, F|100/100|[from] Volt Switch
|
|-heal|p2a: LeJ/ovni/la lettre|51/100|[from] Grassy Terrain
|upkeep
|turn|48
|
|t:|1760438161
|switch|p2a: 808 and curses|Dondozo, M, tera:Dragon|80/100
|-damage|p2a: 808 and curses|68/100|[from] Stealth Rock
|move|p1a: Cinderace|Pyro Ball|p2a: 808 and curses
|-resisted|p2a: 808 and curses
|-crit|p2a: 808 and curses
|-damage|p2a: 808 and curses|48/100
|
|-heal|p2a: 808 and curses|54/100|[from] Grassy Terrain
|-heal|p2a: 808 and curses|60/100|[from] item: Leftovers
|-fieldend|move: Grassy Terrain
|upkeep
|turn|49
|
|t:|1760438164
|move|p1a: Cinderace|High Jump Kick|p2a: 808 and curses
|-start|p1a: Cinderace|typechange|Fighting|[from] ability: Libero
|-damage|p2a: 808 and curses|31/100
|move|p2a: 808 and curses|Waterfall|p1a: Cinderace
|-damage|p1a: Cinderace|62/100
|
|-heal|p2a: 808 and curses|37/100|[from] item: Leftovers
|upkeep
|turn|50
|
|t:|1760438168
|move|p1a: Cinderace|High Jump Kick|p2a: 808 and curses
|-damage|p2a: 808 and curses|8/100
|move|p2a: 808 and curses|Rest|p2a: 808 and curses
|-status|p2a: 808 and curses|slp|[from] move: Rest
|-heal|p2a: 808 and curses|100/100 slp|[silent]
|
|upkeep
|turn|51
|
|t:|1760438170
|move|p1a: Cinderace|U-turn|p2a: 808 and curses
|-damage|p2a: 808 and curses|90/100 slp
|
|t:|1760438174
|switch|p1a: Slowking|Slowking-Galar, F|85/100|[from] U-turn
|-damage|p1a: Slowking|72/100|[from] Stealth Rock
|cant|p2a: 808 and curses|slp
|move|p2a: 808 and curses|Sleep Talk|p2a: 808 and curses
|move|p2a: 808 and curses|Waterfall|p1a: Slowking|[from] move: Sleep Talk
|-damage|p1a: Slowking|50/100
|-damage|p2a: 808 and curses|74/100 slp|[from] item: Rocky Helmet|[of] p1a: Slowking
|
|-heal|p2a: 808 and curses|80/100 slp|[from] item: Leftovers
|upkeep
|turn|52
|
|t:|1760438179
|switch|p2a: LeJ/ovni/la lettre|Slowking-Galar, M|84/100
|-damage|p2a: LeJ/ovni/la lettre|71/100|[from] Stealth Rock
|-prepare|p1a: Slowking|Chilly Reception|[premajor]
|move|p1a: Slowking|Chilly Reception|p1a: Slowking
|-weather|Snowscape
|
|t:|1760438182
|switch|p1a: Cinderace|Cinderace, F|62/100|[from] Chilly Reception
|
|-weather|Snowscape|[upkeep]
|upkeep
|turn|53
|
|t:|1760438185
|switch|p2a: 808 and curses|Dondozo, M, tera:Dragon|80/100 slp
|-damage|p2a: 808 and curses|67/100 slp|[from] Stealth Rock
|move|p1a: Cinderace|U-turn|p2a: 808 and curses
|-start|p1a: Cinderace|typechange|Bug|[from] ability: Libero
|-damage|p2a: 808 and curses|51/100 slp
|
|t:|1760438194
|switch|p1a: Slowking|Slowking-Galar, F|83/100|[from] U-turn
|-damage|p1a: Slowking|71/100|[from] Stealth Rock
|
|-weather|Snowscape|[upkeep]
|-heal|p2a: 808 and curses|57/100 slp|[from] item: Leftovers
|upkeep
|turn|54
|
|t:|1760438198
|switch|p2a: LeJ/ovni/la lettre|Slowking-Galar, M|100/100
|-damage|p2a: LeJ/ovni/la lettre|88/100|[from] Stealth Rock
|move|p1a: Slowking|Future Sight|p2a: LeJ/ovni/la lettre
|-start|p1a: Slowking|move: Future Sight
|
|-weather|Snowscape|[upkeep]
|upkeep
|turn|55
|
|t:|1760438201
|move|p2a: LeJ/ovni/la lettre|Future Sight|p1a: Slowking
|-start|p2a: LeJ/ovni/la lettre|move: Future Sight
|-prepare|p1a: Slowking|Chilly Reception|[premajor]
|move|p1a: Slowking|Chilly Reception|p1a: Slowking
|
|t:|1760438206
|switch|p1a: Cinderace|Cinderace, F|62/100|[from] Chilly Reception
|
|-weather|Snowscape|[upkeep]
|upkeep
|turn|56
|
|t:|1760438209
|switch|p2a: 808 and curses|Dondozo, M, tera:Dragon|57/100 slp
|-damage|p2a: 808 and curses|45/100 slp|[from] Stealth Rock
|move|p1a: Cinderace|Pyro Ball|p2a: 808 and curses
|-resisted|p2a: 808 and curses
|-damage|p2a: 808 and curses|31/100 slp
|
|-weather|none
|-end|p2a: 808 and curses|move: Future Sight
|-damage|p2a: 808 and curses|0 fnt
|faint|p2a: 808 and curses
|upkeep
|
|t:|1760438211
|switch|p2a: 🇮🇱=stop genocide|Gliscor, M|33/100 tox
|-damage|p2a: 🇮🇱=stop genocide|21/100 tox|[from] Stealth Rock
|turn|57
|
|t:|1760438216
|switch|p1a: Slowking|Slowking-Galar, F|100/100
|-damage|p1a: Slowking|88/100|[from] Stealth Rock
|move|p2a: 🇮🇱=stop genocide|Protect||[still]
|-fail|p2a: 🇮🇱=stop genocide
|
|-end|p1a: Slowking|move: Future Sight
|-damage|p1a: Slowking|55/100
|-heal|p2a: 🇮🇱=stop genocide|33/100 tox|[from] ability: Poison Heal
|upkeep
|turn|58
|
|t:|1760438219
|move|p2a: 🇮🇱=stop genocide|Protect|p2a: 🇮🇱=stop genocide
|-singleturn|p2a: 🇮🇱=stop genocide|Protect
|move|p1a: Slowking|Ice Beam|p2a: 🇮🇱=stop genocide
|-activate|p2a: 🇮🇱=stop genocide|move: Protect
|
|-heal|p2a: 🇮🇱=stop genocide|45/100 tox|[from] ability: Poison Heal
|upkeep
|turn|59
|
|t:|1760438221
|move|p2a: 🇮🇱=stop genocide|Earthquake|p1a: Slowking
|-supereffective|p1a: Slowking
|-damage|p1a: Slowking|12/100
|move|p1a: Slowking|Ice Beam|p2a: 🇮🇱=stop genocide
|-supereffective|p2a: 🇮🇱=stop genocide
|-damage|p2a: 🇮🇱=stop genocide|0 fnt
|faint|p2a: 🇮🇱=stop genocide
|
|upkeep
|l|☆Trainer #39
|inactive|Trainer #39 disconnected and has a minute to reconnect!
|player|p2|
|c|☆Ctannn|And you disconnect too?
|c|☆Ctannn|Maximum stall
|inactive|Trainer #39 has 30 seconds to reconnect!
|inactive|Trainer #39 has 20 seconds to reconnect!
|inactive|Trainer #39 has 15 seconds to reconnect!
|inactive|Trainer #39 has 10 seconds to reconnect!
|inactive|Trainer #39 has 5 seconds to reconnect!
|-message|Trainer #39 lost due to inactivity.
|
|win|Ctannn
|raw|Ctannn's rating: 1992 &rarr; <strong>2006</strong><br />(+14 for winning)
|raw|Trainer #39's rating: 1881 &rarr; <strong>1867</strong><br />(-14 for losing)
|l|☆Ctannn
|player|p1|
|l| kkfjjfjfjj
|l| Despote
