|j|☆melodramaticbat34
|j|☆frostywingz
|t:|1760437977
|gametype|singles
|player|p1|melodramaticbat34|101|1290
|player|p2|frostywingz|dahlia|1239
|gen|9
|tier|[Gen 9] OU
|rated|
|rule|HP Percentage Mod: HP is shown in percentages
|rule|Endless Battle Clause: Forcing endless battles is banned
|rule|Species Clause: Limit one of each Pokémon
|rule|OHKO Clause: OHKO moves are banned
|rule|Evasion Items Clause: Evasion items are banned
|rule|Evasion Moves Clause: Evasion moves are banned
|rule|Evasion Abilities Clause: Evasion abilities are banned
|rule|Sleep Moves Clause: Sleep-inducing moves are banned
|clearpoke
|poke|p1|Garganacl, F|
|poke|p1|Hippowdon, M|
|poke|p1|Tornadus-Therian, M|
|poke|p1|Ogerpon-Wellspring, F|
|poke|p1|Glimmora, M|
|poke|p1|Hatterene, F|
|poke|p2|Gyarados, M|
|poke|p2|Tsareena, F|
|poke|p2|Meowstic-F, F|
|poke|p2|Heracross, F|
|poke|p2|Iron Moth|
|poke|p2|Cinccino, F|
|teampreview
|
|t:|1760437984
|teamsize|p1|6
|teamsize|p2|6
|start
|switch|p1a: Hatterene|Hatterene, F|100/100
|switch|p2a: Heracross|Heracross, F|100/100
|turn|1
|inactive|Battle timer is ON: inactive players will automatically lose when time's up. (requested by frostywingz)
|
|t:|1760438001
|switch|p2a: Tsareena|Tsareena, F|100/100
|move|p1a: Hatterene|Draining Kiss|p2a: Tsareena
|-damage|p2a: Tsareena|83/100
|
|upkeep
|turn|2
|
|t:|1760438007
|move|p2a: Tsareena|Knock Off|p1a: Hatterene
|-damage|p1a: Hatterene|62/100
|-enditem|p1a: Hatterene|Assault Vest|[from] move: Knock Off|[of] p2a: Tsareena
|move|p1a: Hatterene|Nuzzle|p2a: Tsareena
|-resisted|p2a: Tsareena
|-damage|p2a: Tsareena|81/100
|-status|p2a: Tsareena|par
|
|upkeep
|turn|3
|
|t:|1760438018
|move|p1a: Hatterene|Draining Kiss|p2a: Tsareena
|-damage|p2a: Tsareena|65/100 par
|-heal|p1a: Hatterene|74/100|[from] drain|[of] p2a: Tsareena
|move|p2a: Tsareena|Petal Blizzard|p1a: Hatterene
|-damage|p1a: Hatterene|20/100
|
|upkeep
|turn|4
|
|t:|1760438027
|switch|p1a: Tornadus|Tornadus-Therian, M|100/100
|move|p2a: Tsareena|Petal Blizzard|p1a: Tornadus
|-resisted|p1a: Tornadus
|-damage|p1a: Tornadus|71/100
|
|upkeep
|turn|5
|
|t:|1760438042
|switch|p2a: Meowstic|Meowstic-F, F, shiny|100/100
|move|p1a: Tornadus|U-turn|p2a: Meowstic
|-supereffective|p2a: Meowstic
|-damage|p2a: Meowstic|57/100
|
|t:|1760438053
|switch|p1a: Hippowdon|Hippowdon, M|100/100|[from] U-turn
|-weather|Sandstorm|[from] ability: Sand Stream|[of] p1a: Hippowdon
|
|-weather|Sandstorm|[upkeep]
|-damage|p2a: Meowstic|51/100|[from] Sandstorm
|upkeep
|turn|6
|
|t:|1760438062
|switch|p1a: Hatterene|Hatterene, F|20/100
|move|p2a: Meowstic|Psychic Noise|p1a: Hatterene
|-resisted|p1a: Hatterene
|-damage|p1a: Hatterene|6/100
|-start|p1a: Hatterene|move: Heal Block
|-enditem|p2a: Meowstic|Throat Spray
|-boost|p2a: Meowstic|spa|1|[from] item: Throat Spray
|
|-weather|Sandstorm|[upkeep]
|-damage|p2a: Meowstic|44/100|[from] Sandstorm
|-damage|p1a: Hatterene|0 fnt|[from] Sandstorm
|faint|p1a: Hatterene
|upkeep
|
|t:|1760438075
|switch|p1a: Tornadus|Tornadus-Therian, M|100/100
|turn|7
|
|t:|1760438079
|move|p1a: Tornadus|Knock Off|p2a: Meowstic
|-supereffective|p2a: Meowstic
|-crit|p2a: Meowstic
|-damage|p2a: Meowstic|0 fnt
|faint|p2a: Meowstic
|
|-weather|Sandstorm|[upkeep]
|-damage|p1a: Tornadus|94/100|[from] Sandstorm
|upkeep
|
|t:|1760438092
|switch|p2a: Gyarados|Gyarados, M|100/100
|turn|8
|
|t:|1760438096
|move|p1a: Tornadus|U-turn|p2a: Gyarados
|-resisted|p2a: Gyarados
|-crit|p2a: Gyarados
|-damage|p2a: Gyarados|87/100
|
|t:|1760438103
|switch|p1a: Garganacl|Garganacl, F|100/100|[from] U-turn
|move|p2a: Gyarados|Dragon Dance|p2a: Gyarados
|-boost|p2a: Gyarados|atk|1
|-boost|p2a: Gyarados|spe|1
|
|-weather|Sandstorm|[upkeep]
|-damage|p2a: Gyarados|81/100|[from] Sandstorm
|upkeep
|turn|9
|
|t:|1760438116
|-terastallize|p1a: Garganacl|Fairy
|move|p2a: Gyarados|Waterfall|p1a: Garganacl
|-damage|p1a: Garganacl|60/100
|move|p1a: Garganacl|Salt Cure|p2a: Gyarados
|-supereffective|p2a: Gyarados
|-damage|p2a: Gyarados|37/100
|-start|p2a: Gyarados|Salt Cure
|
|-weather|none
|-heal|p1a: Garganacl|67/100|[from] item: Leftovers
|-damage|p2a: Gyarados|12/100|[from] Salt Cure
|upkeep
|turn|10
|
|t:|1760438144
|switch|p2a: Iron Moth|Iron Moth|100/100
|-enditem|p2a: Iron Moth|Booster Energy
|-activate|p2a: Iron Moth|ability: Quark Drive|[fromitem]
|-start|p2a: Iron Moth|quarkdrivespe
|move|p1a: Garganacl|Recover|p1a: Garganacl
|-heal|p1a: Garganacl|100/100
|
|upkeep
|turn|11
|
|t:|1760438154
|switch|p1a: Hippowdon|Hippowdon, M|100/100
|-weather|Sandstorm|[from] ability: Sand Stream|[of] p1a: Hippowdon
|move|p2a: Iron Moth|Sludge Wave|p1a: Hippowdon
|-resisted|p1a: Hippowdon
|-damage|p1a: Hippowdon|80/100
|
|-weather|Sandstorm|[upkeep]
|-damage|p2a: Iron Moth|94/100|[from] Sandstorm
|upkeep
|turn|12
|
|t:|1760438165
|-terastallize|p2a: Iron Moth|Grass
|move|p2a: Iron Moth|Fiery Dance|p1a: Hippowdon
|-damage|p1a: Hippowdon|50/100
|-boost|p2a: Iron Moth|spa|1
|move|p1a: Hippowdon|Earthquake|p2a: Iron Moth
|-resisted|p2a: Iron Moth
|-damage|p2a: Iron Moth|65/100
|
|-weather|Sandstorm|[upkeep]
|-damage|p2a: Iron Moth|59/100|[from] Sandstorm
|upkeep
|turn|13
|
|t:|1760438179
|switch|p1a: Tornadus|Tornadus-Therian, M|100/100
|move|p2a: Iron Moth|Energy Ball|p1a: Tornadus
|-resisted|p1a: Tornadus
|-crit|p1a: Tornadus
|-damage|p1a: Tornadus|64/100
|-unboost|p1a: Tornadus|spd|1
|
|-weather|Sandstorm|[upkeep]
|-damage|p2a: Iron Moth|53/100|[from] Sandstorm
|-damage|p1a: Tornadus|58/100|[from] Sandstorm
|upkeep
|turn|14
|inactive|melodramaticbat34 has 120 seconds left.
|
|t:|1760438197
|switch|p1a: Hippowdon|Hippowdon, M|50/100
|move|p2a: Iron Moth|Fiery Dance|p1a: Hippowdon
|-damage|p1a: Hippowdon|6/100
|
|-weather|Sandstorm|[upkeep]
|-damage|p2a: Iron Moth|47/100|[from] Sandstorm
|upkeep
|turn|15
|inactive|melodramaticbat34 has 120 seconds left.
|
|t:|1760438208
|move|p1a: Hippowdon|Protect|p1a: Hippowdon
|-singleturn|p1a: Hippowdon|Protect
|move|p2a: Iron Moth|Fiery Dance|p1a: Hippowdon
|-activate|p1a: Hippowdon|move: Protect
|
|-weather|none
|upkeep
|turn|16
|inactive|melodramaticbat34 has 120 seconds left.
|
|t:|1760438227
|move|p2a: Iron Moth|Fiery Dance|p1a: Hippowdon
|-damage|p1a: Hippowdon|0 fnt
|faint|p1a: Hippowdon
|
|upkeep
|
|t:|1760438232
|switch|p1a: Tornadus|Tornadus-Therian, M|91/100
|turn|17
|inactive|melodramaticbat34 has 120 seconds left.
|
|t:|1760438237
|move|p2a: Iron Moth|Sludge Wave|p1a: Tornadus
|-damage|p1a: Tornadus|39/100
|move|p1a: Tornadus|Bleakwind Storm|p2a: Iron Moth
|-supereffective|p2a: Iron Moth
|-crit|p2a: Iron Moth
|-damage|p2a: Iron Moth|0 fnt
|faint|p2a: Iron Moth
|-end|p2a: Iron Moth|Quark Drive|[silent]
|
|upkeep
|
|t:|1760438242
|switch|p2a: Cinccino|Cinccino, F|100/100
|turn|18
|
|t:|1760438250
|switch|p1a: Garganacl|Garganacl, F, tera:Fairy|100/100
|move|p2a: Cinccino|Tidy Up|p2a: Cinccino
|-boost|p2a: Cinccino|atk|1
|-boost|p2a: Cinccino|spe|1
|
|upkeep
|turn|19
|
|t:|1760438258
|move|p2a: Cinccino|Tail Slap|p1a: Garganacl
|-damage|p1a: Garganacl|84/100
|-damage|p1a: Garganacl|68/100
|-damage|p1a: Garganacl|50/100
|-damage|p1a: Garganacl|35/100
|-damage|p1a: Garganacl|19/100
|-hitcount|p1a: Garganacl|5
|move|p1a: Garganacl|Salt Cure|p2a: Cinccino
|-damage|p2a: Cinccino|73/100
|-start|p2a: Cinccino|Salt Cure
|
|-heal|p1a: Garganacl|25/100|[from] item: Leftovers
|-damage|p2a: Cinccino|60/100|[from] Salt Cure
|upkeep
|turn|20
|
|t:|1760438273
|move|p1a: Garganacl|Protect|p1a: Garganacl
|-singleturn|p1a: Garganacl|Protect
|move|p2a: Cinccino|Tidy Up|p2a: Cinccino
|-boost|p2a: Cinccino|atk|1
|-boost|p2a: Cinccino|spe|1
|
|-heal|p1a: Garganacl|31/100|[from] item: Leftovers
|-damage|p2a: Cinccino|48/100|[from] Salt Cure
|upkeep
|turn|21
|
|t:|1760438285
|move|p2a: Cinccino|Bullet Seed|p1a: Garganacl
|-damage|p1a: Garganacl|17/100
|-damage|p1a: Garganacl|3/100
|-damage|p1a: Garganacl|0 fnt
|faint|p1a: Garganacl
|-hitcount|p1: Garganacl|3
|
|-damage|p2a: Cinccino|36/100|[from] Salt Cure
|upkeep
|
|t:|1760438295
|switch|p1a: Tornadus|Tornadus-Therian, M|73/100
|turn|22
|
|t:|1760438301
|move|p2a: Cinccino|Ice Spinner|p1a: Tornadus
|-supereffective|p1a: Tornadus
|-damage|p1a: Tornadus|0 fnt
|faint|p1a: Tornadus
|
|-damage|p2a: Cinccino|23/100|[from] Salt Cure
|upkeep
|
|t:|1760438309
|switch|p1a: Glimmora|Glimmora, M|100/100
|turn|23
|
|t:|1760438316
|move|p2a: Cinccino|Bullet Seed|p1a: Glimmora
|-damage|p1a: Glimmora|77/100
|-activate|p1a: Glimmora|ability: Toxic Debris
|-sidestart|p2: frostywingz|move: Toxic Spikes
|-damage|p1a: Glimmora|50/100
|-activate|p1a: Glimmora|ability: Toxic Debris
|-sidestart|p2: frostywingz|move: Toxic Spikes
|-damage|p1a: Glimmora|22/100
|-damage|p1a: Glimmora|0 fnt
|faint|p1a: Glimmora
|-hitcount|p1: Glimmora|4
|
|-damage|p2a: Cinccino|11/100|[from] Salt Cure
|upkeep
|-message|melodramaticbat34 forfeited.
|
|win|frostywingz
|raw|melodramaticbat34's rating: 1290 &rarr; <strong>1261</strong><br />(-29 for losing)
|raw|frostywingz's rating: 1239 &rarr; <strong>1268</strong><br />(+29 for winning)
|l|☆melodramaticbat34
|player|p1|
|l|☆frostywingz
|player|p2|
