|j|☆NeoNidus9
|j|‽phalaenopsismb
|t:|1760445920
|gametype|singles
|player|p1|NeoNidus9|sabrina|1263
|player|p2|phalaenopsismb|101|1255
|gen|9
|tier|[Gen 9] OU
|rated|
|rule|HP Percentage Mod: HP is shown in percentages
|rule|Endless Battle Clause: Forcing endless battles is banned
|rule|Species Clause: Limit one of each Pokémon
|rule|OHKO Clause: OHKO moves are banned
|rule|Evasion Items Clause: Evasion items are banned
|rule|Evasion Moves Clause: Evasion moves are banned
|rule|Evasion Abilities Clause: Evasion abilities are banned
|rule|Sleep Moves Clause: Sleep-inducing moves are banned
|clearpoke
|poke|p1|Ting-Lu|
|poke|p1|Latios, M|
|poke|p1|Pecharunt|
|poke|p1|Heatran, F|
|poke|p1|Iron Valiant|
|poke|p1|Dragonite, F|
|poke|p2|Keldeo-Resolute|
|poke|p2|Dragapult, F|
|poke|p2|Slowking-Galar, M|
|poke|p2|Kingambit, F|
|poke|p2|Zapdos|
|poke|p2|Great Tusk|
|teampreview
|
|t:|1760445940
|teamsize|p1|6
|teamsize|p2|6
|start
|switch|p1a: Latios|Latios, M|100/100
|switch|p2a: Dragapult|Dragapult, F|100/100
|turn|1
|
|t:|1760445948
|switch|p1a: Ting-Lu|Ting-Lu|100/100
|-ability|p1a: Ting-Lu|Vessel of Ruin
|move|p2a: Dragapult|Dragon Darts|p1a: Ting-Lu
|-damage|p1a: Ting-Lu|82/100
|-anim|p2a: Dragapult|Dragon Darts|p1a: Ting-Lu
|-damage|p1a: Ting-Lu|60/100
|
|-heal|p1a: Ting-Lu|66/100|[from] item: Leftovers
|upkeep
|turn|2
|
|t:|1760445965
|switch|p2a: Zapdos|Zapdos|100/100
|move|p1a: Ting-Lu|Earthquake|p2a: Zapdos
|-immune|p2a: Zapdos
|
|-heal|p1a: Ting-Lu|72/100|[from] item: Leftovers
|upkeep
|turn|3
|
|t:|1760445975
|move|p2a: Zapdos|U-turn|p1a: Ting-Lu
|-supereffective|p1a: Ting-Lu
|-damage|p1a: Ting-Lu|57/100
|
|t:|1760445980
|switch|p2a: Great Tusk|Great Tusk|100/100|[from] U-turn
|-enditem|p2a: Great Tusk|Booster Energy
|-activate|p2a: Great Tusk|ability: Protosynthesis|[fromitem]
|-start|p2a: Great Tusk|protosynthesisatk
|move|p1a: Ting-Lu|Stealth Rock|p2a: Great Tusk
|-sidestart|p2: phalaenopsismb|move: Stealth Rock
|
|-heal|p1a: Ting-Lu|64/100|[from] item: Leftovers
|upkeep
|turn|4
|
|t:|1760445996
|switch|p1a: Latios|Latios, M|100/100
|move|p2a: Great Tusk|Rapid Spin|p1a: Latios
|-damage|p1a: Latios|77/100
|-boost|p2a: Great Tusk|spe|1
|-sideend|p2: phalaenopsismb|Stealth Rock|[from] move: Rapid Spin|[of] p2a: Great Tusk
|
|upkeep
|turn|5
|
|t:|1760446028
|-terastallize|p1a: Latios|Steel
|-terastallize|p2a: Great Tusk|Fairy
|move|p1a: Latios|Luster Purge|p2a: Great Tusk
|-damage|p2a: Great Tusk|38/100
|-unboost|p2a: Great Tusk|spd|1
|move|p2a: Great Tusk|Ice Spinner|p1a: Latios
|-resisted|p1a: Latios
|-damage|p1a: Latios|56/100
|
|upkeep
|turn|6
|
|t:|1760446041
|-end|p2a: Great Tusk|Protosynthesis|[silent]
|switch|p2a: Slowking|Slowking-Galar, M|100/100
|move|p1a: Latios|Luster Purge|p2a: Slowking
|-crit|p2a: Slowking
|-damage|p2a: Slowking|65/100
|-unboost|p2a: Slowking|spd|1
|
|-heal|p2a: Slowking|72/100|[from] item: Black Sludge
|upkeep
|turn|7
|
|t:|1760446051
|move|p1a: Latios|Luster Purge|p2a: Slowking
|-damage|p2a: Slowking|33/100
|move|p2a: Slowking|Trick|p1a: Latios
|-activate|p2a: Slowking|move: Trick|[of] p1a: Latios
|-item|p1a: Latios|Black Sludge|[from] move: Trick
|-item|p2a: Slowking|Choice Scarf|[from] move: Trick
|
|-damage|p1a: Latios|44/100|[from] item: Black Sludge
|upkeep
|turn|8
|
|t:|1760446062
|switch|p2a: Zapdos|Zapdos|100/100
|move|p1a: Latios|Trick|p2a: Zapdos
|-activate|p1a: Latios|move: Trick|[of] p2a: Zapdos
|-item|p2a: Zapdos|Black Sludge|[from] move: Trick
|-item|p1a: Latios|Heavy-Duty Boots|[from] move: Trick
|
|-damage|p2a: Zapdos|88/100|[from] item: Black Sludge
|upkeep
|turn|9
|
|t:|1760446073
|switch|p1a: Ting-Lu|Ting-Lu|64/100
|-ability|p1a: Ting-Lu|Vessel of Ruin
|move|p2a: Zapdos|Discharge|p1a: Ting-Lu
|-immune|p1a: Ting-Lu
|
|-damage|p2a: Zapdos|76/100|[from] item: Black Sludge
|-heal|p1a: Ting-Lu|70/100|[from] item: Leftovers
|upkeep
|turn|10
|
|t:|1760446082
|move|p2a: Zapdos|Hurricane|p1a: Ting-Lu
|-damage|p1a: Ting-Lu|49/100
|move|p1a: Ting-Lu|Stealth Rock|p2a: Zapdos
|-sidestart|p2: phalaenopsismb|move: Stealth Rock
|
|-damage|p2a: Zapdos|64/100|[from] item: Black Sludge
|-heal|p1a: Ting-Lu|55/100|[from] item: Leftovers
|upkeep
|turn|11
|
|t:|1760446092
|switch|p2a: Keldeo|Keldeo-Resolute|100/100
|-damage|p2a: Keldeo|94/100|[from] Stealth Rock
|move|p1a: Ting-Lu|Whirlwind|p2a: Keldeo
|drag|p2a: Slowking|Slowking-Galar, M|66/100
|-damage|p2a: Slowking|54/100|[from] Stealth Rock
|
|-heal|p1a: Ting-Lu|61/100|[from] item: Leftovers
|upkeep
|turn|12
|
|t:|1760446102
|move|p1a: Ting-Lu|Throat Chop|p2a: Slowking
|-supereffective|p2a: Slowking
|-damage|p2a: Slowking|0 fnt
|faint|p2a: Slowking
|
|-heal|p1a: Ting-Lu|67/100|[from] item: Leftovers
|upkeep
|
|t:|1760446108
|switch|p2a: Keldeo|Keldeo-Resolute|94/100
|-damage|p2a: Keldeo|88/100|[from] Stealth Rock
|turn|13
|
|t:|1760446142
|switch|p1a: Pecharunt|Pecharunt|100/100
|move|p2a: Keldeo|Surf|p1a: Pecharunt
|-damage|p1a: Pecharunt|66/100
|
|-heal|p2a: Keldeo|94/100|[from] item: Leftovers
|upkeep
|turn|14
|
|t:|1760446168
|move|p2a: Keldeo|Substitute|p2a: Keldeo
|-start|p2a: Keldeo|Substitute
|-damage|p2a: Keldeo|69/100
|move|p1a: Pecharunt|Malignant Chain|p2a: Keldeo
|-end|p2a: Keldeo|Substitute
|
|-heal|p2a: Keldeo|76/100|[from] item: Leftovers
|upkeep
|turn|15
|
|t:|1760446178
|move|p2a: Keldeo|Surf|p1a: Pecharunt
|-damage|p1a: Pecharunt|35/100
|move|p1a: Pecharunt|Malignant Chain|p2a: Keldeo
|-damage|p2a: Keldeo|47/100
|-status|p2a: Keldeo|tox
|-start|p2a: Keldeo|confusion|[from] ability: Poison Puppeteer|[of] p1a: Pecharunt
|
|-heal|p2a: Keldeo|53/100 tox|[from] item: Leftovers
|-damage|p2a: Keldeo|47/100 tox|[from] psn
|upkeep
|turn|16
|
|t:|1760446190
|-activate|p2a: Keldeo|confusion
|move|p2a: Keldeo|Surf|p1a: Pecharunt
|-damage|p1a: Pecharunt|0 fnt
|faint|p1a: Pecharunt
|
|-heal|p2a: Keldeo|53/100 tox|[from] item: Leftovers
|-damage|p2a: Keldeo|41/100 tox|[from] psn
|upkeep
|
|t:|1760446227
|switch|p1a: Iron Valiant|Iron Valiant|100/100
|turn|17
|
|t:|1760446234
|move|p1a: Iron Valiant|Moonblast|p2a: Keldeo
|-supereffective|p2a: Keldeo
|-damage|p2a: Keldeo|0 fnt
|faint|p2a: Keldeo
|
|upkeep
|
|t:|1760446248
|switch|p2a: Dragapult|Dragapult, F|100/100
|-damage|p2a: Dragapult|88/100|[from] Stealth Rock
|turn|18
|
|t:|1760446253
|move|p2a: Dragapult|Psychic Fangs|p1a: Iron Valiant
|-supereffective|p1a: Iron Valiant
|-damage|p1a: Iron Valiant|0 fnt
|faint|p1a: Iron Valiant
|-end|p1a: Iron Valiant|Quark Drive|[silent]
|
|upkeep
|
|t:|1760446259
|switch|p1a: Heatran|Heatran, F|100/100
|turn|19
|
|t:|1760446275
|switch|p2a: Great Tusk|Great Tusk, tera:Fairy|38/100
|-damage|p2a: Great Tusk|26/100|[from] Stealth Rock
|move|p1a: Heatran|Lava Plume|p2a: Great Tusk
|-damage|p2a: Great Tusk|0 fnt
|faint|p2a: Great Tusk
|-end|p2a: Great Tusk|Protosynthesis|[silent]
|
|upkeep
|
|t:|1760446282
|switch|p2a: Zapdos|Zapdos|64/100
|-damage|p2a: Zapdos|39/100|[from] Stealth Rock
|turn|20
|
|t:|1760446290
|switch|p1a: Ting-Lu|Ting-Lu|67/100
|-ability|p1a: Ting-Lu|Vessel of Ruin
|move|p2a: Zapdos|Roost|p2a: Zapdos
|-heal|p2a: Zapdos|89/100
|-singleturn|p2a: Zapdos|move: Roost
|
|-damage|p2a: Zapdos|77/100|[from] item: Black Sludge
|-heal|p1a: Ting-Lu|74/100|[from] item: Leftovers
|upkeep
|turn|21
|
|t:|1760446302
|move|p2a: Zapdos|U-turn|p1a: Ting-Lu
|-supereffective|p1a: Ting-Lu
|-damage|p1a: Ting-Lu|59/100
|
|t:|1760446305
|switch|p2a: Dragapult|Dragapult, F|88/100|[from] U-turn
|-damage|p2a: Dragapult|76/100|[from] Stealth Rock
|move|p1a: Ting-Lu|Whirlwind|p2a: Dragapult
|drag|p2a: Kingambit|Kingambit, F|100/100
|-damage|p2a: Kingambit|94/100|[from] Stealth Rock
|-activate|p2a: Kingambit|ability: Supreme Overlord
|-start|p2a: Kingambit|fallen3|[silent]
|
|-heal|p2a: Kingambit|100/100|[from] item: Leftovers
|-heal|p1a: Ting-Lu|65/100|[from] item: Leftovers
|upkeep
|turn|22
|
|t:|1760446319
|move|p2a: Kingambit|Swords Dance|p2a: Kingambit
|-boost|p2a: Kingambit|atk|2
|move|p1a: Ting-Lu|Earthquake|p2a: Kingambit
|-supereffective|p2a: Kingambit
|-damage|p2a: Kingambit|42/100
|
|-heal|p2a: Kingambit|48/100|[from] item: Leftovers
|-heal|p1a: Ting-Lu|72/100|[from] item: Leftovers
|upkeep
|turn|23
|
|t:|1760446331
|move|p2a: Kingambit|Iron Head|p1a: Ting-Lu
|-crit|p1a: Ting-Lu
|-damage|p1a: Ting-Lu|0 fnt
|faint|p1a: Ting-Lu
|
|-heal|p2a: Kingambit|54/100|[from] item: Leftovers
|upkeep
|
|t:|1760446340
|switch|p1a: Heatran|Heatran, F|100/100
|turn|24
|
|t:|1760446345
|move|p1a: Heatran|Lava Plume|p2a: Kingambit
|-supereffective|p2a: Kingambit
|-damage|p2a: Kingambit|0 fnt
|faint|p2a: Kingambit
|-end|p2a: Kingambit|fallen3|[silent]
|
|upkeep
|
|t:|1760446350
|switch|p2a: Zapdos|Zapdos|77/100
|-damage|p2a: Zapdos|52/100|[from] Stealth Rock
|turn|25
|
|t:|1760446368
|move|p2a: Zapdos|Discharge|p1a: Heatran
|-damage|p1a: Heatran|71/100
|move|p1a: Heatran|Power Gem|p2a: Zapdos
|-supereffective|p2a: Zapdos
|-damage|p2a: Zapdos|0 fnt
|faint|p2a: Zapdos
|
|upkeep
|
|t:|1760446374
|switch|p2a: Dragapult|Dragapult, F|76/100
|-damage|p2a: Dragapult|64/100|[from] Stealth Rock
|turn|26
|
|t:|1760446380
|move|p2a: Dragapult|Dragon Darts|p1a: Heatran
|-resisted|p1a: Heatran
|-damage|p1a: Heatran|55/100
|-anim|p2a: Dragapult|Dragon Darts|p1a: Heatran
|-resisted|p1a: Heatran
|-damage|p1a: Heatran|39/100
|move|p1a: Heatran|Flash Cannon|p2a: Dragapult
|-damage|p2a: Dragapult|4/100
|
|upkeep
|turn|27
|
|t:|1760446388
|move|p2a: Dragapult|Dragon Darts|p1a: Heatran
|-resisted|p1a: Heatran
|-damage|p1a: Heatran|24/100
|-anim|p2a: Dragapult|Dragon Darts|p1a: Heatran
|-resisted|p1a: Heatran
|-damage|p1a: Heatran|9/100
|move|p1a: Heatran|Flash Cannon|p2a: Dragapult
|-damage|p2a: Dragapult|0 fnt
|faint|p2a: Dragapult
|
|win|NeoNidus9
|raw|NeoNidus9's rating: 1263 &rarr; <strong>1287</strong><br />(+24 for winning)
|raw|phalaenopsismb's rating: 1255 &rarr; <strong>1231</strong><br />(-24 for losing)
|l|‽phalaenopsismb
|player|p2|
