|j|☆Yz99999
|j|☆DIGIWAYNE123
|t:|1760364583
|gametype|singles
|player|p1|Yz99999|169|1557
|player|p2|DIGIWAYNE123|swimmerf-gen4|1594
|gen|9
|tier|[Gen 9] OU
|rated|
|rule|HP Percentage Mod: HP is shown in percentages
|rule|Endless Battle Clause: Forcing endless battles is banned
|rule|Species Clause: Limit one of each Pokémon
|rule|OHKO Clause: OHKO moves are banned
|rule|Evasion Items Clause: Evasion items are banned
|rule|Evasion Moves Clause: Evasion moves are banned
|rule|Evasion Abilities Clause: Evasion abilities are banned
|rule|Sleep Moves Clause: Sleep-inducing moves are banned
|clearpoke
|poke|p1|Garganacl, F|
|poke|p1|Corviknight, F|
|poke|p1|Great Tusk|
|poke|p1|Scizor, F|
|poke|p1|Raging Bolt|
|poke|p1|Maushold|
|poke|p2|Armarouge, F|
|poke|p2|Indeedee, M|
|poke|p2|Great Tusk|
|poke|p2|Hoopa-Unbound|
|poke|p2|Scream Tail|
|poke|p2|Drednaw, M|
|teampreview
|inactive|Battle timer is ON: inactive players will automatically lose when time's up. (requested by DIGIWAYNE123)
|
|t:|1760364591
|teamsize|p1|6
|teamsize|p2|6
|start
|switch|p1a: Scizor|Scizor, F|100/100
|switch|p2a: Scream Tail|Scream Tail|100/100
|-enditem|p2a: Scream Tail|Booster Energy
|-activate|p2a: Scream Tail|ability: Protosynthesis|[fromitem]
|-start|p2a: Scream Tail|protosynthesisspe
|turn|1
|
|t:|1760364594
|move|p2a: Scream Tail|Thunder Wave|p1a: Scizor
|-status|p1a: Scizor|par
|move|p1a: Scizor|U-turn|p2a: Scream Tail
|-damage|p2a: Scream Tail|53/100
|
|t:|1760364601
|switch|p1a: Garganacl|Garganacl, F|100/100|[from] U-turn
|
|upkeep
|turn|2
|
|t:|1760364603
|move|p2a: Scream Tail|Stealth Rock|p1a: Garganacl
|-sidestart|p1: Yz99999|move: Stealth Rock
|move|p1a: Garganacl|Salt Cure|p2a: Scream Tail
|-damage|p2a: Scream Tail|43/100
|-start|p2a: Scream Tail|Salt Cure
|
|-damage|p2a: Scream Tail|31/100|[from] Salt Cure
|upkeep
|turn|3
|
|t:|1760364607
|-end|p2a: Scream Tail|Protosynthesis|[silent]
|switch|p2a: Hoopa|Hoopa-Unbound|100/100
|switch|p1a: Corviknight|Corviknight, F|100/100
|-damage|p1a: Corviknight|88/100|[from] Stealth Rock
|-ability|p1a: Corviknight|Pressure
|
|upkeep
|turn|4
|
|t:|1760364610
|move|p2a: Hoopa|Thunderbolt|p1a: Corviknight
|-supereffective|p1a: Corviknight
|-damage|p1a: Corviknight|35/100
|move|p1a: Corviknight|U-turn|p2a: Hoopa
|-supereffective|p2a: Hoopa
|-damage|p2a: Hoopa|25/100
|
|t:|1760364613
|switch|p1a: Scizor|Scizor, F|100/100 par|[from] U-turn
|-damage|p1a: Scizor|88/100 par|[from] Stealth Rock
|
|upkeep
|turn|5
|
|t:|1760364616
|switch|p2a: Scream Tail|Scream Tail|31/100
|move|p1a: Scizor|U-turn|p2a: Scream Tail
|-damage|p2a: Scream Tail|0 fnt
|faint|p2a: Scream Tail
|-end|p2a: Scream Tail|Protosynthesis|[silent]
|
|t:|1760364623
|switch|p1a: Corviknight|Corviknight, F|35/100|[from] U-turn
|-damage|p1a: Corviknight|22/100|[from] Stealth Rock
|-ability|p1a: Corviknight|Pressure
|
|upkeep
|
|t:|1760364626
|switch|p2a: Indeedee|Indeedee, M|100/100
|-fieldstart|move: Psychic Terrain|[from] ability: Psychic Surge|[of] p2a: Indeedee
|turn|6
|
|t:|1760364629
|move|p2a: Indeedee|Expanding Force|p1a: Corviknight
|-resisted|p1a: Corviknight
|-damage|p1a: Corviknight|0 fnt
|faint|p1a: Corviknight
|
|upkeep
|
|t:|1760364634
|switch|p1a: Scizor|Scizor, F|88/100 par
|-damage|p1a: Scizor|76/100 par|[from] Stealth Rock
|turn|7
|
|t:|1760364637
|switch|p2a: Hoopa|Hoopa-Unbound|25/100
|cant|p1a: Scizor|par
|
|upkeep
|turn|8
|
|t:|1760364643
|move|p2a: Hoopa|Dark Pulse|p1a: Scizor
|-damage|p1a: Scizor|10/100 par
|move|p1a: Scizor|U-turn|p2a: Hoopa
|-supereffective|p2a: Hoopa
|-damage|p2a: Hoopa|0 fnt
|faint|p2a: Hoopa
|
|t:|1760364650
|switch|p1a: Garganacl|Garganacl, F|100/100|[from] U-turn
|-damage|p1a: Garganacl|88/100|[from] Stealth Rock
|
|-heal|p1a: Garganacl|94/100|[from] item: Leftovers
|upkeep
|
|t:|1760364655
|switch|p2a: Great Tusk|Great Tusk|100/100
|-enditem|p2a: Great Tusk|Booster Energy
|-activate|p2a: Great Tusk|ability: Protosynthesis|[fromitem]
|-start|p2a: Great Tusk|protosynthesisspe
|turn|9
|
|t:|1760364657
|move|p2a: Great Tusk|Knock Off|p1a: Garganacl
|-damage|p1a: Garganacl|75/100
|-enditem|p1a: Garganacl|Leftovers|[from] move: Knock Off|[of] p2a: Great Tusk
|move|p1a: Garganacl|Salt Cure|p2a: Great Tusk
|-resisted|p2a: Great Tusk
|-damage|p2a: Great Tusk|98/100
|-start|p2a: Great Tusk|Salt Cure
|
|-damage|p2a: Great Tusk|86/100|[from] Salt Cure
|upkeep
|turn|10
|
|t:|1760364661
|move|p2a: Great Tusk|Headlong Rush|p1a: Garganacl
|-supereffective|p1a: Garganacl
|-damage|p1a: Garganacl|8/100
|-unboost|p2a: Great Tusk|def|1
|-unboost|p2a: Great Tusk|spd|1
|move|p1a: Garganacl|Recover|p1a: Garganacl
|-heal|p1a: Garganacl|58/100
|
|-damage|p2a: Great Tusk|73/100|[from] Salt Cure
|upkeep
|turn|11
|
|t:|1760364665
|move|p1a: Garganacl|Protect|p1a: Garganacl
|-singleturn|p1a: Garganacl|Protect
|move|p2a: Great Tusk|Headlong Rush|p1a: Garganacl
|-activate|p1a: Garganacl|move: Protect
|
|-damage|p2a: Great Tusk|61/100|[from] Salt Cure
|upkeep
|turn|12
|
|t:|1760364667
|switch|p1a: Scizor|Scizor, F|10/100 par
|-damage|p1a: Scizor|0 fnt|[from] Stealth Rock
|faint|p1a: Scizor
|move|p2a: Great Tusk|Headlong Rush|p1: Scizor|[notarget]
|-fail|p2a: Great Tusk
|
|-damage|p2a: Great Tusk|48/100|[from] Salt Cure
|upkeep
|
|t:|1760364671
|switch|p1a: Great Tusk|Great Tusk|100/100
|turn|13
|
|t:|1760364674
|move|p2a: Great Tusk|Headlong Rush|p1a: Great Tusk
|-damage|p1a: Great Tusk|61/100
|-unboost|p2a: Great Tusk|def|1
|-unboost|p2a: Great Tusk|spd|1
|move|p1a: Great Tusk|Rapid Spin|p2a: Great Tusk
|-damage|p2a: Great Tusk|24/100
|-boost|p1a: Great Tusk|spe|1
|-sideend|p1: Yz99999|Stealth Rock|[from] move: Rapid Spin|[of] p1a: Great Tusk
|
|-damage|p2a: Great Tusk|11/100|[from] Salt Cure
|-fieldend|move: Psychic Terrain
|upkeep
|turn|14
|
|t:|1760364681
|-end|p2a: Great Tusk|Protosynthesis|[silent]
|switch|p2a: Indeedee|Indeedee, M|100/100
|-fieldstart|move: Psychic Terrain|[from] ability: Psychic Surge|[of] p2a: Indeedee
|move|p1a: Great Tusk|Rapid Spin|p2a: Indeedee
|-damage|p2a: Indeedee|60/100
|-boost|p1a: Great Tusk|spe|1
|
|upkeep
|turn|15
|
|t:|1760364686
|switch|p2a: Great Tusk|Great Tusk|11/100
|move|p1a: Great Tusk|Knock Off|p2a: Great Tusk
|-resisted|p2a: Great Tusk
|-damage|p2a: Great Tusk|4/100
|
|upkeep
|turn|16
|
|t:|1760364689
|move|p1a: Great Tusk|Rapid Spin|p2a: Great Tusk
|-damage|p2a: Great Tusk|0 fnt
|-boost|p1a: Great Tusk|spe|1
|faint|p2a: Great Tusk
|-end|p2a: Great Tusk|Protosynthesis|[silent]
|
|upkeep
|
|t:|1760364690
|switch|p2a: Armarouge|Armarouge, F|100/100
|turn|17
|
|t:|1760364692
|move|p1a: Great Tusk|Knock Off|p2a: Armarouge
|-supereffective|p2a: Armarouge
|-damage|p2a: Armarouge|28/100
|-ability|p2a: Armarouge|Weak Armor|boost
|-unboost|p2a: Armarouge|def|1
|-boost|p2a: Armarouge|spe|2
|-enditem|p2a: Armarouge|Focus Sash|[from] move: Knock Off|[of] p1a: Great Tusk
|move|p2a: Armarouge|Expanding Force|p1a: Great Tusk
|-supereffective|p1a: Great Tusk
|-damage|p1a: Great Tusk|0 fnt
|faint|p1a: Great Tusk
|-end|p1a: Great Tusk|Protosynthesis|[silent]
|
|upkeep
|
|t:|1760364696
|switch|p1a: Raging Bolt|Raging Bolt|100/100
|turn|18
|
|t:|1760364701
|move|p2a: Armarouge|Expanding Force|p1a: Raging Bolt
|-damage|p1a: Raging Bolt|31/100
|move|p1a: Raging Bolt|Thunderbolt|p2a: Armarouge
|-damage|p2a: Armarouge|0 fnt
|faint|p2a: Armarouge
|
|upkeep
|
|t:|1760364704
|switch|p2a: Drednaw|Drednaw, M|100/100
|turn|19
|
|t:|1760364706
|-terastallize|p2a: Drednaw|Ground
|move|p2a: Drednaw|Shell Smash|p2a: Drednaw
|-unboost|p2a: Drednaw|def|1
|-unboost|p2a: Drednaw|spd|1
|-boost|p2a: Drednaw|atk|2
|-boost|p2a: Drednaw|spa|2
|-boost|p2a: Drednaw|spe|2
|move|p1a: Raging Bolt|Thunderbolt|p2a: Drednaw
|-immune|p2a: Drednaw
|
|upkeep
|turn|20
|
|t:|1760364713
|-end|p1a: Raging Bolt|Protosynthesis|[silent]
|switch|p1a: Garganacl|Garganacl, F|58/100
|move|p2a: Drednaw|Earthquake|p1a: Garganacl
|-supereffective|p1a: Garganacl
|-crit|p1a: Garganacl
|-damage|p1a: Garganacl|0 fnt
|faint|p1a: Garganacl
|
|upkeep
|
|t:|1760364714
|switch|p1a: Maushold|Maushold|100/100
|turn|21
|
|t:|1760364717
|-terastallize|p1a: Maushold|Normal
|move|p2a: Drednaw|Liquidation|p1a: Maushold
|-damage|p1a: Maushold|0 fnt
|faint|p1a: Maushold
|
|-fieldend|move: Psychic Terrain
|upkeep
|-message|Yz99999 forfeited.
|
|win|DIGIWAYNE123
|raw|Yz99999's rating: 1557 &rarr; <strong>1539</strong><br />(-18 for losing)
|raw|DIGIWAYNE123's rating: 1594 &rarr; <strong>1612</strong><br />(+18 for winning)
|l|☆Yz99999
|player|p1|
|l|☆DIGIWAYNE123
|player|p2|
