|j|☆MVL4
|j|☆r0chinha14
|t:|1760432814
|gametype|singles
|player|p1|MVL4|102|1056
|player|p2|r0chinha14|erika|1108
|gen|9
|tier|[Gen 9] OU
|rated|
|rule|HP Percentage Mod: HP is shown in percentages
|rule|Endless Battle Clause: Forcing endless battles is banned
|rule|Species Clause: Limit one of each Pokémon
|rule|OHKO Clause: OHKO moves are banned
|rule|Evasion Items Clause: Evasion items are banned
|rule|Evasion Moves Clause: Evasion moves are banned
|rule|Evasion Abilities Clause: Evasion abilities are banned
|rule|Sleep Moves Clause: Sleep-inducing moves are banned
|clearpoke
|poke|p1|Charizard, M|
|poke|p1|Torkoal, F|
|poke|p1|Venusaur, F|
|poke|p1|Indeedee, M|
|poke|p1|Kingambit, F|
|poke|p1|Corviknight, M|
|poke|p2|Dragapult, F|
|poke|p2|Glastrier|
|poke|p2|Tinkaton, F|
|poke|p2|Ting-Lu|
|poke|p2|Iron Hands|
|poke|p2|Moltres|
|teampreview
|
|t:|1760432821
|teamsize|p1|6
|teamsize|p2|6
|start
|switch|p1a: Torkoal|Torkoal, F|100/100
|switch|p2a: Tinkaton|Tinkaton, F|100/100
|-item|p2a: Tinkaton|Air Balloon
|-weather|SunnyDay|[from] ability: Drought|[of] p1a: Torkoal
|turn|1
|
|t:|1760432831
|move|p2a: Tinkaton|Stealth Rock|p1a: Torkoal
|-sidestart|p1: MVL4|move: Stealth Rock
|move|p1a: Torkoal|Stealth Rock|p2a: Tinkaton
|-sidestart|p2: r0chinha14|move: Stealth Rock
|
|-weather|SunnyDay|[upkeep]
|upkeep
|turn|2
|
|t:|1760432838
|switch|p2a: Moltres|Moltres|100/100
|move|p1a: Torkoal|Lava Plume|p2a: Moltres
|-resisted|p2a: Moltres
|-damage|p2a: Moltres|82/100
|
|-weather|SunnyDay|[upkeep]
|upkeep
|turn|3
|
|t:|1760432853
|switch|p1a: Corviknight|Corviknight, M|100/100
|-damage|p1a: Corviknight|88/100|[from] Stealth Rock
|move|p2a: Moltres|U-turn|p1a: Corviknight
|-resisted|p1a: Corviknight
|-damage|p1a: Corviknight|85/100
|-damage|p2a: Moltres|66/100|[from] item: Rocky Helmet|[of] p1a: Corviknight
|
|t:|1760432860
|switch|p2a: Ting-Lu|Ting-Lu|100/100|[from] U-turn
|-damage|p2a: Ting-Lu|94/100|[from] Stealth Rock
|-ability|p2a: Ting-Lu|Vessel of Ruin
|
|-weather|SunnyDay|[upkeep]
|-heal|p2a: Ting-Lu|100/100|[from] item: Leftovers
|upkeep
|turn|4
|
|t:|1760432870
|move|p1a: Corviknight|Defog|p2a: Ting-Lu
|-unboost|p2a: Ting-Lu|evasion|1
|-sideend|p2: r0chinha14|Stealth Rock|[from] move: Defog|[of] p1a: Corviknight
|-sideend|p1: MVL4|Stealth Rock|[from] move: Defog|[of] p1a: Corviknight
|move|p2a: Ting-Lu|Spikes|p1a: Corviknight
|-sidestart|p1: MVL4|Spikes
|
|-weather|SunnyDay|[upkeep]
|upkeep
|turn|5
|
|t:|1760432879
|move|p1a: Corviknight|Defog|p2a: Ting-Lu
|-unboost|p2a: Ting-Lu|evasion|1
|-sideend|p1: MVL4|Spikes|[from] move: Defog|[of] p1a: Corviknight
|move|p2a: Ting-Lu|Spikes|p1a: Corviknight
|-sidestart|p1: MVL4|Spikes
|
|-weather|SunnyDay|[upkeep]
|upkeep
|turn|6
|
|t:|1760432888
|move|p1a: Corviknight|Defog|p2a: Ting-Lu
|-unboost|p2a: Ting-Lu|evasion|1
|-sideend|p1: MVL4|Spikes|[from] move: Defog|[of] p1a: Corviknight
|move|p2a: Ting-Lu|Ruination|p1a: Corviknight|[miss]
|-miss|p2a: Ting-Lu|p1a: Corviknight
|
|-weather|SunnyDay|[upkeep]
|upkeep
|turn|7
|inactive|Battle timer is ON: inactive players will automatically lose when time's up. (requested by r0chinha14)
|
|t:|1760432905
|switch|p1a: Venusaur|Venusaur, F|100/100
|switch|p2a: Moltres|Moltres|66/100
|
|-weather|SunnyDay|[upkeep]
|upkeep
|turn|8
|
|t:|1760432913
|-terastallize|p1a: Venusaur|Poison
|move|p1a: Venusaur|Growth|p1a: Venusaur
|-boost|p1a: Venusaur|atk|2
|-boost|p1a: Venusaur|spa|2
|move|p2a: Moltres|Roost|p2a: Moltres
|-heal|p2a: Moltres|100/100
|-singleturn|p2a: Moltres|move: Roost
|
|-weather|none
|upkeep
|turn|9
|
|t:|1760432923
|move|p2a: Moltres|Will-O-Wisp|p1a: Venusaur|[miss]
|-miss|p2a: Moltres|p1a: Venusaur
|move|p1a: Venusaur|Sludge Bomb|p2a: Moltres
|-damage|p2a: Moltres|0 fnt
|faint|p2a: Moltres
|-damage|p1a: Venusaur|91/100|[from] item: Life Orb
|
|upkeep
|
|t:|1760432931
|switch|p2a: Ting-Lu|Ting-Lu|100/100
|-ability|p2a: Ting-Lu|Vessel of Ruin
|turn|10
|
|t:|1760432944
|move|p1a: Venusaur|Solar Beam||[still]
|-prepare|p1a: Venusaur|Solar Beam
|move|p2a: Ting-Lu|Whirlwind|p1a: Venusaur
|drag|p1a: Torkoal|Torkoal, F|100/100
|-weather|SunnyDay|[from] ability: Drought|[of] p1a: Torkoal
|
|-weather|SunnyDay|[upkeep]
|upkeep
|turn|11
|
|t:|1760432956
|switch|p1a: Charizard|Charizard, M, shiny|100/100
|move|p2a: Ting-Lu|Spikes|p1a: Charizard
|-sidestart|p1: MVL4|Spikes
|
|-weather|SunnyDay|[upkeep]
|upkeep
|turn|12
|
|t:|1760432966
|move|p1a: Charizard|Belly Drum|p1a: Charizard
|-damage|p1a: Charizard|51/100
|-setboost|p1a: Charizard|atk|6|[from] move: Belly Drum
|move|p2a: Ting-Lu|Spikes|p1a: Charizard
|-sidestart|p1: MVL4|Spikes
|
|-weather|SunnyDay|[upkeep]
|upkeep
|turn|13
|
|t:|1760432974
|move|p1a: Charizard|Flame Charge|p2a: Ting-Lu
|-damage|p2a: Ting-Lu|37/100
|-boost|p1a: Charizard|spe|1
|move|p2a: Ting-Lu|Whirlwind|p1a: Charizard
|drag|p1a: Indeedee|Indeedee, M|100/100
|-damage|p1a: Indeedee|84/100|[from] Spikes
|-fieldstart|move: Psychic Terrain|[from] ability: Psychic Surge|[of] p1a: Indeedee
|
|-weather|SunnyDay|[upkeep]
|-heal|p2a: Ting-Lu|44/100|[from] item: Leftovers
|upkeep
|turn|14
|
|t:|1760432994
|switch|p1a: Venusaur|Venusaur, F, tera:Poison|91/100
|-damage|p1a: Venusaur|74/100|[from] Spikes
|move|p2a: Ting-Lu|Spikes|p1a: Venusaur
|-sidestart|p1: MVL4|Spikes
|
|-weather|SunnyDay|[upkeep]
|-heal|p2a: Ting-Lu|50/100|[from] item: Leftovers
|upkeep
|turn|15
|
|t:|1760433011
|move|p1a: Venusaur|Solar Beam||[still]
|-prepare|p1a: Venusaur|Solar Beam
|-anim|p1a: Venusaur|Solar Beam|p2a: Ting-Lu
|-supereffective|p2a: Ting-Lu
|-damage|p2a: Ting-Lu|0 fnt
|faint|p2a: Ting-Lu
|-damage|p1a: Venusaur|64/100|[from] item: Life Orb
|
|-weather|SunnyDay|[upkeep]
|upkeep
|
|t:|1760433022
|switch|p2a: Dragapult|Dragapult, F|100/100
|turn|16
|
|t:|1760433031
|move|p2a: Dragapult|Draco Meteor|p1a: Venusaur
|-damage|p1a: Venusaur|12/100
|-unboost|p2a: Dragapult|spa|2
|move|p1a: Venusaur|Sludge Bomb|p2a: Dragapult
|-resisted|p2a: Dragapult
|-damage|p2a: Dragapult|48/100
|-status|p2a: Dragapult|psn
|-damage|p1a: Venusaur|2/100|[from] item: Life Orb
|
|-weather|SunnyDay|[upkeep]
|-damage|p2a: Dragapult|36/100 psn|[from] psn
|upkeep
|turn|17
|
|t:|1760433042
|move|p2a: Dragapult|Hex|p1a: Venusaur
|-crit|p1a: Venusaur
|-damage|p1a: Venusaur|0 fnt
|faint|p1a: Venusaur
|
|-weather|none
|-damage|p2a: Dragapult|24/100 psn|[from] psn
|upkeep
|
|t:|1760433050
|switch|p1a: Torkoal|Torkoal, F|100/100
|-damage|p1a: Torkoal|75/100|[from] Spikes
|-weather|SunnyDay|[from] ability: Drought|[of] p1a: Torkoal
|turn|18
|
|t:|1760433066
|move|p2a: Dragapult|Draco Meteor|p1a: Torkoal
|-damage|p1a: Torkoal|40/100
|-unboost|p2a: Dragapult|spa|2
|move|p1a: Torkoal|Stealth Rock|p2a: Dragapult
|-sidestart|p2: r0chinha14|move: Stealth Rock
|
|-weather|SunnyDay|[upkeep]
|-damage|p2a: Dragapult|11/100 psn|[from] psn
|upkeep
|turn|19
|
|t:|1760433074
|move|p2a: Dragapult|Thunder Wave|p1a: Torkoal
|-status|p1a: Torkoal|par
|move|p1a: Torkoal|Rest|p1a: Torkoal
|-status|p1a: Torkoal|slp|[from] move: Rest
|-heal|p1a: Torkoal|100/100 slp|[silent]
|
|-weather|SunnyDay|[upkeep]
|-damage|p2a: Dragapult|0 fnt|[from] psn
|faint|p2a: Dragapult
|upkeep
|
|t:|1760433081
|switch|p2a: Glastrier|Glastrier|100/100
|turn|20
|
|t:|1760433095
|switch|p1a: Charizard|Charizard, M, shiny|51/100
|-terastallize|p2a: Glastrier|Ground
|move|p2a: Glastrier|Swords Dance|p2a: Glastrier
|-boost|p2a: Glastrier|atk|2
|
|-weather|SunnyDay|[upkeep]
|-fieldend|move: Psychic Terrain
|upkeep
|turn|21
|
|t:|1760433107
|move|p1a: Charizard|Belly Drum|p1a: Charizard
|-damage|p1a: Charizard|1/100
|-setboost|p1a: Charizard|atk|6|[from] move: Belly Drum
|-enditem|p1a: Charizard|Sitrus Berry|[eat]
|-heal|p1a: Charizard|26/100|[from] item: Sitrus Berry
|move|p2a: Glastrier|Icicle Crash|p1a: Charizard
|-damage|p1a: Charizard|0 fnt
|faint|p1a: Charizard
|-ability|p2a: Glastrier|Chilling Neigh|boost
|-boost|p2a: Glastrier|atk|1
|
|-weather|SunnyDay|[upkeep]
|upkeep
|
|t:|1760433125
|switch|p1a: Indeedee|Indeedee, M|84/100
|-damage|p1a: Indeedee|59/100|[from] Spikes
|-fieldstart|move: Psychic Terrain|[from] ability: Psychic Surge|[of] p1a: Indeedee
|turn|22
|
|t:|1760433134
|move|p1a: Indeedee|Expanding Force|p2a: Glastrier
|-damage|p2a: Glastrier|41/100
|move|p2a: Glastrier|High Horsepower|p1a: Indeedee
|-damage|p1a: Indeedee|0 fnt
|faint|p1a: Indeedee
|-ability|p2a: Glastrier|Chilling Neigh|boost
|-boost|p2a: Glastrier|atk|1
|
|-weather|SunnyDay|[upkeep]
|upkeep
|
|t:|1760433145
|switch|p1a: Kingambit|Kingambit, F|100/100
|-activate|p1a: Kingambit|ability: Supreme Overlord
|-start|p1a: Kingambit|fallen3|[silent]
|-item|p1a: Kingambit|Air Balloon
|turn|23
|
|t:|1760433153
|move|p1a: Kingambit|Sucker Punch|p2a: Glastrier
|-activate|p2a: Glastrier|move: Psychic Terrain
|move|p2a: Glastrier|Close Combat|p1a: Kingambit
|-supereffective|p1a: Kingambit
|-damage|p1a: Kingambit|0 fnt
|-unboost|p2a: Glastrier|def|1
|-unboost|p2a: Glastrier|spd|1
|-enditem|p1a: Kingambit|Air Balloon
|faint|p1a: Kingambit
|-end|p1a: Kingambit|fallen3|[silent]
|-ability|p2a: Glastrier|Chilling Neigh|boost
|-boost|p2a: Glastrier|atk|1
|
|-weather|SunnyDay|[upkeep]
|upkeep
|-message|MVL4 forfeited.
|
|win|r0chinha14
|raw|MVL4's rating: 1056 &rarr; <strong>1040</strong><br />(-16 for losing)
|raw|r0chinha14's rating: 1108 &rarr; <strong>1129</strong><br />(+21 for winning)
|l|☆MVL4
|player|p1|
|l|☆r0chinha14
|player|p2|
