|j|☆LirrodPokemon
|j|☆yucudo
|t:|1760400405
|gametype|singles
|player|p1|LirrodPokemon|n|1286
|player|p2|yucudo|169|1304
|gen|9
|tier|[Gen 9] OU
|rated|
|rule|HP Percentage Mod: HP is shown in percentages
|rule|Endless Battle Clause: Forcing endless battles is banned
|rule|Species Clause: Limit one of each Pokémon
|rule|OHKO Clause: OHKO moves are banned
|rule|Evasion Items Clause: Evasion items are banned
|rule|Evasion Moves Clause: Evasion moves are banned
|rule|Evasion Abilities Clause: Evasion abilities are banned
|rule|Sleep Moves Clause: Sleep-inducing moves are banned
|clearpoke
|poke|p1|Squawkabilly-Yellow, F|
|poke|p1|Weezing-Galar, F|
|poke|p1|Scizor, M|
|poke|p1|Ceruledge, M|
|poke|p1|Walking Wake|
|poke|p1|Ting-Lu|
|poke|p2|Lokix, M|
|poke|p2|Cinderace, M|
|poke|p2|Great Tusk|
|poke|p2|Alomomola, F|
|poke|p2|Enamorus, F|
|poke|p2|Slowking-Galar, M|
|teampreview
|inactive|Battle timer is ON: inactive players will automatically lose when time's up. (requested by LirrodPokemon)
|
|t:|1760400411
|teamsize|p1|6
|teamsize|p2|6
|start
|switch|p1a: Squawkabilly|Squawkabilly-Yellow, F|100/100
|switch|p2a: Cinderace|Cinderace, M|100/100
|-ability|p1a: Squawkabilly|Intimidate|boost
|-unboost|p2a: Cinderace|atk|1
|turn|1
|
|t:|1760400419
|move|p2a: Cinderace|U-turn|p1a: Squawkabilly
|-resisted|p1a: Squawkabilly
|-damage|p1a: Squawkabilly|92/100
|
|t:|1760400423
|switch|p2a: Alomomola|Alomomola, F|100/100|[from] U-turn
|move|p1a: Squawkabilly|Parting Shot|p2a: Alomomola
|-unboost|p2a: Alomomola|atk|1
|-unboost|p2a: Alomomola|spa|1
|
|t:|1760400435
|switch|p1a: Scizor|Scizor, M|100/100|[from] Parting Shot
|
|upkeep
|turn|2
|
|t:|1760400444
|move|p1a: Scizor|Knock Off|p2a: Alomomola
|-damage|p2a: Alomomola|55/100
|-enditem|p2a: Alomomola|Assault Vest|[from] move: Knock Off|[of] p1a: Scizor
|move|p2a: Alomomola|Flip Turn|p1a: Scizor
|-damage|p1a: Scizor|88/100
|
|t:|1760400450
|switch|p2a: Cinderace|Cinderace, M|100/100|[from] Flip Turn
|
|upkeep
|turn|3
|
|t:|1760400456
|switch|p1a: Squawkabilly|Squawkabilly-Yellow, F|92/100
|-ability|p1a: Squawkabilly|Intimidate|boost
|-unboost|p2a: Cinderace|atk|1
|move|p2a: Cinderace|Pyro Ball|p1a: Squawkabilly
|-damage|p1a: Squawkabilly|47/100
|
|upkeep
|turn|4
|
|t:|1760400471
|move|p2a: Cinderace|Pyro Ball|p1a: Squawkabilly
|-damage|p1a: Squawkabilly|1/100
|move|p1a: Squawkabilly|Parting Shot|p2a: Cinderace
|-unboost|p2a: Cinderace|atk|1
|-unboost|p2a: Cinderace|spa|1
|
|t:|1760400486
|switch|p1a: Walking Wake|Walking Wake|100/100|[from] Parting Shot
|
|upkeep
|turn|5
|
|t:|1760400493
|switch|p2a: Alomomola|Alomomola, F|88/100
|move|p1a: Walking Wake|Hurricane|p2a: Alomomola|[miss]
|-miss|p1a: Walking Wake|p2a: Alomomola
|
|upkeep
|turn|6
|
|t:|1760400501
|move|p1a: Walking Wake|Hurricane|p2a: Alomomola
|-damage|p2a: Alomomola|47/100
|move|p2a: Alomomola|Flip Turn|p1a: Walking Wake
|-resisted|p1a: Walking Wake
|-damage|p1a: Walking Wake|96/100
|
|t:|1760400514
|switch|p2a: Slowking|Slowking-Galar, M|100/100|[from] Flip Turn
|
|upkeep
|turn|7
|
|t:|1760400518
|-end|p1a: Walking Wake|Protosynthesis|[silent]
|switch|p1a: Scizor|Scizor, M|88/100
|move|p2a: Slowking|Future Sight|p1a: Scizor
|-start|p2a: Slowking|move: Future Sight
|
|upkeep
|turn|8
|
|t:|1760400525
|switch|p2a: Cinderace|Cinderace, M|100/100
|move|p1a: Scizor|Knock Off|p2a: Cinderace
|-damage|p2a: Cinderace|35/100
|-enditem|p2a: Cinderace|Heavy-Duty Boots|[from] move: Knock Off|[of] p1a: Scizor
|
|upkeep
|turn|9
|
|t:|1760400536
|switch|p1a: Squawkabilly|Squawkabilly-Yellow, F|1/100
|-ability|p1a: Squawkabilly|Intimidate|boost
|-unboost|p2a: Cinderace|atk|1
|move|p2a: Cinderace|Pyro Ball|p1a: Squawkabilly|[miss]
|-miss|p2a: Cinderace|p1a: Squawkabilly
|
|-end|p1a: Squawkabilly|move: Future Sight
|-damage|p1a: Squawkabilly|0 fnt
|faint|p1a: Squawkabilly
|upkeep
|
|t:|1760400557
|switch|p1a: Ceruledge|Ceruledge, M|100/100
|turn|10
|
|t:|1760400562
|move|p1a: Ceruledge|Shadow Sneak|p2a: Cinderace
|-damage|p2a: Cinderace|11/100
|move|p2a: Cinderace|U-turn|p1a: Ceruledge
|-resisted|p1a: Ceruledge
|-damage|p1a: Ceruledge|96/100
|-ability|p1a: Ceruledge|Weak Armor|boost
|-unboost|p1a: Ceruledge|def|1
|-boost|p1a: Ceruledge|spe|2
|
|t:|1760400570
|switch|p2a: Great Tusk|Great Tusk|100/100|[from] U-turn
|
|upkeep
|turn|11
|
|t:|1760400590
|switch|p1a: Ting-Lu|Ting-Lu|100/100
|-ability|p1a: Ting-Lu|Vessel of Ruin
|move|p2a: Great Tusk|Knock Off|p1a: Ting-Lu
|-resisted|p1a: Ting-Lu
|-damage|p1a: Ting-Lu|93/100
|-enditem|p1a: Ting-Lu|Leftovers|[from] move: Knock Off|[of] p2a: Great Tusk
|
|upkeep
|turn|12
|
|t:|1760400607
|move|p2a: Great Tusk|Earthquake|p1a: Ting-Lu
|-damage|p1a: Ting-Lu|70/100
|move|p1a: Ting-Lu|Stealth Rock|p2a: Great Tusk
|-sidestart|p2: yucudo|move: Stealth Rock
|
|upkeep
|turn|13
|
|t:|1760400617
|switch|p1a: Weezing|Weezing-Galar, F|100/100
|-ability|p1a: Weezing|Neutralizing Gas
|move|p2a: Great Tusk|Rapid Spin|p1a: Weezing
|-damage|p1a: Weezing|92/100
|-boost|p2a: Great Tusk|spe|1
|-sideend|p2: yucudo|Stealth Rock|[from] move: Rapid Spin|[of] p2a: Great Tusk
|
|-heal|p1a: Weezing|98/100|[from] item: Black Sludge
|upkeep
|turn|14
|
|t:|1760400625
|move|p2a: Great Tusk|Earthquake|p1a: Weezing
|-supereffective|p1a: Weezing
|-damage|p1a: Weezing|36/100
|move|p1a: Weezing|Will-O-Wisp|p2a: Great Tusk
|-status|p2a: Great Tusk|brn
|
|-heal|p1a: Weezing|42/100|[from] item: Black Sludge
|-damage|p2a: Great Tusk|94/100 brn|[from] brn
|upkeep
|turn|15
|
|t:|1760400632
|move|p2a: Great Tusk|Bulk Up|p2a: Great Tusk
|-boost|p2a: Great Tusk|atk|1
|-boost|p2a: Great Tusk|def|1
|move|p1a: Weezing|Pain Split|p2a: Great Tusk
|-sethp|p2a: Great Tusk|63/100 brn|[from] move: Pain Split|[silent]
|-sethp|p1a: Weezing|82/100|[from] move: Pain Split
|
|-heal|p2a: Great Tusk|70/100 brn|[from] item: Leftovers
|-heal|p1a: Weezing|88/100|[from] item: Black Sludge
|-damage|p2a: Great Tusk|63/100 brn|[from] brn
|upkeep
|turn|16
|
|t:|1760400640
|move|p2a: Great Tusk|Bulk Up|p2a: Great Tusk
|-boost|p2a: Great Tusk|atk|1
|-boost|p2a: Great Tusk|def|1
|move|p1a: Weezing|Strange Steam|p2a: Great Tusk
|-supereffective|p2a: Great Tusk
|-crit|p2a: Great Tusk
|-damage|p2a: Great Tusk|0 fnt
|faint|p2a: Great Tusk
|-end|p2a: Great Tusk|Protosynthesis|[silent]
|
|-heal|p1a: Weezing|94/100|[from] item: Black Sludge
|upkeep
|
|t:|1760400652
|switch|p2a: Slowking|Slowking-Galar, M|100/100
|turn|17
|
|t:|1760400668
|-end|p1a: Weezing|ability: Neutralizing Gas
|switch|p1a: Ceruledge|Ceruledge, M|96/100
|move|p2a: Slowking|Future Sight|p1a: Ceruledge
|-start|p2a: Slowking|move: Future Sight
|
|upkeep
|turn|18
|
|t:|1760400681
|switch|p2a: Alomomola|Alomomola, F|80/100
|move|p1a: Ceruledge|Swords Dance|p1a: Ceruledge
|-boost|p1a: Ceruledge|atk|2
|
|upkeep
|turn|19
|
|t:|1760400692
|switch|p1a: Ting-Lu|Ting-Lu|70/100
|-ability|p1a: Ting-Lu|Vessel of Ruin
|move|p2a: Alomomola|Flip Turn|p1a: Ting-Lu
|-supereffective|p1a: Ting-Lu
|-damage|p1a: Ting-Lu|53/100
|
|t:|1760400699
|switch|p2a: Lokix|Lokix, M|100/100|[from] Flip Turn
|
|-end|p1a: Ting-Lu|move: Future Sight
|-immune|p1a: Ting-Lu
|upkeep
|turn|20
|
|t:|1760400708
|switch|p1a: Ceruledge|Ceruledge, M|96/100
|move|p2a: Lokix|U-turn|p1a: Ceruledge
|-resisted|p1a: Ceruledge
|-crit|p1a: Ceruledge
|-damage|p1a: Ceruledge|40/100
|-ability|p1a: Ceruledge|Weak Armor|boost
|-unboost|p1a: Ceruledge|def|1
|-boost|p1a: Ceruledge|spe|2
|
|t:|1760400716
|switch|p2a: Alomomola|Alomomola, F|100/100|[from] U-turn
|
|upkeep
|turn|21
|
|t:|1760400727
|switch|p1a: Walking Wake|Walking Wake|96/100
|move|p2a: Alomomola|Aqua Jet|p1a: Walking Wake
|-resisted|p1a: Walking Wake
|-damage|p1a: Walking Wake|93/100
|
|upkeep
|turn|22
|
|t:|1760400736
|move|p1a: Walking Wake|Hurricane|p2a: Alomomola|[miss]
|-miss|p1a: Walking Wake|p2a: Alomomola
|move|p2a: Alomomola|Flip Turn|p1a: Walking Wake
|-resisted|p1a: Walking Wake
|-damage|p1a: Walking Wake|89/100
|
|t:|1760400743
|switch|p2a: Slowking|Slowking-Galar, M|100/100|[from] Flip Turn
|
|upkeep
|turn|23
|
|t:|1760400751
|-end|p1a: Walking Wake|Protosynthesis|[silent]
|switch|p1a: Ting-Lu|Ting-Lu|53/100
|-ability|p1a: Ting-Lu|Vessel of Ruin
|move|p2a: Slowking|Future Sight|p1a: Ting-Lu
|-start|p2a: Slowking|move: Future Sight
|
|upkeep
|turn|24
|
|t:|1760400760
|move|p1a: Ting-Lu|Stealth Rock|p2a: Slowking
|-sidestart|p2: yucudo|move: Stealth Rock
|move|p2a: Slowking|Ice Beam|p1a: Ting-Lu
|-supereffective|p1a: Ting-Lu
|-damage|p1a: Ting-Lu|34/100
|
|upkeep
|turn|25
|inactive|yucudo has 120 seconds left.
|
|t:|1760400802
|move|p1a: Ting-Lu|Ruination|p2a: Slowking
|-damage|p2a: Slowking|50/100
|-prepare|p2a: Slowking|Chilly Reception|[premajor]
|move|p2a: Slowking|Chilly Reception|p2a: Slowking
|-weather|Snowscape
|
|t:|1760400811
|switch|p2a: Lokix|Lokix, M|100/100|[from] Chilly Reception
|-damage|p2a: Lokix|76/100|[from] Stealth Rock
|
|-weather|Snowscape|[upkeep]
|-end|p1a: Ting-Lu|move: Future Sight
|-immune|p1a: Ting-Lu
|upkeep
|turn|26
|inactive|LirrodPokemon has 120 seconds left.
|
|t:|1760400865
|switch|p1a: Ceruledge|Ceruledge, M|40/100
|move|p2a: Lokix|U-turn|p1a: Ceruledge
|-resisted|p1a: Ceruledge
|-damage|p1a: Ceruledge|2/100
|-ability|p1a: Ceruledge|Weak Armor|boost
|-unboost|p1a: Ceruledge|def|1
|-boost|p1a: Ceruledge|spe|2
|inactive|yucudo has 120 seconds left.
|inactive|yucudo has 90 seconds left.
|inactive|yucudo has 60 seconds left.
|-message|LirrodPokemon forfeited.
|
|win|yucudo
|raw|LirrodPokemon's rating: 1286 &rarr; <strong>1262</strong><br />(-24 for losing)
|raw|yucudo's rating: 1304 &rarr; <strong>1323</strong><br />(+19 for winning)
|l|☆LirrodPokemon
|player|p1|
