|j|☆elpets
|j|☆torvik en place
|t:|1760366448
|gametype|singles
|player|p1|elpets|infielder|1760
|player|p2|torvik en place|gambler|1760
|gen|9
|tier|[Gen 9] OU
|rated|
|rule|HP Percentage Mod: HP is shown in percentages
|rule|Endless Battle Clause: Forcing endless battles is banned
|rule|Species Clause: Limit one of each Pokémon
|rule|OHKO Clause: OHKO moves are banned
|rule|Evasion Items Clause: Evasion items are banned
|rule|Evasion Moves Clause: Evasion moves are banned
|rule|Evasion Abilities Clause: Evasion abilities are banned
|rule|Sleep Moves Clause: Sleep-inducing moves are banned
|clearpoke
|poke|p1|Hatterene, F|
|poke|p1|Dragonite, F|
|poke|p1|Breloom, M|
|poke|p1|Azumarill, F|
|poke|p1|Great Tusk|
|poke|p1|Skeledirge, F|
|poke|p2|Garchomp, F|
|poke|p2|Rillaboom, F|
|poke|p2|Iron Crown|
|poke|p2|Darkrai|
|poke|p2|Hatterene, F|
|poke|p2|Alomomola, F|
|teampreview
|inactive|Battle timer is ON: inactive players will automatically lose when time's up. (requested by elpets)
|
|t:|1760366472
|teamsize|p1|6
|teamsize|p2|6
|start
|switch|p1a: Azumarill|Azumarill, F|100/100
|switch|p2a: Rillaboom|Rillaboom, F|100/100
|-fieldstart|move: Grassy Terrain|[from] ability: Grassy Surge|[of] p2a: Rillaboom
|turn|1
|
|t:|1760366476
|move|p2a: Rillaboom|Wood Hammer|p1a: Azumarill
|-supereffective|p1a: Azumarill
|-damage|p1a: Azumarill|0 fnt
|faint|p1a: Azumarill
|-damage|p2a: Rillaboom|64/100|[from] Recoil
|
|-heal|p2a: Rillaboom|70/100|[from] Grassy Terrain
|upkeep
|
|t:|1760366479
|switch|p1a: Dragonite|Dragonite, F|100/100
|turn|2
|
|t:|1760366482
|switch|p2a: Hatterene|Hatterene, F|100/100
|move|p1a: Dragonite|Dragon Dance|p1a: Dragonite
|-boost|p1a: Dragonite|atk|1
|-boost|p1a: Dragonite|spe|1
|
|upkeep
|turn|3
|
|t:|1760366485
|switch|p1a: Skeledirge|Skeledirge, F|100/100
|move|p2a: Hatterene|Nuzzle|p1a: Skeledirge
|-damage|p1a: Skeledirge|98/100
|
|-heal|p1a: Skeledirge|100/100|[from] Grassy Terrain
|upkeep
|turn|4
|
|t:|1760366503
|switch|p2a: Alomomola|Alomomola, F|100/100
|move|p1a: Skeledirge|Shadow Ball|p2a: Alomomola
|-damage|p2a: Alomomola|86/100
|-unboost|p2a: Alomomola|spd|1
|
|-heal|p2a: Alomomola|92/100|[from] Grassy Terrain
|upkeep
|turn|5
|
|t:|1760366509
|move|p1a: Skeledirge|Torch Song|p2a: Alomomola
|-resisted|p2a: Alomomola
|-damage|p2a: Alomomola|85/100
|-boost|p1a: Skeledirge|spa|1
|move|p2a: Alomomola|Flip Turn|p1a: Skeledirge
|-supereffective|p1a: Skeledirge
|-damage|p1a: Skeledirge|80/100
|
|t:|1760366518
|switch|p2a: Darkrai|Darkrai|100/100|[from] Flip Turn
|
|-heal|p1a: Skeledirge|86/100|[from] Grassy Terrain
|-fieldend|move: Grassy Terrain
|upkeep
|turn|6
|
|t:|1760366539
|move|p2a: Darkrai|Dark Pulse|p1a: Skeledirge
|-supereffective|p1a: Skeledirge
|-damage|p1a: Skeledirge|0 fnt
|faint|p1a: Skeledirge
|
|upkeep
|
|t:|1760366544
|switch|p1a: Hatterene|Hatterene, F|100/100
|turn|7
|j| FaronAan
|
|t:|1760366548
|switch|p2a: Alomomola|Alomomola, F|100/100
|move|p1a: Hatterene|Draining Kiss|p2a: Alomomola
|-damage|p2a: Alomomola|86/100
|
|upkeep
|turn|8
|
|t:|1760366553
|move|p2a: Alomomola|Flip Turn|p1a: Hatterene
|-damage|p1a: Hatterene|84/100
|
|t:|1760366557
|switch|p2a: Iron Crown|Iron Crown|100/100|[from] Flip Turn
|move|p1a: Hatterene|Trick Room|p1a: Hatterene
|-fieldstart|move: Trick Room|[of] p1a: Hatterene
|
|-heal|p1a: Hatterene|89/100|[from] item: Leftovers
|upkeep
|turn|9
|
|t:|1760366559
|move|p1a: Hatterene|Mystical Fire|p2a: Iron Crown
|-supereffective|p2a: Iron Crown
|-damage|p2a: Iron Crown|46/100
|-unboost|p2a: Iron Crown|spa|1
|move|p2a: Iron Crown|Tachyon Cutter|p1a: Hatterene
|-supereffective|p1a: Hatterene
|-damage|p1a: Hatterene|40/100
|-supereffective|p1a: Hatterene
|-damage|p1a: Hatterene|0 fnt
|faint|p1a: Hatterene
|-hitcount|p1: Hatterene|2
|
|upkeep
|
|t:|1760366565
|switch|p1a: Ippo|Breloom, M|100/100
|turn|10
|
|t:|1760366570
|move|p1a: Ippo|Bullet Seed|p2a: Iron Crown
|-resisted|p2a: Iron Crown
|-damage|p2a: Iron Crown|34/100
|-resisted|p2a: Iron Crown
|-damage|p2a: Iron Crown|24/100
|-resisted|p2a: Iron Crown
|-damage|p2a: Iron Crown|13/100
|-hitcount|p2a: Iron Crown|3
|move|p2a: Iron Crown|Tachyon Cutter|p1a: Ippo
|-damage|p1a: Ippo|49/100
|-damage|p1a: Ippo|4/100
|-hitcount|p1a: Ippo|2
|
|upkeep
|turn|11
|
|t:|1760366584
|move|p1a: Ippo|Bullet Seed|p2a: Iron Crown
|-resisted|p2a: Iron Crown
|-damage|p2a: Iron Crown|2/100
|-resisted|p2a: Iron Crown
|-damage|p2a: Iron Crown|0 fnt
|faint|p2a: Iron Crown
|-end|p2a: Iron Crown|Quark Drive|[silent]
|-hitcount|p2: Iron Crown|2
|
|upkeep
|
|t:|1760366585
|switch|p2a: Alomomola|Alomomola, F|100/100
|turn|12
|
|t:|1760366587
|move|p2a: Alomomola|Aqua Jet|p1a: Ippo
|-resisted|p1a: Ippo
|-crit|p1a: Ippo
|-damage|p1a: Ippo|0 fnt
|faint|p1a: Ippo
|
|-fieldend|move: Trick Room
|upkeep
|
|t:|1760366590
|switch|p1a: Dragonite|Dragonite, F|100/100
|turn|13
|
|t:|1760366593
|move|p1a: Dragonite|Dragon Dance|p1a: Dragonite
|-boost|p1a: Dragonite|atk|1
|-boost|p1a: Dragonite|spe|1
|move|p2a: Alomomola|Flip Turn|p1a: Dragonite
|-resisted|p1a: Dragonite
|-damage|p1a: Dragonite|96/100
|
|t:|1760366595
|switch|p2a: Hatterene|Hatterene, F|100/100|[from] Flip Turn
|
|upkeep
|turn|14
|
|t:|1760366600
|-terastallize|p1a: Dragonite|Fire
|move|p1a: Dragonite|Dragon Dance|p1a: Dragonite
|-boost|p1a: Dragonite|atk|1
|-boost|p1a: Dragonite|spe|1
|move|p2a: Hatterene|Nuzzle|p1a: Dragonite
|-damage|p1a: Dragonite|92/100
|-status|p1a: Dragonite|par
|-enditem|p1a: Dragonite|Lum Berry|[eat]
|-curestatus|p1a: Dragonite|par|[msg]
|
|upkeep
|turn|15
|
|t:|1760366603
|move|p1a: Dragonite|Fire Punch|p2a: Hatterene
|-damage|p2a: Hatterene|38/100
|move|p2a: Hatterene|Nuzzle|p1a: Dragonite
|-damage|p1a: Dragonite|87/100
|-status|p1a: Dragonite|par
|
|-heal|p2a: Hatterene|44/100|[from] item: Leftovers
|upkeep
|turn|16
|
|t:|1760366607
|move|p1a: Dragonite|Dragon Dance|p1a: Dragonite
|-boost|p1a: Dragonite|atk|1
|-boost|p1a: Dragonite|spe|1
|move|p2a: Hatterene|Pain Split|p1a: Dragonite
|-sethp|p1a: Dragonite|65/100 par|[from] move: Pain Split|[silent]
|-sethp|p2a: Hatterene|66/100|[from] move: Pain Split
|
|-heal|p2a: Hatterene|72/100|[from] item: Leftovers
|upkeep
|turn|17
|
|t:|1760366614
|cant|p1a: Dragonite|par
|move|p2a: Hatterene|Psychic Noise|p1a: Dragonite
|-damage|p1a: Dragonite|27/100 par
|-start|p1a: Dragonite|move: Heal Block
|
|-heal|p2a: Hatterene|78/100|[from] item: Leftovers
|upkeep
|turn|18
|
|t:|1760366616
|move|p1a: Dragonite|Fire Punch|p2a: Hatterene
|-damage|p2a: Hatterene|0 fnt
|faint|p2a: Hatterene
|
|-end|p1a: Dragonite|move: Heal Block
|upkeep
|
|t:|1760366625
|switch|p2a: Darkrai|Darkrai|100/100
|turn|19
|
|t:|1760366626
|move|p2a: Darkrai|Dark Pulse|p1a: Dragonite
|-damage|p1a: Dragonite|0 fnt
|faint|p1a: Dragonite
|
|upkeep
|
|t:|1760366630
|switch|p1a: Great Tusk|Great Tusk|100/100
|-enditem|p1a: Great Tusk|Booster Energy
|-activate|p1a: Great Tusk|ability: Protosynthesis|[fromitem]
|-start|p1a: Great Tusk|protosynthesisatk
|turn|20
|
|t:|1760366632
|move|p2a: Darkrai|Ice Beam|p1a: Great Tusk
|-supereffective|p1a: Great Tusk
|-damage|p1a: Great Tusk|9/100
|move|p1a: Great Tusk|Rapid Spin|p2a: Darkrai
|-damage|p2a: Darkrai|72/100
|-boost|p1a: Great Tusk|spe|1
|
|-heal|p2a: Darkrai|78/100|[from] item: Leftovers
|upkeep
|turn|21
|
|t:|1760366637
|switch|p2a: Garchomp|Garchomp, F|100/100
|move|p1a: Great Tusk|Headlong Rush|p2a: Garchomp
|-damage|p2a: Garchomp|46/100
|-unboost|p1a: Great Tusk|def|1
|-unboost|p1a: Great Tusk|spd|1
|-damage|p1a: Great Tusk|0 fnt|[from] ability: Rough Skin|[of] p2a: Garchomp
|faint|p1a: Great Tusk
|-end|p1a: Great Tusk|Protosynthesis|[silent]
|
|win|torvik en place
|raw|elpets's rating: 1760 &rarr; <strong>1740</strong><br />(-20 for losing)
|raw|torvik en place's rating: 1760 &rarr; <strong>1780</strong><br />(+20 for winning)
|l|☆elpets
|player|p1|
|l|☆torvik en place
|player|p2|
|l| FaronAan
