|j|☆Rachel_GardnerXI
|j|☆RocketGruntLudwig
|t:|1760413562
|gametype|singles
|player|p1|Rachel_GardnerXI|lady-gen4|1265
|player|p2|RocketGruntLudwig|rocketgrunt|1283
|gen|9
|tier|[Gen 9] OU
|rated|
|rule|HP Percentage Mod: HP is shown in percentages
|rule|Endless Battle Clause: Forcing endless battles is banned
|rule|Species Clause: Limit one of each Pokémon
|rule|OHKO Clause: OHKO moves are banned
|rule|Evasion Items Clause: Evasion items are banned
|rule|Evasion Moves Clause: Evasion moves are banned
|rule|Evasion Abilities Clause: Evasion abilities are banned
|rule|Sleep Moves Clause: Sleep-inducing moves are banned
|clearpoke
|poke|p1|Iron Crown|
|poke|p1|Corviknight, F|
|poke|p1|Cinderace, M|
|poke|p1|Ting-Lu|
|poke|p1|Porygon2|
|poke|p1|Ogerpon-Wellspring, F|
|poke|p2|Ting-Lu|
|poke|p2|Gholdengo|
|poke|p2|Ribombee, F|
|poke|p2|Zoroark, M|
|poke|p2|Garganacl, M|
|poke|p2|Glimmora, F|
|teampreview
|
|t:|1760413587
|teamsize|p1|6
|teamsize|p2|6
|start
|switch|p1a: Cinderace|Cinderace, M|100/100
|switch|p2a: Vi|Ribombee, F|100/100
|turn|1
|
|t:|1760413602
|move|p1a: Cinderace|Pyro Ball|p2a: Vi
|-damage|p2a: Vi|0 fnt
|replace|p2a: /j th|Zoroark, M
|-end|p2a: /j th|Illusion
|faint|p2a: /j th
|-damage|p1a: Cinderace|91/100|[from] item: Life Orb
|
|upkeep
|c|☆RocketGruntLudwig|....oh.
|c|☆RocketGruntLudwig|um
|c|☆RocketGruntLudwig|eep
|
|t:|1760413613
|switch|p2a: Glimm|Glimmora, F|100/100
|turn|2
|
|t:|1760413619
|move|p1a: Cinderace|High Jump Kick|p2a: Glimm|[miss]
|-start|p1a: Cinderace|typechange|Fighting|[from] ability: Libero
|-miss|p1a: Cinderace|p2a: Glimm
|-damage|p1a: Cinderace|41/100|[from] highjumpkick
|move|p2a: Glimm|Toxic Spikes|p1a: Cinderace
|-sidestart|p1: Rachel_GardnerXI|move: Toxic Spikes
|
|upkeep
|turn|3
|c|☆Rachel_GardnerXI|Bruh
|
|t:|1760413629
|move|p1a: Cinderace|High Jump Kick|p2a: Glimm
|-damage|p2a: Glimm|22/100
|-activate|p2a: Glimm|ability: Toxic Debris
|-sidestart|p1: Rachel_GardnerXI|move: Toxic Spikes
|-damage|p1a: Cinderace|31/100|[from] item: Life Orb
|move|p2a: Glimm|Mortal Spin|p1a: Cinderace
|-damage|p1a: Cinderace|22/100
|-status|p1a: Cinderace|psn
|
|-damage|p1a: Cinderace|9/100 psn|[from] psn
|upkeep
|turn|4
|
|t:|1760413637
|switch|p2a: Crapitalism|Gholdengo|100/100
|move|p1a: Cinderace|Pyro Ball|p2a: Crapitalism
|-supereffective|p2a: Crapitalism
|-damage|p2a: Crapitalism|2/100
|-damage|p1a: Cinderace|0 fnt|[from] item: Life Orb
|faint|p1a: Cinderace
|
|-heal|p2a: Crapitalism|8/100|[from] item: Leftovers
|upkeep
|c|☆RocketGruntLudwig|OW
|c|☆RocketGruntLudwig|OWWW
|c|☆RocketGruntLudwig|:(
|
|t:|1760413646
|switch|p1a: Corviknight|Corviknight, F|100/100
|turn|5
|
|t:|1760413649
|move|p2a: Crapitalism|Recover|p2a: Crapitalism
|-heal|p2a: Crapitalism|58/100
|move|p1a: Corviknight|Defog|p2a: Crapitalism
|-immune|p2a: Crapitalism|[from] ability: Good as Gold
|
|-heal|p2a: Crapitalism|64/100|[from] item: Leftovers
|upkeep
|turn|6
|
|t:|1760413658
|move|p2a: Crapitalism|Thunder Wave|p1a: Corviknight
|-status|p1a: Corviknight|par
|move|p1a: Corviknight|U-turn|p2a: Crapitalism
|-resisted|p2a: Crapitalism
|-damage|p2a: Crapitalism|60/100
|
|t:|1760413665
|switch|p1a: Ting-Lu|Ting-Lu|100/100|[from] U-turn
|-status|p1a: Ting-Lu|tox
|-ability|p1a: Ting-Lu|Vessel of Ruin
|
|-heal|p2a: Crapitalism|66/100|[from] item: Leftovers
|-damage|p1a: Ting-Lu|94/100 tox|[from] psn
|upkeep
|turn|7
|
|t:|1760413672
|switch|p2a: Vi|Ribombee, F|100/100
|move|p1a: Ting-Lu|Ruination|p2a: Vi
|-damage|p2a: Vi|50/100
|
|-damage|p1a: Ting-Lu|82/100 tox|[from] psn
|upkeep
|turn|8
|
|t:|1760413680
|-terastallize|p1a: Ting-Lu|Ghost
|move|p2a: Vi|Sticky Web|p1a: Ting-Lu
|-sidestart|p1: Rachel_GardnerXI|move: Sticky Web
|move|p1a: Ting-Lu|Ruination|p2a: Vi
|-damage|p2a: Vi|26/100
|
|-damage|p1a: Ting-Lu|63/100 tox|[from] psn
|upkeep
|turn|9
|
|t:|1760413695
|move|p2a: Vi|Psychic Noise|p1a: Ting-Lu
|-damage|p1a: Ting-Lu|55/100 tox
|-start|p1a: Ting-Lu|move: Heal Block
|move|p1a: Ting-Lu|Earthquake|p2a: Vi
|-resisted|p2a: Vi
|-damage|p2a: Vi|0 fnt
|faint|p2a: Vi
|
|-damage|p1a: Ting-Lu|30/100 tox|[from] psn
|upkeep
|
|t:|1760413698
|switch|p2a: Ling-2|Ting-Lu|100/100
|-ability|p2a: Ling-2|Vessel of Ruin
|turn|10
|
|t:|1760413701
|move|p2a: Ling-2|Spikes|p1a: Ting-Lu
|-sidestart|p1: Rachel_GardnerXI|Spikes
|move|p1a: Ting-Lu|Ruination|p2a: Ling-2
|-damage|p2a: Ling-2|50/100
|
|-heal|p2a: Ling-2|57/100|[from] item: Leftovers
|-damage|p1a: Ting-Lu|0 fnt|[from] psn
|faint|p1a: Ting-Lu
|upkeep
|
|t:|1760413706
|switch|p1a: Corviknight|Corviknight, F|100/100 par
|turn|11
|
|t:|1760413713
|switch|p2a: Crapitalism|Gholdengo|66/100
|move|p1a: Corviknight|U-turn|p2a: Crapitalism
|-resisted|p2a: Crapitalism
|-damage|p2a: Crapitalism|63/100
|
|t:|1760413724
|switch|p1a: Porygon2|Porygon2|100/100|[from] U-turn
|-status|p1a: Porygon2|tox
|-activate|p1a: Porygon2|move: Sticky Web
|-unboost|p1a: Porygon2|spe|1
|-damage|p1a: Porygon2|88/100 tox|[from] Spikes
|-ability|p1a: Porygon2|Download|boost
|-boost|p1a: Porygon2|spa|1
|
|-heal|p2a: Crapitalism|69/100|[from] item: Leftovers
|-damage|p1a: Porygon2|82/100 tox|[from] psn
|upkeep
|turn|12
|
|t:|1760413728
|move|p2a: Crapitalism|Make It Rain|p1a: Porygon2
|-damage|p1a: Porygon2|50/100 tox
|-unboost|p2a: Crapitalism|spa|1
|move|p1a: Porygon2|Thunder Wave|p2a: Crapitalism
|-immune|p2a: Crapitalism|[from] ability: Good as Gold
|
|-heal|p2a: Crapitalism|75/100|[from] item: Leftovers
|-damage|p1a: Porygon2|38/100 tox|[from] psn
|upkeep
|turn|13
|
|t:|1760413735
|switch|p2a: Salt DK|Garganacl, M|100/100
|move|p1a: Porygon2|Recover|p1a: Porygon2
|-heal|p1a: Porygon2|88/100 tox
|
|-damage|p1a: Porygon2|69/100 tox|[from] psn
|upkeep
|turn|14
|
|t:|1760413745
|move|p2a: Salt DK|Salt Cure|p1a: Porygon2
|-damage|p1a: Porygon2|60/100 tox
|-start|p1a: Porygon2|Salt Cure
|move|p1a: Porygon2|Thunderbolt|p2a: Salt DK
|-damage|p2a: Salt DK|80/100
|
|-heal|p2a: Salt DK|86/100|[from] item: Leftovers
|-damage|p1a: Porygon2|36/100 tox|[from] psn
|-damage|p1a: Porygon2|23/100 tox|[from] Salt Cure
|upkeep
|turn|15
|
|t:|1760413749
|move|p2a: Salt DK|Salt Cure|p1a: Porygon2
|-damage|p1a: Porygon2|13/100 tox
|move|p1a: Porygon2|Tri Attack|p2a: Salt DK
|-resisted|p2a: Salt DK
|-damage|p2a: Salt DK|72/100
|
|-heal|p2a: Salt DK|78/100|[from] item: Leftovers
|-damage|p1a: Porygon2|0 fnt|[from] psn
|faint|p1a: Porygon2
|upkeep
|
|t:|1760413756
|switch|p1a: Iron Crown|Iron Crown|100/100
|-activate|p1a: Iron Crown|move: Sticky Web
|-unboost|p1a: Iron Crown|spe|1
|-damage|p1a: Iron Crown|88/100|[from] Spikes
|turn|16
|
|t:|1760413764
|switch|p2a: Glimm|Glimmora, F|22/100
|move|p1a: Iron Crown|Tachyon Cutter|p2a: Glimm
|-supereffective|p2a: Glimm
|-damage|p2a: Glimm|0 fnt
|faint|p2a: Glimm
|-hitcount|p2: Glimm|1
|
|upkeep
|
|t:|1760413767
|switch|p2a: Crapitalism|Gholdengo|75/100
|turn|17
|
|t:|1760413776
|move|p1a: Iron Crown|Tachyon Cutter|p2a: Crapitalism
|-resisted|p2a: Crapitalism
|-damage|p2a: Crapitalism|55/100
|-resisted|p2a: Crapitalism
|-damage|p2a: Crapitalism|37/100
|-hitcount|p2a: Crapitalism|2
|move|p2a: Crapitalism|Thunder Wave|p1a: Iron Crown
|-status|p1a: Iron Crown|par
|
|-heal|p2a: Crapitalism|43/100|[from] item: Leftovers
|upkeep
|turn|18
|
|t:|1760413784
|move|p2a: Crapitalism|Recover|p2a: Crapitalism
|-heal|p2a: Crapitalism|93/100
|move|p1a: Iron Crown|Tachyon Cutter|p2a: Crapitalism
|-resisted|p2a: Crapitalism
|-crit|p2a: Crapitalism
|-damage|p2a: Crapitalism|67/100
|-resisted|p2a: Crapitalism
|-damage|p2a: Crapitalism|48/100
|-hitcount|p2a: Crapitalism|2
|
|-heal|p2a: Crapitalism|54/100|[from] item: Leftovers
|upkeep
|turn|19
|
|t:|1760413791
|move|p2a: Crapitalism|Shadow Ball|p1a: Iron Crown
|-supereffective|p1a: Iron Crown
|-damage|p1a: Iron Crown|0 fnt
|faint|p1a: Iron Crown
|-end|p1a: Iron Crown|Quark Drive|[silent]
|
|-heal|p2a: Crapitalism|61/100|[from] item: Leftovers
|upkeep
|
|t:|1760413794
|switch|p1a: Ogerpon|Ogerpon-Wellspring, F|100/100
|-status|p1a: Ogerpon|tox
|-activate|p1a: Ogerpon|move: Sticky Web
|-unboost|p1a: Ogerpon|spe|1
|-damage|p1a: Ogerpon|88/100 tox|[from] Spikes
|turn|20
|
|t:|1760413805
|move|p1a: Ogerpon|Knock Off|p2a: Crapitalism
|-supereffective|p2a: Crapitalism
|-crit|p2a: Crapitalism
|-damage|p2a: Crapitalism|0 fnt
|-enditem|p2a: Crapitalism|Leftovers|[from] move: Knock Off|[of] p1a: Ogerpon
|faint|p2a: Crapitalism
|
|-damage|p1a: Ogerpon|82/100 tox|[from] psn
|upkeep
|
|t:|1760413808
|switch|p2a: Ling-2|Ting-Lu|57/100
|-ability|p2a: Ling-2|Vessel of Ruin
|turn|21
|
|t:|1760413811
|switch|p1a: Corviknight|Corviknight, F|100/100 par
|move|p2a: Ling-2|Spikes|p1a: Corviknight
|-sidestart|p1: Rachel_GardnerXI|Spikes
|
|-heal|p2a: Ling-2|63/100|[from] item: Leftovers
|upkeep
|turn|22
|
|t:|1760413815
|move|p1a: Corviknight|Defog|p2a: Ling-2
|-unboost|p2a: Ling-2|evasion|1
|-sideend|p1: Rachel_GardnerXI|Spikes|[from] move: Defog|[of] p1a: Corviknight
|-sideend|p1: Rachel_GardnerXI|Toxic Spikes|[from] move: Defog|[of] p1a: Corviknight
|-sideend|p1: Rachel_GardnerXI|Sticky Web|[from] move: Defog|[of] p1a: Corviknight
|move|p2a: Ling-2|Whirlwind|p1a: Corviknight
|drag|p1a: Ogerpon|Ogerpon-Wellspring, F|82/100 tox
|
|-heal|p2a: Ling-2|69/100|[from] item: Leftovers
|-damage|p1a: Ogerpon|76/100 tox|[from] psn
|upkeep
|turn|23
|c|☆RocketGruntLudwig|noooooo
|
|t:|1760413825
|move|p2a: Ling-2|Protect|p2a: Ling-2
|-singleturn|p2a: Ling-2|Protect
|move|p1a: Ogerpon|Ivy Cudgel|p2a: Ling-2|[anim] Ivy Cudgel Water
|-activate|p2a: Ling-2|move: Protect
|
|-heal|p2a: Ling-2|75/100|[from] item: Leftovers
|-damage|p1a: Ogerpon|64/100 tox|[from] psn
|upkeep
|turn|24
|
|t:|1760413830
|-terastallize|p2a: Ling-2|Dark
|move|p1a: Ogerpon|Ivy Cudgel|p2a: Ling-2|[anim] Ivy Cudgel Water
|-damage|p2a: Ling-2|49/100
|move|p2a: Ling-2|Ruination|p1a: Ogerpon
|-damage|p1a: Ogerpon|32/100 tox
|
|-heal|p2a: Ling-2|55/100|[from] item: Leftovers
|-damage|p1a: Ogerpon|14/100 tox|[from] psn
|upkeep
|turn|25
|
|t:|1760413838
|switch|p1a: Corviknight|Corviknight, F|100/100 par
|move|p2a: Ling-2|Protect||[still]
|-fail|p2a: Ling-2
|
|-heal|p2a: Ling-2|61/100|[from] item: Leftovers
|upkeep
|turn|26
|
|t:|1760413843
|move|p2a: Ling-2|Spikes|p1a: Corviknight
|-sidestart|p1: Rachel_GardnerXI|Spikes
|move|p1a: Corviknight|Body Press|p2a: Ling-2
|-supereffective|p2a: Ling-2
|-damage|p2a: Ling-2|43/100
|
|-heal|p2a: Ling-2|49/100|[from] item: Leftovers
|upkeep
|turn|27
|
|t:|1760413848
|move|p2a: Ling-2|Spikes|p1a: Corviknight
|-sidestart|p1: Rachel_GardnerXI|Spikes
|move|p1a: Corviknight|Body Press|p2a: Ling-2
|-supereffective|p2a: Ling-2
|-damage|p2a: Ling-2|28/100
|
|-heal|p2a: Ling-2|34/100|[from] item: Leftovers
|upkeep
|turn|28
|
|t:|1760413851
|cant|p1a: Corviknight|par
|move|p2a: Ling-2|Whirlwind|p1a: Corviknight
|drag|p1a: Ogerpon|Ogerpon-Wellspring, F|14/100 tox
|-damage|p1a: Ogerpon|0 fnt|[from] Spikes
|faint|p1a: Ogerpon
|
|-heal|p2a: Ling-2|41/100|[from] item: Leftovers
|upkeep
|
|t:|1760413854
|switch|p1a: Corviknight|Corviknight, F|100/100 par
|turn|29
|
|t:|1760413855
|move|p2a: Ling-2|Spikes|p1a: Corviknight
|-sidestart|p1: Rachel_GardnerXI|Spikes
|move|p1a: Corviknight|Defog|p2a: Ling-2
|-unboost|p2a: Ling-2|evasion|1
|-sideend|p1: Rachel_GardnerXI|Spikes|[from] move: Defog|[of] p1a: Corviknight
|
|-heal|p2a: Ling-2|47/100|[from] item: Leftovers
|upkeep
|turn|30
|
|t:|1760413858
|move|p2a: Ling-2|Ruination|p1a: Corviknight
|-damage|p1a: Corviknight|50/100 par
|move|p1a: Corviknight|Body Press|p2a: Ling-2
|-supereffective|p2a: Ling-2
|-damage|p2a: Ling-2|29/100
|
|-heal|p2a: Ling-2|35/100|[from] item: Leftovers
|upkeep
|turn|31
|
|t:|1760413863
|move|p2a: Ling-2|Protect|p2a: Ling-2
|-singleturn|p2a: Ling-2|Protect
|move|p1a: Corviknight|Roost|p1a: Corviknight
|-heal|p1a: Corviknight|100/100 par
|-singleturn|p1a: Corviknight|move: Roost
|
|-heal|p2a: Ling-2|41/100|[from] item: Leftovers
|upkeep
|turn|32
|
|t:|1760413869
|move|p2a: Ling-2|Ruination|p1a: Corviknight
|-damage|p1a: Corviknight|50/100 par
|cant|p1a: Corviknight|par
|
|-heal|p2a: Ling-2|47/100|[from] item: Leftovers
|upkeep
|turn|33
|
|t:|1760413873
|switch|p2a: Salt DK|Garganacl, M|78/100
|move|p1a: Corviknight|Body Press|p2a: Salt DK
|-supereffective|p2a: Salt DK
|-damage|p2a: Salt DK|44/100
|
|-heal|p2a: Salt DK|50/100|[from] item: Leftovers
|upkeep
|turn|34
|
|t:|1760413878
|move|p2a: Salt DK|Salt Cure|p1a: Corviknight
|-damage|p1a: Corviknight|41/100 par
|-start|p1a: Corviknight|Salt Cure
|move|p1a: Corviknight|Roost|p1a: Corviknight
|-heal|p1a: Corviknight|91/100 par
|-singleturn|p1a: Corviknight|move: Roost
|
|-heal|p2a: Salt DK|57/100|[from] item: Leftovers
|-damage|p1a: Corviknight|66/100 par|[from] Salt Cure
|upkeep
|turn|35
|
|t:|1760413884
|move|p2a: Salt DK|Protect|p2a: Salt DK
|-singleturn|p2a: Salt DK|Protect
|move|p1a: Corviknight|Body Press|p2a: Salt DK
|-activate|p2a: Salt DK|move: Protect
|
|-heal|p2a: Salt DK|63/100|[from] item: Leftovers
|-damage|p1a: Corviknight|41/100 par|[from] Salt Cure
|upkeep
|turn|36
|
|t:|1760413888
|switch|p2a: Ling-2|Ting-Lu, tera:Dark|47/100
|-ability|p2a: Ling-2|Vessel of Ruin
|move|p1a: Corviknight|Body Press|p2a: Ling-2
|-supereffective|p2a: Ling-2
|-damage|p2a: Ling-2|28/100
|
|-heal|p2a: Ling-2|34/100|[from] item: Leftovers
|-damage|p1a: Corviknight|16/100 par|[from] Salt Cure
|upkeep
|turn|37
|
|t:|1760413890
|move|p2a: Ling-2|Ruination|p1a: Corviknight
|-damage|p1a: Corviknight|8/100 par
|move|p1a: Corviknight|Roost|p1a: Corviknight
|-heal|p1a: Corviknight|58/100 par
|-singleturn|p1a: Corviknight|move: Roost
|
|-heal|p2a: Ling-2|40/100|[from] item: Leftovers
|-damage|p1a: Corviknight|33/100 par|[from] Salt Cure
|upkeep
|turn|38
|
|t:|1760413894
|move|p2a: Ling-2|Spikes|p1a: Corviknight
|-sidestart|p1: Rachel_GardnerXI|Spikes
|move|p1a: Corviknight|Roost|p1a: Corviknight
|-heal|p1a: Corviknight|83/100 par
|-singleturn|p1a: Corviknight|move: Roost
|
|-heal|p2a: Ling-2|47/100|[from] item: Leftovers
|-damage|p1a: Corviknight|59/100 par|[from] Salt Cure
|upkeep
|turn|39
|
|t:|1760413896
|move|p2a: Ling-2|Ruination|p1a: Corviknight
|-damage|p1a: Corviknight|30/100 par
|move|p1a: Corviknight|Body Press|p2a: Ling-2
|-supereffective|p2a: Ling-2
|-damage|p2a: Ling-2|26/100
|
|-heal|p2a: Ling-2|33/100|[from] item: Leftovers
|-damage|p1a: Corviknight|5/100 par|[from] Salt Cure
|upkeep
|turn|40
|
|t:|1760413903
|move|p2a: Ling-2|Protect|p2a: Ling-2
|-singleturn|p2a: Ling-2|Protect
|cant|p1a: Corviknight|par
|
|-heal|p2a: Ling-2|39/100|[from] item: Leftovers
|-damage|p1a: Corviknight|0 fnt|[from] Salt Cure
|faint|p1a: Corviknight
|
|win|RocketGruntLudwig
|raw|Rachel_GardnerXI's rating: 1265 &rarr; <strong>1241</strong><br />(-24 for losing)
|raw|RocketGruntLudwig's rating: 1283 &rarr; <strong>1307</strong><br />(+24 for winning)
|c|☆RocketGruntLudwig|gg...?
|l|☆Rachel_GardnerXI
|player|p1|
|c|☆RocketGruntLudwig|!code
|c|☆RocketGruntLudwig|/raw <div class="infobox"><code style="white-space: pre-wrap; display: table; tab-size: 3">I&apos;m just preparing for the next game! - Mistoki<br />Use a status move that successfully sets hazards when your opponent only has one Pokémon left.</code></div>
|c|☆RocketGruntLudwig|Got Turn 38
