|j|☆Jinx Havoc
|j|☆Zanude-dada
|t:|1760314424
|gametype|singles
|player|p1|Jinx Havoc|rocketgruntf|1315
|player|p2|Zanude-dada|harlequin|1350
|gen|9
|tier|[Gen 9] OU
|rated|
|rule|HP Percentage Mod: HP is shown in percentages
|rule|Endless Battle Clause: Forcing endless battles is banned
|rule|Species Clause: Limit one of each Pokémon
|rule|OHKO Clause: OHKO moves are banned
|rule|Evasion Items Clause: Evasion items are banned
|rule|Evasion Moves Clause: Evasion moves are banned
|rule|Evasion Abilities Clause: Evasion abilities are banned
|rule|Sleep Moves Clause: Sleep-inducing moves are banned
|clearpoke
|poke|p1|Crawdaunt, F|
|poke|p1|Rhyperior, F|
|poke|p1|Dragalge, F|
|poke|p1|Porygon2|
|poke|p1|Gengar, F|
|poke|p1|Dusclops, F|
|poke|p2|Heatran, M|
|poke|p2|Great Tusk|
|poke|p2|Hatterene, F|
|poke|p2|Zapdos|
|poke|p2|Glimmora, M|
|poke|p2|Kyurem|
|teampreview
|inactive|Battle timer is ON: inactive players will automatically lose when time's up. (requested by Jinx Havoc)
|
|t:|1760314450
|teamsize|p1|6
|teamsize|p2|6
|start
|switch|p1a: Rhyperior|Rhyperior, F|100/100
|switch|p2a: Rollup|Great Tusk, shiny|100/100
|turn|1
|
|t:|1760314458
|move|p2a: Rollup|Headlong Rush|p1a: Rhyperior
|-supereffective|p1a: Rhyperior
|-damage|p1a: Rhyperior|49/100
|-unboost|p2a: Rollup|def|1
|-unboost|p2a: Rollup|spd|1
|-damage|p2a: Rollup|84/100|[from] item: Rocky Helmet|[of] p1a: Rhyperior
|move|p1a: Rhyperior|Dragon Tail|p2a: Rollup
|-damage|p2a: Rollup|62/100
|-end|p2a: Rollup|Protosynthesis|[silent]
|drag|p2a: Frigid|Kyurem, shiny|100/100
|-ability|p2a: Frigid|Pressure
|
|upkeep
|turn|2
|
|t:|1760314473
|switch|p1a: Dusclops|Dusclops, F, shiny|100/100
|-ability|p1a: Dusclops|Pressure
|move|p2a: Frigid|Icicle Spear|p1a: Dusclops
|-damage|p1a: Dusclops|92/100
|-damage|p1a: Dusclops|84/100
|-damage|p1a: Dusclops|75/100
|-damage|p1a: Dusclops|66/100
|-damage|p1a: Dusclops|59/100
|-hitcount|p1a: Dusclops|5
|
|upkeep
|turn|3
|
|t:|1760314483
|move|p2a: Frigid|Dragon Dance|p2a: Frigid
|-boost|p2a: Frigid|atk|1
|-boost|p2a: Frigid|spe|1
|move|p1a: Dusclops|Trick Room|p1a: Dusclops
|-fieldstart|move: Trick Room|[of] p1a: Dusclops
|
|upkeep
|turn|4
|
|t:|1760314487
|-terastallize|p2a: Frigid|Fire
|move|p1a: Dusclops|Will-O-Wisp|p2a: Frigid
|-immune|p2a: Frigid
|move|p2a: Frigid|Dragon Dance|p2a: Frigid
|-boost|p2a: Frigid|atk|1
|-boost|p2a: Frigid|spe|1
|
|upkeep
|turn|5
|
|t:|1760314492
|move|p1a: Dusclops|Pain Split|p2a: Frigid
|-sethp|p2a: Frigid|72/100|[from] move: Pain Split|[silent]
|-sethp|p1a: Dusclops|98/100|[from] move: Pain Split
|move|p2a: Frigid|Scale Shot|p1a: Dusclops
|-crit|p1a: Dusclops
|-damage|p1a: Dusclops|71/100
|-damage|p1a: Dusclops|55/100
|-damage|p1a: Dusclops|39/100
|-damage|p1a: Dusclops|24/100
|-damage|p1a: Dusclops|6/100
|-hitcount|p1a: Dusclops|5
|-unboost|p2a: Frigid|def|1
|-boost|p2a: Frigid|spe|1
|
|upkeep
|turn|6
|
|t:|1760314499
|move|p1a: Dusclops|Pain Split|p2a: Frigid
|-sethp|p2a: Frigid|38/100|[from] move: Pain Split|[silent]
|-sethp|p1a: Dusclops|52/100|[from] move: Pain Split
|move|p2a: Frigid|Tera Blast|p1a: Dusclops|[anim] Tera Blast Fire
|-damage|p1a: Dusclops|0 fnt
|faint|p1a: Dusclops
|
|upkeep
|
|t:|1760314503
|switch|p1a: Rhyperior|Rhyperior, F|49/100
|turn|7
|
|t:|1760314506
|move|p1a: Rhyperior|Rock Blast|p2a: Frigid
|-supereffective|p2a: Frigid
|-damage|p2a: Frigid|0 fnt
|faint|p2a: Frigid
|-hitcount|p2: Frigid|1
|
|-fieldend|move: Trick Room
|upkeep
|
|t:|1760314513
|switch|p2a: Rollup|Great Tusk, shiny|62/100
|turn|8
|
|t:|1760314520
|switch|p1a: Porygon2|Porygon2|100/100
|move|p2a: Rollup|Headlong Rush|p1a: Porygon2
|-damage|p1a: Porygon2|63/100
|-unboost|p2a: Rollup|def|1
|-unboost|p2a: Rollup|spd|1
|
|upkeep
|turn|9
|
|t:|1760314529
|-end|p2a: Rollup|Protosynthesis|[silent]
|switch|p2a: Smoke|Heatran, M, shiny|100/100
|-ability|p1a: Porygon2|Flash Fire|Trace|[from] ability: Trace|[of] p2a: Smoke
|switch|p1a: Gengar|Gengar, F|100/100
|
|upkeep
|turn|10
|
|t:|1760314539
|move|p1a: Gengar|Shadow Ball|p2a: Smoke
|-damage|p2a: Smoke|56/100
|move|p2a: Smoke|Magma Storm|p1a: Gengar
|-damage|p1a: Gengar|20/100
|-activate|p1a: Gengar|move: Magma Storm|[of] p2a: Smoke
|-start|p2a: Smoke|Disable|Magma Storm|[from] ability: Cursed Body|[of] p1a: Gengar
|
|-heal|p2a: Smoke|62/100|[from] item: Leftovers
|-damage|p1a: Gengar|8/100|[from] move: Magma Storm|[partiallytrapped]
|upkeep
|turn|11
|
|t:|1760314545
|move|p2a: Smoke|Stealth Rock|p1a: Gengar
|-sidestart|p1: Jinx Havoc|move: Stealth Rock
|move|p1a: Gengar|Trick Room|p1a: Gengar
|-fieldstart|move: Trick Room|[of] p1a: Gengar
|
|-heal|p2a: Smoke|68/100|[from] item: Leftovers
|-damage|p1a: Gengar|0 fnt|[from] move: Magma Storm|[partiallytrapped]
|faint|p1a: Gengar
|upkeep
|
|t:|1760314549
|switch|p1a: Rhyperior|Rhyperior, F|49/100
|-damage|p1a: Rhyperior|43/100|[from] Stealth Rock
|turn|12
|
|t:|1760314560
|switch|p2a: Zeus|Zapdos, shiny|100/100
|move|p1a: Rhyperior|Earthquake|p2a: Zeus
|-immune|p2a: Zeus
|
|upkeep
|turn|13
|
|t:|1760314565
|switch|p2a: Rollup|Great Tusk, shiny|62/100
|move|p1a: Rhyperior|Rock Blast|p2a: Rollup
|-resisted|p2a: Rollup
|-damage|p2a: Rollup|60/100
|-resisted|p2a: Rollup
|-damage|p2a: Rollup|57/100
|-hitcount|p2a: Rollup|2
|
|upkeep
|turn|14
|
|t:|1760314573
|move|p1a: Rhyperior|Earthquake|p2a: Rollup
|-damage|p2a: Rollup|19/100
|move|p2a: Rollup|Close Combat|p1a: Rhyperior
|-supereffective|p1a: Rhyperior
|-damage|p1a: Rhyperior|0 fnt
|-unboost|p2a: Rollup|def|1
|-unboost|p2a: Rollup|spd|1
|-damage|p2a: Rollup|2/100|[from] item: Rocky Helmet|[of] p1a: Rhyperior
|faint|p1a: Rhyperior
|
|upkeep
|
|t:|1760314580
|switch|p1a: Dragalge|Dragalge, F|100/100
|-damage|p1a: Dragalge|88/100|[from] Stealth Rock
|turn|15
|
|t:|1760314605
|-end|p2a: Rollup|Protosynthesis|[silent]
|switch|p2a: Zeus|Zapdos, shiny|100/100
|move|p1a: Dragalge|Flip Turn|p2a: Zeus
|-damage|p2a: Zeus|91/100
|-damage|p1a: Dragalge|78/100|[from] item: Life Orb
|
|t:|1760314616
|switch|p1a: Porygon2|Porygon2|63/100|[from] Flip Turn
|-damage|p1a: Porygon2|50/100|[from] Stealth Rock
|-ability|p1a: Porygon2|Static|Trace|[from] ability: Trace|[of] p2a: Zeus
|
|-fieldend|move: Trick Room
|upkeep
|turn|16
|
|t:|1760314620
|move|p2a: Zeus|Hurricane|p1a: Porygon2
|-damage|p1a: Porygon2|30/100
|move|p1a: Porygon2|Recover|p1a: Porygon2
|-heal|p1a: Porygon2|80/100
|
|upkeep
|turn|17
|
|t:|1760314623
|move|p2a: Zeus|U-turn|p1a: Porygon2
|-damage|p1a: Porygon2|72/100
|
|t:|1760314627
|switch|p2a: Smoke|Heatran, M, shiny|68/100|[from] U-turn
|move|p1a: Porygon2|Trick Room|p1a: Porygon2
|-fieldstart|move: Trick Room|[of] p1a: Porygon2
|
|-heal|p2a: Smoke|74/100|[from] item: Leftovers
|upkeep
|turn|18
|
|t:|1760314634
|switch|p1a: Crawdaunt|Crawdaunt, F|100/100
|-damage|p1a: Crawdaunt|88/100|[from] Stealth Rock
|move|p2a: Smoke|Magma Storm|p1a: Crawdaunt|[miss]
|-miss|p2a: Smoke|p1a: Crawdaunt
|
|-heal|p2a: Smoke|81/100|[from] item: Leftovers
|upkeep
|turn|19
|
|t:|1760314646
|move|p1a: Crawdaunt|Crabhammer|p2a: Smoke|[miss]
|-miss|p1a: Crawdaunt|p2a: Smoke
|move|p2a: Smoke|Taunt|p1a: Crawdaunt
|-start|p1a: Crawdaunt|move: Taunt
|
|-heal|p2a: Smoke|87/100|[from] item: Leftovers
|upkeep
|turn|20
|
|t:|1760314652
|move|p1a: Crawdaunt|Crabhammer|p2a: Smoke
|-supereffective|p2a: Smoke
|-crit|p2a: Smoke
|-damage|p2a: Smoke|0 fnt
|faint|p2a: Smoke
|-damage|p1a: Crawdaunt|78/100|[from] item: Life Orb
|
|upkeep
|
|t:|1760314659
|switch|p2a: Haterade|Hatterene, F, shiny|100/100
|turn|21
|
|t:|1760314664
|move|p2a: Haterade|Nuzzle|p1a: Crawdaunt
|-supereffective|p1a: Crawdaunt
|-damage|p1a: Crawdaunt|70/100
|-status|p1a: Crawdaunt|par
|move|p1a: Crawdaunt|Knock Off|p2a: Haterade
|-damage|p2a: Haterade|0 fnt
|-enditem|p2a: Haterade|Assault Vest|[from] move: Knock Off|[of] p1a: Crawdaunt
|faint|p2a: Haterade
|-damage|p1a: Crawdaunt|60/100 par|[from] item: Life Orb
|
|-fieldend|move: Trick Room
|upkeep
|
|t:|1760314667
|switch|p2a: Rollup|Great Tusk, shiny|2/100
|turn|22
|
|t:|1760314673
|-end|p2a: Rollup|Protosynthesis|[silent]
|switch|p2a: Zeus|Zapdos, shiny|91/100
|move|p1a: Crawdaunt|Aqua Jet|p2a: Zeus
|-damage|p2a: Zeus|66/100
|-damage|p1a: Crawdaunt|50/100 par|[from] item: Life Orb
|
|-end|p1a: Crawdaunt|move: Taunt
|upkeep
|turn|23
|
|t:|1760314676
|switch|p1a: Porygon2|Porygon2|72/100
|-damage|p1a: Porygon2|59/100|[from] Stealth Rock
|-ability|p1a: Porygon2|Static|Trace|[from] ability: Trace|[of] p2a: Zeus
|move|p2a: Zeus|Thunderbolt|p1a: Porygon2
|-damage|p1a: Porygon2|41/100
|-status|p1a: Porygon2|par
|
|upkeep
|turn|24
|
|t:|1760314682
|move|p2a: Zeus|Roost|p2a: Zeus
|-heal|p2a: Zeus|100/100
|-singleturn|p2a: Zeus|move: Roost
|move|p1a: Porygon2|Trick Room|p1a: Porygon2
|-fieldstart|move: Trick Room|[of] p1a: Porygon2
|
|upkeep
|turn|25
|
|t:|1760314688
|switch|p1a: Dragalge|Dragalge, F|78/100
|-damage|p1a: Dragalge|66/100|[from] Stealth Rock
|move|p2a: Zeus|Hurricane|p1a: Dragalge|[miss]
|-miss|p2a: Zeus|p1a: Dragalge
|
|upkeep
|turn|26
|
|t:|1760314694
|move|p1a: Dragalge|Sludge Wave|p2a: Zeus
|-damage|p2a: Zeus|22/100
|-damage|p1a: Dragalge|56/100|[from] item: Life Orb
|move|p2a: Zeus|Hurricane|p1a: Dragalge
|-damage|p1a: Dragalge|16/100
|
|upkeep
|turn|27
|
|t:|1760314721
|move|p1a: Dragalge|Draco Meteor|p2a: Zeus
|-damage|p2a: Zeus|0 fnt
|-unboost|p1a: Dragalge|spa|2
|faint|p2a: Zeus
|-damage|p1a: Dragalge|6/100|[from] item: Life Orb
|
|upkeep
|
|t:|1760314724
|switch|p2a: Ooze|Glimmora, M, shiny|100/100
|turn|28
|
|t:|1760314729
|move|p1a: Dragalge|Flip Turn|p2a: Ooze
|-supereffective|p2a: Ooze
|-damage|p2a: Ooze|68/100
|-activate|p2a: Ooze|ability: Toxic Debris
|-sidestart|p1: Jinx Havoc|move: Toxic Spikes
|-damage|p1a: Dragalge|0 fnt|[from] item: Life Orb
|faint|p1a: Dragalge
|move|p2a: Ooze|Meteor Beam||[still]
|-prepare|p2a: Ooze|Meteor Beam
|-boost|p2a: Ooze|spa|1
|-enditem|p2a: Ooze|Power Herb
|-anim|p2a: Ooze|Meteor Beam|p1: Dragalge|[notarget]
|-fail|p2a: Ooze
|
|-fieldend|move: Trick Room
|upkeep
|
|t:|1760314731
|switch|p1a: Porygon2|Porygon2|41/100 par
|-damage|p1a: Porygon2|29/100 par|[from] Stealth Rock
|-ability|p1a: Porygon2|Toxic Debris|Trace|[from] ability: Trace|[of] p2a: Ooze
|turn|29
|
|t:|1760314735
|move|p2a: Ooze|Earth Power|p1a: Porygon2
|-damage|p1a: Porygon2|5/100 par
|move|p1a: Porygon2|Trick Room|p1a: Porygon2
|-fieldstart|move: Trick Room|[of] p1a: Porygon2
|
|upkeep
|turn|30
|
|t:|1760314742
|move|p1a: Porygon2|Shadow Ball|p2a: Ooze
|-damage|p2a: Ooze|43/100
|move|p2a: Ooze|Mortal Spin|p1a: Porygon2
|-damage|p1a: Porygon2|1/100 par
|-activate|p1a: Porygon2|ability: Toxic Debris
|-sidestart|p2: Zanude-dada|move: Toxic Spikes
|-sideend|p2: Zanude-dada|Toxic Spikes|[from] move: Mortal Spin|[of] p2a: Ooze
|
|upkeep
|turn|31
|inactive|Zanude-dada has 120 seconds left.
|
|t:|1760314776
|move|p1a: Porygon2|Recover|p1a: Porygon2
|-heal|p1a: Porygon2|51/100 par
|move|p2a: Ooze|Earth Power|p1a: Porygon2
|-damage|p1a: Porygon2|28/100 par
|
|upkeep
|turn|32
|
|t:|1760314783
|move|p1a: Porygon2|Recover|p1a: Porygon2
|-heal|p1a: Porygon2|78/100 par
|move|p2a: Ooze|Meteor Beam||[still]
|-prepare|p2a: Ooze|Meteor Beam
|-boost|p2a: Ooze|spa|1
|
|upkeep
|turn|33
|
|t:|1760314792
|-terastallize|p1a: Porygon2|Ghost
|move|p1a: Porygon2|Shadow Ball|p2a: Ooze
|-damage|p2a: Ooze|5/100
|-unboost|p2a: Ooze|spd|1
|move|p2a: Ooze|Meteor Beam|p1a: Porygon2|[from] lockedmove
|-damage|p1a: Porygon2|15/100 par
|
|-fieldend|move: Trick Room
|upkeep
|turn|34
|
|t:|1760314798
|move|p2a: Ooze|Earth Power|p1a: Porygon2
|-damage|p1a: Porygon2|0 fnt
|faint|p1a: Porygon2
|
|upkeep
|
|t:|1760314799
|switch|p1a: Crawdaunt|Crawdaunt, F|50/100 par
|-damage|p1a: Crawdaunt|37/100 par|[from] Stealth Rock
|turn|35
|
|t:|1760314802
|cant|p1a: Crawdaunt|par
|move|p2a: Ooze|Meteor Beam||[still]
|-prepare|p2a: Ooze|Meteor Beam
|-boost|p2a: Ooze|spa|1
|
|upkeep
|turn|36
|
|t:|1760314804
|move|p1a: Crawdaunt|Aqua Jet|p2a: Ooze
|-supereffective|p2a: Ooze
|-damage|p2a: Ooze|0 fnt
|-activate|p2a: Ooze|ability: Toxic Debris
|-sidestart|p1: Jinx Havoc|move: Toxic Spikes
|faint|p2a: Ooze
|-damage|p1a: Crawdaunt|27/100 par|[from] item: Life Orb
|
|upkeep
|
|t:|1760314807
|switch|p2a: Rollup|Great Tusk, shiny|2/100
|turn|37
|
|t:|1760314809
|move|p1a: Crawdaunt|Aqua Jet|p2a: Rollup
|-supereffective|p2a: Rollup
|-damage|p2a: Rollup|0 fnt
|faint|p2a: Rollup
|-end|p2a: Rollup|Protosynthesis|[silent]
|-damage|p1a: Crawdaunt|17/100 par|[from] item: Life Orb
|
|win|Jinx Havoc
|raw|Jinx Havoc's rating: 1315 &rarr; <strong>1337</strong><br />(+22 for winning)
|raw|Zanude-dada's rating: 1350 &rarr; <strong>1328</strong><br />(-22 for losing)
|c|☆Zanude-dada|itrolled
|c|☆Zanude-dada|gg
|l|☆Zanude-dada
|player|p2|
|c|☆Jinx Havoc|was style
|c|☆Jinx Havoc|ggs
|l|☆Jinx Havoc
|player|p1|
