|j|☆forestkingmonkey
|j|☆DanteKyu
|t:|1760367250
|gametype|singles
|player|p1|forestkingmonkey|169|1241
|player|p2|DanteKyu|lance|1235
|gen|9
|tier|[Gen 9] OU
|rated|
|rule|HP Percentage Mod: HP is shown in percentages
|rule|Endless Battle Clause: Forcing endless battles is banned
|rule|Species Clause: Limit one of each Pokémon
|rule|OHKO Clause: OHKO moves are banned
|rule|Evasion Items Clause: Evasion items are banned
|rule|Evasion Moves Clause: Evasion moves are banned
|rule|Evasion Abilities Clause: Evasion abilities are banned
|rule|Sleep Moves Clause: Sleep-inducing moves are banned
|clearpoke
|poke|p1|Gyarados, M|
|poke|p1|Kilowattrel, F|
|poke|p1|Politoed, F|
|poke|p1|Clodsire, M|
|poke|p1|Dragonite, F|
|poke|p1|Floatzel, F|
|poke|p2|Chesnaught, M|
|poke|p2|Toxapex, M|
|poke|p2|Great Tusk|
|poke|p2|Hydreigon, F|
|poke|p2|Cinderace, M|
|poke|p2|Slowking, F|
|teampreview
|inactive|Battle timer is ON: inactive players will automatically lose when time's up. (requested by DanteKyu)
|
|t:|1760367260
|teamsize|p1|6
|teamsize|p2|6
|start
|switch|p1a: Politoed|Politoed, F|100/100
|switch|p2a: Cinderace|Cinderace, M|100/100
|-weather|RainDance|[from] ability: Drizzle|[of] p1a: Politoed
|turn|1
|
|t:|1760367269
|move|p2a: Cinderace|U-turn|p1a: Politoed
|-damage|p1a: Politoed|79/100
|
|t:|1760367278
|switch|p2a: Toxapex|Toxapex, M|100/100|[from] U-turn
|move|p1a: Politoed|Weather Ball|p2a: Toxapex
|-resisted|p2a: Toxapex
|-damage|p2a: Toxapex|82/100
|
|-weather|RainDance|[upkeep]
|upkeep
|turn|2
|
|t:|1760367288
|move|p1a: Politoed|Earth Power|p2a: Toxapex
|-supereffective|p2a: Toxapex
|-damage|p2a: Toxapex|50/100
|move|p2a: Toxapex|Infestation|p1a: Politoed
|-damage|p1a: Politoed|75/100
|-activate|p1a: Politoed|move: Infestation|[of] p2a: Toxapex
|
|-weather|RainDance|[upkeep]
|-damage|p1a: Politoed|63/100|[from] move: Infestation|[partiallytrapped]
|upkeep
|turn|3
|
|t:|1760367302
|switch|p2a: Hydreigon|Hydreigon, F|100/100
|move|p1a: Politoed|Earth Power|p2a: Hydreigon
|-immune|p2a: Hydreigon|[from] ability: Levitate
|
|-weather|RainDance|[upkeep]
|-end|p1a: Politoed|Infestation|[partiallytrapped]|[silent]
|upkeep
|turn|4
|
|t:|1760367310
|move|p2a: Hydreigon|Substitute|p2a: Hydreigon
|-start|p2a: Hydreigon|Substitute
|-damage|p2a: Hydreigon|76/100
|move|p1a: Politoed|Ice Beam|p2a: Hydreigon
|-supereffective|p2a: Hydreigon
|-end|p2a: Hydreigon|Substitute
|
|-weather|RainDance|[upkeep]
|-heal|p2a: Hydreigon|82/100|[from] item: Leftovers
|upkeep
|turn|5
|
|t:|1760367325
|switch|p2a: Slowking|Slowking, F|100/100
|move|p1a: Politoed|Ice Beam|p2a: Slowking
|-resisted|p2a: Slowking
|-damage|p2a: Slowking|90/100
|
|-weather|RainDance|[upkeep]
|upkeep
|turn|6
|
|t:|1760367343
|switch|p1a: Kilowattrel|Kilowattrel, F|100/100
|move|p2a: Slowking|Grass Knot|p1a: Kilowattrel
|-resisted|p1a: Kilowattrel
|-crit|p1a: Kilowattrel
|-damage|p1a: Kilowattrel|62/100
|
|-weather|RainDance|[upkeep]
|upkeep
|turn|7
|
|t:|1760367356
|switch|p2a: Great Tusk|Great Tusk|100/100
|move|p1a: Kilowattrel|Weather Ball|p2a: Great Tusk
|-supereffective|p2a: Great Tusk
|-damage|p2a: Great Tusk|0 fnt
|faint|p2a: Great Tusk
|-end|p2a: Great Tusk|Protosynthesis|[silent]
|
|-weather|RainDance|[upkeep]
|upkeep
|
|t:|1760367368
|switch|p2a: Hydreigon|Hydreigon, F|82/100
|turn|8
|
|t:|1760367376
|move|p1a: Kilowattrel|Volt Switch|p2a: Hydreigon
|-resisted|p2a: Hydreigon
|-damage|p2a: Hydreigon|65/100
|
|t:|1760367382
|switch|p1a: Politoed|Politoed, F|63/100|[from] Volt Switch
|move|p2a: Hydreigon|Dark Pulse|p1a: Politoed
|-damage|p1a: Politoed|29/100
|
|-weather|none
|-heal|p2a: Hydreigon|71/100|[from] item: Leftovers
|upkeep
|turn|9
|
|t:|1760367398
|switch|p1a: Clodsire|Clodsire, M|100/100
|move|p2a: Hydreigon|Dark Pulse|p1a: Clodsire
|-damage|p1a: Clodsire|71/100
|
|-heal|p2a: Hydreigon|77/100|[from] item: Leftovers
|-heal|p1a: Clodsire|77/100|[from] item: Leftovers
|upkeep
|turn|10
|
|t:|1760367409
|move|p2a: Hydreigon|Substitute|p2a: Hydreigon
|-start|p2a: Hydreigon|Substitute
|-damage|p2a: Hydreigon|52/100
|move|p1a: Clodsire|Gunk Shot|p2a: Hydreigon
|-end|p2a: Hydreigon|Substitute
|
|-heal|p2a: Hydreigon|58/100|[from] item: Leftovers
|-heal|p1a: Clodsire|83/100|[from] item: Leftovers
|upkeep
|turn|11
|
|t:|1760367421
|-terastallize|p2a: Hydreigon|Steel
|move|p2a: Hydreigon|Nasty Plot|p2a: Hydreigon
|-boost|p2a: Hydreigon|spa|2
|move|p1a: Clodsire|Gunk Shot|p2a: Hydreigon
|-immune|p2a: Hydreigon
|
|-heal|p2a: Hydreigon|64/100|[from] item: Leftovers
|-heal|p1a: Clodsire|90/100|[from] item: Leftovers
|upkeep
|turn|12
|
|t:|1760367433
|switch|p1a: Politoed|Politoed, F|29/100
|-weather|RainDance|[from] ability: Drizzle|[of] p1a: Politoed
|move|p2a: Hydreigon|Nasty Plot|p2a: Hydreigon
|-boost|p2a: Hydreigon|spa|2
|
|-weather|RainDance|[upkeep]
|-heal|p2a: Hydreigon|71/100|[from] item: Leftovers
|upkeep
|turn|13
|
|t:|1760367448
|move|p2a: Hydreigon|Dark Pulse|p1a: Politoed
|-damage|p1a: Politoed|0 fnt
|faint|p1a: Politoed
|
|-weather|RainDance|[upkeep]
|-heal|p2a: Hydreigon|77/100|[from] item: Leftovers
|upkeep
|inactive|forestkingmonkey has 120 seconds left.
|
|t:|1760367479
|switch|p1a: King Float|Floatzel, F|100/100
|turn|14
|
|t:|1760367486
|-terastallize|p1a: King Float|Water
|move|p1a: King Float|Wave Crash|p2a: Hydreigon
|-damage|p2a: Hydreigon|0 fnt
|faint|p2a: Hydreigon
|-damage|p1a: King Float|79/100|[from] Recoil
|
|-weather|RainDance|[upkeep]
|upkeep
|
|t:|1760367496
|switch|p2a: Toxapex|Toxapex, M|83/100
|turn|15
|
|t:|1760367499
|move|p1a: King Float|Wave Crash|p2a: Toxapex
|-resisted|p2a: Toxapex
|-damage|p2a: Toxapex|17/100
|-damage|p1a: King Float|61/100|[from] Recoil
|move|p2a: Toxapex|Sludge Bomb|p1a: King Float
|-damage|p1a: King Float|15/100
|
|-weather|RainDance|[upkeep]
|upkeep
|turn|16
|
|t:|1760367509
|switch|p2a: Slowking|Slowking, F|100/100
|move|p1a: King Float|Wave Crash|p2a: Slowking
|-resisted|p2a: Slowking
|-damage|p2a: Slowking|9/100
|-damage|p1a: King Float|0 fnt|[from] Recoil
|faint|p1a: King Float
|
|-weather|RainDance|[upkeep]
|upkeep
|
|t:|1760367519
|switch|p1a: Kilowattrel|Kilowattrel, F|62/100
|turn|17
|-message|DanteKyu forfeited.
|
|win|forestkingmonkey
|raw|forestkingmonkey's rating: 1241 &rarr; <strong>1266</strong><br />(+25 for winning)
|raw|DanteKyu's rating: 1235 &rarr; <strong>1210</strong><br />(-25 for losing)
|l|☆DanteKyu
|player|p2|
