|j|☆henry151th
|j|☆Rocksane
|t:|1760354619
|gametype|singles
|player|p1|henry151th|wallace|1692
|player|p2|Rocksane|sabrina|1769
|gen|9
|tier|[Gen 9] OU
|rated|
|rule|HP Percentage Mod: HP is shown in percentages
|rule|Endless Battle Clause: Forcing endless battles is banned
|rule|Species Clause: Limit one of each Pokémon
|rule|OHKO Clause: OHKO moves are banned
|rule|Evasion Items Clause: Evasion items are banned
|rule|Evasion Moves Clause: Evasion moves are banned
|rule|Evasion Abilities Clause: Evasion abilities are banned
|rule|Sleep Moves Clause: Sleep-inducing moves are banned
|clearpoke
|poke|p1|Great Tusk|
|poke|p1|Heatran, M|
|poke|p1|Weavile, M|
|poke|p1|Primarina, M|
|poke|p1|Ogerpon, F|
|poke|p1|Pecharunt|
|poke|p2|Armarouge, F|
|poke|p2|Cinderace, M|
|poke|p2|Deoxys-Speed|
|poke|p2|Hatterene, F|
|poke|p2|Indeedee, M|
|poke|p2|Polteageist|
|teampreview
|
|t:|1760354662
|teamsize|p1|6
|teamsize|p2|6
|start
|switch|p1a: Bandit|Weavile, M, shiny|100/100
|switch|p2a: Cinderace|Cinderace, M|100/100
|-ability|p1a: Bandit|Pressure
|turn|1
|
|t:|1760354673
|switch|p1a: Overseer|Pecharunt|100/100
|move|p2a: Cinderace|High Jump Kick|p1a: Overseer
|-start|p2a: Cinderace|typechange|Fighting|[from] ability: Libero
|-immune|p1a: Overseer
|-damage|p2a: Cinderace|51/100|[from] highjumpkick
|
|upkeep
|turn|2
|
|t:|1760354683
|switch|p2a: Indeedee|Indeedee, M|100/100
|-fieldstart|move: Psychic Terrain|[from] ability: Psychic Surge|[of] p2a: Indeedee
|move|p1a: Overseer|Malignant Chain|p2a: Indeedee
|-damage|p2a: Indeedee|59/100
|-status|p2a: Indeedee|tox
|-start|p2a: Indeedee|confusion|[from] ability: Poison Puppeteer|[of] p1a: Overseer
|
|-damage|p2a: Indeedee|53/100 tox|[from] psn
|upkeep
|turn|3
|
|t:|1760354696
|switch|p2a: Cinderace|Cinderace, M|51/100
|switch|p1a: Bandit|Weavile, M, shiny|100/100
|-ability|p1a: Bandit|Pressure
|
|upkeep
|turn|4
|
|t:|1760354705
|move|p2a: Cinderace|U-turn|p1a: Bandit
|-start|p2a: Cinderace|typechange|Bug|[from] ability: Libero
|-supereffective|p1a: Bandit
|-damage|p1a: Bandit|0 fnt
|faint|p1a: Bandit
|
|t:|1760354711
|switch|p2a: Deoxys|Deoxys-Speed|100/100|[from] U-turn
|-ability|p2a: Deoxys|Pressure
|
|upkeep
|
|t:|1760354715
|switch|p1a: Celestine|Primarina, M, shiny|100/100
|turn|5
|
|t:|1760354721
|move|p2a: Deoxys|Expanding Force|p1a: Celestine
|-crit|p1a: Celestine
|-damage|p1a: Celestine|29/100
|-damage|p2a: Deoxys|91/100|[from] item: Life Orb
|move|p1a: Celestine|Moonblast|p2a: Deoxys
|-crit|p2a: Deoxys
|-damage|p2a: Deoxys|0 fnt
|faint|p2a: Deoxys
|
|upkeep
|
|t:|1760354736
|switch|p2a: Cinderace|Cinderace, M|51/100
|turn|6
|
|t:|1760354740
|move|p2a: Cinderace|Pyro Ball|p1a: Celestine
|-resisted|p1a: Celestine
|-damage|p1a: Celestine|0 fnt
|faint|p1a: Celestine
|
|upkeep
|
|t:|1760354743
|switch|p1a: Chaos|Heatran, M, shiny|100/100
|-item|p1a: Chaos|Air Balloon
|turn|7
|
|t:|1760354751
|switch|p2a: Hatterene|Hatterene, F|100/100
|move|p1a: Chaos|Magma Storm|p2a: Hatterene
|-damage|p2a: Hatterene|43/100
|-activate|p2a: Hatterene|move: Magma Storm|[of] p1a: Chaos
|
|-damage|p2a: Hatterene|31/100|[from] move: Magma Storm|[partiallytrapped]
|upkeep
|turn|8
|
|t:|1760354761
|move|p1a: Chaos|Earth Power|p2a: Hatterene
|-damage|p2a: Hatterene|0 fnt
|faint|p2a: Hatterene
|
|upkeep
|
|t:|1760354772
|switch|p2a: Cinderace|Cinderace, M|51/100
|turn|9
|
|t:|1760354776
|move|p2a: Cinderace|High Jump Kick|p1a: Chaos
|-start|p2a: Cinderace|typechange|Fighting|[from] ability: Libero
|-supereffective|p1a: Chaos
|-damage|p1a: Chaos|0 fnt
|-enditem|p1a: Chaos|Air Balloon
|faint|p1a: Chaos
|
|-fieldend|move: Psychic Terrain
|upkeep
|
|t:|1760354779
|switch|p1a: Overseer|Pecharunt|100/100
|turn|10
|
|t:|1760354788
|switch|p2a: Indeedee|Indeedee, M|53/100 tox
|-fieldstart|move: Psychic Terrain|[from] ability: Psychic Surge|[of] p2a: Indeedee
|switch|p1a: Anonymous|Ogerpon, F|100/100
|
|-damage|p2a: Indeedee|47/100 tox|[from] psn
|upkeep
|turn|11
|
|t:|1760354800
|move|p1a: Anonymous|U-turn|p2a: Indeedee
|-supereffective|p2a: Indeedee
|-damage|p2a: Indeedee|0 fnt
|faint|p2a: Indeedee
|
|t:|1760354803
|switch|p1a: Overseer|Pecharunt|100/100|[from] U-turn
|
|upkeep
|
|t:|1760354809
|switch|p2a: Armarouge|Armarouge, F|100/100
|turn|12
|
|t:|1760354814
|move|p2a: Armarouge|Expanding Force|p1a: Overseer
|-supereffective|p1a: Overseer
|-crit|p1a: Overseer
|-damage|p1a: Overseer|0 fnt
|faint|p1a: Overseer
|
|upkeep
|
|t:|1760354819
|switch|p1a: Behemoth|Great Tusk, shiny|100/100
|turn|13
|
|t:|1760354827
|move|p1a: Behemoth|Headlong Rush|p2a: Armarouge
|-supereffective|p2a: Armarouge
|-enditem|p2a: Armarouge|Focus Sash
|-damage|p2a: Armarouge|1/100
|-unboost|p1a: Behemoth|def|1
|-unboost|p1a: Behemoth|spd|1
|-ability|p2a: Armarouge|Weak Armor|boost
|-unboost|p2a: Armarouge|def|1
|-boost|p2a: Armarouge|spe|2
|move|p2a: Armarouge|Expanding Force|p1a: Behemoth
|-supereffective|p1a: Behemoth
|-damage|p1a: Behemoth|0 fnt
|faint|p1a: Behemoth
|-end|p1a: Behemoth|Protosynthesis|[silent]
|
|upkeep
|
|t:|1760354829
|switch|p1a: Anonymous|Ogerpon, F|100/100
|turn|14
|
|t:|1760354844
|-terastallize|p1a: Anonymous|Grass
|detailschange|p1a: Anonymous|Ogerpon-Teal-Tera, F, tera:Grass
|-ability|p1a: Anonymous|Embody Aspect (Teal)|boost
|-boost|p1a: Anonymous|spe|1
|move|p1a: Anonymous|Ivy Cudgel|p2a: Armarouge
|-resisted|p2a: Armarouge
|-damage|p2a: Armarouge|0 fnt
|faint|p2a: Armarouge
|
|upkeep
|
|t:|1760354859
|switch|p2a: Polteageist|Polteageist|100/100
|turn|15
|
|t:|1760354863
|move|p1a: Anonymous|Ivy Cudgel|p2a: Polteageist
|-enditem|p2a: Polteageist|Focus Sash
|-damage|p2a: Polteageist|1/100
|-ability|p2a: Polteageist|Weak Armor|boost
|-unboost|p2a: Polteageist|def|1
|-boost|p2a: Polteageist|spe|2
|move|p2a: Polteageist|Shell Smash|p2a: Polteageist
|-unboost|p2a: Polteageist|def|1
|-unboost|p2a: Polteageist|spd|1
|-boost|p2a: Polteageist|atk|2
|-boost|p2a: Polteageist|spa|2
|-boost|p2a: Polteageist|spe|2
|
|upkeep
|turn|16
|-message|henry151th forfeited.
|
|win|Rocksane
|raw|henry151th's rating: 1692 &rarr; <strong>1676</strong><br />(-16 for losing)
|raw|Rocksane's rating: 1769 &rarr; <strong>1785</strong><br />(+16 for winning)
|l|☆henry151th
|player|p1|
|l|☆Rocksane
|player|p2|
