|j|☆Thy_Zebra
|j|☆buttercroissant777
|t:|1760439049
|gametype|singles
|player|p1|Thy_Zebra|elesa|1274
|player|p2|buttercroissant777|169|1359
|gen|9
|tier|[Gen 9] OU
|rated|
|rule|HP Percentage Mod: HP is shown in percentages
|rule|Endless Battle Clause: Forcing endless battles is banned
|rule|Species Clause: Limit one of each Pokémon
|rule|OHKO Clause: OHKO moves are banned
|rule|Evasion Items Clause: Evasion items are banned
|rule|Evasion Moves Clause: Evasion moves are banned
|rule|Evasion Abilities Clause: Evasion abilities are banned
|rule|Sleep Moves Clause: Sleep-inducing moves are banned
|clearpoke
|poke|p1|Ceruledge, F|
|poke|p1|Ninetales, F|
|poke|p1|Leavanny, F|
|poke|p1|Great Tusk|
|poke|p1|Walking Wake|
|poke|p1|Raging Bolt|
|poke|p2|Charizard, M|
|poke|p2|Torkoal, M|
|poke|p2|Hatterene, F|
|poke|p2|Great Tusk|
|poke|p2|Lilligant-Hisui, F|
|poke|p2|Walking Wake|
|teampreview
|inactive|Battle timer is ON: inactive players will automatically lose when time's up. (requested by Thy_Zebra)
|
|t:|1760439060
|teamsize|p1|6
|teamsize|p2|6
|start
|switch|p1a: Great Tusk|Great Tusk|100/100
|switch|p2a: 河内恭介|Torkoal, M|100/100
|-weather|SunnyDay|[from] ability: Drought|[of] p2a: 河内恭介
|-activate|p1a: Great Tusk|ability: Protosynthesis
|-start|p1a: Great Tusk|protosynthesisatk
|turn|1
|
|t:|1760439068
|move|p1a: Great Tusk|Headlong Rush|p2a: 河内恭介
|-supereffective|p2a: 河内恭介
|-damage|p2a: 河内恭介|3/100
|-unboost|p1a: Great Tusk|def|1
|-unboost|p1a: Great Tusk|spd|1
|move|p2a: 河内恭介|Will-O-Wisp|p1a: Great Tusk
|-status|p1a: Great Tusk|brn
|
|-weather|SunnyDay|[upkeep]
|-damage|p1a: Great Tusk|94/100 brn|[from] brn
|upkeep
|turn|2
|
|t:|1760439087
|switch|p2a: 东和马|Charizard, M|100/100
|move|p1a: Great Tusk|Rapid Spin|p2a: 东和马
|-damage|p2a: 东和马|86/100
|-boost|p1a: Great Tusk|spe|1
|
|-weather|SunnyDay|[upkeep]
|-damage|p2a: 东和马|73/100|[from] ability: Solar Power|[of] p2a: 东和马
|-damage|p1a: Great Tusk|88/100 brn|[from] brn
|upkeep
|turn|3
|
|t:|1760439104
|-end|p1a: Great Tusk|Protosynthesis|[silent]
|switch|p1a: Walking Wake|Walking Wake|100/100
|-activate|p1a: Walking Wake|ability: Protosynthesis
|-start|p1a: Walking Wake|protosynthesisspa
|move|p2a: 东和马|Overheat|p1a: Walking Wake
|-resisted|p1a: Walking Wake
|-damage|p1a: Walking Wake|38/100
|-unboost|p2a: 东和马|spa|2
|
|-weather|SunnyDay|[upkeep]
|-damage|p2a: 东和马|61/100|[from] ability: Solar Power|[of] p2a: 东和马
|upkeep
|turn|4
|
|t:|1760439116
|switch|p2a: 梓川月乃|Hatterene, F|100/100
|move|p1a: Walking Wake|Draco Meteor|p2a: 梓川月乃
|-immune|p2a: 梓川月乃
|
|-weather|SunnyDay|[upkeep]
|upkeep
|turn|5
|
|t:|1760439126
|-end|p1a: Walking Wake|Protosynthesis|[silent]
|switch|p1a: Ceruledge|Ceruledge, F|100/100
|move|p2a: 梓川月乃|Nuzzle|p1a: Ceruledge
|-damage|p1a: Ceruledge|95/100
|-status|p1a: Ceruledge|par
|-ability|p1a: Ceruledge|Weak Armor|boost
|-unboost|p1a: Ceruledge|def|1
|-boost|p1a: Ceruledge|spe|2
|
|-weather|SunnyDay|[upkeep]
|upkeep
|turn|6
|inactive|buttercroissant777 has 120 seconds left.
|
|t:|1760439160
|move|p1a: Ceruledge|Bitter Blade|p2a: 梓川月乃
|-damage|p2a: 梓川月乃|26/100
|-heal|p1a: Ceruledge|100/100 par|[from] drain|[of] p2a: 梓川月乃
|-enditem|p2a: 梓川月乃|Eject Button
|inactive|buttercroissant777 has 120 seconds left.
|
|t:|1760439171
|switch|p2a: 冠茂|Walking Wake|100/100
|-activate|p2a: 冠茂|ability: Protosynthesis
|-start|p2a: 冠茂|protosynthesisspe
|
|-weather|SunnyDay|[upkeep]
|upkeep
|turn|7
|
|t:|1760439184
|switch|p1a: Raging Bolt|Raging Bolt|100/100
|-activate|p1a: Raging Bolt|ability: Protosynthesis
|-start|p1a: Raging Bolt|protosynthesisspa
|move|p2a: 冠茂|Hydro Steam|p1a: Raging Bolt
|-resisted|p1a: Raging Bolt
|-damage|p1a: Raging Bolt|55/100
|
|-weather|SunnyDay|[upkeep]
|upkeep
|turn|8
|
|t:|1760439197
|-end|p2a: 冠茂|Protosynthesis|[silent]
|switch|p2a: 梓川月乃|Hatterene, F|26/100
|move|p1a: Raging Bolt|Dragon Pulse|p2a: 梓川月乃
|-immune|p2a: 梓川月乃
|
|-weather|none
|-end|p1a: Raging Bolt|Protosynthesis
|upkeep
|turn|9
|inactive|buttercroissant777 has 120 seconds left.
|
|t:|1760439212
|-end|p1a: Raging Bolt|Protosynthesis|[silent]
|switch|p1a: Ninetales|Ninetales, F|100/100
|-weather|SunnyDay|[from] ability: Drought|[of] p1a: Ninetales
|switch|p2a: 河内恭介|Torkoal, M|3/100
|
|-weather|SunnyDay|[upkeep]
|upkeep
|turn|10
|inactive|buttercroissant777 has 120 seconds left.
|
|t:|1760439225
|switch|p2a: 梓川月乃|Hatterene, F|26/100
|move|p1a: Ninetales|Scorching Sands|p2a: 梓川月乃
|-damage|p2a: 梓川月乃|13/100
|-status|p2a: 梓川月乃|brn
|
|-weather|SunnyDay|[upkeep]
|-damage|p2a: 梓川月乃|7/100 brn|[from] brn
|upkeep
|turn|11
|
|t:|1760439233
|move|p1a: Ninetales|Weather Ball|p2a: 梓川月乃
|-damage|p2a: 梓川月乃|0 fnt
|faint|p2a: 梓川月乃
|
|-weather|SunnyDay|[upkeep]
|upkeep
|inactive|buttercroissant777 has 120 seconds left.
|
|t:|1760439253
|switch|p2a: 冠茂|Walking Wake|100/100
|-activate|p2a: 冠茂|ability: Protosynthesis
|-start|p2a: 冠茂|protosynthesisspe
|turn|12
|
|t:|1760439268
|move|p2a: 冠茂|Draco Meteor|p1a: Ninetales
|-damage|p1a: Ninetales|4/100
|-unboost|p2a: 冠茂|spa|2
|move|p1a: Ninetales|Healing Wish|p1a: Ninetales
|faint|p1a: Ninetales
|
|-weather|SunnyDay|[upkeep]
|upkeep
|
|t:|1760439276
|switch|p1a: Walking Wake|Walking Wake|38/100
|-heal|p1a: Walking Wake|100/100|[from] move: Healing Wish
|-activate|p1a: Walking Wake|ability: Protosynthesis
|-start|p1a: Walking Wake|protosynthesisspa
|turn|13
|
|t:|1760439296
|-end|p2a: 冠茂|Protosynthesis|[silent]
|switch|p2a: 河内恭介|Torkoal, M|3/100
|move|p1a: Walking Wake|Draco Meteor|p2a: 河内恭介
|-damage|p2a: 河内恭介|0 fnt
|-unboost|p1a: Walking Wake|spa|2
|faint|p2a: 河内恭介
|
|-weather|SunnyDay|[upkeep]
|upkeep
|
|t:|1760439299
|switch|p2a: 冠茂|Walking Wake|100/100
|-activate|p2a: 冠茂|ability: Protosynthesis
|-start|p2a: 冠茂|protosynthesisspe
|turn|14
|
|t:|1760439308
|-terastallize|p1a: Walking Wake|Water
|move|p2a: 冠茂|Dragon Pulse|p1a: Walking Wake
|-damage|p1a: Walking Wake|20/100
|move|p1a: Walking Wake|Draco Meteor|p2a: 冠茂|[miss]
|-miss|p1a: Walking Wake|p2a: 冠茂
|
|-weather|SunnyDay|[upkeep]
|upkeep
|turn|15
|c|☆Thy_Zebra|wow
|
|t:|1760439321
|-end|p1a: Walking Wake|Protosynthesis|[silent]
|switch|p1a: Ceruledge|Ceruledge, F|100/100 par
|move|p2a: 冠茂|Dragon Pulse|p1a: Ceruledge
|-damage|p1a: Ceruledge|28/100 par
|
|-weather|SunnyDay|[upkeep]
|upkeep
|turn|16
|
|t:|1760439329
|move|p2a: 冠茂|Dragon Pulse|p1a: Ceruledge
|-damage|p1a: Ceruledge|0 fnt
|faint|p1a: Ceruledge
|
|-weather|none
|-end|p2a: 冠茂|Protosynthesis
|upkeep
|
|t:|1760439335
|switch|p1a: Leavanny|Leavanny, F|100/100
|turn|17
|
|t:|1760439340
|-end|p2a: 冠茂|Protosynthesis|[silent]
|switch|p2a: 松代健|Great Tusk|100/100
|move|p1a: Leavanny|Sticky Web|p2a: 松代健
|-sidestart|p2: buttercroissant777|move: Sticky Web
|
|upkeep
|turn|18
|
|t:|1760439345
|move|p2a: 松代健|Rapid Spin|p1a: Leavanny
|-damage|p1a: Leavanny|76/100
|-boost|p2a: 松代健|spe|1
|-sideend|p2: buttercroissant777|Sticky Web|[from] move: Rapid Spin|[of] p2a: 松代健
|move|p1a: Leavanny|Leaf Storm|p2a: 松代健
|-supereffective|p2a: 松代健
|-damage|p2a: 松代健|0 fnt
|-unboost|p1a: Leavanny|spa|2
|faint|p2a: 松代健
|-end|p2a: 松代健|Protosynthesis|[silent]
|-enditem|p1a: Leavanny|Eject Pack
|
|t:|1760439358
|switch|p1a: Raging Bolt|Raging Bolt|55/100
|
|upkeep
|
|t:|1760439365
|switch|p2a: 冠茂|Walking Wake|100/100
|turn|19
|
|t:|1760439374
|move|p2a: 冠茂|Dragon Pulse|p1a: Raging Bolt
|-supereffective|p1a: Raging Bolt
|-damage|p1a: Raging Bolt|0 fnt
|faint|p1a: Raging Bolt
|-end|p1a: Raging Bolt|Protosynthesis|[silent]
|
|upkeep
|
|t:|1760439382
|switch|p1a: Leavanny|Leavanny, F|76/100
|turn|20
|
|t:|1760439393
|move|p2a: 冠茂|Dragon Pulse|p1a: Leavanny
|-damage|p1a: Leavanny|0 fnt
|faint|p1a: Leavanny
|
|upkeep
|
|t:|1760439397
|switch|p1a: Great Tusk|Great Tusk|88/100 brn
|turn|21
|-message|Thy_Zebra forfeited.
|
|win|buttercroissant777
|raw|Thy_Zebra's rating: 1274 &rarr; <strong>1255</strong><br />(-19 for losing)
|raw|buttercroissant777's rating: 1359 &rarr; <strong>1374</strong><br />(+15 for winning)
|l|☆Thy_Zebra
|player|p1|
