|j|☆jormegar
|j|☆Runredrun
|t:|1760380254
|gametype|singles
|player|p1|jormegar|265|1126
|player|p2|Runredrun|cameraman|1097
|gen|9
|tier|[Gen 9] OU
|rated|
|rule|HP Percentage Mod: HP is shown in percentages
|rule|Endless Battle Clause: Forcing endless battles is banned
|rule|Species Clause: Limit one of each Pokémon
|rule|OHKO Clause: OHKO moves are banned
|rule|Evasion Items Clause: Evasion items are banned
|rule|Evasion Moves Clause: Evasion moves are banned
|rule|Evasion Abilities Clause: Evasion abilities are banned
|rule|Sleep Moves Clause: Sleep-inducing moves are banned
|clearpoke
|poke|p1|Ninetales-Alola, M|
|poke|p1|Ceruledge, F|
|poke|p1|Slowking-Galar, M|
|poke|p1|Quaquaval, M|
|poke|p1|Ting-Lu|
|poke|p1|Kyurem|
|poke|p2|Illumise, F|
|poke|p2|Rhydon, M|
|poke|p2|Suicune|
|poke|p2|Vileplume, F|
|poke|p2|Mandibuzz, F|
|poke|p2|Entei|
|teampreview
|inactive|Battle timer is ON: inactive players will automatically lose when time's up. (requested by Runredrun)
|
|t:|1760380269
|teamsize|p1|6
|teamsize|p2|6
|start
|switch|p1a: Ceruledge|Ceruledge, F|100/100
|switch|p2a: Mary Jane|Illumise, F, shiny|100/100
|turn|1
|
|t:|1760380285
|move|p2a: Mary Jane|Trick|p1a: Ceruledge
|-activate|p2a: Mary Jane|move: Trick|[of] p1a: Ceruledge
|-item|p1a: Ceruledge|Sticky Barb|[from] move: Trick
|-item|p2a: Mary Jane|Choice Scarf|[from] move: Trick
|move|p1a: Ceruledge|Flare Blitz|p2a: Mary Jane
|-supereffective|p2a: Mary Jane
|-damage|p2a: Mary Jane|0 fnt
|faint|p2a: Mary Jane
|-damage|p1a: Ceruledge|66/100|[from] Recoil
|
|-damage|p1a: Ceruledge|54/100|[from] item: Sticky Barb
|upkeep
|inactive|Runredrun has 120 seconds left.
|
|t:|1760380307
|switch|p2a: Mandibuzz|Mandibuzz, F, shiny|100/100
|turn|2
|
|t:|1760380315
|switch|p1a: Ting-Lu|Ting-Lu|100/100
|-ability|p1a: Ting-Lu|Vessel of Ruin
|move|p2a: Mandibuzz|Knock Off|p1a: Ting-Lu
|-resisted|p1a: Ting-Lu
|-damage|p1a: Ting-Lu|95/100
|-damage|p2a: Mandibuzz|84/100|[from] item: Rocky Helmet|[of] p1a: Ting-Lu
|-enditem|p1a: Ting-Lu|Rocky Helmet|[from] move: Knock Off|[of] p2a: Mandibuzz
|
|-heal|p2a: Mandibuzz|90/100|[from] item: Leftovers
|upkeep
|turn|3
|
|t:|1760380327
|move|p2a: Mandibuzz|Toxic|p1a: Ting-Lu
|-status|p1a: Ting-Lu|tox
|move|p1a: Ting-Lu|Ruination|p2a: Mandibuzz|[miss]
|-miss|p1a: Ting-Lu|p2a: Mandibuzz
|
|-heal|p2a: Mandibuzz|96/100|[from] item: Leftovers
|-damage|p1a: Ting-Lu|88/100 tox|[from] psn
|upkeep
|turn|4
|
|t:|1760380340
|switch|p2a: Vileplume|Vileplume, F, shiny|100/100
|switch|p1a: Ninetales|Ninetales-Alola, M|100/100
|-weather|Snowscape|[from] ability: Snow Warning|[of] p1a: Ninetales
|
|-weather|Snowscape|[upkeep]
|upkeep
|turn|5
|
|t:|1760380349
|move|p1a: Ninetales|Aurora Veil|p1a: Ninetales
|-sidestart|p1: jormegar|move: Aurora Veil
|move|p2a: Vileplume|Sludge Wave|p1a: Ninetales
|-supereffective|p1a: Ninetales
|-damage|p1a: Ninetales|46/100
|
|-weather|Snowscape|[upkeep]
|upkeep
|turn|6
|
|t:|1760380360
|switch|p2a: Entei|Entei, shiny|100/100
|move|p1a: Ninetales|Blizzard|p2a: Entei
|-resisted|p2a: Entei
|-damage|p2a: Entei|81/100
|
|-weather|Snowscape|[upkeep]
|upkeep
|turn|7
|
|t:|1760380369
|switch|p1a: Quaquaval|Quaquaval, M|100/100
|move|p2a: Entei|Trailblaze|p1a: Quaquaval
|-supereffective|p1a: Quaquaval
|-damage|p1a: Quaquaval|76/100
|-boost|p2a: Entei|spe|1
|
|-weather|Snowscape|[upkeep]
|upkeep
|turn|8
|
|t:|1760380379
|move|p2a: Entei|Will-O-Wisp|p1a: Quaquaval
|-status|p1a: Quaquaval|brn
|move|p1a: Quaquaval|Aqua Step|p2a: Entei
|-supereffective|p2a: Entei
|-damage|p2a: Entei|36/100
|-boost|p1a: Quaquaval|spe|1
|
|-weather|none
|-damage|p1a: Quaquaval|70/100 brn|[from] brn
|upkeep
|turn|9
|
|t:|1760380390
|switch|p2a: Mandibuzz|Mandibuzz, F, shiny|96/100
|move|p1a: Quaquaval|Aqua Step|p2a: Mandibuzz
|-damage|p2a: Mandibuzz|83/100
|-boost|p1a: Quaquaval|spe|1
|
|-heal|p2a: Mandibuzz|89/100|[from] item: Leftovers
|-damage|p1a: Quaquaval|64/100 brn|[from] brn
|-sideend|p1: jormegar|move: Aurora Veil
|upkeep
|turn|10
|
|t:|1760380399
|move|p1a: Quaquaval|Close Combat|p2a: Mandibuzz
|-damage|p2a: Mandibuzz|69/100
|-unboost|p1a: Quaquaval|def|1
|-unboost|p1a: Quaquaval|spd|1
|move|p2a: Mandibuzz|Knock Off|p1a: Quaquaval
|-resisted|p1a: Quaquaval
|-damage|p1a: Quaquaval|38/100 brn
|-enditem|p1a: Quaquaval|Expert Belt|[from] move: Knock Off|[of] p2a: Mandibuzz
|
|-heal|p2a: Mandibuzz|75/100|[from] item: Leftovers
|-damage|p1a: Quaquaval|32/100 brn|[from] brn
|upkeep
|turn|11
|
|t:|1760380412
|move|p1a: Quaquaval|Close Combat|p2a: Mandibuzz
|-damage|p2a: Mandibuzz|56/100
|-unboost|p1a: Quaquaval|def|1
|-unboost|p1a: Quaquaval|spd|1
|move|p2a: Mandibuzz|Roost|p2a: Mandibuzz
|-heal|p2a: Mandibuzz|100/100
|-singleturn|p2a: Mandibuzz|move: Roost
|
|-damage|p1a: Quaquaval|26/100 brn|[from] brn
|upkeep
|turn|12
|
|t:|1760380421
|move|p1a: Quaquaval|Flip Turn|p2a: Mandibuzz
|-damage|p2a: Mandibuzz|91/100
|
|t:|1760380425
|switch|p1a: Ninetales|Ninetales-Alola, M|46/100|[from] Flip Turn
|-weather|Snowscape|[from] ability: Snow Warning|[of] p1a: Ninetales
|move|p2a: Mandibuzz|Knock Off|p1a: Ninetales
|-resisted|p1a: Ninetales
|-damage|p1a: Ninetales|32/100
|-enditem|p1a: Ninetales|Heavy-Duty Boots|[from] move: Knock Off|[of] p2a: Mandibuzz
|
|-weather|Snowscape|[upkeep]
|-heal|p2a: Mandibuzz|97/100|[from] item: Leftovers
|upkeep
|turn|13
|
|t:|1760380435
|move|p1a: Ninetales|Aurora Veil|p1a: Ninetales
|-sidestart|p1: jormegar|move: Aurora Veil
|move|p2a: Mandibuzz|Toxic|p1a: Ninetales
|-status|p1a: Ninetales|tox
|
|-weather|Snowscape|[upkeep]
|-heal|p2a: Mandibuzz|100/100|[from] item: Leftovers
|-damage|p1a: Ninetales|26/100 tox|[from] psn
|upkeep
|turn|14
|
|t:|1760380443
|switch|p2a: Entei|Entei, shiny|36/100
|move|p1a: Ninetales|Blizzard|p2a: Entei
|-resisted|p2a: Entei
|-damage|p2a: Entei|17/100
|
|-weather|Snowscape|[upkeep]
|-damage|p1a: Ninetales|14/100 tox|[from] psn
|upkeep
|turn|15
|
|t:|1760380452
|move|p2a: Entei|Extreme Speed|p1a: Ninetales
|-damage|p1a: Ninetales|0 fnt
|faint|p1a: Ninetales
|
|-weather|Snowscape|[upkeep]
|upkeep
|
|t:|1760380460
|switch|p1a: Kyurem|Kyurem|100/100
|-ability|p1a: Kyurem|Pressure
|turn|16
|
|t:|1760380464
|move|p1a: Kyurem|Substitute|p1a: Kyurem
|-start|p1a: Kyurem|Substitute
|-damage|p1a: Kyurem|76/100
|move|p2a: Entei|Sacred Fire|p1a: Kyurem
|-crit|p1a: Kyurem
|-end|p1a: Kyurem|Substitute
|
|-weather|none
|-heal|p1a: Kyurem|82/100|[from] item: Leftovers
|upkeep
|turn|17
|
|t:|1760380474
|switch|p1a: Ting-Lu|Ting-Lu|88/100 tox
|-ability|p1a: Ting-Lu|Vessel of Ruin
|move|p2a: Entei|Sacred Fire|p1a: Ting-Lu
|-damage|p1a: Ting-Lu|78/100 tox
|
|-damage|p1a: Ting-Lu|71/100 tox|[from] psn
|-sideend|p1: jormegar|move: Aurora Veil
|upkeep
|turn|18
|
|t:|1760380485
|switch|p2a: Vileplume|Vileplume, F, shiny|100/100
|move|p1a: Ting-Lu|Body Press|p2a: Vileplume
|-resisted|p2a: Vileplume
|-damage|p2a: Vileplume|85/100
|-damage|p1a: Ting-Lu|55/100 tox|[from] item: Rocky Helmet|[of] p2a: Vileplume
|
|-damage|p1a: Ting-Lu|42/100 tox|[from] psn
|upkeep
|turn|19
|
|t:|1760380494
|move|p2a: Vileplume|Sludge Wave|p1a: Ting-Lu
|-resisted|p1a: Ting-Lu
|-damage|p1a: Ting-Lu|28/100 tox
|move|p1a: Ting-Lu|Ruination|p2a: Vileplume
|-damage|p2a: Vileplume|43/100
|
|-damage|p1a: Ting-Lu|9/100 tox|[from] psn
|upkeep
|turn|20
|
|t:|1760380503
|move|p2a: Vileplume|Strength Sap|p1a: Ting-Lu
|-unboost|p1a: Ting-Lu|atk|1
|-heal|p2a: Vileplume|100/100
|move|p1a: Ting-Lu|Whirlwind|p2a: Vileplume
|drag|p2a: Mandibuzz|Mandibuzz, F, shiny|100/100
|
|-damage|p1a: Ting-Lu|0 fnt|[from] psn
|faint|p1a: Ting-Lu
|upkeep
|
|t:|1760380518
|switch|p1a: Kyurem|Kyurem|82/100
|-ability|p1a: Kyurem|Pressure
|turn|21
|
|t:|1760380526
|move|p1a: Kyurem|Substitute|p1a: Kyurem
|-start|p1a: Kyurem|Substitute
|-damage|p1a: Kyurem|57/100
|move|p2a: Mandibuzz|Knock Off|p1a: Kyurem
|-end|p1a: Kyurem|Substitute
|
|-heal|p1a: Kyurem|63/100|[from] item: Leftovers
|upkeep
|turn|22
|
|t:|1760380532
|move|p1a: Kyurem|Blizzard|p2a: Mandibuzz|[miss]
|-miss|p1a: Kyurem|p2a: Mandibuzz
|move|p2a: Mandibuzz|Knock Off|p1a: Kyurem
|-damage|p1a: Kyurem|38/100
|-enditem|p1a: Kyurem|Leftovers|[from] move: Knock Off|[of] p2a: Mandibuzz
|
|upkeep
|turn|23
|
|t:|1760380539
|move|p1a: Kyurem|Blizzard|p2a: Mandibuzz
|-supereffective|p2a: Mandibuzz
|-damage|p2a: Mandibuzz|5/100
|move|p2a: Mandibuzz|Toxic|p1a: Kyurem
|-status|p1a: Kyurem|tox
|
|-heal|p2a: Mandibuzz|12/100|[from] item: Leftovers
|-damage|p1a: Kyurem|32/100 tox|[from] psn
|upkeep
|turn|24
|
|t:|1760380547
|move|p1a: Kyurem|Blizzard|p2a: Mandibuzz|[miss]
|-miss|p1a: Kyurem|p2a: Mandibuzz
|move|p2a: Mandibuzz|Roost|p2a: Mandibuzz
|-heal|p2a: Mandibuzz|62/100
|-singleturn|p2a: Mandibuzz|move: Roost
|
|-heal|p2a: Mandibuzz|68/100|[from] item: Leftovers
|-damage|p1a: Kyurem|19/100 tox|[from] psn
|upkeep
|turn|25
|
|t:|1760380566
|move|p1a: Kyurem|Blizzard|p2a: Mandibuzz
|-supereffective|p2a: Mandibuzz
|-crit|p2a: Mandibuzz
|-damage|p2a: Mandibuzz|0 fnt
|faint|p2a: Mandibuzz
|
|-damage|p1a: Kyurem|1/100 tox|[from] psn
|upkeep
|
|t:|1760380574
|switch|p2a: Entei|Entei, shiny|17/100
|turn|26
|
|t:|1760380578
|move|p2a: Entei|Extreme Speed|p1a: Kyurem
|-damage|p1a: Kyurem|0 fnt
|faint|p1a: Kyurem
|
|upkeep
|
|t:|1760380583
|switch|p1a: Ceruledge|Ceruledge, F|54/100
|turn|27
|
|t:|1760380597
|switch|p2a: I Believe in You|Rhydon, M, shiny|100/100
|move|p1a: Ceruledge|Close Combat|p2a: I Believe in You
|-supereffective|p2a: I Believe in You
|-damage|p2a: I Believe in You|64/100
|-unboost|p1a: Ceruledge|def|1
|-unboost|p1a: Ceruledge|spd|1
|
|-damage|p1a: Ceruledge|41/100|[from] item: Sticky Barb
|upkeep
|turn|28
|
|t:|1760380617
|move|p1a: Ceruledge|Close Combat|p2a: I Believe in You
|-supereffective|p2a: I Believe in You
|-damage|p2a: I Believe in You|27/100
|-unboost|p1a: Ceruledge|def|1
|-unboost|p1a: Ceruledge|spd|1
|move|p2a: I Believe in You|Earthquake|p1a: Ceruledge
|-supereffective|p1a: Ceruledge
|-crit|p1a: Ceruledge
|-damage|p1a: Ceruledge|0 fnt
|faint|p1a: Ceruledge
|
|upkeep
|
|t:|1760380623
|switch|p1a: Quaquaval|Quaquaval, M|26/100 brn
|turn|29
|
|t:|1760380630
|-terastallize|p2a: I Believe in You|Flying
|move|p1a: Quaquaval|Aqua Step|p2a: I Believe in You
|-damage|p2a: I Believe in You|18/100
|-boost|p1a: Quaquaval|spe|1
|move|p2a: I Believe in You|Tera Blast|p1a: Quaquaval|[anim] Tera Blast Flying
|-supereffective|p1a: Quaquaval
|-damage|p1a: Quaquaval|0 fnt
|faint|p1a: Quaquaval
|
|upkeep
|
|t:|1760380637
|switch|p1a: Slowking|Slowking-Galar, M|100/100
|turn|30
|
|t:|1760380652
|move|p2a: I Believe in You|Earthquake|p1a: Slowking
|-supereffective|p1a: Slowking
|-damage|p1a: Slowking|0 fnt
|faint|p1a: Slowking
|
|win|Runredrun
|raw|jormegar's rating: 1126 &rarr; <strong>1099</strong><br />(-27 for losing)
|raw|Runredrun's rating: 1097 &rarr; <strong>1125</strong><br />(+28 for winning)
|l|☆jormegar
|player|p1|
