|j|☆Tusia88
|j|☆jxrx
|t:|1760365444
|gametype|singles
|player|p1|Tusia88|2|1428
|player|p2|jxrx|norman|1402
|gen|9
|tier|[Gen 9] OU
|rated|
|rule|HP Percentage Mod: HP is shown in percentages
|rule|Endless Battle Clause: Forcing endless battles is banned
|rule|Species Clause: Limit one of each Pokémon
|rule|OHKO Clause: OHKO moves are banned
|rule|Evasion Items Clause: Evasion items are banned
|rule|Evasion Moves Clause: Evasion moves are banned
|rule|Evasion Abilities Clause: Evasion abilities are banned
|rule|Sleep Moves Clause: Sleep-inducing moves are banned
|clearpoke
|poke|p1|Ninetales, M|
|poke|p1|Dragonite, M|
|poke|p1|Cinderace, F|
|poke|p1|Walking Wake|
|poke|p1|Cresselia, F|
|poke|p1|Great Tusk|
|poke|p2|Sableye, M|
|poke|p2|Great Tusk|
|poke|p2|Rillaboom, M|
|poke|p2|Dragapult, M|
|poke|p2|Empoleon, M|
|poke|p2|Glimmora, F|
|teampreview
|inactive|Battle timer is ON: inactive players will automatically lose when time's up. (requested by Tusia88)
|
|t:|1760365476
|teamsize|p1|6
|teamsize|p2|6
|start
|switch|p1a: Ninetales|Ninetales, M|100/100
|switch|p2a: Glimmora|Glimmora, F|100/100
|-weather|SunnyDay|[from] ability: Drought|[of] p1a: Ninetales
|turn|1
|
|t:|1760365486
|move|p2a: Glimmora|Power Gem|p1a: Ninetales
|-supereffective|p1a: Ninetales
|-damage|p1a: Ninetales|0 fnt
|faint|p1a: Ninetales
|
|-weather|SunnyDay|[upkeep]
|upkeep
|
|t:|1760365491
|switch|p1a: Walking Wake|Walking Wake|100/100
|-activate|p1a: Walking Wake|ability: Protosynthesis
|-start|p1a: Walking Wake|protosynthesisspa
|turn|2
|
|t:|1760365507
|move|p2a: Glimmora|Power Gem|p1a: Walking Wake
|-damage|p1a: Walking Wake|45/100
|move|p1a: Walking Wake|Weather Ball|p2a: Glimmora
|-resisted|p2a: Glimmora
|-damage|p2a: Glimmora|31/100
|
|-weather|SunnyDay|[upkeep]
|upkeep
|turn|3
|
|t:|1760365512
|-end|p1a: Walking Wake|Protosynthesis|[silent]
|switch|p1a: Great Tusk|Great Tusk|100/100
|-activate|p1a: Great Tusk|ability: Protosynthesis
|-start|p1a: Great Tusk|protosynthesisspe
|move|p2a: Glimmora|Power Gem|p1a: Great Tusk
|-resisted|p1a: Great Tusk
|-damage|p1a: Great Tusk|86/100
|
|-weather|SunnyDay|[upkeep]
|upkeep
|turn|4
|
|t:|1760365519
|switch|p2a: Sableye|Sableye, M|100/100
|move|p1a: Great Tusk|Rapid Spin|p2a: Sableye
|-immune|p2a: Sableye
|
|-weather|SunnyDay|[upkeep]
|upkeep
|turn|5
|
|t:|1760365523
|-end|p1a: Great Tusk|Protosynthesis|[silent]
|switch|p1a: Cinderace|Cinderace, F|100/100
|move|p2a: Sableye|Will-O-Wisp|p1a: Cinderace
|-immune|p1a: Cinderace
|
|-weather|SunnyDay|[upkeep]
|upkeep
|turn|6
|
|t:|1760365525
|move|p1a: Cinderace|Pyro Ball|p2a: Sableye
|-damage|p2a: Sableye|13/100
|-status|p2a: Sableye|brn
|move|p2a: Sableye|Knock Off|p1a: Cinderace
|-damage|p1a: Cinderace|83/100
|-enditem|p1a: Cinderace|Choice Scarf|[from] move: Knock Off|[of] p2a: Sableye
|
|-weather|SunnyDay|[upkeep]
|-damage|p2a: Sableye|6/100 brn|[from] brn
|upkeep
|turn|7
|
|t:|1760365534
|move|p2a: Sableye|Recover|p2a: Sableye
|-heal|p2a: Sableye|56/100 brn
|move|p1a: Cinderace|U-turn|p2a: Sableye
|-start|p1a: Cinderace|typechange|Bug|[from] ability: Libero
|-damage|p2a: Sableye|24/100 brn
|-damage|p1a: Cinderace|66/100|[from] item: Rocky Helmet|[of] p2a: Sableye
|
|t:|1760365540
|switch|p1a: Walking Wake|Walking Wake|45/100|[from] U-turn
|-activate|p1a: Walking Wake|ability: Protosynthesis
|-start|p1a: Walking Wake|protosynthesisspa
|
|-weather|SunnyDay|[upkeep]
|-damage|p2a: Sableye|17/100 brn|[from] brn
|upkeep
|turn|8
|
|t:|1760365543
|move|p2a: Sableye|Will-O-Wisp|p1a: Walking Wake
|-status|p1a: Walking Wake|brn
|move|p1a: Walking Wake|Hydro Steam|p2a: Sableye
|-damage|p2a: Sableye|0 fnt
|faint|p2a: Sableye
|
|-weather|none
|-end|p1a: Walking Wake|Protosynthesis
|-damage|p1a: Walking Wake|39/100 brn|[from] brn
|upkeep
|
|t:|1760365549
|switch|p2a: Glimmora|Glimmora, F|31/100
|turn|9
|
|t:|1760365552
|move|p2a: Glimmora|Sludge Wave|p1a: Walking Wake
|-damage|p1a: Walking Wake|0 fnt
|faint|p1a: Walking Wake
|-end|p1a: Walking Wake|Protosynthesis|[silent]
|
|upkeep
|
|t:|1760365555
|switch|p1a: Great Tusk|Great Tusk|86/100
|turn|10
|
|t:|1760365569
|move|p2a: Glimmora|Sludge Wave|p1a: Great Tusk
|-resisted|p1a: Great Tusk
|-damage|p1a: Great Tusk|53/100
|move|p1a: Great Tusk|Rapid Spin|p2a: Glimmora
|-resisted|p2a: Glimmora
|-damage|p2a: Glimmora|23/100
|-boost|p1a: Great Tusk|spe|1
|-activate|p2a: Glimmora|ability: Toxic Debris
|-sidestart|p1: Tusia88|move: Toxic Spikes
|-sideend|p1: Tusia88|Toxic Spikes|[from] move: Rapid Spin|[of] p1a: Great Tusk
|
|upkeep
|turn|11
|
|t:|1760365573
|move|p1a: Great Tusk|Headlong Rush|p2a: Glimmora
|-supereffective|p2a: Glimmora
|-damage|p2a: Glimmora|0 fnt
|-unboost|p1a: Great Tusk|def|1
|-unboost|p1a: Great Tusk|spd|1
|-activate|p2a: Glimmora|ability: Toxic Debris
|-sidestart|p1: Tusia88|move: Toxic Spikes
|faint|p2a: Glimmora
|-enditem|p1a: Great Tusk|Eject Pack
|
|t:|1760365577
|-end|p1a: Great Tusk|Protosynthesis|[silent]
|switch|p1a: Cresselia|Cresselia, F|100/100
|
|upkeep
|
|t:|1760365581
|switch|p2a: Rillaboom|Rillaboom, M|100/100
|-fieldstart|move: Grassy Terrain|[from] ability: Grassy Surge|[of] p2a: Rillaboom
|turn|12
|
|t:|1760365585
|move|p2a: Rillaboom|Wood Hammer|p1a: Cresselia
|-damage|p1a: Cresselia|27/100
|-damage|p2a: Rillaboom|73/100|[from] Recoil
|-enditem|p1a: Cresselia|Eject Button
|
|t:|1760365590
|switch|p1a: Cinderace|Cinderace, F|66/100
|-status|p1a: Cinderace|psn
|
|-heal|p1a: Cinderace|72/100 psn|[from] Grassy Terrain
|-heal|p2a: Rillaboom|79/100|[from] Grassy Terrain
|-damage|p1a: Cinderace|60/100 psn|[from] psn
|upkeep
|turn|13
|
|t:|1760365594
|move|p1a: Cinderace|Court Change|p1a: Cinderace
|-start|p1a: Cinderace|typechange|Normal|[from] ability: Libero
|-swapsideconditions
|-activate|p1a: Cinderace|move: Court Change
|move|p2a: Rillaboom|Wood Hammer|p1a: Cinderace
|-damage|p1a: Cinderace|0 fnt
|faint|p1a: Cinderace
|-damage|p2a: Rillaboom|64/100|[from] Recoil
|
|-heal|p2a: Rillaboom|70/100|[from] Grassy Terrain
|upkeep
|
|t:|1760365600
|switch|p1a: Dragonite|Dragonite, M|100/100
|turn|14
|
|t:|1760365607
|switch|p2a: Great Tusk|Great Tusk|100/100
|move|p1a: Dragonite|Dragon Dance|p1a: Dragonite
|-boost|p1a: Dragonite|atk|1
|-boost|p1a: Dragonite|spe|1
|
|upkeep
|turn|15
|
|t:|1760365612
|-terastallize|p1a: Dragonite|Fairy
|move|p1a: Dragonite|Dragon Dance|p1a: Dragonite
|-boost|p1a: Dragonite|atk|1
|-boost|p1a: Dragonite|spe|1
|move|p2a: Great Tusk|Rapid Spin|p1a: Dragonite
|-damage|p1a: Dragonite|92/100
|-boost|p2a: Great Tusk|spe|1
|-sideend|p2: jxrx|Toxic Spikes|[from] move: Rapid Spin|[of] p2a: Great Tusk
|
|-heal|p1a: Dragonite|98/100|[from] Grassy Terrain
|upkeep
|turn|16
|
|t:|1760365620
|move|p1a: Dragonite|Tera Blast|p2a: Great Tusk|[anim] Tera Blast Fairy
|-supereffective|p2a: Great Tusk
|-damage|p2a: Great Tusk|0 fnt
|faint|p2a: Great Tusk
|-end|p2a: Great Tusk|Protosynthesis|[silent]
|
|-heal|p1a: Dragonite|100/100|[from] Grassy Terrain
|-fieldend|move: Grassy Terrain
|upkeep
|
|t:|1760365625
|switch|p2a: Rillaboom|Rillaboom, M|70/100
|-fieldstart|move: Grassy Terrain|[from] ability: Grassy Surge|[of] p2a: Rillaboom
|turn|17
|
|t:|1760365627
|move|p2a: Rillaboom|Grassy Glide|p1a: Dragonite
|-damage|p1a: Dragonite|68/100
|move|p1a: Dragonite|Tera Blast|p2a: Rillaboom|[anim] Tera Blast Fairy
|-damage|p2a: Rillaboom|0 fnt
|faint|p2a: Rillaboom
|
|-heal|p1a: Dragonite|74/100|[from] Grassy Terrain
|upkeep
|
|t:|1760365632
|switch|p2a: Empoleon|Empoleon, M|100/100
|turn|18
|
|t:|1760365635
|move|p1a: Dragonite|Earthquake|p2a: Empoleon
|-supereffective|p2a: Empoleon
|-damage|p2a: Empoleon|9/100
|move|p2a: Empoleon|Flash Cannon|p1a: Dragonite
|-supereffective|p1a: Dragonite
|-damage|p1a: Dragonite|0 fnt
|faint|p1a: Dragonite
|
|-heal|p2a: Empoleon|15/100|[from] Grassy Terrain
|-heal|p2a: Empoleon|21/100|[from] item: Leftovers
|upkeep
|
|t:|1760365641
|switch|p1a: Cresselia|Cresselia, F|27/100
|turn|19
|
|t:|1760365649
|move|p2a: Empoleon|Agility|p2a: Empoleon
|-boost|p2a: Empoleon|spe|2
|move|p1a: Cresselia|Moonlight|p1a: Cresselia
|-heal|p1a: Cresselia|77/100
|
|-heal|p2a: Empoleon|27/100|[from] Grassy Terrain
|-heal|p2a: Empoleon|33/100|[from] item: Leftovers
|upkeep
|turn|20
|
|t:|1760365650
|move|p2a: Empoleon|Surf|p1a: Cresselia
|-damage|p1a: Cresselia|49/100
|move|p1a: Cresselia|Thunder Wave|p2a: Empoleon
|-status|p2a: Empoleon|par
|
|-heal|p2a: Empoleon|39/100 par|[from] Grassy Terrain
|-heal|p2a: Empoleon|45/100 par|[from] item: Leftovers
|upkeep
|turn|21
|
|t:|1760365654
|cant|p2a: Empoleon|par
|move|p1a: Cresselia|Ice Beam|p2a: Empoleon
|-resisted|p2a: Empoleon
|-damage|p2a: Empoleon|41/100 par
|
|-heal|p2a: Empoleon|47/100 par|[from] Grassy Terrain
|-heal|p2a: Empoleon|53/100 par|[from] item: Leftovers
|-fieldend|move: Grassy Terrain
|upkeep
|turn|22
|
|t:|1760365656
|move|p2a: Empoleon|Agility|p2a: Empoleon
|-boost|p2a: Empoleon|spe|2
|move|p1a: Cresselia|Moonlight|p1a: Cresselia
|-heal|p1a: Cresselia|99/100
|
|-heal|p2a: Empoleon|59/100 par|[from] item: Leftovers
|upkeep
|turn|23
|
|t:|1760365659
|cant|p2a: Empoleon|par
|move|p1a: Cresselia|Ice Beam|p2a: Empoleon
|-resisted|p2a: Empoleon
|-damage|p2a: Empoleon|54/100 par
|
|-heal|p2a: Empoleon|60/100 par|[from] item: Leftovers
|upkeep
|turn|24
|
|t:|1760365661
|switch|p1a: Great Tusk|Great Tusk|53/100
|move|p2a: Empoleon|Agility|p2a: Empoleon
|-boost|p2a: Empoleon|spe|2
|
|-heal|p2a: Empoleon|66/100 par|[from] item: Leftovers
|upkeep
|turn|25
|
|t:|1760365665
|move|p2a: Empoleon|Surf|p1a: Great Tusk
|-supereffective|p1a: Great Tusk
|-damage|p1a: Great Tusk|0 fnt
|faint|p1a: Great Tusk
|-end|p1a: Great Tusk|Protosynthesis|[silent]
|
|-heal|p2a: Empoleon|72/100 par|[from] item: Leftovers
|upkeep
|-message|Tusia88 forfeited.
|
|win|jxrx
|raw|Tusia88's rating: 1449 &rarr; <strong>1426</strong><br />(-23 for losing)
|raw|jxrx's rating: 1402 &rarr; <strong>1425</strong><br />(+23 for winning)
|l|☆Tusia88
|player|p1|
|l|☆jxrx
|player|p2|
