|j|☆Navoros
|j|☆Knithar
|t:|1760323289
|gametype|singles
|player|p1|Navoros|102|1271
|player|p2|Knithar|sabrina|1291
|gen|9
|tier|[Gen 9] OU
|rated|
|rule|HP Percentage Mod: HP is shown in percentages
|rule|Endless Battle Clause: Forcing endless battles is banned
|rule|Species Clause: Limit one of each Pokémon
|rule|OHKO Clause: OHKO moves are banned
|rule|Evasion Items Clause: Evasion items are banned
|rule|Evasion Moves Clause: Evasion moves are banned
|rule|Evasion Abilities Clause: Evasion abilities are banned
|rule|Sleep Moves Clause: Sleep-inducing moves are banned
|clearpoke
|poke|p1|Sableye, M|
|poke|p1|Samurott-Hisui, M|
|poke|p1|Lokix, M|
|poke|p1|Toxicroak, F|
|poke|p1|Slowking-Galar, F|
|poke|p1|Alomomola, F|
|poke|p2|Tyranitar, F|
|poke|p2|Hippowdon, M|
|poke|p2|Garganacl, M|
|poke|p2|Excadrill, M|
|poke|p2|Corviknight, M|
|poke|p2|Hatterene, F|
|teampreview
|inactive|Battle timer is ON: inactive players will automatically lose when time's up. (requested by Knithar)
|
|t:|1760323314
|teamsize|p1|6
|teamsize|p2|6
|start
|switch|p1a: Samurott|Samurott-Hisui, M|100/100
|switch|p2a: Hippowdon|Hippowdon, M|100/100
|-weather|Sandstorm|[from] ability: Sand Stream|[of] p2a: Hippowdon
|turn|1
|
|t:|1760323322
|switch|p2a: Corviknight|Corviknight, M|100/100
|move|p1a: Samurott|Flip Turn|p2a: Corviknight
|-damage|p2a: Corviknight|85/100
|-damage|p1a: Samurott|84/100|[from] item: Rocky Helmet|[of] p2a: Corviknight
|
|t:|1760323331
|switch|p1a: Alomomola|Alomomola, F|100/100|[from] Flip Turn
|
|-weather|Sandstorm|[upkeep]
|-damage|p1a: Alomomola|94/100|[from] Sandstorm
|upkeep
|turn|2
|
|t:|1760323343
|move|p2a: Corviknight|U-turn|p1a: Alomomola
|-damage|p1a: Alomomola|85/100
|
|t:|1760323346
|switch|p2a: Excadrill|Excadrill, M|100/100|[from] U-turn
|move|p1a: Alomomola|Flip Turn|p2a: Excadrill
|-supereffective|p2a: Excadrill
|-damage|p2a: Excadrill|58/100
|
|t:|1760323365
|switch|p1a: Lokix|Lokix, M|100/100|[from] Flip Turn
|
|-weather|Sandstorm|[upkeep]
|-damage|p1a: Lokix|94/100|[from] Sandstorm
|upkeep
|turn|3
|
|t:|1760323382
|switch|p2a: Corviknight|Corviknight, M|85/100
|move|p1a: Lokix|First Impression|p2a: Corviknight
|-resisted|p2a: Corviknight
|-damage|p2a: Corviknight|66/100
|-damage|p1a: Lokix|78/100|[from] item: Rocky Helmet|[of] p2a: Corviknight
|
|-weather|Sandstorm|[upkeep]
|-damage|p1a: Lokix|72/100|[from] Sandstorm
|upkeep
|turn|4
|
|t:|1760323394
|switch|p1a: Slowking|Slowking-Galar, F|100/100
|move|p2a: Corviknight|Iron Head|p1a: Slowking
|-damage|p1a: Slowking|77/100
|
|-weather|Sandstorm|[upkeep]
|-damage|p1a: Slowking|70/100|[from] Sandstorm
|upkeep
|turn|5
|
|t:|1760323401
|move|p2a: Corviknight|U-turn|p1a: Slowking
|-damage|p1a: Slowking|55/100
|
|t:|1760323411
|switch|p2a: Tyranitar|Tyranitar, F|100/100|[from] U-turn
|-prepare|p1a: Slowking|Chilly Reception|[premajor]
|move|p1a: Slowking|Chilly Reception|p1a: Slowking
|-weather|Snowscape
|
|t:|1760323419
|switch|p1a: Samurott|Samurott-Hisui, M|84/100|[from] Chilly Reception
|
|-weather|Snowscape|[upkeep]
|upkeep
|turn|6
|inactive|Knithar has 120 seconds left.
|
|t:|1760323469
|switch|p1a: Alomomola|Alomomola, F|100/100
|switch|p2a: Corviknight|Corviknight, M|66/100
|
|-weather|Snowscape|[upkeep]
|upkeep
|turn|7
|inactive|Knithar has 120 seconds left.
|
|t:|1760323489
|move|p2a: Corviknight|Roost|p2a: Corviknight
|-heal|p2a: Corviknight|100/100
|-singleturn|p2a: Corviknight|move: Roost
|move|p1a: Alomomola|Scald|p2a: Corviknight
|-damage|p2a: Corviknight|88/100
|
|-weather|Snowscape|[upkeep]
|upkeep
|turn|8
|
|t:|1760323502
|move|p2a: Corviknight|Iron Head|p1a: Alomomola
|-resisted|p1a: Alomomola
|-damage|p1a: Alomomola|92/100
|move|p1a: Alomomola|Flip Turn|p2a: Corviknight
|-damage|p2a: Corviknight|79/100
|-damage|p1a: Alomomola|76/100|[from] item: Rocky Helmet|[of] p2a: Corviknight
|
|t:|1760323511
|switch|p1a: Slowking|Slowking-Galar, F|89/100|[from] Flip Turn
|
|-weather|Snowscape|[upkeep]
|upkeep
|turn|9
|inactive|Knithar has 120 seconds left.
|
|t:|1760323525
|move|p2a: Corviknight|U-turn|p1a: Slowking
|-damage|p1a: Slowking|74/100
|
|t:|1760323529
|switch|p2a: Tyranitar|Tyranitar, F|100/100|[from] U-turn
|-weather|Sandstorm|[from] ability: Sand Stream|[of] p2a: Tyranitar
|move|p1a: Slowking|Future Sight|p2a: Tyranitar
|-start|p1a: Slowking|move: Future Sight
|
|-weather|Sandstorm|[upkeep]
|-damage|p1a: Slowking|68/100|[from] Sandstorm
|upkeep
|turn|10
|
|t:|1760323554
|switch|p1a: Toxicroak|Toxicroak, F|100/100
|move|p2a: Tyranitar|Dragon Tail|p1a: Toxicroak
|-damage|p1a: Toxicroak|85/100
|drag|p1a: Sableye|Sableye, M, shiny|100/100
|
|-weather|Sandstorm|[upkeep]
|-damage|p1a: Sableye|95/100|[from] Sandstorm
|upkeep
|turn|11
|
|t:|1760323567
|move|p2a: Tyranitar|Stone Edge|p1a: Sableye
|-crit|p1a: Sableye
|-damage|p1a: Sableye|29/100
|move|p1a: Sableye|Knock Off|p2a: Tyranitar
|-resisted|p2a: Tyranitar
|-damage|p2a: Tyranitar|90/100
|-enditem|p2a: Tyranitar|Assault Vest|[from] move: Knock Off|[of] p1a: Sableye
|
|-weather|Sandstorm|[upkeep]
|-damage|p1a: Sableye|23/100|[from] Sandstorm
|-end|p2a: Tyranitar|move: Future Sight
|-immune|p2a: Tyranitar
|upkeep
|turn|12
|
|t:|1760323581
|switch|p1a: Alomomola|Alomomola, F|100/100
|move|p2a: Tyranitar|Knock Off|p1a: Alomomola
|-damage|p1a: Alomomola|71/100
|-enditem|p1a: Alomomola|Assault Vest|[from] move: Knock Off|[of] p2a: Tyranitar
|
|-weather|Sandstorm|[upkeep]
|-damage|p1a: Alomomola|65/100|[from] Sandstorm
|upkeep
|turn|13
|
|t:|1760323589
|move|p2a: Tyranitar|Stone Edge|p1a: Alomomola
|-damage|p1a: Alomomola|35/100
|move|p1a: Alomomola|Flip Turn|p2a: Tyranitar
|-supereffective|p2a: Tyranitar
|-damage|p2a: Tyranitar|65/100
|
|t:|1760323600
|switch|p1a: Toxicroak|Toxicroak, F|85/100|[from] Flip Turn
|
|-weather|none
|upkeep
|turn|14
|
|t:|1760323615
|switch|p1a: Alomomola|Alomomola, F|68/100
|switch|p2a: Corviknight|Corviknight, M|79/100
|
|upkeep
|turn|15
|
|t:|1760323624
|move|p2a: Corviknight|Roost|p2a: Corviknight
|-heal|p2a: Corviknight|100/100
|-singleturn|p2a: Corviknight|move: Roost
|move|p1a: Alomomola|Flip Turn|p2a: Corviknight
|-damage|p2a: Corviknight|91/100
|-damage|p1a: Alomomola|51/100|[from] item: Rocky Helmet|[of] p2a: Corviknight
|
|t:|1760323630
|switch|p1a: Sableye|Sableye, M, shiny|23/100|[from] Flip Turn
|
|upkeep
|turn|16
|inactive|Navoros has 120 seconds left.
|
|t:|1760323677
|switch|p1a: Alomomola|Alomomola, F|85/100
|move|p2a: Corviknight|Iron Head|p1a: Alomomola
|-resisted|p1a: Alomomola
|-damage|p1a: Alomomola|76/100
|
|upkeep
|turn|17
|inactive|Navoros has 120 seconds left.
|inactive|Knithar has 120 seconds left.
|inactive|Knithar has 90 seconds left.
|
|t:|1760323739
|move|p2a: Corviknight|U-turn|p1a: Alomomola
|-crit|p1a: Alomomola
|-damage|p1a: Alomomola|61/100
|
|t:|1760323745
|switch|p2a: Hatterene|Hatterene, F|100/100|[from] U-turn
|move|p1a: Alomomola|Flip Turn|p2a: Hatterene
|-damage|p2a: Hatterene|86/100
|inactive|Navoros has 120 seconds left.
|
|t:|1760323769
|switch|p1a: Slowking|Slowking-Galar, F|100/100|[from] Flip Turn
|
|-heal|p2a: Hatterene|92/100|[from] item: Leftovers
|upkeep
|turn|18
|inactive|Knithar has 60 seconds left.
|
|t:|1760323822
|move|p2a: Hatterene|Nuzzle|p1a: Slowking
|-damage|p1a: Slowking|96/100
|-status|p1a: Slowking|par
|-prepare|p1a: Slowking|Chilly Reception|[premajor]
|move|p1a: Slowking|Chilly Reception|p1a: Slowking
|-weather|Snowscape
|inactive|Navoros has 90 seconds left.
|
|t:|1760323840
|switch|p1a: Samurott|Samurott-Hisui, M|84/100|[from] Chilly Reception
|
|-weather|Snowscape|[upkeep]
|-heal|p2a: Hatterene|98/100|[from] item: Leftovers
|upkeep
|turn|19
|inactive|Navoros has 90 seconds left.
|
|t:|1760323862
|switch|p1a: Slowking|Slowking-Galar, F|100/100 par
|move|p2a: Hatterene|Nuzzle|p1a: Slowking
|-damage|p1a: Slowking|97/100 par
|
|-weather|Snowscape|[upkeep]
|-heal|p2a: Hatterene|100/100|[from] item: Leftovers
|upkeep
|turn|20
|
|t:|1760323875
|switch|p2a: Corviknight|Corviknight, M|91/100
|move|p1a: Slowking|Future Sight|p2a: Corviknight
|-start|p1a: Slowking|move: Future Sight
|
|-weather|Snowscape|[upkeep]
|upkeep
|turn|21
|inactive|Navoros has 90 seconds left.
|
|t:|1760323889
|move|p2a: Corviknight|Iron Head|p1a: Slowking
|-damage|p1a: Slowking|72/100 par
|move|p1a: Slowking|Ice Beam|p2a: Corviknight
|-damage|p2a: Corviknight|70/100
|-status|p2a: Corviknight|frz
|
|-weather|Snowscape|[upkeep]
|upkeep
|turn|22
|
|t:|1760323899
|cant|p2a: Corviknight|frz
|-prepare|p1a: Slowking|Chilly Reception|[premajor]
|move|p1a: Slowking|Chilly Reception|p1a: Slowking
|inactive|Navoros has 90 seconds left.
|
|t:|1760323912
|switch|p1a: Sableye|Sableye, M, shiny|23/100|[from] Chilly Reception
|
|-weather|none
|-end|p2a: Corviknight|move: Future Sight
|-resisted|p2a: Corviknight
|-damage|p2a: Corviknight|49/100 frz
|upkeep
|turn|23
|inactive|Knithar has 60 seconds left.
|
|t:|1760323933
|cant|p2a: Corviknight|frz
|move|p1a: Sableye|Knock Off|p2a: Corviknight
|-damage|p2a: Corviknight|34/100 frz
|-damage|p1a: Sableye|6/100|[from] item: Rocky Helmet|[of] p2a: Corviknight
|-enditem|p2a: Corviknight|Rocky Helmet|[from] move: Knock Off|[of] p1a: Sableye
|
|upkeep
|turn|24
|
|t:|1760323942
|move|p1a: Sableye|Pain Split|p2a: Corviknight
|-sethp|p2a: Corviknight|20/100 frz|[from] move: Pain Split|[silent]
|-sethp|p1a: Sableye|26/100|[from] move: Pain Split
|-curestatus|p2a: Corviknight|frz|[msg]
|move|p2a: Corviknight|Roost|p2a: Corviknight
|-heal|p2a: Corviknight|70/100
|-singleturn|p2a: Corviknight|move: Roost
|
|upkeep
|turn|25
|inactive|Knithar has 60 seconds left.
|
|t:|1760323949
|move|p1a: Sableye|Encore|p2a: Corviknight
|-start|p2a: Corviknight|Encore
|move|p2a: Corviknight|Roost|p2a: Corviknight
|-heal|p2a: Corviknight|100/100
|-singleturn|p2a: Corviknight|move: Roost
|
|upkeep
|turn|26
|
|t:|1760323960
|switch|p2a: Tyranitar|Tyranitar, F|65/100
|-weather|Sandstorm|[from] ability: Sand Stream|[of] p2a: Tyranitar
|switch|p1a: Alomomola|Alomomola, F|95/100
|
|-weather|Sandstorm|[upkeep]
|-damage|p1a: Alomomola|89/100|[from] Sandstorm
|upkeep
|turn|27
|
|t:|1760323970
|move|p2a: Tyranitar|Stone Edge|p1a: Alomomola
|-damage|p1a: Alomomola|58/100
|move|p1a: Alomomola|Flip Turn|p2a: Tyranitar
|-supereffective|p2a: Tyranitar
|-damage|p2a: Tyranitar|41/100
|inactive|Navoros has 120 seconds left.
|inactive|Navoros has 90 seconds left.
|
|t:|1760324017
|switch|p1a: Lokix|Lokix, M|72/100|[from] Flip Turn
|
|-weather|Sandstorm|[upkeep]
|-damage|p1a: Lokix|66/100|[from] Sandstorm
|upkeep
|turn|28
|inactive|Knithar has 60 seconds left.
|inactive|Knithar has 30 seconds left.
|inactive|Knithar has 20 seconds left.
|c|☆Navoros|bro
|inactive|Knithar has 15 seconds left.
|c|☆Navoros|dont lose to time
|inactive|Knithar has 10 seconds left.
|
|t:|1760324098
|switch|p2a: Hippowdon|Hippowdon, M|100/100
|move|p1a: Lokix|U-turn|p2a: Hippowdon
|-damage|p2a: Hippowdon|73/100
|inactive|Navoros has 90 seconds left.
|
|t:|1760324132
|switch|p1a: Alomomola|Alomomola, F|91/100|[from] U-turn
|
|-weather|Sandstorm|[upkeep]
|-damage|p1a: Alomomola|85/100|[from] Sandstorm
|upkeep
|turn|29
|inactive|Knithar has 25 seconds left this turn.
|inactive|Knithar has 20 seconds left.
|inactive|Knithar has 15 seconds left.
|inactive|Knithar has 10 seconds left.
|
|t:|1760324147
|move|p2a: Hippowdon|Amnesia|p2a: Hippowdon
|-boost|p2a: Hippowdon|spd|2
|move|p1a: Alomomola|Flip Turn|p2a: Hippowdon
|-supereffective|p2a: Hippowdon
|-damage|p2a: Hippowdon|55/100
|inactive|Navoros has 60 seconds left.
|
|t:|1760324178
|switch|p1a: Sableye|Sableye, M, shiny|26/100|[from] Flip Turn
|
|-weather|Sandstorm|[upkeep]
|-damage|p1a: Sableye|20/100|[from] Sandstorm
|upkeep
|turn|30
|inactive|Knithar has 25 seconds left this turn.
|
|t:|1760324181
|switch|p2a: Tyranitar|Tyranitar, F|41/100
|move|p1a: Sableye|Encore|p2a: Tyranitar
|-hint|Since gen 7, Dark is immune to Prankster moves.
|-immune|p2a: Tyranitar
|
|-weather|none
|upkeep
|turn|31
|inactive|Knithar has 30 seconds left.
|
|t:|1760324191
|switch|p2a: Garganacl|Garganacl, M|100/100
|switch|p1a: Alomomola|Alomomola, F|100/100
|
|upkeep
|turn|32
|inactive|Knithar has 30 seconds left.
|
|t:|1760324202
|move|p1a: Alomomola|Flip Turn|p2a: Garganacl
|-supereffective|p2a: Garganacl
|-damage|p2a: Garganacl|79/100
|
|t:|1760324208
|switch|p1a: Slowking|Slowking-Galar, F|100/100 par|[from] Flip Turn
|move|p2a: Garganacl|Iron Defense|p2a: Garganacl
|-boost|p2a: Garganacl|def|2
|
|-heal|p2a: Garganacl|85/100|[from] item: Leftovers
|upkeep
|turn|33
|
|t:|1760324218
|move|p2a: Garganacl|Salt Cure|p1a: Slowking
|-damage|p1a: Slowking|85/100 par
|-start|p1a: Slowking|Salt Cure
|-prepare|p1a: Slowking|Chilly Reception|[premajor]
|cant|p1a: Slowking|par
|
|-heal|p2a: Garganacl|92/100|[from] item: Leftovers
|-damage|p1a: Slowking|73/100 par|[from] Salt Cure
|upkeep
|turn|34
|
|t:|1760324225
|move|p2a: Garganacl|Salt Cure|p1a: Slowking
|-damage|p1a: Slowking|59/100 par
|-prepare|p1a: Slowking|Chilly Reception|[premajor]
|cant|p1a: Slowking|par
|
|-heal|p2a: Garganacl|98/100|[from] item: Leftovers
|-damage|p1a: Slowking|46/100 par|[from] Salt Cure
|upkeep
|turn|35
|
|t:|1760324232
|move|p2a: Garganacl|Salt Cure|p1a: Slowking
|-damage|p1a: Slowking|32/100 par
|-prepare|p1a: Slowking|Chilly Reception|[premajor]
|move|p1a: Slowking|Chilly Reception|p1a: Slowking
|-weather|Snowscape
|
|t:|1760324242
|switch|p1a: Toxicroak|Toxicroak, F|85/100|[from] Chilly Reception
|
|-weather|Snowscape|[upkeep]
|-heal|p2a: Garganacl|100/100|[from] item: Leftovers
|upkeep
|turn|36
|inactive|Navoros has 90 seconds left.
|
|t:|1760324257
|switch|p1a: Slowking|Slowking-Galar, F|65/100 par
|move|p2a: Garganacl|Salt Cure|p1a: Slowking
|-damage|p1a: Slowking|50/100 par
|-start|p1a: Slowking|Salt Cure
|
|-weather|Snowscape|[upkeep]
|-damage|p1a: Slowking|37/100 par|[from] Salt Cure
|upkeep
|turn|37
|
|t:|1760324264
|switch|p1a: Alomomola|Alomomola, F|100/100
|move|p2a: Garganacl|Salt Cure|p1a: Alomomola
|-damage|p1a: Alomomola|91/100
|-start|p1a: Alomomola|Salt Cure
|
|-weather|Snowscape|[upkeep]
|-damage|p1a: Alomomola|66/100|[from] Salt Cure
|upkeep
|turn|38
|inactive|Navoros has 90 seconds left.
|
|t:|1760324284
|switch|p1a: Sableye|Sableye, M, shiny|20/100
|move|p2a: Garganacl|Iron Defense|p2a: Garganacl
|-boost|p2a: Garganacl|def|2
|
|-weather|Snowscape|[upkeep]
|upkeep
|turn|39
|inactive|Navoros has 90 seconds left.
|
|t:|1760324303
|move|p1a: Sableye|Pain Split|p2a: Garganacl
|-sethp|p2a: Garganacl|58/100|[from] move: Pain Split|[silent]
|-sethp|p1a: Sableye|77/100|[from] move: Pain Split
|move|p2a: Garganacl|Salt Cure|p1a: Sableye
|-damage|p1a: Sableye|63/100
|-start|p1a: Sableye|Salt Cure
|
|-weather|none
|-heal|p2a: Garganacl|64/100|[from] item: Leftovers
|-damage|p1a: Sableye|51/100|[from] Salt Cure
|upkeep
|turn|40
|inactive|Navoros has 90 seconds left.
|inactive|Knithar has 90 seconds left.
|
|t:|1760324324
|switch|p1a: Alomomola|Alomomola, F|99/100
|move|p2a: Garganacl|Salt Cure|p1a: Alomomola
|-damage|p1a: Alomomola|89/100
|-start|p1a: Alomomola|Salt Cure
|
|-heal|p2a: Garganacl|70/100|[from] item: Leftovers
|-damage|p1a: Alomomola|64/100|[from] Salt Cure
|upkeep
|turn|41
|inactive|Navoros has 90 seconds left.
|
|t:|1760324346
|switch|p1a: Slowking|Slowking-Galar, F|71/100 par
|switch|p2a: Hippowdon|Hippowdon, M|55/100
|-weather|Sandstorm|[from] ability: Sand Stream|[of] p2a: Hippowdon
|
|-weather|Sandstorm|[upkeep]
|-damage|p1a: Slowking|65/100 par|[from] Sandstorm
|upkeep
|turn|42
|
|t:|1760324353
|switch|p2a: Garganacl|Garganacl, M|70/100
|switch|p1a: Alomomola|Alomomola, F|98/100
|
|-weather|Sandstorm|[upkeep]
|-damage|p1a: Alomomola|91/100|[from] Sandstorm
|-heal|p2a: Garganacl|76/100|[from] item: Leftovers
|upkeep
|turn|43
|
|t:|1760324360
|move|p1a: Alomomola|Flip Turn|p2a: Garganacl
|-supereffective|p2a: Garganacl
|-damage|p2a: Garganacl|54/100
|
|t:|1760324379
|switch|p1a: Slowking|Slowking-Galar, F|98/100 par|[from] Flip Turn
|move|p2a: Garganacl|Salt Cure|p1a: Slowking
|-damage|p1a: Slowking|83/100 par
|-start|p1a: Slowking|Salt Cure
|
|-weather|Sandstorm|[upkeep]
|-damage|p1a: Slowking|77/100 par|[from] Sandstorm
|-heal|p2a: Garganacl|60/100|[from] item: Leftovers
|-damage|p1a: Slowking|64/100 par|[from] Salt Cure
|upkeep
|turn|44
|
|t:|1760324386
|move|p2a: Garganacl|Iron Defense|p2a: Garganacl
|-boost|p2a: Garganacl|def|2
|-prepare|p1a: Slowking|Chilly Reception|[premajor]
|move|p1a: Slowking|Chilly Reception|p1a: Slowking
|-weather|Snowscape
|
|t:|1760324414
|switch|p1a: Sableye|Sableye, M, shiny|51/100|[from] Chilly Reception
|
|-weather|Snowscape|[upkeep]
|-heal|p2a: Garganacl|66/100|[from] item: Leftovers
|upkeep
|turn|45
|
|t:|1760324422
|switch|p1a: Alomomola|Alomomola, F|100/100
|move|p2a: Garganacl|Salt Cure|p1a: Alomomola
|-damage|p1a: Alomomola|91/100
|-start|p1a: Alomomola|Salt Cure
|
|-weather|Snowscape|[upkeep]
|-heal|p2a: Garganacl|73/100|[from] item: Leftovers
|-damage|p1a: Alomomola|66/100|[from] Salt Cure
|upkeep
|turn|46
|
|t:|1760324428
|move|p1a: Alomomola|Flip Turn|p2a: Garganacl
|-supereffective|p2a: Garganacl
|-damage|p2a: Garganacl|61/100
|
|t:|1760324433
|switch|p1a: Slowking|Slowking-Galar, F|97/100 par|[from] Flip Turn
|move|p2a: Garganacl|Salt Cure|p1a: Slowking
|-damage|p1a: Slowking|83/100 par
|-start|p1a: Slowking|Salt Cure
|
|-weather|Snowscape|[upkeep]
|-heal|p2a: Garganacl|67/100|[from] item: Leftovers
|-damage|p1a: Slowking|71/100 par|[from] Salt Cure
|upkeep
|turn|47
|
|t:|1760324463
|move|p2a: Garganacl|Recover|p2a: Garganacl
|-heal|p2a: Garganacl|100/100
|-prepare|p1a: Slowking|Chilly Reception|[premajor]
|move|p1a: Slowking|Chilly Reception|p1a: Slowking
|
|t:|1760324479
|switch|p1a: Sableye|Sableye, M, shiny|51/100|[from] Chilly Reception
|
|-weather|Snowscape|[upkeep]
|upkeep
|turn|48
|
|t:|1760324497
|switch|p2a: Tyranitar|Tyranitar, F|41/100
|-weather|Sandstorm|[from] ability: Sand Stream|[of] p2a: Tyranitar
|move|p1a: Sableye|Knock Off|p2a: Tyranitar
|-resisted|p2a: Tyranitar
|-damage|p2a: Tyranitar|33/100
|
|-weather|Sandstorm|[upkeep]
|-damage|p1a: Sableye|45/100|[from] Sandstorm
|upkeep
|turn|49
|
|t:|1760324517
|switch|p1a: Alomomola|Alomomola, F|99/100
|move|p2a: Tyranitar|Dragon Tail|p1a: Alomomola
|-damage|p1a: Alomomola|88/100
|drag|p1a: Samurott|Samurott-Hisui, M|84/100
|
|-weather|Sandstorm|[upkeep]
|-damage|p1a: Samurott|78/100|[from] Sandstorm
|upkeep
|turn|50
|
|t:|1760324531
|move|p1a: Samurott|Flip Turn|p2a: Tyranitar
|-supereffective|p2a: Tyranitar
|-damage|p2a: Tyranitar|0 fnt
|faint|p2a: Tyranitar
|
|t:|1760324543
|switch|p1a: Alomomola|Alomomola, F|100/100|[from] Flip Turn
|
|-weather|Sandstorm|[upkeep]
|-damage|p1a: Alomomola|94/100|[from] Sandstorm
|upkeep
|inactive|Knithar has 120 seconds left.
|
|t:|1760324582
|switch|p2a: Excadrill|Excadrill, M|58/100
|turn|51
|
|t:|1760324599
|-terastallize|p2a: Excadrill|Ground
|move|p2a: Excadrill|Earthquake|p1a: Alomomola
|-damage|p1a: Alomomola|0 fnt
|faint|p1a: Alomomola
|
|-weather|Sandstorm|[upkeep]
|upkeep
|inactive|Navoros has 60 seconds left.
|
|t:|1760324624
|switch|p1a: Lokix|Lokix, M|66/100
|turn|52
|
|t:|1760324630
|switch|p2a: Corviknight|Corviknight, M|100/100
|move|p1a: Lokix|First Impression|p2a: Corviknight
|-resisted|p2a: Corviknight
|-damage|p2a: Corviknight|79/100
|
|-weather|none
|upkeep
|turn|53
|
|t:|1760324638
|switch|p1a: Sableye|Sableye, M, shiny|45/100
|move|p2a: Corviknight|Iron Head|p1a: Sableye
|-damage|p1a: Sableye|22/100
|
|upkeep
|turn|54
|inactive|Knithar has 120 seconds left.
|
|t:|1760324670
|move|p1a: Sableye|Pain Split|p2a: Corviknight
|-sethp|p2a: Corviknight|48/100|[from] move: Pain Split|[silent]
|-sethp|p1a: Sableye|63/100|[from] move: Pain Split
|move|p2a: Corviknight|U-turn|p1a: Sableye
|-damage|p1a: Sableye|48/100
|inactive|Knithar has 120 seconds left.
|
|t:|1760324678
|switch|p2a: Hippowdon|Hippowdon, M|55/100|[from] U-turn
|-weather|Sandstorm|[from] ability: Sand Stream|[of] p2a: Hippowdon
|
|-weather|Sandstorm|[upkeep]
|-damage|p1a: Sableye|42/100|[from] Sandstorm
|upkeep
|turn|55
|
|t:|1760324700
|switch|p2a: Hatterene|Hatterene, F|100/100
|move|p1a: Sableye|Will-O-Wisp|p2a: Hatterene
|move|p2a: Hatterene|Will-O-Wisp|p1a: Sableye|[from] ability: Magic Bounce
|-status|p1a: Sableye|brn
|
|-weather|Sandstorm|[upkeep]
|-damage|p1a: Sableye|36/100 brn|[from] Sandstorm
|-damage|p2a: Hatterene|95/100|[from] Sandstorm
|-heal|p2a: Hatterene|100/100|[from] item: Leftovers
|-damage|p1a: Sableye|30/100 brn|[from] brn
|upkeep
|turn|56
|inactive|Navoros has 60 seconds left.
|inactive|Knithar has 120 seconds left.
|inactive|Knithar has 90 seconds left.
|
|t:|1760324750
|switch|p1a: Slowking|Slowking-Galar, F|100/100 par
|move|p2a: Hatterene|Trick Room|p2a: Hatterene
|-fieldstart|move: Trick Room|[of] p2a: Hatterene
|
|-weather|Sandstorm|[upkeep]
|-damage|p1a: Slowking|94/100 par|[from] Sandstorm
|-damage|p2a: Hatterene|95/100|[from] Sandstorm
|-heal|p2a: Hatterene|100/100|[from] item: Leftovers
|upkeep
|turn|57
|inactive|Knithar has 90 seconds left.
|inactive|Navoros has 60 seconds left.
|
|t:|1760324796
|cant|p1a: Slowking|par
|move|p2a: Hatterene|Future Sight|p1a: Slowking
|-start|p2a: Hatterene|move: Future Sight
|
|-weather|Sandstorm|[upkeep]
|-damage|p1a: Slowking|88/100 par|[from] Sandstorm
|-damage|p2a: Hatterene|95/100|[from] Sandstorm
|-heal|p2a: Hatterene|100/100|[from] item: Leftovers
|upkeep
|turn|58
|inactive|Knithar has 60 seconds left.
|
|t:|1760324819
|switch|p2a: Garganacl|Garganacl, M|100/100
|move|p1a: Slowking|Future Sight|p2a: Garganacl
|-start|p1a: Slowking|move: Future Sight
|
|-weather|Sandstorm|[upkeep]
|-damage|p1a: Slowking|82/100 par|[from] Sandstorm
|upkeep
|turn|59
|
|t:|1760324831
|-prepare|p1a: Slowking|Chilly Reception|[premajor]
|cant|p1a: Slowking|par
|move|p2a: Garganacl|Salt Cure|p1a: Slowking
|-damage|p1a: Slowking|67/100 par
|-start|p1a: Slowking|Salt Cure
|
|-weather|Sandstorm|[upkeep]
|-damage|p1a: Slowking|61/100 par|[from] Sandstorm
|-end|p1a: Slowking|move: Future Sight
|-damage|p1a: Slowking|31/100 par
|-damage|p1a: Slowking|18/100 par|[from] Salt Cure
|upkeep
|turn|60
|inactive|Knithar has 60 seconds left.
|
|t:|1760324854
|switch|p1a: Toxicroak|Toxicroak, F|85/100
|move|p2a: Garganacl|Salt Cure|p1a: Toxicroak
|-resisted|p1a: Toxicroak
|-damage|p1a: Toxicroak|79/100
|-start|p1a: Toxicroak|Salt Cure
|
|-weather|Sandstorm|[upkeep]
|-damage|p1a: Toxicroak|73/100|[from] Sandstorm
|-end|p2a: Garganacl|move: Future Sight
|-damage|p2a: Garganacl|82/100
|-heal|p2a: Garganacl|89/100|[from] item: Leftovers
|-damage|p1a: Toxicroak|60/100|[from] Salt Cure
|-fieldend|move: Trick Room
|upkeep
|turn|61
|inactive|Knithar has 60 seconds left.
|inactive|Navoros has 30 seconds left.
|inactive|Navoros has 20 seconds left.
|inactive|Navoros has 15 seconds left.
|
|t:|1760324885
|move|p1a: Toxicroak|Drain Punch|p2a: Garganacl
|-supereffective|p2a: Garganacl
|-damage|p2a: Garganacl|54/100
|-heal|p1a: Toxicroak|80/100|[from] drain|[of] p2a: Garganacl
|move|p2a: Garganacl|Iron Defense|p2a: Garganacl
|-boost|p2a: Garganacl|def|2
|
|-weather|none
|-heal|p2a: Garganacl|60/100|[from] item: Leftovers
|-damage|p1a: Toxicroak|68/100|[from] Salt Cure
|upkeep
|turn|62
|inactive|Navoros has 25 seconds left this turn.
|inactive|Navoros has 20 seconds left.
|inactive|Knithar has 60 seconds left.
|inactive|Navoros has 15 seconds left.
|
|t:|1760324909
|switch|p1a: Sableye|Sableye, M, shiny|30/100 brn
|move|p2a: Garganacl|Salt Cure|p1a: Sableye
|-damage|p1a: Sableye|17/100 brn
|-start|p1a: Sableye|Salt Cure
|
|-heal|p2a: Garganacl|66/100|[from] item: Leftovers
|-damage|p1a: Sableye|11/100 brn|[from] brn
|-damage|p1a: Sableye|0 fnt|[from] Salt Cure
|faint|p1a: Sableye
|upkeep
|inactive|Navoros has 20 seconds left this turn.
|inactive|Navoros has 15 seconds left.
|inactive|Navoros has 10 seconds left.
|inactive|Navoros has 5 seconds left.
|
|t:|1760324925
|switch|p1a: Samurott|Samurott-Hisui, M|78/100
|turn|63
|inactive|Navoros has 15 seconds left this turn.
|inactive|Navoros has 10 seconds left.
|inactive|Knithar has 30 seconds left.
|
|t:|1760324963
|switch|p2a: Corviknight|Corviknight, M|48/100
|move|p1a: Samurott|Sacred Sword|p2a: Corviknight
|-damage|p2a: Corviknight|24/100
|
|upkeep
|turn|64
|inactive|Navoros has 20 seconds left this turn.
|inactive|Navoros has 15 seconds left.
|
|t:|1760324969
|move|p1a: Samurott|Ceaseless Edge|p2a: Corviknight
|-damage|p2a: Corviknight|0 fnt
|-sidestart|p2: Knithar|Spikes
|faint|p2a: Corviknight
|
|upkeep
|
|t:|1760324974
|switch|p2a: Hippowdon|Hippowdon, M|55/100
|-damage|p2a: Hippowdon|42/100|[from] Spikes
|-weather|Sandstorm|[from] ability: Sand Stream|[of] p2a: Hippowdon
|turn|65
|inactive|Navoros has 30 seconds left this turn.
|inactive|Navoros has 20 seconds left.
|inactive|Navoros has 15 seconds left.
|inactive|Navoros has 10 seconds left.
|inactive|Knithar has 30 seconds left.
|inactive|Navoros has 5 seconds left.
|inactive|Knithar has 20 seconds left.
|inactive|Knithar has 15 seconds left.
|inactive|Knithar has 10 seconds left.
|inactive|Knithar has 5 seconds left.
|
|t:|1760325021
|move|p1a: Samurott|Flip Turn|p2a: Hippowdon
|-supereffective|p2a: Hippowdon
|-damage|p2a: Hippowdon|14/100
|inactive|Navoros has 10 seconds left this turn.
|
|t:|1760325023
|switch|p1a: Toxicroak|Toxicroak, F|68/100|[from] Flip Turn
|move|p2a: Hippowdon|Slack Off|p2a: Hippowdon
|-heal|p2a: Hippowdon|64/100
|
|-weather|Sandstorm|[upkeep]
|-damage|p1a: Toxicroak|62/100|[from] Sandstorm
|upkeep
|turn|66
|inactive|Navoros has 20 seconds left this turn.
|inactive|Knithar has 20 seconds left this turn.
|inactive|Knithar has 15 seconds left.
|
|t:|1760325028
|move|p1a: Toxicroak|Toxic|p2a: Hippowdon
|-status|p2a: Hippowdon|tox
|move|p2a: Hippowdon|Earthquake|p1a: Toxicroak
|-supereffective|p1a: Toxicroak
|-damage|p1a: Toxicroak|0 fnt
|faint|p1a: Toxicroak
|
|-weather|Sandstorm|[upkeep]
|-damage|p2a: Hippowdon|58/100 tox|[from] psn
|upkeep
|inactive|Navoros has 25 seconds left this turn.
|inactive|Navoros has 20 seconds left.
|inactive|Navoros has 15 seconds left.
|inactive|Navoros has 10 seconds left.
|
|t:|1760325045
|switch|p1a: Samurott|Samurott-Hisui, M|78/100
|turn|67
|inactive|Navoros has 20 seconds left this turn.
|inactive|Knithar has 30 seconds left this turn.
|inactive|Navoros has 15 seconds left.
|
|t:|1760325054
|switch|p2a: Hatterene|Hatterene, F|100/100
|-damage|p2a: Hatterene|88/100|[from] Spikes
|move|p1a: Samurott|Sacred Sword|p2a: Hatterene
|-resisted|p2a: Hatterene
|-damage|p2a: Hatterene|80/100
|
|-weather|Sandstorm|[upkeep]
|-damage|p1a: Samurott|72/100|[from] Sandstorm
|-damage|p2a: Hatterene|74/100|[from] Sandstorm
|-heal|p2a: Hatterene|80/100|[from] item: Leftovers
|upkeep
|turn|68
|inactive|Navoros has 25 seconds left this turn.
|inactive|Navoros has 20 seconds left.
|inactive|Knithar has 30 seconds left.
|
|t:|1760325060
|move|p1a: Samurott|Flip Turn|p2a: Hatterene
|-damage|p2a: Hatterene|57/100
|inactive|Navoros has 25 seconds left this turn.
|
|t:|1760325062
|switch|p1a: Slowking|Slowking-Galar, F|51/100 par|[from] Flip Turn
|move|p2a: Hatterene|Trick Room|p2a: Hatterene
|-fieldstart|move: Trick Room|[of] p2a: Hatterene
|
|-weather|Sandstorm|[upkeep]
|-damage|p1a: Slowking|45/100 par|[from] Sandstorm
|-damage|p2a: Hatterene|51/100|[from] Sandstorm
|-heal|p2a: Hatterene|57/100|[from] item: Leftovers
|upkeep
|turn|69
|inactive|Navoros has 30 seconds left.
|
|t:|1760325070
|cant|p1a: Slowking|par
|move|p2a: Hatterene|Future Sight|p1a: Slowking
|-start|p2a: Hatterene|move: Future Sight
|
|-weather|Sandstorm|[upkeep]
|-damage|p1a: Slowking|39/100 par|[from] Sandstorm
|-damage|p2a: Hatterene|51/100|[from] Sandstorm
|-heal|p2a: Hatterene|57/100|[from] item: Leftovers
|upkeep
|turn|70
|
|t:|1760325080
|switch|p2a: Excadrill|Excadrill, M, tera:Ground|58/100
|-damage|p2a: Excadrill|46/100|[from] Spikes
|move|p1a: Slowking|Sludge Bomb|p2a: Excadrill
|-resisted|p2a: Excadrill
|-crit|p2a: Excadrill
|-damage|p2a: Excadrill|14/100
|
|-weather|Sandstorm|[upkeep]
|-damage|p1a: Slowking|33/100 par|[from] Sandstorm
|upkeep
|turn|71
|inactive|Knithar has 60 seconds left.
|
|t:|1760325090
|switch|p2a: Garganacl|Garganacl, M|66/100
|-damage|p2a: Garganacl|54/100|[from] Spikes
|move|p1a: Slowking|Ice Beam|p2a: Garganacl
|-damage|p2a: Garganacl|44/100
|
|-weather|Sandstorm|[upkeep]
|-damage|p1a: Slowking|27/100 par|[from] Sandstorm
|-end|p1a: Slowking|move: Future Sight
|-damage|p1a: Slowking|0 fnt
|faint|p1a: Slowking
|-heal|p2a: Garganacl|50/100|[from] item: Leftovers
|upkeep
|inactive|Navoros has 30 seconds left.
|
|t:|1760325108
|switch|p1a: Samurott|Samurott-Hisui, M|72/100
|turn|72
|inactive|Knithar has 60 seconds left.
|
|t:|1760325130
|move|p2a: Garganacl|Salt Cure|p1a: Samurott
|-damage|p1a: Samurott|52/100
|-start|p1a: Samurott|Salt Cure
|move|p1a: Samurott|Ceaseless Edge|p2a: Garganacl
|-damage|p2a: Garganacl|20/100
|-sidestart|p2: Knithar|Spikes
|
|-weather|none
|-heal|p2a: Garganacl|26/100|[from] item: Leftovers
|-damage|p1a: Samurott|27/100|[from] Salt Cure
|-fieldend|move: Trick Room
|upkeep
|turn|73
|
|t:|1760325144
|move|p1a: Samurott|Flip Turn|p2a: Garganacl
|-supereffective|p2a: Garganacl
|-damage|p2a: Garganacl|0 fnt
|faint|p2a: Garganacl
|
|t:|1760325148
|switch|p1a: Lokix|Lokix, M|66/100|[from] Flip Turn
|
|upkeep
|
|t:|1760325152
|switch|p2a: Hippowdon|Hippowdon, M|58/100 tox
|-damage|p2a: Hippowdon|41/100 tox|[from] Spikes
|-weather|Sandstorm|[from] ability: Sand Stream|[of] p2a: Hippowdon
|turn|74
|inactive|Navoros has 60 seconds left.
|
|t:|1760325161
|-terastallize|p1a: Lokix|Bug
|move|p1a: Lokix|First Impression|p2a: Hippowdon
|-damage|p2a: Hippowdon|0 fnt
|faint|p2a: Hippowdon
|
|-weather|Sandstorm|[upkeep]
|-damage|p1a: Lokix|60/100|[from] Sandstorm
|upkeep
|
|t:|1760325167
|switch|p2a: Hatterene|Hatterene, F|57/100
|-damage|p2a: Hatterene|40/100|[from] Spikes
|turn|75
|
|t:|1760325172
|switch|p1a: Samurott|Samurott-Hisui, M|27/100
|move|p2a: Hatterene|Trick Room|p2a: Hatterene
|-fieldstart|move: Trick Room|[of] p2a: Hatterene
|
|-weather|Sandstorm|[upkeep]
|-damage|p2a: Hatterene|34/100|[from] Sandstorm
|-damage|p1a: Samurott|21/100|[from] Sandstorm
|-heal|p2a: Hatterene|40/100|[from] item: Leftovers
|upkeep
|turn|76
|
|t:|1760325183
|move|p2a: Hatterene|Draining Kiss|p1a: Samurott
|-supereffective|p1a: Samurott
|-damage|p1a: Samurott|0 fnt
|-heal|p2a: Hatterene|56/100|[from] drain|[of] p1a: Samurott
|faint|p1a: Samurott
|
|-weather|Sandstorm|[upkeep]
|-damage|p2a: Hatterene|50/100|[from] Sandstorm
|-heal|p2a: Hatterene|56/100|[from] item: Leftovers
|upkeep
|
|t:|1760325189
|switch|p1a: Lokix|Lokix, M, tera:Bug|60/100
|turn|77
|
|t:|1760325191
|move|p1a: Lokix|First Impression|p2a: Hatterene
|-damage|p2a: Hatterene|0 fnt
|faint|p2a: Hatterene
|
|-weather|Sandstorm|[upkeep]
|-damage|p1a: Lokix|54/100|[from] Sandstorm
|upkeep
|
|t:|1760325194
|switch|p2a: Excadrill|Excadrill, M, tera:Ground|14/100
|-damage|p2a: Excadrill|0 fnt|[from] Spikes
|faint|p2a: Excadrill
|
|win|Navoros
|raw|Navoros's rating: 1271 &rarr; <strong>1297</strong><br />(+26 for winning)
|raw|Knithar's rating: 1291 &rarr; <strong>1265</strong><br />(-26 for losing)
|c|☆Knithar|Gg
|c|☆Navoros|gg
|c|☆Navoros|holy FUCK
|c|☆Navoros|banded btw
|c|☆Navoros|im sure yk
