|j|☆JourderJottle
|j|☆delete tera
|t:|1760382236
|gametype|singles
|player|p1|JourderJottle|blaine|1282
|player|p2|delete tera|101|1294
|gen|9
|tier|[Gen 9] OU
|rated|
|rule|HP Percentage Mod: HP is shown in percentages
|rule|Endless Battle Clause: Forcing endless battles is banned
|rule|Species Clause: Limit one of each Pokémon
|rule|OHKO Clause: OHKO moves are banned
|rule|Evasion Items Clause: Evasion items are banned
|rule|Evasion Moves Clause: Evasion moves are banned
|rule|Evasion Abilities Clause: Evasion abilities are banned
|rule|Sleep Moves Clause: Sleep-inducing moves are banned
|clearpoke
|poke|p1|Great Tusk|
|poke|p1|Ceruledge, M|
|poke|p1|Primarina, F|
|poke|p1|Zapdos|
|poke|p1|Scizor, M|
|poke|p1|Dragapult, M|
|poke|p2|Granbull, M|
|poke|p2|Iron Valiant|
|poke|p2|Heatran, M|
|poke|p2|Volcanion|
|poke|p2|Cinderace, M|
|poke|p2|Iron Hands|
|teampreview
|inactive|Battle timer is ON: inactive players will automatically lose when time's up. (requested by delete tera)
|
|t:|1760382260
|teamsize|p1|6
|teamsize|p2|6
|start
|switch|p1a: Scizor|Scizor, M|100/100
|switch|p2a: Granbull|Granbull, M|100/100
|-ability|p2a: Granbull|Intimidate|boost
|-unboost|p1a: Scizor|atk|1
|turn|1
|
|t:|1760382268
|switch|p2a: Iron Hands|Iron Hands|100/100
|-enditem|p2a: Iron Hands|Booster Energy
|-activate|p2a: Iron Hands|ability: Quark Drive|[fromitem]
|-start|p2a: Iron Hands|quarkdriveatk
|move|p1a: Scizor|U-turn|p2a: Iron Hands
|-resisted|p2a: Iron Hands
|-damage|p2a: Iron Hands|87/100
|
|t:|1760382281
|switch|p1a: Great Tusk|Great Tusk|100/100|[from] U-turn
|
|upkeep
|turn|2
|
|t:|1760382292
|-terastallize|p2a: Iron Hands|Bug
|move|p1a: Great Tusk|Stealth Rock|p2a: Iron Hands
|-sidestart|p2: delete tera|move: Stealth Rock
|move|p2a: Iron Hands|Swords Dance|p2a: Iron Hands
|-boost|p2a: Iron Hands|atk|2
|
|upkeep
|turn|3
|
|t:|1760382303
|-end|p1a: Great Tusk|Protosynthesis|[silent]
|switch|p1a: Zapdos|Zapdos|100/100
|move|p2a: Iron Hands|Swords Dance|p2a: Iron Hands
|-boost|p2a: Iron Hands|atk|2
|
|upkeep
|turn|4
|
|t:|1760382308
|move|p1a: Zapdos|Discharge|p2a: Iron Hands
|-damage|p2a: Iron Hands|54/100
|move|p2a: Iron Hands|Drain Punch|p1a: Zapdos
|-resisted|p1a: Zapdos
|-damage|p1a: Zapdos|39/100
|-heal|p2a: Iron Hands|77/100|[from] drain|[of] p1a: Zapdos
|-status|p2a: Iron Hands|par|[from] ability: Static|[of] p1a: Zapdos
|
|upkeep
|turn|5
|
|t:|1760382318
|move|p1a: Zapdos|Hurricane|p2a: Iron Hands
|-supereffective|p2a: Iron Hands
|-damage|p2a: Iron Hands|0 fnt
|faint|p2a: Iron Hands
|-end|p2a: Iron Hands|Quark Drive|[silent]
|
|upkeep
|
|t:|1760382321
|switch|p2a: Heatran|Heatran, M|100/100
|-damage|p2a: Heatran|88/100|[from] Stealth Rock
|turn|6
|
|t:|1760382325
|move|p2a: Heatran|Magma Storm|p1a: Zapdos|[miss]
|-miss|p2a: Heatran|p1a: Zapdos
|move|p1a: Zapdos|Discharge|p2a: Heatran
|-damage|p2a: Heatran|54/100
|
|upkeep
|turn|7
|-message|delete tera forfeited.
|
|win|JourderJottle
|raw|JourderJottle's rating: 1282 &rarr; <strong>1308</strong><br />(+26 for winning)
|raw|delete tera's rating: 1294 &rarr; <strong>1268</strong><br />(-26 for losing)
|l|☆delete tera
|player|p2|
|l|☆JourderJottle
|player|p1|
