|j|☆chedeqing
|j|☆andrewm0n
|t:|1760338043
|gametype|singles
|player|p1|chedeqing|firebreather|1419
|player|p2|andrewm0n|169|1426
|gen|9
|tier|[Gen 9] OU
|rated|
|rule|HP Percentage Mod: HP is shown in percentages
|rule|Endless Battle Clause: Forcing endless battles is banned
|rule|Species Clause: Limit one of each Pokémon
|rule|OHKO Clause: OHKO moves are banned
|rule|Evasion Items Clause: Evasion items are banned
|rule|Evasion Moves Clause: Evasion moves are banned
|rule|Evasion Abilities Clause: Evasion abilities are banned
|rule|Sleep Moves Clause: Sleep-inducing moves are banned
|clearpoke
|poke|p1|Politoed, M|
|poke|p1|Barraskewda, M|
|poke|p1|Tornadus-Therian, M|
|poke|p1|Raging Bolt|
|poke|p1|Cobalion|
|poke|p1|Decidueye-Hisui, F|
|poke|p2|Skeledirge, M|
|poke|p2|Glimmora, F|
|poke|p2|Alomomola, F|
|poke|p2|Ursaluna, M|
|poke|p2|Kommo-o, F|
|poke|p2|Rillaboom, M|
|teampreview
|inactive|Battle timer is ON: inactive players will automatically lose when time's up. (requested by chedeqing)
|
|t:|1760338055
|teamsize|p1|6
|teamsize|p2|6
|start
|switch|p1a: Cobalion|Cobalion|100/100
|switch|p2a: Glimmora|Glimmora, F, shiny|100/100
|turn|1
|
|t:|1760338060
|switch|p2a: Alomomola|Alomomola, F, shiny|100/100
|move|p1a: Cobalion|Taunt|p2a: Alomomola
|-start|p2a: Alomomola|move: Taunt
|
|upkeep
|turn|2
|
|t:|1760338066
|move|p1a: Cobalion|Stealth Rock|p2a: Alomomola
|-sidestart|p2: andrewm0n|move: Stealth Rock
|move|p2a: Alomomola|Flip Turn|p1a: Cobalion
|-damage|p1a: Cobalion|90/100
|-damage|p2a: Alomomola|84/100|[from] item: Rocky Helmet|[of] p1a: Cobalion
|
|t:|1760338081
|switch|p2a: Skeledirge|Skeledirge, M, shiny|100/100|[from] Flip Turn
|
|upkeep
|turn|3
|
|t:|1760338089
|move|p1a: Cobalion|Volt Switch|p2a: Skeledirge
|-damage|p2a: Skeledirge|84/100
|
|t:|1760338098
|switch|p1a: Raging Bolt|Raging Bolt|100/100|[from] Volt Switch
|move|p2a: Skeledirge|Will-O-Wisp|p1a: Raging Bolt
|-status|p1a: Raging Bolt|brn
|
|-damage|p1a: Raging Bolt|94/100 brn|[from] brn
|upkeep
|turn|4
|
|t:|1760338108
|move|p1a: Raging Bolt|Draco Meteor|p2a: Skeledirge
|-damage|p2a: Skeledirge|0 fnt
|-unboost|p1a: Raging Bolt|spa|2
|faint|p2a: Skeledirge
|
|-damage|p1a: Raging Bolt|88/100 brn|[from] brn
|upkeep
|
|t:|1760338112
|switch|p2a: Ursaluna|Ursaluna, M, shiny|100/100
|-damage|p2a: Ursaluna|94/100|[from] Stealth Rock
|turn|5
|
|t:|1760338122
|-end|p1a: Raging Bolt|Protosynthesis|[silent]
|switch|p1a: Politoed|Politoed, M, shiny|100/100
|-weather|RainDance|[from] ability: Drizzle|[of] p1a: Politoed
|move|p2a: Ursaluna|Trailblaze|p1a: Politoed
|-supereffective|p1a: Politoed
|-damage|p1a: Politoed|58/100
|-boost|p2a: Ursaluna|spe|1
|
|-weather|RainDance|[upkeep]
|-status|p2a: Ursaluna|brn|[from] item: Flame Orb
|upkeep
|turn|6
|
|t:|1760338145
|move|p2a: Ursaluna|Trailblaze|p1a: Politoed
|-supereffective|p1a: Politoed
|-damage|p1a: Politoed|0 fnt
|-boost|p2a: Ursaluna|spe|1
|faint|p1a: Politoed
|
|-weather|RainDance|[upkeep]
|-damage|p2a: Ursaluna|88/100 brn|[from] brn
|upkeep
|
|t:|1760338153
|switch|p1a: Barraskewda|Barraskewda, M, shiny|100/100
|turn|7
|
|t:|1760338156
|switch|p2a: Alomomola|Alomomola, F, shiny|100/100
|move|p1a: Barraskewda|Flip Turn|p2a: Alomomola
|-resisted|p2a: Alomomola
|-damage|p2a: Alomomola|73/100
|
|t:|1760338162
|switch|p1a: Raging Bolt|Raging Bolt|88/100 brn|[from] Flip Turn
|
|-weather|RainDance|[upkeep]
|-damage|p1a: Raging Bolt|82/100 brn|[from] brn
|upkeep
|turn|8
|
|t:|1760338170
|-terastallize|p2a: Alomomola|Poison
|move|p1a: Raging Bolt|Draco Meteor|p2a: Alomomola
|-damage|p2a: Alomomola|0 fnt
|-unboost|p1a: Raging Bolt|spa|2
|faint|p2a: Alomomola
|
|-weather|RainDance|[upkeep]
|-damage|p1a: Raging Bolt|76/100 brn|[from] brn
|upkeep
|
|t:|1760338176
|switch|p2a: Glimmora|Glimmora, F, shiny|100/100
|-damage|p2a: Glimmora|88/100|[from] Stealth Rock
|turn|9
|-message|andrewm0n forfeited.
|
|win|chedeqing
|raw|chedeqing's rating: 1419 &rarr; <strong>1439</strong><br />(+20 for winning)
|raw|andrewm0n's rating: 1426 &rarr; <strong>1406</strong><br />(-20 for losing)
|l|☆andrewm0n
|player|p2|
|l|☆chedeqing
|player|p1|
