|j|☆sabunoko
|j|☆bjls
|t:|1760413059
|gametype|singles
|player|p1|sabunoko|ethan|1242
|player|p2|bjls|n|1235
|gen|9
|tier|[Gen 9] OU
|rated|
|rule|HP Percentage Mod: HP is shown in percentages
|rule|Endless Battle Clause: Forcing endless battles is banned
|rule|Species Clause: Limit one of each Pokémon
|rule|OHKO Clause: OHKO moves are banned
|rule|Evasion Items Clause: Evasion items are banned
|rule|Evasion Moves Clause: Evasion moves are banned
|rule|Evasion Abilities Clause: Evasion abilities are banned
|rule|Sleep Moves Clause: Sleep-inducing moves are banned
|clearpoke
|poke|p1|Skuntank, M|
|poke|p1|Scizor, F|
|poke|p1|Quaquaval, F|
|poke|p1|Ditto|
|poke|p1|Sandy Shocks|
|poke|p1|Iron Valiant|
|poke|p2|Indeedee, M|
|poke|p2|Pelipper, M|
|poke|p2|Barraskewda, M|
|poke|p2|Scizor, M|
|poke|p2|Iron Treads|
|poke|p2|Zapdos|
|teampreview
|inactive|Battle timer is ON: inactive players will automatically lose when time's up. (requested by bjls)
|
|t:|1760413077
|teamsize|p1|6
|teamsize|p2|6
|start
|switch|p1a: Skuntank|Skuntank, M|100/100
|switch|p2a: 恐怖电鸟😱|Zapdos|100/100
|turn|1
|inactive|sabunoko has 120 seconds left.
|inactive|sabunoko has 90 seconds left.
|
|t:|1760413139
|move|p2a: 恐怖电鸟😱|Volt Switch|p1a: Skuntank
|-damage|p1a: Skuntank|50/100
|
|t:|1760413143
|switch|p2a: 大卫·戴|Pelipper, M|100/100|[from] Volt Switch
|-weather|RainDance|[from] ability: Drizzle|[of] p2a: 大卫·戴
|move|p1a: Skuntank|Super Fang|p2a: 大卫·戴
|-damage|p2a: 大卫·戴|50/100
|
|-weather|RainDance|[upkeep]
|upkeep
|turn|2
|
|t:|1760413156
|move|p1a: Skuntank|Toxic Spikes|p2a: 大卫·戴
|-sidestart|p2: bjls|move: Toxic Spikes
|move|p2a: 大卫·戴|U-turn|p1a: Skuntank
|-damage|p1a: Skuntank|43/100
|-damage|p2a: 大卫·戴|34/100|[from] item: Rocky Helmet|[of] p1a: Skuntank
|
|t:|1760413161
|switch|p2a: 恐怖电鸟😱|Zapdos|100/100|[from] U-turn
|
|-weather|RainDance|[upkeep]
|upkeep
|turn|3
|
|t:|1760413175
|switch|p1a: Sandy Shocks|Sandy Shocks|100/100
|move|p2a: 恐怖电鸟😱|Hurricane|p1a: Sandy Shocks
|-resisted|p1a: Sandy Shocks
|-damage|p1a: Sandy Shocks|64/100
|-start|p1a: Sandy Shocks|confusion
|
|-weather|RainDance|[upkeep]
|upkeep
|turn|4
|
|t:|1760413186
|-end|p1a: Sandy Shocks|Protosynthesis|[silent]
|switch|p1a: Skuntank|Skuntank, M|43/100
|move|p2a: 恐怖电鸟😱|Hurricane|p1a: Skuntank
|-damage|p1a: Skuntank|0 fnt
|faint|p1a: Skuntank
|
|-weather|RainDance|[upkeep]
|upkeep
|inactive|sabunoko has 90 seconds left.
|
|t:|1760413204
|switch|p1a: Sandy Shocks|Sandy Shocks|64/100
|turn|5
|
|t:|1760413209
|move|p2a: 恐怖电鸟😱|Hurricane|p1a: Sandy Shocks
|-resisted|p1a: Sandy Shocks
|-crit|p1a: Sandy Shocks
|-damage|p1a: Sandy Shocks|5/100
|-start|p1a: Sandy Shocks|confusion
|-activate|p1a: Sandy Shocks|confusion
|-damage|p1a: Sandy Shocks|0 fnt|[from] confusion
|faint|p1a: Sandy Shocks
|-end|p1a: Sandy Shocks|Protosynthesis|[silent]
|
|-weather|RainDance|[upkeep]
|upkeep
|-message|sabunoko forfeited.
|
|win|bjls
|raw|sabunoko's rating: 1242 &rarr; <strong>1216</strong><br />(-26 for losing)
|raw|bjls's rating: 1235 &rarr; <strong>1261</strong><br />(+26 for winning)
|l|☆sabunoko
|player|p1|
