|j|☆Noobskillstrongs
|j|☆Apparatal
|t:|1760460892
|gametype|singles
|player|p1|Noobskillstrongs|lucian|1212
|player|p2|Apparatal|gambler|1155
|gen|9
|tier|[Gen 9] OU
|rated|
|rule|HP Percentage Mod: HP is shown in percentages
|rule|Endless Battle Clause: Forcing endless battles is banned
|rule|Species Clause: Limit one of each Pokémon
|rule|OHKO Clause: OHKO moves are banned
|rule|Evasion Items Clause: Evasion items are banned
|rule|Evasion Moves Clause: Evasion moves are banned
|rule|Evasion Abilities Clause: Evasion abilities are banned
|rule|Sleep Moves Clause: Sleep-inducing moves are banned
|clearpoke
|poke|p1|Honchkrow, M|
|poke|p1|Garchomp, F|
|poke|p1|Metagross|
|poke|p1|Hydreigon, M|
|poke|p1|Weavile, M|
|poke|p1|Frosmoth, F|
|poke|p2|Tyranitar, M|
|poke|p2|Leavanny, F|
|poke|p2|Landorus-Therian, M|
|poke|p2|Excadrill, M|
|poke|p2|Tatsugiri, M|
|poke|p2|Dragapult, M|
|teampreview
|
|t:|1760460898
|teamsize|p1|6
|teamsize|p2|6
|start
|switch|p1a: Honchkrow|Honchkrow, M|100/100
|switch|p2a: Tyranitar|Tyranitar, M|100/100
|-weather|Sandstorm|[from] ability: Sand Stream|[of] p2a: Tyranitar
|turn|1
|
|t:|1760460906
|switch|p1a: Hydreigon|Hydreigon, M|100/100
|move|p2a: Tyranitar|Stealth Rock|p1a: Hydreigon
|-sidestart|p1: Noobskillstrongs|move: Stealth Rock
|
|-weather|Sandstorm|[upkeep]
|-damage|p1a: Hydreigon|94/100|[from] Sandstorm
|-heal|p1a: Hydreigon|100/100|[from] item: Leftovers
|upkeep
|turn|2
|
|t:|1760460915
|move|p1a: Hydreigon|Stealth Rock|p2a: Tyranitar
|-sidestart|p2: Apparatal|move: Stealth Rock
|move|p2a: Tyranitar|Knock Off|p1a: Hydreigon
|-resisted|p1a: Hydreigon
|-damage|p1a: Hydreigon|79/100
|-enditem|p1a: Hydreigon|Leftovers|[from] move: Knock Off|[of] p2a: Tyranitar
|
|-weather|Sandstorm|[upkeep]
|-damage|p1a: Hydreigon|73/100|[from] Sandstorm
|upkeep
|turn|3
|
|t:|1760460923
|move|p2a: Tyranitar|Thunder Wave|p1a: Hydreigon|[miss]
|-miss|p2a: Tyranitar|p1a: Hydreigon
|move|p1a: Hydreigon|Dragon Tail|p2a: Tyranitar
|-damage|p2a: Tyranitar|85/100
|drag|p2a: Excadrill|Excadrill, M|100/100
|-damage|p2a: Excadrill|97/100|[from] Stealth Rock
|
|-weather|Sandstorm|[upkeep]
|-damage|p1a: Hydreigon|67/100|[from] Sandstorm
|upkeep
|turn|4
|inactive|Battle timer is ON: inactive players will automatically lose when time's up. (requested by Noobskillstrongs)
|
|t:|1760460935
|move|p2a: Excadrill|Swords Dance|p2a: Excadrill
|-boost|p2a: Excadrill|atk|2
|move|p1a: Hydreigon|Dark Pulse|p2a: Excadrill
|-damage|p2a: Excadrill|53/100
|
|-weather|Sandstorm|[upkeep]
|-damage|p1a: Hydreigon|61/100|[from] Sandstorm
|upkeep
|turn|5
|
|t:|1760460944
|-terastallize|p2a: Excadrill|Normal
|move|p2a: Excadrill|Rapid Spin|p1a: Hydreigon
|-enditem|p2a: Excadrill|Normal Gem|[from] gem
|-damage|p1a: Hydreigon|0 fnt
|-boost|p2a: Excadrill|spe|1
|-sideend|p2: Apparatal|Stealth Rock|[from] move: Rapid Spin|[of] p2a: Excadrill
|faint|p1a: Hydreigon
|
|-weather|Sandstorm|[upkeep]
|upkeep
|
|t:|1760460949
|switch|p1a: Weavile|Weavile, M|100/100
|-damage|p1a: Weavile|76/100|[from] Stealth Rock
|-ability|p1a: Weavile|Pressure
|turn|6
|
|t:|1760460960
|move|p1a: Weavile|Fake Out|p2a: Excadrill
|-damage|p2a: Excadrill|28/100
|-damage|p1a: Weavile|66/100|[from] item: Life Orb
|cant|p2a: Excadrill|flinch
|
|-weather|Sandstorm|[upkeep]
|-damage|p1a: Weavile|60/100|[from] Sandstorm
|upkeep
|turn|7
|
|t:|1760460967
|move|p1a: Weavile|Ice Shard|p2a: Excadrill
|-damage|p2a: Excadrill|0 fnt
|faint|p2a: Excadrill
|-damage|p1a: Weavile|50/100|[from] item: Life Orb
|
|-weather|Sandstorm|[upkeep]
|-damage|p1a: Weavile|44/100|[from] Sandstorm
|upkeep
|
|t:|1760460983
|switch|p2a: Landorus|Landorus-Therian, M|100/100
|-ability|p2a: Landorus|Intimidate|boost
|-unboost|p1a: Weavile|atk|1
|turn|8
|
|t:|1760460989
|move|p1a: Weavile|Ice Shard|p2a: Landorus
|-supereffective|p2a: Landorus
|-damage|p2a: Landorus|42/100
|-damage|p1a: Weavile|34/100|[from] item: Life Orb
|move|p2a: Landorus|Earthquake|p1a: Weavile
|-damage|p1a: Weavile|0 fnt
|faint|p1a: Weavile
|
|-weather|none
|upkeep
|
|t:|1760460993
|switch|p1a: Honchkrow|Honchkrow, M|100/100
|-damage|p1a: Honchkrow|76/100|[from] Stealth Rock
|turn|9
|
|t:|1760461000
|move|p1a: Honchkrow|Swagger|p2a: Landorus
|-boost|p2a: Landorus|atk|2
|-start|p2a: Landorus|confusion
|-enditem|p1a: Honchkrow|Mirror Herb
|-boost|p1a: Honchkrow|atk|2|[from] item: Mirror Herb
|-activate|p2a: Landorus|confusion
|move|p2a: Landorus|Rest|p2a: Landorus
|-status|p2a: Landorus|slp|[from] move: Rest
|-heal|p2a: Landorus|100/100 slp|[silent]
|
|upkeep
|turn|10
|
|t:|1760461010
|move|p1a: Honchkrow|Brave Bird|p2a: Landorus
|-damage|p2a: Landorus|0 fnt
|-damage|p1a: Honchkrow|59/100|[from] item: Rocky Helmet|[of] p2a: Landorus
|faint|p2a: Landorus
|-ability|p1a: Honchkrow|Moxie|boost
|-boost|p1a: Honchkrow|atk|1
|-damage|p1a: Honchkrow|22/100|[from] Recoil
|
|upkeep
|
|t:|1760461020
|switch|p2a: Tyranitar|Tyranitar, M|85/100
|-weather|Sandstorm|[from] ability: Sand Stream|[of] p2a: Tyranitar
|turn|11
|
|t:|1760461036
|move|p1a: Honchkrow|Sucker Punch|p2a: Tyranitar
|-resisted|p2a: Tyranitar
|-damage|p2a: Tyranitar|50/100
|move|p2a: Tyranitar|Knock Off|p1a: Honchkrow
|-resisted|p1a: Honchkrow
|-damage|p1a: Honchkrow|0 fnt
|faint|p1a: Honchkrow
|
|-weather|Sandstorm|[upkeep]
|upkeep
|
|t:|1760461055
|switch|p1a: Garchomp|Garchomp, F|100/100
|-damage|p1a: Garchomp|94/100|[from] Stealth Rock
|turn|12
|
|t:|1760461060
|switch|p2a: Leavanny|Leavanny, F|100/100
|move|p1a: Garchomp|Dragon Tail|p2a: Leavanny
|-damage|p2a: Leavanny|62/100
|drag|p2a: Tyranitar|Tyranitar, M|50/100
|
|-weather|Sandstorm|[upkeep]
|-heal|p1a: Garchomp|100/100|[from] item: Leftovers
|upkeep
|turn|13
|
|t:|1760461073
|move|p1a: Garchomp|Earthquake|p2a: Tyranitar
|-supereffective|p2a: Tyranitar
|-damage|p2a: Tyranitar|0 fnt
|faint|p2a: Tyranitar
|
|-weather|Sandstorm|[upkeep]
|upkeep
|
|t:|1760461078
|switch|p2a: Leavanny|Leavanny, F|62/100
|turn|14
|
|t:|1760461083
|move|p1a: Garchomp|Poison Jab|p2a: Leavanny
|-supereffective|p2a: Leavanny
|-damage|p2a: Leavanny|0 fnt
|faint|p2a: Leavanny
|
|-weather|Sandstorm|[upkeep]
|upkeep
|
|t:|1760461091
|switch|p2a: Dragapult|Dragapult, M|100/100
|turn|15
|
|t:|1760461094
|move|p2a: Dragapult|Draco Meteor|p1a: Garchomp
|-supereffective|p1a: Garchomp
|-damage|p1a: Garchomp|0 fnt
|-unboost|p2a: Dragapult|spa|2
|faint|p1a: Garchomp
|-enditem|p2a: Dragapult|Eject Pack
|
|t:|1760461100
|switch|p2a: Tatsugiri|Tatsugiri, M|100/100
|
|-weather|Sandstorm|[upkeep]
|-damage|p2a: Tatsugiri|94/100|[from] Sandstorm
|upkeep
|
|t:|1760461102
|switch|p1a: Frosmoth|Frosmoth, F|100/100
|turn|16
|
|t:|1760461109
|move|p2a: Tatsugiri|Hydro Pump|p1a: Frosmoth
|-damage|p1a: Frosmoth|70/100
|move|p1a: Frosmoth|Giga Drain|p2a: Tatsugiri
|-damage|p2a: Tatsugiri|72/100
|-heal|p1a: Frosmoth|79/100|[from] drain|[of] p2a: Tatsugiri
|
|-weather|Sandstorm|[upkeep]
|-damage|p2a: Tatsugiri|66/100|[from] Sandstorm
|-damage|p1a: Frosmoth|73/100|[from] Sandstorm
|upkeep
|turn|17
|
|t:|1760461126
|move|p2a: Tatsugiri|Hydro Pump|p1a: Frosmoth
|-damage|p1a: Frosmoth|43/100
|move|p1a: Frosmoth|Ice Beam|p2a: Tatsugiri
|-damage|p2a: Tatsugiri|26/100
|
|-weather|Sandstorm|[upkeep]
|-damage|p2a: Tatsugiri|20/100|[from] Sandstorm
|-damage|p1a: Frosmoth|37/100|[from] Sandstorm
|upkeep
|turn|18
|
|t:|1760461138
|switch|p2a: Dragapult|Dragapult, M|100/100
|move|p1a: Frosmoth|Ice Beam|p2a: Dragapult
|-supereffective|p2a: Dragapult
|-damage|p2a: Dragapult|0 fnt
|faint|p2a: Dragapult
|
|-weather|none
|upkeep
|-message|Apparatal forfeited.
|
|win|Noobskillstrongs
|raw|Noobskillstrongs's rating: 1212 &rarr; <strong>1233</strong><br />(+21 for winning)
|raw|Apparatal's rating: 1155 &rarr; <strong>1134</strong><br />(-21 for losing)
|l|☆Apparatal
|player|p2|
|c|☆Noobskillstrongs|Gg
|l|☆Noobskillstrongs
|player|p1|
