|j|☆javiconb
|j|☆slash_poke
|t:|1760302009
|gametype|singles
|player|p1|javiconb|170|1347
|player|p2|slash_poke|volkner|1340
|gen|9
|tier|[Gen 9] OU
|rated|
|rule|HP Percentage Mod: HP is shown in percentages
|rule|Endless Battle Clause: Forcing endless battles is banned
|rule|Species Clause: Limit one of each Pokémon
|rule|OHKO Clause: OHKO moves are banned
|rule|Evasion Items Clause: Evasion items are banned
|rule|Evasion Moves Clause: Evasion moves are banned
|rule|Evasion Abilities Clause: Evasion abilities are banned
|rule|Sleep Moves Clause: Sleep-inducing moves are banned
|clearpoke
|poke|p1|Rabsca, F|
|poke|p1|Slowking-Galar, F|
|poke|p1|Ursaluna, F|
|poke|p1|Azumarill, F|
|poke|p1|Mimikyu, F|
|poke|p1|Kingambit, F|
|poke|p2|Swampert, F|
|poke|p2|Gardevoir, F|
|poke|p2|Kingambit, M|
|poke|p2|Arcanine, F|
|poke|p2|Salamence, F|
|poke|p2|Rotom-Wash|
|teampreview
|inactive|Battle timer is ON: inactive players will automatically lose when time's up. (requested by slash_poke)
|
|t:|1760302018
|teamsize|p1|6
|teamsize|p2|6
|start
|switch|p1a: Azumarill|Azumarill, F|100/100
|switch|p2a: Swampert|Swampert, F|100/100
|turn|1
|
|t:|1760302035
|move|p2a: Swampert|Stealth Rock|p1a: Azumarill
|-sidestart|p1: javiconb|move: Stealth Rock
|move|p1a: Azumarill|Play Rough|p2a: Swampert
|-damage|p2a: Swampert|46/100
|-damage|p1a: Azumarill|84/100|[from] item: Rocky Helmet|[of] p2a: Swampert
|
|upkeep
|turn|2
|
|t:|1760302039
|move|p2a: Swampert|Knock Off|p1a: Azumarill
|-resisted|p1a: Azumarill
|-damage|p1a: Azumarill|69/100
|-enditem|p1a: Azumarill|Assault Vest|[from] move: Knock Off|[of] p2a: Swampert
|move|p1a: Azumarill|Play Rough|p2a: Swampert
|-damage|p2a: Swampert|0 fnt
|-damage|p1a: Azumarill|52/100|[from] item: Rocky Helmet|[of] p2a: Swampert
|faint|p2a: Swampert
|
|upkeep
|
|t:|1760302045
|switch|p2a: Rotom|Rotom-Wash|100/100
|turn|3
|
|t:|1760302062
|move|p2a: Rotom|Thunder Wave|p1a: Azumarill
|-status|p1a: Azumarill|par
|move|p1a: Azumarill|Knock Off|p2a: Rotom
|-damage|p2a: Rotom|45/100
|-enditem|p2a: Rotom|Sitrus Berry|[from] move: Knock Off|[of] p1a: Azumarill
|
|upkeep
|turn|4
|
|t:|1760302092
|cant|p1a: Azumarill|par
|move|p2a: Rotom|Volt Switch|p1a: Azumarill
|-supereffective|p1a: Azumarill
|-damage|p1a: Azumarill|0 fnt
|faint|p1a: Azumarill
|
|t:|1760302107
|switch|p2a: Arcanine|Arcanine, F|100/100|[from] Volt Switch
|
|upkeep
|inactive|javiconb has 120 seconds left.
|inactive|javiconb has 90 seconds left.
|
|t:|1760302166
|switch|p1a: Slowking|Slowking-Galar, F|100/100
|-damage|p1a: Slowking|88/100|[from] Stealth Rock
|turn|5
|
|t:|1760302185
|move|p2a: Arcanine|Psychic Fangs|p1a: Slowking
|-damage|p1a: Slowking|49/100
|move|p1a: Slowking|Trick Room|p1a: Slowking
|-fieldstart|move: Trick Room|[of] p1a: Slowking
|
|upkeep
|turn|6
|
|t:|1760302193
|switch|p2a: Kingambit|Kingambit, M|100/100
|-activate|p2a: Kingambit|ability: Supreme Overlord
|-start|p2a: Kingambit|fallen1|[silent]
|-item|p2a: Kingambit|Air Balloon
|move|p1a: Slowking|Sludge Wave|p2a: Kingambit
|-immune|p2a: Kingambit
|
|upkeep
|turn|7
|
|t:|1760302205
|move|p1a: Slowking|Fire Blast|p2a: Kingambit
|-supereffective|p2a: Kingambit
|-damage|p2a: Kingambit|6/100
|-status|p2a: Kingambit|brn
|-enditem|p2a: Kingambit|Air Balloon
|-damage|p1a: Slowking|39/100|[from] item: Life Orb
|move|p2a: Kingambit|Swords Dance|p2a: Kingambit
|-boost|p2a: Kingambit|atk|2
|
|-damage|p2a: Kingambit|0 fnt|[from] brn
|faint|p2a: Kingambit
|-end|p2a: Kingambit|fallen1|[silent]
|upkeep
|
|t:|1760302210
|switch|p2a: Salamence|Salamence, F|100/100
|turn|8
|
|t:|1760302215
|move|p1a: Slowking|Ice Beam|p2a: Salamence
|-supereffective|p2a: Salamence
|-damage|p2a: Salamence|0 fnt
|faint|p2a: Salamence
|-damage|p1a: Slowking|29/100|[from] item: Life Orb
|
|upkeep
|
|t:|1760302228
|switch|p2a: Rotom|Rotom-Wash|45/100
|turn|9
|
|t:|1760302241
|move|p1a: Slowking|Sludge Wave|p2a: Rotom
|-damage|p2a: Rotom|0 fnt
|faint|p2a: Rotom
|-damage|p1a: Slowking|19/100|[from] item: Life Orb
|
|-fieldend|move: Trick Room
|upkeep
|
|t:|1760302248
|switch|p2a: Gardevoir|Gardevoir, F|100/100
|-ability|p2a: Gardevoir|Regenerator|Trace|[from] ability: Trace|[of] p1a: Slowking
|turn|10
|inactive|javiconb has 120 seconds left.
|
|t:|1760302290
|move|p2a: Gardevoir|Moonblast|p1a: Slowking
|-resisted|p1a: Slowking
|-damage|p1a: Slowking|0 fnt
|faint|p1a: Slowking
|
|upkeep
|inactive|javiconb has 90 seconds left.
|
|t:|1760302320
|switch|p1a: Rabsca|Rabsca, F|100/100
|turn|11
|
|t:|1760302336
|switch|p2a: Arcanine|Arcanine, F|100/100
|-ability|p2a: Arcanine|Intimidate|boost
|-unboost|p1a: Rabsca|atk|1
|move|p1a: Rabsca|Trick Room|p1a: Rabsca
|-fieldstart|move: Trick Room|[of] p1a: Rabsca
|
|upkeep
|turn|12
|inactive|javiconb has 90 seconds left.
|
|t:|1760302344
|move|p1a: Rabsca|Memento|p2a: Arcanine
|-unboost|p2a: Arcanine|atk|2
|-unboost|p2a: Arcanine|spa|2
|faint|p1a: Rabsca
|move|p2a: Arcanine|Flare Blitz|p1: Rabsca|[notarget]
|-fail|p2a: Arcanine
|
|upkeep
|inactive|javiconb has 90 seconds left.
|
|t:|1760302349
|switch|p1a: Ursaluna|Ursaluna, F|100/100
|-damage|p1a: Ursaluna|94/100|[from] Stealth Rock
|turn|13
|
|t:|1760302352
|switch|p2a: Gardevoir|Gardevoir, F|100/100
|-ability|p2a: Gardevoir|Guts|Trace|[from] ability: Trace|[of] p1a: Ursaluna
|-terastallize|p1a: Ursaluna|Normal
|move|p1a: Ursaluna|Facade|p2a: Gardevoir
|-damage|p2a: Gardevoir|4/100
|
|-status|p1a: Ursaluna|brn|[from] item: Flame Orb
|upkeep
|turn|14
|
|t:|1760302359
|move|p1a: Ursaluna|Facade|p2a: Gardevoir
|-damage|p2a: Gardevoir|0 fnt
|faint|p2a: Gardevoir
|
|-damage|p1a: Ursaluna|88/100 brn|[from] brn
|upkeep
|
|t:|1760302361
|switch|p2a: Arcanine|Arcanine, F|100/100
|-ability|p2a: Arcanine|Intimidate|boost
|-unboost|p1a: Ursaluna|atk|1
|turn|15
|
|t:|1760302372
|-terastallize|p2a: Arcanine|Normal
|move|p1a: Ursaluna|Headlong Rush|p2a: Arcanine
|-damage|p2a: Arcanine|15/100
|-unboost|p1a: Ursaluna|def|1
|-unboost|p1a: Ursaluna|spd|1
|move|p2a: Arcanine|Psychic Fangs|p1a: Ursaluna
|-damage|p1a: Ursaluna|48/100 brn
|
|-damage|p1a: Ursaluna|42/100 brn|[from] brn
|-fieldend|move: Trick Room
|upkeep
|turn|16
|inactive|javiconb has 120 seconds left.
|
|t:|1760302386
|switch|p1a: Kingambit|Kingambit, F|100/100
|-damage|p1a: Kingambit|94/100|[from] Stealth Rock
|-activate|p1a: Kingambit|ability: Supreme Overlord
|-start|p1a: Kingambit|fallen3|[silent]
|move|p2a: Arcanine|Psychic Fangs|p1a: Kingambit
|-immune|p1a: Kingambit
|
|upkeep
|turn|17
|
|t:|1760302389
|move|p1a: Kingambit|Sucker Punch|p2a: Arcanine
|-damage|p2a: Arcanine|0 fnt
|faint|p2a: Arcanine
|
|win|javiconb
|raw|javiconb's rating: 1347 &rarr; <strong>1367</strong><br />(+20 for winning)
|raw|slash_poke's rating: 1340 &rarr; <strong>1320</strong><br />(-20 for losing)
|l|☆javiconb
|player|p1|
