|j|☆StellarSW
|j|☆noobnpc_69
|t:|1760378606
|gametype|singles
|player|p1|StellarSW|wattson|1361
|player|p2|noobnpc_69|unknown|1366
|gen|9
|tier|[Gen 9] OU
|rated|
|rule|HP Percentage Mod: HP is shown in percentages
|rule|Endless Battle Clause: Forcing endless battles is banned
|rule|Species Clause: Limit one of each Pokémon
|rule|OHKO Clause: OHKO moves are banned
|rule|Evasion Items Clause: Evasion items are banned
|rule|Evasion Moves Clause: Evasion moves are banned
|rule|Evasion Abilities Clause: Evasion abilities are banned
|rule|Sleep Moves Clause: Sleep-inducing moves are banned
|clearpoke
|poke|p1|Raging Bolt|
|poke|p1|Ogerpon-Wellspring, F|
|poke|p1|Landorus-Therian, M|
|poke|p1|Slowking-Galar, M|
|poke|p1|Clefable, M|
|poke|p1|Scizor, F|
|poke|p2|Blastoise, F|
|poke|p2|Azumarill, M|
|poke|p2|Mimikyu, F|
|poke|p2|Kommo-o, F|
|poke|p2|Sudowoodo, F|
|poke|p2|Torterra, M|
|teampreview
|inactive|Battle timer is ON: inactive players will automatically lose when time's up. (requested by noobnpc_69)
|
|t:|1760378619
|teamsize|p1|6
|teamsize|p2|6
|start
|switch|p1a: Scizor|Scizor, F|100/100
|switch|p2a: Blastoise|Blastoise, F|100/100
|turn|1
|
|t:|1760378628
|move|p1a: Scizor|Knock Off|p2a: Blastoise
|-damage|p2a: Blastoise|65/100
|-enditem|p2a: Blastoise|Eject Pack|[from] move: Knock Off|[of] p1a: Scizor
|move|p2a: Blastoise|Shell Smash|p2a: Blastoise
|-unboost|p2a: Blastoise|def|1
|-unboost|p2a: Blastoise|spd|1
|-boost|p2a: Blastoise|atk|2
|-boost|p2a: Blastoise|spa|2
|-boost|p2a: Blastoise|spe|2
|
|upkeep
|turn|2
|
|t:|1760378663
|switch|p2a: Azumarill|Azumarill, M|100/100
|move|p1a: Scizor|Bullet Punch|p2a: Azumarill
|-damage|p2a: Azumarill|60/100
|
|upkeep
|turn|3
|
|t:|1760378670
|move|p1a: Scizor|Bullet Punch|p2a: Azumarill
|-damage|p2a: Azumarill|20/100
|move|p2a: Azumarill|Liquidation|p1a: Scizor
|-damage|p1a: Scizor|56/100
|
|upkeep
|turn|4
|
|t:|1760378679
|move|p1a: Scizor|Bullet Punch|p2a: Azumarill
|-damage|p2a: Azumarill|0 fnt
|faint|p2a: Azumarill
|
|upkeep
|
|t:|1760378683
|switch|p2a: Kommo-o|Kommo-o, F|100/100
|turn|5
|
|t:|1760378688
|move|p2a: Kommo-o|Flamethrower|p1a: Scizor
|-supereffective|p1a: Scizor
|-damage|p1a: Scizor|0 fnt
|faint|p1a: Scizor
|
|upkeep
|
|t:|1760378693
|switch|p1a: Slowking|Slowking-Galar, M|100/100
|turn|6
|
|t:|1760378698
|switch|p2a: Blastoise|Blastoise, F|65/100
|move|p1a: Slowking|Sludge Bomb|p2a: Blastoise
|-damage|p2a: Blastoise|34/100
|
|upkeep
|turn|7
|
|t:|1760378709
|move|p2a: Blastoise|Rapid Spin|p1a: Slowking
|-damage|p1a: Slowking|90/100
|-boost|p2a: Blastoise|spe|1
|move|p1a: Slowking|Sludge Bomb|p2a: Blastoise
|-damage|p2a: Blastoise|4/100
|
|upkeep
|turn|8
|
|t:|1760378719
|move|p2a: Blastoise|Rapid Spin|p1a: Slowking
|-crit|p1a: Slowking
|-damage|p1a: Slowking|75/100
|-boost|p2a: Blastoise|spe|1
|move|p1a: Slowking|Sludge Bomb|p2a: Blastoise
|-damage|p2a: Blastoise|0 fnt
|faint|p2a: Blastoise
|
|upkeep
|
|t:|1760378726
|switch|p2a: Sudowoodo|Sudowoodo, F|100/100
|turn|9
|
|t:|1760378735
|switch|p2a: Torterra|Torterra, M|100/100
|move|p1a: Slowking|Sludge Bomb|p2a: Torterra
|-damage|p2a: Torterra|54/100
|
|upkeep
|turn|10
|
|t:|1760378743
|switch|p2a: Sudowoodo|Sudowoodo, F|100/100
|switch|p1a: Landorus|Landorus-Therian, M|100/100
|-ability|p1a: Landorus|Intimidate|boost
|-unboost|p2a: Sudowoodo|atk|1
|
|upkeep
|turn|11
|
|t:|1760378755
|switch|p2a: Kommo-o|Kommo-o, F|100/100
|move|p1a: Landorus|U-turn|p2a: Kommo-o
|-resisted|p2a: Kommo-o
|-damage|p2a: Kommo-o|88/100
|
|t:|1760378760
|switch|p1a: Clefable|Clefable, M|100/100|[from] U-turn
|
|upkeep
|turn|12
|
|t:|1760378765
|switch|p2a: Torterra|Torterra, M|54/100
|move|p1a: Clefable|Stealth Rock|p2a: Torterra
|-sidestart|p2: noobnpc_69|move: Stealth Rock
|
|upkeep
|turn|13
|
|t:|1760378776
|move|p1a: Clefable|Knock Off|p2a: Torterra
|-damage|p2a: Torterra|45/100
|-enditem|p2a: Torterra|Eject Pack|[from] move: Knock Off|[of] p1a: Clefable
|move|p2a: Torterra|Shell Smash|p2a: Torterra
|-unboost|p2a: Torterra|def|1
|-unboost|p2a: Torterra|spd|1
|-boost|p2a: Torterra|atk|2
|-boost|p2a: Torterra|spa|2
|-boost|p2a: Torterra|spe|2
|
|upkeep
|turn|14
|
|t:|1760378782
|move|p2a: Torterra|Stealth Rock|p1a: Clefable
|-sidestart|p1: StellarSW|move: Stealth Rock
|move|p1a: Clefable|Moonblast|p2a: Torterra
|-damage|p2a: Torterra|15/100
|
|upkeep
|turn|15
|
|t:|1760378786
|move|p2a: Torterra|Worry Seed|p1a: Clefable
|-ability|p1a: Clefable|Insomnia|Unaware|[from] move: Worry Seed
|move|p1a: Clefable|Moonblast|p2a: Torterra
|-damage|p2a: Torterra|0 fnt
|faint|p2a: Torterra
|
|upkeep
|
|t:|1760378792
|switch|p2a: Kommo-o|Kommo-o, F|88/100
|-damage|p2a: Kommo-o|82/100|[from] Stealth Rock
|turn|16
|
|t:|1760378796
|-terastallize|p2a: Kommo-o|Normal
|move|p2a: Kommo-o|Clangorous Soul|p2a: Kommo-o
|-boost|p2a: Kommo-o|atk|1
|-boost|p2a: Kommo-o|def|1
|-boost|p2a: Kommo-o|spa|1
|-boost|p2a: Kommo-o|spd|1
|-boost|p2a: Kommo-o|spe|1
|-damage|p2a: Kommo-o|49/100
|move|p1a: Clefable|Knock Off|p2a: Kommo-o
|-damage|p2a: Kommo-o|39/100
|-enditem|p2a: Kommo-o|Chesto Berry|[from] move: Knock Off|[of] p1a: Clefable
|
|upkeep
|turn|17
|
|t:|1760378811
|switch|p1a: Slowking|Slowking-Galar, M|100/100
|-damage|p1a: Slowking|88/100|[from] Stealth Rock
|move|p2a: Kommo-o|Rest|p2a: Kommo-o
|-status|p2a: Kommo-o|slp|[from] move: Rest
|-heal|p2a: Kommo-o|100/100 slp|[silent]
|
|upkeep
|turn|18
|
|t:|1760378816
|cant|p2a: Kommo-o|slp
|move|p1a: Slowking|Sludge Bomb|p2a: Kommo-o
|-damage|p2a: Kommo-o|69/100 slp
|
|upkeep
|turn|19
|
|t:|1760378820
|cant|p2a: Kommo-o|slp
|move|p1a: Slowking|Sludge Bomb|p2a: Kommo-o
|-damage|p2a: Kommo-o|34/100 slp
|
|upkeep
|turn|20
|
|t:|1760378825
|-terastallize|p1a: Slowking|Poison
|-curestatus|p2a: Kommo-o|slp|[msg]
|move|p2a: Kommo-o|Boomburst|p1a: Slowking
|-damage|p1a: Slowking|39/100
|move|p1a: Slowking|Sludge Bomb|p2a: Kommo-o
|-damage|p2a: Kommo-o|0 fnt
|faint|p2a: Kommo-o
|
|upkeep
|
|t:|1760378831
|switch|p2a: Mimikyu|Mimikyu, F|100/100
|-damage|p2a: Mimikyu|88/100|[from] Stealth Rock
|turn|21
|
|t:|1760378842
|switch|p2a: Sudowoodo|Sudowoodo, F|100/100
|-damage|p2a: Sudowoodo|88/100|[from] Stealth Rock
|move|p1a: Slowking|Sludge Bomb|p2a: Sudowoodo
|-resisted|p2a: Sudowoodo
|-damage|p2a: Sudowoodo|40/100
|
|upkeep
|turn|22
|
|t:|1760378846
|move|p2a: Sudowoodo|Head Smash|p1a: Slowking
|-damage|p1a: Slowking|0 fnt
|faint|p1a: Slowking
|-damage|p2a: Sudowoodo|30/100|[from] item: Life Orb
|
|upkeep
|
|t:|1760378853
|switch|p1a: Landorus|Landorus-Therian, M|100/100
|-damage|p1a: Landorus|88/100|[from] Stealth Rock
|-ability|p1a: Landorus|Intimidate|boost
|-unboost|p2a: Sudowoodo|atk|1
|turn|23
|
|t:|1760378856
|move|p1a: Landorus|Earthquake|p2a: Sudowoodo
|-supereffective|p2a: Sudowoodo
|-damage|p2a: Sudowoodo|0 fnt
|faint|p2a: Sudowoodo
|
|upkeep
|
|t:|1760378858
|switch|p2a: Mimikyu|Mimikyu, F|88/100
|-damage|p2a: Mimikyu|76/100|[from] Stealth Rock
|turn|24
|
|t:|1760378862
|move|p1a: Landorus|Earthquake|p2a: Mimikyu
|-activate|p2a: Mimikyu|ability: Disguise
|-damage|p2a: Mimikyu|76/100
|detailschange|p2a: Mimikyu|Mimikyu-Busted, F
|-damage|p2a: Mimikyu|63/100|[from] pokemon: Mimikyu-Busted
|move|p2a: Mimikyu|Wood Hammer|p1a: Landorus
|-damage|p1a: Landorus|37/100
|-damage|p2a: Mimikyu|42/100|[from] Recoil
|-damage|p2a: Mimikyu|32/100|[from] item: Life Orb
|
|upkeep
|turn|25
|
|t:|1760378864
|move|p2a: Mimikyu|Shadow Sneak|p1a: Landorus
|-damage|p1a: Landorus|9/100
|-damage|p2a: Mimikyu|22/100|[from] item: Life Orb
|move|p1a: Landorus|Earthquake|p2a: Mimikyu
|-damage|p2a: Mimikyu|0 fnt
|faint|p2a: Mimikyu
|
|win|StellarSW
|raw|StellarSW's rating: 1361 &rarr; <strong>1381</strong><br />(+20 for winning)
|raw|noobnpc_69's rating: 1366 &rarr; <strong>1346</strong><br />(-20 for losing)
|l|☆noobnpc_69
|player|p2|
|l|☆StellarSW
|player|p1|
