|badge|p2|bronze|gen9ubers|100-7
|uhtml|medal-msg|<div class="broadcast-blue">Curious what those medals under the avatar are? PS now has Ladder Seasons! For more information, check out the <a href="https://www.smogon.com/forums/threads/3740067/">thread on Smogon.</a></div>
|j|☆mahjini
|j|☆yellosun
|t:|1760416198
|gametype|singles
|player|p1|mahjini|hoopster|1191
|player|p2|yellosun|101|1188
|gen|9
|tier|[Gen 9] OU
|rated|
|rule|HP Percentage Mod: HP is shown in percentages
|rule|Endless Battle Clause: Forcing endless battles is banned
|rule|Species Clause: Limit one of each Pokémon
|rule|OHKO Clause: OHKO moves are banned
|rule|Evasion Items Clause: Evasion items are banned
|rule|Evasion Moves Clause: Evasion moves are banned
|rule|Evasion Abilities Clause: Evasion abilities are banned
|rule|Sleep Moves Clause: Sleep-inducing moves are banned
|clearpoke
|poke|p1|Landorus-Therian, M|
|poke|p1|Tornadus-Therian, M|
|poke|p1|Scizor, F|
|poke|p1|Hatterene, F|
|poke|p1|Samurott-Hisui, F|
|poke|p1|Azumarill, M|
|poke|p2|Deoxys-Speed|
|poke|p2|Dragonite, M|
|poke|p2|Darkrai|
|poke|p2|Iron Moth|
|poke|p2|Scizor, F|
|poke|p2|Great Tusk|
|teampreview
|inactive|Battle timer is ON: inactive players will automatically lose when time's up. (requested by yellosun)
|
|t:|1760416212
|teamsize|p1|6
|teamsize|p2|6
|start
|switch|p1a: Samurott|Samurott-Hisui, F|100/100
|switch|p2a: Iron Moth|Iron Moth|100/100
|-enditem|p2a: Iron Moth|Booster Energy
|-activate|p2a: Iron Moth|ability: Quark Drive|[fromitem]
|-start|p2a: Iron Moth|quarkdrivespe
|turn|1
|
|t:|1760416227
|move|p2a: Iron Moth|Fiery Dance|p1a: Samurott
|-resisted|p1a: Samurott
|-damage|p1a: Samurott|71/100
|-boost|p2a: Iron Moth|spa|1
|move|p1a: Samurott|Aqua Cutter|p2a: Iron Moth
|-supereffective|p2a: Iron Moth
|-damage|p2a: Iron Moth|0 fnt
|faint|p2a: Iron Moth
|-end|p2a: Iron Moth|Quark Drive|[silent]
|
|upkeep
|
|t:|1760416254
|switch|p2a: Scizor|Scizor, F|100/100
|turn|2
|
|t:|1760416264
|switch|p1a: Landorus|Landorus-Therian, M|100/100
|-ability|p1a: Landorus|Intimidate|boost
|-unboost|p2a: Scizor|atk|1
|move|p2a: Scizor|U-turn|p1a: Landorus
|-resisted|p1a: Landorus
|-damage|p1a: Landorus|76/100
|
|t:|1760416270
|switch|p2a: Deoxys|Deoxys-Speed|100/100|[from] U-turn
|-ability|p2a: Deoxys|Pressure
|
|upkeep
|turn|3
|
|t:|1760416273
|move|p1a: Landorus|U-turn|p2a: Deoxys
|-supereffective|p2a: Deoxys
|-damage|p2a: Deoxys|40/100
|-damage|p1a: Landorus|59/100|[from] item: Rocky Helmet|[of] p2a: Deoxys
|
|t:|1760416275
|switch|p1a: Scizor|Scizor, F|100/100|[from] U-turn
|move|p2a: Deoxys|Stealth Rock|p1a: Scizor
|-sidestart|p1: mahjini|move: Stealth Rock
|
|upkeep
|turn|4
|
|t:|1760416280
|move|p1a: Scizor|Bullet Punch|p2a: Deoxys
|-damage|p2a: Deoxys|0 fnt
|-damage|p1a: Scizor|84/100|[from] item: Rocky Helmet|[of] p2a: Deoxys
|faint|p2a: Deoxys
|
|upkeep
|
|t:|1760416288
|switch|p2a: Great Tusk|Great Tusk|100/100
|-enditem|p2a: Great Tusk|Booster Energy
|-activate|p2a: Great Tusk|ability: Protosynthesis|[fromitem]
|-start|p2a: Great Tusk|protosynthesisspe
|turn|5
|
|t:|1760416292
|switch|p1a: Landorus|Landorus-Therian, M|59/100
|-damage|p1a: Landorus|47/100|[from] Stealth Rock
|-ability|p1a: Landorus|Intimidate|boost
|-unboost|p2a: Great Tusk|atk|1
|move|p2a: Great Tusk|Bulk Up|p2a: Great Tusk
|-boost|p2a: Great Tusk|atk|1
|-boost|p2a: Great Tusk|def|1
|
|upkeep
|turn|6
|
|t:|1760416297
|move|p1a: Landorus|U-turn|p2a: Great Tusk
|-resisted|p2a: Great Tusk
|-damage|p2a: Great Tusk|95/100
|
|t:|1760416298
|switch|p1a: Hatterene|Hatterene, F|100/100|[from] U-turn
|-damage|p1a: Hatterene|88/100|[from] Stealth Rock
|move|p2a: Great Tusk|Bulk Up|p2a: Great Tusk
|-boost|p2a: Great Tusk|atk|1
|-boost|p2a: Great Tusk|def|1
|
|upkeep
|turn|7
|
|t:|1760416302
|-terastallize|p2a: Great Tusk|Electric
|move|p2a: Great Tusk|Headlong Rush|p1a: Hatterene
|-damage|p1a: Hatterene|1/100
|-unboost|p2a: Great Tusk|def|1
|-unboost|p2a: Great Tusk|spd|1
|move|p1a: Hatterene|Giga Drain|p2a: Great Tusk
|-damage|p2a: Great Tusk|2/100
|-heal|p1a: Hatterene|65/100|[from] drain|[of] p2a: Great Tusk
|
|upkeep
|turn|8
|
|t:|1760416311
|move|p2a: Great Tusk|Ice Spinner|p1a: Hatterene
|-damage|p1a: Hatterene|28/100
|move|p1a: Hatterene|Giga Drain|p2a: Great Tusk
|-crit|p2a: Great Tusk
|-damage|p2a: Great Tusk|0 fnt
|-heal|p1a: Hatterene|29/100|[from] drain|[of] p2a: Great Tusk
|faint|p2a: Great Tusk
|-end|p2a: Great Tusk|Protosynthesis|[silent]
|
|upkeep
|
|t:|1760416315
|switch|p2a: Darkrai|Darkrai|100/100
|turn|9
|
|t:|1760416322
|move|p2a: Darkrai|Dark Pulse|p1a: Hatterene
|-damage|p1a: Hatterene|0 fnt
|faint|p1a: Hatterene
|-damage|p2a: Darkrai|91/100|[from] item: Life Orb
|
|upkeep
|
|t:|1760416324
|switch|p1a: Scizor|Scizor, F|84/100
|-damage|p1a: Scizor|72/100|[from] Stealth Rock
|turn|10
|
|t:|1760416330
|switch|p2a: Scizor|Scizor, F|100/100
|move|p1a: Scizor|U-turn|p2a: Scizor
|-resisted|p2a: Scizor
|-damage|p2a: Scizor|65/100
|
|t:|1760416335
|switch|p1a: Tornadus|Tornadus-Therian, M|100/100|[from] U-turn
|-damage|p1a: Tornadus|76/100|[from] Stealth Rock
|
|upkeep
|turn|11
|
|t:|1760416340
|move|p2a: Scizor|Bullet Punch|p1a: Tornadus
|-damage|p1a: Tornadus|6/100
|move|p1a: Tornadus|Bleakwind Storm|p2a: Scizor
|-damage|p2a: Scizor|0 fnt
|faint|p2a: Scizor
|
|upkeep
|
|t:|1760416347
|switch|p2a: Darkrai|Darkrai|91/100
|turn|12
|
|t:|1760416354
|move|p2a: Darkrai|Dark Pulse|p1a: Tornadus
|-damage|p1a: Tornadus|0 fnt
|faint|p1a: Tornadus
|-damage|p2a: Darkrai|81/100|[from] item: Life Orb
|
|upkeep
|
|t:|1760416357
|switch|p1a: Samurott|Samurott-Hisui, F|71/100
|-damage|p1a: Samurott|58/100|[from] Stealth Rock
|turn|13
|
|t:|1760416361
|move|p1a: Samurott|Flip Turn|p2a: Darkrai
|-damage|p2a: Darkrai|43/100
|
|t:|1760416364
|switch|p1a: Azumarill|Azumarill, M|100/100|[from] Flip Turn
|-damage|p1a: Azumarill|88/100|[from] Stealth Rock
|move|p2a: Darkrai|Focus Blast|p1a: Azumarill|[miss]
|-miss|p2a: Darkrai|p1a: Azumarill
|
|upkeep
|turn|14
|
|t:|1760416367
|move|p2a: Darkrai|Sludge Bomb|p1a: Azumarill
|-supereffective|p1a: Azumarill
|-damage|p1a: Azumarill|8/100
|-damage|p2a: Darkrai|33/100|[from] item: Life Orb
|move|p1a: Azumarill|Play Rough|p2a: Darkrai
|-supereffective|p2a: Darkrai
|-damage|p2a: Darkrai|0 fnt
|faint|p2a: Darkrai
|
|upkeep
|
|t:|1760416373
|switch|p2a: Dragonite|Dragonite, M|100/100
|turn|15
|
|t:|1760416377
|move|p2a: Dragonite|Dragon Dance|p2a: Dragonite
|-boost|p2a: Dragonite|atk|1
|-boost|p2a: Dragonite|spe|1
|move|p1a: Azumarill|Play Rough|p2a: Dragonite
|-supereffective|p2a: Dragonite
|-crit|p2a: Dragonite
|-damage|p2a: Dragonite|0 fnt
|faint|p2a: Dragonite
|
|win|mahjini
|raw|mahjini's rating: 1191 &rarr; <strong>1214</strong><br />(+23 for winning)
|raw|yellosun's rating: 1162 &rarr; <strong>1139</strong><br />(-23 for losing)
|l|☆mahjini
|player|p1|
|l|☆yellosun
|player|p2|
