|j|☆infinitehappiness
|j|☆gnaonggewg
|t:|1760458722
|gametype|singles
|player|p1|infinitehappiness|pokemonbreeder-gen4|1056
|player|p2|gnaonggewg|102|1121
|gen|9
|tier|[Gen 9] OU
|rated|
|rule|HP Percentage Mod: HP is shown in percentages
|rule|Endless Battle Clause: Forcing endless battles is banned
|rule|Species Clause: Limit one of each Pokémon
|rule|OHKO Clause: OHKO moves are banned
|rule|Evasion Items Clause: Evasion items are banned
|rule|Evasion Moves Clause: Evasion moves are banned
|rule|Evasion Abilities Clause: Evasion abilities are banned
|rule|Sleep Moves Clause: Sleep-inducing moves are banned
|clearpoke
|poke|p1|Meganium, F|
|poke|p1|Tauros-Paldea-Blaze, M|
|poke|p1|Klefki, F|
|poke|p1|Mismagius, F|
|poke|p1|Gyarados, M|
|poke|p1|Florges-Blue, F|
|poke|p2|Lokix, F|
|poke|p2|Cinderace, M|
|poke|p2|Great Tusk|
|poke|p2|Alomomola, F|
|poke|p2|Enamorus, F|
|poke|p2|Slowking-Galar, M|
|teampreview
|inactive|Battle timer is ON: inactive players will automatically lose when time's up. (requested by gnaonggewg)
|
|t:|1760458739
|teamsize|p1|6
|teamsize|p2|6
|start
|switch|p1a: Kaidos|Gyarados, M|100/100
|switch|p2a: Great Tusk|Great Tusk|100/100
|-ability|p1a: Kaidos|Intimidate|boost
|-unboost|p2a: Great Tusk|atk|1
|turn|1
|
|t:|1760458747
|-end|p2a: Great Tusk|Protosynthesis|[silent]
|switch|p2a: Slowking|Slowking-Galar, M|100/100
|move|p1a: Kaidos|Dragon Dance|p1a: Kaidos
|-boost|p1a: Kaidos|atk|1
|-boost|p1a: Kaidos|spe|1
|
|upkeep
|turn|2
|
|t:|1760458756
|move|p1a: Kaidos|Crunch|p2a: Slowking
|-supereffective|p2a: Slowking
|-damage|p2a: Slowking|10/100
|-damage|p1a: Kaidos|91/100|[from] item: Life Orb
|move|p2a: Slowking|Sludge Bomb|p1a: Kaidos
|-damage|p1a: Kaidos|54/100
|-status|p1a: Kaidos|psn
|
|-damage|p1a: Kaidos|42/100 psn|[from] psn
|upkeep
|turn|3
|
|t:|1760458767
|switch|p2a: Alomomola|Alomomola, F|100/100
|move|p1a: Kaidos|Crunch|p2a: Alomomola
|-crit|p2a: Alomomola
|-damage|p2a: Alomomola|36/100
|-unboost|p2a: Alomomola|def|1
|-damage|p1a: Kaidos|32/100 psn|[from] item: Life Orb
|
|-damage|p1a: Kaidos|20/100 psn|[from] psn
|upkeep
|turn|4
|
|t:|1760458780
|switch|p2a: Great Tusk|Great Tusk|100/100
|move|p1a: Kaidos|Waterfall|p2a: Great Tusk
|-supereffective|p2a: Great Tusk
|-damage|p2a: Great Tusk|15/100
|-damage|p1a: Kaidos|10/100 psn|[from] item: Life Orb
|
|-heal|p2a: Great Tusk|22/100|[from] item: Leftovers
|-damage|p1a: Kaidos|0 fnt|[from] psn
|faint|p1a: Kaidos
|upkeep
|
|t:|1760458792
|switch|p1a: Meganium|Meganium, F|100/100
|turn|5
|
|t:|1760458798
|-end|p2a: Great Tusk|Protosynthesis|[silent]
|switch|p2a: Cinderace|Cinderace, M|100/100
|move|p1a: Meganium|Leech Seed|p2a: Cinderace
|-start|p2a: Cinderace|move: Leech Seed
|
|-damage|p2a: Cinderace|88/100|[from] Leech Seed|[of] p1a: Meganium
|upkeep
|turn|6
|
|t:|1760458826
|switch|p1a: Tauros|Tauros-Paldea-Blaze, M|100/100
|-ability|p1a: Tauros|Intimidate|boost
|-unboost|p2a: Cinderace|atk|1
|move|p2a: Cinderace|U-turn|p1a: Tauros
|-resisted|p1a: Tauros
|-damage|p1a: Tauros|97/100
|-enditem|p1a: Tauros|Eject Button
|
|t:|1760458844
|switch|p1a: Mismagius|Mismagius, F|100/100
|
|-damage|p2a: Cinderace|76/100|[from] Leech Seed|[of] p1a: Mismagius
|upkeep
|turn|7
|
|t:|1760458855
|switch|p2a: Alomomola|Alomomola, F|69/100
|move|p1a: Mismagius|Shadow Ball|p2a: Alomomola
|-damage|p2a: Alomomola|51/100
|
|upkeep
|turn|8
|
|t:|1760458868
|switch|p1a: Echinacea|Florges-Blue, F|100/100
|move|p2a: Alomomola|Flip Turn|p1a: Echinacea
|-crit|p1a: Echinacea
|-damage|p1a: Echinacea|78/100
|
|t:|1760458879
|switch|p2a: Slowking|Slowking-Galar, M|43/100|[from] Flip Turn
|
|-heal|p1a: Echinacea|84/100|[from] item: Leftovers
|upkeep
|turn|9
|
|t:|1760458891
|move|p1a: Echinacea|Wish|p1a: Echinacea
|-prepare|p2a: Slowking|Chilly Reception|[premajor]
|move|p2a: Slowking|Chilly Reception|p2a: Slowking
|-weather|Snowscape
|
|t:|1760458902
|switch|p2a: Cinderace|Cinderace, M|76/100|[from] Chilly Reception
|
|-weather|Snowscape|[upkeep]
|-heal|p1a: Echinacea|90/100|[from] item: Leftovers
|upkeep
|turn|10
|
|t:|1760458910
|switch|p1a: Tauros|Tauros-Paldea-Blaze, M|97/100
|-ability|p1a: Tauros|Intimidate|boost
|-unboost|p2a: Cinderace|atk|1
|move|p2a: Cinderace|U-turn|p1a: Tauros
|-resisted|p1a: Tauros
|-damage|p1a: Tauros|94/100
|
|t:|1760458920
|switch|p2a: Alomomola|Alomomola, F|85/100|[from] U-turn
|
|-weather|Snowscape|[upkeep]
|-heal|p1a: Tauros|100/100|[from] move: Wish|[wisher] Echinacea
|upkeep
|turn|11
|
|t:|1760458929
|move|p1a: Tauros|Close Combat|p2a: Alomomola
|-damage|p2a: Alomomola|45/100
|-unboost|p1a: Tauros|def|1
|-unboost|p1a: Tauros|spd|1
|move|p2a: Alomomola|Flip Turn|p1a: Tauros
|-supereffective|p1a: Tauros
|-damage|p1a: Tauros|49/100
|
|t:|1760458937
|switch|p2a: Enamorus|Enamorus, F|100/100|[from] Flip Turn
|
|-weather|Snowscape|[upkeep]
|upkeep
|turn|12
|
|t:|1760458947
|switch|p1a: Klefki|Klefki, F|100/100
|move|p2a: Enamorus|Moonblast|p1a: Klefki
|-resisted|p1a: Klefki
|-damage|p1a: Klefki|66/100
|
|-weather|Snowscape|[upkeep]
|upkeep
|turn|13
|
|t:|1760458955
|switch|p2a: Great Tusk|Great Tusk|22/100
|move|p1a: Klefki|Thunder Wave|p2a: Great Tusk
|-immune|p2a: Great Tusk
|
|-weather|none
|-heal|p2a: Great Tusk|28/100|[from] item: Leftovers
|upkeep
|turn|14
|
|t:|1760458966
|move|p2a: Great Tusk|Knock Off|p1a: Klefki
|-resisted|p1a: Klefki
|-damage|p1a: Klefki|53/100
|-damage|p2a: Great Tusk|11/100|[from] item: Rocky Helmet|[of] p1a: Klefki
|-enditem|p1a: Klefki|Rocky Helmet|[from] move: Knock Off|[of] p2a: Great Tusk
|move|p1a: Klefki|Draining Kiss|p2a: Great Tusk
|-supereffective|p2a: Great Tusk
|-damage|p2a: Great Tusk|0 fnt
|-heal|p1a: Klefki|64/100|[from] drain|[of] p2a: Great Tusk
|faint|p2a: Great Tusk
|-end|p2a: Great Tusk|Protosynthesis|[silent]
|
|upkeep
|
|t:|1760458982
|switch|p2a: Slowking|Slowking-Galar, M|77/100
|turn|15
|
|t:|1760458989
|move|p1a: Klefki|Thunder Wave|p2a: Slowking
|-status|p2a: Slowking|par
|cant|p2a: Slowking|par
|
|upkeep
|turn|16
|
|t:|1760458995
|move|p1a: Klefki|Spikes|p2a: Slowking
|-sidestart|p2: gnaonggewg|Spikes
|move|p2a: Slowking|Future Sight|p1a: Klefki
|-start|p2a: Slowking|move: Future Sight
|
|upkeep
|turn|17
|
|t:|1760459008
|move|p1a: Klefki|Switcheroo|p2a: Slowking
|-activate|p1a: Klefki|move: Trick|[of] p2a: Slowking
|-enditem|p2a: Slowking|Shuca Berry|[silent]|[from] move: Switcheroo
|-item|p1a: Klefki|Shuca Berry|[from] move: Switcheroo
|cant|p2a: Slowking|par
|
|upkeep
|turn|18
|
|t:|1760459021
|move|p1a: Klefki|Spikes|p2a: Slowking
|-sidestart|p2: gnaonggewg|Spikes
|move|p2a: Slowking|Ice Beam|p1a: Klefki
|-resisted|p1a: Klefki
|-damage|p1a: Klefki|51/100
|
|-end|p1a: Klefki|move: Future Sight
|-resisted|p1a: Klefki
|-damage|p1a: Klefki|25/100
|upkeep
|turn|19
|
|t:|1760459031
|move|p1a: Klefki|Spikes|p2a: Slowking
|-sidestart|p2: gnaonggewg|Spikes
|move|p2a: Slowking|Future Sight|p1a: Klefki
|-start|p2a: Slowking|move: Future Sight
|
|upkeep
|turn|20
|
|t:|1760459041
|switch|p1a: Echinacea|Florges-Blue, F|90/100
|move|p2a: Slowking|Ice Beam|p1a: Echinacea
|-damage|p1a: Echinacea|76/100
|
|-heal|p1a: Echinacea|82/100|[from] item: Leftovers
|upkeep
|turn|21
|
|t:|1760459050
|move|p1a: Echinacea|Calm Mind|p1a: Echinacea
|-boost|p1a: Echinacea|spa|1
|-boost|p1a: Echinacea|spd|1
|-prepare|p2a: Slowking|Chilly Reception|[premajor]
|move|p2a: Slowking|Chilly Reception|p2a: Slowking
|-weather|Snowscape
|
|t:|1760459062
|switch|p2a: Cinderace|Cinderace, M|76/100|[from] Chilly Reception
|
|-weather|Snowscape|[upkeep]
|-end|p1a: Echinacea|move: Future Sight
|-damage|p1a: Echinacea|62/100
|-heal|p1a: Echinacea|69/100|[from] item: Leftovers
|upkeep
|turn|22
|
|t:|1760459072
|move|p2a: Cinderace|Pyro Ball|p1a: Echinacea
|-damage|p1a: Echinacea|23/100
|move|p1a: Echinacea|Moonblast|p2a: Cinderace
|-resisted|p2a: Cinderace
|-damage|p2a: Cinderace|46/100
|
|-weather|Snowscape|[upkeep]
|-heal|p1a: Echinacea|29/100|[from] item: Leftovers
|upkeep
|turn|23
|
|t:|1760459085
|switch|p1a: Tauros|Tauros-Paldea-Blaze, M|49/100
|-ability|p1a: Tauros|Intimidate|boost
|-unboost|p2a: Cinderace|atk|1
|move|p2a: Cinderace|Court Change|p2a: Cinderace
|-swapsideconditions
|-activate|p2a: Cinderace|move: Court Change
|
|-weather|Snowscape|[upkeep]
|upkeep
|turn|24
|
|t:|1760459095
|move|p2a: Cinderace|U-turn|p1a: Tauros
|-resisted|p1a: Tauros
|-damage|p1a: Tauros|46/100
|
|t:|1760459098
|switch|p2a: Alomomola|Alomomola, F|78/100|[from] U-turn
|move|p1a: Tauros|Close Combat|p2a: Alomomola
|-damage|p2a: Alomomola|33/100
|-unboost|p1a: Tauros|def|1
|-unboost|p1a: Tauros|spd|1
|
|-weather|Snowscape|[upkeep]
|upkeep
|turn|25
|
|t:|1760459108
|switch|p2a: Slowking|Slowking-Galar, M|100/100 par
|move|p1a: Tauros|Close Combat|p2a: Slowking
|-resisted|p2a: Slowking
|-damage|p2a: Slowking|90/100 par
|-unboost|p1a: Tauros|def|1
|-unboost|p1a: Tauros|spd|1
|
|-weather|none
|upkeep
|turn|26
|
|t:|1760459125
|switch|p1a: Mismagius|Mismagius, F|100/100
|-prepare|p2a: Slowking|Chilly Reception|[premajor]
|move|p2a: Slowking|Chilly Reception|p2a: Slowking
|-weather|Snowscape
|
|t:|1760459132
|switch|p2a: Cinderace|Cinderace, M|46/100|[from] Chilly Reception
|
|-weather|Snowscape|[upkeep]
|upkeep
|turn|27
|
|t:|1760459141
|switch|p2a: Alomomola|Alomomola, F|67/100
|move|p1a: Mismagius|Shadow Ball|p2a: Alomomola
|-damage|p2a: Alomomola|48/100
|
|-weather|Snowscape|[upkeep]
|upkeep
|turn|28
|
|t:|1760459149
|move|p1a: Mismagius|Shadow Ball|p2a: Alomomola
|-damage|p2a: Alomomola|30/100
|move|p2a: Alomomola|Flip Turn|p1a: Mismagius
|-damage|p1a: Mismagius|69/100
|
|t:|1760459152
|switch|p2a: Lokix|Lokix, F|100/100|[from] Flip Turn
|
|-weather|Snowscape|[upkeep]
|upkeep
|turn|29
|
|t:|1760459164
|switch|p1a: Klefki|Klefki, F|25/100
|-damage|p1a: Klefki|0 fnt|[from] Spikes
|faint|p1a: Klefki
|move|p2a: Lokix|Knock Off|p1: Klefki|[notarget]
|-fail|p2a: Lokix
|
|-weather|Snowscape|[upkeep]
|upkeep
|
|t:|1760459176
|switch|p1a: Tauros|Tauros-Paldea-Blaze, M|46/100
|-damage|p1a: Tauros|21/100|[from] Spikes
|-ability|p1a: Tauros|Intimidate|boost
|-unboost|p2a: Lokix|atk|1
|turn|30
|
|t:|1760459182
|switch|p2a: Slowking|Slowking-Galar, M|100/100 par
|move|p1a: Tauros|Flame Charge|p2a: Slowking
|-damage|p2a: Slowking|85/100 par
|-boost|p1a: Tauros|spe|1
|
|-weather|none
|upkeep
|turn|31
|
|t:|1760459192
|move|p1a: Tauros|Flare Blitz|p2a: Slowking
|-damage|p2a: Slowking|43/100 par
|-damage|p1a: Tauros|3/100|[from] Recoil
|move|p2a: Slowking|Sludge Bomb|p1a: Tauros
|-damage|p1a: Tauros|0 fnt
|faint|p1a: Tauros
|
|upkeep
|
|t:|1760459203
|switch|p1a: Mismagius|Mismagius, F|69/100
|turn|32
|
|t:|1760459208
|switch|p2a: Alomomola|Alomomola, F|63/100
|move|p1a: Mismagius|Perish Song|p1a: Mismagius
|-start|p1a: Mismagius|perish3|[silent]
|-start|p2a: Alomomola|perish3|[silent]
|-fieldactivate|move: Perish Song
|
|-start|p1a: Mismagius|perish3
|-start|p2a: Alomomola|perish3
|upkeep
|turn|33
|
|t:|1760459219
|switch|p1a: Meganium|Meganium, F|100/100
|-damage|p1a: Meganium|75/100|[from] Spikes
|move|p2a: Alomomola|Flip Turn|p1a: Meganium
|-resisted|p1a: Meganium
|-damage|p1a: Meganium|68/100
|
|t:|1760459222
|switch|p2a: Cinderace|Cinderace, M|46/100|[from] Flip Turn
|
|-heal|p1a: Meganium|74/100|[from] item: Leftovers
|upkeep
|turn|34
|
|t:|1760459234
|move|p2a: Cinderace|Pyro Ball|p1a: Meganium
|-supereffective|p1a: Meganium
|-damage|p1a: Meganium|0 fnt
|faint|p1a: Meganium
|
|upkeep
|
|t:|1760459240
|switch|p1a: Mismagius|Mismagius, F|69/100
|turn|35
|
|t:|1760459246
|move|p1a: Mismagius|Perish Song|p1a: Mismagius
|-start|p1a: Mismagius|perish3|[silent]
|-start|p2a: Cinderace|perish3|[silent]
|-fieldactivate|move: Perish Song
|move|p2a: Cinderace|Pyro Ball|p1a: Mismagius
|-damage|p1a: Mismagius|0 fnt
|faint|p1a: Mismagius
|
|-start|p2a: Cinderace|perish3
|upkeep
|
|t:|1760459254
|switch|p1a: Echinacea|Florges-Blue, F|29/100
|-damage|p1a: Echinacea|4/100|[from] Spikes
|turn|36
|-message|infinitehappiness forfeited.
|
|win|gnaonggewg
|raw|infinitehappiness's rating: 1056 &rarr; <strong>1043</strong><br />(-13 for losing)
|raw|gnaonggewg's rating: 1170 &rarr; <strong>1187</strong><br />(+17 for winning)
|l|☆infinitehappiness
|player|p1|
|l|☆gnaonggewg
|player|p2|
