|j|☆vbngf
|j|☆Dizzydwarf99
|t:|1760381348
|gametype|singles
|player|p1|vbngf|ghetsis|1635
|player|p2|Dizzydwarf99|cheryl|1586
|gen|9
|tier|[Gen 9] OU
|rated|
|rule|HP Percentage Mod: HP is shown in percentages
|rule|Endless Battle Clause: Forcing endless battles is banned
|rule|Species Clause: Limit one of each Pokémon
|rule|OHKO Clause: OHKO moves are banned
|rule|Evasion Items Clause: Evasion items are banned
|rule|Evasion Moves Clause: Evasion moves are banned
|rule|Evasion Abilities Clause: Evasion abilities are banned
|rule|Sleep Moves Clause: Sleep-inducing moves are banned
|clearpoke
|poke|p1|Kingambit, F|
|poke|p1|Kyurem|
|poke|p1|Primarina, M|
|poke|p1|Iron Moth|
|poke|p1|Ogerpon-Wellspring, F|
|poke|p1|Landorus-Therian, M|
|poke|p2|Volcanion|
|poke|p2|Chesnaught, F|
|poke|p2|Scream Tail|
|poke|p2|Latios, M|
|poke|p2|Great Tusk|
|poke|p2|Meowscarada, M|
|teampreview
|inactive|Battle timer is ON: inactive players will automatically lose when time's up. (requested by Dizzydwarf99)
|
|t:|1760381358
|teamsize|p1|6
|teamsize|p2|6
|start
|switch|p1a: Ogerpon|Ogerpon-Wellspring, F|100/100
|switch|p2a: Meowscarada|Meowscarada, M|100/100
|turn|1
|
|t:|1760381360
|move|p1a: Ogerpon|Spiky Shield|p1a: Ogerpon
|-singleturn|p1a: Ogerpon|move: Protect
|move|p2a: Meowscarada|U-turn|p1a: Ogerpon
|-start|p2a: Meowscarada|typechange|Bug|[from] ability: Protean
|-activate|p1a: Ogerpon|move: Protect
|-damage|p2a: Meowscarada|88/100|[from] Spiky Shield|[of] p1a: Ogerpon
|
|upkeep
|turn|2
|
|t:|1760381363
|switch|p1a: Landorus|Landorus-Therian, M|100/100
|-ability|p1a: Landorus|Intimidate|boost
|-unboost|p2a: Meowscarada|atk|1
|move|p2a: Meowscarada|U-turn|p1a: Landorus
|-resisted|p1a: Landorus
|-crit|p1a: Landorus
|-damage|p1a: Landorus|83/100
|-damage|p2a: Meowscarada|72/100|[from] item: Rocky Helmet|[of] p1a: Landorus
|
|t:|1760381366
|switch|p2a: Latios|Latios, M|100/100|[from] U-turn
|
|upkeep
|turn|3
|
|t:|1760381370
|-terastallize|p1a: Landorus|Water
|move|p2a: Latios|Flip Turn|p1a: Landorus
|-resisted|p1a: Landorus
|-damage|p1a: Landorus|80/100
|-damage|p2a: Latios|84/100|[from] item: Rocky Helmet|[of] p1a: Landorus
|
|t:|1760381373
|switch|p2a: Chesnaught|Chesnaught, F, shiny|100/100|[from] Flip Turn
|move|p1a: Landorus|U-turn|p2a: Chesnaught
|-damage|p2a: Chesnaught|87/100
|-damage|p1a: Landorus|63/100|[from] item: Rocky Helmet|[of] p2a: Chesnaught
|
|t:|1760381385
|switch|p1a: Iron Moth|Iron Moth|100/100|[from] U-turn
|-enditem|p1a: Iron Moth|Booster Energy
|-activate|p1a: Iron Moth|ability: Quark Drive|[fromitem]
|-start|p1a: Iron Moth|quarkdrivespe
|
|upkeep
|turn|4
|
|t:|1760381389
|switch|p2a: Volcanion|Volcanion|100/100
|move|p1a: Iron Moth|Fiery Dance|p2a: Volcanion
|-resisted|p2a: Volcanion
|-damage|p2a: Volcanion|94/100
|-boost|p1a: Iron Moth|spa|1
|
|upkeep
|turn|5
|
|t:|1760381394
|move|p1a: Iron Moth|Energy Ball|p2a: Volcanion
|-damage|p2a: Volcanion|67/100
|move|p2a: Volcanion|Earth Power|p1a: Iron Moth
|-supereffective|p1a: Iron Moth
|-damage|p1a: Iron Moth|0 fnt
|faint|p1a: Iron Moth
|-end|p1a: Iron Moth|Quark Drive|[silent]
|
|upkeep
|
|t:|1760381400
|switch|p1a: Landorus|Landorus-Therian, M, tera:Water|63/100
|-ability|p1a: Landorus|Intimidate|boost
|-unboost|p2a: Volcanion|atk|1
|turn|6
|
|t:|1760381403
|switch|p2a: Chesnaught|Chesnaught, F, shiny|87/100
|move|p1a: Landorus|Earthquake|p2a: Chesnaught
|-resisted|p2a: Chesnaught
|-damage|p2a: Chesnaught|73/100
|
|upkeep
|turn|7
|
|t:|1760381406
|move|p1a: Landorus|Stealth Rock|p2a: Chesnaught
|-sidestart|p2: Dizzydwarf99|move: Stealth Rock
|move|p2a: Chesnaught|Body Press|p1a: Landorus
|-damage|p1a: Landorus|35/100
|-damage|p2a: Chesnaught|57/100|[from] item: Rocky Helmet|[of] p1a: Landorus
|
|upkeep
|turn|8
|
|t:|1760381410
|switch|p1a: Primarina|Primarina, M|100/100
|move|p2a: Chesnaught|Synthesis|p2a: Chesnaught
|-heal|p2a: Chesnaught|100/100
|
|upkeep
|turn|9
|
|t:|1760381414
|switch|p2a: Volcanion|Volcanion|67/100
|-damage|p2a: Volcanion|42/100|[from] Stealth Rock
|move|p1a: Primarina|Moonblast|p2a: Volcanion
|-resisted|p2a: Volcanion
|-damage|p2a: Volcanion|26/100
|
|upkeep
|turn|10
|
|t:|1760381421
|switch|p1a: Landorus|Landorus-Therian, M, tera:Water|35/100
|-ability|p1a: Landorus|Intimidate|boost
|-unboost|p2a: Volcanion|atk|1
|move|p2a: Volcanion|Sludge Wave|p1a: Landorus
|-damage|p1a: Landorus|0 fnt
|faint|p1a: Landorus
|
|upkeep
|
|t:|1760381426
|switch|p1a: Ogerpon|Ogerpon-Wellspring, F|100/100
|turn|11
|
|t:|1760381427
|switch|p2a: Chesnaught|Chesnaught, F, shiny|100/100
|-damage|p2a: Chesnaught|94/100|[from] Stealth Rock
|move|p1a: Ogerpon|Horn Leech|p2a: Chesnaught
|-resisted|p2a: Chesnaught
|-damage|p2a: Chesnaught|85/100
|-damage|p1a: Ogerpon|84/100|[from] item: Rocky Helmet|[of] p2a: Chesnaught
|
|upkeep
|turn|12
|
|t:|1760381432
|move|p1a: Ogerpon|Spiky Shield|p1a: Ogerpon
|-singleturn|p1a: Ogerpon|move: Protect
|move|p2a: Chesnaught|Body Press|p1a: Ogerpon
|-activate|p1a: Ogerpon|move: Protect
|-damage|p2a: Chesnaught|72/100|[from] Spiky Shield|[of] p1a: Ogerpon
|
|upkeep
|turn|13
|
|t:|1760381435
|switch|p1a: Primarina|Primarina, M|100/100
|move|p2a: Chesnaught|Body Press|p1a: Primarina
|-resisted|p1a: Primarina
|-damage|p1a: Primarina|72/100
|
|upkeep
|turn|14
|
|t:|1760381438
|switch|p2a: Scream Tail|Scream Tail, shiny|100/100
|-damage|p2a: Scream Tail|88/100|[from] Stealth Rock
|move|p1a: Primarina|Moonblast|p2a: Scream Tail
|-damage|p2a: Scream Tail|56/100
|
|-heal|p2a: Scream Tail|62/100|[from] item: Leftovers
|upkeep
|turn|15
|
|t:|1760381441
|move|p2a: Scream Tail|Wish|p2a: Scream Tail
|move|p1a: Primarina|Moonblast|p2a: Scream Tail
|-damage|p2a: Scream Tail|29/100
|
|-heal|p2a: Scream Tail|35/100|[from] item: Leftovers
|upkeep
|turn|16
|
|t:|1760381443
|move|p2a: Scream Tail|Dazzling Gleam|p1a: Primarina
|-damage|p1a: Primarina|60/100
|move|p1a: Primarina|Moonblast|p2a: Scream Tail
|-damage|p2a: Scream Tail|2/100
|-unboost|p2a: Scream Tail|spa|1
|
|-heal|p2a: Scream Tail|52/100|[from] move: Wish|[wisher] Scream Tail
|-heal|p2a: Scream Tail|58/100|[from] item: Leftovers
|upkeep
|turn|17
|
|t:|1760381445
|move|p2a: Scream Tail|Wish|p2a: Scream Tail
|move|p1a: Primarina|Moonblast|p2a: Scream Tail
|-damage|p2a: Scream Tail|22/100
|
|-heal|p2a: Scream Tail|28/100|[from] item: Leftovers
|upkeep
|turn|18
|
|t:|1760381447
|move|p2a: Scream Tail|Protect|p2a: Scream Tail
|-singleturn|p2a: Scream Tail|Protect
|move|p1a: Primarina|Moonblast|p2a: Scream Tail
|-activate|p2a: Scream Tail|move: Protect
|
|-heal|p2a: Scream Tail|78/100|[from] move: Wish|[wisher] Scream Tail
|-heal|p2a: Scream Tail|84/100|[from] item: Leftovers
|upkeep
|turn|19
|
|t:|1760381451
|move|p2a: Scream Tail|Wish|p2a: Scream Tail
|move|p1a: Primarina|Flip Turn|p2a: Scream Tail
|-damage|p2a: Scream Tail|74/100
|
|t:|1760381453
|switch|p1a: Kingambit|Kingambit, F|100/100|[from] Flip Turn
|-activate|p1a: Kingambit|ability: Supreme Overlord
|-start|p1a: Kingambit|fallen2|[silent]
|
|-heal|p2a: Scream Tail|80/100|[from] item: Leftovers
|upkeep
|turn|20
|
|t:|1760381456
|-end|p2a: Scream Tail|Protosynthesis|[silent]
|switch|p2a: Chesnaught|Chesnaught, F, shiny|72/100
|-damage|p2a: Chesnaught|66/100|[from] Stealth Rock
|move|p1a: Kingambit|Swords Dance|p1a: Kingambit
|-boost|p1a: Kingambit|atk|2
|
|-heal|p2a: Chesnaught|100/100|[from] move: Wish|[wisher] Scream Tail
|upkeep
|turn|21
|
|t:|1760381459
|move|p2a: Chesnaught|Body Press|p1a: Kingambit
|-supereffective|p1a: Kingambit
|-damage|p1a: Kingambit|0 fnt
|faint|p1a: Kingambit
|-end|p1a: Kingambit|fallen2|[silent]
|
|upkeep
|
|t:|1760381462
|switch|p1a: Kyurem|Kyurem|100/100
|-ability|p1a: Kyurem|Pressure
|turn|22
|
|t:|1760381466
|switch|p2a: Scream Tail|Scream Tail, shiny|80/100
|-damage|p2a: Scream Tail|67/100|[from] Stealth Rock
|move|p1a: Kyurem|Ice Beam|p2a: Scream Tail
|-damage|p2a: Scream Tail|35/100
|
|-heal|p2a: Scream Tail|41/100|[from] item: Leftovers
|upkeep
|turn|23
|
|t:|1760381473
|move|p1a: Kyurem|Ice Beam|p2a: Scream Tail
|-damage|p2a: Scream Tail|8/100
|move|p2a: Scream Tail|Wish|p2a: Scream Tail
|
|-heal|p2a: Scream Tail|15/100|[from] item: Leftovers
|upkeep
|turn|24
|
|t:|1760381476
|move|p2a: Scream Tail|Protect|p2a: Scream Tail
|-singleturn|p2a: Scream Tail|Protect
|move|p1a: Kyurem|Ice Beam|p2a: Scream Tail
|-activate|p2a: Scream Tail|move: Protect
|
|-heal|p2a: Scream Tail|65/100|[from] move: Wish|[wisher] Scream Tail
|-heal|p2a: Scream Tail|71/100|[from] item: Leftovers
|upkeep
|turn|25
|
|t:|1760381477
|move|p1a: Kyurem|Ice Beam|p2a: Scream Tail
|-damage|p2a: Scream Tail|40/100
|move|p2a: Scream Tail|Wish|p2a: Scream Tail
|
|-heal|p2a: Scream Tail|47/100|[from] item: Leftovers
|upkeep
|turn|26
|
|t:|1760381479
|move|p1a: Kyurem|Ice Beam|p2a: Scream Tail
|-damage|p2a: Scream Tail|18/100
|move|p2a: Scream Tail|Dazzling Gleam|p1a: Kyurem
|-supereffective|p1a: Kyurem
|-damage|p1a: Kyurem|66/100
|
|-heal|p2a: Scream Tail|68/100|[from] move: Wish|[wisher] Scream Tail
|-heal|p2a: Scream Tail|74/100|[from] item: Leftovers
|upkeep
|turn|27
|
|t:|1760381482
|switch|p1a: Ogerpon|Ogerpon-Wellspring, F|84/100
|move|p2a: Scream Tail|Wish|p2a: Scream Tail
|
|-heal|p2a: Scream Tail|80/100|[from] item: Leftovers
|upkeep
|turn|28
|
|t:|1760381486
|-end|p2a: Scream Tail|Protosynthesis|[silent]
|switch|p2a: Chesnaught|Chesnaught, F, shiny|100/100
|-damage|p2a: Chesnaught|94/100|[from] Stealth Rock
|move|p1a: Ogerpon|Leech Seed|p2a: Chesnaught
|-immune|p2a: Chesnaught
|
|-heal|p2a: Chesnaught|100/100|[from] move: Wish|[wisher] Scream Tail
|upkeep
|turn|29
|
|t:|1760381488
|switch|p1a: Primarina|Primarina, M|60/100
|move|p2a: Chesnaught|Body Press|p1a: Primarina
|-resisted|p1a: Primarina
|-damage|p1a: Primarina|34/100
|
|upkeep
|turn|30
|
|t:|1760381492
|switch|p2a: Meowscarada|Meowscarada, M|72/100
|-damage|p2a: Meowscarada|60/100|[from] Stealth Rock
|move|p1a: Primarina|Moonblast|p2a: Meowscarada
|-supereffective|p2a: Meowscarada
|-damage|p2a: Meowscarada|0 fnt
|faint|p2a: Meowscarada
|
|upkeep
|
|t:|1760381493
|switch|p2a: Great Tusk|Great Tusk|100/100
|turn|31
|
|t:|1760381496
|move|p2a: Great Tusk|Rapid Spin|p1a: Primarina
|-damage|p1a: Primarina|13/100
|-boost|p2a: Great Tusk|spe|1
|-sideend|p2: Dizzydwarf99|Stealth Rock|[from] move: Rapid Spin|[of] p2a: Great Tusk
|move|p1a: Primarina|Moonblast|p2a: Great Tusk
|-supereffective|p2a: Great Tusk
|-damage|p2a: Great Tusk|0 fnt
|faint|p2a: Great Tusk
|-end|p2a: Great Tusk|Protosynthesis|[silent]
|
|upkeep
|
|t:|1760381498
|switch|p2a: Scream Tail|Scream Tail, shiny|80/100
|turn|32
|
|t:|1760381509
|move|p2a: Scream Tail|Wish|p2a: Scream Tail
|move|p1a: Primarina|Sparkling Aria|p2a: Scream Tail
|-damage|p2a: Scream Tail|32/100
|
|-heal|p2a: Scream Tail|39/100|[from] item: Leftovers
|upkeep
|turn|33
|
|t:|1760381513
|-end|p2a: Scream Tail|Protosynthesis|[silent]
|switch|p2a: Volcanion|Volcanion|26/100
|move|p1a: Primarina|Moonblast|p2a: Volcanion
|-resisted|p2a: Volcanion
|-damage|p2a: Volcanion|10/100
|-unboost|p2a: Volcanion|spa|1
|
|-heal|p2a: Volcanion|70/100|[from] move: Wish|[wisher] Scream Tail
|upkeep
|turn|34
|
|t:|1760381517
|switch|p2a: Scream Tail|Scream Tail, shiny|39/100
|move|p1a: Primarina|Moonblast|p2a: Scream Tail
|-damage|p2a: Scream Tail|3/100
|
|-heal|p2a: Scream Tail|9/100|[from] item: Leftovers
|upkeep
|turn|35
|
|t:|1760381519
|move|p2a: Scream Tail|Dazzling Gleam|p1a: Primarina
|-damage|p1a: Primarina|3/100
|move|p1a: Primarina|Moonblast|p2a: Scream Tail
|-damage|p2a: Scream Tail|0 fnt
|faint|p2a: Scream Tail
|-end|p2a: Scream Tail|Protosynthesis|[silent]
|
|upkeep
|
|t:|1760381522
|switch|p2a: Latios|Latios, M|84/100
|turn|36
|
|t:|1760381525
|move|p2a: Latios|Flip Turn|p1a: Primarina
|-resisted|p1a: Primarina
|-damage|p1a: Primarina|0 fnt
|faint|p1a: Primarina
|
|t:|1760381527
|switch|p2a: Volcanion|Volcanion|70/100|[from] Flip Turn
|
|upkeep
|
|t:|1760381530
|switch|p1a: Kyurem|Kyurem|66/100
|-ability|p1a: Kyurem|Pressure
|turn|37
|
|t:|1760381536
|move|p1a: Kyurem|Draco Meteor|p2a: Volcanion
|-damage|p2a: Volcanion|25/100
|-unboost|p1a: Kyurem|spa|2
|move|p2a: Volcanion|Sludge Wave|p1a: Kyurem
|-damage|p1a: Kyurem|35/100
|-status|p1a: Kyurem|psn
|
|-damage|p1a: Kyurem|22/100 psn|[from] psn
|upkeep
|turn|38
|
|t:|1760381539
|move|p1a: Kyurem|Draco Meteor|p2a: Volcanion
|-damage|p2a: Volcanion|5/100
|-unboost|p1a: Kyurem|spa|2
|move|p2a: Volcanion|Sludge Wave|p1a: Kyurem
|-damage|p1a: Kyurem|0 fnt
|faint|p1a: Kyurem
|
|upkeep
|
|t:|1760381541
|switch|p1a: Ogerpon|Ogerpon-Wellspring, F|84/100
|turn|39
|
|t:|1760381543
|move|p1a: Ogerpon|Ivy Cudgel|p2a: Volcanion|[anim] Ivy Cudgel Water
|-heal|p2a: Volcanion|30/100|[from] ability: Water Absorb|[of] p1a: Ogerpon
|move|p2a: Volcanion|Sludge Wave|p1a: Ogerpon
|-supereffective|p1a: Ogerpon
|-damage|p1a: Ogerpon|20/100
|
|upkeep
|turn|40
|
|t:|1760381545
|move|p1a: Ogerpon|Horn Leech|p2a: Volcanion
|-damage|p2a: Volcanion|3/100
|-heal|p1a: Ogerpon|33/100|[from] drain|[of] p2a: Volcanion
|move|p2a: Volcanion|Sludge Wave|p1a: Ogerpon
|-supereffective|p1a: Ogerpon
|-damage|p1a: Ogerpon|0 fnt
|faint|p1a: Ogerpon
|
|win|Dizzydwarf99
|raw|vbngf's rating: 1635 &rarr; <strong>1612</strong><br />(-23 for losing)
|raw|Dizzydwarf99's rating: 1586 &rarr; <strong>1609</strong><br />(+23 for winning)
|l|☆Dizzydwarf99
|player|p2|
|l|☆vbngf
|player|p1|
