|j|☆CAZSYZ
|j|☆OUOG Sindicate
|t:|1760327731
|gametype|singles
|player|p1|CAZSYZ|lady|1502
|player|p2|OUOG Sindicate|265|1512
|gen|9
|tier|[Gen 9] OU
|rated|
|rule|HP Percentage Mod: HP is shown in percentages
|rule|Endless Battle Clause: Forcing endless battles is banned
|rule|Species Clause: Limit one of each Pokémon
|rule|OHKO Clause: OHKO moves are banned
|rule|Evasion Items Clause: Evasion items are banned
|rule|Evasion Moves Clause: Evasion moves are banned
|rule|Evasion Abilities Clause: Evasion abilities are banned
|rule|Sleep Moves Clause: Sleep-inducing moves are banned
|clearpoke
|poke|p1|Great Tusk|
|poke|p1|Blissey, F|
|poke|p1|Alomomola, F|
|poke|p1|Dragapult, F|
|poke|p1|Corviknight, F|
|poke|p1|Dondozo, F|
|poke|p2|Garganacl, F|
|poke|p2|Moltres|
|poke|p2|Kyurem|
|poke|p2|Great Tusk|
|poke|p2|Weezing-Galar, M|
|poke|p2|Ogerpon-Wellspring, F|
|teampreview
|inactive|Battle timer is ON: inactive players will automatically lose when time's up. (requested by OUOG Sindicate)
|j| PG Spectating
|
|t:|1760327755
|teamsize|p1|6
|teamsize|p2|6
|start
|switch|p1a: Dragapult|Dragapult, F|100/100
|switch|p2a: Ogerpon|Ogerpon-Wellspring, F|100/100
|turn|1
|
|t:|1760327759
|switch|p2a: Garganacl|Garganacl, F|100/100
|move|p1a: Dragapult|U-turn|p2a: Garganacl
|-damage|p2a: Garganacl|83/100
|
|t:|1760327765
|switch|p1a: Great Tusk|Great Tusk|100/100|[from] U-turn
|
|-heal|p2a: Garganacl|89/100|[from] item: Leftovers
|upkeep
|turn|2
|
|t:|1760327769
|switch|p2a: Moltres|Moltres|100/100
|move|p1a: Great Tusk|Knock Off|p2a: Moltres
|-damage|p2a: Moltres|82/100
|-enditem|p2a: Moltres|Heavy-Duty Boots|[from] move: Knock Off|[of] p1a: Great Tusk
|
|upkeep
|turn|3
|
|t:|1760327774
|-end|p1a: Great Tusk|Protosynthesis|[silent]
|switch|p1a: Alomomola|Alomomola, F|100/100
|move|p2a: Moltres|Will-O-Wisp|p1a: Alomomola
|-status|p1a: Alomomola|brn
|
|-damage|p1a: Alomomola|94/100 brn|[from] brn
|upkeep
|turn|4
|
|t:|1760327779
|move|p2a: Moltres|Flamethrower|p1a: Alomomola
|-resisted|p1a: Alomomola
|-damage|p1a: Alomomola|79/100 brn
|move|p1a: Alomomola|Flip Turn|p2a: Moltres
|-supereffective|p2a: Moltres
|-damage|p2a: Moltres|71/100
|
|t:|1760327785
|switch|p1a: Blissey|Blissey, F|100/100|[from] Flip Turn
|
|upkeep
|turn|5
|
|t:|1760327789
|move|p2a: Moltres|U-turn|p1a: Blissey
|-damage|p1a: Blissey|70/100
|
|t:|1760327791
|switch|p2a: Garganacl|Garganacl, F|89/100|[from] U-turn
|move|p1a: Blissey|Seismic Toss|p2a: Garganacl
|-damage|p2a: Garganacl|64/100
|
|-heal|p1a: Blissey|76/100|[from] item: Leftovers
|-heal|p2a: Garganacl|70/100|[from] item: Leftovers
|upkeep
|turn|6
|
|t:|1760327794
|switch|p1a: Great Tusk|Great Tusk|100/100
|move|p2a: Garganacl|Salt Cure|p1a: Great Tusk
|-resisted|p1a: Great Tusk
|-damage|p1a: Great Tusk|99/100
|-start|p1a: Great Tusk|Salt Cure
|
|-heal|p1a: Great Tusk|100/100|[from] item: Leftovers
|-heal|p2a: Garganacl|76/100|[from] item: Leftovers
|-damage|p1a: Great Tusk|88/100|[from] Salt Cure
|upkeep
|turn|7
|
|t:|1760327802
|switch|p2a: Moltres|Moltres|71/100
|move|p1a: Great Tusk|Stealth Rock|p2a: Moltres
|-sidestart|p2: OUOG Sindicate|move: Stealth Rock
|
|-heal|p1a: Great Tusk|94/100|[from] item: Leftovers
|-damage|p1a: Great Tusk|82/100|[from] Salt Cure
|upkeep
|turn|8
|
|t:|1760327808
|-end|p1a: Great Tusk|Protosynthesis|[silent]
|switch|p1a: Alomomola|Alomomola, F|100/100 brn
|move|p2a: Moltres|U-turn|p1a: Alomomola
|-damage|p1a: Alomomola|92/100 brn
|
|t:|1760327812
|switch|p2a: Weezing|Weezing-Galar, M|100/100|[from] U-turn
|-ability|p2a: Weezing|Neutralizing Gas
|
|-damage|p1a: Alomomola|85/100 brn|[from] brn
|upkeep
|turn|9
|
|t:|1760327830
|switch|p1a: Blissey|Blissey, F|76/100
|move|p2a: Weezing|Defog|p1a: Blissey
|-unboost|p1a: Blissey|evasion|1
|-sideend|p2: OUOG Sindicate|Stealth Rock|[from] move: Defog|[of] p2a: Weezing
|
|-heal|p1a: Blissey|82/100|[from] item: Leftovers
|upkeep
|turn|10
|
|t:|1760327842
|-end|p2a: Weezing|ability: Neutralizing Gas
|switch|p2a: Garganacl|Garganacl, F|76/100
|move|p1a: Blissey|Seismic Toss|p2a: Garganacl
|-damage|p2a: Garganacl|52/100
|
|-heal|p1a: Blissey|88/100|[from] item: Leftovers
|-heal|p2a: Garganacl|58/100|[from] item: Leftovers
|upkeep
|turn|11
|
|t:|1760327849
|switch|p1a: Great Tusk|Great Tusk|82/100
|move|p2a: Garganacl|Salt Cure|p1a: Great Tusk
|-resisted|p1a: Great Tusk
|-damage|p1a: Great Tusk|80/100
|-start|p1a: Great Tusk|Salt Cure
|
|-heal|p1a: Great Tusk|86/100|[from] item: Leftovers
|-heal|p2a: Garganacl|64/100|[from] item: Leftovers
|-damage|p1a: Great Tusk|74/100|[from] Salt Cure
|upkeep
|turn|12
|
|t:|1760327857
|switch|p2a: Moltres|Moltres|71/100
|move|p1a: Great Tusk|Stealth Rock|p2a: Moltres
|-sidestart|p2: OUOG Sindicate|move: Stealth Rock
|
|-heal|p1a: Great Tusk|80/100|[from] item: Leftovers
|-damage|p1a: Great Tusk|68/100|[from] Salt Cure
|upkeep
|turn|13
|
|t:|1760327862
|move|p2a: Moltres|U-turn|p1a: Great Tusk
|-resisted|p1a: Great Tusk
|-damage|p1a: Great Tusk|64/100
|
|t:|1760327868
|switch|p2a: Ogerpon|Ogerpon-Wellspring, F|100/100|[from] U-turn
|-damage|p2a: Ogerpon|88/100|[from] Stealth Rock
|move|p1a: Great Tusk|Knock Off|p2a: Ogerpon
|-damage|p2a: Ogerpon|67/100
|
|-heal|p1a: Great Tusk|71/100|[from] item: Leftovers
|-damage|p1a: Great Tusk|58/100|[from] Salt Cure
|upkeep
|turn|14
|
|t:|1760327878
|-end|p1a: Great Tusk|Protosynthesis|[silent]
|switch|p1a: Corviknight|Corviknight, F|100/100
|-ability|p1a: Corviknight|Pressure
|move|p2a: Ogerpon|Knock Off|p1a: Corviknight
|-damage|p1a: Corviknight|80/100
|-damage|p2a: Ogerpon|50/100|[from] item: Rocky Helmet|[of] p1a: Corviknight
|-enditem|p1a: Corviknight|Rocky Helmet|[from] move: Knock Off|[of] p2a: Ogerpon
|
|upkeep
|turn|15
|
|t:|1760327884
|move|p2a: Ogerpon|Synthesis|p2a: Ogerpon
|-heal|p2a: Ogerpon|99/100
|move|p1a: Corviknight|U-turn|p2a: Ogerpon
|-supereffective|p2a: Ogerpon
|-damage|p2a: Ogerpon|67/100
|
|t:|1760327886
|switch|p1a: Dragapult|Dragapult, F|100/100|[from] U-turn
|
|upkeep
|turn|16
|
|t:|1760327892
|switch|p2a: Weezing|Weezing-Galar, M|100/100
|-ability|p2a: Weezing|Neutralizing Gas
|move|p1a: Dragapult|U-turn|p2a: Weezing
|-resisted|p2a: Weezing
|-damage|p2a: Weezing|95/100
|l| PG Spectating
|
|t:|1760327897
|switch|p1a: Alomomola|Alomomola, F|85/100 brn|[from] U-turn
|
|-damage|p1a: Alomomola|79/100 brn|[from] brn
|upkeep
|turn|17
|
|t:|1760327902
|move|p2a: Weezing|Defog|p1a: Alomomola
|-unboost|p1a: Alomomola|evasion|1
|-sideend|p2: OUOG Sindicate|Stealth Rock|[from] move: Defog|[of] p2a: Weezing
|move|p1a: Alomomola|Wish|p1a: Alomomola
|
|-damage|p1a: Alomomola|73/100 brn|[from] brn
|upkeep
|turn|18
|
|t:|1760327907
|switch|p1a: Great Tusk|Great Tusk|58/100
|move|p2a: Weezing|Strange Steam|p1a: Great Tusk
|-supereffective|p1a: Great Tusk
|-damage|p1a: Great Tusk|0 fnt
|faint|p1a: Great Tusk
|-end|p1a: Great Tusk|Protosynthesis|[silent]
|
|upkeep
|
|t:|1760327917
|switch|p1a: Dragapult|Dragapult, F|100/100
|turn|19
|
|t:|1760327921
|move|p1a: Dragapult|U-turn|p2a: Weezing
|-resisted|p2a: Weezing
|-damage|p2a: Weezing|89/100
|
|t:|1760327924
|switch|p1a: Blissey|Blissey, F|88/100|[from] U-turn
|move|p2a: Weezing|Strange Steam|p1a: Blissey|[miss]
|-miss|p2a: Weezing|p1a: Blissey
|
|-heal|p1a: Blissey|94/100|[from] item: Leftovers
|upkeep
|turn|20
|
|t:|1760327928
|-end|p2a: Weezing|ability: Neutralizing Gas
|switch|p2a: Garganacl|Garganacl, F|64/100
|move|p1a: Blissey|Seismic Toss|p2a: Garganacl
|-damage|p2a: Garganacl|39/100
|
|-heal|p1a: Blissey|100/100|[from] item: Leftovers
|-heal|p2a: Garganacl|46/100|[from] item: Leftovers
|upkeep
|turn|21
|
|t:|1760327937
|switch|p1a: Alomomola|Alomomola, F|73/100 brn
|move|p2a: Garganacl|Stealth Rock|p1a: Alomomola
|-sidestart|p1: CAZSYZ|move: Stealth Rock
|
|-heal|p2a: Garganacl|52/100|[from] item: Leftovers
|-damage|p1a: Alomomola|67/100 brn|[from] brn
|upkeep
|turn|22
|
|t:|1760327940
|switch|p2a: Weezing|Weezing-Galar, M|89/100
|-ability|p2a: Weezing|Neutralizing Gas
|move|p1a: Alomomola|Wish|p1a: Alomomola
|
|-damage|p1a: Alomomola|61/100 brn|[from] brn
|upkeep
|turn|23
|
|t:|1760327944
|move|p2a: Weezing|Strange Steam|p1a: Alomomola
|-damage|p1a: Alomomola|40/100 brn
|move|p1a: Alomomola|Flip Turn|p2a: Weezing
|-damage|p2a: Weezing|83/100
|
|t:|1760327946
|switch|p1a: Corviknight|Corviknight, F|80/100|[from] Flip Turn
|-damage|p1a: Corviknight|68/100|[from] Stealth Rock
|
|-heal|p1a: Corviknight|100/100|[from] move: Wish|[wisher] Alomomola
|upkeep
|turn|24
|
|t:|1760327953
|-end|p2a: Weezing|ability: Neutralizing Gas
|-ability|p1a: Corviknight|Pressure
|switch|p2a: Moltres|Moltres|71/100
|move|p1a: Corviknight|Defog|p2a: Moltres
|-unboost|p2a: Moltres|evasion|1
|-sideend|p1: CAZSYZ|Stealth Rock|[from] move: Defog|[of] p1a: Corviknight
|
|upkeep
|turn|25
|
|t:|1760327963
|switch|p1a: Alomomola|Alomomola, F|40/100 brn
|move|p2a: Moltres|U-turn|p1a: Alomomola
|-damage|p1a: Alomomola|32/100 brn
|
|t:|1760327966
|switch|p2a: Weezing|Weezing-Galar, M|83/100|[from] U-turn
|-ability|p2a: Weezing|Neutralizing Gas
|
|-damage|p1a: Alomomola|26/100 brn|[from] brn
|upkeep
|turn|26
|
|t:|1760327971
|switch|p1a: Blissey|Blissey, F|100/100
|move|p2a: Weezing|Strange Steam|p1a: Blissey
|-damage|p1a: Blissey|93/100
|-start|p1a: Blissey|confusion
|
|-heal|p1a: Blissey|99/100|[from] item: Leftovers
|upkeep
|turn|27
|
|t:|1760327975
|-end|p2a: Weezing|ability: Neutralizing Gas
|switch|p2a: Moltres|Moltres|71/100
|-activate|p1a: Blissey|confusion
|move|p1a: Blissey|Seismic Toss|p2a: Moltres
|-damage|p2a: Moltres|45/100
|-status|p1a: Blissey|brn|[from] ability: Flame Body|[of] p2a: Moltres
|
|-heal|p1a: Blissey|100/100 brn|[from] item: Leftovers
|-damage|p1a: Blissey|94/100 brn|[from] brn
|upkeep
|turn|28
|
|t:|1760327985
|move|p2a: Moltres|Roost|p2a: Moltres
|-heal|p2a: Moltres|95/100
|-singleturn|p2a: Moltres|move: Roost
|-activate|p1a: Blissey|confusion
|move|p1a: Blissey|Seismic Toss|p2a: Moltres
|-damage|p2a: Moltres|69/100
|
|-heal|p1a: Blissey|100/100 brn|[from] item: Leftovers
|-damage|p1a: Blissey|94/100 brn|[from] brn
|upkeep
|turn|29
|
|t:|1760327993
|-curestatus|p1a: Blissey|brn|[from] ability: Natural Cure
|switch|p1a: Alomomola|Alomomola, F|26/100 brn
|move|p2a: Moltres|U-turn|p1a: Alomomola
|-damage|p1a: Alomomola|17/100 brn
|
|t:|1760327997
|switch|p2a: Weezing|Weezing-Galar, M|83/100|[from] U-turn
|-ability|p2a: Weezing|Neutralizing Gas
|
|-damage|p1a: Alomomola|11/100 brn|[from] brn
|upkeep
|turn|30
|
|t:|1760328003
|switch|p1a: Blissey|Blissey, F|94/100
|move|p2a: Weezing|Strange Steam|p1a: Blissey
|-damage|p1a: Blissey|88/100
|
|-heal|p1a: Blissey|94/100|[from] item: Leftovers
|upkeep
|turn|31
|
|t:|1760328008
|-end|p2a: Weezing|ability: Neutralizing Gas
|switch|p2a: Garganacl|Garganacl, F|52/100
|move|p1a: Blissey|Heal Bell|p1a: Blissey
|-activate|p1a: Blissey|move: Heal Bell
|-curestatus|p1: Alomomola|brn|[msg]
|
|-heal|p1a: Blissey|99/100|[from] item: Leftovers
|-heal|p2a: Garganacl|58/100|[from] item: Leftovers
|upkeep
|turn|32
|
|t:|1760328016
|switch|p1a: Corviknight|Corviknight, F|100/100
|-ability|p1a: Corviknight|Pressure
|move|p2a: Garganacl|Salt Cure|p1a: Corviknight
|-damage|p1a: Corviknight|91/100
|-start|p1a: Corviknight|Salt Cure
|
|-heal|p2a: Garganacl|64/100|[from] item: Leftovers
|-damage|p1a: Corviknight|66/100|[from] Salt Cure
|upkeep
|turn|33
|
|t:|1760328021
|move|p1a: Corviknight|U-turn|p2a: Garganacl
|-damage|p2a: Garganacl|55/100
|
|t:|1760328024
|switch|p1a: Alomomola|Alomomola, F|11/100|[from] U-turn
|move|p2a: Garganacl|Stealth Rock|p1a: Alomomola
|-sidestart|p1: CAZSYZ|move: Stealth Rock
|
|-heal|p2a: Garganacl|61/100|[from] item: Leftovers
|upkeep
|turn|34
|
|t:|1760328029
|switch|p1a: Corviknight|Corviknight, F|66/100
|-damage|p1a: Corviknight|54/100|[from] Stealth Rock
|-ability|p1a: Corviknight|Pressure
|switch|p2a: Weezing|Weezing-Galar, M|83/100
|-ability|p2a: Weezing|Neutralizing Gas
|
|upkeep
|turn|35
|
|t:|1760328038
|-end|p2a: Weezing|ability: Neutralizing Gas
|-ability|p1a: Corviknight|Pressure
|switch|p2a: Garganacl|Garganacl, F|61/100
|move|p1a: Corviknight|Roost|p1a: Corviknight
|-heal|p1a: Corviknight|100/100
|-singleturn|p1a: Corviknight|move: Roost
|
|-heal|p2a: Garganacl|68/100|[from] item: Leftovers
|upkeep
|turn|36
|
|t:|1760328043
|move|p1a: Corviknight|Defog|p2a: Garganacl
|-unboost|p2a: Garganacl|evasion|1
|-sideend|p1: CAZSYZ|Stealth Rock|[from] move: Defog|[of] p1a: Corviknight
|move|p2a: Garganacl|Salt Cure|p1a: Corviknight
|-damage|p1a: Corviknight|91/100
|-start|p1a: Corviknight|Salt Cure
|
|-heal|p2a: Garganacl|74/100|[from] item: Leftovers
|-damage|p1a: Corviknight|66/100|[from] Salt Cure
|upkeep
|turn|37
|
|t:|1760328049
|switch|p1a: Alomomola|Alomomola, F|44/100
|move|p2a: Garganacl|Salt Cure|p1a: Alomomola
|-damage|p1a: Alomomola|35/100
|-start|p1a: Alomomola|Salt Cure
|
|-heal|p2a: Garganacl|80/100|[from] item: Leftovers
|-damage|p1a: Alomomola|10/100|[from] Salt Cure
|upkeep
|turn|38
|
|t:|1760328058
|switch|p1a: Corviknight|Corviknight, F|66/100
|-ability|p1a: Corviknight|Pressure
|switch|p2a: Ogerpon|Ogerpon-Wellspring, F|67/100
|
|upkeep
|turn|39
|
|t:|1760328065
|move|p2a: Ogerpon|Ivy Cudgel|p1a: Corviknight|[anim] Ivy Cudgel Water
|-damage|p1a: Corviknight|35/100
|move|p1a: Corviknight|U-turn|p2a: Ogerpon
|-supereffective|p2a: Ogerpon
|-damage|p2a: Ogerpon|38/100
|
|t:|1760328068
|switch|p1a: Alomomola|Alomomola, F|44/100|[from] U-turn
|
|upkeep
|turn|40
|
|t:|1760328077
|switch|p2a: Weezing|Weezing-Galar, M|83/100
|-ability|p2a: Weezing|Neutralizing Gas
|switch|p1a: Dondozo|Dondozo, F|100/100
|
|upkeep
|turn|41
|
|t:|1760328085
|-end|p2a: Weezing|ability: Neutralizing Gas
|switch|p2a: Ogerpon|Ogerpon-Wellspring, F|38/100
|switch|p1a: Blissey|Blissey, F|99/100
|
|-heal|p1a: Blissey|100/100|[from] item: Leftovers
|upkeep
|turn|42
|
|t:|1760328094
|switch|p1a: Dondozo|Dondozo, F|100/100
|move|p2a: Ogerpon|Knock Off|p1a: Dondozo
|-damage|p1a: Dondozo|87/100
|-enditem|p1a: Dondozo|Leftovers|[from] move: Knock Off|[of] p2a: Ogerpon
|
|upkeep
|turn|43
|
|t:|1760328100
|move|p2a: Ogerpon|Synthesis|p2a: Ogerpon
|-heal|p2a: Ogerpon|88/100
|move|p1a: Dondozo|Body Press|p2a: Ogerpon
|-damage|p2a: Ogerpon|54/100
|
|upkeep
|turn|44
|
|t:|1760328105
|switch|p1a: Alomomola|Alomomola, F|44/100
|move|p2a: Ogerpon|U-turn|p1a: Alomomola
|-damage|p1a: Alomomola|29/100
|
|t:|1760328107
|switch|p2a: Weezing|Weezing-Galar, M|83/100|[from] U-turn
|-ability|p2a: Weezing|Neutralizing Gas
|
|upkeep
|turn|45
|
|t:|1760328112
|switch|p1a: Blissey|Blissey, F|100/100
|move|p2a: Weezing|Strange Steam|p1a: Blissey
|-damage|p1a: Blissey|94/100
|
|-heal|p1a: Blissey|99/100|[from] item: Leftovers
|upkeep
|turn|46
|
|t:|1760328119
|-end|p2a: Weezing|ability: Neutralizing Gas
|switch|p2a: Garganacl|Garganacl, F|80/100
|move|p1a: Blissey|Seismic Toss|p2a: Garganacl
|-damage|p2a: Garganacl|55/100
|
|-heal|p1a: Blissey|100/100|[from] item: Leftovers
|-heal|p2a: Garganacl|61/100|[from] item: Leftovers
|upkeep
|turn|47
|
|t:|1760328130
|switch|p1a: Dragapult|Dragapult, F|100/100
|move|p2a: Garganacl|Salt Cure|p1a: Dragapult
|-damage|p1a: Dragapult|82/100
|-start|p1a: Dragapult|Salt Cure
|
|-heal|p2a: Garganacl|68/100|[from] item: Leftovers
|-damage|p1a: Dragapult|70/100|[from] Salt Cure
|upkeep
|turn|48
|
|t:|1760328136
|move|p1a: Dragapult|Dragon Darts|p2a: Garganacl
|-damage|p2a: Garganacl|50/100
|-anim|p1a: Dragapult|Dragon Darts|p2a: Garganacl
|-damage|p2a: Garganacl|30/100
|move|p2a: Garganacl|Salt Cure|p1a: Dragapult
|-damage|p1a: Dragapult|49/100
|
|-heal|p2a: Garganacl|36/100|[from] item: Leftovers
|-damage|p1a: Dragapult|37/100|[from] Salt Cure
|upkeep
|turn|49
|
|t:|1760328148
|switch|p2a: Weezing|Weezing-Galar, M|83/100
|-ability|p2a: Weezing|Neutralizing Gas
|move|p1a: Dragapult|Dragon Darts|p2a: Weezing
|-immune|p2a: Weezing
|
|-damage|p1a: Dragapult|24/100|[from] Salt Cure
|upkeep
|turn|50
|
|t:|1760328158
|switch|p1a: Blissey|Blissey, F|100/100
|move|p2a: Weezing|Strange Steam|p1a: Blissey
|-damage|p1a: Blissey|93/100
|
|-heal|p1a: Blissey|99/100|[from] item: Leftovers
|upkeep
|turn|51
|
|t:|1760328168
|-end|p2a: Weezing|ability: Neutralizing Gas
|switch|p2a: Moltres|Moltres|69/100
|switch|p1a: Corviknight|Corviknight, F|35/100
|-ability|p1a: Corviknight|Pressure
|
|upkeep
|turn|52
|
|t:|1760328176
|switch|p1a: Blissey|Blissey, F|99/100
|move|p2a: Moltres|U-turn|p1a: Blissey
|-damage|p1a: Blissey|72/100
|
|t:|1760328189
|switch|p2a: Great Tusk|Great Tusk|100/100|[from] U-turn
|
|-heal|p1a: Blissey|78/100|[from] item: Leftovers
|upkeep
|turn|53
|
|t:|1760328192
|switch|p1a: Corviknight|Corviknight, F|35/100
|-ability|p1a: Corviknight|Pressure
|move|p2a: Great Tusk|Ice Spinner|p1a: Corviknight
|-damage|p1a: Corviknight|17/100
|
|upkeep
|turn|54
|
|t:|1760328201
|switch|p1a: Alomomola|Alomomola, F|29/100
|move|p2a: Great Tusk|Ice Spinner|p1a: Alomomola
|-resisted|p1a: Alomomola
|-damage|p1a: Alomomola|22/100
|
|upkeep
|turn|55
|
|t:|1760328209
|-end|p2a: Great Tusk|Protosynthesis|[silent]
|switch|p2a: Weezing|Weezing-Galar, M|83/100
|-ability|p2a: Weezing|Neutralizing Gas
|switch|p1a: Dondozo|Dondozo, F|87/100
|
|upkeep
|turn|56
|
|t:|1760328217
|switch|p1a: Blissey|Blissey, F|78/100
|move|p2a: Weezing|Strange Steam|p1a: Blissey
|-damage|p1a: Blissey|71/100
|-start|p1a: Blissey|confusion
|
|-heal|p1a: Blissey|77/100|[from] item: Leftovers
|upkeep
|turn|57
|
|t:|1760328224
|-end|p2a: Weezing|ability: Neutralizing Gas
|switch|p2a: Garganacl|Garganacl, F|36/100
|switch|p1a: Corviknight|Corviknight, F|17/100
|-ability|p1a: Corviknight|Pressure
|
|-heal|p2a: Garganacl|43/100|[from] item: Leftovers
|upkeep
|turn|58
|
|t:|1760328229
|move|p1a: Corviknight|Roost|p1a: Corviknight
|-heal|p1a: Corviknight|67/100
|-singleturn|p1a: Corviknight|move: Roost
|move|p2a: Garganacl|Salt Cure|p1a: Corviknight
|-resisted|p1a: Corviknight
|-damage|p1a: Corviknight|63/100
|-start|p1a: Corviknight|Salt Cure
|
|-heal|p2a: Garganacl|49/100|[from] item: Leftovers
|-damage|p1a: Corviknight|38/100|[from] Salt Cure
|upkeep
|turn|59
|
|t:|1760328235
|move|p1a: Corviknight|Roost|p1a: Corviknight
|-heal|p1a: Corviknight|88/100
|-singleturn|p1a: Corviknight|move: Roost
|move|p2a: Garganacl|Stealth Rock|p1a: Corviknight
|-sidestart|p1: CAZSYZ|move: Stealth Rock
|
|-heal|p2a: Garganacl|55/100|[from] item: Leftovers
|-damage|p1a: Corviknight|63/100|[from] Salt Cure
|upkeep
|turn|60
|
|t:|1760328257
|switch|p1a: Alomomola|Alomomola, F|22/100
|move|p2a: Garganacl|Salt Cure|p1a: Alomomola
|-damage|p1a: Alomomola|14/100
|-start|p1a: Alomomola|Salt Cure
|
|-heal|p2a: Garganacl|61/100|[from] item: Leftovers
|-damage|p1a: Alomomola|0 fnt|[from] Salt Cure
|faint|p1a: Alomomola
|upkeep
|-message|CAZSYZ forfeited.
|
|win|OUOG Sindicate
|raw|CAZSYZ's rating: 1502 &rarr; <strong>1483</strong><br />(-19 for losing)
|raw|OUOG Sindicate's rating: 1512 &rarr; <strong>1531</strong><br />(+19 for winning)
|l|☆CAZSYZ
|player|p1|
