|j|☆BIGFISHFISHH
|j|☆Elphix
|t:|1760334974
|gametype|singles
|player|p1|BIGFISHFISHH|swimmer|1110
|player|p2|Elphix|madame-gen4|1163
|gen|9
|tier|[Gen 9] OU
|rated|
|rule|HP Percentage Mod: HP is shown in percentages
|rule|Endless Battle Clause: Forcing endless battles is banned
|rule|Species Clause: Limit one of each Pokémon
|rule|OHKO Clause: OHKO moves are banned
|rule|Evasion Items Clause: Evasion items are banned
|rule|Evasion Moves Clause: Evasion moves are banned
|rule|Evasion Abilities Clause: Evasion abilities are banned
|rule|Sleep Moves Clause: Sleep-inducing moves are banned
|clearpoke
|poke|p1|Ribombee, M|
|poke|p1|Okidogi, M|
|poke|p1|Volcanion|
|poke|p1|Thundurus, M|
|poke|p1|Abomasnow, F|
|poke|p1|Dragapult, F|
|poke|p2|Latias, F|
|poke|p2|Ursaluna, F|
|poke|p2|Skarmory, F|
|poke|p2|Vikavolt, F|
|poke|p2|Primarina, F|
|poke|p2|Kyurem|
|teampreview
|l|☆Elphix
|player|p2|
|j|☆Elphix
|player|p2|Elphix|madame-gen4|
|
|t:|1760335009
|teamsize|p1|6
|teamsize|p2|6
|start
|switch|p1a: Ribombee|Ribombee, M|100/100
|switch|p2a: Vikavolt|Vikavolt, F, shiny|100/100
|turn|1
|
|t:|1760335018
|move|p1a: Ribombee|Sticky Web|p2a: Vikavolt
|-sidestart|p2: Elphix|move: Sticky Web
|move|p2a: Vikavolt|Thunderbolt|p1a: Ribombee
|-damage|p1a: Ribombee|2/100
|
|upkeep
|turn|2
|
|t:|1760335031
|move|p1a: Ribombee|U-turn|p2a: Vikavolt
|-damage|p2a: Vikavolt|82/100
|
|t:|1760335035
|switch|p1a: Volcanion|Volcanion|100/100|[from] U-turn
|move|p2a: Vikavolt|Bug Buzz|p1a: Volcanion
|-resisted|p1a: Volcanion
|-damage|p1a: Volcanion|73/100
|
|-heal|p1a: Volcanion|79/100|[from] item: Leftovers
|upkeep
|turn|3
|
|t:|1760335059
|move|p1a: Volcanion|Fire Blast|p2a: Vikavolt
|-supereffective|p2a: Vikavolt
|-damage|p2a: Vikavolt|0 fnt
|faint|p2a: Vikavolt
|
|-heal|p1a: Volcanion|85/100|[from] item: Leftovers
|upkeep
|c|☆BIGFISHFISHH|im surprised I was faster
|
|t:|1760335084
|switch|p2a: Skarmory|Skarmory, F, shiny|100/100
|turn|4
|
|t:|1760335116
|move|p2a: Skarmory|Iron Defense|p2a: Skarmory
|-boost|p2a: Skarmory|def|2
|move|p1a: Volcanion|Fire Blast|p2a: Skarmory|[miss]
|-miss|p1a: Volcanion|p2a: Skarmory
|
|-heal|p1a: Volcanion|91/100|[from] item: Leftovers
|upkeep
|turn|5
|
|t:|1760335140
|move|p2a: Skarmory|Body Press|p1a: Volcanion
|-damage|p1a: Volcanion|36/100
|move|p1a: Volcanion|Fire Blast|p2a: Skarmory
|-supereffective|p2a: Skarmory
|-ability|p2a: Skarmory|Sturdy
|-damage|p2a: Skarmory|1/100
|
|-heal|p1a: Volcanion|42/100|[from] item: Leftovers
|upkeep
|turn|6
|
|t:|1760335154
|switch|p1a: Abomasnow|Abomasnow, F|100/100
|-weather|Snowscape|[from] ability: Snow Warning|[of] p1a: Abomasnow
|move|p2a: Skarmory|Body Press|p1a: Abomasnow
|-supereffective|p1a: Abomasnow
|-damage|p1a: Abomasnow|6/100
|-damage|p2a: Skarmory|0 fnt|[from] item: Rocky Helmet|[of] p1a: Abomasnow
|faint|p2a: Skarmory
|
|-weather|Snowscape|[upkeep]
|upkeep
|
|t:|1760335193
|switch|p2a: Primarina|Primarina, F|100/100
|turn|7
|
|t:|1760335208
|move|p2a: Primarina|Moonblast|p1a: Abomasnow
|-damage|p1a: Abomasnow|0 fnt
|faint|p1a: Abomasnow
|
|-weather|Snowscape|[upkeep]
|upkeep
|
|t:|1760335214
|switch|p1a: Thundurus|Thundurus, M, shiny|100/100
|turn|8
|
|t:|1760335250
|move|p1a: Thundurus|Volt Switch|p2a: Primarina
|-supereffective|p2a: Primarina
|-damage|p2a: Primarina|54/100
|
|t:|1760335259
|switch|p1a: Okidogi|Okidogi, M|100/100|[from] Volt Switch
|move|p2a: Primarina|Draining Kiss|p1a: Okidogi
|-damage|p1a: Okidogi|73/100
|-heal|p2a: Primarina|76/100|[from] drain|[of] p1a: Okidogi
|
|-weather|Snowscape|[upkeep]
|upkeep
|turn|9
|
|t:|1760335283
|move|p1a: Okidogi|Poison Jab|p2a: Primarina
|-supereffective|p2a: Primarina
|-damage|p2a: Primarina|0 fnt
|faint|p2a: Primarina
|
|-weather|Snowscape|[upkeep]
|upkeep
|
|t:|1760335294
|switch|p2a: Kyurem|Kyurem|100/100
|-activate|p2a: Kyurem|move: Sticky Web
|-unboost|p2a: Kyurem|spe|1
|-ability|p2a: Kyurem|Pressure
|turn|10
|
|t:|1760335312
|move|p1a: Okidogi|Drain Punch|p2a: Kyurem
|-supereffective|p2a: Kyurem
|-damage|p2a: Kyurem|53/100
|-heal|p1a: Okidogi|100/100|[from] drain|[of] p2a: Kyurem
|-status|p2a: Kyurem|tox|[from] ability: Toxic Chain|[of] p1a: Okidogi
|move|p2a: Kyurem|Ice Fang|p1a: Okidogi
|-damage|p1a: Okidogi|56/100
|-damage|p2a: Kyurem|43/100 tox|[from] item: Life Orb
|
|-weather|none
|-damage|p2a: Kyurem|36/100 tox|[from] psn
|upkeep
|turn|11
|
|t:|1760335333
|-terastallize|p2a: Kyurem|Steel
|move|p1a: Okidogi|Drain Punch|p2a: Kyurem
|-supereffective|p2a: Kyurem
|-damage|p2a: Kyurem|0 fnt
|-heal|p1a: Okidogi|78/100|[from] drain|[of] p2a: Kyurem
|faint|p2a: Kyurem
|
|upkeep
|
|t:|1760335343
|switch|p2a: Ursaluna|Ursaluna, F, shiny|100/100
|-activate|p2a: Ursaluna|move: Sticky Web
|-unboost|p2a: Ursaluna|spe|1
|turn|12
|
|t:|1760335361
|move|p1a: Okidogi|Drain Punch|p2a: Ursaluna
|-supereffective|p2a: Ursaluna
|-damage|p2a: Ursaluna|42/100
|-heal|p1a: Okidogi|100/100|[from] drain|[of] p2a: Ursaluna
|move|p2a: Ursaluna|Drain Punch|p1a: Okidogi
|-resisted|p1a: Okidogi
|-damage|p1a: Okidogi|89/100
|-heal|p2a: Ursaluna|46/100|[from] drain|[of] p1a: Okidogi
|
|-status|p2a: Ursaluna|brn|[from] item: Flame Orb
|upkeep
|turn|13
|-message|Elphix forfeited.
|
|win|BIGFISHFISHH
|raw|BIGFISHFISHH's rating: 1135 &rarr; <strong>1162</strong><br />(+27 for winning)
|raw|Elphix's rating: 1163 &rarr; <strong>1136</strong><br />(-27 for losing)
|l|☆Elphix
|player|p2|
|l|☆BIGFISHFISHH
|player|p1|
