|j|☆corynet
|j|☆blackjesus111
|t:|1760368035
|gametype|singles
|player|p1|corynet|bellelba|1227
|player|p2|blackjesus111|cyrus|1198
|gen|9
|tier|[Gen 9] OU
|rated|
|rule|HP Percentage Mod: HP is shown in percentages
|rule|Endless Battle Clause: Forcing endless battles is banned
|rule|Species Clause: Limit one of each Pokémon
|rule|OHKO Clause: OHKO moves are banned
|rule|Evasion Items Clause: Evasion items are banned
|rule|Evasion Moves Clause: Evasion moves are banned
|rule|Evasion Abilities Clause: Evasion abilities are banned
|rule|Sleep Moves Clause: Sleep-inducing moves are banned
|clearpoke
|poke|p1|Blaziken, F|
|poke|p1|Weavile, F|
|poke|p1|Dragonite, F|
|poke|p1|Darkrai|
|poke|p1|Gliscor, F|
|poke|p1|Primarina, M|
|poke|p2|Garganacl, F|
|poke|p2|Palossand, F|
|poke|p2|Empoleon, M|
|poke|p2|Granbull, M|
|poke|p2|Conkeldurr, F|
|poke|p2|Gligar, F|
|teampreview
|inactive|Battle timer is ON: inactive players will automatically lose when time's up. (requested by corynet)
|
|t:|1760368046
|teamsize|p1|6
|teamsize|p2|6
|start
|switch|p1a: Gliscor|Gliscor, F|100/100
|switch|p2a: Gligar|Gligar, F|100/100
|turn|1
|
|t:|1760368068
|move|p1a: Gliscor|Toxic|p2a: Gligar
|-status|p2a: Gligar|tox
|move|p2a: Gligar|Stealth Rock|p1a: Gliscor
|-sidestart|p1: corynet|move: Stealth Rock
|
|-damage|p2a: Gligar|95/100 tox|[from] psn
|-status|p1a: Gliscor|tox|[from] item: Toxic Orb
|upkeep
|turn|2
|
|t:|1760368076
|move|p1a: Gliscor|Stealth Rock|p2a: Gligar
|-sidestart|p2: blackjesus111|move: Stealth Rock
|move|p2a: Gligar|U-turn|p1a: Gliscor
|-resisted|p1a: Gliscor
|-damage|p1a: Gliscor|95/100 tox
|inactive|blackjesus111 has 120 seconds left.
|
|t:|1760368106
|switch|p2a: Conkeldurr|Conkeldurr, F|100/100|[from] U-turn
|-damage|p2a: Conkeldurr|95/100|[from] Stealth Rock
|
|-heal|p1a: Gliscor|100/100 tox|[from] ability: Poison Heal
|upkeep
|turn|3
|inactive|blackjesus111 has 120 seconds left.
|
|t:|1760368116
|move|p1a: Gliscor|Toxic|p2a: Conkeldurr
|-status|p2a: Conkeldurr|tox
|move|p2a: Conkeldurr|Dynamic Punch|p1a: Gliscor|[miss]
|-miss|p2a: Conkeldurr|p1a: Gliscor
|-enditem|p2a: Conkeldurr|Blunder Policy
|-boost|p2a: Conkeldurr|spe|2
|
|-damage|p2a: Conkeldurr|89/100 tox|[from] psn
|upkeep
|turn|4
|
|t:|1760368127
|move|p2a: Conkeldurr|Bulk Up|p2a: Conkeldurr
|-boost|p2a: Conkeldurr|atk|1
|-boost|p2a: Conkeldurr|def|1
|move|p1a: Gliscor|Earthquake|p2a: Conkeldurr
|-damage|p2a: Conkeldurr|65/100 tox
|
|-damage|p2a: Conkeldurr|53/100 tox|[from] psn
|upkeep
|turn|5
|
|t:|1760368135
|move|p2a: Conkeldurr|Dynamic Punch|p1a: Gliscor
|-resisted|p1a: Gliscor
|-damage|p1a: Gliscor|55/100 tox
|-start|p1a: Gliscor|confusion
|-activate|p1a: Gliscor|confusion
|move|p1a: Gliscor|Earthquake|p2a: Conkeldurr
|-damage|p2a: Conkeldurr|31/100 tox
|
|-damage|p2a: Conkeldurr|13/100 tox|[from] psn
|-heal|p1a: Gliscor|68/100 tox|[from] ability: Poison Heal
|upkeep
|turn|6
|
|t:|1760368144
|-end|p1a: Gliscor|confusion
|move|p1a: Gliscor|Protect|p1a: Gliscor
|-singleturn|p1a: Gliscor|Protect
|move|p2a: Conkeldurr|Drain Punch|p1a: Gliscor
|-activate|p1a: Gliscor|move: Protect
|
|-damage|p2a: Conkeldurr|0 fnt|[from] psn
|faint|p2a: Conkeldurr
|-heal|p1a: Gliscor|80/100 tox|[from] ability: Poison Heal
|upkeep
|
|t:|1760368152
|switch|p2a: Garganacl|Garganacl, F|100/100
|-damage|p2a: Garganacl|88/100|[from] Stealth Rock
|turn|7
|
|t:|1760368166
|move|p1a: Gliscor|Toxic|p2a: Garganacl
|-status|p2a: Garganacl|tox
|move|p2a: Garganacl|Rock Polish|p2a: Garganacl
|-boost|p2a: Garganacl|spe|2
|
|-damage|p2a: Garganacl|82/100 tox|[from] psn
|-heal|p1a: Gliscor|93/100 tox|[from] ability: Poison Heal
|upkeep
|turn|8
|
|t:|1760368173
|-terastallize|p1a: Gliscor|Water
|move|p2a: Garganacl|Stone Edge|p1a: Gliscor
|-crit|p1a: Gliscor
|-damage|p1a: Gliscor|39/100 tox
|move|p1a: Gliscor|Earthquake|p2a: Garganacl
|-supereffective|p2a: Garganacl
|-damage|p2a: Garganacl|25/100 tox
|-enditem|p2a: Garganacl|Weakness Policy
|-boost|p2a: Garganacl|atk|2|[from] item: Weakness Policy
|-boost|p2a: Garganacl|spa|2|[from] item: Weakness Policy
|
|-damage|p2a: Garganacl|13/100 tox|[from] psn
|-heal|p1a: Gliscor|51/100 tox|[from] ability: Poison Heal
|upkeep
|turn|9
|
|t:|1760368181
|move|p1a: Gliscor|Protect|p1a: Gliscor
|-singleturn|p1a: Gliscor|Protect
|move|p2a: Garganacl|Stone Edge|p1a: Gliscor
|-activate|p1a: Gliscor|move: Protect
|
|-damage|p2a: Garganacl|0 fnt|[from] psn
|faint|p2a: Garganacl
|-heal|p1a: Gliscor|64/100 tox|[from] ability: Poison Heal
|upkeep
|-message|blackjesus111 forfeited.
|
|win|corynet
|raw|corynet's rating: 1227 &rarr; <strong>1250</strong><br />(+23 for winning)
|raw|blackjesus111's rating: 1198 &rarr; <strong>1175</strong><br />(-23 for losing)
|l|☆blackjesus111
|player|p2|
|l|☆corynet
|player|p1|
