|j|☆AnneSylveon69
|j|☆lemlxm
|t:|1760388444
|gametype|singles
|player|p1|AnneSylveon69|fantina|1194
|player|p2|lemlxm|steven|1218
|gen|9
|tier|[Gen 9] OU
|rated|
|rule|HP Percentage Mod: HP is shown in percentages
|rule|Endless Battle Clause: Forcing endless battles is banned
|rule|Species Clause: Limit one of each Pokémon
|rule|OHKO Clause: OHKO moves are banned
|rule|Evasion Items Clause: Evasion items are banned
|rule|Evasion Moves Clause: Evasion moves are banned
|rule|Evasion Abilities Clause: Evasion abilities are banned
|rule|Sleep Moves Clause: Sleep-inducing moves are banned
|clearpoke
|poke|p1|Raging Bolt|
|poke|p1|Gholdengo|
|poke|p1|Great Tusk|
|poke|p1|Alomomola, M|
|poke|p1|Dragonite, F|
|poke|p1|Garganacl, F|
|poke|p2|Scizor, M|
|poke|p2|Iron Valiant|
|poke|p2|Dragonite, F|
|poke|p2|Great Tusk|
|poke|p2|Walking Wake|
|poke|p2|Dragapult, F|
|teampreview
|inactive|Battle timer is ON: inactive players will automatically lose when time's up. (requested by lemlxm)
|
|t:|1760388470
|teamsize|p1|6
|teamsize|p2|6
|start
|switch|p1a: Garganacl|Garganacl, F|100/100
|switch|p2a: Dragapult|Dragapult, F|100/100
|turn|1
|
|t:|1760388489
|move|p1a: Garganacl|Protect|p1a: Garganacl
|-singleturn|p1a: Garganacl|Protect
|move|p2a: Dragapult|Shadow Ball|p1a: Garganacl
|-activate|p1a: Garganacl|move: Protect
|
|upkeep
|turn|2
|
|t:|1760388498
|move|p2a: Dragapult|Shadow Ball|p1a: Garganacl
|-damage|p1a: Garganacl|83/100
|move|p1a: Garganacl|Stealth Rock|p2a: Dragapult
|-sidestart|p2: lemlxm|move: Stealth Rock
|
|-heal|p1a: Garganacl|89/100|[from] item: Leftovers
|upkeep
|turn|3
|
|t:|1760388504
|move|p2a: Dragapult|Shadow Ball|p1a: Garganacl
|-damage|p1a: Garganacl|69/100
|move|p1a: Garganacl|Salt Cure|p2a: Dragapult
|-damage|p2a: Dragapult|83/100
|-start|p2a: Dragapult|Salt Cure
|
|-heal|p1a: Garganacl|76/100|[from] item: Leftovers
|-damage|p2a: Dragapult|70/100|[from] Salt Cure
|upkeep
|turn|4
|
|t:|1760388510
|move|p2a: Dragapult|Shadow Ball|p1a: Garganacl
|-damage|p1a: Garganacl|59/100
|move|p1a: Garganacl|Recover|p1a: Garganacl
|-heal|p1a: Garganacl|100/100
|
|-damage|p2a: Dragapult|58/100|[from] Salt Cure
|upkeep
|turn|5
|
|t:|1760388516
|move|p1a: Garganacl|Protect|p1a: Garganacl
|-singleturn|p1a: Garganacl|Protect
|move|p2a: Dragapult|Shadow Ball|p1a: Garganacl
|-activate|p1a: Garganacl|move: Protect
|
|-damage|p2a: Dragapult|46/100|[from] Salt Cure
|upkeep
|turn|6
|
|t:|1760388540
|switch|p1a: Dragonite|Dragonite, F|100/100
|move|p2a: Dragapult|Shadow Ball|p1a: Dragonite
|-damage|p1a: Dragonite|72/100
|
|-damage|p2a: Dragapult|33/100|[from] Salt Cure
|upkeep
|turn|7
|
|t:|1760388545
|move|p2a: Dragapult|Shadow Ball|p1a: Dragonite
|-damage|p1a: Dragonite|14/100
|move|p1a: Dragonite|Dragon Dance|p1a: Dragonite
|-boost|p1a: Dragonite|atk|1
|-boost|p1a: Dragonite|spe|1
|
|-damage|p2a: Dragapult|21/100|[from] Salt Cure
|upkeep
|turn|8
|
|t:|1760388555
|switch|p1a: Garganacl|Garganacl, F|100/100
|move|p2a: Dragapult|Shadow Ball|p1a: Garganacl
|-damage|p1a: Garganacl|83/100
|
|-heal|p1a: Garganacl|89/100|[from] item: Leftovers
|-damage|p2a: Dragapult|9/100|[from] Salt Cure
|upkeep
|turn|9
|
|t:|1760388567
|switch|p2a: Great Tusk|Great Tusk|100/100
|-damage|p2a: Great Tusk|98/100|[from] Stealth Rock
|-enditem|p2a: Great Tusk|Booster Energy
|-activate|p2a: Great Tusk|ability: Protosynthesis|[fromitem]
|-start|p2a: Great Tusk|protosynthesisatk
|move|p1a: Garganacl|Protect||[still]
|-fail|p1a: Garganacl
|
|-heal|p1a: Garganacl|96/100|[from] item: Leftovers
|upkeep
|turn|10
|
|t:|1760388577
|switch|p1a: Alomomola|Alomomola, M|100/100
|move|p2a: Great Tusk|Stealth Rock|p1a: Alomomola
|-sidestart|p1: AnneSylveon69|move: Stealth Rock
|
|upkeep
|turn|11
|
|t:|1760388601
|move|p2a: Great Tusk|Rapid Spin|p1a: Alomomola
|-damage|p1a: Alomomola|88/100
|-boost|p2a: Great Tusk|spe|1
|-sideend|p2: lemlxm|Stealth Rock|[from] move: Rapid Spin|[of] p2a: Great Tusk
|move|p1a: Alomomola|Wish|p1a: Alomomola
|
|upkeep
|turn|12
|
|t:|1760388611
|-end|p2a: Great Tusk|Protosynthesis|[silent]
|switch|p2a: Dragonite|Dragonite, F|100/100
|move|p1a: Alomomola|Flip Turn|p2a: Dragonite
|-resisted|p2a: Dragonite
|-damage|p2a: Dragonite|96/100
|
|t:|1760388615
|switch|p1a: Dragonite|Dragonite, F|14/100|[from] Flip Turn
|
|-heal|p1a: Dragonite|87/100|[from] move: Wish|[wisher] Alomomola
|upkeep
|turn|13
|
|t:|1760388623
|switch|p1a: Garganacl|Garganacl, F|96/100
|-damage|p1a: Garganacl|83/100|[from] Stealth Rock
|move|p2a: Dragonite|Ice Spinner|p1a: Garganacl
|-damage|p1a: Garganacl|65/100
|
|-heal|p1a: Garganacl|71/100|[from] item: Leftovers
|upkeep
|turn|14
|
|t:|1760388634
|move|p2a: Dragonite|Earthquake|p1a: Garganacl
|-supereffective|p1a: Garganacl
|-damage|p1a: Garganacl|22/100
|move|p1a: Garganacl|Salt Cure|p2a: Dragonite
|-supereffective|p2a: Dragonite
|-damage|p2a: Dragonite|66/100
|-start|p2a: Dragonite|Salt Cure
|
|-heal|p1a: Garganacl|29/100|[from] item: Leftovers
|-damage|p2a: Dragonite|54/100|[from] Salt Cure
|upkeep
|turn|15
|
|t:|1760388642
|move|p1a: Garganacl|Protect|p1a: Garganacl
|-singleturn|p1a: Garganacl|Protect
|move|p2a: Dragonite|Dragon Dance|p2a: Dragonite
|-boost|p2a: Dragonite|atk|1
|-boost|p2a: Dragonite|spe|1
|
|-heal|p1a: Garganacl|35/100|[from] item: Leftovers
|-damage|p2a: Dragonite|42/100|[from] Salt Cure
|upkeep
|turn|16
|
|t:|1760388649
|switch|p1a: Great Tusk|Great Tusk|100/100
|move|p2a: Dragonite|Earthquake|p1a: Great Tusk
|-crit|p1a: Great Tusk
|-damage|p1a: Great Tusk|40/100
|
|-damage|p2a: Dragonite|29/100|[from] Salt Cure
|upkeep
|turn|17
|
|t:|1760388655
|move|p2a: Dragonite|Ice Spinner|p1a: Great Tusk
|-supereffective|p1a: Great Tusk
|-damage|p1a: Great Tusk|0 fnt
|faint|p1a: Great Tusk
|-end|p1a: Great Tusk|Protosynthesis|[silent]
|
|-damage|p2a: Dragonite|17/100|[from] Salt Cure
|upkeep
|
|t:|1760388669
|switch|p1a: Dragonite|Dragonite, F|87/100
|turn|18
|
|t:|1760388672
|move|p1a: Dragonite|Extreme Speed|p2a: Dragonite
|-damage|p2a: Dragonite|0 fnt
|faint|p2a: Dragonite
|
|upkeep
|
|t:|1760388675
|switch|p2a: Great Tusk|Great Tusk|98/100
|turn|19
|
|t:|1760388693
|switch|p1a: Alomomola|Alomomola, M|100/100
|move|p2a: Great Tusk|Ice Spinner|p1a: Alomomola
|-resisted|p1a: Alomomola
|-damage|p1a: Alomomola|91/100
|
|upkeep
|turn|20
|inactive|AnneSylveon69 has 120 seconds left.
|
|t:|1760388726
|-end|p2a: Great Tusk|Protosynthesis|[silent]
|switch|p2a: Scizor|Scizor, M|100/100
|move|p1a: Alomomola|Wish|p1a: Alomomola
|
|upkeep
|turn|21
|
|t:|1760388730
|move|p2a: Scizor|Swords Dance|p2a: Scizor
|-boost|p2a: Scizor|atk|2
|move|p1a: Alomomola|Flip Turn|p2a: Scizor
|-damage|p2a: Scizor|82/100
|
|t:|1760388733
|switch|p1a: Garganacl|Garganacl, F|35/100|[from] Flip Turn
|-damage|p1a: Garganacl|22/100|[from] Stealth Rock
|
|-heal|p1a: Garganacl|81/100|[from] move: Wish|[wisher] Alomomola
|-heal|p1a: Garganacl|87/100|[from] item: Leftovers
|upkeep
|turn|22
|
|t:|1760388742
|move|p1a: Garganacl|Protect|p1a: Garganacl
|-singleturn|p1a: Garganacl|Protect
|move|p2a: Scizor|Trailblaze|p1a: Garganacl
|-activate|p1a: Garganacl|move: Protect
|
|-heal|p1a: Garganacl|93/100|[from] item: Leftovers
|upkeep
|turn|23
|inactive|AnneSylveon69 has 120 seconds left.
|
|t:|1760388790
|switch|p1a: Gholdengo|Gholdengo|100/100
|-damage|p1a: Gholdengo|94/100|[from] Stealth Rock
|move|p2a: Scizor|Trailblaze|p1a: Gholdengo
|-resisted|p1a: Gholdengo
|-damage|p1a: Gholdengo|54/100
|-boost|p2a: Scizor|spe|1
|-damage|p2a: Scizor|72/100|[from] item: Life Orb
|
|upkeep
|turn|24
|
|t:|1760388799
|move|p1a: Gholdengo|Make It Rain|p2a: Scizor
|-resisted|p2a: Scizor
|-damage|p2a: Scizor|30/100
|-unboost|p1a: Gholdengo|spa|1
|move|p2a: Scizor|Knock Off|p1a: Gholdengo
|-supereffective|p1a: Gholdengo
|-damage|p1a: Gholdengo|0 fnt
|-enditem|p1a: Gholdengo|Choice Scarf|[from] move: Knock Off|[of] p2a: Scizor
|faint|p1a: Gholdengo
|-damage|p2a: Scizor|20/100|[from] item: Life Orb
|
|upkeep
|
|t:|1760388807
|switch|p1a: Dragonite|Dragonite, F|87/100
|turn|25
|
|t:|1760388813
|move|p1a: Dragonite|Extreme Speed|p2a: Scizor
|-resisted|p2a: Scizor
|-damage|p2a: Scizor|3/100
|move|p2a: Scizor|Bullet Punch|p1a: Dragonite
|-damage|p1a: Dragonite|0 fnt
|faint|p1a: Dragonite
|-damage|p2a: Scizor|0 fnt|[from] item: Life Orb
|faint|p2a: Scizor
|
|upkeep
|inactive|AnneSylveon69 has 120 seconds left.
|
|t:|1760388827
|switch|p1a: Raging Bolt|Raging Bolt|100/100
|switch|p2a: Walking Wake|Walking Wake|100/100
|-damage|p1a: Raging Bolt|88/100|[from] Stealth Rock
|-enditem|p2a: Walking Wake|Booster Energy
|-activate|p2a: Walking Wake|ability: Protosynthesis|[fromitem]
|-start|p2a: Walking Wake|protosynthesisspa
|turn|26
|
|t:|1760388837
|-terastallize|p2a: Walking Wake|Poison
|move|p1a: Raging Bolt|Thunderclap|p2a: Walking Wake
|-damage|p2a: Walking Wake|25/100
|move|p2a: Walking Wake|Draco Meteor|p1a: Raging Bolt
|-supereffective|p1a: Raging Bolt
|-damage|p1a: Raging Bolt|0 fnt
|-unboost|p2a: Walking Wake|spa|2
|faint|p1a: Raging Bolt
|-end|p1a: Raging Bolt|Protosynthesis|[silent]
|
|upkeep
|
|t:|1760388843
|switch|p1a: Garganacl|Garganacl, F|93/100
|-damage|p1a: Garganacl|81/100|[from] Stealth Rock
|turn|27
|
|t:|1760388846
|-terastallize|p1a: Garganacl|Fairy
|move|p2a: Walking Wake|Hydro Pump|p1a: Garganacl
|-crit|p1a: Garganacl
|-damage|p1a: Garganacl|8/100
|move|p1a: Garganacl|Stealth Rock|p2a: Walking Wake
|-sidestart|p2: lemlxm|move: Stealth Rock
|
|-heal|p1a: Garganacl|15/100|[from] item: Leftovers
|upkeep
|turn|28
|
|t:|1760388855
|move|p1a: Garganacl|Protect|p1a: Garganacl
|-singleturn|p1a: Garganacl|Protect
|move|p2a: Walking Wake|Tera Blast|p1a: Garganacl|[anim] Tera Blast Poison
|-activate|p1a: Garganacl|move: Protect
|
|-heal|p1a: Garganacl|21/100|[from] item: Leftovers
|upkeep
|turn|29
|
|t:|1760388859
|switch|p1a: Alomomola|Alomomola, M|100/100
|move|p2a: Walking Wake|Tera Blast|p1a: Alomomola|[anim] Tera Blast Poison
|-damage|p1a: Alomomola|87/100
|
|upkeep
|turn|30
|
|t:|1760388871
|-end|p2a: Walking Wake|Protosynthesis|[silent]
|switch|p2a: Iron Valiant|Iron Valiant|100/100
|-damage|p2a: Iron Valiant|94/100|[from] Stealth Rock
|-enditem|p2a: Iron Valiant|Booster Energy
|-activate|p2a: Iron Valiant|ability: Quark Drive|[fromitem]
|-start|p2a: Iron Valiant|quarkdrivespe
|move|p1a: Alomomola|Wish|p1a: Alomomola
|
|upkeep
|turn|31
|
|t:|1760388880
|move|p2a: Iron Valiant|Energy Ball|p1a: Alomomola
|-supereffective|p1a: Alomomola
|-damage|p1a: Alomomola|33/100
|move|p1a: Alomomola|Flip Turn|p2a: Iron Valiant
|-damage|p2a: Iron Valiant|73/100
|
|t:|1760388887
|switch|p1a: Garganacl|Garganacl, F, tera:Fairy|21/100|[from] Flip Turn
|-damage|p1a: Garganacl|8/100|[from] Stealth Rock
|
|-heal|p1a: Garganacl|67/100|[from] move: Wish|[wisher] Alomomola
|-heal|p1a: Garganacl|73/100|[from] item: Leftovers
|upkeep
|turn|32
|
|t:|1760388897
|move|p2a: Iron Valiant|Psyshock|p1a: Garganacl
|-damage|p1a: Garganacl|56/100
|move|p1a: Garganacl|Salt Cure|p2a: Iron Valiant
|-resisted|p2a: Iron Valiant
|-damage|p2a: Iron Valiant|65/100
|-start|p2a: Iron Valiant|Salt Cure
|
|-heal|p1a: Garganacl|62/100|[from] item: Leftovers
|-damage|p2a: Iron Valiant|52/100|[from] Salt Cure
|upkeep
|turn|33
|
|t:|1760388910
|move|p2a: Iron Valiant|Energy Ball|p1a: Garganacl
|-damage|p1a: Garganacl|43/100
|move|p1a: Garganacl|Recover|p1a: Garganacl
|-heal|p1a: Garganacl|93/100
|
|-heal|p1a: Garganacl|99/100|[from] item: Leftovers
|-damage|p2a: Iron Valiant|40/100|[from] Salt Cure
|upkeep
|turn|34
|
|t:|1760388918
|move|p1a: Garganacl|Protect|p1a: Garganacl
|-singleturn|p1a: Garganacl|Protect
|move|p2a: Iron Valiant|Moonblast|p1a: Garganacl
|-activate|p1a: Garganacl|move: Protect
|
|-heal|p1a: Garganacl|100/100|[from] item: Leftovers
|-damage|p2a: Iron Valiant|27/100|[from] Salt Cure
|upkeep
|turn|35
|
|t:|1760388935
|move|p2a: Iron Valiant|Moonblast|p1a: Garganacl
|-damage|p1a: Garganacl|71/100
|move|p1a: Garganacl|Recover|p1a: Garganacl
|-heal|p1a: Garganacl|100/100
|
|-damage|p2a: Iron Valiant|15/100|[from] Salt Cure
|upkeep
|turn|36
|
|t:|1760388943
|-end|p2a: Iron Valiant|Quark Drive|[silent]
|switch|p2a: Great Tusk|Great Tusk|98/100
|-damage|p2a: Great Tusk|95/100|[from] Stealth Rock
|move|p1a: Garganacl|Salt Cure|p2a: Great Tusk
|-resisted|p2a: Great Tusk
|-damage|p2a: Great Tusk|92/100
|-start|p2a: Great Tusk|Salt Cure
|
|-damage|p2a: Great Tusk|80/100|[from] Salt Cure
|upkeep
|turn|37
|
|t:|1760388954
|move|p2a: Great Tusk|Rapid Spin|p1a: Garganacl
|-damage|p1a: Garganacl|89/100
|-boost|p2a: Great Tusk|spe|1
|-sideend|p2: lemlxm|Stealth Rock|[from] move: Rapid Spin|[of] p2a: Great Tusk
|move|p1a: Garganacl|Recover|p1a: Garganacl
|-heal|p1a: Garganacl|100/100
|
|-damage|p2a: Great Tusk|67/100|[from] Salt Cure
|upkeep
|turn|38
|
|t:|1760388963
|switch|p1a: Alomomola|Alomomola, M|66/100
|move|p2a: Great Tusk|High Horsepower|p1a: Alomomola
|-damage|p1a: Alomomola|35/100
|
|-damage|p2a: Great Tusk|55/100|[from] Salt Cure
|upkeep
|turn|39
|
|t:|1760388971
|move|p1a: Alomomola|Protect|p1a: Alomomola
|-singleturn|p1a: Alomomola|Protect
|move|p2a: Great Tusk|High Horsepower|p1a: Alomomola
|-activate|p1a: Alomomola|move: Protect
|
|-damage|p2a: Great Tusk|43/100|[from] Salt Cure
|upkeep
|turn|40
|
|t:|1760388975
|move|p2a: Great Tusk|High Horsepower|p1a: Alomomola
|-damage|p1a: Alomomola|6/100
|move|p1a: Alomomola|Wish|p1a: Alomomola
|
|-damage|p2a: Great Tusk|30/100|[from] Salt Cure
|upkeep
|turn|41
|
|t:|1760388980
|switch|p1a: Garganacl|Garganacl, F, tera:Fairy|100/100
|-damage|p1a: Garganacl|88/100|[from] Stealth Rock
|move|p2a: Great Tusk|High Horsepower|p1a: Garganacl
|-damage|p1a: Garganacl|55/100
|
|-heal|p1a: Garganacl|100/100|[from] move: Wish|[wisher] Alomomola
|-damage|p2a: Great Tusk|18/100|[from] Salt Cure
|upkeep
|turn|42
|
|t:|1760388992
|move|p2a: Great Tusk|Ice Spinner|p1a: Garganacl
|-damage|p1a: Garganacl|84/100
|move|p1a: Garganacl|Stealth Rock|p2a: Great Tusk
|-sidestart|p2: lemlxm|move: Stealth Rock
|
|-heal|p1a: Garganacl|90/100|[from] item: Leftovers
|-damage|p2a: Great Tusk|5/100|[from] Salt Cure
|upkeep
|turn|43
|
|t:|1760389000
|move|p1a: Garganacl|Protect|p1a: Garganacl
|-singleturn|p1a: Garganacl|Protect
|move|p2a: Great Tusk|Rapid Spin|p1a: Garganacl
|-activate|p1a: Garganacl|move: Protect
|
|-heal|p1a: Garganacl|96/100|[from] item: Leftovers
|-damage|p2a: Great Tusk|0 fnt|[from] Salt Cure
|faint|p2a: Great Tusk
|-end|p2a: Great Tusk|Protosynthesis|[silent]
|upkeep
|
|t:|1760389009
|switch|p2a: Walking Wake|Walking Wake, tera:Poison|25/100
|-damage|p2a: Walking Wake|13/100|[from] Stealth Rock
|turn|44
|
|t:|1760389013
|move|p2a: Walking Wake|Tera Blast|p1a: Garganacl|[anim] Tera Blast Poison
|-supereffective|p1a: Garganacl
|-damage|p1a: Garganacl|41/100
|move|p1a: Garganacl|Salt Cure|p2a: Walking Wake
|-damage|p2a: Walking Wake|0 fnt
|faint|p2a: Walking Wake
|-end|p2a: Walking Wake|Protosynthesis|[silent]
|
|-heal|p1a: Garganacl|47/100|[from] item: Leftovers
|upkeep
|
|t:|1760389023
|switch|p2a: Dragapult|Dragapult, F|9/100
|-damage|p2a: Dragapult|0 fnt|[from] Stealth Rock
|faint|p2a: Dragapult
|
|t:|1760389026
|switch|p2a: Iron Valiant|Iron Valiant|15/100
|-damage|p2a: Iron Valiant|9/100|[from] Stealth Rock
|turn|45
|-message|lemlxm forfeited.
|
|win|AnneSylveon69
|raw|AnneSylveon69's rating: 1194 &rarr; <strong>1221</strong><br />(+27 for winning)
|raw|lemlxm's rating: 1218 &rarr; <strong>1191</strong><br />(-27 for losing)
|l|☆lemlxm
|player|p2|
