|j|☆worthless lucker
|j|☆DeCompaniu
|t:|1760334954
|gametype|singles
|player|p1|worthless lucker|baker|1415
|player|p2|DeCompaniu|richboy|1409
|gen|9
|tier|[Gen 9] OU
|rated|
|rule|HP Percentage Mod: HP is shown in percentages
|rule|Endless Battle Clause: Forcing endless battles is banned
|rule|Species Clause: Limit one of each Pokémon
|rule|OHKO Clause: OHKO moves are banned
|rule|Evasion Items Clause: Evasion items are banned
|rule|Evasion Moves Clause: Evasion moves are banned
|rule|Evasion Abilities Clause: Evasion abilities are banned
|rule|Sleep Moves Clause: Sleep-inducing moves are banned
|clearpoke
|poke|p1|Kingambit, M|
|poke|p1|Slowking-Galar, M|
|poke|p1|Skeledirge, M|
|poke|p1|Iron Valiant|
|poke|p1|Great Tusk|
|poke|p1|Dragonite, F|
|poke|p2|Rillaboom, M|
|poke|p2|Serperior, M|
|poke|p2|Hawlucha, F|
|poke|p2|Ninetales-Alola, F|
|poke|p2|Glimmora, F|
|poke|p2|Chandelure, F|
|teampreview
|inactive|Battle timer is ON: inactive players will automatically lose when time's up. (requested by worthless lucker)
|
|t:|1760334971
|teamsize|p1|6
|teamsize|p2|6
|start
|switch|p1a: Slowking|Slowking-Galar, M|100/100
|switch|p2a: Glimmora|Glimmora, F|100/100
|turn|1
|
|t:|1760334981
|move|p2a: Glimmora|Earth Power|p1a: Slowking
|-supereffective|p1a: Slowking
|-damage|p1a: Slowking|64/100
|move|p1a: Slowking|Psychic|p2a: Glimmora
|-supereffective|p2a: Glimmora
|-enditem|p2a: Glimmora|Focus Sash
|-damage|p2a: Glimmora|1/100
|
|upkeep
|turn|2
|
|t:|1760334993
|move|p2a: Glimmora|Stealth Rock|p1a: Slowking
|-sidestart|p1: worthless lucker|move: Stealth Rock
|move|p1a: Slowking|Psychic|p2a: Glimmora
|-supereffective|p2a: Glimmora
|-damage|p2a: Glimmora|0 fnt
|faint|p2a: Glimmora
|
|upkeep
|
|t:|1760335001
|switch|p2a: Chandelure|Chandelure, F|100/100
|turn|3
|inactive|worthless lucker has 120 seconds left.
|
|t:|1760335045
|move|p2a: Chandelure|Trick|p1a: Slowking
|-activate|p2a: Chandelure|move: Trick|[of] p1a: Slowking
|-item|p1a: Slowking|Choice Scarf|[from] move: Trick
|-item|p2a: Chandelure|Assault Vest|[from] move: Trick
|move|p1a: Slowking|Psychic|p2a: Chandelure
|-damage|p2a: Chandelure|53/100
|-unboost|p2a: Chandelure|spd|1
|
|upkeep
|turn|4
|
|t:|1760335064
|switch|p2a: Rillaboom|Rillaboom, M|100/100
|-fieldstart|move: Grassy Terrain|[from] ability: Grassy Surge|[of] p2a: Rillaboom
|move|p1a: Slowking|Psychic|p2a: Rillaboom
|-damage|p2a: Rillaboom|46/100
|
|-heal|p2a: Rillaboom|52/100|[from] Grassy Terrain
|-heal|p1a: Slowking|71/100|[from] Grassy Terrain
|upkeep
|turn|5
|
|t:|1760335079
|move|p2a: Rillaboom|U-turn|p1a: Slowking
|-damage|p1a: Slowking|27/100
|
|t:|1760335085
|switch|p2a: Ninetales|Ninetales-Alola, F|100/100|[from] U-turn
|-weather|Snowscape|[from] ability: Snow Warning|[of] p2a: Ninetales
|move|p1a: Slowking|Psychic|p2a: Ninetales
|-damage|p2a: Ninetales|49/100
|
|-weather|Snowscape|[upkeep]
|-heal|p2a: Ninetales|55/100|[from] Grassy Terrain
|-heal|p1a: Slowking|33/100|[from] Grassy Terrain
|upkeep
|turn|6
|
|t:|1760335107
|move|p2a: Ninetales|Blizzard|p1a: Slowking
|-damage|p1a: Slowking|3/100
|move|p1a: Slowking|Psychic|p2a: Ninetales
|-damage|p2a: Ninetales|4/100
|
|-weather|Snowscape|[upkeep]
|-heal|p2a: Ninetales|10/100|[from] Grassy Terrain
|-heal|p1a: Slowking|9/100|[from] Grassy Terrain
|upkeep
|turn|7
|
|t:|1760335122
|switch|p1a: Skeledirge|Skeledirge, M|100/100
|move|p2a: Ninetales|Aurora Veil|p2a: Ninetales
|-sidestart|p2: DeCompaniu|move: Aurora Veil
|
|-weather|Snowscape|[upkeep]
|-heal|p2a: Ninetales|15/100|[from] Grassy Terrain
|upkeep
|turn|8
|
|t:|1760335130
|switch|p2a: Chandelure|Chandelure, F|53/100
|move|p1a: Skeledirge|Will-O-Wisp|p2a: Chandelure
|-start|p2a: Chandelure|ability: Flash Fire
|
|-weather|Snowscape|[upkeep]
|-heal|p2a: Chandelure|60/100|[from] Grassy Terrain
|-fieldend|move: Grassy Terrain
|upkeep
|turn|9
|
|t:|1760335141
|move|p2a: Chandelure|Shadow Ball|p1a: Skeledirge
|-supereffective|p1a: Skeledirge
|-damage|p1a: Skeledirge|0 fnt
|faint|p1a: Skeledirge
|
|-weather|none
|upkeep
|
|t:|1760335150
|switch|p1a: Kingambit|Kingambit, M|100/100
|-damage|p1a: Kingambit|94/100|[from] Stealth Rock
|-activate|p1a: Kingambit|ability: Supreme Overlord
|-start|p1a: Kingambit|fallen1|[silent]
|-item|p1a: Kingambit|Air Balloon
|turn|10
|
|t:|1760335157
|move|p2a: Chandelure|Flamethrower|p1a: Kingambit
|-supereffective|p1a: Kingambit
|-damage|p1a: Kingambit|0 fnt
|-enditem|p1a: Kingambit|Air Balloon
|faint|p1a: Kingambit
|-end|p1a: Kingambit|fallen1|[silent]
|
|upkeep
|
|t:|1760335179
|switch|p1a: Dragonite|Dragonite, F|100/100
|turn|11
|
|t:|1760335190
|move|p2a: Chandelure|Shadow Ball|p1a: Dragonite
|-damage|p1a: Dragonite|76/100
|move|p1a: Dragonite|Dragon Dance|p1a: Dragonite
|-boost|p1a: Dragonite|atk|1
|-boost|p1a: Dragonite|spe|1
|
|upkeep
|turn|12
|
|t:|1760335200
|-terastallize|p1a: Dragonite|Normal
|move|p1a: Dragonite|Dragon Dance|p1a: Dragonite
|-boost|p1a: Dragonite|atk|1
|-boost|p1a: Dragonite|spe|1
|move|p2a: Chandelure|Flamethrower|p1a: Dragonite
|-damage|p1a: Dragonite|0 fnt
|faint|p1a: Dragonite
|
|upkeep
|c|☆DeCompaniu|We read those
|inactive|worthless lucker has 90 seconds left.
|c|☆worthless lucker|yeah this is embarassing
|inactive|worthless lucker has 60 seconds left.
|c|☆worthless lucker|too greedy
|
|t:|1760335275
|switch|p1a: Iron Valiant|Iron Valiant|100/100
|-damage|p1a: Iron Valiant|94/100|[from] Stealth Rock
|-enditem|p1a: Iron Valiant|Booster Energy
|-activate|p1a: Iron Valiant|ability: Quark Drive|[fromitem]
|-start|p1a: Iron Valiant|quarkdrivespe
|turn|13
|c|☆DeCompaniu|That slowking was kicking my ass
|
|t:|1760335285
|move|p1a: Iron Valiant|Knock Off|p2a: Chandelure
|-supereffective|p2a: Chandelure
|-damage|p2a: Chandelure|25/100
|-enditem|p2a: Chandelure|Assault Vest|[from] move: Knock Off|[of] p1a: Iron Valiant
|move|p2a: Chandelure|Flamethrower|p1a: Iron Valiant
|-damage|p1a: Iron Valiant|0 fnt
|faint|p1a: Iron Valiant
|-end|p1a: Iron Valiant|Quark Drive|[silent]
|
|upkeep
|
|t:|1760335297
|switch|p1a: Great Tusk|Great Tusk|100/100
|-damage|p1a: Great Tusk|98/100|[from] Stealth Rock
|turn|14
|
|t:|1760335307
|-end|p1a: Great Tusk|Protosynthesis|[silent]
|switch|p1a: Slowking|Slowking-Galar, M|42/100
|-damage|p1a: Slowking|29/100|[from] Stealth Rock
|-terastallize|p2a: Chandelure|Grass
|move|p2a: Chandelure|Flamethrower|p1a: Slowking
|-crit|p1a: Slowking
|-damage|p1a: Slowking|0 fnt
|faint|p1a: Slowking
|
|-sideend|p2: DeCompaniu|move: Aurora Veil
|upkeep
|
|t:|1760335315
|switch|p1a: Great Tusk|Great Tusk|98/100
|-damage|p1a: Great Tusk|95/100|[from] Stealth Rock
|turn|15
|
|t:|1760335323
|-end|p2a: Chandelure|ability: Flash Fire|[silent]
|switch|p2a: Rillaboom|Rillaboom, M|52/100
|-fieldstart|move: Grassy Terrain|[from] ability: Grassy Surge|[of] p2a: Rillaboom
|move|p1a: Great Tusk|Ice Spinner|p2a: Rillaboom
|-supereffective|p2a: Rillaboom
|-damage|p2a: Rillaboom|1/100
|-fieldend|move: Grassy Terrain
|
|upkeep
|turn|16
|inactive|worthless lucker has 60 seconds left.
|
|t:|1760335335
|switch|p2a: Ninetales|Ninetales-Alola, F|15/100
|-weather|Snowscape|[from] ability: Snow Warning|[of] p2a: Ninetales
|move|p1a: Great Tusk|Rapid Spin|p2a: Ninetales
|-damage|p2a: Ninetales|0 fnt
|-boost|p1a: Great Tusk|spe|1
|-sideend|p1: worthless lucker|Stealth Rock|[from] move: Rapid Spin|[of] p1a: Great Tusk
|faint|p2a: Ninetales
|
|-weather|Snowscape|[upkeep]
|upkeep
|
|t:|1760335347
|switch|p2a: Rillaboom|Rillaboom, M|1/100
|-fieldstart|move: Grassy Terrain|[from] ability: Grassy Surge|[of] p2a: Rillaboom
|turn|17
|
|t:|1760335352
|move|p2a: Rillaboom|Grassy Glide|p1a: Great Tusk
|-supereffective|p1a: Great Tusk
|-damage|p1a: Great Tusk|16/100
|move|p1a: Great Tusk|Rapid Spin|p2a: Rillaboom
|-crit|p2a: Rillaboom
|-damage|p2a: Rillaboom|0 fnt
|-boost|p1a: Great Tusk|spe|1
|faint|p2a: Rillaboom
|
|-weather|Snowscape|[upkeep]
|-heal|p1a: Great Tusk|22/100|[from] Grassy Terrain
|upkeep
|
|t:|1760335364
|switch|p2a: Hawlucha|Hawlucha, F|100/100
|-enditem|p2a: Hawlucha|Grassy Seed
|-boost|p2a: Hawlucha|def|1|[from] item: Grassy Seed
|turn|18
|c|☆worthless lucker|wp
|
|t:|1760335380
|move|p2a: Hawlucha|Acrobatics|p1a: Great Tusk
|-supereffective|p1a: Great Tusk
|-damage|p1a: Great Tusk|0 fnt
|faint|p1a: Great Tusk
|-end|p1a: Great Tusk|Protosynthesis|[silent]
|
|win|DeCompaniu
|raw|worthless lucker's rating: 1415 &rarr; <strong>1395</strong><br />(-20 for losing)
|raw|DeCompaniu's rating: 1409 &rarr; <strong>1429</strong><br />(+20 for winning)
|l|☆worthless lucker
|player|p1|
|c|☆DeCompaniu|GG
|l|☆DeCompaniu
|player|p2|
