|j|☆irrelevant98
|j|☆chaomei_shen
|t:|1760416635
|gametype|singles
|player|p1|irrelevant98|101|1499
|player|p2|chaomei_shen|266|1476
|gen|9
|tier|[Gen 9] OU
|rated|
|rule|HP Percentage Mod: HP is shown in percentages
|rule|Endless Battle Clause: Forcing endless battles is banned
|rule|Species Clause: Limit one of each Pokémon
|rule|OHKO Clause: OHKO moves are banned
|rule|Evasion Items Clause: Evasion items are banned
|rule|Evasion Moves Clause: Evasion moves are banned
|rule|Evasion Abilities Clause: Evasion abilities are banned
|rule|Sleep Moves Clause: Sleep-inducing moves are banned
|clearpoke
|poke|p1|Great Tusk|
|poke|p1|Heatran, M|
|poke|p1|Weavile, M|
|poke|p1|Primarina, M|
|poke|p1|Ogerpon, F|
|poke|p1|Pecharunt|
|poke|p2|Dragonite, M|
|poke|p2|Hatterene, F|
|poke|p2|Great Tusk|
|poke|p2|Raging Bolt|
|poke|p2|Ting-Lu|
|poke|p2|Kyurem|
|teampreview
|inactive|Battle timer is ON: inactive players will automatically lose when time's up. (requested by irrelevant98)
|
|t:|1760416652
|teamsize|p1|6
|teamsize|p2|6
|start
|switch|p1a: Ogerpon|Ogerpon, F|100/100
|switch|p2a: Dragonite|Dragonite, M|100/100
|turn|1
|
|t:|1760416663
|move|p1a: Ogerpon|U-turn|p2a: Dragonite
|-resisted|p2a: Dragonite
|-damage|p2a: Dragonite|91/100
|
|t:|1760416667
|switch|p1a: Weavile|Weavile, M|100/100|[from] U-turn
|-ability|p1a: Weavile|Pressure
|move|p2a: Dragonite|Ice Spinner|p1a: Weavile
|-resisted|p1a: Weavile
|-damage|p1a: Weavile|61/100
|
|upkeep
|turn|2
|
|t:|1760416671
|switch|p2a: Hatterene|Hatterene, F|100/100
|move|p1a: Weavile|Knock Off|p2a: Hatterene
|-damage|p2a: Hatterene|31/100
|-enditem|p2a: Hatterene|Assault Vest|[from] move: Knock Off|[of] p1a: Weavile
|
|upkeep
|turn|3
|
|t:|1760416675
|move|p1a: Weavile|Knock Off|p2a: Hatterene
|-damage|p2a: Hatterene|0 fnt
|faint|p2a: Hatterene
|
|upkeep
|
|t:|1760416677
|switch|p2a: Kyurem|Kyurem|100/100
|-ability|p2a: Kyurem|Pressure
|turn|4
|
|t:|1760416705
|move|p1a: Weavile|Knock Off|p2a: Kyurem
|-damage|p2a: Kyurem|34/100
|-enditem|p2a: Kyurem|Loaded Dice|[from] move: Knock Off|[of] p1a: Weavile
|move|p2a: Kyurem|Dragon Dance|p2a: Kyurem
|-boost|p2a: Kyurem|atk|1
|-boost|p2a: Kyurem|spe|1
|
|upkeep
|turn|5
|
|t:|1760416716
|switch|p1a: Pecharunt|Pecharunt|100/100
|move|p2a: Kyurem|Scale Shot|p1a: Pecharunt
|-crit|p1a: Pecharunt
|-damage|p1a: Pecharunt|85/100
|-damage|p1a: Pecharunt|75/100
|-hitcount|p1a: Pecharunt|2
|-unboost|p2a: Kyurem|def|1
|-boost|p2a: Kyurem|spe|1
|
|upkeep
|turn|6
|
|t:|1760416723
|move|p2a: Kyurem|Icicle Spear|p1a: Pecharunt
|-damage|p1a: Pecharunt|66/100
|-damage|p1a: Pecharunt|58/100
|-hitcount|p1a: Pecharunt|2
|move|p1a: Pecharunt|Malignant Chain|p2a: Kyurem
|-damage|p2a: Kyurem|7/100
|
|upkeep
|turn|7
|
|t:|1760416731
|move|p2a: Kyurem|Icicle Spear|p1a: Pecharunt
|-damage|p1a: Pecharunt|48/100
|-damage|p1a: Pecharunt|38/100
|-damage|p1a: Pecharunt|29/100
|-damage|p1a: Pecharunt|20/100
|-crit|p1a: Pecharunt
|-damage|p1a: Pecharunt|7/100
|-hitcount|p1a: Pecharunt|5
|move|p1a: Pecharunt|Malignant Chain|p2a: Kyurem
|-damage|p2a: Kyurem|0 fnt
|faint|p2a: Kyurem
|
|upkeep
|
|t:|1760416745
|switch|p2a: Great Tusk|Great Tusk|100/100
|turn|8
|
|t:|1760416750
|move|p2a: Great Tusk|Headlong Rush|p1a: Pecharunt
|-supereffective|p1a: Pecharunt
|-damage|p1a: Pecharunt|0 fnt
|-unboost|p2a: Great Tusk|def|1
|-unboost|p2a: Great Tusk|spd|1
|-damage|p2a: Great Tusk|84/100|[from] item: Rocky Helmet|[of] p1a: Pecharunt
|faint|p1a: Pecharunt
|
|upkeep
|
|t:|1760416764
|switch|p1a: Weavile|Weavile, M|61/100
|-ability|p1a: Weavile|Pressure
|turn|9
|
|t:|1760416767
|-end|p2a: Great Tusk|Protosynthesis|[silent]
|switch|p2a: Ting-Lu|Ting-Lu|100/100
|-ability|p2a: Ting-Lu|Vessel of Ruin
|move|p1a: Weavile|Triple Axel|p2a: Ting-Lu
|-supereffective|p2a: Ting-Lu
|-damage|p2a: Ting-Lu|86/100
|-supereffective|p2a: Ting-Lu
|-damage|p2a: Ting-Lu|57/100
|-supereffective|p2a: Ting-Lu
|-damage|p2a: Ting-Lu|7/100
|-hitcount|p2a: Ting-Lu|3
|
|-heal|p2a: Ting-Lu|14/100|[from] item: Leftovers
|upkeep
|turn|10
|
|t:|1760416776
|move|p1a: Weavile|Triple Axel|p2a: Ting-Lu
|-supereffective|p2a: Ting-Lu
|-damage|p2a: Ting-Lu|0 fnt
|faint|p2a: Ting-Lu
|-hitcount|p2: Ting-Lu|1
|
|upkeep
|
|t:|1760416778
|switch|p2a: Dragonite|Dragonite, M|91/100
|turn|11
|
|t:|1760416784
|-terastallize|p2a: Dragonite|Normal
|move|p1a: Weavile|Triple Axel|p2a: Dragonite
|-damage|p2a: Dragonite|74/100
|-damage|p2a: Dragonite|44/100
|-damage|p2a: Dragonite|0 fnt
|faint|p2a: Dragonite
|-hitcount|p2: Dragonite|3
|
|upkeep
|-message|chaomei_shen forfeited.
|
|win|irrelevant98
|raw|irrelevant98's rating: 1499 &rarr; <strong>1518</strong><br />(+19 for winning)
|raw|chaomei_shen's rating: 1476 &rarr; <strong>1457</strong><br />(-19 for losing)
|l|☆chaomei_shen
|player|p2|
