|j|☆LuckyTurtlz
|j|☆themeestermoofin
|t:|1760388657
|gametype|singles
|player|p1|LuckyTurtlz|lucas|1152
|player|p2|themeestermoofin|102|1136
|gen|9
|tier|[Gen 9] OU
|rated|
|rule|HP Percentage Mod: HP is shown in percentages
|rule|Endless Battle Clause: Forcing endless battles is banned
|rule|Species Clause: Limit one of each Pokémon
|rule|OHKO Clause: OHKO moves are banned
|rule|Evasion Items Clause: Evasion items are banned
|rule|Evasion Moves Clause: Evasion moves are banned
|rule|Evasion Abilities Clause: Evasion abilities are banned
|rule|Sleep Moves Clause: Sleep-inducing moves are banned
|clearpoke
|poke|p1|Dragonite, M|
|poke|p1|Gliscor, M|
|poke|p1|Rillaboom, M|
|poke|p1|Araquanid, M|
|poke|p1|Chandelure, M|
|poke|p1|Excadrill, M|
|poke|p2|Dragonite, M|
|poke|p2|Cinderace, M|
|poke|p2|Pawmot, M|
|poke|p2|Milotic, F|
|poke|p2|Haxorus, F|
|poke|p2|Blissey, F|
|teampreview
|inactive|Battle timer is ON: inactive players will automatically lose when time's up. (requested by LuckyTurtlz)
|
|t:|1760388674
|teamsize|p1|6
|teamsize|p2|6
|start
|switch|p1a: Tarencule|Araquanid, M, shiny|100/100
|switch|p2a: Milotic|Milotic, F|100/100
|turn|1
|
|t:|1760388680
|move|p2a: Milotic|Attract|p1a: Tarencule
|-start|p1a: Tarencule|Attract
|-activate|p1a: Tarencule|move: Attract|[of] p2a: Milotic
|cant|p1a: Tarencule|Attract
|
|-status|p2a: Milotic|brn|[from] item: Flame Orb
|upkeep
|turn|2
|
|t:|1760388689
|move|p2a: Milotic|Confuse Ray|p1a: Tarencule
|-start|p1a: Tarencule|confusion
|-activate|p1a: Tarencule|confusion
|-activate|p1a: Tarencule|move: Attract|[of] p2a: Milotic
|move|p1a: Tarencule|Sticky Web|p2a: Milotic
|-sidestart|p2: themeestermoofin|move: Sticky Web
|
|-damage|p2a: Milotic|94/100 brn|[from] brn
|upkeep
|turn|3
|c|☆LuckyTurtlz|lmao
|c|☆themeestermoofin|lol
|
|t:|1760388701
|switch|p1a: RILLLLLLLLLLLABOOM|Rillaboom, M, shiny|100/100
|-fieldstart|move: Grassy Terrain|[from] ability: Grassy Surge|[of] p1a: RILLLLLLLLLLLABOOM
|move|p2a: Milotic|Scald|p1a: RILLLLLLLLLLLABOOM
|-resisted|p1a: RILLLLLLLLLLLABOOM
|-damage|p1a: RILLLLLLLLLLLABOOM|84/100
|
|-heal|p1a: RILLLLLLLLLLLABOOM|90/100|[from] Grassy Terrain
|-heal|p2a: Milotic|100/100 brn|[from] Grassy Terrain
|-damage|p2a: Milotic|94/100 brn|[from] brn
|upkeep
|turn|4
|c|☆LuckyTurtlz|the only luck i will have this match x)
|
|t:|1760388723
|-terastallize|p2a: Milotic|Normal
|move|p1a: RILLLLLLLLLLLABOOM|Grassy Glide|p2a: Milotic
|-damage|p2a: Milotic|70/100 brn
|move|p2a: Milotic|Attract|p1a: RILLLLLLLLLLLABOOM
|-start|p1a: RILLLLLLLLLLLABOOM|Attract
|
|-heal|p1a: RILLLLLLLLLLLABOOM|96/100|[from] Grassy Terrain
|-heal|p2a: Milotic|76/100 brn|[from] Grassy Terrain
|-damage|p2a: Milotic|70/100 brn|[from] brn
|upkeep
|turn|5
|c|☆themeestermoofin|lmao
|c|☆LuckyTurtlz|fuck why did i have only males
|
|t:|1760388737
|-activate|p1a: RILLLLLLLLLLLABOOM|move: Attract|[of] p2a: Milotic
|move|p1a: RILLLLLLLLLLLABOOM|Low Kick|p2a: Milotic
|-supereffective|p2a: Milotic
|-damage|p2a: Milotic|24/100 brn
|move|p2a: Milotic|Confuse Ray|p1a: RILLLLLLLLLLLABOOM
|-start|p1a: RILLLLLLLLLLLABOOM|confusion
|
|-heal|p1a: RILLLLLLLLLLLABOOM|100/100|[from] Grassy Terrain
|-heal|p2a: Milotic|30/100 brn|[from] Grassy Terrain
|-damage|p2a: Milotic|24/100 brn|[from] brn
|upkeep
|turn|6
|c|☆themeestermoofin|lol fr
|c|☆LuckyTurtlz|litteraly only males
|inactive|LuckyTurtlz has 120 seconds left.
|
|t:|1760388759
|-activate|p1a: RILLLLLLLLLLLABOOM|confusion
|-damage|p1a: RILLLLLLLLLLLABOOM|87/100|[from] confusion
|move|p2a: Milotic|Recover|p2a: Milotic
|-heal|p2a: Milotic|74/100 brn
|
|-heal|p1a: RILLLLLLLLLLLABOOM|93/100|[from] Grassy Terrain
|-heal|p2a: Milotic|80/100 brn|[from] Grassy Terrain
|-damage|p2a: Milotic|74/100 brn|[from] brn
|upkeep
|turn|7
|c|☆themeestermoofin|W confusion
|
|t:|1760388773
|-activate|p1a: RILLLLLLLLLLLABOOM|confusion
|-damage|p1a: RILLLLLLLLLLLABOOM|79/100|[from] confusion
|move|p2a: Milotic|Recover|p2a: Milotic
|-heal|p2a: Milotic|100/100 brn
|
|-heal|p1a: RILLLLLLLLLLLABOOM|85/100|[from] Grassy Terrain
|-damage|p2a: Milotic|94/100 brn|[from] brn
|upkeep
|turn|8
|c|☆LuckyTurtlz|fuck confusion lmao
|
|t:|1760388782
|-activate|p1a: RILLLLLLLLLLLABOOM|confusion
|-activate|p1a: RILLLLLLLLLLLABOOM|move: Attract|[of] p2a: Milotic
|move|p1a: RILLLLLLLLLLLABOOM|Low Kick|p2a: Milotic
|-supereffective|p2a: Milotic
|-damage|p2a: Milotic|50/100 brn
|move|p2a: Milotic|Scald|p1a: RILLLLLLLLLLLABOOM
|-resisted|p1a: RILLLLLLLLLLLABOOM
|-damage|p1a: RILLLLLLLLLLLABOOM|70/100
|
|-heal|p1a: RILLLLLLLLLLLABOOM|76/100|[from] Grassy Terrain
|-heal|p2a: Milotic|56/100 brn|[from] Grassy Terrain
|-damage|p2a: Milotic|50/100 brn|[from] brn
|upkeep
|turn|9
|
|t:|1760388795
|-activate|p1a: RILLLLLLLLLLLABOOM|confusion
|-damage|p1a: RILLLLLLLLLLLABOOM|61/100|[from] confusion
|move|p2a: Milotic|Recover|p2a: Milotic
|-heal|p2a: Milotic|99/100 brn
|
|-heal|p1a: RILLLLLLLLLLLABOOM|68/100|[from] Grassy Terrain
|-heal|p2a: Milotic|100/100 brn|[from] Grassy Terrain
|-damage|p2a: Milotic|94/100 brn|[from] brn
|upkeep
|turn|10
|c|☆themeestermoofin|loll
|c|☆LuckyTurtlz|aaaaaaaaaa
|
|t:|1760388809
|switch|p1a: Tarencule|Araquanid, M, shiny|100/100
|move|p2a: Milotic|Scald|p1a: Tarencule
|-resisted|p1a: Tarencule
|-damage|p1a: Tarencule|92/100
|
|-heal|p2a: Milotic|100/100 brn|[from] Grassy Terrain
|-heal|p1a: Tarencule|98/100|[from] Grassy Terrain
|-heal|p1a: Tarencule|100/100|[from] item: Leftovers
|-damage|p2a: Milotic|94/100 brn|[from] brn
|-fieldend|move: Grassy Terrain
|upkeep
|turn|11
|
|t:|1760388822
|move|p2a: Milotic|Attract|p1a: Tarencule
|-start|p1a: Tarencule|Attract
|-activate|p1a: Tarencule|move: Attract|[of] p2a: Milotic
|move|p1a: Tarencule|Liquidation|p2a: Milotic
|-crit|p2a: Milotic
|-damage|p2a: Milotic|49/100 brn
|-unboost|p2a: Milotic|def|1
|
|-damage|p2a: Milotic|43/100 brn|[from] brn
|upkeep
|turn|12
|c|☆themeestermoofin|w crit
|
|t:|1760388833
|switch|p1a: RILLLLLLLLLLLABOOM|Rillaboom, M, shiny|68/100
|-fieldstart|move: Grassy Terrain|[from] ability: Grassy Surge|[of] p1a: RILLLLLLLLLLLABOOM
|move|p2a: Milotic|Recover|p2a: Milotic
|-heal|p2a: Milotic|93/100 brn
|
|-heal|p1a: RILLLLLLLLLLLABOOM|74/100|[from] Grassy Terrain
|-heal|p2a: Milotic|99/100 brn|[from] Grassy Terrain
|-damage|p2a: Milotic|93/100 brn|[from] brn
|upkeep
|turn|13
|c|☆LuckyTurtlz|w crit really
|
|t:|1760388845
|move|p1a: RILLLLLLLLLLLABOOM|Low Kick|p2a: Milotic
|-supereffective|p2a: Milotic
|-damage|p2a: Milotic|22/100 brn
|move|p2a: Milotic|Attract|p1a: RILLLLLLLLLLLABOOM
|-start|p1a: RILLLLLLLLLLLABOOM|Attract
|
|-heal|p1a: RILLLLLLLLLLLABOOM|80/100|[from] Grassy Terrain
|-heal|p2a: Milotic|28/100 brn|[from] Grassy Terrain
|-damage|p2a: Milotic|22/100 brn|[from] brn
|upkeep
|turn|14
|c|☆themeestermoofin|!dt low kick
|c| themeestermoofin|/raw <ul class="utilichart"><li class="result"><span class="col movenamecol"><a href="https://dex.pokemonshowdown.com/moves/lowkick">Low Kick</a></span> <span class="col typecol"><img src="//play.pokemonshowdown.com/sprites/types/Fighting.png" alt="Fighting" width="32" height="14"><img src="//play.pokemonshowdown.com/sprites/categories/Physical.png" alt="Physical" width="32" height="14"></span> <span class="col widelabelcol"><em>Accuracy</em><br>100%</span> <span class="col pplabelcol"><em>PP</em><br>32</span> <span class="col movedesccol">More power the heavier the target.</span> </li><li style="clear:both"></li></ul>
|c| themeestermoofin|/raw <font size="1"><font color="#686868">Priority:</font> 0&nbsp;|&ThickSpace;<font color="#686868">Gen:</font> 1&nbsp;|&ThickSpace;&#10003; Contact&nbsp;|&ThickSpace;<font color="#686868">Z-Power:</font> 160&nbsp;|&ThickSpace;<font color="#686868">Target:</font> One Adjacent Pokémon</font>

|c|☆themeestermoofin|isn't milotic kinda light tho?
|
|t:|1760388870
|-activate|p1a: RILLLLLLLLLLLABOOM|move: Attract|[of] p2a: Milotic
|move|p1a: RILLLLLLLLLLLABOOM|Low Kick|p2a: Milotic
|-supereffective|p2a: Milotic
|-damage|p2a: Milotic|0 fnt
|faint|p2a: Milotic
|-end|p1a: RILLLLLLLLLLLABOOM|Attract|[silent]
|
|-heal|p1a: RILLLLLLLLLLLABOOM|86/100|[from] Grassy Terrain
|upkeep
|c|☆LuckyTurtlz|350 pounds
|
|t:|1760388882
|switch|p2a: Cinderace|Cinderace, M|100/100
|-activate|p2a: Cinderace|move: Sticky Web
|-unboost|p2a: Cinderace|spe|1
|turn|15
|
|t:|1760388895
|switch|p1a: MacGargan|Gliscor, M, shiny|100/100
|move|p2a: Cinderace|Court Change|p2a: Cinderace
|-start|p2a: Cinderace|typechange|Normal|[from] ability: Libero
|-swapsideconditions
|-activate|p2a: Cinderace|move: Court Change
|
|-status|p1a: MacGargan|tox|[from] item: Toxic Orb
|upkeep
|turn|16
|
|t:|1760388906
|move|p2a: Cinderace|Pyro Ball|p1a: MacGargan
|-damage|p1a: MacGargan|77/100 tox
|move|p1a: MacGargan|Toxic|p2a: Cinderace
|-status|p2a: Cinderace|tox
|
|-damage|p2a: Cinderace|95/100 tox|[from] psn
|-heal|p1a: MacGargan|89/100 tox|[from] ability: Poison Heal
|upkeep
|turn|17
|c|☆themeestermoofin|holy tanky wth
|
|t:|1760388916
|move|p2a: Cinderace|U-turn|p1a: MacGargan
|-resisted|p1a: MacGargan
|-damage|p1a: MacGargan|83/100 tox
|
|t:|1760388927
|switch|p2a: Dragonite|Dragonite, M|100/100|[from] U-turn
|move|p1a: MacGargan|Earthquake|p2a: Dragonite
|-immune|p2a: Dragonite
|
|-heal|p1a: MacGargan|95/100 tox|[from] ability: Poison Heal
|upkeep
|turn|18
|c|☆LuckyTurtlz|hehehe beware the scorpion
|n|!LuckyTurtlz|luckyturtlz
|c|☆themeestermoofin|!dt gliscor
|c| themeestermoofin|/raw <div class="message"><ul class="utilichart"><li class="result"><span class="col numcol">OU</span> <span class="col iconcol"><psicon pokemon="gliscor"/></span> <span class="col pokemonnamecol" style="white-space:nowrap"><a href="https://dex.pokemonshowdown.com/pokemon/gliscor" target="_blank">Gliscor</a></span> <span class="col typecol"><img src="https://play.pokemonshowdown.com/sprites/types/Ground.png" alt="Ground" height="14" width="32"><img src="https://play.pokemonshowdown.com/sprites/types/Flying.png" alt="Flying" height="14" width="32"></span> <span style="float:left;min-height:26px"><span class="col twoabilitycol">Hyper Cutter<br />Sand Veil</span><span class="col abilitycol"><em>Poison Heal</em></span></span><span style="float:left;min-height:26px"><span class="col statcol"><em>HP</em><br />75</span> <span class="col statcol"><em>Atk</em><br />95</span> <span class="col statcol"><em>Def</em><br />125</span> <span class="col statcol"><em>SpA</em><br />45</span> <span class="col statcol"><em>SpD</em><br />75</span> <span class="col statcol"><em>Spe</em><br />95</span> <span class="col bstcol"><em>BST<br />510</em></span> </span></li><li style="clear:both"></li></ul></div>
|c| themeestermoofin|/raw <font size="1"><font color="#686868">Dex#:</font> 472&nbsp;|&ThickSpace;<font color="#686868">Gen:</font> 4&nbsp;|&ThickSpace;<font color="#686868">Height:</font> 2 m&nbsp;|&ThickSpace;<font color="#686868">Weight:</font> 42.5 kg <em>(60 BP)</em>&nbsp;|&ThickSpace;<font color="#686868">Dex Colour:</font> Purple&nbsp;|&ThickSpace;<font color="#686868">Egg Group(s):</font> Bug&nbsp;|&ThickSpace;<font color="#686868">Pre-Evolution:</font> Gligar&nbsp;|&ThickSpace;<font color="#686868">Does Not Evolve</font></font>

|c|☆themeestermoofin|only 75 SPD?
|c|☆themeestermoofin|>:)
|inactive|themeestermoofin has 120 seconds left.
|
|t:|1760388954
|move|p1a: MacGargan|Protect|p1a: MacGargan
|-singleturn|p1a: MacGargan|Protect
|move|p2a: Dragonite|Draco Meteor|p1a: MacGargan
|-activate|p1a: MacGargan|move: Protect
|
|-heal|p1a: MacGargan|100/100 tox|[from] ability: Poison Heal
|upkeep
|turn|19
|c|☆themeestermoofin|heheheh
|
|t:|1760388963
|move|p2a: Dragonite|Dragon Dance|p2a: Dragonite
|-boost|p2a: Dragonite|atk|1
|-boost|p2a: Dragonite|spe|1
|move|p1a: MacGargan|Toxic Spikes|p2a: Dragonite
|-sidestart|p2: themeestermoofin|move: Toxic Spikes
|
|-fieldend|move: Grassy Terrain
|upkeep
|turn|20
|c|☆themeestermoofin|now perish
|inactive|LuckyTurtlz has 120 seconds left.
|
|t:|1760388995
|move|p1a: MacGargan|Protect|p1a: MacGargan
|-singleturn|p1a: MacGargan|Protect
|move|p2a: Dragonite|Dragon Dance|p2a: Dragonite
|-boost|p2a: Dragonite|atk|1
|-boost|p2a: Dragonite|spe|1
|
|upkeep
|turn|21
|inactive|themeestermoofin has 120 seconds left.
|
|t:|1760389019
|switch|p1a: Excadrill|Excadrill, M|100/100
|-activate|p1a: Excadrill|move: Sticky Web
|-unboost|p1a: Excadrill|spe|1
|-ability|p1a: Excadrill|Mold Breaker
|move|p2a: Dragonite|Dragon Claw|p1a: Excadrill
|-resisted|p1a: Excadrill
|-damage|p1a: Excadrill|37/100
|
|-heal|p1a: Excadrill|43/100|[from] item: Leftovers
|upkeep
|turn|22
|inactive|LuckyTurtlz has 120 seconds left.
|inactive|LuckyTurtlz has 90 seconds left.
|
|t:|1760389056
|switch|p1a: MacGargan|Gliscor, M, shiny|100/100 tox
|move|p2a: Dragonite|Dragon Claw|p1a: MacGargan
|-damage|p1a: MacGargan|44/100 tox
|
|-heal|p1a: MacGargan|57/100 tox|[from] ability: Poison Heal
|upkeep
|turn|23
|inactive|themeestermoofin has 120 seconds left.
|
|t:|1760389074
|move|p1a: MacGargan|Protect|p1a: MacGargan
|-singleturn|p1a: MacGargan|Protect
|move|p2a: Dragonite|Dragon Claw|p1a: MacGargan
|-activate|p1a: MacGargan|move: Protect
|
|-heal|p1a: MacGargan|69/100 tox|[from] ability: Poison Heal
|upkeep
|turn|24
|
|t:|1760389083
|move|p2a: Dragonite|Draco Meteor|p1a: MacGargan
|-damage|p1a: MacGargan|16/100 tox
|-unboost|p2a: Dragonite|spa|2
|move|p1a: MacGargan|Toxic|p2a: Dragonite
|-status|p2a: Dragonite|tox
|
|-damage|p2a: Dragonite|94/100 tox|[from] psn
|-heal|p1a: MacGargan|29/100 tox|[from] ability: Poison Heal
|upkeep
|turn|25
|
|t:|1760389092
|move|p1a: MacGargan|Protect|p1a: MacGargan
|-singleturn|p1a: MacGargan|Protect
|move|p2a: Dragonite|Dragon Dance|p2a: Dragonite
|-boost|p2a: Dragonite|atk|1
|-boost|p2a: Dragonite|spe|1
|
|-damage|p2a: Dragonite|82/100 tox|[from] psn
|-heal|p1a: MacGargan|41/100 tox|[from] ability: Poison Heal
|upkeep
|turn|26
|
|t:|1760389103
|switch|p1a: Tarencule|Araquanid, M, shiny|100/100
|-activate|p1a: Tarencule|move: Sticky Web
|-unboost|p1a: Tarencule|spe|1
|move|p2a: Dragonite|Dragon Claw|p1a: Tarencule
|-damage|p1a: Tarencule|0 fnt
|faint|p1a: Tarencule
|
|-damage|p2a: Dragonite|63/100 tox|[from] psn
|upkeep
|
|t:|1760389112
|switch|p1a: MacGargan|Gliscor, M, shiny|41/100 tox
|turn|27
|
|t:|1760389119
|move|p1a: MacGargan|Protect|p1a: MacGargan
|-singleturn|p1a: MacGargan|Protect
|move|p2a: Dragonite|Dragon Claw|p1a: MacGargan
|-activate|p1a: MacGargan|move: Protect
|
|-damage|p2a: Dragonite|39/100 tox|[from] psn
|-heal|p1a: MacGargan|54/100 tox|[from] ability: Poison Heal
|upkeep
|turn|28
|inactive|LuckyTurtlz has 120 seconds left.
|
|t:|1760389154
|move|p1a: MacGargan|Protect||[still]
|-fail|p1a: MacGargan
|move|p2a: Dragonite|Dragon Claw|p1a: MacGargan
|-damage|p1a: MacGargan|0 fnt
|faint|p1a: MacGargan
|
|-damage|p2a: Dragonite|8/100 tox|[from] psn
|upkeep
|
|t:|1760389163
|switch|p1a: RILLLLLLLLLLLABOOM|Rillaboom, M, shiny|86/100
|-activate|p1a: RILLLLLLLLLLLABOOM|move: Sticky Web
|-unboost|p1a: RILLLLLLLLLLLABOOM|spe|1
|-fieldstart|move: Grassy Terrain|[from] ability: Grassy Surge|[of] p1a: RILLLLLLLLLLLABOOM
|turn|29
|c|☆themeestermoofin|bro is NOT slick with that grassy glide
|
|t:|1760389176
|move|p2a: Dragonite|Extreme Speed|p1a: RILLLLLLLLLLLABOOM
|-damage|p1a: RILLLLLLLLLLLABOOM|7/100
|move|p1a: RILLLLLLLLLLLABOOM|Grassy Glide|p2a: Dragonite
|-resisted|p2a: Dragonite
|-damage|p2a: Dragonite|0 fnt
|faint|p2a: Dragonite
|
|-heal|p1a: RILLLLLLLLLLLABOOM|13/100|[from] Grassy Terrain
|upkeep
|c|☆themeestermoofin|WHAT.
|
|t:|1760389195
|switch|p2a: Cinderace|Cinderace, M|95/100 tox
|turn|30
|
|t:|1760389200
|switch|p1a: Lamp|Chandelure, M, shiny|100/100
|-activate|p1a: Lamp|move: Sticky Web
|-unboost|p1a: Lamp|spe|1
|move|p2a: Cinderace|U-turn|p1a: Lamp
|-start|p2a: Cinderace|typechange|Bug|[from] ability: Libero
|-resisted|p1a: Lamp
|-damage|p1a: Lamp|87/100
|
|t:|1760389209
|switch|p2a: Pawmot|Pawmot, M|100/100|[from] U-turn
|-status|p2a: Pawmot|psn
|
|-heal|p1a: Lamp|94/100|[from] Grassy Terrain
|-damage|p2a: Pawmot|88/100 psn|[from] psn
|upkeep
|turn|31
|
|t:|1760389221
|switch|p1a: Excadrill|Excadrill, M|43/100
|-activate|p1a: Excadrill|move: Sticky Web
|-unboost|p1a: Excadrill|spe|1
|-ability|p1a: Excadrill|Mold Breaker
|move|p2a: Pawmot|Revival Blessing|p2a: Pawmot
|c|☆themeestermoofin|guess who?
|
|t:|1760389243
|-heal|p2: Milotic|50/100|[from] move: Revival Blessing
|
|-heal|p2a: Pawmot|94/100 psn|[from] Grassy Terrain
|-heal|p1a: Excadrill|49/100|[from] Grassy Terrain
|-heal|p1a: Excadrill|55/100|[from] item: Leftovers
|-damage|p2a: Pawmot|82/100 psn|[from] psn
|upkeep
|turn|32
|inactive|themeestermoofin has 120 seconds left.
|
|t:|1760389265
|move|p2a: Pawmot|Close Combat|p1a: Excadrill
|-supereffective|p1a: Excadrill
|-damage|p1a: Excadrill|0 fnt
|-unboost|p2a: Pawmot|def|1
|-unboost|p2a: Pawmot|spd|1
|faint|p1a: Excadrill
|-enditem|p2a: Pawmot|Eject Pack
|inactive|themeestermoofin has 90 seconds left.
|
|t:|1760389295
|switch|p2a: Cinderace|Cinderace, M|95/100 tox
|
|-heal|p2a: Cinderace|100/100 tox|[from] Grassy Terrain
|-damage|p2a: Cinderace|95/100 tox|[from] psn
|upkeep
|
|t:|1760389302
|switch|p1a: Lamp|Chandelure, M, shiny|94/100
|-activate|p1a: Lamp|move: Sticky Web
|-unboost|p1a: Lamp|spe|1
|turn|33
|
|t:|1760389309
|move|p2a: Cinderace|Pyro Ball|p1a: Lamp
|-resisted|p1a: Lamp
|-damage|p1a: Lamp|52/100
|move|p1a: Lamp|Shadow Ball|p2a: Cinderace
|-damage|p2a: Cinderace|34/100 tox
|
|-heal|p2a: Cinderace|40/100 tox|[from] Grassy Terrain
|-heal|p1a: Lamp|58/100|[from] Grassy Terrain
|-damage|p2a: Cinderace|28/100 tox|[from] psn
|upkeep
|turn|34
|
|t:|1760389318
|move|p2a: Cinderace|Pyro Ball|p1a: Lamp
|-resisted|p1a: Lamp
|-damage|p1a: Lamp|17/100
|move|p1a: Lamp|Shadow Ball|p2a: Cinderace
|-damage|p2a: Cinderace|0 fnt
|faint|p2a: Cinderace
|
|-heal|p1a: Lamp|23/100|[from] Grassy Terrain
|upkeep
|inactive|themeestermoofin has 90 seconds left.
|
|t:|1760389340
|switch|p2a: Haxorus|Haxorus, F|100/100
|-status|p2a: Haxorus|psn
|turn|35
|
|t:|1760389346
|move|p2a: Haxorus|Dragon Claw|p1a: Lamp
|-damage|p1a: Lamp|0 fnt
|faint|p1a: Lamp
|
|-damage|p2a: Haxorus|88/100 psn|[from] psn
|upkeep
|n|☆LuckyTurtlz|luckyturtlz
|c|☆LuckyTurtlz|im unmute again
|c|☆LuckyTurtlz|yaaay
|
|t:|1760389368
|switch|p1a: RILLLLLLLLLLLABOOM|Rillaboom, M, shiny|13/100
|-activate|p1a: RILLLLLLLLLLLABOOM|move: Sticky Web
|-unboost|p1a: RILLLLLLLLLLLABOOM|spe|1
|turn|36
|c|☆themeestermoofin|w
|
|t:|1760389372
|move|p1a: RILLLLLLLLLLLABOOM|Grassy Glide|p2a: Haxorus
|-resisted|p2a: Haxorus
|-damage|p2a: Haxorus|65/100 psn
|move|p2a: Haxorus|Dragon Claw|p1a: RILLLLLLLLLLLABOOM
|-damage|p1a: RILLLLLLLLLLLABOOM|0 fnt
|faint|p1a: RILLLLLLLLLLLABOOM
|
|-heal|p2a: Haxorus|71/100 psn|[from] Grassy Terrain
|-damage|p2a: Haxorus|59/100 psn|[from] psn
|-fieldend|move: Grassy Terrain
|upkeep
|c|☆themeestermoofin|W tank
|c|☆LuckyTurtlz|yeah that was the only thing i could do with him
|
|t:|1760389389
|switch|p1a: maman je vole|Dragonite, M|100/100
|turn|37
|c|☆themeestermoofin|lol
|
|t:|1760389397
|-terastallize|p1a: maman je vole|Normal
|move|p2a: Haxorus|Dragon Claw|p1a: maman je vole
|-damage|p1a: maman je vole|79/100
|move|p1a: maman je vole|Dragon Dance|p1a: maman je vole
|-boost|p1a: maman je vole|atk|1
|-boost|p1a: maman je vole|spe|1
|
|-damage|p2a: Haxorus|46/100 psn|[from] psn
|upkeep
|turn|38
|c|☆themeestermoofin|wait
|c|☆themeestermoofin|I'm cooked lol
|c|☆LuckyTurtlz|i think not
|
|t:|1760389408
|switch|p2a: Milotic|Milotic, F|50/100
|-status|p2a: Milotic|psn
|move|p1a: maman je vole|Dragon Claw|p2a: Milotic
|-damage|p2a: Milotic|8/100 psn
|
|-damage|p2a: Milotic|0 fnt|[from] psn
|faint|p2a: Milotic
|upkeep
|c|☆themeestermoofin|..
|c|☆themeestermoofin|oh no
|
|t:|1760389421
|switch|p2a: Pawmot|Pawmot, M|82/100 psn
|turn|39
|c|☆LuckyTurtlz|blissey and pawmot scare me
|
|t:|1760389430
|move|p1a: maman je vole|Dragon Claw|p2a: Pawmot
|-damage|p2a: Pawmot|0 fnt
|faint|p2a: Pawmot
|
|upkeep
|c|☆LuckyTurtlz|oh maybe
|c|☆themeestermoofin|ur a physical attacker
|c|☆themeestermoofin|blissey gets one shot
|c|☆themeestermoofin|and ur faster than haxo
|inactive|themeestermoofin has 120 seconds left.
|
|t:|1760389446
|switch|p2a: Haxorus|Haxorus, F|46/100 psn
|turn|40
|c|☆LuckyTurtlz|yeah i forgot abt that
|
|t:|1760389450
|move|p2a: Haxorus|Close Combat|p1a: maman je vole
|-supereffective|p1a: maman je vole
|-damage|p1a: maman je vole|0 fnt
|-unboost|p2a: Haxorus|def|1
|-unboost|p2a: Haxorus|spd|1
|faint|p1a: maman je vole
|
|win|themeestermoofin
