|j|☆Kward17kw
|j|☆Zoemon3
|t:|1760328201
|gametype|singles
|player|p1|Kward17kw|266|1130
|player|p2|Zoemon3|170|1122
|gen|9
|tier|[Gen 9] OU
|rated|
|rule|HP Percentage Mod: HP is shown in percentages
|rule|Endless Battle Clause: Forcing endless battles is banned
|rule|Species Clause: Limit one of each Pokémon
|rule|OHKO Clause: OHKO moves are banned
|rule|Evasion Items Clause: Evasion items are banned
|rule|Evasion Moves Clause: Evasion moves are banned
|rule|Evasion Abilities Clause: Evasion abilities are banned
|rule|Sleep Moves Clause: Sleep-inducing moves are banned
|clearpoke
|poke|p1|Goodra-Hisui, M|
|poke|p1|Zapdos|
|poke|p1|Avalugg-Hisui, F|
|poke|p1|Glimmora, M|
|poke|p1|Yanmega, M|
|poke|p1|Greninja-*, M|
|poke|p2|Salamence, F|
|poke|p2|Swampert, F|
|poke|p2|Poliwrath, F|
|poke|p2|Porygon-Z|
|poke|p2|Gengar, F|
|poke|p2|Arcanine, M|
|teampreview
|inactive|Battle timer is ON: inactive players will automatically lose when time's up. (requested by Kward17kw)
|
|t:|1760328207
|teamsize|p1|6
|teamsize|p2|6
|start
|switch|p1a: Avalugg|Avalugg-Hisui, F|100/100
|switch|p2a: Porygon-Z|Porygon-Z|100/100
|-ability|p2a: Porygon-Z|Download|boost
|-boost|p2a: Porygon-Z|spa|1
|turn|1
|
|t:|1760328218
|move|p2a: Porygon-Z|Ice Beam|p1a: Avalugg
|-resisted|p1a: Avalugg
|-damage|p1a: Avalugg|57/100
|move|p1a: Avalugg|Stealth Rock|p2a: Porygon-Z
|-sidestart|p2: Zoemon3|move: Stealth Rock
|
|upkeep
|turn|2
|
|t:|1760328227
|move|p2a: Porygon-Z|Psychic|p1a: Avalugg
|-damage|p1a: Avalugg|0 fnt
|faint|p1a: Avalugg
|
|upkeep
|
|t:|1760328237
|switch|p1a: Goodra|Goodra-Hisui, M|100/100
|turn|3
|
|t:|1760328243
|switch|p2a: Swampert|Swampert, F|100/100
|-damage|p2a: Swampert|94/100|[from] Stealth Rock
|move|p1a: Goodra|Dragon Tail|p2a: Swampert
|-damage|p2a: Swampert|75/100
|drag|p2a: Poliwrath|Poliwrath, F|100/100
|-damage|p2a: Poliwrath|94/100|[from] Stealth Rock
|
|upkeep
|turn|4
|
|t:|1760328255
|move|p2a: Poliwrath|Drain Punch|p1a: Goodra
|-supereffective|p1a: Goodra
|-crit|p1a: Goodra
|-damage|p1a: Goodra|0 fnt
|-heal|p2a: Poliwrath|100/100|[from] drain|[of] p1a: Goodra
|faint|p1a: Goodra
|-damage|p2a: Poliwrath|91/100|[from] item: Life Orb
|
|upkeep
|
|t:|1760328264
|switch|p1a: Glimmora|Glimmora, M|100/100
|-item|p1a: Glimmora|Air Balloon
|turn|5
|
|t:|1760328270
|move|p1a: Glimmora|Mortal Spin|p2a: Poliwrath
|-damage|p2a: Poliwrath|84/100
|-status|p2a: Poliwrath|psn
|move|p2a: Poliwrath|Waterfall|p1a: Glimmora
|-supereffective|p1a: Glimmora
|-damage|p1a: Glimmora|27/100
|-activate|p1a: Glimmora|ability: Toxic Debris
|-sidestart|p2: Zoemon3|move: Toxic Spikes
|-enditem|p1a: Glimmora|Air Balloon
|-damage|p2a: Poliwrath|74/100 psn|[from] item: Life Orb
|
|-damage|p2a: Poliwrath|62/100 psn|[from] psn
|upkeep
|turn|6
|
|t:|1760328285
|move|p1a: Glimmora|Spiky Shield|p1a: Glimmora
|-singleturn|p1a: Glimmora|move: Protect
|move|p2a: Poliwrath|Waterfall|p1a: Glimmora
|-activate|p1a: Glimmora|move: Protect
|-damage|p2a: Poliwrath|50/100 psn|[from] Spiky Shield|[of] p1a: Glimmora
|
|-damage|p2a: Poliwrath|37/100 psn|[from] psn
|upkeep
|turn|7
|
|t:|1760328295
|switch|p1a: Zapdos|Zapdos|100/100
|move|p2a: Poliwrath|Waterfall|p1a: Zapdos
|-crit|p1a: Zapdos
|-damage|p1a: Zapdos|39/100
|-damage|p2a: Poliwrath|21/100 psn|[from] item: Rocky Helmet|[of] p1a: Zapdos
|-damage|p2a: Poliwrath|11/100 psn|[from] item: Life Orb
|
|-damage|p2a: Poliwrath|0 fnt|[from] psn
|faint|p2a: Poliwrath
|upkeep
|
|t:|1760328315
|switch|p2a: Salamence|Salamence, F|100/100
|-damage|p2a: Salamence|75/100|[from] Stealth Rock
|-ability|p2a: Salamence|Intimidate|boost
|-unboost|p1a: Zapdos|atk|1
|turn|8
|
|t:|1760328324
|-terastallize|p2a: Salamence|Steel
|move|p2a: Salamence|Dragon Dance|p2a: Salamence
|-boost|p2a: Salamence|atk|1
|-boost|p2a: Salamence|spe|1
|move|p1a: Zapdos|Roost|p1a: Zapdos
|-heal|p1a: Zapdos|90/100
|-singleturn|p1a: Zapdos|move: Roost
|
|upkeep
|turn|9
|
|t:|1760328336
|move|p2a: Salamence|Iron Head|p1a: Zapdos
|-resisted|p1a: Zapdos
|-damage|p1a: Zapdos|58/100
|-damage|p2a: Salamence|59/100|[from] item: Rocky Helmet|[of] p1a: Zapdos
|cant|p1a: Zapdos|flinch
|
|upkeep
|turn|10
|
|t:|1760328344
|move|p2a: Salamence|Dragon Claw|p1a: Zapdos
|-damage|p1a: Zapdos|0 fnt
|-damage|p2a: Salamence|42/100|[from] item: Rocky Helmet|[of] p1a: Zapdos
|-status|p2a: Salamence|par|[from] ability: Static|[of] p1a: Zapdos
|-enditem|p2a: Salamence|Sitrus Berry|[eat]
|-heal|p2a: Salamence|67/100 par|[from] item: Sitrus Berry
|faint|p1a: Zapdos
|
|upkeep
|
|t:|1760328360
|switch|p1a: Greninja|Greninja, M|100/100
|turn|11
|
|t:|1760328366
|move|p1a: Greninja|Surf|p2a: Salamence
|-damage|p2a: Salamence|24/100 par
|move|p2a: Salamence|Dragon Claw|p1a: Greninja
|-damage|p1a: Greninja|0 fnt
|faint|p1a: Greninja
|
|upkeep
|-message|Kward17kw forfeited.
|
|win|Zoemon3
|raw|Kward17kw's rating: 1130 &rarr; <strong>1104</strong><br />(-26 for losing)
|raw|Zoemon3's rating: 1122 &rarr; <strong>1148</strong><br />(+26 for winning)
|l|☆Kward17kw
|player|p1|
|l|☆Zoemon3
|player|p2|
|j|☆Zoemon3
|player|p2|Zoemon3|170|
|l|☆Zoemon3
|player|p2|
