|j|☆Phantom31415
|j|☆Pouring-O
|t:|1760310292
|gametype|singles
|player|p1|Phantom31415|blue|
|player|p2|Pouring-O|richboy-gen4|
|gen|9
|tier|[Gen 9] OU
|rule|HP Percentage Mod: HP is shown in percentages
|rule|Endless Battle Clause: Forcing endless battles is banned
|rule|Species Clause: Limit one of each Pokémon
|rule|OHKO Clause: OHKO moves are banned
|rule|Evasion Items Clause: Evasion items are banned
|rule|Evasion Moves Clause: Evasion moves are banned
|rule|Evasion Abilities Clause: Evasion abilities are banned
|rule|Sleep Moves Clause: Sleep-inducing moves are banned
|clearpoke
|poke|p1|Azumarill, M|
|poke|p1|Landorus-Therian, M|
|poke|p1|Heatran, M|
|poke|p1|Arboliva, F|
|poke|p1|Zamazenta-*|
|poke|p1|Iron Valiant|
|poke|p2|Clodsire, F|
|poke|p2|Glimmora, F|
|poke|p2|Toxapex, M|
|poke|p2|Iron Moth|
|poke|p2|Skuntank, M|
|poke|p2|Gengar, M|
|teampreview
|
|t:|1760310314
|teamsize|p1|6
|teamsize|p2|6
|start
|switch|p1a: Pantherian|Landorus-Therian, M, shiny|100/100
|switch|p2a: Glimmora|Glimmora, F|100/100
|-ability|p1a: Pantherian|Intimidate|boost
|-unboost|p2a: Glimmora|atk|1
|turn|1
|
|t:|1760310330
|move|p2a: Glimmora|Toxic Spikes|p1a: Pantherian
|-sidestart|p1: Phantom31415|move: Toxic Spikes
|move|p1a: Pantherian|Earthquake|p2a: Glimmora
|-supereffective|p2a: Glimmora
|-enditem|p2a: Glimmora|Focus Sash
|-damage|p2a: Glimmora|1/100
|-activate|p2a: Glimmora|ability: Toxic Debris
|-sidestart|p1: Phantom31415|move: Toxic Spikes
|
|upkeep
|turn|2
|
|t:|1760310342
|move|p2a: Glimmora|Power Gem|p1a: Pantherian
|-damage|p1a: Pantherian|73/100
|move|p1a: Pantherian|Crunch|p2a: Glimmora
|-damage|p2a: Glimmora|0 fnt
|faint|p2a: Glimmora
|
|upkeep
|
|t:|1760310359
|switch|p2a: Gengar|Gengar, M|100/100
|turn|3
|
|t:|1760310372
|switch|p1a: Zadra|Zamazenta|100/100
|-status|p1a: Zadra|tox
|-ability|p1a: Zadra|Dauntless Shield|boost
|-boost|p1a: Zadra|def|1
|move|p2a: Gengar|Shadow Ball|p1a: Zadra
|-damage|p1a: Zadra|69/100 tox
|-unboost|p1a: Zadra|spd|1
|
|-heal|p1a: Zadra|75/100 tox|[from] item: Leftovers
|-damage|p1a: Zadra|69/100 tox|[from] psn
|upkeep
|turn|4
|
|t:|1760310384
|move|p2a: Gengar|Shadow Ball|p1a: Zadra
|-damage|p1a: Zadra|21/100 tox
|-unboost|p1a: Zadra|spd|1
|move|p1a: Zadra|Psychic Fangs|p2a: Gengar
|-supereffective|p2a: Gengar
|-damage|p2a: Gengar|2/100
|-start|p1a: Zadra|Disable|Psychic Fangs|[from] ability: Cursed Body|[of] p2a: Gengar
|
|-heal|p1a: Zadra|27/100 tox|[from] item: Leftovers
|-damage|p1a: Zadra|15/100 tox|[from] psn
|upkeep
|turn|5
|
|t:|1760310395
|move|p2a: Gengar|Shadow Ball|p1a: Zadra
|-damage|p1a: Zadra|0 fnt
|faint|p1a: Zadra
|
|upkeep
|
|t:|1760310403
|switch|p1a: Twisted Timbers|Arboliva, F|100/100
|-status|p1a: Twisted Timbers|tox
|turn|6
|
|t:|1760310410
|move|p1a: Twisted Timbers|Protect|p1a: Twisted Timbers
|-singleturn|p1a: Twisted Timbers|Protect
|move|p2a: Gengar|Shadow Ball|p1a: Twisted Timbers
|-activate|p1a: Twisted Timbers|move: Protect
|
|-damage|p1a: Twisted Timbers|94/100 tox|[from] psn
|upkeep
|turn|7
|
|t:|1760310417
|move|p2a: Gengar|Shadow Ball|p1a: Twisted Timbers
|-immune|p1a: Twisted Timbers
|move|p1a: Twisted Timbers|Substitute|p1a: Twisted Timbers
|-start|p1a: Twisted Timbers|Substitute
|-damage|p1a: Twisted Timbers|69/100 tox
|
|-damage|p1a: Twisted Timbers|57/100 tox|[from] psn
|upkeep
|turn|8
|
|t:|1760310427
|switch|p2a: Clodsire|Clodsire, F|100/100
|move|p1a: Twisted Timbers|Giga Drain|p2a: Clodsire
|-crit|p2a: Clodsire
|-damage|p2a: Clodsire|76/100
|-heal|p1a: Twisted Timbers|73/100 tox|[from] drain|[of] p2a: Clodsire
|
|-heal|p2a: Clodsire|82/100|[from] item: Leftovers
|-damage|p1a: Twisted Timbers|55/100 tox|[from] psn
|upkeep
|turn|9
|
|t:|1760310436
|move|p1a: Twisted Timbers|Leech Seed|p2a: Clodsire
|-start|p2a: Clodsire|move: Leech Seed
|move|p2a: Clodsire|Stealth Rock|p1a: Twisted Timbers
|-sidestart|p1: Phantom31415|move: Stealth Rock
|
|-heal|p2a: Clodsire|88/100|[from] item: Leftovers
|-damage|p2a: Clodsire|76/100|[from] Leech Seed|[of] p1a: Twisted Timbers
|-heal|p1a: Twisted Timbers|70/100 tox|[silent]
|-damage|p1a: Twisted Timbers|46/100 tox|[from] psn
|upkeep
|-enditem|p1a: Twisted Timbers|Sitrus Berry|[eat]
|-heal|p1a: Twisted Timbers|71/100 tox|[from] item: Sitrus Berry
|turn|10
|
|t:|1760310447
|switch|p2a: Iron Moth|Iron Moth|100/100
|-enditem|p2a: Iron Moth|Booster Energy
|-activate|p2a: Iron Moth|ability: Quark Drive|[fromitem]
|-start|p2a: Iron Moth|quarkdrivespe
|move|p1a: Twisted Timbers|Giga Drain|p2a: Iron Moth
|-resisted|p2a: Iron Moth
|-damage|p2a: Iron Moth|93/100
|-heal|p1a: Twisted Timbers|74/100 tox|[from] drain|[of] p2a: Iron Moth
|
|-damage|p1a: Twisted Timbers|44/100 tox|[from] psn
|upkeep
|turn|11
|
|t:|1760310458
|move|p2a: Iron Moth|Fiery Dance|p1a: Twisted Timbers
|-supereffective|p1a: Twisted Timbers
|-end|p1a: Twisted Timbers|Substitute
|move|p1a: Twisted Timbers|Leech Seed|p2a: Iron Moth
|-start|p2a: Iron Moth|move: Leech Seed
|
|-damage|p2a: Iron Moth|80/100|[from] Leech Seed|[of] p1a: Twisted Timbers
|-heal|p1a: Twisted Timbers|54/100 tox|[silent]
|-damage|p1a: Twisted Timbers|17/100 tox|[from] psn
|-item|p1a: Twisted Timbers|Sitrus Berry|[from] ability: Harvest
|upkeep
|-enditem|p1a: Twisted Timbers|Sitrus Berry|[eat]
|-heal|p1a: Twisted Timbers|42/100 tox|[from] item: Sitrus Berry
|turn|12
|
|t:|1760310470
|move|p1a: Twisted Timbers|Protect|p1a: Twisted Timbers
|-singleturn|p1a: Twisted Timbers|Protect
|move|p2a: Iron Moth|Fiery Dance|p1a: Twisted Timbers
|-activate|p1a: Twisted Timbers|move: Protect
|
|-damage|p2a: Iron Moth|68/100|[from] Leech Seed|[of] p1a: Twisted Timbers
|-heal|p1a: Twisted Timbers|53/100 tox|[silent]
|-damage|p1a: Twisted Timbers|10/100 tox|[from] psn
|-item|p1a: Twisted Timbers|Sitrus Berry|[from] ability: Harvest
|upkeep
|-enditem|p1a: Twisted Timbers|Sitrus Berry|[eat]
|-heal|p1a: Twisted Timbers|35/100 tox|[from] item: Sitrus Berry
|turn|13
|
|t:|1760310484
|move|p2a: Iron Moth|Fiery Dance|p1a: Twisted Timbers
|-supereffective|p1a: Twisted Timbers
|-damage|p1a: Twisted Timbers|0 fnt
|faint|p1a: Twisted Timbers
|
|upkeep
|
|t:|1760310492
|switch|p1a: Maverick|Azumarill, M, shiny|100/100
|-status|p1a: Maverick|tox
|-damage|p1a: Maverick|88/100 tox|[from] Stealth Rock
|turn|14
|
|t:|1760310499
|move|p1a: Maverick|Aqua Jet|p2a: Iron Moth
|-supereffective|p2a: Iron Moth
|-damage|p2a: Iron Moth|0 fnt
|faint|p2a: Iron Moth
|-end|p2a: Iron Moth|Quark Drive|[silent]
|
|-damage|p1a: Maverick|82/100 tox|[from] psn
|upkeep
|
|t:|1760310504
|switch|p2a: Toxapex|Toxapex, M|100/100
|turn|15
|
|t:|1760310513
|switch|p1a: Pantherian|Landorus-Therian, M, shiny|73/100
|-damage|p1a: Pantherian|60/100|[from] Stealth Rock
|-ability|p1a: Pantherian|Intimidate|boost
|-unboost|p2a: Toxapex|atk|1
|move|p2a: Toxapex|Liquidation|p1a: Pantherian
|-supereffective|p1a: Pantherian
|-damage|p1a: Pantherian|33/100
|
|upkeep
|turn|16
|
|t:|1760310522
|move|p1a: Pantherian|Earthquake|p2a: Toxapex
|-supereffective|p2a: Toxapex
|-damage|p2a: Toxapex|13/100
|move|p2a: Toxapex|Toxic|p1a: Pantherian
|-status|p1a: Pantherian|tox
|
|-heal|p2a: Toxapex|19/100|[from] item: Leftovers
|-damage|p1a: Pantherian|27/100 tox|[from] psn
|upkeep
|turn|17
|
|t:|1760310546
|switch|p2a: Clodsire|Clodsire, F|76/100
|move|p1a: Pantherian|Earthquake|p2a: Clodsire
|-supereffective|p2a: Clodsire
|-damage|p2a: Clodsire|0 fnt
|faint|p2a: Clodsire
|
|-damage|p1a: Pantherian|15/100 tox|[from] psn
|upkeep
|
|t:|1760310556
|switch|p2a: Gengar|Gengar, M|2/100
|turn|18
|
|t:|1760310561
|move|p2a: Gengar|Shadow Ball|p1a: Pantherian
|-damage|p1a: Pantherian|0 fnt
|faint|p1a: Pantherian
|
|upkeep
|
|t:|1760310571
|switch|p1a: Steel Vengeance|Iron Valiant, shiny|100/100
|-status|p1a: Steel Vengeance|tox
|-damage|p1a: Steel Vengeance|94/100 tox|[from] Stealth Rock
|-enditem|p1a: Steel Vengeance|Booster Energy
|-activate|p1a: Steel Vengeance|ability: Quark Drive|[fromitem]
|-start|p1a: Steel Vengeance|quarkdrivespe
|turn|19
|
|t:|1760310580
|move|p1a: Steel Vengeance|Moonblast|p2a: Gengar
|-resisted|p2a: Gengar
|-damage|p2a: Gengar|0 fnt
|faint|p2a: Gengar
|
|-damage|p1a: Steel Vengeance|88/100 tox|[from] psn
|upkeep
|
|t:|1760310586
|switch|p2a: Toxapex|Toxapex, M|53/100
|turn|20
|
|t:|1760310590
|switch|p2a: Skuntank|Skuntank, M|100/100
|move|p1a: Steel Vengeance|Thunderbolt|p2a: Skuntank
|-damage|p2a: Skuntank|69/100
|
|-damage|p1a: Steel Vengeance|76/100 tox|[from] psn
|upkeep
|turn|21
|
|t:|1760310603
|move|p2a: Skuntank|Sucker Punch|p1a: Steel Vengeance
|-resisted|p1a: Steel Vengeance
|-damage|p1a: Steel Vengeance|66/100 tox
|move|p1a: Steel Vengeance|Moonblast|p2a: Skuntank
|-damage|p2a: Skuntank|23/100
|
|-damage|p1a: Steel Vengeance|47/100 tox|[from] psn
|upkeep
|turn|22
|
|t:|1760310615
|move|p1a: Steel Vengeance|Thunderbolt|p2a: Skuntank
|-damage|p2a: Skuntank|0 fnt
|faint|p2a: Skuntank
|
|-damage|p1a: Steel Vengeance|22/100 tox|[from] psn
|upkeep
|
|t:|1760310620
|switch|p2a: Toxapex|Toxapex, M|86/100
|turn|23
|
|t:|1760310623
|-terastallize|p1a: Steel Vengeance|Psychic
|move|p1a: Steel Vengeance|Psyshock|p2a: Toxapex
|-supereffective|p2a: Toxapex
|-damage|p2a: Toxapex|38/100
|move|p2a: Toxapex|Recover|p2a: Toxapex
|-heal|p2a: Toxapex|88/100
|
|-heal|p2a: Toxapex|94/100|[from] item: Leftovers
|-damage|p1a: Steel Vengeance|0 fnt|[from] psn
|faint|p1a: Steel Vengeance
|-end|p1a: Steel Vengeance|Quark Drive|[silent]
|upkeep
|
|t:|1760310634
|switch|p1a: Fire Runner|Heatran, M|100/100
|-damage|p1a: Fire Runner|88/100|[from] Stealth Rock
|-item|p1a: Fire Runner|Air Balloon
|turn|24
|
|t:|1760310641
|move|p1a: Fire Runner|Earth Power|p2a: Toxapex
|-supereffective|p2a: Toxapex
|-crit|p2a: Toxapex
|-damage|p2a: Toxapex|12/100
|move|p2a: Toxapex|Liquidation|p1a: Fire Runner
|-supereffective|p1a: Fire Runner
|-damage|p1a: Fire Runner|56/100
|-enditem|p1a: Fire Runner|Air Balloon
|
|-heal|p2a: Toxapex|18/100|[from] item: Leftovers
|upkeep
|turn|25
|
|t:|1760310651
|move|p1a: Fire Runner|Earth Power|p2a: Toxapex
|-supereffective|p2a: Toxapex
|-crit|p2a: Toxapex
|-damage|p2a: Toxapex|0 fnt
|faint|p2a: Toxapex
|
|win|Phantom31415
|c|☆Pouring-O|gg
