|j|☆Dew123
|j|☆bjojbobojnpm
|t:|1760368539
|gametype|singles
|player|p1|Dew123|biker-gen4|1260
|player|p2|bjojbobojnpm|101|1321
|gen|9
|tier|[Gen 9] OU
|rated|
|rule|HP Percentage Mod: HP is shown in percentages
|rule|Endless Battle Clause: Forcing endless battles is banned
|rule|Species Clause: Limit one of each Pokémon
|rule|OHKO Clause: OHKO moves are banned
|rule|Evasion Items Clause: Evasion items are banned
|rule|Evasion Moves Clause: Evasion moves are banned
|rule|Evasion Abilities Clause: Evasion abilities are banned
|rule|Sleep Moves Clause: Sleep-inducing moves are banned
|clearpoke
|poke|p1|Emboar, F|
|poke|p1|Greninja-*, M|
|poke|p1|Skarmory, M|
|poke|p1|Froslass, F|
|poke|p1|Eelektross, M|
|poke|p1|Dragalge, F|
|poke|p2|Landorus-Therian, M|
|poke|p2|Samurott-Hisui, M|
|poke|p2|Pecharunt|
|poke|p2|Scizor, M|
|poke|p2|Latios, M|
|poke|p2|Zamazenta-*|
|teampreview
|inactive|Battle timer is ON: inactive players will automatically lose when time's up. (requested by bjojbobojnpm)
|inactive|Dew123 also wants the timer to be on.
|c|☆bjojbobojnpm|tf is this
|c|☆Dew123|À team for legend za they all have a mega
|inactive|bjojbobojnpm has 120 seconds left.
|
|t:|1760368573
|teamsize|p1|6
|teamsize|p2|6
|start
|switch|p1a: Emboar|Emboar, F|100/100
|switch|p2a: Samurott|Samurott-Hisui, M|100/100
|turn|1
|
|t:|1760368585
|switch|p1a: Eelektross|Eelektross, M|100/100
|move|p2a: Samurott|Razor Shell|p1a: Eelektross
|-damage|p1a: Eelektross|23/100
|
|-heal|p1a: Eelektross|29/100|[from] item: Leftovers
|upkeep
|turn|2
|
|t:|1760368593
|move|p2a: Samurott|Ceaseless Edge|p1a: Eelektross
|-damage|p1a: Eelektross|0 fnt
|-sidestart|p1: Dew123|Spikes
|faint|p1a: Eelektross
|
|upkeep
|
|t:|1760368597
|switch|p1a: Dragalge|Dragalge, F|100/100
|-damage|p1a: Dragalge|88/100|[from] Spikes
|turn|3
|
|t:|1760368607
|move|p2a: Samurott|Knock Off|p1a: Dragalge
|-damage|p1a: Dragalge|38/100
|-enditem|p1a: Dragalge|Black Sludge|[from] move: Knock Off|[of] p2a: Samurott
|move|p1a: Dragalge|Acid Armor|p1a: Dragalge
|-boost|p1a: Dragalge|def|2
|
|upkeep
|turn|4
|
|t:|1760368620
|move|p2a: Samurott|Ceaseless Edge|p1a: Dragalge
|-damage|p1a: Dragalge|10/100
|-status|p2a: Samurott|psn|[from] ability: Poison Point|[of] p1a: Dragalge
|-sidestart|p1: Dew123|Spikes
|move|p1a: Dragalge|Toxic||[still]
|-fail|p1a: Dragalge
|
|-damage|p2a: Samurott|88/100 psn|[from] psn
|upkeep
|turn|5
|
|t:|1760368627
|move|p1a: Dragalge|Protect|p1a: Dragalge
|-singleturn|p1a: Dragalge|Protect
|move|p2a: Samurott|Ceaseless Edge|p1a: Dragalge
|-activate|p1a: Dragalge|move: Protect
|
|-damage|p2a: Samurott|76/100 psn|[from] psn
|upkeep
|turn|6
|
|t:|1760368635
|move|p2a: Samurott|Ceaseless Edge|p1a: Dragalge
|-damage|p1a: Dragalge|0 fnt
|-sidestart|p1: Dew123|Spikes
|faint|p1a: Dragalge
|
|-damage|p2a: Samurott|63/100 psn|[from] psn
|upkeep
|
|t:|1760368638
|switch|p1a: Emboar|Emboar, F|100/100
|-damage|p1a: Emboar|76/100|[from] Spikes
|turn|7
|
|t:|1760368645
|move|p2a: Samurott|Razor Shell|p1a: Emboar
|-supereffective|p1a: Emboar
|-damage|p1a: Emboar|0 fnt
|faint|p1a: Emboar
|
|-damage|p2a: Samurott|51/100 psn|[from] psn
|upkeep
|
|t:|1760368647
|switch|p1a: Skarmory|Skarmory, M|100/100
|turn|8
|
|t:|1760368650
|move|p2a: Samurott|Knock Off|p1a: Skarmory
|-damage|p1a: Skarmory|57/100
|-enditem|p1a: Skarmory|Leftovers|[from] move: Knock Off|[of] p2a: Samurott
|move|p1a: Skarmory|Swords Dance|p1a: Skarmory
|-boost|p1a: Skarmory|atk|2
|
|-damage|p2a: Samurott|39/100 psn|[from] psn
|upkeep
|turn|9
|
|t:|1760368657
|move|p2a: Samurott|Razor Shell|p1a: Skarmory
|-damage|p1a: Skarmory|8/100
|move|p1a: Skarmory|Agility|p1a: Skarmory
|-boost|p1a: Skarmory|spe|2
|
|-damage|p2a: Samurott|26/100 psn|[from] psn
|upkeep
|turn|10
|
|t:|1760368662
|move|p2a: Samurott|Aqua Jet|p1a: Skarmory
|-damage|p1a: Skarmory|0 fnt
|faint|p1a: Skarmory
|
|-damage|p2a: Samurott|14/100 psn|[from] psn
|upkeep
|
|t:|1760368665
|switch|p1a: Greninja|Greninja, M|100/100
|turn|11
|inactive|bjojbobojnpm has 120 seconds left.
|
|t:|1760368715
|switch|p2a: Zamazenta|Zamazenta|100/100
|-ability|p2a: Zamazenta|Dauntless Shield|boost
|-boost|p2a: Zamazenta|def|1
|move|p1a: Greninja|Water Shuriken|p2a: Zamazenta
|-damage|p2a: Zamazenta|94/100
|-damage|p2a: Zamazenta|89/100
|-hitcount|p2a: Zamazenta|2
|
|-heal|p2a: Zamazenta|95/100|[from] item: Leftovers
|upkeep
|turn|12
|
|t:|1760368727
|move|p2a: Zamazenta|Body Press|p1a: Greninja
|-supereffective|p1a: Greninja
|-damage|p1a: Greninja|0 fnt
|faint|p1a: Greninja
|
|-heal|p2a: Zamazenta|100/100|[from] item: Leftovers
|upkeep
|
|t:|1760368729
|switch|p1a: Froslass|Froslass, F|100/100
|-damage|p1a: Froslass|76/100|[from] Spikes
|turn|13
|
|t:|1760368733
|move|p2a: Zamazenta|Crunch|p1a: Froslass
|-supereffective|p1a: Froslass
|-damage|p1a: Froslass|0 fnt
|faint|p1a: Froslass
|
|win|bjojbobojnpm
|raw|Dew123's rating: 1260 &rarr; <strong>1239</strong><br />(-21 for losing)
|raw|bjojbobojnpm's rating: 1321 &rarr; <strong>1338</strong><br />(+17 for winning)
|l|☆Dew123
|player|p1|
|l|☆bjojbobojnpm
|player|p2|
