|badge|p1|bronze|gen9randombattle|100-7
|uhtml|medal-msg|<div class="broadcast-blue">Curious what those medals under the avatar are? PS now has Ladder Seasons! For more information, check out the <a href="https://www.smogon.com/forums/threads/3740067/">thread on Smogon.</a></div>
|j|☆SpongeGar & Patar
|j|☆Forever1507
|t:|1760348708
|gametype|singles
|player|p1|SpongeGar & Patar|266|1810
|player|p2|Forever1507|youngster-gen4dp|1772
|gen|9
|tier|[Gen 9] OU
|rated|
|rule|HP Percentage Mod: HP is shown in percentages
|rule|Endless Battle Clause: Forcing endless battles is banned
|rule|Species Clause: Limit one of each Pokémon
|rule|OHKO Clause: OHKO moves are banned
|rule|Evasion Items Clause: Evasion items are banned
|rule|Evasion Moves Clause: Evasion moves are banned
|rule|Evasion Abilities Clause: Evasion abilities are banned
|rule|Sleep Moves Clause: Sleep-inducing moves are banned
|clearpoke
|poke|p1|Kyurem|
|poke|p1|Corviknight, M|
|poke|p1|Ting-Lu|
|poke|p1|Dondozo, F|
|poke|p1|Slowking-Galar, L99, M|
|poke|p1|Cinderace, F|
|poke|p2|Dragapult, M|
|poke|p2|Incineroar, M|
|poke|p2|Zapdos|
|poke|p2|Great Tusk|
|poke|p2|Slowking-Galar, F|
|poke|p2|Iron Valiant|
|teampreview
|inactive|Battle timer is ON: inactive players will automatically lose when time's up. (requested by Forever1507)
|
|t:|1760348759
|teamsize|p1|6
|teamsize|p2|6
|start
|switch|p1a: Kyurem|Kyurem|100/100
|switch|p2a: Dragapult|Dragapult, M|100/100
|-ability|p1a: Kyurem|Pressure
|turn|1
|inactive|SpongeGar & Patar also wants the timer to be on.
|inactive|SpongeGar & Patar has 120 seconds left.
|
|t:|1760348807
|-terastallize|p2a: Dragapult|Dragon
|-terastallize|p1a: Kyurem|Ground
|move|p2a: Dragapult|Dragon Darts|p1a: Kyurem
|-damage|p1a: Kyurem|51/100
|-anim|p2a: Dragapult|Dragon Darts|p1a: Kyurem
|-damage|p1a: Kyurem|5/100
|move|p1a: Kyurem|Freeze-Dry|p2a: Dragapult
|-supereffective|p2a: Dragapult
|-damage|p2a: Dragapult|12/100
|
|-heal|p1a: Kyurem|12/100|[from] item: Leftovers
|upkeep
|turn|2
|inactive|SpongeGar & Patar has 90 seconds left.
|j| NilsBoy
|inactive|Forever1507 has 120 seconds left.
|
|t:|1760348857
|switch|p1a: Corviknight|Corviknight, M|100/100
|-ability|p1a: Corviknight|Pressure
|move|p2a: Dragapult|Dragon Darts|p1a: Corviknight
|-resisted|p1a: Corviknight
|-damage|p1a: Corviknight|86/100
|-anim|p2a: Dragapult|Dragon Darts|p1a: Corviknight
|-resisted|p1a: Corviknight
|-crit|p1a: Corviknight
|-damage|p1a: Corviknight|66/100
|
|upkeep
|turn|3
|inactive|SpongeGar & Patar has 60 seconds left.
|
|t:|1760348906
|switch|p2a: Incineroar|Incineroar, M|100/100
|-ability|p2a: Incineroar|Intimidate|boost
|-unboost|p1a: Corviknight|atk|1
|move|p1a: Corviknight|Roost|p1a: Corviknight
|-heal|p1a: Corviknight|100/100
|-singleturn|p1a: Corviknight|move: Roost
|
|upkeep
|turn|4
|inactive|Forever1507 has 120 seconds left.
|
|t:|1760348916
|move|p1a: Corviknight|U-turn|p2a: Incineroar
|-damage|p2a: Incineroar|93/100
|
|t:|1760348927
|switch|p1a: Dondozo|Dondozo, F|100/100|[from] U-turn
|move|p2a: Incineroar|Will-O-Wisp|p1a: Dondozo
|-status|p1a: Dondozo|brn
|
|-damage|p1a: Dondozo|94/100 brn|[from] brn
|upkeep
|turn|5
|
|t:|1760348936
|move|p2a: Incineroar|Knock Off|p1a: Dondozo
|-damage|p1a: Dondozo|77/100 brn
|-enditem|p1a: Dondozo|Leftovers|[from] move: Knock Off|[of] p2a: Incineroar
|move|p1a: Dondozo|Rest|p1a: Dondozo
|-status|p1a: Dondozo|slp|[from] move: Rest
|-heal|p1a: Dondozo|100/100 slp|[silent]
|
|upkeep
|turn|6
|
|t:|1760348946
|move|p2a: Incineroar|Parting Shot|p1a: Dondozo
|-unboost|p1a: Dondozo|atk|1
|-unboost|p1a: Dondozo|spa|1
|
|t:|1760348953
|switch|p2a: Iron Valiant|Iron Valiant|100/100|[from] Parting Shot
|cant|p1a: Dondozo|slp
|
|upkeep
|turn|7
|
|t:|1760348963
|switch|p1a: Slowking|Slowking-Galar, L99, M|100/100
|move|p2a: Iron Valiant|Trick|p1a: Slowking
|-activate|p2a: Iron Valiant|move: Trick|[of] p1a: Slowking
|-item|p1a: Slowking|Choice Specs|[from] move: Trick
|-item|p2a: Iron Valiant|Heavy-Duty Boots|[from] move: Trick
|
|upkeep
|turn|8
|inactive|SpongeGar & Patar has 60 seconds left.
|inactive|Forever1507 has 120 seconds left.
|
|t:|1760348995
|-end|p2a: Iron Valiant|Quark Drive|[silent]
|switch|p2a: Slowking|Slowking-Galar, F|100/100
|move|p1a: Slowking|Sludge Bomb|p2a: Slowking
|-resisted|p2a: Slowking
|-damage|p2a: Slowking|89/100
|
|upkeep
|turn|9
|inactive|SpongeGar & Patar has 60 seconds left.
|
|t:|1760349006
|move|p2a: Slowking|Sludge Bomb|p1a: Slowking
|-resisted|p1a: Slowking
|-damage|p1a: Slowking|87/100
|move|p1a: Slowking|Sludge Bomb|p2a: Slowking
|-resisted|p2a: Slowking
|-damage|p2a: Slowking|78/100
|
|upkeep
|turn|10
|inactive|Forever1507 has 120 seconds left.
|
|t:|1760349039
|switch|p1a: Ting-Lu|Ting-Lu|100/100
|-ability|p1a: Ting-Lu|Vessel of Ruin
|move|p2a: Slowking|Psychic Noise|p1a: Ting-Lu
|-immune|p1a: Ting-Lu
|
|upkeep
|turn|11
|
|t:|1760349049
|move|p1a: Ting-Lu|Earthquake|p2a: Slowking
|-supereffective|p2a: Slowking
|-damage|p2a: Slowking|0 fnt
|faint|p2a: Slowking
|
|upkeep
|
|t:|1760349053
|switch|p2a: Iron Valiant|Iron Valiant|100/100
|turn|12
|
|t:|1760349062
|move|p2a: Iron Valiant|Shadow Ball|p1a: Ting-Lu
|-resisted|p1a: Ting-Lu
|-damage|p1a: Ting-Lu|95/100
|-unboost|p1a: Ting-Lu|spd|1
|move|p1a: Ting-Lu|Earthquake|p2a: Iron Valiant
|-damage|p2a: Iron Valiant|49/100
|
|-heal|p1a: Ting-Lu|100/100|[from] item: Leftovers
|upkeep
|turn|13
|inactive|Forever1507 has 120 seconds left.
|
|t:|1760349095
|move|p2a: Iron Valiant|Trick|p1a: Ting-Lu
|-activate|p2a: Iron Valiant|move: Trick|[of] p1a: Ting-Lu
|-item|p1a: Ting-Lu|Heavy-Duty Boots|[from] move: Trick
|-item|p2a: Iron Valiant|Leftovers|[from] move: Trick
|move|p1a: Ting-Lu|Earthquake|p2a: Iron Valiant
|-damage|p2a: Iron Valiant|5/100
|
|-heal|p2a: Iron Valiant|11/100|[from] item: Leftovers
|upkeep
|turn|14
|j| Nitro611
|inactive|SpongeGar & Patar has 60 seconds left.
|
|t:|1760349145
|switch|p1a: Slowking|Slowking-Galar, L99, M|100/100
|move|p2a: Iron Valiant|Moonblast|p1a: Slowking
|-resisted|p1a: Slowking
|-damage|p1a: Slowking|87/100
|
|-heal|p2a: Iron Valiant|17/100|[from] item: Leftovers
|upkeep
|turn|15
|
|t:|1760349169
|move|p2a: Iron Valiant|Shadow Ball|p1a: Slowking
|-supereffective|p1a: Slowking
|-damage|p1a: Slowking|54/100
|move|p1a: Slowking|Sludge Bomb|p2a: Iron Valiant
|-supereffective|p2a: Iron Valiant
|-crit|p2a: Iron Valiant
|-damage|p2a: Iron Valiant|0 fnt
|faint|p2a: Iron Valiant
|-end|p2a: Iron Valiant|Quark Drive|[silent]
|
|upkeep
|
|t:|1760349172
|switch|p2a: Incineroar|Incineroar, M|93/100
|-ability|p2a: Incineroar|Intimidate|boost
|-unboost|p1a: Slowking|atk|1
|turn|16
|
|t:|1760349182
|switch|p1a: Dondozo|Dondozo, F|100/100 slp
|move|p2a: Incineroar|Knock Off|p1a: Dondozo
|-damage|p1a: Dondozo|90/100 slp
|
|upkeep
|turn|17
|inactive|SpongeGar & Patar has 60 seconds left.
|inactive|Forever1507 has 120 seconds left.
|
|t:|1760349192
|move|p2a: Incineroar|Parting Shot|p1a: Dondozo
|-unboost|p1a: Dondozo|atk|1
|-unboost|p1a: Dondozo|spa|1
|
|t:|1760349196
|switch|p2a: Zapdos|Zapdos|100/100|[from] Parting Shot
|cant|p1a: Dondozo|slp
|
|upkeep
|turn|18
|-message|Forever1507 forfeited.
|
|win|SpongeGar & Patar
|raw|SpongeGar &amp; Patar's rating: 1810 &rarr; <strong>1828</strong><br />(+18 for winning)
|raw|Forever1507's rating: 1772 &rarr; <strong>1754</strong><br />(-18 for losing)
|l|☆Forever1507
|player|p2|
|l|☆SpongeGar & Patar
|player|p1|
