|j|☆cr aries
|j|☆fhfghbffg随便取的
|t:|1760441395
|gametype|singles
|player|p1|cr aries|169|1642
|player|p2|fhfghbffg随便取的|iono|1618
|gen|9
|tier|[Gen 9] OU
|rated|
|rule|HP Percentage Mod: HP is shown in percentages
|rule|Endless Battle Clause: Forcing endless battles is banned
|rule|Species Clause: Limit one of each Pokémon
|rule|OHKO Clause: OHKO moves are banned
|rule|Evasion Items Clause: Evasion items are banned
|rule|Evasion Moves Clause: Evasion moves are banned
|rule|Evasion Abilities Clause: Evasion abilities are banned
|rule|Sleep Moves Clause: Sleep-inducing moves are banned
|clearpoke
|poke|p1|Weavile, M|
|poke|p1|Gholdengo|
|poke|p1|Slowking-Galar, F|
|poke|p1|Corviknight, F|
|poke|p1|Sandy Shocks|
|poke|p1|Heatran, F|
|poke|p2|Blaziken, F|
|poke|p2|Grimmsnarl, M|
|poke|p2|Kingambit, F|
|poke|p2|Ogerpon-Wellspring, F|
|poke|p2|Ninetales-Alola, F|
|poke|p2|Kyurem|
|teampreview
|inactive|Battle timer is ON: inactive players will automatically lose when time's up. (requested by fhfghbffg随便取的)
|
|t:|1760441403
|teamsize|p1|6
|teamsize|p2|6
|start
|switch|p1a: Slowking|Slowking-Galar, F|100/100
|switch|p2a: Ninetales|Ninetales-Alola, F|100/100
|-weather|Snowscape|[from] ability: Snow Warning|[of] p2a: Ninetales
|turn|1
|
|t:|1760441408
|move|p2a: Ninetales|Aurora Veil|p2a: Ninetales
|-sidestart|p2: fhfghbffg随便取的|move: Aurora Veil
|move|p1a: Slowking|Toxic Spikes|p2a: Ninetales
|-sidestart|p2: fhfghbffg随便取的|move: Toxic Spikes
|
|-weather|Snowscape|[upkeep]
|upkeep
|turn|2
|
|t:|1760441412
|move|p2a: Ninetales|Encore|p1a: Slowking
|-start|p1a: Slowking|Encore
|move|p1a: Slowking|Toxic Spikes|p2a: Ninetales
|-sidestart|p2: fhfghbffg随便取的|move: Toxic Spikes
|
|-weather|Snowscape|[upkeep]
|upkeep
|turn|3
|
|t:|1760441417
|switch|p2a: Kingambit|Kingambit, F|100/100
|-item|p2a: Kingambit|Air Balloon
|switch|p1a: Heatran|Heatran, F|100/100
|
|-weather|Snowscape|[upkeep]
|upkeep
|turn|4
|
|t:|1760441424
|-terastallize|p2a: Kingambit|Fire
|move|p2a: Kingambit|Swords Dance|p2a: Kingambit
|-boost|p2a: Kingambit|atk|2
|move|p1a: Heatran|Magma Storm|p2a: Kingambit
|-resisted|p2a: Kingambit
|-crit|p2a: Kingambit
|-damage|p2a: Kingambit|63/100
|-activate|p2a: Kingambit|move: Magma Storm|[of] p1a: Heatran
|-enditem|p2a: Kingambit|Air Balloon
|
|-weather|Snowscape|[upkeep]
|-damage|p2a: Kingambit|50/100|[from] move: Magma Storm|[partiallytrapped]
|upkeep
|turn|5
|j| wgw2333
|
|t:|1760441442
|move|p2a: Kingambit|Kowtow Cleave|p1a: Heatran
|-damage|p1a: Heatran|48/100
|move|p1a: Heatran|Stealth Rock|p2a: Kingambit
|-sidestart|p2: fhfghbffg随便取的|move: Stealth Rock
|
|-weather|none
|-heal|p1a: Heatran|54/100|[from] item: Leftovers
|-damage|p2a: Kingambit|38/100|[from] move: Magma Storm|[partiallytrapped]
|upkeep
|turn|6
|
|t:|1760441447
|move|p1a: Heatran|Protect|p1a: Heatran
|-singleturn|p1a: Heatran|Protect
|move|p2a: Kingambit|Kowtow Cleave|p1a: Heatran
|-activate|p1a: Heatran|move: Protect
|
|-heal|p1a: Heatran|61/100|[from] item: Leftovers
|-damage|p2a: Kingambit|26/100|[from] move: Magma Storm|[partiallytrapped]
|upkeep
|turn|7
|
|t:|1760441461
|move|p2a: Kingambit|Kowtow Cleave|p1a: Heatran
|-damage|p1a: Heatran|4/100
|move|p1a: Heatran|Magma Storm|p2a: Kingambit
|-resisted|p2a: Kingambit
|-damage|p2a: Kingambit|13/100
|
|-heal|p1a: Heatran|10/100|[from] item: Leftovers
|-damage|p2a: Kingambit|0 fnt|[from] move: Magma Storm|[partiallytrapped]
|faint|p2a: Kingambit
|-end|p2a: Kingambit|fallenundefined|[silent]
|upkeep
|-message|fhfghbffg随便取的 forfeited.
|
|win|cr aries
|raw|cr aries's rating: 1642 &rarr; <strong>1661</strong><br />(+19 for winning)
|raw|fhfghbffg随便取的's rating: 1618 &rarr; <strong>1599</strong><br />(-19 for losing)
|l|☆fhfghbffg随便取的
|player|p2|
|l|☆cr aries
|player|p1|
