|j|☆DIGIWAYNE123
|j|☆matrixer456
|t:|1760363851
|gametype|singles
|player|p1|DIGIWAYNE123|swimmerf-gen4|1598
|player|p2|matrixer456|101|1620
|gen|9
|tier|[Gen 9] OU
|rated|
|rule|HP Percentage Mod: HP is shown in percentages
|rule|Endless Battle Clause: Forcing endless battles is banned
|rule|Species Clause: Limit one of each Pokémon
|rule|OHKO Clause: OHKO moves are banned
|rule|Evasion Items Clause: Evasion items are banned
|rule|Evasion Moves Clause: Evasion moves are banned
|rule|Evasion Abilities Clause: Evasion abilities are banned
|rule|Sleep Moves Clause: Sleep-inducing moves are banned
|clearpoke
|poke|p1|Armarouge, M|
|poke|p1|Indeedee, M|
|poke|p1|Great Tusk|
|poke|p1|Hoopa-Unbound|
|poke|p1|Scream Tail|
|poke|p1|Drednaw, F|
|poke|p2|Ogerpon-Wellspring, F|
|poke|p2|Kyurem|
|poke|p2|Darkrai|
|poke|p2|Iron Moth|
|poke|p2|Iron Valiant|
|poke|p2|Zamazenta-*|
|teampreview
|inactive|Battle timer is ON: inactive players will automatically lose when time's up. (requested by matrixer456)
|
|t:|1760363872
|teamsize|p1|6
|teamsize|p2|6
|start
|switch|p1a: Scream Tail|Scream Tail|100/100
|switch|p2a: Nightmare Fuel|Darkrai|100/100
|-enditem|p1a: Scream Tail|Booster Energy
|-activate|p1a: Scream Tail|ability: Protosynthesis|[fromitem]
|-start|p1a: Scream Tail|protosynthesisspe
|turn|1
|
|t:|1760363883
|move|p1a: Scream Tail|Thunder Wave|p2a: Nightmare Fuel
|-status|p2a: Nightmare Fuel|par
|cant|p2a: Nightmare Fuel|par
|
|upkeep
|turn|2
|
|t:|1760363887
|move|p1a: Scream Tail|Stealth Rock|p2a: Nightmare Fuel
|-sidestart|p2: matrixer456|move: Stealth Rock
|move|p2a: Nightmare Fuel|Dark Pulse|p1a: Scream Tail
|-damage|p1a: Scream Tail|65/100
|-damage|p2a: Nightmare Fuel|91/100 par|[from] item: Life Orb
|
|upkeep
|turn|3
|
|t:|1760363892
|move|p1a: Scream Tail|Wish|p1a: Scream Tail
|move|p2a: Nightmare Fuel|Dark Pulse|p1a: Scream Tail
|-damage|p1a: Scream Tail|27/100
|-damage|p2a: Nightmare Fuel|81/100 par|[from] item: Life Orb
|
|upkeep
|turn|4
|
|t:|1760363897
|move|p1a: Scream Tail|Misty Explosion|p2a: Nightmare Fuel
|-supereffective|p2a: Nightmare Fuel
|-damage|p2a: Nightmare Fuel|14/100 par
|faint|p1a: Scream Tail
|-end|p1a: Scream Tail|Protosynthesis|[silent]
|move|p2a: Nightmare Fuel|Will-O-Wisp|p1: Scream Tail|[notarget]
|-fail|p2a: Nightmare Fuel
|
|upkeep
|
|t:|1760363903
|switch|p1a: Indeedee|Indeedee, M|100/100
|-fieldstart|move: Psychic Terrain|[from] ability: Psychic Surge|[of] p1a: Indeedee
|turn|5
|
|t:|1760363905
|move|p1a: Indeedee|Tera Blast|p2a: Nightmare Fuel
|-damage|p2a: Nightmare Fuel|0 fnt
|faint|p2a: Nightmare Fuel
|
|upkeep
|
|t:|1760363912
|switch|p2a: Waterpon|Ogerpon-Wellspring, F|100/100
|-damage|p2a: Waterpon|88/100|[from] Stealth Rock
|turn|6
|
|t:|1760363917
|switch|p1a: Great Tusk|Great Tusk|100/100
|-enditem|p1a: Great Tusk|Booster Energy
|-activate|p1a: Great Tusk|ability: Protosynthesis|[fromitem]
|-start|p1a: Great Tusk|protosynthesisspe
|move|p2a: Waterpon|Trailblaze|p1a: Great Tusk
|-supereffective|p1a: Great Tusk
|-damage|p1a: Great Tusk|54/100
|-boost|p2a: Waterpon|spe|1
|
|upkeep
|turn|7
|
|t:|1760363923
|move|p2a: Waterpon|Ivy Cudgel|p1a: Great Tusk|[anim] Ivy Cudgel Water
|-supereffective|p1a: Great Tusk
|-damage|p1a: Great Tusk|0 fnt
|faint|p1a: Great Tusk
|-end|p1a: Great Tusk|Protosynthesis|[silent]
|
|upkeep
|
|t:|1760363925
|switch|p1a: Armarouge|Armarouge, M|100/100
|turn|8
|
|t:|1760363934
|-terastallize|p2a: Waterpon|Water
|detailschange|p2a: Waterpon|Ogerpon-Wellspring-Tera, F, tera:Water
|-ability|p2a: Waterpon|Embody Aspect (Wellspring)|boost
|-boost|p2a: Waterpon|spd|1
|-terastallize|p1a: Armarouge|Psychic
|move|p2a: Waterpon|Trailblaze|p1a: Armarouge
|-damage|p1a: Armarouge|65/100
|-boost|p2a: Waterpon|spe|1
|-ability|p1a: Armarouge|Weak Armor|boost
|-unboost|p1a: Armarouge|def|1
|-boost|p1a: Armarouge|spe|2
|move|p1a: Armarouge|Expanding Force|p2a: Waterpon
|-damage|p2a: Waterpon|2/100
|
|upkeep
|turn|9
|
|t:|1760363948
|move|p1a: Armarouge|Endure|p1a: Armarouge
|-singleturn|p1a: Armarouge|move: Endure
|move|p2a: Waterpon|Ivy Cudgel|p1a: Armarouge|[anim] Ivy Cudgel Water
|-activate|p1a: Armarouge|move: Endure
|-damage|p1a: Armarouge|1/100
|-ability|p1a: Armarouge|Weak Armor|boost
|-unboost|p1a: Armarouge|def|1
|-boost|p1a: Armarouge|spe|2
|
|upkeep
|turn|10
|
|t:|1760363954
|move|p1a: Armarouge|Expanding Force|p2a: Waterpon
|-damage|p2a: Waterpon|0 fnt
|faint|p2a: Waterpon
|detailschange|p2: Waterpon|Ogerpon-Wellspring, F|[silent]
|
|upkeep
|-message|matrixer456 forfeited.
|
|win|DIGIWAYNE123
|raw|DIGIWAYNE123's rating: 1598 &rarr; <strong>1619</strong><br />(+21 for winning)
|raw|matrixer456's rating: 1620 &rarr; <strong>1599</strong><br />(-21 for losing)
|l|☆matrixer456
|player|p2|
|l|☆DIGIWAYNE123
|player|p1|
