|j|☆nnnn5555
|j|☆B2rdwatching
|t:|1760415552
|gametype|singles
|player|p1|nnnn5555|giovanni|1498
|player|p2|B2rdwatching|101|1408
|gen|9
|tier|[Gen 9] OU
|rated|
|rule|HP Percentage Mod: HP is shown in percentages
|rule|Endless Battle Clause: Forcing endless battles is banned
|rule|Species Clause: Limit one of each Pokémon
|rule|OHKO Clause: OHKO moves are banned
|rule|Evasion Items Clause: Evasion items are banned
|rule|Evasion Moves Clause: Evasion moves are banned
|rule|Evasion Abilities Clause: Evasion abilities are banned
|rule|Sleep Moves Clause: Sleep-inducing moves are banned
|clearpoke
|poke|p1|Slowking-Galar, M|
|poke|p1|Kyurem|
|poke|p1|Samurott-Hisui, M|
|poke|p1|Tornadus-Therian, M|
|poke|p1|Iron Treads|
|poke|p1|Dragapult, M|
|poke|p2|Darkrai|
|poke|p2|Great Tusk|
|poke|p2|Gholdengo|
|poke|p2|Kingambit, F|
|poke|p2|Glimmora, M|
|poke|p2|Dragonite, M|
|teampreview
|
|t:|1760415576
|teamsize|p1|6
|teamsize|p2|6
|start
|switch|p1a: Giyu|Samurott-Hisui, M|100/100
|switch|p2a: Glimmora|Glimmora, M|100/100
|turn|1
|
|t:|1760415583
|move|p2a: Glimmora|Stealth Rock|p1a: Giyu
|-sidestart|p1: nnnn5555|move: Stealth Rock
|move|p1a: Giyu|Aqua Cutter|p2a: Glimmora
|-supereffective|p2a: Glimmora
|-damage|p2a: Glimmora|0 fnt
|-activate|p2a: Glimmora|ability: Toxic Debris
|-sidestart|p1: nnnn5555|move: Toxic Spikes
|faint|p2a: Glimmora
|
|upkeep
|
|t:|1760415595
|switch|p2a: Darkrai|Darkrai|100/100
|turn|2
|
|t:|1760415598
|move|p2a: Darkrai|Knock Off|p1a: Giyu
|-resisted|p1a: Giyu
|-damage|p1a: Giyu|77/100
|-enditem|p1a: Giyu|Assault Vest|[from] move: Knock Off|[of] p2a: Darkrai
|move|p1a: Giyu|Sacred Sword|p2a: Darkrai
|-supereffective|p2a: Darkrai
|-damage|p2a: Darkrai|0 fnt
|faint|p2a: Darkrai
|
|upkeep
|
|t:|1760415609
|switch|p2a: Dragonite|Dragonite, M, shiny|100/100
|turn|3
|
|t:|1760415614
|switch|p1a: B-2 Bomber|Dragapult, M, shiny|100/100
|move|p2a: Dragonite|Dragon Dance|p2a: Dragonite
|-boost|p2a: Dragonite|atk|1
|-boost|p2a: Dragonite|spe|1
|
|upkeep
|turn|4
|
|t:|1760415621
|-terastallize|p2a: Dragonite|Fairy
|move|p1a: B-2 Bomber|Will-O-Wisp|p2a: Dragonite
|-status|p2a: Dragonite|brn
|move|p2a: Dragonite|Dragon Dance|p2a: Dragonite
|-boost|p2a: Dragonite|atk|1
|-boost|p2a: Dragonite|spe|1
|
|-damage|p2a: Dragonite|94/100 brn|[from] brn
|upkeep
|turn|5
|
|t:|1760415639
|switch|p1a: Iron Treads|Iron Treads, shiny|100/100
|-damage|p1a: Iron Treads|97/100|[from] Stealth Rock
|move|p2a: Dragonite|Roost|p2a: Dragonite
|-heal|p2a: Dragonite|100/100 brn
|
|-heal|p1a: Iron Treads|100/100|[from] item: Leftovers
|-damage|p2a: Dragonite|94/100 brn|[from] brn
|upkeep
|turn|6
|
|t:|1760415651
|move|p2a: Dragonite|Earthquake|p1a: Iron Treads
|-supereffective|p1a: Iron Treads
|-damage|p1a: Iron Treads|54/100
|move|p1a: Iron Treads|Rapid Spin|p2a: Dragonite
|-damage|p2a: Dragonite|81/100 brn
|-boost|p1a: Iron Treads|spe|1
|-sideend|p1: nnnn5555|Toxic Spikes|[from] move: Rapid Spin|[of] p1a: Iron Treads
|-sideend|p1: nnnn5555|Stealth Rock|[from] move: Rapid Spin|[of] p1a: Iron Treads
|
|-heal|p1a: Iron Treads|60/100|[from] item: Leftovers
|-damage|p2a: Dragonite|75/100 brn|[from] brn
|upkeep
|turn|7
|
|t:|1760415661
|move|p1a: Iron Treads|Earthquake|p2a: Dragonite
|-damage|p2a: Dragonite|40/100 brn
|move|p2a: Dragonite|Dragon Dance|p2a: Dragonite
|-boost|p2a: Dragonite|atk|1
|-boost|p2a: Dragonite|spe|1
|
|-heal|p1a: Iron Treads|66/100|[from] item: Leftovers
|-damage|p2a: Dragonite|33/100 brn|[from] brn
|upkeep
|turn|8
|
|t:|1760415669
|move|p2a: Dragonite|Roost|p2a: Dragonite
|-heal|p2a: Dragonite|84/100 brn
|move|p1a: Iron Treads|Earthquake|p2a: Dragonite
|-damage|p2a: Dragonite|47/100 brn
|
|-heal|p1a: Iron Treads|73/100|[from] item: Leftovers
|-damage|p2a: Dragonite|41/100 brn|[from] brn
|upkeep
|turn|9
|
|t:|1760415677
|move|p2a: Dragonite|Roost|p2a: Dragonite
|-heal|p2a: Dragonite|91/100 brn
|move|p1a: Iron Treads|Earthquake|p2a: Dragonite
|-damage|p2a: Dragonite|57/100 brn
|
|-heal|p1a: Iron Treads|79/100|[from] item: Leftovers
|-damage|p2a: Dragonite|51/100 brn|[from] brn
|upkeep
|turn|10
|
|t:|1760415685
|move|p2a: Dragonite|Earthquake|p1a: Iron Treads
|-supereffective|p1a: Iron Treads
|-damage|p1a: Iron Treads|22/100
|move|p1a: Iron Treads|Earthquake|p2a: Dragonite
|-damage|p2a: Dragonite|18/100 brn
|
|-heal|p1a: Iron Treads|28/100|[from] item: Leftovers
|-damage|p2a: Dragonite|12/100 brn|[from] brn
|upkeep
|turn|11
|
|t:|1760415705
|move|p2a: Dragonite|Earthquake|p1a: Iron Treads
|-supereffective|p1a: Iron Treads
|-damage|p1a: Iron Treads|0 fnt
|faint|p1a: Iron Treads
|-end|p1a: Iron Treads|Quark Drive|[silent]
|
|-damage|p2a: Dragonite|5/100 brn|[from] brn
|upkeep
|
|t:|1760415722
|switch|p1a: Giyu|Samurott-Hisui, M|77/100
|turn|12
|
|t:|1760415729
|move|p2a: Dragonite|Tera Blast|p1a: Giyu|[anim] Tera Blast Fairy
|-supereffective|p1a: Giyu
|-damage|p1a: Giyu|0 fnt
|faint|p1a: Giyu
|
|-damage|p2a: Dragonite|0 fnt|[from] brn
|faint|p2a: Dragonite
|upkeep
|
|t:|1760415745
|switch|p1a: B-2 Bomber|Dragapult, M, shiny|100/100
|switch|p2a: Kingambit|Kingambit, F|100/100
|-activate|p2a: Kingambit|ability: Supreme Overlord
|-start|p2a: Kingambit|fallen3|[silent]
|turn|13
|
|t:|1760415751
|move|p2a: Kingambit|Sucker Punch||[still]
|-fail|p2a: Kingambit
|move|p1a: B-2 Bomber|Will-O-Wisp|p2a: Kingambit
|-status|p2a: Kingambit|brn
|
|-damage|p2a: Kingambit|94/100 brn|[from] brn
|upkeep
|turn|14
|
|t:|1760415767
|switch|p1a: Dark Oracle|Slowking-Galar, M, shiny|100/100
|move|p2a: Kingambit|Swords Dance|p2a: Kingambit
|-boost|p2a: Kingambit|atk|2
|
|-heal|p2a: Kingambit|100/100 brn|[from] item: Leftovers
|-damage|p2a: Kingambit|94/100 brn|[from] brn
|upkeep
|turn|15
|
|t:|1760415775
|move|p2a: Kingambit|Swords Dance|p2a: Kingambit
|-boost|p2a: Kingambit|atk|2
|-prepare|p1a: Dark Oracle|Chilly Reception|[premajor]
|move|p1a: Dark Oracle|Chilly Reception|p1a: Dark Oracle
|-weather|Snowscape
|
|t:|1760415780
|switch|p1a: Absolute Zero|Kyurem, shiny|100/100|[from] Chilly Reception
|-ability|p1a: Absolute Zero|Pressure
|
|-weather|Snowscape|[upkeep]
|-heal|p2a: Kingambit|100/100 brn|[from] item: Leftovers
|-damage|p2a: Kingambit|94/100 brn|[from] brn
|upkeep
|turn|16
|
|t:|1760415788
|move|p1a: Absolute Zero|Earth Power|p2a: Kingambit
|-supereffective|p2a: Kingambit
|-damage|p2a: Kingambit|0 fnt
|faint|p2a: Kingambit
|-end|p2a: Kingambit|fallen3|[silent]
|
|-weather|Snowscape|[upkeep]
|upkeep
|
|t:|1760415792
|switch|p2a: Gholdengo|Gholdengo, shiny|100/100
|-item|p2a: Gholdengo|Air Balloon
|turn|17
|
|t:|1760415798
|switch|p1a: Big Bird|Tornadus-Therian, M, shiny|100/100
|move|p2a: Gholdengo|Make It Rain|p1a: Big Bird
|-damage|p1a: Big Bird|60/100
|-unboost|p2a: Gholdengo|spa|1
|
|-weather|Snowscape|[upkeep]
|upkeep
|turn|18
|
|t:|1760415805
|switch|p2a: Great Tusk|Great Tusk, shiny|100/100
|-enditem|p2a: Great Tusk|Booster Energy
|-activate|p2a: Great Tusk|ability: Protosynthesis|[fromitem]
|-start|p2a: Great Tusk|protosynthesisspe
|move|p1a: Big Bird|Knock Off|p2a: Great Tusk
|-resisted|p2a: Great Tusk
|-damage|p2a: Great Tusk|97/100
|
|-weather|Snowscape|[upkeep]
|upkeep
|turn|19
|-message|B2rdwatching forfeited.
|
|win|nnnn5555
|raw|nnnn5555's rating: 1498 &rarr; <strong>1513</strong><br />(+15 for winning)
|raw|B2rdwatching's rating: 1408 &rarr; <strong>1393</strong><br />(-15 for losing)
|l|☆B2rdwatching
|player|p2|
