|j|☆saltylaplace
|j|☆tiandobao
|t:|1760351014
|gametype|singles
|player|p1|saltylaplace|hilda-wonderlauncher|1069
|player|p2|tiandobao|wallace|1095
|gen|9
|tier|[Gen 9] OU
|rated|
|rule|HP Percentage Mod: HP is shown in percentages
|rule|Endless Battle Clause: Forcing endless battles is banned
|rule|Species Clause: Limit one of each Pokémon
|rule|OHKO Clause: OHKO moves are banned
|rule|Evasion Items Clause: Evasion items are banned
|rule|Evasion Moves Clause: Evasion moves are banned
|rule|Evasion Abilities Clause: Evasion abilities are banned
|rule|Sleep Moves Clause: Sleep-inducing moves are banned
|clearpoke
|poke|p1|Gholdengo|
|poke|p1|Goodra-Hisui, M|
|poke|p1|Mudsdale, M|
|poke|p1|Skeledirge, M|
|poke|p1|Mandibuzz, F|
|poke|p1|Tyranitar, F|
|poke|p2|Araquanid, F|
|poke|p2|Smeargle, F|
|poke|p2|Empoleon, M|
|poke|p2|Passimian, F|
|poke|p2|Cresselia, F|
|poke|p2|Kingdra, M|
|teampreview
|
|t:|1760351020
|teamsize|p1|6
|teamsize|p2|6
|start
|switch|p1a: Mudsdale|Mudsdale, M|100/100
|switch|p2a: Araquanid|Araquanid, F|100/100
|turn|1
|inactive|Battle timer is ON: inactive players will automatically lose when time's up. (requested by saltylaplace)
|
|t:|1760351034
|move|p2a: Araquanid|Sticky Web|p1a: Mudsdale
|-sidestart|p1: saltylaplace|move: Sticky Web
|move|p1a: Mudsdale|Stealth Rock|p2a: Araquanid
|-sidestart|p2: tiandobao|move: Stealth Rock
|
|upkeep
|turn|2
|
|t:|1760351044
|move|p2a: Araquanid|Rain Dance|p2a: Araquanid
|-weather|RainDance
|move|p1a: Mudsdale|Roar|p2a: Araquanid
|drag|p2a: Cresselia|Cresselia, F|100/100
|-damage|p2a: Cresselia|88/100|[from] Stealth Rock
|
|-weather|RainDance|[upkeep]
|-status|p2a: Cresselia|brn|[from] item: Flame Orb
|upkeep
|turn|3
|
|t:|1760351054
|move|p2a: Cresselia|Trick|p1a: Mudsdale
|-activate|p2a: Cresselia|move: Trick|[of] p1a: Mudsdale
|-item|p1a: Mudsdale|Flame Orb|[from] move: Trick
|-item|p2a: Cresselia|Leftovers|[from] move: Trick
|move|p1a: Mudsdale|Body Press|p2a: Cresselia
|-resisted|p2a: Cresselia
|-damage|p2a: Cresselia|80/100 brn
|
|-weather|RainDance|[upkeep]
|-heal|p2a: Cresselia|86/100 brn|[from] item: Leftovers
|-damage|p2a: Cresselia|80/100 brn|[from] brn
|-status|p1a: Mudsdale|brn|[from] item: Flame Orb
|upkeep
|turn|4
|
|t:|1760351072
|switch|p2a: Smeargle|Smeargle, F|100/100
|-damage|p2a: Smeargle|88/100|[from] Stealth Rock
|move|p1a: Mudsdale|Roar|p2a: Smeargle
|drag|p2a: Cresselia|Cresselia, F|80/100 brn
|-damage|p2a: Cresselia|67/100 brn|[from] Stealth Rock
|
|-weather|RainDance|[upkeep]
|-heal|p2a: Cresselia|74/100 brn|[from] item: Leftovers
|-damage|p2a: Cresselia|67/100 brn|[from] brn
|-damage|p1a: Mudsdale|94/100 brn|[from] brn
|upkeep
|turn|5
|
|t:|1760351086
|switch|p2a: Smeargle|Smeargle, F|88/100
|-damage|p2a: Smeargle|76/100|[from] Stealth Rock
|move|p1a: Mudsdale|Body Press|p2a: Smeargle
|-supereffective|p2a: Smeargle
|-damage|p2a: Smeargle|31/100
|-enditem|p2a: Smeargle|Eject Button
|
|t:|1760351098
|switch|p2a: Cresselia|Cresselia, F|67/100 brn
|-damage|p2a: Cresselia|55/100 brn|[from] Stealth Rock
|
|-weather|RainDance|[upkeep]
|-heal|p2a: Cresselia|61/100 brn|[from] item: Leftovers
|-damage|p2a: Cresselia|55/100 brn|[from] brn
|-damage|p1a: Mudsdale|88/100 brn|[from] brn
|upkeep
|turn|6
|
|t:|1760351108
|move|p2a: Cresselia|Lunar Blessing|p2a: Cresselia
|-heal|p2a: Cresselia|80/100 brn
|-curestatus|p2a: Cresselia|brn|[msg]
|move|p1a: Mudsdale|Roar|p2a: Cresselia
|drag|p2a: Kingdra|Kingdra, M|100/100
|-damage|p2a: Kingdra|88/100|[from] Stealth Rock
|
|-weather|none
|-damage|p1a: Mudsdale|82/100 brn|[from] brn
|upkeep
|turn|7
|
|t:|1760351125
|switch|p2a: Cresselia|Cresselia, F|80/100
|-damage|p2a: Cresselia|68/100|[from] Stealth Rock
|move|p1a: Mudsdale|Roar|p2a: Cresselia
|drag|p2a: Smeargle|Smeargle, F|31/100
|-damage|p2a: Smeargle|19/100|[from] Stealth Rock
|
|-damage|p1a: Mudsdale|76/100 brn|[from] brn
|upkeep
|turn|8
|
|t:|1760351138
|move|p2a: Smeargle|Burning Bulwark|p2a: Smeargle
|-singleturn|p2a: Smeargle|move: Protect
|move|p1a: Mudsdale|Body Press|p2a: Smeargle
|-activate|p2a: Smeargle|move: Protect
|
|-damage|p1a: Mudsdale|70/100 brn|[from] brn
|upkeep
|turn|9
|
|t:|1760351150
|move|p2a: Smeargle|Court Change|p2a: Smeargle
|-swapsideconditions
|-activate|p2a: Smeargle|move: Court Change
|move|p1a: Mudsdale|Roar|p2a: Smeargle
|drag|p2a: Passimian|Passimian, F|100/100
|-activate|p2a: Passimian|move: Sticky Web
|-unboost|p2a: Passimian|spe|1
|-ability|p2a: Passimian|Defiant|boost
|-boost|p2a: Passimian|atk|2
|
|-damage|p1a: Mudsdale|63/100 brn|[from] brn
|upkeep
|turn|10
|
|t:|1760351163
|switch|p2a: Cresselia|Cresselia, F|68/100
|move|p1a: Mudsdale|Stealth Rock|p2a: Cresselia
|-sidestart|p2: tiandobao|move: Stealth Rock
|
|-heal|p2a: Cresselia|74/100|[from] item: Leftovers
|-damage|p1a: Mudsdale|57/100 brn|[from] brn
|upkeep
|turn|11
|
|t:|1760351173
|move|p1a: Mudsdale|Roar|p2a: Cresselia
|drag|p2a: Kingdra|Kingdra, M|88/100
|-activate|p2a: Kingdra|move: Sticky Web
|-unboost|p2a: Kingdra|spe|1
|-damage|p2a: Kingdra|76/100|[from] Stealth Rock
|
|-damage|p1a: Mudsdale|51/100 brn|[from] brn
|upkeep
|turn|12
|
|t:|1760351182
|switch|p2a: Cresselia|Cresselia, F|74/100
|-damage|p2a: Cresselia|62/100|[from] Stealth Rock
|move|p1a: Mudsdale|Body Press|p2a: Cresselia
|-resisted|p2a: Cresselia
|-damage|p2a: Cresselia|58/100
|
|-heal|p2a: Cresselia|64/100|[from] item: Leftovers
|-damage|p1a: Mudsdale|45/100 brn|[from] brn
|upkeep
|turn|13
|
|t:|1760351194
|move|p1a: Mudsdale|Roar|p2a: Cresselia
|drag|p2a: Passimian|Passimian, F|100/100
|-activate|p2a: Passimian|move: Sticky Web
|-unboost|p2a: Passimian|spe|1
|-ability|p2a: Passimian|Defiant|boost
|-boost|p2a: Passimian|atk|2
|-damage|p2a: Passimian|94/100|[from] Stealth Rock
|
|-damage|p1a: Mudsdale|39/100 brn|[from] brn
|upkeep
|turn|14
|
|t:|1760351212
|switch|p1a: Mandibuzz|Mandibuzz, F|100/100
|-damage|p1a: Mandibuzz|75/100|[from] Stealth Rock
|move|p2a: Passimian|Drain Punch|p1a: Mandibuzz
|-damage|p1a: Mandibuzz|17/100
|-heal|p2a: Passimian|100/100|[from] drain|[of] p1a: Mandibuzz
|-damage|p2a: Passimian|91/100|[from] item: Life Orb
|
|-heal|p1a: Mandibuzz|23/100|[from] item: Leftovers
|upkeep
|turn|15
|
|t:|1760351224
|switch|p2a: Cresselia|Cresselia, F|64/100
|-damage|p2a: Cresselia|52/100|[from] Stealth Rock
|move|p1a: Mandibuzz|Toxic|p2a: Cresselia
|-status|p2a: Cresselia|tox
|
|-heal|p1a: Mandibuzz|29/100|[from] item: Leftovers
|-heal|p2a: Cresselia|58/100 tox|[from] item: Leftovers
|-damage|p2a: Cresselia|52/100 tox|[from] psn
|upkeep
|turn|16
|
|t:|1760351235
|move|p1a: Mandibuzz|Knock Off|p2a: Cresselia
|-supereffective|p2a: Cresselia
|-damage|p2a: Cresselia|26/100 tox
|-enditem|p2a: Cresselia|Leftovers|[from] move: Knock Off|[of] p1a: Mandibuzz
|move|p2a: Cresselia|Trick Room|p2a: Cresselia
|-fieldstart|move: Trick Room|[of] p2a: Cresselia
|
|-heal|p1a: Mandibuzz|35/100|[from] item: Leftovers
|-damage|p2a: Cresselia|14/100 tox|[from] psn
|upkeep
|turn|17
|
|t:|1760351248
|move|p2a: Cresselia|Trick|p1a: Mandibuzz
|-activate|p2a: Cresselia|move: Trick|[of] p1a: Mandibuzz
|-enditem|p1a: Mandibuzz|Leftovers|[silent]|[from] move: Trick
|-item|p2a: Cresselia|Leftovers|[from] move: Trick
|move|p1a: Mandibuzz|Roost|p1a: Mandibuzz
|-heal|p1a: Mandibuzz|85/100
|-singleturn|p1a: Mandibuzz|move: Roost
|
|-heal|p2a: Cresselia|20/100 tox|[from] item: Leftovers
|-damage|p2a: Cresselia|1/100 tox|[from] psn
|upkeep
|turn|18
|
|t:|1760351263
|move|p2a: Cresselia|Trick|p1a: Mandibuzz
|-activate|p2a: Cresselia|move: Trick|[of] p1a: Mandibuzz
|-item|p1a: Mandibuzz|Leftovers|[from] move: Trick
|-enditem|p2a: Cresselia|Leftovers|[silent]|[from] move: Trick
|move|p1a: Mandibuzz|Knock Off|p2a: Cresselia
|-supereffective|p2a: Cresselia
|-damage|p2a: Cresselia|0 fnt
|faint|p2a: Cresselia
|
|-heal|p1a: Mandibuzz|91/100|[from] item: Leftovers
|upkeep
|
|t:|1760351273
|switch|p2a: Empoleon|Empoleon, M|100/100
|-activate|p2a: Empoleon|move: Sticky Web
|-unboost|p2a: Empoleon|spe|1
|-ability|p2a: Empoleon|Competitive|boost
|-boost|p2a: Empoleon|spa|2
|-damage|p2a: Empoleon|94/100|[from] Stealth Rock
|turn|19
|
|t:|1760351284
|move|p2a: Empoleon|Ice Beam|p1a: Mandibuzz
|-supereffective|p1a: Mandibuzz
|-crit|p1a: Mandibuzz
|-damage|p1a: Mandibuzz|0 fnt
|faint|p1a: Mandibuzz
|-damage|p2a: Empoleon|84/100|[from] item: Life Orb
|
|upkeep
|
|t:|1760351294
|switch|p1a: Skeledirge|Skeledirge, M|100/100
|-damage|p1a: Skeledirge|75/100|[from] Stealth Rock
|turn|20
|
|t:|1760351303
|move|p2a: Empoleon|Air Slash|p1a: Skeledirge
|-damage|p1a: Skeledirge|43/100
|-damage|p2a: Empoleon|74/100|[from] item: Life Orb
|move|p1a: Skeledirge|Torch Song|p2a: Empoleon
|-damage|p2a: Empoleon|45/100
|-boost|p1a: Skeledirge|spa|1
|
|-heal|p1a: Skeledirge|49/100|[from] item: Leftovers
|-fieldend|move: Trick Room
|upkeep
|turn|21
|
|t:|1760351324
|switch|p2a: Araquanid|Araquanid, F|100/100
|-activate|p2a: Araquanid|move: Sticky Web
|-unboost|p2a: Araquanid|spe|1
|-damage|p2a: Araquanid|76/100|[from] Stealth Rock
|move|p1a: Skeledirge|Slack Off|p1a: Skeledirge
|-heal|p1a: Skeledirge|99/100
|
|-heal|p1a: Skeledirge|100/100|[from] item: Leftovers
|upkeep
|turn|22
|
|t:|1760351340
|-terastallize|p1a: Skeledirge|Fairy
|move|p1a: Skeledirge|Earth Power|p2a: Araquanid
|-resisted|p2a: Araquanid
|-damage|p2a: Araquanid|64/100
|move|p2a: Araquanid|Rain Dance|p2a: Araquanid
|-weather|RainDance
|
|-weather|RainDance|[upkeep]
|upkeep
|turn|23
|
|t:|1760351352
|move|p1a: Skeledirge|Torch Song|p2a: Araquanid
|-damage|p2a: Araquanid|48/100
|-boost|p1a: Skeledirge|spa|1
|move|p2a: Araquanid|Endeavor|p1a: Skeledirge
|-damage|p1a: Skeledirge|35/100
|
|-weather|RainDance|[upkeep]
|-heal|p1a: Skeledirge|41/100|[from] item: Leftovers
|upkeep
|turn|24
|
|t:|1760351371
|move|p2a: Araquanid|Endure|p2a: Araquanid
|-singleturn|p2a: Araquanid|move: Endure
|move|p1a: Skeledirge|Torch Song|p2a: Araquanid
|-damage|p2a: Araquanid|27/100
|-boost|p1a: Skeledirge|spa|1
|
|-weather|RainDance|[upkeep]
|-heal|p1a: Skeledirge|47/100|[from] item: Leftovers
|upkeep
|turn|25
|
|t:|1760351381
|move|p1a: Skeledirge|Torch Song|p2a: Araquanid
|-damage|p2a: Araquanid|0 fnt
|-boost|p1a: Skeledirge|spa|1
|faint|p2a: Araquanid
|
|-weather|RainDance|[upkeep]
|-heal|p1a: Skeledirge|53/100|[from] item: Leftovers
|upkeep
|
|t:|1760351393
|switch|p2a: Smeargle|Smeargle, F|19/100
|-activate|p2a: Smeargle|move: Sticky Web
|-unboost|p2a: Smeargle|spe|1
|-damage|p2a: Smeargle|7/100|[from] Stealth Rock
|turn|26
|
|t:|1760351400
|move|p2a: Smeargle|Fake Out|p1a: Skeledirge
|-damage|p1a: Skeledirge|50/100
|cant|p1a: Skeledirge|flinch
|
|-weather|none
|-heal|p1a: Skeledirge|56/100|[from] item: Leftovers
|upkeep
|turn|27
|
|t:|1760351408
|move|p1a: Skeledirge|Roar|p2a: Smeargle
|drag|p2a: Empoleon|Empoleon, M|45/100
|-activate|p2a: Empoleon|move: Sticky Web
|-unboost|p2a: Empoleon|spe|1
|-ability|p2a: Empoleon|Competitive|boost
|-boost|p2a: Empoleon|spa|2
|-damage|p2a: Empoleon|39/100|[from] Stealth Rock
|
|-heal|p1a: Skeledirge|62/100|[from] item: Leftovers
|upkeep
|turn|28
|
|t:|1760351419
|move|p2a: Empoleon|Ice Beam|p1a: Skeledirge
|-damage|p1a: Skeledirge|23/100
|-damage|p2a: Empoleon|29/100|[from] item: Life Orb
|move|p1a: Skeledirge|Roar|p2a: Empoleon
|drag|p2a: Passimian|Passimian, F|91/100
|-activate|p2a: Passimian|move: Sticky Web
|-unboost|p2a: Passimian|spe|1
|-ability|p2a: Passimian|Defiant|boost
|-boost|p2a: Passimian|atk|2
|-damage|p2a: Passimian|84/100|[from] Stealth Rock
|
|-heal|p1a: Skeledirge|29/100|[from] item: Leftovers
|upkeep
|turn|29
|
|t:|1760351436
|move|p1a: Skeledirge|Slack Off|p1a: Skeledirge
|-heal|p1a: Skeledirge|79/100
|move|p2a: Passimian|Drain Punch|p1a: Skeledirge
|-resisted|p1a: Skeledirge
|-damage|p1a: Skeledirge|63/100
|-heal|p2a: Passimian|93/100|[from] drain|[of] p1a: Skeledirge
|-damage|p2a: Passimian|83/100|[from] item: Life Orb
|
|-heal|p1a: Skeledirge|69/100|[from] item: Leftovers
|upkeep
|turn|30
|
|t:|1760351448
|move|p1a: Skeledirge|Torch Song|p2a: Passimian
|-damage|p2a: Passimian|0 fnt
|-boost|p1a: Skeledirge|spa|1
|faint|p2a: Passimian
|
|-heal|p1a: Skeledirge|75/100|[from] item: Leftovers
|upkeep
|-message|tiandobao forfeited.
|
|win|saltylaplace
|raw|saltylaplace's rating: 1069 &rarr; <strong>1101</strong><br />(+32 for winning)
|raw|tiandobao's rating: 1095 &rarr; <strong>1069</strong><br />(-26 for losing)
|l|☆tiandobao
|player|p2|
|l|☆saltylaplace
|player|p1|
