|j|☆Princessjosie1001!
|j|☆ekud
|t:|1760449015
|gametype|singles
|player|p1|Princessjosie1001!|nurse|1461
|player|p2|ekud|1|1560
|gen|9
|tier|[Gen 9] OU
|rated|
|rule|HP Percentage Mod: HP is shown in percentages
|rule|Endless Battle Clause: Forcing endless battles is banned
|rule|Species Clause: Limit one of each Pokémon
|rule|OHKO Clause: OHKO moves are banned
|rule|Evasion Items Clause: Evasion items are banned
|rule|Evasion Moves Clause: Evasion moves are banned
|rule|Evasion Abilities Clause: Evasion abilities are banned
|rule|Sleep Moves Clause: Sleep-inducing moves are banned
|clearpoke
|poke|p1|Yanmega, F|
|poke|p1|Cloyster, M|
|poke|p1|Salazzle, F|
|poke|p1|Espeon, M|
|poke|p1|Jirachi|
|poke|p1|Maushold-Four|
|poke|p2|Dragonite, M|
|poke|p2|Deoxys-Speed|
|poke|p2|Great Tusk|
|poke|p2|Kingambit, F|
|poke|p2|Glimmora, M|
|poke|p2|Iron Valiant|
|teampreview
|
|t:|1760449020
|teamsize|p1|6
|teamsize|p2|6
|start
|switch|p1a: Jirachi|Jirachi|100/100
|switch|p2a: Glimmora|Glimmora, M|100/100
|turn|1
|
|t:|1760449026
|move|p1a: Jirachi|U-turn|p2a: Glimmora
|-resisted|p2a: Glimmora
|-damage|p2a: Glimmora|86/100
|-activate|p2a: Glimmora|ability: Toxic Debris
|-sidestart|p1: Princessjosie1001!|move: Toxic Spikes
|
|t:|1760449031
|switch|p1a: No hazard allowed|Espeon, M|100/100|[from] U-turn
|-status|p1a: No hazard allowed|psn
|move|p2a: Glimmora|Stealth Rock|p1a: No hazard allowed
|move|p1a: No hazard allowed|Stealth Rock|p2a: Glimmora|[from] ability: Magic Bounce
|-sidestart|p2: ekud|move: Stealth Rock
|
|-damage|p1a: No hazard allowed|88/100 psn|[from] psn
|upkeep
|turn|2
|
|t:|1760449042
|move|p1a: No hazard allowed|Psychic|p2a: Glimmora
|-supereffective|p2a: Glimmora
|-crit|p2a: Glimmora
|-damage|p2a: Glimmora|0 fnt
|faint|p2a: Glimmora
|
|-damage|p1a: No hazard allowed|76/100 psn|[from] psn
|upkeep
|
|t:|1760449052
|switch|p2a: Iron Valiant|Iron Valiant|100/100
|-damage|p2a: Iron Valiant|94/100|[from] Stealth Rock
|-enditem|p2a: Iron Valiant|Booster Energy
|-activate|p2a: Iron Valiant|ability: Quark Drive|[fromitem]
|-start|p2a: Iron Valiant|quarkdrivespe
|turn|3
|
|t:|1760449058
|move|p2a: Iron Valiant|Knock Off|p1a: No hazard allowed
|-supereffective|p1a: No hazard allowed
|-damage|p1a: No hazard allowed|0 fnt
|-enditem|p1a: No hazard allowed|Choice Scarf|[from] move: Knock Off|[of] p2a: Iron Valiant
|faint|p1a: No hazard allowed
|
|upkeep
|
|t:|1760449066
|switch|p1a: Salazzle|Salazzle, F|100/100
|-sideend|p1: Princessjosie1001!|move: Toxic Spikes|[of] p1a: Salazzle
|turn|4
|
|t:|1760449073
|move|p2a: Iron Valiant|Knock Off|p1a: Salazzle
|-damage|p1a: Salazzle|37/100
|-enditem|p1a: Salazzle|Focus Sash|[from] move: Knock Off|[of] p2a: Iron Valiant
|move|p1a: Salazzle|Sludge Wave|p2a: Iron Valiant
|-supereffective|p2a: Iron Valiant
|-damage|p2a: Iron Valiant|0 fnt
|faint|p2a: Iron Valiant
|-end|p2a: Iron Valiant|Quark Drive|[silent]
|
|upkeep
|
|t:|1760449081
|switch|p2a: Deoxys|Deoxys-Speed|100/100
|-damage|p2a: Deoxys|88/100|[from] Stealth Rock
|-ability|p2a: Deoxys|Pressure
|turn|5
|
|t:|1760449090
|switch|p1a: Yanmega|Yanmega, F|100/100
|move|p2a: Deoxys|Light Screen|p2a: Deoxys
|-sidestart|p2: ekud|move: Light Screen
|
|upkeep
|turn|6
|
|t:|1760449097
|move|p2a: Deoxys|Taunt|p1a: Yanmega
|-start|p1a: Yanmega|move: Taunt
|move|p1a: Yanmega|Bug Buzz|p2a: Deoxys
|-supereffective|p2a: Deoxys
|-damage|p2a: Deoxys|13/100
|-damage|p1a: Yanmega|91/100|[from] item: Life Orb
|
|-ability|p1a: Yanmega|Speed Boost|boost
|-boost|p1a: Yanmega|spe|1
|upkeep
|turn|7
|
|t:|1760449106
|move|p2a: Deoxys|Reflect|p2a: Deoxys
|-sidestart|p2: ekud|Reflect
|move|p1a: Yanmega|Ancient Power|p2a: Deoxys
|-damage|p2a: Deoxys|0 fnt
|faint|p2a: Deoxys
|-damage|p1a: Yanmega|81/100|[from] item: Life Orb
|
|-ability|p1a: Yanmega|Speed Boost|boost
|-boost|p1a: Yanmega|spe|1
|upkeep
|
|t:|1760449114
|switch|p2a: Great Tusk|Great Tusk|100/100
|-damage|p2a: Great Tusk|97/100|[from] Stealth Rock
|-enditem|p2a: Great Tusk|Booster Energy
|-activate|p2a: Great Tusk|ability: Protosynthesis|[fromitem]
|-start|p2a: Great Tusk|protosynthesisspe
|turn|8
|
|t:|1760449120
|move|p1a: Yanmega|Air Slash|p2a: Great Tusk
|-supereffective|p2a: Great Tusk
|-damage|p2a: Great Tusk|33/100
|-damage|p1a: Yanmega|71/100|[from] item: Life Orb
|cant|p2a: Great Tusk|flinch
|
|-end|p1a: Yanmega|move: Taunt
|-ability|p1a: Yanmega|Speed Boost|boost
|-boost|p1a: Yanmega|spe|1
|upkeep
|turn|9
|
|t:|1760449128
|move|p1a: Yanmega|Air Slash|p2a: Great Tusk
|-supereffective|p2a: Great Tusk
|-damage|p2a: Great Tusk|0 fnt
|faint|p2a: Great Tusk
|-end|p2a: Great Tusk|Protosynthesis|[silent]
|-damage|p1a: Yanmega|61/100|[from] item: Life Orb
|
|-ability|p1a: Yanmega|Speed Boost|boost
|-boost|p1a: Yanmega|spe|1
|upkeep
|
|t:|1760449136
|switch|p2a: Kingambit|Kingambit, F|100/100
|-damage|p2a: Kingambit|94/100|[from] Stealth Rock
|-activate|p2a: Kingambit|ability: Supreme Overlord
|-start|p2a: Kingambit|fallen4|[silent]
|turn|10
|
|t:|1760449143
|move|p1a: Yanmega|Bug Buzz|p2a: Kingambit
|-damage|p2a: Kingambit|57/100
|-damage|p1a: Yanmega|51/100|[from] item: Life Orb
|move|p2a: Kingambit|Swords Dance|p2a: Kingambit
|-boost|p2a: Kingambit|atk|2
|
|-heal|p2a: Kingambit|63/100|[from] item: Leftovers
|-ability|p1a: Yanmega|Speed Boost|boost
|-boost|p1a: Yanmega|spe|1
|upkeep
|turn|11
|
|t:|1760449153
|move|p1a: Yanmega|Protect|p1a: Yanmega
|-singleturn|p1a: Yanmega|Protect
|move|p2a: Kingambit|Sucker Punch||[still]
|-fail|p2a: Kingambit
|
|-heal|p2a: Kingambit|69/100|[from] item: Leftovers
|-ability|p1a: Yanmega|Speed Boost|boost
|-boost|p1a: Yanmega|spe|1
|upkeep
|turn|12
|
|t:|1760449161
|move|p2a: Kingambit|Sucker Punch|p1a: Yanmega
|-damage|p1a: Yanmega|0 fnt
|faint|p1a: Yanmega
|
|-heal|p2a: Kingambit|75/100|[from] item: Leftovers
|-sideend|p2: ekud|move: Light Screen
|upkeep
|
|t:|1760449167
|switch|p1a: Salazzle|Salazzle, F|37/100
|turn|13
|
|t:|1760449171
|move|p2a: Kingambit|Sucker Punch||[still]
|-fail|p2a: Kingambit
|move|p1a: Salazzle|Toxic|p2a: Kingambit
|-status|p2a: Kingambit|tox
|
|-heal|p2a: Kingambit|81/100 tox|[from] item: Leftovers
|-damage|p2a: Kingambit|75/100 tox|[from] psn
|upkeep
|turn|14
|
|t:|1760449179
|move|p2a: Kingambit|Sucker Punch||[still]
|-fail|p2a: Kingambit
|move|p1a: Salazzle|Toxic|p2a: Kingambit
|-fail|p2a: Kingambit|tox
|
|-heal|p2a: Kingambit|81/100 tox|[from] item: Leftovers
|-damage|p2a: Kingambit|69/100 tox|[from] psn
|-sideend|p2: ekud|Reflect
|upkeep
|turn|15
|
|t:|1760449187
|move|p2a: Kingambit|Sucker Punch|p1a: Salazzle
|-damage|p1a: Salazzle|0 fnt
|faint|p1a: Salazzle
|
|-heal|p2a: Kingambit|75/100 tox|[from] item: Leftovers
|-damage|p2a: Kingambit|57/100 tox|[from] psn
|upkeep
|
|t:|1760449194
|switch|p1a: Jirachi|Jirachi|100/100
|turn|16
|
|t:|1760449199
|move|p1a: Jirachi|Iron Head|p2a: Kingambit
|-resisted|p2a: Kingambit
|-damage|p2a: Kingambit|42/100 tox
|move|p2a: Kingambit|Low Kick|p1a: Jirachi
|-damage|p1a: Jirachi|79/100
|
|-heal|p2a: Kingambit|48/100 tox|[from] item: Leftovers
|-damage|p2a: Kingambit|23/100 tox|[from] psn
|upkeep
|turn|17
|
|t:|1760449210
|switch|p1a: Cloyster|Cloyster, M|100/100
|move|p2a: Kingambit|Sucker Punch||[still]
|-fail|p2a: Kingambit
|
|-heal|p2a: Kingambit|29/100 tox|[from] item: Leftovers
|-damage|p2a: Kingambit|0 fnt|[from] psn
|faint|p2a: Kingambit
|-end|p2a: Kingambit|fallen4|[silent]
|upkeep
|
|t:|1760449218
|switch|p2a: Dragonite|Dragonite, M|100/100
|-damage|p2a: Dragonite|76/100|[from] Stealth Rock
|turn|18
|
|t:|1760449224
|-terastallize|p1a: Cloyster|Ice
|move|p2a: Dragonite|Dragon Dance|p2a: Dragonite
|-boost|p2a: Dragonite|atk|1
|-boost|p2a: Dragonite|spe|1
|move|p1a: Cloyster|Icicle Spear|p2a: Dragonite
|-supereffective|p2a: Dragonite
|-damage|p2a: Dragonite|9/100
|-supereffective|p2a: Dragonite
|-damage|p2a: Dragonite|0 fnt
|faint|p2a: Dragonite
|-hitcount|p2: Dragonite|2
|
|win|Princessjosie1001!
|raw|Princessjosie1001!'s rating: 1461 &rarr; <strong>1487</strong><br />(+26 for winning)
|raw|ekud's rating: 1560 &rarr; <strong>1534</strong><br />(-26 for losing)
|l|☆ekud
|player|p2|
|l|☆Princessjosie1001!
|player|p1|
