|j|☆Hi I Am Red Dead 2
|j|☆Jerelmy
|t:|1760454543
|gametype|singles
|player|p1|Hi I Am Red Dead 2|red|1304
|player|p2|Jerelmy|red|1311
|gen|9
|tier|[Gen 9] OU
|rated|
|rule|HP Percentage Mod: HP is shown in percentages
|rule|Endless Battle Clause: Forcing endless battles is banned
|rule|Species Clause: Limit one of each Pokémon
|rule|OHKO Clause: OHKO moves are banned
|rule|Evasion Items Clause: Evasion items are banned
|rule|Evasion Moves Clause: Evasion moves are banned
|rule|Evasion Abilities Clause: Evasion abilities are banned
|rule|Sleep Moves Clause: Sleep-inducing moves are banned
|clearpoke
|poke|p1|Garchomp, M|
|poke|p1|Pecharunt|
|poke|p1|Primarina, M|
|poke|p1|Mandibuzz, F|
|poke|p1|Deoxys-Speed|
|poke|p1|Blaziken, F|
|poke|p2|Delphox, F|
|poke|p2|Greninja-*, M|
|poke|p2|Scizor, M|
|poke|p2|Umbreon, F|
|poke|p2|Conkeldurr, M|
|poke|p2|Goodra, F|
|teampreview
|inactive|Battle timer is ON: inactive players will automatically lose when time's up. (requested by Hi I Am Red Dead 2)
|
|t:|1760454560
|teamsize|p1|6
|teamsize|p2|6
|start
|switch|p1a: Pecharunt|Pecharunt|100/100
|switch|p2a: Hermione|Delphox, F|100/100
|turn|1
|
|t:|1760454568
|move|p2a: Hermione|Psychic|p1a: Pecharunt
|-supereffective|p1a: Pecharunt
|-damage|p1a: Pecharunt|7/100
|move|p1a: Pecharunt|Parting Shot|p2a: Hermione
|-unboost|p2a: Hermione|atk|1
|-unboost|p2a: Hermione|spa|1
|
|t:|1760454578
|switch|p1a: Garchomp|Garchomp, M|100/100|[from] Parting Shot
|
|upkeep
|turn|2
|
|t:|1760454591
|switch|p2a: Luna|Umbreon, F|100/100
|move|p1a: Garchomp|Earthquake|p2a: Luna
|-damage|p2a: Luna|68/100
|
|-heal|p2a: Luna|74/100|[from] item: Leftovers
|upkeep
|turn|3
|
|t:|1760454603
|switch|p1a: Primarina|Primarina, M|100/100
|move|p2a: Luna|Toxic|p1a: Primarina
|-status|p1a: Primarina|tox
|
|-heal|p2a: Luna|80/100|[from] item: Leftovers
|-damage|p1a: Primarina|94/100 tox|[from] psn
|upkeep
|turn|4
|inactive|Jerelmy has 120 seconds left.
|
|t:|1760454634
|switch|p2a: Play-Doh|Goodra, F|100/100
|move|p1a: Primarina|Flip Turn|p2a: Play-Doh
|-resisted|p2a: Play-Doh
|-damage|p2a: Play-Doh|91/100
|-ability|p2a: Play-Doh|Gooey
|-unboost|p1a: Primarina|spe|1
|
|t:|1760454642
|switch|p1a: Blaziken|Blaziken, F|100/100|[from] Flip Turn
|
|-heal|p2a: Play-Doh|97/100|[from] item: Leftovers
|upkeep
|turn|5
|
|t:|1760454649
|move|p1a: Blaziken|Swords Dance|p1a: Blaziken
|-boost|p1a: Blaziken|atk|2
|move|p2a: Play-Doh|Dragon Pulse|p1a: Blaziken
|-damage|p1a: Blaziken|36/100
|
|-heal|p2a: Play-Doh|100/100|[from] item: Leftovers
|-ability|p1a: Blaziken|Speed Boost|boost
|-boost|p1a: Blaziken|spe|1
|upkeep
|turn|6
|
|t:|1760454659
|move|p1a: Blaziken|Close Combat|p2a: Play-Doh
|-crit|p2a: Play-Doh
|-damage|p2a: Play-Doh|0 fnt
|-unboost|p1a: Blaziken|def|1
|-unboost|p1a: Blaziken|spd|1
|-activate|p2a: Play-Doh|ability: Gooey
|-activate|p1a: Blaziken|item: Protective Pads
|faint|p2a: Play-Doh
|
|-ability|p1a: Blaziken|Speed Boost|boost
|-boost|p1a: Blaziken|spe|1
|upkeep
|
|t:|1760454665
|switch|p2a: Shadow|Greninja, M|100/100
|turn|7
|
|t:|1760454674
|switch|p1a: Primarina|Primarina, M|94/100 tox
|move|p2a: Shadow|Water Shuriken|p1a: Primarina
|-resisted|p1a: Primarina
|-damage|p1a: Primarina|93/100 tox
|-resisted|p1a: Primarina
|-damage|p1a: Primarina|91/100 tox
|-resisted|p1a: Primarina
|-damage|p1a: Primarina|89/100 tox
|-resisted|p1a: Primarina
|-damage|p1a: Primarina|87/100 tox
|-resisted|p1a: Primarina
|-damage|p1a: Primarina|86/100 tox
|-hitcount|p1a: Primarina|5
|
|-damage|p1a: Primarina|80/100 tox|[from] psn
|upkeep
|turn|8
|
|t:|1760454689
|move|p2a: Shadow|Sludge Wave|p1a: Primarina
|-supereffective|p1a: Primarina
|-damage|p1a: Primarina|49/100 tox
|move|p1a: Primarina|Flip Turn|p2a: Shadow
|-resisted|p2a: Shadow
|-damage|p2a: Shadow|88/100
|
|t:|1760454698
|switch|p1a: Deoxys|Deoxys-Speed|100/100|[from] Flip Turn
|-ability|p1a: Deoxys|Pressure
|
|upkeep
|turn|9
|
|t:|1760454705
|switch|p2a: Luna|Umbreon, F|80/100
|move|p1a: Deoxys|Focus Blast|p2a: Luna
|-supereffective|p2a: Luna
|-damage|p2a: Luna|33/100
|
|-heal|p2a: Luna|39/100|[from] item: Leftovers
|upkeep
|turn|10
|
|t:|1760454714
|move|p1a: Deoxys|Focus Blast|p2a: Luna
|-supereffective|p2a: Luna
|-damage|p2a: Luna|0 fnt
|faint|p2a: Luna
|
|upkeep
|
|t:|1760454721
|switch|p2a: Robin|Scizor, M|100/100
|turn|11
|
|t:|1760454729
|switch|p1a: Pecharunt|Pecharunt|7/100
|move|p2a: Robin|Swords Dance|p2a: Robin
|-boost|p2a: Robin|atk|2
|
|upkeep
|turn|12
|
|t:|1760454737
|move|p2a: Robin|Bullet Punch|p1a: Pecharunt
|-damage|p1a: Pecharunt|0 fnt
|faint|p1a: Pecharunt
|
|upkeep
|
|t:|1760454744
|switch|p1a: Garchomp|Garchomp, M|100/100
|turn|13
|
|t:|1760454749
|move|p1a: Garchomp|Earthquake|p2a: Robin
|-crit|p2a: Robin
|-damage|p2a: Robin|20/100
|move|p2a: Robin|Knock Off|p1a: Garchomp
|-damage|p1a: Garchomp|27/100
|-damage|p2a: Robin|7/100|[from] ability: Rough Skin|[of] p1a: Garchomp
|-enditem|p1a: Garchomp|Choice Scarf|[from] move: Knock Off|[of] p2a: Robin
|
|upkeep
|turn|14
|
|t:|1760454764
|move|p2a: Robin|Bullet Punch|p1a: Garchomp
|-damage|p1a: Garchomp|0 fnt
|-damage|p2a: Robin|0 fnt|[from] ability: Rough Skin|[of] p1a: Garchomp
|faint|p1a: Garchomp
|faint|p2a: Robin
|
|upkeep
|
|t:|1760454773
|switch|p1a: Mandibuzz|Mandibuzz, F|100/100
|switch|p2a: Unc|Conkeldurr, M|100/100
|turn|15
|
|t:|1760454781
|move|p1a: Mandibuzz|U-turn|p2a: Unc
|-resisted|p2a: Unc
|-damage|p2a: Unc|96/100
|
|t:|1760454789
|switch|p1a: Blaziken|Blaziken, F|36/100|[from] U-turn
|move|p2a: Unc|Thunder Punch|p1a: Blaziken
|-damage|p1a: Blaziken|0 fnt
|faint|p1a: Blaziken
|
|-status|p2a: Unc|brn|[from] item: Flame Orb
|upkeep
|
|t:|1760454799
|switch|p1a: Deoxys|Deoxys-Speed|100/100
|-ability|p1a: Deoxys|Pressure
|turn|16
|
|t:|1760454828
|switch|p2a: Shadow|Greninja, M|88/100
|move|p1a: Deoxys|Psychic|p2a: Shadow
|-immune|p2a: Shadow
|
|upkeep
|turn|17
|
|t:|1760454838
|move|p1a: Deoxys|Focus Blast|p2a: Shadow
|-supereffective|p2a: Shadow
|-damage|p2a: Shadow|0 fnt
|faint|p2a: Shadow
|
|upkeep
|
|t:|1760454842
|switch|p2a: Hermione|Delphox, F|100/100
|turn|18
|
|t:|1760454848
|switch|p1a: Mandibuzz|Mandibuzz, F|100/100
|move|p2a: Hermione|Flamethrower|p1a: Mandibuzz
|-damage|p1a: Mandibuzz|72/100
|
|upkeep
|turn|19
|
|t:|1760454855
|move|p2a: Hermione|Flamethrower|p1a: Mandibuzz
|-damage|p1a: Mandibuzz|42/100
|move|p1a: Mandibuzz|U-turn|p2a: Hermione
|-damage|p2a: Hermione|84/100
|
|t:|1760454861
|switch|p1a: Primarina|Primarina, M|49/100 tox|[from] U-turn
|
|-damage|p1a: Primarina|43/100 tox|[from] psn
|upkeep
|turn|20
|
|t:|1760454869
|switch|p2a: Unc|Conkeldurr, M|96/100 brn
|move|p1a: Primarina|Psychic Noise|p2a: Unc
|-damage|p2a: Unc|48/100 brn
|-start|p2a: Unc|move: Heal Block
|
|-damage|p1a: Primarina|31/100 tox|[from] psn
|-damage|p2a: Unc|42/100 brn|[from] brn
|upkeep
|turn|21
|
|t:|1760454880
|move|p2a: Unc|Mach Punch|p1a: Primarina
|-resisted|p1a: Primarina
|-damage|p1a: Primarina|10/100 tox
|move|p1a: Primarina|Moonblast|p2a: Unc
|-supereffective|p2a: Unc
|-damage|p2a: Unc|0 fnt
|faint|p2a: Unc
|
|-damage|p1a: Primarina|0 fnt|[from] psn
|faint|p1a: Primarina
|upkeep
|
|t:|1760454891
|switch|p1a: Deoxys|Deoxys-Speed|100/100
|switch|p2a: Hermione|Delphox, F|84/100
|-ability|p1a: Deoxys|Pressure
|turn|22
|
|t:|1760454901
|move|p1a: Deoxys|Psychic|p2a: Hermione
|-resisted|p2a: Hermione
|-damage|p2a: Hermione|61/100
|move|p2a: Hermione|Flamethrower|p1a: Deoxys
|-damage|p1a: Deoxys|23/100
|
|upkeep
|turn|23
|
|t:|1760454908
|move|p1a: Deoxys|Psychic|p2a: Hermione
|-resisted|p2a: Hermione
|-damage|p2a: Hermione|37/100
|move|p2a: Hermione|Flamethrower|p1a: Deoxys
|-damage|p1a: Deoxys|0 fnt
|faint|p1a: Deoxys
|
|upkeep
|
|t:|1760454917
|switch|p1a: Mandibuzz|Mandibuzz, F|42/100
|turn|24
|
|t:|1760454922
|move|p2a: Hermione|Flamethrower|p1a: Mandibuzz
|-damage|p1a: Mandibuzz|13/100
|-status|p1a: Mandibuzz|brn
|move|p1a: Mandibuzz|Roost|p1a: Mandibuzz
|-heal|p1a: Mandibuzz|63/100 brn
|-singleturn|p1a: Mandibuzz|move: Roost
|
|-damage|p1a: Mandibuzz|57/100 brn|[from] brn
|upkeep
|turn|25
|
|t:|1760454934
|-terastallize|p2a: Hermione|Fairy
|move|p2a: Hermione|Flamethrower|p1a: Mandibuzz
|-damage|p1a: Mandibuzz|31/100 brn
|move|p1a: Mandibuzz|Roost|p1a: Mandibuzz
|-heal|p1a: Mandibuzz|82/100 brn
|-singleturn|p1a: Mandibuzz|move: Roost
|
|-damage|p1a: Mandibuzz|75/100 brn|[from] brn
|upkeep
|turn|26
|
|t:|1760454946
|move|p2a: Hermione|Flamethrower|p1a: Mandibuzz
|-damage|p1a: Mandibuzz|46/100 brn
|move|p1a: Mandibuzz|Roost|p1a: Mandibuzz
|-heal|p1a: Mandibuzz|96/100 brn
|-singleturn|p1a: Mandibuzz|move: Roost
|
|-damage|p1a: Mandibuzz|90/100 brn|[from] brn
|upkeep
|turn|27
|
|t:|1760454956
|move|p2a: Hermione|Flamethrower|p1a: Mandibuzz
|-damage|p1a: Mandibuzz|64/100 brn
|move|p1a: Mandibuzz|Foul Play|p2a: Hermione
|-resisted|p2a: Hermione
|-damage|p2a: Hermione|30/100
|
|-damage|p1a: Mandibuzz|58/100 brn|[from] brn
|upkeep
|turn|28
|
|t:|1760454966
|move|p2a: Hermione|Flamethrower|p1a: Mandibuzz
|-damage|p1a: Mandibuzz|19/100 brn
|move|p1a: Mandibuzz|Roost|p1a: Mandibuzz
|-heal|p1a: Mandibuzz|69/100 brn
|-singleturn|p1a: Mandibuzz|move: Roost
|
|-damage|p1a: Mandibuzz|63/100 brn|[from] brn
|upkeep
|turn|29
|
|t:|1760454976
|move|p2a: Hermione|Flamethrower|p1a: Mandibuzz
|-damage|p1a: Mandibuzz|18/100 brn
|move|p1a: Mandibuzz|Roost|p1a: Mandibuzz
|-heal|p1a: Mandibuzz|68/100 brn
|-singleturn|p1a: Mandibuzz|move: Roost
|
|-damage|p1a: Mandibuzz|62/100 brn|[from] brn
|upkeep
|turn|30
|
|t:|1760454986
|move|p2a: Hermione|Flamethrower|p1a: Mandibuzz
|-damage|p1a: Mandibuzz|23/100 brn
|move|p1a: Mandibuzz|Roost|p1a: Mandibuzz
|-heal|p1a: Mandibuzz|73/100 brn
|-singleturn|p1a: Mandibuzz|move: Roost
|
|-damage|p1a: Mandibuzz|67/100 brn|[from] brn
|upkeep
|turn|31
|
|t:|1760454997
|move|p2a: Hermione|Flamethrower|p1a: Mandibuzz
|-damage|p1a: Mandibuzz|27/100 brn
|move|p1a: Mandibuzz|Roost|p1a: Mandibuzz
|-heal|p1a: Mandibuzz|77/100 brn
|-singleturn|p1a: Mandibuzz|move: Roost
|
|-damage|p1a: Mandibuzz|71/100 brn|[from] brn
|upkeep
|turn|32
|
|t:|1760455007
|move|p2a: Hermione|Flamethrower|p1a: Mandibuzz
|-damage|p1a: Mandibuzz|29/100 brn
|move|p1a: Mandibuzz|Foul Play|p2a: Hermione
|-resisted|p2a: Hermione
|-damage|p2a: Hermione|23/100
|
|-damage|p1a: Mandibuzz|22/100 brn|[from] brn
|upkeep
|turn|33
|-message|Hi I Am Red Dead 2 forfeited.
|
|win|Jerelmy
|raw|Hi I Am Red Dead 2's rating: 1304 &rarr; <strong>1284</strong><br />(-20 for losing)
|raw|Jerelmy's rating: 1311 &rarr; <strong>1331</strong><br />(+20 for winning)
|l|☆Hi I Am Red Dead 2
|player|p1|
|l|☆Jerelmy
|player|p2|
