|j|☆kyoujic
|j|☆Twink for fent
|t:|1760383136
|gametype|singles
|player|p1|kyoujic|265|1523
|player|p2|Twink for fent|youngster|1449
|gen|9
|tier|[Gen 9] OU
|rated|
|rule|HP Percentage Mod: HP is shown in percentages
|rule|Endless Battle Clause: Forcing endless battles is banned
|rule|Species Clause: Limit one of each Pokémon
|rule|OHKO Clause: OHKO moves are banned
|rule|Evasion Items Clause: Evasion items are banned
|rule|Evasion Moves Clause: Evasion moves are banned
|rule|Evasion Abilities Clause: Evasion abilities are banned
|rule|Sleep Moves Clause: Sleep-inducing moves are banned
|clearpoke
|poke|p1|Toucannon, M|
|poke|p1|Dragonite, F|
|poke|p1|Zamazenta-*|
|poke|p1|Iron Treads|
|poke|p1|Zapdos|
|poke|p1|Primarina, M|
|poke|p2|Kingambit, F|
|poke|p2|Deoxys-Speed|
|poke|p2|Great Tusk|
|poke|p2|Dragonite, M|
|poke|p2|Iron Moth|
|poke|p2|Primarina, F|
|teampreview
|inactive|Battle timer is ON: inactive players will automatically lose when time's up. (requested by Twink for fent)
|j| venomania
|
|t:|1760383159
|teamsize|p1|6
|teamsize|p2|6
|start
|switch|p1a: Iron Treads|Iron Treads|100/100
|switch|p2a: Strange alien|Deoxys-Speed|100/100
|-ability|p2a: Strange alien|Pressure
|-item|p1a: Iron Treads|Air Balloon
|turn|1
|l| venomania
|
|t:|1760383165
|move|p2a: Strange alien|Focus Blast|p1a: Iron Treads
|-supereffective|p1a: Iron Treads
|-damage|p1a: Iron Treads|0 fnt
|-enditem|p1a: Iron Treads|Air Balloon
|faint|p1a: Iron Treads
|-end|p1a: Iron Treads|Quark Drive|[silent]
|
|upkeep
|
|t:|1760383171
|switch|p1a: Toucannon|Toucannon, M|100/100
|turn|2
|
|t:|1760383175
|switch|p2a: Sea puppy|Primarina, F|100/100
|move|p1a: Toucannon|Knock Off|p2a: Sea puppy
|-resisted|p2a: Sea puppy
|-damage|p2a: Sea puppy|76/100
|-enditem|p2a: Sea puppy|Assault Vest|[from] move: Knock Off|[of] p1a: Toucannon
|
|upkeep
|turn|3
|
|t:|1760383178
|-singleturn|p1a: Toucannon|move: Beak Blast
|move|p2a: Sea puppy|Moonblast|p1a: Toucannon
|-damage|p1a: Toucannon|57/100
|move|p1a: Toucannon|Beak Blast|p2a: Sea puppy
|-damage|p2a: Sea puppy|1/100
|
|upkeep
|turn|4
|
|t:|1760383182
|move|p2a: Sea puppy|Surf|p1a: Toucannon
|-damage|p1a: Toucannon|0 fnt
|faint|p1a: Toucannon
|
|upkeep
|
|t:|1760383192
|switch|p1a: Primarina|Primarina, M|100/100
|turn|5
|
|t:|1760383196
|move|p2a: Sea puppy|Psychic Noise|p1a: Primarina
|-damage|p1a: Primarina|85/100
|-start|p1a: Primarina|move: Heal Block
|move|p1a: Primarina|Flip Turn|p2a: Sea puppy
|-resisted|p2a: Sea puppy
|-damage|p2a: Sea puppy|0 fnt
|faint|p2a: Sea puppy
|
|t:|1760383199
|switch|p1a: Zapdos|Zapdos|100/100|[from] Flip Turn
|
|upkeep
|
|t:|1760383204
|switch|p2a: Strange alien|Deoxys-Speed|100/100
|-ability|p2a: Strange alien|Pressure
|turn|6
|
|t:|1760383207
|-terastallize|p2a: Strange alien|Psychic
|move|p2a: Strange alien|Psycho Boost|p1a: Zapdos
|-damage|p1a: Zapdos|0 fnt
|-unboost|p2a: Strange alien|spa|2
|faint|p1a: Zapdos
|
|upkeep
|
|t:|1760383214
|switch|p1a: Dragonite|Dragonite, F|100/100
|turn|7
|
|t:|1760383219
|switch|p2a: Ye olde donphan|Great Tusk|100/100
|-enditem|p2a: Ye olde donphan|Booster Energy
|-activate|p2a: Ye olde donphan|ability: Protosynthesis|[fromitem]
|-start|p2a: Ye olde donphan|protosynthesisatk
|move|p1a: Dragonite|Dragon Dance|p1a: Dragonite
|-boost|p1a: Dragonite|atk|1
|-boost|p1a: Dragonite|spe|1
|
|upkeep
|turn|8
|
|t:|1760383226
|-terastallize|p1a: Dragonite|Fire
|move|p1a: Dragonite|Scale Shot|p2a: Ye olde donphan
|-damage|p2a: Ye olde donphan|84/100
|-crit|p2a: Ye olde donphan
|-damage|p2a: Ye olde donphan|60/100
|-damage|p2a: Ye olde donphan|42/100
|-damage|p2a: Ye olde donphan|26/100
|-hitcount|p2a: Ye olde donphan|4
|-unboost|p1a: Dragonite|def|1
|-boost|p1a: Dragonite|spe|1
|move|p2a: Ye olde donphan|Rapid Spin|p1a: Dragonite
|-damage|p1a: Dragonite|83/100
|-boost|p2a: Ye olde donphan|spe|1
|
|upkeep
|turn|9
|
|t:|1760383230
|move|p1a: Dragonite|Extreme Speed|p2a: Ye olde donphan
|-damage|p2a: Ye olde donphan|0 fnt
|faint|p2a: Ye olde donphan
|-end|p2a: Ye olde donphan|Protosynthesis|[silent]
|
|upkeep
|
|t:|1760383233
|switch|p2a: D nite|Dragonite, M|100/100
|turn|10
|
|t:|1760383235
|move|p2a: D nite|Extreme Speed|p1a: Dragonite
|-damage|p1a: Dragonite|2/100
|move|p1a: Dragonite|Scale Shot|p2a: D nite
|-supereffective|p2a: D nite
|-crit|p2a: D nite
|-damage|p2a: D nite|61/100
|-supereffective|p2a: D nite
|-damage|p2a: D nite|13/100
|-supereffective|p2a: D nite
|-damage|p2a: D nite|0 fnt
|faint|p2a: D nite
|-hitcount|p2: D nite|3
|-unboost|p1a: Dragonite|def|1
|-boost|p1a: Dragonite|spe|1
|
|upkeep
|
|t:|1760383243
|switch|p2a: King|Kingambit, F|100/100
|-activate|p2a: King|ability: Supreme Overlord
|-start|p2a: King|fallen3|[silent]
|turn|11
|
|t:|1760383245
|move|p2a: King|Sucker Punch|p1a: Dragonite
|-damage|p1a: Dragonite|0 fnt
|faint|p1a: Dragonite
|
|upkeep
|
|t:|1760383250
|switch|p1a: Zamazenta|Zamazenta|100/100
|-ability|p1a: Zamazenta|Dauntless Shield|boost
|-boost|p1a: Zamazenta|def|1
|turn|12
|
|t:|1760383255
|-end|p2a: King|fallen3|[silent]
|switch|p2a: YOU GOT A LAMP?|Iron Moth|100/100
|-enditem|p2a: YOU GOT A LAMP?|Booster Energy
|-activate|p2a: YOU GOT A LAMP?|ability: Quark Drive|[fromitem]
|-start|p2a: YOU GOT A LAMP?|quarkdrivespe
|move|p1a: Zamazenta|Stone Edge|p2a: YOU GOT A LAMP?
|-supereffective|p2a: YOU GOT A LAMP?
|-damage|p2a: YOU GOT A LAMP?|0 fnt
|faint|p2a: YOU GOT A LAMP?
|-end|p2a: YOU GOT A LAMP?|Quark Drive|[silent]
|
|upkeep
|
|t:|1760383258
|switch|p2a: Strange alien|Deoxys-Speed, tera:Psychic|100/100
|-ability|p2a: Strange alien|Pressure
|turn|13
|
|t:|1760383263
|move|p2a: Strange alien|Psycho Boost|p1a: Zamazenta
|-supereffective|p1a: Zamazenta
|-damage|p1a: Zamazenta|0 fnt
|-unboost|p2a: Strange alien|spa|2
|faint|p1a: Zamazenta
|
|upkeep
|
|t:|1760383265
|switch|p1a: Primarina|Primarina, M|85/100
|turn|14
|
|t:|1760383269
|move|p2a: Strange alien|Psycho Boost|p1a: Primarina|[miss]
|-miss|p2a: Strange alien|p1a: Primarina
|move|p1a: Primarina|Moonblast|p2a: Strange alien
|-damage|p2a: Strange alien|17/100
|
|upkeep
|turn|15
|
|t:|1760383272
|switch|p2a: King|Kingambit, F|100/100
|-activate|p2a: King|ability: Supreme Overlord
|-start|p2a: King|fallen4|[silent]
|move|p1a: Primarina|Moonblast|p2a: King
|-damage|p2a: King|43/100
|
|upkeep
|turn|16
|
|t:|1760383300
|move|p2a: King|Iron Head|p1a: Primarina
|-crit|p1a: Primarina
|-damage|p1a: Primarina|0 fnt
|faint|p1a: Primarina
|
|win|Twink for fent
|raw|kyoujic's rating: 1523 &rarr; <strong>1499</strong><br />(-24 for losing)
|raw|Twink for fent's rating: 1449 &rarr; <strong>1473</strong><br />(+24 for winning)
|l|☆kyoujic
|player|p1|
|l|☆Twink for fent
|player|p2|
