|j|☆bbmint4L
|j|☆yyyywwww
|t:|1760376237
|gametype|singles
|player|p1|bbmint4L|n|1137
|player|p2|yyyywwww|266|1189
|gen|9
|tier|[Gen 9] OU
|rated|
|rule|HP Percentage Mod: HP is shown in percentages
|rule|Endless Battle Clause: Forcing endless battles is banned
|rule|Species Clause: Limit one of each Pokémon
|rule|OHKO Clause: OHKO moves are banned
|rule|Evasion Items Clause: Evasion items are banned
|rule|Evasion Moves Clause: Evasion moves are banned
|rule|Evasion Abilities Clause: Evasion abilities are banned
|rule|Sleep Moves Clause: Sleep-inducing moves are banned
|clearpoke
|poke|p1|Eelektross, F|
|poke|p1|Scrafty, M|
|poke|p1|Excadrill, F|
|poke|p1|Chandelure, F|
|poke|p1|Iron Crown|
|poke|p1|Serperior, M|
|poke|p2|Primarina, F|
|poke|p2|Raging Bolt|
|poke|p2|Mabosstiff, F|
|poke|p2|Ogerpon-Wellspring, F|
|poke|p2|Iron Crown|
|poke|p2|Moltres|
|teampreview
|inactive|Battle timer is ON: inactive players will automatically lose when time's up. (requested by yyyywwww)
|
|t:|1760376259
|teamsize|p1|6
|teamsize|p2|6
|start
|switch|p1a: Scrafty|Scrafty, M|100/100
|switch|p2a: Ogerpon|Ogerpon-Wellspring, F|100/100
|turn|1
|
|t:|1760376271
|move|p1a: Scrafty|Fake Out|p2a: Ogerpon
|-damage|p2a: Ogerpon|86/100
|cant|p2a: Ogerpon|flinch
|
|upkeep
|turn|2
|
|t:|1760376280
|move|p2a: Ogerpon|Encore|p1a: Scrafty
|-start|p1a: Scrafty|Encore
|move|p1a: Scrafty|Fake Out||[still]
|-hint|Fake Out only works on your first turn out.
|-fail|p1a: Scrafty
|
|upkeep
|turn|3
|
|t:|1760376298
|switch|p1a: Eelektross|Eelektross, F|100/100
|move|p2a: Ogerpon|U-turn|p1a: Eelektross
|-damage|p1a: Eelektross|72/100
|
|t:|1760376307
|switch|p2a: Mabosstiff|Mabosstiff, F|100/100|[from] U-turn
|
|-heal|p1a: Eelektross|79/100|[from] item: Leftovers
|upkeep
|turn|4
|
|t:|1760376316
|move|p2a: Mabosstiff|Crunch|p1a: Eelektross
|-damage|p1a: Eelektross|8/100
|move|p1a: Eelektross|Coil|p1a: Eelektross
|-boost|p1a: Eelektross|atk|1
|-boost|p1a: Eelektross|def|1
|-boost|p1a: Eelektross|accuracy|1
|
|-heal|p1a: Eelektross|14/100|[from] item: Leftovers
|upkeep
|turn|5
|
|t:|1760376326
|move|p2a: Mabosstiff|Crunch|p1a: Eelektross
|-damage|p1a: Eelektross|0 fnt
|faint|p1a: Eelektross
|
|upkeep
|
|t:|1760376330
|switch|p1a: Scrafty|Scrafty, M|100/100
|turn|6
|
|t:|1760376341
|switch|p2a: Moltres|Moltres|100/100
|move|p1a: Scrafty|Fake Out|p2a: Moltres
|-damage|p2a: Moltres|92/100
|-status|p1a: Scrafty|brn|[from] ability: Flame Body|[of] p2a: Moltres
|
|-damage|p1a: Scrafty|95/100 brn|[from] brn
|upkeep
|turn|7
|
|t:|1760376352
|move|p2a: Moltres|U-turn|p1a: Scrafty
|-damage|p1a: Scrafty|81/100 brn
|
|t:|1760376356
|switch|p2a: Ogerpon|Ogerpon-Wellspring, F|86/100|[from] U-turn
|move|p1a: Scrafty|Knock Off|p2a: Ogerpon
|-damage|p2a: Ogerpon|69/100
|
|-damage|p1a: Scrafty|75/100 brn|[from] brn
|upkeep
|turn|8
|
|t:|1760376368
|move|p2a: Ogerpon|Encore|p1a: Scrafty
|-start|p1a: Scrafty|Encore
|move|p1a: Scrafty|Knock Off|p2a: Ogerpon
|-damage|p2a: Ogerpon|54/100
|
|-damage|p1a: Scrafty|69/100 brn|[from] brn
|upkeep
|turn|9
|
|t:|1760376381
|move|p2a: Ogerpon|U-turn|p1a: Scrafty
|-damage|p1a: Scrafty|44/100 brn
|
|t:|1760376390
|switch|p2a: Moltres|Moltres|92/100|[from] U-turn
|move|p1a: Scrafty|Knock Off|p2a: Moltres
|-damage|p2a: Moltres|76/100
|-enditem|p2a: Moltres|Heavy-Duty Boots|[from] move: Knock Off|[of] p1a: Scrafty
|
|-damage|p1a: Scrafty|38/100 brn|[from] brn
|upkeep
|turn|10
|
|t:|1760376412
|move|p2a: Moltres|U-turn|p1a: Scrafty
|-damage|p1a: Scrafty|25/100 brn
|
|t:|1760376415
|switch|p2a: Ogerpon|Ogerpon-Wellspring, F|54/100|[from] U-turn
|move|p1a: Scrafty|Knock Off|p2a: Ogerpon
|-damage|p2a: Ogerpon|40/100
|
|-damage|p1a: Scrafty|19/100 brn|[from] brn
|-end|p1a: Scrafty|Encore
|upkeep
|turn|11
|
|t:|1760376425
|move|p2a: Ogerpon|Horn Leech|p1a: Scrafty
|-damage|p1a: Scrafty|0 fnt
|-heal|p2a: Ogerpon|48/100|[from] drain|[of] p1a: Scrafty
|faint|p1a: Scrafty
|
|upkeep
|
|t:|1760376431
|switch|p1a: Chandelure|Chandelure, F|100/100
|turn|12
|
|t:|1760376436
|move|p2a: Ogerpon|Ivy Cudgel|p1a: Chandelure|[anim] Ivy Cudgel Water
|-supereffective|p1a: Chandelure
|-damage|p1a: Chandelure|0 fnt
|faint|p1a: Chandelure
|
|upkeep
|
|t:|1760376446
|switch|p1a: Serperior|Serperior, M|100/100
|turn|13
|
|t:|1760376455
|switch|p2a: Raging Bolt|Raging Bolt|100/100
|move|p1a: Serperior|Leaf Storm|p2a: Raging Bolt
|-resisted|p2a: Raging Bolt
|-damage|p2a: Raging Bolt|89/100
|-boost|p1a: Serperior|spa|2
|
|upkeep
|turn|14
|
|t:|1760376474
|move|p1a: Serperior|Leaf Storm|p2a: Raging Bolt
|-resisted|p2a: Raging Bolt
|-damage|p2a: Raging Bolt|67/100
|-boost|p1a: Serperior|spa|2
|move|p2a: Raging Bolt|Draco Meteor|p1a: Serperior
|-damage|p1a: Serperior|10/100
|-unboost|p2a: Raging Bolt|spa|2
|
|upkeep
|turn|15
|
|t:|1760376485
|move|p1a: Serperior|Dragon Pulse|p2a: Raging Bolt
|-supereffective|p2a: Raging Bolt
|-damage|p2a: Raging Bolt|10/100
|move|p2a: Raging Bolt|Volt Switch|p1a: Serperior
|-resisted|p1a: Serperior
|-damage|p1a: Serperior|0 fnt
|faint|p1a: Serperior
|
|t:|1760376495
|-end|p2a: Raging Bolt|Protosynthesis|[silent]
|switch|p2a: Iron Crown|Iron Crown|100/100|[from] Volt Switch
|
|upkeep
|
|t:|1760376500
|switch|p1a: Excadrill|Excadrill, F|100/100
|-ability|p1a: Excadrill|Mold Breaker
|-item|p1a: Excadrill|Air Balloon
|turn|16
|
|t:|1760376511
|-terastallize|p2a: Iron Crown|Fighting
|move|p2a: Iron Crown|Tera Blast|p1a: Excadrill|[anim] Tera Blast Fighting
|-supereffective|p1a: Excadrill
|-damage|p1a: Excadrill|0 fnt
|-enditem|p1a: Excadrill|Air Balloon
|faint|p1a: Excadrill
|
|upkeep
|inactive|bbmint4L has 120 seconds left.
|
|t:|1760376557
|switch|p1a: Iron Crown|Iron Crown|100/100
|-enditem|p1a: Iron Crown|Booster Energy
|-activate|p1a: Iron Crown|ability: Quark Drive|[fromitem]
|-start|p1a: Iron Crown|quarkdrivespe
|turn|17
|
|t:|1760376563
|move|p1a: Iron Crown|Calm Mind|p1a: Iron Crown
|-boost|p1a: Iron Crown|spa|1
|-boost|p1a: Iron Crown|spd|1
|move|p2a: Iron Crown|Tera Blast|p1a: Iron Crown|[anim] Tera Blast Fighting
|-damage|p1a: Iron Crown|77/100
|
|upkeep
|turn|18
|
|t:|1760376587
|move|p1a: Iron Crown|Stored Power|p2a: Iron Crown
|-supereffective|p2a: Iron Crown
|-damage|p2a: Iron Crown|32/100
|move|p2a: Iron Crown|Tera Blast|p1a: Iron Crown|[anim] Tera Blast Fighting
|-damage|p1a: Iron Crown|54/100
|
|upkeep
|turn|19
|
|t:|1760376600
|move|p1a: Iron Crown|Stored Power|p2a: Iron Crown
|-supereffective|p2a: Iron Crown
|-damage|p2a: Iron Crown|0 fnt
|faint|p2a: Iron Crown
|-end|p2a: Iron Crown|Quark Drive|[silent]
|
|upkeep
|
|t:|1760376607
|switch|p2a: Primarina|Primarina, F|100/100
|turn|20
|inactive|bbmint4L has 90 seconds left.
|
|t:|1760376635
|move|p1a: Iron Crown|Flash Cannon|p2a: Primarina
|-damage|p2a: Primarina|56/100
|move|p2a: Primarina|Sparkling Aria|p1a: Iron Crown
|-damage|p1a: Iron Crown|16/100
|
|upkeep
|turn|21
|
|t:|1760376642
|move|p1a: Iron Crown|Flash Cannon|p2a: Primarina
|-damage|p2a: Primarina|15/100
|move|p2a: Primarina|Sparkling Aria|p1a: Iron Crown
|-damage|p1a: Iron Crown|0 fnt
|faint|p1a: Iron Crown
|-end|p1a: Iron Crown|Quark Drive|[silent]
|
|win|yyyywwww
|raw|bbmint4L's rating: 1137 &rarr; <strong>1116</strong><br />(-21 for losing)
|raw|yyyywwww's rating: 1189 &rarr; <strong>1210</strong><br />(+21 for winning)
|l|☆bbmint4L
|player|p1|
|l|☆yyyywwww
|player|p2|
