|j|☆wgfwagarg
|j|☆uuyfgaifgigfwi
|t:|1760333250
|gametype|singles
|player|p1|wgfwagarg|170|1126
|player|p2|uuyfgaifgigfwi|265|1074
|gen|9
|tier|[Gen 9] OU
|rated|
|rule|HP Percentage Mod: HP is shown in percentages
|rule|Endless Battle Clause: Forcing endless battles is banned
|rule|Species Clause: Limit one of each Pokémon
|rule|OHKO Clause: OHKO moves are banned
|rule|Evasion Items Clause: Evasion items are banned
|rule|Evasion Moves Clause: Evasion moves are banned
|rule|Evasion Abilities Clause: Evasion abilities are banned
|rule|Sleep Moves Clause: Sleep-inducing moves are banned
|clearpoke
|poke|p1|Dragapult, F|
|poke|p1|Hatterene, F|
|poke|p1|Haxorus, F|
|poke|p1|Greninja-*, M|
|poke|p1|Ursaluna, M|
|poke|p1|Arcanine, M|
|poke|p2|Dragonite, M|
|poke|p2|Ting-Lu|
|poke|p2|Alomomola, F|
|poke|p2|Gholdengo|
|poke|p2|Slowking-Galar, M|
|poke|p2|Tyranitar, F|
|teampreview
|
|t:|1760333284
|teamsize|p1|6
|teamsize|p2|6
|start
|switch|p1a: Dragapult|Dragapult, F|100/100
|switch|p2a: Dragonite|Dragonite, M|100/100
|turn|1
|
|t:|1760333300
|-terastallize|p2a: Dragonite|Steel
|move|p1a: Dragapult|Dragon Darts|p2a: Dragonite
|-resisted|p2a: Dragonite
|-damage|p2a: Dragonite|94/100
|-anim|p1a: Dragapult|Dragon Darts|p2a: Dragonite
|-resisted|p2a: Dragonite
|-damage|p2a: Dragonite|82/100
|-damage|p1a: Dragapult|91/100|[from] item: Life Orb
|move|p2a: Dragonite|Fire Spin|p1a: Dragapult
|-resisted|p1a: Dragapult
|-damage|p1a: Dragapult|85/100
|-activate|p1a: Dragapult|move: Fire Spin|[of] p2a: Dragonite
|
|-heal|p2a: Dragonite|88/100|[from] item: Leftovers
|-damage|p1a: Dragapult|72/100|[from] move: Fire Spin|[partiallytrapped]
|upkeep
|turn|2
|
|t:|1760333315
|move|p1a: Dragapult|Fire Blast|p2a: Dragonite
|-supereffective|p2a: Dragonite
|-damage|p2a: Dragonite|10/100
|-damage|p1a: Dragapult|63/100|[from] item: Life Orb
|move|p2a: Dragonite|Encore|p1a: Dragapult
|-start|p1a: Dragapult|Encore
|
|-heal|p2a: Dragonite|16/100|[from] item: Leftovers
|-damage|p1a: Dragapult|50/100|[from] move: Fire Spin|[partiallytrapped]
|upkeep
|turn|3
|
|t:|1760333325
|move|p2a: Dragonite|Protect|p2a: Dragonite
|-singleturn|p2a: Dragonite|Protect
|move|p1a: Dragapult|Fire Blast|p2a: Dragonite
|-activate|p2a: Dragonite|move: Protect
|
|-heal|p2a: Dragonite|22/100|[from] item: Leftovers
|-damage|p1a: Dragapult|38/100|[from] move: Fire Spin|[partiallytrapped]
|upkeep
|turn|4
|
|t:|1760333334
|switch|p2a: Tyranitar|Tyranitar, F|100/100
|-weather|Sandstorm|[from] ability: Sand Stream|[of] p2a: Tyranitar
|move|p1a: Dragapult|Fire Blast|p2a: Tyranitar
|-resisted|p2a: Tyranitar
|-damage|p2a: Tyranitar|88/100
|-damage|p1a: Dragapult|28/100|[from] item: Life Orb
|
|-weather|Sandstorm|[upkeep]
|-damage|p1a: Dragapult|22/100|[from] Sandstorm
|-end|p1a: Dragapult|Fire Spin|[partiallytrapped]|[silent]
|upkeep
|turn|5
|
|t:|1760333345
|switch|p1a: Arcanine|Arcanine, M|100/100
|-ability|p1a: Arcanine|Intimidate|boost
|-unboost|p2a: Tyranitar|atk|1
|move|p2a: Tyranitar|Knock Off|p1a: Arcanine
|-damage|p1a: Arcanine|63/100
|-enditem|p1a: Arcanine|Expert Belt|[from] move: Knock Off|[of] p2a: Tyranitar
|
|-weather|Sandstorm|[upkeep]
|-damage|p1a: Arcanine|57/100|[from] Sandstorm
|upkeep
|turn|6
|
|t:|1760333356
|move|p1a: Arcanine|Close Combat|p2a: Tyranitar
|-supereffective|p2a: Tyranitar
|-damage|p2a: Tyranitar|0 fnt
|-unboost|p1a: Arcanine|def|1
|-unboost|p1a: Arcanine|spd|1
|faint|p2a: Tyranitar
|
|-weather|Sandstorm|[upkeep]
|-damage|p1a: Arcanine|51/100|[from] Sandstorm
|upkeep
|
|t:|1760333367
|switch|p2a: Alomomola|Alomomola, F|100/100
|turn|7
|
|t:|1760333382
|move|p1a: Arcanine|Wild Charge|p2a: Alomomola
|-supereffective|p2a: Alomomola
|-damage|p2a: Alomomola|60/100
|-damage|p1a: Arcanine|34/100|[from] item: Rocky Helmet|[of] p2a: Alomomola
|-damage|p1a: Arcanine|20/100|[from] Recoil
|move|p2a: Alomomola|Wish|p2a: Alomomola
|
|-weather|Sandstorm|[upkeep]
|-damage|p1a: Arcanine|14/100|[from] Sandstorm
|-damage|p2a: Alomomola|53/100|[from] Sandstorm
|upkeep
|turn|8
|
|t:|1760333396
|switch|p1a: Hatterene|Hatterene, F|100/100
|move|p2a: Alomomola|Flip Turn|p1a: Hatterene
|-damage|p1a: Hatterene|82/100
|
|t:|1760333402
|switch|p2a: Dragonite|Dragonite, M, tera:Steel|22/100|[from] Flip Turn
|
|-weather|none
|-heal|p2a: Dragonite|91/100|[from] move: Wish|[wisher] Alomomola
|-heal|p2a: Dragonite|97/100|[from] item: Leftovers
|upkeep
|turn|9
|
|t:|1760333409
|move|p2a: Dragonite|Protect|p2a: Dragonite
|-singleturn|p2a: Dragonite|Protect
|move|p1a: Hatterene|Mystical Fire|p2a: Dragonite
|-activate|p2a: Dragonite|move: Protect
|
|-heal|p2a: Dragonite|100/100|[from] item: Leftovers
|upkeep
|turn|10
|
|t:|1760333420
|switch|p2a: Alomomola|Alomomola, F|87/100
|move|p1a: Hatterene|Mystical Fire|p2a: Alomomola
|-resisted|p2a: Alomomola
|-damage|p2a: Alomomola|73/100
|-unboost|p2a: Alomomola|spa|1
|
|upkeep
|turn|11
|
|t:|1760333448
|move|p2a: Alomomola|Wish|p2a: Alomomola
|move|p1a: Hatterene|Giga Drain|p2a: Alomomola
|-supereffective|p2a: Alomomola
|-damage|p2a: Alomomola|19/100
|-heal|p1a: Hatterene|100/100|[from] drain|[of] p2a: Alomomola
|
|upkeep
|turn|12
|
|t:|1760333455
|move|p2a: Alomomola|Protect|p2a: Alomomola
|-singleturn|p2a: Alomomola|Protect
|move|p1a: Hatterene|Giga Drain|p2a: Alomomola
|-activate|p2a: Alomomola|move: Protect
|
|-heal|p2a: Alomomola|69/100|[from] move: Wish|[wisher] Alomomola
|upkeep
|turn|13
|
|t:|1760333467
|switch|p2a: Slowking|Slowking-Galar, M|100/100
|move|p1a: Hatterene|Giga Drain|p2a: Slowking
|-resisted|p2a: Slowking
|-damage|p2a: Slowking|91/100
|
|upkeep
|turn|14
|
|t:|1760333480
|switch|p1a: Arcanine|Arcanine, M|14/100
|-ability|p1a: Arcanine|Intimidate|boost
|-unboost|p2a: Slowking|atk|1
|move|p2a: Slowking|Gunk Shot|p1a: Arcanine
|-damage|p1a: Arcanine|0 fnt
|faint|p1a: Arcanine
|
|upkeep
|
|t:|1760333508
|switch|p1a: Haxorus|Haxorus, F|100/100
|-ability|p1a: Haxorus|Mold Breaker
|turn|15
|
|t:|1760333525
|move|p1a: Haxorus|Dragon Dance|p1a: Haxorus
|-boost|p1a: Haxorus|atk|1
|-boost|p1a: Haxorus|spe|1
|move|p2a: Slowking|Future Sight|p1a: Haxorus
|-start|p2a: Slowking|move: Future Sight
|
|upkeep
|turn|16
|
|t:|1760333543
|move|p1a: Haxorus|Earthquake|p2a: Slowking
|-supereffective|p2a: Slowking
|-damage|p2a: Slowking|0 fnt
|faint|p2a: Slowking
|
|upkeep
|
|t:|1760333555
|switch|p2a: Alomomola|Alomomola, F|100/100
|turn|17
|
|t:|1760333572
|switch|p1a: Hatterene|Hatterene, F|100/100
|move|p2a: Alomomola|Scald|p1a: Hatterene
|-damage|p1a: Hatterene|91/100
|
|-end|p1a: Hatterene|move: Future Sight
|-resisted|p1a: Hatterene
|-damage|p1a: Hatterene|75/100
|upkeep
|turn|18
|
|t:|1760333583
|move|p2a: Alomomola|Scald|p1a: Hatterene
|-crit|p1a: Hatterene
|-damage|p1a: Hatterene|59/100
|move|p1a: Hatterene|Giga Drain|p2a: Alomomola
|-supereffective|p2a: Alomomola
|-damage|p2a: Alomomola|39/100
|-heal|p1a: Hatterene|100/100|[from] drain|[of] p2a: Alomomola
|
|upkeep
|turn|19
|
|t:|1760333592
|switch|p2a: Dragonite|Dragonite, M, tera:Steel|100/100
|move|p1a: Hatterene|Giga Drain|p2a: Dragonite
|-resisted|p2a: Dragonite
|-damage|p2a: Dragonite|94/100
|
|-heal|p2a: Dragonite|99/100|[from] item: Leftovers
|upkeep
|turn|20
|
|t:|1760333603
|move|p2a: Dragonite|Fire Spin|p1a: Hatterene
|-damage|p1a: Hatterene|95/100
|-activate|p1a: Hatterene|move: Fire Spin|[of] p2a: Dragonite
|move|p1a: Hatterene|Mystical Fire|p2a: Dragonite
|-supereffective|p2a: Dragonite
|-damage|p2a: Dragonite|48/100
|-unboost|p2a: Dragonite|spa|1
|
|-heal|p2a: Dragonite|55/100|[from] item: Leftovers
|-damage|p1a: Hatterene|83/100|[from] move: Fire Spin|[partiallytrapped]
|upkeep
|turn|21
|
|t:|1760333618
|move|p2a: Dragonite|Roost|p2a: Dragonite
|-heal|p2a: Dragonite|100/100
|move|p1a: Hatterene|Mystical Fire|p2a: Dragonite
|-supereffective|p2a: Dragonite
|-damage|p2a: Dragonite|75/100
|-unboost|p2a: Dragonite|spa|1
|
|-heal|p2a: Dragonite|82/100|[from] item: Leftovers
|-damage|p1a: Hatterene|70/100|[from] move: Fire Spin|[partiallytrapped]
|upkeep
|turn|22
|
|t:|1760333628
|move|p2a: Dragonite|Protect|p2a: Dragonite
|-singleturn|p2a: Dragonite|Protect
|move|p1a: Hatterene|Mystical Fire|p2a: Dragonite
|-activate|p2a: Dragonite|move: Protect
|
|-heal|p2a: Dragonite|88/100|[from] item: Leftovers
|-damage|p1a: Hatterene|58/100|[from] move: Fire Spin|[partiallytrapped]
|upkeep
|turn|23
|
|t:|1760333640
|move|p2a: Dragonite|Fire Spin|p1a: Hatterene
|-damage|p1a: Hatterene|55/100
|move|p1a: Hatterene|Mystical Fire|p2a: Dragonite
|-supereffective|p2a: Dragonite
|-damage|p2a: Dragonite|31/100
|-unboost|p2a: Dragonite|spa|1
|
|-heal|p2a: Dragonite|37/100|[from] item: Leftovers
|-damage|p1a: Hatterene|43/100|[from] move: Fire Spin|[partiallytrapped]
|upkeep
|turn|24
|
|t:|1760333650
|move|p2a: Dragonite|Protect|p2a: Dragonite
|-singleturn|p2a: Dragonite|Protect
|move|p1a: Hatterene|Mystical Fire|p2a: Dragonite
|-activate|p2a: Dragonite|move: Protect
|
|-heal|p2a: Dragonite|43/100|[from] item: Leftovers
|-damage|p1a: Hatterene|30/100|[from] move: Fire Spin|[partiallytrapped]
|upkeep
|turn|25
|
|t:|1760333661
|move|p2a: Dragonite|Roost|p2a: Dragonite
|-heal|p2a: Dragonite|93/100
|move|p1a: Hatterene|Mystical Fire|p2a: Dragonite
|-supereffective|p2a: Dragonite
|-damage|p2a: Dragonite|44/100
|-unboost|p2a: Dragonite|spa|1
|
|-heal|p2a: Dragonite|50/100|[from] item: Leftovers
|-end|p1a: Hatterene|Fire Spin|[partiallytrapped]
|upkeep
|turn|26
|
|t:|1760333672
|switch|p1a: Ursaluna|Ursaluna, M|100/100
|move|p2a: Dragonite|Roost|p2a: Dragonite
|-heal|p2a: Dragonite|99/100
|
|-heal|p2a: Dragonite|100/100|[from] item: Leftovers
|-status|p1a: Ursaluna|brn|[from] item: Flame Orb
|upkeep
|turn|27
|
|t:|1760333692
|move|p2a: Dragonite|Protect|p2a: Dragonite
|-singleturn|p2a: Dragonite|Protect
|move|p1a: Ursaluna|Earthquake|p2a: Dragonite
|-activate|p2a: Dragonite|move: Protect
|
|-damage|p1a: Ursaluna|94/100 brn|[from] brn
|upkeep
|turn|28
|
|t:|1760333727
|move|p2a: Dragonite|Fire Spin|p1a: Ursaluna
|-damage|p1a: Ursaluna|92/100 brn
|-activate|p1a: Ursaluna|move: Fire Spin|[of] p2a: Dragonite
|move|p1a: Ursaluna|Earthquake|p2a: Dragonite
|-supereffective|p2a: Dragonite
|-damage|p2a: Dragonite|14/100
|
|-heal|p2a: Dragonite|20/100|[from] item: Leftovers
|-damage|p1a: Ursaluna|86/100 brn|[from] brn
|-damage|p1a: Ursaluna|73/100 brn|[from] move: Fire Spin|[partiallytrapped]
|upkeep
|turn|29
|
|t:|1760333738
|move|p2a: Dragonite|Protect|p2a: Dragonite
|-singleturn|p2a: Dragonite|Protect
|move|p1a: Ursaluna|Earthquake|p2a: Dragonite
|-activate|p2a: Dragonite|move: Protect
|
|-heal|p2a: Dragonite|27/100|[from] item: Leftovers
|-damage|p1a: Ursaluna|67/100 brn|[from] brn
|-damage|p1a: Ursaluna|54/100 brn|[from] move: Fire Spin|[partiallytrapped]
|upkeep
|turn|30
|
|t:|1760333749
|switch|p2a: Alomomola|Alomomola, F|73/100
|move|p1a: Ursaluna|Earthquake|p2a: Alomomola
|-damage|p2a: Alomomola|19/100
|
|-damage|p1a: Ursaluna|48/100 brn|[from] brn
|-end|p1a: Ursaluna|Fire Spin|[partiallytrapped]|[silent]
|upkeep
|turn|31
|
|t:|1760333757
|move|p2a: Alomomola|Wish|p2a: Alomomola
|move|p1a: Ursaluna|Facade|p2a: Alomomola
|-damage|p2a: Alomomola|0 fnt
|-damage|p1a: Ursaluna|32/100 brn|[from] item: Rocky Helmet|[of] p2a: Alomomola
|faint|p2a: Alomomola
|
|-damage|p1a: Ursaluna|25/100 brn|[from] brn
|upkeep
|
|t:|1760333766
|switch|p2a: Dragonite|Dragonite, M, tera:Steel|27/100
|turn|32
|
|t:|1760333772
|move|p2a: Dragonite|Protect|p2a: Dragonite
|-singleturn|p2a: Dragonite|Protect
|move|p1a: Ursaluna|Earthquake|p2a: Dragonite
|-activate|p2a: Dragonite|move: Protect
|
|-heal|p2a: Dragonite|96/100|[from] move: Wish|[wisher] Alomomola
|-heal|p2a: Dragonite|100/100|[from] item: Leftovers
|-damage|p1a: Ursaluna|19/100 brn|[from] brn
|upkeep
|turn|33
|
|t:|1760333794
|move|p2a: Dragonite|Fire Spin|p1a: Ursaluna
|-damage|p1a: Ursaluna|11/100 brn
|-activate|p1a: Ursaluna|move: Fire Spin|[of] p2a: Dragonite
|move|p1a: Ursaluna|Earthquake|p2a: Dragonite
|-supereffective|p2a: Dragonite
|-damage|p2a: Dragonite|21/100
|
|-heal|p2a: Dragonite|27/100|[from] item: Leftovers
|-damage|p1a: Ursaluna|5/100 brn|[from] brn
|-damage|p1a: Ursaluna|0 fnt|[from] move: Fire Spin|[partiallytrapped]
|faint|p1a: Ursaluna
|upkeep
|
|t:|1760333805
|switch|p1a: Dragapult|Dragapult, F|22/100
|turn|34
|
|t:|1760333811
|move|p2a: Dragonite|Protect|p2a: Dragonite
|-singleturn|p2a: Dragonite|Protect
|move|p1a: Dragapult|Fire Blast|p2a: Dragonite
|-activate|p2a: Dragonite|move: Protect
|
|-heal|p2a: Dragonite|34/100|[from] item: Leftovers
|upkeep
|turn|35
|
|t:|1760333825
|switch|p2a: Ting-Lu|Ting-Lu|100/100
|-ability|p2a: Ting-Lu|Vessel of Ruin
|move|p1a: Dragapult|Fire Blast|p2a: Ting-Lu
|-damage|p2a: Ting-Lu|76/100
|-damage|p1a: Dragapult|12/100|[from] item: Life Orb
|
|upkeep
|turn|36
|
|t:|1760333834
|switch|p1a: Hatterene|Hatterene, F|30/100
|move|p2a: Ting-Lu|Stealth Rock|p1a: Hatterene
|move|p1a: Hatterene|Stealth Rock|p2a: Ting-Lu|[from] ability: Magic Bounce
|-sidestart|p2: uuyfgaifgigfwi|move: Stealth Rock
|
|upkeep
|turn|37
|
|t:|1760333843
|move|p1a: Hatterene|Giga Drain|p2a: Ting-Lu
|-supereffective|p2a: Ting-Lu
|-damage|p2a: Ting-Lu|38/100
|-heal|p1a: Hatterene|61/100|[from] drain|[of] p2a: Ting-Lu
|-enditem|p2a: Ting-Lu|Sitrus Berry|[eat]
|-heal|p2a: Ting-Lu|63/100|[from] item: Sitrus Berry
|move|p2a: Ting-Lu|Whirlwind|p1a: Hatterene
|move|p1a: Hatterene|Whirlwind|p2a: Ting-Lu|[from] ability: Magic Bounce
|drag|p2a: Dragonite|Dragonite, M, tera:Steel|34/100
|-damage|p2a: Dragonite|27/100|[from] Stealth Rock
|
|-heal|p2a: Dragonite|34/100|[from] item: Leftovers
|upkeep
|turn|38
|-message|uuyfgaifgigfwi forfeited.
|
|win|wgfwagarg
|raw|wgfwagarg's rating: 1126 &rarr; <strong>1147</strong><br />(+21 for winning)
|raw|uuyfgaifgigfwi's rating: 1074 &rarr; <strong>1056</strong><br />(-18 for losing)
|l|☆uuyfgaifgigfwi
|player|p2|
