|j|☆CalebNito
|j|☆airgoile2001
|t:|1760435937
|gametype|singles
|player|p1|CalebNito|nate|1098
|player|p2|airgoile2001|102|1096
|gen|9
|tier|[Gen 9] OU
|rated|
|rule|HP Percentage Mod: HP is shown in percentages
|rule|Endless Battle Clause: Forcing endless battles is banned
|rule|Species Clause: Limit one of each Pokémon
|rule|OHKO Clause: OHKO moves are banned
|rule|Evasion Items Clause: Evasion items are banned
|rule|Evasion Moves Clause: Evasion moves are banned
|rule|Evasion Abilities Clause: Evasion abilities are banned
|rule|Sleep Moves Clause: Sleep-inducing moves are banned
|clearpoke
|poke|p1|Scizor, F|
|poke|p1|Great Tusk|
|poke|p1|Salamence, F|
|poke|p1|Milotic, F|
|poke|p1|Bronzong|
|poke|p1|Arcanine-Hisui, F|
|poke|p2|Zamazenta-*|
|poke|p2|Ninetales-Alola, F|
|poke|p2|Darkrai|
|poke|p2|Ceruledge, M|
|poke|p2|Gliscor, M|
|poke|p2|Hatterene, F|
|teampreview
|inactive|Battle timer is ON: inactive players will automatically lose when time's up. (requested by airgoile2001)
|
|t:|1760435964
|teamsize|p1|6
|teamsize|p2|6
|start
|switch|p1a: Bronzong|Bronzong|100/100
|switch|p2a: Gliscor|Gliscor, M, shiny|100/100
|turn|1
|
|t:|1760435977
|switch|p2a: Hatterene|Hatterene, F, shiny|100/100
|move|p1a: Bronzong|Iron Defense|p1a: Bronzong
|-boost|p1a: Bronzong|def|2
|
|upkeep
|turn|2
|
|t:|1760435983
|move|p1a: Bronzong|Light Screen|p1a: Bronzong
|-sidestart|p1: CalebNito|move: Light Screen
|move|p2a: Hatterene|Calm Mind|p2a: Hatterene
|-boost|p2a: Hatterene|spa|1
|-boost|p2a: Hatterene|spd|1
|
|upkeep
|turn|3
|
|t:|1760435989
|move|p1a: Bronzong|Iron Defense|p1a: Bronzong
|-boost|p1a: Bronzong|def|2
|move|p2a: Hatterene|Calm Mind|p2a: Hatterene
|-boost|p2a: Hatterene|spa|1
|-boost|p2a: Hatterene|spd|1
|
|upkeep
|turn|4
|
|t:|1760435997
|-terastallize|p2a: Hatterene|Water
|move|p1a: Bronzong|Stealth Rock|p2a: Hatterene
|move|p2a: Hatterene|Stealth Rock|p1a: Bronzong|[from] ability: Magic Bounce
|-sidestart|p1: CalebNito|move: Stealth Rock
|move|p2a: Hatterene|Mystical Fire|p1a: Bronzong
|-supereffective|p1a: Bronzong
|-damage|p1a: Bronzong|69/100
|-unboost|p1a: Bronzong|spa|1
|
|-heal|p1a: Bronzong|75/100|[from] item: Leftovers
|upkeep
|turn|5
|
|t:|1760436009
|move|p1a: Bronzong|Body Press|p2a: Hatterene
|-damage|p2a: Hatterene|48/100
|move|p2a: Hatterene|Mystical Fire|p1a: Bronzong
|-supereffective|p1a: Bronzong
|-damage|p1a: Bronzong|47/100
|-unboost|p1a: Bronzong|spa|1
|
|-heal|p1a: Bronzong|53/100|[from] item: Leftovers
|-heal|p2a: Hatterene|54/100|[from] item: Leftovers
|upkeep
|turn|6
|
|t:|1760436024
|move|p1a: Bronzong|Body Press|p2a: Hatterene
|-damage|p2a: Hatterene|0 fnt
|faint|p2a: Hatterene
|
|-heal|p1a: Bronzong|60/100|[from] item: Leftovers
|-sideend|p1: CalebNito|move: Light Screen
|upkeep
|
|t:|1760436034
|switch|p2a: Darkrai|Darkrai|100/100
|turn|7
|
|t:|1760436037
|move|p2a: Darkrai|Dark Pulse|p1a: Bronzong
|-supereffective|p1a: Bronzong
|-damage|p1a: Bronzong|2/100
|cant|p1a: Bronzong|flinch
|
|-heal|p1a: Bronzong|8/100|[from] item: Leftovers
|upkeep
|turn|8
|
|t:|1760436045
|move|p2a: Darkrai|Dark Pulse|p1a: Bronzong
|-supereffective|p1a: Bronzong
|-damage|p1a: Bronzong|0 fnt
|faint|p1a: Bronzong
|
|upkeep
|
|t:|1760436053
|switch|p1a: Scizor|Scizor, F|100/100
|-damage|p1a: Scizor|88/100|[from] Stealth Rock
|turn|9
|
|t:|1760436064
|switch|p2a: Ninetales|Ninetales-Alola, F|100/100
|-weather|Snowscape|[from] ability: Snow Warning|[of] p2a: Ninetales
|move|p1a: Scizor|Close Combat|p2a: Ninetales
|-damage|p2a: Ninetales|64/100
|-unboost|p1a: Scizor|def|1
|-unboost|p1a: Scizor|spd|1
|
|-weather|Snowscape|[upkeep]
|upkeep
|turn|10
|
|t:|1760436075
|move|p1a: Scizor|Bullet Punch|p2a: Ninetales
|-supereffective|p2a: Ninetales
|-damage|p2a: Ninetales|0 fnt
|faint|p2a: Ninetales
|
|-weather|Snowscape|[upkeep]
|upkeep
|-message|airgoile2001 forfeited.
|
|win|CalebNito
|raw|CalebNito's rating: 1098 &rarr; <strong>1123</strong><br />(+25 for winning)
|raw|airgoile2001's rating: 1096 &rarr; <strong>1072</strong><br />(-24 for losing)
|l|☆airgoile2001
|player|p2|
|l|☆CalebNito
|player|p1|
