|j|☆Dew123
|j|☆cynthiafan#6769
|t:|1760345603
|gametype|singles
|player|p1|Dew123|biker-gen4|1329
|player|p2|cynthiafan#6769|170|1272
|gen|9
|tier|[Gen 9] OU
|rated|
|rule|HP Percentage Mod: HP is shown in percentages
|rule|Endless Battle Clause: Forcing endless battles is banned
|rule|Species Clause: Limit one of each Pokémon
|rule|OHKO Clause: OHKO moves are banned
|rule|Evasion Items Clause: Evasion items are banned
|rule|Evasion Moves Clause: Evasion moves are banned
|rule|Evasion Abilities Clause: Evasion abilities are banned
|rule|Sleep Moves Clause: Sleep-inducing moves are banned
|clearpoke
|poke|p1|Feraligatr, M|
|poke|p1|Victreebel, M|
|poke|p1|Pyroar, F|
|poke|p1|Excadrill, F|
|poke|p1|Malamar, F|
|poke|p1|Clefable, M|
|poke|p2|Ogerpon-Wellspring, F|
|poke|p2|Landorus-Therian, M|
|poke|p2|Kingambit, F|
|poke|p2|Cinderace, F|
|poke|p2|Scizor, M|
|poke|p2|Iron Valiant|
|teampreview
|inactive|Battle timer is ON: inactive players will automatically lose when time's up. (requested by Dew123)
|
|t:|1760345610
|teamsize|p1|6
|teamsize|p2|6
|start
|switch|p1a: Feraligatr|Feraligatr, M|100/100
|switch|p2a: Fine Shyt|Ogerpon-Wellspring, F|100/100
|turn|1
|inactive|Dew123 has 120 seconds left.
|
|t:|1760345657
|switch|p1a: Clefable|Clefable, M|100/100
|move|p2a: Fine Shyt|Swords Dance|p2a: Fine Shyt
|-boost|p2a: Fine Shyt|atk|2
|
|upkeep
|turn|2
|
|t:|1760345662
|move|p2a: Fine Shyt|Ivy Cudgel|p1a: Clefable|[anim] Ivy Cudgel Water
|-damage|p1a: Clefable|13/100
|move|p1a: Clefable|Calm Mind|p1a: Clefable
|-boost|p1a: Clefable|spa|1
|-boost|p1a: Clefable|spd|1
|
|-heal|p1a: Clefable|19/100|[from] item: Leftovers
|upkeep
|turn|3
|
|t:|1760345670
|move|p2a: Fine Shyt|Power Whip|p1a: Clefable
|-damage|p1a: Clefable|0 fnt
|faint|p1a: Clefable
|
|upkeep
|
|t:|1760345672
|switch|p1a: Pyroar|Pyroar, F|100/100
|-ability|p1a: Pyroar|Unnerve
|turn|4
|
|t:|1760345675
|move|p2a: Fine Shyt|Ivy Cudgel|p1a: Pyroar|[anim] Ivy Cudgel Water
|-supereffective|p1a: Pyroar
|-damage|p1a: Pyroar|0 fnt
|faint|p1a: Pyroar
|
|upkeep
|
|t:|1760345677
|switch|p1a: Feraligatr|Feraligatr, M|100/100
|turn|5
|
|t:|1760345679
|move|p2a: Fine Shyt|Power Whip|p1a: Feraligatr
|-supereffective|p1a: Feraligatr
|-damage|p1a: Feraligatr|0 fnt
|faint|p1a: Feraligatr
|
|upkeep
|
|t:|1760345681
|switch|p1a: Victreebel|Victreebel, M|100/100
|turn|6
|
|t:|1760345686
|move|p2a: Fine Shyt|Ivy Cudgel|p1a: Victreebel|[anim] Ivy Cudgel Water
|-resisted|p1a: Victreebel
|-damage|p1a: Victreebel|16/100
|move|p1a: Victreebel|Trailblaze|p2a: Fine Shyt
|-damage|p2a: Fine Shyt|78/100
|-boost|p1a: Victreebel|spe|1
|
|-heal|p1a: Victreebel|22/100|[from] item: Black Sludge
|upkeep
|turn|7
|
|t:|1760345693
|move|p1a: Victreebel|Sludge Wave|p2a: Fine Shyt
|-supereffective|p2a: Fine Shyt
|-damage|p2a: Fine Shyt|0 fnt
|faint|p2a: Fine Shyt
|
|-heal|p1a: Victreebel|28/100|[from] item: Black Sludge
|upkeep
|
|t:|1760345696
|switch|p2a: Captain Falcon|Scizor, M|100/100
|turn|8
|
|t:|1760345698
|move|p1a: Victreebel|Giga Drain|p2a: Captain Falcon
|-resisted|p2a: Captain Falcon
|-damage|p2a: Captain Falcon|89/100
|-heal|p1a: Victreebel|34/100|[from] drain|[of] p2a: Captain Falcon
|move|p2a: Captain Falcon|Swords Dance|p2a: Captain Falcon
|-boost|p2a: Captain Falcon|atk|2
|
|-heal|p1a: Victreebel|40/100|[from] item: Black Sludge
|upkeep
|turn|9
|
|t:|1760345701
|move|p1a: Victreebel|Sucker Punch|p2a: Captain Falcon
|-damage|p2a: Captain Falcon|72/100
|move|p2a: Captain Falcon|Bullet Punch|p1a: Victreebel
|-damage|p1a: Victreebel|0 fnt
|faint|p1a: Victreebel
|-damage|p2a: Captain Falcon|62/100|[from] item: Life Orb
|
|upkeep
|
|t:|1760345704
|switch|p1a: Malamar|Malamar, F|100/100
|turn|10
|
|t:|1760345708
|move|p2a: Captain Falcon|Bullet Punch|p1a: Malamar
|-damage|p1a: Malamar|0 fnt
|faint|p1a: Malamar
|-damage|p2a: Captain Falcon|52/100|[from] item: Life Orb
|
|upkeep
|
|t:|1760345726
|switch|p1a: Excadrill|Excadrill, F|100/100
|-item|p1a: Excadrill|Air Balloon
|turn|11
|
|t:|1760345731
|move|p2a: Captain Falcon|Bullet Punch|p1a: Excadrill
|-resisted|p1a: Excadrill
|-damage|p1a: Excadrill|34/100
|-enditem|p1a: Excadrill|Air Balloon
|-damage|p2a: Captain Falcon|42/100|[from] item: Life Orb
|move|p1a: Excadrill|Rapid Spin|p2a: Captain Falcon
|-resisted|p2a: Captain Falcon
|-damage|p2a: Captain Falcon|30/100
|-boost|p1a: Excadrill|spe|1
|
|upkeep
|turn|12
|
|t:|1760345735
|move|p2a: Captain Falcon|Bullet Punch|p1a: Excadrill
|-resisted|p1a: Excadrill
|-damage|p1a: Excadrill|0 fnt
|faint|p1a: Excadrill
|-damage|p2a: Captain Falcon|20/100|[from] item: Life Orb
|
|win|cynthiafan#6769
|raw|Dew123's rating: 1329 &rarr; <strong>1306</strong><br />(-23 for losing)
|raw|cynthiafan#6769's rating: 1272 &rarr; <strong>1301</strong><br />(+29 for winning)
|l|☆Dew123
|player|p1|
|l|☆cynthiafan#6769
|player|p2|
