|j|☆redbloo
|j|☆EliteJay Xl
|t:|1760412490
|gametype|singles
|player|p1|redbloo|blue|1479
|player|p2|EliteJay Xl|101|1535
|gen|9
|tier|[Gen 9] OU
|rated|
|rule|HP Percentage Mod: HP is shown in percentages
|rule|Endless Battle Clause: Forcing endless battles is banned
|rule|Species Clause: Limit one of each Pokémon
|rule|OHKO Clause: OHKO moves are banned
|rule|Evasion Items Clause: Evasion items are banned
|rule|Evasion Moves Clause: Evasion moves are banned
|rule|Evasion Abilities Clause: Evasion abilities are banned
|rule|Sleep Moves Clause: Sleep-inducing moves are banned
|clearpoke
|poke|p1|Ursaluna, M|
|poke|p1|Cresselia, F|
|poke|p1|Iron Valiant|
|poke|p1|Hatterene, F|
|poke|p1|Keldeo-Resolute|
|poke|p1|Ogerpon, F|
|poke|p2|Avalugg, M|
|poke|p2|Goodra-Hisui, M|
|poke|p2|Ursaluna, M|
|poke|p2|Ogerpon, F|
|poke|p2|Thundurus, M|
|poke|p2|Espeon, F|
|teampreview
|
|t:|1760412542
|teamsize|p1|6
|teamsize|p2|6
|start
|switch|p1a: Ogerpon|Ogerpon, F|100/100
|switch|p2a: Ogerpon|Ogerpon, F|100/100
|turn|1
|
|t:|1760412552
|-terastallize|p2a: Ogerpon|Grass
|detailschange|p2a: Ogerpon|Ogerpon-Teal-Tera, F, tera:Grass
|-ability|p2a: Ogerpon|Embody Aspect (Teal)|boost
|-boost|p2a: Ogerpon|spe|1
|move|p2a: Ogerpon|U-turn|p1a: Ogerpon
|-supereffective|p1a: Ogerpon
|-damage|p1a: Ogerpon|5/100
|
|t:|1760412558
|switch|p2a: Avalugg|Avalugg, M|100/100|[from] U-turn
|move|p1a: Ogerpon|U-turn|p2a: Avalugg
|-damage|p2a: Avalugg|87/100
|
|t:|1760412564
|switch|p1a: Keldeo|Keldeo-Resolute|100/100|[from] U-turn
|
|upkeep
|turn|2
|
|t:|1760412571
|switch|p2a: Thundurus|Thundurus, M|100/100
|move|p1a: Keldeo|Secret Sword|p2a: Thundurus
|-resisted|p2a: Thundurus
|-damage|p2a: Thundurus|46/100
|
|upkeep
|turn|3
|
|t:|1760412577
|switch|p1a: Ursaluna|Ursaluna, M|100/100
|move|p2a: Thundurus|Grass Knot|p1a: Ursaluna
|-supereffective|p1a: Ursaluna
|-damage|p1a: Ursaluna|31/100
|
|-status|p1a: Ursaluna|brn|[from] item: Flame Orb
|upkeep
|turn|4
|
|t:|1760412598
|switch|p1a: Hatterene|Hatterene, F|100/100
|move|p2a: Thundurus|Grass Knot|p1a: Hatterene
|-damage|p1a: Hatterene|93/100
|
|upkeep
|turn|5
|inactive|Battle timer is ON: inactive players will automatically lose when time's up. (requested by EliteJay Xl)
|
|t:|1760412616
|move|p2a: Thundurus|Thunderbolt|p1a: Hatterene
|-damage|p1a: Hatterene|41/100
|move|p1a: Hatterene|Dazzling Gleam|p2a: Thundurus
|-damage|p2a: Thundurus|0 fnt
|faint|p2a: Thundurus
|
|upkeep
|
|t:|1760412625
|switch|p2a: Ogerpon|Ogerpon-Teal-Tera, F, tera:Grass|100/100
|-ability|p2a: Ogerpon|Embody Aspect (Teal)|boost
|-boost|p2a: Ogerpon|spe|1
|turn|6
|
|t:|1760412634
|move|p2a: Ogerpon|Ivy Cudgel|p1a: Hatterene
|-damage|p1a: Hatterene|0 fnt
|faint|p1a: Hatterene
|
|upkeep
|
|t:|1760412643
|switch|p1a: Cresselia|Cresselia, F|100/100
|turn|7
|
|t:|1760412663
|switch|p2a: Espeon|Espeon, F|100/100
|move|p1a: Cresselia|Ice Beam|p2a: Espeon
|-damage|p2a: Espeon|81/100
|
|upkeep
|turn|8
|
|t:|1760412670
|move|p2a: Espeon|Trick|p1a: Cresselia
|-activate|p2a: Espeon|move: Trick|[of] p1a: Cresselia
|-item|p1a: Cresselia|Choice Scarf|[from] move: Trick
|-item|p2a: Espeon|Rocky Helmet|[from] move: Trick
|move|p1a: Cresselia|Trick Room|p1a: Cresselia
|-fieldstart|move: Trick Room|[of] p1a: Cresselia
|
|upkeep
|turn|9
|
|t:|1760412678
|switch|p1a: Ogerpon|Ogerpon, F|5/100
|move|p2a: Espeon|Psychic|p1a: Ogerpon
|-damage|p1a: Ogerpon|0 fnt
|faint|p1a: Ogerpon
|
|upkeep
|
|t:|1760412684
|switch|p1a: Ursaluna|Ursaluna, M|31/100 brn
|turn|10
|
|t:|1760412691
|move|p1a: Ursaluna|Facade|p2a: Espeon
|-damage|p2a: Espeon|0 fnt
|-damage|p1a: Ursaluna|14/100 brn|[from] item: Rocky Helmet|[of] p2a: Espeon
|faint|p2a: Espeon
|
|-damage|p1a: Ursaluna|8/100 brn|[from] brn
|upkeep
|
|t:|1760412705
|switch|p2a: Avalugg|Avalugg, M|87/100
|turn|11
|
|t:|1760412719
|switch|p1a: Keldeo|Keldeo-Resolute|100/100
|move|p2a: Avalugg|Recover|p2a: Avalugg
|-heal|p2a: Avalugg|100/100
|
|upkeep
|turn|12
|
|t:|1760412729
|switch|p2a: Ogerpon|Ogerpon-Teal-Tera, F, tera:Grass|100/100
|-ability|p2a: Ogerpon|Embody Aspect (Teal)|boost
|-boost|p2a: Ogerpon|spe|1
|move|p1a: Keldeo|Flip Turn|p2a: Ogerpon
|-resisted|p2a: Ogerpon
|-damage|p2a: Ogerpon|92/100
|
|t:|1760412741
|switch|p1a: Iron Valiant|Iron Valiant|100/100|[from] Flip Turn
|-enditem|p1a: Iron Valiant|Booster Energy
|-activate|p1a: Iron Valiant|ability: Quark Drive|[fromitem]
|-start|p1a: Iron Valiant|quarkdrivespe
|
|-fieldend|move: Trick Room
|upkeep
|turn|13
|
|t:|1760412758
|move|p1a: Iron Valiant|Moonblast|p2a: Ogerpon
|-damage|p2a: Ogerpon|39/100
|move|p2a: Ogerpon|U-turn|p1a: Iron Valiant
|-resisted|p1a: Iron Valiant
|-damage|p1a: Iron Valiant|90/100
|
|t:|1760412771
|switch|p2a: Ursaluna|Ursaluna, M|100/100|[from] U-turn
|
|upkeep
|turn|14
|
|t:|1760412777
|move|p1a: Iron Valiant|Close Combat|p2a: Ursaluna
|-supereffective|p2a: Ursaluna
|-damage|p2a: Ursaluna|33/100
|-unboost|p1a: Iron Valiant|def|1
|-unboost|p1a: Iron Valiant|spd|1
|move|p2a: Ursaluna|Headlong Rush|p1a: Iron Valiant
|-damage|p1a: Iron Valiant|0 fnt
|-unboost|p2a: Ursaluna|def|1
|-unboost|p2a: Ursaluna|spd|1
|faint|p1a: Iron Valiant
|-end|p1a: Iron Valiant|Quark Drive|[silent]
|
|upkeep
|
|t:|1760412788
|switch|p1a: Keldeo|Keldeo-Resolute|100/100
|turn|15
|
|t:|1760412792
|move|p1a: Keldeo|Secret Sword|p2a: Ursaluna
|-supereffective|p2a: Ursaluna
|-damage|p2a: Ursaluna|0 fnt
|faint|p2a: Ursaluna
|
|upkeep
|
|t:|1760412794
|switch|p2a: Ogerpon|Ogerpon-Teal-Tera, F, tera:Grass|39/100
|-ability|p2a: Ogerpon|Embody Aspect (Teal)|boost
|-boost|p2a: Ogerpon|spe|1
|turn|16
|
|t:|1760412801
|switch|p1a: Cresselia|Cresselia, F|100/100
|move|p2a: Ogerpon|Ivy Cudgel|p1a: Cresselia
|-damage|p1a: Cresselia|42/100
|
|upkeep
|turn|17
|
|t:|1760412811
|move|p2a: Ogerpon|Ivy Cudgel|p1a: Cresselia
|-damage|p1a: Cresselia|0 fnt
|faint|p1a: Cresselia
|
|upkeep
|
|t:|1760412816
|switch|p1a: Keldeo|Keldeo-Resolute|100/100
|turn|18
|
|t:|1760412819
|switch|p2a: Goodra|Goodra-Hisui, M|100/100
|move|p1a: Keldeo|Vacuum Wave|p2a: Goodra
|-supereffective|p2a: Goodra
|-damage|p2a: Goodra|70/100
|
|upkeep
|turn|19
|inactive|redbloo has 120 seconds left.
|
|t:|1760412852
|move|p1a: Keldeo|Vacuum Wave|p2a: Goodra
|-supereffective|p2a: Goodra
|-damage|p2a: Goodra|41/100
|move|p2a: Goodra|Dragon Pulse|p1a: Keldeo
|-damage|p1a: Keldeo|50/100
|
|upkeep
|turn|20
|inactive|redbloo has 120 seconds left.
|
|t:|1760412863
|switch|p1a: Ursaluna|Ursaluna, M|8/100 brn
|move|p2a: Goodra|Dragon Pulse|p1a: Ursaluna
|-damage|p1a: Ursaluna|0 fnt
|faint|p1a: Ursaluna
|
|upkeep
|inactive|redbloo has 120 seconds left.
|
|t:|1760412869
|switch|p1a: Keldeo|Keldeo-Resolute|50/100
|turn|21
|
|t:|1760412877
|move|p1a: Keldeo|Vacuum Wave|p2a: Goodra
|-supereffective|p2a: Goodra
|-damage|p2a: Goodra|13/100
|move|p2a: Goodra|Dragon Pulse|p1a: Keldeo
|-damage|p1a: Keldeo|0 fnt
|faint|p1a: Keldeo
|
|win|EliteJay Xl
|raw|redbloo's rating: 1479 &rarr; <strong>1462</strong><br />(-17 for losing)
|raw|EliteJay Xl's rating: 1535 &rarr; <strong>1552</strong><br />(+17 for winning)
|l|☆redbloo
|player|p1|
|l|☆EliteJay Xl
|player|p2|
