|j|☆Swagataka
|j|☆goshdarnittt
|t:|1760453318
|gametype|singles
|player|p1|Swagataka|byron|1633
|player|p2|goshdarnittt|2|1608
|gen|9
|tier|[Gen 9] OU
|rated|
|rule|HP Percentage Mod: HP is shown in percentages
|rule|Endless Battle Clause: Forcing endless battles is banned
|rule|Species Clause: Limit one of each Pokémon
|rule|OHKO Clause: OHKO moves are banned
|rule|Evasion Items Clause: Evasion items are banned
|rule|Evasion Moves Clause: Evasion moves are banned
|rule|Evasion Abilities Clause: Evasion abilities are banned
|rule|Sleep Moves Clause: Sleep-inducing moves are banned
|clearpoke
|poke|p1|Pecharunt|
|poke|p1|Great Tusk|
|poke|p1|Iron Crown|
|poke|p1|Lokix, F|
|poke|p1|Kingambit, F|
|poke|p1|Quaquaval, M|
|poke|p2|Tornadus-Therian, M|
|poke|p2|Iron Valiant|
|poke|p2|Great Tusk|
|poke|p2|Garchomp, M|
|poke|p2|Pecharunt|
|poke|p2|Heatran, F|
|teampreview
|inactive|Battle timer is ON: inactive players will automatically lose when time's up. (requested by goshdarnittt)
|
|t:|1760453332
|teamsize|p1|6
|teamsize|p2|6
|start
|switch|p1a: Iron Crown|Iron Crown|100/100
|switch|p2a: Pecharunt|Pecharunt|100/100
|turn|1
|
|t:|1760453349
|switch|p2a: Heatran|Heatran, F|100/100
|move|p1a: Iron Crown|Psychic Noise|p2a: Heatran
|-resisted|p2a: Heatran
|-damage|p2a: Heatran|81/100
|-start|p2a: Heatran|move: Heal Block
|
|upkeep
|turn|2
|
|t:|1760453358
|-end|p1a: Iron Crown|Quark Drive|[silent]
|switch|p1a: Quaquaval|Quaquaval, M|100/100
|move|p2a: Heatran|Magma Storm|p1a: Quaquaval
|-resisted|p1a: Quaquaval
|-damage|p1a: Quaquaval|73/100
|-activate|p1a: Quaquaval|move: Magma Storm|[of] p2a: Heatran
|
|-heal|p1a: Quaquaval|79/100|[from] item: Leftovers
|-damage|p1a: Quaquaval|66/100|[from] move: Magma Storm|[partiallytrapped]
|-end|p2a: Heatran|move: Heal Block
|upkeep
|turn|3
|
|t:|1760453371
|switch|p2a: Pecharunt|Pecharunt|100/100
|move|p1a: Quaquaval|Close Combat|p2a: Pecharunt
|-immune|p2a: Pecharunt
|
|-heal|p1a: Quaquaval|73/100|[from] item: Leftovers
|-end|p1a: Quaquaval|Magma Storm|[partiallytrapped]|[silent]
|upkeep
|turn|4
|
|t:|1760453383
|switch|p1a: Pecharunt|Pecharunt|100/100
|move|p2a: Pecharunt|Parting Shot|p1a: Pecharunt
|-unboost|p1a: Pecharunt|atk|1
|-unboost|p1a: Pecharunt|spa|1
|
|t:|1760453390
|switch|p2a: Heatran|Heatran, F|81/100|[from] Parting Shot
|
|-heal|p2a: Heatran|88/100|[from] item: Leftovers
|upkeep
|turn|5
|
|t:|1760453393
|move|p1a: Pecharunt|Parting Shot|p2a: Heatran
|-unboost|p2a: Heatran|atk|1
|-unboost|p2a: Heatran|spa|1
|
|t:|1760453395
|switch|p1a: Quaquaval|Quaquaval, M|73/100|[from] Parting Shot
|move|p2a: Heatran|Will-O-Wisp|p1a: Quaquaval
|-status|p1a: Quaquaval|brn
|
|-heal|p1a: Quaquaval|79/100 brn|[from] item: Leftovers
|-heal|p2a: Heatran|94/100|[from] item: Leftovers
|-damage|p1a: Quaquaval|73/100 brn|[from] brn
|upkeep
|turn|6
|
|t:|1760453407
|switch|p2a: Pecharunt|Pecharunt|100/100
|move|p1a: Quaquaval|Aqua Step|p2a: Pecharunt
|-damage|p2a: Pecharunt|92/100
|-boost|p1a: Quaquaval|spe|1
|
|-heal|p1a: Quaquaval|79/100 brn|[from] item: Leftovers
|-damage|p1a: Quaquaval|73/100 brn|[from] brn
|upkeep
|turn|7
|
|t:|1760453419
|switch|p1a: Pecharunt|Pecharunt|100/100
|move|p2a: Pecharunt|Parting Shot|p1a: Pecharunt
|-unboost|p1a: Pecharunt|atk|1
|-unboost|p1a: Pecharunt|spa|1
|
|t:|1760453424
|switch|p2a: Garchomp|Garchomp, M|100/100|[from] Parting Shot
|
|upkeep
|turn|8
|
|t:|1760453428
|move|p2a: Garchomp|Stealth Rock|p1a: Pecharunt
|-sidestart|p1: Swagataka|move: Stealth Rock
|move|p1a: Pecharunt|Toxic|p2a: Garchomp
|-status|p2a: Garchomp|tox
|-start|p2a: Garchomp|confusion|[from] ability: Poison Puppeteer|[of] p1a: Pecharunt
|
|-damage|p2a: Garchomp|94/100 tox|[from] psn
|upkeep
|turn|9
|
|t:|1760453436
|-activate|p2a: Garchomp|confusion
|move|p2a: Garchomp|Spikes|p1a: Pecharunt
|-sidestart|p1: Swagataka|Spikes
|move|p1a: Pecharunt|Parting Shot|p2a: Garchomp
|-unboost|p2a: Garchomp|atk|1
|-unboost|p2a: Garchomp|spa|1
|
|t:|1760453437
|switch|p1a: Great Tusk|Great Tusk|100/100|[from] Parting Shot
|
|-damage|p2a: Garchomp|82/100 tox|[from] psn
|upkeep
|turn|10
|
|t:|1760453443
|move|p1a: Great Tusk|Ice Spinner|p2a: Garchomp
|-supereffective|p2a: Garchomp
|-damage|p2a: Garchomp|0 fnt
|-damage|p1a: Great Tusk|88/100|[from] ability: Rough Skin|[of] p2a: Garchomp
|-damage|p1a: Great Tusk|72/100|[from] item: Rocky Helmet|[of] p2a: Garchomp
|faint|p2a: Garchomp
|
|upkeep
|
|t:|1760453452
|switch|p2a: Iron Valiant|Iron Valiant|100/100
|-enditem|p2a: Iron Valiant|Booster Energy
|-activate|p2a: Iron Valiant|ability: Quark Drive|[fromitem]
|-start|p2a: Iron Valiant|quarkdrivespe
|turn|11
|
|t:|1760453456
|-end|p1a: Great Tusk|Protosynthesis|[silent]
|switch|p1a: Pecharunt|Pecharunt|100/100
|move|p2a: Iron Valiant|Moonblast|p1a: Pecharunt
|-resisted|p1a: Pecharunt
|-damage|p1a: Pecharunt|77/100
|
|upkeep
|turn|12
|
|t:|1760453464
|-end|p2a: Iron Valiant|Quark Drive|[silent]
|switch|p2a: Heatran|Heatran, F|94/100
|move|p1a: Pecharunt|Toxic|p2a: Heatran
|-immune|p2a: Heatran
|
|-heal|p2a: Heatran|99/100|[from] item: Leftovers
|upkeep
|turn|13
|
|t:|1760453470
|move|p1a: Pecharunt|Parting Shot|p2a: Heatran
|-unboost|p2a: Heatran|atk|1
|-unboost|p2a: Heatran|spa|1
|
|t:|1760453472
|switch|p1a: Quaquaval|Quaquaval, M|73/100 brn|[from] Parting Shot
|-damage|p1a: Quaquaval|66/100 brn|[from] Stealth Rock
|-damage|p1a: Quaquaval|54/100 brn|[from] Spikes
|move|p2a: Heatran|Earth Power|p1a: Quaquaval
|-damage|p1a: Quaquaval|33/100 brn
|
|-heal|p1a: Quaquaval|39/100 brn|[from] item: Leftovers
|-heal|p2a: Heatran|100/100|[from] item: Leftovers
|-damage|p1a: Quaquaval|33/100 brn|[from] brn
|upkeep
|turn|14
|
|t:|1760453486
|switch|p2a: Pecharunt|Pecharunt|92/100
|move|p1a: Quaquaval|Aqua Step|p2a: Pecharunt
|-damage|p2a: Pecharunt|83/100
|-boost|p1a: Quaquaval|spe|1
|
|-heal|p1a: Quaquaval|39/100 brn|[from] item: Leftovers
|-damage|p1a: Quaquaval|33/100 brn|[from] brn
|upkeep
|turn|15
|
|t:|1760453496
|move|p1a: Quaquaval|Bulk Up|p1a: Quaquaval
|-boost|p1a: Quaquaval|atk|1
|-boost|p1a: Quaquaval|def|1
|move|p2a: Pecharunt|Foul Play|p1a: Quaquaval
|-resisted|p1a: Quaquaval
|-damage|p1a: Quaquaval|16/100 brn
|
|-heal|p1a: Quaquaval|23/100 brn|[from] item: Leftovers
|-damage|p1a: Quaquaval|16/100 brn|[from] brn
|upkeep
|turn|16
|
|t:|1760453503
|move|p1a: Quaquaval|Aqua Step|p2a: Pecharunt
|-damage|p2a: Pecharunt|68/100
|-boost|p1a: Quaquaval|spe|1
|move|p2a: Pecharunt|Recover|p2a: Pecharunt
|-heal|p2a: Pecharunt|100/100
|
|-heal|p1a: Quaquaval|23/100 brn|[from] item: Leftovers
|-damage|p1a: Quaquaval|16/100 brn|[from] brn
|upkeep
|turn|17
|
|t:|1760453514
|move|p1a: Quaquaval|Encore|p2a: Pecharunt
|-start|p2a: Pecharunt|Encore
|move|p2a: Pecharunt|Recover||[still]
|-fail|p2a: Pecharunt|heal
|
|-heal|p1a: Quaquaval|23/100 brn|[from] item: Leftovers
|-damage|p1a: Quaquaval|16/100 brn|[from] brn
|upkeep
|turn|18
|
|t:|1760453520
|switch|p2a: Tornadus|Tornadus-Therian, M|100/100
|move|p1a: Quaquaval|Aqua Step|p2a: Tornadus
|-damage|p2a: Tornadus|63/100
|-boost|p1a: Quaquaval|spe|1
|
|-heal|p1a: Quaquaval|23/100 brn|[from] item: Leftovers
|-damage|p1a: Quaquaval|16/100 brn|[from] brn
|upkeep
|turn|19
|
|t:|1760453528
|switch|p2a: Pecharunt|Pecharunt|100/100
|move|p1a: Quaquaval|Aqua Step|p2a: Pecharunt
|-damage|p2a: Pecharunt|87/100
|-boost|p1a: Quaquaval|spe|1
|
|-heal|p1a: Quaquaval|23/100 brn|[from] item: Leftovers
|-damage|p1a: Quaquaval|16/100 brn|[from] brn
|upkeep
|turn|20
|
|t:|1760453534
|move|p1a: Quaquaval|Aqua Step|p2a: Pecharunt
|-damage|p2a: Pecharunt|73/100
|-boost|p1a: Quaquaval|spe|1
|move|p2a: Pecharunt|Malignant Chain|p1a: Quaquaval
|-crit|p1a: Quaquaval
|-damage|p1a: Quaquaval|0 fnt
|faint|p1a: Quaquaval
|
|upkeep
|
|t:|1760453548
|switch|p1a: Iron Crown|Iron Crown|100/100
|-damage|p1a: Iron Crown|94/100|[from] Stealth Rock
|-damage|p1a: Iron Crown|82/100|[from] Spikes
|turn|21
|
|t:|1760453553
|switch|p2a: Heatran|Heatran, F|100/100
|move|p1a: Iron Crown|Focus Blast|p2a: Heatran
|-supereffective|p2a: Heatran
|-damage|p2a: Heatran|26/100
|
|-heal|p2a: Heatran|33/100|[from] item: Leftovers
|upkeep
|turn|22
|
|t:|1760453560
|switch|p2a: Pecharunt|Pecharunt|73/100
|move|p1a: Iron Crown|Focus Blast|p2a: Pecharunt
|-immune|p2a: Pecharunt
|
|upkeep
|turn|23
|
|t:|1760453567
|-end|p1a: Iron Crown|Quark Drive|[silent]
|switch|p1a: Kingambit|Kingambit, F|100/100
|-damage|p1a: Kingambit|94/100|[from] Stealth Rock
|-item|p1a: Kingambit|Air Balloon
|move|p2a: Pecharunt|Parting Shot|p1a: Kingambit
|-unboost|p1a: Kingambit|atk|1
|-ability|p1a: Kingambit|Defiant|boost
|-boost|p1a: Kingambit|atk|2
|-unboost|p1a: Kingambit|spa|1
|-ability|p1a: Kingambit|Defiant|boost
|-boost|p1a: Kingambit|atk|2
|
|t:|1760453580
|switch|p2a: Heatran|Heatran, F|33/100|[from] Parting Shot
|
|-heal|p2a: Heatran|39/100|[from] item: Leftovers
|upkeep
|turn|24
|
|t:|1760453584
|move|p1a: Kingambit|Sucker Punch||[still]
|-fail|p1a: Kingambit
|move|p2a: Heatran|Will-O-Wisp|p1a: Kingambit
|-status|p1a: Kingambit|brn
|
|-heal|p2a: Heatran|45/100|[from] item: Leftovers
|-damage|p1a: Kingambit|88/100 brn|[from] brn
|upkeep
|turn|25
|
|t:|1760453595
|move|p1a: Kingambit|Sucker Punch||[still]
|-fail|p1a: Kingambit
|move|p2a: Heatran|Taunt|p1a: Kingambit
|-start|p1a: Kingambit|move: Taunt
|
|-heal|p2a: Heatran|51/100|[from] item: Leftovers
|-damage|p1a: Kingambit|82/100 brn|[from] brn
|upkeep
|turn|26
|
|t:|1760453614
|switch|p2a: Great Tusk|Great Tusk|100/100
|-enditem|p2a: Great Tusk|Booster Energy
|-activate|p2a: Great Tusk|ability: Protosynthesis|[fromitem]
|-start|p2a: Great Tusk|protosynthesisspe
|move|p1a: Kingambit|Sucker Punch||[still]
|-fail|p1a: Kingambit
|
|-damage|p1a: Kingambit|76/100 brn|[from] brn
|upkeep
|turn|27
|
|t:|1760453626
|switch|p1a: Pecharunt|Pecharunt|77/100
|move|p2a: Great Tusk|Bulk Up|p2a: Great Tusk
|-boost|p2a: Great Tusk|atk|1
|-boost|p2a: Great Tusk|def|1
|
|upkeep
|turn|28
|
|t:|1760453635
|-terastallize|p1a: Pecharunt|Dark
|move|p2a: Great Tusk|Headlong Rush|p1a: Pecharunt
|-damage|p1a: Pecharunt|40/100
|-unboost|p2a: Great Tusk|def|1
|-unboost|p2a: Great Tusk|spd|1
|move|p1a: Pecharunt|Toxic|p2a: Great Tusk
|-status|p2a: Great Tusk|tox
|-start|p2a: Great Tusk|confusion|[from] ability: Poison Puppeteer|[of] p1a: Pecharunt
|
|-damage|p2a: Great Tusk|94/100 tox|[from] psn
|upkeep
|turn|29
|
|t:|1760453655
|-end|p2a: Great Tusk|Protosynthesis|[silent]
|switch|p2a: Iron Valiant|Iron Valiant|100/100
|move|p1a: Pecharunt|Recover|p1a: Pecharunt
|-heal|p1a: Pecharunt|90/100
|
|upkeep
|turn|30
|
|t:|1760453662
|switch|p1a: Kingambit|Kingambit, F|76/100 brn
|-damage|p1a: Kingambit|70/100 brn|[from] Stealth Rock
|-item|p1a: Kingambit|Air Balloon
|move|p2a: Iron Valiant|Moonblast|p1a: Kingambit
|-damage|p1a: Kingambit|26/100 brn
|-enditem|p1a: Kingambit|Air Balloon
|
|-damage|p1a: Kingambit|20/100 brn|[from] brn
|upkeep
|turn|31
|
|t:|1760453673
|move|p1a: Kingambit|Sucker Punch|p2a: Iron Valiant
|-resisted|p2a: Iron Valiant
|-damage|p2a: Iron Valiant|94/100
|move|p2a: Iron Valiant|Moonblast|p1a: Kingambit
|-damage|p1a: Kingambit|0 fnt
|faint|p1a: Kingambit
|
|upkeep
|
|t:|1760453675
|switch|p1a: Iron Crown|Iron Crown|82/100
|-damage|p1a: Iron Crown|76/100|[from] Stealth Rock
|-damage|p1a: Iron Crown|63/100|[from] Spikes
|turn|32
|
|t:|1760453683
|-end|p2a: Iron Valiant|Quark Drive|[silent]
|switch|p2a: Tornadus|Tornadus-Therian, M|96/100
|move|p1a: Iron Crown|Volt Switch|p2a: Tornadus
|-supereffective|p2a: Tornadus
|-damage|p2a: Tornadus|48/100
|
|t:|1760453686
|-end|p1a: Iron Crown|Quark Drive|[silent]
|switch|p1a: Lokix|Lokix, F|100/100|[from] Volt Switch
|-damage|p1a: Lokix|76/100|[from] Stealth Rock
|-damage|p1a: Lokix|63/100|[from] Spikes
|
|upkeep
|turn|33
|
|t:|1760453695
|switch|p2a: Pecharunt|Pecharunt|73/100
|move|p1a: Lokix|Swords Dance|p1a: Lokix
|-boost|p1a: Lokix|atk|2
|
|upkeep
|turn|34
|
|t:|1760453702
|move|p1a: Lokix|Sucker Punch|p2a: Pecharunt
|-supereffective|p2a: Pecharunt
|-damage|p2a: Pecharunt|0 fnt
|faint|p2a: Pecharunt
|-damage|p1a: Lokix|54/100|[from] item: Life Orb
|
|upkeep
|
|t:|1760453705
|switch|p2a: Iron Valiant|Iron Valiant|94/100
|turn|35
|
|t:|1760453710
|move|p1a: Lokix|Sucker Punch||[still]
|-fail|p1a: Lokix
|move|p2a: Iron Valiant|Encore|p1a: Lokix
|-start|p1a: Lokix|Encore
|
|upkeep
|turn|36
|
|t:|1760453718
|move|p1a: Lokix|Sucker Punch||[still]
|-fail|p1a: Lokix
|move|p2a: Iron Valiant|Calm Mind|p2a: Iron Valiant
|-boost|p2a: Iron Valiant|spa|1
|-boost|p2a: Iron Valiant|spd|1
|
|upkeep
|turn|37
|-message|Swagataka forfeited.
|
|win|goshdarnittt
|raw|Swagataka's rating: 1633 &rarr; <strong>1612</strong><br />(-21 for losing)
|raw|goshdarnittt's rating: 1608 &rarr; <strong>1629</strong><br />(+21 for winning)
|l|☆Swagataka
|player|p1|
|l|☆goshdarnittt
|player|p2|
|j|☆goshdarnittt
|player|p2|goshdarnittt|2|
|l|☆goshdarnittt
|player|p2|
|j| Samurajen
