|j|☆theori147
|j|☆siroperation
|t:|1760389178
|gametype|singles
|player|p1|theori147|170|1522
|player|p2|siroperation|266|1492
|gen|9
|tier|[Gen 9] OU
|rated|
|rule|HP Percentage Mod: HP is shown in percentages
|rule|Endless Battle Clause: Forcing endless battles is banned
|rule|Species Clause: Limit one of each Pokémon
|rule|OHKO Clause: OHKO moves are banned
|rule|Evasion Items Clause: Evasion items are banned
|rule|Evasion Moves Clause: Evasion moves are banned
|rule|Evasion Abilities Clause: Evasion abilities are banned
|rule|Sleep Moves Clause: Sleep-inducing moves are banned
|clearpoke
|poke|p1|Corviknight, F|
|poke|p1|Great Tusk|
|poke|p1|Primarina, M|
|poke|p1|Weavile, F|
|poke|p1|Rillaboom, F|
|poke|p1|Slowking-Galar, M|
|poke|p2|Conkeldurr, M|
|poke|p2|Alomomola, F|
|poke|p2|Ting-Lu|
|poke|p2|Cyclizar, M|
|poke|p2|Bronzong|
|poke|p2|Tornadus-Therian, M|
|teampreview
|
|t:|1760389196
|teamsize|p1|6
|teamsize|p2|6
|start
|switch|p1a: Slowking|Slowking-Galar, M|100/100
|switch|p2a: Bronzong|Bronzong|100/100
|turn|1
|
|t:|1760389204
|move|p1a: Slowking|Future Sight|p2a: Bronzong
|-start|p1a: Slowking|move: Future Sight
|move|p2a: Bronzong|Stealth Rock|p1a: Slowking
|-sidestart|p1: theori147|move: Stealth Rock
|
|upkeep
|turn|2
|
|t:|1760389232
|switch|p1a: Primarina|Primarina, M|100/100
|-damage|p1a: Primarina|88/100|[from] Stealth Rock
|move|p2a: Bronzong|Heavy Slam|p1a: Primarina
|-damage|p1a: Primarina|48/100
|
|upkeep
|turn|3
|
|t:|1760389243
|move|p1a: Primarina|Surf|p2a: Bronzong
|-damage|p2a: Bronzong|66/100
|move|p2a: Bronzong|Heavy Slam|p1a: Primarina
|-damage|p1a: Primarina|4/100
|
|-end|p2a: Bronzong|move: Future Sight
|-resisted|p2a: Bronzong
|-damage|p2a: Bronzong|58/100
|upkeep
|turn|4
|
|t:|1760389246
|switch|p2a: Alomomola|Alomomola, F|100/100
|move|p1a: Primarina|Surf|p2a: Alomomola
|-resisted|p2a: Alomomola
|-damage|p2a: Alomomola|65/100
|
|upkeep
|turn|5
|
|t:|1760389255
|move|p1a: Primarina|Moonblast|p2a: Alomomola
|-damage|p2a: Alomomola|19/100
|move|p2a: Alomomola|Wish|p2a: Alomomola
|
|upkeep
|turn|6
|
|t:|1760389262
|switch|p2a: Bronzong|Bronzong|58/100
|move|p1a: Primarina|Moonblast|p2a: Bronzong
|-resisted|p2a: Bronzong
|-damage|p2a: Bronzong|41/100
|-unboost|p2a: Bronzong|spa|1
|
|-heal|p2a: Bronzong|100/100|[from] move: Wish|[wisher] Alomomola
|upkeep
|turn|7
|
|t:|1760389278
|switch|p2a: Tornadus|Tornadus-Therian, M|100/100
|move|p1a: Primarina|Surf|p2a: Tornadus
|-damage|p2a: Tornadus|40/100
|
|upkeep
|turn|8
|
|t:|1760389284
|move|p2a: Tornadus|Knock Off|p1a: Primarina
|-resisted|p1a: Primarina
|-damage|p1a: Primarina|0 fnt
|-enditem|p1a: Primarina|Assault Vest|[from] move: Knock Off|[of] p2a: Tornadus
|faint|p1a: Primarina
|
|upkeep
|
|t:|1760389296
|switch|p1a: Weavile|Weavile, F|100/100
|-damage|p1a: Weavile|76/100|[from] Stealth Rock
|-ability|p1a: Weavile|Pressure
|turn|9
|
|t:|1760389320
|switch|p2a: Conkeldurr|Conkeldurr, M, shiny|100/100
|move|p1a: Weavile|Knock Off|p2a: Conkeldurr
|-resisted|p2a: Conkeldurr
|-damage|p2a: Conkeldurr|73/100
|-enditem|p2a: Conkeldurr|Flame Orb|[from] move: Knock Off|[of] p1a: Weavile
|-damage|p1a: Weavile|66/100|[from] item: Life Orb
|
|upkeep
|turn|10
|
|t:|1760389330
|switch|p1a: Corviknight|Corviknight, F|100/100
|-damage|p1a: Corviknight|88/100|[from] Stealth Rock
|-ability|p1a: Corviknight|Pressure
|move|p2a: Conkeldurr|Knock Off|p1a: Corviknight
|-damage|p1a: Corviknight|64/100
|-damage|p2a: Conkeldurr|57/100|[from] item: Rocky Helmet|[of] p1a: Corviknight
|-enditem|p1a: Corviknight|Rocky Helmet|[from] move: Knock Off|[of] p2a: Conkeldurr
|
|upkeep
|turn|11
|
|t:|1760389339
|switch|p2a: Tornadus|Tornadus-Therian, M|73/100
|move|p1a: Corviknight|U-turn|p2a: Tornadus
|-resisted|p2a: Tornadus
|-damage|p2a: Tornadus|63/100
|
|t:|1760389345
|switch|p1a: Slowking|Slowking-Galar, M|100/100|[from] U-turn
|-damage|p1a: Slowking|88/100|[from] Stealth Rock
|
|-heal|p1a: Slowking|94/100|[from] item: Black Sludge
|upkeep
|turn|12
|
|t:|1760389354
|move|p2a: Tornadus|Knock Off|p1a: Slowking
|-supereffective|p1a: Slowking
|-damage|p1a: Slowking|57/100
|-enditem|p1a: Slowking|Black Sludge|[from] move: Knock Off|[of] p2a: Tornadus
|move|p1a: Slowking|Future Sight|p2a: Tornadus
|-start|p1a: Slowking|move: Future Sight
|
|upkeep
|turn|13
|
|t:|1760389362
|switch|p2a: Bronzong|Bronzong|100/100
|-prepare|p1a: Slowking|Chilly Reception|[premajor]
|move|p1a: Slowking|Chilly Reception|p1a: Slowking
|-weather|Snowscape
|
|t:|1760389369
|switch|p1a: Great Tusk|Great Tusk|100/100|[from] Chilly Reception
|-damage|p1a: Great Tusk|98/100|[from] Stealth Rock
|
|-weather|Snowscape|[upkeep]
|-heal|p1a: Great Tusk|100/100|[from] item: Leftovers
|upkeep
|turn|14
|
|t:|1760389375
|move|p1a: Great Tusk|Rapid Spin|p2a: Bronzong
|-resisted|p2a: Bronzong
|-damage|p2a: Bronzong|94/100
|-boost|p1a: Great Tusk|spe|1
|-sideend|p1: theori147|Stealth Rock|[from] move: Rapid Spin|[of] p1a: Great Tusk
|move|p2a: Bronzong|Psychic Noise|p1a: Great Tusk
|-supereffective|p1a: Great Tusk
|-damage|p1a: Great Tusk|41/100
|-start|p1a: Great Tusk|move: Heal Block
|
|-weather|Snowscape|[upkeep]
|-end|p2a: Bronzong|move: Future Sight
|-resisted|p2a: Bronzong
|-damage|p2a: Bronzong|87/100
|upkeep
|turn|15
|
|t:|1760389394
|-end|p1a: Great Tusk|Protosynthesis|[silent]
|switch|p1a: Weavile|Weavile, F|66/100
|-ability|p1a: Weavile|Pressure
|move|p2a: Bronzong|Psychic Noise|p1a: Weavile
|-immune|p1a: Weavile
|
|-weather|Snowscape|[upkeep]
|upkeep
|turn|16
|
|t:|1760389410
|move|p1a: Weavile|Knock Off|p2a: Bronzong
|-supereffective|p2a: Bronzong
|-enditem|p2a: Bronzong|Colbur Berry|[eat]
|-enditem|p2a: Bronzong|Colbur Berry|[weaken]
|-damage|p2a: Bronzong|33/100
|-damage|p1a: Weavile|56/100|[from] item: Life Orb
|move|p2a: Bronzong|Heavy Slam|p1a: Weavile
|-supereffective|p1a: Weavile
|-damage|p1a: Weavile|0 fnt
|faint|p1a: Weavile
|
|-weather|Snowscape|[upkeep]
|upkeep
|
|t:|1760389422
|switch|p1a: Rillaboom|Rillaboom, F|100/100
|-fieldstart|move: Grassy Terrain|[from] ability: Grassy Surge|[of] p1a: Rillaboom
|turn|17
|
|t:|1760389425
|switch|p2a: Cyclizar|Cyclizar, M, shiny|100/100
|move|p1a: Rillaboom|Wood Hammer|p2a: Cyclizar
|-resisted|p2a: Cyclizar
|-damage|p2a: Cyclizar|19/100
|-damage|p1a: Rillaboom|73/100|[from] Recoil
|
|-weather|none
|-heal|p2a: Cyclizar|25/100|[from] Grassy Terrain
|-heal|p1a: Rillaboom|79/100|[from] Grassy Terrain
|upkeep
|turn|18
|
|t:|1760389442
|switch|p1a: Slowking|Slowking-Galar, M|90/100
|move|p2a: Cyclizar|U-turn|p1a: Slowking
|-crit|p1a: Slowking
|-damage|p1a: Slowking|64/100
|
|t:|1760389455
|switch|p2a: Alomomola|Alomomola, F|52/100|[from] U-turn
|
|-heal|p2a: Alomomola|58/100|[from] Grassy Terrain
|-heal|p1a: Slowking|71/100|[from] Grassy Terrain
|upkeep
|turn|19
|
|t:|1760389463
|move|p2a: Alomomola|Wish|p2a: Alomomola
|-prepare|p1a: Slowking|Chilly Reception|[premajor]
|move|p1a: Slowking|Chilly Reception|p1a: Slowking
|-weather|Snowscape
|
|t:|1760389466
|switch|p1a: Rillaboom|Rillaboom, F|79/100|[from] Chilly Reception
|
|-weather|Snowscape|[upkeep]
|-heal|p1a: Rillaboom|86/100|[from] Grassy Terrain
|-heal|p2a: Alomomola|64/100|[from] Grassy Terrain
|upkeep
|turn|20
|
|t:|1760389478
|switch|p2a: Conkeldurr|Conkeldurr, M, shiny|57/100
|move|p1a: Rillaboom|Wood Hammer|p2a: Conkeldurr
|-damage|p2a: Conkeldurr|0 fnt
|faint|p2a: Conkeldurr
|-damage|p1a: Rillaboom|63/100|[from] Recoil
|
|-weather|Snowscape|[upkeep]
|-heal|p1a: Rillaboom|69/100|[from] Grassy Terrain
|upkeep
|
|t:|1760389485
|switch|p2a: Cyclizar|Cyclizar, M, shiny|58/100
|turn|21
|
|t:|1760389490
|switch|p1a: Slowking|Slowking-Galar, M|100/100
|move|p2a: Cyclizar|U-turn|p1a: Slowking
|-damage|p1a: Slowking|83/100
|
|t:|1760389519
|switch|p2a: Ting-Lu|Ting-Lu|100/100|[from] U-turn
|-ability|p2a: Ting-Lu|Vessel of Ruin
|
|-weather|Snowscape|[upkeep]
|-heal|p1a: Slowking|90/100|[from] Grassy Terrain
|-fieldend|move: Grassy Terrain
|upkeep
|turn|22
|
|t:|1760389535
|switch|p1a: Corviknight|Corviknight, F|64/100
|-ability|p1a: Corviknight|Pressure
|move|p2a: Ting-Lu|Spikes|p1a: Corviknight
|-sidestart|p1: theori147|Spikes
|
|-weather|Snowscape|[upkeep]
|upkeep
|turn|23
|
|t:|1760389544
|move|p1a: Corviknight|Body Press|p2a: Ting-Lu
|-supereffective|p2a: Ting-Lu
|-damage|p2a: Ting-Lu|72/100
|move|p2a: Ting-Lu|Spikes|p1a: Corviknight
|-sidestart|p1: theori147|Spikes
|
|-weather|none
|-heal|p2a: Ting-Lu|79/100|[from] item: Leftovers
|upkeep
|turn|24
|
|t:|1760389548
|switch|p2a: Tornadus|Tornadus-Therian, M|96/100
|move|p1a: Corviknight|Body Press|p2a: Tornadus
|-resisted|p2a: Tornadus
|-damage|p2a: Tornadus|77/100
|
|upkeep
|turn|25
|
|t:|1760389566
|move|p2a: Tornadus|Heat Wave|p1a: Corviknight
|-supereffective|p1a: Corviknight
|-damage|p1a: Corviknight|11/100
|move|p1a: Corviknight|Defog|p2a: Tornadus
|-unboost|p2a: Tornadus|evasion|1
|-sideend|p1: theori147|Spikes|[from] move: Defog|[of] p1a: Corviknight
|
|upkeep
|turn|26
|
|t:|1760389576
|switch|p1a: Slowking|Slowking-Galar, M|100/100
|move|p2a: Tornadus|Heat Wave|p1a: Slowking
|-damage|p1a: Slowking|83/100
|-status|p1a: Slowking|brn
|
|-damage|p1a: Slowking|77/100 brn|[from] brn
|upkeep
|turn|27
|
|t:|1760389602
|move|p2a: Tornadus|Bleakwind Storm|p1a: Slowking
|-damage|p1a: Slowking|48/100 brn
|-prepare|p1a: Slowking|Chilly Reception|[premajor]
|move|p1a: Slowking|Chilly Reception|p1a: Slowking
|-weather|Snowscape
|
|t:|1760389624
|switch|p1a: Great Tusk|Great Tusk|41/100|[from] Chilly Reception
|
|-weather|Snowscape|[upkeep]
|-heal|p1a: Great Tusk|47/100|[from] item: Leftovers
|upkeep
|turn|28
|
|t:|1760389641
|-end|p1a: Great Tusk|Protosynthesis|[silent]
|switch|p1a: Slowking|Slowking-Galar, M|81/100 brn
|move|p2a: Tornadus|Bleakwind Storm|p1a: Slowking
|-damage|p1a: Slowking|55/100 brn
|
|-weather|Snowscape|[upkeep]
|-damage|p1a: Slowking|49/100 brn|[from] brn
|upkeep
|turn|29
|
|t:|1760389660
|move|p2a: Tornadus|Bleakwind Storm|p1a: Slowking
|-damage|p1a: Slowking|21/100 brn
|move|p1a: Slowking|Thunder Wave|p2a: Tornadus
|-status|p2a: Tornadus|par
|
|-weather|Snowscape|[upkeep]
|-damage|p1a: Slowking|15/100 brn|[from] brn
|upkeep
|turn|30
|
|t:|1760389668
|move|p2a: Tornadus|Bleakwind Storm|p1a: Slowking
|-damage|p1a: Slowking|0 fnt
|faint|p1a: Slowking
|
|-weather|Snowscape|[upkeep]
|upkeep
|
|t:|1760389686
|switch|p1a: Great Tusk|Great Tusk|47/100
|turn|31
|
|t:|1760389695
|switch|p2a: Alomomola|Alomomola, F|98/100
|move|p1a: Great Tusk|Ice Spinner|p2a: Alomomola
|-resisted|p2a: Alomomola
|-damage|p2a: Alomomola|90/100
|
|-weather|none
|-heal|p1a: Great Tusk|53/100|[from] item: Leftovers
|upkeep
|turn|32
|
|t:|1760389700
|move|p1a: Great Tusk|Stealth Rock|p2a: Alomomola
|-sidestart|p2: siroperation|move: Stealth Rock
|move|p2a: Alomomola|Flip Turn|p1a: Great Tusk
|-supereffective|p1a: Great Tusk
|-damage|p1a: Great Tusk|31/100
|
|t:|1760389717
|switch|p2a: Cyclizar|Cyclizar, M, shiny|91/100|[from] Flip Turn
|
|-heal|p1a: Great Tusk|37/100|[from] item: Leftovers
|upkeep
|turn|33
|
|t:|1760389723
|move|p2a: Cyclizar|U-turn|p1a: Great Tusk
|-resisted|p1a: Great Tusk
|-damage|p1a: Great Tusk|32/100
|
|t:|1760389727
|switch|p2a: Alomomola|Alomomola, F|100/100|[from] U-turn
|move|p1a: Great Tusk|Ice Spinner|p2a: Alomomola
|-resisted|p2a: Alomomola
|-damage|p2a: Alomomola|94/100
|
|-heal|p1a: Great Tusk|38/100|[from] item: Leftovers
|upkeep
|turn|34
|
|t:|1760389741
|move|p1a: Great Tusk|Headlong Rush|p2a: Alomomola
|-damage|p2a: Alomomola|65/100
|-unboost|p1a: Great Tusk|def|1
|-unboost|p1a: Great Tusk|spd|1
|move|p2a: Alomomola|Flip Turn|p1a: Great Tusk
|-supereffective|p1a: Great Tusk
|-damage|p1a: Great Tusk|6/100
|
|t:|1760389744
|switch|p2a: Cyclizar|Cyclizar, M, shiny|100/100|[from] Flip Turn
|
|-heal|p1a: Great Tusk|12/100|[from] item: Leftovers
|upkeep
|turn|35
|
|t:|1760389804
|move|p2a: Cyclizar|Rapid Spin|p1a: Great Tusk
|-damage|p1a: Great Tusk|0 fnt
|-boost|p2a: Cyclizar|spe|1
|-sideend|p2: siroperation|Stealth Rock|[from] move: Rapid Spin|[of] p2a: Cyclizar
|faint|p1a: Great Tusk
|-end|p1a: Great Tusk|Protosynthesis|[silent]
|
|upkeep
|
|t:|1760389828
|switch|p1a: Corviknight|Corviknight, F|11/100
|-ability|p1a: Corviknight|Pressure
|turn|36
|c|☆theori147|gg
|
|t:|1760389833
|move|p2a: Cyclizar|Temper Flare|p1a: Corviknight
|-supereffective|p1a: Corviknight
|-damage|p1a: Corviknight|0 fnt
|faint|p1a: Corviknight
|
|upkeep
|
|t:|1760389837
|switch|p1a: Rillaboom|Rillaboom, F|69/100
|-fieldstart|move: Grassy Terrain|[from] ability: Grassy Surge|[of] p1a: Rillaboom
|turn|37
|
|t:|1760389844
|-terastallize|p1a: Rillaboom|Grass
|move|p2a: Cyclizar|U-turn|p1a: Rillaboom
|-supereffective|p1a: Rillaboom
|-damage|p1a: Rillaboom|36/100
|
|t:|1760389851
|switch|p2a: Bronzong|Bronzong|33/100|[from] U-turn
|move|p1a: Rillaboom|Wood Hammer|p2a: Bronzong
|-resisted|p2a: Bronzong
|-damage|p2a: Bronzong|0 fnt
|faint|p2a: Bronzong
|-damage|p1a: Rillaboom|25/100|[from] Recoil
|
|-heal|p1a: Rillaboom|32/100|[from] Grassy Terrain
|upkeep
|
|t:|1760389854
|switch|p2a: Cyclizar|Cyclizar, M, shiny|100/100
|turn|38
|
|t:|1760389864
|move|p2a: Cyclizar|U-turn|p1a: Rillaboom
|-supereffective|p1a: Rillaboom
|-damage|p1a: Rillaboom|0 fnt
|faint|p1a: Rillaboom
|
|win|siroperation
|raw|theori147's rating: 1522 &rarr; <strong>1500</strong><br />(-22 for losing)
|raw|siroperation's rating: 1492 &rarr; <strong>1514</strong><br />(+22 for winning)
|l|☆siroperation
|player|p2|
|l|☆theori147
|player|p1|
