|j|☆Lolgasm
|j|☆wontonsoup420
|t:|1760416743
|gametype|singles
|player|p1|Lolgasm|2|1258
|player|p2|wontonsoup420|brycenman|1246
|gen|9
|tier|[Gen 9] OU
|rated|
|rule|HP Percentage Mod: HP is shown in percentages
|rule|Endless Battle Clause: Forcing endless battles is banned
|rule|Species Clause: Limit one of each Pokémon
|rule|OHKO Clause: OHKO moves are banned
|rule|Evasion Items Clause: Evasion items are banned
|rule|Evasion Moves Clause: Evasion moves are banned
|rule|Evasion Abilities Clause: Evasion abilities are banned
|rule|Sleep Moves Clause: Sleep-inducing moves are banned
|clearpoke
|poke|p1|Ninetales, M|
|poke|p1|Walking Wake|
|poke|p1|Hatterene, F|
|poke|p1|Great Tusk|
|poke|p1|Iron Valiant|
|poke|p1|Ceruledge, M|
|poke|p2|Basculegion, M|
|poke|p2|Pelipper, M|
|poke|p2|Iron Treads|
|poke|p2|Dragapult, M|
|poke|p2|Overqwil, M|
|poke|p2|Iron Valiant|
|teampreview
|inactive|Battle timer is ON: inactive players will automatically lose when time's up. (requested by wontonsoup420)
|
|t:|1760416768
|teamsize|p1|6
|teamsize|p2|6
|start
|switch|p1a: Daydream|Ninetales, M, shiny|100/100
|switch|p2a: Messenger|Pelipper, M, shiny|100/100
|-weather|SunnyDay|[from] ability: Drought|[of] p1a: Daydream
|-weather|RainDance|[from] ability: Drizzle|[of] p2a: Messenger
|turn|1
|
|t:|1760416777
|switch|p1a: Duko|Hatterene, F, shiny|100/100
|move|p2a: Messenger|Hurricane|p1a: Duko
|-damage|p1a: Duko|50/100
|-enditem|p1a: Duko|Eject Button
|
|t:|1760416783
|switch|p1a: Isla Vista|Iron Valiant, shiny|100/100
|-enditem|p1a: Isla Vista|Booster Energy
|-activate|p1a: Isla Vista|ability: Quark Drive|[fromitem]
|-start|p1a: Isla Vista|quarkdrivespe
|
|-weather|RainDance|[upkeep]
|upkeep
|turn|2
|inactive|wontonsoup420 has 120 seconds left.
|inactive|wontonsoup420 has 90 seconds left.
|
|t:|1760416865
|move|p1a: Isla Vista|Thunderbolt|p2a: Messenger
|-supereffective|p2a: Messenger
|-damage|p2a: Messenger|0 fnt
|faint|p2a: Messenger
|
|-weather|RainDance|[upkeep]
|upkeep
|
|t:|1760416872
|switch|p2a: Predator|Overqwil, M, shiny|100/100
|turn|3
|
|t:|1760416882
|move|p2a: Predator|Gunk Shot|p1a: Isla Vista
|-supereffective|p1a: Isla Vista
|-damage|p1a: Isla Vista|0 fnt
|faint|p1a: Isla Vista
|-end|p1a: Isla Vista|Quark Drive|[silent]
|-damage|p2a: Predator|91/100|[from] item: Life Orb
|
|-weather|RainDance|[upkeep]
|upkeep
|
|t:|1760416889
|switch|p1a: Glass Shadows|Ceruledge, M, shiny|100/100
|turn|4
|inactive|wontonsoup420 has 90 seconds left.
|
|t:|1760416919
|switch|p1a: Daydream|Ninetales, M, shiny|100/100
|-weather|SunnyDay|[from] ability: Drought|[of] p1a: Daydream
|move|p2a: Predator|Taunt|p1a: Daydream
|-start|p1a: Daydream|move: Taunt
|
|-weather|SunnyDay|[upkeep]
|upkeep
|turn|5
|
|t:|1760416929
|switch|p1a: Mr. Banana|Walking Wake|100/100
|-activate|p1a: Mr. Banana|ability: Protosynthesis
|-start|p1a: Mr. Banana|protosynthesisspe
|move|p2a: Predator|Gunk Shot|p1a: Mr. Banana
|-damage|p1a: Mr. Banana|17/100
|-damage|p2a: Predator|81/100|[from] item: Life Orb
|
|-weather|SunnyDay|[upkeep]
|upkeep
|turn|6
|
|t:|1760416937
|move|p1a: Mr. Banana|Hydro Steam|p2a: Predator
|-damage|p2a: Predator|0 fnt
|faint|p2a: Predator
|
|-weather|SunnyDay|[upkeep]
|upkeep
|
|t:|1760416941
|switch|p2a: Jaws|Basculegion, M, shiny|100/100
|turn|7
|
|t:|1760416948
|-terastallize|p1a: Mr. Banana|Water
|move|p1a: Mr. Banana|Hydro Steam|p2a: Jaws
|-resisted|p2a: Jaws
|-damage|p2a: Jaws|30/100
|move|p2a: Jaws|Psychic Fangs|p1a: Mr. Banana
|-damage|p1a: Mr. Banana|0 fnt
|faint|p1a: Mr. Banana
|-end|p1a: Mr. Banana|Protosynthesis|[silent]
|
|-weather|SunnyDay|[upkeep]
|upkeep
|
|t:|1760416961
|switch|p1a: Glass Shadows|Ceruledge, M, shiny|100/100
|turn|8
|
|t:|1760416969
|switch|p2a: Rage|Iron Treads, shiny|100/100
|-enditem|p2a: Rage|Booster Energy
|-activate|p2a: Rage|ability: Quark Drive|[fromitem]
|-start|p2a: Rage|quarkdrivespe
|move|p1a: Glass Shadows|Bitter Blade|p2a: Rage
|-supereffective|p2a: Rage
|-damage|p2a: Rage|0 fnt
|faint|p2a: Rage
|-end|p2a: Rage|Quark Drive|[silent]
|
|-weather|SunnyDay|[upkeep]
|upkeep
|
|t:|1760416972
|switch|p2a: Leviathan|Dragapult, M, shiny|100/100
|turn|9
|
|t:|1760416980
|move|p1a: Glass Shadows|Endure|p1a: Glass Shadows
|-singleturn|p1a: Glass Shadows|move: Endure
|move|p2a: Leviathan|Dragon Darts|p1a: Glass Shadows
|-damage|p1a: Glass Shadows|64/100
|-ability|p1a: Glass Shadows|Weak Armor|boost
|-unboost|p1a: Glass Shadows|def|1
|-boost|p1a: Glass Shadows|spe|2
|-anim|p2a: Leviathan|Dragon Darts|p1a: Glass Shadows
|-damage|p1a: Glass Shadows|2/100
|-ability|p1a: Glass Shadows|Weak Armor|boost
|-unboost|p1a: Glass Shadows|def|1
|-boost|p1a: Glass Shadows|spe|2
|-damage|p2a: Leviathan|91/100|[from] item: Life Orb
|
|-weather|SunnyDay|[upkeep]
|upkeep
|turn|10
|inactive|wontonsoup420 has 120 seconds left.
|
|t:|1760416998
|move|p1a: Glass Shadows|Poltergeist|p2a: Leviathan
|-activate|p2a: Leviathan|move: Poltergeist|Life Orb
|-supereffective|p2a: Leviathan
|-damage|p2a: Leviathan|0 fnt
|faint|p2a: Leviathan
|
|-weather|SunnyDay|[upkeep]
|upkeep
|
|t:|1760417001
|switch|p2a: Jaws|Basculegion, M, shiny|30/100
|turn|11
|
|t:|1760417008
|move|p2a: Jaws|Aqua Jet|p1a: Glass Shadows
|-supereffective|p1a: Glass Shadows
|-damage|p1a: Glass Shadows|0 fnt
|faint|p1a: Glass Shadows
|
|-weather|none
|upkeep
|
|t:|1760417015
|switch|p1a: Daydream|Ninetales, M, shiny|100/100
|-weather|SunnyDay|[from] ability: Drought|[of] p1a: Daydream
|turn|12
|
|t:|1760417020
|move|p2a: Jaws|Aqua Jet|p1a: Daydream
|-supereffective|p1a: Daydream
|-damage|p1a: Daydream|50/100
|move|p1a: Daydream|Weather Ball|p2a: Jaws
|-resisted|p2a: Jaws
|-damage|p2a: Jaws|8/100
|
|-weather|SunnyDay|[upkeep]
|upkeep
|turn|13
|
|t:|1760417025
|move|p2a: Jaws|Aqua Jet|p1a: Daydream
|-supereffective|p1a: Daydream
|-damage|p1a: Daydream|2/100
|move|p1a: Daydream|Weather Ball|p2a: Jaws
|-resisted|p2a: Jaws
|-damage|p2a: Jaws|0 fnt
|faint|p2a: Jaws
|
|-weather|SunnyDay|[upkeep]
|upkeep
|
|t:|1760417027
|switch|p2a: Calamity|Iron Valiant, shiny|100/100
|turn|14
|
|t:|1760417032
|move|p2a: Calamity|Moonblast|p1a: Daydream
|-resisted|p1a: Daydream
|-damage|p1a: Daydream|0 fnt
|faint|p1a: Daydream
|
|-weather|SunnyDay|[upkeep]
|upkeep
|
|t:|1760417034
|switch|p1a: Duko|Hatterene, F, shiny|50/100
|turn|15
|
|t:|1760417042
|-terastallize|p2a: Calamity|Fairy
|move|p2a: Calamity|Moonblast|p1a: Duko
|-damage|p1a: Duko|0 fnt
|faint|p1a: Duko
|
|-weather|SunnyDay|[upkeep]
|upkeep
|
|t:|1760417048
|switch|p1a: Luisin|Great Tusk|100/100
|-activate|p1a: Luisin|ability: Protosynthesis
|-start|p1a: Luisin|protosynthesisatk
|turn|16
|
|t:|1760417050
|move|p2a: Calamity|Moonblast|p1a: Luisin
|-supereffective|p1a: Luisin
|-damage|p1a: Luisin|0 fnt
|faint|p1a: Luisin
|-end|p1a: Luisin|Protosynthesis|[silent]
|
|win|wontonsoup420
|raw|Lolgasm's rating: 1258 &rarr; <strong>1232</strong><br />(-26 for losing)
|raw|wontonsoup420's rating: 1246 &rarr; <strong>1272</strong><br />(+26 for winning)
|l|☆Lolgasm
|player|p1|
|l|☆wontonsoup420
|player|p2|
