|j|☆emeryns88
|j|☆krystlecarrington
|t:|1760379412
|gametype|singles
|player|p1|emeryns88|hilbert|1120
|player|p2|krystlecarrington|fantina|1088
|gen|9
|tier|[Gen 9] OU
|rated|
|rule|HP Percentage Mod: HP is shown in percentages
|rule|Endless Battle Clause: Forcing endless battles is banned
|rule|Species Clause: Limit one of each Pokémon
|rule|OHKO Clause: OHKO moves are banned
|rule|Evasion Items Clause: Evasion items are banned
|rule|Evasion Moves Clause: Evasion moves are banned
|rule|Evasion Abilities Clause: Evasion abilities are banned
|rule|Sleep Moves Clause: Sleep-inducing moves are banned
|clearpoke
|poke|p1|Dragonite, M|
|poke|p1|Iron Valiant|
|poke|p1|Gholdengo|
|poke|p1|Zapdos|
|poke|p1|Primarina, M|
|poke|p1|Ting-Lu|
|poke|p2|Flareon, M|
|poke|p2|Cacturne, F|
|poke|p2|Florges, F|
|poke|p2|Porygon2|
|poke|p2|Hitmonlee, M|
|poke|p2|Palossand, F|
|teampreview
|
|t:|1760379418
|teamsize|p1|6
|teamsize|p2|6
|start
|switch|p1a: Ting-Lu|Ting-Lu|100/100
|switch|p2a: Mariah|Palossand, F, shiny|100/100
|-ability|p1a: Ting-Lu|Vessel of Ruin
|turn|1
|inactive|Battle timer is ON: inactive players will automatically lose when time's up. (requested by emeryns88)
|
|t:|1760379425
|move|p1a: Ting-Lu|Stealth Rock|p2a: Mariah
|-sidestart|p2: krystlecarrington|move: Stealth Rock
|move|p2a: Mariah|Stealth Rock|p1a: Ting-Lu
|-sidestart|p1: emeryns88|move: Stealth Rock
|
|upkeep
|turn|2
|
|t:|1760379430
|move|p2a: Mariah|Protect|p2a: Mariah
|-singleturn|p2a: Mariah|Protect
|move|p1a: Ting-Lu|Spikes|p2a: Mariah
|-sidestart|p2: krystlecarrington|Spikes
|
|upkeep
|turn|3
|
|t:|1760379441
|switch|p2a: Bruce|Hitmonlee, M|100/100
|-damage|p2a: Bruce|94/100|[from] Stealth Rock
|-damage|p2a: Bruce|82/100|[from] Spikes
|move|p1a: Ting-Lu|Spikes|p2a: Bruce
|-sidestart|p2: krystlecarrington|Spikes
|
|upkeep
|turn|4
|
|t:|1760379448
|move|p2a: Bruce|Rapid Spin|p1a: Ting-Lu
|-damage|p1a: Ting-Lu|93/100
|-boost|p2a: Bruce|spe|1
|-sideend|p2: krystlecarrington|Spikes|[from] move: Rapid Spin|[of] p2a: Bruce
|-sideend|p2: krystlecarrington|Stealth Rock|[from] move: Rapid Spin|[of] p2a: Bruce
|move|p1a: Ting-Lu|Spikes|p2a: Bruce
|-sidestart|p2: krystlecarrington|Spikes
|
|-heal|p1a: Ting-Lu|99/100|[from] item: Leftovers
|upkeep
|turn|5
|
|t:|1760379459
|move|p2a: Bruce|Close Combat|p1a: Ting-Lu
|-supereffective|p1a: Ting-Lu
|-damage|p1a: Ting-Lu|42/100
|-unboost|p2a: Bruce|def|1
|-unboost|p2a: Bruce|spd|1
|-enditem|p2a: Bruce|White Herb
|-clearnegativeboost|p2a: Bruce|[silent]
|move|p1a: Ting-Lu|Stealth Rock|p2a: Bruce
|-sidestart|p2: krystlecarrington|move: Stealth Rock
|
|-heal|p1a: Ting-Lu|48/100|[from] item: Leftovers
|upkeep
|turn|6
|
|t:|1760379470
|switch|p1a: Gholdengo|Gholdengo|100/100
|-damage|p1a: Gholdengo|94/100|[from] Stealth Rock
|move|p2a: Bruce|Close Combat|p1a: Gholdengo
|-immune|p1a: Gholdengo
|
|upkeep
|turn|7
|
|t:|1760379478
|move|p2a: Bruce|Throat Chop|p1a: Gholdengo
|-supereffective|p1a: Gholdengo
|-damage|p1a: Gholdengo|33/100
|-start|p1a: Gholdengo|Throat Chop|[silent]
|move|p1a: Gholdengo|Shadow Ball|p2a: Bruce
|-damage|p2a: Bruce|1/100
|
|upkeep
|turn|8
|
|t:|1760379483
|switch|p1a: Zapdos|Zapdos|100/100
|-damage|p1a: Zapdos|76/100|[from] Stealth Rock
|move|p2a: Bruce|Throat Chop|p1a: Zapdos
|-damage|p1a: Zapdos|45/100
|-start|p1a: Zapdos|Throat Chop|[silent]
|-damage|p2a: Bruce|0 fnt|[from] item: Rocky Helmet|[of] p1a: Zapdos
|faint|p2a: Bruce
|
|upkeep
|
|t:|1760379499
|switch|p2a: Kaitlyn|Florges, F, shiny|100/100
|-damage|p2a: Kaitlyn|88/100|[from] Spikes
|-damage|p2a: Kaitlyn|76/100|[from] Stealth Rock
|turn|9
|
|t:|1760379504
|move|p1a: Zapdos|Volt Switch|p2a: Kaitlyn
|-damage|p2a: Kaitlyn|53/100
|
|t:|1760379507
|switch|p1a: Gholdengo|Gholdengo|33/100|[from] Volt Switch
|-damage|p1a: Gholdengo|27/100|[from] Stealth Rock
|move|p2a: Kaitlyn|Calm Mind|p2a: Kaitlyn
|-boost|p2a: Kaitlyn|spa|1
|-boost|p2a: Kaitlyn|spd|1
|
|-heal|p2a: Kaitlyn|59/100|[from] item: Leftovers
|upkeep
|turn|10
|
|t:|1760379515
|move|p2a: Kaitlyn|Protect|p2a: Kaitlyn
|-singleturn|p2a: Kaitlyn|Protect
|move|p1a: Gholdengo|Make It Rain|p2a: Kaitlyn
|-activate|p2a: Kaitlyn|move: Protect
|
|-heal|p2a: Kaitlyn|65/100|[from] item: Leftovers
|upkeep
|turn|11
|
|t:|1760379526
|move|p1a: Gholdengo|Make It Rain|p2a: Kaitlyn
|-supereffective|p2a: Kaitlyn
|-damage|p2a: Kaitlyn|0 fnt
|-unboost|p1a: Gholdengo|spa|1
|faint|p2a: Kaitlyn
|
|upkeep
|
|t:|1760379536
|switch|p2a: George|Flareon, M|100/100
|-damage|p2a: George|88/100|[from] Spikes
|-damage|p2a: George|64/100|[from] Stealth Rock
|turn|12
|
|t:|1760379540
|switch|p1a: Primarina|Primarina, M|100/100
|-damage|p1a: Primarina|88/100|[from] Stealth Rock
|move|p2a: George|Flame Charge|p1a: Primarina
|-resisted|p1a: Primarina
|-damage|p1a: Primarina|72/100
|-boost|p2a: George|spe|1
|
|-status|p2a: George|tox|[from] item: Toxic Orb
|upkeep
|turn|13
|
|t:|1760379550
|move|p2a: George|Double-Edge|p1a: Primarina
|-damage|p1a: Primarina|2/100
|-damage|p2a: George|32/100 tox|[from] Recoil
|move|p1a: Primarina|Hydro Pump|p2a: George|[miss]
|-miss|p1a: Primarina|p2a: George
|
|-damage|p2a: George|26/100 tox|[from] psn
|upkeep
|turn|14
|
|t:|1760379559
|move|p2a: George|Flame Charge|p1a: Primarina
|-resisted|p1a: Primarina
|-damage|p1a: Primarina|0 fnt
|-boost|p2a: George|spe|1
|faint|p1a: Primarina
|
|-damage|p2a: George|15/100 tox|[from] psn
|upkeep
|
|t:|1760379567
|switch|p1a: Dragonite|Dragonite, M|100/100
|turn|15
|
|t:|1760379569
|move|p1a: Dragonite|Extreme Speed|p2a: George
|-damage|p2a: George|0 fnt
|faint|p2a: George
|
|upkeep
|
|t:|1760379576
|switch|p2a: Gigi|Porygon2|100/100
|-damage|p2a: Gigi|88/100|[from] Spikes
|-damage|p2a: Gigi|76/100|[from] Stealth Rock
|-ability|p2a: Gigi|Download|boost
|-boost|p2a: Gigi|atk|1
|turn|16
|
|t:|1760379583
|-terastallize|p1a: Dragonite|Normal
|move|p1a: Dragonite|Dragon Dance|p1a: Dragonite
|-boost|p1a: Dragonite|atk|1
|-boost|p1a: Dragonite|spe|1
|move|p2a: Gigi|Thunder Wave|p1a: Dragonite
|-status|p1a: Dragonite|par
|
|upkeep
|turn|17
|
|t:|1760379591
|move|p2a: Gigi|Protect|p2a: Gigi
|-singleturn|p2a: Gigi|Protect
|move|p1a: Dragonite|Extreme Speed|p2a: Gigi
|-activate|p2a: Gigi|move: Protect
|
|upkeep
|turn|18
|
|t:|1760379597
|cant|p1a: Dragonite|par
|move|p2a: Gigi|Tri Attack|p1a: Dragonite
|-damage|p1a: Dragonite|85/100 par
|
|upkeep
|turn|19
|
|t:|1760379603
|move|p2a: Gigi|Protect|p2a: Gigi
|-singleturn|p2a: Gigi|Protect
|move|p1a: Dragonite|Extreme Speed|p2a: Gigi
|-activate|p2a: Gigi|move: Protect
|
|upkeep
|turn|20
|
|t:|1760379608
|switch|p1a: Ting-Lu|Ting-Lu|48/100
|-damage|p1a: Ting-Lu|42/100|[from] Stealth Rock
|-ability|p1a: Ting-Lu|Vessel of Ruin
|move|p2a: Gigi|Tri Attack|p1a: Ting-Lu
|-damage|p1a: Ting-Lu|24/100
|-status|p1a: Ting-Lu|par
|
|-heal|p1a: Ting-Lu|31/100 par|[from] item: Leftovers
|upkeep
|turn|21
|
|t:|1760379618
|move|p2a: Gigi|Tri Attack|p1a: Ting-Lu
|-damage|p1a: Ting-Lu|15/100 par
|move|p1a: Ting-Lu|Whirlwind|p2a: Gigi
|drag|p2a: Amy|Cacturne, F, shiny|100/100
|-damage|p2a: Amy|88/100|[from] Spikes
|-damage|p2a: Amy|76/100|[from] Stealth Rock
|
|-heal|p1a: Ting-Lu|21/100 par|[from] item: Leftovers
|upkeep
|turn|22
|
|t:|1760379631
|move|p2a: Amy|Giga Drain|p1a: Ting-Lu
|-supereffective|p1a: Ting-Lu
|-damage|p1a: Ting-Lu|0 fnt
|-heal|p2a: Amy|91/100|[from] drain|[of] p1a: Ting-Lu
|faint|p1a: Ting-Lu
|
|upkeep
|
|t:|1760379636
|switch|p1a: Zapdos|Zapdos|45/100
|-damage|p1a: Zapdos|20/100|[from] Stealth Rock
|turn|23
|
|t:|1760379641
|move|p2a: Amy|Sucker Punch|p1a: Zapdos
|-damage|p1a: Zapdos|0 fnt
|-damage|p2a: Amy|75/100|[from] item: Rocky Helmet|[of] p1a: Zapdos
|-status|p2a: Amy|par|[from] ability: Static|[of] p1a: Zapdos
|faint|p1a: Zapdos
|
|upkeep
|
|t:|1760379644
|switch|p1a: Gholdengo|Gholdengo|27/100
|-damage|p1a: Gholdengo|21/100|[from] Stealth Rock
|turn|24
|
|t:|1760379652
|move|p1a: Gholdengo|Trick|p2a: Amy
|-activate|p1a: Gholdengo|move: Trick|[of] p2a: Amy
|-item|p2a: Amy|Choice Specs|[from] move: Trick
|-item|p1a: Gholdengo|Assault Vest|[from] move: Trick
|move|p2a: Amy|Knock Off|p1a: Gholdengo
|-supereffective|p1a: Gholdengo
|-damage|p1a: Gholdengo|0 fnt
|-enditem|p1a: Gholdengo|Assault Vest|[from] move: Knock Off|[of] p2a: Amy
|faint|p1a: Gholdengo
|
|upkeep
|
|t:|1760379658
|switch|p1a: Dragonite|Dragonite, M, tera:Normal|85/100 par
|turn|25
|
|t:|1760379661
|cant|p1a: Dragonite|par
|move|p2a: Amy|Knock Off|p1a: Dragonite
|-damage|p1a: Dragonite|27/100 par
|-enditem|p1a: Dragonite|Heavy-Duty Boots|[from] move: Knock Off|[of] p2a: Amy
|
|upkeep
|turn|26
|
|t:|1760379667
|move|p1a: Dragonite|Extreme Speed|p2a: Amy
|-damage|p2a: Amy|7/100 par
|cant|p2a: Amy|par
|
|upkeep
|turn|27
|
|t:|1760379672
|move|p1a: Dragonite|Extreme Speed|p2a: Amy
|-damage|p2a: Amy|0 fnt
|faint|p2a: Amy
|
|upkeep
|
|t:|1760379676
|switch|p2a: Mariah|Palossand, F, shiny|100/100
|-damage|p2a: Mariah|88/100|[from] Spikes
|-damage|p2a: Mariah|82/100|[from] Stealth Rock
|turn|28
|
|t:|1760379682
|move|p1a: Dragonite|Ice Spinner|p2a: Mariah
|-supereffective|p2a: Mariah
|-damage|p2a: Mariah|43/100
|move|p2a: Mariah|Hex|p1a: Dragonite
|-immune|p1a: Dragonite
|
|-heal|p2a: Mariah|49/100|[from] item: Leftovers
|upkeep
|turn|29
|
|t:|1760379692
|move|p2a: Mariah|Protect|p2a: Mariah
|-singleturn|p2a: Mariah|Protect
|move|p1a: Dragonite|Ice Spinner|p2a: Mariah
|-activate|p2a: Mariah|move: Protect
|
|-heal|p2a: Mariah|55/100|[from] item: Leftovers
|upkeep
|turn|30
|
|t:|1760379707
|move|p1a: Dragonite|Ice Spinner|p2a: Mariah
|-supereffective|p2a: Mariah
|-damage|p2a: Mariah|14/100
|move|p2a: Mariah|Earth Power|p1a: Dragonite
|-damage|p1a: Dragonite|0 fnt
|faint|p1a: Dragonite
|
|-heal|p2a: Mariah|20/100|[from] item: Leftovers
|upkeep
|
|t:|1760379709
|switch|p1a: Iron Valiant|Iron Valiant|100/100
|-damage|p1a: Iron Valiant|94/100|[from] Stealth Rock
|-enditem|p1a: Iron Valiant|Booster Energy
|-activate|p1a: Iron Valiant|ability: Quark Drive|[fromitem]
|-start|p1a: Iron Valiant|quarkdrivespe
|turn|31
|
|t:|1760379719
|move|p2a: Mariah|Protect|p2a: Mariah
|-singleturn|p2a: Mariah|Protect
|move|p1a: Iron Valiant|Knock Off|p2a: Mariah
|-activate|p2a: Mariah|move: Protect
|
|-heal|p2a: Mariah|26/100|[from] item: Leftovers
|upkeep
|turn|32
|
|t:|1760379729
|move|p2a: Mariah|Protect|p2a: Mariah
|-singleturn|p2a: Mariah|Protect
|move|p1a: Iron Valiant|Knock Off|p2a: Mariah
|-activate|p2a: Mariah|move: Protect
|
|-heal|p2a: Mariah|32/100|[from] item: Leftovers
|upkeep
|turn|33
|
|t:|1760379738
|move|p1a: Iron Valiant|Knock Off|p2a: Mariah
|-supereffective|p2a: Mariah
|-damage|p2a: Mariah|0 fnt
|-enditem|p2a: Mariah|Leftovers|[from] move: Knock Off|[of] p1a: Iron Valiant
|faint|p2a: Mariah
|
|upkeep
|
|t:|1760379743
|switch|p2a: Gigi|Porygon2|76/100
|-damage|p2a: Gigi|64/100|[from] Spikes
|-damage|p2a: Gigi|51/100|[from] Stealth Rock
|-ability|p2a: Gigi|Download|boost
|-boost|p2a: Gigi|spa|1
|turn|34
|
|t:|1760379751
|move|p2a: Gigi|Protect|p2a: Gigi
|-singleturn|p2a: Gigi|Protect
|move|p1a: Iron Valiant|Close Combat|p2a: Gigi
|-activate|p2a: Gigi|move: Protect
|
|upkeep
|turn|35
|
|t:|1760379757
|move|p1a: Iron Valiant|Close Combat|p2a: Gigi
|-supereffective|p2a: Gigi
|-damage|p2a: Gigi|0 fnt
|-unboost|p1a: Iron Valiant|def|1
|-unboost|p1a: Iron Valiant|spd|1
|faint|p2a: Gigi
|
|win|emeryns88
|raw|emeryns88's rating: 1120 &rarr; <strong>1143</strong><br />(+23 for winning)
|raw|krystlecarrington's rating: 1088 &rarr; <strong>1067</strong><br />(-21 for losing)
|l|☆emeryns88
|player|p1|
|l|☆krystlecarrington
|player|p2|
