|j|☆ikthoizzykil
|j|☆Barronmaster
|t:|1760317471
|gametype|singles
|player|p1|ikthoizzykil|pokemaniac-gen3rs|1670
|player|p2|Barronmaster|palmer|1654
|gen|9
|tier|[Gen 9] OU
|rated|
|rule|HP Percentage Mod: HP is shown in percentages
|rule|Endless Battle Clause: Forcing endless battles is banned
|rule|Species Clause: Limit one of each Pokémon
|rule|OHKO Clause: OHKO moves are banned
|rule|Evasion Items Clause: Evasion items are banned
|rule|Evasion Moves Clause: Evasion moves are banned
|rule|Evasion Abilities Clause: Evasion abilities are banned
|rule|Sleep Moves Clause: Sleep-inducing moves are banned
|clearpoke
|poke|p1|Dragapult, M|
|poke|p1|Rillaboom, F|
|poke|p1|Primarina, F|
|poke|p1|Great Tusk|
|poke|p1|Darkrai|
|poke|p1|Scizor, M|
|poke|p2|Hoopa-Unbound|
|poke|p2|Ninetales-Alola, F|
|poke|p2|Slowking-Galar, M|
|poke|p2|Cloyster, F|
|poke|p2|Zoroark, M|
|poke|p2|Indeedee, M|
|teampreview
|inactive|Battle timer is ON: inactive players will automatically lose when time's up. (requested by ikthoizzykil)
|
|t:|1760317479
|teamsize|p1|6
|teamsize|p2|6
|start
|switch|p1a: Scizor|Scizor, M|100/100
|switch|p2a: Hoopa|Hoopa-Unbound|100/100
|turn|1
|
|t:|1760317489
|move|p2a: Hoopa|Flamethrower|p1a: Scizor
|-supereffective|p1a: Scizor
|-damage|p1a: Scizor|0 fnt
|faint|p1a: Scizor
|-damage|p2a: Hoopa|91/100|[from] item: Life Orb
|
|upkeep
|
|t:|1760317497
|switch|p1a: Primarina|Primarina, F|100/100
|turn|2
|
|t:|1760317513
|switch|p2a: Slowking|Slowking-Galar, M|100/100
|move|p1a: Primarina|Substitute|p1a: Primarina
|-start|p1a: Primarina|Substitute
|-damage|p1a: Primarina|76/100
|
|-heal|p1a: Primarina|82/100|[from] item: Leftovers
|upkeep
|turn|3
|
|t:|1760317520
|move|p1a: Primarina|Calm Mind|p1a: Primarina
|-boost|p1a: Primarina|spa|1
|-boost|p1a: Primarina|spd|1
|move|p2a: Slowking|Nasty Plot|p2a: Slowking
|-boost|p2a: Slowking|spa|2
|
|-heal|p1a: Primarina|88/100|[from] item: Leftovers
|upkeep
|turn|4
|
|t:|1760317528
|move|p1a: Primarina|Psychic Noise|p2a: Slowking
|-damage|p2a: Slowking|62/100
|-start|p2a: Slowking|move: Heal Block
|move|p2a: Slowking|Psychic Noise|p1a: Primarina
|-damage|p1a: Primarina|46/100
|-start|p1a: Primarina|move: Heal Block
|
|upkeep
|turn|5
|
|t:|1760317538
|switch|p1a: Darkrai|Darkrai|100/100
|move|p2a: Slowking|Psychic Noise|p1a: Darkrai
|-immune|p1a: Darkrai
|
|-end|p2a: Slowking|move: Heal Block
|upkeep
|turn|6
|
|t:|1760317558
|-terastallize|p2a: Slowking|Flying
|move|p1a: Darkrai|Dark Pulse|p2a: Slowking
|-damage|p2a: Slowking|27/100
|move|p2a: Slowking|Trick Room|p2a: Slowking
|-fieldstart|move: Trick Room|[of] p2a: Slowking
|
|-heal|p2a: Slowking|33/100|[from] item: Leftovers
|upkeep
|turn|7
|inactive|ikthoizzykil has 120 seconds left.
|inactive|Barronmaster has 120 seconds left.
|inactive|Barronmaster has 90 seconds left.
|
|t:|1760317631
|switch|p2a: Ninetales|Ninetales-Alola, F|100/100
|-weather|Snowscape|[from] ability: Snow Warning|[of] p2a: Ninetales
|move|p1a: Darkrai|Dark Pulse|p2a: Ninetales
|-resisted|p2a: Ninetales
|-damage|p2a: Ninetales|73/100
|
|-weather|Snowscape|[upkeep]
|upkeep
|turn|8
|inactive|ikthoizzykil has 120 seconds left.
|j| Nikator98
|
|t:|1760317646
|switch|p1a: Primarina|Primarina, F|46/100
|move|p2a: Ninetales|Aurora Veil|p2a: Ninetales
|-sidestart|p2: Barronmaster|move: Aurora Veil
|
|-weather|Snowscape|[upkeep]
|-heal|p1a: Primarina|52/100|[from] item: Leftovers
|upkeep
|turn|9
|inactive|ikthoizzykil has 120 seconds left.
|inactive|Barronmaster has 90 seconds left.
|
|t:|1760317670
|switch|p2a: Slowking|Slowking-Galar, M, tera:Flying|66/100
|move|p1a: Primarina|Draining Kiss|p2a: Slowking
|-damage|p2a: Slowking|58/100
|-heal|p1a: Primarina|58/100|[from] drain|[of] p2a: Slowking
|
|-weather|Snowscape|[upkeep]
|-heal|p2a: Slowking|64/100|[from] item: Leftovers
|-heal|p1a: Primarina|64/100|[from] item: Leftovers
|upkeep
|turn|10
|inactive|ikthoizzykil has 120 seconds left.
|
|t:|1760317702
|switch|p1a: Darkrai|Darkrai|100/100
|move|p2a: Slowking|Nasty Plot|p2a: Slowking
|-boost|p2a: Slowking|spa|2
|
|-weather|Snowscape|[upkeep]
|-heal|p2a: Slowking|70/100|[from] item: Leftovers
|-fieldend|move: Trick Room
|upkeep
|turn|11
|inactive|Barronmaster has 90 seconds left.
|
|t:|1760317719
|move|p1a: Darkrai|Trick|p2a: Slowking
|-activate|p1a: Darkrai|move: Trick|[of] p2a: Slowking
|-item|p2a: Slowking|Choice Scarf|[from] move: Trick
|-item|p1a: Darkrai|Leftovers|[from] move: Trick
|move|p2a: Slowking|Flamethrower|p1a: Darkrai
|-crit|p1a: Darkrai
|-damage|p1a: Darkrai|0 fnt
|faint|p1a: Darkrai
|
|-weather|none
|upkeep
|
|t:|1760317727
|switch|p1a: Dragapult|Dragapult, M|100/100
|turn|12
|inactive|Barronmaster has 90 seconds left.
|
|t:|1760317740
|move|p1a: Dragapult|Draco Meteor|p2a: Slowking
|-damage|p2a: Slowking|4/100
|-unboost|p1a: Dragapult|spa|2
|move|p2a: Slowking|Flamethrower|p1a: Dragapult
|-resisted|p1a: Dragapult
|-damage|p1a: Dragapult|59/100
|
|upkeep
|turn|13
|
|t:|1760317749
|switch|p1a: Primarina|Primarina, F|64/100
|switch|p2a: Ninetales|Ninetales-Alola, F|73/100
|-weather|Snowscape|[from] ability: Snow Warning|[of] p2a: Ninetales
|
|-weather|Snowscape|[upkeep]
|-heal|p1a: Primarina|70/100|[from] item: Leftovers
|upkeep
|turn|14
|
|t:|1760317757
|switch|p2a: Hoopa|Hoopa-Unbound|100/100
|move|p1a: Primarina|Draining Kiss|p2a: Hoopa
|-supereffective|p2a: Hoopa
|-damage|p2a: Hoopa|90/100
|-heal|p1a: Primarina|77/100|[from] drain|[of] p2a: Hoopa
|
|-weather|Snowscape|[upkeep]
|-heal|p1a: Primarina|83/100|[from] item: Leftovers
|upkeep
|turn|15
|inactive|ikthoizzykil has 120 seconds left.
|
|t:|1760317766
|move|p2a: Hoopa|Psychic Noise|p1a: Primarina
|-damage|p1a: Primarina|45/100
|-start|p1a: Primarina|move: Heal Block
|move|p1a: Primarina|Calm Mind|p1a: Primarina
|-boost|p1a: Primarina|spa|1
|-boost|p1a: Primarina|spd|1
|
|-weather|Snowscape|[upkeep]
|-sideend|p2: Barronmaster|move: Aurora Veil
|upkeep
|turn|16
|
|t:|1760317775
|move|p2a: Hoopa|Psychic Noise|p1a: Primarina
|-damage|p1a: Primarina|17/100
|move|p1a: Primarina|Psychic Noise|p2a: Hoopa
|-damage|p2a: Hoopa|63/100
|-start|p2a: Hoopa|move: Heal Block
|
|-weather|Snowscape|[upkeep]
|-end|p1a: Primarina|move: Heal Block
|upkeep
|turn|17
|
|t:|1760317794
|move|p2a: Hoopa|Psychic Noise|p1a: Primarina
|-crit|p1a: Primarina
|-damage|p1a: Primarina|0 fnt
|faint|p1a: Primarina
|
|-weather|none
|-end|p2a: Hoopa|move: Heal Block
|upkeep
|
|t:|1760317800
|switch|p1a: Rillaboom|Rillaboom, F|100/100
|-fieldstart|move: Grassy Terrain|[from] ability: Grassy Surge|[of] p1a: Rillaboom
|turn|18
|inactive|Barronmaster has 90 seconds left.
|inactive|Barronmaster has 60 seconds left.
|l| Nikator98
|inactive|Barronmaster has 30 seconds left.
|
|t:|1760317893
|switch|p2a: Slowking|Slowking-Galar, M, tera:Flying|37/100
|move|p1a: Rillaboom|U-turn|p2a: Slowking
|-resisted|p2a: Slowking
|-damage|p2a: Slowking|22/100
|
|t:|1760317902
|switch|p1a: Dragapult|Dragapult, M|59/100|[from] U-turn
|
|-heal|p1a: Dragapult|66/100|[from] Grassy Terrain
|upkeep
|turn|19
|
|t:|1760317914
|move|p1a: Dragapult|Fire Blast|p2a: Slowking
|-damage|p2a: Slowking|0 fnt
|faint|p2a: Slowking
|
|-heal|p1a: Dragapult|72/100|[from] Grassy Terrain
|upkeep
|
|t:|1760317918
|switch|p2a: Ninetales|Ninetales-Alola, F|91/100
|turn|20
|
|t:|1760317925
|move|p2a: Ninetales|Sucker Punch|p1a: Dragapult
|-supereffective|p1a: Dragapult
|-damage|p1a: Dragapult|0 fnt
|faint|p1a: Dragapult
|-damage|p2a: Ninetales|81/100|[from] item: Life Orb
|
|-heal|p2a: Ninetales|87/100|[from] Grassy Terrain
|upkeep
|
|t:|1760317932
|switch|p1a: Great Tusk|Great Tusk|100/100
|turn|21
|inactive|Barronmaster has 60 seconds left.
|
|t:|1760317954
|move|p2a: Ninetales|Flamethrower|p1a: Great Tusk
|-damage|p1a: Great Tusk|58/100
|-damage|p2a: Ninetales|77/100|[from] item: Life Orb
|move|p1a: Great Tusk|Bulk Up|p1a: Great Tusk
|-boost|p1a: Great Tusk|atk|1
|-boost|p1a: Great Tusk|def|1
|
|-heal|p2a: Ninetales|83/100|[from] Grassy Terrain
|-heal|p1a: Great Tusk|64/100|[from] Grassy Terrain
|-heal|p1a: Great Tusk|70/100|[from] item: Leftovers
|upkeep
|turn|22
|
|t:|1760317963
|move|p2a: Ninetales|Flamethrower|p1a: Great Tusk
|-damage|p1a: Great Tusk|30/100
|-damage|p2a: Ninetales|73/100|[from] item: Life Orb
|move|p1a: Great Tusk|Headlong Rush|p2a: Ninetales
|-damage|p2a: Ninetales|0 fnt
|-unboost|p1a: Great Tusk|def|1
|-unboost|p1a: Great Tusk|spd|1
|replace|p2a: Zoroark|Zoroark, M
|-end|p2a: Zoroark|Illusion
|faint|p2a: Zoroark
|
|-heal|p1a: Great Tusk|36/100|[from] Grassy Terrain
|-heal|p1a: Great Tusk|42/100|[from] item: Leftovers
|-fieldend|move: Grassy Terrain
|upkeep
|
|t:|1760317970
|switch|p2a: Ninetales|Ninetales-Alola, F|73/100
|-weather|Snowscape|[from] ability: Snow Warning|[of] p2a: Ninetales
|turn|23
|inactive|Barronmaster has 60 seconds left.
|
|t:|1760317985
|-end|p1a: Great Tusk|Protosynthesis|[silent]
|switch|p1a: Rillaboom|Rillaboom, F|100/100
|-fieldstart|move: Grassy Terrain|[from] ability: Grassy Surge|[of] p1a: Rillaboom
|move|p2a: Ninetales|Blizzard|p1a: Rillaboom
|-supereffective|p1a: Rillaboom
|-damage|p1a: Rillaboom|31/100
|
|-weather|Snowscape|[upkeep]
|-heal|p2a: Ninetales|79/100|[from] Grassy Terrain
|-heal|p1a: Rillaboom|37/100|[from] Grassy Terrain
|upkeep
|turn|24
|
|t:|1760317995
|move|p1a: Rillaboom|Grassy Glide|p2a: Ninetales
|-damage|p2a: Ninetales|36/100
|move|p2a: Ninetales|Aurora Veil|p2a: Ninetales
|-sidestart|p2: Barronmaster|move: Aurora Veil
|
|-weather|Snowscape|[upkeep]
|-heal|p2a: Ninetales|42/100|[from] Grassy Terrain
|-heal|p1a: Rillaboom|43/100|[from] Grassy Terrain
|upkeep
|turn|25
|inactive|Barronmaster has 60 seconds left.
|
|t:|1760318019
|move|p2a: Ninetales|Blizzard|p1a: Rillaboom
|-supereffective|p1a: Rillaboom
|-damage|p1a: Rillaboom|0 fnt
|faint|p1a: Rillaboom
|
|-weather|Snowscape|[upkeep]
|-heal|p2a: Ninetales|48/100|[from] Grassy Terrain
|upkeep
|
|t:|1760318025
|switch|p1a: Great Tusk|Great Tusk|42/100
|turn|26
|
|t:|1760318029
|-terastallize|p1a: Great Tusk|Fighting
|move|p2a: Ninetales|Blizzard|p1a: Great Tusk
|-damage|p1a: Great Tusk|0 fnt
|faint|p1a: Great Tusk
|-end|p1a: Great Tusk|Protosynthesis|[silent]
|
|win|Barronmaster
|raw|ikthoizzykil's rating: 1670 &rarr; <strong>1649</strong><br />(-21 for losing)
|raw|Barronmaster's rating: 1654 &rarr; <strong>1675</strong><br />(+21 for winning)
|l|☆ikthoizzykil
|player|p1|
|l|☆Barronmaster
|player|p2|
