|j|☆yaotaiwon
|j|☆diavolo22772
|t:|1760446188
|gametype|singles
|player|p1|yaotaiwon|170|1247
|player|p2|diavolo22772|102|1255
|gen|9
|tier|[Gen 9] OU
|rated|
|rule|HP Percentage Mod: HP is shown in percentages
|rule|Endless Battle Clause: Forcing endless battles is banned
|rule|Species Clause: Limit one of each Pokémon
|rule|OHKO Clause: OHKO moves are banned
|rule|Evasion Items Clause: Evasion items are banned
|rule|Evasion Moves Clause: Evasion moves are banned
|rule|Evasion Abilities Clause: Evasion abilities are banned
|rule|Sleep Moves Clause: Sleep-inducing moves are banned
|clearpoke
|poke|p1|Indeedee, M|
|poke|p1|Meowscarada, F|
|poke|p1|Hoopa-Unbound|
|poke|p1|Cinderace, M|
|poke|p1|Corviknight, F|
|poke|p1|Garganacl, F|
|poke|p2|Ludicolo, M|
|poke|p2|Pelipper, M|
|poke|p2|Barraskewda, F|
|poke|p2|Iron Crown|
|poke|p2|Great Tusk|
|poke|p2|Moltres|
|teampreview
|inactive|Battle timer is ON: inactive players will automatically lose when time's up. (requested by diavolo22772)
|
|t:|1760446202
|teamsize|p1|6
|teamsize|p2|6
|start
|switch|p1a: Indeedee|Indeedee, M|100/100
|switch|p2a: Pepeliper|Pelipper, M|100/100
|-fieldstart|move: Psychic Terrain|[from] ability: Psychic Surge|[of] p1a: Indeedee
|-weather|RainDance|[from] ability: Drizzle|[of] p2a: Pepeliper
|turn|1
|
|t:|1760446205
|move|p1a: Indeedee|Expanding Force|p2a: Pepeliper
|-damage|p2a: Pepeliper|0 fnt
|faint|p2a: Pepeliper
|
|-weather|RainDance|[upkeep]
|upkeep
|
|t:|1760446209
|switch|p2a: astakuda|Barraskewda, F|100/100
|turn|2
|
|t:|1760446213
|switch|p1a: Corviknight|Corviknight, F|100/100
|-ability|p1a: Corviknight|Pressure
|-terastallize|p2a: astakuda|Water
|move|p2a: astakuda|Flip Turn|p1a: Corviknight
|-damage|p1a: Corviknight|39/100
|
|t:|1760446222
|switch|p2a: Ludicolo|Ludicolo, M|100/100|[from] Flip Turn
|
|-weather|RainDance|[upkeep]
|-heal|p1a: Corviknight|46/100|[from] item: Leftovers
|upkeep
|turn|3
|
|t:|1760446226
|move|p2a: Ludicolo|Hydro Pump|p1a: Corviknight
|-damage|p1a: Corviknight|0 fnt
|faint|p1a: Corviknight
|-damage|p2a: Ludicolo|91/100|[from] item: Life Orb
|
|-weather|RainDance|[upkeep]
|upkeep
|
|t:|1760446230
|switch|p1a: Meowscarada|Meowscarada, F|100/100
|turn|4
|
|t:|1760446238
|move|p2a: Ludicolo|Ice Beam|p1a: Meowscarada
|-supereffective|p1a: Meowscarada
|-damage|p1a: Meowscarada|0 fnt
|faint|p1a: Meowscarada
|-damage|p2a: Ludicolo|81/100|[from] item: Life Orb
|
|-weather|RainDance|[upkeep]
|upkeep
|
|t:|1760446242
|switch|p1a: Hoopa|Hoopa-Unbound|100/100
|turn|5
|
|t:|1760446249
|move|p2a: Ludicolo|Hydro Pump|p1a: Hoopa
|-damage|p1a: Hoopa|7/100
|-damage|p2a: Ludicolo|71/100|[from] item: Life Orb
|move|p1a: Hoopa|Hyperspace Fury|p2a: Ludicolo
|-damage|p2a: Ludicolo|0 fnt
|-unboost|p1a: Hoopa|def|1
|faint|p2a: Ludicolo
|
|-weather|RainDance|[upkeep]
|-fieldend|move: Psychic Terrain
|upkeep
|
|t:|1760446256
|switch|p2a: astakuda|Barraskewda, F, tera:Water|100/100
|turn|6
|
|t:|1760446266
|switch|p1a: Cinderace|Cinderace, M|100/100
|move|p2a: astakuda|Flip Turn|p1a: Cinderace
|-supereffective|p1a: Cinderace
|-damage|p1a: Cinderace|0 fnt
|faint|p1a: Cinderace
|l|☆diavolo22772
|inactive|diavolo22772 disconnected and has a minute to reconnect!
|player|p2|
|inactive|diavolo22772 has 30 seconds to reconnect!
|j|☆diavolo22772
|inactive|diavolo22772 reconnected and has 110 seconds left.
|player|p2|diavolo22772|102|
|
|t:|1760446311
|switch|p2a: boom|Great Tusk|100/100|[from] Flip Turn
|-enditem|p2a: boom|Booster Energy
|-activate|p2a: boom|ability: Protosynthesis|[fromitem]
|-start|p2a: boom|protosynthesisatk
|
|-weather|RainDance|[upkeep]
|upkeep
|
|t:|1760446318
|switch|p1a: Indeedee|Indeedee, M|100/100
|-fieldstart|move: Psychic Terrain|[from] ability: Psychic Surge|[of] p1a: Indeedee
|turn|7
|
|t:|1760446321
|-end|p2a: boom|Protosynthesis|[silent]
|switch|p2a: vrrrroommm|Iron Crown|100/100
|move|p1a: Indeedee|Expanding Force|p2a: vrrrroommm
|-resisted|p2a: vrrrroommm
|-damage|p2a: vrrrroommm|88/100
|
|-weather|RainDance|[upkeep]
|upkeep
|turn|8
|inactive|diavolo22772 has 120 seconds left.
|
|t:|1760446328
|move|p1a: Indeedee|Expanding Force|p2a: vrrrroommm
|-resisted|p2a: vrrrroommm
|-damage|p2a: vrrrroommm|76/100
|move|p2a: vrrrroommm|Tachyon Cutter|p1a: Indeedee
|-damage|p1a: Indeedee|69/100
|-damage|p1a: Indeedee|34/100
|-hitcount|p1a: Indeedee|2
|
|-weather|none
|upkeep
|turn|9
|
|t:|1760446334
|move|p1a: Indeedee|Expanding Force|p2a: vrrrroommm
|-resisted|p2a: vrrrroommm
|-damage|p2a: vrrrroommm|63/100
|move|p2a: vrrrroommm|Tachyon Cutter|p1a: Indeedee
|-damage|p1a: Indeedee|0 fnt
|faint|p1a: Indeedee
|-hitcount|p1: Indeedee|1
|
|upkeep
|-message|yaotaiwon forfeited.
|
|win|diavolo22772
|raw|yaotaiwon's rating: 1247 &rarr; <strong>1223</strong><br />(-24 for losing)
|raw|diavolo22772's rating: 1255 &rarr; <strong>1279</strong><br />(+24 for winning)
|l|☆yaotaiwon
|player|p1|
|l|☆diavolo22772
|player|p2|
