|j|☆Lucker testing
|j|☆yousonofaBImin
|t:|1760399631
|gametype|singles
|player|p1|Lucker testing|marnie|1313
|player|p2|yousonofaBImin|blue|1305
|gen|9
|tier|[Gen 9] OU
|rated|
|rule|HP Percentage Mod: HP is shown in percentages
|rule|Endless Battle Clause: Forcing endless battles is banned
|rule|Species Clause: Limit one of each Pokémon
|rule|OHKO Clause: OHKO moves are banned
|rule|Evasion Items Clause: Evasion items are banned
|rule|Evasion Moves Clause: Evasion moves are banned
|rule|Evasion Abilities Clause: Evasion abilities are banned
|rule|Sleep Moves Clause: Sleep-inducing moves are banned
|clearpoke
|poke|p1|Landorus-Therian, M|
|poke|p1|Pecharunt|
|poke|p1|Ogerpon-Wellspring, F|
|poke|p1|Kingambit, M|
|poke|p1|Zamazenta-*|
|poke|p1|Blaziken, M|
|poke|p2|Pelipper, F|
|poke|p2|Barraskewda, M|
|poke|p2|Zapdos|
|poke|p2|Raging Bolt|
|poke|p2|Iron Valiant|
|poke|p2|Great Tusk|
|teampreview
|
|t:|1760399641
|teamsize|p1|6
|teamsize|p2|6
|start
|switch|p1a: Ogerpon|Ogerpon-Wellspring, F|100/100
|switch|p2a: Pelipper|Pelipper, F, shiny|100/100
|-weather|RainDance|[from] ability: Drizzle|[of] p2a: Pelipper
|turn|1
|
|t:|1760399649
|-terastallize|p1a: Ogerpon|Water
|detailschange|p1a: Ogerpon|Ogerpon-Wellspring-Tera, F, tera:Water
|-ability|p1a: Ogerpon|Embody Aspect (Wellspring)|boost
|-boost|p1a: Ogerpon|spd|1
|move|p1a: Ogerpon|Ivy Cudgel|p2a: Pelipper|[anim] Ivy Cudgel Water
|-resisted|p2a: Pelipper
|-damage|p2a: Pelipper|54/100
|move|p2a: Pelipper|Hurricane|p1a: Ogerpon
|-damage|p1a: Ogerpon|72/100
|
|-weather|RainDance|[upkeep]
|upkeep
|turn|2
|
|t:|1760399663
|switch|p2a: Zapdos|Zapdos|100/100
|move|p1a: Ogerpon|Ivy Cudgel|p2a: Zapdos|[anim] Ivy Cudgel Water
|-damage|p2a: Zapdos|0 fnt
|faint|p2a: Zapdos
|
|-weather|RainDance|[upkeep]
|upkeep
|inactive|Battle timer is ON: inactive players will automatically lose when time's up. (requested by Lucker testing)
|
|t:|1760399676
|switch|p2a: Raging Bolt|Raging Bolt|100/100
|turn|3
|
|t:|1760399683
|switch|p1a: Landorus|Landorus-Therian, M|100/100
|-ability|p1a: Landorus|Intimidate|boost
|-unboost|p2a: Raging Bolt|atk|1
|move|p2a: Raging Bolt|Thunderbolt|p1a: Landorus
|-immune|p1a: Landorus
|
|-weather|RainDance|[upkeep]
|upkeep
|turn|4
|
|t:|1760399690
|-end|p2a: Raging Bolt|Protosynthesis|[silent]
|switch|p2a: Barraskewda|Barraskewda, M, shiny|100/100
|move|p1a: Landorus|Stealth Rock|p2a: Barraskewda
|-sidestart|p2: yousonofaBImin|move: Stealth Rock
|
|-weather|RainDance|[upkeep]
|upkeep
|turn|5
|
|t:|1760399706
|switch|p1a: Pecharunt|Pecharunt|100/100
|move|p2a: Barraskewda|Poison Jab|p1a: Pecharunt
|-resisted|p1a: Pecharunt
|-damage|p1a: Pecharunt|94/100
|
|-weather|RainDance|[upkeep]
|upkeep
|turn|6
|
|t:|1760399713
|switch|p2a: Great Tusk|Great Tusk, shiny|100/100
|-damage|p2a: Great Tusk|98/100|[from] Stealth Rock
|-enditem|p2a: Great Tusk|Booster Energy
|-activate|p2a: Great Tusk|ability: Protosynthesis|[fromitem]
|-start|p2a: Great Tusk|protosynthesisatk
|move|p1a: Pecharunt|Parting Shot|p2a: Great Tusk
|-unboost|p2a: Great Tusk|atk|1
|-unboost|p2a: Great Tusk|spa|1
|
|t:|1760399718
|switch|p1a: Ogerpon|Ogerpon-Wellspring-Tera, F, tera:Water|72/100|[from] Parting Shot
|-ability|p1a: Ogerpon|Embody Aspect (Wellspring)|boost
|-boost|p1a: Ogerpon|spd|1
|
|-weather|RainDance|[upkeep]
|upkeep
|turn|7
|
|t:|1760399724
|-terastallize|p2a: Great Tusk|Steel
|move|p1a: Ogerpon|Ivy Cudgel|p2a: Great Tusk|[anim] Ivy Cudgel Water
|-damage|p2a: Great Tusk|11/100
|move|p2a: Great Tusk|Rapid Spin|p1a: Ogerpon
|-damage|p1a: Ogerpon|52/100
|-boost|p2a: Great Tusk|spe|1
|-sideend|p2: yousonofaBImin|Stealth Rock|[from] move: Rapid Spin|[of] p2a: Great Tusk
|
|-weather|RainDance|[upkeep]
|upkeep
|turn|8
|
|t:|1760399733
|switch|p1a: Landorus|Landorus-Therian, M|100/100
|-ability|p1a: Landorus|Intimidate|boost
|-unboost|p2a: Great Tusk|atk|1
|move|p2a: Great Tusk|Earthquake|p1a: Landorus
|-immune|p1a: Landorus
|
|-weather|none
|upkeep
|turn|9
|
|t:|1760399738
|move|p2a: Great Tusk|Ice Spinner|p1a: Landorus
|-supereffective|p1a: Landorus
|-damage|p1a: Landorus|44/100
|-damage|p2a: Great Tusk|0 fnt|[from] item: Rocky Helmet|[of] p1a: Landorus
|faint|p2a: Great Tusk
|-end|p2a: Great Tusk|Protosynthesis|[silent]
|move|p1a: Landorus|Earthquake|p2: Great Tusk|[notarget]
|-fail|p1a: Landorus
|
|upkeep
|
|t:|1760399754
|switch|p2a: Iron Valiant|Iron Valiant|100/100
|-enditem|p2a: Iron Valiant|Booster Energy
|-activate|p2a: Iron Valiant|ability: Quark Drive|[fromitem]
|-start|p2a: Iron Valiant|quarkdrivespe
|turn|10
|
|t:|1760399768
|switch|p1a: Pecharunt|Pecharunt|94/100
|move|p2a: Iron Valiant|Calm Mind|p2a: Iron Valiant
|-boost|p2a: Iron Valiant|spa|1
|-boost|p2a: Iron Valiant|spd|1
|
|upkeep
|turn|11
|
|t:|1760399774
|move|p2a: Iron Valiant|Shadow Ball|p1a: Pecharunt
|-supereffective|p1a: Pecharunt
|-crit|p1a: Pecharunt
|-damage|p1a: Pecharunt|0 fnt
|faint|p1a: Pecharunt
|
|upkeep
|
|t:|1760399782
|switch|p1a: Zamazenta|Zamazenta|100/100
|-ability|p1a: Zamazenta|Dauntless Shield|boost
|-boost|p1a: Zamazenta|def|1
|turn|12
|
|t:|1760399786
|move|p2a: Iron Valiant|Dazzling Gleam|p1a: Zamazenta
|-supereffective|p1a: Zamazenta
|-damage|p1a: Zamazenta|36/100
|move|p1a: Zamazenta|Heavy Slam|p2a: Iron Valiant
|-supereffective|p2a: Iron Valiant
|-damage|p2a: Iron Valiant|0 fnt
|faint|p2a: Iron Valiant
|-end|p2a: Iron Valiant|Quark Drive|[silent]
|
|upkeep
|
|t:|1760399802
|switch|p2a: Pelipper|Pelipper, F, shiny|54/100
|-weather|RainDance|[from] ability: Drizzle|[of] p2a: Pelipper
|turn|13
|
|t:|1760399806
|move|p1a: Zamazenta|Stone Edge|p2a: Pelipper|[miss]
|-miss|p1a: Zamazenta|p2a: Pelipper
|move|p2a: Pelipper|Hurricane|p1a: Zamazenta
|-supereffective|p1a: Zamazenta
|-damage|p1a: Zamazenta|0 fnt
|faint|p1a: Zamazenta
|
|-weather|RainDance|[upkeep]
|upkeep
|
|t:|1760399827
|switch|p1a: Ogerpon|Ogerpon-Wellspring-Tera, F, tera:Water|52/100
|-ability|p1a: Ogerpon|Embody Aspect (Wellspring)|boost
|-boost|p1a: Ogerpon|spd|1
|turn|14
|
|t:|1760399843
|move|p1a: Ogerpon|Ivy Cudgel|p2a: Pelipper|[anim] Ivy Cudgel Water
|-resisted|p2a: Pelipper
|-damage|p2a: Pelipper|12/100
|move|p2a: Pelipper|U-turn|p1a: Ogerpon
|-damage|p1a: Ogerpon|40/100
|
|t:|1760399848
|switch|p2a: Barraskewda|Barraskewda, M, shiny|100/100|[from] U-turn
|
|-weather|RainDance|[upkeep]
|upkeep
|turn|15
|
|t:|1760399866
|switch|p1a: Landorus|Landorus-Therian, M|44/100
|-ability|p1a: Landorus|Intimidate|boost
|-unboost|p2a: Barraskewda|atk|1
|move|p2a: Barraskewda|Close Combat|p1a: Landorus
|-resisted|p1a: Landorus
|-damage|p1a: Landorus|27/100
|-unboost|p2a: Barraskewda|def|1
|-unboost|p2a: Barraskewda|spd|1
|-damage|p2a: Barraskewda|84/100|[from] item: Rocky Helmet|[of] p1a: Landorus
|
|-weather|RainDance|[upkeep]
|upkeep
|turn|16
|
|t:|1760399882
|switch|p2a: Raging Bolt|Raging Bolt|100/100
|move|p1a: Landorus|Stone Edge|p2a: Raging Bolt
|-damage|p2a: Raging Bolt|75/100
|
|-weather|RainDance|[upkeep]
|upkeep
|turn|17
|
|t:|1760399888
|move|p2a: Raging Bolt|Weather Ball|p1a: Landorus
|-supereffective|p1a: Landorus
|-damage|p1a: Landorus|0 fnt
|faint|p1a: Landorus
|
|-weather|RainDance|[upkeep]
|upkeep
|inactive|Lucker testing has 120 seconds left.
|
|t:|1760399913
|switch|p1a: Kingambit|Kingambit, M|100/100
|-activate|p1a: Kingambit|ability: Supreme Overlord
|-start|p1a: Kingambit|fallen3|[silent]
|turn|18
|
|t:|1760399933
|move|p2a: Raging Bolt|Weather Ball|p1a: Kingambit
|-damage|p1a: Kingambit|44/100
|move|p1a: Kingambit|Swords Dance|p1a: Kingambit
|-boost|p1a: Kingambit|atk|2
|
|-weather|RainDance|[upkeep]
|-heal|p1a: Kingambit|50/100|[from] item: Leftovers
|upkeep
|turn|19
|
|t:|1760399940
|move|p1a: Kingambit|Sucker Punch|p2a: Raging Bolt
|-damage|p2a: Raging Bolt|0 fnt
|faint|p2a: Raging Bolt
|-end|p2a: Raging Bolt|Protosynthesis|[silent]
|
|-weather|RainDance|[upkeep]
|-heal|p1a: Kingambit|56/100|[from] item: Leftovers
|upkeep
|
|t:|1760399943
|switch|p2a: Barraskewda|Barraskewda, M, shiny|84/100
|turn|20
|
|t:|1760399953
|move|p1a: Kingambit|Sucker Punch|p2a: Barraskewda
|-damage|p2a: Barraskewda|0 fnt
|faint|p2a: Barraskewda
|
|-weather|none
|-heal|p1a: Kingambit|62/100|[from] item: Leftovers
|upkeep
|-message|yousonofaBImin forfeited.
|
|win|Lucker testing
|raw|Lucker testing's rating: 1313 &rarr; <strong>1333</strong><br />(+20 for winning)
|raw|yousonofaBImin's rating: 1305 &rarr; <strong>1285</strong><br />(-20 for losing)
|l|☆yousonofaBImin
|player|p2|
