|j|☆Churrini
|j|☆gigapoophater
|t:|1760382982
|gametype|singles
|player|p1|Churrini|morty|1149
|player|p2|gigapoophater|swimmer|1094
|gen|9
|tier|[Gen 9] OU
|rated|
|rule|HP Percentage Mod: HP is shown in percentages
|rule|Endless Battle Clause: Forcing endless battles is banned
|rule|Species Clause: Limit one of each Pokémon
|rule|OHKO Clause: OHKO moves are banned
|rule|Evasion Items Clause: Evasion items are banned
|rule|Evasion Moves Clause: Evasion moves are banned
|rule|Evasion Abilities Clause: Evasion abilities are banned
|rule|Sleep Moves Clause: Sleep-inducing moves are banned
|clearpoke
|poke|p1|Alomomola, M|
|poke|p1|Ting-Lu|
|poke|p1|Goodra-Hisui, M|
|poke|p1|Scizor, F|
|poke|p1|Keldeo|
|poke|p1|Iron Treads|
|poke|p2|Brambleghast, F|
|poke|p2|Hatterene, F|
|poke|p2|Yanmega, F|
|poke|p2|Weavile, M|
|poke|p2|Chandelure, M|
|poke|p2|Flamigo, M|
|teampreview
|
|t:|1760382998
|teamsize|p1|6
|teamsize|p2|6
|start
|switch|p1a: Ting-Lu|Ting-Lu|100/100
|switch|p2a: Brambleghast|Brambleghast, F|100/100
|-ability|p1a: Ting-Lu|Vessel of Ruin
|turn|1
|
|t:|1760383005
|move|p2a: Brambleghast|Power Whip|p1a: Ting-Lu|[miss]
|-miss|p2a: Brambleghast|p1a: Ting-Lu
|move|p1a: Ting-Lu|Spikes|p2a: Brambleghast
|-sidestart|p2: gigapoophater|Spikes
|
|upkeep
|turn|2
|
|t:|1760383013
|switch|p1a: Scizor|Scizor, F|100/100
|move|p2a: Brambleghast|Power Whip|p1a: Scizor|[miss]
|-miss|p2a: Brambleghast|p1a: Scizor
|
|upkeep
|turn|3
|
|t:|1760383024
|switch|p2a: Yanmega|Yanmega, F|100/100
|move|p1a: Scizor|Swords Dance|p1a: Scizor
|-boost|p1a: Scizor|atk|2
|
|upkeep
|turn|4
|
|t:|1760383036
|move|p2a: Yanmega|Bug Buzz|p1a: Scizor
|-resisted|p1a: Scizor
|-damage|p1a: Scizor|70/100
|-enditem|p2a: Yanmega|Throat Spray
|-boost|p2a: Yanmega|spa|1|[from] item: Throat Spray
|move|p1a: Scizor|Swords Dance|p1a: Scizor
|-boost|p1a: Scizor|atk|2
|
|-ability|p2a: Yanmega|Speed Boost|boost
|-boost|p2a: Yanmega|spe|1
|upkeep
|turn|5
|
|t:|1760383051
|-terastallize|p1a: Scizor|Steel
|move|p1a: Scizor|Bullet Punch|p2a: Yanmega
|-damage|p2a: Yanmega|0 fnt
|faint|p2a: Yanmega
|-damage|p1a: Scizor|60/100|[from] item: Life Orb
|
|upkeep
|
|t:|1760383060
|switch|p2a: Chandelure|Chandelure, M|100/100
|-damage|p2a: Chandelure|88/100|[from] Spikes
|turn|6
|
|t:|1760383064
|move|p1a: Scizor|Bullet Punch|p2a: Chandelure
|-resisted|p2a: Chandelure
|-damage|p2a: Chandelure|0 fnt
|faint|p2a: Chandelure
|-damage|p1a: Scizor|50/100|[from] item: Life Orb
|
|upkeep
|-message|gigapoophater forfeited.
|
|win|Churrini
|raw|Churrini's rating: 1149 &rarr; <strong>1170</strong><br />(+21 for winning)
|raw|gigapoophater's rating: 1094 &rarr; <strong>1074</strong><br />(-20 for losing)
|l|☆gigapoophater
|player|p2|
