|j|☆24iomxx
|j|☆suijilurenjia
|t:|1760461956
|gametype|singles
|player|p1|24iomxx|hilbert-masters|1131
|player|p2|suijilurenjia|bugcatcher-gen4dp|1107
|gen|9
|tier|[Gen 9] OU
|rated|
|rule|HP Percentage Mod: HP is shown in percentages
|rule|Endless Battle Clause: Forcing endless battles is banned
|rule|Species Clause: Limit one of each Pokémon
|rule|OHKO Clause: OHKO moves are banned
|rule|Evasion Items Clause: Evasion items are banned
|rule|Evasion Moves Clause: Evasion moves are banned
|rule|Evasion Abilities Clause: Evasion abilities are banned
|rule|Sleep Moves Clause: Sleep-inducing moves are banned
|clearpoke
|poke|p1|Hydreigon, M|
|poke|p1|Excadrill, M|
|poke|p1|Galvantula, F|
|poke|p1|Chandelure, M|
|poke|p1|Amoonguss, M|
|poke|p1|Braviary, M|
|poke|p2|Cacturne, F|
|poke|p2|Swampert, M|
|poke|p2|Gallade, M|
|poke|p2|Vespiquen, F|
|poke|p2|Grafaiai, F|
|poke|p2|Dragapult, M|
|teampreview
|
|t:|1760461961
|teamsize|p1|6
|teamsize|p2|6
|start
|switch|p1a: Galvantula|Galvantula, F|100/100
|switch|p2a: Grafaiai|Grafaiai, F, shiny|100/100
|turn|1
|inactive|Battle timer is ON: inactive players will automatically lose when time's up. (requested by 24iomxx)
|inactive|suijilurenjia also wants the timer to be on.
|
|t:|1760461967
|move|p1a: Galvantula|Sticky Web|p2a: Grafaiai
|-sidestart|p2: suijilurenjia|move: Sticky Web
|move|p2a: Grafaiai|Swords Dance|p2a: Grafaiai
|-boost|p2a: Grafaiai|atk|2
|
|upkeep
|turn|2
|
|t:|1760461984
|move|p1a: Galvantula|Thunder Wave|p2a: Grafaiai
|-status|p2a: Grafaiai|par
|move|p2a: Grafaiai|Acrobatics|p1a: Galvantula
|-damage|p1a: Galvantula|34/100
|
|upkeep
|turn|3
|
|t:|1760461991
|move|p1a: Galvantula|Thunder|p2a: Grafaiai
|-damage|p2a: Grafaiai|24/100 par
|move|p2a: Grafaiai|Acrobatics|p1a: Galvantula
|-damage|p1a: Galvantula|0 fnt
|faint|p1a: Galvantula
|
|upkeep
|
|t:|1760461996
|switch|p1a: Chandelure|Chandelure, M|100/100
|turn|4
|
|t:|1760462006
|move|p1a: Chandelure|Fire Blast|p2a: Grafaiai
|-damage|p2a: Grafaiai|0 fnt
|faint|p2a: Grafaiai
|
|upkeep
|
|t:|1760462015
|switch|p2a: Swampert|Swampert, M|100/100
|-activate|p2a: Swampert|move: Sticky Web
|-unboost|p2a: Swampert|spe|1
|turn|5
|
|t:|1760462023
|switch|p1a: Amoonguss|Amoonguss, M|100/100
|move|p2a: Swampert|Stealth Rock|p1a: Amoonguss
|-sidestart|p1: 24iomxx|move: Stealth Rock
|
|upkeep
|turn|6
|
|t:|1760462028
|switch|p2a: Vespiquen|Vespiquen, F|100/100
|-ability|p2a: Vespiquen|Pressure
|move|p1a: Amoonguss|Stun Spore|p2a: Vespiquen
|-status|p2a: Vespiquen|par
|
|upkeep
|turn|7
|
|t:|1760462035
|move|p1a: Amoonguss|Sludge Bomb|p2a: Vespiquen
|-damage|p2a: Vespiquen|82/100 par
|cant|p2a: Vespiquen|par
|
|upkeep
|turn|8
|
|t:|1760462040
|switch|p1a: Braviary|Braviary, M|100/100
|-damage|p1a: Braviary|76/100|[from] Stealth Rock
|cant|p2a: Vespiquen|par
|
|upkeep
|turn|9
|
|t:|1760462050
|switch|p2a: Swampert|Swampert, M|100/100
|-activate|p2a: Swampert|move: Sticky Web
|-unboost|p2a: Swampert|spe|1
|move|p1a: Braviary|Agility|p1a: Braviary
|-boost|p1a: Braviary|spe|2
|
|upkeep
|turn|10
|
|t:|1760462063
|move|p1a: Braviary|Sky Attack||[still]
|-prepare|p1a: Braviary|Sky Attack
|-enditem|p1a: Braviary|Power Herb
|-anim|p1a: Braviary|Sky Attack|p2a: Swampert
|-crit|p2a: Swampert
|-damage|p2a: Swampert|5/100
|move|p2a: Swampert|Counter|p1a: Braviary
|-damage|p1a: Braviary|0 fnt
|faint|p1a: Braviary
|
|-heal|p2a: Swampert|11/100|[from] item: Leftovers
|upkeep
|
|t:|1760462074
|switch|p1a: Excadrill|Excadrill, M|100/100
|-damage|p1a: Excadrill|97/100|[from] Stealth Rock
|-ability|p1a: Excadrill|Mold Breaker
|-item|p1a: Excadrill|Air Balloon
|turn|11
|
|t:|1760462084
|switch|p2a: Vespiquen|Vespiquen, F|82/100 par
|-ability|p2a: Vespiquen|Pressure
|move|p1a: Excadrill|Rapid Spin|p2a: Vespiquen
|-damage|p2a: Vespiquen|64/100 par
|-boost|p1a: Excadrill|spe|1
|-sideend|p1: 24iomxx|Stealth Rock|[from] move: Rapid Spin|[of] p1a: Excadrill
|
|upkeep
|turn|12
|
|t:|1760462099
|move|p1a: Excadrill|Swords Dance|p1a: Excadrill
|-boost|p1a: Excadrill|atk|2
|move|p2a: Vespiquen|Power Gem|p1a: Excadrill
|-resisted|p1a: Excadrill
|-damage|p1a: Excadrill|93/100
|-enditem|p1a: Excadrill|Air Balloon
|
|upkeep
|turn|13
|
|t:|1760462121
|switch|p2a: Swampert|Swampert, M|11/100
|-activate|p2a: Swampert|move: Sticky Web
|-unboost|p2a: Swampert|spe|1
|move|p1a: Excadrill|Iron Head|p2a: Swampert
|-resisted|p2a: Swampert
|-damage|p2a: Swampert|0 fnt
|faint|p2a: Swampert
|
|upkeep
|
|t:|1760462129
|switch|p2a: Cacturne|Cacturne, F|100/100
|-activate|p2a: Cacturne|move: Sticky Web
|-unboost|p2a: Cacturne|spe|1
|turn|14
|
|t:|1760462137
|move|p1a: Excadrill|Iron Head|p2a: Cacturne
|-enditem|p2a: Cacturne|Focus Sash
|-damage|p2a: Cacturne|1/100
|move|p2a: Cacturne|Endeavor|p1a: Excadrill
|-damage|p1a: Excadrill|1/100
|
|upkeep
|turn|15
|
|t:|1760462145
|move|p2a: Cacturne|Sucker Punch||[still]
|-fail|p2a: Cacturne
|move|p1a: Excadrill|Swords Dance|p1a: Excadrill
|-boost|p1a: Excadrill|atk|2
|
|upkeep
|turn|16
|
|t:|1760462150
|move|p1a: Excadrill|Swords Dance|p1a: Excadrill
|-boost|p1a: Excadrill|atk|2
|move|p2a: Cacturne|Destiny Bond|p2a: Cacturne
|-singlemove|p2a: Cacturne|Destiny Bond
|
|upkeep
|turn|17
|
|t:|1760462162
|move|p1a: Excadrill|Swords Dance|p1a: Excadrill
|-boost|p1a: Excadrill|atk|0
|move|p2a: Cacturne|Leech Seed|p1a: Excadrill
|-start|p1a: Excadrill|move: Leech Seed
|
|-damage|p1a: Excadrill|0 fnt|[from] Leech Seed|[of] p2a: Cacturne
|-heal|p2a: Cacturne|1/100|[silent]
|faint|p1a: Excadrill
|upkeep
|
|t:|1760462168
|switch|p1a: Amoonguss|Amoonguss, M|100/100
|turn|18
|
|t:|1760462180
|move|p2a: Cacturne|Destiny Bond|p2a: Cacturne
|-singlemove|p2a: Cacturne|Destiny Bond
|move|p1a: Amoonguss|Sludge Bomb|p2a: Cacturne
|-supereffective|p2a: Cacturne
|-damage|p2a: Cacturne|0 fnt
|faint|p2a: Cacturne
|-activate|p2a: Cacturne|move: Destiny Bond
|faint|p1a: Amoonguss
|
|upkeep
|inactive|suijilurenjia has 120 seconds left.
|
|t:|1760462208
|switch|p2a: Gallade|Gallade, M|100/100
|switch|p1a: Chandelure|Chandelure, M|100/100
|-activate|p2a: Gallade|move: Sticky Web
|-unboost|p2a: Gallade|spe|1
|turn|19
|
|t:|1760462216
|move|p1a: Chandelure|Shadow Ball|p2a: Gallade
|-supereffective|p2a: Gallade
|-damage|p2a: Gallade|9/100
|-enditem|p2a: Gallade|Salac Berry|[eat]
|-boost|p2a: Gallade|spe|1|[from] item: Salac Berry
|move|p2a: Gallade|Psycho Cut|p1a: Chandelure
|-damage|p1a: Chandelure|17/100
|
|upkeep
|turn|20
|
|t:|1760462224
|move|p1a: Chandelure|Shadow Ball|p2a: Gallade
|-supereffective|p2a: Gallade
|-damage|p2a: Gallade|0 fnt
|faint|p2a: Gallade
|
|upkeep
|
|t:|1760462229
|switch|p2a: Dragapult|Dragapult, M|100/100
|-activate|p2a: Dragapult|move: Sticky Web
|-fail|p2a: Dragapult|unboost|[from] ability: Clear Body|[of] p2a: Dragapult
|turn|21
|
|t:|1760462235
|move|p1a: Chandelure|Shadow Ball|p2a: Dragapult
|-supereffective|p2a: Dragapult
|-damage|p2a: Dragapult|0 fnt
|faint|p2a: Dragapult
|
|upkeep
|
|t:|1760462240
|switch|p2a: Vespiquen|Vespiquen, F|64/100 par
|-ability|p2a: Vespiquen|Pressure
|turn|22
|
|t:|1760462242
|move|p1a: Chandelure|Shadow Ball|p2a: Vespiquen
|-damage|p2a: Vespiquen|31/100 par
|move|p2a: Vespiquen|Bug Buzz|p1a: Chandelure
|-resisted|p1a: Chandelure
|-damage|p1a: Chandelure|9/100
|
|upkeep
|turn|23
|
|t:|1760462250
|move|p1a: Chandelure|Shadow Ball|p2a: Vespiquen
|-damage|p2a: Vespiquen|0 fnt
|faint|p2a: Vespiquen
|
|win|24iomxx
|raw|24iomxx's rating: 1131 &rarr; <strong>1154</strong><br />(+23 for winning)
|raw|suijilurenjia's rating: 1107 &rarr; <strong>1084</strong><br />(-23 for losing)
|l|☆suijilurenjia
|player|p2|
|l|☆24iomxx
|player|p1|
