|badge|p1|bronze|gen9ou|100-7
|uhtml|medal-msg|<div class="broadcast-blue">Curious what those medals under the avatar are? PS now has Ladder Seasons! For more information, check out the <a href="https://www.smogon.com/forums/threads/3740067/">thread on Smogon.</a></div>
|j|☆Prav33n
|j|☆Auburn Hills
|t:|1760397363
|gametype|singles
|player|p1|Prav33n|koga|1816
|player|p2|Auburn Hills|alder|1832
|gen|9
|tier|[Gen 9] OU
|rated|
|rule|HP Percentage Mod: HP is shown in percentages
|rule|Endless Battle Clause: Forcing endless battles is banned
|rule|Species Clause: Limit one of each Pokémon
|rule|OHKO Clause: OHKO moves are banned
|rule|Evasion Items Clause: Evasion items are banned
|rule|Evasion Moves Clause: Evasion moves are banned
|rule|Evasion Abilities Clause: Evasion abilities are banned
|rule|Sleep Moves Clause: Sleep-inducing moves are banned
|clearpoke
|poke|p1|Primarina, F|
|poke|p1|Moltres|
|poke|p1|Darkrai|
|poke|p1|Ogerpon, F|
|poke|p1|Great Tusk|
|poke|p1|Gholdengo|
|poke|p2|Iron Moth|
|poke|p2|Umbreon, F|
|poke|p2|Garchomp, M|
|poke|p2|Glimmora, F|
|poke|p2|Gholdengo|
|poke|p2|Dragonite, F|
|teampreview
|c|☆Auburn Hills|Hi praveen
|inactive|Battle timer is ON: inactive players will automatically lose when time's up. (requested by Prav33n)
|c|☆Auburn Hills|can we see our head to head record I feel like it's close
|
|t:|1760397400
|teamsize|p1|6
|teamsize|p2|6
|start
|switch|p1a: Moltres|Moltres|100/100
|switch|p2a: Julia Jacklin|Glimmora, F|100/100
|turn|1
|
|t:|1760397406
|move|p2a: Julia Jacklin|Stealth Rock|p1a: Moltres
|-sidestart|p1: Prav33n|move: Stealth Rock
|move|p1a: Moltres|Scorching Sands|p2a: Julia Jacklin
|-supereffective|p2a: Julia Jacklin
|-enditem|p2a: Julia Jacklin|Focus Sash
|-damage|p2a: Julia Jacklin|1/100
|-status|p2a: Julia Jacklin|brn
|
|-damage|p2a: Julia Jacklin|0 fnt|[from] brn
|faint|p2a: Julia Jacklin
|upkeep
|
|t:|1760397410
|switch|p2a: Rat Tally|Garchomp, M|100/100
|turn|2
|c|☆Prav33n|Ya def close
|c|☆Prav33n|Gf
|c|☆Prav33n|Hf
|
|t:|1760397430
|switch|p1a: Primarina|Primarina, F|100/100
|-damage|p1a: Primarina|88/100|[from] Stealth Rock
|move|p2a: Rat Tally|Swords Dance|p2a: Rat Tally
|-boost|p2a: Rat Tally|atk|2
|
|upkeep
|turn|3
|
|t:|1760397445
|switch|p1a: Ogerpon|Ogerpon, F|100/100
|move|p2a: Rat Tally|Earthquake|p1a: Ogerpon
|-resisted|p1a: Ogerpon
|-damage|p1a: Ogerpon|28/100
|
|upkeep
|turn|4
|
|t:|1760397454
|move|p1a: Ogerpon|Knock Off|p2a: Rat Tally
|-damage|p2a: Rat Tally|66/100
|-damage|p1a: Ogerpon|15/100|[from] ability: Rough Skin|[of] p2a: Rat Tally
|-enditem|p2a: Rat Tally|Loaded Dice|[from] move: Knock Off|[of] p1a: Ogerpon
|move|p2a: Rat Tally|Scale Shot|p1a: Ogerpon
|-damage|p1a: Ogerpon|0 fnt
|faint|p1a: Ogerpon
|-hitcount|p1: Ogerpon|1
|-unboost|p2a: Rat Tally|def|1
|-boost|p2a: Rat Tally|spe|1
|
|upkeep
|
|t:|1760397456
|switch|p1a: Great Tusk|Great Tusk|100/100
|turn|5
|
|t:|1760397466
|move|p2a: Rat Tally|Scale Shot|p1a: Great Tusk
|-damage|p1a: Great Tusk|80/100
|-damage|p1a: Great Tusk|60/100
|-hitcount|p1a: Great Tusk|2
|-unboost|p2a: Rat Tally|def|1
|-boost|p2a: Rat Tally|spe|1
|move|p1a: Great Tusk|Headlong Rush|p2a: Rat Tally
|-damage|p2a: Rat Tally|0 fnt
|-unboost|p1a: Great Tusk|def|1
|-unboost|p1a: Great Tusk|spd|1
|-damage|p1a: Great Tusk|48/100|[from] ability: Rough Skin|[of] p2a: Rat Tally
|faint|p2a: Rat Tally
|
|upkeep
|
|t:|1760397475
|switch|p2a: Smino|Gholdengo|100/100
|turn|6
|
|t:|1760397480
|-end|p1a: Great Tusk|Protosynthesis|[silent]
|switch|p1a: Moltres|Moltres|100/100
|move|p2a: Smino|Shadow Ball|p1a: Moltres
|-damage|p1a: Moltres|67/100
|-unboost|p1a: Moltres|spd|1
|
|upkeep
|turn|7
|
|t:|1760397483
|switch|p1a: Darkrai|Darkrai|100/100
|move|p2a: Smino|Shadow Ball|p1a: Darkrai
|-resisted|p1a: Darkrai
|-damage|p1a: Darkrai|73/100
|
|upkeep
|turn|8
|
|t:|1760397486
|switch|p2a: Alvvays|Umbreon, F|100/100
|move|p1a: Darkrai|Knock Off|p2a: Alvvays
|-resisted|p2a: Alvvays
|-damage|p2a: Alvvays|89/100
|-enditem|p2a: Alvvays|Leftovers|[from] move: Knock Off|[of] p1a: Darkrai
|
|upkeep
|turn|9
|
|t:|1760397490
|switch|p1a: Great Tusk|Great Tusk|48/100
|move|p2a: Alvvays|Foul Play|p1a: Great Tusk
|-resisted|p1a: Great Tusk
|-damage|p1a: Great Tusk|28/100
|
|upkeep
|turn|10
|
|t:|1760397495
|move|p1a: Great Tusk|Stealth Rock|p2a: Alvvays
|-sidestart|p2: Auburn Hills|move: Stealth Rock
|move|p2a: Alvvays|Wish|p2a: Alvvays
|
|upkeep
|turn|11
|
|t:|1760397498
|move|p1a: Great Tusk|Rapid Spin|p2a: Alvvays
|-damage|p2a: Alvvays|75/100
|-boost|p1a: Great Tusk|spe|1
|-sideend|p1: Prav33n|Stealth Rock|[from] move: Rapid Spin|[of] p1a: Great Tusk
|move|p2a: Alvvays|Foul Play|p1a: Great Tusk
|-resisted|p1a: Great Tusk
|-damage|p1a: Great Tusk|9/100
|
|-heal|p2a: Alvvays|100/100|[from] move: Wish|[wisher] Alvvays
|upkeep
|turn|12
|
|t:|1760397503
|-end|p1a: Great Tusk|Protosynthesis|[silent]
|switch|p1a: Primarina|Primarina, F|88/100
|move|p2a: Alvvays|Wish|p2a: Alvvays
|
|upkeep
|turn|13
|
|t:|1760397506
|move|p1a: Primarina|Moonblast|p2a: Alvvays
|-supereffective|p2a: Alvvays
|-damage|p2a: Alvvays|45/100
|-unboost|p2a: Alvvays|spa|1
|move|p2a: Alvvays|Thunder Wave|p1a: Primarina
|-status|p1a: Primarina|par
|
|-heal|p2a: Alvvays|95/100|[from] move: Wish|[wisher] Alvvays
|upkeep
|turn|14
|
|t:|1760397509
|switch|p2a: Smino|Gholdengo|100/100
|-damage|p2a: Smino|94/100|[from] Stealth Rock
|move|p1a: Primarina|Whirlpool|p2a: Smino
|-damage|p2a: Smino|71/100
|-activate|p2a: Smino|move: Whirlpool|[of] p1a: Primarina
|
|-damage|p2a: Smino|58/100|[from] move: Whirlpool|[partiallytrapped]
|upkeep
|turn|15
|
|t:|1760397529
|move|p2a: Smino|Shadow Ball|p1a: Primarina
|-damage|p1a: Primarina|63/100 par
|move|p1a: Primarina|Psychic Noise|p2a: Smino
|-damage|p2a: Smino|7/100
|-start|p2a: Smino|move: Heal Block
|
|-damage|p2a: Smino|0 fnt|[from] move: Whirlpool|[partiallytrapped]
|faint|p2a: Smino
|upkeep
|
|t:|1760397534
|switch|p2a: Elucid|Dragonite, F|100/100
|turn|16
|
|t:|1760397537
|move|p2a: Elucid|Earthquake|p1a: Primarina
|-damage|p1a: Primarina|12/100 par
|cant|p1a: Primarina|par
|
|upkeep
|turn|17
|
|t:|1760397541
|move|p2a: Elucid|Earthquake|p1a: Primarina
|-damage|p1a: Primarina|0 fnt
|faint|p1a: Primarina
|
|upkeep
|
|t:|1760397543
|switch|p1a: Darkrai|Darkrai|73/100
|turn|18
|
|t:|1760397545
|move|p1a: Darkrai|Will-O-Wisp|p2a: Elucid
|-status|p2a: Elucid|brn
|move|p2a: Elucid|Earthquake|p1a: Darkrai
|-damage|p1a: Darkrai|46/100
|
|-damage|p2a: Elucid|94/100 brn|[from] brn
|upkeep
|turn|19
|
|t:|1760397548
|move|p2a: Elucid|Extreme Speed|p1a: Darkrai
|-damage|p1a: Darkrai|26/100
|move|p1a: Darkrai|Ice Beam|p2a: Elucid
|-supereffective|p2a: Elucid
|-damage|p2a: Elucid|0 fnt
|faint|p2a: Elucid
|
|upkeep
|
|t:|1760397561
|switch|p2a: Carly Rae|Iron Moth|100/100
|-damage|p2a: Carly Rae|76/100|[from] Stealth Rock
|-enditem|p2a: Carly Rae|Booster Energy
|-activate|p2a: Carly Rae|ability: Quark Drive|[fromitem]
|-start|p2a: Carly Rae|quarkdrivespe
|turn|20
|
|t:|1760397564
|move|p2a: Carly Rae|Fiery Dance|p1a: Darkrai
|-damage|p1a: Darkrai|0 fnt
|-boost|p2a: Carly Rae|spa|1
|faint|p1a: Darkrai
|
|upkeep
|
|t:|1760397565
|switch|p1a: Moltres|Moltres|67/100
|turn|21
|
|t:|1760397569
|move|p2a: Carly Rae|Discharge|p1a: Moltres
|-supereffective|p1a: Moltres
|-damage|p1a: Moltres|9/100
|-status|p1a: Moltres|par
|cant|p1a: Moltres|par
|
|upkeep
|turn|22
|c|☆Prav33n|I was scorching sand
|
|t:|1760397581
|move|p2a: Carly Rae|Fiery Dance|p1a: Moltres
|-resisted|p1a: Moltres
|-damage|p1a: Moltres|0 fnt
|-boost|p2a: Carly Rae|spa|1
|faint|p1a: Moltres
|
|upkeep
|c|☆Auburn Hills|I know\
|c|☆Prav33n|Gg
|c|☆Auburn Hills|you used it earlier
|c|☆Auburn Hills|gg
|-message|Prav33n forfeited.
|
|win|Auburn Hills
|raw|Prav33n's rating: 1792 &rarr; <strong>1774</strong><br />(-18 for losing)
|raw|Auburn Hills's rating: 1832 &rarr; <strong>1850</strong><br />(+18 for winning)
|c|☆Auburn Hills|next time
|l|☆Prav33n
|player|p1|
|l|☆Auburn Hills
|player|p2|
