|j|☆snoppp
|j|☆blueberrymilkshake
|t:|1760328239
|gametype|singles
|player|p1|snoppp|bruno|1437
|player|p2|blueberrymilkshake|dawn-gen4pt|1428
|gen|9
|tier|[Gen 9] OU
|rated|
|rule|HP Percentage Mod: HP is shown in percentages
|rule|Endless Battle Clause: Forcing endless battles is banned
|rule|Species Clause: Limit one of each Pokémon
|rule|OHKO Clause: OHKO moves are banned
|rule|Evasion Items Clause: Evasion items are banned
|rule|Evasion Moves Clause: Evasion moves are banned
|rule|Evasion Abilities Clause: Evasion abilities are banned
|rule|Sleep Moves Clause: Sleep-inducing moves are banned
|clearpoke
|poke|p1|Hoopa-Unbound|
|poke|p1|Zamazenta-*|
|poke|p1|Moltres|
|poke|p1|Alomomola, M|
|poke|p1|Slowking-Galar, F|
|poke|p1|Dragapult, M|
|poke|p2|Dragapult, M|
|poke|p2|Dragonite, F|
|poke|p2|Ting-Lu|
|poke|p2|Weezing-Galar, F|
|poke|p2|Iron Crown|
|poke|p2|Zapdos|
|teampreview
|c|☆blueberrymilkshake|glhf
|inactive|Battle timer is ON: inactive players will automatically lose when time's up. (requested by snoppp)
|
|t:|1760328258
|teamsize|p1|6
|teamsize|p2|6
|start
|switch|p1a: Dragapult|Dragapult, M|100/100
|switch|p2a: Zapdos|Zapdos|100/100
|turn|1
|j| wasp1776
|
|t:|1760328265
|move|p1a: Dragapult|Will-O-Wisp|p2a: Zapdos
|-status|p2a: Zapdos|brn
|move|p2a: Zapdos|Volt Switch|p1a: Dragapult
|-resisted|p1a: Dragapult
|-damage|p1a: Dragapult|73/100
|inactive|blueberrymilkshake has 120 seconds left.
|
|t:|1760328307
|switch|p2a: Weezing|Weezing-Galar, F|100/100|[from] Volt Switch
|-ability|p2a: Weezing|Neutralizing Gas
|
|upkeep
|turn|2
|
|t:|1760328319
|move|p1a: Dragapult|U-turn|p2a: Weezing
|-resisted|p2a: Weezing
|-damage|p2a: Weezing|98/100
|
|t:|1760328321
|switch|p1a: Slowking|Slowking-Galar, F|100/100|[from] U-turn
|move|p2a: Weezing|Toxic Spikes|p1a: Slowking
|-sidestart|p1: snoppp|move: Toxic Spikes
|
|upkeep
|turn|3
|inactive|blueberrymilkshake has 120 seconds left.
|
|t:|1760328329
|-end|p2a: Weezing|ability: Neutralizing Gas
|switch|p2a: Iron Crown|Iron Crown|100/100
|move|p1a: Slowking|Toxic|p2a: Iron Crown
|-immune|p2a: Iron Crown
|
|upkeep
|turn|4
|inactive|blueberrymilkshake has 120 seconds left.
|
|t:|1760328354
|move|p2a: Iron Crown|Volt Switch|p1a: Slowking
|-crit|p1a: Slowking
|-damage|p1a: Slowking|70/100
|
|t:|1760328373
|-end|p2a: Iron Crown|Quark Drive|[silent]
|switch|p2a: Zapdos|Zapdos|100/100 brn|[from] Volt Switch
|-prepare|p1a: Slowking|Chilly Reception|[premajor]
|move|p1a: Slowking|Chilly Reception|p1a: Slowking
|-weather|Snowscape
|
|t:|1760328378
|switch|p1a: Dragapult|Dragapult, M|73/100|[from] Chilly Reception
|
|-weather|Snowscape|[upkeep]
|-damage|p2a: Zapdos|94/100 brn|[from] brn
|upkeep
|turn|5
|
|t:|1760328382
|switch|p2a: Weezing|Weezing-Galar, F|98/100
|-ability|p2a: Weezing|Neutralizing Gas
|move|p1a: Dragapult|Hex|p2a: Weezing
|-damage|p2a: Weezing|58/100
|
|-weather|Snowscape|[upkeep]
|upkeep
|turn|6
|inactive|blueberrymilkshake has 120 seconds left.
|
|t:|1760328403
|move|p1a: Dragapult|Will-O-Wisp|p2a: Weezing
|-status|p2a: Weezing|brn
|move|p2a: Weezing|Will-O-Wisp|p1a: Dragapult
|-status|p1a: Dragapult|brn
|
|-weather|Snowscape|[upkeep]
|-damage|p1a: Dragapult|67/100 brn|[from] brn
|-damage|p2a: Weezing|52/100 brn|[from] brn
|upkeep
|turn|7
|
|t:|1760328410
|-end|p2a: Weezing|ability: Neutralizing Gas
|switch|p2a: Ting-Lu|Ting-Lu|100/100
|-ability|p2a: Ting-Lu|Vessel of Ruin
|move|p1a: Dragapult|Hex|p2a: Ting-Lu
|-resisted|p2a: Ting-Lu
|-damage|p2a: Ting-Lu|95/100
|
|-weather|Snowscape|[upkeep]
|-heal|p2a: Ting-Lu|100/100|[from] item: Leftovers
|-damage|p1a: Dragapult|61/100 brn|[from] brn
|upkeep
|turn|8
|
|t:|1760328419
|switch|p2a: Zapdos|Zapdos|94/100 brn
|move|p1a: Dragapult|Will-O-Wisp|p2a: Zapdos
|-fail|p2a: Zapdos|brn
|
|-weather|none
|-damage|p1a: Dragapult|55/100 brn|[from] brn
|-damage|p2a: Zapdos|88/100 brn|[from] brn
|upkeep
|turn|9
|inactive|blueberrymilkshake has 120 seconds left.
|
|t:|1760328433
|move|p1a: Dragapult|Hex|p2a: Zapdos
|-damage|p2a: Zapdos|26/100 brn
|move|p2a: Zapdos|Hurricane|p1a: Dragapult
|-damage|p1a: Dragapult|0 fnt
|faint|p1a: Dragapult
|
|-damage|p2a: Zapdos|20/100 brn|[from] brn
|upkeep
|
|t:|1760328437
|switch|p1a: Slowking|Slowking-Galar, F|100/100
|-sideend|p1: snoppp|move: Toxic Spikes|[of] p1a: Slowking
|turn|10
|
|t:|1760328442
|move|p2a: Zapdos|Volt Switch|p1a: Slowking
|-damage|p1a: Slowking|78/100
|inactive|blueberrymilkshake has 120 seconds left.
|
|t:|1760328472
|switch|p2a: Ting-Lu|Ting-Lu|100/100|[from] Volt Switch
|-ability|p2a: Ting-Lu|Vessel of Ruin
|move|p1a: Slowking|Future Sight|p2a: Ting-Lu
|-start|p1a: Slowking|move: Future Sight
|
|upkeep
|turn|11
|
|t:|1760328479
|move|p2a: Ting-Lu|Stealth Rock|p1a: Slowking
|-sidestart|p1: snoppp|move: Stealth Rock
|-prepare|p1a: Slowking|Chilly Reception|[premajor]
|move|p1a: Slowking|Chilly Reception|p1a: Slowking
|-weather|Snowscape
|
|t:|1760328487
|switch|p1a: Alomomola|Alomomola, M|100/100|[from] Chilly Reception
|
|-weather|Snowscape|[upkeep]
|upkeep
|turn|12
|inactive|blueberrymilkshake has 120 seconds left.
|
|t:|1760328505
|move|p1a: Alomomola|Scald|p2a: Ting-Lu
|-supereffective|p2a: Ting-Lu
|-damage|p2a: Ting-Lu|90/100
|move|p2a: Ting-Lu|Whirlwind|p1a: Alomomola
|drag|p1a: Hoopa|Hoopa-Unbound|100/100
|-damage|p1a: Hoopa|88/100|[from] Stealth Rock
|
|-weather|Snowscape|[upkeep]
|-end|p2a: Ting-Lu|move: Future Sight
|-immune|p2a: Ting-Lu
|-heal|p2a: Ting-Lu|96/100|[from] item: Leftovers
|upkeep
|turn|13
|inactive|blueberrymilkshake has 120 seconds left.
|
|t:|1760328532
|switch|p2a: Weezing|Weezing-Galar, F|52/100 brn
|-ability|p2a: Weezing|Neutralizing Gas
|move|p1a: Hoopa|Knock Off|p2a: Weezing
|-resisted|p2a: Weezing
|-damage|p2a: Weezing|36/100 brn
|-enditem|p2a: Weezing|Heavy-Duty Boots|[from] move: Knock Off|[of] p1a: Hoopa
|
|-weather|Snowscape|[upkeep]
|-damage|p2a: Weezing|30/100 brn|[from] brn
|upkeep
|turn|14
|
|t:|1760328542
|move|p1a: Hoopa|Psychic Noise|p2a: Weezing
|-supereffective|p2a: Weezing
|-damage|p2a: Weezing|0 fnt
|faint|p2a: Weezing
|-end|p2a: Weezing|ability: Neutralizing Gas
|
|-weather|Snowscape|[upkeep]
|upkeep
|c|☆blueberrymilkshake|oh
|c|☆blueberrymilkshake|its different
|inactive|blueberrymilkshake has 90 seconds left.
|
|t:|1760328580
|switch|p2a: Dragapult|Dragapult, M|100/100
|turn|15
|inactive|blueberrymilkshake has 60 seconds left.
|
|t:|1760328608
|switch|p1a: Moltres|Moltres|100/100
|move|p2a: Dragapult|U-turn|p1a: Moltres
|-resisted|p1a: Moltres
|-damage|p1a: Moltres|97/100
|
|t:|1760328615
|switch|p2a: Zapdos|Zapdos|20/100 brn|[from] U-turn
|
|-weather|none
|-damage|p2a: Zapdos|14/100 brn|[from] brn
|upkeep
|turn|16
|
|t:|1760328623
|switch|p1a: Slowking|Slowking-Galar, F|100/100
|move|p2a: Zapdos|Volt Switch|p1a: Slowking
|-damage|p1a: Slowking|78/100
|inactive|blueberrymilkshake has 60 seconds left.
|
|t:|1760328636
|switch|p2a: Iron Crown|Iron Crown|100/100|[from] Volt Switch
|
|upkeep
|turn|17
|inactive|blueberrymilkshake has 60 seconds left.
|
|t:|1760328655
|move|p2a: Iron Crown|Tachyon Cutter|p1a: Slowking
|-damage|p1a: Slowking|57/100
|-damage|p1a: Slowking|35/100
|-hitcount|p1a: Slowking|2
|-prepare|p1a: Slowking|Chilly Reception|[premajor]
|move|p1a: Slowking|Chilly Reception|p1a: Slowking
|-weather|Snowscape
|
|t:|1760328663
|switch|p1a: Moltres|Moltres|97/100|[from] Chilly Reception
|
|-weather|Snowscape|[upkeep]
|upkeep
|turn|18
|
|t:|1760328671
|-end|p2a: Iron Crown|Quark Drive|[silent]
|switch|p2a: Ting-Lu|Ting-Lu|96/100
|-ability|p2a: Ting-Lu|Vessel of Ruin
|move|p1a: Moltres|Flamethrower|p2a: Ting-Lu
|-damage|p2a: Ting-Lu|81/100
|
|-weather|Snowscape|[upkeep]
|-heal|p2a: Ting-Lu|87/100|[from] item: Leftovers
|upkeep
|turn|19
|
|t:|1760328679
|switch|p2a: Zapdos|Zapdos|14/100 brn
|move|p1a: Moltres|Will-O-Wisp|p2a: Zapdos
|-fail|p2a: Zapdos|brn
|
|-weather|Snowscape|[upkeep]
|-damage|p2a: Zapdos|8/100 brn|[from] brn
|upkeep
|turn|20
|
|t:|1760328684
|switch|p1a: Slowking|Slowking-Galar, F|68/100
|move|p2a: Zapdos|Roost|p2a: Zapdos
|-heal|p2a: Zapdos|59/100 brn
|-singleturn|p2a: Zapdos|move: Roost
|
|-weather|Snowscape|[upkeep]
|-damage|p2a: Zapdos|52/100 brn|[from] brn
|upkeep
|turn|21
|
|t:|1760328690
|move|p2a: Zapdos|Volt Switch|p1a: Slowking
|-damage|p1a: Slowking|47/100
|
|t:|1760328706
|switch|p2a: Iron Crown|Iron Crown|100/100|[from] Volt Switch
|-prepare|p1a: Slowking|Chilly Reception|[premajor]
|move|p1a: Slowking|Chilly Reception|p1a: Slowking
|
|t:|1760328712
|switch|p1a: Hoopa|Hoopa-Unbound|88/100|[from] Chilly Reception
|-damage|p1a: Hoopa|76/100|[from] Stealth Rock
|
|-weather|none
|upkeep
|turn|22
|
|t:|1760328737
|-end|p2a: Iron Crown|Quark Drive|[silent]
|switch|p2a: Ting-Lu|Ting-Lu|87/100
|-ability|p2a: Ting-Lu|Vessel of Ruin
|move|p1a: Hoopa|Knock Off|p2a: Ting-Lu
|-resisted|p2a: Ting-Lu
|-damage|p2a: Ting-Lu|75/100
|-enditem|p2a: Ting-Lu|Leftovers|[from] move: Knock Off|[of] p1a: Hoopa
|
|upkeep
|turn|23
|
|t:|1760328746
|move|p1a: Hoopa|Drain Punch|p2a: Ting-Lu
|-supereffective|p2a: Ting-Lu
|-damage|p2a: Ting-Lu|44/100
|-heal|p1a: Hoopa|97/100|[from] drain|[of] p2a: Ting-Lu
|move|p2a: Ting-Lu|Whirlwind|p1a: Hoopa
|drag|p1a: Moltres|Moltres|97/100
|
|upkeep
|turn|24
|
|t:|1760328752
|switch|p2a: Zapdos|Zapdos|52/100 brn
|move|p1a: Moltres|Flamethrower|p2a: Zapdos
|-damage|p2a: Zapdos|12/100 brn
|
|-damage|p2a: Zapdos|6/100 brn|[from] brn
|upkeep
|turn|25
|
|t:|1760328765
|move|p2a: Zapdos|Roost|p2a: Zapdos
|-heal|p2a: Zapdos|56/100 brn
|-singleturn|p2a: Zapdos|move: Roost
|move|p1a: Moltres|Flamethrower|p2a: Zapdos
|-damage|p2a: Zapdos|14/100 brn
|
|-damage|p2a: Zapdos|8/100 brn|[from] brn
|upkeep
|turn|26
|
|t:|1760328771
|switch|p1a: Slowking|Slowking-Galar, F|80/100
|move|p2a: Zapdos|Roost|p2a: Zapdos
|-heal|p2a: Zapdos|58/100 brn
|-singleturn|p2a: Zapdos|move: Roost
|
|-damage|p2a: Zapdos|52/100 brn|[from] brn
|upkeep
|turn|27
|
|t:|1760328776
|move|p2a: Zapdos|Volt Switch|p1a: Slowking
|-damage|p1a: Slowking|61/100
|
|t:|1760328781
|switch|p2a: Ting-Lu|Ting-Lu|44/100|[from] Volt Switch
|-ability|p2a: Ting-Lu|Vessel of Ruin
|move|p1a: Slowking|Future Sight|p2a: Ting-Lu
|-start|p1a: Slowking|move: Future Sight
|
|upkeep
|turn|28
|l| wasp1776
|
|t:|1760328790
|move|p2a: Ting-Lu|Earthquake|p1a: Slowking
|-supereffective|p1a: Slowking
|-damage|p1a: Slowking|0 fnt
|faint|p1a: Slowking
|
|upkeep
|
|t:|1760328793
|switch|p1a: Hoopa|Hoopa-Unbound|97/100
|-damage|p1a: Hoopa|85/100|[from] Stealth Rock
|turn|29
|
|t:|1760328805
|move|p1a: Hoopa|Drain Punch|p2a: Ting-Lu
|-supereffective|p2a: Ting-Lu
|-damage|p2a: Ting-Lu|17/100
|-heal|p1a: Hoopa|100/100|[from] drain|[of] p2a: Ting-Lu
|move|p2a: Ting-Lu|Earthquake|p1a: Hoopa
|-damage|p1a: Hoopa|60/100
|
|-end|p2a: Ting-Lu|move: Future Sight
|-immune|p2a: Ting-Lu
|upkeep
|turn|30
|inactive|blueberrymilkshake has 90 seconds left.
|
|t:|1760328834
|switch|p2a: Zapdos|Zapdos|52/100 brn
|move|p1a: Hoopa|Knock Off|p2a: Zapdos
|-damage|p2a: Zapdos|0 fnt
|-enditem|p2a: Zapdos|Heavy-Duty Boots|[from] move: Knock Off|[of] p1a: Hoopa
|faint|p2a: Zapdos
|
|upkeep
|inactive|blueberrymilkshake has 90 seconds left.
|
|t:|1760328842
|switch|p2a: Iron Crown|Iron Crown|100/100
|turn|31
|inactive|blueberrymilkshake has 90 seconds left.
|
|t:|1760328858
|move|p2a: Iron Crown|Volt Switch|p1a: Hoopa
|-damage|p1a: Hoopa|44/100
|
|t:|1760328860
|-end|p2a: Iron Crown|Quark Drive|[silent]
|switch|p2a: Ting-Lu|Ting-Lu|17/100|[from] Volt Switch
|-ability|p2a: Ting-Lu|Vessel of Ruin
|move|p1a: Hoopa|Knock Off|p2a: Ting-Lu
|-resisted|p2a: Ting-Lu
|-damage|p2a: Ting-Lu|7/100
|
|upkeep
|turn|32
|
|t:|1760328868
|move|p1a: Hoopa|Knock Off|p2a: Ting-Lu
|-resisted|p2a: Ting-Lu
|-damage|p2a: Ting-Lu|0 fnt
|faint|p2a: Ting-Lu
|
|upkeep
|
|t:|1760328870
|switch|p2a: Iron Crown|Iron Crown|100/100
|turn|33
|
|t:|1760328874
|-terastallize|p2a: Iron Crown|Steel
|move|p2a: Iron Crown|Tachyon Cutter|p1a: Hoopa
|-damage|p1a: Hoopa|21/100
|-damage|p1a: Hoopa|0 fnt
|faint|p1a: Hoopa
|-hitcount|p1: Hoopa|2
|
|upkeep
|
|t:|1760328877
|switch|p1a: Alomomola|Alomomola, M|100/100
|turn|34
|inactive|blueberrymilkshake has 120 seconds left.
|
|t:|1760328888
|move|p2a: Iron Crown|Tachyon Cutter|p1a: Alomomola
|-resisted|p1a: Alomomola
|-damage|p1a: Alomomola|78/100
|-resisted|p1a: Alomomola
|-damage|p1a: Alomomola|56/100
|-hitcount|p1a: Alomomola|2
|move|p1a: Alomomola|Wish|p1a: Alomomola
|
|upkeep
|turn|35
|inactive|blueberrymilkshake has 120 seconds left.
|
|t:|1760328897
|-end|p2a: Iron Crown|Quark Drive|[silent]
|switch|p2a: Dragapult|Dragapult, M|100/100
|move|p1a: Alomomola|Flip Turn|p2a: Dragapult
|-resisted|p2a: Dragapult
|-damage|p2a: Dragapult|89/100
|
|t:|1760328901
|switch|p1a: Moltres|Moltres|97/100|[from] Flip Turn
|
|-heal|p1a: Moltres|100/100|[from] move: Wish|[wisher] Alomomola
|upkeep
|turn|36
|
|t:|1760328911
|move|p2a: Dragapult|Dragon Darts|p1a: Moltres
|-damage|p1a: Moltres|86/100
|-anim|p2a: Dragapult|Dragon Darts|p1a: Moltres
|-damage|p1a: Moltres|70/100
|move|p1a: Moltres|Will-O-Wisp|p2a: Dragapult|[miss]
|-miss|p1a: Moltres|p2a: Dragapult
|
|upkeep
|turn|37
|
|t:|1760328918
|move|p2a: Dragapult|Dragon Darts|p1a: Moltres
|-damage|p1a: Moltres|56/100
|-anim|p2a: Dragapult|Dragon Darts|p1a: Moltres
|-damage|p1a: Moltres|40/100
|move|p1a: Moltres|Will-O-Wisp|p2a: Dragapult
|-status|p2a: Dragapult|brn
|
|-damage|p2a: Dragapult|83/100 brn|[from] brn
|upkeep
|turn|38
|
|t:|1760328929
|move|p2a: Dragapult|U-turn|p1a: Moltres
|-resisted|p1a: Moltres
|-crit|p1a: Moltres
|-damage|p1a: Moltres|37/100
|
|t:|1760328931
|switch|p2a: Iron Crown|Iron Crown, tera:Steel|100/100|[from] U-turn
|move|p1a: Moltres|Roost|p1a: Moltres
|-heal|p1a: Moltres|87/100
|-singleturn|p1a: Moltres|move: Roost
|
|upkeep
|turn|39
|
|t:|1760328940
|switch|p1a: Alomomola|Alomomola, M|89/100
|move|p2a: Iron Crown|Volt Switch|p1a: Alomomola
|-supereffective|p1a: Alomomola
|-damage|p1a: Alomomola|31/100
|
|t:|1760328954
|-end|p2a: Iron Crown|Quark Drive|[silent]
|switch|p2a: Dragapult|Dragapult, M|83/100 brn|[from] Volt Switch
|
|-damage|p2a: Dragapult|77/100 brn|[from] brn
|upkeep
|turn|40
|
|t:|1760328959
|move|p2a: Dragapult|Hex|p1a: Alomomola
|-damage|p1a: Alomomola|5/100
|move|p1a: Alomomola|Wish|p1a: Alomomola
|
|-damage|p2a: Dragapult|71/100 brn|[from] brn
|upkeep
|turn|41
|
|t:|1760328965
|move|p1a: Alomomola|Protect|p1a: Alomomola
|-singleturn|p1a: Alomomola|Protect
|move|p2a: Dragapult|U-turn|p1a: Alomomola
|-activate|p1a: Alomomola|move: Protect
|
|-heal|p1a: Alomomola|55/100|[from] move: Wish|[wisher] Alomomola
|-damage|p2a: Dragapult|65/100 brn|[from] brn
|upkeep
|turn|42
|
|t:|1760328974
|move|p2a: Dragapult|U-turn|p1a: Alomomola
|-damage|p1a: Alomomola|49/100
|
|t:|1760328979
|switch|p2a: Iron Crown|Iron Crown, tera:Steel|100/100|[from] U-turn
|move|p1a: Alomomola|Flip Turn|p2a: Iron Crown
|-damage|p2a: Iron Crown|83/100
|
|t:|1760328981
|switch|p1a: Zamazenta|Zamazenta|100/100|[from] Flip Turn
|-damage|p1a: Zamazenta|94/100|[from] Stealth Rock
|-ability|p1a: Zamazenta|Dauntless Shield|boost
|-boost|p1a: Zamazenta|def|1
|
|-heal|p1a: Zamazenta|100/100|[from] item: Leftovers
|upkeep
|turn|43
|
|t:|1760328988
|-end|p2a: Iron Crown|Quark Drive|[silent]
|switch|p2a: Dragapult|Dragapult, M|65/100 brn
|-terastallize|p1a: Zamazenta|Fire
|move|p1a: Zamazenta|Iron Defense|p1a: Zamazenta
|-boost|p1a: Zamazenta|def|2
|
|-damage|p2a: Dragapult|59/100 brn|[from] brn
|upkeep
|turn|44
|
|t:|1760329005
|move|p2a: Dragapult|Hex|p1a: Zamazenta
|-damage|p1a: Zamazenta|76/100
|move|p1a: Zamazenta|Crunch|p2a: Dragapult
|-supereffective|p2a: Dragapult
|-damage|p2a: Dragapult|0 fnt
|-start|p1a: Zamazenta|Disable|Crunch|[from] ability: Cursed Body|[of] p2a: Dragapult
|faint|p2a: Dragapult
|
|-heal|p1a: Zamazenta|82/100|[from] item: Leftovers
|upkeep
|inactive|blueberrymilkshake has 120 seconds left.
|
|t:|1760329032
|switch|p2a: Dragonite|Dragonite, F|100/100
|turn|45
|
|t:|1760329034
|move|p1a: Zamazenta|Iron Defense|p1a: Zamazenta
|-boost|p1a: Zamazenta|def|2
|move|p2a: Dragonite|Earthquake|p1a: Zamazenta
|-supereffective|p1a: Zamazenta
|-damage|p1a: Zamazenta|62/100
|
|-heal|p1a: Zamazenta|68/100|[from] item: Leftovers
|upkeep
|turn|46
|
|t:|1760329039
|move|p1a: Zamazenta|Body Press|p2a: Dragonite
|-resisted|p2a: Dragonite
|-damage|p2a: Dragonite|75/100
|move|p2a: Dragonite|Earthquake|p1a: Zamazenta
|-supereffective|p1a: Zamazenta
|-damage|p1a: Zamazenta|47/100
|
|-heal|p1a: Zamazenta|53/100|[from] item: Leftovers
|upkeep
|turn|47
|
|t:|1760329051
|move|p1a: Zamazenta|Body Press|p2a: Dragonite
|-resisted|p2a: Dragonite
|-damage|p2a: Dragonite|18/100
|move|p2a: Dragonite|Roost|p2a: Dragonite
|-heal|p2a: Dragonite|68/100
|-singleturn|p2a: Dragonite|move: Roost
|
|-heal|p1a: Zamazenta|59/100|[from] item: Leftovers
|-end|p1a: Zamazenta|Disable
|upkeep
|turn|48
|
|t:|1760329057
|move|p1a: Zamazenta|Body Press|p2a: Dragonite
|-resisted|p2a: Dragonite
|-damage|p2a: Dragonite|11/100
|move|p2a: Dragonite|Earthquake|p1a: Zamazenta
|-supereffective|p1a: Zamazenta
|-damage|p1a: Zamazenta|40/100
|
|-heal|p1a: Zamazenta|46/100|[from] item: Leftovers
|upkeep
|turn|49
|
|t:|1760329064
|move|p2a: Dragonite|Extreme Speed|p1a: Zamazenta
|-damage|p1a: Zamazenta|37/100
|move|p1a: Zamazenta|Body Press|p2a: Dragonite
|-resisted|p2a: Dragonite
|-damage|p2a: Dragonite|0 fnt
|faint|p2a: Dragonite
|
|-heal|p1a: Zamazenta|43/100|[from] item: Leftovers
|upkeep
|c|☆blueberrymilkshake|gg
|-message|blueberrymilkshake forfeited.
|
|win|snoppp
|raw|snoppp's rating: 1437 &rarr; <strong>1456</strong><br />(+19 for winning)
|raw|blueberrymilkshake's rating: 1428 &rarr; <strong>1409</strong><br />(-19 for losing)
|l|☆blueberrymilkshake
|player|p2|
|l|☆snoppp
|player|p1|
