|j|☆swolecandy
|j|☆NewNameNoah
|t:|1760409317
|gametype|singles
|player|p1|swolecandy|169|1134
|player|p2|NewNameNoah|169|1097
|gen|9
|tier|[Gen 9] OU
|rated|
|rule|HP Percentage Mod: HP is shown in percentages
|rule|Endless Battle Clause: Forcing endless battles is banned
|rule|Species Clause: Limit one of each Pokémon
|rule|OHKO Clause: OHKO moves are banned
|rule|Evasion Items Clause: Evasion items are banned
|rule|Evasion Moves Clause: Evasion moves are banned
|rule|Evasion Abilities Clause: Evasion abilities are banned
|rule|Sleep Moves Clause: Sleep-inducing moves are banned
|clearpoke
|poke|p1|Ogerpon, F|
|poke|p1|Raging Bolt|
|poke|p1|Slowking-Galar, M|
|poke|p1|Ting-Lu|
|poke|p1|Iron Crown|
|poke|p1|Great Tusk|
|poke|p2|Comfey, M|
|poke|p2|Tinkaton, F|
|poke|p2|Enamorus, F|
|poke|p2|Mimikyu, M|
|poke|p2|Grimmsnarl, M|
|poke|p2|Gardevoir, M|
|teampreview
|
|t:|1760409336
|teamsize|p1|6
|teamsize|p2|6
|start
|switch|p1a: Ting-Lu|Ting-Lu|100/100
|switch|p2a: GENDER GOBLIN|Grimmsnarl, M|100/100
|-ability|p1a: Ting-Lu|Vessel of Ruin
|turn|1
|
|t:|1760409357
|move|p2a: GENDER GOBLIN|Spirit Break|p1a: Ting-Lu
|-supereffective|p1a: Ting-Lu
|-damage|p1a: Ting-Lu|36/100
|-unboost|p1a: Ting-Lu|spa|1
|move|p1a: Ting-Lu|Whirlwind|p2a: GENDER GOBLIN
|drag|p2a: TWI'NKATON|Tinkaton, F|100/100
|-item|p2a: TWI'NKATON|Air Balloon
|
|-heal|p1a: Ting-Lu|42/100|[from] item: Leftovers
|upkeep
|turn|2
|
|t:|1760409372
|move|p2a: TWI'NKATON|Encore|p1a: Ting-Lu
|-start|p1a: Ting-Lu|Encore
|move|p1a: Ting-Lu|Whirlwind|p2a: TWI'NKATON
|drag|p2a: QUEE'RBAIT|Mimikyu, M|100/100
|
|-heal|p1a: Ting-Lu|48/100|[from] item: Leftovers
|upkeep
|turn|3
|c|☆swolecandy|hahaha
|
|t:|1760409384
|move|p2a: QUEE'RBAIT|Swords Dance|p2a: QUEE'RBAIT
|-boost|p2a: QUEE'RBAIT|atk|2
|move|p1a: Ting-Lu|Whirlwind|p2a: QUEE'RBAIT
|drag|p2a: FA'GGOT|Comfey, M|100/100
|
|-heal|p1a: Ting-Lu|54/100|[from] item: Leftovers
|upkeep
|turn|4
|c|☆NewNameNoah|THEM CHEEKS
|c|☆swolecandy|hold on...
|c|☆NewNameNoah|IS CLAPPED
|c|☆NewNameNoah|LMFAO
|inactive|Battle timer is ON: inactive players will automatically lose when time's up. (requested by NewNameNoah)
|inactive|swolecandy has 120 seconds left.
|c|☆NewNameNoah|Go turd bomb
|c|☆NewNameNoah|hurry tf up
|inactive|swolecandy has 90 seconds left.
|c|☆NewNameNoah|Wow dude
|c|☆NewNameNoah|you absolutely
|c|☆NewNameNoah|positively
|c|☆NewNameNoah|suck
|c|☆NewNameNoah|balls
|inactive|swolecandy has 60 seconds left.
|c|☆NewNameNoah|I’m gonna go start another battle
|c|☆NewNameNoah|Ggs bruh LMAO
|
|t:|1760409514
|move|p2a: FA'GGOT|Leech Seed|p1a: Ting-Lu
|-start|p1a: Ting-Lu|move: Leech Seed
|move|p1a: Ting-Lu|Whirlwind|p2a: FA'GGOT
|drag|p2a: SHE/HIM LMFAO|Gardevoir, M|100/100
|-ability|p2a: SHE/HIM LMFAO|Vessel of Ruin|Trace|[from] ability: Trace|[of] p1a: Ting-Lu
|-ability|p2a: SHE/HIM LMFAO|Vessel of Ruin
|
|-heal|p1a: Ting-Lu|61/100|[from] item: Leftovers
|-damage|p1a: Ting-Lu|48/100|[from] Leech Seed|[of] p2a: SHE/HIM LMFAO
|-end|p1a: Ting-Lu|Encore
|upkeep
|turn|5
|inactive|swolecandy has 90 seconds left.
|inactive|swolecandy has 60 seconds left.
|
|t:|1760409572
|move|p2a: SHE/HIM LMFAO|Trick|p1a: Ting-Lu
|-activate|p2a: SHE/HIM LMFAO|move: Trick|[of] p1a: Ting-Lu
|-item|p1a: Ting-Lu|Choice Scarf|[from] move: Trick
|-item|p2a: SHE/HIM LMFAO|Leftovers|[from] move: Trick
|move|p1a: Ting-Lu|Stealth Rock|p2a: SHE/HIM LMFAO
|-sidestart|p2: NewNameNoah|move: Stealth Rock
|
|-damage|p1a: Ting-Lu|36/100|[from] Leech Seed|[of] p2a: SHE/HIM LMFAO
|upkeep
|turn|6
|inactive|swolecandy has 60 seconds left.
|inactive|NewNameNoah has 120 seconds left.
|n|‽NewNameNoah|newnamenoah
|
|t:|1760409616
|switch|p1a: Slowking|Slowking-Galar, M|100/100
|move|p2a: SHE/HIM LMFAO|Moonblast|p1a: Slowking
|-resisted|p1a: Slowking
|-damage|p1a: Slowking|79/100
|-unboost|p1a: Slowking|spa|1
|
|upkeep
|turn|7
|inactive|NewNameNoah has 90 seconds left.
|c|☆swolecandy|have fun
|
|t:|1760409647
|move|p2a: SHE/HIM LMFAO|Future Sight|p1a: Slowking
|-start|p2a: SHE/HIM LMFAO|move: Future Sight
|move|p1a: Slowking|Sludge Bomb|p2a: SHE/HIM LMFAO
|-supereffective|p2a: SHE/HIM LMFAO
|-damage|p2a: SHE/HIM LMFAO|67/100
|
|-heal|p2a: SHE/HIM LMFAO|73/100|[from] item: Leftovers
|upkeep
|turn|8
|inactive|NewNameNoah has 90 seconds left.
|
|t:|1760409659
|switch|p2a: TWI'NKATON|Tinkaton, F|100/100
|-damage|p2a: TWI'NKATON|94/100|[from] Stealth Rock
|-item|p2a: TWI'NKATON|Air Balloon
|move|p1a: Slowking|Sludge Bomb|p2a: TWI'NKATON
|-immune|p2a: TWI'NKATON
|
|upkeep
|turn|9
|inactive|NewNameNoah has 90 seconds left.
|inactive|swolecandy has 30 seconds left.
|
|t:|1760409691
|move|p2a: TWI'NKATON|Stealth Rock|p1a: Slowking
|-sidestart|p1: swolecandy|move: Stealth Rock
|-prepare|p1a: Slowking|Chilly Reception|[premajor]
|move|p1a: Slowking|Chilly Reception|p1a: Slowking
|-weather|Snowscape
|inactive|swolecandy has 30 seconds left.
|
|t:|1760409700
|switch|p1a: Great Tusk|Great Tusk|100/100|[from] Chilly Reception
|
|-weather|Snowscape|[upkeep]
|-end|p1a: Great Tusk|move: Future Sight
|-supereffective|p1a: Great Tusk
|-damage|p1a: Great Tusk|0 fnt
|faint|p1a: Great Tusk
|-end|p1a: Great Tusk|Protosynthesis|[silent]
|upkeep
|inactive|swolecandy has 30 seconds left.
|
|t:|1760409707
|switch|p1a: Raging Bolt|Raging Bolt|100/100
|-damage|p1a: Raging Bolt|88/100|[from] Stealth Rock
|turn|10
|inactive|NewNameNoah has 90 seconds left.
|
|t:|1760409733
|move|p2a: TWI'NKATON|Gigaton Hammer|p1a: Raging Bolt
|-resisted|p1a: Raging Bolt
|-damage|p1a: Raging Bolt|67/100
|move|p1a: Raging Bolt|Volt Switch|p2a: TWI'NKATON
|-damage|p2a: TWI'NKATON|44/100
|-enditem|p2a: TWI'NKATON|Air Balloon
|c|☆swolecandy|stop being a homophobe have you considered that
|
|t:|1760409742
|-end|p1a: Raging Bolt|Protosynthesis|[silent]
|switch|p1a: Ting-Lu|Ting-Lu|36/100|[from] Volt Switch
|-damage|p1a: Ting-Lu|30/100|[from] Stealth Rock
|-ability|p1a: Ting-Lu|Vessel of Ruin
|
|-weather|Snowscape|[upkeep]
|upkeep
|turn|11
|
|t:|1760409750
|move|p2a: TWI'NKATON|Thunder Wave|p1a: Ting-Lu
|-immune|p1a: Ting-Lu
|move|p1a: Ting-Lu|Earthquake|p2a: TWI'NKATON
|-supereffective|p2a: TWI'NKATON
|-damage|p2a: TWI'NKATON|0 fnt
|faint|p2a: TWI'NKATON
|
|-weather|Snowscape|[upkeep]
|upkeep
|
|t:|1760409759
|switch|p2a: SHE/HIM LMFAO|Gardevoir, M|73/100
|-damage|p2a: SHE/HIM LMFAO|61/100|[from] Stealth Rock
|-ability|p2a: SHE/HIM LMFAO|Vessel of Ruin|Trace|[from] ability: Trace|[of] p1a: Ting-Lu
|-ability|p2a: SHE/HIM LMFAO|Vessel of Ruin
|turn|12
|
|t:|1760409767
|move|p2a: SHE/HIM LMFAO|Moonblast|p1a: Ting-Lu
|-supereffective|p1a: Ting-Lu
|-damage|p1a: Ting-Lu|0 fnt
|faint|p1a: Ting-Lu
|
|-weather|Snowscape|[upkeep]
|-heal|p2a: SHE/HIM LMFAO|67/100|[from] item: Leftovers
|upkeep
|
|t:|1760409777
|switch|p1a: Iron Crown|Iron Crown|100/100
|-damage|p1a: Iron Crown|94/100|[from] Stealth Rock
|turn|13
|
|t:|1760409790
|move|p1a: Iron Crown|Tachyon Cutter|p2a: SHE/HIM LMFAO
|-supereffective|p2a: SHE/HIM LMFAO
|-damage|p2a: SHE/HIM LMFAO|30/100
|-supereffective|p2a: SHE/HIM LMFAO
|-damage|p2a: SHE/HIM LMFAO|0 fnt
|faint|p2a: SHE/HIM LMFAO
|-hitcount|p2: SHE/HIM LMFAO|2
|
|-weather|none
|upkeep
|
|t:|1760409799
|switch|p2a: GENDER GOBLIN|Grimmsnarl, M|100/100
|-damage|p2a: GENDER GOBLIN|88/100|[from] Stealth Rock
|turn|14
|
|t:|1760409814
|-end|p1a: Iron Crown|Quark Drive|[silent]
|switch|p1a: Raging Bolt|Raging Bolt|67/100
|-damage|p1a: Raging Bolt|54/100|[from] Stealth Rock
|move|p2a: GENDER GOBLIN|Sucker Punch||[still]
|-fail|p2a: GENDER GOBLIN
|
|upkeep
|turn|15
|
|t:|1760409824
|switch|p2a: FA'GGOT|Comfey, M|100/100
|-damage|p2a: FA'GGOT|88/100|[from] Stealth Rock
|move|p1a: Raging Bolt|Thunderclap||[still]
|-fail|p1a: Raging Bolt
|
|-heal|p2a: FA'GGOT|94/100|[from] item: Leftovers
|upkeep
|turn|16
|inactive|NewNameNoah has 120 seconds left.
|
|t:|1760409839
|-end|p1a: Raging Bolt|Protosynthesis|[silent]
|switch|p1a: Slowking|Slowking-Galar, M|100/100
|-damage|p1a: Slowking|88/100|[from] Stealth Rock
|move|p2a: FA'GGOT|Calm Mind|p2a: FA'GGOT
|-boost|p2a: FA'GGOT|spa|1
|-boost|p2a: FA'GGOT|spd|1
|
|-heal|p2a: FA'GGOT|100/100|[from] item: Leftovers
|upkeep
|turn|17
|
|t:|1760409848
|-terastallize|p2a: FA'GGOT|Steel
|move|p2a: FA'GGOT|Calm Mind|p2a: FA'GGOT
|-boost|p2a: FA'GGOT|spa|1
|-boost|p2a: FA'GGOT|spd|1
|move|p1a: Slowking|Sludge Bomb|p2a: FA'GGOT
|-immune|p2a: FA'GGOT
|
|upkeep
|turn|18
|
|t:|1760409852
|move|p2a: FA'GGOT|Calm Mind|p2a: FA'GGOT
|-boost|p2a: FA'GGOT|spa|1
|-boost|p2a: FA'GGOT|spd|1
|move|p1a: Slowking|Flamethrower|p2a: FA'GGOT
|-supereffective|p2a: FA'GGOT
|-damage|p2a: FA'GGOT|82/100
|
|-heal|p2a: FA'GGOT|88/100|[from] item: Leftovers
|upkeep
|turn|19
|
|t:|1760409861
|move|p2a: FA'GGOT|Calm Mind|p2a: FA'GGOT
|-boost|p2a: FA'GGOT|spa|1
|-boost|p2a: FA'GGOT|spd|1
|move|p1a: Slowking|Flamethrower|p2a: FA'GGOT
|-supereffective|p2a: FA'GGOT
|-damage|p2a: FA'GGOT|72/100
|
|-heal|p2a: FA'GGOT|78/100|[from] item: Leftovers
|upkeep
|turn|20
|inactive|swolecandy has 90 seconds left.
|
|t:|1760409869
|move|p2a: FA'GGOT|Leech Seed|p1a: Slowking
|-start|p1a: Slowking|move: Leech Seed
|move|p1a: Slowking|Flamethrower|p2a: FA'GGOT
|-supereffective|p2a: FA'GGOT
|-damage|p2a: FA'GGOT|61/100
|
|-heal|p2a: FA'GGOT|67/100|[from] item: Leftovers
|-damage|p1a: Slowking|76/100|[from] Leech Seed|[of] p2a: FA'GGOT
|-heal|p2a: FA'GGOT|84/100|[silent]
|upkeep
|turn|21
|
|t:|1760409876
|move|p2a: FA'GGOT|Calm Mind|p2a: FA'GGOT
|-boost|p2a: FA'GGOT|spa|1
|-boost|p2a: FA'GGOT|spd|1
|move|p1a: Slowking|Flamethrower|p2a: FA'GGOT
|-supereffective|p2a: FA'GGOT
|-damage|p2a: FA'GGOT|70/100
|
|-heal|p2a: FA'GGOT|77/100|[from] item: Leftovers
|-damage|p1a: Slowking|63/100|[from] Leech Seed|[of] p2a: FA'GGOT
|-heal|p2a: FA'GGOT|93/100|[silent]
|upkeep
|turn|22
|
|t:|1760409887
|move|p2a: FA'GGOT|Calm Mind|p2a: FA'GGOT
|-boost|p2a: FA'GGOT|spa|1
|-boost|p2a: FA'GGOT|spd|1
|move|p1a: Slowking|Thunder Wave|p2a: FA'GGOT
|-status|p2a: FA'GGOT|par
|
|-heal|p2a: FA'GGOT|99/100 par|[from] item: Leftovers
|-damage|p1a: Slowking|51/100|[from] Leech Seed|[of] p2a: FA'GGOT
|-heal|p2a: FA'GGOT|100/100 par|[silent]
|upkeep
|turn|23
|
|t:|1760409896
|move|p2a: FA'GGOT|Draining Kiss|p1a: Slowking
|-resisted|p1a: Slowking
|-damage|p1a: Slowking|27/100
|move|p1a: Slowking|Flamethrower|p2a: FA'GGOT
|-supereffective|p2a: FA'GGOT
|-damage|p2a: FA'GGOT|89/100 par
|
|-heal|p2a: FA'GGOT|96/100 par|[from] item: Leftovers
|-damage|p1a: Slowking|15/100|[from] Leech Seed|[of] p2a: FA'GGOT
|-heal|p2a: FA'GGOT|100/100 par|[silent]
|upkeep
|turn|24
|
|t:|1760409905
|cant|p2a: FA'GGOT|par
|move|p1a: Slowking|Flamethrower|p2a: FA'GGOT
|-supereffective|p2a: FA'GGOT
|-damage|p2a: FA'GGOT|89/100 par
|
|-heal|p2a: FA'GGOT|96/100 par|[from] item: Leftovers
|-damage|p1a: Slowking|3/100|[from] Leech Seed|[of] p2a: FA'GGOT
|-heal|p2a: FA'GGOT|100/100 par|[silent]
|upkeep
|turn|25
|
|t:|1760409913
|move|p2a: FA'GGOT|Giga Drain|p1a: Slowking
|-resisted|p1a: Slowking
|-damage|p1a: Slowking|0 fnt
|faint|p1a: Slowking
|
|upkeep
|
|t:|1760409930
|switch|p1a: Iron Crown|Iron Crown|94/100
|-damage|p1a: Iron Crown|88/100|[from] Stealth Rock
|turn|26
|
|t:|1760409937
|move|p1a: Iron Crown|Psychic Noise|p2a: FA'GGOT
|-resisted|p2a: FA'GGOT
|-damage|p2a: FA'GGOT|96/100 par
|-start|p2a: FA'GGOT|move: Heal Block
|move|p2a: FA'GGOT|Leech Seed|p1a: Iron Crown
|-start|p1a: Iron Crown|move: Leech Seed
|
|-damage|p1a: Iron Crown|76/100|[from] Leech Seed|[of] p2a: FA'GGOT
|upkeep
|turn|27
|
|t:|1760409945
|-end|p1a: Iron Crown|Quark Drive|[silent]
|switch|p1a: Ogerpon|Ogerpon, F|100/100
|-damage|p1a: Ogerpon|88/100|[from] Stealth Rock
|move|p2a: FA'GGOT|Calm Mind|p2a: FA'GGOT
|-boost|p2a: FA'GGOT|spa|0
|-boost|p2a: FA'GGOT|spd|0
|
|-end|p2a: FA'GGOT|move: Heal Block
|upkeep
|turn|28
|
|t:|1760409959
|-terastallize|p1a: Ogerpon|Grass
|detailschange|p1a: Ogerpon|Ogerpon-Teal-Tera, F, tera:Grass
|-ability|p1a: Ogerpon|Embody Aspect (Teal)|boost
|-boost|p1a: Ogerpon|spe|1
|move|p2a: FA'GGOT|Draining Kiss|p1a: Ogerpon
|-damage|p1a: Ogerpon|21/100
|-heal|p2a: FA'GGOT|100/100 par|[from] drain|[of] p1a: Ogerpon
|move|p1a: Ogerpon|Ivy Cudgel|p2a: FA'GGOT
|-resisted|p2a: FA'GGOT
|-crit|p2a: FA'GGOT
|-damage|p2a: FA'GGOT|26/100 par
|
|-heal|p2a: FA'GGOT|32/100 par|[from] item: Leftovers
|upkeep
|turn|29
|
|t:|1760409971
|move|p2a: FA'GGOT|Draining Kiss|p1a: Ogerpon
|-damage|p1a: Ogerpon|0 fnt
|-heal|p2a: FA'GGOT|47/100 par|[from] drain|[of] p1a: Ogerpon
|faint|p1a: Ogerpon
|detailschange|p1: Ogerpon|Ogerpon, F|[silent]
|
|-heal|p2a: FA'GGOT|53/100 par|[from] item: Leftovers
|upkeep
|
|t:|1760409977
|switch|p1a: Iron Crown|Iron Crown|76/100
|-damage|p1a: Iron Crown|69/100|[from] Stealth Rock
|turn|30
|
|t:|1760409985
|move|p2a: FA'GGOT|Draining Kiss|p1a: Iron Crown
|-resisted|p1a: Iron Crown
|-damage|p1a: Iron Crown|49/100
|-heal|p2a: FA'GGOT|70/100 par|[from] drain|[of] p1a: Iron Crown
|move|p1a: Iron Crown|Volt Switch|p2a: FA'GGOT
|-damage|p2a: FA'GGOT|64/100 par
|j|~Mathy
|inactive|swolecandy has 120 seconds left.
|
|t:|1760409992
|-end|p1a: Iron Crown|Quark Drive|[silent]
|switch|p1a: Raging Bolt|Raging Bolt|54/100|[from] Volt Switch
|-damage|p1a: Raging Bolt|42/100|[from] Stealth Rock
|
|-heal|p2a: FA'GGOT|70/100 par|[from] item: Leftovers
|upkeep
|turn|31
|c|~Mathy|/log NewNameNoah was globally banned by Mathy. (fuck you)
|l|‽NewNameNoah
|inactive|NewNameNoah disconnected and has a minute to reconnect!
|player|p2|
|hidelines|unlink|ohmygawdlooool
|inactive|swolecandy has 120 seconds left.
|c|☆swolecandy|Thank you
|c|~Mathy|you have been blessed by the free elo fairy
|
|win|swolecandy
