|j|☆iluvboostjuice
|j|☆zhihe019
|t:|1760328292
|gametype|singles
|player|p1|iluvboostjuice|emmet|1407
|player|p2|zhihe019|cynthia|1414
|gen|9
|tier|[Gen 9] OU
|rated|
|rule|HP Percentage Mod: HP is shown in percentages
|rule|Endless Battle Clause: Forcing endless battles is banned
|rule|Species Clause: Limit one of each Pokémon
|rule|OHKO Clause: OHKO moves are banned
|rule|Evasion Items Clause: Evasion items are banned
|rule|Evasion Moves Clause: Evasion moves are banned
|rule|Evasion Abilities Clause: Evasion abilities are banned
|rule|Sleep Moves Clause: Sleep-inducing moves are banned
|clearpoke
|poke|p1|Araquanid, M|
|poke|p1|Great Tusk|
|poke|p1|Meowscarada, F|
|poke|p1|Dragapult, M|
|poke|p1|Landorus-Therian, M|
|poke|p1|Corviknight, F|
|poke|p2|Pelipper, M|
|poke|p2|Basculegion, M|
|poke|p2|Kingdra, M|
|poke|p2|Zapdos|
|poke|p2|Mamoswine, M|
|poke|p2|Kingambit, M|
|teampreview
|inactive|Battle timer is ON: inactive players will automatically lose when time's up. (requested by zhihe019)
|
|t:|1760328316
|teamsize|p1|6
|teamsize|p2|6
|start
|switch|p1a: Meowscarada|Meowscarada, F|100/100
|switch|p2a: Pelipper|Pelipper, M|100/100
|-weather|RainDance|[from] ability: Drizzle|[of] p2a: Pelipper
|turn|1
|
|t:|1760328327
|move|p1a: Meowscarada|U-turn|p2a: Pelipper
|-start|p1a: Meowscarada|typechange|Bug|[from] ability: Protean
|-resisted|p2a: Pelipper
|-damage|p2a: Pelipper|82/100
|
|t:|1760328331
|switch|p1a: Corviknight|Corviknight, F|100/100|[from] U-turn
|move|p2a: Pelipper|U-turn|p1a: Corviknight
|-resisted|p1a: Corviknight
|-damage|p1a: Corviknight|99/100
|
|t:|1760328338
|switch|p2a: Kingdra|Kingdra, M|100/100|[from] U-turn
|
|-weather|RainDance|[upkeep]
|-heal|p1a: Corviknight|100/100|[from] item: Leftovers
|upkeep
|turn|2
|
|t:|1760328353
|switch|p1a: Araquanid|Araquanid, M|100/100
|move|p2a: Kingdra|Weather Ball|p1a: Araquanid
|-resisted|p1a: Araquanid
|-damage|p1a: Araquanid|65/100
|-damage|p2a: Kingdra|91/100|[from] item: Life Orb
|
|-weather|RainDance|[upkeep]
|-heal|p1a: Araquanid|71/100|[from] item: Leftovers
|upkeep
|turn|3
|
|t:|1760328362
|move|p2a: Kingdra|Hurricane|p1a: Araquanid
|-supereffective|p1a: Araquanid
|-damage|p1a: Araquanid|5/100
|-start|p1a: Araquanid|confusion
|-damage|p2a: Kingdra|81/100|[from] item: Life Orb
|-activate|p1a: Araquanid|confusion
|move|p1a: Araquanid|Sticky Web|p2a: Kingdra
|-sidestart|p2: zhihe019|move: Sticky Web
|
|-weather|RainDance|[upkeep]
|-heal|p1a: Araquanid|11/100|[from] item: Leftovers
|upkeep
|turn|4
|
|t:|1760328372
|move|p2a: Kingdra|Dragon Pulse|p1a: Araquanid
|-damage|p1a: Araquanid|0 fnt
|faint|p1a: Araquanid
|-damage|p2a: Kingdra|71/100|[from] item: Life Orb
|
|-weather|RainDance|[upkeep]
|upkeep
|
|t:|1760328375
|switch|p1a: Dragapult|Dragapult, M|100/100
|turn|5
|
|t:|1760328394
|-terastallize|p1a: Dragapult|Ghost
|move|p2a: Kingdra|Dragon Pulse|p1a: Dragapult
|-damage|p1a: Dragapult|29/100
|-damage|p2a: Kingdra|61/100|[from] item: Life Orb
|move|p1a: Dragapult|Draco Meteor|p2a: Kingdra
|-supereffective|p2a: Kingdra
|-damage|p2a: Kingdra|0 fnt
|-unboost|p1a: Dragapult|spa|2
|faint|p2a: Kingdra
|
|-weather|RainDance|[upkeep]
|upkeep
|
|t:|1760328400
|switch|p2a: Basculegion|Basculegion, M|100/100
|-activate|p2a: Basculegion|move: Sticky Web
|-unboost|p2a: Basculegion|spe|1
|turn|6
|
|t:|1760328405
|switch|p1a: Corviknight|Corviknight, F|100/100
|move|p2a: Basculegion|Flip Turn|p1a: Corviknight
|-damage|p1a: Corviknight|59/100
|
|t:|1760328407
|switch|p2a: Zapdos|Zapdos|100/100|[from] Flip Turn
|
|-weather|RainDance|[upkeep]
|-heal|p1a: Corviknight|65/100|[from] item: Leftovers
|upkeep
|turn|7
|
|t:|1760328414
|switch|p1a: Landorus|Landorus-Therian, M|100/100
|-ability|p1a: Landorus|Intimidate|boost
|-unboost|p2a: Zapdos|atk|1
|move|p2a: Zapdos|Hurricane|p1a: Landorus
|-damage|p1a: Landorus|29/100
|
|-weather|RainDance|[upkeep]
|upkeep
|turn|8
|
|t:|1760328420
|move|p2a: Zapdos|Hurricane|p1a: Landorus
|-damage|p1a: Landorus|0 fnt
|faint|p1a: Landorus
|
|-weather|none
|upkeep
|
|t:|1760328434
|switch|p1a: Dragapult|Dragapult, M, tera:Ghost|29/100
|turn|9
|
|t:|1760328443
|switch|p2a: Kingambit|Kingambit, M|100/100
|-activate|p2a: Kingambit|move: Sticky Web
|-unboost|p2a: Kingambit|spe|1
|-activate|p2a: Kingambit|ability: Supreme Overlord
|-start|p2a: Kingambit|fallen1|[silent]
|move|p1a: Dragapult|Shadow Ball|p2a: Kingambit
|-resisted|p2a: Kingambit
|-damage|p2a: Kingambit|63/100
|
|upkeep
|turn|10
|
|t:|1760328449
|switch|p1a: Corviknight|Corviknight, F|65/100
|move|p2a: Kingambit|Kowtow Cleave|p1a: Corviknight
|-damage|p1a: Corviknight|13/100
|
|-heal|p1a: Corviknight|19/100|[from] item: Leftovers
|upkeep
|turn|11
|
|t:|1760328451
|move|p1a: Corviknight|Roost|p1a: Corviknight
|-heal|p1a: Corviknight|69/100
|-singleturn|p1a: Corviknight|move: Roost
|move|p2a: Kingambit|Kowtow Cleave|p1a: Corviknight
|-damage|p1a: Corviknight|17/100
|
|-heal|p1a: Corviknight|23/100|[from] item: Leftovers
|upkeep
|turn|12
|
|t:|1760328456
|move|p1a: Corviknight|Roost|p1a: Corviknight
|-heal|p1a: Corviknight|73/100
|-singleturn|p1a: Corviknight|move: Roost
|move|p2a: Kingambit|Kowtow Cleave|p1a: Corviknight
|-damage|p1a: Corviknight|20/100
|
|-heal|p1a: Corviknight|26/100|[from] item: Leftovers
|upkeep
|turn|13
|inactive|zhihe019 has 120 seconds left.
|
|t:|1760328508
|move|p1a: Corviknight|Body Press|p2a: Kingambit
|-supereffective|p2a: Kingambit
|-damage|p2a: Kingambit|0 fnt
|faint|p2a: Kingambit
|-end|p2a: Kingambit|fallen1|[silent]
|
|-heal|p1a: Corviknight|33/100|[from] item: Leftovers
|upkeep
|
|t:|1760328511
|switch|p2a: Pelipper|Pelipper, M|82/100
|-weather|RainDance|[from] ability: Drizzle|[of] p2a: Pelipper
|turn|14
|
|t:|1760328525
|move|p1a: Corviknight|Roost|p1a: Corviknight
|-heal|p1a: Corviknight|83/100
|-singleturn|p1a: Corviknight|move: Roost
|move|p2a: Pelipper|Surf|p1a: Corviknight
|-damage|p1a: Corviknight|40/100
|
|-weather|RainDance|[upkeep]
|-heal|p1a: Corviknight|46/100|[from] item: Leftovers
|upkeep
|turn|15
|
|t:|1760328529
|move|p1a: Corviknight|Roost|p1a: Corviknight
|-heal|p1a: Corviknight|96/100
|-singleturn|p1a: Corviknight|move: Roost
|move|p2a: Pelipper|U-turn|p1a: Corviknight
|-resisted|p1a: Corviknight
|-damage|p1a: Corviknight|93/100
|
|t:|1760328532
|switch|p2a: Basculegion|Basculegion, M|100/100|[from] U-turn
|-activate|p2a: Basculegion|move: Sticky Web
|-unboost|p2a: Basculegion|spe|1
|
|-weather|RainDance|[upkeep]
|-heal|p1a: Corviknight|99/100|[from] item: Leftovers
|upkeep
|turn|16
|
|t:|1760328540
|-terastallize|p2a: Basculegion|Water
|move|p2a: Basculegion|Wave Crash|p1a: Corviknight
|-damage|p1a: Corviknight|0 fnt
|faint|p1a: Corviknight
|-damage|p2a: Basculegion|66/100|[from] Recoil
|
|-weather|RainDance|[upkeep]
|upkeep
|
|t:|1760328544
|switch|p1a: Meowscarada|Meowscarada, F|100/100
|turn|17
|
|t:|1760328556
|move|p1a: Meowscarada|Flower Trick|p2a: Basculegion
|-start|p1a: Meowscarada|typechange|Grass|[from] ability: Protean
|-supereffective|p2a: Basculegion
|-crit|p2a: Basculegion
|-damage|p2a: Basculegion|0 fnt
|faint|p2a: Basculegion
|
|-weather|RainDance|[upkeep]
|upkeep
|
|t:|1760328560
|switch|p2a: Zapdos|Zapdos|100/100
|turn|18
|
|t:|1760328572
|move|p1a: Meowscarada|Flower Trick|p2a: Zapdos
|-resisted|p2a: Zapdos
|-crit|p2a: Zapdos
|-damage|p2a: Zapdos|56/100
|move|p2a: Zapdos|Hurricane|p1a: Meowscarada
|-supereffective|p1a: Meowscarada
|-damage|p1a: Meowscarada|0 fnt
|faint|p1a: Meowscarada
|
|-weather|RainDance|[upkeep]
|upkeep
|
|t:|1760328576
|switch|p1a: Dragapult|Dragapult, M, tera:Ghost|29/100
|turn|19
|
|t:|1760328583
|move|p1a: Dragapult|Shadow Ball|p2a: Zapdos
|-damage|p2a: Zapdos|0 fnt
|faint|p2a: Zapdos
|
|-weather|RainDance|[upkeep]
|upkeep
|
|t:|1760328588
|switch|p2a: Mamoswine|Mamoswine, M|100/100
|-activate|p2a: Mamoswine|move: Sticky Web
|-unboost|p2a: Mamoswine|spe|1
|turn|20
|
|t:|1760328590
|move|p2a: Mamoswine|Ice Shard|p1a: Dragapult
|-damage|p1a: Dragapult|0 fnt
|faint|p1a: Dragapult
|
|-weather|RainDance|[upkeep]
|upkeep
|
|t:|1760328592
|switch|p1a: Great Tusk|Great Tusk|100/100
|-enditem|p1a: Great Tusk|Booster Energy
|-activate|p1a: Great Tusk|ability: Protosynthesis|[fromitem]
|-start|p1a: Great Tusk|protosynthesisatk
|turn|21
|
|t:|1760328602
|move|p1a: Great Tusk|Close Combat|p2a: Mamoswine
|-supereffective|p2a: Mamoswine
|-enditem|p2a: Mamoswine|Focus Sash
|-damage|p2a: Mamoswine|1/100
|-unboost|p1a: Great Tusk|def|1
|-unboost|p1a: Great Tusk|spd|1
|move|p2a: Mamoswine|Earthquake|p1a: Great Tusk
|-damage|p1a: Great Tusk|37/100
|
|-weather|none
|upkeep
|turn|22
|
|t:|1760328606
|move|p2a: Mamoswine|Ice Shard|p1a: Great Tusk
|-supereffective|p1a: Great Tusk
|-damage|p1a: Great Tusk|0 fnt
|faint|p1a: Great Tusk
|-end|p1a: Great Tusk|Protosynthesis|[silent]
|
|win|zhihe019
|raw|iluvboostjuice's rating: 1407 &rarr; <strong>1387</strong><br />(-20 for losing)
|raw|zhihe019's rating: 1414 &rarr; <strong>1434</strong><br />(+20 for winning)
|l|☆zhihe019
|player|p2|
|l|☆iluvboostjuice
|player|p1|
