|j|☆yuanyuchen
|j|‽TheOnlyX
|t:|1760416718
|gametype|singles
|player|p1|yuanyuchen|101|1473
|player|p2|TheOnlyX|gambler|1405
|gen|9
|tier|[Gen 9] OU
|rated|
|rule|HP Percentage Mod: HP is shown in percentages
|rule|Endless Battle Clause: Forcing endless battles is banned
|rule|Species Clause: Limit one of each Pokémon
|rule|OHKO Clause: OHKO moves are banned
|rule|Evasion Items Clause: Evasion items are banned
|rule|Evasion Moves Clause: Evasion moves are banned
|rule|Evasion Abilities Clause: Evasion abilities are banned
|rule|Sleep Moves Clause: Sleep-inducing moves are banned
|clearpoke
|poke|p1|Zapdos|
|poke|p1|Great Tusk|
|poke|p1|Lokix, M|
|poke|p1|Iron Crown|
|poke|p1|Zamazenta-*|
|poke|p1|Alomomola, F|
|poke|p2|Grimmsnarl, M|
|poke|p2|Latias, F|
|poke|p2|Kingambit, F|
|poke|p2|Slowking-Galar, M|
|poke|p2|Gholdengo|
|poke|p2|Meowscarada, M|
|teampreview
|inactive|Battle timer is ON: inactive players will automatically lose when time's up. (requested by TheOnlyX)
|
|t:|1760416736
|teamsize|p1|6
|teamsize|p2|6
|start
|switch|p1a: Iron Crown|Iron Crown|100/100
|switch|p2a: Grimmsnarl|Grimmsnarl, M|100/100
|turn|1
|
|t:|1760416748
|move|p2a: Grimmsnarl|Light Screen|p2a: Grimmsnarl
|-sidestart|p2: TheOnlyX|move: Light Screen
|move|p1a: Iron Crown|Tachyon Cutter|p2a: Grimmsnarl
|-supereffective|p2a: Grimmsnarl
|-damage|p2a: Grimmsnarl|62/100
|-supereffective|p2a: Grimmsnarl
|-damage|p2a: Grimmsnarl|27/100
|-hitcount|p2a: Grimmsnarl|2
|
|upkeep
|turn|2
|
|t:|1760416757
|move|p2a: Grimmsnarl|Parting Shot|p1a: Iron Crown
|-unboost|p1a: Iron Crown|atk|1
|-unboost|p1a: Iron Crown|spa|1
|
|t:|1760416761
|switch|p2a: Slowking|Slowking-Galar, M|100/100|[from] Parting Shot
|move|p1a: Iron Crown|Tachyon Cutter|p2a: Slowking
|-damage|p2a: Slowking|94/100
|-damage|p2a: Slowking|86/100
|-hitcount|p2a: Slowking|2
|
|upkeep
|turn|3
|
|t:|1760416786
|-end|p1a: Iron Crown|Quark Drive|[silent]
|switch|p1a: Lokix|Lokix, M, shiny|100/100
|-prepare|p2a: Slowking|Chilly Reception|[premajor]
|move|p2a: Slowking|Chilly Reception|p2a: Slowking
|-weather|Snowscape
|
|t:|1760416792
|switch|p2a: Latias|Latias, F|100/100|[from] Chilly Reception
|
|-weather|Snowscape|[upkeep]
|upkeep
|turn|4
|
|t:|1760416807
|-terastallize|p2a: Latias|Fairy
|move|p1a: Lokix|First Impression|p2a: Latias
|-resisted|p2a: Latias
|-damage|p2a: Latias|41/100
|move|p2a: Latias|Agility|p2a: Latias
|-boost|p2a: Latias|spe|2
|
|-weather|Snowscape|[upkeep]
|upkeep
|turn|5
|inactive|yuanyuchen has 120 seconds left.
|
|t:|1760416827
|switch|p1a: Iron Crown|Iron Crown|100/100
|move|p2a: Latias|Draining Kiss|p1a: Iron Crown
|-resisted|p1a: Iron Crown
|-damage|p1a: Iron Crown|89/100
|-heal|p2a: Latias|50/100|[from] drain|[of] p1a: Iron Crown
|
|-weather|Snowscape|[upkeep]
|upkeep
|turn|6
|
|t:|1760416834
|move|p2a: Latias|Calm Mind|p2a: Latias
|-boost|p2a: Latias|spa|1
|-boost|p2a: Latias|spd|1
|move|p1a: Iron Crown|Tachyon Cutter|p2a: Latias
|-supereffective|p2a: Latias
|-damage|p2a: Latias|31/100
|-enditem|p2a: Latias|Weakness Policy
|-boost|p2a: Latias|atk|2|[from] item: Weakness Policy
|-boost|p2a: Latias|spa|2|[from] item: Weakness Policy
|-supereffective|p2a: Latias
|-damage|p2a: Latias|11/100
|-hitcount|p2a: Latias|2
|
|-weather|Snowscape|[upkeep]
|upkeep
|turn|7
|
|t:|1760416849
|move|p2a: Latias|Stored Power|p1a: Iron Crown
|-resisted|p1a: Iron Crown
|-damage|p1a: Iron Crown|46/100
|move|p1a: Iron Crown|Tachyon Cutter|p2a: Latias
|-supereffective|p2a: Latias
|-damage|p2a: Latias|0 fnt
|faint|p2a: Latias
|-hitcount|p2: Latias|1
|
|-weather|none
|upkeep
|-message|TheOnlyX forfeited.
|
|win|yuanyuchen
|raw|yuanyuchen's rating: 1473 &rarr; <strong>1489</strong><br />(+16 for winning)
|raw|TheOnlyX's rating: 1405 &rarr; <strong>1389</strong><br />(-16 for losing)
|l|‽TheOnlyX
|player|p2|
|l|☆yuanyuchen
|player|p1|
