|j|☆darkcr7
|j|‽mime_724
|t:|1760328254
|gametype|singles
|player|p1|darkcr7|alder|1240
|player|p2|mime_724|roxie|1221
|gen|9
|tier|[Gen 9] OU
|rated|
|rule|HP Percentage Mod: HP is shown in percentages
|rule|Endless Battle Clause: Forcing endless battles is banned
|rule|Species Clause: Limit one of each Pokémon
|rule|OHKO Clause: OHKO moves are banned
|rule|Evasion Items Clause: Evasion items are banned
|rule|Evasion Moves Clause: Evasion moves are banned
|rule|Evasion Abilities Clause: Evasion abilities are banned
|rule|Sleep Moves Clause: Sleep-inducing moves are banned
|clearpoke
|poke|p1|Samurott-Hisui, M|
|poke|p1|Dragapult, M|
|poke|p1|Heatran, M|
|poke|p1|Pecharunt|
|poke|p1|Iron Boulder|
|poke|p1|Iron Jugulis|
|poke|p2|Pelipper, F|
|poke|p2|Quaquaval, F|
|poke|p2|Zapdos|
|poke|p2|Ogerpon, F|
|poke|p2|Weezing-Galar, F|
|poke|p2|Pecharunt|
|teampreview
|
|t:|1760328263
|teamsize|p1|6
|teamsize|p2|6
|start
|switch|p1a: Dragapult|Dragapult, M|100/100
|switch|p2a: Zapdos|Zapdos|100/100
|turn|1
|
|t:|1760328269
|move|p1a: Dragapult|Will-O-Wisp|p2a: Zapdos
|-status|p2a: Zapdos|brn
|move|p2a: Zapdos|Volt Switch|p1a: Dragapult
|-resisted|p1a: Dragapult
|-damage|p1a: Dragapult|72/100
|inactive|Battle timer is ON: inactive players will automatically lose when time's up. (requested by darkcr7)
|
|t:|1760328289
|switch|p2a: Pelipper|Pelipper, F|100/100|[from] Volt Switch
|-weather|RainDance|[from] ability: Drizzle|[of] p2a: Pelipper
|
|-weather|RainDance|[upkeep]
|upkeep
|turn|2
|
|t:|1760328300
|switch|p1a: Samurott|Samurott-Hisui, M|100/100
|move|p2a: Pelipper|U-turn|p1a: Samurott
|-supereffective|p1a: Samurott
|-damage|p1a: Samurott|77/100
|
|t:|1760328307
|switch|p2a: Zapdos|Zapdos|100/100 brn|[from] U-turn
|
|-weather|RainDance|[upkeep]
|-damage|p2a: Zapdos|94/100 brn|[from] brn
|upkeep
|turn|3
|
|t:|1760328317
|switch|p1a: Heatran|Heatran, M|100/100
|move|p2a: Zapdos|Thunder|p1a: Heatran
|-damage|p1a: Heatran|63/100
|
|-weather|RainDance|[upkeep]
|-heal|p1a: Heatran|69/100|[from] item: Leftovers
|-damage|p2a: Zapdos|88/100 brn|[from] brn
|upkeep
|turn|4
|inactive|darkcr7 has 120 seconds left.
|
|t:|1760328353
|move|p2a: Zapdos|Volt Switch|p1a: Heatran
|-damage|p1a: Heatran|47/100
|
|t:|1760328359
|switch|p2a: Pelipper|Pelipper, F|100/100|[from] Volt Switch
|move|p1a: Heatran|Stealth Rock|p2a: Pelipper
|-sidestart|p2: mime_724|move: Stealth Rock
|
|-weather|RainDance|[upkeep]
|-heal|p1a: Heatran|53/100|[from] item: Leftovers
|upkeep
|turn|5
|inactive|darkcr7 has 120 seconds left.
|
|t:|1760328372
|switch|p1a: Samurott|Samurott-Hisui, M|77/100
|move|p2a: Pelipper|Weather Ball|p1a: Samurott
|-resisted|p1a: Samurott
|-damage|p1a: Samurott|51/100
|
|-weather|RainDance|[upkeep]
|upkeep
|turn|6
|inactive|darkcr7 has 120 seconds left.
|
|t:|1760328383
|move|p1a: Samurott|Ceaseless Edge|p2a: Pelipper
|-damage|p2a: Pelipper|50/100
|-sidestart|p2: mime_724|Spikes
|move|p2a: Pelipper|U-turn|p1a: Samurott
|-supereffective|p1a: Samurott
|-damage|p1a: Samurott|30/100
|
|t:|1760328389
|switch|p2a: Weezing|Weezing-Galar, F|100/100|[from] U-turn
|-damage|p2a: Weezing|88/100|[from] Stealth Rock
|
|-weather|RainDance|[upkeep]
|-heal|p2a: Weezing|94/100|[from] item: Leftovers
|upkeep
|turn|7
|
|t:|1760328401
|switch|p1a: Pecharunt|Pecharunt|100/100
|move|p2a: Weezing|Defog|p1a: Pecharunt
|-unboost|p1a: Pecharunt|evasion|1
|-sideend|p2: mime_724|Spikes|[from] move: Defog|[of] p2a: Weezing
|-sideend|p2: mime_724|Stealth Rock|[from] move: Defog|[of] p2a: Weezing
|
|-weather|RainDance|[upkeep]
|-heal|p2a: Weezing|99/100|[from] item: Leftovers
|upkeep
|turn|8
|
|t:|1760328415
|switch|p2a: Pecharunt|Pecharunt|100/100
|move|p1a: Pecharunt|Parting Shot|p2a: Pecharunt
|-unboost|p2a: Pecharunt|atk|1
|-unboost|p2a: Pecharunt|spa|1
|
|t:|1760328421
|switch|p1a: Iron Jugulis|Iron Jugulis|100/100|[from] Parting Shot
|
|-weather|none
|upkeep
|turn|9
|inactive|darkcr7 has 120 seconds left.
|
|t:|1760328438
|switch|p2a: Weezing|Weezing-Galar, F|99/100
|move|p1a: Iron Jugulis|U-turn|p2a: Weezing
|-resisted|p2a: Weezing
|-damage|p2a: Weezing|98/100
|inactive|darkcr7 has 120 seconds left.
|
|t:|1760328447
|-end|p1a: Iron Jugulis|Quark Drive|[silent]
|switch|p1a: Heatran|Heatran, M|53/100|[from] U-turn
|
|-heal|p1a: Heatran|60/100|[from] item: Leftovers
|-heal|p2a: Weezing|100/100|[from] item: Leftovers
|upkeep
|turn|10
|
|t:|1760328455
|switch|p2a: Pelipper|Pelipper, F|50/100
|-weather|RainDance|[from] ability: Drizzle|[of] p2a: Pelipper
|move|p1a: Heatran|Stealth Rock|p2a: Pelipper
|-sidestart|p2: mime_724|move: Stealth Rock
|
|-weather|RainDance|[upkeep]
|-heal|p1a: Heatran|66/100|[from] item: Leftovers
|upkeep
|turn|11
|
|t:|1760328464
|switch|p1a: Dragapult|Dragapult, M|72/100
|move|p2a: Pelipper|U-turn|p1a: Dragapult
|-resisted|p1a: Dragapult
|-damage|p1a: Dragapult|66/100
|
|t:|1760328470
|switch|p2a: Weezing|Weezing-Galar, F|100/100|[from] U-turn
|-damage|p2a: Weezing|88/100|[from] Stealth Rock
|
|-weather|RainDance|[upkeep]
|-heal|p2a: Weezing|94/100|[from] item: Leftovers
|upkeep
|turn|12
|
|t:|1760328482
|move|p1a: Dragapult|U-turn|p2a: Weezing
|-resisted|p2a: Weezing
|-damage|p2a: Weezing|88/100
|
|t:|1760328487
|switch|p1a: Iron Jugulis|Iron Jugulis|100/100|[from] U-turn
|move|p2a: Weezing|Defog|p1a: Iron Jugulis
|-unboost|p1a: Iron Jugulis|evasion|1
|-sideend|p2: mime_724|Stealth Rock|[from] move: Defog|[of] p2a: Weezing
|
|-weather|RainDance|[upkeep]
|-heal|p2a: Weezing|94/100|[from] item: Leftovers
|upkeep
|turn|13
|
|t:|1760328498
|move|p1a: Iron Jugulis|Hurricane|p2a: Weezing
|-damage|p2a: Weezing|0 fnt
|faint|p2a: Weezing
|
|-weather|RainDance|[upkeep]
|upkeep
|
|t:|1760328518
|switch|p2a: Zapdos|Zapdos|88/100 brn
|turn|14
|
|t:|1760328527
|-end|p1a: Iron Jugulis|Quark Drive|[silent]
|switch|p1a: Heatran|Heatran, M|66/100
|move|p2a: Zapdos|Thunder|p1a: Heatran
|-damage|p1a: Heatran|29/100
|
|-weather|RainDance|[upkeep]
|-heal|p1a: Heatran|35/100|[from] item: Leftovers
|-damage|p2a: Zapdos|82/100 brn|[from] brn
|upkeep
|turn|15
|
|t:|1760328538
|move|p2a: Zapdos|Thunder|p1a: Heatran
|-damage|p1a: Heatran|0 fnt
|faint|p1a: Heatran
|
|-weather|RainDance|[upkeep]
|-damage|p2a: Zapdos|76/100 brn|[from] brn
|upkeep
|
|t:|1760328548
|switch|p1a: Dragapult|Dragapult, M|66/100
|turn|16
|
|t:|1760328556
|move|p1a: Dragapult|Dragon Darts|p2a: Zapdos
|-damage|p2a: Zapdos|32/100 brn
|-anim|p1a: Dragapult|Dragon Darts|p2a: Zapdos
|-damage|p2a: Zapdos|0 fnt
|faint|p2a: Zapdos
|
|-weather|RainDance|[upkeep]
|upkeep
|
|t:|1760328564
|switch|p2a: Quaquaval|Quaquaval, F|100/100
|turn|17
|
|t:|1760328568
|move|p1a: Dragapult|Dragon Darts|p2a: Quaquaval
|-damage|p2a: Quaquaval|49/100
|-anim|p1a: Dragapult|Dragon Darts|p2a: Quaquaval
|-damage|p2a: Quaquaval|0 fnt
|faint|p2a: Quaquaval
|
|-weather|none
|upkeep
|
|t:|1760328572
|switch|p2a: Pecharunt|Pecharunt|100/100
|turn|18
|
|t:|1760328579
|switch|p1a: Pecharunt|Pecharunt|100/100
|move|p2a: Pecharunt|Parting Shot|p1a: Pecharunt
|-unboost|p1a: Pecharunt|atk|1
|-unboost|p1a: Pecharunt|spa|1
|
|t:|1760328585
|switch|p2a: Pelipper|Pelipper, F|50/100|[from] Parting Shot
|-weather|RainDance|[from] ability: Drizzle|[of] p2a: Pelipper
|
|-weather|RainDance|[upkeep]
|upkeep
|turn|19
|
|t:|1760328593
|move|p2a: Pelipper|Weather Ball|p1a: Pecharunt
|-damage|p1a: Pecharunt|47/100
|move|p1a: Pecharunt|Parting Shot|p2a: Pelipper
|-unboost|p2a: Pelipper|atk|1
|-unboost|p2a: Pelipper|spa|1
|
|t:|1760328599
|switch|p1a: Iron Boulder|Iron Boulder|100/100|[from] Parting Shot
|-enditem|p1a: Iron Boulder|Booster Energy
|-activate|p1a: Iron Boulder|ability: Quark Drive|[fromitem]
|-start|p1a: Iron Boulder|quarkdrivespe
|
|-weather|RainDance|[upkeep]
|upkeep
|turn|20
|
|t:|1760328609
|move|p1a: Iron Boulder|Swords Dance|p1a: Iron Boulder
|-boost|p1a: Iron Boulder|atk|2
|move|p2a: Pelipper|Weather Ball|p1a: Iron Boulder
|-supereffective|p1a: Iron Boulder
|-damage|p1a: Iron Boulder|24/100
|
|-weather|RainDance|[upkeep]
|upkeep
|turn|21
|
|t:|1760328618
|move|p1a: Iron Boulder|Mighty Cleave|p2a: Pelipper
|-supereffective|p2a: Pelipper
|-damage|p2a: Pelipper|0 fnt
|faint|p2a: Pelipper
|
|-weather|RainDance|[upkeep]
|upkeep
|
|t:|1760328621
|switch|p2a: Pecharunt|Pecharunt|100/100
|turn|22
|
|t:|1760328631
|move|p1a: Iron Boulder|Earthquake|p2a: Pecharunt
|-supereffective|p2a: Pecharunt
|-crit|p2a: Pecharunt
|-damage|p2a: Pecharunt|0 fnt
|faint|p2a: Pecharunt
|
|-weather|RainDance|[upkeep]
|upkeep
|
|t:|1760328636
|switch|p2a: Ogerpon|Ogerpon, F|100/100
|turn|23
|
|t:|1760328641
|-terastallize|p2a: Ogerpon|Grass
|detailschange|p2a: Ogerpon|Ogerpon-Teal-Tera, F, tera:Grass
|-ability|p2a: Ogerpon|Embody Aspect (Teal)|boost
|-boost|p2a: Ogerpon|spe|1
|move|p1a: Iron Boulder|Mighty Cleave|p2a: Ogerpon
|-damage|p2a: Ogerpon|0 fnt
|faint|p2a: Ogerpon
|detailschange|p2: Ogerpon|Ogerpon, F|[silent]
|
|win|darkcr7
|raw|darkcr7's rating: 1240 &rarr; <strong>1264</strong><br />(+24 for winning)
|raw|mime_724's rating: 1221 &rarr; <strong>1197</strong><br />(-24 for losing)
|l|‽mime_724
|player|p2|
|l|☆darkcr7
|player|p1|
