|j|☆Echo&TheBunearyMen
|j|☆REDERLINK
|t:|1760414161
|gametype|singles
|player|p1|Echo&TheBunearyMen|266|1157
|player|p2|REDERLINK|steven|1156
|gen|9
|tier|[Gen 9] OU
|rated|
|rule|HP Percentage Mod: HP is shown in percentages
|rule|Endless Battle Clause: Forcing endless battles is banned
|rule|Species Clause: Limit one of each Pokémon
|rule|OHKO Clause: OHKO moves are banned
|rule|Evasion Items Clause: Evasion items are banned
|rule|Evasion Moves Clause: Evasion moves are banned
|rule|Evasion Abilities Clause: Evasion abilities are banned
|rule|Sleep Moves Clause: Sleep-inducing moves are banned
|clearpoke
|poke|p1|Cetitan, M|
|poke|p1|Pawmot, F|
|poke|p1|Dachsbun, F|
|poke|p1|Dondozo, M|
|poke|p1|Tinkaton, F|
|poke|p1|Lycanroc-Dusk, F|
|poke|p2|Ceruledge, M|
|poke|p2|Meowscarada, F|
|poke|p2|Dragapult, M|
|poke|p2|Iron Valiant|
|poke|p2|Sandy Shocks|
|poke|p2|Corviknight, M|
|teampreview
|
|t:|1760414184
|teamsize|p1|6
|teamsize|p2|6
|start
|switch|p1a: Cetitan|Cetitan, M|100/100
|switch|p2a: Ceruledge|Ceruledge, M|100/100
|turn|1
|inactive|Battle timer is ON: inactive players will automatically lose when time's up. (requested by REDERLINK)
|
|t:|1760414196
|switch|p1a: Dachsbun|Dachsbun, F|100/100
|move|p2a: Ceruledge|Swords Dance|p2a: Ceruledge
|-boost|p2a: Ceruledge|atk|2
|
|upkeep
|turn|2
|
|t:|1760414225
|move|p1a: Dachsbun|Baby-Doll Eyes|p2a: Ceruledge
|-unboost|p2a: Ceruledge|atk|1
|move|p2a: Ceruledge|Swords Dance|p2a: Ceruledge
|-boost|p2a: Ceruledge|atk|2
|
|upkeep
|turn|3
|
|t:|1760414240
|switch|p1a: Dondozo|Dondozo, M|100/100
|move|p2a: Ceruledge|Bitter Blade|p1a: Dondozo
|-resisted|p1a: Dondozo
|-damage|p1a: Dondozo|88/100
|
|-heal|p1a: Dondozo|94/100|[from] item: Leftovers
|upkeep
|turn|4
|
|t:|1760414249
|-terastallize|p2a: Ceruledge|Dragon
|move|p2a: Ceruledge|Swords Dance|p2a: Ceruledge
|-boost|p2a: Ceruledge|atk|2
|move|p1a: Dondozo|Liquidation|p2a: Ceruledge
|-resisted|p2a: Ceruledge
|-damage|p2a: Ceruledge|78/100
|
|-heal|p1a: Dondozo|99/100|[from] item: Leftovers
|upkeep
|turn|5
|
|t:|1760414257
|move|p2a: Ceruledge|Swords Dance|p2a: Ceruledge
|-boost|p2a: Ceruledge|atk|1
|move|p1a: Dondozo|Body Slam|p2a: Ceruledge
|-damage|p2a: Ceruledge|48/100
|
|-heal|p1a: Dondozo|100/100|[from] item: Leftovers
|upkeep
|turn|6
|
|t:|1760414265
|move|p2a: Ceruledge|Close Combat|p1a: Dondozo
|-damage|p1a: Dondozo|78/100
|-unboost|p2a: Ceruledge|def|1
|-unboost|p2a: Ceruledge|spd|1
|move|p1a: Dondozo|Body Slam|p2a: Ceruledge
|-damage|p2a: Ceruledge|15/100
|-status|p2a: Ceruledge|par
|
|-heal|p1a: Dondozo|85/100|[from] item: Leftovers
|upkeep
|turn|7
|
|t:|1760414281
|switch|p2a: Iron Valiant|Iron Valiant|100/100
|-enditem|p2a: Iron Valiant|Booster Energy
|-activate|p2a: Iron Valiant|ability: Quark Drive|[fromitem]
|-start|p2a: Iron Valiant|quarkdrivespe
|move|p1a: Dondozo|Body Slam|p2a: Iron Valiant
|-damage|p2a: Iron Valiant|69/100
|-status|p2a: Iron Valiant|par
|
|-heal|p1a: Dondozo|91/100|[from] item: Leftovers
|upkeep
|turn|8
|
|t:|1760414291
|move|p2a: Iron Valiant|Thunderbolt|p1a: Dondozo
|-supereffective|p1a: Dondozo
|-damage|p1a: Dondozo|46/100
|move|p1a: Dondozo|Liquidation|p2a: Iron Valiant
|-damage|p2a: Iron Valiant|23/100 par
|
|-heal|p1a: Dondozo|52/100|[from] item: Leftovers
|upkeep
|turn|9
|
|t:|1760414300
|-end|p2a: Iron Valiant|Quark Drive|[silent]
|switch|p2a: Sandy Shocks|Sandy Shocks, shiny|100/100
|-enditem|p2a: Sandy Shocks|Booster Energy
|-activate|p2a: Sandy Shocks|ability: Protosynthesis|[fromitem]
|-start|p2a: Sandy Shocks|protosynthesisspa
|-terastallize|p1a: Dondozo|Ground
|move|p1a: Dondozo|Earthquake|p2a: Sandy Shocks
|-supereffective|p2a: Sandy Shocks
|-damage|p2a: Sandy Shocks|17/100
|
|-heal|p1a: Dondozo|59/100|[from] item: Leftovers
|upkeep
|turn|10
|
|t:|1760414311
|-end|p2a: Sandy Shocks|Protosynthesis|[silent]
|switch|p2a: Meowscarada|Meowscarada, F|100/100
|move|p1a: Dondozo|Liquidation|p2a: Meowscarada
|-resisted|p2a: Meowscarada
|-damage|p2a: Meowscarada|72/100
|-unboost|p2a: Meowscarada|def|1
|
|-heal|p1a: Dondozo|65/100|[from] item: Leftovers
|upkeep
|turn|11
|
|t:|1760414325
|move|p2a: Meowscarada|Triple Axel|p1a: Dondozo
|-start|p2a: Meowscarada|typechange|Ice|[from] ability: Protean
|-supereffective|p1a: Dondozo
|-damage|p1a: Dondozo|49/100
|-supereffective|p1a: Dondozo
|-damage|p1a: Dondozo|17/100
|-supereffective|p1a: Dondozo
|-damage|p1a: Dondozo|0 fnt
|faint|p1a: Dondozo
|-hitcount|p1: Dondozo|3
|
|upkeep
|
|t:|1760414334
|switch|p1a: Lycanroc|Lycanroc-Dusk, F|100/100
|turn|12
|
|t:|1760414342
|switch|p2a: Corviknight|Corviknight, M|100/100
|-ability|p2a: Corviknight|Pressure
|move|p1a: Lycanroc|Accelerock|p2a: Corviknight
|-damage|p2a: Corviknight|82/100
|
|-heal|p2a: Corviknight|88/100|[from] item: Leftovers
|upkeep
|turn|13
|
|t:|1760414351
|switch|p1a: Pawmot|Pawmot, F|100/100
|move|p2a: Corviknight|Iron Head|p1a: Pawmot
|-resisted|p1a: Pawmot
|-damage|p1a: Pawmot|82/100
|
|-heal|p2a: Corviknight|95/100|[from] item: Leftovers
|upkeep
|turn|14
|
|t:|1760414359
|move|p2a: Corviknight|Protect|p2a: Corviknight
|-singleturn|p2a: Corviknight|Protect
|move|p1a: Pawmot|Nuzzle|p2a: Corviknight
|-activate|p2a: Corviknight|move: Protect
|
|-heal|p2a: Corviknight|100/100|[from] item: Leftovers
|upkeep
|turn|15
|
|t:|1760414365
|move|p1a: Pawmot|Revival Blessing|p1a: Pawmot
|
|t:|1760414368
|-heal|p1: Dondozo|50/100|[from] move: Revival Blessing
|move|p2a: Corviknight|U-turn|p1a: Pawmot
|-resisted|p1a: Pawmot
|-damage|p1a: Pawmot|72/100
|
|t:|1760414376
|switch|p2a: Sandy Shocks|Sandy Shocks, shiny|17/100|[from] U-turn
|
|upkeep
|turn|16
|
|t:|1760414381
|move|p1a: Pawmot|Close Combat|p2a: Sandy Shocks
|-damage|p2a: Sandy Shocks|0 fnt
|-unboost|p1a: Pawmot|def|1
|-unboost|p1a: Pawmot|spd|1
|faint|p2a: Sandy Shocks
|-end|p2a: Sandy Shocks|Protosynthesis|[silent]
|
|upkeep
|
|t:|1760414390
|switch|p2a: Ceruledge|Ceruledge, M, tera:Dragon|15/100 par
|turn|17
|
|t:|1760414395
|move|p1a: Pawmot|Double Shock|p2a: Ceruledge
|-resisted|p2a: Ceruledge
|-damage|p2a: Ceruledge|0 fnt
|-start|p1a: Pawmot|typechange|???/Fighting|[from] move: Double Shock
|faint|p2a: Ceruledge
|
|upkeep
|
|t:|1760414407
|switch|p2a: Meowscarada|Meowscarada, F|72/100
|turn|18
|
|t:|1760414416
|move|p2a: Meowscarada|Flower Trick|p1a: Pawmot
|-start|p2a: Meowscarada|typechange|Grass|[from] ability: Protean
|-crit|p1a: Pawmot
|-damage|p1a: Pawmot|0 fnt
|faint|p1a: Pawmot
|
|upkeep
|
|t:|1760414420
|switch|p1a: Tinkaton|Tinkaton, F|100/100
|-ability|p1a: Tinkaton|Mold Breaker
|turn|19
|
|t:|1760414431
|switch|p2a: Corviknight|Corviknight, M|100/100
|-ability|p2a: Corviknight|Pressure
|move|p1a: Tinkaton|Fake Out|p2a: Corviknight
|-resisted|p2a: Corviknight
|-damage|p2a: Corviknight|97/100
|
|-heal|p2a: Corviknight|100/100|[from] item: Leftovers
|upkeep
|turn|20
|
|t:|1760414452
|move|p1a: Tinkaton|Thunder Wave|p2a: Corviknight
|-status|p2a: Corviknight|par
|cant|p2a: Corviknight|par
|
|upkeep
|turn|21
|
|t:|1760414480
|switch|p1a: Dondozo|Dondozo, M|50/100
|switch|p2a: Dragapult|Dragapult, M|100/100
|
|-heal|p1a: Dondozo|57/100|[from] item: Leftovers
|upkeep
|turn|22
|inactive|Echo&TheBunearyMen has 120 seconds left.
|
|t:|1760414498
|switch|p1a: Tinkaton|Tinkaton, F|100/100
|-ability|p1a: Tinkaton|Mold Breaker
|move|p2a: Dragapult|U-turn|p1a: Tinkaton
|-resisted|p1a: Tinkaton
|-damage|p1a: Tinkaton|94/100
|-damage|p2a: Dragapult|91/100|[from] item: Life Orb
|
|t:|1760414507
|switch|p2a: Meowscarada|Meowscarada, F|72/100|[from] U-turn
|
|upkeep
|turn|23
|
|t:|1760414511
|move|p1a: Tinkaton|Fake Out|p2a: Meowscarada
|-damage|p2a: Meowscarada|54/100
|cant|p2a: Meowscarada|flinch
|
|upkeep
|turn|24
|
|t:|1760414517
|move|p2a: Meowscarada|Flower Trick|p1a: Tinkaton
|-start|p2a: Meowscarada|typechange|Grass|[from] ability: Protean
|-resisted|p1a: Tinkaton
|-crit|p1a: Tinkaton
|-damage|p1a: Tinkaton|50/100
|move|p1a: Tinkaton|Thunder Wave|p2a: Meowscarada
|-status|p2a: Meowscarada|par
|
|upkeep
|turn|25
|
|t:|1760414527
|move|p1a: Tinkaton|Gigaton Hammer|p2a: Meowscarada
|-damage|p2a: Meowscarada|0 fnt
|faint|p2a: Meowscarada
|
|upkeep
|
|t:|1760414535
|switch|p2a: Iron Valiant|Iron Valiant|23/100 par
|turn|26
|
|t:|1760414542
|move|p1a: Tinkaton|Play Rough|p2a: Iron Valiant
|-supereffective|p2a: Iron Valiant
|-damage|p2a: Iron Valiant|0 fnt
|faint|p2a: Iron Valiant
|-end|p2a: Iron Valiant|Quark Drive|[silent]
|
|upkeep
|
|t:|1760414549
|switch|p2a: Dragapult|Dragapult, M|91/100
|turn|27
|
|t:|1760414556
|move|p2a: Dragapult|Shadow Ball|p1a: Tinkaton
|-damage|p1a: Tinkaton|14/100
|-damage|p2a: Dragapult|81/100|[from] item: Life Orb
|move|p1a: Tinkaton|Thunder Wave|p2a: Dragapult|[miss]
|-miss|p1a: Tinkaton|p2a: Dragapult
|
|upkeep
|turn|28
|
|t:|1760414575
|move|p2a: Dragapult|Shadow Ball|p1a: Tinkaton
|-damage|p1a: Tinkaton|0 fnt
|faint|p1a: Tinkaton
|-damage|p2a: Dragapult|71/100|[from] item: Life Orb
|
|upkeep
|
|t:|1760414579
|switch|p1a: Dachsbun|Dachsbun, F|100/100
|turn|29
|
|t:|1760414585
|move|p2a: Dragapult|U-turn|p1a: Dachsbun
|-resisted|p1a: Dachsbun
|-damage|p1a: Dachsbun|88/100
|-damage|p2a: Dragapult|61/100|[from] item: Life Orb
|
|t:|1760414589
|switch|p2a: Corviknight|Corviknight, M|100/100 par|[from] U-turn
|-ability|p2a: Corviknight|Pressure
|move|p1a: Dachsbun|Play Rough|p2a: Corviknight
|-resisted|p2a: Corviknight
|-damage|p2a: Corviknight|93/100 par
|
|-heal|p1a: Dachsbun|94/100|[from] item: Leftovers
|-heal|p2a: Corviknight|99/100 par|[from] item: Leftovers
|upkeep
|turn|30
|
|t:|1760414603
|switch|p1a: Cetitan|Cetitan, M|100/100
|move|p2a: Corviknight|Iron Head|p1a: Cetitan
|-supereffective|p1a: Cetitan
|-damage|p1a: Cetitan|57/100
|
|-heal|p2a: Corviknight|100/100 par|[from] item: Leftovers
|upkeep
|turn|31
|
|t:|1760414615
|move|p1a: Cetitan|Ice Punch|p2a: Corviknight
|-damage|p2a: Corviknight|62/100 par
|move|p2a: Corviknight|Iron Head|p1a: Cetitan
|-supereffective|p1a: Cetitan
|-damage|p1a: Cetitan|11/100
|
|-heal|p2a: Corviknight|68/100 par|[from] item: Leftovers
|upkeep
|turn|32
|
|t:|1760414623
|move|p1a: Cetitan|Ice Punch|p2a: Corviknight
|-damage|p2a: Corviknight|27/100 par
|move|p2a: Corviknight|U-turn|p1a: Cetitan
|-damage|p1a: Cetitan|0 fnt
|faint|p1a: Cetitan
|
|t:|1760414630
|switch|p2a: Dragapult|Dragapult, M|61/100|[from] U-turn
|
|upkeep
|
|t:|1760414633
|switch|p1a: Dachsbun|Dachsbun, F|94/100
|turn|33
|
|t:|1760414638
|move|p2a: Dragapult|U-turn|p1a: Dachsbun
|-resisted|p1a: Dachsbun
|-damage|p1a: Dachsbun|83/100
|-damage|p2a: Dragapult|52/100|[from] item: Life Orb
|
|t:|1760414642
|switch|p2a: Corviknight|Corviknight, M|27/100 par|[from] U-turn
|-ability|p2a: Corviknight|Pressure
|move|p1a: Dachsbun|Play Rough|p2a: Corviknight
|-resisted|p2a: Corviknight
|-damage|p2a: Corviknight|20/100 par
|
|-heal|p1a: Dachsbun|89/100|[from] item: Leftovers
|-heal|p2a: Corviknight|26/100 par|[from] item: Leftovers
|upkeep
|turn|34
|
|t:|1760414661
|switch|p1a: Dondozo|Dondozo, M|57/100
|move|p2a: Corviknight|Iron Head|p1a: Dondozo
|-resisted|p1a: Dondozo
|-damage|p1a: Dondozo|49/100
|
|-heal|p1a: Dondozo|55/100|[from] item: Leftovers
|-heal|p2a: Corviknight|32/100 par|[from] item: Leftovers
|upkeep
|turn|35
|
|t:|1760414676
|move|p1a: Dondozo|Liquidation|p2a: Corviknight
|-damage|p2a: Corviknight|13/100 par
|cant|p2a: Corviknight|par
|
|-heal|p1a: Dondozo|62/100|[from] item: Leftovers
|-heal|p2a: Corviknight|19/100 par|[from] item: Leftovers
|upkeep
|turn|36
|
|t:|1760414683
|move|p1a: Dondozo|Liquidation|p2a: Corviknight
|-damage|p2a: Corviknight|0 fnt
|faint|p2a: Corviknight
|
|-heal|p1a: Dondozo|68/100|[from] item: Leftovers
|upkeep
|
|t:|1760414689
|switch|p2a: Dragapult|Dragapult, M|52/100
|turn|37
|
|t:|1760414694
|move|p2a: Dragapult|Shadow Ball|p1a: Dondozo
|-damage|p1a: Dondozo|30/100
|-damage|p2a: Dragapult|42/100|[from] item: Life Orb
|move|p1a: Dondozo|Earthquake|p2a: Dragapult
|-damage|p2a: Dragapult|5/100
|
|-heal|p1a: Dondozo|37/100|[from] item: Leftovers
|upkeep
|turn|38
|
|t:|1760414703
|move|p2a: Dragapult|Shadow Ball|p1a: Dondozo
|-damage|p1a: Dondozo|1/100
|-damage|p2a: Dragapult|0 fnt|[from] item: Life Orb
|faint|p2a: Dragapult
|
|win|Echo&TheBunearyMen
|raw|Echo&amp;TheBunearyMen's rating: 1157 &rarr; <strong>1182</strong><br />(+25 for winning)
|raw|REDERLINK's rating: 1156 &rarr; <strong>1131</strong><br />(-25 for losing)
|l|☆Echo&TheBunearyMen
|player|p1|
|l|☆REDERLINK
|player|p2|
