|j|☆TheIcingCreeper
|j|☆N0tC1evey
|t:|1760324541
|gametype|singles
|player|p1|TheIcingCreeper|valerie|1475
|player|p2|N0tC1evey|pryce|1422
|gen|9
|tier|[Gen 9] OU
|rated|
|rule|HP Percentage Mod: HP is shown in percentages
|rule|Endless Battle Clause: Forcing endless battles is banned
|rule|Species Clause: Limit one of each Pokémon
|rule|OHKO Clause: OHKO moves are banned
|rule|Evasion Items Clause: Evasion items are banned
|rule|Evasion Moves Clause: Evasion moves are banned
|rule|Evasion Abilities Clause: Evasion abilities are banned
|rule|Sleep Moves Clause: Sleep-inducing moves are banned
|clearpoke
|poke|p1|Wigglytuff, F|
|poke|p1|Meowscarada, M|
|poke|p1|Corviknight, M|
|poke|p1|Gliscor, M|
|poke|p1|Dondozo, M|
|poke|p1|Dragapult, M|
|poke|p2|Walking Wake|
|poke|p2|Torkoal, M|
|poke|p2|Corviknight, F|
|poke|p2|Sandy Shocks|
|poke|p2|Alomomola, F|
|poke|p2|Cinderace, F|
|teampreview
|inactive|Battle timer is ON: inactive players will automatically lose when time's up. (requested by N0tC1evey)
|
|t:|1760324563
|teamsize|p1|6
|teamsize|p2|6
|start
|switch|p1a: Scar|Gliscor, M, shiny|100/100
|switch|p2a: Groudon.|Torkoal, M|100/100
|-weather|SunnyDay|[from] ability: Drought|[of] p2a: Groudon.
|turn|1
|
|t:|1760324568
|switch|p2a: PinklePinkle|Alomomola, F|100/100
|move|p1a: Scar|Substitute|p1a: Scar
|-start|p1a: Scar|Substitute
|-damage|p1a: Scar|76/100
|
|-weather|SunnyDay|[upkeep]
|-status|p1a: Scar|tox|[from] item: Toxic Orb
|upkeep
|turn|2
|
|t:|1760324573
|move|p1a: Scar|Protect|p1a: Scar
|-singleturn|p1a: Scar|Protect
|move|p2a: PinklePinkle|Flip Turn|p1a: Scar
|-activate|p1a: Scar|move: Protect
|
|-weather|SunnyDay|[upkeep]
|-heal|p1a: Scar|88/100 tox|[from] ability: Poison Heal
|upkeep
|turn|3
|
|t:|1760324575
|move|p1a: Scar|Toxic|p2a: PinklePinkle
|-status|p2a: PinklePinkle|tox
|move|p2a: PinklePinkle|Flip Turn|p1a: Scar
|-supereffective|p1a: Scar
|-activate|p1a: Scar|move: Substitute|[damage]
|
|t:|1760324586
|switch|p2a: 坚盾铁骑|Corviknight, F, shiny|100/100|[from] Flip Turn
|
|-weather|SunnyDay|[upkeep]
|-heal|p1a: Scar|100/100 tox|[from] ability: Poison Heal
|upkeep
|turn|4
|
|t:|1760324591
|move|p1a: Scar|Protect|p1a: Scar
|-singleturn|p1a: Scar|Protect
|move|p2a: 坚盾铁骑|Brave Bird|p1a: Scar
|-activate|p1a: Scar|move: Protect
|
|-weather|SunnyDay|[upkeep]
|upkeep
|turn|5
|
|t:|1760324595
|switch|p1a: Peko|Corviknight, M|100/100
|move|p2a: 坚盾铁骑|Brave Bird|p1a: Peko
|-resisted|p1a: Peko
|-damage|p1a: Peko|85/100
|-damage|p2a: 坚盾铁骑|84/100|[from] item: Rocky Helmet|[of] p1a: Peko
|-damage|p2a: 坚盾铁骑|79/100|[from] Recoil
|
|-weather|SunnyDay|[upkeep]
|upkeep
|turn|6
|
|t:|1760324607
|switch|p1a: Scar|Gliscor, M, shiny|100/100 tox
|switch|p2a: 跟你爆了|Cinderace, F|100/100
|
|-weather|SunnyDay|[upkeep]
|upkeep
|turn|7
|
|t:|1760324610
|move|p1a: Scar|Protect|p1a: Scar
|-singleturn|p1a: Scar|Protect
|move|p2a: 跟你爆了|Pyro Ball|p1a: Scar
|-activate|p1a: Scar|move: Protect
|
|-weather|SunnyDay|[upkeep]
|upkeep
|turn|8
|
|t:|1760324615
|switch|p2a: 地鸣雷震寒彻骨|Sandy Shocks, shiny|100/100
|-activate|p2a: 地鸣雷震寒彻骨|ability: Protosynthesis
|-start|p2a: 地鸣雷震寒彻骨|protosynthesisspa
|move|p1a: Scar|Toxic|p2a: 地鸣雷震寒彻骨|[miss]
|-miss|p1a: Scar|p2a: 地鸣雷震寒彻骨
|
|-weather|none
|-end|p2a: 地鸣雷震寒彻骨|Protosynthesis
|upkeep
|turn|9
|
|t:|1760324626
|-end|p2a: 地鸣雷震寒彻骨|Protosynthesis|[silent]
|switch|p2a: 坚盾铁骑|Corviknight, F, shiny|79/100
|move|p1a: Scar|Protect||[still]
|-fail|p1a: Scar
|
|upkeep
|turn|10
|
|t:|1760324635
|switch|p1a: Drage|Dragapult, M|100/100
|move|p2a: 坚盾铁骑|U-turn|p1a: Drage
|-resisted|p1a: Drage
|-damage|p1a: Drage|88/100
|
|t:|1760324639
|switch|p2a: Groudon.|Torkoal, M|100/100|[from] U-turn
|-weather|SunnyDay|[from] ability: Drought|[of] p2a: Groudon.
|
|-weather|SunnyDay|[upkeep]
|upkeep
|turn|11
|
|t:|1760324642
|switch|p2a: PinklePinkle|Alomomola, F|100/100 tox
|-terastallize|p1a: Drage|Dragon
|move|p1a: Drage|Draco Meteor|p2a: PinklePinkle|[miss]
|-miss|p1a: Drage|p2a: PinklePinkle
|
|-weather|SunnyDay|[upkeep]
|-damage|p2a: PinklePinkle|94/100 tox|[from] psn
|upkeep
|turn|12
|
|t:|1760324649
|move|p1a: Drage|Draco Meteor|p2a: PinklePinkle|[miss]
|-miss|p1a: Drage|p2a: PinklePinkle
|move|p2a: PinklePinkle|Flip Turn|p1a: Drage
|-resisted|p1a: Drage
|-damage|p1a: Drage|83/100
|c|☆TheIcingCreeper|...
|
|t:|1760324658
|switch|p2a: 储水硬接流星群|Walking Wake|100/100|[from] Flip Turn
|-activate|p2a: 储水硬接流星群|ability: Protosynthesis
|-start|p2a: 储水硬接流星群|protosynthesisspe
|
|-weather|SunnyDay|[upkeep]
|upkeep
|turn|13
|
|t:|1760324662
|switch|p1a: Meruem|Wigglytuff, F|100/100
|move|p2a: 储水硬接流星群|Draco Meteor|p1a: Meruem
|-immune|p1a: Meruem
|
|-weather|SunnyDay|[upkeep]
|upkeep
|turn|14
|
|t:|1760324669
|-end|p2a: 储水硬接流星群|Protosynthesis|[silent]
|switch|p2a: 跟你爆了|Cinderace, F|100/100
|move|p1a: Meruem|Protect||[still]
|-fail|p1a: Meruem
|
|-weather|SunnyDay|[upkeep]
|upkeep
|turn|15
|
|t:|1760324674
|move|p1a: Meruem|Protect|p1a: Meruem
|-singleturn|p1a: Meruem|Protect
|move|p2a: 跟你爆了|Pyro Ball|p1a: Meruem
|-activate|p1a: Meruem|move: Protect
|
|-weather|SunnyDay|[upkeep]
|upkeep
|turn|16
|
|t:|1760324677
|switch|p1a: Shisu|Dondozo, M, shiny|100/100
|move|p2a: 跟你爆了|Pyro Ball|p1a: Shisu
|-resisted|p1a: Shisu
|-damage|p1a: Shisu|62/100
|
|-weather|SunnyDay|[upkeep]
|upkeep
|turn|17
|
|t:|1760324685
|switch|p2a: 地鸣雷震寒彻骨|Sandy Shocks, shiny|100/100
|-activate|p2a: 地鸣雷震寒彻骨|ability: Protosynthesis
|-start|p2a: 地鸣雷震寒彻骨|protosynthesisspa
|move|p1a: Shisu|Rest|p1a: Shisu
|-status|p1a: Shisu|slp|[from] move: Rest
|-heal|p1a: Shisu|100/100 slp|[silent]
|
|-weather|none
|-end|p2a: 地鸣雷震寒彻骨|Protosynthesis
|upkeep
|turn|18
|
|t:|1760324692
|move|p2a: 地鸣雷震寒彻骨|Thunderbolt|p1a: Shisu
|-supereffective|p1a: Shisu
|-damage|p1a: Shisu|48/100 slp
|cant|p1a: Shisu|slp
|move|p1a: Shisu|Sleep Talk|p1a: Shisu
|move|p1a: Shisu|Curse|p1a: Shisu|[from] move: Sleep Talk
|-unboost|p1a: Shisu|spe|1
|-boost|p1a: Shisu|atk|1
|-boost|p1a: Shisu|def|1
|
|upkeep
|turn|19
|
|t:|1760324699
|switch|p1a: Scar|Gliscor, M, shiny|100/100 tox
|move|p2a: 地鸣雷震寒彻骨|Thunderbolt|p1a: Scar
|-immune|p1a: Scar
|
|upkeep
|turn|20
|
|t:|1760324706
|-end|p2a: 地鸣雷震寒彻骨|Protosynthesis|[silent]
|switch|p2a: 储水硬接流星群|Walking Wake|100/100
|switch|p1a: Shisu|Dondozo, M, shiny|48/100 slp
|
|upkeep
|turn|21
|
|t:|1760324711
|switch|p1a: Meruem|Wigglytuff, F|100/100
|move|p2a: 储水硬接流星群|Draco Meteor|p1a: Meruem
|-immune|p1a: Meruem
|
|upkeep
|turn|22
|
|t:|1760324718
|-end|p2a: 储水硬接流星群|Protosynthesis|[silent]
|switch|p2a: Groudon.|Torkoal, M|100/100
|-weather|SunnyDay|[from] ability: Drought|[of] p2a: Groudon.
|move|p1a: Meruem|Wish|p1a: Meruem
|
|-weather|SunnyDay|[upkeep]
|upkeep
|turn|23
|
|t:|1760324727
|switch|p1a: Shisu|Dondozo, M, shiny|48/100 slp
|switch|p2a: 跟你爆了|Cinderace, F|100/100
|
|-weather|SunnyDay|[upkeep]
|-heal|p1a: Shisu|90/100 slp|[from] move: Wish|[wisher] Meruem
|upkeep
|turn|24
|inactive|N0tC1evey has 120 seconds left.
|
|t:|1760324771
|move|p2a: 跟你爆了|U-turn|p1a: Shisu
|-start|p2a: 跟你爆了|typechange|Bug|[from] ability: Libero
|-damage|p1a: Shisu|60/100 slp
|
|t:|1760324779
|switch|p2a: 储水硬接流星群|Walking Wake|100/100|[from] U-turn
|-activate|p2a: 储水硬接流星群|ability: Protosynthesis
|-start|p2a: 储水硬接流星群|protosynthesisspe
|cant|p1a: Shisu|slp
|move|p1a: Shisu|Sleep Talk|p1a: Shisu
|move|p1a: Shisu|Liquidation|p2a: 储水硬接流星群|[from] move: Sleep Talk
|-resisted|p2a: 储水硬接流星群
|-damage|p2a: 储水硬接流星群|97/100
|
|-weather|SunnyDay|[upkeep]
|upkeep
|turn|25
|
|t:|1760324798
|move|p2a: 储水硬接流星群|Flip Turn|p1a: Shisu
|-resisted|p1a: Shisu
|-damage|p1a: Shisu|58/100 slp
|
|t:|1760324803
|-end|p2a: 储水硬接流星群|Protosynthesis|[silent]
|switch|p2a: 地鸣雷震寒彻骨|Sandy Shocks, shiny|100/100|[from] Flip Turn
|-activate|p2a: 地鸣雷震寒彻骨|ability: Protosynthesis
|-start|p2a: 地鸣雷震寒彻骨|protosynthesisspa
|-curestatus|p1a: Shisu|slp|[msg]
|move|p1a: Shisu|Rest|p1a: Shisu
|-status|p1a: Shisu|slp|[from] move: Rest
|-heal|p1a: Shisu|100/100 slp|[silent]
|
|-weather|SunnyDay|[upkeep]
|upkeep
|turn|26
|inactive|N0tC1evey has 120 seconds left.
|
|t:|1760324817
|switch|p1a: Scar|Gliscor, M, shiny|100/100 tox
|move|p2a: 地鸣雷震寒彻骨|Thunderbolt|p1a: Scar
|-immune|p1a: Scar
|
|-weather|SunnyDay|[upkeep]
|upkeep
|turn|27
|
|t:|1760324824
|-terastallize|p2a: 地鸣雷震寒彻骨|Ice
|move|p2a: 地鸣雷震寒彻骨|Tera Blast|p1a: Scar|[anim] Tera Blast Ice
|-supereffective|p1a: Scar
|-damage|p1a: Scar|0 fnt
|faint|p1a: Scar
|
|-weather|SunnyDay|[upkeep]
|upkeep
|
|t:|1760324828
|switch|p1a: Mago|Meowscarada, M|100/100
|turn|28
|
|t:|1760324834
|-end|p2a: 地鸣雷震寒彻骨|Protosynthesis|[silent]
|switch|p2a: 坚盾铁骑|Corviknight, F, shiny|79/100
|move|p1a: Mago|Thunder Punch|p2a: 坚盾铁骑
|-start|p1a: Mago|typechange|Electric|[from] ability: Protean
|-supereffective|p2a: 坚盾铁骑
|-damage|p2a: 坚盾铁骑|0 fnt
|faint|p2a: 坚盾铁骑
|
|-weather|SunnyDay|[upkeep]
|upkeep
|
|t:|1760324844
|switch|p2a: 储水硬接流星群|Walking Wake|97/100
|-activate|p2a: 储水硬接流星群|ability: Protosynthesis
|-start|p2a: 储水硬接流星群|protosynthesisspe
|turn|29
|
|t:|1760324851
|switch|p1a: Shisu|Dondozo, M, shiny|100/100 slp
|move|p2a: 储水硬接流星群|Hydro Steam|p1a: Shisu
|-resisted|p1a: Shisu
|-damage|p1a: Shisu|70/100 slp
|
|-weather|none
|-end|p2a: 储水硬接流星群|Protosynthesis
|upkeep
|turn|30
|
|t:|1760324865
|-end|p2a: 储水硬接流星群|Protosynthesis|[silent]
|switch|p2a: 地鸣雷震寒彻骨|Sandy Shocks, shiny, tera:Ice|100/100
|cant|p1a: Shisu|slp
|move|p1a: Shisu|Sleep Talk|p1a: Shisu
|move|p1a: Shisu|Rest||[from] move: Sleep Talk|[still]
|-fail|p1a: Shisu
|
|upkeep
|turn|31
|
|t:|1760324876
|switch|p1a: Meruem|Wigglytuff, F|100/100
|move|p2a: 地鸣雷震寒彻骨|Volt Switch|p1a: Meruem
|-damage|p1a: Meruem|66/100
|
|t:|1760324879
|-end|p2a: 地鸣雷震寒彻骨|Protosynthesis|[silent]
|switch|p2a: 跟你爆了|Cinderace, F|100/100|[from] Volt Switch
|
|-heal|p1a: Meruem|72/100|[from] item: Leftovers
|upkeep
|turn|32
|
|t:|1760324884
|move|p1a: Meruem|Protect|p1a: Meruem
|-singleturn|p1a: Meruem|Protect
|move|p2a: 跟你爆了|Pyro Ball|p1a: Meruem
|-activate|p1a: Meruem|move: Protect
|
|-heal|p1a: Meruem|78/100|[from] item: Leftovers
|upkeep
|turn|33
|
|t:|1760324889
|switch|p1a: Shisu|Dondozo, M, shiny|70/100 slp
|move|p2a: 跟你爆了|Pyro Ball|p1a: Shisu
|-resisted|p1a: Shisu
|-damage|p1a: Shisu|42/100 slp
|
|upkeep
|turn|34
|
|t:|1760324894
|switch|p2a: 地鸣雷震寒彻骨|Sandy Shocks, shiny, tera:Ice|100/100
|cant|p1a: Shisu|slp
|move|p1a: Shisu|Sleep Talk|p1a: Shisu
|move|p1a: Shisu|Liquidation|p2a: 地鸣雷震寒彻骨|[from] move: Sleep Talk
|-damage|p2a: 地鸣雷震寒彻骨|68/100
|
|upkeep
|turn|35
|
|t:|1760324906
|switch|p1a: Mago|Meowscarada, M|100/100
|move|p2a: 地鸣雷震寒彻骨|Thunderbolt|p1a: Mago
|-resisted|p1a: Mago
|-damage|p1a: Mago|65/100
|
|upkeep
|turn|36
|
|t:|1760324918
|-end|p2a: 地鸣雷震寒彻骨|Protosynthesis|[silent]
|switch|p2a: PinklePinkle|Alomomola, F|100/100 tox
|move|p1a: Mago|Knock Off|p2a: PinklePinkle
|-start|p1a: Mago|typechange|Dark|[from] ability: Protean
|-damage|p2a: PinklePinkle|62/100 tox
|-enditem|p2a: PinklePinkle|Assault Vest|[from] move: Knock Off|[of] p1a: Mago
|
|-damage|p2a: PinklePinkle|56/100 tox|[from] psn
|upkeep
|turn|37
|
|t:|1760324927
|switch|p1a: Meruem|Wigglytuff, F|78/100
|move|p2a: PinklePinkle|Flip Turn|p1a: Meruem
|-damage|p1a: Meruem|64/100
|
|t:|1760324931
|switch|p2a: Groudon.|Torkoal, M|100/100|[from] Flip Turn
|-weather|SunnyDay|[from] ability: Drought|[of] p2a: Groudon.
|
|-weather|SunnyDay|[upkeep]
|-heal|p1a: Meruem|70/100|[from] item: Leftovers
|upkeep
|turn|38
|
|t:|1760324934
|move|p1a: Meruem|Wish|p1a: Meruem
|move|p2a: Groudon.|Weather Ball|p1a: Meruem
|-crit|p1a: Meruem
|-damage|p1a: Meruem|0 fnt
|faint|p1a: Meruem
|
|-weather|SunnyDay|[upkeep]
|upkeep
|
|t:|1760324940
|switch|p1a: Shisu|Dondozo, M, shiny|42/100 slp
|turn|39
|
|t:|1760324952
|-curestatus|p1a: Shisu|slp|[msg]
|move|p1a: Shisu|Curse|p1a: Shisu
|-unboost|p1a: Shisu|spe|1
|-boost|p1a: Shisu|atk|1
|-boost|p1a: Shisu|def|1
|move|p2a: Groudon.|Body Press|p1a: Shisu
|-damage|p1a: Shisu|32/100
|
|-weather|SunnyDay|[upkeep]
|-heal|p1a: Shisu|74/100|[from] move: Wish|[wisher] Meruem
|upkeep
|turn|40
|
|t:|1760324965
|switch|p2a: 储水硬接流星群|Walking Wake|97/100
|-activate|p2a: 储水硬接流星群|ability: Protosynthesis
|-start|p2a: 储水硬接流星群|protosynthesisspe
|move|p1a: Shisu|Curse|p1a: Shisu
|-unboost|p1a: Shisu|spe|1
|-boost|p1a: Shisu|atk|1
|-boost|p1a: Shisu|def|1
|
|-weather|SunnyDay|[upkeep]
|upkeep
|turn|41
|
|t:|1760324972
|switch|p1a: Peko|Corviknight, M|85/100
|move|p2a: 储水硬接流星群|Draco Meteor|p1a: Peko
|-resisted|p1a: Peko
|-damage|p1a: Peko|47/100
|-unboost|p2a: 储水硬接流星群|spa|2
|
|-weather|SunnyDay|[upkeep]
|upkeep
|turn|42
|
|t:|1760324979
|-end|p2a: 储水硬接流星群|Protosynthesis|[silent]
|switch|p2a: 跟你爆了|Cinderace, F|100/100
|switch|p1a: Drage|Dragapult, M, tera:Dragon|83/100
|
|-weather|SunnyDay|[upkeep]
|upkeep
|turn|43
|
|t:|1760325000
|switch|p2a: PinklePinkle|Alomomola, F|89/100 tox
|move|p1a: Drage|Draco Meteor|p2a: PinklePinkle
|-damage|p2a: PinklePinkle|0 fnt
|-unboost|p1a: Drage|spa|2
|faint|p2a: PinklePinkle
|
|-weather|SunnyDay|[upkeep]
|upkeep
|inactive|N0tC1evey has 120 seconds left.
|
|t:|1760325018
|switch|p2a: 地鸣雷震寒彻骨|Sandy Shocks, shiny, tera:Ice|68/100
|-activate|p2a: 地鸣雷震寒彻骨|ability: Protosynthesis
|-start|p2a: 地鸣雷震寒彻骨|protosynthesisspa
|turn|44
|inactive|N0tC1evey has 120 seconds left.
|
|t:|1760325030
|move|p1a: Drage|Draco Meteor|p2a: 地鸣雷震寒彻骨
|-damage|p2a: 地鸣雷震寒彻骨|23/100
|-unboost|p1a: Drage|spa|2
|move|p2a: 地鸣雷震寒彻骨|Earth Power|p1a: Drage
|-damage|p1a: Drage|2/100
|
|-weather|none
|-end|p2a: 地鸣雷震寒彻骨|Protosynthesis
|upkeep
|turn|45
|inactive|N0tC1evey has 120 seconds left.
|
|t:|1760325054
|switch|p1a: Mago|Meowscarada, M|65/100
|-end|p2a: 地鸣雷震寒彻骨|Protosynthesis|[silent]
|switch|p2a: Groudon.|Torkoal, M|100/100
|-weather|SunnyDay|[from] ability: Drought|[of] p2a: Groudon.
|
|-weather|SunnyDay|[upkeep]
|upkeep
|turn|46
|
|t:|1760325062
|move|p1a: Mago|Knock Off|p2a: Groudon.
|-start|p1a: Mago|typechange|Dark|[from] ability: Protean
|-damage|p2a: Groudon.|54/100
|-enditem|p2a: Groudon.|Heat Rock|[from] move: Knock Off|[of] p1a: Mago
|move|p2a: Groudon.|Weather Ball|p1a: Mago
|-damage|p1a: Mago|0 fnt
|faint|p1a: Mago
|
|-weather|SunnyDay|[upkeep]
|upkeep
|
|t:|1760325075
|switch|p1a: Drage|Dragapult, M, tera:Dragon|2/100
|turn|47
|
|t:|1760325081
|move|p1a: Drage|Draco Meteor|p2a: Groudon.
|-damage|p2a: Groudon.|0 fnt
|-unboost|p1a: Drage|spa|2
|faint|p2a: Groudon.
|
|-weather|SunnyDay|[upkeep]
|upkeep
|
|t:|1760325083
|switch|p2a: 储水硬接流星群|Walking Wake|97/100
|-activate|p2a: 储水硬接流星群|ability: Protosynthesis
|-start|p2a: 储水硬接流星群|protosynthesisspe
|turn|48
|
|t:|1760325092
|switch|p1a: Peko|Corviknight, M|47/100
|move|p2a: 储水硬接流星群|Flamethrower|p1a: Peko
|-supereffective|p1a: Peko
|-damage|p1a: Peko|0 fnt
|faint|p1a: Peko
|
|-weather|SunnyDay|[upkeep]
|upkeep
|
|t:|1760325095
|switch|p1a: Shisu|Dondozo, M, shiny|74/100
|turn|49
|
|t:|1760325103
|-end|p2a: 储水硬接流星群|Protosynthesis|[silent]
|switch|p2a: 地鸣雷震寒彻骨|Sandy Shocks, shiny, tera:Ice|23/100
|-activate|p2a: 地鸣雷震寒彻骨|ability: Protosynthesis
|-start|p2a: 地鸣雷震寒彻骨|protosynthesisspa
|move|p1a: Shisu|Liquidation|p2a: 地鸣雷震寒彻骨
|-damage|p2a: 地鸣雷震寒彻骨|9/100
|
|-weather|SunnyDay|[upkeep]
|upkeep
|turn|50
|
|t:|1760325117
|move|p2a: 地鸣雷震寒彻骨|Thunderbolt|p1a: Shisu
|-supereffective|p1a: Shisu
|-damage|p1a: Shisu|0 fnt
|faint|p1a: Shisu
|
|-weather|SunnyDay|[upkeep]
|upkeep
|
|t:|1760325119
|switch|p1a: Drage|Dragapult, M, tera:Dragon|2/100
|turn|51
|
|t:|1760325122
|move|p1a: Drage|Draco Meteor|p2a: 地鸣雷震寒彻骨
|-damage|p2a: 地鸣雷震寒彻骨|0 fnt
|-unboost|p1a: Drage|spa|2
|faint|p2a: 地鸣雷震寒彻骨
|-end|p2a: 地鸣雷震寒彻骨|Protosynthesis|[silent]
|
|-weather|SunnyDay|[upkeep]
|upkeep
|
|t:|1760325124
|switch|p2a: 储水硬接流星群|Walking Wake|97/100
|-activate|p2a: 储水硬接流星群|ability: Protosynthesis
|-start|p2a: 储水硬接流星群|protosynthesisspe
|turn|52
|
|t:|1760325126
|move|p2a: 储水硬接流星群|Hydro Steam|p1a: Drage
|-resisted|p1a: Drage
|-damage|p1a: Drage|0 fnt
|faint|p1a: Drage
|
|win|N0tC1evey
|raw|TheIcingCreeper's rating: 1475 &rarr; <strong>1452</strong><br />(-23 for losing)
|raw|N0tC1evey's rating: 1422 &rarr; <strong>1445</strong><br />(+23 for winning)
|l|☆TheIcingCreeper
|player|p1|
|c|☆N0tC1evey|gg
|l|☆N0tC1evey
|player|p2|
