|j|☆jb8976
|j|☆Gu_noir
|t:|1760331767
|gametype|singles
|player|p1|jb8976|ethan|1376
|player|p2|Gu_noir|acetrainerf-gen4|1414
|gen|9
|tier|[Gen 9] OU
|rated|
|rule|HP Percentage Mod: HP is shown in percentages
|rule|Endless Battle Clause: Forcing endless battles is banned
|rule|Species Clause: Limit one of each Pokémon
|rule|OHKO Clause: OHKO moves are banned
|rule|Evasion Items Clause: Evasion items are banned
|rule|Evasion Moves Clause: Evasion moves are banned
|rule|Evasion Abilities Clause: Evasion abilities are banned
|rule|Sleep Moves Clause: Sleep-inducing moves are banned
|clearpoke
|poke|p1|Gliscor, F|
|poke|p1|Corviknight, F|
|poke|p1|Gholdengo|
|poke|p1|Ting-Lu|
|poke|p1|Hatterene, F|
|poke|p1|Blissey, F|
|poke|p2|Rampardos, M|
|poke|p2|Ninetales-Alola, F|
|poke|p2|Rillaboom, M|
|poke|p2|Ogerpon-Wellspring, F|
|poke|p2|Hatterene, F|
|poke|p2|Iron Moth|
|teampreview
|
|t:|1760331794
|teamsize|p1|6
|teamsize|p2|6
|start
|switch|p1a: Gliscor|Gliscor, F|100/100
|switch|p2a: Rillaboom|Rillaboom, M|100/100
|-fieldstart|move: Grassy Terrain|[from] ability: Grassy Surge|[of] p2a: Rillaboom
|turn|1
|
|t:|1760331802
|switch|p2a: Hatterene|Hatterene, F|100/100
|-enditem|p2a: Hatterene|Grassy Seed
|-boost|p2a: Hatterene|def|1|[from] item: Grassy Seed
|move|p1a: Gliscor|Protect||[still]
|-fail|p1a: Gliscor
|
|-status|p1a: Gliscor|tox|[from] item: Toxic Orb
|upkeep
|turn|2
|
|t:|1760331814
|switch|p1a: Gholdengo|Gholdengo|100/100
|move|p2a: Hatterene|Agility|p2a: Hatterene
|-boost|p2a: Hatterene|spe|2
|
|upkeep
|turn|3
|inactive|Battle timer is ON: inactive players will automatically lose when time's up. (requested by jb8976)
|
|t:|1760331870
|switch|p2a: Iron Moth|Iron Moth|100/100
|-enditem|p2a: Iron Moth|Booster Energy
|-activate|p2a: Iron Moth|ability: Quark Drive|[fromitem]
|-start|p2a: Iron Moth|quarkdrivespe
|move|p1a: Gholdengo|Trick|p2a: Iron Moth
|-activate|p1a: Gholdengo|move: Trick|[of] p2a: Iron Moth
|-item|p2a: Iron Moth|Choice Scarf|[from] move: Trick
|-enditem|p1a: Gholdengo|Choice Scarf|[silent]|[from] move: Trick
|
|upkeep
|turn|4
|
|t:|1760331892
|switch|p1a: Blissey|Blissey, F|100/100
|move|p2a: Iron Moth|Fiery Dance|p1a: Blissey
|-damage|p1a: Blissey|86/100
|-boost|p2a: Iron Moth|spa|1
|
|-heal|p1a: Blissey|93/100|[from] Grassy Terrain
|-heal|p1a: Blissey|99/100|[from] item: Leftovers
|upkeep
|turn|5
|
|t:|1760331902
|-end|p2a: Iron Moth|Quark Drive|[silent]
|switch|p2a: Hatterene|Hatterene, F|100/100
|move|p1a: Blissey|Thunder Wave|p2a: Hatterene
|move|p2a: Hatterene|Thunder Wave|p1a: Blissey|[from] ability: Magic Bounce
|-status|p1a: Blissey|par
|
|-heal|p1a: Blissey|100/100 par|[from] Grassy Terrain
|upkeep
|turn|6
|inactive|jb8976 has 120 seconds left.
|
|t:|1760331928
|-curestatus|p1a: Blissey|par|[from] ability: Natural Cure
|switch|p1a: Gholdengo|Gholdengo|100/100
|move|p2a: Hatterene|Calm Mind|p2a: Hatterene
|-boost|p2a: Hatterene|spa|1
|-boost|p2a: Hatterene|spd|1
|
|upkeep
|turn|7
|
|t:|1760331933
|-terastallize|p1a: Gholdengo|Steel
|move|p1a: Gholdengo|Make It Rain|p2a: Hatterene
|-supereffective|p2a: Hatterene
|-damage|p2a: Hatterene|0 fnt
|-unboost|p1a: Gholdengo|spa|1
|faint|p2a: Hatterene
|
|upkeep
|inactive|Gu_noir has 120 seconds left.
|
|t:|1760331977
|switch|p2a: Iron Moth|Iron Moth|100/100
|turn|8
|inactive|Gu_noir has 120 seconds left.
|inactive|jb8976 has 120 seconds left.
|
|t:|1760332014
|switch|p1a: Blissey|Blissey, F|100/100
|move|p2a: Iron Moth|Fiery Dance|p1a: Blissey
|-damage|p1a: Blissey|85/100
|-boost|p2a: Iron Moth|spa|1
|
|-heal|p1a: Blissey|91/100|[from] Grassy Terrain
|-heal|p1a: Blissey|97/100|[from] item: Leftovers
|-fieldend|move: Grassy Terrain
|upkeep
|turn|9
|
|t:|1760332025
|-end|p2a: Iron Moth|Quark Drive|[silent]
|switch|p2a: Ninetales|Ninetales-Alola, F|100/100
|-weather|Snowscape|[from] ability: Snow Warning|[of] p2a: Ninetales
|move|p1a: Blissey|Thunder Wave|p2a: Ninetales
|-status|p2a: Ninetales|par
|
|-weather|Snowscape|[upkeep]
|-heal|p1a: Blissey|100/100|[from] item: Leftovers
|upkeep
|turn|10
|
|t:|1760332028
|move|p2a: Ninetales|Aurora Veil|p2a: Ninetales
|-sidestart|p2: Gu_noir|move: Aurora Veil
|move|p1a: Blissey|Seismic Toss|p2a: Ninetales
|-damage|p2a: Ninetales|72/100 par
|
|-weather|Snowscape|[upkeep]
|upkeep
|turn|11
|
|t:|1760332043
|move|p2a: Ninetales|Encore|p1a: Blissey
|-start|p1a: Blissey|Encore
|move|p1a: Blissey|Seismic Toss|p2a: Ninetales
|-damage|p2a: Ninetales|43/100 par
|
|-weather|Snowscape|[upkeep]
|upkeep
|turn|12
|
|t:|1760332073
|switch|p2a: Rillaboom|Rillaboom, M|100/100
|-fieldstart|move: Grassy Terrain|[from] ability: Grassy Surge|[of] p2a: Rillaboom
|move|p1a: Blissey|Seismic Toss|p2a: Rillaboom
|-damage|p2a: Rillaboom|71/100
|
|-weather|Snowscape|[upkeep]
|-heal|p2a: Rillaboom|77/100|[from] Grassy Terrain
|upkeep
|turn|13
|
|t:|1760332075
|switch|p1a: Gliscor|Gliscor, F|100/100 tox
|move|p2a: Rillaboom|Swords Dance|p2a: Rillaboom
|-boost|p2a: Rillaboom|atk|2
|
|-weather|none
|-heal|p2a: Rillaboom|83/100|[from] Grassy Terrain
|upkeep
|turn|14
|
|t:|1760332079
|move|p2a: Rillaboom|Wood Hammer|p1a: Gliscor
|-damage|p1a: Gliscor|1/100 tox
|-damage|p2a: Rillaboom|49/100|[from] Recoil
|move|p1a: Gliscor|Toxic|p2a: Rillaboom
|-status|p2a: Rillaboom|tox
|
|-heal|p2a: Rillaboom|56/100 tox|[from] Grassy Terrain
|-damage|p2a: Rillaboom|49/100 tox|[from] psn
|-heal|p1a: Gliscor|13/100 tox|[from] ability: Poison Heal
|upkeep
|turn|15
|
|t:|1760332082
|move|p1a: Gliscor|Protect|p1a: Gliscor
|-singleturn|p1a: Gliscor|Protect
|move|p2a: Rillaboom|Knock Off|p1a: Gliscor
|-activate|p1a: Gliscor|move: Protect
|
|-heal|p2a: Rillaboom|56/100 tox|[from] Grassy Terrain
|-damage|p2a: Rillaboom|43/100 tox|[from] psn
|-heal|p1a: Gliscor|26/100 tox|[from] ability: Poison Heal
|upkeep
|turn|16
|
|t:|1760332090
|switch|p1a: Gholdengo|Gholdengo, tera:Steel|100/100
|move|p2a: Rillaboom|Knock Off|p1a: Gholdengo
|-damage|p1a: Gholdengo|49/100
|
|-heal|p1a: Gholdengo|55/100|[from] Grassy Terrain
|-heal|p2a: Rillaboom|49/100 tox|[from] Grassy Terrain
|-damage|p2a: Rillaboom|31/100 tox|[from] psn
|upkeep
|turn|17
|
|t:|1760332107
|move|p1a: Gholdengo|Shadow Ball|p2a: Rillaboom
|-damage|p2a: Rillaboom|3/100 tox
|move|p2a: Rillaboom|Wood Hammer|p1a: Gholdengo
|-resisted|p1a: Gholdengo
|-damage|p1a: Gholdengo|0 fnt
|faint|p1a: Gholdengo
|-damage|p2a: Rillaboom|0 fnt|[from] Recoil
|faint|p2a: Rillaboom
|
|-sideend|p2: Gu_noir|move: Aurora Veil
|upkeep
|
|t:|1760332122
|switch|p1a: Corviknight|Corviknight, F|100/100
|switch|p2a: Rampardos|Rampardos, M|100/100
|-ability|p2a: Rampardos|Mold Breaker
|-ability|p1a: Corviknight|Pressure
|turn|18
|inactive|Gu_noir has 120 seconds left.
|
|t:|1760332147
|switch|p1a: Ting-Lu|Ting-Lu|100/100
|-ability|p1a: Ting-Lu|Vessel of Ruin
|move|p2a: Rampardos|Head Smash|p1a: Ting-Lu
|-resisted|p1a: Ting-Lu
|-damage|p1a: Ting-Lu|82/100
|-damage|p2a: Rampardos|86/100|[from] Recoil
|
|-heal|p2a: Rampardos|92/100|[from] Grassy Terrain
|-heal|p1a: Ting-Lu|89/100|[from] Grassy Terrain
|-heal|p1a: Ting-Lu|95/100|[from] item: Leftovers
|upkeep
|turn|19
|
|t:|1760332150
|-terastallize|p2a: Rampardos|Grass
|move|p2a: Rampardos|Swords Dance|p2a: Rampardos
|-boost|p2a: Rampardos|atk|2
|move|p1a: Ting-Lu|Stealth Rock|p2a: Rampardos
|-sidestart|p2: Gu_noir|move: Stealth Rock
|
|-heal|p2a: Rampardos|98/100|[from] Grassy Terrain
|-heal|p1a: Ting-Lu|100/100|[from] Grassy Terrain
|-fieldend|move: Grassy Terrain
|upkeep
|turn|20
|
|t:|1760332161
|switch|p1a: Hatterene|Hatterene, F|100/100
|move|p2a: Rampardos|Trailblaze|p1a: Hatterene
|-damage|p1a: Hatterene|32/100
|-boost|p2a: Rampardos|spe|1
|
|-heal|p1a: Hatterene|38/100|[from] item: Leftovers
|upkeep
|turn|21
|
|t:|1760332166
|move|p2a: Rampardos|Trailblaze|p1a: Hatterene
|-damage|p1a: Hatterene|0 fnt
|-boost|p2a: Rampardos|spe|1
|faint|p1a: Hatterene
|
|upkeep
|
|t:|1760332168
|switch|p1a: Corviknight|Corviknight, F|100/100
|-ability|p1a: Corviknight|Pressure
|turn|22
|
|t:|1760332171
|move|p2a: Rampardos|Fire Punch|p1a: Corviknight
|-supereffective|p1a: Corviknight
|-damage|p1a: Corviknight|11/100
|move|p1a: Corviknight|Brave Bird|p2a: Rampardos
|-supereffective|p2a: Rampardos
|-damage|p2a: Rampardos|0 fnt
|faint|p2a: Rampardos
|-damage|p1a: Corviknight|0 fnt|[from] Recoil
|faint|p1a: Corviknight
|
|upkeep
|
|t:|1760332189
|switch|p2a: Ninetales|Ninetales-Alola, F|43/100 par
|switch|p1a: Blissey|Blissey, F|100/100
|-damage|p2a: Ninetales|18/100 par|[from] Stealth Rock
|-weather|Snowscape|[from] ability: Snow Warning|[of] p2a: Ninetales
|turn|23
|
|t:|1760332193
|cant|p2a: Ninetales|par
|move|p1a: Blissey|Seismic Toss|p2a: Ninetales
|-damage|p2a: Ninetales|0 fnt
|faint|p2a: Ninetales
|
|-weather|Snowscape|[upkeep]
|upkeep
|inactive|Gu_noir has 120 seconds left.
|
|t:|1760332225
|switch|p2a: Ogerpon|Ogerpon-Wellspring, F|100/100
|-damage|p2a: Ogerpon|88/100|[from] Stealth Rock
|turn|24
|
|t:|1760332230
|move|p2a: Ogerpon|Swords Dance|p2a: Ogerpon
|-boost|p2a: Ogerpon|atk|2
|move|p1a: Blissey|Thunder Wave|p2a: Ogerpon
|-status|p2a: Ogerpon|par
|
|-weather|Snowscape|[upkeep]
|upkeep
|turn|25
|
|t:|1760332235
|move|p2a: Ogerpon|Ivy Cudgel|p1a: Blissey|[anim] Ivy Cudgel Water
|-damage|p1a: Blissey|0 fnt
|faint|p1a: Blissey
|
|-weather|Snowscape|[upkeep]
|upkeep
|
|t:|1760332236
|switch|p1a: Gliscor|Gliscor, F|26/100 tox
|turn|26
|
|t:|1760332244
|move|p1a: Gliscor|Substitute|p1a: Gliscor
|-start|p1a: Gliscor|Substitute
|-damage|p1a: Gliscor|1/100 tox
|move|p2a: Ogerpon|Ivy Cudgel|p1a: Gliscor|[anim] Ivy Cudgel Water
|-supereffective|p1a: Gliscor
|-end|p1a: Gliscor|Substitute
|
|-weather|Snowscape|[upkeep]
|-heal|p1a: Gliscor|13/100 tox|[from] ability: Poison Heal
|upkeep
|turn|27
|
|t:|1760332246
|move|p1a: Gliscor|Protect|p1a: Gliscor
|-singleturn|p1a: Gliscor|Protect
|move|p2a: Ogerpon|Ivy Cudgel|p1a: Gliscor|[anim] Ivy Cudgel Water
|-activate|p1a: Gliscor|move: Protect
|
|-weather|none
|-heal|p1a: Gliscor|26/100 tox|[from] ability: Poison Heal
|upkeep
|turn|28
|
|t:|1760332249
|move|p1a: Gliscor|Substitute|p1a: Gliscor
|-start|p1a: Gliscor|Substitute
|-damage|p1a: Gliscor|1/100 tox
|move|p2a: Ogerpon|Ivy Cudgel|p1a: Gliscor|[anim] Ivy Cudgel Water
|-supereffective|p1a: Gliscor
|-end|p1a: Gliscor|Substitute
|
|-heal|p1a: Gliscor|13/100 tox|[from] ability: Poison Heal
|upkeep
|turn|29
|
|t:|1760332251
|move|p1a: Gliscor|Protect|p1a: Gliscor
|-singleturn|p1a: Gliscor|Protect
|move|p2a: Ogerpon|Ivy Cudgel|p1a: Gliscor|[anim] Ivy Cudgel Water
|-activate|p1a: Gliscor|move: Protect
|
|-heal|p1a: Gliscor|26/100 tox|[from] ability: Poison Heal
|upkeep
|turn|30
|
|t:|1760332252
|move|p1a: Gliscor|Substitute|p1a: Gliscor
|-start|p1a: Gliscor|Substitute
|-damage|p1a: Gliscor|1/100 tox
|move|p2a: Ogerpon|Ivy Cudgel|p1a: Gliscor|[anim] Ivy Cudgel Water
|-supereffective|p1a: Gliscor
|-end|p1a: Gliscor|Substitute
|
|-heal|p1a: Gliscor|13/100 tox|[from] ability: Poison Heal
|upkeep
|turn|31
|
|t:|1760332257
|switch|p2a: Iron Moth|Iron Moth|100/100
|-damage|p2a: Iron Moth|76/100|[from] Stealth Rock
|move|p1a: Gliscor|Protect||[still]
|-fail|p1a: Gliscor
|
|-heal|p1a: Gliscor|26/100 tox|[from] ability: Poison Heal
|upkeep
|turn|32
|
|t:|1760332263
|move|p1a: Gliscor|Protect|p1a: Gliscor
|-singleturn|p1a: Gliscor|Protect
|move|p2a: Iron Moth|Fiery Dance|p1a: Gliscor
|-activate|p1a: Gliscor|move: Protect
|
|-heal|p1a: Gliscor|38/100 tox|[from] ability: Poison Heal
|upkeep
|turn|33
|
|t:|1760332265
|switch|p1a: Ting-Lu|Ting-Lu|100/100
|-ability|p1a: Ting-Lu|Vessel of Ruin
|move|p2a: Iron Moth|Fiery Dance|p1a: Ting-Lu
|-damage|p1a: Ting-Lu|75/100
|
|-heal|p1a: Ting-Lu|81/100|[from] item: Leftovers
|upkeep
|turn|34
|
|t:|1760332269
|-end|p2a: Iron Moth|Quark Drive|[silent]
|switch|p2a: Ogerpon|Ogerpon-Wellspring, F|88/100 par
|-damage|p2a: Ogerpon|76/100 par|[from] Stealth Rock
|move|p1a: Ting-Lu|Whirlwind|p2a: Ogerpon
|drag|p2a: Iron Moth|Iron Moth|76/100
|-damage|p2a: Iron Moth|51/100|[from] Stealth Rock
|
|-heal|p1a: Ting-Lu|88/100|[from] item: Leftovers
|upkeep
|turn|35
|
|t:|1760332274
|move|p2a: Iron Moth|Energy Ball|p1a: Ting-Lu
|-supereffective|p1a: Ting-Lu
|-damage|p1a: Ting-Lu|53/100
|move|p1a: Ting-Lu|Earthquake|p2a: Iron Moth
|-supereffective|p2a: Iron Moth
|-damage|p2a: Iron Moth|0 fnt
|faint|p2a: Iron Moth
|-end|p2a: Iron Moth|Quark Drive|[silent]
|
|-heal|p1a: Ting-Lu|60/100|[from] item: Leftovers
|upkeep
|-message|Gu_noir forfeited.
|
|win|jb8976
|raw|jb8976's rating: 1355 &rarr; <strong>1378</strong><br />(+23 for winning)
|raw|Gu_noir's rating: 1414 &rarr; <strong>1391</strong><br />(-23 for losing)
|l|☆Gu_noir
|player|p2|
|l|☆jb8976
|player|p1|
