|j|☆dynasty tech
|j|☆xianggujun
|t:|1760334992
|gametype|singles
|player|p1|dynasty tech|firebreather|1187
|player|p2|xianggujun|lass-gen4dp|1207
|gen|9
|tier|[Gen 9] OU
|rated|
|rule|HP Percentage Mod: HP is shown in percentages
|rule|Endless Battle Clause: Forcing endless battles is banned
|rule|Species Clause: Limit one of each Pokémon
|rule|OHKO Clause: OHKO moves are banned
|rule|Evasion Items Clause: Evasion items are banned
|rule|Evasion Moves Clause: Evasion moves are banned
|rule|Evasion Abilities Clause: Evasion abilities are banned
|rule|Sleep Moves Clause: Sleep-inducing moves are banned
|clearpoke
|poke|p1|Weavile, M|
|poke|p1|Great Tusk|
|poke|p1|Iron Moth|
|poke|p1|Primarina, M|
|poke|p1|Raging Bolt|
|poke|p1|Scizor, M|
|poke|p2|Pelipper, M|
|poke|p2|Barraskewda, M|
|poke|p2|Zapdos|
|poke|p2|Clodsire, M|
|poke|p2|Corviknight, F|
|poke|p2|Incineroar, M|
|teampreview
|inactive|Battle timer is ON: inactive players will automatically lose when time's up. (requested by xianggujun)
|
|t:|1760335000
|teamsize|p1|6
|teamsize|p2|6
|start
|switch|p1a: Raging Bolt|Raging Bolt|100/100
|switch|p2a: Clodsire|Clodsire, M|100/100
|turn|1
|
|t:|1760335011
|-terastallize|p1a: Raging Bolt|Dragon
|move|p1a: Raging Bolt|Draco Meteor|p2a: Clodsire
|-damage|p2a: Clodsire|6/100
|-unboost|p1a: Raging Bolt|spa|2
|move|p2a: Clodsire|Stealth Rock|p1a: Raging Bolt
|-sidestart|p1: dynasty tech|move: Stealth Rock
|
|-heal|p2a: Clodsire|12/100|[from] item: Leftovers
|upkeep
|turn|2
|
|t:|1760335032
|-end|p1a: Raging Bolt|Protosynthesis|[silent]
|switch|p1a: Great Tusk|Great Tusk, shiny|100/100
|switch|p2a: Incineroar|Incineroar, M|100/100
|-ability|p2a: Incineroar|Intimidate|boost
|-unboost|p1a: Great Tusk|atk|1
|
|upkeep
|turn|3
|
|t:|1760335041
|move|p1a: Great Tusk|Close Combat|p2a: Incineroar
|-supereffective|p2a: Incineroar
|-damage|p2a: Incineroar|54/100
|-unboost|p1a: Great Tusk|def|1
|-unboost|p1a: Great Tusk|spd|1
|move|p2a: Incineroar|Will-O-Wisp|p1a: Great Tusk
|-status|p1a: Great Tusk|brn
|
|-damage|p1a: Great Tusk|94/100 brn|[from] brn
|upkeep
|turn|4
|
|t:|1760335066
|move|p1a: Great Tusk|Rapid Spin|p2a: Incineroar
|-damage|p2a: Incineroar|51/100
|-boost|p1a: Great Tusk|spe|1
|-sideend|p1: dynasty tech|Stealth Rock|[from] move: Rapid Spin|[of] p1a: Great Tusk
|move|p2a: Incineroar|Drain Punch|p1a: Great Tusk
|-damage|p1a: Great Tusk|77/100 brn
|-heal|p2a: Incineroar|61/100|[from] drain|[of] p1a: Great Tusk
|
|-damage|p1a: Great Tusk|71/100 brn|[from] brn
|upkeep
|turn|5
|
|t:|1760335078
|move|p1a: Great Tusk|Stealth Rock|p2a: Incineroar
|-sidestart|p2: xianggujun|move: Stealth Rock
|move|p2a: Incineroar|Parting Shot|p1a: Great Tusk
|-unboost|p1a: Great Tusk|atk|1
|-unboost|p1a: Great Tusk|spa|1
|
|t:|1760335083
|switch|p2a: Corviknight|Corviknight, F|100/100|[from] Parting Shot
|-damage|p2a: Corviknight|88/100|[from] Stealth Rock
|-ability|p2a: Corviknight|Pressure
|
|-damage|p1a: Great Tusk|65/100 brn|[from] brn
|upkeep
|turn|6
|
|t:|1760335091
|-end|p1a: Great Tusk|Protosynthesis|[silent]
|switch|p1a: Raging Bolt|Raging Bolt, tera:Dragon|100/100
|move|p2a: Corviknight|Defog|p1a: Raging Bolt
|-unboost|p1a: Raging Bolt|evasion|1
|-sideend|p2: xianggujun|Stealth Rock|[from] move: Defog|[of] p2a: Corviknight
|
|upkeep
|turn|7
|
|t:|1760335098
|move|p1a: Raging Bolt|Draco Meteor|p2a: Corviknight|[miss]
|-miss|p1a: Raging Bolt|p2a: Corviknight
|move|p2a: Corviknight|U-turn|p1a: Raging Bolt
|-damage|p1a: Raging Bolt|86/100
|
|t:|1760335106
|switch|p2a: Clodsire|Clodsire, M|12/100|[from] U-turn
|
|-heal|p2a: Clodsire|19/100|[from] item: Leftovers
|upkeep
|turn|8
|
|t:|1760335129
|switch|p2a: Incineroar|Incineroar, M|61/100
|-ability|p2a: Incineroar|Intimidate|boost
|-unboost|p1a: Raging Bolt|atk|1
|move|p1a: Raging Bolt|Draco Meteor|p2a: Incineroar
|-damage|p2a: Incineroar|0 fnt
|-unboost|p1a: Raging Bolt|spa|2
|faint|p2a: Incineroar
|
|upkeep
|
|t:|1760335136
|switch|p2a: Pelipper|Pelipper, M|100/100
|-weather|RainDance|[from] ability: Drizzle|[of] p2a: Pelipper
|turn|9
|
|t:|1760335144
|-end|p1a: Raging Bolt|Protosynthesis|[silent]
|switch|p1a: Primarina|Primarina, M, shiny|100/100
|move|p2a: Pelipper|Hurricane|p1a: Primarina
|-damage|p1a: Primarina|74/100
|-start|p1a: Primarina|confusion
|
|-weather|RainDance|[upkeep]
|upkeep
|turn|10
|
|t:|1760335153
|move|p2a: Pelipper|U-turn|p1a: Primarina
|-resisted|p1a: Primarina
|-damage|p1a: Primarina|68/100
|
|t:|1760335157
|switch|p2a: Zapdos|Zapdos|100/100|[from] U-turn
|-activate|p1a: Primarina|confusion
|-damage|p1a: Primarina|59/100|[from] confusion
|
|-weather|RainDance|[upkeep]
|upkeep
|turn|11
|
|t:|1760335171
|switch|p1a: Raging Bolt|Raging Bolt, tera:Dragon|86/100
|move|p2a: Zapdos|Weather Ball|p1a: Raging Bolt
|-resisted|p1a: Raging Bolt
|-damage|p1a: Raging Bolt|62/100
|
|-weather|RainDance|[upkeep]
|upkeep
|turn|12
|
|t:|1760335200
|move|p2a: Zapdos|Hurricane|p1a: Raging Bolt
|-damage|p1a: Raging Bolt|5/100
|move|p1a: Raging Bolt|Draco Meteor|p2a: Zapdos
|-damage|p2a: Zapdos|0 fnt
|-unboost|p1a: Raging Bolt|spa|2
|faint|p2a: Zapdos
|
|-weather|RainDance|[upkeep]
|upkeep
|inactive|xianggujun has 120 seconds left.
|
|t:|1760335211
|switch|p2a: Barraskewda|Barraskewda, M|100/100
|turn|13
|
|t:|1760335215
|-end|p1a: Raging Bolt|Protosynthesis|[silent]
|switch|p1a: Primarina|Primarina, M, shiny|59/100
|-terastallize|p2a: Barraskewda|Water
|move|p2a: Barraskewda|Liquidation|p1a: Primarina
|-resisted|p1a: Primarina
|-damage|p1a: Primarina|0 fnt
|faint|p1a: Primarina
|
|-weather|RainDance|[upkeep]
|upkeep
|
|t:|1760335222
|switch|p1a: Raging Bolt|Raging Bolt, tera:Dragon|5/100
|turn|14
|
|t:|1760335225
|switch|p2a: Clodsire|Clodsire, M|19/100
|move|p1a: Raging Bolt|Thunderclap||[still]
|-fail|p1a: Raging Bolt
|
|-weather|RainDance|[upkeep]
|-heal|p2a: Clodsire|25/100|[from] item: Leftovers
|upkeep
|turn|15
|
|t:|1760335233
|-end|p1a: Raging Bolt|Protosynthesis|[silent]
|switch|p1a: Weavile|Weavile, M, shiny|100/100
|-ability|p1a: Weavile|Pressure
|move|p2a: Clodsire|Recover|p2a: Clodsire
|-heal|p2a: Clodsire|75/100
|
|-weather|RainDance|[upkeep]
|-heal|p2a: Clodsire|81/100|[from] item: Leftovers
|upkeep
|turn|16
|
|t:|1760335243
|move|p1a: Weavile|Triple Axel|p2a: Clodsire
|-supereffective|p2a: Clodsire
|-damage|p2a: Clodsire|47/100
|-supereffective|p2a: Clodsire
|-damage|p2a: Clodsire|0 fnt
|faint|p2a: Clodsire
|-hitcount|p2: Clodsire|2
|
|-weather|none
|upkeep
|
|t:|1760335249
|switch|p2a: Pelipper|Pelipper, M|100/100
|-weather|RainDance|[from] ability: Drizzle|[of] p2a: Pelipper
|turn|17
|
|t:|1760335262
|switch|p1a: Great Tusk|Great Tusk, shiny|65/100 brn
|switch|p2a: Corviknight|Corviknight, F|88/100
|-ability|p2a: Corviknight|Pressure
|
|-weather|RainDance|[upkeep]
|-damage|p1a: Great Tusk|59/100 brn|[from] brn
|upkeep
|turn|18
|
|t:|1760335289
|move|p1a: Great Tusk|Stealth Rock|p2a: Corviknight
|-sidestart|p2: xianggujun|move: Stealth Rock
|move|p2a: Corviknight|Body Press|p1a: Great Tusk
|-damage|p1a: Great Tusk|43/100 brn
|
|-weather|RainDance|[upkeep]
|-damage|p1a: Great Tusk|37/100 brn|[from] brn
|upkeep
|turn|19
|
|t:|1760335295
|-end|p1a: Great Tusk|Protosynthesis|[silent]
|switch|p1a: Iron Moth|Iron Moth, shiny|100/100
|-enditem|p1a: Iron Moth|Booster Energy
|-activate|p1a: Iron Moth|ability: Quark Drive|[fromitem]
|-start|p1a: Iron Moth|quarkdrivespe
|move|p2a: Corviknight|Defog|p1a: Iron Moth
|-unboost|p1a: Iron Moth|evasion|1
|-sideend|p2: xianggujun|Stealth Rock|[from] move: Defog|[of] p2a: Corviknight
|
|-weather|RainDance|[upkeep]
|upkeep
|turn|20
|
|t:|1760335302
|move|p1a: Iron Moth|Substitute|p1a: Iron Moth
|-start|p1a: Iron Moth|Substitute
|-damage|p1a: Iron Moth|76/100
|move|p2a: Corviknight|U-turn|p1a: Iron Moth
|-resisted|p1a: Iron Moth
|-activate|p1a: Iron Moth|move: Substitute|[damage]
|
|t:|1760335307
|switch|p2a: Barraskewda|Barraskewda, M, tera:Water|100/100|[from] U-turn
|
|-weather|RainDance|[upkeep]
|upkeep
|turn|21
|
|t:|1760335315
|move|p2a: Barraskewda|Liquidation|p1a: Iron Moth
|-supereffective|p1a: Iron Moth
|-end|p1a: Iron Moth|Substitute
|move|p1a: Iron Moth|Sludge Wave|p2a: Barraskewda
|-damage|p2a: Barraskewda|0 fnt
|faint|p2a: Barraskewda
|
|-weather|RainDance|[upkeep]
|upkeep
|
|t:|1760335319
|switch|p2a: Pelipper|Pelipper, M|100/100
|turn|22
|
|t:|1760335323
|move|p1a: Iron Moth|Sludge Wave|p2a: Pelipper
|-damage|p2a: Pelipper|19/100
|move|p2a: Pelipper|Hurricane|p1a: Iron Moth
|-damage|p1a: Iron Moth|25/100
|-start|p1a: Iron Moth|confusion
|
|-weather|RainDance|[upkeep]
|upkeep
|turn|23
|-message|xianggujun forfeited.
|
|win|dynasty tech
|raw|dynasty tech's rating: 1187 &rarr; <strong>1213</strong><br />(+26 for winning)
|raw|xianggujun's rating: 1207 &rarr; <strong>1181</strong><br />(-26 for losing)
|l|☆xianggujun
|player|p2|
|l|☆dynasty tech
|player|p1|
