|j|☆tijzen
|j|☆SprigatitoSwift
|t:|1760354769
|gametype|singles
|player|p1|tijzen|worker|1357
|player|p2|SprigatitoSwift|cheryl|1280
|gen|9
|tier|[Gen 9] OU
|rated|
|rule|HP Percentage Mod: HP is shown in percentages
|rule|Endless Battle Clause: Forcing endless battles is banned
|rule|Species Clause: Limit one of each Pokémon
|rule|OHKO Clause: OHKO moves are banned
|rule|Evasion Items Clause: Evasion items are banned
|rule|Evasion Moves Clause: Evasion moves are banned
|rule|Evasion Abilities Clause: Evasion abilities are banned
|rule|Sleep Moves Clause: Sleep-inducing moves are banned
|clearpoke
|poke|p1|Alomomola, M|
|poke|p1|Raging Bolt|
|poke|p1|Lokix, M|
|poke|p1|Great Tusk|
|poke|p1|Latios, M|
|poke|p1|Snorlax, M|
|poke|p2|Thundurus-Therian, M|
|poke|p2|Ting-Lu|
|poke|p2|Ogerpon-Wellspring, F|
|poke|p2|Iron Moth|
|poke|p2|Great Tusk|
|poke|p2|Kingambit, M|
|teampreview
|
|t:|1760354787
|teamsize|p1|6
|teamsize|p2|6
|start
|switch|p1a: Lokix|Lokix, M|100/100
|switch|p2a: Ogerpon|Ogerpon-Wellspring, F|100/100
|turn|1
|
|t:|1760354802
|switch|p2a: Great Tusk|Great Tusk|100/100
|move|p1a: Lokix|Knock Off|p2a: Great Tusk
|-resisted|p2a: Great Tusk
|-damage|p2a: Great Tusk|77/100
|-enditem|p2a: Great Tusk|Leftovers|[from] move: Knock Off|[of] p1a: Lokix
|-damage|p1a: Lokix|91/100|[from] item: Life Orb
|
|upkeep
|turn|2
|
|t:|1760354811
|move|p1a: Lokix|U-turn|p2a: Great Tusk
|-resisted|p2a: Great Tusk
|-damage|p2a: Great Tusk|57/100
|-damage|p1a: Lokix|81/100|[from] item: Life Orb
|
|t:|1760354814
|switch|p1a: Great Tusk|Great Tusk|100/100|[from] U-turn
|move|p2a: Great Tusk|Close Combat|p1a: Great Tusk
|-damage|p1a: Great Tusk|69/100
|-unboost|p2a: Great Tusk|def|1
|-unboost|p2a: Great Tusk|spd|1
|
|upkeep
|turn|3
|
|t:|1760354824
|-end|p2a: Great Tusk|Protosynthesis|[silent]
|switch|p2a: Ogerpon|Ogerpon-Wellspring, F|100/100
|move|p1a: Great Tusk|Stealth Rock|p2a: Ogerpon
|-sidestart|p2: SprigatitoSwift|move: Stealth Rock
|
|upkeep
|turn|4
|
|t:|1760354836
|-end|p1a: Great Tusk|Protosynthesis|[silent]
|switch|p1a: Raging Bolt|Raging Bolt|100/100
|move|p2a: Ogerpon|Swords Dance|p2a: Ogerpon
|-boost|p2a: Ogerpon|atk|2
|
|upkeep
|turn|5
|
|t:|1760354844
|-terastallize|p1a: Raging Bolt|Electric
|move|p1a: Raging Bolt|Thunderclap|p2a: Ogerpon
|-damage|p2a: Ogerpon|7/100
|move|p2a: Ogerpon|Play Rough|p1a: Raging Bolt
|-damage|p1a: Raging Bolt|45/100
|
|upkeep
|turn|6
|
|t:|1760354854
|-end|p1a: Raging Bolt|Protosynthesis|[silent]
|switch|p1a: Alomomola|Alomomola, M|100/100
|move|p2a: Ogerpon|Synthesis|p2a: Ogerpon
|-heal|p2a: Ogerpon|57/100
|
|upkeep
|turn|7
|
|t:|1760354869
|switch|p1a: Latios|Latios, M|100/100
|move|p2a: Ogerpon|Synthesis|p2a: Ogerpon
|-heal|p2a: Ogerpon|100/100
|
|upkeep
|turn|8
|
|t:|1760354874
|move|p1a: Latios|Draco Meteor|p2a: Ogerpon
|-damage|p2a: Ogerpon|25/100
|-unboost|p1a: Latios|spa|2
|move|p2a: Ogerpon|Play Rough|p1a: Latios
|-supereffective|p1a: Latios
|-damage|p1a: Latios|0 fnt
|faint|p1a: Latios
|
|upkeep
|
|t:|1760354877
|switch|p1a: Lokix|Lokix, M|81/100
|turn|9
|
|t:|1760354885
|switch|p2a: Great Tusk|Great Tusk|57/100
|-damage|p2a: Great Tusk|54/100|[from] Stealth Rock
|move|p1a: Lokix|First Impression|p2a: Great Tusk
|-resisted|p2a: Great Tusk
|-damage|p2a: Great Tusk|29/100
|-damage|p1a: Lokix|71/100|[from] item: Life Orb
|
|upkeep
|turn|10
|
|t:|1760354892
|move|p1a: Lokix|U-turn|p2a: Great Tusk
|-resisted|p2a: Great Tusk
|-damage|p2a: Great Tusk|11/100
|-damage|p1a: Lokix|61/100|[from] item: Life Orb
|
|t:|1760354895
|switch|p1a: Great Tusk|Great Tusk|69/100|[from] U-turn
|move|p2a: Great Tusk|Rapid Spin|p1a: Great Tusk
|-damage|p1a: Great Tusk|59/100
|-boost|p2a: Great Tusk|spe|1
|-sideend|p2: SprigatitoSwift|Stealth Rock|[from] move: Rapid Spin|[of] p2a: Great Tusk
|
|upkeep
|turn|11
|
|t:|1760354906
|move|p2a: Great Tusk|Knock Off|p1a: Great Tusk
|-resisted|p1a: Great Tusk
|-damage|p1a: Great Tusk|50/100
|-enditem|p1a: Great Tusk|Heavy-Duty Boots|[from] move: Knock Off|[of] p2a: Great Tusk
|move|p1a: Great Tusk|Close Combat|p2a: Great Tusk
|-damage|p2a: Great Tusk|0 fnt
|-unboost|p1a: Great Tusk|def|1
|-unboost|p1a: Great Tusk|spd|1
|faint|p2a: Great Tusk
|-end|p2a: Great Tusk|Protosynthesis|[silent]
|
|upkeep
|
|t:|1760354919
|switch|p2a: Iron Moth|Iron Moth|100/100
|-enditem|p2a: Iron Moth|Booster Energy
|-activate|p2a: Iron Moth|ability: Quark Drive|[fromitem]
|-start|p2a: Iron Moth|quarkdrivespe
|turn|12
|
|t:|1760354925
|move|p2a: Iron Moth|Fiery Dance|p1a: Great Tusk
|-damage|p1a: Great Tusk|0 fnt
|faint|p1a: Great Tusk
|-end|p1a: Great Tusk|Protosynthesis|[silent]
|
|upkeep
|
|t:|1760354930
|switch|p1a: Snorlax|Snorlax, M|100/100
|turn|13
|
|t:|1760354935
|move|p2a: Iron Moth|Sludge Wave|p1a: Snorlax
|-damage|p1a: Snorlax|81/100
|move|p1a: Snorlax|Body Slam|p2a: Iron Moth
|-damage|p2a: Iron Moth|33/100
|
|upkeep
|turn|14
|
|t:|1760354943
|move|p2a: Iron Moth|Sludge Wave|p1a: Snorlax
|-damage|p1a: Snorlax|62/100
|-status|p1a: Snorlax|psn
|move|p1a: Snorlax|Body Slam|p2a: Iron Moth
|-damage|p2a: Iron Moth|0 fnt
|faint|p2a: Iron Moth
|-end|p2a: Iron Moth|Quark Drive|[silent]
|
|-damage|p1a: Snorlax|50/100 psn|[from] psn
|upkeep
|
|t:|1760354957
|switch|p2a: Kingambit|Kingambit, M|100/100
|-activate|p2a: Kingambit|ability: Supreme Overlord
|-start|p2a: Kingambit|fallen2|[silent]
|turn|15
|
|t:|1760354962
|switch|p1a: Alomomola|Alomomola, M|100/100
|move|p2a: Kingambit|Swords Dance|p2a: Kingambit
|-boost|p2a: Kingambit|atk|2
|
|upkeep
|turn|16
|
|t:|1760354972
|move|p2a: Kingambit|Kowtow Cleave|p1a: Alomomola
|-damage|p1a: Alomomola|36/100
|move|p1a: Alomomola|Wish|p1a: Alomomola
|
|upkeep
|turn|17
|-message|tijzen forfeited.
|
|win|SprigatitoSwift
|raw|tijzen's rating: 1357 &rarr; <strong>1333</strong><br />(-24 for losing)
|raw|SprigatitoSwift's rating: 1280 &rarr; <strong>1310</strong><br />(+30 for winning)
|l|☆tijzen
|player|p1|
|l|☆SprigatitoSwift
|player|p2|
