|j|☆yyyywwww
|j|‽stupidpoophead
|t:|1760378819
|gametype|singles
|player|p1|yyyywwww|266|1334
|player|p2|stupidpoophead|265|1315
|gen|9
|tier|[Gen 9] OU
|rated|
|rule|HP Percentage Mod: HP is shown in percentages
|rule|Endless Battle Clause: Forcing endless battles is banned
|rule|Species Clause: Limit one of each Pokémon
|rule|OHKO Clause: OHKO moves are banned
|rule|Evasion Items Clause: Evasion items are banned
|rule|Evasion Moves Clause: Evasion moves are banned
|rule|Evasion Abilities Clause: Evasion abilities are banned
|rule|Sleep Moves Clause: Sleep-inducing moves are banned
|clearpoke
|poke|p1|Primarina, F|
|poke|p1|Raging Bolt|
|poke|p1|Mabosstiff, M|
|poke|p1|Ogerpon-Wellspring, F|
|poke|p1|Iron Crown|
|poke|p1|Moltres|
|poke|p2|Kommo-o, M|
|poke|p2|Iron Hands|
|poke|p2|Dragapult, M|
|poke|p2|Iron Crown|
|poke|p2|Ogerpon-Wellspring, F|
|poke|p2|Darkrai|
|teampreview
|inactive|Battle timer is ON: inactive players will automatically lose when time's up. (requested by yyyywwww)
|inactive|stupidpoophead has 120 seconds left.
|inactive|stupidpoophead has 90 seconds left.
|
|t:|1760378882
|teamsize|p1|6
|teamsize|p2|6
|start
|switch|p1a: Primarina|Primarina, F|100/100
|switch|p2a: Kommo-o|Kommo-o, M, shiny|100/100
|turn|1
|
|t:|1760378892
|switch|p2a: Iron Crown|Iron Crown|100/100
|-enditem|p2a: Iron Crown|Booster Energy
|-activate|p2a: Iron Crown|ability: Quark Drive|[fromitem]
|-start|p2a: Iron Crown|quarkdrivespe
|move|p1a: Primarina|Psychic Noise|p2a: Iron Crown
|-resisted|p2a: Iron Crown
|-damage|p2a: Iron Crown|91/100
|-start|p2a: Iron Crown|move: Heal Block
|
|upkeep
|turn|2
|
|t:|1760378906
|switch|p1a: Raging Bolt|Raging Bolt|100/100
|move|p2a: Iron Crown|Calm Mind|p2a: Iron Crown
|-boost|p2a: Iron Crown|spa|1
|-boost|p2a: Iron Crown|spd|1
|
|-end|p2a: Iron Crown|move: Heal Block
|upkeep
|turn|3
|
|t:|1760378916
|move|p2a: Iron Crown|Psyshock|p1a: Raging Bolt
|-damage|p1a: Raging Bolt|53/100
|move|p1a: Raging Bolt|Volt Switch|p2a: Iron Crown
|-damage|p2a: Iron Crown|67/100
|
|t:|1760378923
|-end|p1a: Raging Bolt|Protosynthesis|[silent]
|switch|p1a: Mabosstiff|Mabosstiff, M|100/100|[from] Volt Switch
|
|upkeep
|turn|4
|
|t:|1760378930
|-terastallize|p2a: Iron Crown|Fighting
|move|p2a: Iron Crown|Focus Blast|p1a: Mabosstiff
|-supereffective|p1a: Mabosstiff
|-damage|p1a: Mabosstiff|0 fnt
|faint|p1a: Mabosstiff
|
|upkeep
|
|t:|1760378939
|switch|p1a: Primarina|Primarina, F|100/100
|turn|5
|
|t:|1760378943
|move|p2a: Iron Crown|Tachyon Cutter|p1a: Primarina
|-damage|p1a: Primarina|70/100
|-damage|p1a: Primarina|41/100
|-hitcount|p1a: Primarina|2
|move|p1a: Primarina|Moonblast|p2a: Iron Crown
|-supereffective|p2a: Iron Crown
|-damage|p2a: Iron Crown|0 fnt
|faint|p2a: Iron Crown
|-end|p2a: Iron Crown|Quark Drive|[silent]
|
|upkeep
|
|t:|1760378955
|switch|p2a: Dragapult|Dragapult, M|100/100
|turn|6
|
|t:|1760378974
|switch|p1a: Moltres|Moltres|100/100
|move|p2a: Dragapult|Psychic Fangs|p1a: Moltres
|-damage|p1a: Moltres|66/100
|
|upkeep
|turn|7
|
|t:|1760379004
|switch|p2a: Ogerpon|Ogerpon-Wellspring, F|100/100
|move|p1a: Moltres|Will-O-Wisp|p2a: Ogerpon
|-status|p2a: Ogerpon|brn
|
|-damage|p2a: Ogerpon|95/100 brn|[from] brn
|upkeep
|turn|8
|
|t:|1760379015
|switch|p1a: Ogerpon|Ogerpon-Wellspring, F|100/100
|move|p2a: Ogerpon|Ivy Cudgel|p1a: Ogerpon|[anim] Ivy Cudgel Water
|-immune|p1a: Ogerpon|[from] ability: Water Absorb
|
|-damage|p2a: Ogerpon|89/100 brn|[from] brn
|upkeep
|turn|9
|
|t:|1760379025
|switch|p2a: Iron Hands|Iron Hands|100/100
|move|p1a: Ogerpon|U-turn|p2a: Iron Hands
|-resisted|p2a: Iron Hands
|-damage|p2a: Iron Hands|92/100
|
|t:|1760379032
|switch|p1a: Primarina|Primarina, F|41/100|[from] U-turn
|
|upkeep
|turn|10
|
|t:|1760379037
|move|p1a: Primarina|Moonblast|p2a: Iron Hands
|-supereffective|p2a: Iron Hands
|-damage|p2a: Iron Hands|0 fnt
|faint|p2a: Iron Hands
|-end|p2a: Iron Hands|Quark Drive|[silent]
|
|upkeep
|
|t:|1760379046
|switch|p2a: Ogerpon|Ogerpon-Wellspring, F|89/100 brn
|turn|11
|
|t:|1760379052
|switch|p1a: Ogerpon|Ogerpon-Wellspring, F|100/100
|move|p2a: Ogerpon|Ivy Cudgel|p1a: Ogerpon|[anim] Ivy Cudgel Water
|-immune|p1a: Ogerpon|[from] ability: Water Absorb
|
|-damage|p2a: Ogerpon|83/100 brn|[from] brn
|upkeep
|turn|12
|
|t:|1760379079
|move|p2a: Ogerpon|Play Rough|p1a: Ogerpon
|-damage|p1a: Ogerpon|83/100
|move|p1a: Ogerpon|U-turn|p2a: Ogerpon
|-supereffective|p2a: Ogerpon
|-damage|p2a: Ogerpon|21/100 brn
|
|t:|1760379087
|switch|p1a: Iron Crown|Iron Crown|100/100|[from] U-turn
|
|-damage|p2a: Ogerpon|15/100 brn|[from] brn
|upkeep
|turn|13
|
|t:|1760379097
|move|p1a: Iron Crown|Volt Switch|p2a: Ogerpon
|-damage|p2a: Ogerpon|0 fnt
|faint|p2a: Ogerpon
|
|t:|1760379102
|-end|p1a: Iron Crown|Quark Drive|[silent]
|switch|p1a: Primarina|Primarina, F|41/100|[from] Volt Switch
|
|upkeep
|
|t:|1760379111
|switch|p2a: Darkrai|Darkrai|100/100
|turn|14
|
|t:|1760379116
|move|p2a: Darkrai|Sludge Bomb|p1a: Primarina
|-supereffective|p1a: Primarina
|-damage|p1a: Primarina|0 fnt
|faint|p1a: Primarina
|
|upkeep
|
|t:|1760379132
|switch|p1a: Iron Crown|Iron Crown|100/100
|turn|15
|
|t:|1760379140
|-terastallize|p1a: Iron Crown|Fighting
|move|p1a: Iron Crown|Tachyon Cutter|p2a: Darkrai
|-damage|p2a: Darkrai|62/100
|-damage|p2a: Darkrai|28/100
|-hitcount|p2a: Darkrai|2
|move|p2a: Darkrai|Dark Pulse|p1a: Iron Crown
|-resisted|p1a: Iron Crown
|-damage|p1a: Iron Crown|80/100
|
|-heal|p2a: Darkrai|34/100|[from] item: Leftovers
|upkeep
|turn|16
|
|t:|1760379152
|switch|p2a: Kommo-o|Kommo-o, M, shiny|100/100
|move|p1a: Iron Crown|Tachyon Cutter|p2a: Kommo-o
|-crit|p2a: Kommo-o
|-damage|p2a: Kommo-o|52/100
|-damage|p2a: Kommo-o|22/100
|-hitcount|p2a: Kommo-o|2
|
|upkeep
|turn|17
|
|t:|1760379160
|move|p1a: Iron Crown|Tachyon Cutter|p2a: Kommo-o
|-damage|p2a: Kommo-o|0 fnt
|faint|p2a: Kommo-o
|-hitcount|p2: Kommo-o|1
|
|upkeep
|
|t:|1760379165
|switch|p2a: Dragapult|Dragapult, M|100/100
|turn|18
|
|t:|1760379176
|-end|p1a: Iron Crown|Quark Drive|[silent]
|switch|p1a: Moltres|Moltres|66/100
|move|p2a: Dragapult|Psychic Fangs|p1a: Moltres
|-damage|p1a: Moltres|34/100
|
|upkeep
|turn|19
|
|t:|1760379186
|move|p2a: Dragapult|Psychic Fangs|p1a: Moltres
|-damage|p1a: Moltres|1/100
|-status|p2a: Dragapult|brn|[from] ability: Flame Body|[of] p1a: Moltres
|move|p1a: Moltres|Will-O-Wisp|p2a: Dragapult
|-fail|p2a: Dragapult|brn
|
|-damage|p2a: Dragapult|95/100 brn|[from] brn
|upkeep
|turn|20
|-message|stupidpoophead forfeited.
|
|win|yyyywwww
|raw|yyyywwww's rating: 1334 &rarr; <strong>1353</strong><br />(+19 for winning)
|raw|stupidpoophead's rating: 1315 &rarr; <strong>1296</strong><br />(-19 for losing)
|l|‽stupidpoophead
|player|p2|
