|j|☆wittyphoshop
|j|☆grndgrnd
|t:|1760440430
|gametype|singles
|player|p1|wittyphoshop|cyclist-gen4|1267
|player|p2|grndgrnd|169|1212
|gen|9
|tier|[Gen 9] OU
|rated|
|rule|HP Percentage Mod: HP is shown in percentages
|rule|Endless Battle Clause: Forcing endless battles is banned
|rule|Species Clause: Limit one of each Pokémon
|rule|OHKO Clause: OHKO moves are banned
|rule|Evasion Items Clause: Evasion items are banned
|rule|Evasion Moves Clause: Evasion moves are banned
|rule|Evasion Abilities Clause: Evasion abilities are banned
|rule|Sleep Moves Clause: Sleep-inducing moves are banned
|clearpoke
|poke|p1|Moltres|
|poke|p1|Zapdos|
|poke|p1|Iron Treads|
|poke|p1|Araquanid, M|
|poke|p1|Iron Valiant|
|poke|p1|Latios, M|
|poke|p2|Masquerain, M|
|poke|p2|Scizor, F|
|poke|p2|Alomomola, F|
|poke|p2|Gyarados, F|
|poke|p2|Raichu, M|
|poke|p2|Weezing-Galar, F|
|teampreview
|
|t:|1760440444
|teamsize|p1|6
|teamsize|p2|6
|start
|switch|p1a: Ororo|Zapdos|100/100
|switch|p2a: Raichu|Raichu, M|100/100
|turn|1
|
|t:|1760440452
|switch|p1a: Metal Gear Tusker|Iron Treads, shiny|100/100
|-singleturn|p2a: Raichu|move: Focus Punch
|move|p2a: Raichu|Focus Punch|p1a: Metal Gear Tusker
|-supereffective|p1a: Metal Gear Tusker
|-damage|p1a: Metal Gear Tusker|13/100
|-damage|p2a: Raichu|91/100|[from] item: Life Orb
|
|-heal|p1a: Metal Gear Tusker|19/100|[from] item: Leftovers
|upkeep
|turn|2
|
|t:|1760440465
|-end|p1a: Metal Gear Tusker|Quark Drive|[silent]
|switch|p1a: Miles|Araquanid, M, shiny|100/100
|move|p2a: Raichu|Grass Knot|p1a: Miles
|-damage|p1a: Miles|86/100
|-damage|p2a: Raichu|81/100|[from] item: Life Orb
|
|upkeep
|turn|3
|
|t:|1760440471
|move|p2a: Raichu|Volt Tackle|p1a: Miles
|-supereffective|p1a: Miles
|-damage|p1a: Miles|0 fnt
|faint|p1a: Miles
|-damage|p2a: Raichu|44/100|[from] Recoil
|-damage|p2a: Raichu|34/100|[from] item: Life Orb
|
|upkeep
|
|t:|1760440485
|switch|p1a: Menthol Menace|Latios, M, shiny|100/100
|turn|4
|
|t:|1760440492
|switch|p2a: Scizor|Scizor, F|100/100
|move|p1a: Menthol Menace|Luster Purge|p2a: Scizor
|-resisted|p2a: Scizor
|-damage|p2a: Scizor|59/100
|-unboost|p2a: Scizor|spd|1
|
|upkeep
|turn|5
|
|t:|1760440509
|move|p2a: Scizor|Bullet Punch|p1a: Menthol Menace
|-damage|p1a: Menthol Menace|55/100
|move|p1a: Menthol Menace|Luster Purge|p2a: Scizor
|-resisted|p2a: Scizor
|-damage|p2a: Scizor|0 fnt
|faint|p2a: Scizor
|
|upkeep
|
|t:|1760440523
|switch|p2a: Alomomola|Alomomola, F|100/100
|turn|6
|
|t:|1760440533
|move|p1a: Menthol Menace|Recover|p1a: Menthol Menace
|-heal|p1a: Menthol Menace|100/100
|move|p2a: Alomomola|Mirror Coat||[still]
|-fail|p2a: Alomomola
|
|upkeep
|turn|7
|
|t:|1760440540
|switch|p1a: Metal Gear Tusker|Iron Treads, shiny|19/100
|move|p2a: Alomomola|Scald|p1a: Metal Gear Tusker
|-supereffective|p1a: Metal Gear Tusker
|-damage|p1a: Metal Gear Tusker|0 fnt
|faint|p1a: Metal Gear Tusker
|-end|p1a: Metal Gear Tusker|Quark Drive|[silent]
|
|upkeep
|
|t:|1760440542
|switch|p1a: Detective Murphy|Iron Valiant, shiny|100/100
|-enditem|p1a: Detective Murphy|Booster Energy
|-activate|p1a: Detective Murphy|ability: Quark Drive|[fromitem]
|-start|p1a: Detective Murphy|quarkdrivespe
|turn|8
|
|t:|1760440549
|move|p1a: Detective Murphy|Swords Dance|p1a: Detective Murphy
|-boost|p1a: Detective Murphy|atk|2
|move|p2a: Alomomola|Scald|p1a: Detective Murphy
|-damage|p1a: Detective Murphy|75/100
|
|upkeep
|turn|9
|
|t:|1760440557
|move|p1a: Detective Murphy|Close Combat|p2a: Alomomola
|-damage|p2a: Alomomola|35/100
|-unboost|p1a: Detective Murphy|def|1
|-unboost|p1a: Detective Murphy|spd|1
|-damage|p1a: Detective Murphy|58/100|[from] item: Rocky Helmet|[of] p2a: Alomomola
|move|p2a: Alomomola|Scald|p1a: Detective Murphy
|-damage|p1a: Detective Murphy|16/100
|
|upkeep
|turn|10
|
|t:|1760440570
|switch|p2a: Weezing|Weezing-Galar, F|100/100
|move|p1a: Detective Murphy|Close Combat|p2a: Weezing
|-resisted|p2a: Weezing
|-damage|p2a: Weezing|74/100
|-unboost|p1a: Detective Murphy|def|1
|-unboost|p1a: Detective Murphy|spd|1
|
|upkeep
|turn|11
|
|t:|1760440579
|-end|p1a: Detective Murphy|Quark Drive|[silent]
|switch|p1a: Hot to Go|Moltres|100/100
|switch|p2a: Alomomola|Alomomola, F|68/100
|
|upkeep
|turn|12
|
|t:|1760440587
|move|p1a: Hot to Go|U-turn|p2a: Alomomola
|-damage|p2a: Alomomola|61/100
|-damage|p1a: Hot to Go|84/100|[from] item: Rocky Helmet|[of] p2a: Alomomola
|-message|wittyphoshop forfeited.
|
|win|grndgrnd
|raw|wittyphoshop's rating: 1267 &rarr; <strong>1238</strong><br />(-29 for losing)
|raw|grndgrnd's rating: 1212 &rarr; <strong>1241</strong><br />(+29 for winning)
|l|☆wittyphoshop
|player|p1|
|l|☆grndgrnd
|player|p2|
