|j|☆qQ4Px0mdpsKQuHbm
|j|☆Gavin.Bailey
|t:|1760454652
|gametype|singles
|player|p1|qQ4Px0mdpsKQuHbm|170|1000
|player|p2|Gavin.Bailey|101|1044
|gen|9
|tier|[Gen 9] OU
|rated|
|rule|HP Percentage Mod: HP is shown in percentages
|rule|Endless Battle Clause: Forcing endless battles is banned
|rule|Species Clause: Limit one of each Pokémon
|rule|OHKO Clause: OHKO moves are banned
|rule|Evasion Items Clause: Evasion items are banned
|rule|Evasion Moves Clause: Evasion moves are banned
|rule|Evasion Abilities Clause: Evasion abilities are banned
|rule|Sleep Moves Clause: Sleep-inducing moves are banned
|clearpoke
|poke|p1|Samurott-Hisui, F|
|poke|p1|Heatran, M|
|poke|p1|Latios, M|
|poke|p1|Iron Valiant|
|poke|p1|Iron Treads|
|poke|p1|Dragapult, F|
|poke|p2|Armarouge, M|
|poke|p2|Dudunsparce-*, M|
|poke|p2|Drifblim, M|
|poke|p2|Goodra-Hisui, F|
|poke|p2|Hydrapple, F|
|poke|p2|Araquanid, M|
|teampreview
|inactive|Battle timer is ON: inactive players will automatically lose when time's up. (requested by qQ4Px0mdpsKQuHbm)
|
|t:|1760454663
|teamsize|p1|6
|teamsize|p2|6
|start
|switch|p1a: Samurott|Samurott-Hisui, F|100/100
|switch|p2a: Drifblim|Drifblim, M, shiny|100/100
|turn|1
|
|t:|1760454669
|move|p1a: Samurott|Ceaseless Edge|p2a: Drifblim
|-supereffective|p2a: Drifblim
|-enditem|p2a: Drifblim|Focus Sash
|-damage|p2a: Drifblim|1/100
|-sidestart|p2: Gavin.Bailey|Spikes
|move|p2a: Drifblim|Trick Room|p2a: Drifblim
|-fieldstart|move: Trick Room|[of] p2a: Drifblim
|
|upkeep
|turn|2
|
|t:|1760454678
|move|p2a: Drifblim|Explosion|p1a: Samurott
|-damage|p1a: Samurott|22/100
|faint|p2a: Drifblim
|move|p1a: Samurott|Ceaseless Edge|p2: Drifblim|[notarget]
|-fail|p1a: Samurott
|
|upkeep
|
|t:|1760454691
|switch|p2a: Hydrapple|Hydrapple, F, shiny|100/100
|-damage|p2a: Hydrapple|88/100|[from] Spikes
|turn|3
|
|t:|1760454698
|switch|p1a: Heatran|Heatran, M|100/100
|move|p2a: Hydrapple|Giga Drain|p1a: Heatran
|-resisted|p1a: Heatran
|-crit|p1a: Heatran
|-damage|p1a: Heatran|89/100
|-heal|p2a: Hydrapple|95/100|[from] drain|[of] p1a: Heatran
|
|-heal|p2a: Hydrapple|100/100|[from] item: Leftovers
|upkeep
|turn|4
|
|t:|1760454713
|switch|p2a: Armarouge|Armarouge, M, shiny|100/100
|-damage|p2a: Armarouge|88/100|[from] Spikes
|switch|p1a: Latios|Latios, M|100/100
|
|upkeep
|turn|5
|
|t:|1760454727
|move|p2a: Armarouge|Shadow Ball|p1a: Latios
|-supereffective|p1a: Latios
|-damage|p1a: Latios|40/100
|move|p1a: Latios|Flip Turn|p2a: Armarouge
|-supereffective|p2a: Armarouge
|-damage|p2a: Armarouge|66/100
|
|t:|1760454736
|switch|p1a: Samurott|Samurott-Hisui, F|22/100|[from] Flip Turn
|
|-fieldend|move: Trick Room
|upkeep
|turn|6
|
|t:|1760454761
|switch|p2a: Hydrapple|Hydrapple, F, shiny|100/100
|-damage|p2a: Hydrapple|88/100|[from] Spikes
|move|p1a: Samurott|Ceaseless Edge|p2a: Hydrapple
|-damage|p2a: Hydrapple|51/100
|-sidestart|p2: Gavin.Bailey|Spikes
|
|-heal|p2a: Hydrapple|58/100|[from] item: Leftovers
|upkeep
|turn|7
|
|t:|1760454771
|move|p1a: Samurott|Ceaseless Edge|p2a: Hydrapple
|-damage|p2a: Hydrapple|21/100
|-sidestart|p2: Gavin.Bailey|Spikes
|move|p2a: Hydrapple|Giga Drain|p1a: Samurott
|-supereffective|p1a: Samurott
|-damage|p1a: Samurott|0 fnt
|-heal|p2a: Hydrapple|33/100|[from] drain|[of] p1a: Samurott
|faint|p1a: Samurott
|
|-heal|p2a: Hydrapple|39/100|[from] item: Leftovers
|upkeep
|
|t:|1760454775
|switch|p1a: Dragapult|Dragapult, F|100/100
|turn|8
|
|t:|1760454788
|-terastallize|p2a: Hydrapple|Fairy
|move|p1a: Dragapult|U-turn|p2a: Hydrapple
|-resisted|p2a: Hydrapple
|-damage|p2a: Hydrapple|26/100
|
|t:|1760454792
|switch|p1a: Iron Treads|Iron Treads|100/100|[from] U-turn
|move|p2a: Hydrapple|Fickle Beam|p1a: Iron Treads|[anim] Fickle Beam All Out
|-activate|p2a: Hydrapple|move: Fickle Beam
|-resisted|p1a: Iron Treads
|-damage|p1a: Iron Treads|67/100
|
|-heal|p1a: Iron Treads|73/100|[from] item: Leftovers
|-heal|p2a: Hydrapple|32/100|[from] item: Leftovers
|upkeep
|turn|9
|
|t:|1760454805
|move|p1a: Iron Treads|Earthquake|p2a: Hydrapple
|-damage|p2a: Hydrapple|0 fnt
|faint|p2a: Hydrapple
|
|-heal|p1a: Iron Treads|79/100|[from] item: Leftovers
|upkeep
|
|t:|1760454823
|switch|p2a: Araquanid|Araquanid, M, shiny|100/100
|-damage|p2a: Araquanid|76/100|[from] Spikes
|turn|10
|
|t:|1760454836
|-end|p1a: Iron Treads|Quark Drive|[silent]
|switch|p1a: Iron Valiant|Iron Valiant|100/100
|move|p2a: Araquanid|Soak|p1a: Iron Valiant
|-start|p1a: Iron Valiant|typechange|Water
|
|upkeep
|turn|11
|
|t:|1760454843
|move|p1a: Iron Valiant|Thunderbolt|p2a: Araquanid
|-supereffective|p2a: Araquanid
|-damage|p2a: Araquanid|0 fnt
|faint|p2a: Araquanid
|
|upkeep
|
|t:|1760454854
|switch|p2a: Goodra|Goodra-Hisui, F, shiny|100/100
|-damage|p2a: Goodra|76/100|[from] Spikes
|turn|12
|
|t:|1760454863
|-end|p1a: Iron Valiant|Quark Drive|[silent]
|switch|p1a: Iron Treads|Iron Treads|79/100
|move|p2a: Goodra|Thunder|p1a: Iron Treads
|-immune|p1a: Iron Treads
|
|-heal|p1a: Iron Treads|85/100|[from] item: Leftovers
|upkeep
|turn|13
|
|t:|1760454879
|move|p1a: Iron Treads|Earthquake|p2a: Goodra
|-supereffective|p2a: Goodra
|-damage|p2a: Goodra|17/100
|-enditem|p2a: Goodra|Weakness Policy
|-boost|p2a: Goodra|atk|2|[from] item: Weakness Policy
|-boost|p2a: Goodra|spa|2|[from] item: Weakness Policy
|move|p2a: Goodra|Flash Cannon|p1a: Iron Treads
|-resisted|p1a: Iron Treads
|-damage|p1a: Iron Treads|63/100
|-unboost|p1a: Iron Treads|spd|1
|
|-heal|p1a: Iron Treads|69/100|[from] item: Leftovers
|upkeep
|turn|14
|
|t:|1760454895
|move|p1a: Iron Treads|Earthquake|p2a: Goodra
|-supereffective|p2a: Goodra
|-damage|p2a: Goodra|0 fnt
|faint|p2a: Goodra
|
|-heal|p1a: Iron Treads|75/100|[from] item: Leftovers
|upkeep
|
|t:|1760454902
|switch|p2a: Dudunsparce|Dudunsparce-Three-Segment, M, shiny|100/100
|-damage|p2a: Dudunsparce|76/100|[from] Spikes
|turn|15
|
|t:|1760454923
|move|p1a: Iron Treads|Earthquake|p2a: Dudunsparce
|-damage|p2a: Dudunsparce|42/100
|move|p2a: Dudunsparce|Body Slam|p1a: Iron Treads
|-resisted|p1a: Iron Treads
|-damage|p1a: Iron Treads|62/100
|
|-heal|p1a: Iron Treads|68/100|[from] item: Leftovers
|upkeep
|turn|16
|
|t:|1760454932
|move|p1a: Iron Treads|Earthquake|p2a: Dudunsparce
|-damage|p2a: Dudunsparce|8/100
|move|p2a: Dudunsparce|Body Slam|p1a: Iron Treads
|-resisted|p1a: Iron Treads
|-damage|p1a: Iron Treads|54/100
|
|-heal|p1a: Iron Treads|60/100|[from] item: Leftovers
|upkeep
|turn|17
|
|t:|1760454941
|move|p1a: Iron Treads|Rapid Spin|p2a: Dudunsparce
|-damage|p2a: Dudunsparce|0 fnt
|-boost|p1a: Iron Treads|spe|1
|faint|p2a: Dudunsparce
|
|-heal|p1a: Iron Treads|66/100|[from] item: Leftovers
|upkeep
|
|t:|1760454949
|switch|p2a: Armarouge|Armarouge, M, shiny|66/100
|-damage|p2a: Armarouge|42/100|[from] Spikes
|turn|18
|
|t:|1760454962
|move|p1a: Iron Treads|Earthquake|p2a: Armarouge
|-supereffective|p2a: Armarouge
|-damage|p2a: Armarouge|0 fnt
|faint|p2a: Armarouge
|
|win|qQ4Px0mdpsKQuHbm
|raw|qQ4Px0mdpsKQuHbm's rating: 1000 &rarr; <strong>1045</strong><br />(+45 for winning)
|raw|Gavin.Bailey's rating: 1044 &rarr; <strong>1025</strong><br />(-19 for losing)
