|badge|p2|bronze|gen9ou|100-7
|uhtml|medal-msg|<div class="broadcast-blue">Curious what those medals under the avatar are? PS now has Ladder Seasons! For more information, check out the <a href="https://www.smogon.com/forums/threads/3740067/">thread on Smogon.</a></div>
|j|☆AjonymousNon
|j|☆MooFarmer
|t:|1760303637
|gametype|singles
|player|p1|AjonymousNon|workerice|1864
|player|p2|MooFarmer|2|1853
|gen|9
|tier|[Gen 9] OU
|rated|
|rule|HP Percentage Mod: HP is shown in percentages
|rule|Endless Battle Clause: Forcing endless battles is banned
|rule|Species Clause: Limit one of each Pokémon
|rule|OHKO Clause: OHKO moves are banned
|rule|Evasion Items Clause: Evasion items are banned
|rule|Evasion Moves Clause: Evasion moves are banned
|rule|Evasion Abilities Clause: Evasion abilities are banned
|rule|Sleep Moves Clause: Sleep-inducing moves are banned
|clearpoke
|poke|p1|Great Tusk|
|poke|p1|Ogerpon-Cornerstone, F|
|poke|p1|Rillaboom, F|
|poke|p1|Tyranitar, F|
|poke|p1|Corviknight, M|
|poke|p1|Dragapult, F|
|poke|p2|Kyurem|
|poke|p2|Corviknight, F|
|poke|p2|Ting-Lu|
|poke|p2|Dondozo, M|
|poke|p2|Slowking-Galar, L99, F|
|poke|p2|Cinderace, M|
|teampreview
|inactive|Battle timer is ON: inactive players will automatically lose when time's up. (requested by AjonymousNon)
|j| Ctannn
|inactive|MooFarmer has 120 seconds left.
|
|t:|1760303683
|teamsize|p1|6
|teamsize|p2|6
|start
|switch|p1a: Dragapult|Dragapult, F|100/100
|switch|p2a: Dondozo|Dondozo, M|100/100
|turn|1
|inactive|MooFarmer also wants the timer to be on.
|inactive|MooFarmer has 120 seconds left.
|
|t:|1760303729
|switch|p2a: Ting-Lu|Ting-Lu|100/100
|-ability|p2a: Ting-Lu|Vessel of Ruin
|move|p1a: Dragapult|Will-O-Wisp|p2a: Ting-Lu|[miss]
|-miss|p1a: Dragapult|p2a: Ting-Lu
|
|upkeep
|turn|2
|inactive|MooFarmer has 90 seconds left.
|
|t:|1760303774
|move|p1a: Dragapult|Will-O-Wisp|p2a: Ting-Lu
|-status|p2a: Ting-Lu|brn
|move|p2a: Ting-Lu|Payback|p1a: Dragapult
|-supereffective|p1a: Dragapult
|-damage|p1a: Dragapult|43/100
|
|-heal|p1a: Dragapult|49/100|[from] item: Leftovers
|-damage|p2a: Ting-Lu|94/100 brn|[from] brn
|upkeep
|turn|3
|inactive|MooFarmer has 60 seconds left.
|inactive|AjonymousNon has 120 seconds left.
|
|t:|1760303821
|switch|p1a: Tyranitar|Tyranitar, F|100/100
|-weather|Sandstorm|[from] ability: Sand Stream|[of] p1a: Tyranitar
|move|p2a: Ting-Lu|Rest|p2a: Ting-Lu
|-status|p2a: Ting-Lu|slp|[from] move: Rest
|-heal|p2a: Ting-Lu|100/100 slp|[silent]
|
|-weather|Sandstorm|[upkeep]
|upkeep
|turn|4
|
|t:|1760303829
|move|p1a: Tyranitar|Stealth Rock|p2a: Ting-Lu
|-sidestart|p2: MooFarmer|move: Stealth Rock
|cant|p2a: Ting-Lu|slp
|move|p2a: Ting-Lu|Sleep Talk|p2a: Ting-Lu
|move|p2a: Ting-Lu|Payback|p1a: Tyranitar|[from] move: Sleep Talk
|-resisted|p1a: Tyranitar
|-damage|p1a: Tyranitar|85/100
|
|-weather|Sandstorm|[upkeep]
|-heal|p1a: Tyranitar|91/100|[from] item: Leftovers
|upkeep
|turn|5
|
|t:|1760303838
|move|p1a: Tyranitar|Knock Off|p2a: Ting-Lu
|-resisted|p2a: Ting-Lu
|-damage|p2a: Ting-Lu|88/100 slp
|-enditem|p2a: Ting-Lu|Leftovers|[from] move: Knock Off|[of] p1a: Tyranitar
|cant|p2a: Ting-Lu|slp
|move|p2a: Ting-Lu|Sleep Talk|p2a: Ting-Lu
|move|p2a: Ting-Lu|Earthquake|p1a: Tyranitar|[from] move: Sleep Talk
|-supereffective|p1a: Tyranitar
|-damage|p1a: Tyranitar|28/100
|
|-weather|Sandstorm|[upkeep]
|-heal|p1a: Tyranitar|34/100|[from] item: Leftovers
|upkeep
|turn|6
|
|t:|1760303847
|switch|p1a: Rillaboom|Rillaboom, F|100/100
|-fieldstart|move: Grassy Terrain|[from] ability: Grassy Surge|[of] p1a: Rillaboom
|-curestatus|p2a: Ting-Lu|slp|[msg]
|move|p2a: Ting-Lu|Earthquake|p1a: Rillaboom
|-resisted|p1a: Rillaboom
|-damage|p1a: Rillaboom|91/100
|
|-weather|Sandstorm|[upkeep]
|-damage|p1a: Rillaboom|85/100|[from] Sandstorm
|-heal|p1a: Rillaboom|91/100|[from] Grassy Terrain
|-heal|p2a: Ting-Lu|95/100|[from] Grassy Terrain
|upkeep
|turn|7
|
|t:|1760303856
|switch|p2a: Cinderace|Cinderace, M|100/100
|move|p1a: Rillaboom|U-turn|p2a: Cinderace
|-resisted|p2a: Cinderace
|-damage|p2a: Cinderace|76/100
|
|t:|1760303858
|switch|p1a: Dragapult|Dragapult, F|49/100|[from] U-turn
|
|-weather|none
|-heal|p1a: Dragapult|55/100|[from] Grassy Terrain
|-heal|p1a: Dragapult|61/100|[from] item: Leftovers
|-heal|p2a: Cinderace|82/100|[from] Grassy Terrain
|upkeep
|turn|8
|j| St.Peewee
|
|t:|1760303867
|move|p1a: Dragapult|Dragon Darts|p2a: Cinderace
|-damage|p2a: Cinderace|59/100
|-anim|p1a: Dragapult|Dragon Darts|p2a: Cinderace
|-damage|p2a: Cinderace|36/100
|move|p2a: Cinderace|Will-O-Wisp|p1a: Dragapult
|-status|p1a: Dragapult|brn
|
|-heal|p1a: Dragapult|67/100 brn|[from] Grassy Terrain
|-heal|p1a: Dragapult|74/100 brn|[from] item: Leftovers
|-heal|p2a: Cinderace|42/100|[from] Grassy Terrain
|-damage|p1a: Dragapult|67/100 brn|[from] brn
|upkeep
|turn|9
|
|t:|1760303877
|move|p1a: Dragapult|Dragon Darts|p2a: Cinderace
|-damage|p2a: Cinderace|28/100
|-anim|p1a: Dragapult|Dragon Darts|p2a: Cinderace
|-damage|p2a: Cinderace|16/100
|move|p2a: Cinderace|Court Change|p2a: Cinderace
|-swapsideconditions
|-activate|p2a: Cinderace|move: Court Change
|
|-heal|p1a: Dragapult|74/100 brn|[from] Grassy Terrain
|-heal|p1a: Dragapult|80/100 brn|[from] item: Leftovers
|-heal|p2a: Cinderace|23/100|[from] Grassy Terrain
|-damage|p1a: Dragapult|74/100 brn|[from] brn
|upkeep
|turn|10
|
|t:|1760303886
|switch|p2a: Kyurem|Kyurem|100/100
|-ability|p2a: Kyurem|Pressure
|move|p1a: Dragapult|Dragon Darts|p2a: Kyurem
|-supereffective|p2a: Kyurem
|-damage|p2a: Kyurem|80/100
|-anim|p1a: Dragapult|Dragon Darts|p2a: Kyurem
|-supereffective|p2a: Kyurem
|-damage|p2a: Kyurem|63/100
|
|-heal|p1a: Dragapult|80/100 brn|[from] Grassy Terrain
|-heal|p1a: Dragapult|86/100 brn|[from] item: Leftovers
|-heal|p2a: Kyurem|69/100|[from] Grassy Terrain
|-heal|p2a: Kyurem|75/100|[from] item: Leftovers
|-damage|p1a: Dragapult|80/100 brn|[from] brn
|-fieldend|move: Grassy Terrain
|upkeep
|turn|11
|
|t:|1760303897
|switch|p1a: Tyranitar|Tyranitar, F|34/100
|-damage|p1a: Tyranitar|22/100|[from] Stealth Rock
|-weather|Sandstorm|[from] ability: Sand Stream|[of] p1a: Tyranitar
|move|p2a: Kyurem|Freeze-Dry|p1a: Tyranitar
|-damage|p1a: Tyranitar|6/100
|
|-weather|Sandstorm|[upkeep]
|-damage|p2a: Kyurem|69/100|[from] Sandstorm
|-heal|p2a: Kyurem|75/100|[from] item: Leftovers
|-heal|p1a: Tyranitar|12/100|[from] item: Leftovers
|upkeep
|turn|12
|
|t:|1760303905
|move|p2a: Kyurem|Freeze-Dry|p1a: Tyranitar
|-damage|p1a: Tyranitar|0 fnt
|faint|p1a: Tyranitar
|
|-weather|Sandstorm|[upkeep]
|-damage|p2a: Kyurem|69/100|[from] Sandstorm
|-heal|p2a: Kyurem|75/100|[from] item: Leftovers
|upkeep
|
|t:|1760303914
|switch|p1a: Ogerpon|Ogerpon-Cornerstone, F|100/100
|-damage|p1a: Ogerpon|88/100|[from] Stealth Rock
|turn|13
|inactive|MooFarmer has 90 seconds left.
|inactive|MooFarmer has 60 seconds left.
|
|t:|1760303959
|switch|p2a: Corviknight|Corviknight, F|100/100
|-ability|p2a: Corviknight|Pressure
|move|p1a: Ogerpon|Swords Dance|p1a: Ogerpon
|-boost|p1a: Ogerpon|atk|2
|
|-weather|Sandstorm|[upkeep]
|upkeep
|turn|14
|j| turquoiselink
|inactive|MooFarmer has 60 seconds left.
|inactive|MooFarmer has 30 seconds left.
|
|t:|1760304003
|-terastallize|p1a: Ogerpon|Rock
|detailschange|p1a: Ogerpon|Ogerpon-Cornerstone-Tera, F, tera:Rock
|-ability|p1a: Ogerpon|Embody Aspect (Cornerstone)|boost
|-boost|p1a: Ogerpon|def|1
|move|p1a: Ogerpon|Ivy Cudgel|p2a: Corviknight|[anim] Ivy Cudgel Rock
|-damage|p2a: Corviknight|10/100
|move|p2a: Corviknight|U-turn|p1a: Ogerpon
|-damage|p1a: Ogerpon|75/100
|inactive|MooFarmer has 30 seconds left.
|
|t:|1760304012
|switch|p2a: Dondozo|Dondozo, M|100/100|[from] U-turn
|
|-weather|Sandstorm|[upkeep]
|-damage|p2a: Dondozo|94/100|[from] Sandstorm
|-heal|p2a: Dondozo|100/100|[from] item: Leftovers
|upkeep
|turn|15
|
|t:|1760304020
|switch|p1a: Dragapult|Dragapult, F|80/100 brn
|-damage|p1a: Dragapult|67/100 brn|[from] Stealth Rock
|move|p2a: Dondozo|Waterfall|p1a: Dragapult
|-resisted|p1a: Dragapult
|-damage|p1a: Dragapult|45/100 brn
|
|-weather|none
|-heal|p1a: Dragapult|51/100 brn|[from] item: Leftovers
|-damage|p1a: Dragapult|45/100 brn|[from] brn
|upkeep
|turn|16
|
|t:|1760304029
|switch|p1a: Great Tusk|Great Tusk|100/100
|-damage|p1a: Great Tusk|98/100|[from] Stealth Rock
|switch|p2a: Slowking|Slowking-Galar, L99, F|100/100
|
|upkeep
|turn|17
|
|t:|1760304037
|switch|p2a: Corviknight|Corviknight, F|10/100
|-ability|p2a: Corviknight|Pressure
|move|p1a: Great Tusk|Rapid Spin|p2a: Corviknight
|-resisted|p2a: Corviknight
|-damage|p2a: Corviknight|5/100
|-boost|p1a: Great Tusk|spe|1
|-damage|p1a: Great Tusk|81/100|[from] item: Rocky Helmet|[of] p2a: Corviknight
|-sideend|p1: AjonymousNon|Stealth Rock|[from] move: Rapid Spin|[of] p1a: Great Tusk
|
|upkeep
|turn|18
|
|t:|1760304048
|move|p1a: Great Tusk|Ice Spinner|p2a: Corviknight
|-damage|p2a: Corviknight|0 fnt
|-damage|p1a: Great Tusk|65/100|[from] item: Rocky Helmet|[of] p2a: Corviknight
|faint|p2a: Corviknight
|
|upkeep
|
|t:|1760304057
|switch|p2a: Dondozo|Dondozo, M|100/100
|turn|19
|
|t:|1760304065
|-end|p1a: Great Tusk|Protosynthesis|[silent]
|switch|p1a: Rillaboom|Rillaboom, F|91/100
|-fieldstart|move: Grassy Terrain|[from] ability: Grassy Surge|[of] p1a: Rillaboom
|move|p2a: Dondozo|Waterfall|p1a: Rillaboom
|-resisted|p1a: Rillaboom
|-damage|p1a: Rillaboom|77/100
|
|-heal|p1a: Rillaboom|83/100|[from] Grassy Terrain
|upkeep
|turn|20
|inactive|MooFarmer has 60 seconds left.
|
|t:|1760304074
|move|p1a: Rillaboom|Wood Hammer|p2a: Dondozo
|-supereffective|p2a: Dondozo
|-damage|p2a: Dondozo|0 fnt
|faint|p2a: Dondozo
|-damage|p1a: Rillaboom|34/100|[from] Recoil
|
|-heal|p1a: Rillaboom|40/100|[from] Grassy Terrain
|upkeep
|inactive|MooFarmer has 60 seconds left.
|
|t:|1760304083
|switch|p2a: Kyurem|Kyurem|75/100
|-ability|p2a: Kyurem|Pressure
|turn|21
|
|t:|1760304092
|switch|p1a: Great Tusk|Great Tusk|65/100
|move|p2a: Kyurem|Freeze-Dry|p1a: Great Tusk
|-supereffective|p1a: Great Tusk
|-damage|p1a: Great Tusk|19/100
|-status|p1a: Great Tusk|frz
|
|-heal|p2a: Kyurem|81/100|[from] Grassy Terrain
|-heal|p2a: Kyurem|87/100|[from] item: Leftovers
|-heal|p1a: Great Tusk|25/100 frz|[from] Grassy Terrain
|upkeep
|turn|22
|j| weenux
|
|t:|1760304101
|move|p2a: Kyurem|Substitute|p2a: Kyurem
|-start|p2a: Kyurem|Substitute
|-damage|p2a: Kyurem|62/100
|cant|p1a: Great Tusk|frz
|
|-heal|p2a: Kyurem|69/100|[from] Grassy Terrain
|-heal|p2a: Kyurem|75/100|[from] item: Leftovers
|-heal|p1a: Great Tusk|32/100 frz|[from] Grassy Terrain
|upkeep
|turn|23
|
|t:|1760304109
|move|p2a: Kyurem|Freeze-Dry|p1a: Great Tusk
|-supereffective|p1a: Great Tusk
|-damage|p1a: Great Tusk|0 fnt
|faint|p1a: Great Tusk
|-end|p1a: Great Tusk|Protosynthesis|[silent]
|
|-heal|p2a: Kyurem|81/100|[from] Grassy Terrain
|-heal|p2a: Kyurem|87/100|[from] item: Leftovers
|-fieldend|move: Grassy Terrain
|upkeep
|
|t:|1760304112
|switch|p1a: Dragapult|Dragapult, F|45/100 brn
|turn|24
|
|t:|1760304120
|move|p1a: Dragapult|Dragon Darts|p2a: Kyurem
|-supereffective|p2a: Kyurem
|-activate|p2a: Kyurem|move: Substitute|[damage]
|-anim|p1a: Dragapult|Dragon Darts|p2a: Kyurem
|-supereffective|p2a: Kyurem
|-crit|p2a: Kyurem
|-end|p2a: Kyurem|Substitute
|move|p2a: Kyurem|Freeze-Dry|p1a: Dragapult
|-supereffective|p1a: Dragapult
|-damage|p1a: Dragapult|0 fnt
|faint|p1a: Dragapult
|
|-heal|p2a: Kyurem|93/100|[from] item: Leftovers
|upkeep
|
|t:|1760304122
|switch|p1a: Ogerpon|Ogerpon-Cornerstone-Tera, F, tera:Rock|75/100
|-ability|p1a: Ogerpon|Embody Aspect (Cornerstone)|boost
|-boost|p1a: Ogerpon|def|1
|turn|25
|inactive|MooFarmer has 90 seconds left.
|j| RagingBoltLover
|inactive|MooFarmer has 60 seconds left.
|j| Samurajen
|
|t:|1760304168
|-terastallize|p2a: Kyurem|Ground
|move|p1a: Ogerpon|Horn Leech|p2a: Kyurem
|-supereffective|p2a: Kyurem
|-damage|p2a: Kyurem|18/100
|-heal|p1a: Ogerpon|100/100|[from] drain|[of] p2a: Kyurem
|move|p2a: Kyurem|Earth Power|p1a: Ogerpon
|-supereffective|p1a: Ogerpon
|-damage|p1a: Ogerpon|0 fnt
|faint|p1a: Ogerpon
|detailschange|p1: Ogerpon|Ogerpon-Cornerstone, F|[silent]
|
|-heal|p2a: Kyurem|24/100|[from] item: Leftovers
|upkeep
|
|t:|1760304177
|switch|p1a: Rillaboom|Rillaboom, F|40/100
|-fieldstart|move: Grassy Terrain|[from] ability: Grassy Surge|[of] p1a: Rillaboom
|turn|26
|j| pphuh
|inactive|MooFarmer has 60 seconds left.
|inactive|MooFarmer has 30 seconds left.
|
|t:|1760304221
|move|p2a: Kyurem|Protect|p2a: Kyurem
|-singleturn|p2a: Kyurem|Protect
|move|p1a: Rillaboom|Grassy Glide|p2a: Kyurem
|-activate|p2a: Kyurem|move: Protect
|
|-heal|p2a: Kyurem|30/100|[from] Grassy Terrain
|-heal|p2a: Kyurem|36/100|[from] item: Leftovers
|-heal|p1a: Rillaboom|47/100|[from] Grassy Terrain
|upkeep
|turn|27
|
|t:|1760304229
|switch|p2a: Slowking|Slowking-Galar, L99, F|100/100
|switch|p1a: Corviknight|Corviknight, M|100/100
|-ability|p1a: Corviknight|Pressure
|
|upkeep
|turn|28
|
|t:|1760304238
|move|p1a: Corviknight|Brave Bird|p2a: Slowking
|-damage|p2a: Slowking|65/100
|-damage|p1a: Corviknight|89/100|[from] Recoil
|move|p2a: Slowking|Sludge Bomb|p1a: Corviknight
|-immune|p1a: Corviknight
|
|-heal|p2a: Slowking|71/100|[from] Grassy Terrain
|upkeep
|turn|29
|
|t:|1760304248
|move|p1a: Corviknight|Brave Bird|p2a: Slowking
|-damage|p2a: Slowking|34/100
|-damage|p1a: Corviknight|77/100|[from] Recoil
|-prepare|p2a: Slowking|Chilly Reception|[premajor]
|move|p2a: Slowking|Chilly Reception|p2a: Slowking
|-weather|Snowscape
|
|t:|1760304257
|switch|p2a: Cinderace|Cinderace, M|23/100|[from] Chilly Reception
|
|-weather|Snowscape|[upkeep]
|-heal|p2a: Cinderace|29/100|[from] Grassy Terrain
|upkeep
|turn|30
|
|t:|1760304265
|move|p2a: Cinderace|Pyro Ball|p1a: Corviknight
|-supereffective|p1a: Corviknight
|-damage|p1a: Corviknight|0 fnt
|faint|p1a: Corviknight
|
|-weather|Snowscape|[upkeep]
|-heal|p2a: Cinderace|35/100|[from] Grassy Terrain
|-fieldend|move: Grassy Terrain
|upkeep
|c|☆AjonymousNon|gg
|-message|AjonymousNon forfeited.
|
|win|MooFarmer
|raw|AjonymousNon's rating: 1864 &rarr; <strong>1843</strong><br />(-21 for losing)
|raw|MooFarmer's rating: 1853 &rarr; <strong>1874</strong><br />(+21 for winning)
|l|☆MooFarmer
|player|p2|
|l|☆AjonymousNon
|player|p1|
|l| weenux
|l| pphuh
|l| turquoiselink
|l| Ctannn
