|j|☆Cinder D Ace
|j|☆vegancrosfit
|t:|1760360476
|gametype|singles
|player|p1|Cinder D Ace|parasollady|1570
|player|p2|vegancrosfit|cyclist-gen4|1577
|gen|9
|tier|[Gen 9] OU
|rated|
|rule|HP Percentage Mod: HP is shown in percentages
|rule|Endless Battle Clause: Forcing endless battles is banned
|rule|Species Clause: Limit one of each Pokémon
|rule|OHKO Clause: OHKO moves are banned
|rule|Evasion Items Clause: Evasion items are banned
|rule|Evasion Moves Clause: Evasion moves are banned
|rule|Evasion Abilities Clause: Evasion abilities are banned
|rule|Sleep Moves Clause: Sleep-inducing moves are banned
|clearpoke
|poke|p1|Cinderace, F|
|poke|p1|Iron Valiant|
|poke|p1|Kingambit, M|
|poke|p1|Slowking-Galar, F|
|poke|p1|Alomomola, F|
|poke|p1|Landorus-Therian, M|
|poke|p2|Iron Treads|
|poke|p2|Toxicroak, F|
|poke|p2|Barraskewda, F|
|poke|p2|Hatterene, F|
|poke|p2|Pelipper, F|
|poke|p2|Raging Bolt|
|teampreview
|inactive|Battle timer is ON: inactive players will automatically lose when time's up. (requested by vegancrosfit)
|inactive|Cinder D Ace also wants the timer to be on.
|
|t:|1760360491
|teamsize|p1|6
|teamsize|p2|6
|start
|switch|p1a: Slowking|Slowking-Galar, F|100/100
|switch|p2a: Raging Bolt|Raging Bolt|100/100
|turn|1
|
|t:|1760360501
|switch|p1a: Landorus|Landorus-Therian, M|100/100
|-ability|p1a: Landorus|Intimidate|boost
|-unboost|p2a: Raging Bolt|atk|1
|move|p2a: Raging Bolt|Thunder|p1a: Landorus
|-immune|p1a: Landorus
|
|upkeep
|turn|2
|
|t:|1760360506
|-end|p2a: Raging Bolt|Protosynthesis|[silent]
|switch|p2a: Hatterene|Hatterene, F|100/100
|move|p1a: Landorus|Stone Edge|p2a: Hatterene
|-damage|p2a: Hatterene|56/100
|
|-heal|p2a: Hatterene|62/100|[from] item: Leftovers
|upkeep
|turn|3
|
|t:|1760360512
|switch|p1a: Slowking|Slowking-Galar, F|100/100
|switch|p2a: Pelipper|Pelipper, F|100/100
|-weather|RainDance|[from] ability: Drizzle|[of] p2a: Pelipper
|
|-weather|RainDance|[upkeep]
|upkeep
|turn|4
|
|t:|1760360518
|move|p2a: Pelipper|U-turn|p1a: Slowking
|-damage|p1a: Slowking|91/100
|
|t:|1760360521
|switch|p2a: Raging Bolt|Raging Bolt|100/100|[from] U-turn
|move|p1a: Slowking|Ice Beam|p2a: Raging Bolt
|-supereffective|p2a: Raging Bolt
|-damage|p2a: Raging Bolt|50/100
|
|-weather|RainDance|[upkeep]
|upkeep
|turn|5
|
|t:|1760360527
|move|p2a: Raging Bolt|Draco Meteor|p1a: Slowking
|-damage|p1a: Slowking|30/100
|-unboost|p2a: Raging Bolt|spa|2
|move|p1a: Slowking|Ice Beam|p2a: Raging Bolt
|-supereffective|p2a: Raging Bolt
|-damage|p2a: Raging Bolt|0 fnt
|faint|p2a: Raging Bolt
|-end|p2a: Raging Bolt|Protosynthesis|[silent]
|
|-weather|RainDance|[upkeep]
|upkeep
|
|t:|1760360530
|switch|p2a: Barraskewda|Barraskewda, F|100/100
|turn|6
|
|t:|1760360532
|switch|p1a: Alomomola|Alomomola, F|100/100
|move|p2a: Barraskewda|Close Combat|p1a: Alomomola
|-damage|p1a: Alomomola|65/100
|-unboost|p2a: Barraskewda|def|1
|-unboost|p2a: Barraskewda|spd|1
|
|-weather|RainDance|[upkeep]
|upkeep
|turn|7
|
|t:|1760360535
|switch|p2a: Toxicroak|Toxicroak, F|100/100
|move|p1a: Alomomola|Flip Turn|p2a: Toxicroak
|-immune|p2a: Toxicroak|[from] ability: Dry Skin
|
|-weather|RainDance|[upkeep]
|upkeep
|turn|8
|
|t:|1760360541
|switch|p1a: Slowking|Slowking-Galar, F|64/100
|move|p2a: Toxicroak|Knock Off|p1a: Slowking
|-supereffective|p1a: Slowking
|-damage|p1a: Slowking|19/100
|-enditem|p1a: Slowking|Assault Vest|[from] move: Knock Off|[of] p2a: Toxicroak
|
|-weather|RainDance|[upkeep]
|upkeep
|turn|9
|
|t:|1760360546
|switch|p1a: Alomomola|Alomomola, F|98/100
|move|p2a: Toxicroak|Knock Off|p1a: Alomomola
|-crit|p1a: Alomomola
|-damage|p1a: Alomomola|78/100
|-enditem|p1a: Alomomola|Heavy-Duty Boots|[from] move: Knock Off|[of] p2a: Toxicroak
|
|-weather|RainDance|[upkeep]
|upkeep
|turn|10
|
|t:|1760360549
|move|p2a: Toxicroak|Toxic|p1a: Alomomola
|-status|p1a: Alomomola|tox
|move|p1a: Alomomola|Wish|p1a: Alomomola
|
|-weather|none
|-damage|p1a: Alomomola|72/100 tox|[from] psn
|upkeep
|turn|11
|
|t:|1760360553
|switch|p1a: Slowking|Slowking-Galar, F|52/100
|move|p2a: Toxicroak|Knock Off|p1a: Slowking
|-supereffective|p1a: Slowking
|-damage|p1a: Slowking|20/100
|
|-heal|p1a: Slowking|88/100|[from] move: Wish|[wisher] Alomomola
|upkeep
|turn|12
|
|t:|1760360564
|switch|p2a: Iron Treads|Iron Treads|100/100
|move|p1a: Slowking|Flamethrower|p2a: Iron Treads
|-supereffective|p2a: Iron Treads
|-damage|p2a: Iron Treads|72/100
|
|upkeep
|turn|13
|
|t:|1760360571
|switch|p1a: Alomomola|Alomomola, F|100/100 tox
|move|p2a: Iron Treads|Volt Switch|p1a: Alomomola
|-supereffective|p1a: Alomomola
|-damage|p1a: Alomomola|74/100 tox
|
|t:|1760360583
|-end|p2a: Iron Treads|Quark Drive|[silent]
|switch|p2a: Barraskewda|Barraskewda, F|100/100|[from] Volt Switch
|
|-damage|p1a: Alomomola|67/100 tox|[from] psn
|upkeep
|turn|14
|
|t:|1760360586
|move|p2a: Barraskewda|Flip Turn|p1a: Alomomola
|-resisted|p1a: Alomomola
|-damage|p1a: Alomomola|55/100 tox
|
|t:|1760360589
|switch|p2a: Toxicroak|Toxicroak, F|100/100|[from] Flip Turn
|move|p1a: Alomomola|Wish|p1a: Alomomola
|
|-damage|p1a: Alomomola|43/100 tox|[from] psn
|upkeep
|turn|15
|
|t:|1760360596
|switch|p1a: Slowking|Slowking-Galar, F|100/100
|move|p2a: Toxicroak|Knock Off|p1a: Slowking
|-supereffective|p1a: Slowking
|-damage|p1a: Slowking|65/100
|
|-heal|p1a: Slowking|100/100|[from] move: Wish|[wisher] Alomomola
|upkeep
|turn|16
|
|t:|1760360602
|switch|p2a: Iron Treads|Iron Treads|72/100
|move|p1a: Slowking|Flamethrower|p2a: Iron Treads
|-supereffective|p2a: Iron Treads
|-damage|p2a: Iron Treads|41/100
|
|upkeep
|turn|17
|
|t:|1760360606
|switch|p1a: Landorus|Landorus-Therian, M|100/100
|-ability|p1a: Landorus|Intimidate|boost
|-unboost|p2a: Iron Treads|atk|1
|move|p2a: Iron Treads|Earthquake|p1a: Landorus
|-immune|p1a: Landorus
|
|upkeep
|turn|18
|
|t:|1760360611
|-end|p2a: Iron Treads|Quark Drive|[silent]
|switch|p2a: Hatterene|Hatterene, F|62/100
|move|p1a: Landorus|U-turn|p2a: Hatterene
|-damage|p2a: Hatterene|31/100
|
|t:|1760360619
|switch|p1a: Slowking|Slowking-Galar, F|100/100|[from] U-turn
|
|-heal|p2a: Hatterene|37/100|[from] item: Leftovers
|upkeep
|turn|19
|
|t:|1760360621
|move|p1a: Slowking|Sludge Bomb|p2a: Hatterene
|-supereffective|p2a: Hatterene
|-damage|p2a: Hatterene|0 fnt
|faint|p2a: Hatterene
|
|upkeep
|
|t:|1760360625
|switch|p2a: Barraskewda|Barraskewda, F|100/100
|turn|20
|
|t:|1760360631
|switch|p1a: Alomomola|Alomomola, F|76/100 tox
|-terastallize|p2a: Barraskewda|Water
|move|p2a: Barraskewda|Liquidation|p1a: Alomomola
|-resisted|p1a: Alomomola
|-damage|p1a: Alomomola|52/100 tox
|
|-damage|p1a: Alomomola|46/100 tox|[from] psn
|upkeep
|turn|21
|
|t:|1760360638
|move|p2a: Barraskewda|Liquidation|p1a: Alomomola
|-resisted|p1a: Alomomola
|-damage|p1a: Alomomola|22/100 tox
|move|p1a: Alomomola|Flip Turn|p2a: Barraskewda
|-resisted|p2a: Barraskewda
|-damage|p2a: Barraskewda|86/100
|
|t:|1760360641
|switch|p1a: Landorus|Landorus-Therian, M|100/100|[from] Flip Turn
|-ability|p1a: Landorus|Intimidate|boost
|-unboost|p2a: Barraskewda|atk|1
|
|upkeep
|turn|22
|
|t:|1760360651
|switch|p2a: Pelipper|Pelipper, F|100/100
|-weather|RainDance|[from] ability: Drizzle|[of] p2a: Pelipper
|move|p1a: Landorus|U-turn|p2a: Pelipper
|-resisted|p2a: Pelipper
|-damage|p2a: Pelipper|90/100
|
|t:|1760360653
|switch|p1a: Alomomola|Alomomola, F|55/100 tox|[from] U-turn
|
|-weather|RainDance|[upkeep]
|-damage|p1a: Alomomola|49/100 tox|[from] psn
|upkeep
|turn|23
|
|t:|1760360656
|switch|p1a: Slowking|Slowking-Galar, F|100/100
|move|p2a: Pelipper|Hurricane|p1a: Slowking
|-damage|p1a: Slowking|76/100
|
|-weather|RainDance|[upkeep]
|upkeep
|turn|24
|
|t:|1760360662
|move|p2a: Pelipper|U-turn|p1a: Slowking
|-damage|p1a: Slowking|67/100
|
|t:|1760360665
|switch|p2a: Iron Treads|Iron Treads|41/100|[from] U-turn
|move|p1a: Slowking|Sludge Bomb|p2a: Iron Treads
|-immune|p2a: Iron Treads
|
|-weather|RainDance|[upkeep]
|upkeep
|turn|25
|
|t:|1760360672
|switch|p1a: Landorus|Landorus-Therian, M|100/100
|-ability|p1a: Landorus|Intimidate|boost
|-unboost|p2a: Iron Treads|atk|1
|move|p2a: Iron Treads|Earthquake|p1a: Landorus
|-immune|p1a: Landorus
|
|-weather|RainDance|[upkeep]
|upkeep
|turn|26
|
|t:|1760360677
|move|p1a: Landorus|U-turn|p2a: Iron Treads
|-resisted|p2a: Iron Treads
|-damage|p2a: Iron Treads|31/100
|
|t:|1760360679
|switch|p1a: Alomomola|Alomomola, F|83/100 tox|[from] U-turn
|move|p2a: Iron Treads|Rapid Spin|p1a: Alomomola
|-crit|p1a: Alomomola
|-damage|p1a: Alomomola|72/100 tox
|-boost|p2a: Iron Treads|spe|1
|
|-weather|RainDance|[upkeep]
|-damage|p1a: Alomomola|66/100 tox|[from] psn
|upkeep
|turn|27
|
|t:|1760360685
|switch|p1a: Landorus|Landorus-Therian, M|100/100
|-ability|p1a: Landorus|Intimidate|boost
|-unboost|p2a: Iron Treads|atk|1
|move|p2a: Iron Treads|Iron Head|p1a: Landorus
|-damage|p1a: Landorus|83/100
|
|-weather|RainDance|[upkeep]
|upkeep
|turn|28
|
|t:|1760360697
|-end|p2a: Iron Treads|Quark Drive|[silent]
|switch|p2a: Pelipper|Pelipper, F|90/100
|move|p1a: Landorus|U-turn|p2a: Pelipper
|-resisted|p2a: Pelipper
|-damage|p2a: Pelipper|79/100
|
|t:|1760360701
|switch|p1a: Slowking|Slowking-Galar, F|99/100|[from] U-turn
|
|-weather|RainDance|[upkeep]
|upkeep
|turn|29
|
|t:|1760360707
|move|p2a: Pelipper|U-turn|p1a: Slowking
|-damage|p1a: Slowking|90/100
|
|t:|1760360709
|switch|p2a: Barraskewda|Barraskewda, F, tera:Water|86/100|[from] U-turn
|move|p1a: Slowking|Psyshock|p2a: Barraskewda
|-damage|p2a: Barraskewda|7/100
|
|-weather|none
|upkeep
|turn|30
|
|t:|1760360713
|switch|p1a: Alomomola|Alomomola, F|99/100 tox
|move|p2a: Barraskewda|Liquidation|p1a: Alomomola
|-resisted|p1a: Alomomola
|-damage|p1a: Alomomola|75/100 tox
|
|-damage|p1a: Alomomola|69/100 tox|[from] psn
|upkeep
|turn|31
|
|t:|1760360720
|switch|p2a: Toxicroak|Toxicroak, F|100/100
|move|p1a: Alomomola|Wish|p1a: Alomomola
|
|-damage|p1a: Alomomola|57/100 tox|[from] psn
|upkeep
|turn|32
|
|t:|1760360728
|switch|p1a: Slowking|Slowking-Galar, F|100/100
|move|p2a: Toxicroak|Knock Off|p1a: Slowking
|-supereffective|p1a: Slowking
|-damage|p1a: Slowking|70/100
|
|-heal|p1a: Slowking|100/100|[from] move: Wish|[wisher] Alomomola
|upkeep
|turn|33
|
|t:|1760360735
|switch|p2a: Pelipper|Pelipper, F|79/100
|-weather|RainDance|[from] ability: Drizzle|[of] p2a: Pelipper
|move|p1a: Slowking|Flamethrower|p2a: Pelipper
|-resisted|p2a: Pelipper
|-damage|p2a: Pelipper|70/100
|
|-weather|RainDance|[upkeep]
|upkeep
|turn|34
|
|t:|1760360739
|move|p2a: Pelipper|U-turn|p1a: Slowking
|-damage|p1a: Slowking|92/100
|
|t:|1760360742
|switch|p2a: Iron Treads|Iron Treads|31/100|[from] U-turn
|move|p1a: Slowking|Sludge Bomb|p2a: Iron Treads
|-immune|p2a: Iron Treads
|
|-weather|RainDance|[upkeep]
|upkeep
|turn|35
|
|t:|1760360751
|switch|p1a: Alomomola|Alomomola, F|90/100 tox
|move|p2a: Iron Treads|Iron Head|p1a: Alomomola
|-resisted|p1a: Alomomola
|-damage|p1a: Alomomola|82/100 tox
|
|-weather|RainDance|[upkeep]
|-damage|p1a: Alomomola|76/100 tox|[from] psn
|upkeep
|turn|36
|
|t:|1760360760
|switch|p1a: Landorus|Landorus-Therian, M|83/100
|-ability|p1a: Landorus|Intimidate|boost
|-unboost|p2a: Iron Treads|atk|1
|move|p2a: Iron Treads|Earthquake|p1a: Landorus
|-immune|p1a: Landorus
|
|-weather|RainDance|[upkeep]
|upkeep
|turn|37
|
|t:|1760360765
|-end|p2a: Iron Treads|Quark Drive|[silent]
|switch|p2a: Pelipper|Pelipper, F|70/100
|move|p1a: Landorus|U-turn|p2a: Pelipper
|-resisted|p2a: Pelipper
|-damage|p2a: Pelipper|61/100
|
|t:|1760360767
|switch|p1a: Slowking|Slowking-Galar, F|100/100|[from] U-turn
|
|-weather|RainDance|[upkeep]
|upkeep
|turn|38
|
|t:|1760360770
|move|p2a: Pelipper|Roost|p2a: Pelipper
|-heal|p2a: Pelipper|100/100
|-singleturn|p2a: Pelipper|move: Roost
|move|p1a: Slowking|Psyshock|p2a: Pelipper
|-damage|p2a: Pelipper|73/100
|
|-weather|RainDance|[upkeep]
|upkeep
|turn|39
|
|t:|1760360774
|move|p2a: Pelipper|Hurricane|p1a: Slowking
|-damage|p1a: Slowking|74/100
|move|p1a: Slowking|Psyshock|p2a: Pelipper
|-damage|p2a: Pelipper|45/100
|
|-weather|RainDance|[upkeep]
|upkeep
|turn|40
|
|t:|1760360778
|move|p2a: Pelipper|U-turn|p1a: Slowking
|-damage|p1a: Slowking|64/100
|
|t:|1760360781
|switch|p2a: Iron Treads|Iron Treads|31/100|[from] U-turn
|move|p1a: Slowking|Sludge Bomb|p2a: Iron Treads
|-immune|p2a: Iron Treads
|
|-weather|none
|upkeep
|turn|41
|
|t:|1760360790
|-end|p2a: Iron Treads|Quark Drive|[silent]
|switch|p2a: Pelipper|Pelipper, F|45/100
|-weather|RainDance|[from] ability: Drizzle|[of] p2a: Pelipper
|switch|p1a: Landorus|Landorus-Therian, M|83/100
|-ability|p1a: Landorus|Intimidate|boost
|-unboost|p2a: Pelipper|atk|1
|
|-weather|RainDance|[upkeep]
|upkeep
|turn|42
|
|t:|1760360795
|move|p1a: Landorus|Stone Edge|p2a: Pelipper
|-supereffective|p2a: Pelipper
|-damage|p2a: Pelipper|0 fnt
|faint|p2a: Pelipper
|
|-weather|RainDance|[upkeep]
|upkeep
|
|t:|1760360799
|switch|p2a: Barraskewda|Barraskewda, F, tera:Water|7/100
|turn|43
|
|t:|1760360801
|switch|p1a: Alomomola|Alomomola, F|100/100 tox
|move|p2a: Barraskewda|Liquidation|p1a: Alomomola
|-resisted|p1a: Alomomola
|-damage|p1a: Alomomola|65/100 tox
|
|-weather|RainDance|[upkeep]
|-damage|p1a: Alomomola|59/100 tox|[from] psn
|upkeep
|turn|44
|
|t:|1760360810
|move|p2a: Barraskewda|Liquidation|p1a: Alomomola
|-resisted|p1a: Alomomola
|-damage|p1a: Alomomola|19/100 tox
|move|p1a: Alomomola|Wish|p1a: Alomomola
|
|-weather|RainDance|[upkeep]
|-damage|p1a: Alomomola|7/100 tox|[from] psn
|upkeep
|turn|45
|
|t:|1760360826
|move|p1a: Alomomola|Protect|p1a: Alomomola
|-singleturn|p1a: Alomomola|Protect
|move|p2a: Barraskewda|Liquidation|p1a: Alomomola
|-activate|p1a: Alomomola|move: Protect
|
|-weather|RainDance|[upkeep]
|-heal|p1a: Alomomola|57/100 tox|[from] move: Wish|[wisher] Alomomola
|-damage|p1a: Alomomola|39/100 tox|[from] psn
|upkeep
|turn|46
|
|t:|1760360835
|switch|p1a: Kingambit|Kingambit, M|100/100
|move|p2a: Barraskewda|Liquidation|p1a: Kingambit
|-damage|p1a: Kingambit|0 fnt
|faint|p1a: Kingambit
|-end|p1a: Kingambit|fallenundefined|[silent]
|
|-weather|RainDance|[upkeep]
|upkeep
|
|t:|1760360839
|switch|p1a: Alomomola|Alomomola, F|72/100 tox
|turn|47
|
|t:|1760360842
|switch|p2a: Toxicroak|Toxicroak, F|100/100
|move|p1a: Alomomola|Wish|p1a: Alomomola
|
|-weather|RainDance|[upkeep]
|-damage|p1a: Alomomola|66/100 tox|[from] psn
|upkeep
|turn|48
|
|t:|1760360851
|switch|p1a: Slowking|Slowking-Galar, F|97/100
|move|p2a: Toxicroak|Knock Off|p1a: Slowking
|-supereffective|p1a: Slowking
|-damage|p1a: Slowking|64/100
|
|-weather|none
|-heal|p1a: Slowking|100/100|[from] move: Wish|[wisher] Alomomola
|upkeep
|turn|49
|
|t:|1760360856
|switch|p2a: Iron Treads|Iron Treads|31/100
|move|p1a: Slowking|Flamethrower|p2a: Iron Treads
|-supereffective|p2a: Iron Treads
|-damage|p2a: Iron Treads|3/100
|
|upkeep
|turn|50
|
|t:|1760360866
|switch|p1a: Landorus|Landorus-Therian, M|83/100
|-ability|p1a: Landorus|Intimidate|boost
|-unboost|p2a: Iron Treads|atk|1
|move|p2a: Iron Treads|Earthquake|p1a: Landorus
|-immune|p1a: Landorus
|
|upkeep
|turn|51
|
|t:|1760360871
|move|p1a: Landorus|Earthquake|p2a: Iron Treads
|-supereffective|p2a: Iron Treads
|-damage|p2a: Iron Treads|0 fnt
|faint|p2a: Iron Treads
|-end|p2a: Iron Treads|Quark Drive|[silent]
|
|upkeep
|
|t:|1760360874
|switch|p2a: Barraskewda|Barraskewda, F, tera:Water|7/100
|turn|52
|
|t:|1760360878
|move|p1a: Landorus|Earthquake|p2a: Barraskewda
|-damage|p2a: Barraskewda|0 fnt
|faint|p2a: Barraskewda
|
|upkeep
|-message|vegancrosfit forfeited.
|
|win|Cinder D Ace
|raw|Cinder D Ace's rating: 1570 &rarr; <strong>1590</strong><br />(+20 for winning)
|raw|vegancrosfit's rating: 1577 &rarr; <strong>1557</strong><br />(-20 for losing)
|l|☆vegancrosfit
|player|p2|
|l|☆Cinder D Ace
|player|p1|
