|j|☆Thomas DaReain232
|j|☆AlexCHZ
|t:|1760410142
|gametype|singles
|player|p1|Thomas DaReain232|brawly|1090
|player|p2|AlexCHZ|hilbert-wonderlauncher|1099
|gen|9
|tier|[Gen 9] OU
|rated|
|rule|HP Percentage Mod: HP is shown in percentages
|rule|Endless Battle Clause: Forcing endless battles is banned
|rule|Species Clause: Limit one of each Pokémon
|rule|OHKO Clause: OHKO moves are banned
|rule|Evasion Items Clause: Evasion items are banned
|rule|Evasion Moves Clause: Evasion moves are banned
|rule|Evasion Abilities Clause: Evasion abilities are banned
|rule|Sleep Moves Clause: Sleep-inducing moves are banned
|clearpoke
|poke|p1|Ceruledge, M|
|poke|p1|Samurott-Hisui, M|
|poke|p1|Enamorus-Therian, F|
|poke|p1|Toxapex, M|
|poke|p1|Garchomp, M|
|poke|p1|Tornadus-Therian, M|
|poke|p2|Pincurchin, F|
|poke|p2|Hawlucha, F|
|poke|p2|Iron Moth|
|poke|p2|Moltres-Galar|
|poke|p2|Ditto|
|poke|p2|Froslass, F|
|teampreview
|inactive|Battle timer is ON: inactive players will automatically lose when time's up. (requested by Thomas DaReain232)
|
|t:|1760410161
|teamsize|p1|6
|teamsize|p2|6
|start
|switch|p1a: Samurott|Samurott-Hisui, M|100/100
|switch|p2a: Moltres|Moltres-Galar|100/100
|turn|1
|
|t:|1760410181
|move|p2a: Moltres|Air Slash|p1a: Samurott
|-damage|p1a: Samurott|49/100
|cant|p1a: Samurott|flinch
|
|upkeep
|turn|2
|
|t:|1760410188
|switch|p1a: Enamorus|Enamorus-Therian, F|100/100
|move|p2a: Moltres|Air Slash|p1a: Enamorus
|-damage|p1a: Enamorus|81/100
|
|upkeep
|turn|3
|
|t:|1760410198
|-terastallize|p2a: Moltres|Fire
|move|p2a: Moltres|Nasty Plot|p2a: Moltres
|-boost|p2a: Moltres|spa|2
|move|p1a: Enamorus|Draining Kiss|p2a: Moltres
|-resisted|p2a: Moltres
|-damage|p2a: Moltres|87/100
|-heal|p1a: Enamorus|92/100|[from] drain|[of] p2a: Moltres
|
|upkeep
|turn|4
|
|t:|1760410209
|move|p2a: Moltres|Air Slash|p1a: Enamorus
|-damage|p1a: Enamorus|48/100
|move|p1a: Enamorus|Earth Power|p2a: Moltres
|-supereffective|p2a: Moltres
|-damage|p2a: Moltres|21/100
|-enditem|p2a: Moltres|Salac Berry|[eat]
|-boost|p2a: Moltres|spe|1|[from] item: Salac Berry
|-ability|p2a: Moltres|Berserk|boost
|-boost|p2a: Moltres|spa|1
|
|upkeep
|turn|5
|
|t:|1760410225
|switch|p1a: Tornadus|Tornadus-Therian, M|100/100
|move|p2a: Moltres|Tera Blast|p1a: Tornadus|[anim] Tera Blast Fire
|-damage|p1a: Tornadus|1/100
|
|upkeep
|turn|6
|
|t:|1760410237
|move|p1a: Tornadus|Bleakwind Storm|p2a: Moltres|[miss]
|-miss|p1a: Tornadus|p2a: Moltres
|move|p2a: Moltres|Air Slash|p1a: Tornadus
|-damage|p1a: Tornadus|0 fnt
|faint|p1a: Tornadus
|
|upkeep
|
|t:|1760410253
|switch|p1a: Samurott|Samurott-Hisui, M|49/100
|turn|7
|
|t:|1760410261
|move|p1a: Samurott|Aqua Jet|p2a: Moltres
|-supereffective|p2a: Moltres
|-damage|p2a: Moltres|0 fnt
|faint|p2a: Moltres
|
|upkeep
|
|t:|1760410268
|switch|p2a: Pincurchin|Pincurchin, F|100/100
|-fieldstart|move: Electric Terrain|[from] ability: Electric Surge|[of] p2a: Pincurchin
|turn|8
|inactive|Thomas DaReain232 has 120 seconds left.
|
|t:|1760410302
|switch|p1a: Garchomp|Garchomp, M|100/100
|move|p2a: Pincurchin|Zing Zap|p1a: Garchomp
|-immune|p1a: Garchomp
|
|upkeep
|turn|9
|
|t:|1760410311
|move|p1a: Garchomp|Stealth Rock|p2a: Pincurchin
|-sidestart|p2: AlexCHZ|move: Stealth Rock
|move|p2a: Pincurchin|Liquidation|p1a: Garchomp
|-damage|p1a: Garchomp|79/100
|-unboost|p1a: Garchomp|def|1
|-damage|p2a: Pincurchin|88/100|[from] ability: Rough Skin|[of] p1a: Garchomp
|-damage|p2a: Pincurchin|71/100|[from] item: Rocky Helmet|[of] p1a: Garchomp
|
|upkeep
|turn|10
|
|t:|1760410320
|move|p1a: Garchomp|Earthquake|p2a: Pincurchin
|-supereffective|p2a: Pincurchin
|-damage|p2a: Pincurchin|0 fnt
|faint|p2a: Pincurchin
|
|upkeep
|
|t:|1760410326
|switch|p2a: Hawlucha|Hawlucha, F|100/100
|-damage|p2a: Hawlucha|88/100|[from] Stealth Rock
|-enditem|p2a: Hawlucha|Electric Seed
|-boost|p2a: Hawlucha|def|1|[from] item: Electric Seed
|turn|11
|
|t:|1760410338
|move|p2a: Hawlucha|Encore|p1a: Garchomp
|-start|p1a: Garchomp|Encore
|move|p1a: Garchomp|Earthquake|p2a: Hawlucha
|-immune|p2a: Hawlucha
|
|upkeep
|turn|12
|
|t:|1760410349
|switch|p1a: Toxapex|Toxapex, M|100/100
|move|p2a: Hawlucha|Swords Dance|p2a: Hawlucha
|-boost|p2a: Hawlucha|atk|2
|
|upkeep
|turn|13
|
|t:|1760410358
|move|p1a: Toxapex|Baneful Bunker|p1a: Toxapex
|-singleturn|p1a: Toxapex|move: Protect
|move|p2a: Hawlucha|Acrobatics|p1a: Toxapex
|-activate|p1a: Toxapex|move: Protect
|-status|p2a: Hawlucha|psn
|
|-damage|p2a: Hawlucha|76/100 psn|[from] psn
|upkeep
|turn|14
|inactive|Thomas DaReain232 has 120 seconds left.
|
|t:|1760410398
|move|p2a: Hawlucha|Encore|p1a: Toxapex
|-start|p1a: Toxapex|Encore
|-enditem|p1a: Toxapex|Mental Herb
|-end|p1a: Toxapex|Encore
|move|p1a: Toxapex|Toxic Spikes|p2a: Hawlucha
|-sidestart|p2: AlexCHZ|move: Toxic Spikes
|
|-damage|p2a: Hawlucha|63/100 psn|[from] psn
|upkeep
|turn|15
|inactive|Thomas DaReain232 has 120 seconds left.
|
|t:|1760410406
|switch|p1a: Ceruledge|Ceruledge, M|100/100
|-item|p1a: Ceruledge|Air Balloon
|move|p2a: Hawlucha|Swords Dance|p2a: Hawlucha
|-boost|p2a: Hawlucha|atk|2
|
|-damage|p2a: Hawlucha|51/100 psn|[from] psn
|-fieldend|move: Electric Terrain
|upkeep
|turn|16
|inactive|Thomas DaReain232 has 120 seconds left.
|
|t:|1760410423
|switch|p1a: Toxapex|Toxapex, M|100/100
|move|p2a: Hawlucha|Acrobatics|p1a: Toxapex
|-damage|p1a: Toxapex|5/100
|
|-damage|p2a: Hawlucha|39/100 psn|[from] psn
|upkeep
|turn|17
|inactive|Thomas DaReain232 has 120 seconds left.
|
|t:|1760410436
|move|p1a: Toxapex|Baneful Bunker|p1a: Toxapex
|-singleturn|p1a: Toxapex|move: Protect
|move|p2a: Hawlucha|Acrobatics|p1a: Toxapex
|-activate|p1a: Toxapex|move: Protect
|
|-damage|p2a: Hawlucha|26/100 psn|[from] psn
|upkeep
|turn|18
|
|t:|1760410444
|switch|p1a: Garchomp|Garchomp, M|79/100
|move|p2a: Hawlucha|Acrobatics|p1a: Garchomp
|-damage|p1a: Garchomp|0 fnt
|-damage|p2a: Hawlucha|14/100 psn|[from] ability: Rough Skin|[of] p1a: Garchomp
|-damage|p2a: Hawlucha|0 fnt|[from] item: Rocky Helmet|[of] p1a: Garchomp
|faint|p1a: Garchomp
|faint|p2a: Hawlucha
|
|upkeep
|inactive|Thomas DaReain232 has 120 seconds left.
|
|t:|1760410468
|switch|p2a: Froslass|Froslass, F|100/100
|switch|p1a: Samurott|Samurott-Hisui, M|49/100
|-damage|p2a: Froslass|76/100|[from] Stealth Rock
|-status|p2a: Froslass|psn
|turn|19
|
|t:|1760410478
|-terastallize|p1a: Samurott|Ghost
|move|p2a: Froslass|Thunderbolt|p1a: Samurott
|-damage|p1a: Samurott|5/100
|-damage|p2a: Froslass|66/100 psn|[from] item: Life Orb
|move|p1a: Samurott|Ceaseless Edge|p2a: Froslass
|-supereffective|p2a: Froslass
|-damage|p2a: Froslass|0 fnt
|-sidestart|p2: AlexCHZ|Spikes
|faint|p2a: Froslass
|
|upkeep
|
|t:|1760410491
|switch|p2a: Iron Moth|Iron Moth|100/100
|-damage|p2a: Iron Moth|76/100|[from] Stealth Rock
|-sideend|p2: AlexCHZ|move: Toxic Spikes|[of] p2a: Iron Moth
|-damage|p2a: Iron Moth|63/100|[from] Spikes
|turn|20
|inactive|Thomas DaReain232 has 120 seconds left.
|
|t:|1760410502
|move|p2a: Iron Moth|Energy Ball|p1a: Samurott
|-crit|p1a: Samurott
|-damage|p1a: Samurott|0 fnt
|faint|p1a: Samurott
|
|upkeep
|
|t:|1760410506
|switch|p1a: Toxapex|Toxapex, M|39/100
|turn|21
|
|t:|1760410511
|move|p2a: Iron Moth|Meteor Beam||[still]
|-prepare|p2a: Iron Moth|Meteor Beam
|-boost|p2a: Iron Moth|spa|1
|-enditem|p2a: Iron Moth|Power Herb
|-anim|p2a: Iron Moth|Meteor Beam|p1a: Toxapex
|-damage|p1a: Toxapex|0 fnt
|faint|p1a: Toxapex
|
|upkeep
|
|t:|1760410518
|switch|p1a: Enamorus|Enamorus-Therian, F|48/100
|turn|22
|
|t:|1760410525
|move|p2a: Iron Moth|Flash Cannon|p1a: Enamorus
|-supereffective|p1a: Enamorus
|-damage|p1a: Enamorus|0 fnt
|faint|p1a: Enamorus
|
|upkeep
|
|t:|1760410528
|switch|p1a: Ceruledge|Ceruledge, M|100/100
|-item|p1a: Ceruledge|Air Balloon
|turn|23
|
|t:|1760410543
|move|p2a: Iron Moth|Flash Cannon|p1a: Ceruledge
|-resisted|p1a: Ceruledge
|-damage|p1a: Ceruledge|75/100
|-enditem|p1a: Ceruledge|Air Balloon
|move|p1a: Ceruledge|Swords Dance|p1a: Ceruledge
|-boost|p1a: Ceruledge|atk|2
|
|upkeep
|turn|24
|
|t:|1760410551
|move|p2a: Iron Moth|Flash Cannon|p1a: Ceruledge
|-resisted|p1a: Ceruledge
|-damage|p1a: Ceruledge|50/100
|move|p1a: Ceruledge|Bitter Blade|p2a: Iron Moth
|-resisted|p2a: Iron Moth
|-damage|p2a: Iron Moth|0 fnt
|-heal|p1a: Ceruledge|83/100|[from] drain|[of] p2a: Iron Moth
|faint|p2a: Iron Moth
|-end|p2a: Iron Moth|Quark Drive|[silent]
|
|upkeep
|
|t:|1760410560
|switch|p2a: Ditto|Ditto|100/100
|-damage|p2a: Ditto|88/100|[from] Stealth Rock
|-damage|p2a: Ditto|76/100|[from] Spikes
|-transform|p2a: Ditto|p1a: Ceruledge|[from] ability: Imposter
|turn|25
|
|t:|1760410570
|move|p2a: Ditto|Shadow Sneak|p1a: Ceruledge
|-supereffective|p1a: Ceruledge
|-damage|p1a: Ceruledge|0 fnt
|faint|p1a: Ceruledge
|
|win|AlexCHZ
|raw|Thomas DaReain232's rating: 1115 &rarr; <strong>1089</strong><br />(-26 for losing)
|raw|AlexCHZ's rating: 1099 &rarr; <strong>1125</strong><br />(+26 for winning)
