|j|☆ZATUGRO
|j|☆jstewartlambert
|t:|1760399945
|gametype|singles
|player|p1|ZATUGRO|alder|1335
|player|p2|jstewartlambert|ltsurge|1342
|gen|9
|tier|[Gen 9] OU
|rated|
|rule|HP Percentage Mod: HP is shown in percentages
|rule|Endless Battle Clause: Forcing endless battles is banned
|rule|Species Clause: Limit one of each Pokémon
|rule|OHKO Clause: OHKO moves are banned
|rule|Evasion Items Clause: Evasion items are banned
|rule|Evasion Moves Clause: Evasion moves are banned
|rule|Evasion Abilities Clause: Evasion abilities are banned
|rule|Sleep Moves Clause: Sleep-inducing moves are banned
|clearpoke
|poke|p1|Tyranitar, F|
|poke|p1|Rillaboom, M|
|poke|p1|Sceptile, F|
|poke|p1|Zapdos|
|poke|p1|Gholdengo|
|poke|p1|Garchomp, M|
|poke|p2|Clefable, F|
|poke|p2|Gliscor, F|
|poke|p2|Jirachi|
|poke|p2|Serperior, F|
|poke|p2|Kyurem|
|poke|p2|Skeledirge, F|
|teampreview
|inactive|Battle timer is ON: inactive players will automatically lose when time's up. (requested by ZATUGRO)
|
|t:|1760399963
|teamsize|p1|6
|teamsize|p2|6
|start
|switch|p1a: Tyranitar|Tyranitar, F, shiny|100/100
|switch|p2a: freakbob|Kyurem|100/100
|-ability|p2a: freakbob|Pressure
|-weather|Sandstorm|[from] ability: Sand Stream|[of] p1a: Tyranitar
|turn|1
|
|t:|1760399972
|switch|p2a: 真倒霉|Jirachi|100/100
|move|p1a: Tyranitar|Dragon Tail|p2a: 真倒霉
|-resisted|p2a: 真倒霉
|-damage|p2a: 真倒霉|91/100
|drag|p2a: Gringetta|Clefable, F, shiny|100/100
|
|-weather|Sandstorm|[upkeep]
|upkeep
|turn|2
|
|t:|1760399980
|move|p1a: Tyranitar|Knock Off|p2a: Gringetta
|-resisted|p2a: Gringetta
|-damage|p2a: Gringetta|79/100
|-enditem|p2a: Gringetta|Leftovers|[from] move: Knock Off|[of] p1a: Tyranitar
|move|p2a: Gringetta|Moonblast|p1a: Tyranitar
|-supereffective|p1a: Tyranitar
|-damage|p1a: Tyranitar|69/100
|
|-weather|Sandstorm|[upkeep]
|-heal|p1a: Tyranitar|75/100|[from] item: Leftovers
|upkeep
|turn|3
|
|t:|1760399990
|move|p1a: Tyranitar|Stealth Rock|p2a: Gringetta
|-sidestart|p2: jstewartlambert|move: Stealth Rock
|move|p2a: Gringetta|Calm Mind|p2a: Gringetta
|-boost|p2a: Gringetta|spa|1
|-boost|p2a: Gringetta|spd|1
|
|-weather|Sandstorm|[upkeep]
|-heal|p1a: Tyranitar|81/100|[from] item: Leftovers
|upkeep
|turn|4
|
|t:|1760400002
|switch|p1a: Gholdengo|Gholdengo, shiny|100/100
|-item|p1a: Gholdengo|Air Balloon
|move|p2a: Gringetta|Calm Mind|p2a: Gringetta
|-boost|p2a: Gringetta|spa|1
|-boost|p2a: Gringetta|spd|1
|
|-weather|Sandstorm|[upkeep]
|upkeep
|turn|5
|
|t:|1760400011
|-terastallize|p2a: Gringetta|Fire
|move|p1a: Gholdengo|Thunder Wave|p2a: Gringetta|[miss]
|-miss|p1a: Gholdengo|p2a: Gringetta
|move|p2a: Gringetta|Moonblast|p1a: Gholdengo
|-resisted|p1a: Gholdengo
|-damage|p1a: Gholdengo|70/100
|-enditem|p1a: Gholdengo|Air Balloon
|
|-weather|none
|upkeep
|turn|6
|
|t:|1760400021
|move|p1a: Gholdengo|Thunder Wave|p2a: Gringetta|[miss]
|-miss|p1a: Gholdengo|p2a: Gringetta
|move|p2a: Gringetta|Moonblast|p1a: Gholdengo
|-resisted|p1a: Gholdengo
|-damage|p1a: Gholdengo|42/100
|
|upkeep
|turn|7
|
|t:|1760400030
|switch|p2a: aunt lysan|Gliscor, F|100/100
|-damage|p2a: aunt lysan|88/100|[from] Stealth Rock
|move|p1a: Gholdengo|Thunder Wave|p2a: aunt lysan
|-immune|p2a: aunt lysan
|
|-status|p2a: aunt lysan|tox|[from] item: Toxic Orb
|upkeep
|turn|8
|
|t:|1760400044
|switch|p1a: Garchomp|Garchomp, M, shiny|100/100
|move|p2a: aunt lysan|Earthquake|p1a: Garchomp
|-damage|p1a: Garchomp|68/100
|
|-heal|p2a: aunt lysan|100/100 tox|[from] ability: Poison Heal
|upkeep
|turn|9
|
|t:|1760400052
|move|p1a: Garchomp|Swords Dance|p1a: Garchomp
|-boost|p1a: Garchomp|atk|2
|move|p2a: aunt lysan|Toxic|p1a: Garchomp
|-status|p1a: Garchomp|tox
|
|-damage|p1a: Garchomp|62/100 tox|[from] psn
|upkeep
|turn|10
|
|t:|1760400059
|move|p2a: aunt lysan|Protect|p2a: aunt lysan
|-singleturn|p2a: aunt lysan|Protect
|move|p1a: Garchomp|Swords Dance|p1a: Garchomp
|-boost|p1a: Garchomp|atk|2
|
|-damage|p1a: Garchomp|50/100 tox|[from] psn
|upkeep
|turn|11
|
|t:|1760400067
|move|p1a: Garchomp|Scale Shot|p2a: aunt lysan
|-damage|p2a: aunt lysan|77/100 tox
|-damage|p2a: aunt lysan|52/100 tox
|-damage|p2a: aunt lysan|28/100 tox
|-damage|p2a: aunt lysan|5/100 tox
|-damage|p2a: aunt lysan|0 fnt
|faint|p2a: aunt lysan
|-hitcount|p2: aunt lysan|5
|-unboost|p1a: Garchomp|def|1
|-boost|p1a: Garchomp|spe|1
|
|-damage|p1a: Garchomp|31/100 tox|[from] psn
|upkeep
|
|t:|1760400075
|switch|p2a: Gringetta|Clefable, F, shiny, tera:Fire|79/100
|turn|12
|
|t:|1760400084
|move|p1a: Garchomp|Earthquake|p2a: Gringetta
|-supereffective|p2a: Gringetta
|-damage|p2a: Gringetta|0 fnt
|faint|p2a: Gringetta
|
|-damage|p1a: Garchomp|7/100 tox|[from] psn
|upkeep
|
|t:|1760400089
|switch|p2a: 真倒霉|Jirachi|91/100
|-damage|p2a: 真倒霉|85/100|[from] Stealth Rock
|turn|13
|
|t:|1760400094
|move|p2a: 真倒霉|Protect|p2a: 真倒霉
|-singleturn|p2a: 真倒霉|Protect
|move|p1a: Garchomp|Earthquake|p2a: 真倒霉
|-activate|p2a: 真倒霉|move: Protect
|
|-heal|p2a: 真倒霉|91/100|[from] item: Leftovers
|-damage|p1a: Garchomp|0 fnt|[from] psn
|faint|p1a: Garchomp
|upkeep
|
|t:|1760400105
|switch|p1a: Gholdengo|Gholdengo, shiny|42/100
|turn|14
|
|t:|1760400112
|move|p2a: 真倒霉|Iron Head|p1a: Gholdengo
|-resisted|p1a: Gholdengo
|-damage|p1a: Gholdengo|29/100
|cant|p1a: Gholdengo|flinch
|
|-heal|p2a: 真倒霉|98/100|[from] item: Leftovers
|upkeep
|turn|15
|
|t:|1760400119
|move|p2a: 真倒霉|Iron Head|p1a: Gholdengo
|-resisted|p1a: Gholdengo
|-damage|p1a: Gholdengo|16/100
|move|p1a: Gholdengo|Recover|p1a: Gholdengo
|-heal|p1a: Gholdengo|66/100
|
|-heal|p2a: 真倒霉|100/100|[from] item: Leftovers
|upkeep
|turn|16
|
|t:|1760400128
|switch|p2a: 很痛苦|Skeledirge, F|100/100
|move|p1a: Gholdengo|Thunder Wave|p2a: 很痛苦
|-status|p2a: 很痛苦|par
|
|upkeep
|turn|17
|
|t:|1760400136
|switch|p1a: Tyranitar|Tyranitar, F, shiny|81/100
|-weather|Sandstorm|[from] ability: Sand Stream|[of] p1a: Tyranitar
|move|p2a: 很痛苦|Torch Song|p1a: Tyranitar
|-resisted|p1a: Tyranitar
|-damage|p1a: Tyranitar|74/100
|-boost|p2a: 很痛苦|spa|1
|
|-weather|Sandstorm|[upkeep]
|-damage|p2a: 很痛苦|94/100 par|[from] Sandstorm
|-heal|p1a: Tyranitar|80/100|[from] item: Leftovers
|upkeep
|turn|18
|
|t:|1760400148
|move|p1a: Tyranitar|Knock Off|p2a: 很痛苦
|-supereffective|p2a: 很痛苦
|-damage|p2a: 很痛苦|17/100 par
|-enditem|p2a: 很痛苦|Heavy-Duty Boots|[from] move: Knock Off|[of] p1a: Tyranitar
|cant|p2a: 很痛苦|par
|
|-weather|Sandstorm|[upkeep]
|-damage|p2a: 很痛苦|11/100 par|[from] Sandstorm
|-heal|p1a: Tyranitar|87/100|[from] item: Leftovers
|upkeep
|turn|19
|-message|jstewartlambert forfeited.
|
|win|ZATUGRO
|raw|ZATUGRO's rating: 1335 &rarr; <strong>1355</strong><br />(+20 for winning)
|raw|jstewartlambert's rating: 1342 &rarr; <strong>1322</strong><br />(-20 for losing)
|l|☆jstewartlambert
|player|p2|
