|j|☆pokolokotoko
|j|☆lllongtoudishu
|t:|1760441072
|gametype|singles
|player|p1|pokolokotoko|169|1084
|player|p2|lllongtoudishu|roxie|1121
|gen|9
|tier|[Gen 9] OU
|rated|
|rule|HP Percentage Mod: HP is shown in percentages
|rule|Endless Battle Clause: Forcing endless battles is banned
|rule|Species Clause: Limit one of each Pokémon
|rule|OHKO Clause: OHKO moves are banned
|rule|Evasion Items Clause: Evasion items are banned
|rule|Evasion Moves Clause: Evasion moves are banned
|rule|Evasion Abilities Clause: Evasion abilities are banned
|rule|Sleep Moves Clause: Sleep-inducing moves are banned
|clearpoke
|poke|p1|Ting-Lu|
|poke|p1|Dondozo, M|
|poke|p1|Glimmora, M|
|poke|p1|Corviknight, F|
|poke|p1|Ogerpon-Wellspring, F|
|poke|p1|Dragapult, M|
|poke|p2|Araquanid, M|
|poke|p2|Gholdengo|
|poke|p2|Iron Treads|
|poke|p2|Raging Bolt|
|poke|p2|Iron Valiant|
|poke|p2|Dragonite, M|
|teampreview
|
|t:|1760441082
|teamsize|p1|6
|teamsize|p2|6
|start
|switch|p1a: Ting-Lu|Ting-Lu|100/100
|switch|p2a: Araquanid|Araquanid, M|100/100
|-ability|p1a: Ting-Lu|Vessel of Ruin
|turn|1
|
|t:|1760441109
|move|p1a: Ting-Lu|Ruination|p2a: Araquanid
|-damage|p2a: Araquanid|51/100
|move|p2a: Araquanid|Sticky Web|p1a: Ting-Lu
|-sidestart|p1: pokolokotoko|move: Sticky Web
|
|upkeep
|turn|2
|
|t:|1760441130
|switch|p1a: Dondozo|Dondozo, M|100/100
|-activate|p1a: Dondozo|move: Sticky Web
|-unboost|p1a: Dondozo|spe|1
|switch|p2a: Iron Valiant|Iron Valiant|100/100
|-enditem|p2a: Iron Valiant|Booster Energy
|-activate|p2a: Iron Valiant|ability: Quark Drive|[fromitem]
|-start|p2a: Iron Valiant|quarkdrivespa
|
|upkeep
|turn|3
|
|t:|1760441154
|-terastallize|p1a: Dondozo|Steel
|move|p2a: Iron Valiant|Calm Mind|p2a: Iron Valiant
|-boost|p2a: Iron Valiant|spa|1
|-boost|p2a: Iron Valiant|spd|1
|move|p1a: Dondozo|Wave Crash|p2a: Iron Valiant
|-damage|p2a: Iron Valiant|47/100
|-damage|p1a: Dondozo|90/100|[from] Recoil
|
|-heal|p1a: Dondozo|97/100|[from] item: Leftovers
|upkeep
|turn|4
|
|t:|1760441167
|move|p2a: Iron Valiant|Vacuum Wave|p1a: Dondozo
|-supereffective|p1a: Dondozo
|-damage|p1a: Dondozo|39/100
|move|p1a: Dondozo|Wave Crash|p2a: Iron Valiant
|-damage|p2a: Iron Valiant|0 fnt
|faint|p2a: Iron Valiant
|-end|p2a: Iron Valiant|Quark Drive|[silent]
|-damage|p1a: Dondozo|30/100|[from] Recoil
|
|-heal|p1a: Dondozo|36/100|[from] item: Leftovers
|upkeep
|
|t:|1760441178
|switch|p2a: Iron Treads|Iron Treads|100/100
|-enditem|p2a: Iron Treads|Booster Energy
|-activate|p2a: Iron Treads|ability: Quark Drive|[fromitem]
|-start|p2a: Iron Treads|quarkdriveatk
|turn|5
|
|t:|1760441187
|move|p2a: Iron Treads|Earthquake|p1a: Dondozo
|-supereffective|p1a: Dondozo
|-damage|p1a: Dondozo|0 fnt
|faint|p1a: Dondozo
|
|upkeep
|
|t:|1760441207
|switch|p1a: Ogerpon|Ogerpon-Wellspring, F|100/100
|-activate|p1a: Ogerpon|move: Sticky Web
|-unboost|p1a: Ogerpon|spe|1
|turn|6
|
|t:|1760441224
|-terastallize|p2a: Iron Treads|Ghost
|move|p2a: Iron Treads|Ice Spinner|p1a: Ogerpon
|-damage|p1a: Ogerpon|50/100
|move|p1a: Ogerpon|Ivy Cudgel|p2a: Iron Treads|[anim] Ivy Cudgel Water
|-damage|p2a: Iron Treads|43/100
|
|upkeep
|turn|7
|
|t:|1760441240
|move|p2a: Iron Treads|Ice Spinner|p1a: Ogerpon
|-damage|p1a: Ogerpon|4/100
|move|p1a: Ogerpon|Ivy Cudgel|p2a: Iron Treads|[anim] Ivy Cudgel Water
|-damage|p2a: Iron Treads|0 fnt
|faint|p2a: Iron Treads
|-end|p2a: Iron Treads|Quark Drive|[silent]
|
|upkeep
|
|t:|1760441248
|switch|p2a: Raging Bolt|Raging Bolt|100/100
|-enditem|p2a: Raging Bolt|Booster Energy
|-activate|p2a: Raging Bolt|ability: Protosynthesis|[fromitem]
|-start|p2a: Raging Bolt|protosynthesisspa
|turn|8
|
|t:|1760441258
|move|p2a: Raging Bolt|Dragon Pulse|p1a: Ogerpon
|-damage|p1a: Ogerpon|0 fnt
|faint|p1a: Ogerpon
|
|upkeep
|
|t:|1760441266
|switch|p1a: Ting-Lu|Ting-Lu|100/100
|-activate|p1a: Ting-Lu|move: Sticky Web
|-unboost|p1a: Ting-Lu|spe|1
|-ability|p1a: Ting-Lu|Vessel of Ruin
|turn|9
|
|t:|1760441273
|move|p2a: Raging Bolt|Draco Meteor|p1a: Ting-Lu
|-damage|p1a: Ting-Lu|41/100
|-unboost|p2a: Raging Bolt|spa|2
|move|p1a: Ting-Lu|Ruination|p2a: Raging Bolt
|-damage|p2a: Raging Bolt|51/100
|
|-heal|p1a: Ting-Lu|47/100|[from] item: Leftovers
|upkeep
|turn|10
|
|t:|1760441300
|move|p2a: Raging Bolt|Draco Meteor|p1a: Ting-Lu|[miss]
|-miss|p2a: Raging Bolt|p1a: Ting-Lu
|move|p1a: Ting-Lu|Ruination|p2a: Raging Bolt
|-damage|p2a: Raging Bolt|26/100
|
|-heal|p1a: Ting-Lu|53/100|[from] item: Leftovers
|upkeep
|turn|11
|
|t:|1760441315
|move|p2a: Raging Bolt|Thunderclap||[still]
|-fail|p2a: Raging Bolt
|move|p1a: Ting-Lu|Spikes|p2a: Raging Bolt
|-sidestart|p2: lllongtoudishu|Spikes
|
|-heal|p1a: Ting-Lu|59/100|[from] item: Leftovers
|upkeep
|turn|12
|
|t:|1760441328
|move|p2a: Raging Bolt|Draco Meteor|p1a: Ting-Lu
|-damage|p1a: Ting-Lu|29/100
|-unboost|p2a: Raging Bolt|spa|2
|move|p1a: Ting-Lu|Spikes|p2a: Raging Bolt
|-sidestart|p2: lllongtoudishu|Spikes
|
|-heal|p1a: Ting-Lu|35/100|[from] item: Leftovers
|upkeep
|turn|13
|inactive|Battle timer is ON: inactive players will automatically lose when time's up. (requested by pokolokotoko)
|
|t:|1760441370
|-end|p2a: Raging Bolt|Protosynthesis|[silent]
|switch|p2a: Araquanid|Araquanid, M|51/100
|-damage|p2a: Araquanid|34/100|[from] Spikes
|move|p1a: Ting-Lu|Spikes|p2a: Araquanid
|-sidestart|p2: lllongtoudishu|Spikes
|
|-heal|p1a: Ting-Lu|42/100|[from] item: Leftovers
|upkeep
|turn|14
|
|t:|1760441380
|move|p2a: Araquanid|Surf|p1a: Ting-Lu
|-supereffective|p1a: Ting-Lu
|-damage|p1a: Ting-Lu|0 fnt
|faint|p1a: Ting-Lu
|
|upkeep
|
|t:|1760441388
|switch|p1a: Dragapult|Dragapult, M|100/100
|-activate|p1a: Dragapult|move: Sticky Web
|-unboost|p1a: Dragapult|spe|1
|turn|15
|
|t:|1760441399
|move|p1a: Dragapult|Thunderbolt|p2a: Araquanid
|-supereffective|p2a: Araquanid
|-damage|p2a: Araquanid|0 fnt
|faint|p2a: Araquanid
|
|upkeep
|
|t:|1760441410
|switch|p2a: Gholdengo|Gholdengo|100/100
|-item|p2a: Gholdengo|Air Balloon
|turn|16
|
|t:|1760441419
|switch|p1a: Corviknight|Corviknight, F|100/100
|move|p2a: Gholdengo|Shadow Ball|p1a: Corviknight
|-damage|p1a: Corviknight|55/100
|
|upkeep
|turn|17
|
|t:|1760441431
|move|p2a: Gholdengo|Shadow Ball|p1a: Corviknight
|-damage|p1a: Corviknight|13/100
|move|p1a: Corviknight|Roost|p1a: Corviknight
|-heal|p1a: Corviknight|63/100
|-singleturn|p1a: Corviknight|move: Roost
|
|upkeep
|turn|18
|
|t:|1760441460
|move|p2a: Gholdengo|Shadow Ball|p1a: Corviknight
|-damage|p1a: Corviknight|18/100
|move|p1a: Corviknight|Defog|p2a: Gholdengo
|-immune|p2a: Gholdengo|[from] ability: Good as Gold
|
|upkeep
|turn|19
|
|t:|1760441469
|move|p2a: Gholdengo|Shadow Ball|p1a: Corviknight
|-damage|p1a: Corviknight|0 fnt
|faint|p1a: Corviknight
|
|upkeep
|
|t:|1760441477
|switch|p1a: Dragapult|Dragapult, M|100/100
|-activate|p1a: Dragapult|move: Sticky Web
|-unboost|p1a: Dragapult|spe|1
|turn|20
|
|t:|1760441485
|move|p1a: Dragapult|Shadow Ball|p2a: Gholdengo
|-supereffective|p2a: Gholdengo
|-damage|p2a: Gholdengo|0 fnt
|-enditem|p2a: Gholdengo|Air Balloon
|faint|p2a: Gholdengo
|
|upkeep
|
|t:|1760441492
|switch|p2a: Dragonite|Dragonite, M|100/100
|turn|21
|
|t:|1760441497
|switch|p1a: Glimmora|Glimmora, M|100/100
|-activate|p1a: Glimmora|move: Sticky Web
|-unboost|p1a: Glimmora|spe|1
|move|p2a: Dragonite|Scale Shot|p1a: Glimmora
|-damage|p1a: Glimmora|82/100
|-activate|p1a: Glimmora|ability: Toxic Debris
|-sidestart|p2: lllongtoudishu|move: Toxic Spikes
|-damage|p1a: Glimmora|63/100
|-activate|p1a: Glimmora|ability: Toxic Debris
|-sidestart|p2: lllongtoudishu|move: Toxic Spikes
|-damage|p1a: Glimmora|46/100
|-damage|p1a: Glimmora|28/100
|-damage|p1a: Glimmora|10/100
|-hitcount|p1a: Glimmora|5
|-unboost|p2a: Dragonite|def|1
|-boost|p2a: Dragonite|spe|1
|
|upkeep
|turn|22
|
|t:|1760441520
|move|p2a: Dragonite|Fire Punch|p1a: Glimmora
|-resisted|p1a: Glimmora
|-damage|p1a: Glimmora|0 fnt
|faint|p1a: Glimmora
|
|upkeep
|
|t:|1760441530
|switch|p1a: Dragapult|Dragapult, M|100/100
|-activate|p1a: Dragapult|move: Sticky Web
|-unboost|p1a: Dragapult|spe|1
|turn|23
|
|t:|1760441544
|move|p2a: Dragonite|Scale Shot|p1a: Dragapult
|-supereffective|p1a: Dragapult
|-damage|p1a: Dragapult|60/100
|-supereffective|p1a: Dragapult
|-damage|p1a: Dragapult|22/100
|-supereffective|p1a: Dragapult
|-damage|p1a: Dragapult|0 fnt
|faint|p1a: Dragapult
|-hitcount|p1: Dragapult|3
|
|win|lllongtoudishu
|raw|pokolokotoko's rating: 1084 &rarr; <strong>1064</strong><br />(-20 for losing)
|raw|lllongtoudishu's rating: 1121 &rarr; <strong>1143</strong><br />(+22 for winning)
