|j|☆Riles
|j|☆Leapon
|t:|1760336832
|gametype|singles
|player|p1|Riles|may-masters3|1320
|player|p2|Leapon|steven|1341
|gen|9
|tier|[Gen 9] OU
|rated|
|rule|HP Percentage Mod: HP is shown in percentages
|rule|Endless Battle Clause: Forcing endless battles is banned
|rule|Species Clause: Limit one of each Pokémon
|rule|OHKO Clause: OHKO moves are banned
|rule|Evasion Items Clause: Evasion items are banned
|rule|Evasion Moves Clause: Evasion moves are banned
|rule|Evasion Abilities Clause: Evasion abilities are banned
|rule|Sleep Moves Clause: Sleep-inducing moves are banned
|clearpoke
|poke|p1|Great Tusk|
|poke|p1|Ceruledge, M|
|poke|p1|Hatterene, F|
|poke|p1|Zapdos|
|poke|p1|Ting-Lu|
|poke|p1|Iron Valiant|
|poke|p2|Rillaboom, M|
|poke|p2|Skeledirge, M|
|poke|p2|Gyarados, F|
|poke|p2|Clodsire, F|
|poke|p2|Iron Valiant|
|poke|p2|Grimmsnarl, M|
|teampreview
|j| lyone_08
|c|☆Riles|hf
|inactive|Battle timer is ON: inactive players will automatically lose when time's up. (requested by Riles)
|inactive|Leapon has 120 seconds left.
|
|t:|1760336869
|teamsize|p1|6
|teamsize|p2|6
|start
|switch|p1a: Zapdos|Zapdos|100/100
|switch|p2a: Grimmsnarl|Grimmsnarl, M, shiny|100/100
|turn|1
|
|t:|1760336877
|switch|p1a: Ting-Lu|Ting-Lu|100/100
|-ability|p1a: Ting-Lu|Vessel of Ruin
|move|p2a: Grimmsnarl|Light Screen|p2a: Grimmsnarl
|-sidestart|p2: Leapon|move: Light Screen
|
|upkeep
|turn|2
|
|t:|1760336905
|switch|p2a: Gyarados|Gyarados, F|100/100
|-ability|p2a: Gyarados|Intimidate|boost
|-unboost|p1a: Ting-Lu|atk|1
|move|p1a: Ting-Lu|Ruination|p2a: Gyarados|[miss]
|-miss|p1a: Ting-Lu|p2a: Gyarados
|
|upkeep
|turn|3
|
|t:|1760336914
|-terastallize|p1a: Ting-Lu|Dark
|move|p2a: Gyarados|Dragon Dance|p2a: Gyarados
|-boost|p2a: Gyarados|atk|1
|-boost|p2a: Gyarados|spe|1
|move|p1a: Ting-Lu|Ruination|p2a: Gyarados
|-damage|p2a: Gyarados|50/100
|
|upkeep
|turn|4
|l| lyone_08
|
|t:|1760336925
|move|p2a: Gyarados|Waterfall|p1a: Ting-Lu
|-damage|p1a: Ting-Lu|53/100
|-damage|p2a: Gyarados|41/100|[from] item: Life Orb
|cant|p1a: Ting-Lu|flinch
|
|-heal|p1a: Ting-Lu|60/100|[from] item: Leftovers
|upkeep
|turn|5
|
|t:|1760336936
|switch|p2a: Iron Valiant|Iron Valiant|100/100
|-enditem|p2a: Iron Valiant|Booster Energy
|-activate|p2a: Iron Valiant|ability: Quark Drive|[fromitem]
|-start|p2a: Iron Valiant|quarkdrivespe
|move|p1a: Ting-Lu|Ruination|p2a: Iron Valiant
|-damage|p2a: Iron Valiant|51/100
|
|-heal|p1a: Ting-Lu|66/100|[from] item: Leftovers
|upkeep
|turn|6
|
|t:|1760336949
|switch|p1a: Hatterene|Hatterene, F|100/100
|move|p2a: Iron Valiant|Calm Mind|p2a: Iron Valiant
|-boost|p2a: Iron Valiant|spa|1
|-boost|p2a: Iron Valiant|spd|1
|
|upkeep
|turn|7
|
|t:|1760336957
|move|p2a: Iron Valiant|Shadow Ball|p1a: Hatterene
|-supereffective|p1a: Hatterene
|-damage|p1a: Hatterene|12/100
|move|p1a: Hatterene|Nuzzle|p2a: Iron Valiant
|-damage|p2a: Iron Valiant|46/100
|-status|p2a: Iron Valiant|par
|
|upkeep
|turn|8
|
|t:|1760336966
|move|p2a: Iron Valiant|Moonblast|p1a: Hatterene
|-damage|p1a: Hatterene|0 fnt
|faint|p1a: Hatterene
|
|-sideend|p2: Leapon|move: Light Screen
|upkeep
|
|t:|1760336967
|switch|p1a: Iron Valiant|Iron Valiant|100/100
|turn|9
|
|t:|1760336980
|-end|p2a: Iron Valiant|Quark Drive|[silent]
|switch|p2a: Grimmsnarl|Grimmsnarl, M, shiny|100/100
|move|p1a: Iron Valiant|Moonblast|p2a: Grimmsnarl
|-supereffective|p2a: Grimmsnarl
|-damage|p2a: Grimmsnarl|33/100
|
|upkeep
|turn|10
|
|t:|1760336989
|move|p2a: Grimmsnarl|Light Screen|p2a: Grimmsnarl
|-sidestart|p2: Leapon|move: Light Screen
|move|p1a: Iron Valiant|Moonblast|p2a: Grimmsnarl
|-supereffective|p2a: Grimmsnarl
|-damage|p2a: Grimmsnarl|0 fnt
|faint|p2a: Grimmsnarl
|
|upkeep
|
|t:|1760336997
|switch|p2a: Clodsire|Clodsire, F, shiny|100/100
|turn|11
|
|t:|1760337004
|-end|p1a: Iron Valiant|Quark Drive|[silent]
|switch|p1a: Ting-Lu|Ting-Lu, tera:Dark|66/100
|-ability|p1a: Ting-Lu|Vessel of Ruin
|move|p2a: Clodsire|Toxic|p1a: Ting-Lu
|-status|p1a: Ting-Lu|tox
|
|-heal|p1a: Ting-Lu|72/100 tox|[from] item: Leftovers
|-damage|p1a: Ting-Lu|66/100 tox|[from] psn
|upkeep
|turn|12
|
|t:|1760337019
|switch|p2a: Gyarados|Gyarados, F|41/100
|-ability|p2a: Gyarados|Intimidate|boost
|-unboost|p1a: Ting-Lu|atk|1
|move|p1a: Ting-Lu|Ruination|p2a: Gyarados
|-damage|p2a: Gyarados|21/100
|
|-heal|p1a: Ting-Lu|72/100 tox|[from] item: Leftovers
|-damage|p1a: Ting-Lu|60/100 tox|[from] psn
|upkeep
|turn|13
|
|t:|1760337032
|move|p2a: Gyarados|Waterfall|p1a: Ting-Lu
|-damage|p1a: Ting-Lu|29/100 tox
|-damage|p2a: Gyarados|11/100|[from] item: Life Orb
|cant|p1a: Ting-Lu|flinch
|
|-heal|p1a: Ting-Lu|35/100 tox|[from] item: Leftovers
|-damage|p1a: Ting-Lu|17/100 tox|[from] psn
|upkeep
|turn|14
|
|t:|1760337044
|move|p2a: Gyarados|Waterfall|p1a: Ting-Lu
|-damage|p1a: Ting-Lu|0 fnt
|faint|p1a: Ting-Lu
|-damage|p2a: Gyarados|1/100|[from] item: Life Orb
|
|upkeep
|
|t:|1760337046
|switch|p1a: Iron Valiant|Iron Valiant|100/100
|turn|15
|
|t:|1760337054
|switch|p2a: Clodsire|Clodsire, F, shiny|100/100
|move|p1a: Iron Valiant|Knock Off|p2a: Clodsire
|-damage|p2a: Clodsire|67/100
|-enditem|p2a: Clodsire|Leftovers|[from] move: Knock Off|[of] p1a: Iron Valiant
|
|upkeep
|turn|16
|
|t:|1760337062
|move|p1a: Iron Valiant|Knock Off|p2a: Clodsire
|-damage|p2a: Clodsire|41/100
|move|p2a: Clodsire|Toxic|p1a: Iron Valiant
|-status|p1a: Iron Valiant|tox
|
|-damage|p1a: Iron Valiant|94/100 tox|[from] psn
|upkeep
|turn|17
|
|t:|1760337071
|-end|p1a: Iron Valiant|Quark Drive|[silent]
|switch|p1a: Great Tusk|Great Tusk|100/100
|-enditem|p1a: Great Tusk|Booster Energy
|-activate|p1a: Great Tusk|ability: Protosynthesis|[fromitem]
|-start|p1a: Great Tusk|protosynthesisspe
|move|p2a: Clodsire|Recover|p2a: Clodsire
|-heal|p2a: Clodsire|91/100
|
|-sideend|p2: Leapon|move: Light Screen
|upkeep
|turn|18
|
|t:|1760337081
|switch|p2a: Gyarados|Gyarados, F|1/100
|-ability|p2a: Gyarados|Intimidate|boost
|-unboost|p1a: Great Tusk|atk|1
|move|p1a: Great Tusk|Ice Spinner|p2a: Gyarados
|-crit|p2a: Gyarados
|-damage|p2a: Gyarados|0 fnt
|faint|p2a: Gyarados
|
|upkeep
|
|t:|1760337091
|switch|p2a: Super Saiyajin3|Rillaboom, M|100/100
|-fieldstart|move: Grassy Terrain|[from] ability: Grassy Surge|[of] p2a: Super Saiyajin3
|turn|19
|
|t:|1760337100
|-end|p1a: Great Tusk|Protosynthesis|[silent]
|switch|p1a: Zapdos|Zapdos|100/100
|move|p2a: Super Saiyajin3|Swords Dance|p2a: Super Saiyajin3
|-boost|p2a: Super Saiyajin3|atk|2
|
|upkeep
|turn|20
|
|t:|1760337107
|switch|p2a: Clodsire|Clodsire, F, shiny|91/100
|move|p1a: Zapdos|Hurricane|p2a: Clodsire
|-damage|p2a: Clodsire|62/100
|
|-heal|p2a: Clodsire|68/100|[from] Grassy Terrain
|upkeep
|turn|21
|
|t:|1760337116
|switch|p1a: Great Tusk|Great Tusk|100/100
|move|p2a: Clodsire|Toxic|p1a: Great Tusk
|-status|p1a: Great Tusk|tox
|
|-heal|p2a: Clodsire|75/100|[from] Grassy Terrain
|-damage|p1a: Great Tusk|94/100 tox|[from] psn
|upkeep
|turn|22
|
|t:|1760337134
|switch|p2a: Skeledirge|Skeledirge, M|100/100
|move|p1a: Great Tusk|Bulk Up|p1a: Great Tusk
|-boost|p1a: Great Tusk|atk|1
|-boost|p1a: Great Tusk|def|1
|
|-heal|p1a: Great Tusk|100/100 tox|[from] Grassy Terrain
|-damage|p1a: Great Tusk|88/100 tox|[from] psn
|upkeep
|turn|23
|
|t:|1760337144
|move|p1a: Great Tusk|Ice Spinner|p2a: Skeledirge
|-resisted|p2a: Skeledirge
|-damage|p2a: Skeledirge|93/100
|-damage|p1a: Great Tusk|71/100 tox|[from] item: Rocky Helmet|[of] p2a: Skeledirge
|-fieldend|move: Grassy Terrain
|move|p2a: Skeledirge|Hex|p1a: Great Tusk
|-damage|p1a: Great Tusk|11/100 tox
|
|-damage|p1a: Great Tusk|0 fnt|[from] psn
|faint|p1a: Great Tusk
|-end|p1a: Great Tusk|Protosynthesis|[silent]
|upkeep
|
|t:|1760337146
|switch|p1a: Zapdos|Zapdos|100/100
|turn|24
|
|t:|1760337158
|move|p1a: Zapdos|Hurricane|p2a: Skeledirge|[miss]
|-miss|p1a: Zapdos|p2a: Skeledirge
|move|p2a: Skeledirge|Torch Song|p1a: Zapdos
|-damage|p1a: Zapdos|71/100
|-boost|p2a: Skeledirge|spa|1
|
|upkeep
|turn|25
|
|t:|1760337167
|move|p1a: Zapdos|Hurricane|p2a: Skeledirge
|-damage|p2a: Skeledirge|41/100
|move|p2a: Skeledirge|Torch Song|p1a: Zapdos
|-damage|p1a: Zapdos|27/100
|-boost|p2a: Skeledirge|spa|1
|
|upkeep
|turn|26
|
|t:|1760337180
|switch|p2a: Clodsire|Clodsire, F, shiny|75/100
|move|p1a: Zapdos|Hurricane|p2a: Clodsire
|-damage|p2a: Clodsire|47/100
|
|upkeep
|turn|27
|
|t:|1760337188
|move|p1a: Zapdos|Hurricane|p2a: Clodsire
|-damage|p2a: Clodsire|19/100
|-start|p2a: Clodsire|confusion
|-activate|p2a: Clodsire|confusion
|-damage|p2a: Clodsire|12/100|[from] confusion
|
|upkeep
|turn|28
|
|t:|1760337197
|move|p1a: Zapdos|Hurricane|p2a: Clodsire
|-damage|p2a: Clodsire|0 fnt
|faint|p2a: Clodsire
|
|upkeep
|
|t:|1760337204
|switch|p2a: Super Saiyajin3|Rillaboom, M|100/100
|-fieldstart|move: Grassy Terrain|[from] ability: Grassy Surge|[of] p2a: Super Saiyajin3
|turn|29
|
|t:|1760337210
|switch|p1a: Ceruledge|Ceruledge, M|100/100
|-terastallize|p2a: Super Saiyajin3|Fire
|move|p2a: Super Saiyajin3|Grassy Glide|p1a: Ceruledge
|-resisted|p1a: Ceruledge
|-damage|p1a: Ceruledge|66/100
|-ability|p1a: Ceruledge|Weak Armor|boost
|-unboost|p1a: Ceruledge|def|1
|-boost|p1a: Ceruledge|spe|2
|-damage|p2a: Super Saiyajin3|91/100|[from] item: Life Orb
|
|-heal|p1a: Ceruledge|72/100|[from] Grassy Terrain
|-heal|p2a: Super Saiyajin3|97/100|[from] Grassy Terrain
|upkeep
|turn|30
|
|t:|1760337224
|move|p1a: Ceruledge|Close Combat|p2a: Super Saiyajin3
|-damage|p2a: Super Saiyajin3|53/100
|-unboost|p1a: Ceruledge|def|1
|-unboost|p1a: Ceruledge|spd|1
|move|p2a: Super Saiyajin3|Knock Off|p1a: Ceruledge
|-supereffective|p1a: Ceruledge
|-damage|p1a: Ceruledge|0 fnt
|-enditem|p1a: Ceruledge|Focus Sash|[from] move: Knock Off|[of] p2a: Super Saiyajin3
|faint|p1a: Ceruledge
|-damage|p2a: Super Saiyajin3|43/100|[from] item: Life Orb
|
|-heal|p2a: Super Saiyajin3|49/100|[from] Grassy Terrain
|upkeep
|
|t:|1760337226
|switch|p1a: Zapdos|Zapdos|27/100
|turn|31
|
|t:|1760337241
|move|p2a: Super Saiyajin3|Grassy Glide|p1a: Zapdos
|-resisted|p1a: Zapdos
|-damage|p1a: Zapdos|0 fnt
|-status|p2a: Super Saiyajin3|par|[from] ability: Static|[of] p1a: Zapdos
|faint|p1a: Zapdos
|-damage|p2a: Super Saiyajin3|39/100 par|[from] item: Life Orb
|
|-heal|p2a: Super Saiyajin3|45/100 par|[from] Grassy Terrain
|upkeep
|
|t:|1760337242
|switch|p1a: Iron Valiant|Iron Valiant|94/100 tox
|turn|32
|
|t:|1760337254
|cant|p2a: Super Saiyajin3|par
|move|p1a: Iron Valiant|Knock Off|p2a: Super Saiyajin3
|-damage|p2a: Super Saiyajin3|11/100 par
|-enditem|p2a: Super Saiyajin3|Life Orb|[from] move: Knock Off|[of] p1a: Iron Valiant
|
|-heal|p1a: Iron Valiant|100/100 tox|[from] Grassy Terrain
|-heal|p2a: Super Saiyajin3|17/100 par|[from] Grassy Terrain
|-damage|p1a: Iron Valiant|94/100 tox|[from] psn
|upkeep
|turn|33
|
|t:|1760337264
|move|p2a: Super Saiyajin3|Grassy Glide|p1a: Iron Valiant
|-damage|p1a: Iron Valiant|44/100 tox
|move|p1a: Iron Valiant|Knock Off|p2a: Super Saiyajin3
|-damage|p2a: Super Saiyajin3|0 fnt
|faint|p2a: Super Saiyajin3
|
|-heal|p1a: Iron Valiant|50/100 tox|[from] Grassy Terrain
|-damage|p1a: Iron Valiant|38/100 tox|[from] psn
|-fieldend|move: Grassy Terrain
|upkeep
|
|t:|1760337275
|switch|p2a: Iron Valiant|Iron Valiant|46/100 par
|turn|34
|
|t:|1760337278
|move|p1a: Iron Valiant|Knock Off|p2a: Iron Valiant
|-resisted|p2a: Iron Valiant
|-damage|p2a: Iron Valiant|39/100 par
|cant|p2a: Iron Valiant|par
|
|-damage|p1a: Iron Valiant|19/100 tox|[from] psn
|upkeep
|turn|35
|
|t:|1760337286
|move|p1a: Iron Valiant|Knock Off|p2a: Iron Valiant
|-resisted|p2a: Iron Valiant
|-damage|p2a: Iron Valiant|31/100 par
|move|p2a: Iron Valiant|Moonblast|p1a: Iron Valiant
|-supereffective|p1a: Iron Valiant
|-damage|p1a: Iron Valiant|0 fnt
|faint|p1a: Iron Valiant
|-end|p1a: Iron Valiant|Quark Drive|[silent]
|
|win|Leapon
|raw|Riles's rating: 1320 &rarr; <strong>1301</strong><br />(-19 for losing)
|raw|Leapon's rating: 1341 &rarr; <strong>1360</strong><br />(+19 for winning)
|c|☆Riles|gg
|l|☆Leapon
|player|p2|
