|j|☆Yo nuby cake
|j|☆test89001234
|t:|1760439941
|gametype|singles
|player|p1|Yo nuby cake|1|1388
|player|p2|test89001234|nate|1388
|gen|9
|tier|[Gen 9] OU
|rated|
|rule|HP Percentage Mod: HP is shown in percentages
|rule|Endless Battle Clause: Forcing endless battles is banned
|rule|Species Clause: Limit one of each Pokémon
|rule|OHKO Clause: OHKO moves are banned
|rule|Evasion Items Clause: Evasion items are banned
|rule|Evasion Moves Clause: Evasion moves are banned
|rule|Evasion Abilities Clause: Evasion abilities are banned
|rule|Sleep Moves Clause: Sleep-inducing moves are banned
|clearpoke
|poke|p1|Gholdengo|
|poke|p1|Landorus-Therian, M|
|poke|p1|Iron Valiant|
|poke|p1|Kingambit, M|
|poke|p1|Cinderace, F|
|poke|p1|Garganacl, M|
|poke|p2|Ninetales-Alola, M|
|poke|p2|Volcanion|
|poke|p2|Ursaluna, F|
|poke|p2|Enamorus-Therian, F|
|poke|p2|Iron Valiant|
|poke|p2|Meowscarada, F|
|teampreview
|inactive|Battle timer is ON: inactive players will automatically lose when time's up. (requested by Yo nuby cake)
|
|t:|1760439946
|teamsize|p1|6
|teamsize|p2|6
|start
|switch|p1a: Cinderace|Cinderace, F|100/100
|switch|p2a: Ursaluna|Ursaluna, F|100/100
|turn|1
|
|t:|1760439950
|move|p1a: Cinderace|High Jump Kick|p2a: Ursaluna
|-start|p1a: Cinderace|typechange|Fighting|[from] ability: Libero
|-supereffective|p2a: Ursaluna
|-damage|p2a: Ursaluna|5/100
|move|p2a: Ursaluna|Bulk Up|p2a: Ursaluna
|-boost|p2a: Ursaluna|atk|1
|-boost|p2a: Ursaluna|def|1
|
|-heal|p2a: Ursaluna|11/100|[from] item: Leftovers
|upkeep
|turn|2
|
|t:|1760439964
|switch|p1a: Gholdengo|Gholdengo|100/100
|-item|p1a: Gholdengo|Air Balloon
|move|p2a: Ursaluna|Earthquake|p1a: Gholdengo
|-immune|p1a: Gholdengo
|
|-heal|p2a: Ursaluna|17/100|[from] item: Leftovers
|upkeep
|turn|3
|
|t:|1760439973
|move|p1a: Gholdengo|Make It Rain|p2a: Ursaluna
|-damage|p2a: Ursaluna|0 fnt
|-unboost|p1a: Gholdengo|spa|1
|faint|p2a: Ursaluna
|
|upkeep
|
|t:|1760439979
|switch|p2a: Volcanion|Volcanion|100/100
|turn|4
|inactive|Yo nuby cake has 120 seconds left.
|
|t:|1760440024
|switch|p1a: Iron Valiant|Iron Valiant|100/100
|-enditem|p1a: Iron Valiant|Booster Energy
|-activate|p1a: Iron Valiant|ability: Quark Drive|[fromitem]
|-start|p1a: Iron Valiant|quarkdrivespe
|move|p2a: Volcanion|Steam Eruption|p1a: Iron Valiant
|-damage|p1a: Iron Valiant|0 fnt
|faint|p1a: Iron Valiant
|-end|p1a: Iron Valiant|Quark Drive|[silent]
|
|upkeep
|
|t:|1760440032
|switch|p1a: Landorus|Landorus-Therian, M|100/100
|-ability|p1a: Landorus|Intimidate|boost
|-unboost|p2a: Volcanion|atk|1
|turn|5
|
|t:|1760440042
|switch|p2a: Enamorus|Enamorus-Therian, F|100/100
|move|p1a: Landorus|Stone Edge|p2a: Enamorus
|-supereffective|p2a: Enamorus
|-crit|p2a: Enamorus
|-damage|p2a: Enamorus|0 fnt
|faint|p2a: Enamorus
|
|upkeep
|
|t:|1760440053
|switch|p2a: Meowscarada|Meowscarada, F|100/100
|turn|6
|inactive|Yo nuby cake has 120 seconds left.
|
|t:|1760440074
|switch|p1a: Gholdengo|Gholdengo|100/100
|-item|p1a: Gholdengo|Air Balloon
|move|p2a: Meowscarada|Triple Axel|p1a: Gholdengo
|-start|p2a: Meowscarada|typechange|Ice|[from] ability: Protean
|-resisted|p1a: Gholdengo
|-damage|p1a: Gholdengo|94/100
|-enditem|p1a: Gholdengo|Air Balloon
|-resisted|p1a: Gholdengo
|-damage|p1a: Gholdengo|79/100
|-resisted|p1a: Gholdengo
|-damage|p1a: Gholdengo|57/100
|-hitcount|p1a: Gholdengo|3
|-damage|p2a: Meowscarada|91/100|[from] item: Life Orb
|
|upkeep
|turn|7
|
|t:|1760440088
|-terastallize|p1a: Gholdengo|Fighting
|move|p2a: Meowscarada|Sucker Punch|p1a: Gholdengo
|-resisted|p1a: Gholdengo
|-damage|p1a: Gholdengo|40/100
|-damage|p2a: Meowscarada|81/100|[from] item: Life Orb
|move|p1a: Gholdengo|Tera Blast|p2a: Meowscarada|[anim] Tera Blast Fighting
|-supereffective|p2a: Meowscarada
|-damage|p2a: Meowscarada|0 fnt
|faint|p2a: Meowscarada
|
|upkeep
|
|t:|1760440099
|switch|p2a: Ninetales|Ninetales-Alola, M|100/100
|-weather|Snowscape|[from] ability: Snow Warning|[of] p2a: Ninetales
|turn|8
|
|t:|1760440102
|switch|p2a: Volcanion|Volcanion|100/100
|move|p1a: Gholdengo|Make It Rain|p2a: Volcanion
|-resisted|p2a: Volcanion
|-damage|p2a: Volcanion|86/100
|-unboost|p1a: Gholdengo|spa|1
|
|-weather|Snowscape|[upkeep]
|upkeep
|turn|9
|
|t:|1760440111
|move|p1a: Gholdengo|Tera Blast|p2a: Volcanion|[anim] Tera Blast Fighting
|-damage|p2a: Volcanion|59/100
|move|p2a: Volcanion|Steam Eruption|p1a: Gholdengo
|-damage|p1a: Gholdengo|0 fnt
|faint|p1a: Gholdengo
|
|-weather|Snowscape|[upkeep]
|upkeep
|
|t:|1760440120
|switch|p1a: Landorus|Landorus-Therian, M|100/100
|-ability|p1a: Landorus|Intimidate|boost
|-unboost|p2a: Volcanion|atk|1
|turn|10
|
|t:|1760440124
|switch|p2a: Ninetales|Ninetales-Alola, M|100/100
|move|p1a: Landorus|Earthquake|p2a: Ninetales
|-crit|p2a: Ninetales
|-damage|p2a: Ninetales|0 fnt
|faint|p2a: Ninetales
|
|-weather|Snowscape|[upkeep]
|upkeep
|
|t:|1760440136
|switch|p2a: Iron Valiant|Iron Valiant|100/100
|-enditem|p2a: Iron Valiant|Booster Energy
|-activate|p2a: Iron Valiant|ability: Quark Drive|[fromitem]
|-start|p2a: Iron Valiant|quarkdrivespe
|turn|11
|j| Ddoutted
|inactive|test89001234 has 120 seconds left.
|
|t:|1760440196
|move|p2a: Iron Valiant|Moonblast|p1a: Landorus
|-damage|p1a: Landorus|29/100
|-unboost|p1a: Landorus|spa|1
|move|p1a: Landorus|Earthquake|p2a: Iron Valiant
|-damage|p2a: Iron Valiant|0 fnt
|faint|p2a: Iron Valiant
|-end|p2a: Iron Valiant|Quark Drive|[silent]
|
|-weather|Snowscape|[upkeep]
|upkeep
|
|t:|1760440203
|switch|p2a: Volcanion|Volcanion|59/100
|turn|12
|c|☆test89001234|gg
|
|t:|1760440208
|move|p1a: Landorus|Earthquake|p2a: Volcanion
|-supereffective|p2a: Volcanion
|-damage|p2a: Volcanion|0 fnt
|faint|p2a: Volcanion
|
|win|Yo nuby cake
|raw|Yo nuby cake's rating: 1388 &rarr; <strong>1408</strong><br />(+20 for winning)
|raw|test89001234's rating: 1388 &rarr; <strong>1368</strong><br />(-20 for losing)
|c|☆Yo nuby cake|Gg
|l|☆test89001234
|player|p2|
|l|☆Yo nuby cake
|player|p1|
|l| Ddoutted
