|j|☆mala☆huju
|j|☆roommate108
|t:|1760416248
|gametype|singles
|player|p1|mala☆huju|#malahuju|1621
|player|p2|roommate108|102|1561
|gen|9
|tier|[Gen 9] OU
|rated|
|rule|HP Percentage Mod: HP is shown in percentages
|rule|Endless Battle Clause: Forcing endless battles is banned
|rule|Species Clause: Limit one of each Pokémon
|rule|OHKO Clause: OHKO moves are banned
|rule|Evasion Items Clause: Evasion items are banned
|rule|Evasion Moves Clause: Evasion moves are banned
|rule|Evasion Abilities Clause: Evasion abilities are banned
|rule|Sleep Moves Clause: Sleep-inducing moves are banned
|clearpoke
|poke|p1|Zamazenta-*|
|poke|p1|Garganacl, F|
|poke|p1|Clefable, M|
|poke|p1|Zapdos|
|poke|p1|Ting-Lu|
|poke|p1|Dragonite, M|
|poke|p2|Charizard, M|
|poke|p2|Torkoal, F|
|poke|p2|Walking Wake|
|poke|p2|Raging Bolt|
|poke|p2|Hatterene, F|
|poke|p2|Leavanny, F|
|teampreview
|c|☆mala☆huju|hf
|inactive|Battle timer is ON: inactive players will automatically lose when time's up. (requested by roommate108)
|inactive|mala☆huju has 120 seconds left.
|j| Love Is Cruel
|
|t:|1760416295
|teamsize|p1|6
|teamsize|p2|6
|start
|switch|p1a: Clefable|Clefable, M|100/100
|switch|p2a: Torkoal|Torkoal, F|100/100
|-weather|SunnyDay|[from] ability: Drought|[of] p2a: Torkoal
|turn|1
|
|t:|1760416300
|switch|p2a: Charizard|Charizard, M|100/100
|-terastallize|p1a: Clefable|Water
|move|p1a: Clefable|Knock Off|p2a: Charizard
|-damage|p2a: Charizard|78/100
|-enditem|p2a: Charizard|Choice Specs|[from] move: Knock Off|[of] p1a: Clefable
|
|-weather|SunnyDay|[upkeep]
|-damage|p2a: Charizard|66/100|[from] ability: Solar Power|[of] p2a: Charizard
|upkeep
|turn|2
|j|+Disorient
|
|t:|1760416329
|switch|p1a: Zapdos|Zapdos|100/100
|move|p2a: Charizard|Solar Beam||[still]
|-prepare|p2a: Charizard|Solar Beam
|-anim|p2a: Charizard|Solar Beam|p1a: Zapdos
|-resisted|p1a: Zapdos
|-crit|p1a: Zapdos
|-damage|p1a: Zapdos|59/100
|
|-weather|SunnyDay|[upkeep]
|-damage|p2a: Charizard|53/100|[from] ability: Solar Power|[of] p2a: Charizard
|upkeep
|turn|3
|c|+Disorient|Zard
|
|t:|1760416336
|move|p2a: Charizard|Overheat|p1a: Zapdos
|-damage|p1a: Zapdos|0 fnt
|-unboost|p2a: Charizard|spa|2
|faint|p1a: Zapdos
|
|-weather|SunnyDay|[upkeep]
|-damage|p2a: Charizard|41/100|[from] ability: Solar Power|[of] p2a: Charizard
|upkeep
|
|t:|1760416339
|switch|p1a: Ting-Lu|Ting-Lu|100/100
|-ability|p1a: Ting-Lu|Vessel of Ruin
|turn|4
|
|t:|1760416342
|switch|p2a: Hatterene|Hatterene, F|100/100
|move|p1a: Ting-Lu|Earthquake|p2a: Hatterene
|-crit|p2a: Hatterene
|-damage|p2a: Hatterene|54/100
|-enditem|p2a: Hatterene|Eject Button
|
|t:|1760416346
|switch|p2a: Walking Wake|Walking Wake|100/100
|-activate|p2a: Walking Wake|ability: Protosynthesis
|-start|p2a: Walking Wake|protosynthesisspe
|
|-weather|SunnyDay|[upkeep]
|upkeep
|turn|5
|c|+Disorient|non specs Zard hmm
|
|t:|1760416369
|-terastallize|p2a: Walking Wake|Water
|move|p2a: Walking Wake|Hydro Steam|p1a: Ting-Lu
|-supereffective|p1a: Ting-Lu
|-damage|p1a: Ting-Lu|0 fnt
|faint|p1a: Ting-Lu
|
|-weather|SunnyDay|[upkeep]
|upkeep
|c|+Disorient|oh knock  i c
|
|t:|1760416374
|switch|p1a: Clefable|Clefable, M, tera:Water|100/100
|turn|6
|
|t:|1760416379
|-end|p2a: Walking Wake|Protosynthesis|[silent]
|switch|p2a: Charizard|Charizard, M|41/100
|move|p1a: Clefable|Knock Off|p2a: Charizard
|-damage|p2a: Charizard|28/100
|
|-weather|SunnyDay|[upkeep]
|-damage|p2a: Charizard|15/100|[from] ability: Solar Power|[of] p2a: Charizard
|upkeep
|turn|7
|
|t:|1760416388
|switch|p2a: Hatterene|Hatterene, F|54/100
|switch|p1a: Dragonite|Dragonite, M|100/100
|
|-weather|SunnyDay|[upkeep]
|upkeep
|turn|8
|
|t:|1760416396
|switch|p1a: Garganacl|Garganacl, F|100/100
|move|p2a: Hatterene|Draining Kiss|p1a: Garganacl
|-damage|p1a: Garganacl|86/100
|-heal|p2a: Hatterene|68/100|[from] drain|[of] p1a: Garganacl
|
|-weather|none
|-heal|p1a: Garganacl|92/100|[from] item: Leftovers
|upkeep
|turn|9
|
|t:|1760416401
|switch|p2a: Torkoal|Torkoal, F|100/100
|-weather|SunnyDay|[from] ability: Drought|[of] p2a: Torkoal
|move|p1a: Garganacl|Salt Cure|p2a: Torkoal
|-supereffective|p2a: Torkoal
|-damage|p2a: Torkoal|85/100
|-start|p2a: Torkoal|Salt Cure
|
|-weather|SunnyDay|[upkeep]
|-heal|p1a: Garganacl|99/100|[from] item: Leftovers
|-damage|p2a: Torkoal|72/100|[from] Salt Cure
|upkeep
|turn|10
|
|t:|1760416403
|switch|p2a: Hatterene|Hatterene, F|68/100
|move|p1a: Garganacl|Salt Cure|p2a: Hatterene
|-damage|p2a: Hatterene|56/100
|-start|p2a: Hatterene|Salt Cure
|
|-weather|SunnyDay|[upkeep]
|-heal|p1a: Garganacl|100/100|[from] item: Leftovers
|-damage|p2a: Hatterene|44/100|[from] Salt Cure
|upkeep
|turn|11
|
|t:|1760416413
|move|p1a: Garganacl|Salt Cure|p2a: Hatterene
|-damage|p2a: Hatterene|33/100
|move|p2a: Hatterene|Healing Wish|p2a: Hatterene
|faint|p2a: Hatterene
|
|-weather|SunnyDay|[upkeep]
|upkeep
|
|t:|1760416416
|switch|p2a: Walking Wake|Walking Wake, tera:Water|100/100
|-activate|p2a: Walking Wake|ability: Protosynthesis
|-start|p2a: Walking Wake|protosynthesisspe
|turn|12
|
|t:|1760416430
|switch|p1a: Dragonite|Dragonite, M|100/100
|move|p2a: Walking Wake|Hydro Steam|p1a: Dragonite
|-resisted|p1a: Dragonite
|-damage|p1a: Dragonite|76/100
|
|-weather|SunnyDay|[upkeep]
|upkeep
|turn|13
|
|t:|1760416437
|move|p1a: Dragonite|Extreme Speed|p2a: Walking Wake
|-damage|p2a: Walking Wake|69/100
|move|p2a: Walking Wake|Hydro Steam|p1a: Dragonite
|-resisted|p1a: Dragonite
|-damage|p1a: Dragonite|26/100
|
|-weather|SunnyDay|[upkeep]
|upkeep
|turn|14
|
|t:|1760416447
|move|p1a: Dragonite|Extreme Speed|p2a: Walking Wake
|-damage|p2a: Walking Wake|36/100
|move|p2a: Walking Wake|Hydro Steam|p1a: Dragonite
|-resisted|p1a: Dragonite
|-damage|p1a: Dragonite|0 fnt
|faint|p1a: Dragonite
|
|-weather|SunnyDay|[upkeep]
|upkeep
|
|t:|1760416453
|switch|p1a: Clefable|Clefable, M, tera:Water|100/100
|turn|15
|
|t:|1760416455
|-end|p2a: Walking Wake|Protosynthesis|[silent]
|switch|p2a: Leavanny|Leavanny, F|100/100
|move|p1a: Clefable|Calm Mind|p1a: Clefable
|-boost|p1a: Clefable|spa|1
|-boost|p1a: Clefable|spd|1
|
|-weather|SunnyDay|[upkeep]
|upkeep
|turn|16
|
|t:|1760416459
|switch|p1a: Zamazenta|Zamazenta|100/100
|-ability|p1a: Zamazenta|Dauntless Shield|boost
|-boost|p1a: Zamazenta|def|1
|move|p2a: Leavanny|Sticky Web|p1a: Zamazenta
|-sidestart|p1: mala☆huju|move: Sticky Web
|
|-weather|none
|upkeep
|turn|17
|
|t:|1760416469
|switch|p1a: Garganacl|Garganacl, F|100/100
|-activate|p1a: Garganacl|move: Sticky Web
|-unboost|p1a: Garganacl|spe|1
|move|p2a: Leavanny|Grass Knot|p1a: Garganacl
|-supereffective|p1a: Garganacl
|-damage|p1a: Garganacl|57/100
|
|-heal|p1a: Garganacl|64/100|[from] item: Leftovers
|upkeep
|turn|18
|
|t:|1760416478
|move|p2a: Leavanny|Knock Off|p1a: Garganacl
|-damage|p1a: Garganacl|41/100
|-enditem|p1a: Garganacl|Leftovers|[from] move: Knock Off|[of] p2a: Leavanny
|move|p1a: Garganacl|Salt Cure|p2a: Leavanny
|-supereffective|p2a: Leavanny
|-damage|p2a: Leavanny|61/100
|-start|p2a: Leavanny|Salt Cure
|
|-damage|p2a: Leavanny|48/100|[from] Salt Cure
|upkeep
|turn|19
|
|t:|1760416483
|move|p2a: Leavanny|Grass Knot|p1a: Garganacl
|-supereffective|p1a: Garganacl
|-damage|p1a: Garganacl|3/100
|move|p1a: Garganacl|Recover|p1a: Garganacl
|-heal|p1a: Garganacl|53/100
|
|-damage|p2a: Leavanny|36/100|[from] Salt Cure
|upkeep
|turn|20
|
|t:|1760416487
|move|p2a: Leavanny|Leaf Blade|p1a: Garganacl
|-supereffective|p1a: Garganacl
|-damage|p1a: Garganacl|0 fnt
|faint|p1a: Garganacl
|
|-damage|p2a: Leavanny|24/100|[from] Salt Cure
|upkeep
|
|t:|1760416491
|switch|p1a: Zamazenta|Zamazenta|100/100
|turn|21
|
|t:|1760416494
|move|p1a: Zamazenta|Ice Fang|p2a: Leavanny|[miss]
|-miss|p1a: Zamazenta|p2a: Leavanny
|move|p2a: Leavanny|Grass Knot|p1a: Zamazenta
|-damage|p1a: Zamazenta|73/100
|
|-damage|p2a: Leavanny|11/100|[from] Salt Cure
|upkeep
|turn|22
|
|t:|1760416497
|move|p1a: Zamazenta|Ice Fang|p2a: Leavanny
|-supereffective|p2a: Leavanny
|-damage|p2a: Leavanny|0 fnt
|faint|p2a: Leavanny
|
|upkeep
|
|t:|1760416498
|switch|p2a: Torkoal|Torkoal, F|72/100
|-heal|p2a: Torkoal|100/100|[from] move: Healing Wish
|-weather|SunnyDay|[from] ability: Drought|[of] p2a: Torkoal
|turn|23
|
|t:|1760416504
|switch|p2a: Walking Wake|Walking Wake, tera:Water|36/100
|-activate|p2a: Walking Wake|ability: Protosynthesis
|-start|p2a: Walking Wake|protosynthesisspe
|move|p1a: Zamazenta|Close Combat|p2a: Walking Wake
|-damage|p2a: Walking Wake|0 fnt
|-unboost|p1a: Zamazenta|def|1
|-unboost|p1a: Zamazenta|spd|1
|faint|p2a: Walking Wake
|-end|p2a: Walking Wake|Protosynthesis|[silent]
|
|-weather|SunnyDay|[upkeep]
|upkeep
|
|t:|1760416508
|switch|p2a: Raging Bolt|Raging Bolt|100/100
|-activate|p2a: Raging Bolt|ability: Protosynthesis
|-start|p2a: Raging Bolt|protosynthesisspa
|turn|24
|
|t:|1760416517
|move|p1a: Zamazenta|Close Combat|p2a: Raging Bolt
|-damage|p2a: Raging Bolt|47/100
|-unboost|p1a: Zamazenta|def|1
|-unboost|p1a: Zamazenta|spd|1
|move|p2a: Raging Bolt|Thunderbolt|p1a: Zamazenta
|-damage|p1a: Zamazenta|0 fnt
|faint|p1a: Zamazenta
|-damage|p2a: Raging Bolt|37/100|[from] item: Life Orb
|
|-weather|SunnyDay|[upkeep]
|upkeep
|c|☆mala☆huju|gg
|
|t:|1760416522
|switch|p1a: Clefable|Clefable, M, tera:Water|100/100
|-activate|p1a: Clefable|move: Sticky Web
|-unboost|p1a: Clefable|spe|1
|turn|25
|
|t:|1760416524
|move|p2a: Raging Bolt|Thunderbolt|p1a: Clefable
|-supereffective|p1a: Clefable
|-damage|p1a: Clefable|0 fnt
|faint|p1a: Clefable
|-damage|p2a: Raging Bolt|27/100|[from] item: Life Orb
|
|win|roommate108
|raw|mala☆huju's rating: 1621 &rarr; <strong>1598</strong><br />(-23 for losing)
|raw|roommate108's rating: 1561 &rarr; <strong>1584</strong><br />(+23 for winning)
|l|☆mala☆huju
|player|p1|
|l| Love Is Cruel
|l|☆roommate108
|player|p2|
|l|+Disorient
