|j|☆Cheesestar125
|j|☆kharionn
|t:|1760458914
|gametype|singles
|player|p1|Cheesestar125|1|1169
|player|p2|kharionn|169|1128
|gen|9
|tier|[Gen 9] OU
|rated|
|rule|HP Percentage Mod: HP is shown in percentages
|rule|Endless Battle Clause: Forcing endless battles is banned
|rule|Species Clause: Limit one of each Pokémon
|rule|OHKO Clause: OHKO moves are banned
|rule|Evasion Items Clause: Evasion items are banned
|rule|Evasion Moves Clause: Evasion moves are banned
|rule|Evasion Abilities Clause: Evasion abilities are banned
|rule|Sleep Moves Clause: Sleep-inducing moves are banned
|clearpoke
|poke|p1|Skeledirge, F|
|poke|p1|Tornadus-Therian, M|
|poke|p1|Dragapult, F|
|poke|p1|Corviknight, F|
|poke|p1|Ting-Lu|
|poke|p1|Weezing-Galar, F|
|poke|p2|Milotic, M|
|poke|p2|Bronzong|
|poke|p2|Kingambit, F|
|poke|p2|Cinccino, F|
|poke|p2|Meowstic, M|
|poke|p2|Azelf|
|teampreview
|inactive|Battle timer is ON: inactive players will automatically lose when time's up. (requested by Cheesestar125)
|
|t:|1760458932
|teamsize|p1|6
|teamsize|p2|6
|start
|switch|p1a: Ting-Lu|Ting-Lu, shiny|100/100
|switch|p2a: Bronzong|Bronzong|100/100
|-ability|p1a: Ting-Lu|Vessel of Ruin
|turn|1
|
|t:|1760458941
|move|p1a: Ting-Lu|Stealth Rock|p2a: Bronzong
|-sidestart|p2: kharionn|move: Stealth Rock
|move|p2a: Bronzong|Trick|p1a: Ting-Lu
|-activate|p2a: Bronzong|move: Trick|[of] p1a: Ting-Lu
|-item|p1a: Ting-Lu|Toxic Orb|[from] move: Trick
|-item|p2a: Bronzong|Leftovers|[from] move: Trick
|
|-status|p1a: Ting-Lu|tox|[from] item: Toxic Orb
|upkeep
|turn|2
|
|t:|1760458949
|move|p1a: Ting-Lu|Throat Chop|p2a: Bronzong
|-supereffective|p2a: Bronzong
|-damage|p2a: Bronzong|42/100
|-start|p2a: Bronzong|Throat Chop|[silent]
|move|p2a: Bronzong|Stealth Rock|p1a: Ting-Lu
|-sidestart|p1: Cheesestar125|move: Stealth Rock
|
|-heal|p2a: Bronzong|49/100|[from] item: Leftovers
|-damage|p1a: Ting-Lu|94/100 tox|[from] psn
|upkeep
|turn|3
|
|t:|1760458958
|move|p2a: Bronzong|Protect|p2a: Bronzong
|-singleturn|p2a: Bronzong|Protect
|move|p1a: Ting-Lu|Throat Chop|p2a: Bronzong
|-activate|p2a: Bronzong|move: Protect
|
|-heal|p2a: Bronzong|55/100|[from] item: Leftovers
|-damage|p1a: Ting-Lu|82/100 tox|[from] psn
|-end|p2a: Bronzong|Throat Chop|[silent]
|upkeep
|turn|4
|
|t:|1760458972
|switch|p2a: Milotic|Milotic, M|100/100
|-damage|p2a: Milotic|88/100|[from] Stealth Rock
|move|p1a: Ting-Lu|Throat Chop|p2a: Milotic
|-damage|p2a: Milotic|64/100
|-start|p2a: Milotic|Throat Chop|[silent]
|
|-heal|p2a: Milotic|70/100|[from] item: Leftovers
|-damage|p1a: Ting-Lu|63/100 tox|[from] psn
|upkeep
|turn|5
|
|t:|1760458983
|switch|p1a: Tornadus|Tornadus-Therian, M|100/100
|-damage|p1a: Tornadus|76/100|[from] Stealth Rock
|move|p2a: Milotic|Recover|p2a: Milotic
|-heal|p2a: Milotic|100/100
|
|-end|p2a: Milotic|Throat Chop|[silent]
|upkeep
|turn|6
|
|t:|1760458991
|move|p1a: Tornadus|Knock Off|p2a: Milotic
|-damage|p2a: Milotic|87/100
|-enditem|p2a: Milotic|Leftovers|[from] move: Knock Off|[of] p1a: Tornadus
|move|p2a: Milotic|Ice Beam|p1a: Tornadus
|-supereffective|p1a: Tornadus
|-damage|p1a: Tornadus|47/100
|
|upkeep
|turn|7
|
|t:|1760458999
|move|p1a: Tornadus|U-turn|p2a: Milotic
|-damage|p2a: Milotic|75/100
|
|t:|1760459007
|switch|p1a: Weezing|Weezing-Galar, F|100/100|[from] U-turn
|-ability|p1a: Weezing|Neutralizing Gas
|move|p2a: Milotic|Ice Beam|p1a: Weezing
|-damage|p1a: Weezing|71/100
|-status|p1a: Weezing|frz
|
|upkeep
|turn|8
|
|t:|1760459017
|cant|p1a: Weezing|frz
|move|p2a: Milotic|Scald|p1a: Weezing
|-damage|p1a: Weezing|31/100 frz
|-curestatus|p1a: Weezing|frz|[msg]
|
|upkeep
|turn|9
|
|t:|1760459024
|move|p1a: Weezing|Defog|p2a: Milotic
|-unboost|p2a: Milotic|evasion|1
|-sideend|p2: kharionn|Stealth Rock|[from] move: Defog|[of] p1a: Weezing
|-sideend|p1: Cheesestar125|Stealth Rock|[from] move: Defog|[of] p1a: Weezing
|move|p2a: Milotic|Scald|p1a: Weezing
|-damage|p1a: Weezing|0 fnt
|faint|p1a: Weezing
|-end|p1a: Weezing|ability: Neutralizing Gas
|
|upkeep
|
|t:|1760459031
|switch|p1a: Skeledirge|Skeledirge, F|100/100
|turn|10
|
|t:|1760459037
|-terastallize|p1a: Skeledirge|Dark
|move|p2a: Milotic|Scald|p1a: Skeledirge
|-damage|p1a: Skeledirge|80/100
|-status|p1a: Skeledirge|brn
|move|p1a: Skeledirge|Torch Song|p2a: Milotic
|-resisted|p2a: Milotic
|-damage|p2a: Milotic|65/100
|-boost|p1a: Skeledirge|spa|1
|
|-damage|p1a: Skeledirge|74/100 brn|[from] brn
|upkeep
|turn|11
|
|t:|1760459052
|move|p2a: Milotic|Protect|p2a: Milotic
|-singleturn|p2a: Milotic|Protect
|move|p1a: Skeledirge|Slack Off|p1a: Skeledirge
|-heal|p1a: Skeledirge|100/100 brn
|
|-damage|p1a: Skeledirge|94/100 brn|[from] brn
|upkeep
|turn|12
|
|t:|1760459061
|move|p2a: Milotic|Scald|p1a: Skeledirge
|-damage|p1a: Skeledirge|74/100 brn
|move|p1a: Skeledirge|Torch Song|p2a: Milotic
|-resisted|p2a: Milotic
|-damage|p2a: Milotic|48/100
|-boost|p1a: Skeledirge|spa|1
|
|-damage|p1a: Skeledirge|68/100 brn|[from] brn
|upkeep
|turn|13
|
|t:|1760459077
|switch|p2a: Bronzong|Bronzong|55/100
|move|p1a: Skeledirge|Slack Off|p1a: Skeledirge
|-heal|p1a: Skeledirge|100/100 brn
|
|-heal|p2a: Bronzong|61/100|[from] item: Leftovers
|-damage|p1a: Skeledirge|94/100 brn|[from] brn
|upkeep
|turn|14
|
|t:|1760459089
|move|p1a: Skeledirge|Torch Song|p2a: Bronzong
|-supereffective|p2a: Bronzong
|-damage|p2a: Bronzong|0 fnt
|-boost|p1a: Skeledirge|spa|1
|faint|p2a: Bronzong
|
|-damage|p1a: Skeledirge|88/100 brn|[from] brn
|upkeep
|
|t:|1760459103
|switch|p2a: Meowstic|Meowstic, M|100/100
|turn|15
|
|t:|1760459107
|move|p2a: Meowstic|Light Screen|p2a: Meowstic
|-sidestart|p2: kharionn|move: Light Screen
|move|p1a: Skeledirge|Torch Song|p2a: Meowstic
|-damage|p2a: Meowstic|69/100
|-boost|p1a: Skeledirge|spa|1
|
|-damage|p1a: Skeledirge|82/100 brn|[from] brn
|upkeep
|turn|16
|
|t:|1760459115
|move|p2a: Meowstic|Reflect|p2a: Meowstic
|-sidestart|p2: kharionn|Reflect
|move|p1a: Skeledirge|Torch Song|p2a: Meowstic
|-damage|p2a: Meowstic|35/100
|-boost|p1a: Skeledirge|spa|1
|
|-damage|p1a: Skeledirge|76/100 brn|[from] brn
|upkeep
|turn|17
|
|t:|1760459125
|switch|p2a: Milotic|Milotic, M|48/100
|move|p1a: Skeledirge|Torch Song|p2a: Milotic
|-resisted|p2a: Milotic
|-damage|p2a: Milotic|29/100
|-boost|p1a: Skeledirge|spa|1
|
|-damage|p1a: Skeledirge|70/100 brn|[from] brn
|upkeep
|turn|18
|
|t:|1760459139
|move|p2a: Milotic|Scald|p1a: Skeledirge
|-damage|p1a: Skeledirge|49/100 brn
|move|p1a: Skeledirge|Torch Song|p2a: Milotic
|-resisted|p2a: Milotic
|-damage|p2a: Milotic|9/100
|
|-damage|p1a: Skeledirge|43/100 brn|[from] brn
|upkeep
|turn|19
|
|t:|1760459148
|move|p2a: Milotic|Recover|p2a: Milotic
|-heal|p2a: Milotic|59/100
|move|p1a: Skeledirge|Slack Off|p1a: Skeledirge
|-heal|p1a: Skeledirge|93/100 brn
|
|-damage|p1a: Skeledirge|87/100 brn|[from] brn
|upkeep
|turn|20
|
|t:|1760459162
|move|p2a: Milotic|Recover|p2a: Milotic
|-heal|p2a: Milotic|100/100
|move|p1a: Skeledirge|Torch Song|p2a: Milotic
|-resisted|p2a: Milotic
|-damage|p2a: Milotic|80/100
|
|-damage|p1a: Skeledirge|81/100 brn|[from] brn
|upkeep
|turn|21
|
|t:|1760459172
|switch|p2a: Cinccino|Cinccino, F|100/100
|move|p1a: Skeledirge|Earth Power|p2a: Cinccino
|-damage|p2a: Cinccino|28/100
|-enditem|p2a: Cinccino|Red Card|[of] p1a: Skeledirge
|drag|p1a: Corviknight|Corviknight, F, shiny|100/100
|-ability|p1a: Corviknight|Pressure
|
|upkeep
|turn|22
|c|☆Cheesestar125|etf
|c|☆Cheesestar125|wtf
|
|t:|1760459191
|switch|p2a: Milotic|Milotic, M|80/100
|move|p1a: Corviknight|Body Press|p2a: Milotic
|-damage|p2a: Milotic|70/100
|
|-sideend|p2: kharionn|move: Light Screen
|upkeep
|turn|23
|
|t:|1760459199
|move|p2a: Milotic|Scald|p1a: Corviknight
|-damage|p1a: Corviknight|74/100
|move|p1a: Corviknight|U-turn|p2a: Milotic
|-damage|p2a: Milotic|65/100
|
|t:|1760459212
|switch|p1a: Dragapult|Dragapult, F|100/100|[from] U-turn
|
|-sideend|p2: kharionn|Reflect
|upkeep
|turn|24
|
|t:|1760459218
|move|p1a: Dragapult|Draco Meteor|p2a: Milotic
|-damage|p2a: Milotic|5/100
|-unboost|p1a: Dragapult|spa|2
|move|p2a: Milotic|Recover|p2a: Milotic
|-heal|p2a: Milotic|55/100
|
|upkeep
|turn|25
|
|t:|1760459227
|switch|p1a: Skeledirge|Skeledirge, F, tera:Dark|81/100 brn
|move|p2a: Milotic|Protect||[still]
|-fail|p2a: Milotic
|
|-damage|p1a: Skeledirge|75/100 brn|[from] brn
|upkeep
|turn|26
|
|t:|1760459236
|switch|p2a: Meowstic|Meowstic, M|35/100
|switch|p1a: Corviknight|Corviknight, F, shiny|74/100
|-ability|p1a: Corviknight|Pressure
|
|upkeep
|turn|27
|
|t:|1760459244
|move|p2a: Meowstic|Thunder Wave|p1a: Corviknight
|-status|p1a: Corviknight|par
|move|p1a: Corviknight|U-turn|p2a: Meowstic
|-supereffective|p2a: Meowstic
|-damage|p2a: Meowstic|2/100
|
|t:|1760459247
|switch|p1a: Dragapult|Dragapult, F|100/100|[from] U-turn
|
|upkeep
|turn|28
|
|t:|1760459253
|move|p2a: Meowstic|Light Screen|p2a: Meowstic
|-sidestart|p2: kharionn|move: Light Screen
|move|p1a: Dragapult|U-turn|p2a: Meowstic
|-supereffective|p2a: Meowstic
|-damage|p2a: Meowstic|0 fnt
|faint|p2a: Meowstic
|
|t:|1760459261
|switch|p1a: Corviknight|Corviknight, F, shiny|74/100 par|[from] U-turn
|-ability|p1a: Corviknight|Pressure
|
|upkeep
|
|t:|1760459267
|switch|p2a: Azelf|Azelf|100/100
|turn|29
|
|t:|1760459270
|move|p2a: Azelf|Psychic|p1a: Corviknight
|-resisted|p1a: Corviknight
|-damage|p1a: Corviknight|42/100 par
|cant|p1a: Corviknight|par
|
|upkeep
|turn|30
|
|t:|1760459276
|switch|p1a: Ting-Lu|Ting-Lu, shiny|63/100 tox
|-ability|p1a: Ting-Lu|Vessel of Ruin
|move|p2a: Azelf|Psychic|p1a: Ting-Lu
|-immune|p1a: Ting-Lu
|
|-damage|p1a: Ting-Lu|57/100 tox|[from] psn
|upkeep
|turn|31
|
|t:|1760459288
|switch|p2a: Milotic|Milotic, M|55/100
|move|p1a: Ting-Lu|Rest|p1a: Ting-Lu
|-status|p1a: Ting-Lu|slp|[from] move: Rest
|-heal|p1a: Ting-Lu|100/100 slp|[silent]
|
|upkeep
|turn|32
|
|t:|1760459296
|switch|p1a: Tornadus|Tornadus-Therian, M|81/100
|move|p2a: Milotic|Recover|p2a: Milotic
|-heal|p2a: Milotic|100/100
|
|upkeep
|turn|33
|
|t:|1760459302
|move|p1a: Tornadus|U-turn|p2a: Milotic
|-damage|p2a: Milotic|91/100
|
|t:|1760459305
|switch|p1a: Ting-Lu|Ting-Lu, shiny|100/100 slp|[from] U-turn
|-ability|p1a: Ting-Lu|Vessel of Ruin
|move|p2a: Milotic|Ice Beam|p1a: Ting-Lu
|-supereffective|p1a: Ting-Lu
|-damage|p1a: Ting-Lu|79/100 slp
|
|upkeep
|turn|34
|
|t:|1760459314
|move|p2a: Milotic|Scald|p1a: Ting-Lu
|-supereffective|p1a: Ting-Lu
|-damage|p1a: Ting-Lu|52/100 slp
|cant|p1a: Ting-Lu|slp
|
|upkeep
|turn|35
|
|t:|1760459320
|switch|p1a: Tornadus|Tornadus-Therian, M|100/100
|move|p2a: Milotic|Ice Beam|p1a: Tornadus
|-supereffective|p1a: Tornadus
|-damage|p1a: Tornadus|73/100
|
|-sideend|p2: kharionn|move: Light Screen
|upkeep
|turn|36
|
|t:|1760459327
|move|p1a: Tornadus|U-turn|p2a: Milotic
|-damage|p2a: Milotic|80/100
|
|t:|1760459330
|switch|p1a: Skeledirge|Skeledirge, F, tera:Dark|75/100 brn|[from] U-turn
|move|p2a: Milotic|Scald|p1a: Skeledirge
|-damage|p1a: Skeledirge|54/100 brn
|
|-damage|p1a: Skeledirge|48/100 brn|[from] brn
|upkeep
|turn|37
|
|t:|1760459345
|move|p2a: Milotic|Scald|p1a: Skeledirge
|-damage|p1a: Skeledirge|29/100 brn
|move|p1a: Skeledirge|Slack Off|p1a: Skeledirge
|-heal|p1a: Skeledirge|79/100 brn
|
|-damage|p1a: Skeledirge|73/100 brn|[from] brn
|upkeep
|turn|38
|
|t:|1760459360
|switch|p2a: Cinccino|Cinccino, F|28/100
|move|p1a: Skeledirge|Torch Song|p2a: Cinccino
|-damage|p2a: Cinccino|0 fnt
|-boost|p1a: Skeledirge|spa|1
|faint|p2a: Cinccino
|
|-damage|p1a: Skeledirge|67/100 brn|[from] brn
|upkeep
|
|t:|1760459374
|switch|p2a: Azelf|Azelf|100/100
|turn|39
|
|t:|1760459380
|-terastallize|p2a: Azelf|Fire
|move|p2a: Azelf|Flamethrower|p1a: Skeledirge
|-damage|p1a: Skeledirge|19/100 brn
|move|p1a: Skeledirge|Slack Off|p1a: Skeledirge
|-heal|p1a: Skeledirge|69/100 brn
|
|-damage|p1a: Skeledirge|63/100 brn|[from] brn
|upkeep
|turn|40
|
|t:|1760459394
|switch|p1a: Ting-Lu|Ting-Lu, shiny|52/100 slp
|-ability|p1a: Ting-Lu|Vessel of Ruin
|move|p2a: Azelf|Flamethrower|p1a: Ting-Lu
|-damage|p1a: Ting-Lu|20/100 slp
|
|upkeep
|turn|41
|
|t:|1760459401
|move|p2a: Azelf|Flamethrower|p1a: Ting-Lu
|-crit|p1a: Ting-Lu
|-damage|p1a: Ting-Lu|0 fnt
|faint|p1a: Ting-Lu
|
|upkeep
|
|t:|1760459403
|switch|p1a: Tornadus|Tornadus-Therian, M|100/100
|turn|42
|
|t:|1760459409
|switch|p2a: Milotic|Milotic, M|80/100
|move|p1a: Tornadus|Knock Off|p2a: Milotic
|-damage|p2a: Milotic|70/100
|
|upkeep
|turn|43
|
|t:|1760459415
|move|p1a: Tornadus|U-turn|p2a: Milotic
|-damage|p2a: Milotic|59/100
|
|t:|1760459417
|switch|p1a: Skeledirge|Skeledirge, F, tera:Dark|63/100 brn|[from] U-turn
|move|p2a: Milotic|Scald|p1a: Skeledirge
|-damage|p1a: Skeledirge|42/100 brn
|
|-damage|p1a: Skeledirge|36/100 brn|[from] brn
|upkeep
|turn|44
|
|t:|1760459426
|move|p2a: Milotic|Ice Beam|p1a: Skeledirge
|-damage|p1a: Skeledirge|21/100 brn
|move|p1a: Skeledirge|Slack Off|p1a: Skeledirge
|-heal|p1a: Skeledirge|72/100 brn
|
|-damage|p1a: Skeledirge|65/100 brn|[from] brn
|upkeep
|turn|45
|
|t:|1760459441
|move|p2a: Milotic|Recover|p2a: Milotic
|-heal|p2a: Milotic|100/100
|move|p1a: Skeledirge|Earth Power|p2a: Milotic
|-damage|p2a: Milotic|85/100
|
|-damage|p1a: Skeledirge|59/100 brn|[from] brn
|upkeep
|turn|46
|
|t:|1760459449
|move|p2a: Milotic|Scald|p1a: Skeledirge
|-damage|p1a: Skeledirge|41/100 brn
|move|p1a: Skeledirge|Slack Off|p1a: Skeledirge
|-heal|p1a: Skeledirge|91/100 brn
|
|-damage|p1a: Skeledirge|85/100 brn|[from] brn
|upkeep
|turn|47
|
|t:|1760459459
|switch|p1a: Tornadus|Tornadus-Therian, M|100/100
|move|p2a: Milotic|Ice Beam|p1a: Tornadus
|-supereffective|p1a: Tornadus
|-damage|p1a: Tornadus|72/100
|
|upkeep
|turn|48
|
|t:|1760459467
|move|p1a: Tornadus|Bleakwind Storm|p2a: Milotic
|-damage|p2a: Milotic|59/100
|move|p2a: Milotic|Ice Beam|p1a: Tornadus
|-supereffective|p1a: Tornadus
|-damage|p1a: Tornadus|45/100
|
|upkeep
|turn|49
|
|t:|1760459482
|move|p1a: Tornadus|U-turn|p2a: Milotic
|-damage|p2a: Milotic|48/100
|
|t:|1760459486
|switch|p1a: Skeledirge|Skeledirge, F, tera:Dark|85/100 brn|[from] U-turn
|move|p2a: Milotic|Scald|p1a: Skeledirge
|-damage|p1a: Skeledirge|64/100 brn
|
|-damage|p1a: Skeledirge|58/100 brn|[from] brn
|upkeep
|turn|50
|
|t:|1760459496
|move|p2a: Milotic|Recover|p2a: Milotic
|-heal|p2a: Milotic|98/100
|move|p1a: Skeledirge|Slack Off|p1a: Skeledirge
|-heal|p1a: Skeledirge|100/100 brn
|
|-damage|p1a: Skeledirge|94/100 brn|[from] brn
|upkeep
|turn|51
|
|t:|1760459521
|switch|p1a: Corviknight|Corviknight, F, shiny|42/100 par
|-ability|p1a: Corviknight|Pressure
|move|p2a: Milotic|Ice Beam|p1a: Corviknight
|-damage|p1a: Corviknight|20/100 par
|
|upkeep
|turn|52
|
|t:|1760459528
|move|p2a: Milotic|Scald|p1a: Corviknight
|-damage|p1a: Corviknight|0 fnt
|faint|p1a: Corviknight
|
|upkeep
|
|t:|1760459534
|switch|p1a: Dragapult|Dragapult, F|100/100
|turn|53
|
|t:|1760459540
|move|p1a: Dragapult|Shadow Ball|p2a: Milotic
|-damage|p2a: Milotic|60/100
|move|p2a: Milotic|Ice Beam|p1a: Dragapult
|-supereffective|p1a: Dragapult
|-damage|p1a: Dragapult|42/100
|
|upkeep
|turn|54
|
|t:|1760459553
|switch|p1a: Skeledirge|Skeledirge, F, tera:Dark|94/100 brn
|move|p2a: Milotic|Ice Beam|p1a: Skeledirge
|-damage|p1a: Skeledirge|80/100 brn
|
|-damage|p1a: Skeledirge|74/100 brn|[from] brn
|upkeep
|turn|55
|
|t:|1760459561
|move|p2a: Milotic|Recover|p2a: Milotic
|-heal|p2a: Milotic|100/100
|move|p1a: Skeledirge|Will-O-Wisp|p2a: Milotic
|-status|p2a: Milotic|brn
|
|-damage|p2a: Milotic|94/100 brn|[from] brn
|-damage|p1a: Skeledirge|68/100 brn|[from] brn
|upkeep
|turn|56
|
|t:|1760459570
|switch|p1a: Tornadus|Tornadus-Therian, M|78/100
|move|p2a: Milotic|Scald|p1a: Tornadus
|-damage|p1a: Tornadus|58/100
|-status|p1a: Tornadus|brn
|
|-damage|p1a: Tornadus|52/100 brn|[from] brn
|-damage|p2a: Milotic|88/100 brn|[from] brn
|upkeep
|turn|57
|
|t:|1760459579
|move|p2a: Milotic|Protect|p2a: Milotic
|-singleturn|p2a: Milotic|Protect
|move|p1a: Tornadus|Bleakwind Storm|p2a: Milotic
|-activate|p2a: Milotic|move: Protect
|
|-damage|p1a: Tornadus|46/100 brn|[from] brn
|-damage|p2a: Milotic|82/100 brn|[from] brn
|upkeep
|turn|58
|
|t:|1760459588
|move|p1a: Tornadus|Bleakwind Storm|p2a: Milotic
|-damage|p2a: Milotic|54/100 brn
|move|p2a: Milotic|Ice Beam|p1a: Tornadus
|-supereffective|p1a: Tornadus
|-damage|p1a: Tornadus|14/100 brn
|
|-damage|p1a: Tornadus|8/100 brn|[from] brn
|-damage|p2a: Milotic|48/100 brn|[from] brn
|upkeep
|turn|59
|
|t:|1760459597
|move|p2a: Milotic|Protect|p2a: Milotic
|-singleturn|p2a: Milotic|Protect
|move|p1a: Tornadus|Bleakwind Storm|p2a: Milotic
|-activate|p2a: Milotic|move: Protect
|
|-damage|p1a: Tornadus|2/100 brn|[from] brn
|-damage|p2a: Milotic|42/100 brn|[from] brn
|upkeep
|turn|60
|
|t:|1760459605
|move|p1a: Tornadus|Bleakwind Storm|p2a: Milotic
|-damage|p2a: Milotic|14/100 brn
|move|p2a: Milotic|Scald|p1a: Tornadus
|-damage|p1a: Tornadus|0 fnt
|faint|p1a: Tornadus
|
|-damage|p2a: Milotic|8/100 brn|[from] brn
|upkeep
|
|t:|1760459613
|switch|p1a: Skeledirge|Skeledirge, F, tera:Dark|68/100 brn
|turn|61
|
|t:|1760459618
|move|p2a: Milotic|Protect|p2a: Milotic
|-singleturn|p2a: Milotic|Protect
|move|p1a: Skeledirge|Torch Song|p2a: Milotic
|-activate|p2a: Milotic|move: Protect
|
|-damage|p2a: Milotic|2/100 brn|[from] brn
|-damage|p1a: Skeledirge|62/100 brn|[from] brn
|upkeep
|turn|62
|
|t:|1760459627
|move|p2a: Milotic|Scald|p1a: Skeledirge
|-damage|p1a: Skeledirge|40/100 brn
|move|p1a: Skeledirge|Torch Song|p2a: Milotic
|-resisted|p2a: Milotic
|-crit|p2a: Milotic
|-damage|p2a: Milotic|0 fnt
|-boost|p1a: Skeledirge|spa|1
|faint|p2a: Milotic
|
|-damage|p1a: Skeledirge|34/100 brn|[from] brn
|upkeep
|
|t:|1760459639
|switch|p2a: Azelf|Azelf, tera:Fire|100/100
|turn|63
|
|t:|1760459643
|switch|p1a: Dragapult|Dragapult, F|42/100
|move|p2a: Azelf|Flamethrower|p1a: Dragapult
|-resisted|p1a: Dragapult
|-damage|p1a: Dragapult|0 fnt
|faint|p1a: Dragapult
|
|upkeep
|
|t:|1760459646
|switch|p1a: Skeledirge|Skeledirge, F, tera:Dark|34/100 brn
|turn|64
|
|t:|1760459653
|move|p2a: Azelf|Flamethrower|p1a: Skeledirge
|-damage|p1a: Skeledirge|0 fnt
|faint|p1a: Skeledirge
|
|win|kharionn
|raw|Cheesestar125's rating: 1169 &rarr; <strong>1141</strong><br />(-28 for losing)
|raw|kharionn's rating: 1128 &rarr; <strong>1156</strong><br />(+28 for winning)
|c|☆Cheesestar125|gg wp
|c|☆kharionn|Gg
|l|☆kharionn
|player|p2|
|l|☆Cheesestar125
|player|p1|
