|j|☆V. Al Sorna
|j|☆LikeEmerald
|t:|1760372495
|gametype|singles
|player|p1|V. Al Sorna|266|1264
|player|p2|LikeEmerald|2|1231
|gen|9
|tier|[Gen 9] OU
|rated|
|rule|HP Percentage Mod: HP is shown in percentages
|rule|Endless Battle Clause: Forcing endless battles is banned
|rule|Species Clause: Limit one of each Pokémon
|rule|OHKO Clause: OHKO moves are banned
|rule|Evasion Items Clause: Evasion items are banned
|rule|Evasion Moves Clause: Evasion moves are banned
|rule|Evasion Abilities Clause: Evasion abilities are banned
|rule|Sleep Moves Clause: Sleep-inducing moves are banned
|clearpoke
|poke|p1|Zapdos|
|poke|p1|Ceruledge, M|
|poke|p1|Araquanid, M|
|poke|p1|Glimmora, F|
|poke|p1|Inteleon, M|
|poke|p1|Meowscarada, M|
|poke|p2|Ribombee, F|
|poke|p2|Arboliva, F|
|poke|p2|Ninetales, M|
|poke|p2|Great Tusk|
|poke|p2|Slither Wing|
|poke|p2|Palossand, F|
|teampreview
|inactive|Battle timer is ON: inactive players will automatically lose when time's up. (requested by V. Al Sorna)
|
|t:|1760372521
|teamsize|p1|6
|teamsize|p2|6
|start
|switch|p1a: Glimmora|Glimmora, F|100/100
|switch|p2a: Great Tusk|Great Tusk|100/100
|-enditem|p2a: Great Tusk|Booster Energy
|-activate|p2a: Great Tusk|ability: Protosynthesis|[fromitem]
|-start|p2a: Great Tusk|protosynthesisatk
|turn|1
|
|t:|1760372528
|switch|p1a: Zapdos|Zapdos|100/100
|move|p2a: Great Tusk|Headlong Rush|p1a: Zapdos
|-immune|p1a: Zapdos
|
|upkeep
|turn|2
|
|t:|1760372535
|move|p2a: Great Tusk|Head Smash|p1a: Zapdos
|-supereffective|p1a: Zapdos
|-damage|p1a: Zapdos|11/100
|-status|p2a: Great Tusk|par|[from] ability: Static|[of] p1a: Zapdos
|-damage|p2a: Great Tusk|54/100 par|[from] Recoil
|move|p1a: Zapdos|Hurricane|p2a: Great Tusk|[miss]
|-miss|p1a: Zapdos|p2a: Great Tusk
|
|-heal|p1a: Zapdos|17/100|[from] item: Leftovers
|upkeep
|turn|3
|
|t:|1760372554
|-end|p2a: Great Tusk|Protosynthesis|[silent]
|switch|p2a: Ninetales|Ninetales, M|100/100
|-weather|SunnyDay|[from] ability: Drought|[of] p2a: Ninetales
|move|p1a: Zapdos|Roost|p1a: Zapdos
|-heal|p1a: Zapdos|67/100
|-singleturn|p1a: Zapdos|move: Roost
|
|-weather|SunnyDay|[upkeep]
|-heal|p1a: Zapdos|73/100|[from] item: Leftovers
|upkeep
|turn|4
|
|t:|1760372561
|move|p2a: Ninetales|Flamethrower|p1a: Zapdos
|-damage|p1a: Zapdos|26/100
|move|p1a: Zapdos|Roost|p1a: Zapdos
|-heal|p1a: Zapdos|76/100
|-singleturn|p1a: Zapdos|move: Roost
|
|-weather|SunnyDay|[upkeep]
|-heal|p1a: Zapdos|82/100|[from] item: Leftovers
|upkeep
|turn|5
|
|t:|1760372567
|move|p2a: Ninetales|Encore|p1a: Zapdos
|-start|p1a: Zapdos|Encore
|move|p1a: Zapdos|Roost|p1a: Zapdos
|-heal|p1a: Zapdos|100/100
|-singleturn|p1a: Zapdos|move: Roost
|
|-weather|SunnyDay|[upkeep]
|upkeep
|turn|6
|
|t:|1760372573
|switch|p1a: Araquanid|Araquanid, M|100/100
|move|p2a: Ninetales|Dark Pulse|p1a: Araquanid
|-damage|p1a: Araquanid|85/100
|
|-weather|SunnyDay|[upkeep]
|upkeep
|turn|7
|
|t:|1760372593
|switch|p2a: Great Tusk|Great Tusk|54/100 par
|-activate|p2a: Great Tusk|ability: Protosynthesis
|-start|p2a: Great Tusk|protosynthesisatk
|move|p1a: Araquanid|Sticky Web|p2a: Great Tusk
|-sidestart|p2: LikeEmerald|move: Sticky Web
|
|-weather|SunnyDay|[upkeep]
|upkeep
|turn|8
|
|t:|1760372599
|cant|p2a: Great Tusk|par
|move|p1a: Araquanid|Surf|p2a: Great Tusk
|-supereffective|p2a: Great Tusk
|-damage|p2a: Great Tusk|0 fnt
|faint|p2a: Great Tusk
|-end|p2a: Great Tusk|Protosynthesis|[silent]
|
|-weather|SunnyDay|[upkeep]
|upkeep
|
|t:|1760372611
|switch|p2a: Slither Wing|Slither Wing|100/100
|-activate|p2a: Slither Wing|move: Sticky Web
|-unboost|p2a: Slither Wing|spe|1
|-activate|p2a: Slither Wing|ability: Protosynthesis
|-start|p2a: Slither Wing|protosynthesisatk
|turn|9
|
|t:|1760372622
|switch|p1a: Zapdos|Zapdos|100/100
|-terastallize|p2a: Slither Wing|Bug
|move|p2a: Slither Wing|First Impression|p1a: Zapdos
|-resisted|p1a: Zapdos
|-damage|p1a: Zapdos|55/100
|-status|p2a: Slither Wing|par|[from] ability: Static|[of] p1a: Zapdos
|-damage|p2a: Slither Wing|91/100 par|[from] item: Life Orb
|
|-weather|SunnyDay|[upkeep]
|-heal|p1a: Zapdos|61/100|[from] item: Leftovers
|upkeep
|turn|10
|
|t:|1760372630
|move|p1a: Zapdos|Roost|p1a: Zapdos
|-heal|p1a: Zapdos|100/100
|-singleturn|p1a: Zapdos|move: Roost
|cant|p2a: Slither Wing|par
|
|-weather|none
|-end|p2a: Slither Wing|Protosynthesis
|upkeep
|turn|11
|
|t:|1760372642
|move|p1a: Zapdos|Hurricane|p2a: Slither Wing|[miss]
|-miss|p1a: Zapdos|p2a: Slither Wing
|cant|p2a: Slither Wing|par
|
|upkeep
|turn|12
|
|t:|1760372652
|-end|p2a: Slither Wing|Protosynthesis|[silent]
|switch|p2a: Palossand|Palossand, F|100/100
|-activate|p2a: Palossand|move: Sticky Web
|-unboost|p2a: Palossand|spe|1
|move|p1a: Zapdos|Ancient Power|p2a: Palossand
|-resisted|p2a: Palossand
|-damage|p2a: Palossand|91/100
|
|-heal|p2a: Palossand|97/100|[from] item: Leftovers
|upkeep
|turn|13
|
|t:|1760372659
|switch|p1a: Araquanid|Araquanid, M|85/100
|move|p2a: Palossand|Stealth Rock|p1a: Araquanid
|-sidestart|p1: V. Al Sorna|move: Stealth Rock
|
|-heal|p2a: Palossand|100/100|[from] item: Leftovers
|upkeep
|turn|14
|
|t:|1760372666
|switch|p2a: Ninetales|Ninetales, M|100/100
|-activate|p2a: Ninetales|move: Sticky Web
|-unboost|p2a: Ninetales|spe|1
|-weather|SunnyDay|[from] ability: Drought|[of] p2a: Ninetales
|move|p1a: Araquanid|Surf|p2a: Ninetales
|-supereffective|p2a: Ninetales
|-damage|p2a: Ninetales|38/100
|
|-weather|SunnyDay|[upkeep]
|upkeep
|turn|15
|
|t:|1760372673
|move|p2a: Ninetales|Healing Wish|p2a: Ninetales
|faint|p2a: Ninetales
|move|p1a: Araquanid|Surf|p2: Ninetales|[notarget]
|-fail|p1a: Araquanid
|
|-weather|SunnyDay|[upkeep]
|upkeep
|
|t:|1760372677
|switch|p2a: Slither Wing|Slither Wing, tera:Bug|91/100 par
|-heal|p2a: Slither Wing|100/100|[from] move: Healing Wish
|-activate|p2a: Slither Wing|move: Sticky Web
|-unboost|p2a: Slither Wing|spe|1
|-activate|p2a: Slither Wing|ability: Protosynthesis
|-start|p2a: Slither Wing|protosynthesisatk
|turn|16
|
|t:|1760372685
|switch|p1a: Zapdos|Zapdos|100/100
|-damage|p1a: Zapdos|76/100|[from] Stealth Rock
|move|p2a: Slither Wing|Temper Flare|p1a: Zapdos
|-damage|p1a: Zapdos|22/100
|-damage|p2a: Slither Wing|91/100|[from] item: Life Orb
|
|-weather|SunnyDay|[upkeep]
|-heal|p1a: Zapdos|28/100|[from] item: Leftovers
|upkeep
|turn|17
|
|t:|1760372700
|move|p1a: Zapdos|Roost|p1a: Zapdos
|-heal|p1a: Zapdos|79/100
|-singleturn|p1a: Zapdos|move: Roost
|move|p2a: Slither Wing|Temper Flare|p1a: Zapdos
|-damage|p1a: Zapdos|25/100
|-status|p2a: Slither Wing|par|[from] ability: Static|[of] p1a: Zapdos
|-damage|p2a: Slither Wing|81/100 par|[from] item: Life Orb
|
|-weather|SunnyDay|[upkeep]
|-heal|p1a: Zapdos|31/100|[from] item: Leftovers
|upkeep
|turn|18
|
|t:|1760372707
|move|p1a: Zapdos|Roost|p1a: Zapdos
|-heal|p1a: Zapdos|81/100
|-singleturn|p1a: Zapdos|move: Roost
|move|p2a: Slither Wing|Will-O-Wisp|p1a: Zapdos
|-status|p1a: Zapdos|brn
|
|-weather|SunnyDay|[upkeep]
|-heal|p1a: Zapdos|87/100 brn|[from] item: Leftovers
|-damage|p1a: Zapdos|81/100 brn|[from] brn
|upkeep
|turn|19
|
|t:|1760372714
|-end|p2a: Slither Wing|Protosynthesis|[silent]
|switch|p2a: Arboliva|Arboliva, F|100/100
|-activate|p2a: Arboliva|move: Sticky Web
|-unboost|p2a: Arboliva|spe|1
|move|p1a: Zapdos|Roost|p1a: Zapdos
|-heal|p1a: Zapdos|100/100 brn
|-singleturn|p1a: Zapdos|move: Roost
|
|-weather|SunnyDay|[upkeep]
|-damage|p1a: Zapdos|94/100 brn|[from] brn
|upkeep
|turn|20
|
|t:|1760372728
|move|p1a: Zapdos|Hurricane|p2a: Arboliva|[miss]
|-miss|p1a: Zapdos|p2a: Arboliva
|move|p2a: Arboliva|Energy Ball|p1a: Zapdos
|-resisted|p1a: Zapdos
|-damage|p1a: Zapdos|68/100 brn
|
|-weather|SunnyDay|[upkeep]
|-heal|p1a: Zapdos|74/100 brn|[from] item: Leftovers
|-damage|p1a: Zapdos|68/100 brn|[from] brn
|upkeep
|turn|21
|
|t:|1760372735
|move|p1a: Zapdos|Roost|p1a: Zapdos
|-heal|p1a: Zapdos|100/100 brn
|-singleturn|p1a: Zapdos|move: Roost
|move|p2a: Arboliva|Energy Ball|p1a: Zapdos
|-damage|p1a: Zapdos|47/100 brn
|
|-weather|none
|-heal|p1a: Zapdos|53/100 brn|[from] item: Leftovers
|-damage|p1a: Zapdos|47/100 brn|[from] brn
|upkeep
|turn|22
|
|t:|1760372747
|move|p1a: Zapdos|Hurricane|p2a: Arboliva|[miss]
|-miss|p1a: Zapdos|p2a: Arboliva
|move|p2a: Arboliva|Energy Ball|p1a: Zapdos
|-resisted|p1a: Zapdos
|-damage|p1a: Zapdos|23/100 brn
|
|-heal|p1a: Zapdos|29/100 brn|[from] item: Leftovers
|-damage|p1a: Zapdos|23/100 brn|[from] brn
|upkeep
|turn|23
|
|t:|1760372752
|move|p2a: Arboliva|Endure|p2a: Arboliva
|-singleturn|p2a: Arboliva|move: Endure
|move|p1a: Zapdos|Hurricane|p2a: Arboliva
|-supereffective|p2a: Arboliva
|-damage|p2a: Arboliva|19/100
|-start|p2a: Arboliva|confusion
|
|-heal|p1a: Zapdos|29/100 brn|[from] item: Leftovers
|-damage|p1a: Zapdos|23/100 brn|[from] brn
|upkeep
|turn|24
|-enditem|p2a: Arboliva|Custap Berry|[eat]
|-activate|p2a: Arboliva|item: Custap Berry|[consumed]
|
|t:|1760372762
|-activate|p2a: Arboliva|confusion
|move|p2a: Arboliva|Energy Ball|p1a: Zapdos
|-resisted|p1a: Zapdos
|-damage|p1a: Zapdos|0 fnt
|faint|p1a: Zapdos
|
|-item|p2a: Arboliva|Custap Berry|[from] ability: Harvest
|upkeep
|
|t:|1760372768
|switch|p1a: Inteleon|Inteleon, M|100/100
|-damage|p1a: Inteleon|88/100|[from] Stealth Rock
|turn|25
|-enditem|p2a: Arboliva|Custap Berry|[eat]
|-activate|p2a: Arboliva|item: Custap Berry|[consumed]
|
|t:|1760372772
|-activate|p2a: Arboliva|confusion
|move|p2a: Arboliva|Energy Ball|p1a: Inteleon
|-supereffective|p1a: Inteleon
|-damage|p1a: Inteleon|0 fnt
|faint|p1a: Inteleon
|
|-item|p2a: Arboliva|Custap Berry|[from] ability: Harvest
|upkeep
|
|t:|1760372789
|switch|p1a: Glimmora|Glimmora, F|100/100
|-damage|p1a: Glimmora|88/100|[from] Stealth Rock
|turn|26
|-enditem|p2a: Arboliva|Custap Berry|[eat]
|-activate|p2a: Arboliva|item: Custap Berry|[consumed]
|
|t:|1760372795
|-activate|p2a: Arboliva|confusion
|move|p2a: Arboliva|Earth Power|p1a: Glimmora
|-supereffective|p1a: Glimmora
|-damage|p1a: Glimmora|0 fnt
|faint|p1a: Glimmora
|
|-item|p2a: Arboliva|Custap Berry|[from] ability: Harvest
|upkeep
|
|t:|1760372801
|switch|p1a: Araquanid|Araquanid, M|85/100
|-damage|p1a: Araquanid|60/100|[from] Stealth Rock
|turn|27
|-enditem|p2a: Arboliva|Custap Berry|[eat]
|-activate|p2a: Arboliva|item: Custap Berry|[consumed]
|
|t:|1760372807
|-activate|p2a: Arboliva|confusion
|-damage|p2a: Arboliva|12/100|[from] confusion
|move|p1a: Araquanid|Ice Beam|p2a: Arboliva
|-supereffective|p2a: Arboliva
|-damage|p2a: Arboliva|0 fnt
|faint|p2a: Arboliva
|
|upkeep
|
|t:|1760372820
|switch|p2a: Slither Wing|Slither Wing, tera:Bug|81/100 par
|-activate|p2a: Slither Wing|move: Sticky Web
|-unboost|p2a: Slither Wing|spe|1
|turn|28
|
|t:|1760372827
|move|p2a: Slither Wing|First Impression|p1a: Araquanid
|-damage|p1a: Araquanid|0 fnt
|faint|p1a: Araquanid
|-damage|p2a: Slither Wing|71/100 par|[from] item: Life Orb
|
|upkeep
|
|t:|1760372837
|switch|p1a: Ceruledge|Ceruledge, M|100/100
|-damage|p1a: Ceruledge|75/100|[from] Stealth Rock
|turn|29
|
|t:|1760372856
|-end|p2a: Slither Wing|Protosynthesis|[silent]
|switch|p2a: Palossand|Palossand, F|100/100
|-activate|p2a: Palossand|move: Sticky Web
|-unboost|p2a: Palossand|spe|1
|-terastallize|p1a: Ceruledge|Fire
|move|p1a: Ceruledge|Bitter Blade|p2a: Palossand
|-damage|p2a: Palossand|45/100
|-heal|p1a: Ceruledge|100/100|[from] drain|[of] p2a: Palossand
|
|-heal|p2a: Palossand|52/100|[from] item: Leftovers
|upkeep
|turn|30
|
|t:|1760372862
|move|p1a: Ceruledge|Swords Dance|p1a: Ceruledge
|-boost|p1a: Ceruledge|atk|2
|move|p2a: Palossand|Earth Power|p1a: Ceruledge
|-supereffective|p1a: Ceruledge
|-damage|p1a: Ceruledge|1/100
|-unboost|p1a: Ceruledge|spd|1
|
|-heal|p2a: Palossand|58/100|[from] item: Leftovers
|upkeep
|turn|31
|
|t:|1760372866
|move|p1a: Ceruledge|Shadow Sneak|p2a: Palossand
|-supereffective|p2a: Palossand
|-damage|p2a: Palossand|0 fnt
|faint|p2a: Palossand
|
|upkeep
|
|t:|1760372868
|switch|p2a: Ribombee|Ribombee, F|100/100
|-activate|p2a: Ribombee|move: Sticky Web
|-unboost|p2a: Ribombee|spe|1
|turn|32
|
|t:|1760372876
|move|p1a: Ceruledge|Bitter Blade|p2a: Ribombee
|-supereffective|p2a: Ribombee
|-enditem|p2a: Ribombee|Focus Sash
|-damage|p2a: Ribombee|1/100
|-heal|p1a: Ceruledge|46/100|[from] drain|[of] p2a: Ribombee
|move|p2a: Ribombee|Psychic Noise|p1a: Ceruledge
|-damage|p1a: Ceruledge|5/100
|-start|p1a: Ceruledge|move: Heal Block
|
|upkeep
|turn|33
|
|t:|1760372885
|move|p1a: Ceruledge|Shadow Sneak|p2a: Ribombee
|-damage|p2a: Ribombee|0 fnt
|faint|p2a: Ribombee
|
|-end|p1a: Ceruledge|move: Heal Block
|upkeep
|
|t:|1760372886
|switch|p2a: Slither Wing|Slither Wing, tera:Bug|71/100 par
|-activate|p2a: Slither Wing|move: Sticky Web
|-unboost|p2a: Slither Wing|spe|1
|turn|34
|
|t:|1760372890
|move|p2a: Slither Wing|First Impression|p1a: Ceruledge
|-resisted|p1a: Ceruledge
|-crit|p1a: Ceruledge
|-damage|p1a: Ceruledge|0 fnt
|faint|p1a: Ceruledge
|-damage|p2a: Slither Wing|61/100 par|[from] item: Life Orb
|
|upkeep
|
|t:|1760372892
|switch|p1a: Meowscarada|Meowscarada, M|100/100
|-damage|p1a: Meowscarada|88/100|[from] Stealth Rock
|turn|35
|
|t:|1760372906
|move|p1a: Meowscarada|Knock Off|p2a: Slither Wing
|-start|p1a: Meowscarada|typechange|Dark|[from] ability: Protean
|-damage|p2a: Slither Wing|0 fnt
|-enditem|p2a: Slither Wing|Life Orb|[from] move: Knock Off|[of] p1a: Meowscarada
|faint|p2a: Slither Wing
|-end|p2a: Slither Wing|Protosynthesis|[silent]
|
|win|V. Al Sorna
|raw|V. Al Sorna's rating: 1264 &rarr; <strong>1287</strong><br />(+23 for winning)
|raw|LikeEmerald's rating: 1231 &rarr; <strong>1208</strong><br />(-23 for losing)
|c|☆LikeEmerald|gg
|c|☆V. Al Sorna|Gg
|c|☆LikeEmerald|Got haxed like crazy
|c|☆LikeEmerald|That damn zapdos
|c|☆V. Al Sorna|Bru I missed my hurricanes like crazy
|c|☆V. Al Sorna|and that confusion didn’t wanna proc with that Arnold a
|c|☆LikeEmerald|I had sun so that wasnt all to suprising
|c|☆V. Al Sorna|arboliva
|c|☆LikeEmerald|True
|c|☆V. Al Sorna|True
|c|☆LikeEmerald|close one tho
|c|☆V. Al Sorna|was a good game though
|c|☆LikeEmerald|Yeah
|c|☆V. Al Sorna|yep that tree thing came in clutch
|c|☆V. Al Sorna|Slither wing too
|c|☆LikeEmerald|Yeah first impression is a strong move with atk booster
|c|☆V. Al Sorna|Anyway enjoy the rest of ur games
|c|☆LikeEmerald|Same
|c|☆LikeEmerald|Life orb*
|l|☆V. Al Sorna
|player|p1|
