|j|☆ineverhaxed
|j|☆exlqrd
|t:|1760458047
|gametype|singles
|player|p1|ineverhaxed|102|1384
|player|p2|exlqrd|lana|1430
|gen|9
|tier|[Gen 9] OU
|rated|
|rule|HP Percentage Mod: HP is shown in percentages
|rule|Endless Battle Clause: Forcing endless battles is banned
|rule|Species Clause: Limit one of each Pokémon
|rule|OHKO Clause: OHKO moves are banned
|rule|Evasion Items Clause: Evasion items are banned
|rule|Evasion Moves Clause: Evasion moves are banned
|rule|Evasion Abilities Clause: Evasion abilities are banned
|rule|Sleep Moves Clause: Sleep-inducing moves are banned
|clearpoke
|poke|p1|Electrode-Hisui|
|poke|p1|Cloyster, F|
|poke|p1|Blissey, F|
|poke|p1|Darkrai|
|poke|p1|Cinderace, M|
|poke|p1|Lokix, M|
|poke|p2|Zamazenta-*|
|poke|p2|Ninetales-Alola, M|
|poke|p2|Iron Valiant|
|poke|p2|Scizor, M|
|poke|p2|Gliscor, M|
|poke|p2|Hatterene, F|
|teampreview
|
|t:|1760458061
|teamsize|p1|6
|teamsize|p2|6
|start
|switch|p1a: Darkrai|Darkrai|100/100
|switch|p2a: キュウコン|Ninetales-Alola, M|100/100
|-weather|Snowscape|[from] ability: Snow Warning|[of] p2a: キュウコン
|turn|1
|
|t:|1760458067
|move|p1a: Darkrai|Trick|p2a: キュウコン
|-activate|p1a: Darkrai|move: Trick|[of] p2a: キュウコン
|-item|p2a: キュウコン|Choice Scarf|[from] move: Trick
|-item|p1a: Darkrai|Light Clay|[from] move: Trick
|move|p2a: キュウコン|Aurora Veil|p2a: キュウコン
|-sidestart|p2: exlqrd|move: Aurora Veil
|
|-weather|Snowscape|[upkeep]
|upkeep
|turn|2
|
|t:|1760458076
|switch|p2a: ブリムオン|Hatterene, F, shiny|100/100
|move|p1a: Darkrai|Knock Off|p2a: ブリムオン
|-damage|p2a: ブリムオン|89/100
|-enditem|p2a: ブリムオン|Leftovers|[from] move: Knock Off|[of] p1a: Darkrai
|
|-weather|Snowscape|[upkeep]
|upkeep
|turn|3
|
|t:|1760458085
|switch|p1a: Blissey|Blissey, F|100/100
|move|p2a: ブリムオン|Calm Mind|p2a: ブリムオン
|-boost|p2a: ブリムオン|spa|1
|-boost|p2a: ブリムオン|spd|1
|
|-weather|Snowscape|[upkeep]
|upkeep
|turn|4
|inactive|Battle timer is ON: inactive players will automatically lose when time's up. (requested by exlqrd)
|
|t:|1760458090
|move|p1a: Blissey|Shadow Ball|p2a: ブリムオン
|-supereffective|p2a: ブリムオン
|-damage|p2a: ブリムオン|77/100
|move|p2a: ブリムオン|Psyshock|p1a: Blissey
|-damage|p1a: Blissey|45/100
|
|-weather|Snowscape|[upkeep]
|-heal|p1a: Blissey|51/100|[from] item: Leftovers
|upkeep
|turn|5
|
|t:|1760458098
|move|p1a: Blissey|Shadow Ball|p2a: ブリムオン
|-supereffective|p2a: ブリムオン
|-damage|p2a: ブリムオン|65/100
|move|p2a: ブリムオン|Calm Mind|p2a: ブリムオン
|-boost|p2a: ブリムオン|spa|1
|-boost|p2a: ブリムオン|spd|1
|
|-weather|none
|-heal|p1a: Blissey|57/100|[from] item: Leftovers
|-sideend|p2: exlqrd|move: Aurora Veil
|upkeep
|turn|6
|
|t:|1760458105
|move|p1a: Blissey|Shadow Ball|p2a: ブリムオン
|-supereffective|p2a: ブリムオン
|-damage|p2a: ブリムオン|48/100
|-unboost|p2a: ブリムオン|spd|1
|move|p2a: ブリムオン|Psyshock|p1a: Blissey
|-damage|p1a: Blissey|0 fnt
|faint|p1a: Blissey
|
|upkeep
|
|t:|1760458113
|switch|p1a: Cloyster|Cloyster, F|100/100
|turn|7
|
|t:|1760458122
|-terastallize|p2a: ブリムオン|Water
|move|p1a: Cloyster|Icicle Spear|p2a: ブリムオン
|-resisted|p2a: ブリムオン
|-damage|p2a: ブリムオン|42/100
|-resisted|p2a: ブリムオン
|-crit|p2a: ブリムオン
|-damage|p2a: ブリムオン|35/100
|-resisted|p2a: ブリムオン
|-damage|p2a: ブリムオン|30/100
|-resisted|p2a: ブリムオン
|-damage|p2a: ブリムオン|25/100
|-resisted|p2a: ブリムオン
|-damage|p2a: ブリムオン|20/100
|-hitcount|p2a: ブリムオン|5
|move|p2a: ブリムオン|Draining Kiss|p1a: Cloyster
|-enditem|p1a: Cloyster|Focus Sash
|-damage|p1a: Cloyster|1/100
|-heal|p2a: ブリムオン|77/100|[from] drain|[of] p1a: Cloyster
|
|upkeep
|turn|8
|
|t:|1760458127
|move|p1a: Cloyster|Icicle Spear|p2a: ブリムオン
|-resisted|p2a: ブリムオン
|-damage|p2a: ブリムオン|71/100
|-resisted|p2a: ブリムオン
|-damage|p2a: ブリムオン|67/100
|-resisted|p2a: ブリムオン
|-damage|p2a: ブリムオン|62/100
|-resisted|p2a: ブリムオン
|-damage|p2a: ブリムオン|56/100
|-resisted|p2a: ブリムオン
|-damage|p2a: ブリムオン|51/100
|-hitcount|p2a: ブリムオン|5
|move|p2a: ブリムオン|Draining Kiss|p1a: Cloyster
|-crit|p1a: Cloyster
|-damage|p1a: Cloyster|0 fnt
|-heal|p2a: ブリムオン|52/100|[from] drain|[of] p1a: Cloyster
|faint|p1a: Cloyster
|
|upkeep
|
|t:|1760458131
|switch|p1a: Electrode|Electrode-Hisui|100/100
|turn|9
|
|t:|1760458135
|move|p1a: Electrode|Volt Switch|p2a: ブリムオン
|-supereffective|p2a: ブリムオン
|-damage|p2a: ブリムオン|0 fnt
|faint|p2a: ブリムオン
|
|t:|1760458141
|switch|p1a: Cinderace|Cinderace, M|100/100|[from] Volt Switch
|
|upkeep
|
|t:|1760458148
|switch|p2a: ザマゼンタ|Zamazenta|100/100
|-ability|p2a: ザマゼンタ|Dauntless Shield|boost
|-boost|p2a: ザマゼンタ|def|1
|turn|10
|
|t:|1760458157
|move|p2a: ザマゼンタ|Iron Defense|p2a: ザマゼンタ
|-boost|p2a: ザマゼンタ|def|2
|move|p1a: Cinderace|Will-O-Wisp|p2a: ザマゼンタ
|-status|p2a: ザマゼンタ|brn
|
|-damage|p2a: ザマゼンタ|94/100 brn|[from] brn
|upkeep
|turn|11
|
|t:|1760458164
|move|p2a: ザマゼンタ|Iron Defense|p2a: ザマゼンタ
|-boost|p2a: ザマゼンタ|def|2
|move|p1a: Cinderace|Acrobatics|p2a: ザマゼンタ
|-start|p1a: Cinderace|typechange|Flying|[from] ability: Libero
|-supereffective|p2a: ザマゼンタ
|-damage|p2a: ザマゼンタ|81/100 brn
|
|-damage|p2a: ザマゼンタ|75/100 brn|[from] brn
|upkeep
|turn|12
|
|t:|1760458173
|move|p2a: ザマゼンタ|Body Press|p1a: Cinderace
|-resisted|p1a: Cinderace
|-damage|p1a: Cinderace|63/100
|-enditem|p1a: Cinderace|Red Card|[of] p2a: ザマゼンタ
|drag|p2a: キュウコン|Ninetales-Alola, M|100/100
|-weather|Snowscape|[from] ability: Snow Warning|[of] p2a: キュウコン
|move|p1a: Cinderace|Acrobatics|p2a: キュウコン
|-crit|p2a: キュウコン
|-damage|p2a: キュウコン|35/100
|
|-weather|Snowscape|[upkeep]
|upkeep
|turn|13
|
|t:|1760458183
|move|p2a: キュウコン|Aurora Veil|p2a: キュウコン
|-sidestart|p2: exlqrd|move: Aurora Veil
|move|p1a: Cinderace|Acrobatics|p2a: キュウコン
|-damage|p2a: キュウコン|14/100
|
|-weather|Snowscape|[upkeep]
|upkeep
|turn|14
|
|t:|1760458189
|switch|p2a: グライオン|Gliscor, M, shiny|100/100
|move|p1a: Cinderace|Court Change|p1a: Cinderace
|-swapsideconditions
|-activate|p1a: Cinderace|move: Court Change
|
|-weather|Snowscape|[upkeep]
|-status|p2a: グライオン|tox|[from] item: Toxic Orb
|upkeep
|turn|15
|
|t:|1760458197
|switch|p1a: Darkrai|Darkrai|100/100
|move|p2a: グライオン|Swords Dance|p2a: グライオン
|-boost|p2a: グライオン|atk|2
|
|-weather|Snowscape|[upkeep]
|upkeep
|turn|16
|
|t:|1760458201
|move|p1a: Darkrai|Ice Beam|p2a: グライオン
|-supereffective|p2a: グライオン
|-damage|p2a: グライオン|0 fnt
|faint|p2a: グライオン
|
|-weather|none
|upkeep
|
|t:|1760458204
|switch|p2a: テツノブジン|Iron Valiant|100/100
|-enditem|p2a: テツノブジン|Booster Energy
|-activate|p2a: テツノブジン|ability: Quark Drive|[fromitem]
|-start|p2a: テツノブジン|quarkdrivespe
|turn|17
|
|t:|1760458210
|switch|p1a: Electrode|Electrode-Hisui|100/100
|move|p2a: テツノブジン|Moonblast|p1a: Electrode
|-damage|p1a: Electrode|63/100
|
|-sideend|p1: ineverhaxed|move: Aurora Veil
|upkeep
|turn|18
|
|t:|1760458219
|-end|p2a: テツノブジン|Quark Drive|[silent]
|switch|p2a: キュウコン|Ninetales-Alola, M|14/100
|-weather|Snowscape|[from] ability: Snow Warning|[of] p2a: キュウコン
|move|p1a: Electrode|Chloroblast|p2a: キュウコン
|-damage|p2a: キュウコン|0 fnt
|faint|p2a: キュウコン
|-damage|p1a: Electrode|13/100|[from] Recoil
|
|-weather|Snowscape|[upkeep]
|upkeep
|
|t:|1760458227
|switch|p2a: ハッサム|Scizor, M|100/100
|turn|19
|
|t:|1760458230
|move|p1a: Electrode|Chloroblast|p2a: ハッサム
|-resisted|p2a: ハッサム
|-damage|p2a: ハッサム|73/100
|-damage|p1a: Electrode|0 fnt|[from] Recoil
|faint|p1a: Electrode
|move|p2a: ハッサム|Swords Dance|p2a: ハッサム
|-boost|p2a: ハッサム|atk|2
|
|-weather|Snowscape|[upkeep]
|-heal|p2a: ハッサム|79/100|[from] item: Leftovers
|upkeep
|
|t:|1760458239
|switch|p1a: Cinderace|Cinderace, M|63/100
|turn|20
|
|t:|1760458248
|move|p2a: ハッサム|Bullet Punch|p1a: Cinderace
|-resisted|p1a: Cinderace
|-damage|p1a: Cinderace|23/100
|move|p1a: Cinderace|Will-O-Wisp|p2a: ハッサム
|-status|p2a: ハッサム|brn
|
|-weather|Snowscape|[upkeep]
|-heal|p2a: ハッサム|85/100 brn|[from] item: Leftovers
|-damage|p2a: ハッサム|79/100 brn|[from] brn
|upkeep
|turn|21
|
|t:|1760458254
|move|p2a: ハッサム|Bullet Punch|p1a: Cinderace
|-resisted|p1a: Cinderace
|-damage|p1a: Cinderace|2/100
|move|p1a: Cinderace|Acrobatics|p2a: ハッサム
|-start|p1a: Cinderace|typechange|Flying|[from] ability: Libero
|-damage|p2a: ハッサム|23/100 brn
|
|-weather|Snowscape|[upkeep]
|-heal|p2a: ハッサム|29/100 brn|[from] item: Leftovers
|-damage|p2a: ハッサム|23/100 brn|[from] brn
|upkeep
|turn|22
|
|t:|1760458260
|move|p1a: Cinderace|Sucker Punch|p2a: ハッサム
|-damage|p2a: ハッサム|2/100 brn
|move|p2a: ハッサム|Bullet Punch|p1a: Cinderace
|-damage|p1a: Cinderace|0 fnt
|faint|p1a: Cinderace
|
|-weather|none
|-heal|p2a: ハッサム|8/100 brn|[from] item: Leftovers
|-damage|p2a: ハッサム|2/100 brn|[from] brn
|upkeep
|
|t:|1760458270
|switch|p1a: Lokix|Lokix, M|100/100
|turn|23
|
|t:|1760458272
|move|p1a: Lokix|First Impression|p2a: ハッサム
|-resisted|p2a: ハッサム
|-damage|p2a: ハッサム|0 fnt
|faint|p2a: ハッサム
|
|upkeep
|
|t:|1760458280
|switch|p2a: テツノブジン|Iron Valiant|100/100
|turn|24
|
|t:|1760458284
|-terastallize|p1a: Lokix|Poison
|move|p2a: テツノブジン|Moonblast|p1a: Lokix
|-resisted|p1a: Lokix
|-damage|p1a: Lokix|56/100
|-unboost|p1a: Lokix|spa|1
|move|p1a: Lokix|Tera Blast|p2a: テツノブジン|[anim] Tera Blast Poison
|-supereffective|p2a: テツノブジン
|-damage|p2a: テツノブジン|1/100
|
|upkeep
|turn|25
|
|t:|1760458294
|move|p1a: Lokix|Sucker Punch|p2a: テツノブジン
|-resisted|p2a: テツノブジン
|-damage|p2a: テツノブジン|0 fnt
|faint|p2a: テツノブジン
|-end|p2a: テツノブジン|Quark Drive|[silent]
|
|upkeep
|
|t:|1760458296
|switch|p2a: ザマゼンタ|Zamazenta|75/100 brn
|turn|26
|
|t:|1760458300
|move|p2a: ザマゼンタ|Iron Defense|p2a: ザマゼンタ
|-boost|p2a: ザマゼンタ|def|2
|move|p1a: Lokix|U-turn|p2a: ザマゼンタ
|-resisted|p2a: ザマゼンタ
|-crit|p2a: ザマゼンタ
|-damage|p2a: ザマゼンタ|32/100 brn
|
|t:|1760458305
|switch|p1a: Darkrai|Darkrai|100/100|[from] U-turn
|
|-damage|p2a: ザマゼンタ|25/100 brn|[from] brn
|upkeep
|turn|27
|
|t:|1760458310
|move|p2a: ザマゼンタ|Rest|p2a: ザマゼンタ
|-status|p2a: ザマゼンタ|slp|[from] move: Rest
|-heal|p2a: ザマゼンタ|100/100 slp|[silent]
|-enditem|p2a: ザマゼンタ|Chesto Berry|[eat]
|-curestatus|p2a: ザマゼンタ|slp|[msg]
|move|p1a: Darkrai|Ice Beam|p2a: ザマゼンタ
|-damage|p2a: ザマゼンタ|69/100
|
|upkeep
|turn|28
|
|t:|1760458319
|move|p2a: ザマゼンタ|Body Press|p1a: Darkrai
|-supereffective|p1a: Darkrai
|-damage|p1a: Darkrai|0 fnt
|faint|p1a: Darkrai
|
|upkeep
|-message|ineverhaxed forfeited.
|
|win|exlqrd
|raw|ineverhaxed's rating: 1384 &rarr; <strong>1367</strong><br />(-17 for losing)
|raw|exlqrd's rating: 1430 &rarr; <strong>1447</strong><br />(+17 for winning)
|l|☆ineverhaxed
|player|p1|
|l|☆exlqrd
|player|p2|
