|j|☆quoge gaming
|j|☆HAGallium
|t:|1760335391
|gametype|singles
|player|p1|quoge gaming|clay|1469
|player|p2|HAGallium|misty|1478
|gen|9
|tier|[Gen 9] OU
|rated|
|rule|HP Percentage Mod: HP is shown in percentages
|rule|Endless Battle Clause: Forcing endless battles is banned
|rule|Species Clause: Limit one of each Pokémon
|rule|OHKO Clause: OHKO moves are banned
|rule|Evasion Items Clause: Evasion items are banned
|rule|Evasion Moves Clause: Evasion moves are banned
|rule|Evasion Abilities Clause: Evasion abilities are banned
|rule|Sleep Moves Clause: Sleep-inducing moves are banned
|clearpoke
|poke|p1|Kingambit, F|
|poke|p1|Cinderace, F|
|poke|p1|Landorus-Therian, M|
|poke|p1|Iron Valiant|
|poke|p1|Kyurem|
|poke|p1|Slowking-Galar, M|
|poke|p2|Rillaboom, F|
|poke|p2|Clodsire, M|
|poke|p2|Cinderace, M|
|poke|p2|Primarina, M|
|poke|p2|Raging Bolt|
|poke|p2|Corviknight, F|
|teampreview
|inactive|Battle timer is ON: inactive players will automatically lose when time's up. (requested by HAGallium)
|
|t:|1760335407
|teamsize|p1|6
|teamsize|p2|6
|start
|switch|p1a: Landorus|Landorus-Therian, M, shiny|100/100
|switch|p2a: Primarina|Primarina, M|100/100
|-ability|p1a: Landorus|Intimidate|boost
|-unboost|p2a: Primarina|atk|1
|turn|1
|
|t:|1760335414
|move|p1a: Landorus|U-turn|p2a: Primarina
|-resisted|p2a: Primarina
|-damage|p2a: Primarina|87/100
|
|t:|1760335417
|switch|p1a: Slowking|Slowking-Galar, M, shiny|100/100|[from] U-turn
|move|p2a: Primarina|Surf|p1a: Slowking
|-damage|p1a: Slowking|72/100
|
|-heal|p2a: Primarina|93/100|[from] item: Leftovers
|upkeep
|turn|2
|j| Treeckoguy1
|
|t:|1760335430
|switch|p2a: Corviknight|Corviknight, F|100/100
|-ability|p2a: Corviknight|Pressure
|-prepare|p1a: Slowking|Chilly Reception|[premajor]
|move|p1a: Slowking|Chilly Reception|p1a: Slowking
|-weather|Snowscape
|
|t:|1760335447
|switch|p1a: Cinderace|Cinderace, F, shiny|100/100|[from] Chilly Reception
|
|-weather|Snowscape|[upkeep]
|upkeep
|turn|3
|
|t:|1760335472
|switch|p2a: Cinderace|Cinderace, M|100/100
|move|p1a: Cinderace|Pyro Ball|p2a: Cinderace|[miss]
|-miss|p1a: Cinderace|p2a: Cinderace
|
|-weather|Snowscape|[upkeep]
|upkeep
|turn|4
|
|t:|1760335478
|move|p2a: Cinderace|U-turn|p1a: Cinderace
|-start|p2a: Cinderace|typechange|Bug|[from] ability: Libero
|-resisted|p1a: Cinderace
|-damage|p1a: Cinderace|83/100
|
|t:|1760335487
|switch|p2a: Corviknight|Corviknight, F|100/100|[from] U-turn
|-ability|p2a: Corviknight|Pressure
|move|p1a: Cinderace|U-turn|p2a: Corviknight
|-resisted|p2a: Corviknight
|-damage|p2a: Corviknight|97/100
|
|t:|1760335506
|switch|p1a: Kyurem|Kyurem, shiny|100/100|[from] U-turn
|-ability|p1a: Kyurem|Pressure
|
|-weather|Snowscape|[upkeep]
|-heal|p2a: Corviknight|100/100|[from] item: Leftovers
|upkeep
|turn|5
|
|t:|1760335514
|switch|p2a: Cinderace|Cinderace, M|100/100
|move|p1a: Kyurem|Substitute|p1a: Kyurem
|-start|p1a: Kyurem|Substitute
|-damage|p1a: Kyurem|76/100
|
|-weather|Snowscape|[upkeep]
|-heal|p1a: Kyurem|82/100|[from] item: Leftovers
|upkeep
|turn|6
|
|t:|1760335518
|move|p2a: Cinderace|U-turn|p1a: Kyurem
|-start|p2a: Cinderace|typechange|Bug|[from] ability: Libero
|-activate|p1a: Kyurem|move: Substitute|[damage]
|
|t:|1760335522
|switch|p2a: Clodsire|Clodsire, M|100/100|[from] U-turn
|move|p1a: Kyurem|Earth Power|p2a: Clodsire
|-supereffective|p2a: Clodsire
|-damage|p2a: Clodsire|66/100
|
|-weather|none
|-heal|p1a: Kyurem|88/100|[from] item: Leftovers
|upkeep
|turn|7
|
|t:|1760335529
|move|p1a: Kyurem|Freeze-Dry|p2a: Clodsire
|-supereffective|p2a: Clodsire
|-damage|p2a: Clodsire|30/100
|move|p2a: Clodsire|Recover|p2a: Clodsire
|-heal|p2a: Clodsire|80/100
|
|-heal|p1a: Kyurem|94/100|[from] item: Leftovers
|upkeep
|turn|8
|
|t:|1760335535
|move|p1a: Kyurem|Freeze-Dry|p2a: Clodsire
|-supereffective|p2a: Clodsire
|-damage|p2a: Clodsire|43/100
|move|p2a: Clodsire|Earthquake|p1a: Kyurem
|-end|p1a: Kyurem|Substitute
|
|-heal|p1a: Kyurem|99/100|[from] item: Leftovers
|upkeep
|turn|9
|
|t:|1760335561
|move|p1a: Kyurem|Substitute|p1a: Kyurem
|-start|p1a: Kyurem|Substitute
|-damage|p1a: Kyurem|75/100
|move|p2a: Clodsire|Recover|p2a: Clodsire
|-heal|p2a: Clodsire|93/100
|
|-heal|p1a: Kyurem|81/100|[from] item: Leftovers
|upkeep
|turn|10
|
|t:|1760335567
|-terastallize|p2a: Clodsire|Dark
|move|p1a: Kyurem|Freeze-Dry|p2a: Clodsire
|-damage|p2a: Clodsire|73/100
|move|p2a: Clodsire|Earthquake|p1a: Kyurem
|-activate|p1a: Kyurem|move: Substitute|[damage]
|
|-heal|p1a: Kyurem|88/100|[from] item: Leftovers
|upkeep
|turn|11
|
|t:|1760335574
|move|p1a: Kyurem|Freeze-Dry|p2a: Clodsire
|-damage|p2a: Clodsire|56/100
|move|p2a: Clodsire|Poison Jab|p1a: Kyurem
|-end|p1a: Kyurem|Substitute
|
|-heal|p1a: Kyurem|94/100|[from] item: Leftovers
|upkeep
|turn|12
|
|t:|1760335583
|switch|p1a: Landorus|Landorus-Therian, M, shiny|100/100
|-ability|p1a: Landorus|Intimidate|boost
|-unboost|p2a: Clodsire|atk|1
|move|p2a: Clodsire|Recover|p2a: Clodsire
|-heal|p2a: Clodsire|100/100
|
|upkeep
|turn|13
|
|t:|1760335593
|switch|p2a: Primarina|Primarina, M|93/100
|move|p1a: Landorus|U-turn|p2a: Primarina
|-resisted|p2a: Primarina
|-damage|p2a: Primarina|79/100
|
|t:|1760335613
|switch|p1a: Slowking|Slowking-Galar, M, shiny|100/100|[from] U-turn
|
|-heal|p2a: Primarina|85/100|[from] item: Leftovers
|upkeep
|turn|14
|inactive|HAGallium has 120 seconds left.
|
|t:|1760335644
|move|p2a: Primarina|Substitute|p2a: Primarina
|-start|p2a: Primarina|Substitute
|-damage|p2a: Primarina|61/100
|move|p1a: Slowking|Psychic Noise|p2a: Primarina
|-crit|p2a: Primarina
|-damage|p2a: Primarina|21/100
|-start|p2a: Primarina|move: Heal Block
|
|upkeep
|turn|15
|inactive|HAGallium has 120 seconds left.
|
|t:|1760335657
|switch|p2a: Clodsire|Clodsire, M, tera:Dark|100/100
|move|p1a: Slowking|Psychic Noise|p2a: Clodsire
|-immune|p2a: Clodsire
|
|upkeep
|turn|16
|
|t:|1760335663
|switch|p1a: Landorus|Landorus-Therian, M, shiny|100/100
|-ability|p1a: Landorus|Intimidate|boost
|-unboost|p2a: Clodsire|atk|1
|move|p2a: Clodsire|Stealth Rock|p1a: Landorus
|-sidestart|p1: quoge gaming|move: Stealth Rock
|
|upkeep
|turn|17
|
|t:|1760335675
|move|p1a: Landorus|U-turn|p2a: Clodsire
|-supereffective|p2a: Clodsire
|-damage|p2a: Clodsire|47/100
|
|t:|1760335680
|switch|p1a: Cinderace|Cinderace, F, shiny|83/100|[from] U-turn
|move|p2a: Clodsire|Earthquake|p1a: Cinderace
|-supereffective|p1a: Cinderace
|-damage|p1a: Cinderace|42/100
|
|upkeep
|turn|18
|
|t:|1760335687
|move|p1a: Cinderace|Pyro Ball|p2a: Clodsire
|-damage|p2a: Clodsire|0 fnt
|faint|p2a: Clodsire
|
|upkeep
|
|t:|1760335700
|switch|p2a: Rillaboom|Rillaboom, F|100/100
|-fieldstart|move: Grassy Terrain|[from] ability: Grassy Surge|[of] p2a: Rillaboom
|turn|19
|
|t:|1760335709
|move|p2a: Rillaboom|Grassy Glide|p1a: Cinderace
|-resisted|p1a: Cinderace
|-damage|p1a: Cinderace|8/100
|move|p1a: Cinderace|Court Change|p1a: Cinderace
|-swapsideconditions
|-activate|p1a: Cinderace|move: Court Change
|
|-heal|p1a: Cinderace|14/100|[from] Grassy Terrain
|upkeep
|turn|20
|inactive|quoge gaming has 120 seconds left.
|
|t:|1760335749
|switch|p1a: Kyurem|Kyurem, shiny|94/100
|-ability|p1a: Kyurem|Pressure
|switch|p2a: Cinderace|Cinderace, M|100/100
|
|-heal|p1a: Kyurem|99/100|[from] Grassy Terrain
|-heal|p1a: Kyurem|100/100|[from] item: Leftovers
|upkeep
|turn|21
|inactive|quoge gaming has 120 seconds left.
|
|t:|1760335761
|move|p2a: Cinderace|Court Change|p2a: Cinderace
|-start|p2a: Cinderace|typechange|Normal|[from] ability: Libero
|-swapsideconditions
|-activate|p2a: Cinderace|move: Court Change
|move|p1a: Kyurem|Substitute|p1a: Kyurem
|-start|p1a: Kyurem|Substitute
|-damage|p1a: Kyurem|76/100
|
|-heal|p1a: Kyurem|82/100|[from] Grassy Terrain
|-heal|p1a: Kyurem|88/100|[from] item: Leftovers
|upkeep
|turn|22
|
|t:|1760335767
|move|p2a: Cinderace|Pyro Ball|p1a: Kyurem
|-end|p1a: Kyurem|Substitute
|move|p1a: Kyurem|Freeze-Dry|p2a: Cinderace
|-damage|p2a: Cinderace|57/100
|
|-heal|p2a: Cinderace|63/100|[from] Grassy Terrain
|-heal|p1a: Kyurem|94/100|[from] Grassy Terrain
|-heal|p1a: Kyurem|99/100|[from] item: Leftovers
|upkeep
|turn|23
|
|t:|1760335777
|switch|p1a: Landorus|Landorus-Therian, M, shiny|100/100
|-damage|p1a: Landorus|88/100|[from] Stealth Rock
|-ability|p1a: Landorus|Intimidate|boost
|-unboost|p2a: Cinderace|atk|1
|move|p2a: Cinderace|Will-O-Wisp|p1a: Landorus
|-status|p1a: Landorus|brn
|
|-heal|p2a: Cinderace|69/100|[from] Grassy Terrain
|-damage|p1a: Landorus|82/100 brn|[from] brn
|-fieldend|move: Grassy Terrain
|upkeep
|turn|24
|
|t:|1760335788
|move|p2a: Cinderace|U-turn|p1a: Landorus
|-resisted|p1a: Landorus
|-damage|p1a: Landorus|76/100 brn
|-damage|p2a: Cinderace|52/100|[from] item: Rocky Helmet|[of] p1a: Landorus
|
|t:|1760335790
|switch|p2a: Corviknight|Corviknight, F|100/100|[from] U-turn
|-ability|p2a: Corviknight|Pressure
|move|p1a: Landorus|U-turn|p2a: Corviknight
|-resisted|p2a: Corviknight
|-damage|p2a: Corviknight|99/100
|
|t:|1760335793
|switch|p1a: Cinderace|Cinderace, F, shiny|14/100|[from] U-turn
|
|-heal|p2a: Corviknight|100/100|[from] item: Leftovers
|upkeep
|turn|25
|
|t:|1760335806
|move|p1a: Cinderace|Court Change|p1a: Cinderace
|-swapsideconditions
|-activate|p1a: Cinderace|move: Court Change
|move|p2a: Corviknight|U-turn|p1a: Cinderace
|-resisted|p1a: Cinderace
|-damage|p1a: Cinderace|5/100
|
|t:|1760335810
|switch|p2a: Cinderace|Cinderace, M|52/100|[from] U-turn
|
|upkeep
|turn|26
|
|t:|1760335822
|switch|p1a: Landorus|Landorus-Therian, M, shiny|76/100 brn
|-ability|p1a: Landorus|Intimidate|boost
|-unboost|p2a: Cinderace|atk|1
|move|p2a: Cinderace|Pyro Ball|p1a: Landorus
|-damage|p1a: Landorus|46/100 brn
|
|-damage|p1a: Landorus|39/100 brn|[from] brn
|upkeep
|turn|27
|
|t:|1760335840
|move|p2a: Cinderace|Court Change|p2a: Cinderace
|-start|p2a: Cinderace|typechange|Normal|[from] ability: Libero
|-swapsideconditions
|-activate|p2a: Cinderace|move: Court Change
|move|p1a: Landorus|U-turn|p2a: Cinderace
|-damage|p2a: Cinderace|40/100
|
|t:|1760335858
|switch|p1a: Iron Valiant|Iron Valiant|100/100|[from] U-turn
|-damage|p1a: Iron Valiant|94/100|[from] Stealth Rock
|-enditem|p1a: Iron Valiant|Booster Energy
|-activate|p1a: Iron Valiant|ability: Quark Drive|[fromitem]
|-start|p1a: Iron Valiant|quarkdrivespe
|
|upkeep
|turn|28
|
|t:|1760335864
|switch|p2a: Corviknight|Corviknight, F|100/100
|-ability|p2a: Corviknight|Pressure
|move|p1a: Iron Valiant|Calm Mind|p1a: Iron Valiant
|-boost|p1a: Iron Valiant|spa|1
|-boost|p1a: Iron Valiant|spd|1
|
|upkeep
|turn|29
|
|t:|1760335874
|switch|p2a: Primarina|Primarina, M|21/100
|move|p1a: Iron Valiant|Calm Mind|p1a: Iron Valiant
|-boost|p1a: Iron Valiant|spa|1
|-boost|p1a: Iron Valiant|spd|1
|
|-heal|p2a: Primarina|27/100|[from] item: Leftovers
|upkeep
|turn|30
|
|t:|1760335878
|move|p1a: Iron Valiant|Moonblast|p2a: Primarina
|-crit|p2a: Primarina
|-damage|p2a: Primarina|0 fnt
|faint|p2a: Primarina
|
|upkeep
|
|t:|1760335890
|switch|p2a: Raging Bolt|Raging Bolt|100/100
|turn|31
|
|t:|1760335893
|move|p2a: Raging Bolt|Thunderclap|p1a: Iron Valiant
|-damage|p1a: Iron Valiant|54/100
|move|p1a: Iron Valiant|Moonblast|p2a: Raging Bolt
|-supereffective|p2a: Raging Bolt
|-damage|p2a: Raging Bolt|0 fnt
|faint|p2a: Raging Bolt
|-end|p2a: Raging Bolt|Protosynthesis|[silent]
|
|upkeep
|
|t:|1760335895
|switch|p2a: Rillaboom|Rillaboom, F|100/100
|-fieldstart|move: Grassy Terrain|[from] ability: Grassy Surge|[of] p2a: Rillaboom
|turn|32
|
|t:|1760335924
|-end|p1a: Iron Valiant|Quark Drive|[silent]
|switch|p1a: Kyurem|Kyurem, shiny|99/100
|-damage|p1a: Kyurem|75/100|[from] Stealth Rock
|-ability|p1a: Kyurem|Pressure
|move|p2a: Rillaboom|Grassy Glide|p1a: Kyurem
|-resisted|p1a: Kyurem
|-damage|p1a: Kyurem|49/100
|
|-heal|p1a: Kyurem|56/100|[from] Grassy Terrain
|-heal|p1a: Kyurem|62/100|[from] item: Leftovers
|upkeep
|turn|33
|
|t:|1760335938
|switch|p2a: Corviknight|Corviknight, F|100/100
|-ability|p2a: Corviknight|Pressure
|move|p1a: Kyurem|Substitute|p1a: Kyurem
|-start|p1a: Kyurem|Substitute
|-damage|p1a: Kyurem|37/100
|
|-heal|p1a: Kyurem|43/100|[from] Grassy Terrain
|-heal|p1a: Kyurem|49/100|[from] item: Leftovers
|upkeep
|turn|34
|
|t:|1760335945
|move|p1a: Kyurem|Freeze-Dry|p2a: Corviknight
|-damage|p2a: Corviknight|66/100
|move|p2a: Corviknight|Body Press|p1a: Kyurem
|-supereffective|p1a: Kyurem
|-end|p1a: Kyurem|Substitute
|
|-heal|p1a: Kyurem|55/100|[from] Grassy Terrain
|-heal|p1a: Kyurem|61/100|[from] item: Leftovers
|-heal|p2a: Corviknight|72/100|[from] item: Leftovers
|upkeep
|turn|35
|
|t:|1760335961
|switch|p1a: Landorus|Landorus-Therian, M, shiny|39/100 brn
|-damage|p1a: Landorus|27/100 brn|[from] Stealth Rock
|-ability|p1a: Landorus|Intimidate|boost
|-unboost|p2a: Corviknight|atk|1
|move|p2a: Corviknight|U-turn|p1a: Landorus
|-resisted|p1a: Landorus
|-damage|p1a: Landorus|22/100 brn
|-damage|p2a: Corviknight|55/100|[from] item: Rocky Helmet|[of] p1a: Landorus
|
|t:|1760335974
|switch|p2a: Cinderace|Cinderace, M|40/100|[from] U-turn
|
|-heal|p2a: Cinderace|46/100|[from] Grassy Terrain
|-damage|p1a: Landorus|16/100 brn|[from] brn
|upkeep
|turn|36
|
|t:|1760335980
|move|p2a: Cinderace|Pyro Ball|p1a: Landorus|[miss]
|-miss|p2a: Cinderace|p1a: Landorus
|move|p1a: Landorus|Earthquake|p2a: Cinderace
|-supereffective|p2a: Cinderace
|-damage|p2a: Cinderace|20/100
|
|-heal|p2a: Cinderace|26/100|[from] Grassy Terrain
|-damage|p1a: Landorus|10/100 brn|[from] brn
|-fieldend|move: Grassy Terrain
|upkeep
|turn|37
|
|t:|1760335984
|move|p2a: Cinderace|Pyro Ball|p1a: Landorus
|-damage|p1a: Landorus|0 fnt
|faint|p1a: Landorus
|
|upkeep
|
|t:|1760336011
|switch|p1a: Slowking|Slowking-Galar, M, shiny|100/100
|turn|38
|inactive|HAGallium has 120 seconds left.
|inactive|HAGallium has 90 seconds left.
|
|t:|1760336080
|move|p2a: Cinderace|U-turn|p1a: Slowking
|-start|p2a: Cinderace|typechange|Bug|[from] ability: Libero
|-damage|p1a: Slowking|71/100
|
|t:|1760336083
|switch|p2a: Rillaboom|Rillaboom, F|100/100|[from] U-turn
|-fieldstart|move: Grassy Terrain|[from] ability: Grassy Surge|[of] p2a: Rillaboom
|move|p1a: Slowking|Psychic Noise|p2a: Rillaboom
|-crit|p2a: Rillaboom
|-damage|p2a: Rillaboom|59/100
|-start|p2a: Rillaboom|move: Heal Block
|
|-heal|p1a: Slowking|78/100|[from] Grassy Terrain
|upkeep
|turn|39
|inactive|quoge gaming has 120 seconds left.
|
|t:|1760336115
|switch|p1a: Cinderace|Cinderace, F, shiny|5/100
|move|p2a: Rillaboom|Wood Hammer|p1a: Cinderace
|-resisted|p1a: Cinderace
|-damage|p1a: Cinderace|0 fnt
|faint|p1a: Cinderace
|-damage|p2a: Rillaboom|58/100|[from] Recoil
|
|-end|p2a: Rillaboom|move: Heal Block
|upkeep
|inactive|quoge gaming has 120 seconds left.
|
|t:|1760336121
|switch|p1a: Kingambit|Kingambit, F|100/100
|-damage|p1a: Kingambit|94/100|[from] Stealth Rock
|-activate|p1a: Kingambit|ability: Supreme Overlord
|-start|p1a: Kingambit|fallen2|[silent]
|turn|40
|inactive|quoge gaming has 120 seconds left.
|
|t:|1760336140
|switch|p2a: Cinderace|Cinderace, M|26/100
|move|p1a: Kingambit|Kowtow Cleave|p2a: Cinderace
|-damage|p2a: Cinderace|0 fnt
|faint|p2a: Cinderace
|
|-heal|p1a: Kingambit|100/100|[from] Grassy Terrain
|upkeep
|
|t:|1760336143
|switch|p2a: Corviknight|Corviknight, F|55/100
|-ability|p2a: Corviknight|Pressure
|turn|41
|
|t:|1760336150
|-terastallize|p1a: Kingambit|Flying
|move|p1a: Kingambit|Swords Dance|p1a: Kingambit
|-boost|p1a: Kingambit|atk|2
|move|p2a: Corviknight|Roost|p2a: Corviknight
|-heal|p2a: Corviknight|100/100
|-singleturn|p2a: Corviknight|move: Roost
|
|upkeep
|turn|42
|
|t:|1760336157
|move|p1a: Kingambit|Kowtow Cleave|p2a: Corviknight
|-damage|p2a: Corviknight|25/100
|move|p2a: Corviknight|Iron Defense|p2a: Corviknight
|-boost|p2a: Corviknight|def|2
|
|-heal|p2a: Corviknight|31/100|[from] item: Leftovers
|-fieldend|move: Grassy Terrain
|upkeep
|turn|43
|
|t:|1760336168
|move|p1a: Kingambit|Kowtow Cleave|p2a: Corviknight
|-damage|p2a: Corviknight|0 fnt
|faint|p2a: Corviknight
|
|upkeep
|-message|HAGallium forfeited.
|
|win|quoge gaming
|raw|quoge gaming's rating: 1469 &rarr; <strong>1490</strong><br />(+21 for winning)
|raw|HAGallium's rating: 1478 &rarr; <strong>1457</strong><br />(-21 for losing)
|l|☆HAGallium
|player|p2|
