|j|☆Naturmacht
|j|☆darksora420
|t:|1760373276
|gametype|singles
|player|p1|Naturmacht|drake-gen3|1347
|player|p2|darksora420|red|1316
|gen|9
|tier|[Gen 9] OU
|rated|
|rule|HP Percentage Mod: HP is shown in percentages
|rule|Endless Battle Clause: Forcing endless battles is banned
|rule|Species Clause: Limit one of each Pokémon
|rule|OHKO Clause: OHKO moves are banned
|rule|Evasion Items Clause: Evasion items are banned
|rule|Evasion Moves Clause: Evasion moves are banned
|rule|Evasion Abilities Clause: Evasion abilities are banned
|rule|Sleep Moves Clause: Sleep-inducing moves are banned
|clearpoke
|poke|p1|Rillaboom, M|
|poke|p1|Hatterene, F|
|poke|p1|Heatran, M|
|poke|p1|Clodsire, M|
|poke|p1|Great Tusk|
|poke|p1|Ogerpon-Wellspring, F|
|poke|p2|Alomomola, M|
|poke|p2|Slowking-Galar, M|
|poke|p2|Lokix, F|
|poke|p2|Cinderace, M|
|poke|p2|Dragonite, F|
|poke|p2|Iron Treads|
|teampreview
|inactive|Battle timer is ON: inactive players will automatically lose when time's up. (requested by Naturmacht)
|
|t:|1760373285
|teamsize|p1|6
|teamsize|p2|6
|start
|switch|p1a: Heatran|Heatran, M|100/100
|switch|p2a: Lokix|Lokix, F|100/100
|turn|1
|
|t:|1760373290
|move|p2a: Lokix|U-turn|p1a: Heatran
|-resisted|p1a: Heatran
|-damage|p1a: Heatran|80/100
|
|t:|1760373292
|switch|p2a: Dragonite|Dragonite, F|100/100|[from] U-turn
|move|p1a: Heatran|Magma Storm|p2a: Dragonite|[miss]
|-miss|p1a: Heatran|p2a: Dragonite
|
|-heal|p1a: Heatran|86/100|[from] item: Leftovers
|upkeep
|turn|2
|
|t:|1760373302
|switch|p1a: Rillaboom|Rillaboom, M|100/100
|-fieldstart|move: Grassy Terrain|[from] ability: Grassy Surge|[of] p1a: Rillaboom
|move|p2a: Dragonite|Earthquake|p1a: Rillaboom
|-resisted|p1a: Rillaboom
|-damage|p1a: Rillaboom|93/100
|
|-heal|p1a: Rillaboom|99/100|[from] Grassy Terrain
|upkeep
|turn|3
|
|t:|1760373310
|move|p2a: Dragonite|Dragon Dance|p2a: Dragonite
|-boost|p2a: Dragonite|atk|1
|-boost|p2a: Dragonite|spe|1
|move|p1a: Rillaboom|Leech Seed|p2a: Dragonite|[miss]
|-miss|p1a: Rillaboom|p2a: Dragonite
|
|-heal|p1a: Rillaboom|100/100|[from] Grassy Terrain
|upkeep
|turn|4
|
|t:|1760373319
|move|p2a: Dragonite|Dragon Dance|p2a: Dragonite
|-boost|p2a: Dragonite|atk|1
|-boost|p2a: Dragonite|spe|1
|move|p1a: Rillaboom|Leech Seed|p2a: Dragonite
|-start|p2a: Dragonite|move: Leech Seed
|
|-damage|p2a: Dragonite|88/100|[from] Leech Seed|[of] p1a: Rillaboom
|upkeep
|turn|5
|
|t:|1760373327
|switch|p1a: Clodsire|Clodsire, M|100/100
|move|p2a: Dragonite|Fire Punch|p1a: Clodsire
|-damage|p1a: Clodsire|77/100
|
|-heal|p1a: Clodsire|83/100|[from] Grassy Terrain
|-heal|p1a: Clodsire|89/100|[from] item: Leftovers
|-damage|p2a: Dragonite|76/100|[from] Leech Seed|[of] p1a: Clodsire
|-heal|p1a: Clodsire|99/100|[silent]
|upkeep
|turn|6
|
|t:|1760373336
|move|p2a: Dragonite|Earthquake|p1a: Clodsire
|-supereffective|p1a: Clodsire
|-damage|p1a: Clodsire|68/100
|move|p1a: Clodsire|Toxic|p2a: Dragonite
|-status|p2a: Dragonite|tox
|
|-heal|p1a: Clodsire|74/100|[from] Grassy Terrain
|-heal|p1a: Clodsire|81/100|[from] item: Leftovers
|-damage|p2a: Dragonite|63/100 tox|[from] Leech Seed|[of] p1a: Clodsire
|-heal|p1a: Clodsire|91/100|[silent]
|-damage|p2a: Dragonite|57/100 tox|[from] psn
|upkeep
|turn|7
|
|t:|1760373347
|move|p2a: Dragonite|Encore|p1a: Clodsire
|-start|p1a: Clodsire|Encore
|move|p1a: Clodsire|Toxic|p2a: Dragonite
|-fail|p2a: Dragonite|tox
|
|-heal|p1a: Clodsire|97/100|[from] Grassy Terrain
|-heal|p1a: Clodsire|100/100|[from] item: Leftovers
|-damage|p2a: Dragonite|45/100 tox|[from] Leech Seed|[of] p1a: Clodsire
|-damage|p2a: Dragonite|32/100 tox|[from] psn
|upkeep
|turn|8
|
|t:|1760373357
|switch|p2a: Slowking|Slowking-Galar, M|100/100
|move|p1a: Clodsire|Toxic|p2a: Slowking
|-immune|p2a: Slowking
|
|upkeep
|turn|9
|
|t:|1760373366
|switch|p1a: Heatran|Heatran, M|86/100
|move|p2a: Slowking|Future Sight|p1a: Heatran
|-start|p2a: Slowking|move: Future Sight
|
|-heal|p1a: Heatran|92/100|[from] Grassy Terrain
|-heal|p1a: Heatran|98/100|[from] item: Leftovers
|-fieldend|move: Grassy Terrain
|upkeep
|turn|10
|
|t:|1760373375
|move|p1a: Heatran|Stealth Rock|p2a: Slowking
|-sidestart|p2: darksora420|move: Stealth Rock
|move|p2a: Slowking|Thunder Wave|p1a: Heatran
|-status|p1a: Heatran|par
|
|-heal|p1a: Heatran|100/100 par|[from] item: Leftovers
|upkeep
|turn|11
|
|t:|1760373384
|-prepare|p2a: Slowking|Chilly Reception|[premajor]
|move|p2a: Slowking|Chilly Reception|p2a: Slowking
|-weather|Snowscape
|
|t:|1760373387
|switch|p2a: Cinderace|Cinderace, M|100/100|[from] Chilly Reception
|move|p1a: Heatran|Earth Power|p2a: Cinderace
|-supereffective|p2a: Cinderace
|-damage|p2a: Cinderace|26/100
|
|-weather|Snowscape|[upkeep]
|-end|p1a: Heatran|move: Future Sight
|-resisted|p1a: Heatran
|-damage|p1a: Heatran|88/100 par
|-heal|p1a: Heatran|94/100 par|[from] item: Leftovers
|upkeep
|turn|12
|
|t:|1760373397
|move|p2a: Cinderace|Court Change|p2a: Cinderace
|-start|p2a: Cinderace|typechange|Normal|[from] ability: Libero
|-swapsideconditions
|-activate|p2a: Cinderace|move: Court Change
|move|p1a: Heatran|Stealth Rock|p2a: Cinderace
|-sidestart|p2: darksora420|move: Stealth Rock
|
|-weather|Snowscape|[upkeep]
|-heal|p1a: Heatran|99/100 par|[from] item: Leftovers
|upkeep
|turn|13
|
|t:|1760373404
|move|p2a: Cinderace|U-turn|p1a: Heatran
|-resisted|p1a: Heatran
|-damage|p1a: Heatran|96/100 par
|
|t:|1760373409
|switch|p2a: Alomomola|Alomomola, M|100/100|[from] U-turn
|move|p1a: Heatran|Magma Storm|p2a: Alomomola|[miss]
|-miss|p1a: Heatran|p2a: Alomomola
|
|-weather|Snowscape|[upkeep]
|-heal|p1a: Heatran|100/100 par|[from] item: Leftovers
|upkeep
|turn|14
|
|t:|1760373418
|switch|p1a: Rillaboom|Rillaboom, M|100/100
|-damage|p1a: Rillaboom|88/100|[from] Stealth Rock
|-fieldstart|move: Grassy Terrain|[from] ability: Grassy Surge|[of] p1a: Rillaboom
|move|p2a: Alomomola|Wish|p2a: Alomomola
|
|-weather|Snowscape|[upkeep]
|-heal|p1a: Rillaboom|94/100|[from] Grassy Terrain
|upkeep
|turn|15
|inactive|Naturmacht has 120 seconds left.
|
|t:|1760373453
|switch|p2a: Dragonite|Dragonite, F|32/100 tox
|move|p1a: Rillaboom|Knock Off|p2a: Dragonite
|-damage|p2a: Dragonite|0 fnt
|-enditem|p2a: Dragonite|Heavy-Duty Boots|[from] move: Knock Off|[of] p1a: Rillaboom
|faint|p2a: Dragonite
|
|-weather|none
|-heal|p1a: Rillaboom|100/100|[from] Grassy Terrain
|upkeep
|
|t:|1760373466
|switch|p2a: Lokix|Lokix, F|100/100
|-damage|p2a: Lokix|76/100|[from] Stealth Rock
|turn|16
|
|t:|1760373476
|switch|p1a: Clodsire|Clodsire, M|100/100
|-damage|p1a: Clodsire|94/100|[from] Stealth Rock
|move|p2a: Lokix|Knock Off|p1a: Clodsire
|-damage|p1a: Clodsire|22/100
|-enditem|p1a: Clodsire|Leftovers|[from] move: Knock Off|[of] p2a: Lokix
|
|-heal|p2a: Lokix|82/100|[from] Grassy Terrain
|-heal|p1a: Clodsire|29/100|[from] Grassy Terrain
|upkeep
|turn|17
|
|t:|1760373485
|move|p2a: Lokix|Knock Off|p1a: Clodsire
|-damage|p1a: Clodsire|0 fnt
|faint|p1a: Clodsire
|
|-heal|p2a: Lokix|88/100|[from] Grassy Terrain
|upkeep
|
|t:|1760373494
|switch|p1a: Great Tusk|Great Tusk|100/100
|turn|18
|
|t:|1760373499
|switch|p2a: Alomomola|Alomomola, M|100/100
|move|p1a: Great Tusk|Rapid Spin|p2a: Alomomola
|-damage|p2a: Alomomola|90/100
|-boost|p1a: Great Tusk|spe|1
|-sideend|p1: Naturmacht|Stealth Rock|[from] move: Rapid Spin|[of] p1a: Great Tusk
|
|-heal|p2a: Alomomola|96/100|[from] Grassy Terrain
|upkeep
|turn|19
|
|t:|1760373509
|move|p1a: Great Tusk|Knock Off|p2a: Alomomola
|-damage|p2a: Alomomola|72/100
|-enditem|p2a: Alomomola|Heavy-Duty Boots|[from] move: Knock Off|[of] p1a: Great Tusk
|move|p2a: Alomomola|Scald|p1a: Great Tusk
|-supereffective|p1a: Great Tusk
|-damage|p1a: Great Tusk|58/100
|
|-heal|p1a: Great Tusk|65/100|[from] Grassy Terrain
|-heal|p2a: Alomomola|78/100|[from] Grassy Terrain
|upkeep
|turn|20
|
|t:|1760373520
|-end|p1a: Great Tusk|Protosynthesis|[silent]
|switch|p1a: Ogerpon|Ogerpon-Wellspring, F|100/100
|switch|p2a: Cinderace|Cinderace, M|26/100
|
|-heal|p2a: Cinderace|32/100|[from] Grassy Terrain
|upkeep
|turn|21
|
|t:|1760373529
|move|p2a: Cinderace|Court Change|p2a: Cinderace
|-start|p2a: Cinderace|typechange|Normal|[from] ability: Libero
|-swapsideconditions
|-activate|p2a: Cinderace|move: Court Change
|move|p1a: Ogerpon|Ivy Cudgel|p2a: Cinderace|[anim] Ivy Cudgel Water
|-damage|p2a: Cinderace|0 fnt
|faint|p2a: Cinderace
|
|-fieldend|move: Grassy Terrain
|upkeep
|
|t:|1760373538
|switch|p2a: Lokix|Lokix, F|88/100
|turn|22
|
|t:|1760373546
|switch|p1a: Heatran|Heatran, M|100/100 par
|-damage|p1a: Heatran|88/100 par|[from] Stealth Rock
|move|p2a: Lokix|U-turn|p1a: Heatran
|-resisted|p1a: Heatran
|-damage|p1a: Heatran|66/100 par
|
|t:|1760373548
|switch|p2a: Iron Treads|Iron Treads|100/100|[from] U-turn
|-enditem|p2a: Iron Treads|Booster Energy
|-activate|p2a: Iron Treads|ability: Quark Drive|[fromitem]
|-start|p2a: Iron Treads|quarkdrivespe
|
|-heal|p1a: Heatran|73/100 par|[from] item: Leftovers
|upkeep
|turn|23
|
|t:|1760373558
|move|p1a: Heatran|Protect|p1a: Heatran
|-singleturn|p1a: Heatran|Protect
|move|p2a: Iron Treads|Knock Off|p1a: Heatran
|-activate|p1a: Heatran|move: Protect
|
|-heal|p1a: Heatran|79/100 par|[from] item: Leftovers
|upkeep
|turn|24
|
|t:|1760373566
|move|p2a: Iron Treads|Rapid Spin|p1a: Heatran
|-resisted|p1a: Heatran
|-damage|p1a: Heatran|72/100 par
|-boost|p2a: Iron Treads|spe|1
|move|p1a: Heatran|Magma Storm|p2a: Iron Treads
|-supereffective|p2a: Iron Treads
|-damage|p2a: Iron Treads|0 fnt
|faint|p2a: Iron Treads
|-end|p2a: Iron Treads|Quark Drive|[silent]
|
|-heal|p1a: Heatran|78/100 par|[from] item: Leftovers
|upkeep
|-message|darksora420 forfeited.
|
|win|Naturmacht
|raw|Naturmacht's rating: 1347 &rarr; <strong>1365</strong><br />(+18 for winning)
|raw|darksora420's rating: 1316 &rarr; <strong>1298</strong><br />(-18 for losing)
|l|☆darksora420
|player|p2|
