|j|☆Kward17kw
|j|☆oficial matute
|t:|1760383092
|gametype|singles
|player|p1|Kward17kw|102|1231
|player|p2|oficial matute|policeman|1188
|gen|9
|tier|[Gen 9] OU
|rated|
|rule|HP Percentage Mod: HP is shown in percentages
|rule|Endless Battle Clause: Forcing endless battles is banned
|rule|Species Clause: Limit one of each Pokémon
|rule|OHKO Clause: OHKO moves are banned
|rule|Evasion Items Clause: Evasion items are banned
|rule|Evasion Moves Clause: Evasion moves are banned
|rule|Evasion Abilities Clause: Evasion abilities are banned
|rule|Sleep Moves Clause: Sleep-inducing moves are banned
|clearpoke
|poke|p1|Goodra-Hisui, F|
|poke|p1|Zapdos|
|poke|p1|Avalugg-Hisui, F|
|poke|p1|Glimmora, M|
|poke|p1|Yanmega, M|
|poke|p1|Greninja-*, M|
|poke|p2|Noivern, F|
|poke|p2|Tropius, M|
|poke|p2|Garchomp, F|
|poke|p2|Hydrapple, F|
|poke|p2|Torterra, F|
|poke|p2|Landorus-Therian, M|
|teampreview
|inactive|Battle timer is ON: inactive players will automatically lose when time's up. (requested by oficial matute)
|
|t:|1760383100
|teamsize|p1|6
|teamsize|p2|6
|start
|switch|p1a: Avalugg|Avalugg-Hisui, F|100/100
|switch|p2a: 👁👅👁|Noivern, F|100/100
|-item|p1a: Avalugg|Custap Berry|[from] ability: Frisk|[of] p2a: 👁👅👁
|turn|1
|
|t:|1760383108
|move|p2a: 👁👅👁|Switcheroo|p1a: Avalugg
|-activate|p2a: 👁👅👁|move: Trick|[of] p1a: Avalugg
|-item|p1a: Avalugg|Choice Scarf|[from] move: Switcheroo
|-item|p2a: 👁👅👁|Custap Berry|[from] move: Switcheroo
|move|p1a: Avalugg|Stealth Rock|p2a: 👁👅👁
|-sidestart|p2: oficial matute|move: Stealth Rock
|
|upkeep
|turn|2
|
|t:|1760383115
|switch|p1a: Glimmora|Glimmora, M|100/100
|-item|p1a: Glimmora|Air Balloon
|move|p2a: 👁👅👁|Defog|p1a: Glimmora
|-unboost|p1a: Glimmora|evasion|1
|-sideend|p2: oficial matute|Stealth Rock|[from] move: Defog|[of] p2a: 👁👅👁
|
|upkeep
|turn|3
|
|t:|1760383123
|move|p2a: 👁👅👁|Air Slash|p1a: Glimmora
|-resisted|p1a: Glimmora
|-damage|p1a: Glimmora|80/100
|-enditem|p1a: Glimmora|Air Balloon
|move|p1a: Glimmora|Mortal Spin|p2a: 👁👅👁
|-damage|p2a: 👁👅👁|92/100
|-status|p2a: 👁👅👁|psn
|
|-damage|p2a: 👁👅👁|80/100 psn|[from] psn
|upkeep
|turn|4
|
|t:|1760383135
|switch|p2a: 👁👄👁|Hydrapple, F|100/100
|move|p1a: Glimmora|Spikes|p2a: 👁👄👁
|-sidestart|p2: oficial matute|Spikes
|
|upkeep
|turn|5
|
|t:|1760383142
|move|p1a: Glimmora|Mortal Spin|p2a: 👁👄👁
|-supereffective|p2a: 👁👄👁
|-damage|p2a: 👁👄👁|90/100
|-status|p2a: 👁👄👁|psn
|move|p2a: 👁👄👁|Earth Power|p1a: Glimmora
|-supereffective|p1a: Glimmora
|-damage|p1a: Glimmora|0 fnt
|faint|p1a: Glimmora
|
|-damage|p2a: 👁👄👁|78/100 psn|[from] psn
|upkeep
|
|t:|1760383153
|switch|p1a: Yanmega|Yanmega, M|100/100
|turn|6
|
|t:|1760383156
|switch|p2a: 👁🐽👁|Tropius, M, shiny|100/100
|move|p1a: Yanmega|Bug Buzz|p2a: 👁🐽👁
|-damage|p2a: 👁🐽👁|68/100
|
|-ability|p1a: Yanmega|Speed Boost|boost
|-boost|p1a: Yanmega|spe|1
|upkeep
|turn|7
|
|t:|1760383166
|-terastallize|p2a: 👁🐽👁|Ghost
|move|p1a: Yanmega|Bug Buzz|p2a: 👁🐽👁
|-resisted|p2a: 👁🐽👁
|-damage|p2a: 👁🐽👁|53/100
|move|p2a: 👁🐽👁|Leech Seed|p1a: Yanmega
|-start|p1a: Yanmega|move: Leech Seed
|
|-damage|p1a: Yanmega|88/100|[from] Leech Seed|[of] p2a: 👁🐽👁
|-heal|p2a: 👁🐽👁|62/100|[silent]
|-ability|p1a: Yanmega|Speed Boost|boost
|-boost|p1a: Yanmega|spe|1
|upkeep
|turn|8
|
|t:|1760383177
|move|p1a: Yanmega|Shadow Ball|p2a: 👁🐽👁
|-supereffective|p2a: 👁🐽👁
|-damage|p2a: 👁🐽👁|25/100
|-enditem|p2a: 👁🐽👁|Sitrus Berry|[eat]
|-heal|p2a: 👁🐽👁|50/100|[from] item: Sitrus Berry
|move|p2a: 👁🐽👁|Substitute|p2a: 👁🐽👁
|-start|p2a: 👁🐽👁|Substitute
|-damage|p2a: 👁🐽👁|25/100
|
|-damage|p1a: Yanmega|76/100|[from] Leech Seed|[of] p2a: 👁🐽👁
|-heal|p2a: 👁🐽👁|35/100|[silent]
|-ability|p1a: Yanmega|Speed Boost|boost
|-boost|p1a: Yanmega|spe|1
|upkeep
|turn|9
|
|t:|1760383196
|switch|p1a: Avalugg|Avalugg-Hisui, F|100/100
|move|p2a: 👁🐽👁|Protect||[still]
|-fail|p2a: 👁🐽👁
|
|upkeep
|turn|10
|
|t:|1760383203
|move|p1a: Avalugg|Mountain Gale|p2a: 👁🐽👁
|-crit|p2a: 👁🐽👁
|-end|p2a: 👁🐽👁|Substitute
|move|p2a: 👁🐽👁|Leech Seed|p1a: Avalugg
|-start|p1a: Avalugg|move: Leech Seed
|
|-damage|p1a: Avalugg|88/100|[from] Leech Seed|[of] p2a: 👁🐽👁
|-heal|p2a: 👁🐽👁|47/100|[silent]
|upkeep
|turn|11
|
|t:|1760383212
|move|p2a: 👁🐽👁|Protect|p2a: 👁🐽👁
|-singleturn|p2a: 👁🐽👁|Protect
|move|p1a: Avalugg|Mountain Gale|p2a: 👁🐽👁
|-activate|p2a: 👁🐽👁|move: Protect
|
|-damage|p1a: Avalugg|76/100|[from] Leech Seed|[of] p2a: 👁🐽👁
|-heal|p2a: 👁🐽👁|59/100|[silent]
|upkeep
|turn|12
|
|t:|1760383221
|move|p1a: Avalugg|Mountain Gale|p2a: 👁🐽👁
|-damage|p2a: 👁🐽👁|7/100
|move|p2a: 👁🐽👁|Substitute|p2a: 👁🐽👁
|-fail|p2a: 👁🐽👁|move: Substitute|[weak]
|
|-damage|p1a: Avalugg|63/100|[from] Leech Seed|[of] p2a: 👁🐽👁
|-heal|p2a: 👁🐽👁|20/100|[silent]
|-item|p2a: 👁🐽👁|Sitrus Berry|[from] ability: Harvest
|upkeep
|-enditem|p2a: 👁🐽👁|Sitrus Berry|[eat]
|-heal|p2a: 👁🐽👁|45/100|[from] item: Sitrus Berry
|turn|13
|
|t:|1760383233
|move|p2a: 👁🐽👁|Protect|p2a: 👁🐽👁
|-singleturn|p2a: 👁🐽👁|Protect
|move|p1a: Avalugg|Mountain Gale|p2a: 👁🐽👁
|-activate|p2a: 👁🐽👁|move: Protect
|
|-damage|p1a: Avalugg|51/100|[from] Leech Seed|[of] p2a: 👁🐽👁
|-heal|p2a: 👁🐽👁|57/100|[silent]
|-item|p2a: 👁🐽👁|Sitrus Berry|[from] ability: Harvest
|upkeep
|turn|14
|
|t:|1760383243
|-terastallize|p1a: Avalugg|Ice
|move|p1a: Avalugg|Mountain Gale|p2a: 👁🐽👁
|-damage|p2a: 👁🐽👁|0 fnt
|faint|p2a: 👁🐽👁
|
|upkeep
|
|t:|1760383251
|switch|p2a: 👁👅👁|Noivern, F|80/100 psn
|-item|p1a: Avalugg|Choice Scarf|[from] ability: Frisk|[of] p2a: 👁👅👁
|turn|15
|
|t:|1760383256
|move|p2a: 👁👅👁|Defog|p1a: Avalugg
|-unboost|p1a: Avalugg|evasion|1
|-sideend|p2: oficial matute|Spikes|[from] move: Defog|[of] p2a: 👁👅👁
|move|p1a: Avalugg|Mountain Gale|p2a: 👁👅👁|[miss]
|-miss|p1a: Avalugg|p2a: 👁👅👁
|
|-damage|p1a: Avalugg|38/100|[from] Leech Seed|[of] p2a: 👁👅👁
|-heal|p2a: 👁👅👁|96/100 psn|[silent]
|-damage|p2a: 👁👅👁|84/100 psn|[from] psn
|upkeep
|turn|16
|
|t:|1760383267
|move|p2a: 👁👅👁|Defog|p1a: Avalugg
|-unboost|p1a: Avalugg|evasion|1
|move|p1a: Avalugg|Mountain Gale|p2a: 👁👅👁
|-supereffective|p2a: 👁👅👁
|-damage|p2a: 👁👅👁|0 fnt
|faint|p2a: 👁👅👁
|
|upkeep
|
|t:|1760383275
|switch|p2a: 👁💋👁|Torterra, F|100/100
|turn|17
|
|t:|1760383281
|move|p2a: 👁💋👁|Shell Smash|p2a: 👁💋👁
|-unboost|p2a: 👁💋👁|def|1
|-unboost|p2a: 👁💋👁|spd|1
|-boost|p2a: 👁💋👁|atk|2
|-boost|p2a: 👁💋👁|spa|2
|-boost|p2a: 👁💋👁|spe|2
|move|p1a: Avalugg|Mountain Gale|p2a: 👁💋👁
|-supereffective|p2a: 👁💋👁
|-enditem|p2a: 👁💋👁|Focus Sash
|-damage|p2a: 👁💋👁|1/100
|
|-damage|p1a: Avalugg|26/100|[from] Leech Seed|[of] p2a: 👁💋👁
|-heal|p2a: 👁💋👁|16/100|[silent]
|upkeep
|turn|18
|
|t:|1760383294
|move|p2a: 👁💋👁|Headlong Rush|p1a: Avalugg
|-damage|p1a: Avalugg|0 fnt
|-unboost|p2a: 👁💋👁|def|1
|-unboost|p2a: 👁💋👁|spd|1
|faint|p1a: Avalugg
|
|upkeep
|
|t:|1760383303
|switch|p1a: Yanmega|Yanmega, M|76/100
|turn|19
|
|t:|1760383308
|move|p2a: 👁💋👁|Shell Smash|p2a: 👁💋👁
|-unboost|p2a: 👁💋👁|def|1
|-unboost|p2a: 👁💋👁|spd|1
|-boost|p2a: 👁💋👁|atk|2
|-boost|p2a: 👁💋👁|spa|2
|-boost|p2a: 👁💋👁|spe|2
|move|p1a: Yanmega|Bug Buzz|p2a: 👁💋👁
|-supereffective|p2a: 👁💋👁
|-damage|p2a: 👁💋👁|0 fnt
|faint|p2a: 👁💋👁
|
|-ability|p1a: Yanmega|Speed Boost|boost
|-boost|p1a: Yanmega|spe|1
|upkeep
|
|t:|1760383320
|switch|p2a: 👁🫦👁|Garchomp, F|100/100
|turn|20
|inactive|Kward17kw has 120 seconds left.
|inactive|Kward17kw has 90 seconds left.
|inactive|Kward17kw has 60 seconds left.
|inactive|Kward17kw has 30 seconds left.
|inactive|Kward17kw has 20 seconds left.
|inactive|Kward17kw has 15 seconds left.
|inactive|Kward17kw has 10 seconds left.
|inactive|Kward17kw has 5 seconds left.
|-message|Kward17kw lost due to inactivity.
|
|win|oficial matute
|raw|Kward17kw's rating: 1231 &rarr; <strong>1203</strong><br />(-28 for losing)
|raw|oficial matute's rating: 1188 &rarr; <strong>1216</strong><br />(+28 for winning)
|l|☆oficial matute
|player|p2|
