|j|☆apotato135
|j|☆CC Foot Soldier
|t:|1760462677
|gametype|singles
|player|p1|apotato135|swimmer-gen4dp|1766
|player|p2|CC Foot Soldier|waiter-gen4|1730
|gen|9
|tier|[Gen 9] OU
|rated|
|rule|HP Percentage Mod: HP is shown in percentages
|rule|Endless Battle Clause: Forcing endless battles is banned
|rule|Species Clause: Limit one of each Pokémon
|rule|OHKO Clause: OHKO moves are banned
|rule|Evasion Items Clause: Evasion items are banned
|rule|Evasion Moves Clause: Evasion moves are banned
|rule|Evasion Abilities Clause: Evasion abilities are banned
|rule|Sleep Moves Clause: Sleep-inducing moves are banned
|clearpoke
|poke|p1|Pelipper, F|
|poke|p1|Raging Bolt|
|poke|p1|Tauros-Paldea-Aqua, M|
|poke|p1|Primarina, F|
|poke|p1|Overqwil, F|
|poke|p1|Iron Treads|
|poke|p2|Kyurem|
|poke|p2|Ninetales-Alola, F|
|poke|p2|Iron Moth|
|poke|p2|Alomomola, F|
|poke|p2|Maushold|
|poke|p2|Scizor, F|
|teampreview
|j| GavilarKholin
|
|t:|1760462697
|teamsize|p1|6
|teamsize|p2|6
|start
|switch|p1a: Raging Bolt|Raging Bolt|100/100
|switch|p2a: Alomomola|Alomomola, F|100/100
|turn|1
|
|t:|1760462702
|move|p1a: Raging Bolt|Volt Switch|p2a: Alomomola
|-supereffective|p2a: Alomomola
|-damage|p2a: Alomomola|57/100
|
|t:|1760462712
|-end|p1a: Raging Bolt|Protosynthesis|[silent]
|switch|p1a: Pelipper|Pelipper, F|100/100|[from] Volt Switch
|-weather|RainDance|[from] ability: Drizzle|[of] p1a: Pelipper
|move|p2a: Alomomola|Flip Turn|p1a: Pelipper
|-resisted|p1a: Pelipper
|-damage|p1a: Pelipper|90/100
|
|t:|1760462719
|switch|p2a: Ninetales|Ninetales-Alola, F|100/100|[from] Flip Turn
|-weather|Snowscape|[from] ability: Snow Warning|[of] p2a: Ninetales
|
|-weather|Snowscape|[upkeep]
|upkeep
|turn|2
|
|t:|1760462728
|move|p2a: Ninetales|Aurora Veil|p2a: Ninetales
|-sidestart|p2: CC Foot Soldier|move: Aurora Veil
|move|p1a: Pelipper|U-turn|p2a: Ninetales
|-resisted|p2a: Ninetales
|-damage|p2a: Ninetales|99/100
|
|t:|1760462733
|switch|p1a: Iron Treads|Iron Treads|100/100|[from] U-turn
|-enditem|p1a: Iron Treads|Booster Energy
|-activate|p1a: Iron Treads|ability: Quark Drive|[fromitem]
|-start|p1a: Iron Treads|quarkdrivespe
|
|-weather|Snowscape|[upkeep]
|upkeep
|turn|3
|inactive|Battle timer is ON: inactive players will automatically lose when time's up. (requested by apotato135)
|l| GavilarKholin
|
|t:|1760462758
|switch|p2a: Alomomola|Alomomola, F|90/100
|move|p1a: Iron Treads|Stealth Rock|p2a: Alomomola
|-sidestart|p2: CC Foot Soldier|move: Stealth Rock
|
|-weather|Snowscape|[upkeep]
|upkeep
|turn|4
|
|t:|1760462769
|move|p1a: Iron Treads|Earth Power|p2a: Alomomola
|-damage|p2a: Alomomola|81/100
|move|p2a: Alomomola|Flip Turn|p1a: Iron Treads
|-supereffective|p1a: Iron Treads
|-damage|p1a: Iron Treads|72/100
|
|t:|1760462775
|switch|p2a: Maushold|Maushold|100/100|[from] Flip Turn
|-damage|p2a: Maushold|88/100|[from] Stealth Rock
|
|-weather|Snowscape|[upkeep]
|upkeep
|turn|5
|
|t:|1760462783
|move|p1a: Iron Treads|Earth Power|p2a: Maushold
|-damage|p2a: Maushold|64/100
|move|p2a: Maushold|Tidy Up|p2a: Maushold
|-sideend|p2: CC Foot Soldier|Stealth Rock
|-activate|p2a: Maushold|move: Tidy Up
|-boost|p2a: Maushold|atk|1
|-boost|p2a: Maushold|spe|1
|
|-weather|none
|upkeep
|turn|6
|
|t:|1760462790
|-terastallize|p1a: Iron Treads|Ghost
|move|p2a: Maushold|Tidy Up|p2a: Maushold
|-boost|p2a: Maushold|atk|1
|-boost|p2a: Maushold|spe|1
|move|p1a: Iron Treads|Earth Power|p2a: Maushold
|-damage|p2a: Maushold|39/100
|
|upkeep
|turn|7
|
|t:|1760462799
|-end|p1a: Iron Treads|Quark Drive|[silent]
|switch|p1a: Pelipper|Pelipper, F|90/100
|-weather|RainDance|[from] ability: Drizzle|[of] p1a: Pelipper
|move|p2a: Maushold|Bite|p1a: Pelipper
|-damage|p1a: Pelipper|57/100
|
|-weather|RainDance|[upkeep]
|upkeep
|turn|8
|
|t:|1760462805
|switch|p1a: Iron Treads|Iron Treads, tera:Ghost|72/100
|move|p2a: Maushold|Population Bomb|p1a: Iron Treads
|-immune|p1a: Iron Treads
|
|-weather|RainDance|[upkeep]
|upkeep
|turn|9
|
|t:|1760462814
|move|p2a: Maushold|Bite|p1a: Iron Treads
|-supereffective|p1a: Iron Treads
|-damage|p1a: Iron Treads|0 fnt
|faint|p1a: Iron Treads
|-end|p1a: Iron Treads|Quark Drive|[silent]
|
|-weather|RainDance|[upkeep]
|-sideend|p2: CC Foot Soldier|move: Aurora Veil
|upkeep
|
|t:|1760462817
|switch|p1a: Tauros|Tauros-Paldea-Aqua, M|100/100
|-ability|p1a: Tauros|Intimidate|boost
|-unboost|p2a: Maushold|atk|1
|turn|10
|
|t:|1760462824
|switch|p2a: Ninetales|Ninetales-Alola, F|99/100
|-weather|Snowscape|[from] ability: Snow Warning|[of] p2a: Ninetales
|move|p1a: Tauros|Aqua Jet|p2a: Ninetales
|-damage|p2a: Ninetales|74/100
|
|-weather|Snowscape|[upkeep]
|upkeep
|turn|11
|
|t:|1760462832
|switch|p1a: Pelipper|Pelipper, F|57/100
|-weather|RainDance|[from] ability: Drizzle|[of] p1a: Pelipper
|move|p2a: Ninetales|Freeze-Dry|p1a: Pelipper
|-supereffective|p1a: Pelipper
|-damage|p1a: Pelipper|0 fnt
|faint|p1a: Pelipper
|
|-weather|RainDance|[upkeep]
|upkeep
|
|t:|1760462839
|switch|p1a: Raging Bolt|Raging Bolt|100/100
|turn|12
|
|t:|1760462846
|move|p1a: Raging Bolt|Thunder|p2a: Ninetales
|-damage|p2a: Ninetales|18/100
|move|p2a: Ninetales|Snowscape|p2a: Ninetales
|-weather|Snowscape
|
|-weather|Snowscape|[upkeep]
|upkeep
|turn|13
|
|t:|1760462855
|switch|p2a: Kyurem|Kyurem|100/100
|-ability|p2a: Kyurem|Pressure
|move|p1a: Raging Bolt|Thunder|p2a: Kyurem
|-resisted|p2a: Kyurem
|-damage|p2a: Kyurem|72/100
|
|-weather|Snowscape|[upkeep]
|upkeep
|turn|14
|
|t:|1760462866
|-end|p1a: Raging Bolt|Protosynthesis|[silent]
|switch|p1a: Primarina|Primarina, F|100/100
|move|p2a: Kyurem|Substitute|p2a: Kyurem
|-start|p2a: Kyurem|Substitute
|-damage|p2a: Kyurem|47/100
|
|-weather|Snowscape|[upkeep]
|upkeep
|turn|15
|
|t:|1760462874
|move|p2a: Kyurem|Dragon Dance|p2a: Kyurem
|-boost|p2a: Kyurem|atk|1
|-boost|p2a: Kyurem|spe|1
|move|p1a: Primarina|Moonblast|p2a: Kyurem
|-supereffective|p2a: Kyurem
|-end|p2a: Kyurem|Substitute
|
|-weather|Snowscape|[upkeep]
|upkeep
|turn|16
|
|t:|1760462883
|-terastallize|p2a: Kyurem|Electric
|move|p2a: Kyurem|Tera Blast|p1a: Primarina|[anim] Tera Blast Electric
|-supereffective|p1a: Primarina
|-damage|p1a: Primarina|0 fnt
|faint|p1a: Primarina
|
|-weather|none
|upkeep
|
|t:|1760462888
|switch|p1a: Tauros|Tauros-Paldea-Aqua, M|100/100
|-ability|p1a: Tauros|Intimidate|boost
|-unboost|p2a: Kyurem|atk|1
|turn|17
|
|t:|1760462894
|switch|p1a: Overqwil|Overqwil, F|100/100
|move|p2a: Kyurem|Tera Blast|p1a: Overqwil|[anim] Tera Blast Electric
|-damage|p1a: Overqwil|52/100
|
|upkeep
|turn|18
|
|t:|1760462901
|move|p2a: Kyurem|Icicle Spear|p1a: Overqwil
|-damage|p1a: Overqwil|37/100
|-damage|p1a: Overqwil|23/100
|-damage|p1a: Overqwil|8/100
|-damage|p1a: Overqwil|0 fnt
|faint|p1a: Overqwil
|-hitcount|p1: Overqwil|4
|
|upkeep
|j| GavilarKholin
|
|t:|1760462905
|switch|p1a: Tauros|Tauros-Paldea-Aqua, M|100/100
|-ability|p1a: Tauros|Intimidate|boost
|-unboost|p2a: Kyurem|atk|1
|turn|19
|
|t:|1760462911
|move|p1a: Tauros|Aqua Jet|p2a: Kyurem
|-damage|p2a: Kyurem|22/100
|move|p2a: Kyurem|Tera Blast|p1a: Tauros|[anim] Tera Blast Electric
|-supereffective|p1a: Tauros
|-crit|p1a: Tauros
|-damage|p1a: Tauros|0 fnt
|faint|p1a: Tauros
|
|upkeep
|-message|apotato135 forfeited.
|
|win|CC Foot Soldier
|raw|apotato135's rating: 1766 &rarr; <strong>1744</strong><br />(-22 for losing)
|raw|CC Foot Soldier's rating: 1730 &rarr; <strong>1752</strong><br />(+22 for winning)
|j| Alolan Spinda
|l|☆apotato135
|player|p1|
|l|☆CC Foot Soldier
|player|p2|
|l| GavilarKholin
|l| Alolan Spinda
