|j|☆qazniak
|j|☆Cratixpoggers
|t:|1760300051
|gametype|singles
|player|p1|qazniak|265|1101
|player|p2|Cratixpoggers|169|1127
|gen|9
|tier|[Gen 9] OU
|rated|
|rule|HP Percentage Mod: HP is shown in percentages
|rule|Endless Battle Clause: Forcing endless battles is banned
|rule|Species Clause: Limit one of each Pokémon
|rule|OHKO Clause: OHKO moves are banned
|rule|Evasion Items Clause: Evasion items are banned
|rule|Evasion Moves Clause: Evasion moves are banned
|rule|Evasion Abilities Clause: Evasion abilities are banned
|rule|Sleep Moves Clause: Sleep-inducing moves are banned
|clearpoke
|poke|p1|Regidrago|
|poke|p1|Great Tusk|
|poke|p1|Iron Valiant|
|poke|p1|Scizor, F|
|poke|p1|Slowking-Galar, M|
|poke|p1|Darkrai|
|poke|p2|Tornadus-Therian, M|
|poke|p2|Ogerpon-Wellspring, F|
|poke|p2|Iron Crown|
|poke|p2|Ursaluna, M|
|poke|p2|Deoxys-Speed|
|poke|p2|Clefable, M|
|teampreview
|
|t:|1760300065
|teamsize|p1|6
|teamsize|p2|6
|start
|switch|p1a: Scizor|Scizor, F, shiny|100/100
|switch|p2a: Clefable|Clefable, M|100/100
|turn|1
|inactive|Battle timer is ON: inactive players will automatically lose when time's up. (requested by qazniak)
|
|t:|1760300068
|move|p1a: Scizor|Bullet Punch|p2a: Clefable
|-supereffective|p2a: Clefable
|-damage|p2a: Clefable|3/100
|move|p2a: Clefable|Flamethrower|p1a: Scizor
|-supereffective|p1a: Scizor
|-damage|p1a: Scizor|0 fnt
|faint|p1a: Scizor
|
|-heal|p2a: Clefable|9/100|[from] item: Leftovers
|upkeep
|
|t:|1760300077
|switch|p1a: Darkrai|Darkrai|100/100
|turn|2
|
|t:|1760300081
|move|p1a: Darkrai|Knock Off|p2a: Clefable
|-resisted|p2a: Clefable
|-damage|p2a: Clefable|0 fnt
|-enditem|p2a: Clefable|Leftovers|[from] move: Knock Off|[of] p1a: Darkrai
|faint|p2a: Clefable
|-damage|p1a: Darkrai|91/100|[from] item: Life Orb
|
|upkeep
|
|t:|1760300093
|switch|p2a: Ogerpon|Ogerpon-Wellspring, F|100/100
|turn|3
|
|t:|1760300100
|-terastallize|p1a: Darkrai|Poison
|move|p1a: Darkrai|Sludge Bomb|p2a: Ogerpon
|-supereffective|p2a: Ogerpon
|-damage|p2a: Ogerpon|0 fnt
|faint|p2a: Ogerpon
|-damage|p1a: Darkrai|81/100|[from] item: Life Orb
|
|upkeep
|
|t:|1760300104
|switch|p2a: Iron Crown|Iron Crown|100/100
|turn|4
|
|t:|1760300108
|-terastallize|p2a: Iron Crown|Steel
|move|p1a: Darkrai|Dark Pulse|p2a: Iron Crown
|-crit|p2a: Iron Crown
|-damage|p2a: Iron Crown|19/100
|-damage|p1a: Darkrai|71/100|[from] item: Life Orb
|move|p2a: Iron Crown|Calm Mind|p2a: Iron Crown
|-boost|p2a: Iron Crown|spa|1
|-boost|p2a: Iron Crown|spd|1
|
|upkeep
|turn|5
|
|t:|1760300112
|move|p1a: Darkrai|Dark Pulse|p2a: Iron Crown
|-damage|p2a: Iron Crown|0 fnt
|faint|p2a: Iron Crown
|-end|p2a: Iron Crown|Quark Drive|[silent]
|-damage|p1a: Darkrai|61/100|[from] item: Life Orb
|
|upkeep
|
|t:|1760300117
|switch|p2a: Deoxys|Deoxys-Speed|100/100
|-ability|p2a: Deoxys|Pressure
|turn|6
|
|t:|1760300126
|switch|p1a: Slowking|Slowking-Galar, M|100/100
|move|p2a: Deoxys|Meteor Beam||[still]
|-prepare|p2a: Deoxys|Meteor Beam
|-boost|p2a: Deoxys|spa|1
|-enditem|p2a: Deoxys|Power Herb
|-anim|p2a: Deoxys|Meteor Beam|p1a: Slowking
|-damage|p1a: Slowking|69/100
|
|upkeep
|turn|7
|
|t:|1760300143
|move|p2a: Deoxys|Shadow Ball|p1a: Slowking
|-supereffective|p1a: Slowking
|-damage|p1a: Slowking|26/100
|move|p1a: Slowking|Thunder Wave|p2a: Deoxys
|-status|p2a: Deoxys|par
|
|upkeep
|turn|8
|
|t:|1760300161
|move|p2a: Deoxys|Shadow Ball|p1a: Slowking
|-supereffective|p1a: Slowking
|-damage|p1a: Slowking|0 fnt
|faint|p1a: Slowking
|
|upkeep
|
|t:|1760300163
|switch|p1a: Darkrai|Darkrai, tera:Poison|61/100
|turn|9
|
|t:|1760300168
|move|p1a: Darkrai|Dark Pulse|p2a: Deoxys
|-supereffective|p2a: Deoxys
|-damage|p2a: Deoxys|0 fnt
|faint|p2a: Deoxys
|-damage|p1a: Darkrai|51/100|[from] item: Life Orb
|
|upkeep
|
|t:|1760300176
|switch|p2a: Ursaluna|Ursaluna, M|100/100
|turn|10
|
|t:|1760300182
|move|p1a: Darkrai|Knock Off|p2a: Ursaluna
|-damage|p2a: Ursaluna|77/100
|-enditem|p2a: Ursaluna|Flame Orb|[from] move: Knock Off|[of] p1a: Darkrai
|-damage|p1a: Darkrai|41/100|[from] item: Life Orb
|move|p2a: Ursaluna|Earthquake|p1a: Darkrai
|-supereffective|p1a: Darkrai
|-damage|p1a: Darkrai|0 fnt
|faint|p1a: Darkrai
|
|upkeep
|
|t:|1760300188
|switch|p1a: Regidrago|Regidrago|100/100
|turn|11
|
|t:|1760300194
|move|p1a: Regidrago|Dragon Energy|p2a: Ursaluna
|-damage|p2a: Ursaluna|0 fnt
|faint|p2a: Ursaluna
|
|upkeep
|
|t:|1760300198
|switch|p2a: Tornadus|Tornadus-Therian, M|100/100
|turn|12
|
|t:|1760300203
|move|p1a: Regidrago|Dragon Energy|p2a: Tornadus
|-damage|p2a: Tornadus|3/100
|move|p2a: Tornadus|Bleakwind Storm|p1a: Regidrago|[miss]
|-miss|p2a: Tornadus|p1a: Regidrago
|
|upkeep
|turn|13
|
|t:|1760300206
|move|p1a: Regidrago|Dragon Energy|p2a: Tornadus
|-damage|p2a: Tornadus|0 fnt
|faint|p2a: Tornadus
|
|win|qazniak
|raw|qazniak's rating: 1101 &rarr; <strong>1128</strong><br />(+27 for winning)
|raw|Cratixpoggers's rating: 1127 &rarr; <strong>1100</strong><br />(-27 for losing)
|c|☆qazniak|Gg
|l|☆Cratixpoggers
|player|p2|
