|j|☆ur doggo
|j|☆Le Chemiste
|t:|1760433017
|gametype|singles
|player|p1|ur doggo|170|1532
|player|p2|Le Chemiste|266|1482
|gen|9
|tier|[Gen 9] OU
|rated|
|rule|HP Percentage Mod: HP is shown in percentages
|rule|Endless Battle Clause: Forcing endless battles is banned
|rule|Species Clause: Limit one of each Pokémon
|rule|OHKO Clause: OHKO moves are banned
|rule|Evasion Items Clause: Evasion items are banned
|rule|Evasion Moves Clause: Evasion moves are banned
|rule|Evasion Abilities Clause: Evasion abilities are banned
|rule|Sleep Moves Clause: Sleep-inducing moves are banned
|clearpoke
|poke|p1|Ninetales, F|
|poke|p1|Walking Wake|
|poke|p1|Great Tusk|
|poke|p1|Hatterene, F|
|poke|p1|Typhlosion-Hisui, F|
|poke|p1|Slither Wing|
|poke|p2|Iron Crown|
|poke|p2|Samurott-Hisui, M|
|poke|p2|Zapdos|
|poke|p2|Dragapult, F|
|poke|p2|Great Tusk|
|poke|p2|Iron Boulder|
|teampreview
|inactive|Battle timer is ON: inactive players will automatically lose when time's up. (requested by Le Chemiste)
|
|t:|1760433046
|teamsize|p1|6
|teamsize|p2|6
|start
|switch|p1a: Slither Wing|Slither Wing|100/100
|switch|p2a: Pump It|Great Tusk|100/100
|turn|1
|
|t:|1760433056
|move|p2a: Pump It|Stealth Rock|p1a: Slither Wing
|-sidestart|p1: ur doggo|move: Stealth Rock
|move|p1a: Slither Wing|U-turn|p2a: Pump It
|-resisted|p2a: Pump It
|-damage|p2a: Pump It|84/100
|
|t:|1760433063
|-end|p1a: Slither Wing|Protosynthesis|[silent]
|switch|p1a: Jesus|Walking Wake|100/100|[from] U-turn
|-damage|p1a: Jesus|88/100|[from] Stealth Rock
|
|upkeep
|turn|2
|
|t:|1760433076
|-end|p2a: Pump It|Protosynthesis|[silent]
|switch|p2a: Hurikan|Zapdos|100/100
|move|p1a: Jesus|Flip Turn|p2a: Hurikan
|-damage|p2a: Hurikan|90/100
|
|t:|1760433089
|-end|p1a: Jesus|Protosynthesis|[silent]
|switch|p1a: Ninetales|Ninetales, F|100/100|[from] Flip Turn
|-damage|p1a: Ninetales|76/100|[from] Stealth Rock
|-weather|SunnyDay|[from] ability: Drought|[of] p1a: Ninetales
|
|-weather|SunnyDay|[upkeep]
|upkeep
|turn|3
|
|t:|1760433094
|switch|p1a: Hatterene|Hatterene, F|100/100
|-damage|p1a: Hatterene|88/100|[from] Stealth Rock
|move|p2a: Hurikan|Discharge|p1a: Hatterene
|-damage|p1a: Hatterene|63/100
|-enditem|p1a: Hatterene|Eject Button
|
|t:|1760433098
|switch|p1a: mid tusk|Great Tusk|100/100
|-damage|p1a: mid tusk|97/100|[from] Stealth Rock
|-activate|p1a: mid tusk|ability: Protosynthesis
|-start|p1a: mid tusk|protosynthesisdef
|
|-weather|SunnyDay|[upkeep]
|upkeep
|turn|4
|
|t:|1760433106
|move|p1a: mid tusk|Rapid Spin|p2a: Hurikan
|-damage|p2a: Hurikan|79/100
|-boost|p1a: mid tusk|spe|1
|-sideend|p1: ur doggo|Stealth Rock|[from] move: Rapid Spin|[of] p1a: mid tusk
|move|p2a: Hurikan|U-turn|p1a: mid tusk
|-resisted|p1a: mid tusk
|-crit|p1a: mid tusk
|-damage|p1a: mid tusk|94/100
|
|t:|1760433123
|switch|p2a: Pump It|Great Tusk|84/100|[from] U-turn
|-activate|p2a: Pump It|ability: Protosynthesis
|-start|p2a: Pump It|protosynthesisatk
|
|-weather|SunnyDay|[upkeep]
|upkeep
|turn|5
|inactive|ur doggo has 120 seconds left.
|
|t:|1760433154
|-end|p1a: mid tusk|Protosynthesis|[silent]
|switch|p1a: Hatterene|Hatterene, F|63/100
|move|p2a: Pump It|Ice Spinner|p1a: Hatterene
|-damage|p1a: Hatterene|23/100
|
|-weather|SunnyDay|[upkeep]
|upkeep
|turn|6
|
|t:|1760433163
|move|p2a: Pump It|Rapid Spin|p1a: Hatterene
|-damage|p1a: Hatterene|0 fnt
|-boost|p2a: Pump It|spe|1
|faint|p1a: Hatterene
|
|-weather|SunnyDay|[upkeep]
|upkeep
|
|t:|1760433176
|switch|p1a: Jesus|Walking Wake|88/100
|-activate|p1a: Jesus|ability: Protosynthesis
|-start|p1a: Jesus|protosynthesisspe
|turn|7
|
|t:|1760433199
|-end|p2a: Pump It|Protosynthesis|[silent]
|switch|p2a: Hurikan|Zapdos|79/100
|move|p1a: Jesus|Hydro Steam|p2a: Hurikan
|-damage|p2a: Hurikan|19/100
|
|-weather|SunnyDay|[upkeep]
|upkeep
|turn|8
|
|t:|1760433206
|move|p1a: Jesus|Hydro Steam|p2a: Hurikan
|-damage|p2a: Hurikan|0 fnt
|faint|p2a: Hurikan
|
|-weather|SunnyDay|[upkeep]
|upkeep
|
|t:|1760433213
|switch|p2a: Everytime We Touch|Samurott-Hisui, M|100/100
|turn|9
|
|t:|1760433216
|move|p1a: Jesus|Flip Turn|p2a: Everytime We Touch
|-resisted|p2a: Everytime We Touch
|-damage|p2a: Everytime We Touch|95/100
|
|t:|1760433218
|-end|p1a: Jesus|Protosynthesis|[silent]
|switch|p1a: mid tusk|Great Tusk|94/100|[from] Flip Turn
|-activate|p1a: mid tusk|ability: Protosynthesis
|-start|p1a: mid tusk|protosynthesisdef
|move|p2a: Everytime We Touch|Ceaseless Edge|p1a: mid tusk|[miss]
|-miss|p2a: Everytime We Touch|p1a: mid tusk
|
|-weather|none
|-end|p1a: mid tusk|Protosynthesis
|upkeep
|turn|10
|
|t:|1760433227
|switch|p2a: Pump It|Great Tusk|84/100
|move|p1a: mid tusk|Headlong Rush|p2a: Pump It
|-damage|p2a: Pump It|44/100
|-unboost|p1a: mid tusk|def|1
|-unboost|p1a: mid tusk|spd|1
|-enditem|p1a: mid tusk|Eject Pack
|
|t:|1760433229
|-end|p1a: mid tusk|Protosynthesis|[silent]
|switch|p1a: high|Typhlosion-Hisui, F|100/100
|-item|p2a: Pump It|Heavy-Duty Boots|[from] ability: Frisk|[of] p1a: high
|
|upkeep
|turn|11
|
|t:|1760433233
|move|p1a: high|Eruption|p2a: Pump It
|-damage|p2a: Pump It|0 fnt
|faint|p2a: Pump It
|-end|p2a: Pump It|Protosynthesis|[silent]
|
|upkeep
|
|t:|1760433237
|switch|p2a: Everytime We Touch|Samurott-Hisui, M|95/100
|turn|12
|
|t:|1760433241
|switch|p1a: mid tusk|Great Tusk|94/100
|move|p2a: Everytime We Touch|Ceaseless Edge|p1a: mid tusk
|-resisted|p1a: mid tusk
|-damage|p1a: mid tusk|81/100
|-sidestart|p1: ur doggo|Spikes
|
|upkeep
|turn|13
|
|t:|1760433247
|move|p2a: Everytime We Touch|Ceaseless Edge|p1a: mid tusk
|-resisted|p1a: mid tusk
|-damage|p1a: mid tusk|69/100
|-sidestart|p1: ur doggo|Spikes
|move|p1a: mid tusk|Ice Spinner|p2a: Everytime We Touch
|-resisted|p2a: Everytime We Touch
|-damage|p2a: Everytime We Touch|79/100
|
|upkeep
|turn|14
|
|t:|1760433252
|switch|p2a: Parasite|Dragapult, F|100/100
|move|p1a: mid tusk|Rapid Spin|p2a: Parasite
|-immune|p2a: Parasite
|
|upkeep
|turn|15
|
|t:|1760433258
|-end|p1a: mid tusk|Protosynthesis|[silent]
|switch|p1a: Ninetales|Ninetales, F|76/100
|-damage|p1a: Ninetales|59/100|[from] Spikes
|-weather|SunnyDay|[from] ability: Drought|[of] p1a: Ninetales
|move|p2a: Parasite|Dragon Darts|p1a: Ninetales
|-damage|p1a: Ninetales|12/100
|-anim|p2a: Parasite|Dragon Darts|p1a: Ninetales
|-damage|p1a: Ninetales|0 fnt
|faint|p1a: Ninetales
|
|-weather|SunnyDay|[upkeep]
|upkeep
|
|t:|1760433264
|switch|p1a: Jesus|Walking Wake|88/100
|-damage|p1a: Jesus|72/100|[from] Spikes
|-activate|p1a: Jesus|ability: Protosynthesis
|-start|p1a: Jesus|protosynthesisspe
|turn|16
|
|t:|1760433286
|switch|p2a: Mindreader|Iron Crown|100/100
|move|p1a: Jesus|Dragon Pulse|p2a: Mindreader
|-resisted|p2a: Mindreader
|-damage|p2a: Mindreader|81/100
|
|-weather|SunnyDay|[upkeep]
|upkeep
|turn|17
|
|t:|1760433297
|move|p1a: Jesus|Hydro Steam|p2a: Mindreader
|-damage|p2a: Mindreader|17/100
|move|p2a: Mindreader|Psychic Noise|p1a: Jesus
|-crit|p1a: Jesus
|-damage|p1a: Jesus|9/100
|-start|p1a: Jesus|move: Heal Block
|
|-weather|SunnyDay|[upkeep]
|upkeep
|turn|18
|
|t:|1760433302
|move|p1a: Jesus|Hydro Steam|p2a: Mindreader
|-damage|p2a: Mindreader|0 fnt
|faint|p2a: Mindreader
|-end|p2a: Mindreader|Quark Drive|[silent]
|
|-weather|SunnyDay|[upkeep]
|-end|p1a: Jesus|move: Heal Block
|upkeep
|
|t:|1760433307
|switch|p2a: Parasite|Dragapult, F|100/100
|turn|19
|
|t:|1760433310
|move|p2a: Parasite|Sucker Punch|p1a: Jesus
|-damage|p1a: Jesus|0 fnt
|faint|p1a: Jesus
|-end|p1a: Jesus|Protosynthesis|[silent]
|
|-weather|SunnyDay|[upkeep]
|upkeep
|
|t:|1760433316
|switch|p1a: mid tusk|Great Tusk|69/100
|-damage|p1a: mid tusk|52/100|[from] Spikes
|-activate|p1a: mid tusk|ability: Protosynthesis
|-start|p1a: mid tusk|protosynthesisdef
|turn|20
|
|t:|1760433325
|switch|p2a: Everytime We Touch|Samurott-Hisui, M|79/100
|move|p1a: mid tusk|Ice Spinner|p2a: Everytime We Touch
|-resisted|p2a: Everytime We Touch
|-damage|p2a: Everytime We Touch|63/100
|
|-weather|SunnyDay|[upkeep]
|upkeep
|turn|21
|
|t:|1760433334
|move|p2a: Everytime We Touch|Razor Shell|p1a: mid tusk
|-supereffective|p1a: mid tusk
|-damage|p1a: mid tusk|31/100
|move|p1a: mid tusk|Headlong Rush|p2a: Everytime We Touch
|-damage|p2a: Everytime We Touch|0 fnt
|-unboost|p1a: mid tusk|def|1
|-unboost|p1a: mid tusk|spd|1
|faint|p2a: Everytime We Touch
|
|-weather|SunnyDay|[upkeep]
|upkeep
|
|t:|1760433360
|switch|p2a: Parasite|Dragapult, F|100/100
|turn|22
|
|t:|1760433376
|-terastallize|p1a: mid tusk|Steel
|move|p2a: Parasite|Dragon Darts|p1a: mid tusk
|-resisted|p1a: mid tusk
|-damage|p1a: mid tusk|20/100
|-anim|p2a: Parasite|Dragon Darts|p1a: mid tusk
|-resisted|p1a: mid tusk
|-damage|p1a: mid tusk|8/100
|move|p1a: mid tusk|Headlong Rush|p2a: Parasite
|-damage|p2a: Parasite|26/100
|-unboost|p1a: mid tusk|def|1
|-unboost|p1a: mid tusk|spd|1
|
|-weather|none
|-end|p1a: mid tusk|Protosynthesis
|upkeep
|turn|23
|
|t:|1760433385
|move|p2a: Parasite|Dragon Darts|p1a: mid tusk
|-resisted|p1a: mid tusk
|-damage|p1a: mid tusk|0 fnt
|faint|p1a: mid tusk
|-end|p1a: mid tusk|Protosynthesis|[silent]
|
|upkeep
|
|t:|1760433388
|switch|p1a: Slither Wing|Slither Wing|100/100
|-damage|p1a: Slither Wing|84/100|[from] Spikes
|turn|24
|
|t:|1760433391
|move|p1a: Slither Wing|First Impression|p2a: Parasite
|-resisted|p2a: Parasite
|-damage|p2a: Parasite|0 fnt
|faint|p2a: Parasite
|
|upkeep
|
|t:|1760433394
|switch|p2a: Revery|Iron Boulder|100/100
|-enditem|p2a: Revery|Booster Energy
|-activate|p2a: Revery|ability: Quark Drive|[fromitem]
|-start|p2a: Revery|quarkdrivespe
|turn|25
|inactive|Le Chemiste has 120 seconds left.
|
|t:|1760433446
|-terastallize|p2a: Revery|Fighting
|move|p2a: Revery|Swords Dance|p2a: Revery
|-boost|p2a: Revery|atk|2
|move|p1a: Slither Wing|U-turn|p2a: Revery
|-resisted|p2a: Revery
|-damage|p2a: Revery|75/100
|
|t:|1760433459
|-end|p1a: Slither Wing|Protosynthesis|[silent]
|switch|p1a: high|Typhlosion-Hisui, F|100/100|[from] U-turn
|-damage|p1a: high|84/100|[from] Spikes
|
|upkeep
|turn|26
|
|t:|1760433462
|move|p2a: Revery|Mighty Cleave|p1a: high
|-supereffective|p1a: high
|-damage|p1a: high|0 fnt
|faint|p1a: high
|
|upkeep
|
|t:|1760433466
|switch|p1a: Slither Wing|Slither Wing|84/100
|-damage|p1a: Slither Wing|67/100|[from] Spikes
|turn|27
|
|t:|1760433474
|move|p1a: Slither Wing|First Impression|p2a: Revery
|-resisted|p2a: Revery
|-crit|p2a: Revery
|-damage|p2a: Revery|21/100
|move|p2a: Revery|Mighty Cleave|p1a: Slither Wing
|-damage|p1a: Slither Wing|0 fnt
|faint|p1a: Slither Wing
|-end|p1a: Slither Wing|Protosynthesis|[silent]
|
|win|Le Chemiste
|raw|ur doggo's rating: 1532 &rarr; <strong>1509</strong><br />(-23 for losing)
|raw|Le Chemiste's rating: 1482 &rarr; <strong>1505</strong><br />(+23 for winning)
|l|☆ur doggo
|player|p1|
|l|☆Le Chemiste
|player|p2|
