|j|☆AEFAA2
|j|☆qwib
|t:|1760316029
|gametype|singles
|player|p1|AEFAA2|scientist-gen4dp|1270
|player|p2|qwib|170|1250
|gen|9
|tier|[Gen 9] OU
|rated|
|rule|HP Percentage Mod: HP is shown in percentages
|rule|Endless Battle Clause: Forcing endless battles is banned
|rule|Species Clause: Limit one of each Pokémon
|rule|OHKO Clause: OHKO moves are banned
|rule|Evasion Items Clause: Evasion items are banned
|rule|Evasion Moves Clause: Evasion moves are banned
|rule|Evasion Abilities Clause: Evasion abilities are banned
|rule|Sleep Moves Clause: Sleep-inducing moves are banned
|clearpoke
|poke|p1|Torkoal, M|
|poke|p1|Goodra-Hisui, M|
|poke|p1|Great Tusk|
|poke|p1|Scovillain, M|
|poke|p1|Ninetales, F|
|poke|p1|Walking Wake|
|poke|p2|Dragapult, M|
|poke|p2|Ceruledge, F|
|poke|p2|Kingambit, F|
|poke|p2|Raging Bolt|
|poke|p2|Ogerpon-Wellspring, F|
|poke|p2|Iron Treads|
|teampreview
|inactive|Battle timer is ON: inactive players will automatically lose when time's up. (requested by AEFAA2)
|
|t:|1760316042
|teamsize|p1|6
|teamsize|p2|6
|start
|switch|p1a: Walking Wake|Walking Wake|100/100
|switch|p2a: Raging Bolt|Raging Bolt|100/100
|turn|1
|
|t:|1760316052
|-end|p1a: Walking Wake|Protosynthesis|[silent]
|switch|p1a: Goodra|Goodra-Hisui, M|100/100
|-terastallize|p2a: Raging Bolt|Fairy
|move|p2a: Raging Bolt|Draco Meteor|p1a: Goodra
|-damage|p1a: Goodra|75/100
|-unboost|p2a: Raging Bolt|spa|2
|-enditem|p2a: Raging Bolt|Eject Pack
|
|t:|1760316063
|-end|p2a: Raging Bolt|Protosynthesis|[silent]
|switch|p2a: Dragapult|Dragapult, M, shiny|100/100
|
|upkeep
|turn|2
|
|t:|1760316072
|switch|p1a: Ninetales|Ninetales, F|100/100
|-weather|SunnyDay|[from] ability: Drought|[of] p1a: Ninetales
|move|p2a: Dragapult|Will-O-Wisp|p1a: Ninetales
|-immune|p1a: Ninetales
|
|-weather|SunnyDay|[upkeep]
|upkeep
|turn|3
|
|t:|1760316091
|switch|p1a: Walking Wake|Walking Wake|100/100
|-activate|p1a: Walking Wake|ability: Protosynthesis
|-start|p1a: Walking Wake|protosynthesisspe
|move|p2a: Dragapult|Thunder Wave|p1a: Walking Wake
|-status|p1a: Walking Wake|par
|
|-weather|SunnyDay|[upkeep]
|upkeep
|turn|4
|
|t:|1760316108
|-terastallize|p1a: Walking Wake|Water
|move|p2a: Dragapult|Draco Meteor|p1a: Walking Wake
|-damage|p1a: Walking Wake|35/100 par
|-unboost|p2a: Dragapult|spa|2
|cant|p1a: Walking Wake|par
|
|-weather|SunnyDay|[upkeep]
|upkeep
|turn|5
|
|t:|1760316120
|move|p2a: Dragapult|Hex|p1a: Walking Wake
|-damage|p1a: Walking Wake|1/100 par
|move|p1a: Walking Wake|Hydro Steam|p2a: Dragapult
|-resisted|p2a: Dragapult
|-damage|p2a: Dragapult|12/100
|
|-weather|SunnyDay|[upkeep]
|upkeep
|turn|6
|
|t:|1760316128
|-end|p1a: Walking Wake|Protosynthesis|[silent]
|switch|p1a: Goodra|Goodra-Hisui, M|75/100
|move|p2a: Dragapult|Hex|p1a: Goodra
|-damage|p1a: Goodra|69/100
|
|-weather|none
|upkeep
|turn|7
|
|t:|1760316137
|switch|p1a: Ninetales|Ninetales, F|100/100
|-weather|SunnyDay|[from] ability: Drought|[of] p1a: Ninetales
|move|p2a: Dragapult|Will-O-Wisp|p1a: Ninetales
|-immune|p1a: Ninetales
|
|-weather|SunnyDay|[upkeep]
|upkeep
|turn|8
|
|t:|1760316149
|switch|p2a: Ogerpon|Ogerpon-Wellspring, F|100/100
|move|p1a: Ninetales|Healing Wish|p1a: Ninetales
|faint|p1a: Ninetales
|
|-weather|SunnyDay|[upkeep]
|upkeep
|
|t:|1760316157
|switch|p1a: Walking Wake|Walking Wake, tera:Water|1/100 par
|-heal|p1a: Walking Wake|100/100|[from] move: Healing Wish
|-activate|p1a: Walking Wake|ability: Protosynthesis
|-start|p1a: Walking Wake|protosynthesisspe
|turn|9
|
|t:|1760316163
|move|p1a: Walking Wake|Draco Meteor|p2a: Ogerpon
|-damage|p2a: Ogerpon|0 fnt
|-unboost|p1a: Walking Wake|spa|2
|faint|p2a: Ogerpon
|
|-weather|SunnyDay|[upkeep]
|upkeep
|
|t:|1760316180
|switch|p2a: Dragapult|Dragapult, M, shiny|12/100
|turn|10
|
|t:|1760316186
|move|p1a: Walking Wake|Draco Meteor|p2a: Dragapult
|-supereffective|p2a: Dragapult
|-damage|p2a: Dragapult|0 fnt
|-unboost|p1a: Walking Wake|spa|2
|faint|p2a: Dragapult
|
|-weather|SunnyDay|[upkeep]
|upkeep
|
|t:|1760316195
|switch|p2a: Raging Bolt|Raging Bolt, tera:Fairy|100/100
|-activate|p2a: Raging Bolt|ability: Protosynthesis
|-start|p2a: Raging Bolt|protosynthesisspa
|turn|11
|
|t:|1760316203
|-end|p1a: Walking Wake|Protosynthesis|[silent]
|switch|p1a: Goodra|Goodra-Hisui, M|69/100
|move|p2a: Raging Bolt|Thunderbolt|p1a: Goodra
|-resisted|p1a: Goodra
|-damage|p1a: Goodra|57/100
|
|-weather|none
|-end|p2a: Raging Bolt|Protosynthesis
|upkeep
|turn|12
|
|t:|1760316212
|move|p2a: Raging Bolt|Tera Blast|p1a: Goodra|[anim] Tera Blast Fairy
|-damage|p1a: Goodra|41/100
|move|p1a: Goodra|Earthquake|p2a: Raging Bolt
|-damage|p2a: Raging Bolt|79/100
|
|upkeep
|turn|13
|
|t:|1760316221
|move|p2a: Raging Bolt|Tera Blast|p1a: Goodra|[anim] Tera Blast Fairy
|-damage|p1a: Goodra|24/100
|move|p1a: Goodra|Flash Cannon|p2a: Raging Bolt
|-supereffective|p2a: Raging Bolt
|-damage|p2a: Raging Bolt|28/100
|
|upkeep
|turn|14
|
|t:|1760316228
|move|p2a: Raging Bolt|Tera Blast|p1a: Goodra|[anim] Tera Blast Fairy
|-damage|p1a: Goodra|5/100
|move|p1a: Goodra|Flash Cannon|p2a: Raging Bolt
|-supereffective|p2a: Raging Bolt
|-damage|p2a: Raging Bolt|0 fnt
|faint|p2a: Raging Bolt
|-end|p2a: Raging Bolt|Protosynthesis|[silent]
|
|upkeep
|
|t:|1760316234
|switch|p2a: Ceruledge|Ceruledge, F, shiny|100/100
|turn|15
|
|t:|1760316239
|move|p2a: Ceruledge|Swords Dance|p2a: Ceruledge
|-boost|p2a: Ceruledge|atk|2
|move|p1a: Goodra|Draco Meteor|p2a: Ceruledge
|-damage|p2a: Ceruledge|44/100
|-unboost|p1a: Goodra|spa|2
|
|upkeep
|turn|16
|
|t:|1760316247
|move|p2a: Ceruledge|Bitter Blade|p1a: Goodra
|-damage|p1a: Goodra|0 fnt
|-heal|p2a: Ceruledge|47/100|[from] drain|[of] p1a: Goodra
|faint|p1a: Goodra
|
|upkeep
|
|t:|1760316255
|switch|p1a: Walking Wake|Walking Wake, tera:Water|100/100
|turn|17
|
|t:|1760316258
|move|p2a: Ceruledge|Shadow Sneak|p1a: Walking Wake
|-damage|p1a: Walking Wake|58/100
|move|p1a: Walking Wake|Hydro Steam|p2a: Ceruledge
|-supereffective|p2a: Ceruledge
|-damage|p2a: Ceruledge|0 fnt
|faint|p2a: Ceruledge
|
|upkeep
|
|t:|1760316268
|switch|p2a: Iron Treads|Iron Treads|100/100
|turn|18
|
|t:|1760316274
|move|p1a: Walking Wake|Hydro Steam|p2a: Iron Treads
|-supereffective|p2a: Iron Treads
|-damage|p2a: Iron Treads|0 fnt
|faint|p2a: Iron Treads
|-end|p2a: Iron Treads|Quark Drive|[silent]
|
|upkeep
|
|t:|1760316279
|switch|p2a: Kingambit|Kingambit, F, shiny|100/100
|-activate|p2a: Kingambit|ability: Supreme Overlord
|-start|p2a: Kingambit|fallen5|[silent]
|turn|19
|
|t:|1760316284
|move|p2a: Kingambit|Sucker Punch|p1a: Walking Wake
|-damage|p1a: Walking Wake|0 fnt
|faint|p1a: Walking Wake
|-end|p1a: Walking Wake|Protosynthesis|[silent]
|
|upkeep
|
|t:|1760316292
|switch|p1a: Great Tusk|Great Tusk|100/100
|turn|20
|c|☆AEFAA2|Gg
|c|☆qwib|cmon just kill me
|c|☆qwib|but ggs
|inactive|AEFAA2 has 120 seconds left.
|
|t:|1760316326
|move|p1a: Great Tusk|Headlong Rush|p2a: Kingambit
|-supereffective|p2a: Kingambit
|-damage|p2a: Kingambit|0 fnt
|-unboost|p1a: Great Tusk|def|1
|-unboost|p1a: Great Tusk|spd|1
|faint|p2a: Kingambit
|-end|p2a: Kingambit|fallen5|[silent]
|
|win|AEFAA2
|raw|AEFAA2's rating: 1270 &rarr; <strong>1294</strong><br />(+24 for winning)
|raw|qwib's rating: 1250 &rarr; <strong>1226</strong><br />(-24 for losing)
|l|☆qwib
|player|p2|
