|j|☆lovrdu94
|j|☆Oxymore25
|t:|1760365311
|gametype|singles
|player|p1|lovrdu94|169|1312
|player|p2|Oxymore25|102|1343
|gen|9
|tier|[Gen 9] OU
|rated|
|rule|HP Percentage Mod: HP is shown in percentages
|rule|Endless Battle Clause: Forcing endless battles is banned
|rule|Species Clause: Limit one of each Pokémon
|rule|OHKO Clause: OHKO moves are banned
|rule|Evasion Items Clause: Evasion items are banned
|rule|Evasion Moves Clause: Evasion moves are banned
|rule|Evasion Abilities Clause: Evasion abilities are banned
|rule|Sleep Moves Clause: Sleep-inducing moves are banned
|clearpoke
|poke|p1|Diancie|
|poke|p1|Staraptor, M|
|poke|p1|Volcanion|
|poke|p1|Serperior, M|
|poke|p1|Weezing-Galar, F|
|poke|p1|Gallade, M|
|poke|p2|Deoxys-Speed|
|poke|p2|Gholdengo|
|poke|p2|Iron Treads|
|poke|p2|Dragonite, M|
|poke|p2|Iron Moth|
|poke|p2|Samurott-Hisui, M|
|teampreview
|inactive|Battle timer is ON: inactive players will automatically lose when time's up. (requested by Oxymore25)
|
|t:|1760365338
|teamsize|p1|6
|teamsize|p2|6
|start
|switch|p1a: Final Gambit|Staraptor, M|100/100
|switch|p2a: Iron Treads|Iron Treads|100/100
|-enditem|p2a: Iron Treads|Booster Energy
|-activate|p2a: Iron Treads|ability: Quark Drive|[fromitem]
|-start|p2a: Iron Treads|quarkdrivespe
|turn|1
|
|t:|1760365346
|move|p2a: Iron Treads|Stealth Rock|p1a: Final Gambit
|-sidestart|p1: lovrdu94|move: Stealth Rock
|move|p1a: Final Gambit|Close Combat|p2a: Iron Treads
|-supereffective|p2a: Iron Treads
|-damage|p2a: Iron Treads|40/100
|-unboost|p1a: Final Gambit|def|1
|-unboost|p1a: Final Gambit|spd|1
|
|upkeep
|turn|2
|
|t:|1760365359
|-end|p2a: Iron Treads|Quark Drive|[silent]
|switch|p2a: Gholdengo|Gholdengo|100/100
|-item|p2a: Gholdengo|Air Balloon
|move|p1a: Final Gambit|Close Combat|p2a: Gholdengo
|-immune|p2a: Gholdengo
|
|upkeep
|turn|3
|
|t:|1760365372
|switch|p1a: Earth power|Volcanion|100/100
|-damage|p1a: Earth power|76/100|[from] Stealth Rock
|move|p2a: Gholdengo|Nasty Plot|p2a: Gholdengo
|-boost|p2a: Gholdengo|spa|2
|
|upkeep
|turn|4
|
|t:|1760365380
|move|p2a: Gholdengo|Shadow Ball|p1a: Earth power
|-damage|p1a: Earth power|19/100
|-unboost|p1a: Earth power|spd|1
|move|p1a: Earth power|Flamethrower|p2a: Gholdengo
|-supereffective|p2a: Gholdengo
|-damage|p2a: Gholdengo|0 fnt
|-enditem|p2a: Gholdengo|Air Balloon
|faint|p2a: Gholdengo
|
|upkeep
|
|t:|1760365390
|switch|p2a: Dragonite|Dragonite, M|100/100
|turn|5
|
|t:|1760365395
|switch|p1a: Flamethrower|Weezing-Galar, F|100/100
|-damage|p1a: Flamethrower|88/100|[from] Stealth Rock
|move|p2a: Dragonite|Dragon Dance|p2a: Dragonite
|-boost|p2a: Dragonite|atk|1
|-boost|p2a: Dragonite|spe|1
|
|upkeep
|turn|6
|
|t:|1760365402
|move|p2a: Dragonite|Dragon Dance|p2a: Dragonite
|-boost|p2a: Dragonite|atk|1
|-boost|p2a: Dragonite|spe|1
|move|p1a: Flamethrower|Will-O-Wisp|p2a: Dragonite|[miss]
|-miss|p1a: Flamethrower|p2a: Dragonite
|
|upkeep
|turn|7
|
|t:|1760365409
|move|p2a: Dragonite|Earthquake|p1a: Flamethrower
|-immune|p1a: Flamethrower|[from] ability: Levitate
|move|p1a: Flamethrower|Will-O-Wisp|p2a: Dragonite
|-status|p2a: Dragonite|brn
|
|-damage|p2a: Dragonite|94/100 brn|[from] brn
|upkeep
|turn|8
|
|t:|1760365419
|move|p2a: Dragonite|Dragon Dance|p2a: Dragonite
|-boost|p2a: Dragonite|atk|1
|-boost|p2a: Dragonite|spe|1
|move|p1a: Flamethrower|Defog|p2a: Dragonite
|-unboost|p2a: Dragonite|evasion|1
|-sideend|p1: lovrdu94|Stealth Rock|[from] move: Defog|[of] p1a: Flamethrower
|
|-damage|p2a: Dragonite|88/100 brn|[from] brn
|upkeep
|turn|9
|
|t:|1760365429
|-terastallize|p2a: Dragonite|Normal
|move|p2a: Dragonite|Extreme Speed|p1a: Flamethrower
|-damage|p1a: Flamethrower|42/100
|-damage|p2a: Dragonite|72/100 brn|[from] item: Rocky Helmet|[of] p1a: Flamethrower
|move|p1a: Flamethrower|Strange Steam|p2a: Dragonite
|-damage|p2a: Dragonite|45/100 brn
|
|-damage|p2a: Dragonite|39/100 brn|[from] brn
|upkeep
|turn|10
|
|t:|1760365441
|move|p2a: Dragonite|Extreme Speed|p1a: Flamethrower
|-damage|p1a: Flamethrower|1/100
|-damage|p2a: Dragonite|22/100 brn|[from] item: Rocky Helmet|[of] p1a: Flamethrower
|move|p1a: Flamethrower|Defog|p2a: Dragonite
|-unboost|p2a: Dragonite|evasion|1
|
|-damage|p2a: Dragonite|16/100 brn|[from] brn
|upkeep
|turn|11
|
|t:|1760365449
|move|p2a: Dragonite|Extreme Speed|p1a: Flamethrower
|-damage|p1a: Flamethrower|0 fnt
|-damage|p2a: Dragonite|0 fnt|[from] item: Rocky Helmet|[of] p1a: Flamethrower
|faint|p1a: Flamethrower
|faint|p2a: Dragonite
|
|upkeep
|
|t:|1760365461
|switch|p2a: Samurott|Samurott-Hisui, M|100/100
|switch|p1a: Glare|Serperior, M|100/100
|turn|12
|
|t:|1760365469
|move|p1a: Glare|Leaf Storm|p2a: Samurott
|-supereffective|p2a: Samurott
|-enditem|p2a: Samurott|Focus Sash
|-damage|p2a: Samurott|1/100
|-boost|p1a: Glare|spa|2
|move|p2a: Samurott|Ceaseless Edge|p1a: Glare
|-damage|p1a: Glare|43/100
|-sidestart|p1: lovrdu94|Spikes
|
|-heal|p1a: Glare|49/100|[from] item: Leftovers
|upkeep
|turn|13
|
|t:|1760365481
|switch|p2a: Iron Moth|Iron Moth|100/100
|-enditem|p2a: Iron Moth|Booster Energy
|-activate|p2a: Iron Moth|ability: Quark Drive|[fromitem]
|-start|p2a: Iron Moth|quarkdrivespe
|move|p1a: Glare|Leaf Storm|p2a: Iron Moth
|-resisted|p2a: Iron Moth
|-damage|p2a: Iron Moth|77/100
|-boost|p1a: Glare|spa|2
|
|-heal|p1a: Glare|55/100|[from] item: Leftovers
|upkeep
|turn|14
|
|t:|1760365491
|-terastallize|p1a: Glare|Fire
|move|p2a: Iron Moth|Fiery Dance|p1a: Glare
|-resisted|p1a: Glare
|-damage|p1a: Glare|30/100
|-boost|p2a: Iron Moth|spa|1
|move|p1a: Glare|Dragon Pulse|p2a: Iron Moth
|-damage|p2a: Iron Moth|13/100
|
|-heal|p1a: Glare|36/100|[from] item: Leftovers
|upkeep
|turn|15
|
|t:|1760365502
|move|p2a: Iron Moth|Sludge Wave|p1a: Glare
|-damage|p1a: Glare|0 fnt
|faint|p1a: Glare
|
|upkeep
|
|t:|1760365505
|switch|p1a: Stealth Rock|Diancie|100/100
|-damage|p1a: Stealth Rock|88/100|[from] Spikes
|turn|16
|
|t:|1760365511
|move|p2a: Iron Moth|Sludge Wave|p1a: Stealth Rock
|-damage|p1a: Stealth Rock|30/100
|-status|p1a: Stealth Rock|psn
|move|p1a: Stealth Rock|Trick Room|p1a: Stealth Rock
|-fieldstart|move: Trick Room|[of] p1a: Stealth Rock
|
|-damage|p1a: Stealth Rock|18/100 psn|[from] psn
|upkeep
|turn|17
|
|t:|1760365521
|move|p1a: Stealth Rock|Diamond Storm|p2a: Iron Moth
|-supereffective|p2a: Iron Moth
|-damage|p2a: Iron Moth|0 fnt
|-boost|p1a: Stealth Rock|def|2
|faint|p2a: Iron Moth
|-end|p2a: Iron Moth|Quark Drive|[silent]
|
|-damage|p1a: Stealth Rock|5/100 psn|[from] psn
|upkeep
|
|t:|1760365535
|switch|p2a: Samurott|Samurott-Hisui, M|1/100
|turn|18
|
|t:|1760365539
|move|p1a: Stealth Rock|Draining Kiss|p2a: Samurott
|-supereffective|p2a: Samurott
|-damage|p2a: Samurott|0 fnt
|-heal|p1a: Stealth Rock|6/100 psn|[from] drain|[of] p2a: Samurott
|faint|p2a: Samurott
|
|-damage|p1a: Stealth Rock|0 fnt|[from] psn
|faint|p1a: Stealth Rock
|upkeep
|
|t:|1760365553
|switch|p1a: Earth power|Volcanion|19/100
|switch|p2a: Iron Treads|Iron Treads|40/100
|-damage|p1a: Earth power|7/100|[from] Spikes
|turn|19
|
|t:|1760365563
|move|p1a: Earth power|Flamethrower|p2a: Iron Treads
|-supereffective|p2a: Iron Treads
|-damage|p2a: Iron Treads|0 fnt
|faint|p2a: Iron Treads
|-end|p2a: Iron Treads|Quark Drive|[silent]
|
|upkeep
|
|t:|1760365568
|switch|p2a: Deoxys|Deoxys-Speed|100/100
|-ability|p2a: Deoxys|Pressure
|turn|20
|
|t:|1760365575
|move|p1a: Earth power|Steam Eruption|p2a: Deoxys
|-damage|p2a: Deoxys|0 fnt
|faint|p2a: Deoxys
|
|win|lovrdu94
|raw|lovrdu94's rating: 1312 &rarr; <strong>1334</strong><br />(+22 for winning)
|raw|Oxymore25's rating: 1343 &rarr; <strong>1321</strong><br />(-22 for losing)
|l|☆lovrdu94
|player|p1|
|l|☆Oxymore25
|player|p2|
