|j|☆2002xxd
|j|☆transeuntbr
|t:|1760345752
|gametype|singles
|player|p1|2002xxd|lucas|1158
|player|p2|transeuntbr|170|1178
|gen|9
|tier|[Gen 9] OU
|rated|
|rule|HP Percentage Mod: HP is shown in percentages
|rule|Endless Battle Clause: Forcing endless battles is banned
|rule|Species Clause: Limit one of each Pokémon
|rule|OHKO Clause: OHKO moves are banned
|rule|Evasion Items Clause: Evasion items are banned
|rule|Evasion Moves Clause: Evasion moves are banned
|rule|Evasion Abilities Clause: Evasion abilities are banned
|rule|Sleep Moves Clause: Sleep-inducing moves are banned
|clearpoke
|poke|p1|Zoroark-Hisui, F|
|poke|p1|Maushold-Four|
|poke|p1|Iron Treads|
|poke|p1|Rotom-Wash|
|poke|p1|Polteageist-Antique|
|poke|p1|Flamigo, M|
|poke|p2|Corviknight, F|
|poke|p2|Gardevoir, M|
|poke|p2|Latios, M|
|poke|p2|Milotic, F|
|poke|p2|Weavile, M|
|poke|p2|Venusaur, M|
|teampreview
|
|t:|1760345765
|teamsize|p1|6
|teamsize|p2|6
|start
|switch|p1a: Flamigo|Flamigo, M, shiny|100/100
|switch|p2a: Venusaur|Venusaur, M|100/100
|turn|1
|inactive|Battle timer is ON: inactive players will automatically lose when time's up. (requested by 2002xxd)
|
|t:|1760345773
|switch|p2a: Corviknight|Corviknight, F|100/100
|move|p1a: Flamigo|Brave Bird|p2a: Corviknight
|-resisted|p2a: Corviknight
|-damage|p2a: Corviknight|80/100
|-damage|p1a: Flamigo|93/100|[from] Recoil
|
|-heal|p2a: Corviknight|86/100|[from] item: Leftovers
|upkeep
|turn|2
|
|t:|1760345784
|switch|p1a: Rotom|Rotom-Wash|100/100
|move|p2a: Corviknight|Reflect|p2a: Corviknight
|-sidestart|p2: transeuntbr|Reflect
|
|-heal|p2a: Corviknight|92/100|[from] item: Leftovers
|upkeep
|turn|3
|
|t:|1760345791
|switch|p2a: Venusaur|Venusaur, M|100/100
|move|p1a: Rotom|Volt Switch|p2a: Venusaur
|-resisted|p2a: Venusaur
|-damage|p2a: Venusaur|91/100
|
|t:|1760345797
|switch|p1a: Flamigo|Flamigo, M, shiny|93/100|[from] Volt Switch
|
|-heal|p2a: Venusaur|97/100|[from] item: Leftovers
|upkeep
|turn|4
|
|t:|1760345806
|switch|p2a: Corviknight|Corviknight, F|92/100
|move|p1a: Flamigo|Brave Bird|p2a: Corviknight
|-resisted|p2a: Corviknight
|-damage|p2a: Corviknight|81/100
|-damage|p1a: Flamigo|89/100|[from] Recoil
|
|-heal|p2a: Corviknight|87/100|[from] item: Leftovers
|upkeep
|turn|5
|
|t:|1760345816
|move|p1a: Flamigo|Brave Bird|p2a: Corviknight
|-resisted|p2a: Corviknight
|-damage|p2a: Corviknight|77/100
|-damage|p1a: Flamigo|85/100|[from] Recoil
|move|p2a: Corviknight|U-turn|p1a: Flamigo
|-resisted|p1a: Flamigo
|-damage|p1a: Flamigo|80/100
|
|t:|1760345830
|switch|p2a: Milotic|Milotic, F|100/100|[from] U-turn
|
|upkeep
|turn|6
|
|t:|1760345835
|switch|p1a: Rotom|Rotom-Wash|100/100
|move|p2a: Milotic|Scald|p1a: Rotom
|-resisted|p1a: Rotom
|-damage|p1a: Rotom|85/100
|
|-heal|p1a: Rotom|92/100|[from] item: Leftovers
|-sideend|p2: transeuntbr|Reflect
|upkeep
|turn|7
|
|t:|1760345845
|move|p2a: Milotic|Protect|p2a: Milotic
|-singleturn|p2a: Milotic|Protect
|move|p1a: Rotom|Volt Switch|p2a: Milotic
|-activate|p2a: Milotic|move: Protect
|
|-heal|p1a: Rotom|98/100|[from] item: Leftovers
|upkeep
|turn|8
|
|t:|1760345855
|switch|p2a: Venusaur|Venusaur, M|97/100
|move|p1a: Rotom|Volt Switch|p2a: Venusaur
|-resisted|p2a: Venusaur
|-damage|p2a: Venusaur|87/100
|
|t:|1760345861
|switch|p1a: Polteageist|Polteageist-Antique|100/100|[from] Volt Switch
|
|-heal|p2a: Venusaur|93/100|[from] item: Leftovers
|upkeep
|turn|9
|
|t:|1760345869
|move|p1a: Polteageist|Shell Smash|p1a: Polteageist
|-unboost|p1a: Polteageist|def|1
|-unboost|p1a: Polteageist|spd|1
|-boost|p1a: Polteageist|atk|2
|-boost|p1a: Polteageist|spa|2
|-boost|p1a: Polteageist|spe|2
|move|p2a: Venusaur|Toxic|p1a: Polteageist
|-status|p1a: Polteageist|tox
|
|-heal|p2a: Venusaur|99/100|[from] item: Leftovers
|-damage|p1a: Polteageist|94/100 tox|[from] psn
|upkeep
|turn|10
|
|t:|1760345886
|move|p1a: Polteageist|Stored Power|p2a: Venusaur
|-supereffective|p2a: Venusaur
|-damage|p2a: Venusaur|0 fnt
|faint|p2a: Venusaur
|
|-damage|p1a: Polteageist|82/100 tox|[from] psn
|upkeep
|
|t:|1760345899
|switch|p2a: Tim 1|Gardevoir, M, shiny|100/100
|-ability|p2a: Tim 1|Weak Armor|Trace|[from] ability: Trace|[of] p1a: Polteageist
|turn|11
|
|t:|1760345909
|move|p1a: Polteageist|Shadow Ball|p2a: Tim 1
|-supereffective|p2a: Tim 1
|-enditem|p2a: Tim 1|Focus Sash
|-damage|p2a: Tim 1|1/100
|move|p2a: Tim 1|Moonblast|p1a: Polteageist
|-damage|p1a: Polteageist|0 fnt
|faint|p1a: Polteageist
|
|upkeep
|
|t:|1760345927
|switch|p1a: Iron Treads|Iron Treads, shiny|100/100
|-enditem|p1a: Iron Treads|Booster Energy
|-activate|p1a: Iron Treads|ability: Quark Drive|[fromitem]
|-start|p1a: Iron Treads|quarkdrivespe
|turn|12
|
|t:|1760345939
|move|p1a: Iron Treads|Volt Switch|p2a: Tim 1
|-damage|p2a: Tim 1|0 fnt
|faint|p2a: Tim 1
|
|t:|1760345943
|-end|p1a: Iron Treads|Quark Drive|[silent]
|switch|p1a: Maushold|Maushold-Four|100/100|[from] Volt Switch
|
|upkeep
|
|t:|1760345950
|switch|p2a: Weavile|Weavile, M|100/100
|-ability|p2a: Weavile|Pressure
|turn|13
|
|t:|1760345958
|move|p1a: Maushold|Flamethrower|p2a: Weavile
|-supereffective|p2a: Weavile
|-damage|p2a: Weavile|0 fnt
|faint|p2a: Weavile
|
|upkeep
|
|t:|1760345964
|switch|p2a: Latios|Latios, M|100/100
|turn|14
|
|t:|1760345969
|switch|p1a: Rotom|Rotom-Wash|98/100
|-terastallize|p2a: Latios|Dragon
|move|p2a: Latios|Draco Meteor|p1a: Rotom
|-damage|p1a: Rotom|0 fnt
|-unboost|p2a: Latios|spa|2
|faint|p1a: Rotom
|
|upkeep
|
|t:|1760345986
|switch|p1a: Maushold|Maushold-Four|100/100
|turn|15
|
|t:|1760345991
|switch|p2a: Corviknight|Corviknight, F|77/100
|move|p1a: Maushold|Population Bomb|p2a: Corviknight
|-resisted|p2a: Corviknight
|-damage|p2a: Corviknight|73/100
|-resisted|p2a: Corviknight
|-damage|p2a: Corviknight|68/100
|-resisted|p2a: Corviknight
|-damage|p2a: Corviknight|64/100
|-resisted|p2a: Corviknight
|-damage|p2a: Corviknight|60/100
|-resisted|p2a: Corviknight
|-crit|p2a: Corviknight
|-damage|p2a: Corviknight|53/100
|-resisted|p2a: Corviknight
|-damage|p2a: Corviknight|49/100
|-resisted|p2a: Corviknight
|-damage|p2a: Corviknight|44/100
|-resisted|p2a: Corviknight
|-damage|p2a: Corviknight|40/100
|-resisted|p2a: Corviknight
|-damage|p2a: Corviknight|36/100
|-resisted|p2a: Corviknight
|-damage|p2a: Corviknight|31/100
|-hitcount|p2a: Corviknight|10
|
|-heal|p2a: Corviknight|37/100|[from] item: Leftovers
|upkeep
|turn|16
|
|t:|1760346016
|move|p1a: Maushold|Population Bomb|p2a: Corviknight
|-resisted|p2a: Corviknight
|-damage|p2a: Corviknight|33/100
|-resisted|p2a: Corviknight
|-crit|p2a: Corviknight
|-damage|p2a: Corviknight|26/100
|-resisted|p2a: Corviknight
|-damage|p2a: Corviknight|22/100
|-resisted|p2a: Corviknight
|-damage|p2a: Corviknight|17/100
|-resisted|p2a: Corviknight
|-damage|p2a: Corviknight|13/100
|-resisted|p2a: Corviknight
|-damage|p2a: Corviknight|9/100
|-resisted|p2a: Corviknight
|-damage|p2a: Corviknight|5/100
|-resisted|p2a: Corviknight
|-crit|p2a: Corviknight
|-damage|p2a: Corviknight|0 fnt
|faint|p2a: Corviknight
|-hitcount|p2: Corviknight|8
|
|upkeep
|inactive|transeuntbr has 120 seconds left.
|
|t:|1760346034
|switch|p2a: Latios|Latios, M, tera:Dragon|100/100
|turn|17
|
|t:|1760346037
|switch|p1a: Iron Treads|Iron Treads, shiny|100/100
|move|p2a: Latios|Draco Meteor|p1a: Iron Treads
|-resisted|p1a: Iron Treads
|-damage|p1a: Iron Treads|50/100
|-unboost|p2a: Latios|spa|2
|
|upkeep
|turn|18
|
|t:|1760346046
|switch|p2a: Milotic|Milotic, F|100/100
|move|p1a: Iron Treads|Iron Head|p2a: Milotic
|-resisted|p2a: Milotic
|-damage|p2a: Milotic|87/100
|
|-heal|p2a: Milotic|93/100|[from] item: Leftovers
|upkeep
|turn|19
|
|t:|1760346056
|move|p1a: Iron Treads|Volt Switch|p2a: Milotic
|-supereffective|p2a: Milotic
|-damage|p2a: Milotic|77/100
|
|t:|1760346060
|-end|p1a: Iron Treads|Quark Drive|[silent]
|switch|p1a: Flamigo|Flamigo, M, shiny|80/100|[from] Volt Switch
|move|p2a: Milotic|Scald|p1a: Flamigo
|-damage|p1a: Flamigo|40/100
|-status|p1a: Flamigo|brn
|
|-heal|p2a: Milotic|83/100|[from] item: Leftovers
|-damage|p1a: Flamigo|33/100 brn|[from] brn
|upkeep
|turn|20
|
|t:|1760346072
|move|p1a: Flamigo|Brave Bird|p2a: Milotic
|-damage|p2a: Milotic|58/100
|-damage|p1a: Flamigo|24/100 brn|[from] Recoil
|move|p2a: Milotic|Scald|p1a: Flamigo
|-damage|p1a: Flamigo|0 fnt
|faint|p1a: Flamigo
|
|-heal|p2a: Milotic|64/100|[from] item: Leftovers
|upkeep
|
|t:|1760346081
|switch|p1a: Iron Treads|Iron Treads, shiny|100/100
|turn|21
|
|t:|1760346086
|move|p1a: Iron Treads|Hyper Voice|p2a: Milotic
|-damage|p2a: Milotic|18/100
|move|p2a: Milotic|Scald|p1a: Iron Treads
|-damage|p1a: Iron Treads|48/100
|-status|p1a: Iron Treads|brn
|replace|p1a: Zoroark|Zoroark-Hisui, F
|-end|p1a: Zoroark|Illusion
|
|-heal|p2a: Milotic|24/100|[from] item: Leftovers
|-damage|p1a: Zoroark|42/100 brn|[from] brn
|upkeep
|turn|22
|
|t:|1760346098
|move|p2a: Milotic|Protect|p2a: Milotic
|-singleturn|p2a: Milotic|Protect
|move|p1a: Zoroark|Hyper Voice|p2a: Milotic
|-activate|p2a: Milotic|move: Protect
|
|-heal|p2a: Milotic|30/100|[from] item: Leftovers
|-damage|p1a: Zoroark|36/100 brn|[from] brn
|upkeep
|turn|23
|
|t:|1760346109
|switch|p2a: Latios|Latios, M, tera:Dragon|100/100
|move|p1a: Zoroark|Hyper Voice|p2a: Latios
|-damage|p2a: Latios|32/100
|
|-damage|p1a: Zoroark|30/100 brn|[from] brn
|upkeep
|turn|24
|
|t:|1760346118
|switch|p1a: Iron Treads|Iron Treads, shiny|50/100
|move|p2a: Latios|Draco Meteor|p1a: Iron Treads
|-resisted|p1a: Iron Treads
|-damage|p1a: Iron Treads|0 fnt
|-unboost|p2a: Latios|spa|2
|faint|p1a: Iron Treads
|-end|p1a: Iron Treads|Quark Drive|[silent]
|
|upkeep
|
|t:|1760346125
|switch|p1a: Maushold|Maushold-Four|100/100
|turn|25
|
|t:|1760346130
|switch|p2a: Milotic|Milotic, F|30/100
|move|p1a: Maushold|Population Bomb|p2a: Milotic
|-damage|p2a: Milotic|19/100
|-crit|p2a: Milotic
|-damage|p2a: Milotic|4/100
|-damage|p2a: Milotic|0 fnt
|faint|p2a: Milotic
|-hitcount|p2: Milotic|3
|
|upkeep
|
|t:|1760346141
|switch|p2a: Latios|Latios, M, tera:Dragon|32/100
|turn|26
|
|t:|1760346144
|switch|p1a: Maushold|Maushold-Four|30/100 brn
|move|p2a: Latios|Draco Meteor|p1a: Maushold
|-damage|p1a: Maushold|0 fnt
|-unboost|p2a: Latios|spa|2
|replace|p1a: Zoroark|Zoroark-Hisui, F
|-end|p1a: Zoroark|Illusion
|faint|p1a: Zoroark
|
|upkeep
|
|t:|1760346152
|switch|p1a: Maushold|Maushold-Four|100/100
|turn|27
|
|t:|1760346157
|-terastallize|p1a: Maushold|Normal
|move|p2a: Latios|Draco Meteor|p1a: Maushold
|-damage|p1a: Maushold|30/100
|-unboost|p2a: Latios|spa|2
|move|p1a: Maushold|Population Bomb|p2a: Latios
|-damage|p2a: Latios|10/100
|-damage|p2a: Latios|0 fnt
|faint|p2a: Latios
|-hitcount|p2: Latios|2
|
|win|2002xxd
|raw|2002xxd's rating: 1158 &rarr; <strong>1184</strong><br />(+26 for winning)
|raw|transeuntbr's rating: 1178 &rarr; <strong>1152</strong><br />(-26 for losing)
|l|☆2002xxd
|player|p1|
