|j|☆Wyketaure2
|j|☆fregene97
|t:|1760438988
|gametype|singles
|player|p1|Wyketaure2|bugsy|1398
|player|p2|fregene97|265|1430
|gen|9
|tier|[Gen 9] OU
|rated|
|rule|HP Percentage Mod: HP is shown in percentages
|rule|Endless Battle Clause: Forcing endless battles is banned
|rule|Species Clause: Limit one of each Pokémon
|rule|OHKO Clause: OHKO moves are banned
|rule|Evasion Items Clause: Evasion items are banned
|rule|Evasion Moves Clause: Evasion moves are banned
|rule|Evasion Abilities Clause: Evasion abilities are banned
|rule|Sleep Moves Clause: Sleep-inducing moves are banned
|clearpoke
|poke|p1|Walking Wake|
|poke|p1|Dragapult, F|
|poke|p1|Ogerpon-Wellspring, F|
|poke|p1|Scizor, M|
|poke|p1|Ditto|
|poke|p1|Kingambit, F|
|poke|p2|Darkrai|
|poke|p2|Great Tusk|
|poke|p2|Iron Moth|
|poke|p2|Rillaboom, F|
|poke|p2|Raging Bolt|
|poke|p2|Zamazenta-*|
|teampreview
|inactive|Battle timer is ON: inactive players will automatically lose when time's up. (requested by fregene97)
|
|t:|1760439019
|teamsize|p1|6
|teamsize|p2|6
|start
|switch|p1a: Dragapult|Dragapult, F|100/100
|switch|p2a: Darkrai|Darkrai|100/100
|turn|1
|
|t:|1760439034
|-terastallize|p2a: Darkrai|Poison
|move|p1a: Dragapult|U-turn|p2a: Darkrai
|-resisted|p2a: Darkrai
|-damage|p2a: Darkrai|79/100
|
|t:|1760439038
|switch|p1a: Kingambit|Kingambit, F|100/100|[from] U-turn
|move|p2a: Darkrai|Nasty Plot|p2a: Darkrai
|-boost|p2a: Darkrai|spa|2
|
|-heal|p2a: Darkrai|85/100|[from] item: Leftovers
|upkeep
|turn|2
|
|t:|1760439050
|move|p2a: Darkrai|Ice Beam|p1a: Kingambit
|-resisted|p1a: Kingambit
|-damage|p1a: Kingambit|68/100
|move|p1a: Kingambit|Kowtow Cleave|p2a: Darkrai
|-damage|p2a: Darkrai|18/100
|
|-heal|p2a: Darkrai|24/100|[from] item: Leftovers
|-heal|p1a: Kingambit|74/100|[from] item: Leftovers
|upkeep
|turn|3
|
|t:|1760439057
|move|p2a: Darkrai|Nasty Plot|p2a: Darkrai
|-boost|p2a: Darkrai|spa|2
|move|p1a: Kingambit|Kowtow Cleave|p2a: Darkrai
|-damage|p2a: Darkrai|0 fnt
|faint|p2a: Darkrai
|
|-heal|p1a: Kingambit|80/100|[from] item: Leftovers
|upkeep
|
|t:|1760439067
|switch|p2a: Iron Moth|Iron Moth|100/100
|-enditem|p2a: Iron Moth|Booster Energy
|-activate|p2a: Iron Moth|ability: Quark Drive|[fromitem]
|-start|p2a: Iron Moth|quarkdrivespe
|turn|4
|
|t:|1760439072
|move|p2a: Iron Moth|Substitute|p2a: Iron Moth
|-start|p2a: Iron Moth|Substitute
|-damage|p2a: Iron Moth|76/100
|move|p1a: Kingambit|Kowtow Cleave|p2a: Iron Moth
|-end|p2a: Iron Moth|Substitute
|
|-heal|p1a: Kingambit|86/100|[from] item: Leftovers
|upkeep
|turn|5
|
|t:|1760439085
|move|p2a: Iron Moth|Fiery Dance|p1a: Kingambit
|-supereffective|p1a: Kingambit
|-damage|p1a: Kingambit|2/100
|-boost|p2a: Iron Moth|spa|1
|move|p1a: Kingambit|Kowtow Cleave|p2a: Iron Moth
|-damage|p2a: Iron Moth|5/100
|
|-heal|p1a: Kingambit|8/100|[from] item: Leftovers
|upkeep
|turn|6
|
|t:|1760439092
|move|p1a: Kingambit|Sucker Punch||[still]
|-fail|p1a: Kingambit
|move|p2a: Iron Moth|Substitute|p2a: Iron Moth
|-fail|p2a: Iron Moth|move: Substitute|[weak]
|
|-heal|p1a: Kingambit|14/100|[from] item: Leftovers
|upkeep
|turn|7
|
|t:|1760439096
|move|p1a: Kingambit|Sucker Punch||[still]
|-fail|p1a: Kingambit
|move|p2a: Iron Moth|Substitute|p2a: Iron Moth
|-fail|p2a: Iron Moth|move: Substitute|[weak]
|
|-heal|p1a: Kingambit|20/100|[from] item: Leftovers
|upkeep
|turn|8
|
|t:|1760439107
|move|p1a: Kingambit|Sucker Punch|p2a: Iron Moth
|-damage|p2a: Iron Moth|0 fnt
|faint|p2a: Iron Moth
|-end|p2a: Iron Moth|Quark Drive|[silent]
|
|-heal|p1a: Kingambit|27/100|[from] item: Leftovers
|upkeep
|
|t:|1760439110
|switch|p2a: Rillaboom|Rillaboom, F|100/100
|-fieldstart|move: Grassy Terrain|[from] ability: Grassy Surge|[of] p2a: Rillaboom
|turn|9
|
|t:|1760439114
|-end|p1a: Kingambit|fallenundefined|[silent]
|switch|p1a: Scizor|Scizor, M|100/100
|move|p2a: Rillaboom|Wood Hammer|p1a: Scizor
|-resisted|p1a: Scizor
|-damage|p1a: Scizor|70/100
|-damage|p2a: Rillaboom|91/100|[from] Recoil
|-damage|p2a: Rillaboom|81/100|[from] item: Life Orb
|
|-heal|p2a: Rillaboom|88/100|[from] Grassy Terrain
|-heal|p1a: Scizor|76/100|[from] Grassy Terrain
|upkeep
|turn|10
|
|t:|1760439117
|move|p2a: Rillaboom|Knock Off|p1a: Scizor
|-damage|p1a: Scizor|28/100
|-enditem|p1a: Scizor|Choice Band|[from] move: Knock Off|[of] p2a: Rillaboom
|-damage|p2a: Rillaboom|78/100|[from] item: Life Orb
|move|p1a: Scizor|U-turn|p2a: Rillaboom
|-supereffective|p2a: Rillaboom
|-damage|p2a: Rillaboom|0 fnt
|faint|p2a: Rillaboom
|
|t:|1760439122
|switch|p1a: Dragapult|Dragapult, F|100/100|[from] U-turn
|
|upkeep
|
|t:|1760439135
|switch|p2a: Zamazenta|Zamazenta|100/100
|-ability|p2a: Zamazenta|Dauntless Shield|boost
|-boost|p2a: Zamazenta|def|1
|turn|11
|
|t:|1760439137
|move|p1a: Dragapult|Dragon Darts|p2a: Zamazenta
|-damage|p2a: Zamazenta|82/100
|-anim|p1a: Dragapult|Dragon Darts|p2a: Zamazenta
|-damage|p2a: Zamazenta|64/100
|move|p2a: Zamazenta|Crunch|p1a: Dragapult
|-supereffective|p1a: Dragapult
|-damage|p1a: Dragapult|34/100
|
|-heal|p1a: Dragapult|40/100|[from] Grassy Terrain
|-heal|p2a: Zamazenta|70/100|[from] Grassy Terrain
|-heal|p2a: Zamazenta|76/100|[from] item: Leftovers
|upkeep
|turn|12
|
|t:|1760439145
|move|p1a: Dragapult|Dragon Darts|p2a: Zamazenta
|-damage|p2a: Zamazenta|57/100
|-anim|p1a: Dragapult|Dragon Darts|p2a: Zamazenta
|-damage|p2a: Zamazenta|39/100
|move|p2a: Zamazenta|Crunch|p1a: Dragapult
|-supereffective|p1a: Dragapult
|-damage|p1a: Dragapult|0 fnt
|faint|p1a: Dragapult
|
|-heal|p2a: Zamazenta|45/100|[from] Grassy Terrain
|-heal|p2a: Zamazenta|51/100|[from] item: Leftovers
|upkeep
|
|t:|1760439150
|switch|p1a: Walking Wake|Walking Wake|100/100
|turn|13
|
|t:|1760439165
|move|p2a: Zamazenta|Body Press|p1a: Walking Wake
|-damage|p1a: Walking Wake|42/100
|move|p1a: Walking Wake|Draco Meteor|p2a: Zamazenta
|-damage|p2a: Zamazenta|0 fnt
|-unboost|p1a: Walking Wake|spa|2
|faint|p2a: Zamazenta
|
|-heal|p1a: Walking Wake|48/100|[from] Grassy Terrain
|-fieldend|move: Grassy Terrain
|upkeep
|
|t:|1760439169
|switch|p2a: Raging Bolt|Raging Bolt|100/100
|-enditem|p2a: Raging Bolt|Booster Energy
|-activate|p2a: Raging Bolt|ability: Protosynthesis|[fromitem]
|-start|p2a: Raging Bolt|protosynthesisspa
|turn|14
|
|t:|1760439172
|move|p1a: Walking Wake|Draco Meteor|p2a: Raging Bolt
|-supereffective|p2a: Raging Bolt
|-damage|p2a: Raging Bolt|0 fnt
|-unboost|p1a: Walking Wake|spa|2
|faint|p2a: Raging Bolt
|-end|p2a: Raging Bolt|Protosynthesis|[silent]
|
|upkeep
|
|t:|1760439175
|switch|p2a: Great Tusk|Great Tusk|100/100
|turn|15
|
|t:|1760439178
|-end|p1a: Walking Wake|Protosynthesis|[silent]
|switch|p1a: Scizor|Scizor, M|28/100
|move|p2a: Great Tusk|Rapid Spin|p1a: Scizor
|-resisted|p1a: Scizor
|-damage|p1a: Scizor|18/100
|-boost|p2a: Great Tusk|spe|1
|
|upkeep
|turn|16
|
|t:|1760439183
|move|p1a: Scizor|Bullet Punch|p2a: Great Tusk
|-damage|p2a: Great Tusk|73/100
|move|p2a: Great Tusk|Stealth Rock|p1a: Scizor
|-sidestart|p1: Wyketaure2|move: Stealth Rock
|
|upkeep
|turn|17
|
|t:|1760439188
|move|p1a: Scizor|Bullet Punch|p2a: Great Tusk
|-damage|p2a: Great Tusk|48/100
|move|p2a: Great Tusk|Ice Spinner|p1a: Scizor
|-resisted|p1a: Scizor
|-damage|p1a: Scizor|3/100
|
|upkeep
|turn|18
|
|t:|1760439190
|move|p1a: Scizor|Bullet Punch|p2a: Great Tusk
|-damage|p2a: Great Tusk|25/100
|move|p2a: Great Tusk|Rapid Spin|p1a: Scizor
|-resisted|p1a: Scizor
|-damage|p1a: Scizor|0 fnt
|-boost|p2a: Great Tusk|spe|1
|faint|p1a: Scizor
|
|upkeep
|
|t:|1760439193
|switch|p1a: Ditto|Ditto|100/100
|-damage|p1a: Ditto|88/100|[from] Stealth Rock
|-transform|p1a: Ditto|p2a: Great Tusk|[from] ability: Imposter
|turn|19
|
|t:|1760439198
|move|p1a: Ditto|Ice Spinner|p2a: Great Tusk
|-supereffective|p2a: Great Tusk
|-damage|p2a: Great Tusk|0 fnt
|faint|p2a: Great Tusk
|-end|p2a: Great Tusk|Protosynthesis|[silent]
|
|win|Wyketaure2
|raw|Wyketaure2's rating: 1398 &rarr; <strong>1420</strong><br />(+22 for winning)
|raw|fregene97's rating: 1430 &rarr; <strong>1408</strong><br />(-22 for losing)
|l|☆fregene97
|player|p2|
|l|☆Wyketaure2
|player|p1|
