|j|☆waha8
|j|☆WeRrsome
|t:|1760385891
|gametype|singles
|player|p1|waha8|2|1561
|player|p2|WeRrsome|170|1544
|gen|9
|tier|[Gen 9] OU
|rated|
|rule|HP Percentage Mod: HP is shown in percentages
|rule|Endless Battle Clause: Forcing endless battles is banned
|rule|Species Clause: Limit one of each Pokémon
|rule|OHKO Clause: OHKO moves are banned
|rule|Evasion Items Clause: Evasion items are banned
|rule|Evasion Moves Clause: Evasion moves are banned
|rule|Evasion Abilities Clause: Evasion abilities are banned
|rule|Sleep Moves Clause: Sleep-inducing moves are banned
|clearpoke
|poke|p1|Iron Valiant|
|poke|p1|Ninetales-Alola, F|
|poke|p1|Indeedee, M|
|poke|p1|Dragonite, F|
|poke|p1|Slowking-Galar, F|
|poke|p1|Gallade, M|
|poke|p2|Araquanid, F|
|poke|p2|Dragonite, F|
|poke|p2|Magnezone|
|poke|p2|Landorus-Therian, M|
|poke|p2|Iron Treads|
|poke|p2|Gengar, M|
|teampreview
|inactive|Battle timer is ON: inactive players will automatically lose when time's up. (requested by WeRrsome)
|
|t:|1760385898
|teamsize|p1|6
|teamsize|p2|6
|start
|switch|p1a: DeeDee|Indeedee, M|100/100
|switch|p2a: Magnezone|Magnezone|100/100
|-fieldstart|move: Psychic Terrain|[from] ability: Psychic Surge|[of] p1a: DeeDee
|turn|1
|
|t:|1760385906
|move|p1a: DeeDee|Expanding Force|p2a: Magnezone
|-resisted|p2a: Magnezone
|-damage|p2a: Magnezone|63/100
|move|p2a: Magnezone|Volt Switch|p1a: DeeDee
|-damage|p1a: DeeDee|0 fnt
|faint|p1a: DeeDee
|
|t:|1760385923
|switch|p2a: Landorus|Landorus-Therian, M|100/100|[from] Volt Switch
|
|upkeep
|
|t:|1760385926
|switch|p1a: Mavis|Ninetales-Alola, F|100/100
|-weather|Snowscape|[from] ability: Snow Warning|[of] p1a: Mavis
|turn|2
|
|t:|1760385951
|-terastallize|p2a: Landorus|Ground
|move|p2a: Landorus|Earthquake|p1a: Mavis
|-damage|p1a: Mavis|30/100
|move|p1a: Mavis|Aurora Veil|p1a: Mavis
|-sidestart|p1: waha8|move: Aurora Veil
|
|-weather|Snowscape|[upkeep]
|upkeep
|turn|3
|
|t:|1760385960
|switch|p2a: Iron Treads|Iron Treads|100/100
|switch|p1a: D-Knight|Dragonite, F|100/100
|
|-weather|Snowscape|[upkeep]
|upkeep
|turn|4
|
|t:|1760385972
|-end|p2a: Iron Treads|Quark Drive|[silent]
|switch|p2a: Landorus|Landorus-Therian, M, tera:Ground|100/100
|-ability|p2a: Landorus|Intimidate|boost
|-unboost|p1a: D-Knight|atk|1
|move|p1a: D-Knight|Dragon Dance|p1a: D-Knight
|-boost|p1a: D-Knight|atk|1
|-boost|p1a: D-Knight|spe|1
|
|-weather|Snowscape|[upkeep]
|upkeep
|turn|5
|
|t:|1760385990
|move|p2a: Landorus|U-turn|p1a: D-Knight
|-resisted|p1a: D-Knight
|-damage|p1a: D-Knight|98/100
|
|t:|1760385992
|switch|p2a: Magnezone|Magnezone|63/100|[from] U-turn
|move|p1a: D-Knight|Dragon Dance|p1a: D-Knight
|-boost|p1a: D-Knight|atk|1
|-boost|p1a: D-Knight|spe|1
|
|-weather|Snowscape|[upkeep]
|-heal|p1a: D-Knight|100/100|[from] item: Leftovers
|upkeep
|turn|6
|
|t:|1760385999
|move|p1a: D-Knight|Dragon Dance|p1a: D-Knight
|-boost|p1a: D-Knight|atk|1
|-boost|p1a: D-Knight|spe|1
|move|p2a: Magnezone|Volt Switch|p1a: D-Knight
|-damage|p1a: D-Knight|84/100
|
|t:|1760386008
|switch|p2a: Dragonite|Dragonite, F|100/100|[from] Volt Switch
|
|-weather|none
|-heal|p1a: D-Knight|90/100|[from] item: Leftovers
|upkeep
|turn|7
|
|t:|1760386014
|move|p1a: D-Knight|Extreme Speed|p2a: Dragonite
|-hint|Psychic Terrain doesn't affect Pokémon immune to Ground.
|-damage|p2a: Dragonite|78/100
|-damage|p1a: D-Knight|74/100|[from] item: Rocky Helmet|[of] p2a: Dragonite
|move|p2a: Dragonite|Dragon Tail|p1a: D-Knight|[miss]
|-miss|p2a: Dragonite|p1a: D-Knight
|
|-heal|p1a: D-Knight|80/100|[from] item: Leftovers
|upkeep
|turn|8
|
|t:|1760386022
|move|p1a: D-Knight|Extreme Speed|p2a: Dragonite
|-hint|Psychic Terrain doesn't affect Pokémon immune to Ground.
|-damage|p2a: Dragonite|36/100
|-damage|p1a: D-Knight|63/100|[from] item: Rocky Helmet|[of] p2a: Dragonite
|move|p2a: Dragonite|Dragon Tail|p1a: D-Knight
|-supereffective|p1a: D-Knight
|-damage|p1a: D-Knight|37/100
|drag|p1a: Mavis|Ninetales-Alola, F|30/100
|-weather|Snowscape|[from] ability: Snow Warning|[of] p1a: Mavis
|
|-weather|Snowscape|[upkeep]
|-fieldend|move: Psychic Terrain
|upkeep
|turn|9
|
|t:|1760386033
|switch|p2a: Iron Treads|Iron Treads|100/100
|move|p1a: Mavis|Encore||[still]
|-fail|p1a: Mavis
|
|-weather|Snowscape|[upkeep]
|-sideend|p1: waha8|move: Aurora Veil
|upkeep
|turn|10
|
|t:|1760386062
|-end|p2a: Iron Treads|Quark Drive|[silent]
|switch|p2a: Araquanid|Araquanid, F|100/100
|move|p1a: Mavis|Aurora Veil|p1a: Mavis
|-sidestart|p1: waha8|move: Aurora Veil
|
|-weather|Snowscape|[upkeep]
|upkeep
|turn|11
|
|t:|1760386068
|move|p1a: Mavis|Freeze-Dry|p2a: Araquanid
|-supereffective|p2a: Araquanid
|-crit|p2a: Araquanid
|-damage|p2a: Araquanid|42/100
|move|p2a: Araquanid|Sticky Web|p1a: Mavis
|-sidestart|p1: waha8|move: Sticky Web
|
|-weather|Snowscape|[upkeep]
|upkeep
|turn|12
|
|t:|1760386077
|move|p1a: Mavis|Freeze-Dry|p2a: Araquanid
|-supereffective|p2a: Araquanid
|-damage|p2a: Araquanid|0 fnt
|faint|p2a: Araquanid
|
|-weather|none
|upkeep
|
|t:|1760386081
|switch|p2a: Landorus|Landorus-Therian, M, tera:Ground|100/100
|-ability|p2a: Landorus|Intimidate|boost
|-unboost|p1a: Mavis|atk|1
|turn|13
|
|t:|1760386085
|switch|p1a: D-Knight|Dragonite, F|37/100
|move|p2a: Landorus|U-turn|p1a: D-Knight
|-resisted|p1a: D-Knight
|-damage|p1a: D-Knight|31/100
|
|t:|1760386089
|switch|p2a: Gengar|Gengar, M|100/100|[from] U-turn
|
|-heal|p1a: D-Knight|38/100|[from] item: Leftovers
|upkeep
|turn|14
|
|t:|1760386094
|move|p2a: Gengar|Shadow Ball|p1a: D-Knight
|-damage|p1a: D-Knight|9/100
|move|p1a: D-Knight|Earthquake|p2a: Gengar
|-supereffective|p2a: Gengar
|-damage|p2a: Gengar|0 fnt
|faint|p2a: Gengar
|
|-heal|p1a: D-Knight|15/100|[from] item: Leftovers
|upkeep
|
|t:|1760386118
|switch|p2a: Landorus|Landorus-Therian, M, tera:Ground|100/100
|-ability|p2a: Landorus|Intimidate|boost
|-unboost|p1a: D-Knight|atk|1
|turn|15
|
|t:|1760386122
|move|p1a: D-Knight|Extreme Speed|p2a: Landorus
|-damage|p2a: Landorus|78/100
|move|p2a: Landorus|Stone Edge|p1a: D-Knight|[miss]
|-miss|p2a: Landorus|p1a: D-Knight
|
|-heal|p1a: D-Knight|22/100|[from] item: Leftovers
|upkeep
|turn|16
|
|t:|1760386132
|switch|p1a: Mavis|Ninetales-Alola, F|30/100
|-activate|p1a: Mavis|move: Sticky Web
|-unboost|p1a: Mavis|spe|1
|-weather|Snowscape|[from] ability: Snow Warning|[of] p1a: Mavis
|move|p2a: Landorus|Stone Edge|p1a: Mavis|[miss]
|-miss|p2a: Landorus|p1a: Mavis
|
|-weather|Snowscape|[upkeep]
|upkeep
|turn|17
|
|t:|1760386141
|move|p2a: Landorus|Stone Edge|p1a: Mavis
|-supereffective|p1a: Mavis
|-damage|p1a: Mavis|0 fnt
|faint|p1a: Mavis
|
|-weather|Snowscape|[upkeep]
|-sideend|p1: waha8|move: Aurora Veil
|upkeep
|
|t:|1760386152
|switch|p1a: Lee|Gallade, M|100/100
|-activate|p1a: Lee|move: Sticky Web
|-unboost|p1a: Lee|spe|1
|turn|18
|
|t:|1760386156
|switch|p2a: Dragonite|Dragonite, F|36/100
|move|p1a: Lee|Agility|p1a: Lee
|-boost|p1a: Lee|spe|2
|
|-weather|Snowscape|[upkeep]
|upkeep
|turn|19
|
|t:|1760386163
|move|p1a: Lee|Psycho Cut|p2a: Dragonite
|-crit|p2a: Dragonite
|-damage|p2a: Dragonite|0 fnt
|faint|p2a: Dragonite
|-damage|p1a: Lee|91/100|[from] item: Life Orb
|
|-weather|Snowscape|[upkeep]
|upkeep
|
|t:|1760386173
|switch|p2a: Landorus|Landorus-Therian, M, tera:Ground|78/100
|-ability|p2a: Landorus|Intimidate|boost
|-unboost|p1a: Lee|atk|1
|turn|20
|
|t:|1760386179
|-terastallize|p1a: Lee|Grass
|move|p2a: Landorus|U-turn|p1a: Lee
|-supereffective|p1a: Lee
|-damage|p1a: Lee|8/100
|
|t:|1760386201
|switch|p2a: Magnezone|Magnezone|63/100|[from] U-turn
|move|p1a: Lee|Leaf Blade|p2a: Magnezone
|-resisted|p2a: Magnezone
|-damage|p2a: Magnezone|34/100
|-damage|p1a: Lee|0 fnt|[from] item: Life Orb
|faint|p1a: Lee
|
|-weather|none
|upkeep
|
|t:|1760386209
|switch|p1a: SageOfSixPaths|Slowking-Galar, F|100/100
|-activate|p1a: SageOfSixPaths|move: Sticky Web
|-unboost|p1a: SageOfSixPaths|spe|1
|turn|21
|
|t:|1760386213
|move|p2a: Magnezone|Volt Switch|p1a: SageOfSixPaths
|-damage|p1a: SageOfSixPaths|56/100
|
|t:|1760386216
|switch|p2a: Iron Treads|Iron Treads|100/100|[from] Volt Switch
|move|p1a: SageOfSixPaths|Trick Room|p1a: SageOfSixPaths
|-fieldstart|move: Trick Room|[of] p1a: SageOfSixPaths
|
|upkeep
|turn|22
|
|t:|1760386225
|move|p1a: SageOfSixPaths|Fire Blast|p2a: Iron Treads
|-supereffective|p2a: Iron Treads
|-damage|p2a: Iron Treads|46/100
|-status|p2a: Iron Treads|brn
|-damage|p1a: SageOfSixPaths|46/100|[from] item: Life Orb
|move|p2a: Iron Treads|Knock Off|p1a: SageOfSixPaths
|-supereffective|p1a: SageOfSixPaths
|-damage|p1a: SageOfSixPaths|20/100
|-enditem|p1a: SageOfSixPaths|Life Orb|[from] move: Knock Off|[of] p2a: Iron Treads
|
|-damage|p2a: Iron Treads|39/100 brn|[from] brn
|upkeep
|turn|23
|
|t:|1760386236
|move|p1a: SageOfSixPaths|Fire Blast|p2a: Iron Treads
|-supereffective|p2a: Iron Treads
|-damage|p2a: Iron Treads|0 fnt
|faint|p2a: Iron Treads
|-end|p2a: Iron Treads|Quark Drive|[silent]
|
|upkeep
|
|t:|1760386238
|switch|p2a: Magnezone|Magnezone|34/100
|turn|24
|
|t:|1760386242
|move|p1a: SageOfSixPaths|Fire Blast|p2a: Magnezone|[miss]
|-miss|p1a: SageOfSixPaths|p2a: Magnezone
|move|p2a: Magnezone|Volt Switch|p1a: SageOfSixPaths
|-damage|p1a: SageOfSixPaths|0 fnt
|faint|p1a: SageOfSixPaths
|
|t:|1760386245
|switch|p2a: Landorus|Landorus-Therian, M, tera:Ground|78/100|[from] Volt Switch
|
|upkeep
|
|t:|1760386256
|switch|p1a: Iron Guardian|Iron Valiant|100/100
|-activate|p1a: Iron Guardian|move: Sticky Web
|-unboost|p1a: Iron Guardian|spe|1
|-enditem|p1a: Iron Guardian|Booster Energy
|-activate|p1a: Iron Guardian|ability: Quark Drive|[fromitem]
|-start|p1a: Iron Guardian|quarkdriveatk
|turn|25
|
|t:|1760386276
|switch|p2a: Magnezone|Magnezone|34/100
|move|p1a: Iron Guardian|Close Combat|p2a: Magnezone
|-supereffective|p2a: Magnezone
|-damage|p2a: Magnezone|0 fnt
|-unboost|p1a: Iron Guardian|def|1
|-unboost|p1a: Iron Guardian|spd|1
|faint|p2a: Magnezone
|
|-fieldend|move: Trick Room
|upkeep
|
|t:|1760386280
|switch|p2a: Landorus|Landorus-Therian, M, tera:Ground|78/100
|-ability|p2a: Landorus|Intimidate|boost
|-unboost|p1a: Iron Guardian|atk|1
|turn|26
|
|t:|1760386291
|-end|p1a: Iron Guardian|Quark Drive|[silent]
|switch|p1a: D-Knight|Dragonite, F|22/100
|move|p2a: Landorus|Stone Edge|p1a: D-Knight
|-supereffective|p1a: D-Knight
|-damage|p1a: D-Knight|0 fnt
|faint|p1a: D-Knight
|
|upkeep
|
|t:|1760386297
|switch|p1a: Iron Guardian|Iron Valiant|100/100
|-activate|p1a: Iron Guardian|move: Sticky Web
|-unboost|p1a: Iron Guardian|spe|1
|turn|27
|
|t:|1760386301
|move|p2a: Landorus|Stone Edge|p1a: Iron Guardian
|-resisted|p1a: Iron Guardian
|-damage|p1a: Iron Guardian|75/100
|move|p1a: Iron Guardian|Swords Dance|p1a: Iron Guardian
|-boost|p1a: Iron Guardian|atk|2
|
|upkeep
|turn|28
|
|t:|1760386307
|move|p2a: Landorus|Stone Edge|p1a: Iron Guardian
|-resisted|p1a: Iron Guardian
|-damage|p1a: Iron Guardian|51/100
|move|p1a: Iron Guardian|Knock Off|p2a: Landorus
|-damage|p2a: Landorus|2/100
|-enditem|p2a: Landorus|Choice Scarf|[from] move: Knock Off|[of] p1a: Iron Guardian
|
|upkeep
|turn|29
|
|t:|1760386314
|move|p2a: Landorus|Earthquake|p1a: Iron Guardian
|-damage|p1a: Iron Guardian|0 fnt
|faint|p1a: Iron Guardian
|-end|p1a: Iron Guardian|Quark Drive|[silent]
|
|win|WeRrsome
|raw|waha8's rating: 1561 &rarr; <strong>1540</strong><br />(-21 for losing)
|raw|WeRrsome's rating: 1544 &rarr; <strong>1565</strong><br />(+21 for winning)
|l|☆waha8
|player|p1|
|l|☆WeRrsome
|player|p2|
