|j|☆Blank_Playe_pract
|j|☆310YM4N74N3R0
|t:|1760337503
|gametype|singles
|player|p1|Blank_Playe_pract|170|1569
|player|p2|310YM4N74N3R0|pokemonrangerf|1615
|gen|9
|tier|[Gen 9] OU
|rated|
|rule|HP Percentage Mod: HP is shown in percentages
|rule|Endless Battle Clause: Forcing endless battles is banned
|rule|Species Clause: Limit one of each Pokémon
|rule|OHKO Clause: OHKO moves are banned
|rule|Evasion Items Clause: Evasion items are banned
|rule|Evasion Moves Clause: Evasion moves are banned
|rule|Evasion Abilities Clause: Evasion abilities are banned
|rule|Sleep Moves Clause: Sleep-inducing moves are banned
|clearpoke
|poke|p1|Salazzle, F|
|poke|p1|Gholdengo|
|poke|p1|Moltres|
|poke|p1|Great Tusk|
|poke|p1|Dragonite, F|
|poke|p1|Kyurem|
|poke|p2|Yanmega, F|
|poke|p2|Indeedee, M|
|poke|p2|Rillaboom, F|
|poke|p2|Blaziken, M|
|poke|p2|Blastoise, M|
|poke|p2|Tyranitar, F|
|teampreview
|inactive|Battle timer is ON: inactive players will automatically lose when time's up. (requested by Blank_Playe_pract)
|
|t:|1760337527
|teamsize|p1|6
|teamsize|p2|6
|start
|switch|p1a: Salazzle|Salazzle, F|100/100
|switch|p2a: Blaziken|Blaziken, M|100/100
|-item|p1a: Salazzle|Air Balloon
|turn|1
|
|t:|1760337533
|move|p1a: Salazzle|Toxic Spikes|p2a: Blaziken
|-sidestart|p2: 310YM4N74N3R0|move: Toxic Spikes
|move|p2a: Blaziken|Close Combat|p1a: Salazzle
|-resisted|p1a: Salazzle
|-damage|p1a: Salazzle|53/100
|-unboost|p2a: Blaziken|def|1
|-unboost|p2a: Blaziken|spd|1
|-enditem|p1a: Salazzle|Air Balloon
|
|-ability|p2a: Blaziken|Speed Boost|boost
|-boost|p2a: Blaziken|spe|1
|upkeep
|turn|2
|
|t:|1760337539
|move|p2a: Blaziken|Earthquake|p1a: Salazzle
|-supereffective|p1a: Salazzle
|-damage|p1a: Salazzle|0 fnt
|faint|p1a: Salazzle
|
|-ability|p2a: Blaziken|Speed Boost|boost
|-boost|p2a: Blaziken|spe|1
|upkeep
|
|t:|1760337543
|switch|p1a: Great Tusk|Great Tusk|100/100
|turn|3
|
|t:|1760337547
|move|p2a: Blaziken|Swords Dance|p2a: Blaziken
|-boost|p2a: Blaziken|atk|2
|move|p1a: Great Tusk|Stealth Rock|p2a: Blaziken
|-sidestart|p2: 310YM4N74N3R0|move: Stealth Rock
|
|-ability|p2a: Blaziken|Speed Boost|boost
|-boost|p2a: Blaziken|spe|1
|upkeep
|turn|4
|
|t:|1760337553
|move|p2a: Blaziken|Earthquake|p1a: Great Tusk
|-damage|p1a: Great Tusk|57/100
|move|p1a: Great Tusk|Headlong Rush|p2a: Blaziken
|-supereffective|p2a: Blaziken
|-enditem|p2a: Blaziken|Focus Sash
|-damage|p2a: Blaziken|1/100
|-unboost|p1a: Great Tusk|def|1
|-unboost|p1a: Great Tusk|spd|1
|
|-ability|p2a: Blaziken|Speed Boost|boost
|-boost|p2a: Blaziken|spe|1
|upkeep
|turn|5
|
|t:|1760337560
|-end|p1a: Great Tusk|Protosynthesis|[silent]
|switch|p1a: Moltres|Moltres|100/100
|move|p2a: Blaziken|Earthquake|p1a: Moltres
|-immune|p1a: Moltres
|
|-ability|p2a: Blaziken|Speed Boost|boost
|-boost|p2a: Blaziken|spe|1
|upkeep
|turn|6
|
|t:|1760337564
|move|p2a: Blaziken|Close Combat|p1a: Moltres
|-resisted|p1a: Moltres
|-damage|p1a: Moltres|53/100
|-unboost|p2a: Blaziken|def|1
|-unboost|p2a: Blaziken|spd|1
|move|p1a: Moltres|U-turn|p2a: Blaziken
|-resisted|p2a: Blaziken
|-damage|p2a: Blaziken|0 fnt
|faint|p2a: Blaziken
|
|t:|1760337569
|switch|p1a: Gholdengo|Gholdengo|100/100|[from] U-turn
|
|upkeep
|
|t:|1760337576
|switch|p2a: Blastoise|Blastoise, M|100/100
|-status|p2a: Blastoise|psn
|-damage|p2a: Blastoise|88/100 psn|[from] Stealth Rock
|turn|7
|
|t:|1760337580
|move|p1a: Gholdengo|Hex|p2a: Blastoise
|-damage|p2a: Blastoise|18/100 psn
|move|p2a: Blastoise|Shell Smash|p2a: Blastoise
|-unboost|p2a: Blastoise|def|1
|-unboost|p2a: Blastoise|spd|1
|-boost|p2a: Blastoise|atk|2
|-boost|p2a: Blastoise|spa|2
|-boost|p2a: Blastoise|spe|2
|
|-damage|p2a: Blastoise|6/100 psn|[from] psn
|upkeep
|turn|8
|
|t:|1760337588
|switch|p1a: Great Tusk|Great Tusk|57/100
|move|p2a: Blastoise|Hydro Pump|p1a: Great Tusk
|-supereffective|p1a: Great Tusk
|-damage|p1a: Great Tusk|0 fnt
|faint|p1a: Great Tusk
|-end|p1a: Great Tusk|Protosynthesis|[silent]
|-damage|p2a: Blastoise|0 fnt|[from] item: Life Orb
|faint|p2a: Blastoise
|
|upkeep
|
|t:|1760337607
|switch|p1a: Moltres|Moltres|53/100
|switch|p2a: Yanmega|Yanmega, F|100/100
|-damage|p2a: Yanmega|51/100|[from] Stealth Rock
|turn|9
|
|t:|1760337614
|move|p2a: Yanmega|Air Slash|p1a: Moltres
|-damage|p1a: Moltres|15/100
|cant|p1a: Moltres|flinch
|
|-ability|p2a: Yanmega|Speed Boost|boost
|-boost|p2a: Yanmega|spe|1
|upkeep
|turn|10
|
|t:|1760337619
|move|p2a: Yanmega|Air Slash|p1a: Moltres
|-damage|p1a: Moltres|0 fnt
|faint|p1a: Moltres
|
|-ability|p2a: Yanmega|Speed Boost|boost
|-boost|p2a: Yanmega|spe|1
|upkeep
|
|t:|1760337628
|switch|p1a: Kyurem|Kyurem|100/100
|-ability|p1a: Kyurem|Pressure
|turn|11
|
|t:|1760337638
|move|p2a: Yanmega|Air Slash|p1a: Kyurem
|-damage|p1a: Kyurem|62/100
|cant|p1a: Kyurem|flinch
|
|-ability|p2a: Yanmega|Speed Boost|boost
|-boost|p2a: Yanmega|spe|1
|upkeep
|turn|12
|
|t:|1760337644
|move|p2a: Yanmega|Bug Buzz|p1a: Kyurem
|-damage|p1a: Kyurem|14/100
|-enditem|p2a: Yanmega|Throat Spray
|-boost|p2a: Yanmega|spa|1|[from] item: Throat Spray
|move|p1a: Kyurem|Ice Beam|p2a: Yanmega
|-supereffective|p2a: Yanmega
|-damage|p2a: Yanmega|0 fnt
|faint|p2a: Yanmega
|
|upkeep
|
|t:|1760337659
|switch|p2a: Tyranitar|Tyranitar, F, shiny|100/100
|-status|p2a: Tyranitar|psn
|-damage|p2a: Tyranitar|88/100 psn|[from] Stealth Rock
|-weather|Sandstorm|[from] ability: Sand Stream|[of] p2a: Tyranitar
|turn|13
|
|t:|1760337662
|move|p1a: Kyurem|Ice Beam|p2a: Tyranitar
|-damage|p2a: Tyranitar|58/100 psn
|move|p2a: Tyranitar|Dragon Dance|p2a: Tyranitar
|-boost|p2a: Tyranitar|atk|1
|-boost|p2a: Tyranitar|spe|1
|
|-weather|Sandstorm|[upkeep]
|-damage|p1a: Kyurem|8/100|[from] Sandstorm
|-damage|p2a: Tyranitar|46/100 psn|[from] psn
|upkeep
|turn|14
|
|t:|1760337669
|move|p1a: Kyurem|Ice Beam|p2a: Tyranitar
|-damage|p2a: Tyranitar|17/100 psn
|-enditem|p2a: Tyranitar|Salac Berry|[eat]
|-boost|p2a: Tyranitar|spe|1|[from] item: Salac Berry
|move|p2a: Tyranitar|Iron Head|p1a: Kyurem
|-supereffective|p1a: Kyurem
|-damage|p1a: Kyurem|0 fnt
|faint|p1a: Kyurem
|
|-weather|Sandstorm|[upkeep]
|-damage|p2a: Tyranitar|5/100 psn|[from] psn
|upkeep
|
|t:|1760337679
|switch|p1a: Dragonite|Dragonite, F|100/100
|turn|15
|
|t:|1760337684
|move|p1a: Dragonite|Extreme Speed|p2a: Tyranitar
|-resisted|p2a: Tyranitar
|-damage|p2a: Tyranitar|0 fnt
|faint|p2a: Tyranitar
|
|-weather|Sandstorm|[upkeep]
|-damage|p1a: Dragonite|94/100|[from] Sandstorm
|upkeep
|
|t:|1760337688
|switch|p2a: Indeedee|Indeedee, M|100/100
|-status|p2a: Indeedee|psn
|-damage|p2a: Indeedee|88/100 psn|[from] Stealth Rock
|-fieldstart|move: Psychic Terrain|[from] ability: Psychic Surge|[of] p2a: Indeedee
|turn|16
|
|t:|1760337692
|move|p2a: Indeedee|Expanding Force|p1a: Dragonite
|-damage|p1a: Dragonite|8/100
|move|p1a: Dragonite|Dragon Dance|p1a: Dragonite
|-boost|p1a: Dragonite|atk|1
|-boost|p1a: Dragonite|spe|1
|
|-weather|Sandstorm|[upkeep]
|-damage|p2a: Indeedee|82/100 psn|[from] Sandstorm
|-damage|p1a: Dragonite|1/100|[from] Sandstorm
|-damage|p2a: Indeedee|70/100 psn|[from] psn
|upkeep
|turn|17
|
|t:|1760337708
|move|p2a: Indeedee|Expanding Force|p1a: Dragonite
|-damage|p1a: Dragonite|0 fnt
|faint|p1a: Dragonite
|
|-weather|none
|-damage|p2a: Indeedee|58/100 psn|[from] psn
|upkeep
|
|t:|1760337713
|switch|p1a: Gholdengo|Gholdengo|100/100
|turn|18
|
|t:|1760337721
|move|p2a: Indeedee|Expanding Force|p1a: Gholdengo
|-resisted|p1a: Gholdengo
|-damage|p1a: Gholdengo|58/100
|move|p1a: Gholdengo|Dazzling Gleam|p2a: Indeedee
|-damage|p2a: Indeedee|22/100 psn
|
|-damage|p2a: Indeedee|10/100 psn|[from] psn
|upkeep
|turn|19
|
|t:|1760337727
|move|p2a: Indeedee|Expanding Force|p1a: Gholdengo
|-resisted|p1a: Gholdengo
|-damage|p1a: Gholdengo|11/100
|move|p1a: Gholdengo|Dazzling Gleam|p2a: Indeedee
|-damage|p2a: Indeedee|0 fnt
|faint|p2a: Indeedee
|
|upkeep
|
|t:|1760337730
|switch|p2a: Rillaboom|Rillaboom, F|100/100
|-status|p2a: Rillaboom|psn
|-damage|p2a: Rillaboom|88/100 psn|[from] Stealth Rock
|-fieldstart|move: Grassy Terrain|[from] ability: Grassy Surge|[of] p2a: Rillaboom
|-enditem|p2a: Rillaboom|Grassy Seed
|-boost|p2a: Rillaboom|def|1|[from] item: Grassy Seed
|turn|20
|c|☆Blank_Playe_pract|ggwp
|
|t:|1760337736
|move|p2a: Rillaboom|Grassy Glide|p1a: Gholdengo
|-resisted|p1a: Gholdengo
|-damage|p1a: Gholdengo|0 fnt
|faint|p1a: Gholdengo
|
|win|310YM4N74N3R0
|raw|Blank_Playe_pract's rating: 1569 &rarr; <strong>1552</strong><br />(-17 for losing)
|raw|310YM4N74N3R0's rating: 1615 &rarr; <strong>1632</strong><br />(+17 for winning)
|l|☆Blank_Playe_pract
|player|p1|
|l|☆310YM4N74N3R0
|player|p2|
