|j|☆bfbqpalym
|j|☆LonelySxNner
|t:|1760346265
|gametype|singles
|player|p1|bfbqpalym|169|1440
|player|p2|LonelySxNner|picnicker|1427
|gen|9
|tier|[Gen 9] OU
|rated|
|rule|HP Percentage Mod: HP is shown in percentages
|rule|Endless Battle Clause: Forcing endless battles is banned
|rule|Species Clause: Limit one of each Pokémon
|rule|OHKO Clause: OHKO moves are banned
|rule|Evasion Items Clause: Evasion items are banned
|rule|Evasion Moves Clause: Evasion moves are banned
|rule|Evasion Abilities Clause: Evasion abilities are banned
|rule|Sleep Moves Clause: Sleep-inducing moves are banned
|clearpoke
|poke|p1|Ceruledge, M|
|poke|p1|Raging Bolt|
|poke|p1|Dragonite, M|
|poke|p1|Great Tusk|
|poke|p1|Samurott-Hisui, M|
|poke|p1|Gholdengo|
|poke|p2|Meloetta|
|poke|p2|Volcanion|
|poke|p2|Ceruledge, F|
|poke|p2|Grimmsnarl, M|
|poke|p2|Zoroark-Hisui, M|
|poke|p2|Slither Wing|
|teampreview
|inactive|Battle timer is ON: inactive players will automatically lose when time's up. (requested by bfbqpalym)
|l|☆LonelySxNner
|inactive|LonelySxNner disconnected and has a minute to reconnect!
|player|p2|
|j|☆LonelySxNner
|inactive|LonelySxNner reconnected and has 130 seconds left.
|player|p2|LonelySxNner|picnicker|
|inactive|LonelySxNner has 120 seconds left.
|
|t:|1760346309
|teamsize|p1|6
|teamsize|p2|6
|start
|switch|p1a: Samurott|Samurott-Hisui, M|100/100
|switch|p2a: Grimmsnarl|Grimmsnarl, M|100/100
|turn|1
|
|t:|1760346316
|move|p2a: Grimmsnarl|Reflect|p2a: Grimmsnarl
|-sidestart|p2: LonelySxNner|Reflect
|move|p1a: Samurott|Ceaseless Edge|p2a: Grimmsnarl
|-resisted|p2a: Grimmsnarl
|-damage|p2a: Grimmsnarl|94/100
|-sidestart|p2: LonelySxNner|Spikes
|
|upkeep
|turn|2
|
|t:|1760346323
|move|p2a: Grimmsnarl|Light Screen|p2a: Grimmsnarl
|-sidestart|p2: LonelySxNner|move: Light Screen
|move|p1a: Samurott|Ceaseless Edge|p2a: Grimmsnarl
|-resisted|p2a: Grimmsnarl
|-damage|p2a: Grimmsnarl|88/100
|-sidestart|p2: LonelySxNner|Spikes
|
|upkeep
|turn|3
|
|t:|1760346329
|switch|p2a: Slither Wing|Slither Wing|100/100
|-damage|p2a: Slither Wing|84/100|[from] Spikes
|-enditem|p2a: Slither Wing|Booster Energy
|-activate|p2a: Slither Wing|ability: Protosynthesis|[fromitem]
|-start|p2a: Slither Wing|protosynthesisatk
|move|p1a: Samurott|Knock Off|p2a: Slither Wing
|-resisted|p2a: Slither Wing
|-damage|p2a: Slither Wing|74/100
|
|upkeep
|turn|4
|
|t:|1760346343
|move|p1a: Samurott|Ceaseless Edge|p2a: Slither Wing
|-resisted|p2a: Slither Wing
|-damage|p2a: Slither Wing|60/100
|-sidestart|p2: LonelySxNner|Spikes
|move|p2a: Slither Wing|Bulk Up|p2a: Slither Wing
|-boost|p2a: Slither Wing|atk|1
|-boost|p2a: Slither Wing|def|1
|
|upkeep
|turn|5
|
|t:|1760346351
|move|p1a: Samurott|Razor Shell|p2a: Slither Wing
|-damage|p2a: Slither Wing|39/100
|move|p2a: Slither Wing|Bulk Up|p2a: Slither Wing
|-boost|p2a: Slither Wing|atk|1
|-boost|p2a: Slither Wing|def|1
|
|upkeep
|turn|6
|
|t:|1760346356
|move|p1a: Samurott|Razor Shell|p2a: Slither Wing
|-damage|p2a: Slither Wing|24/100
|move|p2a: Slither Wing|Leech Life|p1a: Samurott
|-supereffective|p1a: Samurott
|-enditem|p1a: Samurott|Focus Sash
|-damage|p1a: Samurott|1/100
|-heal|p2a: Slither Wing|75/100|[from] drain|[of] p1a: Samurott
|
|upkeep
|turn|7
|
|t:|1760346364
|move|p1a: Samurott|Razor Shell|p2a: Slither Wing
|-damage|p2a: Slither Wing|59/100
|-unboost|p2a: Slither Wing|def|1
|move|p2a: Slither Wing|Flame Charge|p1a: Samurott
|-resisted|p1a: Samurott
|-damage|p1a: Samurott|0 fnt
|-boost|p2a: Slither Wing|spe|1
|faint|p1a: Samurott
|
|upkeep
|
|t:|1760346382
|switch|p1a: Raging Bolt|Raging Bolt|100/100
|-enditem|p1a: Raging Bolt|Booster Energy
|-activate|p1a: Raging Bolt|ability: Protosynthesis|[fromitem]
|-start|p1a: Raging Bolt|protosynthesisspa
|turn|8
|
|t:|1760346386
|move|p1a: Raging Bolt|Thunderclap|p2a: Slither Wing
|-damage|p2a: Slither Wing|31/100
|move|p2a: Slither Wing|Leech Life|p1a: Raging Bolt
|-damage|p1a: Raging Bolt|3/100
|-heal|p2a: Slither Wing|92/100|[from] drain|[of] p1a: Raging Bolt
|
|-sideend|p2: LonelySxNner|Reflect
|upkeep
|turn|9
|
|t:|1760346392
|move|p1a: Raging Bolt|Thunderclap|p2a: Slither Wing
|-crit|p2a: Slither Wing
|-damage|p2a: Slither Wing|16/100
|move|p2a: Slither Wing|Flame Charge|p1a: Raging Bolt
|-resisted|p1a: Raging Bolt
|-damage|p1a: Raging Bolt|0 fnt
|-boost|p2a: Slither Wing|spe|1
|faint|p1a: Raging Bolt
|-end|p1a: Raging Bolt|Protosynthesis|[silent]
|
|-sideend|p2: LonelySxNner|move: Light Screen
|upkeep
|
|t:|1760346398
|switch|p1a: Ceruledge|Ceruledge, M|100/100
|turn|10
|
|t:|1760346404
|-terastallize|p2a: Slither Wing|Fire
|move|p2a: Slither Wing|Acrobatics|p1a: Ceruledge
|-enditem|p1a: Ceruledge|Focus Sash
|-damage|p1a: Ceruledge|1/100
|-ability|p1a: Ceruledge|Weak Armor|boost
|-unboost|p1a: Ceruledge|def|1
|-boost|p1a: Ceruledge|spe|2
|move|p1a: Ceruledge|Swords Dance|p1a: Ceruledge
|-boost|p1a: Ceruledge|atk|2
|
|upkeep
|turn|11
|
|t:|1760346424
|move|p1a: Ceruledge|Poltergeist||[still]
|-fail|p1a: Ceruledge
|move|p2a: Slither Wing|Flame Charge|p1a: Ceruledge
|-resisted|p1a: Ceruledge
|-damage|p1a: Ceruledge|0 fnt
|-boost|p2a: Slither Wing|spe|1
|faint|p1a: Ceruledge
|
|upkeep
|
|t:|1760346433
|switch|p1a: Dragonite|Dragonite, M|100/100
|turn|12
|
|t:|1760346436
|move|p1a: Dragonite|Extreme Speed|p2a: Slither Wing
|-damage|p2a: Slither Wing|0 fnt
|faint|p2a: Slither Wing
|-end|p2a: Slither Wing|Protosynthesis|[silent]
|
|upkeep
|
|t:|1760346442
|switch|p2a: Grimmsnarl|Grimmsnarl, M|88/100
|-damage|p2a: Grimmsnarl|63/100|[from] Spikes
|turn|13
|
|t:|1760346451
|switch|p1a: Gholdengo|Gholdengo|100/100
|-item|p1a: Gholdengo|Air Balloon
|move|p2a: Grimmsnarl|Taunt|p1a: Gholdengo
|-immune|p1a: Gholdengo|[from] ability: Good as Gold
|
|upkeep
|turn|14
|
|t:|1760346455
|move|p2a: Grimmsnarl|Light Screen|p2a: Grimmsnarl
|-sidestart|p2: LonelySxNner|move: Light Screen
|move|p1a: Gholdengo|Make It Rain|p2a: Grimmsnarl
|-supereffective|p2a: Grimmsnarl
|-damage|p2a: Grimmsnarl|7/100
|-unboost|p1a: Gholdengo|spa|1
|
|upkeep
|turn|15
|
|t:|1760346462
|move|p2a: Grimmsnarl|Reflect|p2a: Grimmsnarl
|-sidestart|p2: LonelySxNner|Reflect
|move|p1a: Gholdengo|Nasty Plot|p1a: Gholdengo
|-boost|p1a: Gholdengo|spa|2
|
|upkeep
|turn|16
|
|t:|1760346467
|switch|p2a: Best girl|Meloetta, shiny|100/100
|-damage|p2a: Best girl|76/100|[from] Spikes
|move|p1a: Gholdengo|Shadow Ball|p2a: Best girl
|-immune|p2a: Best girl
|
|upkeep
|turn|17
|
|t:|1760346472
|move|p2a: Best girl|Psychic|p1a: Gholdengo
|-resisted|p1a: Gholdengo
|-damage|p1a: Gholdengo|75/100
|-enditem|p1a: Gholdengo|Air Balloon
|move|p1a: Gholdengo|Make It Rain|p2a: Best girl
|-damage|p2a: Best girl|36/100
|-unboost|p1a: Gholdengo|spa|1
|
|upkeep
|turn|18
|
|t:|1760346481
|switch|p2a: Grimmsnarl|Grimmsnarl, M|7/100
|-damage|p2a: Grimmsnarl|0 fnt|[from] Spikes
|faint|p2a: Grimmsnarl
|move|p1a: Gholdengo|Make It Rain|p2: Grimmsnarl|[notarget]
|-fail|p1a: Gholdengo
|
|upkeep
|
|t:|1760346484
|switch|p2a: Best girl|Meloetta, shiny|100/100
|-damage|p2a: Best girl|76/100|[from] Spikes
|turn|19
|
|t:|1760346491
|move|p2a: Best girl|Shadow Ball|p1a: Gholdengo
|-supereffective|p1a: Gholdengo
|-damage|p1a: Gholdengo|0 fnt
|faint|p1a: Gholdengo
|
|upkeep
|
|t:|1760346496
|switch|p1a: Dragonite|Dragonite, M|100/100
|turn|20
|
|t:|1760346501
|switch|p2a: Best girl|Meloetta, shiny|36/100
|-damage|p2a: Best girl|11/100|[from] Spikes
|-terastallize|p1a: Dragonite|Normal
|move|p1a: Dragonite|Dragon Dance|p1a: Dragonite
|-boost|p1a: Dragonite|atk|1
|-boost|p1a: Dragonite|spe|1
|
|upkeep
|turn|21
|
|t:|1760346510
|move|p1a: Dragonite|Extreme Speed|p2a: Best girl
|-damage|p2a: Best girl|0 fnt
|faint|p2a: Best girl
|
|-sideend|p2: LonelySxNner|move: Light Screen
|upkeep
|
|t:|1760346512
|switch|p2a: Volcanion|Volcanion|100/100
|-damage|p2a: Volcanion|76/100|[from] Spikes
|turn|22
|
|t:|1760346524
|move|p1a: Dragonite|Dragon Dance|p1a: Dragonite
|-boost|p1a: Dragonite|atk|1
|-boost|p1a: Dragonite|spe|1
|move|p2a: Volcanion|Haze|p2a: Volcanion
|-clearallboost
|
|-heal|p2a: Volcanion|82/100|[from] item: Leftovers
|-sideend|p2: LonelySxNner|Reflect
|upkeep
|turn|23
|
|t:|1760346530
|move|p1a: Dragonite|Earthquake|p2a: Volcanion
|-supereffective|p2a: Volcanion
|-damage|p2a: Volcanion|17/100
|move|p2a: Volcanion|Steam Eruption|p1a: Dragonite
|-damage|p1a: Dragonite|68/100
|
|-heal|p2a: Volcanion|23/100|[from] item: Leftovers
|upkeep
|turn|24
|
|t:|1760346534
|move|p1a: Dragonite|Earthquake|p2a: Volcanion
|-supereffective|p2a: Volcanion
|-damage|p2a: Volcanion|0 fnt
|faint|p2a: Volcanion
|
|upkeep
|
|t:|1760346540
|switch|p2a: Ceruledge|Ceruledge, F|100/100
|-damage|p2a: Ceruledge|76/100|[from] Spikes
|turn|25
|
|t:|1760346546
|move|p2a: Ceruledge|Iron Defense|p2a: Ceruledge
|-boost|p2a: Ceruledge|def|2
|move|p1a: Dragonite|Earthquake|p2a: Ceruledge
|-supereffective|p2a: Ceruledge
|-damage|p2a: Ceruledge|22/100
|-ability|p2a: Ceruledge|Weak Armor|boost
|-unboost|p2a: Ceruledge|def|1
|-boost|p2a: Ceruledge|spe|2
|-enditem|p2a: Ceruledge|Weakness Policy
|-boost|p2a: Ceruledge|atk|2|[from] item: Weakness Policy
|-boost|p2a: Ceruledge|spa|2|[from] item: Weakness Policy
|
|upkeep
|turn|26
|
|t:|1760346553
|move|p2a: Ceruledge|Bitter Blade|p1a: Dragonite
|-damage|p1a: Dragonite|0 fnt
|-heal|p2a: Ceruledge|60/100|[from] drain|[of] p1a: Dragonite
|faint|p1a: Dragonite
|
|upkeep
|
|t:|1760346555
|switch|p1a: Great Tusk|Great Tusk|100/100
|turn|27
|inactive|bfbqpalym has 120 seconds left.
|
|t:|1760346606
|move|p2a: Ceruledge|Bitter Blade|p1a: Great Tusk
|-damage|p1a: Great Tusk|26/100
|-heal|p2a: Ceruledge|100/100|[from] drain|[of] p1a: Great Tusk
|move|p1a: Great Tusk|Headlong Rush|p2a: Ceruledge
|-supereffective|p2a: Ceruledge
|-damage|p2a: Ceruledge|0 fnt
|-unboost|p1a: Great Tusk|def|1
|-unboost|p1a: Great Tusk|spd|1
|faint|p2a: Ceruledge
|
|upkeep
|
|t:|1760346609
|switch|p2a: Zoroark|Zoroark-Hisui, M|76/100
|-damage|p2a: Zoroark|51/100|[from] Spikes
|turn|28
|
|t:|1760346618
|move|p2a: Zoroark|Shadow Ball|p1a: Great Tusk
|-damage|p1a: Great Tusk|0 fnt
|faint|p1a: Great Tusk
|-end|p1a: Great Tusk|Protosynthesis|[silent]
|
|win|LonelySxNner
|raw|bfbqpalym's rating: 1440 &rarr; <strong>1419</strong><br />(-21 for losing)
|raw|LonelySxNner's rating: 1427 &rarr; <strong>1448</strong><br />(+21 for winning)
|l|☆bfbqpalym
|player|p1|
|l|☆LonelySxNner
|player|p2|
