|j|☆IJFAWE
|j|☆HiDreigon176
|t:|1760299638
|gametype|singles
|player|p1|IJFAWE|scientist-gen4dp|1130
|player|p2|HiDreigon176|cynthia-gen4|1184
|gen|9
|tier|[Gen 9] OU
|rated|
|rule|HP Percentage Mod: HP is shown in percentages
|rule|Endless Battle Clause: Forcing endless battles is banned
|rule|Species Clause: Limit one of each Pokémon
|rule|OHKO Clause: OHKO moves are banned
|rule|Evasion Items Clause: Evasion items are banned
|rule|Evasion Moves Clause: Evasion moves are banned
|rule|Evasion Abilities Clause: Evasion abilities are banned
|rule|Sleep Moves Clause: Sleep-inducing moves are banned
|clearpoke
|poke|p1|Electivire, F|
|poke|p1|Alomomola, M|
|poke|p1|Dragapult, F|
|poke|p1|Hydrapple, F|
|poke|p1|Great Tusk|
|poke|p1|Goodra-Hisui, M|
|poke|p2|Alomomola, F|
|poke|p2|Slowking-Galar, M|
|poke|p2|Ceruledge, M|
|poke|p2|Scizor, F|
|poke|p2|Darkrai|
|poke|p2|Great Tusk|
|teampreview
|
|t:|1760299645
|teamsize|p1|6
|teamsize|p2|6
|start
|switch|p1a: Great Tusk|Great Tusk|100/100
|switch|p2a: Darkrai|Darkrai|100/100
|turn|1
|
|t:|1760299651
|-end|p1a: Great Tusk|Protosynthesis|[silent]
|switch|p1a: Goodra|Goodra-Hisui, M|100/100
|move|p2a: Darkrai|Ice Beam|p1a: Goodra
|-damage|p1a: Goodra|84/100
|
|upkeep
|turn|2
|
|t:|1760299667
|switch|p2a: Great Tusk|Great Tusk|100/100
|-enditem|p2a: Great Tusk|Booster Energy
|-activate|p2a: Great Tusk|ability: Protosynthesis|[fromitem]
|-start|p2a: Great Tusk|protosynthesisatk
|move|p1a: Goodra|Knock Off|p2a: Great Tusk
|-resisted|p2a: Great Tusk
|-damage|p2a: Great Tusk|94/100
|
|upkeep
|turn|3
|
|t:|1760299681
|switch|p1a: Alomomola|Alomomola, M|100/100
|move|p2a: Great Tusk|Rapid Spin|p1a: Alomomola
|-damage|p1a: Alomomola|89/100
|-boost|p2a: Great Tusk|spe|1
|
|upkeep
|turn|4
|
|t:|1760299689
|-end|p2a: Great Tusk|Protosynthesis|[silent]
|switch|p2a: Slowking|Slowking-Galar, M|100/100
|move|p1a: Alomomola|Scald|p2a: Slowking
|-damage|p2a: Slowking|93/100
|
|-heal|p2a: Slowking|99/100|[from] item: Black Sludge
|upkeep
|turn|5
|
|t:|1760299699
|switch|p1a: Great Tusk|Great Tusk|100/100
|move|p2a: Slowking|Future Sight|p1a: Great Tusk
|-start|p2a: Slowking|move: Future Sight
|
|-heal|p2a: Slowking|100/100|[from] item: Black Sludge
|upkeep
|turn|6
|inactive|Battle timer is ON: inactive players will automatically lose when time's up. (requested by IJFAWE)
|
|t:|1760299711
|move|p1a: Great Tusk|Stealth Rock|p2a: Slowking
|-sidestart|p2: HiDreigon176|move: Stealth Rock
|-prepare|p2a: Slowking|Chilly Reception|[premajor]
|move|p2a: Slowking|Chilly Reception|p2a: Slowking
|-weather|Snowscape
|
|t:|1760299730
|switch|p2a: Darkrai|Darkrai|100/100|[from] Chilly Reception
|-damage|p2a: Darkrai|88/100|[from] Stealth Rock
|
|-weather|Snowscape|[upkeep]
|upkeep
|turn|7
|
|t:|1760299738
|-end|p1a: Great Tusk|Protosynthesis|[silent]
|switch|p1a: Goodra|Goodra-Hisui, M|84/100
|-terastallize|p2a: Darkrai|Fighting
|move|p2a: Darkrai|Tera Blast|p1a: Goodra|[anim] Tera Blast Fighting
|-supereffective|p1a: Goodra
|-damage|p1a: Goodra|38/100
|
|-weather|Snowscape|[upkeep]
|-end|p1a: Goodra|move: Future Sight
|-resisted|p1a: Goodra
|-damage|p1a: Goodra|29/100
|upkeep
|turn|8
|
|t:|1760299757
|switch|p2a: Scizor|Scizor, F|100/100
|-damage|p2a: Scizor|88/100|[from] Stealth Rock
|switch|p1a: Dragapult|Dragapult, F|100/100
|
|-weather|Snowscape|[upkeep]
|upkeep
|turn|9
|
|t:|1760299773
|switch|p2a: Slowking|Slowking-Galar, M|100/100
|-damage|p2a: Slowking|88/100|[from] Stealth Rock
|move|p1a: Dragapult|Flamethrower|p2a: Slowking
|-damage|p2a: Slowking|63/100
|
|-weather|Snowscape|[upkeep]
|-heal|p2a: Slowking|69/100|[from] item: Black Sludge
|upkeep
|turn|10
|
|t:|1760299784
|switch|p1a: Great Tusk|Great Tusk|100/100
|move|p2a: Slowking|Toxic|p1a: Great Tusk
|-status|p1a: Great Tusk|tox
|
|-weather|none
|-heal|p2a: Slowking|76/100|[from] item: Black Sludge
|-damage|p1a: Great Tusk|94/100 tox|[from] psn
|upkeep
|turn|11
|
|t:|1760299794
|switch|p2a: Alomomola|Alomomola, F|100/100
|-damage|p2a: Alomomola|88/100|[from] Stealth Rock
|move|p1a: Great Tusk|Headlong Rush|p2a: Alomomola
|-damage|p2a: Alomomola|54/100
|-unboost|p1a: Great Tusk|def|1
|-unboost|p1a: Great Tusk|spd|1
|-damage|p1a: Great Tusk|78/100 tox|[from] item: Rocky Helmet|[of] p2a: Alomomola
|
|-damage|p1a: Great Tusk|65/100 tox|[from] psn
|upkeep
|turn|12
|
|t:|1760299814
|-end|p1a: Great Tusk|Protosynthesis|[silent]
|switch|p1a: Alomomola|Alomomola, M|100/100
|move|p2a: Alomomola|Wish|p2a: Alomomola
|
|upkeep
|turn|13
|
|t:|1760299829
|switch|p2a: Slowking|Slowking-Galar, M|100/100
|-damage|p2a: Slowking|88/100|[from] Stealth Rock
|move|p1a: Alomomola|Wish|p1a: Alomomola
|
|-heal|p2a: Slowking|100/100|[from] move: Wish|[wisher] Alomomola
|upkeep
|turn|14
|
|t:|1760299841
|move|p1a: Alomomola|Flip Turn|p2a: Slowking
|-damage|p2a: Slowking|83/100
|
|t:|1760299844
|switch|p1a: Goodra|Goodra-Hisui, M|29/100|[from] Flip Turn
|-prepare|p2a: Slowking|Chilly Reception|[premajor]
|move|p2a: Slowking|Chilly Reception|p2a: Slowking
|-weather|Snowscape
|
|t:|1760299850
|switch|p2a: Great Tusk|Great Tusk|94/100|[from] Chilly Reception
|-damage|p2a: Great Tusk|91/100|[from] Stealth Rock
|
|-weather|Snowscape|[upkeep]
|-heal|p1a: Goodra|100/100|[from] move: Wish|[wisher] Alomomola
|upkeep
|turn|15
|
|t:|1760299863
|switch|p1a: Alomomola|Alomomola, M|100/100
|move|p2a: Great Tusk|Headlong Rush|p1a: Alomomola
|-damage|p1a: Alomomola|64/100
|-unboost|p2a: Great Tusk|def|1
|-unboost|p2a: Great Tusk|spd|1
|
|-weather|Snowscape|[upkeep]
|upkeep
|turn|16
|
|t:|1760299873
|-end|p2a: Great Tusk|Protosynthesis|[silent]
|switch|p2a: Slowking|Slowking-Galar, M|100/100
|-damage|p2a: Slowking|88/100|[from] Stealth Rock
|move|p1a: Alomomola|Flip Turn|p2a: Slowking
|-damage|p2a: Slowking|73/100
|
|t:|1760299880
|switch|p1a: Electivire|Electivire, F|100/100|[from] Flip Turn
|
|-weather|Snowscape|[upkeep]
|-heal|p2a: Slowking|79/100|[from] item: Black Sludge
|upkeep
|turn|17
|
|t:|1760299889
|move|p1a: Electivire|Earthquake|p2a: Slowking
|-supereffective|p2a: Slowking
|-damage|p2a: Slowking|2/100
|-damage|p1a: Electivire|91/100|[from] item: Life Orb
|move|p2a: Slowking|Future Sight|p1a: Electivire
|-start|p2a: Slowking|move: Future Sight
|
|-weather|Snowscape|[upkeep]
|-heal|p2a: Slowking|8/100|[from] item: Black Sludge
|upkeep
|turn|18
|
|t:|1760299898
|switch|p2a: Great Tusk|Great Tusk|91/100
|-damage|p2a: Great Tusk|88/100|[from] Stealth Rock
|move|p1a: Electivire|Thunderbolt|p2a: Great Tusk
|-immune|p2a: Great Tusk
|
|-weather|none
|upkeep
|turn|19
|
|t:|1760299909
|switch|p1a: Alomomola|Alomomola, M|97/100
|move|p2a: Great Tusk|Rapid Spin|p1a: Alomomola
|-damage|p1a: Alomomola|89/100
|-boost|p2a: Great Tusk|spe|1
|-sideend|p2: HiDreigon176|Stealth Rock|[from] move: Rapid Spin|[of] p2a: Great Tusk
|
|-end|p1a: Alomomola|move: Future Sight
|-damage|p1a: Alomomola|36/100
|upkeep
|turn|20
|
|t:|1760299923
|switch|p1a: Hydrapple|Hydrapple, F|100/100
|move|p2a: Great Tusk|Headlong Rush|p1a: Hydrapple
|-resisted|p1a: Hydrapple
|-damage|p1a: Hydrapple|84/100
|-unboost|p2a: Great Tusk|def|1
|-unboost|p2a: Great Tusk|spd|1
|
|upkeep
|turn|21
|
|t:|1760299935
|move|p2a: Great Tusk|Ice Spinner|p1a: Hydrapple
|-supereffective|p1a: Hydrapple
|-damage|p1a: Hydrapple|21/100
|move|p1a: Hydrapple|Fickle Beam|p2a: Great Tusk|[anim] Fickle Beam All Out
|-activate|p1a: Hydrapple|move: Fickle Beam
|-damage|p2a: Great Tusk|0 fnt
|faint|p2a: Great Tusk
|-end|p2a: Great Tusk|Protosynthesis|[silent]
|
|upkeep
|
|t:|1760299944
|switch|p2a: Scizor|Scizor, F|88/100
|turn|22
|
|t:|1760299954
|switch|p1a: Alomomola|Alomomola, M|69/100
|move|p2a: Scizor|U-turn|p1a: Alomomola
|-damage|p1a: Alomomola|43/100
|-damage|p2a: Scizor|78/100|[from] item: Life Orb
|
|t:|1760299963
|switch|p2a: Darkrai|Darkrai, tera:Fighting|88/100|[from] U-turn
|
|upkeep
|turn|23
|
|t:|1760299972
|switch|p1a: Goodra|Goodra-Hisui, M|100/100
|move|p2a: Darkrai|Dark Pulse|p1a: Goodra
|-damage|p1a: Goodra|76/100
|
|upkeep
|turn|24
|
|t:|1760299986
|switch|p2a: Ceruledge|Ceruledge, M|100/100
|-terastallize|p1a: Goodra|Fairy
|move|p1a: Goodra|Draco Meteor|p2a: Ceruledge
|-damage|p2a: Ceruledge|47/100
|-unboost|p1a: Goodra|spa|2
|
|upkeep
|turn|25
|
|t:|1760300014
|switch|p1a: Dragapult|Dragapult, F|100/100
|move|p2a: Ceruledge|Bitter Blade|p1a: Dragapult
|-resisted|p1a: Dragapult
|-damage|p1a: Dragapult|72/100
|-heal|p2a: Ceruledge|62/100|[from] drain|[of] p1a: Dragapult
|
|upkeep
|turn|26
|
|t:|1760300022
|move|p2a: Ceruledge|Shadow Sneak|p1a: Dragapult
|-supereffective|p1a: Dragapult
|-damage|p1a: Dragapult|20/100
|move|p1a: Dragapult|Shadow Ball|p2a: Ceruledge
|-supereffective|p2a: Ceruledge
|-damage|p2a: Ceruledge|0 fnt
|faint|p2a: Ceruledge
|
|upkeep
|
|t:|1760300030
|switch|p2a: Scizor|Scizor, F|78/100
|turn|27
|
|t:|1760300033
|switch|p1a: Alomomola|Alomomola, M|76/100
|move|p2a: Scizor|Bullet Punch|p1a: Alomomola
|-resisted|p1a: Alomomola
|-damage|p1a: Alomomola|63/100
|-damage|p2a: Scizor|68/100|[from] item: Life Orb
|
|upkeep
|turn|28
|
|t:|1760300041
|move|p2a: Scizor|U-turn|p1a: Alomomola
|-damage|p1a: Alomomola|37/100
|-damage|p2a: Scizor|59/100|[from] item: Life Orb
|
|t:|1760300045
|switch|p2a: Darkrai|Darkrai, tera:Fighting|88/100|[from] U-turn
|move|p1a: Alomomola|Flip Turn|p2a: Darkrai
|-damage|p2a: Darkrai|67/100
|
|t:|1760300052
|switch|p1a: Dragapult|Dragapult, F|20/100|[from] Flip Turn
|
|upkeep
|turn|29
|
|t:|1760300058
|switch|p2a: Scizor|Scizor, F|59/100
|move|p1a: Dragapult|Shadow Ball|p2a: Scizor
|-damage|p2a: Scizor|0 fnt
|faint|p2a: Scizor
|
|upkeep
|-message|HiDreigon176 forfeited.
|
|win|IJFAWE
|raw|IJFAWE's rating: 1154 &rarr; <strong>1181</strong><br />(+27 for winning)
|raw|HiDreigon176's rating: 1184 &rarr; <strong>1157</strong><br />(-27 for losing)
|l|☆HiDreigon176
|player|p2|
