|j|☆johnlee17
|j|☆drunk asgore
|t:|1760339457
|gametype|singles
|player|p1|johnlee17|2|1417
|player|p2|drunk asgore|gentleman-gen4|1451
|gen|9
|tier|[Gen 9] OU
|rated|
|rule|HP Percentage Mod: HP is shown in percentages
|rule|Endless Battle Clause: Forcing endless battles is banned
|rule|Species Clause: Limit one of each Pokémon
|rule|OHKO Clause: OHKO moves are banned
|rule|Evasion Items Clause: Evasion items are banned
|rule|Evasion Moves Clause: Evasion moves are banned
|rule|Evasion Abilities Clause: Evasion abilities are banned
|rule|Sleep Moves Clause: Sleep-inducing moves are banned
|clearpoke
|poke|p1|Zarude|
|poke|p1|Raging Bolt|
|poke|p1|Moltres|
|poke|p1|Iron Valiant|
|poke|p1|Scizor, F|
|poke|p1|Tentacruel, M|
|poke|p2|Hoopa-Unbound|
|poke|p2|Garganacl, M|
|poke|p2|Slowking-Galar, F|
|poke|p2|Ogerpon-Wellspring, F|
|poke|p2|Great Tusk|
|poke|p2|Dragonite, F|
|teampreview
|c|☆drunk asgore|glhf
|inactive|Battle timer is ON: inactive players will automatically lose when time's up. (requested by johnlee17)
|
|t:|1760339486
|teamsize|p1|6
|teamsize|p2|6
|start
|switch|p1a: Moltres|Moltres|100/100
|switch|p2a: Hoopa|Hoopa-Unbound|100/100
|turn|1
|
|t:|1760339492
|switch|p2a: Garganacl|Garganacl, M|100/100
|move|p1a: Moltres|U-turn|p2a: Garganacl
|-damage|p2a: Garganacl|91/100
|
|t:|1760339503
|switch|p1a: Zarude|Zarude|100/100|[from] U-turn
|
|-heal|p2a: Garganacl|97/100|[from] item: Leftovers
|upkeep
|turn|2
|
|t:|1760339512
|move|p2a: Garganacl|Protect|p2a: Garganacl
|-singleturn|p2a: Garganacl|Protect
|move|p1a: Zarude|Power Whip|p2a: Garganacl
|-activate|p2a: Garganacl|move: Protect
|
|-heal|p2a: Garganacl|100/100|[from] item: Leftovers
|upkeep
|turn|3
|
|t:|1760339516
|switch|p2a: Slowking|Slowking-Galar, F|100/100
|move|p1a: Zarude|Knock Off|p2a: Slowking
|-supereffective|p2a: Slowking
|-damage|p2a: Slowking|0 fnt
|-enditem|p2a: Slowking|Shuca Berry|[from] move: Knock Off|[of] p1a: Zarude
|faint|p2a: Slowking
|
|upkeep
|
|t:|1760339528
|switch|p2a: Great Tusk|Great Tusk|100/100
|turn|4
|
|t:|1760339532
|move|p1a: Zarude|Power Whip|p2a: Great Tusk|[miss]
|-miss|p1a: Zarude|p2a: Great Tusk
|move|p2a: Great Tusk|Rapid Spin|p1a: Zarude
|-damage|p1a: Zarude|86/100
|-boost|p2a: Great Tusk|spe|1
|
|upkeep
|turn|5
|
|t:|1760339539
|switch|p1a: Moltres|Moltres|100/100
|move|p2a: Great Tusk|Close Combat|p1a: Moltres
|-resisted|p1a: Moltres
|-damage|p1a: Moltres|70/100
|-unboost|p2a: Great Tusk|def|1
|-unboost|p2a: Great Tusk|spd|1
|
|upkeep
|turn|6
|
|t:|1760339551
|-end|p2a: Great Tusk|Protosynthesis|[silent]
|switch|p2a: Garganacl|Garganacl, M|100/100
|move|p1a: Moltres|Fire Blast|p2a: Garganacl
|-resisted|p2a: Garganacl
|-damage|p2a: Garganacl|80/100
|
|-heal|p2a: Garganacl|87/100|[from] item: Leftovers
|upkeep
|turn|7
|
|t:|1760339564
|move|p1a: Moltres|U-turn|p2a: Garganacl
|-crit|p2a: Garganacl
|-damage|p2a: Garganacl|73/100
|
|t:|1760339568
|switch|p1a: Zarude|Zarude|86/100|[from] U-turn
|move|p2a: Garganacl|Salt Cure|p1a: Zarude
|-damage|p1a: Zarude|73/100
|-start|p1a: Zarude|Salt Cure
|
|-heal|p2a: Garganacl|79/100|[from] item: Leftovers
|-damage|p1a: Zarude|60/100|[from] Salt Cure
|upkeep
|turn|8
|
|t:|1760339578
|move|p1a: Zarude|Knock Off|p2a: Garganacl
|-damage|p2a: Garganacl|49/100
|-enditem|p2a: Garganacl|Leftovers|[from] move: Knock Off|[of] p1a: Zarude
|move|p2a: Garganacl|Recover|p2a: Garganacl
|-heal|p2a: Garganacl|99/100
|
|-damage|p1a: Zarude|48/100|[from] Salt Cure
|upkeep
|turn|9
|
|t:|1760339584
|move|p1a: Zarude|Power Whip|p2a: Garganacl|[miss]
|-miss|p1a: Zarude|p2a: Garganacl
|move|p2a: Garganacl|Stealth Rock|p1a: Zarude
|-sidestart|p1: johnlee17|move: Stealth Rock
|
|-damage|p1a: Zarude|35/100|[from] Salt Cure
|upkeep
|turn|10
|
|t:|1760339592
|move|p1a: Zarude|U-turn|p2a: Garganacl
|-damage|p2a: Garganacl|85/100
|
|t:|1760339596
|switch|p1a: Tentacruel|Tentacruel, M|100/100|[from] U-turn
|-damage|p1a: Tentacruel|88/100|[from] Stealth Rock
|move|p2a: Garganacl|Recover|p2a: Garganacl
|-heal|p2a: Garganacl|100/100
|
|upkeep
|turn|11
|
|t:|1760339606
|move|p1a: Tentacruel|Rapid Spin|p2a: Garganacl
|-resisted|p2a: Garganacl
|-damage|p2a: Garganacl|98/100
|-boost|p1a: Tentacruel|spe|1
|-sideend|p1: johnlee17|Stealth Rock|[from] move: Rapid Spin|[of] p1a: Tentacruel
|move|p2a: Garganacl|Salt Cure|p1a: Tentacruel
|-damage|p1a: Tentacruel|64/100
|-start|p1a: Tentacruel|Salt Cure
|
|-damage|p1a: Tentacruel|39/100|[from] Salt Cure
|upkeep
|turn|12
|
|t:|1760339619
|move|p1a: Tentacruel|Surf|p2a: Garganacl
|-supereffective|p2a: Garganacl
|-damage|p2a: Garganacl|56/100
|move|p2a: Garganacl|Stealth Rock|p1a: Tentacruel
|-sidestart|p1: johnlee17|move: Stealth Rock
|
|-damage|p1a: Tentacruel|14/100|[from] Salt Cure
|upkeep
|turn|13
|
|t:|1760339624
|move|p1a: Tentacruel|Rapid Spin|p2a: Garganacl
|-resisted|p2a: Garganacl
|-damage|p2a: Garganacl|53/100
|-boost|p1a: Tentacruel|spe|1
|-sideend|p1: johnlee17|Stealth Rock|[from] move: Rapid Spin|[of] p1a: Tentacruel
|move|p2a: Garganacl|Recover|p2a: Garganacl
|-heal|p2a: Garganacl|100/100
|
|-damage|p1a: Tentacruel|0 fnt|[from] Salt Cure
|faint|p1a: Tentacruel
|upkeep
|
|t:|1760339639
|switch|p1a: Iron Valiant|Iron Valiant|100/100
|-enditem|p1a: Iron Valiant|Booster Energy
|-activate|p1a: Iron Valiant|ability: Quark Drive|[fromitem]
|-start|p1a: Iron Valiant|quarkdrivespe
|turn|14
|
|t:|1760339646
|move|p1a: Iron Valiant|Close Combat|p2a: Garganacl
|-supereffective|p2a: Garganacl
|-crit|p2a: Garganacl
|-damage|p2a: Garganacl|0 fnt
|-unboost|p1a: Iron Valiant|def|1
|-unboost|p1a: Iron Valiant|spd|1
|faint|p2a: Garganacl
|
|upkeep
|inactive|drunk asgore has 120 seconds left.
|
|t:|1760339677
|switch|p2a: Hoopa|Hoopa-Unbound|100/100
|turn|15
|
|t:|1760339687
|-terastallize|p2a: Hoopa|Fairy
|move|p1a: Iron Valiant|Spirit Break|p2a: Hoopa
|-damage|p2a: Hoopa|25/100
|-unboost|p2a: Hoopa|spa|1
|move|p2a: Hoopa|Psychic Noise|p1a: Iron Valiant
|-supereffective|p1a: Iron Valiant
|-damage|p1a: Iron Valiant|0 fnt
|faint|p1a: Iron Valiant
|-end|p1a: Iron Valiant|Quark Drive|[silent]
|
|-heal|p2a: Hoopa|31/100|[from] item: Leftovers
|upkeep
|
|t:|1760339699
|switch|p1a: Scizor|Scizor, F|100/100
|turn|16
|
|t:|1760339704
|switch|p2a: Great Tusk|Great Tusk|100/100
|move|p1a: Scizor|Dual Wingbeat|p2a: Great Tusk
|-supereffective|p2a: Great Tusk
|-damage|p2a: Great Tusk|69/100
|-supereffective|p2a: Great Tusk
|-damage|p2a: Great Tusk|40/100
|-hitcount|p2a: Great Tusk|2
|
|upkeep
|turn|17
|
|t:|1760339714
|move|p2a: Great Tusk|Close Combat|p1a: Scizor
|-damage|p1a: Scizor|45/100
|-unboost|p2a: Great Tusk|def|1
|-unboost|p2a: Great Tusk|spd|1
|move|p1a: Scizor|Dual Wingbeat|p2a: Great Tusk
|-supereffective|p2a: Great Tusk
|-damage|p2a: Great Tusk|0 fnt
|faint|p2a: Great Tusk
|-end|p2a: Great Tusk|Protosynthesis|[silent]
|-hitcount|p2: Great Tusk|1
|
|upkeep
|
|t:|1760339717
|switch|p2a: Dragonite|Dragonite, F|100/100
|turn|18
|
|t:|1760339726
|move|p2a: Dragonite|Dragon Dance|p2a: Dragonite
|-boost|p2a: Dragonite|atk|1
|-boost|p2a: Dragonite|spe|1
|move|p1a: Scizor|U-turn|p2a: Dragonite
|-resisted|p2a: Dragonite
|-damage|p2a: Dragonite|89/100
|
|t:|1760339731
|switch|p1a: Raging Bolt|Raging Bolt|100/100|[from] U-turn
|
|upkeep
|turn|19
|
|t:|1760339737
|-terastallize|p1a: Raging Bolt|Fairy
|move|p2a: Dragonite|Earthquake|p1a: Raging Bolt
|-damage|p1a: Raging Bolt|54/100
|move|p1a: Raging Bolt|Draco Meteor|p2a: Dragonite
|-supereffective|p2a: Dragonite
|-damage|p2a: Dragonite|0 fnt
|-unboost|p1a: Raging Bolt|spa|2
|faint|p2a: Dragonite
|
|-heal|p1a: Raging Bolt|60/100|[from] item: Leftovers
|upkeep
|
|t:|1760339741
|switch|p2a: Hoopa|Hoopa-Unbound, tera:Fairy|31/100
|turn|20
|
|t:|1760339750
|move|p2a: Hoopa|Substitute|p2a: Hoopa
|-start|p2a: Hoopa|Substitute
|-damage|p2a: Hoopa|6/100
|move|p1a: Raging Bolt|Volt Switch|p2a: Hoopa
|-activate|p2a: Hoopa|move: Substitute|[damage]
|
|t:|1760339761
|-end|p1a: Raging Bolt|Protosynthesis|[silent]
|switch|p1a: Zarude|Zarude|35/100|[from] Volt Switch
|
|-heal|p2a: Hoopa|12/100|[from] item: Leftovers
|upkeep
|turn|21
|
|t:|1760339769
|move|p1a: Zarude|Knock Off|p2a: Hoopa
|-resisted|p2a: Hoopa
|-end|p2a: Hoopa|Substitute
|move|p2a: Hoopa|Drain Punch|p1a: Zarude
|-supereffective|p1a: Zarude
|-damage|p1a: Zarude|0 fnt
|-heal|p2a: Hoopa|33/100|[from] drain|[of] p1a: Zarude
|faint|p1a: Zarude
|
|-heal|p2a: Hoopa|39/100|[from] item: Leftovers
|upkeep
|
|t:|1760339775
|switch|p1a: Scizor|Scizor, F|45/100
|turn|22
|
|t:|1760339783
|move|p2a: Hoopa|Substitute|p2a: Hoopa
|-start|p2a: Hoopa|Substitute
|-damage|p2a: Hoopa|14/100
|move|p1a: Scizor|Dual Wingbeat|p2a: Hoopa
|-end|p2a: Hoopa|Substitute
|-damage|p2a: Hoopa|0 fnt
|faint|p2a: Hoopa
|-hitcount|p2: Hoopa|2
|
|upkeep
|
|t:|1760339786
|switch|p2a: Ogerpon|Ogerpon-Wellspring, F|100/100
|turn|23
|
|t:|1760339795
|move|p2a: Ogerpon|Ivy Cudgel|p1a: Scizor|[anim] Ivy Cudgel Water
|-damage|p1a: Scizor|0 fnt
|faint|p1a: Scizor
|
|upkeep
|
|t:|1760339798
|switch|p1a: Raging Bolt|Raging Bolt, tera:Fairy|60/100
|turn|24
|
|t:|1760339804
|move|p2a: Ogerpon|Power Whip|p1a: Raging Bolt
|-damage|p1a: Raging Bolt|1/100
|move|p1a: Raging Bolt|Thunderbolt|p2a: Ogerpon
|-crit|p2a: Ogerpon
|-damage|p2a: Ogerpon|6/100
|
|-heal|p1a: Raging Bolt|7/100|[from] item: Leftovers
|upkeep
|turn|25
|
|t:|1760339810
|move|p1a: Raging Bolt|Thunderclap||[still]
|-fail|p1a: Raging Bolt
|move|p2a: Ogerpon|Spikes|p1a: Raging Bolt
|-sidestart|p1: johnlee17|Spikes
|
|-heal|p1a: Raging Bolt|13/100|[from] item: Leftovers
|upkeep
|turn|26
|
|t:|1760339815
|move|p2a: Ogerpon|Ivy Cudgel|p1a: Raging Bolt|[anim] Ivy Cudgel Water
|-damage|p1a: Raging Bolt|0 fnt
|faint|p1a: Raging Bolt
|-end|p1a: Raging Bolt|Protosynthesis|[silent]
|
|upkeep
|-message|johnlee17 forfeited.
|
|win|drunk asgore
|raw|johnlee17's rating: 1417 &rarr; <strong>1399</strong><br />(-18 for losing)
|raw|drunk asgore's rating: 1451 &rarr; <strong>1469</strong><br />(+18 for winning)
|l|☆johnlee17
|player|p1|
|c|☆drunk asgore|gg
|l|☆drunk asgore
|player|p2|
