|j|☆geovanedias
|j|☆BigBoiPizzaHut
|t:|1760321888
|gametype|singles
|player|p1|geovanedias|266|1000
|player|p2|BigBoiPizzaHut|2|1000
|gen|9
|tier|[Gen 9] OU
|rated|
|rule|HP Percentage Mod: HP is shown in percentages
|rule|Endless Battle Clause: Forcing endless battles is banned
|rule|Species Clause: Limit one of each Pokémon
|rule|OHKO Clause: OHKO moves are banned
|rule|Evasion Items Clause: Evasion items are banned
|rule|Evasion Moves Clause: Evasion moves are banned
|rule|Evasion Abilities Clause: Evasion abilities are banned
|rule|Sleep Moves Clause: Sleep-inducing moves are banned
|clearpoke
|poke|p1|Feraligatr, F|
|poke|p1|Raikou|
|poke|p1|Zamazenta-*|
|poke|p1|Skeledirge, M|
|poke|p1|Iron Treads|
|poke|p1|Zoroark-Hisui, F|
|poke|p2|Reuniclus, F|
|poke|p2|Salamence, M|
|poke|p2|Golurk|
|poke|p2|Avalugg, F|
|poke|p2|Gengar, F|
|poke|p2|Suicune|
|teampreview
|
|t:|1760321897
|teamsize|p1|6
|teamsize|p2|6
|start
|switch|p1a: Raikou|Raikou|100/100
|switch|p2a: Suicune|Suicune|100/100
|-ability|p1a: Raikou|Pressure
|-ability|p2a: Suicune|Pressure
|turn|1
|
|t:|1760321909
|move|p1a: Raikou|Thunder Wave|p2a: Suicune
|-status|p2a: Suicune|par
|move|p2a: Suicune|Rain Dance|p2a: Suicune
|-weather|RainDance
|
|-weather|RainDance|[upkeep]
|upkeep
|turn|2
|
|t:|1760321918
|move|p1a: Raikou|Light Screen|p1a: Raikou
|-sidestart|p1: geovanedias|move: Light Screen
|move|p2a: Suicune|Hydro Pump|p1a: Raikou
|-damage|p1a: Raikou|79/100
|
|-weather|RainDance|[upkeep]
|upkeep
|turn|3
|
|t:|1760321925
|move|p1a: Raikou|Reflect|p1a: Raikou
|-sidestart|p1: geovanedias|Reflect
|move|p2a: Suicune|Hydro Pump|p1a: Raikou|[miss]
|-miss|p2a: Suicune|p1a: Raikou
|
|-weather|RainDance|[upkeep]
|upkeep
|turn|4
|
|t:|1760321936
|move|p1a: Raikou|Volt Switch|p2a: Suicune
|-supereffective|p2a: Suicune
|-crit|p2a: Suicune
|-damage|p2a: Suicune|37/100 par
|
|t:|1760321942
|switch|p1a: Feraligatr|Feraligatr, F|100/100|[from] Volt Switch
|cant|p2a: Suicune|par
|
|-weather|RainDance|[upkeep]
|-heal|p2a: Suicune|43/100 par|[from] item: Leftovers
|upkeep
|turn|5
|
|t:|1760321949
|move|p1a: Feraligatr|Dragon Dance|p1a: Feraligatr
|-boost|p1a: Feraligatr|atk|1
|-boost|p1a: Feraligatr|spe|1
|move|p2a: Suicune|Rest|p2a: Suicune
|-status|p2a: Suicune|slp|[from] move: Rest
|-heal|p2a: Suicune|100/100 slp|[silent]
|
|-weather|none
|upkeep
|turn|6
|
|t:|1760321959
|move|p1a: Feraligatr|Dragon Dance|p1a: Feraligatr
|-boost|p1a: Feraligatr|atk|1
|-boost|p1a: Feraligatr|spe|1
|cant|p2a: Suicune|slp
|
|upkeep
|turn|7
|
|t:|1760321969
|-terastallize|p1a: Feraligatr|Dark
|move|p1a: Feraligatr|Crunch|p2a: Suicune
|-crit|p2a: Suicune
|-damage|p2a: Suicune|0 fnt
|faint|p2a: Suicune
|
|upkeep
|
|t:|1760321975
|switch|p2a: Gengar|Gengar, F, shiny|100/100
|turn|8
|
|t:|1760321980
|move|p1a: Feraligatr|Crunch|p2a: Gengar
|-supereffective|p2a: Gengar
|-damage|p2a: Gengar|0 fnt
|faint|p2a: Gengar
|
|upkeep
|
|t:|1760321986
|switch|p2a: Salamence|Salamence, M|100/100
|turn|9
|
|t:|1760321996
|move|p2a: Salamence|Protect|p2a: Salamence
|-singleturn|p2a: Salamence|Protect
|move|p1a: Feraligatr|Ice Punch|p2a: Salamence
|-activate|p2a: Salamence|move: Protect
|
|-sideend|p1: geovanedias|move: Light Screen
|upkeep
|turn|10
|
|t:|1760322002
|move|p1a: Feraligatr|Ice Punch|p2a: Salamence
|-supereffective|p2a: Salamence
|-damage|p2a: Salamence|0 fnt
|faint|p2a: Salamence
|
|-sideend|p1: geovanedias|Reflect
|upkeep
|
|t:|1760322009
|switch|p2a: Golurk|Golurk|100/100
|turn|11
|
|t:|1760322015
|move|p1a: Feraligatr|Crunch|p2a: Golurk
|-supereffective|p2a: Golurk
|-damage|p2a: Golurk|0 fnt
|faint|p2a: Golurk
|
|upkeep
|
|t:|1760322019
|switch|p2a: Avalugg|Avalugg, F|100/100
|turn|12
|
|t:|1760322030
|move|p1a: Feraligatr|Crunch|p2a: Avalugg
|-crit|p2a: Avalugg
|-damage|p2a: Avalugg|26/100
|move|p2a: Avalugg|Snowscape|p2a: Avalugg
|-weather|Snowscape
|
|-weather|Snowscape|[upkeep]
|-heal|p2a: Avalugg|32/100|[from] ability: Ice Body
|-heal|p2a: Avalugg|39/100|[from] item: Leftovers
|upkeep
|turn|13
|
|t:|1760322040
|move|p1a: Feraligatr|Crunch|p2a: Avalugg
|-damage|p2a: Avalugg|7/100
|move|p2a: Avalugg|Recover|p2a: Avalugg
|-heal|p2a: Avalugg|57/100
|
|-weather|Snowscape|[upkeep]
|-heal|p2a: Avalugg|63/100|[from] ability: Ice Body
|-heal|p2a: Avalugg|69/100|[from] item: Leftovers
|upkeep
|turn|14
|
|t:|1760322050
|move|p1a: Feraligatr|Dragon Dance|p1a: Feraligatr
|-boost|p1a: Feraligatr|atk|1
|-boost|p1a: Feraligatr|spe|1
|move|p2a: Avalugg|Blizzard|p1a: Feraligatr
|-damage|p1a: Feraligatr|77/100
|
|-weather|Snowscape|[upkeep]
|-heal|p2a: Avalugg|75/100|[from] ability: Ice Body
|-heal|p2a: Avalugg|81/100|[from] item: Leftovers
|upkeep
|turn|15
|
|t:|1760322063
|move|p1a: Feraligatr|Liquidation|p2a: Avalugg
|-damage|p2a: Avalugg|40/100
|move|p2a: Avalugg|Blizzard|p1a: Feraligatr
|-damage|p1a: Feraligatr|51/100
|
|-weather|Snowscape|[upkeep]
|-heal|p2a: Avalugg|46/100|[from] ability: Ice Body
|-heal|p2a: Avalugg|52/100|[from] item: Leftovers
|upkeep
|turn|16
|
|t:|1760322073
|move|p1a: Feraligatr|Crunch|p2a: Avalugg
|-damage|p2a: Avalugg|11/100
|move|p2a: Avalugg|Recover|p2a: Avalugg
|-heal|p2a: Avalugg|61/100
|
|-weather|none
|-heal|p2a: Avalugg|68/100|[from] item: Leftovers
|upkeep
|turn|17
|
|t:|1760322080
|move|p1a: Feraligatr|Crunch|p2a: Avalugg
|-damage|p2a: Avalugg|8/100
|move|p2a: Avalugg|Snowscape|p2a: Avalugg
|-weather|Snowscape
|
|-weather|Snowscape|[upkeep]
|-heal|p2a: Avalugg|14/100|[from] ability: Ice Body
|-heal|p2a: Avalugg|20/100|[from] item: Leftovers
|upkeep
|turn|18
|
|t:|1760322087
|move|p1a: Feraligatr|Crunch|p2a: Avalugg
|-damage|p2a: Avalugg|0 fnt
|faint|p2a: Avalugg
|
|-weather|Snowscape|[upkeep]
|upkeep
|
|t:|1760322091
|switch|p2a: Reuniclus|Reuniclus, F, shiny|100/100
|turn|19
|
|t:|1760322095
|move|p1a: Feraligatr|Crunch|p2a: Reuniclus
|-supereffective|p2a: Reuniclus
|-damage|p2a: Reuniclus|0 fnt
|faint|p2a: Reuniclus
|
|win|geovanedias
|raw|geovanedias's rating: 1000 &rarr; <strong>1040</strong><br />(+40 for winning)
|raw|BigBoiPizzaHut's rating: 1000 &rarr; <strong>1000</strong><br />(+0 for losing)
|l|☆BigBoiPizzaHut
|player|p2|
