|badge|p2|bronze|gen9randombattle|100-7
|uhtml|medal-msg|<div class="broadcast-blue">Curious what those medals under the avatar are? PS now has Ladder Seasons! For more information, check out the <a href="https://www.smogon.com/forums/threads/3740067/">thread on Smogon.</a></div>
|j|☆PINGaBurger
|j|☆SpongeGar & Patar
|t:|1760305226
|gametype|singles
|player|p1|PINGaBurger|266|1629
|player|p2|SpongeGar & Patar|266|1786
|gen|9
|tier|[Gen 9] OU
|rated|
|rule|HP Percentage Mod: HP is shown in percentages
|rule|Endless Battle Clause: Forcing endless battles is banned
|rule|Species Clause: Limit one of each Pokémon
|rule|OHKO Clause: OHKO moves are banned
|rule|Evasion Items Clause: Evasion items are banned
|rule|Evasion Moves Clause: Evasion moves are banned
|rule|Evasion Abilities Clause: Evasion abilities are banned
|rule|Sleep Moves Clause: Sleep-inducing moves are banned
|clearpoke
|poke|p1|Maushold|
|poke|p1|Iron Boulder|
|poke|p1|Iron Crown|
|poke|p1|Deoxys-Speed|
|poke|p1|Indeedee, M|
|poke|p1|Kyurem|
|poke|p2|Kyurem|
|poke|p2|Corviknight, F|
|poke|p2|Ting-Lu|
|poke|p2|Dondozo, M|
|poke|p2|Slowking-Galar, L99, F|
|poke|p2|Cinderace, F|
|teampreview
|inactive|Battle timer is ON: inactive players will automatically lose when time's up. (requested by PINGaBurger)
|
|t:|1760305274
|teamsize|p1|6
|teamsize|p2|6
|start
|switch|p1a: Indeedee|Indeedee, M, shiny|100/100
|switch|p2a: Dondozo|Dondozo, M|100/100
|-fieldstart|move: Psychic Terrain|[from] ability: Psychic Surge|[of] p1a: Indeedee
|turn|1
|inactive|SpongeGar & Patar also wants the timer to be on.
|inactive|SpongeGar & Patar has 120 seconds left.
|inactive|PINGaBurger has 120 seconds left.
|
|t:|1760305322
|switch|p1a: Mutant|Deoxys-Speed, shiny|100/100
|-ability|p1a: Mutant|Pressure
|move|p2a: Dondozo|Body Press|p1a: Mutant
|-resisted|p1a: Mutant
|-damage|p1a: Mutant|78/100
|
|upkeep
|turn|2
|inactive|SpongeGar & Patar has 90 seconds left.
|
|t:|1760305370
|switch|p2a: Ting-Lu|Ting-Lu|100/100
|-ability|p2a: Ting-Lu|Vessel of Ruin
|move|p1a: Mutant|Nasty Plot|p1a: Mutant
|-boost|p1a: Mutant|spa|2
|
|upkeep
|turn|3
|inactive|SpongeGar & Patar has 60 seconds left.
|
|t:|1760305418
|-terastallize|p1a: Mutant|Fighting
|move|p1a: Mutant|Tera Blast|p2a: Ting-Lu|[anim] Tera Blast Fighting
|-supereffective|p2a: Ting-Lu
|-damage|p2a: Ting-Lu|24/100
|-damage|p1a: Mutant|68/100|[from] item: Life Orb
|move|p2a: Ting-Lu|Earthquake|p1a: Mutant
|-damage|p1a: Mutant|11/100
|
|-heal|p2a: Ting-Lu|30/100|[from] item: Leftovers
|upkeep
|turn|4
|
|t:|1760305435
|switch|p1a: Kyurem|Kyurem|100/100
|-ability|p1a: Kyurem|Pressure
|switch|p2a: Slowking|Slowking-Galar, L99, F|100/100
|
|upkeep
|turn|5
|
|t:|1760305444
|move|p1a: Kyurem|Dragon Dance|p1a: Kyurem
|-boost|p1a: Kyurem|atk|1
|-boost|p1a: Kyurem|spe|1
|move|p2a: Slowking|Toxic|p1a: Kyurem
|-status|p1a: Kyurem|tox
|
|-damage|p1a: Kyurem|94/100 tox|[from] psn
|upkeep
|turn|6
|
|t:|1760305454
|move|p1a: Kyurem|Earth Power|p2a: Slowking
|-supereffective|p2a: Slowking
|-damage|p2a: Slowking|69/100
|move|p2a: Slowking|Sludge Bomb|p1a: Kyurem
|-damage|p1a: Kyurem|64/100 tox
|
|-damage|p1a: Kyurem|51/100 tox|[from] psn
|upkeep
|turn|7
|
|t:|1760305464
|switch|p2a: Corviknight|Corviknight, F|100/100
|-ability|p2a: Corviknight|Pressure
|move|p1a: Kyurem|Icicle Spear|p2a: Corviknight
|-damage|p2a: Corviknight|90/100
|-damage|p2a: Corviknight|78/100
|-crit|p2a: Corviknight
|-damage|p2a: Corviknight|63/100
|-damage|p2a: Corviknight|51/100
|-damage|p2a: Corviknight|41/100
|-hitcount|p2a: Corviknight|5
|
|-damage|p1a: Kyurem|33/100 tox|[from] psn
|upkeep
|turn|8
|
|t:|1760305474
|move|p1a: Kyurem|Icicle Spear|p2a: Corviknight
|-damage|p2a: Corviknight|30/100
|-damage|p2a: Corviknight|19/100
|-damage|p2a: Corviknight|8/100
|-damage|p2a: Corviknight|0 fnt
|faint|p2a: Corviknight
|-hitcount|p2: Corviknight|4
|
|-damage|p1a: Kyurem|8/100 tox|[from] psn
|-fieldend|move: Psychic Terrain
|upkeep
|
|t:|1760305483
|switch|p2a: Slowking|Slowking-Galar, L99, F|100/100
|turn|9
|inactive|SpongeGar & Patar has 60 seconds left.
|
|t:|1760305492
|switch|p2a: Dondozo|Dondozo, M|100/100
|move|p1a: Kyurem|Icicle Spear|p2a: Dondozo
|-resisted|p2a: Dondozo
|-damage|p2a: Dondozo|98/100
|-resisted|p2a: Dondozo
|-damage|p2a: Dondozo|95/100
|-resisted|p2a: Dondozo
|-damage|p2a: Dondozo|93/100
|-resisted|p2a: Dondozo
|-damage|p2a: Dondozo|90/100
|-hitcount|p2a: Dondozo|4
|
|-heal|p2a: Dondozo|96/100|[from] item: Leftovers
|-damage|p1a: Kyurem|0 fnt|[from] psn
|faint|p1a: Kyurem
|upkeep
|
|t:|1760305495
|switch|p1a: Indeedee|Indeedee, M, shiny|100/100
|-fieldstart|move: Psychic Terrain|[from] ability: Psychic Surge|[of] p1a: Indeedee
|turn|10
|
|t:|1760305505
|switch|p2a: Ting-Lu|Ting-Lu|30/100
|-ability|p2a: Ting-Lu|Vessel of Ruin
|move|p1a: Indeedee|Healing Wish|p1a: Indeedee
|faint|p1a: Indeedee
|
|-heal|p2a: Ting-Lu|36/100|[from] item: Leftovers
|upkeep
|
|t:|1760305507
|switch|p1a: Mutant|Deoxys-Speed, shiny, tera:Fighting|11/100
|-heal|p1a: Mutant|100/100|[from] move: Healing Wish
|-ability|p1a: Mutant|Pressure
|turn|11
|
|t:|1760305516
|move|p1a: Mutant|Nasty Plot|p1a: Mutant
|-boost|p1a: Mutant|spa|2
|move|p2a: Ting-Lu|Earthquake|p1a: Mutant
|-damage|p1a: Mutant|41/100
|
|-heal|p2a: Ting-Lu|43/100|[from] item: Leftovers
|upkeep
|turn|12
|
|t:|1760305526
|-terastallize|p2a: Ting-Lu|Water
|move|p1a: Mutant|Tera Blast|p2a: Ting-Lu|[anim] Tera Blast Fighting
|-damage|p2a: Ting-Lu|1/100
|-damage|p1a: Mutant|31/100|[from] item: Life Orb
|move|p2a: Ting-Lu|Earthquake|p1a: Mutant
|-damage|p1a: Mutant|0 fnt
|faint|p1a: Mutant
|
|-heal|p2a: Ting-Lu|7/100|[from] item: Leftovers
|upkeep
|
|t:|1760305537
|switch|p1a: Iron Crown|Iron Crown|100/100
|turn|13
|inactive|SpongeGar & Patar has 90 seconds left.
|inactive|SpongeGar & Patar has 60 seconds left.
|
|t:|1760305584
|switch|p2a: Slowking|Slowking-Galar, L99, F|100/100
|move|p1a: Iron Crown|Expanding Force|p2a: Slowking
|-damage|p2a: Slowking|33/100
|
|upkeep
|turn|14
|inactive|SpongeGar & Patar has 60 seconds left.
|inactive|SpongeGar & Patar has 30 seconds left.
|inactive|SpongeGar & Patar has 20 seconds left.
|
|t:|1760305631
|switch|p2a: Ting-Lu|Ting-Lu, tera:Water|7/100
|-ability|p2a: Ting-Lu|Vessel of Ruin
|move|p1a: Iron Crown|Expanding Force|p2a: Ting-Lu
|-damage|p2a: Ting-Lu|0 fnt
|faint|p2a: Ting-Lu
|
|upkeep
|inactive|SpongeGar & Patar has 25 seconds left this turn.
|inactive|SpongeGar & Patar has 20 seconds left.
|
|t:|1760305641
|switch|p2a: Cinderace|Cinderace, F|100/100
|turn|15
|inactive|SpongeGar & Patar has 30 seconds left this turn.
|
|t:|1760305650
|-end|p1a: Iron Crown|Quark Drive|[silent]
|switch|p1a: Iron Boulder|Iron Boulder|100/100
|-enditem|p1a: Iron Boulder|Booster Energy
|-activate|p1a: Iron Boulder|ability: Quark Drive|[fromitem]
|-start|p1a: Iron Boulder|quarkdrivespe
|move|p2a: Cinderace|Pyro Ball|p1a: Iron Boulder
|-resisted|p1a: Iron Boulder
|-damage|p1a: Iron Boulder|71/100
|
|upkeep
|turn|16
|inactive|SpongeGar & Patar has 30 seconds left.
|
|t:|1760305659
|switch|p2a: Dondozo|Dondozo, M|96/100
|move|p1a: Iron Boulder|Zen Headbutt|p2a: Dondozo
|-damage|p2a: Dondozo|72/100
|
|-heal|p2a: Dondozo|78/100|[from] item: Leftovers
|upkeep
|turn|17
|
|t:|1760305669
|-end|p1a: Iron Boulder|Quark Drive|[silent]
|switch|p1a: Iron Crown|Iron Crown|100/100
|move|p2a: Dondozo|Waterfall|p1a: Iron Crown
|-damage|p1a: Iron Crown|72/100
|
|-heal|p2a: Dondozo|84/100|[from] item: Leftovers
|-fieldend|move: Psychic Terrain
|upkeep
|turn|18
|
|t:|1760305678
|switch|p2a: Cinderace|Cinderace, F|100/100
|move|p1a: Iron Crown|Expanding Force|p2a: Cinderace
|-damage|p2a: Cinderace|32/100
|
|upkeep
|turn|19
|
|t:|1760305690
|move|p2a: Cinderace|Pyro Ball|p1a: Iron Crown
|-supereffective|p1a: Iron Crown
|-damage|p1a: Iron Crown|0 fnt
|faint|p1a: Iron Crown
|-end|p1a: Iron Crown|Quark Drive|[silent]
|
|upkeep
|
|t:|1760305692
|switch|p1a: Iron Boulder|Iron Boulder|71/100
|turn|20
|
|t:|1760305701
|move|p1a: Iron Boulder|Mighty Cleave|p2a: Cinderace
|-supereffective|p2a: Cinderace
|-damage|p2a: Cinderace|0 fnt
|faint|p2a: Cinderace
|
|upkeep
|
|t:|1760305710
|switch|p2a: Dondozo|Dondozo, M|84/100
|turn|21
|inactive|SpongeGar & Patar has 60 seconds left.
|
|t:|1760305719
|move|p1a: Iron Boulder|Zen Headbutt|p2a: Dondozo
|-damage|p2a: Dondozo|67/100
|move|p2a: Dondozo|Waterfall|p1a: Iron Boulder
|-supereffective|p1a: Iron Boulder
|-damage|p1a: Iron Boulder|4/100
|
|-heal|p2a: Dondozo|73/100|[from] item: Leftovers
|upkeep
|turn|22
|
|t:|1760305728
|move|p1a: Iron Boulder|Mighty Cleave|p2a: Dondozo
|-damage|p2a: Dondozo|53/100
|move|p2a: Dondozo|Body Press|p1a: Iron Boulder
|-damage|p1a: Iron Boulder|0 fnt
|faint|p1a: Iron Boulder
|-end|p1a: Iron Boulder|Quark Drive|[silent]
|
|-heal|p2a: Dondozo|59/100|[from] item: Leftovers
|upkeep
|
|t:|1760305731
|switch|p1a: Maushold|Maushold|100/100
|turn|23
|
|t:|1760305738
|move|p1a: Maushold|Encore|p2a: Dondozo
|-start|p2a: Dondozo|Encore
|move|p2a: Dondozo|Body Press|p1a: Maushold
|-supereffective|p1a: Maushold
|-crit|p1a: Maushold
|-damage|p1a: Maushold|0 fnt
|faint|p1a: Maushold
|
|win|SpongeGar & Patar
|raw|PINGaBurger's rating: 1629 &rarr; <strong>1617</strong><br />(-12 for losing)
|raw|SpongeGar &amp; Patar's rating: 1786 &rarr; <strong>1798</strong><br />(+12 for winning)
