|j|☆mrcll
|j|☆BobbyAxe1
|t:|1760362977
|gametype|singles
|player|p1|mrcll|giovanni|1276
|player|p2|BobbyAxe1|gambler|1346
|gen|9
|tier|[Gen 9] OU
|rated|
|rule|HP Percentage Mod: HP is shown in percentages
|rule|Endless Battle Clause: Forcing endless battles is banned
|rule|Species Clause: Limit one of each Pokémon
|rule|OHKO Clause: OHKO moves are banned
|rule|Evasion Items Clause: Evasion items are banned
|rule|Evasion Moves Clause: Evasion moves are banned
|rule|Evasion Abilities Clause: Evasion abilities are banned
|rule|Sleep Moves Clause: Sleep-inducing moves are banned
|clearpoke
|poke|p1|Alomomola, F|
|poke|p1|Arboliva, F|
|poke|p1|Slowking-Galar, M|
|poke|p1|Cinderace, M|
|poke|p1|Kyurem|
|poke|p1|Darkrai|
|poke|p2|Vileplume, F|
|poke|p2|Heracross, M|
|poke|p2|Jolteon, F|
|poke|p2|Pelipper, M|
|poke|p2|Metagross|
|poke|p2|Blastoise, F|
|teampreview
|inactive|Battle timer is ON: inactive players will automatically lose when time's up. (requested by BobbyAxe1)
|
|t:|1760363008
|teamsize|p1|6
|teamsize|p2|6
|start
|switch|p1a: Cinderace|Cinderace, M|100/100
|switch|p2a: Metagross|Metagross|100/100
|turn|1
|
|t:|1760363019
|switch|p2a: Pelipper|Pelipper, M|100/100
|-weather|RainDance|[from] ability: Drizzle|[of] p2a: Pelipper
|move|p1a: Cinderace|U-turn|p2a: Pelipper
|-start|p1a: Cinderace|typechange|Bug|[from] ability: Libero
|-resisted|p2a: Pelipper
|-damage|p2a: Pelipper|84/100
|
|t:|1760363030
|switch|p1a: Kyurem|Kyurem|100/100|[from] U-turn
|-ability|p1a: Kyurem|Pressure
|
|-weather|RainDance|[upkeep]
|upkeep
|turn|2
|
|t:|1760363050
|switch|p2a: Metagross|Metagross|100/100
|move|p1a: Kyurem|Freeze-Dry|p2a: Metagross
|-resisted|p2a: Metagross
|-damage|p2a: Metagross|83/100
|
|-weather|RainDance|[upkeep]
|-heal|p2a: Metagross|90/100|[from] item: Leftovers
|upkeep
|turn|3
|inactive|mrcll has 120 seconds left.
|
|t:|1760363078
|switch|p1a: Darkrai|Darkrai|100/100
|move|p2a: Metagross|Stealth Rock|p1a: Darkrai
|-sidestart|p1: mrcll|move: Stealth Rock
|
|-weather|RainDance|[upkeep]
|-heal|p2a: Metagross|96/100|[from] item: Leftovers
|upkeep
|turn|4
|inactive|mrcll has 120 seconds left.
|
|t:|1760363089
|switch|p2a: Heracross|Heracross, M|100/100
|move|p1a: Darkrai|Trick|p2a: Heracross
|-activate|p1a: Darkrai|move: Trick|[of] p2a: Heracross
|-item|p2a: Heracross|Choice Specs|[from] move: Trick
|-item|p1a: Darkrai|Leftovers|[from] move: Trick
|
|-weather|RainDance|[upkeep]
|upkeep
|turn|5
|inactive|mrcll has 120 seconds left.
|
|t:|1760363109
|switch|p1a: Alomomola|Alomomola, F|100/100
|-damage|p1a: Alomomola|88/100|[from] Stealth Rock
|move|p2a: Heracross|Lunge|p1a: Alomomola
|-damage|p1a: Alomomola|69/100
|-unboost|p1a: Alomomola|atk|1
|-damage|p2a: Heracross|84/100|[from] item: Rocky Helmet|[of] p1a: Alomomola
|
|-weather|RainDance|[upkeep]
|upkeep
|turn|6
|
|t:|1760363138
|switch|p2a: Vileplume|Vileplume, F|100/100
|move|p1a: Alomomola|Flip Turn|p2a: Vileplume
|-resisted|p2a: Vileplume
|-damage|p2a: Vileplume|92/100
|
|t:|1760363145
|switch|p1a: Slowking|Slowking-Galar, M|100/100|[from] Flip Turn
|
|-weather|RainDance|[upkeep]
|-heal|p2a: Vileplume|98/100|[from] item: Black Sludge
|upkeep
|turn|7
|
|t:|1760363159
|switch|p2a: Metagross|Metagross|96/100
|move|p1a: Slowking|Future Sight|p2a: Metagross
|-start|p1a: Slowking|move: Future Sight
|
|-weather|RainDance|[upkeep]
|-heal|p2a: Metagross|100/100|[from] item: Leftovers
|upkeep
|turn|8
|
|t:|1760363174
|move|p2a: Metagross|Earthquake|p1a: Slowking
|-supereffective|p1a: Slowking
|-damage|p1a: Slowking|18/100
|-prepare|p1a: Slowking|Chilly Reception|[premajor]
|move|p1a: Slowking|Chilly Reception|p1a: Slowking
|-weather|Snowscape
|inactive|mrcll has 90 seconds left.
|
|t:|1760363195
|switch|p1a: Cinderace|Cinderace, M|100/100|[from] Chilly Reception
|
|-weather|Snowscape|[upkeep]
|upkeep
|turn|9
|inactive|mrcll has 90 seconds left.
|
|t:|1760363213
|move|p1a: Cinderace|Court Change|p1a: Cinderace
|-start|p1a: Cinderace|typechange|Normal|[from] ability: Libero
|-swapsideconditions
|-activate|p1a: Cinderace|move: Court Change
|move|p2a: Metagross|Heavy Slam|p1a: Cinderace
|-damage|p1a: Cinderace|8/100
|
|-weather|Snowscape|[upkeep]
|-end|p2a: Metagross|move: Future Sight
|-resisted|p2a: Metagross
|-damage|p2a: Metagross|87/100
|-heal|p2a: Metagross|93/100|[from] item: Leftovers
|upkeep
|turn|10
|inactive|mrcll has 90 seconds left.
|
|t:|1760363228
|switch|p1a: Alomomola|Alomomola, F|100/100
|move|p2a: Metagross|Stealth Rock|p1a: Alomomola
|-sidestart|p1: mrcll|move: Stealth Rock
|
|-weather|Snowscape|[upkeep]
|-heal|p2a: Metagross|99/100|[from] item: Leftovers
|upkeep
|turn|11
|
|t:|1760363237
|switch|p2a: Vileplume|Vileplume, F|98/100
|-damage|p2a: Vileplume|86/100|[from] Stealth Rock
|move|p1a: Alomomola|Wish|p1a: Alomomola
|
|-weather|Snowscape|[upkeep]
|-heal|p2a: Vileplume|92/100|[from] item: Black Sludge
|upkeep
|turn|12
|
|t:|1760363251
|switch|p1a: Slowking|Slowking-Galar, M|51/100
|move|p2a: Vileplume|Toxic|p1a: Slowking
|-immune|p1a: Slowking
|
|-weather|none
|-heal|p1a: Slowking|100/100|[from] move: Wish|[wisher] Alomomola
|-heal|p2a: Vileplume|98/100|[from] item: Black Sludge
|upkeep
|turn|13
|
|t:|1760363266
|switch|p2a: Metagross|Metagross|99/100
|-damage|p2a: Metagross|93/100|[from] Stealth Rock
|move|p1a: Slowking|Future Sight|p2a: Metagross
|-start|p1a: Slowking|move: Future Sight
|
|-heal|p2a: Metagross|99/100|[from] item: Leftovers
|upkeep
|turn|14
|
|t:|1760363275
|move|p2a: Metagross|Agility|p2a: Metagross
|-boost|p2a: Metagross|spe|2
|-prepare|p1a: Slowking|Chilly Reception|[premajor]
|move|p1a: Slowking|Chilly Reception|p1a: Slowking
|-weather|Snowscape
|inactive|mrcll has 90 seconds left.
|
|t:|1760363292
|switch|p1a: Darkrai|Darkrai|100/100|[from] Chilly Reception
|-damage|p1a: Darkrai|88/100|[from] Stealth Rock
|
|-weather|Snowscape|[upkeep]
|-heal|p2a: Metagross|100/100|[from] item: Leftovers
|-heal|p1a: Darkrai|94/100|[from] item: Leftovers
|upkeep
|turn|15
|inactive|mrcll has 90 seconds left.
|
|t:|1760363309
|-terastallize|p2a: Metagross|Steel
|move|p2a: Metagross|Heavy Slam|p1a: Darkrai
|-damage|p1a: Darkrai|0 fnt
|faint|p1a: Darkrai
|
|-weather|Snowscape|[upkeep]
|-end|p2a: Metagross|move: Future Sight
|-resisted|p2a: Metagross
|-damage|p2a: Metagross|76/100
|-heal|p2a: Metagross|82/100|[from] item: Leftovers
|upkeep
|
|t:|1760363331
|switch|p1a: Arboliva|Arboliva, F|100/100
|-damage|p1a: Arboliva|88/100|[from] Stealth Rock
|turn|16
|
|t:|1760363337
|move|p2a: Metagross|Heavy Slam|p1a: Arboliva
|-damage|p1a: Arboliva|7/100
|-enditem|p1a: Arboliva|Sitrus Berry|[eat]
|-heal|p1a: Arboliva|32/100|[from] item: Sitrus Berry
|move|p1a: Arboliva|Leech Seed|p2a: Metagross|[miss]
|-miss|p1a: Arboliva|p2a: Metagross
|
|-weather|Snowscape|[upkeep]
|-heal|p2a: Metagross|88/100|[from] item: Leftovers
|upkeep
|turn|17
|
|t:|1760363355
|switch|p2a: Vileplume|Vileplume, F|98/100
|-damage|p2a: Vileplume|86/100|[from] Stealth Rock
|move|p1a: Arboliva|Protect||[still]
|-fail|p1a: Arboliva
|
|-weather|Snowscape|[upkeep]
|-heal|p2a: Vileplume|92/100|[from] item: Black Sludge
|upkeep
|turn|18
|
|t:|1760363370
|switch|p1a: Slowking|Slowking-Galar, M|100/100
|move|p2a: Vileplume|Leech Seed|p1a: Slowking
|-start|p1a: Slowking|move: Leech Seed
|
|-weather|none
|-heal|p2a: Vileplume|98/100|[from] item: Black Sludge
|-damage|p1a: Slowking|88/100|[from] Leech Seed|[of] p2a: Vileplume
|-heal|p2a: Vileplume|100/100|[silent]
|upkeep
|turn|19
|
|t:|1760363380
|switch|p2a: Heracross|Heracross, M|84/100
|-damage|p2a: Heracross|72/100|[from] Stealth Rock
|move|p1a: Slowking|Future Sight|p2a: Heracross
|-start|p1a: Slowking|move: Future Sight
|
|-damage|p1a: Slowking|76/100|[from] Leech Seed|[of] p2a: Heracross
|-heal|p2a: Heracross|85/100|[silent]
|upkeep
|turn|20
|
|t:|1760363389
|switch|p1a: Alomomola|Alomomola, F|100/100
|-damage|p1a: Alomomola|88/100|[from] Stealth Rock
|move|p2a: Heracross|Spikes|p1a: Alomomola
|-sidestart|p1: mrcll|Spikes
|
|upkeep
|turn|21
|
|t:|1760363408
|move|p2a: Heracross|Spikes|p1a: Alomomola
|-sidestart|p1: mrcll|Spikes
|move|p1a: Alomomola|Flip Turn|p2a: Heracross
|-damage|p2a: Heracross|72/100
|
|t:|1760363413
|switch|p1a: Cinderace|Cinderace, M|8/100|[from] Flip Turn
|
|-end|p2a: Heracross|move: Future Sight
|-supereffective|p2a: Heracross
|-damage|p2a: Heracross|0 fnt
|faint|p2a: Heracross
|upkeep
|
|t:|1760363422
|switch|p2a: Jolteon|Jolteon, F|100/100
|-damage|p2a: Jolteon|88/100|[from] Stealth Rock
|turn|22
|inactive|mrcll has 60 seconds left.
|
|t:|1760363448
|switch|p1a: Slowking|Slowking-Galar, M|100/100
|move|p2a: Jolteon|Volt Switch|p1a: Slowking
|-damage|p1a: Slowking|81/100
|
|t:|1760363467
|switch|p2a: Blastoise|Blastoise, F|100/100|[from] Volt Switch
|-damage|p2a: Blastoise|88/100|[from] Stealth Rock
|
|upkeep
|turn|23
|
|t:|1760363475
|move|p2a: Blastoise|Shell Smash|p2a: Blastoise
|-unboost|p2a: Blastoise|def|1
|-unboost|p2a: Blastoise|spd|1
|-boost|p2a: Blastoise|atk|2
|-boost|p2a: Blastoise|spa|2
|-boost|p2a: Blastoise|spe|2
|-enditem|p2a: Blastoise|White Herb
|-clearnegativeboost|p2a: Blastoise|[silent]
|move|p1a: Slowking|Toxic|p2a: Blastoise
|-status|p2a: Blastoise|tox
|
|-damage|p2a: Blastoise|82/100 tox|[from] psn
|upkeep
|turn|24
|inactive|mrcll has 60 seconds left.
|
|t:|1760363490
|move|p2a: Blastoise|Surf|p1a: Slowking
|-damage|p1a: Slowking|37/100
|move|p1a: Slowking|Sludge Wave|p2a: Blastoise
|-damage|p2a: Blastoise|51/100 tox
|
|-damage|p2a: Blastoise|39/100 tox|[from] psn
|upkeep
|turn|25
|inactive|mrcll has 60 seconds left.
|
|t:|1760363502
|switch|p1a: Alomomola|Alomomola, F|100/100
|-damage|p1a: Alomomola|88/100|[from] Stealth Rock
|-damage|p1a: Alomomola|71/100|[from] Spikes
|move|p2a: Blastoise|Surf|p1a: Alomomola
|-resisted|p1a: Alomomola
|-damage|p1a: Alomomola|38/100
|
|-damage|p2a: Blastoise|21/100 tox|[from] psn
|upkeep
|turn|26
|inactive|mrcll has 60 seconds left.
|
|t:|1760363525
|move|p1a: Alomomola|Protect|p1a: Alomomola
|-singleturn|p1a: Alomomola|Protect
|move|p2a: Blastoise|Surf|p1a: Alomomola
|-activate|p1a: Alomomola|move: Protect
|
|-damage|p2a: Blastoise|0 fnt|[from] psn
|faint|p2a: Blastoise
|upkeep
|
|t:|1760363533
|switch|p2a: Jolteon|Jolteon, F|88/100
|-damage|p2a: Jolteon|75/100|[from] Stealth Rock
|turn|27
|inactive|mrcll has 60 seconds left.
|
|t:|1760363553
|switch|p1a: Arboliva|Arboliva, F|32/100
|-damage|p1a: Arboliva|19/100|[from] Stealth Rock
|-damage|p1a: Arboliva|3/100|[from] Spikes
|move|p2a: Jolteon|Volt Switch|p1a: Arboliva
|-resisted|p1a: Arboliva
|-damage|p1a: Arboliva|0 fnt
|faint|p1a: Arboliva
|inactive|BobbyAxe1 has 120 seconds left.
|
|t:|1760363590
|switch|p2a: Pelipper|Pelipper, M|84/100|[from] Volt Switch
|-damage|p2a: Pelipper|59/100|[from] Stealth Rock
|-weather|RainDance|[from] ability: Drizzle|[of] p2a: Pelipper
|
|-weather|RainDance|[upkeep]
|upkeep
|inactive|mrcll has 60 seconds left.
|
|t:|1760363601
|switch|p1a: Cinderace|Cinderace, M|8/100
|turn|28
|
|t:|1760363608
|move|p1a: Cinderace|Court Change|p1a: Cinderace
|-start|p1a: Cinderace|typechange|Normal|[from] ability: Libero
|-swapsideconditions
|-activate|p1a: Cinderace|move: Court Change
|move|p2a: Pelipper|Weather Ball|p1a: Cinderace
|-damage|p1a: Cinderace|0 fnt
|faint|p1a: Cinderace
|
|-weather|RainDance|[upkeep]
|upkeep
|inactive|mrcll has 60 seconds left.
|
|t:|1760363620
|switch|p1a: Kyurem|Kyurem|100/100
|-damage|p1a: Kyurem|76/100|[from] Stealth Rock
|-ability|p1a: Kyurem|Pressure
|turn|29
|inactive|BobbyAxe1 has 120 seconds left.
|
|t:|1760363634
|move|p1a: Kyurem|Substitute|p1a: Kyurem
|-start|p1a: Kyurem|Substitute
|-damage|p1a: Kyurem|51/100
|move|p2a: Pelipper|Roost|p2a: Pelipper
|-heal|p2a: Pelipper|100/100
|-singleturn|p2a: Pelipper|move: Roost
|
|-weather|RainDance|[upkeep]
|-heal|p1a: Kyurem|57/100|[from] item: Leftovers
|upkeep
|turn|30
|inactive|BobbyAxe1 has 120 seconds left.
|
|t:|1760363646
|switch|p2a: Metagross|Metagross, tera:Steel|88/100
|-damage|p2a: Metagross|82/100|[from] Stealth Rock
|-damage|p2a: Metagross|65/100|[from] Spikes
|move|p1a: Kyurem|Freeze-Dry|p2a: Metagross
|-resisted|p2a: Metagross
|-damage|p2a: Metagross|48/100
|
|-weather|RainDance|[upkeep]
|-heal|p1a: Kyurem|63/100|[from] item: Leftovers
|-heal|p2a: Metagross|54/100|[from] item: Leftovers
|upkeep
|turn|31
|inactive|BobbyAxe1 has 120 seconds left.
|inactive|mrcll has 60 seconds left.
|
|t:|1760363664
|move|p1a: Kyurem|Earth Power|p2a: Metagross
|-supereffective|p2a: Metagross
|-damage|p2a: Metagross|0 fnt
|faint|p2a: Metagross
|
|-weather|RainDance|[upkeep]
|-heal|p1a: Kyurem|69/100|[from] item: Leftovers
|upkeep
|inactive|BobbyAxe1 has 120 seconds left.
|-message|BobbyAxe1 forfeited.
|
|win|mrcll
|raw|mrcll's rating: 1276 &rarr; <strong>1306</strong><br />(+30 for winning)
|raw|BobbyAxe1's rating: 1346 &rarr; <strong>1322</strong><br />(-24 for losing)
|l|☆BobbyAxe1
|player|p2|
