|j|☆avenacaroni
|j|☆aadviksdaddy
|t:|1760352148
|gametype|singles
|player|p1|avenacaroni|102|1179
|player|p2|aadviksdaddy|265|1234
|gen|9
|tier|[Gen 9] OU
|rated|
|rule|HP Percentage Mod: HP is shown in percentages
|rule|Endless Battle Clause: Forcing endless battles is banned
|rule|Species Clause: Limit one of each Pokémon
|rule|OHKO Clause: OHKO moves are banned
|rule|Evasion Items Clause: Evasion items are banned
|rule|Evasion Moves Clause: Evasion moves are banned
|rule|Evasion Abilities Clause: Evasion abilities are banned
|rule|Sleep Moves Clause: Sleep-inducing moves are banned
|clearpoke
|poke|p1|Infernape, M|
|poke|p1|Garchomp, M|
|poke|p1|Electivire, F|
|poke|p1|Gyarados, M|
|poke|p1|Scizor, F|
|poke|p1|Gengar, M|
|poke|p2|Torkoal, M|
|poke|p2|Walking Wake|
|poke|p2|Venusaur, F|
|poke|p2|Dragonite, M|
|poke|p2|Brute Bonnet|
|poke|p2|Iron Moth|
|teampreview
|inactive|Battle timer is ON: inactive players will automatically lose when time's up. (requested by aadviksdaddy)
|inactive|avenacaroni has 120 seconds left.
|
|t:|1760352179
|teamsize|p1|6
|teamsize|p2|6
|start
|switch|p1a: Clover|Gengar, M|100/100
|switch|p2a: Torkoal|Torkoal, M|100/100
|-item|p1a: Clover|Air Balloon
|-weather|SunnyDay|[from] ability: Drought|[of] p2a: Torkoal
|turn|1
|inactive|aadviksdaddy has 120 seconds left.
|
|t:|1760352210
|move|p1a: Clover|Thunder Wave|p2a: Torkoal
|-status|p2a: Torkoal|par
|move|p2a: Torkoal|Fire Spin|p1a: Clover
|-damage|p1a: Clover|76/100
|-activate|p1a: Clover|move: Fire Spin|[of] p2a: Torkoal
|-start|p2a: Torkoal|Disable|Fire Spin|[from] ability: Cursed Body|[of] p1a: Clover
|-enditem|p1a: Clover|Air Balloon
|
|-weather|SunnyDay|[upkeep]
|-damage|p1a: Clover|64/100|[from] move: Fire Spin|[partiallytrapped]
|upkeep
|turn|2
|inactive|aadviksdaddy has 120 seconds left.
|
|t:|1760352222
|move|p1a: Clover|Hex|p2a: Torkoal
|-damage|p2a: Torkoal|37/100 par
|move|p2a: Torkoal|Earthquake|p1a: Clover
|-supereffective|p1a: Clover
|-damage|p1a: Clover|0 fnt
|faint|p1a: Clover
|
|-weather|SunnyDay|[upkeep]
|upkeep
|
|t:|1760352240
|switch|p1a: Garrus|Garchomp, M|100/100
|turn|3
|inactive|aadviksdaddy has 120 seconds left.
|
|t:|1760352261
|switch|p2a: Walking Wake|Walking Wake|100/100
|-activate|p2a: Walking Wake|ability: Protosynthesis
|-start|p2a: Walking Wake|protosynthesisspa
|move|p1a: Garrus|Scale Shot|p2a: Walking Wake
|-supereffective|p2a: Walking Wake
|-damage|p2a: Walking Wake|73/100
|-supereffective|p2a: Walking Wake
|-damage|p2a: Walking Wake|43/100
|-supereffective|p2a: Walking Wake
|-damage|p2a: Walking Wake|14/100
|-supereffective|p2a: Walking Wake
|-damage|p2a: Walking Wake|0 fnt
|faint|p2a: Walking Wake
|-end|p2a: Walking Wake|Protosynthesis|[silent]
|-hitcount|p2: Walking Wake|4
|-unboost|p1a: Garrus|def|1
|-boost|p1a: Garrus|spe|1
|
|-weather|SunnyDay|[upkeep]
|upkeep
|
|t:|1760352284
|switch|p2a: Iron Moth|Iron Moth|100/100
|-enditem|p2a: Iron Moth|Booster Energy
|-activate|p2a: Iron Moth|ability: Quark Drive|[fromitem]
|-start|p2a: Iron Moth|quarkdrivespe
|turn|4
|
|t:|1760352297
|move|p2a: Iron Moth|Dazzling Gleam|p1a: Garrus
|-supereffective|p1a: Garrus
|-damage|p1a: Garrus|44/100
|move|p1a: Garrus|Earthquake|p2a: Iron Moth
|-supereffective|p2a: Iron Moth
|-damage|p2a: Iron Moth|0 fnt
|faint|p2a: Iron Moth
|-end|p2a: Iron Moth|Quark Drive|[silent]
|
|-weather|SunnyDay|[upkeep]
|upkeep
|inactive|aadviksdaddy has 90 seconds left.
|
|t:|1760352325
|switch|p2a: Venusaur|Venusaur, F|100/100
|turn|5
|inactive|avenacaroni has 120 seconds left.
|inactive|avenacaroni has 90 seconds left.
|inactive|avenacaroni has 60 seconds left.
|
|t:|1760352420
|switch|p1a: Evie|Electivire, F|100/100
|move|p2a: Venusaur|Giga Drain|p1a: Evie
|-crit|p1a: Evie
|-damage|p1a: Evie|31/100
|
|-weather|SunnyDay|[upkeep]
|-heal|p1a: Evie|38/100|[from] item: Leftovers
|upkeep
|turn|6
|inactive|avenacaroni has 60 seconds left.
|
|t:|1760352430
|move|p2a: Venusaur|Sludge Bomb|p1a: Evie
|-damage|p1a: Evie|0 fnt
|faint|p1a: Evie
|
|-weather|SunnyDay|[upkeep]
|upkeep
|
|t:|1760352433
|switch|p1a: Inferno|Infernape, M|100/100
|turn|7
|inactive|aadviksdaddy has 90 seconds left.
|
|t:|1760352461
|-terastallize|p2a: Venusaur|Fire
|move|p2a: Venusaur|Sludge Bomb|p1a: Inferno
|-damage|p1a: Inferno|34/100
|move|p1a: Inferno|Fire Blast|p2a: Venusaur
|-resisted|p2a: Venusaur
|-damage|p2a: Venusaur|56/100
|
|-weather|SunnyDay|[upkeep]
|upkeep
|turn|8
|inactive|aadviksdaddy has 90 seconds left.
|
|t:|1760352486
|move|p2a: Venusaur|Giga Drain|p1a: Inferno
|-resisted|p1a: Inferno
|-damage|p1a: Inferno|8/100
|-heal|p2a: Venusaur|68/100|[from] drain|[of] p1a: Inferno
|move|p1a: Inferno|Fire Blast|p2a: Venusaur
|-resisted|p2a: Venusaur
|-crit|p2a: Venusaur
|-damage|p2a: Venusaur|0 fnt
|faint|p2a: Venusaur
|
|-weather|none
|upkeep
|inactive|aadviksdaddy has 90 seconds left.
|
|t:|1760352498
|switch|p2a: Torkoal|Torkoal, M|37/100 par
|-weather|SunnyDay|[from] ability: Drought|[of] p2a: Torkoal
|turn|9
|inactive|aadviksdaddy has 90 seconds left.
|
|t:|1760352507
|move|p1a: Inferno|Aura Sphere|p2a: Torkoal
|-damage|p2a: Torkoal|7/100 par
|move|p2a: Torkoal|Earthquake|p1a: Inferno
|-supereffective|p1a: Inferno
|-damage|p1a: Inferno|0 fnt
|faint|p1a: Inferno
|
|-weather|SunnyDay|[upkeep]
|upkeep
|
|t:|1760352519
|switch|p1a: Garrus|Garchomp, M|44/100
|turn|10
|
|t:|1760352527
|move|p1a: Garrus|Scale Shot|p2a: Torkoal
|-damage|p2a: Torkoal|0 fnt
|faint|p2a: Torkoal
|-hitcount|p2: Torkoal|1
|-unboost|p1a: Garrus|def|1
|-boost|p1a: Garrus|spe|1
|
|-weather|SunnyDay|[upkeep]
|upkeep
|inactive|aadviksdaddy has 90 seconds left.
|
|t:|1760352543
|switch|p2a: Brute Bonnet|Brute Bonnet|100/100
|-activate|p2a: Brute Bonnet|ability: Protosynthesis
|-start|p2a: Brute Bonnet|protosynthesisatk
|turn|11
|inactive|avenacaroni has 90 seconds left.
|
|t:|1760352551
|switch|p1a: Sasha|Scizor, F|100/100
|move|p2a: Brute Bonnet|Sucker Punch||[still]
|-fail|p2a: Brute Bonnet
|
|-weather|SunnyDay|[upkeep]
|upkeep
|turn|12
|inactive|aadviksdaddy has 90 seconds left.
|
|t:|1760352570
|move|p2a: Brute Bonnet|Crunch|p1a: Sasha
|-damage|p1a: Sasha|31/100
|move|p1a: Sasha|U-turn|p2a: Brute Bonnet
|-supereffective|p2a: Brute Bonnet
|-damage|p2a: Brute Bonnet|0 fnt
|faint|p2a: Brute Bonnet
|-end|p2a: Brute Bonnet|Protosynthesis|[silent]
|
|t:|1760352579
|switch|p1a: Garrus|Garchomp, M|44/100|[from] U-turn
|
|-weather|SunnyDay|[upkeep]
|upkeep
|
|t:|1760352585
|switch|p2a: Dragonite|Dragonite, M|100/100
|turn|13
|
|t:|1760352590
|-terastallize|p1a: Garrus|Steel
|move|p2a: Dragonite|Extreme Speed|p1a: Garrus
|-resisted|p1a: Garrus
|-damage|p1a: Garrus|29/100
|-damage|p2a: Dragonite|88/100|[from] ability: Rough Skin|[of] p1a: Garrus
|-heal|p2a: Dragonite|90/100|[from] item: Shell Bell|[of] p1a: Garrus
|move|p1a: Garrus|Scale Shot|p2a: Dragonite
|-supereffective|p2a: Dragonite
|-damage|p2a: Dragonite|62/100
|-supereffective|p2a: Dragonite
|-damage|p2a: Dragonite|34/100
|-supereffective|p2a: Dragonite
|-damage|p2a: Dragonite|6/100
|-supereffective|p2a: Dragonite
|-damage|p2a: Dragonite|0 fnt
|faint|p2a: Dragonite
|-hitcount|p2: Dragonite|4
|
|win|avenacaroni
|raw|avenacaroni's rating: 1179 &rarr; <strong>1208</strong><br />(+29 for winning)
|raw|aadviksdaddy's rating: 1234 &rarr; <strong>1205</strong><br />(-29 for losing)
|l|☆aadviksdaddy
|player|p2|
|l|☆avenacaroni
|player|p1|
