|j|☆ddnsyde
|j|☆Morolock
|t:|1760329682
|gametype|singles
|player|p1|ddnsyde|rocketgrunt|1227
|player|p2|Morolock|n|1240
|gen|9
|tier|[Gen 9] OU
|rated|
|rule|HP Percentage Mod: HP is shown in percentages
|rule|Endless Battle Clause: Forcing endless battles is banned
|rule|Species Clause: Limit one of each Pokémon
|rule|OHKO Clause: OHKO moves are banned
|rule|Evasion Items Clause: Evasion items are banned
|rule|Evasion Moves Clause: Evasion moves are banned
|rule|Evasion Abilities Clause: Evasion abilities are banned
|rule|Sleep Moves Clause: Sleep-inducing moves are banned
|clearpoke
|poke|p1|Indeedee, M|
|poke|p1|Forretress, F|
|poke|p1|Polteageist|
|poke|p1|Metagross|
|poke|p1|Porygon-Z|
|poke|p1|Dragapult, M|
|poke|p2|Great Tusk|
|poke|p2|Clefable, M|
|poke|p2|Dragapult, F|
|poke|p2|Kingambit, M|
|poke|p2|Enamorus, F|
|poke|p2|Scizor, M|
|teampreview
|inactive|Battle timer is ON: inactive players will automatically lose when time's up. (requested by Morolock)
|
|t:|1760329695
|teamsize|p1|6
|teamsize|p2|6
|start
|switch|p1a: Metagross|Metagross|100/100
|switch|p2a: Scizor|Scizor, M|100/100
|turn|1
|
|t:|1760329700
|move|p1a: Metagross|Stealth Rock|p2a: Scizor
|-sidestart|p2: Morolock|move: Stealth Rock
|move|p2a: Scizor|Knock Off|p1a: Metagross
|-supereffective|p1a: Metagross
|-damage|p1a: Metagross|20/100
|-enditem|p1a: Metagross|Normal Gem|[from] move: Knock Off|[of] p2a: Scizor
|
|upkeep
|turn|2
|
|t:|1760329706
|move|p1a: Metagross|Explosion|p2a: Scizor
|-resisted|p2a: Scizor
|-damage|p2a: Scizor|55/100
|faint|p1a: Metagross
|move|p2a: Scizor|Knock Off|p1: Metagross|[notarget]
|-fail|p2a: Scizor
|
|upkeep
|
|t:|1760329712
|switch|p1a: Dragapult|Dragapult, M|100/100
|turn|3
|
|t:|1760329717
|-terastallize|p2a: Scizor|Fire
|move|p1a: Dragapult|Fire Blast|p2a: Scizor
|-resisted|p2a: Scizor
|-damage|p2a: Scizor|34/100
|move|p2a: Scizor|Knock Off|p1a: Dragapult
|-supereffective|p1a: Dragapult
|-damage|p1a: Dragapult|0 fnt
|-enditem|p1a: Dragapult|Draco Plate|[from] move: Knock Off|[of] p2a: Scizor
|faint|p1a: Dragapult
|
|upkeep
|
|t:|1760329727
|switch|p1a: Porygon-Z|Porygon-Z|100/100
|turn|4
|
|t:|1760329731
|move|p1a: Porygon-Z|Thunderbolt|p2a: Scizor
|-damage|p2a: Scizor|0 fnt
|faint|p2a: Scizor
|
|upkeep
|
|t:|1760329745
|switch|p2a: Great Tusk|Great Tusk|100/100
|turn|5
|
|t:|1760329756
|switch|p1a: Polteageist|Polteageist|100/100
|move|p2a: Great Tusk|Headlong Rush|p1a: Polteageist
|-enditem|p1a: Polteageist|Focus Sash
|-damage|p1a: Polteageist|1/100
|-unboost|p2a: Great Tusk|def|1
|-unboost|p2a: Great Tusk|spd|1
|-ability|p1a: Polteageist|Weak Armor|boost
|-unboost|p1a: Polteageist|def|1
|-boost|p1a: Polteageist|spe|2
|
|upkeep
|turn|6
|
|t:|1760329763
|move|p1a: Polteageist|Stored Power|p2a: Great Tusk
|-supereffective|p2a: Great Tusk
|-damage|p2a: Great Tusk|11/100
|move|p2a: Great Tusk|Ice Spinner|p1a: Polteageist
|-damage|p1a: Polteageist|0 fnt
|faint|p1a: Polteageist
|
|upkeep
|
|t:|1760329767
|switch|p1a: Indeedee|Indeedee, M|100/100
|-fieldstart|move: Psychic Terrain|[from] ability: Psychic Surge|[of] p1a: Indeedee
|turn|7
|
|t:|1760329770
|move|p1a: Indeedee|Expanding Force|p2a: Great Tusk
|-supereffective|p2a: Great Tusk
|-damage|p2a: Great Tusk|0 fnt
|faint|p2a: Great Tusk
|-end|p2a: Great Tusk|Protosynthesis|[silent]
|
|upkeep
|
|t:|1760329775
|switch|p2a: Kingambit|Kingambit, M|100/100
|-damage|p2a: Kingambit|94/100|[from] Stealth Rock
|-activate|p2a: Kingambit|ability: Supreme Overlord
|-start|p2a: Kingambit|fallen2|[silent]
|turn|8
|
|t:|1760329782
|switch|p1a: Forretress|Forretress, F|100/100
|move|p2a: Kingambit|Kowtow Cleave|p1a: Forretress
|-damage|p1a: Forretress|60/100
|
|upkeep
|turn|9
|
|t:|1760329805
|-end|p2a: Kingambit|fallen2|[silent]
|switch|p2a: Enamorus|Enamorus, F|100/100
|-damage|p2a: Enamorus|76/100|[from] Stealth Rock
|move|p1a: Forretress|Explosion|p2a: Enamorus
|-damage|p2a: Enamorus|0 fnt
|faint|p1a: Forretress
|faint|p2a: Enamorus
|
|upkeep
|
|t:|1760329815
|switch|p2a: Kingambit|Kingambit, M|94/100
|switch|p1a: Porygon-Z|Porygon-Z|100/100
|-damage|p2a: Kingambit|88/100|[from] Stealth Rock
|-activate|p2a: Kingambit|ability: Supreme Overlord
|-start|p2a: Kingambit|fallen3|[silent]
|turn|10
|
|t:|1760329820
|-terastallize|p1a: Porygon-Z|Electric
|move|p1a: Porygon-Z|Thunderbolt|p2a: Kingambit
|-damage|p2a: Kingambit|30/100
|move|p2a: Kingambit|Kowtow Cleave|p1a: Porygon-Z
|-damage|p1a: Porygon-Z|0 fnt
|faint|p1a: Porygon-Z
|
|upkeep
|
|t:|1760329827
|switch|p1a: Indeedee|Indeedee, M|100/100
|turn|11
|
|t:|1760329832
|move|p1a: Indeedee|Shadow Ball|p2a: Kingambit
|-resisted|p2a: Kingambit
|-damage|p2a: Kingambit|19/100
|move|p2a: Kingambit|Kowtow Cleave|p1a: Indeedee
|-supereffective|p1a: Indeedee
|-damage|p1a: Indeedee|0 fnt
|faint|p1a: Indeedee
|
|win|Morolock
|raw|ddnsyde's rating: 1227 &rarr; <strong>1203</strong><br />(-24 for losing)
|raw|Morolock's rating: 1240 &rarr; <strong>1264</strong><br />(+24 for winning)
|l|☆ddnsyde
|player|p1|
|l|☆Morolock
|player|p2|
