|j|☆Jerelmy
|j|☆sir_miestro
|t:|1760393101
|gametype|singles
|player|p1|Jerelmy|red|1284
|player|p2|sir_miestro|blackbelt-gen4dp|1262
|gen|9
|tier|[Gen 9] OU
|rated|
|rule|HP Percentage Mod: HP is shown in percentages
|rule|Endless Battle Clause: Forcing endless battles is banned
|rule|Species Clause: Limit one of each Pokémon
|rule|OHKO Clause: OHKO moves are banned
|rule|Evasion Items Clause: Evasion items are banned
|rule|Evasion Moves Clause: Evasion moves are banned
|rule|Evasion Abilities Clause: Evasion abilities are banned
|rule|Sleep Moves Clause: Sleep-inducing moves are banned
|clearpoke
|poke|p1|Delphox, F|
|poke|p1|Greninja-*, M|
|poke|p1|Scizor, M|
|poke|p1|Umbreon, F|
|poke|p1|Conkeldurr, M|
|poke|p1|Goodra, F|
|poke|p2|Blaziken, M|
|poke|p2|Kommo-o, M|
|poke|p2|Manaphy|
|poke|p2|Diancie|
|poke|p2|Bisharp, M|
|poke|p2|Bronzong|
|teampreview
|inactive|Battle timer is ON: inactive players will automatically lose when time's up. (requested by Jerelmy)
|
|t:|1760393115
|teamsize|p1|6
|teamsize|p2|6
|start
|switch|p1a: Hermione|Delphox, F|100/100
|switch|p2a: Blaziken|Blaziken, M|100/100
|turn|1
|
|t:|1760393129
|move|p1a: Hermione|Psychic|p2a: Blaziken
|-supereffective|p2a: Blaziken
|-damage|p2a: Blaziken|0 fnt
|faint|p2a: Blaziken
|
|upkeep
|
|t:|1760393134
|switch|p2a: Diancie|Diancie|100/100
|turn|2
|
|t:|1760393143
|switch|p1a: Robin|Scizor, M|100/100
|move|p2a: Diancie|Calm Mind|p2a: Diancie
|-boost|p2a: Diancie|spa|1
|-boost|p2a: Diancie|spd|1
|
|upkeep
|turn|3
|
|t:|1760393146
|move|p1a: Robin|Bullet Punch|p2a: Diancie
|-supereffective|p2a: Diancie
|-damage|p2a: Diancie|0 fnt
|faint|p2a: Diancie
|
|upkeep
|
|t:|1760393151
|switch|p2a: Kommo-o|Kommo-o, M|100/100
|turn|4
|
|t:|1760393158
|move|p2a: Kommo-o|Clangorous Soul|p2a: Kommo-o
|-boost|p2a: Kommo-o|atk|1
|-boost|p2a: Kommo-o|def|1
|-boost|p2a: Kommo-o|spa|1
|-boost|p2a: Kommo-o|spd|1
|-boost|p2a: Kommo-o|spe|1
|-damage|p2a: Kommo-o|68/100
|move|p1a: Robin|Swords Dance|p1a: Robin
|-boost|p1a: Robin|atk|2
|
|upkeep
|turn|5
|
|t:|1760393161
|move|p2a: Kommo-o|Drain Punch|p1a: Robin
|-damage|p1a: Robin|47/100
|-heal|p2a: Kommo-o|100/100|[from] drain|[of] p1a: Robin
|move|p1a: Robin|Knock Off|p2a: Kommo-o
|-resisted|p2a: Kommo-o
|-damage|p2a: Kommo-o|76/100
|-enditem|p2a: Kommo-o|Big Root|[from] move: Knock Off|[of] p1a: Robin
|
|upkeep
|turn|6
|
|t:|1760393172
|move|p1a: Robin|Bullet Punch|p2a: Kommo-o
|-damage|p2a: Kommo-o|30/100
|move|p2a: Kommo-o|Drain Punch|p1a: Robin
|-damage|p1a: Robin|0 fnt
|-heal|p2a: Kommo-o|57/100|[from] drain|[of] p1a: Robin
|faint|p1a: Robin
|
|upkeep
|
|t:|1760393178
|switch|p1a: Hermione|Delphox, F|100/100
|turn|7
|
|t:|1760393181
|-terastallize|p1a: Hermione|Fairy
|move|p1a: Hermione|Dazzling Gleam|p2a: Kommo-o
|-supereffective|p2a: Kommo-o
|-damage|p2a: Kommo-o|0 fnt
|faint|p2a: Kommo-o
|
|upkeep
|
|t:|1760393188
|switch|p2a: Bronzong|Bronzong|100/100
|turn|8
|
|t:|1760393194
|switch|p1a: Unc|Conkeldurr, M|100/100
|move|p2a: Bronzong|Calm Mind|p2a: Bronzong
|-boost|p2a: Bronzong|spa|1
|-boost|p2a: Bronzong|spd|1
|
|-status|p1a: Unc|brn|[from] item: Flame Orb
|upkeep
|turn|9
|
|t:|1760393198
|move|p1a: Unc|Mach Punch|p2a: Bronzong
|-damage|p2a: Bronzong|66/100
|move|p2a: Bronzong|Psychic Noise|p1a: Unc
|-supereffective|p1a: Unc
|-damage|p1a: Unc|0 fnt
|faint|p1a: Unc
|
|-heal|p2a: Bronzong|72/100|[from] item: Leftovers
|upkeep
|
|t:|1760393202
|switch|p1a: Hermione|Delphox, F, tera:Fairy|100/100
|turn|10
|
|t:|1760393206
|switch|p2a: Manaphy|Manaphy|100/100
|move|p1a: Hermione|Flamethrower|p2a: Manaphy
|-resisted|p2a: Manaphy
|-damage|p2a: Manaphy|77/100
|
|-heal|p2a: Manaphy|83/100|[from] item: Leftovers
|upkeep
|turn|11
|
|t:|1760393211
|switch|p1a: Play-Doh|Goodra, F|100/100
|move|p2a: Manaphy|Tail Glow|p2a: Manaphy
|-boost|p2a: Manaphy|spa|3
|
|-heal|p2a: Manaphy|90/100|[from] item: Leftovers
|upkeep
|turn|12
|
|t:|1760393214
|move|p2a: Manaphy|Ice Beam|p1a: Play-Doh
|-supereffective|p1a: Play-Doh
|-damage|p1a: Play-Doh|30/100
|move|p1a: Play-Doh|Thunderbolt|p2a: Manaphy
|-supereffective|p2a: Manaphy
|-damage|p2a: Manaphy|33/100
|
|-heal|p2a: Manaphy|40/100|[from] item: Leftovers
|-heal|p1a: Play-Doh|36/100|[from] item: Leftovers
|upkeep
|turn|13
|
|t:|1760393220
|move|p2a: Manaphy|Ice Beam|p1a: Play-Doh
|-supereffective|p1a: Play-Doh
|-damage|p1a: Play-Doh|0 fnt
|faint|p1a: Play-Doh
|
|-heal|p2a: Manaphy|46/100|[from] item: Leftovers
|upkeep
|
|t:|1760393224
|switch|p1a: Shadow|Greninja, M|100/100
|turn|14
|
|t:|1760393227
|move|p1a: Shadow|Dark Pulse|p2a: Manaphy
|-damage|p2a: Manaphy|13/100
|move|p2a: Manaphy|Energy Ball|p1a: Shadow
|-supereffective|p1a: Shadow
|-damage|p1a: Shadow|0 fnt
|faint|p1a: Shadow
|
|-heal|p2a: Manaphy|19/100|[from] item: Leftovers
|upkeep
|
|t:|1760393230
|switch|p1a: Luna|Umbreon, F|100/100
|turn|15
|
|t:|1760393233
|move|p2a: Manaphy|Surf|p1a: Luna
|-damage|p1a: Luna|30/100
|move|p1a: Luna|Foul Play|p2a: Manaphy
|-damage|p2a: Manaphy|0 fnt
|faint|p2a: Manaphy
|
|-heal|p1a: Luna|37/100|[from] item: Leftovers
|upkeep
|
|t:|1760393239
|switch|p2a: Bisharp|Bisharp, M|100/100
|turn|16
|
|t:|1760393244
|move|p2a: Bisharp|Iron Head|p1a: Luna
|-damage|p1a: Luna|11/100
|move|p1a: Luna|Wish|p1a: Luna
|
|-heal|p1a: Luna|17/100|[from] item: Leftovers
|upkeep
|turn|17
|
|t:|1760393249
|move|p1a: Luna|Protect|p1a: Luna
|-singleturn|p1a: Luna|Protect
|move|p2a: Bisharp|Iron Head|p1a: Luna
|-activate|p1a: Luna|move: Protect
|
|-heal|p1a: Luna|67/100|[from] move: Wish|[wisher] Luna
|-heal|p1a: Luna|73/100|[from] item: Leftovers
|upkeep
|turn|18
|
|t:|1760393253
|move|p2a: Bisharp|Iron Head|p1a: Luna
|-damage|p1a: Luna|44/100
|move|p1a: Luna|Wish|p1a: Luna
|
|-heal|p1a: Luna|50/100|[from] item: Leftovers
|upkeep
|turn|19
|
|t:|1760393259
|move|p2a: Bisharp|Iron Head|p1a: Luna
|-damage|p1a: Luna|26/100
|move|p1a: Luna|Foul Play|p2a: Bisharp
|-resisted|p2a: Bisharp
|-damage|p2a: Bisharp|81/100
|
|-heal|p1a: Luna|76/100|[from] move: Wish|[wisher] Luna
|-heal|p1a: Luna|82/100|[from] item: Leftovers
|upkeep
|turn|20
|
|t:|1760393268
|move|p2a: Bisharp|Iron Head|p1a: Luna
|-damage|p1a: Luna|57/100
|move|p1a: Luna|Foul Play|p2a: Bisharp
|-resisted|p2a: Bisharp
|-damage|p2a: Bisharp|64/100
|
|-heal|p1a: Luna|63/100|[from] item: Leftovers
|upkeep
|turn|21
|
|t:|1760393275
|move|p2a: Bisharp|Iron Head|p1a: Luna
|-damage|p1a: Luna|39/100
|cant|p1a: Luna|flinch
|
|-heal|p1a: Luna|45/100|[from] item: Leftovers
|upkeep
|turn|22
|
|t:|1760393278
|move|p2a: Bisharp|Iron Head|p1a: Luna
|-damage|p1a: Luna|18/100
|move|p1a: Luna|Foul Play|p2a: Bisharp
|-resisted|p2a: Bisharp
|-damage|p2a: Bisharp|46/100
|
|-heal|p1a: Luna|24/100|[from] item: Leftovers
|upkeep
|turn|23
|
|t:|1760393281
|move|p1a: Luna|Protect|p1a: Luna
|-singleturn|p1a: Luna|Protect
|move|p2a: Bisharp|Iron Head|p1a: Luna
|-activate|p1a: Luna|move: Protect
|
|-heal|p1a: Luna|30/100|[from] item: Leftovers
|upkeep
|turn|24
|
|t:|1760393283
|move|p2a: Bisharp|Iron Head|p1a: Luna
|-damage|p1a: Luna|4/100
|move|p1a: Luna|Wish|p1a: Luna
|
|-heal|p1a: Luna|10/100|[from] item: Leftovers
|upkeep
|turn|25
|
|t:|1760393288
|move|p1a: Luna|Protect|p1a: Luna
|-singleturn|p1a: Luna|Protect
|move|p2a: Bisharp|Iron Head|p1a: Luna
|-activate|p1a: Luna|move: Protect
|
|-heal|p1a: Luna|60/100|[from] move: Wish|[wisher] Luna
|-heal|p1a: Luna|66/100|[from] item: Leftovers
|upkeep
|turn|26
|
|t:|1760393295
|move|p2a: Bisharp|Iron Head|p1a: Luna
|-damage|p1a: Luna|38/100
|move|p1a: Luna|Wish|p1a: Luna
|
|-heal|p1a: Luna|44/100|[from] item: Leftovers
|upkeep
|turn|27
|
|t:|1760393301
|move|p2a: Bisharp|Iron Head|p1a: Luna
|-damage|p1a: Luna|16/100
|move|p1a: Luna|Foul Play|p2a: Bisharp
|-resisted|p2a: Bisharp
|-damage|p2a: Bisharp|26/100
|
|-heal|p1a: Luna|66/100|[from] move: Wish|[wisher] Luna
|-heal|p1a: Luna|72/100|[from] item: Leftovers
|upkeep
|turn|28
|
|t:|1760393308
|move|p2a: Bisharp|Rest|p2a: Bisharp
|-status|p2a: Bisharp|slp|[from] move: Rest
|-heal|p2a: Bisharp|100/100 slp|[silent]
|move|p1a: Luna|Wish|p1a: Luna
|
|-heal|p1a: Luna|78/100|[from] item: Leftovers
|upkeep
|turn|29
|
|t:|1760393311
|switch|p1a: Hermione|Delphox, F, tera:Fairy|100/100
|cant|p2a: Bisharp|slp
|move|p2a: Bisharp|Sleep Talk|p2a: Bisharp
|move|p2a: Bisharp|Sucker Punch||[from] move: Sleep Talk|[still]
|-fail|p2a: Bisharp
|
|upkeep
|turn|30
|
|t:|1760393329
|-terastallize|p2a: Bisharp|Dragon
|move|p1a: Hermione|Flamethrower|p2a: Bisharp
|-resisted|p2a: Bisharp
|-damage|p2a: Bisharp|79/100 slp
|cant|p2a: Bisharp|slp
|move|p2a: Bisharp|Sleep Talk|p2a: Bisharp
|move|p2a: Bisharp|Rest||[from] move: Sleep Talk|[still]
|-fail|p2a: Bisharp
|
|upkeep
|turn|31
|
|t:|1760393335
|switch|p1a: Luna|Umbreon, F|78/100
|-curestatus|p2a: Bisharp|slp|[msg]
|move|p2a: Bisharp|Iron Head|p1a: Luna
|-damage|p1a: Luna|51/100
|
|-heal|p1a: Luna|57/100|[from] item: Leftovers
|upkeep
|turn|32
|
|t:|1760393338
|move|p2a: Bisharp|Iron Head|p1a: Luna
|-damage|p1a: Luna|33/100
|move|p1a: Luna|Toxic|p2a: Bisharp
|-status|p2a: Bisharp|tox
|
|-heal|p1a: Luna|39/100|[from] item: Leftovers
|-damage|p2a: Bisharp|73/100 tox|[from] psn
|upkeep
|turn|33
|
|t:|1760393342
|move|p2a: Bisharp|Iron Head|p1a: Luna
|-damage|p1a: Luna|14/100
|move|p1a: Luna|Wish|p1a: Luna
|
|-heal|p1a: Luna|20/100|[from] item: Leftovers
|-damage|p2a: Bisharp|61/100 tox|[from] psn
|upkeep
|turn|34
|
|t:|1760393345
|move|p1a: Luna|Protect|p1a: Luna
|-singleturn|p1a: Luna|Protect
|move|p2a: Bisharp|Iron Head|p1a: Luna
|-activate|p1a: Luna|move: Protect
|
|-heal|p1a: Luna|70/100|[from] move: Wish|[wisher] Luna
|-heal|p1a: Luna|76/100|[from] item: Leftovers
|-damage|p2a: Bisharp|43/100 tox|[from] psn
|upkeep
|turn|35
|
|t:|1760393351
|move|p2a: Bisharp|Rest|p2a: Bisharp
|-status|p2a: Bisharp|slp|[from] move: Rest
|-heal|p2a: Bisharp|100/100 slp|[silent]
|move|p1a: Luna|Foul Play|p2a: Bisharp
|-damage|p2a: Bisharp|62/100 slp
|
|-heal|p1a: Luna|82/100|[from] item: Leftovers
|upkeep
|turn|36
|
|t:|1760393358
|cant|p2a: Bisharp|slp
|move|p2a: Bisharp|Sleep Talk|p2a: Bisharp
|move|p2a: Bisharp|Rest||[from] move: Sleep Talk|[still]
|-fail|p2a: Bisharp
|move|p1a: Luna|Foul Play|p2a: Bisharp
|-damage|p2a: Bisharp|29/100 slp
|
|-heal|p1a: Luna|89/100|[from] item: Leftovers
|upkeep
|turn|37
|
|t:|1760393365
|cant|p2a: Bisharp|slp
|move|p2a: Bisharp|Sleep Talk|p2a: Bisharp
|move|p2a: Bisharp|Rest||[from] move: Sleep Talk|[still]
|-fail|p2a: Bisharp
|move|p1a: Luna|Foul Play|p2a: Bisharp
|-damage|p2a: Bisharp|0 fnt
|faint|p2a: Bisharp
|
|-heal|p1a: Luna|95/100|[from] item: Leftovers
|upkeep
|
|t:|1760393367
|switch|p2a: Bronzong|Bronzong|72/100
|turn|38
|
|t:|1760393372
|move|p1a: Luna|Foul Play|p2a: Bronzong
|-supereffective|p2a: Bronzong
|-damage|p2a: Bronzong|31/100
|move|p2a: Bronzong|Iron Defense|p2a: Bronzong
|-boost|p2a: Bronzong|def|2
|
|-heal|p1a: Luna|100/100|[from] item: Leftovers
|-heal|p2a: Bronzong|37/100|[from] item: Leftovers
|upkeep
|turn|39
|
|t:|1760393377
|move|p1a: Luna|Foul Play|p2a: Bronzong
|-supereffective|p2a: Bronzong
|-damage|p2a: Bronzong|18/100
|move|p2a: Bronzong|Body Press|p1a: Luna
|-supereffective|p1a: Luna
|-damage|p1a: Luna|50/100
|
|-heal|p1a: Luna|56/100|[from] item: Leftovers
|-heal|p2a: Bronzong|24/100|[from] item: Leftovers
|upkeep
|turn|40
|
|t:|1760393387
|move|p1a: Luna|Foul Play|p2a: Bronzong
|-supereffective|p2a: Bronzong
|-damage|p2a: Bronzong|1/100
|move|p2a: Bronzong|Iron Defense|p2a: Bronzong
|-boost|p2a: Bronzong|def|2
|
|-heal|p1a: Luna|62/100|[from] item: Leftovers
|-heal|p2a: Bronzong|7/100|[from] item: Leftovers
|upkeep
|turn|41
|
|t:|1760393390
|move|p1a: Luna|Foul Play|p2a: Bronzong
|-supereffective|p2a: Bronzong
|-crit|p2a: Bronzong
|-damage|p2a: Bronzong|0 fnt
|faint|p2a: Bronzong
|
|win|Jerelmy
|raw|Jerelmy's rating: 1284 &rarr; <strong>1307</strong><br />(+23 for winning)
|raw|sir_miestro's rating: 1262 &rarr; <strong>1239</strong><br />(-23 for losing)
|l|☆sir_miestro
|player|p2|
|l|☆Jerelmy
|player|p1|
