|j|☆theonreekgreyjoy
|j|☆Maitredouard2
|t:|1760349013
|gametype|singles
|player|p1|theonreekgreyjoy|266|1638
|player|p2|Maitredouard2|266|1573
|gen|9
|tier|[Gen 9] OU
|rated|
|rule|HP Percentage Mod: HP is shown in percentages
|rule|Endless Battle Clause: Forcing endless battles is banned
|rule|Species Clause: Limit one of each Pokémon
|rule|OHKO Clause: OHKO moves are banned
|rule|Evasion Items Clause: Evasion items are banned
|rule|Evasion Moves Clause: Evasion moves are banned
|rule|Evasion Abilities Clause: Evasion abilities are banned
|rule|Sleep Moves Clause: Sleep-inducing moves are banned
|clearpoke
|poke|p1|Enamorus, F|
|poke|p1|Necrozma|
|poke|p1|Kingambit, M|
|poke|p1|Samurott-Hisui, M|
|poke|p1|Pecharunt|
|poke|p1|Iron Treads|
|poke|p2|Great Tusk|
|poke|p2|Dondozo, M|
|poke|p2|Cinderace, M|
|poke|p2|Hydrapple, M|
|poke|p2|Garganacl, M|
|poke|p2|Dragapult, M|
|teampreview
|inactive|Battle timer is ON: inactive players will automatically lose when time's up. (requested by Maitredouard2)
|
|t:|1760349023
|teamsize|p1|6
|teamsize|p2|6
|start
|switch|p1a: Samurott|Samurott-Hisui, M|100/100
|switch|p2a: Hydrapple|Hydrapple, M|100/100
|turn|1
|
|t:|1760349036
|switch|p1a: Enamorus|Enamorus, F|100/100
|move|p2a: Hydrapple|Giga Drain|p1a: Enamorus
|-resisted|p1a: Enamorus
|-damage|p1a: Enamorus|71/100
|
|upkeep
|turn|2
|
|t:|1760349043
|-terastallize|p2a: Hydrapple|Steel
|move|p1a: Enamorus|Moonblast|p2a: Hydrapple
|-resisted|p2a: Hydrapple
|-damage|p2a: Hydrapple|81/100
|-unboost|p2a: Hydrapple|spa|1
|move|p2a: Hydrapple|Tera Blast|p1a: Enamorus|[anim] Tera Blast Steel
|-supereffective|p1a: Enamorus
|-damage|p1a: Enamorus|0 fnt
|faint|p1a: Enamorus
|
|upkeep
|
|t:|1760349051
|switch|p1a: Iron Treads|Iron Treads|100/100
|turn|3
|
|t:|1760349056
|switch|p2a: Dondozo|Dondozo, M|100/100
|move|p1a: Iron Treads|Earthquake|p2a: Dondozo
|-damage|p2a: Dondozo|81/100
|
|-heal|p2a: Dondozo|87/100|[from] item: Leftovers
|upkeep
|turn|4
|
|t:|1760349063
|move|p1a: Iron Treads|Volt Switch|p2a: Dondozo
|-supereffective|p2a: Dondozo
|-damage|p2a: Dondozo|65/100
|
|t:|1760349068
|-end|p1a: Iron Treads|Quark Drive|[silent]
|switch|p1a: Samurott|Samurott-Hisui, M|100/100|[from] Volt Switch
|move|p2a: Dondozo|Wave Crash|p1a: Samurott
|-resisted|p1a: Samurott
|-damage|p1a: Samurott|73/100
|-damage|p2a: Dondozo|59/100|[from] Recoil
|
|-heal|p2a: Dondozo|65/100|[from] item: Leftovers
|upkeep
|turn|5
|
|t:|1760349073
|move|p1a: Samurott|Knock Off|p2a: Dondozo
|-damage|p2a: Dondozo|35/100
|-enditem|p2a: Dondozo|Leftovers|[from] move: Knock Off|[of] p1a: Samurott
|move|p2a: Dondozo|Body Press|p1a: Samurott
|-supereffective|p1a: Samurott
|-damage|p1a: Samurott|0 fnt
|faint|p1a: Samurott
|
|upkeep
|
|t:|1760349084
|switch|p1a: Necrozma|Necrozma|100/100
|turn|6
|
|t:|1760349087
|move|p1a: Necrozma|Photon Geyser|p2a: Dondozo
|-damage|p2a: Dondozo|0 fnt
|faint|p2a: Dondozo
|
|upkeep
|
|t:|1760349092
|switch|p2a: Hydrapple|Hydrapple, M, tera:Steel|100/100
|turn|7
|
|t:|1760349097
|move|p1a: Necrozma|Earth Power|p2a: Hydrapple
|-supereffective|p2a: Hydrapple
|-damage|p2a: Hydrapple|55/100
|move|p2a: Hydrapple|Earth Power|p1a: Necrozma
|-damage|p1a: Necrozma|70/100
|
|upkeep
|turn|8
|
|t:|1760349104
|move|p1a: Necrozma|Earth Power|p2a: Hydrapple
|-supereffective|p2a: Hydrapple
|-damage|p2a: Hydrapple|14/100
|move|p2a: Hydrapple|Fickle Beam|p1a: Necrozma
|-damage|p1a: Necrozma|31/100
|
|upkeep
|turn|9
|
|t:|1760349110
|switch|p2a: Dragapult|Dragapult, M|100/100
|move|p1a: Necrozma|Photon Geyser|p2a: Dragapult
|-damage|p2a: Dragapult|29/100
|
|upkeep
|turn|10
|
|t:|1760349118
|switch|p1a: Iron Treads|Iron Treads|100/100
|move|p2a: Dragapult|Fire Blast|p1a: Iron Treads
|-supereffective|p1a: Iron Treads
|-damage|p1a: Iron Treads|0 fnt
|faint|p1a: Iron Treads
|-end|p1a: Iron Treads|Quark Drive|[silent]
|
|upkeep
|
|t:|1760349126
|switch|p1a: Pecharunt|Pecharunt|100/100
|-item|p1a: Pecharunt|Air Balloon
|turn|11
|
|t:|1760349134
|switch|p2a: Cinderace|Cinderace, M|100/100
|switch|p1a: Kingambit|Kingambit, M|100/100
|-activate|p1a: Kingambit|ability: Supreme Overlord
|-start|p1a: Kingambit|fallen3|[silent]
|
|upkeep
|turn|12
|
|t:|1760349139
|-terastallize|p1a: Kingambit|Dark
|move|p1a: Kingambit|Sucker Punch|p2a: Cinderace
|-damage|p2a: Cinderace|0 fnt
|faint|p2a: Cinderace
|
|upkeep
|
|t:|1760349143
|switch|p2a: Great Tusk|Great Tusk|100/100
|turn|13
|
|t:|1760349152
|-end|p1a: Kingambit|fallen3|[silent]
|switch|p1a: Pecharunt|Pecharunt|100/100
|-item|p1a: Pecharunt|Air Balloon
|move|p2a: Great Tusk|Close Combat|p1a: Pecharunt
|-immune|p1a: Pecharunt
|
|upkeep
|turn|14
|
|t:|1760349159
|switch|p1a: Kingambit|Kingambit, M, tera:Dark|100/100
|-activate|p1a: Kingambit|ability: Supreme Overlord
|-start|p1a: Kingambit|fallen3|[silent]
|move|p2a: Great Tusk|Ice Spinner|p1a: Kingambit
|-damage|p1a: Kingambit|81/100
|
|upkeep
|turn|15
|
|t:|1760349164
|-end|p1a: Kingambit|fallen3|[silent]
|switch|p1a: Pecharunt|Pecharunt|100/100
|-item|p1a: Pecharunt|Air Balloon
|move|p2a: Great Tusk|Close Combat|p1a: Pecharunt
|-immune|p1a: Pecharunt
|
|upkeep
|turn|16
|
|t:|1760349167
|move|p1a: Pecharunt|Malignant Chain|p2a: Great Tusk
|-resisted|p2a: Great Tusk
|-damage|p2a: Great Tusk|73/100
|move|p2a: Great Tusk|Ice Spinner|p1a: Pecharunt
|-damage|p1a: Pecharunt|82/100
|-enditem|p1a: Pecharunt|Air Balloon
|
|upkeep
|turn|17
|
|t:|1760349175
|-end|p2a: Great Tusk|Protosynthesis|[silent]
|switch|p2a: Hydrapple|Hydrapple, M, tera:Steel|47/100
|move|p1a: Pecharunt|Malignant Chain|p2a: Hydrapple
|-immune|p2a: Hydrapple
|
|upkeep
|turn|18
|
|t:|1760349178
|move|p1a: Pecharunt|Nasty Plot|p1a: Pecharunt
|-boost|p1a: Pecharunt|spa|2
|move|p2a: Hydrapple|Fickle Beam|p1a: Pecharunt
|-damage|p1a: Pecharunt|37/100
|
|upkeep
|turn|19
|
|t:|1760349180
|move|p1a: Pecharunt|Shadow Ball|p2a: Hydrapple
|-damage|p2a: Hydrapple|12/100
|move|p2a: Hydrapple|Earth Power|p1a: Pecharunt
|-supereffective|p1a: Pecharunt
|-damage|p1a: Pecharunt|0 fnt
|faint|p1a: Pecharunt
|
|upkeep
|
|t:|1760349193
|switch|p1a: Kingambit|Kingambit, M, tera:Dark|81/100
|-activate|p1a: Kingambit|ability: Supreme Overlord
|-start|p1a: Kingambit|fallen4|[silent]
|turn|20
|
|t:|1760349198
|move|p1a: Kingambit|Kowtow Cleave|p2a: Hydrapple
|-damage|p2a: Hydrapple|0 fnt
|faint|p2a: Hydrapple
|
|upkeep
|
|t:|1760349201
|switch|p2a: Great Tusk|Great Tusk|73/100
|turn|21
|
|t:|1760349204
|-end|p1a: Kingambit|fallen4|[silent]
|switch|p1a: Necrozma|Necrozma|31/100
|move|p2a: Great Tusk|Close Combat|p1a: Necrozma
|-resisted|p1a: Necrozma
|-damage|p1a: Necrozma|7/100
|-unboost|p2a: Great Tusk|def|1
|-unboost|p2a: Great Tusk|spd|1
|
|upkeep
|turn|22
|
|t:|1760349209
|-end|p2a: Great Tusk|Protosynthesis|[silent]
|switch|p2a: Garganacl|Garganacl, M|100/100
|move|p1a: Necrozma|Trick Room|p1a: Necrozma
|-fieldstart|move: Trick Room|[of] p1a: Necrozma
|
|upkeep
|turn|23
|
|t:|1760349215
|move|p2a: Garganacl|Salt Cure|p1a: Necrozma
|-damage|p1a: Necrozma|0 fnt
|faint|p1a: Necrozma
|
|upkeep
|
|t:|1760349217
|switch|p1a: Kingambit|Kingambit, M, tera:Dark|81/100
|-activate|p1a: Kingambit|ability: Supreme Overlord
|-start|p1a: Kingambit|fallen5|[silent]
|turn|24
|
|t:|1760349220
|move|p2a: Garganacl|Protect|p2a: Garganacl
|-singleturn|p2a: Garganacl|Protect
|move|p1a: Kingambit|Iron Head|p2a: Garganacl
|-activate|p2a: Garganacl|move: Protect
|
|upkeep
|turn|25
|
|t:|1760349224
|switch|p2a: Dragapult|Dragapult, M|29/100
|move|p1a: Kingambit|Iron Head|p2a: Dragapult
|-damage|p2a: Dragapult|0 fnt
|faint|p2a: Dragapult
|
|upkeep
|
|t:|1760349226
|switch|p2a: Garganacl|Garganacl, M|100/100
|turn|26
|
|t:|1760349228
|move|p2a: Garganacl|Protect|p2a: Garganacl
|-singleturn|p2a: Garganacl|Protect
|move|p1a: Kingambit|Swords Dance|p1a: Kingambit
|-boost|p1a: Kingambit|atk|2
|
|-fieldend|move: Trick Room
|upkeep
|turn|27
|
|t:|1760349232
|move|p1a: Kingambit|Iron Head|p2a: Garganacl
|-supereffective|p2a: Garganacl
|-damage|p2a: Garganacl|0 fnt
|faint|p2a: Garganacl
|
|upkeep
|
|t:|1760349234
|switch|p2a: Great Tusk|Great Tusk|73/100
|turn|28
|
|t:|1760349238
|move|p1a: Kingambit|Sucker Punch|p2a: Great Tusk
|-resisted|p2a: Great Tusk
|-damage|p2a: Great Tusk|6/100
|move|p2a: Great Tusk|Close Combat|p1a: Kingambit
|-supereffective|p1a: Kingambit
|-damage|p1a: Kingambit|0 fnt
|-unboost|p2a: Great Tusk|def|1
|-unboost|p2a: Great Tusk|spd|1
|faint|p1a: Kingambit
|-end|p1a: Kingambit|fallen5|[silent]
|
|win|Maitredouard2
|raw|theonreekgreyjoy's rating: 1638 &rarr; <strong>1614</strong><br />(-24 for losing)
|raw|Maitredouard2's rating: 1573 &rarr; <strong>1597</strong><br />(+24 for winning)
|l|☆Maitredouard2
|player|p2|
