|j|☆kittensnax
|j|☆sminey
|t:|1760376725
|gametype|singles
|player|p1|kittensnax|schoolkidf|1563
|player|p2|sminey|266|1611
|gen|9
|tier|[Gen 9] OU
|rated|
|rule|HP Percentage Mod: HP is shown in percentages
|rule|Endless Battle Clause: Forcing endless battles is banned
|rule|Species Clause: Limit one of each Pokémon
|rule|OHKO Clause: OHKO moves are banned
|rule|Evasion Items Clause: Evasion items are banned
|rule|Evasion Moves Clause: Evasion moves are banned
|rule|Evasion Abilities Clause: Evasion abilities are banned
|rule|Sleep Moves Clause: Sleep-inducing moves are banned
|clearpoke
|poke|p1|Porygon2|
|poke|p1|Farigiraf, F|
|poke|p1|Dragonite, F|
|poke|p1|Primarina, F|
|poke|p1|Ursaluna, M|
|poke|p1|Gallade, M|
|poke|p2|Latios, M|
|poke|p2|Cinderace, F|
|poke|p2|Weavile, F|
|poke|p2|Zapdos|
|poke|p2|Clefable, F|
|poke|p2|Slowking-Galar, F|
|teampreview
|
|t:|1760376736
|teamsize|p1|6
|teamsize|p2|6
|start
|switch|p1a: FaRiGiЯaꟻ|Farigiraf, F, shiny|100/100
|switch|p2a: Weavile|Weavile, F|100/100
|-ability|p2a: Weavile|Pressure
|turn|1
|
|t:|1760376738
|move|p2a: Weavile|Swords Dance|p2a: Weavile
|-boost|p2a: Weavile|atk|2
|move|p1a: FaRiGiЯaꟻ|Trick Room|p1a: FaRiGiЯaꟻ
|-fieldstart|move: Trick Room|[of] p1a: FaRiGiЯaꟻ
|
|upkeep
|turn|2
|
|t:|1760376743
|move|p1a: FaRiGiЯaꟻ|Tera Blast|p2a: Weavile
|-damage|p2a: Weavile|46/100
|move|p2a: Weavile|Swords Dance|p2a: Weavile
|-boost|p2a: Weavile|atk|2
|
|upkeep
|turn|3
|
|t:|1760376748
|switch|p2a: Slowking|Slowking-Galar, F|100/100
|move|p1a: FaRiGiЯaꟻ|Tera Blast|p2a: Slowking
|-damage|p2a: Slowking|85/100
|
|upkeep
|turn|4
|
|t:|1760376752
|switch|p1a: Ursaluna|Ursaluna, M|100/100
|move|p2a: Slowking|Ice Beam|p1a: Ursaluna
|-supereffective|p1a: Ursaluna
|-damage|p1a: Ursaluna|57/100
|
|-status|p1a: Ursaluna|brn|[from] item: Flame Orb
|upkeep
|turn|5
|
|t:|1760376760
|switch|p2a: Zapdos|Zapdos|100/100
|move|p1a: Ursaluna|Facade|p2a: Zapdos
|-damage|p2a: Zapdos|9/100
|
|-damage|p1a: Ursaluna|51/100 brn|[from] brn
|-fieldend|move: Trick Room
|upkeep
|turn|6
|
|t:|1760376767
|switch|p1a: a special boy|Porygon2|100/100
|-ability|p1a: a special boy|Download|boost
|-boost|p1a: a special boy|spa|1
|move|p2a: Zapdos|Hurricane|p1a: a special boy|[miss]
|-miss|p2a: Zapdos|p1a: a special boy
|
|upkeep
|turn|7
|
|t:|1760376777
|move|p2a: Zapdos|Roost|p2a: Zapdos
|-heal|p2a: Zapdos|59/100
|-singleturn|p2a: Zapdos|move: Roost
|move|p1a: a special boy|Tera Blast|p2a: Zapdos
|-damage|p2a: Zapdos|6/100
|
|upkeep
|turn|8
|
|t:|1760376785
|move|p2a: Zapdos|Volt Switch|p1a: a special boy
|-damage|p1a: a special boy|82/100
|
|t:|1760376789
|switch|p2a: Slowking|Slowking-Galar, F|100/100|[from] Volt Switch
|move|p1a: a special boy|Tera Blast|p2a: Slowking
|-damage|p2a: Slowking|75/100
|
|upkeep
|turn|9
|
|t:|1760376798
|move|p1a: a special boy|Tera Blast|p2a: Slowking
|-damage|p2a: Slowking|50/100
|move|p2a: Slowking|Sludge Bomb|p1a: a special boy
|-damage|p1a: a special boy|59/100
|
|upkeep
|turn|10
|
|t:|1760376809
|switch|p2a: Clefable|Clefable, F|100/100
|-terastallize|p1a: a special boy|Ghost
|move|p1a: a special boy|Tera Blast|p2a: Clefable|[anim] Tera Blast Ghost
|-damage|p2a: Clefable|65/100
|
|upkeep
|turn|11
|
|t:|1760376824
|move|p2a: Clefable|Knock Off|p1a: a special boy
|-supereffective|p1a: a special boy
|-damage|p1a: a special boy|38/100
|-enditem|p1a: a special boy|Eviolite|[from] move: Knock Off|[of] p2a: Clefable
|move|p1a: a special boy|Tera Blast|p2a: Clefable|[anim] Tera Blast Ghost
|-damage|p2a: Clefable|28/100
|
|upkeep
|turn|12
|
|t:|1760376839
|switch|p1a: Gallade|Gallade, M|100/100
|move|p2a: Clefable|Moonblast|p1a: Gallade
|-supereffective|p1a: Gallade
|-damage|p1a: Gallade|45/100
|
|-heal|p1a: Gallade|52/100|[from] item: Leftovers
|upkeep
|turn|13
|
|t:|1760376845
|move|p2a: Clefable|Moonblast|p1a: Gallade
|-supereffective|p1a: Gallade
|-damage|p1a: Gallade|0 fnt
|faint|p1a: Gallade
|
|upkeep
|
|t:|1760376858
|switch|p1a: Dragonite|Dragonite, F|100/100
|turn|14
|
|t:|1760376861
|move|p1a: Dragonite|Extreme Speed|p2a: Clefable
|-damage|p2a: Clefable|3/100
|move|p2a: Clefable|Moonlight|p2a: Clefable
|-heal|p2a: Clefable|53/100
|
|upkeep
|turn|15
|
|t:|1760376865
|switch|p1a: FaRiGiЯaꟻ|Farigiraf, F, shiny|100/100
|move|p2a: Clefable|Moonlight|p2a: Clefable
|-heal|p2a: Clefable|100/100
|
|upkeep
|turn|16
|
|t:|1760376870
|move|p2a: Clefable|Calm Mind|p2a: Clefable
|-boost|p2a: Clefable|spa|1
|-boost|p2a: Clefable|spd|1
|move|p1a: FaRiGiЯaꟻ|Trick Room|p1a: FaRiGiЯaꟻ
|-fieldstart|move: Trick Room|[of] p1a: FaRiGiЯaꟻ
|
|upkeep
|turn|17
|
|t:|1760376875
|move|p1a: FaRiGiЯaꟻ|Psyshock|p2a: Clefable
|-damage|p2a: Clefable|71/100
|move|p2a: Clefable|Calm Mind|p2a: Clefable
|-boost|p2a: Clefable|spa|1
|-boost|p2a: Clefable|spd|1
|
|upkeep
|turn|18
|
|t:|1760376883
|move|p1a: FaRiGiЯaꟻ|Psyshock|p2a: Clefable
|-damage|p2a: Clefable|42/100
|move|p2a: Clefable|Moonblast|p1a: FaRiGiЯaꟻ
|-damage|p1a: FaRiGiЯaꟻ|29/100
|
|upkeep
|turn|19
|
|t:|1760376896
|move|p1a: FaRiGiЯaꟻ|Psyshock|p2a: Clefable
|-damage|p2a: Clefable|9/100
|move|p2a: Clefable|Moonlight|p2a: Clefable
|-heal|p2a: Clefable|59/100
|
|upkeep
|turn|20
|
|t:|1760376901
|move|p1a: FaRiGiЯaꟻ|Psyshock|p2a: Clefable
|-damage|p2a: Clefable|30/100
|move|p2a: Clefable|Moonlight|p2a: Clefable
|-heal|p2a: Clefable|80/100
|
|-fieldend|move: Trick Room
|upkeep
|turn|21
|
|t:|1760376906
|move|p2a: Clefable|Moonblast|p1a: FaRiGiЯaꟻ
|-damage|p1a: FaRiGiЯaꟻ|0 fnt
|faint|p1a: FaRiGiЯaꟻ
|
|upkeep
|
|t:|1760376910
|switch|p1a: Primarina|Primarina, F|100/100
|turn|22
|-message|kittensnax forfeited.
|
|win|sminey
|raw|kittensnax's rating: 1563 &rarr; <strong>1546</strong><br />(-17 for losing)
|raw|sminey's rating: 1611 &rarr; <strong>1628</strong><br />(+17 for winning)
|l|☆kittensnax
|player|p1|
|l|☆sminey
|player|p2|
