|j|☆DontMissMantine
|j|☆will-i-am2
|t:|1760381127
|gametype|singles
|player|p1|DontMissMantine|lucas|1794
|player|p2|will-i-am2|265|1760
|gen|9
|tier|[Gen 9] OU
|rated|
|rule|HP Percentage Mod: HP is shown in percentages
|rule|Endless Battle Clause: Forcing endless battles is banned
|rule|Species Clause: Limit one of each Pokémon
|rule|OHKO Clause: OHKO moves are banned
|rule|Evasion Items Clause: Evasion items are banned
|rule|Evasion Moves Clause: Evasion moves are banned
|rule|Evasion Abilities Clause: Evasion abilities are banned
|rule|Sleep Moves Clause: Sleep-inducing moves are banned
|clearpoke
|poke|p1|Pelipper, F|
|poke|p1|Beartic, M|
|poke|p1|Barraskewda, M|
|poke|p1|Ogerpon-Wellspring, F|
|poke|p1|Zapdos|
|poke|p1|Hatterene, F|
|poke|p2|Registeel|
|poke|p2|Mamoswine, M|
|poke|p2|Mimikyu, F|
|poke|p2|Hydreigon, M|
|poke|p2|Slowbro, F|
|poke|p2|Mandibuzz, F|
|teampreview
|inactive|Battle timer is ON: inactive players will automatically lose when time's up. (requested by DontMissMantine)
|inactive|will-i-am2 has 120 seconds left.
|
|t:|1760381168
|teamsize|p1|6
|teamsize|p2|6
|start
|switch|p1a: Pelipper|Pelipper, F|100/100
|switch|p2a: Slowbro|Slowbro, F|100/100
|-weather|RainDance|[from] ability: Drizzle|[of] p1a: Pelipper
|turn|1
|
|t:|1760381175
|switch|p1a: Zapdos|Zapdos|100/100
|move|p2a: Slowbro|Scald|p1a: Zapdos
|-damage|p1a: Zapdos|59/100
|
|-weather|RainDance|[upkeep]
|upkeep
|turn|2
|
|t:|1760381185
|switch|p2a: Registeel|Registeel|100/100
|move|p1a: Zapdos|Thunder|p2a: Registeel
|-damage|p2a: Registeel|71/100
|-status|p2a: Registeel|par
|
|-weather|RainDance|[upkeep]
|-heal|p2a: Registeel|77/100 par|[from] item: Leftovers
|upkeep
|turn|3
|
|t:|1760381195
|move|p1a: Zapdos|Volt Switch|p2a: Registeel
|-damage|p2a: Registeel|58/100 par
|
|t:|1760381198
|switch|p1a: Hatterene|Hatterene, F|100/100|[from] Volt Switch
|cant|p2a: Registeel|par
|
|-weather|RainDance|[upkeep]
|-heal|p2a: Registeel|65/100 par|[from] item: Leftovers
|upkeep
|turn|4
|
|t:|1760381211
|switch|p1a: Zapdos|Zapdos|59/100
|move|p2a: Registeel|Iron Head|p1a: Zapdos
|-resisted|p1a: Zapdos
|-damage|p1a: Zapdos|45/100
|
|-weather|RainDance|[upkeep]
|-heal|p2a: Registeel|71/100 par|[from] item: Leftovers
|upkeep
|turn|5
|
|t:|1760381220
|switch|p2a: Hydreigon|Hydreigon, M|100/100
|move|p1a: Zapdos|Volt Switch|p2a: Hydreigon
|-resisted|p2a: Hydreigon
|-damage|p2a: Hydreigon|81/100
|
|t:|1760381225
|switch|p1a: Beartic|Beartic, M|100/100|[from] Volt Switch
|
|-weather|RainDance|[upkeep]
|upkeep
|turn|6
|
|t:|1760381232
|switch|p2a: Slowbro|Slowbro, F|100/100
|move|p1a: Beartic|Icicle Spear|p2a: Slowbro
|-resisted|p2a: Slowbro
|-damage|p2a: Slowbro|95/100
|-resisted|p2a: Slowbro
|-crit|p2a: Slowbro
|-damage|p2a: Slowbro|85/100
|-resisted|p2a: Slowbro
|-damage|p2a: Slowbro|80/100
|-resisted|p2a: Slowbro
|-damage|p2a: Slowbro|74/100
|-hitcount|p2a: Slowbro|4
|
|-weather|RainDance|[upkeep]
|-heal|p2a: Slowbro|80/100|[from] item: Leftovers
|upkeep
|turn|7
|
|t:|1760381247
|-terastallize|p1a: Beartic|Electric
|move|p1a: Beartic|Tera Blast|p2a: Slowbro|[anim] Tera Blast Electric
|-supereffective|p2a: Slowbro
|-damage|p2a: Slowbro|2/100
|move|p2a: Slowbro|Scald|p1a: Beartic
|-crit|p1a: Beartic
|-damage|p1a: Beartic|0 fnt
|faint|p1a: Beartic
|
|-weather|RainDance|[upkeep]
|-heal|p2a: Slowbro|9/100|[from] item: Leftovers
|upkeep
|
|t:|1760381259
|switch|p1a: Ogerpon|Ogerpon-Wellspring, F|100/100
|turn|8
|
|t:|1760381269
|switch|p2a: Mandibuzz|Mandibuzz, F|100/100
|move|p1a: Ogerpon|Ivy Cudgel|p2a: Mandibuzz|[anim] Ivy Cudgel Water
|-damage|p2a: Mandibuzz|54/100
|
|-weather|none
|upkeep
|turn|9
|
|t:|1760381277
|move|p1a: Ogerpon|Play Rough|p2a: Mandibuzz
|-supereffective|p2a: Mandibuzz
|-damage|p2a: Mandibuzz|17/100
|-damage|p1a: Ogerpon|84/100|[from] item: Rocky Helmet|[of] p2a: Mandibuzz
|move|p2a: Mandibuzz|Roost|p2a: Mandibuzz
|-heal|p2a: Mandibuzz|67/100
|-singleturn|p2a: Mandibuzz|move: Roost
|
|upkeep
|turn|10
|inactive|will-i-am2 has 120 seconds left.
|inactive|will-i-am2 has 90 seconds left.
|
|t:|1760381349
|move|p1a: Ogerpon|Encore|p2a: Mandibuzz
|-start|p2a: Mandibuzz|Encore
|move|p2a: Mandibuzz|Roost|p2a: Mandibuzz
|-heal|p2a: Mandibuzz|100/100
|-singleturn|p2a: Mandibuzz|move: Roost
|
|upkeep
|turn|11
|
|t:|1760381357
|switch|p1a: Pelipper|Pelipper, F|100/100
|-weather|RainDance|[from] ability: Drizzle|[of] p1a: Pelipper
|switch|p2a: Registeel|Registeel|71/100 par
|
|-weather|RainDance|[upkeep]
|-heal|p2a: Registeel|77/100 par|[from] item: Leftovers
|upkeep
|turn|12
|inactive|will-i-am2 has 90 seconds left.
|
|t:|1760381397
|move|p1a: Pelipper|U-turn|p2a: Registeel
|-resisted|p2a: Registeel
|-crit|p2a: Registeel
|-damage|p2a: Registeel|72/100 par
|
|t:|1760381400
|switch|p1a: Hatterene|Hatterene, F|100/100|[from] U-turn
|cant|p2a: Registeel|par
|
|-weather|RainDance|[upkeep]
|-heal|p2a: Registeel|78/100 par|[from] item: Leftovers
|upkeep
|turn|13
|inactive|will-i-am2 has 60 seconds left.
|inactive|will-i-am2 has 30 seconds left.
|inactive|will-i-am2 has 20 seconds left.
|inactive|will-i-am2 has 15 seconds left.
|inactive|will-i-am2 has 10 seconds left.
|inactive|will-i-am2 has 5 seconds left.
|
|t:|1760381479
|move|p1a: Hatterene|Psychic Noise|p2a: Registeel
|-resisted|p2a: Registeel
|-damage|p2a: Registeel|70/100 par
|-start|p2a: Registeel|move: Heal Block
|move|p2a: Registeel|Iron Head|p1a: Hatterene
|-supereffective|p1a: Hatterene
|-crit|p1a: Hatterene
|-damage|p1a: Hatterene|48/100
|-enditem|p1a: Hatterene|Eject Button
|
|t:|1760381487
|switch|p1a: Ogerpon|Ogerpon-Wellspring, F|84/100
|
|-weather|RainDance|[upkeep]
|upkeep
|turn|14
|inactive|will-i-am2 has 20 seconds left this turn.
|inactive|will-i-am2 has 15 seconds left.
|
|t:|1760381496
|move|p1a: Ogerpon|Ivy Cudgel|p2a: Registeel|[anim] Ivy Cudgel Water
|-damage|p2a: Registeel|19/100 par
|move|p2a: Registeel|Thunder Wave|p1a: Ogerpon
|-status|p1a: Ogerpon|par
|
|-weather|RainDance|[upkeep]
|-end|p2a: Registeel|move: Heal Block
|upkeep
|turn|15
|inactive|will-i-am2 has 25 seconds left this turn.
|
|t:|1760381505
|move|p1a: Ogerpon|Ivy Cudgel|p2a: Registeel|[anim] Ivy Cudgel Water
|-damage|p2a: Registeel|0 fnt
|faint|p2a: Registeel
|
|-weather|RainDance|[upkeep]
|upkeep
|inactive|will-i-am2 has 30 seconds left this turn.
|inactive|will-i-am2 has 20 seconds left.
|inactive|will-i-am2 has 15 seconds left.
|inactive|will-i-am2 has 10 seconds left.
|
|t:|1760381530
|switch|p2a: Mandibuzz|Mandibuzz, F|100/100
|turn|16
|inactive|will-i-am2 has 20 seconds left this turn.
|
|t:|1760381533
|switch|p1a: Zapdos|Zapdos|45/100
|move|p2a: Mandibuzz|Foul Play|p1a: Zapdos
|-damage|p1a: Zapdos|15/100
|-status|p2a: Mandibuzz|par|[from] ability: Static|[of] p1a: Zapdos
|
|-weather|RainDance|[upkeep]
|upkeep
|turn|17
|inactive|will-i-am2 has 30 seconds left this turn.
|inactive|will-i-am2 has 20 seconds left.
|
|t:|1760381546
|switch|p2a: Hydreigon|Hydreigon, M|81/100
|move|p1a: Zapdos|Hurricane|p2a: Hydreigon
|-damage|p2a: Hydreigon|22/100
|-start|p2a: Hydreigon|confusion
|
|-weather|RainDance|[upkeep]
|upkeep
|turn|18
|inactive|will-i-am2 has 30 seconds left this turn.
|
|t:|1760381556
|-activate|p2a: Hydreigon|confusion
|move|p2a: Hydreigon|Dark Pulse|p1a: Zapdos
|-damage|p1a: Zapdos|0 fnt
|faint|p1a: Zapdos
|
|-weather|none
|upkeep
|
|t:|1760381562
|switch|p1a: Pelipper|Pelipper, F|100/100
|-weather|RainDance|[from] ability: Drizzle|[of] p1a: Pelipper
|turn|19
|inactive|will-i-am2 has 30 seconds left.
|
|t:|1760381580
|-activate|p2a: Hydreigon|confusion
|move|p2a: Hydreigon|Draco Meteor|p1a: Pelipper
|-damage|p1a: Pelipper|13/100
|-unboost|p2a: Hydreigon|spa|2
|move|p1a: Pelipper|U-turn|p2a: Hydreigon
|-supereffective|p2a: Hydreigon
|-damage|p2a: Hydreigon|0 fnt
|faint|p2a: Hydreigon
|
|t:|1760381600
|switch|p1a: Barraskewda|Barraskewda, M|100/100|[from] U-turn
|
|-weather|RainDance|[upkeep]
|upkeep
|inactive|will-i-am2 has 30 seconds left.
|
|t:|1760381609
|switch|p2a: Mandibuzz|Mandibuzz, F|100/100 par
|turn|20
|
|t:|1760381613
|move|p1a: Barraskewda|Flip Turn|p2a: Mandibuzz
|-damage|p2a: Mandibuzz|68/100 par
|-damage|p1a: Barraskewda|84/100|[from] item: Rocky Helmet|[of] p2a: Mandibuzz
|
|t:|1760381618
|switch|p1a: Hatterene|Hatterene, F|48/100|[from] Flip Turn
|move|p2a: Mandibuzz|Foul Play|p1a: Hatterene
|-damage|p1a: Hatterene|23/100
|
|-weather|RainDance|[upkeep]
|upkeep
|turn|21
|
|t:|1760381627
|switch|p2a: Mamoswine|Mamoswine, M|100/100
|move|p1a: Hatterene|Healing Wish|p1a: Hatterene
|faint|p1a: Hatterene
|
|-weather|RainDance|[upkeep]
|upkeep
|
|t:|1760381635
|switch|p1a: Ogerpon|Ogerpon-Wellspring, F|84/100 par
|-heal|p1a: Ogerpon|100/100|[from] move: Healing Wish
|turn|22
|inactive|will-i-am2 has 60 seconds left.
|
|t:|1760381651
|switch|p2a: Mandibuzz|Mandibuzz, F|68/100 par
|move|p1a: Ogerpon|Ivy Cudgel|p2a: Mandibuzz|[anim] Ivy Cudgel Water
|-damage|p2a: Mandibuzz|17/100 par
|
|-weather|RainDance|[upkeep]
|upkeep
|turn|23
|
|t:|1760381658
|move|p1a: Ogerpon|Ivy Cudgel|p2a: Mandibuzz|[anim] Ivy Cudgel Water
|-damage|p2a: Mandibuzz|0 fnt
|faint|p2a: Mandibuzz
|
|-weather|RainDance|[upkeep]
|upkeep
|inactive|will-i-am2 has 60 seconds left.
|
|t:|1760381665
|switch|p2a: Mimikyu|Mimikyu, F|100/100
|turn|24
|
|t:|1760381671
|move|p1a: Ogerpon|Ivy Cudgel|p2a: Mimikyu|[anim] Ivy Cudgel Water
|-activate|p2a: Mimikyu|ability: Disguise
|-damage|p2a: Mimikyu|100/100
|detailschange|p2a: Mimikyu|Mimikyu-Busted, F
|-damage|p2a: Mimikyu|88/100|[from] pokemon: Mimikyu-Busted
|move|p2a: Mimikyu|Play Rough|p1a: Ogerpon
|-damage|p1a: Ogerpon|29/100
|
|-weather|RainDance|[upkeep]
|upkeep
|turn|25
|j| Jimmy Powka
|
|t:|1760381686
|switch|p1a: Barraskewda|Barraskewda, M|84/100
|move|p2a: Mimikyu|Play Rough|p1a: Barraskewda
|-damage|p1a: Barraskewda|0 fnt
|faint|p1a: Barraskewda
|
|-weather|RainDance|[upkeep]
|upkeep
|-message|DontMissMantine forfeited.
|
|win|will-i-am2
|raw|DontMissMantine's rating: 1794 &rarr; <strong>1771</strong><br />(-23 for losing)
|raw|will-i-am2's rating: 1744 &rarr; <strong>1767</strong><br />(+23 for winning)
|l|☆DontMissMantine
|player|p1|
|l|☆will-i-am2
|player|p2|
