|j|☆xw haha
|j|☆Dew123
|t:|1760331552
|gametype|singles
|player|p1|xw haha|volkner|1355
|player|p2|Dew123|biker-gen4|1324
|gen|9
|tier|[Gen 9] OU
|rated|
|rule|HP Percentage Mod: HP is shown in percentages
|rule|Endless Battle Clause: Forcing endless battles is banned
|rule|Species Clause: Limit one of each Pokémon
|rule|OHKO Clause: OHKO moves are banned
|rule|Evasion Items Clause: Evasion items are banned
|rule|Evasion Moves Clause: Evasion moves are banned
|rule|Evasion Abilities Clause: Evasion abilities are banned
|rule|Sleep Moves Clause: Sleep-inducing moves are banned
|clearpoke
|poke|p1|Weezing-Galar, F|
|poke|p1|Garganacl, F|
|poke|p1|Gholdengo|
|poke|p1|Raging Bolt|
|poke|p1|Great Tusk|
|poke|p1|Iron Valiant|
|poke|p2|Maushold-Four|
|poke|p2|Kyurem|
|poke|p2|Cloyster, F|
|poke|p2|Cinccino, F|
|poke|p2|Toucannon, F|
|poke|p2|Garchomp, M|
|teampreview
|inactive|Battle timer is ON: inactive players will automatically lose when time's up. (requested by Dew123)
|
|t:|1760331567
|teamsize|p1|6
|teamsize|p2|6
|start
|switch|p1a: Weezing|Weezing-Galar, F|100/100
|switch|p2a: Cloyster|Cloyster, F|100/100
|turn|1
|inactive|Dew123 has 120 seconds left.
|
|t:|1760331616
|move|p2a: Cloyster|Shell Smash|p2a: Cloyster
|-unboost|p2a: Cloyster|def|1
|-unboost|p2a: Cloyster|spd|1
|-boost|p2a: Cloyster|atk|2
|-boost|p2a: Cloyster|spa|2
|-boost|p2a: Cloyster|spe|2
|-enditem|p2a: Cloyster|White Herb
|-clearnegativeboost|p2a: Cloyster|[silent]
|move|p1a: Weezing|Will-O-Wisp|p2a: Cloyster
|-status|p2a: Cloyster|brn
|
|-damage|p2a: Cloyster|94/100 brn|[from] brn
|upkeep
|turn|2
|
|t:|1760331640
|-terastallize|p2a: Cloyster|Water
|move|p2a: Cloyster|Surf|p1a: Weezing
|-damage|p1a: Weezing|7/100
|move|p1a: Weezing|Clear Smog|p2a: Cloyster
|-damage|p2a: Cloyster|57/100 brn
|-clearboost|p2a: Cloyster
|
|-heal|p1a: Weezing|13/100|[from] item: Black Sludge
|-damage|p2a: Cloyster|51/100 brn|[from] brn
|upkeep
|turn|3
|inactive|Dew123 has 120 seconds left.
|
|t:|1760331663
|switch|p1a: Raging Bolt|Raging Bolt|100/100
|move|p2a: Cloyster|Surf|p1a: Raging Bolt
|-resisted|p1a: Raging Bolt
|-damage|p1a: Raging Bolt|91/100
|
|-damage|p2a: Cloyster|44/100 brn|[from] brn
|upkeep
|turn|4
|
|t:|1760331673
|move|p2a: Cloyster|Icicle Spear|p1a: Raging Bolt
|-supereffective|p1a: Raging Bolt
|-damage|p1a: Raging Bolt|83/100
|-supereffective|p1a: Raging Bolt
|-damage|p1a: Raging Bolt|75/100
|-supereffective|p1a: Raging Bolt
|-damage|p1a: Raging Bolt|66/100
|-supereffective|p1a: Raging Bolt
|-damage|p1a: Raging Bolt|57/100
|-supereffective|p1a: Raging Bolt
|-damage|p1a: Raging Bolt|48/100
|-hitcount|p1a: Raging Bolt|5
|move|p1a: Raging Bolt|Volt Switch|p2a: Cloyster
|-supereffective|p2a: Cloyster
|-damage|p2a: Cloyster|0 fnt
|faint|p2a: Cloyster
|inactive|xw haha has 120 seconds left.
|
|t:|1760331694
|-end|p1a: Raging Bolt|Protosynthesis|[silent]
|switch|p1a: Garganacl|Garganacl, F|100/100|[from] Volt Switch
|
|upkeep
|
|t:|1760331699
|switch|p2a: Garchomp|Garchomp, M|100/100
|turn|5
|
|t:|1760331708
|switch|p1a: Weezing|Weezing-Galar, F|13/100
|move|p2a: Garchomp|Swords Dance|p2a: Garchomp
|-boost|p2a: Garchomp|atk|2
|
|-heal|p1a: Weezing|19/100|[from] item: Black Sludge
|upkeep
|turn|6
|
|t:|1760331716
|move|p2a: Garchomp|Fire Fang|p1a: Weezing
|-damage|p1a: Weezing|0 fnt
|faint|p1a: Weezing
|
|upkeep
|
|t:|1760331725
|switch|p1a: Great Tusk|Great Tusk|100/100
|turn|7
|
|t:|1760331731
|move|p2a: Garchomp|Scale Shot|p1a: Great Tusk
|-damage|p1a: Great Tusk|85/100
|-damage|p1a: Great Tusk|68/100
|-crit|p1a: Great Tusk
|-damage|p1a: Great Tusk|44/100
|-damage|p1a: Great Tusk|27/100
|-hitcount|p1a: Great Tusk|4
|-unboost|p2a: Garchomp|def|1
|-boost|p2a: Garchomp|spe|1
|move|p1a: Great Tusk|Stealth Rock|p2a: Garchomp
|-sidestart|p2: Dew123|move: Stealth Rock
|
|upkeep
|turn|8
|
|t:|1760331742
|move|p2a: Garchomp|Scale Shot|p1a: Great Tusk
|-damage|p1a: Great Tusk|9/100
|-damage|p1a: Great Tusk|0 fnt
|faint|p1a: Great Tusk
|-end|p1a: Great Tusk|Protosynthesis|[silent]
|-hitcount|p1: Great Tusk|2
|-unboost|p2a: Garchomp|def|1
|-boost|p2a: Garchomp|spe|1
|
|upkeep
|
|t:|1760331756
|switch|p1a: Garganacl|Garganacl, F|100/100
|turn|9
|
|t:|1760331762
|-terastallize|p1a: Garganacl|Ghost
|move|p2a: Garchomp|Earthquake|p1a: Garganacl
|-damage|p1a: Garganacl|32/100
|move|p1a: Garganacl|Salt Cure|p2a: Garchomp
|-resisted|p2a: Garchomp
|-damage|p2a: Garchomp|88/100
|-start|p2a: Garchomp|Salt Cure
|
|-heal|p1a: Garganacl|38/100|[from] item: Leftovers
|-damage|p2a: Garchomp|75/100|[from] Salt Cure
|upkeep
|turn|10
|
|t:|1760331774
|move|p1a: Garganacl|Protect|p1a: Garganacl
|-singleturn|p1a: Garganacl|Protect
|move|p2a: Garchomp|Scale Shot|p1a: Garganacl
|-activate|p1a: Garganacl|move: Protect
|
|-heal|p1a: Garganacl|45/100|[from] item: Leftovers
|-damage|p2a: Garchomp|63/100|[from] Salt Cure
|upkeep
|turn|11
|
|t:|1760331784
|switch|p1a: Iron Valiant|Iron Valiant|100/100
|-enditem|p1a: Iron Valiant|Booster Energy
|-activate|p1a: Iron Valiant|ability: Quark Drive|[fromitem]
|-start|p1a: Iron Valiant|quarkdrivespe
|move|p2a: Garchomp|Earthquake|p1a: Iron Valiant
|-damage|p1a: Iron Valiant|0 fnt
|faint|p1a: Iron Valiant
|-end|p1a: Iron Valiant|Quark Drive|[silent]
|
|-damage|p2a: Garchomp|51/100|[from] Salt Cure
|upkeep
|
|t:|1760331797
|switch|p1a: Gholdengo|Gholdengo|100/100
|-item|p1a: Gholdengo|Air Balloon
|turn|12
|
|t:|1760331803
|move|p2a: Garchomp|Fire Fang|p1a: Gholdengo
|-supereffective|p1a: Gholdengo
|-damage|p1a: Gholdengo|19/100
|-enditem|p1a: Gholdengo|Air Balloon
|move|p1a: Gholdengo|Shadow Ball|p2a: Garchomp
|-damage|p2a: Garchomp|2/100
|-unboost|p2a: Garchomp|spd|1
|
|-damage|p2a: Garchomp|0 fnt|[from] Salt Cure
|faint|p2a: Garchomp
|upkeep
|
|t:|1760331806
|switch|p2a: Toucannon|Toucannon, F|100/100
|-damage|p2a: Toucannon|76/100|[from] Stealth Rock
|turn|13
|
|t:|1760331825
|switch|p1a: Garganacl|Garganacl, F, tera:Ghost|45/100
|move|p2a: Toucannon|Bullet Seed|p1a: Garganacl
|-damage|p1a: Garganacl|36/100
|-damage|p1a: Garganacl|27/100
|-damage|p1a: Garganacl|18/100
|-damage|p1a: Garganacl|8/100
|-damage|p1a: Garganacl|0 fnt
|faint|p1a: Garganacl
|-hitcount|p1: Garganacl|5
|
|upkeep
|
|t:|1760331837
|switch|p1a: Raging Bolt|Raging Bolt|48/100
|turn|14
|
|t:|1760331841
|move|p1a: Raging Bolt|Thunderclap|p2a: Toucannon
|-supereffective|p2a: Toucannon
|-damage|p2a: Toucannon|0 fnt
|faint|p2a: Toucannon
|
|upkeep
|
|t:|1760331843
|switch|p2a: Cinccino|Cinccino, F|100/100
|-damage|p2a: Cinccino|88/100|[from] Stealth Rock
|turn|15
|
|t:|1760331850
|-end|p1a: Raging Bolt|Protosynthesis|[silent]
|switch|p1a: Gholdengo|Gholdengo|19/100
|move|p2a: Cinccino|Tidy Up|p2a: Cinccino
|-sideend|p2: Dew123|Stealth Rock
|-activate|p2a: Cinccino|move: Tidy Up
|-boost|p2a: Cinccino|atk|1
|-boost|p2a: Cinccino|spe|1
|
|upkeep
|turn|16
|-message|xw haha forfeited.
|
|win|Dew123
|raw|xw haha's rating: 1355 &rarr; <strong>1333</strong><br />(-22 for losing)
|raw|Dew123's rating: 1324 &rarr; <strong>1346</strong><br />(+22 for winning)
|l|☆xw haha
|player|p1|
|l|☆Dew123
|player|p2|
