|j|☆Opjbb
|j|☆CEO of open
|t:|1760346051
|gametype|singles
|player|p1|Opjbb|cheryl|1546
|player|p2|CEO of open|bugcatcher-gen4dp|1625
|gen|9
|tier|[Gen 9] OU
|rated|
|rule|HP Percentage Mod: HP is shown in percentages
|rule|Endless Battle Clause: Forcing endless battles is banned
|rule|Species Clause: Limit one of each Pokémon
|rule|OHKO Clause: OHKO moves are banned
|rule|Evasion Items Clause: Evasion items are banned
|rule|Evasion Moves Clause: Evasion moves are banned
|rule|Evasion Abilities Clause: Evasion abilities are banned
|rule|Sleep Moves Clause: Sleep-inducing moves are banned
|clearpoke
|poke|p1|Enamorus, F|
|poke|p1|Primarina, M|
|poke|p1|Raging Bolt|
|poke|p1|Heatran, M|
|poke|p1|Landorus-Therian, M|
|poke|p1|Corviknight, F|
|poke|p2|Ceruledge, M|
|poke|p2|Breloom, M|
|poke|p2|Dragonite, F|
|poke|p2|Kingambit, M|
|poke|p2|Great Tusk|
|poke|p2|Weavile, M|
|teampreview
|inactive|Battle timer is ON: inactive players will automatically lose when time's up. (requested by Opjbb)
|inactive|CEO of open also wants the timer to be on.
|
|t:|1760346081
|teamsize|p1|6
|teamsize|p2|6
|start
|switch|p1a: Primarina|Primarina, M|100/100
|switch|p2a: Weavile|Weavile, M|100/100
|-ability|p2a: Weavile|Pressure
|turn|1
|
|t:|1760346088
|move|p2a: Weavile|Swords Dance|p2a: Weavile
|-boost|p2a: Weavile|atk|2
|move|p1a: Primarina|Moonblast|p2a: Weavile
|-supereffective|p2a: Weavile
|-enditem|p2a: Weavile|Focus Sash
|-damage|p2a: Weavile|1/100
|
|upkeep
|turn|2
|
|t:|1760346091
|switch|p1a: Corviknight|Corviknight, F|100/100
|-ability|p1a: Corviknight|Pressure
|move|p2a: Weavile|Beat Up|p1a: Corviknight
|-damage|p1a: Corviknight|91/100
|-damage|p1a: Corviknight|80/100
|-damage|p1a: Corviknight|69/100
|-damage|p1a: Corviknight|59/100
|-damage|p1a: Corviknight|49/100
|-damage|p1a: Corviknight|38/100
|-hitcount|p1a: Corviknight|6
|
|upkeep
|turn|3
|
|t:|1760346100
|move|p2a: Weavile|Beat Up|p1a: Corviknight
|-damage|p1a: Corviknight|28/100
|-damage|p1a: Corviknight|17/100
|-damage|p1a: Corviknight|7/100
|-damage|p1a: Corviknight|0 fnt
|faint|p1a: Corviknight
|-hitcount|p1: Corviknight|4
|
|upkeep
|
|t:|1760346104
|switch|p1a: Enamorus|Enamorus, F|100/100
|turn|4
|
|t:|1760346107
|move|p2a: Weavile|Ice Shard|p1a: Enamorus
|-supereffective|p1a: Enamorus
|-damage|p1a: Enamorus|0 fnt
|faint|p1a: Enamorus
|
|upkeep
|
|t:|1760346116
|switch|p1a: Primarina|Primarina, M|100/100
|turn|5
|
|t:|1760346119
|move|p2a: Weavile|Beat Up|p1a: Primarina
|-resisted|p1a: Primarina
|-damage|p1a: Primarina|90/100
|-resisted|p1a: Primarina
|-damage|p1a: Primarina|77/100
|-resisted|p1a: Primarina
|-damage|p1a: Primarina|66/100
|-resisted|p1a: Primarina
|-damage|p1a: Primarina|53/100
|-resisted|p1a: Primarina
|-damage|p1a: Primarina|41/100
|-resisted|p1a: Primarina
|-damage|p1a: Primarina|29/100
|-hitcount|p1a: Primarina|6
|move|p1a: Primarina|Flip Turn|p2a: Weavile
|-damage|p2a: Weavile|0 fnt
|faint|p2a: Weavile
|
|t:|1760346128
|switch|p1a: Raging Bolt|Raging Bolt|100/100|[from] Flip Turn
|
|upkeep
|
|t:|1760346135
|switch|p2a: Great Tusk|Great Tusk|100/100
|-enditem|p2a: Great Tusk|Booster Energy
|-activate|p2a: Great Tusk|ability: Protosynthesis|[fromitem]
|-start|p2a: Great Tusk|protosynthesisatk
|turn|6
|
|t:|1760346139
|-end|p1a: Raging Bolt|Protosynthesis|[silent]
|switch|p1a: Primarina|Primarina, M|29/100
|move|p2a: Great Tusk|Stealth Rock|p1a: Primarina
|-sidestart|p1: Opjbb|move: Stealth Rock
|
|upkeep
|turn|7
|
|t:|1760346143
|move|p2a: Great Tusk|Headlong Rush|p1a: Primarina
|-damage|p1a: Primarina|0 fnt
|-unboost|p2a: Great Tusk|def|1
|-unboost|p2a: Great Tusk|spd|1
|faint|p1a: Primarina
|
|upkeep
|
|t:|1760346144
|switch|p1a: Landorus|Landorus-Therian, M|100/100
|-damage|p1a: Landorus|88/100|[from] Stealth Rock
|-ability|p1a: Landorus|Intimidate|boost
|-unboost|p2a: Great Tusk|atk|1
|turn|8
|
|t:|1760346162
|-terastallize|p1a: Landorus|Ground
|move|p1a: Landorus|Earthquake|p2a: Great Tusk
|-damage|p2a: Great Tusk|0 fnt
|faint|p2a: Great Tusk
|-end|p2a: Great Tusk|Protosynthesis|[silent]
|
|upkeep
|
|t:|1760346166
|switch|p2a: Breloom|Breloom, M|100/100
|turn|9
|
|t:|1760346168
|move|p1a: Landorus|U-turn|p2a: Breloom
|-damage|p2a: Breloom|62/100
|
|t:|1760346171
|switch|p1a: Raging Bolt|Raging Bolt|100/100|[from] U-turn
|-damage|p1a: Raging Bolt|88/100|[from] Stealth Rock
|move|p2a: Breloom|Bullet Seed|p1a: Raging Bolt
|-resisted|p1a: Raging Bolt
|-damage|p1a: Raging Bolt|79/100
|-resisted|p1a: Raging Bolt
|-damage|p1a: Raging Bolt|69/100
|-resisted|p1a: Raging Bolt
|-damage|p1a: Raging Bolt|59/100
|-hitcount|p1a: Raging Bolt|3
|
|upkeep
|turn|10
|
|t:|1760346179
|move|p1a: Raging Bolt|Thunderbolt|p2a: Breloom
|-resisted|p2a: Breloom
|-damage|p2a: Breloom|0 fnt
|faint|p2a: Breloom
|
|upkeep
|
|t:|1760346183
|switch|p2a: Dragonite|Dragonite, F|100/100
|turn|11
|
|t:|1760346189
|move|p2a: Dragonite|Extreme Speed|p1a: Raging Bolt
|-damage|p1a: Raging Bolt|32/100
|move|p1a: Raging Bolt|Thunderbolt|p2a: Dragonite
|-damage|p2a: Dragonite|59/100
|
|upkeep
|turn|12
|
|t:|1760346194
|move|p2a: Dragonite|Extreme Speed|p1a: Raging Bolt
|-damage|p1a: Raging Bolt|3/100
|move|p1a: Raging Bolt|Thunderbolt|p2a: Dragonite
|-damage|p2a: Dragonite|0 fnt
|faint|p2a: Dragonite
|
|upkeep
|
|t:|1760346196
|switch|p2a: Ceruledge|Ceruledge, M|100/100
|turn|13
|
|t:|1760346197
|move|p2a: Ceruledge|Shadow Sneak|p1a: Raging Bolt
|-damage|p1a: Raging Bolt|0 fnt
|faint|p1a: Raging Bolt
|-end|p1a: Raging Bolt|Protosynthesis|[silent]
|
|upkeep
|
|t:|1760346202
|switch|p1a: Heatran|Heatran, M|100/100
|-damage|p1a: Heatran|88/100|[from] Stealth Rock
|turn|14
|
|t:|1760346207
|move|p2a: Ceruledge|Swords Dance|p2a: Ceruledge
|-boost|p2a: Ceruledge|atk|2
|move|p1a: Heatran|Earth Power|p2a: Ceruledge
|-supereffective|p2a: Ceruledge
|-damage|p2a: Ceruledge|35/100
|
|-heal|p1a: Heatran|94/100|[from] item: Leftovers
|upkeep
|turn|15
|
|t:|1760346209
|move|p2a: Ceruledge|Destiny Bond|p2a: Ceruledge
|-singlemove|p2a: Ceruledge|Destiny Bond
|move|p1a: Heatran|Earth Power|p2a: Ceruledge
|-supereffective|p2a: Ceruledge
|-damage|p2a: Ceruledge|0 fnt
|faint|p2a: Ceruledge
|-activate|p2a: Ceruledge|move: Destiny Bond
|faint|p1a: Heatran
|
|upkeep
|
|t:|1760346212
|switch|p2a: Kingambit|Kingambit, M|100/100
|switch|p1a: Landorus|Landorus-Therian, M, tera:Ground|88/100
|-damage|p1a: Landorus|82/100|[from] Stealth Rock
|-ability|p1a: Landorus|Intimidate|boost
|-unboost|p2a: Kingambit|atk|1
|-activate|p2a: Kingambit|ability: Supreme Overlord
|-start|p2a: Kingambit|fallen5|[silent]
|-item|p2a: Kingambit|Air Balloon
|turn|16
|
|t:|1760346215
|move|p1a: Landorus|Stone Edge|p2a: Kingambit
|-resisted|p2a: Kingambit
|-damage|p2a: Kingambit|86/100
|-enditem|p2a: Kingambit|Air Balloon
|move|p2a: Kingambit|Kowtow Cleave|p1a: Landorus
|-damage|p1a: Landorus|26/100
|
|upkeep
|turn|17
|
|t:|1760346218
|move|p2a: Kingambit|Sucker Punch||[still]
|-fail|p2a: Kingambit
|move|p1a: Landorus|Swords Dance|p1a: Landorus
|-boost|p1a: Landorus|atk|2
|
|upkeep
|turn|18
|
|t:|1760346220
|move|p2a: Kingambit|Sucker Punch||[still]
|-fail|p2a: Kingambit
|move|p1a: Landorus|Swords Dance|p1a: Landorus
|-boost|p1a: Landorus|atk|2
|
|upkeep
|turn|19
|
|t:|1760346221
|move|p2a: Kingambit|Sucker Punch||[still]
|-fail|p2a: Kingambit
|move|p1a: Landorus|Swords Dance|p1a: Landorus
|-boost|p1a: Landorus|atk|2
|
|upkeep
|turn|20
|
|t:|1760346223
|move|p2a: Kingambit|Sucker Punch||[still]
|-fail|p2a: Kingambit
|move|p1a: Landorus|Swords Dance|p1a: Landorus
|-boost|p1a: Landorus|atk|0
|
|upkeep
|turn|21
|
|t:|1760346224
|move|p1a: Landorus|Swords Dance|p1a: Landorus
|-boost|p1a: Landorus|atk|0
|move|p2a: Kingambit|Kowtow Cleave|p1a: Landorus
|-damage|p1a: Landorus|0 fnt
|faint|p1a: Landorus
|
|win|CEO of open
|raw|Opjbb's rating: 1546 &rarr; <strong>1530</strong><br />(-16 for losing)
|raw|CEO of open's rating: 1625 &rarr; <strong>1641</strong><br />(+16 for winning)
|l|☆CEO of open
|player|p2|
|l|☆Opjbb
|player|p1|
|j|☆Opjbb
|player|p1|Opjbb|cheryl|
