|j|☆Captain Brusin'
|j|☆AlexCHZ
|t:|1760329635
|gametype|singles
|player|p1|Captain Brusin'|harlequin|1148
|player|p2|AlexCHZ|hilbert-wonderlauncher|1187
|gen|9
|tier|[Gen 9] OU
|rated|
|rule|HP Percentage Mod: HP is shown in percentages
|rule|Endless Battle Clause: Forcing endless battles is banned
|rule|Species Clause: Limit one of each Pokémon
|rule|OHKO Clause: OHKO moves are banned
|rule|Evasion Items Clause: Evasion items are banned
|rule|Evasion Moves Clause: Evasion moves are banned
|rule|Evasion Abilities Clause: Evasion abilities are banned
|rule|Sleep Moves Clause: Sleep-inducing moves are banned
|clearpoke
|poke|p1|Hydreigon, F|
|poke|p1|Tornadus-Therian, M|
|poke|p1|Corviknight, F|
|poke|p1|Grimmsnarl, M|
|poke|p1|Gastrodon-East, M|
|poke|p1|Leafeon, F|
|poke|p2|Pincurchin, M|
|poke|p2|Hawlucha, F|
|poke|p2|Iron Moth|
|poke|p2|Moltres-Galar|
|poke|p2|Arboliva, F|
|poke|p2|Mienshao, M|
|teampreview
|inactive|Battle timer is ON: inactive players will automatically lose when time's up. (requested by AlexCHZ)
|
|t:|1760329646
|teamsize|p1|6
|teamsize|p2|6
|start
|switch|p1a: 10% Gambler|Hydreigon, F, shiny|100/100
|switch|p2a: Mienshao|Mienshao, M|100/100
|turn|1
|
|t:|1760329654
|switch|p1a: Earl|Corviknight, F|100/100
|-ability|p1a: Earl|Pressure
|move|p2a: Mienshao|Fake Out|p1a: Earl
|-resisted|p1a: Earl
|-damage|p1a: Earl|95/100
|-damage|p2a: Mienshao|91/100|[from] item: Life Orb
|
|-heal|p1a: Earl|100/100|[from] item: Leftovers
|upkeep
|turn|2
|
|t:|1760329672
|switch|p2a: Moltres|Moltres-Galar|100/100
|move|p1a: Earl|U-turn|p2a: Moltres
|-damage|p2a: Moltres|84/100
|
|t:|1760329689
|switch|p1a: Grimmsnarl|Grimmsnarl, M|100/100|[from] U-turn
|
|upkeep
|turn|3
|
|t:|1760329695
|move|p2a: Moltres|Air Slash|p1a: Grimmsnarl
|-damage|p1a: Grimmsnarl|68/100
|move|p1a: Grimmsnarl|Trick|p2a: Moltres
|-activate|p1a: Grimmsnarl|move: Trick|[of] p2a: Moltres
|-item|p2a: Moltres|Choice Band|[from] move: Trick
|-item|p1a: Grimmsnarl|Salac Berry|[from] move: Trick
|
|upkeep
|turn|4
|
|t:|1760329703
|move|p2a: Moltres|Air Slash|p1a: Grimmsnarl
|-damage|p1a: Grimmsnarl|35/100
|cant|p1a: Grimmsnarl|flinch
|
|upkeep
|turn|5
|
|t:|1760329710
|move|p2a: Moltres|Air Slash|p1a: Grimmsnarl
|-damage|p1a: Grimmsnarl|0 fnt
|faint|p1a: Grimmsnarl
|
|upkeep
|
|t:|1760329718
|switch|p1a: 10% Gambler|Hydreigon, F, shiny|100/100
|turn|6
|
|t:|1760329722
|-terastallize|p1a: 10% Gambler|Steel
|move|p2a: Moltres|Air Slash|p1a: 10% Gambler
|-resisted|p1a: 10% Gambler
|-damage|p1a: 10% Gambler|81/100
|move|p1a: 10% Gambler|Dragon Dance|p1a: 10% Gambler
|-boost|p1a: 10% Gambler|atk|1
|-boost|p1a: 10% Gambler|spe|1
|
|upkeep
|turn|7
|
|t:|1760329734
|move|p1a: 10% Gambler|Dragon Dance|p1a: 10% Gambler
|-boost|p1a: 10% Gambler|atk|1
|-boost|p1a: 10% Gambler|spe|1
|move|p2a: Moltres|Air Slash|p1a: 10% Gambler
|-resisted|p1a: 10% Gambler
|-damage|p1a: 10% Gambler|61/100
|
|upkeep
|turn|8
|
|t:|1760329743
|move|p1a: 10% Gambler|Scale Shot|p2a: Moltres
|-damage|p2a: Moltres|53/100
|-damage|p2a: Moltres|26/100
|-damage|p2a: Moltres|0 fnt
|faint|p2a: Moltres
|-hitcount|p2: Moltres|3
|-unboost|p1a: 10% Gambler|def|1
|-boost|p1a: 10% Gambler|spe|1
|
|upkeep
|
|t:|1760329763
|switch|p2a: Pincurchin|Pincurchin, M|100/100
|-fieldstart|move: Electric Terrain|[from] ability: Electric Surge|[of] p2a: Pincurchin
|turn|9
|
|t:|1760329772
|move|p2a: Pincurchin|Sucker Punch|p1a: 10% Gambler
|-damage|p1a: 10% Gambler|21/100
|move|p1a: 10% Gambler|Scale Shot|p2a: Pincurchin
|-damage|p2a: Pincurchin|71/100
|-damage|p2a: Pincurchin|42/100
|-damage|p2a: Pincurchin|13/100
|-crit|p2a: Pincurchin
|-damage|p2a: Pincurchin|0 fnt
|faint|p2a: Pincurchin
|-hitcount|p2: Pincurchin|4
|-unboost|p1a: 10% Gambler|def|1
|-boost|p1a: 10% Gambler|spe|1
|
|upkeep
|
|t:|1760329789
|switch|p2a: Mienshao|Mienshao, M|100/100
|turn|10
|
|t:|1760329809
|switch|p1a: Earl|Corviknight, F|100/100
|-ability|p1a: Earl|Pressure
|move|p2a: Mienshao|Fake Out|p1a: Earl
|-resisted|p1a: Earl
|-damage|p1a: Earl|95/100
|-damage|p2a: Mienshao|91/100|[from] item: Life Orb
|
|-heal|p1a: Earl|100/100|[from] item: Leftovers
|upkeep
|turn|11
|
|t:|1760329824
|switch|p2a: Hawlucha|Hawlucha, F|100/100
|-enditem|p2a: Hawlucha|Electric Seed
|-boost|p2a: Hawlucha|def|1|[from] item: Electric Seed
|move|p1a: Earl|U-turn|p2a: Hawlucha
|-resisted|p2a: Hawlucha
|-damage|p2a: Hawlucha|97/100
|
|t:|1760329842
|switch|p1a: Jet2holiday|Tornadus-Therian, M, shiny|100/100|[from] U-turn
|
|upkeep
|turn|12
|
|t:|1760329852
|move|p2a: Hawlucha|Swords Dance|p2a: Hawlucha
|-boost|p2a: Hawlucha|atk|2
|move|p1a: Jet2holiday|Bleakwind Storm|p2a: Hawlucha
|-supereffective|p2a: Hawlucha
|-damage|p2a: Hawlucha|0 fnt
|faint|p2a: Hawlucha
|-damage|p1a: Jet2holiday|91/100|[from] item: Life Orb
|
|upkeep
|
|t:|1760329870
|switch|p2a: Mienshao|Mienshao, M|100/100
|turn|13
|
|t:|1760329875
|switch|p1a: Earl|Corviknight, F|100/100
|-ability|p1a: Earl|Pressure
|move|p2a: Mienshao|Ice Spinner|p1a: Earl
|-damage|p1a: Earl|79/100
|-fieldend|move: Electric Terrain
|-damage|p2a: Mienshao|91/100|[from] item: Life Orb
|
|-heal|p1a: Earl|85/100|[from] item: Leftovers
|upkeep
|turn|14
|-message|AlexCHZ forfeited.
|
|win|Captain Brusin'
|raw|Captain Brusin&apos;'s rating: 1148 &rarr; <strong>1176</strong><br />(+28 for winning)
|raw|AlexCHZ's rating: 1187 &rarr; <strong>1159</strong><br />(-28 for losing)
|l|☆AlexCHZ
|player|p2|
|l|☆Captain Brusin'
|player|p1|
