|j|☆infernagatr
|j|☆spamtongspamtondr
|t:|1760409712
|gametype|singles
|player|p1|infernagatr|cynthia-gen7|1417
|player|p2|spamtongspamtondr|emmet|1451
|gen|9
|tier|[Gen 9] OU
|rated|
|rule|HP Percentage Mod: HP is shown in percentages
|rule|Endless Battle Clause: Forcing endless battles is banned
|rule|Species Clause: Limit one of each Pokémon
|rule|OHKO Clause: OHKO moves are banned
|rule|Evasion Items Clause: Evasion items are banned
|rule|Evasion Moves Clause: Evasion moves are banned
|rule|Evasion Abilities Clause: Evasion abilities are banned
|rule|Sleep Moves Clause: Sleep-inducing moves are banned
|clearpoke
|poke|p1|Samurott-Hisui, F|
|poke|p1|Tornadus-Therian, M|
|poke|p1|Pecharunt|
|poke|p1|Great Tusk|
|poke|p1|Primarina, M|
|poke|p1|Raging Bolt|
|poke|p2|Pawmot, F|
|poke|p2|Rabsca, F|
|poke|p2|Great Tusk|
|poke|p2|Kingambit, F|
|poke|p2|Gholdengo|
|poke|p2|Ribombee, F|
|teampreview
|inactive|Battle timer is ON: inactive players will automatically lose when time's up. (requested by spamtongspamtondr)
|
|t:|1760409719
|teamsize|p1|6
|teamsize|p2|6
|start
|switch|p1a: Tornadus|Tornadus-Therian, M|100/100
|switch|p2a: Tasque Manager|Ribombee, F|100/100
|turn|1
|
|t:|1760409721
|move|p2a: Tasque Manager|Stun Spore|p1a: Tornadus
|-status|p1a: Tornadus|par
|move|p1a: Tornadus|Bleakwind Storm|p2a: Tasque Manager
|-supereffective|p2a: Tasque Manager
|-enditem|p2a: Tasque Manager|Focus Sash
|-damage|p2a: Tasque Manager|1/100
|
|upkeep
|turn|2
|
|t:|1760409724
|move|p2a: Tasque Manager|U-turn|p1a: Tornadus
|-resisted|p1a: Tornadus
|-damage|p1a: Tornadus|90/100 par
|
|t:|1760409727
|switch|p2a: kromer|Pawmot, F|100/100|[from] U-turn
|move|p1a: Tornadus|U-turn|p2a: kromer
|-resisted|p2a: kromer
|-crit|p2a: kromer
|-damage|p2a: kromer|83/100
|
|t:|1760409733
|switch|p1a: Great Tusk|Great Tusk|100/100|[from] U-turn
|
|upkeep
|turn|3
|
|t:|1760409744
|switch|p2a: keygen|Rabsca, F|100/100
|move|p1a: Great Tusk|Rapid Spin|p2a: keygen
|-damage|p2a: keygen|80/100
|-boost|p1a: Great Tusk|spe|1
|
|upkeep
|turn|4
|
|t:|1760409756
|-end|p1a: Great Tusk|Protosynthesis|[silent]
|switch|p1a: Samurott|Samurott-Hisui, F|100/100
|move|p2a: keygen|Future Sight|p1a: Samurott
|-start|p2a: keygen|move: Future Sight
|
|upkeep
|turn|5
|
|t:|1760409766
|move|p1a: Samurott|Razor Shell|p2a: keygen
|-damage|p2a: keygen|29/100
|move|p2a: keygen|Reflect|p2a: keygen
|-sidestart|p2: spamtongspamtondr|Reflect
|
|upkeep
|turn|6
|
|t:|1760409772
|switch|p2a: kromer|Pawmot, F|83/100
|move|p1a: Samurott|Knock Off|p2a: kromer
|-resisted|p2a: kromer
|-damage|p2a: kromer|65/100
|-enditem|p2a: kromer|Leppa Berry|[from] move: Knock Off|[of] p1a: Samurott
|
|-end|p1a: Samurott|move: Future Sight
|-immune|p1a: Samurott
|upkeep
|turn|7
|
|t:|1760409777
|switch|p1a: Pecharunt|Pecharunt|100/100
|move|p2a: kromer|Close Combat|p1a: Pecharunt
|-immune|p1a: Pecharunt
|
|upkeep
|turn|8
|
|t:|1760409794
|switch|p2a: Tasque Manager|Ribombee, F|1/100
|switch|p1a: Great Tusk|Great Tusk|100/100
|
|upkeep
|turn|9
|
|t:|1760409801
|-end|p1a: Great Tusk|Protosynthesis|[silent]
|switch|p1a: Pecharunt|Pecharunt|100/100
|move|p2a: Tasque Manager|Moonblast|p1a: Pecharunt
|-resisted|p1a: Pecharunt
|-damage|p1a: Pecharunt|80/100
|
|-sideend|p2: spamtongspamtondr|Reflect
|upkeep
|turn|10
|
|t:|1760409806
|move|p2a: Tasque Manager|Sticky Web|p1a: Pecharunt
|-sidestart|p1: infernagatr|move: Sticky Web
|move|p1a: Pecharunt|Shadow Ball|p2a: Tasque Manager
|-damage|p2a: Tasque Manager|0 fnt
|faint|p2a: Tasque Manager
|
|upkeep
|
|t:|1760409816
|switch|p2a: NEO|Kingambit, F|100/100
|-activate|p2a: NEO|ability: Supreme Overlord
|-start|p2a: NEO|fallen1|[silent]
|-item|p2a: NEO|Air Balloon
|turn|11
|
|t:|1760409823
|move|p1a: Pecharunt|Parting Shot|p2a: NEO
|-unboost|p2a: NEO|atk|1
|-unboost|p2a: NEO|spa|1
|
|t:|1760409825
|switch|p1a: Great Tusk|Great Tusk|100/100|[from] Parting Shot
|move|p2a: NEO|Iron Head|p1a: Great Tusk
|-damage|p1a: Great Tusk|75/100
|
|upkeep
|turn|12
|
|t:|1760409831
|-end|p2a: NEO|fallen1|[silent]
|switch|p2a: BIG SHOT|Gholdengo|100/100
|move|p1a: Great Tusk|Rapid Spin|p2a: BIG SHOT
|-immune|p2a: BIG SHOT
|
|upkeep
|turn|13
|
|t:|1760409833
|move|p1a: Great Tusk|Headlong Rush|p2a: BIG SHOT
|-supereffective|p2a: BIG SHOT
|-damage|p2a: BIG SHOT|0 fnt
|-unboost|p1a: Great Tusk|def|1
|-unboost|p1a: Great Tusk|spd|1
|faint|p2a: BIG SHOT
|
|upkeep
|
|t:|1760409838
|switch|p2a: kromer|Pawmot, F|65/100
|turn|14
|
|t:|1760409843
|-end|p1a: Great Tusk|Protosynthesis|[silent]
|switch|p1a: Pecharunt|Pecharunt|80/100
|move|p2a: kromer|Ice Punch|p1a: Pecharunt
|-damage|p1a: Pecharunt|62/100
|
|upkeep
|turn|15
|
|t:|1760409847
|move|p2a: kromer|Double Shock|p1a: Pecharunt
|-damage|p1a: Pecharunt|28/100
|-start|p2a: kromer|typechange|???/Fighting|[from] move: Double Shock
|move|p1a: Pecharunt|Recover|p1a: Pecharunt
|-heal|p1a: Pecharunt|78/100
|
|upkeep
|turn|16
|
|t:|1760409851
|switch|p2a: NEO|Kingambit, F|100/100
|-activate|p2a: NEO|ability: Supreme Overlord
|-start|p2a: NEO|fallen2|[silent]
|-item|p2a: NEO|Air Balloon
|move|p1a: Pecharunt|Toxic|p2a: NEO
|-immune|p2a: NEO
|
|upkeep
|turn|17
|
|t:|1760409853
|move|p1a: Pecharunt|Parting Shot|p2a: NEO
|-unboost|p2a: NEO|atk|1
|-unboost|p2a: NEO|spa|1
|
|t:|1760409861
|switch|p1a: Samurott|Samurott-Hisui, F|100/100|[from] Parting Shot
|-activate|p1a: Samurott|move: Sticky Web
|-unboost|p1a: Samurott|spe|1
|move|p2a: NEO|Iron Head|p1a: Samurott
|-resisted|p1a: Samurott
|-damage|p1a: Samurott|81/100
|
|upkeep
|turn|18
|
|t:|1760409867
|move|p1a: Samurott|Ceaseless Edge|p2a: NEO
|-resisted|p2a: NEO
|-damage|p2a: NEO|85/100
|-enditem|p2a: NEO|Air Balloon
|-sidestart|p2: spamtongspamtondr|Spikes
|move|p2a: NEO|Low Kick|p1a: Samurott
|-supereffective|p1a: Samurott
|-damage|p1a: Samurott|25/100
|
|upkeep
|turn|19
|
|t:|1760409878
|move|p2a: NEO|Sucker Punch|p1a: Samurott
|-resisted|p1a: Samurott
|-damage|p1a: Samurott|6/100
|move|p1a: Samurott|Ceaseless Edge|p2a: NEO
|-resisted|p2a: NEO
|-damage|p2a: NEO|70/100
|-sidestart|p2: spamtongspamtondr|Spikes
|
|upkeep
|turn|20
|
|t:|1760409899
|move|p1a: Samurott|Sucker Punch|p2a: NEO
|-resisted|p2a: NEO
|-damage|p2a: NEO|60/100
|move|p2a: NEO|Sucker Punch||[still]
|-fail|p2a: NEO
|
|upkeep
|turn|21
|
|t:|1760409906
|move|p1a: Samurott|Razor Shell|p2a: NEO
|-damage|p2a: NEO|27/100
|move|p2a: NEO|Low Kick|p1a: Samurott
|-supereffective|p1a: Samurott
|-damage|p1a: Samurott|0 fnt
|faint|p1a: Samurott
|
|upkeep
|
|t:|1760409915
|switch|p1a: Great Tusk|Great Tusk|75/100
|turn|22
|
|t:|1760409919
|-end|p2a: NEO|fallen2|[silent]
|switch|p2a: garbage can|Great Tusk|100/100
|-damage|p2a: garbage can|84/100|[from] Spikes
|move|p1a: Great Tusk|Rapid Spin|p2a: garbage can
|-damage|p2a: garbage can|72/100
|-boost|p1a: Great Tusk|spe|1
|-damage|p1a: Great Tusk|59/100|[from] item: Rocky Helmet|[of] p2a: garbage can
|-sideend|p1: infernagatr|Sticky Web|[from] move: Rapid Spin|[of] p1a: Great Tusk
|
|upkeep
|turn|23
|
|t:|1760409924
|move|p1a: Great Tusk|Ice Spinner|p2a: garbage can
|-supereffective|p2a: garbage can
|-damage|p2a: garbage can|33/100
|-damage|p1a: Great Tusk|42/100|[from] item: Rocky Helmet|[of] p2a: garbage can
|move|p2a: garbage can|Ice Spinner|p1a: Great Tusk
|-supereffective|p1a: Great Tusk
|-damage|p1a: Great Tusk|0 fnt
|faint|p1a: Great Tusk
|-end|p1a: Great Tusk|Protosynthesis|[silent]
|
|upkeep
|
|t:|1760409933
|switch|p1a: Pecharunt|Pecharunt|78/100
|turn|24
|
|t:|1760409940
|move|p1a: Pecharunt|Shadow Ball|p2a: garbage can
|-damage|p2a: garbage can|0 fnt
|faint|p2a: garbage can
|-end|p2a: garbage can|Protosynthesis|[silent]
|
|upkeep
|-message|spamtongspamtondr forfeited.
|
|win|infernagatr
|raw|infernagatr's rating: 1417 &rarr; <strong>1439</strong><br />(+22 for winning)
|raw|spamtongspamtondr's rating: 1451 &rarr; <strong>1429</strong><br />(-22 for losing)
|l|☆spamtongspamtondr
|player|p2|
|l|☆infernagatr
|player|p1|
