|j|☆Kaleor
|j|☆getreyal
|t:|1760345552
|gametype|singles
|player|p1|Kaleor|swimmer-gen4dp|1644
|player|p2|getreyal|pokemonbreeder-gen4|1668
|gen|9
|tier|[Gen 9] OU
|rated|
|rule|HP Percentage Mod: HP is shown in percentages
|rule|Endless Battle Clause: Forcing endless battles is banned
|rule|Species Clause: Limit one of each Pokémon
|rule|OHKO Clause: OHKO moves are banned
|rule|Evasion Items Clause: Evasion items are banned
|rule|Evasion Moves Clause: Evasion moves are banned
|rule|Evasion Abilities Clause: Evasion abilities are banned
|rule|Sleep Moves Clause: Sleep-inducing moves are banned
|clearpoke
|poke|p1|Great Tusk|
|poke|p1|Gholdengo|
|poke|p1|Kingambit, M|
|poke|p1|Dragonite, M|
|poke|p1|Gliscor, F|
|poke|p1|Primarina, M|
|poke|p2|Corviknight, F|
|poke|p2|Ting-Lu|
|poke|p2|Heatran, F|
|poke|p2|Clefable, F|
|poke|p2|Alomomola, M|
|poke|p2|Deoxys-Speed|
|teampreview
|inactive|Battle timer is ON: inactive players will automatically lose when time's up. (requested by Kaleor)
|
|t:|1760345572
|teamsize|p1|6
|teamsize|p2|6
|start
|switch|p1a: Primarina|Primarina, M|100/100
|switch|p2a: Deoxys|Deoxys-Speed|100/100
|-ability|p2a: Deoxys|Pressure
|turn|1
|
|t:|1760345579
|move|p2a: Deoxys|Psycho Boost|p1a: Primarina
|-damage|p1a: Primarina|56/100
|-unboost|p2a: Deoxys|spa|2
|-damage|p2a: Deoxys|91/100|[from] item: Life Orb
|move|p1a: Primarina|Surf|p2a: Deoxys
|-damage|p2a: Deoxys|0 fnt
|faint|p2a: Deoxys
|
|upkeep
|
|t:|1760345587
|switch|p2a: Corviknight|Corviknight, F|100/100
|-ability|p2a: Corviknight|Pressure
|turn|2
|
|t:|1760345590
|move|p1a: Primarina|Flip Turn|p2a: Corviknight
|-damage|p2a: Corviknight|92/100
|-damage|p1a: Primarina|40/100|[from] item: Rocky Helmet|[of] p2a: Corviknight
|
|t:|1760345594
|switch|p1a: Gholdengo|Gholdengo|100/100|[from] Flip Turn
|move|p2a: Corviknight|Brave Bird|p1a: Gholdengo
|-resisted|p1a: Gholdengo
|-damage|p1a: Gholdengo|81/100
|-damage|p2a: Corviknight|87/100|[from] Recoil
|
|upkeep
|turn|3
|
|t:|1760345602
|switch|p2a: Alomomola|Alomomola, M|100/100
|move|p1a: Gholdengo|Trick|p2a: Alomomola
|-activate|p1a: Gholdengo|move: Trick|[of] p2a: Alomomola
|-item|p2a: Alomomola|Choice Scarf|[from] move: Trick
|-item|p1a: Gholdengo|Heavy-Duty Boots|[from] move: Trick
|
|upkeep
|turn|4
|
|t:|1760345610
|move|p1a: Gholdengo|Shadow Ball|p2a: Alomomola
|-damage|p2a: Alomomola|51/100
|move|p2a: Alomomola|Flip Turn|p1a: Gholdengo
|-damage|p1a: Gholdengo|62/100
|
|t:|1760345612
|switch|p2a: Heatran|Heatran, F|100/100|[from] Flip Turn
|
|upkeep
|turn|5
|
|t:|1760345622
|-terastallize|p1a: Gholdengo|Fighting
|move|p1a: Gholdengo|Focus Blast|p2a: Heatran|[miss]
|-miss|p1a: Gholdengo|p2a: Heatran
|move|p2a: Heatran|Magma Storm|p1a: Gholdengo
|-damage|p1a: Gholdengo|14/100
|-activate|p1a: Gholdengo|move: Magma Storm|[of] p2a: Heatran
|
|-damage|p1a: Gholdengo|2/100|[from] move: Magma Storm|[partiallytrapped]
|upkeep
|turn|6
|
|t:|1760345630
|move|p1a: Gholdengo|Focus Blast|p2a: Heatran|[miss]
|-miss|p1a: Gholdengo|p2a: Heatran
|move|p2a: Heatran|Substitute|p2a: Heatran
|-start|p2a: Heatran|Substitute
|-damage|p2a: Heatran|76/100
|
|-heal|p2a: Heatran|82/100|[from] item: Leftovers
|-damage|p1a: Gholdengo|0 fnt|[from] move: Magma Storm|[partiallytrapped]
|faint|p1a: Gholdengo
|upkeep
|
|t:|1760345639
|switch|p1a: Dragonite|Dragonite, M|100/100
|turn|7
|j| Rizzofreko
|
|t:|1760345643
|move|p1a: Dragonite|Encore|p2a: Heatran
|-start|p2a: Heatran|Encore
|move|p2a: Heatran|Substitute|p2a: Heatran
|-fail|p2a: Heatran|move: Substitute
|
|-heal|p2a: Heatran|88/100|[from] item: Leftovers
|upkeep
|turn|8
|
|t:|1760345649
|switch|p1a: Kingambit|Kingambit, M|100/100
|-activate|p1a: Kingambit|ability: Supreme Overlord
|-start|p1a: Kingambit|fallen1|[silent]
|switch|p2a: Clefable|Clefable, F|100/100
|
|upkeep
|turn|9
|
|t:|1760345654
|switch|p2a: Ting-Lu|Ting-Lu|100/100
|-ability|p2a: Ting-Lu|Vessel of Ruin
|move|p1a: Kingambit|Swords Dance|p1a: Kingambit
|-boost|p1a: Kingambit|atk|2
|
|upkeep
|turn|10
|
|t:|1760345657
|move|p1a: Kingambit|Iron Head|p2a: Ting-Lu
|-damage|p2a: Ting-Lu|46/100
|move|p2a: Ting-Lu|Earthquake|p1a: Kingambit
|-supereffective|p1a: Kingambit
|-damage|p1a: Kingambit|41/100
|
|-heal|p1a: Kingambit|47/100|[from] item: Leftovers
|-heal|p2a: Ting-Lu|52/100|[from] item: Leftovers
|upkeep
|turn|11
|
|t:|1760345661
|switch|p2a: Corviknight|Corviknight, F|87/100
|-ability|p2a: Corviknight|Pressure
|move|p1a: Kingambit|Iron Head|p2a: Corviknight
|-resisted|p2a: Corviknight
|-damage|p2a: Corviknight|58/100
|-damage|p1a: Kingambit|30/100|[from] item: Rocky Helmet|[of] p2a: Corviknight
|
|-heal|p1a: Kingambit|37/100|[from] item: Leftovers
|upkeep
|turn|12
|
|t:|1760345664
|move|p1a: Kingambit|Kowtow Cleave|p2a: Corviknight
|-damage|p2a: Corviknight|0 fnt
|-damage|p1a: Kingambit|20/100|[from] item: Rocky Helmet|[of] p2a: Corviknight
|faint|p2a: Corviknight
|
|-heal|p1a: Kingambit|26/100|[from] item: Leftovers
|upkeep
|
|t:|1760345675
|switch|p2a: Heatran|Heatran, F|88/100
|turn|13
|
|t:|1760345680
|-end|p1a: Kingambit|fallen1|[silent]
|switch|p1a: Dragonite|Dragonite, M|100/100
|move|p2a: Heatran|Earth Power|p1a: Dragonite
|-immune|p1a: Dragonite
|
|-heal|p2a: Heatran|94/100|[from] item: Leftovers
|upkeep
|turn|14
|
|t:|1760345685
|switch|p2a: Clefable|Clefable, F|100/100
|move|p1a: Dragonite|Earthquake|p2a: Clefable
|-damage|p2a: Clefable|74/100
|
|upkeep
|turn|15
|
|t:|1760345692
|move|p1a: Dragonite|Earthquake|p2a: Clefable
|-damage|p2a: Clefable|46/100
|move|p2a: Clefable|Stealth Rock|p1a: Dragonite
|-sidestart|p1: Kaleor|move: Stealth Rock
|
|upkeep
|turn|16
|
|t:|1760345699
|switch|p2a: Alomomola|Alomomola, M|85/100
|move|p1a: Dragonite|Earthquake|p2a: Alomomola
|-damage|p2a: Alomomola|65/100
|
|upkeep
|turn|17
|
|t:|1760345704
|move|p1a: Dragonite|Dragon Dance|p1a: Dragonite
|-boost|p1a: Dragonite|atk|1
|-boost|p1a: Dragonite|spe|1
|move|p2a: Alomomola|Wish|p2a: Alomomola
|
|upkeep
|turn|18
|
|t:|1760345709
|switch|p2a: Clefable|Clefable, F|46/100
|move|p1a: Dragonite|Earthquake|p2a: Clefable
|-damage|p2a: Clefable|17/100
|
|-heal|p2a: Clefable|85/100|[from] move: Wish|[wisher] Alomomola
|upkeep
|turn|19
|
|t:|1760345715
|move|p1a: Dragonite|Earthquake|p2a: Clefable
|-damage|p2a: Clefable|56/100
|move|p2a: Clefable|Moonblast|p1a: Dragonite
|-supereffective|p1a: Dragonite
|-damage|p1a: Dragonite|69/100
|
|upkeep
|turn|20
|
|t:|1760345718
|move|p1a: Dragonite|Earthquake|p2a: Clefable
|-damage|p2a: Clefable|29/100
|move|p2a: Clefable|Moonblast|p1a: Dragonite
|-supereffective|p1a: Dragonite
|-damage|p1a: Dragonite|5/100
|
|upkeep
|turn|21
|
|t:|1760345722
|switch|p2a: Alomomola|Alomomola, M|99/100
|move|p1a: Dragonite|Earthquake|p2a: Alomomola
|-damage|p2a: Alomomola|72/100
|
|upkeep
|turn|22
|
|t:|1760345727
|move|p1a: Dragonite|Earthquake|p2a: Alomomola
|-damage|p2a: Alomomola|45/100
|move|p2a: Alomomola|Wish|p2a: Alomomola
|
|upkeep
|turn|23
|
|t:|1760345737
|switch|p1a: Great Tusk|Great Tusk|100/100
|-damage|p1a: Great Tusk|98/100|[from] Stealth Rock
|switch|p2a: Clefable|Clefable, F|29/100
|
|-heal|p2a: Clefable|97/100|[from] move: Wish|[wisher] Alomomola
|upkeep
|turn|24
|
|t:|1760345741
|move|p1a: Great Tusk|Rapid Spin|p2a: Clefable
|-damage|p2a: Clefable|86/100
|-boost|p1a: Great Tusk|spe|1
|-sideend|p1: Kaleor|Stealth Rock|[from] move: Rapid Spin|[of] p1a: Great Tusk
|move|p2a: Clefable|Moonblast|p1a: Great Tusk
|-supereffective|p1a: Great Tusk
|-damage|p1a: Great Tusk|19/100
|-unboost|p1a: Great Tusk|spa|1
|
|upkeep
|turn|25
|
|t:|1760345743
|move|p1a: Great Tusk|Knock Off|p2a: Clefable
|-resisted|p2a: Clefable
|-damage|p2a: Clefable|75/100
|-enditem|p2a: Clefable|Heavy-Duty Boots|[from] move: Knock Off|[of] p1a: Great Tusk
|move|p2a: Clefable|Stealth Rock|p1a: Great Tusk
|-sidestart|p1: Kaleor|move: Stealth Rock
|
|upkeep
|turn|26
|
|t:|1760345751
|move|p1a: Great Tusk|Rapid Spin|p2a: Clefable
|-damage|p2a: Clefable|64/100
|-boost|p1a: Great Tusk|spe|1
|-sideend|p1: Kaleor|Stealth Rock|[from] move: Rapid Spin|[of] p1a: Great Tusk
|move|p2a: Clefable|Moonlight|p2a: Clefable
|-heal|p2a: Clefable|100/100
|
|upkeep
|turn|27
|
|t:|1760345755
|switch|p2a: Alomomola|Alomomola, M|79/100
|move|p1a: Great Tusk|Headlong Rush|p2a: Alomomola
|-damage|p2a: Alomomola|53/100
|-unboost|p1a: Great Tusk|def|1
|-unboost|p1a: Great Tusk|spd|1
|
|upkeep
|turn|28
|
|t:|1760345761
|-end|p1a: Great Tusk|Protosynthesis|[silent]
|switch|p1a: Gliscor|Gliscor, F|100/100
|move|p2a: Alomomola|Flip Turn|p1a: Gliscor
|-supereffective|p1a: Gliscor
|-damage|p1a: Gliscor|78/100
|l| Rizzofreko
|
|t:|1760345772
|switch|p2a: Heatran|Heatran, F|94/100|[from] Flip Turn
|
|-heal|p2a: Heatran|100/100|[from] item: Leftovers
|-status|p1a: Gliscor|tox|[from] item: Toxic Orb
|upkeep
|turn|29
|
|t:|1760345778
|-terastallize|p2a: Heatran|Grass
|move|p1a: Gliscor|Earthquake|p2a: Heatran
|-resisted|p2a: Heatran
|-damage|p2a: Heatran|86/100
|move|p2a: Heatran|Substitute|p2a: Heatran
|-start|p2a: Heatran|Substitute
|-damage|p2a: Heatran|61/100
|
|-heal|p2a: Heatran|67/100|[from] item: Leftovers
|-heal|p1a: Gliscor|91/100 tox|[from] ability: Poison Heal
|upkeep
|turn|30
|
|t:|1760345791
|switch|p1a: Great Tusk|Great Tusk|19/100
|move|p2a: Heatran|Magma Storm|p1a: Great Tusk
|-damage|p1a: Great Tusk|0 fnt
|faint|p1a: Great Tusk
|-end|p1a: Great Tusk|Protosynthesis|[silent]
|
|-heal|p2a: Heatran|74/100|[from] item: Leftovers
|upkeep
|
|t:|1760345797
|switch|p1a: Dragonite|Dragonite, M|5/100
|turn|31
|
|t:|1760345801
|move|p1a: Dragonite|Tera Blast|p2a: Heatran
|-activate|p2a: Heatran|move: Substitute|[damage]
|move|p2a: Heatran|Magma Storm|p1a: Dragonite
|-resisted|p1a: Dragonite
|-damage|p1a: Dragonite|0 fnt
|faint|p1a: Dragonite
|
|-heal|p2a: Heatran|80/100|[from] item: Leftovers
|upkeep
|
|t:|1760345807
|switch|p1a: Primarina|Primarina, M|40/100
|turn|32
|
|t:|1760345810
|move|p2a: Heatran|Magma Storm|p1a: Primarina|[miss]
|-miss|p2a: Heatran|p1a: Primarina
|move|p1a: Primarina|Moonblast|p2a: Heatran
|-end|p2a: Heatran|Substitute
|
|-heal|p2a: Heatran|86/100|[from] item: Leftovers
|upkeep
|turn|33
|
|t:|1760345815
|move|p1a: Primarina|Moonblast|p2a: Heatran
|-damage|p2a: Heatran|52/100
|move|p2a: Heatran|Substitute|p2a: Heatran
|-start|p2a: Heatran|Substitute
|-damage|p2a: Heatran|27/100
|
|-heal|p2a: Heatran|33/100|[from] item: Leftovers
|upkeep
|turn|34
|
|t:|1760345820
|move|p1a: Primarina|Psychic Noise|p2a: Heatran
|-damage|p2a: Heatran|15/100
|-start|p2a: Heatran|move: Heal Block
|move|p2a: Heatran|Magma Storm|p1a: Primarina
|-resisted|p1a: Primarina
|-damage|p1a: Primarina|27/100
|-activate|p1a: Primarina|move: Magma Storm|[of] p2a: Heatran
|
|-damage|p1a: Primarina|15/100|[from] move: Magma Storm|[partiallytrapped]
|upkeep
|turn|35
|
|t:|1760345825
|move|p2a: Heatran|Earth Power|p1a: Primarina
|-damage|p1a: Primarina|0 fnt
|faint|p1a: Primarina
|
|-end|p2a: Heatran|move: Heal Block
|upkeep
|
|t:|1760345828
|switch|p1a: Gliscor|Gliscor, F|91/100 tox
|turn|36
|
|t:|1760345830
|move|p1a: Gliscor|Earthquake|p2a: Heatran
|-resisted|p2a: Heatran
|-activate|p2a: Heatran|move: Substitute|[damage]
|move|p2a: Heatran|Magma Storm|p1a: Gliscor|[miss]
|-miss|p2a: Heatran|p1a: Gliscor
|
|-heal|p2a: Heatran|21/100|[from] item: Leftovers
|-heal|p1a: Gliscor|100/100 tox|[from] ability: Poison Heal
|upkeep
|turn|37
|
|t:|1760345835
|move|p1a: Gliscor|Earthquake|p2a: Heatran
|-resisted|p2a: Heatran
|-end|p2a: Heatran|Substitute
|move|p2a: Heatran|Magma Storm|p1a: Gliscor
|-damage|p1a: Gliscor|52/100 tox
|-activate|p1a: Gliscor|move: Magma Storm|[of] p2a: Heatran
|
|-heal|p2a: Heatran|27/100|[from] item: Leftovers
|-heal|p1a: Gliscor|64/100 tox|[from] ability: Poison Heal
|-damage|p1a: Gliscor|52/100 tox|[from] move: Magma Storm|[partiallytrapped]
|upkeep
|turn|38
|
|t:|1760345842
|move|p1a: Gliscor|Earthquake|p2a: Heatran
|-resisted|p2a: Heatran
|-damage|p2a: Heatran|14/100
|move|p2a: Heatran|Magma Storm|p1a: Gliscor
|-damage|p1a: Gliscor|0 fnt
|faint|p1a: Gliscor
|
|-heal|p2a: Heatran|20/100|[from] item: Leftovers
|upkeep
|
|t:|1760345845
|switch|p1a: Kingambit|Kingambit, M|26/100
|-activate|p1a: Kingambit|ability: Supreme Overlord
|-start|p1a: Kingambit|fallen5|[silent]
|turn|39
|
|t:|1760345850
|move|p1a: Kingambit|Sucker Punch|p2a: Heatran
|-damage|p2a: Heatran|0 fnt
|faint|p2a: Heatran
|
|-heal|p1a: Kingambit|32/100|[from] item: Leftovers
|upkeep
|
|t:|1760345855
|switch|p2a: Clefable|Clefable, F|100/100
|turn|40
|
|t:|1760345858
|move|p1a: Kingambit|Swords Dance|p1a: Kingambit
|-boost|p1a: Kingambit|atk|2
|move|p2a: Clefable|Moonblast|p1a: Kingambit
|-damage|p1a: Kingambit|0 fnt
|faint|p1a: Kingambit
|-end|p1a: Kingambit|fallen5|[silent]
|
|win|getreyal
|raw|Kaleor's rating: 1644 &rarr; <strong>1625</strong><br />(-19 for losing)
|raw|getreyal's rating: 1668 &rarr; <strong>1687</strong><br />(+19 for winning)
|l|☆Kaleor
|player|p1|
|l|☆getreyal
|player|p2|
