|j|☆kittensnax
|j|☆boldenhauer
|t:|1760457928
|gametype|singles
|player|p1|kittensnax|schoolkidf|1420
|player|p2|boldenhauer|169|1421
|gen|9
|tier|[Gen 9] OU
|rated|
|rule|HP Percentage Mod: HP is shown in percentages
|rule|Endless Battle Clause: Forcing endless battles is banned
|rule|Species Clause: Limit one of each Pokémon
|rule|OHKO Clause: OHKO moves are banned
|rule|Evasion Items Clause: Evasion items are banned
|rule|Evasion Moves Clause: Evasion moves are banned
|rule|Evasion Abilities Clause: Evasion abilities are banned
|rule|Sleep Moves Clause: Sleep-inducing moves are banned
|clearpoke
|poke|p1|Porygon2|
|poke|p1|Farigiraf, M|
|poke|p1|Dragonite, F|
|poke|p1|Primarina, M|
|poke|p1|Ursaluna, F|
|poke|p1|Gallade, M|
|poke|p2|Tinkaton, F|
|poke|p2|Zapdos-Galar|
|poke|p2|Kyurem|
|poke|p2|Ting-Lu|
|poke|p2|Gholdengo|
|poke|p2|Morpeko, M|
|teampreview
|
|t:|1760457942
|teamsize|p1|6
|teamsize|p2|6
|start
|switch|p1a: FaRiGiЯaꟻ|Farigiraf, M, shiny|100/100
|switch|p2a: Morpeko|Morpeko, M|100/100
|turn|1
|
|t:|1760457945
|move|p2a: Morpeko|Knock Off|p1a: FaRiGiЯaꟻ
|-supereffective|p1a: FaRiGiЯaꟻ
|-damage|p1a: FaRiGiЯaꟻ|27/100
|-enditem|p1a: FaRiGiЯaꟻ|Weakness Policy
|-boost|p1a: FaRiGiЯaꟻ|atk|2|[from] item: Weakness Policy
|-boost|p1a: FaRiGiЯaꟻ|spa|2|[from] item: Weakness Policy
|move|p1a: FaRiGiЯaꟻ|Trick Room|p1a: FaRiGiЯaꟻ
|-fieldstart|move: Trick Room|[of] p1a: FaRiGiЯaꟻ
|
|-formechange|p2a: Morpeko|Morpeko-Hangry||[from] ability: Hunger Switch
|upkeep
|turn|2
|
|t:|1760457951
|-terastallize|p1a: FaRiGiЯaꟻ|Fighting
|move|p1a: FaRiGiЯaꟻ|Tera Blast|p2a: Morpeko|[anim] Tera Blast Fighting
|-supereffective|p2a: Morpeko
|-enditem|p2a: Morpeko|Focus Sash
|-damage|p2a: Morpeko|1/100
|move|p2a: Morpeko|Aura Wheel|p1a: FaRiGiЯaꟻ
|-resisted|p1a: FaRiGiЯaꟻ
|-damage|p1a: FaRiGiЯaꟻ|6/100
|-boost|p2a: Morpeko|spe|1
|
|-formechange|p2a: Morpeko|Morpeko||[from] ability: Hunger Switch
|upkeep
|turn|3
|
|t:|1760457963
|move|p1a: FaRiGiЯaꟻ|Shadow Ball|p2a: Morpeko
|-resisted|p2a: Morpeko
|-damage|p2a: Morpeko|0 fnt
|faint|p2a: Morpeko
|
|upkeep
|
|t:|1760457966
|switch|p2a: Tinkaton|Tinkaton, F|100/100
|-ability|p2a: Tinkaton|Mold Breaker
|-item|p2a: Tinkaton|Air Balloon
|turn|4
|
|t:|1760457971
|move|p1a: FaRiGiЯaꟻ|Shadow Ball|p2a: Tinkaton
|-damage|p2a: Tinkaton|56/100
|-enditem|p2a: Tinkaton|Air Balloon
|move|p2a: Tinkaton|Stealth Rock|p1a: FaRiGiЯaꟻ
|-sidestart|p1: kittensnax|move: Stealth Rock
|
|upkeep
|turn|5
|
|t:|1760457993
|move|p1a: FaRiGiЯaꟻ|Tera Blast|p2a: Tinkaton|[anim] Tera Blast Fighting
|-damage|p2a: Tinkaton|0 fnt
|faint|p2a: Tinkaton
|
|-fieldend|move: Trick Room
|upkeep
|
|t:|1760458000
|switch|p2a: Zapdos|Zapdos-Galar|100/100
|turn|6
|
|t:|1760458008
|move|p2a: Zapdos|Drill Peck|p1a: FaRiGiЯaꟻ
|-supereffective|p1a: FaRiGiЯaꟻ
|-damage|p1a: FaRiGiЯaꟻ|0 fnt
|faint|p1a: FaRiGiЯaꟻ
|
|upkeep
|
|t:|1760458017
|switch|p1a: Dragonite|Dragonite, F|100/100
|turn|7
|
|t:|1760458022
|switch|p2a: Ting-Lu|Ting-Lu|100/100
|-ability|p2a: Ting-Lu|Vessel of Ruin
|move|p1a: Dragonite|Thunder Punch|p2a: Ting-Lu
|-immune|p2a: Ting-Lu
|
|upkeep
|turn|8
|
|t:|1760458042
|switch|p1a: Primarina|Primarina, M|100/100
|-damage|p1a: Primarina|88/100|[from] Stealth Rock
|move|p2a: Ting-Lu|Spikes|p1a: Primarina
|-sidestart|p1: kittensnax|Spikes
|
|upkeep
|turn|9
|
|t:|1760458064
|move|p1a: Primarina|Moonblast|p2a: Ting-Lu
|-supereffective|p2a: Ting-Lu
|-damage|p2a: Ting-Lu|34/100
|move|p2a: Ting-Lu|Whirlwind|p1a: Primarina
|drag|p1a: Gallade|Gallade, M|100/100
|-damage|p1a: Gallade|94/100|[from] Stealth Rock
|-damage|p1a: Gallade|82/100|[from] Spikes
|
|-heal|p1a: Gallade|88/100|[from] item: Leftovers
|upkeep
|turn|10
|
|t:|1760458082
|move|p1a: Gallade|Knock Off|p2a: Ting-Lu
|-resisted|p2a: Ting-Lu
|-damage|p2a: Ting-Lu|26/100
|-enditem|p2a: Ting-Lu|Mental Herb|[from] move: Knock Off|[of] p1a: Gallade
|move|p2a: Ting-Lu|Whirlwind|p1a: Gallade
|drag|p1a: Dragonite|Dragonite, F|100/100
|
|upkeep
|turn|11
|
|t:|1760458090
|move|p1a: Dragonite|Low Kick|p2a: Ting-Lu
|-supereffective|p2a: Ting-Lu
|-damage|p2a: Ting-Lu|0 fnt
|faint|p2a: Ting-Lu
|
|upkeep
|
|t:|1760458102
|switch|p2a: Kyurem|Kyurem|100/100
|-ability|p2a: Kyurem|Pressure
|turn|12
|
|t:|1760458107
|move|p2a: Kyurem|Dragon Dance|p2a: Kyurem
|-boost|p2a: Kyurem|atk|1
|-boost|p2a: Kyurem|spe|1
|move|p1a: Dragonite|Low Kick|p2a: Kyurem
|-supereffective|p2a: Kyurem
|-damage|p2a: Kyurem|40/100
|
|-heal|p2a: Kyurem|46/100|[from] item: Leftovers
|upkeep
|turn|13
|
|t:|1760458114
|move|p1a: Dragonite|Extreme Speed|p2a: Kyurem
|-damage|p2a: Kyurem|25/100
|move|p2a: Kyurem|Icicle Spear|p1a: Dragonite
|-supereffective|p1a: Dragonite
|-damage|p1a: Dragonite|70/100
|-supereffective|p1a: Dragonite
|-damage|p1a: Dragonite|4/100
|-supereffective|p1a: Dragonite
|-damage|p1a: Dragonite|0 fnt
|faint|p1a: Dragonite
|-hitcount|p1: Dragonite|3
|
|-heal|p2a: Kyurem|31/100|[from] item: Leftovers
|upkeep
|
|t:|1760458123
|switch|p1a: Primarina|Primarina, M|88/100
|-damage|p1a: Primarina|76/100|[from] Stealth Rock
|-damage|p1a: Primarina|63/100|[from] Spikes
|turn|14
|
|t:|1760458126
|move|p2a: Kyurem|Protect|p2a: Kyurem
|-singleturn|p2a: Kyurem|Protect
|move|p1a: Primarina|Moonblast|p2a: Kyurem
|-activate|p2a: Kyurem|move: Protect
|
|-heal|p2a: Kyurem|38/100|[from] item: Leftovers
|upkeep
|turn|15
|
|t:|1760458134
|move|p2a: Kyurem|Substitute|p2a: Kyurem
|-start|p2a: Kyurem|Substitute
|-damage|p2a: Kyurem|13/100
|move|p1a: Primarina|Moonblast|p2a: Kyurem
|-supereffective|p2a: Kyurem
|-end|p2a: Kyurem|Substitute
|
|-heal|p2a: Kyurem|19/100|[from] item: Leftovers
|upkeep
|turn|16
|
|t:|1760458137
|move|p2a: Kyurem|Protect|p2a: Kyurem
|-singleturn|p2a: Kyurem|Protect
|move|p1a: Primarina|Moonblast|p2a: Kyurem
|-activate|p2a: Kyurem|move: Protect
|
|-heal|p2a: Kyurem|25/100|[from] item: Leftovers
|upkeep
|turn|17
|
|t:|1760458143
|move|p2a: Kyurem|Icicle Spear|p1a: Primarina
|-resisted|p1a: Primarina
|-damage|p1a: Primarina|54/100
|-resisted|p1a: Primarina
|-damage|p1a: Primarina|44/100
|-hitcount|p1a: Primarina|2
|move|p1a: Primarina|Moonblast|p2a: Kyurem
|-supereffective|p2a: Kyurem
|-damage|p2a: Kyurem|0 fnt
|faint|p2a: Kyurem
|
|upkeep
|
|t:|1760458149
|switch|p2a: Gholdengo|Gholdengo|100/100
|-item|p2a: Gholdengo|Air Balloon
|turn|18
|
|t:|1760458153
|move|p2a: Gholdengo|Make It Rain|p1a: Primarina
|-damage|p1a: Primarina|5/100
|-unboost|p2a: Gholdengo|spa|1
|move|p1a: Primarina|Shadow Ball|p2a: Gholdengo
|-supereffective|p2a: Gholdengo
|-damage|p2a: Gholdengo|44/100
|-enditem|p2a: Gholdengo|Air Balloon
|
|upkeep
|turn|19
|
|t:|1760458160
|move|p2a: Gholdengo|Make It Rain|p1a: Primarina
|-damage|p1a: Primarina|0 fnt
|-unboost|p2a: Gholdengo|spa|1
|faint|p1a: Primarina
|
|upkeep
|
|t:|1760458168
|switch|p1a: a special boy|Porygon2|100/100
|-damage|p1a: a special boy|88/100|[from] Stealth Rock
|-damage|p1a: a special boy|76/100|[from] Spikes
|-ability|p1a: a special boy|Download|boost
|-boost|p1a: a special boy|spa|1
|turn|20
|
|t:|1760458177
|move|p2a: Gholdengo|Recover|p2a: Gholdengo
|-heal|p2a: Gholdengo|94/100
|move|p1a: a special boy|Thunderbolt|p2a: Gholdengo
|-damage|p2a: Gholdengo|50/100
|
|upkeep
|turn|21
|
|t:|1760458182
|move|p2a: Gholdengo|Recover|p2a: Gholdengo
|-heal|p2a: Gholdengo|99/100
|move|p1a: a special boy|Thunderbolt|p2a: Gholdengo
|-damage|p2a: Gholdengo|53/100
|
|upkeep
|turn|22
|
|t:|1760458187
|move|p2a: Gholdengo|Nasty Plot|p2a: Gholdengo
|-boost|p2a: Gholdengo|spa|2
|move|p1a: a special boy|Thunderbolt|p2a: Gholdengo
|-damage|p2a: Gholdengo|7/100
|
|upkeep
|turn|23
|
|t:|1760458189
|move|p2a: Gholdengo|Recover|p2a: Gholdengo
|-heal|p2a: Gholdengo|57/100
|move|p1a: a special boy|Thunderbolt|p2a: Gholdengo
|-damage|p2a: Gholdengo|13/100
|
|upkeep
|turn|24
|
|t:|1760458193
|move|p2a: Gholdengo|Recover|p2a: Gholdengo
|-heal|p2a: Gholdengo|63/100
|move|p1a: a special boy|Thunderbolt|p2a: Gholdengo
|-damage|p2a: Gholdengo|18/100
|
|upkeep
|turn|25
|
|t:|1760458199
|move|p2a: Gholdengo|Make It Rain|p1a: a special boy
|-damage|p1a: a special boy|28/100
|-unboost|p2a: Gholdengo|spa|1
|move|p1a: a special boy|Thunderbolt|p2a: Gholdengo
|-damage|p2a: Gholdengo|0 fnt
|faint|p2a: Gholdengo
|
|upkeep
|
|t:|1760458202
|switch|p2a: Zapdos|Zapdos-Galar|100/100
|turn|26
|
|t:|1760458205
|move|p2a: Zapdos|Thunderous Kick|p1a: a special boy
|-supereffective|p1a: a special boy
|-damage|p1a: a special boy|0 fnt
|faint|p1a: a special boy
|
|upkeep
|
|t:|1760458211
|switch|p1a: Gallade|Gallade, M|88/100
|-damage|p1a: Gallade|82/100|[from] Stealth Rock
|-damage|p1a: Gallade|70/100|[from] Spikes
|turn|27
|
|t:|1760458215
|move|p2a: Zapdos|Drill Peck|p1a: Gallade
|-supereffective|p1a: Gallade
|-damage|p1a: Gallade|0 fnt
|faint|p1a: Gallade
|
|upkeep
|
|t:|1760458217
|switch|p1a: Ursaluna|Ursaluna, F|100/100
|-damage|p1a: Ursaluna|94/100|[from] Stealth Rock
|-damage|p1a: Ursaluna|82/100|[from] Spikes
|turn|28
|
|t:|1760458222
|move|p2a: Zapdos|Thunderous Kick|p1a: Ursaluna
|-supereffective|p1a: Ursaluna
|-damage|p1a: Ursaluna|23/100
|-unboost|p1a: Ursaluna|def|1
|move|p1a: Ursaluna|Facade|p2a: Zapdos
|-crit|p2a: Zapdos
|-damage|p2a: Zapdos|43/100
|
|-heal|p2a: Zapdos|50/100|[from] item: Leftovers
|-status|p1a: Ursaluna|brn|[from] item: Flame Orb
|upkeep
|turn|29
|
|t:|1760458227
|move|p2a: Zapdos|Thunderous Kick|p1a: Ursaluna
|-supereffective|p1a: Ursaluna
|-damage|p1a: Ursaluna|0 fnt
|faint|p1a: Ursaluna
|
|win|boldenhauer
|raw|kittensnax's rating: 1420 &rarr; <strong>1400</strong><br />(-20 for losing)
|raw|boldenhauer's rating: 1421 &rarr; <strong>1441</strong><br />(+20 for winning)
|l|☆kittensnax
|player|p1|
|l|☆boldenhauer
|player|p2|
