|j|☆torvik en place
|j|‽theonlydork
|t:|1760367235
|gametype|singles
|player|p1|torvik en place|gambler|1781
|player|p2|theonlydork|2|1778
|gen|9
|tier|[Gen 9] OU
|rated|
|rule|HP Percentage Mod: HP is shown in percentages
|rule|Endless Battle Clause: Forcing endless battles is banned
|rule|Species Clause: Limit one of each Pokémon
|rule|OHKO Clause: OHKO moves are banned
|rule|Evasion Items Clause: Evasion items are banned
|rule|Evasion Moves Clause: Evasion moves are banned
|rule|Evasion Abilities Clause: Evasion abilities are banned
|rule|Sleep Moves Clause: Sleep-inducing moves are banned
|clearpoke
|poke|p1|Garchomp, F|
|poke|p1|Rillaboom, F|
|poke|p1|Iron Crown|
|poke|p1|Darkrai|
|poke|p1|Hatterene, F|
|poke|p1|Alomomola, F|
|poke|p2|Zamazenta-*|
|poke|p2|Ting-Lu|
|poke|p2|Glimmora, F|
|poke|p2|Gholdengo|
|poke|p2|Ogerpon-Wellspring, F|
|poke|p2|Dragonite, M|
|teampreview
|
|t:|1760367256
|teamsize|p1|6
|teamsize|p2|6
|start
|switch|p1a: Rillaboom|Rillaboom, F|100/100
|switch|p2a: Gholdengo|Gholdengo|100/100
|-fieldstart|move: Grassy Terrain|[from] ability: Grassy Surge|[of] p1a: Rillaboom
|turn|1
|
|t:|1760367264
|move|p2a: Gholdengo|Make It Rain|p1a: Rillaboom
|-damage|p1a: Rillaboom|23/100
|-unboost|p2a: Gholdengo|spa|1
|move|p1a: Rillaboom|Knock Off|p2a: Gholdengo
|-supereffective|p2a: Gholdengo
|-damage|p2a: Gholdengo|0 fnt
|-enditem|p2a: Gholdengo|Choice Scarf|[from] move: Knock Off|[of] p1a: Rillaboom
|faint|p2a: Gholdengo
|
|-heal|p1a: Rillaboom|29/100|[from] Grassy Terrain
|upkeep
|
|t:|1760367271
|switch|p2a: Ogerpon|Ogerpon-Wellspring, F|100/100
|turn|2
|j| FaronAan
|
|t:|1760367277
|switch|p1a: Garchomp|Garchomp, F|100/100
|move|p2a: Ogerpon|Power Whip|p1a: Garchomp
|-damage|p1a: Garchomp|42/100
|-damage|p2a: Ogerpon|88/100|[from] ability: Rough Skin|[of] p1a: Garchomp
|-damage|p2a: Ogerpon|72/100|[from] item: Rocky Helmet|[of] p1a: Garchomp
|
|-heal|p2a: Ogerpon|78/100|[from] Grassy Terrain
|-heal|p1a: Garchomp|48/100|[from] Grassy Terrain
|upkeep
|turn|3
|
|t:|1760367286
|move|p2a: Ogerpon|Power Whip|p1a: Garchomp
|-damage|p1a: Garchomp|0 fnt
|-damage|p2a: Ogerpon|65/100|[from] ability: Rough Skin|[of] p1a: Garchomp
|-damage|p2a: Ogerpon|49/100|[from] item: Rocky Helmet|[of] p1a: Garchomp
|faint|p1a: Garchomp
|
|-heal|p2a: Ogerpon|55/100|[from] Grassy Terrain
|upkeep
|inactive|Battle timer is ON: inactive players will automatically lose when time's up. (requested by theonlydork)
|
|t:|1760367297
|switch|p1a: Darkrai|Darkrai|100/100
|turn|4
|
|t:|1760367301
|switch|p2a: Ting-Lu|Ting-Lu|100/100
|-ability|p2a: Ting-Lu|Vessel of Ruin
|move|p1a: Darkrai|Will-O-Wisp|p2a: Ting-Lu
|-status|p2a: Ting-Lu|brn
|
|-damage|p2a: Ting-Lu|94/100 brn|[from] brn
|upkeep
|turn|5
|
|t:|1760367307
|switch|p2a: Glimmora|Glimmora, F|100/100
|move|p1a: Darkrai|Nasty Plot|p1a: Darkrai
|-boost|p1a: Darkrai|spa|2
|
|-fieldend|move: Grassy Terrain
|upkeep
|turn|6
|
|t:|1760367313
|move|p1a: Darkrai|Dark Pulse|p2a: Glimmora
|-crit|p2a: Glimmora
|-damage|p2a: Glimmora|0 fnt
|faint|p2a: Glimmora
|
|upkeep
|
|t:|1760367319
|switch|p2a: Zamazenta|Zamazenta|100/100
|-ability|p2a: Zamazenta|Dauntless Shield|boost
|-boost|p2a: Zamazenta|def|1
|turn|7
|
|t:|1760367333
|switch|p1a: Hatterene|Hatterene, F|100/100
|move|p2a: Zamazenta|Body Press|p1a: Hatterene
|-resisted|p1a: Hatterene
|-damage|p1a: Hatterene|89/100
|
|-heal|p1a: Hatterene|95/100|[from] item: Leftovers
|upkeep
|turn|8
|
|t:|1760367340
|switch|p2a: Ting-Lu|Ting-Lu|94/100 brn
|-ability|p2a: Ting-Lu|Vessel of Ruin
|move|p1a: Hatterene|Draining Kiss|p2a: Ting-Lu
|-supereffective|p2a: Ting-Lu
|-damage|p2a: Ting-Lu|71/100 brn
|-heal|p1a: Hatterene|100/100|[from] drain|[of] p2a: Ting-Lu
|
|-heal|p2a: Ting-Lu|77/100 brn|[from] item: Leftovers
|-damage|p2a: Ting-Lu|71/100 brn|[from] brn
|upkeep
|turn|9
|
|t:|1760367345
|move|p2a: Ting-Lu|Ruination|p1a: Hatterene
|-damage|p1a: Hatterene|51/100
|move|p1a: Hatterene|Draining Kiss|p2a: Ting-Lu
|-supereffective|p2a: Ting-Lu
|-damage|p2a: Ting-Lu|48/100 brn
|-heal|p1a: Hatterene|75/100|[from] drain|[of] p2a: Ting-Lu
|
|-heal|p2a: Ting-Lu|54/100 brn|[from] item: Leftovers
|-heal|p1a: Hatterene|81/100|[from] item: Leftovers
|-damage|p2a: Ting-Lu|48/100 brn|[from] brn
|upkeep
|turn|10
|l| FaronAan
|
|t:|1760367352
|switch|p2a: Ogerpon|Ogerpon-Wellspring, F|55/100
|move|p1a: Hatterene|Nuzzle|p2a: Ogerpon
|-damage|p2a: Ogerpon|50/100
|-status|p2a: Ogerpon|par
|
|-heal|p1a: Hatterene|87/100|[from] item: Leftovers
|upkeep
|turn|11
|
|t:|1760367364
|cant|p2a: Ogerpon|par
|move|p1a: Hatterene|Draining Kiss|p2a: Ogerpon
|-damage|p2a: Ogerpon|24/100 par
|-heal|p1a: Hatterene|100/100|[from] drain|[of] p2a: Ogerpon
|
|upkeep
|turn|12
|
|t:|1760367369
|move|p2a: Ogerpon|Knock Off|p1a: Hatterene
|-damage|p1a: Hatterene|66/100
|-enditem|p1a: Hatterene|Leftovers|[from] move: Knock Off|[of] p2a: Ogerpon
|move|p1a: Hatterene|Draining Kiss|p2a: Ogerpon
|-damage|p2a: Ogerpon|0 fnt
|-heal|p1a: Hatterene|83/100|[from] drain|[of] p2a: Ogerpon
|faint|p2a: Ogerpon
|
|upkeep
|
|t:|1760367377
|switch|p2a: Dragonite|Dragonite, M|100/100
|turn|13
|
|t:|1760367381
|move|p2a: Dragonite|Dragon Dance|p2a: Dragonite
|-boost|p2a: Dragonite|atk|1
|-boost|p2a: Dragonite|spe|1
|move|p1a: Hatterene|Nuzzle|p2a: Dragonite
|-damage|p2a: Dragonite|98/100
|-status|p2a: Dragonite|par
|
|upkeep
|turn|14
|
|t:|1760367387
|-terastallize|p2a: Dragonite|Normal
|move|p2a: Dragonite|Dragon Dance|p2a: Dragonite
|-boost|p2a: Dragonite|atk|1
|-boost|p2a: Dragonite|spe|1
|move|p1a: Hatterene|Draining Kiss|p2a: Dragonite
|-damage|p2a: Dragonite|73/100 par
|-heal|p1a: Hatterene|100/100|[from] drain|[of] p2a: Dragonite
|
|upkeep
|turn|15
|
|t:|1760367398
|cant|p2a: Dragonite|par
|move|p1a: Hatterene|Psychic Noise|p2a: Dragonite
|-damage|p2a: Dragonite|36/100 par
|-start|p2a: Dragonite|move: Heal Block
|
|upkeep
|turn|16
|
|t:|1760367403
|cant|p2a: Dragonite|par
|move|p1a: Hatterene|Psychic Noise|p2a: Dragonite
|-damage|p2a: Dragonite|4/100 par
|
|-end|p2a: Dragonite|move: Heal Block
|upkeep
|turn|17
|-message|theonlydork forfeited.
|
|win|torvik en place
|raw|torvik en place's rating: 1781 &rarr; <strong>1801</strong><br />(+20 for winning)
|raw|theonlydork's rating: 1778 &rarr; <strong>1758</strong><br />(-20 for losing)
|l|‽theonlydork
|player|p2|
|l|☆torvik en place
|player|p1|
