|j|☆spongeon
|j|☆CroundAF
|t:|1760329263
|gametype|singles
|player|p1|spongeon|2|1343
|player|p2|CroundAF|266|1372
|gen|9
|tier|[Gen 9] OU
|rated|
|rule|HP Percentage Mod: HP is shown in percentages
|rule|Endless Battle Clause: Forcing endless battles is banned
|rule|Species Clause: Limit one of each Pokémon
|rule|OHKO Clause: OHKO moves are banned
|rule|Evasion Items Clause: Evasion items are banned
|rule|Evasion Moves Clause: Evasion moves are banned
|rule|Evasion Abilities Clause: Evasion abilities are banned
|rule|Sleep Moves Clause: Sleep-inducing moves are banned
|clearpoke
|poke|p1|Zamazenta-*|
|poke|p1|Zapdos|
|poke|p1|Maushold|
|poke|p1|Comfey, M|
|poke|p1|Pecharunt|
|poke|p1|Chansey, F|
|poke|p2|Rillaboom, F|
|poke|p2|Heatran, M|
|poke|p2|Ting-Lu|
|poke|p2|Zamazenta-*|
|poke|p2|Ogerpon-Wellspring, F|
|poke|p2|Pecharunt|
|teampreview
|
|t:|1760329289
|teamsize|p1|6
|teamsize|p2|6
|start
|switch|p1a: Zapdos|Zapdos|100/100
|switch|p2a: Rillaboom|Rillaboom, F|100/100
|-fieldstart|move: Grassy Terrain|[from] ability: Grassy Surge|[of] p2a: Rillaboom
|turn|1
|
|t:|1760329297
|switch|p2a: Ting-Lu|Ting-Lu|100/100
|-ability|p2a: Ting-Lu|Vessel of Ruin
|move|p1a: Zapdos|Hurricane|p2a: Ting-Lu|[miss]
|-miss|p1a: Zapdos|p2a: Ting-Lu
|
|upkeep
|turn|2
|
|t:|1760329315
|move|p1a: Zapdos|Hurricane|p2a: Ting-Lu
|-damage|p2a: Ting-Lu|68/100
|-start|p2a: Ting-Lu|confusion
|-activate|p2a: Ting-Lu|confusion
|-damage|p2a: Ting-Lu|63/100|[from] confusion
|
|-heal|p2a: Ting-Lu|70/100|[from] Grassy Terrain
|-heal|p2a: Ting-Lu|76/100|[from] item: Leftovers
|upkeep
|turn|3
|
|t:|1760329337
|switch|p1a: Maushold|Maushold|100/100
|switch|p2a: Heatran|Heatran, M|100/100
|
|upkeep
|turn|4
|
|t:|1760329344
|switch|p1a: Chansey|Chansey, F|100/100
|move|p2a: Heatran|Magma Storm|p1a: Chansey
|-damage|p1a: Chansey|85/100
|-activate|p1a: Chansey|move: Magma Storm|[of] p2a: Heatran
|
|-heal|p1a: Chansey|91/100|[from] Grassy Terrain
|-heal|p1a: Chansey|97/100|[from] item: Leftovers
|-damage|p1a: Chansey|85/100|[from] move: Magma Storm|[partiallytrapped]
|upkeep
|turn|5
|
|t:|1760329350
|move|p2a: Heatran|Taunt|p1a: Chansey
|-start|p1a: Chansey|move: Taunt
|cant|p1a: Chansey|move: Taunt|Heal Bell
|
|-heal|p1a: Chansey|91/100|[from] Grassy Terrain
|-heal|p1a: Chansey|97/100|[from] item: Leftovers
|-damage|p1a: Chansey|85/100|[from] move: Magma Storm|[partiallytrapped]
|-fieldend|move: Grassy Terrain
|upkeep
|turn|6
|
|t:|1760329368
|move|p2a: Heatran|Earth Power|p1a: Chansey
|-damage|p1a: Chansey|75/100
|move|p1a: Chansey|Seismic Toss|p2a: Heatran
|-damage|p2a: Heatran|75/100
|
|-heal|p2a: Heatran|81/100|[from] item: Leftovers
|-heal|p1a: Chansey|81/100|[from] item: Leftovers
|-damage|p1a: Chansey|68/100|[from] move: Magma Storm|[partiallytrapped]
|upkeep
|turn|7
|c|☆CroundAF|Chansey with leftovers?
|
|t:|1760329395
|move|p2a: Heatran|Protect|p2a: Heatran
|-singleturn|p2a: Heatran|Protect
|move|p1a: Chansey|Seismic Toss|p2a: Heatran
|-activate|p2a: Heatran|move: Protect
|
|-heal|p2a: Heatran|87/100|[from] item: Leftovers
|-heal|p1a: Chansey|75/100|[from] item: Leftovers
|-damage|p1a: Chansey|62/100|[from] move: Magma Storm|[partiallytrapped]
|-end|p1a: Chansey|move: Taunt
|upkeep
|turn|8
|
|t:|1760329403
|move|p2a: Heatran|Taunt|p1a: Chansey
|-start|p1a: Chansey|move: Taunt
|move|p1a: Chansey|Seismic Toss|p2a: Heatran
|-damage|p2a: Heatran|61/100
|
|-heal|p2a: Heatran|67/100|[from] item: Leftovers
|-heal|p1a: Chansey|68/100|[from] item: Leftovers
|-damage|p1a: Chansey|56/100|[from] move: Magma Storm|[partiallytrapped]
|upkeep
|turn|9
|
|t:|1760329415
|move|p2a: Heatran|Protect|p2a: Heatran
|-singleturn|p2a: Heatran|Protect
|move|p1a: Chansey|Seismic Toss|p2a: Heatran
|-activate|p2a: Heatran|move: Protect
|
|-heal|p2a: Heatran|74/100|[from] item: Leftovers
|-heal|p1a: Chansey|62/100|[from] item: Leftovers
|-end|p1a: Chansey|Magma Storm|[partiallytrapped]
|upkeep
|turn|10
|
|t:|1760329427
|move|p2a: Heatran|Magma Storm|p1a: Chansey
|-damage|p1a: Chansey|45/100
|-activate|p1a: Chansey|move: Magma Storm|[of] p2a: Heatran
|move|p1a: Chansey|Seismic Toss|p2a: Heatran
|-damage|p2a: Heatran|48/100
|
|-heal|p2a: Heatran|54/100|[from] item: Leftovers
|-heal|p1a: Chansey|51/100|[from] item: Leftovers
|-damage|p1a: Chansey|39/100|[from] move: Magma Storm|[partiallytrapped]
|-end|p1a: Chansey|move: Taunt
|upkeep
|turn|11
|
|t:|1760329435
|move|p2a: Heatran|Taunt|p1a: Chansey
|-start|p1a: Chansey|move: Taunt
|move|p1a: Chansey|Seismic Toss|p2a: Heatran
|-damage|p2a: Heatran|28/100
|
|-heal|p2a: Heatran|34/100|[from] item: Leftovers
|-heal|p1a: Chansey|45/100|[from] item: Leftovers
|-damage|p1a: Chansey|32/100|[from] move: Magma Storm|[partiallytrapped]
|upkeep
|turn|12
|
|t:|1760329441
|move|p2a: Heatran|Protect|p2a: Heatran
|-singleturn|p2a: Heatran|Protect
|move|p1a: Chansey|Seismic Toss|p2a: Heatran
|-activate|p2a: Heatran|move: Protect
|
|-heal|p2a: Heatran|40/100|[from] item: Leftovers
|-heal|p1a: Chansey|39/100|[from] item: Leftovers
|-damage|p1a: Chansey|26/100|[from] move: Magma Storm|[partiallytrapped]
|upkeep
|turn|13
|
|t:|1760329451
|move|p2a: Heatran|Earth Power|p1a: Chansey
|-damage|p1a: Chansey|16/100
|move|p1a: Chansey|Seismic Toss|p2a: Heatran
|-damage|p2a: Heatran|14/100
|
|-heal|p2a: Heatran|21/100|[from] item: Leftovers
|-heal|p1a: Chansey|22/100|[from] item: Leftovers
|-damage|p1a: Chansey|10/100|[from] move: Magma Storm|[partiallytrapped]
|-end|p1a: Chansey|move: Taunt
|upkeep
|turn|14
|
|t:|1760329465
|move|p2a: Heatran|Earth Power|p1a: Chansey
|-damage|p1a: Chansey|0 fnt
|faint|p1a: Chansey
|
|-heal|p2a: Heatran|27/100|[from] item: Leftovers
|upkeep
|
|t:|1760329474
|switch|p1a: Zapdos|Zapdos|100/100
|turn|15
|
|t:|1760329480
|switch|p2a: Ting-Lu|Ting-Lu|76/100
|-ability|p2a: Ting-Lu|Vessel of Ruin
|move|p1a: Zapdos|Volt Switch|p2a: Ting-Lu
|-immune|p2a: Ting-Lu
|
|-heal|p2a: Ting-Lu|82/100|[from] item: Leftovers
|upkeep
|turn|16
|
|t:|1760329486
|switch|p1a: Zamazenta|Zamazenta|100/100
|-ability|p1a: Zamazenta|Dauntless Shield|boost
|-boost|p1a: Zamazenta|def|1
|move|p2a: Ting-Lu|Ruination|p1a: Zamazenta
|-damage|p1a: Zamazenta|51/100
|
|-heal|p2a: Ting-Lu|88/100|[from] item: Leftovers
|upkeep
|turn|17
|
|t:|1760329492
|switch|p2a: Pecharunt|Pecharunt|100/100
|move|p1a: Zamazenta|Iron Defense|p1a: Zamazenta
|-boost|p1a: Zamazenta|def|2
|
|upkeep
|turn|18
|
|t:|1760329497
|move|p1a: Zamazenta|Crunch|p2a: Pecharunt
|-supereffective|p2a: Pecharunt
|-damage|p2a: Pecharunt|74/100
|move|p2a: Pecharunt|Malignant Chain|p1a: Zamazenta
|-damage|p1a: Zamazenta|10/100
|
|upkeep
|turn|19
|-message|spongeon forfeited.
|
|win|CroundAF
|raw|spongeon's rating: 1343 &rarr; <strong>1325</strong><br />(-18 for losing)
|raw|CroundAF's rating: 1372 &rarr; <strong>1390</strong><br />(+18 for winning)
|l|☆spongeon
|player|p1|
|l|☆CroundAF
|player|p2|
