|j|☆ChickenTalk2006
|j|☆XX420STALLGOD69XX
|t:|1760327936
|gametype|singles
|player|p1|ChickenTalk2006|galacticgrunt|1622
|player|p2|XX420STALLGOD69XX|102|1661
|gen|9
|tier|[Gen 9] OU
|rated|
|rule|HP Percentage Mod: HP is shown in percentages
|rule|Endless Battle Clause: Forcing endless battles is banned
|rule|Species Clause: Limit one of each Pokémon
|rule|OHKO Clause: OHKO moves are banned
|rule|Evasion Items Clause: Evasion items are banned
|rule|Evasion Moves Clause: Evasion moves are banned
|rule|Evasion Abilities Clause: Evasion abilities are banned
|rule|Sleep Moves Clause: Sleep-inducing moves are banned
|clearpoke
|poke|p1|Kyurem|
|poke|p1|Great Tusk|
|poke|p1|Dragapult, F|
|poke|p1|Dragonite, F|
|poke|p1|Haxorus, M|
|poke|p1|Galvantula, F|
|poke|p2|Rotom-Wash|
|poke|p2|Meowscarada, M|
|poke|p2|Great Tusk|
|poke|p2|Gholdengo|
|poke|p2|Dragonite, M|
|poke|p2|Iron Valiant|
|teampreview
|inactive|Battle timer is ON: inactive players will automatically lose when time's up. (requested by XX420STALLGOD69XX)
|
|t:|1760327949
|teamsize|p1|6
|teamsize|p2|6
|start
|switch|p1a: Araclash|Galvantula, F|100/100
|switch|p2a: Dragonite|Dragonite, M|100/100
|turn|1
|
|t:|1760327953
|move|p1a: Araclash|Thunder Wave|p2a: Dragonite
|-status|p2a: Dragonite|par
|move|p2a: Dragonite|Dragon Dance|p2a: Dragonite
|-boost|p2a: Dragonite|atk|1
|-boost|p2a: Dragonite|spe|1
|
|upkeep
|turn|2
|
|t:|1760327957
|move|p1a: Araclash|Sticky Web|p2a: Dragonite
|-sidestart|p2: XX420STALLGOD69XX|move: Sticky Web
|move|p2a: Dragonite|Scale Shot|p1a: Araclash
|-damage|p1a: Araclash|57/100
|-crit|p1a: Araclash
|-damage|p1a: Araclash|2/100
|-damage|p1a: Araclash|0 fnt
|faint|p1a: Araclash
|-hitcount|p1: Araclash|3
|-unboost|p2a: Dragonite|def|1
|-boost|p2a: Dragonite|spe|1
|
|upkeep
|
|t:|1760327963
|switch|p1a: Cryogod|Kyurem|100/100
|-ability|p1a: Cryogod|Pressure
|turn|3
|
|t:|1760327980
|-terastallize|p2a: Dragonite|Fire
|move|p1a: Cryogod|Scale Shot|p2a: Dragonite
|-damage|p2a: Dragonite|89/100 par
|-damage|p2a: Dragonite|66/100 par
|-damage|p2a: Dragonite|43/100 par
|-damage|p2a: Dragonite|20/100 par
|-damage|p2a: Dragonite|0 fnt
|faint|p2a: Dragonite
|-hitcount|p2: Dragonite|5
|-unboost|p1a: Cryogod|def|1
|-boost|p1a: Cryogod|spe|1
|
|upkeep
|
|t:|1760327989
|switch|p2a: Gholdengo|Gholdengo|100/100
|-item|p2a: Gholdengo|Air Balloon
|turn|4
|
|t:|1760327999
|-terastallize|p1a: Cryogod|Fire
|move|p1a: Cryogod|Dragon Dance|p1a: Cryogod
|-boost|p1a: Cryogod|atk|1
|-boost|p1a: Cryogod|spe|1
|move|p2a: Gholdengo|Thunder Wave|p1a: Cryogod
|-status|p1a: Cryogod|par
|
|upkeep
|turn|5
|
|t:|1760328004
|switch|p2a: Rotom|Rotom-Wash|100/100
|move|p1a: Cryogod|Tera Blast|p2a: Rotom|[anim] Tera Blast Fire
|-resisted|p2a: Rotom
|-damage|p2a: Rotom|62/100
|
|-heal|p2a: Rotom|68/100|[from] item: Leftovers
|upkeep
|turn|6
|c|☆ChickenTalk2006|damn we both suck
|
|t:|1760328012
|cant|p1a: Cryogod|par
|move|p2a: Rotom|Hydro Pump|p1a: Cryogod
|-supereffective|p1a: Cryogod
|-damage|p1a: Cryogod|27/100 par
|
|-heal|p2a: Rotom|74/100|[from] item: Leftovers
|upkeep
|turn|7
|
|t:|1760328017
|move|p1a: Cryogod|Scale Shot|p2a: Rotom
|-damage|p2a: Rotom|51/100
|-damage|p2a: Rotom|29/100
|-damage|p2a: Rotom|5/100
|-damage|p2a: Rotom|0 fnt
|faint|p2a: Rotom
|-hitcount|p2: Rotom|4
|-unboost|p1a: Cryogod|def|1
|-boost|p1a: Cryogod|spe|1
|
|upkeep
|
|t:|1760328028
|switch|p2a: Meowscarada|Meowscarada, M|100/100
|-activate|p2a: Meowscarada|move: Sticky Web
|-unboost|p2a: Meowscarada|spe|1
|turn|8
|
|t:|1760328030
|move|p1a: Cryogod|Icicle Spear|p2a: Meowscarada
|-supereffective|p2a: Meowscarada
|-damage|p2a: Meowscarada|38/100
|-supereffective|p2a: Meowscarada
|-damage|p2a: Meowscarada|0 fnt
|faint|p2a: Meowscarada
|-hitcount|p2: Meowscarada|2
|
|upkeep
|
|t:|1760328036
|switch|p2a: Gholdengo|Gholdengo|100/100
|-item|p2a: Gholdengo|Air Balloon
|turn|9
|
|t:|1760328038
|move|p1a: Cryogod|Tera Blast|p2a: Gholdengo|[anim] Tera Blast Fire
|-supereffective|p2a: Gholdengo
|-damage|p2a: Gholdengo|0 fnt
|-enditem|p2a: Gholdengo|Air Balloon
|faint|p2a: Gholdengo
|
|upkeep
|
|t:|1760328040
|switch|p2a: Great Tusk|Great Tusk|100/100
|-activate|p2a: Great Tusk|move: Sticky Web
|-unboost|p2a: Great Tusk|spe|1
|-enditem|p2a: Great Tusk|Booster Energy
|-activate|p2a: Great Tusk|ability: Protosynthesis|[fromitem]
|-start|p2a: Great Tusk|protosynthesisatk
|turn|10
|
|t:|1760328042
|switch|p1a: Dreadshot|Dragapult, F|100/100
|move|p2a: Great Tusk|Rapid Spin|p1a: Dreadshot
|-immune|p1a: Dreadshot
|
|upkeep
|turn|11
|
|t:|1760328046
|move|p1a: Dreadshot|Hydro Pump|p2a: Great Tusk
|-supereffective|p2a: Great Tusk
|-damage|p2a: Great Tusk|0 fnt
|faint|p2a: Great Tusk
|-end|p2a: Great Tusk|Protosynthesis|[silent]
|-damage|p1a: Dreadshot|91/100|[from] item: Life Orb
|
|upkeep
|-message|XX420STALLGOD69XX forfeited.
|
|win|ChickenTalk2006
|raw|ChickenTalk2006's rating: 1622 &rarr; <strong>1645</strong><br />(+23 for winning)
|raw|XX420STALLGOD69XX's rating: 1681 &rarr; <strong>1658</strong><br />(-23 for losing)
|l|☆XX420STALLGOD69XX
|player|p2|
