|j|☆Quiero mucho a Mar
|j|☆Noise mno
|t:|1760430016
|gametype|singles
|player|p1|Quiero mucho a Mar|firebreather-gen2|1690
|player|p2|Noise mno|102|1638
|gen|9
|tier|[Gen 9] OU
|rated|
|rule|HP Percentage Mod: HP is shown in percentages
|rule|Endless Battle Clause: Forcing endless battles is banned
|rule|Species Clause: Limit one of each Pokémon
|rule|OHKO Clause: OHKO moves are banned
|rule|Evasion Items Clause: Evasion items are banned
|rule|Evasion Moves Clause: Evasion moves are banned
|rule|Evasion Abilities Clause: Evasion abilities are banned
|rule|Sleep Moves Clause: Sleep-inducing moves are banned
|clearpoke
|poke|p1|Yanmega, F|
|poke|p1|Great Tusk|
|poke|p1|Kyurem|
|poke|p1|Ogerpon-Wellspring, F|
|poke|p1|Ting-Lu|
|poke|p1|Hatterene, F|
|poke|p2|Kingambit, M|
|poke|p2|Deoxys-Speed|
|poke|p2|Great Tusk|
|poke|p2|Dragonite, F|
|poke|p2|Iron Moth|
|poke|p2|Primarina, F|
|teampreview
|inactive|Battle timer is ON: inactive players will automatically lose when time's up. (requested by Quiero mucho a Mar)
|
|t:|1760430044
|teamsize|p1|6
|teamsize|p2|6
|start
|switch|p1a: Ogerpon|Ogerpon-Wellspring, F|100/100
|switch|p2a: Yoshi|Dragonite, F, shiny|100/100
|turn|1
|
|t:|1760430063
|move|p1a: Ogerpon|U-turn|p2a: Yoshi
|-resisted|p2a: Yoshi
|-damage|p2a: Yoshi|93/100
|
|t:|1760430067
|switch|p1a: Ting-Lu|Ting-Lu|100/100|[from] U-turn
|-ability|p1a: Ting-Lu|Vessel of Ruin
|move|p2a: Yoshi|Ice Spinner|p1a: Ting-Lu
|-supereffective|p1a: Ting-Lu
|-damage|p1a: Ting-Lu|52/100
|-damage|p2a: Yoshi|76/100|[from] item: Rocky Helmet|[of] p1a: Ting-Lu
|
|upkeep
|turn|2
|
|t:|1760430072
|move|p2a: Yoshi|Ice Spinner|p1a: Ting-Lu
|-supereffective|p1a: Ting-Lu
|-damage|p1a: Ting-Lu|2/100
|-damage|p2a: Yoshi|60/100|[from] item: Rocky Helmet|[of] p1a: Ting-Lu
|move|p1a: Ting-Lu|Spikes|p2a: Yoshi
|-sidestart|p2: Noise mno|Spikes
|
|upkeep
|turn|3
|
|t:|1760430078
|move|p2a: Yoshi|Ice Spinner|p1a: Ting-Lu
|-supereffective|p1a: Ting-Lu
|-damage|p1a: Ting-Lu|0 fnt
|-damage|p2a: Yoshi|43/100|[from] item: Rocky Helmet|[of] p1a: Ting-Lu
|faint|p1a: Ting-Lu
|
|upkeep
|
|t:|1760430081
|switch|p1a: Kyurem|Kyurem|100/100
|-ability|p1a: Kyurem|Pressure
|turn|4
|
|t:|1760430099
|switch|p2a: Siren|Primarina, F|100/100
|-damage|p2a: Siren|88/100|[from] Spikes
|move|p1a: Kyurem|Freeze-Dry|p2a: Siren
|-supereffective|p2a: Siren
|-damage|p2a: Siren|35/100
|
|upkeep
|turn|5
|
|t:|1760430119
|move|p1a: Kyurem|Freeze-Dry|p2a: Siren
|-supereffective|p2a: Siren
|-damage|p2a: Siren|0 fnt
|faint|p2a: Siren
|
|upkeep
|
|t:|1760430122
|switch|p2a: Meruem|Kingambit, M|100/100
|-damage|p2a: Meruem|88/100|[from] Spikes
|-activate|p2a: Meruem|ability: Supreme Overlord
|-start|p2a: Meruem|fallen1|[silent]
|turn|6
|inactive|Quiero mucho a Mar has 120 seconds left.
|
|t:|1760430153
|switch|p1a: Great Tusk|Great Tusk|100/100
|move|p2a: Meruem|Iron Head|p1a: Great Tusk
|-damage|p1a: Great Tusk|67/100
|-damage|p2a: Meruem|72/100|[from] item: Rocky Helmet|[of] p1a: Great Tusk
|
|upkeep
|turn|7
|
|t:|1760430161
|-end|p2a: Meruem|fallen1|[silent]
|switch|p2a: Anomaly|Great Tusk|100/100
|-damage|p2a: Anomaly|88/100|[from] Spikes
|-enditem|p2a: Anomaly|Booster Energy
|-activate|p2a: Anomaly|ability: Protosynthesis|[fromitem]
|-start|p2a: Anomaly|protosynthesisatk
|move|p1a: Great Tusk|Headlong Rush|p2a: Anomaly
|-damage|p2a: Anomaly|48/100
|-unboost|p1a: Great Tusk|def|1
|-unboost|p1a: Great Tusk|spd|1
|
|upkeep
|turn|8
|inactive|Quiero mucho a Mar has 120 seconds left.
|inactive|Noise mno has 120 seconds left.
|inactive|Quiero mucho a Mar has 90 seconds left.
|inactive|Noise mno has 90 seconds left.
|inactive|Quiero mucho a Mar has 60 seconds left.
|
|t:|1760430262
|move|p1a: Great Tusk|Rapid Spin|p2a: Anomaly
|-damage|p2a: Anomaly|35/100
|-boost|p1a: Great Tusk|spe|1
|move|p2a: Anomaly|Headlong Rush|p1a: Great Tusk
|-damage|p1a: Great Tusk|0 fnt
|-unboost|p2a: Anomaly|def|1
|-unboost|p2a: Anomaly|spd|1
|-damage|p2a: Anomaly|19/100|[from] item: Rocky Helmet|[of] p1a: Great Tusk
|faint|p1a: Great Tusk
|-end|p1a: Great Tusk|Protosynthesis|[silent]
|
|upkeep
|
|t:|1760430273
|switch|p1a: Kyurem|Kyurem|100/100
|-ability|p1a: Kyurem|Pressure
|turn|9
|
|t:|1760430278
|move|p1a: Kyurem|Freeze-Dry|p2a: Anomaly
|-supereffective|p2a: Anomaly
|-damage|p2a: Anomaly|0 fnt
|faint|p2a: Anomaly
|-end|p2a: Anomaly|Protosynthesis|[silent]
|
|upkeep
|
|t:|1760430285
|switch|p2a: Meruem|Kingambit, M|72/100
|-damage|p2a: Meruem|59/100|[from] Spikes
|-activate|p2a: Meruem|ability: Supreme Overlord
|-start|p2a: Meruem|fallen2|[silent]
|turn|10
|inactive|Quiero mucho a Mar has 30 seconds left.
|
|t:|1760430321
|move|p1a: Kyurem|Earth Power|p2a: Meruem
|-supereffective|p2a: Meruem
|-damage|p2a: Meruem|0 fnt
|faint|p2a: Meruem
|-end|p2a: Meruem|fallen2|[silent]
|
|upkeep
|inactive|Noise mno has 60 seconds left.
|
|t:|1760430353
|switch|p2a: Moebius|Deoxys-Speed|100/100
|-damage|p2a: Moebius|88/100|[from] Spikes
|-ability|p2a: Moebius|Pressure
|turn|11
|inactive|Noise mno has 60 seconds left.
|
|t:|1760430369
|move|p2a: Moebius|Psycho Boost|p1a: Kyurem
|-damage|p1a: Kyurem|22/100
|-unboost|p2a: Moebius|spa|2
|-damage|p2a: Moebius|78/100|[from] item: Life Orb
|move|p1a: Kyurem|Icicle Spear|p2a: Moebius
|-damage|p2a: Moebius|56/100
|-damage|p2a: Moebius|33/100
|-damage|p2a: Moebius|8/100
|-damage|p2a: Moebius|0 fnt
|faint|p2a: Moebius
|-hitcount|p2: Moebius|4
|
|upkeep
|
|t:|1760430375
|switch|p2a: Yoshi|Dragonite, F, shiny|43/100
|turn|12
|
|t:|1760430382
|move|p2a: Yoshi|Extreme Speed|p1a: Kyurem
|-damage|p1a: Kyurem|0 fnt
|faint|p1a: Kyurem
|
|upkeep
|
|t:|1760430385
|switch|p1a: Hatterene|Hatterene, F|100/100
|turn|13
|
|t:|1760430390
|move|p2a: Yoshi|Extreme Speed|p1a: Hatterene
|-damage|p1a: Hatterene|58/100
|move|p1a: Hatterene|Draining Kiss|p2a: Yoshi
|-supereffective|p2a: Yoshi
|-damage|p2a: Yoshi|0 fnt
|-heal|p1a: Hatterene|91/100|[from] drain|[of] p2a: Yoshi
|faint|p2a: Yoshi
|
|upkeep
|
|t:|1760430394
|switch|p2a: Anomаly|Iron Moth|100/100
|-damage|p2a: Anomаly|88/100|[from] Spikes
|-enditem|p2a: Anomаly|Booster Energy
|-activate|p2a: Anomаly|ability: Quark Drive|[fromitem]
|-start|p2a: Anomаly|quarkdrivespe
|turn|14
|
|t:|1760430412
|-terastallize|p2a: Anomаly|Water
|move|p2a: Anomаly|Fiery Dance|p1a: Hatterene
|-damage|p1a: Hatterene|60/100
|move|p1a: Hatterene|Psychic Noise|p2a: Anomаly
|-damage|p2a: Anomаly|50/100
|-start|p2a: Anomаly|move: Heal Block
|
|upkeep
|turn|15
|inactive|Quiero mucho a Mar has 60 seconds left.
|
|t:|1760430466
|move|p2a: Anomаly|Fiery Dance|p1a: Hatterene
|-damage|p1a: Hatterene|29/100
|-boost|p2a: Anomаly|spa|1
|move|p1a: Hatterene|Nuzzle|p2a: Anomаly
|-supereffective|p2a: Anomаly
|-damage|p2a: Anomаly|38/100
|-status|p2a: Anomаly|par
|
|-end|p2a: Anomаly|move: Heal Block
|upkeep
|turn|16
|
|t:|1760430475
|move|p2a: Anomаly|Fiery Dance|p1a: Hatterene
|-damage|p1a: Hatterene|0 fnt
|-boost|p2a: Anomаly|spa|1
|faint|p1a: Hatterene
|
|upkeep
|inactive|Quiero mucho a Mar has 30 seconds left.
|
|t:|1760430508
|switch|p1a: Ogerpon|Ogerpon-Wellspring, F|100/100
|turn|17
|
|t:|1760430511
|move|p1a: Ogerpon|Knock Off|p2a: Anomаly
|-damage|p2a: Anomаly|0 fnt
|faint|p2a: Anomаly
|-end|p2a: Anomаly|Quark Drive|[silent]
|
|win|Quiero mucho a Mar
|raw|Quiero mucho a Mar's rating: 1697 &rarr; <strong>1714</strong><br />(+17 for winning)
|raw|Noise mno's rating: 1638 &rarr; <strong>1621</strong><br />(-17 for losing)
|l|☆Noise mno
|player|p2|
|l|☆Quiero mucho a Mar
|player|p1|
