|j|☆Ban Stall Pokemon
|j|☆Newstratt
|t:|1760387928
|gametype|singles
|player|p1|Ban Stall Pokemon|2|1173
|player|p2|Newstratt|colress|1212
|gen|9
|tier|[Gen 9] OU
|rated|
|rule|HP Percentage Mod: HP is shown in percentages
|rule|Endless Battle Clause: Forcing endless battles is banned
|rule|Species Clause: Limit one of each Pokémon
|rule|OHKO Clause: OHKO moves are banned
|rule|Evasion Items Clause: Evasion items are banned
|rule|Evasion Moves Clause: Evasion moves are banned
|rule|Evasion Abilities Clause: Evasion abilities are banned
|rule|Sleep Moves Clause: Sleep-inducing moves are banned
|clearpoke
|poke|p1|Greninja-*, F|
|poke|p1|Zarude-Dada|
|poke|p1|Zapdos-Galar|
|poke|p1|Excadrill, F|
|poke|p1|Metagross|
|poke|p1|Thundurus-Therian, M|
|poke|p2|Deoxys-Speed|
|poke|p2|Gholdengo|
|poke|p2|Great Tusk|
|poke|p2|Dragonite, M|
|poke|p2|Raging Bolt|
|poke|p2|Zamazenta-*|
|teampreview
|
|t:|1760387956
|teamsize|p1|6
|teamsize|p2|6
|start
|switch|p1a: Excadrill|Excadrill, F|100/100
|switch|p2a: Deoxys|Deoxys-Speed|100/100
|-ability|p2a: Deoxys|Pressure
|-ability|p1a: Excadrill|Mold Breaker
|turn|1
|
|t:|1760387960
|move|p2a: Deoxys|Taunt|p1a: Excadrill
|-start|p1a: Excadrill|move: Taunt
|move|p1a: Excadrill|Rapid Spin|p2a: Deoxys
|-damage|p2a: Deoxys|75/100
|-boost|p1a: Excadrill|spe|1
|
|upkeep
|turn|2
|
|t:|1760387980
|move|p2a: Deoxys|Psycho Boost|p1a: Excadrill|[miss]
|-miss|p2a: Deoxys|p1a: Excadrill
|move|p1a: Excadrill|Iron Head|p2a: Deoxys
|-damage|p2a: Deoxys|12/100
|
|upkeep
|turn|3
|
|t:|1760387994
|move|p2a: Deoxys|Stealth Rock|p1a: Excadrill
|-sidestart|p1: Ban Stall Pokemon|move: Stealth Rock
|move|p1a: Excadrill|Rapid Spin|p2a: Deoxys
|-damage|p2a: Deoxys|0 fnt
|-boost|p1a: Excadrill|spe|1
|-sideend|p1: Ban Stall Pokemon|Stealth Rock|[from] move: Rapid Spin|[of] p1a: Excadrill
|faint|p2a: Deoxys
|
|-end|p1a: Excadrill|move: Taunt
|upkeep
|
|t:|1760387997
|switch|p2a: Dragonite|Dragonite, M|100/100
|turn|4
|
|t:|1760388006
|move|p1a: Excadrill|Iron Head|p2a: Dragonite
|-damage|p2a: Dragonite|56/100
|cant|p2a: Dragonite|flinch
|
|upkeep
|turn|5
|
|t:|1760388012
|move|p1a: Excadrill|Iron Head|p2a: Dragonite
|-damage|p2a: Dragonite|5/100
|move|p2a: Dragonite|Earthquake|p1a: Excadrill
|-supereffective|p1a: Excadrill
|-enditem|p1a: Excadrill|Focus Sash
|-damage|p1a: Excadrill|1/100
|
|upkeep
|turn|6
|inactive|Battle timer is ON: inactive players will automatically lose when time's up. (requested by Newstratt)
|c|☆Ban Stall Pokemon|!data multiscale
|c| Ban Stall Pokemon|/raw <ul class="utilichart"><li class="result"><span class="col namecol"><a href="https://dex.pokemonshowdown.com/abilities/multiscale">Multiscale</a></span> <span class="col abilitydesccol">If this Pokemon is at full HP, damage taken from attacks is halved.</span> </li><li style="clear:both"></li></ul>

|c|☆Ban Stall Pokemon|!data inner focus
|c| Ban Stall Pokemon|/raw <ul class="utilichart"><li class="result"><span class="col namecol"><a href="https://dex.pokemonshowdown.com/abilities/innerfocus">Inner Focus</a></span> <span class="col abilitydesccol">This Pokemon cannot be made to flinch. Immune to Intimidate.</span> </li><li style="clear:both"></li></ul>

|inactive|Ban Stall Pokemon has 120 seconds left.
|c|☆Newstratt|all good budy ?
|c|☆Ban Stall Pokemon|No, damage does not add up
|c|☆Newstratt|6%
|inactive|Ban Stall Pokemon has 90 seconds left.
|
|t:|1760388119
|move|p2a: Dragonite|Extreme Speed|p1a: Excadrill
|-resisted|p1a: Excadrill
|-damage|p1a: Excadrill|0 fnt
|faint|p1a: Excadrill
|
|upkeep
|c|☆Newstratt|u prob do max dmg at the first, and lowest dmg at second
|c|☆Newstratt|sry for my english
|inactive|Ban Stall Pokemon has 120 seconds left.
|c|☆Ban Stall Pokemon|I guess
|
|t:|1760388167
|switch|p1a: Metagross|Metagross|100/100
|turn|7
|
|t:|1760388173
|move|p2a: Dragonite|Earthquake|p1a: Metagross
|-supereffective|p1a: Metagross
|-damage|p1a: Metagross|44/100
|move|p1a: Metagross|Meteor Mash|p2a: Dragonite
|-damage|p2a: Dragonite|0 fnt
|-boost|p1a: Metagross|atk|1
|faint|p2a: Dragonite
|
|-heal|p1a: Metagross|50/100|[from] item: Leftovers
|upkeep
|
|t:|1760388186
|switch|p2a: Gholdengo|Gholdengo|100/100
|turn|8
|
|t:|1760388190
|move|p2a: Gholdengo|Nasty Plot|p2a: Gholdengo
|-boost|p2a: Gholdengo|spa|2
|move|p1a: Metagross|Earthquake|p2a: Gholdengo
|-supereffective|p2a: Gholdengo
|-damage|p2a: Gholdengo|0 fnt
|faint|p2a: Gholdengo
|
|-heal|p1a: Metagross|57/100|[from] item: Leftovers
|upkeep
|
|t:|1760388199
|switch|p2a: Zamazenta|Zamazenta|100/100
|-ability|p2a: Zamazenta|Dauntless Shield|boost
|-boost|p2a: Zamazenta|def|1
|turn|9
|
|t:|1760388204
|move|p2a: Zamazenta|Iron Defense|p2a: Zamazenta
|-boost|p2a: Zamazenta|def|2
|move|p1a: Metagross|Psychic Fangs|p2a: Zamazenta
|-supereffective|p2a: Zamazenta
|-damage|p2a: Zamazenta|61/100
|
|-heal|p2a: Zamazenta|68/100|[from] item: Leftovers
|-heal|p1a: Metagross|63/100|[from] item: Leftovers
|upkeep
|turn|10
|
|t:|1760388209
|move|p2a: Zamazenta|Iron Defense|p2a: Zamazenta
|-boost|p2a: Zamazenta|def|2
|move|p1a: Metagross|Psychic Fangs|p2a: Zamazenta
|-supereffective|p2a: Zamazenta
|-damage|p2a: Zamazenta|36/100
|
|-heal|p2a: Zamazenta|42/100|[from] item: Leftovers
|-heal|p1a: Metagross|69/100|[from] item: Leftovers
|upkeep
|turn|11
|
|t:|1760388214
|move|p2a: Zamazenta|Body Press|p1a: Metagross
|-damage|p1a: Metagross|0 fnt
|faint|p1a: Metagross
|
|-heal|p2a: Zamazenta|48/100|[from] item: Leftovers
|upkeep
|
|t:|1760388223
|switch|p1a: Zapdos|Zapdos-Galar|100/100
|turn|12
|
|t:|1760388230
|move|p2a: Zamazenta|Body Press|p1a: Zapdos
|-resisted|p1a: Zapdos
|-damage|p1a: Zapdos|39/100
|move|p1a: Zapdos|Brave Bird|p2a: Zamazenta
|-supereffective|p2a: Zamazenta
|-damage|p2a: Zamazenta|21/100
|-damage|p1a: Zapdos|29/100|[from] Recoil
|
|-heal|p2a: Zamazenta|27/100|[from] item: Leftovers
|upkeep
|turn|13
|
|t:|1760388238
|move|p2a: Zamazenta|Body Press|p1a: Zapdos
|-resisted|p1a: Zapdos
|-crit|p1a: Zapdos
|-damage|p1a: Zapdos|0 fnt
|faint|p1a: Zapdos
|
|-heal|p2a: Zamazenta|33/100|[from] item: Leftovers
|upkeep
|
|t:|1760388240
|switch|p1a: Thundurus|Thundurus-Therian, M|100/100
|turn|14
|
|t:|1760388243
|move|p2a: Zamazenta|Body Press|p1a: Thundurus
|-resisted|p1a: Thundurus
|-damage|p1a: Thundurus|2/100
|move|p1a: Thundurus|Discharge|p2a: Zamazenta
|-damage|p2a: Zamazenta|0 fnt
|faint|p2a: Zamazenta
|
|upkeep
|
|t:|1760388252
|switch|p2a: Great Tusk|Great Tusk|100/100
|turn|15
|
|t:|1760388259
|move|p1a: Thundurus|Focus Blast|p2a: Great Tusk
|-damage|p2a: Great Tusk|40/100
|move|p2a: Great Tusk|Rapid Spin|p1a: Thundurus
|-damage|p1a: Thundurus|0 fnt
|-boost|p2a: Great Tusk|spe|1
|faint|p1a: Thundurus
|
|upkeep
|
|t:|1760388264
|switch|p1a: Greninja|Greninja, F|100/100
|turn|16
|
|t:|1760388266
|move|p1a: Greninja|Surf|p2a: Great Tusk
|-start|p1a: Greninja|typechange|Water|[from] ability: Protean
|-supereffective|p2a: Great Tusk
|-damage|p2a: Great Tusk|0 fnt
|faint|p2a: Great Tusk
|-end|p2a: Great Tusk|Protosynthesis|[silent]
|
|upkeep
|
|t:|1760388271
|switch|p2a: Raging Bolt|Raging Bolt|100/100
|turn|17
|
|t:|1760388278
|move|p1a: Greninja|Surf|p2a: Raging Bolt
|-resisted|p2a: Raging Bolt
|-damage|p2a: Raging Bolt|85/100
|move|p2a: Raging Bolt|Thunderbolt|p1a: Greninja
|-supereffective|p1a: Greninja
|-damage|p1a: Greninja|0 fnt
|faint|p1a: Greninja
|
|upkeep
|
|t:|1760388280
|switch|p1a: Zarude|Zarude-Dada|100/100
|turn|18
|
|t:|1760388291
|-terastallize|p2a: Raging Bolt|Fairy
|move|p1a: Zarude|Knock Off|p2a: Raging Bolt
|-resisted|p2a: Raging Bolt
|-damage|p2a: Raging Bolt|55/100
|-enditem|p2a: Raging Bolt|Assault Vest|[from] move: Knock Off|[of] p1a: Zarude
|move|p2a: Raging Bolt|Tera Blast|p1a: Zarude|[anim] Tera Blast Fairy
|-supereffective|p1a: Zarude
|-damage|p1a: Zarude|9/100
|
|upkeep
|turn|19
|c|☆Newstratt|gg
|c|☆Ban Stall Pokemon|gg fot the tera
|
|t:|1760388302
|move|p2a: Raging Bolt|Thunderclap|p1a: Zarude
|-resisted|p1a: Zarude
|-damage|p1a: Zarude|0 fnt
|faint|p1a: Zarude
|
|win|Newstratt
|raw|Ban Stall Pokemon's rating: 1173 &rarr; <strong>1151</strong><br />(-22 for losing)
|raw|Newstratt's rating: 1212 &rarr; <strong>1234</strong><br />(+22 for winning)
|c|☆Newstratt|i changed that the last game lol
|c|☆Ban Stall Pokemon|In hate tera
|c|☆Newstratt|that funny when u understand how to use them
|c|☆Ban Stall Pokemon|Happy it goes away the day after tomorrow
|c|☆Ban Stall Pokemon|It is too much luck based in my eyes
|c|☆Ban Stall Pokemon|You can guess but lose if you guess wrong
|c|☆Newstratt|no luck,  you know leads are ghost, steel are flight, like this u know
|c|☆Ban Stall Pokemon|But it is not guaranteed. If I predict a ghost tera and you are fairy, I lose my lead for nothing
