|badge|p1|bronze|gen9randombattle|100-7
|uhtml|medal-msg|<div class="broadcast-blue">Curious what those medals under the avatar are? PS now has Ladder Seasons! For more information, check out the <a href="https://www.smogon.com/forums/threads/3740067/">thread on Smogon.</a></div>
|badge|p2|bronze|gen9ou|100-7
|uhtml|medal-msg|<div class="broadcast-blue">Curious what those medals under the avatar are? PS now has Ladder Seasons! For more information, check out the <a href="https://www.smogon.com/forums/threads/3740067/">thread on Smogon.</a></div>
|j|☆SpongeGar & Patar
|j|☆rookie22
|t:|1760311685
|gametype|singles
|player|p1|SpongeGar & Patar|266|1812
|player|p2|rookie22|iris-gen5bw2|1869
|gen|9
|tier|[Gen 9] OU
|rated|
|rule|HP Percentage Mod: HP is shown in percentages
|rule|Endless Battle Clause: Forcing endless battles is banned
|rule|Species Clause: Limit one of each Pokémon
|rule|OHKO Clause: OHKO moves are banned
|rule|Evasion Items Clause: Evasion items are banned
|rule|Evasion Moves Clause: Evasion moves are banned
|rule|Evasion Abilities Clause: Evasion abilities are banned
|rule|Sleep Moves Clause: Sleep-inducing moves are banned
|clearpoke
|poke|p1|Kyurem|
|poke|p1|Corviknight, F|
|poke|p1|Ting-Lu|
|poke|p1|Dondozo, F|
|poke|p1|Slowking-Galar, L99, F|
|poke|p1|Cinderace, F|
|poke|p2|Dragonite, F|
|poke|p2|Meowscarada, M|
|poke|p2|Keldeo|
|poke|p2|Iron Crown|
|poke|p2|Raging Bolt|
|poke|p2|Great Tusk|
|teampreview
|inactive|Battle timer is ON: inactive players will automatically lose when time's up. (requested by rookie22)
|j| OP Earthquakes
|inactive|SpongeGar & Patar has 120 seconds left.
|j| Halfgallon67
|
|t:|1760311735
|teamsize|p1|6
|teamsize|p2|6
|start
|switch|p1a: Kyurem|Kyurem|100/100
|switch|p2a: Bene Gesserit|Iron Crown|100/100
|-ability|p1a: Kyurem|Pressure
|turn|1
|inactive|SpongeGar & Patar also wants the timer to be on.
|inactive|SpongeGar & Patar has 120 seconds left.
|
|t:|1760311783
|-terastallize|p1a: Kyurem|Ground
|move|p2a: Bene Gesserit|Tachyon Cutter|p1a: Kyurem
|-damage|p1a: Kyurem|75/100
|-damage|p1a: Kyurem|53/100
|-hitcount|p1a: Kyurem|2
|move|p1a: Kyurem|Earth Power|p2a: Bene Gesserit
|-supereffective|p2a: Bene Gesserit
|-damage|p2a: Bene Gesserit|38/100
|
|-heal|p1a: Kyurem|59/100|[from] item: Leftovers
|upkeep
|turn|2
|inactive|SpongeGar & Patar has 90 seconds left.
|
|t:|1760311831
|move|p2a: Bene Gesserit|Tachyon Cutter|p1a: Kyurem
|-damage|p1a: Kyurem|35/100
|-damage|p1a: Kyurem|14/100
|-hitcount|p1a: Kyurem|2
|move|p1a: Kyurem|Earth Power|p2a: Bene Gesserit
|-supereffective|p2a: Bene Gesserit
|-damage|p2a: Bene Gesserit|0 fnt
|faint|p2a: Bene Gesserit
|-end|p2a: Bene Gesserit|Quark Drive|[silent]
|
|-heal|p1a: Kyurem|20/100|[from] item: Leftovers
|upkeep
|
|t:|1760311838
|switch|p2a: Meowscarada|Meowscarada, M|100/100
|turn|3
|j| KappaHalo
|inactive|SpongeGar & Patar has 60 seconds left.
|
|t:|1760311885
|move|p1a: Kyurem|Protect|p1a: Kyurem
|-singleturn|p1a: Kyurem|Protect
|move|p2a: Meowscarada|Knock Off|p1a: Kyurem
|-start|p2a: Meowscarada|typechange|Dark|[from] ability: Protean
|-activate|p1a: Kyurem|move: Protect
|
|-heal|p1a: Kyurem|26/100|[from] item: Leftovers
|upkeep
|turn|4
|j| crowv2
|
|t:|1760311895
|switch|p1a: Corviknight|Corviknight, F|100/100
|-ability|p1a: Corviknight|Pressure
|move|p2a: Meowscarada|Knock Off|p1a: Corviknight
|-damage|p1a: Corviknight|75/100
|-damage|p2a: Meowscarada|84/100|[from] item: Rocky Helmet|[of] p1a: Corviknight
|-enditem|p1a: Corviknight|Rocky Helmet|[from] move: Knock Off|[of] p2a: Meowscarada
|
|upkeep
|turn|5
|
|t:|1760311914
|switch|p2a: Raging Bolt|Raging Bolt|100/100
|move|p1a: Corviknight|U-turn|p2a: Raging Bolt
|-crit|p2a: Raging Bolt
|-damage|p2a: Raging Bolt|81/100
|
|t:|1760311924
|switch|p1a: Kyurem|Kyurem, tera:Ground|26/100|[from] U-turn
|-ability|p1a: Kyurem|Pressure
|
|-heal|p1a: Kyurem|32/100|[from] item: Leftovers
|-heal|p2a: Raging Bolt|87/100|[from] item: Leftovers
|upkeep
|turn|6
|
|t:|1760311933
|move|p1a: Kyurem|Earth Power|p2a: Raging Bolt
|-supereffective|p2a: Raging Bolt
|-damage|p2a: Raging Bolt|5/100
|move|p2a: Raging Bolt|Dragon Pulse|p1a: Kyurem
|-damage|p1a: Kyurem|0 fnt
|faint|p1a: Kyurem
|
|-heal|p2a: Raging Bolt|12/100|[from] item: Leftovers
|upkeep
|
|t:|1760311944
|switch|p1a: Slowking|Slowking-Galar, L99, F|100/100
|turn|7
|l| crowv2
|
|t:|1760311953
|move|p2a: Raging Bolt|Thunderbolt|p1a: Slowking
|-damage|p1a: Slowking|69/100
|move|p1a: Slowking|Toxic|p2a: Raging Bolt
|-status|p2a: Raging Bolt|tox
|
|-heal|p2a: Raging Bolt|18/100 tox|[from] item: Leftovers
|-damage|p2a: Raging Bolt|12/100 tox|[from] psn
|upkeep
|turn|8
|
|t:|1760311963
|move|p2a: Raging Bolt|Dragon Pulse|p1a: Slowking
|-damage|p1a: Slowking|38/100
|-prepare|p1a: Slowking|Chilly Reception|[premajor]
|move|p1a: Slowking|Chilly Reception|p1a: Slowking
|-weather|Snowscape
|j| hacksareus10
|
|t:|1760311972
|switch|p1a: Dondozo|Dondozo, F|100/100|[from] Chilly Reception
|
|-weather|Snowscape|[upkeep]
|-heal|p2a: Raging Bolt|18/100 tox|[from] item: Leftovers
|-damage|p2a: Raging Bolt|5/100 tox|[from] psn
|upkeep
|turn|9
|inactive|SpongeGar & Patar has 60 seconds left.
|
|t:|1760311981
|switch|p1a: Ting-Lu|Ting-Lu|100/100
|-ability|p1a: Ting-Lu|Vessel of Ruin
|move|p2a: Raging Bolt|Thunderbolt|p1a: Ting-Lu
|-immune|p1a: Ting-Lu
|
|-weather|Snowscape|[upkeep]
|-heal|p2a: Raging Bolt|12/100 tox|[from] item: Leftovers
|-damage|p2a: Raging Bolt|0 fnt|[from] psn
|faint|p2a: Raging Bolt
|-end|p2a: Raging Bolt|Protosynthesis|[silent]
|upkeep
|
|t:|1760311993
|switch|p2a: Lisan Al Gaib|Keldeo|100/100
|turn|10
|
|t:|1760312002
|move|p2a: Lisan Al Gaib|Surf|p1a: Ting-Lu
|-supereffective|p1a: Ting-Lu
|-damage|p1a: Ting-Lu|33/100
|move|p1a: Ting-Lu|Earthquake|p2a: Lisan Al Gaib
|-damage|p2a: Lisan Al Gaib|60/100
|
|-weather|Snowscape|[upkeep]
|-heal|p1a: Ting-Lu|39/100|[from] item: Leftovers
|upkeep
|turn|11
|
|t:|1760312012
|move|p2a: Lisan Al Gaib|Surf|p1a: Ting-Lu
|-supereffective|p1a: Ting-Lu
|-damage|p1a: Ting-Lu|0 fnt
|faint|p1a: Ting-Lu
|
|-weather|Snowscape|[upkeep]
|upkeep
|
|t:|1760312021
|switch|p1a: Slowking|Slowking-Galar, L99, F|72/100
|turn|12
|
|t:|1760312035
|switch|p2a: Great Tusk|Great Tusk|100/100
|move|p1a: Slowking|Toxic|p2a: Great Tusk
|-status|p2a: Great Tusk|tox
|
|-weather|none
|-damage|p2a: Great Tusk|94/100 tox|[from] psn
|upkeep
|turn|13
|
|t:|1760312045
|-end|p2a: Great Tusk|Protosynthesis|[silent]
|switch|p2a: Lisan Al Gaib|Keldeo|60/100
|switch|p1a: Corviknight|Corviknight, F|75/100
|-ability|p1a: Corviknight|Pressure
|
|upkeep
|turn|14
|inactive|SpongeGar & Patar has 90 seconds left.
|j| bloodhound q50
|inactive|SpongeGar & Patar has 60 seconds left.
|
|t:|1760312091
|switch|p1a: Dondozo|Dondozo, F|100/100
|move|p2a: Lisan Al Gaib|Surf|p1a: Dondozo
|-resisted|p1a: Dondozo
|-damage|p1a: Dondozo|65/100
|
|-heal|p1a: Dondozo|71/100|[from] item: Leftovers
|upkeep
|turn|15
|l| Halfgallon67
|inactive|SpongeGar & Patar has 30 seconds left.
|inactive|SpongeGar & Patar has 20 seconds left.
|inactive|SpongeGar & Patar has 15 seconds left.
|
|t:|1760312141
|move|p2a: Lisan Al Gaib|Surf|p1a: Dondozo
|-resisted|p1a: Dondozo
|-damage|p1a: Dondozo|37/100
|move|p1a: Dondozo|Body Press|p2a: Lisan Al Gaib
|-damage|p2a: Lisan Al Gaib|27/100
|
|-heal|p1a: Dondozo|44/100|[from] item: Leftovers
|upkeep
|turn|16
|inactive|SpongeGar & Patar has 25 seconds left this turn.
|inactive|SpongeGar & Patar has 20 seconds left.
|
|t:|1760312154
|switch|p2a: I'm the original.|Dragonite, F|100/100
|move|p1a: Dondozo|Body Press|p2a: I'm the original.
|-resisted|p2a: I'm the original.
|-damage|p2a: I'm the original.|93/100
|
|-heal|p1a: Dondozo|50/100|[from] item: Leftovers
|upkeep
|turn|17
|inactive|SpongeGar & Patar has 30 seconds left this turn.
|inactive|SpongeGar & Patar has 20 seconds left.
|
|t:|1760312170
|switch|p2a: Lisan Al Gaib|Keldeo|27/100
|move|p1a: Dondozo|Body Press|p2a: Lisan Al Gaib
|-damage|p2a: Lisan Al Gaib|0 fnt
|faint|p2a: Lisan Al Gaib
|
|-heal|p1a: Dondozo|56/100|[from] item: Leftovers
|upkeep
|
|t:|1760312175
|switch|p2a: Meowscarada|Meowscarada, M|84/100
|turn|18
|inactive|SpongeGar & Patar has 30 seconds left.
|l| hacksareus10
|
|t:|1760312193
|move|p2a: Meowscarada|Triple Axel|p1a: Dondozo
|-start|p2a: Meowscarada|typechange|Ice|[from] ability: Protean
|-resisted|p1a: Dondozo
|-damage|p1a: Dondozo|54/100
|-resisted|p1a: Dondozo
|-damage|p1a: Dondozo|49/100
|-resisted|p1a: Dondozo
|-damage|p1a: Dondozo|44/100
|-hitcount|p1a: Dondozo|3
|move|p1a: Dondozo|Body Press|p2a: Meowscarada
|-supereffective|p2a: Meowscarada
|-damage|p2a: Meowscarada|0 fnt
|faint|p2a: Meowscarada
|
|-heal|p1a: Dondozo|50/100|[from] item: Leftovers
|upkeep
|-message|rookie22 forfeited.
|
|win|SpongeGar & Patar
|raw|SpongeGar &amp; Patar's rating: 1812 &rarr; <strong>1835</strong><br />(+23 for winning)
|raw|rookie22's rating: 1869 &rarr; <strong>1846</strong><br />(-23 for losing)
|l|☆SpongeGar & Patar
|player|p1|
|l|☆rookie22
|player|p2|
|l| OP Earthquakes
|l| KappaHalo
