|badge|p2|bronze|gen9ou|100-7
|uhtml|medal-msg|<div class="broadcast-blue">Curious what those medals under the avatar are? PS now has Ladder Seasons! For more information, check out the <a href="https://www.smogon.com/forums/threads/3740067/">thread on Smogon.</a></div>
|j|☆leezee-yy
|j|☆ridlostar
|t:|1760406326
|gametype|singles
|player|p1|leezee-yy|steven|1721
|player|p2|ridlostar|hilbert|1908
|gen|9
|tier|[Gen 9] OU
|rated|
|rule|HP Percentage Mod: HP is shown in percentages
|rule|Endless Battle Clause: Forcing endless battles is banned
|rule|Species Clause: Limit one of each Pokémon
|rule|OHKO Clause: OHKO moves are banned
|rule|Evasion Items Clause: Evasion items are banned
|rule|Evasion Moves Clause: Evasion moves are banned
|rule|Evasion Abilities Clause: Evasion abilities are banned
|rule|Sleep Moves Clause: Sleep-inducing moves are banned
|clearpoke
|poke|p1|Iron Treads|
|poke|p1|Samurott-Hisui, F|
|poke|p1|Meowscarada, M|
|poke|p1|Zapdos|
|poke|p1|Metagross|
|poke|p1|Kommo-o, F|
|poke|p2|Toedscruel, M|
|poke|p2|Darkrai|
|poke|p2|Cresselia, F|
|poke|p2|Clodsire, M|
|poke|p2|Dragonite, M|
|poke|p2|Alomomola, M|
|teampreview
|inactive|Battle timer is ON: inactive players will automatically lose when time's up. (requested by leezee-yy)
|
|t:|1760406342
|teamsize|p1|6
|teamsize|p2|6
|start
|switch|p1a: Samurott|Samurott-Hisui, F|100/100
|switch|p2a: Keanu Reeves|Darkrai|100/100
|turn|1
|
|t:|1760406353
|move|p2a: Keanu Reeves|Will-O-Wisp|p1a: Samurott
|-status|p1a: Samurott|brn
|move|p1a: Samurott|Ceaseless Edge|p2a: Keanu Reeves
|-resisted|p2a: Keanu Reeves
|-damage|p2a: Keanu Reeves|78/100
|-sidestart|p2: ridlostar|Spikes
|
|-damage|p1a: Samurott|94/100 brn|[from] brn
|upkeep
|turn|2
|
|t:|1760406360
|switch|p2a: Squidward?|Toedscruel, M|100/100
|move|p1a: Samurott|Ceaseless Edge|p2a: Squidward?
|-damage|p2a: Squidward?|54/100
|-sidestart|p2: ridlostar|Spikes
|
|-damage|p1a: Samurott|88/100 brn|[from] brn
|upkeep
|turn|3
|j| lamebiz
|
|t:|1760406366
|move|p2a: Squidward?|Rapid Spin|p1a: Samurott
|-damage|p1a: Samurott|80/100 brn
|-boost|p2a: Squidward?|spe|1
|-sideend|p2: ridlostar|Spikes|[from] move: Rapid Spin|[of] p2a: Squidward?
|move|p1a: Samurott|Ceaseless Edge|p2a: Squidward?
|-damage|p2a: Squidward?|11/100
|-sidestart|p2: ridlostar|Spikes
|
|-damage|p1a: Samurott|74/100 brn|[from] brn
|upkeep
|turn|4
|
|t:|1760406373
|move|p1a: Samurott|Sucker Punch|p2a: Squidward?
|-damage|p2a: Squidward?|0 fnt
|faint|p2a: Squidward?
|
|-damage|p1a: Samurott|67/100 brn|[from] brn
|upkeep
|
|t:|1760406380
|switch|p2a: him|Dragonite, M|100/100
|turn|5
|
|t:|1760406383
|move|p2a: him|Dragon Dance|p2a: him
|-boost|p2a: him|atk|1
|-boost|p2a: him|spe|1
|move|p1a: Samurott|Ceaseless Edge|p2a: him
|-damage|p2a: him|85/100
|-sidestart|p2: ridlostar|Spikes
|
|-heal|p2a: him|92/100|[from] item: Leftovers
|-damage|p1a: Samurott|61/100 brn|[from] brn
|upkeep
|turn|6
|
|t:|1760406390
|switch|p1a: Zapdos|Zapdos|100/100
|move|p2a: him|Dragon Dance|p2a: him
|-boost|p2a: him|atk|1
|-boost|p2a: him|spe|1
|
|-heal|p2a: him|98/100|[from] item: Leftovers
|upkeep
|turn|7
|
|t:|1760406394
|move|p2a: him|Outrage|p1a: Zapdos
|-damage|p1a: Zapdos|8/100
|-damage|p2a: him|81/100|[from] item: Rocky Helmet|[of] p1a: Zapdos
|move|p1a: Zapdos|Discharge|p2a: him
|-damage|p2a: him|46/100
|-status|p2a: him|par
|
|-heal|p2a: him|52/100 par|[from] item: Leftovers
|upkeep
|turn|8
|
|t:|1760406402
|move|p2a: him|Outrage|p1a: Zapdos|[from] lockedmove
|-crit|p1a: Zapdos
|-damage|p1a: Zapdos|0 fnt
|-damage|p2a: him|35/100 par|[from] item: Rocky Helmet|[of] p1a: Zapdos
|faint|p1a: Zapdos
|-start|p2a: him|confusion|[fatigue]
|
|-heal|p2a: him|42/100 par|[from] item: Leftovers
|upkeep
|
|t:|1760406409
|switch|p1a: Iron Treads|Iron Treads|100/100
|-item|p1a: Iron Treads|Air Balloon
|turn|9
|
|t:|1760406416
|move|p1a: Iron Treads|Ice Spinner|p2a: him
|-supereffective|p2a: him
|-damage|p2a: him|0 fnt
|faint|p2a: him
|
|upkeep
|
|t:|1760406420
|switch|p2a: Keanu Reeves|Darkrai|78/100
|-damage|p2a: Keanu Reeves|62/100|[from] Spikes
|turn|10
|
|t:|1760406425
|-end|p1a: Iron Treads|Quark Drive|[silent]
|switch|p1a: Samurott|Samurott-Hisui, F|61/100 brn
|move|p2a: Keanu Reeves|Knock Off|p1a: Samurott
|-resisted|p1a: Samurott
|-damage|p1a: Samurott|39/100 brn
|-enditem|p1a: Samurott|Black Glasses|[from] move: Knock Off|[of] p2a: Keanu Reeves
|
|-damage|p1a: Samurott|33/100 brn|[from] brn
|upkeep
|turn|11
|
|t:|1760406431
|move|p2a: Keanu Reeves|Drain Punch|p1a: Samurott
|-supereffective|p1a: Samurott
|-damage|p1a: Samurott|0 fnt
|-heal|p2a: Keanu Reeves|84/100|[from] drain|[of] p1a: Samurott
|faint|p1a: Samurott
|
|upkeep
|
|t:|1760406436
|switch|p1a: Kommo-o|Kommo-o, F|100/100
|turn|12
|
|t:|1760406441
|move|p2a: Keanu Reeves|Ice Beam|p1a: Kommo-o
|-supereffective|p1a: Kommo-o
|-damage|p1a: Kommo-o|43/100
|move|p1a: Kommo-o|Clangorous Soul|p1a: Kommo-o
|-boost|p1a: Kommo-o|atk|1
|-boost|p1a: Kommo-o|def|1
|-boost|p1a: Kommo-o|spa|1
|-boost|p1a: Kommo-o|spd|1
|-boost|p1a: Kommo-o|spe|1
|-damage|p1a: Kommo-o|10/100
|
|-heal|p1a: Kommo-o|16/100|[from] item: Leftovers
|upkeep
|turn|13
|
|t:|1760406446
|switch|p2a: Big Man|Clodsire, M|100/100
|-damage|p2a: Big Man|84/100|[from] Spikes
|move|p1a: Kommo-o|Clanging Scales|p2a: Big Man
|-damage|p2a: Big Man|47/100
|-unboost|p1a: Kommo-o|def|1
|
|-heal|p1a: Kommo-o|22/100|[from] item: Leftovers
|-heal|p2a: Big Man|53/100|[from] item: Leftovers
|upkeep
|turn|14
|j| dilf huntr
|
|t:|1760406460
|move|p1a: Kommo-o|Clanging Scales|p2a: Big Man
|-damage|p2a: Big Man|19/100
|-unboost|p1a: Kommo-o|def|1
|move|p2a: Big Man|Recover|p2a: Big Man
|-heal|p2a: Big Man|69/100
|
|-heal|p1a: Kommo-o|29/100|[from] item: Leftovers
|-heal|p2a: Big Man|75/100|[from] item: Leftovers
|upkeep
|turn|15
|
|t:|1760406476
|switch|p1a: Metagross|Metagross, shiny|100/100
|move|p2a: Big Man|Toxic|p1a: Metagross
|-immune|p1a: Metagross
|
|-heal|p2a: Big Man|81/100|[from] item: Leftovers
|upkeep
|turn|16
|
|t:|1760406481
|switch|p2a: why|Cresselia, F, shiny|100/100
|move|p1a: Metagross|Psychic Fangs|p2a: why
|-resisted|p2a: why
|-damage|p2a: why|88/100
|
|-heal|p2a: why|94/100|[from] item: Leftovers
|upkeep
|turn|17
|
|t:|1760406485
|move|p2a: why|Calm Mind|p2a: why
|-boost|p2a: why|spa|1
|-boost|p2a: why|spd|1
|move|p1a: Metagross|Knock Off|p2a: why
|-supereffective|p2a: why
|-damage|p2a: why|52/100
|-enditem|p2a: why|Leftovers|[from] move: Knock Off|[of] p1a: Metagross
|
|upkeep
|turn|18
|
|t:|1760406495
|switch|p1a: Meowscarada|Meowscarada, M|100/100
|move|p2a: why|Moonblast|p1a: Meowscarada
|-supereffective|p1a: Meowscarada
|-damage|p1a: Meowscarada|20/100
|
|upkeep
|turn|19
|
|t:|1760406511
|switch|p2a: Big Man|Clodsire, M|81/100
|-damage|p2a: Big Man|65/100|[from] Spikes
|move|p1a: Meowscarada|U-turn|p2a: Big Man
|-start|p1a: Meowscarada|typechange|Bug|[from] ability: Protean
|-resisted|p2a: Big Man
|-damage|p2a: Big Man|47/100
|j| crowv2
|
|t:|1760406520
|switch|p1a: Iron Treads|Iron Treads|100/100|[from] U-turn
|-item|p1a: Iron Treads|Air Balloon
|
|-heal|p2a: Big Man|53/100|[from] item: Leftovers
|upkeep
|turn|20
|
|t:|1760406529
|switch|p2a: why|Cresselia, F, shiny|52/100
|move|p1a: Iron Treads|Stealth Rock|p2a: why
|-sidestart|p2: ridlostar|move: Stealth Rock
|
|upkeep
|turn|21
|
|t:|1760406536
|-end|p1a: Iron Treads|Quark Drive|[silent]
|switch|p1a: Kommo-o|Kommo-o, F|29/100
|move|p2a: why|Calm Mind|p2a: why
|-boost|p2a: why|spa|1
|-boost|p2a: why|spd|1
|
|-heal|p1a: Kommo-o|35/100|[from] item: Leftovers
|upkeep
|turn|22
|
|t:|1760406541
|move|p1a: Kommo-o|Clanging Scales|p2a: why
|-damage|p2a: why|33/100
|-unboost|p1a: Kommo-o|def|1
|move|p2a: why|Moonlight|p2a: why
|-heal|p2a: why|83/100
|
|-heal|p1a: Kommo-o|41/100|[from] item: Leftovers
|upkeep
|turn|23
|
|t:|1760406549
|move|p1a: Kommo-o|Clanging Scales|p2a: why
|-damage|p2a: why|62/100
|-unboost|p1a: Kommo-o|def|1
|move|p2a: why|Moonblast|p1a: Kommo-o
|-supereffective|p1a: Kommo-o
|-damage|p1a: Kommo-o|0 fnt
|faint|p1a: Kommo-o
|
|upkeep
|
|t:|1760406554
|switch|p1a: Meowscarada|Meowscarada, M|20/100
|turn|24
|
|t:|1760406566
|switch|p2a: Big Man|Clodsire, M|53/100
|-damage|p2a: Big Man|37/100|[from] Spikes
|-damage|p2a: Big Man|30/100|[from] Stealth Rock
|move|p1a: Meowscarada|U-turn|p2a: Big Man
|-start|p1a: Meowscarada|typechange|Bug|[from] ability: Protean
|-resisted|p2a: Big Man
|-crit|p2a: Big Man
|-damage|p2a: Big Man|4/100
|
|t:|1760406575
|switch|p1a: Metagross|Metagross, shiny|100/100|[from] U-turn
|
|-heal|p2a: Big Man|10/100|[from] item: Leftovers
|upkeep
|turn|25
|
|t:|1760406579
|move|p1a: Metagross|Knock Off|p2a: Big Man
|-crit|p2a: Big Man
|-damage|p2a: Big Man|0 fnt
|-enditem|p2a: Big Man|Leftovers|[from] move: Knock Off|[of] p1a: Metagross
|faint|p2a: Big Man
|
|upkeep
|
|t:|1760406591
|switch|p2a: Fair and Balanced|Alomomola, M|100/100
|turn|26
|
|t:|1760406595
|move|p1a: Metagross|Knock Off|p2a: Fair and Balanced
|-damage|p2a: Fair and Balanced|71/100
|-enditem|p2a: Fair and Balanced|Heavy-Duty Boots|[from] move: Knock Off|[of] p1a: Metagross
|move|p2a: Fair and Balanced|Scald|p1a: Metagross
|-damage|p1a: Metagross|86/100
|
|-heal|p1a: Metagross|92/100|[from] item: Leftovers
|upkeep
|turn|27
|l| crowv2
|
|t:|1760406604
|move|p1a: Metagross|Psychic Fangs|p2a: Fair and Balanced
|-damage|p2a: Fair and Balanced|34/100
|move|p2a: Fair and Balanced|Wish|p2a: Fair and Balanced
|
|-heal|p1a: Metagross|98/100|[from] item: Leftovers
|upkeep
|turn|28
|
|t:|1760406615
|switch|p1a: Meowscarada|Meowscarada, M|20/100
|switch|p2a: why|Cresselia, F, shiny|62/100
|-damage|p2a: why|49/100|[from] Stealth Rock
|
|-heal|p2a: why|100/100|[from] move: Wish|[wisher] Fair and Balanced
|upkeep
|turn|29
|
|t:|1760406638
|switch|p2a: Fair and Balanced|Alomomola, M|67/100
|-damage|p2a: Fair and Balanced|51/100|[from] Spikes
|-damage|p2a: Fair and Balanced|38/100|[from] Stealth Rock
|move|p1a: Meowscarada|U-turn|p2a: Fair and Balanced
|-start|p1a: Meowscarada|typechange|Bug|[from] ability: Protean
|-damage|p2a: Fair and Balanced|0 fnt
|faint|p2a: Fair and Balanced
|
|t:|1760406647
|switch|p1a: Iron Treads|Iron Treads|100/100|[from] U-turn
|-item|p1a: Iron Treads|Air Balloon
|
|upkeep
|
|t:|1760406652
|switch|p2a: why|Cresselia, F, shiny|100/100
|-damage|p2a: why|88/100|[from] Stealth Rock
|turn|30
|
|t:|1760406658
|-end|p1a: Iron Treads|Quark Drive|[silent]
|switch|p1a: Metagross|Metagross, shiny|98/100
|move|p2a: why|Moonblast|p1a: Metagross
|-resisted|p1a: Metagross
|-damage|p1a: Metagross|89/100
|
|-heal|p1a: Metagross|95/100|[from] item: Leftovers
|upkeep
|turn|31
|
|t:|1760406663
|move|p2a: why|Moonblast|p1a: Metagross
|-resisted|p1a: Metagross
|-damage|p1a: Metagross|86/100
|move|p1a: Metagross|Knock Off|p2a: why
|-supereffective|p2a: why
|-damage|p2a: why|60/100
|
|-heal|p1a: Metagross|92/100|[from] item: Leftovers
|upkeep
|turn|32
|j| 70to90gxe
|
|t:|1760406669
|move|p2a: why|Moonblast|p1a: Metagross
|-resisted|p1a: Metagross
|-damage|p1a: Metagross|84/100
|move|p1a: Metagross|Knock Off|p2a: why
|-supereffective|p2a: why
|-damage|p2a: why|30/100
|
|-heal|p1a: Metagross|90/100|[from] item: Leftovers
|upkeep
|turn|33
|
|t:|1760406672
|move|p2a: why|Moonlight|p2a: why
|-heal|p2a: why|80/100
|move|p1a: Metagross|Knock Off|p2a: why
|-supereffective|p2a: why
|-damage|p2a: why|56/100
|
|-heal|p1a: Metagross|96/100|[from] item: Leftovers
|upkeep
|turn|34
|
|t:|1760406675
|move|p2a: why|Calm Mind|p2a: why
|-boost|p2a: why|spa|1
|-boost|p2a: why|spd|1
|move|p1a: Metagross|Knock Off|p2a: why
|-supereffective|p2a: why
|-damage|p2a: why|26/100
|
|-heal|p1a: Metagross|100/100|[from] item: Leftovers
|upkeep
|turn|35
|
|t:|1760406677
|move|p2a: why|Moonlight|p2a: why
|-heal|p2a: why|76/100
|move|p1a: Metagross|Knock Off|p2a: why
|-supereffective|p2a: why
|-damage|p2a: why|50/100
|
|upkeep
|turn|36
|
|t:|1760406680
|move|p2a: why|Moonlight|p2a: why
|-heal|p2a: why|99/100
|move|p1a: Metagross|Knock Off|p2a: why
|-supereffective|p2a: why
|-damage|p2a: why|71/100
|
|upkeep
|turn|37
|
|t:|1760406684
|move|p2a: why|Calm Mind|p2a: why
|-boost|p2a: why|spa|1
|-boost|p2a: why|spd|1
|move|p1a: Metagross|Knock Off|p2a: why
|-supereffective|p2a: why
|-damage|p2a: why|44/100
|
|upkeep
|turn|38
|
|t:|1760406702
|switch|p2a: Keanu Reeves|Darkrai|84/100
|-damage|p2a: Keanu Reeves|68/100|[from] Spikes
|-damage|p2a: Keanu Reeves|55/100|[from] Stealth Rock
|move|p1a: Metagross|Knock Off|p2a: Keanu Reeves
|-resisted|p2a: Keanu Reeves
|-damage|p2a: Keanu Reeves|27/100
|-enditem|p2a: Keanu Reeves|Tanga Berry|[from] move: Knock Off|[of] p1a: Metagross
|
|upkeep
|turn|39
|
|t:|1760406720
|move|p1a: Metagross|Bullet Punch|p2a: Keanu Reeves
|-damage|p2a: Keanu Reeves|0 fnt
|faint|p2a: Keanu Reeves
|
|upkeep
|
|t:|1760406723
|switch|p2a: why|Cresselia, F, shiny|44/100
|-damage|p2a: why|31/100|[from] Stealth Rock
|turn|40
|
|t:|1760406726
|move|p2a: why|Moonlight|p2a: why
|-heal|p2a: why|81/100
|move|p1a: Metagross|Knock Off|p2a: why
|-supereffective|p2a: why
|-damage|p2a: why|55/100
|
|upkeep
|turn|41
|-message|ridlostar forfeited.
|
|win|leezee-yy
|raw|leezee-yy's rating: 1721 &rarr; <strong>1751</strong><br />(+30 for winning)
|raw|ridlostar's rating: 1908 &rarr; <strong>1878</strong><br />(-30 for losing)
|l|☆ridlostar
|player|p2|
|c|☆leezee-yy|gg
|l|☆leezee-yy
|player|p1|
