|j|☆GhetsisUwU
|j|☆Magcla
|t:|1760337867
|gametype|singles
|player|p1|GhetsisUwU|ghetsis|1514
|player|p2|Magcla|may-masters2|1581
|gen|9
|tier|[Gen 9] OU
|rated|
|rule|HP Percentage Mod: HP is shown in percentages
|rule|Endless Battle Clause: Forcing endless battles is banned
|rule|Species Clause: Limit one of each Pokémon
|rule|OHKO Clause: OHKO moves are banned
|rule|Evasion Items Clause: Evasion items are banned
|rule|Evasion Moves Clause: Evasion moves are banned
|rule|Evasion Abilities Clause: Evasion abilities are banned
|rule|Sleep Moves Clause: Sleep-inducing moves are banned
|clearpoke
|poke|p1|Ninetales-Alola, M|
|poke|p1|Kyurem|
|poke|p1|Smeargle, F|
|poke|p1|Great Tusk|
|poke|p1|Gholdengo|
|poke|p1|Dragapult, F|
|poke|p2|Dragapult, M|
|poke|p2|Skarmory, F|
|poke|p2|Comfey, M|
|poke|p2|Kingambit, M|
|poke|p2|Ogerpon-Wellspring, F|
|poke|p2|Blaziken, M|
|teampreview
|
|t:|1760337876
|teamsize|p1|6
|teamsize|p2|6
|start
|switch|p1a: Dragapult|Dragapult, F, shiny|100/100
|switch|p2a: Ogerpon|Ogerpon-Wellspring, F|100/100
|turn|1
|
|t:|1760337882
|move|p1a: Dragapult|Will-O-Wisp|p2a: Ogerpon
|-status|p2a: Ogerpon|brn
|move|p2a: Ogerpon|Knock Off|p1a: Dragapult
|-supereffective|p1a: Dragapult
|-damage|p1a: Dragapult|52/100
|-enditem|p1a: Dragapult|Leftovers|[from] move: Knock Off|[of] p2a: Ogerpon
|
|-damage|p2a: Ogerpon|95/100 brn|[from] brn
|upkeep
|turn|2
|
|t:|1760337887
|move|p1a: Dragapult|Hex|p2a: Ogerpon
|-damage|p2a: Ogerpon|43/100 brn
|move|p2a: Ogerpon|U-turn|p1a: Dragapult
|-resisted|p1a: Dragapult
|-damage|p1a: Dragapult|43/100
|
|t:|1760337893
|switch|p2a: Comfey|Comfey, M, shiny|100/100|[from] U-turn
|
|upkeep
|turn|3
|l|☆GhetsisUwU
|player|p1|
|j|☆GhetsisUwU
|player|p1|GhetsisUwU|ghetsis|
|
|t:|1760337929
|switch|p2a: Ogerpon|Ogerpon-Wellspring, F|43/100 brn
|move|p1a: Dragapult|Thunder Wave||[still]
|-fail|p1a: Dragapult
|
|-damage|p2a: Ogerpon|37/100 brn|[from] brn
|upkeep
|turn|4
|
|t:|1760337935
|move|p1a: Dragapult|Hex|p2a: Ogerpon
|-damage|p2a: Ogerpon|0 fnt
|faint|p2a: Ogerpon
|
|upkeep
|l|☆GhetsisUwU
|player|p1|
|
|t:|1760337952
|switch|p2a: Comfey|Comfey, M, shiny|100/100
|turn|5
|inactive|Battle timer is ON: inactive players will automatically lose when time's up. (requested by Magcla)
|inactive|GhetsisUwU has 30 seconds to reconnect!
|inactive|GhetsisUwU has 20 seconds to reconnect!
|inactive|GhetsisUwU has 15 seconds to reconnect!
|inactive|GhetsisUwU has 10 seconds to reconnect!
|j|☆GhetsisUwU
|inactive|GhetsisUwU reconnected and has 100 seconds left.
|player|p1|GhetsisUwU|ghetsis|
|
|t:|1760338033
|move|p2a: Comfey|Draining Kiss|p1a: Dragapult
|-supereffective|p1a: Dragapult
|-damage|p1a: Dragapult|0 fnt
|faint|p1a: Dragapult
|-damage|p2a: Comfey|91/100|[from] item: Life Orb
|
|upkeep
|
|t:|1760338036
|switch|p1a: Smeargle|Smeargle, F, shiny|100/100
|turn|6
|
|t:|1760338044
|move|p1a: Smeargle|Nuzzle|p2a: Comfey
|-damage|p2a: Comfey|85/100
|-status|p2a: Comfey|par
|move|p2a: Comfey|Substitute|p2a: Comfey
|-start|p2a: Comfey|Substitute
|-damage|p2a: Comfey|60/100 par
|
|upkeep
|turn|7
|
|t:|1760338049
|move|p1a: Smeargle|Sticky Web|p2a: Comfey
|-sidestart|p2: Magcla|move: Sticky Web
|cant|p2a: Comfey|par
|
|upkeep
|turn|8
|
|t:|1760338052
|cant|p2a: Comfey|par
|move|p1a: Smeargle|Ceaseless Edge|p2a: Comfey
|-resisted|p2a: Comfey
|-activate|p2a: Comfey|move: Substitute|[damage]
|-sidestart|p2: Magcla|Spikes
|
|upkeep
|turn|9
|
|t:|1760338056
|move|p2a: Comfey|Draining Kiss|p1a: Smeargle
|-damage|p1a: Smeargle|26/100
|-heal|p2a: Comfey|100/100 par|[from] drain|[of] p1a: Smeargle
|-damage|p2a: Comfey|91/100 par|[from] item: Life Orb
|move|p1a: Smeargle|Whirlwind|p2a: Comfey
|drag|p2a: Blaziken|Blaziken, M, shiny|100/100
|-activate|p2a: Blaziken|move: Sticky Web
|-unboost|p2a: Blaziken|spe|1
|-damage|p2a: Blaziken|88/100|[from] Spikes
|
|upkeep
|turn|10
|
|t:|1760338062
|move|p2a: Blaziken|Protect|p2a: Blaziken
|-singleturn|p2a: Blaziken|Protect
|move|p1a: Smeargle|Nuzzle|p2a: Blaziken
|-activate|p2a: Blaziken|move: Protect
|
|-ability|p2a: Blaziken|Speed Boost|boost
|-boost|p2a: Blaziken|spe|1
|upkeep
|turn|11
|
|t:|1760338066
|move|p1a: Smeargle|Ceaseless Edge|p2a: Blaziken
|-resisted|p2a: Blaziken
|-crit|p2a: Blaziken
|-damage|p2a: Blaziken|78/100
|-sidestart|p2: Magcla|Spikes
|move|p2a: Blaziken|Knock Off|p1a: Smeargle
|-damage|p1a: Smeargle|0 fnt
|-enditem|p1a: Smeargle|Focus Sash|[from] move: Knock Off|[of] p2a: Blaziken
|faint|p1a: Smeargle
|-damage|p2a: Blaziken|68/100|[from] item: Life Orb
|
|-ability|p2a: Blaziken|Speed Boost|boost
|-boost|p2a: Blaziken|spe|1
|upkeep
|
|t:|1760338073
|switch|p1a: Great Tusk|Great Tusk, shiny|100/100
|turn|12
|
|t:|1760338077
|switch|p2a: Skarmory|Skarmory, F|100/100
|move|p1a: Great Tusk|Headlong Rush|p2a: Skarmory
|-immune|p2a: Skarmory
|
|upkeep
|turn|13
|
|t:|1760338082
|move|p1a: Great Tusk|Knock Off|p2a: Skarmory
|-damage|p2a: Skarmory|81/100
|-damage|p1a: Great Tusk|84/100|[from] item: Rocky Helmet|[of] p2a: Skarmory
|-enditem|p2a: Skarmory|Rocky Helmet|[from] move: Knock Off|[of] p1a: Great Tusk
|move|p2a: Skarmory|Spikes|p1a: Great Tusk
|-sidestart|p1: GhetsisUwU|Spikes
|
|upkeep
|turn|14
|l|☆GhetsisUwU
|inactive|GhetsisUwU disconnected and has a minute to reconnect!
|player|p1|
|j|☆GhetsisUwU
|inactive|GhetsisUwU reconnected and has 125 seconds left.
|player|p1|GhetsisUwU|ghetsis|
|inactive|GhetsisUwU has 120 seconds left.
|
|t:|1760338119
|-end|p1a: Great Tusk|Protosynthesis|[silent]
|switch|p1a: Gholdengo|Gholdengo, shiny|100/100
|-item|p1a: Gholdengo|Air Balloon
|move|p2a: Skarmory|Stealth Rock|p1a: Gholdengo
|-sidestart|p1: GhetsisUwU|move: Stealth Rock
|
|upkeep
|turn|15
|
|t:|1760338124
|move|p1a: Gholdengo|Nasty Plot|p1a: Gholdengo
|-boost|p1a: Gholdengo|spa|2
|move|p2a: Skarmory|Stealth Rock||[still]
|-fail|p2a: Skarmory
|
|upkeep
|turn|16
|
|t:|1760338129
|move|p1a: Gholdengo|Nasty Plot|p1a: Gholdengo
|-boost|p1a: Gholdengo|spa|2
|move|p2a: Skarmory|Spikes|p1a: Gholdengo
|-sidestart|p1: GhetsisUwU|Spikes
|
|upkeep
|turn|17
|
|t:|1760338131
|move|p1a: Gholdengo|Nasty Plot|p1a: Gholdengo
|-boost|p1a: Gholdengo|spa|2
|move|p2a: Skarmory|Spikes|p1a: Gholdengo
|-sidestart|p1: GhetsisUwU|Spikes
|
|upkeep
|turn|18
|
|t:|1760338135
|move|p1a: Gholdengo|Shadow Ball|p2a: Skarmory
|-damage|p2a: Skarmory|0 fnt
|faint|p2a: Skarmory
|
|upkeep
|
|t:|1760338138
|switch|p2a: Kingambit|Kingambit, M, shiny|100/100
|-activate|p2a: Kingambit|move: Sticky Web
|-unboost|p2a: Kingambit|spe|1
|-damage|p2a: Kingambit|84/100|[from] Spikes
|-activate|p2a: Kingambit|ability: Supreme Overlord
|-start|p2a: Kingambit|fallen2|[silent]
|turn|19
|
|t:|1760338140
|-terastallize|p1a: Gholdengo|Water
|move|p2a: Kingambit|Sucker Punch|p1a: Gholdengo
|-damage|p1a: Gholdengo|48/100
|-enditem|p1a: Gholdengo|Air Balloon
|move|p1a: Gholdengo|Make It Rain|p2a: Kingambit
|-resisted|p2a: Kingambit
|-damage|p2a: Kingambit|0 fnt
|-unboost|p1a: Gholdengo|spa|1
|faint|p2a: Kingambit
|-end|p2a: Kingambit|fallen2|[silent]
|
|upkeep
|
|t:|1760338147
|switch|p2a: Blaziken|Blaziken, M, shiny|68/100
|-activate|p2a: Blaziken|move: Sticky Web
|-unboost|p2a: Blaziken|spe|1
|-damage|p2a: Blaziken|52/100|[from] Spikes
|turn|20
|
|t:|1760338149
|move|p2a: Blaziken|Protect|p2a: Blaziken
|-singleturn|p2a: Blaziken|Protect
|move|p1a: Gholdengo|Shadow Ball|p2a: Blaziken
|-activate|p2a: Blaziken|move: Protect
|
|-ability|p2a: Blaziken|Speed Boost|boost
|-boost|p2a: Blaziken|spe|1
|upkeep
|turn|21
|
|t:|1760338153
|move|p2a: Blaziken|Protect||[still]
|-fail|p2a: Blaziken
|move|p1a: Gholdengo|Shadow Ball|p2a: Blaziken
|-damage|p2a: Blaziken|0 fnt
|faint|p2a: Blaziken
|
|upkeep
|-message|Magcla forfeited.
|
|win|GhetsisUwU
|raw|GhetsisUwU's rating: 1514 &rarr; <strong>1538</strong><br />(+24 for winning)
|raw|Magcla's rating: 1581 &rarr; <strong>1557</strong><br />(-24 for losing)
|l|☆Magcla
|player|p2|
|l|☆GhetsisUwU
|player|p1|
