|j|☆abinDark
|j|☆Fnaf Boi Gaming
|t:|1760373150
|gametype|singles
|player|p1|abinDark|blackbelt-gen4dp|1091
|player|p2|Fnaf Boi Gaming|102|1103
|gen|9
|tier|[Gen 9] OU
|rated|
|rule|HP Percentage Mod: HP is shown in percentages
|rule|Endless Battle Clause: Forcing endless battles is banned
|rule|Species Clause: Limit one of each Pokémon
|rule|OHKO Clause: OHKO moves are banned
|rule|Evasion Items Clause: Evasion items are banned
|rule|Evasion Moves Clause: Evasion moves are banned
|rule|Evasion Abilities Clause: Evasion abilities are banned
|rule|Sleep Moves Clause: Sleep-inducing moves are banned
|clearpoke
|poke|p1|Meowscarada, M|
|poke|p1|Alomomola, F|
|poke|p1|Iron Treads|
|poke|p1|Ting-Lu|
|poke|p1|Gholdengo|
|poke|p1|Dragonite, M|
|poke|p2|Zoroark-Hisui, M|
|poke|p2|Falinks|
|poke|p2|Greninja-*, M|
|poke|p2|Eelektross, M|
|poke|p2|Mimikyu, F|
|poke|p2|Feraligatr, M|
|teampreview
|inactive|Battle timer is ON: inactive players will automatically lose when time's up. (requested by Fnaf Boi Gaming)
|
|t:|1760373162
|teamsize|p1|6
|teamsize|p2|6
|start
|switch|p1a: Ting-Lu|Ting-Lu, shiny|100/100
|switch|p2a: Feraligatr|Feraligatr, M|100/100
|-ability|p1a: Ting-Lu|Vessel of Ruin
|turn|1
|
|t:|1760373173
|move|p2a: Feraligatr|Nasty Plot|p2a: Feraligatr
|-boost|p2a: Feraligatr|spa|2
|move|p1a: Ting-Lu|Whirlwind|p2a: Feraligatr
|drag|p2a: Greninja|Greninja, M|100/100
|
|upkeep
|turn|2
|
|t:|1760373182
|move|p2a: Greninja|Ice Beam|p1a: Ting-Lu
|-start|p2a: Greninja|typechange|Ice|[from] ability: Protean
|-supereffective|p1a: Ting-Lu
|-damage|p1a: Ting-Lu|61/100
|move|p1a: Ting-Lu|Spikes|p2a: Greninja
|-sidestart|p2: Fnaf Boi Gaming|Spikes
|
|-heal|p1a: Ting-Lu|67/100|[from] item: Leftovers
|upkeep
|turn|3
|
|t:|1760373193
|switch|p1a: Alomomola|Alomomola, F|100/100
|move|p2a: Greninja|Ice Beam|p1a: Alomomola
|-resisted|p1a: Alomomola
|-damage|p1a: Alomomola|79/100
|
|-heal|p1a: Alomomola|85/100|[from] item: Leftovers
|upkeep
|turn|4
|
|t:|1760373209
|move|p2a: Greninja|Sludge Wave|p1a: Alomomola
|-damage|p1a: Alomomola|58/100
|move|p1a: Alomomola|Wish|p1a: Alomomola
|
|-heal|p1a: Alomomola|65/100|[from] item: Leftovers
|upkeep
|turn|5
|
|t:|1760373219
|switch|p1a: Meowscarada|Meowscarada, M|100/100
|move|p2a: Greninja|Dark Pulse|p1a: Meowscarada
|-resisted|p1a: Meowscarada
|-damage|p1a: Meowscarada|83/100
|
|-heal|p1a: Meowscarada|100/100|[from] move: Wish|[wisher] Alomomola
|upkeep
|turn|6
|
|t:|1760373237
|move|p1a: Meowscarada|Protect|p1a: Meowscarada
|-singleturn|p1a: Meowscarada|Protect
|move|p2a: Greninja|Ice Beam|p1a: Meowscarada
|-activate|p1a: Meowscarada|move: Protect
|
|upkeep
|turn|7
|
|t:|1760373246
|switch|p1a: Gholdengo|Gholdengo|100/100
|move|p2a: Greninja|Ice Beam|p1a: Gholdengo
|-resisted|p1a: Gholdengo
|-damage|p1a: Gholdengo|77/100
|
|upkeep
|turn|8
|
|t:|1760373256
|move|p1a: Gholdengo|Flash Cannon|p2a: Greninja
|-supereffective|p2a: Greninja
|-damage|p2a: Greninja|0 fnt
|faint|p2a: Greninja
|
|upkeep
|
|t:|1760373265
|switch|p2a: Feraligatr|Feraligatr, M|100/100
|-damage|p2a: Feraligatr|88/100|[from] Spikes
|turn|9
|
|t:|1760373275
|switch|p1a: Meowscarada|Meowscarada, M|100/100
|move|p2a: Feraligatr|Shadow Ball|p1a: Meowscarada
|-resisted|p1a: Meowscarada
|-damage|p1a: Meowscarada|70/100
|
|upkeep
|turn|10
|
|t:|1760373284
|move|p2a: Feraligatr|Focus Blast|p1a: Meowscarada
|-supereffective|p1a: Meowscarada
|-damage|p1a: Meowscarada|0 fnt
|faint|p1a: Meowscarada
|
|upkeep
|
|t:|1760373292
|switch|p1a: Dragonite|Dragonite, M|100/100
|turn|11
|
|t:|1760373298
|move|p2a: Feraligatr|Hyper Voice|p1a: Dragonite
|-damage|p1a: Dragonite|78/100
|move|p1a: Dragonite|Thunder Wave|p2a: Feraligatr
|-status|p2a: Feraligatr|par
|
|upkeep
|turn|12
|
|t:|1760373308
|move|p1a: Dragonite|Dragon Dance|p1a: Dragonite
|-boost|p1a: Dragonite|atk|1
|-boost|p1a: Dragonite|spe|1
|cant|p2a: Feraligatr|par
|
|upkeep
|turn|13
|
|t:|1760373316
|move|p1a: Dragonite|Dragon Dance|p1a: Dragonite
|-boost|p1a: Dragonite|atk|1
|-boost|p1a: Dragonite|spe|1
|cant|p2a: Feraligatr|par
|
|upkeep
|turn|14
|
|t:|1760373323
|move|p1a: Dragonite|Dragon Dance|p1a: Dragonite
|-boost|p1a: Dragonite|atk|1
|-boost|p1a: Dragonite|spe|1
|move|p2a: Feraligatr|Hyper Voice|p1a: Dragonite
|-damage|p1a: Dragonite|32/100
|
|upkeep
|turn|15
|
|t:|1760373331
|move|p1a: Dragonite|Dragon Claw|p2a: Feraligatr
|-damage|p2a: Feraligatr|0 fnt
|replace|p2a: Zoroark|Zoroark-Hisui, M
|-end|p2a: Zoroark|Illusion
|faint|p2a: Zoroark
|
|upkeep
|
|t:|1760373335
|switch|p2a: Mimikyu|Mimikyu, F|100/100
|-damage|p2a: Mimikyu|88/100|[from] Spikes
|turn|16
|
|t:|1760373351
|move|p1a: Dragonite|Thunder Wave|p2a: Mimikyu
|-status|p2a: Mimikyu|par
|move|p2a: Mimikyu|Trick Room|p2a: Mimikyu
|-fieldstart|move: Trick Room|[of] p2a: Mimikyu
|
|upkeep
|turn|17
|
|t:|1760373359
|switch|p1a: Alomomola|Alomomola, F|98/100
|move|p2a: Mimikyu|Play Rough|p1a: Alomomola
|-damage|p1a: Alomomola|81/100
|
|-heal|p1a: Alomomola|88/100|[from] item: Leftovers
|upkeep
|turn|18
|
|t:|1760373369
|move|p2a: Mimikyu|Curse|p1a: Alomomola
|-start|p1a: Alomomola|Curse|[of] p2a: Mimikyu
|-damage|p2a: Mimikyu|38/100 par
|move|p1a: Alomomola|Wish|p1a: Alomomola
|
|-heal|p1a: Alomomola|94/100|[from] item: Leftovers
|-damage|p1a: Alomomola|69/100|[from] Curse
|upkeep
|turn|19
|
|t:|1760373386
|switch|p1a: Ting-Lu|Ting-Lu, shiny|67/100
|-ability|p1a: Ting-Lu|Vessel of Ruin
|cant|p2a: Mimikyu|par
|
|-heal|p1a: Ting-Lu|100/100|[from] move: Wish|[wisher] Alomomola
|upkeep
|turn|20
|
|t:|1760373397
|move|p2a: Mimikyu|Play Rough|p1a: Ting-Lu
|-supereffective|p1a: Ting-Lu
|-crit|p1a: Ting-Lu
|-damage|p1a: Ting-Lu|62/100
|move|p1a: Ting-Lu|Spikes|p2a: Mimikyu
|-sidestart|p2: Fnaf Boi Gaming|Spikes
|
|-heal|p1a: Ting-Lu|68/100|[from] item: Leftovers
|-fieldend|move: Trick Room
|upkeep
|turn|21
|
|t:|1760373407
|move|p1a: Ting-Lu|Spikes|p2a: Mimikyu
|-sidestart|p2: Fnaf Boi Gaming|Spikes
|move|p2a: Mimikyu|Curse|p1a: Ting-Lu
|-start|p1a: Ting-Lu|Curse|[of] p2a: Mimikyu
|-damage|p2a: Mimikyu|0 fnt
|faint|p2a: Mimikyu
|
|-heal|p1a: Ting-Lu|74/100|[from] item: Leftovers
|-damage|p1a: Ting-Lu|49/100|[from] Curse
|upkeep
|
|t:|1760373414
|switch|p2a: Falinks|Falinks|100/100
|-damage|p2a: Falinks|76/100|[from] Spikes
|turn|22
|
|t:|1760373421
|switch|p1a: Iron Treads|Iron Treads|100/100
|-enditem|p1a: Iron Treads|Booster Energy
|-activate|p1a: Iron Treads|ability: Quark Drive|[fromitem]
|-start|p1a: Iron Treads|quarkdrivespe
|move|p2a: Falinks|No Retreat|p2a: Falinks
|-boost|p2a: Falinks|atk|1
|-boost|p2a: Falinks|def|1
|-boost|p2a: Falinks|spa|1
|-boost|p2a: Falinks|spd|1
|-boost|p2a: Falinks|spe|1
|-start|p2a: Falinks|move: No Retreat
|
|upkeep
|turn|23
|inactive|abinDark has 120 seconds left.
|
|t:|1760373457
|-end|p1a: Iron Treads|Quark Drive|[silent]
|switch|p1a: Gholdengo|Gholdengo|77/100
|move|p2a: Falinks|Swords Dance|p2a: Falinks
|-boost|p2a: Falinks|atk|2
|
|upkeep
|turn|24
|inactive|abinDark has 120 seconds left.
|
|t:|1760373469
|move|p2a: Falinks|Endure|p2a: Falinks
|-singleturn|p2a: Falinks|move: Endure
|move|p1a: Gholdengo|Shadow Ball|p2a: Falinks
|-damage|p2a: Falinks|20/100
|
|upkeep
|turn|25
|inactive|abinDark has 120 seconds left.
|
|t:|1760373478
|move|p1a: Gholdengo|Shadow Ball|p2a: Falinks
|-crit|p2a: Falinks
|-damage|p2a: Falinks|0 fnt
|faint|p2a: Falinks
|
|upkeep
|
|t:|1760373482
|switch|p2a: Feraligatr|Feraligatr, M|100/100
|-damage|p2a: Feraligatr|76/100|[from] Spikes
|turn|26
|
|t:|1760373493
|-terastallize|p2a: Feraligatr|Dark
|move|p1a: Gholdengo|Shadow Ball|p2a: Feraligatr
|-resisted|p2a: Feraligatr
|-damage|p2a: Feraligatr|50/100
|move|p2a: Feraligatr|Crunch|p1a: Gholdengo
|-supereffective|p1a: Gholdengo
|-damage|p1a: Gholdengo|0 fnt
|faint|p1a: Gholdengo
|
|upkeep
|inactive|abinDark has 120 seconds left.
|
|t:|1760373512
|switch|p1a: Alomomola|Alomomola, F|100/100
|turn|27
|inactive|abinDark has 120 seconds left.
|
|t:|1760373520
|move|p2a: Feraligatr|Swords Dance|p2a: Feraligatr
|-boost|p2a: Feraligatr|atk|2
|move|p1a: Alomomola|Wish|p1a: Alomomola
|
|upkeep
|turn|28
|
|t:|1760373526
|move|p2a: Feraligatr|Crunch|p1a: Alomomola
|-damage|p1a: Alomomola|32/100
|move|p1a: Alomomola|Scald|p2a: Feraligatr
|-damage|p2a: Feraligatr|33/100
|
|-heal|p1a: Alomomola|82/100|[from] move: Wish|[wisher] Alomomola
|-heal|p1a: Alomomola|88/100|[from] item: Leftovers
|upkeep
|turn|29
|
|t:|1760373540
|move|p1a: Alomomola|Protect|p1a: Alomomola
|-singleturn|p1a: Alomomola|Protect
|move|p2a: Feraligatr|Swords Dance|p2a: Feraligatr
|-boost|p2a: Feraligatr|atk|2
|
|-heal|p1a: Alomomola|94/100|[from] item: Leftovers
|upkeep
|turn|30
|
|t:|1760373548
|move|p2a: Feraligatr|Crunch|p1a: Alomomola
|-damage|p1a: Alomomola|0 fnt
|faint|p1a: Alomomola
|
|upkeep
|
|t:|1760373554
|switch|p1a: Dragonite|Dragonite, M|32/100
|turn|31
|
|t:|1760373562
|move|p2a: Feraligatr|Aqua Jet|p1a: Dragonite
|-resisted|p1a: Dragonite
|-damage|p1a: Dragonite|0 fnt
|faint|p1a: Dragonite
|-damage|p2a: Feraligatr|23/100|[from] item: Life Orb
|
|upkeep
|
|t:|1760373576
|switch|p1a: Iron Treads|Iron Treads|100/100
|turn|32
|
|t:|1760373581
|move|p2a: Feraligatr|Aqua Jet|p1a: Iron Treads
|-supereffective|p1a: Iron Treads
|-damage|p1a: Iron Treads|0 fnt
|faint|p1a: Iron Treads
|-end|p1a: Iron Treads|Quark Drive|[silent]
|-damage|p2a: Feraligatr|13/100|[from] item: Life Orb
|
|upkeep
|
|t:|1760373588
|switch|p1a: Ting-Lu|Ting-Lu, shiny|49/100
|-ability|p1a: Ting-Lu|Vessel of Ruin
|turn|33
|
|t:|1760373594
|move|p2a: Feraligatr|Aqua Jet|p1a: Ting-Lu
|-supereffective|p1a: Ting-Lu
|-damage|p1a: Ting-Lu|0 fnt
|faint|p1a: Ting-Lu
|-damage|p2a: Feraligatr|3/100|[from] item: Life Orb
|
|win|Fnaf Boi Gaming
|raw|abinDark's rating: 1091 &rarr; <strong>1068</strong><br />(-23 for losing)
|raw|Fnaf Boi Gaming's rating: 1103 &rarr; <strong>1127</strong><br />(+24 for winning)
|c|☆Fnaf Boi Gaming|Gg
|l|☆abinDark
|player|p1|
|l|☆Fnaf Boi Gaming
|player|p2|
|j|☆abinDark
|player|p1|abinDark|blackbelt-gen4dp|
|l|☆abinDark
|player|p1|
