|j|☆ayyyyyyuhsucconme
|j|☆chilloud1
|t:|1760444286
|gametype|singles
|player|p1|ayyyyyyuhsucconme|linebacker|1280
|player|p2|chilloud1|dawn|1217
|gen|9
|tier|[Gen 9] OU
|rated|
|rule|HP Percentage Mod: HP is shown in percentages
|rule|Endless Battle Clause: Forcing endless battles is banned
|rule|Species Clause: Limit one of each Pokémon
|rule|OHKO Clause: OHKO moves are banned
|rule|Evasion Items Clause: Evasion items are banned
|rule|Evasion Moves Clause: Evasion moves are banned
|rule|Evasion Abilities Clause: Evasion abilities are banned
|rule|Sleep Moves Clause: Sleep-inducing moves are banned
|clearpoke
|poke|p1|Gholdengo|
|poke|p1|Clodsire, F|
|poke|p1|Skarmory, F|
|poke|p1|Gliscor, F|
|poke|p1|Quaquaval, M|
|poke|p1|Goodra-Hisui, F|
|poke|p2|Brute Bonnet|
|poke|p2|Ninetales, F|
|poke|p2|Kleavor, F|
|poke|p2|Vileplume, F|
|poke|p2|Walking Wake|
|poke|p2|Great Tusk|
|teampreview
|inactive|Battle timer is ON: inactive players will automatically lose when time's up. (requested by chilloud1)
|
|t:|1760444311
|teamsize|p1|6
|teamsize|p2|6
|start
|switch|p1a: Clodsire|Clodsire, F, shiny|100/100
|switch|p2a: Ninetales|Ninetales, F|100/100
|-weather|SunnyDay|[from] ability: Drought|[of] p2a: Ninetales
|turn|1
|
|t:|1760444315
|move|p2a: Ninetales|Will-O-Wisp|p1a: Clodsire
|-status|p1a: Clodsire|brn
|move|p1a: Clodsire|Stealth Rock|p2a: Ninetales
|-sidestart|p2: chilloud1|move: Stealth Rock
|
|-weather|SunnyDay|[upkeep]
|-damage|p1a: Clodsire|94/100 brn|[from] brn
|upkeep
|turn|2
|
|t:|1760444321
|switch|p2a: Great Tusk|Great Tusk|100/100
|-damage|p2a: Great Tusk|98/100|[from] Stealth Rock
|-activate|p2a: Great Tusk|ability: Protosynthesis
|-start|p2a: Great Tusk|protosynthesisspe
|move|p1a: Clodsire|Toxic|p2a: Great Tusk
|-status|p2a: Great Tusk|tox
|
|-weather|SunnyDay|[upkeep]
|-heal|p2a: Great Tusk|100/100 tox|[from] item: Leftovers
|-heal|p1a: Clodsire|100/100 brn|[from] item: Leftovers
|-damage|p2a: Great Tusk|94/100 tox|[from] psn
|-damage|p1a: Clodsire|94/100 brn|[from] brn
|upkeep
|turn|3
|
|t:|1760444327
|switch|p1a: Gholdengo|Gholdengo|100/100
|-item|p1a: Gholdengo|Air Balloon
|move|p2a: Great Tusk|Rapid Spin|p1a: Gholdengo
|-immune|p1a: Gholdengo
|
|-weather|SunnyDay|[upkeep]
|-heal|p2a: Great Tusk|100/100 tox|[from] item: Leftovers
|-damage|p2a: Great Tusk|88/100 tox|[from] psn
|upkeep
|turn|4
|
|t:|1760444332
|move|p2a: Great Tusk|Temper Flare|p1a: Gholdengo
|-supereffective|p1a: Gholdengo
|-damage|p1a: Gholdengo|0 fnt
|-enditem|p1a: Gholdengo|Air Balloon
|faint|p1a: Gholdengo
|
|-weather|SunnyDay|[upkeep]
|-heal|p2a: Great Tusk|94/100 tox|[from] item: Leftovers
|-damage|p2a: Great Tusk|76/100 tox|[from] psn
|upkeep
|
|t:|1760444337
|switch|p1a: Skarmory|Skarmory, F|100/100
|turn|5
|
|t:|1760444340
|move|p2a: Great Tusk|Rapid Spin|p1a: Skarmory
|-resisted|p1a: Skarmory
|-damage|p1a: Skarmory|97/100
|-boost|p2a: Great Tusk|spe|1
|-damage|p2a: Great Tusk|59/100 tox|[from] item: Rocky Helmet|[of] p1a: Skarmory
|-sideend|p2: chilloud1|Stealth Rock|[from] move: Rapid Spin|[of] p2a: Great Tusk
|move|p1a: Skarmory|Brave Bird|p2a: Great Tusk
|-supereffective|p2a: Great Tusk
|-damage|p2a: Great Tusk|17/100 tox
|-damage|p1a: Skarmory|79/100|[from] Recoil
|
|-weather|none
|-end|p2a: Great Tusk|Protosynthesis
|-heal|p2a: Great Tusk|23/100 tox|[from] item: Leftovers
|-damage|p2a: Great Tusk|0 fnt|[from] psn
|faint|p2a: Great Tusk
|-end|p2a: Great Tusk|Protosynthesis|[silent]
|upkeep
|
|t:|1760444346
|switch|p2a: Ninetales|Ninetales, F|100/100
|-weather|SunnyDay|[from] ability: Drought|[of] p2a: Ninetales
|turn|6
|
|t:|1760444350
|switch|p1a: Clodsire|Clodsire, F, shiny|94/100 brn
|move|p2a: Ninetales|Weather Ball|p1a: Clodsire
|-damage|p1a: Clodsire|71/100 brn
|
|-weather|SunnyDay|[upkeep]
|-heal|p1a: Clodsire|77/100 brn|[from] item: Leftovers
|-damage|p1a: Clodsire|71/100 brn|[from] brn
|upkeep
|turn|7
|
|t:|1760444356
|switch|p2a: Kleavor|Kleavor, F|100/100
|move|p1a: Clodsire|Stealth Rock|p2a: Kleavor
|-sidestart|p2: chilloud1|move: Stealth Rock
|
|-weather|SunnyDay|[upkeep]
|-heal|p1a: Clodsire|77/100 brn|[from] item: Leftovers
|-damage|p1a: Clodsire|71/100 brn|[from] brn
|upkeep
|turn|8
|
|t:|1760444361
|switch|p1a: Gliscor|Gliscor, F, shiny|100/100
|move|p2a: Kleavor|Swords Dance|p2a: Kleavor
|-boost|p2a: Kleavor|atk|2
|
|-weather|SunnyDay|[upkeep]
|-status|p1a: Gliscor|tox|[from] item: Toxic Orb
|upkeep
|turn|9
|
|t:|1760444365
|move|p2a: Kleavor|Stone Axe|p1a: Gliscor
|-damage|p1a: Gliscor|38/100 tox
|-sidestart|p1: ayyyyyyuhsucconme|move: Stealth Rock
|move|p1a: Gliscor|Swords Dance|p1a: Gliscor
|-boost|p1a: Gliscor|atk|2
|
|-weather|SunnyDay|[upkeep]
|-heal|p1a: Gliscor|51/100 tox|[from] ability: Poison Heal
|upkeep
|turn|10
|
|t:|1760444370
|move|p1a: Gliscor|Protect|p1a: Gliscor
|-singleturn|p1a: Gliscor|Protect
|move|p2a: Kleavor|Stone Axe|p1a: Gliscor
|-activate|p1a: Gliscor|move: Protect
|
|-weather|none
|-heal|p1a: Gliscor|63/100 tox|[from] ability: Poison Heal
|upkeep
|turn|11
|
|t:|1760444378
|move|p2a: Kleavor|Stone Axe|p1a: Gliscor
|-damage|p1a: Gliscor|5/100 tox
|move|p1a: Gliscor|Earthquake|p2a: Kleavor
|-damage|p2a: Kleavor|16/100
|
|-heal|p1a: Gliscor|17/100 tox|[from] ability: Poison Heal
|upkeep
|turn|12
|
|t:|1760444386
|move|p1a: Gliscor|Protect|p1a: Gliscor
|-singleturn|p1a: Gliscor|Protect
|move|p2a: Kleavor|Stone Axe|p1a: Gliscor
|-activate|p1a: Gliscor|move: Protect
|
|-heal|p1a: Gliscor|30/100 tox|[from] ability: Poison Heal
|upkeep
|turn|13
|
|t:|1760444392
|switch|p1a: Skarmory|Skarmory, F|79/100
|-damage|p1a: Skarmory|66/100|[from] Stealth Rock
|move|p2a: Kleavor|Stone Axe|p1a: Skarmory
|-damage|p1a: Skarmory|6/100
|-damage|p2a: Kleavor|0 fnt|[from] item: Rocky Helmet|[of] p1a: Skarmory
|faint|p2a: Kleavor
|
|upkeep
|
|t:|1760444398
|switch|p2a: Ninetales|Ninetales, F|100/100
|-damage|p2a: Ninetales|76/100|[from] Stealth Rock
|-weather|SunnyDay|[from] ability: Drought|[of] p2a: Ninetales
|turn|14
|
|t:|1760444402
|switch|p1a: Quaquaval|Quaquaval, M|100/100
|-damage|p1a: Quaquaval|94/100|[from] Stealth Rock
|move|p2a: Ninetales|Weather Ball|p1a: Quaquaval
|-resisted|p1a: Quaquaval
|-damage|p1a: Quaquaval|67/100
|
|-weather|SunnyDay|[upkeep]
|-heal|p2a: Ninetales|82/100|[from] item: Leftovers
|-heal|p1a: Quaquaval|73/100|[from] item: Leftovers
|upkeep
|turn|15
|
|t:|1760444407
|move|p2a: Ninetales|Will-O-Wisp|p1a: Quaquaval
|-status|p1a: Quaquaval|brn
|move|p1a: Quaquaval|Rapid Spin|p2a: Ninetales
|-damage|p2a: Ninetales|72/100
|-boost|p1a: Quaquaval|spe|1
|-sideend|p1: ayyyyyyuhsucconme|Stealth Rock|[from] move: Rapid Spin|[of] p1a: Quaquaval
|
|-weather|SunnyDay|[upkeep]
|-heal|p1a: Quaquaval|79/100 brn|[from] item: Leftovers
|-heal|p2a: Ninetales|78/100|[from] item: Leftovers
|-damage|p1a: Quaquaval|73/100 brn|[from] brn
|upkeep
|turn|16
|
|t:|1760444416
|switch|p2a: Brute Bonnet|Brute Bonnet|100/100
|-damage|p2a: Brute Bonnet|88/100|[from] Stealth Rock
|-activate|p2a: Brute Bonnet|ability: Protosynthesis
|-start|p2a: Brute Bonnet|protosynthesisatk
|move|p1a: Quaquaval|Close Combat|p2a: Brute Bonnet
|-supereffective|p2a: Brute Bonnet
|-damage|p2a: Brute Bonnet|41/100
|-unboost|p1a: Quaquaval|def|1
|-unboost|p1a: Quaquaval|spd|1
|
|-weather|SunnyDay|[upkeep]
|-heal|p1a: Quaquaval|79/100 brn|[from] item: Leftovers
|-damage|p1a: Quaquaval|73/100 brn|[from] brn
|upkeep
|turn|17
|
|t:|1760444425
|-end|p2a: Brute Bonnet|Protosynthesis|[silent]
|switch|p2a: Vileplume|Vileplume, F|100/100
|-damage|p2a: Vileplume|88/100|[from] Stealth Rock
|move|p1a: Quaquaval|Close Combat|p2a: Vileplume
|-resisted|p2a: Vileplume
|-damage|p2a: Vileplume|69/100
|-unboost|p1a: Quaquaval|def|1
|-unboost|p1a: Quaquaval|spd|1
|
|-weather|SunnyDay|[upkeep]
|-heal|p1a: Quaquaval|79/100 brn|[from] item: Leftovers
|-damage|p1a: Quaquaval|73/100 brn|[from] brn
|upkeep
|turn|18
|
|t:|1760444435
|switch|p1a: Clodsire|Clodsire, F, shiny|71/100 brn
|move|p2a: Vileplume|Strength Sap|p1a: Clodsire
|-unboost|p1a: Clodsire|atk|1
|-heal|p2a: Vileplume|100/100
|
|-weather|none
|-heal|p1a: Clodsire|77/100 brn|[from] item: Leftovers
|-damage|p1a: Clodsire|71/100 brn|[from] brn
|upkeep
|turn|19
|
|t:|1760444442
|move|p2a: Vileplume|Sludge Wave|p1a: Clodsire
|-resisted|p1a: Clodsire
|-damage|p1a: Clodsire|64/100 brn
|-damage|p2a: Vileplume|91/100|[from] item: Life Orb
|move|p1a: Clodsire|Recover|p1a: Clodsire
|-heal|p1a: Clodsire|100/100 brn
|
|-damage|p1a: Clodsire|94/100 brn|[from] brn
|upkeep
|turn|20
|
|t:|1760444451
|switch|p2a: Walking Wake|Walking Wake|100/100
|switch|p1a: Skarmory|Skarmory, F|6/100
|
|upkeep
|turn|21
|
|t:|1760444457
|move|p2a: Walking Wake|Hydro Steam|p1a: Skarmory
|-damage|p1a: Skarmory|0 fnt
|faint|p1a: Skarmory
|
|upkeep
|
|t:|1760444459
|switch|p1a: Goodra|Goodra-Hisui, F|100/100
|turn|22
|
|t:|1760444463
|-end|p2a: Walking Wake|Protosynthesis|[silent]
|switch|p2a: Ninetales|Ninetales, F|78/100
|-damage|p2a: Ninetales|53/100|[from] Stealth Rock
|-weather|SunnyDay|[from] ability: Drought|[of] p2a: Ninetales
|move|p1a: Goodra|Thunderbolt|p2a: Ninetales
|-damage|p2a: Ninetales|32/100
|
|-weather|SunnyDay|[upkeep]
|-heal|p2a: Ninetales|38/100|[from] item: Leftovers
|upkeep
|turn|23
|
|t:|1760444471
|switch|p2a: Vileplume|Vileplume, F|91/100
|-damage|p2a: Vileplume|78/100|[from] Stealth Rock
|move|p1a: Goodra|Dragon Tail|p2a: Vileplume
|-damage|p2a: Vileplume|51/100
|drag|p2a: Walking Wake|Walking Wake|100/100
|-activate|p2a: Walking Wake|ability: Protosynthesis
|-start|p2a: Walking Wake|protosynthesisspe
|
|-weather|SunnyDay|[upkeep]
|upkeep
|turn|24
|
|t:|1760444480
|move|p2a: Walking Wake|Dragon Pulse|p1a: Goodra
|-damage|p1a: Goodra|79/100
|move|p1a: Goodra|Thunderbolt|p2a: Walking Wake
|-damage|p2a: Walking Wake|76/100
|
|-weather|SunnyDay|[upkeep]
|-heal|p1a: Goodra|85/100|[from] item: Leftovers
|upkeep
|turn|25
|
|t:|1760444489
|move|p2a: Walking Wake|Flip Turn|p1a: Goodra
|-resisted|p1a: Goodra
|-damage|p1a: Goodra|81/100
|-ability|p1a: Goodra|Gooey
|-unboost|p2a: Walking Wake|spe|1
|
|t:|1760444492
|-end|p2a: Walking Wake|Protosynthesis|[silent]
|switch|p2a: Brute Bonnet|Brute Bonnet|41/100|[from] Flip Turn
|-damage|p2a: Brute Bonnet|28/100|[from] Stealth Rock
|-activate|p2a: Brute Bonnet|ability: Protosynthesis
|-start|p2a: Brute Bonnet|protosynthesisatk
|move|p1a: Goodra|Dragon Tail|p2a: Brute Bonnet
|-damage|p2a: Brute Bonnet|11/100
|-end|p2a: Brute Bonnet|Protosynthesis|[silent]
|drag|p2a: Vileplume|Vileplume, F|51/100
|-damage|p2a: Vileplume|39/100|[from] Stealth Rock
|
|-weather|SunnyDay|[upkeep]
|-heal|p1a: Goodra|87/100|[from] item: Leftovers
|upkeep
|turn|26
|
|t:|1760444507
|move|p2a: Vileplume|Strength Sap|p1a: Goodra
|-unboost|p1a: Goodra|atk|1
|-heal|p2a: Vileplume|100/100
|move|p1a: Goodra|Dragon Tail|p2a: Vileplume
|-damage|p2a: Vileplume|81/100
|drag|p2a: Walking Wake|Walking Wake|76/100
|-activate|p2a: Walking Wake|ability: Protosynthesis
|-start|p2a: Walking Wake|protosynthesisspe
|
|-weather|none
|-end|p2a: Walking Wake|Protosynthesis
|-heal|p1a: Goodra|93/100|[from] item: Leftovers
|upkeep
|turn|27
|
|t:|1760444520
|move|p2a: Walking Wake|Dragon Pulse|p1a: Goodra
|-damage|p1a: Goodra|72/100
|move|p1a: Goodra|Dragon Tail|p2a: Walking Wake
|-supereffective|p2a: Walking Wake
|-damage|p2a: Walking Wake|43/100
|-end|p2a: Walking Wake|Protosynthesis|[silent]
|drag|p2a: Ninetales|Ninetales, F|38/100
|-damage|p2a: Ninetales|13/100|[from] Stealth Rock
|-weather|SunnyDay|[from] ability: Drought|[of] p2a: Ninetales
|
|-weather|SunnyDay|[upkeep]
|-heal|p2a: Ninetales|19/100|[from] item: Leftovers
|-heal|p1a: Goodra|78/100|[from] item: Leftovers
|upkeep
|turn|28
|
|t:|1760444534
|switch|p1a: Clodsire|Clodsire, F, shiny|94/100 brn
|move|p2a: Ninetales|Healing Wish|p2a: Ninetales
|faint|p2a: Ninetales
|
|-weather|SunnyDay|[upkeep]
|-heal|p1a: Clodsire|100/100 brn|[from] item: Leftovers
|-damage|p1a: Clodsire|94/100 brn|[from] brn
|upkeep
|
|t:|1760444537
|switch|p2a: Brute Bonnet|Brute Bonnet|11/100
|-heal|p2a: Brute Bonnet|100/100|[from] move: Healing Wish
|-damage|p2a: Brute Bonnet|88/100|[from] Stealth Rock
|-activate|p2a: Brute Bonnet|ability: Protosynthesis
|-start|p2a: Brute Bonnet|protosynthesisatk
|turn|29
|
|t:|1760444544
|-end|p2a: Brute Bonnet|Protosynthesis|[silent]
|switch|p2a: Vileplume|Vileplume, F|81/100
|-damage|p2a: Vileplume|68/100|[from] Stealth Rock
|move|p1a: Clodsire|Toxic|p2a: Vileplume
|-immune|p2a: Vileplume
|
|-weather|SunnyDay|[upkeep]
|-heal|p1a: Clodsire|100/100 brn|[from] item: Leftovers
|-damage|p1a: Clodsire|94/100 brn|[from] brn
|upkeep
|turn|30
|
|t:|1760444551
|switch|p1a: Gliscor|Gliscor, F, shiny|30/100 tox
|move|p2a: Vileplume|Strength Sap|p1a: Gliscor
|-unboost|p1a: Gliscor|atk|1
|-heal|p2a: Vileplume|100/100
|
|-weather|SunnyDay|[upkeep]
|-heal|p1a: Gliscor|42/100 tox|[from] ability: Poison Heal
|upkeep
|turn|31
|
|t:|1760444558
|move|p1a: Gliscor|Protect|p1a: Gliscor
|-singleturn|p1a: Gliscor|Protect
|move|p2a: Vileplume|Weather Ball|p1a: Gliscor
|-activate|p1a: Gliscor|move: Protect
|
|-weather|none
|-heal|p1a: Gliscor|54/100 tox|[from] ability: Poison Heal
|upkeep
|turn|32
|
|t:|1760444571
|switch|p1a: Goodra|Goodra-Hisui, F|78/100
|move|p2a: Vileplume|Moonblast|p1a: Goodra
|-damage|p1a: Goodra|58/100
|-damage|p2a: Vileplume|91/100|[from] item: Life Orb
|
|-heal|p1a: Goodra|64/100|[from] item: Leftovers
|upkeep
|turn|33
|
|t:|1760444578
|move|p2a: Vileplume|Moonblast|p1a: Goodra
|-damage|p1a: Goodra|46/100
|-damage|p2a: Vileplume|81/100|[from] item: Life Orb
|move|p1a: Goodra|Dragon Tail|p2a: Vileplume
|-damage|p2a: Vileplume|54/100
|drag|p2a: Brute Bonnet|Brute Bonnet|88/100
|-damage|p2a: Brute Bonnet|76/100|[from] Stealth Rock
|-enditem|p2a: Brute Bonnet|Booster Energy
|-activate|p2a: Brute Bonnet|ability: Protosynthesis|[fromitem]
|-start|p2a: Brute Bonnet|protosynthesisatk
|
|-heal|p1a: Goodra|52/100|[from] item: Leftovers
|upkeep
|turn|34
|
|t:|1760444588
|-terastallize|p2a: Brute Bonnet|Fairy
|move|p2a: Brute Bonnet|Crunch|p1a: Goodra
|-damage|p1a: Goodra|12/100
|-unboost|p1a: Goodra|def|1
|-ability|p1a: Goodra|Gooey
|-unboost|p2a: Brute Bonnet|spe|1
|move|p1a: Goodra|Dragon Tail|p2a: Brute Bonnet
|-immune|p2a: Brute Bonnet
|
|-heal|p1a: Goodra|18/100|[from] item: Leftovers
|upkeep
|turn|35
|
|t:|1760444607
|move|p1a: Goodra|Heavy Slam|p2a: Brute Bonnet
|-supereffective|p2a: Brute Bonnet
|-damage|p2a: Brute Bonnet|13/100
|move|p2a: Brute Bonnet|Trailblaze|p1a: Goodra
|-resisted|p1a: Goodra
|-damage|p1a: Goodra|8/100
|-boost|p2a: Brute Bonnet|spe|1
|-ability|p1a: Goodra|Gooey
|-unboost|p2a: Brute Bonnet|spe|1
|
|-heal|p1a: Goodra|14/100|[from] item: Leftovers
|upkeep
|turn|36
|
|t:|1760444612
|move|p1a: Goodra|Heavy Slam|p2a: Brute Bonnet
|-supereffective|p2a: Brute Bonnet
|-damage|p2a: Brute Bonnet|0 fnt
|faint|p2a: Brute Bonnet
|-end|p2a: Brute Bonnet|Protosynthesis|[silent]
|
|-heal|p1a: Goodra|20/100|[from] item: Leftovers
|upkeep
|
|t:|1760444615
|switch|p2a: Vileplume|Vileplume, F|54/100
|-damage|p2a: Vileplume|41/100|[from] Stealth Rock
|turn|37
|
|t:|1760444619
|move|p2a: Vileplume|Strength Sap|p1a: Goodra
|-unboost|p1a: Goodra|atk|1
|-heal|p2a: Vileplume|100/100
|move|p1a: Goodra|Dragon Tail|p2a: Vileplume
|-damage|p2a: Vileplume|82/100
|drag|p2a: Walking Wake|Walking Wake|43/100
|
|-heal|p1a: Goodra|26/100|[from] item: Leftovers
|upkeep
|turn|38
|
|t:|1760444623
|move|p2a: Walking Wake|Dragon Pulse|p1a: Goodra
|-damage|p1a: Goodra|3/100
|move|p1a: Goodra|Dragon Tail|p2a: Walking Wake
|-supereffective|p2a: Walking Wake
|-damage|p2a: Walking Wake|11/100
|-end|p2a: Walking Wake|Protosynthesis|[silent]
|drag|p2a: Vileplume|Vileplume, F|82/100
|-damage|p2a: Vileplume|69/100|[from] Stealth Rock
|
|-heal|p1a: Goodra|9/100|[from] item: Leftovers
|upkeep
|turn|39
|
|t:|1760444632
|move|p2a: Vileplume|Moonblast|p1a: Goodra
|-damage|p1a: Goodra|0 fnt
|faint|p1a: Goodra
|-damage|p2a: Vileplume|59/100|[from] item: Life Orb
|
|upkeep
|
|t:|1760444641
|switch|p1a: Gliscor|Gliscor, F, shiny|54/100 tox
|turn|40
|
|t:|1760444646
|move|p1a: Gliscor|Protect|p1a: Gliscor
|-singleturn|p1a: Gliscor|Protect
|move|p2a: Vileplume|Strength Sap|p1a: Gliscor
|-activate|p1a: Gliscor|move: Protect
|
|-heal|p1a: Gliscor|67/100 tox|[from] ability: Poison Heal
|upkeep
|turn|41
|
|t:|1760444650
|move|p1a: Gliscor|Swords Dance|p1a: Gliscor
|-boost|p1a: Gliscor|atk|2
|move|p2a: Vileplume|Strength Sap|p1a: Gliscor
|-unboost|p1a: Gliscor|atk|1
|-heal|p2a: Vileplume|100/100
|
|-heal|p1a: Gliscor|79/100 tox|[from] ability: Poison Heal
|upkeep
|turn|42
|
|t:|1760444654
|move|p1a: Gliscor|Earthquake|p2a: Vileplume
|-damage|p2a: Vileplume|32/100
|move|p2a: Vileplume|Moonblast|p1a: Gliscor
|-damage|p1a: Gliscor|31/100 tox
|-damage|p2a: Vileplume|22/100|[from] item: Life Orb
|
|-heal|p1a: Gliscor|44/100 tox|[from] ability: Poison Heal
|upkeep
|turn|43
|
|t:|1760444658
|move|p1a: Gliscor|Protect|p1a: Gliscor
|-singleturn|p1a: Gliscor|Protect
|move|p2a: Vileplume|Strength Sap|p1a: Gliscor
|-activate|p1a: Gliscor|move: Protect
|
|-heal|p1a: Gliscor|56/100 tox|[from] ability: Poison Heal
|upkeep
|turn|44
|
|t:|1760444661
|move|p1a: Gliscor|Earthquake|p2a: Vileplume
|-damage|p2a: Vileplume|0 fnt
|faint|p2a: Vileplume
|
|-heal|p1a: Gliscor|69/100 tox|[from] ability: Poison Heal
|upkeep
|
|t:|1760444663
|switch|p2a: Walking Wake|Walking Wake|11/100
|turn|45
|
|t:|1760444669
|-terastallize|p1a: Gliscor|Water
|move|p2a: Walking Wake|Hydro Steam|p1a: Gliscor
|-resisted|p1a: Gliscor
|-damage|p1a: Gliscor|46/100 tox
|move|p1a: Gliscor|Earthquake|p2a: Walking Wake
|-damage|p2a: Walking Wake|0 fnt
|faint|p2a: Walking Wake
|-end|p2a: Walking Wake|Protosynthesis|[silent]
|
|win|ayyyyyyuhsucconme
|raw|ayyyyyyuhsucconme's rating: 1280 &rarr; <strong>1301</strong><br />(+21 for winning)
|raw|chilloud1's rating: 1217 &rarr; <strong>1196</strong><br />(-21 for losing)
|l|☆ayyyyyyuhsucconme
|player|p1|
|l|☆chilloud1
|player|p2|
