|j|☆FritzyHeroes
|j|☆Swankentora
|t:|1760305388
|gametype|singles
|player|p1|FritzyHeroes|lucas|1391
|player|p2|Swankentora|n|1443
|gen|9
|tier|[Gen 9] OU
|rated|
|rule|HP Percentage Mod: HP is shown in percentages
|rule|Endless Battle Clause: Forcing endless battles is banned
|rule|Species Clause: Limit one of each Pokémon
|rule|OHKO Clause: OHKO moves are banned
|rule|Evasion Items Clause: Evasion items are banned
|rule|Evasion Moves Clause: Evasion moves are banned
|rule|Evasion Abilities Clause: Evasion abilities are banned
|rule|Sleep Moves Clause: Sleep-inducing moves are banned
|clearpoke
|poke|p1|Scizor, M|
|poke|p1|Raging Bolt|
|poke|p1|Slowking-Galar, M|
|poke|p1|Ogerpon-Wellspring, F|
|poke|p1|Great Tusk|
|poke|p1|Landorus-Therian, M|
|poke|p2|Samurott-Hisui, M|
|poke|p2|Heatran, F|
|poke|p2|Latios, M|
|poke|p2|Iron Valiant|
|poke|p2|Iron Treads|
|poke|p2|Dragapult, M|
|teampreview
|inactive|Battle timer is ON: inactive players will automatically lose when time's up. (requested by FritzyHeroes)
|
|t:|1760305395
|teamsize|p1|6
|teamsize|p2|6
|start
|switch|p1a: Ogerpon|Ogerpon-Wellspring, F|100/100
|switch|p2a: Dragapult|Dragapult, M|100/100
|turn|1
|
|t:|1760305405
|move|p2a: Dragapult|Dragon Darts|p1a: Ogerpon
|-damage|p1a: Ogerpon|54/100
|-anim|p2a: Dragapult|Dragon Darts|p1a: Ogerpon
|-damage|p1a: Ogerpon|5/100
|move|p1a: Ogerpon|Play Rough|p2a: Dragapult
|-supereffective|p2a: Dragapult
|-damage|p2a: Dragapult|3/100
|
|upkeep
|turn|2
|
|t:|1760305412
|switch|p1a: Scizor|Scizor, M|100/100
|move|p2a: Dragapult|Dragon Darts|p1a: Scizor
|-resisted|p1a: Scizor
|-damage|p1a: Scizor|79/100
|-anim|p2a: Dragapult|Dragon Darts|p1a: Scizor
|-resisted|p1a: Scizor
|-damage|p1a: Scizor|57/100
|
|upkeep
|turn|3
|
|t:|1760305420
|switch|p2a: Heatran|Heatran, F|100/100
|move|p1a: Scizor|Bullet Punch|p2a: Heatran
|-resisted|p2a: Heatran
|-damage|p2a: Heatran|93/100
|-damage|p1a: Scizor|41/100|[from] item: Rocky Helmet|[of] p2a: Heatran
|
|upkeep
|turn|4
|
|t:|1760305431
|switch|p1a: Landorus|Landorus-Therian, M|100/100
|-ability|p1a: Landorus|Intimidate|boost
|-unboost|p2a: Heatran|atk|1
|move|p2a: Heatran|Lava Plume|p1a: Landorus
|-damage|p1a: Landorus|63/100
|
|upkeep
|turn|5
|
|t:|1760305438
|switch|p2a: Latios|Latios, M|100/100
|move|p1a: Landorus|Stealth Rock|p2a: Latios
|-sidestart|p2: Swankentora|move: Stealth Rock
|
|upkeep
|turn|6
|
|t:|1760305444
|move|p2a: Latios|Draco Meteor|p1a: Landorus
|-damage|p1a: Landorus|0 fnt
|-unboost|p2a: Latios|spa|2
|faint|p1a: Landorus
|
|upkeep
|
|t:|1760305449
|switch|p1a: Scizor|Scizor, M|41/100
|turn|7
|
|t:|1760305453
|switch|p2a: Heatran|Heatran, F|93/100
|-damage|p2a: Heatran|80/100|[from] Stealth Rock
|move|p1a: Scizor|U-turn|p2a: Heatran
|-resisted|p2a: Heatran
|-damage|p2a: Heatran|71/100
|-damage|p1a: Scizor|24/100|[from] item: Rocky Helmet|[of] p2a: Heatran
|
|t:|1760305458
|switch|p1a: Ogerpon|Ogerpon-Wellspring, F|5/100|[from] U-turn
|
|upkeep
|turn|8
|
|t:|1760305465
|switch|p2a: Samurott|Samurott-Hisui, M|100/100
|-damage|p2a: Samurott|88/100|[from] Stealth Rock
|move|p1a: Ogerpon|Ivy Cudgel|p2a: Samurott|[anim] Ivy Cudgel Water
|-resisted|p2a: Samurott
|-damage|p2a: Samurott|55/100
|
|upkeep
|turn|9
|
|t:|1760305468
|move|p2a: Samurott|Sucker Punch|p1a: Ogerpon
|-damage|p1a: Ogerpon|0 fnt
|faint|p1a: Ogerpon
|
|upkeep
|-message|FritzyHeroes forfeited.
|
|win|Swankentora
|raw|FritzyHeroes's rating: 1391 &rarr; <strong>1374</strong><br />(-17 for losing)
|raw|Swankentora's rating: 1443 &rarr; <strong>1460</strong><br />(+17 for winning)
|l|☆FritzyHeroes
|player|p1|
