|j|☆Mortifi
|j|☆King_Jamy
|t:|1760431362
|gametype|singles
|player|p1|Mortifi|pokemaniac|1548
|player|p2|King_Jamy|169|1552
|gen|9
|tier|[Gen 9] OU
|rated|
|rule|HP Percentage Mod: HP is shown in percentages
|rule|Endless Battle Clause: Forcing endless battles is banned
|rule|Species Clause: Limit one of each Pokémon
|rule|OHKO Clause: OHKO moves are banned
|rule|Evasion Items Clause: Evasion items are banned
|rule|Evasion Moves Clause: Evasion moves are banned
|rule|Evasion Abilities Clause: Evasion abilities are banned
|rule|Sleep Moves Clause: Sleep-inducing moves are banned
|clearpoke
|poke|p1|Kyurem|
|poke|p1|Weezing-Galar, M|
|poke|p1|Rillaboom, M|
|poke|p1|Iron Crown|
|poke|p1|Tornadus-Therian, M|
|poke|p1|Ting-Lu|
|poke|p2|Slither Wing|
|poke|p2|Alomomola, M|
|poke|p2|Iron Treads|
|poke|p2|Zapdos|
|poke|p2|Kyurem|
|poke|p2|Dragapult, M|
|teampreview
|
|t:|1760431380
|teamsize|p1|6
|teamsize|p2|6
|start
|switch|p1a: Weezing|Weezing-Galar, M|100/100
|switch|p2a: Slither Wing|Slither Wing|100/100
|-ability|p1a: Weezing|Neutralizing Gas
|turn|1
|
|t:|1760431388
|move|p2a: Slither Wing|U-turn|p1a: Weezing
|-resisted|p1a: Weezing
|-damage|p1a: Weezing|95/100
|
|t:|1760431396
|-end|p2a: Slither Wing|Protosynthesis|[silent]
|switch|p2a: Zapdos|Zapdos|100/100|[from] U-turn
|move|p1a: Weezing|Will-O-Wisp|p2a: Zapdos
|-status|p2a: Zapdos|brn
|
|-damage|p2a: Zapdos|94/100 brn|[from] brn
|upkeep
|turn|2
|
|t:|1760431404
|-end|p1a: Weezing|ability: Neutralizing Gas
|switch|p1a: Ting-Lu|Ting-Lu|100/100
|-ability|p1a: Ting-Lu|Vessel of Ruin
|move|p2a: Zapdos|Thunder Wave|p1a: Ting-Lu
|-immune|p1a: Ting-Lu
|
|-damage|p2a: Zapdos|88/100 brn|[from] brn
|upkeep
|turn|3
|
|t:|1760431414
|switch|p2a: Slither Wing|Slither Wing|100/100
|move|p1a: Ting-Lu|Stealth Rock|p2a: Slither Wing
|-sidestart|p2: King_Jamy|move: Stealth Rock
|
|upkeep
|turn|4
|
|t:|1760431419
|switch|p1a: Weezing|Weezing-Galar, M|95/100
|-ability|p1a: Weezing|Neutralizing Gas
|move|p2a: Slither Wing|Will-O-Wisp|p1a: Weezing
|-status|p1a: Weezing|brn
|
|-damage|p1a: Weezing|89/100 brn|[from] brn
|upkeep
|turn|5
|
|t:|1760431428
|move|p2a: Slither Wing|U-turn|p1a: Weezing
|-resisted|p1a: Weezing
|-damage|p1a: Weezing|85/100 brn
|
|t:|1760431431
|-end|p2a: Slither Wing|Protosynthesis|[silent]
|switch|p2a: Zapdos|Zapdos|88/100 brn|[from] U-turn
|move|p1a: Weezing|Strange Steam|p2a: Zapdos
|-damage|p2a: Zapdos|61/100 brn
|
|-damage|p2a: Zapdos|55/100 brn|[from] brn
|-damage|p1a: Weezing|79/100 brn|[from] brn
|upkeep
|turn|6
|
|t:|1760431441
|-end|p1a: Weezing|ability: Neutralizing Gas
|switch|p1a: Ting-Lu|Ting-Lu|100/100
|-ability|p1a: Ting-Lu|Vessel of Ruin
|move|p2a: Zapdos|Volt Switch|p1a: Ting-Lu
|-immune|p1a: Ting-Lu
|
|-damage|p2a: Zapdos|49/100 brn|[from] brn
|upkeep
|turn|7
|
|t:|1760431450
|move|p2a: Zapdos|Roost|p2a: Zapdos
|-heal|p2a: Zapdos|99/100 brn
|-singleturn|p2a: Zapdos|move: Roost
|move|p1a: Ting-Lu|Ruination|p2a: Zapdos
|-damage|p2a: Zapdos|50/100 brn
|
|-damage|p2a: Zapdos|44/100 brn|[from] brn
|upkeep
|turn|8
|
|t:|1760431458
|switch|p2a: Slither Wing|Slither Wing|100/100
|-damage|p2a: Slither Wing|88/100|[from] Stealth Rock
|move|p1a: Ting-Lu|Ruination|p2a: Slither Wing
|-damage|p2a: Slither Wing|44/100
|
|upkeep
|turn|9
|
|t:|1760431473
|switch|p1a: Tornadus|Tornadus-Therian, M|100/100
|move|p2a: Slither Wing|Morning Sun|p2a: Slither Wing
|-heal|p2a: Slither Wing|94/100
|
|upkeep
|turn|10
|
|t:|1760431481
|-end|p2a: Slither Wing|Protosynthesis|[silent]
|switch|p2a: Zapdos|Zapdos|44/100 brn
|move|p1a: Tornadus|Knock Off|p2a: Zapdos
|-damage|p2a: Zapdos|30/100 brn
|-enditem|p2a: Zapdos|Heavy-Duty Boots|[from] move: Knock Off|[of] p1a: Tornadus
|
|-damage|p2a: Zapdos|24/100 brn|[from] brn
|upkeep
|turn|11
|inactive|Battle timer is ON: inactive players will automatically lose when time's up. (requested by Mortifi)
|
|t:|1760431534
|switch|p1a: Ting-Lu|Ting-Lu|100/100
|-ability|p1a: Ting-Lu|Vessel of Ruin
|move|p2a: Zapdos|Volt Switch|p1a: Ting-Lu
|-immune|p1a: Ting-Lu
|
|-damage|p2a: Zapdos|18/100 brn|[from] brn
|upkeep
|turn|12
|
|t:|1760431547
|move|p2a: Zapdos|Roost|p2a: Zapdos
|-heal|p2a: Zapdos|68/100 brn
|-singleturn|p2a: Zapdos|move: Roost
|move|p1a: Ting-Lu|Ruination|p2a: Zapdos
|-damage|p2a: Zapdos|34/100 brn
|
|-damage|p2a: Zapdos|28/100 brn|[from] brn
|upkeep
|turn|13
|j| Nameless Moron
|inactive|King_Jamy has 120 seconds left.
|
|t:|1760431605
|move|p2a: Zapdos|Roost|p2a: Zapdos
|-heal|p2a: Zapdos|79/100 brn
|-singleturn|p2a: Zapdos|move: Roost
|move|p1a: Ting-Lu|Ruination|p2a: Zapdos
|-damage|p2a: Zapdos|40/100 brn
|
|-damage|p2a: Zapdos|34/100 brn|[from] brn
|upkeep
|turn|14
|
|t:|1760431614
|switch|p2a: Alomomola|Alomomola, M|100/100
|move|p1a: Ting-Lu|Ruination|p2a: Alomomola
|-damage|p2a: Alomomola|50/100
|
|upkeep
|turn|15
|
|t:|1760431631
|move|p2a: Alomomola|Flip Turn|p1a: Ting-Lu
|-supereffective|p1a: Ting-Lu
|-damage|p1a: Ting-Lu|82/100
|
|t:|1760431638
|switch|p2a: Slither Wing|Slither Wing|94/100|[from] Flip Turn
|-damage|p2a: Slither Wing|82/100|[from] Stealth Rock
|move|p1a: Ting-Lu|Whirlwind|p2a: Slither Wing
|-end|p2a: Slither Wing|Protosynthesis|[silent]
|drag|p2a: Dragapult|Dragapult, M|100/100
|-damage|p2a: Dragapult|88/100|[from] Stealth Rock
|
|-heal|p1a: Ting-Lu|88/100|[from] item: Leftovers
|upkeep
|turn|16
|
|t:|1760431649
|move|p2a: Dragapult|U-turn|p1a: Ting-Lu
|-supereffective|p1a: Ting-Lu
|-damage|p1a: Ting-Lu|70/100
|inactive|King_Jamy has 120 seconds left.
|
|t:|1760431655
|switch|p2a: Slither Wing|Slither Wing|82/100|[from] U-turn
|-damage|p2a: Slither Wing|70/100|[from] Stealth Rock
|move|p1a: Ting-Lu|Ruination|p2a: Slither Wing
|-damage|p2a: Slither Wing|35/100
|
|-heal|p1a: Ting-Lu|76/100|[from] item: Leftovers
|upkeep
|turn|17
|
|t:|1760431664
|switch|p1a: Tornadus|Tornadus-Therian, M|100/100
|move|p2a: Slither Wing|Body Press|p1a: Tornadus
|-resisted|p1a: Tornadus
|-damage|p1a: Tornadus|80/100
|
|upkeep
|turn|18
|
|t:|1760431670
|move|p1a: Tornadus|Bleakwind Storm|p2a: Slither Wing
|-supereffective|p2a: Slither Wing
|-damage|p2a: Slither Wing|0 fnt
|faint|p2a: Slither Wing
|-end|p2a: Slither Wing|Protosynthesis|[silent]
|
|upkeep
|
|t:|1760431673
|switch|p2a: Kyurem|Kyurem|100/100
|-damage|p2a: Kyurem|76/100|[from] Stealth Rock
|-ability|p2a: Kyurem|Pressure
|turn|19
|
|t:|1760431680
|move|p1a: Tornadus|U-turn|p2a: Kyurem
|-damage|p2a: Kyurem|61/100
|
|t:|1760431684
|switch|p1a: Iron Crown|Iron Crown|100/100|[from] U-turn
|move|p2a: Kyurem|Dragon Dance|p2a: Kyurem
|-boost|p2a: Kyurem|atk|1
|-boost|p2a: Kyurem|spe|1
|
|upkeep
|turn|20
|
|t:|1760431694
|-terastallize|p2a: Kyurem|Fire
|move|p2a: Kyurem|Dragon Dance|p2a: Kyurem
|-boost|p2a: Kyurem|atk|1
|-boost|p2a: Kyurem|spe|1
|move|p1a: Iron Crown|Tachyon Cutter|p2a: Kyurem
|-resisted|p2a: Kyurem
|-damage|p2a: Kyurem|49/100
|-resisted|p2a: Kyurem
|-damage|p2a: Kyurem|37/100
|-hitcount|p2a: Kyurem|2
|
|upkeep
|turn|21
|
|t:|1760431707
|move|p2a: Kyurem|Tera Blast|p1a: Iron Crown|[anim] Tera Blast Fire
|-supereffective|p1a: Iron Crown
|-damage|p1a: Iron Crown|0 fnt
|faint|p1a: Iron Crown
|-end|p1a: Iron Crown|Quark Drive|[silent]
|
|upkeep
|inactive|Mortifi has 120 seconds left.
|
|t:|1760431737
|switch|p1a: Rillaboom|Rillaboom, M|100/100
|-fieldstart|move: Grassy Terrain|[from] ability: Grassy Surge|[of] p1a: Rillaboom
|turn|22
|
|t:|1760431742
|-terastallize|p1a: Rillaboom|Grass
|move|p1a: Rillaboom|Grassy Glide|p2a: Kyurem
|-resisted|p2a: Kyurem
|-damage|p2a: Kyurem|0 fnt
|faint|p2a: Kyurem
|
|upkeep
|
|t:|1760431749
|switch|p2a: Zapdos|Zapdos|34/100 brn
|-damage|p2a: Zapdos|9/100 brn|[from] Stealth Rock
|turn|23
|
|t:|1760431753
|move|p1a: Rillaboom|Grassy Glide|p2a: Zapdos
|-resisted|p2a: Zapdos
|-damage|p2a: Zapdos|0 fnt
|faint|p2a: Zapdos
|
|upkeep
|-message|King_Jamy forfeited.
|
|win|Mortifi
|raw|Mortifi's rating: 1548 &rarr; <strong>1568</strong><br />(+20 for winning)
|raw|King_Jamy's rating: 1552 &rarr; <strong>1532</strong><br />(-20 for losing)
|l|☆King_Jamy
|player|p2|
|l|☆Mortifi
|player|p1|
|l| Nameless Moron
