|j|☆S0fiane
|j|☆Nitropig
|t:|1760382870
|gametype|singles
|player|p1|S0fiane|pokefanf|1532
|player|p2|Nitropig|miku-ghost|1531
|gen|9
|tier|[Gen 9] OU
|rated|
|rule|HP Percentage Mod: HP is shown in percentages
|rule|Endless Battle Clause: Forcing endless battles is banned
|rule|Species Clause: Limit one of each Pokémon
|rule|OHKO Clause: OHKO moves are banned
|rule|Evasion Items Clause: Evasion items are banned
|rule|Evasion Moves Clause: Evasion moves are banned
|rule|Evasion Abilities Clause: Evasion abilities are banned
|rule|Sleep Moves Clause: Sleep-inducing moves are banned
|clearpoke
|poke|p1|Great Tusk|
|poke|p1|Darkrai|
|poke|p1|Ogerpon-Wellspring, F|
|poke|p1|Dragonite, M|
|poke|p1|Gholdengo|
|poke|p1|Ting-Lu|
|poke|p2|Corviknight, F|
|poke|p2|Heatran, F|
|poke|p2|Great Tusk|
|poke|p2|Toedscruel, F|
|poke|p2|Dragapult, M|
|poke|p2|Raging Bolt|
|teampreview
|inactive|Battle timer is ON: inactive players will automatically lose when time's up. (requested by Nitropig)
|inactive|S0fiane also wants the timer to be on.
|
|t:|1760382880
|teamsize|p1|6
|teamsize|p2|6
|start
|switch|p1a: Ogerpon|Ogerpon-Wellspring, F|100/100
|switch|p2a: Raging Bolt|Raging Bolt|100/100
|-enditem|p2a: Raging Bolt|Booster Energy
|-activate|p2a: Raging Bolt|ability: Protosynthesis|[fromitem]
|-start|p2a: Raging Bolt|protosynthesisspa
|turn|1
|
|t:|1760382884
|move|p1a: Ogerpon|U-turn|p2a: Raging Bolt
|-damage|p2a: Raging Bolt|78/100
|
|t:|1760382888
|switch|p1a: Ting-Lu|Ting-Lu|100/100|[from] U-turn
|-ability|p1a: Ting-Lu|Vessel of Ruin
|move|p2a: Raging Bolt|Draco Meteor|p1a: Ting-Lu
|-damage|p1a: Ting-Lu|59/100
|-unboost|p2a: Raging Bolt|spa|2
|
|-heal|p1a: Ting-Lu|65/100|[from] item: Leftovers
|upkeep
|turn|2
|
|t:|1760382897
|move|p2a: Raging Bolt|Draco Meteor|p1a: Ting-Lu
|-damage|p1a: Ting-Lu|44/100
|-unboost|p2a: Raging Bolt|spa|2
|move|p1a: Ting-Lu|Spikes|p2a: Raging Bolt
|-sidestart|p2: Nitropig|Spikes
|
|-heal|p1a: Ting-Lu|50/100|[from] item: Leftovers
|upkeep
|turn|3
|
|t:|1760382904
|-end|p2a: Raging Bolt|Protosynthesis|[silent]
|switch|p2a: Great Tusk|Great Tusk|100/100
|-damage|p2a: Great Tusk|88/100|[from] Spikes
|move|p1a: Ting-Lu|Ruination|p2a: Great Tusk
|-damage|p2a: Great Tusk|44/100
|
|-heal|p1a: Ting-Lu|56/100|[from] item: Leftovers
|upkeep
|turn|4
|
|t:|1760382909
|switch|p1a: Gholdengo|Gholdengo|100/100
|-item|p1a: Gholdengo|Air Balloon
|move|p2a: Great Tusk|Knock Off|p1a: Gholdengo
|-supereffective|p1a: Gholdengo
|-damage|p1a: Gholdengo|54/100
|-enditem|p1a: Gholdengo|Air Balloon
|
|upkeep
|turn|5
|
|t:|1760382916
|-end|p2a: Great Tusk|Protosynthesis|[silent]
|switch|p2a: Heatran|Heatran, F|100/100
|-damage|p2a: Heatran|88/100|[from] Spikes
|move|p1a: Gholdengo|Shadow Ball|p2a: Heatran
|-damage|p2a: Heatran|65/100
|
|-heal|p2a: Heatran|72/100|[from] item: Leftovers
|upkeep
|turn|6
|
|t:|1760382920
|switch|p1a: Ting-Lu|Ting-Lu|56/100
|-ability|p1a: Ting-Lu|Vessel of Ruin
|move|p2a: Heatran|Magma Storm|p1a: Ting-Lu
|-damage|p1a: Ting-Lu|39/100
|-activate|p1a: Ting-Lu|move: Magma Storm|[of] p2a: Heatran
|
|-heal|p2a: Heatran|78/100|[from] item: Leftovers
|-heal|p1a: Ting-Lu|45/100|[from] item: Leftovers
|-damage|p1a: Ting-Lu|33/100|[from] move: Magma Storm|[partiallytrapped]
|upkeep
|turn|7
|
|t:|1760382923
|move|p2a: Heatran|Taunt|p1a: Ting-Lu
|-start|p1a: Ting-Lu|move: Taunt
|cant|p1a: Ting-Lu|move: Taunt|Spikes
|
|-heal|p2a: Heatran|84/100|[from] item: Leftovers
|-heal|p1a: Ting-Lu|39/100|[from] item: Leftovers
|-damage|p1a: Ting-Lu|27/100|[from] move: Magma Storm|[partiallytrapped]
|upkeep
|turn|8
|
|t:|1760382927
|move|p2a: Heatran|Protect|p2a: Heatran
|-singleturn|p2a: Heatran|Protect
|move|p1a: Ting-Lu|Ruination|p2a: Heatran
|-activate|p2a: Heatran|move: Protect
|
|-heal|p2a: Heatran|90/100|[from] item: Leftovers
|-heal|p1a: Ting-Lu|33/100|[from] item: Leftovers
|-damage|p1a: Ting-Lu|20/100|[from] move: Magma Storm|[partiallytrapped]
|upkeep
|turn|9
|
|t:|1760382932
|move|p2a: Heatran|Earth Power|p1a: Ting-Lu
|-damage|p1a: Ting-Lu|9/100
|move|p1a: Ting-Lu|Earthquake|p2a: Heatran
|-supereffective|p2a: Heatran
|-crit|p2a: Heatran
|-damage|p2a: Heatran|0 fnt
|faint|p2a: Heatran
|
|-heal|p1a: Ting-Lu|15/100|[from] item: Leftovers
|-end|p1a: Ting-Lu|Magma Storm|[partiallytrapped]|[silent]
|-end|p1a: Ting-Lu|move: Taunt
|upkeep
|
|t:|1760382945
|switch|p2a: Great Tusk|Great Tusk|44/100
|-damage|p2a: Great Tusk|32/100|[from] Spikes
|turn|10
|
|t:|1760382947
|switch|p1a: Gholdengo|Gholdengo|54/100
|move|p2a: Great Tusk|Headlong Rush|p1a: Gholdengo
|-supereffective|p1a: Gholdengo
|-damage|p1a: Gholdengo|0 fnt
|-unboost|p2a: Great Tusk|def|1
|-unboost|p2a: Great Tusk|spd|1
|faint|p1a: Gholdengo
|
|upkeep
|
|t:|1760382950
|switch|p1a: Ogerpon|Ogerpon-Wellspring, F|100/100
|turn|11
|
|t:|1760382953
|-end|p2a: Great Tusk|Protosynthesis|[silent]
|switch|p2a: Corviknight|Corviknight, F|100/100
|-ability|p2a: Corviknight|Pressure
|move|p1a: Ogerpon|Knock Off|p2a: Corviknight
|-damage|p2a: Corviknight|76/100
|-damage|p1a: Ogerpon|84/100|[from] item: Rocky Helmet|[of] p2a: Corviknight
|-enditem|p2a: Corviknight|Rocky Helmet|[from] move: Knock Off|[of] p1a: Ogerpon
|
|upkeep
|turn|12
|
|t:|1760382959
|-terastallize|p1a: Ogerpon|Water
|detailschange|p1a: Ogerpon|Ogerpon-Wellspring-Tera, F, tera:Water
|-ability|p1a: Ogerpon|Embody Aspect (Wellspring)|boost
|-boost|p1a: Ogerpon|spd|1
|move|p1a: Ogerpon|Ivy Cudgel|p2a: Corviknight|[anim] Ivy Cudgel Water
|-damage|p2a: Corviknight|28/100
|move|p2a: Corviknight|Iron Defense|p2a: Corviknight
|-boost|p2a: Corviknight|def|2
|
|upkeep
|turn|13
|
|t:|1760382966
|move|p1a: Ogerpon|Ivy Cudgel|p2a: Corviknight|[anim] Ivy Cudgel Water
|-damage|p2a: Corviknight|5/100
|move|p2a: Corviknight|Roost|p2a: Corviknight
|-heal|p2a: Corviknight|55/100
|-singleturn|p2a: Corviknight|move: Roost
|
|upkeep
|turn|14
|
|t:|1760382971
|switch|p1a: Darkrai|Darkrai|100/100
|move|p2a: Corviknight|Roost|p2a: Corviknight
|-heal|p2a: Corviknight|100/100
|-singleturn|p2a: Corviknight|move: Roost
|
|upkeep
|turn|15
|
|t:|1760382975
|move|p1a: Darkrai|Dark Pulse|p2a: Corviknight
|-damage|p2a: Corviknight|65/100
|cant|p2a: Corviknight|flinch
|
|upkeep
|turn|16
|
|t:|1760382979
|move|p1a: Darkrai|Dark Pulse|p2a: Corviknight
|-damage|p2a: Corviknight|27/100
|move|p2a: Corviknight|Body Press|p1a: Darkrai
|-supereffective|p1a: Darkrai
|-damage|p1a: Darkrai|0 fnt
|faint|p1a: Darkrai
|
|upkeep
|
|t:|1760382990
|switch|p1a: Dragonite|Dragonite, M|100/100
|turn|17
|
|t:|1760382993
|move|p2a: Corviknight|Roost|p2a: Corviknight
|-heal|p2a: Corviknight|77/100
|-singleturn|p2a: Corviknight|move: Roost
|move|p1a: Dragonite|Dragon Tail|p2a: Corviknight
|-resisted|p2a: Corviknight
|-damage|p2a: Corviknight|73/100
|drag|p2a: Dragapult|Dragapult, M|100/100
|-damage|p2a: Dragapult|88/100|[from] Spikes
|
|upkeep
|turn|18
|
|t:|1760382998
|move|p2a: Dragapult|U-turn|p1a: Dragonite
|-resisted|p1a: Dragonite
|-damage|p1a: Dragonite|97/100
|
|t:|1760383000
|switch|p2a: Corviknight|Corviknight, F|73/100|[from] U-turn
|-ability|p2a: Corviknight|Pressure
|move|p1a: Dragonite|Dragon Tail|p2a: Corviknight
|-resisted|p2a: Corviknight
|-damage|p2a: Corviknight|62/100
|drag|p2a: Toedscruel|Toedscruel, F|100/100
|-damage|p2a: Toedscruel|88/100|[from] Spikes
|
|upkeep
|turn|19
|
|t:|1760383013
|switch|p1a: Ting-Lu|Ting-Lu|15/100
|-ability|p1a: Ting-Lu|Vessel of Ruin
|move|p2a: Toedscruel|Toxic|p1a: Ting-Lu
|-status|p1a: Ting-Lu|tox
|
|-heal|p1a: Ting-Lu|21/100 tox|[from] item: Leftovers
|-damage|p1a: Ting-Lu|15/100 tox|[from] psn
|upkeep
|turn|20
|
|t:|1760383019
|move|p2a: Toedscruel|Rapid Spin|p1a: Ting-Lu
|-damage|p1a: Ting-Lu|11/100 tox
|-boost|p2a: Toedscruel|spe|1
|-sideend|p2: Nitropig|Spikes|[from] move: Rapid Spin|[of] p2a: Toedscruel
|move|p1a: Ting-Lu|Spikes|p2a: Toedscruel
|-sidestart|p2: Nitropig|Spikes
|
|-heal|p1a: Ting-Lu|17/100 tox|[from] item: Leftovers
|-damage|p1a: Ting-Lu|5/100 tox|[from] psn
|upkeep
|turn|21
|
|t:|1760383025
|move|p2a: Toedscruel|Rapid Spin|p1a: Ting-Lu
|-damage|p1a: Ting-Lu|0 fnt
|-boost|p2a: Toedscruel|spe|1
|-sideend|p2: Nitropig|Spikes|[from] move: Rapid Spin|[of] p2a: Toedscruel
|faint|p1a: Ting-Lu
|
|upkeep
|
|t:|1760383028
|switch|p1a: Ogerpon|Ogerpon-Wellspring-Tera, F, tera:Water|84/100
|-ability|p1a: Ogerpon|Embody Aspect (Wellspring)|boost
|-boost|p1a: Ogerpon|spd|1
|turn|22
|
|t:|1760383033
|move|p1a: Ogerpon|Ivy Cudgel|p2a: Toedscruel|[anim] Ivy Cudgel Water
|-damage|p2a: Toedscruel|0 fnt
|faint|p2a: Toedscruel
|
|upkeep
|
|t:|1760383039
|switch|p2a: Great Tusk|Great Tusk|32/100
|turn|23
|
|t:|1760383042
|-terastallize|p2a: Great Tusk|Fighting
|move|p2a: Great Tusk|Close Combat|p1a: Ogerpon
|-damage|p1a: Ogerpon|0 fnt
|-unboost|p2a: Great Tusk|def|1
|-unboost|p2a: Great Tusk|spd|1
|faint|p1a: Ogerpon
|detailschange|p1: Ogerpon|Ogerpon-Wellspring, F|[silent]
|
|upkeep
|
|t:|1760383048
|switch|p1a: Dragonite|Dragonite, M|97/100
|turn|24
|
|t:|1760383054
|-end|p2a: Great Tusk|Protosynthesis|[silent]
|switch|p2a: Raging Bolt|Raging Bolt|78/100
|move|p1a: Dragonite|Dragon Tail|p2a: Raging Bolt
|-supereffective|p2a: Raging Bolt
|-damage|p2a: Raging Bolt|22/100
|-end|p2a: Raging Bolt|Protosynthesis|[silent]
|drag|p2a: Corviknight|Corviknight, F|62/100
|-ability|p2a: Corviknight|Pressure
|
|upkeep
|turn|25
|
|t:|1760383062
|move|p2a: Corviknight|Roost|p2a: Corviknight
|-heal|p2a: Corviknight|100/100
|-singleturn|p2a: Corviknight|move: Roost
|move|p1a: Dragonite|Dragon Tail|p2a: Corviknight|[miss]
|-miss|p1a: Dragonite|p2a: Corviknight
|
|upkeep
|turn|26
|
|t:|1760383067
|move|p2a: Corviknight|Body Press|p1a: Dragonite
|-resisted|p1a: Dragonite
|-damage|p1a: Dragonite|85/100
|move|p1a: Dragonite|Dragon Tail|p2a: Corviknight|[miss]
|-miss|p1a: Dragonite|p2a: Corviknight
|
|upkeep
|turn|27
|
|t:|1760383072
|move|p1a: Dragonite|Roost|p1a: Dragonite
|-heal|p1a: Dragonite|100/100
|-singleturn|p1a: Dragonite|move: Roost
|move|p2a: Corviknight|Body Press|p1a: Dragonite
|-damage|p1a: Dragonite|89/100
|
|upkeep
|turn|28
|
|t:|1760383075
|move|p2a: Corviknight|Body Press|p1a: Dragonite
|-resisted|p1a: Dragonite
|-damage|p1a: Dragonite|78/100
|move|p1a: Dragonite|Dragon Tail|p2a: Corviknight|[miss]
|-miss|p1a: Dragonite|p2a: Corviknight
|
|upkeep
|turn|29
|
|t:|1760383079
|move|p1a: Dragonite|Roost|p1a: Dragonite
|-heal|p1a: Dragonite|100/100
|-singleturn|p1a: Dragonite|move: Roost
|move|p2a: Corviknight|Body Press|p1a: Dragonite
|-damage|p1a: Dragonite|88/100
|
|upkeep
|turn|30
|
|t:|1760383081
|switch|p1a: Great Tusk|Great Tusk|100/100
|move|p2a: Corviknight|Body Press|p1a: Great Tusk
|-damage|p1a: Great Tusk|81/100
|
|upkeep
|turn|31
|
|t:|1760383083
|move|p1a: Great Tusk|Stealth Rock|p2a: Corviknight
|-sidestart|p2: Nitropig|move: Stealth Rock
|move|p2a: Corviknight|Iron Defense|p2a: Corviknight
|-boost|p2a: Corviknight|def|2
|
|upkeep
|turn|32
|
|t:|1760383086
|-end|p1a: Great Tusk|Protosynthesis|[silent]
|switch|p1a: Dragonite|Dragonite, M|88/100
|move|p2a: Corviknight|Defog|p1a: Dragonite
|-unboost|p1a: Dragonite|evasion|1
|-sideend|p2: Nitropig|Stealth Rock|[from] move: Defog|[of] p2a: Corviknight
|
|upkeep
|turn|33
|
|t:|1760383087
|move|p2a: Corviknight|Body Press|p1a: Dragonite
|-resisted|p1a: Dragonite
|-damage|p1a: Dragonite|63/100
|move|p1a: Dragonite|Dragon Tail|p2a: Corviknight
|-resisted|p2a: Corviknight
|-damage|p2a: Corviknight|96/100
|drag|p2a: Raging Bolt|Raging Bolt|22/100
|
|upkeep
|turn|34
|
|t:|1760383091
|move|p1a: Dragonite|Extreme Speed|p2a: Raging Bolt
|-damage|p2a: Raging Bolt|0 fnt
|faint|p2a: Raging Bolt
|-end|p2a: Raging Bolt|Protosynthesis|[silent]
|
|upkeep
|
|t:|1760383094
|switch|p2a: Dragapult|Dragapult, M|88/100
|turn|35
|
|t:|1760383097
|switch|p1a: Great Tusk|Great Tusk|81/100
|move|p2a: Dragapult|Draco Meteor|p1a: Great Tusk
|-damage|p1a: Great Tusk|0 fnt
|-unboost|p2a: Dragapult|spa|2
|faint|p1a: Great Tusk
|-end|p1a: Great Tusk|Protosynthesis|[silent]
|
|upkeep
|
|t:|1760383099
|switch|p1a: Dragonite|Dragonite, M|63/100
|turn|36
|
|t:|1760383101
|move|p2a: Dragapult|Draco Meteor|p1a: Dragonite
|-supereffective|p1a: Dragonite
|-damage|p1a: Dragonite|0 fnt
|-unboost|p2a: Dragapult|spa|2
|faint|p1a: Dragonite
|
|win|Nitropig
|raw|S0fiane's rating: 1532 &rarr; <strong>1512</strong><br />(-20 for losing)
|raw|Nitropig's rating: 1531 &rarr; <strong>1551</strong><br />(+20 for winning)
|l|☆S0fiane
|player|p1|
|l|☆Nitropig
|player|p2|
