|j|☆suaiaj
|j|☆Maroverl488
|t:|1760364809
|gametype|singles
|player|p1|suaiaj|steven|1459
|player|p2|Maroverl488|n|1544
|gen|9
|tier|[Gen 9] OU
|rated|
|rule|HP Percentage Mod: HP is shown in percentages
|rule|Endless Battle Clause: Forcing endless battles is banned
|rule|Species Clause: Limit one of each Pokémon
|rule|OHKO Clause: OHKO moves are banned
|rule|Evasion Items Clause: Evasion items are banned
|rule|Evasion Moves Clause: Evasion moves are banned
|rule|Evasion Abilities Clause: Evasion abilities are banned
|rule|Sleep Moves Clause: Sleep-inducing moves are banned
|clearpoke
|poke|p1|Raging Bolt|
|poke|p1|Kingambit, M|
|poke|p1|Landorus-Therian, M|
|poke|p1|Scizor, F|
|poke|p1|Cinderace, F|
|poke|p1|Serperior, M|
|poke|p2|Emboar, M|
|poke|p2|Alomomola, M|
|poke|p2|Clodsire, M|
|poke|p2|Corviknight, F|
|poke|p2|Serperior, M|
|poke|p2|Clefable, M|
|teampreview
|inactive|Battle timer is ON: inactive players will automatically lose when time's up. (requested by suaiaj)
|inactive|Maroverl488 has 120 seconds left.
|inactive|Maroverl488 has 90 seconds left.
|
|t:|1760364889
|teamsize|p1|6
|teamsize|p2|6
|start
|switch|p1a: Landorus|Landorus-Therian, M|100/100
|switch|p2a: Alomomola|Alomomola, M|100/100
|-ability|p1a: Landorus|Intimidate|boost
|-unboost|p2a: Alomomola|atk|1
|turn|1
|
|t:|1760364898
|move|p1a: Landorus|U-turn|p2a: Alomomola
|-damage|p2a: Alomomola|82/100
|
|t:|1760364900
|switch|p1a: Serperior|Serperior, M|100/100|[from] U-turn
|move|p2a: Alomomola|Scald|p1a: Serperior
|-resisted|p1a: Serperior
|-damage|p1a: Serperior|92/100
|
|-heal|p1a: Serperior|98/100|[from] item: Leftovers
|upkeep
|turn|2
|
|t:|1760364911
|switch|p2a: Clodsire|Clodsire, M|100/100
|move|p1a: Serperior|Glare|p2a: Clodsire
|-status|p2a: Clodsire|par
|
|-heal|p1a: Serperior|100/100|[from] item: Leftovers
|upkeep
|turn|3
|
|t:|1760364920
|move|p1a: Serperior|Substitute|p1a: Serperior
|-start|p1a: Serperior|Substitute
|-damage|p1a: Serperior|76/100
|cant|p2a: Clodsire|par
|
|-heal|p1a: Serperior|82/100|[from] item: Leftovers
|upkeep
|turn|4
|
|t:|1760364928
|move|p1a: Serperior|Leech Seed|p2a: Clodsire|[miss]
|-miss|p1a: Serperior|p2a: Clodsire
|move|p2a: Clodsire|Stealth Rock|p1a: Serperior
|-sidestart|p1: suaiaj|move: Stealth Rock
|
|-heal|p1a: Serperior|88/100|[from] item: Leftovers
|upkeep
|turn|5
|
|t:|1760364941
|switch|p2a: Corviknight|Corviknight, F|100/100
|-ability|p2a: Corviknight|Pressure
|move|p1a: Serperior|Leech Seed|p2a: Corviknight
|-start|p2a: Corviknight|move: Leech Seed
|
|-heal|p1a: Serperior|94/100|[from] item: Leftovers
|-damage|p2a: Corviknight|88/100|[from] Leech Seed|[of] p1a: Serperior
|-heal|p1a: Serperior|100/100|[silent]
|upkeep
|turn|6
|
|t:|1760364953
|move|p1a: Serperior|Glare|p2a: Corviknight
|-status|p2a: Corviknight|par
|move|p2a: Corviknight|U-turn|p1a: Serperior
|-supereffective|p1a: Serperior
|-end|p1a: Serperior|Substitute
|
|t:|1760364958
|switch|p2a: Emboar|Emboar, M|100/100|[from] U-turn
|
|upkeep
|turn|7
|
|t:|1760364964
|move|p2a: Emboar|Flare Blitz|p1a: Serperior
|-supereffective|p1a: Serperior
|-damage|p1a: Serperior|0 fnt
|faint|p1a: Serperior
|-damage|p2a: Emboar|71/100|[from] Recoil
|
|upkeep
|
|t:|1760364975
|switch|p1a: Cinderace|Cinderace, F|100/100
|-damage|p1a: Cinderace|76/100|[from] Stealth Rock
|turn|8
|
|t:|1760364989
|move|p2a: Emboar|Flare Blitz|p1a: Cinderace
|-resisted|p1a: Cinderace
|-damage|p1a: Cinderace|26/100
|-damage|p2a: Emboar|57/100|[from] Recoil
|move|p1a: Cinderace|Court Change|p1a: Cinderace
|-start|p1a: Cinderace|typechange|Normal|[from] ability: Libero
|-swapsideconditions
|-activate|p1a: Cinderace|move: Court Change
|
|upkeep
|turn|9
|
|t:|1760364999
|move|p2a: Emboar|Flare Blitz|p1a: Cinderace
|-damage|p1a: Cinderace|0 fnt
|faint|p1a: Cinderace
|-damage|p2a: Emboar|50/100|[from] Recoil
|
|upkeep
|
|t:|1760365005
|switch|p1a: Landorus|Landorus-Therian, M|100/100
|-ability|p1a: Landorus|Intimidate|boost
|-unboost|p2a: Emboar|atk|1
|turn|10
|
|t:|1760365010
|switch|p1a: Raging Bolt|Raging Bolt|100/100
|-enditem|p1a: Raging Bolt|Booster Energy
|-activate|p1a: Raging Bolt|ability: Protosynthesis|[fromitem]
|-start|p1a: Raging Bolt|protosynthesisspa
|switch|p2a: Corviknight|Corviknight, F|88/100 par
|-damage|p2a: Corviknight|76/100 par|[from] Stealth Rock
|-ability|p2a: Corviknight|Pressure
|
|upkeep
|turn|11
|
|t:|1760365021
|switch|p2a: Clodsire|Clodsire, M|100/100 par
|move|p1a: Raging Bolt|Calm Mind|p1a: Raging Bolt
|-boost|p1a: Raging Bolt|spa|1
|-boost|p1a: Raging Bolt|spd|1
|
|upkeep
|turn|12
|
|t:|1760365032
|-end|p1a: Raging Bolt|Protosynthesis|[silent]
|switch|p1a: Scizor|Scizor, F|100/100
|move|p2a: Clodsire|Toxic|p1a: Scizor
|-immune|p1a: Scizor
|
|upkeep
|turn|13
|
|t:|1760365054
|switch|p2a: Alomomola|Alomomola, M|100/100
|move|p1a: Scizor|Swords Dance|p1a: Scizor
|-boost|p1a: Scizor|atk|2
|
|upkeep
|turn|14
|
|t:|1760365066
|move|p1a: Scizor|Swords Dance|p1a: Scizor
|-boost|p1a: Scizor|atk|2
|move|p2a: Alomomola|Wish|p2a: Alomomola
|
|upkeep
|turn|15
|
|t:|1760365072
|move|p1a: Scizor|Dual Wingbeat|p2a: Alomomola
|-damage|p2a: Alomomola|54/100
|-damage|p2a: Alomomola|3/100
|-hitcount|p2a: Alomomola|2
|move|p2a: Alomomola|Flip Turn|p1a: Scizor
|-damage|p1a: Scizor|85/100
|
|t:|1760365078
|switch|p2a: Emboar|Emboar, M|50/100|[from] Flip Turn
|-damage|p2a: Emboar|38/100|[from] Stealth Rock
|
|-heal|p2a: Emboar|100/100|[from] move: Wish|[wisher] Alomomola
|upkeep
|turn|16
|
|t:|1760365087
|-terastallize|p1a: Scizor|Water
|move|p2a: Emboar|Flare Blitz|p1a: Scizor
|-resisted|p1a: Scizor
|-crit|p1a: Scizor
|-damage|p1a: Scizor|29/100
|-damage|p2a: Emboar|86/100|[from] Recoil
|move|p1a: Scizor|Dual Wingbeat|p2a: Emboar
|-supereffective|p2a: Emboar
|-damage|p2a: Emboar|0 fnt
|faint|p2a: Emboar
|-hitcount|p2: Emboar|1
|
|upkeep
|
|t:|1760365104
|switch|p2a: Corviknight|Corviknight, F|76/100 par
|-damage|p2a: Corviknight|64/100 par|[from] Stealth Rock
|-ability|p2a: Corviknight|Pressure
|turn|17
|
|t:|1760365109
|move|p1a: Scizor|Close Combat|p2a: Corviknight
|-damage|p2a: Corviknight|0 fnt
|-unboost|p1a: Scizor|def|1
|-unboost|p1a: Scizor|spd|1
|-damage|p1a: Scizor|13/100|[from] item: Rocky Helmet|[of] p2a: Corviknight
|faint|p2a: Corviknight
|
|upkeep
|
|t:|1760365139
|switch|p2a: Clodsire|Clodsire, M|100/100 par
|turn|18
|
|t:|1760365147
|move|p1a: Scizor|Bullet Punch|p2a: Clodsire
|-damage|p2a: Clodsire|58/100 par
|move|p2a: Clodsire|Earthquake|p1a: Scizor
|-damage|p1a: Scizor|0 fnt
|faint|p1a: Scizor
|
|upkeep
|
|t:|1760365158
|switch|p1a: Kingambit|Kingambit, M|100/100
|-activate|p1a: Kingambit|ability: Supreme Overlord
|-start|p1a: Kingambit|fallen3|[silent]
|turn|19
|
|t:|1760365167
|switch|p2a: Alomomola|Alomomola, M|36/100
|move|p1a: Kingambit|Zen Headbutt|p2a: Alomomola
|-damage|p2a: Alomomola|0 fnt
|faint|p2a: Alomomola
|-damage|p1a: Kingambit|91/100|[from] item: Life Orb
|
|upkeep
|
|t:|1760365185
|switch|p2a: Serperior|Serperior, M|100/100
|-damage|p2a: Serperior|88/100|[from] Stealth Rock
|turn|20
|
|t:|1760365196
|-end|p1a: Kingambit|fallen3|[silent]
|switch|p1a: Raging Bolt|Raging Bolt|100/100
|move|p2a: Serperior|Substitute|p2a: Serperior
|-start|p2a: Serperior|Substitute
|-damage|p2a: Serperior|63/100
|
|-heal|p2a: Serperior|70/100|[from] item: Leftovers
|upkeep
|turn|21
|
|t:|1760365206
|move|p2a: Serperior|Leaf Storm|p1a: Raging Bolt
|-resisted|p1a: Raging Bolt
|-damage|p1a: Raging Bolt|81/100
|-boost|p2a: Serperior|spa|2
|move|p1a: Raging Bolt|Thunderbolt|p2a: Serperior
|-resisted|p2a: Serperior
|-end|p2a: Serperior|Substitute
|
|-heal|p2a: Serperior|76/100|[from] item: Leftovers
|upkeep
|turn|22
|
|t:|1760365217
|move|p2a: Serperior|Leaf Storm|p1a: Raging Bolt
|-resisted|p1a: Raging Bolt
|-damage|p1a: Raging Bolt|41/100
|-boost|p2a: Serperior|spa|2
|move|p1a: Raging Bolt|Thunderbolt|p2a: Serperior
|-resisted|p2a: Serperior
|-crit|p2a: Serperior
|-damage|p2a: Serperior|29/100
|
|-heal|p2a: Serperior|36/100|[from] item: Leftovers
|upkeep
|turn|23
|
|t:|1760365229
|move|p1a: Raging Bolt|Thunderclap|p2a: Serperior
|-resisted|p2a: Serperior
|-damage|p2a: Serperior|9/100
|move|p2a: Serperior|Leaf Storm|p1a: Raging Bolt
|-resisted|p1a: Raging Bolt
|-damage|p1a: Raging Bolt|0 fnt
|-boost|p2a: Serperior|spa|2
|faint|p1a: Raging Bolt
|-end|p1a: Raging Bolt|Protosynthesis|[silent]
|
|-heal|p2a: Serperior|15/100|[from] item: Leftovers
|upkeep
|
|t:|1760365240
|switch|p1a: Landorus|Landorus-Therian, M|100/100
|-ability|p1a: Landorus|Intimidate|boost
|-boost|p2a: Serperior|atk|1
|turn|24
|
|t:|1760365245
|move|p1a: Landorus|U-turn|p2a: Serperior
|-supereffective|p2a: Serperior
|-damage|p2a: Serperior|0 fnt
|faint|p2a: Serperior
|
|t:|1760365250
|switch|p1a: Kingambit|Kingambit, M|91/100|[from] U-turn
|-activate|p1a: Kingambit|ability: Supreme Overlord
|-start|p1a: Kingambit|fallen4|[silent]
|
|upkeep
|
|t:|1760365256
|switch|p2a: Clefable|Clefable, M|100/100
|-damage|p2a: Clefable|88/100|[from] Stealth Rock
|turn|25
|
|t:|1760365261
|-terastallize|p2a: Clefable|Fighting
|move|p2a: Clefable|Flamethrower|p1a: Kingambit
|-supereffective|p1a: Kingambit
|-damage|p1a: Kingambit|49/100
|move|p1a: Kingambit|Iron Head|p2a: Clefable
|-damage|p2a: Clefable|21/100
|-damage|p1a: Kingambit|39/100|[from] item: Life Orb
|
|-heal|p2a: Clefable|27/100|[from] item: Leftovers
|upkeep
|turn|26
|
|t:|1760365273
|move|p2a: Clefable|Moonlight|p2a: Clefable
|-heal|p2a: Clefable|77/100
|move|p1a: Kingambit|Zen Headbutt|p2a: Clefable
|-supereffective|p2a: Clefable
|-damage|p2a: Clefable|0 fnt
|faint|p2a: Clefable
|-damage|p1a: Kingambit|29/100|[from] item: Life Orb
|
|upkeep
|-message|Maroverl488 forfeited.
|
|win|suaiaj
|raw|suaiaj's rating: 1459 &rarr; <strong>1484</strong><br />(+25 for winning)
|raw|Maroverl488's rating: 1544 &rarr; <strong>1519</strong><br />(-25 for losing)
|l|☆Maroverl488
|player|p2|
|l|☆suaiaj
|player|p1|
