|j|☆asmundowns
|j|☆ballyhoogreen
|t:|1760319775
|gametype|singles
|player|p1|asmundowns|harlequin|1317
|player|p2|ballyhoogreen|maid|1262
|gen|9
|tier|[Gen 9] OU
|rated|
|rule|HP Percentage Mod: HP is shown in percentages
|rule|Endless Battle Clause: Forcing endless battles is banned
|rule|Species Clause: Limit one of each Pokémon
|rule|OHKO Clause: OHKO moves are banned
|rule|Evasion Items Clause: Evasion items are banned
|rule|Evasion Moves Clause: Evasion moves are banned
|rule|Evasion Abilities Clause: Evasion abilities are banned
|rule|Sleep Moves Clause: Sleep-inducing moves are banned
|clearpoke
|poke|p1|Kingambit, F|
|poke|p1|Cinderace, F|
|poke|p1|Landorus-Therian, M|
|poke|p1|Iron Valiant|
|poke|p1|Kyurem|
|poke|p1|Slowking-Galar, M|
|poke|p2|Komala, M|
|poke|p2|Chandelure, F|
|poke|p2|Haxorus, M|
|poke|p2|Whimsicott, F|
|poke|p2|Jolteon, M|
|poke|p2|Talonflame, F|
|teampreview
|inactive|Battle timer is ON: inactive players will automatically lose when time's up. (requested by ballyhoogreen)
|
|t:|1760319784
|teamsize|p1|6
|teamsize|p2|6
|start
|switch|p1a: Homelandor|Landorus-Therian, M, shiny|100/100
|switch|p2a: Komala|Komala, M|100/100
|-ability|p1a: Homelandor|Intimidate|boost
|-fail|p2a: Komala|unboost|[from] item: Clear Amulet|[of] p2a: Komala
|-ability|p2a: Komala|Comatose
|turn|1
|
|t:|1760319791
|move|p1a: Homelandor|Stealth Rock|p2a: Komala
|-sidestart|p2: ballyhoogreen|move: Stealth Rock
|move|p2a: Komala|Rapid Spin|p1a: Homelandor
|-damage|p1a: Homelandor|80/100
|-boost|p2a: Komala|spe|1
|-damage|p2a: Komala|84/100|[from] item: Rocky Helmet|[of] p1a: Homelandor
|-sideend|p2: ballyhoogreen|Stealth Rock|[from] move: Rapid Spin|[of] p2a: Komala
|
|upkeep
|turn|2
|
|t:|1760319800
|move|p2a: Komala|Rapid Spin|p1a: Homelandor
|-damage|p1a: Homelandor|58/100
|-boost|p2a: Komala|spe|1
|-damage|p2a: Komala|67/100|[from] item: Rocky Helmet|[of] p1a: Homelandor
|move|p1a: Homelandor|U-turn|p2a: Komala
|-damage|p2a: Komala|27/100
|
|t:|1760319807
|switch|p1a: Mr. Freeze|Kyurem, shiny|100/100|[from] U-turn
|-ability|p1a: Mr. Freeze|Pressure
|
|upkeep
|turn|3
|
|t:|1760319813
|move|p2a: Komala|Ice Spinner|p1a: Mr. Freeze
|-damage|p1a: Mr. Freeze|77/100
|move|p1a: Mr. Freeze|Substitute|p1a: Mr. Freeze
|-start|p1a: Mr. Freeze|Substitute
|-damage|p1a: Mr. Freeze|52/100
|
|-heal|p1a: Mr. Freeze|58/100|[from] item: Leftovers
|upkeep
|turn|4
|
|t:|1760319819
|move|p2a: Komala|Ice Spinner|p1a: Mr. Freeze
|-activate|p1a: Mr. Freeze|move: Substitute|[damage]
|move|p1a: Mr. Freeze|Freeze-Dry|p2a: Komala
|-damage|p2a: Komala|0 fnt
|faint|p2a: Komala
|
|-heal|p1a: Mr. Freeze|64/100|[from] item: Leftovers
|upkeep
|
|t:|1760319826
|switch|p2a: Talonflame|Talonflame, F|100/100
|turn|5
|
|t:|1760319834
|-terastallize|p1a: Mr. Freeze|Ground
|move|p2a: Talonflame|Dual Wingbeat|p1a: Mr. Freeze
|-end|p1a: Mr. Freeze|Substitute
|-damage|p1a: Mr. Freeze|50/100
|-hitcount|p1a: Mr. Freeze|2
|move|p1a: Mr. Freeze|Freeze-Dry|p2a: Talonflame
|-crit|p2a: Talonflame
|-damage|p2a: Talonflame|13/100
|
|-heal|p1a: Mr. Freeze|56/100|[from] item: Leftovers
|upkeep
|turn|6
|
|t:|1760319844
|move|p2a: Talonflame|Dual Wingbeat|p1a: Mr. Freeze
|-damage|p1a: Mr. Freeze|41/100
|-damage|p1a: Mr. Freeze|27/100
|-hitcount|p1a: Mr. Freeze|2
|move|p1a: Mr. Freeze|Freeze-Dry|p2a: Talonflame
|-damage|p2a: Talonflame|0 fnt
|faint|p2a: Talonflame
|
|-heal|p1a: Mr. Freeze|33/100|[from] item: Leftovers
|upkeep
|
|t:|1760319854
|switch|p2a: Jolteon|Jolteon, M|100/100
|turn|7
|
|t:|1760319858
|-terastallize|p2a: Jolteon|Ice
|move|p2a: Jolteon|Tera Blast|p1a: Mr. Freeze|[anim] Tera Blast Ice
|-supereffective|p1a: Mr. Freeze
|-damage|p1a: Mr. Freeze|0 fnt
|faint|p1a: Mr. Freeze
|
|-status|p2a: Jolteon|brn|[from] item: Flame Orb
|upkeep
|
|t:|1760319878
|switch|p1a: Daenerys|Kingambit, F|100/100
|-activate|p1a: Daenerys|ability: Supreme Overlord
|-start|p1a: Daenerys|fallen1|[silent]
|turn|8
|
|t:|1760319886
|move|p2a: Jolteon|Thunder|p1a: Daenerys
|-damage|p1a: Daenerys|44/100
|-status|p1a: Daenerys|par
|move|p1a: Daenerys|Swords Dance|p1a: Daenerys
|-boost|p1a: Daenerys|atk|2
|
|-heal|p1a: Daenerys|50/100 par|[from] item: Leftovers
|-damage|p2a: Jolteon|94/100 brn|[from] brn
|upkeep
|turn|9
|
|t:|1760319895
|switch|p2a: Chandelure|Chandelure, F|100/100
|move|p1a: Daenerys|Sucker Punch||[still]
|-fail|p1a: Daenerys
|
|-heal|p1a: Daenerys|56/100 par|[from] item: Leftovers
|upkeep
|turn|10
|
|t:|1760319905
|move|p1a: Daenerys|Sucker Punch||[still]
|-fail|p1a: Daenerys
|move|p2a: Chandelure|Trick|p1a: Daenerys
|-activate|p2a: Chandelure|move: Trick|[of] p1a: Daenerys
|-item|p1a: Daenerys|Choice Scarf|[from] move: Trick
|-item|p2a: Chandelure|Leftovers|[from] move: Trick
|
|upkeep
|turn|11
|
|t:|1760319912
|switch|p2a: Haxorus|Haxorus, M|100/100
|-ability|p2a: Haxorus|Mold Breaker
|move|p1a: Daenerys|Iron Head|p2a: Haxorus
|-damage|p2a: Haxorus|0 fnt
|faint|p2a: Haxorus
|
|upkeep
|
|t:|1760319918
|switch|p2a: Chandelure|Chandelure, F|100/100
|turn|12
|c|☆asmundowns|smart
|c|☆ballyhoogreen|forgor
|
|t:|1760319926
|-end|p1a: Daenerys|fallen1|[silent]
|switch|p1a: WALL-Y|Iron Valiant|100/100
|-enditem|p1a: WALL-Y|Booster Energy
|-activate|p1a: WALL-Y|ability: Quark Drive|[fromitem]
|-start|p1a: WALL-Y|quarkdrivespe
|move|p2a: Chandelure|Overheat|p1a: WALL-Y
|-damage|p1a: WALL-Y|0 fnt
|-unboost|p2a: Chandelure|spa|2
|faint|p1a: WALL-Y
|-end|p1a: WALL-Y|Quark Drive|[silent]
|
|upkeep
|
|t:|1760319936
|switch|p1a: Chillionaire|Slowking-Galar, M, shiny|100/100
|turn|13
|
|t:|1760319949
|switch|p2a: Whimsicott|Whimsicott, F|100/100
|move|p1a: Chillionaire|Thunder Wave|p2a: Whimsicott
|-status|p2a: Whimsicott|par
|
|upkeep
|turn|14
|
|t:|1760319956
|move|p2a: Whimsicott|Substitute|p2a: Whimsicott
|-start|p2a: Whimsicott|Substitute
|-damage|p2a: Whimsicott|75/100 par
|move|p1a: Chillionaire|Sludge Bomb|p2a: Whimsicott
|-supereffective|p2a: Whimsicott
|-end|p2a: Whimsicott|Substitute
|
|-heal|p2a: Whimsicott|82/100 par|[from] item: Leftovers
|upkeep
|turn|15
|
|t:|1760319963
|switch|p2a: Chandelure|Chandelure, F|100/100
|move|p1a: Chillionaire|Sludge Bomb|p2a: Chandelure
|-resisted|p2a: Chandelure
|-damage|p2a: Chandelure|76/100
|
|-heal|p2a: Chandelure|82/100|[from] item: Leftovers
|upkeep
|turn|16
|
|t:|1760319970
|move|p2a: Chandelure|Shadow Ball|p1a: Chillionaire
|-supereffective|p1a: Chillionaire
|-damage|p1a: Chillionaire|45/100
|move|p1a: Chillionaire|Thunder Wave|p2a: Chandelure
|-status|p2a: Chandelure|par
|
|-heal|p2a: Chandelure|88/100 par|[from] item: Leftovers
|upkeep
|turn|17
|
|t:|1760319978
|move|p2a: Chandelure|Overheat|p1a: Chillionaire
|-damage|p1a: Chillionaire|2/100
|-unboost|p2a: Chandelure|spa|2
|move|p1a: Chillionaire|Psychic Noise|p2a: Chandelure
|-damage|p2a: Chandelure|44/100 par
|-start|p2a: Chandelure|move: Heal Block
|
|upkeep
|turn|18
|
|t:|1760319987
|switch|p2a: Jolteon|Jolteon, M, tera:Ice|94/100 brn
|move|p1a: Chillionaire|Psychic Noise|p2a: Jolteon
|-damage|p2a: Jolteon|55/100 brn
|-start|p2a: Jolteon|move: Heal Block
|
|-damage|p2a: Jolteon|49/100 brn|[from] brn
|upkeep
|turn|19
|
|t:|1760319997
|switch|p1a: Homelandor|Landorus-Therian, M, shiny|58/100
|-ability|p1a: Homelandor|Intimidate|boost
|-unboost|p2a: Jolteon|atk|1
|move|p2a: Jolteon|Alluring Voice|p1a: Homelandor
|-crit|p1a: Homelandor
|-damage|p1a: Homelandor|8/100
|
|-damage|p2a: Jolteon|43/100 brn|[from] brn
|-end|p2a: Jolteon|move: Heal Block
|upkeep
|turn|20
|
|t:|1760320006
|move|p2a: Jolteon|Alluring Voice|p1a: Homelandor
|-crit|p1a: Homelandor
|-damage|p1a: Homelandor|0 fnt
|faint|p1a: Homelandor
|
|-damage|p2a: Jolteon|37/100 brn|[from] brn
|upkeep
|
|t:|1760320011
|switch|p1a: Kristine|Cinderace, F, shiny|100/100
|turn|21
|
|t:|1760320013
|move|p2a: Jolteon|Thunder|p1a: Kristine|[miss]
|-miss|p2a: Jolteon|p1a: Kristine
|move|p1a: Kristine|Pyro Ball|p2a: Jolteon
|-supereffective|p2a: Jolteon
|-damage|p2a: Jolteon|0 fnt
|faint|p2a: Jolteon
|
|upkeep
|
|t:|1760320016
|switch|p2a: Chandelure|Chandelure, F|44/100 par
|turn|22
|
|t:|1760320022
|move|p1a: Kristine|U-turn|p2a: Chandelure
|-resisted|p2a: Chandelure
|-damage|p2a: Chandelure|38/100 par
|
|t:|1760320026
|switch|p1a: Chillionaire|Slowking-Galar, M, shiny|35/100|[from] U-turn
|move|p2a: Chandelure|Shadow Ball|p1a: Chillionaire
|-supereffective|p1a: Chillionaire
|-damage|p1a: Chillionaire|0 fnt
|faint|p1a: Chillionaire
|
|-heal|p2a: Chandelure|44/100 par|[from] item: Leftovers
|upkeep
|
|t:|1760320037
|switch|p1a: Daenerys|Kingambit, F|56/100 par
|-activate|p1a: Daenerys|ability: Supreme Overlord
|-start|p1a: Daenerys|fallen4|[silent]
|turn|23
|
|t:|1760320042
|cant|p1a: Daenerys|par
|move|p2a: Chandelure|Overheat|p1a: Daenerys
|-supereffective|p1a: Daenerys
|-damage|p1a: Daenerys|0 fnt
|-unboost|p2a: Chandelure|spa|2
|faint|p1a: Daenerys
|-end|p1a: Daenerys|fallen4|[silent]
|
|-heal|p2a: Chandelure|50/100 par|[from] item: Leftovers
|upkeep
|c|☆asmundowns|damn
|
|t:|1760320050
|switch|p1a: Kristine|Cinderace, F, shiny|100/100
|turn|24
|
|t:|1760320054
|switch|p2a: Whimsicott|Whimsicott, F|82/100 par
|move|p1a: Kristine|Pyro Ball|p2a: Whimsicott
|-supereffective|p2a: Whimsicott
|-damage|p2a: Whimsicott|4/100 par
|
|-heal|p2a: Whimsicott|10/100 par|[from] item: Leftovers
|upkeep
|turn|25
|
|t:|1760320061
|move|p2a: Whimsicott|Encore|p1a: Kristine
|-start|p1a: Kristine|Encore
|move|p1a: Kristine|Pyro Ball|p2a: Whimsicott
|-supereffective|p2a: Whimsicott
|-damage|p2a: Whimsicott|0 fnt
|faint|p2a: Whimsicott
|
|upkeep
|
|t:|1760320063
|switch|p2a: Chandelure|Chandelure, F|50/100 par
|turn|26
|
|t:|1760320069
|move|p1a: Kristine|Pyro Ball|p2a: Chandelure
|-start|p2a: Chandelure|ability: Flash Fire
|cant|p2a: Chandelure|par
|
|-heal|p2a: Chandelure|56/100 par|[from] item: Leftovers
|upkeep
|turn|27
|
|t:|1760320075
|move|p1a: Kristine|Pyro Ball|p2a: Chandelure
|-immune|p2a: Chandelure|[from] ability: Flash Fire
|move|p2a: Chandelure|Shadow Ball|p1a: Kristine
|-damage|p1a: Kristine|44/100
|-unboost|p1a: Kristine|spd|1
|
|-heal|p2a: Chandelure|62/100 par|[from] item: Leftovers
|-end|p1a: Kristine|Encore
|upkeep
|turn|28
|
|t:|1760320085
|move|p1a: Kristine|U-turn|p2a: Chandelure
|-resisted|p2a: Chandelure
|-damage|p2a: Chandelure|56/100 par
|cant|p2a: Chandelure|par
|
|-heal|p2a: Chandelure|62/100 par|[from] item: Leftovers
|upkeep
|turn|29
|
|t:|1760320091
|move|p1a: Kristine|U-turn|p2a: Chandelure
|-resisted|p2a: Chandelure
|-damage|p2a: Chandelure|57/100 par
|move|p2a: Chandelure|Shadow Ball|p1a: Kristine
|-damage|p1a: Kristine|0 fnt
|faint|p1a: Kristine
|
|win|ballyhoogreen
|raw|asmundowns's rating: 1317 &rarr; <strong>1294</strong><br />(-23 for losing)
|raw|ballyhoogreen's rating: 1262 &rarr; <strong>1291</strong><br />(+29 for winning)
|l|☆ballyhoogreen
|player|p2|
|l|☆asmundowns
|player|p1|
