|j|‽off meta masters
|j|☆hiboudeschamps
|t:|1760447953
|gametype|singles
|player|p1|off meta masters|170|1343
|player|p2|hiboudeschamps|scientist-gen4dp|1369
|gen|9
|tier|[Gen 9] OU
|rated|
|rule|HP Percentage Mod: HP is shown in percentages
|rule|Endless Battle Clause: Forcing endless battles is banned
|rule|Species Clause: Limit one of each Pokémon
|rule|OHKO Clause: OHKO moves are banned
|rule|Evasion Items Clause: Evasion items are banned
|rule|Evasion Moves Clause: Evasion moves are banned
|rule|Evasion Abilities Clause: Evasion abilities are banned
|rule|Sleep Moves Clause: Sleep-inducing moves are banned
|clearpoke
|poke|p1|Clodsire, F|
|poke|p1|Uxie|
|poke|p1|Honchkrow, F|
|poke|p1|Frosmoth, M|
|poke|p1|Magnezone|
|poke|p1|Hitmontop, M|
|poke|p2|Cinderace, M|
|poke|p2|Kingambit, M|
|poke|p2|Dragonite, M|
|poke|p2|Gholdengo|
|poke|p2|Iron Valiant|
|poke|p2|Samurott-Hisui, M|
|teampreview
|inactive|Battle timer is ON: inactive players will automatically lose when time's up. (requested by hiboudeschamps)
|
|t:|1760447972
|teamsize|p1|6
|teamsize|p2|6
|start
|switch|p1a: Hitmontop|Hitmontop, M|100/100
|switch|p2a: Samurott|Samurott-Hisui, M|100/100
|turn|1
|
|t:|1760447983
|move|p2a: Samurott|Ceaseless Edge|p1a: Hitmontop
|-resisted|p1a: Hitmontop
|-damage|p1a: Hitmontop|75/100
|-sidestart|p1: off meta masters|Spikes
|move|p1a: Hitmontop|Rapid Spin|p2a: Samurott
|-damage|p2a: Samurott|72/100
|-boost|p1a: Hitmontop|spe|1
|-sideend|p1: off meta masters|Spikes|[from] move: Rapid Spin|[of] p1a: Hitmontop
|
|upkeep
|turn|2
|
|t:|1760447995
|-terastallize|p2a: Samurott|Ghost
|move|p1a: Hitmontop|Mach Punch|p2a: Samurott
|-immune|p2a: Samurott
|move|p2a: Samurott|Ceaseless Edge|p1a: Hitmontop
|-resisted|p1a: Hitmontop
|-damage|p1a: Hitmontop|48/100
|-sidestart|p1: off meta masters|Spikes
|
|upkeep
|turn|3
|inactive|off meta masters has 120 seconds left.
|
|t:|1760448027
|move|p2a: Samurott|Ceaseless Edge|p1a: Hitmontop
|-resisted|p1a: Hitmontop
|-damage|p1a: Hitmontop|23/100
|-sidestart|p1: off meta masters|Spikes
|move|p1a: Hitmontop|Stone Edge|p2a: Samurott|[miss]
|-miss|p1a: Hitmontop|p2a: Samurott
|
|upkeep
|turn|4
|
|t:|1760448036
|switch|p1a: Honchkrow|Honchkrow, F, shiny|100/100
|move|p2a: Samurott|Ceaseless Edge|p1a: Honchkrow
|-resisted|p1a: Honchkrow
|-damage|p1a: Honchkrow|68/100
|-sidestart|p1: off meta masters|Spikes
|
|upkeep
|turn|5
|
|t:|1760448044
|move|p2a: Samurott|Aqua Jet|p1a: Honchkrow
|-damage|p1a: Honchkrow|41/100
|move|p1a: Honchkrow|Sucker Punch||[still]
|-fail|p1a: Honchkrow
|
|upkeep
|turn|6
|
|t:|1760448050
|move|p2a: Samurott|Sacred Sword|p1a: Honchkrow
|-damage|p1a: Honchkrow|0 fnt
|faint|p1a: Honchkrow
|
|upkeep
|
|t:|1760448058
|switch|p1a: Uxie|Uxie|100/100
|turn|7
|c|☆hiboudeschamps|A book
|
|t:|1760448065
|move|p2a: Samurott|Ceaseless Edge|p1a: Uxie
|-supereffective|p1a: Uxie
|-damage|p1a: Uxie|48/100
|-damage|p2a: Samurott|56/100|[from] item: Rocky Helmet|[of] p1a: Uxie
|move|p1a: Uxie|Knock Off|p2a: Samurott
|-supereffective|p2a: Samurott
|-damage|p2a: Samurott|9/100
|-enditem|p2a: Samurott|Focus Sash|[from] move: Knock Off|[of] p1a: Uxie
|
|upkeep
|turn|8
|
|t:|1760448075
|move|p2a: Samurott|Ceaseless Edge|p1a: Uxie
|-supereffective|p1a: Uxie
|-damage|p1a: Uxie|0 fnt
|-damage|p2a: Samurott|0 fnt|[from] item: Rocky Helmet|[of] p1a: Uxie
|faint|p1a: Uxie
|faint|p2a: Samurott
|
|upkeep
|
|t:|1760448088
|switch|p2a: Cinderace|Cinderace, M|100/100
|switch|p1a: Clodsire|Clodsire, F|100/100
|-damage|p1a: Clodsire|75/100|[from] Spikes
|turn|9
|
|t:|1760448092
|move|p2a: Cinderace|Will-O-Wisp|p1a: Clodsire
|-status|p1a: Clodsire|brn
|move|p1a: Clodsire|Earthquake|p2a: Cinderace
|-supereffective|p2a: Cinderace
|-damage|p2a: Cinderace|69/100
|
|-heal|p1a: Clodsire|82/100 brn|[from] item: Leftovers
|-damage|p1a: Clodsire|75/100 brn|[from] brn
|upkeep
|turn|10
|
|t:|1760448103
|move|p2a: Cinderace|Pyro Ball|p1a: Clodsire|[miss]
|-miss|p2a: Cinderace|p1a: Clodsire
|move|p1a: Clodsire|Toxic|p2a: Cinderace
|-status|p2a: Cinderace|tox
|
|-heal|p1a: Clodsire|82/100 brn|[from] item: Leftovers
|-damage|p2a: Cinderace|63/100 tox|[from] psn
|-damage|p1a: Clodsire|75/100 brn|[from] brn
|upkeep
|turn|11
|
|t:|1760448108
|switch|p2a: Dragonite|Dragonite, M|100/100
|move|p1a: Clodsire|Protect||[still]
|-fail|p1a: Clodsire
|
|-heal|p1a: Clodsire|82/100 brn|[from] item: Leftovers
|-damage|p1a: Clodsire|75/100 brn|[from] brn
|upkeep
|turn|12
|
|t:|1760448111
|move|p2a: Dragonite|Earthquake|p1a: Clodsire
|-supereffective|p1a: Clodsire
|-damage|p1a: Clodsire|0 fnt
|faint|p1a: Clodsire
|
|upkeep
|
|t:|1760448115
|switch|p1a: Frosmoth|Frosmoth, M|100/100
|turn|13
|
|t:|1760448125
|switch|p2a: Gholdengo|Gholdengo|100/100
|-item|p2a: Gholdengo|Air Balloon
|move|p1a: Frosmoth|Quiver Dance|p1a: Frosmoth
|-boost|p1a: Frosmoth|spa|1
|-boost|p1a: Frosmoth|spd|1
|-boost|p1a: Frosmoth|spe|1
|
|upkeep
|turn|14
|
|t:|1760448133
|-terastallize|p1a: Frosmoth|Fire
|move|p1a: Frosmoth|Quiver Dance|p1a: Frosmoth
|-boost|p1a: Frosmoth|spa|1
|-boost|p1a: Frosmoth|spd|1
|-boost|p1a: Frosmoth|spe|1
|move|p2a: Gholdengo|Nasty Plot|p2a: Gholdengo
|-boost|p2a: Gholdengo|spa|2
|
|upkeep
|turn|15
|
|t:|1760448140
|move|p1a: Frosmoth|Tera Blast|p2a: Gholdengo|[anim] Tera Blast Fire
|-supereffective|p2a: Gholdengo
|-damage|p2a: Gholdengo|0 fnt
|-enditem|p2a: Gholdengo|Air Balloon
|faint|p2a: Gholdengo
|
|upkeep
|
|t:|1760448143
|switch|p2a: Dragonite|Dragonite, M|100/100
|turn|16
|
|t:|1760448145
|move|p1a: Frosmoth|Ice Beam|p2a: Dragonite
|-supereffective|p2a: Dragonite
|-damage|p2a: Dragonite|0 fnt
|faint|p2a: Dragonite
|
|upkeep
|
|t:|1760448149
|switch|p2a: Kingambit|Kingambit, M|100/100
|-activate|p2a: Kingambit|ability: Supreme Overlord
|-start|p2a: Kingambit|fallen3|[silent]
|turn|17
|
|t:|1760448154
|move|p2a: Kingambit|Sucker Punch|p1a: Frosmoth
|-damage|p1a: Frosmoth|0 fnt
|faint|p1a: Frosmoth
|
|upkeep
|
|t:|1760448180
|switch|p1a: Magnezone|Magnezone|100/100
|-damage|p1a: Magnezone|75/100|[from] Spikes
|turn|18
|
|t:|1760448187
|move|p2a: Kingambit|Kowtow Cleave|p1a: Magnezone
|-damage|p1a: Magnezone|0 fnt
|faint|p1a: Magnezone
|
|upkeep
|
|t:|1760448189
|switch|p1a: Hitmontop|Hitmontop, M|23/100
|turn|19
|
|t:|1760448193
|move|p1a: Hitmontop|Mach Punch|p2a: Kingambit
|-supereffective|p2a: Kingambit
|-damage|p2a: Kingambit|7/100
|move|p2a: Kingambit|Iron Head|p1a: Hitmontop
|-damage|p1a: Hitmontop|0 fnt
|faint|p1a: Hitmontop
|
|win|hiboudeschamps
|raw|off meta masters's rating: 1343 &rarr; <strong>1324</strong><br />(-19 for losing)
|raw|hiboudeschamps's rating: 1369 &rarr; <strong>1388</strong><br />(+19 for winning)
|l|‽off meta masters
|player|p1|
|l|☆hiboudeschamps
|player|p2|
