|j|☆bjls
|j|‽RadiantSol
|t:|1760335731
|gametype|singles
|player|p1|bjls|n|1208
|player|p2|RadiantSol|flint|1183
|gen|9
|tier|[Gen 9] OU
|rated|
|rule|HP Percentage Mod: HP is shown in percentages
|rule|Endless Battle Clause: Forcing endless battles is banned
|rule|Species Clause: Limit one of each Pokémon
|rule|OHKO Clause: OHKO moves are banned
|rule|Evasion Items Clause: Evasion items are banned
|rule|Evasion Moves Clause: Evasion moves are banned
|rule|Evasion Abilities Clause: Evasion abilities are banned
|rule|Sleep Moves Clause: Sleep-inducing moves are banned
|clearpoke
|poke|p1|Indeedee, M|
|poke|p1|Pelipper, M|
|poke|p1|Barraskewda, M|
|poke|p1|Scizor, M|
|poke|p1|Iron Treads|
|poke|p1|Zapdos|
|poke|p2|Espeon, F|
|poke|p2|Garchomp, F|
|poke|p2|Torkoal, F|
|poke|p2|Lilligant-Hisui, F|
|poke|p2|Quagsire, F|
|poke|p2|Gengar, F|
|teampreview
|inactive|Battle timer is ON: inactive players will automatically lose when time's up. (requested by bjls)
|
|t:|1760335738
|teamsize|p1|6
|teamsize|p2|6
|start
|switch|p1a: 恐怖电鸟😱|Zapdos|100/100
|switch|p2a: Garchomp|Garchomp, F|100/100
|turn|1
|
|t:|1760335746
|switch|p1a: 陀螺|Iron Treads|100/100
|-enditem|p1a: 陀螺|Booster Energy
|-activate|p1a: 陀螺|ability: Quark Drive|[fromitem]
|-start|p1a: 陀螺|quarkdrivespe
|move|p2a: Garchomp|Stealth Rock|p1a: 陀螺
|-sidestart|p1: bjls|move: Stealth Rock
|
|upkeep
|turn|2
|
|t:|1760335756
|move|p1a: 陀螺|Ice Spinner|p2a: Garchomp
|-supereffective|p2a: Garchomp
|-damage|p2a: Garchomp|42/100
|-damage|p1a: 陀螺|88/100|[from] ability: Rough Skin|[of] p2a: Garchomp
|move|p2a: Garchomp|Earthquake|p1a: 陀螺
|-supereffective|p1a: 陀螺
|-damage|p1a: 陀螺|12/100
|
|-heal|p2a: Garchomp|49/100|[from] item: Leftovers
|upkeep
|turn|3
|
|t:|1760335772
|move|p1a: 陀螺|Ice Spinner|p2a: Garchomp
|-supereffective|p2a: Garchomp
|-damage|p2a: Garchomp|0 fnt
|-damage|p1a: 陀螺|0 fnt|[from] ability: Rough Skin|[of] p2a: Garchomp
|faint|p2a: Garchomp
|faint|p1a: 陀螺
|-end|p1a: 陀螺|Quark Drive|[silent]
|
|upkeep
|
|t:|1760335782
|switch|p1a: 爱管侍他能干什么|Indeedee, M|100/100
|switch|p2a: Gengar|Gengar, F|100/100
|-damage|p1a: 爱管侍他能干什么|88/100|[from] Stealth Rock
|-fieldstart|move: Psychic Terrain|[from] ability: Psychic Surge|[of] p1a: 爱管侍他能干什么
|-item|p2a: Gengar|Air Balloon
|turn|4
|
|t:|1760335792
|move|p1a: 爱管侍他能干什么|Expanding Force|p2a: Gengar
|-supereffective|p2a: Gengar
|-damage|p2a: Gengar|0 fnt
|-start|p1a: 爱管侍他能干什么|Disable|Expanding Force|[from] ability: Cursed Body|[of] p2a: Gengar
|-enditem|p2a: Gengar|Air Balloon
|faint|p2a: Gengar
|
|upkeep
|
|t:|1760335806
|switch|p2a: Torkoal|Torkoal, F|100/100
|-weather|SunnyDay|[from] ability: Drought|[of] p2a: Torkoal
|turn|5
|
|t:|1760335815
|switch|p1a: 大卫·戴|Pelipper, M|100/100
|-damage|p1a: 大卫·戴|75/100|[from] Stealth Rock
|-weather|RainDance|[from] ability: Drizzle|[of] p1a: 大卫·戴
|move|p2a: Torkoal|Flamethrower|p1a: 大卫·戴
|-resisted|p1a: 大卫·戴
|-damage|p1a: 大卫·戴|63/100
|
|-weather|RainDance|[upkeep]
|upkeep
|turn|6
|
|t:|1760335824
|switch|p2a: Quagsire|Quagsire, F|100/100
|move|p1a: 大卫·戴|U-turn|p2a: Quagsire
|-damage|p2a: Quagsire|95/100
|-damage|p1a: 大卫·戴|47/100|[from] item: Rocky Helmet|[of] p2a: Quagsire
|
|t:|1760335836
|switch|p1a: 爱管侍他能干什么|Indeedee, M|88/100|[from] U-turn
|-damage|p1a: 爱管侍他能干什么|76/100|[from] Stealth Rock
|
|-weather|RainDance|[upkeep]
|upkeep
|turn|7
|
|t:|1760335844
|switch|p2a: Espeon|Espeon, F, shiny|100/100
|move|p1a: 爱管侍他能干什么|Expanding Force|p2a: Espeon
|-resisted|p2a: Espeon
|-damage|p2a: Espeon|58/100
|
|-weather|RainDance|[upkeep]
|upkeep
|turn|8
|
|t:|1760335851
|move|p1a: 爱管侍他能干什么|Expanding Force|p2a: Espeon
|-resisted|p2a: Espeon
|-damage|p2a: Espeon|14/100
|move|p2a: Espeon|Psychic|p1a: 爱管侍他能干什么
|-resisted|p1a: 爱管侍他能干什么
|-damage|p1a: 爱管侍他能干什么|33/100
|-unboost|p1a: 爱管侍他能干什么|spd|1
|
|-weather|RainDance|[upkeep]
|-fieldend|move: Psychic Terrain
|upkeep
|turn|9
|
|t:|1760335861
|move|p1a: 爱管侍他能干什么|Expanding Force|p2a: Espeon
|-resisted|p2a: Espeon
|-damage|p2a: Espeon|0 fnt
|faint|p2a: Espeon
|
|-weather|RainDance|[upkeep]
|upkeep
|
|t:|1760335866
|switch|p2a: Torkoal|Torkoal, F|100/100
|-weather|SunnyDay|[from] ability: Drought|[of] p2a: Torkoal
|turn|10
|
|t:|1760335869
|switch|p1a: 大卫·戴|Pelipper, M|47/100
|-damage|p1a: 大卫·戴|22/100|[from] Stealth Rock
|-weather|RainDance|[from] ability: Drizzle|[of] p1a: 大卫·戴
|move|p2a: Torkoal|Flamethrower|p1a: 大卫·戴
|-resisted|p1a: 大卫·戴
|-damage|p1a: 大卫·戴|9/100
|
|-weather|RainDance|[upkeep]
|upkeep
|turn|11
|
|t:|1760335883
|switch|p2a: Quagsire|Quagsire, F|95/100
|move|p1a: 大卫·戴|Hurricane|p2a: Quagsire
|-damage|p2a: Quagsire|53/100
|-start|p2a: Quagsire|confusion
|
|-weather|RainDance|[upkeep]
|upkeep
|turn|12
|
|t:|1760335895
|switch|p2a: Torkoal|Torkoal, F|100/100
|-weather|SunnyDay|[from] ability: Drought|[of] p2a: Torkoal
|move|p1a: 大卫·戴|Hurricane|p2a: Torkoal
|-damage|p2a: Torkoal|46/100
|
|-weather|SunnyDay|[upkeep]
|upkeep
|turn|13
|
|t:|1760335904
|move|p1a: 大卫·戴|Weather Ball|p2a: Torkoal
|-resisted|p2a: Torkoal
|-damage|p2a: Torkoal|20/100
|move|p2a: Torkoal|Flamethrower|p1a: 大卫·戴
|-resisted|p1a: 大卫·戴
|-damage|p1a: 大卫·戴|0 fnt
|faint|p1a: 大卫·戴
|
|-weather|SunnyDay|[upkeep]
|upkeep
|
|t:|1760335921
|switch|p1a: 这只是一条无辜的鱼|Barraskewda, M|100/100
|-damage|p1a: 这只是一条无辜的鱼|88/100|[from] Stealth Rock
|turn|14
|
|t:|1760335927
|switch|p2a: Lilligant|Lilligant-Hisui, F|100/100
|move|p1a: 这只是一条无辜的鱼|Psychic Fangs|p2a: Lilligant
|-supereffective|p2a: Lilligant
|-damage|p2a: Lilligant|0 fnt
|faint|p2a: Lilligant
|
|-weather|SunnyDay|[upkeep]
|upkeep
|-message|RadiantSol forfeited.
|
|win|bjls
|raw|bjls's rating: 1208 &rarr; <strong>1231</strong><br />(+23 for winning)
|raw|RadiantSol's rating: 1183 &rarr; <strong>1160</strong><br />(-23 for losing)
|l|‽RadiantSol
|player|p2|
|l|☆bjls
|player|p1|
