|j|☆Marco789987
|j|☆ArafEsmail
|t:|1760378313
|gametype|singles
|player|p1|Marco789987|cress|1093
|player|p2|ArafEsmail|266|1076
|gen|9
|tier|[Gen 9] OU
|rated|
|rule|HP Percentage Mod: HP is shown in percentages
|rule|Endless Battle Clause: Forcing endless battles is banned
|rule|Species Clause: Limit one of each Pokémon
|rule|OHKO Clause: OHKO moves are banned
|rule|Evasion Items Clause: Evasion items are banned
|rule|Evasion Moves Clause: Evasion moves are banned
|rule|Evasion Abilities Clause: Evasion abilities are banned
|rule|Sleep Moves Clause: Sleep-inducing moves are banned
|clearpoke
|poke|p1|Dewgong, F|
|poke|p1|Probopass, M|
|poke|p1|Primeape, F|
|poke|p1|Trevenant, F|
|poke|p1|Ribombee, F|
|poke|p1|Masquerain, F|
|poke|p2|Torkoal, F|
|poke|p2|Hatterene, F|
|poke|p2|Raging Bolt|
|poke|p2|Slither Wing|
|poke|p2|Venusaur, M|
|poke|p2|Walking Wake|
|teampreview
|inactive|Battle timer is ON: inactive players will automatically lose when time's up. (requested by Marco789987)
|
|t:|1760378320
|teamsize|p1|6
|teamsize|p2|6
|start
|switch|p1a: Primeape|Primeape, F, shiny|100/100
|switch|p2a: Torkoal|Torkoal, F|100/100
|-weather|SunnyDay|[from] ability: Drought|[of] p2a: Torkoal
|turn|1
|
|t:|1760378328
|switch|p2a: Hatterene|Hatterene, F|100/100
|-item|p2a: Hatterene|Air Balloon
|move|p1a: Primeape|Bulk Up|p1a: Primeape
|-boost|p1a: Primeape|atk|1
|-boost|p1a: Primeape|def|1
|
|-weather|SunnyDay|[upkeep]
|upkeep
|turn|2
|
|t:|1760378343
|-terastallize|p2a: Hatterene|Ghost
|move|p1a: Primeape|Rage Fist|p2a: Hatterene
|-supereffective|p2a: Hatterene
|-damage|p2a: Hatterene|73/100
|-enditem|p2a: Hatterene|Air Balloon
|move|p2a: Hatterene|Psychic Noise|p1a: Primeape
|-supereffective|p1a: Primeape
|-damage|p1a: Primeape|61/100
|-start|p1a: Primeape|move: Heal Block
|
|-weather|SunnyDay|[upkeep]
|upkeep
|turn|3
|
|t:|1760378356
|move|p1a: Primeape|Rage Fist|p2a: Hatterene
|-supereffective|p2a: Hatterene
|-damage|p2a: Hatterene|13/100
|move|p2a: Hatterene|Dazzling Gleam|p1a: Primeape
|-supereffective|p1a: Primeape
|-damage|p1a: Primeape|21/100
|
|-weather|SunnyDay|[upkeep]
|-end|p1a: Primeape|move: Heal Block
|upkeep
|turn|4
|inactive|Marco789987 has 120 seconds left.
|inactive|ArafEsmail has 120 seconds left.
|
|t:|1760378408
|move|p1a: Primeape|Rage Fist|p2a: Hatterene
|-supereffective|p2a: Hatterene
|-damage|p2a: Hatterene|0 fnt
|faint|p2a: Hatterene
|
|-weather|SunnyDay|[upkeep]
|upkeep
|
|t:|1760378415
|switch|p2a: Venusaur|Venusaur, M|100/100
|turn|5
|
|t:|1760378426
|move|p2a: Venusaur|Weather Ball|p1a: Primeape
|-damage|p1a: Primeape|0 fnt
|faint|p1a: Primeape
|-damage|p2a: Venusaur|91/100|[from] item: Life Orb
|
|-weather|SunnyDay|[upkeep]
|upkeep
|inactive|Marco789987 has 120 seconds left.
|
|t:|1760378440
|switch|p1a: Ribombee|Ribombee, F, shiny|100/100
|turn|6
|inactive|Marco789987 has 120 seconds left.
|inactive|ArafEsmail has 120 seconds left.
|
|t:|1760378449
|move|p2a: Venusaur|Weather Ball|p1a: Ribombee
|-supereffective|p1a: Ribombee
|-damage|p1a: Ribombee|0 fnt
|faint|p1a: Ribombee
|-damage|p2a: Venusaur|81/100|[from] item: Life Orb
|
|-weather|SunnyDay|[upkeep]
|upkeep
|inactive|Marco789987 has 120 seconds left.
|
|t:|1760378455
|switch|p1a: Dewgong|Dewgong, F, shiny|100/100
|turn|7
|inactive|ArafEsmail has 120 seconds left.
|
|t:|1760378475
|switch|p2a: Slither Wing|Slither Wing|100/100
|-activate|p2a: Slither Wing|ability: Protosynthesis
|-start|p2a: Slither Wing|protosynthesisatk
|move|p1a: Dewgong|Protect||[still]
|-fail|p1a: Dewgong
|
|-weather|SunnyDay|[upkeep]
|upkeep
|turn|8
|inactive|ArafEsmail has 120 seconds left.
|
|t:|1760378496
|switch|p1a: Trevenant|Trevenant, F, shiny|100/100
|move|p2a: Slither Wing|Earthquake|p1a: Trevenant
|-resisted|p1a: Trevenant
|-damage|p1a: Trevenant|75/100
|
|-weather|none
|-end|p2a: Slither Wing|Protosynthesis
|upkeep
|turn|9
|
|t:|1760378505
|move|p2a: Slither Wing|U-turn|p1a: Trevenant
|-damage|p1a: Trevenant|31/100
|-enditem|p1a: Trevenant|Sitrus Berry|[eat]
|-heal|p1a: Trevenant|56/100|[from] item: Sitrus Berry
|
|t:|1760378510
|-end|p2a: Slither Wing|Protosynthesis|[silent]
|switch|p2a: Torkoal|Torkoal, F|100/100|[from] U-turn
|-weather|SunnyDay|[from] ability: Drought|[of] p2a: Torkoal
|move|p1a: Trevenant|Knock Off|p2a: Torkoal
|-damage|p2a: Torkoal|81/100
|-enditem|p2a: Torkoal|Heat Rock|[from] move: Knock Off|[of] p1a: Trevenant
|
|-weather|SunnyDay|[upkeep]
|-item|p1a: Trevenant|Sitrus Berry|[from] ability: Harvest
|upkeep
|turn|10
|inactive|ArafEsmail has 120 seconds left.
|
|t:|1760378523
|switch|p1a: Dewgong|Dewgong, F, shiny|100/100
|move|p2a: Torkoal|Eruption|p1a: Dewgong
|-damage|p1a: Dewgong|73/100
|
|-weather|SunnyDay|[upkeep]
|-heal|p1a: Dewgong|79/100|[from] item: Leftovers
|upkeep
|turn|11
|inactive|ArafEsmail has 120 seconds left.
|
|t:|1760378533
|switch|p2a: Slither Wing|Slither Wing|100/100
|-activate|p2a: Slither Wing|ability: Protosynthesis
|-start|p2a: Slither Wing|protosynthesisatk
|move|p1a: Dewgong|Whirlpool|p2a: Slither Wing
|-damage|p2a: Slither Wing|97/100
|-activate|p2a: Slither Wing|move: Whirlpool|[of] p1a: Dewgong
|
|-weather|SunnyDay|[upkeep]
|-heal|p1a: Dewgong|86/100|[from] item: Leftovers
|-damage|p2a: Slither Wing|84/100|[from] move: Whirlpool|[partiallytrapped]
|upkeep
|turn|12
|inactive|ArafEsmail has 120 seconds left.
|
|t:|1760378545
|move|p2a: Slither Wing|First Impression|p1a: Dewgong
|-damage|p1a: Dewgong|11/100
|move|p1a: Dewgong|Perish Song|p1a: Dewgong
|-start|p1a: Dewgong|perish3|[silent]
|-start|p2a: Slither Wing|perish3|[silent]
|-fieldactivate|move: Perish Song
|
|-weather|SunnyDay|[upkeep]
|-heal|p1a: Dewgong|17/100|[from] item: Leftovers
|-damage|p2a: Slither Wing|72/100|[from] move: Whirlpool|[partiallytrapped]
|-start|p2a: Slither Wing|perish3
|-start|p1a: Dewgong|perish3
|upkeep
|turn|13
|inactive|ArafEsmail has 120 seconds left.
|
|t:|1760378556
|move|p1a: Dewgong|Protect|p1a: Dewgong
|-singleturn|p1a: Dewgong|Protect
|move|p2a: Slither Wing|Temper Flare|p1a: Dewgong
|-activate|p1a: Dewgong|move: Protect
|
|-weather|SunnyDay|[upkeep]
|-heal|p1a: Dewgong|23/100|[from] item: Leftovers
|-damage|p2a: Slither Wing|59/100|[from] move: Whirlpool|[partiallytrapped]
|-start|p2a: Slither Wing|perish2
|-start|p1a: Dewgong|perish2
|upkeep
|turn|14
|inactive|ArafEsmail has 120 seconds left.
|
|t:|1760378567
|move|p2a: Slither Wing|First Impression||[still]
|-hint|First Impression only works on your first turn out.
|-fail|p2a: Slither Wing
|move|p1a: Dewgong|Disable|p2a: Slither Wing
|-start|p2a: Slither Wing|Disable|First Impression
|
|-weather|SunnyDay|[upkeep]
|-heal|p1a: Dewgong|29/100|[from] item: Leftovers
|-damage|p2a: Slither Wing|47/100|[from] move: Whirlpool|[partiallytrapped]
|-start|p2a: Slither Wing|perish1
|-start|p1a: Dewgong|perish1
|upkeep
|turn|15
|inactive|ArafEsmail has 120 seconds left.
|
|t:|1760378586
|switch|p1a: Trevenant|Trevenant, F, shiny|56/100
|move|p2a: Slither Wing|Temper Flare|p1a: Trevenant
|-supereffective|p1a: Trevenant
|-damage|p1a: Trevenant|0 fnt
|faint|p1a: Trevenant
|
|-weather|SunnyDay|[upkeep]
|-end|p2a: Slither Wing|Whirlpool|[partiallytrapped]
|-start|p2a: Slither Wing|perish0
|upkeep
|faint|p2a: Slither Wing
|-end|p2a: Slither Wing|Protosynthesis|[silent]
|
|t:|1760378595
|switch|p2a: Venusaur|Venusaur, M|81/100
|switch|p1a: Dewgong|Dewgong, F, shiny|29/100
|turn|16
|inactive|ArafEsmail has 120 seconds left.
|
|t:|1760378603
|move|p2a: Venusaur|Weather Ball|p1a: Dewgong
|-damage|p1a: Dewgong|9/100
|-damage|p2a: Venusaur|71/100|[from] item: Life Orb
|move|p1a: Dewgong|Whirlpool|p2a: Venusaur
|-resisted|p2a: Venusaur
|-damage|p2a: Venusaur|68/100
|-activate|p2a: Venusaur|move: Whirlpool|[of] p1a: Dewgong
|
|-weather|none
|-heal|p1a: Dewgong|16/100|[from] item: Leftovers
|-damage|p2a: Venusaur|56/100|[from] move: Whirlpool|[partiallytrapped]
|upkeep
|turn|17
|inactive|ArafEsmail has 120 seconds left.
|
|t:|1760378615
|move|p1a: Dewgong|Protect|p1a: Dewgong
|-singleturn|p1a: Dewgong|Protect
|move|p2a: Venusaur|Earthquake|p1a: Dewgong
|-activate|p1a: Dewgong|move: Protect
|
|-heal|p1a: Dewgong|22/100|[from] item: Leftovers
|-damage|p2a: Venusaur|43/100|[from] move: Whirlpool|[partiallytrapped]
|upkeep
|turn|18
|inactive|ArafEsmail has 120 seconds left.
|
|t:|1760378629
|switch|p1a: Masquerain|Masquerain, F, shiny|100/100
|-ability|p1a: Masquerain|Intimidate|boost
|-unboost|p2a: Venusaur|atk|1
|move|p2a: Venusaur|Earthquake|p1a: Masquerain
|-immune|p1a: Masquerain
|
|-end|p2a: Venusaur|Whirlpool|[partiallytrapped]|[silent]
|upkeep
|turn|19
|
|t:|1760378639
|move|p1a: Masquerain|Ice Beam|p2a: Venusaur
|-supereffective|p2a: Venusaur
|-damage|p2a: Venusaur|0 fnt
|faint|p2a: Venusaur
|
|upkeep
|
|t:|1760378643
|switch|p2a: Torkoal|Torkoal, F|81/100
|-weather|SunnyDay|[from] ability: Drought|[of] p2a: Torkoal
|turn|20
|
|t:|1760378650
|move|p1a: Masquerain|Chilling Water|p2a: Torkoal
|-supereffective|p2a: Torkoal
|-damage|p2a: Torkoal|66/100
|-unboost|p2a: Torkoal|atk|1
|move|p2a: Torkoal|Eruption|p1a: Masquerain
|-supereffective|p1a: Masquerain
|-damage|p1a: Masquerain|0 fnt
|faint|p1a: Masquerain
|
|-weather|SunnyDay|[upkeep]
|upkeep
|
|t:|1760378657
|switch|p1a: Probopass|Probopass, M, shiny|100/100
|turn|21
|
|t:|1760378663
|-terastallize|p1a: Probopass|Dragon
|move|p1a: Probopass|Iron Defense|p1a: Probopass
|-boost|p1a: Probopass|def|2
|move|p2a: Torkoal|Overheat|p1a: Probopass
|-resisted|p1a: Probopass
|-damage|p1a: Probopass|69/100
|-unboost|p2a: Torkoal|spa|2
|
|-weather|SunnyDay|[upkeep]
|-heal|p1a: Probopass|75/100|[from] item: Leftovers
|upkeep
|turn|22
|
|t:|1760378677
|switch|p2a: Raging Bolt|Raging Bolt|100/100
|-activate|p2a: Raging Bolt|ability: Protosynthesis
|-start|p2a: Raging Bolt|protosynthesisspa
|move|p1a: Probopass|Iron Defense|p1a: Probopass
|-boost|p1a: Probopass|def|2
|
|-weather|SunnyDay|[upkeep]
|-heal|p1a: Probopass|81/100|[from] item: Leftovers
|upkeep
|turn|23
|
|t:|1760378687
|move|p2a: Raging Bolt|Dragon Pulse|p1a: Probopass
|-supereffective|p1a: Probopass
|-damage|p1a: Probopass|0 fnt
|faint|p1a: Probopass
|-damage|p2a: Raging Bolt|91/100|[from] item: Life Orb
|
|-weather|SunnyDay|[upkeep]
|upkeep
|
|t:|1760378691
|switch|p1a: Dewgong|Dewgong, F, shiny|22/100
|turn|24
|
|t:|1760378696
|move|p1a: Dewgong|Protect|p1a: Dewgong
|-singleturn|p1a: Dewgong|Protect
|move|p2a: Raging Bolt|Solar Beam||[still]
|-prepare|p2a: Raging Bolt|Solar Beam
|-anim|p2a: Raging Bolt|Solar Beam|p1a: Dewgong
|-activate|p1a: Dewgong|move: Protect
|
|-weather|none
|-end|p2a: Raging Bolt|Protosynthesis
|-heal|p1a: Dewgong|28/100|[from] item: Leftovers
|upkeep
|turn|25
|
|t:|1760378705
|move|p2a: Raging Bolt|Thunderclap||[still]
|-fail|p2a: Raging Bolt
|move|p1a: Dewgong|Perish Song|p1a: Dewgong
|-start|p1a: Dewgong|perish3|[silent]
|-start|p2a: Raging Bolt|perish3|[silent]
|-fieldactivate|move: Perish Song
|
|-heal|p1a: Dewgong|34/100|[from] item: Leftovers
|-start|p2a: Raging Bolt|perish3
|-start|p1a: Dewgong|perish3
|upkeep
|turn|26
|
|t:|1760378716
|move|p1a: Dewgong|Protect|p1a: Dewgong
|-singleturn|p1a: Dewgong|Protect
|move|p2a: Raging Bolt|Weather Ball|p1a: Dewgong
|-activate|p1a: Dewgong|move: Protect
|
|-heal|p1a: Dewgong|41/100|[from] item: Leftovers
|-start|p2a: Raging Bolt|perish2
|-start|p1a: Dewgong|perish2
|upkeep
|turn|27
|
|t:|1760378725
|move|p2a: Raging Bolt|Weather Ball|p1a: Dewgong
|-damage|p1a: Dewgong|23/100
|-damage|p2a: Raging Bolt|81/100|[from] item: Life Orb
|move|p1a: Dewgong|Disable|p2a: Raging Bolt
|-start|p2a: Raging Bolt|Disable|Weather Ball
|
|-heal|p1a: Dewgong|30/100|[from] item: Leftovers
|-start|p2a: Raging Bolt|perish1
|-start|p1a: Dewgong|perish1
|upkeep
|turn|28
|c|☆Marco789987|GG
|
|t:|1760378737
|-end|p2a: Raging Bolt|Protosynthesis|[silent]
|switch|p2a: Torkoal|Torkoal, F|66/100
|-weather|SunnyDay|[from] ability: Drought|[of] p2a: Torkoal
|move|p1a: Dewgong|Protect||[still]
|-fail|p1a: Dewgong
|
|-weather|SunnyDay|[upkeep]
|-heal|p1a: Dewgong|36/100|[from] item: Leftovers
|-start|p1a: Dewgong|perish0
|upkeep
|faint|p1a: Dewgong
|
|win|ArafEsmail
|raw|Marco789987's rating: 1093 &rarr; <strong>1068</strong><br />(-25 for losing)
|raw|ArafEsmail's rating: 1076 &rarr; <strong>1106</strong><br />(+30 for winning)
|l|☆Marco789987
|player|p1|
|n|☆ArafEsmail|arafesmail
