|j|☆Overgame00
|j|☆TalkToEmProphet
|t:|1760448185
|gametype|singles
|player|p1|Overgame00|baker|1409
|player|p2|TalkToEmProphet|crasherwake|1392
|gen|9
|tier|[Gen 9] OU
|rated|
|rule|HP Percentage Mod: HP is shown in percentages
|rule|Endless Battle Clause: Forcing endless battles is banned
|rule|Species Clause: Limit one of each Pokémon
|rule|OHKO Clause: OHKO moves are banned
|rule|Evasion Items Clause: Evasion items are banned
|rule|Evasion Moves Clause: Evasion moves are banned
|rule|Evasion Abilities Clause: Evasion abilities are banned
|rule|Sleep Moves Clause: Sleep-inducing moves are banned
|clearpoke
|poke|p1|Revavroom, M|
|poke|p1|Enamorus, F|
|poke|p1|Cinderace, M|
|poke|p1|Ting-Lu|
|poke|p1|Ogerpon-Wellspring, F|
|poke|p1|Raging Bolt|
|poke|p2|Kingambit, M|
|poke|p2|Ursaluna, F|
|poke|p2|Raging Bolt|
|poke|p2|Araquanid, F|
|poke|p2|Hatterene, F|
|poke|p2|Deoxys-Defense|
|teampreview
|
|t:|1760448212
|teamsize|p1|6
|teamsize|p2|6
|start
|switch|p1a: RatherMadThunder|Raging Bolt|100/100
|switch|p2a: Hattrick|Hatterene, F|100/100
|turn|1
|
|t:|1760448224
|move|p1a: RatherMadThunder|Volt Switch|p2a: Hattrick
|-damage|p2a: Hattrick|54/100
|
|t:|1760448228
|-end|p1a: RatherMadThunder|Protosynthesis|[silent]
|switch|p1a: Bambi|Ting-Lu|100/100|[from] Volt Switch
|-ability|p1a: Bambi|Vessel of Ruin
|move|p2a: Hattrick|Trick Room|p2a: Hattrick
|-fieldstart|move: Trick Room|[of] p2a: Hattrick
|
|upkeep
|turn|2
|c|☆TalkToEmProphet|Specs for sure lmfao
|
|t:|1760448250
|switch|p2a: Spooderman|Araquanid, F|100/100
|move|p1a: Bambi|Heavy Slam|p2a: Spooderman
|-resisted|p2a: Spooderman
|-damage|p2a: Spooderman|83/100
|
|upkeep
|turn|3
|
|t:|1760448258
|move|p2a: Spooderman|Leech Life|p1a: Bambi
|-supereffective|p1a: Bambi
|-damage|p1a: Bambi|51/100
|-heal|p2a: Spooderman|100/100|[from] drain|[of] p1a: Bambi
|move|p1a: Bambi|Whirlwind|p2a: Spooderman
|drag|p2a: Shoc Caller|Raging Bolt|100/100
|
|-heal|p1a: Bambi|57/100|[from] item: Leftovers
|upkeep
|turn|4
|
|t:|1760448266
|-end|p2a: Shoc Caller|Protosynthesis|[silent]
|switch|p2a: Spooderman|Araquanid, F|100/100
|move|p1a: Bambi|Ruination|p2a: Spooderman
|-damage|p2a: Spooderman|51/100
|
|-heal|p1a: Bambi|64/100|[from] item: Leftovers
|upkeep
|turn|5
|
|t:|1760448270
|switch|p1a: Ogeporn|Ogerpon-Wellspring, F|100/100
|move|p2a: Spooderman|Leech Life|p1a: Ogeporn
|-supereffective|p1a: Ogeporn
|-damage|p1a: Ogeporn|0 fnt
|-heal|p2a: Spooderman|95/100|[from] drain|[of] p1a: Ogeporn
|faint|p1a: Ogeporn
|
|-fieldend|move: Trick Room
|upkeep
|
|t:|1760448273
|switch|p1a: TURBOMOTORE|Revavroom, M|100/100
|turn|6
|
|t:|1760448293
|switch|p2a: SecurrrtyInDaCluub|Deoxys-Defense|100/100
|-ability|p2a: SecurrrtyInDaCluub|Pressure
|move|p1a: TURBOMOTORE|Shift Gear|p1a: TURBOMOTORE
|-boost|p1a: TURBOMOTORE|spe|2
|-boost|p1a: TURBOMOTORE|atk|1
|
|upkeep
|turn|7
|
|t:|1760448304
|move|p1a: TURBOMOTORE|Gunk Shot|p2a: SecurrrtyInDaCluub
|-damage|p2a: SecurrrtyInDaCluub|35/100
|-status|p2a: SecurrrtyInDaCluub|psn
|move|p2a: SecurrrtyInDaCluub|Trick Room|p2a: SecurrrtyInDaCluub
|-fieldstart|move: Trick Room|[of] p2a: SecurrrtyInDaCluub
|
|-heal|p2a: SecurrrtyInDaCluub|41/100 psn|[from] item: Leftovers
|-damage|p2a: SecurrrtyInDaCluub|29/100 psn|[from] psn
|upkeep
|turn|8
|
|t:|1760448321
|switch|p2a: 93.9-111.1%|Ursaluna, F|100/100
|switch|p1a: Bambi|Ting-Lu|64/100
|-ability|p1a: Bambi|Vessel of Ruin
|
|-heal|p1a: Bambi|70/100|[from] item: Leftovers
|-status|p2a: 93.9-111.1%|brn|[from] item: Flame Orb
|upkeep
|turn|9
|
|t:|1760448328
|move|p2a: 93.9-111.1%|Facade|p1a: Bambi
|-damage|p1a: Bambi|4/100
|move|p1a: Bambi|Whirlwind|p2a: 93.9-111.1%
|drag|p2a: Shoc Caller|Raging Bolt|100/100
|
|-heal|p1a: Bambi|10/100|[from] item: Leftovers
|upkeep
|turn|10
|
|t:|1760448339
|move|p1a: Bambi|Earthquake|p2a: Shoc Caller
|-supereffective|p2a: Shoc Caller
|-damage|p2a: Shoc Caller|35/100
|move|p2a: Shoc Caller|Dragon Pulse|p1a: Bambi
|-damage|p1a: Bambi|0 fnt
|faint|p1a: Bambi
|
|-heal|p2a: Shoc Caller|41/100|[from] item: Leftovers
|upkeep
|
|t:|1760448348
|switch|p1a: Napoli|Cinderace, M|100/100
|turn|11
|
|t:|1760448355
|move|p1a: Napoli|Sucker Punch|p2a: Shoc Caller
|-start|p1a: Napoli|typechange|Dark|[from] ability: Libero
|-damage|p2a: Shoc Caller|15/100
|move|p2a: Shoc Caller|Thunderbolt|p1a: Napoli
|-damage|p1a: Napoli|26/100
|
|-heal|p2a: Shoc Caller|21/100|[from] item: Leftovers
|-fieldend|move: Trick Room
|upkeep
|turn|12
|
|t:|1760448360
|move|p2a: Shoc Caller|Thunderclap|p1a: Napoli
|-damage|p1a: Napoli|0 fnt
|faint|p1a: Napoli
|
|-heal|p2a: Shoc Caller|27/100|[from] item: Leftovers
|upkeep
|
|t:|1760448367
|switch|p1a: RatherMadThunder|Raging Bolt|100/100
|turn|13
|
|t:|1760448379
|-end|p2a: Shoc Caller|Protosynthesis|[silent]
|switch|p2a: 93.9-111.1%|Ursaluna, F|100/100 brn
|move|p1a: RatherMadThunder|Draco Meteor|p2a: 93.9-111.1%|[miss]
|-miss|p1a: RatherMadThunder|p2a: 93.9-111.1%
|
|-damage|p2a: 93.9-111.1%|94/100 brn|[from] brn
|upkeep
|turn|14
|c|☆TalkToEmProphet|sorry
|c|☆Overgame00|Oof
|c|☆Overgame00|Np
|
|t:|1760448399
|move|p1a: RatherMadThunder|Draco Meteor|p2a: 93.9-111.1%
|-damage|p2a: 93.9-111.1%|27/100 brn
|-unboost|p1a: RatherMadThunder|spa|2
|move|p2a: 93.9-111.1%|Facade|p1a: RatherMadThunder
|-damage|p1a: RatherMadThunder|3/100
|
|-heal|p1a: RatherMadThunder|10/100|[from] item: Leftovers
|-damage|p2a: 93.9-111.1%|21/100 brn|[from] brn
|upkeep
|turn|15
|
|t:|1760448409
|switch|p2a: Hattrick|Hatterene, F|54/100
|move|p1a: RatherMadThunder|Draco Meteor|p2a: Hattrick
|-immune|p2a: Hattrick
|
|-heal|p1a: RatherMadThunder|16/100|[from] item: Leftovers
|upkeep
|turn|16
|
|t:|1760448416
|move|p1a: RatherMadThunder|Volt Switch|p2a: Hattrick
|-damage|p2a: Hattrick|33/100
|
|t:|1760448421
|-end|p1a: RatherMadThunder|Protosynthesis|[silent]
|switch|p1a: Enamorbius|Enamorus, F|100/100|[from] Volt Switch
|move|p2a: Hattrick|Trick Room|p2a: Hattrick
|-fieldstart|move: Trick Room|[of] p2a: Hattrick
|
|upkeep
|turn|17
|c|☆TalkToEmProphet|ooh he's not specs
|
|t:|1760448451
|move|p2a: Hattrick|Healing Wish|p2a: Hattrick
|faint|p2a: Hattrick
|move|p1a: Enamorbius|Moonblast|p2: Hattrick|[notarget]
|-fail|p1a: Enamorbius
|
|upkeep
|
|t:|1760448461
|switch|p2a: Spooderman|Araquanid, F|95/100
|-heal|p2a: Spooderman|100/100|[from] move: Healing Wish
|turn|18
|
|t:|1760448466
|-terastallize|p2a: Spooderman|Water
|move|p2a: Spooderman|Liquidation|p1a: Enamorbius
|-damage|p1a: Enamorbius|0 fnt
|faint|p1a: Enamorbius
|
|upkeep
|
|t:|1760448470
|switch|p1a: RatherMadThunder|Raging Bolt|16/100
|turn|19
|
|t:|1760448473
|move|p1a: RatherMadThunder|Thunderclap|p2a: Spooderman
|-supereffective|p2a: Spooderman
|-damage|p2a: Spooderman|37/100
|move|p2a: Spooderman|Liquidation|p1a: RatherMadThunder
|-resisted|p1a: RatherMadThunder
|-damage|p1a: RatherMadThunder|0 fnt
|faint|p1a: RatherMadThunder
|-end|p1a: RatherMadThunder|Protosynthesis|[silent]
|
|upkeep
|
|t:|1760448475
|switch|p1a: TURBOMOTORE|Revavroom, M|100/100
|turn|20
|
|t:|1760448479
|move|p2a: Spooderman|Liquidation|p1a: TURBOMOTORE
|-damage|p1a: TURBOMOTORE|0 fnt
|faint|p1a: TURBOMOTORE
|
|win|TalkToEmProphet
|raw|Overgame00's rating: 1409 &rarr; <strong>1388</strong><br />(-21 for losing)
|raw|TalkToEmProphet's rating: 1392 &rarr; <strong>1413</strong><br />(+21 for winning)
|c|☆TalkToEmProphet|gg
|c|☆Overgame00|Gg
|l|☆Overgame00
|player|p1|
|l|☆TalkToEmProphet
|player|p2|
