|j|☆necrohearts
|j|☆Noobskillstrongs
|t:|1760461414
|gametype|singles
|player|p1|necrohearts|jupiter|1225
|player|p2|Noobskillstrongs|lucian|1232
|gen|9
|tier|[Gen 9] OU
|rated|
|rule|HP Percentage Mod: HP is shown in percentages
|rule|Endless Battle Clause: Forcing endless battles is banned
|rule|Species Clause: Limit one of each Pokémon
|rule|OHKO Clause: OHKO moves are banned
|rule|Evasion Items Clause: Evasion items are banned
|rule|Evasion Moves Clause: Evasion moves are banned
|rule|Evasion Abilities Clause: Evasion abilities are banned
|rule|Sleep Moves Clause: Sleep-inducing moves are banned
|clearpoke
|poke|p1|Darkrai|
|poke|p1|Great Tusk|
|poke|p1|Dragonite, F|
|poke|p1|Cinderace, M|
|poke|p1|Corviknight, M|
|poke|p1|Primarina, M|
|poke|p2|Honchkrow, M|
|poke|p2|Garchomp, M|
|poke|p2|Metagross|
|poke|p2|Hydreigon, F|
|poke|p2|Weavile, M|
|poke|p2|Frosmoth, F|
|teampreview
|
|t:|1760461440
|teamsize|p1|6
|teamsize|p2|6
|start
|switch|p1a: Sear|Cinderace, M|100/100
|switch|p2a: Frosmoth|Frosmoth, F|100/100
|turn|1
|
|t:|1760461444
|switch|p2a: Garchomp|Garchomp, M|100/100
|move|p1a: Sear|Pyro Ball|p2a: Garchomp
|-resisted|p2a: Garchomp
|-damage|p2a: Garchomp|71/100
|
|-heal|p2a: Garchomp|77/100|[from] item: Leftovers
|upkeep
|turn|2
|
|t:|1760461449
|move|p1a: Sear|U-turn|p2a: Garchomp
|-start|p1a: Sear|typechange|Bug|[from] ability: Libero
|-damage|p2a: Garchomp|44/100
|-damage|p1a: Sear|88/100|[from] ability: Rough Skin|[of] p2a: Garchomp
|inactive|Battle timer is ON: inactive players will automatically lose when time's up. (requested by Noobskillstrongs)
|
|t:|1760461467
|switch|p1a: Deuce|Great Tusk|100/100|[from] U-turn
|move|p2a: Garchomp|Dragon Tail|p1a: Deuce
|-damage|p1a: Deuce|80/100
|-damage|p2a: Garchomp|27/100|[from] item: Rocky Helmet|[of] p1a: Deuce
|-end|p1a: Deuce|Protosynthesis|[silent]
|drag|p1a: Scoot|Dragonite, F|100/100
|
|-heal|p2a: Garchomp|33/100|[from] item: Leftovers
|upkeep
|turn|3
|inactive|necrohearts has 120 seconds left.
|
|t:|1760461515
|switch|p1a: Deuce|Great Tusk|80/100
|move|p2a: Garchomp|Dragon Claw|p1a: Deuce
|-damage|p1a: Deuce|54/100
|-damage|p2a: Garchomp|17/100|[from] item: Rocky Helmet|[of] p1a: Deuce
|
|-heal|p2a: Garchomp|23/100|[from] item: Leftovers
|upkeep
|turn|4
|l|☆Noobskillstrongs
|inactive|Noobskillstrongs disconnected and has a minute to reconnect!
|player|p2|
|j|☆Noobskillstrongs
|inactive|Noobskillstrongs reconnected and has 145 seconds left.
|player|p2|Noobskillstrongs|lucian|
|
|t:|1760461527
|move|p2a: Garchomp|Earthquake|p1a: Deuce
|-damage|p1a: Deuce|22/100
|move|p1a: Deuce|Ice Spinner|p2a: Garchomp
|-supereffective|p2a: Garchomp
|-damage|p2a: Garchomp|0 fnt
|-damage|p1a: Deuce|9/100|[from] ability: Rough Skin|[of] p2a: Garchomp
|faint|p2a: Garchomp
|
|upkeep
|
|t:|1760461532
|switch|p2a: Honchkrow|Honchkrow, M|100/100
|turn|5
|
|t:|1760461538
|move|p1a: Deuce|Ice Spinner|p2a: Honchkrow
|-supereffective|p2a: Honchkrow
|-damage|p2a: Honchkrow|15/100
|move|p2a: Honchkrow|Swagger|p1a: Deuce
|-boost|p1a: Deuce|atk|2
|-start|p1a: Deuce|confusion
|-enditem|p2a: Honchkrow|Mirror Herb
|-boost|p2a: Honchkrow|atk|2|[from] item: Mirror Herb
|
|upkeep
|turn|6
|
|t:|1760461543
|move|p2a: Honchkrow|Sucker Punch|p1a: Deuce
|-resisted|p1a: Deuce
|-damage|p1a: Deuce|0 fnt
|-damage|p2a: Honchkrow|0 fnt|[from] item: Rocky Helmet|[of] p1a: Deuce
|faint|p1a: Deuce
|-end|p1a: Deuce|Protosynthesis|[silent]
|faint|p2a: Honchkrow
|
|upkeep
|-message|Noobskillstrongs forfeited.
|
|win|necrohearts
|raw|necrohearts's rating: 1225 &rarr; <strong>1251</strong><br />(+26 for winning)
|raw|Noobskillstrongs's rating: 1232 &rarr; <strong>1206</strong><br />(-26 for losing)
|l|☆Noobskillstrongs
|player|p2|
