|j|☆CyborgParrot127
|j|☆ollierob1
|t:|1760352184
|gametype|singles
|player|p1|CyborgParrot127|101|1691
|player|p2|ollierob1|hoopster|1583
|gen|9
|tier|[Gen 9] OU
|rated|
|rule|HP Percentage Mod: HP is shown in percentages
|rule|Endless Battle Clause: Forcing endless battles is banned
|rule|Species Clause: Limit one of each Pokémon
|rule|OHKO Clause: OHKO moves are banned
|rule|Evasion Items Clause: Evasion items are banned
|rule|Evasion Moves Clause: Evasion moves are banned
|rule|Evasion Abilities Clause: Evasion abilities are banned
|rule|Sleep Moves Clause: Sleep-inducing moves are banned
|clearpoke
|poke|p1|Tyranitar, F|
|poke|p1|Excadrill, F|
|poke|p1|Hydrapple, M|
|poke|p1|Tornadus-Therian, M|
|poke|p1|Iron Valiant|
|poke|p1|Arcanine-Hisui, M|
|poke|p2|Great Tusk|
|poke|p2|Glimmora, M|
|poke|p2|Dragonite, M|
|poke|p2|Deoxys-Speed|
|poke|p2|Ceruledge, F|
|poke|p2|Iron Valiant|
|teampreview
|
|t:|1760352201
|teamsize|p1|6
|teamsize|p2|6
|start
|switch|p1a: Tornadus|Tornadus-Therian, M|100/100
|switch|p2a: Deoxys|Deoxys-Speed, shiny|100/100
|-ability|p2a: Deoxys|Pressure
|turn|1
|
|t:|1760352209
|move|p2a: Deoxys|Reflect|p2a: Deoxys
|-sidestart|p2: ollierob1|Reflect
|move|p1a: Tornadus|Knock Off|p2a: Deoxys
|-supereffective|p2a: Deoxys
|-damage|p2a: Deoxys|80/100
|-enditem|p2a: Deoxys|Light Clay|[from] move: Knock Off|[of] p1a: Tornadus
|
|upkeep
|turn|2
|
|t:|1760352213
|move|p2a: Deoxys|Light Screen|p2a: Deoxys
|-sidestart|p2: ollierob1|move: Light Screen
|move|p1a: Tornadus|Bleakwind Storm|p2a: Deoxys
|-damage|p2a: Deoxys|58/100
|
|upkeep
|turn|3
|
|t:|1760352219
|switch|p2a: Glimmora|Glimmora, M, shiny|100/100
|move|p1a: Tornadus|Knock Off|p2a: Glimmora
|-damage|p2a: Glimmora|87/100
|-activate|p2a: Glimmora|ability: Toxic Debris
|-sidestart|p1: CyborgParrot127|move: Toxic Spikes
|-enditem|p2a: Glimmora|Power Herb|[from] move: Knock Off|[of] p1a: Tornadus
|
|upkeep
|turn|4
|
|t:|1760352231
|move|p1a: Tornadus|Bleakwind Storm|p2a: Glimmora
|-resisted|p2a: Glimmora
|-crit|p2a: Glimmora
|-damage|p2a: Glimmora|52/100
|move|p2a: Glimmora|Stealth Rock|p1a: Tornadus
|-sidestart|p1: CyborgParrot127|move: Stealth Rock
|
|upkeep
|turn|5
|
|t:|1760352245
|switch|p2a: Dragonite|Dragonite, M, shiny|100/100
|move|p1a: Tornadus|Bleakwind Storm|p2a: Dragonite
|-damage|p2a: Dragonite|94/100
|
|upkeep
|turn|6
|
|t:|1760352253
|move|p1a: Tornadus|U-turn|p2a: Dragonite
|-resisted|p2a: Dragonite
|-damage|p2a: Dragonite|91/100
|
|t:|1760352255
|switch|p1a: Tyranitar|Tyranitar, F|100/100|[from] U-turn
|-status|p1a: Tyranitar|psn
|-damage|p1a: Tyranitar|88/100 psn|[from] Stealth Rock
|-weather|Sandstorm|[from] ability: Sand Stream|[of] p1a: Tyranitar
|move|p2a: Dragonite|Dragon Dance|p2a: Dragonite
|-boost|p2a: Dragonite|atk|1
|-boost|p2a: Dragonite|spe|1
|
|-weather|Sandstorm|[upkeep]
|-damage|p2a: Dragonite|84/100|[from] Sandstorm
|-heal|p1a: Tyranitar|94/100 psn|[from] item: Leftovers
|-damage|p1a: Tyranitar|82/100 psn|[from] psn
|-sideend|p2: ollierob1|move: Light Screen
|upkeep
|turn|7
|
|t:|1760352261
|move|p2a: Dragonite|Roost|p2a: Dragonite
|-heal|p2a: Dragonite|100/100
|-singleturn|p2a: Dragonite|move: Roost
|move|p1a: Tyranitar|Roar|p2a: Dragonite
|drag|p2a: Iron Valiant|Iron Valiant, shiny|100/100
|-enditem|p2a: Iron Valiant|Booster Energy
|-activate|p2a: Iron Valiant|ability: Quark Drive|[fromitem]
|-start|p2a: Iron Valiant|quarkdrivespe
|
|-weather|Sandstorm|[upkeep]
|-damage|p2a: Iron Valiant|94/100|[from] Sandstorm
|-heal|p1a: Tyranitar|88/100 psn|[from] item: Leftovers
|-damage|p1a: Tyranitar|76/100 psn|[from] psn
|upkeep
|turn|8
|
|t:|1760352275
|move|p2a: Iron Valiant|Close Combat|p1a: Tyranitar
|-supereffective|p1a: Tyranitar
|-damage|p1a: Tyranitar|0 fnt
|-unboost|p2a: Iron Valiant|def|1
|-unboost|p2a: Iron Valiant|spd|1
|faint|p1a: Tyranitar
|
|-weather|Sandstorm|[upkeep]
|-damage|p2a: Iron Valiant|88/100|[from] Sandstorm
|-sideend|p2: ollierob1|Reflect
|upkeep
|
|t:|1760352280
|switch|p1a: Excadrill|Excadrill, F|100/100
|-damage|p1a: Excadrill|97/100|[from] Stealth Rock
|-item|p1a: Excadrill|Air Balloon
|turn|9
|
|t:|1760352297
|-end|p2a: Iron Valiant|Quark Drive|[silent]
|switch|p2a: Deoxys|Deoxys-Speed, shiny|58/100
|-ability|p2a: Deoxys|Pressure
|move|p1a: Excadrill|Earthquake|p2a: Deoxys
|-damage|p2a: Deoxys|0 fnt
|faint|p2a: Deoxys
|
|-weather|Sandstorm|[upkeep]
|upkeep
|
|t:|1760352321
|switch|p2a: Great Tusk|Great Tusk, shiny|100/100
|-enditem|p2a: Great Tusk|Booster Energy
|-activate|p2a: Great Tusk|ability: Protosynthesis|[fromitem]
|-start|p2a: Great Tusk|protosynthesisspe
|turn|10
|
|t:|1760352325
|move|p1a: Excadrill|Rapid Spin|p2a: Great Tusk
|-damage|p2a: Great Tusk|90/100
|-boost|p1a: Excadrill|spe|1
|-sideend|p1: CyborgParrot127|Toxic Spikes|[from] move: Rapid Spin|[of] p1a: Excadrill
|-sideend|p1: CyborgParrot127|Stealth Rock|[from] move: Rapid Spin|[of] p1a: Excadrill
|move|p2a: Great Tusk|Bulk Up|p2a: Great Tusk
|-boost|p2a: Great Tusk|atk|1
|-boost|p2a: Great Tusk|def|1
|
|-weather|none
|upkeep
|turn|11
|
|t:|1760352343
|move|p1a: Excadrill|Earthquake|p2a: Great Tusk
|-damage|p2a: Great Tusk|66/100
|move|p2a: Great Tusk|Head Smash|p1a: Excadrill
|-resisted|p1a: Excadrill
|-damage|p1a: Excadrill|75/100
|-enditem|p1a: Excadrill|Air Balloon
|-damage|p2a: Great Tusk|56/100|[from] Recoil
|
|upkeep
|turn|12
|
|t:|1760352351
|move|p1a: Excadrill|Swords Dance|p1a: Excadrill
|-boost|p1a: Excadrill|atk|2
|move|p2a: Great Tusk|Headlong Rush|p1a: Excadrill
|-supereffective|p1a: Excadrill
|-damage|p1a: Excadrill|0 fnt
|-unboost|p2a: Great Tusk|def|1
|-unboost|p2a: Great Tusk|spd|1
|faint|p1a: Excadrill
|
|upkeep
|
|t:|1760352353
|switch|p1a: Hydrapple|Hydrapple, M|100/100
|turn|13
|
|t:|1760352366
|-end|p2a: Great Tusk|Protosynthesis|[silent]
|switch|p2a: Glimmora|Glimmora, M, shiny|52/100
|move|p1a: Hydrapple|Giga Drain|p2a: Glimmora
|-damage|p2a: Glimmora|15/100
|
|upkeep
|turn|14
|
|t:|1760352372
|switch|p1a: Tornadus|Tornadus-Therian, M|100/100
|move|p2a: Glimmora|Stealth Rock|p1a: Tornadus
|-sidestart|p1: CyborgParrot127|move: Stealth Rock
|
|upkeep
|turn|15
|
|t:|1760352376
|move|p1a: Tornadus|Bleakwind Storm|p2a: Glimmora
|-resisted|p2a: Glimmora
|-damage|p2a: Glimmora|0 fnt
|faint|p2a: Glimmora
|
|upkeep
|
|t:|1760352399
|switch|p2a: Dragonite|Dragonite, M, shiny|100/100
|turn|16
|
|t:|1760352404
|move|p1a: Tornadus|U-turn|p2a: Dragonite
|-resisted|p2a: Dragonite
|-damage|p2a: Dragonite|97/100
|
|t:|1760352408
|switch|p1a: Iron Valiant|Iron Valiant|100/100|[from] U-turn
|-damage|p1a: Iron Valiant|94/100|[from] Stealth Rock
|-enditem|p1a: Iron Valiant|Booster Energy
|-activate|p1a: Iron Valiant|ability: Quark Drive|[fromitem]
|-start|p1a: Iron Valiant|quarkdrivespe
|move|p2a: Dragonite|Dragon Dance|p2a: Dragonite
|-boost|p2a: Dragonite|atk|1
|-boost|p2a: Dragonite|spe|1
|
|upkeep
|turn|17
|
|t:|1760352440
|-terastallize|p1a: Iron Valiant|Steel
|move|p1a: Iron Valiant|Encore|p2a: Dragonite
|-start|p2a: Dragonite|Encore
|move|p2a: Dragonite|Dragon Dance|p2a: Dragonite
|-boost|p2a: Dragonite|atk|1
|-boost|p2a: Dragonite|spe|1
|
|upkeep
|turn|18
|
|t:|1760352464
|-terastallize|p2a: Dragonite|Fairy
|move|p1a: Iron Valiant|Moonblast|p2a: Dragonite
|-damage|p2a: Dragonite|66/100
|move|p2a: Dragonite|Dragon Dance|p2a: Dragonite
|-boost|p2a: Dragonite|atk|1
|-boost|p2a: Dragonite|spe|1
|
|upkeep
|turn|19
|
|t:|1760352487
|move|p2a: Dragonite|Dragon Dance|p2a: Dragonite
|-boost|p2a: Dragonite|atk|1
|-boost|p2a: Dragonite|spe|1
|move|p1a: Iron Valiant|Moonblast|p2a: Dragonite
|-damage|p2a: Dragonite|33/100
|
|-end|p2a: Dragonite|Encore
|upkeep
|turn|20
|
|t:|1760352499
|move|p2a: Dragonite|Roost|p2a: Dragonite
|-heal|p2a: Dragonite|83/100
|move|p1a: Iron Valiant|Encore|p2a: Dragonite
|-start|p2a: Dragonite|Encore
|
|upkeep
|turn|21
|
|t:|1760352503
|-end|p1a: Iron Valiant|Quark Drive|[silent]
|switch|p1a: Arcanine|Arcanine-Hisui, M|100/100
|-damage|p1a: Arcanine|76/100|[from] Stealth Rock
|move|p2a: Dragonite|Roost|p2a: Dragonite
|-heal|p2a: Dragonite|100/100
|
|upkeep
|turn|22
|
|t:|1760352506
|move|p2a: Dragonite|Roost||[still]
|-fail|p2a: Dragonite|heal
|move|p1a: Arcanine|Head Smash|p2a: Dragonite
|-damage|p2a: Dragonite|49/100
|
|upkeep
|turn|23
|
|t:|1760352514
|move|p2a: Dragonite|Roost|p2a: Dragonite
|-heal|p2a: Dragonite|99/100
|move|p1a: Arcanine|Head Smash|p2a: Dragonite
|-crit|p2a: Dragonite
|-damage|p2a: Dragonite|0 fnt
|faint|p2a: Dragonite
|
|upkeep
|-message|ollierob1 forfeited.
|
|win|CyborgParrot127
|raw|CyborgParrot127's rating: 1691 &rarr; <strong>1705</strong><br />(+14 for winning)
|raw|ollierob1's rating: 1583 &rarr; <strong>1569</strong><br />(-14 for losing)
|l|☆ollierob1
|player|p2|
|l|☆CyborgParrot127
|player|p1|
