|j|☆mercadocentral
|j|☆Stalphyr
|t:|1760453588
|gametype|singles
|player|p1|mercadocentral|cynthia|1220
|player|p2|Stalphyr|169|1257
|gen|9
|tier|[Gen 9] OU
|rated|
|rule|HP Percentage Mod: HP is shown in percentages
|rule|Endless Battle Clause: Forcing endless battles is banned
|rule|Species Clause: Limit one of each Pokémon
|rule|OHKO Clause: OHKO moves are banned
|rule|Evasion Items Clause: Evasion items are banned
|rule|Evasion Moves Clause: Evasion moves are banned
|rule|Evasion Abilities Clause: Evasion abilities are banned
|rule|Sleep Moves Clause: Sleep-inducing moves are banned
|clearpoke
|poke|p1|Carbink, L1|
|poke|p1|Braviary-Hisui, M|
|poke|p1|Ursaluna, M|
|poke|p1|Kingambit, M|
|poke|p1|Iron Hands|
|poke|p1|Hatterene, F|
|poke|p2|Golurk|
|poke|p2|Ursaluna, M|
|poke|p2|Iron Moth|
|poke|p2|Kyurem|
|poke|p2|Scizor, M|
|poke|p2|Iron Jugulis|
|teampreview
|inactive|Battle timer is ON: inactive players will automatically lose when time's up. (requested by Stalphyr)
|
|t:|1760453604
|teamsize|p1|6
|teamsize|p2|6
|start
|switch|p1a: Carbink|Carbink, L1, shiny|100/100
|switch|p2a: Golurk|Golurk, shiny|100/100
|turn|1
|
|t:|1760453612
|move|p2a: Golurk|Dynamic Punch|p1a: Carbink
|-ability|p1a: Carbink|Sturdy
|-damage|p1a: Carbink|9/100
|-start|p1a: Carbink|confusion
|-activate|p1a: Carbink|confusion
|move|p1a: Carbink|Trick Room|p1a: Carbink
|-fieldstart|move: Trick Room|[of] p1a: Carbink
|
|-damage|p1a: Carbink|0 fnt|[from] item: Black Sludge
|faint|p1a: Carbink
|upkeep
|inactive|mercadocentral has 120 seconds left.
|inactive|mercadocentral has 90 seconds left.
|
|t:|1760453681
|switch|p1a: Iron Hands|Iron Hands|100/100
|-enditem|p1a: Iron Hands|Booster Energy
|-activate|p1a: Iron Hands|ability: Quark Drive|[fromitem]
|-start|p1a: Iron Hands|quarkdriveatk
|turn|2
|inactive|mercadocentral has 90 seconds left.
|
|t:|1760453693
|move|p1a: Iron Hands|Swords Dance|p1a: Iron Hands
|-boost|p1a: Iron Hands|atk|2
|move|p2a: Golurk|Earthquake|p1a: Iron Hands
|-supereffective|p1a: Iron Hands
|-damage|p1a: Iron Hands|23/100
|
|upkeep
|turn|3
|inactive|mercadocentral has 90 seconds left.
|
|t:|1760453717
|move|p1a: Iron Hands|Ice Punch|p2a: Golurk
|-supereffective|p2a: Golurk
|-damage|p2a: Golurk|0 fnt
|faint|p2a: Golurk
|
|upkeep
|inactive|Stalphyr has 120 seconds left.
|
|t:|1760453760
|switch|p2a: Scizor|Scizor, M|100/100
|turn|4
|inactive|mercadocentral has 90 seconds left.
|
|t:|1760453769
|move|p2a: Scizor|Bullet Punch|p1a: Iron Hands
|-resisted|p1a: Iron Hands
|-damage|p1a: Iron Hands|7/100
|move|p1a: Iron Hands|Drain Punch|p2a: Scizor
|-damage|p2a: Scizor|0 fnt
|-heal|p1a: Iron Hands|46/100|[from] drain|[of] p2a: Scizor
|faint|p2a: Scizor
|
|upkeep
|inactive|Stalphyr has 120 seconds left.
|inactive|Stalphyr has 90 seconds left.
|
|t:|1760453820
|switch|p2a: Ursaluna|Ursaluna, M|100/100
|turn|5
|
|t:|1760453827
|-terastallize|p2a: Ursaluna|Ghost
|move|p1a: Iron Hands|Ice Punch|p2a: Ursaluna
|-damage|p2a: Ursaluna|49/100
|move|p2a: Ursaluna|Earthquake|p1a: Iron Hands
|-supereffective|p1a: Iron Hands
|-damage|p1a: Iron Hands|0 fnt
|faint|p1a: Iron Hands
|-end|p1a: Iron Hands|Quark Drive|[silent]
|
|-fieldend|move: Trick Room
|-status|p2a: Ursaluna|brn|[from] item: Flame Orb
|upkeep
|inactive|mercadocentral has 90 seconds left.
|
|t:|1760453857
|switch|p1a: Braviary|Braviary-Hisui, M, shiny|100/100
|turn|6
|inactive|Stalphyr has 90 seconds left.
|
|t:|1760453894
|move|p2a: Ursaluna|Facade|p1a: Braviary
|-damage|p1a: Braviary|0 fnt
|faint|p1a: Braviary
|
|-damage|p2a: Ursaluna|43/100 brn|[from] brn
|upkeep
|inactive|mercadocentral has 90 seconds left.
|
|t:|1760453913
|switch|p1a: Hatterene|Hatterene, F|100/100
|turn|7
|inactive|Stalphyr has 60 seconds left.
|inactive|Stalphyr has 30 seconds left.
|
|t:|1760453975
|move|p2a: Ursaluna|Facade|p1a: Hatterene
|-enditem|p1a: Hatterene|Focus Sash
|-damage|p1a: Hatterene|1/100
|move|p1a: Hatterene|Trick Room|p1a: Hatterene
|-fieldstart|move: Trick Room|[of] p1a: Hatterene
|
|-damage|p2a: Ursaluna|37/100 brn|[from] brn
|upkeep
|turn|8
|inactive|Stalphyr has 30 seconds left.
|inactive|mercadocentral has 90 seconds left.
|
|t:|1760453996
|move|p1a: Hatterene|Dazzling Gleam|p2a: Ursaluna
|-damage|p2a: Ursaluna|0 fnt
|faint|p2a: Ursaluna
|
|upkeep
|
|t:|1760454000
|switch|p2a: Iron Moth|Iron Moth|100/100
|-enditem|p2a: Iron Moth|Booster Energy
|-activate|p2a: Iron Moth|ability: Quark Drive|[fromitem]
|-start|p2a: Iron Moth|quarkdrivespa
|turn|9
|inactive|mercadocentral has 90 seconds left.
|
|t:|1760454006
|move|p1a: Hatterene|Psychic Noise|p2a: Iron Moth
|-supereffective|p2a: Iron Moth
|-damage|p2a: Iron Moth|2/100
|-start|p2a: Iron Moth|move: Heal Block
|move|p2a: Iron Moth|Fiery Dance|p1a: Hatterene
|-damage|p1a: Hatterene|0 fnt
|faint|p1a: Hatterene
|
|upkeep
|inactive|mercadocentral has 90 seconds left.
|
|t:|1760454018
|switch|p1a: Ursaluna|Ursaluna, M|100/100
|turn|10
|
|t:|1760454026
|move|p1a: Ursaluna|Facade|p2a: Iron Moth
|-crit|p2a: Iron Moth
|-damage|p2a: Iron Moth|0 fnt
|faint|p2a: Iron Moth
|-end|p2a: Iron Moth|Quark Drive|[silent]
|
|-status|p1a: Ursaluna|brn|[from] item: Flame Orb
|upkeep
|
|t:|1760454033
|switch|p2a: Kyurem|Kyurem|100/100
|-ability|p2a: Kyurem|Pressure
|turn|11
|
|t:|1760454045
|-terastallize|p1a: Ursaluna|Normal
|move|p1a: Ursaluna|Facade|p2a: Kyurem
|-damage|p2a: Kyurem|0 fnt
|faint|p2a: Kyurem
|
|-damage|p1a: Ursaluna|94/100 brn|[from] brn
|-fieldend|move: Trick Room
|upkeep
|inactive|Stalphyr has 60 seconds left.
|
|t:|1760454080
|switch|p2a: Iron Jugulis|Iron Jugulis|100/100
|turn|12
|
|t:|1760454084
|move|p2a: Iron Jugulis|Dark Pulse|p1a: Ursaluna
|-damage|p1a: Ursaluna|57/100 brn
|move|p1a: Ursaluna|Facade|p2a: Iron Jugulis
|-crit|p2a: Iron Jugulis
|-damage|p2a: Iron Jugulis|0 fnt
|faint|p2a: Iron Jugulis
|-end|p2a: Iron Jugulis|Quark Drive|[silent]
|
|win|mercadocentral
|raw|mercadocentral's rating: 1220 &rarr; <strong>1248</strong><br />(+28 for winning)
|raw|Stalphyr's rating: 1257 &rarr; <strong>1229</strong><br />(-28 for losing)
|l|☆Stalphyr
|player|p2|
