|j|☆sminey
|j|‽agency playa
|t:|1760345006
|gametype|singles
|player|p1|sminey|2|1655
|player|p2|agency playa|brendan|1613
|gen|9
|tier|[Gen 9] OU
|rated|
|rule|HP Percentage Mod: HP is shown in percentages
|rule|Endless Battle Clause: Forcing endless battles is banned
|rule|Species Clause: Limit one of each Pokémon
|rule|OHKO Clause: OHKO moves are banned
|rule|Evasion Items Clause: Evasion items are banned
|rule|Evasion Moves Clause: Evasion moves are banned
|rule|Evasion Abilities Clause: Evasion abilities are banned
|rule|Sleep Moves Clause: Sleep-inducing moves are banned
|clearpoke
|poke|p1|Latios, M|
|poke|p1|Cinderace, F|
|poke|p1|Weavile, F|
|poke|p1|Zapdos|
|poke|p1|Clefable, M|
|poke|p1|Slowking-Galar, F|
|poke|p2|Weezing-Galar, F|
|poke|p2|Garchomp, M|
|poke|p2|Samurott-Hisui, M|
|poke|p2|Slowking-Galar, M|
|poke|p2|Iron Treads|
|poke|p2|Zapdos|
|teampreview
|inactive|Battle timer is ON: inactive players will automatically lose when time's up. (requested by agency playa)
|inactive|agency playa has 120 seconds left.
|
|t:|1760345048
|teamsize|p1|6
|teamsize|p2|6
|start
|switch|p1a: Zapdos|Zapdos|100/100
|switch|p2a: Slowking|Slowking-Galar, M, shiny|100/100
|turn|1
|
|t:|1760345056
|move|p1a: Zapdos|Volt Switch|p2a: Slowking
|-damage|p2a: Slowking|84/100
|
|t:|1760345058
|switch|p1a: Slowking|Slowking-Galar, F|100/100|[from] Volt Switch
|move|p2a: Slowking|Sludge Bomb|p1a: Slowking
|-resisted|p1a: Slowking
|-damage|p1a: Slowking|91/100
|
|upkeep
|turn|2
|
|t:|1760345066
|switch|p1a: Zapdos|Zapdos|100/100
|move|p2a: Slowking|Psyshock|p1a: Zapdos
|-damage|p1a: Zapdos|71/100
|
|upkeep
|turn|3
|
|t:|1760345072
|move|p1a: Zapdos|Volt Switch|p2a: Slowking
|-damage|p2a: Slowking|70/100
|
|t:|1760345074
|switch|p1a: Slowking|Slowking-Galar, F|100/100|[from] Volt Switch
|move|p2a: Slowking|Sludge Bomb|p1a: Slowking
|-resisted|p1a: Slowking
|-damage|p1a: Slowking|91/100
|
|upkeep
|turn|4
|
|t:|1760345085
|switch|p2a: Samurott|Samurott-Hisui, M, shiny|100/100
|move|p1a: Slowking|Psyshock|p2a: Samurott
|-immune|p2a: Samurott
|
|upkeep
|turn|5
|
|t:|1760345096
|switch|p1a: Zapdos|Zapdos|71/100
|move|p2a: Samurott|Knock Off|p1a: Zapdos
|-crit|p1a: Zapdos
|-damage|p1a: Zapdos|22/100
|-status|p2a: Samurott|par|[from] ability: Static|[of] p1a: Zapdos
|-enditem|p1a: Zapdos|Heavy-Duty Boots|[from] move: Knock Off|[of] p2a: Samurott
|
|upkeep
|turn|6
|
|t:|1760345107
|switch|p2a: Slowking|Slowking-Galar, M, shiny|100/100
|move|p1a: Zapdos|Roost|p1a: Zapdos
|-heal|p1a: Zapdos|72/100
|-singleturn|p1a: Zapdos|move: Roost
|
|upkeep
|turn|7
|
|t:|1760345115
|move|p1a: Zapdos|Volt Switch|p2a: Slowking
|-damage|p2a: Slowking|84/100
|
|t:|1760345117
|switch|p1a: Slowking|Slowking-Galar, F|100/100|[from] Volt Switch
|move|p2a: Slowking|Psyshock|p1a: Slowking
|-damage|p1a: Slowking|59/100
|
|upkeep
|turn|8
|j| Rizzofreko
|
|t:|1760345124
|move|p1a: Slowking|Psyshock|p2a: Slowking
|-damage|p2a: Slowking|49/100
|move|p2a: Slowking|Psyshock|p1a: Slowking
|-damage|p1a: Slowking|18/100
|
|upkeep
|turn|9
|
|t:|1760345131
|switch|p1a: Weavile|Weavile, F|100/100
|-ability|p1a: Weavile|Pressure
|move|p2a: Slowking|Sludge Bomb|p1a: Weavile
|-damage|p1a: Weavile|32/100
|-status|p1a: Weavile|psn
|
|-damage|p1a: Weavile|20/100 psn|[from] psn
|upkeep
|turn|10
|
|t:|1760345142
|switch|p2a: Weezing|Weezing-Galar, F|100/100
|move|p1a: Weavile|Knock Off|p2a: Weezing
|-resisted|p2a: Weezing
|-damage|p2a: Weezing|85/100
|-damage|p1a: Weavile|3/100 psn|[from] item: Rocky Helmet|[of] p2a: Weezing
|-enditem|p2a: Weezing|Rocky Helmet|[from] move: Knock Off|[of] p1a: Weavile
|
|-damage|p1a: Weavile|0 fnt|[from] psn
|faint|p1a: Weavile
|upkeep
|
|t:|1760345151
|switch|p1a: Latios|Latios, M|100/100
|turn|11
|
|t:|1760345158
|switch|p2a: Samurott|Samurott-Hisui, M, shiny|100/100 par
|move|p1a: Latios|Flip Turn|p2a: Samurott
|-resisted|p2a: Samurott
|-damage|p2a: Samurott|93/100 par
|
|t:|1760345160
|switch|p1a: Cinderace|Cinderace, F|100/100|[from] Flip Turn
|
|upkeep
|turn|12
|
|t:|1760345167
|switch|p2a: Weezing|Weezing-Galar, F|85/100
|move|p1a: Cinderace|U-turn|p2a: Weezing
|-start|p1a: Cinderace|typechange|Bug|[from] ability: Libero
|-resisted|p2a: Weezing
|-damage|p2a: Weezing|80/100
|
|t:|1760345170
|switch|p1a: Latios|Latios, M|100/100|[from] U-turn
|
|upkeep
|turn|13
|
|t:|1760345178
|switch|p2a: Slowking|Slowking-Galar, M, shiny|83/100
|move|p1a: Latios|Flip Turn|p2a: Slowking
|-damage|p2a: Slowking|71/100
|
|t:|1760345181
|switch|p1a: Cinderace|Cinderace, F|100/100|[from] Flip Turn
|
|upkeep
|turn|14
|
|t:|1760345188
|switch|p2a: Garchomp|Garchomp, M|100/100
|move|p1a: Cinderace|Sucker Punch||[still]
|-fail|p1a: Cinderace
|
|upkeep
|turn|15
|
|t:|1760345199
|switch|p1a: Clefable|Clefable, M|100/100
|move|p2a: Garchomp|Earthquake|p1a: Clefable
|-damage|p1a: Clefable|67/100
|
|upkeep
|turn|16
|
|t:|1760345209
|switch|p2a: Slowking|Slowking-Galar, M, shiny|100/100
|move|p1a: Clefable|Moonlight|p1a: Clefable
|-heal|p1a: Clefable|100/100
|
|upkeep
|turn|17
|
|t:|1760345216
|switch|p1a: Slowking|Slowking-Galar, F|51/100
|move|p2a: Slowking|Psyshock|p1a: Slowking
|-damage|p1a: Slowking|14/100
|
|upkeep
|turn|18
|l| Rizzofreko
|
|t:|1760345223
|move|p1a: Slowking|Psyshock|p2a: Slowking
|-damage|p2a: Slowking|67/100
|move|p2a: Slowking|Psyshock|p1a: Slowking
|-damage|p1a: Slowking|0 fnt
|faint|p1a: Slowking
|
|upkeep
|
|t:|1760345228
|switch|p1a: Cinderace|Cinderace, F|100/100
|turn|19
|
|t:|1760345233
|switch|p2a: Garchomp|Garchomp, M|100/100
|move|p1a: Cinderace|U-turn|p2a: Garchomp
|-start|p1a: Cinderace|typechange|Bug|[from] ability: Libero
|-damage|p2a: Garchomp|80/100
|-damage|p1a: Cinderace|88/100|[from] ability: Rough Skin|[of] p2a: Garchomp
|-damage|p1a: Cinderace|72/100|[from] item: Rocky Helmet|[of] p2a: Garchomp
|
|t:|1760345235
|switch|p1a: Clefable|Clefable, M|100/100|[from] U-turn
|
|upkeep
|turn|20
|
|t:|1760345246
|switch|p2a: Iron Treads|Iron Treads, shiny|100/100
|move|p1a: Clefable|Calm Mind|p1a: Clefable
|-boost|p1a: Clefable|spa|1
|-boost|p1a: Clefable|spd|1
|
|upkeep
|turn|21
|
|t:|1760345253
|move|p2a: Iron Treads|Iron Head|p1a: Clefable
|-supereffective|p1a: Clefable
|-damage|p1a: Clefable|47/100
|move|p1a: Clefable|Calm Mind|p1a: Clefable
|-boost|p1a: Clefable|spa|1
|-boost|p1a: Clefable|spd|1
|
|upkeep
|turn|22
|
|t:|1760345260
|switch|p1a: Zapdos|Zapdos|72/100
|move|p2a: Iron Treads|Iron Head|p1a: Zapdos
|-resisted|p1a: Zapdos
|-damage|p1a: Zapdos|58/100
|
|upkeep
|turn|23
|
|t:|1760345266
|move|p2a: Iron Treads|Ice Spinner|p1a: Zapdos
|-supereffective|p1a: Zapdos
|-crit|p1a: Zapdos
|-damage|p1a: Zapdos|2/100
|move|p1a: Zapdos|Roost|p1a: Zapdos
|-heal|p1a: Zapdos|52/100
|-singleturn|p1a: Zapdos|move: Roost
|
|upkeep
|turn|24
|
|t:|1760345275
|move|p2a: Iron Treads|Ice Spinner|p1a: Zapdos
|-supereffective|p1a: Zapdos
|-damage|p1a: Zapdos|14/100
|move|p1a: Zapdos|Roost|p1a: Zapdos
|-heal|p1a: Zapdos|64/100
|-singleturn|p1a: Zapdos|move: Roost
|
|upkeep
|turn|25
|
|t:|1760345283
|-end|p2a: Iron Treads|Quark Drive|[silent]
|switch|p2a: Slowking|Slowking-Galar, M, shiny|100/100
|move|p1a: Zapdos|Roost|p1a: Zapdos
|-heal|p1a: Zapdos|100/100
|-singleturn|p1a: Zapdos|move: Roost
|
|upkeep
|turn|26
|
|t:|1760345290
|move|p1a: Zapdos|Thunder Wave|p2a: Slowking
|-status|p2a: Slowking|par
|move|p2a: Slowking|Sludge Bomb|p1a: Zapdos
|-damage|p1a: Zapdos|58/100
|
|upkeep
|turn|27
|
|t:|1760345296
|move|p1a: Zapdos|Hurricane|p2a: Slowking
|-damage|p2a: Slowking|77/100 par
|-start|p2a: Slowking|confusion
|-activate|p2a: Slowking|confusion
|move|p2a: Slowking|Sludge Bomb|p1a: Zapdos
|-damage|p1a: Zapdos|12/100
|
|upkeep
|turn|28
|
|t:|1760345305
|move|p1a: Zapdos|Roost|p1a: Zapdos
|-heal|p1a: Zapdos|62/100
|-singleturn|p1a: Zapdos|move: Roost
|-end|p2a: Slowking|confusion
|cant|p2a: Slowking|par
|
|upkeep
|turn|29
|
|t:|1760345316
|move|p1a: Zapdos|Hurricane|p2a: Slowking
|-damage|p2a: Slowking|55/100 par
|move|p2a: Slowking|Sludge Bomb|p1a: Zapdos
|-damage|p1a: Zapdos|21/100
|
|upkeep
|turn|30
|
|t:|1760345339
|move|p1a: Zapdos|Roost|p1a: Zapdos
|-heal|p1a: Zapdos|71/100
|-singleturn|p1a: Zapdos|move: Roost
|move|p2a: Slowking|Sludge Bomb|p1a: Zapdos
|-damage|p1a: Zapdos|29/100
|
|upkeep
|turn|31
|
|t:|1760345349
|move|p1a: Zapdos|Roost|p1a: Zapdos
|-heal|p1a: Zapdos|79/100
|-singleturn|p1a: Zapdos|move: Roost
|move|p2a: Slowking|Sludge Bomb|p1a: Zapdos
|-damage|p1a: Zapdos|39/100
|-status|p1a: Zapdos|psn
|
|-damage|p1a: Zapdos|27/100 psn|[from] psn
|upkeep
|turn|32
|
|t:|1760345360
|move|p1a: Zapdos|Hurricane|p2a: Slowking|[miss]
|-miss|p1a: Zapdos|p2a: Slowking
|cant|p2a: Slowking|par
|
|-damage|p1a: Zapdos|14/100 psn|[from] psn
|upkeep
|turn|33
|
|t:|1760345367
|move|p1a: Zapdos|Hurricane|p2a: Slowking
|-damage|p2a: Slowking|32/100 par
|move|p2a: Slowking|Sludge Bomb|p1a: Zapdos
|-damage|p1a: Zapdos|0 fnt
|faint|p1a: Zapdos
|
|upkeep
|
|t:|1760345373
|switch|p1a: Cinderace|Cinderace, F|72/100
|turn|34
|
|t:|1760345380
|switch|p2a: Garchomp|Garchomp, M|80/100
|-terastallize|p1a: Cinderace|Fire
|move|p1a: Cinderace|Pyro Ball|p2a: Garchomp
|-resisted|p2a: Garchomp
|-damage|p2a: Garchomp|55/100
|
|upkeep
|turn|35
|
|t:|1760345390
|switch|p1a: Latios|Latios, M|100/100
|move|p2a: Garchomp|Stealth Rock|p1a: Latios
|-sidestart|p1: sminey|move: Stealth Rock
|
|upkeep
|turn|36
|
|t:|1760345399
|switch|p2a: Slowking|Slowking-Galar, M, shiny|65/100 par
|move|p1a: Latios|Draco Meteor|p2a: Slowking
|-damage|p2a: Slowking|29/100 par
|-unboost|p1a: Latios|spa|2
|
|upkeep
|turn|37
|
|t:|1760345407
|switch|p1a: Cinderace|Cinderace, F, tera:Fire|72/100
|move|p2a: Slowking|Sludge Bomb|p1a: Cinderace
|-damage|p1a: Cinderace|3/100
|-status|p1a: Cinderace|psn
|
|-damage|p1a: Cinderace|0 fnt|[from] psn
|faint|p1a: Cinderace
|upkeep
|-message|sminey forfeited.
|
|win|agency playa
|raw|sminey's rating: 1655 &rarr; <strong>1633</strong><br />(-22 for losing)
|raw|agency playa's rating: 1613 &rarr; <strong>1635</strong><br />(+22 for winning)
|l|☆sminey
|player|p1|
|l|‽agency playa
|player|p2|
|j|‽agency playa
|player|p2|agency playa|brendan|
|n|‽agency playa|agencyplaya
