|j|☆im coral ❤
|j|☆sminey
|t:|1760331299
|gametype|singles
|player|p1|im coral ❤|lady|1582
|player|p2|sminey|2|1598
|gen|9
|tier|[Gen 9] OU
|rated|
|rule|HP Percentage Mod: HP is shown in percentages
|rule|Endless Battle Clause: Forcing endless battles is banned
|rule|Species Clause: Limit one of each Pokémon
|rule|OHKO Clause: OHKO moves are banned
|rule|Evasion Items Clause: Evasion items are banned
|rule|Evasion Moves Clause: Evasion moves are banned
|rule|Evasion Abilities Clause: Evasion abilities are banned
|rule|Sleep Moves Clause: Sleep-inducing moves are banned
|clearpoke
|poke|p1|Zamazenta-*|
|poke|p1|Ceruledge, M|
|poke|p1|Kyurem|
|poke|p1|Iron Crown|
|poke|p1|Kingambit, M|
|poke|p1|Moltres-Galar|
|poke|p2|Latios, M|
|poke|p2|Cinderace, F|
|poke|p2|Weavile, F|
|poke|p2|Zapdos|
|poke|p2|Clefable, F|
|poke|p2|Slowking-Galar, M|
|teampreview
|inactive|Battle timer is ON: inactive players will automatically lose when time's up. (requested by sminey)
|inactive|im coral ❤ has 120 seconds left.
|inactive|im coral ❤ has 90 seconds left.
|
|t:|1760331381
|teamsize|p1|6
|teamsize|p2|6
|start
|switch|p1a: Zamazenta|Zamazenta|100/100
|switch|p2a: Zapdos|Zapdos|100/100
|-ability|p1a: Zamazenta|Dauntless Shield|boost
|-boost|p1a: Zamazenta|def|1
|turn|1
|
|t:|1760331386
|move|p1a: Zamazenta|Light Screen|p1a: Zamazenta
|-sidestart|p1: im coral ❤|move: Light Screen
|move|p2a: Zapdos|Hurricane|p1a: Zamazenta
|-supereffective|p1a: Zamazenta
|-damage|p1a: Zamazenta|57/100
|
|upkeep
|turn|2
|
|t:|1760331400
|switch|p1a: Kyurem|Kyurem|100/100
|-ability|p1a: Kyurem|Pressure
|move|p2a: Zapdos|Thunder Wave|p1a: Kyurem
|-status|p1a: Kyurem|par
|
|upkeep
|turn|3
|
|t:|1760331430
|move|p2a: Zapdos|Volt Switch|p1a: Kyurem
|-resisted|p1a: Kyurem
|-damage|p1a: Kyurem|94/100 par
|
|t:|1760331433
|switch|p2a: Clefable|Clefable, F|100/100|[from] Volt Switch
|move|p1a: Kyurem|Scale Shot|p2a: Clefable
|-immune|p2a: Clefable
|
|upkeep
|turn|4
|
|t:|1760331437
|cant|p1a: Kyurem|par
|move|p2a: Clefable|Knock Off|p1a: Kyurem
|-damage|p1a: Kyurem|80/100 par
|-enditem|p1a: Kyurem|Loaded Dice|[from] move: Knock Off|[of] p2a: Clefable
|
|upkeep
|turn|5
|
|t:|1760331443
|move|p1a: Kyurem|Dragon Dance|p1a: Kyurem
|-boost|p1a: Kyurem|atk|1
|-boost|p1a: Kyurem|spe|1
|move|p2a: Clefable|Calm Mind|p2a: Clefable
|-boost|p2a: Clefable|spa|1
|-boost|p2a: Clefable|spd|1
|
|upkeep
|turn|6
|
|t:|1760331446
|move|p1a: Kyurem|Icicle Spear|p2a: Clefable
|-damage|p2a: Clefable|90/100
|-damage|p2a: Clefable|80/100
|-damage|p2a: Clefable|69/100
|-damage|p2a: Clefable|59/100
|-hitcount|p2a: Clefable|4
|move|p2a: Clefable|Calm Mind|p2a: Clefable
|-boost|p2a: Clefable|spa|1
|-boost|p2a: Clefable|spd|1
|
|upkeep
|turn|7
|
|t:|1760331461
|switch|p1a: Ceruledge|Ceruledge, M|100/100
|move|p2a: Clefable|Moonlight|p2a: Clefable
|-heal|p2a: Clefable|100/100
|
|upkeep
|turn|8
|
|t:|1760331472
|move|p1a: Ceruledge|Poltergeist|p2a: Clefable
|-activate|p2a: Clefable|move: Poltergeist|Heavy-Duty Boots
|-damage|p2a: Clefable|57/100
|move|p2a: Clefable|Calm Mind|p2a: Clefable
|-boost|p2a: Clefable|spa|1
|-boost|p2a: Clefable|spd|1
|
|-sideend|p1: im coral ❤|move: Light Screen
|upkeep
|turn|9
|
|t:|1760331483
|move|p1a: Ceruledge|Bitter Blade|p2a: Clefable
|-damage|p2a: Clefable|17/100
|move|p2a: Clefable|Moonlight|p2a: Clefable
|-heal|p2a: Clefable|67/100
|
|upkeep
|turn|10
|
|t:|1760331487
|move|p1a: Ceruledge|Poltergeist|p2a: Clefable
|-activate|p2a: Clefable|move: Poltergeist|Heavy-Duty Boots
|-damage|p2a: Clefable|23/100
|move|p2a: Clefable|Moonlight|p2a: Clefable
|-heal|p2a: Clefable|73/100
|
|upkeep
|turn|11
|
|t:|1760331490
|move|p1a: Ceruledge|Bitter Blade|p2a: Clefable
|-damage|p2a: Clefable|37/100
|move|p2a: Clefable|Moonlight|p2a: Clefable
|-heal|p2a: Clefable|87/100
|
|upkeep
|turn|12
|
|t:|1760331494
|move|p1a: Ceruledge|Poltergeist|p2a: Clefable
|-activate|p2a: Clefable|move: Poltergeist|Heavy-Duty Boots
|-damage|p2a: Clefable|42/100
|move|p2a: Clefable|Moonlight|p2a: Clefable
|-heal|p2a: Clefable|92/100
|
|upkeep
|turn|13
|
|t:|1760331500
|move|p1a: Ceruledge|Bitter Blade|p2a: Clefable
|-damage|p2a: Clefable|52/100
|move|p2a: Clefable|Moonblast|p1a: Ceruledge
|-resisted|p1a: Ceruledge
|-damage|p1a: Ceruledge|62/100
|
|upkeep
|turn|14
|
|t:|1760331515
|switch|p2a: Zapdos|Zapdos|100/100
|move|p1a: Ceruledge|Bitter Blade|p2a: Zapdos
|-damage|p2a: Zapdos|62/100
|-heal|p1a: Ceruledge|84/100|[from] drain|[of] p2a: Zapdos
|
|upkeep
|turn|15
|
|t:|1760331522
|switch|p1a: Kyurem|Kyurem|80/100 par
|-ability|p1a: Kyurem|Pressure
|move|p2a: Zapdos|Volt Switch|p1a: Kyurem
|-resisted|p1a: Kyurem
|-damage|p1a: Kyurem|66/100 par
|
|t:|1760331525
|switch|p2a: Clefable|Clefable, F|52/100|[from] Volt Switch
|
|upkeep
|turn|16
|
|t:|1760331532
|switch|p1a: Iron Crown|Iron Crown|100/100
|-enditem|p1a: Iron Crown|Booster Energy
|-activate|p1a: Iron Crown|ability: Quark Drive|[fromitem]
|-start|p1a: Iron Crown|quarkdrivespe
|move|p2a: Clefable|Moonlight|p2a: Clefable
|-heal|p2a: Clefable|100/100
|
|upkeep
|turn|17
|
|t:|1760331540
|switch|p2a: Slowking|Slowking-Galar, M|100/100
|move|p1a: Iron Crown|Calm Mind|p1a: Iron Crown
|-boost|p1a: Iron Crown|spa|1
|-boost|p1a: Iron Crown|spd|1
|
|upkeep
|turn|18
|
|t:|1760331553
|move|p1a: Iron Crown|Calm Mind|p1a: Iron Crown
|-boost|p1a: Iron Crown|spa|1
|-boost|p1a: Iron Crown|spd|1
|move|p2a: Slowking|Flamethrower|p1a: Iron Crown
|-supereffective|p1a: Iron Crown
|-damage|p1a: Iron Crown|77/100
|-status|p1a: Iron Crown|brn
|
|-damage|p1a: Iron Crown|71/100 brn|[from] brn
|upkeep
|turn|19
|
|t:|1760331559
|move|p1a: Iron Crown|Psyshock|p2a: Slowking
|-damage|p2a: Slowking|20/100
|move|p2a: Slowking|Flamethrower|p1a: Iron Crown
|-supereffective|p1a: Iron Crown
|-damage|p1a: Iron Crown|47/100 brn
|
|-damage|p1a: Iron Crown|41/100 brn|[from] brn
|upkeep
|turn|20
|
|t:|1760331576
|move|p1a: Iron Crown|Tachyon Cutter|p2a: Slowking
|-damage|p2a: Slowking|0 fnt
|faint|p2a: Slowking
|-hitcount|p2: Slowking|1
|
|-damage|p1a: Iron Crown|35/100 brn|[from] brn
|upkeep
|
|t:|1760331578
|switch|p2a: Cinderace|Cinderace, F|100/100
|turn|21
|
|t:|1760331583
|move|p2a: Cinderace|Sucker Punch|p1a: Iron Crown
|-start|p2a: Cinderace|typechange|Dark|[from] ability: Libero
|-supereffective|p1a: Iron Crown
|-damage|p1a: Iron Crown|0 fnt
|faint|p1a: Iron Crown
|-end|p1a: Iron Crown|Quark Drive|[silent]
|
|upkeep
|
|t:|1760331586
|switch|p1a: Zamazenta|Zamazenta|57/100
|turn|22
|
|t:|1760331594
|switch|p2a: Clefable|Clefable, F|100/100
|move|p1a: Zamazenta|Body Press|p2a: Clefable
|-resisted|p2a: Clefable
|-damage|p2a: Clefable|86/100
|
|upkeep
|turn|23
|
|t:|1760331611
|move|p1a: Zamazenta|Light Screen|p1a: Zamazenta
|-sidestart|p1: im coral ❤|move: Light Screen
|move|p2a: Clefable|Knock Off|p1a: Zamazenta
|-resisted|p1a: Zamazenta
|-damage|p1a: Zamazenta|51/100
|-enditem|p1a: Zamazenta|Light Clay|[from] move: Knock Off|[of] p2a: Clefable
|
|upkeep
|turn|24
|
|t:|1760331618
|move|p1a: Zamazenta|Steel Beam|p2a: Clefable
|-supereffective|p2a: Clefable
|-damage|p2a: Clefable|35/100
|-damage|p1a: Zamazenta|0 fnt|[from] steelbeam
|faint|p1a: Zamazenta
|move|p2a: Clefable|Calm Mind|p2a: Clefable
|-boost|p2a: Clefable|spa|1
|-boost|p2a: Clefable|spd|1
|
|upkeep
|
|t:|1760331622
|switch|p1a: Ceruledge|Ceruledge, M|84/100
|turn|25
|
|t:|1760331628
|switch|p2a: Zapdos|Zapdos|62/100
|move|p1a: Ceruledge|Poltergeist|p2a: Zapdos
|-activate|p2a: Zapdos|move: Poltergeist|Heavy-Duty Boots
|-damage|p2a: Zapdos|16/100
|
|upkeep
|turn|26
|
|t:|1760331634
|move|p2a: Zapdos|Volt Switch|p1a: Ceruledge
|-damage|p1a: Ceruledge|70/100
|
|t:|1760331644
|switch|p2a: Cinderace|Cinderace, F|100/100|[from] Volt Switch
|move|p1a: Ceruledge|Poltergeist|p2a: Cinderace
|-activate|p2a: Cinderace|move: Poltergeist|Heavy-Duty Boots
|-damage|p2a: Cinderace|15/100
|
|upkeep
|turn|27
|
|t:|1760331653
|move|p2a: Cinderace|Sucker Punch||[still]
|-fail|p2a: Cinderace
|move|p1a: Ceruledge|Swords Dance|p1a: Ceruledge
|-boost|p1a: Ceruledge|atk|2
|
|upkeep
|turn|28
|
|t:|1760331668
|-terastallize|p1a: Ceruledge|Fairy
|move|p2a: Cinderace|Sucker Punch|p1a: Ceruledge
|-start|p2a: Cinderace|typechange|Dark|[from] ability: Libero
|-resisted|p1a: Ceruledge
|-damage|p1a: Ceruledge|50/100
|-ability|p1a: Ceruledge|Weak Armor|boost
|-unboost|p1a: Ceruledge|def|1
|-boost|p1a: Ceruledge|spe|2
|move|p1a: Ceruledge|Bitter Blade|p2a: Cinderace
|-damage|p2a: Cinderace|0 fnt
|-heal|p1a: Ceruledge|56/100|[from] drain|[of] p2a: Cinderace
|faint|p2a: Cinderace
|
|upkeep
|-message|sminey forfeited.
|
|win|im coral ❤
|raw|im coral ❤'s rating: 1582 &rarr; <strong>1603</strong><br />(+21 for winning)
|raw|sminey's rating: 1598 &rarr; <strong>1577</strong><br />(-21 for losing)
|l|☆sminey
|player|p2|
|l|☆im coral ❤
|player|p1|
