|j|☆dr. drake6782
|j|☆ShinyAssassinx
|t:|1760331985
|gametype|singles
|player|p1|dr. drake6782|hilbert-masters|1557
|player|p2|ShinyAssassinx|101|1603
|gen|9
|tier|[Gen 9] OU
|rated|
|rule|HP Percentage Mod: HP is shown in percentages
|rule|Endless Battle Clause: Forcing endless battles is banned
|rule|Species Clause: Limit one of each Pokémon
|rule|OHKO Clause: OHKO moves are banned
|rule|Evasion Items Clause: Evasion items are banned
|rule|Evasion Moves Clause: Evasion moves are banned
|rule|Evasion Abilities Clause: Evasion abilities are banned
|rule|Sleep Moves Clause: Sleep-inducing moves are banned
|clearpoke
|poke|p1|Gholdengo|
|poke|p1|Ceruledge, F|
|poke|p1|Enamorus, F|
|poke|p1|Ribombee, F|
|poke|p1|Quaquaval, F|
|poke|p1|Iron Treads|
|poke|p2|Scizor, M|
|poke|p2|Dragonite, M|
|poke|p2|Araquanid, M|
|poke|p2|Scyther, F|
|poke|p2|Ceruledge, F|
|poke|p2|Garchomp, F|
|teampreview
|inactive|Battle timer is ON: inactive players will automatically lose when time's up. (requested by ShinyAssassinx)
|inactive|dr. drake6782 also wants the timer to be on.
|inactive|dr. drake6782 has 120 seconds left.
|
|t:|1760332018
|teamsize|p1|6
|teamsize|p2|6
|start
|switch|p1a: Iron Treads|Iron Treads|100/100
|switch|p2a: Scyther|Scyther, F|100/100
|-enditem|p1a: Iron Treads|Booster Energy
|-activate|p1a: Iron Treads|ability: Quark Drive|[fromitem]
|-start|p1a: Iron Treads|quarkdriveatk
|turn|1
|
|t:|1760332028
|switch|p2a: Araquanid|Araquanid, M|100/100
|move|p1a: Iron Treads|Ice Spinner|p2a: Araquanid
|-resisted|p2a: Araquanid
|-damage|p2a: Araquanid|81/100
|
|upkeep
|turn|2
|
|t:|1760332034
|move|p1a: Iron Treads|Supercell Slam|p2a: Araquanid
|-supereffective|p2a: Araquanid
|-damage|p2a: Araquanid|0 fnt
|faint|p2a: Araquanid
|
|upkeep
|
|t:|1760332050
|switch|p2a: Ceruledge|Ceruledge, F, shiny|100/100
|turn|3
|
|t:|1760332052
|move|p2a: Ceruledge|Swords Dance|p2a: Ceruledge
|-boost|p2a: Ceruledge|atk|2
|move|p1a: Iron Treads|Earthquake|p2a: Ceruledge
|-supereffective|p2a: Ceruledge
|-enditem|p2a: Ceruledge|Focus Sash
|-damage|p2a: Ceruledge|1/100
|-ability|p2a: Ceruledge|Weak Armor|boost
|-unboost|p2a: Ceruledge|def|1
|-boost|p2a: Ceruledge|spe|2
|
|upkeep
|turn|4
|
|t:|1760332059
|move|p2a: Ceruledge|Bitter Blade|p1a: Iron Treads
|-supereffective|p1a: Iron Treads
|-damage|p1a: Iron Treads|0 fnt
|-heal|p2a: Ceruledge|66/100|[from] drain|[of] p1a: Iron Treads
|faint|p1a: Iron Treads
|-end|p1a: Iron Treads|Quark Drive|[silent]
|
|upkeep
|
|t:|1760332066
|switch|p1a: Ceruledge|Ceruledge, F|100/100
|turn|5
|
|t:|1760332070
|move|p2a: Ceruledge|Shadow Sneak|p1a: Ceruledge
|-supereffective|p1a: Ceruledge
|-enditem|p1a: Ceruledge|Focus Sash
|-damage|p1a: Ceruledge|1/100
|-ability|p1a: Ceruledge|Weak Armor|boost
|-unboost|p1a: Ceruledge|def|1
|-boost|p1a: Ceruledge|spe|2
|move|p1a: Ceruledge|Shadow Sneak|p2a: Ceruledge
|-supereffective|p2a: Ceruledge
|-damage|p2a: Ceruledge|0 fnt
|faint|p2a: Ceruledge
|
|upkeep
|
|t:|1760332078
|switch|p2a: Scizor|Scizor, M|100/100
|turn|6
|
|t:|1760332099
|move|p1a: Ceruledge|Shadow Sneak|p2a: Scizor
|-damage|p2a: Scizor|79/100
|move|p2a: Scizor|Bullet Punch|p1a: Ceruledge
|-resisted|p1a: Ceruledge
|-damage|p1a: Ceruledge|0 fnt
|faint|p1a: Ceruledge
|
|-heal|p2a: Scizor|85/100|[from] item: Leftovers
|upkeep
|inactive|dr. drake6782 has 120 seconds left.
|
|t:|1760332116
|switch|p1a: Quaquaval|Quaquaval, F|100/100
|turn|7
|
|t:|1760332122
|move|p1a: Quaquaval|Aqua Step|p2a: Scizor
|-damage|p2a: Scizor|39/100
|-boost|p1a: Quaquaval|spe|1
|move|p2a: Scizor|Knock Off|p1a: Quaquaval
|-resisted|p1a: Quaquaval
|-damage|p1a: Quaquaval|76/100
|-enditem|p1a: Quaquaval|Assault Vest|[from] move: Knock Off|[of] p2a: Scizor
|
|-heal|p2a: Scizor|45/100|[from] item: Leftovers
|upkeep
|turn|8
|inactive|ShinyAssassinx has 120 seconds left.
|
|t:|1760332154
|move|p2a: Scizor|Bullet Punch|p1a: Quaquaval
|-resisted|p1a: Quaquaval
|-crit|p1a: Quaquaval
|-damage|p1a: Quaquaval|41/100
|move|p1a: Quaquaval|Close Combat|p2a: Scizor
|-damage|p2a: Scizor|0 fnt
|-unboost|p1a: Quaquaval|def|1
|-unboost|p1a: Quaquaval|spd|1
|faint|p2a: Scizor
|-ability|p1a: Quaquaval|Moxie|boost
|-boost|p1a: Quaquaval|atk|1
|
|upkeep
|inactive|ShinyAssassinx has 120 seconds left.
|
|t:|1760332160
|switch|p2a: Dragonite|Dragonite, M|100/100
|turn|9
|
|t:|1760332164
|move|p1a: Quaquaval|Knock Off|p2a: Dragonite
|-damage|p2a: Dragonite|73/100
|-enditem|p2a: Dragonite|Heavy-Duty Boots|[from] move: Knock Off|[of] p1a: Quaquaval
|move|p2a: Dragonite|Dragon Dance|p2a: Dragonite
|-boost|p2a: Dragonite|atk|1
|-boost|p2a: Dragonite|spe|1
|
|upkeep
|turn|10
|
|t:|1760332168
|move|p1a: Quaquaval|Close Combat|p2a: Dragonite
|-resisted|p2a: Dragonite
|-damage|p2a: Dragonite|24/100
|-unboost|p1a: Quaquaval|def|1
|-unboost|p1a: Quaquaval|spd|1
|move|p2a: Dragonite|Earthquake|p1a: Quaquaval
|-damage|p1a: Quaquaval|0 fnt
|faint|p1a: Quaquaval
|
|upkeep
|
|t:|1760332178
|switch|p1a: Ribombee|Ribombee, F, shiny|100/100
|turn|11
|
|t:|1760332187
|-terastallize|p2a: Dragonite|Normal
|move|p2a: Dragonite|Extreme Speed|p1a: Ribombee
|-enditem|p1a: Ribombee|Focus Sash
|-damage|p1a: Ribombee|1/100
|move|p1a: Ribombee|Sticky Web|p2a: Dragonite
|-sidestart|p2: ShinyAssassinx|move: Sticky Web
|
|upkeep
|turn|12
|
|t:|1760332195
|switch|p1a: Gholdengo|Gholdengo|100/100
|-item|p1a: Gholdengo|Air Balloon
|move|p2a: Dragonite|Extreme Speed|p1a: Gholdengo
|-immune|p1a: Gholdengo
|
|upkeep
|turn|13
|
|t:|1760332199
|move|p2a: Dragonite|Dragon Claw|p1a: Gholdengo
|-resisted|p1a: Gholdengo
|-damage|p1a: Gholdengo|62/100
|-enditem|p1a: Gholdengo|Air Balloon
|move|p1a: Gholdengo|Dazzling Gleam|p2a: Dragonite
|-damage|p2a: Dragonite|0 fnt
|faint|p2a: Dragonite
|
|upkeep
|
|t:|1760332207
|switch|p2a: Garchomp|Garchomp, F|100/100
|-activate|p2a: Garchomp|move: Sticky Web
|-unboost|p2a: Garchomp|spe|1
|turn|14
|
|t:|1760332218
|move|p1a: Gholdengo|Make It Rain|p2a: Garchomp
|-damage|p2a: Garchomp|28/100
|-unboost|p1a: Gholdengo|spa|1
|move|p2a: Garchomp|Fire Fang|p1a: Gholdengo
|-supereffective|p1a: Gholdengo
|-damage|p1a: Gholdengo|13/100
|
|upkeep
|turn|15
|
|t:|1760332227
|move|p1a: Gholdengo|Dazzling Gleam|p2a: Garchomp
|-supereffective|p2a: Garchomp
|-damage|p2a: Garchomp|0 fnt
|faint|p2a: Garchomp
|
|upkeep
|
|t:|1760332229
|switch|p2a: Scyther|Scyther, F|100/100
|turn|16
|
|t:|1760332238
|move|p2a: Scyther|Dual Wingbeat|p1a: Gholdengo
|-resisted|p1a: Gholdengo
|-damage|p1a: Gholdengo|0 fnt
|faint|p1a: Gholdengo
|-hitcount|p1: Gholdengo|1
|
|upkeep
|
|t:|1760332246
|switch|p1a: Ribombee|Ribombee, F, shiny|1/100
|turn|17
|
|t:|1760332259
|move|p1a: Ribombee|Stun Spore|p2a: Scyther
|-status|p2a: Scyther|par
|move|p2a: Scyther|Trailblaze|p1a: Ribombee
|-resisted|p1a: Ribombee
|-damage|p1a: Ribombee|0 fnt
|-boost|p2a: Scyther|spe|1
|faint|p1a: Ribombee
|
|upkeep
|
|t:|1760332263
|switch|p1a: Enamorus|Enamorus, F|100/100
|turn|18
|
|t:|1760332267
|-terastallize|p1a: Enamorus|Stellar
|move|p1a: Enamorus|Moonblast|p2a: Scyther
|-enditem|p2a: Scyther|Focus Sash
|-damage|p2a: Scyther|1/100 par
|-unboost|p2a: Scyther|spa|1
|cant|p2a: Scyther|par
|
|upkeep
|turn|19
|-message|ShinyAssassinx forfeited.
|
|win|dr. drake6782
|raw|dr. drake6782's rating: 1557 &rarr; <strong>1580</strong><br />(+23 for winning)
|raw|ShinyAssassinx's rating: 1603 &rarr; <strong>1580</strong><br />(-23 for losing)
|l|☆ShinyAssassinx
|player|p2|
|l|☆dr. drake6782
|player|p1|
