|j|☆jop90
|j|☆thebacchusbraviary
|t:|1760416656
|gametype|singles
|player|p1|jop90|266|1374
|player|p2|thebacchusbraviary|winona|1403
|gen|9
|tier|[Gen 9] OU
|rated|
|rule|HP Percentage Mod: HP is shown in percentages
|rule|Endless Battle Clause: Forcing endless battles is banned
|rule|Species Clause: Limit one of each Pokémon
|rule|OHKO Clause: OHKO moves are banned
|rule|Evasion Items Clause: Evasion items are banned
|rule|Evasion Moves Clause: Evasion moves are banned
|rule|Evasion Abilities Clause: Evasion abilities are banned
|rule|Sleep Moves Clause: Sleep-inducing moves are banned
|clearpoke
|poke|p1|Araquanid, F|
|poke|p1|Scizor, F|
|poke|p1|Lokix, F|
|poke|p1|Yanmega, M|
|poke|p1|Forretress, M|
|poke|p1|Ribombee, F|
|poke|p2|Braviary-Hisui, M|
|poke|p2|Okidogi, M|
|poke|p2|Magnezone|
|poke|p2|Entei|
|poke|p2|Grimmsnarl, M|
|poke|p2|Sinistcha|
|teampreview
|inactive|Battle timer is ON: inactive players will automatically lose when time's up. (requested by thebacchusbraviary)
|
|t:|1760416679
|teamsize|p1|6
|teamsize|p2|6
|start
|switch|p1a: Lokix|Lokix, F|100/100
|switch|p2a: Entei|Entei|100/100
|turn|1
|
|t:|1760416682
|switch|p1a: Araquanid|Araquanid, F|100/100
|move|p2a: Entei|Sacred Fire|p1a: Araquanid
|-damage|p1a: Araquanid|64/100
|
|upkeep
|turn|2
|
|t:|1760416697
|switch|p2a: Okidogi|Okidogi, M|100/100
|move|p1a: Araquanid|Liquidation|p2a: Okidogi
|-damage|p2a: Okidogi|51/100
|
|upkeep
|turn|3
|
|t:|1760416705
|switch|p1a: Forretress|Forretress, M|100/100
|move|p2a: Okidogi|Knock Off|p1a: Forretress
|-damage|p1a: Forretress|80/100
|-enditem|p1a: Forretress|Leftovers|[from] move: Knock Off|[of] p2a: Okidogi
|
|upkeep
|turn|4
|
|t:|1760416708
|move|p2a: Okidogi|Drain Punch|p1a: Forretress
|-damage|p1a: Forretress|57/100
|-heal|p2a: Okidogi|62/100|[from] drain|[of] p1a: Forretress
|move|p1a: Forretress|Volt Switch|p2a: Okidogi
|-damage|p2a: Okidogi|54/100
|
|t:|1760416712
|switch|p1a: Yanmega|Yanmega, M|100/100|[from] Volt Switch
|
|upkeep
|turn|5
|
|t:|1760416723
|move|p1a: Yanmega|Psychic Noise|p2a: Okidogi
|-supereffective|p2a: Okidogi
|-damage|p2a: Okidogi|0 fnt
|faint|p2a: Okidogi
|
|upkeep
|
|t:|1760416738
|switch|p2a: Braviary|Braviary-Hisui, M|100/100
|turn|6
|
|t:|1760416743
|move|p1a: Yanmega|Psychic Noise|p2a: Braviary
|-resisted|p2a: Braviary
|-damage|p2a: Braviary|63/100
|-start|p2a: Braviary|move: Heal Block
|move|p2a: Braviary|Hurricane|p1a: Yanmega|[miss]
|-miss|p2a: Braviary|p1a: Yanmega
|
|upkeep
|turn|7
|
|t:|1760416750
|move|p1a: Yanmega|Psychic Noise|p2a: Braviary
|-resisted|p2a: Braviary
|-damage|p2a: Braviary|24/100
|move|p2a: Braviary|Hurricane|p1a: Yanmega|[miss]
|-miss|p2a: Braviary|p1a: Yanmega
|
|-end|p2a: Braviary|move: Heal Block
|upkeep
|turn|8
|
|t:|1760416755
|move|p1a: Yanmega|Psychic Noise|p2a: Braviary
|-resisted|p2a: Braviary
|-damage|p2a: Braviary|0 fnt
|faint|p2a: Braviary
|
|upkeep
|
|t:|1760416758
|switch|p2a: Entei|Entei|100/100
|turn|9
|
|t:|1760416761
|move|p2a: Entei|Sacred Fire|p1a: Yanmega
|-supereffective|p1a: Yanmega
|-damage|p1a: Yanmega|0 fnt
|faint|p1a: Yanmega
|
|upkeep
|
|t:|1760416763
|switch|p1a: Araquanid|Araquanid, F|64/100
|turn|10
|
|t:|1760416770
|switch|p2a: Sinistcha|Sinistcha|100/100
|move|p1a: Araquanid|Leech Life|p2a: Sinistcha
|-damage|p2a: Sinistcha|74/100
|-heal|p1a: Araquanid|78/100|[from] drain|[of] p2a: Sinistcha
|
|-heal|p2a: Sinistcha|80/100|[from] item: Leftovers
|upkeep
|turn|11
|
|t:|1760416778
|switch|p1a: Ribombee|Ribombee, F|100/100
|move|p2a: Sinistcha|Strength Sap|p1a: Ribombee
|-unboost|p1a: Ribombee|atk|1
|-heal|p2a: Sinistcha|100/100
|
|upkeep
|turn|12
|
|t:|1760416784
|move|p1a: Ribombee|Sticky Web|p2a: Sinistcha
|-sidestart|p2: thebacchusbraviary|move: Sticky Web
|move|p2a: Sinistcha|Shadow Ball|p1a: Ribombee
|-damage|p1a: Ribombee|27/100
|
|upkeep
|turn|13
|
|t:|1760416787
|move|p1a: Ribombee|Moonblast|p2a: Sinistcha
|-damage|p2a: Sinistcha|57/100
|-unboost|p2a: Sinistcha|spa|1
|move|p2a: Sinistcha|Shadow Ball|p1a: Ribombee
|-crit|p1a: Ribombee
|-damage|p1a: Ribombee|0 fnt
|faint|p1a: Ribombee
|
|-heal|p2a: Sinistcha|63/100|[from] item: Leftovers
|upkeep
|
|t:|1760416792
|switch|p1a: Lokix|Lokix, F|100/100
|turn|14
|
|t:|1760416796
|move|p1a: Lokix|Knock Off|p2a: Sinistcha
|-supereffective|p2a: Sinistcha
|-damage|p2a: Sinistcha|0 fnt
|-enditem|p2a: Sinistcha|Leftovers|[from] move: Knock Off|[of] p1a: Lokix
|faint|p2a: Sinistcha
|
|upkeep
|
|t:|1760416801
|switch|p2a: Entei|Entei|100/100
|-activate|p2a: Entei|move: Sticky Web
|-unboost|p2a: Entei|spe|1
|turn|15
|
|t:|1760416804
|move|p1a: Lokix|Knock Off|p2a: Entei
|-damage|p2a: Entei|27/100
|-enditem|p2a: Entei|Choice Band|[from] move: Knock Off|[of] p1a: Lokix
|move|p2a: Entei|Sacred Fire|p1a: Lokix
|-supereffective|p1a: Lokix
|-damage|p1a: Lokix|0 fnt
|faint|p1a: Lokix
|
|upkeep
|
|t:|1760416813
|switch|p1a: Araquanid|Araquanid, F|78/100
|turn|16
|
|t:|1760416817
|move|p2a: Entei|Sacred Fire|p1a: Araquanid
|-damage|p1a: Araquanid|52/100
|move|p1a: Araquanid|Liquidation|p2a: Entei
|-supereffective|p2a: Entei
|-damage|p2a: Entei|0 fnt
|faint|p2a: Entei
|
|upkeep
|
|t:|1760416821
|switch|p2a: Grimmsnarl|Grimmsnarl, M|100/100
|-activate|p2a: Grimmsnarl|move: Sticky Web
|-unboost|p2a: Grimmsnarl|spe|1
|turn|17
|
|t:|1760416825
|move|p2a: Grimmsnarl|Thunder Wave|p1a: Araquanid|[miss]
|-miss|p2a: Grimmsnarl|p1a: Araquanid
|move|p1a: Araquanid|Liquidation|p2a: Grimmsnarl
|-damage|p2a: Grimmsnarl|23/100
|
|-heal|p2a: Grimmsnarl|29/100|[from] item: Leftovers
|upkeep
|turn|18
|-message|thebacchusbraviary forfeited.
|
|win|jop90
|raw|jop90's rating: 1397 &rarr; <strong>1417</strong><br />(+20 for winning)
|raw|thebacchusbraviary's rating: 1403 &rarr; <strong>1383</strong><br />(-20 for losing)
|l|☆thebacchusbraviary
|player|p2|
|l|☆jop90
|player|p1|
