|j|☆Rising Ursaring
|j|☆niloswan
|t:|1760302530
|gametype|singles
|player|p1|Rising Ursaring|burglar|1626
|player|p2|niloswan|zinzolin|1571
|gen|9
|tier|[Gen 9] OU
|rated|
|rule|HP Percentage Mod: HP is shown in percentages
|rule|Endless Battle Clause: Forcing endless battles is banned
|rule|Species Clause: Limit one of each Pokémon
|rule|OHKO Clause: OHKO moves are banned
|rule|Evasion Items Clause: Evasion items are banned
|rule|Evasion Moves Clause: Evasion moves are banned
|rule|Evasion Abilities Clause: Evasion abilities are banned
|rule|Sleep Moves Clause: Sleep-inducing moves are banned
|clearpoke
|poke|p1|Ogerpon-Wellspring, F|
|poke|p1|Ting-Lu|
|poke|p1|Deoxys-Speed|
|poke|p1|Zapdos|
|poke|p1|Pecharunt|
|poke|p1|Tsareena, F|
|poke|p2|Scizor, M|
|poke|p2|Great Tusk|
|poke|p2|Tyranitar, M|
|poke|p2|Slowbro, M|
|poke|p2|Kommo-o, M|
|poke|p2|Gholdengo|
|teampreview
|inactive|Battle timer is ON: inactive players will automatically lose when time's up. (requested by niloswan)
|
|t:|1760302556
|teamsize|p1|6
|teamsize|p2|6
|start
|switch|p1a: Pecharunt|Pecharunt|100/100
|switch|p2a: Scizor|Scizor, M|100/100
|turn|1
|
|t:|1760302563
|move|p1a: Pecharunt|Parting Shot|p2a: Scizor
|-unboost|p2a: Scizor|atk|1
|-unboost|p2a: Scizor|spa|1
|
|t:|1760302565
|switch|p1a: Zapdos|Zapdos|100/100|[from] Parting Shot
|move|p2a: Scizor|Knock Off|p1a: Zapdos
|-damage|p1a: Zapdos|54/100
|-enditem|p1a: Zapdos|Heavy-Duty Boots|[from] move: Knock Off|[of] p2a: Scizor
|
|upkeep
|turn|2
|
|t:|1760302575
|switch|p2a: Tyranitar|Tyranitar, M|100/100
|-weather|Sandstorm|[from] ability: Sand Stream|[of] p2a: Tyranitar
|move|p1a: Zapdos|Heat Wave|p2a: Tyranitar
|-resisted|p2a: Tyranitar
|-crit|p2a: Tyranitar
|-damage|p2a: Tyranitar|91/100
|
|-weather|Sandstorm|[upkeep]
|-damage|p1a: Zapdos|48/100|[from] Sandstorm
|-heal|p2a: Tyranitar|97/100|[from] item: Leftovers
|upkeep
|turn|3
|
|t:|1760302587
|move|p1a: Zapdos|Volt Switch|p2a: Tyranitar
|-damage|p2a: Tyranitar|81/100
|
|t:|1760302590
|switch|p1a: Ting-Lu|Ting-Lu|100/100|[from] Volt Switch
|-ability|p1a: Ting-Lu|Vessel of Ruin
|move|p2a: Tyranitar|Stealth Rock|p1a: Ting-Lu
|-sidestart|p1: Rising Ursaring|move: Stealth Rock
|
|-weather|Sandstorm|[upkeep]
|-heal|p2a: Tyranitar|87/100|[from] item: Leftovers
|upkeep
|turn|4
|
|t:|1760302607
|switch|p2a: Slowbro|Slowbro, M|100/100
|move|p1a: Ting-Lu|Stealth Rock|p2a: Slowbro
|-sidestart|p2: niloswan|move: Stealth Rock
|
|-weather|Sandstorm|[upkeep]
|-damage|p2a: Slowbro|94/100|[from] Sandstorm
|-heal|p2a: Slowbro|100/100|[from] item: Leftovers
|upkeep
|turn|5
|
|t:|1760302618
|move|p1a: Ting-Lu|Ruination|p2a: Slowbro
|-damage|p2a: Slowbro|50/100
|move|p2a: Slowbro|Scald|p1a: Ting-Lu
|-supereffective|p1a: Ting-Lu
|-damage|p1a: Ting-Lu|76/100
|
|-weather|Sandstorm|[upkeep]
|-damage|p2a: Slowbro|44/100|[from] Sandstorm
|-heal|p1a: Ting-Lu|82/100|[from] item: Leftovers
|-heal|p2a: Slowbro|50/100|[from] item: Leftovers
|upkeep
|turn|6
|
|t:|1760302644
|switch|p2a: Scizor|Scizor, M|100/100
|-damage|p2a: Scizor|88/100|[from] Stealth Rock
|move|p1a: Ting-Lu|Earthquake|p2a: Scizor
|-damage|p2a: Scizor|49/100
|
|-weather|none
|-heal|p1a: Ting-Lu|88/100|[from] item: Leftovers
|upkeep
|turn|7
|
|t:|1760302666
|move|p2a: Scizor|U-turn|p1a: Ting-Lu
|-supereffective|p1a: Ting-Lu
|-damage|p1a: Ting-Lu|22/100
|
|t:|1760302671
|switch|p2a: Slowbro|Slowbro, M|84/100|[from] U-turn
|-damage|p2a: Slowbro|71/100|[from] Stealth Rock
|move|p1a: Ting-Lu|Earthquake|p2a: Slowbro
|-damage|p2a: Slowbro|48/100
|
|-heal|p1a: Ting-Lu|29/100|[from] item: Leftovers
|-heal|p2a: Slowbro|54/100|[from] item: Leftovers
|upkeep
|turn|8
|
|t:|1760302681
|switch|p1a: Ogerpon|Ogerpon-Wellspring, F|100/100
|-damage|p1a: Ogerpon|88/100|[from] Stealth Rock
|move|p2a: Slowbro|Calm Mind|p2a: Slowbro
|-boost|p2a: Slowbro|spa|1
|-boost|p2a: Slowbro|spd|1
|
|-heal|p2a: Slowbro|60/100|[from] item: Leftovers
|upkeep
|turn|9
|
|t:|1760302697
|-terastallize|p2a: Slowbro|Poison
|move|p1a: Ogerpon|Swords Dance|p1a: Ogerpon
|-boost|p1a: Ogerpon|atk|2
|move|p2a: Slowbro|Stored Power|p1a: Ogerpon
|-damage|p1a: Ogerpon|52/100
|
|-heal|p2a: Slowbro|66/100|[from] item: Leftovers
|upkeep
|turn|10
|inactive|niloswan has 120 seconds left.
|inactive|niloswan has 90 seconds left.
|
|t:|1760302761
|switch|p2a: Kommo-o|Kommo-o, M|100/100
|-damage|p2a: Kommo-o|94/100|[from] Stealth Rock
|move|p1a: Ogerpon|Ivy Cudgel|p2a: Kommo-o|[anim] Ivy Cudgel Water
|-resisted|p2a: Kommo-o
|-damage|p2a: Kommo-o|34/100
|
|upkeep
|turn|11
|inactive|niloswan has 60 seconds left.
|
|t:|1760302791
|move|p1a: Ogerpon|Horn Leech|p2a: Kommo-o
|-resisted|p2a: Kommo-o
|-damage|p2a: Kommo-o|0 fnt
|-heal|p1a: Ogerpon|69/100|[from] drain|[of] p2a: Kommo-o
|faint|p2a: Kommo-o
|
|upkeep
|inactive|niloswan has 60 seconds left.
|
|t:|1760302799
|switch|p2a: Gholdengo|Gholdengo|100/100
|-damage|p2a: Gholdengo|94/100|[from] Stealth Rock
|turn|12
|inactive|niloswan has 60 seconds left.
|
|t:|1760302811
|move|p2a: Gholdengo|Shadow Ball|p1a: Ogerpon
|-damage|p1a: Ogerpon|17/100
|move|p1a: Ogerpon|Ivy Cudgel|p2a: Gholdengo|[anim] Ivy Cudgel Water
|-damage|p2a: Gholdengo|0 fnt
|faint|p2a: Gholdengo
|
|upkeep
|inactive|niloswan has 60 seconds left.
|
|t:|1760302817
|switch|p2a: Scizor|Scizor, M|49/100
|-damage|p2a: Scizor|37/100|[from] Stealth Rock
|turn|13
|
|t:|1760302821
|move|p2a: Scizor|Bullet Punch|p1a: Ogerpon
|-resisted|p1a: Ogerpon
|-damage|p1a: Ogerpon|0 fnt
|faint|p1a: Ogerpon
|
|upkeep
|
|t:|1760302829
|switch|p1a: Zapdos|Zapdos|48/100
|-damage|p1a: Zapdos|23/100|[from] Stealth Rock
|turn|14
|
|t:|1760302836
|move|p2a: Scizor|Bullet Punch|p1a: Zapdos
|-resisted|p1a: Zapdos
|-damage|p1a: Zapdos|0 fnt
|faint|p1a: Zapdos
|
|upkeep
|
|t:|1760302840
|switch|p1a: Pecharunt|Pecharunt|100/100
|turn|15
|inactive|niloswan has 90 seconds left.
|
|t:|1760302854
|switch|p2a: Tyranitar|Tyranitar, M|87/100
|-damage|p2a: Tyranitar|75/100|[from] Stealth Rock
|-weather|Sandstorm|[from] ability: Sand Stream|[of] p2a: Tyranitar
|move|p1a: Pecharunt|Shadow Ball|p2a: Tyranitar
|-resisted|p2a: Tyranitar
|-damage|p2a: Tyranitar|70/100
|-unboost|p2a: Tyranitar|spd|1
|
|-weather|Sandstorm|[upkeep]
|-damage|p1a: Pecharunt|94/100|[from] Sandstorm
|-heal|p2a: Tyranitar|76/100|[from] item: Leftovers
|upkeep
|turn|16
|inactive|niloswan has 90 seconds left.
|
|t:|1760302870
|move|p1a: Pecharunt|Malignant Chain|p2a: Tyranitar
|-resisted|p2a: Tyranitar
|-damage|p2a: Tyranitar|66/100
|-status|p2a: Tyranitar|tox
|-start|p2a: Tyranitar|confusion|[from] ability: Poison Puppeteer|[of] p1a: Pecharunt
|-activate|p2a: Tyranitar|confusion
|move|p2a: Tyranitar|Knock Off|p1a: Pecharunt
|-supereffective|p1a: Pecharunt
|-damage|p1a: Pecharunt|38/100
|-enditem|p1a: Pecharunt|Heavy-Duty Boots|[from] move: Knock Off|[of] p2a: Tyranitar
|
|-weather|Sandstorm|[upkeep]
|-damage|p1a: Pecharunt|32/100|[from] Sandstorm
|-heal|p2a: Tyranitar|72/100 tox|[from] item: Leftovers
|-damage|p2a: Tyranitar|66/100 tox|[from] psn
|upkeep
|turn|17
|inactive|niloswan has 90 seconds left.
|
|t:|1760302892
|move|p1a: Pecharunt|Recover|p1a: Pecharunt
|-heal|p1a: Pecharunt|82/100
|-end|p2a: Tyranitar|confusion
|move|p2a: Tyranitar|Thunder Wave|p1a: Pecharunt
|-status|p1a: Pecharunt|par
|
|-weather|Sandstorm|[upkeep]
|-damage|p1a: Pecharunt|75/100 par|[from] Sandstorm
|-heal|p2a: Tyranitar|72/100 tox|[from] item: Leftovers
|-damage|p2a: Tyranitar|60/100 tox|[from] psn
|upkeep
|turn|18
|inactive|niloswan has 60 seconds left.
|
|t:|1760302922
|switch|p2a: Great Tusk|Great Tusk|100/100
|-damage|p2a: Great Tusk|98/100|[from] Stealth Rock
|-enditem|p2a: Great Tusk|Booster Energy
|-activate|p2a: Great Tusk|ability: Protosynthesis|[fromitem]
|-start|p2a: Great Tusk|protosynthesisatk
|move|p1a: Pecharunt|Shadow Ball|p2a: Great Tusk
|-damage|p2a: Great Tusk|65/100
|
|-weather|Sandstorm|[upkeep]
|-damage|p1a: Pecharunt|69/100 par|[from] Sandstorm
|upkeep
|turn|19
|inactive|niloswan has 60 seconds left.
|
|t:|1760302933
|move|p2a: Great Tusk|Headlong Rush|p1a: Pecharunt
|-supereffective|p1a: Pecharunt
|-damage|p1a: Pecharunt|0 fnt
|-unboost|p2a: Great Tusk|def|1
|-unboost|p2a: Great Tusk|spd|1
|faint|p1a: Pecharunt
|
|-weather|none
|upkeep
|
|t:|1760302936
|switch|p1a: Deoxys|Deoxys-Speed|100/100
|-ability|p1a: Deoxys|Pressure
|turn|20
|inactive|niloswan has 60 seconds left.
|
|t:|1760302953
|-end|p2a: Great Tusk|Protosynthesis|[silent]
|switch|p2a: Tyranitar|Tyranitar, M|60/100 tox
|-damage|p2a: Tyranitar|47/100 tox|[from] Stealth Rock
|-weather|Sandstorm|[from] ability: Sand Stream|[of] p2a: Tyranitar
|move|p1a: Deoxys|Psycho Boost|p2a: Tyranitar
|-immune|p2a: Tyranitar
|
|-weather|Sandstorm|[upkeep]
|-damage|p1a: Deoxys|94/100|[from] Sandstorm
|-heal|p2a: Tyranitar|53/100 tox|[from] item: Leftovers
|-damage|p2a: Tyranitar|47/100 tox|[from] psn
|upkeep
|turn|21
|inactive|niloswan has 60 seconds left.
|
|t:|1760302970
|move|p1a: Deoxys|Superpower|p2a: Tyranitar
|-supereffective|p2a: Tyranitar
|-damage|p2a: Tyranitar|0 fnt
|-unboost|p1a: Deoxys|atk|1
|-unboost|p1a: Deoxys|def|1
|faint|p2a: Tyranitar
|
|-weather|Sandstorm|[upkeep]
|-damage|p1a: Deoxys|88/100|[from] Sandstorm
|upkeep
|
|t:|1760302982
|switch|p2a: Scizor|Scizor, M|37/100
|-damage|p2a: Scizor|25/100|[from] Stealth Rock
|turn|22
|
|t:|1760302986
|switch|p1a: Tsareena|Tsareena, F|100/100
|-damage|p1a: Tsareena|88/100|[from] Stealth Rock
|move|p2a: Scizor|Bullet Punch||[still]
|cant|p1a: Tsareena|ability: Queenly Majesty|Bullet Punch|[of] p2a: Scizor
|
|-weather|Sandstorm|[upkeep]
|-damage|p1a: Tsareena|82/100|[from] Sandstorm
|-heal|p1a: Tsareena|88/100|[from] item: Leftovers
|upkeep
|turn|23
|inactive|niloswan has 60 seconds left.
|c|☆niloswan|never heard about this telent
|c|☆niloswan|talent
|c|☆niloswan|so surprised
|
|t:|1760303019
|switch|p2a: Slowbro|Slowbro, M, tera:Poison|99/100
|-damage|p2a: Slowbro|87/100|[from] Stealth Rock
|move|p1a: Tsareena|Knock Off|p2a: Slowbro
|-damage|p2a: Slowbro|68/100
|-enditem|p2a: Slowbro|Leftovers|[from] move: Knock Off|[of] p1a: Tsareena
|
|-weather|Sandstorm|[upkeep]
|-damage|p1a: Tsareena|82/100|[from] Sandstorm
|-damage|p2a: Slowbro|62/100|[from] Sandstorm
|-heal|p1a: Tsareena|88/100|[from] item: Leftovers
|upkeep
|turn|24
|c|☆Rising Ursaring|The ability hahaha
|c|☆Rising Ursaring|I think it's from gen 7?
|inactive|niloswan has 30 seconds left.
|c|☆Rising Ursaring|It's tsareena's signature ability
|c|☆niloswan|a yea we say talent in french haha
|c|☆Rising Ursaring|No one else gets it
|inactive|niloswan has 20 seconds left.
|c|☆Rising Ursaring|That's cool haha
|inactive|Rising Ursaring has 120 seconds left.
|inactive|niloswan has 15 seconds left.
|
|t:|1760303052
|switch|p1a: Ting-Lu|Ting-Lu|29/100
|-damage|p1a: Ting-Lu|22/100|[from] Stealth Rock
|-ability|p1a: Ting-Lu|Vessel of Ruin
|move|p2a: Slowbro|Slack Off|p2a: Slowbro
|-heal|p2a: Slowbro|100/100
|
|-weather|none
|-heal|p1a: Ting-Lu|29/100|[from] item: Leftovers
|upkeep
|turn|25
|inactive|niloswan has 25 seconds left this turn.
|inactive|niloswan has 20 seconds left.
|
|t:|1760303061
|move|p1a: Ting-Lu|Earthquake|p2a: Slowbro
|-supereffective|p2a: Slowbro
|-damage|p2a: Slowbro|59/100
|move|p2a: Slowbro|Scald|p1a: Ting-Lu
|-supereffective|p1a: Ting-Lu
|-damage|p1a: Ting-Lu|5/100
|
|-heal|p1a: Ting-Lu|11/100|[from] item: Leftovers
|upkeep
|turn|26
|inactive|niloswan has 30 seconds left this turn.
|inactive|niloswan has 20 seconds left.
|
|t:|1760303072
|move|p1a: Ting-Lu|Earthquake|p2a: Slowbro
|-supereffective|p2a: Slowbro
|-damage|p2a: Slowbro|15/100
|move|p2a: Slowbro|Slack Off|p2a: Slowbro
|-heal|p2a: Slowbro|65/100
|
|-heal|p1a: Ting-Lu|18/100|[from] item: Leftovers
|upkeep
|turn|27
|inactive|niloswan has 30 seconds left this turn.
|
|t:|1760303080
|move|p1a: Ting-Lu|Earthquake|p2a: Slowbro
|-supereffective|p2a: Slowbro
|-damage|p2a: Slowbro|24/100
|move|p2a: Slowbro|Scald|p1a: Ting-Lu
|-supereffective|p1a: Ting-Lu
|-damage|p1a: Ting-Lu|0 fnt
|faint|p1a: Ting-Lu
|
|upkeep
|
|t:|1760303085
|switch|p1a: Deoxys|Deoxys-Speed|88/100
|-ability|p1a: Deoxys|Pressure
|turn|28
|inactive|niloswan has 30 seconds left.
|
|t:|1760303096
|switch|p2a: Great Tusk|Great Tusk|65/100
|-damage|p2a: Great Tusk|62/100|[from] Stealth Rock
|move|p1a: Deoxys|Psycho Boost|p2a: Great Tusk
|-supereffective|p2a: Great Tusk
|-damage|p2a: Great Tusk|0 fnt
|-unboost|p1a: Deoxys|spa|2
|faint|p2a: Great Tusk
|-end|p2a: Great Tusk|Protosynthesis|[silent]
|
|upkeep
|inactive|niloswan has 30 seconds left.
|
|t:|1760303105
|switch|p2a: Scizor|Scizor, M|25/100
|-damage|p2a: Scizor|13/100|[from] Stealth Rock
|turn|29
|
|t:|1760303110
|switch|p1a: Tsareena|Tsareena, F|88/100
|-damage|p1a: Tsareena|76/100|[from] Stealth Rock
|move|p2a: Scizor|Bullet Punch||[still]
|cant|p1a: Tsareena|ability: Queenly Majesty|Bullet Punch|[of] p2a: Scizor
|
|-heal|p1a: Tsareena|82/100|[from] item: Leftovers
|upkeep
|turn|30
|
|t:|1760303121
|move|p2a: Scizor|Bullet Punch||[still]
|cant|p1a: Tsareena|ability: Queenly Majesty|Bullet Punch|[of] p2a: Scizor
|move|p1a: Tsareena|Triple Axel|p2a: Scizor
|-resisted|p2a: Scizor
|-damage|p2a: Scizor|9/100
|-resisted|p2a: Scizor
|-damage|p2a: Scizor|3/100
|-resisted|p2a: Scizor
|-damage|p2a: Scizor|0 fnt
|faint|p2a: Scizor
|-hitcount|p2: Scizor|3
|
|-heal|p1a: Tsareena|88/100|[from] item: Leftovers
|upkeep
|c|☆Rising Ursaring|gg!
|
|t:|1760303132
|switch|p2a: Slowbro|Slowbro, M, tera:Poison|57/100
|-damage|p2a: Slowbro|44/100|[from] Stealth Rock
|turn|31
|
|t:|1760303137
|switch|p1a: Deoxys|Deoxys-Speed|88/100
|-ability|p1a: Deoxys|Pressure
|move|p2a: Slowbro|Slack Off|p2a: Slowbro
|-heal|p2a: Slowbro|94/100
|
|upkeep
|turn|32
|
|t:|1760303145
|move|p1a: Deoxys|Psycho Boost|p2a: Slowbro
|-supereffective|p2a: Slowbro
|-damage|p2a: Slowbro|0 fnt
|-unboost|p1a: Deoxys|spa|2
|faint|p2a: Slowbro
|
|win|Rising Ursaring
|raw|Rising Ursaring's rating: 1626 &rarr; <strong>1643</strong><br />(+17 for winning)
|raw|niloswan's rating: 1571 &rarr; <strong>1554</strong><br />(-17 for losing)
|c|☆niloswan|gg !
|l|☆niloswan
|player|p2|
|c|☆Rising Ursaring|!dt tsareena
|c| Rising Ursaring|/raw <div class="message"><ul class="utilichart"><li class="result"><span class="col numcol">NU</span> <span class="col iconcol"><psicon pokemon="tsareena"/></span> <span class="col pokemonnamecol" style="white-space:nowrap"><a href="https://dex.pokemonshowdown.com/pokemon/tsareena" target="_blank">Tsareena</a></span> <span class="col typecol"><img src="https://play.pokemonshowdown.com/sprites/types/Grass.png" alt="Grass" height="14" width="32"></span> <span style="float:left;min-height:26px"><span class="col twoabilitycol">Leaf Guard<br />Queenly Majesty</span><span class="col abilitycol"><em>Sweet Veil</em></span></span><span style="float:left;min-height:26px"><span class="col statcol"><em>HP</em><br />72</span> <span class="col statcol"><em>Atk</em><br />120</span> <span class="col statcol"><em>Def</em><br />98</span> <span class="col statcol"><em>SpA</em><br />50</span> <span class="col statcol"><em>SpD</em><br />98</span> <span class="col statcol"><em>Spe</em><br />72</span> <span class="col bstcol"><em>BST<br />510</em></span> </span></li><li style="clear:both"></li></ul></div>
|c| Rising Ursaring|/raw <font size="1"><font color="#686868">Dex#:</font> 763&nbsp;|&ThickSpace;<font color="#686868">Gen:</font> 7&nbsp;|&ThickSpace;<font color="#686868">Height:</font> 1.2 m&nbsp;|&ThickSpace;<font color="#686868">Weight:</font> 21.4 kg <em>(40 BP)</em>&nbsp;|&ThickSpace;<font color="#686868">Dex Colour:</font> Purple&nbsp;|&ThickSpace;<font color="#686868">Egg Group(s):</font> Grass&nbsp;|&ThickSpace;<font color="#686868">Pre-Evolution:</font> Steenee&nbsp;|&ThickSpace;<font color="#686868">Does Not Evolve</font></font>

|l|☆Rising Ursaring
|player|p1|
