|j|☆Saebassloza
|j|☆Maxacality
|t:|1760378644
|gametype|singles
|player|p1|Saebassloza|1|1201
|player|p2|Maxacality|brycenman|1215
|gen|9
|tier|[Gen 9] OU
|rated|
|rule|HP Percentage Mod: HP is shown in percentages
|rule|Endless Battle Clause: Forcing endless battles is banned
|rule|Species Clause: Limit one of each Pokémon
|rule|OHKO Clause: OHKO moves are banned
|rule|Evasion Items Clause: Evasion items are banned
|rule|Evasion Moves Clause: Evasion moves are banned
|rule|Evasion Abilities Clause: Evasion abilities are banned
|rule|Sleep Moves Clause: Sleep-inducing moves are banned
|clearpoke
|poke|p1|Lokix, M|
|poke|p1|Alomomola, M|
|poke|p1|Slowking-Galar, F|
|poke|p1|Enamorus, F|
|poke|p1|Great Tusk|
|poke|p1|Chesnaught, M|
|poke|p2|Avalugg-Hisui, M|
|poke|p2|Ogerpon-Wellspring, F|
|poke|p2|Gholdengo|
|poke|p2|Clodsire, F|
|poke|p2|Enamorus-Therian, F|
|poke|p2|Raging Bolt|
|teampreview
|
|t:|1760378662
|teamsize|p1|6
|teamsize|p2|6
|start
|switch|p1a: Alomomola|Alomomola, M|100/100
|switch|p2a: Avalugg|Avalugg-Hisui, M|100/100
|turn|1
|
|t:|1760378667
|move|p2a: Avalugg|Stealth Rock|p1a: Alomomola
|-sidestart|p1: Saebassloza|move: Stealth Rock
|move|p1a: Alomomola|Scald|p2a: Avalugg
|-supereffective|p2a: Avalugg
|-damage|p2a: Avalugg|35/100
|
|upkeep
|turn|2
|
|t:|1760378673
|switch|p2a: Ogerpon|Ogerpon-Wellspring, F|100/100
|move|p1a: Alomomola|Flip Turn|p2a: Ogerpon
|-immune|p2a: Ogerpon|[from] ability: Water Absorb
|
|upkeep
|turn|3
|
|t:|1760378751
|switch|p1a: Slowking|Slowking-Galar, F|100/100
|-damage|p1a: Slowking|88/100|[from] Stealth Rock
|move|p2a: Ogerpon|Swords Dance|p2a: Ogerpon
|-boost|p2a: Ogerpon|atk|2
|
|-heal|p1a: Slowking|94/100|[from] item: Leftovers
|upkeep
|turn|4
|
|t:|1760378786
|move|p2a: Ogerpon|Ivy Cudgel|p1a: Slowking|[anim] Ivy Cudgel Water
|-damage|p1a: Slowking|0 fnt
|faint|p1a: Slowking
|
|upkeep
|inactive|Battle timer is ON: inactive players will automatically lose when time's up. (requested by Maxacality)
|
|t:|1760378794
|switch|p1a: Lokix|Lokix, M|100/100
|-damage|p1a: Lokix|76/100|[from] Stealth Rock
|turn|5
|
|t:|1760378801
|-terastallize|p2a: Ogerpon|Water
|detailschange|p2a: Ogerpon|Ogerpon-Wellspring-Tera, F, tera:Water
|-ability|p2a: Ogerpon|Embody Aspect (Wellspring)|boost
|-boost|p2a: Ogerpon|spd|1
|move|p1a: Lokix|U-turn|p2a: Ogerpon
|-damage|p2a: Ogerpon|58/100
|
|t:|1760378807
|switch|p1a: Chesnaught|Chesnaught, M, shiny|100/100|[from] U-turn
|-damage|p1a: Chesnaught|94/100|[from] Stealth Rock
|move|p2a: Ogerpon|Play Rough|p1a: Chesnaught
|-supereffective|p1a: Chesnaught
|-damage|p1a: Chesnaught|13/100
|-damage|p2a: Ogerpon|41/100|[from] item: Rocky Helmet|[of] p1a: Chesnaught
|
|upkeep
|turn|6
|
|t:|1760378814
|move|p2a: Ogerpon|Ivy Cudgel|p1a: Chesnaught|[anim] Ivy Cudgel Water
|-resisted|p1a: Chesnaught
|-damage|p1a: Chesnaught|0 fnt
|faint|p1a: Chesnaught
|
|upkeep
|
|t:|1760378817
|switch|p1a: Lokix|Lokix, M|76/100
|-damage|p1a: Lokix|51/100|[from] Stealth Rock
|turn|7
|
|t:|1760378823
|move|p1a: Lokix|U-turn|p2a: Ogerpon
|-damage|p2a: Ogerpon|0 fnt
|faint|p2a: Ogerpon
|detailschange|p2: Ogerpon|Ogerpon-Wellspring, F|[silent]
|
|t:|1760378826
|switch|p1a: Great Tusk|Great Tusk|100/100|[from] U-turn
|
|upkeep
|
|t:|1760378834
|switch|p2a: Enamorus|Enamorus-Therian, F|100/100
|turn|8
|inactive|Saebassloza has 120 seconds left.
|
|t:|1760378867
|-terastallize|p1a: Great Tusk|Fairy
|move|p1a: Great Tusk|Rapid Spin|p2a: Enamorus
|-damage|p2a: Enamorus|88/100
|-boost|p1a: Great Tusk|spe|1
|-sideend|p1: Saebassloza|Stealth Rock|[from] move: Rapid Spin|[of] p1a: Great Tusk
|move|p2a: Enamorus|Iron Defense|p2a: Enamorus
|-boost|p2a: Enamorus|def|2
|
|upkeep
|turn|9
|
|t:|1760378879
|-end|p1a: Great Tusk|Protosynthesis|[silent]
|switch|p1a: Alomomola|Alomomola, M|100/100
|move|p2a: Enamorus|Iron Defense|p2a: Enamorus
|-boost|p2a: Enamorus|def|2
|
|upkeep
|turn|10
|
|t:|1760378884
|move|p2a: Enamorus|Calm Mind|p2a: Enamorus
|-boost|p2a: Enamorus|spa|1
|-boost|p2a: Enamorus|spd|1
|move|p1a: Alomomola|Whirlpool|p2a: Enamorus
|-damage|p2a: Enamorus|83/100
|-activate|p2a: Enamorus|move: Whirlpool|[of] p1a: Alomomola
|
|-damage|p2a: Enamorus|71/100|[from] move: Whirlpool|[partiallytrapped]
|upkeep
|turn|11
|
|t:|1760378889
|move|p2a: Enamorus|Calm Mind|p2a: Enamorus
|-boost|p2a: Enamorus|spa|1
|-boost|p2a: Enamorus|spd|1
|move|p1a: Alomomola|Scald|p2a: Enamorus
|-crit|p2a: Enamorus
|-damage|p2a: Enamorus|51/100
|
|-damage|p2a: Enamorus|39/100|[from] move: Whirlpool|[partiallytrapped]
|upkeep
|turn|12
|
|t:|1760378892
|move|p2a: Enamorus|Draining Kiss|p1a: Alomomola
|-damage|p1a: Alomomola|68/100
|-heal|p2a: Enamorus|72/100|[from] drain|[of] p1a: Alomomola
|move|p1a: Alomomola|Scald|p2a: Enamorus
|-damage|p2a: Enamorus|65/100
|
|-damage|p2a: Enamorus|53/100|[from] move: Whirlpool|[partiallytrapped]
|upkeep
|turn|13
|
|t:|1760378901
|move|p2a: Enamorus|Draining Kiss|p1a: Alomomola
|-damage|p1a: Alomomola|40/100
|-heal|p2a: Enamorus|81/100|[from] drain|[of] p1a: Alomomola
|move|p1a: Alomomola|Scald|p2a: Enamorus
|-damage|p2a: Enamorus|74/100
|-status|p2a: Enamorus|brn
|
|-damage|p2a: Enamorus|68/100 brn|[from] brn
|-damage|p2a: Enamorus|55/100 brn|[from] move: Whirlpool|[partiallytrapped]
|upkeep
|turn|14
|
|t:|1760378905
|move|p2a: Enamorus|Calm Mind|p2a: Enamorus
|-boost|p2a: Enamorus|spa|1
|-boost|p2a: Enamorus|spd|1
|move|p1a: Alomomola|Whirlpool|p2a: Enamorus
|-damage|p2a: Enamorus|53/100 brn
|
|-damage|p2a: Enamorus|47/100 brn|[from] brn
|-damage|p2a: Enamorus|35/100 brn|[from] move: Whirlpool|[partiallytrapped]
|upkeep
|turn|15
|
|t:|1760378909
|move|p2a: Enamorus|Draining Kiss|p1a: Alomomola
|-damage|p1a: Alomomola|4/100
|-heal|p2a: Enamorus|71/100 brn|[from] drain|[of] p1a: Alomomola
|move|p1a: Alomomola|Flip Turn|p2a: Enamorus
|-damage|p2a: Enamorus|65/100 brn
|
|t:|1760378916
|switch|p1a: Lokix|Lokix, M|51/100|[from] Flip Turn
|
|-damage|p2a: Enamorus|59/100 brn|[from] brn
|-end|p2a: Enamorus|Whirlpool|[partiallytrapped]
|upkeep
|turn|16
|
|t:|1760378920
|move|p1a: Lokix|U-turn|p2a: Enamorus
|-resisted|p2a: Enamorus
|-damage|p2a: Enamorus|54/100 brn
|
|t:|1760378931
|switch|p1a: Alomomola|Alomomola, M|37/100|[from] U-turn
|move|p2a: Enamorus|Calm Mind|p2a: Enamorus
|-boost|p2a: Enamorus|spa|1
|-boost|p2a: Enamorus|spd|1
|
|-damage|p2a: Enamorus|48/100 brn|[from] brn
|upkeep
|turn|17
|
|t:|1760378937
|move|p2a: Enamorus|Draining Kiss|p1a: Alomomola
|-damage|p1a: Alomomola|0 fnt
|-heal|p2a: Enamorus|85/100 brn|[from] drain|[of] p1a: Alomomola
|faint|p1a: Alomomola
|
|-damage|p2a: Enamorus|79/100 brn|[from] brn
|upkeep
|c|☆Saebassloza|gg
|c|☆Maxacality|gg
|-message|Saebassloza forfeited.
|
|win|Maxacality
|raw|Saebassloza's rating: 1201 &rarr; <strong>1177</strong><br />(-24 for losing)
|raw|Maxacality's rating: 1215 &rarr; <strong>1239</strong><br />(+24 for winning)
|l|☆Saebassloza
|player|p1|
|l|☆Maxacality
|player|p2|
