|j|☆sikoyek
|j|☆suijilurenjia
|t:|1760443214
|gametype|singles
|player|p1|sikoyek|clerk|1081
|player|p2|suijilurenjia|bugcatcher-gen4dp|1090
|gen|9
|tier|[Gen 9] OU
|rated|
|rule|HP Percentage Mod: HP is shown in percentages
|rule|Endless Battle Clause: Forcing endless battles is banned
|rule|Species Clause: Limit one of each Pokémon
|rule|OHKO Clause: OHKO moves are banned
|rule|Evasion Items Clause: Evasion items are banned
|rule|Evasion Moves Clause: Evasion moves are banned
|rule|Evasion Abilities Clause: Evasion abilities are banned
|rule|Sleep Moves Clause: Sleep-inducing moves are banned
|clearpoke
|poke|p1|Mimikyu, M|
|poke|p1|Glimmora, F|
|poke|p1|Tyranitar, M|
|poke|p1|Ceruledge, F|
|poke|p1|Amoonguss, F|
|poke|p1|Quaquaval, M|
|poke|p2|Mandibuzz, F|
|poke|p2|Coalossal, F|
|poke|p2|Slowking-Galar, F|
|poke|p2|Diancie|
|poke|p2|Zebstrika, F|
|poke|p2|Meowstic, M|
|teampreview
|inactive|Battle timer is ON: inactive players will automatically lose when time's up. (requested by sikoyek)
|
|t:|1760443244
|teamsize|p1|6
|teamsize|p2|6
|start
|switch|p1a: Glimmora|Glimmora, F|100/100
|switch|p2a: Diancie|Diancie|100/100
|turn|1
|
|t:|1760443252
|move|p1a: Glimmora|Stealth Rock|p2a: Diancie
|-sidestart|p2: suijilurenjia|move: Stealth Rock
|move|p2a: Diancie|Diamond Storm|p1a: Glimmora
|-damage|p1a: Glimmora|71/100
|-boost|p2a: Diancie|def|2
|
|upkeep
|turn|2
|
|t:|1760443263
|move|p1a: Glimmora|Earth Power|p2a: Diancie
|-supereffective|p2a: Diancie
|-damage|p2a: Diancie|77/100
|move|p2a: Diancie|Earth Power|p1a: Glimmora
|-supereffective|p1a: Glimmora
|-damage|p1a: Glimmora|0 fnt
|faint|p1a: Glimmora
|
|upkeep
|
|t:|1760443278
|switch|p1a: Amoonguss|Amoonguss, F|100/100
|turn|3
|
|t:|1760443284
|move|p2a: Diancie|Moonblast|p1a: Amoonguss
|-resisted|p1a: Amoonguss
|-damage|p1a: Amoonguss|81/100
|-unboost|p1a: Amoonguss|spa|1
|move|p1a: Amoonguss|Giga Drain|p2a: Diancie
|-supereffective|p2a: Diancie
|-damage|p2a: Diancie|55/100
|-heal|p1a: Amoonguss|89/100|[from] drain|[of] p2a: Diancie
|
|upkeep
|turn|4
|
|t:|1760443297
|move|p2a: Diancie|Earth Power|p1a: Amoonguss
|-damage|p1a: Amoonguss|65/100
|move|p1a: Amoonguss|Giga Drain|p2a: Diancie
|-supereffective|p2a: Diancie
|-damage|p2a: Diancie|33/100
|-heal|p1a: Amoonguss|73/100|[from] drain|[of] p2a: Diancie
|
|upkeep
|turn|5
|
|t:|1760443314
|switch|p2a: Mandibuzz|Mandibuzz, F|100/100
|-damage|p2a: Mandibuzz|75/100|[from] Stealth Rock
|move|p1a: Amoonguss|Giga Drain|p2a: Mandibuzz
|-resisted|p2a: Mandibuzz
|-damage|p2a: Mandibuzz|66/100
|-heal|p1a: Amoonguss|78/100|[from] drain|[of] p2a: Mandibuzz
|
|upkeep
|turn|6
|
|t:|1760443327
|switch|p1a: Tyranitar|Tyranitar, M|100/100
|-weather|Sandstorm|[from] ability: Sand Stream|[of] p1a: Tyranitar
|move|p2a: Mandibuzz|Defog|p1a: Tyranitar
|-unboost|p1a: Tyranitar|evasion|1
|-sideend|p2: suijilurenjia|Stealth Rock|[from] move: Defog|[of] p2a: Mandibuzz
|
|-weather|Sandstorm|[upkeep]
|upkeep
|turn|7
|
|t:|1760443343
|move|p2a: Mandibuzz|Roost|p2a: Mandibuzz
|-heal|p2a: Mandibuzz|100/100
|-singleturn|p2a: Mandibuzz|move: Roost
|move|p1a: Tyranitar|Stone Edge|p2a: Mandibuzz|[miss]
|-miss|p1a: Tyranitar|p2a: Mandibuzz
|
|-weather|Sandstorm|[upkeep]
|upkeep
|turn|8
|
|t:|1760443363
|switch|p2a: Slowking|Slowking-Galar, F|100/100
|move|p1a: Tyranitar|Stone Edge|p2a: Slowking
|-damage|p2a: Slowking|40/100
|
|-weather|Sandstorm|[upkeep]
|-damage|p2a: Slowking|34/100|[from] Sandstorm
|-heal|p2a: Slowking|40/100|[from] item: Leftovers
|upkeep
|turn|9
|
|t:|1760443372
|move|p1a: Tyranitar|Earthquake|p2a: Slowking
|-supereffective|p2a: Slowking
|-damage|p2a: Slowking|0 fnt
|faint|p2a: Slowking
|
|-weather|Sandstorm|[upkeep]
|upkeep
|
|t:|1760443380
|switch|p2a: Coalossal|Coalossal, F|100/100
|-item|p2a: Coalossal|Air Balloon
|turn|10
|
|t:|1760443384
|move|p1a: Tyranitar|Knock Off|p2a: Coalossal
|-damage|p2a: Coalossal|64/100
|-enditem|p2a: Coalossal|Air Balloon
|move|p2a: Coalossal|Stealth Rock|p1a: Tyranitar
|-sidestart|p1: sikoyek|move: Stealth Rock
|
|-weather|none
|upkeep
|turn|11
|
|t:|1760443393
|switch|p2a: Mandibuzz|Mandibuzz, F|100/100
|move|p1a: Tyranitar|Earthquake|p2a: Mandibuzz
|-immune|p2a: Mandibuzz
|
|upkeep
|turn|12
|
|t:|1760443399
|move|p2a: Mandibuzz|Foul Play|p1a: Tyranitar
|-resisted|p1a: Tyranitar
|-damage|p1a: Tyranitar|78/100
|move|p1a: Tyranitar|Stone Edge|p2a: Mandibuzz
|-supereffective|p2a: Mandibuzz
|-crit|p2a: Mandibuzz
|-damage|p2a: Mandibuzz|0 fnt
|faint|p2a: Mandibuzz
|
|upkeep
|
|t:|1760443405
|switch|p2a: Diancie|Diancie|33/100
|turn|13
|
|t:|1760443414
|move|p1a: Tyranitar|Earthquake|p2a: Diancie
|-supereffective|p2a: Diancie
|-damage|p2a: Diancie|0 fnt
|faint|p2a: Diancie
|
|upkeep
|
|t:|1760443416
|switch|p2a: Meowstic|Meowstic, M|100/100
|turn|14
|
|t:|1760443427
|move|p2a: Meowstic|Reflect|p2a: Meowstic
|-sidestart|p2: suijilurenjia|Reflect
|move|p1a: Tyranitar|Earthquake|p2a: Meowstic
|-damage|p2a: Meowstic|76/100
|
|upkeep
|turn|15
|
|t:|1760443432
|move|p2a: Meowstic|Light Screen|p2a: Meowstic
|-sidestart|p2: suijilurenjia|move: Light Screen
|move|p1a: Tyranitar|Knock Off|p2a: Meowstic
|-supereffective|p2a: Meowstic
|-damage|p2a: Meowstic|0 fnt
|-enditem|p2a: Meowstic|Focus Sash|[from] move: Knock Off|[of] p1a: Tyranitar
|faint|p2a: Meowstic
|
|upkeep
|
|t:|1760443436
|switch|p2a: Zebstrika|Zebstrika, F|100/100
|turn|16
|
|t:|1760443442
|move|p2a: Zebstrika|Flame Charge|p1a: Tyranitar
|-resisted|p1a: Tyranitar
|-damage|p1a: Tyranitar|71/100
|-boost|p2a: Zebstrika|spe|1
|-damage|p2a: Zebstrika|91/100|[from] item: Life Orb
|move|p1a: Tyranitar|Stealth Rock|p2a: Zebstrika
|-sidestart|p2: suijilurenjia|move: Stealth Rock
|
|upkeep
|turn|17
|
|t:|1760443451
|move|p2a: Zebstrika|High Horsepower|p1a: Tyranitar
|-supereffective|p1a: Tyranitar
|-damage|p1a: Tyranitar|13/100
|-damage|p2a: Zebstrika|81/100|[from] item: Life Orb
|move|p1a: Tyranitar|Earthquake|p2a: Zebstrika
|-supereffective|p2a: Zebstrika
|-damage|p2a: Zebstrika|0 fnt
|faint|p2a: Zebstrika
|
|upkeep
|
|t:|1760443454
|switch|p2a: Coalossal|Coalossal, F|64/100
|-damage|p2a: Coalossal|39/100|[from] Stealth Rock
|turn|18
|
|t:|1760443463
|move|p1a: Tyranitar|Earthquake|p2a: Coalossal
|-supereffective|p2a: Coalossal
|-damage|p2a: Coalossal|0 fnt
|faint|p2a: Coalossal
|
|win|sikoyek
|raw|sikoyek's rating: 1081 &rarr; <strong>1110</strong><br />(+29 for winning)
|raw|suijilurenjia's rating: 1090 &rarr; <strong>1066</strong><br />(-24 for losing)
|l|☆suijilurenjia
|player|p2|
|l|☆sikoyek
|player|p1|
