|j|☆ManWhoCouldntCook
|j|☆sveinung12321
|t:|1760383317
|gametype|singles
|player|p1|ManWhoCouldntCook|266|1486
|player|p2|sveinung12321|265|1515
|gen|9
|tier|[Gen 9] OU
|rated|
|rule|HP Percentage Mod: HP is shown in percentages
|rule|Endless Battle Clause: Forcing endless battles is banned
|rule|Species Clause: Limit one of each Pokémon
|rule|OHKO Clause: OHKO moves are banned
|rule|Evasion Items Clause: Evasion items are banned
|rule|Evasion Moves Clause: Evasion moves are banned
|rule|Evasion Abilities Clause: Evasion abilities are banned
|rule|Sleep Moves Clause: Sleep-inducing moves are banned
|clearpoke
|poke|p1|Iron Valiant|
|poke|p1|Iron Hands|
|poke|p1|Cresselia, F|
|poke|p1|Rotom-Wash|
|poke|p1|Primeape, F|
|poke|p1|Iron Crown|
|poke|p2|Dragapult, F|
|poke|p2|Zamazenta-*|
|poke|p2|Azumarill, M|
|poke|p2|Corviknight, M|
|poke|p2|Landorus-Therian, M|
|poke|p2|Slowking-Galar, F|
|teampreview
|inactive|Battle timer is ON: inactive players will automatically lose when time's up. (requested by sveinung12321)
|inactive|sveinung12321 has 120 seconds left.
|inactive|sveinung12321 has 90 seconds left.
|
|t:|1760383392
|teamsize|p1|6
|teamsize|p2|6
|start
|switch|p1a: Primeape|Primeape, F|100/100
|switch|p2a: Slowking|Slowking-Galar, F|100/100
|turn|1
|
|t:|1760383410
|move|p1a: Primeape|Stealth Rock|p2a: Slowking
|-sidestart|p2: sveinung12321|move: Stealth Rock
|move|p2a: Slowking|Future Sight|p1a: Primeape
|-start|p2a: Slowking|move: Future Sight
|
|upkeep
|turn|2
|inactive|sveinung12321 has 120 seconds left.
|
|t:|1760383453
|move|p1a: Primeape|Encore|p2a: Slowking
|-start|p2a: Slowking|Encore
|move|p2a: Slowking|Future Sight||[still]
|-fail|p2a: Slowking
|
|upkeep
|turn|3
|
|t:|1760383464
|switch|p1a: Iron Crown|Iron Crown|100/100
|switch|p2a: Corviknight|Corviknight, M|100/100
|-damage|p2a: Corviknight|88/100|[from] Stealth Rock
|-ability|p2a: Corviknight|Pressure
|
|-end|p1a: Iron Crown|move: Future Sight
|-resisted|p1a: Iron Crown
|-damage|p1a: Iron Crown|94/100
|upkeep
|turn|4
|
|t:|1760383478
|switch|p2a: Landorus|Landorus-Therian, M|100/100
|-damage|p2a: Landorus|88/100|[from] Stealth Rock
|-ability|p2a: Landorus|Intimidate|boost
|-unboost|p1a: Iron Crown|atk|1
|move|p1a: Iron Crown|Volt Switch|p2a: Landorus
|-immune|p2a: Landorus
|
|-heal|p2a: Landorus|94/100|[from] item: Leftovers
|upkeep
|turn|5
|
|t:|1760383493
|-end|p1a: Iron Crown|Quark Drive|[silent]
|switch|p1a: Rotom|Rotom-Wash|100/100
|move|p2a: Landorus|U-turn|p1a: Rotom
|-damage|p1a: Rotom|59/100
|inactive|sveinung12321 has 90 seconds left.
|inactive|sveinung12321 has 60 seconds left.
|
|t:|1760383555
|switch|p2a: Slowking|Slowking-Galar, F|100/100|[from] U-turn
|-damage|p2a: Slowking|88/100|[from] Stealth Rock
|
|-heal|p2a: Slowking|94/100|[from] item: Black Sludge
|upkeep
|turn|6
|inactive|sveinung12321 has 60 seconds left.
|
|t:|1760383571
|move|p1a: Rotom|Volt Switch|p2a: Slowking
|-damage|p2a: Slowking|77/100
|
|t:|1760383573
|switch|p1a: Iron Crown|Iron Crown|94/100|[from] Volt Switch
|move|p2a: Slowking|Trick|p1a: Iron Crown
|-activate|p2a: Slowking|move: Trick|[of] p1a: Iron Crown
|-item|p1a: Iron Crown|Black Sludge|[from] move: Trick
|-item|p2a: Slowking|Assault Vest|[from] move: Trick
|
|-damage|p1a: Iron Crown|81/100|[from] item: Black Sludge
|upkeep
|turn|7
|inactive|sveinung12321 has 60 seconds left.
|
|t:|1760383601
|move|p1a: Iron Crown|Future Sight|p2a: Slowking
|-start|p1a: Iron Crown|move: Future Sight
|move|p2a: Slowking|Future Sight|p1a: Iron Crown
|-start|p2a: Slowking|move: Future Sight
|
|-damage|p1a: Iron Crown|69/100|[from] item: Black Sludge
|upkeep
|turn|8
|
|t:|1760383608
|move|p1a: Iron Crown|Volt Switch|p2a: Slowking
|-crit|p2a: Slowking
|-damage|p2a: Slowking|64/100
|
|t:|1760383610
|-end|p1a: Iron Crown|Quark Drive|[silent]
|switch|p1a: Primeape|Primeape, F|100/100|[from] Volt Switch
|move|p2a: Slowking|Sludge Bomb|p1a: Primeape
|-damage|p1a: Primeape|53/100
|-status|p1a: Primeape|psn
|
|-damage|p1a: Primeape|41/100 psn|[from] psn
|upkeep
|turn|9
|inactive|sveinung12321 has 60 seconds left.
|
|t:|1760383622
|switch|p2a: Landorus|Landorus-Therian, M|94/100
|-damage|p2a: Landorus|82/100|[from] Stealth Rock
|-ability|p2a: Landorus|Intimidate|boost
|-unboost|p1a: Primeape|atk|1
|-ability|p1a: Primeape|Defiant|boost
|-boost|p1a: Primeape|atk|2
|move|p1a: Primeape|Encore||[still]
|-fail|p1a: Primeape
|
|-end|p1a: Primeape|move: Future Sight
|-supereffective|p1a: Primeape
|-damage|p1a: Primeape|0 fnt
|faint|p1a: Primeape
|-end|p2a: Landorus|move: Future Sight
|-damage|p2a: Landorus|21/100
|-heal|p2a: Landorus|27/100|[from] item: Leftovers
|upkeep
|
|t:|1760383634
|switch|p1a: Iron Crown|Iron Crown|69/100
|turn|10
|
|t:|1760383640
|move|p1a: Iron Crown|Future Sight|p2a: Landorus
|-start|p1a: Iron Crown|move: Future Sight
|move|p2a: Landorus|Earthquake|p1a: Iron Crown
|-supereffective|p1a: Iron Crown
|-damage|p1a: Iron Crown|0 fnt
|faint|p1a: Iron Crown
|-end|p1a: Iron Crown|Quark Drive|[silent]
|
|-heal|p2a: Landorus|33/100|[from] item: Leftovers
|upkeep
|
|t:|1760383649
|switch|p1a: Iron Valiant|Iron Valiant|100/100
|-enditem|p1a: Iron Valiant|Booster Energy
|-activate|p1a: Iron Valiant|ability: Quark Drive|[fromitem]
|-start|p1a: Iron Valiant|quarkdrivespe
|turn|11
|
|t:|1760383655
|move|p1a: Iron Valiant|Swords Dance|p1a: Iron Valiant
|-boost|p1a: Iron Valiant|atk|2
|move|p2a: Landorus|Earthquake|p1a: Iron Valiant
|-damage|p1a: Iron Valiant|21/100
|
|-heal|p2a: Landorus|39/100|[from] item: Leftovers
|upkeep
|turn|12
|
|t:|1760383660
|switch|p2a: Corviknight|Corviknight, M|88/100
|-damage|p2a: Corviknight|75/100|[from] Stealth Rock
|-ability|p2a: Corviknight|Pressure
|move|p1a: Iron Valiant|Moonblast|p2a: Corviknight
|-resisted|p2a: Corviknight
|-damage|p2a: Corviknight|62/100
|-unboost|p2a: Corviknight|spa|1
|
|-end|p2a: Corviknight|move: Future Sight
|-resisted|p2a: Corviknight
|-damage|p2a: Corviknight|41/100
|upkeep
|turn|13
|inactive|sveinung12321 has 90 seconds left.
|
|t:|1760383669
|move|p1a: Iron Valiant|Close Combat|p2a: Corviknight
|-damage|p2a: Corviknight|0 fnt
|-unboost|p1a: Iron Valiant|def|1
|-unboost|p1a: Iron Valiant|spd|1
|-damage|p1a: Iron Valiant|4/100|[from] item: Rocky Helmet|[of] p2a: Corviknight
|faint|p2a: Corviknight
|
|upkeep
|
|t:|1760383672
|switch|p2a: Azumarill|Azumarill, M|100/100
|-damage|p2a: Azumarill|88/100|[from] Stealth Rock
|turn|14
|
|t:|1760383674
|move|p2a: Azumarill|Aqua Jet|p1a: Iron Valiant
|-damage|p1a: Iron Valiant|0 fnt
|faint|p1a: Iron Valiant
|-end|p1a: Iron Valiant|Quark Drive|[silent]
|
|upkeep
|
|t:|1760383677
|switch|p1a: Iron Hands|Iron Hands|100/100
|turn|15
|
|t:|1760383682
|switch|p2a: Landorus|Landorus-Therian, M|39/100
|-damage|p2a: Landorus|27/100|[from] Stealth Rock
|-ability|p2a: Landorus|Intimidate|boost
|-unboost|p1a: Iron Hands|atk|1
|move|p1a: Iron Hands|Volt Switch|p2a: Landorus
|-immune|p2a: Landorus
|
|-heal|p2a: Landorus|33/100|[from] item: Leftovers
|upkeep
|turn|16
|
|t:|1760383684
|-end|p1a: Iron Hands|Quark Drive|[silent]
|switch|p1a: Rotom|Rotom-Wash|59/100
|move|p2a: Landorus|Earthquake|p1a: Rotom
|-immune|p1a: Rotom|[from] ability: Levitate
|
|-heal|p2a: Landorus|39/100|[from] item: Leftovers
|upkeep
|turn|17
|
|t:|1760383694
|move|p1a: Rotom|Hydro Pump|p2a: Landorus
|-supereffective|p2a: Landorus
|-damage|p2a: Landorus|0 fnt
|faint|p2a: Landorus
|
|upkeep
|
|t:|1760383700
|switch|p2a: Slowking|Slowking-Galar, F|97/100
|-damage|p2a: Slowking|85/100|[from] Stealth Rock
|turn|18
|
|t:|1760383704
|move|p1a: Rotom|Hydro Pump|p2a: Slowking
|-crit|p2a: Slowking
|-damage|p2a: Slowking|54/100
|move|p2a: Slowking|Future Sight|p1a: Rotom
|-start|p2a: Slowking|move: Future Sight
|
|upkeep
|turn|19
|
|t:|1760383706
|move|p1a: Rotom|Hydro Pump|p2a: Slowking|[miss]
|-miss|p1a: Rotom|p2a: Slowking
|move|p2a: Slowking|Sludge Bomb|p1a: Rotom
|-damage|p1a: Rotom|14/100
|-status|p1a: Rotom|psn
|
|-damage|p1a: Rotom|2/100 psn|[from] psn
|upkeep
|turn|20
|
|t:|1760383715
|switch|p2a: Azumarill|Azumarill, M|88/100
|-damage|p2a: Azumarill|76/100|[from] Stealth Rock
|move|p1a: Rotom|Hydro Pump|p2a: Azumarill
|-resisted|p2a: Azumarill
|-damage|p2a: Azumarill|58/100
|
|-end|p1a: Rotom|move: Future Sight
|-damage|p1a: Rotom|0 fnt
|faint|p1a: Rotom
|upkeep
|
|t:|1760383717
|switch|p1a: Iron Hands|Iron Hands|100/100
|turn|21
|
|t:|1760383731
|move|p2a: Azumarill|Play Rough|p1a: Iron Hands
|-supereffective|p1a: Iron Hands
|-damage|p1a: Iron Hands|27/100
|move|p1a: Iron Hands|Supercell Slam|p2a: Azumarill
|-supereffective|p2a: Azumarill
|-damage|p2a: Azumarill|0 fnt
|faint|p2a: Azumarill
|
|upkeep
|
|t:|1760383741
|switch|p2a: Dragapult|Dragapult, F|100/100
|-damage|p2a: Dragapult|88/100|[from] Stealth Rock
|turn|22
|
|t:|1760383743
|move|p2a: Dragapult|Shadow Ball|p1a: Iron Hands
|-damage|p1a: Iron Hands|0 fnt
|faint|p1a: Iron Hands
|-end|p1a: Iron Hands|Quark Drive|[silent]
|
|upkeep
|
|t:|1760383745
|switch|p1a: Cresselia|Cresselia, F, shiny|100/100
|turn|23
|
|t:|1760383749
|-terastallize|p1a: Cresselia|Poison
|move|p2a: Dragapult|Shadow Ball|p1a: Cresselia
|-damage|p1a: Cresselia|64/100
|move|p1a: Cresselia|Calm Mind|p1a: Cresselia
|-boost|p1a: Cresselia|spa|1
|-boost|p1a: Cresselia|spd|1
|
|upkeep
|turn|24
|
|t:|1760383756
|switch|p2a: Zamazenta|Zamazenta|100/100
|-damage|p2a: Zamazenta|94/100|[from] Stealth Rock
|-ability|p2a: Zamazenta|Dauntless Shield|boost
|-boost|p2a: Zamazenta|def|1
|move|p1a: Cresselia|Calm Mind|p1a: Cresselia
|-boost|p1a: Cresselia|spa|1
|-boost|p1a: Cresselia|spd|1
|
|upkeep
|turn|25
|
|t:|1760383768
|-terastallize|p2a: Zamazenta|Dark
|move|p2a: Zamazenta|Howl|p2a: Zamazenta
|-boost|p2a: Zamazenta|atk|1
|move|p1a: Cresselia|Moonlight|p1a: Cresselia
|-heal|p1a: Cresselia|100/100
|
|upkeep
|turn|26
|
|t:|1760383780
|move|p2a: Zamazenta|Crunch|p1a: Cresselia
|-damage|p1a: Cresselia|70/100
|move|p1a: Cresselia|Calm Mind|p1a: Cresselia
|-boost|p1a: Cresselia|spa|1
|-boost|p1a: Cresselia|spd|1
|
|upkeep
|turn|27
|
|t:|1760383784
|move|p2a: Zamazenta|Howl|p2a: Zamazenta
|-boost|p2a: Zamazenta|atk|1
|move|p1a: Cresselia|Moonblast|p2a: Zamazenta
|-supereffective|p2a: Zamazenta
|-damage|p2a: Zamazenta|19/100
|
|upkeep
|turn|28
|
|t:|1760383788
|move|p2a: Zamazenta|Crunch|p1a: Cresselia
|-damage|p1a: Cresselia|27/100
|move|p1a: Cresselia|Moonblast|p2a: Zamazenta
|-supereffective|p2a: Zamazenta
|-damage|p2a: Zamazenta|0 fnt
|faint|p2a: Zamazenta
|
|upkeep
|
|t:|1760383792
|switch|p2a: Dragapult|Dragapult, F|88/100
|-damage|p2a: Dragapult|76/100|[from] Stealth Rock
|turn|29
|
|t:|1760383794
|move|p2a: Dragapult|Draco Meteor|p1a: Cresselia|[miss]
|-miss|p2a: Dragapult|p1a: Cresselia
|move|p1a: Cresselia|Moonlight|p1a: Cresselia
|-heal|p1a: Cresselia|77/100
|
|upkeep
|turn|30
|
|t:|1760383813
|move|p2a: Dragapult|Draco Meteor|p1a: Cresselia
|-damage|p1a: Cresselia|53/100
|-unboost|p2a: Dragapult|spa|2
|move|p1a: Cresselia|Moonlight|p1a: Cresselia
|-heal|p1a: Cresselia|100/100
|
|upkeep
|turn|31
|
|t:|1760383817
|switch|p2a: Slowking|Slowking-Galar, F|87/100
|-damage|p2a: Slowking|75/100|[from] Stealth Rock
|move|p1a: Cresselia|Stored Power|p2a: Slowking
|-damage|p2a: Slowking|39/100
|
|upkeep
|turn|32
|
|t:|1760383822
|move|p1a: Cresselia|Calm Mind|p1a: Cresselia
|-boost|p1a: Cresselia|spa|1
|-boost|p1a: Cresselia|spd|1
|move|p2a: Slowking|Future Sight|p1a: Cresselia
|-start|p2a: Slowking|move: Future Sight
|
|upkeep
|turn|33
|
|t:|1760383826
|move|p1a: Cresselia|Stored Power|p2a: Slowking
|-damage|p2a: Slowking|0 fnt
|faint|p2a: Slowking
|
|upkeep
|
|t:|1760383828
|switch|p2a: Dragapult|Dragapult, F|76/100
|-damage|p2a: Dragapult|64/100|[from] Stealth Rock
|turn|34
|
|t:|1760383830
|move|p2a: Dragapult|Draco Meteor|p1a: Cresselia|[miss]
|-miss|p2a: Dragapult|p1a: Cresselia
|move|p1a: Cresselia|Stored Power|p2a: Dragapult
|-damage|p2a: Dragapult|0 fnt
|faint|p2a: Dragapult
|
|win|ManWhoCouldntCook
|raw|ManWhoCouldntCook's rating: 1486 &rarr; <strong>1508</strong><br />(+22 for winning)
|raw|sveinung12321's rating: 1515 &rarr; <strong>1493</strong><br />(-22 for losing)
|l|☆ManWhoCouldntCook
|player|p1|
|l|☆sveinung12321
|player|p2|
