|j|☆undertalethemovie
|j|☆aortega21
|t:|1760365525
|gametype|singles
|player|p1|undertalethemovie|n|1170
|player|p2|aortega21|1|1101
|gen|9
|tier|[Gen 9] OU
|rated|
|rule|HP Percentage Mod: HP is shown in percentages
|rule|Endless Battle Clause: Forcing endless battles is banned
|rule|Species Clause: Limit one of each Pokémon
|rule|OHKO Clause: OHKO moves are banned
|rule|Evasion Items Clause: Evasion items are banned
|rule|Evasion Moves Clause: Evasion moves are banned
|rule|Evasion Abilities Clause: Evasion abilities are banned
|rule|Sleep Moves Clause: Sleep-inducing moves are banned
|clearpoke
|poke|p1|Clodsire, F|
|poke|p1|Ogerpon-Wellspring, F|
|poke|p1|Zoroark-Hisui, F|
|poke|p1|Zamazenta-*|
|poke|p1|Cinderace, F|
|poke|p1|Deoxys-Speed|
|poke|p2|Incineroar, M|
|poke|p2|Primarina, F|
|poke|p2|Sceptile, M|
|poke|p2|Haxorus, M|
|poke|p2|Gengar, F|
|poke|p2|Gardevoir, F|
|teampreview
|inactive|Battle timer is ON: inactive players will automatically lose when time's up. (requested by undertalethemovie)
|
|t:|1760365552
|teamsize|p1|6
|teamsize|p2|6
|start
|switch|p1a: The Writer|Ogerpon-Wellspring, F|100/100
|switch|p2a: Gengar|Gengar, F|100/100
|turn|1
|
|t:|1760365559
|-terastallize|p1a: The Writer|Water
|detailschange|p1a: The Writer|Ogerpon-Wellspring-Tera, F, tera:Water
|-ability|p1a: The Writer|Embody Aspect (Wellspring)|boost
|-boost|p1a: The Writer|spd|1
|move|p2a: Gengar|Sludge Wave|p1a: The Writer
|-damage|p1a: The Writer|60/100
|move|p1a: The Writer|U-turn|p2a: Gengar
|-resisted|p2a: Gengar
|-damage|p2a: Gengar|88/100
|
|t:|1760365565
|switch|p1a: Mumbo|Clodsire, F|100/100|[from] U-turn
|-item|p1a: Mumbo|Air Balloon
|
|-heal|p2a: Gengar|94/100|[from] item: Leftovers
|upkeep
|turn|2
|
|t:|1760365572
|move|p2a: Gengar|Psychic|p1a: Mumbo
|-damage|p1a: Mumbo|41/100
|replace|p1a: Count St. Germain|Zoroark-Hisui, F, shiny
|-end|p1a: Count St. Germain|Illusion
|-enditem|p1a: Count St. Germain|Air Balloon
|move|p1a: Count St. Germain|Will-O-Wisp|p2a: Gengar
|-status|p2a: Gengar|brn
|
|-heal|p2a: Gengar|99/100 brn|[from] item: Leftovers
|-damage|p2a: Gengar|94/100 brn|[from] brn
|upkeep
|turn|3
|
|t:|1760365582
|move|p1a: Count St. Germain|Hex|p2a: Gengar
|-supereffective|p2a: Gengar
|-damage|p2a: Gengar|0 fnt
|-start|p1a: Count St. Germain|Disable|Hex|[from] ability: Cursed Body|[of] p2a: Gengar
|faint|p2a: Gengar
|
|upkeep
|
|t:|1760365598
|switch|p2a: Incineroar|Incineroar, M|100/100
|-ability|p2a: Incineroar|Intimidate|boost
|-unboost|p1a: Count St. Germain|atk|1
|turn|4
|
|t:|1760365610
|switch|p1a: Mumbo|Clodsire, F|100/100
|-item|p1a: Mumbo|Air Balloon
|move|p2a: Incineroar|Knock Off|p1a: Mumbo
|-damage|p1a: Mumbo|47/100
|-enditem|p1a: Mumbo|Air Balloon
|
|upkeep
|turn|5
|
|t:|1760365633
|move|p2a: Incineroar|Knock Off|p1a: Mumbo
|-damage|p1a: Mumbo|13/100
|move|p1a: Mumbo|Recover|p1a: Mumbo
|-heal|p1a: Mumbo|63/100
|
|upkeep
|turn|6
|
|t:|1760365637
|move|p2a: Incineroar|Earthquake|p1a: Mumbo
|-supereffective|p1a: Mumbo
|-crit|p1a: Mumbo
|-damage|p1a: Mumbo|0 fnt
|faint|p1a: Mumbo
|
|upkeep
|
|t:|1760365641
|switch|p1a: The Writer|Ogerpon-Wellspring-Tera, F, tera:Water|60/100
|-ability|p1a: The Writer|Embody Aspect (Wellspring)|boost
|-boost|p1a: The Writer|spd|1
|turn|7
|
|t:|1760365646
|switch|p2a: Sceptile|Sceptile, M|100/100
|move|p1a: The Writer|U-turn|p2a: Sceptile
|-supereffective|p2a: Sceptile
|-damage|p2a: Sceptile|8/100
|
|t:|1760365649
|switch|p1a: The Writer|Ogerpon-Wellspring-Tera, F|41/100|[from] U-turn
|
|-heal|p2a: Sceptile|14/100|[from] item: Leftovers
|upkeep
|-start|p1a: The Writer|typechange|Water|[silent]
|turn|8
|
|t:|1760365657
|switch|p1a: Pokemon Shield|Zamazenta|100/100
|-ability|p1a: Pokemon Shield|Dauntless Shield|boost
|-boost|p1a: Pokemon Shield|def|1
|move|p2a: Sceptile|Leaf Storm|p1a: Pokemon Shield
|-damage|p1a: Pokemon Shield|20/100
|-unboost|p2a: Sceptile|spa|2
|
|-heal|p1a: Pokemon Shield|27/100|[from] item: Leftovers
|-heal|p2a: Sceptile|20/100|[from] item: Leftovers
|upkeep
|turn|9
|-message|undertalethemovie forfeited.
|
|win|aortega21
|raw|undertalethemovie's rating: 1170 &rarr; <strong>1140</strong><br />(-30 for losing)
|raw|aortega21's rating: 1101 &rarr; <strong>1131</strong><br />(+30 for winning)
|l|☆undertalethemovie
|player|p1|
|l|☆aortega21
|player|p2|
