|inactive|Battle timer is ON: inactive players will automatically lose when time's up.
|t:|1760299414
|gametype|singles
|player|p1|TDNT|#ptplvjirachis|
|player|p2|starmaster|#starmaster|
|gen|9
|tier|[Gen 9] OU
|rule|HP Percentage Mod: HP is shown in percentages
|rule|Endless Battle Clause: Forcing endless battles is banned
|rule|Species Clause: Limit one of each Pokémon
|rule|OHKO Clause: OHKO moves are banned
|rule|Evasion Items Clause: Evasion items are banned
|rule|Evasion Moves Clause: Evasion moves are banned
|rule|Evasion Abilities Clause: Evasion abilities are banned
|rule|Sleep Moves Clause: Sleep-inducing moves are banned
|clearpoke
|poke|p1|Kyurem|
|poke|p1|Iron Valiant|
|poke|p1|Gholdengo|
|poke|p1|Moltres|
|poke|p1|Great Tusk|
|poke|p1|Zamazenta-*|
|poke|p2|Ogerpon-Wellspring, F|
|poke|p2|Great Tusk|
|poke|p2|Enamorus, F|
|poke|p2|Kingambit, F|
|poke|p2|Cinderace, F|
|poke|p2|Tornadus-Therian, M|
|teampreview
|c|☆TDNT|hf
|c|☆starmaster|u2
|rated|Smogon Champions League
|inactive|TDNT has 270 seconds left.
|inactive|TDNT has 240 seconds left.
|inactive|TDNT has 210 seconds left.
|
|t:|1760299523
|teamsize|p1|6
|teamsize|p2|6
|start
|switch|p1a: Moltres|Moltres|100/100
|switch|p2a: Tornadus|Tornadus-Therian, M|100/100
|turn|1
|
|t:|1760299532
|move|p2a: Tornadus|Knock Off|p1a: Moltres
|-damage|p1a: Moltres|81/100
|-enditem|p1a: Moltres|Heavy-Duty Boots|[from] move: Knock Off|[of] p2a: Tornadus
|move|p1a: Moltres|Flamethrower|p2a: Tornadus
|-damage|p2a: Tornadus|74/100
|
|upkeep
|turn|2
|
|t:|1760299539
|move|p2a: Tornadus|Bleakwind Storm|p1a: Moltres
|-damage|p1a: Moltres|52/100
|move|p1a: Moltres|Roost|p1a: Moltres
|-heal|p1a: Moltres|100/100
|-singleturn|p1a: Moltres|move: Roost
|
|upkeep
|turn|3
|inactive|TDNT has 270 seconds left.
|
|t:|1760299544
|move|p2a: Tornadus|Bleakwind Storm|p1a: Moltres
|-damage|p1a: Moltres|69/100
|move|p1a: Moltres|Flamethrower|p2a: Tornadus
|-damage|p2a: Tornadus|49/100
|
|upkeep
|turn|4
|inactive|TDNT has 270 seconds left.
|inactive|starmaster has 270 seconds left.
|
|t:|1760299579
|switch|p2a: Ogerpon|Ogerpon-Wellspring, F|100/100
|move|p1a: Moltres|U-turn|p2a: Ogerpon
|-supereffective|p2a: Ogerpon
|-damage|p2a: Ogerpon|63/100
|
|t:|1760299584
|switch|p1a: Kyurem|Kyurem|100/100|[from] U-turn
|-ability|p1a: Kyurem|Pressure
|
|upkeep
|turn|5
|
|t:|1760299589
|switch|p2a: Cinderace|Cinderace, F|100/100
|move|p1a: Kyurem|Dragon Dance|p1a: Kyurem
|-boost|p1a: Kyurem|atk|1
|-boost|p1a: Kyurem|spe|1
|
|upkeep
|turn|6
|
|t:|1760299613
|switch|p2a: Kingambit|Kingambit, F|100/100
|-terastallize|p1a: Kyurem|Ground
|move|p1a: Kyurem|Tera Blast|p2a: Kingambit|[anim] Tera Blast Ground
|-supereffective|p2a: Kingambit
|-damage|p2a: Kingambit|0 fnt
|faint|p2a: Kingambit
|-end|p2a: Kingambit|fallenundefined|[silent]
|
|upkeep
|inactive|starmaster has 270 seconds left.
|inactive|starmaster has 240 seconds left.
|inactive|starmaster has 210 seconds left.
|
|t:|1760299709
|switch|p2a: Enamorus|Enamorus, F|100/100
|turn|7
|inactive|starmaster has 180 seconds left.
|
|t:|1760299743
|move|p2a: Enamorus|Moonblast|p1a: Kyurem
|-damage|p1a: Kyurem|50/100
|-unboost|p1a: Kyurem|spa|1
|move|p1a: Kyurem|Icicle Spear|p2a: Enamorus
|-supereffective|p2a: Enamorus
|-damage|p2a: Enamorus|30/100
|-supereffective|p2a: Enamorus
|-damage|p2a: Enamorus|0 fnt
|faint|p2a: Enamorus
|-hitcount|p2: Enamorus|2
|
|upkeep
|
|t:|1760299755
|switch|p2a: Great Tusk|Great Tusk|100/100
|turn|8
|inactive|starmaster has 150 seconds left.
|
|t:|1760299789
|-terastallize|p2a: Great Tusk|Steel
|move|p1a: Kyurem|Substitute|p1a: Kyurem
|-start|p1a: Kyurem|Substitute
|-damage|p1a: Kyurem|25/100
|move|p2a: Great Tusk|Headlong Rush|p1a: Kyurem
|-end|p1a: Kyurem|Substitute
|-unboost|p2a: Great Tusk|def|1
|-unboost|p2a: Great Tusk|spd|1
|
|upkeep
|turn|9
|inactive|starmaster has 150 seconds left.
|inactive|TDNT has 240 seconds left.
|
|t:|1760299816
|-end|p2a: Great Tusk|Protosynthesis|[silent]
|switch|p2a: Tornadus|Tornadus-Therian, M|82/100
|move|p1a: Kyurem|Tera Blast|p2a: Tornadus|[anim] Tera Blast Ground
|-immune|p2a: Tornadus
|
|upkeep
|turn|10
|
|t:|1760299826
|switch|p2a: Cinderace|Cinderace, F|100/100
|move|p1a: Kyurem|Icicle Spear|p2a: Cinderace
|-resisted|p2a: Cinderace
|-damage|p2a: Cinderace|87/100
|-resisted|p2a: Cinderace
|-damage|p2a: Cinderace|73/100
|-resisted|p2a: Cinderace
|-damage|p2a: Cinderace|59/100
|-resisted|p2a: Cinderace
|-damage|p2a: Cinderace|46/100
|-hitcount|p2a: Cinderace|4
|
|upkeep
|turn|11
|inactive|TDNT has 240 seconds left.
|
|t:|1760299835
|move|p1a: Kyurem|Tera Blast|p2a: Cinderace|[anim] Tera Blast Ground
|-supereffective|p2a: Cinderace
|-damage|p2a: Cinderace|0 fnt
|faint|p2a: Cinderace
|
|upkeep
|
|t:|1760299837
|switch|p2a: Great Tusk|Great Tusk, tera:Steel|100/100
|turn|12
|inactive|starmaster has 150 seconds left.
|
|t:|1760299865
|move|p1a: Kyurem|Tera Blast|p2a: Great Tusk|[anim] Tera Blast Ground
|-supereffective|p2a: Great Tusk
|-damage|p2a: Great Tusk|8/100
|move|p2a: Great Tusk|Rapid Spin|p1a: Kyurem
|-damage|p1a: Kyurem|8/100
|-boost|p2a: Great Tusk|spe|1
|
|upkeep
|turn|13
|
|t:|1760299879
|move|p2a: Great Tusk|Ice Spinner|p1a: Kyurem
|-supereffective|p1a: Kyurem
|-damage|p1a: Kyurem|0 fnt
|faint|p1a: Kyurem
|
|upkeep
|inactive|TDNT has 240 seconds left.
|
|t:|1760299915
|switch|p1a: Great Tusk|Great Tusk|100/100
|turn|14
|
|t:|1760299931
|-end|p2a: Great Tusk|Protosynthesis|[silent]
|switch|p2a: Tornadus|Tornadus-Therian, M|100/100
|move|p1a: Great Tusk|Stealth Rock|p2a: Tornadus
|-sidestart|p2: starmaster|move: Stealth Rock
|
|upkeep
|turn|15
|inactive|TDNT has 240 seconds left.
|
|t:|1760299943
|-end|p1a: Great Tusk|Protosynthesis|[silent]
|switch|p1a: Gholdengo|Gholdengo|100/100
|move|p2a: Tornadus|Bleakwind Storm|p1a: Gholdengo|[miss]
|-miss|p2a: Tornadus|p1a: Gholdengo
|
|upkeep
|turn|16
|
|t:|1760299946
|switch|p1a: Moltres|Moltres|69/100
|move|p2a: Tornadus|Knock Off|p1a: Moltres
|-damage|p1a: Moltres|58/100
|
|upkeep
|turn|17
|
|t:|1760299949
|move|p2a: Tornadus|Bleakwind Storm|p1a: Moltres
|-damage|p1a: Moltres|29/100
|move|p1a: Moltres|Roost|p1a: Moltres
|-heal|p1a: Moltres|79/100
|-singleturn|p1a: Moltres|move: Roost
|
|upkeep
|turn|18
|
|t:|1760299953
|move|p2a: Tornadus|Bleakwind Storm|p1a: Moltres
|-damage|p1a: Moltres|48/100
|-unboost|p1a: Moltres|spe|1
|move|p1a: Moltres|Roost|p1a: Moltres
|-heal|p1a: Moltres|98/100
|-singleturn|p1a: Moltres|move: Roost
|
|upkeep
|turn|19
|
|t:|1760299955
|move|p2a: Tornadus|Bleakwind Storm|p1a: Moltres
|-crit|p1a: Moltres
|-damage|p1a: Moltres|57/100
|move|p1a: Moltres|Flamethrower|p2a: Tornadus
|-crit|p2a: Tornadus
|-damage|p2a: Tornadus|60/100
|
|upkeep
|turn|20
|
|t:|1760299959
|switch|p2a: Ogerpon|Ogerpon-Wellspring, F|63/100
|-damage|p2a: Ogerpon|50/100|[from] Stealth Rock
|move|p1a: Moltres|Roost|p1a: Moltres
|-heal|p1a: Moltres|100/100
|-singleturn|p1a: Moltres|move: Roost
|
|upkeep
|turn|21
|
|t:|1760299967
|move|p2a: Ogerpon|Ivy Cudgel|p1a: Moltres|[anim] Ivy Cudgel Water
|-supereffective|p1a: Moltres
|-damage|p1a: Moltres|0 fnt
|faint|p1a: Moltres
|
|upkeep
|
|t:|1760299974
|switch|p1a: Iron Valiant|Iron Valiant|100/100
|-enditem|p1a: Iron Valiant|Booster Energy
|-activate|p1a: Iron Valiant|ability: Quark Drive|[fromitem]
|-start|p1a: Iron Valiant|quarkdrivespe
|turn|22
|
|t:|1760299980
|move|p1a: Iron Valiant|Substitute|p1a: Iron Valiant
|-start|p1a: Iron Valiant|Substitute
|-damage|p1a: Iron Valiant|76/100
|move|p2a: Ogerpon|Play Rough|p1a: Iron Valiant
|-supereffective|p1a: Iron Valiant
|-end|p1a: Iron Valiant|Substitute
|
|upkeep
|turn|23
|
|t:|1760300003
|switch|p2a: Tornadus|Tornadus-Therian, M|94/100
|-damage|p2a: Tornadus|69/100|[from] Stealth Rock
|move|p1a: Iron Valiant|Close Combat|p2a: Tornadus
|-resisted|p2a: Tornadus
|-damage|p2a: Tornadus|35/100
|-unboost|p1a: Iron Valiant|def|1
|-unboost|p1a: Iron Valiant|spd|1
|
|upkeep
|turn|24
|inactive|starmaster has 180 seconds left.
|
|t:|1760300028
|move|p1a: Iron Valiant|Substitute|p1a: Iron Valiant
|-start|p1a: Iron Valiant|Substitute
|-damage|p1a: Iron Valiant|51/100
|move|p2a: Tornadus|Bleakwind Storm|p1a: Iron Valiant
|-supereffective|p1a: Iron Valiant
|-end|p1a: Iron Valiant|Substitute
|
|upkeep
|turn|25
|
|t:|1760300033
|move|p1a: Iron Valiant|Substitute|p1a: Iron Valiant
|-start|p1a: Iron Valiant|Substitute
|-damage|p1a: Iron Valiant|26/100
|move|p2a: Tornadus|Bleakwind Storm|p1a: Iron Valiant|[miss]
|-miss|p2a: Tornadus|p1a: Iron Valiant
|
|upkeep
|turn|26
|
|t:|1760300036
|move|p1a: Iron Valiant|Knock Off|p2a: Tornadus
|-damage|p2a: Tornadus|0 fnt
|-enditem|p2a: Tornadus|Assault Vest|[from] move: Knock Off|[of] p1a: Iron Valiant
|faint|p2a: Tornadus
|
|upkeep
|c|☆starmaster|gg
|-message|starmaster forfeited.
|
|win|TDNT
|c|☆TDNT|gg
|player|p1|
|player|p2|
