|j|☆AlexCHZ
|j|☆witdflow
|t:|1760328586
|gametype|singles
|player|p1|AlexCHZ|hilbert-wonderlauncher|1189
|player|p2|witdflow|norman|1203
|gen|9
|tier|[Gen 9] OU
|rated|
|rule|HP Percentage Mod: HP is shown in percentages
|rule|Endless Battle Clause: Forcing endless battles is banned
|rule|Species Clause: Limit one of each Pokémon
|rule|OHKO Clause: OHKO moves are banned
|rule|Evasion Items Clause: Evasion items are banned
|rule|Evasion Moves Clause: Evasion moves are banned
|rule|Evasion Abilities Clause: Evasion abilities are banned
|rule|Sleep Moves Clause: Sleep-inducing moves are banned
|clearpoke
|poke|p1|Raichu, F|
|poke|p1|Pelipper, M|
|poke|p1|Basculegion, M|
|poke|p1|Goodra, F|
|poke|p1|Scizor, F|
|poke|p1|Charizard, M|
|poke|p2|Slowking-Galar, M|
|poke|p2|Ting-Lu|
|poke|p2|Dondozo, M|
|poke|p2|Clefable, F|
|poke|p2|Ditto|
|poke|p2|Alomomola, F|
|teampreview
|
|t:|1760328595
|teamsize|p1|6
|teamsize|p2|6
|start
|switch|p1a: Pelipper|Pelipper, M|100/100
|switch|p2a: Ditto|Ditto|100/100
|-transform|p2a: Ditto|p1a: Pelipper|[from] ability: Imposter
|-weather|RainDance|[from] ability: Drizzle|[of] p2a: Ditto
|turn|1
|
|t:|1760328609
|move|p2a: Ditto|Knock Off|p1a: Pelipper
|-damage|p1a: Pelipper|90/100
|-enditem|p1a: Pelipper|Damp Rock|[from] move: Knock Off|[of] p2a: Ditto
|move|p1a: Pelipper|Knock Off|p2a: Ditto
|-damage|p2a: Ditto|90/100
|-enditem|p2a: Ditto|Focus Sash|[from] move: Knock Off|[of] p1a: Pelipper
|
|-weather|RainDance|[upkeep]
|upkeep
|turn|2
|
|t:|1760328621
|move|p2a: Ditto|Hurricane|p1a: Pelipper
|-damage|p1a: Pelipper|43/100
|move|p1a: Pelipper|U-turn|p2a: Ditto
|-resisted|p2a: Ditto
|-damage|p2a: Ditto|86/100
|
|t:|1760328635
|switch|p1a: Raichu|Raichu, F|100/100|[from] U-turn
|
|-weather|RainDance|[upkeep]
|upkeep
|turn|3
|
|t:|1760328641
|switch|p2a: Ting-Lu|Ting-Lu, shiny|100/100
|-ability|p2a: Ting-Lu|Vessel of Ruin
|move|p1a: Raichu|Surf|p2a: Ting-Lu
|-supereffective|p2a: Ting-Lu
|-damage|p2a: Ting-Lu|63/100
|
|-weather|RainDance|[upkeep]
|-heal|p2a: Ting-Lu|69/100|[from] item: Leftovers
|upkeep
|turn|4
|
|t:|1760328660
|switch|p1a: Scizor|Scizor, F|100/100
|move|p2a: Ting-Lu|Sand Tomb|p1a: Scizor
|-damage|p1a: Scizor|88/100
|-activate|p1a: Scizor|move: Sand Tomb|[of] p2a: Ting-Lu
|
|-weather|RainDance|[upkeep]
|-heal|p2a: Ting-Lu|76/100|[from] item: Leftovers
|-damage|p1a: Scizor|76/100|[from] move: Sand Tomb|[partiallytrapped]
|upkeep
|turn|5
|
|t:|1760328674
|switch|p2a: Alomomola|Alomomola, F|100/100
|move|p1a: Scizor|Lunge|p2a: Alomomola
|-damage|p2a: Alomomola|74/100
|-unboost|p2a: Alomomola|atk|1
|-damage|p1a: Scizor|59/100|[from] item: Rocky Helmet|[of] p2a: Alomomola
|
|-weather|none
|-end|p1a: Scizor|Sand Tomb|[partiallytrapped]|[silent]
|upkeep
|turn|6
|
|t:|1760328686
|switch|p1a: Goodra|Goodra, F|100/100
|move|p2a: Alomomola|Wish|p2a: Alomomola
|
|upkeep
|turn|7
|
|t:|1760328697
|switch|p2a: Ting-Lu|Ting-Lu, shiny|76/100
|-ability|p2a: Ting-Lu|Vessel of Ruin
|move|p1a: Goodra|Scald|p2a: Ting-Lu
|-supereffective|p2a: Ting-Lu
|-crit|p2a: Ting-Lu
|-damage|p2a: Ting-Lu|41/100
|
|-heal|p2a: Ting-Lu|93/100|[from] move: Wish|[wisher] Alomomola
|-heal|p2a: Ting-Lu|99/100|[from] item: Leftovers
|upkeep
|turn|8
|
|t:|1760328713
|move|p1a: Goodra|Scald|p2a: Ting-Lu
|-supereffective|p2a: Ting-Lu
|-damage|p2a: Ting-Lu|77/100
|move|p2a: Ting-Lu|Sand Tomb|p1a: Goodra
|-damage|p1a: Goodra|86/100
|-activate|p1a: Goodra|move: Sand Tomb|[of] p2a: Ting-Lu
|
|-heal|p1a: Goodra|92/100|[from] item: Leftovers
|-heal|p2a: Ting-Lu|84/100|[from] item: Leftovers
|-damage|p1a: Goodra|80/100|[from] move: Sand Tomb|[partiallytrapped]
|upkeep
|turn|9
|
|t:|1760328723
|move|p1a: Goodra|Scald|p2a: Ting-Lu
|-supereffective|p2a: Ting-Lu
|-damage|p2a: Ting-Lu|60/100
|-status|p2a: Ting-Lu|brn
|move|p2a: Ting-Lu|Ruination|p1a: Goodra
|-damage|p1a: Goodra|40/100
|
|-heal|p1a: Goodra|47/100|[from] item: Leftovers
|-heal|p2a: Ting-Lu|66/100 brn|[from] item: Leftovers
|-damage|p2a: Ting-Lu|60/100 brn|[from] brn
|-damage|p1a: Goodra|34/100|[from] move: Sand Tomb|[partiallytrapped]
|upkeep
|turn|10
|
|t:|1760328737
|move|p1a: Goodra|Rain Dance|p1a: Goodra
|-weather|RainDance
|move|p2a: Ting-Lu|Rest|p2a: Ting-Lu
|-status|p2a: Ting-Lu|slp|[from] move: Rest
|-heal|p2a: Ting-Lu|100/100 slp|[silent]
|
|-weather|RainDance|[upkeep]
|-heal|p1a: Goodra|40/100|[from] item: Leftovers
|-damage|p1a: Goodra|28/100|[from] move: Sand Tomb|[partiallytrapped]
|upkeep
|turn|11
|
|t:|1760328749
|switch|p2a: Dondozo|Dondozo, M|100/100
|move|p1a: Goodra|Scald|p2a: Dondozo
|-resisted|p2a: Dondozo
|-damage|p2a: Dondozo|81/100
|
|-weather|RainDance|[upkeep]
|-heal|p1a: Goodra|34/100|[from] item: Leftovers
|-heal|p2a: Dondozo|87/100|[from] item: Leftovers
|-end|p1a: Goodra|Sand Tomb|[partiallytrapped]|[silent]
|upkeep
|turn|12
|
|t:|1760328762
|switch|p2a: Ting-Lu|Ting-Lu, shiny|100/100 slp
|-ability|p2a: Ting-Lu|Vessel of Ruin
|move|p1a: Goodra|Scald|p2a: Ting-Lu
|-supereffective|p2a: Ting-Lu
|-damage|p2a: Ting-Lu|64/100 slp
|
|-weather|RainDance|[upkeep]
|-heal|p1a: Goodra|40/100|[from] item: Leftovers
|-heal|p2a: Ting-Lu|70/100 slp|[from] item: Leftovers
|upkeep
|turn|13
|
|t:|1760328775
|switch|p1a: Charizard|Charizard, M|100/100
|switch|p2a: Dondozo|Dondozo, M|87/100
|
|-weather|RainDance|[upkeep]
|-heal|p2a: Dondozo|93/100|[from] item: Leftovers
|upkeep
|turn|14
|
|t:|1760328788
|switch|p2a: Slowking|Slowking-Galar, M, shiny|100/100
|-terastallize|p1a: Charizard|Electric
|move|p1a: Charizard|Tera Blast|p2a: Slowking|[anim] Tera Blast Electric
|-damage|p2a: Slowking|78/100
|
|-weather|none
|-heal|p2a: Slowking|84/100|[from] item: Leftovers
|upkeep
|turn|15
|
|t:|1760328799
|move|p1a: Charizard|Ancient Power|p2a: Slowking
|-crit|p2a: Slowking
|-damage|p2a: Slowking|69/100
|move|p2a: Slowking|Future Sight|p1a: Charizard
|-start|p2a: Slowking|move: Future Sight
|
|-heal|p2a: Slowking|75/100|[from] item: Leftovers
|upkeep
|turn|16
|
|t:|1760328807
|move|p1a: Charizard|Ancient Power|p2a: Slowking
|-damage|p2a: Slowking|64/100
|-boost|p1a: Charizard|atk|1
|-boost|p1a: Charizard|def|1
|-boost|p1a: Charizard|spa|1
|-boost|p1a: Charizard|spd|1
|-boost|p1a: Charizard|spe|1
|move|p2a: Slowking|Toxic Spikes|p1a: Charizard
|-sidestart|p1: AlexCHZ|move: Toxic Spikes
|
|-heal|p2a: Slowking|70/100|[from] item: Leftovers
|upkeep
|turn|17
|c|☆witdflow|you're just wrong for that
|c|☆witdflow|omniboosting like that
|
|t:|1760328829
|switch|p2a: Clefable|Clefable, F, shiny|100/100
|move|p1a: Charizard|Ancient Power|p2a: Clefable
|-crit|p2a: Clefable
|-damage|p2a: Clefable|83/100
|
|-end|p1a: Charizard|move: Future Sight
|-damage|p1a: Charizard|73/100
|-heal|p2a: Clefable|89/100|[from] item: Leftovers
|upkeep
|turn|18
|
|t:|1760328842
|move|p1a: Charizard|Tera Blast|p2a: Clefable|[anim] Tera Blast Electric
|-damage|p2a: Clefable|63/100
|move|p2a: Clefable|Wish|p2a: Clefable
|
|-heal|p2a: Clefable|69/100|[from] item: Leftovers
|upkeep
|turn|19
|
|t:|1760328849
|move|p1a: Charizard|Hurricane|p2a: Clefable
|-damage|p2a: Clefable|37/100
|move|p2a: Clefable|Knock Off|p1a: Charizard
|-damage|p1a: Charizard|48/100
|-enditem|p1a: Charizard|Assault Vest|[from] move: Knock Off|[of] p2a: Clefable
|
|-heal|p2a: Clefable|87/100|[from] move: Wish|[wisher] Clefable
|-heal|p2a: Clefable|93/100|[from] item: Leftovers
|upkeep
|turn|20
|
|t:|1760328860
|move|p1a: Charizard|Tera Blast|p2a: Clefable|[anim] Tera Blast Electric
|-damage|p2a: Clefable|68/100
|move|p2a: Clefable|Wish|p2a: Clefable
|
|-heal|p2a: Clefable|74/100|[from] item: Leftovers
|upkeep
|turn|21
|
|t:|1760328869
|move|p1a: Charizard|Hurricane|p2a: Clefable|[miss]
|-miss|p1a: Charizard|p2a: Clefable
|move|p2a: Clefable|Moonblast|p1a: Charizard
|-damage|p1a: Charizard|9/100
|-unboost|p1a: Charizard|spa|1
|
|-heal|p2a: Clefable|100/100|[from] move: Wish|[wisher] Clefable
|upkeep
|turn|22
|
|t:|1760328879
|move|p1a: Charizard|Tera Blast|p2a: Clefable|[anim] Tera Blast Electric
|-crit|p2a: Clefable
|-damage|p2a: Clefable|60/100
|move|p2a: Clefable|Wish|p2a: Clefable
|
|-heal|p2a: Clefable|66/100|[from] item: Leftovers
|upkeep
|turn|23
|
|t:|1760328888
|move|p2a: Clefable|Protect|p2a: Clefable
|-singleturn|p2a: Clefable|Protect
|move|p1a: Charizard|Hurricane|p2a: Clefable
|-activate|p2a: Clefable|move: Protect
|
|-heal|p2a: Clefable|100/100|[from] move: Wish|[wisher] Clefable
|upkeep
|turn|24
|
|t:|1760328897
|move|p1a: Charizard|Tera Blast|p2a: Clefable|[anim] Tera Blast Electric
|-damage|p2a: Clefable|77/100
|move|p2a: Clefable|Wish|p2a: Clefable
|
|-heal|p2a: Clefable|83/100|[from] item: Leftovers
|upkeep
|turn|25
|
|t:|1760328904
|switch|p2a: Ting-Lu|Ting-Lu, shiny|70/100 slp
|-ability|p2a: Ting-Lu|Vessel of Ruin
|move|p1a: Charizard|Tera Blast|p2a: Ting-Lu|[anim] Tera Blast Electric
|-immune|p2a: Ting-Lu
|
|-heal|p2a: Ting-Lu|100/100 slp|[from] move: Wish|[wisher] Clefable
|upkeep
|turn|26
|
|t:|1760328914
|switch|p2a: Clefable|Clefable, F, shiny|83/100
|move|p1a: Charizard|Ancient Power|p2a: Clefable
|-damage|p2a: Clefable|69/100
|
|-heal|p2a: Clefable|75/100|[from] item: Leftovers
|upkeep
|turn|27
|
|t:|1760328924
|move|p1a: Charizard|Hurricane|p2a: Clefable
|-damage|p2a: Clefable|44/100
|move|p2a: Clefable|Wish|p2a: Clefable
|
|-heal|p2a: Clefable|50/100|[from] item: Leftovers
|upkeep
|turn|28
|
|t:|1760328931
|move|p2a: Clefable|Protect|p2a: Clefable
|-singleturn|p2a: Clefable|Protect
|move|p1a: Charizard|Ancient Power|p2a: Clefable
|-activate|p2a: Clefable|move: Protect
|
|-heal|p2a: Clefable|99/100|[from] move: Wish|[wisher] Clefable
|-heal|p2a: Clefable|100/100|[from] item: Leftovers
|upkeep
|turn|29
|
|t:|1760328941
|move|p1a: Charizard|Hurricane|p2a: Clefable
|-damage|p2a: Clefable|69/100
|move|p2a: Clefable|Wish|p2a: Clefable
|
|-heal|p2a: Clefable|75/100|[from] item: Leftovers
|upkeep
|turn|30
|
|t:|1760328949
|move|p1a: Charizard|Ancient Power|p2a: Clefable
|-damage|p2a: Clefable|61/100
|move|p2a: Clefable|Knock Off|p1a: Charizard
|-damage|p1a: Charizard|0 fnt
|faint|p1a: Charizard
|
|-heal|p2a: Clefable|100/100|[from] move: Wish|[wisher] Clefable
|upkeep
|
|t:|1760328962
|switch|p1a: Scizor|Scizor, F|59/100
|turn|31
|
|t:|1760328968
|switch|p2a: Alomomola|Alomomola, F|100/100
|move|p1a: Scizor|Bullet Punch|p2a: Alomomola
|-resisted|p2a: Alomomola
|-damage|p2a: Alomomola|92/100
|-damage|p1a: Scizor|42/100|[from] item: Rocky Helmet|[of] p2a: Alomomola
|
|upkeep
|turn|32
|-message|AlexCHZ forfeited.
|
|win|witdflow
|raw|AlexCHZ's rating: 1189 &rarr; <strong>1165</strong><br />(-24 for losing)
|raw|witdflow's rating: 1203 &rarr; <strong>1227</strong><br />(+24 for winning)
|l|☆AlexCHZ
|player|p1|
|l|☆witdflow
|player|p2|
