|j|☆KingOfKanto69
|j|☆SarjXpros
|t:|1760377963
|gametype|singles
|player|p1|KingOfKanto69|101|1230
|player|p2|SarjXpros|102|1224
|gen|9
|tier|[Gen 9] OU
|rated|
|rule|HP Percentage Mod: HP is shown in percentages
|rule|Endless Battle Clause: Forcing endless battles is banned
|rule|Species Clause: Limit one of each Pokémon
|rule|OHKO Clause: OHKO moves are banned
|rule|Evasion Items Clause: Evasion items are banned
|rule|Evasion Moves Clause: Evasion moves are banned
|rule|Evasion Abilities Clause: Evasion abilities are banned
|rule|Sleep Moves Clause: Sleep-inducing moves are banned
|clearpoke
|poke|p1|Gliscor, F|
|poke|p1|Ceruledge, M|
|poke|p1|Kyurem|
|poke|p1|Lokix, M|
|poke|p1|Tornadus-Therian, M|
|poke|p1|Alomomola, F|
|poke|p2|Primarina, M|
|poke|p2|Great Tusk|
|poke|p2|Kingambit, M|
|poke|p2|Slowking-Galar, M|
|poke|p2|Ogerpon, F|
|poke|p2|Enamorus, F|
|teampreview
|inactive|Battle timer is ON: inactive players will automatically lose when time's up. (requested by KingOfKanto69)
|c|☆SarjXpros|glhf
|
|t:|1760377974
|teamsize|p1|6
|teamsize|p2|6
|start
|switch|p1a: Lokix|Lokix, M|100/100
|switch|p2a: Anonymous|Ogerpon, F|100/100
|turn|1
|
|t:|1760377991
|move|p1a: Lokix|First Impression|p2a: Anonymous
|-supereffective|p2a: Anonymous
|-damage|p2a: Anonymous|0 fnt
|faint|p2a: Anonymous
|-damage|p1a: Lokix|91/100|[from] item: Life Orb
|
|upkeep
|
|t:|1760377998
|switch|p2a: Celestine|Primarina, M, shiny|100/100
|turn|2
|
|t:|1760378007
|move|p1a: Lokix|U-turn|p2a: Celestine
|-resisted|p2a: Celestine
|-damage|p2a: Celestine|45/100
|-damage|p1a: Lokix|81/100|[from] item: Life Orb
|
|t:|1760378013
|switch|p1a: Ceruledge|Ceruledge, M|100/100|[from] U-turn
|move|p2a: Celestine|Substitute|p2a: Celestine
|-start|p2a: Celestine|Substitute
|-damage|p2a: Celestine|20/100
|
|-heal|p2a: Celestine|26/100|[from] item: Leftovers
|upkeep
|turn|3
|
|t:|1760378027
|move|p1a: Ceruledge|Poltergeist|p2a: Celestine
|-activate|p2a: Celestine|move: Poltergeist|Leftovers
|-end|p2a: Celestine|Substitute
|move|p2a: Celestine|Psychic Noise|p1a: Ceruledge
|-supereffective|p1a: Ceruledge
|-damage|p1a: Ceruledge|0 fnt
|faint|p1a: Ceruledge
|
|-heal|p2a: Celestine|32/100|[from] item: Leftovers
|upkeep
|
|t:|1760378041
|switch|p1a: Tornadus|Tornadus-Therian, M|100/100
|turn|4
|
|t:|1760378046
|move|p1a: Tornadus|Nasty Plot|p1a: Tornadus
|-boost|p1a: Tornadus|spa|2
|move|p2a: Celestine|Psychic Noise|p1a: Tornadus
|-damage|p1a: Tornadus|50/100
|-start|p1a: Tornadus|move: Heal Block
|
|-heal|p2a: Celestine|38/100|[from] item: Leftovers
|upkeep
|turn|5
|
|t:|1760378052
|move|p1a: Tornadus|Bleakwind Storm|p2a: Celestine
|-damage|p2a: Celestine|0 fnt
|faint|p2a: Celestine
|
|-end|p1a: Tornadus|move: Heal Block
|upkeep
|
|t:|1760378059
|switch|p2a: Gin|Enamorus, F|100/100
|turn|6
|
|t:|1760378062
|move|p2a: Gin|Moonblast|p1a: Tornadus
|-damage|p1a: Tornadus|0 fnt
|faint|p1a: Tornadus
|
|upkeep
|
|t:|1760378069
|switch|p1a: Gliscor|Gliscor, F|100/100
|turn|7
|
|t:|1760378073
|switch|p2a: Mantra|Slowking-Galar, M, shiny|100/100
|move|p1a: Gliscor|Swords Dance|p1a: Gliscor
|-boost|p1a: Gliscor|atk|2
|
|-status|p1a: Gliscor|tox|[from] item: Toxic Orb
|upkeep
|turn|8
|
|t:|1760378080
|-terastallize|p2a: Mantra|Ice
|move|p1a: Gliscor|Knock Off|p2a: Mantra
|-damage|p2a: Mantra|64/100
|-enditem|p2a: Mantra|Assault Vest|[from] move: Knock Off|[of] p1a: Gliscor
|move|p2a: Mantra|Ice Beam|p1a: Gliscor
|-supereffective|p1a: Gliscor
|-damage|p1a: Gliscor|0 fnt
|faint|p1a: Gliscor
|
|upkeep
|
|t:|1760378087
|switch|p1a: Kyurem|Kyurem|100/100
|-ability|p1a: Kyurem|Pressure
|turn|9
|
|t:|1760378093
|move|p1a: Kyurem|Dragon Dance|p1a: Kyurem
|-boost|p1a: Kyurem|atk|1
|-boost|p1a: Kyurem|spe|1
|move|p2a: Mantra|Ice Beam|p1a: Kyurem
|-damage|p1a: Kyurem|67/100
|
|upkeep
|turn|10
|
|t:|1760378102
|move|p1a: Kyurem|Iron Head|p2a: Mantra
|-supereffective|p2a: Mantra
|-damage|p2a: Mantra|0 fnt
|faint|p2a: Mantra
|
|upkeep
|
|t:|1760378106
|switch|p2a: Behemoth|Great Tusk, shiny|100/100
|turn|11
|
|t:|1760378112
|move|p1a: Kyurem|Icicle Spear|p2a: Behemoth
|-supereffective|p2a: Behemoth
|-damage|p2a: Behemoth|71/100
|-supereffective|p2a: Behemoth
|-damage|p2a: Behemoth|42/100
|-supereffective|p2a: Behemoth
|-damage|p2a: Behemoth|10/100
|-supereffective|p2a: Behemoth
|-damage|p2a: Behemoth|0 fnt
|faint|p2a: Behemoth
|-end|p2a: Behemoth|Protosynthesis|[silent]
|-hitcount|p2: Behemoth|4
|
|upkeep
|
|t:|1760378114
|switch|p2a: Overgod|Kingambit, M, shiny|100/100
|-activate|p2a: Overgod|ability: Supreme Overlord
|-start|p2a: Overgod|fallen4|[silent]
|turn|12
|
|t:|1760378127
|move|p2a: Overgod|Sucker Punch||[still]
|-fail|p2a: Overgod
|move|p1a: Kyurem|Dragon Dance|p1a: Kyurem
|-boost|p1a: Kyurem|atk|1
|-boost|p1a: Kyurem|spe|1
|
|upkeep
|turn|13
|
|t:|1760378130
|move|p2a: Overgod|Sucker Punch|p1a: Kyurem
|-damage|p1a: Kyurem|12/100
|move|p1a: Kyurem|Scale Shot|p2a: Overgod
|-resisted|p2a: Overgod
|-damage|p2a: Overgod|91/100
|-resisted|p2a: Overgod
|-damage|p2a: Overgod|81/100
|-resisted|p2a: Overgod
|-crit|p2a: Overgod
|-damage|p2a: Overgod|66/100
|-resisted|p2a: Overgod
|-damage|p2a: Overgod|56/100
|-resisted|p2a: Overgod
|-damage|p2a: Overgod|45/100
|-hitcount|p2a: Overgod|5
|-unboost|p1a: Kyurem|def|1
|-boost|p1a: Kyurem|spe|1
|
|-heal|p2a: Overgod|52/100|[from] item: Leftovers
|upkeep
|turn|14
|
|t:|1760378136
|move|p2a: Overgod|Sucker Punch||[still]
|-fail|p2a: Overgod
|move|p1a: Kyurem|Dragon Dance|p1a: Kyurem
|-boost|p1a: Kyurem|atk|1
|-boost|p1a: Kyurem|spe|1
|
|-heal|p2a: Overgod|58/100|[from] item: Leftovers
|upkeep
|turn|15
|
|t:|1760378143
|move|p2a: Overgod|Sucker Punch||[still]
|-fail|p2a: Overgod
|move|p1a: Kyurem|Dragon Dance|p1a: Kyurem
|-boost|p1a: Kyurem|atk|1
|-boost|p1a: Kyurem|spe|1
|
|-heal|p2a: Overgod|64/100|[from] item: Leftovers
|upkeep
|turn|16
|
|t:|1760378156
|move|p1a: Kyurem|Icicle Spear|p2a: Overgod
|-resisted|p2a: Overgod
|-damage|p2a: Overgod|48/100
|-resisted|p2a: Overgod
|-damage|p2a: Overgod|33/100
|-resisted|p2a: Overgod
|-damage|p2a: Overgod|16/100
|-resisted|p2a: Overgod
|-damage|p2a: Overgod|0 fnt
|faint|p2a: Overgod
|-end|p2a: Overgod|fallen4|[silent]
|-hitcount|p2: Overgod|4
|
|upkeep
|
|t:|1760378162
|switch|p2a: Gin|Enamorus, F|100/100
|turn|17
|c|☆SarjXpros|gg
|
|t:|1760378170
|move|p1a: Kyurem|Icicle Spear|p2a: Gin
|-supereffective|p2a: Gin
|-damage|p2a: Gin|0 fnt
|faint|p2a: Gin
|-hitcount|p2: Gin|1
|
|win|KingOfKanto69
|raw|KingOfKanto69's rating: 1230 &rarr; <strong>1255</strong><br />(+25 for winning)
|raw|SarjXpros's rating: 1224 &rarr; <strong>1199</strong><br />(-25 for losing)
