|j|☆Nameless Moron
|j|☆hyperxlol
|t:|1760376246
|gametype|singles
|player|p1|Nameless Moron|unknown|1123
|player|p2|hyperxlol|1|1113
|gen|9
|tier|[Gen 9] OU
|rated|
|rule|HP Percentage Mod: HP is shown in percentages
|rule|Endless Battle Clause: Forcing endless battles is banned
|rule|Species Clause: Limit one of each Pokémon
|rule|OHKO Clause: OHKO moves are banned
|rule|Evasion Items Clause: Evasion items are banned
|rule|Evasion Moves Clause: Evasion moves are banned
|rule|Evasion Abilities Clause: Evasion abilities are banned
|rule|Sleep Moves Clause: Sleep-inducing moves are banned
|clearpoke
|poke|p1|Weezing-Galar, F|
|poke|p1|Ogerpon-Wellspring, F|
|poke|p1|Great Tusk|
|poke|p1|Glimmora, M|
|poke|p1|Hawlucha, F|
|poke|p1|Enamorus, F|
|poke|p2|Glimmora, M|
|poke|p2|Iron Valiant|
|poke|p2|Dondozo, F|
|poke|p2|Ceruledge, F|
|poke|p2|Garganacl, M|
|poke|p2|Meowscarada, F|
|teampreview
|inactive|Battle timer is ON: inactive players will automatically lose when time's up. (requested by Nameless Moron)
|
|t:|1760376255
|teamsize|p1|6
|teamsize|p2|6
|start
|switch|p1a: Great Tusk|Great Tusk|100/100
|switch|p2a: Glimmora|Glimmora, M|100/100
|-enditem|p1a: Great Tusk|Booster Energy
|-activate|p1a: Great Tusk|ability: Protosynthesis|[fromitem]
|-start|p1a: Great Tusk|protosynthesisspe
|turn|1
|
|t:|1760376265
|move|p1a: Great Tusk|Headlong Rush|p2a: Glimmora
|-supereffective|p2a: Glimmora
|-enditem|p2a: Glimmora|Focus Sash
|-damage|p2a: Glimmora|1/100
|-unboost|p1a: Great Tusk|def|1
|-unboost|p1a: Great Tusk|spd|1
|-activate|p2a: Glimmora|ability: Toxic Debris
|-sidestart|p1: Nameless Moron|move: Toxic Spikes
|move|p2a: Glimmora|Stealth Rock|p1a: Great Tusk
|-sidestart|p1: Nameless Moron|move: Stealth Rock
|
|upkeep
|turn|2
|
|t:|1760376277
|move|p2a: Glimmora|Spiky Shield|p2a: Glimmora
|-singleturn|p2a: Glimmora|move: Protect
|move|p1a: Great Tusk|Rapid Spin|p2a: Glimmora
|-activate|p2a: Glimmora|move: Protect
|-damage|p1a: Great Tusk|88/100|[from] Spiky Shield|[of] p2a: Glimmora
|
|upkeep
|turn|3
|
|t:|1760376285
|switch|p2a: Ceruledge|Ceruledge, F|100/100
|move|p1a: Great Tusk|Headlong Rush|p2a: Ceruledge
|-supereffective|p2a: Ceruledge
|-damage|p2a: Ceruledge|0 fnt
|-unboost|p1a: Great Tusk|def|1
|-unboost|p1a: Great Tusk|spd|1
|faint|p2a: Ceruledge
|
|upkeep
|
|t:|1760376295
|switch|p2a: Glimmora|Glimmora, M|1/100
|turn|4
|
|t:|1760376299
|move|p2a: Glimmora|Spiky Shield|p2a: Glimmora
|-singleturn|p2a: Glimmora|move: Protect
|move|p1a: Great Tusk|Bulk Up|p1a: Great Tusk
|-boost|p1a: Great Tusk|atk|1
|-boost|p1a: Great Tusk|def|1
|
|upkeep
|turn|5
|
|t:|1760376307
|move|p1a: Great Tusk|Rapid Spin|p2a: Glimmora
|-resisted|p2a: Glimmora
|-damage|p2a: Glimmora|0 fnt
|-boost|p1a: Great Tusk|spe|1
|-activate|p2a: Glimmora|ability: Toxic Debris
|-sidestart|p1: Nameless Moron|move: Toxic Spikes
|-sideend|p1: Nameless Moron|Toxic Spikes|[from] move: Rapid Spin|[of] p1a: Great Tusk
|-sideend|p1: Nameless Moron|Stealth Rock|[from] move: Rapid Spin|[of] p1a: Great Tusk
|faint|p2a: Glimmora
|
|upkeep
|c|☆Nameless Moron|ok
|-message|hyperxlol forfeited.
|
|win|Nameless Moron
|raw|Nameless Moron's rating: 1123 &rarr; <strong>1147</strong><br />(+24 for winning)
|raw|hyperxlol's rating: 1113 &rarr; <strong>1089</strong><br />(-24 for losing)
|l|☆hyperxlol
|player|p2|
