|j|☆1shy9
|j|☆will1994
|t:|1760383349
|gametype|singles
|player|p1|1shy9|acetrainerf-gen4|1690
|player|p2|will1994|red|1615
|gen|9
|tier|[Gen 9] OU
|rated|
|rule|HP Percentage Mod: HP is shown in percentages
|rule|Endless Battle Clause: Forcing endless battles is banned
|rule|Species Clause: Limit one of each Pokémon
|rule|OHKO Clause: OHKO moves are banned
|rule|Evasion Items Clause: Evasion items are banned
|rule|Evasion Moves Clause: Evasion moves are banned
|rule|Evasion Abilities Clause: Evasion abilities are banned
|rule|Sleep Moves Clause: Sleep-inducing moves are banned
|clearpoke
|poke|p1|Iron Moth|
|poke|p1|Gholdengo|
|poke|p1|Great Tusk|
|poke|p1|Zamazenta-*|
|poke|p1|Dragonite, M|
|poke|p1|Kyurem|
|poke|p2|Skeledirge, F|
|poke|p2|Corviknight, F|
|poke|p2|Dragapult, M|
|poke|p2|Kleavor, F|
|poke|p2|Clodsire, M|
|poke|p2|Rillaboom, M|
|teampreview
|
|t:|1760383374
|teamsize|p1|6
|teamsize|p2|6
|start
|switch|p1a: Gholdengo|Gholdengo|100/100
|switch|p2a: Kleavor|Kleavor, F|100/100
|turn|1
|inactive|Battle timer is ON: inactive players will automatically lose when time's up. (requested by will1994)
|
|t:|1760383381
|move|p2a: Kleavor|Night Slash|p1a: Gholdengo
|-supereffective|p1a: Gholdengo
|-damage|p1a: Gholdengo|10/100
|move|p1a: Gholdengo|Make It Rain|p2a: Kleavor
|-supereffective|p2a: Kleavor
|-damage|p2a: Kleavor|0 fnt
|-unboost|p1a: Gholdengo|spa|1
|faint|p2a: Kleavor
|
|upkeep
|
|t:|1760383388
|switch|p2a: Dragapult|Dragapult, M|100/100
|turn|2
|
|t:|1760383391
|move|p1a: Gholdengo|Make It Rain|p2a: Dragapult
|-damage|p2a: Dragapult|43/100
|-unboost|p1a: Gholdengo|spa|1
|move|p2a: Dragapult|Hex|p1a: Gholdengo
|-supereffective|p1a: Gholdengo
|-damage|p1a: Gholdengo|0 fnt
|faint|p1a: Gholdengo
|
|upkeep
|
|t:|1760383401
|switch|p1a: Iron Moth|Iron Moth|100/100
|-enditem|p1a: Iron Moth|Booster Energy
|-activate|p1a: Iron Moth|ability: Quark Drive|[fromitem]
|-start|p1a: Iron Moth|quarkdrivespe
|turn|3
|
|t:|1760383407
|switch|p2a: Skeledirge|Skeledirge, F|100/100
|move|p1a: Iron Moth|Psychic|p2a: Skeledirge
|-damage|p2a: Skeledirge|78/100
|
|-heal|p2a: Skeledirge|84/100|[from] item: Leftovers
|upkeep
|turn|4
|
|t:|1760383414
|-terastallize|p1a: Iron Moth|Ground
|move|p1a: Iron Moth|Tera Blast|p2a: Skeledirge|[anim] Tera Blast Ground
|-supereffective|p2a: Skeledirge
|-damage|p2a: Skeledirge|19/100
|move|p2a: Skeledirge|Torch Song|p1a: Iron Moth
|-damage|p1a: Iron Moth|73/100
|-boost|p2a: Skeledirge|spa|1
|
|-heal|p2a: Skeledirge|25/100|[from] item: Leftovers
|upkeep
|turn|5
|
|t:|1760383424
|switch|p2a: Rillaboom|Rillaboom, M|100/100
|-fieldstart|move: Grassy Terrain|[from] ability: Grassy Surge|[of] p2a: Rillaboom
|move|p1a: Iron Moth|Fiery Dance|p2a: Rillaboom
|-supereffective|p2a: Rillaboom
|-damage|p2a: Rillaboom|0 fnt
|faint|p2a: Rillaboom
|
|-heal|p1a: Iron Moth|79/100|[from] Grassy Terrain
|upkeep
|
|t:|1760383429
|switch|p2a: Clodsire|Clodsire, M|100/100
|turn|6
|
|t:|1760383431
|move|p1a: Iron Moth|Tera Blast|p2a: Clodsire|[anim] Tera Blast Ground
|-supereffective|p2a: Clodsire
|-damage|p2a: Clodsire|42/100
|move|p2a: Clodsire|Stockpile|p2a: Clodsire
|-start|p2a: Clodsire|stockpile1
|-boost|p2a: Clodsire|def|1
|-boost|p2a: Clodsire|spd|1
|
|-heal|p1a: Iron Moth|85/100|[from] Grassy Terrain
|-heal|p2a: Clodsire|49/100|[from] Grassy Terrain
|-heal|p2a: Clodsire|55/100|[from] item: Leftovers
|upkeep
|turn|7
|
|t:|1760383442
|-end|p1a: Iron Moth|Quark Drive|[silent]
|switch|p1a: Great Tusk|Great Tusk|100/100
|move|p2a: Clodsire|Recover|p2a: Clodsire
|-heal|p2a: Clodsire|100/100
|
|upkeep
|turn|8
|
|t:|1760383444
|move|p1a: Great Tusk|Headlong Rush|p2a: Clodsire
|-supereffective|p2a: Clodsire
|-damage|p2a: Clodsire|44/100
|-unboost|p1a: Great Tusk|def|1
|-unboost|p1a: Great Tusk|spd|1
|move|p2a: Clodsire|Stockpile|p2a: Clodsire
|-start|p2a: Clodsire|stockpile2
|-boost|p2a: Clodsire|def|1
|-boost|p2a: Clodsire|spd|1
|
|-heal|p2a: Clodsire|50/100|[from] Grassy Terrain
|-heal|p2a: Clodsire|56/100|[from] item: Leftovers
|upkeep
|turn|9
|
|t:|1760383447
|move|p1a: Great Tusk|Headlong Rush|p2a: Clodsire
|-supereffective|p2a: Clodsire
|-damage|p2a: Clodsire|10/100
|-unboost|p1a: Great Tusk|def|1
|-unboost|p1a: Great Tusk|spd|1
|move|p2a: Clodsire|Recover|p2a: Clodsire
|-heal|p2a: Clodsire|60/100
|
|-heal|p2a: Clodsire|66/100|[from] Grassy Terrain
|-heal|p2a: Clodsire|72/100|[from] item: Leftovers
|-fieldend|move: Grassy Terrain
|upkeep
|turn|10
|
|t:|1760383451
|move|p1a: Great Tusk|Headlong Rush|p2a: Clodsire
|-supereffective|p2a: Clodsire
|-damage|p2a: Clodsire|28/100
|-unboost|p1a: Great Tusk|def|1
|-unboost|p1a: Great Tusk|spd|1
|move|p2a: Clodsire|Recover|p2a: Clodsire
|-heal|p2a: Clodsire|78/100
|
|-heal|p2a: Clodsire|84/100|[from] item: Leftovers
|upkeep
|turn|11
|
|t:|1760383454
|move|p1a: Great Tusk|Headlong Rush|p2a: Clodsire
|-supereffective|p2a: Clodsire
|-damage|p2a: Clodsire|42/100
|-unboost|p1a: Great Tusk|def|1
|-unboost|p1a: Great Tusk|spd|1
|move|p2a: Clodsire|Stockpile|p2a: Clodsire
|-start|p2a: Clodsire|stockpile3
|-boost|p2a: Clodsire|def|1
|-boost|p2a: Clodsire|spd|1
|
|-heal|p2a: Clodsire|48/100|[from] item: Leftovers
|upkeep
|turn|12
|
|t:|1760383456
|move|p1a: Great Tusk|Headlong Rush|p2a: Clodsire
|-supereffective|p2a: Clodsire
|-damage|p2a: Clodsire|12/100
|-unboost|p1a: Great Tusk|def|1
|-unboost|p1a: Great Tusk|spd|1
|move|p2a: Clodsire|Recover|p2a: Clodsire
|-heal|p2a: Clodsire|62/100
|
|-heal|p2a: Clodsire|68/100|[from] item: Leftovers
|upkeep
|turn|13
|
|t:|1760383458
|move|p1a: Great Tusk|Headlong Rush|p2a: Clodsire
|-supereffective|p2a: Clodsire
|-damage|p2a: Clodsire|30/100
|-unboost|p1a: Great Tusk|def|1
|-unboost|p1a: Great Tusk|spd|1
|move|p2a: Clodsire|Recover|p2a: Clodsire
|-heal|p2a: Clodsire|80/100
|
|-heal|p2a: Clodsire|87/100|[from] item: Leftovers
|upkeep
|turn|14
|
|t:|1760383461
|move|p1a: Great Tusk|Headlong Rush|p2a: Clodsire
|-supereffective|p2a: Clodsire
|-damage|p2a: Clodsire|53/100
|move|p2a: Clodsire|Body Press|p1a: Great Tusk
|-damage|p1a: Great Tusk|66/100
|
|-heal|p2a: Clodsire|59/100|[from] item: Leftovers
|upkeep
|turn|15
|
|t:|1760383463
|move|p1a: Great Tusk|Headlong Rush|p2a: Clodsire
|-supereffective|p2a: Clodsire
|-damage|p2a: Clodsire|20/100
|move|p2a: Clodsire|Recover|p2a: Clodsire
|-heal|p2a: Clodsire|70/100
|
|-heal|p2a: Clodsire|76/100|[from] item: Leftovers
|upkeep
|turn|16
|
|t:|1760383470
|-end|p1a: Great Tusk|Protosynthesis|[silent]
|switch|p1a: Kyurem|Kyurem|100/100
|-ability|p1a: Kyurem|Pressure
|move|p2a: Clodsire|Toxic|p1a: Kyurem
|-status|p1a: Kyurem|tox
|
|-heal|p2a: Clodsire|83/100|[from] item: Leftovers
|-damage|p1a: Kyurem|94/100 tox|[from] psn
|upkeep
|turn|17
|
|t:|1760383473
|move|p1a: Kyurem|Dragon Dance|p1a: Kyurem
|-boost|p1a: Kyurem|atk|1
|-boost|p1a: Kyurem|spe|1
|move|p2a: Clodsire|Body Press|p1a: Kyurem
|-supereffective|p1a: Kyurem
|-damage|p1a: Kyurem|0 fnt
|faint|p1a: Kyurem
|
|-heal|p2a: Clodsire|89/100|[from] item: Leftovers
|upkeep
|
|t:|1760383484
|switch|p1a: Dragonite|Dragonite, M|100/100
|turn|18
|
|t:|1760383490
|move|p1a: Dragonite|Dragon Dance|p1a: Dragonite
|-boost|p1a: Dragonite|atk|1
|-boost|p1a: Dragonite|spe|1
|move|p2a: Clodsire|Toxic|p1a: Dragonite
|-status|p1a: Dragonite|tox
|
|-heal|p2a: Clodsire|95/100|[from] item: Leftovers
|-damage|p1a: Dragonite|94/100 tox|[from] psn
|upkeep
|turn|19
|
|t:|1760383493
|move|p1a: Dragonite|Earthquake|p2a: Clodsire
|-supereffective|p2a: Clodsire
|-damage|p2a: Clodsire|72/100
|move|p2a: Clodsire|Body Press|p1a: Dragonite
|-resisted|p1a: Dragonite
|-damage|p1a: Dragonite|68/100 tox
|
|-heal|p2a: Clodsire|79/100|[from] item: Leftovers
|-damage|p1a: Dragonite|55/100 tox|[from] psn
|upkeep
|turn|20
|
|t:|1760383496
|move|p1a: Dragonite|Earthquake|p2a: Clodsire
|-supereffective|p2a: Clodsire
|-damage|p2a: Clodsire|56/100
|move|p2a: Clodsire|Body Press|p1a: Dragonite
|-resisted|p1a: Dragonite
|-damage|p1a: Dragonite|28/100 tox
|
|-heal|p2a: Clodsire|62/100|[from] item: Leftovers
|-damage|p1a: Dragonite|9/100 tox|[from] psn
|upkeep
|turn|21
|
|t:|1760383498
|move|p1a: Dragonite|Earthquake|p2a: Clodsire
|-supereffective|p2a: Clodsire
|-damage|p2a: Clodsire|40/100
|move|p2a: Clodsire|Recover|p2a: Clodsire
|-heal|p2a: Clodsire|90/100
|
|-heal|p2a: Clodsire|97/100|[from] item: Leftovers
|-damage|p1a: Dragonite|0 fnt|[from] psn
|faint|p1a: Dragonite
|upkeep
|
|t:|1760383500
|switch|p1a: Iron Moth|Iron Moth, tera:Ground|85/100
|turn|22
|
|t:|1760383504
|move|p1a: Iron Moth|Tera Blast|p2a: Clodsire|[anim] Tera Blast Ground
|-supereffective|p2a: Clodsire
|-damage|p2a: Clodsire|73/100
|move|p2a: Clodsire|Body Press|p1a: Iron Moth
|-damage|p1a: Iron Moth|12/100
|
|-heal|p2a: Clodsire|79/100|[from] item: Leftovers
|upkeep
|turn|23
|
|t:|1760383507
|move|p1a: Iron Moth|Tera Blast|p2a: Clodsire|[anim] Tera Blast Ground
|-supereffective|p2a: Clodsire
|-damage|p2a: Clodsire|57/100
|move|p2a: Clodsire|Body Press|p1a: Iron Moth
|-damage|p1a: Iron Moth|0 fnt
|faint|p1a: Iron Moth
|-end|p1a: Iron Moth|Quark Drive|[silent]
|
|-heal|p2a: Clodsire|63/100|[from] item: Leftovers
|upkeep
|
|t:|1760383509
|switch|p1a: Zamazenta|Zamazenta|100/100
|-ability|p1a: Zamazenta|Dauntless Shield|boost
|-boost|p1a: Zamazenta|def|1
|turn|24
|-message|1shy9 forfeited.
|
|win|will1994
|raw|1shy9's rating: 1690 &rarr; <strong>1666</strong><br />(-24 for losing)
|raw|will1994's rating: 1615 &rarr; <strong>1639</strong><br />(+24 for winning)
|l|☆1shy9
|player|p1|
|l|☆will1994
|player|p2|
