|j|☆grndgrnd
|j|☆Legend103
|t:|1760452939
|gametype|singles
|player|p1|grndgrnd|169|1267
|player|p2|Legend103|lance|1234
|gen|9
|tier|[Gen 9] OU
|rated|
|rule|HP Percentage Mod: HP is shown in percentages
|rule|Endless Battle Clause: Forcing endless battles is banned
|rule|Species Clause: Limit one of each Pokémon
|rule|OHKO Clause: OHKO moves are banned
|rule|Evasion Items Clause: Evasion items are banned
|rule|Evasion Moves Clause: Evasion moves are banned
|rule|Evasion Abilities Clause: Evasion abilities are banned
|rule|Sleep Moves Clause: Sleep-inducing moves are banned
|clearpoke
|poke|p1|Espeon, M|
|poke|p1|Umbreon, M|
|poke|p1|Vaporeon, F|
|poke|p1|Leafeon, F|
|poke|p1|Glaceon, M|
|poke|p1|Entei|
|poke|p2|Blaziken, F|
|poke|p2|Alomomola, M|
|poke|p2|Rillaboom, M|
|poke|p2|Slowking-Galar, F|
|poke|p2|Ting-Lu|
|poke|p2|Weezing-Galar, F|
|teampreview
|inactive|Battle timer is ON: inactive players will automatically lose when time's up. (requested by Legend103)
|l|☆grndgrnd
|inactive|grndgrnd disconnected and has a minute to reconnect!
|player|p1|
|j|☆grndgrnd
|inactive|grndgrnd reconnected and has 125 seconds left.
|player|p1|grndgrnd|169|
|inactive|grndgrnd has 120 seconds left.
|inactive|Legend103 has 120 seconds left.
|
|t:|1760452985
|teamsize|p1|6
|teamsize|p2|6
|start
|switch|p1a: Glaceon|Glaceon, M|100/100
|switch|p2a: Slowking|Slowking-Galar, F|100/100
|turn|1
|
|t:|1760453012
|switch|p1a: Espeon|Espeon, M|100/100
|move|p2a: Slowking|Sludge Bomb|p1a: Espeon
|-damage|p1a: Espeon|62/100
|
|-heal|p1a: Espeon|68/100|[from] item: Leftovers
|upkeep
|turn|2
|
|t:|1760453023
|move|p1a: Espeon|Calm Mind|p1a: Espeon
|-boost|p1a: Espeon|spa|1
|-boost|p1a: Espeon|spd|1
|-prepare|p2a: Slowking|Chilly Reception|[premajor]
|move|p2a: Slowking|Chilly Reception|p2a: Slowking
|-weather|Snowscape
|inactive|Legend103 has 120 seconds left.
|
|t:|1760453043
|switch|p2a: Rillaboom|Rillaboom, M|100/100|[from] Chilly Reception
|-fieldstart|move: Grassy Terrain|[from] ability: Grassy Surge|[of] p2a: Rillaboom
|
|-weather|Snowscape|[upkeep]
|-heal|p1a: Espeon|74/100|[from] Grassy Terrain
|-heal|p1a: Espeon|80/100|[from] item: Leftovers
|upkeep
|turn|3
|
|t:|1760453056
|move|p2a: Rillaboom|Wood Hammer|p1a: Espeon
|-damage|p1a: Espeon|0 fnt
|faint|p1a: Espeon
|-damage|p2a: Rillaboom|77/100|[from] Recoil
|
|-weather|Snowscape|[upkeep]
|-heal|p2a: Rillaboom|83/100|[from] Grassy Terrain
|upkeep
|
|t:|1760453067
|switch|p1a: Entei|Entei|100/100
|-ability|p1a: Entei|Pressure
|turn|4
|
|t:|1760453071
|switch|p2a: Alomomola|Alomomola, M|100/100
|move|p1a: Entei|Sacred Fire|p2a: Alomomola
|-resisted|p2a: Alomomola
|-damage|p2a: Alomomola|85/100
|
|-weather|Snowscape|[upkeep]
|-heal|p2a: Alomomola|91/100|[from] Grassy Terrain
|upkeep
|turn|5
|
|t:|1760453084
|switch|p1a: Vaporeon|Vaporeon, F|100/100
|move|p2a: Alomomola|Tickle|p1a: Vaporeon
|-unboost|p1a: Vaporeon|atk|1
|-unboost|p1a: Vaporeon|def|1
|
|-weather|Snowscape|[upkeep]
|-heal|p2a: Alomomola|97/100|[from] Grassy Terrain
|upkeep
|turn|6
|
|t:|1760453100
|move|p1a: Vaporeon|Acid Armor|p1a: Vaporeon
|-boost|p1a: Vaporeon|def|2
|move|p2a: Alomomola|Wish|p2a: Alomomola
|
|-weather|none
|-heal|p2a: Alomomola|100/100|[from] Grassy Terrain
|-fieldend|move: Grassy Terrain
|upkeep
|turn|7
|
|t:|1760453109
|move|p1a: Vaporeon|Acid Armor|p1a: Vaporeon
|-boost|p1a: Vaporeon|def|2
|move|p2a: Alomomola|Flip Turn|p1a: Vaporeon
|-immune|p1a: Vaporeon|[from] ability: Water Absorb
|
|upkeep
|turn|8
|
|t:|1760453118
|switch|p2a: Rillaboom|Rillaboom, M|83/100
|-fieldstart|move: Grassy Terrain|[from] ability: Grassy Surge|[of] p2a: Rillaboom
|move|p1a: Vaporeon|Calm Mind|p1a: Vaporeon
|-boost|p1a: Vaporeon|spa|1
|-boost|p1a: Vaporeon|spd|1
|
|-heal|p2a: Rillaboom|90/100|[from] Grassy Terrain
|upkeep
|turn|9
|
|t:|1760453142
|-terastallize|p1a: Vaporeon|Psychic
|move|p2a: Rillaboom|Wood Hammer|p1a: Vaporeon
|-damage|p1a: Vaporeon|41/100
|-damage|p2a: Rillaboom|73/100|[from] item: Rocky Helmet|[of] p1a: Vaporeon
|-damage|p2a: Rillaboom|47/100|[from] Recoil
|move|p1a: Vaporeon|Acid Armor|p1a: Vaporeon
|-boost|p1a: Vaporeon|def|2
|
|-heal|p2a: Rillaboom|53/100|[from] Grassy Terrain
|-heal|p1a: Vaporeon|47/100|[from] Grassy Terrain
|upkeep
|turn|10
|
|t:|1760453168
|move|p2a: Rillaboom|Wood Hammer|p1a: Vaporeon
|-damage|p1a: Vaporeon|7/100
|-damage|p2a: Rillaboom|36/100|[from] item: Rocky Helmet|[of] p1a: Vaporeon
|-damage|p2a: Rillaboom|18/100|[from] Recoil
|move|p1a: Vaporeon|Rest|p1a: Vaporeon
|-status|p1a: Vaporeon|slp|[from] move: Rest
|-heal|p1a: Vaporeon|100/100 slp|[silent]
|
|-heal|p2a: Rillaboom|25/100|[from] Grassy Terrain
|upkeep
|turn|11
|inactive|Legend103 has 120 seconds left.
|
|t:|1760453199
|switch|p2a: Alomomola|Alomomola, M|100/100
|cant|p1a: Vaporeon|slp
|
|upkeep
|turn|12
|
|t:|1760453206
|cant|p1a: Vaporeon|slp
|move|p2a: Alomomola|Tickle|p1a: Vaporeon
|-unboost|p1a: Vaporeon|atk|1
|-unboost|p1a: Vaporeon|def|1
|
|-fieldend|move: Grassy Terrain
|upkeep
|turn|13
|inactive|Legend103 has 120 seconds left.
|
|t:|1760453211
|-curestatus|p1a: Vaporeon|slp|[msg]
|move|p1a: Vaporeon|Acid Armor|p1a: Vaporeon
|-boost|p1a: Vaporeon|def|2
|move|p2a: Alomomola|Tickle|p1a: Vaporeon
|-unboost|p1a: Vaporeon|atk|1
|-unboost|p1a: Vaporeon|def|1
|
|upkeep
|turn|14
|
|t:|1760453218
|move|p1a: Vaporeon|Calm Mind|p1a: Vaporeon
|-boost|p1a: Vaporeon|spa|1
|-boost|p1a: Vaporeon|spd|1
|move|p2a: Alomomola|Tickle|p1a: Vaporeon
|-unboost|p1a: Vaporeon|atk|1
|-unboost|p1a: Vaporeon|def|1
|
|upkeep
|turn|15
|inactive|Legend103 has 120 seconds left.
|
|t:|1760453244
|move|p1a: Vaporeon|Acid Armor|p1a: Vaporeon
|-boost|p1a: Vaporeon|def|2
|move|p2a: Alomomola|Wish|p2a: Alomomola
|
|upkeep
|turn|16
|
|t:|1760453250
|switch|p2a: Rillaboom|Rillaboom, M|25/100
|-fieldstart|move: Grassy Terrain|[from] ability: Grassy Surge|[of] p2a: Rillaboom
|move|p1a: Vaporeon|Hydro Pump|p2a: Rillaboom
|-resisted|p2a: Rillaboom
|-damage|p2a: Rillaboom|0 fnt
|faint|p2a: Rillaboom
|
|upkeep
|
|t:|1760453278
|switch|p2a: Blaziken|Blaziken, F|100/100
|turn|17
|
|t:|1760453287
|-terastallize|p2a: Blaziken|Fighting
|move|p2a: Blaziken|Swords Dance|p2a: Blaziken
|-boost|p2a: Blaziken|atk|2
|move|p1a: Vaporeon|Hydro Pump|p2a: Blaziken|[miss]
|-miss|p1a: Vaporeon|p2a: Blaziken
|
|-ability|p2a: Blaziken|Speed Boost|boost
|-boost|p2a: Blaziken|spe|1
|upkeep
|turn|18
|
|t:|1760453304
|move|p2a: Blaziken|Flare Blitz|p1a: Vaporeon
|-damage|p1a: Vaporeon|58/100
|-status|p1a: Vaporeon|brn
|-damage|p2a: Blaziken|84/100|[from] item: Rocky Helmet|[of] p1a: Vaporeon
|-damage|p2a: Blaziken|62/100|[from] Recoil
|-damage|p2a: Blaziken|53/100|[from] item: Life Orb
|move|p1a: Vaporeon|Hydro Pump|p2a: Blaziken
|-damage|p2a: Blaziken|0 fnt
|faint|p2a: Blaziken
|
|-heal|p1a: Vaporeon|64/100 brn|[from] Grassy Terrain
|-damage|p1a: Vaporeon|58/100 brn|[from] brn
|upkeep
|-message|Legend103 forfeited.
|
|win|grndgrnd
|raw|grndgrnd's rating: 1267 &rarr; <strong>1290</strong><br />(+23 for winning)
|raw|Legend103's rating: 1234 &rarr; <strong>1211</strong><br />(-23 for losing)
|l|☆Legend103
|player|p2|
|l|☆grndgrnd
|player|p1|
