|j|☆MintyCrk
|j|☆aeSpark
|t:|1760436288
|gametype|singles
|player|p1|MintyCrk|caitlin|1245
|player|p2|aeSpark|170|1260
|gen|9
|tier|[Gen 9] OU
|rated|
|rule|HP Percentage Mod: HP is shown in percentages
|rule|Endless Battle Clause: Forcing endless battles is banned
|rule|Species Clause: Limit one of each Pokémon
|rule|OHKO Clause: OHKO moves are banned
|rule|Evasion Items Clause: Evasion items are banned
|rule|Evasion Moves Clause: Evasion moves are banned
|rule|Evasion Abilities Clause: Evasion abilities are banned
|rule|Sleep Moves Clause: Sleep-inducing moves are banned
|clearpoke
|poke|p1|Gholdengo|
|poke|p1|Serperior, F|
|poke|p1|Gardevoir, M|
|poke|p1|Froslass, F|
|poke|p1|Chansey, F|
|poke|p1|Gliscor, F|
|poke|p2|Slowking-Galar, F|
|poke|p2|Zamazenta-*|
|poke|p2|Landorus-Therian, M|
|poke|p2|Kingambit, F|
|poke|p2|Dragapult, F|
|poke|p2|Ogerpon-Wellspring, F|
|teampreview
|
|t:|1760436307
|teamsize|p1|6
|teamsize|p2|6
|start
|switch|p1a: Froslass|Froslass, F|100/100
|switch|p2a: Zamazenta|Zamazenta|100/100
|-ability|p2a: Zamazenta|Dauntless Shield|boost
|-boost|p2a: Zamazenta|def|1
|turn|1
|
|t:|1760436323
|move|p2a: Zamazenta|Heavy Slam|p1a: Froslass
|-supereffective|p1a: Froslass
|-damage|p1a: Froslass|0 fnt
|-start|p2a: Zamazenta|Disable|Heavy Slam|[from] ability: Cursed Body|[of] p1a: Froslass
|faint|p1a: Froslass
|
|upkeep
|
|t:|1760436336
|switch|p1a: Gardevoir|Gardevoir, M|100/100
|-ability|p1a: Gardevoir|Dauntless Shield|Trace|[from] ability: Trace|[of] p2a: Zamazenta
|-ability|p1a: Gardevoir|Dauntless Shield|boost
|-boost|p1a: Gardevoir|def|1
|turn|2
|
|t:|1760436353
|switch|p2a: Slowking|Slowking-Galar, F|100/100
|move|p1a: Gardevoir|Moonblast|p2a: Slowking
|-resisted|p2a: Slowking
|-damage|p2a: Slowking|79/100
|
|upkeep
|turn|3
|
|t:|1760436365
|switch|p1a: Chansey|Chansey, F|100/100
|move|p2a: Slowking|Toxic|p1a: Chansey
|-status|p1a: Chansey|tox
|
|-damage|p1a: Chansey|94/100 tox|[from] psn
|upkeep
|turn|4
|
|t:|1760436377
|move|p1a: Chansey|Thunder Wave|p2a: Slowking
|-status|p2a: Slowking|par
|-prepare|p2a: Slowking|Chilly Reception|[premajor]
|move|p2a: Slowking|Chilly Reception|p2a: Slowking
|-weather|Snowscape
|
|t:|1760436387
|switch|p2a: Landorus|Landorus-Therian, M|100/100|[from] Chilly Reception
|-ability|p2a: Landorus|Intimidate|boost
|-unboost|p1a: Chansey|atk|1
|
|-weather|Snowscape|[upkeep]
|-damage|p1a: Chansey|82/100 tox|[from] psn
|upkeep
|turn|5
|
|t:|1760436396
|move|p2a: Landorus|Stealth Rock|p1a: Chansey
|-sidestart|p1: MintyCrk|move: Stealth Rock
|move|p1a: Chansey|Stealth Rock|p2a: Landorus
|-sidestart|p2: aeSpark|move: Stealth Rock
|
|-weather|Snowscape|[upkeep]
|-damage|p1a: Chansey|63/100 tox|[from] psn
|upkeep
|turn|6
|
|t:|1760436404
|move|p2a: Landorus|U-turn|p1a: Chansey
|-damage|p1a: Chansey|45/100 tox
|
|t:|1760436410
|switch|p2a: Dragapult|Dragapult, F|100/100|[from] U-turn
|move|p1a: Chansey|Soft-Boiled|p1a: Chansey
|-heal|p1a: Chansey|95/100 tox
|
|-weather|Snowscape|[upkeep]
|-damage|p1a: Chansey|70/100 tox|[from] psn
|upkeep
|turn|7
|
|t:|1760436424
|move|p2a: Dragapult|U-turn|p1a: Chansey
|-damage|p1a: Chansey|50/100 tox
|
|t:|1760436427
|switch|p2a: Landorus|Landorus-Therian, M|100/100|[from] U-turn
|-damage|p2a: Landorus|88/100|[from] Stealth Rock
|-ability|p2a: Landorus|Intimidate|boost
|-unboost|p1a: Chansey|atk|1
|move|p1a: Chansey|Thunder Wave|p2a: Landorus
|-immune|p2a: Landorus
|
|-weather|Snowscape|[upkeep]
|-damage|p1a: Chansey|19/100 tox|[from] psn
|upkeep
|turn|8
|
|t:|1760436445
|move|p2a: Landorus|Earth Power|p1a: Chansey
|-damage|p1a: Chansey|10/100 tox
|move|p1a: Chansey|Soft-Boiled|p1a: Chansey
|-heal|p1a: Chansey|60/100 tox
|
|-weather|none
|-damage|p1a: Chansey|23/100 tox|[from] psn
|upkeep
|turn|9
|
|t:|1760436456
|move|p2a: Landorus|Taunt|p1a: Chansey
|-start|p1a: Chansey|move: Taunt
|cant|p1a: Chansey|move: Taunt|Soft-Boiled
|
|-damage|p1a: Chansey|0 fnt|[from] psn
|faint|p1a: Chansey
|upkeep
|
|t:|1760436467
|switch|p1a: Gardevoir|Gardevoir, M|100/100
|-damage|p1a: Gardevoir|88/100|[from] Stealth Rock
|-ability|p1a: Gardevoir|Intimidate|Trace|[from] ability: Trace|[of] p2a: Landorus
|-ability|p1a: Gardevoir|Intimidate|boost
|-unboost|p2a: Landorus|atk|1
|turn|10
|
|t:|1760436480
|switch|p2a: Slowking|Slowking-Galar, F|100/100 par
|move|p1a: Gardevoir|Psychic|p2a: Slowking
|-crit|p2a: Slowking
|-damage|p2a: Slowking|35/100 par
|-unboost|p2a: Slowking|spd|1
|
|upkeep
|turn|11
|inactive|Battle timer is ON: inactive players will automatically lose when time's up. (requested by MintyCrk)
|
|t:|1760436492
|switch|p2a: Kingambit|Kingambit, F|100/100
|-damage|p2a: Kingambit|94/100|[from] Stealth Rock
|move|p1a: Gardevoir|Psychic|p2a: Kingambit
|-immune|p2a: Kingambit
|
|-heal|p2a: Kingambit|100/100|[from] item: Leftovers
|upkeep
|turn|12
|
|t:|1760436503
|switch|p1a: Gliscor|Gliscor, F|100/100
|-damage|p1a: Gliscor|88/100|[from] Stealth Rock
|move|p2a: Kingambit|Swords Dance|p2a: Kingambit
|-boost|p2a: Kingambit|atk|2
|
|-status|p1a: Gliscor|tox|[from] item: Toxic Orb
|upkeep
|turn|13
|
|t:|1760436514
|move|p2a: Kingambit|Sucker Punch|p1a: Gliscor
|-damage|p1a: Gliscor|6/100 tox
|move|p1a: Gliscor|Earthquake|p2a: Kingambit
|-supereffective|p2a: Kingambit
|-damage|p2a: Kingambit|42/100
|
|-heal|p2a: Kingambit|49/100|[from] item: Leftovers
|-heal|p1a: Gliscor|19/100 tox|[from] ability: Poison Heal
|upkeep
|turn|14
|
|t:|1760436529
|move|p1a: Gliscor|Swords Dance|p1a: Gliscor
|-boost|p1a: Gliscor|atk|2
|move|p2a: Kingambit|Kowtow Cleave|p1a: Gliscor
|-damage|p1a: Gliscor|0 fnt
|faint|p1a: Gliscor
|
|-heal|p2a: Kingambit|55/100|[from] item: Leftovers
|upkeep
|
|t:|1760436536
|switch|p1a: Gardevoir|Gardevoir, M|88/100
|-damage|p1a: Gardevoir|76/100|[from] Stealth Rock
|-ability|p1a: Gardevoir|Supreme Overlord|Trace|[from] ability: Trace|[of] p2a: Kingambit
|-activate|p1a: Gardevoir|ability: Supreme Overlord
|-start|p1a: Gardevoir|fallen3|[silent]
|turn|15
|
|t:|1760436549
|move|p1a: Gardevoir|Vacuum Wave|p2a: Kingambit
|-supereffective|p2a: Kingambit
|-damage|p2a: Kingambit|0 fnt
|faint|p2a: Kingambit
|-end|p2a: Kingambit|fallenundefined|[silent]
|
|upkeep
|
|t:|1760436561
|switch|p2a: Dragapult|Dragapult, F|100/100
|turn|16
|
|t:|1760436572
|-end|p1a: Gardevoir|fallen3|[silent]
|switch|p1a: Serperior|Serperior, F|100/100
|-damage|p1a: Serperior|88/100|[from] Stealth Rock
|-terastallize|p2a: Dragapult|Ghost
|move|p2a: Dragapult|Hex|p1a: Serperior
|-damage|p1a: Serperior|43/100
|
|upkeep
|turn|17
|
|t:|1760436580
|move|p1a: Serperior|Leaf Storm|p2a: Dragapult
|-damage|p2a: Dragapult|32/100
|-boost|p1a: Serperior|spa|2
|move|p2a: Dragapult|Hex|p1a: Serperior
|-damage|p1a: Serperior|0 fnt
|faint|p1a: Serperior
|
|upkeep
|
|t:|1760436589
|switch|p1a: Gholdengo|Gholdengo|100/100
|-damage|p1a: Gholdengo|94/100|[from] Stealth Rock
|turn|18
|
|t:|1760436596
|-terastallize|p1a: Gholdengo|Fairy
|move|p2a: Dragapult|Hex|p1a: Gholdengo
|-damage|p1a: Gholdengo|53/100
|move|p1a: Gholdengo|Dazzling Gleam|p2a: Dragapult
|-crit|p2a: Dragapult
|-damage|p2a: Dragapult|0 fnt
|faint|p2a: Dragapult
|
|upkeep
|
|t:|1760436607
|switch|p2a: Zamazenta|Zamazenta|100/100
|turn|19
|
|t:|1760436610
|move|p2a: Zamazenta|Heavy Slam|p1a: Gholdengo
|-supereffective|p1a: Gholdengo
|-damage|p1a: Gholdengo|0 fnt
|faint|p1a: Gholdengo
|
|upkeep
|
|t:|1760436613
|switch|p1a: Gardevoir|Gardevoir, M|76/100
|-damage|p1a: Gardevoir|64/100|[from] Stealth Rock
|-ability|p1a: Gardevoir|Dauntless Shield|Trace|[from] ability: Trace|[of] p2a: Zamazenta
|turn|20
|
|t:|1760436622
|move|p2a: Zamazenta|Heavy Slam|p1a: Gardevoir
|-supereffective|p1a: Gardevoir
|-damage|p1a: Gardevoir|0 fnt
|faint|p1a: Gardevoir
|
|win|aeSpark
|raw|MintyCrk's rating: 1245 &rarr; <strong>1221</strong><br />(-24 for losing)
|raw|aeSpark's rating: 1260 &rarr; <strong>1284</strong><br />(+24 for winning)
|l|☆MintyCrk
|player|p1|
|l|☆aeSpark
|player|p2|
