|j|☆JV272
|j|☆sebatata
|inactive|Battle timer is ON: inactive players will automatically lose when time's up.
|t:|1760380700
|gametype|singles
|player|p1|JV272|101|
|player|p2|sebatata|bruno|
|gen|9
|tier|[Gen 9] OU
|rated|Tournament battle
|rule|HP Percentage Mod: HP is shown in percentages
|rule|Endless Battle Clause: Forcing endless battles is banned
|rule|Species Clause: Limit one of each Pokémon
|rule|OHKO Clause: OHKO moves are banned
|rule|Evasion Items Clause: Evasion items are banned
|rule|Evasion Moves Clause: Evasion moves are banned
|rule|Evasion Abilities Clause: Evasion abilities are banned
|rule|Sleep Moves Clause: Sleep-inducing moves are banned
|raw|<div class="infobox"><details class="readmore"><summary><strong>15 custom rules:</strong></summary> -burmy, -caterpie, -combee, -kricketot, -magikarp, -scatterbug, -sunkern, -tynamo, -typenull, -weedle, -wurmple, -cosmog, -blipbug, -snom, -wynaut</details></div>
|clearpoke
|poke|p1|Mandibuzz, F|
|poke|p1|Hippowdon, F|
|poke|p1|Lucario, F|
|poke|p2|Axew, M|
|poke|p2|Electrode-Hisui|
|poke|p2|Magcargo, F|
|teampreview
|j|*Lady Monita ☀
|c|☆sebatata|Gl
|c|☆JV272|u2
|
|t:|1760380726
|teamsize|p1|3
|teamsize|p2|3
|start
|switch|p1a: Hippowdon|Hippowdon, F|100/100
|switch|p2a: Electrode|Electrode-Hisui|100/100
|-weather|Sandstorm|[from] ability: Sand Stream|[of] p1a: Hippowdon
|turn|1
|
|t:|1760380732
|-terastallize|p1a: Hippowdon|Ghost
|move|p2a: Electrode|Leech Seed|p1a: Hippowdon
|-start|p1a: Hippowdon|move: Leech Seed
|move|p1a: Hippowdon|Stealth Rock|p2a: Electrode
|-sidestart|p2: sebatata|move: Stealth Rock
|
|-weather|Sandstorm|[upkeep]
|-damage|p2a: Electrode|94/100|[from] Sandstorm
|-damage|p1a: Hippowdon|94/100|[from] Sandstorm
|-damage|p1a: Hippowdon|82/100|[from] Leech Seed|[of] p2a: Electrode
|-heal|p2a: Electrode|100/100|[silent]
|upkeep
|turn|2
|
|t:|1760380739
|move|p2a: Electrode|Foul Play|p1a: Hippowdon
|-supereffective|p1a: Hippowdon
|-damage|p1a: Hippowdon|54/100
|-damage|p2a: Electrode|84/100|[from] item: Rocky Helmet|[of] p1a: Hippowdon
|move|p1a: Hippowdon|Whirlwind|p2a: Electrode
|drag|p2a: Axew|Axew, M|100/100
|-damage|p2a: Axew|88/100|[from] Stealth Rock
|-ability|p2a: Axew|Mold Breaker
|
|-weather|Sandstorm|[upkeep]
|-damage|p2a: Axew|82/100|[from] Sandstorm
|-damage|p1a: Hippowdon|48/100|[from] Sandstorm
|-damage|p1a: Hippowdon|36/100|[from] Leech Seed|[of] p2a: Axew
|-heal|p2a: Axew|100/100|[silent]
|upkeep
|turn|3
|
|t:|1760380754
|move|p2a: Axew|Dragon Dance|p2a: Axew
|-boost|p2a: Axew|atk|1
|-boost|p2a: Axew|spe|1
|move|p1a: Hippowdon|Slack Off|p1a: Hippowdon
|-heal|p1a: Hippowdon|86/100
|
|-weather|Sandstorm|[upkeep]
|-damage|p2a: Axew|94/100|[from] Sandstorm
|-damage|p1a: Hippowdon|80/100|[from] Sandstorm
|-damage|p1a: Hippowdon|67/100|[from] Leech Seed|[of] p2a: Axew
|-heal|p2a: Axew|100/100|[silent]
|upkeep
|turn|4
|
|t:|1760380759
|move|p2a: Axew|Crunch|p1a: Hippowdon
|-supereffective|p1a: Hippowdon
|-damage|p1a: Hippowdon|29/100
|-damage|p2a: Axew|84/100|[from] item: Rocky Helmet|[of] p1a: Hippowdon
|move|p1a: Hippowdon|Whirlwind|p2a: Axew
|drag|p2a: Electrode|Electrode-Hisui|84/100
|-damage|p2a: Electrode|72/100|[from] Stealth Rock
|
|-weather|Sandstorm|[upkeep]
|-damage|p2a: Electrode|66/100|[from] Sandstorm
|-damage|p1a: Hippowdon|22/100|[from] Sandstorm
|-damage|p1a: Hippowdon|10/100|[from] Leech Seed|[of] p2a: Electrode
|-heal|p2a: Electrode|86/100|[silent]
|upkeep
|turn|5
|
|t:|1760380773
|move|p2a: Electrode|Foul Play|p1a: Hippowdon
|-supereffective|p1a: Hippowdon
|-damage|p1a: Hippowdon|0 fnt
|-damage|p2a: Electrode|69/100|[from] item: Rocky Helmet|[of] p1a: Hippowdon
|faint|p1a: Hippowdon
|
|-weather|none
|upkeep
|
|t:|1760380786
|switch|p1a: Lucario|Lucario, F|100/100
|turn|6
|
|t:|1760380797
|move|p2a: Electrode|Leech Seed|p1a: Lucario
|-start|p1a: Lucario|move: Leech Seed
|move|p1a: Lucario|Swords Dance|p1a: Lucario
|-boost|p1a: Lucario|atk|2
|
|-damage|p1a: Lucario|88/100|[from] Leech Seed|[of] p2a: Electrode
|-heal|p2a: Electrode|82/100|[silent]
|upkeep
|turn|7
|
|t:|1760380803
|move|p1a: Lucario|Extreme Speed|p2a: Electrode
|-damage|p2a: Electrode|0 fnt
|-damage|p1a: Lucario|63/100|[from] ability: Aftermath|[of] p2a: Electrode
|faint|p2a: Electrode
|-damage|p1a: Lucario|53/100|[from] item: Life Orb
|
|upkeep
|
|t:|1760380811
|switch|p2a: Magcargo|Magcargo, F|100/100
|-damage|p2a: Magcargo|76/100|[from] Stealth Rock
|turn|8
|
|t:|1760380819
|move|p1a: Lucario|Close Combat|p2a: Magcargo
|-supereffective|p2a: Magcargo
|-damage|p2a: Magcargo|0 fnt
|-unboost|p1a: Lucario|def|1
|-unboost|p1a: Lucario|spd|1
|faint|p2a: Magcargo
|-damage|p1a: Lucario|43/100|[from] item: Life Orb
|
|upkeep
|
|t:|1760380821
|switch|p2a: Axew|Axew, M|84/100
|-damage|p2a: Axew|72/100|[from] Stealth Rock
|-ability|p2a: Axew|Mold Breaker
|turn|9
|c|☆JV272|gg
|
|t:|1760380830
|move|p1a: Lucario|Close Combat|p2a: Axew
|-damage|p2a: Axew|0 fnt
|-unboost|p1a: Lucario|def|1
|-unboost|p1a: Lucario|spd|1
|faint|p2a: Axew
|-damage|p1a: Lucario|33/100|[from] item: Life Orb
|
|win|JV272
|n|☆JV272|jv272
|n|☆sebatata|sebatata
|n|*Lady Monita ☀|ladymonita
