|j|☆SoyGomezLoco
|j|☆christhiams
|t:|1760332529
|gametype|singles
|player|p1|SoyGomezLoco|hiker-gen4|1163
|player|p2|christhiams|ethan|1101
|gen|9
|tier|[Gen 9] OU
|rated|
|rule|HP Percentage Mod: HP is shown in percentages
|rule|Endless Battle Clause: Forcing endless battles is banned
|rule|Species Clause: Limit one of each Pokémon
|rule|OHKO Clause: OHKO moves are banned
|rule|Evasion Items Clause: Evasion items are banned
|rule|Evasion Moves Clause: Evasion moves are banned
|rule|Evasion Abilities Clause: Evasion abilities are banned
|rule|Sleep Moves Clause: Sleep-inducing moves are banned
|clearpoke
|poke|p1|Feraligatr, M|
|poke|p1|Gliscor, M|
|poke|p1|Ribombee, F|
|poke|p1|Ceruledge, M|
|poke|p1|Kingambit, M|
|poke|p1|Toxtricity, M|
|poke|p2|Arcanine, M|
|poke|p2|Tyranitar, M|
|poke|p2|Dragalge, M|
|poke|p2|Gliscor, M|
|poke|p2|Torterra, F|
|poke|p2|Zoroark-Hisui, M|
|teampreview
|
|t:|1760332537
|teamsize|p1|6
|teamsize|p2|6
|start
|switch|p1a: Ribombee|Ribombee, F, shiny|100/100
|switch|p2a: Gliscor|Gliscor, M|100/100
|turn|1
|
|t:|1760332546
|move|p2a: Gliscor|Protect|p2a: Gliscor
|-singleturn|p2a: Gliscor|Protect
|move|p1a: Ribombee|Sticky Web|p2a: Gliscor
|-sidestart|p2: christhiams|move: Sticky Web
|
|-status|p2a: Gliscor|tox|[from] item: Toxic Orb
|upkeep
|turn|2
|
|t:|1760332561
|move|p1a: Ribombee|Moonblast|p2a: Gliscor
|-damage|p2a: Gliscor|59/100 tox
|move|p2a: Gliscor|Acrobatics|p1a: Ribombee
|-supereffective|p1a: Ribombee
|-damage|p1a: Ribombee|6/100
|
|-heal|p2a: Gliscor|71/100 tox|[from] ability: Poison Heal
|upkeep
|turn|3
|
|t:|1760332572
|move|p1a: Ribombee|Moonblast|p2a: Gliscor
|-damage|p2a: Gliscor|24/100 tox
|move|p2a: Gliscor|Acrobatics|p1a: Ribombee
|-supereffective|p1a: Ribombee
|-damage|p1a: Ribombee|0 fnt
|faint|p1a: Ribombee
|
|-heal|p2a: Gliscor|37/100 tox|[from] ability: Poison Heal
|upkeep
|
|t:|1760332596
|switch|p1a: Gliscor|Gliscor, M|100/100
|turn|4
|
|t:|1760332601
|move|p2a: Gliscor|Protect|p2a: Gliscor
|-singleturn|p2a: Gliscor|Protect
|move|p1a: Gliscor|Toxic Spikes|p2a: Gliscor
|-sidestart|p2: christhiams|move: Toxic Spikes
|
|-heal|p2a: Gliscor|49/100 tox|[from] ability: Poison Heal
|-status|p1a: Gliscor|tox|[from] item: Toxic Orb
|upkeep
|turn|5
|
|t:|1760332613
|move|p1a: Gliscor|Stealth Rock|p2a: Gliscor
|-sidestart|p2: christhiams|move: Stealth Rock
|move|p2a: Gliscor|Toxic Spikes|p1a: Gliscor
|-sidestart|p1: SoyGomezLoco|move: Toxic Spikes
|
|-heal|p2a: Gliscor|61/100 tox|[from] ability: Poison Heal
|upkeep
|turn|6
|
|t:|1760332625
|switch|p1a: Toxtricity|Toxtricity, M|100/100
|-sideend|p1: SoyGomezLoco|move: Toxic Spikes|[of] p1a: Toxtricity
|move|p2a: Gliscor|Toxic Spikes|p1a: Toxtricity
|-sidestart|p1: SoyGomezLoco|move: Toxic Spikes
|
|-heal|p2a: Gliscor|74/100 tox|[from] ability: Poison Heal
|upkeep
|turn|7
|
|t:|1760332635
|move|p2a: Gliscor|Earthquake|p1a: Toxtricity
|-supereffective|p1a: Toxtricity
|-damage|p1a: Toxtricity|0 fnt
|faint|p1a: Toxtricity
|
|-heal|p2a: Gliscor|86/100 tox|[from] ability: Poison Heal
|upkeep
|
|t:|1760332643
|switch|p1a: Feraligatr|Feraligatr, M, shiny|100/100
|-status|p1a: Feraligatr|psn
|turn|8
|
|t:|1760332649
|move|p1a: Feraligatr|Dragon Dance|p1a: Feraligatr
|-boost|p1a: Feraligatr|atk|1
|-boost|p1a: Feraligatr|spe|1
|move|p2a: Gliscor|Toxic Spikes|p1a: Feraligatr
|-sidestart|p1: SoyGomezLoco|move: Toxic Spikes
|
|-damage|p1a: Feraligatr|88/100 psn|[from] psn
|-heal|p2a: Gliscor|98/100 tox|[from] ability: Poison Heal
|upkeep
|turn|9
|
|t:|1760332662
|move|p1a: Feraligatr|Ice Punch|p2a: Gliscor
|-supereffective|p2a: Gliscor
|-damage|p2a: Gliscor|0 fnt
|faint|p2a: Gliscor
|
|-damage|p1a: Feraligatr|76/100 psn|[from] psn
|upkeep
|
|t:|1760332672
|switch|p2a: Dragalge|Dragalge, M|100/100
|-activate|p2a: Dragalge|move: Sticky Web
|-unboost|p2a: Dragalge|spe|1
|-sideend|p2: christhiams|move: Toxic Spikes|[of] p2a: Dragalge
|-damage|p2a: Dragalge|88/100|[from] Stealth Rock
|turn|10
|
|t:|1760332686
|-terastallize|p2a: Dragalge|Poison
|move|p1a: Feraligatr|Ice Punch|p2a: Dragalge
|-damage|p2a: Dragalge|28/100
|-damage|p1a: Feraligatr|60/100 psn|[from] item: Rocky Helmet|[of] p2a: Dragalge
|move|p2a: Dragalge|Venoshock|p1a: Feraligatr
|-damage|p1a: Feraligatr|0 fnt
|faint|p1a: Feraligatr
|
|upkeep
|
|t:|1760332696
|switch|p1a: Gliscor|Gliscor, M|100/100 tox
|turn|11
|
|t:|1760332701
|move|p1a: Gliscor|Earthquake|p2a: Dragalge
|-supereffective|p2a: Dragalge
|-damage|p2a: Dragalge|0 fnt
|faint|p2a: Dragalge
|
|upkeep
|
|t:|1760332707
|switch|p2a: Tyranitar|Tyranitar, M|100/100
|-activate|p2a: Tyranitar|move: Sticky Web
|-unboost|p2a: Tyranitar|spe|1
|-damage|p2a: Tyranitar|88/100|[from] Stealth Rock
|turn|12
|
|t:|1760332719
|move|p1a: Gliscor|Toxic Spikes|p2a: Tyranitar
|-sidestart|p2: christhiams|move: Toxic Spikes
|move|p2a: Tyranitar|Knock Off|p1a: Gliscor
|-damage|p1a: Gliscor|83/100 tox
|-enditem|p1a: Gliscor|Toxic Orb|[from] move: Knock Off|[of] p2a: Tyranitar
|
|-heal|p1a: Gliscor|95/100 tox|[from] ability: Poison Heal
|upkeep
|turn|13
|
|t:|1760332729
|move|p1a: Gliscor|Toxic Spikes|p2a: Tyranitar
|-sidestart|p2: christhiams|move: Toxic Spikes
|move|p2a: Tyranitar|Hex|p1a: Gliscor
|-damage|p1a: Gliscor|19/100 tox
|
|-heal|p1a: Gliscor|31/100 tox|[from] ability: Poison Heal
|upkeep
|turn|14
|
|t:|1760332738
|move|p1a: Gliscor|Protect|p1a: Gliscor
|-singleturn|p1a: Gliscor|Protect
|move|p2a: Tyranitar|Hex|p1a: Gliscor
|-activate|p1a: Gliscor|move: Protect
|
|-heal|p1a: Gliscor|44/100 tox|[from] ability: Poison Heal
|upkeep
|turn|15
|
|t:|1760332748
|move|p1a: Gliscor|Earthquake|p2a: Tyranitar
|-damage|p2a: Tyranitar|15/100
|replace|p2a: Zoroark|Zoroark-Hisui, M
|-end|p2a: Zoroark|Illusion
|-enditem|p2a: Zoroark|Sitrus Berry|[eat]
|-heal|p2a: Zoroark|40/100|[from] item: Sitrus Berry
|move|p2a: Zoroark|Hex|p1a: Gliscor
|-damage|p1a: Gliscor|0 fnt
|faint|p1a: Gliscor
|
|upkeep
|
|t:|1760332764
|switch|p1a: Kingambit|Kingambit, M, shiny|100/100
|-activate|p1a: Kingambit|ability: Supreme Overlord
|-start|p1a: Kingambit|fallen4|[silent]
|turn|16
|
|t:|1760332779
|move|p2a: Zoroark|Flamethrower|p1a: Kingambit
|-supereffective|p1a: Kingambit
|-damage|p1a: Kingambit|46/100
|move|p1a: Kingambit|Swords Dance|p1a: Kingambit
|-boost|p1a: Kingambit|atk|2
|
|upkeep
|turn|17
|
|t:|1760332790
|move|p1a: Kingambit|Sucker Punch|p2a: Zoroark
|-supereffective|p2a: Zoroark
|-damage|p2a: Zoroark|0 fnt
|faint|p2a: Zoroark
|
|upkeep
|
|t:|1760332796
|switch|p2a: Arcanine|Arcanine, M|100/100
|-activate|p2a: Arcanine|move: Sticky Web
|-unboost|p2a: Arcanine|spe|1
|-damage|p2a: Arcanine|76/100|[from] Stealth Rock
|-status|p2a: Arcanine|tox
|-ability|p2a: Arcanine|Intimidate|boost
|-unboost|p1a: Kingambit|atk|1
|turn|18
|
|t:|1760332807
|move|p1a: Kingambit|Sucker Punch|p2a: Arcanine
|-damage|p2a: Arcanine|0 fnt
|faint|p2a: Arcanine
|
|upkeep
|
|t:|1760332813
|switch|p2a: Tyranitar|Tyranitar, M|100/100
|-activate|p2a: Tyranitar|move: Sticky Web
|-unboost|p2a: Tyranitar|spe|1
|-damage|p2a: Tyranitar|88/100|[from] Stealth Rock
|-status|p2a: Tyranitar|tox
|-weather|Sandstorm|[from] ability: Sand Stream|[of] p2a: Tyranitar
|turn|19
|
|t:|1760332822
|move|p1a: Kingambit|Iron Head|p2a: Tyranitar
|-supereffective|p2a: Tyranitar
|-damage|p2a: Tyranitar|0 fnt
|faint|p2a: Tyranitar
|
|-weather|Sandstorm|[upkeep]
|upkeep
|
|t:|1760332830
|switch|p2a: Torterra|Torterra, F|100/100
|-activate|p2a: Torterra|move: Sticky Web
|-unboost|p2a: Torterra|spe|1
|-damage|p2a: Torterra|94/100|[from] Stealth Rock
|-status|p2a: Torterra|tox
|turn|20
|
|t:|1760332845
|move|p1a: Kingambit|Kowtow Cleave|p2a: Torterra
|-damage|p2a: Torterra|0 fnt
|faint|p2a: Torterra
|
|win|SoyGomezLoco
|raw|SoyGomezLoco's rating: 1163 &rarr; <strong>1184</strong><br />(+21 for winning)
|raw|christhiams's rating: 1101 &rarr; <strong>1080</strong><br />(-21 for losing)
|l|☆christhiams
|player|p2|
|c|☆SoyGomezLoco|Puta
|l|☆SoyGomezLoco
|player|p1|
