|j|☆Methristopheles ❀
|j|☆lousiv
|t:|1760334607
|gametype|singles
|player|p1|Methristopheles ❀|shauntal|1242
|player|p2|lousiv|guitarist|1185
|gen|9
|tier|[Gen 9] OU
|rated|
|rule|HP Percentage Mod: HP is shown in percentages
|rule|Endless Battle Clause: Forcing endless battles is banned
|rule|Species Clause: Limit one of each Pokémon
|rule|OHKO Clause: OHKO moves are banned
|rule|Evasion Items Clause: Evasion items are banned
|rule|Evasion Moves Clause: Evasion moves are banned
|rule|Evasion Abilities Clause: Evasion abilities are banned
|rule|Sleep Moves Clause: Sleep-inducing moves are banned
|clearpoke
|poke|p1|Goodra-Hisui, F|
|poke|p1|Alomomola, F|
|poke|p1|Ting-Lu|
|poke|p1|Gholdengo|
|poke|p1|Tornadus-Therian, M|
|poke|p1|Skarmory, M|
|poke|p2|Slowking-Galar, M|
|poke|p2|Azumarill, M|
|poke|p2|Reuniclus, F|
|poke|p2|Ursaluna, F|
|poke|p2|Cresselia, F|
|poke|p2|Granbull, M|
|teampreview
|inactive|Battle timer is ON: inactive players will automatically lose when time's up. (requested by lousiv)
|
|t:|1760334639
|teamsize|p1|6
|teamsize|p2|6
|start
|switch|p1a: Gholdengo|Gholdengo|100/100
|switch|p2a: Slowking|Slowking-Galar, M|100/100
|turn|1
|
|t:|1760334645
|-terastallize|p1a: Gholdengo|Ghost
|move|p1a: Gholdengo|Shadow Ball|p2a: Slowking
|-supereffective|p2a: Slowking
|-damage|p2a: Slowking|29/100
|move|p2a: Slowking|Trick Room|p2a: Slowking
|-fieldstart|move: Trick Room|[of] p2a: Slowking
|
|upkeep
|turn|2
|
|t:|1760334654
|move|p1a: Gholdengo|Shadow Ball|p2a: Slowking
|-supereffective|p2a: Slowking
|-crit|p2a: Slowking
|-damage|p2a: Slowking|0 fnt
|faint|p2a: Slowking
|
|upkeep
|
|t:|1760334663
|switch|p2a: Reuniclus|Reuniclus, F|100/100
|turn|3
|
|t:|1760334667
|switch|p1a: Ting-Lu|Ting-Lu|100/100
|-ability|p1a: Ting-Lu|Vessel of Ruin
|move|p2a: Reuniclus|Shadow Ball|p1a: Ting-Lu
|-resisted|p1a: Ting-Lu
|-crit|p1a: Ting-Lu
|-damage|p1a: Ting-Lu|89/100
|
|upkeep
|turn|4
|
|t:|1760334671
|move|p2a: Reuniclus|Focus Blast|p1a: Ting-Lu
|-supereffective|p1a: Ting-Lu
|-damage|p1a: Ting-Lu|43/100
|move|p1a: Ting-Lu|Stealth Rock|p2a: Reuniclus
|-sidestart|p2: lousiv|move: Stealth Rock
|
|upkeep
|turn|5
|
|t:|1760334682
|switch|p1a: Goodra|Goodra-Hisui, F|100/100
|move|p2a: Reuniclus|Shadow Ball|p1a: Goodra
|-damage|p1a: Goodra|85/100
|-unboost|p1a: Goodra|spd|1
|
|-fieldend|move: Trick Room
|upkeep
|turn|6
|
|t:|1760334688
|move|p1a: Goodra|Dragon Tail|p2a: Reuniclus
|-damage|p2a: Reuniclus|81/100
|drag|p2a: Azumarill|Azumarill, M|100/100
|-damage|p2a: Azumarill|88/100|[from] Stealth Rock
|
|upkeep
|turn|7
|
|t:|1760334694
|switch|p1a: Skarmory|Skarmory, M|100/100
|move|p2a: Azumarill|Play Rough|p1a: Skarmory|[miss]
|-miss|p2a: Azumarill|p1a: Skarmory
|
|upkeep
|turn|8
|
|t:|1760334702
|switch|p2a: Ursaluna|Ursaluna, F|100/100
|-damage|p2a: Ursaluna|94/100|[from] Stealth Rock
|move|p1a: Skarmory|Spikes|p2a: Ursaluna
|-sidestart|p2: lousiv|Spikes
|
|-status|p2a: Ursaluna|brn|[from] item: Flame Orb
|upkeep
|turn|9
|
|t:|1760334705
|move|p1a: Skarmory|Iron Defense|p1a: Skarmory
|-boost|p1a: Skarmory|def|2
|move|p2a: Ursaluna|Bulk Up|p2a: Ursaluna
|-boost|p2a: Ursaluna|atk|1
|-boost|p2a: Ursaluna|def|1
|
|-damage|p2a: Ursaluna|88/100 brn|[from] brn
|upkeep
|turn|10
|
|t:|1760334708
|move|p1a: Skarmory|Body Press|p2a: Ursaluna
|-supereffective|p2a: Ursaluna
|-damage|p2a: Ursaluna|24/100 brn
|move|p2a: Ursaluna|Bulk Up|p2a: Ursaluna
|-boost|p2a: Ursaluna|atk|1
|-boost|p2a: Ursaluna|def|1
|
|-damage|p2a: Ursaluna|18/100 brn|[from] brn
|upkeep
|turn|11
|
|t:|1760334715
|-terastallize|p2a: Ursaluna|Ghost
|move|p1a: Skarmory|Spikes|p2a: Ursaluna
|-sidestart|p2: lousiv|Spikes
|move|p2a: Ursaluna|Drain Punch|p1a: Skarmory
|-damage|p1a: Skarmory|70/100
|-heal|p2a: Ursaluna|28/100 brn|[from] drain|[of] p1a: Skarmory
|-damage|p2a: Ursaluna|12/100 brn|[from] item: Rocky Helmet|[of] p1a: Skarmory
|
|-damage|p2a: Ursaluna|5/100 brn|[from] brn
|upkeep
|turn|12
|
|t:|1760334725
|move|p1a: Skarmory|Roost|p1a: Skarmory
|-heal|p1a: Skarmory|100/100
|-singleturn|p1a: Skarmory|move: Roost
|move|p2a: Ursaluna|Facade|p1a: Skarmory
|-resisted|p1a: Skarmory
|-damage|p1a: Skarmory|64/100
|-damage|p2a: Ursaluna|0 fnt|[from] item: Rocky Helmet|[of] p1a: Skarmory
|faint|p2a: Ursaluna
|
|upkeep
|
|t:|1760334735
|switch|p2a: Reuniclus|Reuniclus, F|81/100
|turn|13
|
|t:|1760334740
|move|p1a: Skarmory|Roost|p1a: Skarmory
|-heal|p1a: Skarmory|100/100
|-singleturn|p1a: Skarmory|move: Roost
|move|p2a: Reuniclus|Trick Room|p2a: Reuniclus
|-fieldstart|move: Trick Room|[of] p2a: Reuniclus
|
|upkeep
|turn|14
|
|t:|1760334749
|move|p2a: Reuniclus|Focus Blast|p1a: Skarmory
|-damage|p1a: Skarmory|18/100
|move|p1a: Skarmory|Body Press|p2a: Reuniclus
|-resisted|p2a: Reuniclus
|-damage|p2a: Reuniclus|48/100
|
|upkeep
|turn|15
|
|t:|1760334759
|switch|p1a: Tornadus|Tornadus-Therian, M|100/100
|move|p2a: Reuniclus|Shadow Ball|p1a: Tornadus
|-damage|p1a: Tornadus|50/100
|-unboost|p1a: Tornadus|spd|1
|
|upkeep
|turn|16
|
|t:|1760334766
|move|p2a: Reuniclus|Focus Blast|p1a: Tornadus|[miss]
|-miss|p2a: Reuniclus|p1a: Tornadus
|move|p1a: Tornadus|Knock Off|p2a: Reuniclus
|-supereffective|p2a: Reuniclus
|-damage|p2a: Reuniclus|4/100
|-enditem|p2a: Reuniclus|Life Orb|[from] move: Knock Off|[of] p1a: Tornadus
|
|upkeep
|turn|17
|
|t:|1760334770
|switch|p1a: Ting-Lu|Ting-Lu|43/100
|-ability|p1a: Ting-Lu|Vessel of Ruin
|move|p2a: Reuniclus|Shadow Ball|p1a: Ting-Lu
|-resisted|p1a: Ting-Lu
|-damage|p1a: Ting-Lu|37/100
|-unboost|p1a: Ting-Lu|spd|1
|
|-fieldend|move: Trick Room
|upkeep
|turn|18
|
|t:|1760334779
|move|p1a: Ting-Lu|Whirlwind|p2a: Reuniclus
|drag|p2a: Azumarill|Azumarill, M|88/100
|-damage|p2a: Azumarill|76/100|[from] Stealth Rock
|-damage|p2a: Azumarill|59/100|[from] Spikes
|
|upkeep
|turn|19
|
|t:|1760334784
|move|p2a: Azumarill|Liquidation|p1a: Ting-Lu
|-supereffective|p1a: Ting-Lu
|-damage|p1a: Ting-Lu|0 fnt
|faint|p1a: Ting-Lu
|
|upkeep
|
|t:|1760334786
|switch|p1a: Skarmory|Skarmory, M|18/100
|turn|20
|
|t:|1760334788
|move|p1a: Skarmory|Roost|p1a: Skarmory
|-heal|p1a: Skarmory|68/100
|-singleturn|p1a: Skarmory|move: Roost
|move|p2a: Azumarill|Liquidation|p1a: Skarmory
|-damage|p1a: Skarmory|32/100
|-damage|p2a: Azumarill|43/100|[from] item: Rocky Helmet|[of] p1a: Skarmory
|-enditem|p2a: Azumarill|Sitrus Berry|[eat]
|-heal|p2a: Azumarill|68/100|[from] item: Sitrus Berry
|
|upkeep
|turn|21
|
|t:|1760334793
|move|p1a: Skarmory|Roost|p1a: Skarmory
|-heal|p1a: Skarmory|82/100
|-singleturn|p1a: Skarmory|move: Roost
|move|p2a: Azumarill|Belly Drum|p2a: Azumarill
|-damage|p2a: Azumarill|18/100
|-setboost|p2a: Azumarill|atk|6|[from] move: Belly Drum
|
|upkeep
|turn|22
|
|t:|1760334804
|switch|p1a: Tornadus|Tornadus-Therian, M|83/100
|move|p2a: Azumarill|Liquidation|p1a: Tornadus
|-damage|p1a: Tornadus|0 fnt
|faint|p1a: Tornadus
|
|upkeep
|
|t:|1760334812
|switch|p1a: Goodra|Goodra-Hisui, F|85/100
|turn|23
|
|t:|1760334816
|move|p1a: Goodra|Flash Cannon|p2a: Azumarill
|-damage|p2a: Azumarill|0 fnt
|faint|p2a: Azumarill
|
|upkeep
|
|t:|1760334821
|switch|p2a: Reuniclus|Reuniclus, F|4/100
|turn|24
|
|t:|1760334825
|move|p1a: Goodra|Knock Off|p2a: Reuniclus
|-supereffective|p2a: Reuniclus
|-damage|p2a: Reuniclus|0 fnt
|faint|p2a: Reuniclus
|
|upkeep
|
|t:|1760334826
|switch|p2a: Cresselia|Cresselia, F|100/100
|-damage|p2a: Cresselia|88/100|[from] Stealth Rock
|turn|25
|-message|lousiv forfeited.
|
|win|Methristopheles ❀
|raw|Methristopheles ❀'s rating: 1242 &rarr; <strong>1263</strong><br />(+21 for winning)
|raw|lousiv's rating: 1185 &rarr; <strong>1164</strong><br />(-21 for losing)
|l|☆lousiv
|player|p2|
|l|☆Methristopheles ❀
|player|p1|
