|j|☆sjace
|j|☆assistantokeye
|t:|1760328876
|gametype|singles
|player|p1|sjace|1|1084
|player|p2|assistantokeye|102|1183
|gen|9
|tier|[Gen 9] OU
|rated|
|rule|HP Percentage Mod: HP is shown in percentages
|rule|Endless Battle Clause: Forcing endless battles is banned
|rule|Species Clause: Limit one of each Pokémon
|rule|OHKO Clause: OHKO moves are banned
|rule|Evasion Items Clause: Evasion items are banned
|rule|Evasion Moves Clause: Evasion moves are banned
|rule|Evasion Abilities Clause: Evasion abilities are banned
|rule|Sleep Moves Clause: Sleep-inducing moves are banned
|clearpoke
|poke|p1|Zapdos|
|poke|p1|Pecharunt|
|poke|p1|Ceruledge, M|
|poke|p1|Gliscor, M|
|poke|p1|Landorus-Therian, M|
|poke|p1|Heatran, M|
|poke|p2|Polteageist|
|poke|p2|Espeon, M|
|poke|p2|Talonflame, F|
|poke|p2|Mimikyu, F|
|poke|p2|Azumarill, M|
|poke|p2|Gengar, F|
|teampreview
|
|t:|1760328885
|teamsize|p1|6
|teamsize|p2|6
|start
|switch|p1a: Zapdos|Zapdos, shiny|100/100
|switch|p2a: Espeon|Espeon, M|100/100
|turn|1
|
|t:|1760328890
|move|p2a: Espeon|Psychic|p1a: Zapdos
|-damage|p1a: Zapdos|79/100
|move|p1a: Zapdos|Volt Switch|p2a: Espeon
|-damage|p2a: Espeon|64/100
|
|t:|1760328895
|switch|p1a: Ceruledge|Ceruledge, M, shiny|100/100|[from] Volt Switch
|
|-heal|p2a: Espeon|70/100|[from] item: Leftovers
|upkeep
|turn|2
|
|t:|1760328898
|move|p2a: Espeon|Thunder Wave|p1a: Ceruledge
|-status|p1a: Ceruledge|par
|move|p1a: Ceruledge|Swords Dance|p1a: Ceruledge
|-boost|p1a: Ceruledge|atk|2
|
|-heal|p2a: Espeon|76/100|[from] item: Leftovers
|upkeep
|turn|3
|
|t:|1760328904
|move|p2a: Espeon|Shadow Ball|p1a: Ceruledge
|-supereffective|p1a: Ceruledge
|-damage|p1a: Ceruledge|49/100 par
|move|p1a: Ceruledge|Swords Dance|p1a: Ceruledge
|-boost|p1a: Ceruledge|atk|2
|
|-heal|p2a: Espeon|82/100|[from] item: Leftovers
|upkeep
|turn|4
|
|t:|1760328909
|cant|p1a: Ceruledge|par
|move|p2a: Espeon|Shadow Ball|p1a: Ceruledge
|-supereffective|p1a: Ceruledge
|-damage|p1a: Ceruledge|0 fnt
|faint|p1a: Ceruledge
|
|-heal|p2a: Espeon|88/100|[from] item: Leftovers
|upkeep
|
|t:|1760328912
|switch|p1a: Pecharunt|Pecharunt|100/100
|turn|5
|
|t:|1760328922
|switch|p1a: Gliscor|Gliscor, M, shiny|100/100
|move|p2a: Espeon|Thunder Wave|p1a: Gliscor
|-immune|p1a: Gliscor
|
|-heal|p2a: Espeon|93/100|[from] item: Leftovers
|-status|p1a: Gliscor|tox|[from] item: Toxic Orb
|upkeep
|turn|6
|
|t:|1760328932
|move|p2a: Espeon|Psychic|p1a: Gliscor
|-damage|p1a: Gliscor|35/100 tox
|move|p1a: Gliscor|Swords Dance|p1a: Gliscor
|-boost|p1a: Gliscor|atk|2
|
|-heal|p2a: Espeon|99/100|[from] item: Leftovers
|-heal|p1a: Gliscor|48/100 tox|[from] ability: Poison Heal
|upkeep
|turn|7
|inactive|Battle timer is ON: inactive players will automatically lose when time's up. (requested by assistantokeye)
|
|t:|1760328940
|move|p2a: Espeon|Psychic|p1a: Gliscor
|-damage|p1a: Gliscor|0 fnt
|faint|p1a: Gliscor
|
|-heal|p2a: Espeon|100/100|[from] item: Leftovers
|upkeep
|
|t:|1760328942
|switch|p1a: Heatran|Heatran, M, shiny|100/100
|turn|8
|
|t:|1760328945
|move|p2a: Espeon|Thunder Wave|p1a: Heatran
|-status|p1a: Heatran|par
|move|p1a: Heatran|Magma Storm|p2a: Espeon
|-damage|p2a: Espeon|35/100
|-activate|p2a: Espeon|move: Magma Storm|[of] p1a: Heatran
|
|-heal|p2a: Espeon|41/100|[from] item: Leftovers
|-damage|p2a: Espeon|29/100|[from] move: Magma Storm|[partiallytrapped]
|upkeep
|turn|9
|
|t:|1760328951
|move|p2a: Espeon|Shadow Ball|p1a: Heatran
|-damage|p1a: Heatran|87/100 par
|move|p1a: Heatran|Scorching Sands|p2a: Espeon
|-damage|p2a: Espeon|0 fnt
|faint|p2a: Espeon
|
|upkeep
|
|t:|1760328962
|switch|p2a: Azumarill|Azumarill, M|100/100
|turn|10
|
|t:|1760328967
|switch|p1a: Zapdos|Zapdos, shiny|79/100
|move|p2a: Azumarill|Belly Drum|p2a: Azumarill
|-damage|p2a: Azumarill|51/100
|-setboost|p2a: Azumarill|atk|6|[from] move: Belly Drum
|
|upkeep
|turn|11
|
|t:|1760328973
|move|p2a: Azumarill|Aqua Jet|p1a: Zapdos
|-damage|p1a: Zapdos|0 fnt
|-status|p2a: Azumarill|par|[from] ability: Static|[of] p1a: Zapdos
|faint|p1a: Zapdos
|
|upkeep
|
|t:|1760328981
|switch|p1a: Landorus|Landorus-Therian, M|100/100
|-ability|p1a: Landorus|Intimidate|boost
|-unboost|p2a: Azumarill|atk|1
|turn|12
|
|t:|1760328983
|switch|p1a: Heatran|Heatran, M, shiny|87/100 par
|cant|p2a: Azumarill|par
|
|upkeep
|turn|13
|
|t:|1760328992
|-terastallize|p1a: Heatran|Flying
|move|p1a: Heatran|Magma Storm|p2a: Azumarill
|-resisted|p2a: Azumarill
|-damage|p2a: Azumarill|28/100 par
|-activate|p2a: Azumarill|move: Magma Storm|[of] p1a: Heatran
|-enditem|p2a: Azumarill|Sitrus Berry|[eat]
|-heal|p2a: Azumarill|52/100 par|[from] item: Sitrus Berry
|move|p2a: Azumarill|Liquidation|p1a: Heatran
|-damage|p1a: Heatran|0 fnt
|faint|p1a: Heatran
|
|-end|p2a: Azumarill|Magma Storm|[partiallytrapped]|[silent]
|upkeep
|
|t:|1760329002
|switch|p1a: Landorus|Landorus-Therian, M|100/100
|-ability|p1a: Landorus|Intimidate|boost
|-unboost|p2a: Azumarill|atk|1
|turn|14
|
|t:|1760329007
|move|p2a: Azumarill|Aqua Jet|p1a: Landorus
|-supereffective|p1a: Landorus
|-damage|p1a: Landorus|0 fnt
|-damage|p2a: Azumarill|36/100 par|[from] item: Rocky Helmet|[of] p1a: Landorus
|faint|p1a: Landorus
|
|upkeep
|
|t:|1760329010
|switch|p1a: Pecharunt|Pecharunt|100/100
|turn|15
|
|t:|1760329015
|cant|p2a: Azumarill|par
|move|p1a: Pecharunt|Poltergeist||[still]
|-fail|p1a: Pecharunt
|
|upkeep
|turn|16
|
|t:|1760329021
|cant|p2a: Azumarill|par
|move|p1a: Pecharunt|Malignant Chain|p2a: Azumarill
|-supereffective|p2a: Azumarill
|-damage|p2a: Azumarill|0 fnt
|faint|p2a: Azumarill
|
|upkeep
|
|t:|1760329024
|switch|p2a: Mimikyu|Mimikyu, F, shiny|100/100
|turn|17
|
|t:|1760329038
|move|p2a: Mimikyu|Shadow Claw|p1a: Pecharunt
|-supereffective|p1a: Pecharunt
|-damage|p1a: Pecharunt|68/100
|-damage|p2a: Mimikyu|84/100|[from] item: Rocky Helmet|[of] p1a: Pecharunt
|-damage|p2a: Mimikyu|74/100|[from] item: Life Orb
|move|p1a: Pecharunt|Poltergeist|p2a: Mimikyu
|-activate|p2a: Mimikyu|move: Poltergeist|Life Orb
|-activate|p2a: Mimikyu|ability: Disguise
|-damage|p2a: Mimikyu|74/100
|detailschange|p2a: Mimikyu|Mimikyu-Busted, F, shiny
|-damage|p2a: Mimikyu|62/100|[from] pokemon: Mimikyu-Busted
|
|upkeep
|turn|18
|
|t:|1760329051
|move|p2a: Mimikyu|Shadow Claw|p1a: Pecharunt
|-supereffective|p1a: Pecharunt
|-damage|p1a: Pecharunt|35/100
|-damage|p2a: Mimikyu|46/100|[from] item: Rocky Helmet|[of] p1a: Pecharunt
|-damage|p2a: Mimikyu|36/100|[from] item: Life Orb
|move|p1a: Pecharunt|Poltergeist|p2a: Mimikyu
|-activate|p2a: Mimikyu|move: Poltergeist|Life Orb
|-supereffective|p2a: Mimikyu
|-damage|p2a: Mimikyu|0 fnt
|faint|p2a: Mimikyu
|
|upkeep
|
|t:|1760329054
|switch|p2a: Gengar|Gengar, F, shiny|100/100
|turn|19
|
|t:|1760329056
|move|p2a: Gengar|Shadow Ball|p1a: Pecharunt
|-supereffective|p1a: Pecharunt
|-damage|p1a: Pecharunt|0 fnt
|faint|p1a: Pecharunt
|
|win|assistantokeye
|raw|sjace's rating: 1084 &rarr; <strong>1068</strong><br />(-16 for losing)
|raw|assistantokeye's rating: 1183 &rarr; <strong>1201</strong><br />(+18 for winning)
|l|☆assistantokeye
|player|p2|
|l|☆sjace
|player|p1|
