|badge|p2|bronze|gen9ou|100-7
|uhtml|medal-msg|<div class="broadcast-blue">Curious what those medals under the avatar are? PS now has Ladder Seasons! For more information, check out the <a href="https://www.smogon.com/forums/threads/3740067/">thread on Smogon.</a></div>
|j|☆zeeql
|j|☆Johnny tots
|t:|1760368594
|gametype|singles
|player|p1|zeeql|265|1720
|player|p2|Johnny tots|101|1801
|gen|9
|tier|[Gen 9] OU
|rated|
|rule|HP Percentage Mod: HP is shown in percentages
|rule|Endless Battle Clause: Forcing endless battles is banned
|rule|Species Clause: Limit one of each Pokémon
|rule|OHKO Clause: OHKO moves are banned
|rule|Evasion Items Clause: Evasion items are banned
|rule|Evasion Moves Clause: Evasion moves are banned
|rule|Evasion Abilities Clause: Evasion abilities are banned
|rule|Sleep Moves Clause: Sleep-inducing moves are banned
|clearpoke
|poke|p1|Dragapult, F|
|poke|p1|Heatran, M|
|poke|p1|Landorus-Therian, M|
|poke|p1|Pecharunt|
|poke|p1|Dragonite, M|
|poke|p1|Gholdengo|
|poke|p2|Rillaboom, M|
|poke|p2|Klefki, F|
|poke|p2|Manaphy|
|poke|p2|Ogerpon-Wellspring, F|
|poke|p2|Clefable, M|
|poke|p2|Dragapult, F|
|teampreview
|inactive|Battle timer is ON: inactive players will automatically lose when time's up. (requested by zeeql)
|
|t:|1760368610
|teamsize|p1|6
|teamsize|p2|6
|start
|switch|p1a: Dragapult|Dragapult, F|100/100
|switch|p2a: Rillaboom|Rillaboom, M|100/100
|-fieldstart|move: Grassy Terrain|[from] ability: Grassy Surge|[of] p2a: Rillaboom
|turn|1
|l|☆Johnny tots
|inactive|Johnny tots disconnected and has a minute to reconnect!
|player|p2|
|j|☆Johnny tots
|inactive|Johnny tots reconnected and has 125 seconds left.
|player|p2|Johnny tots|101|
|
|t:|1760368638
|switch|p2a: Klefki|Klefki, F|100/100
|move|p1a: Dragapult|Draco Meteor|p2a: Klefki
|-immune|p2a: Klefki
|
|upkeep
|turn|2
|
|t:|1760368642
|switch|p1a: Heatran|Heatran, M|100/100
|move|p2a: Klefki|Light Screen|p2a: Klefki
|-sidestart|p2: Johnny tots|move: Light Screen
|
|upkeep
|turn|3
|
|t:|1760368645
|move|p2a: Klefki|Thunder Wave|p1a: Heatran
|-status|p1a: Heatran|par
|cant|p1a: Heatran|par
|
|upkeep
|turn|4
|
|t:|1760368651
|move|p2a: Klefki|Reflect|p2a: Klefki
|-sidestart|p2: Johnny tots|Reflect
|move|p1a: Heatran|Magma Storm|p2a: Klefki
|-supereffective|p2a: Klefki
|-damage|p2a: Klefki|52/100
|-activate|p2a: Klefki|move: Magma Storm|[of] p1a: Heatran
|
|-heal|p2a: Klefki|58/100|[from] Grassy Terrain
|-damage|p2a: Klefki|46/100|[from] move: Magma Storm|[partiallytrapped]
|upkeep
|turn|5
|
|t:|1760368657
|move|p2a: Klefki|Spikes|p1a: Heatran
|-sidestart|p1: zeeql|Spikes
|cant|p1a: Heatran|par
|
|-heal|p2a: Klefki|52/100|[from] Grassy Terrain
|-damage|p2a: Klefki|40/100|[from] move: Magma Storm|[partiallytrapped]
|upkeep
|turn|6
|
|t:|1760368660
|move|p2a: Klefki|Spikes|p1a: Heatran
|-sidestart|p1: zeeql|Spikes
|move|p1a: Heatran|Taunt|p2a: Klefki
|-start|p2a: Klefki|move: Taunt
|
|-heal|p2a: Klefki|46/100|[from] Grassy Terrain
|-damage|p2a: Klefki|34/100|[from] move: Magma Storm|[partiallytrapped]
|upkeep
|turn|7
|
|t:|1760368666
|move|p1a: Heatran|Protect|p1a: Heatran
|-singleturn|p1a: Heatran|Protect
|-activate|p2a: Klefki|move: Struggle
|move|p2a: Klefki|Struggle|p1a: Heatran
|-activate|p1a: Heatran|move: Protect
|
|-heal|p2a: Klefki|39/100|[from] Grassy Terrain
|-damage|p2a: Klefki|27/100|[from] move: Magma Storm|[partiallytrapped]
|upkeep
|turn|8
|
|t:|1760368675
|move|p1a: Heatran|Protect|p1a: Heatran
|-singleturn|p1a: Heatran|Protect
|-activate|p2a: Klefki|move: Struggle
|move|p2a: Klefki|Struggle|p1a: Heatran
|-activate|p1a: Heatran|move: Protect
|
|-heal|p2a: Klefki|33/100|[from] Grassy Terrain
|-damage|p2a: Klefki|21/100|[from] move: Magma Storm|[partiallytrapped]
|-fieldend|move: Grassy Terrain
|upkeep
|turn|9
|
|t:|1760368683
|-activate|p2a: Klefki|move: Struggle
|move|p2a: Klefki|Struggle|p1a: Heatran
|-damage|p1a: Heatran|94/100 par
|-damage|p2a: Klefki|0 fnt|[from] recoil
|faint|p2a: Klefki
|cant|p1a: Heatran|par
|
|-heal|p1a: Heatran|100/100 par|[from] item: Leftovers
|-sideend|p2: Johnny tots|move: Light Screen
|upkeep
|
|t:|1760368696
|switch|p2a: Manaphy|Manaphy|100/100
|turn|10
|j| Ahonghhh
|
|t:|1760368710
|switch|p1a: Dragapult|Dragapult, F|100/100
|-damage|p1a: Dragapult|84/100|[from] Spikes
|move|p2a: Manaphy|Take Heart|p2a: Manaphy
|-boost|p2a: Manaphy|spa|1
|-boost|p2a: Manaphy|spd|1
|
|upkeep
|turn|11
|j| wgw2333
|
|t:|1760368722
|switch|p2a: Clefable|Clefable, M|100/100
|move|p1a: Dragapult|Thunderbolt|p2a: Clefable
|-crit|p2a: Clefable
|-damage|p2a: Clefable|42/100
|
|-heal|p2a: Clefable|48/100|[from] item: Leftovers
|-sideend|p2: Johnny tots|Reflect
|upkeep
|turn|12
|
|t:|1760368727
|switch|p1a: Heatran|Heatran, M|100/100 par
|-damage|p1a: Heatran|84/100 par|[from] Spikes
|switch|p2a: Rillaboom|Rillaboom, M|100/100
|-fieldstart|move: Grassy Terrain|[from] ability: Grassy Surge|[of] p2a: Rillaboom
|
|-heal|p1a: Heatran|90/100 par|[from] Grassy Terrain
|-heal|p1a: Heatran|96/100 par|[from] item: Leftovers
|upkeep
|turn|13
|
|t:|1760368731
|move|p2a: Rillaboom|Bulk Up|p2a: Rillaboom
|-boost|p2a: Rillaboom|atk|1
|-boost|p2a: Rillaboom|def|1
|move|p1a: Heatran|Magma Storm|p2a: Rillaboom
|-supereffective|p2a: Rillaboom
|-crit|p2a: Rillaboom
|-damage|p2a: Rillaboom|0 fnt
|faint|p2a: Rillaboom
|
|-heal|p1a: Heatran|100/100 par|[from] Grassy Terrain
|upkeep
|c|☆Johnny tots|Crazy
|
|t:|1760368740
|switch|p2a: Manaphy|Manaphy|100/100
|turn|14
|c|☆zeeql|people so shameless
|c|☆zeeql|running para and complaining
|c|☆zeeql|you could still win
|c|☆Johnny tots|Why would u stay in with 3 switch ins
|inactive|zeeql has 120 seconds left.
|c|☆zeeql|cause im like that
|
|t:|1760368783
|switch|p1a: Dragapult|Dragapult, F|84/100
|-damage|p1a: Dragapult|68/100|[from] Spikes
|move|p2a: Manaphy|Take Heart|p2a: Manaphy
|-boost|p2a: Manaphy|spa|1
|-boost|p2a: Manaphy|spd|1
|
|-heal|p1a: Dragapult|74/100|[from] Grassy Terrain
|upkeep
|turn|15
|
|t:|1760368788
|switch|p2a: Clefable|Clefable, M|48/100
|move|p1a: Dragapult|U-turn|p2a: Clefable
|-resisted|p2a: Clefable
|-damage|p2a: Clefable|40/100
|
|t:|1760368797
|switch|p1a: Pecharunt|Pecharunt|100/100|[from] U-turn
|
|-heal|p2a: Clefable|46/100|[from] Grassy Terrain
|-heal|p2a: Clefable|53/100|[from] item: Leftovers
|upkeep
|turn|16
|l| Ahonghhh
|
|t:|1760368802
|move|p1a: Pecharunt|Malignant Chain|p2a: Clefable
|-supereffective|p2a: Clefable
|-damage|p2a: Clefable|0 fnt
|faint|p2a: Clefable
|
|upkeep
|
|t:|1760368804
|switch|p2a: Manaphy|Manaphy|100/100
|turn|17
|
|t:|1760368808
|move|p1a: Pecharunt|Malignant Chain|p2a: Manaphy
|-damage|p2a: Manaphy|71/100
|move|p2a: Manaphy|Take Heart|p2a: Manaphy
|-boost|p2a: Manaphy|spa|1
|-boost|p2a: Manaphy|spd|1
|
|-heal|p2a: Manaphy|77/100|[from] Grassy Terrain
|-heal|p2a: Manaphy|83/100|[from] item: Leftovers
|upkeep
|turn|18
|
|t:|1760368815
|move|p1a: Pecharunt|Malignant Chain|p2a: Manaphy
|-damage|p2a: Manaphy|64/100
|move|p2a: Manaphy|Take Heart|p2a: Manaphy
|-boost|p2a: Manaphy|spa|1
|-boost|p2a: Manaphy|spd|1
|
|-heal|p2a: Manaphy|70/100|[from] Grassy Terrain
|-heal|p2a: Manaphy|76/100|[from] item: Leftovers
|upkeep
|turn|19
|c|☆Johnny tots|Really
|
|t:|1760368834
|move|p1a: Pecharunt|Parting Shot|p2a: Manaphy
|-unboost|p2a: Manaphy|atk|1
|-unboost|p2a: Manaphy|spa|1
|
|t:|1760368839
|switch|p1a: Dragonite|Dragonite, M|100/100|[from] Parting Shot
|move|p2a: Manaphy|Take Heart|p2a: Manaphy
|-boost|p2a: Manaphy|spa|1
|-boost|p2a: Manaphy|spd|1
|
|-heal|p2a: Manaphy|82/100|[from] Grassy Terrain
|-heal|p2a: Manaphy|88/100|[from] item: Leftovers
|-fieldend|move: Grassy Terrain
|upkeep
|turn|20
|
|t:|1760368844
|-terastallize|p1a: Dragonite|Fairy
|move|p2a: Manaphy|Acid Armor|p2a: Manaphy
|-boost|p2a: Manaphy|def|2
|move|p1a: Dragonite|Dragon Dance|p1a: Dragonite
|-boost|p1a: Dragonite|atk|1
|-boost|p1a: Dragonite|spe|1
|
|-heal|p2a: Manaphy|94/100|[from] item: Leftovers
|upkeep
|turn|21
|
|t:|1760368848
|move|p1a: Dragonite|Tera Blast|p2a: Manaphy|[anim] Tera Blast Fairy
|-damage|p2a: Manaphy|64/100
|move|p2a: Manaphy|Stored Power|p1a: Dragonite
|-damage|p1a: Dragonite|48/100
|
|-heal|p2a: Manaphy|70/100|[from] item: Leftovers
|upkeep
|turn|22
|
|t:|1760368852
|switch|p1a: Heatran|Heatran, M|100/100 par
|-damage|p1a: Heatran|84/100 par|[from] Spikes
|move|p2a: Manaphy|Stored Power|p1a: Heatran
|-resisted|p1a: Heatran
|-damage|p1a: Heatran|53/100 par
|
|-heal|p2a: Manaphy|76/100|[from] item: Leftovers
|-heal|p1a: Heatran|59/100 par|[from] item: Leftovers
|upkeep
|turn|23
|
|t:|1760368864
|move|p2a: Manaphy|Take Heart|p2a: Manaphy
|-boost|p2a: Manaphy|spa|1
|-boost|p2a: Manaphy|spd|1
|cant|p1a: Heatran|par
|
|-heal|p2a: Manaphy|82/100|[from] item: Leftovers
|-heal|p1a: Heatran|65/100 par|[from] item: Leftovers
|upkeep
|turn|24
|
|t:|1760368871
|move|p2a: Manaphy|Scald|p1a: Heatran
|-supereffective|p1a: Heatran
|-damage|p1a: Heatran|0 fnt
|faint|p1a: Heatran
|
|-heal|p2a: Manaphy|88/100|[from] item: Leftovers
|upkeep
|c|☆zeeql|ggs
|-message|zeeql forfeited.
|
|win|Johnny tots
|raw|zeeql's rating: 1720 &rarr; <strong>1705</strong><br />(-15 for losing)
|raw|Johnny tots's rating: 1801 &rarr; <strong>1816</strong><br />(+15 for winning)
|l|☆zeeql
|player|p1|
|l|☆Johnny tots
|player|p2|
