|j|☆TrentMercer
|j|☆pyxel_wyzard
|t:|1760374889
|gametype|singles
|player|p1|TrentMercer|n|1525
|player|p2|pyxel_wyzard|miku-ghost|1454
|gen|9
|tier|[Gen 9] OU
|rated|
|rule|HP Percentage Mod: HP is shown in percentages
|rule|Endless Battle Clause: Forcing endless battles is banned
|rule|Species Clause: Limit one of each Pokémon
|rule|OHKO Clause: OHKO moves are banned
|rule|Evasion Items Clause: Evasion items are banned
|rule|Evasion Moves Clause: Evasion moves are banned
|rule|Evasion Abilities Clause: Evasion abilities are banned
|rule|Sleep Moves Clause: Sleep-inducing moves are banned
|clearpoke
|poke|p1|Crawdaunt, F|
|poke|p1|Houndoom, M|
|poke|p1|Slowking-Galar, F|
|poke|p1|Garchomp, F|
|poke|p1|Gholdengo|
|poke|p1|Quaquaval, M|
|poke|p2|Yanmega, M|
|poke|p2|Weezing-Galar, M|
|poke|p2|Garganacl, F|
|poke|p2|Dragapult, F|
|poke|p2|Slowking-Galar, F|
|poke|p2|Iron Valiant|
|teampreview
|inactive|Battle timer is ON: inactive players will automatically lose when time's up. (requested by pyxel_wyzard)
|inactive|pyxel_wyzard has 120 seconds left.
|
|t:|1760374924
|teamsize|p1|6
|teamsize|p2|6
|start
|switch|p1a: Houndoom|Houndoom, M|100/100
|switch|p2a: Sealtstan|Garganacl, F|100/100
|turn|1
|
|t:|1760374932
|switch|p1a: Garchomp|Garchomp, F|100/100
|move|p2a: Sealtstan|Salt Cure|p1a: Garchomp
|-resisted|p1a: Garchomp
|-crit|p1a: Garchomp
|-damage|p1a: Garchomp|94/100
|-start|p1a: Garchomp|Salt Cure
|
|-damage|p1a: Garchomp|82/100|[from] Salt Cure
|upkeep
|turn|2
|
|t:|1760374943
|move|p1a: Garchomp|Stealth Rock|p2a: Sealtstan
|-sidestart|p2: pyxel_wyzard|move: Stealth Rock
|move|p2a: Sealtstan|Stealth Rock|p1a: Garchomp
|-sidestart|p1: TrentMercer|move: Stealth Rock
|
|-damage|p1a: Garchomp|70/100|[from] Salt Cure
|upkeep
|turn|3
|
|t:|1760374961
|move|p1a: Garchomp|Spikes|p2a: Sealtstan
|-sidestart|p2: pyxel_wyzard|Spikes
|move|p2a: Sealtstan|Salt Cure|p1a: Garchomp
|-resisted|p1a: Garchomp
|-damage|p1a: Garchomp|65/100
|
|-damage|p1a: Garchomp|53/100|[from] Salt Cure
|upkeep
|turn|4
|
|t:|1760374984
|switch|p2a: Larwita|Weezing-Galar, M|100/100
|-ability|p2a: Larwita|Neutralizing Gas
|move|p1a: Garchomp|Earthquake|p2a: Larwita
|-supereffective|p2a: Larwita
|-damage|p2a: Larwita|47/100
|
|-damage|p1a: Garchomp|40/100|[from] Salt Cure
|upkeep
|turn|5
|inactive|pyxel_wyzard has 120 seconds left.
|
|t:|1760375003
|-end|p2a: Larwita|ability: Neutralizing Gas
|switch|p2a: Sealtstan|Garganacl, F|100/100
|-damage|p2a: Sealtstan|88/100|[from] Stealth Rock
|-damage|p2a: Sealtstan|76/100|[from] Spikes
|move|p1a: Garchomp|Earthquake|p2a: Sealtstan
|-supereffective|p2a: Sealtstan
|-damage|p2a: Sealtstan|21/100
|
|-heal|p2a: Sealtstan|27/100|[from] item: Leftovers
|-damage|p1a: Garchomp|28/100|[from] Salt Cure
|upkeep
|turn|6
|
|t:|1760375012
|move|p2a: Sealtstan|Protect|p2a: Sealtstan
|-singleturn|p2a: Sealtstan|Protect
|move|p1a: Garchomp|Earthquake|p2a: Sealtstan
|-activate|p2a: Sealtstan|move: Protect
|
|-heal|p2a: Sealtstan|33/100|[from] item: Leftovers
|-damage|p1a: Garchomp|15/100|[from] Salt Cure
|upkeep
|turn|7
|
|t:|1760375028
|move|p1a: Garchomp|Spikes|p2a: Sealtstan
|-sidestart|p2: pyxel_wyzard|Spikes
|move|p2a: Sealtstan|Recover|p2a: Sealtstan
|-heal|p2a: Sealtstan|83/100
|
|-heal|p2a: Sealtstan|89/100|[from] item: Leftovers
|-damage|p1a: Garchomp|3/100|[from] Salt Cure
|upkeep
|turn|8
|
|t:|1760375038
|move|p2a: Sealtstan|Protect|p2a: Sealtstan
|-singleturn|p2a: Sealtstan|Protect
|move|p1a: Garchomp|Spikes|p2a: Sealtstan
|-sidestart|p2: pyxel_wyzard|Spikes
|
|-heal|p2a: Sealtstan|96/100|[from] item: Leftovers
|-damage|p1a: Garchomp|0 fnt|[from] Salt Cure
|faint|p1a: Garchomp
|upkeep
|
|t:|1760375053
|switch|p1a: Quaquaval|Quaquaval, M|100/100
|-damage|p1a: Quaquaval|94/100|[from] Stealth Rock
|turn|9
|
|t:|1760375060
|move|p1a: Quaquaval|Aqua Step|p2a: Sealtstan
|-supereffective|p2a: Sealtstan
|-damage|p2a: Sealtstan|35/100
|-boost|p1a: Quaquaval|spe|1
|move|p2a: Sealtstan|Salt Cure|p1a: Quaquaval
|-resisted|p1a: Quaquaval
|-damage|p1a: Quaquaval|85/100
|-start|p1a: Quaquaval|Salt Cure
|
|-heal|p2a: Sealtstan|41/100|[from] item: Leftovers
|-damage|p1a: Quaquaval|61/100|[from] Salt Cure
|upkeep
|turn|10
|
|t:|1760375071
|move|p2a: Sealtstan|Protect|p2a: Sealtstan
|-singleturn|p2a: Sealtstan|Protect
|move|p1a: Quaquaval|Aqua Step|p2a: Sealtstan
|-activate|p2a: Sealtstan|move: Protect
|
|-heal|p2a: Sealtstan|47/100|[from] item: Leftovers
|-damage|p1a: Quaquaval|36/100|[from] Salt Cure
|upkeep
|turn|11
|
|t:|1760375091
|switch|p2a: Þiccol|Slowking-Galar, F|100/100
|move|p1a: Quaquaval|Aqua Step|p2a: Þiccol
|-damage|p2a: Þiccol|53/100
|-boost|p1a: Quaquaval|spe|1
|
|-damage|p1a: Quaquaval|11/100|[from] Salt Cure
|upkeep
|turn|12
|
|t:|1760375103
|switch|p2a: Larwita|Weezing-Galar, M|47/100
|-ability|p2a: Larwita|Neutralizing Gas
|move|p1a: Quaquaval|Rapid Spin|p2a: Larwita
|-damage|p2a: Larwita|36/100
|-boost|p1a: Quaquaval|spe|1
|-sideend|p1: TrentMercer|Stealth Rock|[from] move: Rapid Spin|[of] p1a: Quaquaval
|
|-damage|p1a: Quaquaval|0 fnt|[from] Salt Cure
|faint|p1a: Quaquaval
|upkeep
|
|t:|1760375121
|switch|p1a: Gholdengo|Gholdengo|100/100
|turn|13
|
|t:|1760375129
|move|p1a: Gholdengo|Shadow Ball|p2a: Larwita
|-damage|p2a: Larwita|0 fnt
|faint|p2a: Larwita
|-end|p2a: Larwita|ability: Neutralizing Gas
|
|upkeep
|
|t:|1760375136
|switch|p2a: Níðdraca|Dragapult, F|100/100
|-damage|p2a: Níðdraca|88/100|[from] Stealth Rock
|-damage|p2a: Níðdraca|63/100|[from] Spikes
|turn|14
|
|t:|1760375148
|-terastallize|p2a: Níðdraca|Ghost
|move|p1a: Gholdengo|Shadow Ball|p2a: Níðdraca
|-supereffective|p2a: Níðdraca
|-damage|p2a: Níðdraca|0 fnt
|faint|p2a: Níðdraca
|
|upkeep
|inactive|pyxel_wyzard has 120 seconds left.
|
|t:|1760375201
|switch|p2a: Isern|Iron Valiant|100/100
|-damage|p2a: Isern|94/100|[from] Stealth Rock
|-damage|p2a: Isern|69/100|[from] Spikes
|-enditem|p2a: Isern|Booster Energy
|-activate|p2a: Isern|ability: Quark Drive|[fromitem]
|-start|p2a: Isern|quarkdrivespe
|turn|15
|
|t:|1760375208
|move|p2a: Isern|Knock Off|p1a: Gholdengo
|-supereffective|p1a: Gholdengo
|-damage|p1a: Gholdengo|24/100
|-enditem|p1a: Gholdengo|Choice Scarf|[from] move: Knock Off|[of] p2a: Isern
|move|p1a: Gholdengo|Shadow Ball|p2a: Isern
|-damage|p2a: Isern|0 fnt
|faint|p2a: Isern
|-end|p2a: Isern|Quark Drive|[silent]
|
|upkeep
|
|t:|1760375217
|switch|p2a: Fléoge|Yanmega, M, shiny|100/100
|-damage|p2a: Fléoge|51/100|[from] Stealth Rock
|turn|16
|
|t:|1760375225
|move|p2a: Fléoge|Bug Buzz|p1a: Gholdengo
|-resisted|p1a: Gholdengo
|-damage|p1a: Gholdengo|0 fnt
|faint|p1a: Gholdengo
|
|upkeep
|
|t:|1760375231
|switch|p1a: Crawdaunt|Crawdaunt, F|100/100
|turn|17
|inactive|pyxel_wyzard has 120 seconds left.
|
|t:|1760375238
|-terastallize|p1a: Crawdaunt|Water
|move|p1a: Crawdaunt|Aqua Jet|p2a: Fléoge
|-damage|p2a: Fléoge|0 fnt
|faint|p2a: Fléoge
|
|upkeep
|-message|pyxel_wyzard forfeited.
|
|win|TrentMercer
|raw|TrentMercer's rating: 1525 &rarr; <strong>1541</strong><br />(+16 for winning)
|raw|pyxel_wyzard's rating: 1454 &rarr; <strong>1438</strong><br />(-16 for losing)
|l|☆pyxel_wyzard
|player|p2|
|l|☆TrentMercer
|player|p1|
