|j|‽darkda567
|j|☆PrettyBoyRosh
|t:|1760378528
|gametype|singles
|player|p1|darkda567|hilbert|1088
|player|p2|PrettyBoyRosh|266|1133
|gen|9
|tier|[Gen 9] OU
|rated|
|rule|HP Percentage Mod: HP is shown in percentages
|rule|Endless Battle Clause: Forcing endless battles is banned
|rule|Species Clause: Limit one of each Pokémon
|rule|OHKO Clause: OHKO moves are banned
|rule|Evasion Items Clause: Evasion items are banned
|rule|Evasion Moves Clause: Evasion moves are banned
|rule|Evasion Abilities Clause: Evasion abilities are banned
|rule|Sleep Moves Clause: Sleep-inducing moves are banned
|clearpoke
|poke|p1|Incineroar, F|
|poke|p1|Gyarados, F|
|poke|p1|Mimikyu, M|
|poke|p1|Snorlax, M|
|poke|p1|Pawmot, M|
|poke|p1|Chandelure, M|
|poke|p2|Greninja-*, M|
|poke|p2|Dragonite, F|
|poke|p2|Gengar, M|
|poke|p2|Pikachu-Kalos, M|
|poke|p2|Sceptile, F|
|poke|p2|Infernape, M|
|teampreview
|
|t:|1760378542
|teamsize|p1|6
|teamsize|p2|6
|start
|switch|p1a: Mimikyu|Mimikyu, M|100/100
|switch|p2a: Greninja|Greninja, M|100/100
|turn|1
|inactive|Battle timer is ON: inactive players will automatically lose when time's up. (requested by darkda567)
|
|t:|1760378549
|move|p2a: Greninja|U-turn|p1a: Mimikyu
|-activate|p1a: Mimikyu|ability: Disguise
|-damage|p1a: Mimikyu|100/100
|detailschange|p1a: Mimikyu|Mimikyu-Busted, M
|-damage|p1a: Mimikyu|88/100|[from] pokemon: Mimikyu-Busted
|
|t:|1760378555
|switch|p2a: Gengar|Gengar, M|100/100|[from] U-turn
|move|p1a: Mimikyu|Play Rough|p2a: Gengar
|-resisted|p2a: Gengar
|-damage|p2a: Gengar|50/100
|-start|p1a: Mimikyu|Disable|Play Rough|[from] ability: Cursed Body|[of] p2a: Gengar
|-damage|p1a: Mimikyu|78/100|[from] item: Life Orb
|
|upkeep
|turn|2
|
|t:|1760378566
|switch|p1a: Snorlax|Snorlax, M|100/100
|move|p2a: Gengar|Sludge Wave|p1a: Snorlax
|-damage|p1a: Snorlax|71/100
|
|upkeep
|turn|3
|
|t:|1760378574
|switch|p1a: Incineroar|Incineroar, F|100/100
|-ability|p1a: Incineroar|Intimidate|boost
|-unboost|p2a: Gengar|atk|1
|move|p2a: Gengar|Sludge Wave|p1a: Incineroar
|-damage|p1a: Incineroar|50/100
|-enditem|p1a: Incineroar|Sitrus Berry|[eat]
|-heal|p1a: Incineroar|75/100|[from] item: Sitrus Berry
|
|upkeep
|turn|4
|
|t:|1760378582
|move|p2a: Gengar|Sludge Wave|p1a: Incineroar
|-damage|p1a: Incineroar|15/100
|-status|p1a: Incineroar|psn
|move|p1a: Incineroar|Knock Off|p2a: Gengar
|-supereffective|p2a: Gengar
|-damage|p2a: Gengar|0 fnt
|-enditem|p2a: Gengar|Choice Scarf|[from] move: Knock Off|[of] p1a: Incineroar
|faint|p2a: Gengar
|
|-damage|p1a: Incineroar|3/100 psn|[from] psn
|upkeep
|
|t:|1760378593
|switch|p2a: Sceptile|Sceptile, F|100/100
|turn|5
|
|t:|1760378598
|move|p2a: Sceptile|Swords Dance|p2a: Sceptile
|-boost|p2a: Sceptile|atk|2
|move|p1a: Incineroar|Flare Blitz|p2a: Sceptile
|-supereffective|p2a: Sceptile
|-enditem|p2a: Sceptile|Focus Sash
|-damage|p2a: Sceptile|1/100
|-damage|p1a: Incineroar|0 fnt|[from] Recoil
|faint|p1a: Incineroar
|
|upkeep
|
|t:|1760378607
|switch|p1a: Pawmot|Pawmot, M|100/100
|turn|6
|
|t:|1760378614
|move|p1a: Pawmot|Mach Punch|p2a: Sceptile
|-damage|p2a: Sceptile|0 fnt
|faint|p2a: Sceptile
|
|upkeep
|
|t:|1760378623
|switch|p2a: Dragonite|Dragonite, F|100/100
|turn|7
|
|t:|1760378629
|move|p2a: Dragonite|Dragon Dance|p2a: Dragonite
|-boost|p2a: Dragonite|atk|1
|-boost|p2a: Dragonite|spe|1
|move|p1a: Pawmot|Double Shock|p2a: Dragonite
|-damage|p2a: Dragonite|63/100
|-start|p1a: Pawmot|typechange|???/Fighting|[from] move: Double Shock
|
|upkeep
|turn|8
|
|t:|1760378647
|switch|p1a: Mimikyu|Mimikyu-Busted, M|78/100
|-terastallize|p2a: Dragonite|Normal
|move|p2a: Dragonite|Extreme Speed|p1a: Mimikyu
|-immune|p1a: Mimikyu
|
|upkeep
|turn|9
|
|t:|1760378660
|switch|p2a: Infernape|Infernape, M|100/100
|move|p1a: Mimikyu|Swords Dance|p1a: Mimikyu
|-boost|p1a: Mimikyu|atk|2
|
|upkeep
|turn|10
|
|t:|1760378670
|move|p2a: Infernape|Switcheroo|p1a: Mimikyu
|-activate|p2a: Infernape|move: Trick|[of] p1a: Mimikyu
|-item|p1a: Mimikyu|Choice Scarf|[from] move: Switcheroo
|-item|p2a: Infernape|Life Orb|[from] move: Switcheroo
|move|p1a: Mimikyu|Swords Dance|p1a: Mimikyu
|-boost|p1a: Mimikyu|atk|2
|
|upkeep
|turn|11
|
|t:|1760378684
|switch|p1a: Chandelure|Chandelure, M|100/100
|move|p2a: Infernape|Flare Blitz|p1a: Chandelure
|-start|p1a: Chandelure|ability: Flash Fire
|
|upkeep
|turn|12
|
|t:|1760378698
|move|p1a: Chandelure|Psychic|p2a: Infernape
|-supereffective|p2a: Infernape
|-damage|p2a: Infernape|0 fnt
|faint|p2a: Infernape
|
|upkeep
|
|t:|1760378708
|switch|p2a: Greninja|Greninja, M|100/100
|turn|13
|
|t:|1760378714
|-end|p1a: Chandelure|ability: Flash Fire|[silent]
|switch|p1a: Pawmot|Pawmot, M|100/100
|move|p2a: Greninja|Dark Pulse|p1a: Pawmot
|-resisted|p1a: Pawmot
|-crit|p1a: Pawmot
|-damage|p1a: Pawmot|43/100
|
|upkeep
|turn|14
|
|t:|1760378725
|switch|p2a: Dragonite|Dragonite, F, tera:Normal|63/100
|move|p1a: Pawmot|Double Shock|p2a: Dragonite
|-crit|p2a: Dragonite
|-damage|p2a: Dragonite|0 fnt
|-start|p1a: Pawmot|typechange|???/Fighting|[from] move: Double Shock
|faint|p2a: Dragonite
|
|upkeep
|
|t:|1760378732
|switch|p2a: Greninja|Greninja, M|100/100
|turn|15
|
|t:|1760378742
|move|p2a: Greninja|Water Shuriken|p1a: Pawmot
|-crit|p1a: Pawmot
|-damage|p1a: Pawmot|18/100
|-damage|p1a: Pawmot|2/100
|-hitcount|p1a: Pawmot|2
|move|p1a: Pawmot|Mach Punch|p2a: Greninja
|-supereffective|p2a: Greninja
|-damage|p2a: Greninja|31/100
|
|upkeep
|turn|16
|
|t:|1760378751
|move|p2a: Greninja|Water Shuriken|p1a: Pawmot
|-damage|p1a: Pawmot|0 fnt
|faint|p1a: Pawmot
|-ability|p2a: Greninja|Battle Bond|boost
|-boost|p2a: Greninja|atk|1
|-boost|p2a: Greninja|spa|1
|-boost|p2a: Greninja|spe|1
|-activate|p2a: Greninja|ability: Battle Bond
|-hitcount|p1: Pawmot|1
|
|upkeep
|
|t:|1760378776
|switch|p1a: Snorlax|Snorlax, M|71/100
|turn|17
|
|t:|1760378780
|move|p2a: Greninja|Water Shuriken|p1a: Snorlax
|-damage|p1a: Snorlax|63/100
|-damage|p1a: Snorlax|54/100
|-hitcount|p1a: Snorlax|2
|move|p1a: Snorlax|Body Press|p2a: Greninja
|-supereffective|p2a: Greninja
|-damage|p2a: Greninja|0 fnt
|faint|p2a: Greninja
|
|upkeep
|
|t:|1760378788
|switch|p2a: Pikachu|Pikachu-Kalos, M|100/100
|turn|18
|
|t:|1760378792
|move|p2a: Pikachu|Fake Out|p1a: Snorlax
|-damage|p1a: Snorlax|44/100
|cant|p1a: Snorlax|flinch
|
|upkeep
|turn|19
|
|t:|1760378797
|move|p2a: Pikachu|Thunderbolt|p1a: Snorlax
|-crit|p1a: Snorlax
|-damage|p1a: Snorlax|13/100
|move|p1a: Snorlax|Curse|p1a: Snorlax
|-unboost|p1a: Snorlax|spe|1
|-boost|p1a: Snorlax|atk|1
|-boost|p1a: Snorlax|def|1
|
|upkeep
|turn|20
|
|t:|1760378805
|move|p2a: Pikachu|Thunderbolt|p1a: Snorlax
|-damage|p1a: Snorlax|0 fnt
|faint|p1a: Snorlax
|
|upkeep
|
|t:|1760378811
|switch|p1a: Chandelure|Chandelure, M|100/100
|turn|21
|
|t:|1760378815
|move|p1a: Chandelure|Shadow Ball|p2a: Pikachu
|-damage|p2a: Pikachu|0 fnt
|faint|p2a: Pikachu
|
|win|darkda567
|raw|darkda567's rating: 1088 &rarr; <strong>1118</strong><br />(+30 for winning)
|raw|PrettyBoyRosh's rating: 1133 &rarr; <strong>1105</strong><br />(-28 for losing)
|l|☆PrettyBoyRosh
|player|p2|
|l|‽darkda567
|player|p1|
