|j|☆V_run658
|j|☆banjin
|t:|1760386975
|gametype|singles
|player|p1|V_run658|hugh|1299
|player|p2|banjin|beauty-gen6xy|1283
|gen|9
|tier|[Gen 9] OU
|rated|
|rule|HP Percentage Mod: HP is shown in percentages
|rule|Endless Battle Clause: Forcing endless battles is banned
|rule|Species Clause: Limit one of each Pokémon
|rule|OHKO Clause: OHKO moves are banned
|rule|Evasion Items Clause: Evasion items are banned
|rule|Evasion Moves Clause: Evasion moves are banned
|rule|Evasion Abilities Clause: Evasion abilities are banned
|rule|Sleep Moves Clause: Sleep-inducing moves are banned
|clearpoke
|poke|p1|Greninja-*, M|
|poke|p1|Slowking-Galar, M|
|poke|p1|Conkeldurr, F|
|poke|p1|Garchomp, M|
|poke|p1|Rillaboom, F|
|poke|p1|Skeledirge, M|
|poke|p2|Minior-Blue|
|poke|p2|Lokix, F|
|poke|p2|Thundurus-Therian, M|
|poke|p2|Muk-Alola, M|
|poke|p2|Emboar, F|
|poke|p2|Ditto|
|teampreview
|inactive|Battle timer is ON: inactive players will automatically lose when time's up. (requested by banjin)
|inactive|V_run658 has 120 seconds left.
|
|t:|1760387016
|teamsize|p1|6
|teamsize|p2|6
|start
|switch|p1a: Garchomp|Garchomp, M|100/100
|switch|p2a: Katy|Lokix, F|100/100
|turn|1
|
|t:|1760387029
|-terastallize|p2a: Katy|Ice
|move|p1a: Garchomp|Swords Dance|p1a: Garchomp
|-boost|p1a: Garchomp|atk|2
|move|p2a: Katy|Tera Blast|p1a: Garchomp|[anim] Tera Blast Ice
|-supereffective|p1a: Garchomp
|-damage|p1a: Garchomp|0 fnt
|faint|p1a: Garchomp
|
|upkeep
|
|t:|1760387033
|switch|p1a: Conkeldurr|Conkeldurr, F|100/100
|turn|2
|
|t:|1760387036
|move|p2a: Katy|Lunge|p1a: Conkeldurr
|-resisted|p1a: Conkeldurr
|-damage|p1a: Conkeldurr|69/100
|-unboost|p1a: Conkeldurr|atk|1
|move|p1a: Conkeldurr|Drain Punch|p2a: Katy
|-supereffective|p2a: Katy
|-damage|p2a: Katy|16/100
|-heal|p1a: Conkeldurr|100/100|[from] drain|[of] p2a: Katy
|
|-status|p1a: Conkeldurr|brn|[from] item: Flame Orb
|upkeep
|turn|3
|
|t:|1760387042
|move|p1a: Conkeldurr|Mach Punch|p2a: Katy
|-supereffective|p2a: Katy
|-damage|p2a: Katy|0 fnt
|faint|p2a: Katy
|
|-damage|p1a: Conkeldurr|94/100 brn|[from] brn
|upkeep
|
|t:|1760387046
|switch|p2a: Mr. Brightside|Minior-Blue|100/100
|-formechange|p2a: Mr. Brightside|Minior-Meteor||[from] ability: Shields Down
|turn|4
|
|t:|1760387050
|move|p2a: Mr. Brightside|Shell Smash|p2a: Mr. Brightside
|-unboost|p2a: Mr. Brightside|def|1
|-unboost|p2a: Mr. Brightside|spd|1
|-boost|p2a: Mr. Brightside|atk|2
|-boost|p2a: Mr. Brightside|spa|2
|-boost|p2a: Mr. Brightside|spe|2
|-enditem|p2a: Mr. Brightside|White Herb
|-clearnegativeboost|p2a: Mr. Brightside|[silent]
|move|p1a: Conkeldurr|Knock Off|p2a: Mr. Brightside
|-damage|p2a: Mr. Brightside|64/100
|
|-damage|p1a: Conkeldurr|88/100 brn|[from] brn
|upkeep
|turn|5
|
|t:|1760387065
|switch|p1a: Rillaboom|Rillaboom, F|100/100
|-fieldstart|move: Grassy Terrain|[from] ability: Grassy Surge|[of] p1a: Rillaboom
|move|p2a: Mr. Brightside|Acrobatics|p1a: Rillaboom
|-supereffective|p1a: Rillaboom
|-damage|p1a: Rillaboom|0 fnt
|faint|p1a: Rillaboom
|
|upkeep
|
|t:|1760387067
|switch|p1a: Skeledirge|Skeledirge, M|100/100
|turn|6
|
|t:|1760387069
|-terastallize|p1a: Skeledirge|Water
|move|p2a: Mr. Brightside|Earthquake|p1a: Skeledirge
|-damage|p1a: Skeledirge|91/100
|move|p1a: Skeledirge|Will-O-Wisp|p2a: Mr. Brightside|[miss]
|-miss|p1a: Skeledirge|p2a: Mr. Brightside
|
|-heal|p1a: Skeledirge|97/100|[from] Grassy Terrain
|upkeep
|turn|7
|
|t:|1760387074
|move|p2a: Mr. Brightside|Acrobatics|p1a: Skeledirge
|-damage|p1a: Skeledirge|66/100
|move|p1a: Skeledirge|Will-O-Wisp|p2a: Mr. Brightside
|-immune|p2a: Mr. Brightside|[from] ability: Shields Down
|
|-heal|p1a: Skeledirge|72/100|[from] Grassy Terrain
|upkeep
|turn|8
|
|t:|1760387076
|move|p2a: Mr. Brightside|Acrobatics|p1a: Skeledirge
|-damage|p1a: Skeledirge|39/100
|move|p1a: Skeledirge|Will-O-Wisp|p2a: Mr. Brightside
|-immune|p2a: Mr. Brightside|[from] ability: Shields Down
|
|-heal|p1a: Skeledirge|45/100|[from] Grassy Terrain
|upkeep
|turn|9
|c|☆V_run658|ohhh
|
|t:|1760387083
|move|p2a: Mr. Brightside|Acrobatics|p1a: Skeledirge
|-damage|p1a: Skeledirge|11/100
|move|p1a: Skeledirge|Hex|p2a: Mr. Brightside
|-damage|p2a: Mr. Brightside|30/100
|
|-heal|p1a: Skeledirge|17/100|[from] Grassy Terrain
|-fieldend|move: Grassy Terrain
|-formechange|p2a: Mr. Brightside|Minior-Blue||[from] ability: Shields Down
|upkeep
|turn|10
|c|☆banjin|yeah
|
|t:|1760387097
|move|p2a: Mr. Brightside|Acrobatics|p1a: Skeledirge
|-damage|p1a: Skeledirge|0 fnt
|faint|p1a: Skeledirge
|
|upkeep
|
|t:|1760387099
|switch|p1a: Greninja|Greninja, M|100/100
|turn|11
|
|t:|1760387102
|move|p1a: Greninja|Water Shuriken|p2a: Mr. Brightside
|-supereffective|p2a: Mr. Brightside
|-damage|p2a: Mr. Brightside|2/100
|-supereffective|p2a: Mr. Brightside
|-damage|p2a: Mr. Brightside|0 fnt
|faint|p2a: Mr. Brightside
|-ability|p1a: Greninja|Battle Bond|boost
|-boost|p1a: Greninja|atk|1
|-boost|p1a: Greninja|spa|1
|-boost|p1a: Greninja|spe|1
|-activate|p1a: Greninja|ability: Battle Bond
|-hitcount|p2: Mr. Brightside|2
|
|upkeep
|
|t:|1760387104
|switch|p2a: 𒉎|Ditto|100/100
|-transform|p2a: 𒉎|p1a: Greninja|[from] ability: Imposter
|turn|12
|
|t:|1760387120
|move|p2a: 𒉎|Dark Pulse|p1a: Greninja
|-resisted|p1a: Greninja
|-damage|p1a: Greninja|58/100
|move|p1a: Greninja|Gunk Shot|p2a: 𒉎
|-damage|p2a: 𒉎|30/100
|
|upkeep
|turn|13
|
|t:|1760387126
|move|p1a: Greninja|Water Shuriken|p2a: 𒉎
|-resisted|p2a: 𒉎
|-damage|p2a: 𒉎|23/100
|-resisted|p2a: 𒉎
|-damage|p2a: 𒉎|15/100
|-resisted|p2a: 𒉎
|-damage|p2a: 𒉎|8/100
|-resisted|p2a: 𒉎
|-damage|p2a: 𒉎|1/100
|-hitcount|p2a: 𒉎|4
|move|p2a: 𒉎|Dark Pulse|p1a: Greninja
|-resisted|p1a: Greninja
|-damage|p1a: Greninja|15/100
|
|upkeep
|turn|14
|
|t:|1760387133
|switch|p2a: Beppo|Muk-Alola, M|100/100
|move|p1a: Greninja|Water Shuriken|p2a: Beppo
|-damage|p2a: Beppo|92/100
|-damage|p2a: Beppo|84/100
|-damage|p2a: Beppo|75/100
|-damage|p2a: Beppo|67/100
|-hitcount|p2a: Beppo|4
|
|upkeep
|turn|15
|
|t:|1760387143
|move|p1a: Greninja|Ice Beam|p2a: Beppo
|-damage|p2a: Beppo|32/100
|move|p2a: Beppo|Knock Off|p1a: Greninja
|-resisted|p1a: Greninja
|-damage|p1a: Greninja|0 fnt
|-enditem|p1a: Greninja|Loaded Dice|[from] move: Knock Off|[of] p2a: Beppo
|faint|p1a: Greninja
|
|upkeep
|
|t:|1760387147
|switch|p1a: Conkeldurr|Conkeldurr, F|88/100 brn
|turn|16
|
|t:|1760387155
|switch|p2a: 𒉎|Ditto|1/100
|-transform|p2a: 𒉎|p1a: Conkeldurr|[from] ability: Imposter
|move|p1a: Conkeldurr|Mach Punch|p2a: 𒉎
|-damage|p2a: 𒉎|0 fnt
|faint|p2a: 𒉎
|
|-damage|p1a: Conkeldurr|82/100 brn|[from] brn
|upkeep
|
|t:|1760387165
|switch|p2a: Paws|Thundurus-Therian, M|100/100
|turn|17
|
|t:|1760387168
|move|p2a: Paws|Thunderbolt|p1a: Conkeldurr
|-damage|p1a: Conkeldurr|19/100 brn
|move|p1a: Conkeldurr|Facade|p2a: Paws
|-enditem|p2a: Paws|Focus Sash
|-damage|p2a: Paws|1/100
|
|-damage|p1a: Conkeldurr|12/100 brn|[from] brn
|upkeep
|turn|18
|
|t:|1760387173
|move|p1a: Conkeldurr|Mach Punch|p2a: Paws
|-resisted|p2a: Paws
|-damage|p2a: Paws|0 fnt
|faint|p2a: Paws
|
|-damage|p1a: Conkeldurr|6/100 brn|[from] brn
|upkeep
|
|t:|1760387174
|switch|p2a: Beppo|Muk-Alola, M|32/100
|turn|19
|-activate|p2a: Beppo|item: Quick Claw
|
|t:|1760387176
|move|p2a: Beppo|Shadow Sneak|p1a: Conkeldurr
|-damage|p1a: Conkeldurr|0 fnt
|faint|p1a: Conkeldurr
|
|upkeep
|
|t:|1760387179
|switch|p1a: Slowking|Slowking-Galar, M|100/100
|turn|20
|
|t:|1760387184
|move|p2a: Beppo|Knock Off|p1a: Slowking
|-supereffective|p1a: Slowking
|-damage|p1a: Slowking|15/100
|-enditem|p1a: Slowking|Assault Vest|[from] move: Knock Off|[of] p2a: Beppo
|move|p1a: Slowking|Ice Beam|p2a: Beppo
|-damage|p2a: Beppo|6/100
|
|upkeep
|turn|21
|-activate|p2a: Beppo|item: Quick Claw
|
|t:|1760387187
|move|p2a: Beppo|Shadow Sneak|p1a: Slowking
|-supereffective|p1a: Slowking
|-damage|p1a: Slowking|0 fnt
|faint|p1a: Slowking
|
|win|banjin
|raw|V_run658's rating: 1299 &rarr; <strong>1273</strong><br />(-26 for losing)
|raw|banjin's rating: 1283 &rarr; <strong>1309</strong><br />(+26 for winning)
|l|☆V_run658
|player|p1|
|c|☆banjin|gg
|l|☆banjin
|player|p2|
