|j|☆Thu Van ♥
|j|☆saler87
|t:|1760428785
|gametype|singles
|player|p1|Thu Van ♥|iono|1199
|player|p2|saler87|lucas|1230
|gen|9
|tier|[Gen 9] OU
|rated|
|rule|HP Percentage Mod: HP is shown in percentages
|rule|Endless Battle Clause: Forcing endless battles is banned
|rule|Species Clause: Limit one of each Pokémon
|rule|OHKO Clause: OHKO moves are banned
|rule|Evasion Items Clause: Evasion items are banned
|rule|Evasion Moves Clause: Evasion moves are banned
|rule|Evasion Abilities Clause: Evasion abilities are banned
|rule|Sleep Moves Clause: Sleep-inducing moves are banned
|clearpoke
|poke|p1|Gliscor, F|
|poke|p1|Pecharunt|
|poke|p1|Diancie|
|poke|p1|Jirachi|
|poke|p1|Goodra-Hisui, F|
|poke|p1|Forretress, F|
|poke|p2|Grimmsnarl, M|
|poke|p2|Scizor, F|
|poke|p2|Ceruledge, F|
|poke|p2|Glimmora, F|
|poke|p2|Iron Valiant|
|poke|p2|Hydreigon, F|
|teampreview
|inactive|Battle timer is ON: inactive players will automatically lose when time's up. (requested by Thu Van ♥)
|
|t:|1760428797
|teamsize|p1|6
|teamsize|p2|6
|start
|switch|p1a: Diancie ‎|Gliscor, F|100/100
|switch|p2a: Grimmsnarl|Grimmsnarl, M|100/100
|turn|1
|
|t:|1760428804
|move|p2a: Grimmsnarl|Reflect|p2a: Grimmsnarl
|-sidestart|p2: saler87|Reflect
|move|p1a: Diancie ‎|Swords Dance|p1a: Diancie ‎
|-boost|p1a: Diancie ‎|atk|2
|
|-status|p1a: Diancie ‎|tox|[from] item: Toxic Orb
|upkeep
|turn|2
|
|t:|1760428811
|move|p2a: Grimmsnarl|Taunt|p1a: Diancie ‎
|-start|p1a: Diancie ‎|move: Taunt
|cant|p1a: Diancie ‎|move: Taunt|Swords Dance
|
|upkeep
|turn|3
|
|t:|1760428817
|switch|p2a: Hydreigon|Hydreigon, F|100/100
|move|p1a: Diancie ‎|Earthquake|p2a: Hydreigon
|-immune|p2a: Hydreigon|[from] ability: Levitate
|
|upkeep
|turn|4
|
|t:|1760428824
|switch|p1a: Gliscor‎|Goodra-Hisui, F|100/100
|move|p2a: Hydreigon|Dark Pulse|p1a: Gliscor‎
|-damage|p1a: Gliscor‎|82/100
|
|upkeep
|turn|5
|
|t:|1760428832
|switch|p2a: Grimmsnarl|Grimmsnarl, M|100/100
|move|p1a: Gliscor‎|Flash Cannon|p2a: Grimmsnarl
|-supereffective|p2a: Grimmsnarl
|-crit|p2a: Grimmsnarl
|-damage|p2a: Grimmsnarl|0 fnt
|faint|p2a: Grimmsnarl
|
|upkeep
|
|t:|1760428844
|switch|p2a: Scizor|Scizor, F|100/100
|turn|6
|
|t:|1760428851
|move|p2a: Scizor|Close Combat|p1a: Gliscor‎
|-supereffective|p1a: Gliscor‎
|-damage|p1a: Gliscor‎|0 fnt
|-unboost|p2a: Scizor|def|1
|-unboost|p2a: Scizor|spd|1
|-ability|p1a: Gliscor‎|Gooey
|-unboost|p2a: Scizor|spe|1
|faint|p1a: Gliscor‎
|
|upkeep
|
|t:|1760428860
|switch|p1a: Diancie ‎|Gliscor, F|100/100 tox
|turn|7
|
|t:|1760428880
|move|p1a: Diancie ‎|Swords Dance|p1a: Diancie ‎
|-boost|p1a: Diancie ‎|atk|2
|move|p2a: Scizor|U-turn|p1a: Diancie ‎
|-resisted|p1a: Diancie ‎
|-damage|p1a: Diancie ‎|84/100 tox
|
|t:|1760428885
|switch|p2a: Hydreigon|Hydreigon, F|100/100|[from] U-turn
|
|-heal|p1a: Diancie ‎|97/100 tox|[from] ability: Poison Heal
|upkeep
|turn|8
|
|t:|1760428892
|move|p1a: Diancie ‎|Protect|p1a: Diancie ‎
|-singleturn|p1a: Diancie ‎|Protect
|move|p2a: Hydreigon|Dark Pulse|p1a: Diancie ‎
|-activate|p1a: Diancie ‎|move: Protect
|
|-heal|p1a: Diancie ‎|100/100 tox|[from] ability: Poison Heal
|-sideend|p2: saler87|Reflect
|upkeep
|turn|9
|
|t:|1760428901
|move|p2a: Hydreigon|Dark Pulse|p1a: Diancie ‎
|-damage|p1a: Diancie ‎|53/100 tox
|move|p1a: Diancie ‎|Ice Fang|p2a: Hydreigon
|-supereffective|p2a: Hydreigon
|-damage|p2a: Hydreigon|11/100
|-damage|p1a: Diancie ‎|36/100 tox|[from] item: Rocky Helmet|[of] p2a: Hydreigon
|
|-heal|p1a: Diancie ‎|49/100 tox|[from] ability: Poison Heal
|upkeep
|turn|10
|
|t:|1760428911
|move|p1a: Diancie ‎|Protect|p1a: Diancie ‎
|-singleturn|p1a: Diancie ‎|Protect
|move|p2a: Hydreigon|Dark Pulse|p1a: Diancie ‎
|-activate|p1a: Diancie ‎|move: Protect
|
|-heal|p1a: Diancie ‎|61/100 tox|[from] ability: Poison Heal
|upkeep
|turn|11
|
|t:|1760428920
|switch|p1a: Forretress ‎|Diancie|100/100
|move|p2a: Hydreigon|Dark Pulse|p1a: Forretress ‎
|-resisted|p1a: Forretress ‎
|-damage|p1a: Forretress ‎|89/100
|
|-heal|p1a: Forretress ‎|95/100|[from] item: Leftovers
|upkeep
|turn|12
|
|t:|1760428930
|switch|p2a: Scizor|Scizor, F|100/100
|move|p1a: Forretress ‎|Stealth Rock|p2a: Scizor
|-sidestart|p2: saler87|move: Stealth Rock
|
|-heal|p1a: Forretress ‎|100/100|[from] item: Leftovers
|upkeep
|turn|13
|
|t:|1760428938
|switch|p1a: Pecharunt ‎|Forretress, F|100/100
|move|p2a: Scizor|U-turn|p1a: Pecharunt ‎
|-resisted|p1a: Pecharunt ‎
|-damage|p1a: Pecharunt ‎|88/100
|-damage|p2a: Scizor|84/100|[from] item: Rocky Helmet|[of] p1a: Pecharunt ‎
|
|t:|1760428945
|switch|p2a: Ceruledge|Ceruledge, F|100/100|[from] U-turn
|
|upkeep
|turn|14
|
|t:|1760428957
|switch|p1a: Forretress ‎|Diancie|100/100
|move|p2a: Ceruledge|Swords Dance|p2a: Ceruledge
|-boost|p2a: Ceruledge|atk|2
|
|upkeep
|turn|15
|
|t:|1760428966
|-terastallize|p2a: Ceruledge|Grass
|move|p2a: Ceruledge|Bitter Blade|p1a: Forretress ‎
|-resisted|p1a: Forretress ‎
|-damage|p1a: Forretress ‎|66/100
|move|p1a: Forretress ‎|Diamond Storm|p2a: Ceruledge
|-crit|p2a: Ceruledge
|-damage|p2a: Ceruledge|30/100
|
|-heal|p1a: Forretress ‎|72/100|[from] item: Leftovers
|upkeep
|turn|16
|
|t:|1760428978
|move|p2a: Ceruledge|Close Combat|p1a: Forretress ‎
|-damage|p1a: Forretress ‎|6/100
|-unboost|p2a: Ceruledge|def|1
|-unboost|p2a: Ceruledge|spd|1
|move|p1a: Forretress ‎|Diamond Storm|p2a: Ceruledge
|-damage|p2a: Ceruledge|0 fnt
|-boost|p1a: Forretress ‎|def|2
|faint|p2a: Ceruledge
|
|-heal|p1a: Forretress ‎|12/100|[from] item: Leftovers
|upkeep
|
|t:|1760428992
|switch|p2a: Glimmora|Glimmora, F|100/100
|-damage|p2a: Glimmora|88/100|[from] Stealth Rock
|turn|17
|
|t:|1760429004
|switch|p1a: Diancie ‎|Gliscor, F|61/100 tox
|move|p2a: Glimmora|Mortal Spin|p1a: Diancie ‎
|-resisted|p1a: Diancie ‎
|-damage|p1a: Diancie ‎|58/100 tox
|-sideend|p2: saler87|Stealth Rock|[from] move: Mortal Spin|[of] p2a: Glimmora
|
|-heal|p2a: Glimmora|94/100|[from] item: Leftovers
|-heal|p1a: Diancie ‎|71/100 tox|[from] ability: Poison Heal
|upkeep
|turn|18
|
|t:|1760429015
|move|p1a: Diancie ‎|Swords Dance|p1a: Diancie ‎
|-boost|p1a: Diancie ‎|atk|2
|move|p2a: Glimmora|Stealth Rock|p1a: Diancie ‎
|-sidestart|p1: Thu Van ♥|move: Stealth Rock
|
|-heal|p2a: Glimmora|100/100|[from] item: Leftovers
|-heal|p1a: Diancie ‎|83/100 tox|[from] ability: Poison Heal
|upkeep
|turn|19
|
|t:|1760429024
|switch|p2a: Hydreigon|Hydreigon, F|11/100
|move|p1a: Diancie ‎|Swords Dance|p1a: Diancie ‎
|-boost|p1a: Diancie ‎|atk|2
|
|-heal|p1a: Diancie ‎|96/100 tox|[from] ability: Poison Heal
|upkeep
|turn|20
|
|t:|1760429032
|move|p2a: Hydreigon|Draco Meteor|p1a: Diancie ‎
|-damage|p1a: Diancie ‎|19/100 tox
|-unboost|p2a: Hydreigon|spa|2
|move|p1a: Diancie ‎|Ice Fang|p2a: Hydreigon
|-supereffective|p2a: Hydreigon
|-damage|p2a: Hydreigon|0 fnt
|-damage|p1a: Diancie ‎|3/100 tox|[from] item: Rocky Helmet|[of] p2a: Hydreigon
|faint|p2a: Hydreigon
|
|-heal|p1a: Diancie ‎|15/100 tox|[from] ability: Poison Heal
|upkeep
|
|t:|1760429047
|switch|p2a: Scizor|Scizor, F|84/100
|turn|21
|
|t:|1760429053
|move|p1a: Diancie ‎|Protect|p1a: Diancie ‎
|-singleturn|p1a: Diancie ‎|Protect
|move|p2a: Scizor|Swords Dance|p2a: Scizor
|-boost|p2a: Scizor|atk|2
|
|-heal|p1a: Diancie ‎|28/100 tox|[from] ability: Poison Heal
|upkeep
|turn|22
|
|t:|1760429062
|switch|p1a: Pecharunt ‎|Forretress, F|88/100
|-damage|p1a: Pecharunt ‎|75/100|[from] Stealth Rock
|move|p2a: Scizor|Bullet Punch|p1a: Pecharunt ‎
|-resisted|p1a: Pecharunt ‎
|-damage|p1a: Pecharunt ‎|55/100
|-damage|p2a: Scizor|68/100|[from] item: Rocky Helmet|[of] p1a: Pecharunt ‎
|
|upkeep
|turn|23
|
|t:|1760429071
|switch|p1a: Jirachi ‎|Pecharunt|100/100
|move|p2a: Scizor|Close Combat|p1a: Jirachi ‎
|-immune|p1a: Jirachi ‎
|
|upkeep
|turn|24
|
|t:|1760429080
|move|p2a: Scizor|Bullet Punch|p1a: Jirachi ‎
|-damage|p1a: Jirachi ‎|67/100
|move|p1a: Jirachi ‎|Foul Play|p2a: Scizor
|-crit|p2a: Scizor
|-damage|p2a: Scizor|0 fnt
|faint|p2a: Scizor
|
|upkeep
|-message|saler87 forfeited.
|
|win|Thu Van ♥
|raw|Thu Van ♥'s rating: 1199 &rarr; <strong>1226</strong><br />(+27 for winning)
|raw|saler87's rating: 1230 &rarr; <strong>1203</strong><br />(-27 for losing)
|l|☆saler87
|player|p2|
|l|☆Thu Van ♥
|player|p1|
