|j|☆Bulba300
|j|☆EsperFell
|t:|1760340487
|gametype|singles
|player|p1|Bulba300|cynthia-masters|1158
|player|p2|EsperFell|plasmagruntf|1131
|gen|9
|tier|[Gen 9] OU
|rated|
|rule|HP Percentage Mod: HP is shown in percentages
|rule|Endless Battle Clause: Forcing endless battles is banned
|rule|Species Clause: Limit one of each Pokémon
|rule|OHKO Clause: OHKO moves are banned
|rule|Evasion Items Clause: Evasion items are banned
|rule|Evasion Moves Clause: Evasion moves are banned
|rule|Evasion Abilities Clause: Evasion abilities are banned
|rule|Sleep Moves Clause: Sleep-inducing moves are banned
|clearpoke
|poke|p1|Tornadus-Therian, M|
|poke|p1|Gliscor, M|
|poke|p1|Ogerpon-Wellspring, F|
|poke|p1|Dragonite, F|
|poke|p1|Dragapult, M|
|poke|p1|Iron Crown|
|poke|p2|Moltres|
|poke|p2|Gliscor, F|
|poke|p2|Darkrai|
|poke|p2|Zamazenta-*|
|poke|p2|Pecharunt|
|poke|p2|Ting-Lu|
|teampreview
|
|t:|1760340510
|teamsize|p1|6
|teamsize|p2|6
|start
|switch|p1a: SpiritOfRadio|Dragapult, M, shiny|100/100
|switch|p2a: Darkrai|Darkrai|100/100
|turn|1
|
|t:|1760340532
|switch|p2a: Ting-Lu|Ting-Lu|100/100
|-ability|p2a: Ting-Lu|Vessel of Ruin
|move|p1a: SpiritOfRadio|U-turn|p2a: Ting-Lu
|-supereffective|p2a: Ting-Lu
|-damage|p2a: Ting-Lu|76/100
|
|t:|1760340540
|switch|p1a: Her|Ogerpon-Wellspring, F|100/100|[from] U-turn
|
|-heal|p2a: Ting-Lu|83/100|[from] item: Leftovers
|upkeep
|turn|2
|
|t:|1760340566
|switch|p2a: Pecharunt|Pecharunt|100/100
|move|p1a: Her|Power Whip|p2a: Pecharunt
|-resisted|p2a: Pecharunt
|-damage|p2a: Pecharunt|84/100
|
|upkeep
|turn|3
|
|t:|1760340586
|switch|p1a: WolfeGliskor|Gliscor, M, shiny|100/100
|move|p2a: Pecharunt|Malignant Chain|p1a: WolfeGliskor
|-resisted|p1a: WolfeGliskor
|-damage|p1a: WolfeGliskor|88/100
|
|-status|p1a: WolfeGliskor|tox|[from] item: Toxic Orb
|upkeep
|turn|4
|
|t:|1760340602
|move|p1a: WolfeGliskor|Stealth Rock|p2a: Pecharunt
|-sidestart|p2: EsperFell|move: Stealth Rock
|move|p2a: Pecharunt|Parting Shot|p1a: WolfeGliskor
|-unboost|p1a: WolfeGliskor|atk|1
|-unboost|p1a: WolfeGliskor|spa|1
|
|t:|1760340608
|switch|p2a: Darkrai|Darkrai|100/100|[from] Parting Shot
|
|-heal|p1a: WolfeGliskor|100/100 tox|[from] ability: Poison Heal
|upkeep
|turn|5
|
|t:|1760340615
|switch|p1a: Mr.SteelUrGirl|Iron Crown|100/100
|-enditem|p1a: Mr.SteelUrGirl|Booster Energy
|-activate|p1a: Mr.SteelUrGirl|ability: Quark Drive|[fromitem]
|-start|p1a: Mr.SteelUrGirl|quarkdrivespe
|move|p2a: Darkrai|Ice Beam|p1a: Mr.SteelUrGirl
|-resisted|p1a: Mr.SteelUrGirl
|-damage|p1a: Mr.SteelUrGirl|84/100
|
|upkeep
|turn|6
|
|t:|1760340637
|-terastallize|p1a: Mr.SteelUrGirl|Fighting
|move|p1a: Mr.SteelUrGirl|Calm Mind|p1a: Mr.SteelUrGirl
|-boost|p1a: Mr.SteelUrGirl|spa|1
|-boost|p1a: Mr.SteelUrGirl|spd|1
|move|p2a: Darkrai|Dark Pulse|p1a: Mr.SteelUrGirl
|-resisted|p1a: Mr.SteelUrGirl
|-crit|p1a: Mr.SteelUrGirl
|-damage|p1a: Mr.SteelUrGirl|52/100
|
|upkeep
|turn|7
|
|t:|1760340663
|switch|p2a: Moltres|Moltres|100/100
|move|p1a: Mr.SteelUrGirl|Focus Blast|p2a: Moltres
|-resisted|p2a: Moltres
|-damage|p2a: Moltres|56/100
|
|upkeep
|turn|8
|
|t:|1760340689
|move|p1a: Mr.SteelUrGirl|Calm Mind|p1a: Mr.SteelUrGirl
|-boost|p1a: Mr.SteelUrGirl|spa|1
|-boost|p1a: Mr.SteelUrGirl|spd|1
|move|p2a: Moltres|Roar|p1a: Mr.SteelUrGirl
|-end|p1a: Mr.SteelUrGirl|Quark Drive|[silent]
|drag|p1a: WolfeGliskor|Gliscor, M, shiny|100/100 tox
|
|upkeep
|turn|9
|
|t:|1760340698
|move|p1a: WolfeGliskor|Toxic|p2a: Moltres|[miss]
|-miss|p1a: WolfeGliskor|p2a: Moltres
|move|p2a: Moltres|U-turn|p1a: WolfeGliskor
|-resisted|p1a: WolfeGliskor
|-damage|p1a: WolfeGliskor|95/100 tox
|
|t:|1760340704
|switch|p2a: Darkrai|Darkrai|100/100|[from] U-turn
|
|-heal|p1a: WolfeGliskor|100/100 tox|[from] ability: Poison Heal
|upkeep
|turn|10
|
|t:|1760340715
|move|p1a: WolfeGliskor|Protect|p1a: WolfeGliskor
|-singleturn|p1a: WolfeGliskor|Protect
|move|p2a: Darkrai|Ice Beam|p1a: WolfeGliskor
|-activate|p1a: WolfeGliskor|move: Protect
|
|upkeep
|turn|11
|
|t:|1760340759
|switch|p1a: Mr.SteelUrGirl|Iron Crown, tera:Fighting|52/100
|move|p2a: Darkrai|Ice Beam|p1a: Mr.SteelUrGirl
|-damage|p1a: Mr.SteelUrGirl|21/100
|
|upkeep
|turn|12
|
|t:|1760340768
|move|p2a: Darkrai|Ice Beam|p1a: Mr.SteelUrGirl
|-damage|p1a: Mr.SteelUrGirl|0 fnt
|faint|p1a: Mr.SteelUrGirl
|-end|p1a: Mr.SteelUrGirl|Quark Drive|[silent]
|
|upkeep
|
|t:|1760340799
|switch|p1a: SpiritOfRadio|Dragapult, M, shiny|100/100
|turn|13
|
|t:|1760340816
|switch|p2a: Ting-Lu|Ting-Lu|83/100
|-damage|p2a: Ting-Lu|76/100|[from] Stealth Rock
|-ability|p2a: Ting-Lu|Vessel of Ruin
|move|p1a: SpiritOfRadio|U-turn|p2a: Ting-Lu
|-supereffective|p2a: Ting-Lu
|-damage|p2a: Ting-Lu|54/100
|
|t:|1760340827
|switch|p1a: WolfeGliskor|Gliscor, M, shiny|100/100 tox|[from] U-turn
|
|-heal|p2a: Ting-Lu|60/100|[from] item: Leftovers
|upkeep
|turn|14
|
|t:|1760340836
|move|p1a: WolfeGliskor|Toxic|p2a: Ting-Lu
|-status|p2a: Ting-Lu|tox
|move|p2a: Ting-Lu|Stealth Rock|p1a: WolfeGliskor
|-sidestart|p1: Bulba300|move: Stealth Rock
|
|-heal|p2a: Ting-Lu|67/100 tox|[from] item: Leftovers
|-damage|p2a: Ting-Lu|60/100 tox|[from] psn
|upkeep
|turn|15
|
|t:|1760340846
|move|p1a: WolfeGliskor|Protect|p1a: WolfeGliskor
|-singleturn|p1a: WolfeGliskor|Protect
|move|p2a: Ting-Lu|Whirlwind|p1a: WolfeGliskor
|drag|p1a: Puff|Dragonite, F, shiny|100/100
|
|-heal|p2a: Ting-Lu|67/100 tox|[from] item: Leftovers
|-damage|p2a: Ting-Lu|54/100 tox|[from] psn
|upkeep
|turn|16
|
|t:|1760340864
|switch|p2a: Darkrai|Darkrai|100/100
|move|p1a: Puff|Dragon Tail|p2a: Darkrai
|-damage|p2a: Darkrai|53/100
|drag|p2a: Gliscor|Gliscor, F|100/100
|-damage|p2a: Gliscor|88/100|[from] Stealth Rock
|
|-status|p2a: Gliscor|tox|[from] item: Toxic Orb
|upkeep
|turn|17
|
|t:|1760340879
|move|p2a: Gliscor|Toxic|p1a: Puff
|-status|p1a: Puff|tox
|move|p1a: Puff|Dragon Tail|p2a: Gliscor
|-damage|p2a: Gliscor|62/100 tox
|drag|p2a: Darkrai|Darkrai|53/100
|
|-damage|p1a: Puff|94/100 tox|[from] psn
|upkeep
|turn|18
|
|t:|1760340893
|move|p1a: Puff|Extreme Speed|p2a: Darkrai
|-damage|p2a: Darkrai|14/100
|move|p2a: Darkrai|Ice Beam|p1a: Puff
|-supereffective|p1a: Puff
|-damage|p1a: Puff|0 fnt
|faint|p1a: Puff
|
|upkeep
|
|t:|1760340899
|switch|p1a: SpiritOfRadio|Dragapult, M, shiny|100/100
|turn|19
|
|t:|1760340904
|move|p1a: SpiritOfRadio|U-turn|p2a: Darkrai
|-supereffective|p2a: Darkrai
|-damage|p2a: Darkrai|0 fnt
|faint|p2a: Darkrai
|
|t:|1760340914
|switch|p1a: Bird Up|Tornadus-Therian, M, shiny|100/100|[from] U-turn
|
|upkeep
|
|t:|1760340921
|switch|p2a: Gliscor|Gliscor, F|62/100 tox
|-damage|p2a: Gliscor|49/100 tox|[from] Stealth Rock
|turn|20
|
|t:|1760340929
|move|p1a: Bird Up|U-turn|p2a: Gliscor
|-resisted|p2a: Gliscor
|-damage|p2a: Gliscor|44/100 tox
|
|t:|1760340932
|switch|p1a: WolfeGliskor|Gliscor, M, shiny|100/100 tox|[from] U-turn
|-damage|p1a: WolfeGliskor|88/100 tox|[from] Stealth Rock
|move|p2a: Gliscor|Toxic|p1a: WolfeGliskor
|-fail|p1a: WolfeGliskor|tox
|
|-heal|p1a: WolfeGliskor|100/100 tox|[from] ability: Poison Heal
|-heal|p2a: Gliscor|56/100 tox|[from] ability: Poison Heal
|upkeep
|turn|21
|
|t:|1760340947
|move|p2a: Gliscor|Spikes|p1a: WolfeGliskor
|-sidestart|p1: Bulba300|Spikes
|move|p1a: WolfeGliskor|Toxic|p2a: Gliscor
|-fail|p2a: Gliscor|tox
|
|-heal|p2a: Gliscor|69/100 tox|[from] ability: Poison Heal
|upkeep
|turn|22
|
|t:|1760340957
|move|p2a: Gliscor|Spikes|p1a: WolfeGliskor
|-sidestart|p1: Bulba300|Spikes
|move|p1a: WolfeGliskor|Stealth Rock||[still]
|-fail|p1a: WolfeGliskor
|
|-heal|p2a: Gliscor|81/100 tox|[from] ability: Poison Heal
|upkeep
|turn|23
|
|t:|1760340966
|move|p2a: Gliscor|Spikes|p1a: WolfeGliskor
|-sidestart|p1: Bulba300|Spikes
|move|p1a: WolfeGliskor|Stealth Rock||[still]
|-fail|p1a: WolfeGliskor
|
|-heal|p2a: Gliscor|94/100 tox|[from] ability: Poison Heal
|upkeep
|turn|24
|
|t:|1760340989
|switch|p1a: Her|Ogerpon-Wellspring, F|100/100
|-damage|p1a: Her|88/100|[from] Stealth Rock
|-damage|p1a: Her|63/100|[from] Spikes
|switch|p2a: Moltres|Moltres|56/100
|
|upkeep
|turn|25
|
|t:|1760340998
|switch|p2a: Pecharunt|Pecharunt|84/100
|move|p1a: Her|Ivy Cudgel|p2a: Pecharunt|[anim] Ivy Cudgel Water
|-damage|p2a: Pecharunt|57/100
|
|upkeep
|turn|26
|
|t:|1760341011
|switch|p1a: WolfeGliskor|Gliscor, M, shiny|100/100 tox
|-damage|p1a: WolfeGliskor|88/100 tox|[from] Stealth Rock
|move|p2a: Pecharunt|Recover|p2a: Pecharunt
|-heal|p2a: Pecharunt|100/100
|
|-heal|p1a: WolfeGliskor|100/100 tox|[from] ability: Poison Heal
|upkeep
|turn|27
|
|t:|1760341034
|move|p1a: WolfeGliskor|Toxic|p2a: Pecharunt
|-immune|p2a: Pecharunt
|move|p2a: Pecharunt|Parting Shot|p1a: WolfeGliskor
|-unboost|p1a: WolfeGliskor|atk|1
|-unboost|p1a: WolfeGliskor|spa|1
|
|t:|1760341046
|switch|p2a: Moltres|Moltres|56/100|[from] Parting Shot
|
|upkeep
|turn|28
|
|t:|1760341053
|move|p1a: WolfeGliskor|Toxic|p2a: Moltres
|-status|p2a: Moltres|tox
|move|p2a: Moltres|Roar|p1a: WolfeGliskor
|drag|p1a: Her|Ogerpon-Wellspring, F|63/100
|-damage|p1a: Her|51/100|[from] Stealth Rock
|-damage|p1a: Her|26/100|[from] Spikes
|
|-damage|p2a: Moltres|50/100 tox|[from] psn
|upkeep
|turn|29
|
|t:|1760341066
|move|p1a: Her|Knock Off|p2a: Moltres
|-damage|p2a: Moltres|23/100 tox
|-enditem|p2a: Moltres|Heavy-Duty Boots|[from] move: Knock Off|[of] p1a: Her
|move|p2a: Moltres|Roar|p1a: Her
|drag|p1a: WolfeGliskor|Gliscor, M, shiny|100/100 tox
|-damage|p1a: WolfeGliskor|88/100 tox|[from] Stealth Rock
|
|-heal|p1a: WolfeGliskor|100/100 tox|[from] ability: Poison Heal
|-damage|p2a: Moltres|11/100 tox|[from] psn
|upkeep
|turn|30
|
|t:|1760341086
|move|p1a: WolfeGliskor|Earthquake|p2a: Moltres
|-immune|p2a: Moltres
|move|p2a: Moltres|Flamethrower|p1a: WolfeGliskor
|-damage|p1a: WolfeGliskor|70/100 tox
|
|-heal|p1a: WolfeGliskor|82/100 tox|[from] ability: Poison Heal
|-damage|p2a: Moltres|0 fnt|[from] psn
|faint|p2a: Moltres
|upkeep
|
|t:|1760341099
|switch|p2a: Gliscor|Gliscor, F|94/100 tox
|-damage|p2a: Gliscor|81/100 tox|[from] Stealth Rock
|turn|31
|
|t:|1760341105
|move|p2a: Gliscor|Knock Off|p1a: WolfeGliskor
|-damage|p1a: WolfeGliskor|65/100 tox
|-enditem|p1a: WolfeGliskor|Toxic Orb|[from] move: Knock Off|[of] p2a: Gliscor
|move|p1a: WolfeGliskor|Stealth Rock||[still]
|-fail|p1a: WolfeGliskor
|
|-heal|p2a: Gliscor|94/100 tox|[from] ability: Poison Heal
|-heal|p1a: WolfeGliskor|77/100 tox|[from] ability: Poison Heal
|upkeep
|turn|32
|
|t:|1760341118
|move|p1a: WolfeGliskor|Stealth Rock||[still]
|-fail|p1a: WolfeGliskor
|move|p2a: Gliscor|Knock Off|p1a: WolfeGliskor
|-damage|p1a: WolfeGliskor|66/100 tox
|
|-heal|p1a: WolfeGliskor|79/100 tox|[from] ability: Poison Heal
|-heal|p2a: Gliscor|100/100 tox|[from] ability: Poison Heal
|upkeep
|turn|33
|
|t:|1760341136
|move|p2a: Gliscor|Knock Off|p1a: WolfeGliskor
|-damage|p1a: WolfeGliskor|68/100 tox
|move|p1a: WolfeGliskor|Stealth Rock||[still]
|-fail|p1a: WolfeGliskor
|
|-heal|p1a: WolfeGliskor|80/100 tox|[from] ability: Poison Heal
|upkeep
|turn|34
|c|☆EsperFell|welp
|c|☆EsperFell|what do we do about this
|
|t:|1760341159
|move|p1a: WolfeGliskor|Stealth Rock||[still]
|-fail|p1a: WolfeGliskor
|move|p2a: Gliscor|Spikes||[still]
|-fail|p2a: Gliscor
|
|-heal|p1a: WolfeGliskor|93/100 tox|[from] ability: Poison Heal
|upkeep
|turn|35
|
|t:|1760341166
|move|p1a: WolfeGliskor|Stealth Rock||[still]
|-fail|p1a: WolfeGliskor
|move|p2a: Gliscor|Spikes||[still]
|-fail|p2a: Gliscor
|
|-heal|p1a: WolfeGliskor|100/100 tox|[from] ability: Poison Heal
|upkeep
|turn|36
|
|t:|1760341172
|move|p2a: Gliscor|Spikes||[still]
|-fail|p2a: Gliscor
|move|p1a: WolfeGliskor|Stealth Rock||[still]
|-fail|p1a: WolfeGliskor
|
|upkeep
|turn|37
|c|☆Bulba300|its 4am and Im stalling a paper bro
|c|☆Bulba300|i am not forfeiting ts
|
|t:|1760341192
|move|p1a: WolfeGliskor|Stealth Rock||[still]
|-fail|p1a: WolfeGliskor
|move|p2a: Gliscor|Spikes||[still]
|-fail|p2a: Gliscor
|
|upkeep
|turn|38
|c|☆EsperFell|XD
|
|t:|1760341201
|move|p1a: WolfeGliskor|Stealth Rock||[still]
|-fail|p1a: WolfeGliskor
|move|p2a: Gliscor|Spikes||[still]
|-fail|p2a: Gliscor
|
|upkeep
|turn|39
|c|☆EsperFell|respect
|c|☆EsperFell|I have fuck else to do
|c|☆EsperFell|so
|
|t:|1760341229
|switch|p1a: Her|Ogerpon-Wellspring, F|26/100
|-damage|p1a: Her|14/100|[from] Stealth Rock
|-damage|p1a: Her|0 fnt|[from] Spikes
|faint|p1a: Her
|move|p2a: Gliscor|Spikes||[still]
|-fail|p2a: Gliscor
|
|upkeep
|
|t:|1760341233
|switch|p1a: SpiritOfRadio|Dragapult, M, shiny|100/100
|turn|40
|c|☆EsperFell|i guess my wincon is you falling asleep
|
|t:|1760341243
|move|p1a: SpiritOfRadio|Hex|p2a: Gliscor
|-damage|p2a: Gliscor|58/100 tox
|move|p2a: Gliscor|Toxic|p1a: SpiritOfRadio
|-status|p1a: SpiritOfRadio|tox
|
|-damage|p1a: SpiritOfRadio|95/100 tox|[from] psn
|-heal|p2a: Gliscor|71/100 tox|[from] ability: Poison Heal
|upkeep
|turn|41
|
|t:|1760341255
|move|p1a: SpiritOfRadio|Hex|p2a: Gliscor
|-damage|p2a: Gliscor|27/100 tox
|move|p2a: Gliscor|Knock Off|p1a: SpiritOfRadio
|-supereffective|p1a: SpiritOfRadio
|-damage|p1a: SpiritOfRadio|39/100 tox
|-enditem|p1a: SpiritOfRadio|Heavy-Duty Boots|[from] move: Knock Off|[of] p2a: Gliscor
|
|-damage|p1a: SpiritOfRadio|27/100 tox|[from] psn
|-heal|p2a: Gliscor|40/100 tox|[from] ability: Poison Heal
|upkeep
|turn|42
|
|t:|1760341265
|move|p2a: Gliscor|Protect|p2a: Gliscor
|-singleturn|p2a: Gliscor|Protect
|move|p1a: SpiritOfRadio|Hex|p2a: Gliscor
|-activate|p2a: Gliscor|move: Protect
|
|-damage|p1a: SpiritOfRadio|9/100 tox|[from] psn
|-heal|p2a: Gliscor|52/100 tox|[from] ability: Poison Heal
|upkeep
|turn|43
|
|t:|1760341276
|switch|p2a: Ting-Lu|Ting-Lu|54/100 tox
|-damage|p2a: Ting-Lu|48/100 tox|[from] Stealth Rock
|-ability|p2a: Ting-Lu|Vessel of Ruin
|move|p1a: SpiritOfRadio|Hex|p2a: Ting-Lu
|-resisted|p2a: Ting-Lu
|-damage|p2a: Ting-Lu|36/100 tox
|
|-heal|p2a: Ting-Lu|43/100 tox|[from] item: Leftovers
|-damage|p1a: SpiritOfRadio|0 fnt|[from] psn
|faint|p1a: SpiritOfRadio
|-damage|p2a: Ting-Lu|36/100 tox|[from] psn
|upkeep
|
|t:|1760341314
|switch|p1a: Bird Up|Tornadus-Therian, M, shiny|100/100
|turn|44
|
|t:|1760341330
|switch|p2a: Pecharunt|Pecharunt|100/100
|move|p1a: Bird Up|U-turn|p2a: Pecharunt
|-resisted|p2a: Pecharunt
|-damage|p2a: Pecharunt|99/100
|
|t:|1760341334
|switch|p1a: WolfeGliskor|Gliscor, M, shiny|100/100 tox|[from] U-turn
|-damage|p1a: WolfeGliskor|88/100 tox|[from] Stealth Rock
|
|-heal|p1a: WolfeGliskor|100/100 tox|[from] ability: Poison Heal
|upkeep
|turn|45
|c|☆EsperFell|what class is the paper for?
|c|☆Bulba300|Monster Energy's Value and Market Position
|c|☆EsperFell|buisness major I take it?
|c|☆Bulba300|yeah
|c|☆Bulba300|i hate coloring books
|
|t:|1760341410
|switch|p2a: Gliscor|Gliscor, F|52/100 tox
|-damage|p2a: Gliscor|40/100 tox|[from] Stealth Rock
|move|p1a: WolfeGliskor|Protect||[still]
|-fail|p1a: WolfeGliskor
|
|-heal|p2a: Gliscor|52/100 tox|[from] ability: Poison Heal
|upkeep
|turn|46
|c|☆EsperFell|fairs
|c|☆EsperFell|I'm an education major myself
|
|t:|1760341425
|move|p1a: WolfeGliskor|Stealth Rock||[still]
|-fail|p1a: WolfeGliskor
|move|p2a: Gliscor|Spikes||[still]
|-fail|p2a: Gliscor
|
|-heal|p2a: Gliscor|65/100 tox|[from] ability: Poison Heal
|upkeep
|turn|47
|c|☆Bulba300|so you love coloring books
|c|☆EsperFell|yeah lol
|
|t:|1760341436
|move|p2a: Gliscor|Spikes||[still]
|-fail|p2a: Gliscor
|move|p1a: WolfeGliskor|Toxic|p2a: Gliscor
|-fail|p2a: Gliscor|tox
|
|-heal|p2a: Gliscor|77/100 tox|[from] ability: Poison Heal
|upkeep
|turn|48
|c|☆EsperFell|the duality is real
|
|t:|1760341442
|move|p1a: WolfeGliskor|Stealth Rock||[still]
|-fail|p1a: WolfeGliskor
|move|p2a: Gliscor|Spikes||[still]
|-fail|p2a: Gliscor
|
|-heal|p2a: Gliscor|90/100 tox|[from] ability: Poison Heal
|upkeep
|turn|49
|
|t:|1760341448
|move|p1a: WolfeGliskor|Stealth Rock||[still]
|-fail|p1a: WolfeGliskor
|move|p2a: Gliscor|Spikes||[still]
|-fail|p2a: Gliscor
|
|-heal|p2a: Gliscor|100/100 tox|[from] ability: Poison Heal
|upkeep
|turn|50
|c|☆EsperFell|i wonder how many toxics I have to burn
|
|t:|1760341458
|move|p1a: WolfeGliskor|Stealth Rock||[still]
|-fail|p1a: WolfeGliskor
|move|p2a: Gliscor|Spikes||[still]
|-fail|p2a: Gliscor
|
|upkeep
|turn|51
|
|t:|1760341464
|move|p2a: Gliscor|Spikes||[still]
|-fail|p2a: Gliscor
|move|p1a: WolfeGliskor|Stealth Rock||[still]
|-fail|p1a: WolfeGliskor
|
|upkeep
|turn|52
|c|☆Bulba300|you cant be burned and toxiced at the same time lmao
|
|t:|1760341479
|move|p1a: WolfeGliskor|Stealth Rock||[still]
|-fail|p1a: WolfeGliskor
|move|p2a: Gliscor|Spikes||[still]
|-fail|p2a: Gliscor
|
|upkeep
|turn|53
|
|t:|1760341486
|move|p1a: WolfeGliskor|Stealth Rock||[still]
|-fail|p1a: WolfeGliskor
|move|p2a: Gliscor|Spikes||[still]
|-fail|p2a: Gliscor
|
|upkeep
|turn|54
|c|☆EsperFell|qwq you know what I meant
|c|☆Bulba300|lol
|c|☆EsperFell|and actually I did say it right lol
|c|☆EsperFell|gaslighting 100 I see
|
|t:|1760341509
|move|p2a: Gliscor|Spikes||[still]
|-fail|p2a: Gliscor
|move|p1a: WolfeGliskor|Stealth Rock||[still]
|-fail|p1a: WolfeGliskor
|
|upkeep
|turn|55
|
|t:|1760341513
|move|p1a: WolfeGliskor|Stealth Rock||[still]
|-fail|p1a: WolfeGliskor
|move|p2a: Gliscor|Spikes||[still]
|-fail|p2a: Gliscor
|
|upkeep
|turn|56
|
|t:|1760341518
|move|p2a: Gliscor|Spikes||[still]
|-fail|p2a: Gliscor
|move|p1a: WolfeGliskor|Stealth Rock||[still]
|-fail|p1a: WolfeGliskor
|
|upkeep
|turn|57
|
|t:|1760341522
|move|p1a: WolfeGliskor|Stealth Rock||[still]
|-fail|p1a: WolfeGliskor
|move|p2a: Gliscor|Spikes||[still]
|-fail|p2a: Gliscor
|
|upkeep
|turn|58
|
|t:|1760341536
|move|p2a: Gliscor|Spikes||[still]
|-fail|p2a: Gliscor
|move|p1a: WolfeGliskor|Stealth Rock||[still]
|-fail|p1a: WolfeGliskor
|
|upkeep
|turn|59
|
|t:|1760341542
|move|p2a: Gliscor|Spikes||[still]
|-fail|p2a: Gliscor
|move|p1a: WolfeGliskor|Stealth Rock||[still]
|-fail|p1a: WolfeGliskor
|
|upkeep
|turn|60
|
|t:|1760341557
|move|p1a: WolfeGliskor|Toxic|p2a: Gliscor
|-fail|p2a: Gliscor|tox
|move|p2a: Gliscor|Spikes||[still]
|-fail|p2a: Gliscor
|
|upkeep
|turn|61
|
|t:|1760341562
|move|p2a: Gliscor|Spikes||[still]
|-fail|p2a: Gliscor
|move|p1a: WolfeGliskor|Stealth Rock||[still]
|-fail|p1a: WolfeGliskor
|
|upkeep
|turn|62
|
|t:|1760341566
|move|p2a: Gliscor|Spikes||[still]
|-fail|p2a: Gliscor
|move|p1a: WolfeGliskor|Stealth Rock||[still]
|-fail|p1a: WolfeGliskor
|
|upkeep
|turn|63
|
|t:|1760341571
|move|p1a: WolfeGliskor|Stealth Rock||[still]
|-fail|p1a: WolfeGliskor
|move|p2a: Gliscor|Spikes||[still]
|-fail|p2a: Gliscor
|
|upkeep
|turn|64
|
|t:|1760341578
|move|p2a: Gliscor|Spikes||[still]
|-fail|p2a: Gliscor
|move|p1a: WolfeGliskor|Stealth Rock||[still]
|-fail|p1a: WolfeGliskor
|
|upkeep
|turn|65
|
|t:|1760341582
|move|p1a: WolfeGliskor|Stealth Rock||[still]
|-fail|p1a: WolfeGliskor
|move|p2a: Gliscor|Spikes||[still]
|-fail|p2a: Gliscor
|
|upkeep
|turn|66
|
|t:|1760341597
|move|p1a: WolfeGliskor|Stealth Rock||[still]
|-fail|p1a: WolfeGliskor
|move|p2a: Gliscor|Spikes||[still]
|-fail|p2a: Gliscor
|
|upkeep
|turn|67
|
|t:|1760341603
|move|p1a: WolfeGliskor|Stealth Rock||[still]
|-fail|p1a: WolfeGliskor
|move|p2a: Gliscor|Spikes||[still]
|-fail|p2a: Gliscor
|
|upkeep
|turn|68
|
|t:|1760341619
|move|p1a: WolfeGliskor|Stealth Rock||[still]
|-fail|p1a: WolfeGliskor
|move|p2a: Gliscor|Spikes||[still]
|-fail|p2a: Gliscor
|
|upkeep
|turn|69
|c|☆Bulba300|i got all my rocks off lmao
|
|t:|1760341630
|move|p1a: WolfeGliskor|Earthquake|p2a: Gliscor
|-immune|p2a: Gliscor
|move|p2a: Gliscor|Knock Off|p1a: WolfeGliskor
|-damage|p1a: WolfeGliskor|89/100 tox
|
|-heal|p1a: WolfeGliskor|100/100 tox|[from] ability: Poison Heal
|upkeep
|turn|70
|c|☆EsperFell|just lost all my spikes XD
|
|t:|1760341638
|move|p1a: WolfeGliskor|Earthquake|p2a: Gliscor
|-immune|p2a: Gliscor
|move|p2a: Gliscor|Knock Off|p1a: WolfeGliskor
|-damage|p1a: WolfeGliskor|89/100 tox
|
|-heal|p1a: WolfeGliskor|100/100 tox|[from] ability: Poison Heal
|upkeep
|turn|71
|
|t:|1760341645
|move|p2a: Gliscor|Knock Off|p1a: WolfeGliskor
|-damage|p1a: WolfeGliskor|89/100 tox
|move|p1a: WolfeGliskor|Earthquake|p2a: Gliscor
|-immune|p2a: Gliscor
|
|-heal|p1a: WolfeGliskor|100/100 tox|[from] ability: Poison Heal
|upkeep
|turn|72
|c|☆EsperFell|mann this is a good night xd
|
|t:|1760341653
|move|p2a: Gliscor|Knock Off|p1a: WolfeGliskor
|-damage|p1a: WolfeGliskor|88/100 tox
|move|p1a: WolfeGliskor|Earthquake|p2a: Gliscor
|-immune|p2a: Gliscor
|
|-heal|p1a: WolfeGliskor|100/100 tox|[from] ability: Poison Heal
|upkeep
|turn|73
|
|t:|1760341659
|move|p2a: Gliscor|Knock Off|p1a: WolfeGliskor
|-damage|p1a: WolfeGliskor|89/100 tox
|move|p1a: WolfeGliskor|Earthquake|p2a: Gliscor
|-immune|p2a: Gliscor
|
|-heal|p1a: WolfeGliskor|100/100 tox|[from] ability: Poison Heal
|upkeep
|turn|74
|
|t:|1760341666
|move|p1a: WolfeGliskor|Earthquake|p2a: Gliscor
|-immune|p2a: Gliscor
|move|p2a: Gliscor|Knock Off|p1a: WolfeGliskor
|-damage|p1a: WolfeGliskor|89/100 tox
|
|-heal|p1a: WolfeGliskor|100/100 tox|[from] ability: Poison Heal
|upkeep
|turn|75
|
|t:|1760341673
|move|p2a: Gliscor|Knock Off|p1a: WolfeGliskor
|-damage|p1a: WolfeGliskor|90/100 tox
|move|p1a: WolfeGliskor|Earthquake|p2a: Gliscor
|-immune|p2a: Gliscor
|
|-heal|p1a: WolfeGliskor|100/100 tox|[from] ability: Poison Heal
|upkeep
|turn|76
|
|t:|1760341679
|move|p1a: WolfeGliskor|Earthquake|p2a: Gliscor
|-immune|p2a: Gliscor
|move|p2a: Gliscor|Knock Off|p1a: WolfeGliskor
|-damage|p1a: WolfeGliskor|89/100 tox
|
|-heal|p1a: WolfeGliskor|100/100 tox|[from] ability: Poison Heal
|upkeep
|turn|77
|
|t:|1760341687
|move|p2a: Gliscor|Knock Off|p1a: WolfeGliskor
|-damage|p1a: WolfeGliskor|90/100 tox
|move|p1a: WolfeGliskor|Earthquake|p2a: Gliscor
|-immune|p2a: Gliscor
|
|-heal|p1a: WolfeGliskor|100/100 tox|[from] ability: Poison Heal
|upkeep
|turn|78
|
|t:|1760341694
|move|p1a: WolfeGliskor|Earthquake|p2a: Gliscor
|-immune|p2a: Gliscor
|move|p2a: Gliscor|Knock Off|p1a: WolfeGliskor
|-damage|p1a: WolfeGliskor|90/100 tox
|
|-heal|p1a: WolfeGliskor|100/100 tox|[from] ability: Poison Heal
|upkeep
|turn|79
|
|t:|1760341701
|move|p1a: WolfeGliskor|Earthquake|p2a: Gliscor
|-immune|p2a: Gliscor
|move|p2a: Gliscor|Knock Off|p1a: WolfeGliskor
|-damage|p1a: WolfeGliskor|88/100 tox
|
|-heal|p1a: WolfeGliskor|100/100 tox|[from] ability: Poison Heal
|upkeep
|turn|80
|
|t:|1760341707
|move|p1a: WolfeGliskor|Earthquake|p2a: Gliscor
|-immune|p2a: Gliscor
|move|p2a: Gliscor|Knock Off|p1a: WolfeGliskor
|-damage|p1a: WolfeGliskor|88/100 tox
|
|-heal|p1a: WolfeGliskor|100/100 tox|[from] ability: Poison Heal
|upkeep
|turn|81
|
|t:|1760341713
|move|p2a: Gliscor|Knock Off|p1a: WolfeGliskor
|-damage|p1a: WolfeGliskor|89/100 tox
|move|p1a: WolfeGliskor|Earthquake|p2a: Gliscor
|-immune|p2a: Gliscor
|
|-heal|p1a: WolfeGliskor|100/100 tox|[from] ability: Poison Heal
|upkeep
|turn|82
|
|t:|1760341720
|move|p2a: Gliscor|Knock Off|p1a: WolfeGliskor
|-damage|p1a: WolfeGliskor|90/100 tox
|move|p1a: WolfeGliskor|Earthquake|p2a: Gliscor
|-immune|p2a: Gliscor
|
|-heal|p1a: WolfeGliskor|100/100 tox|[from] ability: Poison Heal
|upkeep
|turn|83
|
|t:|1760341726
|move|p2a: Gliscor|Knock Off|p1a: WolfeGliskor
|-damage|p1a: WolfeGliskor|88/100 tox
|move|p1a: WolfeGliskor|Earthquake|p2a: Gliscor
|-immune|p2a: Gliscor
|
|-heal|p1a: WolfeGliskor|100/100 tox|[from] ability: Poison Heal
|upkeep
|turn|84
|
|t:|1760341733
|move|p1a: WolfeGliskor|Protect|p1a: WolfeGliskor
|-singleturn|p1a: WolfeGliskor|Protect
|move|p2a: Gliscor|Knock Off|p1a: WolfeGliskor
|-activate|p1a: WolfeGliskor|move: Protect
|
|upkeep
|turn|85
|
|t:|1760341738
|move|p1a: WolfeGliskor|Protect||[still]
|-fail|p1a: WolfeGliskor
|move|p2a: Gliscor|Knock Off|p1a: WolfeGliskor
|-damage|p1a: WolfeGliskor|88/100 tox
|
|-heal|p1a: WolfeGliskor|100/100 tox|[from] ability: Poison Heal
|upkeep
|turn|86
|
|t:|1760341746
|move|p2a: Gliscor|Knock Off|p1a: WolfeGliskor
|-damage|p1a: WolfeGliskor|90/100 tox
|move|p1a: WolfeGliskor|Toxic|p2a: Gliscor|[miss]
|-miss|p1a: WolfeGliskor|p2a: Gliscor
|
|-heal|p1a: WolfeGliskor|100/100 tox|[from] ability: Poison Heal
|upkeep
|turn|87
|
|t:|1760341753
|move|p1a: WolfeGliskor|Toxic|p2a: Gliscor
|-fail|p2a: Gliscor|tox
|move|p2a: Gliscor|Knock Off|p1a: WolfeGliskor
|-damage|p1a: WolfeGliskor|89/100 tox
|
|-heal|p1a: WolfeGliskor|100/100 tox|[from] ability: Poison Heal
|upkeep
|turn|88
|
|t:|1760341760
|move|p1a: WolfeGliskor|Toxic|p2a: Gliscor
|-fail|p2a: Gliscor|tox
|move|p2a: Gliscor|Knock Off|p1a: WolfeGliskor
|-damage|p1a: WolfeGliskor|89/100 tox
|
|-heal|p1a: WolfeGliskor|100/100 tox|[from] ability: Poison Heal
|upkeep
|turn|89
|
|t:|1760341766
|move|p2a: Gliscor|Knock Off|p1a: WolfeGliskor
|-damage|p1a: WolfeGliskor|89/100 tox
|move|p1a: WolfeGliskor|Toxic|p2a: Gliscor
|-fail|p2a: Gliscor|tox
|
|-heal|p1a: WolfeGliskor|100/100 tox|[from] ability: Poison Heal
|upkeep
|turn|90
|c|☆EsperFell|the mythical toxics?
|c|☆Bulba300|lmao
|
|t:|1760341778
|move|p1a: WolfeGliskor|Toxic|p2a: Gliscor
|-fail|p2a: Gliscor|tox
|move|p2a: Gliscor|Knock Off|p1a: WolfeGliskor
|-damage|p1a: WolfeGliskor|89/100 tox
|
|-heal|p1a: WolfeGliskor|100/100 tox|[from] ability: Poison Heal
|upkeep
|turn|91
|
|t:|1760341784
|move|p2a: Gliscor|Knock Off|p1a: WolfeGliskor
|-damage|p1a: WolfeGliskor|88/100 tox
|move|p1a: WolfeGliskor|Toxic|p2a: Gliscor
|-fail|p2a: Gliscor|tox
|
|-heal|p1a: WolfeGliskor|100/100 tox|[from] ability: Poison Heal
|upkeep
|turn|92
|
|t:|1760341791
|move|p2a: Gliscor|Knock Off|p1a: WolfeGliskor
|-damage|p1a: WolfeGliskor|90/100 tox
|move|p1a: WolfeGliskor|Toxic|p2a: Gliscor
|-fail|p2a: Gliscor|tox
|
|-heal|p1a: WolfeGliskor|100/100 tox|[from] ability: Poison Heal
|upkeep
|turn|93
|
|t:|1760341798
|move|p1a: WolfeGliskor|Protect|p1a: WolfeGliskor
|-singleturn|p1a: WolfeGliskor|Protect
|move|p2a: Gliscor|Knock Off|p1a: WolfeGliskor
|-activate|p1a: WolfeGliskor|move: Protect
|
|upkeep
|turn|94
|
|t:|1760341803
|move|p1a: WolfeGliskor|Protect||[still]
|-fail|p1a: WolfeGliskor
|move|p2a: Gliscor|Knock Off|p1a: WolfeGliskor
|-damage|p1a: WolfeGliskor|89/100 tox
|
|-heal|p1a: WolfeGliskor|100/100 tox|[from] ability: Poison Heal
|upkeep
|turn|95
|
|t:|1760341809
|move|p1a: WolfeGliskor|Protect|p1a: WolfeGliskor
|-singleturn|p1a: WolfeGliskor|Protect
|move|p2a: Gliscor|Knock Off|p1a: WolfeGliskor
|-activate|p1a: WolfeGliskor|move: Protect
|
|upkeep
|turn|96
|
|t:|1760341815
|move|p1a: WolfeGliskor|Protect||[still]
|-fail|p1a: WolfeGliskor
|move|p2a: Gliscor|Knock Off|p1a: WolfeGliskor
|-damage|p1a: WolfeGliskor|89/100 tox
|
|-heal|p1a: WolfeGliskor|100/100 tox|[from] ability: Poison Heal
|upkeep
|turn|97
|
|t:|1760341821
|switch|p1a: Bird Up|Tornadus-Therian, M, shiny|100/100
|move|p2a: Gliscor|Protect||[still]
|-fail|p2a: Gliscor
|
|upkeep
|turn|98
|
|t:|1760341833
|move|p1a: Bird Up|Bleakwind Storm|p2a: Gliscor|[miss]
|-miss|p1a: Bird Up|p2a: Gliscor
|move|p2a: Gliscor|Toxic|p1a: Bird Up
|-status|p1a: Bird Up|tox
|
|-damage|p1a: Bird Up|94/100 tox|[from] psn
|upkeep
|turn|99
|c|☆EsperFell|oh shit the mythical switch
|
|t:|1760341840
|move|p2a: Gliscor|Protect|p2a: Gliscor
|-singleturn|p2a: Gliscor|Protect
|move|p1a: Bird Up|Bleakwind Storm|p2a: Gliscor
|-activate|p2a: Gliscor|move: Protect
|
|-damage|p1a: Bird Up|82/100 tox|[from] psn
|upkeep
|turn|100
|c|☆Bulba300|no knock
|c|☆EsperFell|true
|
|t:|1760341849
|move|p2a: Gliscor|Protect||[still]
|-fail|p2a: Gliscor
|move|p1a: Bird Up|Bleakwind Storm|p2a: Gliscor
|-damage|p2a: Gliscor|70/100 tox
|
|-damage|p1a: Bird Up|64/100 tox|[from] psn
|-heal|p2a: Gliscor|82/100 tox|[from] ability: Poison Heal
|upkeep
|turn|101
|c|☆EsperFell|shoulda kept 1
|
|t:|1760341858
|move|p2a: Gliscor|Protect|p2a: Gliscor
|-singleturn|p2a: Gliscor|Protect
|move|p1a: Bird Up|U-turn|p2a: Gliscor
|-activate|p2a: Gliscor|move: Protect
|
|-damage|p1a: Bird Up|40/100 tox|[from] psn
|-heal|p2a: Gliscor|95/100 tox|[from] ability: Poison Heal
|upkeep
|turn|102
|
|t:|1760341866
|move|p2a: Gliscor|Protect|p2a: Gliscor
|-singleturn|p2a: Gliscor|Protect
|move|p1a: Bird Up|U-turn|p2a: Gliscor
|-activate|p2a: Gliscor|move: Protect
|
|-damage|p1a: Bird Up|9/100 tox|[from] psn
|-heal|p2a: Gliscor|100/100 tox|[from] ability: Poison Heal
|upkeep
|turn|103
|c|☆EsperFell|ayy double protect
|
|t:|1760341875
|move|p2a: Gliscor|Protect||[still]
|-fail|p2a: Gliscor
|move|p1a: Bird Up|U-turn|p2a: Gliscor
|-resisted|p2a: Gliscor
|-damage|p2a: Gliscor|95/100 tox
|c|☆Bulba300|k
|
|t:|1760341879
|switch|p1a: WolfeGliskor|Gliscor, M, shiny|100/100 tox|[from] U-turn
|-damage|p1a: WolfeGliskor|88/100 tox|[from] Stealth Rock
|
|-heal|p2a: Gliscor|100/100 tox|[from] ability: Poison Heal
|-heal|p1a: WolfeGliskor|100/100 tox|[from] ability: Poison Heal
|upkeep
|turn|104
|
|t:|1760341890
|switch|p1a: Bird Up|Tornadus-Therian, M, shiny|42/100 tox
|move|p2a: Gliscor|Protect||[still]
|-fail|p2a: Gliscor
|
|-damage|p1a: Bird Up|36/100 tox|[from] psn
|upkeep
|turn|105
|c|☆EsperFell|still haven't seen the struggle tho
|c|☆EsperFell|oh boy
|
|t:|1760341905
|switch|p1a: WolfeGliskor|Gliscor, M, shiny|100/100 tox
|-damage|p1a: WolfeGliskor|88/100 tox|[from] Stealth Rock
|move|p2a: Gliscor|Protect||[still]
|-fail|p2a: Gliscor
|
|-heal|p1a: WolfeGliskor|100/100 tox|[from] ability: Poison Heal
|upkeep
|turn|106
|
|t:|1760341917
|switch|p2a: Pecharunt|Pecharunt|99/100
|switch|p1a: Bird Up|Tornadus-Therian, M, shiny|70/100 tox
|
|-damage|p1a: Bird Up|63/100 tox|[from] psn
|upkeep
|turn|107
|c|☆Bulba300|haha
|c|☆EsperFell|slight issue
|c|☆EsperFell|gmm
|
|t:|1760341932
|move|p1a: Bird Up|Knock Off|p2a: Pecharunt
|-supereffective|p2a: Pecharunt
|-damage|p2a: Pecharunt|80/100
|-enditem|p2a: Pecharunt|Heavy-Duty Boots|[from] move: Knock Off|[of] p1a: Bird Up
|move|p2a: Pecharunt|Foul Play|p1a: Bird Up
|-damage|p1a: Bird Up|43/100 tox
|
|-damage|p1a: Bird Up|31/100 tox|[from] psn
|upkeep
|turn|108
|c|☆EsperFell|wel[ I'll figure something out
|
|t:|1760341945
|switch|p1a: WolfeGliskor|Gliscor, M, shiny|100/100 tox
|-damage|p1a: WolfeGliskor|88/100 tox|[from] Stealth Rock
|move|p2a: Pecharunt|Foul Play|p1a: WolfeGliskor
|-damage|p1a: WolfeGliskor|70/100 tox
|
|-heal|p1a: WolfeGliskor|83/100 tox|[from] ability: Poison Heal
|upkeep
|turn|109
|
|t:|1760341959
|move|p1a: WolfeGliskor|Protect|p1a: WolfeGliskor
|-singleturn|p1a: WolfeGliskor|Protect
|move|p2a: Pecharunt|Parting Shot|p1a: WolfeGliskor
|-activate|p1a: WolfeGliskor|move: Protect
|
|-heal|p1a: WolfeGliskor|95/100 tox|[from] ability: Poison Heal
|upkeep
|turn|110
|c|☆EsperFell|we love regenerator
|
|t:|1760341981
|switch|p1a: Bird Up|Tornadus-Therian, M, shiny|64/100 tox
|move|p2a: Pecharunt|Parting Shot|p1a: Bird Up
|-unboost|p1a: Bird Up|atk|1
|-unboost|p1a: Bird Up|spa|1
|
|t:|1760341988
|switch|p2a: Zamazenta|Zamazenta|100/100|[from] Parting Shot
|-damage|p2a: Zamazenta|94/100|[from] Stealth Rock
|-ability|p2a: Zamazenta|Dauntless Shield|boost
|-boost|p2a: Zamazenta|def|1
|
|-heal|p2a: Zamazenta|100/100|[from] item: Leftovers
|-damage|p1a: Bird Up|58/100 tox|[from] psn
|upkeep
|turn|111
|c|☆Bulba300|yes we do
|
|t:|1760342001
|switch|p1a: WolfeGliskor|Gliscor, M, shiny|95/100 tox
|-damage|p1a: WolfeGliskor|83/100 tox|[from] Stealth Rock
|-terastallize|p2a: Zamazenta|Fire
|move|p2a: Zamazenta|Iron Defense|p2a: Zamazenta
|-boost|p2a: Zamazenta|def|2
|
|-heal|p1a: WolfeGliskor|95/100 tox|[from] ability: Poison Heal
|upkeep
|turn|112
|
|t:|1760342012
|move|p2a: Zamazenta|Body Press|p1a: WolfeGliskor
|-resisted|p1a: WolfeGliskor
|-damage|p1a: WolfeGliskor|60/100 tox
|move|p1a: WolfeGliskor|Toxic|p2a: Zamazenta|[miss]
|-miss|p1a: WolfeGliskor|p2a: Zamazenta
|
|-heal|p1a: WolfeGliskor|72/100 tox|[from] ability: Poison Heal
|upkeep
|turn|113
|c|☆EsperFell|oh shit
|
|t:|1760342023
|move|p2a: Zamazenta|Body Press|p1a: WolfeGliskor
|-resisted|p1a: WolfeGliskor
|-damage|p1a: WolfeGliskor|42/100 tox
|move|p1a: WolfeGliskor|Toxic|p2a: Zamazenta
|-status|p2a: Zamazenta|tox
|
|-damage|p2a: Zamazenta|94/100 tox|[from] psn
|-heal|p1a: WolfeGliskor|54/100 tox|[from] ability: Poison Heal
|upkeep
|turn|114
|c|☆Bulba300|lol
|
|t:|1760342032
|move|p1a: WolfeGliskor|Protect|p1a: WolfeGliskor
|-singleturn|p1a: WolfeGliskor|Protect
|move|p2a: Zamazenta|Body Press|p1a: WolfeGliskor
|-activate|p1a: WolfeGliskor|move: Protect
|
|-heal|p2a: Zamazenta|100/100 tox|[from] item: Leftovers
|-damage|p2a: Zamazenta|88/100 tox|[from] psn
|-heal|p1a: WolfeGliskor|67/100 tox|[from] ability: Poison Heal
|upkeep
|turn|115
|c|☆EsperFell|shoula known
|c|☆EsperFell|its fine
|c|☆EsperFell|whateve
|
|t:|1760342043
|move|p1a: WolfeGliskor|Protect||[still]
|-fail|p1a: WolfeGliskor
|move|p2a: Zamazenta|Body Press|p1a: WolfeGliskor
|-resisted|p1a: WolfeGliskor
|-damage|p1a: WolfeGliskor|33/100 tox
|
|-heal|p2a: Zamazenta|94/100 tox|[from] item: Leftovers
|-damage|p2a: Zamazenta|76/100 tox|[from] psn
|-heal|p1a: WolfeGliskor|46/100 tox|[from] ability: Poison Heal
|upkeep
|turn|116
|
|t:|1760342056
|move|p1a: WolfeGliskor|Protect|p1a: WolfeGliskor
|-singleturn|p1a: WolfeGliskor|Protect
|move|p2a: Zamazenta|Iron Defense|p2a: Zamazenta
|-boost|p2a: Zamazenta|def|2
|
|-heal|p2a: Zamazenta|82/100 tox|[from] item: Leftovers
|-damage|p2a: Zamazenta|57/100 tox|[from] psn
|-heal|p1a: WolfeGliskor|58/100 tox|[from] ability: Poison Heal
|upkeep
|turn|117
|c|☆EsperFell|maybe this time who knows
|
|t:|1760342072
|move|p1a: WolfeGliskor|Protect|p1a: WolfeGliskor
|-singleturn|p1a: WolfeGliskor|Protect
|move|p2a: Zamazenta|Body Press|p1a: WolfeGliskor
|-activate|p1a: WolfeGliskor|move: Protect
|
|-heal|p2a: Zamazenta|63/100 tox|[from] item: Leftovers
|-damage|p2a: Zamazenta|32/100 tox|[from] psn
|-heal|p1a: WolfeGliskor|71/100 tox|[from] ability: Poison Heal
|upkeep
|turn|118
|c|☆EsperFell|fuck
|
|t:|1760342082
|move|p1a: WolfeGliskor|Protect||[still]
|-fail|p1a: WolfeGliskor
|move|p2a: Zamazenta|Body Press|p1a: WolfeGliskor
|-resisted|p1a: WolfeGliskor
|-damage|p1a: WolfeGliskor|27/100 tox
|
|-heal|p2a: Zamazenta|39/100 tox|[from] item: Leftovers
|-damage|p2a: Zamazenta|2/100 tox|[from] psn
|-heal|p1a: WolfeGliskor|40/100 tox|[from] ability: Poison Heal
|upkeep
|turn|119
|c|☆EsperFell|i probably lose this lol
|c|☆Bulba300|maybe
|c|☆Bulba300|im trying
|c|☆EsperFell|i shoulda keptbeing patient
|c|☆EsperFell|but regenerator is annoying
|c|☆Bulba300|yes it is
|
|t:|1760342126
|move|p1a: WolfeGliskor|Protect|p1a: WolfeGliskor
|-singleturn|p1a: WolfeGliskor|Protect
|move|p2a: Zamazenta|Roar|p1a: WolfeGliskor
|drag|p1a: Bird Up|Tornadus-Therian, M, shiny|91/100 tox
|
|-heal|p2a: Zamazenta|8/100 tox|[from] item: Leftovers
|-damage|p2a: Zamazenta|0 fnt|[from] psn
|faint|p2a: Zamazenta
|-damage|p1a: Bird Up|85/100 tox|[from] psn
|upkeep
|
|t:|1760342137
|switch|p2a: Pecharunt|Pecharunt|80/100
|-damage|p2a: Pecharunt|68/100|[from] Stealth Rock
|turn|120
|
|t:|1760342148
|move|p1a: Bird Up|Bleakwind Storm|p2a: Pecharunt
|-damage|p2a: Pecharunt|31/100
|-unboost|p2a: Pecharunt|spe|1
|move|p2a: Pecharunt|Foul Play|p1a: Bird Up
|-damage|p1a: Bird Up|63/100 tox
|
|-damage|p1a: Bird Up|50/100 tox|[from] psn
|upkeep
|turn|121
|
|t:|1760342160
|move|p1a: Bird Up|Bleakwind Storm|p2a: Pecharunt
|-damage|p2a: Pecharunt|0 fnt
|faint|p2a: Pecharunt
|
|-damage|p1a: Bird Up|32/100 tox|[from] psn
|upkeep
|c|☆EsperFell|oof shoulda clicked different
|c|☆EsperFell|and been patient
|c|☆EsperFell|welp
|c|☆EsperFell|good games pate
|c|☆EsperFell|mate*
|
|t:|1760342175
|switch|p2a: Gliscor|Gliscor, F|100/100 tox
|-damage|p2a: Gliscor|88/100 tox|[from] Stealth Rock
|turn|122
|c|☆Bulba300|ggs
|
|t:|1760342182
|switch|p1a: WolfeGliskor|Gliscor, M, shiny|40/100 tox
|-damage|p1a: WolfeGliskor|27/100 tox|[from] Stealth Rock
|move|p2a: Gliscor|Protect||[still]
|-fail|p2a: Gliscor
|
|-heal|p2a: Gliscor|100/100 tox|[from] ability: Poison Heal
|-heal|p1a: WolfeGliskor|40/100 tox|[from] ability: Poison Heal
|upkeep
|turn|123
|c|☆EsperFell|although
|c|☆EsperFell|does toxic scale through swithces?
|c|☆Bulba300|no
|c|☆EsperFell|actually wait
|c|☆EsperFell|I can't kill gliscor anyways
|c|☆EsperFell|ggs
|c|☆Bulba300|ggs
|-message|EsperFell forfeited.
|
|win|Bulba300
|raw|Bulba300's rating: 1158 &rarr; <strong>1181</strong><br />(+23 for winning)
|raw|EsperFell's rating: 1131 &rarr; <strong>1108</strong><br />(-23 for losing)
|l|☆EsperFell
|player|p2|
|c|☆Bulba300|ggs
