|j|☆kenjakuken
|j|☆Dew123
|t:|1760439798
|gametype|singles
|player|p1|kenjakuken|li|1090
|player|p2|Dew123|biker-gen4|1114
|gen|9
|tier|[Gen 9] OU
|rated|
|rule|HP Percentage Mod: HP is shown in percentages
|rule|Endless Battle Clause: Forcing endless battles is banned
|rule|Species Clause: Limit one of each Pokémon
|rule|OHKO Clause: OHKO moves are banned
|rule|Evasion Items Clause: Evasion items are banned
|rule|Evasion Moves Clause: Evasion moves are banned
|rule|Evasion Abilities Clause: Evasion abilities are banned
|rule|Sleep Moves Clause: Sleep-inducing moves are banned
|clearpoke
|poke|p1|Toxapex, M|
|poke|p1|Mimikyu, M|
|poke|p1|Cramorant, M|
|poke|p1|Kingambit, M|
|poke|p1|Oricorio-Pom-Pom, M|
|poke|p1|Morpeko, M|
|poke|p2|Feraligatr, M|
|poke|p2|Chesnaught, F|
|poke|p2|Chandelure, F|
|poke|p2|Excadrill, F|
|poke|p2|Malamar, M|
|poke|p2|Clefable, F|
|teampreview
|inactive|Battle timer is ON: inactive players will automatically lose when time's up. (requested by Dew123)
|
|t:|1760439805
|teamsize|p1|6
|teamsize|p2|6
|start
|switch|p1a: Coco|Oricorio-Pom-Pom, M|100/100
|switch|p2a: MegaFeraligatr|Feraligatr, M|100/100
|turn|1
|
|t:|1760439817
|-terastallize|p2a: MegaFeraligatr|Dragon
|move|p1a: Coco|Quiver Dance|p1a: Coco
|-boost|p1a: Coco|spa|1
|-boost|p1a: Coco|spd|1
|-boost|p1a: Coco|spe|1
|move|p2a: MegaFeraligatr|Dragon Dance|p2a: MegaFeraligatr
|-boost|p2a: MegaFeraligatr|atk|1
|-boost|p2a: MegaFeraligatr|spe|1
|-activate|p1a: Coco|ability: Dancer
|move|p1a: Coco|Dragon Dance|p1a: Coco|[from] ability: Dancer
|-boost|p1a: Coco|atk|1
|-boost|p1a: Coco|spe|1
|
|upkeep
|turn|2
|
|t:|1760439835
|move|p1a: Coco|Quiver Dance|p1a: Coco
|-boost|p1a: Coco|spa|1
|-boost|p1a: Coco|spd|1
|-boost|p1a: Coco|spe|1
|move|p2a: MegaFeraligatr|Ice Punch|p1a: Coco
|-supereffective|p1a: Coco
|-damage|p1a: Coco|0 fnt
|faint|p1a: Coco
|
|upkeep
|
|t:|1760439849
|switch|p1a: What are you|Cramorant, M|100/100
|turn|3
|
|t:|1760439855
|move|p2a: MegaFeraligatr|Outrage|p1a: What are you
|-damage|p1a: What are you|0 fnt
|-damage|p2a: MegaFeraligatr|84/100|[from] item: Rocky Helmet|[of] p1a: What are you
|faint|p1a: What are you
|-damage|p2a: MegaFeraligatr|74/100|[from] item: Life Orb
|
|upkeep
|
|t:|1760439864
|switch|p1a: Mimi|Mimikyu, M|100/100
|turn|4
|
|t:|1760439867
|move|p2a: MegaFeraligatr|Outrage|p1a: Mimi|[from] lockedmove
|-immune|p1a: Mimi
|move|p1a: Mimi|Play Rough|p2a: MegaFeraligatr
|-supereffective|p2a: MegaFeraligatr
|-damage|p2a: MegaFeraligatr|0 fnt
|faint|p2a: MegaFeraligatr
|
|upkeep
|
|t:|1760439869
|switch|p2a: MegaExcadrill|Excadrill, F|100/100
|-ability|p2a: MegaExcadrill|Mold Breaker
|turn|5
|
|t:|1760439892
|move|p1a: Mimi|Swords Dance|p1a: Mimi
|-boost|p1a: Mimi|atk|2
|move|p2a: MegaExcadrill|Iron Head|p1a: Mimi
|-supereffective|p1a: Mimi
|-damage|p1a: Mimi|0 fnt
|faint|p1a: Mimi
|
|upkeep
|inactive|kenjakuken has 120 seconds left.
|
|t:|1760439908
|switch|p1a: Peko|Morpeko, M|100/100
|turn|6
|
|t:|1760439914
|move|p1a: Peko|Fire Fang|p2a: MegaExcadrill
|-supereffective|p2a: MegaExcadrill
|-damage|p2a: MegaExcadrill|52/100
|move|p2a: MegaExcadrill|Rapid Spin|p1a: Peko
|-damage|p1a: Peko|64/100
|-boost|p2a: MegaExcadrill|spe|1
|
|-formechange|p1a: Peko|Morpeko-Hangry||[from] ability: Hunger Switch
|upkeep
|turn|7
|
|t:|1760439926
|move|p2a: MegaExcadrill|Earthquake|p1a: Peko
|-supereffective|p1a: Peko
|-damage|p1a: Peko|0 fnt
|faint|p1a: Peko
|
|upkeep
|
|t:|1760439932
|switch|p1a: Spike|Toxapex, M|100/100
|turn|8
|
|t:|1760439938
|move|p2a: MegaExcadrill|Swords Dance|p2a: MegaExcadrill
|-boost|p2a: MegaExcadrill|atk|2
|move|p1a: Spike|Gunk Shot|p2a: MegaExcadrill
|-immune|p2a: MegaExcadrill
|
|upkeep
|turn|9
|
|t:|1760439946
|move|p2a: MegaExcadrill|Earthquake|p1a: Spike
|-supereffective|p1a: Spike
|-damage|p1a: Spike|0 fnt
|faint|p1a: Spike
|
|upkeep
|
|t:|1760439952
|switch|p1a: Sukuna|Kingambit, M|100/100
|-activate|p1a: Sukuna|ability: Supreme Overlord
|-start|p1a: Sukuna|fallen5|[silent]
|turn|10
|
|t:|1760439956
|move|p1a: Sukuna|Sucker Punch|p2a: MegaExcadrill
|-damage|p2a: MegaExcadrill|0 fnt
|faint|p2a: MegaExcadrill
|
|upkeep
|
|t:|1760439959
|switch|p2a: MegaClefable|Clefable, F|100/100
|turn|11
|
|t:|1760439973
|switch|p2a: MegaChesnaught|Chesnaught, F|100/100
|move|p1a: Sukuna|Kowtow Cleave|p2a: MegaChesnaught
|-resisted|p2a: MegaChesnaught
|-damage|p2a: MegaChesnaught|70/100
|
|-heal|p2a: MegaChesnaught|76/100|[from] item: Leftovers
|upkeep
|turn|12
|
|t:|1760439990
|-terastallize|p1a: Sukuna|Flying
|move|p1a: Sukuna|Sucker Punch||[still]
|-fail|p1a: Sukuna
|move|p2a: MegaChesnaught|Leech Seed|p1a: Sukuna
|-start|p1a: Sukuna|move: Leech Seed
|
|-heal|p2a: MegaChesnaught|82/100|[from] item: Leftovers
|-damage|p1a: Sukuna|88/100|[from] Leech Seed|[of] p2a: MegaChesnaught
|-heal|p2a: MegaChesnaught|98/100|[silent]
|upkeep
|turn|13
|
|t:|1760440000
|move|p2a: MegaChesnaught|Spiky Shield|p2a: MegaChesnaught
|-singleturn|p2a: MegaChesnaught|move: Protect
|move|p1a: Sukuna|Iron Head|p2a: MegaChesnaught
|-activate|p2a: MegaChesnaught|move: Protect
|-damage|p1a: Sukuna|76/100|[from] Spiky Shield|[of] p2a: MegaChesnaught
|
|-heal|p2a: MegaChesnaught|100/100|[from] item: Leftovers
|-damage|p1a: Sukuna|63/100|[from] Leech Seed|[of] p2a: MegaChesnaught
|upkeep
|turn|14
|
|t:|1760440010
|move|p2a: MegaChesnaught|Rock Slide|p1a: Sukuna
|-supereffective|p1a: Sukuna
|-damage|p1a: Sukuna|27/100
|cant|p1a: Sukuna|flinch
|
|-damage|p1a: Sukuna|14/100|[from] Leech Seed|[of] p2a: MegaChesnaught
|upkeep
|turn|15
|
|t:|1760440022
|move|p2a: MegaChesnaught|Spiky Shield|p2a: MegaChesnaught
|-singleturn|p2a: MegaChesnaught|move: Protect
|move|p1a: Sukuna|Sucker Punch||[still]
|-fail|p1a: Sukuna
|
|-damage|p1a: Sukuna|2/100|[from] Leech Seed|[of] p2a: MegaChesnaught
|upkeep
|turn|16
|
|t:|1760440030
|move|p1a: Sukuna|Sucker Punch|p2a: MegaChesnaught
|-resisted|p2a: MegaChesnaught
|-damage|p2a: MegaChesnaught|75/100
|move|p2a: MegaChesnaught|Drain Punch|p1a: Sukuna
|-resisted|p1a: Sukuna
|-damage|p1a: Sukuna|0 fnt
|-heal|p2a: MegaChesnaught|76/100|[from] drain|[of] p1a: Sukuna
|faint|p1a: Sukuna
|-end|p1a: Sukuna|fallen5|[silent]
|
|win|Dew123
|raw|kenjakuken's rating: 1090 &rarr; <strong>1068</strong><br />(-22 for losing)
|raw|Dew123's rating: 1114 &rarr; <strong>1137</strong><br />(+23 for winning)
|l|☆Dew123
|player|p2|
|l|☆kenjakuken
|player|p1|
