|j|‽Ryota Garcia
|j|☆DivineMOA
|t:|1760377829
|gametype|singles
|player|p1|Ryota Garcia|riley|1107
|player|p2|DivineMOA|clown|1094
|gen|9
|tier|[Gen 9] OU
|rated|
|rule|HP Percentage Mod: HP is shown in percentages
|rule|Endless Battle Clause: Forcing endless battles is banned
|rule|Species Clause: Limit one of each Pokémon
|rule|OHKO Clause: OHKO moves are banned
|rule|Evasion Items Clause: Evasion items are banned
|rule|Evasion Moves Clause: Evasion moves are banned
|rule|Evasion Abilities Clause: Evasion abilities are banned
|rule|Sleep Moves Clause: Sleep-inducing moves are banned
|clearpoke
|poke|p1|Zapdos|
|poke|p1|Chandelure, F|
|poke|p1|Dondozo, F|
|poke|p1|Excadrill, M|
|poke|p1|Grafaiai, M|
|poke|p1|Toxicroak, M|
|poke|p2|Rillaboom, M|
|poke|p2|Latias, F|
|poke|p2|Alomomola, M|
|poke|p2|Tornadus-Therian, M|
|poke|p2|Darkrai|
|poke|p2|Great Tusk|
|teampreview
|inactive|Battle timer is ON: inactive players will automatically lose when time's up. (requested by Ryota Garcia)
|
|t:|1760377834
|teamsize|p1|6
|teamsize|p2|6
|start
|switch|p1a: Grafaiai|Grafaiai, M, shiny|100/100
|switch|p2a: Tornadus|Tornadus-Therian, M|100/100
|turn|1
|
|t:|1760377842
|move|p1a: Grafaiai|Toxic|p2a: Tornadus
|-status|p2a: Tornadus|tox
|move|p2a: Tornadus|Knock Off|p1a: Grafaiai
|-damage|p1a: Grafaiai|57/100
|-enditem|p1a: Grafaiai|Focus Sash|[from] move: Knock Off|[of] p2a: Tornadus
|
|-damage|p2a: Tornadus|94/100 tox|[from] psn
|upkeep
|turn|2
|
|t:|1760377856
|move|p2a: Tornadus|U-turn|p1a: Grafaiai
|-resisted|p1a: Grafaiai
|-damage|p1a: Grafaiai|43/100
|inactive|DivineMOA has 120 seconds left.
|inactive|DivineMOA has 90 seconds left.
|
|t:|1760377918
|switch|p2a: Alomomola|Alomomola, M|100/100|[from] U-turn
|move|p1a: Grafaiai|Knock Off|p2a: Alomomola
|-damage|p2a: Alomomola|82/100
|-enditem|p2a: Alomomola|Assault Vest|[from] move: Knock Off|[of] p1a: Grafaiai
|
|upkeep
|turn|3
|
|t:|1760377928
|switch|p2a: Tornadus|Tornadus-Therian, M|100/100 tox
|move|p1a: Grafaiai|Toxic|p2a: Tornadus
|-fail|p2a: Tornadus|tox
|
|-damage|p2a: Tornadus|94/100 tox|[from] psn
|upkeep
|turn|4
|
|t:|1760377936
|move|p1a: Grafaiai|Parting Shot|p2a: Tornadus
|-unboost|p2a: Tornadus|atk|1
|-unboost|p2a: Tornadus|spa|1
|
|t:|1760377943
|switch|p1a: Dondozo|Dondozo, F, shiny|100/100|[from] Parting Shot
|move|p2a: Tornadus|Bleakwind Storm|p1a: Dondozo|[miss]
|-miss|p2a: Tornadus|p1a: Dondozo
|
|-damage|p2a: Tornadus|82/100 tox|[from] psn
|upkeep
|turn|5
|
|t:|1760377953
|move|p2a: Tornadus|U-turn|p1a: Dondozo
|-damage|p1a: Dondozo|92/100
|
|t:|1760377959
|switch|p2a: Alomomola|Alomomola, M|100/100|[from] U-turn
|move|p1a: Dondozo|Curse|p1a: Dondozo
|-unboost|p1a: Dondozo|spe|1
|-boost|p1a: Dondozo|atk|1
|-boost|p1a: Dondozo|def|1
|
|-heal|p1a: Dondozo|98/100|[from] item: Leftovers
|upkeep
|turn|6
|inactive|DivineMOA has 90 seconds left.
|
|t:|1760377989
|move|p2a: Alomomola|Whirlpool|p1a: Dondozo
|-resisted|p1a: Dondozo
|-damage|p1a: Dondozo|96/100
|-activate|p1a: Dondozo|move: Whirlpool|[of] p2a: Alomomola
|move|p1a: Dondozo|Curse|p1a: Dondozo
|-unboost|p1a: Dondozo|spe|1
|-boost|p1a: Dondozo|atk|1
|-boost|p1a: Dondozo|def|1
|
|-heal|p1a: Dondozo|100/100|[from] item: Leftovers
|-damage|p1a: Dondozo|88/100|[from] move: Whirlpool|[partiallytrapped]
|upkeep
|turn|7
|
|t:|1760378001
|move|p2a: Alomomola|Flip Turn|p1a: Dondozo
|-resisted|p1a: Dondozo
|-damage|p1a: Dondozo|86/100
|
|t:|1760378004
|switch|p2a: Darkrai|Darkrai|100/100|[from] Flip Turn
|move|p1a: Dondozo|Curse|p1a: Dondozo
|-unboost|p1a: Dondozo|spe|1
|-boost|p1a: Dondozo|atk|1
|-boost|p1a: Dondozo|def|1
|
|-heal|p1a: Dondozo|92/100|[from] item: Leftovers
|-end|p1a: Dondozo|Whirlpool|[partiallytrapped]|[silent]
|upkeep
|turn|8
|
|t:|1760378018
|move|p2a: Darkrai|Trick|p1a: Dondozo
|-activate|p2a: Darkrai|move: Trick|[of] p1a: Dondozo
|-item|p1a: Dondozo|Choice Specs|[from] move: Trick
|-item|p2a: Darkrai|Leftovers|[from] move: Trick
|move|p1a: Dondozo|Avalanche|p2a: Darkrai
|-damage|p2a: Darkrai|56/100
|
|-heal|p2a: Darkrai|62/100|[from] item: Leftovers
|upkeep
|turn|9
|
|t:|1760378027
|switch|p2a: Alomomola|Alomomola, M|100/100
|move|p1a: Dondozo|Avalanche|p2a: Alomomola
|-resisted|p2a: Alomomola
|-damage|p2a: Alomomola|89/100
|
|upkeep
|turn|10
|inactive|DivineMOA has 120 seconds left.
|
|t:|1760378035
|switch|p1a: Zapdos|Zapdos|100/100
|move|p2a: Alomomola|Whirlpool|p1a: Zapdos
|-damage|p1a: Zapdos|95/100
|-activate|p1a: Zapdos|move: Whirlpool|[of] p2a: Alomomola
|
|-damage|p1a: Zapdos|82/100|[from] move: Whirlpool|[partiallytrapped]
|upkeep
|turn|11
|
|t:|1760378044
|switch|p2a: Great Tusk|Great Tusk|100/100
|move|p1a: Zapdos|Heat Wave|p2a: Great Tusk
|-damage|p2a: Great Tusk|68/100
|-damage|p1a: Zapdos|72/100|[from] item: Life Orb
|
|-end|p1a: Zapdos|Whirlpool|[partiallytrapped]|[silent]
|upkeep
|turn|12
|inactive|DivineMOA has 120 seconds left.
|
|t:|1760378067
|switch|p1a: Dondozo|Dondozo, F, shiny|92/100
|-end|p2a: Great Tusk|Protosynthesis|[silent]
|switch|p2a: Alomomola|Alomomola, M|100/100
|
|upkeep
|turn|13
|inactive|DivineMOA has 120 seconds left.
|
|t:|1760378078
|switch|p1a: Zapdos|Zapdos|72/100
|move|p2a: Alomomola|Whirlpool|p1a: Zapdos|[miss]
|-miss|p2a: Alomomola|p1a: Zapdos
|
|upkeep
|turn|14
|
|t:|1760378089
|move|p1a: Zapdos|Thunderbolt|p2a: Alomomola
|-supereffective|p2a: Alomomola
|-damage|p2a: Alomomola|16/100
|-damage|p1a: Zapdos|62/100|[from] item: Life Orb
|move|p2a: Alomomola|Flip Turn|p1a: Zapdos
|-damage|p1a: Zapdos|47/100
|
|t:|1760378093
|switch|p2a: Darkrai|Darkrai|62/100|[from] Flip Turn
|
|-heal|p2a: Darkrai|68/100|[from] item: Leftovers
|upkeep
|turn|15
|
|t:|1760378108
|switch|p1a: Dondozo|Dondozo, F, shiny|92/100
|move|p2a: Darkrai|Dark Pulse|p1a: Dondozo
|-damage|p1a: Dondozo|64/100
|
|-heal|p2a: Darkrai|74/100|[from] item: Leftovers
|upkeep
|turn|16
|
|t:|1760378119
|switch|p2a: Alomomola|Alomomola, M|49/100
|move|p1a: Dondozo|Avalanche|p2a: Alomomola
|-resisted|p2a: Alomomola
|-damage|p2a: Alomomola|45/100
|
|upkeep
|turn|17
|
|t:|1760378137
|move|p2a: Alomomola|Flip Turn|p1a: Dondozo
|-resisted|p1a: Dondozo
|-damage|p1a: Dondozo|61/100
|
|t:|1760378140
|switch|p2a: Rillaboom|Rillaboom, M|100/100|[from] Flip Turn
|-fieldstart|move: Grassy Terrain|[from] ability: Grassy Surge|[of] p2a: Rillaboom
|move|p1a: Dondozo|Avalanche|p2a: Rillaboom
|-supereffective|p2a: Rillaboom
|-damage|p2a: Rillaboom|70/100
|
|-heal|p2a: Rillaboom|76/100|[from] Grassy Terrain
|-heal|p1a: Dondozo|67/100|[from] Grassy Terrain
|upkeep
|turn|18
|
|t:|1760378166
|move|p2a: Rillaboom|U-turn|p1a: Dondozo
|-damage|p1a: Dondozo|54/100
|
|t:|1760378169
|switch|p2a: Alomomola|Alomomola, M|78/100|[from] U-turn
|move|p1a: Dondozo|Avalanche|p2a: Alomomola
|-resisted|p2a: Alomomola
|-damage|p2a: Alomomola|73/100
|
|-heal|p2a: Alomomola|80/100|[from] Grassy Terrain
|-heal|p1a: Dondozo|60/100|[from] Grassy Terrain
|upkeep
|turn|19
|
|t:|1760378179
|move|p2a: Alomomola|Whirlpool|p1a: Dondozo
|-resisted|p1a: Dondozo
|-damage|p1a: Dondozo|58/100
|-activate|p1a: Dondozo|move: Whirlpool|[of] p2a: Alomomola
|move|p1a: Dondozo|Avalanche|p2a: Alomomola
|-resisted|p2a: Alomomola
|-damage|p2a: Alomomola|70/100
|
|-heal|p2a: Alomomola|76/100|[from] Grassy Terrain
|-heal|p1a: Dondozo|65/100|[from] Grassy Terrain
|-damage|p1a: Dondozo|52/100|[from] move: Whirlpool|[partiallytrapped]
|upkeep
|turn|20
|inactive|Ryota Garcia has 120 seconds left.
|
|t:|1760378209
|move|p2a: Alomomola|Alluring Voice|p1a: Dondozo
|-damage|p1a: Dondozo|46/100
|move|p1a: Dondozo|Avalanche|p2a: Alomomola
|-resisted|p2a: Alomomola
|-damage|p2a: Alomomola|67/100
|
|-heal|p2a: Alomomola|73/100|[from] Grassy Terrain
|-heal|p1a: Dondozo|52/100|[from] Grassy Terrain
|-damage|p1a: Dondozo|40/100|[from] move: Whirlpool|[partiallytrapped]
|upkeep
|turn|21
|inactive|Ryota Garcia has 120 seconds left.
|
|t:|1760378220
|move|p2a: Alomomola|Alluring Voice|p1a: Dondozo
|-damage|p1a: Dondozo|34/100
|move|p1a: Dondozo|Avalanche|p2a: Alomomola
|-resisted|p2a: Alomomola
|-crit|p2a: Alomomola
|-damage|p2a: Alomomola|59/100
|
|-heal|p2a: Alomomola|65/100|[from] Grassy Terrain
|-heal|p1a: Dondozo|40/100|[from] Grassy Terrain
|-damage|p1a: Dondozo|28/100|[from] move: Whirlpool|[partiallytrapped]
|-fieldend|move: Grassy Terrain
|upkeep
|turn|22
|inactive|Ryota Garcia has 120 seconds left.
|
|t:|1760378231
|move|p2a: Alomomola|Alluring Voice|p1a: Dondozo
|-damage|p1a: Dondozo|21/100
|move|p1a: Dondozo|Avalanche|p2a: Alomomola
|-resisted|p2a: Alomomola
|-damage|p2a: Alomomola|55/100
|
|-damage|p1a: Dondozo|8/100|[from] move: Whirlpool|[partiallytrapped]
|upkeep
|turn|23
|inactive|Ryota Garcia has 120 seconds left.
|
|t:|1760378245
|move|p2a: Alomomola|Alluring Voice|p1a: Dondozo
|-damage|p1a: Dondozo|2/100
|move|p1a: Dondozo|Avalanche|p2a: Alomomola
|-resisted|p2a: Alomomola
|-damage|p2a: Alomomola|46/100
|
|-end|p1a: Dondozo|Whirlpool|[partiallytrapped]
|upkeep
|turn|24
|inactive|Ryota Garcia has 120 seconds left.
|
|t:|1760378265
|switch|p1a: Zapdos|Zapdos|47/100
|move|p2a: Alomomola|Flip Turn|p1a: Zapdos
|-damage|p1a: Zapdos|30/100
|-status|p2a: Alomomola|par|[from] ability: Static|[of] p1a: Zapdos
|
|t:|1760378277
|switch|p2a: Darkrai|Darkrai|74/100|[from] Flip Turn
|
|-heal|p2a: Darkrai|80/100|[from] item: Leftovers
|upkeep
|turn|25
|
|t:|1760378284
|move|p2a: Darkrai|Dark Pulse|p1a: Zapdos
|-damage|p1a: Zapdos|0 fnt
|faint|p1a: Zapdos
|
|-heal|p2a: Darkrai|86/100|[from] item: Leftovers
|upkeep
|
|t:|1760378291
|switch|p1a: Toxicroak|Toxicroak, M|100/100
|turn|26
|
|t:|1760378302
|switch|p2a: Tornadus|Tornadus-Therian, M|100/100 tox
|move|p1a: Toxicroak|Ice Punch|p2a: Tornadus
|-supereffective|p2a: Tornadus
|-damage|p2a: Tornadus|55/100 tox
|
|-damage|p2a: Tornadus|49/100 tox|[from] psn
|upkeep
|turn|27
|
|t:|1760378310
|move|p1a: Toxicroak|Protect|p1a: Toxicroak
|-singleturn|p1a: Toxicroak|Protect
|move|p2a: Tornadus|Bleakwind Storm|p1a: Toxicroak
|-activate|p1a: Toxicroak|move: Protect
|
|-damage|p2a: Tornadus|37/100 tox|[from] psn
|upkeep
|turn|28
|
|t:|1760378327
|switch|p1a: Chandelure|Chandelure, F|100/100
|move|p2a: Tornadus|Bleakwind Storm|p1a: Chandelure|[miss]
|-miss|p2a: Tornadus|p1a: Chandelure
|
|-damage|p2a: Tornadus|18/100 tox|[from] psn
|upkeep
|turn|29
|
|t:|1760378339
|move|p2a: Tornadus|Knock Off|p1a: Chandelure
|-supereffective|p1a: Chandelure
|-damage|p1a: Chandelure|63/100
|-enditem|p1a: Chandelure|Weakness Policy
|-boost|p1a: Chandelure|atk|2|[from] item: Weakness Policy
|-boost|p1a: Chandelure|spa|2|[from] item: Weakness Policy
|move|p1a: Chandelure|Trick Room|p1a: Chandelure
|-fieldstart|move: Trick Room|[of] p1a: Chandelure
|
|-damage|p2a: Tornadus|0 fnt|[from] psn
|faint|p2a: Tornadus
|upkeep
|
|t:|1760378346
|switch|p2a: Alomomola|Alomomola, M|79/100 par
|turn|30
|
|t:|1760378352
|-terastallize|p1a: Chandelure|Grass
|move|p1a: Chandelure|Energy Ball|p2a: Alomomola
|-supereffective|p2a: Alomomola
|-damage|p2a: Alomomola|0 fnt
|faint|p2a: Alomomola
|
|upkeep
|inactive|DivineMOA has 120 seconds left.
|
|t:|1760378386
|switch|p2a: Darkrai|Darkrai|86/100
|turn|31
|
|t:|1760378392
|move|p1a: Chandelure|Flamethrower|p2a: Darkrai
|-damage|p2a: Darkrai|0 fnt
|faint|p2a: Darkrai
|
|upkeep
|
|t:|1760378401
|switch|p2a: Rillaboom|Rillaboom, M|76/100
|-fieldstart|move: Grassy Terrain|[from] ability: Grassy Surge|[of] p2a: Rillaboom
|turn|32
|
|t:|1760378406
|switch|p2a: Latias|Latias, F, shiny|100/100
|-enditem|p2a: Latias|Grassy Seed
|-boost|p2a: Latias|def|1|[from] item: Grassy Seed
|move|p1a: Chandelure|Flamethrower|p2a: Latias
|-resisted|p2a: Latias
|-damage|p2a: Latias|66/100
|
|-heal|p1a: Chandelure|69/100|[from] Grassy Terrain
|upkeep
|turn|33
|inactive|DivineMOA has 120 seconds left.
|
|t:|1760378466
|switch|p2a: Rillaboom|Rillaboom, M|76/100
|move|p1a: Chandelure|Hex|p2a: Rillaboom
|-crit|p2a: Rillaboom
|-damage|p2a: Rillaboom|0 fnt
|faint|p2a: Rillaboom
|
|-heal|p1a: Chandelure|75/100|[from] Grassy Terrain
|-fieldend|move: Trick Room
|upkeep
|inactive|DivineMOA has 90 seconds left.
|-message|DivineMOA forfeited.
|
|win|Ryota Garcia
|raw|Ryota Garcia's rating: 1107 &rarr; <strong>1132</strong><br />(+25 for winning)
|raw|DivineMOA's rating: 1113 &rarr; <strong>1088</strong><br />(-25 for losing)
|l|☆DivineMOA
|player|p2|
