|j|☆3r34t45
|j|☆Imurdadwithmilk
|t:|1760448001
|gametype|singles
|player|p1|3r34t45|169|1304
|player|p2|Imurdadwithmilk|blackbelt-gen4|1270
|gen|9
|tier|[Gen 9] OU
|rated|
|rule|HP Percentage Mod: HP is shown in percentages
|rule|Endless Battle Clause: Forcing endless battles is banned
|rule|Species Clause: Limit one of each Pokémon
|rule|OHKO Clause: OHKO moves are banned
|rule|Evasion Items Clause: Evasion items are banned
|rule|Evasion Moves Clause: Evasion moves are banned
|rule|Evasion Abilities Clause: Evasion abilities are banned
|rule|Sleep Moves Clause: Sleep-inducing moves are banned
|clearpoke
|poke|p1|Greninja-*, M|
|poke|p1|Great Tusk|
|poke|p1|Mew|
|poke|p1|Rotom-Frost|
|poke|p1|Hydrapple, F|
|poke|p1|Slowking-Galar, F|
|poke|p2|Scizor, M|
|poke|p2|Great Tusk|
|poke|p2|Ogerpon-Wellspring, F|
|poke|p2|Raging Bolt|
|poke|p2|Kingambit, M|
|poke|p2|Gholdengo|
|teampreview
|inactive|Battle timer is ON: inactive players will automatically lose when time's up. (requested by 3r34t45)
|inactive|Imurdadwithmilk also wants the timer to be on.
|inactive|Imurdadwithmilk has 120 seconds left.
|
|t:|1760448051
|teamsize|p1|6
|teamsize|p2|6
|start
|switch|p1a: Mew|Mew|100/100
|switch|p2a: Buddy|Ogerpon-Wellspring, F|100/100
|turn|1
|
|t:|1760448055
|move|p2a: Buddy|Knock Off|p1a: Mew
|-supereffective|p1a: Mew
|-damage|p1a: Mew|20/100
|-enditem|p1a: Mew|Leftovers|[from] move: Knock Off|[of] p2a: Buddy
|move|p1a: Mew|Volt Switch|p2a: Buddy
|-damage|p2a: Buddy|78/100
|
|t:|1760448057
|switch|p1a: Hydrapple|Hydrapple, F|100/100|[from] Volt Switch
|
|upkeep
|turn|2
|
|t:|1760448065
|switch|p2a: Striker of Heavens|Raging Bolt|100/100
|move|p1a: Hydrapple|Fickle Beam|p2a: Striker of Heavens
|-supereffective|p2a: Striker of Heavens
|-damage|p2a: Striker of Heavens|26/100
|
|-heal|p2a: Striker of Heavens|33/100|[from] item: Leftovers
|upkeep
|turn|3
|
|t:|1760448070
|switch|p1a: Slowking|Slowking-Galar, F|100/100
|move|p2a: Striker of Heavens|Dragon Pulse|p1a: Slowking
|-damage|p1a: Slowking|73/100
|
|-heal|p2a: Striker of Heavens|39/100|[from] item: Leftovers
|-heal|p1a: Slowking|79/100|[from] item: Leftovers
|upkeep
|turn|4
|
|t:|1760448073
|move|p2a: Striker of Heavens|Substitute|p2a: Striker of Heavens
|-start|p2a: Striker of Heavens|Substitute
|-damage|p2a: Striker of Heavens|14/100
|-prepare|p1a: Slowking|Chilly Reception|[premajor]
|move|p1a: Slowking|Chilly Reception|p1a: Slowking
|-weather|Snowscape
|
|t:|1760448079
|switch|p1a: Rotom|Rotom-Frost|100/100|[from] Chilly Reception
|
|-weather|Snowscape|[upkeep]
|-heal|p2a: Striker of Heavens|20/100|[from] item: Leftovers
|upkeep
|turn|5
|
|t:|1760448083
|move|p1a: Rotom|Blizzard|p2a: Striker of Heavens
|-supereffective|p2a: Striker of Heavens
|-end|p2a: Striker of Heavens|Substitute
|move|p2a: Striker of Heavens|Calm Mind|p2a: Striker of Heavens
|-boost|p2a: Striker of Heavens|spa|1
|-boost|p2a: Striker of Heavens|spd|1
|
|-weather|Snowscape|[upkeep]
|-heal|p2a: Striker of Heavens|26/100|[from] item: Leftovers
|upkeep
|turn|6
|
|t:|1760448090
|-terastallize|p2a: Striker of Heavens|Electric
|move|p2a: Striker of Heavens|Thunderclap|p1a: Rotom
|-resisted|p1a: Rotom
|-damage|p1a: Rotom|40/100
|move|p1a: Rotom|Blizzard|p2a: Striker of Heavens
|-damage|p2a: Striker of Heavens|0 fnt
|faint|p2a: Striker of Heavens
|-end|p2a: Striker of Heavens|Protosynthesis|[silent]
|
|-weather|Snowscape|[upkeep]
|upkeep
|
|t:|1760448097
|switch|p2a: RED DEATH|Scizor, M|100/100
|turn|7
|
|t:|1760448099
|switch|p1a: Great Tusk|Great Tusk|100/100
|move|p2a: RED DEATH|Swords Dance|p2a: RED DEATH
|-boost|p2a: RED DEATH|atk|2
|
|-weather|Snowscape|[upkeep]
|upkeep
|turn|8
|
|t:|1760448103
|move|p1a: Great Tusk|Temper Flare|p2a: RED DEATH
|-supereffective|p2a: RED DEATH
|-damage|p2a: RED DEATH|0 fnt
|faint|p2a: RED DEATH
|
|-weather|none
|upkeep
|
|t:|1760448110
|switch|p2a: Buddy|Ogerpon-Wellspring, F|78/100
|turn|9
|
|t:|1760448113
|-end|p1a: Great Tusk|Protosynthesis|[silent]
|switch|p1a: Hydrapple|Hydrapple, F|100/100
|move|p2a: Buddy|Swords Dance|p2a: Buddy
|-boost|p2a: Buddy|atk|2
|
|upkeep
|turn|10
|
|t:|1760448117
|move|p2a: Buddy|Knock Off|p1a: Hydrapple
|-damage|p1a: Hydrapple|42/100
|-enditem|p1a: Hydrapple|Leftovers|[from] move: Knock Off|[of] p2a: Buddy
|move|p1a: Hydrapple|Giga Drain|p2a: Buddy
|-damage|p2a: Buddy|32/100
|-heal|p1a: Hydrapple|59/100|[from] drain|[of] p2a: Buddy
|
|upkeep
|turn|11
|
|t:|1760448128
|move|p2a: Buddy|Knock Off|p1a: Hydrapple
|-damage|p1a: Hydrapple|22/100
|move|p1a: Hydrapple|Giga Drain|p2a: Buddy
|-damage|p2a: Buddy|0 fnt
|-heal|p1a: Hydrapple|33/100|[from] drain|[of] p2a: Buddy
|faint|p2a: Buddy
|
|upkeep
|
|t:|1760448131
|switch|p2a: Behemoth|Great Tusk|100/100
|turn|12
|
|t:|1760448133
|move|p2a: Behemoth|Stealth Rock|p1a: Hydrapple
|-sidestart|p1: 3r34t45|move: Stealth Rock
|move|p1a: Hydrapple|Giga Drain|p2a: Behemoth
|-supereffective|p2a: Behemoth
|-damage|p2a: Behemoth|0 fnt
|-heal|p1a: Hydrapple|78/100|[from] drain|[of] p2a: Behemoth
|faint|p2a: Behemoth
|-end|p2a: Behemoth|Protosynthesis|[silent]
|
|upkeep
|
|t:|1760448136
|switch|p2a: King CROC|Kingambit, M|100/100
|-activate|p2a: King CROC|ability: Supreme Overlord
|-start|p2a: King CROC|fallen4|[silent]
|turn|13
|
|t:|1760448139
|move|p2a: King CROC|Swords Dance|p2a: King CROC
|-boost|p2a: King CROC|atk|2
|move|p1a: Hydrapple|Earth Power|p2a: King CROC
|-supereffective|p2a: King CROC
|-damage|p2a: King CROC|41/100
|
|-heal|p2a: King CROC|47/100|[from] item: Leftovers
|upkeep
|turn|14
|
|t:|1760448142
|move|p2a: King CROC|Sucker Punch|p1a: Hydrapple
|-crit|p1a: Hydrapple
|-damage|p1a: Hydrapple|0 fnt
|faint|p1a: Hydrapple
|
|-heal|p2a: King CROC|53/100|[from] item: Leftovers
|upkeep
|
|t:|1760448144
|switch|p1a: Great Tusk|Great Tusk|100/100
|-damage|p1a: Great Tusk|98/100|[from] Stealth Rock
|turn|15
|
|t:|1760448148
|-end|p2a: King CROC|fallen4|[silent]
|switch|p2a: Goku|Gholdengo, shiny|100/100
|-item|p2a: Goku|Air Balloon
|move|p1a: Great Tusk|Close Combat|p2a: Goku
|-immune|p2a: Goku
|
|-heal|p1a: Great Tusk|100/100|[from] item: Leftovers
|upkeep
|turn|16
|
|t:|1760448152
|move|p1a: Great Tusk|Temper Flare|p2a: Goku
|-supereffective|p2a: Goku
|-damage|p2a: Goku|0 fnt
|-enditem|p2a: Goku|Air Balloon
|faint|p2a: Goku
|
|upkeep
|-message|Imurdadwithmilk forfeited.
|
|win|3r34t45
|raw|3r34t45's rating: 1304 &rarr; <strong>1322</strong><br />(+18 for winning)
|raw|Imurdadwithmilk's rating: 1270 &rarr; <strong>1247</strong><br />(-23 for losing)
|l|☆Imurdadwithmilk
|player|p2|
|l|☆3r34t45
|player|p1|
