|j|☆gyaradosgodz
|j|☆trainerramos97
|t:|1760330174
|gametype|singles
|player|p1|gyaradosgodz|juan|1060
|player|p2|trainerramos97|265|1126
|gen|9
|tier|[Gen 9] OU
|rated|
|rule|HP Percentage Mod: HP is shown in percentages
|rule|Endless Battle Clause: Forcing endless battles is banned
|rule|Species Clause: Limit one of each Pokémon
|rule|OHKO Clause: OHKO moves are banned
|rule|Evasion Items Clause: Evasion items are banned
|rule|Evasion Moves Clause: Evasion moves are banned
|rule|Evasion Abilities Clause: Evasion abilities are banned
|rule|Sleep Moves Clause: Sleep-inducing moves are banned
|clearpoke
|poke|p1|Kleavor, F|
|poke|p1|Hatterene, F|
|poke|p1|Indeedee-F, F|
|poke|p1|Swalot, F|
|poke|p1|Quaquaval, F|
|poke|p1|Conkeldurr, F|
|poke|p2|Charizard, F|
|poke|p2|Heatran, F|
|poke|p2|Great Tusk|
|poke|p2|Gholdengo|
|poke|p2|Ninetales, M|
|poke|p2|Pikachu, M|
|teampreview
|inactive|Battle timer is ON: inactive players will automatically lose when time's up. (requested by gyaradosgodz)
|
|t:|1760330184
|teamsize|p1|6
|teamsize|p2|6
|start
|switch|p1a: Kleavor|Kleavor, F|100/100
|switch|p2a: Pikachu|Pikachu, M|100/100
|turn|1
|
|t:|1760330189
|move|p1a: Kleavor|Stone Axe|p2a: Pikachu
|-enditem|p2a: Pikachu|Focus Sash
|-damage|p2a: Pikachu|1/100
|-status|p1a: Kleavor|par|[from] ability: Static|[of] p2a: Pikachu
|-sidestart|p2: trainerramos97|move: Stealth Rock
|move|p2a: Pikachu|Nuzzle|p1a: Kleavor
|-damage|p1a: Kleavor|95/100 par
|
|upkeep
|turn|2
|
|t:|1760330198
|move|p2a: Pikachu|Knock Off|p1a: Kleavor
|-damage|p1a: Kleavor|79/100 par
|-enditem|p1a: Kleavor|Choice Scarf|[from] move: Knock Off|[of] p2a: Pikachu
|move|p1a: Kleavor|Stone Axe|p2a: Pikachu
|-crit|p2a: Pikachu
|-damage|p2a: Pikachu|0 fnt
|faint|p2a: Pikachu
|
|upkeep
|
|t:|1760330203
|switch|p2a: Great Tusk|Great Tusk|100/100
|turn|3
|
|t:|1760330213
|move|p2a: Great Tusk|Rapid Spin|p1a: Kleavor
|-resisted|p1a: Kleavor
|-damage|p1a: Kleavor|67/100 par
|-boost|p2a: Great Tusk|spe|1
|-sideend|p2: trainerramos97|Stealth Rock|[from] move: Rapid Spin|[of] p2a: Great Tusk
|move|p1a: Kleavor|U-turn|p2a: Great Tusk
|-resisted|p2a: Great Tusk
|-damage|p2a: Great Tusk|87/100
|
|t:|1760330218
|switch|p1a: Indeedee|Indeedee-F, F|100/100|[from] U-turn
|-fieldstart|move: Psychic Terrain|[from] ability: Psychic Surge|[of] p1a: Indeedee
|
|upkeep
|turn|4
|
|t:|1760330223
|move|p2a: Great Tusk|Close Combat|p1a: Indeedee
|-damage|p1a: Indeedee|5/100
|-unboost|p2a: Great Tusk|def|1
|-unboost|p2a: Great Tusk|spd|1
|move|p1a: Indeedee|Reflect|p1a: Indeedee
|-sidestart|p1: gyaradosgodz|Reflect
|
|upkeep
|turn|5
|
|t:|1760330228
|move|p2a: Great Tusk|Ice Spinner|p1a: Indeedee
|-damage|p1a: Indeedee|0 fnt
|-fieldend|move: Psychic Terrain
|faint|p1a: Indeedee
|
|upkeep
|
|t:|1760330233
|switch|p1a: Quaquaval|Quaquaval, F|100/100
|turn|6
|
|t:|1760330238
|-end|p2a: Great Tusk|Protosynthesis|[silent]
|switch|p2a: Ninetales|Ninetales, M|100/100
|-weather|SunnyDay|[from] ability: Drought|[of] p2a: Ninetales
|move|p1a: Quaquaval|Aqua Step|p2a: Ninetales
|-supereffective|p2a: Ninetales
|-damage|p2a: Ninetales|42/100
|-boost|p1a: Quaquaval|spe|1
|
|-weather|SunnyDay|[upkeep]
|upkeep
|turn|7
|
|t:|1760330246
|move|p1a: Quaquaval|Aqua Step|p2a: Ninetales
|-supereffective|p2a: Ninetales
|-damage|p2a: Ninetales|0 fnt
|-boost|p1a: Quaquaval|spe|1
|faint|p2a: Ninetales
|-ability|p1a: Quaquaval|Moxie|boost
|-boost|p1a: Quaquaval|atk|1
|
|-weather|SunnyDay|[upkeep]
|upkeep
|
|t:|1760330251
|switch|p2a: Charizard|Charizard, F|100/100
|turn|8
|
|t:|1760330259
|-terastallize|p1a: Quaquaval|Water
|-terastallize|p2a: Charizard|Water
|move|p1a: Quaquaval|Aqua Step|p2a: Charizard
|-resisted|p2a: Charizard
|-crit|p2a: Charizard
|-damage|p2a: Charizard|57/100
|-boost|p1a: Quaquaval|spe|1
|move|p2a: Charizard|Will-O-Wisp|p1a: Quaquaval
|-status|p1a: Quaquaval|brn
|
|-weather|SunnyDay|[upkeep]
|-damage|p2a: Charizard|45/100|[from] ability: Solar Power|[of] p2a: Charizard
|-damage|p1a: Quaquaval|94/100 brn|[from] brn
|upkeep
|turn|9
|
|t:|1760330276
|switch|p2a: Heatran|Heatran, F|100/100
|-item|p2a: Heatran|Air Balloon
|move|p1a: Quaquaval|Close Combat|p2a: Heatran
|-supereffective|p2a: Heatran
|-damage|p2a: Heatran|22/100
|-unboost|p1a: Quaquaval|def|1
|-unboost|p1a: Quaquaval|spd|1
|-enditem|p2a: Heatran|Air Balloon
|
|-weather|SunnyDay|[upkeep]
|-damage|p1a: Quaquaval|88/100 brn|[from] brn
|upkeep
|turn|10
|
|t:|1760330283
|move|p1a: Quaquaval|Aqua Step|p2a: Heatran
|-supereffective|p2a: Heatran
|-damage|p2a: Heatran|0 fnt
|-boost|p1a: Quaquaval|spe|1
|faint|p2a: Heatran
|-ability|p1a: Quaquaval|Moxie|boost
|-boost|p1a: Quaquaval|atk|1
|
|-weather|SunnyDay|[upkeep]
|-damage|p1a: Quaquaval|82/100 brn|[from] brn
|upkeep
|
|t:|1760330290
|switch|p2a: Great Tusk|Great Tusk|87/100
|-activate|p2a: Great Tusk|ability: Protosynthesis
|-start|p2a: Great Tusk|protosynthesisatk
|turn|11
|
|t:|1760330296
|move|p1a: Quaquaval|Aqua Step|p2a: Great Tusk
|-supereffective|p2a: Great Tusk
|-damage|p2a: Great Tusk|45/100
|-boost|p1a: Quaquaval|spe|1
|move|p2a: Great Tusk|Headlong Rush|p1a: Quaquaval
|-damage|p1a: Quaquaval|2/100 brn
|-unboost|p2a: Great Tusk|def|1
|-unboost|p2a: Great Tusk|spd|1
|
|-weather|SunnyDay|[upkeep]
|-damage|p1a: Quaquaval|0 fnt|[from] brn
|faint|p1a: Quaquaval
|-sideend|p1: gyaradosgodz|Reflect
|upkeep
|
|t:|1760330305
|switch|p1a: Hatterene|Hatterene, F|100/100
|turn|12
|
|t:|1760330327
|move|p2a: Great Tusk|Headlong Rush|p1a: Hatterene
|-damage|p1a: Hatterene|1/100
|-unboost|p2a: Great Tusk|def|1
|-unboost|p2a: Great Tusk|spd|1
|move|p1a: Hatterene|Expanding Force|p2a: Great Tusk
|-supereffective|p2a: Great Tusk
|-damage|p2a: Great Tusk|0 fnt
|faint|p2a: Great Tusk
|-end|p2a: Great Tusk|Protosynthesis|[silent]
|-damage|p1a: Hatterene|0 fnt|[from] item: Life Orb
|faint|p1a: Hatterene
|
|-weather|SunnyDay|[upkeep]
|upkeep
|
|t:|1760330336
|switch|p2a: Charizard|Charizard, F, tera:Water|45/100
|switch|p1a: Conkeldurr|Conkeldurr, F|100/100
|turn|13
|
|t:|1760330347
|move|p2a: Charizard|Dragon Dance|p2a: Charizard
|-boost|p2a: Charizard|atk|1
|-boost|p2a: Charizard|spe|1
|move|p1a: Conkeldurr|Dynamic Punch|p2a: Charizard|[miss]
|-miss|p1a: Conkeldurr|p2a: Charizard
|-enditem|p1a: Conkeldurr|Blunder Policy
|-boost|p1a: Conkeldurr|spe|2
|
|-weather|none
|upkeep
|turn|14
|inactive|gyaradosgodz has 120 seconds left.
|
|t:|1760330379
|move|p2a: Charizard|Flare Blitz|p1a: Conkeldurr
|-damage|p1a: Conkeldurr|8/100
|-damage|p2a: Charizard|9/100|[from] Recoil
|-damage|p2a: Charizard|0 fnt|[from] item: Life Orb
|faint|p2a: Charizard
|move|p1a: Conkeldurr|Stomping Tantrum|p2: Charizard|[notarget]
|-fail|p1a: Conkeldurr
|
|upkeep
|
|t:|1760330382
|switch|p2a: Gholdengo|Gholdengo|100/100
|-item|p2a: Gholdengo|Air Balloon
|turn|15
|
|t:|1760330390
|move|p1a: Conkeldurr|Stomping Tantrum|p2a: Gholdengo
|-immune|p2a: Gholdengo
|move|p2a: Gholdengo|Dazzling Gleam|p1a: Conkeldurr
|-supereffective|p1a: Conkeldurr
|-damage|p1a: Conkeldurr|0 fnt
|faint|p1a: Conkeldurr
|
|upkeep
|
|t:|1760330397
|switch|p1a: Kleavor|Kleavor, F|67/100 par
|turn|16
|
|t:|1760330403
|move|p2a: Gholdengo|Nasty Plot|p2a: Gholdengo
|-boost|p2a: Gholdengo|spa|2
|move|p1a: Kleavor|U-turn|p2a: Gholdengo
|-resisted|p2a: Gholdengo
|-damage|p2a: Gholdengo|90/100
|-enditem|p2a: Gholdengo|Air Balloon
|
|t:|1760330408
|switch|p1a: Swalot|Swalot, F|100/100|[from] U-turn
|
|upkeep
|turn|17
|-message|gyaradosgodz forfeited.
|
|win|trainerramos97
|raw|gyaradosgodz's rating: 1060 &rarr; <strong>1045</strong><br />(-15 for losing)
|raw|trainerramos97's rating: 1126 &rarr; <strong>1146</strong><br />(+20 for winning)
|l|☆gyaradosgodz
|player|p1|
|l|☆trainerramos97
|player|p2|
