|j|☆ChessDennis
|j|☆NoFishNoLife
|t:|1760416487
|gametype|singles
|player|p1|ChessDennis|2|1264
|player|p2|NoFishNoLife|fisherman-gen4|1199
|gen|9
|tier|[Gen 9] OU
|rated|
|rule|HP Percentage Mod: HP is shown in percentages
|rule|Endless Battle Clause: Forcing endless battles is banned
|rule|Species Clause: Limit one of each Pokémon
|rule|OHKO Clause: OHKO moves are banned
|rule|Evasion Items Clause: Evasion items are banned
|rule|Evasion Moves Clause: Evasion moves are banned
|rule|Evasion Abilities Clause: Evasion abilities are banned
|rule|Sleep Moves Clause: Sleep-inducing moves are banned
|clearpoke
|poke|p1|Walking Wake|
|poke|p1|Thundurus-Therian, M|
|poke|p1|Amoonguss, M|
|poke|p1|Ninetales-Alola, F|
|poke|p1|Cinderace, M|
|poke|p1|Garchomp, F|
|poke|p2|Volcanion|
|poke|p2|Rabsca, F|
|poke|p2|Ditto|
|poke|p2|Clefable, M|
|poke|p2|Hoopa-Unbound|
|poke|p2|Cloyster, M|
|teampreview
|
|t:|1760416511
|teamsize|p1|6
|teamsize|p2|6
|start
|switch|p1a: Ninetales|Ninetales-Alola, F|100/100
|switch|p2a: Fish|Volcanion|100/100
|-weather|Snowscape|[from] ability: Snow Warning|[of] p1a: Ninetales
|turn|1
|
|t:|1760416516
|move|p1a: Ninetales|Aurora Veil|p1a: Ninetales
|-sidestart|p1: ChessDennis|move: Aurora Veil
|move|p2a: Fish|Fire Blast|p1a: Ninetales
|-supereffective|p1a: Ninetales
|-damage|p1a: Ninetales|33/100
|
|-weather|Snowscape|[upkeep]
|upkeep
|turn|2
|
|t:|1760416524
|switch|p1a: Garchomp|Garchomp, F|100/100
|move|p2a: Fish|Steam Eruption|p1a: Garchomp
|-damage|p1a: Garchomp|73/100
|
|-weather|Snowscape|[upkeep]
|upkeep
|turn|3
|
|t:|1760416532
|move|p1a: Garchomp|Swords Dance|p1a: Garchomp
|-boost|p1a: Garchomp|atk|2
|move|p2a: Fish|Steam Eruption|p1a: Garchomp
|-damage|p1a: Garchomp|48/100
|-status|p1a: Garchomp|brn
|
|-weather|Snowscape|[upkeep]
|-damage|p1a: Garchomp|42/100 brn|[from] brn
|upkeep
|turn|4
|
|t:|1760416536
|move|p1a: Garchomp|Spikes|p2a: Fish
|-sidestart|p2: NoFishNoLife|Spikes
|move|p2a: Fish|Steam Eruption|p1a: Garchomp
|-damage|p1a: Garchomp|17/100 brn
|
|-weather|Snowscape|[upkeep]
|-damage|p1a: Garchomp|11/100 brn|[from] brn
|upkeep
|turn|5
|
|t:|1760416540
|move|p1a: Garchomp|Scale Shot|p2a: Fish
|-damage|p2a: Fish|92/100
|-damage|p2a: Fish|83/100
|-damage|p2a: Fish|75/100
|-damage|p2a: Fish|67/100
|-damage|p2a: Fish|57/100
|-hitcount|p2a: Fish|5
|-unboost|p1a: Garchomp|def|1
|-boost|p1a: Garchomp|spe|1
|move|p2a: Fish|Fire Blast|p1a: Garchomp
|-resisted|p1a: Garchomp
|-damage|p1a: Garchomp|0 fnt
|faint|p1a: Garchomp
|
|-weather|none
|-sideend|p1: ChessDennis|move: Aurora Veil
|upkeep
|
|t:|1760416544
|switch|p1a: Thundurus|Thundurus-Therian, M|100/100
|turn|6
|
|t:|1760416550
|move|p1a: Thundurus|Volt Switch|p2a: Fish
|-supereffective|p2a: Fish
|-damage|p2a: Fish|0 fnt
|faint|p2a: Fish
|
|t:|1760416552
|switch|p1a: Ninetales|Ninetales-Alola, F|33/100|[from] Volt Switch
|-weather|Snowscape|[from] ability: Snow Warning|[of] p1a: Ninetales
|
|-weather|Snowscape|[upkeep]
|upkeep
|inactive|Battle timer is ON: inactive players will automatically lose when time's up. (requested by NoFishNoLife)
|
|t:|1760416569
|switch|p2a: Cloyster|Cloyster, M|100/100
|-damage|p2a: Cloyster|88/100|[from] Spikes
|turn|7
|
|t:|1760416574
|move|p1a: Ninetales|Moonblast|p2a: Cloyster
|-crit|p2a: Cloyster
|-damage|p2a: Cloyster|0 fnt
|faint|p2a: Cloyster
|
|-weather|Snowscape|[upkeep]
|upkeep
|
|t:|1760416583
|switch|p2a: Blessiy|Clefable, M, shiny|100/100
|turn|8
|
|t:|1760416588
|switch|p1a: Amoonguss|Amoonguss, M|100/100
|move|p2a: Blessiy|Cosmic Power|p2a: Blessiy
|-boost|p2a: Blessiy|def|1
|-boost|p2a: Blessiy|spd|1
|
|-weather|Snowscape|[upkeep]
|upkeep
|turn|9
|
|t:|1760416592
|move|p2a: Blessiy|Cosmic Power|p2a: Blessiy
|-boost|p2a: Blessiy|def|1
|-boost|p2a: Blessiy|spd|1
|move|p1a: Amoonguss|Sludge Bomb|p2a: Blessiy
|-supereffective|p2a: Blessiy
|-damage|p2a: Blessiy|56/100
|-damage|p1a: Amoonguss|91/100|[from] item: Life Orb
|
|-weather|Snowscape|[upkeep]
|-heal|p2a: Blessiy|62/100|[from] item: Leftovers
|upkeep
|turn|10
|
|t:|1760416594
|move|p2a: Blessiy|Cosmic Power|p2a: Blessiy
|-boost|p2a: Blessiy|def|1
|-boost|p2a: Blessiy|spd|1
|move|p1a: Amoonguss|Growth|p1a: Amoonguss
|-boost|p1a: Amoonguss|atk|1
|-boost|p1a: Amoonguss|spa|1
|
|-weather|none
|-heal|p2a: Blessiy|69/100|[from] item: Leftovers
|upkeep
|turn|11
|
|t:|1760416601
|move|p2a: Blessiy|Moonlight|p2a: Blessiy
|-heal|p2a: Blessiy|100/100
|move|p1a: Amoonguss|Sludge Bomb|p2a: Blessiy
|-supereffective|p2a: Blessiy
|-damage|p2a: Blessiy|52/100
|-damage|p1a: Amoonguss|81/100|[from] item: Life Orb
|
|-heal|p2a: Blessiy|59/100|[from] item: Leftovers
|upkeep
|turn|12
|
|t:|1760416615
|-terastallize|p2a: Blessiy|Fire
|-terastallize|p1a: Amoonguss|Steel
|move|p2a: Blessiy|Cosmic Power|p2a: Blessiy
|-boost|p2a: Blessiy|def|1
|-boost|p2a: Blessiy|spd|1
|move|p1a: Amoonguss|Sludge Bomb|p2a: Blessiy
|-damage|p2a: Blessiy|38/100
|-damage|p1a: Amoonguss|71/100|[from] item: Life Orb
|
|-heal|p2a: Blessiy|44/100|[from] item: Leftovers
|upkeep
|turn|13
|
|t:|1760416627
|move|p2a: Blessiy|Moonlight|p2a: Blessiy
|-heal|p2a: Blessiy|94/100
|move|p1a: Amoonguss|Growth|p1a: Amoonguss
|-boost|p1a: Amoonguss|atk|1
|-boost|p1a: Amoonguss|spa|1
|
|-heal|p2a: Blessiy|100/100|[from] item: Leftovers
|upkeep
|turn|14
|
|t:|1760416631
|move|p2a: Blessiy|Cosmic Power|p2a: Blessiy
|-boost|p2a: Blessiy|def|1
|-boost|p2a: Blessiy|spd|1
|move|p1a: Amoonguss|Stomping Tantrum|p2a: Blessiy
|-supereffective|p2a: Blessiy
|-damage|p2a: Blessiy|83/100
|-damage|p1a: Amoonguss|61/100|[from] item: Life Orb
|
|-heal|p2a: Blessiy|89/100|[from] item: Leftovers
|upkeep
|turn|15
|
|t:|1760416642
|move|p2a: Blessiy|Cosmic Power|p2a: Blessiy
|-boost|p2a: Blessiy|def|1
|-boost|p2a: Blessiy|spd|1
|move|p1a: Amoonguss|Sludge Bomb|p2a: Blessiy
|-damage|p2a: Blessiy|66/100
|-damage|p1a: Amoonguss|52/100|[from] item: Life Orb
|
|-heal|p2a: Blessiy|72/100|[from] item: Leftovers
|upkeep
|turn|16
|
|t:|1760416645
|move|p2a: Blessiy|Charge Beam|p1a: Amoonguss
|-damage|p1a: Amoonguss|43/100
|-boost|p2a: Blessiy|spa|1
|move|p1a: Amoonguss|Growth|p1a: Amoonguss
|-boost|p1a: Amoonguss|atk|1
|-boost|p1a: Amoonguss|spa|1
|
|-heal|p2a: Blessiy|78/100|[from] item: Leftovers
|upkeep
|turn|17
|
|t:|1760416652
|move|p2a: Blessiy|Charge Beam|p1a: Amoonguss
|-damage|p1a: Amoonguss|29/100
|-boost|p2a: Blessiy|spa|1
|move|p1a: Amoonguss|Sludge Bomb|p2a: Blessiy
|-damage|p2a: Blessiy|50/100
|-damage|p1a: Amoonguss|19/100|[from] item: Life Orb
|
|-heal|p2a: Blessiy|56/100|[from] item: Leftovers
|upkeep
|turn|18
|
|t:|1760416668
|switch|p1a: Thundurus|Thundurus-Therian, M|100/100
|move|p2a: Blessiy|Charge Beam|p1a: Thundurus
|-immune|p1a: Thundurus|[from] ability: Volt Absorb
|
|-heal|p2a: Blessiy|62/100|[from] item: Leftovers
|upkeep
|turn|19
|
|t:|1760416673
|move|p1a: Thundurus|Volt Switch|p2a: Blessiy
|-damage|p2a: Blessiy|52/100
|
|t:|1760416680
|switch|p1a: Ninetales|Ninetales-Alola, F|33/100|[from] Volt Switch
|-weather|Snowscape|[from] ability: Snow Warning|[of] p1a: Ninetales
|move|p2a: Blessiy|Stored Power|p1a: Ninetales
|-damage|p1a: Ninetales|0 fnt
|faint|p1a: Ninetales
|
|-weather|Snowscape|[upkeep]
|-heal|p2a: Blessiy|59/100|[from] item: Leftovers
|upkeep
|
|t:|1760416692
|switch|p1a: Walking Wake|Walking Wake|100/100
|turn|20
|
|t:|1760416695
|move|p1a: Walking Wake|Hydro Steam|p2a: Blessiy
|-supereffective|p2a: Blessiy
|-damage|p2a: Blessiy|36/100
|move|p2a: Blessiy|Stored Power|p1a: Walking Wake
|-damage|p1a: Walking Wake|0 fnt
|faint|p1a: Walking Wake
|-end|p1a: Walking Wake|Protosynthesis|[silent]
|
|-weather|Snowscape|[upkeep]
|-heal|p2a: Blessiy|43/100|[from] item: Leftovers
|upkeep
|
|t:|1760416703
|switch|p1a: Thundurus|Thundurus-Therian, M|100/100
|turn|21
|
|t:|1760416707
|move|p1a: Thundurus|Volt Switch|p2a: Blessiy
|-damage|p2a: Blessiy|33/100
|
|t:|1760416710
|switch|p1a: Cinderace|Cinderace, M|100/100|[from] Volt Switch
|move|p2a: Blessiy|Stored Power|p1a: Cinderace
|-damage|p1a: Cinderace|0 fnt
|faint|p1a: Cinderace
|
|-weather|Snowscape|[upkeep]
|-heal|p2a: Blessiy|39/100|[from] item: Leftovers
|upkeep
|-message|ChessDennis forfeited.
|
|win|NoFishNoLife
|raw|ChessDennis's rating: 1264 &rarr; <strong>1234</strong><br />(-30 for losing)
|raw|NoFishNoLife's rating: 1199 &rarr; <strong>1229</strong><br />(+30 for winning)
|l|☆ChessDennis
|player|p1|
|l|☆NoFishNoLife
|player|p2|
