|j|☆captain9000
|j|☆BradenWoA
|t:|1760329804
|gametype|singles
|player|p1|captain9000|169|1430
|player|p2|BradenWoA|266|1422
|gen|9
|tier|[Gen 9] OU
|rated|
|rule|HP Percentage Mod: HP is shown in percentages
|rule|Endless Battle Clause: Forcing endless battles is banned
|rule|Species Clause: Limit one of each Pokémon
|rule|OHKO Clause: OHKO moves are banned
|rule|Evasion Items Clause: Evasion items are banned
|rule|Evasion Moves Clause: Evasion moves are banned
|rule|Evasion Abilities Clause: Evasion abilities are banned
|rule|Sleep Moves Clause: Sleep-inducing moves are banned
|clearpoke
|poke|p1|Enamorus, F|
|poke|p1|Great Tusk|
|poke|p1|Iron Crown|
|poke|p1|Lokix, M|
|poke|p1|Alomomola, M|
|poke|p1|Pecharunt|
|poke|p2|Dusclops, F|
|poke|p2|Enamorus, F|
|poke|p2|Hoopa-Unbound|
|poke|p2|Iron Hands|
|poke|p2|Iron Valiant|
|poke|p2|Ursaluna, M|
|teampreview
|
|t:|1760329818
|teamsize|p1|6
|teamsize|p2|6
|start
|switch|p1a: Lokix|Lokix, M, shiny|100/100
|switch|p2a: Enamorus|Enamorus, F|100/100
|turn|1
|
|t:|1760329830
|switch|p1a: Iron Crown|Iron Crown|100/100
|move|p2a: Enamorus|Moonblast|p1a: Iron Crown
|-resisted|p1a: Iron Crown
|-damage|p1a: Iron Crown|77/100
|
|upkeep
|turn|2
|
|t:|1760329836
|switch|p2a: Dusclops|Dusclops, F|100/100
|-item|p1a: Iron Crown|Choice Specs|[from] ability: Frisk|[of] p2a: Dusclops
|move|p1a: Iron Crown|Tachyon Cutter|p2a: Dusclops
|-damage|p2a: Dusclops|83/100
|-damage|p2a: Dusclops|65/100
|-hitcount|p2a: Dusclops|2
|
|upkeep
|turn|3
|
|t:|1760329842
|move|p1a: Iron Crown|Tachyon Cutter|p2a: Dusclops
|-damage|p2a: Dusclops|47/100
|-damage|p2a: Dusclops|28/100
|-hitcount|p2a: Dusclops|2
|move|p2a: Dusclops|Trick Room|p2a: Dusclops
|-fieldstart|move: Trick Room|[of] p2a: Dusclops
|
|upkeep
|turn|4
|
|t:|1760329851
|switch|p2a: Hoopa|Hoopa-Unbound|100/100
|move|p1a: Iron Crown|Tachyon Cutter|p2a: Hoopa
|-damage|p2a: Hoopa|68/100
|-damage|p2a: Hoopa|36/100
|-hitcount|p2a: Hoopa|2
|
|upkeep
|turn|5
|
|t:|1760329857
|-end|p1a: Iron Crown|Quark Drive|[silent]
|switch|p1a: Alomomola|Alomomola, M, shiny|100/100
|move|p2a: Hoopa|Dark Pulse|p1a: Alomomola
|-damage|p1a: Alomomola|71/100
|
|upkeep
|turn|6
|
|t:|1760329864
|move|p1a: Alomomola|Flip Turn|p2a: Hoopa
|-damage|p2a: Hoopa|13/100
|
|t:|1760329872
|switch|p1a: Lokix|Lokix, M, shiny|100/100|[from] Flip Turn
|move|p2a: Hoopa|Psychic Noise|p1a: Lokix
|-immune|p1a: Lokix
|
|upkeep
|turn|7
|
|t:|1760329884
|move|p1a: Lokix|First Impression|p2a: Hoopa
|-supereffective|p2a: Hoopa
|-damage|p2a: Hoopa|0 fnt
|faint|p2a: Hoopa
|
|-fieldend|move: Trick Room
|upkeep
|-message|BradenWoA forfeited.
|
|win|captain9000
|raw|captain9000's rating: 1430 &rarr; <strong>1450</strong><br />(+20 for winning)
|raw|BradenWoA's rating: 1422 &rarr; <strong>1402</strong><br />(-20 for losing)
|l|☆BradenWoA
|player|p2|
|l|☆captain9000
|player|p1|
