|j|☆Wrenyu
|j|☆Chopi17
|t:|1760437148
|gametype|singles
|player|p1|Wrenyu|backpackerf|1120
|player|p2|Chopi17|giovanni|1200
|gen|9
|tier|[Gen 9] OU
|rated|
|rule|HP Percentage Mod: HP is shown in percentages
|rule|Endless Battle Clause: Forcing endless battles is banned
|rule|Species Clause: Limit one of each Pokémon
|rule|OHKO Clause: OHKO moves are banned
|rule|Evasion Items Clause: Evasion items are banned
|rule|Evasion Moves Clause: Evasion moves are banned
|rule|Evasion Abilities Clause: Evasion abilities are banned
|rule|Sleep Moves Clause: Sleep-inducing moves are banned
|clearpoke
|poke|p1|Ceruledge, F|
|poke|p1|Greninja-*, M|
|poke|p1|Alomomola, F|
|poke|p1|Goodra-Hisui, F|
|poke|p1|Great Tusk|
|poke|p1|Rotom-Fan|
|poke|p2|Lilligant-Hisui, F|
|poke|p2|Walking Wake|
|poke|p2|Great Tusk|
|poke|p2|Cinderace, M|
|poke|p2|Rotom-Wash|
|poke|p2|Torkoal, F|
|teampreview
|
|t:|1760437171
|teamsize|p1|6
|teamsize|p2|6
|start
|switch|p1a: Greninja|Greninja, M|100/100
|switch|p2a: Cinderace|Cinderace, M|100/100
|turn|1
|
|t:|1760437187
|switch|p2a: Rotom|Rotom-Wash, shiny|100/100
|move|p1a: Greninja|Hydro Pump|p2a: Rotom
|-resisted|p2a: Rotom
|-damage|p2a: Rotom|76/100
|-damage|p1a: Greninja|91/100|[from] item: Life Orb
|
|upkeep
|turn|2
|
|t:|1760437216
|switch|p1a: Rotom|Rotom-Fan|100/100
|move|p2a: Rotom|Trick|p1a: Rotom
|-activate|p2a: Rotom|move: Trick|[of] p1a: Rotom
|-item|p1a: Rotom|Choice Specs|[from] move: Trick
|-item|p2a: Rotom|Leftovers|[from] move: Trick
|
|-heal|p2a: Rotom|82/100|[from] item: Leftovers
|upkeep
|turn|3
|
|t:|1760437230
|move|p2a: Rotom|Volt Switch|p1a: Rotom
|-damage|p1a: Rotom|75/100
|
|t:|1760437234
|switch|p2a: Torkoal|Torkoal, F|100/100|[from] Volt Switch
|-weather|SunnyDay|[from] ability: Drought|[of] p2a: Torkoal
|move|p1a: Rotom|Discharge|p2a: Torkoal
|-crit|p2a: Torkoal
|-damage|p2a: Torkoal|9/100
|
|-weather|SunnyDay|[upkeep]
|upkeep
|turn|4
|
|t:|1760437245
|switch|p2a: Great Tusk|Great Tusk|100/100
|-activate|p2a: Great Tusk|ability: Protosynthesis
|-start|p2a: Great Tusk|protosynthesisatk
|move|p1a: Rotom|Discharge|p2a: Great Tusk
|-immune|p2a: Great Tusk
|
|-weather|SunnyDay|[upkeep]
|upkeep
|turn|5
|
|t:|1760437253
|switch|p1a: Alomomola|Alomomola, F|100/100
|move|p2a: Great Tusk|Ice Spinner|p1a: Alomomola
|-resisted|p1a: Alomomola
|-damage|p1a: Alomomola|91/100
|
|-weather|SunnyDay|[upkeep]
|-heal|p1a: Alomomola|97/100|[from] item: Leftovers
|upkeep
|turn|6
|
|t:|1760437264
|move|p2a: Great Tusk|Knock Off|p1a: Alomomola
|-damage|p1a: Alomomola|72/100
|-enditem|p1a: Alomomola|Leftovers|[from] move: Knock Off|[of] p2a: Great Tusk
|move|p1a: Alomomola|Flip Turn|p2a: Great Tusk
|-supereffective|p2a: Great Tusk
|-damage|p2a: Great Tusk|89/100
|
|t:|1760437271
|switch|p1a: Greninja|Greninja, M|91/100|[from] Flip Turn
|
|-weather|SunnyDay|[upkeep]
|upkeep
|turn|7
|
|t:|1760437291
|-end|p2a: Great Tusk|Protosynthesis|[silent]
|switch|p2a: Rotom|Rotom-Wash, shiny|82/100
|move|p1a: Greninja|Hydro Pump|p2a: Rotom|[miss]
|-miss|p1a: Greninja|p2a: Rotom
|
|-weather|SunnyDay|[upkeep]
|-heal|p2a: Rotom|88/100|[from] item: Leftovers
|upkeep
|turn|8
|
|t:|1760437303
|switch|p1a: Goodra|Goodra-Hisui, F|100/100
|move|p2a: Rotom|Volt Switch|p1a: Goodra
|-resisted|p1a: Goodra
|-damage|p1a: Goodra|95/100
|
|t:|1760437309
|switch|p2a: Great Tusk|Great Tusk|89/100|[from] Volt Switch
|-activate|p2a: Great Tusk|ability: Protosynthesis
|-start|p2a: Great Tusk|protosynthesisatk
|
|-weather|SunnyDay|[upkeep]
|upkeep
|turn|9
|
|t:|1760437322
|switch|p1a: Alomomola|Alomomola, F|100/100
|move|p2a: Great Tusk|Headlong Rush|p1a: Alomomola
|-damage|p1a: Alomomola|56/100
|-unboost|p2a: Great Tusk|def|1
|-unboost|p2a: Great Tusk|spd|1
|-enditem|p2a: Great Tusk|Eject Pack
|
|t:|1760437327
|-end|p2a: Great Tusk|Protosynthesis|[silent]
|switch|p2a: Lilligant|Lilligant-Hisui, F|100/100
|
|-weather|SunnyDay|[upkeep]
|upkeep
|turn|10
|
|t:|1760437346
|switch|p1a: Rotom|Rotom-Fan|75/100
|move|p2a: Lilligant|Solar Blade||[still]
|-prepare|p2a: Lilligant|Solar Blade
|-anim|p2a: Lilligant|Solar Blade|p1a: Rotom
|-resisted|p1a: Rotom
|-damage|p1a: Rotom|51/100
|
|-weather|none
|upkeep
|turn|11
|
|t:|1760437353
|switch|p2a: Torkoal|Torkoal, F|9/100
|-weather|SunnyDay|[from] ability: Drought|[of] p2a: Torkoal
|move|p1a: Rotom|Air Slash|p2a: Torkoal
|-damage|p2a: Torkoal|0 fnt
|faint|p2a: Torkoal
|
|-weather|SunnyDay|[upkeep]
|upkeep
|
|t:|1760437358
|switch|p2a: Great Tusk|Great Tusk|89/100
|-activate|p2a: Great Tusk|ability: Protosynthesis
|-start|p2a: Great Tusk|protosynthesisatk
|turn|12
|
|t:|1760437362
|switch|p1a: Alomomola|Alomomola, F|89/100
|move|p2a: Great Tusk|Ice Spinner|p1a: Alomomola
|-resisted|p1a: Alomomola
|-damage|p1a: Alomomola|80/100
|
|-weather|SunnyDay|[upkeep]
|upkeep
|turn|13
|
|t:|1760437374
|move|p2a: Great Tusk|Close Combat|p1a: Alomomola
|-damage|p1a: Alomomola|33/100
|-unboost|p2a: Great Tusk|def|1
|-unboost|p2a: Great Tusk|spd|1
|move|p1a: Alomomola|Flip Turn|p2a: Great Tusk
|-supereffective|p2a: Great Tusk
|-damage|p2a: Great Tusk|70/100
|
|t:|1760437384
|switch|p1a: Greninja|Greninja, M|91/100|[from] Flip Turn
|
|-weather|SunnyDay|[upkeep]
|upkeep
|turn|14
|
|t:|1760437391
|move|p1a: Greninja|Hydro Pump|p2a: Great Tusk
|-supereffective|p2a: Great Tusk
|-damage|p2a: Great Tusk|0 fnt
|faint|p2a: Great Tusk
|-end|p2a: Great Tusk|Protosynthesis|[silent]
|-ability|p1a: Greninja|Battle Bond|boost
|-boost|p1a: Greninja|atk|1
|-boost|p1a: Greninja|spa|1
|-boost|p1a: Greninja|spe|1
|-activate|p1a: Greninja|ability: Battle Bond
|-damage|p1a: Greninja|81/100|[from] item: Life Orb
|
|-weather|SunnyDay|[upkeep]
|upkeep
|
|t:|1760437394
|switch|p2a: Rotom|Rotom-Wash, shiny|88/100
|turn|15
|
|t:|1760437412
|switch|p1a: Goodra|Goodra-Hisui, F|95/100
|move|p2a: Rotom|Volt Switch|p1a: Goodra
|-resisted|p1a: Goodra
|-damage|p1a: Goodra|90/100
|
|t:|1760437415
|switch|p2a: Cinderace|Cinderace, M|100/100|[from] Volt Switch
|
|-weather|SunnyDay|[upkeep]
|upkeep
|turn|16
|
|t:|1760437428
|-terastallize|p1a: Goodra|Water
|move|p2a: Cinderace|Pyro Ball|p1a: Goodra
|-resisted|p1a: Goodra
|-damage|p1a: Goodra|46/100
|move|p1a: Goodra|Draco Meteor|p2a: Cinderace
|-damage|p2a: Cinderace|17/100
|-unboost|p1a: Goodra|spa|2
|
|-weather|SunnyDay|[upkeep]
|upkeep
|turn|17
|
|t:|1760437436
|switch|p1a: Alomomola|Alomomola, F|67/100
|move|p2a: Cinderace|U-turn|p1a: Alomomola
|-start|p2a: Cinderace|typechange|Bug|[from] ability: Libero
|-damage|p1a: Alomomola|50/100
|
|t:|1760437443
|switch|p2a: Lilligant|Lilligant-Hisui, F|100/100|[from] U-turn
|
|-weather|SunnyDay|[upkeep]
|upkeep
|turn|18
|
|t:|1760437451
|switch|p1a: Rotom|Rotom-Fan|51/100
|move|p2a: Lilligant|Victory Dance|p2a: Lilligant
|-boost|p2a: Lilligant|atk|1
|-boost|p2a: Lilligant|def|1
|-boost|p2a: Lilligant|spe|1
|
|-weather|none
|upkeep
|turn|19
|
|t:|1760437457
|-terastallize|p2a: Lilligant|Ice
|move|p2a: Lilligant|Ice Spinner|p1a: Rotom
|-supereffective|p1a: Rotom
|-damage|p1a: Rotom|0 fnt
|faint|p1a: Rotom
|
|upkeep
|
|t:|1760437462
|switch|p1a: Ceruledge|Ceruledge, F|100/100
|turn|20
|
|t:|1760437491
|switch|p2a: Rotom|Rotom-Wash, shiny|88/100
|move|p1a: Ceruledge|Bitter Blade|p2a: Rotom
|-resisted|p2a: Rotom
|-damage|p2a: Rotom|66/100
|
|-heal|p2a: Rotom|73/100|[from] item: Leftovers
|upkeep
|turn|21
|
|t:|1760437517
|switch|p1a: Goodra|Goodra-Hisui, F, tera:Water|46/100
|move|p2a: Rotom|Volt Switch|p1a: Goodra
|-supereffective|p1a: Goodra
|-damage|p1a: Goodra|24/100
|
|t:|1760437524
|switch|p2a: Cinderace|Cinderace, M|17/100|[from] Volt Switch
|
|upkeep
|turn|22
|
|t:|1760437530
|switch|p1a: Alomomola|Alomomola, F|83/100
|move|p2a: Cinderace|Sucker Punch||[still]
|-fail|p2a: Cinderace
|
|upkeep
|turn|23
|
|t:|1760437535
|move|p2a: Cinderace|U-turn|p1a: Alomomola
|-start|p2a: Cinderace|typechange|Bug|[from] ability: Libero
|-damage|p1a: Alomomola|66/100
|
|t:|1760437538
|switch|p2a: Rotom|Rotom-Wash, shiny|73/100|[from] U-turn
|move|p1a: Alomomola|Scald|p2a: Rotom
|-resisted|p2a: Rotom
|-damage|p2a: Rotom|68/100
|
|-heal|p2a: Rotom|74/100|[from] item: Leftovers
|upkeep
|turn|24
|
|t:|1760437548
|move|p2a: Rotom|Will-O-Wisp|p1a: Alomomola
|-status|p1a: Alomomola|brn
|move|p1a: Alomomola|Wish|p1a: Alomomola
|
|-heal|p2a: Rotom|80/100|[from] item: Leftovers
|-damage|p1a: Alomomola|60/100 brn|[from] brn
|upkeep
|turn|25
|
|t:|1760437556
|move|p2a: Rotom|Volt Switch|p1a: Alomomola
|-supereffective|p1a: Alomomola
|-damage|p1a: Alomomola|1/100 brn
|
|t:|1760437559
|switch|p2a: Cinderace|Cinderace, M|17/100|[from] Volt Switch
|move|p1a: Alomomola|Flip Turn|p2a: Cinderace
|-supereffective|p2a: Cinderace
|-damage|p2a: Cinderace|0 fnt
|faint|p2a: Cinderace
|
|t:|1760437566
|switch|p1a: Goodra|Goodra-Hisui, F, tera:Water|24/100|[from] Flip Turn
|
|-heal|p1a: Goodra|100/100|[from] move: Wish|[wisher] Alomomola
|upkeep
|
|t:|1760437570
|switch|p2a: Rotom|Rotom-Wash, shiny|80/100
|turn|26
|
|t:|1760437575
|move|p2a: Rotom|Volt Switch|p1a: Goodra
|-supereffective|p1a: Goodra
|-damage|p1a: Goodra|77/100
|
|t:|1760437581
|switch|p2a: Lilligant|Lilligant-Hisui, F, tera:Ice|100/100|[from] Volt Switch
|move|p1a: Goodra|Thunderbolt|p2a: Lilligant
|-crit|p2a: Lilligant
|-damage|p2a: Lilligant|39/100
|-enditem|p2a: Lilligant|Sitrus Berry|[eat]
|-heal|p2a: Lilligant|64/100|[from] item: Sitrus Berry
|
|upkeep
|turn|27
|
|t:|1760437591
|switch|p1a: Alomomola|Alomomola, F|34/100 brn
|move|p2a: Lilligant|Victory Dance|p2a: Lilligant
|-boost|p2a: Lilligant|atk|1
|-boost|p2a: Lilligant|def|1
|-boost|p2a: Lilligant|spe|1
|
|-damage|p1a: Alomomola|28/100 brn|[from] brn
|upkeep
|turn|28
|
|t:|1760437597
|move|p2a: Lilligant|Close Combat|p1a: Alomomola
|-damage|p1a: Alomomola|0 fnt
|-unboost|p2a: Lilligant|def|1
|-unboost|p2a: Lilligant|spd|1
|faint|p1a: Alomomola
|
|upkeep
|
|t:|1760437600
|switch|p1a: Ceruledge|Ceruledge, F|100/100
|turn|29
|
|t:|1760437604
|switch|p2a: Rotom|Rotom-Wash, shiny|80/100
|move|p1a: Ceruledge|Bitter Blade|p2a: Rotom
|-resisted|p2a: Rotom
|-damage|p2a: Rotom|58/100
|
|-heal|p2a: Rotom|64/100|[from] item: Leftovers
|upkeep
|turn|30
|
|t:|1760437618
|switch|p1a: Great Tusk|Great Tusk|100/100
|-enditem|p1a: Great Tusk|Booster Energy
|-activate|p1a: Great Tusk|ability: Protosynthesis|[fromitem]
|-start|p1a: Great Tusk|protosynthesisatk
|move|p2a: Rotom|Pain Split|p1a: Great Tusk
|-sethp|p1a: Great Tusk|73/100|[from] move: Pain Split|[silent]
|-sethp|p2a: Rotom|100/100|[from] move: Pain Split
|
|upkeep
|turn|31
|
|t:|1760437630
|move|p2a: Rotom|Will-O-Wisp|p1a: Great Tusk
|-status|p1a: Great Tusk|brn
|move|p1a: Great Tusk|Headlong Rush|p2a: Rotom
|-immune|p2a: Rotom|[from] ability: Levitate
|
|-damage|p1a: Great Tusk|67/100 brn|[from] brn
|upkeep
|turn|32
|
|t:|1760437649
|-end|p1a: Great Tusk|Protosynthesis|[silent]
|switch|p1a: Goodra|Goodra-Hisui, F, tera:Water|77/100
|move|p2a: Rotom|Will-O-Wisp|p1a: Goodra
|-status|p1a: Goodra|brn
|
|-damage|p1a: Goodra|71/100 brn|[from] brn
|upkeep
|turn|33
|
|t:|1760437657
|move|p2a: Rotom|Volt Switch|p1a: Goodra
|-supereffective|p1a: Goodra
|-damage|p1a: Goodra|50/100 brn
|
|t:|1760437660
|switch|p2a: Lilligant|Lilligant-Hisui, F, tera:Ice|64/100|[from] Volt Switch
|move|p1a: Goodra|Thunderbolt|p2a: Lilligant
|-damage|p2a: Lilligant|19/100
|
|-damage|p1a: Goodra|44/100 brn|[from] brn
|upkeep
|turn|34
|
|t:|1760437670
|switch|p1a: Great Tusk|Great Tusk|67/100 brn
|move|p2a: Lilligant|Ice Spinner|p1a: Great Tusk
|-supereffective|p1a: Great Tusk
|-damage|p1a: Great Tusk|25/100 brn
|
|-damage|p1a: Great Tusk|19/100 brn|[from] brn
|upkeep
|turn|35
|
|t:|1760437674
|move|p2a: Lilligant|Close Combat|p1a: Great Tusk
|-damage|p1a: Great Tusk|0 fnt
|-unboost|p2a: Lilligant|def|1
|-unboost|p2a: Lilligant|spd|1
|faint|p1a: Great Tusk
|-end|p1a: Great Tusk|Protosynthesis|[silent]
|
|upkeep
|
|t:|1760437687
|switch|p1a: Greninja|Greninja, M|81/100
|turn|36
|
|t:|1760437693
|move|p1a: Greninja|Ice Beam|p2a: Lilligant
|-resisted|p2a: Lilligant
|-damage|p2a: Lilligant|0 fnt
|faint|p2a: Lilligant
|-damage|p1a: Greninja|71/100|[from] item: Life Orb
|
|upkeep
|
|t:|1760437697
|switch|p2a: Rotom|Rotom-Wash, shiny|100/100
|turn|37
|
|t:|1760437712
|move|p1a: Greninja|Dark Pulse|p2a: Rotom
|-damage|p2a: Rotom|66/100
|-damage|p1a: Greninja|61/100|[from] item: Life Orb
|cant|p2a: Rotom|flinch
|
|-heal|p2a: Rotom|72/100|[from] item: Leftovers
|upkeep
|turn|38
|
|t:|1760437722
|move|p1a: Greninja|Dark Pulse|p2a: Rotom
|-damage|p2a: Rotom|39/100
|-damage|p1a: Greninja|51/100|[from] item: Life Orb
|cant|p2a: Rotom|flinch
|
|-heal|p2a: Rotom|45/100|[from] item: Leftovers
|upkeep
|turn|39
|
|t:|1760437727
|move|p1a: Greninja|Dark Pulse|p2a: Rotom
|-damage|p2a: Rotom|12/100
|-damage|p1a: Greninja|42/100|[from] item: Life Orb
|cant|p2a: Rotom|flinch
|
|-heal|p2a: Rotom|18/100|[from] item: Leftovers
|upkeep
|turn|40
|
|t:|1760437737
|move|p1a: Greninja|Dark Pulse|p2a: Rotom
|-damage|p2a: Rotom|0 fnt
|faint|p2a: Rotom
|-damage|p1a: Greninja|32/100|[from] item: Life Orb
|
|upkeep
|
|t:|1760437747
|switch|p2a: Walking Wake|Walking Wake|100/100
|turn|41
|
|t:|1760437758
|move|p1a: Greninja|Dark Pulse|p2a: Walking Wake
|-crit|p2a: Walking Wake
|-damage|p2a: Walking Wake|15/100
|-damage|p1a: Greninja|22/100|[from] item: Life Orb
|cant|p2a: Walking Wake|flinch
|
|upkeep
|turn|42
|c|☆Chopi17|4 flinch + 1 crit RIP
|
|t:|1760437782
|move|p1a: Greninja|Dark Pulse|p2a: Walking Wake
|-crit|p2a: Walking Wake
|-damage|p2a: Walking Wake|0 fnt
|faint|p2a: Walking Wake
|-end|p2a: Walking Wake|Protosynthesis|[silent]
|-damage|p1a: Greninja|12/100|[from] item: Life Orb
|
|win|Wrenyu
|raw|Wrenyu's rating: 1120 &rarr; <strong>1151</strong><br />(+31 for winning)
|raw|Chopi17's rating: 1200 &rarr; <strong>1169</strong><br />(-31 for losing)
|l|☆Chopi17
|player|p2|
|c|☆Wrenyu|ceazy
|l|☆Wrenyu
|player|p1|
