|j|☆jan jakkusu
|j|☆Pikka888
|t:|1760357480
|gametype|singles
|player|p1|jan jakkusu|2|1303
|player|p2|Pikka888|169|1319
|gen|9
|tier|[Gen 9] OU
|rated|
|rule|HP Percentage Mod: HP is shown in percentages
|rule|Endless Battle Clause: Forcing endless battles is banned
|rule|Species Clause: Limit one of each Pokémon
|rule|OHKO Clause: OHKO moves are banned
|rule|Evasion Items Clause: Evasion items are banned
|rule|Evasion Moves Clause: Evasion moves are banned
|rule|Evasion Abilities Clause: Evasion abilities are banned
|rule|Sleep Moves Clause: Sleep-inducing moves are banned
|clearpoke
|poke|p1|Iron Valiant|
|poke|p1|Kyurem|
|poke|p1|Rillaboom, F|
|poke|p1|Noivern, M|
|poke|p1|Kommo-o, F|
|poke|p1|Corviknight, F|
|poke|p2|Gyarados, F|
|poke|p2|Skarmory, M|
|poke|p2|Gholdengo|
|poke|p2|Great Tusk|
|poke|p2|Iron Boulder|
|poke|p2|Comfey, M|
|teampreview
|
|t:|1760357496
|teamsize|p1|6
|teamsize|p2|6
|start
|switch|p1a: Corviknight|Corviknight, F|100/100
|switch|p2a: Skarmory|Skarmory, M|100/100
|-ability|p1a: Corviknight|Pressure
|turn|1
|
|t:|1760357505
|switch|p1a: Kyurem|Kyurem|100/100
|-ability|p1a: Kyurem|Pressure
|move|p2a: Skarmory|Stealth Rock|p1a: Kyurem
|-sidestart|p1: jan jakkusu|move: Stealth Rock
|
|upkeep
|turn|2
|
|t:|1760357518
|move|p1a: Kyurem|Ice Beam|p2a: Skarmory
|-damage|p2a: Skarmory|17/100
|move|p2a: Skarmory|Spikes|p1a: Kyurem
|-sidestart|p1: jan jakkusu|Spikes
|
|upkeep
|turn|3
|-enditem|p2a: Skarmory|Custap Berry|[eat]
|-activate|p2a: Skarmory|item: Custap Berry|[consumed]
|
|t:|1760357524
|move|p2a: Skarmory|Brave Bird|p1a: Kyurem
|-damage|p1a: Kyurem|54/100
|-damage|p2a: Skarmory|0 fnt|[from] Recoil
|faint|p2a: Skarmory
|move|p1a: Kyurem|Ice Beam|p2: Skarmory|[notarget]
|-fail|p1a: Kyurem
|
|upkeep
|
|t:|1760357546
|switch|p2a: Iron Boulder|Iron Boulder|100/100
|-enditem|p2a: Iron Boulder|Booster Energy
|-activate|p2a: Iron Boulder|ability: Quark Drive|[fromitem]
|-start|p2a: Iron Boulder|quarkdrivespe
|turn|4
|
|t:|1760357552
|switch|p1a: Corviknight|Corviknight, F|100/100
|-damage|p1a: Corviknight|88/100|[from] Stealth Rock
|-ability|p1a: Corviknight|Pressure
|move|p2a: Iron Boulder|Swords Dance|p2a: Iron Boulder
|-boost|p2a: Iron Boulder|atk|2
|
|-heal|p1a: Corviknight|94/100|[from] item: Leftovers
|upkeep
|turn|5
|
|t:|1760357557
|-end|p2a: Iron Boulder|Quark Drive|[silent]
|switch|p2a: Gholdengo|Gholdengo|100/100
|move|p1a: Corviknight|Defog|p2a: Gholdengo
|-immune|p2a: Gholdengo|[from] ability: Good as Gold
|
|-heal|p1a: Corviknight|100/100|[from] item: Leftovers
|upkeep
|turn|6
|
|t:|1760357563
|move|p2a: Gholdengo|Trick|p1a: Corviknight
|-activate|p2a: Gholdengo|move: Trick|[of] p1a: Corviknight
|-item|p1a: Corviknight|Choice Scarf|[from] move: Trick
|-item|p2a: Gholdengo|Leftovers|[from] move: Trick
|move|p1a: Corviknight|U-turn|p2a: Gholdengo
|-resisted|p2a: Gholdengo
|-damage|p2a: Gholdengo|97/100
|
|t:|1760357583
|switch|p1a: Noivern|Noivern, M|100/100|[from] U-turn
|-damage|p1a: Noivern|76/100|[from] Stealth Rock
|
|-heal|p2a: Gholdengo|100/100|[from] item: Leftovers
|upkeep
|turn|7
|
|t:|1760357590
|switch|p2a: Iron Boulder|Iron Boulder|100/100
|move|p1a: Noivern|Heat Wave|p2a: Iron Boulder
|-resisted|p2a: Iron Boulder
|-damage|p2a: Iron Boulder|80/100
|
|upkeep
|turn|8
|
|t:|1760357627
|switch|p1a: Kommo-o|Kommo-o, F|100/100
|-damage|p1a: Kommo-o|94/100|[from] Stealth Rock
|-damage|p1a: Kommo-o|82/100|[from] Spikes
|move|p2a: Iron Boulder|Substitute|p2a: Iron Boulder
|-start|p2a: Iron Boulder|Substitute
|-damage|p2a: Iron Boulder|55/100
|
|-heal|p1a: Kommo-o|88/100|[from] item: Leftovers
|upkeep
|turn|9
|
|t:|1760357633
|move|p2a: Iron Boulder|Swords Dance|p2a: Iron Boulder
|-boost|p2a: Iron Boulder|atk|2
|move|p1a: Kommo-o|Body Press|p2a: Iron Boulder
|-end|p2a: Iron Boulder|Substitute
|
|-heal|p1a: Kommo-o|94/100|[from] item: Leftovers
|upkeep
|turn|10
|
|t:|1760357641
|move|p2a: Iron Boulder|Close Combat|p1a: Kommo-o
|-damage|p1a: Kommo-o|48/100
|-unboost|p2a: Iron Boulder|def|1
|-unboost|p2a: Iron Boulder|spd|1
|move|p1a: Kommo-o|Body Press|p2a: Iron Boulder
|-crit|p2a: Iron Boulder
|-damage|p2a: Iron Boulder|0 fnt
|faint|p2a: Iron Boulder
|-end|p2a: Iron Boulder|Quark Drive|[silent]
|
|-heal|p1a: Kommo-o|54/100|[from] item: Leftovers
|upkeep
|
|t:|1760357646
|switch|p2a: Gyarados|Gyarados, F|100/100
|turn|11
|
|t:|1760357650
|move|p2a: Gyarados|Dragon Dance|p2a: Gyarados
|-boost|p2a: Gyarados|atk|1
|-boost|p2a: Gyarados|spe|1
|move|p1a: Kommo-o|Dragon Tail|p2a: Gyarados
|-damage|p2a: Gyarados|70/100
|drag|p2a: Comfey|Comfey, M, shiny|100/100
|
|-heal|p1a: Kommo-o|61/100|[from] item: Leftovers
|upkeep
|turn|12
|
|t:|1760357655
|move|p1a: Kommo-o|Protect|p1a: Kommo-o
|-singleturn|p1a: Kommo-o|Protect
|move|p2a: Comfey|Calm Mind|p2a: Comfey
|-boost|p2a: Comfey|spa|1
|-boost|p2a: Comfey|spd|1
|
|-heal|p1a: Kommo-o|67/100|[from] item: Leftovers
|upkeep
|turn|13
|
|t:|1760357663
|switch|p1a: Corviknight|Corviknight, F|100/100
|-damage|p1a: Corviknight|88/100|[from] Stealth Rock
|-ability|p1a: Corviknight|Pressure
|move|p2a: Comfey|Calm Mind|p2a: Comfey
|-boost|p2a: Comfey|spa|1
|-boost|p2a: Comfey|spd|1
|
|upkeep
|turn|14
|
|t:|1760357670
|move|p1a: Corviknight|Brave Bird|p2a: Comfey
|-damage|p2a: Comfey|58/100
|-damage|p1a: Corviknight|77/100|[from] Recoil
|move|p2a: Comfey|Calm Mind|p2a: Comfey
|-boost|p2a: Comfey|spa|1
|-boost|p2a: Comfey|spd|1
|
|upkeep
|turn|15
|
|t:|1760357675
|move|p2a: Comfey|Draining Kiss|p1a: Corviknight
|-resisted|p1a: Corviknight
|-damage|p1a: Corviknight|57/100
|-heal|p2a: Comfey|79/100|[from] drain|[of] p1a: Corviknight
|move|p1a: Corviknight|Brave Bird|p2a: Comfey
|-damage|p2a: Comfey|37/100
|-damage|p1a: Corviknight|46/100|[from] Recoil
|
|upkeep
|turn|16
|
|t:|1760357682
|move|p2a: Comfey|Draining Kiss|p1a: Corviknight
|-resisted|p1a: Corviknight
|-damage|p1a: Corviknight|25/100
|-heal|p2a: Comfey|59/100|[from] drain|[of] p1a: Corviknight
|move|p1a: Corviknight|Brave Bird|p2a: Comfey
|-damage|p2a: Comfey|17/100
|-damage|p1a: Corviknight|14/100|[from] Recoil
|
|upkeep
|turn|17
|
|t:|1760357690
|move|p2a: Comfey|Draining Kiss|p1a: Corviknight
|-resisted|p1a: Corviknight
|-damage|p1a: Corviknight|0 fnt
|-heal|p2a: Comfey|30/100|[from] drain|[of] p1a: Corviknight
|faint|p1a: Corviknight
|
|upkeep
|
|t:|1760357702
|switch|p1a: Rillaboom|Rillaboom, F|100/100
|-damage|p1a: Rillaboom|88/100|[from] Stealth Rock
|-damage|p1a: Rillaboom|76/100|[from] Spikes
|-fieldstart|move: Grassy Terrain|[from] ability: Grassy Surge|[of] p1a: Rillaboom
|turn|18
|
|t:|1760357708
|move|p2a: Comfey|Draining Kiss|p1a: Rillaboom
|-damage|p1a: Rillaboom|0 fnt
|-heal|p2a: Comfey|95/100|[from] drain|[of] p1a: Rillaboom
|faint|p1a: Rillaboom
|
|-heal|p2a: Comfey|100/100|[from] Grassy Terrain
|upkeep
|-message|jan jakkusu forfeited.
|
|win|Pikka888
|raw|jan jakkusu's rating: 1303 &rarr; <strong>1284</strong><br />(-19 for losing)
|raw|Pikka888's rating: 1319 &rarr; <strong>1338</strong><br />(+19 for winning)
|l|☆jan jakkusu
|player|p1|
|l|☆Pikka888
|player|p2|
