|j|☆pakoyou
|j|☆SHEWILLBETRAYu_067
|t:|1760375698
|gametype|singles
|player|p1|pakoyou|lance|1434
|player|p2|SHEWILLBETRAYu_067|265|1371
|gen|9
|tier|[Gen 9] OU
|rated|
|rule|HP Percentage Mod: HP is shown in percentages
|rule|Endless Battle Clause: Forcing endless battles is banned
|rule|Species Clause: Limit one of each Pokémon
|rule|OHKO Clause: OHKO moves are banned
|rule|Evasion Items Clause: Evasion items are banned
|rule|Evasion Moves Clause: Evasion moves are banned
|rule|Evasion Abilities Clause: Evasion abilities are banned
|rule|Sleep Moves Clause: Sleep-inducing moves are banned
|clearpoke
|poke|p1|Slowking-Galar, F|
|poke|p1|Chesnaught, M|
|poke|p1|Dragapult, F|
|poke|p1|Zapdos|
|poke|p1|Iron Treads|
|poke|p1|Volcanion|
|poke|p2|Gliscor, F|
|poke|p2|Glimmora, F|
|poke|p2|Iron Crown|
|poke|p2|Rillaboom, F|
|poke|p2|Gholdengo|
|poke|p2|Ogerpon-Wellspring, F|
|teampreview
|
|t:|1760375725
|teamsize|p1|6
|teamsize|p2|6
|start
|switch|p1a: Dragapult|Dragapult, F|100/100
|switch|p2a: Glimmora|Glimmora, F|100/100
|turn|1
|
|t:|1760375736
|move|p1a: Dragapult|U-turn|p2a: Glimmora
|-resisted|p2a: Glimmora
|-damage|p2a: Glimmora|86/100
|-activate|p2a: Glimmora|ability: Toxic Debris
|-sidestart|p1: pakoyou|move: Toxic Spikes
|
|t:|1760375741
|switch|p1a: Slowking|Slowking-Galar, F|100/100|[from] U-turn
|-sideend|p1: pakoyou|move: Toxic Spikes|[of] p1a: Slowking
|move|p2a: Glimmora|Earth Power|p1a: Slowking
|-supereffective|p1a: Slowking
|-damage|p1a: Slowking|56/100
|
|-heal|p1a: Slowking|62/100|[from] item: Black Sludge
|upkeep
|turn|2
|
|t:|1760375753
|move|p2a: Glimmora|Stealth Rock|p1a: Slowking
|-sidestart|p1: pakoyou|move: Stealth Rock
|move|p1a: Slowking|Future Sight|p2a: Glimmora
|-start|p1a: Slowking|move: Future Sight
|
|-heal|p1a: Slowking|69/100|[from] item: Black Sludge
|upkeep
|turn|3
|
|t:|1760375760
|move|p2a: Glimmora|Earth Power|p1a: Slowking
|-supereffective|p1a: Slowking
|-damage|p1a: Slowking|31/100
|-prepare|p1a: Slowking|Chilly Reception|[premajor]
|move|p1a: Slowking|Chilly Reception|p1a: Slowking
|-weather|Snowscape
|
|t:|1760375773
|switch|p1a: Iron Treads|Iron Treads, shiny|100/100|[from] Chilly Reception
|-damage|p1a: Iron Treads|97/100|[from] Stealth Rock
|-enditem|p1a: Iron Treads|Booster Energy
|-activate|p1a: Iron Treads|ability: Quark Drive|[fromitem]
|-start|p1a: Iron Treads|quarkdrivespe
|
|-weather|Snowscape|[upkeep]
|upkeep
|turn|4
|
|t:|1760375784
|move|p1a: Iron Treads|Rapid Spin|p2a: Glimmora
|-resisted|p2a: Glimmora
|-damage|p2a: Glimmora|76/100
|-boost|p1a: Iron Treads|spe|1
|-activate|p2a: Glimmora|ability: Toxic Debris
|-sidestart|p1: pakoyou|move: Toxic Spikes
|-sideend|p1: pakoyou|Toxic Spikes|[from] move: Rapid Spin|[of] p1a: Iron Treads
|-sideend|p1: pakoyou|Stealth Rock|[from] move: Rapid Spin|[of] p1a: Iron Treads
|move|p2a: Glimmora|Earth Power|p1a: Iron Treads
|-supereffective|p1a: Iron Treads
|-damage|p1a: Iron Treads|5/100
|
|-weather|Snowscape|[upkeep]
|-end|p2a: Glimmora|move: Future Sight
|-supereffective|p2a: Glimmora
|-crit|p2a: Glimmora
|-damage|p2a: Glimmora|0 fnt
|faint|p2a: Glimmora
|upkeep
|
|t:|1760375796
|switch|p2a: Rillaboom|Rillaboom, F|100/100
|-fieldstart|move: Grassy Terrain|[from] ability: Grassy Surge|[of] p2a: Rillaboom
|turn|5
|
|t:|1760375805
|-end|p1a: Iron Treads|Quark Drive|[silent]
|switch|p1a: Chesnaught|Chesnaught, M|100/100
|move|p2a: Rillaboom|Swords Dance|p2a: Rillaboom
|-boost|p2a: Rillaboom|atk|2
|
|-weather|Snowscape|[upkeep]
|upkeep
|turn|6
|
|t:|1760375815
|move|p2a: Rillaboom|Knock Off|p1a: Chesnaught
|-resisted|p1a: Chesnaught
|-damage|p1a: Chesnaught|82/100
|-damage|p2a: Rillaboom|84/100|[from] item: Rocky Helmet|[of] p1a: Chesnaught
|-enditem|p1a: Chesnaught|Rocky Helmet|[from] move: Knock Off|[of] p2a: Rillaboom
|move|p1a: Chesnaught|Knock Off|p2a: Rillaboom
|-damage|p2a: Rillaboom|59/100
|-enditem|p2a: Rillaboom|Leftovers|[from] move: Knock Off|[of] p1a: Chesnaught
|
|-weather|Snowscape|[upkeep]
|-heal|p2a: Rillaboom|65/100|[from] Grassy Terrain
|-heal|p1a: Chesnaught|88/100|[from] Grassy Terrain
|upkeep
|turn|7
|
|t:|1760375827
|move|p2a: Rillaboom|Swords Dance|p2a: Rillaboom
|-boost|p2a: Rillaboom|atk|2
|move|p1a: Chesnaught|Spikes|p2a: Rillaboom
|-sidestart|p2: SHEWILLBETRAYu_067|Spikes
|
|-weather|none
|-heal|p2a: Rillaboom|71/100|[from] Grassy Terrain
|-heal|p1a: Chesnaught|94/100|[from] Grassy Terrain
|upkeep
|turn|8
|
|t:|1760375837
|move|p2a: Rillaboom|Grassy Glide|p1a: Chesnaught
|-resisted|p1a: Chesnaught
|-damage|p1a: Chesnaught|58/100
|move|p1a: Chesnaught|Body Press|p2a: Rillaboom
|-damage|p2a: Rillaboom|22/100
|
|-heal|p2a: Rillaboom|28/100|[from] Grassy Terrain
|-heal|p1a: Chesnaught|64/100|[from] Grassy Terrain
|upkeep
|turn|9
|
|t:|1760375847
|move|p2a: Rillaboom|Grassy Glide|p1a: Chesnaught
|-resisted|p1a: Chesnaught
|-damage|p1a: Chesnaught|27/100
|move|p1a: Chesnaught|Body Press|p2a: Rillaboom
|-damage|p2a: Rillaboom|0 fnt
|faint|p2a: Rillaboom
|
|-heal|p1a: Chesnaught|33/100|[from] Grassy Terrain
|-fieldend|move: Grassy Terrain
|upkeep
|
|t:|1760375854
|switch|p2a: Gholdengo|Gholdengo|100/100
|-damage|p2a: Gholdengo|88/100|[from] Spikes
|turn|10
|
|t:|1760375874
|move|p2a: Gholdengo|Shadow Ball|p1a: Chesnaught
|-immune|p1a: Chesnaught|[from] ability: Bulletproof
|move|p1a: Chesnaught|Knock Off|p2a: Gholdengo
|-supereffective|p2a: Gholdengo
|-damage|p2a: Gholdengo|37/100
|-enditem|p2a: Gholdengo|Grassy Seed|[from] move: Knock Off|[of] p1a: Chesnaught
|
|upkeep
|turn|11
|
|t:|1760375890
|move|p2a: Gholdengo|Nasty Plot|p2a: Gholdengo
|-boost|p2a: Gholdengo|spa|2
|move|p1a: Chesnaught|Knock Off|p2a: Gholdengo
|-supereffective|p2a: Gholdengo
|-damage|p2a: Gholdengo|0 fnt
|faint|p2a: Gholdengo
|
|upkeep
|
|t:|1760375899
|switch|p2a: Iron Crown|Iron Crown|100/100
|-damage|p2a: Iron Crown|88/100|[from] Spikes
|turn|12
|inactive|Battle timer is ON: inactive players will automatically lose when time's up. (requested by pakoyou)
|
|t:|1760375906
|move|p2a: Iron Crown|Psychic Noise|p1a: Chesnaught
|-supereffective|p1a: Chesnaught
|-damage|p1a: Chesnaught|0 fnt
|faint|p1a: Chesnaught
|
|upkeep
|
|t:|1760375912
|switch|p1a: Dragapult|Dragapult, F|100/100
|turn|13
|
|t:|1760375918
|-terastallize|p2a: Iron Crown|Steel
|move|p1a: Dragapult|U-turn|p2a: Iron Crown
|-resisted|p2a: Iron Crown
|-damage|p2a: Iron Crown|75/100
|
|t:|1760375930
|switch|p1a: Slowking|Slowking-Galar, F|64/100|[from] U-turn
|move|p2a: Iron Crown|Tachyon Cutter|p1a: Slowking
|-damage|p1a: Slowking|43/100
|-damage|p1a: Slowking|23/100
|-hitcount|p1a: Slowking|2
|
|-heal|p1a: Slowking|29/100|[from] item: Black Sludge
|upkeep
|turn|14
|
|t:|1760375945
|move|p2a: Iron Crown|Volt Switch|p1a: Slowking
|-damage|p1a: Slowking|14/100
|
|t:|1760375950
|-end|p2a: Iron Crown|Quark Drive|[silent]
|switch|p2a: Gliscor|Gliscor, F|100/100|[from] Volt Switch
|move|p1a: Slowking|Thunder Wave|p2a: Gliscor
|-immune|p2a: Gliscor
|
|-heal|p1a: Slowking|20/100|[from] item: Black Sludge
|-status|p2a: Gliscor|tox|[from] item: Toxic Orb
|upkeep
|turn|15
|
|t:|1760375962
|move|p2a: Gliscor|Swords Dance|p2a: Gliscor
|-boost|p2a: Gliscor|atk|2
|move|p1a: Slowking|Future Sight|p2a: Gliscor
|-start|p1a: Slowking|move: Future Sight
|
|-heal|p1a: Slowking|26/100|[from] item: Black Sludge
|upkeep
|turn|16
|
|t:|1760375971
|switch|p1a: Zapdos|Zapdos|100/100
|move|p2a: Gliscor|Earthquake|p1a: Zapdos
|-immune|p1a: Zapdos
|
|upkeep
|turn|17
|
|t:|1760375982
|move|p2a: Gliscor|Protect|p2a: Gliscor
|-singleturn|p2a: Gliscor|Protect
|move|p1a: Zapdos|Hurricane|p2a: Gliscor
|-activate|p2a: Gliscor|move: Protect
|
|-end|p2a: Gliscor|move: Future Sight
|-damage|p2a: Gliscor|60/100 tox
|-heal|p2a: Gliscor|73/100 tox|[from] ability: Poison Heal
|upkeep
|turn|18
|
|t:|1760375993
|move|p1a: Zapdos|Hurricane|p2a: Gliscor
|-damage|p2a: Gliscor|23/100 tox
|move|p2a: Gliscor|Facade|p1a: Zapdos
|-damage|p1a: Zapdos|41/100
|
|-heal|p2a: Gliscor|36/100 tox|[from] ability: Poison Heal
|upkeep
|turn|19
|
|t:|1760376010
|move|p1a: Zapdos|Roost|p1a: Zapdos
|-heal|p1a: Zapdos|91/100
|-singleturn|p1a: Zapdos|move: Roost
|move|p2a: Gliscor|Earthquake|p1a: Zapdos
|-supereffective|p1a: Zapdos
|-damage|p1a: Zapdos|0 fnt
|faint|p1a: Zapdos
|
|-heal|p2a: Gliscor|48/100 tox|[from] ability: Poison Heal
|upkeep
|
|t:|1760376031
|switch|p1a: Iron Treads|Iron Treads, shiny|5/100
|turn|20
|
|t:|1760376036
|move|p2a: Gliscor|Protect|p2a: Gliscor
|-singleturn|p2a: Gliscor|Protect
|move|p1a: Iron Treads|Ice Spinner|p2a: Gliscor
|-activate|p2a: Gliscor|move: Protect
|
|-heal|p2a: Gliscor|61/100 tox|[from] ability: Poison Heal
|upkeep
|turn|21
|
|t:|1760376045
|move|p1a: Iron Treads|Rapid Spin|p2a: Gliscor
|-damage|p2a: Gliscor|49/100 tox
|-boost|p1a: Iron Treads|spe|1
|move|p2a: Gliscor|Facade|p1a: Iron Treads
|-resisted|p1a: Iron Treads
|-damage|p1a: Iron Treads|0 fnt
|faint|p1a: Iron Treads
|-end|p1a: Iron Treads|Quark Drive|[silent]
|
|-heal|p2a: Gliscor|62/100 tox|[from] ability: Poison Heal
|upkeep
|
|t:|1760376057
|switch|p1a: Volcanion|Volcanion|100/100
|turn|22
|
|t:|1760376069
|-terastallize|p1a: Volcanion|Ground
|move|p2a: Gliscor|Protect|p2a: Gliscor
|-singleturn|p2a: Gliscor|Protect
|move|p1a: Volcanion|Steam Eruption|p2a: Gliscor
|-activate|p2a: Gliscor|move: Protect
|
|-heal|p2a: Gliscor|74/100 tox|[from] ability: Poison Heal
|upkeep
|turn|23
|
|t:|1760376082
|move|p2a: Gliscor|Facade|p1a: Volcanion
|-damage|p1a: Volcanion|47/100
|move|p1a: Volcanion|Steam Eruption|p2a: Gliscor
|-supereffective|p2a: Gliscor
|-damage|p2a: Gliscor|0 fnt
|faint|p2a: Gliscor
|
|upkeep
|
|t:|1760376090
|switch|p2a: Iron Crown|Iron Crown, tera:Steel|75/100
|-damage|p2a: Iron Crown|62/100|[from] Spikes
|turn|24
|
|t:|1760376113
|move|p2a: Iron Crown|Tachyon Cutter|p1a: Volcanion
|-damage|p1a: Volcanion|14/100
|-damage|p1a: Volcanion|0 fnt
|faint|p1a: Volcanion
|-hitcount|p1: Volcanion|2
|
|upkeep
|
|t:|1760376120
|switch|p1a: Dragapult|Dragapult, F|100/100
|turn|25
|
|t:|1760376126
|move|p1a: Dragapult|Phantom Force||[still]
|-prepare|p1a: Dragapult|Phantom Force
|move|p2a: Iron Crown|Tachyon Cutter|p1a: Dragapult|[miss]
|-miss|p2a: Iron Crown|p1a: Dragapult
|
|upkeep
|turn|26
|
|t:|1760376135
|move|p1a: Dragapult|Phantom Force|p2a: Iron Crown|[from] lockedmove
|-damage|p2a: Iron Crown|13/100
|move|p2a: Iron Crown|Tachyon Cutter|p1a: Dragapult
|-damage|p1a: Dragapult|54/100
|-damage|p1a: Dragapult|10/100
|-hitcount|p1a: Dragapult|2
|
|upkeep
|turn|27
|
|t:|1760376143
|move|p1a: Dragapult|Phantom Force||[still]
|-prepare|p1a: Dragapult|Phantom Force
|move|p2a: Iron Crown|Tachyon Cutter|p1a: Dragapult|[miss]
|-miss|p2a: Iron Crown|p1a: Dragapult
|
|upkeep
|turn|28
|
|t:|1760376148
|move|p1a: Dragapult|Phantom Force|p2a: Iron Crown|[from] lockedmove
|-damage|p2a: Iron Crown|0 fnt
|faint|p2a: Iron Crown
|-end|p2a: Iron Crown|Quark Drive|[silent]
|
|upkeep
|
|t:|1760376151
|switch|p2a: Ogerpon|Ogerpon-Wellspring, F|100/100
|-damage|p2a: Ogerpon|88/100|[from] Spikes
|turn|29
|
|t:|1760376157
|switch|p1a: Slowking|Slowking-Galar, F|59/100
|move|p2a: Ogerpon|Ivy Cudgel|p1a: Slowking|[anim] Ivy Cudgel Water
|-damage|p1a: Slowking|0 fnt
|faint|p1a: Slowking
|
|upkeep
|
|t:|1760376165
|switch|p1a: Dragapult|Dragapult, F|10/100
|turn|30
|
|t:|1760376170
|move|p1a: Dragapult|Dragon Darts|p2a: Ogerpon
|-damage|p2a: Ogerpon|55/100
|-anim|p1a: Dragapult|Dragon Darts|p2a: Ogerpon
|-damage|p2a: Ogerpon|21/100
|move|p2a: Ogerpon|Ivy Cudgel|p1a: Dragapult|[anim] Ivy Cudgel Water
|-resisted|p1a: Dragapult
|-damage|p1a: Dragapult|0 fnt
|faint|p1a: Dragapult
|
|win|SHEWILLBETRAYu_067
|raw|pakoyou's rating: 1434 &rarr; <strong>1410</strong><br />(-24 for losing)
|raw|SHEWILLBETRAYu_067's rating: 1371 &rarr; <strong>1395</strong><br />(+24 for winning)
|l|☆SHEWILLBETRAYu_067
|player|p2|
|l|☆pakoyou
|player|p1|
