|j|☆venjazanzhes123
|j|☆gravelerock
|t:|1760303139
|gametype|singles
|player|p1|venjazanzhes123|clair|1408
|player|p2|gravelerock|265|1363
|gen|9
|tier|[Gen 9] OU
|rated|
|rule|HP Percentage Mod: HP is shown in percentages
|rule|Endless Battle Clause: Forcing endless battles is banned
|rule|Species Clause: Limit one of each Pokémon
|rule|OHKO Clause: OHKO moves are banned
|rule|Evasion Items Clause: Evasion items are banned
|rule|Evasion Moves Clause: Evasion moves are banned
|rule|Evasion Abilities Clause: Evasion abilities are banned
|rule|Sleep Moves Clause: Sleep-inducing moves are banned
|clearpoke
|poke|p1|Corviknight, M|
|poke|p1|Dragonite, M|
|poke|p1|Dragapult, M|
|poke|p1|Goodra-Hisui, M|
|poke|p1|Slowking-Galar, M|
|poke|p1|Quagsire, M|
|poke|p2|Rotom-Wash|
|poke|p2|Dragapult, M|
|poke|p2|Iron Treads|
|poke|p2|Clefable, M|
|poke|p2|Landorus-Therian, M|
|poke|p2|Scizor, F|
|teampreview
|inactive|Battle timer is ON: inactive players will automatically lose when time's up. (requested by gravelerock)
|inactive|venjazanzhes123 has 120 seconds left.
|inactive|venjazanzhes123 has 90 seconds left.
|
|t:|1760303248
|teamsize|p1|6
|teamsize|p2|6
|start
|switch|p1a: Corviknight|Corviknight, M|100/100
|switch|p2a: Rotom|Rotom-Wash|100/100
|turn|1
|
|t:|1760303253
|switch|p1a: Quagsire|Quagsire, M|100/100
|move|p2a: Rotom|Will-O-Wisp|p1a: Quagsire
|-status|p1a: Quagsire|brn
|
|-damage|p1a: Quagsire|94/100 brn|[from] brn
|upkeep
|turn|2
|
|t:|1760303261
|switch|p2a: Clefable|Clefable, M|100/100
|move|p1a: Quagsire|Toxic|p2a: Clefable
|-status|p2a: Clefable|tox
|
|-damage|p1a: Quagsire|88/100 brn|[from] brn
|upkeep
|turn|3
|
|t:|1760303270
|move|p2a: Clefable|Knock Off|p1a: Quagsire
|-damage|p1a: Quagsire|77/100 brn
|-enditem|p1a: Quagsire|Sitrus Berry|[from] move: Knock Off|[of] p2a: Clefable
|move|p1a: Quagsire|Recover|p1a: Quagsire
|-heal|p1a: Quagsire|100/100 brn
|
|-damage|p1a: Quagsire|94/100 brn|[from] brn
|upkeep
|turn|4
|
|t:|1760303281
|switch|p2a: Scizor|Scizor, F|100/100
|switch|p1a: Goodra|Goodra-Hisui, M|100/100
|
|upkeep
|turn|5
|
|t:|1760303287
|move|p2a: Scizor|Close Combat|p1a: Goodra
|-supereffective|p1a: Goodra
|-damage|p1a: Goodra|0 fnt
|-unboost|p2a: Scizor|def|1
|-unboost|p2a: Scizor|spd|1
|-ability|p1a: Goodra|Gooey
|-unboost|p2a: Scizor|spe|1
|faint|p1a: Goodra
|-damage|p2a: Scizor|91/100|[from] item: Life Orb
|
|upkeep
|
|t:|1760303289
|switch|p1a: Dragapult|Dragapult, M|100/100
|turn|6
|
|t:|1760303296
|switch|p2a: Rotom|Rotom-Wash|100/100
|move|p1a: Dragapult|Dragon Dance|p1a: Dragapult
|-boost|p1a: Dragapult|atk|1
|-boost|p1a: Dragapult|spe|1
|
|upkeep
|turn|7
|
|t:|1760303302
|move|p1a: Dragapult|Dragon Darts|p2a: Rotom
|-damage|p2a: Rotom|53/100
|-anim|p1a: Dragapult|Dragon Darts|p2a: Rotom
|-damage|p2a: Rotom|0 fnt
|faint|p2a: Rotom
|-damage|p1a: Dragapult|91/100|[from] item: Life Orb
|
|upkeep
|
|t:|1760303317
|switch|p2a: Clefable|Clefable, M|100/100 tox
|turn|8
|
|t:|1760303321
|move|p1a: Dragapult|Phantom Force||[still]
|-prepare|p1a: Dragapult|Phantom Force
|move|p2a: Clefable|Moonblast|p1a: Dragapult|[miss]
|-miss|p2a: Clefable|p1a: Dragapult
|
|upkeep
|turn|9
|
|t:|1760303328
|move|p1a: Dragapult|Phantom Force|p2a: Clefable|[from] lockedmove
|-crit|p2a: Clefable
|-damage|p2a: Clefable|0 fnt
|faint|p2a: Clefable
|-damage|p1a: Dragapult|81/100|[from] item: Life Orb
|
|upkeep
|
|t:|1760303332
|switch|p2a: Landorus|Landorus-Therian, M|100/100
|-ability|p2a: Landorus|Intimidate|boost
|-fail|p1a: Dragapult|unboost|[from] ability: Clear Body|[of] p1a: Dragapult
|turn|10
|
|t:|1760303336
|move|p1a: Dragapult|Dragon Darts|p2a: Landorus
|-damage|p2a: Landorus|43/100
|-anim|p1a: Dragapult|Dragon Darts|p2a: Landorus
|-damage|p2a: Landorus|0 fnt
|faint|p2a: Landorus
|-damage|p1a: Dragapult|71/100|[from] item: Life Orb
|
|upkeep
|
|t:|1760303342
|switch|p2a: Iron Treads|Iron Treads|100/100
|turn|11
|
|t:|1760303352
|move|p1a: Dragapult|Phantom Force||[still]
|-prepare|p1a: Dragapult|Phantom Force
|move|p2a: Iron Treads|Ice Spinner|p1a: Dragapult|[miss]
|-miss|p2a: Iron Treads|p1a: Dragapult
|
|upkeep
|turn|12
|
|t:|1760303355
|move|p1a: Dragapult|Phantom Force|p2a: Iron Treads|[from] lockedmove
|-damage|p2a: Iron Treads|27/100
|-damage|p1a: Dragapult|61/100|[from] item: Life Orb
|move|p2a: Iron Treads|Ice Spinner|p1a: Dragapult
|-supereffective|p1a: Dragapult
|-damage|p1a: Dragapult|0 fnt
|faint|p1a: Dragapult
|
|upkeep
|
|t:|1760303361
|switch|p1a: Corviknight|Corviknight, M|100/100
|turn|13
|
|t:|1760303364
|move|p2a: Iron Treads|Knock Off|p1a: Corviknight
|-damage|p1a: Corviknight|82/100
|-damage|p2a: Iron Treads|11/100|[from] item: Rocky Helmet|[of] p1a: Corviknight
|-enditem|p1a: Corviknight|Rocky Helmet|[from] move: Knock Off|[of] p2a: Iron Treads
|move|p1a: Corviknight|Body Press|p2a: Iron Treads
|-supereffective|p2a: Iron Treads
|-damage|p2a: Iron Treads|0 fnt
|faint|p2a: Iron Treads
|-end|p2a: Iron Treads|Quark Drive|[silent]
|
|upkeep
|
|t:|1760303371
|switch|p2a: Dragapult|Dragapult, M|100/100
|turn|14
|
|t:|1760303380
|move|p2a: Dragapult|Flamethrower|p1a: Corviknight
|-supereffective|p1a: Corviknight
|-damage|p1a: Corviknight|3/100
|move|p1a: Corviknight|Brave Bird|p2a: Dragapult
|-damage|p2a: Dragapult|48/100
|-damage|p1a: Corviknight|0 fnt|[from] Recoil
|faint|p1a: Corviknight
|
|upkeep
|
|t:|1760303393
|switch|p1a: Slowking|Slowking-Galar, M|100/100
|turn|15
|
|t:|1760303401
|switch|p2a: Scizor|Scizor, F|91/100
|move|p1a: Slowking|Flamethrower|p2a: Scizor
|-supereffective|p2a: Scizor
|-damage|p2a: Scizor|0 fnt
|faint|p2a: Scizor
|
|upkeep
|
|t:|1760303403
|switch|p2a: Dragapult|Dragapult, M|48/100
|turn|16
|
|t:|1760303406
|-terastallize|p2a: Dragapult|Ghost
|move|p2a: Dragapult|Shadow Ball|p1a: Slowking
|-supereffective|p1a: Slowking
|-damage|p1a: Slowking|21/100
|-unboost|p1a: Slowking|spd|1
|move|p1a: Slowking|Psyshock|p2a: Dragapult
|-damage|p2a: Dragapult|0 fnt
|faint|p2a: Dragapult
|
|win|venjazanzhes123
|raw|venjazanzhes123's rating: 1408 &rarr; <strong>1425</strong><br />(+17 for winning)
|raw|gravelerock's rating: 1363 &rarr; <strong>1346</strong><br />(-17 for losing)
|l|☆venjazanzhes123
|player|p1|
|l|☆gravelerock
|player|p2|
