|uhtml|medal-msg|<div class="broadcast-blue">Curious what those medals under the avatar are? PS now has Ladder Seasons! For more information, check out the <a href="https://www.smogon.com/forums/threads/3740067/">thread on Smogon.</a></div>
|uhtml|medal-msg|<div class="broadcast-blue">Curious what those medals under the avatar are? PS now has Ladder Seasons! For more information, check out the <a href="https://www.smogon.com/forums/threads/3740067/">thread on Smogon.</a></div>
|j|☆topang567
|j|☆Farola3000
|t:|1760382857
|gametype|singles
|player|p1|topang567|266|
|player|p2|Farola3000|rr-beedrillmega|
|teamsize|p1|6
|teamsize|p2|6
|gen|9
|tier|[Gen 9] OU
|rule|Sleep Clause Mod: Limit one foe put to sleep
|rule|Species Clause: Limit one of each Pokémon
|rule|OHKO Clause: OHKO moves are banned
|rule|Evasion Abilities Clause: Evasion abilities are banned
|rule|Evasion Items Clause: Evasion items are banned
|rule|Evasion Moves Clause: Evasion moves are banned
|rule|Endless Battle Clause: Forcing endless battles is banned
|rule|HP Percentage Mod: HP is shown in percentages
|rule|Dynamax Clause: You cannot dynamax
|clearpoke
|poke|p1|Goodra-Hisui, F|
|poke|p1|Dragapult, M|
|poke|p1|Delibird, M|
|poke|p1|Melmetal|
|poke|p1|Swampert, F|
|poke|p1|Politoed, M|
|poke|p2|Politoed, M|
|poke|p2|Floatzel, F|
|poke|p2|Delibird, F|
|poke|p2|Swampert, F|
|poke|p2|Primarina, M|
|poke|p2|Basculegion, M|
|teampreview
|
|t:|1760382872
|start
|switch|p1a: Swampert|Swampert, F|100/100
|switch|p2a: Politoed|Politoed, M|100/100
|-weather|RainDance|[from] ability: Drizzle|[of] p2a: Politoed
|turn|1
|
|t:|1760382882
|detailschange|p1a: Swampert|Swampert-Mega, F
|-mega|p1a: Swampert|Swampert|Swampertite
|move|p1a: Swampert|Knock Off|p2a: Politoed
|-damage|p2a: Politoed|68/100
|-enditem|p2a: Politoed|Damp Rock|[from] move: Knock Off|[of] p1a: Swampert
|move|p2a: Politoed|Encore|p1a: Swampert
|-start|p1a: Swampert|Encore
|
|-weather|RainDance|[upkeep]
|upkeep
|turn|2
|
|t:|1760382889
|move|p1a: Swampert|Knock Off|p2a: Politoed
|-damage|p2a: Politoed|47/100
|move|p2a: Politoed|Scald|p1a: Swampert
|-damage|p1a: Swampert|65/100
|
|-weather|RainDance|[upkeep]
|upkeep
|turn|3
|
|t:|1760382899
|switch|p1a: Goodra|Goodra-Hisui, F|100/100
|switch|p2a: Basculegion|Basculegion, M|100/100
|
|-weather|RainDance|[upkeep]
|upkeep
|turn|4
|
|t:|1760382904
|move|p2a: Basculegion|Spirit Shackle|p1a: Goodra
|-damage|p1a: Goodra|62/100
|-activate|p1a: Goodra|trapped
|move|p1a: Goodra|Thunderbolt|p2a: Basculegion
|-supereffective|p2a: Basculegion
|-damage|p2a: Basculegion|56/100
|
|-weather|RainDance|[upkeep]
|upkeep
|turn|5
|
|t:|1760382911
|move|p2a: Basculegion|Spirit Shackle|p1a: Goodra
|-damage|p1a: Goodra|20/100
|move|p1a: Goodra|Giga Drain|p2a: Basculegion
|-supereffective|p2a: Basculegion
|-damage|p2a: Basculegion|21/100
|-heal|p1a: Goodra|39/100|[from] drain|[of] p2a: Basculegion
|
|-weather|RainDance|[upkeep]
|upkeep
|turn|6
|
|t:|1760382916
|move|p2a: Basculegion|Spirit Shackle|p1a: Goodra
|-damage|p1a: Goodra|0 fnt
|faint|p1a: Goodra
|
|-weather|RainDance|[upkeep]
|upkeep
|
|t:|1760382921
|switch|p1a: Delibird|Delibird, M|100/100
|turn|7
|
|t:|1760382926
|move|p1a: Delibird|Fake Out|p2a: Basculegion
|-resisted|p2a: Basculegion
|-damage|p2a: Basculegion|1/100
|-damage|p1a: Delibird|91/100|[from] item: Life Orb
|cant|p2a: Basculegion|flinch
|
|-weather|RainDance|[upkeep]
|upkeep
|turn|8
|
|t:|1760382934
|switch|p2a: Primarina|Primarina, M|100/100
|move|p1a: Delibird|Extreme Speed|p2a: Primarina
|-resisted|p2a: Primarina
|-damage|p2a: Primarina|69/100
|-damage|p1a: Delibird|81/100|[from] item: Life Orb
|
|-weather|none
|upkeep
|turn|9
|
|t:|1760382942
|switch|p1a: Melmetal|Melmetal|100/100
|move|p2a: Primarina|Flip Turn|p1a: Melmetal
|-damage|p1a: Melmetal|92/100
|
|t:|1760382946
|switch|p2a: Politoed|Politoed, M|47/100|[from] Flip Turn
|-weather|RainDance|[from] ability: Drizzle|[of] p2a: Politoed
|
|-weather|RainDance|[upkeep]
|upkeep
|turn|10
|
|t:|1760382968
|move|p2a: Politoed|Flip Turn|p1a: Melmetal
|-damage|p1a: Melmetal|80/100
|
|t:|1760382975
|switch|p2a: Swampert|Swampert, F|100/100|[from] Flip Turn
|move|p1a: Melmetal|Double Iron Bash|p2a: Swampert
|-resisted|p2a: Swampert
|-damage|p2a: Swampert|73/100
|-resisted|p2a: Swampert
|-damage|p2a: Swampert|44/100
|-hitcount|p2a: Swampert|2
|
|-weather|RainDance|[upkeep]
|upkeep
|turn|11
|
|t:|1760382981
|detailschange|p2a: Swampert|Swampert-Mega, F
|-mega|p2a: Swampert|Swampert|Swampertite
|move|p2a: Swampert|Earthquake|p1a: Melmetal
|-supereffective|p1a: Melmetal
|-damage|p1a: Melmetal|23/100
|move|p1a: Melmetal|Double Iron Bash|p2a: Swampert
|-resisted|p2a: Swampert
|-damage|p2a: Swampert|18/100
|-resisted|p2a: Swampert
|-damage|p2a: Swampert|0 fnt
|faint|p2a: Swampert
|-hitcount|p2: Swampert|2
|
|-weather|RainDance|[upkeep]
|upkeep
|
|t:|1760382988
|switch|p2a: Basculegion|Basculegion, M|1/100
|turn|12
|
|t:|1760382991
|move|p2a: Basculegion|Spirit Shackle|p1a: Melmetal
|-damage|p1a: Melmetal|0 fnt
|faint|p1a: Melmetal
|
|-weather|RainDance|[upkeep]
|upkeep
|
|t:|1760382995
|switch|p1a: Delibird|Delibird, M|81/100
|turn|13
|
|t:|1760383000
|switch|p2a: Floatzel|Floatzel, F|100/100
|move|p1a: Delibird|Fake Out|p2a: Floatzel
|-resisted|p2a: Floatzel
|-damage|p2a: Floatzel|75/100
|-damage|p1a: Delibird|71/100|[from] item: Life Orb
|
|-weather|none
|upkeep
|turn|14
|
|t:|1760383005
|switch|p1a: Dragapult|Dragapult, M|100/100
|move|p2a: Floatzel|Surging Strikes|p1a: Dragapult
|-resisted|p1a: Dragapult
|-crit|p1a: Dragapult
|-damage|p1a: Dragapult|76/100
|-resisted|p1a: Dragapult
|-crit|p1a: Dragapult
|-damage|p1a: Dragapult|51/100
|-resisted|p1a: Dragapult
|-crit|p1a: Dragapult
|-damage|p1a: Dragapult|28/100
|-hitcount|p1a: Dragapult|3
|
|upkeep
|turn|15
|
|t:|1760383014
|move|p1a: Dragapult|Draco Meteor|p2a: Floatzel
|-damage|p2a: Floatzel|0 fnt
|-unboost|p1a: Dragapult|spa|2
|faint|p2a: Floatzel
|
|upkeep
|
|t:|1760383019
|switch|p2a: Delibird|Delibird, F|100/100
|turn|16
|
|t:|1760383022
|move|p2a: Delibird|Fake Out|p1a: Dragapult
|-supereffective|p1a: Dragapult
|-damage|p1a: Dragapult|0 fnt
|faint|p1a: Dragapult
|
|upkeep
|
|t:|1760383025
|switch|p1a: Delibird|Delibird, M|71/100
|turn|17
|
|t:|1760383029
|move|p1a: Delibird|Fake Out|p2a: Delibird
|-damage|p2a: Delibird|17/100
|-damage|p1a: Delibird|61/100|[from] item: Life Orb
|cant|p2a: Delibird|flinch
|
|upkeep
|turn|18
|
|t:|1760383032
|move|p2a: Delibird|Extreme Speed|p1a: Delibird
|-damage|p1a: Delibird|0 fnt
|faint|p1a: Delibird
|
|upkeep
|
|t:|1760383036
|switch|p1a: Politoed|Politoed, M|100/100
|-weather|RainDance|[from] ability: Drizzle|[of] p1a: Politoed
|turn|19
|
|t:|1760383043
|move|p2a: Delibird|Brave Bird|p1a: Politoed
|-damage|p1a: Politoed|45/100
|-damage|p2a: Delibird|0 fnt|[from] Recoil
|faint|p2a: Delibird
|move|p1a: Politoed|Scald|p2: Delibird|[notarget]
|-fail|p1a: Politoed
|
|-weather|RainDance|[upkeep]
|upkeep
|
|t:|1760383051
|switch|p2a: Primarina|Primarina, M|69/100
|turn|20
|
|t:|1760383056
|move|p1a: Politoed|Scald|p2a: Primarina
|-resisted|p2a: Primarina
|-damage|p2a: Primarina|53/100
|move|p2a: Primarina|Moonblast|p1a: Politoed
|-damage|p1a: Politoed|0 fnt
|faint|p1a: Politoed
|
|-weather|RainDance|[upkeep]
|upkeep
|
|t:|1760383062
|switch|p1a: Swampert|Swampert-Mega, F|65/100
|turn|21
|
|t:|1760383071
|move|p1a: Swampert|Earthquake|p2a: Primarina
|-damage|p2a: Primarina|0 fnt
|faint|p2a: Primarina
|
|-weather|RainDance|[upkeep]
|upkeep
|
|t:|1760383074
|switch|p2a: Basculegion|Basculegion, M|1/100
|turn|22
|
|t:|1760383078
|move|p2a: Basculegion|Wave Crash|p1a: Swampert
|-damage|p1a: Swampert|0 fnt
|faint|p1a: Swampert
|-damage|p2a: Basculegion|0 fnt|[from] Recoil
|faint|p2a: Basculegion
|
|win|Farola3000
|c|☆topang567|gg
