|j|☆yanso777
|j|☆nonoth
|t:|1760349637
|gametype|singles
|player|p1|yanso777|101|1258
|player|p2|nonoth|102|1346
|gen|9
|tier|[Gen 9] OU
|rated|
|rule|HP Percentage Mod: HP is shown in percentages
|rule|Endless Battle Clause: Forcing endless battles is banned
|rule|Species Clause: Limit one of each Pokémon
|rule|OHKO Clause: OHKO moves are banned
|rule|Evasion Items Clause: Evasion items are banned
|rule|Evasion Moves Clause: Evasion moves are banned
|rule|Evasion Abilities Clause: Evasion abilities are banned
|rule|Sleep Moves Clause: Sleep-inducing moves are banned
|clearpoke
|poke|p1|Moltres|
|poke|p1|Ting-Lu|
|poke|p1|Walking Wake|
|poke|p1|Torkoal, F|
|poke|p1|Leafeon, F|
|poke|p1|Sandy Shocks|
|poke|p2|Pelipper, F|
|poke|p2|Hatterene, F|
|poke|p2|Iron Treads|
|poke|p2|Toxicroak, F|
|poke|p2|Barraskewda, F|
|poke|p2|Zapdos|
|teampreview
|inactive|Battle timer is ON: inactive players will automatically lose when time's up. (requested by yanso777)
|
|t:|1760349689
|teamsize|p1|6
|teamsize|p2|6
|start
|switch|p1a: Torkoal|Torkoal, F|100/100
|switch|p2a: Zapdos|Zapdos|100/100
|-weather|SunnyDay|[from] ability: Drought|[of] p1a: Torkoal
|turn|1
|
|t:|1760349701
|move|p2a: Zapdos|Volt Switch|p1a: Torkoal
|-damage|p1a: Torkoal|36/100
|
|t:|1760349704
|switch|p2a: Hatterene|Hatterene, F|100/100|[from] Volt Switch
|move|p1a: Torkoal|Stealth Rock|p2a: Hatterene
|move|p2a: Hatterene|Stealth Rock|p1a: Torkoal|[from] ability: Magic Bounce
|-sidestart|p1: yanso777|move: Stealth Rock
|
|-weather|SunnyDay|[upkeep]
|upkeep
|turn|2
|
|t:|1760349713
|switch|p2a: Pelipper|Pelipper, F|100/100
|-weather|RainDance|[from] ability: Drizzle|[of] p2a: Pelipper
|move|p1a: Torkoal|Rapid Spin|p2a: Pelipper
|-damage|p2a: Pelipper|91/100
|-boost|p1a: Torkoal|spe|1
|-sideend|p1: yanso777|Stealth Rock|[from] move: Rapid Spin|[of] p1a: Torkoal
|
|-weather|RainDance|[upkeep]
|upkeep
|turn|3
|
|t:|1760349740
|switch|p2a: Hatterene|Hatterene, F|100/100
|switch|p1a: Ting-Lu|Ting-Lu|100/100
|-ability|p1a: Ting-Lu|Vessel of Ruin
|
|-weather|RainDance|[upkeep]
|upkeep
|turn|4
|
|t:|1760349746
|move|p2a: Hatterene|Draining Kiss|p1a: Ting-Lu
|-supereffective|p1a: Ting-Lu
|-damage|p1a: Ting-Lu|83/100
|move|p1a: Ting-Lu|Ruination|p2a: Hatterene
|-damage|p2a: Hatterene|51/100
|-enditem|p2a: Hatterene|Eject Button
|
|t:|1760349756
|switch|p2a: Zapdos|Zapdos|100/100
|
|-weather|RainDance|[upkeep]
|-heal|p1a: Ting-Lu|89/100|[from] item: Leftovers
|upkeep
|turn|5
|
|t:|1760349759
|move|p2a: Zapdos|Weather Ball|p1a: Ting-Lu
|-supereffective|p1a: Ting-Lu
|-damage|p1a: Ting-Lu|28/100
|move|p1a: Ting-Lu|Ruination|p2a: Zapdos
|-damage|p2a: Zapdos|51/100
|
|-weather|RainDance|[upkeep]
|-heal|p1a: Ting-Lu|34/100|[from] item: Leftovers
|upkeep
|turn|6
|
|t:|1760349767
|switch|p1a: Torkoal|Torkoal, F|36/100
|-weather|SunnyDay|[from] ability: Drought|[of] p1a: Torkoal
|move|p2a: Zapdos|Weather Ball|p1a: Torkoal
|-resisted|p1a: Torkoal
|-damage|p1a: Torkoal|0 fnt
|faint|p1a: Torkoal
|
|-weather|SunnyDay|[upkeep]
|upkeep
|
|t:|1760349782
|switch|p1a: Sandy Shocks|Sandy Shocks|100/100
|-item|p1a: Sandy Shocks|Air Balloon
|-activate|p1a: Sandy Shocks|ability: Protosynthesis
|-start|p1a: Sandy Shocks|protosynthesisspe
|turn|7
|
|t:|1760349795
|switch|p2a: Hatterene|Hatterene, F|51/100
|move|p1a: Sandy Shocks|Volt Switch|p2a: Hatterene
|-damage|p2a: Hatterene|18/100
|
|t:|1760349806
|-end|p1a: Sandy Shocks|Protosynthesis|[silent]
|switch|p1a: Leafeon|Leafeon, F|100/100|[from] Volt Switch
|
|-weather|SunnyDay|[upkeep]
|upkeep
|turn|8
|inactive|nonoth has 120 seconds left.
|
|t:|1760349836
|switch|p2a: Pelipper|Pelipper, F|91/100
|-weather|RainDance|[from] ability: Drizzle|[of] p2a: Pelipper
|move|p1a: Leafeon|Solar Blade||[still]
|-prepare|p1a: Leafeon|Solar Blade
|
|-weather|RainDance|[upkeep]
|upkeep
|turn|9
|
|t:|1760349840
|switch|p2a: Toxicroak|Toxicroak, F|100/100
|move|p1a: Leafeon|Solar Blade|p2a: Toxicroak|[from] lockedmove
|-resisted|p2a: Toxicroak
|-damage|p2a: Toxicroak|85/100
|-damage|p1a: Leafeon|84/100|[from] item: Rocky Helmet|[of] p2a: Toxicroak
|
|-weather|RainDance|[upkeep]
|-heal|p2a: Toxicroak|98/100|[from] ability: Dry Skin
|upkeep
|turn|10
|
|t:|1760349855
|switch|p1a: Moltres|Moltres|100/100
|move|p2a: Toxicroak|Toxic|p1a: Moltres
|-status|p1a: Moltres|tox
|
|-weather|RainDance|[upkeep]
|-heal|p2a: Toxicroak|100/100|[from] ability: Dry Skin
|-damage|p1a: Moltres|94/100 tox|[from] psn
|upkeep
|turn|11
|
|t:|1760349875
|move|p2a: Toxicroak|Knock Off|p1a: Moltres
|-damage|p1a: Moltres|79/100 tox
|-enditem|p1a: Moltres|Heavy-Duty Boots|[from] move: Knock Off|[of] p2a: Toxicroak
|move|p1a: Moltres|Flamethrower|p2a: Toxicroak
|-crit|p2a: Toxicroak
|-damage|p2a: Toxicroak|53/100
|
|-weather|RainDance|[upkeep]
|-heal|p2a: Toxicroak|65/100|[from] ability: Dry Skin
|-damage|p1a: Moltres|67/100 tox|[from] psn
|upkeep
|turn|12
|
|t:|1760349895
|switch|p2a: Hatterene|Hatterene, F|18/100
|move|p1a: Moltres|U-turn|p2a: Hatterene
|-damage|p2a: Hatterene|5/100
|
|t:|1760349900
|switch|p1a: Ting-Lu|Ting-Lu|34/100|[from] U-turn
|-ability|p1a: Ting-Lu|Vessel of Ruin
|
|-weather|RainDance|[upkeep]
|-heal|p1a: Ting-Lu|41/100|[from] item: Leftovers
|upkeep
|turn|13
|
|t:|1760349914
|move|p2a: Hatterene|Healing Wish|p2a: Hatterene
|faint|p2a: Hatterene
|move|p1a: Ting-Lu|Sunny Day|p1a: Ting-Lu
|-weather|SunnyDay
|
|-weather|SunnyDay|[upkeep]
|-heal|p1a: Ting-Lu|47/100|[from] item: Leftovers
|upkeep
|
|t:|1760349924
|switch|p2a: Zapdos|Zapdos|51/100
|-heal|p2a: Zapdos|100/100|[from] move: Healing Wish
|turn|14
|
|t:|1760349933
|switch|p2a: Pelipper|Pelipper, F|91/100
|-weather|RainDance|[from] ability: Drizzle|[of] p2a: Pelipper
|switch|p1a: Sandy Shocks|Sandy Shocks|100/100
|-item|p1a: Sandy Shocks|Air Balloon
|
|-weather|RainDance|[upkeep]
|upkeep
|turn|15
|
|t:|1760349942
|switch|p2a: Iron Treads|Iron Treads|100/100
|move|p1a: Sandy Shocks|Earth Power|p2a: Iron Treads
|-supereffective|p2a: Iron Treads
|-damage|p2a: Iron Treads|27/100
|
|-weather|RainDance|[upkeep]
|-heal|p2a: Iron Treads|33/100|[from] item: Leftovers
|upkeep
|turn|16
|
|t:|1760349961
|-end|p1a: Sandy Shocks|Protosynthesis|[silent]
|switch|p1a: Moltres|Moltres|67/100 tox
|move|p2a: Iron Treads|Stealth Rock|p1a: Moltres
|-sidestart|p1: yanso777|move: Stealth Rock
|
|-weather|RainDance|[upkeep]
|-heal|p2a: Iron Treads|39/100|[from] item: Leftovers
|-damage|p1a: Moltres|61/100 tox|[from] psn
|upkeep
|turn|17
|
|t:|1760349975
|move|p2a: Iron Treads|Volt Switch|p1a: Moltres
|-supereffective|p1a: Moltres
|-damage|p1a: Moltres|37/100 tox
|
|t:|1760349981
|-end|p2a: Iron Treads|Quark Drive|[silent]
|switch|p2a: Zapdos|Zapdos|100/100|[from] Volt Switch
|move|p1a: Moltres|Flamethrower|p2a: Zapdos
|-damage|p2a: Zapdos|80/100
|
|-weather|RainDance|[upkeep]
|-damage|p1a: Moltres|25/100 tox|[from] psn
|upkeep
|turn|18
|
|t:|1760349988
|switch|p1a: Sandy Shocks|Sandy Shocks|100/100
|-damage|p1a: Sandy Shocks|94/100|[from] Stealth Rock
|-item|p1a: Sandy Shocks|Air Balloon
|move|p2a: Zapdos|Hurricane|p1a: Sandy Shocks
|-resisted|p1a: Sandy Shocks
|-damage|p1a: Sandy Shocks|47/100
|-start|p1a: Sandy Shocks|confusion
|-enditem|p1a: Sandy Shocks|Air Balloon
|
|-weather|RainDance|[upkeep]
|upkeep
|turn|19
|
|t:|1760349999
|switch|p2a: Iron Treads|Iron Treads|39/100
|-activate|p1a: Sandy Shocks|confusion
|move|p1a: Sandy Shocks|Volt Switch|p2a: Iron Treads
|-immune|p2a: Iron Treads
|
|-weather|RainDance|[upkeep]
|-heal|p2a: Iron Treads|45/100|[from] item: Leftovers
|upkeep
|turn|20
|
|t:|1760350007
|-activate|p1a: Sandy Shocks|confusion
|-damage|p1a: Sandy Shocks|41/100|[from] confusion
|move|p2a: Iron Treads|Earthquake|p1a: Sandy Shocks
|-supereffective|p1a: Sandy Shocks
|-crit|p1a: Sandy Shocks
|-damage|p1a: Sandy Shocks|0 fnt
|faint|p1a: Sandy Shocks
|-end|p1a: Sandy Shocks|Protosynthesis|[silent]
|
|-weather|RainDance|[upkeep]
|-heal|p2a: Iron Treads|51/100|[from] item: Leftovers
|upkeep
|
|t:|1760350012
|switch|p1a: Ting-Lu|Ting-Lu|47/100
|-damage|p1a: Ting-Lu|41/100|[from] Stealth Rock
|-ability|p1a: Ting-Lu|Vessel of Ruin
|turn|21
|
|t:|1760350027
|move|p2a: Iron Treads|Earthquake|p1a: Ting-Lu
|-damage|p1a: Ting-Lu|19/100
|move|p1a: Ting-Lu|Earthquake|p2a: Iron Treads
|-supereffective|p2a: Iron Treads
|-damage|p2a: Iron Treads|0 fnt
|faint|p2a: Iron Treads
|-end|p2a: Iron Treads|Quark Drive|[silent]
|
|-weather|none
|-heal|p1a: Ting-Lu|26/100|[from] item: Leftovers
|upkeep
|
|t:|1760350035
|switch|p2a: Pelipper|Pelipper, F|91/100
|-weather|RainDance|[from] ability: Drizzle|[of] p2a: Pelipper
|turn|22
|
|t:|1760350042
|move|p1a: Ting-Lu|Sunny Day|p1a: Ting-Lu
|-weather|SunnyDay
|move|p2a: Pelipper|U-turn|p1a: Ting-Lu
|-supereffective|p1a: Ting-Lu
|-damage|p1a: Ting-Lu|15/100
|
|t:|1760350047
|switch|p2a: Toxicroak|Toxicroak, F|65/100|[from] U-turn
|
|-weather|SunnyDay|[upkeep]
|-damage|p2a: Toxicroak|53/100|[from] ability: Dry Skin|[of] p2a: Toxicroak
|-heal|p1a: Ting-Lu|21/100|[from] item: Leftovers
|upkeep
|turn|23
|
|t:|1760350060
|move|p2a: Toxicroak|Drain Punch|p1a: Ting-Lu
|-supereffective|p1a: Ting-Lu
|-damage|p1a: Ting-Lu|0 fnt
|-heal|p2a: Toxicroak|67/100|[from] drain|[of] p1a: Ting-Lu
|faint|p1a: Ting-Lu
|
|-weather|SunnyDay|[upkeep]
|-damage|p2a: Toxicroak|54/100|[from] ability: Dry Skin|[of] p2a: Toxicroak
|upkeep
|
|t:|1760350075
|switch|p1a: Walking Wake|Walking Wake|100/100
|-activate|p1a: Walking Wake|ability: Protosynthesis
|-start|p1a: Walking Wake|protosynthesisspe
|turn|24
|
|t:|1760350082
|switch|p2a: Pelipper|Pelipper, F|91/100
|-weather|RainDance|[from] ability: Drizzle|[of] p2a: Pelipper
|-end|p1a: Walking Wake|Protosynthesis
|move|p1a: Walking Wake|Flamethrower|p2a: Pelipper
|-resisted|p2a: Pelipper
|-damage|p2a: Pelipper|83/100
|
|-weather|RainDance|[upkeep]
|upkeep
|turn|25
|
|t:|1760350095
|move|p1a: Walking Wake|Draco Meteor|p2a: Pelipper|[miss]
|-miss|p1a: Walking Wake|p2a: Pelipper
|move|p2a: Pelipper|Knock Off|p1a: Walking Wake
|-damage|p1a: Walking Wake|85/100
|-enditem|p1a: Walking Wake|Heavy-Duty Boots|[from] move: Knock Off|[of] p2a: Pelipper
|
|-weather|RainDance|[upkeep]
|upkeep
|turn|26
|
|t:|1760350113
|switch|p2a: Toxicroak|Toxicroak, F|54/100
|move|p1a: Walking Wake|Draco Meteor|p2a: Toxicroak
|-damage|p2a: Toxicroak|0 fnt
|-unboost|p1a: Walking Wake|spa|2
|faint|p2a: Toxicroak
|
|-weather|RainDance|[upkeep]
|upkeep
|
|t:|1760350118
|switch|p2a: Zapdos|Zapdos|80/100
|turn|27
|
|t:|1760350130
|move|p1a: Walking Wake|Knock Off|p2a: Zapdos
|-damage|p2a: Zapdos|58/100
|-enditem|p2a: Zapdos|Choice Specs|[from] move: Knock Off|[of] p1a: Walking Wake
|move|p2a: Zapdos|Thunder|p1a: Walking Wake
|-damage|p1a: Walking Wake|18/100
|-status|p1a: Walking Wake|par
|
|-weather|RainDance|[upkeep]
|upkeep
|turn|28
|
|t:|1760350136
|move|p2a: Zapdos|Volt Switch|p1a: Walking Wake
|-damage|p1a: Walking Wake|0 fnt
|faint|p1a: Walking Wake
|-end|p1a: Walking Wake|Protosynthesis|[silent]
|
|t:|1760350142
|switch|p2a: Barraskewda|Barraskewda, F|100/100|[from] Volt Switch
|
|-weather|RainDance|[upkeep]
|upkeep
|
|t:|1760350144
|switch|p1a: Leafeon|Leafeon, F|84/100
|-damage|p1a: Leafeon|71/100|[from] Stealth Rock
|turn|29
|
|t:|1760350148
|move|p2a: Barraskewda|Flip Turn|p1a: Leafeon
|-resisted|p1a: Leafeon
|-damage|p1a: Leafeon|36/100
|
|t:|1760350151
|switch|p2a: Zapdos|Zapdos|58/100|[from] Flip Turn
|move|p1a: Leafeon|Solar Blade||[still]
|-prepare|p1a: Leafeon|Solar Blade
|
|-weather|RainDance|[upkeep]
|upkeep
|turn|30
|
|t:|1760350155
|move|p2a: Zapdos|Hurricane|p1a: Leafeon
|-supereffective|p1a: Leafeon
|-damage|p1a: Leafeon|0 fnt
|faint|p1a: Leafeon
|
|-weather|RainDance|[upkeep]
|upkeep
|
|t:|1760350157
|switch|p1a: Moltres|Moltres|25/100 tox
|-damage|p1a: Moltres|0 fnt|[from] Stealth Rock
|faint|p1a: Moltres
|
|win|nonoth
|raw|yanso777's rating: 1258 &rarr; <strong>1239</strong><br />(-19 for losing)
|raw|nonoth's rating: 1346 &rarr; <strong>1361</strong><br />(+15 for winning)
|l|☆yanso777
|player|p1|
|l|☆nonoth
|player|p2|
