|j|☆patcheele~
|j|☆IMMAAXX
|t:|1760436287
|gametype|singles
|player|p1|patcheele~|preschooler-gen7|1396
|player|p2|IMMAAXX|lusamine-nihilego|1468
|gen|9
|tier|[Gen 9] OU
|rated|
|rule|HP Percentage Mod: HP is shown in percentages
|rule|Endless Battle Clause: Forcing endless battles is banned
|rule|Species Clause: Limit one of each Pokémon
|rule|OHKO Clause: OHKO moves are banned
|rule|Evasion Items Clause: Evasion items are banned
|rule|Evasion Moves Clause: Evasion moves are banned
|rule|Evasion Abilities Clause: Evasion abilities are banned
|rule|Sleep Moves Clause: Sleep-inducing moves are banned
|clearpoke
|poke|p1|Lokix, M|
|poke|p1|Cinderace, M|
|poke|p1|Great Tusk|
|poke|p1|Alomomola, F|
|poke|p1|Enamorus, F|
|poke|p1|Slowking-Galar, F|
|poke|p2|Hoopa-Unbound|
|poke|p2|Hydrapple, M|
|poke|p2|Gliscor, M|
|poke|p2|Cinderace, M|
|poke|p2|Alomomola, F|
|poke|p2|Gholdengo|
|teampreview
|
|t:|1760436319
|teamsize|p1|6
|teamsize|p2|6
|start
|switch|p1a: Alomomola|Alomomola, F|100/100
|switch|p2a: Hydrapple|Hydrapple, M, shiny|100/100
|turn|1
|
|t:|1760436325
|switch|p2a: Gliscor|Gliscor, M|100/100
|move|p1a: Alomomola|Flip Turn|p2a: Gliscor
|-supereffective|p2a: Gliscor
|-damage|p2a: Gliscor|74/100
|
|t:|1760436331
|switch|p1a: Slowking|Slowking-Galar, F|100/100|[from] Flip Turn
|
|-status|p2a: Gliscor|tox|[from] item: Toxic Orb
|upkeep
|turn|2
|
|t:|1760436338
|move|p2a: Gliscor|Protect|p2a: Gliscor
|-singleturn|p2a: Gliscor|Protect
|move|p1a: Slowking|Ice Beam|p2a: Gliscor
|-activate|p2a: Gliscor|move: Protect
|
|-heal|p2a: Gliscor|87/100 tox|[from] ability: Poison Heal
|upkeep
|turn|3
|
|t:|1760436346
|switch|p2a: Alomomola|Alomomola, F|100/100
|move|p1a: Slowking|Future Sight|p2a: Alomomola
|-start|p1a: Slowking|move: Future Sight
|
|upkeep
|turn|4
|
|t:|1760436349
|move|p2a: Alomomola|Body Slam|p1a: Slowking
|-damage|p1a: Slowking|89/100
|-status|p1a: Slowking|par
|-prepare|p1a: Slowking|Chilly Reception|[premajor]
|move|p1a: Slowking|Chilly Reception|p1a: Slowking
|-weather|Snowscape
|
|t:|1760436357
|switch|p1a: Enamorus|Enamorus, F|100/100|[from] Chilly Reception
|
|-weather|Snowscape|[upkeep]
|upkeep
|turn|5
|
|t:|1760436361
|move|p1a: Enamorus|Moonblast|p2a: Alomomola
|-damage|p2a: Alomomola|71/100
|move|p2a: Alomomola|Mirror Coat|p1a: Enamorus
|-damage|p1a: Enamorus|0 fnt
|faint|p1a: Enamorus
|
|-weather|Snowscape|[upkeep]
|-end|p2a: Alomomola|move: Future Sight
|-damage|p2a: Alomomola|50/100
|upkeep
|
|t:|1760436386
|switch|p1a: Lokix|Lokix, M|100/100
|turn|6
|
|t:|1760436406
|switch|p2a: Gliscor|Gliscor, M|87/100 tox
|move|p1a: Lokix|First Impression|p2a: Gliscor
|-resisted|p2a: Gliscor
|-damage|p2a: Gliscor|37/100 tox
|
|-weather|Snowscape|[upkeep]
|-heal|p2a: Gliscor|50/100 tox|[from] ability: Poison Heal
|upkeep
|turn|7
|
|t:|1760436415
|switch|p1a: Alomomola|Alomomola, F|100/100
|move|p2a: Gliscor|Spikes|p1a: Alomomola
|-sidestart|p1: patcheele~|Spikes
|
|-weather|Snowscape|[upkeep]
|-heal|p2a: Gliscor|62/100 tox|[from] ability: Poison Heal
|upkeep
|turn|8
|
|t:|1760436421
|move|p2a: Gliscor|Toxic|p1a: Alomomola
|-status|p1a: Alomomola|tox
|move|p1a: Alomomola|Flip Turn|p2a: Gliscor
|-supereffective|p2a: Gliscor
|-damage|p2a: Gliscor|38/100 tox
|
|t:|1760436424
|switch|p1a: Great Tusk|Great Tusk|100/100|[from] Flip Turn
|-damage|p1a: Great Tusk|88/100|[from] Spikes
|
|-weather|none
|-heal|p1a: Great Tusk|94/100|[from] item: Leftovers
|-heal|p2a: Gliscor|50/100 tox|[from] ability: Poison Heal
|upkeep
|turn|9
|
|t:|1760436427
|move|p2a: Gliscor|Protect|p2a: Gliscor
|-singleturn|p2a: Gliscor|Protect
|move|p1a: Great Tusk|Rapid Spin|p2a: Gliscor
|-activate|p2a: Gliscor|move: Protect
|
|-heal|p1a: Great Tusk|100/100|[from] item: Leftovers
|-heal|p2a: Gliscor|63/100 tox|[from] ability: Poison Heal
|upkeep
|turn|10
|inactive|Battle timer is ON: inactive players will automatically lose when time's up. (requested by IMMAAXX)
|
|t:|1760436431
|switch|p2a: Gholdengo|Gholdengo|100/100
|-item|p2a: Gholdengo|Air Balloon
|move|p1a: Great Tusk|Rapid Spin|p2a: Gholdengo
|-immune|p2a: Gholdengo
|
|upkeep
|turn|11
|
|t:|1760436436
|move|p1a: Great Tusk|Knock Off|p2a: Gholdengo
|-supereffective|p2a: Gholdengo
|-damage|p2a: Gholdengo|60/100
|-enditem|p2a: Gholdengo|Air Balloon
|move|p2a: Gholdengo|Make It Rain|p1a: Great Tusk
|-damage|p1a: Great Tusk|36/100
|-unboost|p2a: Gholdengo|spa|1
|
|-heal|p1a: Great Tusk|42/100|[from] item: Leftovers
|upkeep
|turn|12
|
|t:|1760436441
|-terastallize|p2a: Gholdengo|Fairy
|move|p1a: Great Tusk|Earthquake|p2a: Gholdengo
|-damage|p2a: Gholdengo|28/100
|move|p2a: Gholdengo|Make It Rain|p1a: Great Tusk
|-damage|p1a: Great Tusk|0 fnt
|-unboost|p2a: Gholdengo|spa|1
|faint|p1a: Great Tusk
|-end|p1a: Great Tusk|Protosynthesis|[silent]
|
|upkeep
|
|t:|1760436449
|switch|p1a: Cinderace|Cinderace, M|100/100
|turn|13
|
|t:|1760436459
|move|p1a: Cinderace|Pyro Ball|p2a: Gholdengo
|-damage|p2a: Gholdengo|0 fnt
|faint|p2a: Gholdengo
|
|upkeep
|
|t:|1760436462
|switch|p2a: Hoopa|Hoopa-Unbound|100/100
|turn|14
|
|t:|1760436478
|switch|p2a: Alomomola|Alomomola, F|83/100
|move|p1a: Cinderace|U-turn|p2a: Alomomola
|-damage|p2a: Alomomola|68/100
|
|t:|1760436486
|switch|p1a: Lokix|Lokix, M|100/100|[from] U-turn
|-damage|p1a: Lokix|88/100|[from] Spikes
|
|upkeep
|turn|15
|
|t:|1760436501
|switch|p2a: Gliscor|Gliscor, M|63/100 tox
|move|p1a: Lokix|U-turn|p2a: Gliscor
|-resisted|p2a: Gliscor
|-damage|p2a: Gliscor|22/100 tox
|
|t:|1760436509
|switch|p1a: Cinderace|Cinderace, M|100/100|[from] U-turn
|
|-heal|p2a: Gliscor|34/100 tox|[from] ability: Poison Heal
|upkeep
|turn|16
|
|t:|1760436514
|move|p2a: Gliscor|Protect|p2a: Gliscor
|-singleturn|p2a: Gliscor|Protect
|move|p1a: Cinderace|Pyro Ball|p2a: Gliscor
|-activate|p2a: Gliscor|move: Protect
|
|-heal|p2a: Gliscor|47/100 tox|[from] ability: Poison Heal
|upkeep
|turn|17
|
|t:|1760436520
|move|p1a: Cinderace|Court Change|p1a: Cinderace
|-swapsideconditions
|-activate|p1a: Cinderace|move: Court Change
|move|p2a: Gliscor|Spikes|p1a: Cinderace
|-sidestart|p1: patcheele~|Spikes
|
|-heal|p2a: Gliscor|59/100 tox|[from] ability: Poison Heal
|upkeep
|turn|18
|
|t:|1760436525
|move|p2a: Gliscor|Protect|p2a: Gliscor
|-singleturn|p2a: Gliscor|Protect
|move|p1a: Cinderace|Pyro Ball|p2a: Gliscor
|-activate|p2a: Gliscor|move: Protect
|
|-heal|p2a: Gliscor|72/100 tox|[from] ability: Poison Heal
|upkeep
|turn|19
|
|t:|1760436529
|move|p1a: Cinderace|Pyro Ball|p2a: Gliscor|[miss]
|-miss|p1a: Cinderace|p2a: Gliscor
|move|p2a: Gliscor|Earthquake|p1a: Cinderace
|-supereffective|p1a: Cinderace
|-damage|p1a: Cinderace|16/100
|
|-heal|p2a: Gliscor|84/100 tox|[from] ability: Poison Heal
|upkeep
|turn|20
|
|t:|1760436540
|move|p2a: Gliscor|Protect|p2a: Gliscor
|-singleturn|p2a: Gliscor|Protect
|move|p1a: Cinderace|Pyro Ball|p2a: Gliscor
|-activate|p2a: Gliscor|move: Protect
|
|-heal|p2a: Gliscor|97/100 tox|[from] ability: Poison Heal
|upkeep
|turn|21
|
|t:|1760436542
|switch|p2a: Alomomola|Alomomola, F|100/100
|-damage|p2a: Alomomola|88/100|[from] Spikes
|move|p1a: Cinderace|Pyro Ball|p2a: Alomomola
|-resisted|p2a: Alomomola
|-damage|p2a: Alomomola|59/100
|
|upkeep
|turn|22
|
|t:|1760436547
|move|p1a: Cinderace|U-turn|p2a: Alomomola
|-crit|p2a: Alomomola
|-damage|p2a: Alomomola|36/100
|
|t:|1760436552
|switch|p1a: Lokix|Lokix, M|88/100|[from] U-turn
|-damage|p1a: Lokix|76/100|[from] Spikes
|move|p2a: Alomomola|Flip Turn|p1a: Lokix
|-damage|p1a: Lokix|52/100
|
|t:|1760436560
|switch|p2a: Cinderace|Cinderace, M|100/100|[from] Flip Turn
|
|upkeep
|turn|23
|
|t:|1760436565
|-terastallize|p1a: Lokix|Bug
|move|p1a: Lokix|First Impression|p2a: Cinderace
|-resisted|p2a: Cinderace
|-damage|p2a: Cinderace|0 fnt
|faint|p2a: Cinderace
|
|upkeep
|
|t:|1760436573
|switch|p2a: Hoopa|Hoopa-Unbound|100/100
|-damage|p2a: Hoopa|88/100|[from] Spikes
|turn|24
|
|t:|1760436577
|switch|p1a: Alomomola|Alomomola, F|100/100 tox
|-damage|p1a: Alomomola|88/100 tox|[from] Spikes
|move|p2a: Hoopa|Knock Off|p1a: Alomomola
|-damage|p1a: Alomomola|45/100 tox
|-enditem|p1a: Alomomola|Assault Vest|[from] move: Knock Off|[of] p2a: Hoopa
|
|-damage|p1a: Alomomola|39/100 tox|[from] psn
|upkeep
|turn|25
|
|t:|1760436587
|move|p2a: Hoopa|Knock Off|p1a: Alomomola
|-damage|p1a: Alomomola|7/100 tox
|move|p1a: Alomomola|Flip Turn|p2a: Hoopa
|-damage|p2a: Hoopa|59/100
|
|t:|1760436608
|switch|p1a: Lokix|Lokix, M, tera:Bug|52/100|[from] Flip Turn
|-damage|p1a: Lokix|40/100|[from] Spikes
|
|upkeep
|turn|26
|
|t:|1760436619
|switch|p2a: Alomomola|Alomomola, F|70/100
|-damage|p2a: Alomomola|57/100|[from] Spikes
|move|p1a: Lokix|Leech Life|p2a: Alomomola
|-damage|p2a: Alomomola|0 fnt
|-heal|p1a: Lokix|92/100|[from] drain|[of] p2a: Alomomola
|faint|p2a: Alomomola
|
|upkeep
|
|t:|1760436622
|switch|p2a: Hoopa|Hoopa-Unbound|59/100
|-damage|p2a: Hoopa|47/100|[from] Spikes
|turn|27
|
|t:|1760436630
|move|p2a: Hoopa|Knock Off|p1a: Lokix
|-damage|p1a: Lokix|8/100
|-enditem|p1a: Lokix|Choice Band|[from] move: Knock Off|[of] p2a: Hoopa
|move|p1a: Lokix|Leech Life|p2a: Hoopa
|-supereffective|p2a: Hoopa
|-damage|p2a: Hoopa|0 fnt
|-heal|p1a: Lokix|32/100|[from] drain|[of] p2a: Hoopa
|faint|p2a: Hoopa
|
|upkeep
|
|t:|1760436636
|switch|p2a: Gliscor|Gliscor, M|97/100 tox
|turn|28
|
|t:|1760436644
|move|p1a: Lokix|Leech Life|p2a: Gliscor
|-resisted|p2a: Gliscor
|-damage|p2a: Gliscor|53/100 tox
|-heal|p1a: Lokix|57/100|[from] drain|[of] p2a: Gliscor
|move|p2a: Gliscor|Spikes|p1a: Lokix
|-sidestart|p1: patcheele~|Spikes
|
|-heal|p2a: Gliscor|66/100 tox|[from] ability: Poison Heal
|upkeep
|turn|29
|
|t:|1760436652
|move|p2a: Gliscor|Protect|p2a: Gliscor
|-singleturn|p2a: Gliscor|Protect
|move|p1a: Lokix|Leech Life|p2a: Gliscor
|-activate|p2a: Gliscor|move: Protect
|
|-heal|p2a: Gliscor|78/100 tox|[from] ability: Poison Heal
|upkeep
|turn|30
|
|t:|1760436660
|move|p1a: Lokix|Leech Life|p2a: Gliscor
|-resisted|p2a: Gliscor
|-damage|p2a: Gliscor|35/100 tox
|-heal|p1a: Lokix|83/100|[from] drain|[of] p2a: Gliscor
|move|p2a: Gliscor|Toxic|p1a: Lokix
|-status|p1a: Lokix|tox
|
|-damage|p1a: Lokix|77/100 tox|[from] psn
|-heal|p2a: Gliscor|48/100 tox|[from] ability: Poison Heal
|upkeep
|turn|31
|
|t:|1760436669
|move|p2a: Gliscor|Protect|p2a: Gliscor
|-singleturn|p2a: Gliscor|Protect
|move|p1a: Lokix|U-turn|p2a: Gliscor
|-activate|p2a: Gliscor|move: Protect
|
|-damage|p1a: Lokix|65/100 tox|[from] psn
|-heal|p2a: Gliscor|60/100 tox|[from] ability: Poison Heal
|upkeep
|turn|32
|
|t:|1760436673
|move|p1a: Lokix|U-turn|p2a: Gliscor
|-resisted|p2a: Gliscor
|-damage|p2a: Gliscor|23/100 tox
|
|t:|1760436677
|switch|p1a: Alomomola|Alomomola, F|40/100 tox|[from] U-turn
|-damage|p1a: Alomomola|23/100 tox|[from] Spikes
|move|p2a: Gliscor|Earthquake|p1a: Alomomola
|-damage|p1a: Alomomola|0 fnt
|faint|p1a: Alomomola
|
|-heal|p2a: Gliscor|35/100 tox|[from] ability: Poison Heal
|upkeep
|
|t:|1760436684
|switch|p1a: Cinderace|Cinderace, M|16/100
|turn|33
|
|t:|1760436686
|move|p2a: Gliscor|Protect|p2a: Gliscor
|-singleturn|p2a: Gliscor|Protect
|move|p1a: Cinderace|Court Change|p1a: Cinderace
|-swapsideconditions
|-activate|p1a: Cinderace|move: Court Change
|
|-heal|p2a: Gliscor|48/100 tox|[from] ability: Poison Heal
|upkeep
|turn|34
|
|t:|1760436690
|move|p2a: Gliscor|Protect||[still]
|-fail|p2a: Gliscor
|move|p1a: Cinderace|Pyro Ball|p2a: Gliscor
|-damage|p2a: Gliscor|0 fnt
|faint|p2a: Gliscor
|
|upkeep
|
|t:|1760436694
|switch|p2a: Hydrapple|Hydrapple, M, shiny|100/100
|-damage|p2a: Hydrapple|84/100|[from] Spikes
|turn|35
|
|t:|1760436702
|move|p1a: Cinderace|Pyro Ball|p2a: Hydrapple|[miss]
|-miss|p1a: Cinderace|p2a: Hydrapple
|move|p2a: Hydrapple|Earth Power|p1a: Cinderace
|-supereffective|p1a: Cinderace
|-damage|p1a: Cinderace|0 fnt
|faint|p1a: Cinderace
|
|upkeep
|
|t:|1760436705
|switch|p1a: Lokix|Lokix, M, tera:Bug|65/100 tox
|-damage|p1a: Lokix|53/100 tox|[from] Spikes
|turn|36
|
|t:|1760436709
|move|p1a: Lokix|First Impression|p2a: Hydrapple
|-supereffective|p2a: Hydrapple
|-damage|p2a: Hydrapple|1/100
|-damage|p1a: Lokix|36/100 tox|[from] item: Rocky Helmet|[of] p2a: Hydrapple
|move|p2a: Hydrapple|Fickle Beam|p1a: Lokix
|-damage|p1a: Lokix|0 fnt
|faint|p1a: Lokix
|
|upkeep
|
|t:|1760436714
|switch|p1a: Slowking|Slowking-Galar, F|100/100 par
|-damage|p1a: Slowking|88/100 par|[from] Spikes
|turn|37
|
|t:|1760436718
|move|p2a: Hydrapple|Nasty Plot|p2a: Hydrapple
|-boost|p2a: Hydrapple|spa|2
|move|p1a: Slowking|Sludge Bomb|p2a: Hydrapple
|-supereffective|p2a: Hydrapple
|-damage|p2a: Hydrapple|0 fnt
|faint|p2a: Hydrapple
|
|win|patcheele~
|raw|patcheele~'s rating: 1396 &rarr; <strong>1420</strong><br />(+24 for winning)
|raw|IMMAAXX's rating: 1468 &rarr; <strong>1444</strong><br />(-24 for losing)
|l|☆IMMAAXX
|player|p2|
|c|☆patcheele~|gg
