|j|☆aurafarmer2250
|j|☆jeresito
|t:|1760317976
|gametype|singles
|player|p1|aurafarmer2250|hugh|1080
|player|p2|jeresito|fisherman-gen4|1084
|gen|9
|tier|[Gen 9] OU
|rated|
|rule|HP Percentage Mod: HP is shown in percentages
|rule|Endless Battle Clause: Forcing endless battles is banned
|rule|Species Clause: Limit one of each Pokémon
|rule|OHKO Clause: OHKO moves are banned
|rule|Evasion Items Clause: Evasion items are banned
|rule|Evasion Moves Clause: Evasion moves are banned
|rule|Evasion Abilities Clause: Evasion abilities are banned
|rule|Sleep Moves Clause: Sleep-inducing moves are banned
|clearpoke
|poke|p1|Corviknight, M|
|poke|p1|Ting-Lu|
|poke|p1|Polteageist-Antique|
|poke|p1|Landorus-Therian, M|
|poke|p1|Moltres-Galar|
|poke|p1|Pikachu-Kalos, M|
|poke|p2|Cloyster, F|
|poke|p2|Dragapult, M|
|poke|p2|Greninja-*, M|
|poke|p2|Clodsire, F|
|poke|p2|Hawlucha, F|
|poke|p2|Ribombee, M|
|teampreview
|inactive|Battle timer is ON: inactive players will automatically lose when time's up. (requested by jeresito)
|
|t:|1760317979
|teamsize|p1|6
|teamsize|p2|6
|start
|switch|p1a: Pikachu|Pikachu-Kalos, M|100/100
|switch|p2a: Clodsire|Clodsire, F|100/100
|turn|1
|
|t:|1760317993
|move|p1a: Pikachu|Knock Off|p2a: Clodsire
|-damage|p2a: Clodsire|54/100
|-enditem|p2a: Clodsire|Leftovers|[from] move: Knock Off|[of] p1a: Pikachu
|move|p2a: Clodsire|Stealth Rock|p1a: Pikachu
|-sidestart|p1: aurafarmer2250|move: Stealth Rock
|
|upkeep
|turn|2
|
|t:|1760318002
|move|p1a: Pikachu|Knock Off|p2a: Clodsire
|-damage|p2a: Clodsire|22/100
|move|p2a: Clodsire|Spikes|p1a: Pikachu
|-sidestart|p1: aurafarmer2250|Spikes
|
|upkeep
|turn|3
|
|t:|1760318007
|move|p1a: Pikachu|Knock Off|p2a: Clodsire
|-damage|p2a: Clodsire|0 fnt
|faint|p2a: Clodsire
|
|upkeep
|
|t:|1760318017
|switch|p2a: Ribombee|Ribombee, M|100/100
|turn|4
|
|t:|1760318025
|move|p2a: Ribombee|Sticky Web|p1a: Pikachu
|-sidestart|p1: aurafarmer2250|move: Sticky Web
|move|p1a: Pikachu|Nuzzle|p2a: Ribombee
|-damage|p2a: Ribombee|76/100
|
|upkeep
|turn|5
|
|t:|1760318031
|move|p2a: Ribombee|Tailwind|p2a: Ribombee
|-sidestart|p2: jeresito|move: Tailwind
|move|p1a: Pikachu|Knock Off|p2a: Ribombee
|-resisted|p2a: Ribombee
|-damage|p2a: Ribombee|40/100
|-enditem|p2a: Ribombee|Focus Sash|[from] move: Knock Off|[of] p1a: Pikachu
|
|upkeep
|turn|6
|
|t:|1760318039
|move|p2a: Ribombee|Stun Spore|p1a: Pikachu
|-immune|p1a: Pikachu
|move|p1a: Pikachu|Thunderbolt|p2a: Ribombee
|-damage|p2a: Ribombee|0 fnt
|faint|p2a: Ribombee
|
|upkeep
|j| LeeZilla
|
|t:|1760318045
|switch|p2a: Dragapult|Dragapult, M|100/100
|turn|7
|
|t:|1760318049
|move|p2a: Dragapult|Shadow Ball|p1a: Pikachu
|-damage|p1a: Pikachu|0 fnt
|faint|p1a: Pikachu
|
|upkeep
|
|t:|1760318062
|switch|p1a: Ting-Lu|Ting-Lu|100/100
|-damage|p1a: Ting-Lu|94/100|[from] Stealth Rock
|-damage|p1a: Ting-Lu|82/100|[from] Spikes
|-activate|p1a: Ting-Lu|move: Sticky Web
|-unboost|p1a: Ting-Lu|spe|1
|-ability|p1a: Ting-Lu|Vessel of Ruin
|turn|8
|l| LeeZilla
|
|t:|1760318072
|move|p2a: Dragapult|Shadow Ball|p1a: Ting-Lu
|-resisted|p1a: Ting-Lu
|-damage|p1a: Ting-Lu|66/100
|move|p1a: Ting-Lu|Stealth Rock|p2a: Dragapult
|-sidestart|p2: jeresito|move: Stealth Rock
|
|-heal|p1a: Ting-Lu|73/100|[from] item: Leftovers
|-sideend|p2: jeresito|move: Tailwind
|upkeep
|turn|9
|
|t:|1760318080
|switch|p2a: Cloyster|Cloyster, F|100/100
|-damage|p2a: Cloyster|76/100|[from] Stealth Rock
|move|p1a: Ting-Lu|Spikes|p2a: Cloyster
|-sidestart|p2: jeresito|Spikes
|
|-heal|p1a: Ting-Lu|79/100|[from] item: Leftovers
|upkeep
|turn|10
|
|t:|1760318089
|move|p2a: Cloyster|Shell Smash|p2a: Cloyster
|-unboost|p2a: Cloyster|def|1
|-unboost|p2a: Cloyster|spd|1
|-boost|p2a: Cloyster|atk|2
|-boost|p2a: Cloyster|spa|2
|-boost|p2a: Cloyster|spe|2
|-enditem|p2a: Cloyster|White Herb
|-clearnegativeboost|p2a: Cloyster|[silent]
|move|p1a: Ting-Lu|Spikes|p2a: Cloyster
|-sidestart|p2: jeresito|Spikes
|
|-heal|p1a: Ting-Lu|85/100|[from] item: Leftovers
|upkeep
|turn|11
|
|t:|1760318099
|move|p2a: Cloyster|Icicle Spear|p1a: Ting-Lu
|-supereffective|p1a: Ting-Lu
|-damage|p1a: Ting-Lu|65/100
|-supereffective|p1a: Ting-Lu
|-damage|p1a: Ting-Lu|45/100
|-supereffective|p1a: Ting-Lu
|-damage|p1a: Ting-Lu|25/100
|-supereffective|p1a: Ting-Lu
|-damage|p1a: Ting-Lu|6/100
|-supereffective|p1a: Ting-Lu
|-damage|p1a: Ting-Lu|0 fnt
|faint|p1a: Ting-Lu
|-hitcount|p1: Ting-Lu|5
|
|upkeep
|inactive|aurafarmer2250 has 120 seconds left.
|
|t:|1760318140
|switch|p1a: Landorus|Landorus-Therian, M, shiny|100/100
|-damage|p1a: Landorus|88/100|[from] Stealth Rock
|-ability|p1a: Landorus|Intimidate|boost
|-unboost|p2a: Cloyster|atk|1
|turn|12
|
|t:|1760318146
|move|p2a: Cloyster|Icicle Spear|p1a: Landorus
|-supereffective|p1a: Landorus
|-damage|p1a: Landorus|4/100
|-supereffective|p1a: Landorus
|-damage|p1a: Landorus|0 fnt
|faint|p1a: Landorus
|-hitcount|p1: Landorus|2
|
|upkeep
|-message|aurafarmer2250 forfeited.
|
|win|jeresito
|raw|aurafarmer2250's rating: 1080 &rarr; <strong>1058</strong><br />(-22 for losing)
|raw|jeresito's rating: 1084 &rarr; <strong>1111</strong><br />(+27 for winning)
|l|☆aurafarmer2250
|player|p1|
|l|☆jeresito
|player|p2|
