|j|☆pcmajorminer
|j|☆Jerelmy
|t:|1760455391
|gametype|singles
|player|p1|pcmajorminer|elesa|1288
|player|p2|Jerelmy|red|1315
|gen|9
|tier|[Gen 9] OU
|rated|
|rule|HP Percentage Mod: HP is shown in percentages
|rule|Endless Battle Clause: Forcing endless battles is banned
|rule|Species Clause: Limit one of each Pokémon
|rule|OHKO Clause: OHKO moves are banned
|rule|Evasion Items Clause: Evasion items are banned
|rule|Evasion Moves Clause: Evasion moves are banned
|rule|Evasion Abilities Clause: Evasion abilities are banned
|rule|Sleep Moves Clause: Sleep-inducing moves are banned
|clearpoke
|poke|p1|Garchomp, M|
|poke|p1|Gholdengo|
|poke|p1|Talonflame, M|
|poke|p1|Hoopa-Unbound|
|poke|p1|Alomomola, M|
|poke|p1|Shaymin|
|poke|p2|Delphox, F|
|poke|p2|Greninja-*, M|
|poke|p2|Scizor, M|
|poke|p2|Umbreon, F|
|poke|p2|Conkeldurr, M|
|poke|p2|Goodra, F|
|teampreview
|inactive|Battle timer is ON: inactive players will automatically lose when time's up. (requested by pcmajorminer)
|inactive|Jerelmy has 120 seconds left.
|inactive|Jerelmy has 90 seconds left.
|inactive|Jerelmy has 60 seconds left.
|inactive|Jerelmy has 30 seconds left.
|inactive|Jerelmy has 20 seconds left.
|inactive|Jerelmy has 15 seconds left.
|inactive|Jerelmy has 10 seconds left.
|
|t:|1760455606
|teamsize|p1|6
|teamsize|p2|6
|start
|switch|p1a: Talonflame|Talonflame, M, shiny|100/100
|switch|p2a: Play-Doh|Goodra, F|100/100
|turn|1
|
|t:|1760455611
|move|p1a: Talonflame|U-turn|p2a: Play-Doh
|-damage|p2a: Play-Doh|79/100
|-ability|p2a: Play-Doh|Gooey
|-unboost|p1a: Talonflame|spe|1
|
|t:|1760455620
|switch|p1a: Shaymin|Shaymin, shiny|100/100|[from] U-turn
|move|p2a: Play-Doh|Thunderbolt|p1a: Shaymin
|-resisted|p1a: Shaymin
|-damage|p1a: Shaymin|88/100
|
|-heal|p2a: Play-Doh|85/100|[from] item: Leftovers
|upkeep
|turn|2
|inactive|Jerelmy has 90 seconds left.
|
|t:|1760455629
|move|p1a: Shaymin|Dazzling Gleam|p2a: Play-Doh
|-supereffective|p2a: Play-Doh
|-damage|p2a: Play-Doh|46/100
|move|p2a: Play-Doh|Ice Beam|p1a: Shaymin
|-supereffective|p1a: Shaymin
|-crit|p1a: Shaymin
|-damage|p1a: Shaymin|11/100
|
|-heal|p2a: Play-Doh|52/100|[from] item: Leftovers
|upkeep
|turn|3
|inactive|Jerelmy has 90 seconds left.
|
|t:|1760455646
|move|p1a: Shaymin|Dazzling Gleam|p2a: Play-Doh
|-supereffective|p2a: Play-Doh
|-crit|p2a: Play-Doh
|-damage|p2a: Play-Doh|0 fnt
|faint|p2a: Play-Doh
|
|upkeep
|
|t:|1760455656
|switch|p2a: Hermione|Delphox, F|100/100
|turn|4
|inactive|Jerelmy has 90 seconds left.
|
|t:|1760455666
|switch|p1a: Talonflame|Talonflame, M, shiny|100/100
|move|p2a: Hermione|Dazzling Gleam|p1a: Talonflame
|-resisted|p1a: Talonflame
|-damage|p1a: Talonflame|80/100
|
|upkeep
|turn|5
|
|t:|1760455681
|switch|p2a: Luna|Umbreon, F|100/100
|move|p1a: Talonflame|Brave Bird|p2a: Luna
|-damage|p2a: Luna|72/100
|-damage|p1a: Talonflame|67/100|[from] Recoil
|
|-heal|p2a: Luna|78/100|[from] item: Leftovers
|upkeep
|turn|6
|
|t:|1760455692
|move|p1a: Talonflame|U-turn|p2a: Luna
|-supereffective|p2a: Luna
|-damage|p2a: Luna|59/100
|
|t:|1760455702
|switch|p1a: Alomomola|Alomomola, M|100/100|[from] U-turn
|move|p2a: Luna|Foul Play|p1a: Alomomola
|-damage|p1a: Alomomola|86/100
|
|-heal|p2a: Luna|65/100|[from] item: Leftovers
|-heal|p1a: Alomomola|92/100|[from] item: Leftovers
|upkeep
|turn|7
|
|t:|1760455707
|move|p2a: Luna|Toxic|p1a: Alomomola|[miss]
|-miss|p2a: Luna|p1a: Alomomola
|move|p1a: Alomomola|Wish|p1a: Alomomola
|
|-heal|p2a: Luna|71/100|[from] item: Leftovers
|-heal|p1a: Alomomola|98/100|[from] item: Leftovers
|upkeep
|turn|8
|
|t:|1760455711
|switch|p1a: Shaymin|Shaymin, shiny|11/100
|move|p2a: Luna|Toxic|p1a: Shaymin
|-status|p1a: Shaymin|tox
|
|-heal|p1a: Shaymin|89/100 tox|[from] move: Wish|[wisher] Alomomola
|-heal|p2a: Luna|77/100|[from] item: Leftovers
|-damage|p1a: Shaymin|83/100 tox|[from] psn
|upkeep
|turn|9
|
|t:|1760455722
|move|p1a: Shaymin|Dazzling Gleam|p2a: Luna
|-supereffective|p2a: Luna
|-damage|p2a: Luna|26/100
|move|p2a: Luna|Foul Play|p1a: Shaymin
|-damage|p1a: Shaymin|54/100 tox
|
|-heal|p2a: Luna|32/100|[from] item: Leftovers
|-damage|p1a: Shaymin|42/100 tox|[from] psn
|upkeep
|turn|10
|
|t:|1760455727
|move|p2a: Luna|Protect|p2a: Luna
|-singleturn|p2a: Luna|Protect
|move|p1a: Shaymin|Dazzling Gleam|p2a: Luna
|-activate|p2a: Luna|move: Protect
|
|-heal|p2a: Luna|38/100|[from] item: Leftovers
|-damage|p1a: Shaymin|23/100 tox|[from] psn
|upkeep
|turn|11
|
|t:|1760455731
|switch|p2a: Robin|Scizor, M|100/100
|move|p1a: Shaymin|Dazzling Gleam|p2a: Robin
|-resisted|p2a: Robin
|-damage|p2a: Robin|80/100
|
|-damage|p1a: Shaymin|0 fnt|[from] psn
|faint|p1a: Shaymin
|upkeep
|
|t:|1760455736
|switch|p1a: Talonflame|Talonflame, M, shiny|67/100
|turn|12
|
|t:|1760455742
|move|p2a: Robin|Bullet Punch|p1a: Talonflame
|-resisted|p1a: Talonflame
|-damage|p1a: Talonflame|41/100
|move|p1a: Talonflame|Brave Bird|p2a: Robin
|-crit|p2a: Robin
|-damage|p2a: Robin|11/100
|-damage|p1a: Talonflame|15/100|[from] Recoil
|
|upkeep
|turn|13
|
|t:|1760455754
|switch|p1a: Garchomp|Garchomp, M|100/100
|move|p2a: Robin|Bullet Punch|p1a: Garchomp
|-damage|p1a: Garchomp|81/100
|-damage|p2a: Robin|0 fnt|[from] ability: Rough Skin|[of] p1a: Garchomp
|faint|p2a: Robin
|
|upkeep
|
|t:|1760455772
|switch|p2a: Unc|Conkeldurr, M|100/100
|turn|14
|
|t:|1760455779
|move|p1a: Garchomp|Stealth Rock|p2a: Unc
|-sidestart|p2: Jerelmy|move: Stealth Rock
|move|p2a: Unc|Ice Punch|p1a: Garchomp
|-supereffective|p1a: Garchomp
|-damage|p1a: Garchomp|14/100
|-damage|p2a: Unc|88/100|[from] ability: Rough Skin|[of] p1a: Garchomp
|-damage|p2a: Unc|72/100|[from] item: Rocky Helmet|[of] p1a: Garchomp
|
|-status|p2a: Unc|brn|[from] item: Flame Orb
|upkeep
|turn|15
|
|t:|1760455786
|move|p2a: Unc|Mach Punch|p1a: Garchomp
|-damage|p1a: Garchomp|0 fnt
|-damage|p2a: Unc|59/100 brn|[from] ability: Rough Skin|[of] p1a: Garchomp
|-damage|p2a: Unc|43/100 brn|[from] item: Rocky Helmet|[of] p1a: Garchomp
|faint|p1a: Garchomp
|
|-damage|p2a: Unc|36/100 brn|[from] brn
|upkeep
|
|t:|1760455796
|switch|p1a: Gholdengo|Gholdengo, shiny|100/100
|-item|p1a: Gholdengo|Air Balloon
|turn|16
|
|t:|1760455801
|move|p1a: Gholdengo|Hex|p2a: Unc
|-damage|p2a: Unc|0 fnt
|faint|p2a: Unc
|
|upkeep
|
|t:|1760455803
|switch|p2a: Hermione|Delphox, F|100/100
|-damage|p2a: Hermione|76/100|[from] Stealth Rock
|turn|17
|
|t:|1760455814
|move|p2a: Hermione|Flamethrower|p1a: Gholdengo
|-supereffective|p1a: Gholdengo
|-damage|p1a: Gholdengo|8/100
|-enditem|p1a: Gholdengo|Air Balloon
|move|p1a: Gholdengo|Hex|p2a: Hermione
|-supereffective|p2a: Hermione
|-damage|p2a: Hermione|0 fnt
|faint|p2a: Hermione
|
|upkeep
|
|t:|1760455823
|switch|p2a: Shadow|Greninja, M|100/100
|-damage|p2a: Shadow|88/100|[from] Stealth Rock
|turn|18
|
|t:|1760455831
|move|p2a: Shadow|Dark Pulse|p1a: Gholdengo
|-supereffective|p1a: Gholdengo
|-damage|p1a: Gholdengo|0 fnt
|faint|p1a: Gholdengo
|-ability|p2a: Shadow|Battle Bond|boost
|-boost|p2a: Shadow|atk|1
|-boost|p2a: Shadow|spa|1
|-boost|p2a: Shadow|spe|1
|-activate|p2a: Shadow|ability: Battle Bond
|
|upkeep
|
|t:|1760455841
|switch|p1a: Hoopa|Hoopa-Unbound|100/100
|turn|19
|
|t:|1760455849
|-terastallize|p1a: Hoopa|Steel
|move|p2a: Shadow|Dark Pulse|p1a: Hoopa
|-damage|p1a: Hoopa|72/100
|move|p1a: Hoopa|Thunderbolt|p2a: Shadow
|-supereffective|p2a: Shadow
|-damage|p2a: Shadow|0 fnt
|faint|p2a: Shadow
|
|upkeep
|
|t:|1760455853
|switch|p2a: Luna|Umbreon, F|38/100
|-damage|p2a: Luna|26/100|[from] Stealth Rock
|turn|20
|
|t:|1760455857
|move|p1a: Hoopa|Focus Blast|p2a: Luna
|-supereffective|p2a: Luna
|-damage|p2a: Luna|0 fnt
|faint|p2a: Luna
|
|win|pcmajorminer
|raw|pcmajorminer's rating: 1288 &rarr; <strong>1315</strong><br />(+27 for winning)
|raw|Jerelmy's rating: 1315 &rarr; <strong>1293</strong><br />(-22 for losing)
|c|☆pcmajorminer|gg
|l|☆Jerelmy
|player|p2|
|l|☆pcmajorminer
|player|p1|
