|j|☆skibidisksk
|j|☆ktr.na
|t:|1760309625
|gametype|singles
|player|p1|skibidisksk|101|1476
|player|p2|ktr.na|acetrainerf|1376
|gen|9
|tier|[Gen 9] OU
|rated|
|rule|HP Percentage Mod: HP is shown in percentages
|rule|Endless Battle Clause: Forcing endless battles is banned
|rule|Species Clause: Limit one of each Pokémon
|rule|OHKO Clause: OHKO moves are banned
|rule|Evasion Items Clause: Evasion items are banned
|rule|Evasion Moves Clause: Evasion moves are banned
|rule|Evasion Abilities Clause: Evasion abilities are banned
|rule|Sleep Moves Clause: Sleep-inducing moves are banned
|clearpoke
|poke|p1|Raging Bolt|
|poke|p1|Dragonite, M|
|poke|p1|Iron Valiant|
|poke|p1|Iron Moth|
|poke|p1|Landorus-Therian, M|
|poke|p1|Darkrai|
|poke|p2|Iron Valiant|
|poke|p2|Klefki, F|
|poke|p2|Alomomola, F|
|poke|p2|Great Tusk|
|poke|p2|Iron Crown|
|poke|p2|Gliscor, M|
|teampreview
|inactive|Battle timer is ON: inactive players will automatically lose when time's up. (requested by skibidisksk)
|
|t:|1760309640
|teamsize|p1|6
|teamsize|p2|6
|start
|switch|p1a: Iron Valiant|Iron Valiant|100/100
|switch|p2a: Klefki|Klefki, F|100/100
|-enditem|p1a: Iron Valiant|Booster Energy
|-activate|p1a: Iron Valiant|ability: Quark Drive|[fromitem]
|-start|p1a: Iron Valiant|quarkdrivespe
|turn|1
|
|t:|1760309648
|-end|p1a: Iron Valiant|Quark Drive|[silent]
|switch|p1a: Darkrai|Darkrai|100/100
|move|p2a: Klefki|Thunder Wave|p1a: Darkrai
|-hint|Since gen 7, Dark is immune to Prankster moves.
|-immune|p1a: Darkrai
|
|upkeep
|turn|2
|
|t:|1760309658
|move|p2a: Klefki|Spikes|p1a: Darkrai
|-sidestart|p1: skibidisksk|Spikes
|move|p1a: Darkrai|Psyshock|p2a: Klefki
|-resisted|p2a: Klefki
|-damage|p2a: Klefki|85/100
|-damage|p1a: Darkrai|91/100|[from] item: Life Orb
|
|upkeep
|turn|3
|
|t:|1760309671
|switch|p2a: Iron Crown|Iron Crown|100/100
|move|p1a: Darkrai|Psyshock|p2a: Iron Crown
|-resisted|p2a: Iron Crown
|-damage|p2a: Iron Crown|90/100
|-damage|p1a: Darkrai|81/100|[from] item: Life Orb
|
|upkeep
|turn|4
|
|t:|1760309695
|-end|p2a: Iron Crown|Quark Drive|[silent]
|switch|p2a: Klefki|Klefki, F|85/100
|move|p1a: Darkrai|Dark Pulse|p2a: Klefki
|-resisted|p2a: Klefki
|-damage|p2a: Klefki|50/100
|-damage|p1a: Darkrai|71/100|[from] item: Life Orb
|
|upkeep
|turn|5
|
|t:|1760309705
|move|p2a: Klefki|Spikes|p1a: Darkrai
|-sidestart|p1: skibidisksk|Spikes
|move|p1a: Darkrai|Focus Blast|p2a: Klefki
|-damage|p2a: Klefki|0 fnt
|faint|p2a: Klefki
|-damage|p1a: Darkrai|61/100|[from] item: Life Orb
|
|upkeep
|
|t:|1760309714
|switch|p2a: Iron Valiant|Iron Valiant|100/100
|turn|6
|
|t:|1760309722
|move|p1a: Darkrai|Psyshock|p2a: Iron Valiant
|-supereffective|p2a: Iron Valiant
|-damage|p2a: Iron Valiant|3/100
|-damage|p1a: Darkrai|51/100|[from] item: Life Orb
|move|p2a: Iron Valiant|Psyshock|p1a: Darkrai
|-immune|p1a: Darkrai
|
|upkeep
|turn|7
|-message|ktr.na forfeited.
|
|win|skibidisksk
|raw|skibidisksk's rating: 1476 &rarr; <strong>1490</strong><br />(+14 for winning)
|raw|ktr.na's rating: 1376 &rarr; <strong>1362</strong><br />(-14 for losing)
|l|☆ktr.na
|player|p2|
