|j|☆nfyhsueryfgius
|j|☆lolcano46
|t:|1760390819
|gametype|singles
|player|p1|nfyhsueryfgius|ghetsis|1601
|player|p2|lolcano46|fisherman-gen4|1651
|gen|9
|tier|[Gen 9] OU
|rated|
|rule|HP Percentage Mod: HP is shown in percentages
|rule|Endless Battle Clause: Forcing endless battles is banned
|rule|Species Clause: Limit one of each Pokémon
|rule|OHKO Clause: OHKO moves are banned
|rule|Evasion Items Clause: Evasion items are banned
|rule|Evasion Moves Clause: Evasion moves are banned
|rule|Evasion Abilities Clause: Evasion abilities are banned
|rule|Sleep Moves Clause: Sleep-inducing moves are banned
|clearpoke
|poke|p1|Dragonite, F|
|poke|p1|Zamazenta-*|
|poke|p1|Landorus-Therian, M|
|poke|p1|Gholdengo|
|poke|p1|Darkrai|
|poke|p1|Hatterene, F|
|poke|p2|Azelf|
|poke|p2|Ogerpon-Wellspring, F|
|poke|p2|Scizor, M|
|poke|p2|Gengar, M|
|poke|p2|Raging Bolt|
|poke|p2|Cinderace, F|
|teampreview
|inactive|Battle timer is ON: inactive players will automatically lose when time's up. (requested by lolcano46)
|
|t:|1760390843
|teamsize|p1|6
|teamsize|p2|6
|start
|switch|p1a: Darkrai|Darkrai|100/100
|switch|p2a: Cinderace|Cinderace, F|100/100
|turn|1
|
|t:|1760390849
|switch|p1a: Landorus|Landorus-Therian, M|100/100
|-ability|p1a: Landorus|Intimidate|boost
|-unboost|p2a: Cinderace|atk|1
|move|p2a: Cinderace|Pyro Ball|p1a: Landorus
|-damage|p1a: Landorus|65/100
|
|upkeep
|turn|2
|
|t:|1760390857
|move|p2a: Cinderace|Will-O-Wisp|p1a: Landorus
|-status|p1a: Landorus|brn
|move|p1a: Landorus|U-turn|p2a: Cinderace
|-resisted|p2a: Cinderace
|-crit|p2a: Cinderace
|-damage|p2a: Cinderace|88/100
|
|t:|1760390862
|switch|p1a: Darkrai|Darkrai|100/100|[from] U-turn
|
|upkeep
|turn|3
|
|t:|1760390866
|move|p1a: Darkrai|Dark Pulse|p2a: Cinderace
|-damage|p2a: Cinderace|28/100
|move|p2a: Cinderace|Pyro Ball|p1a: Darkrai
|-damage|p1a: Darkrai|58/100
|
|upkeep
|turn|4
|
|t:|1760390871
|move|p2a: Cinderace|Sucker Punch|p1a: Darkrai
|-start|p2a: Cinderace|typechange|Dark|[from] ability: Libero
|-resisted|p1a: Darkrai
|-damage|p1a: Darkrai|45/100
|move|p1a: Darkrai|Dark Pulse|p2a: Cinderace
|-resisted|p2a: Cinderace
|-damage|p2a: Cinderace|0 fnt
|faint|p2a: Cinderace
|
|upkeep
|
|t:|1760390879
|switch|p2a: Raging Bolt|Raging Bolt|100/100
|-enditem|p2a: Raging Bolt|Booster Energy
|-activate|p2a: Raging Bolt|ability: Protosynthesis|[fromitem]
|-start|p2a: Raging Bolt|protosynthesisspa
|turn|5
|
|t:|1760390885
|switch|p1a: Hatterene|Hatterene, F|100/100
|move|p2a: Raging Bolt|Dragon Pulse|p1a: Hatterene
|-immune|p1a: Hatterene
|
|upkeep
|turn|6
|
|t:|1760390889
|move|p2a: Raging Bolt|Calm Mind|p2a: Raging Bolt
|-boost|p2a: Raging Bolt|spa|1
|-boost|p2a: Raging Bolt|spd|1
|move|p1a: Hatterene|Draining Kiss|p2a: Raging Bolt
|-supereffective|p2a: Raging Bolt
|-damage|p2a: Raging Bolt|69/100
|
|upkeep
|turn|7
|
|t:|1760390894
|switch|p1a: Landorus|Landorus-Therian, M|65/100 brn
|-ability|p1a: Landorus|Intimidate|boost
|-unboost|p2a: Raging Bolt|atk|1
|move|p2a: Raging Bolt|Thunderbolt|p1a: Landorus
|-immune|p1a: Landorus
|
|-damage|p1a: Landorus|59/100 brn|[from] brn
|upkeep
|turn|8
|
|t:|1760390899
|-terastallize|p2a: Raging Bolt|Fairy
|move|p1a: Landorus|Earthquake|p2a: Raging Bolt
|-damage|p2a: Raging Bolt|47/100
|move|p2a: Raging Bolt|Dragon Pulse|p1a: Landorus
|-damage|p1a: Landorus|0 fnt
|faint|p1a: Landorus
|
|upkeep
|
|t:|1760390905
|switch|p1a: Gholdengo|Gholdengo|100/100
|turn|9
|
|t:|1760390909
|move|p2a: Raging Bolt|Thunderclap|p1a: Gholdengo
|-damage|p1a: Gholdengo|8/100
|move|p1a: Gholdengo|Make It Rain|p2a: Raging Bolt
|-supereffective|p2a: Raging Bolt
|-damage|p2a: Raging Bolt|0 fnt
|-unboost|p1a: Gholdengo|spa|1
|faint|p2a: Raging Bolt
|-end|p2a: Raging Bolt|Protosynthesis|[silent]
|
|upkeep
|
|t:|1760390915
|switch|p2a: Scizor|Scizor, M|100/100
|turn|10
|
|t:|1760390922
|move|p1a: Gholdengo|Recover|p1a: Gholdengo
|-heal|p1a: Gholdengo|58/100
|move|p2a: Scizor|Swords Dance|p2a: Scizor
|-boost|p2a: Scizor|atk|2
|
|upkeep
|turn|11
|
|t:|1760390925
|move|p1a: Gholdengo|Thunderbolt|p2a: Scizor
|-damage|p2a: Scizor|71/100
|move|p2a: Scizor|Knock Off|p1a: Gholdengo
|-supereffective|p1a: Gholdengo
|-damage|p1a: Gholdengo|0 fnt
|-enditem|p1a: Gholdengo|Metal Coat|[from] move: Knock Off|[of] p2a: Scizor
|faint|p1a: Gholdengo
|
|upkeep
|
|t:|1760390927
|switch|p1a: Zamazenta|Zamazenta|100/100
|-ability|p1a: Zamazenta|Dauntless Shield|boost
|-boost|p1a: Zamazenta|def|1
|turn|12
|
|t:|1760390935
|move|p1a: Zamazenta|Iron Defense|p1a: Zamazenta
|-boost|p1a: Zamazenta|def|2
|move|p2a: Scizor|Knock Off|p1a: Zamazenta
|-resisted|p1a: Zamazenta
|-damage|p1a: Zamazenta|89/100
|-enditem|p1a: Zamazenta|Leftovers|[from] move: Knock Off|[of] p2a: Scizor
|
|upkeep
|turn|13
|
|t:|1760390942
|switch|p2a: Gengar|Gengar, M|100/100
|move|p1a: Zamazenta|Crunch|p2a: Gengar
|-supereffective|p2a: Gengar
|-damage|p2a: Gengar|16/100
|
|upkeep
|turn|14
|
|t:|1760390947
|move|p2a: Gengar|Trick|p1a: Zamazenta
|-activate|p2a: Gengar|move: Trick|[of] p1a: Zamazenta
|-item|p1a: Zamazenta|Choice Scarf|[from] move: Trick
|-enditem|p2a: Gengar|Choice Scarf|[silent]|[from] move: Trick
|move|p1a: Zamazenta|Crunch|p2a: Gengar
|-supereffective|p2a: Gengar
|-damage|p2a: Gengar|0 fnt
|faint|p2a: Gengar
|
|upkeep
|
|t:|1760390956
|switch|p2a: Azelf|Azelf|100/100
|turn|15
|
|t:|1760390965
|switch|p1a: Hatterene|Hatterene, F|100/100
|move|p2a: Azelf|Dazzling Gleam|p1a: Hatterene
|-damage|p1a: Hatterene|82/100
|
|upkeep
|turn|16
|
|t:|1760390971
|move|p2a: Azelf|Flamethrower|p1a: Hatterene
|-damage|p1a: Hatterene|63/100
|move|p1a: Hatterene|Mystical Fire|p2a: Azelf
|-damage|p2a: Azelf|62/100
|-unboost|p2a: Azelf|spa|1
|
|upkeep
|turn|17
|
|t:|1760390977
|move|p2a: Azelf|Flamethrower|p1a: Hatterene
|-damage|p1a: Hatterene|50/100
|move|p1a: Hatterene|Draining Kiss|p2a: Azelf
|-damage|p2a: Azelf|24/100
|-heal|p1a: Hatterene|76/100|[from] drain|[of] p2a: Azelf
|
|upkeep
|turn|18
|
|t:|1760390981
|move|p2a: Azelf|Flamethrower|p1a: Hatterene
|-damage|p1a: Hatterene|64/100
|-status|p1a: Hatterene|brn
|move|p1a: Hatterene|Draining Kiss|p2a: Azelf
|-damage|p2a: Azelf|0 fnt
|-heal|p1a: Hatterene|80/100 brn|[from] drain|[of] p2a: Azelf
|faint|p2a: Azelf
|
|-damage|p1a: Hatterene|74/100 brn|[from] brn
|upkeep
|
|t:|1760390983
|switch|p2a: Ogerpon|Ogerpon-Wellspring, F|100/100
|turn|19
|
|t:|1760390986
|switch|p1a: Dragonite|Dragonite, F|100/100
|move|p2a: Ogerpon|Swords Dance|p2a: Ogerpon
|-boost|p2a: Ogerpon|atk|2
|
|upkeep
|turn|20
|
|t:|1760390991
|-terastallize|p1a: Dragonite|Flying
|move|p2a: Ogerpon|Play Rough|p1a: Dragonite
|-damage|p1a: Dragonite|60/100
|move|p1a: Dragonite|Tera Blast|p2a: Ogerpon|[anim] Tera Blast Flying
|-supereffective|p2a: Ogerpon
|-damage|p2a: Ogerpon|0 fnt
|faint|p2a: Ogerpon
|
|upkeep
|
|t:|1760390996
|switch|p2a: Scizor|Scizor, M|71/100
|turn|21
|
|t:|1760391000
|move|p1a: Dragonite|Tera Blast|p2a: Scizor|[anim] Tera Blast Flying
|-damage|p2a: Scizor|9/100
|move|p2a: Scizor|Swords Dance|p2a: Scizor
|-boost|p2a: Scizor|atk|2
|
|upkeep
|turn|22
|
|t:|1760391002
|move|p2a: Scizor|Bullet Punch|p1a: Dragonite
|-damage|p1a: Dragonite|0 fnt
|faint|p1a: Dragonite
|
|upkeep
|
|t:|1760391004
|switch|p1a: Zamazenta|Zamazenta|89/100
|turn|23
|
|t:|1760391008
|move|p2a: Scizor|Bullet Punch|p1a: Zamazenta
|-damage|p1a: Zamazenta|30/100
|move|p1a: Zamazenta|Crunch|p2a: Scizor
|-damage|p2a: Scizor|0 fnt
|faint|p2a: Scizor
|
|win|nfyhsueryfgius
|raw|nfyhsueryfgius's rating: 1601 &rarr; <strong>1624</strong><br />(+23 for winning)
|raw|lolcano46's rating: 1651 &rarr; <strong>1628</strong><br />(-23 for losing)
|l|☆nfyhsueryfgius
|player|p1|
|l|☆lolcano46
|player|p2|
