|j|☆RoddyJ
|j|☆MooFarmer
|t:|1760332170
|gametype|singles
|player|p1|RoddyJ|ethan|1748
|player|p2|MooFarmer|2|1796
|gen|9
|tier|[Gen 9] OU
|rated|
|rule|HP Percentage Mod: HP is shown in percentages
|rule|Endless Battle Clause: Forcing endless battles is banned
|rule|Species Clause: Limit one of each Pokémon
|rule|OHKO Clause: OHKO moves are banned
|rule|Evasion Items Clause: Evasion items are banned
|rule|Evasion Moves Clause: Evasion moves are banned
|rule|Evasion Abilities Clause: Evasion abilities are banned
|rule|Sleep Moves Clause: Sleep-inducing moves are banned
|clearpoke
|poke|p1|Scizor, F|
|poke|p1|Zamazenta-*|
|poke|p1|Latios, M|
|poke|p1|Glimmora, F|
|poke|p1|Great Tusk|
|poke|p1|Milotic, M|
|poke|p2|Kyurem|
|poke|p2|Corviknight, F|
|poke|p2|Ting-Lu|
|poke|p2|Dondozo, F|
|poke|p2|Slowking-Galar, L99, M|
|poke|p2|Cinderace, F|
|teampreview
|inactive|Battle timer is ON: inactive players will automatically lose when time's up. (requested by RoddyJ)
|inactive|MooFarmer has 120 seconds left.
|
|t:|1760332217
|teamsize|p1|6
|teamsize|p2|6
|start
|switch|p1a: Glimmora|Glimmora, F, shiny|100/100
|switch|p2a: Slowking|Slowking-Galar, L99, M|100/100
|-item|p1a: Glimmora|Air Balloon
|turn|1
|inactive|MooFarmer also wants the timer to be on.
|inactive|MooFarmer has 120 seconds left.
|
|t:|1760332262
|move|p1a: Glimmora|Stealth Rock|p2a: Slowking
|-sidestart|p2: MooFarmer|move: Stealth Rock
|move|p2a: Slowking|Future Sight|p1a: Glimmora
|-start|p2a: Slowking|move: Future Sight
|
|upkeep
|turn|2
|inactive|MooFarmer has 90 seconds left.
|
|t:|1760332307
|switch|p1a: Scizor|Scizor, F, shiny|100/100
|-prepare|p2a: Slowking|Chilly Reception|[premajor]
|move|p2a: Slowking|Chilly Reception|p2a: Slowking
|-weather|Snowscape
|inactive|MooFarmer has 60 seconds left.
|inactive|MooFarmer has 30 seconds left.
|
|t:|1760332352
|switch|p2a: Cinderace|Cinderace, F|100/100|[from] Chilly Reception
|
|-weather|Snowscape|[upkeep]
|upkeep
|turn|3
|
|t:|1760332361
|-terastallize|p1a: Scizor|Water
|move|p2a: Cinderace|Court Change|p2a: Cinderace
|-swapsideconditions
|-activate|p2a: Cinderace|move: Court Change
|move|p1a: Scizor|Knock Off|p2a: Cinderace
|-damage|p2a: Cinderace|54/100
|-enditem|p2a: Cinderace|Heavy-Duty Boots|[from] move: Knock Off|[of] p1a: Scizor
|
|-weather|Snowscape|[upkeep]
|-end|p1a: Scizor|move: Future Sight
|-damage|p1a: Scizor|48/100
|-heal|p1a: Scizor|54/100|[from] item: Leftovers
|upkeep
|turn|4
|
|t:|1760332372
|move|p1a: Scizor|Bullet Punch|p2a: Cinderace
|-resisted|p2a: Cinderace
|-crit|p2a: Cinderace
|-damage|p2a: Cinderace|25/100
|move|p2a: Cinderace|Will-O-Wisp|p1a: Scizor
|-status|p1a: Scizor|brn
|
|-weather|Snowscape|[upkeep]
|-heal|p1a: Scizor|60/100 brn|[from] item: Leftovers
|-damage|p1a: Scizor|54/100 brn|[from] brn
|upkeep
|turn|5
|
|t:|1760332381
|move|p2a: Cinderace|U-turn|p1a: Scizor
|-damage|p1a: Scizor|37/100 brn
|
|t:|1760332390
|switch|p2a: Dondozo|Dondozo, F|100/100|[from] U-turn
|move|p1a: Scizor|U-turn|p2a: Dondozo
|-damage|p2a: Dondozo|91/100
|
|t:|1760332397
|switch|p1a: Great Tusk|Great Tusk, shiny|100/100|[from] U-turn
|-damage|p1a: Great Tusk|98/100|[from] Stealth Rock
|
|-weather|Snowscape|[upkeep]
|-heal|p2a: Dondozo|97/100|[from] item: Leftovers
|upkeep
|turn|6
|
|t:|1760332406
|move|p1a: Great Tusk|Rapid Spin|p2a: Dondozo
|-damage|p2a: Dondozo|88/100
|-boost|p1a: Great Tusk|spe|1
|-sideend|p1: RoddyJ|Stealth Rock|[from] move: Rapid Spin|[of] p1a: Great Tusk
|move|p2a: Dondozo|Waterfall|p1a: Great Tusk
|-supereffective|p1a: Great Tusk
|-damage|p1a: Great Tusk|67/100
|
|-weather|none
|-heal|p2a: Dondozo|94/100|[from] item: Leftovers
|upkeep
|turn|7
|
|t:|1760332415
|move|p1a: Great Tusk|Knock Off|p2a: Dondozo
|-damage|p2a: Dondozo|78/100
|-enditem|p2a: Dondozo|Leftovers|[from] move: Knock Off|[of] p1a: Great Tusk
|move|p2a: Dondozo|Waterfall|p1a: Great Tusk
|-supereffective|p1a: Great Tusk
|-damage|p1a: Great Tusk|32/100
|
|upkeep
|turn|8
|inactive|MooFarmer has 60 seconds left.
|
|t:|1760332425
|-end|p1a: Great Tusk|Protosynthesis|[silent]
|switch|p1a: Scizor|Scizor, F, shiny, tera:Water|37/100 brn
|move|p2a: Dondozo|Waterfall|p1a: Scizor
|-resisted|p1a: Scizor
|-damage|p1a: Scizor|24/100 brn
|
|-heal|p1a: Scizor|30/100 brn|[from] item: Leftovers
|-damage|p1a: Scizor|24/100 brn|[from] brn
|upkeep
|turn|9
|
|t:|1760332433
|move|p1a: Scizor|U-turn|p2a: Dondozo
|-damage|p2a: Dondozo|68/100
|
|t:|1760332437
|switch|p1a: Glimmora|Glimmora, F, shiny|100/100|[from] U-turn
|-item|p1a: Glimmora|Air Balloon
|move|p2a: Dondozo|Waterfall|p1a: Glimmora
|-supereffective|p1a: Glimmora
|-damage|p1a: Glimmora|30/100
|-activate|p1a: Glimmora|ability: Toxic Debris
|-sidestart|p2: MooFarmer|move: Toxic Spikes
|-enditem|p1a: Glimmora|Air Balloon
|
|upkeep
|turn|10
|
|t:|1760332447
|switch|p2a: Corviknight|Corviknight, F|100/100
|-ability|p2a: Corviknight|Pressure
|move|p1a: Glimmora|Stealth Rock|p2a: Corviknight
|-sidestart|p2: MooFarmer|move: Stealth Rock
|
|upkeep
|turn|11
|
|t:|1760332455
|switch|p1a: Milotic|Milotic, M, shiny|100/100
|move|p2a: Corviknight|Defog|p1a: Milotic
|-unboost|p1a: Milotic|evasion|1
|-ability|p1a: Milotic|Competitive|boost
|-boost|p1a: Milotic|spa|2
|-sideend|p2: MooFarmer|Toxic Spikes|[from] move: Defog|[of] p2a: Corviknight
|-sideend|p2: MooFarmer|Stealth Rock|[from] move: Defog|[of] p2a: Corviknight
|
|upkeep
|turn|12
|
|t:|1760332464
|switch|p2a: Dondozo|Dondozo, F|68/100
|move|p1a: Milotic|Scald|p2a: Dondozo
|-resisted|p2a: Dondozo
|-damage|p2a: Dondozo|49/100
|
|upkeep
|turn|13
|inactive|MooFarmer has 90 seconds left.
|inactive|MooFarmer has 60 seconds left.
|
|t:|1760332510
|move|p1a: Milotic|Scald|p2a: Dondozo
|-resisted|p2a: Dondozo
|-damage|p2a: Dondozo|31/100
|move|p2a: Dondozo|Rest|p2a: Dondozo
|-status|p2a: Dondozo|slp|[from] move: Rest
|-heal|p2a: Dondozo|100/100 slp|[silent]
|
|upkeep
|turn|14
|inactive|MooFarmer has 30 seconds left.
|inactive|MooFarmer has 20 seconds left.
|inactive|MooFarmer has 15 seconds left.
|
|t:|1760332556
|switch|p1a: Glimmora|Glimmora, F, shiny|30/100
|cant|p2a: Dondozo|slp
|
|upkeep
|turn|15
|inactive|MooFarmer has 25 seconds left this turn.
|inactive|MooFarmer has 20 seconds left.
|
|t:|1760332565
|switch|p2a: Cinderace|Cinderace, F|25/100
|move|p1a: Glimmora|Stealth Rock|p2a: Cinderace
|-sidestart|p2: MooFarmer|move: Stealth Rock
|
|upkeep
|turn|16
|inactive|MooFarmer has 30 seconds left this turn.
|
|t:|1760332573
|move|p2a: Cinderace|Court Change|p2a: Cinderace
|-swapsideconditions
|-activate|p2a: Cinderace|move: Court Change
|move|p1a: Glimmora|Mortal Spin|p2a: Cinderace
|-damage|p2a: Cinderace|18/100
|-status|p2a: Cinderace|psn
|-sideend|p1: RoddyJ|Stealth Rock|[from] move: Mortal Spin|[of] p1a: Glimmora
|
|-damage|p2a: Cinderace|6/100 psn|[from] psn
|upkeep
|turn|17
|inactive|MooFarmer has 30 seconds left.
|
|t:|1760332582
|switch|p1a: Scizor|Scizor, F, shiny, tera:Water|24/100 brn
|move|p2a: Cinderace|Pyro Ball|p1a: Scizor|[miss]
|-miss|p2a: Cinderace|p1a: Scizor
|
|-heal|p1a: Scizor|30/100 brn|[from] item: Leftovers
|-damage|p2a: Cinderace|0 fnt|[from] psn
|faint|p2a: Cinderace
|-damage|p1a: Scizor|24/100 brn|[from] brn
|upkeep
|inactive|MooFarmer has 30 seconds left.
|
|t:|1760332591
|switch|p2a: Slowking|Slowking-Galar, L99, M|100/100
|turn|18
|j| Large_Rodent
|
|t:|1760332599
|move|p1a: Scizor|Knock Off|p2a: Slowking
|-supereffective|p2a: Slowking
|-damage|p2a: Slowking|65/100
|-enditem|p2a: Slowking|Heavy-Duty Boots|[from] move: Knock Off|[of] p1a: Scizor
|move|p2a: Slowking|Future Sight|p1a: Scizor
|-start|p2a: Slowking|move: Future Sight
|
|-heal|p1a: Scizor|30/100 brn|[from] item: Leftovers
|-damage|p1a: Scizor|24/100 brn|[from] brn
|upkeep
|turn|19
|
|t:|1760332608
|switch|p2a: Corviknight|Corviknight, F|100/100
|-ability|p2a: Corviknight|Pressure
|move|p1a: Scizor|Knock Off|p2a: Corviknight
|-damage|p2a: Corviknight|89/100
|-damage|p1a: Scizor|7/100 brn|[from] item: Rocky Helmet|[of] p2a: Corviknight
|-enditem|p2a: Corviknight|Rocky Helmet|[from] move: Knock Off|[of] p1a: Scizor
|
|-heal|p1a: Scizor|14/100 brn|[from] item: Leftovers
|-damage|p1a: Scizor|7/100 brn|[from] brn
|upkeep
|turn|20
|j| Lamp0821
|
|t:|1760332618
|move|p2a: Corviknight|U-turn|p1a: Scizor
|-damage|p1a: Scizor|0 fnt
|faint|p1a: Scizor
|
|t:|1760332626
|switch|p2a: Slowking|Slowking-Galar, L99, M|98/100|[from] U-turn
|
|-hint|Future Sight did not hit because the target is fainted.
|upkeep
|l| Lamp0821
|
|t:|1760332633
|switch|p1a: Great Tusk|Great Tusk, shiny|32/100
|turn|21
|
|t:|1760332642
|switch|p2a: Corviknight|Corviknight, F|89/100
|-ability|p2a: Corviknight|Pressure
|move|p1a: Great Tusk|Headlong Rush|p2a: Corviknight
|-immune|p2a: Corviknight
|
|upkeep
|turn|22
|inactive|MooFarmer has 60 seconds left.
|
|t:|1760332650
|move|p1a: Great Tusk|Close Combat|p2a: Corviknight
|-damage|p2a: Corviknight|46/100
|-unboost|p1a: Great Tusk|def|1
|-unboost|p1a: Great Tusk|spd|1
|move|p2a: Corviknight|Brave Bird|p1a: Great Tusk
|-supereffective|p1a: Great Tusk
|-damage|p1a: Great Tusk|0 fnt
|faint|p1a: Great Tusk
|-end|p1a: Great Tusk|Protosynthesis|[silent]
|-damage|p2a: Corviknight|36/100|[from] Recoil
|
|upkeep
|
|t:|1760332658
|switch|p1a: Glimmora|Glimmora, F, shiny|30/100
|turn|23
|
|t:|1760332667
|move|p1a: Glimmora|Stealth Rock|p2a: Corviknight
|-sidestart|p2: MooFarmer|move: Stealth Rock
|move|p2a: Corviknight|Roost|p2a: Corviknight
|-heal|p2a: Corviknight|86/100
|-singleturn|p2a: Corviknight|move: Roost
|
|upkeep
|turn|24
|
|t:|1760332675
|switch|p1a: Milotic|Milotic, M, shiny|100/100
|move|p2a: Corviknight|Defog|p1a: Milotic
|-unboost|p1a: Milotic|evasion|1
|-ability|p1a: Milotic|Competitive|boost
|-boost|p1a: Milotic|spa|2
|-sideend|p2: MooFarmer|Stealth Rock|[from] move: Defog|[of] p2a: Corviknight
|
|upkeep
|turn|25
|
|t:|1760332684
|switch|p2a: Dondozo|Dondozo, F|100/100 slp
|move|p1a: Milotic|Flip Turn|p2a: Dondozo
|-resisted|p2a: Dondozo
|-damage|p2a: Dondozo|98/100 slp
|
|t:|1760332695
|switch|p1a: Glimmora|Glimmora, F, shiny|30/100|[from] Flip Turn
|
|upkeep
|turn|26
|inactive|MooFarmer has 90 seconds left.
|
|t:|1760332704
|switch|p2a: Kyurem|Kyurem|100/100
|-ability|p2a: Kyurem|Pressure
|move|p1a: Glimmora|Stealth Rock|p2a: Kyurem
|-sidestart|p2: MooFarmer|move: Stealth Rock
|
|upkeep
|turn|27
|inactive|MooFarmer has 90 seconds left.
|inactive|MooFarmer has 60 seconds left.
|
|t:|1760332750
|switch|p1a: Milotic|Milotic, M, shiny|100/100
|move|p2a: Kyurem|Freeze-Dry|p1a: Milotic
|-supereffective|p1a: Milotic
|-damage|p1a: Milotic|65/100
|
|upkeep
|turn|28
|inactive|MooFarmer has 60 seconds left.
|inactive|MooFarmer has 30 seconds left.
|inactive|MooFarmer has 20 seconds left.
|
|t:|1760332796
|move|p2a: Kyurem|Freeze-Dry|p1a: Milotic
|-supereffective|p1a: Milotic
|-damage|p1a: Milotic|31/100
|-status|p1a: Milotic|frz
|cant|p1a: Milotic|frz
|
|upkeep
|turn|29
|inactive|MooFarmer has 30 seconds left this turn.
|
|t:|1760332805
|move|p2a: Kyurem|Substitute|p2a: Kyurem
|-start|p2a: Kyurem|Substitute
|-damage|p2a: Kyurem|75/100
|-curestatus|p1a: Milotic|frz|[from] move: Scald
|move|p1a: Milotic|Scald|p2a: Kyurem
|-resisted|p2a: Kyurem
|-activate|p2a: Kyurem|move: Substitute|[damage]
|
|-heal|p2a: Kyurem|82/100|[from] item: Leftovers
|upkeep
|turn|30
|inactive|MooFarmer has 30 seconds left.
|
|t:|1760332813
|move|p2a: Kyurem|Freeze-Dry|p1a: Milotic
|-supereffective|p1a: Milotic
|-damage|p1a: Milotic|0 fnt
|faint|p1a: Milotic
|
|-heal|p2a: Kyurem|88/100|[from] item: Leftovers
|upkeep
|
|t:|1760332815
|switch|p1a: Zamazenta|Zamazenta, shiny|100/100
|-ability|p1a: Zamazenta|Dauntless Shield|boost
|-boost|p1a: Zamazenta|def|1
|turn|31
|
|t:|1760332824
|move|p2a: Kyurem|Freeze-Dry|p1a: Zamazenta
|-damage|p1a: Zamazenta|70/100
|move|p1a: Zamazenta|Roar|p2a: Kyurem
|drag|p2a: Corviknight|Corviknight, F|86/100
|-damage|p2a: Corviknight|74/100|[from] Stealth Rock
|-ability|p2a: Corviknight|Pressure
|
|-heal|p1a: Zamazenta|76/100|[from] item: Leftovers
|upkeep
|turn|32
|
|t:|1760332833
|move|p1a: Zamazenta|Iron Defense|p1a: Zamazenta
|-boost|p1a: Zamazenta|def|2
|move|p2a: Corviknight|Defog|p1a: Zamazenta
|-unboost|p1a: Zamazenta|evasion|1
|-sideend|p2: MooFarmer|Stealth Rock|[from] move: Defog|[of] p2a: Corviknight
|
|-heal|p1a: Zamazenta|82/100|[from] item: Leftovers
|upkeep
|turn|33
|
|t:|1760332841
|switch|p2a: Slowking|Slowking-Galar, L99, M|100/100
|move|p1a: Zamazenta|Heavy Slam|p2a: Slowking
|-crit|p2a: Slowking
|-damage|p2a: Slowking|77/100
|
|-heal|p1a: Zamazenta|88/100|[from] item: Leftovers
|upkeep
|turn|34
|
|t:|1760332852
|move|p1a: Zamazenta|Body Press|p2a: Slowking
|-resisted|p2a: Slowking
|-damage|p2a: Slowking|54/100
|move|p2a: Slowking|Future Sight|p1a: Zamazenta
|-start|p2a: Slowking|move: Future Sight
|
|-heal|p1a: Zamazenta|94/100|[from] item: Leftovers
|upkeep
|turn|35
|inactive|MooFarmer has 60 seconds left.
|
|t:|1760332860
|switch|p1a: Glimmora|Glimmora, F, shiny|30/100
|-prepare|p2a: Slowking|Chilly Reception|[premajor]
|move|p2a: Slowking|Chilly Reception|p2a: Slowking
|-weather|Snowscape
|inactive|MooFarmer has 60 seconds left.
|
|t:|1760332869
|switch|p2a: Kyurem|Kyurem|88/100|[from] Chilly Reception
|-ability|p2a: Kyurem|Pressure
|
|-weather|Snowscape|[upkeep]
|-heal|p2a: Kyurem|94/100|[from] item: Leftovers
|upkeep
|turn|36
|
|t:|1760332877
|move|p2a: Kyurem|Freeze-Dry|p1a: Glimmora
|-damage|p1a: Glimmora|0 fnt
|faint|p1a: Glimmora
|
|-weather|Snowscape|[upkeep]
|-hint|Future Sight did not hit because the target is fainted.
|-heal|p2a: Kyurem|99/100|[from] item: Leftovers
|upkeep
|
|t:|1760332883
|switch|p1a: Latios|Latios, M, shiny|100/100
|turn|37
|
|t:|1760332891
|switch|p2a: Ting-Lu|Ting-Lu|100/100
|-ability|p2a: Ting-Lu|Vessel of Ruin
|move|p1a: Latios|Calm Mind|p1a: Latios
|-boost|p1a: Latios|spa|1
|-boost|p1a: Latios|spd|1
|
|-weather|Snowscape|[upkeep]
|upkeep
|turn|38
|
|t:|1760332900
|switch|p1a: Zamazenta|Zamazenta, shiny|94/100
|move|p2a: Ting-Lu|Payback|p1a: Zamazenta
|-resisted|p1a: Zamazenta
|-damage|p1a: Zamazenta|87/100
|
|-weather|Snowscape|[upkeep]
|-heal|p1a: Zamazenta|93/100|[from] item: Leftovers
|upkeep
|turn|39
|
|t:|1760332909
|switch|p2a: Slowking|Slowking-Galar, L99, M|87/100
|move|p1a: Zamazenta|Iron Defense|p1a: Zamazenta
|-boost|p1a: Zamazenta|def|2
|
|-weather|none
|-heal|p1a: Zamazenta|99/100|[from] item: Leftovers
|upkeep
|turn|40
|inactive|MooFarmer has 90 seconds left.
|
|t:|1760332918
|move|p1a: Zamazenta|Heavy Slam|p2a: Slowking
|-damage|p2a: Slowking|70/100
|move|p2a: Slowking|Toxic|p1a: Zamazenta
|-status|p1a: Zamazenta|tox
|
|-heal|p1a: Zamazenta|100/100 tox|[from] item: Leftovers
|-damage|p1a: Zamazenta|94/100 tox|[from] psn
|upkeep
|turn|41
|
|t:|1760332926
|move|p1a: Zamazenta|Heavy Slam|p2a: Slowking
|-damage|p2a: Slowking|51/100
|move|p2a: Slowking|Sludge Bomb|p1a: Zamazenta
|-damage|p1a: Zamazenta|63/100 tox
|
|-heal|p1a: Zamazenta|69/100 tox|[from] item: Leftovers
|-damage|p1a: Zamazenta|57/100 tox|[from] psn
|upkeep
|turn|42
|
|t:|1760332936
|move|p1a: Zamazenta|Body Press|p2a: Slowking
|-resisted|p2a: Slowking
|-damage|p2a: Slowking|30/100
|move|p2a: Slowking|Sludge Bomb|p1a: Zamazenta
|-damage|p1a: Zamazenta|25/100 tox
|
|-heal|p1a: Zamazenta|31/100 tox|[from] item: Leftovers
|-damage|p1a: Zamazenta|13/100 tox|[from] psn
|upkeep
|turn|43
|
|t:|1760332944
|move|p1a: Zamazenta|Body Press|p2a: Slowking
|-resisted|p2a: Slowking
|-damage|p2a: Slowking|12/100
|-prepare|p2a: Slowking|Chilly Reception|[premajor]
|move|p2a: Slowking|Chilly Reception|p2a: Slowking
|-weather|Snowscape
|
|t:|1760332951
|switch|p2a: Ting-Lu|Ting-Lu|100/100|[from] Chilly Reception
|-ability|p2a: Ting-Lu|Vessel of Ruin
|
|-weather|Snowscape|[upkeep]
|-heal|p1a: Zamazenta|19/100 tox|[from] item: Leftovers
|-damage|p1a: Zamazenta|0 fnt|[from] psn
|faint|p1a: Zamazenta
|upkeep
|
|t:|1760332955
|switch|p1a: Latios|Latios, M, shiny|100/100
|turn|44
|
|t:|1760332981
|-terastallize|p2a: Ting-Lu|Water
|move|p1a: Latios|Calm Mind|p1a: Latios
|-boost|p1a: Latios|spa|1
|-boost|p1a: Latios|spd|1
|move|p2a: Ting-Lu|Payback|p1a: Latios
|-supereffective|p1a: Latios
|-damage|p1a: Latios|11/100
|-enditem|p1a: Latios|Weakness Policy
|-boost|p1a: Latios|atk|2|[from] item: Weakness Policy
|-boost|p1a: Latios|spa|2|[from] item: Weakness Policy
|
|-weather|Snowscape|[upkeep]
|upkeep
|turn|45
|inactive|MooFarmer has 90 seconds left.
|
|t:|1760333000
|move|p1a: Latios|Stored Power|p2a: Ting-Lu
|-damage|p2a: Ting-Lu|38/100
|move|p2a: Ting-Lu|Payback|p1a: Latios
|-supereffective|p1a: Latios
|-damage|p1a: Latios|0 fnt
|faint|p1a: Latios
|
|win|MooFarmer
|raw|RoddyJ's rating: 1748 &rarr; <strong>1731</strong><br />(-17 for losing)
|raw|MooFarmer's rating: 1796 &rarr; <strong>1813</strong><br />(+17 for winning)
|l|☆MooFarmer
|player|p2|
|l|☆RoddyJ
|player|p1|
|l| Large_Rodent
