|j|☆soyothedangerous
|j|☆Gerryop
|t:|1760348246
|gametype|singles
|player|p1|soyothedangerous|rosa|1515
|player|p2|Gerryop|2|1516
|gen|9
|tier|[Gen 9] OU
|rated|
|rule|HP Percentage Mod: HP is shown in percentages
|rule|Endless Battle Clause: Forcing endless battles is banned
|rule|Species Clause: Limit one of each Pokémon
|rule|OHKO Clause: OHKO moves are banned
|rule|Evasion Items Clause: Evasion items are banned
|rule|Evasion Moves Clause: Evasion moves are banned
|rule|Evasion Abilities Clause: Evasion abilities are banned
|rule|Sleep Moves Clause: Sleep-inducing moves are banned
|clearpoke
|poke|p1|Zamazenta-*|
|poke|p1|Ninetales-Alola, M|
|poke|p1|Darkrai|
|poke|p1|Ceruledge, M|
|poke|p1|Gliscor, M|
|poke|p1|Hatterene, F|
|poke|p2|Alomomola, F|
|poke|p2|Goodra-Hisui, F|
|poke|p2|Fezandipiti, M|
|poke|p2|Gastrodon-East, F|
|poke|p2|Corviknight, M|
|poke|p2|Skeledirge, M|
|teampreview
|
|t:|1760348254
|teamsize|p1|6
|teamsize|p2|6
|start
|switch|p1a: Ninetales|Ninetales-Alola, M, shiny|100/100
|switch|p2a: Fezandipiti|Fezandipiti, M|100/100
|-weather|Snowscape|[from] ability: Snow Warning|[of] p1a: Ninetales
|turn|1
|
|t:|1760348262
|move|p1a: Ninetales|Aurora Veil|p1a: Ninetales
|-sidestart|p1: soyothedangerous|move: Aurora Veil
|move|p2a: Fezandipiti|Beat Up|p1a: Ninetales
|-resisted|p1a: Ninetales
|-damage|p1a: Ninetales|99/100
|-resisted|p1a: Ninetales
|-damage|p1a: Ninetales|99/100
|-resisted|p1a: Ninetales
|-damage|p1a: Ninetales|99/100
|-resisted|p1a: Ninetales
|-damage|p1a: Ninetales|98/100
|-resisted|p1a: Ninetales
|-damage|p1a: Ninetales|98/100
|-resisted|p1a: Ninetales
|-damage|p1a: Ninetales|97/100
|-hitcount|p1a: Ninetales|6
|
|-weather|Snowscape|[upkeep]
|upkeep
|turn|2
|
|t:|1760348276
|switch|p1a: Gliscor|Gliscor, M|100/100
|move|p2a: Fezandipiti|U-turn|p1a: Gliscor
|-resisted|p1a: Gliscor
|-damage|p1a: Gliscor|98/100
|
|t:|1760348288
|switch|p2a: Gastrodon|Gastrodon-East, F|100/100|[from] U-turn
|
|-weather|Snowscape|[upkeep]
|-status|p1a: Gliscor|tox|[from] item: Toxic Orb
|upkeep
|turn|3
|
|t:|1760348301
|switch|p1a: Darkrai|Darkrai|100/100
|switch|p2a: Corviknight|Corviknight, M|100/100
|-ability|p2a: Corviknight|Pressure
|
|-weather|Snowscape|[upkeep]
|upkeep
|turn|4
|
|t:|1760348310
|move|p1a: Darkrai|Nasty Plot|p1a: Darkrai
|-boost|p1a: Darkrai|spa|2
|move|p2a: Corviknight|Defog|p1a: Darkrai
|-unboost|p1a: Darkrai|evasion|1
|-sideend|p1: soyothedangerous|move: Aurora Veil
|
|-weather|Snowscape|[upkeep]
|upkeep
|turn|5
|
|t:|1760348319
|switch|p2a: Fezandipiti|Fezandipiti, M|100/100
|move|p1a: Darkrai|Nasty Plot|p1a: Darkrai
|-boost|p1a: Darkrai|spa|2
|
|-weather|none
|upkeep
|turn|6
|
|t:|1760348326
|move|p1a: Darkrai|Psyshock|p2a: Fezandipiti
|-supereffective|p2a: Fezandipiti
|-damage|p2a: Fezandipiti|0 fnt
|faint|p2a: Fezandipiti
|
|upkeep
|-message|Gerryop forfeited.
|
|win|soyothedangerous
|raw|soyothedangerous's rating: 1515 &rarr; <strong>1535</strong><br />(+20 for winning)
|raw|Gerryop's rating: 1516 &rarr; <strong>1496</strong><br />(-20 for losing)
|l|☆Gerryop
|player|p2|
|l|☆soyothedangerous
|player|p1|
