|j|☆Luketheidiot
|j|☆Buhf Luxray
|t:|1760330372
|gametype|singles
|player|p1|Luketheidiot|iris-gen5bw2|1230
|player|p2|Buhf Luxray|policeman-gen4|1245
|gen|9
|tier|[Gen 9] OU
|rated|
|rule|HP Percentage Mod: HP is shown in percentages
|rule|Endless Battle Clause: Forcing endless battles is banned
|rule|Species Clause: Limit one of each Pokémon
|rule|OHKO Clause: OHKO moves are banned
|rule|Evasion Items Clause: Evasion items are banned
|rule|Evasion Moves Clause: Evasion moves are banned
|rule|Evasion Abilities Clause: Evasion abilities are banned
|rule|Sleep Moves Clause: Sleep-inducing moves are banned
|clearpoke
|poke|p1|Blaziken, M|
|poke|p1|Pelipper, M|
|poke|p1|Kingdra, M|
|poke|p1|Dusclops, M|
|poke|p1|Ludicolo, F|
|poke|p1|Salamence, F|
|poke|p2|Serperior, F|
|poke|p2|Okidogi, M|
|poke|p2|Corviknight, M|
|poke|p2|Ogerpon-Wellspring, F|
|poke|p2|Hoopa-Unbound|
|poke|p2|Magnezone|
|teampreview
|inactive|Battle timer is ON: inactive players will automatically lose when time's up. (requested by Luketheidiot)
|inactive|Buhf Luxray has 120 seconds left.
|
|t:|1760330419
|teamsize|p1|6
|teamsize|p2|6
|start
|switch|p1a: Blaziken|Blaziken, M|100/100
|switch|p2a: Ogerpon|Ogerpon-Wellspring, F|100/100
|turn|1
|
|t:|1760330447
|move|p2a: Ogerpon|Swords Dance|p2a: Ogerpon
|-boost|p2a: Ogerpon|atk|2
|move|p1a: Blaziken|Swords Dance|p1a: Blaziken
|-boost|p1a: Blaziken|atk|2
|
|-ability|p1a: Blaziken|Speed Boost|boost
|-boost|p1a: Blaziken|spe|1
|upkeep
|turn|2
|
|t:|1760330456
|move|p1a: Blaziken|Close Combat|p2a: Ogerpon
|-damage|p2a: Ogerpon|0 fnt
|-unboost|p1a: Blaziken|def|1
|-unboost|p1a: Blaziken|spd|1
|faint|p2a: Ogerpon
|
|-ability|p1a: Blaziken|Speed Boost|boost
|-boost|p1a: Blaziken|spe|1
|upkeep
|
|t:|1760330461
|switch|p2a: Okidogi|Okidogi, M|100/100
|turn|3
|inactive|Luketheidiot has 120 seconds left.
|
|t:|1760330496
|move|p1a: Blaziken|Blaze Kick|p2a: Okidogi
|-crit|p2a: Okidogi
|-damage|p2a: Okidogi|6/100
|-damage|p1a: Blaziken|84/100|[from] item: Rocky Helmet|[of] p2a: Okidogi
|move|p2a: Okidogi|Drain Punch|p1a: Blaziken
|-damage|p1a: Blaziken|3/100
|-heal|p2a: Okidogi|38/100|[from] drain|[of] p1a: Blaziken
|
|-ability|p1a: Blaziken|Speed Boost|boost
|-boost|p1a: Blaziken|spe|1
|upkeep
|turn|4
|inactive|Luketheidiot has 120 seconds left.
|inactive|Buhf Luxray has 120 seconds left.
|
|t:|1760330529
|move|p1a: Blaziken|Close Combat|p2a: Okidogi
|-resisted|p2a: Okidogi
|-damage|p2a: Okidogi|0 fnt
|-unboost|p1a: Blaziken|def|1
|-unboost|p1a: Blaziken|spd|1
|-damage|p1a: Blaziken|0 fnt|[from] item: Rocky Helmet|[of] p2a: Okidogi
|faint|p2a: Okidogi
|faint|p1a: Blaziken
|
|upkeep
|inactive|Luketheidiot has 120 seconds left.
|inactive|Buhf Luxray has 120 seconds left.
|
|t:|1760330547
|switch|p1a: Pelipper|Pelipper, M|100/100
|switch|p2a: Magnezone|Magnezone|100/100
|-weather|RainDance|[from] ability: Drizzle|[of] p1a: Pelipper
|turn|5
|inactive|Luketheidiot has 120 seconds left.
|
|t:|1760330561
|move|p2a: Magnezone|Thunderbolt|p1a: Pelipper
|-supereffective|p1a: Pelipper
|-damage|p1a: Pelipper|0 fnt
|faint|p1a: Pelipper
|
|-weather|RainDance|[upkeep]
|upkeep
|inactive|Luketheidiot has 120 seconds left.
|
|t:|1760330572
|switch|p1a: Kingdra|Kingdra, M|100/100
|turn|6
|
|t:|1760330577
|move|p1a: Kingdra|Draco Meteor|p2a: Magnezone
|-resisted|p2a: Magnezone
|-damage|p2a: Magnezone|45/100
|-unboost|p1a: Kingdra|spa|2
|move|p2a: Magnezone|Thunderbolt|p1a: Kingdra
|-damage|p1a: Kingdra|0 fnt
|faint|p1a: Kingdra
|
|-weather|RainDance|[upkeep]
|upkeep
|
|t:|1760330583
|switch|p1a: Ludicolo|Ludicolo, F|100/100
|turn|7
|
|t:|1760330601
|move|p1a: Ludicolo|Energy Ball|p2a: Magnezone
|-resisted|p2a: Magnezone
|-damage|p2a: Magnezone|10/100
|-damage|p1a: Ludicolo|91/100|[from] item: Life Orb
|move|p2a: Magnezone|Thunderbolt|p1a: Ludicolo
|-damage|p1a: Ludicolo|0 fnt
|faint|p1a: Ludicolo
|
|-weather|RainDance|[upkeep]
|upkeep
|
|t:|1760330604
|switch|p1a: Salamence|Salamence, F|100/100
|turn|8
|
|t:|1760330613
|move|p1a: Salamence|Dragon Claw|p2a: Magnezone
|-resisted|p2a: Magnezone
|-damage|p2a: Magnezone|0 fnt
|faint|p2a: Magnezone
|-ability|p1a: Salamence|Moxie|boost
|-boost|p1a: Salamence|atk|1
|
|-weather|RainDance|[upkeep]
|upkeep
|
|t:|1760330634
|switch|p2a: Corviknight|Corviknight, M|100/100
|turn|9
|
|t:|1760330637
|move|p1a: Salamence|Dragon Dance|p1a: Salamence
|-boost|p1a: Salamence|atk|1
|-boost|p1a: Salamence|spe|1
|move|p2a: Corviknight|Brave Bird|p1a: Salamence
|-damage|p1a: Salamence|57/100
|-damage|p2a: Corviknight|88/100|[from] Recoil
|
|-weather|RainDance|[upkeep]
|upkeep
|turn|10
|
|t:|1760330648
|move|p1a: Salamence|Dragon Claw|p2a: Corviknight
|-resisted|p2a: Corviknight
|-damage|p2a: Corviknight|60/100
|-damage|p1a: Salamence|41/100|[from] item: Rocky Helmet|[of] p2a: Corviknight
|move|p2a: Corviknight|Brave Bird|p1a: Salamence
|-damage|p1a: Salamence|0 fnt
|faint|p1a: Salamence
|-damage|p2a: Corviknight|49/100|[from] Recoil
|
|-weather|RainDance|[upkeep]
|upkeep
|
|t:|1760330656
|switch|p1a: Dusclops|Dusclops, M|100/100
|-ability|p1a: Dusclops|Pressure
|turn|11
|
|t:|1760330662
|move|p2a: Corviknight|Roost|p2a: Corviknight
|-heal|p2a: Corviknight|99/100
|-singleturn|p2a: Corviknight|move: Roost
|move|p1a: Dusclops|Will-O-Wisp|p2a: Corviknight
|-status|p2a: Corviknight|brn
|
|-weather|RainDance|[upkeep]
|-damage|p2a: Corviknight|92/100 brn|[from] brn
|upkeep
|turn|12
|
|t:|1760330673
|switch|p2a: Serperior|Serperior, F|100/100
|move|p1a: Dusclops|Poltergeist|p2a: Serperior
|-activate|p2a: Serperior|move: Poltergeist|Leftovers
|-damage|p2a: Serperior|67/100
|
|-weather|none
|-heal|p2a: Serperior|74/100|[from] item: Leftovers
|upkeep
|turn|13
|
|t:|1760330680
|move|p2a: Serperior|Glare|p1a: Dusclops
|-status|p1a: Dusclops|par
|move|p1a: Dusclops|Brick Break|p2a: Serperior
|-damage|p2a: Serperior|60/100
|
|-heal|p2a: Serperior|66/100|[from] item: Leftovers
|upkeep
|turn|14
|
|t:|1760330687
|move|p2a: Serperior|Substitute|p2a: Serperior
|-start|p2a: Serperior|Substitute
|-damage|p2a: Serperior|41/100
|move|p1a: Dusclops|Will-O-Wisp||[still]
|-fail|p1a: Dusclops
|
|-heal|p2a: Serperior|47/100|[from] item: Leftovers
|upkeep
|turn|15
|-message|Luketheidiot forfeited.
|
|win|Buhf Luxray
|raw|Luketheidiot's rating: 1230 &rarr; <strong>1206</strong><br />(-24 for losing)
|raw|Buhf Luxray's rating: 1245 &rarr; <strong>1269</strong><br />(+24 for winning)
|l|☆Luketheidiot
|player|p1|
|l|☆Buhf Luxray
|player|p2|
