|j|☆zabzib
|j|☆gyaradosgodz
|t:|1760329201
|gametype|singles
|player|p1|zabzib|gambler|1093
|player|p2|gyaradosgodz|juan|1050
|gen|9
|tier|[Gen 9] OU
|rated|
|rule|HP Percentage Mod: HP is shown in percentages
|rule|Endless Battle Clause: Forcing endless battles is banned
|rule|Species Clause: Limit one of each Pokémon
|rule|OHKO Clause: OHKO moves are banned
|rule|Evasion Items Clause: Evasion items are banned
|rule|Evasion Moves Clause: Evasion moves are banned
|rule|Evasion Abilities Clause: Evasion abilities are banned
|rule|Sleep Moves Clause: Sleep-inducing moves are banned
|clearpoke
|poke|p1|Ribombee, M|
|poke|p1|Orthworm, M|
|poke|p1|Ceruledge, M|
|poke|p1|Zoroark-Hisui, F|
|poke|p1|Gliscor, F|
|poke|p1|Bellibolt, M|
|poke|p2|Zangoose, M|
|poke|p2|Galvantula, M|
|poke|p2|Cryogonal|
|poke|p2|Kleavor, F|
|poke|p2|Hydreigon, F|
|poke|p2|Conkeldurr, F|
|teampreview
|inactive|Battle timer is ON: inactive players will automatically lose when time's up. (requested by gyaradosgodz)
|
|t:|1760329231
|teamsize|p1|6
|teamsize|p2|6
|start
|switch|p1a: Bellibolt|Bellibolt, M, shiny|100/100
|switch|p2a: Kleavor|Kleavor, F|100/100
|turn|1
|
|t:|1760329242
|move|p2a: Kleavor|Stone Axe|p1a: Bellibolt
|-damage|p1a: Bellibolt|55/100
|-start|p1a: Bellibolt|Charge|Stone Axe|[from] ability: Electromorphosis
|-sidestart|p1: zabzib|move: Stealth Rock
|move|p1a: Bellibolt|Zap Cannon|p2a: Kleavor|[miss]
|-miss|p1a: Bellibolt|p2a: Kleavor
|-end|p1a: Bellibolt|Charge|[silent]
|
|-heal|p1a: Bellibolt|61/100|[from] item: Leftovers
|upkeep
|turn|2
|
|t:|1760329257
|move|p2a: Kleavor|Stone Axe|p1a: Bellibolt
|-damage|p1a: Bellibolt|16/100
|-start|p1a: Bellibolt|Charge|Stone Axe|[from] ability: Electromorphosis
|move|p1a: Bellibolt|Parabolic Charge|p2a: Kleavor
|-damage|p2a: Kleavor|0 fnt
|-heal|p1a: Bellibolt|50/100|[from] drain|[of] p2a: Kleavor
|faint|p2a: Kleavor
|-end|p1a: Bellibolt|Charge|[silent]
|
|-heal|p1a: Bellibolt|56/100|[from] item: Leftovers
|upkeep
|
|t:|1760329269
|switch|p2a: Galvantula|Galvantula, M|100/100
|turn|3
|
|t:|1760329279
|move|p2a: Galvantula|Bug Buzz|p1a: Bellibolt
|-damage|p1a: Bellibolt|17/100
|-unboost|p1a: Bellibolt|spd|1
|-start|p1a: Bellibolt|Charge|Bug Buzz|[from] ability: Electromorphosis
|move|p1a: Bellibolt|Parabolic Charge|p2a: Galvantula
|-resisted|p2a: Galvantula
|-damage|p2a: Galvantula|45/100
|-heal|p1a: Bellibolt|36/100|[from] drain|[of] p2a: Galvantula
|-end|p1a: Bellibolt|Charge|[silent]
|
|-heal|p1a: Bellibolt|42/100|[from] item: Leftovers
|upkeep
|turn|4
|
|t:|1760329303
|switch|p1a: Orthworm|Orthworm, M, shiny|100/100
|-damage|p1a: Orthworm|94/100|[from] Stealth Rock
|move|p2a: Galvantula|Bug Buzz|p1a: Orthworm
|-resisted|p1a: Orthworm
|-damage|p1a: Orthworm|62/100
|
|-heal|p1a: Orthworm|68/100|[from] item: Leftovers
|upkeep
|turn|5
|
|t:|1760329314
|move|p2a: Galvantula|Sticky Web|p1a: Orthworm
|-sidestart|p1: zabzib|move: Sticky Web
|move|p1a: Orthworm|Iron Defense|p1a: Orthworm
|-boost|p1a: Orthworm|def|2
|
|-heal|p1a: Orthworm|74/100|[from] item: Leftovers
|upkeep
|turn|6
|
|t:|1760329324
|move|p2a: Galvantula|Thunder|p1a: Orthworm
|-damage|p1a: Orthworm|0 fnt
|faint|p1a: Orthworm
|
|upkeep
|
|t:|1760329329
|switch|p1a: Gliscor|Gliscor, F, shiny|100/100
|-damage|p1a: Gliscor|88/100|[from] Stealth Rock
|turn|7
|inactive|gyaradosgodz has 120 seconds left.
|
|t:|1760329383
|move|p2a: Galvantula|Energy Ball|p1a: Gliscor
|-damage|p1a: Gliscor|53/100
|move|p1a: Gliscor|Earthquake|p2a: Galvantula
|-damage|p2a: Galvantula|0 fnt
|faint|p2a: Galvantula
|
|-status|p1a: Gliscor|tox|[from] item: Toxic Orb
|upkeep
|
|t:|1760329388
|switch|p2a: Cryogonal|Cryogonal|100/100
|turn|8
|
|t:|1760329397
|-terastallize|p1a: Gliscor|Water
|move|p2a: Cryogonal|Freeze-Dry|p1a: Gliscor
|-supereffective|p1a: Gliscor
|-damage|p1a: Gliscor|0 fnt
|faint|p1a: Gliscor
|
|upkeep
|
|t:|1760329406
|switch|p1a: Ceruledge|Ceruledge, M|100/100
|-damage|p1a: Ceruledge|76/100|[from] Stealth Rock
|-item|p1a: Ceruledge|Air Balloon
|turn|9
|inactive|gyaradosgodz has 120 seconds left.
|
|t:|1760329418
|move|p2a: Cryogonal|Chilling Water|p1a: Ceruledge
|-supereffective|p1a: Ceruledge
|-damage|p1a: Ceruledge|47/100
|-unboost|p1a: Ceruledge|atk|1
|-enditem|p1a: Ceruledge|Air Balloon
|move|p1a: Ceruledge|Bitter Blade|p2a: Cryogonal
|-supereffective|p2a: Cryogonal
|-damage|p2a: Cryogonal|0 fnt
|-heal|p1a: Ceruledge|99/100|[from] drain|[of] p2a: Cryogonal
|faint|p2a: Cryogonal
|
|upkeep
|
|t:|1760329436
|switch|p2a: Hydreigon|Hydreigon, F|100/100
|turn|10
|
|t:|1760329455
|move|p2a: Hydreigon|Focus Energy|p2a: Hydreigon
|-start|p2a: Hydreigon|move: Focus Energy
|move|p1a: Ceruledge|Close Combat|p2a: Hydreigon
|-supereffective|p2a: Hydreigon
|-damage|p2a: Hydreigon|35/100
|-unboost|p1a: Ceruledge|def|1
|-unboost|p1a: Ceruledge|spd|1
|
|upkeep
|turn|11
|
|t:|1760329475
|switch|p1a: Bellibolt|Bellibolt, M, shiny|42/100
|-damage|p1a: Bellibolt|30/100|[from] Stealth Rock
|-activate|p1a: Bellibolt|move: Sticky Web
|-unboost|p1a: Bellibolt|spe|1
|move|p2a: Hydreigon|Dark Pulse|p1a: Bellibolt
|-crit|p1a: Bellibolt
|-damage|p1a: Bellibolt|0 fnt
|faint|p1a: Bellibolt
|
|upkeep
|inactive|zabzib has 120 seconds left.
|
|t:|1760329493
|switch|p1a: Ribombee|Ribombee, M, shiny|100/100
|-damage|p1a: Ribombee|76/100|[from] Stealth Rock
|-activate|p1a: Ribombee|move: Sticky Web
|-unboost|p1a: Ribombee|spe|1
|turn|12
|
|t:|1760329504
|-terastallize|p2a: Hydreigon|Steel
|move|p2a: Hydreigon|Tera Blast|p1a: Ribombee|[anim] Tera Blast Steel
|-supereffective|p1a: Ribombee
|-crit|p1a: Ribombee
|-damage|p1a: Ribombee|0 fnt
|faint|p1a: Ribombee
|
|upkeep
|inactive|zabzib has 120 seconds left.
|
|t:|1760329515
|switch|p1a: Ceruledge|Ceruledge, M|100/100
|-damage|p1a: Ceruledge|88/100|[from] Stealth Rock
|-item|p1a: Ceruledge|Air Balloon
|turn|13
|inactive|zabzib has 120 seconds left.
|
|t:|1760329530
|move|p1a: Ceruledge|Dark Pulse|p2a: Hydreigon
|-damage|p2a: Hydreigon|3/100
|cant|p2a: Hydreigon|flinch
|
|upkeep
|turn|14
|inactive|gyaradosgodz has 120 seconds left.
|
|t:|1760329537
|move|p1a: Ceruledge|Dark Pulse|p2a: Hydreigon
|-damage|p2a: Hydreigon|0 fnt
|faint|p2a: Hydreigon
|
|upkeep
|inactive|gyaradosgodz has 120 seconds left.
|
|t:|1760329547
|switch|p2a: Conkeldurr|Conkeldurr, F|100/100
|turn|15
|
|t:|1760329560
|move|p1a: Ceruledge|Calm Mind|p1a: Ceruledge
|-boost|p1a: Ceruledge|spa|1
|-boost|p1a: Ceruledge|spd|1
|move|p2a: Conkeldurr|Bulk Up|p2a: Conkeldurr
|-boost|p2a: Conkeldurr|atk|1
|-boost|p2a: Conkeldurr|def|1
|
|upkeep
|turn|16
|
|t:|1760329567
|-singleturn|p1a: Ceruledge|move: Focus Punch
|move|p2a: Conkeldurr|Dynamic Punch|p1a: Ceruledge
|-immune|p1a: Ceruledge
|move|p1a: Ceruledge|Focus Punch|p2a: Conkeldurr
|-damage|p2a: Conkeldurr|77/100
|
|upkeep
|turn|17
|
|t:|1760329577
|move|p1a: Ceruledge|Dark Pulse|p2a: Conkeldurr
|-resisted|p2a: Conkeldurr
|-damage|p2a: Conkeldurr|51/100
|move|p2a: Conkeldurr|Stomping Tantrum|p1a: Ceruledge
|-immune|p1a: Ceruledge
|
|upkeep
|turn|18
|
|t:|1760329587
|switch|p2a: Zangoose|Zangoose, M|100/100
|move|p1a: Ceruledge|Calm Mind|p1a: Ceruledge
|-boost|p1a: Ceruledge|spa|1
|-boost|p1a: Ceruledge|spd|1
|
|-status|p2a: Zangoose|tox|[from] item: Toxic Orb
|upkeep
|turn|19
|
|t:|1760329594
|move|p1a: Ceruledge|Dark Pulse|p2a: Zangoose
|-damage|p2a: Zangoose|11/100 tox
|move|p2a: Zangoose|Shadow Claw|p1a: Ceruledge
|-immune|p1a: Ceruledge
|
|-damage|p2a: Zangoose|5/100 tox|[from] psn
|upkeep
|turn|20
|-message|gyaradosgodz forfeited.
|
|win|zabzib
|raw|zabzib's rating: 1093 &rarr; <strong>1116</strong><br />(+23 for winning)
|raw|gyaradosgodz's rating: 1050 &rarr; <strong>1035</strong><br />(-15 for losing)
|l|☆gyaradosgodz
|player|p2|
|l|☆zabzib
|player|p1|
