|badge|p2|bronze|gen9ou|100-7
|uhtml|medal-msg|<div class="broadcast-blue">Curious what those medals under the avatar are? PS now has Ladder Seasons! For more information, check out the <a href="https://www.smogon.com/forums/threads/3740067/">thread on Smogon.</a></div>
|j|☆DontMissMantine
|j|☆Swiscool
|t:|1760387247
|gametype|singles
|player|p1|DontMissMantine|lucas|1819
|player|p2|Swiscool|2|1973
|gen|9
|tier|[Gen 9] OU
|rated|
|rule|HP Percentage Mod: HP is shown in percentages
|rule|Endless Battle Clause: Forcing endless battles is banned
|rule|Species Clause: Limit one of each Pokémon
|rule|OHKO Clause: OHKO moves are banned
|rule|Evasion Items Clause: Evasion items are banned
|rule|Evasion Moves Clause: Evasion moves are banned
|rule|Evasion Abilities Clause: Evasion abilities are banned
|rule|Sleep Moves Clause: Sleep-inducing moves are banned
|clearpoke
|poke|p1|Pelipper, F|
|poke|p1|Beartic, F|
|poke|p1|Barraskewda, M|
|poke|p1|Ogerpon-Wellspring, F|
|poke|p1|Zapdos|
|poke|p1|Hatterene, F|
|poke|p2|Samurott-Hisui, M|
|poke|p2|Darkrai|
|poke|p2|Kingambit, F|
|poke|p2|Landorus-Therian, M|
|poke|p2|Pecharunt|
|poke|p2|Enamorus, F|
|teampreview
|inactive|Battle timer is ON: inactive players will automatically lose when time's up. (requested by DontMissMantine)
|
|t:|1760387254
|teamsize|p1|6
|teamsize|p2|6
|start
|switch|p1a: Pelipper|Pelipper, F|100/100
|switch|p2a: Enamorus|Enamorus, F|100/100
|-weather|RainDance|[from] ability: Drizzle|[of] p1a: Pelipper
|turn|1
|j| swagboss123456789
|
|t:|1760387261
|switch|p1a: Zapdos|Zapdos|100/100
|move|p2a: Enamorus|Moonblast|p1a: Zapdos
|-damage|p1a: Zapdos|43/100
|-unboost|p1a: Zapdos|spa|1
|
|-weather|RainDance|[upkeep]
|upkeep
|turn|2
|
|t:|1760387271
|switch|p1a: Hatterene|Hatterene, F|100/100
|move|p2a: Enamorus|Moonblast|p1a: Hatterene
|-damage|p1a: Hatterene|18/100
|-enditem|p1a: Hatterene|Eject Button
|j| ebizi
|
|t:|1760387277
|switch|p1a: Barraskewda|Barraskewda, M|100/100
|
|-weather|RainDance|[upkeep]
|upkeep
|turn|3
|
|t:|1760387284
|switch|p2a: Samurott|Samurott-Hisui, M|100/100
|-terastallize|p1a: Barraskewda|Water
|move|p1a: Barraskewda|Liquidation|p2a: Samurott
|-resisted|p2a: Samurott
|-damage|p2a: Samurott|34/100
|-unboost|p2a: Samurott|def|1
|
|-weather|RainDance|[upkeep]
|upkeep
|turn|4
|
|t:|1760387294
|move|p1a: Barraskewda|Aqua Jet|p2a: Samurott
|-resisted|p2a: Samurott
|-damage|p2a: Samurott|0 fnt
|faint|p2a: Samurott
|
|-weather|RainDance|[upkeep]
|upkeep
|
|t:|1760387304
|switch|p2a: Landorus|Landorus-Therian, M|100/100
|-ability|p2a: Landorus|Intimidate|boost
|-unboost|p1a: Barraskewda|atk|1
|turn|5
|
|t:|1760387318
|move|p1a: Barraskewda|Flip Turn|p2a: Landorus
|-supereffective|p2a: Landorus
|-damage|p2a: Landorus|21/100
|-damage|p1a: Barraskewda|84/100|[from] item: Rocky Helmet|[of] p2a: Landorus
|
|t:|1760387322
|switch|p1a: Hatterene|Hatterene, F|18/100|[from] Flip Turn
|move|p2a: Landorus|Earthquake|p1a: Hatterene
|-damage|p1a: Hatterene|0 fnt
|faint|p1a: Hatterene
|
|-weather|RainDance|[upkeep]
|upkeep
|
|t:|1760387332
|switch|p1a: Barraskewda|Barraskewda, M, tera:Water|84/100
|turn|6
|
|t:|1760387336
|move|p1a: Barraskewda|Liquidation|p2a: Landorus
|-supereffective|p2a: Landorus
|-damage|p2a: Landorus|0 fnt
|-damage|p1a: Barraskewda|68/100|[from] item: Rocky Helmet|[of] p2a: Landorus
|faint|p2a: Landorus
|
|-weather|RainDance|[upkeep]
|upkeep
|
|t:|1760387340
|switch|p2a: Pecharunt|Pecharunt|100/100
|turn|7
|
|t:|1760387346
|move|p1a: Barraskewda|Flip Turn|p2a: Pecharunt
|-damage|p2a: Pecharunt|62/100
|
|t:|1760387350
|switch|p1a: Zapdos|Zapdos|43/100|[from] Flip Turn
|move|p2a: Pecharunt|Malignant Chain|p1a: Zapdos
|-damage|p1a: Zapdos|20/100
|
|-weather|RainDance|[upkeep]
|upkeep
|turn|8
|j| GavilarKholin
|
|t:|1760387360
|move|p1a: Zapdos|Thunder|p2a: Pecharunt
|-damage|p2a: Pecharunt|5/100
|move|p2a: Pecharunt|Malignant Chain|p1a: Zapdos
|-crit|p1a: Zapdos
|-damage|p1a: Zapdos|0 fnt
|faint|p1a: Zapdos
|
|-weather|none
|upkeep
|
|t:|1760387374
|switch|p1a: Barraskewda|Barraskewda, M, tera:Water|68/100
|turn|9
|
|t:|1760387380
|move|p1a: Barraskewda|Flip Turn|p2a: Pecharunt
|-damage|p2a: Pecharunt|0 fnt
|faint|p2a: Pecharunt
|
|t:|1760387385
|switch|p1a: Pelipper|Pelipper, F|100/100|[from] Flip Turn
|-weather|RainDance|[from] ability: Drizzle|[of] p1a: Pelipper
|
|-weather|RainDance|[upkeep]
|upkeep
|
|t:|1760387387
|switch|p2a: Enamorus|Enamorus, F|100/100
|turn|10
|
|t:|1760387394
|switch|p1a: Beartic|Beartic, F|100/100
|move|p2a: Enamorus|Moonblast|p1a: Beartic
|-damage|p1a: Beartic|7/100
|
|-weather|RainDance|[upkeep]
|upkeep
|turn|11
|
|t:|1760387401
|move|p1a: Beartic|Icicle Spear|p2a: Enamorus
|-supereffective|p2a: Enamorus
|-damage|p2a: Enamorus|54/100
|-supereffective|p2a: Enamorus
|-damage|p2a: Enamorus|6/100
|-supereffective|p2a: Enamorus
|-damage|p2a: Enamorus|0 fnt
|faint|p2a: Enamorus
|-hitcount|p2: Enamorus|3
|
|-weather|RainDance|[upkeep]
|upkeep
|
|t:|1760387403
|switch|p2a: Darkrai|Darkrai|100/100
|turn|12
|j| ty-tyui↻
|
|t:|1760387413
|move|p2a: Darkrai|Dark Pulse|p1a: Beartic
|-damage|p1a: Beartic|0 fnt
|faint|p1a: Beartic
|
|-weather|RainDance|[upkeep]
|upkeep
|
|t:|1760387419
|switch|p1a: Barraskewda|Barraskewda, M, tera:Water|68/100
|turn|13
|
|t:|1760387422
|move|p1a: Barraskewda|Liquidation|p2a: Darkrai
|-damage|p2a: Darkrai|0 fnt
|faint|p2a: Darkrai
|
|-weather|RainDance|[upkeep]
|upkeep
|
|t:|1760387424
|switch|p2a: Kingambit|Kingambit, F|100/100
|-activate|p2a: Kingambit|ability: Supreme Overlord
|-start|p2a: Kingambit|fallen5|[silent]
|-item|p2a: Kingambit|Air Balloon
|turn|14
|
|t:|1760387433
|switch|p1a: Pelipper|Pelipper, F|100/100
|move|p2a: Kingambit|Kowtow Cleave|p1a: Pelipper
|-damage|p1a: Pelipper|46/100
|
|-weather|RainDance|[upkeep]
|upkeep
|turn|15
|
|t:|1760387441
|move|p2a: Kingambit|Kowtow Cleave|p1a: Pelipper
|-damage|p1a: Pelipper|0 fnt
|faint|p1a: Pelipper
|
|-weather|RainDance|[upkeep]
|upkeep
|
|t:|1760387447
|switch|p1a: Ogerpon|Ogerpon-Wellspring, F|100/100
|turn|16
|
|t:|1760387450
|move|p1a: Ogerpon|Ivy Cudgel|p2a: Kingambit|[anim] Ivy Cudgel Water
|-damage|p2a: Kingambit|38/100
|-enditem|p2a: Kingambit|Air Balloon
|move|p2a: Kingambit|Kowtow Cleave|p1a: Ogerpon
|-damage|p1a: Ogerpon|0 fnt
|faint|p1a: Ogerpon
|
|-weather|none
|upkeep
|
|t:|1760387461
|switch|p1a: Barraskewda|Barraskewda, M, tera:Water|68/100
|turn|17
|j| OP Earthquakes
|
|t:|1760387482
|-terastallize|p2a: Kingambit|Ghost
|move|p1a: Barraskewda|Liquidation|p2a: Kingambit
|-damage|p2a: Kingambit|0 fnt
|faint|p2a: Kingambit
|-end|p2a: Kingambit|fallen5|[silent]
|
|win|DontMissMantine
|raw|DontMissMantine's rating: 1819 &rarr; <strong>1847</strong><br />(+28 for winning)
|raw|Swiscool's rating: 1973 &rarr; <strong>1945</strong><br />(-28 for losing)
|l| ebizi
|c|☆Swiscool|Gg
|l| ty-tyui↻
|c|☆DontMissMantine|Gg
|l| swagboss123456789
|l|☆Swiscool
|player|p2|
|l| GavilarKholin
|l|☆DontMissMantine
|player|p1|
