|j|☆Obito 2001
|j|☆Kanehusky13
|t:|1760308138
|gametype|singles
|player|p1|Obito 2001|blue-gen3two|1604
|player|p2|Kanehusky13|2|1568
|gen|9
|tier|[Gen 9] OU
|rated|
|rule|HP Percentage Mod: HP is shown in percentages
|rule|Endless Battle Clause: Forcing endless battles is banned
|rule|Species Clause: Limit one of each Pokémon
|rule|OHKO Clause: OHKO moves are banned
|rule|Evasion Items Clause: Evasion items are banned
|rule|Evasion Moves Clause: Evasion moves are banned
|rule|Evasion Abilities Clause: Evasion abilities are banned
|rule|Sleep Moves Clause: Sleep-inducing moves are banned
|clearpoke
|poke|p1|Ogerpon-Wellspring, F|
|poke|p1|Toxapex, M|
|poke|p1|Gliscor, F|
|poke|p1|Blissey, F|
|poke|p1|Corviknight, M|
|poke|p1|Hoopa-Unbound|
|poke|p2|Dragapult, M|
|poke|p2|Glimmora, M|
|poke|p2|Comfey, M|
|poke|p2|Kingambit, M|
|poke|p2|Ogerpon-Wellspring, F|
|poke|p2|Blaziken, M|
|teampreview
|inactive|Battle timer is ON: inactive players will automatically lose when time's up. (requested by Obito 2001)
|
|t:|1760308148
|teamsize|p1|6
|teamsize|p2|6
|start
|switch|p1a: Uber level|Gliscor, F|100/100
|switch|p2a: Blaziken|Blaziken, M, shiny|100/100
|turn|1
|
|t:|1760308150
|move|p1a: Uber level|Earthquake|p2a: Blaziken
|-supereffective|p2a: Blaziken
|-damage|p2a: Blaziken|0 fnt
|faint|p2a: Blaziken
|
|-status|p1a: Uber level|tox|[from] item: Toxic Orb
|upkeep
|
|t:|1760308157
|switch|p2a: Glimmora|Glimmora, M, shiny|100/100
|turn|2
|
|t:|1760308160
|move|p1a: Uber level|Protect|p1a: Uber level
|-singleturn|p1a: Uber level|Protect
|move|p2a: Glimmora|Stealth Rock|p1a: Uber level
|-sidestart|p1: Obito 2001|move: Stealth Rock
|
|upkeep
|turn|3
|
|t:|1760308163
|move|p1a: Uber level|Earthquake|p2a: Glimmora
|-supereffective|p2a: Glimmora
|-crit|p2a: Glimmora
|-damage|p2a: Glimmora|0 fnt
|-activate|p2a: Glimmora|ability: Toxic Debris
|-sidestart|p1: Obito 2001|move: Toxic Spikes
|faint|p2a: Glimmora
|
|upkeep
|
|t:|1760308167
|switch|p2a: Ogerpon|Ogerpon-Wellspring, F|100/100
|turn|4
|
|t:|1760308170
|switch|p1a: Stall Machine|Toxapex, M|100/100
|-damage|p1a: Stall Machine|88/100|[from] Stealth Rock
|-sideend|p1: Obito 2001|move: Toxic Spikes|[of] p1a: Stall Machine
|move|p2a: Ogerpon|Spikes|p1a: Stall Machine
|-sidestart|p1: Obito 2001|Spikes
|
|-heal|p1a: Stall Machine|94/100|[from] item: Leftovers
|upkeep
|turn|5
|
|t:|1760308172
|move|p2a: Ogerpon|Taunt|p1a: Stall Machine
|-start|p1a: Stall Machine|move: Taunt
|cant|p1a: Stall Machine|move: Taunt|Toxic
|
|-heal|p1a: Stall Machine|100/100|[from] item: Leftovers
|upkeep
|turn|6
|
|t:|1760308176
|switch|p1a: Sting|Corviknight, M, shiny|100/100
|-damage|p1a: Sting|88/100|[from] Stealth Rock
|-ability|p1a: Sting|Pressure
|move|p2a: Ogerpon|Spikes|p1a: Sting
|-sidestart|p1: Obito 2001|Spikes
|
|upkeep
|turn|7
|
|t:|1760308179
|move|p2a: Ogerpon|Taunt|p1a: Sting
|-start|p1a: Sting|move: Taunt
|move|p1a: Sting|Brave Bird|p2a: Ogerpon
|-supereffective|p2a: Ogerpon
|-damage|p2a: Ogerpon|6/100
|-damage|p1a: Sting|65/100|[from] Recoil
|
|upkeep
|turn|8
|
|t:|1760308184
|switch|p1a: Stall Machine|Toxapex, M|100/100
|-damage|p1a: Stall Machine|88/100|[from] Stealth Rock
|-damage|p1a: Stall Machine|72/100|[from] Spikes
|move|p2a: Ogerpon|Ivy Cudgel|p1a: Stall Machine|[anim] Ivy Cudgel Water
|-resisted|p1a: Stall Machine
|-damage|p1a: Stall Machine|52/100
|
|-heal|p1a: Stall Machine|58/100|[from] item: Leftovers
|upkeep
|turn|9
|
|t:|1760308189
|switch|p1a: Sting|Corviknight, M, shiny|65/100
|-damage|p1a: Sting|52/100|[from] Stealth Rock
|-ability|p1a: Sting|Pressure
|move|p2a: Ogerpon|Taunt|p1a: Sting
|-start|p1a: Sting|move: Taunt
|
|upkeep
|turn|10
|
|t:|1760308193
|move|p2a: Ogerpon|Ivy Cudgel|p1a: Sting|[anim] Ivy Cudgel Water
|-crit|p1a: Sting
|-damage|p1a: Sting|3/100
|move|p1a: Sting|U-turn|p2a: Ogerpon
|-supereffective|p2a: Ogerpon
|-damage|p2a: Ogerpon|0 fnt
|faint|p2a: Ogerpon
|
|t:|1760308206
|switch|p1a: Uber level|Gliscor, F|100/100 tox|[from] U-turn
|-damage|p1a: Uber level|88/100 tox|[from] Stealth Rock
|
|-heal|p1a: Uber level|100/100 tox|[from] ability: Poison Heal
|upkeep
|
|t:|1760308214
|switch|p2a: Dragapult|Dragapult, M, shiny|100/100
|turn|11
|
|t:|1760308217
|move|p1a: Uber level|Protect|p1a: Uber level
|-singleturn|p1a: Uber level|Protect
|move|p2a: Dragapult|Draco Meteor|p1a: Uber level
|-activate|p1a: Uber level|move: Protect
|
|upkeep
|turn|12
|
|t:|1760308221
|switch|p1a: Sting|Corviknight, M, shiny|3/100
|-damage|p1a: Sting|0 fnt|[from] Stealth Rock
|faint|p1a: Sting
|move|p2a: Dragapult|Draco Meteor|p1: Sting|[notarget]
|-fail|p2a: Dragapult
|
|upkeep
|
|t:|1760308226
|switch|p1a: Stall Machine|Toxapex, M|91/100
|-damage|p1a: Stall Machine|79/100|[from] Stealth Rock
|-damage|p1a: Stall Machine|62/100|[from] Spikes
|turn|13
|
|t:|1760308230
|-terastallize|p2a: Dragapult|Dragon
|move|p2a: Dragapult|Draco Meteor|p1a: Stall Machine
|-damage|p1a: Stall Machine|0 fnt
|-unboost|p2a: Dragapult|spa|2
|faint|p1a: Stall Machine
|-damage|p2a: Dragapult|91/100|[from] item: Life Orb
|
|upkeep
|
|t:|1760308238
|switch|p1a: Uber level|Gliscor, F|100/100 tox
|-damage|p1a: Uber level|88/100 tox|[from] Stealth Rock
|turn|14
|
|t:|1760308243
|switch|p2a: Kingambit|Kingambit, M, shiny|100/100
|-activate|p2a: Kingambit|ability: Supreme Overlord
|-start|p2a: Kingambit|fallen3|[silent]
|move|p1a: Uber level|Swords Dance|p1a: Uber level
|-boost|p1a: Uber level|atk|2
|
|-heal|p1a: Uber level|100/100 tox|[from] ability: Poison Heal
|upkeep
|turn|15
|
|t:|1760308246
|move|p1a: Uber level|Earthquake|p2a: Kingambit
|-supereffective|p2a: Kingambit
|-damage|p2a: Kingambit|2/100
|move|p2a: Kingambit|Kowtow Cleave|p1a: Uber level
|-damage|p1a: Uber level|53/100 tox
|
|-heal|p2a: Kingambit|8/100|[from] item: Leftovers
|-heal|p1a: Uber level|66/100 tox|[from] ability: Poison Heal
|upkeep
|turn|16
|
|t:|1760308249
|move|p1a: Uber level|Protect|p1a: Uber level
|-singleturn|p1a: Uber level|Protect
|move|p2a: Kingambit|Sucker Punch||[still]
|-fail|p2a: Kingambit
|
|-heal|p2a: Kingambit|15/100|[from] item: Leftovers
|-heal|p1a: Uber level|78/100 tox|[from] ability: Poison Heal
|upkeep
|turn|17
|
|t:|1760308252
|move|p1a: Uber level|Earthquake|p2a: Kingambit
|-supereffective|p2a: Kingambit
|-damage|p2a: Kingambit|0 fnt
|faint|p2a: Kingambit
|-end|p2a: Kingambit|fallen3|[silent]
|
|-heal|p1a: Uber level|91/100 tox|[from] ability: Poison Heal
|upkeep
|
|t:|1760308253
|switch|p2a: Dragapult|Dragapult, M, shiny, tera:Dragon|91/100
|turn|18
|
|t:|1760308255
|move|p1a: Uber level|Protect|p1a: Uber level
|-singleturn|p1a: Uber level|Protect
|move|p2a: Dragapult|Draco Meteor|p1a: Uber level
|-activate|p1a: Uber level|move: Protect
|
|-heal|p1a: Uber level|100/100 tox|[from] ability: Poison Heal
|upkeep
|turn|19
|
|t:|1760308259
|switch|p1a: Ruby Chan|Blissey, F|100/100
|-damage|p1a: Ruby Chan|88/100|[from] Stealth Rock
|-damage|p1a: Ruby Chan|71/100|[from] Spikes
|move|p2a: Dragapult|Draco Meteor|p1a: Ruby Chan
|-damage|p1a: Ruby Chan|44/100
|-unboost|p2a: Dragapult|spa|2
|-damage|p2a: Dragapult|81/100|[from] item: Life Orb
|
|-heal|p1a: Ruby Chan|50/100|[from] item: Leftovers
|upkeep
|turn|20
|
|t:|1760308263
|move|p2a: Dragapult|Dragon Darts|p1a: Ruby Chan
|-damage|p1a: Ruby Chan|0 fnt
|faint|p1a: Ruby Chan
|-damage|p2a: Dragapult|71/100|[from] item: Life Orb
|
|upkeep
|
|t:|1760308270
|switch|p1a: Uber level|Gliscor, F|100/100 tox
|-damage|p1a: Uber level|88/100 tox|[from] Stealth Rock
|turn|21
|
|t:|1760308276
|move|p2a: Dragapult|Dragon Darts|p1a: Uber level
|-crit|p1a: Uber level
|-damage|p1a: Uber level|50/100 tox
|-anim|p2a: Dragapult|Dragon Darts|p1a: Uber level
|-damage|p1a: Uber level|27/100 tox
|-damage|p2a: Dragapult|61/100|[from] item: Life Orb
|move|p1a: Uber level|Facade|p2a: Dragapult
|-damage|p2a: Dragapult|16/100
|
|-heal|p1a: Uber level|39/100 tox|[from] ability: Poison Heal
|upkeep
|turn|22
|
|t:|1760308284
|switch|p2a: Comfey|Comfey, M, shiny|100/100
|move|p1a: Uber level|Protect||[still]
|-fail|p1a: Uber level
|
|-heal|p1a: Uber level|52/100 tox|[from] ability: Poison Heal
|upkeep
|turn|23
|
|t:|1760308290
|move|p1a: Uber level|Facade|p2a: Comfey
|-damage|p2a: Comfey|59/100
|move|p2a: Comfey|Calm Mind|p2a: Comfey
|-boost|p2a: Comfey|spa|1
|-boost|p2a: Comfey|spd|1
|
|-heal|p1a: Uber level|64/100 tox|[from] ability: Poison Heal
|upkeep
|turn|24
|
|t:|1760308295
|move|p2a: Comfey|Draining Kiss|p1a: Uber level
|-damage|p1a: Uber level|18/100 tox
|-heal|p2a: Comfey|99/100|[from] drain|[of] p1a: Uber level
|-damage|p2a: Comfey|90/100|[from] item: Life Orb
|move|p1a: Uber level|Facade|p2a: Comfey
|-damage|p2a: Comfey|48/100
|
|-heal|p1a: Uber level|30/100 tox|[from] ability: Poison Heal
|upkeep
|turn|25
|
|t:|1760308299
|move|p2a: Comfey|Draining Kiss|p1a: Uber level
|-damage|p1a: Uber level|0 fnt
|-heal|p2a: Comfey|73/100|[from] drain|[of] p1a: Uber level
|faint|p1a: Uber level
|-damage|p2a: Comfey|63/100|[from] item: Life Orb
|
|upkeep
|
|t:|1760308307
|switch|p1a: 🎭|Ogerpon-Wellspring, F|100/100
|-damage|p1a: 🎭|88/100|[from] Stealth Rock
|-damage|p1a: 🎭|72/100|[from] Spikes
|turn|26
|
|t:|1760308311
|-terastallize|p1a: 🎭|Water
|detailschange|p1a: 🎭|Ogerpon-Wellspring-Tera, F, tera:Water
|-ability|p1a: 🎭|Embody Aspect (Wellspring)|boost
|-boost|p1a: 🎭|spd|1
|move|p2a: Comfey|Draining Kiss|p1a: 🎭
|-damage|p1a: 🎭|38/100
|-heal|p2a: Comfey|88/100|[from] drain|[of] p1a: 🎭
|-damage|p2a: Comfey|79/100|[from] item: Life Orb
|move|p1a: 🎭|Trailblaze|p2a: Comfey
|-damage|p2a: Comfey|40/100
|-boost|p1a: 🎭|spe|1
|
|upkeep
|turn|27
|
|t:|1760308315
|move|p2a: Comfey|Draining Kiss|p1a: 🎭
|-damage|p1a: 🎭|6/100
|-heal|p2a: Comfey|64/100|[from] drain|[of] p1a: 🎭
|-damage|p2a: Comfey|54/100|[from] item: Life Orb
|move|p1a: 🎭|Ivy Cudgel|p2a: Comfey|[anim] Ivy Cudgel Water
|-crit|p2a: Comfey
|-damage|p2a: Comfey|0 fnt
|faint|p2a: Comfey
|
|upkeep
|
|t:|1760308318
|switch|p2a: Dragapult|Dragapult, M, shiny, tera:Dragon|16/100
|turn|28
|
|t:|1760308321
|move|p1a: 🎭|Ivy Cudgel|p2a: Dragapult|[anim] Ivy Cudgel Water
|-resisted|p2a: Dragapult
|-damage|p2a: Dragapult|0 fnt
|faint|p2a: Dragapult
|
|win|Obito 2001
|raw|Obito 2001's rating: 1604 &rarr; <strong>1622</strong><br />(+18 for winning)
|raw|Kanehusky13's rating: 1568 &rarr; <strong>1550</strong><br />(-18 for losing)
|c|☆Kanehusky13|man
|c|☆Kanehusky13|gg
|c|☆Obito 2001|Gg
