|j|☆ju2508
|j|☆skratchaSNG
|t:|1760433558
|gametype|singles
|player|p1|ju2508|102|1203
|player|p2|skratchaSNG|1|1260
|gen|9
|tier|[Gen 9] OU
|rated|
|rule|HP Percentage Mod: HP is shown in percentages
|rule|Endless Battle Clause: Forcing endless battles is banned
|rule|Species Clause: Limit one of each Pokémon
|rule|OHKO Clause: OHKO moves are banned
|rule|Evasion Items Clause: Evasion items are banned
|rule|Evasion Moves Clause: Evasion moves are banned
|rule|Evasion Abilities Clause: Evasion abilities are banned
|rule|Sleep Moves Clause: Sleep-inducing moves are banned
|clearpoke
|poke|p1|Trevenant, M|
|poke|p1|Rhyperior, F|
|poke|p1|Infernape, M|
|poke|p1|Honchkrow, M|
|poke|p1|Wigglytuff, M|
|poke|p1|Magnezone|
|poke|p2|Hoopa-Unbound|
|poke|p2|Hydrapple, M|
|poke|p2|Gliscor, F|
|poke|p2|Cinderace, M|
|poke|p2|Alomomola, F|
|poke|p2|Gholdengo|
|teampreview
|inactive|Battle timer is ON: inactive players will automatically lose when time's up. (requested by ju2508)
|
|t:|1760433567
|teamsize|p1|6
|teamsize|p2|6
|start
|switch|p1a: Infernape|Infernape, M|100/100
|switch|p2a: Cinderace|Cinderace, M|100/100
|turn|1
|
|t:|1760433590
|move|p1a: Infernape|Aura Sphere|p2a: Cinderace
|-damage|p2a: Cinderace|54/100
|move|p2a: Cinderace|U-turn|p1a: Infernape
|-resisted|p1a: Infernape
|-crit|p1a: Infernape
|-damage|p1a: Infernape|89/100
|
|t:|1760433594
|switch|p2a: Gholdengo|Gholdengo|100/100|[from] U-turn
|-item|p2a: Gholdengo|Air Balloon
|
|upkeep
|turn|2
|
|t:|1760433620
|switch|p1a: Trevenant|Trevenant, M|100/100
|move|p2a: Gholdengo|Thunder Wave|p1a: Trevenant|[miss]
|-miss|p2a: Gholdengo|p1a: Trevenant
|
|upkeep
|turn|3
|inactive|ju2508 has 120 seconds left.
|inactive|skratchaSNG has 120 seconds left.
|
|t:|1760433663
|switch|p2a: Hoopa|Hoopa-Unbound|100/100
|switch|p1a: Wigglytuff|Wigglytuff, M|100/100
|
|upkeep
|turn|4
|
|t:|1760433680
|move|p2a: Hoopa|Gunk Shot|p1a: Wigglytuff
|-supereffective|p1a: Wigglytuff
|-damage|p1a: Wigglytuff|0 fnt
|faint|p1a: Wigglytuff
|
|upkeep
|
|t:|1760433696
|switch|p1a: Magnezone|Magnezone|100/100
|turn|5
|
|t:|1760433706
|switch|p2a: Cinderace|Cinderace, M|54/100
|move|p1a: Magnezone|Flash Cannon|p2a: Cinderace
|-resisted|p2a: Cinderace
|-damage|p2a: Cinderace|4/100
|
|upkeep
|turn|6
|
|t:|1760433720
|switch|p1a: Rhyperior|Rhyperior, F|100/100
|move|p2a: Cinderace|Pyro Ball|p1a: Rhyperior
|-resisted|p1a: Rhyperior
|-damage|p1a: Rhyperior|80/100
|
|upkeep
|turn|7
|
|t:|1760433732
|move|p2a: Cinderace|Will-O-Wisp|p1a: Rhyperior
|-status|p1a: Rhyperior|brn
|move|p1a: Rhyperior|Dragon Tail|p2a: Cinderace
|-damage|p2a: Cinderace|0 fnt
|faint|p2a: Cinderace
|
|-damage|p1a: Rhyperior|73/100 brn|[from] brn
|upkeep
|
|t:|1760433741
|switch|p2a: Alomomola|Alomomola, F|100/100
|turn|8
|inactive|ju2508 has 120 seconds left.
|
|t:|1760433758
|switch|p1a: Trevenant|Trevenant, M|100/100
|move|p2a: Alomomola|Scald|p1a: Trevenant
|-resisted|p1a: Trevenant
|-damage|p1a: Trevenant|93/100
|
|upkeep
|turn|9
|
|t:|1760433784
|switch|p2a: Hoopa|Hoopa-Unbound|100/100
|move|p1a: Trevenant|Substitute|p1a: Trevenant
|-start|p1a: Trevenant|Substitute
|-damage|p1a: Trevenant|68/100
|
|upkeep
|turn|10
|
|t:|1760433804
|move|p2a: Hoopa|Knock Off|p1a: Trevenant
|-supereffective|p1a: Trevenant
|-end|p1a: Trevenant|Substitute
|move|p1a: Trevenant|Will-O-Wisp|p2a: Hoopa
|-status|p2a: Hoopa|brn
|
|-damage|p2a: Hoopa|95/100 brn|[from] brn
|upkeep
|turn|11
|
|t:|1760433828
|switch|p1a: Honchkrow|Honchkrow, M|100/100
|move|p2a: Hoopa|Knock Off|p1a: Honchkrow
|-resisted|p1a: Honchkrow
|-damage|p1a: Honchkrow|76/100
|-enditem|p1a: Honchkrow|Life Orb|[from] move: Knock Off|[of] p2a: Hoopa
|
|-damage|p2a: Hoopa|89/100 brn|[from] brn
|upkeep
|turn|12
|inactive|ju2508 has 90 seconds left.
|
|t:|1760433845
|switch|p2a: Gholdengo|Gholdengo|100/100
|-item|p2a: Gholdengo|Air Balloon
|move|p1a: Honchkrow|Brave Bird|p2a: Gholdengo
|-resisted|p2a: Gholdengo
|-damage|p2a: Gholdengo|80/100
|-enditem|p2a: Gholdengo|Air Balloon
|-damage|p1a: Honchkrow|68/100|[from] Recoil
|
|upkeep
|turn|13
|
|t:|1760433855
|move|p1a: Honchkrow|U-turn|p2a: Gholdengo
|-resisted|p2a: Gholdengo
|-damage|p2a: Gholdengo|76/100
|inactive|ju2508 has 90 seconds left.
|
|t:|1760433877
|switch|p1a: Infernape|Infernape, M|89/100|[from] U-turn
|move|p2a: Gholdengo|Make It Rain|p1a: Infernape
|-resisted|p1a: Infernape
|-damage|p1a: Infernape|51/100
|-unboost|p2a: Gholdengo|spa|1
|
|upkeep
|turn|14
|
|t:|1760433892
|switch|p2a: Alomomola|Alomomola, F|100/100
|move|p1a: Infernape|U-turn|p2a: Alomomola
|-damage|p2a: Alomomola|88/100
|
|t:|1760433907
|switch|p1a: Magnezone|Magnezone|100/100|[from] U-turn
|
|upkeep
|turn|15
|
|t:|1760433927
|switch|p2a: Gliscor|Gliscor, F|100/100
|move|p1a: Magnezone|Volt Switch|p2a: Gliscor
|-immune|p2a: Gliscor
|
|-status|p2a: Gliscor|tox|[from] item: Toxic Orb
|upkeep
|turn|16
|
|t:|1760433938
|switch|p1a: Trevenant|Trevenant, M|68/100
|move|p2a: Gliscor|Earthquake|p1a: Trevenant
|-resisted|p1a: Trevenant
|-damage|p1a: Trevenant|56/100
|
|upkeep
|turn|17
|
|t:|1760433956
|move|p2a: Gliscor|Toxic|p1a: Trevenant
|-status|p1a: Trevenant|tox
|move|p1a: Trevenant|Leech Seed|p2a: Gliscor
|-start|p2a: Gliscor|move: Leech Seed
|
|-damage|p2a: Gliscor|88/100 tox|[from] Leech Seed|[of] p1a: Trevenant
|-heal|p1a: Trevenant|68/100 tox|[silent]
|-heal|p2a: Gliscor|100/100 tox|[from] ability: Poison Heal
|-damage|p1a: Trevenant|62/100 tox|[from] psn
|upkeep
|turn|18
|
|t:|1760433981
|switch|p2a: Hoopa|Hoopa-Unbound|89/100 brn
|switch|p1a: Magnezone|Magnezone|100/100
|
|-damage|p2a: Hoopa|83/100 brn|[from] brn
|upkeep
|turn|19
|inactive|ju2508 has 60 seconds left.
|
|t:|1760434003
|move|p2a: Hoopa|Knock Off|p1a: Magnezone
|-damage|p1a: Magnezone|76/100
|-enditem|p1a: Magnezone|Choice Specs|[from] move: Knock Off|[of] p2a: Hoopa
|move|p1a: Magnezone|Flash Cannon|p2a: Hoopa
|-damage|p2a: Hoopa|31/100 brn
|
|-damage|p2a: Hoopa|25/100 brn|[from] brn
|upkeep
|turn|20
|inactive|ju2508 has 60 seconds left.
|inactive|skratchaSNG has 120 seconds left.
|inactive|skratchaSNG has 90 seconds left.
|
|t:|1760434067
|switch|p2a: Gliscor|Gliscor, F|100/100 tox
|move|p1a: Magnezone|Volt Switch|p2a: Gliscor
|-immune|p2a: Gliscor
|
|upkeep
|turn|21
|inactive|skratchaSNG has 90 seconds left.
|
|t:|1760434077
|switch|p2a: Hydrapple|Hydrapple, M, shiny|100/100
|-terastallize|p1a: Magnezone|Water
|move|p1a: Magnezone|Tera Blast|p2a: Hydrapple|[anim] Tera Blast Water
|-resisted|p2a: Hydrapple
|-damage|p2a: Hydrapple|85/100
|
|upkeep
|turn|22
|inactive|skratchaSNG has 90 seconds left.
|
|t:|1760434087
|move|p1a: Magnezone|Volt Switch|p2a: Hydrapple
|-resisted|p2a: Hydrapple
|-damage|p2a: Hydrapple|75/100
|
|t:|1760434092
|switch|p1a: Honchkrow|Honchkrow, M|68/100|[from] Volt Switch
|move|p2a: Hydrapple|Nasty Plot|p2a: Hydrapple
|-boost|p2a: Hydrapple|spa|2
|
|upkeep
|turn|23
|
|t:|1760434102
|-terastallize|p2a: Hydrapple|Steel
|move|p1a: Honchkrow|Brave Bird|p2a: Hydrapple
|-resisted|p2a: Hydrapple
|-damage|p2a: Hydrapple|56/100
|-damage|p1a: Honchkrow|52/100|[from] item: Rocky Helmet|[of] p2a: Hydrapple
|-damage|p1a: Honchkrow|44/100|[from] Recoil
|move|p2a: Hydrapple|Fickle Beam|p1a: Honchkrow
|-damage|p1a: Honchkrow|0 fnt
|faint|p1a: Honchkrow
|
|upkeep
|
|t:|1760434115
|switch|p1a: Infernape|Infernape, M|51/100
|turn|24
|
|t:|1760434126
|move|p1a: Infernape|Fire Blast|p2a: Hydrapple
|-supereffective|p2a: Hydrapple
|-damage|p2a: Hydrapple|0 fnt
|faint|p2a: Hydrapple
|
|upkeep
|
|t:|1760434136
|switch|p2a: Gliscor|Gliscor, F|100/100 tox
|turn|25
|
|t:|1760434141
|switch|p1a: Trevenant|Trevenant, M|62/100 tox
|move|p2a: Gliscor|Earthquake|p1a: Trevenant
|-resisted|p1a: Trevenant
|-damage|p1a: Trevenant|50/100 tox
|-enditem|p1a: Trevenant|Sitrus Berry|[eat]
|-heal|p1a: Trevenant|75/100 tox|[from] item: Sitrus Berry
|
|-damage|p1a: Trevenant|69/100 tox|[from] psn
|-item|p1a: Trevenant|Sitrus Berry|[from] ability: Harvest
|upkeep
|turn|26
|
|t:|1760434157
|switch|p2a: Hoopa|Hoopa-Unbound|25/100 brn
|switch|p1a: Magnezone|Magnezone, tera:Water|76/100
|
|-damage|p2a: Hoopa|19/100 brn|[from] brn
|upkeep
|turn|27
|inactive|skratchaSNG has 120 seconds left.
|inactive|skratchaSNG has 90 seconds left.
|
|t:|1760434200
|move|p2a: Hoopa|Gunk Shot|p1a: Magnezone
|-damage|p1a: Magnezone|54/100
|-status|p1a: Magnezone|psn
|move|p1a: Magnezone|Tera Blast|p2a: Hoopa|[anim] Tera Blast Water
|-damage|p2a: Hoopa|0 fnt
|faint|p2a: Hoopa
|
|-damage|p1a: Magnezone|41/100 psn|[from] psn
|upkeep
|
|t:|1760434207
|switch|p2a: Gholdengo|Gholdengo|76/100
|turn|28
|
|t:|1760434218
|move|p2a: Gholdengo|Hex|p1a: Magnezone
|-damage|p1a: Magnezone|0 fnt
|faint|p1a: Magnezone
|
|upkeep
|
|t:|1760434224
|switch|p1a: Infernape|Infernape, M|51/100
|turn|29
|
|t:|1760434241
|switch|p2a: Alomomola|Alomomola, F|100/100
|move|p1a: Infernape|Fire Blast|p2a: Alomomola
|-resisted|p2a: Alomomola
|-crit|p2a: Alomomola
|-damage|p2a: Alomomola|84/100
|
|upkeep
|turn|30
|
|t:|1760434249
|switch|p1a: Trevenant|Trevenant, M|69/100 tox
|move|p2a: Alomomola|Scald|p1a: Trevenant
|-resisted|p1a: Trevenant
|-damage|p1a: Trevenant|62/100 tox
|
|-damage|p1a: Trevenant|55/100 tox|[from] psn
|upkeep
|turn|31
|
|t:|1760434273
|move|p1a: Trevenant|Leech Seed|p2a: Alomomola
|-start|p2a: Alomomola|move: Leech Seed
|move|p2a: Alomomola|Flip Turn|p1a: Trevenant
|-resisted|p1a: Trevenant
|-damage|p1a: Trevenant|49/100 tox
|-enditem|p1a: Trevenant|Sitrus Berry|[eat]
|-heal|p1a: Trevenant|74/100 tox|[from] item: Sitrus Berry
|-message|skratchaSNG forfeited.
|
|win|ju2508
|raw|ju2508's rating: 1174 &rarr; <strong>1205</strong><br />(+31 for winning)
|raw|skratchaSNG's rating: 1260 &rarr; <strong>1229</strong><br />(-31 for losing)
|l|☆skratchaSNG
|player|p2|
|l|☆ju2508
|player|p1|
