|badge|p1|bronze|gen9ou|100-7
|uhtml|medal-msg|<div class="broadcast-blue">Curious what those medals under the avatar are? PS now has Ladder Seasons! For more information, check out the <a href="https://www.smogon.com/forums/threads/3740067/">thread on Smogon.</a></div>
|j|☆Vitoran
|j|☆butts99999
|t:|1760386053
|gametype|singles
|player|p1|Vitoran|#rbyplvmightymagmars|1861
|player|p2|butts99999|skierf|1831
|gen|9
|tier|[Gen 9] OU
|rated|
|rule|HP Percentage Mod: HP is shown in percentages
|rule|Endless Battle Clause: Forcing endless battles is banned
|rule|Species Clause: Limit one of each Pokémon
|rule|OHKO Clause: OHKO moves are banned
|rule|Evasion Items Clause: Evasion items are banned
|rule|Evasion Moves Clause: Evasion moves are banned
|rule|Evasion Abilities Clause: Evasion abilities are banned
|rule|Sleep Moves Clause: Sleep-inducing moves are banned
|clearpoke
|poke|p1|Weavile, M|
|poke|p1|Samurott-Hisui, F|
|poke|p1|Gholdengo|
|poke|p1|Great Tusk|
|poke|p1|Pecharunt|
|poke|p1|Kingambit, M|
|poke|p2|Kingambit, F|
|poke|p2|Cinderace, F|
|poke|p2|Landorus-Therian, M|
|poke|p2|Iron Valiant|
|poke|p2|Kyurem|
|poke|p2|Slowking-Galar, M|
|teampreview
|inactive|Battle timer is ON: inactive players will automatically lose when time's up. (requested by Vitoran)
|c|☆Vitoran|glhf
|c|☆butts99999|hf
|
|t:|1760386061
|teamsize|p1|6
|teamsize|p2|6
|start
|switch|p1a: Weavile|Weavile, M|100/100
|switch|p2a: Kristine|Cinderace, F, shiny|100/100
|-ability|p1a: Weavile|Pressure
|turn|1
|
|t:|1760386068
|move|p1a: Weavile|Knock Off|p2a: Kristine
|-damage|p2a: Kristine|17/100
|-enditem|p2a: Kristine|Heavy-Duty Boots|[from] move: Knock Off|[of] p1a: Weavile
|move|p2a: Kristine|Pyro Ball|p1a: Weavile
|-supereffective|p1a: Weavile
|-damage|p1a: Weavile|0 fnt
|faint|p1a: Weavile
|
|upkeep
|
|t:|1760386082
|switch|p1a: Great Tusk|Great Tusk|100/100
|-enditem|p1a: Great Tusk|Booster Energy
|-activate|p1a: Great Tusk|ability: Protosynthesis|[fromitem]
|-start|p1a: Great Tusk|protosynthesisspe
|turn|2
|
|t:|1760386088
|move|p1a: Great Tusk|Rapid Spin|p2a: Kristine
|-damage|p2a: Kristine|0 fnt
|-boost|p1a: Great Tusk|spe|1
|faint|p2a: Kristine
|
|upkeep
|
|t:|1760386095
|switch|p2a: Mr. Freeze|Kyurem, shiny|100/100
|-ability|p2a: Mr. Freeze|Pressure
|turn|3
|
|t:|1760386107
|-terastallize|p1a: Great Tusk|Ice
|move|p1a: Great Tusk|Stealth Rock|p2a: Mr. Freeze
|-sidestart|p2: butts99999|move: Stealth Rock
|move|p2a: Mr. Freeze|Freeze-Dry|p1a: Great Tusk
|-resisted|p1a: Great Tusk
|-damage|p1a: Great Tusk|78/100
|
|upkeep
|turn|4
|
|t:|1760386127
|move|p1a: Great Tusk|Headlong Rush|p2a: Mr. Freeze
|-damage|p2a: Mr. Freeze|49/100
|-unboost|p1a: Great Tusk|def|1
|-unboost|p1a: Great Tusk|spd|1
|move|p2a: Mr. Freeze|Earth Power|p1a: Great Tusk
|-damage|p1a: Great Tusk|23/100
|
|-heal|p2a: Mr. Freeze|56/100|[from] item: Leftovers
|upkeep
|turn|5
|
|t:|1760386136
|move|p1a: Great Tusk|Headlong Rush|p2a: Mr. Freeze
|-damage|p2a: Mr. Freeze|3/100
|-unboost|p1a: Great Tusk|def|1
|-unboost|p1a: Great Tusk|spd|1
|move|p2a: Mr. Freeze|Freeze-Dry|p1a: Great Tusk
|-resisted|p1a: Great Tusk
|-damage|p1a: Great Tusk|0 fnt
|faint|p1a: Great Tusk
|-end|p1a: Great Tusk|Protosynthesis|[silent]
|
|-heal|p2a: Mr. Freeze|10/100|[from] item: Leftovers
|upkeep
|
|t:|1760386143
|switch|p1a: Gholdengo|Gholdengo|100/100
|turn|6
|
|t:|1760386147
|move|p1a: Gholdengo|Shadow Ball|p2a: Mr. Freeze
|-damage|p2a: Mr. Freeze|0 fnt
|faint|p2a: Mr. Freeze
|
|upkeep
|j| OP Earthquakes
|
|t:|1760386150
|switch|p2a: Daenerys|Kingambit, F|100/100
|-damage|p2a: Daenerys|94/100|[from] Stealth Rock
|-activate|p2a: Daenerys|ability: Supreme Overlord
|-start|p2a: Daenerys|fallen2|[silent]
|turn|7
|
|t:|1760386158
|switch|p1a: Kingambit|Kingambit, M|100/100
|-activate|p1a: Kingambit|ability: Supreme Overlord
|-start|p1a: Kingambit|fallen2|[silent]
|move|p2a: Daenerys|Kowtow Cleave|p1a: Kingambit
|-resisted|p1a: Kingambit
|-damage|p1a: Kingambit|76/100
|
|-heal|p2a: Daenerys|100/100|[from] item: Leftovers
|upkeep
|turn|8
|
|t:|1760386174
|-end|p2a: Daenerys|fallen2|[silent]
|switch|p2a: Homelandor|Landorus-Therian, M, shiny|100/100
|-damage|p2a: Homelandor|88/100|[from] Stealth Rock
|-ability|p2a: Homelandor|Intimidate|boost
|-unboost|p1a: Kingambit|atk|1
|move|p1a: Kingambit|Iron Head|p2a: Homelandor
|-damage|p2a: Homelandor|54/100
|
|-heal|p2a: Homelandor|61/100|[from] item: Leftovers
|upkeep
|turn|9
|
|t:|1760386188
|-end|p1a: Kingambit|fallen2|[silent]
|switch|p1a: Pecharunt|Pecharunt|100/100
|-item|p1a: Pecharunt|Air Balloon
|move|p2a: Homelandor|Earthquake|p1a: Pecharunt
|-immune|p1a: Pecharunt
|
|-heal|p2a: Homelandor|67/100|[from] item: Leftovers
|upkeep
|turn|10
|
|t:|1760386210
|move|p2a: Homelandor|Smack Down|p1a: Pecharunt
|-damage|p1a: Pecharunt|93/100
|-enditem|p1a: Pecharunt|Air Balloon
|move|p1a: Pecharunt|Malignant Chain|p2a: Homelandor
|-resisted|p2a: Homelandor
|-damage|p2a: Homelandor|48/100
|
|-heal|p2a: Homelandor|54/100|[from] item: Leftovers
|upkeep
|turn|11
|
|t:|1760386218
|move|p2a: Homelandor|U-turn|p1a: Pecharunt
|-resisted|p1a: Pecharunt
|-damage|p1a: Pecharunt|91/100
|
|t:|1760386220
|switch|p2a: Chillionaire|Slowking-Galar, M, shiny|100/100|[from] U-turn
|move|p1a: Pecharunt|Parting Shot|p2a: Chillionaire
|-unboost|p2a: Chillionaire|atk|1
|-unboost|p2a: Chillionaire|spa|1
|
|t:|1760386224
|switch|p1a: Samurott|Samurott-Hisui, F|100/100|[from] Parting Shot
|
|upkeep
|turn|12
|
|t:|1760386249
|-terastallize|p2a: Chillionaire|Water
|move|p1a: Samurott|Ceaseless Edge|p2a: Chillionaire
|-damage|p2a: Chillionaire|51/100
|-sidestart|p2: butts99999|Spikes
|move|p2a: Chillionaire|Thunder Wave|p1a: Samurott|[miss]
|-miss|p2a: Chillionaire|p1a: Samurott
|
|upkeep
|turn|13
|
|t:|1760386260
|move|p1a: Samurott|Knock Off|p2a: Chillionaire
|-damage|p2a: Chillionaire|0 fnt
|-enditem|p2a: Chillionaire|Heavy-Duty Boots|[from] move: Knock Off|[of] p1a: Samurott
|faint|p2a: Chillionaire
|
|upkeep
|
|t:|1760386267
|switch|p2a: Homelandor|Landorus-Therian, M, shiny|54/100
|-damage|p2a: Homelandor|42/100|[from] Stealth Rock
|-ability|p2a: Homelandor|Intimidate|boost
|-unboost|p1a: Samurott|atk|1
|turn|14
|
|t:|1760386274
|move|p2a: Homelandor|Earthquake|p1a: Samurott
|-crit|p1a: Samurott
|-damage|p1a: Samurott|7/100
|move|p1a: Samurott|Ceaseless Edge|p2a: Homelandor
|-damage|p2a: Homelandor|14/100
|-sidestart|p2: butts99999|Spikes
|
|-heal|p2a: Homelandor|20/100|[from] item: Leftovers
|upkeep
|turn|15
|j| bloodhound q50
|
|t:|1760386280
|move|p1a: Samurott|Aqua Jet|p2a: Homelandor
|-supereffective|p2a: Homelandor
|-damage|p2a: Homelandor|0 fnt
|faint|p2a: Homelandor
|
|upkeep
|
|t:|1760386282
|switch|p2a: WALL-Y|Iron Valiant|100/100
|-damage|p2a: WALL-Y|94/100|[from] Stealth Rock
|-damage|p2a: WALL-Y|78/100|[from] Spikes
|-enditem|p2a: WALL-Y|Booster Energy
|-activate|p2a: WALL-Y|ability: Quark Drive|[fromitem]
|-start|p2a: WALL-Y|quarkdrivespe
|turn|16
|
|t:|1760386287
|move|p2a: WALL-Y|Calm Mind|p2a: WALL-Y
|-boost|p2a: WALL-Y|spa|1
|-boost|p2a: WALL-Y|spd|1
|move|p1a: Samurott|Razor Shell|p2a: WALL-Y
|-damage|p2a: WALL-Y|32/100
|-unboost|p2a: WALL-Y|def|1
|
|upkeep
|turn|17
|
|t:|1760386292
|move|p1a: Samurott|Aqua Jet|p2a: WALL-Y
|-damage|p2a: WALL-Y|7/100
|move|p2a: WALL-Y|Shadow Ball|p1a: Samurott
|-resisted|p1a: Samurott
|-damage|p1a: Samurott|0 fnt
|faint|p1a: Samurott
|
|upkeep
|
|t:|1760386301
|switch|p1a: Pecharunt|Pecharunt|91/100
|turn|18
|
|t:|1760386304
|move|p2a: WALL-Y|Shadow Ball|p1a: Pecharunt
|-supereffective|p1a: Pecharunt
|-damage|p1a: Pecharunt|13/100
|move|p1a: Pecharunt|Foul Play|p2a: WALL-Y
|-resisted|p2a: WALL-Y
|-damage|p2a: WALL-Y|0 fnt
|faint|p2a: WALL-Y
|-end|p2a: WALL-Y|Quark Drive|[silent]
|
|upkeep
|
|t:|1760386307
|switch|p2a: Daenerys|Kingambit, F|100/100
|-damage|p2a: Daenerys|94/100|[from] Stealth Rock
|-damage|p2a: Daenerys|78/100|[from] Spikes
|-activate|p2a: Daenerys|ability: Supreme Overlord
|-start|p2a: Daenerys|fallen5|[silent]
|turn|19
|
|t:|1760386316
|move|p2a: Daenerys|Sucker Punch||[still]
|-fail|p2a: Daenerys
|move|p1a: Pecharunt|Parting Shot|p2a: Daenerys
|-unboost|p2a: Daenerys|atk|1
|-unboost|p2a: Daenerys|spa|1
|
|t:|1760386319
|switch|p1a: Gholdengo|Gholdengo|100/100|[from] Parting Shot
|
|-heal|p2a: Daenerys|84/100|[from] item: Leftovers
|upkeep
|turn|20
|
|t:|1760386325
|move|p1a: Gholdengo|Trick|p2a: Daenerys
|-activate|p1a: Gholdengo|move: Trick|[of] p2a: Daenerys
|-item|p2a: Daenerys|Choice Scarf|[from] move: Trick
|-item|p1a: Gholdengo|Leftovers|[from] move: Trick
|move|p2a: Daenerys|Kowtow Cleave|p1a: Gholdengo
|-supereffective|p1a: Gholdengo
|-damage|p1a: Gholdengo|0 fnt
|faint|p1a: Gholdengo
|
|upkeep
|
|t:|1760386330
|switch|p1a: Kingambit|Kingambit, M|76/100
|-activate|p1a: Kingambit|ability: Supreme Overlord
|-start|p1a: Kingambit|fallen4|[silent]
|turn|21
|
|t:|1760386332
|move|p2a: Daenerys|Kowtow Cleave|p1a: Kingambit
|-resisted|p1a: Kingambit
|-damage|p1a: Kingambit|54/100
|move|p1a: Kingambit|Low Kick|p2a: Daenerys
|-supereffective|p2a: Daenerys
|-damage|p2a: Daenerys|0 fnt
|faint|p2a: Daenerys
|-end|p2a: Daenerys|fallen5|[silent]
|
|win|Vitoran
|raw|Vitoran's rating: 1861 &rarr; <strong>1879</strong><br />(+18 for winning)
|raw|butts99999's rating: 1831 &rarr; <strong>1813</strong><br />(-18 for losing)
|c|☆Vitoran|gg
|l|☆butts99999
|player|p2|
|l| bloodhound q50
|l|☆Vitoran
|player|p1|
