|j|☆Potential Man
|j|☆cdcs3 pietro
|t:|1760401413
|gametype|singles
|player|p1|Potential Man|brock-gen2|1566
|player|p2|cdcs3 pietro|aromalady|1516
|gen|9
|tier|[Gen 9] OU
|rated|
|rule|HP Percentage Mod: HP is shown in percentages
|rule|Endless Battle Clause: Forcing endless battles is banned
|rule|Species Clause: Limit one of each Pokémon
|rule|OHKO Clause: OHKO moves are banned
|rule|Evasion Items Clause: Evasion items are banned
|rule|Evasion Moves Clause: Evasion moves are banned
|rule|Evasion Abilities Clause: Evasion abilities are banned
|rule|Sleep Moves Clause: Sleep-inducing moves are banned
|clearpoke
|poke|p1|Tyranitar, M|
|poke|p1|Excadrill, F|
|poke|p1|Keldeo-Resolute|
|poke|p1|Tornadus-Therian, M|
|poke|p1|Heatran, M|
|poke|p1|Hydrapple, M|
|poke|p2|Gholdengo|
|poke|p2|Darkrai|
|poke|p2|Zamazenta-*|
|poke|p2|Raging Bolt|
|poke|p2|Landorus-Therian, M|
|poke|p2|Dragonite, M|
|teampreview
|inactive|Battle timer is ON: inactive players will automatically lose when time's up. (requested by cdcs3 pietro)
|
|t:|1760401423
|teamsize|p1|6
|teamsize|p2|6
|start
|switch|p1a: Big Daniel|Tyranitar, M, shiny|100/100
|switch|p2a: Landorus|Landorus-Therian, M|100/100
|-ability|p2a: Landorus|Intimidate|boost
|-unboost|p1a: Big Daniel|atk|1
|-weather|Sandstorm|[from] ability: Sand Stream|[of] p1a: Big Daniel
|turn|1
|
|t:|1760401428
|switch|p1a: Papa Flame|Heatran, M|100/100
|move|p2a: Landorus|U-turn|p1a: Papa Flame
|-resisted|p1a: Papa Flame
|-damage|p1a: Papa Flame|96/100
|
|t:|1760401439
|switch|p2a: Darkrai|Darkrai|100/100|[from] U-turn
|
|-weather|Sandstorm|[upkeep]
|-damage|p2a: Darkrai|94/100|[from] Sandstorm
|-heal|p2a: Darkrai|100/100|[from] item: Leftovers
|-heal|p1a: Papa Flame|100/100|[from] item: Leftovers
|upkeep
|turn|2
|
|t:|1760401441
|switch|p2a: Landorus|Landorus-Therian, M|100/100
|-ability|p2a: Landorus|Intimidate|boost
|-unboost|p1a: Papa Flame|atk|1
|move|p1a: Papa Flame|Magma Storm|p2a: Landorus
|-damage|p2a: Landorus|55/100
|-activate|p2a: Landorus|move: Magma Storm|[of] p1a: Papa Flame
|
|-weather|Sandstorm|[upkeep]
|-damage|p2a: Landorus|42/100|[from] move: Magma Storm|[partiallytrapped]
|upkeep
|turn|3
|
|t:|1760401451
|move|p2a: Landorus|U-turn|p1a: Papa Flame
|-resisted|p1a: Papa Flame
|-damage|p1a: Papa Flame|96/100
|c|☆cdcs3 pietro|ok
|inactive|cdcs3 pietro has 120 seconds left.
|
|t:|1760401488
|switch|p2a: Raging Bolt|Raging Bolt|100/100|[from] U-turn
|-enditem|p2a: Raging Bolt|Booster Energy
|-activate|p2a: Raging Bolt|ability: Protosynthesis|[fromitem]
|-start|p2a: Raging Bolt|protosynthesisspa
|move|p1a: Papa Flame|Stealth Rock|p2a: Raging Bolt
|-sidestart|p2: cdcs3 pietro|move: Stealth Rock
|
|-weather|Sandstorm|[upkeep]
|-damage|p2a: Raging Bolt|94/100|[from] Sandstorm
|-heal|p1a: Papa Flame|100/100|[from] item: Leftovers
|upkeep
|turn|4
|inactive|cdcs3 pietro has 120 seconds left.
|
|t:|1760401495
|move|p2a: Raging Bolt|Thunderbolt|p1a: Papa Flame
|-damage|p1a: Papa Flame|58/100
|move|p1a: Papa Flame|Taunt|p2a: Raging Bolt
|-start|p2a: Raging Bolt|move: Taunt
|
|-weather|Sandstorm|[upkeep]
|-damage|p2a: Raging Bolt|88/100|[from] Sandstorm
|-heal|p1a: Papa Flame|64/100|[from] item: Leftovers
|upkeep
|turn|5
|
|t:|1760401502
|move|p2a: Raging Bolt|Dragon Pulse|p1a: Papa Flame
|-resisted|p1a: Papa Flame
|-damage|p1a: Papa Flame|44/100
|move|p1a: Papa Flame|Earth Power|p2a: Raging Bolt
|-supereffective|p2a: Raging Bolt
|-damage|p2a: Raging Bolt|37/100
|
|-weather|none
|-heal|p1a: Papa Flame|50/100|[from] item: Leftovers
|upkeep
|turn|6
|
|t:|1760401510
|move|p2a: Raging Bolt|Thunderbolt|p1a: Papa Flame
|-damage|p1a: Papa Flame|9/100
|move|p1a: Papa Flame|Earth Power|p2a: Raging Bolt
|-supereffective|p2a: Raging Bolt
|-damage|p2a: Raging Bolt|0 fnt
|faint|p2a: Raging Bolt
|-end|p2a: Raging Bolt|Protosynthesis|[silent]
|
|-heal|p1a: Papa Flame|16/100|[from] item: Leftovers
|upkeep
|
|t:|1760401516
|switch|p2a: Landorus|Landorus-Therian, M|42/100
|-damage|p2a: Landorus|30/100|[from] Stealth Rock
|-ability|p2a: Landorus|Intimidate|boost
|-unboost|p1a: Papa Flame|atk|1
|turn|7
|
|t:|1760401519
|switch|p1a: Enchanted Gold|Hydrapple, M, shiny|100/100
|move|p2a: Landorus|Earth Power|p1a: Enchanted Gold
|-resisted|p1a: Enchanted Gold
|-damage|p1a: Enchanted Gold|84/100
|
|upkeep
|turn|8
|
|t:|1760401528
|move|p2a: Landorus|U-turn|p1a: Enchanted Gold
|-supereffective|p1a: Enchanted Gold
|-damage|p1a: Enchanted Gold|59/100
|-damage|p2a: Landorus|14/100|[from] item: Rocky Helmet|[of] p1a: Enchanted Gold
|
|t:|1760401533
|switch|p2a: Gholdengo|Gholdengo|100/100|[from] U-turn
|-damage|p2a: Gholdengo|94/100|[from] Stealth Rock
|move|p1a: Enchanted Gold|Giga Drain|p2a: Gholdengo
|-resisted|p2a: Gholdengo
|-damage|p2a: Gholdengo|80/100
|-heal|p1a: Enchanted Gold|65/100|[from] drain|[of] p2a: Gholdengo
|
|upkeep
|turn|9
|
|t:|1760401543
|switch|p2a: Landorus|Landorus-Therian, M|14/100
|-damage|p2a: Landorus|1/100|[from] Stealth Rock
|-ability|p2a: Landorus|Intimidate|boost
|-unboost|p1a: Enchanted Gold|atk|1
|switch|p1a: Big Daniel|Tyranitar, M, shiny|100/100
|-weather|Sandstorm|[from] ability: Sand Stream|[of] p1a: Big Daniel
|
|-weather|Sandstorm|[upkeep]
|upkeep
|turn|10
|
|t:|1760401548
|switch|p1a: Enchanted Gold|Hydrapple, M, shiny|99/100
|move|p2a: Landorus|Stealth Rock|p1a: Enchanted Gold
|-sidestart|p1: Potential Man|move: Stealth Rock
|
|-weather|Sandstorm|[upkeep]
|-damage|p1a: Enchanted Gold|93/100|[from] Sandstorm
|upkeep
|turn|11
|
|t:|1760401552
|move|p2a: Landorus|Taunt|p1a: Enchanted Gold
|-start|p1a: Enchanted Gold|move: Taunt
|cant|p1a: Enchanted Gold|move: Taunt|Nasty Plot
|
|-weather|Sandstorm|[upkeep]
|-damage|p1a: Enchanted Gold|87/100|[from] Sandstorm
|upkeep
|turn|12
|
|t:|1760401556
|move|p2a: Landorus|U-turn|p1a: Enchanted Gold
|-supereffective|p1a: Enchanted Gold
|-damage|p1a: Enchanted Gold|64/100
|-damage|p2a: Landorus|0 fnt|[from] item: Rocky Helmet|[of] p1a: Enchanted Gold
|faint|p2a: Landorus
|move|p1a: Enchanted Gold|Giga Drain|p2: Landorus|[notarget]
|-fail|p1a: Enchanted Gold
|
|-weather|Sandstorm|[upkeep]
|-damage|p1a: Enchanted Gold|58/100|[from] Sandstorm
|upkeep
|
|t:|1760401566
|switch|p2a: Dragonite|Dragonite, M|100/100
|turn|13
|
|t:|1760401572
|move|p2a: Dragonite|Ice Spinner|p1a: Enchanted Gold
|-supereffective|p1a: Enchanted Gold
|-damage|p1a: Enchanted Gold|0 fnt
|-damage|p2a: Dragonite|84/100|[from] item: Rocky Helmet|[of] p1a: Enchanted Gold
|faint|p1a: Enchanted Gold
|
|-weather|none
|upkeep
|
|t:|1760401575
|switch|p1a: Big Daniel|Tyranitar, M, shiny|100/100
|-damage|p1a: Big Daniel|88/100|[from] Stealth Rock
|-weather|Sandstorm|[from] ability: Sand Stream|[of] p1a: Big Daniel
|turn|14
|
|t:|1760401592
|switch|p2a: Zamazenta|Zamazenta|100/100
|-damage|p2a: Zamazenta|94/100|[from] Stealth Rock
|-ability|p2a: Zamazenta|Dauntless Shield|boost
|-boost|p2a: Zamazenta|def|1
|move|p1a: Big Daniel|Knock Off|p2a: Zamazenta
|-resisted|p2a: Zamazenta
|-damage|p2a: Zamazenta|75/100
|-enditem|p2a: Zamazenta|Chesto Berry|[from] move: Knock Off|[of] p1a: Big Daniel
|
|-weather|Sandstorm|[upkeep]
|-damage|p2a: Zamazenta|69/100|[from] Sandstorm
|upkeep
|turn|15
|
|t:|1760401601
|switch|p1a: Timmy Torner|Tornadus-Therian, M|100/100
|move|p2a: Zamazenta|Iron Defense|p2a: Zamazenta
|-boost|p2a: Zamazenta|def|2
|
|-weather|Sandstorm|[upkeep]
|-damage|p2a: Zamazenta|63/100|[from] Sandstorm
|-damage|p1a: Timmy Torner|94/100|[from] Sandstorm
|upkeep
|turn|16
|
|t:|1760401610
|switch|p2a: Gholdengo|Gholdengo|80/100
|-damage|p2a: Gholdengo|74/100|[from] Stealth Rock
|move|p1a: Timmy Torner|Bleakwind Storm|p2a: Gholdengo
|-resisted|p2a: Gholdengo
|-damage|p2a: Gholdengo|57/100
|
|-weather|Sandstorm|[upkeep]
|-damage|p1a: Timmy Torner|88/100|[from] Sandstorm
|upkeep
|turn|17
|
|t:|1760401616
|move|p1a: Timmy Torner|Heat Wave|p2a: Gholdengo
|-supereffective|p2a: Gholdengo
|-damage|p2a: Gholdengo|9/100
|move|p2a: Gholdengo|Recover|p2a: Gholdengo
|-heal|p2a: Gholdengo|59/100
|
|-weather|Sandstorm|[upkeep]
|-damage|p1a: Timmy Torner|82/100|[from] Sandstorm
|upkeep
|turn|18
|
|t:|1760401623
|move|p1a: Timmy Torner|U-turn|p2a: Gholdengo
|-resisted|p2a: Gholdengo
|-damage|p2a: Gholdengo|57/100
|
|t:|1760401625
|switch|p1a: Seabiscuit|Keldeo-Resolute|100/100|[from] U-turn
|-damage|p1a: Seabiscuit|94/100|[from] Stealth Rock
|move|p2a: Gholdengo|Thunder Wave|p1a: Seabiscuit
|-status|p1a: Seabiscuit|par
|
|-weather|none
|upkeep
|turn|19
|
|t:|1760401641
|move|p2a: Gholdengo|Recover|p2a: Gholdengo
|-heal|p2a: Gholdengo|100/100
|move|p1a: Seabiscuit|Flip Turn|p2a: Gholdengo
|-damage|p2a: Gholdengo|90/100
|
|t:|1760401645
|switch|p1a: Big Daniel|Tyranitar, M, shiny|88/100|[from] Flip Turn
|-damage|p1a: Big Daniel|76/100|[from] Stealth Rock
|-weather|Sandstorm|[from] ability: Sand Stream|[of] p1a: Big Daniel
|
|-weather|Sandstorm|[upkeep]
|upkeep
|turn|20
|
|t:|1760401651
|switch|p2a: Dragonite|Dragonite, M|84/100
|move|p1a: Big Daniel|Knock Off|p2a: Dragonite
|-damage|p2a: Dragonite|0 fnt
|-enditem|p2a: Dragonite|Heavy-Duty Boots|[from] move: Knock Off|[of] p1a: Big Daniel
|faint|p2a: Dragonite
|
|-weather|Sandstorm|[upkeep]
|upkeep
|
|t:|1760401659
|switch|p2a: Darkrai|Darkrai|100/100
|-damage|p2a: Darkrai|88/100|[from] Stealth Rock
|turn|21
|
|t:|1760401670
|switch|p1a: Seabiscuit|Keldeo-Resolute|94/100 par
|-damage|p1a: Seabiscuit|88/100 par|[from] Stealth Rock
|move|p2a: Darkrai|Focus Blast|p1a: Seabiscuit|[miss]
|-miss|p2a: Darkrai|p1a: Seabiscuit
|
|-weather|Sandstorm|[upkeep]
|-damage|p2a: Darkrai|82/100|[from] Sandstorm
|-damage|p1a: Seabiscuit|82/100 par|[from] Sandstorm
|-heal|p2a: Darkrai|88/100|[from] item: Leftovers
|upkeep
|turn|22
|
|t:|1760401677
|-terastallize|p2a: Darkrai|Poison
|move|p2a: Darkrai|Nasty Plot|p2a: Darkrai
|-boost|p2a: Darkrai|spa|2
|move|p1a: Seabiscuit|Surf|p2a: Darkrai
|-damage|p2a: Darkrai|2/100
|
|-weather|Sandstorm|[upkeep]
|-damage|p2a: Darkrai|0 fnt|[from] Sandstorm
|-damage|p1a: Seabiscuit|76/100 par|[from] Sandstorm
|faint|p2a: Darkrai
|upkeep
|
|t:|1760401687
|switch|p2a: Gholdengo|Gholdengo|90/100
|-damage|p2a: Gholdengo|84/100|[from] Stealth Rock
|turn|23
|
|t:|1760401690
|move|p2a: Gholdengo|Make It Rain|p1a: Seabiscuit
|-resisted|p1a: Seabiscuit
|-damage|p1a: Seabiscuit|45/100 par
|-unboost|p2a: Gholdengo|spa|1
|move|p1a: Seabiscuit|Surf|p2a: Gholdengo
|-damage|p2a: Gholdengo|12/100
|
|-weather|none
|upkeep
|turn|24
|c|☆Potential Man|cant lie im hittin the griddy on you
|c|☆cdcs3 pietro|VVc makes terrible plays
|c|☆cdcs3 pietro|lol
|c|☆Potential Man|yeah man you're gonna eq into torn and hydrapple
|inactive|cdcs3 pietro has 120 seconds left.
|c|☆cdcs3 pietro|You stay with heatran in front of landorus
|c|☆cdcs3 pietro|lol
|c|☆Potential Man|read my last message bro
|c|☆Potential Man|i switched when you actually clicked the ground move didnt i
|c|☆Potential Man|buddy you are a book
|inactive|cdcs3 pietro has 90 seconds left.
|c|☆cdcs3 pietro|The problem is that it was twice
|inactive|cdcs3 pietro has 60 seconds left.
|c|☆cdcs3 pietro|You doing this play when I have a Zamazenta and you can fish a burn on it doesn't make sense, you know?
|
|t:|1760401801
|switch|p1a: Papa Flame|Heatran, M|16/100
|-damage|p1a: Papa Flame|3/100|[from] Stealth Rock
|move|p2a: Gholdengo|Hex|p1a: Papa Flame
|-damage|p1a: Papa Flame|0 fnt
|faint|p1a: Papa Flame
|
|upkeep
|
|t:|1760401804
|switch|p1a: Timmy Torner|Tornadus-Therian, M|100/100
|turn|25
|
|t:|1760401808
|move|p1a: Timmy Torner|Heat Wave|p2a: Gholdengo
|-supereffective|p2a: Gholdengo
|-damage|p2a: Gholdengo|0 fnt
|faint|p2a: Gholdengo
|
|upkeep
|
|t:|1760401810
|switch|p2a: Zamazenta|Zamazenta|63/100
|-damage|p2a: Zamazenta|57/100|[from] Stealth Rock
|turn|26
|c|☆Potential Man|yeah i get that
|c|☆Potential Man|i just had to make a #BossCall
|
|t:|1760401818
|move|p2a: Zamazenta|Body Press|p1a: Timmy Torner
|-resisted|p1a: Timmy Torner
|-damage|p1a: Timmy Torner|81/100
|move|p1a: Timmy Torner|Taunt|p2a: Zamazenta
|-start|p2a: Zamazenta|move: Taunt
|
|upkeep
|turn|27
|inactive|cdcs3 pietro has 60 seconds left.
|c|☆cdcs3 pietro|But ok
|c|☆cdcs3 pietro|Well played, ggs
|c|☆Potential Man|ggs
|-message|cdcs3 pietro forfeited.
|
|win|Potential Man
|raw|Potential Man's rating: 1566 &rarr; <strong>1583</strong><br />(+17 for winning)
|raw|cdcs3 pietro's rating: 1516 &rarr; <strong>1499</strong><br />(-17 for losing)
|l|☆cdcs3 pietro
|player|p2|
