|j|☆WeRrsome
|j|☆dr. drake6782
|t:|1760384683
|gametype|singles
|player|p1|WeRrsome|170|1564
|player|p2|dr. drake6782|hilbert-masters|1641
|gen|9
|tier|[Gen 9] OU
|rated|
|rule|HP Percentage Mod: HP is shown in percentages
|rule|Endless Battle Clause: Forcing endless battles is banned
|rule|Species Clause: Limit one of each Pokémon
|rule|OHKO Clause: OHKO moves are banned
|rule|Evasion Items Clause: Evasion items are banned
|rule|Evasion Moves Clause: Evasion moves are banned
|rule|Evasion Abilities Clause: Evasion abilities are banned
|rule|Sleep Moves Clause: Sleep-inducing moves are banned
|clearpoke
|poke|p1|Araquanid, F|
|poke|p1|Dragonite, M|
|poke|p1|Magnezone|
|poke|p1|Landorus-Therian, M|
|poke|p1|Iron Treads|
|poke|p1|Gengar, M|
|poke|p2|Iron Crown|
|poke|p2|Meowscarada, M|
|poke|p2|Great Tusk|
|poke|p2|Pecharunt|
|poke|p2|Ting-Lu|
|poke|p2|Iron Valiant|
|teampreview
|inactive|Battle timer is ON: inactive players will automatically lose when time's up. (requested by dr. drake6782)
|
|t:|1760384699
|teamsize|p1|6
|teamsize|p2|6
|start
|switch|p1a: Landorus|Landorus-Therian, M|100/100
|switch|p2a: Iron Crown|Iron Crown|100/100
|-ability|p1a: Landorus|Intimidate|boost
|-unboost|p2a: Iron Crown|atk|1
|turn|1
|
|t:|1760384705
|move|p1a: Landorus|U-turn|p2a: Iron Crown
|-damage|p2a: Iron Crown|72/100
|
|t:|1760384709
|switch|p1a: Iron Treads|Iron Treads|100/100|[from] U-turn
|move|p2a: Iron Crown|Tachyon Cutter|p1a: Iron Treads
|-resisted|p1a: Iron Treads
|-damage|p1a: Iron Treads|90/100
|-resisted|p1a: Iron Treads
|-damage|p1a: Iron Treads|80/100
|-hitcount|p1a: Iron Treads|2
|
|upkeep
|turn|2
|
|t:|1760384716
|-end|p2a: Iron Crown|Quark Drive|[silent]
|switch|p2a: Great Tusk|Great Tusk|100/100
|move|p1a: Iron Treads|Knock Off|p2a: Great Tusk
|-resisted|p2a: Great Tusk
|-damage|p2a: Great Tusk|93/100
|-enditem|p2a: Great Tusk|Leftovers|[from] move: Knock Off|[of] p1a: Iron Treads
|
|upkeep
|turn|3
|
|t:|1760384724
|-end|p1a: Iron Treads|Quark Drive|[silent]
|switch|p1a: Araquanid|Araquanid, F|100/100
|move|p2a: Great Tusk|Ice Spinner|p1a: Araquanid
|-resisted|p1a: Araquanid
|-damage|p1a: Araquanid|89/100
|
|upkeep
|turn|4
|
|t:|1760384728
|-end|p2a: Great Tusk|Protosynthesis|[silent]
|switch|p2a: Meowscarada|Meowscarada, M, shiny|100/100
|move|p1a: Araquanid|Liquidation|p2a: Meowscarada
|-resisted|p2a: Meowscarada
|-damage|p2a: Meowscarada|48/100
|
|upkeep
|turn|5
|
|t:|1760384742
|switch|p1a: Dragonite|Dragonite, M|100/100
|move|p2a: Meowscarada|Flower Trick|p1a: Dragonite
|-start|p2a: Meowscarada|typechange|Grass|[from] ability: Protean
|-resisted|p1a: Dragonite
|-crit|p1a: Dragonite
|-damage|p1a: Dragonite|95/100
|
|upkeep
|turn|6
|
|t:|1760384755
|switch|p2a: Great Tusk|Great Tusk|93/100
|move|p1a: Dragonite|Dragon Tail|p2a: Great Tusk
|-damage|p2a: Great Tusk|76/100
|-end|p2a: Great Tusk|Protosynthesis|[silent]
|drag|p2a: Meowscarada|Meowscarada, M, shiny|48/100
|
|upkeep
|turn|7
|
|t:|1760384771
|switch|p1a: Araquanid|Araquanid, F|89/100
|move|p2a: Meowscarada|Triple Axel|p1a: Araquanid
|-start|p2a: Meowscarada|typechange|Ice|[from] ability: Protean
|-resisted|p1a: Araquanid
|-damage|p1a: Araquanid|81/100
|-resisted|p1a: Araquanid
|-damage|p1a: Araquanid|67/100
|-resisted|p1a: Araquanid
|-damage|p1a: Araquanid|42/100
|-hitcount|p1a: Araquanid|3
|
|upkeep
|turn|8
|
|t:|1760384784
|move|p2a: Meowscarada|Triple Axel|p1a: Araquanid
|-resisted|p1a: Araquanid
|-damage|p1a: Araquanid|34/100
|-resisted|p1a: Araquanid
|-crit|p1a: Araquanid
|-damage|p1a: Araquanid|13/100
|-resisted|p1a: Araquanid
|-damage|p1a: Araquanid|0 fnt
|faint|p1a: Araquanid
|-hitcount|p1: Araquanid|3
|
|upkeep
|
|t:|1760384790
|switch|p1a: Magnezone|Magnezone|100/100
|turn|9
|
|t:|1760384793
|switch|p2a: Ting-Lu|Ting-Lu|100/100
|-ability|p2a: Ting-Lu|Vessel of Ruin
|move|p1a: Magnezone|Flash Cannon|p2a: Ting-Lu
|-damage|p2a: Ting-Lu|66/100
|
|-heal|p2a: Ting-Lu|73/100|[from] item: Leftovers
|upkeep
|turn|10
|
|t:|1760384804
|switch|p1a: Landorus|Landorus-Therian, M|100/100
|-ability|p1a: Landorus|Intimidate|boost
|-unboost|p2a: Ting-Lu|atk|1
|move|p2a: Ting-Lu|Stealth Rock|p1a: Landorus
|-sidestart|p1: WeRrsome|move: Stealth Rock
|
|-heal|p2a: Ting-Lu|79/100|[from] item: Leftovers
|upkeep
|turn|11
|
|t:|1760384831
|switch|p2a: Pecharunt|Pecharunt|100/100
|move|p1a: Landorus|Stealth Rock|p2a: Pecharunt
|-sidestart|p2: dr. drake6782|move: Stealth Rock
|
|upkeep
|turn|12
|
|t:|1760384835
|switch|p1a: Magnezone|Magnezone|100/100
|-damage|p1a: Magnezone|94/100|[from] Stealth Rock
|move|p2a: Pecharunt|Malignant Chain|p1a: Magnezone
|-immune|p1a: Magnezone
|
|upkeep
|turn|13
|
|t:|1760384846
|switch|p2a: Great Tusk|Great Tusk|76/100
|-damage|p2a: Great Tusk|73/100|[from] Stealth Rock
|move|p1a: Magnezone|Flash Cannon|p2a: Great Tusk
|-damage|p2a: Great Tusk|0 fnt
|faint|p2a: Great Tusk
|-end|p2a: Great Tusk|Protosynthesis|[silent]
|
|upkeep
|
|t:|1760384850
|switch|p2a: Ting-Lu|Ting-Lu|79/100
|-damage|p2a: Ting-Lu|73/100|[from] Stealth Rock
|-ability|p2a: Ting-Lu|Vessel of Ruin
|turn|14
|
|t:|1760384857
|switch|p1a: Landorus|Landorus-Therian, M|100/100
|-damage|p1a: Landorus|88/100|[from] Stealth Rock
|-ability|p1a: Landorus|Intimidate|boost
|-unboost|p2a: Ting-Lu|atk|1
|move|p2a: Ting-Lu|Ruination|p1a: Landorus
|-damage|p1a: Landorus|44/100
|
|-heal|p2a: Ting-Lu|79/100|[from] item: Leftovers
|upkeep
|turn|15
|
|t:|1760384867
|switch|p2a: Pecharunt|Pecharunt|100/100
|move|p1a: Landorus|Earthquake|p2a: Pecharunt
|-supereffective|p2a: Pecharunt
|-damage|p2a: Pecharunt|45/100
|
|upkeep
|turn|16
|
|t:|1760384870
|move|p1a: Landorus|Earthquake|p2a: Pecharunt
|-supereffective|p2a: Pecharunt
|-damage|p2a: Pecharunt|0 fnt
|faint|p2a: Pecharunt
|
|upkeep
|
|t:|1760384871
|switch|p2a: Meowscarada|Meowscarada, M, shiny|48/100
|-damage|p2a: Meowscarada|35/100|[from] Stealth Rock
|turn|17
|
|t:|1760384876
|switch|p1a: Iron Treads|Iron Treads|80/100
|-damage|p1a: Iron Treads|77/100|[from] Stealth Rock
|move|p2a: Meowscarada|Knock Off|p1a: Iron Treads
|-start|p2a: Meowscarada|typechange|Dark|[from] ability: Protean
|-damage|p1a: Iron Treads|28/100
|-enditem|p1a: Iron Treads|Assault Vest|[from] move: Knock Off|[of] p2a: Meowscarada
|
|upkeep
|turn|18
|
|t:|1760384882
|move|p2a: Meowscarada|Knock Off|p1a: Iron Treads
|-damage|p1a: Iron Treads|0 fnt
|faint|p1a: Iron Treads
|-end|p1a: Iron Treads|Quark Drive|[silent]
|
|upkeep
|
|t:|1760384889
|switch|p1a: Magnezone|Magnezone|94/100
|-damage|p1a: Magnezone|88/100|[from] Stealth Rock
|turn|19
|
|t:|1760384892
|switch|p2a: Ting-Lu|Ting-Lu|79/100
|-damage|p2a: Ting-Lu|73/100|[from] Stealth Rock
|-ability|p2a: Ting-Lu|Vessel of Ruin
|move|p1a: Magnezone|Flash Cannon|p2a: Ting-Lu
|-damage|p2a: Ting-Lu|35/100
|
|-heal|p2a: Ting-Lu|41/100|[from] item: Leftovers
|upkeep
|turn|20
|
|t:|1760384898
|switch|p1a: Landorus|Landorus-Therian, M|44/100
|-damage|p1a: Landorus|32/100|[from] Stealth Rock
|-ability|p1a: Landorus|Intimidate|boost
|-unboost|p2a: Ting-Lu|atk|1
|move|p2a: Ting-Lu|Whirlwind|p1a: Landorus
|drag|p1a: Gengar|Gengar, M|100/100
|-damage|p1a: Gengar|88/100|[from] Stealth Rock
|
|-heal|p2a: Ting-Lu|47/100|[from] item: Leftovers
|upkeep
|turn|21
|
|t:|1760384907
|switch|p1a: Landorus|Landorus-Therian, M|32/100
|-damage|p1a: Landorus|20/100|[from] Stealth Rock
|-ability|p1a: Landorus|Intimidate|boost
|-unboost|p2a: Ting-Lu|atk|1
|switch|p2a: Meowscarada|Meowscarada, M, shiny|35/100
|-damage|p2a: Meowscarada|23/100|[from] Stealth Rock
|
|upkeep
|turn|22
|
|t:|1760384916
|switch|p1a: Dragonite|Dragonite, M|95/100
|-damage|p1a: Dragonite|70/100|[from] Stealth Rock
|move|p2a: Meowscarada|U-turn|p1a: Dragonite
|-start|p2a: Meowscarada|typechange|Bug|[from] ability: Protean
|-resisted|p1a: Dragonite
|-damage|p1a: Dragonite|55/100
|-damage|p2a: Meowscarada|7/100|[from] item: Rocky Helmet|[of] p1a: Dragonite
|l|☆dr. drake6782
|inactive|dr. drake6782 disconnected and has a minute to reconnect!
|player|p2|
|inactive|dr. drake6782 has 30 seconds to reconnect!
|j|☆dr. drake6782
|inactive|dr. drake6782 reconnected and has 100 seconds left.
|player|p2|dr. drake6782|hilbert-masters|
|
|t:|1760384976
|switch|p2a: Iron Valiant|Iron Valiant, shiny|100/100|[from] U-turn
|-damage|p2a: Iron Valiant|94/100|[from] Stealth Rock
|-enditem|p2a: Iron Valiant|Booster Energy
|-activate|p2a: Iron Valiant|ability: Quark Drive|[fromitem]
|-start|p2a: Iron Valiant|quarkdrivespe
|
|upkeep
|turn|23
|inactive|WeRrsome has 120 seconds left.
|inactive|dr. drake6782 has 90 seconds left.
|
|t:|1760385024
|-terastallize|p2a: Iron Valiant|Fairy
|move|p2a: Iron Valiant|Moonblast|p1a: Dragonite
|-supereffective|p1a: Dragonite
|-damage|p1a: Dragonite|0 fnt
|faint|p1a: Dragonite
|
|upkeep
|
|t:|1760385028
|switch|p1a: Magnezone|Magnezone|88/100
|-damage|p1a: Magnezone|82/100|[from] Stealth Rock
|turn|24
|inactive|dr. drake6782 has 90 seconds left.
|
|t:|1760385045
|-terastallize|p1a: Magnezone|Flying
|move|p2a: Iron Valiant|Close Combat|p1a: Magnezone
|-resisted|p1a: Magnezone
|-damage|p1a: Magnezone|60/100
|-unboost|p2a: Iron Valiant|def|1
|-unboost|p2a: Iron Valiant|spd|1
|move|p1a: Magnezone|Flash Cannon|p2a: Iron Valiant
|-supereffective|p2a: Iron Valiant
|-damage|p2a: Iron Valiant|0 fnt
|faint|p2a: Iron Valiant
|-end|p2a: Iron Valiant|Quark Drive|[silent]
|
|upkeep
|inactive|dr. drake6782 has 90 seconds left.
|
|t:|1760385053
|switch|p2a: Iron Crown|Iron Crown|72/100
|-damage|p2a: Iron Crown|66/100|[from] Stealth Rock
|turn|25
|inactive|WeRrsome has 120 seconds left.
|inactive|WeRrsome has 90 seconds left.
|
|t:|1760385096
|move|p2a: Iron Crown|Tachyon Cutter|p1a: Magnezone
|-damage|p1a: Magnezone|18/100
|-damage|p1a: Magnezone|0 fnt
|faint|p1a: Magnezone
|-hitcount|p1: Magnezone|2
|
|upkeep
|inactive|WeRrsome has 90 seconds left.
|
|t:|1760385106
|switch|p1a: Landorus|Landorus-Therian, M|20/100
|-damage|p1a: Landorus|8/100|[from] Stealth Rock
|-ability|p1a: Landorus|Intimidate|boost
|-unboost|p2a: Iron Crown|atk|1
|turn|26
|
|t:|1760385111
|move|p1a: Landorus|Earthquake|p2a: Iron Crown
|-supereffective|p2a: Iron Crown
|-crit|p2a: Iron Crown
|-damage|p2a: Iron Crown|0 fnt
|faint|p2a: Iron Crown
|-end|p2a: Iron Crown|Quark Drive|[silent]
|
|upkeep
|
|t:|1760385115
|switch|p2a: Meowscarada|Meowscarada, M, shiny|7/100
|-damage|p2a: Meowscarada|0 fnt|[from] Stealth Rock
|faint|p2a: Meowscarada
|
|t:|1760385117
|switch|p2a: Ting-Lu|Ting-Lu|47/100
|-damage|p2a: Ting-Lu|41/100|[from] Stealth Rock
|-ability|p2a: Ting-Lu|Vessel of Ruin
|turn|27
|
|t:|1760385120
|move|p1a: Landorus|Earthquake|p2a: Ting-Lu
|-damage|p2a: Ting-Lu|13/100
|move|p2a: Ting-Lu|Whirlwind|p1a: Landorus
|drag|p1a: Gengar|Gengar, M|88/100
|-damage|p1a: Gengar|76/100|[from] Stealth Rock
|
|-heal|p2a: Ting-Lu|19/100|[from] item: Leftovers
|upkeep
|turn|28
|inactive|WeRrsome has 120 seconds left.
|
|t:|1760385133
|move|p1a: Gengar|Shadow Ball|p2a: Ting-Lu
|-resisted|p2a: Ting-Lu
|-damage|p2a: Ting-Lu|5/100
|move|p2a: Ting-Lu|Earthquake|p1a: Gengar
|-supereffective|p1a: Gengar
|-damage|p1a: Gengar|0 fnt
|faint|p1a: Gengar
|
|-heal|p2a: Ting-Lu|11/100|[from] item: Leftovers
|upkeep
|
|t:|1760385136
|switch|p1a: Landorus|Landorus-Therian, M|8/100
|-damage|p1a: Landorus|0 fnt|[from] Stealth Rock
|faint|p1a: Landorus
|
|win|dr. drake6782
|raw|WeRrsome's rating: 1564 &rarr; <strong>1548</strong><br />(-16 for losing)
|raw|dr. drake6782's rating: 1641 &rarr; <strong>1657</strong><br />(+16 for winning)
