|j|☆AjonymousNon
|j|☆naxduck
|t:|1760318736
|gametype|singles
|player|p1|AjonymousNon|workerice|1753
|player|p2|naxduck|102|1711
|gen|9
|tier|[Gen 9] OU
|rated|
|rule|HP Percentage Mod: HP is shown in percentages
|rule|Endless Battle Clause: Forcing endless battles is banned
|rule|Species Clause: Limit one of each Pokémon
|rule|OHKO Clause: OHKO moves are banned
|rule|Evasion Items Clause: Evasion items are banned
|rule|Evasion Moves Clause: Evasion moves are banned
|rule|Evasion Abilities Clause: Evasion abilities are banned
|rule|Sleep Moves Clause: Sleep-inducing moves are banned
|clearpoke
|poke|p1|Great Tusk|
|poke|p1|Ogerpon-Cornerstone, F|
|poke|p1|Rillaboom, M|
|poke|p1|Tyranitar, M|
|poke|p1|Corviknight, M|
|poke|p1|Dragapult, M|
|poke|p2|Alomomola, M|
|poke|p2|Talonflame, F|
|poke|p2|Great Tusk|
|poke|p2|Hatterene, F|
|poke|p2|Raging Bolt|
|poke|p2|Ogerpon-Wellspring, F|
|teampreview
|inactive|Battle timer is ON: inactive players will automatically lose when time's up. (requested by naxduck)
|inactive|AjonymousNon also wants the timer to be on.
|j| OP Earthquakes
|j| Scoob252525
|inactive|naxduck has 120 seconds left.
|
|t:|1760318769
|teamsize|p1|6
|teamsize|p2|6
|start
|switch|p1a: Ogerpon|Ogerpon-Cornerstone, F|100/100
|switch|p2a: Hatterene|Hatterene, F|100/100
|turn|1
|
|t:|1760318776
|move|p1a: Ogerpon|Swords Dance|p1a: Ogerpon
|-boost|p1a: Ogerpon|atk|2
|move|p2a: Hatterene|Draining Kiss|p1a: Ogerpon
|-damage|p1a: Ogerpon|67/100
|
|upkeep
|turn|2
|
|t:|1760318784
|switch|p2a: Raging Bolt|Raging Bolt|100/100
|move|p1a: Ogerpon|Horn Leech|p2a: Raging Bolt
|-resisted|p2a: Raging Bolt
|-damage|p2a: Raging Bolt|64/100
|-heal|p1a: Ogerpon|94/100|[from] drain|[of] p2a: Raging Bolt
|
|upkeep
|turn|3
|
|t:|1760318788
|move|p1a: Ogerpon|Ivy Cudgel|p2a: Raging Bolt|[anim] Ivy Cudgel Rock
|-damage|p2a: Raging Bolt|0 fnt
|faint|p2a: Raging Bolt
|-end|p2a: Raging Bolt|Protosynthesis|[silent]
|
|upkeep
|
|t:|1760318791
|switch|p2a: Talonflame|Talonflame, F|100/100
|turn|4
|
|t:|1760318797
|move|p2a: Talonflame|Brave Bird|p1a: Ogerpon
|-crit|p1a: Ogerpon
|-damage|p1a: Ogerpon|0 fnt
|faint|p1a: Ogerpon
|-damage|p2a: Talonflame|69/100|[from] Recoil
|
|upkeep
|
|t:|1760318802
|switch|p1a: Dragapult|Dragapult, M|100/100
|turn|5
|
|t:|1760318804
|switch|p2a: Hatterene|Hatterene, F|100/100
|move|p1a: Dragapult|Substitute|p1a: Dragapult
|-start|p1a: Dragapult|Substitute
|-damage|p1a: Dragapult|76/100
|
|-heal|p1a: Dragapult|82/100|[from] item: Leftovers
|upkeep
|turn|6
|
|t:|1760318806
|move|p1a: Dragapult|Hex|p2a: Hatterene
|-supereffective|p2a: Hatterene
|-damage|p2a: Hatterene|68/100
|move|p2a: Hatterene|Psychic Noise|p1a: Dragapult
|-damage|p1a: Dragapult|31/100
|-start|p1a: Dragapult|move: Heal Block
|
|upkeep
|turn|7
|
|t:|1760318810
|switch|p1a: Tyranitar|Tyranitar, M|100/100
|-weather|Sandstorm|[from] ability: Sand Stream|[of] p1a: Tyranitar
|move|p2a: Hatterene|Draining Kiss|p1a: Tyranitar
|-supereffective|p1a: Tyranitar
|-damage|p1a: Tyranitar|78/100
|-heal|p2a: Hatterene|90/100|[from] drain|[of] p1a: Tyranitar
|
|-weather|Sandstorm|[upkeep]
|-damage|p2a: Hatterene|84/100|[from] Sandstorm
|-heal|p1a: Tyranitar|84/100|[from] item: Leftovers
|upkeep
|turn|8
|
|t:|1760318813
|switch|p2a: Alomomola|Alomomola, M|100/100
|move|p1a: Tyranitar|Knock Off|p2a: Alomomola
|-damage|p2a: Alomomola|76/100
|-enditem|p2a: Alomomola|Heavy-Duty Boots|[from] move: Knock Off|[of] p1a: Tyranitar
|
|-weather|Sandstorm|[upkeep]
|-damage|p2a: Alomomola|70/100|[from] Sandstorm
|-heal|p1a: Tyranitar|90/100|[from] item: Leftovers
|upkeep
|turn|9
|
|t:|1760318816
|move|p1a: Tyranitar|Stealth Rock|p2a: Alomomola
|-sidestart|p2: naxduck|move: Stealth Rock
|move|p2a: Alomomola|Wish|p2a: Alomomola
|
|-weather|Sandstorm|[upkeep]
|-damage|p2a: Alomomola|64/100|[from] Sandstorm
|-heal|p1a: Tyranitar|96/100|[from] item: Leftovers
|upkeep
|turn|10
|
|t:|1760318824
|move|p1a: Tyranitar|Stone Edge|p2a: Alomomola
|-damage|p2a: Alomomola|35/100
|move|p2a: Alomomola|Flip Turn|p1a: Tyranitar
|-supereffective|p1a: Tyranitar
|-damage|p1a: Tyranitar|72/100
|
|t:|1760318831
|switch|p2a: Talonflame|Talonflame, F|69/100|[from] Flip Turn
|-damage|p2a: Talonflame|19/100|[from] Stealth Rock
|
|-weather|Sandstorm|[upkeep]
|-damage|p2a: Talonflame|13/100|[from] Sandstorm
|-heal|p2a: Talonflame|92/100|[from] move: Wish|[wisher] Alomomola
|-heal|p1a: Tyranitar|79/100|[from] item: Leftovers
|upkeep
|turn|11
|
|t:|1760318836
|move|p2a: Talonflame|U-turn|p1a: Tyranitar
|-supereffective|p1a: Tyranitar
|-damage|p1a: Tyranitar|35/100
|
|t:|1760318839
|switch|p2a: Alomomola|Alomomola, M|69/100|[from] U-turn
|-damage|p2a: Alomomola|56/100|[from] Stealth Rock
|move|p1a: Tyranitar|Stone Edge|p2a: Alomomola|[miss]
|-miss|p1a: Tyranitar|p2a: Alomomola
|
|-weather|none
|-heal|p1a: Tyranitar|41/100|[from] item: Leftovers
|upkeep
|turn|12
|
|t:|1760318848
|switch|p1a: Rillaboom|Rillaboom, M|100/100
|-fieldstart|move: Grassy Terrain|[from] ability: Grassy Surge|[of] p1a: Rillaboom
|move|p2a: Alomomola|Flip Turn|p1a: Rillaboom
|-resisted|p1a: Rillaboom
|-damage|p1a: Rillaboom|91/100
|
|t:|1760318858
|switch|p2a: Ogerpon|Ogerpon-Wellspring, F|100/100|[from] Flip Turn
|-damage|p2a: Ogerpon|88/100|[from] Stealth Rock
|
|-heal|p2a: Ogerpon|94/100|[from] Grassy Terrain
|-heal|p1a: Rillaboom|98/100|[from] Grassy Terrain
|upkeep
|turn|13
|j| Rainbow Chrome
|
|t:|1760318869
|move|p2a: Ogerpon|U-turn|p1a: Rillaboom
|-supereffective|p1a: Rillaboom
|-damage|p1a: Rillaboom|25/100
|
|t:|1760318875
|switch|p2a: Hatterene|Hatterene, F|84/100|[from] U-turn
|-damage|p2a: Hatterene|72/100|[from] Stealth Rock
|move|p1a: Rillaboom|U-turn|p2a: Hatterene
|-damage|p2a: Hatterene|25/100
|
|t:|1760318879
|switch|p1a: Dragapult|Dragapult, M|31/100|[from] U-turn
|
|-heal|p1a: Dragapult|38/100|[from] Grassy Terrain
|-heal|p1a: Dragapult|44/100|[from] item: Leftovers
|-heal|p2a: Hatterene|31/100|[from] Grassy Terrain
|upkeep
|turn|14
|
|t:|1760318893
|move|p1a: Dragapult|Hex|p2a: Hatterene
|-supereffective|p2a: Hatterene
|-damage|p2a: Hatterene|0 fnt
|faint|p2a: Hatterene
|
|-heal|p1a: Dragapult|50/100|[from] Grassy Terrain
|-heal|p1a: Dragapult|56/100|[from] item: Leftovers
|upkeep
|
|t:|1760318895
|switch|p2a: Great Tusk|Great Tusk|100/100
|turn|15
|
|t:|1760318899
|move|p1a: Dragapult|Will-O-Wisp|p2a: Great Tusk
|-status|p2a: Great Tusk|brn
|move|p2a: Great Tusk|Knock Off|p1a: Dragapult
|-supereffective|p1a: Dragapult
|-damage|p1a: Dragapult|11/100
|-enditem|p1a: Dragapult|Leftovers|[from] move: Knock Off|[of] p2a: Great Tusk
|
|-heal|p1a: Dragapult|18/100|[from] Grassy Terrain
|-damage|p2a: Great Tusk|94/100 brn|[from] brn
|upkeep
|turn|16
|
|t:|1760318908
|move|p1a: Dragapult|Hex|p2a: Great Tusk
|-damage|p2a: Great Tusk|22/100 brn
|move|p2a: Great Tusk|Knock Off|p1a: Dragapult
|-supereffective|p1a: Dragapult
|-damage|p1a: Dragapult|0 fnt
|faint|p1a: Dragapult
|
|-heal|p2a: Great Tusk|28/100 brn|[from] Grassy Terrain
|-damage|p2a: Great Tusk|22/100 brn|[from] brn
|-fieldend|move: Grassy Terrain
|upkeep
|
|t:|1760318918
|switch|p1a: Corviknight|Corviknight, M|100/100
|-ability|p1a: Corviknight|Pressure
|turn|17
|
|t:|1760318921
|move|p2a: Great Tusk|Rapid Spin|p1a: Corviknight
|-resisted|p1a: Corviknight
|-damage|p1a: Corviknight|98/100
|-boost|p2a: Great Tusk|spe|1
|-damage|p2a: Great Tusk|5/100 brn|[from] item: Rocky Helmet|[of] p1a: Corviknight
|-sideend|p2: naxduck|Stealth Rock|[from] move: Rapid Spin|[of] p2a: Great Tusk
|move|p1a: Corviknight|Brave Bird|p2a: Great Tusk
|-supereffective|p2a: Great Tusk
|-damage|p2a: Great Tusk|0 fnt
|faint|p2a: Great Tusk
|-end|p2a: Great Tusk|Protosynthesis|[silent]
|-damage|p1a: Corviknight|97/100|[from] Recoil
|
|upkeep
|
|t:|1760318924
|switch|p2a: Talonflame|Talonflame, F|92/100
|turn|18
|
|t:|1760318927
|switch|p1a: Tyranitar|Tyranitar, M|41/100
|-weather|Sandstorm|[from] ability: Sand Stream|[of] p1a: Tyranitar
|move|p2a: Talonflame|U-turn|p1a: Tyranitar
|-supereffective|p1a: Tyranitar
|-damage|p1a: Tyranitar|0 fnt
|faint|p1a: Tyranitar
|
|t:|1760318930
|switch|p2a: Alomomola|Alomomola, M|89/100|[from] U-turn
|
|-weather|Sandstorm|[upkeep]
|-damage|p2a: Alomomola|83/100|[from] Sandstorm
|upkeep
|
|t:|1760318932
|switch|p1a: Rillaboom|Rillaboom, M|25/100
|-fieldstart|move: Grassy Terrain|[from] ability: Grassy Surge|[of] p1a: Rillaboom
|turn|19
|
|t:|1760318943
|-terastallize|p2a: Alomomola|Ghost
|move|p1a: Rillaboom|Knock Off|p2a: Alomomola
|-supereffective|p2a: Alomomola
|-damage|p2a: Alomomola|39/100
|move|p2a: Alomomola|Flip Turn|p1a: Rillaboom
|-resisted|p1a: Rillaboom
|-damage|p1a: Rillaboom|17/100
|
|t:|1760318946
|switch|p2a: Talonflame|Talonflame, F|92/100|[from] Flip Turn
|
|-weather|Sandstorm|[upkeep]
|-damage|p2a: Talonflame|86/100|[from] Sandstorm
|-damage|p1a: Rillaboom|11/100|[from] Sandstorm
|-heal|p1a: Rillaboom|17/100|[from] Grassy Terrain
|upkeep
|turn|20
|
|t:|1760318954
|move|p2a: Talonflame|U-turn|p1a: Rillaboom
|-supereffective|p1a: Rillaboom
|-damage|p1a: Rillaboom|0 fnt
|faint|p1a: Rillaboom
|
|t:|1760318956
|switch|p2a: Ogerpon|Ogerpon-Wellspring, F|94/100|[from] U-turn
|
|-weather|Sandstorm|[upkeep]
|-damage|p2a: Ogerpon|88/100|[from] Sandstorm
|-heal|p2a: Ogerpon|94/100|[from] Grassy Terrain
|upkeep
|
|t:|1760318958
|switch|p1a: Corviknight|Corviknight, M|97/100
|-ability|p1a: Corviknight|Pressure
|turn|21
|
|t:|1760318960
|switch|p2a: Alomomola|Alomomola, M, tera:Ghost|72/100
|-terastallize|p1a: Corviknight|Dragon
|move|p1a: Corviknight|Brave Bird|p2a: Alomomola
|-damage|p2a: Alomomola|51/100
|-damage|p1a: Corviknight|88/100|[from] Recoil
|
|-weather|Sandstorm|[upkeep]
|-damage|p1a: Corviknight|82/100|[from] Sandstorm
|-damage|p2a: Alomomola|45/100|[from] Sandstorm
|-heal|p1a: Corviknight|88/100|[from] Grassy Terrain
|-heal|p2a: Alomomola|51/100|[from] Grassy Terrain
|upkeep
|turn|22
|
|t:|1760318962
|move|p1a: Corviknight|Brave Bird|p2a: Alomomola
|-damage|p2a: Alomomola|28/100
|-damage|p1a: Corviknight|79/100|[from] Recoil
|move|p2a: Alomomola|Tickle|p1a: Corviknight
|-unboost|p1a: Corviknight|atk|1
|-unboost|p1a: Corviknight|def|1
|
|-weather|none
|-heal|p1a: Corviknight|85/100|[from] Grassy Terrain
|-heal|p2a: Alomomola|34/100|[from] Grassy Terrain
|upkeep
|turn|23
|
|t:|1760318965
|move|p1a: Corviknight|Brave Bird|p2a: Alomomola
|-damage|p2a: Alomomola|19/100
|-damage|p1a: Corviknight|79/100|[from] Recoil
|move|p2a: Alomomola|Wish|p2a: Alomomola
|
|-heal|p1a: Corviknight|85/100|[from] Grassy Terrain
|-heal|p2a: Alomomola|25/100|[from] Grassy Terrain
|-fieldend|move: Grassy Terrain
|upkeep
|turn|24
|-message|AjonymousNon forfeited.
|
|win|naxduck
|raw|AjonymousNon's rating: 1753 &rarr; <strong>1731</strong><br />(-22 for losing)
|raw|naxduck's rating: 1711 &rarr; <strong>1733</strong><br />(+22 for winning)
|l|☆AjonymousNon
|player|p1|
|l|☆naxduck
|player|p2|
|l| OP Earthquakes
|l| Scoob252525
