|j|☆GatorCrusader
|j|☆Blackspectre23
|t:|1760380640
|gametype|singles
|player|p1|GatorCrusader|fisherman-gen4|1093
|player|p2|Blackspectre23|veteran|1071
|gen|9
|tier|[Gen 9] OU
|rated|
|rule|HP Percentage Mod: HP is shown in percentages
|rule|Endless Battle Clause: Forcing endless battles is banned
|rule|Species Clause: Limit one of each Pokémon
|rule|OHKO Clause: OHKO moves are banned
|rule|Evasion Items Clause: Evasion items are banned
|rule|Evasion Moves Clause: Evasion moves are banned
|rule|Evasion Abilities Clause: Evasion abilities are banned
|rule|Sleep Moves Clause: Sleep-inducing moves are banned
|clearpoke
|poke|p1|Blaziken, F|
|poke|p1|Indeedee-F, F|
|poke|p1|Dragonite, M|
|poke|p1|Deoxys-Speed|
|poke|p1|Corviknight, F|
|poke|p1|Hatterene, F|
|poke|p2|Regigigas|
|poke|p2|Clodsire, F|
|poke|p2|Blaziken, M|
|poke|p2|Necrozma|
|poke|p2|Kingambit, M|
|poke|p2|Ogerpon-Cornerstone, F|
|teampreview
|inactive|Battle timer is ON: inactive players will automatically lose when time's up. (requested by GatorCrusader)
|c|☆GatorCrusader|gl hf
|
|t:|1760380659
|teamsize|p1|6
|teamsize|p2|6
|start
|switch|p1a: Indeedee|Indeedee-F, F|100/100
|switch|p2a: Regigigas|Regigigas, shiny|100/100
|-fieldstart|move: Psychic Terrain|[from] ability: Psychic Surge|[of] p1a: Indeedee
|-start|p2a: Regigigas|ability: Slow Start
|turn|1
|
|t:|1760380671
|switch|p1a: Blaziken|Blaziken, F|100/100
|-enditem|p1a: Blaziken|Psychic Seed
|-boost|p1a: Blaziken|spd|1|[from] item: Psychic Seed
|move|p2a: Regigigas|Payback|p1a: Blaziken
|-resisted|p1a: Blaziken
|-damage|p1a: Blaziken|92/100
|
|upkeep
|turn|2
|
|t:|1760380685
|switch|p2a: Ogerpon|Ogerpon-Cornerstone, F|100/100
|move|p1a: Blaziken|Swords Dance|p1a: Blaziken
|-boost|p1a: Blaziken|atk|2
|
|-ability|p1a: Blaziken|Speed Boost|boost
|-boost|p1a: Blaziken|spe|1
|upkeep
|turn|3
|
|t:|1760380699
|move|p1a: Blaziken|Acrobatics|p2a: Ogerpon
|-ability|p2a: Ogerpon|Sturdy
|-damage|p2a: Ogerpon|1/100
|move|p2a: Ogerpon|Ivy Cudgel|p1a: Blaziken|[anim] Ivy Cudgel Rock
|-damage|p1a: Blaziken|0 fnt
|faint|p1a: Blaziken
|
|upkeep
|
|t:|1760380708
|switch|p1a: Deoxys|Deoxys-Speed|100/100
|-ability|p1a: Deoxys|Pressure
|turn|4
|
|t:|1760380715
|switch|p2a: Regigigas|Regigigas, shiny|100/100
|-start|p2a: Regigigas|ability: Slow Start
|move|p1a: Deoxys|Shadow Ball|p2a: Regigigas
|-immune|p2a: Regigigas
|
|upkeep
|turn|5
|
|t:|1760380725
|-terastallize|p1a: Deoxys|Fighting
|move|p1a: Deoxys|Nasty Plot|p1a: Deoxys
|-boost|p1a: Deoxys|spa|2
|move|p2a: Regigigas|Payback|p1a: Deoxys
|-resisted|p1a: Deoxys
|-damage|p1a: Deoxys|83/100
|
|upkeep
|turn|6
|
|t:|1760380743
|-terastallize|p2a: Regigigas|Fighting
|move|p1a: Deoxys|Nasty Plot|p1a: Deoxys
|-boost|p1a: Deoxys|spa|2
|move|p2a: Regigigas|Double-Edge|p1a: Deoxys
|-damage|p1a: Deoxys|26/100
|-damage|p2a: Regigigas|90/100|[from] Recoil
|
|upkeep
|turn|7
|
|t:|1760380766
|move|p1a: Deoxys|Expanding Force|p2a: Regigigas
|-supereffective|p2a: Regigigas
|-damage|p2a: Regigigas|0 fnt
|faint|p2a: Regigigas
|-damage|p1a: Deoxys|16/100|[from] item: Life Orb
|
|upkeep
|inactive|Blackspectre23 has 120 seconds left.
|
|t:|1760380780
|switch|p2a: Blaziken|Blaziken, M, shiny|100/100
|turn|8
|
|t:|1760380787
|move|p1a: Deoxys|Expanding Force|p2a: Blaziken
|-supereffective|p2a: Blaziken
|-damage|p2a: Blaziken|0 fnt
|faint|p2a: Blaziken
|-damage|p1a: Deoxys|6/100|[from] item: Life Orb
|
|-fieldend|move: Psychic Terrain
|upkeep
|
|t:|1760380793
|switch|p2a: Clodsire|Clodsire, F, shiny|100/100
|turn|9
|
|t:|1760380796
|move|p1a: Deoxys|Psycho Boost|p2a: Clodsire
|-supereffective|p2a: Clodsire
|-damage|p2a: Clodsire|0 fnt
|-unboost|p1a: Deoxys|spa|2
|faint|p2a: Clodsire
|-damage|p1a: Deoxys|0 fnt|[from] item: Life Orb
|faint|p1a: Deoxys
|
|upkeep
|inactive|Blackspectre23 has 120 seconds left.
|
|t:|1760380816
|switch|p1a: Indeedee|Indeedee-F, F|100/100
|switch|p2a: Ogerpon|Ogerpon-Cornerstone, F|1/100
|-fieldstart|move: Psychic Terrain|[from] ability: Psychic Surge|[of] p1a: Indeedee
|turn|10
|
|t:|1760380822
|move|p2a: Ogerpon|Horn Leech|p1a: Indeedee
|-damage|p1a: Indeedee|23/100
|-heal|p2a: Ogerpon|37/100|[from] drain|[of] p1a: Indeedee
|move|p1a: Indeedee|Dazzling Gleam|p2a: Ogerpon
|-damage|p2a: Ogerpon|11/100
|
|upkeep
|turn|11
|
|t:|1760380828
|move|p2a: Ogerpon|Horn Leech|p1a: Indeedee
|-damage|p1a: Indeedee|0 fnt
|-heal|p2a: Ogerpon|21/100|[from] drain|[of] p1a: Indeedee
|faint|p1a: Indeedee
|
|upkeep
|
|t:|1760380834
|switch|p1a: Dragonite|Dragonite, M|100/100
|turn|12
|
|t:|1760380840
|move|p1a: Dragonite|Extreme Speed|p2a: Ogerpon
|-activate|p2a: Ogerpon|move: Psychic Terrain
|move|p2a: Ogerpon|Ivy Cudgel|p1a: Dragonite|[anim] Ivy Cudgel Rock
|-supereffective|p1a: Dragonite
|-damage|p1a: Dragonite|28/100
|
|upkeep
|turn|13
|
|t:|1760380847
|move|p2a: Ogerpon|Ivy Cudgel|p1a: Dragonite|[anim] Ivy Cudgel Rock
|-supereffective|p1a: Dragonite
|-crit|p1a: Dragonite
|-damage|p1a: Dragonite|0 fnt
|faint|p1a: Dragonite
|
|upkeep
|
|t:|1760380853
|switch|p1a: Hatterene|Hatterene, F|100/100
|turn|14
|
|t:|1760380862
|move|p2a: Ogerpon|Knock Off|p1a: Hatterene
|-damage|p1a: Hatterene|51/100
|-enditem|p1a: Hatterene|Assault Vest|[from] move: Knock Off|[of] p2a: Ogerpon
|move|p1a: Hatterene|Draining Kiss|p2a: Ogerpon
|-damage|p2a: Ogerpon|0 fnt
|-heal|p1a: Hatterene|66/100|[from] drain|[of] p2a: Ogerpon
|faint|p2a: Ogerpon
|
|upkeep
|
|t:|1760380872
|switch|p2a: Necrozma|Necrozma, shiny|100/100
|turn|15
|
|t:|1760380881
|move|p2a: Necrozma|Stone Edge|p1a: Hatterene
|-crit|p1a: Hatterene
|-damage|p1a: Hatterene|28/100
|move|p1a: Hatterene|Nuzzle|p2a: Necrozma
|-damage|p2a: Necrozma|97/100
|-status|p2a: Necrozma|par
|
|upkeep
|turn|16
|
|t:|1760380889
|cant|p2a: Necrozma|par
|move|p1a: Hatterene|Draining Kiss|p2a: Necrozma
|-damage|p2a: Necrozma|70/100 par
|-heal|p1a: Hatterene|49/100|[from] drain|[of] p2a: Necrozma
|
|upkeep
|turn|17
|
|t:|1760380897
|cant|p2a: Necrozma|par
|move|p1a: Hatterene|Mystical Fire|p2a: Necrozma
|-crit|p2a: Necrozma
|-damage|p2a: Necrozma|30/100 par
|-unboost|p2a: Necrozma|spa|1
|
|-fieldend|move: Psychic Terrain
|upkeep
|turn|18
|
|t:|1760380904
|move|p2a: Necrozma|Stone Edge|p1a: Hatterene
|-damage|p1a: Hatterene|24/100
|move|p1a: Hatterene|Draining Kiss|p2a: Necrozma
|-damage|p2a: Necrozma|0 fnt
|-heal|p1a: Hatterene|47/100|[from] drain|[of] p2a: Necrozma
|faint|p2a: Necrozma
|
|upkeep
|
|t:|1760380910
|switch|p2a: Kingambit|Kingambit, M, shiny|100/100
|-activate|p2a: Kingambit|ability: Supreme Overlord
|-start|p2a: Kingambit|fallen5|[silent]
|turn|19
|
|t:|1760380915
|move|p2a: Kingambit|Iron Head|p1a: Hatterene
|-supereffective|p1a: Hatterene
|-damage|p1a: Hatterene|0 fnt
|faint|p1a: Hatterene
|
|upkeep
|
|t:|1760380919
|switch|p1a: Corviknight|Corviknight, F|100/100
|-ability|p1a: Corviknight|Pressure
|turn|20
|
|t:|1760380927
|move|p1a: Corviknight|Roost||[still]
|-fail|p1a: Corviknight|heal
|move|p2a: Kingambit|Swords Dance|p2a: Kingambit
|-boost|p2a: Kingambit|atk|2
|
|upkeep
|turn|21
|
|t:|1760380933
|move|p1a: Corviknight|Brave Bird|p2a: Kingambit
|-resisted|p2a: Kingambit
|-damage|p2a: Kingambit|87/100
|-damage|p1a: Corviknight|96/100|[from] Recoil
|move|p2a: Kingambit|Swords Dance|p2a: Kingambit
|-boost|p2a: Kingambit|atk|2
|
|upkeep
|turn|22
|
|t:|1760380941
|move|p2a: Kingambit|Sucker Punch||[still]
|-fail|p2a: Kingambit
|move|p1a: Corviknight|Defog|p2a: Kingambit
|-unboost|p2a: Kingambit|evasion|1
|
|upkeep
|turn|23
|
|t:|1760380946
|move|p1a: Corviknight|Brave Bird|p2a: Kingambit
|-resisted|p2a: Kingambit
|-damage|p2a: Kingambit|72/100
|-damage|p1a: Corviknight|91/100|[from] Recoil
|move|p2a: Kingambit|Kowtow Cleave|p1a: Corviknight
|-damage|p1a: Corviknight|0 fnt
|-damage|p2a: Kingambit|56/100|[from] item: Rocky Helmet|[of] p1a: Corviknight
|faint|p1a: Corviknight
|
|win|Blackspectre23
|raw|GatorCrusader's rating: 1093 &rarr; <strong>1068</strong><br />(-25 for losing)
|raw|Blackspectre23's rating: 1071 &rarr; <strong>1102</strong><br />(+31 for winning)
|c|☆Blackspectre23|gg
|c|☆GatorCrusader|gg
|l|☆GatorCrusader
|player|p1|
|l|☆Blackspectre23
|player|p2|
