|j|☆Voltaris33
|j|☆krishR
|t:|1760372615
|gametype|singles
|player|p1|Voltaris33|unknown|1491
|player|p2|krishR|unknownf|1482
|gen|9
|tier|[Gen 9] OU
|rated|
|rule|HP Percentage Mod: HP is shown in percentages
|rule|Endless Battle Clause: Forcing endless battles is banned
|rule|Species Clause: Limit one of each Pokémon
|rule|OHKO Clause: OHKO moves are banned
|rule|Evasion Items Clause: Evasion items are banned
|rule|Evasion Moves Clause: Evasion moves are banned
|rule|Evasion Abilities Clause: Evasion abilities are banned
|rule|Sleep Moves Clause: Sleep-inducing moves are banned
|clearpoke
|poke|p1|Garchomp, M|
|poke|p1|Moltres-Galar|
|poke|p1|Tyranitar, F|
|poke|p1|Noivern, F|
|poke|p1|Ceruledge, M|
|poke|p1|Zapdos|
|poke|p2|Ninetales, F|
|poke|p2|Great Tusk|
|poke|p2|Walking Wake|
|poke|p2|Raging Bolt|
|poke|p2|Kingambit, F|
|poke|p2|Hatterene, F|
|teampreview
|inactive|Battle timer is ON: inactive players will automatically lose when time's up. (requested by Voltaris33)
|
|t:|1760372624
|teamsize|p1|6
|teamsize|p2|6
|start
|switch|p1a: Noivern|Noivern, F|100/100
|switch|p2a: Great Tusk|Great Tusk|100/100
|turn|1
|
|t:|1760372628
|-end|p2a: Great Tusk|Protosynthesis|[silent]
|switch|p2a: Hatterene|Hatterene, F|100/100
|move|p1a: Noivern|Draco Meteor|p2a: Hatterene
|-immune|p2a: Hatterene
|
|upkeep
|turn|2
|
|t:|1760372633
|move|p1a: Noivern|U-turn|p2a: Hatterene
|-damage|p2a: Hatterene|91/100
|-enditem|p2a: Hatterene|Eject Button
|
|t:|1760372635
|switch|p2a: Ninetales|Ninetales, F|100/100
|-weather|SunnyDay|[from] ability: Drought|[of] p2a: Ninetales
|
|-weather|SunnyDay|[upkeep]
|upkeep
|turn|3
|
|t:|1760372646
|switch|p2a: Hatterene|Hatterene, F|91/100
|move|p1a: Noivern|U-turn|p2a: Hatterene
|-damage|p2a: Hatterene|82/100
|
|t:|1760372648
|switch|p1a: Tyranitar|Tyranitar, F|100/100|[from] U-turn
|-weather|Sandstorm|[from] ability: Sand Stream|[of] p1a: Tyranitar
|
|-weather|Sandstorm|[upkeep]
|-damage|p2a: Hatterene|76/100|[from] Sandstorm
|upkeep
|turn|4
|
|t:|1760372652
|switch|p2a: Great Tusk|Great Tusk|100/100
|move|p1a: Tyranitar|Knock Off|p2a: Great Tusk
|-resisted|p2a: Great Tusk
|-damage|p2a: Great Tusk|78/100
|-enditem|p2a: Great Tusk|Heavy-Duty Boots|[from] move: Knock Off|[of] p1a: Tyranitar
|-damage|p1a: Tyranitar|91/100|[from] item: Life Orb
|
|-weather|Sandstorm|[upkeep]
|upkeep
|turn|5
|
|t:|1760372656
|switch|p1a: Noivern|Noivern, F|100/100
|move|p2a: Great Tusk|Rapid Spin|p1a: Noivern
|-damage|p1a: Noivern|83/100
|-boost|p2a: Great Tusk|spe|1
|
|-weather|Sandstorm|[upkeep]
|-damage|p1a: Noivern|76/100|[from] Sandstorm
|upkeep
|turn|6
|
|t:|1760372660
|move|p2a: Great Tusk|Ice Spinner|p1a: Noivern
|-supereffective|p1a: Noivern
|-damage|p1a: Noivern|0 fnt
|faint|p1a: Noivern
|
|-weather|Sandstorm|[upkeep]
|upkeep
|
|t:|1760372663
|switch|p1a: Ceruledge|Ceruledge, M|100/100
|turn|7
|
|t:|1760372677
|-end|p2a: Great Tusk|Protosynthesis|[silent]
|switch|p2a: Ninetales|Ninetales, F|100/100
|-weather|SunnyDay|[from] ability: Drought|[of] p2a: Ninetales
|move|p1a: Ceruledge|Swords Dance|p1a: Ceruledge
|-boost|p1a: Ceruledge|atk|2
|
|-weather|SunnyDay|[upkeep]
|upkeep
|turn|8
|
|t:|1760372679
|move|p2a: Ninetales|Encore|p1a: Ceruledge
|-start|p1a: Ceruledge|Encore
|move|p1a: Ceruledge|Swords Dance|p1a: Ceruledge
|-boost|p1a: Ceruledge|atk|2
|
|-weather|SunnyDay|[upkeep]
|upkeep
|turn|9
|
|t:|1760372681
|switch|p1a: Tyranitar|Tyranitar, F|91/100
|-weather|Sandstorm|[from] ability: Sand Stream|[of] p1a: Tyranitar
|move|p2a: Ninetales|Scorching Sands|p1a: Tyranitar
|-supereffective|p1a: Tyranitar
|-damage|p1a: Tyranitar|66/100
|-status|p1a: Tyranitar|brn
|
|-weather|Sandstorm|[upkeep]
|-damage|p2a: Ninetales|94/100|[from] Sandstorm
|-damage|p1a: Tyranitar|60/100 brn|[from] brn
|upkeep
|turn|10
|
|t:|1760372684
|switch|p2a: Great Tusk|Great Tusk|78/100
|move|p1a: Tyranitar|Knock Off|p2a: Great Tusk
|-resisted|p2a: Great Tusk
|-damage|p2a: Great Tusk|71/100
|-damage|p1a: Tyranitar|50/100 brn|[from] item: Life Orb
|
|-weather|Sandstorm|[upkeep]
|-damage|p1a: Tyranitar|44/100 brn|[from] brn
|upkeep
|turn|11
|
|t:|1760372690
|move|p2a: Great Tusk|Ice Spinner|p1a: Tyranitar
|-damage|p1a: Tyranitar|23/100 brn
|move|p1a: Tyranitar|Ice Punch|p2a: Great Tusk
|-supereffective|p2a: Great Tusk
|-damage|p2a: Great Tusk|47/100
|-damage|p1a: Tyranitar|13/100 brn|[from] item: Life Orb
|
|-weather|Sandstorm|[upkeep]
|-damage|p1a: Tyranitar|7/100 brn|[from] brn
|upkeep
|turn|12
|
|t:|1760372695
|move|p2a: Great Tusk|Ice Spinner|p1a: Tyranitar
|-damage|p1a: Tyranitar|0 fnt
|faint|p1a: Tyranitar
|
|-weather|Sandstorm|[upkeep]
|upkeep
|
|t:|1760372701
|switch|p1a: Moltres|Moltres-Galar|100/100
|turn|13
|
|t:|1760372710
|-end|p2a: Great Tusk|Protosynthesis|[silent]
|switch|p2a: Ninetales|Ninetales, F|94/100
|-weather|SunnyDay|[from] ability: Drought|[of] p2a: Ninetales
|move|p1a: Moltres|Agility|p1a: Moltres
|-boost|p1a: Moltres|spe|2
|
|-weather|SunnyDay|[upkeep]
|upkeep
|turn|14
|
|t:|1760372714
|move|p1a: Moltres|Nasty Plot|p1a: Moltres
|-boost|p1a: Moltres|spa|2
|move|p2a: Ninetales|Encore|p1a: Moltres
|-start|p1a: Moltres|Encore
|
|-weather|SunnyDay|[upkeep]
|upkeep
|turn|15
|
|t:|1760372716
|switch|p1a: Ceruledge|Ceruledge, M|100/100
|switch|p2a: Walking Wake|Walking Wake|100/100
|-activate|p2a: Walking Wake|ability: Protosynthesis
|-start|p2a: Walking Wake|protosynthesisspe
|
|-weather|SunnyDay|[upkeep]
|upkeep
|turn|16
|
|t:|1760372720
|move|p2a: Walking Wake|Hydro Steam|p1a: Ceruledge
|-supereffective|p1a: Ceruledge
|-enditem|p1a: Ceruledge|Focus Sash
|-damage|p1a: Ceruledge|1/100
|move|p1a: Ceruledge|Dragon Claw|p2a: Walking Wake
|-supereffective|p2a: Walking Wake
|-damage|p2a: Walking Wake|40/100
|
|-weather|SunnyDay|[upkeep]
|upkeep
|turn|17
|
|t:|1760372724
|move|p1a: Ceruledge|Shadow Sneak|p2a: Walking Wake
|-damage|p2a: Walking Wake|19/100
|move|p2a: Walking Wake|Hydro Steam|p1a: Ceruledge
|-supereffective|p1a: Ceruledge
|-damage|p1a: Ceruledge|0 fnt
|faint|p1a: Ceruledge
|
|-weather|SunnyDay|[upkeep]
|upkeep
|
|t:|1760372727
|switch|p1a: Garchomp|Garchomp, M|100/100
|turn|18
|
|t:|1760372730
|-terastallize|p2a: Walking Wake|Water
|move|p2a: Walking Wake|Hydro Steam|p1a: Garchomp
|-damage|p1a: Garchomp|0 fnt
|faint|p1a: Garchomp
|
|-weather|SunnyDay|[upkeep]
|upkeep
|
|t:|1760372736
|switch|p1a: Zapdos|Zapdos|100/100
|turn|19
|
|t:|1760372737
|move|p2a: Walking Wake|Hydro Steam|p1a: Zapdos
|-damage|p1a: Zapdos|0 fnt
|faint|p1a: Zapdos
|
|-weather|SunnyDay|[upkeep]
|upkeep
|
|t:|1760372739
|switch|p1a: Moltres|Moltres-Galar|100/100
|turn|20
|
|t:|1760372741
|move|p2a: Walking Wake|Hydro Steam|p1a: Moltres
|-damage|p1a: Moltres|0 fnt
|faint|p1a: Moltres
|
|win|krishR
|raw|Voltaris33's rating: 1491 &rarr; <strong>1471</strong><br />(-20 for losing)
|raw|krishR's rating: 1499 &rarr; <strong>1519</strong><br />(+20 for winning)
|l|☆Voltaris33
|player|p1|
|l|☆krishR
|player|p2|
