|j|☆Sanesa8724
|j|☆henry151th
|t:|1760374263
|gametype|singles
|player|p1|Sanesa8724|buck|1771
|player|p2|henry151th|wallace|1766
|gen|9
|tier|[Gen 9] OU
|rated|
|rule|HP Percentage Mod: HP is shown in percentages
|rule|Endless Battle Clause: Forcing endless battles is banned
|rule|Species Clause: Limit one of each Pokémon
|rule|OHKO Clause: OHKO moves are banned
|rule|Evasion Items Clause: Evasion items are banned
|rule|Evasion Moves Clause: Evasion moves are banned
|rule|Evasion Abilities Clause: Evasion abilities are banned
|rule|Sleep Moves Clause: Sleep-inducing moves are banned
|clearpoke
|poke|p1|Ting-Lu|
|poke|p1|Gholdengo|
|poke|p1|Slowking-Galar, M|
|poke|p1|Great Tusk|
|poke|p1|Dragonite, F|
|poke|p1|Weavile, M|
|poke|p2|Dragapult, M|
|poke|p2|Glimmora, M|
|poke|p2|Comfey, M|
|poke|p2|Kingambit, M|
|poke|p2|Ogerpon-Wellspring, F|
|poke|p2|Blaziken, M|
|teampreview
|j| newhere1310
|c|☆Sanesa8724|glhf
|c|☆henry151th|Hi uh
|c|☆henry151th|Who tf are u again
|c|☆henry151th|How did i forget
|c|☆henry151th|U are pinkas friend or smth
|c|☆Sanesa8724|yeah
|c|☆henry151th|Oh wanawa
|c|☆Sanesa8724|I've seen you before as well for sure
|c|☆henry151th|Right
|j| hacksareus10
|c|☆Sanesa8724|yeah
|c|☆henry151th|Glhf
|c|☆Sanesa8724|are you on pinkacord as well?
|c|☆henry151th|Ye
|c|☆henry151th|Im vivek
|c|☆Sanesa8724|ah k
|
|t:|1760374346
|teamsize|p1|6
|teamsize|p2|6
|start
|switch|p1a: Slowking|Slowking-Galar, M|100/100
|switch|p2a: Blaziken|Blaziken, M, shiny|100/100
|turn|1
|
|t:|1760374353
|move|p2a: Blaziken|Knock Off|p1a: Slowking
|-supereffective|p1a: Slowking
|-crit|p1a: Slowking
|-enditem|p1a: Slowking|Colbur Berry|[eat]
|-enditem|p1a: Slowking|Colbur Berry|[weaken]
|-damage|p1a: Slowking|36/100
|-damage|p2a: Blaziken|91/100|[from] item: Life Orb
|move|p1a: Slowking|Future Sight|p2a: Blaziken
|-start|p1a: Slowking|move: Future Sight
|
|-ability|p2a: Blaziken|Speed Boost|boost
|-boost|p2a: Blaziken|spe|1
|upkeep
|turn|2
|
|t:|1760374360
|switch|p1a: Dragonite|Dragonite, F|100/100
|move|p2a: Blaziken|Knock Off|p1a: Dragonite
|-damage|p1a: Dragonite|80/100
|-enditem|p1a: Dragonite|Heavy-Duty Boots|[from] move: Knock Off|[of] p2a: Blaziken
|-damage|p2a: Blaziken|81/100|[from] item: Life Orb
|
|-ability|p2a: Blaziken|Speed Boost|boost
|-boost|p2a: Blaziken|spe|1
|upkeep
|turn|3
|
|t:|1760374369
|switch|p2a: Ogerpon|Ogerpon-Wellspring, F|100/100
|move|p1a: Dragonite|Earthquake|p2a: Ogerpon
|-resisted|p2a: Ogerpon
|-damage|p2a: Ogerpon|74/100
|
|-end|p2a: Ogerpon|move: Future Sight
|-damage|p2a: Ogerpon|21/100
|upkeep
|turn|4
|
|t:|1760374373
|switch|p2a: Dragapult|Dragapult, M, shiny|100/100
|move|p1a: Dragonite|Extreme Speed|p2a: Dragapult
|-immune|p2a: Dragapult
|
|upkeep
|turn|5
|c|☆Sanesa8724|missklick yyikes
|
|t:|1760374379
|switch|p2a: Ogerpon|Ogerpon-Wellspring, F|21/100
|switch|p1a: Ting-Lu|Ting-Lu|100/100
|-ability|p1a: Ting-Lu|Vessel of Ruin
|
|upkeep
|turn|6
|
|t:|1760374383
|move|p2a: Ogerpon|Ivy Cudgel|p1a: Ting-Lu|[anim] Ivy Cudgel Water
|-supereffective|p1a: Ting-Lu
|-damage|p1a: Ting-Lu|30/100
|move|p1a: Ting-Lu|Earthquake|p2a: Ogerpon
|-resisted|p2a: Ogerpon
|-damage|p2a: Ogerpon|0 fnt
|faint|p2a: Ogerpon
|
|-heal|p1a: Ting-Lu|36/100|[from] item: Leftovers
|upkeep
|
|t:|1760374386
|switch|p2a: Blaziken|Blaziken, M, shiny|81/100
|turn|7
|
|t:|1760374398
|switch|p1a: Dragonite|Dragonite, F|80/100
|move|p2a: Blaziken|Close Combat|p1a: Dragonite
|-resisted|p1a: Dragonite
|-damage|p1a: Dragonite|42/100
|-unboost|p2a: Blaziken|def|1
|-unboost|p2a: Blaziken|spd|1
|-damage|p2a: Blaziken|71/100|[from] item: Life Orb
|
|-ability|p2a: Blaziken|Speed Boost|boost
|-boost|p2a: Blaziken|spe|1
|upkeep
|turn|8
|
|t:|1760374405
|switch|p2a: Dragapult|Dragapult, M, shiny|100/100
|move|p1a: Dragonite|Roost|p1a: Dragonite
|-heal|p1a: Dragonite|92/100
|-singleturn|p1a: Dragonite|move: Roost
|
|upkeep
|turn|9
|
|t:|1760374419
|switch|p1a: Gholdengo|Gholdengo|100/100
|-item|p1a: Gholdengo|Air Balloon
|move|p2a: Dragapult|Dragon Darts|p1a: Gholdengo
|-resisted|p1a: Gholdengo
|-damage|p1a: Gholdengo|86/100
|-enditem|p1a: Gholdengo|Air Balloon
|-anim|p2a: Dragapult|Dragon Darts|p1a: Gholdengo
|-resisted|p1a: Gholdengo
|-damage|p1a: Gholdengo|73/100
|-damage|p2a: Dragapult|91/100|[from] item: Life Orb
|
|upkeep
|turn|10
|
|t:|1760374430
|switch|p1a: Ting-Lu|Ting-Lu|36/100
|-ability|p1a: Ting-Lu|Vessel of Ruin
|move|p2a: Dragapult|Shadow Ball|p1a: Ting-Lu
|-resisted|p1a: Ting-Lu
|-damage|p1a: Ting-Lu|27/100
|-damage|p2a: Dragapult|81/100|[from] item: Life Orb
|
|-heal|p1a: Ting-Lu|34/100|[from] item: Leftovers
|upkeep
|turn|11
|
|t:|1760374436
|move|p2a: Dragapult|Dragon Darts|p1a: Ting-Lu
|-damage|p1a: Ting-Lu|19/100
|-anim|p2a: Dragapult|Dragon Darts|p1a: Ting-Lu
|-damage|p1a: Ting-Lu|5/100
|-damage|p2a: Dragapult|71/100|[from] item: Life Orb
|move|p1a: Ting-Lu|Earthquake|p2a: Dragapult
|-damage|p2a: Dragapult|16/100
|
|-heal|p1a: Ting-Lu|11/100|[from] item: Leftovers
|upkeep
|turn|12
|
|t:|1760374446
|switch|p1a: Gholdengo|Gholdengo|73/100
|move|p2a: Dragapult|Dragon Darts|p1a: Gholdengo
|-resisted|p1a: Gholdengo
|-damage|p1a: Gholdengo|59/100
|-anim|p2a: Dragapult|Dragon Darts|p1a: Gholdengo
|-resisted|p1a: Gholdengo
|-damage|p1a: Gholdengo|44/100
|-damage|p2a: Dragapult|6/100|[from] item: Life Orb
|
|upkeep
|turn|13
|
|t:|1760374449
|switch|p1a: Ting-Lu|Ting-Lu|11/100
|-ability|p1a: Ting-Lu|Vessel of Ruin
|move|p2a: Dragapult|Dragon Darts|p1a: Ting-Lu
|-damage|p1a: Ting-Lu|0 fnt
|faint|p1a: Ting-Lu
|-damage|p2a: Dragapult|0 fnt|[from] item: Life Orb
|faint|p2a: Dragapult
|
|upkeep
|
|t:|1760374464
|switch|p2a: Comfey|Comfey, M, shiny|100/100
|switch|p1a: Great Tusk|Great Tusk|100/100
|turn|14
|
|t:|1760374477
|move|p1a: Great Tusk|Headlong Rush|p2a: Comfey
|-damage|p2a: Comfey|21/100
|-unboost|p1a: Great Tusk|def|1
|-unboost|p1a: Great Tusk|spd|1
|move|p2a: Comfey|Calm Mind|p2a: Comfey
|-boost|p2a: Comfey|spa|1
|-boost|p2a: Comfey|spd|1
|
|upkeep
|turn|15
|
|t:|1760374493
|-end|p1a: Great Tusk|Protosynthesis|[silent]
|switch|p1a: Gholdengo|Gholdengo|44/100
|-terastallize|p2a: Comfey|Ground
|move|p2a: Comfey|Tera Blast|p1a: Gholdengo|[anim] Tera Blast Ground
|-supereffective|p1a: Gholdengo
|-damage|p1a: Gholdengo|0 fnt
|faint|p1a: Gholdengo
|-damage|p2a: Comfey|12/100|[from] item: Life Orb
|
|upkeep
|
|t:|1760374504
|switch|p1a: Slowking|Slowking-Galar, M|69/100
|turn|16
|
|t:|1760374511
|switch|p2a: Kingambit|Kingambit, M, shiny|100/100
|-activate|p2a: Kingambit|ability: Supreme Overlord
|-start|p2a: Kingambit|fallen2|[silent]
|-terastallize|p1a: Slowking|Water
|move|p1a: Slowking|Sludge Bomb|p2a: Kingambit
|-immune|p2a: Kingambit
|
|upkeep
|turn|17
|
|t:|1760374517
|-end|p2a: Kingambit|fallen2|[silent]
|switch|p2a: Comfey|Comfey, M, shiny, tera:Ground|12/100
|-prepare|p1a: Slowking|Chilly Reception|[premajor]
|move|p1a: Slowking|Chilly Reception|p1a: Slowking
|-weather|Snowscape
|
|t:|1760374535
|switch|p1a: Weavile|Weavile, M|100/100|[from] Chilly Reception
|
|-weather|Snowscape|[upkeep]
|upkeep
|turn|18
|
|t:|1760374538
|move|p2a: Comfey|Draining Kiss|p1a: Weavile
|-supereffective|p1a: Weavile
|-damage|p1a: Weavile|19/100
|-heal|p2a: Comfey|68/100|[from] drain|[of] p1a: Weavile
|-damage|p2a: Comfey|58/100|[from] item: Life Orb
|move|p1a: Weavile|Triple Axel|p2a: Comfey
|-supereffective|p2a: Comfey
|-damage|p2a: Comfey|36/100
|-supereffective|p2a: Comfey
|-damage|p2a: Comfey|0 fnt
|faint|p2a: Comfey
|-hitcount|p2: Comfey|2
|
|-weather|Snowscape|[upkeep]
|upkeep
|
|t:|1760374542
|switch|p2a: Kingambit|Kingambit, M, shiny|100/100
|-activate|p2a: Kingambit|ability: Supreme Overlord
|-start|p2a: Kingambit|fallen3|[silent]
|turn|19
|j| Esjeegkrsd
|
|t:|1760374549
|move|p1a: Weavile|Knock Off|p2a: Kingambit
|-resisted|p2a: Kingambit
|-damage|p2a: Kingambit|83/100
|-enditem|p2a: Kingambit|Leftovers|[from] move: Knock Off|[of] p1a: Weavile
|move|p2a: Kingambit|Kowtow Cleave|p1a: Weavile
|-resisted|p1a: Weavile
|-damage|p1a: Weavile|0 fnt
|faint|p1a: Weavile
|
|-weather|Snowscape|[upkeep]
|upkeep
|
|t:|1760374558
|switch|p1a: Great Tusk|Great Tusk|100/100
|turn|20
|
|t:|1760374561
|-end|p2a: Kingambit|fallen3|[silent]
|switch|p2a: Glimmora|Glimmora, M, shiny|100/100
|move|p1a: Great Tusk|Headlong Rush|p2a: Glimmora
|-supereffective|p2a: Glimmora
|-damage|p2a: Glimmora|0 fnt
|-unboost|p1a: Great Tusk|def|1
|-unboost|p1a: Great Tusk|spd|1
|-activate|p2a: Glimmora|ability: Toxic Debris
|-sidestart|p1: Sanesa8724|move: Toxic Spikes
|faint|p2a: Glimmora
|
|-weather|Snowscape|[upkeep]
|upkeep
|
|t:|1760374564
|switch|p2a: Blaziken|Blaziken, M, shiny|71/100
|turn|21
|l| Esjeegkrsd
|
|t:|1760374567
|-end|p1a: Great Tusk|Protosynthesis|[silent]
|switch|p1a: Dragonite|Dragonite, F|92/100
|move|p2a: Blaziken|Protect||[still]
|-fail|p2a: Blaziken
|
|-weather|none
|-ability|p2a: Blaziken|Speed Boost|boost
|-boost|p2a: Blaziken|spe|1
|upkeep
|turn|22
|
|t:|1760374571
|move|p2a: Blaziken|Close Combat|p1a: Dragonite
|-resisted|p1a: Dragonite
|-damage|p1a: Dragonite|52/100
|-unboost|p2a: Blaziken|def|1
|-unboost|p2a: Blaziken|spd|1
|-damage|p2a: Blaziken|61/100|[from] item: Life Orb
|move|p1a: Dragonite|Earthquake|p2a: Blaziken
|-supereffective|p2a: Blaziken
|-damage|p2a: Blaziken|0 fnt
|faint|p2a: Blaziken
|
|upkeep
|
|t:|1760374574
|switch|p2a: Kingambit|Kingambit, M, shiny|83/100
|-activate|p2a: Kingambit|ability: Supreme Overlord
|-start|p2a: Kingambit|fallen5|[silent]
|turn|23
|
|t:|1760374576
|move|p1a: Dragonite|Earthquake|p2a: Kingambit
|-supereffective|p2a: Kingambit
|-damage|p2a: Kingambit|28/100
|move|p2a: Kingambit|Swords Dance|p2a: Kingambit
|-boost|p2a: Kingambit|atk|2
|
|upkeep
|turn|24
|
|t:|1760374581
|move|p1a: Dragonite|Earthquake|p2a: Kingambit
|-supereffective|p2a: Kingambit
|-crit|p2a: Kingambit
|-damage|p2a: Kingambit|0 fnt
|faint|p2a: Kingambit
|-end|p2a: Kingambit|fallen5|[silent]
|
|win|Sanesa8724
|raw|Sanesa8724's rating: 1771 &rarr; <strong>1791</strong><br />(+20 for winning)
|raw|henry151th's rating: 1766 &rarr; <strong>1746</strong><br />(-20 for losing)
|c|☆Sanesa8724|gg
|c|☆henry151th|Ggs wanawa
|l|☆Sanesa8724
|player|p1|
|l| hacksareus10
