|j|☆Mreda
|j|☆perrosydemonios
|t:|1760390921
|gametype|singles
|player|p1|Mreda|1|1377
|player|p2|perrosydemonios|266|1347
|gen|9
|tier|[Gen 9] OU
|rated|
|rule|HP Percentage Mod: HP is shown in percentages
|rule|Endless Battle Clause: Forcing endless battles is banned
|rule|Species Clause: Limit one of each Pokémon
|rule|OHKO Clause: OHKO moves are banned
|rule|Evasion Items Clause: Evasion items are banned
|rule|Evasion Moves Clause: Evasion moves are banned
|rule|Evasion Abilities Clause: Evasion abilities are banned
|rule|Sleep Moves Clause: Sleep-inducing moves are banned
|clearpoke
|poke|p1|Kommo-o, M|
|poke|p1|Zapdos|
|poke|p1|Slowking-Galar, M|
|poke|p1|Gholdengo|
|poke|p1|Great Tusk|
|poke|p1|Meowscarada, M|
|poke|p2|Ribombee, M|
|poke|p2|Serperior, F|
|poke|p2|Raging Bolt|
|poke|p2|Gholdengo|
|poke|p2|Iron Valiant|
|poke|p2|Iron Moth|
|teampreview
|inactive|Battle timer is ON: inactive players will automatically lose when time's up. (requested by perrosydemonios)
|
|t:|1760390956
|teamsize|p1|6
|teamsize|p2|6
|start
|switch|p1a: Donald T.|Slowking-Galar, M|100/100
|switch|p2a: Ribombee|Ribombee, M|100/100
|turn|1
|
|t:|1760390963
|move|p2a: Ribombee|Sticky Web|p1a: Donald T.
|-sidestart|p1: Mreda|move: Sticky Web
|move|p1a: Donald T.|Sludge Bomb|p2a: Ribombee
|-supereffective|p2a: Ribombee
|-enditem|p2a: Ribombee|Focus Sash
|-damage|p2a: Ribombee|1/100
|
|upkeep
|turn|2
|
|t:|1760390972
|switch|p2a: Gholdengo|Gholdengo|100/100
|-item|p2a: Gholdengo|Air Balloon
|move|p1a: Donald T.|Sludge Bomb|p2a: Gholdengo
|-immune|p2a: Gholdengo
|
|upkeep
|turn|3
|
|t:|1760390980
|move|p2a: Gholdengo|Nasty Plot|p2a: Gholdengo
|-boost|p2a: Gholdengo|spa|2
|move|p1a: Donald T.|Flamethrower|p2a: Gholdengo
|-supereffective|p2a: Gholdengo
|-damage|p2a: Gholdengo|32/100
|-enditem|p2a: Gholdengo|Air Balloon
|
|upkeep
|turn|4
|
|t:|1760390994
|move|p2a: Gholdengo|Shadow Ball|p1a: Donald T.
|-supereffective|p1a: Donald T.
|-damage|p1a: Donald T.|2/100
|move|p1a: Donald T.|Flamethrower|p2a: Gholdengo
|-supereffective|p2a: Gholdengo
|-damage|p2a: Gholdengo|0 fnt
|faint|p2a: Gholdengo
|
|upkeep
|
|t:|1760391007
|switch|p2a: Ribombee|Ribombee, M|1/100
|turn|5
|
|t:|1760391014
|move|p2a: Ribombee|Moonblast|p1a: Donald T.
|-resisted|p1a: Donald T.
|-damage|p1a: Donald T.|0 fnt
|faint|p1a: Donald T.
|
|upkeep
|
|t:|1760391022
|switch|p1a: Destroyer|Great Tusk|100/100
|turn|6
|
|t:|1760391039
|-terastallize|p1a: Destroyer|Steel
|move|p2a: Ribombee|Moonblast|p1a: Destroyer
|-resisted|p1a: Destroyer
|-damage|p1a: Destroyer|72/100
|-unboost|p1a: Destroyer|spa|1
|move|p1a: Destroyer|Rapid Spin|p2a: Ribombee
|-damage|p2a: Ribombee|0 fnt
|-boost|p1a: Destroyer|spe|1
|-sideend|p1: Mreda|Sticky Web|[from] move: Rapid Spin|[of] p1a: Destroyer
|faint|p2a: Ribombee
|
|upkeep
|
|t:|1760391045
|switch|p2a: Iron Moth|Iron Moth|100/100
|-enditem|p2a: Iron Moth|Booster Energy
|-activate|p2a: Iron Moth|ability: Quark Drive|[fromitem]
|-start|p2a: Iron Moth|quarkdrivespa
|turn|7
|
|t:|1760391057
|-terastallize|p2a: Iron Moth|Ground
|move|p1a: Destroyer|Headlong Rush|p2a: Iron Moth
|-damage|p2a: Iron Moth|0 fnt
|-unboost|p1a: Destroyer|def|1
|-unboost|p1a: Destroyer|spd|1
|faint|p2a: Iron Moth
|-end|p2a: Iron Moth|Quark Drive|[silent]
|
|upkeep
|
|t:|1760391066
|switch|p2a: Iron Valiant|Iron Valiant, shiny|100/100
|-enditem|p2a: Iron Valiant|Booster Energy
|-activate|p2a: Iron Valiant|ability: Quark Drive|[fromitem]
|-start|p2a: Iron Valiant|quarkdriveatk
|turn|8
|
|t:|1760391082
|move|p1a: Destroyer|Headlong Rush|p2a: Iron Valiant
|-damage|p2a: Iron Valiant|23/100
|-unboost|p1a: Destroyer|def|1
|-unboost|p1a: Destroyer|spd|1
|move|p2a: Iron Valiant|Close Combat|p1a: Destroyer
|-supereffective|p1a: Destroyer
|-damage|p1a: Destroyer|0 fnt
|-unboost|p2a: Iron Valiant|def|1
|-unboost|p2a: Iron Valiant|spd|1
|faint|p1a: Destroyer
|-end|p1a: Destroyer|Protosynthesis|[silent]
|
|upkeep
|
|t:|1760391096
|switch|p1a: Jocker|Meowscarada, M, shiny|100/100
|turn|9
|
|t:|1760391102
|move|p1a: Jocker|Triple Axel|p2a: Iron Valiant
|-start|p1a: Jocker|typechange|Ice|[from] ability: Protean
|-damage|p2a: Iron Valiant|0 fnt
|faint|p2a: Iron Valiant
|-end|p2a: Iron Valiant|Quark Drive|[silent]
|-hitcount|p2: Iron Valiant|1
|
|upkeep
|
|t:|1760391109
|switch|p2a: Raging Bolt|Raging Bolt|100/100
|-enditem|p2a: Raging Bolt|Booster Energy
|-activate|p2a: Raging Bolt|ability: Protosynthesis|[fromitem]
|-start|p2a: Raging Bolt|protosynthesisspa
|turn|10
|
|t:|1760391114
|move|p2a: Raging Bolt|Thunderclap|p1a: Jocker
|-damage|p1a: Jocker|21/100
|move|p1a: Jocker|Triple Axel|p2a: Raging Bolt
|-supereffective|p2a: Raging Bolt
|-damage|p2a: Raging Bolt|72/100
|-supereffective|p2a: Raging Bolt
|-damage|p2a: Raging Bolt|20/100
|-supereffective|p2a: Raging Bolt
|-damage|p2a: Raging Bolt|0 fnt
|faint|p2a: Raging Bolt
|-end|p2a: Raging Bolt|Protosynthesis|[silent]
|-hitcount|p2: Raging Bolt|3
|
|upkeep
|
|t:|1760391116
|switch|p2a: Serperior|Serperior, F|100/100
|turn|11
|
|t:|1760391128
|move|p1a: Jocker|Triple Axel|p2a: Serperior
|-supereffective|p2a: Serperior
|-crit|p2a: Serperior
|-damage|p2a: Serperior|50/100
|-supereffective|p2a: Serperior
|-damage|p2a: Serperior|0 fnt
|faint|p2a: Serperior
|-hitcount|p2: Serperior|2
|
|win|Mreda
|raw|Mreda's rating: 1377 &rarr; <strong>1395</strong><br />(+18 for winning)
|raw|perrosydemonios's rating: 1347 &rarr; <strong>1329</strong><br />(-18 for losing)
|l|☆perrosydemonios
|player|p2|
