|j|☆King.owenjr
|j|☆parsimoany
|t:|1760340320
|gametype|singles
|player|p1|King.owenjr|102|1353
|player|p2|parsimoany|boarder|1316
|gen|9
|tier|[Gen 9] OU
|rated|
|rule|HP Percentage Mod: HP is shown in percentages
|rule|Endless Battle Clause: Forcing endless battles is banned
|rule|Species Clause: Limit one of each Pokémon
|rule|OHKO Clause: OHKO moves are banned
|rule|Evasion Items Clause: Evasion items are banned
|rule|Evasion Moves Clause: Evasion moves are banned
|rule|Evasion Abilities Clause: Evasion abilities are banned
|rule|Sleep Moves Clause: Sleep-inducing moves are banned
|clearpoke
|poke|p1|Arcanine-Hisui, M|
|poke|p1|Ribombee, F|
|poke|p1|Rillaboom, M|
|poke|p1|Clodsire, M|
|poke|p1|Hydreigon, M|
|poke|p1|Gyarados, M|
|poke|p2|Iron Crown|
|poke|p2|Samurott-Hisui, M|
|poke|p2|Zapdos|
|poke|p2|Dragapult, F|
|poke|p2|Great Tusk|
|poke|p2|Iron Boulder|
|teampreview
|
|t:|1760340332
|teamsize|p1|6
|teamsize|p2|6
|start
|switch|p1a: Hydreigon|Hydreigon, M|100/100
|switch|p2a: Mindreader|Iron Crown|100/100
|turn|1
|
|t:|1760340340
|move|p1a: Hydreigon|Draco Meteor|p2a: Mindreader
|-resisted|p2a: Mindreader
|-damage|p2a: Mindreader|67/100
|-unboost|p1a: Hydreigon|spa|2
|move|p2a: Mindreader|Volt Switch|p1a: Hydreigon
|-resisted|p1a: Hydreigon
|-damage|p1a: Hydreigon|81/100
|
|t:|1760340349
|-end|p2a: Mindreader|Quark Drive|[silent]
|switch|p2a: Parasite|Dragapult, F|100/100|[from] Volt Switch
|
|upkeep
|turn|2
|
|t:|1760340357
|switch|p1a: Clodsire|Clodsire, M|100/100
|move|p2a: Parasite|U-turn|p1a: Clodsire
|-resisted|p1a: Clodsire
|-damage|p1a: Clodsire|82/100
|
|t:|1760340368
|switch|p2a: Pump It|Great Tusk|100/100|[from] U-turn
|
|-heal|p1a: Clodsire|88/100|[from] item: Leftovers
|upkeep
|turn|3
|
|t:|1760340379
|switch|p1a: Rillaboom|Rillaboom, M|100/100
|-fieldstart|move: Grassy Terrain|[from] ability: Grassy Surge|[of] p1a: Rillaboom
|move|p2a: Pump It|Headlong Rush|p1a: Rillaboom
|-resisted|p1a: Rillaboom
|-damage|p1a: Rillaboom|79/100
|-unboost|p2a: Pump It|def|1
|-unboost|p2a: Pump It|spd|1
|-damage|p2a: Pump It|84/100|[from] item: Rocky Helmet|[of] p1a: Rillaboom
|
|-heal|p2a: Pump It|90/100|[from] Grassy Terrain
|-heal|p1a: Rillaboom|85/100|[from] Grassy Terrain
|upkeep
|turn|4
|
|t:|1760340392
|-end|p2a: Pump It|Protosynthesis|[silent]
|switch|p2a: Hurikan|Zapdos|100/100
|move|p1a: Rillaboom|Leech Seed|p2a: Hurikan
|-start|p2a: Hurikan|move: Leech Seed
|
|-heal|p1a: Rillaboom|91/100|[from] Grassy Terrain
|-damage|p2a: Hurikan|88/100|[from] Leech Seed|[of] p1a: Rillaboom
|-heal|p1a: Rillaboom|100/100|[silent]
|upkeep
|turn|5
|
|t:|1760340401
|switch|p1a: Clodsire|Clodsire, M|88/100
|move|p2a: Hurikan|U-turn|p1a: Clodsire
|-resisted|p1a: Clodsire
|-damage|p1a: Clodsire|80/100
|
|t:|1760340408
|switch|p2a: Pump It|Great Tusk|90/100|[from] U-turn
|
|-heal|p2a: Pump It|96/100|[from] Grassy Terrain
|-heal|p1a: Clodsire|87/100|[from] Grassy Terrain
|-heal|p1a: Clodsire|93/100|[from] item: Leftovers
|upkeep
|turn|6
|
|t:|1760340415
|move|p2a: Pump It|Ice Spinner|p1a: Clodsire
|-supereffective|p1a: Clodsire
|-damage|p1a: Clodsire|33/100
|-fieldend|move: Grassy Terrain
|move|p1a: Clodsire|Toxic|p2a: Pump It
|-status|p2a: Pump It|tox
|
|-heal|p1a: Clodsire|40/100|[from] item: Leftovers
|-damage|p2a: Pump It|90/100 tox|[from] psn
|upkeep
|turn|7
|
|t:|1760340425
|switch|p1a: Ribombee|Ribombee, F|100/100
|move|p2a: Pump It|Stealth Rock|p1a: Ribombee
|-sidestart|p1: King.owenjr|move: Stealth Rock
|
|-damage|p2a: Pump It|78/100 tox|[from] psn
|upkeep
|turn|8
|
|t:|1760340432
|move|p1a: Ribombee|Moonblast|p2a: Pump It
|-supereffective|p2a: Pump It
|-damage|p2a: Pump It|0 fnt
|faint|p2a: Pump It
|-end|p2a: Pump It|Protosynthesis|[silent]
|
|upkeep
|
|t:|1760340435
|switch|p2a: Mindreader|Iron Crown|67/100
|turn|9
|
|t:|1760340440
|move|p1a: Ribombee|Sticky Web|p2a: Mindreader
|-sidestart|p2: parsimoany|move: Sticky Web
|move|p2a: Mindreader|Tachyon Cutter|p1a: Ribombee
|-supereffective|p1a: Ribombee
|-enditem|p1a: Ribombee|Focus Sash
|-damage|p1a: Ribombee|1/100
|-supereffective|p1a: Ribombee
|-damage|p1a: Ribombee|0 fnt
|faint|p1a: Ribombee
|-hitcount|p1: Ribombee|2
|
|upkeep
|
|t:|1760340450
|switch|p1a: Hydreigon|Hydreigon, M|81/100
|-damage|p1a: Hydreigon|69/100|[from] Stealth Rock
|turn|10
|
|t:|1760340455
|move|p1a: Hydreigon|Dark Pulse|p2a: Mindreader
|-supereffective|p2a: Mindreader
|-damage|p2a: Mindreader|0 fnt
|faint|p2a: Mindreader
|-end|p2a: Mindreader|Quark Drive|[silent]
|
|upkeep
|
|t:|1760340474
|switch|p2a: Parasite|Dragapult, F|100/100
|-activate|p2a: Parasite|move: Sticky Web
|-fail|p2a: Parasite|unboost|[from] ability: Clear Body|[of] p2a: Parasite
|turn|11
|
|t:|1760340480
|-terastallize|p1a: Hydreigon|Steel
|move|p2a: Parasite|Dragon Darts|p1a: Hydreigon
|-resisted|p1a: Hydreigon
|-damage|p1a: Hydreigon|47/100
|-anim|p2a: Parasite|Dragon Darts|p1a: Hydreigon
|-resisted|p1a: Hydreigon
|-damage|p1a: Hydreigon|24/100
|move|p1a: Hydreigon|Draco Meteor|p2a: Parasite
|-supereffective|p2a: Parasite
|-damage|p2a: Parasite|0 fnt
|-unboost|p1a: Hydreigon|spa|2
|faint|p2a: Parasite
|
|upkeep
|
|t:|1760340488
|switch|p2a: Everytime We Touch|Samurott-Hisui, M|100/100
|-activate|p2a: Everytime We Touch|move: Sticky Web
|-unboost|p2a: Everytime We Touch|spe|1
|turn|12
|
|t:|1760340496
|switch|p1a: Rillaboom|Rillaboom, M|100/100
|-damage|p1a: Rillaboom|88/100|[from] Stealth Rock
|-fieldstart|move: Grassy Terrain|[from] ability: Grassy Surge|[of] p1a: Rillaboom
|move|p2a: Everytime We Touch|Sacred Sword|p1a: Rillaboom
|-damage|p1a: Rillaboom|59/100
|-damage|p2a: Everytime We Touch|84/100|[from] item: Rocky Helmet|[of] p1a: Rillaboom
|
|-heal|p2a: Everytime We Touch|90/100|[from] Grassy Terrain
|-heal|p1a: Rillaboom|66/100|[from] Grassy Terrain
|upkeep
|turn|13
|
|t:|1760340508
|switch|p2a: Hurikan|Zapdos|88/100
|move|p1a: Rillaboom|U-turn|p2a: Hurikan
|-resisted|p2a: Hurikan
|-crit|p2a: Hurikan
|-damage|p2a: Hurikan|77/100
|
|t:|1760340514
|switch|p1a: Arcanine|Arcanine-Hisui, M|100/100|[from] U-turn
|
|upkeep
|turn|14
|
|t:|1760340519
|move|p1a: Arcanine|Stealth Rock|p2a: Hurikan
|-sidestart|p2: parsimoany|move: Stealth Rock
|move|p2a: Hurikan|Discharge|p1a: Arcanine
|-damage|p1a: Arcanine|62/100
|
|-heal|p1a: Arcanine|68/100|[from] Grassy Terrain
|upkeep
|turn|15
|
|t:|1760340527
|move|p1a: Arcanine|Head Smash|p2a: Hurikan
|-supereffective|p2a: Hurikan
|-damage|p2a: Hurikan|0 fnt
|faint|p2a: Hurikan
|
|-heal|p1a: Arcanine|74/100|[from] Grassy Terrain
|upkeep
|
|t:|1760340530
|switch|p2a: Everytime We Touch|Samurott-Hisui, M|90/100
|-activate|p2a: Everytime We Touch|move: Sticky Web
|-unboost|p2a: Everytime We Touch|spe|1
|-damage|p2a: Everytime We Touch|78/100|[from] Stealth Rock
|turn|16
|
|t:|1760340538
|move|p2a: Everytime We Touch|Razor Shell|p1a: Arcanine
|-supereffective|p1a: Arcanine
|-damage|p1a: Arcanine|0 fnt
|faint|p1a: Arcanine
|
|-heal|p2a: Everytime We Touch|84/100|[from] Grassy Terrain
|-fieldend|move: Grassy Terrain
|upkeep
|
|t:|1760340546
|switch|p1a: Gyarados|Gyarados, M|100/100
|-damage|p1a: Gyarados|76/100|[from] Stealth Rock
|turn|17
|
|t:|1760340550
|move|p2a: Everytime We Touch|Razor Shell|p1a: Gyarados
|-resisted|p1a: Gyarados
|-damage|p1a: Gyarados|46/100
|-unboost|p1a: Gyarados|def|1
|move|p1a: Gyarados|Dragon Dance|p1a: Gyarados
|-boost|p1a: Gyarados|atk|1
|-boost|p1a: Gyarados|spe|1
|
|upkeep
|turn|18
|
|t:|1760340559
|move|p1a: Gyarados|Earthquake|p2a: Everytime We Touch
|-damage|p2a: Everytime We Touch|15/100
|move|p2a: Everytime We Touch|Razor Shell|p1a: Gyarados
|-resisted|p1a: Gyarados
|-damage|p1a: Gyarados|0 fnt
|faint|p1a: Gyarados
|
|upkeep
|
|t:|1760340571
|switch|p1a: Hydreigon|Hydreigon, M, tera:Steel|24/100
|-damage|p1a: Hydreigon|18/100|[from] Stealth Rock
|turn|19
|
|t:|1760340576
|move|p1a: Hydreigon|Dark Pulse|p2a: Everytime We Touch
|-resisted|p2a: Everytime We Touch
|-damage|p2a: Everytime We Touch|0 fnt
|faint|p2a: Everytime We Touch
|
|upkeep
|
|t:|1760340579
|switch|p2a: Revery|Iron Boulder|100/100
|-activate|p2a: Revery|move: Sticky Web
|-unboost|p2a: Revery|spe|1
|-damage|p2a: Revery|88/100|[from] Stealth Rock
|-enditem|p2a: Revery|Booster Energy
|-activate|p2a: Revery|ability: Quark Drive|[fromitem]
|-start|p2a: Revery|quarkdriveatk
|turn|20
|
|t:|1760340589
|switch|p1a: Clodsire|Clodsire, M|40/100
|-damage|p1a: Clodsire|33/100|[from] Stealth Rock
|-terastallize|p2a: Revery|Fighting
|move|p2a: Revery|Mighty Cleave|p1a: Clodsire
|-resisted|p1a: Clodsire
|-damage|p1a: Clodsire|2/100
|
|-heal|p1a: Clodsire|8/100|[from] item: Leftovers
|upkeep
|turn|21
|
|t:|1760340604
|move|p2a: Revery|Mighty Cleave|p1a: Clodsire
|-resisted|p1a: Clodsire
|-damage|p1a: Clodsire|0 fnt
|faint|p1a: Clodsire
|
|upkeep
|
|t:|1760340612
|switch|p1a: Hydreigon|Hydreigon, M, tera:Steel|18/100
|-damage|p1a: Hydreigon|12/100|[from] Stealth Rock
|turn|22
|
|t:|1760340620
|move|p1a: Hydreigon|Draco Meteor|p2a: Revery
|-damage|p2a: Revery|20/100
|-unboost|p1a: Hydreigon|spa|2
|move|p2a: Revery|Mighty Cleave|p1a: Hydreigon
|-resisted|p1a: Hydreigon
|-damage|p1a: Hydreigon|0 fnt
|faint|p1a: Hydreigon
|
|upkeep
|
|t:|1760340629
|switch|p1a: Rillaboom|Rillaboom, M|66/100
|-damage|p1a: Rillaboom|53/100|[from] Stealth Rock
|-fieldstart|move: Grassy Terrain|[from] ability: Grassy Surge|[of] p1a: Rillaboom
|turn|23
|
|t:|1760340635
|move|p1a: Rillaboom|Grassy Glide|p2a: Revery
|-damage|p2a: Revery|0 fnt
|faint|p2a: Revery
|-end|p2a: Revery|Quark Drive|[silent]
|
|win|King.owenjr
|raw|King.owenjr's rating: 1353 &rarr; <strong>1371</strong><br />(+18 for winning)
|raw|parsimoany's rating: 1316 &rarr; <strong>1298</strong><br />(-18 for losing)
|l|☆parsimoany
|player|p2|
|l|☆King.owenjr
|player|p1|
