|j|‽moominmoooo
|j|☆MegaHitmonleeWhen
|t:|1760440125
|gametype|singles
|player|p1|moominmoooo|266|1386
|player|p2|MegaHitmonleeWhen|blackbelt|1405
|gen|9
|tier|[Gen 9] OU
|rated|
|rule|HP Percentage Mod: HP is shown in percentages
|rule|Endless Battle Clause: Forcing endless battles is banned
|rule|Species Clause: Limit one of each Pokémon
|rule|OHKO Clause: OHKO moves are banned
|rule|Evasion Items Clause: Evasion items are banned
|rule|Evasion Moves Clause: Evasion moves are banned
|rule|Evasion Abilities Clause: Evasion abilities are banned
|rule|Sleep Moves Clause: Sleep-inducing moves are banned
|clearpoke
|poke|p1|Meowscarada, F|
|poke|p1|Cinderace, F|
|poke|p1|Slowking-Galar, F|
|poke|p1|Lokix, F|
|poke|p1|Gliscor, M|
|poke|p1|Alomomola, F|
|poke|p2|Magnezone|
|poke|p2|Regidrago|
|poke|p2|Great Tusk|
|poke|p2|Clodsire, M|
|poke|p2|Barraskewda, M|
|poke|p2|Iron Hands|
|teampreview
|inactive|Battle timer is ON: inactive players will automatically lose when time's up. (requested by moominmoooo)
|
|t:|1760440160
|teamsize|p1|6
|teamsize|p2|6
|start
|switch|p1a: Meowscarada|Meowscarada, F|100/100
|switch|p2a: Barraskewda|Barraskewda, M|100/100
|turn|1
|
|t:|1760440172
|switch|p2a: Iron Hands|Iron Hands|100/100
|switch|p1a: Alomomola|Alomomola, F|100/100
|
|upkeep
|turn|2
|
|t:|1760440181
|move|p1a: Alomomola|Flip Turn|p2a: Iron Hands
|-damage|p2a: Iron Hands|91/100
|
|t:|1760440183
|switch|p1a: Slowking|Slowking-Galar, F|100/100|[from] Flip Turn
|move|p2a: Iron Hands|Ice Punch|p1a: Slowking
|-damage|p1a: Slowking|70/100
|
|-heal|p2a: Iron Hands|97/100|[from] item: Leftovers
|upkeep
|turn|3
|
|t:|1760440201
|move|p2a: Iron Hands|Supercell Slam|p1a: Slowking
|-damage|p1a: Slowking|11/100
|-prepare|p1a: Slowking|Chilly Reception|[premajor]
|move|p1a: Slowking|Chilly Reception|p1a: Slowking
|-weather|Snowscape
|
|t:|1760440204
|switch|p1a: Gliscor|Gliscor, M|100/100|[from] Chilly Reception
|
|-weather|Snowscape|[upkeep]
|-heal|p2a: Iron Hands|100/100|[from] item: Leftovers
|-status|p1a: Gliscor|tox|[from] item: Toxic Orb
|upkeep
|turn|4
|
|t:|1760440213
|move|p1a: Gliscor|Earthquake|p2a: Iron Hands
|-supereffective|p2a: Iron Hands
|-damage|p2a: Iron Hands|46/100
|move|p2a: Iron Hands|Supercell Slam|p1a: Gliscor
|-immune|p1a: Gliscor
|-damage|p2a: Iron Hands|0 fnt|[from] supercellslam
|faint|p2a: Iron Hands
|-end|p2a: Iron Hands|Quark Drive|[silent]
|
|-weather|Snowscape|[upkeep]
|upkeep
|
|t:|1760440228
|switch|p2a: Regidrago|Regidrago|100/100
|turn|5
|
|t:|1760440245
|-terastallize|p2a: Regidrago|Dragon
|move|p2a: Regidrago|Dragon Energy|p1a: Gliscor
|-damage|p1a: Gliscor|0 fnt
|faint|p1a: Gliscor
|
|-weather|Snowscape|[upkeep]
|upkeep
|
|t:|1760440249
|switch|p1a: Lokix|Lokix, F|100/100
|turn|6
|
|t:|1760440252
|switch|p2a: Great Tusk|Great Tusk|100/100
|-terastallize|p1a: Lokix|Bug
|move|p1a: Lokix|First Impression|p2a: Great Tusk
|-resisted|p2a: Great Tusk
|-damage|p2a: Great Tusk|72/100
|-damage|p1a: Lokix|84/100|[from] item: Rocky Helmet|[of] p2a: Great Tusk
|
|-weather|Snowscape|[upkeep]
|upkeep
|turn|7
|inactive|moominmoooo has 120 seconds left.
|inactive|moominmoooo has 90 seconds left.
|inactive|moominmoooo has 60 seconds left.
|inactive|moominmoooo has 30 seconds left.
|inactive|moominmoooo has 20 seconds left.
|inactive|moominmoooo has 15 seconds left.
|inactive|moominmoooo has 10 seconds left.
|inactive|moominmoooo has 5 seconds left.
|-message|moominmoooo lost due to inactivity.
|
|win|MegaHitmonleeWhen
|raw|moominmoooo's rating: 1386 &rarr; <strong>1367</strong><br />(-19 for losing)
|raw|MegaHitmonleeWhen's rating: 1405 &rarr; <strong>1424</strong><br />(+19 for winning)
|l|‽moominmoooo
|player|p1|
|l|☆MegaHitmonleeWhen
|player|p2|
