|j|☆Patback279
|j|☆Jynzeo
|t:|1760401829
|gametype|singles
|player|p1|Patback279|2|1301
|player|p2|Jynzeo|flannery|1255
|gen|9
|tier|[Gen 9] OU
|rated|
|rule|HP Percentage Mod: HP is shown in percentages
|rule|Endless Battle Clause: Forcing endless battles is banned
|rule|Species Clause: Limit one of each Pokémon
|rule|OHKO Clause: OHKO moves are banned
|rule|Evasion Items Clause: Evasion items are banned
|rule|Evasion Moves Clause: Evasion moves are banned
|rule|Evasion Abilities Clause: Evasion abilities are banned
|rule|Sleep Moves Clause: Sleep-inducing moves are banned
|clearpoke
|poke|p1|Clawitzer, M|
|poke|p1|Goodra-Hisui, M|
|poke|p1|Venomoth, F|
|poke|p1|Landorus-Therian, M|
|poke|p1|Fezandipiti, M|
|poke|p1|Raikou|
|poke|p2|Moltres-Galar|
|poke|p2|Gholdengo|
|poke|p2|Sandaconda, M|
|poke|p2|Volcanion|
|poke|p2|Fezandipiti, M|
|poke|p2|Deoxys-Speed|
|teampreview
|
|t:|1760401835
|teamsize|p1|6
|teamsize|p2|6
|start
|switch|p1a: Landorus|Landorus-Therian, M|100/100
|switch|p2a: Deoxys|Deoxys-Speed, shiny|100/100
|-ability|p2a: Deoxys|Pressure
|-ability|p1a: Landorus|Intimidate|boost
|-unboost|p2a: Deoxys|atk|1
|turn|1
|inactive|Battle timer is ON: inactive players will automatically lose when time's up. (requested by Jynzeo)
|
|t:|1760401839
|move|p2a: Deoxys|Ice Beam|p1a: Landorus
|-supereffective|p1a: Landorus
|-damage|p1a: Landorus|13/100
|move|p1a: Landorus|U-turn|p2a: Deoxys
|-supereffective|p2a: Deoxys
|-damage|p2a: Deoxys|32/100
|
|t:|1760401849
|switch|p1a: Goodra|Goodra-Hisui, M|100/100|[from] U-turn
|
|upkeep
|turn|2
|
|t:|1760401853
|move|p2a: Deoxys|Superpower|p1a: Goodra
|-supereffective|p1a: Goodra
|-damage|p1a: Goodra|58/100
|-unboost|p2a: Deoxys|atk|1
|-unboost|p2a: Deoxys|def|1
|move|p1a: Goodra|Knock Off|p2a: Deoxys
|-supereffective|p2a: Deoxys
|-damage|p2a: Deoxys|0 fnt
|-enditem|p2a: Deoxys|Focus Sash|[from] move: Knock Off|[of] p1a: Goodra
|faint|p2a: Deoxys
|
|-heal|p1a: Goodra|64/100|[from] item: Leftovers
|upkeep
|
|t:|1760401864
|switch|p2a: Sandaconda|Sandaconda, M, shiny|100/100
|turn|3
|
|t:|1760401870
|switch|p1a: Landorus|Landorus-Therian, M|13/100
|-ability|p1a: Landorus|Intimidate|boost
|-unboost|p2a: Sandaconda|atk|1
|move|p2a: Sandaconda|Glare|p1a: Landorus
|-status|p1a: Landorus|par
|
|upkeep
|turn|4
|
|t:|1760401876
|move|p2a: Sandaconda|Stone Edge|p1a: Landorus
|-damage|p1a: Landorus|0 fnt
|faint|p1a: Landorus
|
|upkeep
|
|t:|1760401879
|switch|p1a: Clawitzer|Clawitzer, M|100/100
|turn|5
|
|t:|1760401895
|switch|p2a: Fezandipiti|Fezandipiti, M|100/100
|move|p1a: Clawitzer|Dragon Pulse|p2a: Fezandipiti
|-immune|p2a: Fezandipiti
|
|upkeep
|turn|6
|
|t:|1760401900
|switch|p1a: Goodra|Goodra-Hisui, M|64/100
|move|p2a: Fezandipiti|U-turn|p1a: Goodra
|-resisted|p1a: Goodra
|-damage|p1a: Goodra|58/100
|
|t:|1760401902
|switch|p2a: Sandaconda|Sandaconda, M, shiny|100/100|[from] U-turn
|
|-heal|p1a: Goodra|64/100|[from] item: Leftovers
|upkeep
|turn|7
|
|t:|1760401905
|move|p2a: Sandaconda|Earthquake|p1a: Goodra
|-supereffective|p1a: Goodra
|-damage|p1a: Goodra|0 fnt
|faint|p1a: Goodra
|
|upkeep
|
|t:|1760401916
|switch|p1a: Raikou|Raikou|100/100
|turn|8
|
|t:|1760401920
|-terastallize|p1a: Raikou|Water
|-terastallize|p2a: Sandaconda|Bug
|move|p1a: Raikou|Scald|p2a: Sandaconda
|-damage|p2a: Sandaconda|54/100
|-weather|Sandstorm|[from] ability: Sand Spit|[of] p2a: Sandaconda
|move|p2a: Sandaconda|Earthquake|p1a: Raikou
|-damage|p1a: Raikou|53/100
|
|-weather|Sandstorm|[upkeep]
|-damage|p1a: Raikou|47/100|[from] Sandstorm
|-damage|p2a: Sandaconda|48/100|[from] Sandstorm
|-heal|p2a: Sandaconda|54/100|[from] item: Leftovers
|upkeep
|turn|9
|
|t:|1760401930
|move|p1a: Raikou|Scald|p2a: Sandaconda
|-damage|p2a: Sandaconda|0 fnt
|faint|p2a: Sandaconda
|
|-weather|Sandstorm|[upkeep]
|-damage|p1a: Raikou|41/100|[from] Sandstorm
|upkeep
|
|t:|1760401936
|switch|p2a: Fezandipiti|Fezandipiti, M|100/100
|turn|10
|
|t:|1760401938
|move|p1a: Raikou|Scald|p2a: Fezandipiti
|-damage|p2a: Fezandipiti|69/100
|move|p2a: Fezandipiti|Moonblast|p1a: Raikou
|-damage|p1a: Raikou|13/100
|-unboost|p1a: Raikou|spa|1
|
|-weather|Sandstorm|[upkeep]
|-damage|p1a: Raikou|7/100|[from] Sandstorm
|-damage|p2a: Fezandipiti|63/100|[from] Sandstorm
|upkeep
|turn|11
|
|t:|1760401944
|move|p1a: Raikou|Scald|p2a: Fezandipiti
|-damage|p2a: Fezandipiti|44/100
|-status|p2a: Fezandipiti|brn
|move|p2a: Fezandipiti|Roost|p2a: Fezandipiti
|-heal|p2a: Fezandipiti|94/100 brn
|-singleturn|p2a: Fezandipiti|move: Roost
|
|-weather|Sandstorm|[upkeep]
|-damage|p1a: Raikou|0 fnt|[from] Sandstorm
|-damage|p2a: Fezandipiti|88/100 brn|[from] Sandstorm
|faint|p1a: Raikou
|-damage|p2a: Fezandipiti|82/100 brn|[from] brn
|upkeep
|
|t:|1760401952
|switch|p1a: Venomoth|Venomoth, F|100/100
|turn|12
|
|t:|1760401956
|move|p1a: Venomoth|Quiver Dance|p1a: Venomoth
|-boost|p1a: Venomoth|spa|1
|-boost|p1a: Venomoth|spd|1
|-boost|p1a: Venomoth|spe|1
|move|p2a: Fezandipiti|U-turn|p1a: Venomoth
|-resisted|p1a: Venomoth
|-damage|p1a: Venomoth|95/100
|
|t:|1760401958
|switch|p2a: Volcanion|Volcanion|100/100|[from] U-turn
|
|-weather|none
|upkeep
|turn|13
|
|t:|1760401966
|move|p1a: Venomoth|Sludge Wave|p2a: Volcanion
|-damage|p2a: Volcanion|41/100
|move|p2a: Volcanion|Flamethrower|p1a: Venomoth
|-supereffective|p1a: Venomoth
|-damage|p1a: Venomoth|15/100
|
|upkeep
|turn|14
|
|t:|1760401974
|switch|p2a: Gholdengo|Gholdengo|100/100
|move|p1a: Venomoth|Giga Drain|p2a: Gholdengo
|-resisted|p2a: Gholdengo
|-damage|p2a: Gholdengo|67/100
|-heal|p1a: Venomoth|38/100|[from] drain|[of] p2a: Gholdengo
|
|upkeep
|turn|15
|
|t:|1760401978
|move|p1a: Venomoth|Bug Buzz|p2a: Gholdengo
|-resisted|p2a: Gholdengo
|-damage|p2a: Gholdengo|40/100
|move|p2a: Gholdengo|Thunder Wave|p1a: Venomoth
|-status|p1a: Venomoth|par
|
|upkeep
|turn|16
|
|t:|1760401986
|move|p1a: Venomoth|Bug Buzz|p2a: Gholdengo
|-resisted|p2a: Gholdengo
|-damage|p2a: Gholdengo|9/100
|-unboost|p2a: Gholdengo|spd|1
|move|p2a: Gholdengo|Hex|p1a: Venomoth
|-crit|p1a: Venomoth
|-damage|p1a: Venomoth|0 fnt
|faint|p1a: Venomoth
|
|upkeep
|
|t:|1760402002
|switch|p1a: Fezandipiti|Fezandipiti, M|100/100
|turn|17
|
|t:|1760402007
|move|p1a: Fezandipiti|Play Rough|p2a: Gholdengo
|-resisted|p2a: Gholdengo
|-damage|p2a: Gholdengo|0 fnt
|faint|p2a: Gholdengo
|
|upkeep
|
|t:|1760402015
|switch|p2a: Volcanion|Volcanion|41/100
|turn|18
|
|t:|1760402019
|move|p1a: Fezandipiti|Poison Jab|p2a: Volcanion
|-damage|p2a: Volcanion|22/100
|-status|p2a: Volcanion|psn
|-damage|p1a: Fezandipiti|84/100|[from] item: Rocky Helmet|[of] p2a: Volcanion
|move|p2a: Volcanion|Scald|p1a: Fezandipiti
|-damage|p1a: Fezandipiti|54/100
|
|-damage|p2a: Volcanion|10/100 psn|[from] psn
|upkeep
|turn|19
|
|t:|1760402033
|move|p1a: Fezandipiti|Poison Jab|p2a: Volcanion
|-damage|p2a: Volcanion|0 fnt
|-damage|p1a: Fezandipiti|37/100|[from] item: Rocky Helmet|[of] p2a: Volcanion
|faint|p2a: Volcanion
|
|upkeep
|
|t:|1760402037
|switch|p2a: Fezandipiti|Fezandipiti, M|82/100 brn
|turn|20
|
|t:|1760402040
|move|p1a: Fezandipiti|Tail Slap|p2a: Fezandipiti
|-damage|p2a: Fezandipiti|71/100 brn
|-damage|p2a: Fezandipiti|61/100 brn
|-damage|p2a: Fezandipiti|50/100 brn
|-damage|p2a: Fezandipiti|39/100 brn
|-damage|p2a: Fezandipiti|28/100 brn
|-hitcount|p2a: Fezandipiti|5
|move|p2a: Fezandipiti|Sludge Bomb|p1a: Fezandipiti
|-damage|p1a: Fezandipiti|17/100
|
|-damage|p2a: Fezandipiti|22/100 brn|[from] brn
|upkeep
|turn|21
|
|t:|1760402049
|move|p1a: Fezandipiti|Tail Slap|p2a: Fezandipiti
|-damage|p2a: Fezandipiti|11/100 brn
|-damage|p2a: Fezandipiti|0 fnt
|faint|p2a: Fezandipiti
|-hitcount|p2: Fezandipiti|2
|
|upkeep
|
|t:|1760402051
|switch|p2a: Moltres|Moltres-Galar|100/100
|turn|22
|
|t:|1760402055
|move|p1a: Fezandipiti|Play Rough|p2a: Moltres
|-supereffective|p2a: Moltres
|-damage|p2a: Moltres|30/100
|-ability|p2a: Moltres|Berserk|boost
|-boost|p2a: Moltres|spa|1
|move|p2a: Moltres|Fiery Wrath|p1a: Fezandipiti
|-resisted|p1a: Fezandipiti
|-damage|p1a: Fezandipiti|0 fnt
|faint|p1a: Fezandipiti
|
|upkeep
|
|t:|1760402059
|switch|p1a: Clawitzer|Clawitzer, M|100/100
|turn|23
|
|t:|1760402061
|move|p1a: Clawitzer|Water Pulse|p2a: Moltres
|-damage|p2a: Moltres|6/100
|move|p2a: Moltres|Rest|p2a: Moltres
|-status|p2a: Moltres|slp|[from] move: Rest
|-heal|p2a: Moltres|100/100 slp|[silent]
|-enditem|p2a: Moltres|Chesto Berry|[eat]
|-curestatus|p2a: Moltres|slp|[msg]
|
|upkeep
|turn|24
|
|t:|1760402065
|move|p1a: Clawitzer|Water Pulse|p2a: Moltres
|-damage|p2a: Moltres|76/100
|move|p2a: Moltres|Fiery Wrath|p1a: Clawitzer
|-damage|p1a: Clawitzer|39/100
|
|upkeep
|turn|25
|
|t:|1760402069
|move|p1a: Clawitzer|Water Pulse|p2a: Moltres
|-damage|p2a: Moltres|53/100
|move|p2a: Moltres|Fiery Wrath|p1a: Clawitzer
|-crit|p1a: Clawitzer
|-damage|p1a: Clawitzer|0 fnt
|faint|p1a: Clawitzer
|
|win|Jynzeo
|raw|Patback279's rating: 1301 &rarr; <strong>1278</strong><br />(-23 for losing)
|raw|Jynzeo's rating: 1255 &rarr; <strong>1283</strong><br />(+28 for winning)
|l|☆Jynzeo
|player|p2|
|l|☆Patback279
|player|p1|
