|j|☆MintyCrk
|j|☆fuiosd
|t:|1760431176
|gametype|singles
|player|p1|MintyCrk|caitlin|1130
|player|p2|fuiosd|cynthia-gen4|1149
|gen|9
|tier|[Gen 9] OU
|rated|
|rule|HP Percentage Mod: HP is shown in percentages
|rule|Endless Battle Clause: Forcing endless battles is banned
|rule|Species Clause: Limit one of each Pokémon
|rule|OHKO Clause: OHKO moves are banned
|rule|Evasion Items Clause: Evasion items are banned
|rule|Evasion Moves Clause: Evasion moves are banned
|rule|Evasion Abilities Clause: Evasion abilities are banned
|rule|Sleep Moves Clause: Sleep-inducing moves are banned
|clearpoke
|poke|p1|Gholdengo|
|poke|p1|Serperior, F|
|poke|p1|Gardevoir, F|
|poke|p1|Froslass, F|
|poke|p1|Chansey, F|
|poke|p1|Gliscor, M|
|poke|p2|Pelipper, F|
|poke|p2|Basculegion-F, F|
|poke|p2|Barraskewda, M|
|poke|p2|Meowscarada, F|
|poke|p2|Heatran, M|
|poke|p2|Corviknight, M|
|teampreview
|
|t:|1760431187
|teamsize|p1|6
|teamsize|p2|6
|start
|switch|p1a: Gardevoir|Gardevoir, F|100/100
|switch|p2a: Pelipper|Pelipper, F|100/100
|-ability|p1a: Gardevoir|Drizzle|Trace|[from] ability: Trace|[of] p2a: Pelipper
|-weather|RainDance|[from] ability: Drizzle|[of] p1a: Gardevoir
|turn|1
|
|t:|1760431215
|switch|p2a: Heatran|Heatran, M|100/100
|move|p1a: Gardevoir|Moonblast|p2a: Heatran
|-resisted|p2a: Heatran
|-damage|p2a: Heatran|89/100
|
|-weather|RainDance|[upkeep]
|-heal|p2a: Heatran|95/100|[from] item: Leftovers
|upkeep
|turn|2
|
|t:|1760431231
|switch|p1a: Gholdengo|Gholdengo|100/100
|switch|p2a: Basculegion|Basculegion-F, F|100/100
|
|-weather|RainDance|[upkeep]
|upkeep
|turn|3
|
|t:|1760431240
|move|p2a: Basculegion|Shadow Ball|p1a: Gholdengo
|-supereffective|p1a: Gholdengo
|-damage|p1a: Gholdengo|0 fnt
|faint|p1a: Gholdengo
|
|-weather|RainDance|[upkeep]
|upkeep
|
|t:|1760431246
|switch|p1a: Chansey|Chansey, F|100/100
|turn|4
|
|t:|1760431269
|switch|p2a: Corviknight|Corviknight, M|100/100
|-ability|p2a: Corviknight|Pressure
|move|p1a: Chansey|Stealth Rock|p2a: Corviknight
|-sidestart|p2: fuiosd|move: Stealth Rock
|
|-weather|RainDance|[upkeep]
|upkeep
|turn|5
|
|t:|1760431278
|move|p2a: Corviknight|Defog|p1a: Chansey
|-unboost|p1a: Chansey|evasion|1
|-sideend|p2: fuiosd|Stealth Rock|[from] move: Defog|[of] p2a: Corviknight
|move|p1a: Chansey|Thunder Wave|p2a: Corviknight
|-status|p2a: Corviknight|par
|
|-weather|none
|upkeep
|turn|6
|
|t:|1760431293
|move|p1a: Chansey|Stealth Rock|p2a: Corviknight
|-sidestart|p2: fuiosd|move: Stealth Rock
|move|p2a: Corviknight|U-turn|p1a: Chansey
|-damage|p1a: Chansey|87/100
|
|t:|1760431302
|switch|p2a: Barraskewda|Barraskewda, M|100/100|[from] U-turn
|-damage|p2a: Barraskewda|88/100|[from] Stealth Rock
|
|upkeep
|turn|7
|
|t:|1760431317
|switch|p1a: Serperior|Serperior, F|100/100
|move|p2a: Barraskewda|Waterfall|p1a: Serperior
|-resisted|p1a: Serperior
|-damage|p1a: Serperior|65/100
|-damage|p2a: Barraskewda|78/100|[from] item: Life Orb
|
|upkeep
|turn|8
|
|t:|1760431326
|move|p1a: Serperior|Leaf Storm|p2a: Barraskewda
|-supereffective|p2a: Barraskewda
|-damage|p2a: Barraskewda|0 fnt
|-boost|p1a: Serperior|spa|2
|faint|p2a: Barraskewda
|
|upkeep
|
|t:|1760431340
|switch|p2a: Pelipper|Pelipper, F|100/100
|-damage|p2a: Pelipper|75/100|[from] Stealth Rock
|-weather|RainDance|[from] ability: Drizzle|[of] p2a: Pelipper
|turn|9
|
|t:|1760431348
|switch|p2a: Heatran|Heatran, M|95/100
|-damage|p2a: Heatran|83/100|[from] Stealth Rock
|move|p1a: Serperior|Leaf Storm|p2a: Heatran
|-resisted|p2a: Heatran
|-damage|p2a: Heatran|67/100
|-boost|p1a: Serperior|spa|2
|
|-weather|RainDance|[upkeep]
|-heal|p2a: Heatran|73/100|[from] item: Leftovers
|upkeep
|turn|10
|
|t:|1760431361
|-terastallize|p1a: Serperior|Dragon
|move|p1a: Serperior|Leaf Storm|p2a: Heatran
|-resisted|p2a: Heatran
|-damage|p2a: Heatran|52/100
|-boost|p1a: Serperior|spa|2
|move|p2a: Heatran|Heat Wave|p1a: Serperior
|-resisted|p1a: Serperior
|-damage|p1a: Serperior|52/100
|
|-weather|RainDance|[upkeep]
|-heal|p2a: Heatran|58/100|[from] item: Leftovers
|upkeep
|turn|11
|
|t:|1760431382
|move|p1a: Serperior|Leaf Storm|p2a: Heatran
|-resisted|p2a: Heatran
|-damage|p2a: Heatran|30/100
|move|p2a: Heatran|Earth Power|p1a: Serperior
|-crit|p1a: Serperior
|-damage|p1a: Serperior|4/100
|
|-weather|RainDance|[upkeep]
|-heal|p2a: Heatran|36/100|[from] item: Leftovers
|upkeep
|turn|12
|
|t:|1760431393
|switch|p1a: Gliscor|Gliscor, M|100/100
|move|p2a: Heatran|Earth Power|p1a: Gliscor
|-immune|p1a: Gliscor
|
|-weather|RainDance|[upkeep]
|-heal|p2a: Heatran|42/100|[from] item: Leftovers
|-status|p1a: Gliscor|tox|[from] item: Toxic Orb
|upkeep
|turn|13
|
|t:|1760431416
|switch|p2a: Corviknight|Corviknight, M|100/100 par
|-damage|p2a: Corviknight|88/100 par|[from] Stealth Rock
|-ability|p2a: Corviknight|Pressure
|move|p1a: Gliscor|Swords Dance|p1a: Gliscor
|-boost|p1a: Gliscor|atk|2
|
|-weather|RainDance|[upkeep]
|upkeep
|turn|14
|
|t:|1760431429
|move|p1a: Gliscor|Stone Edge|p2a: Corviknight
|-crit|p2a: Corviknight
|-damage|p2a: Corviknight|35/100 par
|move|p2a: Corviknight|U-turn|p1a: Gliscor
|-resisted|p1a: Gliscor
|-damage|p1a: Gliscor|94/100 tox
|
|t:|1760431438
|switch|p2a: Basculegion|Basculegion-F, F|100/100|[from] U-turn
|-damage|p2a: Basculegion|88/100|[from] Stealth Rock
|
|-weather|RainDance|[upkeep]
|-heal|p1a: Gliscor|100/100 tox|[from] ability: Poison Heal
|upkeep
|turn|15
|
|t:|1760431448
|move|p2a: Basculegion|Surf|p1a: Gliscor
|-supereffective|p1a: Gliscor
|-damage|p1a: Gliscor|0 fnt
|faint|p1a: Gliscor
|
|-weather|RainDance|[upkeep]
|upkeep
|
|t:|1760431453
|switch|p1a: Serperior|Serperior, F, tera:Dragon|4/100
|turn|16
|
|t:|1760431457
|move|p2a: Basculegion|Surf|p1a: Serperior
|-resisted|p1a: Serperior
|-crit|p1a: Serperior
|-damage|p1a: Serperior|0 fnt
|faint|p1a: Serperior
|
|-weather|none
|upkeep
|
|t:|1760431465
|switch|p1a: Froslass|Froslass, F|100/100
|turn|17
|
|t:|1760431485
|switch|p2a: Corviknight|Corviknight, M|35/100 par
|-damage|p2a: Corviknight|23/100 par|[from] Stealth Rock
|-ability|p2a: Corviknight|Pressure
|move|p1a: Froslass|Switcheroo|p2a: Corviknight
|-activate|p1a: Froslass|move: Trick|[of] p2a: Corviknight
|-item|p2a: Corviknight|Choice Band|[from] move: Switcheroo
|-item|p1a: Froslass|Rocky Helmet|[from] move: Switcheroo
|
|upkeep
|turn|18
|
|t:|1760431507
|move|p1a: Froslass|Triple Axel|p2a: Corviknight
|-damage|p2a: Corviknight|17/100 par
|-hitcount|p2a: Corviknight|1
|cant|p2a: Corviknight|par
|
|upkeep
|turn|19
|
|t:|1760431515
|move|p1a: Froslass|Triple Axel|p2a: Corviknight
|-damage|p2a: Corviknight|11/100 par
|-damage|p2a: Corviknight|2/100 par
|-damage|p2a: Corviknight|0 fnt
|faint|p2a: Corviknight
|-hitcount|p2: Corviknight|3
|
|upkeep
|
|t:|1760431523
|switch|p2a: Meowscarada|Meowscarada, F|100/100
|-damage|p2a: Meowscarada|88/100|[from] Stealth Rock
|turn|20
|
|t:|1760431528
|move|p2a: Meowscarada|Knock Off|p1a: Froslass
|-start|p2a: Meowscarada|typechange|Dark|[from] ability: Protean
|-supereffective|p1a: Froslass
|-damage|p1a: Froslass|0 fnt
|-damage|p2a: Meowscarada|72/100|[from] item: Rocky Helmet|[of] p1a: Froslass
|-start|p2a: Meowscarada|Disable|Knock Off|[from] ability: Cursed Body|[of] p1a: Froslass
|-enditem|p1a: Froslass|Rocky Helmet|[from] move: Knock Off|[of] p2a: Meowscarada
|faint|p1a: Froslass
|
|upkeep
|
|t:|1760431533
|switch|p1a: Gardevoir|Gardevoir, F|100/100
|-ability|p1a: Gardevoir|Protean|Trace|[from] ability: Trace|[of] p2a: Meowscarada
|turn|21
|
|t:|1760431547
|switch|p2a: Pelipper|Pelipper, F|75/100
|-damage|p2a: Pelipper|50/100|[from] Stealth Rock
|-weather|RainDance|[from] ability: Drizzle|[of] p2a: Pelipper
|move|p1a: Gardevoir|Moonblast|p2a: Pelipper
|-start|p1a: Gardevoir|typechange|Fairy|[from] ability: Protean
|-damage|p2a: Pelipper|0 fnt
|faint|p2a: Pelipper
|
|-weather|RainDance|[upkeep]
|upkeep
|
|t:|1760431562
|switch|p2a: Basculegion|Basculegion-F, F|88/100
|-damage|p2a: Basculegion|76/100|[from] Stealth Rock
|turn|22
|
|t:|1760431574
|switch|p1a: Chansey|Chansey, F|87/100
|move|p2a: Basculegion|Surf|p1a: Chansey
|-damage|p1a: Chansey|62/100
|
|-weather|RainDance|[upkeep]
|upkeep
|turn|23
|inactive|Battle timer is ON: inactive players will automatically lose when time's up. (requested by MintyCrk)
|
|t:|1760431637
|move|p2a: Basculegion|Surf|p1a: Chansey
|-damage|p1a: Chansey|39/100
|move|p1a: Chansey|Soft-Boiled|p1a: Chansey
|-heal|p1a: Chansey|89/100
|
|-weather|RainDance|[upkeep]
|upkeep
|turn|24
|
|t:|1760431662
|move|p2a: Basculegion|Surf|p1a: Chansey
|-damage|p1a: Chansey|65/100
|move|p1a: Chansey|Thunder Wave|p2a: Basculegion|[miss]
|-miss|p1a: Chansey|p2a: Basculegion
|
|-weather|RainDance|[upkeep]
|upkeep
|turn|25
|
|t:|1760431670
|move|p2a: Basculegion|Surf|p1a: Chansey
|-damage|p1a: Chansey|41/100
|move|p1a: Chansey|Thunder Wave|p2a: Basculegion
|-status|p2a: Basculegion|par
|
|-weather|RainDance|[upkeep]
|upkeep
|turn|26
|
|t:|1760431679
|cant|p2a: Basculegion|par
|move|p1a: Chansey|Soft-Boiled|p1a: Chansey
|-heal|p1a: Chansey|91/100
|
|-weather|RainDance|[upkeep]
|upkeep
|turn|27
|
|t:|1760431686
|move|p2a: Basculegion|Surf|p1a: Chansey
|-damage|p1a: Chansey|67/100
|move|p1a: Chansey|Stealth Rock||[still]
|-fail|p1a: Chansey
|
|-weather|RainDance|[upkeep]
|upkeep
|turn|28
|
|t:|1760431693
|move|p2a: Basculegion|Surf|p1a: Chansey
|-damage|p1a: Chansey|42/100
|move|p1a: Chansey|Stealth Rock||[still]
|-fail|p1a: Chansey
|
|-weather|none
|upkeep
|turn|29
|
|t:|1760431700
|move|p2a: Basculegion|Surf|p1a: Chansey
|-damage|p1a: Chansey|26/100
|move|p1a: Chansey|Soft-Boiled|p1a: Chansey
|-heal|p1a: Chansey|76/100
|
|upkeep
|turn|30
|
|t:|1760431710
|move|p2a: Basculegion|Surf|p1a: Chansey
|-damage|p1a: Chansey|62/100
|move|p1a: Chansey|Thunder Wave|p2a: Basculegion
|-fail|p2a: Basculegion|par
|
|upkeep
|turn|31
|
|t:|1760431717
|move|p2a: Basculegion|Surf|p1a: Chansey
|-damage|p1a: Chansey|45/100
|move|p1a: Chansey|Stealth Rock||[still]
|-fail|p1a: Chansey
|
|upkeep
|turn|32
|
|t:|1760431724
|move|p2a: Basculegion|Surf|p1a: Chansey
|-damage|p1a: Chansey|30/100
|move|p1a: Chansey|Soft-Boiled|p1a: Chansey
|-heal|p1a: Chansey|80/100
|
|upkeep
|turn|33
|
|t:|1760431731
|switch|p1a: Gardevoir|Gardevoir, F|100/100
|-ability|p1a: Gardevoir|Swift Swim|Trace|[from] ability: Trace|[of] p2a: Basculegion
|move|p2a: Basculegion|Surf|p1a: Gardevoir
|-damage|p1a: Gardevoir|37/100
|
|upkeep
|turn|34
|
|t:|1760431746
|move|p1a: Gardevoir|Moonblast|p2a: Basculegion
|-damage|p2a: Basculegion|0 fnt
|faint|p2a: Basculegion
|
|upkeep
|
|t:|1760431761
|switch|p2a: Heatran|Heatran, M|42/100
|-damage|p2a: Heatran|30/100|[from] Stealth Rock
|turn|35
|
|t:|1760431769
|switch|p1a: Chansey|Chansey, F|80/100
|move|p2a: Heatran|Dark Pulse|p1a: Chansey
|-damage|p1a: Chansey|74/100
|
|-heal|p2a: Heatran|36/100|[from] item: Leftovers
|upkeep
|turn|36
|inactive|fuiosd has 120 seconds left.
|l|☆fuiosd
|inactive|fuiosd disconnected and has a minute to reconnect!
|player|p2|
|j|☆fuiosd
|inactive|fuiosd reconnected and has 95 seconds left.
|player|p2|fuiosd|cynthia-gen4|
|inactive|fuiosd has 90 seconds left.
|
|t:|1760431824
|move|p2a: Heatran|Heat Wave|p1a: Chansey
|-damage|p1a: Chansey|63/100
|move|p1a: Chansey|Thunder Wave|p2a: Heatran
|-status|p2a: Heatran|par
|
|-heal|p2a: Heatran|42/100 par|[from] item: Leftovers
|upkeep
|turn|37
|
|t:|1760431834
|move|p1a: Chansey|Soft-Boiled|p1a: Chansey
|-heal|p1a: Chansey|100/100
|move|p2a: Heatran|Dark Pulse|p1a: Chansey
|-damage|p1a: Chansey|95/100
|
|-heal|p2a: Heatran|48/100 par|[from] item: Leftovers
|upkeep
|turn|38
|
|t:|1760431846
|-terastallize|p2a: Heatran|Fire
|move|p1a: Chansey|Seismic Toss|p2a: Heatran
|-damage|p2a: Heatran|23/100 par
|move|p2a: Heatran|Dark Pulse|p1a: Chansey
|-damage|p1a: Chansey|88/100
|
|-heal|p2a: Heatran|29/100 par|[from] item: Leftovers
|upkeep
|turn|39
|
|t:|1760431858
|move|p1a: Chansey|Seismic Toss|p2a: Heatran
|-damage|p2a: Heatran|3/100 par
|cant|p2a: Heatran|par
|
|-heal|p2a: Heatran|9/100 par|[from] item: Leftovers
|upkeep
|turn|40
|
|t:|1760431867
|move|p1a: Chansey|Seismic Toss|p2a: Heatran
|-damage|p2a: Heatran|0 fnt
|faint|p2a: Heatran
|
|upkeep
|
|t:|1760431872
|switch|p2a: Meowscarada|Meowscarada, F|72/100
|-damage|p2a: Meowscarada|59/100|[from] Stealth Rock
|turn|41
|
|t:|1760431883
|move|p2a: Meowscarada|Knock Off|p1a: Chansey
|-start|p2a: Meowscarada|typechange|Dark|[from] ability: Protean
|-damage|p1a: Chansey|27/100
|-enditem|p1a: Chansey|Eviolite|[from] move: Knock Off|[of] p2a: Meowscarada
|move|p1a: Chansey|Thunder Wave|p2a: Meowscarada
|-status|p2a: Meowscarada|par
|
|upkeep
|turn|42
|
|t:|1760431893
|cant|p2a: Meowscarada|par
|move|p1a: Chansey|Soft-Boiled|p1a: Chansey
|-heal|p1a: Chansey|77/100
|
|upkeep
|turn|43
|inactive|fuiosd has 90 seconds left.
|
|t:|1760431938
|move|p2a: Meowscarada|Knock Off|p1a: Chansey
|-damage|p1a: Chansey|11/100
|move|p1a: Chansey|Seismic Toss|p2a: Meowscarada
|-damage|p2a: Meowscarada|25/100 par
|
|upkeep
|turn|44
|
|t:|1760431945
|move|p2a: Meowscarada|Knock Off|p1a: Chansey
|-damage|p1a: Chansey|0 fnt
|faint|p1a: Chansey
|
|upkeep
|
|t:|1760431949
|switch|p1a: Gardevoir|Gardevoir, F|37/100
|-ability|p1a: Gardevoir|Protean|Trace|[from] ability: Trace|[of] p2a: Meowscarada
|turn|45
|inactive|fuiosd has 90 seconds left.
|
|t:|1760431954
|move|p1a: Gardevoir|Vacuum Wave|p2a: Meowscarada
|-start|p1a: Gardevoir|typechange|Fighting|[from] ability: Protean
|-supereffective|p2a: Meowscarada
|-damage|p2a: Meowscarada|0 fnt
|faint|p2a: Meowscarada
|
|win|MintyCrk
|raw|MintyCrk's rating: 1130 &rarr; <strong>1156</strong><br />(+26 for winning)
|raw|fuiosd's rating: 1149 &rarr; <strong>1123</strong><br />(-26 for losing)
|l|☆MintyCrk
|player|p1|
|l|☆fuiosd
|player|p2|
