|j|☆Kingambitofthehill
|j|☆userjexx
|t:|1760376127
|gametype|singles
|player|p1|Kingambitofthehill|gambler|1717
|player|p2|userjexx|lusamine-nihilego|1628
|gen|9
|tier|[Gen 9] OU
|rated|
|rule|HP Percentage Mod: HP is shown in percentages
|rule|Endless Battle Clause: Forcing endless battles is banned
|rule|Species Clause: Limit one of each Pokémon
|rule|OHKO Clause: OHKO moves are banned
|rule|Evasion Items Clause: Evasion items are banned
|rule|Evasion Moves Clause: Evasion moves are banned
|rule|Evasion Abilities Clause: Evasion abilities are banned
|rule|Sleep Moves Clause: Sleep-inducing moves are banned
|clearpoke
|poke|p1|Ting-Lu|
|poke|p1|Pecharunt|
|poke|p1|Zamazenta-*|
|poke|p1|Ogerpon-Wellspring, F|
|poke|p1|Zapdos|
|poke|p1|Cinderace, M|
|poke|p2|Hatterene, F|
|poke|p2|Goodra-Hisui, M|
|poke|p2|Garchomp, F|
|poke|p2|Corviknight, M|
|poke|p2|Ditto|
|poke|p2|Ceruledge, F|
|teampreview
|inactive|Battle timer is ON: inactive players will automatically lose when time's up. (requested by Kingambitofthehill)
|
|t:|1760376147
|teamsize|p1|6
|teamsize|p2|6
|start
|switch|p1a: Ting-Lu|Ting-Lu|100/100
|switch|p2a: Curse of Binding|Ditto|100/100
|-transform|p2a: Curse of Binding|p1a: Ting-Lu|[from] ability: Imposter
|-ability|p2a: Curse of Binding|Vessel of Ruin
|-ability|p1a: Ting-Lu|Vessel of Ruin
|turn|1
|
|t:|1760376153
|switch|p2a: Looting II|Hatterene, F, shiny|100/100
|move|p1a: Ting-Lu|Ruination|p2a: Looting II
|-damage|p2a: Looting II|50/100
|
|upkeep
|turn|2
|j| RestinhoFischer
|
|t:|1760376156
|switch|p1a: Zapdos|Zapdos|100/100
|move|p2a: Looting II|Draining Kiss|p1a: Zapdos
|-damage|p1a: Zapdos|71/100
|-heal|p2a: Looting II|86/100|[from] drain|[of] p1a: Zapdos
|-status|p2a: Looting II|par|[from] ability: Static|[of] p1a: Zapdos
|
|upkeep
|turn|3
|
|t:|1760376159
|move|p1a: Zapdos|Volt Switch|p2a: Looting II
|-damage|p2a: Looting II|57/100 par
|
|t:|1760376163
|switch|p1a: Ting-Lu|Ting-Lu|100/100|[from] Volt Switch
|-ability|p1a: Ting-Lu|Vessel of Ruin
|move|p2a: Looting II|Draining Kiss|p1a: Ting-Lu
|-supereffective|p1a: Ting-Lu
|-damage|p1a: Ting-Lu|74/100
|-heal|p2a: Looting II|99/100 par|[from] drain|[of] p1a: Ting-Lu
|
|-heal|p1a: Ting-Lu|80/100|[from] item: Leftovers
|upkeep
|turn|4
|
|t:|1760376169
|move|p1a: Ting-Lu|Ruination|p2a: Looting II
|-damage|p2a: Looting II|50/100 par
|move|p2a: Looting II|Draining Kiss|p1a: Ting-Lu
|-supereffective|p1a: Ting-Lu
|-damage|p1a: Ting-Lu|57/100
|-heal|p2a: Looting II|87/100 par|[from] drain|[of] p1a: Ting-Lu
|
|-heal|p1a: Ting-Lu|63/100|[from] item: Leftovers
|upkeep
|turn|5
|
|t:|1760376177
|switch|p1a: Pecharunt|Pecharunt|100/100
|move|p2a: Looting II|Draining Kiss|p1a: Pecharunt
|-resisted|p1a: Pecharunt
|-damage|p1a: Pecharunt|87/100
|-heal|p2a: Looting II|100/100 par|[from] drain|[of] p1a: Pecharunt
|
|upkeep
|turn|6
|
|t:|1760376181
|switch|p2a: Protection IV|Goodra-Hisui, M|100/100
|move|p1a: Pecharunt|Malignant Chain|p2a: Protection IV
|-immune|p2a: Protection IV
|
|upkeep
|turn|7
|
|t:|1760376185
|switch|p2a: Looting II|Hatterene, F, shiny|100/100 par
|move|p1a: Pecharunt|Parting Shot|p2a: Looting II
|move|p2a: Looting II|Parting Shot|p1a: Pecharunt|[from] ability: Magic Bounce
|-unboost|p1a: Pecharunt|atk|1
|-unboost|p1a: Pecharunt|spa|1
|
|t:|1760376191
|switch|p2a: Sharpness V|Ceruledge, F|100/100|[from] Parting Shot
|
|upkeep
|turn|8
|
|t:|1760376196
|-terastallize|p1a: Pecharunt|Dark
|move|p2a: Sharpness V|Poltergeist|p1a: Pecharunt
|-activate|p1a: Pecharunt|move: Poltergeist|Heavy-Duty Boots
|-resisted|p1a: Pecharunt
|-damage|p1a: Pecharunt|75/100
|move|p1a: Pecharunt|Foul Play|p2a: Sharpness V
|-supereffective|p2a: Sharpness V
|-damage|p2a: Sharpness V|0 fnt
|faint|p2a: Sharpness V
|
|upkeep
|
|t:|1760376203
|switch|p2a: Thorns I|Garchomp, F|100/100
|turn|9
|
|t:|1760376207
|move|p2a: Thorns I|Scale Shot|p1a: Pecharunt
|-damage|p1a: Pecharunt|67/100
|-damage|p1a: Pecharunt|59/100
|-damage|p1a: Pecharunt|50/100
|-damage|p1a: Pecharunt|43/100
|-damage|p1a: Pecharunt|34/100
|-hitcount|p1a: Pecharunt|5
|-unboost|p2a: Thorns I|def|1
|-boost|p2a: Thorns I|spe|1
|-damage|p2a: Thorns I|91/100|[from] item: Life Orb
|move|p1a: Pecharunt|Parting Shot|p2a: Thorns I
|-unboost|p2a: Thorns I|atk|1
|-unboost|p2a: Thorns I|spa|1
|
|t:|1760376210
|switch|p1a: Zamazenta|Zamazenta|100/100|[from] Parting Shot
|-ability|p1a: Zamazenta|Dauntless Shield|boost
|-boost|p1a: Zamazenta|def|1
|
|upkeep
|turn|10
|
|t:|1760376218
|switch|p2a: Curse of Binding|Ditto|100/100
|-transform|p2a: Curse of Binding|p1a: Zamazenta|[from] ability: Imposter
|-ability|p2a: Curse of Binding|Dauntless Shield|boost
|-boost|p2a: Curse of Binding|def|1
|move|p1a: Zamazenta|Body Press|p2a: Curse of Binding
|-damage|p2a: Curse of Binding|77/100
|
|upkeep
|turn|11
|
|t:|1760376222
|switch|p2a: Looting II|Hatterene, F, shiny|100/100 par
|switch|p1a: Zapdos|Zapdos|71/100
|
|upkeep
|turn|12
|
|t:|1760376226
|switch|p2a: Thorns I|Garchomp, F|91/100
|move|p1a: Zapdos|Volt Switch|p2a: Thorns I
|-immune|p2a: Thorns I
|
|upkeep
|turn|13
|
|t:|1760376233
|switch|p1a: Zamazenta|Zamazenta|100/100
|move|p2a: Thorns I|Rock Slide|p1a: Zamazenta
|-resisted|p1a: Zamazenta
|-damage|p1a: Zamazenta|88/100
|-damage|p2a: Thorns I|81/100|[from] item: Life Orb
|
|-heal|p1a: Zamazenta|94/100|[from] item: Leftovers
|upkeep
|turn|14
|
|t:|1760376237
|switch|p2a: Looting II|Hatterene, F, shiny|100/100 par
|move|p1a: Zamazenta|Substitute|p1a: Zamazenta
|-start|p1a: Zamazenta|Substitute
|-damage|p1a: Zamazenta|69/100
|
|-heal|p1a: Zamazenta|75/100|[from] item: Leftovers
|upkeep
|turn|15
|
|t:|1760376241
|move|p1a: Zamazenta|Crunch|p2a: Looting II
|-damage|p2a: Looting II|76/100 par
|move|p2a: Looting II|Draining Kiss|p1a: Zamazenta
|-supereffective|p1a: Zamazenta
|-end|p1a: Zamazenta|Substitute
|-heal|p2a: Looting II|100/100 par|[from] drain|[of] p1a: Zamazenta
|
|-heal|p1a: Zamazenta|81/100|[from] item: Leftovers
|upkeep
|turn|16
|
|t:|1760376249
|switch|p1a: Zapdos|Zapdos|71/100
|move|p2a: Looting II|Psyshock|p1a: Zapdos
|-damage|p1a: Zapdos|27/100
|
|upkeep
|turn|17
|
|t:|1760376253
|move|p1a: Zapdos|Roost|p1a: Zapdos
|-heal|p1a: Zapdos|77/100
|-singleturn|p1a: Zapdos|move: Roost
|cant|p2a: Looting II|par
|
|upkeep
|turn|18
|j| hacksareus10
|
|t:|1760376258
|switch|p2a: Thorns I|Garchomp, F|81/100
|move|p1a: Zapdos|Hurricane|p2a: Thorns I
|-damage|p2a: Thorns I|31/100
|
|upkeep
|turn|19
|
|t:|1760376261
|move|p2a: Thorns I|Rock Slide|p1a: Zapdos
|-supereffective|p1a: Zapdos
|-damage|p1a: Zapdos|12/100
|-damage|p2a: Thorns I|22/100|[from] item: Life Orb
|cant|p1a: Zapdos|flinch
|
|upkeep
|turn|20
|
|t:|1760376265
|switch|p1a: Zamazenta|Zamazenta|81/100
|move|p2a: Thorns I|Scale Shot|p1a: Zamazenta
|-damage|p1a: Zamazenta|69/100
|-damage|p1a: Zamazenta|57/100
|-damage|p1a: Zamazenta|43/100
|-hitcount|p1a: Zamazenta|3
|-unboost|p2a: Thorns I|def|1
|-boost|p2a: Thorns I|spe|1
|-damage|p2a: Thorns I|12/100|[from] item: Life Orb
|
|-heal|p1a: Zamazenta|49/100|[from] item: Leftovers
|upkeep
|turn|21
|
|t:|1760376269
|move|p2a: Thorns I|Earthquake|p1a: Zamazenta
|-damage|p1a: Zamazenta|0 fnt
|faint|p1a: Zamazenta
|-damage|p2a: Thorns I|2/100|[from] item: Life Orb
|
|upkeep
|
|t:|1760376274
|switch|p1a: Cinderace|Cinderace, M|100/100
|turn|22
|
|t:|1760376282
|switch|p2a: Curse of Binding|Ditto|77/100
|-transform|p2a: Curse of Binding|p1a: Cinderace|[from] ability: Imposter
|move|p1a: Cinderace|Sucker Punch||[still]
|-fail|p1a: Cinderace
|
|upkeep
|turn|23
|
|t:|1760376292
|switch|p1a: Zapdos|Zapdos|12/100
|move|p2a: Curse of Binding|Pyro Ball|p1a: Zapdos
|-damage|p1a: Zapdos|0 fnt
|faint|p1a: Zapdos
|
|upkeep
|
|t:|1760376296
|switch|p1a: Pecharunt|Pecharunt, tera:Dark|34/100
|turn|24
|
|t:|1760376300
|move|p2a: Curse of Binding|Pyro Ball|p1a: Pecharunt
|-damage|p1a: Pecharunt|6/100
|move|p1a: Pecharunt|Recover|p1a: Pecharunt
|-heal|p1a: Pecharunt|56/100
|
|upkeep
|turn|25
|l| RestinhoFischer
|
|t:|1760376330
|switch|p2a: Protection IV|Goodra-Hisui, M|100/100
|move|p1a: Pecharunt|Recover|p1a: Pecharunt
|-heal|p1a: Pecharunt|100/100
|
|upkeep
|turn|26
|
|t:|1760376335
|move|p1a: Pecharunt|Malignant Chain|p2a: Protection IV
|-immune|p2a: Protection IV
|move|p2a: Protection IV|Draco Meteor|p1a: Pecharunt
|-damage|p1a: Pecharunt|59/100
|-unboost|p2a: Protection IV|spa|2
|
|upkeep
|turn|27
|
|t:|1760376341
|move|p1a: Pecharunt|Parting Shot|p2a: Protection IV
|-unboost|p2a: Protection IV|atk|1
|-unboost|p2a: Protection IV|spa|1
|
|t:|1760376345
|switch|p1a: Cinderace|Cinderace, M|100/100|[from] Parting Shot
|move|p2a: Protection IV|Earthquake|p1a: Cinderace
|-supereffective|p1a: Cinderace
|-damage|p1a: Cinderace|38/100
|
|upkeep
|turn|28
|
|t:|1760376348
|move|p1a: Cinderace|Pyro Ball|p2a: Protection IV
|-damage|p2a: Protection IV|44/100
|-status|p2a: Protection IV|brn
|move|p2a: Protection IV|Earthquake|p1a: Cinderace
|-supereffective|p1a: Cinderace
|-damage|p1a: Cinderace|7/100
|
|-damage|p2a: Protection IV|38/100 brn|[from] brn
|upkeep
|turn|29
|
|t:|1760376353
|switch|p2a: Feather Falling II|Corviknight, M, shiny|100/100
|-ability|p2a: Feather Falling II|Pressure
|move|p1a: Cinderace|Pyro Ball|p2a: Feather Falling II
|-supereffective|p2a: Feather Falling II
|-damage|p2a: Feather Falling II|12/100
|
|upkeep
|turn|30
|
|t:|1760376358
|move|p1a: Cinderace|Pyro Ball|p2a: Feather Falling II
|-supereffective|p2a: Feather Falling II
|-damage|p2a: Feather Falling II|0 fnt
|faint|p2a: Feather Falling II
|
|upkeep
|
|t:|1760376360
|switch|p2a: Curse of Binding|Ditto|77/100
|-transform|p2a: Curse of Binding|p1a: Cinderace|[from] ability: Imposter
|turn|31
|
|t:|1760376372
|move|p1a: Cinderace|Sucker Punch|p2a: Curse of Binding
|-start|p1a: Cinderace|typechange|Dark|[from] ability: Libero
|-damage|p2a: Curse of Binding|25/100
|move|p2a: Curse of Binding|U-turn|p1a: Cinderace
|-start|p2a: Curse of Binding|typechange|Bug|[from] ability: Libero
|-supereffective|p1a: Cinderace
|-damage|p1a: Cinderace|0 fnt
|faint|p1a: Cinderace
|
|t:|1760376381
|switch|p2a: Looting II|Hatterene, F, shiny|100/100 par|[from] U-turn
|
|upkeep
|
|t:|1760376387
|switch|p1a: Ogerpon|Ogerpon-Wellspring, F|100/100
|turn|32
|
|t:|1760376394
|move|p1a: Ogerpon|Ivy Cudgel|p2a: Looting II|[anim] Ivy Cudgel Water
|-damage|p2a: Looting II|25/100 par
|cant|p2a: Looting II|par
|
|upkeep
|turn|33
|
|t:|1760376401
|move|p1a: Ogerpon|Trailblaze|p2a: Looting II
|-damage|p2a: Looting II|0 fnt
|-boost|p1a: Ogerpon|spe|1
|faint|p2a: Looting II
|
|upkeep
|
|t:|1760376404
|switch|p2a: Curse of Binding|Ditto|25/100
|-transform|p2a: Curse of Binding|p1a: Ogerpon|[from] ability: Imposter
|turn|34
|l| hacksareus10
|j| hacksareus10
|
|t:|1760376416
|move|p2a: Curse of Binding|Trailblaze|p1a: Ogerpon
|-damage|p1a: Ogerpon|64/100
|-boost|p2a: Curse of Binding|spe|1
|move|p1a: Ogerpon|Knock Off|p2a: Curse of Binding
|-damage|p2a: Curse of Binding|0 fnt
|-enditem|p2a: Curse of Binding|Choice Scarf|[from] move: Knock Off|[of] p1a: Ogerpon
|faint|p2a: Curse of Binding
|
|upkeep
|
|t:|1760376422
|switch|p2a: Protection IV|Goodra-Hisui, M|38/100 brn
|turn|35
|
|t:|1760376427
|switch|p1a: Ting-Lu|Ting-Lu|63/100
|-ability|p1a: Ting-Lu|Vessel of Ruin
|move|p2a: Protection IV|Draco Meteor|p1a: Ting-Lu
|-damage|p1a: Ting-Lu|46/100
|-unboost|p2a: Protection IV|spa|2
|
|-heal|p1a: Ting-Lu|52/100|[from] item: Leftovers
|-damage|p2a: Protection IV|32/100 brn|[from] brn
|upkeep
|turn|36
|-message|userjexx forfeited.
|
|win|Kingambitofthehill
|raw|Kingambitofthehill's rating: 1717 &rarr; <strong>1732</strong><br />(+15 for winning)
|raw|userjexx's rating: 1628 &rarr; <strong>1613</strong><br />(-15 for losing)
|l|☆userjexx
|player|p2|
|c|☆Kingambitofthehill|Phew
|l| hacksareus10
|c|☆Kingambitofthehill|weird team
|l|☆Kingambitofthehill
|player|p1|
