|j|☆Qbreezy
|j|☆schoolwifisucks22
|t:|1760415242
|gametype|singles
|player|p1|Qbreezy|169|1418
|player|p2|schoolwifisucks22|swimmerf-gen4|1382
|gen|9
|tier|[Gen 9] OU
|rated|
|rule|HP Percentage Mod: HP is shown in percentages
|rule|Endless Battle Clause: Forcing endless battles is banned
|rule|Species Clause: Limit one of each Pokémon
|rule|OHKO Clause: OHKO moves are banned
|rule|Evasion Items Clause: Evasion items are banned
|rule|Evasion Moves Clause: Evasion moves are banned
|rule|Evasion Abilities Clause: Evasion abilities are banned
|rule|Sleep Moves Clause: Sleep-inducing moves are banned
|clearpoke
|poke|p1|Rillaboom, F|
|poke|p1|Hawlucha, F|
|poke|p1|Cinderace, F|
|poke|p1|Hatterene, F|
|poke|p1|Weezing-Galar, F|
|poke|p1|Pecharunt|
|poke|p2|Ninetales-Alola, F|
|poke|p2|Rillaboom, M|
|poke|p2|Iron Moth|
|poke|p2|Hatterene, F|
|poke|p2|Tornadus-Therian, M|
|poke|p2|Kingambit, M|
|teampreview
|inactive|Battle timer is ON: inactive players will automatically lose when time's up. (requested by schoolwifisucks22)
|
|t:|1760415251
|teamsize|p1|6
|teamsize|p2|6
|start
|switch|p1a: Cinderace|Cinderace, F|100/100
|switch|p2a: Iron Moth|Iron Moth|100/100
|-enditem|p2a: Iron Moth|Booster Energy
|-activate|p2a: Iron Moth|ability: Quark Drive|[fromitem]
|-start|p2a: Iron Moth|quarkdrivespa
|turn|1
|
|t:|1760415269
|move|p1a: Cinderace|Pyro Ball|p2a: Iron Moth
|-resisted|p2a: Iron Moth
|-damage|p2a: Iron Moth|54/100
|move|p2a: Iron Moth|Substitute|p2a: Iron Moth
|-start|p2a: Iron Moth|Substitute
|-damage|p2a: Iron Moth|29/100
|
|upkeep
|turn|2
|
|t:|1760415275
|move|p1a: Cinderace|Pyro Ball|p2a: Iron Moth
|-resisted|p2a: Iron Moth
|-end|p2a: Iron Moth|Substitute
|move|p2a: Iron Moth|Sludge Wave|p1a: Cinderace
|-damage|p1a: Cinderace|10/100
|
|upkeep
|turn|3
|
|t:|1760415280
|move|p1a: Cinderace|Pyro Ball|p2a: Iron Moth
|-resisted|p2a: Iron Moth
|-damage|p2a: Iron Moth|0 fnt
|faint|p2a: Iron Moth
|-end|p2a: Iron Moth|Quark Drive|[silent]
|
|upkeep
|
|t:|1760415289
|switch|p2a: Ninetales|Ninetales-Alola, F|100/100
|-weather|Snowscape|[from] ability: Snow Warning|[of] p2a: Ninetales
|turn|4
|
|t:|1760415296
|move|p1a: Cinderace|Swords Dance|p1a: Cinderace
|-boost|p1a: Cinderace|atk|2
|move|p2a: Ninetales|Encore|p1a: Cinderace
|-start|p1a: Cinderace|Encore
|
|-weather|Snowscape|[upkeep]
|upkeep
|turn|5
|
|t:|1760415306
|switch|p1a: Pecharunt|Pecharunt|100/100
|move|p2a: Ninetales|Aurora Veil|p2a: Ninetales
|-sidestart|p2: schoolwifisucks22|move: Aurora Veil
|
|-weather|Snowscape|[upkeep]
|upkeep
|turn|6
|
|t:|1760415312
|switch|p2a: Kingambit|Kingambit, M|100/100
|-activate|p2a: Kingambit|ability: Supreme Overlord
|-start|p2a: Kingambit|fallen1|[silent]
|move|p1a: Pecharunt|Nasty Plot|p1a: Pecharunt
|-boost|p1a: Pecharunt|spa|2
|
|-weather|Snowscape|[upkeep]
|upkeep
|turn|7
|
|t:|1760415321
|switch|p1a: Rillaboom|Rillaboom, F|100/100
|-fieldstart|move: Grassy Terrain|[from] ability: Grassy Surge|[of] p1a: Rillaboom
|-end|p2a: Kingambit|fallen1|[silent]
|switch|p2a: Ninetales|Ninetales-Alola, F|100/100
|
|-weather|Snowscape|[upkeep]
|upkeep
|turn|8
|
|t:|1760415335
|switch|p2a: Hatterene|Hatterene, F|100/100
|-enditem|p2a: Hatterene|Grassy Seed
|-boost|p2a: Hatterene|def|1|[from] item: Grassy Seed
|switch|p1a: Hatterene|Hatterene, F|100/100
|
|-weather|none
|upkeep
|turn|9
|
|t:|1760415345
|move|p2a: Hatterene|Agility|p2a: Hatterene
|-boost|p2a: Hatterene|spe|2
|move|p1a: Hatterene|Nuzzle|p2a: Hatterene
|-damage|p2a: Hatterene|99/100
|-status|p2a: Hatterene|par
|
|-heal|p2a: Hatterene|100/100 par|[from] Grassy Terrain
|upkeep
|turn|10
|
|t:|1760415357
|switch|p1a: Cinderace|Cinderace, F|10/100
|-enditem|p1a: Cinderace|Grassy Seed
|-boost|p1a: Cinderace|def|1|[from] item: Grassy Seed
|move|p2a: Hatterene|Agility|p2a: Hatterene
|-boost|p2a: Hatterene|spe|2
|
|-heal|p1a: Cinderace|16/100|[from] Grassy Terrain
|upkeep
|turn|11
|
|t:|1760415369
|move|p1a: Cinderace|Swords Dance|p1a: Cinderace
|-boost|p1a: Cinderace|atk|2
|cant|p2a: Hatterene|par
|
|-heal|p1a: Cinderace|22/100|[from] Grassy Terrain
|upkeep
|turn|12
|-message|schoolwifisucks22 forfeited.
|
|win|Qbreezy
|raw|Qbreezy's rating: 1418 &rarr; <strong>1436</strong><br />(+18 for winning)
|raw|schoolwifisucks22's rating: 1382 &rarr; <strong>1364</strong><br />(-18 for losing)
|l|☆schoolwifisucks22
|player|p2|
