|j|☆team philippines
|j|☆akibarubinstein
|t:|1760434026
|gametype|singles
|player|p1|team philippines|265|1491
|player|p2|akibarubinstein|1|1482
|gen|9
|tier|[Gen 9] OU
|rated|
|rule|HP Percentage Mod: HP is shown in percentages
|rule|Endless Battle Clause: Forcing endless battles is banned
|rule|Species Clause: Limit one of each Pokémon
|rule|OHKO Clause: OHKO moves are banned
|rule|Evasion Items Clause: Evasion items are banned
|rule|Evasion Moves Clause: Evasion moves are banned
|rule|Evasion Abilities Clause: Evasion abilities are banned
|rule|Sleep Moves Clause: Sleep-inducing moves are banned
|clearpoke
|poke|p1|Conkeldurr, F|
|poke|p1|Dragapult, M|
|poke|p1|Darkrai|
|poke|p1|Heatran, F|
|poke|p1|Pecharunt|
|poke|p1|Deoxys-Speed|
|poke|p2|Garchomp, M|
|poke|p2|Darkrai|
|poke|p2|Moltres|
|poke|p2|Great Tusk|
|poke|p2|Alomomola, F|
|poke|p2|Ogerpon-Wellspring, F|
|teampreview
|
|t:|1760434039
|teamsize|p1|6
|teamsize|p2|6
|start
|switch|p1a: Dragapult|Dragapult, M|100/100
|switch|p2a: Ogerpon|Ogerpon-Wellspring, F|100/100
|turn|1
|
|t:|1760434046
|switch|p2a: Alomomola|Alomomola, F|100/100
|move|p1a: Dragapult|U-turn|p2a: Alomomola
|-crit|p2a: Alomomola
|-damage|p2a: Alomomola|73/100
|
|t:|1760434049
|switch|p1a: Conkeldurr|Conkeldurr, F, shiny|100/100|[from] U-turn
|
|-status|p1a: Conkeldurr|brn|[from] item: Flame Orb
|upkeep
|turn|2
|inactive|Battle timer is ON: inactive players will automatically lose when time's up. (requested by akibarubinstein)
|
|t:|1760434053
|move|p2a: Alomomola|Flip Turn|p1a: Conkeldurr
|-damage|p1a: Conkeldurr|87/100 brn
|
|t:|1760434057
|switch|p2a: Garchomp|Garchomp, M|100/100|[from] Flip Turn
|move|p1a: Conkeldurr|Thunder Punch|p2a: Garchomp
|-immune|p2a: Garchomp
|
|-damage|p1a: Conkeldurr|81/100 brn|[from] brn
|upkeep
|turn|3
|
|t:|1760434068
|move|p2a: Garchomp|Stealth Rock|p1a: Conkeldurr
|-sidestart|p1: team philippines|move: Stealth Rock
|move|p1a: Conkeldurr|Ice Punch|p2a: Garchomp
|-supereffective|p2a: Garchomp
|-damage|p2a: Garchomp|0 fnt
|-damage|p1a: Conkeldurr|69/100 brn|[from] ability: Rough Skin|[of] p2a: Garchomp
|-damage|p1a: Conkeldurr|52/100 brn|[from] item: Rocky Helmet|[of] p2a: Garchomp
|faint|p2a: Garchomp
|
|-damage|p1a: Conkeldurr|46/100 brn|[from] brn
|upkeep
|
|t:|1760434087
|switch|p2a: Ogerpon|Ogerpon-Wellspring, F|100/100
|turn|4
|
|t:|1760434094
|move|p1a: Conkeldurr|Mach Punch|p2a: Ogerpon
|-crit|p2a: Ogerpon
|-damage|p2a: Ogerpon|27/100
|move|p2a: Ogerpon|Ivy Cudgel|p1a: Conkeldurr|[anim] Ivy Cudgel Water
|-damage|p1a: Conkeldurr|0 fnt
|faint|p1a: Conkeldurr
|
|upkeep
|
|t:|1760434108
|switch|p1a: Darkrai|Darkrai|100/100
|-damage|p1a: Darkrai|88/100|[from] Stealth Rock
|turn|5
|
|t:|1760434112
|switch|p2a: Alomomola|Alomomola, F|100/100
|move|p1a: Darkrai|Dark Pulse|p2a: Alomomola
|-damage|p2a: Alomomola|57/100
|-damage|p1a: Darkrai|78/100|[from] item: Life Orb
|
|upkeep
|turn|6
|
|t:|1760434118
|move|p1a: Darkrai|Dark Pulse|p2a: Alomomola
|-damage|p2a: Alomomola|16/100
|-damage|p1a: Darkrai|68/100|[from] item: Life Orb
|move|p2a: Alomomola|Flip Turn|p1a: Darkrai
|-damage|p1a: Darkrai|46/100
|
|t:|1760434130
|switch|p2a: Moltres|Moltres|100/100|[from] Flip Turn
|
|upkeep
|turn|7
|
|t:|1760434140
|switch|p1a: Heatran|Heatran, F, shiny|100/100
|-damage|p1a: Heatran|88/100|[from] Stealth Rock
|move|p2a: Moltres|U-turn|p1a: Heatran
|-resisted|p1a: Heatran
|-damage|p1a: Heatran|85/100
|
|t:|1760434143
|switch|p2a: Ogerpon|Ogerpon-Wellspring, F|27/100|[from] U-turn
|
|-heal|p1a: Heatran|91/100|[from] item: Leftovers
|upkeep
|turn|8
|
|t:|1760434162
|switch|p2a: Moltres|Moltres|100/100
|-terastallize|p1a: Heatran|Grass
|move|p1a: Heatran|Tera Blast|p2a: Moltres|[anim] Tera Blast Grass
|-resisted|p2a: Moltres
|-crit|p2a: Moltres
|-damage|p2a: Moltres|88/100
|
|-heal|p1a: Heatran|97/100|[from] item: Leftovers
|upkeep
|turn|9
|inactive|team philippines has 120 seconds left.
|inactive|akibarubinstein has 120 seconds left.
|
|t:|1760434206
|switch|p1a: Deoxys|Deoxys-Speed|100/100
|-ability|p1a: Deoxys|Pressure
|move|p2a: Moltres|Roost|p2a: Moltres
|-heal|p2a: Moltres|100/100
|-singleturn|p2a: Moltres|move: Roost
|
|upkeep
|turn|10
|
|t:|1760434213
|move|p1a: Deoxys|Stealth Rock|p2a: Moltres
|-sidestart|p2: akibarubinstein|move: Stealth Rock
|move|p2a: Moltres|U-turn|p1a: Deoxys
|-supereffective|p1a: Deoxys
|-damage|p1a: Deoxys|58/100
|
|t:|1760434218
|switch|p2a: Alomomola|Alomomola, F|50/100|[from] U-turn
|
|upkeep
|turn|11
|inactive|team philippines has 120 seconds left.
|
|t:|1760434231
|switch|p2a: Moltres|Moltres|100/100
|move|p1a: Deoxys|Psycho Boost|p2a: Moltres
|-damage|p2a: Moltres|56/100
|-unboost|p1a: Deoxys|spa|2
|
|upkeep
|turn|12
|
|t:|1760434239
|move|p1a: Deoxys|Taunt|p2a: Moltres
|-start|p2a: Moltres|move: Taunt
|cant|p2a: Moltres|move: Taunt|Roost
|
|upkeep
|turn|13
|inactive|team philippines has 120 seconds left.
|
|t:|1760434279
|switch|p1a: Darkrai|Darkrai|46/100
|-damage|p1a: Darkrai|34/100|[from] Stealth Rock
|move|p2a: Moltres|U-turn|p1a: Darkrai
|-supereffective|p1a: Darkrai
|-damage|p1a: Darkrai|0 fnt
|faint|p1a: Darkrai
|
|t:|1760434292
|switch|p2a: Darkrai|Darkrai|100/100|[from] U-turn
|
|upkeep
|inactive|team philippines has 90 seconds left.
|
|t:|1760434312
|switch|p1a: Dragapult|Dragapult, M|100/100
|-damage|p1a: Dragapult|88/100|[from] Stealth Rock
|turn|14
|
|t:|1760434318
|switch|p2a: Ogerpon|Ogerpon-Wellspring, F|27/100
|-damage|p2a: Ogerpon|14/100|[from] Stealth Rock
|move|p1a: Dragapult|U-turn|p2a: Ogerpon
|-supereffective|p2a: Ogerpon
|-damage|p2a: Ogerpon|0 fnt
|faint|p2a: Ogerpon
|
|t:|1760434321
|switch|p1a: Deoxys|Deoxys-Speed|58/100|[from] U-turn
|-ability|p1a: Deoxys|Pressure
|
|upkeep
|
|t:|1760434327
|switch|p2a: Darkrai|Darkrai|100/100
|turn|15
|
|t:|1760434335
|move|p1a: Deoxys|Superpower|p2a: Darkrai
|-supereffective|p2a: Darkrai
|-damage|p2a: Darkrai|24/100
|-unboost|p1a: Deoxys|atk|1
|-unboost|p1a: Deoxys|def|1
|move|p2a: Darkrai|Dark Pulse|p1a: Deoxys
|-supereffective|p1a: Deoxys
|-crit|p1a: Deoxys
|-damage|p1a: Deoxys|0 fnt
|faint|p1a: Deoxys
|
|upkeep
|
|t:|1760434338
|switch|p1a: Dragapult|Dragapult, M|88/100
|-damage|p1a: Dragapult|76/100|[from] Stealth Rock
|turn|16
|
|t:|1760434347
|switch|p2a: Alomomola|Alomomola, F|83/100
|move|p1a: Dragapult|U-turn|p2a: Alomomola
|-damage|p2a: Alomomola|65/100
|
|t:|1760434356
|switch|p1a: Pecharunt|Pecharunt|100/100|[from] U-turn
|-damage|p1a: Pecharunt|88/100|[from] Stealth Rock
|-item|p1a: Pecharunt|Air Balloon
|
|upkeep
|turn|17
|
|t:|1760434363
|move|p1a: Pecharunt|Malignant Chain|p2a: Alomomola
|-damage|p2a: Alomomola|32/100
|-status|p2a: Alomomola|tox
|-start|p2a: Alomomola|confusion|[from] ability: Poison Puppeteer|[of] p1a: Pecharunt
|-activate|p2a: Alomomola|confusion
|move|p2a: Alomomola|Flip Turn|p1a: Pecharunt
|-damage|p1a: Pecharunt|78/100
|-enditem|p1a: Pecharunt|Air Balloon
|
|t:|1760434367
|switch|p2a: Darkrai|Darkrai|24/100|[from] Flip Turn
|
|upkeep
|turn|18
|
|t:|1760434374
|switch|p1a: Heatran|Heatran, F, shiny, tera:Grass|97/100
|-damage|p1a: Heatran|85/100|[from] Stealth Rock
|move|p2a: Darkrai|Dark Pulse|p1a: Heatran
|-damage|p1a: Heatran|57/100
|
|-heal|p1a: Heatran|64/100|[from] item: Leftovers
|upkeep
|turn|19
|
|t:|1760434381
|move|p2a: Darkrai|Sludge Bomb|p1a: Heatran
|-supereffective|p1a: Heatran
|-damage|p1a: Heatran|21/100
|-status|p1a: Heatran|psn
|move|p1a: Heatran|Magma Storm|p2a: Darkrai|[miss]
|-miss|p1a: Heatran|p2a: Darkrai
|
|-heal|p1a: Heatran|27/100 psn|[from] item: Leftovers
|-damage|p1a: Heatran|15/100 psn|[from] psn
|upkeep
|turn|20
|
|t:|1760434391
|move|p2a: Darkrai|Dark Pulse|p1a: Heatran
|-damage|p1a: Heatran|0 fnt
|faint|p1a: Heatran
|
|upkeep
|
|t:|1760434394
|switch|p1a: Dragapult|Dragapult, M|76/100
|-damage|p1a: Dragapult|64/100|[from] Stealth Rock
|turn|21
|
|t:|1760434398
|switch|p2a: Moltres|Moltres|56/100
|move|p1a: Dragapult|Dragon Darts|p2a: Moltres
|-damage|p2a: Moltres|39/100
|-anim|p1a: Dragapult|Dragon Darts|p2a: Moltres
|-damage|p2a: Moltres|22/100
|
|upkeep
|turn|22
|
|t:|1760434401
|move|p1a: Dragapult|Dragon Darts|p2a: Moltres
|-damage|p2a: Moltres|7/100
|-anim|p1a: Dragapult|Dragon Darts|p2a: Moltres
|-damage|p2a: Moltres|0 fnt
|faint|p2a: Moltres
|
|upkeep
|
|t:|1760434403
|switch|p2a: Great Tusk|Great Tusk|100/100
|-damage|p2a: Great Tusk|98/100|[from] Stealth Rock
|-enditem|p2a: Great Tusk|Booster Energy
|-activate|p2a: Great Tusk|ability: Protosynthesis|[fromitem]
|-start|p2a: Great Tusk|protosynthesisspe
|turn|23
|
|t:|1760434424
|move|p1a: Dragapult|Dragon Darts|p2a: Great Tusk
|-crit|p2a: Great Tusk
|-damage|p2a: Great Tusk|74/100
|-anim|p1a: Dragapult|Dragon Darts|p2a: Great Tusk
|-damage|p2a: Great Tusk|58/100
|move|p2a: Great Tusk|Bulk Up|p2a: Great Tusk
|-boost|p2a: Great Tusk|atk|1
|-boost|p2a: Great Tusk|def|1
|
|upkeep
|turn|24
|
|t:|1760434434
|move|p1a: Dragapult|Dragon Darts|p2a: Great Tusk
|-damage|p2a: Great Tusk|48/100
|-anim|p1a: Dragapult|Dragon Darts|p2a: Great Tusk
|-damage|p2a: Great Tusk|38/100
|move|p2a: Great Tusk|Headlong Rush|p1a: Dragapult
|-damage|p1a: Dragapult|0 fnt
|-unboost|p2a: Great Tusk|def|1
|-unboost|p2a: Great Tusk|spd|1
|faint|p1a: Dragapult
|
|upkeep
|
|t:|1760434440
|switch|p1a: Pecharunt|Pecharunt|78/100
|-damage|p1a: Pecharunt|66/100|[from] Stealth Rock
|turn|25
|
|t:|1760434442
|move|p2a: Great Tusk|Headlong Rush|p1a: Pecharunt
|-supereffective|p1a: Pecharunt
|-damage|p1a: Pecharunt|0 fnt
|-unboost|p2a: Great Tusk|def|1
|-unboost|p2a: Great Tusk|spd|1
|faint|p1a: Pecharunt
|
|win|akibarubinstein
|raw|team philippines's rating: 1491 &rarr; <strong>1470</strong><br />(-21 for losing)
|raw|akibarubinstein's rating: 1482 &rarr; <strong>1503</strong><br />(+21 for winning)
|l|☆team philippines
|player|p1|
|l|☆akibarubinstein
|player|p2|
