|j|☆Xerneas2
|j|☆SamiFawad
|t:|1760330046
|gametype|singles
|player|p1|Xerneas2|101|1590
|player|p2|SamiFawad|2|1568
|gen|9
|tier|[Gen 9] OU
|rated|
|rule|HP Percentage Mod: HP is shown in percentages
|rule|Endless Battle Clause: Forcing endless battles is banned
|rule|Species Clause: Limit one of each Pokémon
|rule|OHKO Clause: OHKO moves are banned
|rule|Evasion Items Clause: Evasion items are banned
|rule|Evasion Moves Clause: Evasion moves are banned
|rule|Evasion Abilities Clause: Evasion abilities are banned
|rule|Sleep Moves Clause: Sleep-inducing moves are banned
|clearpoke
|poke|p1|Blissey, F|
|poke|p1|Darkrai|
|poke|p1|Dachsbun, M|
|poke|p1|Dragapult, M|
|poke|p1|Gliscor, F|
|poke|p1|Kingambit, M|
|poke|p2|Slowbro, M|
|poke|p2|Heatran, M|
|poke|p2|Landorus-Therian, M|
|poke|p2|Ogerpon-Cornerstone, F|
|poke|p2|Clodsire, M|
|poke|p2|Great Tusk|
|teampreview
|
|t:|1760330057
|teamsize|p1|6
|teamsize|p2|6
|start
|switch|p1a: Darkrai|Darkrai|100/100
|switch|p2a: Ogerpon|Ogerpon-Cornerstone, F|100/100
|turn|1
|
|t:|1760330065
|switch|p2a: Clodsire|Clodsire, M|100/100
|move|p1a: Darkrai|Dark Pulse|p2a: Clodsire
|-damage|p2a: Clodsire|64/100
|
|-heal|p2a: Clodsire|71/100|[from] item: Leftovers
|upkeep
|turn|2
|
|t:|1760330075
|switch|p1a: Gliscor|Gliscor, F|100/100
|move|p2a: Clodsire|Toxic|p1a: Gliscor
|-status|p1a: Gliscor|tox
|
|-heal|p2a: Clodsire|77/100|[from] item: Leftovers
|upkeep
|turn|3
|
|t:|1760330081
|switch|p2a: Slowbro|Slowbro, M|100/100
|move|p1a: Gliscor|Spikes|p2a: Slowbro
|-sidestart|p2: SamiFawad|Spikes
|
|upkeep
|turn|4
|
|t:|1760330086
|move|p1a: Gliscor|Toxic|p2a: Slowbro
|-status|p2a: Slowbro|tox
|move|p2a: Slowbro|Scald|p1a: Gliscor
|-supereffective|p1a: Gliscor
|-damage|p1a: Gliscor|30/100 tox
|
|-heal|p1a: Gliscor|43/100 tox|[from] ability: Poison Heal
|-damage|p2a: Slowbro|94/100 tox|[from] psn
|upkeep
|turn|5
|
|t:|1760330091
|switch|p2a: Ogerpon|Ogerpon-Cornerstone, F|100/100
|-damage|p2a: Ogerpon|88/100|[from] Spikes
|move|p1a: Gliscor|Protect||[still]
|-fail|p1a: Gliscor
|
|-heal|p1a: Gliscor|55/100 tox|[from] ability: Poison Heal
|upkeep
|turn|6
|
|t:|1760330098
|move|p2a: Ogerpon|Swords Dance|p2a: Ogerpon
|-boost|p2a: Ogerpon|atk|2
|move|p1a: Gliscor|Toxic|p2a: Ogerpon
|-status|p2a: Ogerpon|tox
|
|-damage|p2a: Ogerpon|82/100 tox|[from] psn
|-heal|p1a: Gliscor|68/100 tox|[from] ability: Poison Heal
|upkeep
|turn|7
|
|t:|1760330103
|move|p1a: Gliscor|Protect|p1a: Gliscor
|-singleturn|p1a: Gliscor|Protect
|move|p2a: Ogerpon|Swords Dance|p2a: Ogerpon
|-boost|p2a: Ogerpon|atk|2
|
|-damage|p2a: Ogerpon|70/100 tox|[from] psn
|-heal|p1a: Gliscor|80/100 tox|[from] ability: Poison Heal
|upkeep
|turn|8
|j| Supa Dupa Hoopa
|
|t:|1760330109
|switch|p1a: Dachsbun|Dachsbun, M|100/100
|move|p2a: Ogerpon|Horn Leech|p1a: Dachsbun
|-damage|p1a: Dachsbun|5/100
|-heal|p2a: Ogerpon|100/100 tox|[from] drain|[of] p1a: Dachsbun
|
|-damage|p2a: Ogerpon|83/100 tox|[from] psn
|upkeep
|turn|9
|
|t:|1760330113
|move|p1a: Dachsbun|Protect|p1a: Dachsbun
|-singleturn|p1a: Dachsbun|Protect
|move|p2a: Ogerpon|Horn Leech|p1a: Dachsbun
|-activate|p1a: Dachsbun|move: Protect
|
|-damage|p2a: Ogerpon|59/100 tox|[from] psn
|upkeep
|turn|10
|
|t:|1760330118
|move|p1a: Dachsbun|Protect|p1a: Dachsbun
|-singleturn|p1a: Dachsbun|Protect
|move|p2a: Ogerpon|Ivy Cudgel|p1a: Dachsbun|[anim] Ivy Cudgel Rock
|-activate|p1a: Dachsbun|move: Protect
|
|-damage|p2a: Ogerpon|29/100 tox|[from] psn
|upkeep
|turn|11
|
|t:|1760330124
|move|p1a: Dachsbun|Protect||[still]
|-fail|p1a: Dachsbun
|move|p2a: Ogerpon|Horn Leech|p1a: Dachsbun
|-damage|p1a: Dachsbun|0 fnt
|-heal|p2a: Ogerpon|31/100 tox|[from] drain|[of] p1a: Dachsbun
|faint|p1a: Dachsbun
|
|-damage|p2a: Ogerpon|0 fnt|[from] psn
|faint|p2a: Ogerpon
|upkeep
|
|t:|1760330140
|switch|p2a: Great Tusk|Great Tusk|100/100
|switch|p1a: Darkrai|Darkrai|100/100
|-damage|p2a: Great Tusk|88/100|[from] Spikes
|turn|12
|
|t:|1760330148
|-end|p2a: Great Tusk|Protosynthesis|[silent]
|switch|p2a: Heatran|Heatran, M|100/100
|-damage|p2a: Heatran|88/100|[from] Spikes
|move|p1a: Darkrai|Ice Beam|p2a: Heatran
|-resisted|p2a: Heatran
|-damage|p2a: Heatran|75/100
|
|upkeep
|turn|13
|
|t:|1760330154
|switch|p1a: Blissey|Blissey, F|100/100
|move|p2a: Heatran|Flamethrower|p1a: Blissey
|-damage|p1a: Blissey|83/100
|
|upkeep
|turn|14
|
|t:|1760330158
|switch|p2a: Great Tusk|Great Tusk|88/100
|-damage|p2a: Great Tusk|76/100|[from] Spikes
|move|p1a: Blissey|Stealth Rock|p2a: Great Tusk
|-sidestart|p2: SamiFawad|move: Stealth Rock
|
|upkeep
|turn|15
|
|t:|1760330162
|switch|p1a: Dragapult|Dragapult, M|100/100
|move|p2a: Great Tusk|Rapid Spin|p1a: Dragapult
|-immune|p1a: Dragapult
|
|upkeep
|turn|16
|
|t:|1760330168
|-end|p2a: Great Tusk|Protosynthesis|[silent]
|switch|p2a: Clodsire|Clodsire, M|77/100
|-damage|p2a: Clodsire|64/100|[from] Spikes
|-damage|p2a: Clodsire|58/100|[from] Stealth Rock
|move|p1a: Dragapult|Shadow Ball|p2a: Clodsire
|-damage|p2a: Clodsire|44/100
|
|-heal|p2a: Clodsire|50/100|[from] item: Leftovers
|upkeep
|turn|17
|
|t:|1760330178
|move|p1a: Dragapult|U-turn|p2a: Clodsire
|-resisted|p2a: Clodsire
|-damage|p2a: Clodsire|38/100
|
|t:|1760330180
|switch|p1a: Gliscor|Gliscor, F|80/100 tox|[from] U-turn
|move|p2a: Clodsire|Recover|p2a: Clodsire
|-heal|p2a: Clodsire|88/100
|
|-heal|p2a: Clodsire|94/100|[from] item: Leftovers
|-heal|p1a: Gliscor|93/100 tox|[from] ability: Poison Heal
|upkeep
|turn|18
|
|t:|1760330184
|switch|p2a: Great Tusk|Great Tusk|76/100
|-damage|p2a: Great Tusk|63/100|[from] Spikes
|-damage|p2a: Great Tusk|60/100|[from] Stealth Rock
|move|p1a: Gliscor|Spikes|p2a: Great Tusk
|-sidestart|p2: SamiFawad|Spikes
|
|-heal|p1a: Gliscor|100/100 tox|[from] ability: Poison Heal
|upkeep
|turn|19
|
|t:|1760330195
|switch|p1a: Darkrai|Darkrai|100/100
|move|p2a: Great Tusk|Knock Off|p1a: Darkrai
|-resisted|p1a: Darkrai
|-damage|p1a: Darkrai|80/100
|-enditem|p1a: Darkrai|Choice Specs|[from] move: Knock Off|[of] p2a: Great Tusk
|
|upkeep
|turn|20
|
|t:|1760330202
|-terastallize|p2a: Great Tusk|Ghost
|move|p1a: Darkrai|Ice Beam|p2a: Great Tusk
|-damage|p2a: Great Tusk|15/100
|move|p2a: Great Tusk|Rapid Spin|p1a: Darkrai
|-damage|p1a: Darkrai|61/100
|-boost|p2a: Great Tusk|spe|1
|-sideend|p2: SamiFawad|Spikes|[from] move: Rapid Spin|[of] p2a: Great Tusk
|-sideend|p2: SamiFawad|Stealth Rock|[from] move: Rapid Spin|[of] p2a: Great Tusk
|
|upkeep
|turn|21
|
|t:|1760330223
|switch|p1a: Gliscor|Gliscor, F|100/100 tox
|move|p2a: Great Tusk|Stealth Rock|p1a: Gliscor
|-sidestart|p1: Xerneas2|move: Stealth Rock
|
|upkeep
|turn|22
|-message|SamiFawad forfeited.
|
|win|Xerneas2
|raw|Xerneas2's rating: 1590 &rarr; <strong>1609</strong><br />(+19 for winning)
|raw|SamiFawad's rating: 1568 &rarr; <strong>1549</strong><br />(-19 for losing)
|l|☆SamiFawad
|player|p2|
|l|☆Xerneas2
|player|p1|
|l| Supa Dupa Hoopa
