|j|☆drop a baby
|j|☆dia90
|t:|1760324908
|gametype|singles
|player|p1|drop a baby|chase|1800
|player|p2|dia90|101|1761
|gen|9
|tier|[Gen 9] OU
|rated|
|rule|HP Percentage Mod: HP is shown in percentages
|rule|Endless Battle Clause: Forcing endless battles is banned
|rule|Species Clause: Limit one of each Pokémon
|rule|OHKO Clause: OHKO moves are banned
|rule|Evasion Items Clause: Evasion items are banned
|rule|Evasion Moves Clause: Evasion moves are banned
|rule|Evasion Abilities Clause: Evasion abilities are banned
|rule|Sleep Moves Clause: Sleep-inducing moves are banned
|clearpoke
|poke|p1|Kingambit, M|
|poke|p1|Garchomp, M|
|poke|p1|Pecharunt|
|poke|p1|Darkrai|
|poke|p1|Kyurem|
|poke|p1|Zapdos-Galar|
|poke|p2|Ursaluna, M|
|poke|p2|Raging Bolt|
|poke|p2|Cinderace, F|
|poke|p2|Pecharunt|
|poke|p2|Ogerpon, F|
|poke|p2|Scizor, M|
|teampreview
|
|t:|1760324914
|teamsize|p1|6
|teamsize|p2|6
|start
|switch|p1a: Garchomp|Garchomp, M|100/100
|switch|p2a: Scizor|Scizor, M|100/100
|turn|1
|inactive|Battle timer is ON: inactive players will automatically lose when time's up. (requested by drop a baby)
|inactive|dia90 has 120 seconds left.
|
|t:|1760324953
|move|p1a: Garchomp|Fire Blast|p2a: Scizor
|-supereffective|p2a: Scizor
|-damage|p2a: Scizor|0 fnt
|faint|p2a: Scizor
|-damage|p1a: Garchomp|91/100|[from] item: Life Orb
|
|upkeep
|
|t:|1760324959
|switch|p2a: Ogerpon|Ogerpon, F|100/100
|turn|2
|
|t:|1760324969
|switch|p1a: Pecharunt|Pecharunt|100/100
|-item|p1a: Pecharunt|Air Balloon
|-terastallize|p2a: Ogerpon|Grass
|detailschange|p2a: Ogerpon|Ogerpon-Teal-Tera, F, tera:Grass
|-ability|p2a: Ogerpon|Embody Aspect (Teal)|boost
|-boost|p2a: Ogerpon|spe|1
|move|p2a: Ogerpon|Power Whip|p1a: Pecharunt
|-resisted|p1a: Pecharunt
|-damage|p1a: Pecharunt|69/100
|-enditem|p1a: Pecharunt|Air Balloon
|
|upkeep
|turn|3
|
|t:|1760324987
|switch|p1a: Kyurem|Kyurem|100/100
|-ability|p1a: Kyurem|Pressure
|move|p2a: Ogerpon|Power Whip|p1a: Kyurem|[miss]
|-miss|p2a: Ogerpon|p1a: Kyurem
|
|upkeep
|turn|4
|j| Dor.Zf
|
|t:|1760324995
|switch|p2a: Cinderace|Cinderace, F|100/100
|move|p1a: Kyurem|Icicle Spear|p2a: Cinderace
|-resisted|p2a: Cinderace
|-damage|p2a: Cinderace|90/100
|-resisted|p2a: Cinderace
|-damage|p2a: Cinderace|79/100
|-resisted|p2a: Cinderace
|-damage|p2a: Cinderace|68/100
|-resisted|p2a: Cinderace
|-damage|p2a: Cinderace|58/100
|-hitcount|p2a: Cinderace|4
|
|upkeep
|turn|5
|j| bsbsjsksjsossb
|
|t:|1760325006
|switch|p1a: Darkrai|Darkrai|100/100
|move|p2a: Cinderace|U-turn|p1a: Darkrai
|-start|p2a: Cinderace|typechange|Bug|[from] ability: Libero
|-supereffective|p1a: Darkrai
|-damage|p1a: Darkrai|12/100
|
|t:|1760325012
|switch|p2a: Ogerpon|Ogerpon-Teal-Tera, F, tera:Grass|100/100|[from] U-turn
|-ability|p2a: Ogerpon|Embody Aspect (Teal)|boost
|-boost|p2a: Ogerpon|spe|1
|
|upkeep
|turn|6
|
|t:|1760325020
|switch|p1a: Zapdos|Zapdos-Galar|100/100
|move|p2a: Ogerpon|U-turn|p1a: Zapdos
|-resisted|p1a: Zapdos
|-damage|p1a: Zapdos|89/100
|
|t:|1760325027
|switch|p2a: Raging Bolt|Raging Bolt|100/100|[from] U-turn
|
|upkeep
|turn|7
|
|t:|1760325032
|move|p1a: Zapdos|U-turn|p2a: Raging Bolt
|-damage|p2a: Raging Bolt|80/100
|
|t:|1760325034
|switch|p1a: Darkrai|Darkrai|12/100|[from] U-turn
|move|p2a: Raging Bolt|Draco Meteor|p1a: Darkrai
|-damage|p1a: Darkrai|0 fnt
|-unboost|p2a: Raging Bolt|spa|2
|faint|p1a: Darkrai
|
|upkeep
|
|t:|1760325038
|switch|p1a: Garchomp|Garchomp, M|91/100
|turn|8
|
|t:|1760325045
|move|p1a: Garchomp|Draco Meteor|p2a: Raging Bolt
|-supereffective|p2a: Raging Bolt
|-crit|p2a: Raging Bolt
|-damage|p2a: Raging Bolt|0 fnt
|-unboost|p1a: Garchomp|spa|2
|faint|p2a: Raging Bolt
|-end|p2a: Raging Bolt|Protosynthesis|[silent]
|-damage|p1a: Garchomp|81/100|[from] item: Life Orb
|
|upkeep
|
|t:|1760325056
|switch|p2a: Ursaluna|Ursaluna, M|100/100
|turn|9
|
|t:|1760325063
|move|p1a: Garchomp|Earthquake|p2a: Ursaluna
|-damage|p2a: Ursaluna|58/100
|-damage|p1a: Garchomp|71/100|[from] item: Life Orb
|move|p2a: Ursaluna|Double-Edge|p1a: Garchomp
|-damage|p1a: Garchomp|0 fnt
|-damage|p2a: Ursaluna|46/100|[from] ability: Rough Skin|[of] p1a: Garchomp
|faint|p1a: Garchomp
|-damage|p2a: Ursaluna|28/100|[from] Recoil
|
|upkeep
|j| FaronAan
|
|t:|1760325070
|switch|p1a: Kyurem|Kyurem|100/100
|-ability|p1a: Kyurem|Pressure
|turn|10
|
|t:|1760325075
|switch|p2a: Pecharunt|Pecharunt|100/100
|move|p1a: Kyurem|Scale Shot|p2a: Pecharunt
|-damage|p2a: Pecharunt|94/100
|-damage|p2a: Pecharunt|87/100
|-damage|p2a: Pecharunt|79/100
|-damage|p2a: Pecharunt|72/100
|-crit|p2a: Pecharunt
|-damage|p2a: Pecharunt|63/100
|-hitcount|p2a: Pecharunt|5
|-unboost|p1a: Kyurem|def|1
|-boost|p1a: Kyurem|spe|1
|
|-heal|p2a: Pecharunt|69/100|[from] item: Leftovers
|upkeep
|turn|11
|
|t:|1760325089
|switch|p1a: Kingambit|Kingambit, M|100/100
|-activate|p1a: Kingambit|ability: Supreme Overlord
|-start|p1a: Kingambit|fallen2|[silent]
|move|p2a: Pecharunt|Parting Shot|p1a: Kingambit
|-unboost|p1a: Kingambit|atk|1
|-unboost|p1a: Kingambit|spa|1
|l| FaronAan
|
|t:|1760325098
|switch|p2a: Ogerpon|Ogerpon-Teal-Tera, F, tera:Grass|100/100|[from] Parting Shot
|-ability|p2a: Ogerpon|Embody Aspect (Teal)|boost
|-boost|p2a: Ogerpon|spe|1
|
|upkeep
|turn|12
|
|t:|1760325112
|move|p2a: Ogerpon|U-turn|p1a: Kingambit
|-damage|p1a: Kingambit|68/100
|
|t:|1760325115
|switch|p2a: Ursaluna|Ursaluna, M|28/100|[from] U-turn
|move|p1a: Kingambit|Kowtow Cleave|p2a: Ursaluna
|-damage|p2a: Ursaluna|0 fnt
|faint|p2a: Ursaluna
|
|upkeep
|
|t:|1760325121
|switch|p2a: Ogerpon|Ogerpon-Teal-Tera, F, tera:Grass|100/100
|-ability|p2a: Ogerpon|Embody Aspect (Teal)|boost
|-boost|p2a: Ogerpon|spe|1
|turn|13
|
|t:|1760325126
|-end|p1a: Kingambit|fallen2|[silent]
|switch|p1a: Pecharunt|Pecharunt|69/100
|move|p2a: Ogerpon|Low Kick|p1a: Pecharunt
|-immune|p1a: Pecharunt
|
|upkeep
|turn|14
|-message|dia90 forfeited.
|
|win|drop a baby
|raw|drop a baby's rating: 1800 &rarr; <strong>1818</strong><br />(+18 for winning)
|raw|dia90's rating: 1761 &rarr; <strong>1743</strong><br />(-18 for losing)
|l|☆dia90
|player|p2|
|l| Dor.Zf
