|j|‽Otherthero
|j|☆Haivijo
|t:|1760380076
|gametype|singles
|player|p1|Otherthero|2|1166
|player|p2|Haivijo|chuck|1213
|gen|9
|tier|[Gen 9] OU
|rated|
|rule|HP Percentage Mod: HP is shown in percentages
|rule|Endless Battle Clause: Forcing endless battles is banned
|rule|Species Clause: Limit one of each Pokémon
|rule|OHKO Clause: OHKO moves are banned
|rule|Evasion Items Clause: Evasion items are banned
|rule|Evasion Moves Clause: Evasion moves are banned
|rule|Evasion Abilities Clause: Evasion abilities are banned
|rule|Sleep Moves Clause: Sleep-inducing moves are banned
|clearpoke
|poke|p1|Vileplume, F|
|poke|p1|Suicune|
|poke|p1|Kleavor, M|
|poke|p1|Hariyama, M|
|poke|p1|Meloetta|
|poke|p1|Pincurchin, F|
|poke|p2|Blaziken, M|
|poke|p2|Gliscor, M|
|poke|p2|Glimmora, M|
|poke|p2|Rillaboom, F|
|poke|p2|Great Tusk|
|poke|p2|Gholdengo|
|teampreview
|inactive|Battle timer is ON: inactive players will automatically lose when time's up. (requested by Otherthero)
|
|t:|1760380114
|teamsize|p1|6
|teamsize|p2|6
|start
|switch|p1a: Suicune|Suicune|100/100
|switch|p2a: Hubert|Glimmora, M, shiny|100/100
|-ability|p1a: Suicune|Pressure
|turn|1
|
|t:|1760380120
|move|p2a: Hubert|Energy Ball|p1a: Suicune
|-supereffective|p1a: Suicune
|-damage|p1a: Suicune|68/100
|move|p1a: Suicune|Scald|p2a: Hubert
|-supereffective|p2a: Hubert
|-damage|p2a: Hubert|75/100
|
|-heal|p1a: Suicune|74/100|[from] item: Leftovers
|upkeep
|turn|2
|
|t:|1760380133
|switch|p2a: Not a pokemon|Gholdengo, shiny|100/100
|move|p1a: Suicune|Scald|p2a: Not a pokemon
|-damage|p2a: Not a pokemon|69/100
|
|-heal|p1a: Suicune|80/100|[from] item: Leftovers
|upkeep
|turn|3
|
|t:|1760380140
|move|p2a: Not a pokemon|Trick|p1a: Suicune
|-activate|p2a: Not a pokemon|move: Trick|[of] p1a: Suicune
|-item|p1a: Suicune|Choice Scarf|[from] move: Trick
|-item|p2a: Not a pokemon|Leftovers|[from] move: Trick
|move|p1a: Suicune|Scald|p2a: Not a pokemon
|-damage|p2a: Not a pokemon|37/100
|
|-heal|p2a: Not a pokemon|43/100|[from] item: Leftovers
|upkeep
|turn|4
|
|t:|1760380146
|move|p1a: Suicune|Scald|p2a: Not a pokemon
|-damage|p2a: Not a pokemon|15/100
|move|p2a: Not a pokemon|Thunder Wave|p1a: Suicune
|-status|p1a: Suicune|par
|
|-heal|p2a: Not a pokemon|21/100|[from] item: Leftovers
|upkeep
|turn|5
|
|t:|1760380153
|switch|p2a: Furious George|Rillaboom, F|100/100
|-fieldstart|move: Grassy Terrain|[from] ability: Grassy Surge|[of] p2a: Furious George
|move|p1a: Suicune|Scald|p2a: Furious George
|-resisted|p2a: Furious George
|-damage|p2a: Furious George|83/100
|
|-heal|p2a: Furious George|89/100|[from] Grassy Terrain
|-heal|p1a: Suicune|86/100 par|[from] Grassy Terrain
|upkeep
|turn|6
|
|t:|1760380168
|switch|p1a: Vileplume|Vileplume, F|100/100
|move|p2a: Furious George|U-turn|p1a: Vileplume
|-damage|p1a: Vileplume|79/100
|
|t:|1760380172
|switch|p2a: Not a pokemon|Gholdengo, shiny|21/100|[from] U-turn
|
|-heal|p2a: Not a pokemon|27/100|[from] Grassy Terrain
|-heal|p2a: Not a pokemon|34/100|[from] item: Leftovers
|-heal|p1a: Vileplume|85/100|[from] Grassy Terrain
|-heal|p1a: Vileplume|91/100|[from] item: Leftovers
|upkeep
|turn|7
|
|t:|1760380176
|switch|p1a: Suicune|Suicune|86/100 par
|-ability|p1a: Suicune|Pressure
|move|p2a: Not a pokemon|Thunder Wave|p1a: Suicune
|-fail|p1a: Suicune|par
|
|-heal|p2a: Not a pokemon|40/100|[from] Grassy Terrain
|-heal|p2a: Not a pokemon|46/100|[from] item: Leftovers
|-heal|p1a: Suicune|93/100 par|[from] Grassy Terrain
|upkeep
|turn|8
|
|t:|1760380181
|move|p2a: Not a pokemon|Hex|p1a: Suicune
|-damage|p1a: Suicune|51/100 par
|move|p1a: Suicune|Scald|p2a: Not a pokemon
|-damage|p2a: Not a pokemon|18/100
|
|-heal|p2a: Not a pokemon|24/100|[from] Grassy Terrain
|-heal|p2a: Not a pokemon|30/100|[from] item: Leftovers
|-heal|p1a: Suicune|58/100 par|[from] Grassy Terrain
|upkeep
|turn|9
|
|t:|1760380188
|move|p2a: Not a pokemon|Hex|p1a: Suicune
|-damage|p1a: Suicune|13/100 par
|cant|p1a: Suicune|par
|
|-heal|p2a: Not a pokemon|36/100|[from] Grassy Terrain
|-heal|p2a: Not a pokemon|42/100|[from] item: Leftovers
|-heal|p1a: Suicune|19/100 par|[from] Grassy Terrain
|-fieldend|move: Grassy Terrain
|upkeep
|turn|10
|
|t:|1760380193
|move|p2a: Not a pokemon|Hex|p1a: Suicune
|-damage|p1a: Suicune|0 fnt
|faint|p1a: Suicune
|
|-heal|p2a: Not a pokemon|48/100|[from] item: Leftovers
|upkeep
|
|t:|1760380199
|switch|p1a: Kleavor|Kleavor, M|100/100
|turn|11
|
|t:|1760380203
|move|p2a: Not a pokemon|Make It Rain|p1a: Kleavor
|-supereffective|p1a: Kleavor
|-enditem|p1a: Kleavor|Focus Sash
|-damage|p1a: Kleavor|1/100
|-unboost|p2a: Not a pokemon|spa|1
|move|p1a: Kleavor|Stone Axe|p2a: Not a pokemon
|-resisted|p2a: Not a pokemon
|-damage|p2a: Not a pokemon|19/100
|-sidestart|p2: Haivijo|move: Stealth Rock
|
|-heal|p2a: Not a pokemon|25/100|[from] item: Leftovers
|upkeep
|turn|12
|
|t:|1760380215
|switch|p2a: Greater Tusk|Great Tusk, shiny|100/100
|-damage|p2a: Greater Tusk|97/100|[from] Stealth Rock
|move|p1a: Kleavor|U-turn|p2a: Greater Tusk
|-resisted|p2a: Greater Tusk
|-damage|p2a: Greater Tusk|88/100
|
|t:|1760380222
|switch|p1a: Vileplume|Vileplume, F|91/100|[from] U-turn
|
|-heal|p2a: Greater Tusk|94/100|[from] item: Leftovers
|-heal|p1a: Vileplume|97/100|[from] item: Leftovers
|upkeep
|turn|13
|
|t:|1760380224
|move|p2a: Greater Tusk|Rapid Spin|p1a: Vileplume
|-damage|p1a: Vileplume|86/100
|-boost|p2a: Greater Tusk|spe|1
|-status|p2a: Greater Tusk|par|[from] ability: Effect Spore|[of] p1a: Vileplume
|-sideend|p2: Haivijo|Stealth Rock|[from] move: Rapid Spin|[of] p2a: Greater Tusk
|move|p1a: Vileplume|Giga Drain|p2a: Greater Tusk
|-supereffective|p2a: Greater Tusk
|-damage|p2a: Greater Tusk|26/100 par
|-heal|p1a: Vileplume|100/100|[from] drain|[of] p2a: Greater Tusk
|
|-heal|p2a: Greater Tusk|32/100 par|[from] item: Leftovers
|upkeep
|turn|14
|
|t:|1760380233
|move|p2a: Greater Tusk|Stealth Rock|p1a: Vileplume
|-sidestart|p1: Otherthero|move: Stealth Rock
|move|p1a: Vileplume|Strength Sap|p2a: Greater Tusk
|-unboost|p2a: Greater Tusk|atk|1
|
|-heal|p2a: Greater Tusk|39/100 par|[from] item: Leftovers
|upkeep
|turn|15
|
|t:|1760380246
|-end|p2a: Greater Tusk|Protosynthesis|[silent]
|switch|p2a: Big Meaty|Gliscor, M|100/100
|move|p1a: Vileplume|Giga Drain|p2a: Big Meaty
|-damage|p2a: Big Meaty|68/100
|
|-status|p2a: Big Meaty|tox|[from] item: Toxic Orb
|upkeep
|turn|16
|
|t:|1760380255
|move|p2a: Big Meaty|Fling|p1a: Vileplume
|-damage|p1a: Vileplume|95/100
|-enditem|p2a: Big Meaty|Toxic Orb|[from] move: Fling
|move|p1a: Vileplume|Leech Seed|p2a: Big Meaty
|-start|p2a: Big Meaty|move: Leech Seed
|
|-heal|p1a: Vileplume|100/100|[from] item: Leftovers
|-damage|p2a: Big Meaty|56/100 tox|[from] Leech Seed|[of] p1a: Vileplume
|-heal|p2a: Big Meaty|68/100 tox|[from] ability: Poison Heal
|upkeep
|turn|17
|
|t:|1760380266
|move|p2a: Big Meaty|Thief|p1a: Vileplume
|-damage|p1a: Vileplume|90/100
|-enditem|p1a: Vileplume|Leftovers|[silent]|[from] move: Thief|[of] p2a: Big Meaty
|-item|p2a: Big Meaty|Leftovers|[from] move: Thief|[of] p1a: Vileplume
|move|p1a: Vileplume|Strength Sap|p2a: Big Meaty
|-unboost|p2a: Big Meaty|atk|1
|-heal|p1a: Vileplume|100/100
|
|-heal|p2a: Big Meaty|74/100 tox|[from] item: Leftovers
|-damage|p2a: Big Meaty|62/100 tox|[from] Leech Seed|[of] p1a: Vileplume
|-heal|p2a: Big Meaty|74/100 tox|[from] ability: Poison Heal
|upkeep
|turn|18
|
|t:|1760380279
|switch|p2a: Not a pokemon|Gholdengo, shiny|25/100
|move|p1a: Vileplume|Giga Drain|p2a: Not a pokemon
|-resisted|p2a: Not a pokemon
|-damage|p2a: Not a pokemon|9/100
|
|-heal|p2a: Not a pokemon|15/100|[from] item: Leftovers
|upkeep
|turn|19
|
|t:|1760380290
|switch|p1a: Kleavor|Kleavor, M|1/100
|-damage|p1a: Kleavor|0 fnt|[from] Stealth Rock
|faint|p1a: Kleavor
|move|p2a: Not a pokemon|Thunder Wave|p1: Kleavor|[notarget]
|-fail|p2a: Not a pokemon
|
|-heal|p2a: Not a pokemon|21/100|[from] item: Leftovers
|upkeep
|
|t:|1760380302
|switch|p1a: Meloetta|Meloetta|100/100
|-damage|p1a: Meloetta|88/100|[from] Stealth Rock
|turn|20
|
|t:|1760380310
|move|p1a: Meloetta|Psychic|p2a: Not a pokemon
|-resisted|p2a: Not a pokemon
|-damage|p2a: Not a pokemon|0 fnt
|faint|p2a: Not a pokemon
|
|upkeep
|
|t:|1760380315
|switch|p2a: Furious George|Rillaboom, F|89/100
|-fieldstart|move: Grassy Terrain|[from] ability: Grassy Surge|[of] p2a: Furious George
|turn|21
|
|t:|1760380318
|move|p1a: Meloetta|Psychic|p2a: Furious George
|-crit|p2a: Furious George
|-damage|p2a: Furious George|0 fnt
|faint|p2a: Furious George
|
|-heal|p1a: Meloetta|94/100|[from] Grassy Terrain
|upkeep
|
|t:|1760380333
|switch|p2a: Magicians Red|Blaziken, M|100/100
|turn|22
|
|t:|1760380340
|switch|p1a: Pincurchin|Pincurchin, F|100/100
|-terastallize|p2a: Magicians Red|Fire
|move|p2a: Magicians Red|Focus Energy|p2a: Magicians Red
|-start|p2a: Magicians Red|move: Focus Energy
|
|-ability|p2a: Magicians Red|Speed Boost|boost
|-boost|p2a: Magicians Red|spe|1
|upkeep
|turn|23
|
|t:|1760380346
|move|p2a: Magicians Red|Overheat|p1a: Pincurchin
|-crit|p1a: Pincurchin
|-damage|p1a: Pincurchin|0 fnt
|-unboost|p2a: Magicians Red|spa|2
|faint|p1a: Pincurchin
|
|-ability|p2a: Magicians Red|Speed Boost|boost
|-boost|p2a: Magicians Red|spe|1
|upkeep
|
|t:|1760380353
|switch|p1a: Meloetta|Meloetta|94/100
|-damage|p1a: Meloetta|82/100|[from] Stealth Rock
|turn|24
|
|t:|1760380356
|move|p2a: Magicians Red|Overheat|p1a: Meloetta
|-crit|p1a: Meloetta
|-damage|p1a: Meloetta|0 fnt
|-unboost|p2a: Magicians Red|spa|2
|faint|p1a: Meloetta
|
|-ability|p2a: Magicians Red|Speed Boost|boost
|-boost|p2a: Magicians Red|spe|1
|upkeep
|
|t:|1760380370
|switch|p1a: Hariyama|Hariyama, M|100/100
|-damage|p1a: Hariyama|94/100|[from] Stealth Rock
|turn|25
|
|t:|1760380374
|move|p1a: Hariyama|Fake Out|p2a: Magicians Red
|-damage|p2a: Magicians Red|76/100
|cant|p2a: Magicians Red|flinch
|
|-heal|p2a: Magicians Red|82/100|[from] Grassy Terrain
|-heal|p1a: Hariyama|100/100|[from] Grassy Terrain
|-fieldend|move: Grassy Terrain
|-ability|p2a: Magicians Red|Speed Boost|boost
|-boost|p2a: Magicians Red|spe|1
|-status|p1a: Hariyama|brn|[from] item: Flame Orb
|upkeep
|turn|26
|
|t:|1760380380
|move|p2a: Magicians Red|Overheat|p1a: Hariyama
|-crit|p1a: Hariyama
|-damage|p1a: Hariyama|0 fnt
|-unboost|p2a: Magicians Red|spa|2
|faint|p1a: Hariyama
|
|-ability|p2a: Magicians Red|Speed Boost|boost
|-boost|p2a: Magicians Red|spe|1
|upkeep
|-message|Otherthero forfeited.
|
|win|Haivijo
|raw|Otherthero's rating: 1166 &rarr; <strong>1144</strong><br />(-22 for losing)
|raw|Haivijo's rating: 1213 &rarr; <strong>1235</strong><br />(+22 for winning)
|l|‽Otherthero
|player|p1|
|l|☆Haivijo
|player|p2|
