|j|☆espermadomal
|j|☆InkedDemon95
|t:|1760374783
|gametype|singles
|player|p1|espermadomal|schoolkid-gen4|1023
|player|p2|InkedDemon95|169|1000
|gen|9
|tier|[Gen 9] OU
|rated|
|rule|HP Percentage Mod: HP is shown in percentages
|rule|Endless Battle Clause: Forcing endless battles is banned
|rule|Species Clause: Limit one of each Pokémon
|rule|OHKO Clause: OHKO moves are banned
|rule|Evasion Items Clause: Evasion items are banned
|rule|Evasion Moves Clause: Evasion moves are banned
|rule|Evasion Abilities Clause: Evasion abilities are banned
|rule|Sleep Moves Clause: Sleep-inducing moves are banned
|clearpoke
|poke|p1|Ditto|
|poke|p1|Deoxys-Speed|
|poke|p1|Ceruledge, F|
|poke|p1|Zapdos|
|poke|p1|Meowscarada, M|
|poke|p1|Primarina, F|
|poke|p2|Vaporeon, F|
|poke|p2|Sylveon, F|
|poke|p2|Umbreon, M|
|poke|p2|Espeon, F|
|poke|p2|Jolteon, M|
|poke|p2|Flareon, M|
|teampreview
|inactive|Battle timer is ON: inactive players will automatically lose when time's up. (requested by espermadomal)
|
|t:|1760374791
|teamsize|p1|6
|teamsize|p2|6
|start
|switch|p1a: Ditto|Ditto|100/100
|switch|p2a: Umbreon|Umbreon, M, shiny|100/100
|-transform|p1a: Ditto|p2a: Umbreon|[from] ability: Imposter
|turn|1
|
|t:|1760374807
|switch|p2a: Sylveon|Sylveon, F|100/100
|-terastallize|p1a: Ditto|Normal
|move|p1a: Ditto|Alluring Voice|p2a: Sylveon
|-damage|p2a: Sylveon|87/100
|
|upkeep
|turn|2
|
|t:|1760374819
|-terastallize|p2a: Sylveon|Steel
|move|p1a: Ditto|Stored Power|p2a: Sylveon
|-resisted|p2a: Sylveon
|-damage|p2a: Sylveon|85/100
|move|p2a: Sylveon|Alluring Voice|p1a: Ditto
|-damage|p1a: Ditto|65/100
|-enditem|p2a: Sylveon|Throat Spray
|-boost|p2a: Sylveon|spa|1|[from] item: Throat Spray
|
|-heal|p1a: Ditto|71/100|[from] item: Leftovers
|upkeep
|turn|3
|
|t:|1760374838
|move|p1a: Ditto|Dark Pulse|p2a: Sylveon
|-damage|p2a: Sylveon|65/100
|move|p2a: Sylveon|Tera Blast|p1a: Ditto|[anim] Tera Blast Steel
|-damage|p1a: Ditto|18/100
|
|-heal|p1a: Ditto|24/100|[from] item: Leftovers
|upkeep
|turn|4
|
|t:|1760374848
|move|p1a: Ditto|Alluring Voice|p2a: Sylveon
|-resisted|p2a: Sylveon
|-damage|p2a: Sylveon|58/100
|move|p2a: Sylveon|Draining Kiss|p1a: Ditto
|-damage|p1a: Ditto|0 fnt
|-heal|p2a: Sylveon|74/100|[from] drain|[of] p1a: Ditto
|faint|p1a: Ditto
|
|upkeep
|
|t:|1760374859
|switch|p1a: Ceruledge|Ceruledge, F, shiny|100/100
|-item|p1a: Ceruledge|Air Balloon
|turn|5
|
|t:|1760374865
|switch|p2a: Umbreon|Umbreon, M, shiny|100/100
|move|p1a: Ceruledge|Bitter Blade|p2a: Umbreon
|-damage|p2a: Umbreon|57/100
|
|upkeep
|turn|6
|
|t:|1760374878
|switch|p1a: Primarina|Primarina, F, shiny|100/100
|move|p2a: Umbreon|Dark Pulse|p1a: Primarina
|-resisted|p1a: Primarina
|-damage|p1a: Primarina|90/100
|
|upkeep
|turn|7
|
|t:|1760374892
|move|p2a: Umbreon|Calm Mind|p2a: Umbreon
|-boost|p2a: Umbreon|spa|1
|-boost|p2a: Umbreon|spd|1
|move|p1a: Primarina|Alluring Voice|p2a: Umbreon
|-supereffective|p2a: Umbreon
|-damage|p2a: Umbreon|0 fnt
|faint|p2a: Umbreon
|
|upkeep
|
|t:|1760374910
|switch|p2a: Flareon|Flareon, M|100/100
|turn|8
|
|t:|1760374914
|move|p2a: Flareon|Trailblaze|p1a: Primarina
|-supereffective|p1a: Primarina
|-damage|p1a: Primarina|48/100
|-boost|p2a: Flareon|spe|1
|move|p1a: Primarina|Liquidation|p2a: Flareon
|-supereffective|p2a: Flareon
|-damage|p2a: Flareon|14/100
|
|-status|p2a: Flareon|tox|[from] item: Toxic Orb
|upkeep
|turn|9
|c|☆InkedDemon95|Interesting. Mixed attack Primarina
|inactive|InkedDemon95 has 120 seconds left.
|
|t:|1760374949
|move|p2a: Flareon|Trailblaze|p1a: Primarina
|-supereffective|p1a: Primarina
|-damage|p1a: Primarina|9/100
|-boost|p2a: Flareon|spe|1
|move|p1a: Primarina|Psychic|p2a: Flareon
|-damage|p2a: Flareon|0 fnt
|faint|p2a: Flareon
|
|upkeep
|inactive|InkedDemon95 has 120 seconds left.
|
|t:|1760374963
|switch|p2a: Vaporeon|Vaporeon, F|100/100
|turn|10
|
|t:|1760374974
|move|p2a: Vaporeon|Calm Mind|p2a: Vaporeon
|-boost|p2a: Vaporeon|spa|1
|-boost|p2a: Vaporeon|spd|1
|move|p1a: Primarina|Alluring Voice|p2a: Vaporeon
|-damage|p2a: Vaporeon|73/100
|-start|p2a: Vaporeon|confusion
|
|upkeep
|turn|11
|
|t:|1760374984
|-activate|p2a: Vaporeon|confusion
|move|p2a: Vaporeon|Calm Mind|p2a: Vaporeon
|-boost|p2a: Vaporeon|spa|1
|-boost|p2a: Vaporeon|spd|1
|move|p1a: Primarina|Encore|p2a: Vaporeon
|-start|p2a: Vaporeon|Encore
|
|upkeep
|turn|12
|
|t:|1760374992
|switch|p1a: Zapdos|Zapdos, shiny|100/100
|-ability|p1a: Zapdos|Pressure
|-activate|p2a: Vaporeon|confusion
|move|p2a: Vaporeon|Calm Mind|p2a: Vaporeon
|-boost|p2a: Vaporeon|spa|1
|-boost|p2a: Vaporeon|spd|1
|
|upkeep
|turn|13
|
|t:|1760375000
|move|p1a: Zapdos|Thunder|p2a: Vaporeon
|-supereffective|p2a: Vaporeon
|-damage|p2a: Vaporeon|36/100
|-end|p2a: Vaporeon|confusion
|move|p2a: Vaporeon|Calm Mind|p2a: Vaporeon
|-boost|p2a: Vaporeon|spa|1
|-boost|p2a: Vaporeon|spd|1
|
|upkeep
|turn|14
|
|t:|1760375009
|move|p1a: Zapdos|Thunder|p2a: Vaporeon|[miss]
|-miss|p1a: Zapdos|p2a: Vaporeon
|move|p2a: Vaporeon|Calm Mind|p2a: Vaporeon
|-boost|p2a: Vaporeon|spa|1
|-boost|p2a: Vaporeon|spd|1
|
|-end|p2a: Vaporeon|Encore
|upkeep
|turn|15
|
|t:|1760375022
|move|p1a: Zapdos|Thunder|p2a: Vaporeon
|-supereffective|p2a: Vaporeon
|-damage|p2a: Vaporeon|11/100
|-status|p2a: Vaporeon|par
|-enditem|p2a: Vaporeon|Salac Berry|[eat]
|-boost|p2a: Vaporeon|spe|1|[from] item: Salac Berry
|move|p2a: Vaporeon|Stored Power|p1a: Zapdos
|-damage|p1a: Zapdos|0 fnt
|faint|p1a: Zapdos
|
|upkeep
|
|t:|1760375033
|switch|p1a: Meowscarada|Meowscarada, M, shiny|100/100
|turn|16
|
|t:|1760375039
|move|p1a: Meowscarada|Giga Drain|p2a: Vaporeon
|-supereffective|p2a: Vaporeon
|-damage|p2a: Vaporeon|1/100 par
|cant|p2a: Vaporeon|par
|
|upkeep
|turn|17
|
|t:|1760375045
|move|p1a: Meowscarada|Giga Drain|p2a: Vaporeon
|-supereffective|p2a: Vaporeon
|-damage|p2a: Vaporeon|0 fnt
|faint|p2a: Vaporeon
|
|upkeep
|
|t:|1760375051
|switch|p2a: Sylveon|Sylveon, F, tera:Steel|74/100
|turn|18
|
|t:|1760375066
|switch|p1a: Primarina|Primarina, F, shiny|9/100
|move|p2a: Sylveon|Psychic|p1a: Primarina
|-damage|p1a: Primarina|0 fnt
|faint|p1a: Primarina
|
|upkeep
|
|t:|1760375076
|switch|p1a: Ceruledge|Ceruledge, F, shiny|100/100
|-item|p1a: Ceruledge|Air Balloon
|turn|19
|
|t:|1760375082
|move|p1a: Ceruledge|Bitter Blade|p2a: Sylveon
|-supereffective|p2a: Sylveon
|-damage|p2a: Sylveon|0 fnt
|faint|p2a: Sylveon
|
|upkeep
|
|t:|1760375091
|switch|p2a: Espeon|Espeon, F|100/100
|turn|20
|
|t:|1760375098
|move|p2a: Espeon|Shadow Ball|p1a: Ceruledge
|-supereffective|p1a: Ceruledge
|-damage|p1a: Ceruledge|29/100
|-enditem|p1a: Ceruledge|Air Balloon
|move|p1a: Ceruledge|Shadow Ball|p2a: Espeon
|-supereffective|p2a: Espeon
|-damage|p2a: Espeon|54/100
|
|upkeep
|turn|21
|
|t:|1760375112
|switch|p1a: Meowscarada|Meowscarada, M, shiny|100/100
|move|p2a: Espeon|Shadow Ball|p1a: Meowscarada
|-resisted|p1a: Meowscarada
|-damage|p1a: Meowscarada|80/100
|
|upkeep
|turn|22
|
|t:|1760375126
|switch|p2a: Jolteon|Jolteon, M|100/100
|move|p1a: Meowscarada|Knock Off|p2a: Jolteon
|-damage|p2a: Jolteon|11/100
|-enditem|p2a: Jolteon|Expert Belt|[from] move: Knock Off|[of] p1a: Meowscarada
|
|upkeep
|turn|23
|
|t:|1760375140
|move|p2a: Jolteon|Alluring Voice|p1a: Meowscarada
|-supereffective|p1a: Meowscarada
|-damage|p1a: Meowscarada|3/100
|move|p1a: Meowscarada|Giga Drain|p2a: Jolteon
|-damage|p2a: Jolteon|0 fnt
|-heal|p1a: Meowscarada|7/100|[from] drain|[of] p2a: Jolteon
|faint|p2a: Jolteon
|
|upkeep
|
|t:|1760375150
|switch|p2a: Espeon|Espeon, F|54/100
|turn|24
|
|t:|1760375163
|move|p1a: Meowscarada|Knock Off|p2a: Espeon
|-supereffective|p2a: Espeon
|-damage|p2a: Espeon|0 fnt
|-enditem|p2a: Espeon|Throat Spray|[from] move: Knock Off|[of] p1a: Meowscarada
|faint|p2a: Espeon
|
|win|espermadomal
|raw|espermadomal's rating: 1023 &rarr; <strong>1057</strong><br />(+34 for winning)
|raw|InkedDemon95's rating: 1000 &rarr; <strong>1000</strong><br />(+0 for losing)
