|j|‽xen769
|j|☆Shaymas
|t:|1760431343
|gametype|singles
|player|p1|xen769|medium|1427
|player|p2|Shaymas|rancher|1423
|gen|9
|tier|[Gen 9] OU
|rated|
|rule|HP Percentage Mod: HP is shown in percentages
|rule|Endless Battle Clause: Forcing endless battles is banned
|rule|Species Clause: Limit one of each Pokémon
|rule|OHKO Clause: OHKO moves are banned
|rule|Evasion Items Clause: Evasion items are banned
|rule|Evasion Moves Clause: Evasion moves are banned
|rule|Evasion Abilities Clause: Evasion abilities are banned
|rule|Sleep Moves Clause: Sleep-inducing moves are banned
|clearpoke
|poke|p1|Great Tusk|
|poke|p1|Enamorus, F|
|poke|p1|Landorus-Therian, M|
|poke|p1|Gholdengo|
|poke|p1|Araquanid, F|
|poke|p1|Moltres|
|poke|p2|Tyranitar, M|
|poke|p2|Excadrill, F|
|poke|p2|Kingambit, M|
|poke|p2|Garchomp, F|
|poke|p2|Pecharunt|
|poke|p2|Rotom-Wash|
|teampreview
|inactive|Battle timer is ON: inactive players will automatically lose when time's up. (requested by Shaymas)
|inactive|xen769 has 120 seconds left.
|
|t:|1760431378
|teamsize|p1|6
|teamsize|p2|6
|start
|switch|p1a: Araquanid|Araquanid, F|100/100
|switch|p2a: Pecharunt|Pecharunt|100/100
|-item|p2a: Pecharunt|Air Balloon
|turn|1
|
|t:|1760431383
|move|p2a: Pecharunt|Malignant Chain|p1a: Araquanid
|-damage|p1a: Araquanid|75/100
|-status|p1a: Araquanid|tox
|-start|p1a: Araquanid|confusion|[from] ability: Poison Puppeteer|[of] p2a: Pecharunt
|-activate|p1a: Araquanid|confusion
|move|p1a: Araquanid|Sticky Web|p2a: Pecharunt
|-sidestart|p2: Shaymas|move: Sticky Web
|
|-damage|p1a: Araquanid|68/100 tox|[from] psn
|upkeep
|turn|2
|inactive|xen769 has 120 seconds left.
|
|t:|1760431430
|switch|p1a: Gholdengo|Gholdengo|100/100
|-item|p1a: Gholdengo|Air Balloon
|move|p2a: Pecharunt|Shadow Ball|p1a: Gholdengo
|-supereffective|p1a: Gholdengo
|-damage|p1a: Gholdengo|40/100
|-enditem|p1a: Gholdengo|Air Balloon
|
|upkeep
|turn|3
|
|t:|1760431439
|switch|p1a: Moltres|Moltres|100/100
|switch|p2a: Tyranitar|Tyranitar, M|100/100
|-activate|p2a: Tyranitar|move: Sticky Web
|-unboost|p2a: Tyranitar|spe|1
|-weather|Sandstorm|[from] ability: Sand Stream|[of] p2a: Tyranitar
|
|-weather|Sandstorm|[upkeep]
|-damage|p1a: Moltres|94/100|[from] Sandstorm
|upkeep
|turn|4
|inactive|xen769 has 90 seconds left.
|
|t:|1760431489
|switch|p1a: Landorus|Landorus-Therian, M|100/100
|-ability|p1a: Landorus|Intimidate|boost
|-unboost|p2a: Tyranitar|atk|1
|move|p2a: Tyranitar|Ice Beam|p1a: Landorus
|-supereffective|p1a: Landorus
|-crit|p1a: Landorus
|-damage|p1a: Landorus|0 fnt
|faint|p1a: Landorus
|
|-weather|Sandstorm|[upkeep]
|upkeep
|inactive|xen769 has 60 seconds left.
|
|t:|1760431510
|switch|p1a: Great Tusk|Great Tusk, shiny|100/100
|turn|5
|inactive|xen769 has 60 seconds left.
|
|t:|1760431517
|switch|p2a: Rotom|Rotom-Wash|100/100
|move|p1a: Great Tusk|Rapid Spin|p2a: Rotom
|-damage|p2a: Rotom|87/100
|-boost|p1a: Great Tusk|spe|1
|
|-weather|Sandstorm|[upkeep]
|-damage|p2a: Rotom|81/100|[from] Sandstorm
|-heal|p2a: Rotom|87/100|[from] item: Leftovers
|upkeep
|turn|6
|
|t:|1760431524
|-end|p1a: Great Tusk|Protosynthesis|[silent]
|switch|p1a: Gholdengo|Gholdengo|40/100
|move|p2a: Rotom|Will-O-Wisp|p1a: Gholdengo
|-immune|p1a: Gholdengo|[from] ability: Good as Gold
|
|-weather|Sandstorm|[upkeep]
|-damage|p2a: Rotom|81/100|[from] Sandstorm
|-heal|p2a: Rotom|87/100|[from] item: Leftovers
|upkeep
|turn|7
|
|t:|1760431531
|move|p1a: Gholdengo|Thunderbolt|p2a: Rotom
|-damage|p2a: Rotom|50/100
|move|p2a: Rotom|Volt Switch|p1a: Gholdengo
|-damage|p1a: Gholdengo|9/100
|
|t:|1760431534
|switch|p2a: Excadrill|Excadrill, F|100/100|[from] Volt Switch
|-activate|p2a: Excadrill|move: Sticky Web
|-unboost|p2a: Excadrill|spe|1
|
|-weather|Sandstorm|[upkeep]
|upkeep
|turn|8
|inactive|xen769 has 60 seconds left.
|inactive|xen769 has 30 seconds left.
|inactive|xen769 has 20 seconds left.
|inactive|xen769 has 15 seconds left.
|inactive|xen769 has 10 seconds left.
|
|t:|1760431611
|move|p2a: Excadrill|Earthquake|p1a: Gholdengo
|-supereffective|p1a: Gholdengo
|-damage|p1a: Gholdengo|0 fnt
|faint|p1a: Gholdengo
|-damage|p2a: Excadrill|91/100|[from] item: Life Orb
|
|-weather|Sandstorm|[upkeep]
|upkeep
|inactive|xen769 has 15 seconds left this turn.
|
|t:|1760431613
|switch|p1a: Moltres|Moltres|94/100
|turn|9
|inactive|xen769 has 25 seconds left this turn.
|
|t:|1760431618
|move|p2a: Excadrill|Rock Slide|p1a: Moltres
|-supereffective|p1a: Moltres
|-damage|p1a: Moltres|0 fnt
|faint|p1a: Moltres
|-damage|p2a: Excadrill|81/100|[from] item: Life Orb
|
|-weather|Sandstorm|[upkeep]
|upkeep
|inactive|xen769 has 30 seconds left this turn.
|
|t:|1760431625
|switch|p1a: Araquanid|Araquanid, F|68/100 tox
|turn|10
|inactive|xen769 has 30 seconds left.
|
|t:|1760431638
|move|p2a: Excadrill|Rock Slide|p1a: Araquanid|[miss]
|-miss|p2a: Excadrill|p1a: Araquanid
|move|p1a: Araquanid|Liquidation|p2a: Excadrill
|-supereffective|p2a: Excadrill
|-damage|p2a: Excadrill|0 fnt
|faint|p2a: Excadrill
|
|-weather|none
|-damage|p1a: Araquanid|62/100 tox|[from] psn
|upkeep
|
|t:|1760431653
|switch|p2a: Garchomp|Garchomp, F|100/100
|-activate|p2a: Garchomp|move: Sticky Web
|-unboost|p2a: Garchomp|spe|1
|turn|11
|inactive|xen769 has 30 seconds left.
|inactive|xen769 has 20 seconds left.
|inactive|xen769 has 15 seconds left.
|inactive|xen769 has 10 seconds left.
|inactive|xen769 has 5 seconds left.
|
|t:|1760431695
|move|p2a: Garchomp|Scale Shot|p1a: Araquanid
|-damage|p1a: Araquanid|48/100 tox
|-damage|p1a: Araquanid|33/100 tox
|-damage|p1a: Araquanid|18/100 tox
|-damage|p1a: Araquanid|5/100 tox
|-damage|p1a: Araquanid|0 fnt
|faint|p1a: Araquanid
|-hitcount|p1: Araquanid|5
|-unboost|p2a: Garchomp|def|1
|-boost|p2a: Garchomp|spe|1
|
|upkeep
|inactive|xen769 has 10 seconds left this turn.
|inactive|xen769 has 5 seconds left.
|
|t:|1760431700
|switch|p1a: Great Tusk|Great Tusk, shiny|100/100
|turn|12
|inactive|xen769 has 15 seconds left this turn.
|inactive|xen769 has 10 seconds left.
|
|t:|1760431707
|switch|p2a: Rotom|Rotom-Wash|50/100
|move|p1a: Great Tusk|Ice Spinner|p2a: Rotom
|-resisted|p2a: Rotom
|-damage|p2a: Rotom|38/100
|
|-heal|p2a: Rotom|45/100|[from] item: Leftovers
|upkeep
|turn|13
|inactive|xen769 has 20 seconds left this turn.
|inactive|xen769 has 15 seconds left.
|inactive|xen769 has 10 seconds left.
|
|t:|1760431717
|-end|p1a: Great Tusk|Protosynthesis|[silent]
|switch|p1a: Enamorus|Enamorus, F, shiny|100/100
|move|p2a: Rotom|Pain Split|p1a: Enamorus
|-sethp|p1a: Enamorus|74/100|[from] move: Pain Split|[silent]
|-sethp|p2a: Rotom|70/100|[from] move: Pain Split
|
|-heal|p2a: Rotom|76/100|[from] item: Leftovers
|upkeep
|turn|14
|inactive|xen769 has 20 seconds left this turn.
|inactive|xen769 has 15 seconds left.
|
|t:|1760431724
|-terastallize|p1a: Enamorus|Stellar
|move|p1a: Enamorus|Tera Blast|p2a: Rotom|[anim] Tera Blast Stellar
|-damage|p2a: Rotom|7/100
|-boost|p1a: Enamorus|atk|1
|-boost|p1a: Enamorus|spa|1
|move|p2a: Rotom|Hydro Pump|p1a: Enamorus
|-damage|p1a: Enamorus|16/100
|
|-heal|p2a: Rotom|13/100|[from] item: Leftovers
|upkeep
|turn|15
|inactive|xen769 has 25 seconds left this turn.
|
|t:|1760431732
|move|p1a: Enamorus|Tera Blast|p2a: Rotom|[anim] Tera Blast Stellar
|-damage|p2a: Rotom|0 fnt
|-boost|p1a: Enamorus|atk|1
|-boost|p1a: Enamorus|spa|1
|faint|p2a: Rotom
|
|upkeep
|
|t:|1760431733
|switch|p2a: Pecharunt|Pecharunt|100/100
|-item|p2a: Pecharunt|Air Balloon
|turn|16
|
|t:|1760431736
|move|p1a: Enamorus|Tera Blast|p2a: Pecharunt|[anim] Tera Blast Stellar
|-damage|p2a: Pecharunt|0 fnt
|-boost|p1a: Enamorus|atk|1
|-boost|p1a: Enamorus|spa|1
|-enditem|p2a: Pecharunt|Air Balloon
|faint|p2a: Pecharunt
|
|upkeep
|
|t:|1760431740
|switch|p2a: Kingambit|Kingambit, M|100/100
|-activate|p2a: Kingambit|move: Sticky Web
|-unboost|p2a: Kingambit|spe|1
|-activate|p2a: Kingambit|ability: Supreme Overlord
|-start|p2a: Kingambit|fallen3|[silent]
|turn|17
|
|t:|1760431750
|move|p2a: Kingambit|Sucker Punch|p1a: Enamorus
|-resisted|p1a: Enamorus
|-damage|p1a: Enamorus|0 fnt
|faint|p1a: Enamorus
|
|upkeep
|
|t:|1760431752
|switch|p1a: Great Tusk|Great Tusk, shiny|100/100
|turn|18
|
|t:|1760431759
|move|p1a: Great Tusk|Bulk Up|p1a: Great Tusk
|-boost|p1a: Great Tusk|atk|1
|-boost|p1a: Great Tusk|def|1
|move|p2a: Kingambit|Iron Head|p1a: Great Tusk
|-damage|p1a: Great Tusk|72/100
|
|upkeep
|turn|19
|
|t:|1760431761
|move|p1a: Great Tusk|Headlong Rush|p2a: Kingambit
|-supereffective|p2a: Kingambit
|-crit|p2a: Kingambit
|-damage|p2a: Kingambit|0 fnt
|-unboost|p1a: Great Tusk|def|1
|-unboost|p1a: Great Tusk|spd|1
|faint|p2a: Kingambit
|-end|p2a: Kingambit|fallen3|[silent]
|
|upkeep
|
|t:|1760431766
|switch|p2a: Garchomp|Garchomp, F|100/100
|-activate|p2a: Garchomp|move: Sticky Web
|-unboost|p2a: Garchomp|spe|1
|turn|20
|
|t:|1760431774
|move|p1a: Great Tusk|Ice Spinner|p2a: Garchomp
|-supereffective|p2a: Garchomp
|-damage|p2a: Garchomp|0 fnt
|-damage|p1a: Great Tusk|60/100|[from] ability: Rough Skin|[of] p2a: Garchomp
|faint|p2a: Garchomp
|
|upkeep
|
|t:|1760431776
|switch|p2a: Tyranitar|Tyranitar, M|100/100
|-activate|p2a: Tyranitar|move: Sticky Web
|-unboost|p2a: Tyranitar|spe|1
|-weather|Sandstorm|[from] ability: Sand Stream|[of] p2a: Tyranitar
|turn|21
|
|t:|1760431779
|-terastallize|p2a: Tyranitar|Flying
|move|p1a: Great Tusk|Headlong Rush|p2a: Tyranitar
|-immune|p2a: Tyranitar
|move|p2a: Tyranitar|Ice Beam|p1a: Great Tusk
|-supereffective|p1a: Great Tusk
|-damage|p1a: Great Tusk|0 fnt
|faint|p1a: Great Tusk
|-end|p1a: Great Tusk|Protosynthesis|[silent]
|
|win|Shaymas
|raw|xen769's rating: 1427 &rarr; <strong>1407</strong><br />(-20 for losing)
|raw|Shaymas's rating: 1423 &rarr; <strong>1443</strong><br />(+20 for winning)
|l|☆Shaymas
|player|p2|
