|j|☆Blaziken666
|j|☆slash#4700
|t:|1760436878
|gametype|singles
|player|p1|Blaziken666|265|1342
|player|p2|slash#4700|2|1348
|gen|9
|tier|[Gen 9] OU
|rated|
|rule|HP Percentage Mod: HP is shown in percentages
|rule|Endless Battle Clause: Forcing endless battles is banned
|rule|Species Clause: Limit one of each Pokémon
|rule|OHKO Clause: OHKO moves are banned
|rule|Evasion Items Clause: Evasion items are banned
|rule|Evasion Moves Clause: Evasion moves are banned
|rule|Evasion Abilities Clause: Evasion abilities are banned
|rule|Sleep Moves Clause: Sleep-inducing moves are banned
|clearpoke
|poke|p1|Ninetales-Alola, M|
|poke|p1|Blaziken, M|
|poke|p1|Primarina, F|
|poke|p1|Dragonite, F|
|poke|p1|Cloyster, M|
|poke|p1|Lokix, M|
|poke|p2|Kyurem|
|poke|p2|Darkrai|
|poke|p2|Zamazenta-*|
|poke|p2|Cinderace, F|
|poke|p2|Slowking-Galar, F|
|poke|p2|Dragonite, F|
|teampreview
|inactive|Battle timer is ON: inactive players will automatically lose when time's up. (requested by slash#4700)
|
|t:|1760436899
|teamsize|p1|6
|teamsize|p2|6
|start
|switch|p1a: Lokix|Lokix, M|100/100
|switch|p2a: Cinderace|Cinderace, F|100/100
|turn|1
|inactive|slash#4700 has 120 seconds left.
|
|t:|1760436933
|-terastallize|p1a: Lokix|Bug
|move|p1a: Lokix|First Impression|p2a: Cinderace
|-resisted|p2a: Cinderace
|-damage|p2a: Cinderace|0 fnt
|faint|p2a: Cinderace
|
|upkeep
|inactive|slash#4700 has 120 seconds left.
|
|t:|1760436946
|switch|p2a: Zamazenta|Zamazenta|100/100
|-ability|p2a: Zamazenta|Dauntless Shield|boost
|-boost|p2a: Zamazenta|def|1
|turn|2
|inactive|slash#4700 has 120 seconds left.
|
|t:|1760436952
|switch|p1a: Primarina|Primarina, F|100/100
|move|p2a: Zamazenta|Iron Defense|p2a: Zamazenta
|-boost|p2a: Zamazenta|def|2
|
|upkeep
|turn|3
|
|t:|1760436957
|switch|p2a: Slowking|Slowking-Galar, F|100/100
|move|p1a: Primarina|Moonblast|p2a: Slowking
|-resisted|p2a: Slowking
|-damage|p2a: Slowking|86/100
|-unboost|p2a: Slowking|spa|1
|
|upkeep
|turn|4
|
|t:|1760436974
|move|p1a: Primarina|Surf|p2a: Slowking
|-damage|p2a: Slowking|58/100
|move|p2a: Slowking|Thunder Wave|p1a: Primarina
|-status|p1a: Primarina|par
|
|upkeep
|turn|5
|
|t:|1760436986
|move|p1a: Primarina|Substitute|p1a: Primarina
|-start|p1a: Primarina|Substitute
|-damage|p1a: Primarina|76/100 par
|move|p2a: Slowking|Sludge Bomb|p1a: Primarina
|-supereffective|p1a: Primarina
|-end|p1a: Primarina|Substitute
|
|-heal|p1a: Primarina|82/100 par|[from] item: Leftovers
|upkeep
|turn|6
|
|t:|1760436990
|move|p1a: Primarina|Surf|p2a: Slowking
|-damage|p2a: Slowking|27/100
|move|p2a: Slowking|Sludge Bomb|p1a: Primarina
|-supereffective|p1a: Primarina
|-damage|p1a: Primarina|42/100 par
|
|-heal|p1a: Primarina|48/100 par|[from] item: Leftovers
|upkeep
|turn|7
|
|t:|1760437002
|cant|p1a: Primarina|par
|move|p2a: Slowking|Sludge Bomb|p1a: Primarina
|-supereffective|p1a: Primarina
|-damage|p1a: Primarina|6/100 par
|
|-heal|p1a: Primarina|13/100 par|[from] item: Leftovers
|upkeep
|turn|8
|
|t:|1760437007
|move|p1a: Primarina|Surf|p2a: Slowking
|-damage|p2a: Slowking|0 fnt
|faint|p2a: Slowking
|
|-heal|p1a: Primarina|19/100 par|[from] item: Leftovers
|upkeep
|
|t:|1760437009
|switch|p2a: Kyurem|Kyurem|100/100
|-ability|p2a: Kyurem|Pressure
|turn|9
|
|t:|1760437015
|move|p2a: Kyurem|Freeze-Dry|p1a: Primarina
|-supereffective|p1a: Primarina
|-damage|p1a: Primarina|0 fnt
|faint|p1a: Primarina
|
|upkeep
|
|t:|1760437028
|switch|p1a: Blaziken|Blaziken, M|100/100
|turn|10
|
|t:|1760437039
|switch|p2a: Zamazenta|Zamazenta|100/100
|move|p1a: Blaziken|Close Combat|p2a: Zamazenta
|-damage|p2a: Zamazenta|53/100
|-unboost|p1a: Blaziken|def|1
|-unboost|p1a: Blaziken|spd|1
|
|-heal|p2a: Zamazenta|60/100|[from] item: Leftovers
|-ability|p1a: Blaziken|Speed Boost|boost
|-boost|p1a: Blaziken|spe|1
|upkeep
|turn|11
|
|t:|1760437046
|move|p2a: Zamazenta|Body Press|p1a: Blaziken
|-damage|p1a: Blaziken|27/100
|move|p1a: Blaziken|Close Combat|p2a: Zamazenta
|-damage|p2a: Zamazenta|13/100
|-unboost|p1a: Blaziken|def|1
|-unboost|p1a: Blaziken|spd|1
|
|-heal|p2a: Zamazenta|19/100|[from] item: Leftovers
|-heal|p1a: Blaziken|33/100|[from] item: Leftovers
|-ability|p1a: Blaziken|Speed Boost|boost
|-boost|p1a: Blaziken|spe|1
|upkeep
|turn|12
|
|t:|1760437055
|move|p1a: Blaziken|Close Combat|p2a: Zamazenta
|-damage|p2a: Zamazenta|0 fnt
|-unboost|p1a: Blaziken|def|1
|-unboost|p1a: Blaziken|spd|1
|faint|p2a: Zamazenta
|
|-heal|p1a: Blaziken|39/100|[from] item: Leftovers
|-ability|p1a: Blaziken|Speed Boost|boost
|-boost|p1a: Blaziken|spe|1
|upkeep
|
|t:|1760437058
|switch|p2a: Dragonite|Dragonite, F|100/100
|turn|13
|
|t:|1760437069
|switch|p1a: Cloyster|Cloyster, M|100/100
|move|p2a: Dragonite|Extreme Speed|p1a: Cloyster
|-damage|p1a: Cloyster|63/100
|
|upkeep
|turn|14
|
|t:|1760437072
|switch|p2a: Kyurem|Kyurem|100/100
|-ability|p2a: Kyurem|Pressure
|move|p1a: Cloyster|Icicle Spear|p2a: Kyurem
|-damage|p2a: Kyurem|86/100
|-damage|p2a: Kyurem|73/100
|-damage|p2a: Kyurem|60/100
|-crit|p2a: Kyurem
|-damage|p2a: Kyurem|39/100
|-damage|p2a: Kyurem|25/100
|-hitcount|p2a: Kyurem|5
|-damage|p1a: Cloyster|53/100|[from] item: Life Orb
|
|upkeep
|turn|15
|
|t:|1760437086
|switch|p1a: Blaziken|Blaziken, M|39/100
|move|p2a: Kyurem|Freeze-Dry|p1a: Blaziken
|-resisted|p1a: Blaziken
|-damage|p1a: Blaziken|11/100
|
|-heal|p1a: Blaziken|17/100|[from] item: Leftovers
|upkeep
|turn|16
|
|t:|1760437095
|move|p2a: Kyurem|Freeze-Dry|p1a: Blaziken
|-resisted|p1a: Blaziken
|-damage|p1a: Blaziken|0 fnt
|faint|p1a: Blaziken
|
|upkeep
|
|t:|1760437104
|switch|p1a: Ninetales|Ninetales-Alola, M|100/100
|-weather|Snowscape|[from] ability: Snow Warning|[of] p1a: Ninetales
|turn|17
|
|t:|1760437115
|switch|p2a: Darkrai|Darkrai|100/100
|move|p1a: Ninetales|Aurora Veil|p1a: Ninetales
|-sidestart|p1: Blaziken666|move: Aurora Veil
|
|-weather|Snowscape|[upkeep]
|upkeep
|turn|18
|
|t:|1760437120
|move|p2a: Darkrai|Sludge Bomb|p1a: Ninetales
|-supereffective|p1a: Ninetales
|-damage|p1a: Ninetales|71/100
|-status|p1a: Ninetales|psn
|move|p1a: Ninetales|Moonblast|p2a: Darkrai
|-supereffective|p2a: Darkrai
|-damage|p2a: Darkrai|28/100
|
|-weather|Snowscape|[upkeep]
|-damage|p1a: Ninetales|58/100 psn|[from] psn
|upkeep
|turn|19
|
|t:|1760437128
|move|p2a: Darkrai|Sludge Bomb|p1a: Ninetales
|-supereffective|p1a: Ninetales
|-damage|p1a: Ninetales|25/100 psn
|move|p1a: Ninetales|Moonblast|p2a: Darkrai
|-supereffective|p2a: Darkrai
|-damage|p2a: Darkrai|0 fnt
|faint|p2a: Darkrai
|
|-weather|Snowscape|[upkeep]
|-damage|p1a: Ninetales|13/100 psn|[from] psn
|upkeep
|
|t:|1760437133
|switch|p2a: Dragonite|Dragonite, F|100/100
|turn|20
|
|t:|1760437137
|move|p2a: Dragonite|Extreme Speed|p1a: Ninetales
|-damage|p1a: Ninetales|0 fnt
|faint|p1a: Ninetales
|
|-weather|Snowscape|[upkeep]
|upkeep
|
|t:|1760437145
|switch|p1a: Cloyster|Cloyster, M|53/100
|turn|21
|
|t:|1760437149
|switch|p2a: Kyurem|Kyurem|25/100
|-ability|p2a: Kyurem|Pressure
|move|p1a: Cloyster|Icicle Spear|p2a: Kyurem
|-damage|p2a: Kyurem|15/100
|-damage|p2a: Kyurem|5/100
|-damage|p2a: Kyurem|0 fnt
|faint|p2a: Kyurem
|-hitcount|p2: Kyurem|3
|-damage|p1a: Cloyster|43/100|[from] item: Life Orb
|
|-weather|none
|upkeep
|
|t:|1760437152
|switch|p2a: Dragonite|Dragonite, F|100/100
|turn|22
|
|t:|1760437156
|-terastallize|p2a: Dragonite|Dragon
|move|p2a: Dragonite|Outrage|p1a: Cloyster
|-damage|p1a: Cloyster|0 fnt
|faint|p1a: Cloyster
|
|upkeep
|
|t:|1760437166
|switch|p1a: Dragonite|Dragonite, F|100/100
|turn|23
|
|t:|1760437169
|move|p1a: Dragonite|Extreme Speed|p2a: Dragonite
|-damage|p2a: Dragonite|83/100
|move|p2a: Dragonite|Outrage|p1a: Dragonite|[from] lockedmove
|-supereffective|p1a: Dragonite
|-damage|p1a: Dragonite|26/100
|
|upkeep
|turn|24
|
|t:|1760437173
|move|p1a: Dragonite|Extreme Speed|p2a: Dragonite
|-damage|p2a: Dragonite|49/100
|move|p2a: Dragonite|Outrage|p1a: Dragonite|[from] lockedmove
|-supereffective|p1a: Dragonite
|-damage|p1a: Dragonite|0 fnt
|faint|p1a: Dragonite
|-start|p2a: Dragonite|confusion|[fatigue]
|
|-sideend|p1: Blaziken666|move: Aurora Veil
|upkeep
|
|t:|1760437175
|switch|p1a: Lokix|Lokix, M, tera:Bug|100/100
|turn|25
|
|t:|1760437177
|move|p1a: Lokix|First Impression|p2a: Dragonite
|-damage|p2a: Dragonite|0 fnt
|faint|p2a: Dragonite
|
|win|Blaziken666
|raw|Blaziken666's rating: 1342 &rarr; <strong>1362</strong><br />(+20 for winning)
|raw|slash#4700's rating: 1348 &rarr; <strong>1328</strong><br />(-20 for losing)
|l|☆slash#4700
|player|p2|
|l|☆Blaziken666
|player|p1|
