|j|☆abhi007xu
|j|☆iwsasalial
|t:|1760364875
|gametype|singles
|player|p1|abhi007xu|nate|1395
|player|p2|iwsasalial|265|1344
|gen|9
|tier|[Gen 9] OU
|rated|
|rule|HP Percentage Mod: HP is shown in percentages
|rule|Endless Battle Clause: Forcing endless battles is banned
|rule|Species Clause: Limit one of each Pokémon
|rule|OHKO Clause: OHKO moves are banned
|rule|Evasion Items Clause: Evasion items are banned
|rule|Evasion Moves Clause: Evasion moves are banned
|rule|Evasion Abilities Clause: Evasion abilities are banned
|rule|Sleep Moves Clause: Sleep-inducing moves are banned
|clearpoke
|poke|p1|Landorus-Therian, M|
|poke|p1|Samurott-Hisui, F|
|poke|p1|Pecharunt|
|poke|p1|Scizor, M|
|poke|p1|Latios, M|
|poke|p1|Zamazenta-*|
|poke|p2|Samurott-Hisui, M|
|poke|p2|Gliscor, M|
|poke|p2|Blissey, F|
|poke|p2|Dragapult, F|
|poke|p2|Iron Valiant|
|poke|p2|Iron Treads|
|teampreview
|
|t:|1760364882
|teamsize|p1|6
|teamsize|p2|6
|start
|switch|p1a: Samurott|Samurott-Hisui, F, shiny|100/100
|switch|p2a: Samurott|Samurott-Hisui, M|100/100
|turn|1
|
|t:|1760364887
|move|p2a: Samurott|Flip Turn|p1a: Samurott
|-resisted|p1a: Samurott
|-damage|p1a: Samurott|85/100
|
|t:|1760364890
|switch|p2a: Iron Valiant|Iron Valiant|100/100|[from] Flip Turn
|-enditem|p2a: Iron Valiant|Booster Energy
|-activate|p2a: Iron Valiant|ability: Quark Drive|[fromitem]
|-start|p2a: Iron Valiant|quarkdrivespe
|move|p1a: Samurott|Ceaseless Edge|p2a: Iron Valiant
|-resisted|p2a: Iron Valiant
|-damage|p2a: Iron Valiant|86/100
|-sidestart|p2: iwsasalial|Spikes
|
|upkeep
|turn|2
|
|t:|1760364895
|switch|p1a: Landorus|Landorus-Therian, M, shiny|100/100
|-ability|p1a: Landorus|Intimidate|boost
|-unboost|p2a: Iron Valiant|atk|1
|move|p2a: Iron Valiant|Moonblast|p1a: Landorus
|-damage|p1a: Landorus|53/100
|
|upkeep
|turn|3
|
|t:|1760364899
|-end|p2a: Iron Valiant|Quark Drive|[silent]
|switch|p2a: Gliscor|Gliscor, M|100/100
|move|p1a: Landorus|Earthquake|p2a: Gliscor
|-immune|p2a: Gliscor
|
|-status|p2a: Gliscor|tox|[from] item: Toxic Orb
|upkeep
|turn|4
|
|t:|1760364903
|move|p1a: Landorus|Stealth Rock|p2a: Gliscor
|-sidestart|p2: iwsasalial|move: Stealth Rock
|move|p2a: Gliscor|Knock Off|p1a: Landorus
|-damage|p1a: Landorus|34/100
|-damage|p2a: Gliscor|84/100 tox|[from] item: Rocky Helmet|[of] p1a: Landorus
|-enditem|p1a: Landorus|Rocky Helmet|[from] move: Knock Off|[of] p2a: Gliscor
|
|-heal|p2a: Gliscor|96/100 tox|[from] ability: Poison Heal
|upkeep
|turn|5
|
|t:|1760364910
|move|p1a: Landorus|U-turn|p2a: Gliscor
|-resisted|p2a: Gliscor
|-damage|p2a: Gliscor|89/100 tox
|
|t:|1760364914
|switch|p1a: Samurott|Samurott-Hisui, F, shiny|85/100|[from] U-turn
|move|p2a: Gliscor|Knock Off|p1a: Samurott
|-resisted|p1a: Samurott
|-damage|p1a: Samurott|72/100
|-enditem|p1a: Samurott|Assault Vest|[from] move: Knock Off|[of] p2a: Gliscor
|
|-heal|p2a: Gliscor|100/100 tox|[from] ability: Poison Heal
|upkeep
|turn|6
|
|t:|1760364921
|switch|p2a: Samurott|Samurott-Hisui, M|100/100
|-damage|p2a: Samurott|88/100|[from] Spikes
|-damage|p2a: Samurott|76/100|[from] Stealth Rock
|move|p1a: Samurott|Razor Shell|p2a: Samurott
|-resisted|p2a: Samurott
|-damage|p2a: Samurott|38/100
|-unboost|p2a: Samurott|def|1
|
|upkeep
|turn|7
|
|t:|1760364929
|move|p2a: Samurott|Ceaseless Edge|p1a: Samurott
|-resisted|p1a: Samurott
|-damage|p1a: Samurott|44/100
|-sidestart|p1: abhi007xu|Spikes
|move|p1a: Samurott|Ceaseless Edge|p2a: Samurott
|-resisted|p2a: Samurott
|-damage|p2a: Samurott|0 fnt
|-sidestart|p2: iwsasalial|Spikes
|faint|p2a: Samurott
|
|upkeep
|
|t:|1760364937
|switch|p2a: Iron Valiant|Iron Valiant|86/100
|-damage|p2a: Iron Valiant|69/100|[from] Spikes
|-damage|p2a: Iron Valiant|63/100|[from] Stealth Rock
|turn|8
|
|t:|1760364942
|switch|p1a: Landorus|Landorus-Therian, M, shiny|34/100
|-ability|p1a: Landorus|Intimidate|boost
|-unboost|p2a: Iron Valiant|atk|1
|move|p2a: Iron Valiant|Moonblast|p1a: Landorus
|-damage|p1a: Landorus|0 fnt
|faint|p1a: Landorus
|
|upkeep
|
|t:|1760364947
|switch|p1a: Scizor|Scizor, M, shiny|100/100
|turn|9
|
|t:|1760364953
|-end|p2a: Iron Valiant|Quark Drive|[silent]
|switch|p2a: Iron Treads|Iron Treads|100/100
|move|p1a: Scizor|Swords Dance|p1a: Scizor
|-boost|p1a: Scizor|atk|2
|
|upkeep
|turn|10
|
|t:|1760364957
|move|p2a: Iron Treads|Rapid Spin|p1a: Scizor
|-resisted|p1a: Scizor
|-damage|p1a: Scizor|91/100
|-boost|p2a: Iron Treads|spe|1
|-sideend|p2: iwsasalial|Spikes|[from] move: Rapid Spin|[of] p2a: Iron Treads
|-sideend|p2: iwsasalial|Stealth Rock|[from] move: Rapid Spin|[of] p2a: Iron Treads
|move|p1a: Scizor|Swords Dance|p1a: Scizor
|-boost|p1a: Scizor|atk|2
|
|upkeep
|turn|11
|inactive|Battle timer is ON: inactive players will automatically lose when time's up. (requested by iwsasalial)
|
|t:|1760364963
|move|p2a: Iron Treads|Earthquake|p1a: Scizor
|-damage|p1a: Scizor|39/100
|move|p1a: Scizor|Knock Off|p2a: Iron Treads
|-crit|p2a: Iron Treads
|-damage|p2a: Iron Treads|0 fnt
|-enditem|p2a: Iron Treads|Heavy-Duty Boots|[from] move: Knock Off|[of] p1a: Scizor
|faint|p2a: Iron Treads
|-end|p2a: Iron Treads|Quark Drive|[silent]
|
|upkeep
|
|t:|1760364969
|switch|p2a: Gliscor|Gliscor, M|100/100 tox
|turn|12
|
|t:|1760364974
|move|p2a: Gliscor|Earthquake|p1a: Scizor
|-damage|p1a: Scizor|0 fnt
|faint|p1a: Scizor
|
|upkeep
|
|t:|1760364978
|switch|p1a: Samurott|Samurott-Hisui, F, shiny|44/100
|-damage|p1a: Samurott|32/100|[from] Spikes
|turn|13
|
|t:|1760364984
|-terastallize|p2a: Gliscor|Water
|move|p1a: Samurott|Razor Shell|p2a: Gliscor
|-resisted|p2a: Gliscor
|-damage|p2a: Gliscor|83/100 tox
|-unboost|p2a: Gliscor|def|1
|move|p2a: Gliscor|Earthquake|p1a: Samurott
|-damage|p1a: Samurott|0 fnt
|faint|p1a: Samurott
|
|-heal|p2a: Gliscor|96/100 tox|[from] ability: Poison Heal
|upkeep
|
|t:|1760364987
|switch|p1a: Zamazenta|Zamazenta|100/100
|-damage|p1a: Zamazenta|88/100|[from] Spikes
|-ability|p1a: Zamazenta|Dauntless Shield|boost
|-boost|p1a: Zamazenta|def|1
|turn|14
|
|t:|1760364992
|move|p1a: Zamazenta|Iron Defense|p1a: Zamazenta
|-boost|p1a: Zamazenta|def|2
|move|p2a: Gliscor|Toxic|p1a: Zamazenta
|-status|p1a: Zamazenta|tox
|
|-heal|p1a: Zamazenta|94/100 tox|[from] item: Leftovers
|-damage|p1a: Zamazenta|88/100 tox|[from] psn
|-heal|p2a: Gliscor|100/100 tox|[from] ability: Poison Heal
|upkeep
|turn|15
|
|t:|1760364996
|switch|p2a: Iron Valiant|Iron Valiant|63/100
|move|p1a: Zamazenta|Crunch|p2a: Iron Valiant
|-resisted|p2a: Iron Valiant
|-damage|p2a: Iron Valiant|57/100
|-unboost|p2a: Iron Valiant|def|1
|
|-heal|p1a: Zamazenta|94/100 tox|[from] item: Leftovers
|-damage|p1a: Zamazenta|82/100 tox|[from] psn
|upkeep
|turn|16
|
|t:|1760365001
|-end|p2a: Iron Valiant|Quark Drive|[silent]
|switch|p2a: Gliscor|Gliscor, M, tera:Water|100/100 tox
|move|p1a: Zamazenta|Body Press|p2a: Gliscor
|-damage|p2a: Gliscor|38/100 tox
|
|-heal|p1a: Zamazenta|88/100 tox|[from] item: Leftovers
|-damage|p1a: Zamazenta|70/100 tox|[from] psn
|-heal|p2a: Gliscor|50/100 tox|[from] ability: Poison Heal
|upkeep
|turn|17
|
|t:|1760365006
|switch|p2a: Iron Valiant|Iron Valiant|57/100
|move|p1a: Zamazenta|Body Press|p2a: Iron Valiant
|-resisted|p2a: Iron Valiant
|-damage|p2a: Iron Valiant|0 fnt
|faint|p2a: Iron Valiant
|-end|p2a: Iron Valiant|Quark Drive|[silent]
|
|-heal|p1a: Zamazenta|76/100 tox|[from] item: Leftovers
|-damage|p1a: Zamazenta|51/100 tox|[from] psn
|upkeep
|
|t:|1760365010
|switch|p2a: Dragapult|Dragapult, F|100/100
|turn|18
|
|t:|1760365013
|move|p2a: Dragapult|Draco Meteor|p1a: Zamazenta
|-damage|p1a: Zamazenta|0 fnt
|-unboost|p2a: Dragapult|spa|2
|faint|p1a: Zamazenta
|
|upkeep
|
|t:|1760365016
|switch|p1a: Latios|Latios, M|100/100
|turn|19
|
|t:|1760365021
|switch|p2a: Blissey|Blissey, F|100/100
|-terastallize|p1a: Latios|Steel
|move|p1a: Latios|Calm Mind|p1a: Latios
|-boost|p1a: Latios|spa|1
|-boost|p1a: Latios|spd|1
|
|upkeep
|turn|20
|
|t:|1760365027
|move|p1a: Latios|Calm Mind|p1a: Latios
|-boost|p1a: Latios|spa|1
|-boost|p1a: Latios|spd|1
|move|p2a: Blissey|Thunder Wave|p1a: Latios
|-status|p1a: Latios|par
|
|upkeep
|turn|21
|
|t:|1760365029
|move|p1a: Latios|Calm Mind|p1a: Latios
|-boost|p1a: Latios|spa|1
|-boost|p1a: Latios|spd|1
|move|p2a: Blissey|Seismic Toss|p1a: Latios
|-damage|p1a: Latios|67/100 par
|
|upkeep
|turn|22
|
|t:|1760365033
|move|p1a: Latios|Psychic Noise|p2a: Blissey
|-damage|p2a: Blissey|69/100
|-start|p2a: Blissey|move: Heal Block
|move|p2a: Blissey|Seismic Toss|p1a: Latios
|-damage|p1a: Latios|34/100 par
|
|upkeep
|turn|23
|
|t:|1760365037
|move|p1a: Latios|Recover|p1a: Latios
|-heal|p1a: Latios|84/100 par
|move|p2a: Blissey|Seismic Toss|p1a: Latios
|-damage|p1a: Latios|51/100 par
|
|-end|p2a: Blissey|move: Heal Block
|upkeep
|turn|24
|
|t:|1760365043
|move|p1a: Latios|Psychic Noise|p2a: Blissey
|-damage|p2a: Blissey|39/100
|-start|p2a: Blissey|move: Heal Block
|move|p2a: Blissey|Seismic Toss|p1a: Latios
|-damage|p1a: Latios|18/100 par
|
|upkeep
|turn|25
|
|t:|1760365047
|move|p1a: Latios|Recover|p1a: Latios
|-heal|p1a: Latios|68/100 par
|move|p2a: Blissey|Seismic Toss|p1a: Latios
|-damage|p1a: Latios|35/100 par
|
|-end|p2a: Blissey|move: Heal Block
|upkeep
|turn|26
|
|t:|1760365053
|move|p1a: Latios|Recover|p1a: Latios
|-heal|p1a: Latios|85/100 par
|move|p2a: Blissey|Soft-Boiled|p2a: Blissey
|-heal|p2a: Blissey|89/100
|
|-heal|p2a: Blissey|95/100|[from] item: Leftovers
|upkeep
|turn|27
|
|t:|1760365056
|move|p1a: Latios|Calm Mind|p1a: Latios
|-boost|p1a: Latios|spa|1
|-boost|p1a: Latios|spd|1
|move|p2a: Blissey|Seismic Toss|p1a: Latios
|-damage|p1a: Latios|52/100 par
|
|-heal|p2a: Blissey|100/100|[from] item: Leftovers
|upkeep
|turn|28
|
|t:|1760365062
|move|p1a: Latios|Psychic Noise|p2a: Blissey
|-damage|p2a: Blissey|63/100
|-start|p2a: Blissey|move: Heal Block
|move|p2a: Blissey|Seismic Toss|p1a: Latios
|-damage|p1a: Latios|18/100 par
|
|upkeep
|turn|29
|
|t:|1760365069
|move|p1a: Latios|Recover|p1a: Latios
|-heal|p1a: Latios|69/100 par
|move|p2a: Blissey|Seismic Toss|p1a: Latios
|-damage|p1a: Latios|35/100 par
|
|-end|p2a: Blissey|move: Heal Block
|upkeep
|turn|30
|
|t:|1760365075
|cant|p1a: Latios|par
|move|p2a: Blissey|Seismic Toss|p1a: Latios
|-damage|p1a: Latios|2/100 par
|
|-heal|p2a: Blissey|69/100|[from] item: Leftovers
|upkeep
|turn|31
|
|t:|1760365077
|move|p1a: Latios|Recover|p1a: Latios
|-heal|p1a: Latios|52/100 par
|move|p2a: Blissey|Seismic Toss|p1a: Latios
|-damage|p1a: Latios|19/100 par
|
|-heal|p2a: Blissey|75/100|[from] item: Leftovers
|upkeep
|turn|32
|
|t:|1760365080
|move|p1a: Latios|Recover|p1a: Latios
|-heal|p1a: Latios|69/100 par
|move|p2a: Blissey|Seismic Toss|p1a: Latios
|-damage|p1a: Latios|36/100 par
|
|-heal|p2a: Blissey|82/100|[from] item: Leftovers
|upkeep
|turn|33
|
|t:|1760365083
|move|p1a: Latios|Recover|p1a: Latios
|-heal|p1a: Latios|86/100 par
|move|p2a: Blissey|Seismic Toss|p1a: Latios
|-damage|p1a: Latios|53/100 par
|
|-heal|p2a: Blissey|88/100|[from] item: Leftovers
|upkeep
|turn|34
|c|☆iwsasalial|omg
|
|t:|1760365086
|move|p1a: Latios|Psychic Noise|p2a: Blissey
|-crit|p2a: Blissey
|-damage|p2a: Blissey|27/100
|-start|p2a: Blissey|move: Heal Block
|move|p2a: Blissey|Seismic Toss|p1a: Latios
|-damage|p1a: Latios|20/100 par
|
|upkeep
|turn|35
|
|t:|1760365091
|move|p1a: Latios|Recover|p1a: Latios
|-heal|p1a: Latios|70/100 par
|move|p2a: Blissey|Seismic Toss|p1a: Latios
|-damage|p1a: Latios|37/100 par
|
|-end|p2a: Blissey|move: Heal Block
|upkeep
|turn|36
|
|t:|1760365095
|move|p1a: Latios|Psychic Noise|p2a: Blissey
|-damage|p2a: Blissey|0 fnt
|faint|p2a: Blissey
|
|upkeep
|c|☆iwsasalial|shut the fuck up
|
|t:|1760365101
|switch|p2a: Gliscor|Gliscor, M, tera:Water|50/100 tox
|turn|37
|
|t:|1760365105
|move|p2a: Gliscor|Knock Off|p1a: Latios
|-damage|p1a: Latios|5/100 par
|-enditem|p1a: Latios|Soul Dew|[from] move: Knock Off|[of] p2a: Gliscor
|move|p1a: Latios|Psychic Noise|p2a: Gliscor
|-damage|p2a: Gliscor|0 fnt
|faint|p2a: Gliscor
|
|upkeep
|
|t:|1760365108
|switch|p2a: Dragapult|Dragapult, F|100/100
|turn|38
|
|t:|1760365110
|move|p2a: Dragapult|Shadow Ball|p1a: Latios
|-damage|p1a: Latios|0 fnt
|faint|p1a: Latios
|
|upkeep
|
|t:|1760365112
|switch|p1a: Pecharunt|Pecharunt|100/100
|turn|39
|
|t:|1760365114
|move|p2a: Dragapult|Shadow Ball|p1a: Pecharunt
|-supereffective|p1a: Pecharunt
|-damage|p1a: Pecharunt|2/100
|move|p1a: Pecharunt|Parting Shot|p2a: Dragapult
|-unboost|p2a: Dragapult|atk|1
|-unboost|p2a: Dragapult|spa|1
|
|upkeep
|turn|40
|
|t:|1760365117
|move|p2a: Dragapult|Shadow Ball|p1a: Pecharunt
|-supereffective|p1a: Pecharunt
|-damage|p1a: Pecharunt|0 fnt
|faint|p1a: Pecharunt
|
|win|iwsasalial
