|j|☆reuniclusmybeloved
|j|☆dgfdgrgr3
|t:|1760329961
|gametype|singles
|player|p1|reuniclusmybeloved|lady-gen4|1133
|player|p2|dgfdgrgr3|170|1090
|gen|9
|tier|[Gen 9] OU
|rated|
|rule|HP Percentage Mod: HP is shown in percentages
|rule|Endless Battle Clause: Forcing endless battles is banned
|rule|Species Clause: Limit one of each Pokémon
|rule|OHKO Clause: OHKO moves are banned
|rule|Evasion Items Clause: Evasion items are banned
|rule|Evasion Moves Clause: Evasion moves are banned
|rule|Evasion Abilities Clause: Evasion abilities are banned
|rule|Sleep Moves Clause: Sleep-inducing moves are banned
|clearpoke
|poke|p1|Torkoal, M|
|poke|p1|Hatterene, F|
|poke|p1|Raging Bolt|
|poke|p1|Slither Wing|
|poke|p1|Venusaur, F|
|poke|p1|Walking Wake|
|poke|p2|Polteageist|
|poke|p2|Ditto|
|poke|p2|Clefable, F|
|poke|p2|Raging Bolt|
|poke|p2|Hawlucha, M|
|poke|p2|Zamazenta-*|
|teampreview
|inactive|Battle timer is ON: inactive players will automatically lose when time's up. (requested by reuniclusmybeloved)
|inactive|dgfdgrgr3 has 120 seconds left.
|
|t:|1760330002
|teamsize|p1|6
|teamsize|p2|6
|start
|switch|p1a: Torkoal|Torkoal, M|100/100
|switch|p2a: Clefable|Clefable, F|100/100
|-weather|SunnyDay|[from] ability: Drought|[of] p1a: Torkoal
|turn|1
|
|t:|1760330013
|switch|p1a: Venusaur|Venusaur, F|100/100
|move|p2a: Clefable|Cosmic Power|p2a: Clefable
|-boost|p2a: Clefable|def|1
|-boost|p2a: Clefable|spd|1
|
|-weather|SunnyDay|[upkeep]
|upkeep
|turn|2
|inactive|dgfdgrgr3 has 120 seconds left.
|
|t:|1760330046
|move|p1a: Venusaur|Growth|p1a: Venusaur
|-boost|p1a: Venusaur|atk|2
|-boost|p1a: Venusaur|spa|2
|move|p2a: Clefable|Cosmic Power|p2a: Clefable
|-boost|p2a: Clefable|def|1
|-boost|p2a: Clefable|spd|1
|
|-weather|SunnyDay|[upkeep]
|upkeep
|turn|3
|
|t:|1760330058
|move|p1a: Venusaur|Giga Drain|p2a: Clefable
|-damage|p2a: Clefable|87/100
|-damage|p1a: Venusaur|91/100|[from] item: Life Orb
|move|p2a: Clefable|Cosmic Power|p2a: Clefable
|-boost|p2a: Clefable|def|1
|-boost|p2a: Clefable|spd|1
|
|-weather|SunnyDay|[upkeep]
|-heal|p2a: Clefable|93/100|[from] item: Leftovers
|upkeep
|turn|4
|
|t:|1760330074
|move|p1a: Venusaur|Growth|p1a: Venusaur
|-boost|p1a: Venusaur|atk|2
|-boost|p1a: Venusaur|spa|2
|move|p2a: Clefable|Cosmic Power|p2a: Clefable
|-boost|p2a: Clefable|def|1
|-boost|p2a: Clefable|spd|1
|
|-weather|SunnyDay|[upkeep]
|-heal|p2a: Clefable|99/100|[from] item: Leftovers
|upkeep
|turn|5
|
|t:|1760330076
|move|p1a: Venusaur|Growth|p1a: Venusaur
|-boost|p1a: Venusaur|atk|2
|-boost|p1a: Venusaur|spa|2
|move|p2a: Clefable|Cosmic Power|p2a: Clefable
|-boost|p2a: Clefable|def|1
|-boost|p2a: Clefable|spd|1
|
|-weather|SunnyDay|[upkeep]
|-heal|p2a: Clefable|100/100|[from] item: Leftovers
|upkeep
|turn|6
|
|t:|1760330078
|move|p1a: Venusaur|Growth|p1a: Venusaur
|-boost|p1a: Venusaur|atk|0
|-boost|p1a: Venusaur|spa|0
|move|p2a: Clefable|Cosmic Power|p2a: Clefable
|-boost|p2a: Clefable|def|1
|-boost|p2a: Clefable|spd|1
|
|-weather|SunnyDay|[upkeep]
|upkeep
|turn|7
|
|t:|1760330086
|move|p1a: Venusaur|Giga Drain|p2a: Clefable
|-damage|p2a: Clefable|93/100
|-heal|p1a: Venusaur|96/100|[from] drain|[of] p2a: Clefable
|-damage|p1a: Venusaur|86/100|[from] item: Life Orb
|move|p2a: Clefable|Charge Beam|p1a: Venusaur|[miss]
|-miss|p2a: Clefable|p1a: Venusaur
|
|-weather|SunnyDay|[upkeep]
|-heal|p2a: Clefable|99/100|[from] item: Leftovers
|upkeep
|turn|8
|
|t:|1760330089
|move|p1a: Venusaur|Earthquake|p2a: Clefable
|-damage|p2a: Clefable|92/100
|-damage|p1a: Venusaur|76/100|[from] item: Life Orb
|move|p2a: Clefable|Charge Beam|p1a: Venusaur
|-resisted|p1a: Venusaur
|-damage|p1a: Venusaur|69/100
|-boost|p2a: Clefable|spa|1
|
|-weather|none
|-heal|p2a: Clefable|98/100|[from] item: Leftovers
|upkeep
|turn|9
|-message|reuniclusmybeloved forfeited.
|
|win|dgfdgrgr3
|raw|reuniclusmybeloved's rating: 1133 &rarr; <strong>1105</strong><br />(-28 for losing)
|raw|dgfdgrgr3's rating: 1090 &rarr; <strong>1120</strong><br />(+30 for winning)
|l|☆reuniclusmybeloved
|player|p1|
|l|☆dgfdgrgr3
|player|p2|
