|j|☆ensyde
|j|☆AchatesOmni
|t:|1760324390
|gametype|singles
|player|p1|ensyde|burglar|1230
|player|p2|AchatesOmni|101|1153
|gen|9
|tier|[Gen 9] OU
|rated|
|rule|HP Percentage Mod: HP is shown in percentages
|rule|Endless Battle Clause: Forcing endless battles is banned
|rule|Species Clause: Limit one of each Pokémon
|rule|OHKO Clause: OHKO moves are banned
|rule|Evasion Items Clause: Evasion items are banned
|rule|Evasion Moves Clause: Evasion moves are banned
|rule|Evasion Abilities Clause: Evasion abilities are banned
|rule|Sleep Moves Clause: Sleep-inducing moves are banned
|clearpoke
|poke|p1|Ting-Lu|
|poke|p1|Glimmora, M|
|poke|p1|Dragonite, M|
|poke|p1|Iron Moth|
|poke|p1|Zamazenta-*|
|poke|p1|Scizor, M|
|poke|p2|Blaziken, F|
|poke|p2|Meloetta|
|poke|p2|Vileplume, F|
|poke|p2|Electrode|
|poke|p2|Whiscash, M|
|poke|p2|Tinkaton, F|
|teampreview
|inactive|Battle timer is ON: inactive players will automatically lose when time's up. (requested by ensyde)
|
|t:|1760324396
|teamsize|p1|6
|teamsize|p2|6
|start
|switch|p1a: litter|Glimmora, M, shiny|100/100
|switch|p2a: Electrode|Electrode|100/100
|turn|1
|c|☆ensyde|boom???
|c|☆ensyde|boom!!!
|
|t:|1760324413
|move|p2a: Electrode|Volt Switch|p1a: litter
|-crit|p1a: litter
|-damage|p1a: litter|67/100
|
|t:|1760324417
|switch|p2a: Meloetta|Meloetta|100/100|[from] Volt Switch
|move|p1a: litter|Earth Power|p2a: Meloetta
|-damage|p2a: Meloetta|86/100
|
|upkeep
|turn|2
|
|t:|1760324425
|switch|p1a: silence|Ting-Lu|100/100
|-ability|p1a: silence|Vessel of Ruin
|move|p2a: Meloetta|Psychic|p1a: silence
|-immune|p1a: silence
|
|upkeep
|turn|3
|
|t:|1760324433
|move|p2a: Meloetta|Relic Song|p1a: silence
|-damage|p1a: silence|82/100
|-formechange|p2a: Meloetta|Meloetta-Pirouette|[msg]
|move|p1a: silence|Memento|p2a: Meloetta
|-unboost|p2a: Meloetta|atk|2
|-unboost|p2a: Meloetta|spa|2
|faint|p1a: silence
|
|upkeep
|
|t:|1760324442
|switch|p1a: wrath|Iron Moth, shiny|100/100
|-enditem|p1a: wrath|Booster Energy
|-activate|p1a: wrath|ability: Quark Drive|[fromitem]
|-start|p1a: wrath|quarkdrivespe
|turn|4
|c|☆ensyde|>:((((
|
|t:|1760324455
|switch|p2a: Blaziken|Blaziken, F|100/100
|move|p1a: wrath|Fiery Dance|p2a: Blaziken
|-resisted|p2a: Blaziken
|-damage|p2a: Blaziken|70/100
|-boost|p1a: wrath|spa|1
|
|upkeep
|turn|5
|
|t:|1760324467
|move|p2a: Blaziken|Protect|p2a: Blaziken
|-singleturn|p2a: Blaziken|Protect
|move|p1a: wrath|Sludge Wave|p2a: Blaziken
|-activate|p2a: Blaziken|move: Protect
|
|-ability|p2a: Blaziken|Speed Boost|boost
|-boost|p2a: Blaziken|spe|1
|upkeep
|turn|6
|c|☆ensyde|wallahi
|
|t:|1760324474
|move|p1a: wrath|Sludge Wave|p2a: Blaziken
|-damage|p2a: Blaziken|0 fnt
|faint|p2a: Blaziken
|
|upkeep
|
|t:|1760324482
|switch|p2a: Meloetta|Meloetta|86/100
|turn|7
|
|t:|1760324488
|-terastallize|p1a: wrath|Grass
|move|p1a: wrath|Fiery Dance|p2a: Meloetta
|-damage|p2a: Meloetta|56/100
|move|p2a: Meloetta|Psychic|p1a: wrath
|-damage|p1a: wrath|59/100
|
|upkeep
|turn|8
|
|t:|1760324502
|move|p1a: wrath|Fiery Dance|p2a: Meloetta
|-damage|p2a: Meloetta|27/100
|move|p2a: Meloetta|Psychic|p1a: wrath
|-damage|p1a: wrath|20/100
|
|upkeep
|turn|9
|
|t:|1760324509
|move|p1a: wrath|Energy Ball|p2a: Meloetta
|-damage|p2a: Meloetta|0 fnt
|faint|p2a: Meloetta
|
|upkeep
|
|t:|1760324520
|switch|p2a: Electrode|Electrode|100/100
|turn|10
|
|t:|1760324530
|move|p1a: wrath|Fiery Dance|p2a: Electrode
|-damage|p2a: Electrode|2/100
|-boost|p1a: wrath|spa|1
|move|p2a: Electrode|Wild Charge|p1a: wrath
|-resisted|p1a: wrath
|-damage|p1a: wrath|0 fnt
|faint|p1a: wrath
|-end|p1a: wrath|Quark Drive|[silent]
|-damage|p2a: Electrode|0 fnt|[from] Recoil
|faint|p2a: Electrode
|
|upkeep
|
|t:|1760324541
|switch|p2a: Whiscash|Whiscash, M|100/100
|switch|p1a: litter|Glimmora, M, shiny|67/100
|turn|11
|
|t:|1760324545
|move|p1a: litter|Toxic|p2a: Whiscash
|-status|p2a: Whiscash|tox
|move|p2a: Whiscash|Dragon Dance|p2a: Whiscash
|-boost|p2a: Whiscash|atk|1
|-boost|p2a: Whiscash|spe|1
|
|-damage|p2a: Whiscash|94/100 tox|[from] psn
|upkeep
|turn|12
|
|t:|1760324551
|move|p2a: Whiscash|Earthquake|p1a: litter
|-supereffective|p1a: litter
|-damage|p1a: litter|0 fnt
|-activate|p1a: litter|ability: Toxic Debris
|-sidestart|p2: AchatesOmni|move: Toxic Spikes
|faint|p1a: litter
|
|-damage|p2a: Whiscash|82/100 tox|[from] psn
|upkeep
|
|t:|1760324553
|switch|p1a: requiem|Zamazenta, shiny|100/100
|-ability|p1a: requiem|Dauntless Shield|boost
|-boost|p1a: requiem|def|1
|turn|13
|
|t:|1760324558
|move|p2a: Whiscash|Liquidation|p1a: requiem
|-damage|p1a: requiem|73/100
|move|p1a: requiem|Roar|p2a: Whiscash
|drag|p2a: Vileplume|Vileplume, F|100/100
|-sideend|p2: AchatesOmni|move: Toxic Spikes|[of] p2a: Vileplume
|
|-heal|p1a: requiem|80/100|[from] item: Leftovers
|upkeep
|turn|14
|
|t:|1760324569
|move|p2a: Vileplume|Leech Seed|p1a: requiem
|-start|p1a: requiem|move: Leech Seed
|move|p1a: requiem|Roar|p2a: Vileplume
|drag|p2a: Tinkaton|Tinkaton, F|100/100
|-item|p2a: Tinkaton|Air Balloon
|
|-heal|p1a: requiem|86/100|[from] item: Leftovers
|-damage|p1a: requiem|73/100|[from] Leech Seed|[of] p2a: Tinkaton
|upkeep
|turn|15
|
|t:|1760324582
|move|p1a: requiem|Body Press|p2a: Tinkaton
|-damage|p2a: Tinkaton|47/100
|-enditem|p2a: Tinkaton|Air Balloon
|-enditem|p1a: requiem|Leftovers|[silent]|[from] ability: Pickpocket|[of] p1a: requiem
|-item|p2a: Tinkaton|Leftovers|[from] ability: Pickpocket|[of] p1a: requiem
|move|p2a: Tinkaton|Stealth Rock|p1a: requiem
|-sidestart|p1: ensyde|move: Stealth Rock
|
|-heal|p2a: Tinkaton|53/100|[from] item: Leftovers
|-damage|p1a: requiem|61/100|[from] Leech Seed|[of] p2a: Tinkaton
|-heal|p2a: Tinkaton|69/100|[silent]
|upkeep
|turn|16
|
|t:|1760324595
|switch|p1a: envy|Scizor, M, shiny|100/100
|-damage|p1a: envy|88/100|[from] Stealth Rock
|move|p2a: Tinkaton|Play Rough|p1a: envy|[miss]
|-miss|p2a: Tinkaton|p1a: envy
|
|-heal|p2a: Tinkaton|75/100|[from] item: Leftovers
|-heal|p1a: envy|94/100|[from] item: Leftovers
|upkeep
|turn|17
|
|t:|1760324604
|switch|p2a: Whiscash|Whiscash, M|82/100 tox
|move|p1a: envy|Swords Dance|p1a: envy
|-boost|p1a: envy|atk|2
|
|-heal|p1a: envy|99/100|[from] item: Leftovers
|-damage|p2a: Whiscash|76/100 tox|[from] psn
|upkeep
|turn|18
|
|t:|1760324611
|move|p2a: Whiscash|Earthquake|p1a: envy
|-damage|p1a: envy|64/100
|move|p1a: envy|Bug Bite|p2a: Whiscash
|-damage|p2a: Whiscash|0 fnt
|faint|p2a: Whiscash
|
|-heal|p1a: envy|70/100|[from] item: Leftovers
|upkeep
|
|t:|1760324618
|switch|p2a: Vileplume|Vileplume, F|100/100
|turn|19
|
|t:|1760324622
|move|p1a: envy|Aerial Ace|p2a: Vileplume
|-supereffective|p2a: Vileplume
|-damage|p2a: Vileplume|0 fnt
|-damage|p1a: envy|53/100|[from] item: Rocky Helmet|[of] p2a: Vileplume
|faint|p2a: Vileplume
|
|-heal|p1a: envy|59/100|[from] item: Leftovers
|upkeep
|
|t:|1760324626
|switch|p2a: Tinkaton|Tinkaton, F|75/100
|turn|20
|
|t:|1760324630
|move|p2a: Tinkaton|Gigaton Hammer|p1a: envy
|-resisted|p1a: envy
|-damage|p1a: envy|25/100
|move|p1a: envy|Swords Dance|p1a: envy
|-boost|p1a: envy|atk|2
|
|-heal|p2a: Tinkaton|81/100|[from] item: Leftovers
|-heal|p1a: envy|32/100|[from] item: Leftovers
|upkeep
|turn|21
|c|☆AchatesOmni|gg
|
|t:|1760324646
|move|p2a: Tinkaton|Protect|p2a: Tinkaton
|-singleturn|p2a: Tinkaton|Protect
|move|p1a: envy|Bullet Punch|p2a: Tinkaton
|-activate|p2a: Tinkaton|move: Protect
|
|-heal|p2a: Tinkaton|87/100|[from] item: Leftovers
|-heal|p1a: envy|38/100|[from] item: Leftovers
|upkeep
|turn|22
|c|☆ensyde|gg
|
|t:|1760324654
|move|p1a: envy|Bullet Punch|p2a: Tinkaton
|-crit|p2a: Tinkaton
|-damage|p2a: Tinkaton|0 fnt
|faint|p2a: Tinkaton
|
|win|ensyde
|raw|ensyde's rating: 1230 &rarr; <strong>1250</strong><br />(+20 for winning)
|raw|AchatesOmni's rating: 1153 &rarr; <strong>1133</strong><br />(-20 for losing)
|l|☆AchatesOmni
|player|p2|
|l|☆ensyde
|player|p1|
