|j|‽acezsz
|j|☆PV_09
|t:|1760412101
|gametype|singles
|player|p1|acezsz|iris-gen5bw2|1436
|player|p2|PV_09|hexmaniac-gen3jp|1385
|gen|9
|tier|[Gen 9] OU
|rated|
|rule|HP Percentage Mod: HP is shown in percentages
|rule|Endless Battle Clause: Forcing endless battles is banned
|rule|Species Clause: Limit one of each Pokémon
|rule|OHKO Clause: OHKO moves are banned
|rule|Evasion Items Clause: Evasion items are banned
|rule|Evasion Moves Clause: Evasion moves are banned
|rule|Evasion Abilities Clause: Evasion abilities are banned
|rule|Sleep Moves Clause: Sleep-inducing moves are banned
|clearpoke
|poke|p1|Alomomola, M|
|poke|p1|Dragapult, M|
|poke|p1|Slowking-Galar, M|
|poke|p1|Great Tusk|
|poke|p1|Dragonite, M|
|poke|p1|Ting-Lu|
|poke|p2|Hatterene, F|
|poke|p2|Bronzong|
|poke|p2|Primarina, F|
|poke|p2|Iron Hands|
|poke|p2|Gholdengo|
|poke|p2|Ursaluna, M|
|teampreview
|inactive|Battle timer is ON: inactive players will automatically lose when time's up. (requested by acezsz)
|
|t:|1760412125
|teamsize|p1|6
|teamsize|p2|6
|start
|switch|p1a: Slowking|Slowking-Galar, M|100/100
|switch|p2a: raingurl|Gholdengo|100/100
|turn|1
|
|t:|1760412133
|move|p2a: raingurl|Shadow Ball|p1a: Slowking
|-supereffective|p1a: Slowking
|-damage|p1a: Slowking|24/100
|-prepare|p1a: Slowking|Chilly Reception|[premajor]
|move|p1a: Slowking|Chilly Reception|p1a: Slowking
|-weather|Snowscape
|
|t:|1760412142
|switch|p1a: Ting-Lu|Ting-Lu|100/100|[from] Chilly Reception
|-ability|p1a: Ting-Lu|Vessel of Ruin
|
|-weather|Snowscape|[upkeep]
|upkeep
|turn|2
|
|t:|1760412156
|switch|p2a: espresso|Hatterene, F|100/100
|move|p1a: Ting-Lu|Ruination|p2a: espresso
|-damage|p2a: espresso|50/100
|
|-weather|Snowscape|[upkeep]
|-heal|p2a: espresso|56/100|[from] item: Leftovers
|upkeep
|turn|3
|
|t:|1760412169
|switch|p1a: Slowking|Slowking-Galar, M|58/100
|move|p2a: espresso|Trick Room|p2a: espresso
|-fieldstart|move: Trick Room|[of] p2a: espresso
|
|-weather|Snowscape|[upkeep]
|-heal|p2a: espresso|62/100|[from] item: Leftovers
|upkeep
|turn|4
|
|t:|1760412182
|switch|p2a: raingurl|Gholdengo|100/100
|move|p1a: Slowking|Sludge Bomb|p2a: raingurl
|-immune|p2a: raingurl
|
|-weather|Snowscape|[upkeep]
|upkeep
|turn|5
|
|t:|1760412192
|switch|p1a: Ting-Lu|Ting-Lu|100/100
|-ability|p1a: Ting-Lu|Vessel of Ruin
|move|p2a: raingurl|Trick|p1a: Ting-Lu
|-activate|p2a: raingurl|move: Trick|[of] p1a: Ting-Lu
|-item|p1a: Ting-Lu|Choice Specs|[from] move: Trick
|-item|p2a: raingurl|Leftovers|[from] move: Trick
|
|-weather|none
|upkeep
|turn|6
|
|t:|1760412202
|switch|p2a: nice & slow|Ursaluna, M|100/100
|move|p1a: Ting-Lu|Earthquake|p2a: nice & slow
|-crit|p2a: nice & slow
|-damage|p2a: nice & slow|62/100
|
|-status|p2a: nice & slow|brn|[from] item: Flame Orb
|upkeep
|turn|7
|
|t:|1760412212
|switch|p1a: Great Tusk|Great Tusk|100/100
|move|p2a: nice & slow|Earthquake|p1a: Great Tusk
|-damage|p1a: Great Tusk|42/100
|
|-damage|p2a: nice & slow|56/100 brn|[from] brn
|-fieldend|move: Trick Room
|upkeep
|turn|8
|
|t:|1760412221
|-end|p1a: Great Tusk|Protosynthesis|[silent]
|switch|p1a: Alomomola|Alomomola, M|100/100
|switch|p2a: espresso|Hatterene, F|62/100
|
|-heal|p2a: espresso|68/100|[from] item: Leftovers
|upkeep
|turn|9
|
|t:|1760412230
|move|p1a: Alomomola|Wish|p1a: Alomomola
|move|p2a: espresso|Trick Room|p2a: espresso
|-fieldstart|move: Trick Room|[of] p2a: espresso
|
|-heal|p2a: espresso|74/100|[from] item: Leftovers
|upkeep
|turn|10
|inactive|PV_09 has 120 seconds left.
|
|t:|1760412268
|switch|p2a: nice & slow|Ursaluna, M|56/100 brn
|move|p1a: Alomomola|Flip Turn|p2a: nice & slow
|-supereffective|p2a: nice & slow
|-damage|p2a: nice & slow|32/100 brn
|
|t:|1760412296
|switch|p1a: Ting-Lu|Ting-Lu|100/100|[from] Flip Turn
|-ability|p1a: Ting-Lu|Vessel of Ruin
|
|-damage|p2a: nice & slow|26/100 brn|[from] brn
|upkeep
|turn|11
|
|t:|1760412304
|-terastallize|p2a: nice & slow|Normal
|move|p2a: nice & slow|Facade|p1a: Ting-Lu
|-damage|p1a: Ting-Lu|13/100
|move|p1a: Ting-Lu|Earthquake|p2a: nice & slow
|-damage|p2a: nice & slow|0 fnt
|faint|p2a: nice & slow
|
|upkeep
|
|t:|1760412313
|switch|p2a: primadonna|Primarina, F|100/100
|turn|12
|
|t:|1760412317
|move|p2a: primadonna|Sparkling Aria|p1a: Ting-Lu
|-supereffective|p1a: Ting-Lu
|-damage|p1a: Ting-Lu|0 fnt
|faint|p1a: Ting-Lu
|-damage|p2a: primadonna|91/100|[from] item: Life Orb
|
|upkeep
|
|t:|1760412321
|switch|p1a: Slowking|Slowking-Galar, M|91/100
|turn|13
|
|t:|1760412342
|switch|p2a: raingurl|Gholdengo|100/100
|move|p1a: Slowking|Psychic Noise|p2a: raingurl
|-resisted|p2a: raingurl
|-damage|p2a: raingurl|86/100
|-start|p2a: raingurl|move: Heal Block
|
|-fieldend|move: Trick Room
|upkeep
|turn|14
|
|t:|1760412351
|move|p2a: raingurl|Shadow Ball|p1a: Slowking
|-supereffective|p1a: Slowking
|-damage|p1a: Slowking|36/100
|move|p1a: Slowking|Toxic Spikes|p2a: raingurl
|-sidestart|p2: PV_09|move: Toxic Spikes
|
|-end|p2a: raingurl|move: Heal Block
|upkeep
|turn|15
|
|t:|1760412372
|switch|p1a: Alomomola|Alomomola, M|100/100
|move|p2a: raingurl|Shadow Ball|p1a: Alomomola
|-damage|p1a: Alomomola|61/100
|
|-heal|p2a: raingurl|92/100|[from] item: Leftovers
|upkeep
|turn|16
|inactive|PV_09 has 120 seconds left.
|
|t:|1760412388
|move|p2a: raingurl|Shadow Ball|p1a: Alomomola
|-damage|p1a: Alomomola|16/100
|move|p1a: Alomomola|Wish|p1a: Alomomola
|
|-heal|p2a: raingurl|98/100|[from] item: Leftovers
|upkeep
|turn|17
|inactive|PV_09 has 120 seconds left.
|
|t:|1760412407
|move|p1a: Alomomola|Protect|p1a: Alomomola
|-singleturn|p1a: Alomomola|Protect
|move|p2a: raingurl|Shadow Ball|p1a: Alomomola
|-activate|p1a: Alomomola|move: Protect
|
|-heal|p1a: Alomomola|66/100|[from] move: Wish|[wisher] Alomomola
|-heal|p2a: raingurl|100/100|[from] item: Leftovers
|upkeep
|turn|18
|
|t:|1760412418
|move|p2a: raingurl|Shadow Ball|p1a: Alomomola
|-damage|p1a: Alomomola|27/100
|move|p1a: Alomomola|Flip Turn|p2a: raingurl
|-damage|p2a: raingurl|85/100
|
|t:|1760412429
|switch|p1a: Dragonite|Dragonite, M|100/100|[from] Flip Turn
|
|-heal|p2a: raingurl|91/100|[from] item: Leftovers
|upkeep
|turn|19
|inactive|PV_09 has 120 seconds left.
|
|t:|1760412463
|switch|p2a: *NSYNC|Bronzong|100/100
|move|p1a: Dragonite|Earthquake|p2a: *NSYNC
|-immune|p2a: *NSYNC|[from] ability: Levitate
|
|upkeep
|turn|20
|
|t:|1760412472
|switch|p1a: Alomomola|Alomomola, M|60/100
|move|p2a: *NSYNC|Trick Room|p2a: *NSYNC
|-fieldstart|move: Trick Room|[of] p2a: *NSYNC
|
|upkeep
|turn|21
|inactive|PV_09 has 120 seconds left.
|
|t:|1760412481
|switch|p2a: raingurl|Gholdengo|91/100
|move|p1a: Alomomola|Wish|p1a: Alomomola
|
|-heal|p2a: raingurl|97/100|[from] item: Leftovers
|upkeep
|turn|22
|inactive|PV_09 has 120 seconds left.
|
|t:|1760412499
|switch|p2a: tesla-gnarly|Iron Hands|100/100
|-status|p2a: tesla-gnarly|psn
|move|p1a: Alomomola|Scald|p2a: tesla-gnarly
|-damage|p2a: tesla-gnarly|88/100 psn
|
|-heal|p1a: Alomomola|100/100|[from] move: Wish|[wisher] Alomomola
|-damage|p2a: tesla-gnarly|76/100 psn|[from] psn
|upkeep
|turn|23
|inactive|PV_09 has 120 seconds left.
|
|t:|1760412518
|move|p1a: Alomomola|Protect|p1a: Alomomola
|-singleturn|p1a: Alomomola|Protect
|move|p2a: tesla-gnarly|Close Combat|p1a: Alomomola
|-activate|p1a: Alomomola|move: Protect
|
|-damage|p2a: tesla-gnarly|63/100 psn|[from] psn
|upkeep
|turn|24
|
|t:|1760412527
|-end|p2a: tesla-gnarly|Quark Drive|[silent]
|switch|p2a: raingurl|Gholdengo|97/100
|move|p1a: Alomomola|Flip Turn|p2a: raingurl
|-damage|p2a: raingurl|81/100
|
|t:|1760412534
|switch|p1a: Great Tusk|Great Tusk|42/100|[from] Flip Turn
|
|-heal|p2a: raingurl|88/100|[from] item: Leftovers
|-fieldend|move: Trick Room
|upkeep
|turn|25
|c|☆PV_09|This fuckin stall
|c|☆PV_09|SMT
|inactive|PV_09 has 120 seconds left.
|
|t:|1760412550
|switch|p2a: *NSYNC|Bronzong|100/100
|move|p1a: Great Tusk|Knock Off|p2a: *NSYNC
|-supereffective|p2a: *NSYNC
|-damage|p2a: *NSYNC|51/100
|-enditem|p2a: *NSYNC|Leftovers|[from] move: Knock Off|[of] p1a: Great Tusk
|
|upkeep
|turn|26
|
|t:|1760412561
|move|p1a: Great Tusk|Stealth Rock|p2a: *NSYNC
|-sidestart|p2: PV_09|move: Stealth Rock
|move|p2a: *NSYNC|Psychic|p1a: Great Tusk
|-supereffective|p1a: Great Tusk
|-damage|p1a: Great Tusk|0 fnt
|faint|p1a: Great Tusk
|-end|p1a: Great Tusk|Protosynthesis|[silent]
|
|upkeep
|
|t:|1760412567
|switch|p1a: Dragapult|Dragapult, M|100/100
|turn|27
|
|t:|1760412586
|move|p1a: Dragapult|Hex|p2a: *NSYNC
|-supereffective|p2a: *NSYNC
|-damage|p2a: *NSYNC|10/100
|move|p2a: *NSYNC|Trick Room|p2a: *NSYNC
|-fieldstart|move: Trick Room|[of] p2a: *NSYNC
|
|upkeep
|turn|28
|
|t:|1760412594
|switch|p1a: Slowking|Slowking-Galar, M|69/100
|move|p2a: *NSYNC|Psychic|p1a: Slowking
|-damage|p1a: Slowking|53/100
|-unboost|p1a: Slowking|spd|1
|
|upkeep
|turn|29
|inactive|PV_09 has 120 seconds left.
|
|t:|1760412622
|switch|p1a: Alomomola|Alomomola, M|100/100
|switch|p2a: raingurl|Gholdengo|88/100
|-damage|p2a: raingurl|81/100|[from] Stealth Rock
|
|-heal|p2a: raingurl|88/100|[from] item: Leftovers
|upkeep
|turn|30
|
|t:|1760412631
|move|p1a: Alomomola|Scald|p2a: raingurl
|-damage|p2a: raingurl|75/100
|move|p2a: raingurl|Shadow Ball|p1a: Alomomola
|-damage|p1a: Alomomola|61/100
|
|-heal|p2a: raingurl|81/100|[from] item: Leftovers
|upkeep
|turn|31
|inactive|PV_09 has 120 seconds left.
|
|t:|1760412647
|switch|p2a: *NSYNC|Bronzong|10/100
|-damage|p2a: *NSYNC|4/100|[from] Stealth Rock
|move|p1a: Alomomola|Wish|p1a: Alomomola
|
|-fieldend|move: Trick Room
|upkeep
|turn|32
|
|t:|1760412654
|move|p1a: Alomomola|Scald|p2a: *NSYNC
|-damage|p2a: *NSYNC|0 fnt
|faint|p2a: *NSYNC
|
|-heal|p1a: Alomomola|100/100|[from] move: Wish|[wisher] Alomomola
|upkeep
|
|t:|1760412658
|switch|p2a: tesla-gnarly|Iron Hands|63/100 psn
|-damage|p2a: tesla-gnarly|57/100 psn|[from] Stealth Rock
|turn|33
|
|t:|1760412673
|move|p1a: Alomomola|Protect|p1a: Alomomola
|-singleturn|p1a: Alomomola|Protect
|move|p2a: tesla-gnarly|Ice Punch|p1a: Alomomola
|-activate|p1a: Alomomola|move: Protect
|
|-damage|p2a: tesla-gnarly|44/100 psn|[from] psn
|upkeep
|turn|34
|
|t:|1760412681
|-end|p2a: tesla-gnarly|Quark Drive|[silent]
|switch|p2a: espresso|Hatterene, F|74/100
|-status|p2a: espresso|psn
|-damage|p2a: espresso|62/100 psn|[from] Stealth Rock
|move|p1a: Alomomola|Flip Turn|p2a: espresso
|-damage|p2a: espresso|49/100 psn
|
|t:|1760412689
|switch|p1a: Slowking|Slowking-Galar, M|86/100|[from] Flip Turn
|
|-heal|p2a: espresso|55/100 psn|[from] item: Leftovers
|-damage|p2a: espresso|42/100 psn|[from] psn
|upkeep
|turn|35
|
|t:|1760412697
|switch|p2a: raingurl|Gholdengo|81/100
|-damage|p2a: raingurl|75/100|[from] Stealth Rock
|move|p1a: Slowking|Sludge Bomb|p2a: raingurl
|-immune|p2a: raingurl
|
|-heal|p2a: raingurl|81/100|[from] item: Leftovers
|upkeep
|turn|36
|
|t:|1760412709
|move|p2a: raingurl|Shadow Ball|p1a: Slowking
|-supereffective|p1a: Slowking
|-damage|p1a: Slowking|29/100
|-unboost|p1a: Slowking|spd|1
|-prepare|p1a: Slowking|Chilly Reception|[premajor]
|move|p1a: Slowking|Chilly Reception|p1a: Slowking
|-weather|Snowscape
|
|t:|1760412720
|switch|p1a: Alomomola|Alomomola, M|100/100|[from] Chilly Reception
|
|-weather|Snowscape|[upkeep]
|-heal|p2a: raingurl|88/100|[from] item: Leftovers
|upkeep
|turn|37
|
|t:|1760412725
|move|p2a: raingurl|Shadow Ball|p1a: Alomomola
|-damage|p1a: Alomomola|55/100
|move|p1a: Alomomola|Scald|p2a: raingurl
|-damage|p2a: raingurl|74/100
|
|-weather|Snowscape|[upkeep]
|-heal|p2a: raingurl|81/100|[from] item: Leftovers
|upkeep
|turn|38
|
|t:|1760412732
|move|p2a: raingurl|Shadow Ball|p1a: Alomomola
|-damage|p1a: Alomomola|11/100
|-unboost|p1a: Alomomola|spd|1
|move|p1a: Alomomola|Wish|p1a: Alomomola
|
|-weather|Snowscape|[upkeep]
|-heal|p2a: raingurl|87/100|[from] item: Leftovers
|upkeep
|turn|39
|
|t:|1760412738
|move|p1a: Alomomola|Protect|p1a: Alomomola
|-singleturn|p1a: Alomomola|Protect
|move|p2a: raingurl|Shadow Ball|p1a: Alomomola
|-activate|p1a: Alomomola|move: Protect
|
|-weather|Snowscape|[upkeep]
|-heal|p1a: Alomomola|61/100|[from] move: Wish|[wisher] Alomomola
|-heal|p2a: raingurl|93/100|[from] item: Leftovers
|upkeep
|turn|40
|inactive|acezsz has 120 seconds left.
|
|t:|1760412772
|switch|p1a: Slowking|Slowking-Galar, M|62/100
|move|p2a: raingurl|Shadow Ball|p1a: Slowking
|-supereffective|p1a: Slowking
|-damage|p1a: Slowking|9/100
|
|-weather|none
|-heal|p2a: raingurl|99/100|[from] item: Leftovers
|upkeep
|turn|41
|
|t:|1760412791
|switch|p1a: Alomomola|Alomomola, M|95/100
|move|p2a: raingurl|Shadow Ball|p1a: Alomomola
|-damage|p1a: Alomomola|51/100
|
|-heal|p2a: raingurl|100/100|[from] item: Leftovers
|upkeep
|turn|42
|
|t:|1760412801
|move|p2a: raingurl|Shadow Ball|p1a: Alomomola
|-damage|p1a: Alomomola|11/100
|move|p1a: Alomomola|Wish|p1a: Alomomola
|
|upkeep
|turn|43
|
|t:|1760412812
|switch|p2a: espresso|Hatterene, F|42/100 psn
|-damage|p2a: espresso|30/100 psn|[from] Stealth Rock
|move|p1a: Alomomola|Protect||[still]
|-fail|p1a: Alomomola
|
|-heal|p1a: Alomomola|61/100|[from] move: Wish|[wisher] Alomomola
|-heal|p2a: espresso|36/100 psn|[from] item: Leftovers
|-damage|p2a: espresso|24/100 psn|[from] psn
|upkeep
|turn|44
|
|t:|1760412823
|move|p1a: Alomomola|Wish|p1a: Alomomola
|move|p2a: espresso|Trick Room|p2a: espresso
|-fieldstart|move: Trick Room|[of] p2a: espresso
|
|-heal|p2a: espresso|30/100 psn|[from] item: Leftovers
|-damage|p2a: espresso|17/100 psn|[from] psn
|upkeep
|turn|45
|
|t:|1760412831
|move|p1a: Alomomola|Protect|p1a: Alomomola
|-singleturn|p1a: Alomomola|Protect
|move|p2a: espresso|Healing Wish|p2a: espresso
|faint|p2a: espresso
|
|-heal|p1a: Alomomola|100/100|[from] move: Wish|[wisher] Alomomola
|upkeep
|
|t:|1760412833
|switch|p2a: tesla-gnarly|Iron Hands|44/100 psn
|-heal|p2a: tesla-gnarly|100/100|[from] move: Healing Wish
|-status|p2a: tesla-gnarly|psn
|-damage|p2a: tesla-gnarly|94/100 psn|[from] Stealth Rock
|turn|46
|
|t:|1760412845
|move|p1a: Alomomola|Wish|p1a: Alomomola
|move|p2a: tesla-gnarly|Wild Charge|p1a: Alomomola
|-supereffective|p1a: Alomomola
|-damage|p1a: Alomomola|2/100
|-damage|p2a: tesla-gnarly|71/100 psn|[from] Recoil
|
|-damage|p2a: tesla-gnarly|59/100 psn|[from] psn
|upkeep
|turn|47
|
|t:|1760412852
|move|p1a: Alomomola|Protect|p1a: Alomomola
|-singleturn|p1a: Alomomola|Protect
|move|p2a: tesla-gnarly|Wild Charge|p1a: Alomomola
|-activate|p1a: Alomomola|move: Protect
|
|-heal|p1a: Alomomola|51/100|[from] move: Wish|[wisher] Alomomola
|-damage|p2a: tesla-gnarly|46/100 psn|[from] psn
|upkeep
|turn|48
|
|t:|1760412864
|switch|p1a: Dragapult|Dragapult, M|100/100
|move|p2a: tesla-gnarly|Wild Charge|p1a: Dragapult
|-resisted|p1a: Dragapult
|-damage|p1a: Dragapult|49/100
|-damage|p2a: tesla-gnarly|38/100 psn|[from] Recoil
|
|-damage|p2a: tesla-gnarly|26/100 psn|[from] psn
|-fieldend|move: Trick Room
|upkeep
|turn|49
|
|t:|1760412874
|move|p1a: Dragapult|Hex|p2a: tesla-gnarly
|-crit|p2a: tesla-gnarly
|-damage|p2a: tesla-gnarly|0 fnt
|faint|p2a: tesla-gnarly
|-end|p2a: tesla-gnarly|Quark Drive|[silent]
|
|upkeep
|
|t:|1760412877
|switch|p2a: primadonna|Primarina, F|91/100
|-status|p2a: primadonna|psn
|-damage|p2a: primadonna|78/100 psn|[from] Stealth Rock
|turn|50
|
|t:|1760412887
|move|p1a: Dragapult|Hex|p2a: primadonna
|-damage|p2a: primadonna|34/100 psn
|move|p2a: primadonna|Moonblast|p1a: Dragapult
|-supereffective|p1a: Dragapult
|-damage|p1a: Dragapult|0 fnt
|faint|p1a: Dragapult
|-damage|p2a: primadonna|24/100 psn|[from] item: Life Orb
|
|-damage|p2a: primadonna|11/100 psn|[from] psn
|upkeep
|
|t:|1760412895
|switch|p1a: Alomomola|Alomomola, M|85/100
|turn|51
|c|☆PV_09|UASSHOLE!!!!!!!!!!!
|
|t:|1760412904
|move|p1a: Alomomola|Protect|p1a: Alomomola
|-singleturn|p1a: Alomomola|Protect
|move|p2a: primadonna|Energy Ball|p1a: Alomomola
|-activate|p1a: Alomomola|move: Protect
|
|-damage|p2a: primadonna|0 fnt|[from] psn
|faint|p2a: primadonna
|upkeep
|
|t:|1760412907
|switch|p2a: raingurl|Gholdengo|100/100
|-damage|p2a: raingurl|94/100|[from] Stealth Rock
|turn|52
|
|t:|1760412916
|move|p2a: raingurl|Shadow Ball|p1a: Alomomola
|-damage|p1a: Alomomola|45/100
|move|p1a: Alomomola|Wish|p1a: Alomomola
|
|-heal|p2a: raingurl|100/100|[from] item: Leftovers
|upkeep
|turn|53
|
|t:|1760412922
|move|p1a: Alomomola|Protect|p1a: Alomomola
|-singleturn|p1a: Alomomola|Protect
|move|p2a: raingurl|Shadow Ball|p1a: Alomomola
|-activate|p1a: Alomomola|move: Protect
|
|-heal|p1a: Alomomola|95/100|[from] move: Wish|[wisher] Alomomola
|upkeep
|turn|54
|
|t:|1760412929
|move|p2a: raingurl|Shadow Ball|p1a: Alomomola
|-damage|p1a: Alomomola|56/100
|move|p1a: Alomomola|Scald|p2a: raingurl
|-damage|p2a: raingurl|86/100
|-status|p2a: raingurl|brn
|
|-heal|p2a: raingurl|93/100 brn|[from] item: Leftovers
|-damage|p2a: raingurl|86/100 brn|[from] brn
|upkeep
|turn|55
|
|t:|1760412938
|move|p2a: raingurl|Power Gem|p1a: Alomomola
|-damage|p1a: Alomomola|27/100
|move|p1a: Alomomola|Wish|p1a: Alomomola
|
|-heal|p2a: raingurl|93/100 brn|[from] item: Leftovers
|-damage|p2a: raingurl|86/100 brn|[from] brn
|upkeep
|turn|56
|
|t:|1760412943
|move|p1a: Alomomola|Protect|p1a: Alomomola
|-singleturn|p1a: Alomomola|Protect
|move|p2a: raingurl|Shadow Ball|p1a: Alomomola
|-activate|p1a: Alomomola|move: Protect
|
|-heal|p1a: Alomomola|77/100|[from] move: Wish|[wisher] Alomomola
|-heal|p2a: raingurl|93/100 brn|[from] item: Leftovers
|-damage|p2a: raingurl|86/100 brn|[from] brn
|upkeep
|turn|57
|
|t:|1760412953
|move|p2a: raingurl|Shadow Ball|p1a: Alomomola
|-damage|p1a: Alomomola|34/100
|move|p1a: Alomomola|Flip Turn|p2a: raingurl
|-damage|p2a: raingurl|69/100 brn
|
|t:|1760412959
|switch|p1a: Slowking|Slowking-Galar, M|42/100|[from] Flip Turn
|
|-heal|p2a: raingurl|75/100 brn|[from] item: Leftovers
|-damage|p2a: raingurl|69/100 brn|[from] brn
|upkeep
|turn|58
|
|t:|1760412965
|move|p2a: raingurl|Shadow Ball|p1a: Slowking
|-supereffective|p1a: Slowking
|-damage|p1a: Slowking|0 fnt
|faint|p1a: Slowking
|
|-heal|p2a: raingurl|75/100 brn|[from] item: Leftovers
|-damage|p2a: raingurl|69/100 brn|[from] brn
|upkeep
|
|t:|1760412967
|switch|p1a: Dragonite|Dragonite, M|100/100
|turn|59
|
|t:|1760412980
|move|p1a: Dragonite|Earthquake|p2a: raingurl
|-supereffective|p2a: raingurl
|-damage|p2a: raingurl|0 fnt
|faint|p2a: raingurl
|
|win|acezsz
