|j|☆Jedpunch
|j|☆mkjunhybg
|t:|1760429443
|gametype|singles
|player|p1|Jedpunch|265|1115
|player|p2|mkjunhybg|willow-casual|1107
|gen|9
|tier|[Gen 9] OU
|rated|
|rule|HP Percentage Mod: HP is shown in percentages
|rule|Endless Battle Clause: Forcing endless battles is banned
|rule|Species Clause: Limit one of each Pokémon
|rule|OHKO Clause: OHKO moves are banned
|rule|Evasion Items Clause: Evasion items are banned
|rule|Evasion Moves Clause: Evasion moves are banned
|rule|Evasion Abilities Clause: Evasion abilities are banned
|rule|Sleep Moves Clause: Sleep-inducing moves are banned
|clearpoke
|poke|p1|Hatterene, F|
|poke|p1|Deoxys-Speed|
|poke|p1|Ceruledge, M|
|poke|p1|Ogerpon-Wellspring, F|
|poke|p1|Iron Valiant|
|poke|p1|Great Tusk|
|poke|p2|Hoopa-Unbound|
|poke|p2|Iron Jugulis|
|poke|p2|Kingambit, M|
|poke|p2|Garchomp, F|
|poke|p2|Primarina, F|
|poke|p2|Quaquaval, M|
|teampreview
|inactive|Battle timer is ON: inactive players will automatically lose when time's up. (requested by mkjunhybg)
|
|t:|1760429461
|teamsize|p1|6
|teamsize|p2|6
|start
|switch|p1a: Deoxys|Deoxys-Speed|100/100
|switch|p2a: Quaquaval|Quaquaval, M|100/100
|-ability|p1a: Deoxys|Pressure
|turn|1
|inactive|mkjunhybg has 120 seconds left.
|
|t:|1760429502
|move|p1a: Deoxys|Reflect|p1a: Deoxys
|-sidestart|p1: Jedpunch|Reflect
|move|p2a: Quaquaval|Aqua Step|p1a: Deoxys
|-damage|p1a: Deoxys|72/100
|-boost|p2a: Quaquaval|spe|1
|
|upkeep
|turn|2
|
|t:|1760429511
|move|p1a: Deoxys|Psycho Boost|p2a: Quaquaval
|-supereffective|p2a: Quaquaval
|-damage|p2a: Quaquaval|7/100
|-unboost|p1a: Deoxys|spa|2
|move|p2a: Quaquaval|Aqua Step|p1a: Deoxys
|-damage|p1a: Deoxys|44/100
|-boost|p2a: Quaquaval|spe|1
|
|upkeep
|turn|3
|
|t:|1760429521
|move|p2a: Quaquaval|Knock Off|p1a: Deoxys
|-supereffective|p1a: Deoxys
|-damage|p1a: Deoxys|0 fnt
|-enditem|p1a: Deoxys|Light Clay|[from] move: Knock Off|[of] p2a: Quaquaval
|faint|p1a: Deoxys
|-ability|p2a: Quaquaval|Moxie|boost
|-boost|p2a: Quaquaval|atk|1
|
|upkeep
|
|t:|1760429537
|switch|p1a: Ceruledge|Ceruledge, M|100/100
|turn|4
|
|t:|1760429541
|switch|p2a: Garchomp|Garchomp, F|100/100
|move|p1a: Ceruledge|Shadow Sneak|p2a: Garchomp
|-crit|p2a: Garchomp
|-damage|p2a: Garchomp|81/100
|-damage|p1a: Ceruledge|88/100|[from] ability: Rough Skin|[of] p2a: Garchomp
|-damage|p1a: Ceruledge|72/100|[from] item: Rocky Helmet|[of] p2a: Garchomp
|
|upkeep
|turn|5
|
|t:|1760429550
|move|p1a: Ceruledge|Poltergeist|p2a: Garchomp|[miss]
|-miss|p1a: Ceruledge|p2a: Garchomp
|move|p2a: Garchomp|Earthquake|p1a: Ceruledge
|-supereffective|p1a: Ceruledge
|-damage|p1a: Ceruledge|6/100
|-ability|p1a: Ceruledge|Weak Armor|boost
|-unboost|p1a: Ceruledge|def|1
|-boost|p1a: Ceruledge|spe|2
|
|upkeep
|turn|6
|
|t:|1760429561
|move|p1a: Ceruledge|Poltergeist|p2a: Garchomp
|-activate|p2a: Garchomp|move: Poltergeist|Rocky Helmet
|-damage|p2a: Garchomp|47/100
|move|p2a: Garchomp|Spikes|p1a: Ceruledge
|-sidestart|p1: Jedpunch|Spikes
|
|upkeep
|turn|7
|
|t:|1760429569
|move|p1a: Ceruledge|Swords Dance|p1a: Ceruledge
|-boost|p1a: Ceruledge|atk|2
|move|p2a: Garchomp|Earthquake|p1a: Ceruledge
|-supereffective|p1a: Ceruledge
|-damage|p1a: Ceruledge|0 fnt
|faint|p1a: Ceruledge
|
|upkeep
|
|t:|1760429579
|switch|p1a: Ogerpon|Ogerpon-Wellspring, F|100/100
|-damage|p1a: Ogerpon|88/100|[from] Spikes
|turn|8
|
|t:|1760429583
|move|p1a: Ogerpon|Ivy Cudgel|p2a: Garchomp|[anim] Ivy Cudgel Water
|-damage|p2a: Garchomp|11/100
|move|p2a: Garchomp|Dragon Tail|p1a: Ogerpon
|-damage|p1a: Ogerpon|70/100
|drag|p1a: Iron Valiant|Iron Valiant|100/100
|-damage|p1a: Iron Valiant|88/100|[from] Spikes
|-enditem|p1a: Iron Valiant|Booster Energy
|-activate|p1a: Iron Valiant|ability: Quark Drive|[fromitem]
|-start|p1a: Iron Valiant|quarkdrivespe
|
|-sideend|p1: Jedpunch|Reflect
|upkeep
|turn|9
|
|t:|1760429598
|move|p1a: Iron Valiant|Substitute|p1a: Iron Valiant
|-start|p1a: Iron Valiant|Substitute
|-damage|p1a: Iron Valiant|63/100
|move|p2a: Garchomp|Earthquake|p1a: Iron Valiant
|-end|p1a: Iron Valiant|Substitute
|
|upkeep
|turn|10
|
|t:|1760429606
|move|p1a: Iron Valiant|Knock Off|p2a: Garchomp
|-damage|p2a: Garchomp|0 fnt
|-damage|p1a: Iron Valiant|51/100|[from] ability: Rough Skin|[of] p2a: Garchomp
|-damage|p1a: Iron Valiant|34/100|[from] item: Rocky Helmet|[of] p2a: Garchomp
|-enditem|p2a: Garchomp|Rocky Helmet|[from] move: Knock Off|[of] p1a: Iron Valiant
|faint|p2a: Garchomp
|
|upkeep
|
|t:|1760429618
|switch|p2a: Primarina|Primarina, F|100/100
|turn|11
|
|t:|1760429623
|move|p1a: Iron Valiant|Close Combat|p2a: Primarina
|-resisted|p2a: Primarina
|-crit|p2a: Primarina
|-damage|p2a: Primarina|38/100
|-unboost|p1a: Iron Valiant|def|1
|-unboost|p1a: Iron Valiant|spd|1
|move|p2a: Primarina|Moonblast|p1a: Iron Valiant
|-supereffective|p1a: Iron Valiant
|-damage|p1a: Iron Valiant|0 fnt
|faint|p1a: Iron Valiant
|-end|p1a: Iron Valiant|Quark Drive|[silent]
|
|-heal|p2a: Primarina|44/100|[from] item: Leftovers
|upkeep
|
|t:|1760429635
|switch|p1a: Ogerpon|Ogerpon-Wellspring, F|70/100
|-damage|p1a: Ogerpon|58/100|[from] Spikes
|turn|12
|inactive|mkjunhybg has 120 seconds left.
|inactive|mkjunhybg has 90 seconds left.
|
|t:|1760429699
|switch|p2a: Quaquaval|Quaquaval, M|7/100
|-terastallize|p1a: Ogerpon|Water
|detailschange|p1a: Ogerpon|Ogerpon-Wellspring-Tera, F, tera:Water
|-ability|p1a: Ogerpon|Embody Aspect (Wellspring)|boost
|-boost|p1a: Ogerpon|spd|1
|move|p1a: Ogerpon|Swords Dance|p1a: Ogerpon
|-boost|p1a: Ogerpon|atk|2
|
|upkeep
|turn|13
|
|t:|1760429709
|move|p1a: Ogerpon|Trailblaze|p2a: Quaquaval
|-supereffective|p2a: Quaquaval
|-damage|p2a: Quaquaval|0 fnt
|-boost|p1a: Ogerpon|spe|1
|faint|p2a: Quaquaval
|
|upkeep
|
|t:|1760429713
|switch|p2a: Kingambit|Kingambit, M|100/100
|-activate|p2a: Kingambit|ability: Supreme Overlord
|-start|p2a: Kingambit|fallen2|[silent]
|turn|14
|
|t:|1760429724
|move|p1a: Ogerpon|Substitute|p1a: Ogerpon
|-start|p1a: Ogerpon|Substitute
|-damage|p1a: Ogerpon|33/100
|move|p2a: Kingambit|Kowtow Cleave|p1a: Ogerpon
|-end|p1a: Ogerpon|Substitute
|
|upkeep
|turn|15
|inactive|mkjunhybg has 120 seconds left.
|
|t:|1760429731
|move|p1a: Ogerpon|Ivy Cudgel|p2a: Kingambit|[anim] Ivy Cudgel Water
|-damage|p2a: Kingambit|0 fnt
|faint|p2a: Kingambit
|-end|p2a: Kingambit|fallen2|[silent]
|
|upkeep
|inactive|mkjunhybg has 120 seconds left.
|
|t:|1760429736
|switch|p2a: Iron Jugulis|Iron Jugulis|100/100
|-enditem|p2a: Iron Jugulis|Booster Energy
|-activate|p2a: Iron Jugulis|ability: Quark Drive|[fromitem]
|-start|p2a: Iron Jugulis|quarkdrivespe
|turn|16
|
|t:|1760429745
|move|p1a: Ogerpon|Ivy Cudgel|p2a: Iron Jugulis|[anim] Ivy Cudgel Water
|-damage|p2a: Iron Jugulis|0 fnt
|faint|p2a: Iron Jugulis
|-end|p2a: Iron Jugulis|Quark Drive|[silent]
|
|upkeep
|-message|mkjunhybg forfeited.
|
|win|Jedpunch
|raw|Jedpunch's rating: 1115 &rarr; <strong>1139</strong><br />(+24 for winning)
|raw|mkjunhybg's rating: 1107 &rarr; <strong>1083</strong><br />(-24 for losing)
|l|☆mkjunhybg
|player|p2|
|l|☆Jedpunch
|player|p1|
|j|☆Jedpunch
|player|p1|Jedpunch|265|
