|j|☆goule123
|j|☆shorby
|t:|1760416768
|gametype|singles
|player|p1|goule123|pokemaniac|1210
|player|p2|shorby|101|1188
|gen|9
|tier|[Gen 9] OU
|rated|
|rule|HP Percentage Mod: HP is shown in percentages
|rule|Endless Battle Clause: Forcing endless battles is banned
|rule|Species Clause: Limit one of each Pokémon
|rule|OHKO Clause: OHKO moves are banned
|rule|Evasion Items Clause: Evasion items are banned
|rule|Evasion Moves Clause: Evasion moves are banned
|rule|Evasion Abilities Clause: Evasion abilities are banned
|rule|Sleep Moves Clause: Sleep-inducing moves are banned
|clearpoke
|poke|p1|Quaquaval, M|
|poke|p1|Zamazenta-*|
|poke|p1|Great Tusk|
|poke|p1|Garganacl, M|
|poke|p1|Kleavor, M|
|poke|p1|Dragapult, F|
|poke|p2|Spidops, M|
|poke|p2|Lokix, F|
|poke|p2|Ursaluna, F|
|poke|p2|Heracross, F|
|poke|p2|Forretress, F|
|poke|p2|Yanmega, M|
|teampreview
|inactive|Battle timer is ON: inactive players will automatically lose when time's up. (requested by shorby)
|
|t:|1760416785
|teamsize|p1|6
|teamsize|p2|6
|start
|switch|p1a: Kleavor|Kleavor, M|100/100
|switch|p2a: Spidops|Spidops, M|100/100
|turn|1
|c|☆goule123|虫队？
|
|t:|1760416795
|move|p2a: Spidops|Silk Trap|p2a: Spidops
|-singleturn|p2a: Spidops|Protect
|move|p1a: Kleavor|Stone Axe|p2a: Spidops
|-activate|p2a: Spidops|move: Protect
|-unboost|p1a: Kleavor|spe|1
|
|upkeep
|turn|2
|
|t:|1760416801
|move|p1a: Kleavor|Stone Axe|p2a: Spidops
|-supereffective|p2a: Spidops
|-damage|p2a: Spidops|16/100
|-sidestart|p2: shorby|move: Stealth Rock
|move|p2a: Spidops|Sticky Web|p1a: Kleavor
|-sidestart|p1: goule123|move: Sticky Web
|
|upkeep
|turn|3
|
|t:|1760416808
|move|p2a: Spidops|Silk Trap|p2a: Spidops
|-singleturn|p2a: Spidops|Protect
|move|p1a: Kleavor|Stone Axe|p2a: Spidops
|-activate|p2a: Spidops|move: Protect
|-unboost|p1a: Kleavor|spe|1
|
|upkeep
|turn|4
|
|t:|1760416814
|move|p1a: Kleavor|Stone Axe|p2a: Spidops
|-supereffective|p2a: Spidops
|-damage|p2a: Spidops|0 fnt
|faint|p2a: Spidops
|
|upkeep
|
|t:|1760416821
|switch|p2a: Lokix|Lokix, F|100/100
|turn|5
|
|t:|1760416828
|switch|p1a: Great Tusk|Great Tusk|100/100
|-activate|p1a: Great Tusk|move: Sticky Web
|-unboost|p1a: Great Tusk|spe|1
|-enditem|p1a: Great Tusk|Booster Energy
|-activate|p1a: Great Tusk|ability: Protosynthesis|[fromitem]
|-start|p1a: Great Tusk|protosynthesisatk
|move|p2a: Lokix|U-turn|p1a: Great Tusk
|-resisted|p1a: Great Tusk
|-damage|p1a: Great Tusk|79/100
|
|t:|1760416838
|switch|p2a: Forretress|Forretress, F|100/100|[from] U-turn
|-damage|p2a: Forretress|88/100|[from] Stealth Rock
|
|upkeep
|turn|6
|
|t:|1760416856
|move|p1a: Great Tusk|Earthquake|p2a: Forretress
|-damage|p2a: Forretress|49/100
|move|p2a: Forretress|Gyro Ball|p1a: Great Tusk
|-damage|p1a: Great Tusk|63/100
|
|upkeep
|turn|7
|
|t:|1760416869
|switch|p2a: Yanmega|Yanmega, M|100/100
|-damage|p2a: Yanmega|51/100|[from] Stealth Rock
|move|p1a: Great Tusk|Body Press|p2a: Yanmega
|-resisted|p2a: Yanmega
|-damage|p2a: Yanmega|37/100
|-enditem|p2a: Yanmega|Sitrus Berry|[eat]
|-heal|p2a: Yanmega|62/100|[from] item: Sitrus Berry
|
|upkeep
|turn|8
|
|t:|1760416878
|move|p2a: Yanmega|Protect|p2a: Yanmega
|-singleturn|p2a: Yanmega|Protect
|move|p1a: Great Tusk|Ice Spinner|p2a: Yanmega
|-activate|p2a: Yanmega|move: Protect
|
|-ability|p2a: Yanmega|Speed Boost|boost
|-boost|p2a: Yanmega|spe|1
|upkeep
|turn|9
|
|t:|1760416885
|move|p2a: Yanmega|Air Slash|p1a: Great Tusk
|-supereffective|p1a: Great Tusk
|-damage|p1a: Great Tusk|0 fnt
|faint|p1a: Great Tusk
|-end|p1a: Great Tusk|Protosynthesis|[silent]
|
|-ability|p2a: Yanmega|Speed Boost|boost
|-boost|p2a: Yanmega|spe|1
|upkeep
|
|t:|1760416898
|switch|p1a: Kleavor|Kleavor, M|100/100
|-activate|p1a: Kleavor|move: Sticky Web
|-unboost|p1a: Kleavor|spe|1
|turn|10
|
|t:|1760416906
|move|p2a: Yanmega|Protect|p2a: Yanmega
|-singleturn|p2a: Yanmega|Protect
|move|p1a: Kleavor|Defog|p2a: Yanmega
|-activate|p2a: Yanmega|move: Protect
|
|-ability|p2a: Yanmega|Speed Boost|boost
|-boost|p2a: Yanmega|spe|1
|upkeep
|turn|11
|
|t:|1760416912
|move|p2a: Yanmega|Air Slash|p1a: Kleavor
|-damage|p1a: Kleavor|34/100
|cant|p1a: Kleavor|flinch
|
|-ability|p2a: Yanmega|Speed Boost|boost
|-boost|p2a: Yanmega|spe|1
|upkeep
|turn|12
|
|t:|1760416917
|move|p2a: Yanmega|Air Slash|p1a: Kleavor
|-damage|p1a: Kleavor|0 fnt
|faint|p1a: Kleavor
|
|-ability|p2a: Yanmega|Speed Boost|boost
|-boost|p2a: Yanmega|spe|1
|upkeep
|
|t:|1760416921
|switch|p1a: Dragapult|Dragapult, F|100/100
|-activate|p1a: Dragapult|move: Sticky Web
|-unboost|p1a: Dragapult|spe|1
|turn|13
|
|t:|1760416926
|move|p1a: Dragapult|Sucker Punch|p2a: Yanmega
|-damage|p2a: Yanmega|18/100
|move|p2a: Yanmega|Air Slash|p1a: Dragapult
|-damage|p1a: Dragapult|42/100
|
|-ability|p2a: Yanmega|Speed Boost|boost
|-boost|p2a: Yanmega|spe|1
|upkeep
|turn|14
|
|t:|1760416933
|move|p1a: Dragapult|Sucker Punch|p2a: Yanmega
|-damage|p2a: Yanmega|0 fnt
|faint|p2a: Yanmega
|
|upkeep
|
|t:|1760416936
|switch|p2a: Ursaluna|Ursaluna, F|100/100
|-damage|p2a: Ursaluna|94/100|[from] Stealth Rock
|turn|15
|
|t:|1760416946
|switch|p1a: Zamazenta|Zamazenta|100/100
|-activate|p1a: Zamazenta|move: Sticky Web
|-unboost|p1a: Zamazenta|spe|1
|-ability|p1a: Zamazenta|Dauntless Shield|boost
|-boost|p1a: Zamazenta|def|1
|move|p2a: Ursaluna|Protect||[still]
|-fail|p2a: Ursaluna
|
|-status|p2a: Ursaluna|brn|[from] item: Flame Orb
|upkeep
|turn|16
|
|t:|1760416957
|move|p1a: Zamazenta|Body Press|p2a: Ursaluna
|-supereffective|p2a: Ursaluna
|-damage|p2a: Ursaluna|0 fnt
|faint|p2a: Ursaluna
|
|upkeep
|
|t:|1760416962
|switch|p2a: Lokix|Lokix, F|100/100
|turn|17
|
|t:|1760416968
|switch|p1a: Garganacl|Garganacl, M|100/100
|-activate|p1a: Garganacl|move: Sticky Web
|-fail|p1a: Garganacl|unboost|[from] ability: Clear Body|[of] p1a: Garganacl
|move|p2a: Lokix|First Impression|p1a: Garganacl
|-damage|p1a: Garganacl|81/100
|
|-heal|p1a: Garganacl|87/100|[from] item: Leftovers
|upkeep
|turn|18
|
|t:|1760416973
|move|p2a: Lokix|Knock Off|p1a: Garganacl
|-damage|p1a: Garganacl|65/100
|-enditem|p1a: Garganacl|Leftovers|[from] move: Knock Off|[of] p2a: Lokix
|move|p1a: Garganacl|Iron Defense|p1a: Garganacl
|-boost|p1a: Garganacl|def|2
|
|upkeep
|turn|19
|
|t:|1760416979
|move|p2a: Lokix|Sucker Punch||[still]
|-fail|p2a: Lokix
|move|p1a: Garganacl|Recover|p1a: Garganacl
|-heal|p1a: Garganacl|100/100
|
|upkeep
|turn|20
|
|t:|1760416983
|move|p2a: Lokix|U-turn|p1a: Garganacl
|-crit|p1a: Garganacl
|-damage|p1a: Garganacl|76/100
|
|t:|1760416993
|switch|p2a: Heracross|Heracross, F|100/100|[from] U-turn
|-damage|p2a: Heracross|88/100|[from] Stealth Rock
|move|p1a: Garganacl|Iron Defense|p1a: Garganacl
|-boost|p1a: Garganacl|def|2
|
|upkeep
|turn|21
|
|t:|1760417012
|-terastallize|p1a: Garganacl|Fairy
|move|p2a: Heracross|Close Combat|p1a: Garganacl
|-resisted|p1a: Garganacl
|-damage|p1a: Garganacl|71/100
|-unboost|p2a: Heracross|def|1
|-unboost|p2a: Heracross|spd|1
|move|p1a: Garganacl|Body Press|p2a: Heracross
|-resisted|p2a: Heracross
|-damage|p2a: Heracross|0 fnt
|faint|p2a: Heracross
|
|upkeep
|
|t:|1760417024
|switch|p2a: Forretress|Forretress, F|49/100
|-damage|p2a: Forretress|36/100|[from] Stealth Rock
|turn|22
|
|t:|1760417030
|move|p1a: Garganacl|Body Press|p2a: Forretress
|-damage|p2a: Forretress|0 fnt
|-damage|p1a: Garganacl|55/100|[from] item: Rocky Helmet|[of] p2a: Forretress
|faint|p2a: Forretress
|
|upkeep
|
|t:|1760417038
|switch|p2a: Lokix|Lokix, F|100/100
|turn|23
|
|t:|1760417040
|move|p2a: Lokix|First Impression|p1a: Garganacl
|-resisted|p1a: Garganacl
|-damage|p1a: Garganacl|48/100
|move|p1a: Garganacl|Body Press|p2a: Lokix
|-damage|p2a: Lokix|0 fnt
|faint|p2a: Lokix
|
|win|goule123
|raw|goule123's rating: 1210 &rarr; <strong>1233</strong><br />(+23 for winning)
|raw|shorby's rating: 1188 &rarr; <strong>1165</strong><br />(-23 for losing)
|l|☆shorby
|player|p2|
|l|☆goule123
|player|p1|
