|j|☆eriomirg
|j|☆PriceP0tato
|t:|1760333624
|gametype|singles
|player|p1|eriomirg|palmer|1108
|player|p2|PriceP0tato|shauntal|1080
|gen|9
|tier|[Gen 9] OU
|rated|
|rule|HP Percentage Mod: HP is shown in percentages
|rule|Endless Battle Clause: Forcing endless battles is banned
|rule|Species Clause: Limit one of each Pokémon
|rule|OHKO Clause: OHKO moves are banned
|rule|Evasion Items Clause: Evasion items are banned
|rule|Evasion Moves Clause: Evasion moves are banned
|rule|Evasion Abilities Clause: Evasion abilities are banned
|rule|Sleep Moves Clause: Sleep-inducing moves are banned
|clearpoke
|poke|p1|Blaziken, F|
|poke|p1|Cobalion|
|poke|p1|Lucario, M|
|poke|p1|Pawmot, F|
|poke|p1|Hawlucha, F|
|poke|p1|Toxicroak, M|
|poke|p2|Lycanroc-Dusk, F|
|poke|p2|Reuniclus, F|
|poke|p2|Corviknight, M|
|poke|p2|Tentacruel, F|
|poke|p2|Rotom-Heat|
|poke|p2|Flygon, F|
|teampreview
|
|t:|1760333633
|teamsize|p1|6
|teamsize|p2|6
|start
|switch|p1a: Cobalion|Cobalion|100/100
|switch|p2a: Corviknight|Corviknight, M|100/100
|turn|1
|
|t:|1760333639
|move|p1a: Cobalion|Taunt|p2a: Corviknight
|-start|p2a: Corviknight|move: Taunt
|cant|p2a: Corviknight|move: Taunt|Bulk Up
|
|upkeep
|turn|2
|
|t:|1760333643
|move|p1a: Cobalion|Thunder Wave|p2a: Corviknight
|-status|p2a: Corviknight|par
|cant|p2a: Corviknight|par
|
|upkeep
|turn|3
|
|t:|1760333650
|move|p1a: Cobalion|Reflect|p1a: Cobalion
|-sidestart|p1: eriomirg|Reflect
|cant|p2a: Corviknight|par
|
|-end|p2a: Corviknight|move: Taunt
|upkeep
|turn|4
|
|t:|1760333655
|switch|p2a: Rotom|Rotom-Heat|100/100
|move|p1a: Cobalion|Taunt|p2a: Rotom
|-start|p2a: Rotom|move: Taunt
|
|upkeep
|turn|5
|
|t:|1760333661
|move|p1a: Cobalion|Stealth Rock|p2a: Rotom
|-sidestart|p2: PriceP0tato|move: Stealth Rock
|move|p2a: Rotom|Overheat|p1a: Cobalion
|-supereffective|p1a: Cobalion
|-damage|p1a: Cobalion|0 fnt
|-unboost|p2a: Rotom|spa|2
|faint|p1a: Cobalion
|
|upkeep
|
|t:|1760333668
|switch|p1a: Hawlucha|Hawlucha, F|100/100
|turn|6
|
|t:|1760333672
|switch|p1a: Pawmot|Pawmot, F, shiny|100/100
|switch|p2a: Tentacruel|Tentacruel, F|100/100
|-damage|p2a: Tentacruel|88/100|[from] Stealth Rock
|
|-heal|p2a: Tentacruel|94/100|[from] item: Black Sludge
|upkeep
|turn|7
|
|t:|1760333680
|move|p1a: Pawmot|Nuzzle|p2a: Tentacruel
|-supereffective|p2a: Tentacruel
|-damage|p2a: Tentacruel|74/100
|-status|p2a: Tentacruel|par
|move|p2a: Tentacruel|Rapid Spin|p1a: Pawmot
|-damage|p1a: Pawmot|95/100
|-boost|p2a: Tentacruel|spe|1
|-sideend|p2: PriceP0tato|Stealth Rock|[from] move: Rapid Spin|[of] p2a: Tentacruel
|
|-heal|p2a: Tentacruel|80/100 par|[from] item: Black Sludge
|upkeep
|turn|8
|
|t:|1760333697
|switch|p2a: Flygon|Flygon, F|100/100
|move|p1a: Pawmot|Rain Dance|p1a: Pawmot
|-weather|RainDance
|
|-weather|RainDance|[upkeep]
|upkeep
|turn|9
|
|t:|1760333702
|switch|p1a: Hawlucha|Hawlucha, F|100/100
|move|p2a: Flygon|Dragon Dance|p2a: Flygon
|-boost|p2a: Flygon|atk|1
|-boost|p2a: Flygon|spe|1
|
|-weather|RainDance|[upkeep]
|upkeep
|turn|10
|
|t:|1760333708
|move|p2a: Flygon|Outrage|p1a: Hawlucha
|-damage|p1a: Hawlucha|39/100
|move|p1a: Hawlucha|Swords Dance|p1a: Hawlucha
|-boost|p1a: Hawlucha|atk|2
|
|-weather|RainDance|[upkeep]
|-sideend|p1: eriomirg|Reflect
|upkeep
|turn|11
|
|t:|1760333715
|move|p2a: Flygon|Outrage|p1a: Hawlucha|[from] lockedmove
|-damage|p1a: Hawlucha|0 fnt
|faint|p1a: Hawlucha
|-start|p2a: Flygon|confusion|[fatigue]
|
|-weather|RainDance|[upkeep]
|upkeep
|
|t:|1760333734
|switch|p1a: Lucario|Lucario, M|100/100
|turn|12
|
|t:|1760333738
|switch|p2a: Rotom|Rotom-Heat|100/100
|move|p1a: Lucario|Water Pulse|p2a: Rotom
|-supereffective|p2a: Rotom
|-damage|p2a: Rotom|28/100
|-start|p2a: Rotom|confusion
|
|-weather|RainDance|[upkeep]
|upkeep
|turn|13
|
|t:|1760333747
|switch|p2a: Tentacruel|Tentacruel, F|80/100 par
|move|p1a: Lucario|Water Pulse|p2a: Tentacruel
|-resisted|p2a: Tentacruel
|-damage|p2a: Tentacruel|72/100 par
|-start|p2a: Tentacruel|confusion
|
|-weather|RainDance|[upkeep]
|-heal|p2a: Tentacruel|78/100 par|[from] item: Black Sludge
|upkeep
|turn|14
|
|t:|1760333760
|switch|p1a: Pawmot|Pawmot, F, shiny|95/100
|-activate|p2a: Tentacruel|confusion
|cant|p2a: Tentacruel|par
|
|-weather|RainDance|[upkeep]
|-heal|p2a: Tentacruel|84/100 par|[from] item: Black Sludge
|upkeep
|turn|15
|
|t:|1760333770
|move|p1a: Pawmot|Revival Blessing|p1a: Pawmot
|
|t:|1760333773
|-heal|p1: Hawlucha|50/100|[from] move: Revival Blessing
|-activate|p2a: Tentacruel|confusion
|move|p2a: Tentacruel|Surf|p1a: Pawmot
|-damage|p1a: Pawmot|36/100
|
|-weather|none
|-heal|p2a: Tentacruel|90/100 par|[from] item: Black Sludge
|upkeep
|turn|16
|
|t:|1760333782
|move|p1a: Pawmot|Rain Dance|p1a: Pawmot
|-weather|RainDance
|-activate|p2a: Tentacruel|confusion
|-damage|p2a: Tentacruel|80/100 par|[from] confusion
|
|-weather|RainDance|[upkeep]
|-heal|p2a: Tentacruel|86/100 par|[from] item: Black Sludge
|upkeep
|turn|17
|
|t:|1760333788
|switch|p1a: Toxicroak|Toxicroak, M|100/100
|-end|p2a: Tentacruel|confusion
|move|p2a: Tentacruel|Surf|p1a: Toxicroak
|-immune|p1a: Toxicroak|[from] ability: Dry Skin
|
|-weather|RainDance|[upkeep]
|-heal|p2a: Tentacruel|93/100 par|[from] item: Black Sludge
|upkeep
|turn|18
|
|t:|1760333801
|switch|p2a: Corviknight|Corviknight, M|100/100 par
|move|p1a: Toxicroak|Knock Off|p2a: Corviknight
|-damage|p2a: Corviknight|76/100 par
|-damage|p1a: Toxicroak|84/100|[from] item: Rocky Helmet|[of] p2a: Corviknight
|-enditem|p2a: Corviknight|Rocky Helmet|[from] move: Knock Off|[of] p1a: Toxicroak
|
|-weather|RainDance|[upkeep]
|-heal|p1a: Toxicroak|96/100|[from] ability: Dry Skin
|upkeep
|turn|19
|
|t:|1760333827
|switch|p1a: Lucario|Lucario, M|100/100
|move|p2a: Corviknight|Bulk Up|p2a: Corviknight
|-boost|p2a: Corviknight|atk|1
|-boost|p2a: Corviknight|def|1
|
|-weather|RainDance|[upkeep]
|upkeep
|turn|20
|
|t:|1760333836
|move|p1a: Lucario|Water Pulse|p2a: Corviknight
|-damage|p2a: Corviknight|44/100 par
|cant|p2a: Corviknight|par
|
|-weather|RainDance|[upkeep]
|upkeep
|turn|21
|
|t:|1760333841
|move|p1a: Lucario|Water Pulse|p2a: Corviknight
|-damage|p2a: Corviknight|12/100 par
|cant|p2a: Corviknight|par
|
|-weather|RainDance|[upkeep]
|upkeep
|turn|22
|
|t:|1760333847
|move|p1a: Lucario|Water Pulse|p2a: Corviknight
|-damage|p2a: Corviknight|0 fnt
|faint|p2a: Corviknight
|
|-weather|RainDance|[upkeep]
|upkeep
|
|t:|1760333852
|switch|p2a: Flygon|Flygon, F|100/100
|turn|23
|
|t:|1760333857
|move|p1a: Lucario|Water Pulse|p2a: Flygon
|-damage|p2a: Flygon|62/100
|-start|p2a: Flygon|confusion
|-activate|p2a: Flygon|confusion
|-damage|p2a: Flygon|45/100|[from] confusion
|
|-weather|none
|upkeep
|turn|24
|
|t:|1760333866
|switch|p2a: Tentacruel|Tentacruel, F|93/100 par
|move|p1a: Lucario|Water Pulse|p2a: Tentacruel
|-resisted|p2a: Tentacruel
|-damage|p2a: Tentacruel|87/100 par
|
|-heal|p2a: Tentacruel|93/100 par|[from] item: Black Sludge
|upkeep
|turn|25
|
|t:|1760333879
|move|p1a: Lucario|Dark Pulse|p2a: Tentacruel
|-damage|p2a: Tentacruel|77/100 par
|move|p2a: Tentacruel|Surf|p1a: Lucario
|-damage|p1a: Lucario|52/100
|
|-heal|p2a: Tentacruel|83/100 par|[from] item: Black Sludge
|upkeep
|turn|26
|
|t:|1760333887
|switch|p1a: Toxicroak|Toxicroak, M|96/100
|move|p2a: Tentacruel|Surf|p1a: Toxicroak
|-heal|p1a: Toxicroak|100/100|[from] ability: Dry Skin|[of] p2a: Tentacruel
|
|-heal|p2a: Tentacruel|89/100 par|[from] item: Black Sludge
|upkeep
|turn|27
|
|t:|1760333897
|switch|p2a: Reuniclus|Reuniclus, F|100/100
|move|p1a: Toxicroak|Gunk Shot|p2a: Reuniclus
|-damage|p2a: Reuniclus|42/100
|
|-heal|p2a: Reuniclus|49/100|[from] item: Leftovers
|upkeep
|turn|28
|
|t:|1760333906
|switch|p2a: Tentacruel|Tentacruel, F|89/100 par
|move|p1a: Toxicroak|Knock Off|p2a: Tentacruel
|-damage|p2a: Tentacruel|48/100 par
|-enditem|p2a: Tentacruel|Black Sludge|[from] move: Knock Off|[of] p1a: Toxicroak
|
|upkeep
|turn|29
|
|t:|1760333918
|-terastallize|p1a: Toxicroak|Dark
|move|p1a: Toxicroak|Knock Off|p2a: Tentacruel
|-damage|p2a: Tentacruel|7/100 par
|move|p2a: Tentacruel|Sludge Wave|p1a: Toxicroak
|-damage|p1a: Toxicroak|68/100
|
|upkeep
|turn|30
|
|t:|1760333927
|move|p1a: Toxicroak|Drain Punch|p2a: Tentacruel
|-resisted|p2a: Tentacruel
|-damage|p2a: Tentacruel|0 fnt
|-damage|p1a: Toxicroak|64/100|[from] ability: Liquid Ooze|[of] p2a: Tentacruel
|faint|p2a: Tentacruel
|
|upkeep
|
|t:|1760333933
|switch|p2a: Rotom|Rotom-Heat|28/100
|turn|31
|
|t:|1760333938
|move|p2a: Rotom|Overheat|p1a: Toxicroak
|-damage|p1a: Toxicroak|0 fnt
|-unboost|p2a: Rotom|spa|2
|faint|p1a: Toxicroak
|
|upkeep
|l|☆eriomirg
|player|p1|
|j|☆eriomirg
|player|p1|eriomirg|palmer|
|inactive|Battle timer is ON: inactive players will automatically lose when time's up. (requested by PriceP0tato)
|
|t:|1760333968
|switch|p1a: Lucario|Lucario, M|52/100
|turn|32
|
|t:|1760333973
|-terastallize|p2a: Rotom|Water
|move|p1a: Lucario|Vacuum Wave|p2a: Rotom
|-damage|p2a: Rotom|2/100
|move|p2a: Rotom|Overheat|p1a: Lucario
|-supereffective|p1a: Lucario
|-damage|p1a: Lucario|0 fnt
|-unboost|p2a: Rotom|spa|2
|faint|p1a: Lucario
|
|upkeep
|
|t:|1760333985
|switch|p1a: Hawlucha|Hawlucha, F|50/100
|turn|33
|
|t:|1760333992
|move|p1a: Hawlucha|Acrobatics|p2a: Rotom
|-damage|p2a: Rotom|0 fnt
|faint|p2a: Rotom
|
|upkeep
|
|t:|1760333997
|switch|p2a: Lycanroc|Lycanroc-Dusk, F|100/100
|turn|34
|
|t:|1760334003
|move|p2a: Lycanroc|Accelerock|p1a: Hawlucha
|-damage|p1a: Hawlucha|12/100
|move|p1a: Hawlucha|Flying Press|p2a: Lycanroc
|-damage|p2a: Lycanroc|27/100
|
|upkeep
|turn|35
|
|t:|1760334012
|move|p2a: Lycanroc|Accelerock|p1a: Hawlucha
|-damage|p1a: Hawlucha|0 fnt
|faint|p1a: Hawlucha
|
|upkeep
|
|t:|1760334022
|switch|p1a: Pawmot|Pawmot, F, shiny|36/100
|turn|36
|
|t:|1760334026
|move|p2a: Lycanroc|Accelerock|p1a: Pawmot
|-resisted|p1a: Pawmot
|-damage|p1a: Pawmot|16/100
|move|p1a: Pawmot|Wish|p1a: Pawmot
|
|upkeep
|turn|37
|
|t:|1760334031
|move|p1a: Pawmot|Nuzzle|p2a: Lycanroc
|-damage|p2a: Lycanroc|15/100
|-status|p2a: Lycanroc|par
|cant|p2a: Lycanroc|par
|
|-heal|p1a: Pawmot|66/100|[from] move: Wish|[wisher] Pawmot
|upkeep
|turn|38
|
|t:|1760334042
|switch|p2a: Flygon|Flygon, F|45/100
|move|p1a: Pawmot|Wish|p1a: Pawmot
|
|upkeep
|turn|39
|
|t:|1760334051
|switch|p1a: Blaziken|Blaziken, F, shiny|100/100
|move|p2a: Flygon|Earthquake|p1a: Blaziken
|-supereffective|p1a: Blaziken
|-enditem|p1a: Blaziken|Focus Sash
|-damage|p1a: Blaziken|1/100
|
|-heal|p1a: Blaziken|58/100|[from] move: Wish|[wisher] Pawmot
|upkeep
|turn|40
|
|t:|1760334067
|move|p2a: Flygon|Earthquake|p1a: Blaziken
|-supereffective|p1a: Blaziken
|-damage|p1a: Blaziken|0 fnt
|faint|p1a: Blaziken
|
|upkeep
|-message|eriomirg forfeited.
|
|win|PriceP0tato
|raw|eriomirg's rating: 1108 &rarr; <strong>1081</strong><br />(-27 for losing)
|raw|PriceP0tato's rating: 1080 &rarr; <strong>1110</strong><br />(+30 for winning)
|l|☆eriomirg
|player|p1|
|l|☆PriceP0tato
|player|p2|
