|j|☆Myadetectiveroyal
|j|☆Jynzeo
|t:|1760395859
|gametype|singles
|player|p1|Myadetectiveroyal|picnicker|1198
|player|p2|Jynzeo|flannery|1259
|gen|9
|tier|[Gen 9] OU
|rated|
|rule|HP Percentage Mod: HP is shown in percentages
|rule|Endless Battle Clause: Forcing endless battles is banned
|rule|Species Clause: Limit one of each Pokémon
|rule|OHKO Clause: OHKO moves are banned
|rule|Evasion Items Clause: Evasion items are banned
|rule|Evasion Moves Clause: Evasion moves are banned
|rule|Evasion Abilities Clause: Evasion abilities are banned
|rule|Sleep Moves Clause: Sleep-inducing moves are banned
|clearpoke
|poke|p1|Sandslash, F|
|poke|p1|Tyranitar, F|
|poke|p1|Houndstone, F|
|poke|p1|Corviknight, F|
|poke|p1|Hydrapple, F|
|poke|p1|Fezandipiti, M|
|poke|p2|Deoxys-Speed|
|poke|p2|Moltres-Galar|
|poke|p2|Iron Treads|
|poke|p2|Skeledirge, F|
|poke|p2|Ogerpon-Wellspring, F|
|poke|p2|Glimmora, F|
|teampreview
|inactive|Battle timer is ON: inactive players will automatically lose when time's up. (requested by Myadetectiveroyal)
|
|t:|1760395873
|teamsize|p1|6
|teamsize|p2|6
|start
|switch|p1a: Tyrakaiju|Tyranitar, F|100/100
|switch|p2a: Deoxys|Deoxys-Speed, shiny|100/100
|-ability|p2a: Deoxys|Pressure
|-weather|Sandstorm|[from] ability: Sand Stream|[of] p1a: Tyrakaiju
|turn|1
|
|t:|1760395883
|move|p2a: Deoxys|Stealth Rock|p1a: Tyrakaiju
|-sidestart|p1: Myadetectiveroyal|move: Stealth Rock
|move|p1a: Tyrakaiju|Knock Off|p2a: Deoxys
|-supereffective|p2a: Deoxys
|-enditem|p2a: Deoxys|Focus Sash
|-damage|p2a: Deoxys|1/100
|
|-weather|Sandstorm|[upkeep]
|-damage|p2a: Deoxys|0 fnt|[from] Sandstorm
|faint|p2a: Deoxys
|upkeep
|
|t:|1760395890
|switch|p2a: Iron Treads|Iron Treads, shiny|100/100
|turn|2
|
|t:|1760395894
|switch|p1a: Piaf sasuke|Corviknight, F|100/100
|-ability|p1a: Piaf sasuke|Unnerve
|-damage|p1a: Piaf sasuke|88/100|[from] Stealth Rock
|move|p2a: Iron Treads|Knock Off|p1a: Piaf sasuke
|-damage|p1a: Piaf sasuke|73/100
|-enditem|p1a: Piaf sasuke|Leftovers|[from] move: Knock Off|[of] p2a: Iron Treads
|
|-weather|Sandstorm|[upkeep]
|upkeep
|turn|3
|
|t:|1760395909
|-end|p2a: Iron Treads|Quark Drive|[silent]
|switch|p2a: Moltres|Moltres-Galar|100/100
|move|p1a: Piaf sasuke|Defog|p2a: Moltres
|-unboost|p2a: Moltres|evasion|1
|-sideend|p1: Myadetectiveroyal|Stealth Rock|[from] move: Defog|[of] p1a: Piaf sasuke
|
|-weather|Sandstorm|[upkeep]
|-damage|p2a: Moltres|94/100|[from] Sandstorm
|-heal|p2a: Moltres|100/100|[from] item: Leftovers
|upkeep
|turn|4
|
|t:|1760395920
|switch|p1a: Tyrakaiju|Tyranitar, F|100/100
|move|p2a: Moltres|U-turn|p1a: Tyrakaiju
|-supereffective|p1a: Tyrakaiju
|-damage|p1a: Tyrakaiju|86/100
|
|t:|1760395922
|switch|p2a: Ogerpon|Ogerpon-Wellspring, F|100/100|[from] U-turn
|
|-weather|Sandstorm|[upkeep]
|-damage|p2a: Ogerpon|94/100|[from] Sandstorm
|upkeep
|turn|5
|
|t:|1760395931
|switch|p1a: Hydre pomme|Hydrapple, F|100/100
|move|p2a: Ogerpon|Leech Seed|p1a: Hydre pomme
|-immune|p1a: Hydre pomme
|
|-weather|Sandstorm|[upkeep]
|-damage|p2a: Ogerpon|88/100|[from] Sandstorm
|-damage|p1a: Hydre pomme|94/100|[from] Sandstorm
|upkeep
|turn|6
|
|t:|1760395939
|move|p2a: Ogerpon|Knock Off|p1a: Hydre pomme
|-damage|p1a: Hydre pomme|75/100
|-enditem|p1a: Hydre pomme|Heavy-Duty Boots|[from] move: Knock Off|[of] p2a: Ogerpon
|move|p1a: Hydre pomme|Fickle Beam|p2a: Ogerpon
|-damage|p2a: Ogerpon|64/100
|
|-weather|Sandstorm|[upkeep]
|-damage|p2a: Ogerpon|58/100|[from] Sandstorm
|-damage|p1a: Hydre pomme|69/100|[from] Sandstorm
|upkeep
|turn|7
|
|t:|1760395949
|switch|p2a: Moltres|Moltres-Galar|100/100
|move|p1a: Hydre pomme|Breaking Swipe|p2a: Moltres
|-damage|p2a: Moltres|83/100
|-unboost|p2a: Moltres|atk|1
|
|-weather|Sandstorm|[upkeep]
|-damage|p2a: Moltres|76/100|[from] Sandstorm
|-damage|p1a: Hydre pomme|62/100|[from] Sandstorm
|-heal|p2a: Moltres|83/100|[from] item: Leftovers
|upkeep
|turn|8
|
|t:|1760395960
|switch|p1a: Frozis|Fezandipiti, M|100/100
|move|p2a: Moltres|Hurricane|p1a: Frozis
|-damage|p1a: Frozis|70/100
|
|-weather|none
|-heal|p2a: Moltres|89/100|[from] item: Leftovers
|upkeep
|turn|9
|
|t:|1760395969
|switch|p2a: Iron Treads|Iron Treads, shiny|100/100
|move|p1a: Frozis|Beat Up|p2a: Iron Treads
|-damage|p2a: Iron Treads|99/100
|-damage|p2a: Iron Treads|97/100
|-damage|p2a: Iron Treads|95/100
|-damage|p2a: Iron Treads|93/100
|-damage|p2a: Iron Treads|91/100
|-damage|p2a: Iron Treads|89/100
|-hitcount|p2a: Iron Treads|6
|
|upkeep
|turn|10
|
|t:|1760395984
|switch|p1a: Piaf sasuke|Corviknight, F|73/100
|-ability|p1a: Piaf sasuke|Unnerve
|-end|p2a: Iron Treads|Quark Drive|[silent]
|switch|p2a: Skeledirge|Skeledirge, F|100/100
|
|upkeep
|turn|11
|
|t:|1760395995
|switch|p1a: Tyrakaiju|Tyranitar, F|86/100
|-weather|Sandstorm|[from] ability: Sand Stream|[of] p1a: Tyrakaiju
|move|p2a: Skeledirge|Will-O-Wisp|p1a: Tyrakaiju
|-status|p1a: Tyrakaiju|brn
|
|-weather|Sandstorm|[upkeep]
|-damage|p2a: Skeledirge|94/100|[from] Sandstorm
|-damage|p1a: Tyrakaiju|80/100 brn|[from] brn
|upkeep
|turn|12
|
|t:|1760396006
|switch|p2a: Glimmora|Glimmora, F|100/100
|move|p1a: Tyrakaiju|Thunder Wave|p2a: Glimmora
|-status|p2a: Glimmora|par
|
|-weather|Sandstorm|[upkeep]
|-damage|p1a: Tyrakaiju|74/100 brn|[from] brn
|upkeep
|turn|13
|
|t:|1760396026
|switch|p1a: Sandaslash|Sandslash, F|100/100
|move|p2a: Glimmora|Earth Power|p1a: Sandaslash
|-damage|p1a: Sandaslash|48/100
|-unboost|p1a: Sandaslash|spd|1
|
|-weather|Sandstorm|[upkeep]
|upkeep
|turn|14
|
|t:|1760396036
|move|p1a: Sandaslash|Earthquake|p2a: Glimmora
|-supereffective|p2a: Glimmora
|-damage|p2a: Glimmora|0 fnt
|-activate|p2a: Glimmora|ability: Toxic Debris
|-sidestart|p1: Myadetectiveroyal|move: Toxic Spikes
|faint|p2a: Glimmora
|-damage|p1a: Sandaslash|38/100|[from] item: Life Orb
|
|-weather|Sandstorm|[upkeep]
|upkeep
|
|t:|1760396041
|switch|p2a: Iron Treads|Iron Treads, shiny|89/100
|turn|15
|
|t:|1760396046
|-end|p2a: Iron Treads|Quark Drive|[silent]
|switch|p2a: Skeledirge|Skeledirge, F|94/100
|move|p1a: Sandaslash|Earthquake|p2a: Skeledirge
|-supereffective|p2a: Skeledirge
|-damage|p2a: Skeledirge|20/100
|-damage|p1a: Sandaslash|28/100|[from] item: Life Orb
|
|-weather|Sandstorm|[upkeep]
|-damage|p2a: Skeledirge|14/100|[from] Sandstorm
|upkeep
|turn|16
|
|t:|1760396056
|switch|p2a: Moltres|Moltres-Galar|89/100
|move|p1a: Sandaslash|Stone Edge|p2a: Moltres
|-supereffective|p2a: Moltres
|-damage|p2a: Moltres|5/100
|-ability|p2a: Moltres|Berserk|boost
|-boost|p2a: Moltres|spa|1
|-damage|p1a: Sandaslash|18/100|[from] item: Life Orb
|
|-weather|Sandstorm|[upkeep]
|-damage|p2a: Moltres|0 fnt|[from] Sandstorm
|faint|p2a: Moltres
|upkeep
|
|t:|1760396063
|switch|p2a: Ogerpon|Ogerpon-Wellspring, F|58/100
|turn|17
|
|t:|1760396072
|move|p2a: Ogerpon|Spiky Shield|p2a: Ogerpon
|-singleturn|p2a: Ogerpon|move: Protect
|move|p1a: Sandaslash|Stone Edge|p2a: Ogerpon
|-activate|p2a: Ogerpon|move: Protect
|
|-weather|Sandstorm|[upkeep]
|-damage|p2a: Ogerpon|52/100|[from] Sandstorm
|upkeep
|turn|18
|
|t:|1760396081
|switch|p2a: Skeledirge|Skeledirge, F|14/100
|move|p1a: Sandaslash|Stone Edge|p2a: Skeledirge
|-supereffective|p2a: Skeledirge
|-damage|p2a: Skeledirge|0 fnt
|faint|p2a: Skeledirge
|-damage|p1a: Sandaslash|8/100|[from] item: Life Orb
|
|-weather|none
|upkeep
|
|t:|1760396084
|switch|p2a: Ogerpon|Ogerpon-Wellspring, F|52/100
|turn|19
|
|t:|1760396095
|switch|p1a: Hydre pomme|Hydrapple, F|96/100
|-status|p1a: Hydre pomme|psn
|move|p2a: Ogerpon|Knock Off|p1a: Hydre pomme
|-damage|p1a: Hydre pomme|84/100 psn
|
|-damage|p1a: Hydre pomme|71/100 psn|[from] psn
|upkeep
|turn|20
|
|t:|1760396105
|switch|p2a: Iron Treads|Iron Treads, shiny|89/100
|move|p1a: Hydre pomme|Breaking Swipe|p2a: Iron Treads
|-resisted|p2a: Iron Treads
|-damage|p2a: Iron Treads|84/100
|-unboost|p2a: Iron Treads|atk|1
|-damage|p1a: Hydre pomme|55/100 psn|[from] item: Rocky Helmet|[of] p2a: Iron Treads
|
|-damage|p1a: Hydre pomme|42/100 psn|[from] psn
|upkeep
|turn|21
|
|t:|1760396116
|-end|p2a: Iron Treads|Quark Drive|[silent]
|switch|p2a: Ogerpon|Ogerpon-Wellspring, F|52/100
|switch|p1a: Piaf sasuke|Corviknight, F|73/100
|-ability|p1a: Piaf sasuke|Unnerve
|
|upkeep
|turn|22
|
|t:|1760396123
|move|p2a: Ogerpon|Leech Seed|p1a: Piaf sasuke
|-start|p1a: Piaf sasuke|move: Leech Seed
|move|p1a: Piaf sasuke|Defog|p2a: Ogerpon
|-unboost|p2a: Ogerpon|evasion|1
|-sideend|p1: Myadetectiveroyal|Toxic Spikes|[from] move: Defog|[of] p1a: Piaf sasuke
|
|-damage|p1a: Piaf sasuke|61/100|[from] Leech Seed|[of] p2a: Ogerpon
|-heal|p2a: Ogerpon|65/100|[silent]
|upkeep
|turn|23
|
|t:|1760396133
|switch|p1a: Tyrakaiju|Tyranitar, F|74/100 brn
|-weather|Sandstorm|[from] ability: Sand Stream|[of] p1a: Tyrakaiju
|move|p2a: Ogerpon|Spiky Shield||[still]
|-fail|p2a: Ogerpon
|
|-weather|Sandstorm|[upkeep]
|-damage|p2a: Ogerpon|59/100|[from] Sandstorm
|-damage|p1a: Tyrakaiju|68/100 brn|[from] brn
|upkeep
|turn|24
|
|t:|1760396143
|move|p2a: Ogerpon|Low Kick|p1a: Tyrakaiju
|-supereffective|p1a: Tyrakaiju
|-damage|p1a: Tyrakaiju|0 fnt
|faint|p1a: Tyrakaiju
|
|-weather|Sandstorm|[upkeep]
|-damage|p2a: Ogerpon|53/100|[from] Sandstorm
|upkeep
|
|t:|1760396149
|switch|p1a: Sacrifice inutile|Houndstone, F|100/100
|turn|25
|
|t:|1760396154
|move|p1a: Sacrifice inutile|Poltergeist|p2a: Ogerpon
|-activate|p2a: Ogerpon|move: Poltergeist|Wellspring Mask
|-damage|p2a: Ogerpon|0 fnt
|faint|p2a: Ogerpon
|
|-weather|Sandstorm|[upkeep]
|upkeep
|
|t:|1760396161
|switch|p2a: Iron Treads|Iron Treads, shiny|84/100
|turn|26
|
|t:|1760396164
|-terastallize|p1a: Sacrifice inutile|Ghost
|move|p1a: Sacrifice inutile|Poltergeist|p2a: Iron Treads
|-activate|p2a: Iron Treads|move: Poltergeist|Rocky Helmet
|-damage|p2a: Iron Treads|15/100
|move|p2a: Iron Treads|Knock Off|p1a: Sacrifice inutile
|-supereffective|p1a: Sacrifice inutile
|-damage|p1a: Sacrifice inutile|39/100
|-enditem|p1a: Sacrifice inutile|Choice Band|[from] move: Knock Off|[of] p2a: Iron Treads
|
|-weather|Sandstorm|[upkeep]
|upkeep
|turn|27
|
|t:|1760396175
|move|p1a: Sacrifice inutile|Crunch|p2a: Iron Treads
|-damage|p2a: Iron Treads|0 fnt
|-damage|p1a: Sacrifice inutile|23/100|[from] item: Rocky Helmet|[of] p2a: Iron Treads
|faint|p2a: Iron Treads
|-end|p2a: Iron Treads|Quark Drive|[silent]
|
|win|Myadetectiveroyal
|raw|Myadetectiveroyal's rating: 1198 &rarr; <strong>1227</strong><br />(+29 for winning)
|raw|Jynzeo's rating: 1259 &rarr; <strong>1230</strong><br />(-29 for losing)
|l|☆Jynzeo
|player|p2|
|l|☆Myadetectiveroyal
|player|p1|
