|badge|p1|bronze|gen9ou|100-7
|uhtml|medal-msg|<div class="broadcast-blue">Curious what those medals under the avatar are? PS now has Ladder Seasons! For more information, check out the <a href="https://www.smogon.com/forums/threads/3740067/">thread on Smogon.</a></div>
|badge|p2|bronze|gen9ou|100-7
|uhtml|medal-msg|<div class="broadcast-blue">Curious what those medals under the avatar are? PS now has Ladder Seasons! For more information, check out the <a href="https://www.smogon.com/forums/threads/3740067/">thread on Smogon.</a></div>
|j|☆MooFarmer
|j|☆Johnny tots
|t:|1760316009
|gametype|singles
|player|p1|MooFarmer|2|1841
|player|p2|Johnny tots|102|1831
|gen|9
|tier|[Gen 9] OU
|rated|
|rule|HP Percentage Mod: HP is shown in percentages
|rule|Endless Battle Clause: Forcing endless battles is banned
|rule|Species Clause: Limit one of each Pokémon
|rule|OHKO Clause: OHKO moves are banned
|rule|Evasion Items Clause: Evasion items are banned
|rule|Evasion Moves Clause: Evasion moves are banned
|rule|Evasion Abilities Clause: Evasion abilities are banned
|rule|Sleep Moves Clause: Sleep-inducing moves are banned
|clearpoke
|poke|p1|Kyurem|
|poke|p1|Corviknight, F|
|poke|p1|Ting-Lu|
|poke|p1|Dondozo, F|
|poke|p1|Slowking-Galar, L99, M|
|poke|p1|Cinderace, F|
|poke|p2|Rillaboom, F|
|poke|p2|Klefki, M|
|poke|p2|Manaphy|
|poke|p2|Ogerpon-Wellspring, F|
|poke|p2|Maushold-Four|
|poke|p2|Clefable, M|
|teampreview
|inactive|Battle timer is ON: inactive players will automatically lose when time's up. (requested by Johnny tots)
|l|☆Johnny tots
|inactive|Johnny tots disconnected and has a minute to reconnect!
|player|p2|
|
|t:|1760316056
|teamsize|p1|6
|teamsize|p2|6
|start
|switch|p1a: Cinderace|Cinderace, F|100/100
|switch|p2a: Rillaboom|Rillaboom, F|100/100
|-fieldstart|move: Grassy Terrain|[from] ability: Grassy Surge|[of] p2a: Rillaboom
|turn|1
|inactive|MooFarmer also wants the timer to be on.
|j|☆Johnny tots
|inactive|Johnny tots reconnected and has 150 seconds left.
|player|p2|Johnny tots|102|
|inactive|MooFarmer has 120 seconds left.
|
|t:|1760316101
|switch|p2a: Manaphy|Manaphy|100/100
|move|p1a: Cinderace|U-turn|p2a: Manaphy
|-damage|p2a: Manaphy|83/100
|inactive|MooFarmer has 90 seconds left.
|j| St.Peewee
|l|☆Johnny tots
|inactive|Johnny tots disconnected and has a minute to reconnect!
|player|p2|
|j|☆Johnny tots
|inactive|Johnny tots reconnected.
|player|p2|Johnny tots|102|
|
|t:|1760316146
|switch|p1a: Kyurem|Kyurem|100/100|[from] U-turn
|-ability|p1a: Kyurem|Pressure
|
|-heal|p2a: Manaphy|89/100|[from] Grassy Terrain
|-heal|p2a: Manaphy|95/100|[from] item: Leftovers
|upkeep
|turn|2
|inactive|MooFarmer has 60 seconds left.
|l| St.Peewee
|inactive|MooFarmer has 30 seconds left.
|
|t:|1760316191
|switch|p2a: Clefable|Clefable, M|100/100
|move|p1a: Kyurem|Freeze-Dry|p2a: Clefable
|-damage|p2a: Clefable|67/100
|
|-heal|p2a: Clefable|73/100|[from] Grassy Terrain
|-heal|p2a: Clefable|79/100|[from] item: Leftovers
|upkeep
|turn|3
|
|t:|1760316206
|move|p1a: Kyurem|Freeze-Dry|p2a: Clefable
|-damage|p2a: Clefable|42/100
|move|p2a: Clefable|Moonblast|p1a: Kyurem
|-supereffective|p1a: Kyurem
|-damage|p1a: Kyurem|26/100
|
|-heal|p1a: Kyurem|32/100|[from] Grassy Terrain
|-heal|p1a: Kyurem|38/100|[from] item: Leftovers
|-heal|p2a: Clefable|48/100|[from] Grassy Terrain
|-heal|p2a: Clefable|55/100|[from] item: Leftovers
|upkeep
|turn|4
|
|t:|1760316216
|switch|p1a: Slowking|Slowking-Galar, L99, M|100/100
|move|p2a: Clefable|Moonblast|p1a: Slowking
|-resisted|p1a: Slowking
|-damage|p1a: Slowking|87/100
|
|-heal|p2a: Clefable|61/100|[from] Grassy Terrain
|-heal|p2a: Clefable|67/100|[from] item: Leftovers
|-heal|p1a: Slowking|94/100|[from] Grassy Terrain
|upkeep
|turn|5
|
|t:|1760316224
|switch|p2a: Klefki|Klefki, M|100/100
|move|p1a: Slowking|Sludge Bomb|p2a: Klefki
|-immune|p2a: Klefki
|
|-heal|p1a: Slowking|99/100|[from] Grassy Terrain
|upkeep
|turn|6
|j| weenux
|inactive|Johnny tots has 120 seconds left.
|j| sasukejawls
|inactive|Johnny tots has 90 seconds left.
|
|t:|1760316292
|move|p2a: Klefki|Light Screen|p2a: Klefki
|-sidestart|p2: Johnny tots|move: Light Screen
|move|p1a: Slowking|Future Sight|p2a: Klefki
|-start|p1a: Slowking|move: Future Sight
|
|-heal|p1a: Slowking|100/100|[from] Grassy Terrain
|upkeep
|turn|7
|
|t:|1760316301
|switch|p1a: Cinderace|Cinderace, F|100/100
|move|p2a: Klefki|Thunder Wave|p1a: Cinderace
|-status|p1a: Cinderace|par
|
|upkeep
|turn|8
|inactive|MooFarmer has 60 seconds left.
|
|t:|1760316309
|move|p2a: Klefki|Reflect|p2a: Klefki
|-sidestart|p2: Johnny tots|Reflect
|move|p1a: Cinderace|U-turn|p2a: Klefki
|-resisted|p2a: Klefki
|-damage|p2a: Klefki|99/100
|inactive|MooFarmer has 60 seconds left.
|
|t:|1760316319
|switch|p1a: Kyurem|Kyurem|38/100|[from] U-turn
|-ability|p1a: Kyurem|Pressure
|
|-end|p2a: Klefki|move: Future Sight
|-resisted|p2a: Klefki
|-damage|p2a: Klefki|86/100
|-heal|p1a: Kyurem|44/100|[from] Grassy Terrain
|-heal|p1a: Kyurem|50/100|[from] item: Leftovers
|-heal|p2a: Klefki|92/100|[from] Grassy Terrain
|-fieldend|move: Grassy Terrain
|upkeep
|turn|9
|
|t:|1760316327
|switch|p2a: Ogerpon|Ogerpon-Wellspring, F|100/100
|move|p1a: Kyurem|Freeze-Dry|p2a: Ogerpon
|-supereffective|p2a: Ogerpon
|-damage|p2a: Ogerpon|21/100
|
|-heal|p1a: Kyurem|57/100|[from] item: Leftovers
|upkeep
|turn|10
|
|t:|1760316336
|move|p2a: Ogerpon|Play Rough|p1a: Kyurem
|-supereffective|p1a: Kyurem
|-damage|p1a: Kyurem|0 fnt
|faint|p1a: Kyurem
|
|upkeep
|
|t:|1760316344
|switch|p1a: Slowking|Slowking-Galar, L99, M|100/100
|turn|11
|
|t:|1760316353
|switch|p2a: Rillaboom|Rillaboom, F|100/100
|-fieldstart|move: Grassy Terrain|[from] ability: Grassy Surge|[of] p2a: Rillaboom
|move|p1a: Slowking|Sludge Bomb|p2a: Rillaboom
|-supereffective|p2a: Rillaboom
|-damage|p2a: Rillaboom|59/100
|
|-heal|p2a: Rillaboom|65/100|[from] Grassy Terrain
|upkeep
|turn|12
|
|t:|1760316364
|move|p2a: Rillaboom|Knock Off|p1a: Slowking
|-supereffective|p1a: Slowking
|-damage|p1a: Slowking|23/100
|-enditem|p1a: Slowking|Heavy-Duty Boots|[from] move: Knock Off|[of] p2a: Rillaboom
|move|p1a: Slowking|Future Sight|p2a: Rillaboom
|-start|p1a: Slowking|move: Future Sight
|
|-heal|p2a: Rillaboom|71/100|[from] Grassy Terrain
|-heal|p1a: Slowking|29/100|[from] Grassy Terrain
|upkeep
|turn|13
|
|t:|1760316373
|switch|p1a: Corviknight|Corviknight, F|100/100
|-ability|p1a: Corviknight|Pressure
|move|p2a: Rillaboom|Knock Off|p1a: Corviknight
|-damage|p1a: Corviknight|80/100
|-damage|p2a: Rillaboom|55/100|[from] item: Rocky Helmet|[of] p1a: Corviknight
|-enditem|p1a: Corviknight|Rocky Helmet|[from] move: Knock Off|[of] p2a: Rillaboom
|
|-heal|p2a: Rillaboom|61/100|[from] Grassy Terrain
|-sideend|p2: Johnny tots|move: Light Screen
|upkeep
|turn|14
|inactive|MooFarmer has 90 seconds left.
|inactive|MooFarmer has 60 seconds left.
|
|t:|1760316419
|switch|p2a: Klefki|Klefki, M|92/100
|move|p1a: Corviknight|U-turn|p2a: Klefki
|-resisted|p2a: Klefki
|-damage|p2a: Klefki|91/100
|j| ty-tyui↻
|
|t:|1760316429
|switch|p1a: Slowking|Slowking-Galar, L99, M|63/100|[from] U-turn
|
|-end|p2a: Klefki|move: Future Sight
|-resisted|p2a: Klefki
|-damage|p2a: Klefki|67/100
|-heal|p2a: Klefki|73/100|[from] Grassy Terrain
|-heal|p1a: Slowking|69/100|[from] Grassy Terrain
|upkeep
|turn|15
|l| weenux
|inactive|Johnny tots has 120 seconds left.
|
|t:|1760316474
|move|p2a: Klefki|Thunder Wave|p1a: Slowking
|-status|p1a: Slowking|par
|move|p1a: Slowking|Future Sight|p2a: Klefki
|-start|p1a: Slowking|move: Future Sight
|
|-heal|p2a: Klefki|78/100|[from] Grassy Terrain
|-heal|p1a: Slowking|75/100 par|[from] Grassy Terrain
|-sideend|p2: Johnny tots|Reflect
|upkeep
|turn|16
|inactive|MooFarmer has 60 seconds left.
|
|t:|1760316482
|switch|p1a: Ting-Lu|Ting-Lu|100/100
|-ability|p1a: Ting-Lu|Vessel of Ruin
|move|p2a: Klefki|Light Screen|p2a: Klefki
|-sidestart|p2: Johnny tots|move: Light Screen
|
|-heal|p2a: Klefki|84/100|[from] Grassy Terrain
|upkeep
|turn|17
|
|t:|1760316491
|switch|p1a: Slowking|Slowking-Galar, L99, M|100/100 par
|move|p2a: Klefki|Reflect|p2a: Klefki
|-sidestart|p2: Johnny tots|Reflect
|
|-end|p2a: Klefki|move: Future Sight
|-resisted|p2a: Klefki
|-damage|p2a: Klefki|72/100
|-heal|p2a: Klefki|78/100|[from] Grassy Terrain
|upkeep
|turn|18
|
|t:|1760316507
|switch|p2a: Clefable|Clefable, M|67/100
|cant|p1a: Slowking|par
|
|-heal|p2a: Clefable|73/100|[from] Grassy Terrain
|-heal|p2a: Clefable|79/100|[from] item: Leftovers
|-fieldend|move: Grassy Terrain
|upkeep
|turn|19
|
|t:|1760316520
|move|p2a: Clefable|Calm Mind|p2a: Clefable
|-boost|p2a: Clefable|spa|1
|-boost|p2a: Clefable|spd|1
|move|p1a: Slowking|Future Sight|p2a: Clefable
|-start|p1a: Slowking|move: Future Sight
|
|-heal|p2a: Clefable|85/100|[from] item: Leftovers
|upkeep
|turn|20
|
|t:|1760316528
|move|p2a: Clefable|Calm Mind|p2a: Clefable
|-boost|p2a: Clefable|spa|1
|-boost|p2a: Clefable|spd|1
|move|p1a: Slowking|Sludge Bomb|p2a: Clefable
|-supereffective|p2a: Clefable
|-damage|p2a: Clefable|71/100
|-status|p2a: Clefable|psn
|
|-heal|p2a: Clefable|77/100 psn|[from] item: Leftovers
|upkeep
|turn|21
|
|t:|1760316537
|move|p2a: Clefable|Psyshock|p1a: Slowking
|-damage|p1a: Slowking|56/100 par
|-prepare|p1a: Slowking|Chilly Reception|[premajor]
|cant|p1a: Slowking|par
|
|-end|p2a: Clefable|move: Future Sight
|-damage|p2a: Clefable|67/100 psn
|-heal|p2a: Clefable|73/100 psn|[from] item: Leftovers
|upkeep
|turn|22
|j| Nikator98
|inactive|MooFarmer has 90 seconds left.
|
|t:|1760316545
|move|p2a: Clefable|Psyshock|p1a: Slowking
|-damage|p1a: Slowking|7/100 par
|move|p1a: Slowking|Future Sight|p2a: Clefable
|-start|p1a: Slowking|move: Future Sight
|
|-heal|p2a: Clefable|79/100 psn|[from] item: Leftovers
|upkeep
|turn|23
|
|t:|1760316554
|switch|p1a: Corviknight|Corviknight, F|80/100
|-ability|p1a: Corviknight|Pressure
|move|p2a: Clefable|Moonblast|p1a: Corviknight
|-resisted|p1a: Corviknight
|-crit|p1a: Corviknight
|-damage|p1a: Corviknight|25/100
|
|-heal|p2a: Clefable|85/100 psn|[from] item: Leftovers
|-sideend|p2: Johnny tots|move: Light Screen
|upkeep
|turn|24
|
|t:|1760316562
|move|p1a: Corviknight|Roost|p1a: Corviknight
|-heal|p1a: Corviknight|75/100
|-singleturn|p1a: Corviknight|move: Roost
|move|p2a: Clefable|Fire Blast|p1a: Corviknight
|-supereffective|p1a: Corviknight
|-damage|p1a: Corviknight|0 fnt
|faint|p1a: Corviknight
|
|-end|p2a: Clefable|move: Future Sight
|-damage|p2a: Clefable|66/100 psn
|-heal|p2a: Clefable|72/100 psn|[from] item: Leftovers
|-sideend|p2: Johnny tots|Reflect
|upkeep
|
|t:|1760316571
|switch|p1a: Ting-Lu|Ting-Lu|100/100
|-ability|p1a: Ting-Lu|Vessel of Ruin
|turn|25
|
|t:|1760316579
|-terastallize|p1a: Ting-Lu|Water
|move|p2a: Clefable|Moonblast|p1a: Ting-Lu
|-damage|p1a: Ting-Lu|68/100
|-unboost|p1a: Ting-Lu|spa|1
|move|p1a: Ting-Lu|Earthquake|p2a: Clefable
|-damage|p2a: Clefable|39/100 psn
|
|-heal|p2a: Clefable|45/100 psn|[from] item: Leftovers
|-heal|p1a: Ting-Lu|74/100|[from] item: Leftovers
|upkeep
|turn|26
|
|t:|1760316600
|move|p2a: Clefable|Moonblast|p1a: Ting-Lu
|-damage|p1a: Ting-Lu|43/100
|move|p1a: Ting-Lu|Earthquake|p2a: Clefable
|-damage|p2a: Clefable|9/100 psn
|
|-heal|p2a: Clefable|15/100 psn|[from] item: Leftovers
|-heal|p1a: Ting-Lu|49/100|[from] item: Leftovers
|upkeep
|turn|27
|
|t:|1760316610
|switch|p2a: Rillaboom|Rillaboom, F|61/100
|-fieldstart|move: Grassy Terrain|[from] ability: Grassy Surge|[of] p2a: Rillaboom
|move|p1a: Ting-Lu|Payback|p2a: Rillaboom
|-damage|p2a: Rillaboom|41/100
|
|-heal|p2a: Rillaboom|47/100|[from] Grassy Terrain
|-heal|p1a: Ting-Lu|55/100|[from] Grassy Terrain
|-heal|p1a: Ting-Lu|61/100|[from] item: Leftovers
|upkeep
|turn|28
|inactive|MooFarmer has 120 seconds left.
|j| St.Peewee
|inactive|MooFarmer has 90 seconds left.
|
|t:|1760316656
|move|p2a: Rillaboom|Bulk Up|p2a: Rillaboom
|-boost|p2a: Rillaboom|atk|1
|-boost|p2a: Rillaboom|def|1
|move|p1a: Ting-Lu|Payback|p2a: Rillaboom
|-damage|p2a: Rillaboom|23/100
|
|-heal|p2a: Rillaboom|29/100|[from] Grassy Terrain
|-heal|p1a: Ting-Lu|68/100|[from] Grassy Terrain
|-heal|p1a: Ting-Lu|74/100|[from] item: Leftovers
|upkeep
|turn|29
|inactive|MooFarmer has 60 seconds left.
|
|t:|1760316702
|switch|p1a: Dondozo|Dondozo, F|100/100
|move|p2a: Rillaboom|Grassy Glide|p1a: Dondozo
|-supereffective|p1a: Dondozo
|-damage|p1a: Dondozo|67/100
|
|-heal|p2a: Rillaboom|35/100|[from] Grassy Terrain
|-heal|p1a: Dondozo|73/100|[from] Grassy Terrain
|-heal|p1a: Dondozo|79/100|[from] item: Leftovers
|upkeep
|turn|30
|inactive|Johnny tots has 120 seconds left.
|
|t:|1760316737
|switch|p2a: Clefable|Clefable, M|15/100 psn
|move|p1a: Dondozo|Curse|p1a: Dondozo
|-unboost|p1a: Dondozo|spe|1
|-boost|p1a: Dondozo|atk|1
|-boost|p1a: Dondozo|def|1
|
|-heal|p2a: Clefable|21/100 psn|[from] Grassy Terrain
|-heal|p2a: Clefable|27/100 psn|[from] item: Leftovers
|-heal|p1a: Dondozo|86/100|[from] Grassy Terrain
|-heal|p1a: Dondozo|92/100|[from] item: Leftovers
|upkeep
|turn|31
|
|t:|1760316745
|switch|p1a: Slowking|Slowking-Galar, L99, M|40/100 par
|move|p2a: Clefable|Moonblast|p1a: Slowking
|-resisted|p1a: Slowking
|-damage|p1a: Slowking|28/100 par
|
|-heal|p2a: Clefable|33/100 psn|[from] Grassy Terrain
|-heal|p2a: Clefable|39/100 psn|[from] item: Leftovers
|-heal|p1a: Slowking|34/100 par|[from] Grassy Terrain
|upkeep
|turn|32
|inactive|MooFarmer has 60 seconds left.
|
|t:|1760316754
|switch|p2a: Klefki|Klefki, M|78/100
|move|p1a: Slowking|Future Sight|p2a: Klefki
|-start|p1a: Slowking|move: Future Sight
|
|-heal|p2a: Klefki|84/100|[from] Grassy Terrain
|-heal|p1a: Slowking|40/100 par|[from] Grassy Terrain
|upkeep
|turn|33
|j| OP Earthquakes
|
|t:|1760316771
|switch|p1a: Cinderace|Cinderace, F|100/100 par
|move|p2a: Klefki|Light Screen|p2a: Klefki
|-sidestart|p2: Johnny tots|move: Light Screen
|
|-heal|p2a: Klefki|90/100|[from] Grassy Terrain
|upkeep
|turn|34
|
|t:|1760316780
|move|p2a: Klefki|Reflect|p2a: Klefki
|-sidestart|p2: Johnny tots|Reflect
|move|p1a: Cinderace|Court Change|p1a: Cinderace
|-swapsideconditions
|-activate|p1a: Cinderace|move: Court Change
|
|-end|p2a: Klefki|move: Future Sight
|-resisted|p2a: Klefki
|-damage|p2a: Klefki|64/100
|-heal|p2a: Klefki|70/100|[from] Grassy Terrain
|-fieldend|move: Grassy Terrain
|upkeep
|turn|35
|
|t:|1760316789
|move|p2a: Klefki|Reflect|p2a: Klefki
|-sidestart|p2: Johnny tots|Reflect
|move|p1a: Cinderace|Pyro Ball|p2a: Klefki
|-supereffective|p2a: Klefki
|-damage|p2a: Klefki|33/100
|-status|p2a: Klefki|brn
|
|-damage|p2a: Klefki|27/100 brn|[from] brn
|upkeep
|turn|36
|
|t:|1760316798
|switch|p2a: Manaphy|Manaphy|95/100
|switch|p1a: Slowking|Slowking-Galar, L99, M|73/100 par
|
|-heal|p2a: Manaphy|100/100|[from] item: Leftovers
|upkeep
|turn|37
|
|t:|1760316807
|move|p2a: Manaphy|Take Heart|p2a: Manaphy
|-boost|p2a: Manaphy|spa|1
|-boost|p2a: Manaphy|spd|1
|move|p1a: Slowking|Toxic|p2a: Manaphy
|-status|p2a: Manaphy|tox
|
|-damage|p2a: Manaphy|94/100 tox|[from] psn
|upkeep
|turn|38
|inactive|MooFarmer has 90 seconds left.
|j| KappaHalo
|inactive|MooFarmer has 60 seconds left.
|
|t:|1760316852
|move|p2a: Manaphy|Take Heart|p2a: Manaphy
|-boost|p2a: Manaphy|spa|1
|-boost|p2a: Manaphy|spd|1
|-curestatus|p2a: Manaphy|tox|[msg]
|move|p1a: Slowking|Future Sight|p2a: Manaphy
|-start|p1a: Slowking|move: Future Sight
|
|-heal|p2a: Manaphy|100/100|[from] item: Leftovers
|upkeep
|turn|39
|inactive|MooFarmer has 30 seconds left.
|inactive|MooFarmer has 20 seconds left.
|inactive|MooFarmer has 15 seconds left.
|
|t:|1760316898
|move|p2a: Manaphy|Take Heart|p2a: Manaphy
|-boost|p2a: Manaphy|spa|1
|-boost|p2a: Manaphy|spd|1
|cant|p1a: Slowking|par
|
|upkeep
|turn|40
|inactive|MooFarmer has 25 seconds left this turn.
|inactive|MooFarmer has 20 seconds left.
|
|t:|1760316919
|move|p2a: Manaphy|Take Heart|p2a: Manaphy
|-boost|p2a: Manaphy|spa|1
|-boost|p2a: Manaphy|spd|1
|move|p1a: Slowking|Toxic|p2a: Manaphy
|-status|p2a: Manaphy|tox
|
|-end|p2a: Manaphy|move: Future Sight
|-damage|p2a: Manaphy|87/100 tox
|-heal|p2a: Manaphy|93/100 tox|[from] item: Leftovers
|-damage|p2a: Manaphy|87/100 tox|[from] psn
|-sideend|p1: MooFarmer|move: Light Screen
|upkeep
|turn|41
|inactive|MooFarmer has 30 seconds left this turn.
|
|t:|1760316928
|switch|p1a: Dondozo|Dondozo, F|92/100
|move|p2a: Manaphy|Take Heart|p2a: Manaphy
|-boost|p2a: Manaphy|spa|1
|-boost|p2a: Manaphy|spd|1
|-curestatus|p2a: Manaphy|tox|[msg]
|
|-heal|p2a: Manaphy|93/100|[from] item: Leftovers
|-heal|p1a: Dondozo|98/100|[from] item: Leftovers
|-sideend|p1: MooFarmer|Reflect
|upkeep
|turn|42
|inactive|MooFarmer has 30 seconds left.
|
|t:|1760316936
|move|p2a: Manaphy|Stored Power|p1a: Dondozo
|-damage|p1a: Dondozo|29/100
|move|p1a: Dondozo|Curse|p1a: Dondozo
|-unboost|p1a: Dondozo|spe|1
|-boost|p1a: Dondozo|atk|1
|-boost|p1a: Dondozo|def|1
|
|-heal|p2a: Manaphy|99/100|[from] item: Leftovers
|-heal|p1a: Dondozo|35/100|[from] item: Leftovers
|-sideend|p2: Johnny tots|Reflect
|upkeep
|turn|43
|
|t:|1760316945
|switch|p1a: Cinderace|Cinderace, F|100/100 par
|move|p2a: Manaphy|Acid Armor|p2a: Manaphy
|-boost|p2a: Manaphy|def|2
|
|-heal|p2a: Manaphy|100/100|[from] item: Leftovers
|upkeep
|turn|44
|j| Rainbow Chrome
|
|t:|1760316953
|move|p2a: Manaphy|Stored Power|p1a: Cinderace
|-damage|p1a: Cinderace|0 fnt
|faint|p1a: Cinderace
|
|upkeep
|
|t:|1760316961
|switch|p1a: Ting-Lu|Ting-Lu, tera:Water|74/100
|-ability|p1a: Ting-Lu|Vessel of Ruin
|turn|45
|
|t:|1760316968
|move|p2a: Manaphy|Take Heart|p2a: Manaphy
|-boost|p2a: Manaphy|spa|1
|-boost|p2a: Manaphy|spd|1
|move|p1a: Ting-Lu|Earthquake|p2a: Manaphy
|-damage|p2a: Manaphy|84/100
|
|-heal|p2a: Manaphy|90/100|[from] item: Leftovers
|-heal|p1a: Ting-Lu|80/100|[from] item: Leftovers
|upkeep
|turn|46
|c|☆Johnny tots|Mooo
|
|t:|1760316977
|move|p2a: Manaphy|Stored Power|p1a: Ting-Lu
|-damage|p1a: Ting-Lu|0 fnt
|faint|p1a: Ting-Lu
|
|-heal|p2a: Manaphy|96/100|[from] item: Leftovers
|upkeep
|
|t:|1760316984
|switch|p1a: Dondozo|Dondozo, F|35/100
|turn|47
|
|t:|1760316990
|move|p2a: Manaphy|Stored Power|p1a: Dondozo
|-damage|p1a: Dondozo|0 fnt
|faint|p1a: Dondozo
|
|-heal|p2a: Manaphy|100/100|[from] item: Leftovers
|upkeep
|
|t:|1760316995
|switch|p1a: Slowking|Slowking-Galar, L99, M|100/100 par
|turn|48
|
|t:|1760316999
|move|p2a: Manaphy|Scald|p1a: Slowking
|-damage|p1a: Slowking|14/100 par
|move|p1a: Slowking|Sludge Bomb|p2a: Manaphy
|-damage|p2a: Manaphy|93/100
|
|-heal|p2a: Manaphy|99/100|[from] item: Leftovers
|upkeep
|turn|49
|
|t:|1760317003
|move|p2a: Manaphy|Scald|p1a: Slowking
|-damage|p1a: Slowking|0 fnt
|faint|p1a: Slowking
|
|win|Johnny tots
|raw|MooFarmer's rating: 1841 &rarr; <strong>1820</strong><br />(-21 for losing)
|raw|Johnny tots's rating: 1831 &rarr; <strong>1852</strong><br />(+21 for winning)
|l|☆MooFarmer
|player|p1|
|l|☆Johnny tots
|player|p2|
|l| Nikator98
|l| OP Earthquakes
