|j|☆Rocksane
|j|☆SamiFawad
|t:|1760452257
|gametype|singles
|player|p1|Rocksane|sabrina|1516
|player|p2|SamiFawad|1|1543
|gen|9
|tier|[Gen 9] OU
|rated|
|rule|HP Percentage Mod: HP is shown in percentages
|rule|Endless Battle Clause: Forcing endless battles is banned
|rule|Species Clause: Limit one of each Pokémon
|rule|OHKO Clause: OHKO moves are banned
|rule|Evasion Items Clause: Evasion items are banned
|rule|Evasion Moves Clause: Evasion moves are banned
|rule|Evasion Abilities Clause: Evasion abilities are banned
|rule|Sleep Moves Clause: Sleep-inducing moves are banned
|clearpoke
|poke|p1|Indeedee, M|
|poke|p1|Hoopa-Unbound|
|poke|p1|Hatterene, F|
|poke|p1|Azumarill, F|
|poke|p1|Ursaluna, M|
|poke|p1|Mimikyu, F|
|poke|p2|Weezing-Galar, M|
|poke|p2|Samurott-Hisui, M|
|poke|p2|Thundurus-Therian, M|
|poke|p2|Lokix, M|
|poke|p2|Clodsire, M|
|poke|p2|Great Tusk|
|teampreview
|
|t:|1760452280
|teamsize|p1|6
|teamsize|p2|6
|start
|switch|p1a: Azumarill|Azumarill, F|100/100
|switch|p2a: Lokix|Lokix, M|100/100
|turn|1
|
|t:|1760452290
|move|p2a: Lokix|U-turn|p1a: Azumarill
|-resisted|p1a: Azumarill
|-damage|p1a: Azumarill|54/100
|
|t:|1760452293
|switch|p2a: Weezing|Weezing-Galar, M|100/100|[from] U-turn
|-ability|p2a: Weezing|Neutralizing Gas
|move|p1a: Azumarill|Knock Off|p2a: Weezing
|-resisted|p2a: Weezing
|-damage|p2a: Weezing|93/100
|-damage|p1a: Azumarill|38/100|[from] item: Rocky Helmet|[of] p2a: Weezing
|-enditem|p2a: Weezing|Rocky Helmet|[from] move: Knock Off|[of] p1a: Azumarill
|
|upkeep
|turn|2
|
|t:|1760452319
|switch|p1a: Indeedee|Indeedee, M|100/100
|move|p2a: Weezing|Toxic|p1a: Indeedee
|-status|p1a: Indeedee|tox
|
|-damage|p1a: Indeedee|94/100 tox|[from] psn
|upkeep
|turn|3
|
|t:|1760452328
|-end|p2a: Weezing|ability: Neutralizing Gas
|-fieldstart|move: Psychic Terrain|[from] ability: Psychic Surge|[of] p1a: Indeedee
|switch|p2a: Samurott|Samurott-Hisui, M|100/100
|move|p1a: Indeedee|Trick Room|p1a: Indeedee
|-fieldstart|move: Trick Room|[of] p1a: Indeedee
|
|-damage|p1a: Indeedee|82/100 tox|[from] psn
|upkeep
|turn|4
|
|t:|1760452343
|switch|p1a: Azumarill|Azumarill, F|38/100
|move|p2a: Samurott|Ceaseless Edge|p1a: Azumarill
|-resisted|p1a: Azumarill
|-damage|p1a: Azumarill|15/100
|-sidestart|p1: Rocksane|Spikes
|
|upkeep
|turn|5
|
|t:|1760452357
|move|p1a: Azumarill|Waterfall|p2a: Samurott
|-resisted|p2a: Samurott
|-damage|p2a: Samurott|68/100
|move|p2a: Samurott|Ceaseless Edge|p1a: Azumarill
|-resisted|p1a: Azumarill
|-damage|p1a: Azumarill|0 fnt
|-sidestart|p1: Rocksane|Spikes
|faint|p1a: Azumarill
|
|upkeep
|
|t:|1760452369
|switch|p1a: Hoopa|Hoopa-Unbound|100/100
|-damage|p1a: Hoopa|84/100|[from] Spikes
|-enditem|p1a: Hoopa|Psychic Seed
|-boost|p1a: Hoopa|spd|1|[from] item: Psychic Seed
|turn|6
|
|t:|1760452376
|move|p1a: Hoopa|Focus Blast|p2a: Samurott
|-supereffective|p2a: Samurott
|-damage|p2a: Samurott|0 fnt
|faint|p2a: Samurott
|-item|p1a: Hoopa|Focus Sash|[from] ability: Magician|[of] p2: Samurott
|
|upkeep
|
|t:|1760452380
|switch|p2a: Clodsire|Clodsire, M|100/100
|turn|7
|
|t:|1760452386
|move|p2a: Clodsire|Toxic|p1a: Hoopa
|-status|p1a: Hoopa|tox
|move|p1a: Hoopa|Expanding Force|p2a: Clodsire
|-supereffective|p2a: Clodsire
|-damage|p2a: Clodsire|0 fnt
|faint|p2a: Clodsire
|
|-damage|p1a: Hoopa|78/100 tox|[from] psn
|-fieldend|move: Trick Room
|upkeep
|
|t:|1760452392
|switch|p2a: Lokix|Lokix, M|100/100
|turn|8
|
|t:|1760452409
|move|p2a: Lokix|U-turn|p1a: Hoopa
|-supereffective|p1a: Hoopa
|-damage|p1a: Hoopa|0 fnt
|faint|p1a: Hoopa
|
|t:|1760452418
|switch|p2a: Thundurus|Thundurus-Therian, M|100/100|[from] U-turn
|
|upkeep
|
|t:|1760452427
|switch|p1a: Indeedee|Indeedee, M|82/100 tox
|-damage|p1a: Indeedee|66/100 tox|[from] Spikes
|turn|9
|
|t:|1760452439
|move|p2a: Thundurus|Dark Pulse|p1a: Indeedee
|-supereffective|p1a: Indeedee
|-damage|p1a: Indeedee|0 fnt
|faint|p1a: Indeedee
|
|upkeep
|
|t:|1760452445
|switch|p1a: Hatterene|Hatterene, F|100/100
|-damage|p1a: Hatterene|84/100|[from] Spikes
|turn|10
|
|t:|1760452455
|move|p2a: Thundurus|Dark Pulse|p1a: Hatterene
|-damage|p1a: Hatterene|51/100
|move|p1a: Hatterene|Trick Room|p1a: Hatterene
|-fieldstart|move: Trick Room|[of] p1a: Hatterene
|
|-heal|p1a: Hatterene|57/100|[from] item: Leftovers
|-fieldend|move: Psychic Terrain
|upkeep
|turn|11
|
|t:|1760452465
|move|p1a: Hatterene|Draining Kiss|p2a: Thundurus
|-damage|p2a: Thundurus|61/100
|-heal|p1a: Hatterene|85/100|[from] drain|[of] p2a: Thundurus
|move|p2a: Thundurus|Dark Pulse|p1a: Hatterene
|-damage|p1a: Hatterene|49/100
|
|-heal|p1a: Hatterene|55/100|[from] item: Leftovers
|upkeep
|turn|12
|
|t:|1760452475
|move|p1a: Hatterene|Expanding Force|p2a: Thundurus
|-damage|p2a: Thundurus|0 fnt
|faint|p2a: Thundurus
|
|-heal|p1a: Hatterene|61/100|[from] item: Leftovers
|upkeep
|
|t:|1760452479
|switch|p2a: Lokix|Lokix, M|100/100
|turn|13
|
|t:|1760452484
|-terastallize|p2a: Lokix|Bug
|move|p2a: Lokix|First Impression|p1a: Hatterene
|-damage|p1a: Hatterene|0 fnt
|faint|p1a: Hatterene
|
|upkeep
|
|t:|1760452497
|switch|p1a: Ursaluna|Ursaluna, M|100/100
|-damage|p1a: Ursaluna|84/100|[from] Spikes
|turn|14
|
|t:|1760452502
|switch|p2a: Great Tusk|Great Tusk|100/100
|move|p1a: Ursaluna|Headlong Rush|p2a: Great Tusk
|-crit|p2a: Great Tusk
|-damage|p2a: Great Tusk|47/100
|-unboost|p1a: Ursaluna|def|1
|-unboost|p1a: Ursaluna|spd|1
|-damage|p1a: Ursaluna|67/100|[from] item: Rocky Helmet|[of] p2a: Great Tusk
|
|-fieldend|move: Trick Room
|-status|p1a: Ursaluna|brn|[from] item: Flame Orb
|upkeep
|turn|15
|
|t:|1760452514
|-end|p2a: Great Tusk|Protosynthesis|[silent]
|switch|p2a: Weezing|Weezing-Galar, M|93/100
|-ability|p2a: Weezing|Neutralizing Gas
|move|p1a: Ursaluna|Headlong Rush|p2a: Weezing
|-supereffective|p2a: Weezing
|-damage|p2a: Weezing|44/100
|-unboost|p1a: Ursaluna|def|1
|-unboost|p1a: Ursaluna|spd|1
|
|-damage|p1a: Ursaluna|61/100 brn|[from] brn
|upkeep
|turn|16
|
|t:|1760452527
|move|p2a: Weezing|Pain Split|p1a: Ursaluna
|-sethp|p1a: Ursaluna|47/100 brn|[from] move: Pain Split|[silent]
|-sethp|p2a: Weezing|64/100|[from] move: Pain Split
|move|p1a: Ursaluna|Headlong Rush|p2a: Weezing
|-supereffective|p2a: Weezing
|-damage|p2a: Weezing|15/100
|-unboost|p1a: Ursaluna|def|1
|-unboost|p1a: Ursaluna|spd|1
|
|-damage|p1a: Ursaluna|40/100 brn|[from] brn
|upkeep
|turn|17
|
|t:|1760452538
|move|p2a: Weezing|Pain Split|p1a: Ursaluna
|-sethp|p1a: Ursaluna|26/100 brn|[from] move: Pain Split|[silent]
|-sethp|p2a: Weezing|36/100|[from] move: Pain Split
|move|p1a: Ursaluna|Facade|p2a: Weezing
|-crit|p2a: Weezing
|-damage|p2a: Weezing|0 fnt
|faint|p2a: Weezing
|-end|p2a: Weezing|ability: Neutralizing Gas
|
|-damage|p1a: Ursaluna|20/100 brn|[from] brn
|upkeep
|
|t:|1760452545
|switch|p2a: Lokix|Lokix, M, tera:Bug|100/100
|turn|18
|
|t:|1760452555
|move|p2a: Lokix|U-turn|p1a: Ursaluna
|-damage|p1a: Ursaluna|0 fnt
|faint|p1a: Ursaluna
|
|t:|1760452557
|switch|p2a: Great Tusk|Great Tusk|47/100|[from] U-turn
|
|upkeep
|
|t:|1760452562
|switch|p1a: Mimikyu|Mimikyu, F|100/100
|-damage|p1a: Mimikyu|84/100|[from] Spikes
|turn|19
|
|t:|1760452568
|move|p1a: Mimikyu|Play Rough|p2a: Great Tusk
|-supereffective|p2a: Great Tusk
|-damage|p2a: Great Tusk|18/100
|-damage|p1a: Mimikyu|67/100|[from] item: Rocky Helmet|[of] p2a: Great Tusk
|move|p2a: Great Tusk|Knock Off|p1a: Mimikyu
|-activate|p1a: Mimikyu|ability: Disguise
|-damage|p1a: Mimikyu|67/100
|-enditem|p1a: Mimikyu|Red Card|[from] move: Knock Off|[of] p2a: Great Tusk
|detailschange|p1a: Mimikyu|Mimikyu-Busted, F
|-damage|p1a: Mimikyu|55/100|[from] pokemon: Mimikyu-Busted
|
|upkeep
|turn|20
|-message|Rocksane forfeited.
|
|win|SamiFawad
|raw|Rocksane's rating: 1516 &rarr; <strong>1498</strong><br />(-18 for losing)
|raw|SamiFawad's rating: 1543 &rarr; <strong>1561</strong><br />(+18 for winning)
|l|☆Rocksane
|player|p1|
|l|☆SamiFawad
|player|p2|
