|j|‽Otherthero
|j|☆fnfbdb
|t:|1760379279
|gametype|singles
|player|p1|Otherthero|2|1125
|player|p2|fnfbdb|266|1076
|gen|9
|tier|[Gen 9] OU
|rated|
|rule|HP Percentage Mod: HP is shown in percentages
|rule|Endless Battle Clause: Forcing endless battles is banned
|rule|Species Clause: Limit one of each Pokémon
|rule|OHKO Clause: OHKO moves are banned
|rule|Evasion Items Clause: Evasion items are banned
|rule|Evasion Moves Clause: Evasion moves are banned
|rule|Evasion Abilities Clause: Evasion abilities are banned
|rule|Sleep Moves Clause: Sleep-inducing moves are banned
|clearpoke
|poke|p1|Vileplume, F|
|poke|p1|Suicune|
|poke|p1|Kleavor, M|
|poke|p1|Hariyama, M|
|poke|p1|Meloetta|
|poke|p1|Pincurchin, M|
|poke|p2|Metagross|
|poke|p2|Salamence, M|
|poke|p2|Dusclops, F|
|poke|p2|Breloom, M|
|poke|p2|Masquerain, F|
|poke|p2|Sableye, M|
|teampreview
|
|t:|1760379286
|teamsize|p1|6
|teamsize|p2|6
|start
|switch|p1a: Kleavor|Kleavor, M|100/100
|switch|p2a: Sableye|Sableye, M|100/100
|turn|1
|
|t:|1760379293
|move|p2a: Sableye|Thunder Wave|p1a: Kleavor|[miss]
|-miss|p2a: Sableye|p1a: Kleavor
|move|p1a: Kleavor|Stone Axe|p2a: Sableye
|-damage|p2a: Sableye|21/100
|-sidestart|p2: fnfbdb|move: Stealth Rock
|
|upkeep
|turn|2
|
|t:|1760379305
|move|p2a: Sableye|Reflect|p2a: Sableye
|-sidestart|p2: fnfbdb|Reflect
|move|p1a: Kleavor|U-turn|p2a: Sableye
|-damage|p2a: Sableye|0 fnt
|faint|p2a: Sableye
|
|t:|1760379313
|switch|p1a: Pincurchin|Pincurchin, M|100/100|[from] U-turn
|
|upkeep
|
|t:|1760379320
|switch|p2a: Dusclops|Dusclops, F, shiny|100/100
|-damage|p2a: Dusclops|88/100|[from] Stealth Rock
|-item|p1a: Pincurchin|Heavy-Duty Boots|[from] ability: Frisk|[of] p2a: Dusclops
|turn|3
|
|t:|1760379333
|switch|p1a: Kleavor|Kleavor, M|100/100
|move|p2a: Dusclops|Trick Room|p2a: Dusclops
|-fieldstart|move: Trick Room|[of] p2a: Dusclops
|
|upkeep
|turn|4
|
|t:|1760379343
|move|p2a: Dusclops|Will-O-Wisp|p1a: Kleavor
|-status|p1a: Kleavor|brn
|move|p1a: Kleavor|Lunge|p2a: Dusclops
|-resisted|p2a: Dusclops
|-damage|p2a: Dusclops|85/100
|-unboost|p2a: Dusclops|atk|1
|
|-damage|p1a: Kleavor|94/100 brn|[from] brn
|upkeep
|turn|5
|
|t:|1760379359
|move|p2a: Dusclops|Night Shade|p1a: Kleavor
|-damage|p1a: Kleavor|65/100 brn
|move|p1a: Kleavor|U-turn|p2a: Dusclops
|-resisted|p2a: Dusclops
|-damage|p2a: Dusclops|83/100
|
|t:|1760379379
|switch|p1a: Pincurchin|Pincurchin, M|100/100|[from] U-turn
|
|upkeep
|turn|6
|
|t:|1760379385
|switch|p1a: Kleavor|Kleavor, M|65/100 brn
|move|p2a: Dusclops|Will-O-Wisp|p1a: Kleavor
|-fail|p1a: Kleavor|brn
|
|-damage|p1a: Kleavor|59/100 brn|[from] brn
|upkeep
|turn|7
|
|t:|1760379394
|move|p2a: Dusclops|Night Shade|p1a: Kleavor
|-damage|p1a: Kleavor|30/100 brn
|move|p1a: Kleavor|U-turn|p2a: Dusclops
|-resisted|p2a: Dusclops
|-damage|p2a: Dusclops|80/100
|
|t:|1760379399
|switch|p1a: Meloetta|Meloetta|100/100|[from] U-turn
|
|-fieldend|move: Trick Room
|upkeep
|turn|8
|
|t:|1760379405
|move|p1a: Meloetta|Psychic|p2a: Dusclops
|-damage|p2a: Dusclops|49/100
|-unboost|p2a: Dusclops|spd|1
|move|p2a: Dusclops|Trick Room|p2a: Dusclops
|-fieldstart|move: Trick Room|[of] p2a: Dusclops
|
|upkeep
|turn|9
|
|t:|1760379416
|move|p2a: Dusclops|Pain Split|p1a: Meloetta
|-sethp|p1a: Meloetta|71/100|[from] move: Pain Split|[silent]
|-sethp|p2a: Dusclops|85/100|[from] move: Pain Split
|move|p1a: Meloetta|Psychic|p2a: Dusclops
|-damage|p2a: Dusclops|42/100
|
|-sideend|p2: fnfbdb|Reflect
|upkeep
|turn|10
|
|t:|1760379426
|switch|p1a: Kleavor|Kleavor, M|30/100 brn
|move|p2a: Dusclops|Will-O-Wisp|p1a: Kleavor|[miss]
|-miss|p2a: Dusclops|p1a: Kleavor
|
|-damage|p1a: Kleavor|24/100 brn|[from] brn
|upkeep
|turn|11
|
|t:|1760379435
|move|p2a: Dusclops|Night Shade|p1a: Kleavor
|-damage|p1a: Kleavor|0 fnt
|faint|p1a: Kleavor
|
|upkeep
|
|t:|1760379441
|switch|p1a: Meloetta|Meloetta|71/100
|turn|12
|
|t:|1760379450
|move|p2a: Dusclops|Will-O-Wisp|p1a: Meloetta
|-status|p1a: Meloetta|brn
|move|p1a: Meloetta|Psychic|p2a: Dusclops
|-damage|p2a: Dusclops|0 fnt
|faint|p2a: Dusclops
|
|-damage|p1a: Meloetta|65/100 brn|[from] brn
|-fieldend|move: Trick Room
|upkeep
|
|t:|1760379461
|switch|p2a: Masquerain|Masquerain, F|100/100
|-damage|p2a: Masquerain|50/100|[from] Stealth Rock
|-ability|p2a: Masquerain|Intimidate|boost
|-unboost|p1a: Meloetta|atk|1
|turn|13
|
|t:|1760379468
|move|p1a: Meloetta|Psychic|p2a: Masquerain
|-damage|p2a: Masquerain|0 fnt
|faint|p2a: Masquerain
|
|-damage|p1a: Meloetta|58/100 brn|[from] brn
|upkeep
|
|t:|1760379478
|switch|p2a: Metagross|Metagross|100/100
|-damage|p2a: Metagross|94/100|[from] Stealth Rock
|turn|14
|
|t:|1760379485
|switch|p1a: Vileplume|Vileplume, F|100/100
|move|p2a: Metagross|Trailblaze|p1a: Vileplume
|-resisted|p1a: Vileplume
|-damage|p1a: Vileplume|97/100
|-boost|p2a: Metagross|spe|1
|
|-heal|p1a: Vileplume|100/100|[from] item: Leftovers
|upkeep
|turn|15
|
|t:|1760379495
|move|p2a: Metagross|Psychic Fangs|p1a: Vileplume
|-supereffective|p1a: Vileplume
|-damage|p1a: Vileplume|39/100
|move|p1a: Vileplume|Leech Seed|p2a: Metagross
|-start|p2a: Metagross|move: Leech Seed
|
|-heal|p1a: Vileplume|45/100|[from] item: Leftovers
|-damage|p2a: Metagross|82/100|[from] Leech Seed|[of] p1a: Vileplume
|-heal|p1a: Vileplume|58/100|[silent]
|upkeep
|turn|16
|
|t:|1760379511
|switch|p1a: Pincurchin|Pincurchin, M|100/100
|move|p2a: Metagross|Trailblaze|p1a: Pincurchin
|-damage|p1a: Pincurchin|85/100
|-boost|p2a: Metagross|spe|1
|
|-damage|p2a: Metagross|70/100|[from] Leech Seed|[of] p1a: Pincurchin
|-heal|p1a: Pincurchin|100/100|[silent]
|upkeep
|turn|17
|
|t:|1760379524
|move|p2a: Metagross|Meteor Mash|p1a: Pincurchin
|-resisted|p1a: Pincurchin
|-damage|p1a: Pincurchin|81/100
|move|p1a: Pincurchin|Memento|p2a: Metagross
|-fail|p2a: Metagross|unboost|[from] ability: Clear Body|[of] p2a: Metagross
|faint|p1a: Pincurchin
|
|upkeep
|
|t:|1760379539
|switch|p1a: Hariyama|Hariyama, M|100/100
|turn|18
|inactive|Battle timer is ON: inactive players will automatically lose when time's up. (requested by Otherthero)
|inactive|fnfbdb has 120 seconds left.
|inactive|fnfbdb has 90 seconds left.
|inactive|fnfbdb has 60 seconds left.
|inactive|fnfbdb has 30 seconds left.
|inactive|fnfbdb has 20 seconds left.
|inactive|fnfbdb has 15 seconds left.
|inactive|fnfbdb has 10 seconds left.
|inactive|fnfbdb has 5 seconds left.
|-message|fnfbdb lost due to inactivity.
|
|win|Otherthero
|raw|Otherthero's rating: 1125 &rarr; <strong>1146</strong><br />(+21 for winning)
|raw|fnfbdb's rating: 1076 &rarr; <strong>1058</strong><br />(-18 for losing)
|l|☆fnfbdb
|player|p2|
