|j|☆BallsCFO
|j|☆Bad player(MeEe)
|t:|1760375515
|gametype|singles
|player|p1|BallsCFO|2|1116
|player|p2|Bad player(MeEe)|psychic|1089
|gen|9
|tier|[Gen 9] OU
|rated|
|rule|HP Percentage Mod: HP is shown in percentages
|rule|Endless Battle Clause: Forcing endless battles is banned
|rule|Species Clause: Limit one of each Pokémon
|rule|OHKO Clause: OHKO moves are banned
|rule|Evasion Items Clause: Evasion items are banned
|rule|Evasion Moves Clause: Evasion moves are banned
|rule|Evasion Abilities Clause: Evasion abilities are banned
|rule|Sleep Moves Clause: Sleep-inducing moves are banned
|clearpoke
|poke|p1|Kleavor, M|
|poke|p1|Landorus-Therian, M|
|poke|p1|Gyarados, M|
|poke|p1|Gholdengo|
|poke|p1|Iron Moth|
|poke|p1|Kyurem|
|poke|p2|Latios, M|
|poke|p2|Skuntank, F|
|poke|p2|Okidogi, M|
|poke|p2|Vileplume, F|
|poke|p2|Chandelure, M|
|poke|p2|Gastrodon-East, M|
|teampreview
|inactive|Battle timer is ON: inactive players will automatically lose when time's up. (requested by Bad player(MeEe))
|
|t:|1760375528
|teamsize|p1|6
|teamsize|p2|6
|start
|switch|p1a: Kleavor|Kleavor, M|100/100
|switch|p2a: Chandelure|Chandelure, M|100/100
|turn|1
|
|t:|1760375535
|move|p2a: Chandelure|Fire Blast|p1a: Kleavor
|-enditem|p1a: Kleavor|Focus Sash
|-damage|p1a: Kleavor|1/100
|move|p1a: Kleavor|Stone Axe|p2a: Chandelure
|-supereffective|p2a: Chandelure
|-damage|p2a: Chandelure|0 fnt
|-sidestart|p2: Bad player(MeEe)|move: Stealth Rock
|faint|p2a: Chandelure
|
|upkeep
|
|t:|1760375545
|switch|p2a: Skuntank|Skuntank, F|100/100
|turn|2
|
|t:|1760375560
|move|p1a: Kleavor|X-Scissor|p2a: Skuntank
|-damage|p2a: Skuntank|29/100
|move|p2a: Skuntank|Toxic Spikes|p1a: Kleavor
|-sidestart|p1: BallsCFO|move: Toxic Spikes
|
|upkeep
|turn|3
|
|t:|1760375566
|move|p1a: Kleavor|X-Scissor|p2a: Skuntank
|-damage|p2a: Skuntank|0 fnt
|-damage|p1a: Kleavor|0 fnt|[from] ability: Aftermath|[of] p2a: Skuntank
|faint|p2a: Skuntank
|faint|p1a: Kleavor
|
|upkeep
|
|t:|1760375581
|switch|p1a: Kyurem|Kyurem|100/100
|switch|p2a: Gastrodon|Gastrodon-East, M|100/100
|-ability|p1a: Kyurem|Pressure
|-damage|p2a: Gastrodon|94/100|[from] Stealth Rock
|turn|4
|
|t:|1760375593
|move|p1a: Kyurem|Ice Beam|p2a: Gastrodon
|-damage|p2a: Gastrodon|66/100
|move|p2a: Gastrodon|Stealth Rock|p1a: Kyurem
|-sidestart|p1: BallsCFO|move: Stealth Rock
|
|-heal|p2a: Gastrodon|72/100|[from] item: Leftovers
|upkeep
|turn|5
|
|t:|1760375602
|move|p1a: Kyurem|Freeze-Dry|p2a: Gastrodon
|-supereffective|p2a: Gastrodon
|-damage|p2a: Gastrodon|0 fnt
|faint|p2a: Gastrodon
|
|upkeep
|
|t:|1760375605
|switch|p2a: Okidogi|Okidogi, M|100/100
|-damage|p2a: Okidogi|94/100|[from] Stealth Rock
|turn|6
|
|t:|1760375627
|move|p1a: Kyurem|Draco Meteor|p2a: Okidogi
|-damage|p2a: Okidogi|30/100
|-unboost|p1a: Kyurem|spa|2
|move|p2a: Okidogi|Curse|p2a: Okidogi
|-unboost|p2a: Okidogi|spe|1
|-boost|p2a: Okidogi|atk|1
|-boost|p2a: Okidogi|def|1
|
|-heal|p2a: Okidogi|36/100|[from] item: Leftovers
|upkeep
|turn|7
|
|t:|1760375635
|switch|p1a: Landorus|Landorus-Therian, M|100/100
|-ability|p1a: Landorus|Intimidate|boost
|-ability|p2a: Okidogi|Guard Dog|boost
|-boost|p2a: Okidogi|atk|1
|move|p2a: Okidogi|Drain Punch|p1a: Landorus
|-resisted|p1a: Landorus
|-damage|p1a: Landorus|65/100
|-heal|p2a: Okidogi|53/100|[from] drain|[of] p1a: Landorus
|
|-heal|p2a: Okidogi|59/100|[from] item: Leftovers
|upkeep
|turn|8
|
|t:|1760375644
|move|p1a: Landorus|Earthquake|p2a: Okidogi
|-supereffective|p2a: Okidogi
|-damage|p2a: Okidogi|19/100
|move|p2a: Okidogi|Ice Punch|p1a: Landorus
|-supereffective|p1a: Landorus
|-damage|p1a: Landorus|0 fnt
|faint|p1a: Landorus
|
|-heal|p2a: Okidogi|25/100|[from] item: Leftovers
|upkeep
|
|t:|1760375649
|switch|p1a: Kyurem|Kyurem|100/100
|-ability|p1a: Kyurem|Pressure
|turn|9
|
|t:|1760375657
|move|p1a: Kyurem|Ice Beam|p2a: Okidogi
|-damage|p2a: Okidogi|0 fnt
|faint|p2a: Okidogi
|
|upkeep
|
|t:|1760375671
|switch|p2a: Vileplume|Vileplume, F|100/100
|-damage|p2a: Vileplume|88/100|[from] Stealth Rock
|turn|10
|
|t:|1760375681
|move|p1a: Kyurem|Ice Beam|p2a: Vileplume
|-supereffective|p2a: Vileplume
|-damage|p2a: Vileplume|2/100
|move|p2a: Vileplume|Stun Spore|p1a: Kyurem
|-status|p1a: Kyurem|par
|
|upkeep
|turn|11
|
|t:|1760375689
|move|p1a: Kyurem|Draco Meteor|p2a: Vileplume
|-damage|p2a: Vileplume|0 fnt
|-unboost|p1a: Kyurem|spa|2
|faint|p2a: Vileplume
|
|upkeep
|
|t:|1760375691
|switch|p2a: Latios|Latios, M, shiny|100/100
|-damage|p2a: Latios|88/100|[from] Stealth Rock
|turn|12
|
|t:|1760375696
|move|p2a: Latios|Dragon Dance|p2a: Latios
|-boost|p2a: Latios|atk|1
|-boost|p2a: Latios|spe|1
|move|p1a: Kyurem|Ice Beam|p2a: Latios
|-supereffective|p2a: Latios
|-damage|p2a: Latios|30/100
|-status|p2a: Latios|frz
|
|upkeep
|turn|13
|
|t:|1760375711
|-terastallize|p2a: Latios|Psychic
|cant|p2a: Latios|frz
|move|p1a: Kyurem|Ice Beam|p2a: Latios
|-damage|p2a: Latios|5/100 frz
|
|upkeep
|turn|14
|
|t:|1760375725
|switch|p1a: Iron Moth|Iron Moth|100/100
|-sideend|p1: BallsCFO|move: Toxic Spikes|[of] p1a: Iron Moth
|-damage|p1a: Iron Moth|76/100|[from] Stealth Rock
|-enditem|p1a: Iron Moth|Booster Energy
|-activate|p1a: Iron Moth|ability: Quark Drive|[fromitem]
|-start|p1a: Iron Moth|quarkdrivespe
|cant|p2a: Latios|frz
|
|upkeep
|turn|15
|
|t:|1760375736
|-terastallize|p1a: Iron Moth|Fairy
|move|p1a: Iron Moth|Dazzling Gleam|p2a: Latios
|-damage|p2a: Latios|0 fnt
|faint|p2a: Latios
|
|win|BallsCFO
|raw|BallsCFO's rating: 1116 &rarr; <strong>1139</strong><br />(+23 for winning)
|raw|Bad player(MeEe)'s rating: 1089 &rarr; <strong>1067</strong><br />(-22 for losing)
|l|☆Bad player(MeEe)
|player|p2|
|l|☆BallsCFO
|player|p1|
