|j|☆ollierob1
|j|☆kinsword
|t:|1760357979
|gametype|singles
|player|p1|ollierob1|hoopster|1584
|player|p2|kinsword|101|1573
|gen|9
|tier|[Gen 9] OU
|rated|
|rule|HP Percentage Mod: HP is shown in percentages
|rule|Endless Battle Clause: Forcing endless battles is banned
|rule|Species Clause: Limit one of each Pokémon
|rule|OHKO Clause: OHKO moves are banned
|rule|Evasion Items Clause: Evasion items are banned
|rule|Evasion Moves Clause: Evasion moves are banned
|rule|Evasion Abilities Clause: Evasion abilities are banned
|rule|Sleep Moves Clause: Sleep-inducing moves are banned
|clearpoke
|poke|p1|Great Tusk|
|poke|p1|Glimmora, M|
|poke|p1|Dragonite, M|
|poke|p1|Deoxys-Speed|
|poke|p1|Ceruledge, F|
|poke|p1|Iron Valiant|
|poke|p2|Keldeo-Resolute|
|poke|p2|Krookodile, F|
|poke|p2|Suicune|
|poke|p2|Weezing-Galar, M|
|poke|p2|Chandelure, F|
|poke|p2|Salamence, F|
|teampreview
|inactive|Battle timer is ON: inactive players will automatically lose when time's up. (requested by kinsword)
|
|t:|1760357987
|teamsize|p1|6
|teamsize|p2|6
|start
|switch|p1a: Deoxys|Deoxys-Speed, shiny|100/100
|switch|p2a: Krookodile|Krookodile, F|100/100
|-ability|p1a: Deoxys|Pressure
|-ability|p2a: Krookodile|Intimidate|boost
|-unboost|p1a: Deoxys|atk|1
|turn|1
|
|t:|1760357996
|move|p1a: Deoxys|Reflect|p1a: Deoxys
|-sidestart|p1: ollierob1|Reflect
|move|p2a: Krookodile|Crunch|p1a: Deoxys
|-supereffective|p1a: Deoxys
|-damage|p1a: Deoxys|61/100
|
|upkeep
|turn|2
|
|t:|1760358002
|move|p1a: Deoxys|Taunt|p2a: Krookodile
|-start|p2a: Krookodile|move: Taunt
|move|p2a: Krookodile|Crunch|p1a: Deoxys
|-supereffective|p1a: Deoxys
|-damage|p1a: Deoxys|21/100
|-unboost|p1a: Deoxys|def|1
|
|upkeep
|turn|3
|
|t:|1760358010
|move|p1a: Deoxys|Light Screen|p1a: Deoxys
|-sidestart|p1: ollierob1|move: Light Screen
|move|p2a: Krookodile|Earthquake|p1a: Deoxys
|-damage|p1a: Deoxys|0 fnt
|faint|p1a: Deoxys
|
|upkeep
|
|t:|1760358037
|switch|p1a: Great Tusk|Great Tusk, shiny|100/100
|-enditem|p1a: Great Tusk|Booster Energy
|-activate|p1a: Great Tusk|ability: Protosynthesis|[fromitem]
|-start|p1a: Great Tusk|protosynthesisspe
|turn|4
|
|t:|1760358050
|switch|p2a: Weezing|Weezing-Galar, M|100/100
|move|p1a: Great Tusk|Bulk Up|p1a: Great Tusk
|-boost|p1a: Great Tusk|atk|1
|-boost|p1a: Great Tusk|def|1
|
|upkeep
|turn|5
|
|t:|1760358057
|move|p1a: Great Tusk|Taunt|p2a: Weezing
|-start|p2a: Weezing|move: Taunt
|cant|p2a: Weezing|move: Taunt|Defog
|
|upkeep
|turn|6
|
|t:|1760358064
|move|p1a: Great Tusk|Bulk Up|p1a: Great Tusk
|-boost|p1a: Great Tusk|atk|1
|-boost|p1a: Great Tusk|def|1
|move|p2a: Weezing|Strange Steam|p1a: Great Tusk
|-supereffective|p1a: Great Tusk
|-damage|p1a: Great Tusk|60/100
|
|upkeep
|turn|7
|
|t:|1760358077
|move|p1a: Great Tusk|Head Smash|p2a: Weezing
|-crit|p2a: Weezing
|-damage|p2a: Weezing|0 fnt
|faint|p2a: Weezing
|-damage|p1a: Great Tusk|22/100|[from] Recoil
|
|upkeep
|
|t:|1760358085
|switch|p2a: Keldeo|Keldeo-Resolute|100/100
|turn|8
|
|t:|1760358090
|move|p2a: Keldeo|Secret Sword|p1a: Great Tusk
|-damage|p1a: Great Tusk|16/100
|move|p1a: Great Tusk|Headlong Rush|p2a: Keldeo
|-damage|p2a: Keldeo|0 fnt
|-unboost|p1a: Great Tusk|def|1
|-unboost|p1a: Great Tusk|spd|1
|faint|p2a: Keldeo
|
|-sideend|p1: ollierob1|Reflect
|upkeep
|
|t:|1760358103
|switch|p2a: Suicune|Suicune|100/100
|-ability|p2a: Suicune|Pressure
|turn|9
|
|t:|1760358108
|move|p1a: Great Tusk|Headlong Rush|p2a: Suicune
|-damage|p2a: Suicune|39/100
|-unboost|p1a: Great Tusk|def|1
|-unboost|p1a: Great Tusk|spd|1
|move|p2a: Suicune|Scald|p1a: Great Tusk
|-supereffective|p1a: Great Tusk
|-damage|p1a: Great Tusk|0 fnt
|faint|p1a: Great Tusk
|-end|p1a: Great Tusk|Protosynthesis|[silent]
|
|-heal|p2a: Suicune|45/100|[from] item: Leftovers
|upkeep
|
|t:|1760358131
|switch|p1a: Glimmora|Glimmora, M, shiny|100/100
|turn|10
|
|t:|1760358137
|move|p1a: Glimmora|Meteor Beam||[still]
|-prepare|p1a: Glimmora|Meteor Beam
|-boost|p1a: Glimmora|spa|1
|-enditem|p1a: Glimmora|Power Herb
|-anim|p1a: Glimmora|Meteor Beam|p2a: Suicune
|-damage|p2a: Suicune|0 fnt
|faint|p2a: Suicune
|
|-sideend|p1: ollierob1|move: Light Screen
|upkeep
|
|t:|1760358147
|switch|p2a: Krookodile|Krookodile, F|100/100
|-ability|p2a: Krookodile|Intimidate|boost
|-unboost|p1a: Glimmora|atk|1
|turn|11
|
|t:|1760358152
|move|p2a: Krookodile|Earthquake|p1a: Glimmora
|-supereffective|p1a: Glimmora
|-damage|p1a: Glimmora|0 fnt
|-activate|p1a: Glimmora|ability: Toxic Debris
|-sidestart|p2: kinsword|move: Toxic Spikes
|faint|p1a: Glimmora
|
|upkeep
|
|t:|1760358156
|switch|p1a: Dragonite|Dragonite, M, shiny|100/100
|turn|12
|
|t:|1760358162
|move|p2a: Krookodile|Taunt|p1a: Dragonite
|-start|p1a: Dragonite|move: Taunt
|cant|p1a: Dragonite|move: Taunt|Dragon Dance
|
|upkeep
|turn|13
|
|t:|1760358167
|switch|p1a: Iron Valiant|Iron Valiant, shiny|100/100
|-enditem|p1a: Iron Valiant|Booster Energy
|-activate|p1a: Iron Valiant|ability: Quark Drive|[fromitem]
|-start|p1a: Iron Valiant|quarkdrivespe
|move|p2a: Krookodile|Stealth Rock|p1a: Iron Valiant
|-sidestart|p1: ollierob1|move: Stealth Rock
|
|upkeep
|turn|14
|
|t:|1760358177
|move|p1a: Iron Valiant|Moonblast|p2a: Krookodile
|-supereffective|p2a: Krookodile
|-damage|p2a: Krookodile|0 fnt
|faint|p2a: Krookodile
|
|upkeep
|
|t:|1760358189
|switch|p2a: Chandelure|Chandelure, F|100/100
|-status|p2a: Chandelure|psn
|turn|15
|
|t:|1760358196
|move|p1a: Iron Valiant|Knock Off|p2a: Chandelure
|-supereffective|p2a: Chandelure
|-damage|p2a: Chandelure|13/100 psn
|-enditem|p2a: Chandelure|Choice Specs|[from] move: Knock Off|[of] p1a: Iron Valiant
|move|p2a: Chandelure|Shadow Ball|p1a: Iron Valiant
|-damage|p1a: Iron Valiant|15/100
|
|-damage|p2a: Chandelure|1/100 psn|[from] psn
|upkeep
|turn|16
|
|t:|1760358207
|move|p1a: Iron Valiant|Moonblast|p2a: Chandelure
|-resisted|p2a: Chandelure
|-damage|p2a: Chandelure|0 fnt
|faint|p2a: Chandelure
|
|upkeep
|
|t:|1760358212
|switch|p2a: Salamence|Salamence, F|100/100
|turn|17
|
|t:|1760358221
|-terastallize|p2a: Salamence|Electric
|move|p1a: Iron Valiant|Knock Off|p2a: Salamence
|-damage|p2a: Salamence|65/100
|-enditem|p2a: Salamence|Lum Berry|[from] move: Knock Off|[of] p1a: Iron Valiant
|move|p2a: Salamence|Earthquake|p1a: Iron Valiant
|-damage|p1a: Iron Valiant|0 fnt
|faint|p1a: Iron Valiant
|-end|p1a: Iron Valiant|Quark Drive|[silent]
|-ability|p2a: Salamence|Moxie|boost
|-boost|p2a: Salamence|atk|1
|
|upkeep
|
|t:|1760358234
|switch|p1a: Dragonite|Dragonite, M, shiny|100/100
|-damage|p1a: Dragonite|76/100|[from] Stealth Rock
|turn|18
|
|t:|1760358239
|-terastallize|p1a: Dragonite|Fairy
|move|p2a: Salamence|Dragon Claw|p1a: Dragonite
|-immune|p1a: Dragonite
|move|p1a: Dragonite|Dragon Dance|p1a: Dragonite
|-boost|p1a: Dragonite|atk|1
|-boost|p1a: Dragonite|spe|1
|
|upkeep
|turn|19
|
|t:|1760358248
|move|p1a: Dragonite|Earthquake|p2a: Salamence
|-supereffective|p2a: Salamence
|-damage|p2a: Salamence|0 fnt
|faint|p2a: Salamence
|
|win|ollierob1
|raw|ollierob1's rating: 1584 &rarr; <strong>1603</strong><br />(+19 for winning)
|raw|kinsword's rating: 1573 &rarr; <strong>1554</strong><br />(-19 for losing)
|c|☆ollierob1|gg
|l|☆kinsword
|player|p2|
|l|☆ollierob1
|player|p1|
