|j|☆Christendom
|j|☆bebedou
|t:|1760451617
|gametype|singles
|player|p1|Christendom|yellow|1564
|player|p2|bebedou|harlequin|1535
|gen|9
|tier|[Gen 9] OU
|rated|
|rule|HP Percentage Mod: HP is shown in percentages
|rule|Endless Battle Clause: Forcing endless battles is banned
|rule|Species Clause: Limit one of each Pokémon
|rule|OHKO Clause: OHKO moves are banned
|rule|Evasion Items Clause: Evasion items are banned
|rule|Evasion Moves Clause: Evasion moves are banned
|rule|Evasion Abilities Clause: Evasion abilities are banned
|rule|Sleep Moves Clause: Sleep-inducing moves are banned
|clearpoke
|poke|p1|Iron Valiant|
|poke|p1|Dragapult, F|
|poke|p1|Glimmora, F|
|poke|p1|Ogerpon-Wellspring, F|
|poke|p1|Landorus-Therian, M|
|poke|p1|Kingambit, F|
|poke|p2|Gholdengo|
|poke|p2|Cinderace, F|
|poke|p2|Empoleon, M|
|poke|p2|Ribombee, F|
|poke|p2|Serperior, F|
|poke|p2|Kingambit, M|
|teampreview
|inactive|Battle timer is ON: inactive players will automatically lose when time's up. (requested by bebedou)
|j| Pikmin 13
|inactive|Christendom has 120 seconds left.
|
|t:|1760451659
|teamsize|p1|6
|teamsize|p2|6
|start
|switch|p1a: Landorus|Landorus-Therian, M|100/100
|switch|p2a: Don't spin please|Ribombee, F|100/100
|-ability|p1a: Landorus|Intimidate|boost
|-unboost|p2a: Don't spin please|atk|1
|turn|1
|
|t:|1760451665
|move|p2a: Don't spin please|Sticky Web|p1a: Landorus
|-sidestart|p1: Christendom|move: Sticky Web
|move|p1a: Landorus|Stealth Rock|p2a: Don't spin please
|-sidestart|p2: bebedou|move: Stealth Rock
|
|upkeep
|turn|2
|
|t:|1760451677
|move|p2a: Don't spin please|Stun Spore|p1a: Landorus
|-status|p1a: Landorus|par
|move|p1a: Landorus|U-turn|p2a: Don't spin please
|-resisted|p2a: Don't spin please
|-damage|p2a: Don't spin please|77/100
|
|t:|1760451680
|switch|p1a: Glimmora|Glimmora, F|100/100|[from] U-turn
|-activate|p1a: Glimmora|move: Sticky Web
|-unboost|p1a: Glimmora|spe|1
|
|upkeep
|turn|3
|
|t:|1760451688
|move|p2a: Don't spin please|Psychic Noise|p1a: Glimmora
|-supereffective|p1a: Glimmora
|-damage|p1a: Glimmora|49/100
|-start|p1a: Glimmora|move: Heal Block
|move|p1a: Glimmora|Meteor Beam||[still]
|-prepare|p1a: Glimmora|Meteor Beam
|-boost|p1a: Glimmora|spa|1
|-enditem|p1a: Glimmora|Power Herb
|-anim|p1a: Glimmora|Meteor Beam|p2a: Don't spin please
|-supereffective|p2a: Don't spin please
|-damage|p2a: Don't spin please|0 fnt
|faint|p2a: Don't spin please
|
|upkeep
|
|t:|1760451704
|switch|p2a: Gholdengo|Gholdengo|100/100
|-damage|p2a: Gholdengo|94/100|[from] Stealth Rock
|-item|p2a: Gholdengo|Air Balloon
|turn|4
|
|t:|1760451711
|switch|p1a: Ogerpon|Ogerpon-Wellspring, F|100/100
|-activate|p1a: Ogerpon|move: Sticky Web
|-unboost|p1a: Ogerpon|spe|1
|move|p2a: Gholdengo|Make It Rain|p1a: Ogerpon
|-resisted|p1a: Ogerpon
|-damage|p1a: Ogerpon|63/100
|-unboost|p2a: Gholdengo|spa|1
|
|upkeep
|turn|5
|inactive|bebedou has 120 seconds left.
|
|t:|1760451745
|switch|p2a: Tom Thibodeau|Empoleon, M|100/100
|-damage|p2a: Tom Thibodeau|94/100|[from] Stealth Rock
|move|p1a: Ogerpon|Ivy Cudgel|p2a: Tom Thibodeau|[anim] Ivy Cudgel Water
|-resisted|p2a: Tom Thibodeau
|-crit|p2a: Tom Thibodeau
|-damage|p2a: Tom Thibodeau|52/100
|
|-heal|p2a: Tom Thibodeau|58/100|[from] item: Leftovers
|upkeep
|turn|6
|
|t:|1760451755
|move|p1a: Ogerpon|Horn Leech|p2a: Tom Thibodeau
|-damage|p2a: Tom Thibodeau|14/100
|-heal|p1a: Ogerpon|90/100|[from] drain|[of] p2a: Tom Thibodeau
|move|p2a: Tom Thibodeau|Ice Beam|p1a: Ogerpon
|-damage|p1a: Ogerpon|56/100
|
|-heal|p2a: Tom Thibodeau|21/100|[from] item: Leftovers
|upkeep
|turn|7
|inactive|bebedou has 120 seconds left.
|
|t:|1760451774
|move|p2a: Tom Thibodeau|Vacuum Wave|p1a: Ogerpon
|-damage|p1a: Ogerpon|41/100
|move|p1a: Ogerpon|Horn Leech|p2a: Tom Thibodeau
|-crit|p2a: Tom Thibodeau
|-damage|p2a: Tom Thibodeau|0 fnt
|-heal|p1a: Ogerpon|54/100|[from] drain|[of] p2a: Tom Thibodeau
|faint|p2a: Tom Thibodeau
|
|upkeep
|inactive|bebedou has 120 seconds left.
|
|t:|1760451784
|switch|p2a: Flip Flop|Cinderace, F|100/100
|turn|8
|
|t:|1760451788
|move|p2a: Flip Flop|Pyro Ball|p1a: Ogerpon
|-damage|p1a: Ogerpon|0 fnt
|faint|p1a: Ogerpon
|
|upkeep
|
|t:|1760451794
|switch|p1a: Dragapult|Dragapult, F|100/100
|-activate|p1a: Dragapult|move: Sticky Web
|-fail|p1a: Dragapult|unboost|[from] ability: Clear Body|[of] p1a: Dragapult
|turn|9
|
|t:|1760451809
|move|p1a: Dragapult|Draco Meteor|p2a: Flip Flop
|-damage|p2a: Flip Flop|0 fnt
|-unboost|p1a: Dragapult|spa|2
|faint|p2a: Flip Flop
|
|upkeep
|
|t:|1760451815
|switch|p2a: Sweeper #1|Serperior, F|100/100
|-damage|p2a: Sweeper #1|88/100|[from] Stealth Rock
|turn|10
|
|t:|1760451823
|switch|p1a: Glimmora|Glimmora, F|49/100
|-activate|p1a: Glimmora|move: Sticky Web
|-unboost|p1a: Glimmora|spe|1
|move|p2a: Sweeper #1|Leaf Storm|p1a: Glimmora
|-damage|p1a: Glimmora|0 fnt
|-boost|p2a: Sweeper #1|spa|2
|faint|p1a: Glimmora
|
|-heal|p2a: Sweeper #1|94/100|[from] item: Leftovers
|upkeep
|
|t:|1760451826
|switch|p1a: Dragapult|Dragapult, F|100/100
|-activate|p1a: Dragapult|move: Sticky Web
|-fail|p1a: Dragapult|unboost|[from] ability: Clear Body|[of] p1a: Dragapult
|turn|11
|inactive|bebedou has 120 seconds left.
|
|t:|1760451857
|switch|p2a: Gholdengo|Gholdengo|94/100
|-damage|p2a: Gholdengo|88/100|[from] Stealth Rock
|-item|p2a: Gholdengo|Air Balloon
|move|p1a: Dragapult|Flamethrower|p2a: Gholdengo
|-supereffective|p2a: Gholdengo
|-damage|p2a: Gholdengo|0 fnt
|-enditem|p2a: Gholdengo|Air Balloon
|faint|p2a: Gholdengo
|
|upkeep
|inactive|bebedou has 120 seconds left.
|
|t:|1760451868
|switch|p2a: Not Defiant|Kingambit, M|100/100
|-damage|p2a: Not Defiant|94/100|[from] Stealth Rock
|turn|12
|
|t:|1760451873
|switch|p1a: Iron Valiant|Iron Valiant|100/100
|-activate|p1a: Iron Valiant|move: Sticky Web
|-unboost|p1a: Iron Valiant|spe|1
|-enditem|p1a: Iron Valiant|Booster Energy
|-activate|p1a: Iron Valiant|ability: Quark Drive|[fromitem]
|-start|p1a: Iron Valiant|quarkdriveatk
|move|p2a: Not Defiant|Iron Head|p1a: Iron Valiant
|-supereffective|p1a: Iron Valiant
|-damage|p1a: Iron Valiant|0 fnt
|faint|p1a: Iron Valiant
|-end|p1a: Iron Valiant|Quark Drive|[silent]
|
|-heal|p2a: Not Defiant|100/100|[from] item: Leftovers
|upkeep
|
|t:|1760451882
|switch|p1a: Landorus|Landorus-Therian, M|100/100 par
|-ability|p1a: Landorus|Intimidate|boost
|-unboost|p2a: Not Defiant|atk|1
|-ability|p2a: Not Defiant|Defiant|boost
|-boost|p2a: Not Defiant|atk|2
|turn|13
|
|t:|1760451898
|switch|p2a: Sweeper #1|Serperior, F|94/100
|-damage|p2a: Sweeper #1|82/100|[from] Stealth Rock
|cant|p1a: Landorus|par
|
|-heal|p2a: Sweeper #1|88/100|[from] item: Leftovers
|upkeep
|turn|14
|
|t:|1760451906
|switch|p1a: Dragapult|Dragapult, F|100/100
|-activate|p1a: Dragapult|move: Sticky Web
|-fail|p1a: Dragapult|unboost|[from] ability: Clear Body|[of] p1a: Dragapult
|move|p2a: Sweeper #1|Leaf Storm|p1a: Dragapult
|-resisted|p1a: Dragapult
|-damage|p1a: Dragapult|68/100
|-boost|p2a: Sweeper #1|spa|2
|
|-heal|p2a: Sweeper #1|94/100|[from] item: Leftovers
|upkeep
|turn|15
|
|t:|1760451919
|-terastallize|p2a: Sweeper #1|Ground
|move|p1a: Dragapult|Flamethrower|p2a: Sweeper #1
|-damage|p2a: Sweeper #1|40/100
|move|p2a: Sweeper #1|Dragon Pulse|p1a: Dragapult
|-supereffective|p1a: Dragapult
|-damage|p1a: Dragapult|0 fnt
|faint|p1a: Dragapult
|
|-heal|p2a: Sweeper #1|46/100|[from] item: Leftovers
|upkeep
|
|t:|1760451923
|switch|p1a: Kingambit|Kingambit, F|100/100
|-activate|p1a: Kingambit|move: Sticky Web
|-unboost|p1a: Kingambit|spe|1
|-activate|p1a: Kingambit|ability: Supreme Overlord
|-start|p1a: Kingambit|fallen4|[silent]
|turn|16
|
|t:|1760451935
|move|p1a: Kingambit|Sucker Punch|p2a: Sweeper #1
|-damage|p2a: Sweeper #1|0 fnt
|faint|p2a: Sweeper #1
|
|upkeep
|
|t:|1760451939
|switch|p2a: Not Defiant|Kingambit, M|100/100
|-damage|p2a: Not Defiant|94/100|[from] Stealth Rock
|turn|17
|
|t:|1760451967
|move|p2a: Not Defiant|Low Kick|p1a: Kingambit
|-supereffective|p1a: Kingambit
|-damage|p1a: Kingambit|0 fnt
|faint|p1a: Kingambit
|-end|p1a: Kingambit|fallen4|[silent]
|
|-heal|p2a: Not Defiant|100/100|[from] item: Leftovers
|upkeep
|c|☆Christendom|gg
|
|t:|1760451971
|switch|p1a: Landorus|Landorus-Therian, M|100/100 par
|-ability|p1a: Landorus|Intimidate|boost
|-unboost|p2a: Not Defiant|atk|1
|-ability|p2a: Not Defiant|Defiant|boost
|-boost|p2a: Not Defiant|atk|2
|turn|18
|
|t:|1760451989
|move|p2a: Not Defiant|Kowtow Cleave|p1a: Landorus
|-damage|p1a: Landorus|36/100 par
|-damage|p2a: Not Defiant|84/100|[from] item: Rocky Helmet|[of] p1a: Landorus
|cant|p1a: Landorus|par
|
|-heal|p2a: Not Defiant|90/100|[from] item: Leftovers
|upkeep
|turn|19
|-message|Christendom forfeited.
|
|win|bebedou
|raw|Christendom's rating: 1564 &rarr; <strong>1542</strong><br />(-22 for losing)
|raw|bebedou's rating: 1535 &rarr; <strong>1557</strong><br />(+22 for winning)
|l|☆Christendom
|player|p1|
|c|☆bebedou|gg
|l|☆bebedou
|player|p2|
|l| Pikmin 13
