|j|☆Winter escape
|j|☆Patback279
|t:|1760322124
|gametype|singles
|player|p1|Winter escape|unknown|1325
|player|p2|Patback279|266|1321
|gen|9
|tier|[Gen 9] OU
|rated|
|rule|HP Percentage Mod: HP is shown in percentages
|rule|Endless Battle Clause: Forcing endless battles is banned
|rule|Species Clause: Limit one of each Pokémon
|rule|OHKO Clause: OHKO moves are banned
|rule|Evasion Items Clause: Evasion items are banned
|rule|Evasion Moves Clause: Evasion moves are banned
|rule|Evasion Abilities Clause: Evasion abilities are banned
|rule|Sleep Moves Clause: Sleep-inducing moves are banned
|clearpoke
|poke|p1|Rotom-Wash|
|poke|p1|Slowking-Galar, F|
|poke|p1|Rillaboom, M|
|poke|p1|Kyurem|
|poke|p1|Iron Valiant|
|poke|p1|Great Tusk|
|poke|p2|Clawitzer, F|
|poke|p2|Goodra-Hisui, M|
|poke|p2|Venomoth, M|
|poke|p2|Landorus-Therian, M|
|poke|p2|Fezandipiti, M|
|poke|p2|Raikou|
|teampreview
|inactive|Battle timer is ON: inactive players will automatically lose when time's up. (requested by Winter escape)
|
|t:|1760322151
|teamsize|p1|6
|teamsize|p2|6
|start
|switch|p1a: Rotom|Rotom-Wash|100/100
|switch|p2a: Clawitzer|Clawitzer, F|100/100
|turn|1
|
|t:|1760322171
|move|p1a: Rotom|Hydro Pump|p2a: Clawitzer|[miss]
|-miss|p1a: Rotom|p2a: Clawitzer
|move|p2a: Clawitzer|Dragon Pulse|p1a: Rotom
|-damage|p1a: Rotom|48/100
|
|upkeep
|turn|2
|
|t:|1760322181
|switch|p1a: Slowking|Slowking-Galar, F|100/100
|move|p2a: Clawitzer|Dragon Pulse|p1a: Slowking
|-damage|p1a: Slowking|66/100
|
|upkeep
|turn|3
|
|t:|1760322193
|switch|p2a: Fezandipiti|Fezandipiti, M|100/100
|move|p1a: Slowking|Toxic|p2a: Fezandipiti
|-immune|p2a: Fezandipiti
|
|upkeep
|turn|4
|
|t:|1760322208
|switch|p2a: Goodra|Goodra-Hisui, M|100/100
|move|p1a: Slowking|Future Sight|p2a: Goodra
|-start|p1a: Slowking|move: Future Sight
|
|upkeep
|turn|5
|
|t:|1760322216
|move|p2a: Goodra|Knock Off|p1a: Slowking
|-supereffective|p1a: Slowking
|-damage|p1a: Slowking|33/100
|-enditem|p1a: Slowking|Heavy-Duty Boots|[from] move: Knock Off|[of] p2a: Goodra
|-prepare|p1a: Slowking|Chilly Reception|[premajor]
|move|p1a: Slowking|Chilly Reception|p1a: Slowking
|-weather|Snowscape
|
|t:|1760322228
|switch|p1a: Rillaboom|Rillaboom, M|100/100|[from] Chilly Reception
|-fieldstart|move: Grassy Terrain|[from] ability: Grassy Surge|[of] p1a: Rillaboom
|
|-weather|Snowscape|[upkeep]
|upkeep
|turn|6
|
|t:|1760322236
|move|p1a: Rillaboom|Hammer Arm|p2a: Goodra
|-supereffective|p2a: Goodra
|-damage|p2a: Goodra|2/100
|-unboost|p1a: Rillaboom|spe|1
|move|p2a: Goodra|Acid Armor|p2a: Goodra
|-boost|p2a: Goodra|def|2
|
|-weather|Snowscape|[upkeep]
|-end|p2a: Goodra|move: Future Sight
|-resisted|p2a: Goodra
|-damage|p2a: Goodra|0 fnt
|faint|p2a: Goodra
|upkeep
|
|t:|1760322254
|switch|p2a: Fezandipiti|Fezandipiti, M|100/100
|turn|7
|
|t:|1760322262
|switch|p1a: Slowking|Slowking-Galar, F|66/100
|move|p2a: Fezandipiti|Swords Dance|p2a: Fezandipiti
|-boost|p2a: Fezandipiti|atk|2
|
|-weather|Snowscape|[upkeep]
|-heal|p1a: Slowking|72/100|[from] Grassy Terrain
|upkeep
|turn|8
|
|t:|1760322272
|move|p2a: Fezandipiti|Tail Slap|p1a: Slowking
|-damage|p1a: Slowking|57/100
|-damage|p1a: Slowking|43/100
|-damage|p1a: Slowking|28/100
|-crit|p1a: Slowking
|-damage|p1a: Slowking|5/100
|-hitcount|p1a: Slowking|4
|-prepare|p1a: Slowking|Chilly Reception|[premajor]
|move|p1a: Slowking|Chilly Reception|p1a: Slowking
|
|t:|1760322283
|switch|p1a: Great Tusk|Great Tusk|100/100|[from] Chilly Reception
|-enditem|p1a: Great Tusk|Booster Energy
|-activate|p1a: Great Tusk|ability: Protosynthesis|[fromitem]
|-start|p1a: Great Tusk|protosynthesisatk
|
|-weather|Snowscape|[upkeep]
|upkeep
|turn|9
|
|t:|1760322305
|move|p2a: Fezandipiti|Play Rough|p1a: Great Tusk|[miss]
|-miss|p2a: Fezandipiti|p1a: Great Tusk
|move|p1a: Great Tusk|Headlong Rush|p2a: Fezandipiti
|-supereffective|p2a: Fezandipiti
|-crit|p2a: Fezandipiti
|-damage|p2a: Fezandipiti|0 fnt
|-unboost|p1a: Great Tusk|def|1
|-unboost|p1a: Great Tusk|spd|1
|faint|p2a: Fezandipiti
|
|-weather|none
|-fieldend|move: Grassy Terrain
|upkeep
|
|t:|1760322319
|switch|p2a: Landorus|Landorus-Therian, M|100/100
|-ability|p2a: Landorus|Intimidate|boost
|-unboost|p1a: Great Tusk|atk|1
|turn|10
|
|t:|1760322325
|move|p2a: Landorus|Stealth Rock|p1a: Great Tusk
|-sidestart|p1: Winter escape|move: Stealth Rock
|move|p1a: Great Tusk|Ice Spinner|p2a: Landorus
|-supereffective|p2a: Landorus
|-damage|p2a: Landorus|9/100
|-damage|p1a: Great Tusk|84/100|[from] item: Rocky Helmet|[of] p2a: Landorus
|
|upkeep
|turn|11
|
|t:|1760322331
|move|p2a: Landorus|Earthquake|p1a: Great Tusk
|-damage|p1a: Great Tusk|28/100
|move|p1a: Great Tusk|Rapid Spin|p2a: Landorus
|-damage|p2a: Landorus|0 fnt
|-boost|p1a: Great Tusk|spe|1
|-damage|p1a: Great Tusk|12/100|[from] item: Rocky Helmet|[of] p2a: Landorus
|-sideend|p1: Winter escape|Stealth Rock|[from] move: Rapid Spin|[of] p1a: Great Tusk
|faint|p2a: Landorus
|
|upkeep
|
|t:|1760322338
|switch|p2a: Clawitzer|Clawitzer, F|100/100
|turn|12
|
|t:|1760322345
|move|p1a: Great Tusk|Stealth Rock|p2a: Clawitzer
|-sidestart|p2: Patback279|move: Stealth Rock
|move|p2a: Clawitzer|Water Pulse|p1a: Great Tusk
|-supereffective|p1a: Great Tusk
|-damage|p1a: Great Tusk|0 fnt
|faint|p1a: Great Tusk
|-end|p1a: Great Tusk|Protosynthesis|[silent]
|
|upkeep
|
|t:|1760322353
|switch|p1a: Rotom|Rotom-Wash|48/100
|turn|13
|
|t:|1760322358
|switch|p2a: Raikou|Raikou|100/100
|-damage|p2a: Raikou|88/100|[from] Stealth Rock
|move|p1a: Rotom|Thunderbolt|p2a: Raikou
|-resisted|p2a: Raikou
|-damage|p2a: Raikou|67/100
|
|upkeep
|turn|14
|
|t:|1760322371
|switch|p1a: Rillaboom|Rillaboom, M|100/100
|-fieldstart|move: Grassy Terrain|[from] ability: Grassy Surge|[of] p1a: Rillaboom
|move|p2a: Raikou|Volt Switch|p1a: Rillaboom
|-resisted|p1a: Rillaboom
|-damage|p1a: Rillaboom|71/100
|
|t:|1760322376
|switch|p2a: Venomoth|Venomoth, M|100/100|[from] Volt Switch
|-damage|p2a: Venomoth|76/100|[from] Stealth Rock
|
|-heal|p2a: Venomoth|82/100|[from] Grassy Terrain
|-heal|p1a: Rillaboom|77/100|[from] Grassy Terrain
|upkeep
|turn|15
|inactive|Winter escape has 120 seconds left.
|
|t:|1760322419
|move|p2a: Venomoth|Quiver Dance|p2a: Venomoth
|-boost|p2a: Venomoth|spa|1
|-boost|p2a: Venomoth|spd|1
|-boost|p2a: Venomoth|spe|1
|move|p1a: Rillaboom|U-turn|p2a: Venomoth
|-resisted|p2a: Venomoth
|-damage|p2a: Venomoth|44/100
|
|t:|1760322426
|switch|p1a: Iron Valiant|Iron Valiant|100/100|[from] U-turn
|-enditem|p1a: Iron Valiant|Booster Energy
|-activate|p1a: Iron Valiant|ability: Quark Drive|[fromitem]
|-start|p1a: Iron Valiant|quarkdrivespe
|
|-heal|p2a: Venomoth|50/100|[from] Grassy Terrain
|upkeep
|turn|16
|
|t:|1760322433
|-terastallize|p2a: Venomoth|Poison
|move|p1a: Iron Valiant|Encore|p2a: Venomoth
|-start|p2a: Venomoth|Encore
|move|p2a: Venomoth|Quiver Dance|p2a: Venomoth
|-boost|p2a: Venomoth|spa|1
|-boost|p2a: Venomoth|spd|1
|-boost|p2a: Venomoth|spe|1
|
|-heal|p2a: Venomoth|56/100|[from] Grassy Terrain
|upkeep
|turn|17
|inactive|Winter escape has 120 seconds left.
|
|t:|1760322443
|move|p2a: Venomoth|Quiver Dance|p2a: Venomoth
|-boost|p2a: Venomoth|spa|1
|-boost|p2a: Venomoth|spd|1
|-boost|p2a: Venomoth|spe|1
|move|p1a: Iron Valiant|Close Combat|p2a: Venomoth
|-resisted|p2a: Venomoth
|-damage|p2a: Venomoth|7/100
|-unboost|p1a: Iron Valiant|def|1
|-unboost|p1a: Iron Valiant|spd|1
|
|-heal|p2a: Venomoth|13/100|[from] Grassy Terrain
|upkeep
|turn|18
|inactive|Winter escape has 120 seconds left.
|
|t:|1760322453
|move|p2a: Venomoth|Quiver Dance|p2a: Venomoth
|-boost|p2a: Venomoth|spa|1
|-boost|p2a: Venomoth|spd|1
|-boost|p2a: Venomoth|spe|1
|move|p1a: Iron Valiant|Close Combat|p2a: Venomoth
|-resisted|p2a: Venomoth
|-damage|p2a: Venomoth|0 fnt
|-unboost|p1a: Iron Valiant|def|1
|-unboost|p1a: Iron Valiant|spd|1
|faint|p2a: Venomoth
|
|-fieldend|move: Grassy Terrain
|upkeep
|
|t:|1760322458
|switch|p2a: Clawitzer|Clawitzer, F|100/100
|-damage|p2a: Clawitzer|88/100|[from] Stealth Rock
|turn|19
|
|t:|1760322467
|move|p1a: Iron Valiant|Thunderbolt|p2a: Clawitzer
|-supereffective|p2a: Clawitzer
|-damage|p2a: Clawitzer|5/100
|move|p2a: Clawitzer|Water Pulse|p1a: Iron Valiant
|-damage|p1a: Iron Valiant|0 fnt
|faint|p1a: Iron Valiant
|-end|p1a: Iron Valiant|Quark Drive|[silent]
|
|upkeep
|
|t:|1760322475
|switch|p1a: Kyurem|Kyurem|100/100
|-ability|p1a: Kyurem|Pressure
|turn|20
|
|t:|1760322480
|move|p2a: Clawitzer|Water Pulse|p1a: Kyurem
|-resisted|p1a: Kyurem
|-damage|p1a: Kyurem|79/100
|move|p1a: Kyurem|Earth Power|p2a: Clawitzer
|-crit|p2a: Clawitzer
|-damage|p2a: Clawitzer|0 fnt
|faint|p2a: Clawitzer
|
|upkeep
|
|t:|1760322483
|switch|p2a: Raikou|Raikou|67/100
|-damage|p2a: Raikou|55/100|[from] Stealth Rock
|turn|21
|
|t:|1760322489
|move|p2a: Raikou|Aura Sphere|p1a: Kyurem
|-supereffective|p1a: Kyurem
|-damage|p1a: Kyurem|9/100
|move|p1a: Kyurem|Earth Power|p2a: Raikou
|-supereffective|p2a: Raikou
|-damage|p2a: Raikou|0 fnt
|faint|p2a: Raikou
|
|win|Winter escape
|raw|Winter escape's rating: 1325 &rarr; <strong>1345</strong><br />(+20 for winning)
|raw|Patback279's rating: 1321 &rarr; <strong>1301</strong><br />(-20 for losing)
|l|☆Patback279
|player|p2|
|l|☆Winter escape
|player|p1|
