|j|☆douadyrabbit
|j|☆Asrzzz
|t:|1760419466
|gametype|singles
|player|p1|douadyrabbit|pokefanf-gen2|1180
|player|p2|Asrzzz|alder|1160
|gen|9
|tier|[Gen 9] OU
|rated|
|rule|HP Percentage Mod: HP is shown in percentages
|rule|Endless Battle Clause: Forcing endless battles is banned
|rule|Species Clause: Limit one of each Pokémon
|rule|OHKO Clause: OHKO moves are banned
|rule|Evasion Items Clause: Evasion items are banned
|rule|Evasion Moves Clause: Evasion moves are banned
|rule|Evasion Abilities Clause: Evasion abilities are banned
|rule|Sleep Moves Clause: Sleep-inducing moves are banned
|clearpoke
|poke|p1|Slowking, F|
|poke|p1|Hatterene, F|
|poke|p1|Clefable, F|
|poke|p1|Blissey, F|
|poke|p1|Alomomola, F|
|poke|p1|Slowbro, F|
|poke|p2|Fezandipiti, M|
|poke|p2|Alomomola, F|
|poke|p2|Sinistcha|
|poke|p2|Great Tusk|
|poke|p2|Moltres-Galar|
|poke|p2|Ursaluna, M|
|teampreview
|
|t:|1760419478
|teamsize|p1|6
|teamsize|p2|6
|start
|switch|p1a: Alomomola|Alomomola, F|100/100
|switch|p2a: Fezandipiti|Fezandipiti, M|100/100
|turn|1
|
|t:|1760419488
|move|p2a: Fezandipiti|Beat Up|p1a: Alomomola
|-damage|p1a: Alomomola|99/100
|-damage|p1a: Alomomola|97/100
|-damage|p1a: Alomomola|95/100
|-status|p1a: Alomomola|tox|[from] ability: Toxic Chain|[of] p2a: Fezandipiti
|-damage|p1a: Alomomola|93/100 tox
|-damage|p1a: Alomomola|92/100 tox
|-damage|p1a: Alomomola|90/100 tox
|-hitcount|p1a: Alomomola|6
|move|p1a: Alomomola|Scald|p2a: Fezandipiti
|-damage|p2a: Fezandipiti|95/100
|
|-damage|p1a: Alomomola|83/100 tox|[from] psn
|upkeep
|turn|2
|
|t:|1760419505
|move|p2a: Fezandipiti|U-turn|p1a: Alomomola
|-damage|p1a: Alomomola|75/100 tox
|
|t:|1760419508
|switch|p2a: Sinistcha|Sinistcha|100/100|[from] U-turn
|move|p1a: Alomomola|Flip Turn|p2a: Sinistcha
|-resisted|p2a: Sinistcha
|-damage|p2a: Sinistcha|95/100
|
|t:|1760419524
|switch|p1a: Clefable|Clefable, F|100/100|[from] Flip Turn
|
|upkeep
|turn|3
|
|t:|1760419533
|switch|p2a: Alomomola|Alomomola, F|100/100
|move|p1a: Clefable|Thunder Wave|p2a: Alomomola
|-status|p2a: Alomomola|par
|
|upkeep
|turn|4
|
|t:|1760419540
|switch|p1a: Slowbro|Slowbro, F|100/100
|move|p2a: Alomomola|Flip Turn|p1a: Slowbro
|-resisted|p1a: Slowbro
|-damage|p1a: Slowbro|96/100
|
|t:|1760419546
|switch|p2a: Ursaluna|Ursaluna, M|100/100|[from] Flip Turn
|
|-status|p2a: Ursaluna|brn|[from] item: Flame Orb
|upkeep
|turn|5
|
|t:|1760419554
|move|p2a: Ursaluna|Crunch|p1a: Slowbro
|-supereffective|p1a: Slowbro
|-damage|p1a: Slowbro|38/100
|move|p1a: Slowbro|Scald|p2a: Ursaluna
|-supereffective|p2a: Ursaluna
|-damage|p2a: Ursaluna|24/100 brn
|
|-damage|p2a: Ursaluna|18/100 brn|[from] brn
|upkeep
|turn|6
|
|t:|1760419564
|switch|p1a: Alomomola|Alomomola, F|100/100 tox
|move|p2a: Ursaluna|Facade|p1a: Alomomola
|-damage|p1a: Alomomola|37/100 tox
|
|-damage|p1a: Alomomola|31/100 tox|[from] psn
|-damage|p2a: Ursaluna|12/100 brn|[from] brn
|upkeep
|turn|7
|
|t:|1760419575
|switch|p2a: Alomomola|Alomomola, F|100/100 par
|move|p1a: Alomomola|Protect||[still]
|-fail|p1a: Alomomola
|
|-damage|p1a: Alomomola|18/100 tox|[from] psn
|upkeep
|turn|8
|
|t:|1760419584
|switch|p1a: Blissey|Blissey, F|100/100
|move|p2a: Alomomola|Wish|p2a: Alomomola
|
|upkeep
|turn|9
|
|t:|1760419590
|move|p1a: Blissey|Seismic Toss|p2a: Alomomola
|-damage|p2a: Alomomola|82/100 par
|-damage|p1a: Blissey|84/100|[from] item: Rocky Helmet|[of] p2a: Alomomola
|move|p2a: Alomomola|Flip Turn|p1a: Blissey
|-damage|p1a: Blissey|69/100
|
|t:|1760419597
|switch|p2a: Ursaluna|Ursaluna, M|12/100 brn|[from] Flip Turn
|
|-heal|p2a: Ursaluna|78/100 brn|[from] move: Wish|[wisher] Alomomola
|-damage|p2a: Ursaluna|72/100 brn|[from] brn
|upkeep
|turn|10
|
|t:|1760419606
|switch|p1a: Clefable|Clefable, F|100/100
|move|p2a: Ursaluna|Facade|p1a: Clefable
|-damage|p1a: Clefable|0 fnt
|faint|p1a: Clefable
|
|-damage|p2a: Ursaluna|66/100 brn|[from] brn
|upkeep
|
|t:|1760419618
|switch|p1a: Slowbro|Slowbro, F|72/100
|turn|11
|
|t:|1760419622
|move|p2a: Ursaluna|Facade|p1a: Slowbro
|-damage|p1a: Slowbro|1/100
|move|p1a: Slowbro|Scald|p2a: Ursaluna
|-supereffective|p2a: Ursaluna
|-damage|p2a: Ursaluna|0 fnt
|faint|p2a: Ursaluna
|
|upkeep
|
|t:|1760419640
|switch|p2a: Fezandipiti|Fezandipiti, M|95/100
|turn|12
|
|t:|1760419649
|switch|p1a: Blissey|Blissey, F|69/100
|move|p2a: Fezandipiti|Beat Up|p1a: Blissey
|-damage|p1a: Blissey|66/100
|-damage|p1a: Blissey|64/100
|-damage|p1a: Blissey|61/100
|-crit|p1a: Blissey
|-damage|p1a: Blissey|57/100
|-status|p1a: Blissey|tox|[from] ability: Toxic Chain|[of] p2a: Fezandipiti
|-hitcount|p1a: Blissey|4
|
|-damage|p1a: Blissey|51/100 tox|[from] psn
|upkeep
|turn|13
|
|t:|1760419662
|move|p2a: Fezandipiti|Poison Jab|p1a: Blissey
|-damage|p1a: Blissey|29/100 tox
|move|p1a: Blissey|Soft-Boiled|p1a: Blissey
|-heal|p1a: Blissey|79/100 tox
|
|-damage|p1a: Blissey|66/100 tox|[from] psn
|upkeep
|turn|14
|
|t:|1760419674
|move|p2a: Fezandipiti|Poison Jab|p1a: Blissey
|-damage|p1a: Blissey|43/100 tox
|move|p1a: Blissey|Heal Bell|p1a: Blissey
|-activate|p1a: Blissey|move: Heal Bell
|-curestatus|p1a: Blissey|tox|[msg]
|-curestatus|p1: Alomomola|tox|[msg]
|
|upkeep
|turn|15
|
|t:|1760419684
|switch|p1a: Alomomola|Alomomola, F|52/100
|move|p2a: Fezandipiti|U-turn|p1a: Alomomola
|-damage|p1a: Alomomola|44/100
|
|t:|1760419690
|switch|p2a: Sinistcha|Sinistcha|95/100|[from] U-turn
|
|upkeep
|turn|16
|
|t:|1760419697
|move|p2a: Sinistcha|Matcha Gotcha|p1a: Alomomola
|-supereffective|p1a: Alomomola
|-damage|p1a: Alomomola|0 fnt
|-heal|p2a: Sinistcha|100/100|[from] drain|[of] p1a: Alomomola
|faint|p1a: Alomomola
|
|upkeep
|
|t:|1760419704
|switch|p1a: Hatterene|Hatterene, F|100/100
|turn|17
|
|t:|1760419711
|move|p2a: Sinistcha|Matcha Gotcha|p1a: Hatterene|[miss]
|-miss|p2a: Sinistcha|p1a: Hatterene
|move|p1a: Hatterene|Calm Mind|p1a: Hatterene
|-boost|p1a: Hatterene|spa|1
|-boost|p1a: Hatterene|spd|1
|
|upkeep
|turn|18
|
|t:|1760419719
|move|p2a: Sinistcha|Matcha Gotcha|p1a: Hatterene
|-damage|p1a: Hatterene|78/100
|move|p1a: Hatterene|Mystical Fire|p2a: Sinistcha
|-supereffective|p2a: Sinistcha
|-damage|p2a: Sinistcha|47/100
|-unboost|p2a: Sinistcha|spa|1
|
|-heal|p1a: Hatterene|84/100|[from] item: Leftovers
|upkeep
|turn|19
|
|t:|1760419731
|move|p2a: Sinistcha|Matcha Gotcha|p1a: Hatterene
|-damage|p1a: Hatterene|68/100
|-heal|p2a: Sinistcha|57/100|[from] drain|[of] p1a: Hatterene
|move|p1a: Hatterene|Psyshock|p2a: Sinistcha
|-damage|p2a: Sinistcha|0 fnt
|faint|p2a: Sinistcha
|
|-heal|p1a: Hatterene|74/100|[from] item: Leftovers
|upkeep
|
|t:|1760419744
|switch|p2a: Fezandipiti|Fezandipiti, M|95/100
|turn|20
|
|t:|1760419748
|-terastallize|p1a: Hatterene|Steel
|move|p2a: Fezandipiti|Poison Jab|p1a: Hatterene
|-immune|p1a: Hatterene
|move|p1a: Hatterene|Psyshock|p2a: Fezandipiti
|-supereffective|p2a: Fezandipiti
|-damage|p2a: Fezandipiti|0 fnt
|faint|p2a: Fezandipiti
|
|-heal|p1a: Hatterene|80/100|[from] item: Leftovers
|upkeep
|
|t:|1760419753
|switch|p2a: Great Tusk|Great Tusk|100/100
|turn|21
|
|t:|1760419765
|move|p2a: Great Tusk|Headlong Rush|p1a: Hatterene
|-supereffective|p1a: Hatterene
|-damage|p1a: Hatterene|0 fnt
|-unboost|p2a: Great Tusk|def|1
|-unboost|p2a: Great Tusk|spd|1
|faint|p1a: Hatterene
|
|upkeep
|
|t:|1760419771
|switch|p1a: Slowbro|Slowbro, F|35/100
|turn|22
|
|t:|1760419778
|switch|p1a: Slowking|Slowking, F|100/100
|move|p2a: Great Tusk|Knock Off|p1a: Slowking
|-supereffective|p1a: Slowking
|-damage|p1a: Slowking|27/100
|-enditem|p1a: Slowking|Heavy-Duty Boots|[from] move: Knock Off|[of] p2a: Great Tusk
|
|upkeep
|turn|23
|
|t:|1760419785
|move|p2a: Great Tusk|Knock Off|p1a: Slowking
|-supereffective|p1a: Slowking
|-damage|p1a: Slowking|0 fnt
|faint|p1a: Slowking
|
|upkeep
|
|t:|1760419789
|switch|p1a: Slowbro|Slowbro, F|68/100
|turn|24
|
|t:|1760419793
|move|p2a: Great Tusk|Knock Off|p1a: Slowbro
|-supereffective|p1a: Slowbro
|-damage|p1a: Slowbro|25/100
|-enditem|p1a: Slowbro|Choice Specs|[from] move: Knock Off|[of] p2a: Great Tusk
|move|p1a: Slowbro|Scald|p2a: Great Tusk
|-supereffective|p2a: Great Tusk
|-crit|p2a: Great Tusk
|-damage|p2a: Great Tusk|0 fnt
|faint|p2a: Great Tusk
|-end|p2a: Great Tusk|Protosynthesis|[silent]
|
|upkeep
|
|t:|1760419804
|switch|p2a: Moltres|Moltres-Galar|100/100
|turn|25
|
|t:|1760419807
|switch|p1a: Blissey|Blissey, F|43/100
|move|p2a: Moltres|Nasty Plot|p2a: Moltres
|-boost|p2a: Moltres|spa|2
|
|upkeep
|turn|26
|
|t:|1760419814
|move|p2a: Moltres|Hurricane|p1a: Blissey|[miss]
|-miss|p2a: Moltres|p1a: Blissey
|move|p1a: Blissey|Soft-Boiled|p1a: Blissey
|-heal|p1a: Blissey|93/100
|
|upkeep
|turn|27
|
|t:|1760419821
|move|p2a: Moltres|Nasty Plot|p2a: Moltres
|-boost|p2a: Moltres|spa|2
|move|p1a: Blissey|Seismic Toss|p2a: Moltres
|-damage|p2a: Moltres|74/100
|
|upkeep
|turn|28
|
|t:|1760419828
|move|p2a: Moltres|Nasty Plot|p2a: Moltres
|-boost|p2a: Moltres|spa|2
|move|p1a: Blissey|Seismic Toss|p2a: Moltres
|-damage|p2a: Moltres|48/100
|
|upkeep
|turn|29
|
|t:|1760419836
|move|p2a: Moltres|Pain Split|p1a: Blissey
|-sethp|p1a: Blissey|60/100|[from] move: Pain Split|[silent]
|-sethp|p2a: Moltres|100/100|[from] move: Pain Split
|move|p1a: Blissey|Seismic Toss|p2a: Moltres
|-damage|p2a: Moltres|74/100
|
|upkeep
|turn|30
|
|t:|1760419844
|move|p2a: Moltres|Fiery Wrath|p1a: Blissey
|-damage|p1a: Blissey|10/100
|cant|p1a: Blissey|flinch
|
|upkeep
|turn|31
|
|t:|1760419850
|move|p2a: Moltres|Fiery Wrath|p1a: Blissey
|-damage|p1a: Blissey|0 fnt
|faint|p1a: Blissey
|
|upkeep
|
|t:|1760419861
|switch|p1a: Slowbro|Slowbro, F|58/100
|turn|32
|
|t:|1760419864
|move|p2a: Moltres|Fiery Wrath|p1a: Slowbro
|-supereffective|p1a: Slowbro
|-damage|p1a: Slowbro|0 fnt
|faint|p1a: Slowbro
|
|win|Asrzzz
|raw|douadyrabbit's rating: 1180 &rarr; <strong>1154</strong><br />(-26 for losing)
|raw|Asrzzz's rating: 1160 &rarr; <strong>1186</strong><br />(+26 for winning)
|l|☆douadyrabbit
|player|p1|
