|j|☆Swayn
|j|☆papaostias_20
|t:|1760432364
|gametype|singles
|player|p1|Swayn|kimonogirl|1142
|player|p2|papaostias_20|swimmerf-gen4dp|1098
|gen|9
|tier|[Gen 9] OU
|rated|
|rule|HP Percentage Mod: HP is shown in percentages
|rule|Endless Battle Clause: Forcing endless battles is banned
|rule|Species Clause: Limit one of each Pokémon
|rule|OHKO Clause: OHKO moves are banned
|rule|Evasion Items Clause: Evasion items are banned
|rule|Evasion Moves Clause: Evasion moves are banned
|rule|Evasion Abilities Clause: Evasion abilities are banned
|rule|Sleep Moves Clause: Sleep-inducing moves are banned
|clearpoke
|poke|p1|Gardevoir, F|
|poke|p1|Milotic, F|
|poke|p1|Infernape, M|
|poke|p1|Garchomp, F|
|poke|p1|Gengar, M|
|poke|p1|Gliscor, M|
|poke|p2|Corviknight, F|
|poke|p2|Typhlosion, M|
|poke|p2|Serperior, F|
|poke|p2|Galvantula, F|
|poke|p2|Garganacl, F|
|poke|p2|Milotic, M|
|teampreview
|inactive|Battle timer is ON: inactive players will automatically lose when time's up. (requested by Swayn)
|
|t:|1760432382
|teamsize|p1|6
|teamsize|p2|6
|start
|switch|p1a: Milotic|Milotic, F|100/100
|switch|p2a: Garganacl|Garganacl, F, shiny|100/100
|turn|1
|
|t:|1760432390
|switch|p2a: Galvantula|Galvantula, F, shiny|100/100
|move|p1a: Milotic|Hydro Pump|p2a: Galvantula
|-damage|p2a: Galvantula|28/100
|
|upkeep
|turn|2
|
|t:|1760432398
|switch|p1a: Gliscor|Gliscor, M|100/100
|move|p2a: Galvantula|Sticky Web|p1a: Gliscor
|-sidestart|p1: Swayn|move: Sticky Web
|
|-status|p1a: Gliscor|tox|[from] item: Toxic Orb
|upkeep
|turn|3
|
|t:|1760432414
|switch|p2a: Milotic|Milotic, M, shiny|100/100
|move|p1a: Gliscor|Acrobatics|p2a: Milotic
|-damage|p2a: Milotic|87/100
|-damage|p1a: Gliscor|84/100 tox|[from] item: Rocky Helmet|[of] p2a: Milotic
|
|-heal|p1a: Gliscor|96/100 tox|[from] ability: Poison Heal
|upkeep
|turn|4
|
|t:|1760432429
|move|p1a: Gliscor|Toxic|p2a: Milotic|[miss]
|-miss|p1a: Gliscor|p2a: Milotic
|move|p2a: Milotic|Scald|p1a: Gliscor
|-supereffective|p1a: Gliscor
|-damage|p1a: Gliscor|39/100 tox
|
|-heal|p1a: Gliscor|52/100 tox|[from] ability: Poison Heal
|upkeep
|turn|5
|
|t:|1760432437
|move|p1a: Gliscor|Toxic|p2a: Milotic
|-status|p2a: Milotic|tox
|move|p2a: Milotic|Ice Beam|p1a: Gliscor
|-supereffective|p1a: Gliscor
|-damage|p1a: Gliscor|0 fnt
|faint|p1a: Gliscor
|
|-damage|p2a: Milotic|81/100 tox|[from] psn
|upkeep
|
|t:|1760432446
|switch|p1a: Milotic|Milotic, F|100/100
|-activate|p1a: Milotic|move: Sticky Web
|-unboost|p1a: Milotic|spe|1
|turn|6
|
|t:|1760432457
|switch|p2a: Serperior|Serperior, F|100/100
|move|p1a: Milotic|Alluring Voice|p2a: Serperior
|-damage|p2a: Serperior|74/100
|
|upkeep
|turn|7
|
|t:|1760432469
|-terastallize|p1a: Milotic|Fairy
|move|p2a: Serperior|Leaf Storm|p1a: Milotic|[miss]
|-miss|p2a: Serperior|p1a: Milotic
|move|p1a: Milotic|Ice Beam|p2a: Serperior
|-supereffective|p2a: Serperior
|-damage|p2a: Serperior|20/100
|
|upkeep
|turn|8
|
|t:|1760432477
|switch|p2a: Corviknight|Corviknight, F, shiny|100/100
|-ability|p2a: Corviknight|Pressure
|move|p1a: Milotic|Hydro Pump|p2a: Corviknight
|-damage|p2a: Corviknight|57/100
|
|-heal|p2a: Corviknight|64/100|[from] item: Leftovers
|upkeep
|turn|9
|
|t:|1760432490
|switch|p1a: Garchomp|Garchomp, F|100/100
|-activate|p1a: Garchomp|move: Sticky Web
|-unboost|p1a: Garchomp|spe|1
|move|p2a: Corviknight|Iron Head|p1a: Garchomp
|-damage|p1a: Garchomp|70/100
|-damage|p2a: Corviknight|51/100|[from] ability: Rough Skin|[of] p1a: Garchomp
|-damage|p2a: Corviknight|35/100|[from] item: Rocky Helmet|[of] p1a: Garchomp
|
|-heal|p2a: Corviknight|41/100|[from] item: Leftovers
|upkeep
|turn|10
|
|t:|1760432507
|move|p1a: Garchomp|Swords Dance|p1a: Garchomp
|-boost|p1a: Garchomp|atk|2
|move|p2a: Corviknight|U-turn|p1a: Garchomp
|-damage|p1a: Garchomp|52/100
|-damage|p2a: Corviknight|28/100|[from] ability: Rough Skin|[of] p1a: Garchomp
|-damage|p2a: Corviknight|12/100|[from] item: Rocky Helmet|[of] p1a: Garchomp
|
|t:|1760432516
|switch|p2a: Milotic|Milotic, M, shiny|81/100 tox|[from] U-turn
|
|-damage|p2a: Milotic|75/100 tox|[from] psn
|upkeep
|turn|11
|
|t:|1760432524
|switch|p1a: Milotic|Milotic, F, tera:Fairy|100/100
|-activate|p1a: Milotic|move: Sticky Web
|-unboost|p1a: Milotic|spe|1
|move|p2a: Milotic|Ice Beam|p1a: Milotic
|-damage|p1a: Milotic|87/100
|
|-heal|p1a: Milotic|94/100|[from] item: Leftovers
|-damage|p2a: Milotic|63/100 tox|[from] psn
|upkeep
|turn|12
|
|t:|1760432535
|move|p2a: Milotic|Scald|p1a: Milotic
|-damage|p1a: Milotic|76/100
|move|p1a: Milotic|Hydro Pump|p2a: Milotic
|-resisted|p2a: Milotic
|-damage|p2a: Milotic|46/100 tox
|
|-heal|p1a: Milotic|83/100|[from] item: Leftovers
|-damage|p2a: Milotic|28/100 tox|[from] psn
|upkeep
|turn|13
|
|t:|1760432546
|move|p2a: Milotic|Scald|p1a: Milotic
|-damage|p1a: Milotic|64/100
|move|p1a: Milotic|Recover|p1a: Milotic
|-heal|p1a: Milotic|100/100
|
|-damage|p2a: Milotic|4/100 tox|[from] psn
|upkeep
|turn|14
|
|t:|1760432554
|move|p2a: Milotic|Scald|p1a: Milotic
|-damage|p1a: Milotic|82/100
|move|p1a: Milotic|Ice Beam|p2a: Milotic
|-resisted|p2a: Milotic
|-damage|p2a: Milotic|0 fnt
|faint|p2a: Milotic
|
|-heal|p1a: Milotic|88/100|[from] item: Leftovers
|upkeep
|
|t:|1760432561
|switch|p2a: Corviknight|Corviknight, F, shiny|12/100
|-ability|p2a: Corviknight|Pressure
|turn|15
|
|t:|1760432569
|move|p2a: Corviknight|Iron Head|p1a: Milotic
|-supereffective|p1a: Milotic
|-damage|p1a: Milotic|10/100
|move|p1a: Milotic|Hydro Pump|p2a: Corviknight
|-damage|p2a: Corviknight|0 fnt
|faint|p2a: Corviknight
|
|-heal|p1a: Milotic|16/100|[from] item: Leftovers
|upkeep
|
|t:|1760432584
|switch|p2a: Serperior|Serperior, F|20/100
|turn|16
|
|t:|1760432608
|move|p2a: Serperior|Leaf Storm|p1a: Milotic
|-damage|p1a: Milotic|0 fnt
|-boost|p2a: Serperior|spa|2
|faint|p1a: Milotic
|-damage|p2a: Serperior|10/100|[from] item: Life Orb
|
|upkeep
|inactive|Swayn has 120 seconds left.
|
|t:|1760432624
|switch|p1a: Gengar|Gengar, M|100/100
|-activate|p1a: Gengar|move: Sticky Web
|-unboost|p1a: Gengar|spe|1
|turn|17
|
|t:|1760432636
|-terastallize|p2a: Serperior|Rock
|move|p2a: Serperior|Synthesis|p2a: Serperior
|-heal|p2a: Serperior|60/100
|move|p1a: Gengar|Shadow Ball|p2a: Serperior
|-damage|p2a: Serperior|0 fnt
|faint|p2a: Serperior
|-damage|p1a: Gengar|91/100|[from] item: Life Orb
|
|upkeep
|
|t:|1760432644
|switch|p2a: Typhlosion|Typhlosion, M|100/100
|turn|18
|
|t:|1760432658
|move|p2a: Typhlosion|Eruption|p1a: Gengar
|-damage|p1a: Gengar|0 fnt
|-start|p2a: Typhlosion|Disable|Eruption|[from] ability: Cursed Body|[of] p1a: Gengar
|faint|p1a: Gengar
|
|upkeep
|
|t:|1760432665
|switch|p1a: Garchomp|Garchomp, F|52/100
|-activate|p1a: Garchomp|move: Sticky Web
|-unboost|p1a: Garchomp|spe|1
|turn|19
|
|t:|1760432670
|switch|p2a: Garganacl|Garganacl, F, shiny|100/100
|move|p1a: Garchomp|Earthquake|p2a: Garganacl
|-supereffective|p2a: Garganacl
|-damage|p2a: Garganacl|46/100
|
|-heal|p2a: Garganacl|52/100|[from] item: Leftovers
|upkeep
|turn|20
|
|t:|1760432686
|move|p1a: Garchomp|Earthquake|p2a: Garganacl
|-supereffective|p2a: Garganacl
|-damage|p2a: Garganacl|0 fnt
|faint|p2a: Garganacl
|
|upkeep
|
|t:|1760432691
|switch|p2a: Galvantula|Galvantula, F, shiny|28/100
|turn|21
|inactive|Swayn has 120 seconds left.
|
|t:|1760432726
|move|p2a: Galvantula|Bug Buzz|p1a: Garchomp
|-damage|p1a: Garchomp|14/100
|move|p1a: Garchomp|Poison Jab|p2a: Galvantula
|-damage|p2a: Galvantula|0 fnt
|faint|p2a: Galvantula
|
|upkeep
|
|t:|1760432732
|switch|p2a: Typhlosion|Typhlosion, M|100/100
|turn|22
|
|t:|1760432744
|move|p2a: Typhlosion|Eruption|p1a: Garchomp
|-resisted|p1a: Garchomp
|-damage|p1a: Garchomp|0 fnt
|faint|p1a: Garchomp
|
|upkeep
|
|t:|1760432753
|switch|p1a: Gardevoir|Gardevoir, F, shiny|100/100
|-activate|p1a: Gardevoir|move: Sticky Web
|-unboost|p1a: Gardevoir|spe|1
|turn|23
|
|t:|1760432757
|move|p2a: Typhlosion|Eruption|p1a: Gardevoir
|-damage|p1a: Gardevoir|31/100
|move|p1a: Gardevoir|Thunder Wave|p2a: Typhlosion
|-status|p2a: Typhlosion|par
|
|upkeep
|turn|24
|inactive|Swayn has 120 seconds left.
|
|t:|1760432793
|move|p2a: Typhlosion|Eruption|p1a: Gardevoir
|-damage|p1a: Gardevoir|0 fnt
|faint|p1a: Gardevoir
|
|upkeep
|
|t:|1760432797
|switch|p1a: Infernape|Infernape, M|100/100
|-activate|p1a: Infernape|move: Sticky Web
|-unboost|p1a: Infernape|spe|1
|turn|25
|
|t:|1760432803
|move|p2a: Typhlosion|Eruption|p1a: Infernape
|-resisted|p1a: Infernape
|-damage|p1a: Infernape|46/100
|move|p1a: Infernape|Drain Punch|p2a: Typhlosion
|-damage|p2a: Typhlosion|53/100 par
|-heal|p1a: Infernape|70/100|[from] drain|[of] p2a: Typhlosion
|
|upkeep
|turn|26
|inactive|Swayn has 120 seconds left.
|
|t:|1760432819
|move|p2a: Typhlosion|Eruption|p1a: Infernape
|-resisted|p1a: Infernape
|-damage|p1a: Infernape|43/100
|move|p1a: Infernape|Drain Punch|p2a: Typhlosion
|-damage|p2a: Typhlosion|0 fnt
|-heal|p1a: Infernape|69/100|[from] drain|[of] p2a: Typhlosion
|faint|p2a: Typhlosion
|
|win|Swayn
|raw|Swayn's rating: 1142 &rarr; <strong>1164</strong><br />(+22 for winning)
|raw|papaostias_20's rating: 1098 &rarr; <strong>1076</strong><br />(-22 for losing)
|l|☆papaostias_20
|player|p2|
|l|☆Swayn
|player|p1|
