|j|☆AthenaSux
|j|☆Laughable
|t:|1760452914
|gametype|singles
|player|p1|AthenaSux|2|1546
|player|p2|Laughable|tuber|1615
|gen|9
|tier|[Gen 9] OU
|rated|
|rule|HP Percentage Mod: HP is shown in percentages
|rule|Endless Battle Clause: Forcing endless battles is banned
|rule|Species Clause: Limit one of each Pokémon
|rule|OHKO Clause: OHKO moves are banned
|rule|Evasion Items Clause: Evasion items are banned
|rule|Evasion Moves Clause: Evasion moves are banned
|rule|Evasion Abilities Clause: Evasion abilities are banned
|rule|Sleep Moves Clause: Sleep-inducing moves are banned
|clearpoke
|poke|p1|Pecharunt|
|poke|p1|Great Tusk|
|poke|p1|Ogerpon-Wellspring, F|
|poke|p1|Iron Crown|
|poke|p1|Landorus-Therian, M|
|poke|p1|Samurott-Hisui, F|
|poke|p2|Dragapult, M|
|poke|p2|Gliscor, F|
|poke|p2|Milotic, F|
|poke|p2|Skeledirge, F|
|poke|p2|Weezing-Galar, F|
|poke|p2|Mandibuzz, F|
|teampreview
|
|t:|1760452924
|teamsize|p1|6
|teamsize|p2|6
|start
|switch|p1a: Samurott|Samurott-Hisui, F|100/100
|switch|p2a: Weezing|Weezing-Galar, F|100/100
|-ability|p2a: Weezing|Neutralizing Gas
|turn|1
|
|t:|1760452932
|move|p1a: Samurott|Flip Turn|p2a: Weezing
|-damage|p2a: Weezing|81/100
|
|t:|1760452940
|switch|p1a: Iron Crown|Iron Crown|100/100|[from] Flip Turn
|move|p2a: Weezing|Will-O-Wisp|p1a: Iron Crown
|-status|p1a: Iron Crown|brn
|
|-heal|p2a: Weezing|87/100|[from] item: Leftovers
|-damage|p1a: Iron Crown|94/100 brn|[from] brn
|upkeep
|turn|2
|inactive|Battle timer is ON: inactive players will automatically lose when time's up. (requested by Laughable)
|
|t:|1760452946
|-end|p2a: Weezing|ability: Neutralizing Gas
|switch|p2a: Milotic|Milotic, F, shiny|100/100
|move|p1a: Iron Crown|Tachyon Cutter|p2a: Milotic
|-resisted|p2a: Milotic
|-damage|p2a: Milotic|90/100
|-resisted|p2a: Milotic
|-damage|p2a: Milotic|79/100
|-hitcount|p2a: Milotic|2
|
|-damage|p1a: Iron Crown|88/100 brn|[from] brn
|upkeep
|turn|3
|
|t:|1760452951
|-end|p1a: Iron Crown|Quark Drive|[silent]
|switch|p1a: Ogerpon|Ogerpon-Wellspring, F|100/100
|move|p2a: Milotic|Mirror Coat||[still]
|-fail|p2a: Milotic
|
|upkeep
|turn|4
|
|t:|1760452957
|switch|p1a: Iron Crown|Iron Crown|88/100 brn
|switch|p2a: Weezing|Weezing-Galar, F|87/100
|-ability|p2a: Weezing|Neutralizing Gas
|
|-heal|p2a: Weezing|93/100|[from] item: Leftovers
|-damage|p1a: Iron Crown|82/100 brn|[from] brn
|upkeep
|turn|5
|
|t:|1760452959
|-end|p2a: Weezing|ability: Neutralizing Gas
|switch|p2a: Milotic|Milotic, F, shiny|79/100
|move|p1a: Iron Crown|Volt Switch|p2a: Milotic
|-supereffective|p2a: Milotic
|-damage|p2a: Milotic|37/100
|
|t:|1760452972
|-end|p1a: Iron Crown|Quark Drive|[silent]
|switch|p1a: Ogerpon|Ogerpon-Wellspring, F|100/100|[from] Volt Switch
|
|upkeep
|turn|6
|
|t:|1760452975
|switch|p2a: Weezing|Weezing-Galar, F|93/100
|-ability|p2a: Weezing|Neutralizing Gas
|move|p1a: Ogerpon|Ivy Cudgel|p2a: Weezing|[anim] Ivy Cudgel Water
|-crit|p2a: Weezing
|-damage|p2a: Weezing|40/100
|
|-heal|p2a: Weezing|46/100|[from] item: Leftovers
|upkeep
|turn|7
|
|t:|1760452983
|switch|p1a: Iron Crown|Iron Crown|82/100 brn
|move|p2a: Weezing|Pain Split|p1a: Iron Crown
|-sethp|p1a: Iron Crown|65/100 brn|[from] move: Pain Split|[silent]
|-sethp|p2a: Weezing|62/100|[from] move: Pain Split
|
|-heal|p2a: Weezing|68/100|[from] item: Leftovers
|-damage|p1a: Iron Crown|58/100 brn|[from] brn
|upkeep
|turn|8
|
|t:|1760452990
|-end|p2a: Weezing|ability: Neutralizing Gas
|switch|p2a: Gliscor|Gliscor, F|100/100
|move|p1a: Iron Crown|Psyshock|p2a: Gliscor
|-damage|p2a: Gliscor|53/100
|
|-damage|p1a: Iron Crown|52/100 brn|[from] brn
|-status|p2a: Gliscor|tox|[from] item: Toxic Orb
|upkeep
|turn|9
|
|t:|1760452997
|-end|p1a: Iron Crown|Quark Drive|[silent]
|switch|p1a: Samurott|Samurott-Hisui, F|100/100
|move|p2a: Gliscor|Spikes|p1a: Samurott
|-sidestart|p1: AthenaSux|Spikes
|
|-heal|p2a: Gliscor|66/100 tox|[from] ability: Poison Heal
|upkeep
|turn|10
|
|t:|1760453000
|switch|p2a: Weezing|Weezing-Galar, F|68/100
|-ability|p2a: Weezing|Neutralizing Gas
|move|p1a: Samurott|Ceaseless Edge|p2a: Weezing
|-resisted|p2a: Weezing
|-damage|p2a: Weezing|58/100
|-sidestart|p2: Laughable|Spikes
|
|-heal|p2a: Weezing|64/100|[from] item: Leftovers
|upkeep
|turn|11
|
|t:|1760453008
|move|p1a: Samurott|Flip Turn|p2a: Weezing
|-damage|p2a: Weezing|43/100
|
|t:|1760453011
|switch|p1a: Iron Crown|Iron Crown|52/100 brn|[from] Flip Turn
|-damage|p1a: Iron Crown|40/100 brn|[from] Spikes
|move|p2a: Weezing|Defog|p1a: Iron Crown
|-unboost|p1a: Iron Crown|evasion|1
|-sideend|p1: AthenaSux|Spikes|[from] move: Defog|[of] p2a: Weezing
|-sideend|p2: Laughable|Spikes|[from] move: Defog|[of] p2a: Weezing
|
|-heal|p2a: Weezing|49/100|[from] item: Leftovers
|-damage|p1a: Iron Crown|34/100 brn|[from] brn
|upkeep
|turn|12
|
|t:|1760453021
|-end|p2a: Weezing|ability: Neutralizing Gas
|switch|p2a: Mandibuzz|Mandibuzz, F|100/100
|move|p1a: Iron Crown|Psyshock|p2a: Mandibuzz
|-immune|p2a: Mandibuzz
|
|-damage|p1a: Iron Crown|27/100 brn|[from] brn
|upkeep
|turn|13
|
|t:|1760453030
|-end|p1a: Iron Crown|Quark Drive|[silent]
|switch|p1a: Landorus|Landorus-Therian, M|100/100
|-ability|p1a: Landorus|Intimidate|boost
|-unboost|p2a: Mandibuzz|atk|1
|switch|p2a: Dragapult|Dragapult, M|100/100
|
|upkeep
|turn|14
|
|t:|1760453033
|move|p1a: Landorus|Earthquake|p2a: Dragapult
|-damage|p2a: Dragapult|17/100
|move|p2a: Dragapult|Draco Meteor|p1a: Landorus
|-damage|p1a: Landorus|0 fnt
|-unboost|p2a: Dragapult|spa|2
|faint|p1a: Landorus
|
|upkeep
|
|t:|1760453041
|switch|p1a: Ogerpon|Ogerpon-Wellspring, F|100/100
|turn|15
|
|t:|1760453046
|switch|p2a: Mandibuzz|Mandibuzz, F|100/100
|move|p1a: Ogerpon|Swords Dance|p1a: Ogerpon
|-boost|p1a: Ogerpon|atk|2
|
|upkeep
|turn|16
|
|t:|1760453050
|-terastallize|p1a: Ogerpon|Water
|detailschange|p1a: Ogerpon|Ogerpon-Wellspring-Tera, F, tera:Water
|-ability|p1a: Ogerpon|Embody Aspect (Wellspring)|boost
|-boost|p1a: Ogerpon|spd|1
|move|p1a: Ogerpon|Ivy Cudgel|p2a: Mandibuzz|[anim] Ivy Cudgel Water
|-crit|p2a: Mandibuzz
|-damage|p2a: Mandibuzz|0 fnt
|faint|p2a: Mandibuzz
|
|upkeep
|
|t:|1760453062
|switch|p2a: Dragapult|Dragapult, M|17/100
|turn|17
|
|t:|1760453064
|move|p2a: Dragapult|Draco Meteor|p1a: Ogerpon|[miss]
|-miss|p2a: Dragapult|p1a: Ogerpon
|move|p1a: Ogerpon|Trailblaze|p2a: Dragapult
|-resisted|p2a: Dragapult
|-damage|p2a: Dragapult|0 fnt
|-boost|p1a: Ogerpon|spe|1
|faint|p2a: Dragapult
|
|upkeep
|c|☆Laughable|gg
|
|t:|1760453076
|switch|p2a: Skeledirge|Skeledirge, F|100/100
|turn|18
|
|t:|1760453078
|-terastallize|p2a: Skeledirge|Water
|move|p1a: Ogerpon|Ivy Cudgel|p2a: Skeledirge|[anim] Ivy Cudgel Water
|-resisted|p2a: Skeledirge
|-damage|p2a: Skeledirge|70/100
|move|p2a: Skeledirge|Will-O-Wisp|p1a: Ogerpon
|-status|p1a: Ogerpon|brn
|
|-damage|p1a: Ogerpon|94/100 brn|[from] brn
|upkeep
|turn|19
|
|t:|1760453082
|move|p1a: Ogerpon|Swords Dance|p1a: Ogerpon
|-boost|p1a: Ogerpon|atk|2
|move|p2a: Skeledirge|Slack Off|p2a: Skeledirge
|-heal|p2a: Skeledirge|100/100
|
|-damage|p1a: Ogerpon|88/100 brn|[from] brn
|upkeep
|turn|20
|
|t:|1760453085
|move|p1a: Ogerpon|Swords Dance|p1a: Ogerpon
|-boost|p1a: Ogerpon|atk|2
|move|p2a: Skeledirge|Torch Song|p1a: Ogerpon
|-resisted|p1a: Ogerpon
|-crit|p1a: Ogerpon
|-damage|p1a: Ogerpon|65/100 brn
|-boost|p2a: Skeledirge|spa|1
|
|-damage|p1a: Ogerpon|59/100 brn|[from] brn
|upkeep
|turn|21
|
|t:|1760453095
|move|p1a: Ogerpon|Synthesis|p1a: Ogerpon
|-heal|p1a: Ogerpon|100/100 brn
|move|p2a: Skeledirge|Hex|p1a: Ogerpon
|-damage|p1a: Ogerpon|30/100 brn
|
|-damage|p1a: Ogerpon|24/100 brn|[from] brn
|upkeep
|turn|22
|
|t:|1760453098
|move|p1a: Ogerpon|Trailblaze|p2a: Skeledirge
|-supereffective|p2a: Skeledirge
|-damage|p2a: Skeledirge|77/100
|-boost|p1a: Ogerpon|spe|1
|move|p2a: Skeledirge|Torch Song|p1a: Ogerpon
|-resisted|p1a: Ogerpon
|-damage|p1a: Ogerpon|0 fnt
|-boost|p2a: Skeledirge|spa|1
|faint|p1a: Ogerpon
|detailschange|p1: Ogerpon|Ogerpon-Wellspring, F|[silent]
|
|upkeep
|
|t:|1760453104
|switch|p1a: Iron Crown|Iron Crown|27/100 brn
|turn|23
|
|t:|1760453113
|move|p1a: Iron Crown|Volt Switch|p2a: Skeledirge
|-supereffective|p2a: Skeledirge
|-damage|p2a: Skeledirge|18/100
|
|t:|1760453117
|-end|p1a: Iron Crown|Quark Drive|[silent]
|switch|p1a: Samurott|Samurott-Hisui, F|100/100|[from] Volt Switch
|move|p2a: Skeledirge|Torch Song|p1a: Samurott
|-resisted|p1a: Samurott
|-damage|p1a: Samurott|72/100
|-boost|p2a: Skeledirge|spa|1
|
|upkeep
|turn|24
|
|t:|1760453131
|switch|p2a: Weezing|Weezing-Galar, F|49/100
|-ability|p2a: Weezing|Neutralizing Gas
|move|p1a: Samurott|Ceaseless Edge|p2a: Weezing
|-resisted|p2a: Weezing
|-damage|p2a: Weezing|38/100
|-sidestart|p2: Laughable|Spikes
|
|-heal|p2a: Weezing|44/100|[from] item: Leftovers
|upkeep
|turn|25
|
|t:|1760453137
|move|p1a: Samurott|Flip Turn|p2a: Weezing
|-damage|p2a: Weezing|25/100
|
|t:|1760453139
|switch|p1a: Great Tusk|Great Tusk|100/100|[from] Flip Turn
|move|p2a: Weezing|Sludge Bomb|p1a: Great Tusk
|-resisted|p1a: Great Tusk
|-damage|p1a: Great Tusk|82/100
|
|-heal|p2a: Weezing|31/100|[from] item: Leftovers
|upkeep
|turn|26
|
|t:|1760453145
|move|p1a: Great Tusk|Stealth Rock|p2a: Weezing
|-sidestart|p2: Laughable|move: Stealth Rock
|move|p2a: Weezing|Pain Split|p1a: Great Tusk
|-sethp|p1a: Great Tusk|53/100|[from] move: Pain Split|[silent]
|-sethp|p2a: Weezing|69/100|[from] move: Pain Split
|
|-heal|p2a: Weezing|75/100|[from] item: Leftovers
|upkeep
|turn|27
|
|t:|1760453148
|move|p1a: Great Tusk|Headlong Rush|p2a: Weezing
|-supereffective|p2a: Weezing
|-damage|p2a: Weezing|6/100
|-unboost|p1a: Great Tusk|def|1
|-unboost|p1a: Great Tusk|spd|1
|move|p2a: Weezing|Defog|p1a: Great Tusk
|-unboost|p1a: Great Tusk|evasion|1
|-sideend|p2: Laughable|Spikes|[from] move: Defog|[of] p2a: Weezing
|-sideend|p2: Laughable|Stealth Rock|[from] move: Defog|[of] p2a: Weezing
|
|-heal|p2a: Weezing|12/100|[from] item: Leftovers
|upkeep
|turn|28
|
|t:|1760453153
|-end|p2a: Weezing|ability: Neutralizing Gas
|switch|p2a: Gliscor|Gliscor, F|66/100 tox
|-enditem|p1a: Great Tusk|Booster Energy
|-activate|p1a: Great Tusk|ability: Protosynthesis|[fromitem]
|-start|p1a: Great Tusk|protosynthesisspe
|move|p1a: Great Tusk|Knock Off|p2a: Gliscor
|-damage|p2a: Gliscor|42/100 tox
|-enditem|p2a: Gliscor|Toxic Orb|[from] move: Knock Off|[of] p1a: Great Tusk
|
|-heal|p2a: Gliscor|54/100 tox|[from] ability: Poison Heal
|upkeep
|turn|29
|
|t:|1760453156
|move|p2a: Gliscor|Protect|p2a: Gliscor
|-singleturn|p2a: Gliscor|Protect
|move|p1a: Great Tusk|Stealth Rock|p2a: Gliscor
|-sidestart|p2: Laughable|move: Stealth Rock
|
|-heal|p2a: Gliscor|67/100 tox|[from] ability: Poison Heal
|upkeep
|turn|30
|
|t:|1760453159
|-end|p1a: Great Tusk|Protosynthesis|[silent]
|switch|p1a: Samurott|Samurott-Hisui, F|72/100
|move|p2a: Gliscor|Toxic|p1a: Samurott
|-status|p1a: Samurott|tox
|
|-damage|p1a: Samurott|66/100 tox|[from] psn
|-heal|p2a: Gliscor|79/100 tox|[from] ability: Poison Heal
|upkeep
|turn|31
|
|t:|1760453162
|move|p2a: Gliscor|Protect|p2a: Gliscor
|-singleturn|p2a: Gliscor|Protect
|move|p1a: Samurott|Flip Turn|p2a: Gliscor
|-activate|p2a: Gliscor|move: Protect
|
|-damage|p1a: Samurott|53/100 tox|[from] psn
|-heal|p2a: Gliscor|92/100 tox|[from] ability: Poison Heal
|upkeep
|turn|32
|
|t:|1760453165
|move|p1a: Samurott|Flip Turn|p2a: Gliscor
|-supereffective|p2a: Gliscor
|-damage|p2a: Gliscor|39/100 tox
|
|t:|1760453168
|switch|p1a: Pecharunt|Pecharunt|100/100|[from] Flip Turn
|move|p2a: Gliscor|Spikes|p1a: Pecharunt
|-sidestart|p1: AthenaSux|Spikes
|
|-heal|p2a: Gliscor|51/100 tox|[from] ability: Poison Heal
|upkeep
|turn|33
|
|t:|1760453174
|switch|p1a: Samurott|Samurott-Hisui, F|53/100 tox
|-damage|p1a: Samurott|41/100 tox|[from] Spikes
|move|p2a: Gliscor|Protect||[still]
|-fail|p2a: Gliscor
|
|-damage|p1a: Samurott|34/100 tox|[from] psn
|-heal|p2a: Gliscor|64/100 tox|[from] ability: Poison Heal
|upkeep
|turn|34
|
|t:|1760453176
|move|p2a: Gliscor|Protect|p2a: Gliscor
|-singleturn|p2a: Gliscor|Protect
|move|p1a: Samurott|Flip Turn|p2a: Gliscor
|-activate|p2a: Gliscor|move: Protect
|
|-damage|p1a: Samurott|22/100 tox|[from] psn
|-heal|p2a: Gliscor|76/100 tox|[from] ability: Poison Heal
|upkeep
|turn|35
|
|t:|1760453182
|move|p1a: Samurott|Ceaseless Edge|p2a: Gliscor
|-damage|p2a: Gliscor|37/100 tox
|-sidestart|p2: Laughable|Spikes
|move|p2a: Gliscor|Spikes|p1a: Samurott
|-sidestart|p1: AthenaSux|Spikes
|
|-damage|p1a: Samurott|3/100 tox|[from] psn
|-heal|p2a: Gliscor|50/100 tox|[from] ability: Poison Heal
|upkeep
|turn|36
|
|t:|1760453190
|move|p2a: Gliscor|Protect|p2a: Gliscor
|-singleturn|p2a: Gliscor|Protect
|move|p1a: Samurott|Flip Turn|p2a: Gliscor
|-activate|p2a: Gliscor|move: Protect
|
|-damage|p1a: Samurott|0 fnt|[from] psn
|faint|p1a: Samurott
|-heal|p2a: Gliscor|62/100 tox|[from] ability: Poison Heal
|upkeep
|
|t:|1760453191
|switch|p1a: Great Tusk|Great Tusk|53/100
|-damage|p1a: Great Tusk|36/100|[from] Spikes
|turn|37
|
|t:|1760453195
|move|p1a: Great Tusk|Rapid Spin|p2a: Gliscor
|-damage|p2a: Gliscor|49/100 tox
|-boost|p1a: Great Tusk|spe|1
|-sideend|p1: AthenaSux|Spikes|[from] move: Rapid Spin|[of] p1a: Great Tusk
|move|p2a: Gliscor|Toxic|p1a: Great Tusk
|-status|p1a: Great Tusk|tox
|
|-damage|p1a: Great Tusk|30/100 tox|[from] psn
|-heal|p2a: Gliscor|62/100 tox|[from] ability: Poison Heal
|upkeep
|turn|38
|
|t:|1760453200
|-end|p1a: Great Tusk|Protosynthesis|[silent]
|switch|p1a: Iron Crown|Iron Crown|27/100 brn
|move|p2a: Gliscor|Spikes|p1a: Iron Crown
|-sidestart|p1: AthenaSux|Spikes
|
|-heal|p2a: Gliscor|74/100 tox|[from] ability: Poison Heal
|-damage|p1a: Iron Crown|21/100 brn|[from] brn
|upkeep
|turn|39
|
|t:|1760453206
|move|p2a: Gliscor|Protect|p2a: Gliscor
|-singleturn|p2a: Gliscor|Protect
|move|p1a: Iron Crown|Tachyon Cutter|p2a: Gliscor
|-activate|p2a: Gliscor|move: Protect
|
|-heal|p2a: Gliscor|87/100 tox|[from] ability: Poison Heal
|-damage|p1a: Iron Crown|15/100 brn|[from] brn
|upkeep
|turn|40
|
|t:|1760453212
|switch|p2a: Milotic|Milotic, F, shiny|37/100
|move|p1a: Iron Crown|Tachyon Cutter|p2a: Milotic
|-resisted|p2a: Milotic
|-damage|p2a: Milotic|25/100
|-resisted|p2a: Milotic
|-damage|p2a: Milotic|14/100
|-hitcount|p2a: Milotic|2
|
|-damage|p1a: Iron Crown|9/100 brn|[from] brn
|upkeep
|turn|41
|
|t:|1760453218
|move|p1a: Iron Crown|Tachyon Cutter|p2a: Milotic
|-resisted|p2a: Milotic
|-damage|p2a: Milotic|4/100
|-resisted|p2a: Milotic
|-damage|p2a: Milotic|0 fnt
|faint|p2a: Milotic
|-hitcount|p2: Milotic|2
|
|-damage|p1a: Iron Crown|2/100 brn|[from] brn
|upkeep
|
|t:|1760453227
|switch|p2a: Gliscor|Gliscor, F|87/100 tox
|-damage|p2a: Gliscor|74/100 tox|[from] Stealth Rock
|turn|42
|
|t:|1760453229
|move|p2a: Gliscor|Protect|p2a: Gliscor
|-singleturn|p2a: Gliscor|Protect
|move|p1a: Iron Crown|Tachyon Cutter|p2a: Gliscor
|-activate|p2a: Gliscor|move: Protect
|
|-heal|p2a: Gliscor|87/100 tox|[from] ability: Poison Heal
|-damage|p1a: Iron Crown|0 fnt|[from] brn
|faint|p1a: Iron Crown
|-end|p1a: Iron Crown|Quark Drive|[silent]
|upkeep
|-message|AthenaSux forfeited.
|
|win|Laughable
|raw|AthenaSux's rating: 1546 &rarr; <strong>1530</strong><br />(-16 for losing)
|raw|Laughable's rating: 1615 &rarr; <strong>1631</strong><br />(+16 for winning)
|l|☆AthenaSux
|player|p1|
|l|☆Laughable
|player|p2|
