|j|☆asapbunny
|j|‽gguestie
|t:|1760347709
|gametype|singles
|player|p1|asapbunny|1|1585
|player|p2|gguestie|1|1658
|gen|9
|tier|[Gen 9] OU
|rated|
|rule|HP Percentage Mod: HP is shown in percentages
|rule|Endless Battle Clause: Forcing endless battles is banned
|rule|Species Clause: Limit one of each Pokémon
|rule|OHKO Clause: OHKO moves are banned
|rule|Evasion Items Clause: Evasion items are banned
|rule|Evasion Moves Clause: Evasion moves are banned
|rule|Evasion Abilities Clause: Evasion abilities are banned
|rule|Sleep Moves Clause: Sleep-inducing moves are banned
|clearpoke
|poke|p1|Ursaluna, M|
|poke|p1|Slowking, M|
|poke|p1|Cinderace, F|
|poke|p1|Gholdengo|
|poke|p1|Dragapult, M|
|poke|p1|Primarina, F|
|poke|p2|Corviknight, F|
|poke|p2|Zamazenta-*|
|poke|p2|Garganacl, F|
|poke|p2|Dondozo, F|
|poke|p2|Tyranitar, M|
|poke|p2|Sandy Shocks|
|teampreview
|
|t:|1760347722
|teamsize|p1|6
|teamsize|p2|6
|start
|switch|p1a: Primarina|Primarina, F|100/100
|switch|p2a: Sandy Shocks|Sandy Shocks|100/100
|turn|1
|
|t:|1760347728
|move|p2a: Sandy Shocks|Light Screen|p2a: Sandy Shocks
|-sidestart|p2: gguestie|move: Light Screen
|move|p1a: Primarina|Hyper Voice|p2a: Sandy Shocks
|-supereffective|p2a: Sandy Shocks
|-damage|p2a: Sandy Shocks|0 fnt
|faint|p2a: Sandy Shocks
|-end|p2a: Sandy Shocks|Protosynthesis|[silent]
|
|upkeep
|
|t:|1760347736
|switch|p2a: Tyranitar|Tyranitar, M|100/100
|-weather|Sandstorm|[from] ability: Sand Stream|[of] p2a: Tyranitar
|turn|2
|
|t:|1760347741
|switch|p1a: Cinderace|Cinderace, F|100/100
|move|p2a: Tyranitar|Dragon Dance|p2a: Tyranitar
|-boost|p2a: Tyranitar|atk|1
|-boost|p2a: Tyranitar|spe|1
|
|-weather|Sandstorm|[upkeep]
|-damage|p1a: Cinderace|95/100|[from] Sandstorm
|upkeep
|turn|3
|
|t:|1760347750
|move|p1a: Cinderace|Will-O-Wisp|p2a: Tyranitar
|-status|p2a: Tyranitar|brn
|move|p2a: Tyranitar|Dragon Dance|p2a: Tyranitar
|-boost|p2a: Tyranitar|atk|1
|-boost|p2a: Tyranitar|spe|1
|
|-weather|Sandstorm|[upkeep]
|-damage|p1a: Cinderace|89/100|[from] Sandstorm
|-damage|p2a: Tyranitar|94/100 brn|[from] brn
|upkeep
|turn|4
|
|t:|1760347760
|move|p2a: Tyranitar|Iron Defense|p2a: Tyranitar
|-boost|p2a: Tyranitar|def|2
|move|p1a: Cinderace|U-turn|p2a: Tyranitar
|-start|p1a: Cinderace|typechange|Bug|[from] ability: Libero
|-supereffective|p2a: Tyranitar
|-damage|p2a: Tyranitar|71/100 brn
|
|t:|1760347776
|switch|p1a: Ursaluna|Ursaluna, M|100/100|[from] U-turn
|
|-weather|Sandstorm|[upkeep]
|-heal|p2a: Tyranitar|77/100 brn|[from] item: Leftovers
|-damage|p2a: Tyranitar|71/100 brn|[from] brn
|-status|p1a: Ursaluna|brn|[from] item: Flame Orb
|upkeep
|turn|5
|
|t:|1760347782
|move|p2a: Tyranitar|Iron Defense|p2a: Tyranitar
|-boost|p2a: Tyranitar|def|2
|move|p1a: Ursaluna|Headlong Rush|p2a: Tyranitar
|-supereffective|p2a: Tyranitar
|-damage|p2a: Tyranitar|23/100 brn
|-unboost|p1a: Ursaluna|def|1
|-unboost|p1a: Ursaluna|spd|1
|
|-weather|Sandstorm|[upkeep]
|-heal|p2a: Tyranitar|29/100 brn|[from] item: Leftovers
|-damage|p2a: Tyranitar|23/100 brn|[from] brn
|-damage|p1a: Ursaluna|94/100 brn|[from] brn
|upkeep
|turn|6
|
|t:|1760347794
|switch|p1a: Gholdengo|Gholdengo|100/100
|move|p2a: Tyranitar|Body Press|p1a: Gholdengo
|-immune|p1a: Gholdengo
|
|-weather|none
|-heal|p2a: Tyranitar|29/100 brn|[from] item: Leftovers
|-damage|p2a: Tyranitar|23/100 brn|[from] brn
|upkeep
|turn|7
|
|t:|1760347800
|move|p2a: Tyranitar|Knock Off|p1a: Gholdengo
|-supereffective|p1a: Gholdengo
|-damage|p1a: Gholdengo|21/100
|-enditem|p1a: Gholdengo|Covert Cloak|[from] move: Knock Off|[of] p2a: Tyranitar
|move|p1a: Gholdengo|Make It Rain|p2a: Tyranitar
|-supereffective|p2a: Tyranitar
|-damage|p2a: Tyranitar|0 fnt
|-unboost|p1a: Gholdengo|spa|1
|faint|p2a: Tyranitar
|
|upkeep
|
|t:|1760347804
|switch|p2a: Corviknight|Corviknight, F|100/100
|-ability|p2a: Corviknight|Pressure
|turn|8
|
|t:|1760347816
|switch|p1a: Primarina|Primarina, F|100/100
|switch|p2a: Garganacl|Garganacl, F|100/100
|
|-sideend|p2: gguestie|move: Light Screen
|upkeep
|turn|9
|
|t:|1760347823
|-terastallize|p2a: Garganacl|Water
|move|p1a: Primarina|Flip Turn|p2a: Garganacl
|-resisted|p2a: Garganacl
|-damage|p2a: Garganacl|96/100
|
|t:|1760347830
|switch|p1a: Gholdengo|Gholdengo|21/100|[from] Flip Turn
|move|p2a: Garganacl|Salt Cure|p1a: Gholdengo
|-resisted|p1a: Gholdengo
|-damage|p1a: Gholdengo|15/100
|-start|p1a: Gholdengo|Salt Cure
|
|-heal|p2a: Garganacl|100/100|[from] item: Leftovers
|-damage|p1a: Gholdengo|0 fnt|[from] Salt Cure
|faint|p1a: Gholdengo
|upkeep
|
|t:|1760347837
|switch|p1a: Ursaluna|Ursaluna, M|94/100 brn
|turn|10
|
|t:|1760347843
|switch|p2a: Corviknight|Corviknight, F|100/100
|-ability|p2a: Corviknight|Pressure
|move|p1a: Ursaluna|Facade|p2a: Corviknight
|-resisted|p2a: Corviknight
|-damage|p2a: Corviknight|59/100
|
|-heal|p2a: Corviknight|65/100|[from] item: Leftovers
|-damage|p1a: Ursaluna|88/100 brn|[from] brn
|upkeep
|turn|11
|
|t:|1760347847
|switch|p1a: Primarina|Primarina, F|100/100
|move|p2a: Corviknight|Iron Defense|p2a: Corviknight
|-boost|p2a: Corviknight|def|2
|
|-heal|p2a: Corviknight|71/100|[from] item: Leftovers
|upkeep
|turn|12
|
|t:|1760347852
|switch|p2a: Dondozo|Dondozo, F|100/100
|move|p1a: Primarina|Flip Turn|p2a: Dondozo
|-resisted|p2a: Dondozo
|-damage|p2a: Dondozo|97/100
|
|t:|1760347857
|switch|p1a: Ursaluna|Ursaluna, M|88/100 brn|[from] Flip Turn
|
|-heal|p2a: Dondozo|100/100|[from] item: Leftovers
|-damage|p1a: Ursaluna|82/100 brn|[from] brn
|upkeep
|turn|13
|
|t:|1760347859
|-terastallize|p1a: Ursaluna|Normal
|move|p2a: Dondozo|Protect|p2a: Dondozo
|-singleturn|p2a: Dondozo|Protect
|move|p1a: Ursaluna|Facade|p2a: Dondozo
|-activate|p2a: Dondozo|move: Protect
|
|-damage|p1a: Ursaluna|76/100 brn|[from] brn
|upkeep
|turn|14
|
|t:|1760347867
|switch|p2a: Corviknight|Corviknight, F|71/100
|-ability|p2a: Corviknight|Pressure
|move|p1a: Ursaluna|Facade|p2a: Corviknight
|-resisted|p2a: Corviknight
|-damage|p2a: Corviknight|13/100
|
|-heal|p2a: Corviknight|19/100|[from] item: Leftovers
|-damage|p1a: Ursaluna|70/100 brn|[from] brn
|upkeep
|turn|15
|
|t:|1760347872
|move|p2a: Corviknight|Body Press|p1a: Ursaluna
|-supereffective|p1a: Ursaluna
|-damage|p1a: Ursaluna|41/100 brn
|move|p1a: Ursaluna|Headlong Rush|p2a: Corviknight
|-immune|p2a: Corviknight
|
|-heal|p2a: Corviknight|25/100|[from] item: Leftovers
|-damage|p1a: Ursaluna|35/100 brn|[from] brn
|upkeep
|turn|16
|
|t:|1760347878
|switch|p1a: Primarina|Primarina, F|100/100
|move|p2a: Corviknight|Roost|p2a: Corviknight
|-heal|p2a: Corviknight|75/100
|-singleturn|p2a: Corviknight|move: Roost
|
|-heal|p2a: Corviknight|81/100|[from] item: Leftovers
|upkeep
|turn|17
|
|t:|1760347885
|move|p2a: Corviknight|Roost|p2a: Corviknight
|-heal|p2a: Corviknight|100/100
|-singleturn|p2a: Corviknight|move: Roost
|move|p1a: Primarina|Flip Turn|p2a: Corviknight
|-damage|p2a: Corviknight|91/100
|
|t:|1760347888
|switch|p1a: Cinderace|Cinderace, F|89/100|[from] Flip Turn
|
|-heal|p2a: Corviknight|97/100|[from] item: Leftovers
|upkeep
|turn|18
|
|t:|1760347891
|switch|p2a: Garganacl|Garganacl, F, tera:Water|100/100
|move|p1a: Cinderace|U-turn|p2a: Garganacl
|-start|p1a: Cinderace|typechange|Bug|[from] ability: Libero
|-damage|p2a: Garganacl|79/100
|
|t:|1760347894
|switch|p1a: Ursaluna|Ursaluna, M, tera:Normal|35/100 brn|[from] U-turn
|
|-heal|p2a: Garganacl|86/100|[from] item: Leftovers
|-damage|p1a: Ursaluna|29/100 brn|[from] brn
|upkeep
|turn|19
|
|t:|1760347897
|switch|p2a: Corviknight|Corviknight, F|97/100
|-ability|p2a: Corviknight|Pressure
|move|p1a: Ursaluna|Facade|p2a: Corviknight
|-resisted|p2a: Corviknight
|-damage|p2a: Corviknight|36/100
|
|-heal|p2a: Corviknight|42/100|[from] item: Leftovers
|-damage|p1a: Ursaluna|23/100 brn|[from] brn
|upkeep
|turn|20
|
|t:|1760347906
|switch|p1a: Primarina|Primarina, F|100/100
|move|p2a: Corviknight|Body Press|p1a: Primarina
|-resisted|p1a: Primarina
|-damage|p1a: Primarina|87/100
|
|-heal|p2a: Corviknight|49/100|[from] item: Leftovers
|upkeep
|turn|21
|
|t:|1760347914
|switch|p2a: Dondozo|Dondozo, F|100/100
|move|p1a: Primarina|Hyper Voice|p2a: Dondozo
|-resisted|p2a: Dondozo
|-damage|p2a: Dondozo|72/100
|
|-heal|p2a: Dondozo|78/100|[from] item: Leftovers
|upkeep
|turn|22
|
|t:|1760347919
|switch|p2a: Corviknight|Corviknight, F|49/100
|-ability|p2a: Corviknight|Pressure
|move|p1a: Primarina|Hyper Voice|p2a: Corviknight
|-damage|p2a: Corviknight|0 fnt
|faint|p2a: Corviknight
|
|upkeep
|
|t:|1760347924
|switch|p2a: Dondozo|Dondozo, F|78/100
|turn|23
|
|t:|1760347932
|switch|p1a: Slowking|Slowking, M|100/100
|move|p2a: Dondozo|Curse|p2a: Dondozo
|-unboost|p2a: Dondozo|spe|1
|-boost|p2a: Dondozo|atk|1
|-boost|p2a: Dondozo|def|1
|
|-heal|p2a: Dondozo|85/100|[from] item: Leftovers
|upkeep
|turn|24
|
|t:|1760347937
|move|p1a: Slowking|Future Sight|p2a: Dondozo
|-start|p1a: Slowking|move: Future Sight
|move|p2a: Dondozo|Curse|p2a: Dondozo
|-unboost|p2a: Dondozo|spe|1
|-boost|p2a: Dondozo|atk|1
|-boost|p2a: Dondozo|def|1
|
|-heal|p2a: Dondozo|91/100|[from] item: Leftovers
|upkeep
|turn|25
|
|t:|1760347941
|move|p1a: Slowking|Scald|p2a: Dondozo
|-resisted|p2a: Dondozo
|-damage|p2a: Dondozo|81/100
|move|p2a: Dondozo|Liquidation|p1a: Slowking
|-resisted|p1a: Slowking
|-damage|p1a: Slowking|78/100
|
|-heal|p2a: Dondozo|87/100|[from] item: Leftovers
|upkeep
|turn|26
|
|t:|1760347951
|-prepare|p1a: Slowking|Chilly Reception|[premajor]
|move|p1a: Slowking|Chilly Reception|p1a: Slowking
|-weather|Snowscape
|
|t:|1760347954
|switch|p1a: Primarina|Primarina, F|87/100|[from] Chilly Reception
|move|p2a: Dondozo|Curse|p2a: Dondozo
|-unboost|p2a: Dondozo|spe|1
|-boost|p2a: Dondozo|atk|1
|-boost|p2a: Dondozo|def|1
|
|-weather|Snowscape|[upkeep]
|-end|p2a: Dondozo|move: Future Sight
|-damage|p2a: Dondozo|58/100
|-heal|p2a: Dondozo|64/100|[from] item: Leftovers
|upkeep
|turn|27
|
|t:|1760347960
|move|p2a: Dondozo|Protect|p2a: Dondozo
|-singleturn|p2a: Dondozo|Protect
|move|p1a: Primarina|Moonblast|p2a: Dondozo
|-activate|p2a: Dondozo|move: Protect
|
|-weather|Snowscape|[upkeep]
|-heal|p2a: Dondozo|70/100|[from] item: Leftovers
|upkeep
|turn|28
|
|t:|1760347963
|move|p1a: Primarina|Moonblast|p2a: Dondozo
|-damage|p2a: Dondozo|10/100
|move|p2a: Dondozo|Liquidation|p1a: Primarina
|-resisted|p1a: Primarina
|-damage|p1a: Primarina|47/100
|
|-weather|Snowscape|[upkeep]
|-heal|p2a: Dondozo|16/100|[from] item: Leftovers
|upkeep
|turn|29
|
|t:|1760347969
|move|p2a: Dondozo|Protect|p2a: Dondozo
|-singleturn|p2a: Dondozo|Protect
|move|p1a: Primarina|Moonblast|p2a: Dondozo
|-activate|p2a: Dondozo|move: Protect
|
|-weather|Snowscape|[upkeep]
|-heal|p2a: Dondozo|23/100|[from] item: Leftovers
|upkeep
|turn|30
|
|t:|1760347971
|move|p1a: Primarina|Moonblast|p2a: Dondozo
|-damage|p2a: Dondozo|0 fnt
|faint|p2a: Dondozo
|
|-weather|none
|upkeep
|
|t:|1760347972
|switch|p2a: Garganacl|Garganacl, F, tera:Water|86/100
|turn|31
|
|t:|1760347977
|move|p1a: Primarina|Moonblast|p2a: Garganacl
|-damage|p2a: Garganacl|36/100
|-unboost|p2a: Garganacl|spa|1
|move|p2a: Garganacl|Salt Cure|p1a: Primarina
|-damage|p1a: Primarina|31/100
|-start|p1a: Primarina|Salt Cure
|
|-heal|p2a: Garganacl|42/100|[from] item: Leftovers
|-damage|p1a: Primarina|6/100|[from] Salt Cure
|upkeep
|turn|32
|
|t:|1760347984
|switch|p1a: Ursaluna|Ursaluna, M, tera:Normal|23/100 brn
|move|p2a: Garganacl|Recover|p2a: Garganacl
|-heal|p2a: Garganacl|92/100
|
|-heal|p2a: Garganacl|98/100|[from] item: Leftovers
|-damage|p1a: Ursaluna|17/100 brn|[from] brn
|upkeep
|turn|33
|j| Nitro611
|
|t:|1760347990
|move|p1a: Ursaluna|Facade|p2a: Garganacl
|-damage|p2a: Garganacl|0 fnt
|faint|p2a: Garganacl
|
|-damage|p1a: Ursaluna|11/100 brn|[from] brn
|upkeep
|
|t:|1760347991
|switch|p2a: Zamazenta|Zamazenta|100/100
|-ability|p2a: Zamazenta|Dauntless Shield|boost
|-boost|p2a: Zamazenta|def|1
|turn|34
|
|t:|1760347996
|move|p2a: Zamazenta|Crunch|p1a: Ursaluna
|-damage|p1a: Ursaluna|0 fnt
|faint|p1a: Ursaluna
|
|upkeep
|
|t:|1760348001
|switch|p1a: Slowking|Slowking, M|100/100
|turn|35
|
|t:|1760348006
|move|p2a: Zamazenta|Substitute|p2a: Zamazenta
|-start|p2a: Zamazenta|Substitute
|-damage|p2a: Zamazenta|75/100
|move|p1a: Slowking|Future Sight|p2a: Zamazenta
|-start|p1a: Slowking|move: Future Sight
|
|-heal|p2a: Zamazenta|82/100|[from] item: Leftovers
|upkeep
|turn|36
|
|t:|1760348011
|move|p2a: Zamazenta|Crunch|p1a: Slowking
|-supereffective|p1a: Slowking
|-enditem|p1a: Slowking|Colbur Berry|[eat]
|-enditem|p1a: Slowking|Colbur Berry|[weaken]
|-damage|p1a: Slowking|84/100
|move|p1a: Slowking|Trick Room|p1a: Slowking
|-fieldstart|move: Trick Room|[of] p1a: Slowking
|
|-heal|p2a: Zamazenta|88/100|[from] item: Leftovers
|upkeep
|turn|37
|
|t:|1760348018
|move|p1a: Slowking|Scald|p2a: Zamazenta
|-activate|p2a: Zamazenta|move: Substitute|[damage]
|move|p2a: Zamazenta|Substitute|p2a: Zamazenta
|-fail|p2a: Zamazenta|move: Substitute
|
|-end|p2a: Zamazenta|move: Future Sight
|-supereffective|p2a: Zamazenta
|-crit|p2a: Zamazenta
|-end|p2a: Zamazenta|Substitute
|-heal|p2a: Zamazenta|94/100|[from] item: Leftovers
|upkeep
|turn|38
|
|t:|1760348028
|move|p1a: Slowking|Scald|p2a: Zamazenta
|-damage|p2a: Zamazenta|72/100
|-status|p2a: Zamazenta|brn
|move|p2a: Zamazenta|Crunch|p1a: Slowking
|-supereffective|p1a: Slowking
|-damage|p1a: Slowking|67/100
|-unboost|p1a: Slowking|def|1
|
|-heal|p2a: Zamazenta|79/100 brn|[from] item: Leftovers
|-damage|p2a: Zamazenta|72/100 brn|[from] brn
|upkeep
|turn|39
|-message|gguestie forfeited.
|
|win|asapbunny
|raw|asapbunny's rating: 1585 &rarr; <strong>1609</strong><br />(+24 for winning)
|raw|gguestie's rating: 1658 &rarr; <strong>1634</strong><br />(-24 for losing)
|l|‽gguestie
|player|p2|
|l|☆asapbunny
|player|p1|
