|j|☆mucino
|j|☆schoolwifisucks22
|t:|1760415031
|gametype|singles
|player|p1|mucino|2|1374
|player|p2|schoolwifisucks22|swimmerf-gen4|1361
|gen|9
|tier|[Gen 9] OU
|rated|
|rule|HP Percentage Mod: HP is shown in percentages
|rule|Endless Battle Clause: Forcing endless battles is banned
|rule|Species Clause: Limit one of each Pokémon
|rule|OHKO Clause: OHKO moves are banned
|rule|Evasion Items Clause: Evasion items are banned
|rule|Evasion Moves Clause: Evasion moves are banned
|rule|Evasion Abilities Clause: Evasion abilities are banned
|rule|Sleep Moves Clause: Sleep-inducing moves are banned
|clearpoke
|poke|p1|Clodsire, M|
|poke|p1|Kingambit, F|
|poke|p1|Porygon-Z|
|poke|p1|Chandelure, M|
|poke|p1|Primarina, M|
|poke|p1|Grimmsnarl, M|
|poke|p2|Ninetales-Alola, F|
|poke|p2|Rillaboom, M|
|poke|p2|Iron Moth|
|poke|p2|Hatterene, F|
|poke|p2|Tornadus-Therian, M|
|poke|p2|Kingambit, M|
|teampreview
|inactive|Battle timer is ON: inactive players will automatically lose when time's up. (requested by schoolwifisucks22)
|
|t:|1760415046
|teamsize|p1|6
|teamsize|p2|6
|start
|switch|p1a: Kingambit|Kingambit, F|100/100
|switch|p2a: Iron Moth|Iron Moth|100/100
|-enditem|p2a: Iron Moth|Booster Energy
|-activate|p2a: Iron Moth|ability: Quark Drive|[fromitem]
|-start|p2a: Iron Moth|quarkdrivespa
|turn|1
|
|t:|1760415050
|-end|p1a: Kingambit|fallenundefined|[silent]
|switch|p1a: Chandelure|Chandelure, M|100/100
|move|p2a: Iron Moth|Fiery Dance|p1a: Chandelure
|-start|p1a: Chandelure|ability: Flash Fire
|
|upkeep
|turn|2
|
|t:|1760415053
|move|p1a: Chandelure|Trick|p2a: Iron Moth
|-activate|p1a: Chandelure|move: Trick|[of] p2a: Iron Moth
|-item|p2a: Iron Moth|Choice Scarf|[from] move: Trick
|-enditem|p1a: Chandelure|Choice Scarf|[silent]|[from] move: Trick
|move|p2a: Iron Moth|Substitute|p2a: Iron Moth
|-start|p2a: Iron Moth|Substitute
|-damage|p2a: Iron Moth|76/100
|
|upkeep
|turn|3
|
|t:|1760415064
|-end|p2a: Iron Moth|Quark Drive|[silent]
|switch|p2a: Tornadus|Tornadus-Therian, M|100/100
|move|p1a: Chandelure|Flamethrower|p2a: Tornadus
|-crit|p2a: Tornadus
|-damage|p2a: Tornadus|0 fnt
|faint|p2a: Tornadus
|
|upkeep
|c|☆mucino|xd
|
|t:|1760415067
|switch|p2a: Ninetales|Ninetales-Alola, F|100/100
|-weather|Snowscape|[from] ability: Snow Warning|[of] p2a: Ninetales
|turn|4
|
|t:|1760415072
|move|p2a: Ninetales|Aurora Veil|p2a: Ninetales
|-sidestart|p2: schoolwifisucks22|move: Aurora Veil
|move|p1a: Chandelure|Flamethrower|p2a: Ninetales
|-supereffective|p2a: Ninetales
|-damage|p2a: Ninetales|22/100
|
|-weather|Snowscape|[upkeep]
|upkeep
|turn|5
|
|t:|1760415080
|move|p2a: Ninetales|Encore|p1a: Chandelure
|-start|p1a: Chandelure|Encore
|move|p1a: Chandelure|Flamethrower|p2a: Ninetales
|-supereffective|p2a: Ninetales
|-damage|p2a: Ninetales|0 fnt
|faint|p2a: Ninetales
|
|-weather|Snowscape|[upkeep]
|upkeep
|
|t:|1760415082
|switch|p2a: Rillaboom|Rillaboom, M|100/100
|-fieldstart|move: Grassy Terrain|[from] ability: Grassy Surge|[of] p2a: Rillaboom
|turn|6
|
|t:|1760415085
|-terastallize|p1a: Chandelure|Grass
|move|p2a: Rillaboom|Grassy Glide|p1a: Chandelure
|-resisted|p1a: Chandelure
|-damage|p1a: Chandelure|75/100
|move|p1a: Chandelure|Flamethrower|p2a: Rillaboom
|-supereffective|p2a: Rillaboom
|-damage|p2a: Rillaboom|0 fnt
|faint|p2a: Rillaboom
|
|-weather|Snowscape|[upkeep]
|-heal|p1a: Chandelure|81/100|[from] Grassy Terrain
|upkeep
|
|t:|1760415090
|switch|p2a: Hatterene|Hatterene, F|100/100
|-enditem|p2a: Hatterene|Grassy Seed
|-boost|p2a: Hatterene|def|1|[from] item: Grassy Seed
|turn|7
|
|t:|1760415096
|move|p1a: Chandelure|Flamethrower|p2a: Hatterene
|-damage|p2a: Hatterene|45/100
|move|p2a: Hatterene|Agility|p2a: Hatterene
|-boost|p2a: Hatterene|spe|2
|
|-weather|Snowscape|[upkeep]
|-heal|p2a: Hatterene|51/100|[from] Grassy Terrain
|-heal|p1a: Chandelure|87/100|[from] Grassy Terrain
|-end|p1a: Chandelure|Encore
|upkeep
|turn|8
|
|t:|1760415100
|move|p2a: Hatterene|Calm Mind|p2a: Hatterene
|-boost|p2a: Hatterene|spa|1
|-boost|p2a: Hatterene|spd|1
|move|p1a: Chandelure|Flamethrower|p2a: Hatterene
|-damage|p2a: Hatterene|13/100
|
|-weather|none
|-heal|p2a: Hatterene|19/100|[from] Grassy Terrain
|-heal|p1a: Chandelure|94/100|[from] Grassy Terrain
|upkeep
|turn|9
|
|t:|1760415111
|move|p2a: Hatterene|Stored Power|p1a: Chandelure
|-damage|p1a: Chandelure|0 fnt
|faint|p1a: Chandelure
|
|-heal|p2a: Hatterene|25/100|[from] Grassy Terrain
|upkeep
|
|t:|1760415116
|switch|p1a: Kingambit|Kingambit, F|100/100
|-activate|p1a: Kingambit|ability: Supreme Overlord
|-start|p1a: Kingambit|fallen1|[silent]
|turn|10
|
|t:|1760415119
|move|p1a: Kingambit|Sucker Punch||[still]
|-fail|p1a: Kingambit
|move|p2a: Hatterene|Calm Mind|p2a: Hatterene
|-boost|p2a: Hatterene|spa|1
|-boost|p2a: Hatterene|spd|1
|
|-heal|p2a: Hatterene|31/100|[from] Grassy Terrain
|upkeep
|turn|11
|
|t:|1760415122
|move|p2a: Hatterene|Draining Kiss|p1a: Kingambit
|-damage|p1a: Kingambit|46/100
|-heal|p2a: Hatterene|93/100|[from] drain|[of] p1a: Kingambit
|move|p1a: Kingambit|Iron Head|p2a: Hatterene
|-supereffective|p2a: Hatterene
|-damage|p2a: Hatterene|48/100
|
|-heal|p2a: Hatterene|54/100|[from] Grassy Terrain
|-heal|p1a: Kingambit|53/100|[from] Grassy Terrain
|-sideend|p2: schoolwifisucks22|move: Aurora Veil
|upkeep
|turn|12
|
|t:|1760415128
|-terastallize|p2a: Hatterene|Steel
|move|p1a: Kingambit|Sucker Punch|p2a: Hatterene
|-damage|p2a: Hatterene|3/100
|move|p2a: Hatterene|Draining Kiss|p1a: Kingambit
|-damage|p1a: Kingambit|2/100
|-heal|p2a: Hatterene|60/100|[from] drain|[of] p1a: Kingambit
|
|-heal|p2a: Hatterene|66/100|[from] Grassy Terrain
|-heal|p1a: Kingambit|8/100|[from] Grassy Terrain
|upkeep
|turn|13
|
|t:|1760415138
|move|p2a: Hatterene|Draining Kiss|p1a: Kingambit
|-damage|p1a: Kingambit|0 fnt
|-heal|p2a: Hatterene|75/100|[from] drain|[of] p1a: Kingambit
|faint|p1a: Kingambit
|-end|p1a: Kingambit|fallen1|[silent]
|
|-heal|p2a: Hatterene|81/100|[from] Grassy Terrain
|-fieldend|move: Grassy Terrain
|upkeep
|
|t:|1760415140
|switch|p1a: Clodsire|Clodsire, M|100/100
|turn|14
|
|t:|1760415143
|switch|p1a: Grimmsnarl|Grimmsnarl, M|100/100
|move|p2a: Hatterene|Stored Power|p1a: Grimmsnarl
|-immune|p1a: Grimmsnarl
|
|upkeep
|turn|15
|
|t:|1760415145
|move|p1a: Grimmsnarl|Light Screen|p1a: Grimmsnarl
|-sidestart|p1: mucino|move: Light Screen
|move|p2a: Hatterene|Draining Kiss|p1a: Grimmsnarl
|-supereffective|p1a: Grimmsnarl
|-damage|p1a: Grimmsnarl|38/100
|-heal|p2a: Hatterene|100/100|[from] drain|[of] p1a: Grimmsnarl
|
|upkeep
|turn|16
|
|t:|1760415151
|move|p2a: Hatterene|Calm Mind|p2a: Hatterene
|-boost|p2a: Hatterene|spa|1
|-boost|p2a: Hatterene|spd|1
|move|p1a: Grimmsnarl|Spirit Break|p2a: Hatterene
|-resisted|p2a: Hatterene
|-crit|p2a: Hatterene
|-damage|p2a: Hatterene|60/100
|-unboost|p2a: Hatterene|spa|1
|
|upkeep
|turn|17
|
|t:|1760415158
|switch|p1a: Clodsire|Clodsire, M|100/100
|move|p2a: Hatterene|Calm Mind|p2a: Hatterene
|-boost|p2a: Hatterene|spa|1
|-boost|p2a: Hatterene|spd|1
|
|upkeep
|turn|18
|
|t:|1760415162
|move|p2a: Hatterene|Stored Power|p1a: Clodsire
|-supereffective|p1a: Clodsire
|-damage|p1a: Clodsire|21/100
|move|p1a: Clodsire|Earthquake|p2a: Hatterene
|-supereffective|p2a: Hatterene
|-damage|p2a: Hatterene|0 fnt
|faint|p2a: Hatterene
|
|-heal|p1a: Clodsire|27/100|[from] item: Leftovers
|upkeep
|
|t:|1760415170
|switch|p2a: Kingambit|Kingambit, M|100/100
|-activate|p2a: Kingambit|ability: Supreme Overlord
|-start|p2a: Kingambit|fallen4|[silent]
|turn|19
|
|t:|1760415173
|move|p2a: Kingambit|Swords Dance|p2a: Kingambit
|-boost|p2a: Kingambit|atk|2
|move|p1a: Clodsire|Earthquake|p2a: Kingambit
|-supereffective|p2a: Kingambit
|-crit|p2a: Kingambit
|-damage|p2a: Kingambit|26/100
|
|-heal|p1a: Clodsire|33/100|[from] item: Leftovers
|upkeep
|turn|20
|
|t:|1760415177
|move|p2a: Kingambit|Sucker Punch||[still]
|-fail|p2a: Kingambit
|move|p1a: Clodsire|Recover|p1a: Clodsire
|-heal|p1a: Clodsire|83/100
|
|-heal|p1a: Clodsire|90/100|[from] item: Leftovers
|upkeep
|turn|21
|
|t:|1760415181
|move|p2a: Kingambit|Iron Head|p1a: Clodsire
|-damage|p1a: Clodsire|41/100
|cant|p1a: Clodsire|flinch
|
|-heal|p1a: Clodsire|47/100|[from] item: Leftovers
|upkeep
|turn|22
|
|t:|1760415187
|move|p2a: Kingambit|Iron Head|p1a: Clodsire
|-damage|p1a: Clodsire|3/100
|cant|p1a: Clodsire|flinch
|
|-heal|p1a: Clodsire|10/100|[from] item: Leftovers
|-sideend|p1: mucino|move: Light Screen
|upkeep
|turn|23
|
|t:|1760415190
|move|p2a: Kingambit|Iron Head|p1a: Clodsire
|-damage|p1a: Clodsire|0 fnt
|faint|p1a: Clodsire
|
|upkeep
|
|t:|1760415194
|switch|p1a: Grimmsnarl|Grimmsnarl, M|38/100
|turn|24
|
|t:|1760415198
|move|p1a: Grimmsnarl|Reflect|p1a: Grimmsnarl
|-sidestart|p1: mucino|Reflect
|move|p2a: Kingambit|Swords Dance|p2a: Kingambit
|-boost|p2a: Kingambit|atk|2
|
|upkeep
|turn|25
|
|t:|1760415200
|move|p2a: Kingambit|Iron Head|p1a: Grimmsnarl
|-supereffective|p1a: Grimmsnarl
|-damage|p1a: Grimmsnarl|0 fnt
|faint|p1a: Grimmsnarl
|
|upkeep
|
|t:|1760415202
|switch|p1a: Primarina|Primarina, M|100/100
|turn|26
|
|t:|1760415205
|move|p2a: Kingambit|Iron Head|p1a: Primarina
|-damage|p1a: Primarina|0 fnt
|faint|p1a: Primarina
|
|upkeep
|
|t:|1760415207
|switch|p1a: Porygon-Z|Porygon-Z|100/100
|turn|27
|
|t:|1760415212
|move|p2a: Kingambit|Sucker Punch|p1a: Porygon-Z
|-damage|p1a: Porygon-Z|0 fnt
|faint|p1a: Porygon-Z
|
|win|schoolwifisucks22
|raw|mucino's rating: 1374 &rarr; <strong>1353</strong><br />(-21 for losing)
|raw|schoolwifisucks22's rating: 1361 &rarr; <strong>1382</strong><br />(+21 for winning)
|l|☆mucino
|player|p1|
|l|☆schoolwifisucks22
|player|p2|
