|j|☆AverageJo72
|j|☆zh199
|t:|1760333880
|gametype|singles
|player|p1|AverageJo72|lance|1299
|player|p2|zh199|101|1272
|gen|9
|tier|[Gen 9] OU
|rated|
|rule|HP Percentage Mod: HP is shown in percentages
|rule|Endless Battle Clause: Forcing endless battles is banned
|rule|Species Clause: Limit one of each Pokémon
|rule|OHKO Clause: OHKO moves are banned
|rule|Evasion Items Clause: Evasion items are banned
|rule|Evasion Moves Clause: Evasion moves are banned
|rule|Evasion Abilities Clause: Evasion abilities are banned
|rule|Sleep Moves Clause: Sleep-inducing moves are banned
|clearpoke
|poke|p1|Arcanine-Hisui, F|
|poke|p1|Tyranitar, F|
|poke|p1|Excadrill, F|
|poke|p1|Dragapult, M|
|poke|p1|Skarmory, F|
|poke|p1|Alomomola, M|
|poke|p2|Torterra, M|
|poke|p2|Ninetales-Alola, M|
|poke|p2|Dragonite, M|
|poke|p2|Weezing-Galar, M|
|poke|p2|Hatterene, F|
|poke|p2|Ceruledge, M|
|teampreview
|
|t:|1760333897
|teamsize|p1|6
|teamsize|p2|6
|start
|switch|p1a: Pharaoh's Curse|Tyranitar, F, shiny|100/100
|switch|p2a: Ceruledge|Ceruledge, M|100/100
|-weather|Sandstorm|[from] ability: Sand Stream|[of] p1a: Pharaoh's Curse
|turn|1
|inactive|Battle timer is ON: inactive players will automatically lose when time's up. (requested by zh199)
|
|t:|1760333909
|switch|p2a: Ninetales|Ninetales-Alola, M|100/100
|-weather|Snowscape|[from] ability: Snow Warning|[of] p2a: Ninetales
|move|p1a: Pharaoh's Curse|Roar|p2a: Ninetales
|drag|p2a: Weezing|Weezing-Galar, M|100/100
|-ability|p2a: Weezing|Neutralizing Gas
|
|-weather|Snowscape|[upkeep]
|upkeep
|turn|2
|
|t:|1760333916
|move|p1a: Pharaoh's Curse|Stealth Rock|p2a: Weezing
|-sidestart|p2: zh199|move: Stealth Rock
|move|p2a: Weezing|Will-O-Wisp|p1a: Pharaoh's Curse|[miss]
|-miss|p2a: Weezing|p1a: Pharaoh's Curse
|
|-weather|Snowscape|[upkeep]
|upkeep
|turn|3
|
|t:|1760333930
|switch|p1a: FISH|Alomomola, M|100/100
|move|p2a: Weezing|Defog|p1a: FISH
|-unboost|p1a: FISH|evasion|1
|-sideend|p2: zh199|Stealth Rock|[from] move: Defog|[of] p2a: Weezing
|
|-weather|Snowscape|[upkeep]
|upkeep
|turn|4
|
|t:|1760333935
|move|p2a: Weezing|Will-O-Wisp|p1a: FISH
|-status|p1a: FISH|brn
|move|p1a: FISH|Flip Turn|p2a: Weezing
|-damage|p2a: Weezing|94/100
|
|t:|1760333954
|switch|p1a: Bonk!|Arcanine-Hisui, F|100/100|[from] Flip Turn
|
|-weather|Snowscape|[upkeep]
|upkeep
|turn|5
|
|t:|1760333957
|move|p1a: Bonk!|Flare Blitz|p2a: Weezing
|-damage|p2a: Weezing|23/100
|-damage|p1a: Bonk!|77/100|[from] Recoil
|move|p2a: Weezing|Pain Split|p1a: Bonk!
|-sethp|p1a: Bonk!|50/100|[from] move: Pain Split|[silent]
|-sethp|p2a: Weezing|49/100|[from] move: Pain Split
|
|-weather|none
|upkeep
|turn|6
|
|t:|1760333968
|-end|p2a: Weezing|ability: Neutralizing Gas
|switch|p2a: Torterra|Torterra, M|100/100
|move|p1a: Bonk!|Flare Blitz|p2a: Torterra
|-supereffective|p2a: Torterra
|-damage|p2a: Torterra|0 fnt
|faint|p2a: Torterra
|
|upkeep
|
|t:|1760333978
|switch|p2a: Ninetales|Ninetales-Alola, M|100/100
|-weather|Snowscape|[from] ability: Snow Warning|[of] p2a: Ninetales
|turn|7
|
|t:|1760333981
|move|p2a: Ninetales|Aurora Veil|p2a: Ninetales
|-sidestart|p2: zh199|move: Aurora Veil
|move|p1a: Bonk!|Flare Blitz|p2a: Ninetales
|-supereffective|p2a: Ninetales
|-damage|p2a: Ninetales|11/100
|
|-weather|Snowscape|[upkeep]
|upkeep
|turn|8
|
|t:|1760333988
|move|p2a: Ninetales|Moonblast|p1a: Bonk!
|-resisted|p1a: Bonk!
|-damage|p1a: Bonk!|27/100
|move|p1a: Bonk!|Flare Blitz|p2a: Ninetales
|-supereffective|p2a: Ninetales
|-damage|p2a: Ninetales|0 fnt
|faint|p2a: Ninetales
|
|-weather|Snowscape|[upkeep]
|upkeep
|
|t:|1760333992
|switch|p2a: Dragonite|Dragonite, M|100/100
|turn|9
|
|t:|1760334016
|switch|p1a: AC-130|Skarmory, F|100/100
|move|p2a: Dragonite|Dragon Dance|p2a: Dragonite
|-boost|p2a: Dragonite|atk|1
|-boost|p2a: Dragonite|spe|1
|
|-weather|Snowscape|[upkeep]
|upkeep
|turn|10
|
|t:|1760334019
|move|p2a: Dragonite|Ice Spinner|p1a: AC-130
|-damage|p1a: AC-130|71/100
|-damage|p2a: Dragonite|84/100|[from] item: Rocky Helmet|[of] p1a: AC-130
|move|p1a: AC-130|Iron Defense|p1a: AC-130
|-boost|p1a: AC-130|def|2
|
|-weather|Snowscape|[upkeep]
|upkeep
|turn|11
|
|t:|1760334023
|switch|p2a: Hatterene|Hatterene, F|100/100
|move|p1a: AC-130|Iron Defense|p1a: AC-130
|-boost|p1a: AC-130|def|2
|
|-weather|none
|upkeep
|turn|12
|
|t:|1760334042
|switch|p1a: FISH|Alomomola, M|100/100 brn
|move|p2a: Hatterene|Mystical Fire|p1a: FISH
|-resisted|p1a: FISH
|-damage|p1a: FISH|87/100 brn
|-unboost|p1a: FISH|spa|1
|
|-damage|p1a: FISH|81/100 brn|[from] brn
|upkeep
|turn|13
|
|t:|1760334048
|move|p1a: FISH|Flip Turn|p2a: Hatterene
|-damage|p2a: Hatterene|96/100
|
|t:|1760334057
|switch|p1a: Phantom Menace|Dragapult, M|100/100|[from] Flip Turn
|move|p2a: Hatterene|Psychic Noise|p1a: Phantom Menace
|-damage|p1a: Phantom Menace|29/100
|-start|p1a: Phantom Menace|move: Heal Block
|
|-heal|p2a: Hatterene|100/100|[from] item: Leftovers
|upkeep
|turn|14
|
|t:|1760334068
|move|p1a: Phantom Menace|U-turn|p2a: Hatterene
|-damage|p2a: Hatterene|77/100
|
|t:|1760334070
|switch|p1a: FISH|Alomomola, M|100/100 brn|[from] U-turn
|move|p2a: Hatterene|Dazzling Gleam|p1a: FISH
|-damage|p1a: FISH|55/100 brn
|
|-heal|p2a: Hatterene|83/100|[from] item: Leftovers
|-damage|p1a: FISH|48/100 brn|[from] brn
|-sideend|p2: zh199|move: Aurora Veil
|upkeep
|turn|15
|
|t:|1760334074
|move|p1a: FISH|Wish|p1a: FISH
|move|p2a: Hatterene|Dazzling Gleam|p1a: FISH
|-damage|p1a: FISH|9/100 brn
|
|-heal|p2a: Hatterene|89/100|[from] item: Leftovers
|-damage|p1a: FISH|3/100 brn|[from] brn
|upkeep
|turn|16
|
|t:|1760334081
|move|p1a: FISH|Protect|p1a: FISH
|-singleturn|p1a: FISH|Protect
|move|p2a: Hatterene|Dazzling Gleam|p1a: FISH
|-activate|p1a: FISH|move: Protect
|
|-heal|p1a: FISH|53/100 brn|[from] move: Wish|[wisher] FISH
|-heal|p2a: Hatterene|95/100|[from] item: Leftovers
|-damage|p1a: FISH|47/100 brn|[from] brn
|upkeep
|turn|17
|
|t:|1760334084
|move|p1a: FISH|Wish|p1a: FISH
|move|p2a: Hatterene|Dazzling Gleam|p1a: FISH
|-damage|p1a: FISH|5/100 brn
|
|-heal|p2a: Hatterene|100/100|[from] item: Leftovers
|-damage|p1a: FISH|0 fnt|[from] brn
|faint|p1a: FISH
|upkeep
|
|t:|1760334111
|switch|p1a: Pharaoh's Curse|Tyranitar, F, shiny|100/100
|-weather|Sandstorm|[from] ability: Sand Stream|[of] p1a: Pharaoh's Curse
|turn|18
|
|t:|1760334126
|switch|p1a: Bonk!|Arcanine-Hisui, F|27/100
|move|p2a: Hatterene|Dazzling Gleam|p1a: Bonk!
|-resisted|p1a: Bonk!
|-damage|p1a: Bonk!|7/100
|
|-weather|Sandstorm|[upkeep]
|-damage|p2a: Hatterene|95/100|[from] Sandstorm
|-heal|p1a: Bonk!|79/100|[from] move: Wish|[wisher] FISH
|-heal|p2a: Hatterene|100/100|[from] item: Leftovers
|upkeep
|turn|19
|
|t:|1760334137
|switch|p2a: Weezing|Weezing-Galar, M|49/100
|-ability|p2a: Weezing|Neutralizing Gas
|move|p1a: Bonk!|Flare Blitz|p2a: Weezing
|-damage|p2a: Weezing|0 fnt
|faint|p2a: Weezing
|-end|p2a: Weezing|ability: Neutralizing Gas
|
|-weather|Sandstorm|[upkeep]
|upkeep
|
|t:|1760334139
|switch|p2a: Ceruledge|Ceruledge, M|100/100
|turn|20
|
|t:|1760334160
|switch|p1a: Phantom Menace|Dragapult, M|29/100
|move|p2a: Ceruledge|Poltergeist|p1a: Phantom Menace
|-activate|p1a: Phantom Menace|move: Poltergeist|Heavy-Duty Boots
|-supereffective|p1a: Phantom Menace
|-damage|p1a: Phantom Menace|0 fnt
|faint|p1a: Phantom Menace
|
|-weather|Sandstorm|[upkeep]
|-damage|p2a: Ceruledge|94/100|[from] Sandstorm
|upkeep
|
|t:|1760334165
|switch|p1a: Pharaoh's Curse|Tyranitar, F, shiny|100/100
|turn|21
|
|t:|1760334169
|switch|p2a: Hatterene|Hatterene, F|100/100
|move|p1a: Pharaoh's Curse|Knock Off|p2a: Hatterene
|-damage|p2a: Hatterene|53/100
|-enditem|p2a: Hatterene|Leftovers|[from] move: Knock Off|[of] p1a: Pharaoh's Curse
|
|-weather|Sandstorm|[upkeep]
|-damage|p2a: Hatterene|47/100|[from] Sandstorm
|upkeep
|turn|22
|-message|zh199 forfeited.
|
|win|AverageJo72
|raw|AverageJo72's rating: 1299 &rarr; <strong>1322</strong><br />(+23 for winning)
|raw|zh199's rating: 1272 &rarr; <strong>1249</strong><br />(-23 for losing)
|l|☆zh199
|player|p2|
|l|☆AverageJo72
|player|p1|
