|j|☆are you jesus?
|j|☆the.ramen.gang
|t:|1760449642
|gametype|singles
|player|p1|are you jesus?|grimsley|1070
|player|p2|the.ramen.gang|266|1067
|gen|9
|tier|[Gen 9] OU
|rated|
|rule|HP Percentage Mod: HP is shown in percentages
|rule|Endless Battle Clause: Forcing endless battles is banned
|rule|Species Clause: Limit one of each Pokémon
|rule|OHKO Clause: OHKO moves are banned
|rule|Evasion Items Clause: Evasion items are banned
|rule|Evasion Moves Clause: Evasion moves are banned
|rule|Evasion Abilities Clause: Evasion abilities are banned
|rule|Sleep Moves Clause: Sleep-inducing moves are banned
|clearpoke
|poke|p1|Donphan, M|
|poke|p1|Slowking, F|
|poke|p1|Lokix, F|
|poke|p1|Chandelure, M|
|poke|p1|Arcanine-Hisui, F|
|poke|p1|Rotom-Wash|
|poke|p2|Squawkabilly, M|
|poke|p2|Conkeldurr, M|
|poke|p2|Scizor, F|
|poke|p2|Golurk|
|poke|p2|Alcremie, F|
|poke|p2|Dudunsparce-*, M|
|teampreview
|inactive|Battle timer is ON: inactive players will automatically lose when time's up. (requested by the.ramen.gang)
|c|☆are you jesus?|hi
|
|t:|1760449649
|teamsize|p1|6
|teamsize|p2|6
|start
|switch|p1a: Rotom|Rotom-Wash|100/100
|switch|p2a: Conkeldurr|Conkeldurr, M|100/100
|turn|1
|
|t:|1760449658
|move|p1a: Rotom|Trick|p2a: Conkeldurr
|-activate|p1a: Rotom|move: Trick|[of] p2a: Conkeldurr
|-item|p2a: Conkeldurr|Choice Scarf|[from] move: Trick
|-item|p1a: Rotom|Assault Vest|[from] move: Trick
|move|p2a: Conkeldurr|Drain Punch|p1a: Rotom
|-damage|p1a: Rotom|23/100
|
|upkeep
|turn|2
|
|t:|1760449666
|move|p1a: Rotom|Volt Switch|p2a: Conkeldurr
|-damage|p2a: Conkeldurr|68/100
|
|t:|1760449669
|switch|p1a: Donphan|Donphan, M|100/100|[from] Volt Switch
|move|p2a: Conkeldurr|Drain Punch|p1a: Donphan
|-damage|p1a: Donphan|72/100
|-heal|p2a: Conkeldurr|84/100|[from] drain|[of] p1a: Donphan
|-damage|p2a: Conkeldurr|67/100|[from] item: Rocky Helmet|[of] p1a: Donphan
|
|upkeep
|turn|3
|
|t:|1760449672
|move|p2a: Conkeldurr|Drain Punch|p1a: Donphan
|-damage|p1a: Donphan|39/100
|-heal|p2a: Conkeldurr|85/100|[from] drain|[of] p1a: Donphan
|-damage|p2a: Conkeldurr|69/100|[from] item: Rocky Helmet|[of] p1a: Donphan
|move|p1a: Donphan|Knock Off|p2a: Conkeldurr
|-resisted|p2a: Conkeldurr
|-damage|p2a: Conkeldurr|54/100
|-enditem|p2a: Conkeldurr|Choice Scarf|[from] move: Knock Off|[of] p1a: Donphan
|
|upkeep
|turn|4
|
|t:|1760449679
|move|p1a: Donphan|Knock Off|p2a: Conkeldurr
|-resisted|p2a: Conkeldurr
|-damage|p2a: Conkeldurr|46/100
|move|p2a: Conkeldurr|Drain Punch|p1a: Donphan
|-damage|p1a: Donphan|9/100
|-heal|p2a: Conkeldurr|62/100|[from] drain|[of] p1a: Donphan
|-damage|p2a: Conkeldurr|46/100|[from] item: Rocky Helmet|[of] p1a: Donphan
|
|upkeep
|turn|5
|
|t:|1760449691
|move|p1a: Donphan|Stealth Rock|p2a: Conkeldurr
|-sidestart|p2: the.ramen.gang|move: Stealth Rock
|move|p2a: Conkeldurr|Knock Off|p1a: Donphan
|-damage|p1a: Donphan|0 fnt
|-damage|p2a: Conkeldurr|29/100|[from] item: Rocky Helmet|[of] p1a: Donphan
|-enditem|p1a: Donphan|Rocky Helmet|[from] move: Knock Off|[of] p2a: Conkeldurr
|faint|p1a: Donphan
|
|upkeep
|
|t:|1760449695
|switch|p1a: Lokix|Lokix, F|100/100
|turn|6
|
|t:|1760449698
|move|p1a: Lokix|First Impression|p2a: Conkeldurr
|-resisted|p2a: Conkeldurr
|-damage|p2a: Conkeldurr|0 fnt
|faint|p2a: Conkeldurr
|-damage|p1a: Lokix|91/100|[from] item: Life Orb
|
|upkeep
|
|t:|1760449702
|switch|p2a: Scizor|Scizor, F|100/100
|turn|7
|
|t:|1760449709
|move|p1a: Lokix|U-turn|p2a: Scizor
|-resisted|p2a: Scizor
|-damage|p2a: Scizor|61/100
|-damage|p1a: Lokix|81/100|[from] item: Life Orb
|
|t:|1760449713
|switch|p1a: Rotom|Rotom-Wash|23/100|[from] U-turn
|move|p2a: Scizor|Defog|p1a: Rotom
|-unboost|p1a: Rotom|evasion|1
|-sideend|p2: the.ramen.gang|Stealth Rock|[from] move: Defog|[of] p2a: Scizor
|
|upkeep
|turn|8
|
|t:|1760449717
|move|p1a: Rotom|Hydro Pump|p2a: Scizor
|-damage|p2a: Scizor|0 fnt
|faint|p2a: Scizor
|
|upkeep
|
|t:|1760449723
|switch|p2a: Dudunsparce|Dudunsparce-Three-Segment, M|100/100
|turn|9
|
|t:|1760449749
|move|p1a: Rotom|Volt Switch|p2a: Dudunsparce
|-damage|p2a: Dudunsparce|79/100
|
|t:|1760449752
|switch|p1a: Lokix|Lokix, F|81/100|[from] Volt Switch
|move|p2a: Dudunsparce|Calm Mind|p2a: Dudunsparce
|-boost|p2a: Dudunsparce|spa|1
|-boost|p2a: Dudunsparce|spd|1
|
|-heal|p2a: Dudunsparce|86/100|[from] item: Leftovers
|upkeep
|turn|10
|
|t:|1760449757
|move|p1a: Lokix|Knock Off|p2a: Dudunsparce
|-damage|p2a: Dudunsparce|40/100
|-ability|p2a: Dudunsparce|Rattled|boost
|-boost|p2a: Dudunsparce|spe|1
|-enditem|p2a: Dudunsparce|Leftovers|[from] move: Knock Off|[of] p1a: Lokix
|-damage|p1a: Lokix|71/100|[from] item: Life Orb
|move|p2a: Dudunsparce|Boomburst|p1a: Lokix
|-damage|p1a: Lokix|0 fnt
|faint|p1a: Lokix
|
|upkeep
|
|t:|1760449764
|switch|p1a: Arcanine|Arcanine-Hisui, F|100/100
|turn|11
|
|t:|1760449768
|move|p1a: Arcanine|Head Smash|p2a: Dudunsparce|[miss]
|-miss|p1a: Arcanine|p2a: Dudunsparce
|move|p2a: Dudunsparce|Roost|p2a: Dudunsparce
|-heal|p2a: Dudunsparce|90/100
|-singleturn|p2a: Dudunsparce|move: Roost
|
|upkeep
|turn|12
|
|t:|1760449773
|move|p1a: Arcanine|Flame Charge|p2a: Dudunsparce
|-damage|p2a: Dudunsparce|64/100
|-boost|p1a: Arcanine|spe|1
|-damage|p1a: Arcanine|91/100|[from] item: Life Orb
|move|p2a: Dudunsparce|Shadow Ball|p1a: Arcanine
|-damage|p1a: Arcanine|62/100
|
|upkeep
|turn|13
|
|t:|1760449776
|move|p1a: Arcanine|Head Smash|p2a: Dudunsparce|[miss]
|-miss|p1a: Arcanine|p2a: Dudunsparce
|move|p2a: Dudunsparce|Shadow Ball|p1a: Arcanine
|-damage|p1a: Arcanine|33/100
|-unboost|p1a: Arcanine|spd|1
|
|upkeep
|turn|14
|c|☆are you jesus?|hmmmmmmmmmm
|
|t:|1760449784
|move|p1a: Arcanine|Head Smash|p2a: Dudunsparce
|-crit|p2a: Dudunsparce
|-damage|p2a: Dudunsparce|0 fnt
|faint|p2a: Dudunsparce
|-damage|p1a: Arcanine|23/100|[from] item: Life Orb
|
|upkeep
|
|t:|1760449788
|switch|p2a: Golurk|Golurk|100/100
|turn|15
|
|t:|1760449792
|move|p1a: Arcanine|Head Smash|p2a: Golurk
|-resisted|p2a: Golurk
|-damage|p2a: Golurk|53/100
|-damage|p1a: Arcanine|13/100|[from] item: Life Orb
|move|p2a: Golurk|Earthquake|p1a: Arcanine
|-supereffective|p1a: Arcanine
|-damage|p1a: Arcanine|0 fnt
|faint|p1a: Arcanine
|
|upkeep
|
|t:|1760449797
|switch|p1a: Chandelure|Chandelure, M|100/100
|turn|16
|
|t:|1760449800
|move|p1a: Chandelure|Shadow Ball|p2a: Golurk
|-supereffective|p2a: Golurk
|-damage|p2a: Golurk|0 fnt
|faint|p2a: Golurk
|
|upkeep
|
|t:|1760449806
|switch|p2a: Alcremie|Alcremie, F|100/100
|turn|17
|
|t:|1760449810
|switch|p1a: Rotom|Rotom-Wash|23/100
|move|p2a: Alcremie|Calm Mind|p2a: Alcremie
|-boost|p2a: Alcremie|spa|1
|-boost|p2a: Alcremie|spd|1
|
|upkeep
|turn|18
|
|t:|1760449813
|move|p1a: Rotom|Hydro Pump|p2a: Alcremie
|-damage|p2a: Alcremie|77/100
|move|p2a: Alcremie|Alluring Voice|p1a: Rotom
|-damage|p1a: Rotom|0 fnt
|faint|p1a: Rotom
|
|-heal|p2a: Alcremie|83/100|[from] item: Leftovers
|upkeep
|
|t:|1760449820
|switch|p1a: Chandelure|Chandelure, M|100/100
|turn|19
|
|t:|1760449824
|-terastallize|p2a: Alcremie|Ground
|move|p1a: Chandelure|Trick|p2a: Alcremie
|-activate|p1a: Chandelure|move: Trick|[of] p2a: Alcremie
|-item|p2a: Alcremie|Choice Scarf|[from] move: Trick
|-item|p1a: Chandelure|Leftovers|[from] move: Trick
|move|p2a: Alcremie|Tera Blast|p1a: Chandelure|[anim] Tera Blast Ground
|-supereffective|p1a: Chandelure
|-damage|p1a: Chandelure|0 fnt
|faint|p1a: Chandelure
|
|upkeep
|
|t:|1760449831
|switch|p1a: Slowking|Slowking, F|100/100
|turn|20
|
|t:|1760449835
|move|p2a: Alcremie|Tera Blast|p1a: Slowking|[anim] Tera Blast Ground
|-crit|p1a: Slowking
|-damage|p1a: Slowking|64/100
|move|p1a: Slowking|Scald|p2a: Alcremie
|-supereffective|p2a: Alcremie
|-damage|p2a: Alcremie|59/100
|-status|p2a: Alcremie|brn
|
|-heal|p1a: Slowking|71/100|[from] item: Leftovers
|-damage|p2a: Alcremie|53/100 brn|[from] brn
|upkeep
|turn|21
|
|t:|1760449840
|move|p2a: Alcremie|Tera Blast|p1a: Slowking|[anim] Tera Blast Ground
|-damage|p1a: Slowking|47/100
|move|p1a: Slowking|Scald|p2a: Alcremie
|-supereffective|p2a: Alcremie
|-damage|p2a: Alcremie|28/100 brn
|
|-heal|p1a: Slowking|53/100|[from] item: Leftovers
|-damage|p2a: Alcremie|22/100 brn|[from] brn
|upkeep
|turn|22
|
|t:|1760449843
|move|p2a: Alcremie|Tera Blast|p1a: Slowking|[anim] Tera Blast Ground
|-damage|p1a: Slowking|26/100
|move|p1a: Slowking|Slack Off|p1a: Slowking
|-heal|p1a: Slowking|76/100
|
|-heal|p1a: Slowking|82/100|[from] item: Leftovers
|-damage|p2a: Alcremie|16/100 brn|[from] brn
|upkeep
|turn|23
|
|t:|1760449846
|move|p2a: Alcremie|Tera Blast|p1a: Slowking|[anim] Tera Blast Ground
|-damage|p1a: Slowking|55/100
|move|p1a: Slowking|Scald|p2a: Alcremie
|-supereffective|p2a: Alcremie
|-damage|p2a: Alcremie|0 fnt
|faint|p2a: Alcremie
|
|-heal|p1a: Slowking|61/100|[from] item: Leftovers
|upkeep
|
|t:|1760449849
|switch|p2a: Squawkabilly|Squawkabilly, M|100/100
|turn|24
|
|t:|1760449853
|move|p2a: Squawkabilly|Brave Bird|p1a: Slowking
|-damage|p1a: Slowking|0 fnt
|faint|p1a: Slowking
|-damage|p2a: Squawkabilly|75/100|[from] Recoil
|
|win|the.ramen.gang
|raw|are you jesus?'s rating: 1070 &rarr; <strong>1049</strong><br />(-21 for losing)
|raw|the.ramen.gang's rating: 1067 &rarr; <strong>1097</strong><br />(+30 for winning)
|l|☆are you jesus?
|player|p1|
|l|☆the.ramen.gang
|player|p2|
