|j|☆Archualudon=$
|j|☆fire punch (manga)
|t:|1760350058
|gametype|singles
|player|p1|Archualudon=$|drayton|1320
|player|p2|fire punch (manga)|bea|1332
|gen|9
|tier|[Gen 9] OU
|rated|
|rule|HP Percentage Mod: HP is shown in percentages
|rule|Endless Battle Clause: Forcing endless battles is banned
|rule|Species Clause: Limit one of each Pokémon
|rule|OHKO Clause: OHKO moves are banned
|rule|Evasion Items Clause: Evasion items are banned
|rule|Evasion Moves Clause: Evasion moves are banned
|rule|Evasion Abilities Clause: Evasion abilities are banned
|rule|Sleep Moves Clause: Sleep-inducing moves are banned
|clearpoke
|poke|p1|Glimmora, F|
|poke|p1|Ting-Lu|
|poke|p1|Ogerpon-Wellspring, F|
|poke|p1|Great Tusk|
|poke|p1|Scizor, M|
|poke|p1|Kyurem|
|poke|p2|Ogerpon-Cornerstone, F|
|poke|p2|Iron Moth|
|poke|p2|Ceruledge, M|
|poke|p2|Rillaboom, M|
|poke|p2|Iron Hands|
|poke|p2|Kingambit, M|
|teampreview
|inactive|Battle timer is ON: inactive players will automatically lose when time's up. (requested by fire punch (manga))
|
|t:|1760350082
|teamsize|p1|6
|teamsize|p2|6
|start
|switch|p1a: Kyurem|Kyurem|100/100
|switch|p2a: Ogerpon|Ogerpon-Cornerstone, F|100/100
|-ability|p1a: Kyurem|Pressure
|turn|1
|
|t:|1760350096
|switch|p1a: Glimmora|Glimmora, F|100/100
|move|p2a: Ogerpon|Taunt|p1a: Glimmora
|-start|p1a: Glimmora|move: Taunt
|
|upkeep
|turn|2
|
|t:|1760350102
|move|p2a: Ogerpon|Power Whip|p1a: Glimmora|[miss]
|-miss|p2a: Ogerpon|p1a: Glimmora
|move|p1a: Glimmora|Mortal Spin|p2a: Ogerpon
|-damage|p2a: Ogerpon|93/100
|-status|p2a: Ogerpon|psn
|
|-damage|p2a: Ogerpon|80/100 psn|[from] psn
|upkeep
|turn|3
|
|t:|1760350111
|switch|p1a: Scizor|Scizor, M|100/100
|move|p2a: Ogerpon|Power Whip|p1a: Scizor
|-resisted|p1a: Scizor
|-damage|p1a: Scizor|80/100
|
|-damage|p2a: Ogerpon|68/100 psn|[from] psn
|upkeep
|turn|4
|
|t:|1760350119
|move|p2a: Ogerpon|Spikes|p1a: Scizor
|-sidestart|p1: Archualudon=$|Spikes
|move|p1a: Scizor|Knock Off|p2a: Ogerpon
|-damage|p2a: Ogerpon|29/100 psn
|-damage|p1a: Scizor|70/100|[from] item: Life Orb
|
|-damage|p2a: Ogerpon|17/100 psn|[from] psn
|upkeep
|turn|5
|
|t:|1760350127
|move|p1a: Scizor|Bullet Punch|p2a: Ogerpon
|-supereffective|p2a: Ogerpon
|-damage|p2a: Ogerpon|0 fnt
|faint|p2a: Ogerpon
|-damage|p1a: Scizor|60/100|[from] item: Life Orb
|
|upkeep
|
|t:|1760350134
|switch|p2a: Ceruledge|Ceruledge, M, shiny|100/100
|turn|6
|
|t:|1760350139
|move|p2a: Ceruledge|Swords Dance|p2a: Ceruledge
|-boost|p2a: Ceruledge|atk|2
|move|p1a: Scizor|Knock Off|p2a: Ceruledge
|-supereffective|p2a: Ceruledge
|-crit|p2a: Ceruledge
|-enditem|p2a: Ceruledge|Focus Sash
|-damage|p2a: Ceruledge|1/100
|-ability|p2a: Ceruledge|Weak Armor|boost
|-unboost|p2a: Ceruledge|def|1
|-boost|p2a: Ceruledge|spe|2
|-damage|p1a: Scizor|50/100|[from] item: Life Orb
|
|upkeep
|turn|7
|
|t:|1760350150
|move|p2a: Ceruledge|Shadow Sneak|p1a: Scizor
|-damage|p1a: Scizor|5/100
|move|p1a: Scizor|Bullet Punch|p2a: Ceruledge
|-resisted|p2a: Ceruledge
|-damage|p2a: Ceruledge|0 fnt
|faint|p2a: Ceruledge
|-damage|p1a: Scizor|0 fnt|[from] item: Life Orb
|faint|p1a: Scizor
|
|upkeep
|
|t:|1760350161
|switch|p2a: Iron Hands|Iron Hands|100/100
|switch|p1a: Great Tusk|Great Tusk|100/100
|-damage|p1a: Great Tusk|88/100|[from] Spikes
|-enditem|p1a: Great Tusk|Booster Energy
|-activate|p1a: Great Tusk|ability: Protosynthesis|[fromitem]
|-start|p1a: Great Tusk|protosynthesisspe
|turn|8
|
|t:|1760350168
|move|p1a: Great Tusk|Rapid Spin|p2a: Iron Hands
|-damage|p2a: Iron Hands|90/100
|-boost|p1a: Great Tusk|spe|1
|-sideend|p1: Archualudon=$|Spikes|[from] move: Rapid Spin|[of] p1a: Great Tusk
|move|p2a: Iron Hands|Ice Punch|p1a: Great Tusk
|-supereffective|p1a: Great Tusk
|-damage|p1a: Great Tusk|47/100
|
|-heal|p2a: Iron Hands|96/100|[from] item: Leftovers
|upkeep
|turn|9
|
|t:|1760350178
|move|p1a: Great Tusk|Bulk Up|p1a: Great Tusk
|-boost|p1a: Great Tusk|atk|1
|-boost|p1a: Great Tusk|def|1
|move|p2a: Iron Hands|Ice Punch|p1a: Great Tusk
|-supereffective|p1a: Great Tusk
|-damage|p1a: Great Tusk|23/100
|
|-heal|p2a: Iron Hands|100/100|[from] item: Leftovers
|upkeep
|turn|10
|
|t:|1760350189
|move|p1a: Great Tusk|Bulk Up|p1a: Great Tusk
|-boost|p1a: Great Tusk|atk|1
|-boost|p1a: Great Tusk|def|1
|move|p2a: Iron Hands|Ice Punch|p1a: Great Tusk
|-supereffective|p1a: Great Tusk
|-damage|p1a: Great Tusk|4/100
|
|upkeep
|turn|11
|
|t:|1760350196
|move|p1a: Great Tusk|Headlong Rush|p2a: Iron Hands
|-supereffective|p2a: Iron Hands
|-damage|p2a: Iron Hands|0 fnt
|-unboost|p1a: Great Tusk|def|1
|-unboost|p1a: Great Tusk|spd|1
|faint|p2a: Iron Hands
|-end|p2a: Iron Hands|Quark Drive|[silent]
|
|upkeep
|
|t:|1760350203
|switch|p2a: Iron Moth|Iron Moth|100/100
|-enditem|p2a: Iron Moth|Booster Energy
|-activate|p2a: Iron Moth|ability: Quark Drive|[fromitem]
|-start|p2a: Iron Moth|quarkdrivespe
|turn|12
|
|t:|1760350208
|move|p1a: Great Tusk|Headlong Rush|p2a: Iron Moth
|-supereffective|p2a: Iron Moth
|-damage|p2a: Iron Moth|0 fnt
|-unboost|p1a: Great Tusk|def|1
|-unboost|p1a: Great Tusk|spd|1
|faint|p2a: Iron Moth
|-end|p2a: Iron Moth|Quark Drive|[silent]
|
|upkeep
|
|t:|1760350215
|switch|p2a: Rillaboom|Rillaboom, M|100/100
|-fieldstart|move: Grassy Terrain|[from] ability: Grassy Surge|[of] p2a: Rillaboom
|turn|13
|
|t:|1760350219
|move|p2a: Rillaboom|Grassy Glide|p1a: Great Tusk
|-supereffective|p1a: Great Tusk
|-damage|p1a: Great Tusk|0 fnt
|faint|p1a: Great Tusk
|-end|p1a: Great Tusk|Protosynthesis|[silent]
|-damage|p2a: Rillaboom|91/100|[from] item: Life Orb
|
|-heal|p2a: Rillaboom|97/100|[from] Grassy Terrain
|upkeep
|
|t:|1760350222
|switch|p1a: Glimmora|Glimmora, F|100/100
|turn|14
|
|t:|1760350231
|move|p1a: Glimmora|Memento|p2a: Rillaboom
|-unboost|p2a: Rillaboom|atk|2
|-unboost|p2a: Rillaboom|spa|2
|faint|p1a: Glimmora
|move|p2a: Rillaboom|Drain Punch|p1: Glimmora|[notarget]
|-fail|p2a: Rillaboom
|
|-heal|p2a: Rillaboom|100/100|[from] Grassy Terrain
|upkeep
|
|t:|1760350235
|switch|p1a: Ting-Lu|Ting-Lu|100/100
|-ability|p1a: Ting-Lu|Vessel of Ruin
|turn|15
|
|t:|1760350243
|move|p2a: Rillaboom|Swords Dance|p2a: Rillaboom
|-boost|p2a: Rillaboom|atk|2
|move|p1a: Ting-Lu|Whirlwind|p2a: Rillaboom
|drag|p2a: Guts|Kingambit, M|100/100
|-activate|p2a: Guts|ability: Supreme Overlord
|-start|p2a: Guts|fallen4|[silent]
|
|upkeep
|turn|16
|
|t:|1760350252
|-end|p2a: Guts|fallen4|[silent]
|switch|p2a: Rillaboom|Rillaboom, M|100/100
|move|p1a: Ting-Lu|Ruination|p2a: Rillaboom
|-damage|p2a: Rillaboom|51/100
|
|-heal|p2a: Rillaboom|57/100|[from] Grassy Terrain
|upkeep
|turn|17
|
|t:|1760350260
|move|p2a: Rillaboom|Grassy Glide|p1a: Ting-Lu
|-supereffective|p1a: Ting-Lu
|-crit|p1a: Ting-Lu
|-damage|p1a: Ting-Lu|41/100
|-damage|p2a: Rillaboom|47/100|[from] item: Life Orb
|move|p1a: Ting-Lu|Whirlwind|p2a: Rillaboom
|drag|p2a: Guts|Kingambit, M|100/100
|-activate|p2a: Guts|ability: Supreme Overlord
|-start|p2a: Guts|fallen4|[silent]
|
|-heal|p1a: Ting-Lu|47/100|[from] Grassy Terrain
|-heal|p1a: Ting-Lu|53/100|[from] item: Leftovers
|-fieldend|move: Grassy Terrain
|upkeep
|turn|18
|
|t:|1760350272
|-end|p2a: Guts|fallen4|[silent]
|switch|p2a: Rillaboom|Rillaboom, M|47/100
|-fieldstart|move: Grassy Terrain|[from] ability: Grassy Surge|[of] p2a: Rillaboom
|move|p1a: Ting-Lu|Earthquake|p2a: Rillaboom
|-resisted|p2a: Rillaboom
|-damage|p2a: Rillaboom|36/100
|
|-heal|p2a: Rillaboom|42/100|[from] Grassy Terrain
|-heal|p1a: Ting-Lu|59/100|[from] Grassy Terrain
|-heal|p1a: Ting-Lu|66/100|[from] item: Leftovers
|upkeep
|turn|19
|
|t:|1760350283
|move|p2a: Rillaboom|Grassy Glide|p1a: Ting-Lu
|-supereffective|p1a: Ting-Lu
|-damage|p1a: Ting-Lu|25/100
|-damage|p2a: Rillaboom|32/100|[from] item: Life Orb
|move|p1a: Ting-Lu|Whirlwind|p2a: Rillaboom
|drag|p2a: Guts|Kingambit, M|100/100
|-activate|p2a: Guts|ability: Supreme Overlord
|-start|p2a: Guts|fallen4|[silent]
|
|-heal|p1a: Ting-Lu|31/100|[from] Grassy Terrain
|-heal|p1a: Ting-Lu|37/100|[from] item: Leftovers
|upkeep
|turn|20
|
|t:|1760350295
|-end|p2a: Guts|fallen4|[silent]
|switch|p2a: Rillaboom|Rillaboom, M|32/100
|move|p1a: Ting-Lu|Spikes|p2a: Rillaboom
|-sidestart|p2: fire punch (manga)|Spikes
|
|-heal|p2a: Rillaboom|39/100|[from] Grassy Terrain
|-heal|p1a: Ting-Lu|43/100|[from] Grassy Terrain
|-heal|p1a: Ting-Lu|50/100|[from] item: Leftovers
|upkeep
|turn|21
|
|t:|1760350303
|move|p2a: Rillaboom|Drain Punch|p1a: Ting-Lu
|-supereffective|p1a: Ting-Lu
|-damage|p1a: Ting-Lu|20/100
|-heal|p2a: Rillaboom|61/100|[from] drain|[of] p1a: Ting-Lu
|-damage|p2a: Rillaboom|51/100|[from] item: Life Orb
|move|p1a: Ting-Lu|Whirlwind|p2a: Rillaboom
|drag|p2a: Guts|Kingambit, M|100/100
|-damage|p2a: Guts|88/100|[from] Spikes
|-activate|p2a: Guts|ability: Supreme Overlord
|-start|p2a: Guts|fallen4|[silent]
|
|-heal|p2a: Guts|94/100|[from] Grassy Terrain
|-heal|p1a: Ting-Lu|26/100|[from] Grassy Terrain
|-heal|p1a: Ting-Lu|33/100|[from] item: Leftovers
|upkeep
|turn|22
|
|t:|1760350323
|-end|p2a: Guts|fallen4|[silent]
|switch|p2a: Rillaboom|Rillaboom, M|51/100
|-damage|p2a: Rillaboom|39/100|[from] Spikes
|move|p1a: Ting-Lu|Spikes|p2a: Rillaboom
|-sidestart|p2: fire punch (manga)|Spikes
|
|-heal|p2a: Rillaboom|45/100|[from] Grassy Terrain
|-heal|p1a: Ting-Lu|39/100|[from] Grassy Terrain
|-heal|p1a: Ting-Lu|45/100|[from] item: Leftovers
|-fieldend|move: Grassy Terrain
|upkeep
|turn|23
|inactive|Archualudon=$ has 120 seconds left.
|
|t:|1760350361
|move|p2a: Rillaboom|Swords Dance|p2a: Rillaboom
|-boost|p2a: Rillaboom|atk|2
|move|p1a: Ting-Lu|Ruination|p2a: Rillaboom
|-damage|p2a: Rillaboom|23/100
|
|-heal|p1a: Ting-Lu|51/100|[from] item: Leftovers
|upkeep
|turn|24
|
|t:|1760350369
|-terastallize|p1a: Ting-Lu|Ghost
|move|p2a: Rillaboom|Drain Punch|p1a: Ting-Lu
|-immune|p1a: Ting-Lu
|move|p1a: Ting-Lu|Whirlwind|p2a: Rillaboom
|drag|p2a: Guts|Kingambit, M|94/100
|-damage|p2a: Guts|78/100|[from] Spikes
|-activate|p2a: Guts|ability: Supreme Overlord
|-start|p2a: Guts|fallen4|[silent]
|
|-heal|p1a: Ting-Lu|58/100|[from] item: Leftovers
|upkeep
|turn|25
|
|t:|1760350380
|move|p2a: Guts|Kowtow Cleave|p1a: Ting-Lu
|-supereffective|p1a: Ting-Lu
|-damage|p1a: Ting-Lu|0 fnt
|faint|p1a: Ting-Lu
|
|upkeep
|
|t:|1760350389
|switch|p1a: Kyurem|Kyurem|100/100
|-ability|p1a: Kyurem|Pressure
|turn|26
|
|t:|1760350401
|-terastallize|p2a: Guts|Fairy
|move|p1a: Kyurem|Earth Power|p2a: Guts
|-damage|p2a: Guts|21/100
|move|p2a: Guts|Swords Dance|p2a: Guts
|-boost|p2a: Guts|atk|2
|
|upkeep
|turn|27
|
|t:|1760350408
|move|p1a: Kyurem|Earth Power|p2a: Guts
|-damage|p2a: Guts|0 fnt
|faint|p2a: Guts
|-end|p2a: Guts|fallen4|[silent]
|
|upkeep
|
|t:|1760350412
|switch|p2a: Rillaboom|Rillaboom, M|23/100
|-damage|p2a: Rillaboom|6/100|[from] Spikes
|-fieldstart|move: Grassy Terrain|[from] ability: Grassy Surge|[of] p2a: Rillaboom
|turn|28
|
|t:|1760350418
|move|p1a: Kyurem|Earth Power|p2a: Rillaboom
|-resisted|p2a: Rillaboom
|-damage|p2a: Rillaboom|0 fnt
|faint|p2a: Rillaboom
|
|win|Archualudon=$
|raw|Archualudon=$'s rating: 1320 &rarr; <strong>1341</strong><br />(+21 for winning)
|raw|fire punch (manga)'s rating: 1332 &rarr; <strong>1311</strong><br />(-21 for losing)
|l|☆fire punch (manga)
|player|p2|
|c|☆Archualudon=$|turn 14-15
