|j|☆redaceboom
|j|‽Morthill
|t:|1760406737
|gametype|singles
|player|p1|redaceboom|266|1284
|player|p2|Morthill|265|1296
|gen|9
|tier|[Gen 9] OU
|rated|
|rule|HP Percentage Mod: HP is shown in percentages
|rule|Endless Battle Clause: Forcing endless battles is banned
|rule|Species Clause: Limit one of each Pokémon
|rule|OHKO Clause: OHKO moves are banned
|rule|Evasion Items Clause: Evasion items are banned
|rule|Evasion Moves Clause: Evasion moves are banned
|rule|Evasion Abilities Clause: Evasion abilities are banned
|rule|Sleep Moves Clause: Sleep-inducing moves are banned
|clearpoke
|poke|p1|Pecharunt|
|poke|p1|Walking Wake|
|poke|p1|Torkoal, M|
|poke|p1|Raging Bolt|
|poke|p1|Lilligant-Hisui, F|
|poke|p1|Great Tusk|
|poke|p2|Slowking-Galar, M|
|poke|p2|Ninetales-Alola, F|
|poke|p2|Cetitan, M|
|poke|p2|Frosmoth, M|
|poke|p2|Avalugg, M|
|poke|p2|Kyurem|
|teampreview
|inactive|Battle timer is ON: inactive players will automatically lose when time's up. (requested by Morthill)
|
|t:|1760406747
|teamsize|p1|6
|teamsize|p2|6
|start
|switch|p1a: Walking Wake|Walking Wake|100/100
|switch|p2a: Kyurem|Kyurem|100/100
|-ability|p2a: Kyurem|Pressure
|turn|1
|
|t:|1760406754
|move|p1a: Walking Wake|Draco Meteor|p2a: Kyurem
|-supereffective|p2a: Kyurem
|-damage|p2a: Kyurem|12/100
|-unboost|p1a: Walking Wake|spa|2
|move|p2a: Kyurem|Draco Meteor|p1a: Walking Wake
|-supereffective|p1a: Walking Wake
|-damage|p1a: Walking Wake|0 fnt
|-unboost|p2a: Kyurem|spa|2
|faint|p1a: Walking Wake
|-end|p1a: Walking Wake|Protosynthesis|[silent]
|
|upkeep
|
|t:|1760406767
|switch|p1a: Pecharunt|Pecharunt|100/100
|turn|2
|
|t:|1760406771
|move|p2a: Kyurem|Earth Power|p1a: Pecharunt
|-supereffective|p1a: Pecharunt
|-damage|p1a: Pecharunt|75/100
|move|p1a: Pecharunt|Malignant Chain|p2a: Kyurem
|-damage|p2a: Kyurem|0 fnt
|faint|p2a: Kyurem
|
|-heal|p1a: Pecharunt|81/100|[from] item: Black Sludge
|upkeep
|
|t:|1760406776
|switch|p2a: Slowking|Slowking-Galar, M|100/100
|turn|3
|
|t:|1760406779
|move|p1a: Pecharunt|Hex|p2a: Slowking
|-supereffective|p2a: Slowking
|-crit|p2a: Slowking
|-damage|p2a: Slowking|66/100
|move|p2a: Slowking|Psychic|p1a: Pecharunt
|-supereffective|p1a: Pecharunt
|-damage|p1a: Pecharunt|18/100
|
|-heal|p1a: Pecharunt|24/100|[from] item: Black Sludge
|upkeep
|turn|4
|
|t:|1760406790
|move|p1a: Pecharunt|Parting Shot|p2a: Slowking
|-unboost|p2a: Slowking|atk|1
|-unboost|p2a: Slowking|spa|1
|
|t:|1760406796
|switch|p1a: Great Tusk|Great Tusk|100/100|[from] Parting Shot
|move|p2a: Slowking|Psychic|p1a: Great Tusk
|-supereffective|p1a: Great Tusk
|-damage|p1a: Great Tusk|39/100
|
|upkeep
|turn|5
|
|t:|1760406801
|switch|p2a: Avalugg|Avalugg, M, shiny|100/100
|move|p1a: Great Tusk|Headlong Rush|p2a: Avalugg
|-damage|p2a: Avalugg|74/100
|-unboost|p1a: Great Tusk|def|1
|-unboost|p1a: Great Tusk|spd|1
|-damage|p1a: Great Tusk|23/100|[from] item: Rocky Helmet|[of] p2a: Avalugg
|
|upkeep
|turn|6
|inactive|redaceboom has 120 seconds left.
|
|t:|1760406840
|move|p1a: Great Tusk|Close Combat|p2a: Avalugg
|-supereffective|p2a: Avalugg
|-damage|p2a: Avalugg|16/100
|-unboost|p1a: Great Tusk|def|1
|-unboost|p1a: Great Tusk|spd|1
|-damage|p1a: Great Tusk|6/100|[from] item: Rocky Helmet|[of] p2a: Avalugg
|move|p2a: Avalugg|Body Press|p1a: Great Tusk
|-damage|p1a: Great Tusk|0 fnt
|faint|p1a: Great Tusk
|-end|p1a: Great Tusk|Protosynthesis|[silent]
|
|upkeep
|
|t:|1760406845
|switch|p1a: Pecharunt|Pecharunt|24/100
|turn|7
|
|t:|1760406864
|switch|p2a: Slowking|Slowking-Galar, M|99/100
|move|p1a: Pecharunt|Recover|p1a: Pecharunt
|-heal|p1a: Pecharunt|74/100
|
|-heal|p1a: Pecharunt|80/100|[from] item: Black Sludge
|upkeep
|turn|8
|
|t:|1760406875
|move|p1a: Pecharunt|Parting Shot|p2a: Slowking
|-unboost|p2a: Slowking|atk|1
|-unboost|p2a: Slowking|spa|1
|
|t:|1760406878
|switch|p1a: Torkoal|Torkoal, M|100/100|[from] Parting Shot
|-weather|SunnyDay|[from] ability: Drought|[of] p1a: Torkoal
|move|p2a: Slowking|Psychic|p1a: Torkoal
|-damage|p1a: Torkoal|74/100
|
|-weather|SunnyDay|[upkeep]
|upkeep
|turn|9
|
|t:|1760406884
|switch|p2a: Ninetales|Ninetales-Alola, F|100/100
|-weather|Snowscape|[from] ability: Snow Warning|[of] p2a: Ninetales
|move|p1a: Torkoal|Overheat|p2a: Ninetales
|-supereffective|p2a: Ninetales
|-damage|p2a: Ninetales|9/100
|-unboost|p1a: Torkoal|spa|2
|
|-weather|Snowscape|[upkeep]
|upkeep
|turn|10
|
|t:|1760406891
|switch|p1a: Pecharunt|Pecharunt|80/100
|move|p2a: Ninetales|Aurora Veil|p2a: Ninetales
|-sidestart|p2: Morthill|move: Aurora Veil
|
|-weather|Snowscape|[upkeep]
|-heal|p1a: Pecharunt|86/100|[from] item: Black Sludge
|upkeep
|turn|11
|
|t:|1760406896
|move|p2a: Ninetales|Dark Pulse|p1a: Pecharunt
|-supereffective|p1a: Pecharunt
|-damage|p1a: Pecharunt|58/100
|move|p1a: Pecharunt|Malignant Chain|p2a: Ninetales
|-supereffective|p2a: Ninetales
|-damage|p2a: Ninetales|0 fnt
|faint|p2a: Ninetales
|
|-weather|Snowscape|[upkeep]
|-heal|p1a: Pecharunt|64/100|[from] item: Black Sludge
|upkeep
|
|t:|1760406906
|switch|p2a: Slowking|Slowking-Galar, M|100/100
|turn|12
|
|t:|1760406910
|move|p1a: Pecharunt|Parting Shot|p2a: Slowking
|-unboost|p2a: Slowking|atk|1
|-unboost|p2a: Slowking|spa|1
|
|t:|1760406912
|switch|p1a: Torkoal|Torkoal, M|74/100|[from] Parting Shot
|-weather|SunnyDay|[from] ability: Drought|[of] p1a: Torkoal
|move|p2a: Slowking|Psychic|p1a: Torkoal
|-damage|p1a: Torkoal|49/100
|
|-weather|SunnyDay|[upkeep]
|upkeep
|turn|13
|
|t:|1760406920
|move|p2a: Slowking|Sludge Bomb|p1a: Torkoal
|-damage|p1a: Torkoal|23/100
|-status|p1a: Torkoal|psn
|move|p1a: Torkoal|Stealth Rock|p2a: Slowking
|-sidestart|p2: Morthill|move: Stealth Rock
|
|-weather|SunnyDay|[upkeep]
|-damage|p1a: Torkoal|11/100 psn|[from] psn
|upkeep
|turn|14
|
|t:|1760406925
|move|p2a: Slowking|Sludge Bomb|p1a: Torkoal
|-damage|p1a: Torkoal|0 fnt
|faint|p1a: Torkoal
|
|-weather|SunnyDay|[upkeep]
|-sideend|p2: Morthill|move: Aurora Veil
|upkeep
|
|t:|1760406931
|switch|p1a: Raging Bolt|Raging Bolt|100/100
|-activate|p1a: Raging Bolt|ability: Protosynthesis
|-start|p1a: Raging Bolt|protosynthesisspa
|turn|15
|
|t:|1760406936
|move|p1a: Raging Bolt|Weather Ball|p2a: Slowking
|-damage|p2a: Slowking|61/100
|move|p2a: Slowking|Sludge Bomb|p1a: Raging Bolt
|-damage|p1a: Raging Bolt|86/100
|
|-weather|SunnyDay|[upkeep]
|upkeep
|turn|16
|
|t:|1760406942
|move|p1a: Raging Bolt|Weather Ball|p2a: Slowking
|-damage|p2a: Slowking|19/100
|move|p2a: Slowking|Sludge Bomb|p1a: Raging Bolt
|-damage|p1a: Raging Bolt|72/100
|
|-weather|SunnyDay|[upkeep]
|upkeep
|turn|17
|
|t:|1760406952
|move|p1a: Raging Bolt|Weather Ball|p2a: Slowking
|-damage|p2a: Slowking|0 fnt
|faint|p2a: Slowking
|
|-weather|SunnyDay|[upkeep]
|upkeep
|
|t:|1760406954
|switch|p2a: Frosmoth|Frosmoth, M, shiny|100/100
|turn|18
|
|t:|1760406956
|-terastallize|p2a: Frosmoth|Ground
|move|p1a: Raging Bolt|Weather Ball|p2a: Frosmoth
|-damage|p2a: Frosmoth|66/100
|move|p2a: Frosmoth|Quiver Dance|p2a: Frosmoth
|-boost|p2a: Frosmoth|spa|1
|-boost|p2a: Frosmoth|spd|1
|-boost|p2a: Frosmoth|spe|1
|
|-weather|SunnyDay|[upkeep]
|upkeep
|turn|19
|
|t:|1760406964
|-terastallize|p1a: Raging Bolt|Electric
|move|p2a: Frosmoth|Quiver Dance|p2a: Frosmoth
|-boost|p2a: Frosmoth|spa|1
|-boost|p2a: Frosmoth|spd|1
|-boost|p2a: Frosmoth|spe|1
|move|p1a: Raging Bolt|Draco Meteor|p2a: Frosmoth
|-damage|p2a: Frosmoth|47/100
|-unboost|p1a: Raging Bolt|spa|2
|
|-weather|none
|-end|p1a: Raging Bolt|Protosynthesis
|upkeep
|turn|20
|
|t:|1760406969
|move|p2a: Frosmoth|Quiver Dance|p2a: Frosmoth
|-boost|p2a: Frosmoth|spa|1
|-boost|p2a: Frosmoth|spd|1
|-boost|p2a: Frosmoth|spe|1
|move|p1a: Raging Bolt|Draco Meteor|p2a: Frosmoth
|-damage|p2a: Frosmoth|40/100
|-unboost|p1a: Raging Bolt|spa|2
|
|upkeep
|turn|21
|-message|redaceboom forfeited.
|
|win|Morthill
|raw|redaceboom's rating: 1284 &rarr; <strong>1260</strong><br />(-24 for losing)
|raw|Morthill's rating: 1296 &rarr; <strong>1320</strong><br />(+24 for winning)
|l|☆redaceboom
|player|p1|
|l|‽Morthill
|player|p2|
