|j|☆Manuhker
|j|☆nrkjr45
|t:|1760366033
|gametype|singles
|player|p1|Manuhker|pryce|1404
|player|p2|nrkjr45|volkner|1384
|gen|9
|tier|[Gen 9] OU
|rated|
|rule|HP Percentage Mod: HP is shown in percentages
|rule|Endless Battle Clause: Forcing endless battles is banned
|rule|Species Clause: Limit one of each Pokémon
|rule|OHKO Clause: OHKO moves are banned
|rule|Evasion Items Clause: Evasion items are banned
|rule|Evasion Moves Clause: Evasion moves are banned
|rule|Evasion Abilities Clause: Evasion abilities are banned
|rule|Sleep Moves Clause: Sleep-inducing moves are banned
|clearpoke
|poke|p1|Ogerpon-Cornerstone, F|
|poke|p1|Typhlosion-Hisui, M|
|poke|p1|Weavile, F|
|poke|p1|Corviknight, M|
|poke|p1|Sandy Shocks|
|poke|p1|Vaporeon, M|
|poke|p2|Jirachi|
|poke|p2|Maushold-Four|
|poke|p2|Primarina, F|
|poke|p2|Iron Crown|
|poke|p2|Garganacl, M|
|poke|p2|Landorus-Therian, M|
|teampreview
|inactive|Battle timer is ON: inactive players will automatically lose when time's up. (requested by nrkjr45)
|
|t:|1760366041
|teamsize|p1|6
|teamsize|p2|6
|start
|switch|p1a: Corviknight|Corviknight, M|100/100
|switch|p2a: Jirachi|Jirachi|100/100
|turn|1
|
|t:|1760366049
|move|p2a: Jirachi|Body Slam|p1a: Corviknight
|-resisted|p1a: Corviknight
|-damage|p1a: Corviknight|91/100
|-status|p1a: Corviknight|par
|-damage|p2a: Jirachi|84/100|[from] item: Rocky Helmet|[of] p1a: Corviknight
|move|p1a: Corviknight|U-turn|p2a: Jirachi
|-damage|p2a: Jirachi|69/100
|
|t:|1760366055
|switch|p1a: Sandy Shocks|Sandy Shocks, shiny|100/100|[from] U-turn
|-enditem|p1a: Sandy Shocks|Booster Energy
|-activate|p1a: Sandy Shocks|ability: Protosynthesis|[fromitem]
|-start|p1a: Sandy Shocks|protosynthesisspe
|
|-heal|p2a: Jirachi|75/100|[from] item: Leftovers
|upkeep
|turn|2
|
|t:|1760366060
|switch|p2a: Landorus|Landorus-Therian, M|100/100
|-ability|p2a: Landorus|Intimidate|boost
|-unboost|p1a: Sandy Shocks|atk|1
|move|p1a: Sandy Shocks|Stealth Rock|p2a: Landorus
|-sidestart|p2: nrkjr45|move: Stealth Rock
|
|upkeep
|turn|3
|
|t:|1760366068
|-end|p1a: Sandy Shocks|Protosynthesis|[silent]
|switch|p1a: Corviknight|Corviknight, M|91/100 par
|move|p2a: Landorus|Earthquake|p1a: Corviknight
|-immune|p1a: Corviknight
|
|upkeep
|turn|4
|
|t:|1760366073
|switch|p1a: Weavile|Weavile, F, shiny|100/100
|move|p2a: Landorus|Taunt|p1a: Weavile
|-start|p1a: Weavile|move: Taunt
|
|upkeep
|turn|5
|
|t:|1760366082
|move|p1a: Weavile|Knock Off|p2a: Landorus
|-damage|p2a: Landorus|49/100
|-damage|p1a: Weavile|84/100|[from] item: Rocky Helmet|[of] p2a: Landorus
|-enditem|p2a: Landorus|Rocky Helmet|[from] move: Knock Off|[of] p1a: Weavile
|move|p2a: Landorus|U-turn|p1a: Weavile
|-supereffective|p1a: Weavile
|-damage|p1a: Weavile|0 fnt
|faint|p1a: Weavile
|
|t:|1760366088
|switch|p2a: Jirachi|Jirachi|75/100|[from] U-turn
|-damage|p2a: Jirachi|69/100|[from] Stealth Rock
|
|-heal|p2a: Jirachi|75/100|[from] item: Leftovers
|upkeep
|
|t:|1760366096
|switch|p1a: Typhlosion|Typhlosion-Hisui, M, shiny|100/100
|turn|6
|
|t:|1760366112
|switch|p2a: Primarina|Primarina, F|100/100
|-damage|p2a: Primarina|88/100|[from] Stealth Rock
|move|p1a: Typhlosion|Focus Blast|p2a: Primarina
|-resisted|p2a: Primarina
|-damage|p2a: Primarina|72/100
|-unboost|p2a: Primarina|spd|1
|
|-heal|p2a: Primarina|78/100|[from] item: Leftovers
|upkeep
|turn|7
|
|t:|1760366122
|switch|p1a: Vaporeon|Vaporeon, M, shiny|100/100
|move|p2a: Primarina|Substitute|p2a: Primarina
|-start|p2a: Primarina|Substitute
|-damage|p2a: Primarina|53/100
|
|-heal|p2a: Primarina|59/100|[from] item: Leftovers
|upkeep
|turn|8
|
|t:|1760366128
|move|p2a: Primarina|Calm Mind|p2a: Primarina
|-boost|p2a: Primarina|spa|1
|-boost|p2a: Primarina|spd|1
|move|p1a: Vaporeon|Roar|p2a: Primarina
|drag|p2a: Landorus|Landorus-Therian, M|49/100
|-damage|p2a: Landorus|37/100|[from] Stealth Rock
|-ability|p2a: Landorus|Intimidate|boost
|-unboost|p1a: Vaporeon|atk|1
|
|upkeep
|turn|9
|
|t:|1760366136
|move|p2a: Landorus|Taunt|p1a: Vaporeon
|-start|p1a: Vaporeon|move: Taunt
|move|p1a: Vaporeon|Flip Turn|p2a: Landorus
|-supereffective|p2a: Landorus
|-damage|p2a: Landorus|14/100
|
|t:|1760366141
|switch|p1a: Sandy Shocks|Sandy Shocks, shiny|100/100|[from] Flip Turn
|
|upkeep
|turn|10
|
|t:|1760366144
|move|p1a: Sandy Shocks|Power Gem|p2a: Landorus
|-damage|p2a: Landorus|0 fnt
|faint|p2a: Landorus
|
|upkeep
|
|t:|1760366147
|switch|p2a: Jirachi|Jirachi|75/100
|-damage|p2a: Jirachi|69/100|[from] Stealth Rock
|turn|11
|
|t:|1760366154
|move|p1a: Sandy Shocks|Earth Power|p2a: Jirachi
|-supereffective|p2a: Jirachi
|-damage|p2a: Jirachi|0 fnt
|faint|p2a: Jirachi
|
|upkeep
|
|t:|1760366158
|switch|p2a: Garganacl|Garganacl, M|100/100
|-damage|p2a: Garganacl|88/100|[from] Stealth Rock
|turn|12
|
|t:|1760366162
|move|p1a: Sandy Shocks|Earth Power|p2a: Garganacl
|-supereffective|p2a: Garganacl
|-damage|p2a: Garganacl|30/100
|move|p2a: Garganacl|Salt Cure|p1a: Sandy Shocks
|-resisted|p1a: Sandy Shocks
|-damage|p1a: Sandy Shocks|93/100
|-start|p1a: Sandy Shocks|Salt Cure
|
|-heal|p2a: Garganacl|36/100|[from] item: Leftovers
|-damage|p1a: Sandy Shocks|81/100|[from] Salt Cure
|upkeep
|turn|13
|
|t:|1760366174
|move|p2a: Garganacl|Protect|p2a: Garganacl
|-singleturn|p2a: Garganacl|Protect
|move|p1a: Sandy Shocks|Earth Power|p2a: Garganacl
|-activate|p2a: Garganacl|move: Protect
|
|-heal|p2a: Garganacl|43/100|[from] item: Leftovers
|-damage|p1a: Sandy Shocks|68/100|[from] Salt Cure
|upkeep
|turn|14
|
|t:|1760366201
|switch|p2a: Maushold|Maushold-Four|100/100
|-damage|p2a: Maushold|88/100|[from] Stealth Rock
|move|p1a: Sandy Shocks|Earth Power|p2a: Maushold
|-damage|p2a: Maushold|19/100
|
|-damage|p1a: Sandy Shocks|56/100|[from] Salt Cure
|upkeep
|turn|15
|
|t:|1760366209
|-end|p1a: Sandy Shocks|Protosynthesis|[silent]
|switch|p1a: Corviknight|Corviknight, M|91/100 par
|move|p2a: Maushold|Tidy Up|p2a: Maushold
|-sideend|p2: nrkjr45|Stealth Rock
|-activate|p2a: Maushold|move: Tidy Up
|-boost|p2a: Maushold|atk|1
|-boost|p2a: Maushold|spe|1
|
|upkeep
|turn|16
|
|t:|1760366222
|move|p2a: Maushold|Tidy Up|p2a: Maushold
|-boost|p2a: Maushold|atk|1
|-boost|p2a: Maushold|spe|1
|move|p1a: Corviknight|U-turn|p2a: Maushold
|-damage|p2a: Maushold|0 fnt
|faint|p2a: Maushold
|
|t:|1760366237
|switch|p1a: Sandy Shocks|Sandy Shocks, shiny|56/100|[from] U-turn
|
|upkeep
|
|t:|1760366241
|switch|p2a: Iron Crown|Iron Crown|100/100
|-enditem|p2a: Iron Crown|Booster Energy
|-activate|p2a: Iron Crown|ability: Quark Drive|[fromitem]
|-start|p2a: Iron Crown|quarkdrivespe
|turn|17
|
|t:|1760366252
|move|p2a: Iron Crown|Calm Mind|p2a: Iron Crown
|-boost|p2a: Iron Crown|spa|1
|-boost|p2a: Iron Crown|spd|1
|move|p1a: Sandy Shocks|Earth Power|p2a: Iron Crown
|-supereffective|p2a: Iron Crown
|-damage|p2a: Iron Crown|43/100
|
|upkeep
|turn|18
|
|t:|1760366260
|-end|p1a: Sandy Shocks|Protosynthesis|[silent]
|switch|p1a: Corviknight|Corviknight, M|91/100 par
|move|p2a: Iron Crown|Tachyon Cutter|p1a: Corviknight
|-resisted|p1a: Corviknight
|-damage|p1a: Corviknight|78/100 par
|-resisted|p1a: Corviknight
|-damage|p1a: Corviknight|64/100 par
|-hitcount|p1a: Corviknight|2
|
|upkeep
|turn|19
|
|t:|1760366268
|-terastallize|p2a: Iron Crown|Fighting
|move|p2a: Iron Crown|Focus Blast|p1a: Corviknight|[miss]
|-miss|p2a: Iron Crown|p1a: Corviknight
|cant|p1a: Corviknight|par
|
|upkeep
|turn|20
|
|t:|1760366274
|move|p2a: Iron Crown|Focus Blast|p1a: Corviknight
|-damage|p1a: Corviknight|0 fnt
|faint|p1a: Corviknight
|
|upkeep
|
|t:|1760366277
|switch|p1a: Vaporeon|Vaporeon, M, shiny|100/100
|turn|21
|
|t:|1760366281
|move|p2a: Iron Crown|Psychic|p1a: Vaporeon
|-damage|p1a: Vaporeon|57/100
|move|p1a: Vaporeon|Roar|p2a: Iron Crown
|-end|p2a: Iron Crown|Quark Drive|[silent]
|drag|p2a: Garganacl|Garganacl, M|43/100
|
|-heal|p1a: Vaporeon|63/100|[from] item: Leftovers
|-heal|p2a: Garganacl|49/100|[from] item: Leftovers
|upkeep
|turn|22
|
|t:|1760366286
|move|p1a: Vaporeon|Scald|p2a: Garganacl
|-supereffective|p2a: Garganacl
|-damage|p2a: Garganacl|8/100
|move|p2a: Garganacl|Salt Cure|p1a: Vaporeon
|-damage|p1a: Vaporeon|52/100
|-start|p1a: Vaporeon|Salt Cure
|
|-heal|p1a: Vaporeon|58/100|[from] item: Leftovers
|-heal|p2a: Garganacl|14/100|[from] item: Leftovers
|-damage|p1a: Vaporeon|34/100|[from] Salt Cure
|upkeep
|turn|23
|
|t:|1760366290
|switch|p1a: Sandy Shocks|Sandy Shocks, shiny|56/100
|move|p2a: Garganacl|Body Press|p1a: Sandy Shocks
|-damage|p1a: Sandy Shocks|32/100
|
|-heal|p2a: Garganacl|21/100|[from] item: Leftovers
|upkeep
|turn|24
|
|t:|1760366293
|move|p2a: Garganacl|Protect|p2a: Garganacl
|-singleturn|p2a: Garganacl|Protect
|move|p1a: Sandy Shocks|Earth Power|p2a: Garganacl
|-activate|p2a: Garganacl|move: Protect
|
|-heal|p2a: Garganacl|27/100|[from] item: Leftovers
|upkeep
|turn|25
|
|t:|1760366299
|move|p1a: Sandy Shocks|Earth Power|p2a: Garganacl
|-supereffective|p2a: Garganacl
|-damage|p2a: Garganacl|0 fnt
|faint|p2a: Garganacl
|
|upkeep
|
|t:|1760366302
|switch|p2a: Iron Crown|Iron Crown, tera:Fighting|43/100
|turn|26
|
|t:|1760366306
|move|p1a: Sandy Shocks|Thunderbolt|p2a: Iron Crown
|-damage|p2a: Iron Crown|3/100
|move|p2a: Iron Crown|Psychic|p1a: Sandy Shocks
|-damage|p1a: Sandy Shocks|0 fnt
|faint|p1a: Sandy Shocks
|-end|p1a: Sandy Shocks|Protosynthesis|[silent]
|
|upkeep
|
|t:|1760366311
|switch|p1a: Ogerpon|Ogerpon-Cornerstone, F|100/100
|turn|27
|
|t:|1760366319
|move|p1a: Ogerpon|Ivy Cudgel|p2a: Iron Crown|[anim] Ivy Cudgel Rock
|-resisted|p2a: Iron Crown
|-crit|p2a: Iron Crown
|-damage|p2a: Iron Crown|0 fnt
|faint|p2a: Iron Crown
|-end|p2a: Iron Crown|Quark Drive|[silent]
|
|upkeep
|
|t:|1760366322
|switch|p2a: Primarina|Primarina, F|59/100
|turn|28
|
|t:|1760366324
|-terastallize|p1a: Ogerpon|Rock
|detailschange|p1a: Ogerpon|Ogerpon-Cornerstone-Tera, F, tera:Rock
|-ability|p1a: Ogerpon|Embody Aspect (Cornerstone)|boost
|-boost|p1a: Ogerpon|def|1
|move|p1a: Ogerpon|Ivy Cudgel|p2a: Primarina|[anim] Ivy Cudgel Rock
|-damage|p2a: Primarina|0 fnt
|faint|p2a: Primarina
|
|win|Manuhker
|raw|Manuhker's rating: 1404 &rarr; <strong>1423</strong><br />(+19 for winning)
|raw|nrkjr45's rating: 1384 &rarr; <strong>1365</strong><br />(-19 for losing)
|l|☆nrkjr45
|player|p2|
|l|☆Manuhker
|player|p1|
