|j|☆enesthesans
|j|☆Long1910
|t:|1760455628
|gametype|singles
|player|p1|enesthesans|bugcatcher-gen4dp|1162
|player|p2|Long1910|acetrainer-gen4dp|1159
|gen|9
|tier|[Gen 9] OU
|rated|
|rule|HP Percentage Mod: HP is shown in percentages
|rule|Endless Battle Clause: Forcing endless battles is banned
|rule|Species Clause: Limit one of each Pokémon
|rule|OHKO Clause: OHKO moves are banned
|rule|Evasion Items Clause: Evasion items are banned
|rule|Evasion Moves Clause: Evasion moves are banned
|rule|Evasion Abilities Clause: Evasion abilities are banned
|rule|Sleep Moves Clause: Sleep-inducing moves are banned
|clearpoke
|poke|p1|Ribombee, F|
|poke|p1|Lokix, M|
|poke|p1|Slither Wing|
|poke|p1|Heracross, F|
|poke|p1|Araquanid, M|
|poke|p1|Spidops, F|
|poke|p2|Conkeldurr, M|
|poke|p2|Glimmora, M|
|poke|p2|Volcanion|
|poke|p2|Rillaboom, M|
|poke|p2|Hatterene, F|
|poke|p2|Dragapult, F|
|teampreview
|inactive|Battle timer is ON: inactive players will automatically lose when time's up. (requested by enesthesans)
|
|t:|1760455637
|teamsize|p1|6
|teamsize|p2|6
|start
|switch|p1a: Ribombee|Ribombee, F|100/100
|switch|p2a: Glimmora|Glimmora, M, shiny|100/100
|turn|1
|
|t:|1760455652
|move|p1a: Ribombee|Psychic|p2a: Glimmora
|-supereffective|p2a: Glimmora
|-damage|p2a: Glimmora|23/100
|move|p2a: Glimmora|Stealth Rock|p1a: Ribombee
|-sidestart|p1: enesthesans|move: Stealth Rock
|
|upkeep
|turn|2
|
|t:|1760455668
|switch|p2a: Hatterene|Hatterene, F|100/100
|move|p1a: Ribombee|Psychic|p2a: Hatterene
|-resisted|p2a: Hatterene
|-damage|p2a: Hatterene|82/100
|
|upkeep
|turn|3
|
|t:|1760455675
|switch|p1a: Spidops|Spidops, F|100/100
|-damage|p1a: Spidops|76/100|[from] Stealth Rock
|move|p2a: Hatterene|Calm Mind|p2a: Hatterene
|-boost|p2a: Hatterene|spa|1
|-boost|p2a: Hatterene|spd|1
|
|upkeep
|turn|4
|
|t:|1760455685
|-terastallize|p2a: Hatterene|Fairy
|move|p2a: Hatterene|Shadow Ball|p1a: Spidops
|-damage|p1a: Spidops|8/100
|-damage|p2a: Hatterene|72/100|[from] item: Life Orb
|move|p1a: Spidops|Circle Throw|p2a: Hatterene|[miss]
|-miss|p1a: Spidops|p2a: Hatterene
|
|upkeep
|turn|5
|
|t:|1760455690
|move|p2a: Hatterene|Shadow Ball|p1a: Spidops
|-damage|p1a: Spidops|0 fnt
|faint|p1a: Spidops
|-damage|p2a: Hatterene|62/100|[from] item: Life Orb
|
|upkeep
|
|t:|1760455703
|switch|p1a: Heracross|Heracross, F, shiny|100/100
|-damage|p1a: Heracross|88/100|[from] Stealth Rock
|turn|6
|
|t:|1760455708
|move|p1a: Heracross|Earthquake|p2a: Hatterene
|-damage|p2a: Hatterene|22/100
|move|p2a: Hatterene|Dazzling Gleam|p1a: Heracross
|-supereffective|p1a: Heracross
|-damage|p1a: Heracross|0 fnt
|faint|p1a: Heracross
|-damage|p2a: Hatterene|12/100|[from] item: Life Orb
|
|upkeep
|
|t:|1760455720
|switch|p1a: Slither Wing|Slither Wing|100/100
|-damage|p1a: Slither Wing|88/100|[from] Stealth Rock
|-enditem|p1a: Slither Wing|Booster Energy
|-activate|p1a: Slither Wing|ability: Protosynthesis|[fromitem]
|-start|p1a: Slither Wing|protosynthesisatk
|turn|7
|
|t:|1760455725
|move|p1a: Slither Wing|Flame Charge|p2a: Hatterene
|-damage|p2a: Hatterene|0 fnt
|-boost|p1a: Slither Wing|spe|1
|faint|p2a: Hatterene
|
|upkeep
|
|t:|1760455730
|switch|p2a: Glimmora|Glimmora, M, shiny|23/100
|turn|8
|
|t:|1760455732
|move|p1a: Slither Wing|Brick Break|p2a: Glimmora
|-damage|p2a: Glimmora|0 fnt
|-activate|p2a: Glimmora|ability: Toxic Debris
|-sidestart|p1: enesthesans|move: Toxic Spikes
|faint|p2a: Glimmora
|
|upkeep
|
|t:|1760455742
|switch|p2a: Volcanion|Volcanion|100/100
|turn|9
|
|t:|1760455751
|move|p1a: Slither Wing|Brick Break|p2a: Volcanion
|-damage|p2a: Volcanion|57/100
|move|p2a: Volcanion|Flamethrower|p1a: Slither Wing
|-supereffective|p1a: Slither Wing
|-crit|p1a: Slither Wing
|-damage|p1a: Slither Wing|0 fnt
|faint|p1a: Slither Wing
|-end|p1a: Slither Wing|Protosynthesis|[silent]
|
|upkeep
|
|t:|1760455762
|switch|p1a: Lokix|Lokix, M|100/100
|-damage|p1a: Lokix|76/100|[from] Stealth Rock
|-status|p1a: Lokix|psn
|turn|10
|
|t:|1760455765
|-terastallize|p1a: Lokix|Bug
|move|p1a: Lokix|First Impression|p2a: Volcanion
|-resisted|p2a: Volcanion
|-damage|p2a: Volcanion|9/100
|move|p2a: Volcanion|Flamethrower|p1a: Lokix
|-supereffective|p1a: Lokix
|-damage|p1a: Lokix|0 fnt
|faint|p1a: Lokix
|
|upkeep
|-message|enesthesans forfeited.
|
|win|Long1910
|raw|enesthesans's rating: 1162 &rarr; <strong>1137</strong><br />(-25 for losing)
|raw|Long1910's rating: 1159 &rarr; <strong>1184</strong><br />(+25 for winning)
|l|☆enesthesans
|player|p1|
|l|☆Long1910
|player|p2|
