|j|☆yesterdaymister
|j|☆MooFarmer
|t:|1760323826
|gametype|singles
|player|p1|yesterdaymister|striker|1816
|player|p2|MooFarmer|2|1840
|gen|9
|tier|[Gen 9] OU
|rated|
|rule|HP Percentage Mod: HP is shown in percentages
|rule|Endless Battle Clause: Forcing endless battles is banned
|rule|Species Clause: Limit one of each Pokémon
|rule|OHKO Clause: OHKO moves are banned
|rule|Evasion Items Clause: Evasion items are banned
|rule|Evasion Moves Clause: Evasion moves are banned
|rule|Evasion Abilities Clause: Evasion abilities are banned
|rule|Sleep Moves Clause: Sleep-inducing moves are banned
|clearpoke
|poke|p1|Ninetales, F|
|poke|p1|Ceruledge, F|
|poke|p1|Venusaur, M|
|poke|p1|Hatterene, F|
|poke|p1|Great Tusk|
|poke|p1|Walking Wake|
|poke|p2|Kyurem|
|poke|p2|Corviknight, F|
|poke|p2|Ting-Lu|
|poke|p2|Dondozo, F|
|poke|p2|Slowking-Galar, L99, M|
|poke|p2|Cinderace, M|
|teampreview
|inactive|Battle timer is ON: inactive players will automatically lose when time's up. (requested by yesterdaymister)
|inactive|MooFarmer has 120 seconds left.
|
|t:|1760323872
|teamsize|p1|6
|teamsize|p2|6
|start
|switch|p1a: mignolet|Great Tusk|100/100
|switch|p2a: Slowking|Slowking-Galar, L99, M|100/100
|turn|1
|inactive|MooFarmer also wants the timer to be on.
|j| avlavlavlavl
|j| kyrie sauce
|inactive|MooFarmer has 120 seconds left.
|j| Rizzofreko
|
|t:|1760323917
|switch|p2a: Kyurem|Kyurem|100/100
|-ability|p2a: Kyurem|Pressure
|move|p1a: mignolet|Stealth Rock|p2a: Kyurem
|-sidestart|p2: MooFarmer|move: Stealth Rock
|
|upkeep
|turn|2
|inactive|MooFarmer has 90 seconds left.
|
|t:|1760323962
|-end|p1a: mignolet|Protosynthesis|[silent]
|switch|p1a: maccabi|Hatterene, F|100/100
|move|p2a: Kyurem|Freeze-Dry|p1a: maccabi
|-damage|p1a: maccabi|65/100
|-enditem|p1a: maccabi|Eject Button
|
|t:|1760323981
|switch|p1a: arda guler|Ninetales, F|100/100
|-weather|SunnyDay|[from] ability: Drought|[of] p1a: arda guler
|
|-weather|SunnyDay|[upkeep]
|upkeep
|turn|3
|l| Rizzofreko
|inactive|MooFarmer has 60 seconds left.
|
|t:|1760324026
|switch|p1a: maccabi|Hatterene, F|65/100
|move|p2a: Kyurem|Earth Power|p1a: maccabi
|-damage|p1a: maccabi|36/100
|
|-weather|SunnyDay|[upkeep]
|upkeep
|turn|4
|
|t:|1760324036
|move|p2a: Kyurem|Freeze-Dry|p1a: maccabi
|-damage|p1a: maccabi|2/100
|move|p1a: maccabi|Dazzling Gleam|p2a: Kyurem
|-supereffective|p2a: Kyurem
|-damage|p2a: Kyurem|32/100
|
|-weather|SunnyDay|[upkeep]
|-heal|p2a: Kyurem|38/100|[from] item: Leftovers
|upkeep
|turn|5
|
|t:|1760324047
|move|p2a: Kyurem|Earth Power|p1a: maccabi
|-damage|p1a: maccabi|0 fnt
|faint|p1a: maccabi
|
|-weather|SunnyDay|[upkeep]
|-heal|p2a: Kyurem|44/100|[from] item: Leftovers
|upkeep
|
|t:|1760324058
|switch|p1a: hans vanaken|Venusaur, M|100/100
|turn|6
|
|t:|1760324066
|move|p2a: Kyurem|Protect|p2a: Kyurem
|-singleturn|p2a: Kyurem|Protect
|move|p1a: hans vanaken|Weather Ball|p2a: Kyurem
|-activate|p2a: Kyurem|move: Protect
|
|-weather|SunnyDay|[upkeep]
|-heal|p2a: Kyurem|50/100|[from] item: Leftovers
|upkeep
|turn|7
|
|t:|1760324075
|switch|p2a: Ting-Lu|Ting-Lu|100/100
|-damage|p2a: Ting-Lu|94/100|[from] Stealth Rock
|-ability|p2a: Ting-Lu|Vessel of Ruin
|move|p1a: hans vanaken|Growth|p1a: hans vanaken
|-boost|p1a: hans vanaken|atk|2
|-boost|p1a: hans vanaken|spa|2
|
|-weather|SunnyDay|[upkeep]
|-heal|p2a: Ting-Lu|100/100|[from] item: Leftovers
|upkeep
|turn|8
|inactive|MooFarmer has 60 seconds left.
|
|t:|1760324091
|switch|p2a: Cinderace|Cinderace, M|100/100
|move|p1a: hans vanaken|Giga Drain|p2a: Cinderace
|-resisted|p2a: Cinderace
|-damage|p2a: Cinderace|41/100
|-damage|p1a: hans vanaken|91/100|[from] item: Life Orb
|
|-weather|SunnyDay|[upkeep]
|upkeep
|turn|9
|
|t:|1760324102
|move|p1a: hans vanaken|Weather Ball|p2a: Cinderace
|-resisted|p2a: Cinderace
|-damage|p2a: Cinderace|0 fnt
|faint|p2a: Cinderace
|-damage|p1a: hans vanaken|81/100|[from] item: Life Orb
|
|-weather|none
|upkeep
|
|t:|1760324110
|switch|p2a: Kyurem|Kyurem|50/100
|-damage|p2a: Kyurem|25/100|[from] Stealth Rock
|-ability|p2a: Kyurem|Pressure
|turn|10
|
|t:|1760324130
|switch|p1a: arda guler|Ninetales, F|100/100
|-weather|SunnyDay|[from] ability: Drought|[of] p1a: arda guler
|move|p2a: Kyurem|Freeze-Dry|p1a: arda guler
|-resisted|p1a: arda guler
|-damage|p1a: arda guler|82/100
|
|-weather|SunnyDay|[upkeep]
|-heal|p2a: Kyurem|31/100|[from] item: Leftovers
|upkeep
|turn|11
|l| kyrie sauce
|
|t:|1760324146
|switch|p1a: mignolet|Great Tusk|100/100
|-activate|p1a: mignolet|ability: Protosynthesis
|-start|p1a: mignolet|protosynthesisspe
|switch|p2a: Slowking|Slowking-Galar, L99, M|100/100
|
|-weather|SunnyDay|[upkeep]
|upkeep
|turn|12
|j| averyradiant
|
|t:|1760324155
|switch|p2a: Corviknight|Corviknight, F|100/100
|-damage|p2a: Corviknight|88/100|[from] Stealth Rock
|-ability|p2a: Corviknight|Pressure
|move|p1a: mignolet|Headlong Rush|p2a: Corviknight
|-immune|p2a: Corviknight
|
|-weather|SunnyDay|[upkeep]
|upkeep
|turn|13
|l| averyradiant
|
|t:|1760324163
|-end|p1a: mignolet|Protosynthesis|[silent]
|switch|p1a: chama|Walking Wake|100/100
|-activate|p1a: chama|ability: Protosynthesis
|-start|p1a: chama|protosynthesisspa
|move|p2a: Corviknight|U-turn|p1a: chama
|-damage|p1a: chama|84/100
|inactive|MooFarmer has 60 seconds left.
|
|t:|1760324208
|switch|p2a: Ting-Lu|Ting-Lu|100/100|[from] U-turn
|-damage|p2a: Ting-Lu|94/100|[from] Stealth Rock
|-ability|p2a: Ting-Lu|Vessel of Ruin
|
|-weather|SunnyDay|[upkeep]
|-heal|p2a: Ting-Lu|100/100|[from] item: Leftovers
|upkeep
|turn|14
|inactive|MooFarmer has 30 seconds left.
|inactive|MooFarmer has 20 seconds left.
|
|t:|1760324259
|-terastallize|p2a: Ting-Lu|Water
|move|p1a: chama|Draco Meteor|p2a: Ting-Lu
|-damage|p2a: Ting-Lu|38/100
|-unboost|p1a: chama|spa|2
|move|p2a: Ting-Lu|Earthquake|p1a: chama
|-damage|p1a: chama|46/100
|
|-weather|SunnyDay|[upkeep]
|-heal|p2a: Ting-Lu|44/100|[from] item: Leftovers
|upkeep
|turn|15
|inactive|MooFarmer has 30 seconds left this turn.
|
|t:|1760324273
|-end|p1a: chama|Protosynthesis|[silent]
|switch|p1a: hans vanaken|Venusaur, M|81/100
|move|p2a: Ting-Lu|Earthquake|p1a: hans vanaken
|-damage|p1a: hans vanaken|32/100
|
|-weather|SunnyDay|[upkeep]
|-heal|p2a: Ting-Lu|50/100|[from] item: Leftovers
|upkeep
|turn|16
|inactive|MooFarmer has 30 seconds left.
|
|t:|1760324281
|switch|p2a: Slowking|Slowking-Galar, L99, M|100/100
|move|p1a: hans vanaken|Giga Drain|p2a: Slowking
|-resisted|p2a: Slowking
|-damage|p2a: Slowking|86/100
|-heal|p1a: hans vanaken|42/100|[from] drain|[of] p2a: Slowking
|-damage|p1a: hans vanaken|32/100|[from] item: Life Orb
|
|-weather|SunnyDay|[upkeep]
|upkeep
|turn|17
|
|t:|1760324293
|switch|p1a: lebron|Ceruledge, F|100/100
|move|p2a: Slowking|Future Sight|p1a: lebron
|-start|p2a: Slowking|move: Future Sight
|
|-weather|none
|upkeep
|turn|18
|
|t:|1760324302
|move|p1a: lebron|Poltergeist|p2a: Slowking
|-activate|p2a: Slowking|move: Poltergeist|Heavy-Duty Boots
|-supereffective|p2a: Slowking
|-damage|p2a: Slowking|0 fnt
|faint|p2a: Slowking
|
|upkeep
|
|t:|1760324311
|switch|p2a: Ting-Lu|Ting-Lu, tera:Water|50/100
|-damage|p2a: Ting-Lu|38/100|[from] Stealth Rock
|-ability|p2a: Ting-Lu|Vessel of Ruin
|turn|19
|
|t:|1760324325
|move|p1a: lebron|Poltergeist|p2a: Ting-Lu|[miss]
|-miss|p1a: lebron|p2a: Ting-Lu
|move|p2a: Ting-Lu|Rest|p2a: Ting-Lu
|-status|p2a: Ting-Lu|slp|[from] move: Rest
|-heal|p2a: Ting-Lu|100/100 slp|[silent]
|
|-end|p1a: lebron|move: Future Sight
|-damage|p1a: lebron|60/100
|upkeep
|turn|20
|
|t:|1760324339
|move|p1a: lebron|Poltergeist|p2a: Ting-Lu|[miss]
|-miss|p1a: lebron|p2a: Ting-Lu
|cant|p2a: Ting-Lu|slp
|move|p2a: Ting-Lu|Sleep Talk|p2a: Ting-Lu
|move|p2a: Ting-Lu|Rest||[from] move: Sleep Talk|[still]
|-fail|p2a: Ting-Lu
|
|upkeep
|turn|21
|
|t:|1760324348
|move|p1a: lebron|Swords Dance|p1a: lebron
|-boost|p1a: lebron|atk|2
|cant|p2a: Ting-Lu|slp
|move|p2a: Ting-Lu|Sleep Talk|p2a: Ting-Lu
|move|p2a: Ting-Lu|Payback|p1a: lebron|[from] move: Sleep Talk
|-supereffective|p1a: lebron
|-damage|p1a: lebron|0 fnt
|faint|p1a: lebron
|
|upkeep
|
|t:|1760324364
|switch|p1a: arda guler|Ninetales, F|82/100
|-weather|SunnyDay|[from] ability: Drought|[of] p1a: arda guler
|turn|22
|j| gibbereesh
|inactive|yesterdaymister has 120 seconds left.
|
|t:|1760324393
|switch|p1a: mignolet|Great Tusk|100/100
|-activate|p1a: mignolet|ability: Protosynthesis
|-start|p1a: mignolet|protosynthesisspe
|switch|p2a: Kyurem|Kyurem|31/100
|-damage|p2a: Kyurem|6/100|[from] Stealth Rock
|-ability|p2a: Kyurem|Pressure
|
|-weather|SunnyDay|[upkeep]
|-heal|p2a: Kyurem|13/100|[from] item: Leftovers
|upkeep
|turn|23
|inactive|yesterdaymister has 120 seconds left.
|
|t:|1760324414
|move|p1a: mignolet|Ice Spinner|p2a: Kyurem
|-damage|p2a: Kyurem|0 fnt
|faint|p2a: Kyurem
|
|-weather|SunnyDay|[upkeep]
|upkeep
|
|t:|1760324423
|switch|p2a: Ting-Lu|Ting-Lu, tera:Water|100/100 slp
|-damage|p2a: Ting-Lu|88/100 slp|[from] Stealth Rock
|-ability|p2a: Ting-Lu|Vessel of Ruin
|turn|24
|inactive|yesterdaymister has 120 seconds left.
|
|t:|1760324431
|move|p1a: mignolet|Headlong Rush|p2a: Ting-Lu
|-damage|p2a: Ting-Lu|61/100 slp
|-unboost|p1a: mignolet|def|1
|-unboost|p1a: mignolet|spd|1
|-curestatus|p2a: Ting-Lu|slp|[msg]
|move|p2a: Ting-Lu|Earthquake|p1a: mignolet
|-damage|p1a: mignolet|66/100
|
|-weather|SunnyDay|[upkeep]
|-heal|p2a: Ting-Lu|67/100|[from] item: Leftovers
|upkeep
|turn|25
|
|t:|1760324440
|move|p1a: mignolet|Headlong Rush|p2a: Ting-Lu
|-damage|p2a: Ting-Lu|37/100
|-unboost|p1a: mignolet|def|1
|-unboost|p1a: mignolet|spd|1
|move|p2a: Ting-Lu|Earthquake|p1a: mignolet
|-damage|p1a: mignolet|18/100
|
|-weather|SunnyDay|[upkeep]
|-heal|p2a: Ting-Lu|44/100|[from] item: Leftovers
|upkeep
|turn|26
|
|t:|1760324452
|move|p1a: mignolet|Headlong Rush|p2a: Ting-Lu
|-damage|p2a: Ting-Lu|13/100
|-unboost|p1a: mignolet|def|1
|-unboost|p1a: mignolet|spd|1
|move|p2a: Ting-Lu|Earthquake|p1a: mignolet
|-damage|p1a: mignolet|0 fnt
|faint|p1a: mignolet
|-end|p1a: mignolet|Protosynthesis|[silent]
|
|-weather|SunnyDay|[upkeep]
|-heal|p2a: Ting-Lu|19/100|[from] item: Leftovers
|upkeep
|
|t:|1760324458
|switch|p1a: hans vanaken|Venusaur, M|32/100
|turn|27
|j| averyradiant
|
|t:|1760324470
|switch|p2a: Corviknight|Corviknight, F|88/100
|-damage|p2a: Corviknight|76/100|[from] Stealth Rock
|-ability|p2a: Corviknight|Pressure
|move|p1a: hans vanaken|Giga Drain|p2a: Corviknight
|-resisted|p2a: Corviknight
|-damage|p2a: Corviknight|64/100
|-heal|p1a: hans vanaken|40/100|[from] drain|[of] p2a: Corviknight
|-damage|p1a: hans vanaken|30/100|[from] item: Life Orb
|
|-weather|SunnyDay|[upkeep]
|upkeep
|turn|28
|
|t:|1760324478
|switch|p2a: Dondozo|Dondozo, F|100/100
|-damage|p2a: Dondozo|88/100|[from] Stealth Rock
|move|p1a: hans vanaken|Weather Ball|p2a: Dondozo
|-resisted|p2a: Dondozo
|-damage|p2a: Dondozo|59/100
|-damage|p1a: hans vanaken|20/100|[from] item: Life Orb
|
|-weather|SunnyDay|[upkeep]
|-heal|p2a: Dondozo|65/100|[from] item: Leftovers
|upkeep
|turn|29
|
|t:|1760324486
|switch|p2a: Corviknight|Corviknight, F|64/100
|-damage|p2a: Corviknight|52/100|[from] Stealth Rock
|-ability|p2a: Corviknight|Pressure
|move|p1a: hans vanaken|Giga Drain|p2a: Corviknight
|-resisted|p2a: Corviknight
|-damage|p2a: Corviknight|40/100
|-heal|p1a: hans vanaken|28/100|[from] drain|[of] p2a: Corviknight
|-damage|p1a: hans vanaken|18/100|[from] item: Life Orb
|
|-weather|none
|upkeep
|turn|30
|l| averyradiant
|
|t:|1760324494
|switch|p1a: arda guler|Ninetales, F|82/100
|-weather|SunnyDay|[from] ability: Drought|[of] p1a: arda guler
|move|p2a: Corviknight|Roost|p2a: Corviknight
|-heal|p2a: Corviknight|90/100
|-singleturn|p2a: Corviknight|move: Roost
|
|-weather|SunnyDay|[upkeep]
|upkeep
|turn|31
|inactive|MooFarmer has 90 seconds left.
|
|t:|1760324535
|switch|p2a: Dondozo|Dondozo, F|65/100
|-damage|p2a: Dondozo|53/100|[from] Stealth Rock
|move|p1a: arda guler|Will-O-Wisp|p2a: Dondozo
|-status|p2a: Dondozo|brn
|
|-weather|SunnyDay|[upkeep]
|-heal|p2a: Dondozo|59/100 brn|[from] item: Leftovers
|-damage|p2a: Dondozo|53/100 brn|[from] brn
|upkeep
|turn|32
|inactive|MooFarmer has 60 seconds left.
|inactive|yesterdaymister has 120 seconds left.
|
|t:|1760324583
|switch|p1a: hans vanaken|Venusaur, M|18/100
|move|p2a: Dondozo|Rest|p2a: Dondozo
|-status|p2a: Dondozo|slp|[from] move: Rest
|-heal|p2a: Dondozo|100/100 slp|[silent]
|
|-weather|SunnyDay|[upkeep]
|upkeep
|turn|33
|inactive|yesterdaymister has 120 seconds left.
|
|t:|1760324592
|switch|p2a: Corviknight|Corviknight, F|90/100
|-damage|p2a: Corviknight|78/100|[from] Stealth Rock
|-ability|p2a: Corviknight|Pressure
|move|p1a: hans vanaken|Giga Drain|p2a: Corviknight
|-resisted|p2a: Corviknight
|-damage|p2a: Corviknight|68/100
|-heal|p1a: hans vanaken|25/100|[from] drain|[of] p2a: Corviknight
|-damage|p1a: hans vanaken|15/100|[from] item: Life Orb
|
|-weather|SunnyDay|[upkeep]
|upkeep
|turn|34
|inactive|MooFarmer has 60 seconds left.
|
|t:|1760324599
|switch|p2a: Dondozo|Dondozo, F|100/100 slp
|-damage|p2a: Dondozo|88/100 slp|[from] Stealth Rock
|move|p1a: hans vanaken|Weather Ball|p2a: Dondozo
|-resisted|p2a: Dondozo
|-damage|p2a: Dondozo|61/100 slp
|-damage|p1a: hans vanaken|5/100|[from] item: Life Orb
|
|-weather|SunnyDay|[upkeep]
|-heal|p2a: Dondozo|67/100 slp|[from] item: Leftovers
|upkeep
|turn|35
|
|t:|1760324606
|switch|p2a: Corviknight|Corviknight, F|68/100
|-damage|p2a: Corviknight|55/100|[from] Stealth Rock
|-ability|p2a: Corviknight|Pressure
|move|p1a: hans vanaken|Giga Drain|p2a: Corviknight
|-resisted|p2a: Corviknight
|-damage|p2a: Corviknight|45/100
|-heal|p1a: hans vanaken|12/100|[from] drain|[of] p2a: Corviknight
|-damage|p1a: hans vanaken|2/100|[from] item: Life Orb
|
|-weather|SunnyDay|[upkeep]
|upkeep
|turn|36
|
|t:|1760324614
|switch|p2a: Dondozo|Dondozo, F|67/100 slp
|-damage|p2a: Dondozo|54/100 slp|[from] Stealth Rock
|move|p1a: hans vanaken|Weather Ball|p2a: Dondozo
|-resisted|p2a: Dondozo
|-damage|p2a: Dondozo|22/100 slp
|-damage|p1a: hans vanaken|0 fnt|[from] item: Life Orb
|faint|p1a: hans vanaken
|
|-weather|SunnyDay|[upkeep]
|-heal|p2a: Dondozo|29/100 slp|[from] item: Leftovers
|upkeep
|
|t:|1760324617
|switch|p1a: chama|Walking Wake|46/100
|-activate|p1a: chama|ability: Protosynthesis
|-start|p1a: chama|protosynthesisspa
|turn|37
|c| gibbereesh|oh
|
|t:|1760324627
|switch|p2a: Ting-Lu|Ting-Lu, tera:Water|19/100
|-damage|p2a: Ting-Lu|6/100|[from] Stealth Rock
|-ability|p2a: Ting-Lu|Vessel of Ruin
|move|p1a: chama|Hydro Steam|p2a: Ting-Lu
|-resisted|p2a: Ting-Lu
|-damage|p2a: Ting-Lu|0 fnt
|faint|p2a: Ting-Lu
|
|-weather|none
|-end|p1a: chama|Protosynthesis
|upkeep
|c|☆yesterdaymister|what?
|
|t:|1760324635
|switch|p2a: Dondozo|Dondozo, F|29/100 slp
|-damage|p2a: Dondozo|16/100 slp|[from] Stealth Rock
|turn|38
|
|t:|1760324641
|-end|p1a: chama|Protosynthesis|[silent]
|switch|p1a: arda guler|Ninetales, F|82/100
|-weather|SunnyDay|[from] ability: Drought|[of] p1a: arda guler
|switch|p2a: Corviknight|Corviknight, F|45/100
|-damage|p2a: Corviknight|32/100|[from] Stealth Rock
|-ability|p2a: Corviknight|Pressure
|
|-weather|SunnyDay|[upkeep]
|upkeep
|turn|39
|l| avlavlavlavl
|inactive|MooFarmer has 90 seconds left.
|inactive|MooFarmer has 60 seconds left.
|
|t:|1760324680
|switch|p2a: Dondozo|Dondozo, F|16/100 slp
|-damage|p2a: Dondozo|4/100 slp|[from] Stealth Rock
|move|p1a: arda guler|Healing Wish|p1a: arda guler
|faint|p1a: arda guler
|
|-weather|SunnyDay|[upkeep]
|-heal|p2a: Dondozo|10/100 slp|[from] item: Leftovers
|upkeep
|
|t:|1760324688
|switch|p1a: chama|Walking Wake|46/100
|-heal|p1a: chama|100/100|[from] move: Healing Wish
|-activate|p1a: chama|ability: Protosynthesis
|-start|p1a: chama|protosynthesisspa
|turn|40
|c|☆yesterdaymister|ggs
|inactive|MooFarmer has 60 seconds left.
|
|t:|1760324717
|-terastallize|p1a: chama|Water
|move|p1a: chama|Hydro Steam|p2a: Dondozo
|-resisted|p2a: Dondozo
|-damage|p2a: Dondozo|0 fnt
|faint|p2a: Dondozo
|
|-weather|SunnyDay|[upkeep]
|upkeep
|
|t:|1760324722
|switch|p2a: Corviknight|Corviknight, F|32/100
|-damage|p2a: Corviknight|20/100|[from] Stealth Rock
|-ability|p2a: Corviknight|Pressure
|turn|41
|
|t:|1760324724
|move|p1a: chama|Hydro Steam|p2a: Corviknight
|-damage|p2a: Corviknight|0 fnt
|faint|p2a: Corviknight
|
|win|yesterdaymister
|raw|yesterdaymister's rating: 1816 &rarr; <strong>1837</strong><br />(+21 for winning)
|raw|MooFarmer's rating: 1840 &rarr; <strong>1819</strong><br />(-21 for losing)
|l|☆MooFarmer
|player|p2|
|l| gibbereesh
