|j|☆OUMonster2341
|j|☆msksherlock
|t:|1760361396
|gametype|singles
|player|p1|OUMonster2341|2|1296
|player|p2|msksherlock|2|1291
|gen|9
|tier|[Gen 9] OU
|rated|
|rule|HP Percentage Mod: HP is shown in percentages
|rule|Endless Battle Clause: Forcing endless battles is banned
|rule|Species Clause: Limit one of each Pokémon
|rule|OHKO Clause: OHKO moves are banned
|rule|Evasion Items Clause: Evasion items are banned
|rule|Evasion Moves Clause: Evasion moves are banned
|rule|Evasion Abilities Clause: Evasion abilities are banned
|rule|Sleep Moves Clause: Sleep-inducing moves are banned
|clearpoke
|poke|p1|Raichu-Alola, F|
|poke|p1|Pincurchin, M|
|poke|p1|Weavile, F|
|poke|p1|Hawlucha, F|
|poke|p1|Raging Bolt|
|poke|p1|Great Tusk|
|poke|p2|Raging Bolt|
|poke|p2|Scizor, M|
|poke|p2|Kingambit, M|
|poke|p2|Dragonite, F|
|poke|p2|Great Tusk|
|poke|p2|Keldeo-Resolute|
|teampreview
|inactive|Battle timer is ON: inactive players will automatically lose when time's up. (requested by OUMonster2341)
|inactive|msksherlock has 120 seconds left.
|
|t:|1760361434
|teamsize|p1|6
|teamsize|p2|6
|start
|switch|p1a: Great Tusk|Great Tusk|100/100
|switch|p2a: Great Tusk|Great Tusk|100/100
|-enditem|p1a: Great Tusk|Booster Energy
|-activate|p1a: Great Tusk|ability: Protosynthesis|[fromitem]
|-start|p1a: Great Tusk|protosynthesisspe
|turn|1
|
|t:|1760361446
|move|p1a: Great Tusk|Bulk Up|p1a: Great Tusk
|-boost|p1a: Great Tusk|atk|1
|-boost|p1a: Great Tusk|def|1
|move|p2a: Great Tusk|Ice Spinner|p1a: Great Tusk
|-supereffective|p1a: Great Tusk
|-damage|p1a: Great Tusk|73/100
|
|upkeep
|turn|2
|
|t:|1760361454
|move|p1a: Great Tusk|Ice Spinner|p2a: Great Tusk
|-supereffective|p2a: Great Tusk
|-damage|p2a: Great Tusk|45/100
|move|p2a: Great Tusk|Ice Spinner|p1a: Great Tusk
|-supereffective|p1a: Great Tusk
|-damage|p1a: Great Tusk|45/100
|
|upkeep
|turn|3
|
|t:|1760361458
|move|p1a: Great Tusk|Ice Spinner|p2a: Great Tusk
|-supereffective|p2a: Great Tusk
|-damage|p2a: Great Tusk|0 fnt
|faint|p2a: Great Tusk
|-end|p2a: Great Tusk|Protosynthesis|[silent]
|
|upkeep
|
|t:|1760361461
|switch|p2a: Keldeo|Keldeo-Resolute|100/100
|turn|4
|
|t:|1760361466
|move|p1a: Great Tusk|Headlong Rush|p2a: Keldeo
|-damage|p2a: Keldeo|14/100
|-unboost|p1a: Great Tusk|def|1
|-unboost|p1a: Great Tusk|spd|1
|move|p2a: Keldeo|Surf|p1a: Great Tusk
|-supereffective|p1a: Great Tusk
|-damage|p1a: Great Tusk|0 fnt
|faint|p1a: Great Tusk
|-end|p1a: Great Tusk|Protosynthesis|[silent]
|
|-heal|p2a: Keldeo|20/100|[from] item: Leftovers
|upkeep
|
|t:|1760361472
|switch|p1a: Weavile|Weavile, F, shiny|100/100
|-ability|p1a: Weavile|Pressure
|turn|5
|
|t:|1760361476
|move|p1a: Weavile|Knock Off|p2a: Keldeo
|-resisted|p2a: Keldeo
|-damage|p2a: Keldeo|0 fnt
|-enditem|p2a: Keldeo|Leftovers|[from] move: Knock Off|[of] p1a: Weavile
|faint|p2a: Keldeo
|
|upkeep
|
|t:|1760361483
|switch|p2a: Scizor|Scizor, M|100/100
|turn|6
|
|t:|1760361491
|switch|p1a: Raging Bolt|Raging Bolt|100/100
|move|p2a: Scizor|Bullet Punch|p1a: Raging Bolt
|-resisted|p1a: Raging Bolt
|-damage|p1a: Raging Bolt|83/100
|
|upkeep
|turn|7
|
|t:|1760361495
|move|p1a: Raging Bolt|Volt Switch|p2a: Scizor
|-damage|p2a: Scizor|54/100
|
|t:|1760361499
|-end|p1a: Raging Bolt|Protosynthesis|[silent]
|switch|p1a: Pincurchin|Pincurchin, M|100/100|[from] Volt Switch
|-fieldstart|move: Electric Terrain|[from] ability: Electric Surge|[of] p1a: Pincurchin
|move|p2a: Scizor|Swords Dance|p2a: Scizor
|-boost|p2a: Scizor|atk|2
|
|-heal|p2a: Scizor|60/100|[from] item: Leftovers
|upkeep
|turn|8
|
|t:|1760361520
|move|p2a: Scizor|Bug Bite|p1a: Pincurchin
|-damage|p1a: Pincurchin|19/100
|move|p1a: Pincurchin|Discharge|p2a: Scizor
|-damage|p2a: Scizor|20/100
|
|-heal|p2a: Scizor|26/100|[from] item: Leftovers
|upkeep
|turn|9
|
|t:|1760361526
|move|p2a: Scizor|Bug Bite|p1a: Pincurchin
|-damage|p1a: Pincurchin|0 fnt
|faint|p1a: Pincurchin
|
|-heal|p2a: Scizor|32/100|[from] item: Leftovers
|upkeep
|
|t:|1760361528
|switch|p1a: Raging Bolt|Raging Bolt|83/100
|turn|10
|
|t:|1760361531
|move|p2a: Scizor|Bullet Punch|p1a: Raging Bolt
|-resisted|p1a: Raging Bolt
|-damage|p1a: Raging Bolt|51/100
|move|p1a: Raging Bolt|Volt Switch|p2a: Scizor
|-damage|p2a: Scizor|0 fnt
|faint|p2a: Scizor
|
|t:|1760361533
|-end|p1a: Raging Bolt|Protosynthesis|[silent]
|switch|p1a: Raichu|Raichu-Alola, F, shiny|100/100|[from] Volt Switch
|
|upkeep
|
|t:|1760361548
|switch|p2a: Kingambit|Kingambit, M|100/100
|-activate|p2a: Kingambit|ability: Supreme Overlord
|-start|p2a: Kingambit|fallen3|[silent]
|turn|11
|
|t:|1760361552
|move|p2a: Kingambit|Sucker Punch|p1a: Raichu
|-supereffective|p1a: Raichu
|-damage|p1a: Raichu|0 fnt
|faint|p1a: Raichu
|
|upkeep
|
|t:|1760361554
|switch|p1a: Hawlucha|Hawlucha, F|100/100
|-enditem|p1a: Hawlucha|Electric Seed
|-boost|p1a: Hawlucha|def|1|[from] item: Electric Seed
|turn|12
|
|t:|1760361563
|move|p1a: Hawlucha|Close Combat|p2a: Kingambit
|-supereffective|p2a: Kingambit
|-damage|p2a: Kingambit|0 fnt
|-unboost|p1a: Hawlucha|def|1
|-unboost|p1a: Hawlucha|spd|1
|faint|p2a: Kingambit
|-end|p2a: Kingambit|fallen3|[silent]
|
|upkeep
|
|t:|1760361566
|switch|p2a: Raging Bolt|Raging Bolt|100/100
|turn|13
|
|t:|1760361575
|move|p2a: Raging Bolt|Thunderclap|p1a: Hawlucha
|-supereffective|p1a: Hawlucha
|-damage|p1a: Hawlucha|0 fnt
|faint|p1a: Hawlucha
|
|upkeep
|
|t:|1760361578
|switch|p1a: Weavile|Weavile, F, shiny|100/100
|-ability|p1a: Weavile|Pressure
|turn|14
|c|☆OUMonster2341|gg
|
|t:|1760361586
|move|p1a: Weavile|Icicle Spear|p2a: Raging Bolt
|-supereffective|p2a: Raging Bolt
|-damage|p2a: Raging Bolt|72/100
|-supereffective|p2a: Raging Bolt
|-damage|p2a: Raging Bolt|44/100
|-supereffective|p2a: Raging Bolt
|-damage|p2a: Raging Bolt|16/100
|-hitcount|p2a: Raging Bolt|3
|move|p2a: Raging Bolt|Thunderbolt|p1a: Weavile
|-damage|p1a: Weavile|0 fnt
|faint|p1a: Weavile
|
|-fieldend|move: Electric Terrain
|upkeep
|
|t:|1760361604
|switch|p1a: Raging Bolt|Raging Bolt|51/100
|turn|15
|
|t:|1760361612
|move|p1a: Raging Bolt|Dragon Pulse|p2a: Raging Bolt
|-supereffective|p2a: Raging Bolt
|-damage|p2a: Raging Bolt|0 fnt
|faint|p2a: Raging Bolt
|-end|p2a: Raging Bolt|Protosynthesis|[silent]
|
|upkeep
|
|t:|1760361615
|switch|p2a: Dragonite|Dragonite, F|100/100
|turn|16
|
|t:|1760361626
|-terastallize|p2a: Dragonite|Normal
|-terastallize|p1a: Raging Bolt|Fairy
|move|p2a: Dragonite|Dragon Dance|p2a: Dragonite
|-boost|p2a: Dragonite|atk|1
|-boost|p2a: Dragonite|spe|1
|move|p1a: Raging Bolt|Dragon Pulse|p2a: Dragonite
|-damage|p2a: Dragonite|74/100
|
|-heal|p2a: Dragonite|80/100|[from] item: Leftovers
|upkeep
|turn|17
|
|t:|1760361647
|move|p2a: Dragonite|Extreme Speed|p1a: Raging Bolt
|-damage|p1a: Raging Bolt|0 fnt
|faint|p1a: Raging Bolt
|-end|p1a: Raging Bolt|Protosynthesis|[silent]
|
|win|msksherlock
|raw|OUMonster2341's rating: 1296 &rarr; <strong>1271</strong><br />(-25 for losing)
|raw|msksherlock's rating: 1291 &rarr; <strong>1316</strong><br />(+25 for winning)
|l|☆OUMonster2341
|player|p1|
|l|☆msksherlock
|player|p2|
