|j|☆twesticles
|j|☆Ravingtomb
|t:|1760452133
|gametype|singles
|player|p1|twesticles|skyla|1339
|player|p2|Ravingtomb|medium|1320
|gen|9
|tier|[Gen 9] OU
|rated|
|rule|HP Percentage Mod: HP is shown in percentages
|rule|Endless Battle Clause: Forcing endless battles is banned
|rule|Species Clause: Limit one of each Pokémon
|rule|OHKO Clause: OHKO moves are banned
|rule|Evasion Items Clause: Evasion items are banned
|rule|Evasion Moves Clause: Evasion moves are banned
|rule|Evasion Abilities Clause: Evasion abilities are banned
|rule|Sleep Moves Clause: Sleep-inducing moves are banned
|clearpoke
|poke|p1|Araquanid, M|
|poke|p1|Iron Treads|
|poke|p1|Cinderace, F|
|poke|p1|Kingambit, M|
|poke|p1|Pecharunt|
|poke|p1|Dragonite, M|
|poke|p2|Cramorant, M|
|poke|p2|Great Tusk|
|poke|p2|Lokix, M|
|poke|p2|Garganacl, F|
|poke|p2|Tinkaton, F|
|poke|p2|Zoroark-Hisui, M|
|teampreview
|inactive|Battle timer is ON: inactive players will automatically lose when time's up. (requested by twesticles)
|
|t:|1760452167
|teamsize|p1|6
|teamsize|p2|6
|start
|switch|p1a: Araquanid|Araquanid, M, shiny|100/100
|switch|p2a: Lokix|Lokix, M, shiny|100/100
|turn|1
|
|t:|1760452193
|move|p2a: Lokix|Trick|p1a: Araquanid
|-activate|p2a: Lokix|move: Trick|[of] p1a: Araquanid
|-item|p1a: Araquanid|Choice Specs|[from] move: Trick
|-item|p2a: Lokix|Mental Herb|[from] move: Trick
|move|p1a: Araquanid|Sticky Web|p2a: Lokix
|-sidestart|p2: Ravingtomb|move: Sticky Web
|
|upkeep
|turn|2
|inactive|twesticles has 120 seconds left.
|
|t:|1760452222
|switch|p1a: Cinderace|Cinderace, F|100/100
|move|p2a: Lokix|Shadow Ball|p1a: Cinderace
|-damage|p1a: Cinderace|37/100
|
|upkeep
|turn|3
|
|t:|1760452244
|move|p1a: Cinderace|Swords Dance|p1a: Cinderace
|-boost|p1a: Cinderace|atk|2
|move|p2a: Lokix|Shadow Ball|p1a: Cinderace
|-damage|p1a: Cinderace|0 fnt
|faint|p1a: Cinderace
|
|upkeep
|inactive|twesticles has 90 seconds left.
|
|t:|1760452284
|switch|p1a: Araquanid|Araquanid, M, shiny|100/100
|turn|4
|
|t:|1760452292
|switch|p2a: Great Tusk|Great Tusk|100/100
|-activate|p2a: Great Tusk|move: Sticky Web
|-unboost|p2a: Great Tusk|spe|1
|move|p1a: Araquanid|Lunge|p2a: Great Tusk
|-resisted|p2a: Great Tusk
|-damage|p2a: Great Tusk|96/100
|-unboost|p2a: Great Tusk|atk|1
|
|-heal|p2a: Great Tusk|100/100|[from] item: Leftovers
|upkeep
|turn|5
|
|t:|1760452310
|-terastallize|p1a: Araquanid|Ghost
|move|p2a: Great Tusk|Rapid Spin|p1a: Araquanid
|-immune|p1a: Araquanid
|move|p1a: Araquanid|Lunge|p2a: Great Tusk
|-resisted|p2a: Great Tusk
|-damage|p2a: Great Tusk|96/100
|-unboost|p2a: Great Tusk|atk|1
|
|-heal|p2a: Great Tusk|100/100|[from] item: Leftovers
|upkeep
|turn|6
|
|t:|1760452322
|-end|p2a: Great Tusk|Protosynthesis|[silent]
|switch|p2a: Cramorant|Cramorant, M, shiny|100/100
|move|p1a: Araquanid|Lunge|p2a: Cramorant
|-resisted|p2a: Cramorant
|-damage|p2a: Cramorant|82/100
|-unboost|p2a: Cramorant|atk|1
|
|upkeep
|turn|7
|
|t:|1760452333
|switch|p1a: Iron Treads|Iron Treads|100/100
|-enditem|p1a: Iron Treads|Booster Energy
|-activate|p1a: Iron Treads|ability: Quark Drive|[fromitem]
|-start|p1a: Iron Treads|quarkdriveatk
|move|p2a: Cramorant|Agility|p2a: Cramorant
|-boost|p2a: Cramorant|spe|2
|
|upkeep
|turn|8
|
|t:|1760452346
|-terastallize|p2a: Cramorant|Ground
|move|p2a: Cramorant|Surf|p1a: Iron Treads
|-formechange|p2a: Cramorant|Cramorant-Gulping|
|-supereffective|p1a: Iron Treads
|-damage|p1a: Iron Treads|0 fnt
|faint|p1a: Iron Treads
|-end|p1a: Iron Treads|Quark Drive|[silent]
|
|upkeep
|inactive|twesticles has 60 seconds left.
|
|t:|1760452362
|switch|p1a: Araquanid|Araquanid, M, shiny, tera:Ghost|100/100
|turn|9
|
|t:|1760452368
|move|p2a: Cramorant|Hurricane|p1a: Araquanid|[miss]
|-miss|p2a: Cramorant|p1a: Araquanid
|move|p1a: Araquanid|Liquidation|p2a: Cramorant
|-supereffective|p2a: Cramorant
|-damage|p2a: Cramorant|0 fnt
|-damage|p1a: Araquanid|75/100|[from] ability: Gulp Missile|[of] p2a: Cramorant
|-unboost|p1a: Araquanid|def|1
|-formechange|p2a: Cramorant|Cramorant|
|faint|p2a: Cramorant
|
|upkeep
|
|t:|1760452377
|switch|p2a: Lokix|Lokix, M, shiny|100/100
|-activate|p2a: Lokix|move: Sticky Web
|-unboost|p2a: Lokix|spe|1
|turn|10
|
|t:|1760452385
|move|p2a: Lokix|First Impression|p1a: Araquanid
|-resisted|p1a: Araquanid
|-damage|p1a: Araquanid|25/100
|move|p1a: Araquanid|Liquidation|p2a: Lokix
|-damage|p2a: Lokix|40/100
|
|upkeep
|turn|11
|
|t:|1760452392
|move|p2a: Lokix|Sucker Punch|p1a: Araquanid
|-supereffective|p1a: Araquanid
|-damage|p1a: Araquanid|0 fnt
|faint|p1a: Araquanid
|
|upkeep
|
|t:|1760452414
|switch|p1a: Kingambit|Kingambit, M|100/100
|-activate|p1a: Kingambit|ability: Supreme Overlord
|-start|p1a: Kingambit|fallen3|[silent]
|turn|12
|
|t:|1760452425
|switch|p2a: Great Tusk|Great Tusk|100/100
|-activate|p2a: Great Tusk|move: Sticky Web
|-unboost|p2a: Great Tusk|spe|1
|move|p1a: Kingambit|Swords Dance|p1a: Kingambit
|-boost|p1a: Kingambit|atk|2
|
|upkeep
|turn|13
|inactive|twesticles has 60 seconds left.
|
|t:|1760452442
|move|p1a: Kingambit|Kowtow Cleave|p2a: Great Tusk
|-resisted|p2a: Great Tusk
|-damage|p2a: Great Tusk|64/100
|move|p2a: Great Tusk|Body Press|p1a: Kingambit
|-supereffective|p1a: Kingambit
|-crit|p1a: Kingambit
|-damage|p1a: Kingambit|0 fnt
|faint|p1a: Kingambit
|-end|p1a: Kingambit|fallen3|[silent]
|
|-heal|p2a: Great Tusk|70/100|[from] item: Leftovers
|upkeep
|inactive|twesticles has 60 seconds left.
|
|t:|1760452464
|switch|p1a: Dragonite|Dragonite, M|100/100
|turn|14
|
|t:|1760452481
|move|p1a: Dragonite|Dragon Dance|p1a: Dragonite
|-boost|p1a: Dragonite|atk|1
|-boost|p1a: Dragonite|spe|1
|move|p2a: Great Tusk|Rapid Spin|p1a: Dragonite
|-damage|p1a: Dragonite|92/100
|-boost|p2a: Great Tusk|spe|1
|-sideend|p2: Ravingtomb|Sticky Web|[from] move: Rapid Spin|[of] p2a: Great Tusk
|
|-heal|p2a: Great Tusk|76/100|[from] item: Leftovers
|upkeep
|turn|15
|
|t:|1760452490
|move|p1a: Dragonite|Ice Spinner|p2a: Great Tusk
|-supereffective|p2a: Great Tusk
|-damage|p2a: Great Tusk|35/100
|move|p2a: Great Tusk|Ice Spinner|p1a: Dragonite
|-supereffective|p1a: Dragonite
|-damage|p1a: Dragonite|0 fnt
|faint|p1a: Dragonite
|
|-heal|p2a: Great Tusk|42/100|[from] item: Leftovers
|upkeep
|
|t:|1760452496
|switch|p1a: Pecharunt|Pecharunt|100/100
|-item|p1a: Pecharunt|Air Balloon
|turn|16
|
|t:|1760452517
|move|p1a: Pecharunt|Nasty Plot|p1a: Pecharunt
|-boost|p1a: Pecharunt|spa|2
|move|p2a: Great Tusk|Knock Off|p1a: Pecharunt
|-supereffective|p1a: Pecharunt
|-damage|p1a: Pecharunt|58/100
|-enditem|p1a: Pecharunt|Air Balloon
|
|-heal|p2a: Great Tusk|48/100|[from] item: Leftovers
|upkeep
|turn|17
|inactive|twesticles has 30 seconds left.
|
|t:|1760452534
|-end|p2a: Great Tusk|Protosynthesis|[silent]
|switch|p2a: Garganacl|Garganacl, F|100/100
|move|p1a: Pecharunt|Shadow Ball|p2a: Garganacl
|-damage|p2a: Garganacl|71/100
|
|-heal|p2a: Garganacl|77/100|[from] item: Leftovers
|upkeep
|turn|18
|
|t:|1760452542
|move|p1a: Pecharunt|Malignant Chain|p2a: Garganacl
|-resisted|p2a: Garganacl
|-damage|p2a: Garganacl|41/100
|move|p2a: Garganacl|Salt Cure|p1a: Pecharunt
|-damage|p1a: Pecharunt|48/100
|-start|p1a: Pecharunt|Salt Cure
|
|-heal|p2a: Garganacl|47/100|[from] item: Leftovers
|-damage|p1a: Pecharunt|36/100|[from] Salt Cure
|upkeep
|turn|19
|
|t:|1760452560
|move|p1a: Pecharunt|Malignant Chain|p2a: Garganacl
|-resisted|p2a: Garganacl
|-damage|p2a: Garganacl|11/100
|move|p2a: Garganacl|Recover|p2a: Garganacl
|-heal|p2a: Garganacl|61/100
|
|-heal|p2a: Garganacl|68/100|[from] item: Leftovers
|-damage|p1a: Pecharunt|24/100|[from] Salt Cure
|upkeep
|turn|20
|
|t:|1760452567
|move|p1a: Pecharunt|Nasty Plot|p1a: Pecharunt
|-boost|p1a: Pecharunt|spa|2
|move|p2a: Garganacl|Salt Cure|p1a: Pecharunt
|-damage|p1a: Pecharunt|14/100
|
|-heal|p2a: Garganacl|74/100|[from] item: Leftovers
|-damage|p1a: Pecharunt|2/100|[from] Salt Cure
|upkeep
|turn|21
|
|t:|1760452592
|move|p1a: Pecharunt|Malignant Chain|p2a: Garganacl
|-resisted|p2a: Garganacl
|-damage|p2a: Garganacl|20/100
|move|p2a: Garganacl|Salt Cure|p1a: Pecharunt
|-damage|p1a: Pecharunt|0 fnt
|faint|p1a: Pecharunt
|
|win|Ravingtomb
|raw|twesticles's rating: 1339 &rarr; <strong>1318</strong><br />(-21 for losing)
|raw|Ravingtomb's rating: 1320 &rarr; <strong>1341</strong><br />(+21 for winning)
|l|☆Ravingtomb
|player|p2|
|l|☆twesticles
|player|p1|
