|j|☆TheTheyThemler
|j|☆RaSaTan
|t:|1760388265
|gametype|singles
|player|p1|TheTheyThemler|n|1264
|player|p2|RaSaTan|ingo|1267
|gen|9
|tier|[Gen 9] OU
|rated|
|rule|HP Percentage Mod: HP is shown in percentages
|rule|Endless Battle Clause: Forcing endless battles is banned
|rule|Species Clause: Limit one of each Pokémon
|rule|OHKO Clause: OHKO moves are banned
|rule|Evasion Items Clause: Evasion items are banned
|rule|Evasion Moves Clause: Evasion moves are banned
|rule|Evasion Abilities Clause: Evasion abilities are banned
|rule|Sleep Moves Clause: Sleep-inducing moves are banned
|clearpoke
|poke|p1|Charjabug, F|
|poke|p1|Ceruledge, F|
|poke|p1|Gholdengo|
|poke|p1|Umbreon, F|
|poke|p1|Great Tusk|
|poke|p1|Kyurem|
|poke|p2|Iron Moth|
|poke|p2|Kingambit, M|
|poke|p2|Dragonite, F|
|poke|p2|Ogerpon-Cornerstone, F|
|poke|p2|Iron Valiant|
|poke|p2|Raging Bolt|
|teampreview
|
|t:|1760388274
|teamsize|p1|6
|teamsize|p2|6
|start
|switch|p1a: 🚍|Charjabug, F, shiny|100/100
|switch|p2a: Iron Moth|Iron Moth|100/100
|-enditem|p2a: Iron Moth|Booster Energy
|-activate|p2a: Iron Moth|ability: Quark Drive|[fromitem]
|-start|p2a: Iron Moth|quarkdrivespe
|turn|1
|
|t:|1760388277
|switch|p1a: ⚔️|Ceruledge, F, shiny|100/100
|move|p2a: Iron Moth|Fiery Dance|p1a: ⚔️
|-start|p1a: ⚔️|ability: Flash Fire
|
|upkeep
|turn|2
|
|t:|1760388295
|move|p2a: Iron Moth|Sludge Wave|p1a: ⚔️
|-resisted|p1a: ⚔️
|-damage|p1a: ⚔️|74/100
|move|p1a: ⚔️|Bitter Blade|p2a: Iron Moth
|-resisted|p2a: Iron Moth
|-damage|p2a: Iron Moth|50/100
|-heal|p1a: ⚔️|99/100|[from] drain|[of] p2a: Iron Moth
|
|-heal|p1a: ⚔️|100/100|[from] item: Leftovers
|upkeep
|turn|3
|
|t:|1760388302
|-end|p2a: Iron Moth|Quark Drive|[silent]
|switch|p2a: Raging Bolt|Raging Bolt|100/100
|-enditem|p2a: Raging Bolt|Booster Energy
|-activate|p2a: Raging Bolt|ability: Protosynthesis|[fromitem]
|-start|p2a: Raging Bolt|protosynthesisspa
|move|p1a: ⚔️|Bulk Up|p1a: ⚔️
|-boost|p1a: ⚔️|atk|1
|-boost|p1a: ⚔️|def|1
|
|upkeep
|turn|4
|
|t:|1760388319
|move|p1a: ⚔️|Shadow Sneak|p2a: Raging Bolt
|-damage|p2a: Raging Bolt|70/100
|move|p2a: Raging Bolt|Thunderbolt|p1a: ⚔️
|-damage|p1a: ⚔️|20/100
|
|-heal|p1a: ⚔️|26/100|[from] item: Leftovers
|upkeep
|turn|5
|
|t:|1760388330
|move|p1a: ⚔️|Bitter Blade|p2a: Raging Bolt
|-resisted|p2a: Raging Bolt
|-damage|p2a: Raging Bolt|16/100
|-heal|p1a: ⚔️|61/100|[from] drain|[of] p2a: Raging Bolt
|move|p2a: Raging Bolt|Thunderbolt|p1a: ⚔️
|-damage|p1a: ⚔️|0 fnt
|faint|p1a: ⚔️
|
|upkeep
|inactive|Battle timer is ON: inactive players will automatically lose when time's up. (requested by RaSaTan)
|
|t:|1760388366
|switch|p1a: 🚍|Charjabug, F, shiny|100/100
|turn|6
|
|t:|1760388389
|move|p2a: Raging Bolt|Dragon Pulse|p1a: 🚍
|-damage|p1a: 🚍|45/100
|move|p1a: 🚍|Sticky Web|p2a: Raging Bolt
|-sidestart|p2: RaSaTan|move: Sticky Web
|
|upkeep
|turn|7
|
|t:|1760388394
|switch|p1a: 🐈‍⬛|Umbreon, F, shiny|100/100
|move|p2a: Raging Bolt|Dragon Pulse|p1a: 🐈‍⬛
|-damage|p1a: 🐈‍⬛|69/100
|
|-heal|p1a: 🐈‍⬛|75/100|[from] item: Leftovers
|upkeep
|turn|8
|
|t:|1760388406
|move|p2a: Raging Bolt|Thunderbolt|p1a: 🐈‍⬛
|-damage|p1a: 🐈‍⬛|37/100
|move|p1a: 🐈‍⬛|Wish|p1a: 🐈‍⬛
|
|-heal|p1a: 🐈‍⬛|43/100|[from] item: Leftovers
|upkeep
|turn|9
|
|t:|1760388417
|move|p2a: Raging Bolt|Dragon Pulse|p1a: 🐈‍⬛
|-damage|p1a: 🐈‍⬛|10/100
|move|p1a: 🐈‍⬛|Toxic|p2a: Raging Bolt
|-status|p2a: Raging Bolt|tox
|
|-heal|p1a: 🐈‍⬛|60/100|[from] move: Wish|[wisher] 🐈‍⬛
|-heal|p1a: 🐈‍⬛|66/100|[from] item: Leftovers
|-damage|p2a: Raging Bolt|10/100 tox|[from] psn
|upkeep
|turn|10
|
|t:|1760388426
|move|p1a: 🐈‍⬛|Protect|p1a: 🐈‍⬛
|-singleturn|p1a: 🐈‍⬛|Protect
|move|p2a: Raging Bolt|Thunderbolt|p1a: 🐈‍⬛
|-activate|p1a: 🐈‍⬛|move: Protect
|
|-heal|p1a: 🐈‍⬛|72/100|[from] item: Leftovers
|-damage|p2a: Raging Bolt|0 fnt|[from] psn
|faint|p2a: Raging Bolt
|-end|p2a: Raging Bolt|Protosynthesis|[silent]
|upkeep
|
|t:|1760388429
|switch|p2a: Iron Valiant|Iron Valiant|100/100
|-activate|p2a: Iron Valiant|move: Sticky Web
|-unboost|p2a: Iron Valiant|spe|1
|-enditem|p2a: Iron Valiant|Booster Energy
|-activate|p2a: Iron Valiant|ability: Quark Drive|[fromitem]
|-start|p2a: Iron Valiant|quarkdriveatk
|turn|11
|inactive|TheTheyThemler has 120 seconds left.
|
|t:|1760388462
|move|p1a: 🐈‍⬛|Protect|p1a: 🐈‍⬛
|-singleturn|p1a: 🐈‍⬛|Protect
|move|p2a: Iron Valiant|Knock Off|p1a: 🐈‍⬛
|-activate|p1a: 🐈‍⬛|move: Protect
|
|-heal|p1a: 🐈‍⬛|78/100|[from] item: Leftovers
|upkeep
|turn|12
|
|t:|1760388467
|switch|p1a: 🐘|Great Tusk, shiny|100/100
|move|p2a: Iron Valiant|Close Combat|p1a: 🐘
|-damage|p1a: 🐘|56/100
|-unboost|p2a: Iron Valiant|def|1
|-unboost|p2a: Iron Valiant|spd|1
|
|-heal|p1a: 🐘|62/100|[from] item: Leftovers
|upkeep
|turn|13
|
|t:|1760388476
|move|p1a: 🐘|Rapid Spin|p2a: Iron Valiant
|-damage|p2a: Iron Valiant|71/100
|-boost|p1a: 🐘|spe|1
|move|p2a: Iron Valiant|Destiny Bond|p2a: Iron Valiant
|-singlemove|p2a: Iron Valiant|Destiny Bond
|
|-heal|p1a: 🐘|68/100|[from] item: Leftovers
|upkeep
|turn|14
|
|t:|1760388488
|move|p1a: 🐘|Stealth Rock|p2a: Iron Valiant
|-sidestart|p2: RaSaTan|move: Stealth Rock
|move|p2a: Iron Valiant|Swords Dance|p2a: Iron Valiant
|-boost|p2a: Iron Valiant|atk|2
|
|-heal|p1a: 🐘|74/100|[from] item: Leftovers
|upkeep
|turn|15
|
|t:|1760388493
|move|p1a: 🐘|Earthquake|p2a: Iron Valiant
|-damage|p2a: Iron Valiant|0 fnt
|faint|p2a: Iron Valiant
|-end|p2a: Iron Valiant|Quark Drive|[silent]
|
|-heal|p1a: 🐘|81/100|[from] item: Leftovers
|upkeep
|
|t:|1760388500
|switch|p2a: Ogerpon|Ogerpon-Cornerstone, F|100/100
|-activate|p2a: Ogerpon|move: Sticky Web
|-unboost|p2a: Ogerpon|spe|1
|-damage|p2a: Ogerpon|88/100|[from] Stealth Rock
|turn|16
|-message|RaSaTan forfeited.
|
|win|TheTheyThemler
|raw|TheTheyThemler's rating: 1264 &rarr; <strong>1289</strong><br />(+25 for winning)
|raw|RaSaTan's rating: 1267 &rarr; <strong>1242</strong><br />(-25 for losing)
|l|☆RaSaTan
|player|p2|
|l|☆TheTheyThemler
|player|p1|
