|j|☆erdric9
|j|☆pokefanfdj
|t:|1760337048
|gametype|singles
|player|p1|erdric9|170|1216
|player|p2|pokefanfdj|169|1220
|gen|9
|tier|[Gen 9] OU
|rated|
|rule|HP Percentage Mod: HP is shown in percentages
|rule|Endless Battle Clause: Forcing endless battles is banned
|rule|Species Clause: Limit one of each Pokémon
|rule|OHKO Clause: OHKO moves are banned
|rule|Evasion Items Clause: Evasion items are banned
|rule|Evasion Moves Clause: Evasion moves are banned
|rule|Evasion Abilities Clause: Evasion abilities are banned
|rule|Sleep Moves Clause: Sleep-inducing moves are banned
|clearpoke
|poke|p1|Tyranitar, F|
|poke|p1|Infernape, F|
|poke|p1|Gyarados, F|
|poke|p1|Jolteon, M|
|poke|p1|Gholdengo|
|poke|p1|Hatterene, F|
|poke|p2|Moltres|
|poke|p2|Kleavor, M|
|poke|p2|Dondozo, M|
|poke|p2|Blissey, F|
|poke|p2|Kingambit, M|
|poke|p2|Brambleghast, F|
|teampreview
|inactive|Battle timer is ON: inactive players will automatically lose when time's up. (requested by pokefanfdj)
|
|t:|1760337063
|teamsize|p1|6
|teamsize|p2|6
|start
|switch|p1a: Gyarados|Gyarados, F|100/100
|switch|p2a: Kleavor|Kleavor, M|100/100
|turn|1
|
|t:|1760337073
|move|p1a: Gyarados|Dragon Dance|p1a: Gyarados
|-boost|p1a: Gyarados|atk|1
|-boost|p1a: Gyarados|spe|1
|move|p2a: Kleavor|Tailwind|p2a: Kleavor
|-sidestart|p2: pokefanfdj|move: Tailwind
|
|upkeep
|turn|2
|
|t:|1760337082
|move|p2a: Kleavor|Stone Axe|p1a: Gyarados
|-supereffective|p1a: Gyarados
|-enditem|p1a: Gyarados|Focus Sash
|-damage|p1a: Gyarados|1/100
|-sidestart|p1: erdric9|move: Stealth Rock
|move|p1a: Gyarados|Dragon Dance|p1a: Gyarados
|-boost|p1a: Gyarados|atk|1
|-boost|p1a: Gyarados|spe|1
|
|upkeep
|turn|3
|
|t:|1760337091
|move|p1a: Gyarados|Waterfall|p2a: Kleavor
|-supereffective|p2a: Kleavor
|-enditem|p2a: Kleavor|Focus Sash
|-damage|p2a: Kleavor|1/100
|move|p2a: Kleavor|Swords Dance|p2a: Kleavor
|-boost|p2a: Kleavor|atk|2
|
|upkeep
|turn|4
|
|t:|1760337099
|move|p1a: Gyarados|Waterfall|p2a: Kleavor
|-supereffective|p2a: Kleavor
|-damage|p2a: Kleavor|0 fnt
|faint|p2a: Kleavor
|-ability|p1a: Gyarados|Moxie|boost
|-boost|p1a: Gyarados|atk|1
|
|-sideend|p2: pokefanfdj|move: Tailwind
|upkeep
|
|t:|1760337105
|switch|p2a: Dondozo|Dondozo, M|100/100
|turn|5
|
|t:|1760337109
|move|p1a: Gyarados|Earthquake|p2a: Dondozo
|-damage|p2a: Dondozo|79/100
|move|p2a: Dondozo|Curse|p2a: Dondozo
|-unboost|p2a: Dondozo|spe|1
|-boost|p2a: Dondozo|atk|1
|-boost|p2a: Dondozo|def|1
|
|-heal|p2a: Dondozo|85/100|[from] item: Leftovers
|upkeep
|turn|6
|
|t:|1760337120
|move|p1a: Gyarados|Earthquake|p2a: Dondozo
|-damage|p2a: Dondozo|72/100
|move|p2a: Dondozo|Curse|p2a: Dondozo
|-unboost|p2a: Dondozo|spe|1
|-boost|p2a: Dondozo|atk|1
|-boost|p2a: Dondozo|def|1
|
|-heal|p2a: Dondozo|78/100|[from] item: Leftovers
|upkeep
|turn|7
|
|t:|1760337134
|move|p1a: Gyarados|Earthquake|p2a: Dondozo
|-crit|p2a: Dondozo
|-damage|p2a: Dondozo|48/100
|move|p2a: Dondozo|Curse|p2a: Dondozo
|-unboost|p2a: Dondozo|spe|1
|-boost|p2a: Dondozo|atk|1
|-boost|p2a: Dondozo|def|1
|
|-heal|p2a: Dondozo|54/100|[from] item: Leftovers
|upkeep
|turn|8
|
|t:|1760337144
|move|p1a: Gyarados|Earthquake|p2a: Dondozo
|-damage|p2a: Dondozo|46/100
|move|p2a: Dondozo|Rest|p2a: Dondozo
|-status|p2a: Dondozo|slp|[from] move: Rest
|-heal|p2a: Dondozo|100/100 slp|[silent]
|
|upkeep
|turn|9
|
|t:|1760337152
|move|p1a: Gyarados|Earthquake|p2a: Dondozo
|-damage|p2a: Dondozo|93/100 slp
|cant|p2a: Dondozo|slp
|move|p2a: Dondozo|Sleep Talk|p2a: Dondozo
|move|p2a: Dondozo|Curse|p2a: Dondozo|[from] move: Sleep Talk
|-unboost|p2a: Dondozo|spe|1
|-boost|p2a: Dondozo|atk|1
|-boost|p2a: Dondozo|def|1
|
|-heal|p2a: Dondozo|99/100 slp|[from] item: Leftovers
|upkeep
|turn|10
|
|t:|1760337170
|switch|p1a: Jolteon|Jolteon, M|100/100
|-damage|p1a: Jolteon|88/100|[from] Stealth Rock
|cant|p2a: Dondozo|slp
|move|p2a: Dondozo|Sleep Talk|p2a: Dondozo
|move|p2a: Dondozo|Curse|p2a: Dondozo|[from] move: Sleep Talk
|-unboost|p2a: Dondozo|spe|1
|-boost|p2a: Dondozo|atk|1
|-boost|p2a: Dondozo|def|1
|
|-heal|p2a: Dondozo|100/100 slp|[from] item: Leftovers
|upkeep
|turn|11
|
|t:|1760337183
|-terastallize|p2a: Dondozo|Electric
|move|p1a: Jolteon|Volt Switch|p2a: Dondozo
|-resisted|p2a: Dondozo
|-damage|p2a: Dondozo|89/100 slp
|
|t:|1760337193
|switch|p1a: Hatterene|Hatterene, F|100/100|[from] Volt Switch
|-damage|p1a: Hatterene|88/100|[from] Stealth Rock
|-curestatus|p2a: Dondozo|slp|[msg]
|move|p2a: Dondozo|Liquidation|p1a: Hatterene
|-damage|p1a: Hatterene|0 fnt
|faint|p1a: Hatterene
|
|-heal|p2a: Dondozo|95/100|[from] item: Leftovers
|upkeep
|inactive|erdric9 has 120 seconds left.
|
|t:|1760337217
|switch|p1a: Gholdengo|Gholdengo|100/100
|-damage|p1a: Gholdengo|94/100|[from] Stealth Rock
|-item|p1a: Gholdengo|Air Balloon
|turn|12
|inactive|erdric9 has 120 seconds left.
|
|t:|1760337233
|move|p1a: Gholdengo|Make It Rain|p2a: Dondozo
|-resisted|p2a: Dondozo
|-damage|p2a: Dondozo|74/100
|-unboost|p1a: Gholdengo|spa|1
|move|p2a: Dondozo|Liquidation|p1a: Gholdengo
|-damage|p1a: Gholdengo|0 fnt
|-enditem|p1a: Gholdengo|Air Balloon
|faint|p1a: Gholdengo
|
|-heal|p2a: Dondozo|80/100|[from] item: Leftovers
|upkeep
|-message|erdric9 forfeited.
|
|win|pokefanfdj
|raw|erdric9's rating: 1216 &rarr; <strong>1191</strong><br />(-25 for losing)
|raw|pokefanfdj's rating: 1220 &rarr; <strong>1245</strong><br />(+25 for winning)
|l|☆erdric9
|player|p1|
|l|☆pokefanfdj
|player|p2|
