|j|☆Dragon Force 6
|j|☆ReishiramX
|t:|1760440834
|gametype|singles
|player|p1|Dragon Force 6|fisherman-gen4|1165
|player|p2|ReishiramX|morty|1138
|gen|9
|tier|[Gen 9] OU
|rated|
|rule|HP Percentage Mod: HP is shown in percentages
|rule|Endless Battle Clause: Forcing endless battles is banned
|rule|Species Clause: Limit one of each Pokémon
|rule|OHKO Clause: OHKO moves are banned
|rule|Evasion Items Clause: Evasion items are banned
|rule|Evasion Moves Clause: Evasion moves are banned
|rule|Evasion Abilities Clause: Evasion abilities are banned
|rule|Sleep Moves Clause: Sleep-inducing moves are banned
|clearpoke
|poke|p1|Pincurchin, F|
|poke|p1|Hawlucha, F|
|poke|p1|Iron Valiant|
|poke|p1|Iron Treads|
|poke|p1|Iron Moth|
|poke|p1|Iron Hands|
|poke|p2|Trevenant, F|
|poke|p2|Heatran, M|
|poke|p2|Hitmontop, M|
|poke|p2|Toxapex, F|
|poke|p2|Gliscor, F|
|poke|p2|Whimsicott, M|
|teampreview
|inactive|Battle timer is ON: inactive players will automatically lose when time's up. (requested by Dragon Force 6)
|
|t:|1760440837
|teamsize|p1|6
|teamsize|p2|6
|start
|switch|p1a: Pincurchin|Pincurchin, F|100/100
|switch|p2a: Trevenant|Trevenant, F|100/100
|-fieldstart|move: Electric Terrain|[from] ability: Electric Surge|[of] p1a: Pincurchin
|turn|1
|inactive|ReishiramX has 120 seconds left.
|inactive|ReishiramX has 90 seconds left.
|
|t:|1760440903
|move|p2a: Trevenant|Leech Seed|p1a: Pincurchin
|-start|p1a: Pincurchin|move: Leech Seed
|move|p1a: Pincurchin|Spikes|p2a: Trevenant
|-sidestart|p2: ReishiramX|Spikes
|
|-damage|p1a: Pincurchin|88/100|[from] Leech Seed|[of] p2a: Trevenant
|upkeep
|turn|2
|inactive|ReishiramX has 90 seconds left.
|
|t:|1760440911
|switch|p1a: Hawlucha|Hawlucha, F|100/100
|-enditem|p1a: Hawlucha|Electric Seed
|-boost|p1a: Hawlucha|def|1|[from] item: Electric Seed
|move|p2a: Trevenant|Will-O-Wisp|p1a: Hawlucha
|-status|p1a: Hawlucha|brn
|
|-damage|p1a: Hawlucha|94/100 brn|[from] brn
|upkeep
|turn|3
|
|t:|1760440921
|move|p1a: Hawlucha|Swords Dance|p1a: Hawlucha
|-boost|p1a: Hawlucha|atk|2
|move|p2a: Trevenant|Leech Seed|p1a: Hawlucha
|-start|p1a: Hawlucha|move: Leech Seed
|
|-damage|p1a: Hawlucha|82/100 brn|[from] Leech Seed|[of] p2a: Trevenant
|-damage|p1a: Hawlucha|76/100 brn|[from] brn
|upkeep
|turn|4
|
|t:|1760440930
|move|p1a: Hawlucha|Acrobatics|p2a: Trevenant
|-supereffective|p2a: Trevenant
|-damage|p2a: Trevenant|0 fnt
|faint|p2a: Trevenant
|
|-damage|p1a: Hawlucha|70/100 brn|[from] brn
|upkeep
|
|t:|1760440939
|switch|p2a: Hitmontop|Hitmontop, M|100/100
|-damage|p2a: Hitmontop|88/100|[from] Spikes
|-ability|p2a: Hitmontop|Intimidate|boost
|-unboost|p1a: Hawlucha|atk|1
|turn|5
|
|t:|1760440951
|move|p2a: Hitmontop|Fake Out|p1a: Hawlucha
|-damage|p1a: Hawlucha|61/100 brn
|cant|p1a: Hawlucha|flinch
|
|-heal|p2a: Hitmontop|94/100|[from] item: Leftovers
|-damage|p1a: Hawlucha|48/100 brn|[from] Leech Seed|[of] p2a: Hitmontop
|-heal|p2a: Hitmontop|100/100|[silent]
|-damage|p1a: Hawlucha|42/100 brn|[from] brn
|upkeep
|turn|6
|
|t:|1760440959
|move|p2a: Hitmontop|Protect|p2a: Hitmontop
|-singleturn|p2a: Hitmontop|Protect
|move|p1a: Hawlucha|Acrobatics|p2a: Hitmontop
|-activate|p2a: Hitmontop|move: Protect
|
|-damage|p1a: Hawlucha|30/100 brn|[from] Leech Seed|[of] p2a: Hitmontop
|-damage|p1a: Hawlucha|24/100 brn|[from] brn
|upkeep
|turn|7
|inactive|ReishiramX has 120 seconds left.
|
|t:|1760440975
|move|p1a: Hawlucha|Acrobatics|p2a: Hitmontop
|-supereffective|p2a: Hitmontop
|-damage|p2a: Hitmontop|13/100
|move|p2a: Hitmontop|Rapid Spin|p1a: Hawlucha
|-damage|p1a: Hawlucha|13/100 brn
|-boost|p2a: Hitmontop|spe|1
|-sideend|p2: ReishiramX|Spikes|[from] move: Rapid Spin|[of] p2a: Hitmontop
|
|-heal|p2a: Hitmontop|19/100|[from] item: Leftovers
|-damage|p1a: Hawlucha|1/100 brn|[from] Leech Seed|[of] p2a: Hitmontop
|-heal|p2a: Hitmontop|31/100|[silent]
|-damage|p1a: Hawlucha|0 fnt|[from] brn
|faint|p1a: Hawlucha
|upkeep
|
|t:|1760440984
|switch|p1a: Iron Valiant|Iron Valiant|100/100
|-activate|p1a: Iron Valiant|ability: Quark Drive
|-start|p1a: Iron Valiant|quarkdrivespe
|turn|8
|inactive|ReishiramX has 120 seconds left.
|
|t:|1760441018
|switch|p2a: Gliscor|Gliscor, F|100/100
|move|p1a: Iron Valiant|Moonblast|p2a: Gliscor
|-damage|p2a: Gliscor|27/100
|-unboost|p2a: Gliscor|spa|1
|-damage|p1a: Iron Valiant|91/100|[from] item: Life Orb
|
|-fieldend|move: Electric Terrain
|-end|p1a: Iron Valiant|Quark Drive
|-status|p2a: Gliscor|tox|[from] item: Toxic Orb
|upkeep
|turn|9
|inactive|Dragon Force 6 has 120 seconds left.
|
|t:|1760441072
|-end|p1a: Iron Valiant|Quark Drive|[silent]
|switch|p1a: Pincurchin|Pincurchin, F|88/100
|-fieldstart|move: Electric Terrain|[from] ability: Electric Surge|[of] p1a: Pincurchin
|move|p2a: Gliscor|Protect||[still]
|-fail|p2a: Gliscor
|
|-heal|p2a: Gliscor|40/100 tox|[from] ability: Poison Heal
|upkeep
|turn|10
|inactive|ReishiramX has 90 seconds left.
|
|t:|1760441090
|switch|p1a: Iron Treads|Iron Treads|100/100
|-activate|p1a: Iron Treads|ability: Quark Drive
|-start|p1a: Iron Treads|quarkdrivespe
|move|p2a: Gliscor|Toxic|p1a: Iron Treads
|-immune|p1a: Iron Treads
|
|-heal|p2a: Gliscor|52/100 tox|[from] ability: Poison Heal
|upkeep
|turn|11
|
|t:|1760441098
|move|p2a: Gliscor|Protect|p2a: Gliscor
|-singleturn|p2a: Gliscor|Protect
|move|p1a: Iron Treads|Ice Spinner|p2a: Gliscor
|-activate|p2a: Gliscor|move: Protect
|
|-heal|p2a: Gliscor|65/100 tox|[from] ability: Poison Heal
|upkeep
|turn|12
|inactive|ReishiramX has 90 seconds left.
|
|t:|1760441128
|switch|p2a: Heatran|Heatran, M|100/100
|move|p1a: Iron Treads|Ice Spinner|p2a: Heatran
|-resisted|p2a: Heatran
|-damage|p2a: Heatran|95/100
|-fieldend|move: Electric Terrain
|-end|p1a: Iron Treads|Quark Drive
|
|-heal|p2a: Heatran|100/100|[from] item: Leftovers
|upkeep
|turn|13
|inactive|ReishiramX has 60 seconds left.
|
|t:|1760441157
|-end|p1a: Iron Treads|Quark Drive|[silent]
|switch|p1a: Pincurchin|Pincurchin, F|88/100
|-fieldstart|move: Electric Terrain|[from] ability: Electric Surge|[of] p1a: Pincurchin
|move|p2a: Heatran|Magma Storm|p1a: Pincurchin
|-damage|p1a: Pincurchin|36/100
|-activate|p1a: Pincurchin|move: Magma Storm|[of] p2a: Heatran
|
|-damage|p1a: Pincurchin|23/100|[from] move: Magma Storm|[partiallytrapped]
|upkeep
|turn|14
|inactive|ReishiramX has 60 seconds left.
|
|t:|1760441188
|move|p2a: Heatran|Protect|p2a: Heatran
|-singleturn|p2a: Heatran|Protect
|move|p1a: Pincurchin|Hydro Pump|p2a: Heatran
|-activate|p2a: Heatran|move: Protect
|
|-damage|p1a: Pincurchin|11/100|[from] move: Magma Storm|[partiallytrapped]
|upkeep
|turn|15
|inactive|ReishiramX has 30 seconds left.
|inactive|ReishiramX has 20 seconds left.
|inactive|ReishiramX has 15 seconds left.
|c|☆Dragon Force 6|tf you doing man
|inactive|ReishiramX has 10 seconds left.
|inactive|ReishiramX has 5 seconds left.
|-message|ReishiramX lost due to inactivity.
|
|win|Dragon Force 6
|raw|Dragon Force 6's rating: 1165 &rarr; <strong>1188</strong><br />(+23 for winning)
|raw|ReishiramX's rating: 1138 &rarr; <strong>1115</strong><br />(-23 for losing)
|c|☆Dragon Force 6|???
|c|☆ReishiramX|ow
|c|☆ReishiramX|sry was playin valo
|l|☆Dragon Force 6
|player|p1|
|l|☆ReishiramX
|player|p2|
