|j|☆SupaJello
|j|☆Stranger-er
|inactive|Battle timer is ON: inactive players will automatically lose when time's up.
|t:|1760403778
|gametype|singles
|player|p1|SupaJello|hilbert|
|player|p2|Stranger-er|collector|
|gen|9
|tier|[Gen 9] OU
|rated|Tournament battle
|rule|HP Percentage Mod: HP is shown in percentages
|rule|Endless Battle Clause: Forcing endless battles is banned
|rule|Species Clause: Limit one of each Pokémon
|rule|OHKO Clause: OHKO moves are banned
|rule|Evasion Items Clause: Evasion items are banned
|rule|Evasion Moves Clause: Evasion moves are banned
|rule|Evasion Abilities Clause: Evasion abilities are banned
|rule|Sleep Moves Clause: Sleep-inducing moves are banned
|raw|<div class="infobox"><details class="readmore" open><summary><strong>1 custom rule:</strong></summary> -wobbuffet</details></div>
|clearpoke
|poke|p1|Gholdengo|
|poke|p1|Mudsdale, F|
|poke|p1|Porygon2|
|poke|p2|Inteleon, F|
|poke|p2|Tinkaton, F|
|poke|p2|Drilbur, F|
|teampreview
|j|*Lady Monita ☀
|inactive|SupaJello also wants the timer to be on.
|
|t:|1760403794
|teamsize|p1|3
|teamsize|p2|3
|start
|switch|p1a: Gholdengo|Gholdengo|100/100
|switch|p2a: Drilbur|Drilbur, F|100/100
|-ability|p2a: Drilbur|Mold Breaker
|turn|1
|
|t:|1760403805
|switch|p1a: Mudsdale|Mudsdale, F|100/100
|move|p2a: Drilbur|Earthquake|p1a: Mudsdale
|-damage|p1a: Mudsdale|68/100
|-ability|p1a: Mudsdale|Stamina|boost
|-boost|p1a: Mudsdale|def|1
|
|upkeep
|turn|2
|
|t:|1760403809
|move|p2a: Drilbur|Stealth Rock|p1a: Mudsdale
|-sidestart|p1: SupaJello|move: Stealth Rock
|move|p1a: Mudsdale|Earthquake|p2a: Drilbur
|-damage|p2a: Drilbur|24/100
|
|upkeep
|turn|3
|
|t:|1760403824
|move|p2a: Drilbur|Earthquake|p1a: Mudsdale
|-damage|p1a: Mudsdale|44/100
|-ability|p1a: Mudsdale|Stamina|boost
|-boost|p1a: Mudsdale|def|1
|move|p1a: Mudsdale|Earthquake|p2a: Drilbur
|-damage|p2a: Drilbur|0 fnt
|faint|p2a: Drilbur
|
|upkeep
|
|t:|1760403826
|switch|p2a: Inteleon|Inteleon, F|100/100
|turn|4
|
|t:|1760403829
|move|p2a: Inteleon|Snipe Shot|p1a: Mudsdale
|-supereffective|p1a: Mudsdale
|-damage|p1a: Mudsdale|0 fnt
|faint|p1a: Mudsdale
|
|upkeep
|
|t:|1760403833
|switch|p1a: Gholdengo|Gholdengo|100/100
|-damage|p1a: Gholdengo|94/100|[from] Stealth Rock
|turn|5
|
|t:|1760403843
|-terastallize|p2a: Inteleon|Water
|move|p1a: Gholdengo|Shadow Ball|p2a: Inteleon
|-damage|p2a: Inteleon|24/100
|move|p2a: Inteleon|Snipe Shot|p1a: Gholdengo
|-crit|p1a: Gholdengo
|-damage|p1a: Gholdengo|0 fnt
|faint|p1a: Gholdengo
|
|upkeep
|
|t:|1760403847
|switch|p1a: Porygon2|Porygon2|100/100
|-damage|p1a: Porygon2|88/100|[from] Stealth Rock
|-ability|p1a: Porygon2|Download|boost
|-boost|p1a: Porygon2|atk|1
|turn|6
|
|t:|1760403860
|move|p2a: Inteleon|Snipe Shot|p1a: Porygon2
|-crit|p1a: Porygon2
|-damage|p1a: Porygon2|19/100
|move|p1a: Porygon2|Tera Blast|p2a: Inteleon
|-damage|p2a: Inteleon|0 fnt
|faint|p2a: Inteleon
|
|upkeep
|
|t:|1760403862
|switch|p2a: Tinkaton|Tinkaton, F|100/100
|-item|p2a: Tinkaton|Air Balloon
|turn|7
|
|t:|1760403865
|move|p2a: Tinkaton|Gigaton Hammer|p1a: Porygon2
|-damage|p1a: Porygon2|0 fnt
|faint|p1a: Porygon2
|
|win|Stranger-er
|n|☆SupaJello|supajello
|n|☆Stranger-er|strangerer
|n|*Lady Monita ☀|ladymonita
