|j|☆lolcano46
|j|☆modegobelin
|t:|1760389997
|gametype|singles
|player|p1|lolcano46|fisherman-gen4|1645
|player|p2|modegobelin|2|1653
|gen|9
|tier|[Gen 9] OU
|rated|
|rule|HP Percentage Mod: HP is shown in percentages
|rule|Endless Battle Clause: Forcing endless battles is banned
|rule|Species Clause: Limit one of each Pokémon
|rule|OHKO Clause: OHKO moves are banned
|rule|Evasion Items Clause: Evasion items are banned
|rule|Evasion Moves Clause: Evasion moves are banned
|rule|Evasion Abilities Clause: Evasion abilities are banned
|rule|Sleep Moves Clause: Sleep-inducing moves are banned
|clearpoke
|poke|p1|Azelf|
|poke|p1|Ogerpon-Wellspring, F|
|poke|p1|Scizor, M|
|poke|p1|Gengar, M|
|poke|p1|Raging Bolt|
|poke|p1|Cinderace, M|
|poke|p2|Araquanid, F|
|poke|p2|Pelipper, F|
|poke|p2|Barraskewda, F|
|poke|p2|Raging Bolt|
|poke|p2|Corviknight, F|
|poke|p2|Gliscor, F|
|teampreview
|inactive|Battle timer is ON: inactive players will automatically lose when time's up. (requested by lolcano46)
|
|t:|1760390006
|teamsize|p1|6
|teamsize|p2|6
|start
|switch|p1a: Azelf|Azelf|100/100
|switch|p2a: Pelipper|Pelipper, F|100/100
|-weather|RainDance|[from] ability: Drizzle|[of] p2a: Pelipper
|turn|1
|
|t:|1760390014
|switch|p2a: Gliscor|Gliscor, F|100/100
|move|p1a: Azelf|Thunderbolt|p2a: Gliscor
|-immune|p2a: Gliscor
|
|-weather|RainDance|[upkeep]
|-status|p2a: Gliscor|tox|[from] item: Toxic Orb
|upkeep
|turn|2
|
|t:|1760390019
|move|p1a: Azelf|Psychic|p2a: Gliscor
|-damage|p2a: Gliscor|64/100 tox
|move|p2a: Gliscor|Facade|p1a: Azelf
|-damage|p1a: Azelf|55/100
|
|-weather|RainDance|[upkeep]
|-heal|p2a: Gliscor|77/100 tox|[from] ability: Poison Heal
|upkeep
|turn|3
|
|t:|1760390030
|switch|p1a: Ogerpon|Ogerpon-Wellspring, F|100/100
|move|p2a: Gliscor|Swords Dance|p2a: Gliscor
|-boost|p2a: Gliscor|atk|2
|
|-weather|RainDance|[upkeep]
|-heal|p2a: Gliscor|89/100 tox|[from] ability: Poison Heal
|upkeep
|turn|4
|
|t:|1760390035
|switch|p2a: Raging Bolt|Raging Bolt|100/100
|move|p1a: Ogerpon|Ivy Cudgel|p2a: Raging Bolt|[anim] Ivy Cudgel Water
|-resisted|p2a: Raging Bolt
|-damage|p2a: Raging Bolt|63/100
|
|-weather|RainDance|[upkeep]
|upkeep
|turn|5
|
|t:|1760390042
|move|p1a: Ogerpon|Play Rough|p2a: Raging Bolt
|-supereffective|p2a: Raging Bolt
|-damage|p2a: Raging Bolt|0 fnt
|faint|p2a: Raging Bolt
|-end|p2a: Raging Bolt|Protosynthesis|[silent]
|
|-weather|RainDance|[upkeep]
|upkeep
|
|t:|1760390058
|switch|p2a: Corviknight|Corviknight, F|100/100
|-ability|p2a: Corviknight|Pressure
|turn|6
|
|t:|1760390068
|switch|p1a: Raging Bolt|Raging Bolt|100/100
|-enditem|p1a: Raging Bolt|Booster Energy
|-activate|p1a: Raging Bolt|ability: Protosynthesis|[fromitem]
|-start|p1a: Raging Bolt|protosynthesisspa
|-terastallize|p2a: Corviknight|Dragon
|move|p2a: Corviknight|Body Press|p1a: Raging Bolt
|-damage|p1a: Raging Bolt|77/100
|
|-weather|RainDance|[upkeep]
|upkeep
|turn|7
|
|t:|1760390073
|switch|p2a: Gliscor|Gliscor, F|89/100 tox
|move|p1a: Raging Bolt|Dragon Pulse|p2a: Gliscor
|-damage|p2a: Gliscor|33/100 tox
|
|-weather|RainDance|[upkeep]
|-heal|p2a: Gliscor|45/100 tox|[from] ability: Poison Heal
|upkeep
|turn|8
|
|t:|1760390081
|move|p1a: Raging Bolt|Calm Mind|p1a: Raging Bolt
|-boost|p1a: Raging Bolt|spa|1
|-boost|p1a: Raging Bolt|spd|1
|move|p2a: Gliscor|Earthquake|p1a: Raging Bolt
|-supereffective|p1a: Raging Bolt
|-damage|p1a: Raging Bolt|19/100
|
|-weather|none
|-heal|p2a: Gliscor|58/100 tox|[from] ability: Poison Heal
|upkeep
|turn|9
|
|t:|1760390083
|move|p2a: Gliscor|Protect|p2a: Gliscor
|-singleturn|p2a: Gliscor|Protect
|move|p1a: Raging Bolt|Dragon Pulse|p2a: Gliscor
|-activate|p2a: Gliscor|move: Protect
|
|-heal|p2a: Gliscor|70/100 tox|[from] ability: Poison Heal
|upkeep
|turn|10
|
|t:|1760390102
|switch|p2a: Araquanid|Araquanid, F|100/100
|move|p1a: Raging Bolt|Dragon Pulse|p2a: Araquanid
|-damage|p2a: Araquanid|11/100
|
|upkeep
|turn|11
|
|t:|1760390109
|move|p1a: Raging Bolt|Thunderbolt|p2a: Araquanid
|-supereffective|p2a: Araquanid
|-damage|p2a: Araquanid|0 fnt
|faint|p2a: Araquanid
|
|upkeep
|
|t:|1760390138
|switch|p2a: Barraskewda|Barraskewda, F|100/100
|turn|12
|
|t:|1760390145
|-end|p1a: Raging Bolt|Protosynthesis|[silent]
|switch|p1a: Gengar|Gengar, M|100/100
|move|p2a: Barraskewda|Aqua Jet|p1a: Gengar
|-damage|p1a: Gengar|52/100
|
|upkeep
|turn|13
|
|t:|1760390152
|switch|p2a: Gliscor|Gliscor, F|70/100 tox
|move|p1a: Gengar|Sludge Bomb|p2a: Gliscor
|-resisted|p2a: Gliscor
|-damage|p2a: Gliscor|49/100 tox
|
|-heal|p2a: Gliscor|62/100 tox|[from] ability: Poison Heal
|upkeep
|turn|14
|
|t:|1760390159
|switch|p1a: Ogerpon|Ogerpon-Wellspring, F|100/100
|move|p2a: Gliscor|Facade|p1a: Ogerpon
|-damage|p1a: Ogerpon|63/100
|
|-heal|p2a: Gliscor|74/100 tox|[from] ability: Poison Heal
|upkeep
|turn|15
|
|t:|1760390166
|move|p2a: Gliscor|Protect|p2a: Gliscor
|-singleturn|p2a: Gliscor|Protect
|move|p1a: Ogerpon|Swords Dance|p1a: Ogerpon
|-boost|p1a: Ogerpon|atk|2
|
|-heal|p2a: Gliscor|87/100 tox|[from] ability: Poison Heal
|upkeep
|turn|16
|
|t:|1760390171
|switch|p2a: Pelipper|Pelipper, F|100/100
|-weather|RainDance|[from] ability: Drizzle|[of] p2a: Pelipper
|move|p1a: Ogerpon|Ivy Cudgel|p2a: Pelipper|[anim] Ivy Cudgel Water
|-resisted|p2a: Pelipper
|-crit|p2a: Pelipper
|-damage|p2a: Pelipper|0 fnt
|faint|p2a: Pelipper
|
|-weather|RainDance|[upkeep]
|upkeep
|
|t:|1760390173
|switch|p2a: Barraskewda|Barraskewda, F|100/100
|turn|17
|
|t:|1760390184
|switch|p1a: Raging Bolt|Raging Bolt|19/100
|move|p2a: Barraskewda|Flip Turn|p1a: Raging Bolt
|-resisted|p1a: Raging Bolt
|-damage|p1a: Raging Bolt|0 fnt
|faint|p1a: Raging Bolt
|-end|p1a: Raging Bolt|Protosynthesis|[silent]
|
|t:|1760390188
|switch|p2a: Corviknight|Corviknight, F, tera:Dragon|100/100|[from] Flip Turn
|-ability|p2a: Corviknight|Pressure
|
|-weather|RainDance|[upkeep]
|upkeep
|
|t:|1760390195
|switch|p1a: Azelf|Azelf|55/100
|turn|18
|
|t:|1760390200
|switch|p2a: Gliscor|Gliscor, F|87/100 tox
|move|p1a: Azelf|Dazzling Gleam|p2a: Gliscor
|-damage|p2a: Gliscor|62/100 tox
|
|-weather|RainDance|[upkeep]
|-heal|p2a: Gliscor|74/100 tox|[from] ability: Poison Heal
|upkeep
|turn|19
|
|t:|1760390209
|switch|p1a: Scizor|Scizor, M|100/100
|move|p2a: Gliscor|Facade|p1a: Scizor
|-resisted|p1a: Scizor
|-damage|p1a: Scizor|84/100
|
|-weather|RainDance|[upkeep]
|-heal|p2a: Gliscor|87/100 tox|[from] ability: Poison Heal
|upkeep
|turn|20
|
|t:|1760390213
|move|p2a: Gliscor|Earthquake|p1a: Scizor
|-damage|p1a: Scizor|44/100
|move|p1a: Scizor|Swords Dance|p1a: Scizor
|-boost|p1a: Scizor|atk|2
|
|-weather|RainDance|[upkeep]
|-heal|p2a: Gliscor|99/100 tox|[from] ability: Poison Heal
|upkeep
|turn|21
|
|t:|1760390216
|move|p1a: Scizor|Bullet Punch|p2a: Gliscor
|-damage|p2a: Gliscor|44/100 tox
|move|p2a: Gliscor|Earthquake|p1a: Scizor
|-damage|p1a: Scizor|8/100
|
|-weather|RainDance|[upkeep]
|-heal|p2a: Gliscor|56/100 tox|[from] ability: Poison Heal
|upkeep
|turn|22
|
|t:|1760390225
|switch|p2a: Corviknight|Corviknight, F, tera:Dragon|100/100
|-ability|p2a: Corviknight|Pressure
|move|p1a: Scizor|Swords Dance|p1a: Scizor
|-boost|p1a: Scizor|atk|2
|
|-weather|RainDance|[upkeep]
|upkeep
|turn|23
|
|t:|1760390228
|move|p1a: Scizor|Knock Off|p2a: Corviknight
|-damage|p2a: Corviknight|36/100
|-enditem|p2a: Corviknight|Leftovers|[from] move: Knock Off|[of] p1a: Scizor
|move|p2a: Corviknight|U-turn|p1a: Scizor
|-resisted|p1a: Scizor
|-damage|p1a: Scizor|0 fnt
|faint|p1a: Scizor
|
|t:|1760390231
|switch|p2a: Barraskewda|Barraskewda, F|100/100|[from] U-turn
|
|-weather|none
|upkeep
|
|t:|1760390238
|switch|p1a: Gengar|Gengar, M|52/100
|turn|24
|
|t:|1760390244
|switch|p2a: Gliscor|Gliscor, F|56/100 tox
|-terastallize|p1a: Gengar|Ghost
|move|p1a: Gengar|Shadow Ball|p2a: Gliscor
|-damage|p2a: Gliscor|6/100 tox
|
|-heal|p2a: Gliscor|18/100 tox|[from] ability: Poison Heal
|upkeep
|turn|25
|
|t:|1760390252
|move|p2a: Gliscor|Protect|p2a: Gliscor
|-singleturn|p2a: Gliscor|Protect
|move|p1a: Gengar|Shadow Ball|p2a: Gliscor
|-activate|p2a: Gliscor|move: Protect
|
|-heal|p2a: Gliscor|31/100 tox|[from] ability: Poison Heal
|upkeep
|turn|26
|
|t:|1760390254
|switch|p2a: Corviknight|Corviknight, F, tera:Dragon|36/100
|-ability|p2a: Corviknight|Pressure
|move|p1a: Gengar|Shadow Ball|p2a: Corviknight
|-damage|p2a: Corviknight|0 fnt
|faint|p2a: Corviknight
|
|upkeep
|
|t:|1760390256
|switch|p2a: Barraskewda|Barraskewda, F|100/100
|turn|27
|
|t:|1760390263
|move|p1a: Gengar|Shadow Ball|p2a: Barraskewda
|-damage|p2a: Barraskewda|0 fnt
|faint|p2a: Barraskewda
|
|upkeep
|-message|modegobelin forfeited.
|
|win|lolcano46
|raw|lolcano46's rating: 1645 &rarr; <strong>1665</strong><br />(+20 for winning)
|raw|modegobelin's rating: 1653 &rarr; <strong>1633</strong><br />(-20 for losing)
|l|☆modegobelin
|player|p2|
|l|☆lolcano46
|player|p1|
