|j|☆apotato135
|j|‽RainebowValiant
|t:|1760373130
|gametype|singles
|player|p1|apotato135|swimmer-gen4dp|1612
|player|p2|RainebowValiant|bellelba|1600
|gen|9
|tier|[Gen 9] OU
|rated|
|rule|HP Percentage Mod: HP is shown in percentages
|rule|Endless Battle Clause: Forcing endless battles is banned
|rule|Species Clause: Limit one of each Pokémon
|rule|OHKO Clause: OHKO moves are banned
|rule|Evasion Items Clause: Evasion items are banned
|rule|Evasion Moves Clause: Evasion moves are banned
|rule|Evasion Abilities Clause: Evasion abilities are banned
|rule|Sleep Moves Clause: Sleep-inducing moves are banned
|clearpoke
|poke|p1|Rillaboom, F|
|poke|p1|Ogerpon-Wellspring, F|
|poke|p1|Heracross, F|
|poke|p1|Heatran, M|
|poke|p1|Raging Bolt|
|poke|p1|Corviknight, F|
|poke|p2|Araquanid, F|
|poke|p2|Gholdengo|
|poke|p2|Iron Moth|
|poke|p2|Iron Valiant|
|poke|p2|Raging Bolt|
|poke|p2|Kingambit, F|
|teampreview
|inactive|Battle timer is ON: inactive players will automatically lose when time's up. (requested by RainebowValiant)
|j| FaronAan
|c| FaronAan|raine spotted on ladder
|j| Gajames
|
|t:|1760373145
|teamsize|p1|6
|teamsize|p2|6
|start
|switch|p1a: Rillaboom|Rillaboom, F|100/100
|switch|p2a: Araquanid|Araquanid, F|100/100
|-fieldstart|move: Grassy Terrain|[from] ability: Grassy Surge|[of] p1a: Rillaboom
|turn|1
|
|t:|1760373153
|switch|p2a: Iron Moth|Iron Moth|100/100
|-enditem|p2a: Iron Moth|Booster Energy
|-activate|p2a: Iron Moth|ability: Quark Drive|[fromitem]
|-start|p2a: Iron Moth|quarkdrivespa
|move|p1a: Rillaboom|Knock Off|p2a: Iron Moth
|-damage|p2a: Iron Moth|62/100
|
|-heal|p2a: Iron Moth|68/100|[from] Grassy Terrain
|upkeep
|turn|2
|
|t:|1760373159
|-end|p2a: Iron Moth|Quark Drive|[silent]
|switch|p2a: Araquanid|Araquanid, F|100/100
|switch|p1a: Heatran|Heatran, M|100/100
|
|upkeep
|turn|3
|
|t:|1760373162
|move|p1a: Heatran|Taunt|p2a: Araquanid
|-start|p2a: Araquanid|move: Taunt
|cant|p2a: Araquanid|move: Taunt|Sticky Web
|
|upkeep
|turn|4
|
|t:|1760373167
|move|p1a: Heatran|Stealth Rock|p2a: Araquanid
|-sidestart|p2: RainebowValiant|move: Stealth Rock
|move|p2a: Araquanid|Lunge|p1a: Heatran
|-resisted|p1a: Heatran
|-damage|p1a: Heatran|96/100
|-unboost|p1a: Heatran|atk|1
|
|-heal|p1a: Heatran|100/100|[from] Grassy Terrain
|upkeep
|turn|5
|
|t:|1760373178
|move|p1a: Heatran|Magma Storm|p2a: Araquanid
|-damage|p2a: Araquanid|85/100
|-activate|p2a: Araquanid|move: Magma Storm|[of] p1a: Heatran
|move|p2a: Araquanid|Surf|p1a: Heatran
|-supereffective|p1a: Heatran
|-crit|p1a: Heatran
|-damage|p1a: Heatran|24/100
|
|-heal|p1a: Heatran|30/100|[from] Grassy Terrain
|-heal|p1a: Heatran|36/100|[from] item: Leftovers
|-heal|p2a: Araquanid|91/100|[from] Grassy Terrain
|-damage|p2a: Araquanid|79/100|[from] move: Magma Storm|[partiallytrapped]
|-end|p2a: Araquanid|move: Taunt
|upkeep
|turn|6
|
|t:|1760373185
|move|p1a: Heatran|Magma Storm|p2a: Araquanid
|-damage|p2a: Araquanid|64/100
|move|p2a: Araquanid|Sticky Web|p1a: Heatran
|-sidestart|p1: apotato135|move: Sticky Web
|
|-heal|p1a: Heatran|42/100|[from] Grassy Terrain
|-heal|p1a: Heatran|49/100|[from] item: Leftovers
|-heal|p2a: Araquanid|70/100|[from] Grassy Terrain
|-damage|p2a: Araquanid|58/100|[from] move: Magma Storm|[partiallytrapped]
|upkeep
|turn|7
|
|t:|1760373189
|move|p1a: Heatran|Magma Storm|p2a: Araquanid
|-crit|p2a: Araquanid
|-damage|p2a: Araquanid|36/100
|move|p2a: Araquanid|Lunge|p1a: Heatran
|-resisted|p1a: Heatran
|-damage|p1a: Heatran|44/100
|-unboost|p1a: Heatran|atk|1
|
|-heal|p1a: Heatran|50/100|[from] Grassy Terrain
|-heal|p1a: Heatran|56/100|[from] item: Leftovers
|-heal|p2a: Araquanid|43/100|[from] Grassy Terrain
|-damage|p2a: Araquanid|30/100|[from] move: Magma Storm|[partiallytrapped]
|upkeep
|turn|8
|
|t:|1760373194
|move|p1a: Heatran|Magma Storm|p2a: Araquanid
|-damage|p2a: Araquanid|15/100
|move|p2a: Araquanid|Endeavor|p1a: Heatran
|-damage|p1a: Heatran|13/100
|
|-heal|p1a: Heatran|19/100|[from] Grassy Terrain
|-heal|p1a: Heatran|26/100|[from] item: Leftovers
|-heal|p2a: Araquanid|21/100|[from] Grassy Terrain
|-damage|p2a: Araquanid|9/100|[from] move: Magma Storm|[partiallytrapped]
|-fieldend|move: Grassy Terrain
|upkeep
|turn|9
|-enditem|p2a: Araquanid|Custap Berry|[eat]
|-activate|p2a: Araquanid|item: Custap Berry|[consumed]
|
|t:|1760373199
|move|p2a: Araquanid|Endeavor|p1a: Heatran
|-damage|p1a: Heatran|8/100
|move|p1a: Heatran|Earth Power|p2a: Araquanid
|-resisted|p2a: Araquanid
|-damage|p2a: Araquanid|0 fnt
|faint|p2a: Araquanid
|
|-heal|p1a: Heatran|14/100|[from] item: Leftovers
|upkeep
|
|t:|1760373204
|switch|p2a: Raging Bolt|Raging Bolt|100/100
|-damage|p2a: Raging Bolt|88/100|[from] Stealth Rock
|-enditem|p2a: Raging Bolt|Booster Energy
|-activate|p2a: Raging Bolt|ability: Protosynthesis|[fromitem]
|-start|p2a: Raging Bolt|protosynthesisspa
|turn|10
|
|t:|1760373218
|move|p2a: Raging Bolt|Calm Mind|p2a: Raging Bolt
|-boost|p2a: Raging Bolt|spa|1
|-boost|p2a: Raging Bolt|spd|1
|move|p1a: Heatran|Taunt|p2a: Raging Bolt
|-start|p2a: Raging Bolt|move: Taunt
|
|-heal|p1a: Heatran|20/100|[from] item: Leftovers
|upkeep
|turn|11
|
|t:|1760373228
|move|p2a: Raging Bolt|Thunderbolt|p1a: Heatran
|-damage|p1a: Heatran|0 fnt
|faint|p1a: Heatran
|
|upkeep
|
|t:|1760373237
|switch|p1a: Corviknight|Corviknight, F|100/100
|-ability|p1a: Corviknight|Pressure
|turn|12
|
|t:|1760373248
|-terastallize|p1a: Corviknight|Dragon
|move|p2a: Raging Bolt|Thunderbolt|p1a: Corviknight
|-resisted|p1a: Corviknight
|-damage|p1a: Corviknight|51/100
|move|p1a: Corviknight|Defog|p2a: Raging Bolt
|-unboost|p2a: Raging Bolt|evasion|1
|-sideend|p2: RainebowValiant|Stealth Rock|[from] move: Defog|[of] p1a: Corviknight
|-sideend|p1: apotato135|Sticky Web|[from] move: Defog|[of] p1a: Corviknight
|
|upkeep
|turn|13
|
|t:|1760373257
|switch|p1a: Rillaboom|Rillaboom, F|100/100
|-fieldstart|move: Grassy Terrain|[from] ability: Grassy Surge|[of] p1a: Rillaboom
|move|p2a: Raging Bolt|Dragon Pulse|p1a: Rillaboom
|-damage|p1a: Rillaboom|0 fnt
|faint|p1a: Rillaboom
|
|-heal|p2a: Raging Bolt|94/100|[from] Grassy Terrain
|-end|p2a: Raging Bolt|move: Taunt
|upkeep
|
|t:|1760373268
|switch|p1a: Heracross|Heracross, F|100/100
|turn|14
|l| Gajames
|inactive|RainebowValiant has 120 seconds left.
|
|t:|1760373301
|move|p1a: Heracross|Close Combat|p2a: Raging Bolt
|-crit|p2a: Raging Bolt
|-damage|p2a: Raging Bolt|16/100
|-unboost|p1a: Heracross|def|1
|-unboost|p1a: Heracross|spd|1
|move|p2a: Raging Bolt|Dragon Pulse|p1a: Heracross
|-damage|p1a: Heracross|0 fnt
|faint|p1a: Heracross
|
|-heal|p2a: Raging Bolt|22/100|[from] Grassy Terrain
|upkeep
|
|t:|1760373308
|switch|p1a: Ogerpon|Ogerpon-Wellspring, F|100/100
|turn|15
|
|t:|1760373313
|move|p1a: Ogerpon|Grassy Glide|p2a: Raging Bolt
|-resisted|p2a: Raging Bolt
|-damage|p2a: Raging Bolt|0 fnt
|faint|p2a: Raging Bolt
|-end|p2a: Raging Bolt|Protosynthesis|[silent]
|
|upkeep
|
|t:|1760373318
|switch|p2a: Kingambit|Kingambit, F|100/100
|-activate|p2a: Kingambit|ability: Supreme Overlord
|-start|p2a: Kingambit|fallen2|[silent]
|-item|p2a: Kingambit|Air Balloon
|turn|16
|
|t:|1760373326
|move|p1a: Ogerpon|Swords Dance|p1a: Ogerpon
|-boost|p1a: Ogerpon|atk|2
|move|p2a: Kingambit|Kowtow Cleave|p1a: Ogerpon
|-damage|p1a: Ogerpon|34/100
|
|-heal|p1a: Ogerpon|40/100|[from] Grassy Terrain
|upkeep
|turn|17
|
|t:|1760373340
|move|p1a: Ogerpon|Grassy Glide|p2a: Kingambit
|-resisted|p2a: Kingambit
|-damage|p2a: Kingambit|57/100
|-enditem|p2a: Kingambit|Air Balloon
|move|p2a: Kingambit|Sucker Punch||[still]
|-fail|p2a: Kingambit
|
|-heal|p1a: Ogerpon|46/100|[from] Grassy Terrain
|-heal|p2a: Kingambit|64/100|[from] Grassy Terrain
|upkeep
|turn|18
|
|t:|1760373346
|move|p2a: Kingambit|Sucker Punch|p1a: Ogerpon
|-damage|p1a: Ogerpon|0 fnt
|faint|p1a: Ogerpon
|
|-heal|p2a: Kingambit|70/100|[from] Grassy Terrain
|upkeep
|
|t:|1760373348
|switch|p1a: Raging Bolt|Raging Bolt|100/100
|-enditem|p1a: Raging Bolt|Grassy Seed
|-boost|p1a: Raging Bolt|def|1|[from] item: Grassy Seed
|turn|19
|
|t:|1760373354
|move|p1a: Raging Bolt|Calm Mind|p1a: Raging Bolt
|-boost|p1a: Raging Bolt|spa|1
|-boost|p1a: Raging Bolt|spd|1
|move|p2a: Kingambit|Kowtow Cleave|p1a: Raging Bolt
|-damage|p1a: Raging Bolt|70/100
|
|-heal|p1a: Raging Bolt|76/100|[from] Grassy Terrain
|-heal|p2a: Kingambit|76/100|[from] Grassy Terrain
|upkeep
|turn|20
|
|t:|1760373371
|move|p1a: Raging Bolt|Discharge|p2a: Kingambit
|-damage|p2a: Kingambit|0 fnt
|faint|p2a: Kingambit
|-end|p2a: Kingambit|fallen2|[silent]
|
|-heal|p1a: Raging Bolt|82/100|[from] Grassy Terrain
|-fieldend|move: Grassy Terrain
|upkeep
|
|t:|1760373376
|switch|p2a: Iron Moth|Iron Moth|68/100
|turn|21
|
|t:|1760373382
|move|p2a: Iron Moth|Sludge Wave|p1a: Raging Bolt
|-damage|p1a: Raging Bolt|46/100
|move|p1a: Raging Bolt|Dragon Pulse|p2a: Iron Moth
|-damage|p2a: Iron Moth|0 fnt
|faint|p2a: Iron Moth
|-end|p2a: Iron Moth|Quark Drive|[silent]
|
|upkeep
|
|t:|1760373384
|switch|p2a: Iron Valiant|Iron Valiant|100/100
|-enditem|p2a: Iron Valiant|Booster Energy
|-activate|p2a: Iron Valiant|ability: Quark Drive|[fromitem]
|-start|p2a: Iron Valiant|quarkdrivespa
|turn|22
|
|t:|1760373389
|-end|p1a: Raging Bolt|Protosynthesis|[silent]
|switch|p1a: Corviknight|Corviknight, F, tera:Dragon|51/100
|-ability|p1a: Corviknight|Pressure
|move|p2a: Iron Valiant|Moonblast|p1a: Corviknight
|-supereffective|p1a: Corviknight
|-damage|p1a: Corviknight|0 fnt
|faint|p1a: Corviknight
|
|upkeep
|
|t:|1760373392
|switch|p1a: Raging Bolt|Raging Bolt|46/100
|turn|23
|
|t:|1760373394
|move|p1a: Raging Bolt|Thunderclap|p2a: Iron Valiant
|-damage|p2a: Iron Valiant|26/100
|move|p2a: Iron Valiant|Moonblast|p1a: Raging Bolt
|-supereffective|p1a: Raging Bolt
|-damage|p1a: Raging Bolt|0 fnt
|faint|p1a: Raging Bolt
|-end|p1a: Raging Bolt|Protosynthesis|[silent]
|
|win|RainebowValiant
|raw|apotato135's rating: 1612 &rarr; <strong>1592</strong><br />(-20 for losing)
|raw|RainebowValiant's rating: 1618 &rarr; <strong>1638</strong><br />(+20 for winning)
|l|‽RainebowValiant
|player|p2|
|l|☆apotato135
|player|p1|
|l| FaronAan
