|j|☆Person435
|j|☆darkcr7
|t:|1760388892
|gametype|singles
|player|p1|Person435|dancer|1336
|player|p2|darkcr7|alder|1285
|gen|9
|tier|[Gen 9] OU
|rated|
|rule|HP Percentage Mod: HP is shown in percentages
|rule|Endless Battle Clause: Forcing endless battles is banned
|rule|Species Clause: Limit one of each Pokémon
|rule|OHKO Clause: OHKO moves are banned
|rule|Evasion Items Clause: Evasion items are banned
|rule|Evasion Moves Clause: Evasion moves are banned
|rule|Evasion Abilities Clause: Evasion abilities are banned
|rule|Sleep Moves Clause: Sleep-inducing moves are banned
|clearpoke
|poke|p1|Polteageist|
|poke|p1|Indeedee-F, F|
|poke|p1|Zapdos|
|poke|p1|Great Tusk|
|poke|p1|Ogerpon-Wellspring, F|
|poke|p1|Hatterene, F|
|poke|p2|Samurott-Hisui, F|
|poke|p2|Dragapult, F|
|poke|p2|Heatran, M|
|poke|p2|Pecharunt|
|poke|p2|Iron Boulder|
|poke|p2|Primarina, F|
|teampreview
|inactive|Battle timer is ON: inactive players will automatically lose when time's up. (requested by Person435)
|
|t:|1760388903
|teamsize|p1|6
|teamsize|p2|6
|start
|switch|p1a: Ogerpon|Ogerpon-Wellspring, F|100/100
|switch|p2a: Samurott|Samurott-Hisui, F|100/100
|turn|1
|
|t:|1760388915
|move|p1a: Ogerpon|Horn Leech|p2a: Samurott
|-supereffective|p2a: Samurott
|-damage|p2a: Samurott|0 fnt
|faint|p2a: Samurott
|
|upkeep
|
|t:|1760388920
|switch|p2a: Pecharunt|Pecharunt|100/100
|turn|2
|
|t:|1760388923
|move|p1a: Ogerpon|U-turn|p2a: Pecharunt
|-resisted|p2a: Pecharunt
|-damage|p2a: Pecharunt|97/100
|
|t:|1760388926
|switch|p1a: Indeedee|Indeedee-F, F|100/100|[from] U-turn
|-fieldstart|move: Psychic Terrain|[from] ability: Psychic Surge|[of] p1a: Indeedee
|move|p2a: Pecharunt|Malignant Chain|p1a: Indeedee
|-damage|p1a: Indeedee|79/100
|
|upkeep
|turn|3
|
|t:|1760388940
|switch|p2a: Heatran|Heatran, M|100/100
|move|p1a: Indeedee|Healing Wish|p1a: Indeedee
|faint|p1a: Indeedee
|
|upkeep
|
|t:|1760388941
|switch|p1a: Polteageist|Polteageist|100/100
|turn|4
|
|t:|1760388950
|move|p1a: Polteageist|Shell Smash|p1a: Polteageist
|-unboost|p1a: Polteageist|def|1
|-unboost|p1a: Polteageist|spd|1
|-boost|p1a: Polteageist|atk|2
|-boost|p1a: Polteageist|spa|2
|-boost|p1a: Polteageist|spe|2
|move|p2a: Heatran|Stealth Rock|p1a: Polteageist
|-sidestart|p1: Person435|move: Stealth Rock
|
|upkeep
|turn|5
|
|t:|1760388959
|move|p1a: Polteageist|Shell Smash|p1a: Polteageist
|-unboost|p1a: Polteageist|def|1
|-unboost|p1a: Polteageist|spd|1
|-boost|p1a: Polteageist|atk|2
|-boost|p1a: Polteageist|spa|2
|-boost|p1a: Polteageist|spe|2
|move|p2a: Heatran|Magma Storm|p1a: Polteageist|[miss]
|-miss|p2a: Heatran|p1a: Polteageist
|
|upkeep
|turn|6
|
|t:|1760388968
|-terastallize|p1a: Polteageist|Fighting
|move|p1a: Polteageist|Tera Blast|p2a: Heatran|[anim] Tera Blast Fighting
|-supereffective|p2a: Heatran
|-damage|p2a: Heatran|0 fnt
|faint|p2a: Heatran
|
|upkeep
|
|t:|1760388994
|switch|p2a: Primarina|Primarina, F|100/100
|turn|7
|
|t:|1760389000
|-terastallize|p2a: Primarina|Steel
|move|p1a: Polteageist|Stored Power|p2a: Primarina
|-resisted|p2a: Primarina
|-damage|p2a: Primarina|0 fnt
|faint|p2a: Primarina
|
|upkeep
|inactive|darkcr7 has 120 seconds left.
|c|☆darkcr7|Ok with this noob critical, only with this noobs win
|-message|darkcr7 forfeited.
|
|win|Person435
|raw|Person435's rating: 1336 &rarr; <strong>1353</strong><br />(+17 for winning)
|raw|darkcr7's rating: 1285 &rarr; <strong>1264</strong><br />(-21 for losing)
|l|☆darkcr7
|player|p2|
|l|☆Person435
|player|p1|
