|j|☆RaikiriA1
|j|‽zizirapide
|t:|1760429360
|gametype|singles
|player|p1|RaikiriA1|benga|1155
|player|p2|zizirapide|worker|1223
|gen|9
|tier|[Gen 9] OU
|rated|
|rule|HP Percentage Mod: HP is shown in percentages
|rule|Endless Battle Clause: Forcing endless battles is banned
|rule|Species Clause: Limit one of each Pokémon
|rule|OHKO Clause: OHKO moves are banned
|rule|Evasion Items Clause: Evasion items are banned
|rule|Evasion Moves Clause: Evasion moves are banned
|rule|Evasion Abilities Clause: Evasion abilities are banned
|rule|Sleep Moves Clause: Sleep-inducing moves are banned
|clearpoke
|poke|p1|Dragapult, F|
|poke|p1|Toxapex, F|
|poke|p1|Chansey, F|
|poke|p1|Hawlucha, F|
|poke|p1|Blaziken, M|
|poke|p1|Whimsicott, M|
|poke|p2|Great Tusk|
|poke|p2|Kingambit, F|
|poke|p2|Moltres|
|poke|p2|Tinkaton, F|
|poke|p2|Hydrapple, F|
|poke|p2|Samurott-Hisui, F|
|teampreview
|
|t:|1760429384
|teamsize|p1|6
|teamsize|p2|6
|start
|switch|p1a: Toxapex|Toxapex, F|100/100
|switch|p2a: Moltres|Moltres|100/100
|turn|1
|
|t:|1760429391
|move|p2a: Moltres|U-turn|p1a: Toxapex
|-resisted|p1a: Toxapex
|-damage|p1a: Toxapex|96/100
|
|t:|1760429405
|switch|p2a: Hydrapple|Hydrapple, F|100/100|[from] U-turn
|move|p1a: Toxapex|Toxic Spikes|p2a: Hydrapple
|-sidestart|p2: zizirapide|move: Toxic Spikes
|
|-heal|p1a: Toxapex|100/100|[from] item: Black Sludge
|upkeep
|turn|2
|
|t:|1760429415
|-terastallize|p2a: Hydrapple|Steel
|move|p1a: Toxapex|Baneful Bunker|p1a: Toxapex
|-singleturn|p1a: Toxapex|move: Protect
|move|p2a: Hydrapple|Nasty Plot|p2a: Hydrapple
|-boost|p2a: Hydrapple|spa|2
|
|upkeep
|turn|3
|
|t:|1760429423
|move|p2a: Hydrapple|Nasty Plot|p2a: Hydrapple
|-boost|p2a: Hydrapple|spa|2
|move|p1a: Toxapex|Haze|p1a: Toxapex
|-clearallboost
|
|upkeep
|turn|4
|
|t:|1760429431
|move|p2a: Hydrapple|Earth Power|p1a: Toxapex
|-supereffective|p1a: Toxapex
|-damage|p1a: Toxapex|46/100
|move|p1a: Toxapex|Toxic Spikes|p2a: Hydrapple
|-sidestart|p2: zizirapide|move: Toxic Spikes
|
|-heal|p1a: Toxapex|52/100|[from] item: Black Sludge
|upkeep
|turn|5
|
|t:|1760429440
|switch|p1a: Chansey|Chansey, F|100/100
|move|p2a: Hydrapple|Earth Power|p1a: Chansey
|-damage|p1a: Chansey|93/100
|-unboost|p1a: Chansey|spd|1
|
|upkeep
|turn|6
|
|t:|1760429450
|switch|p2a: Great Tusk|Great Tusk|100/100
|move|p1a: Chansey|Stealth Rock|p2a: Great Tusk
|-sidestart|p2: zizirapide|move: Stealth Rock
|
|upkeep
|turn|7
|
|t:|1760429465
|switch|p1a: Toxapex|Toxapex, F|85/100
|move|p2a: Great Tusk|Rapid Spin|p1a: Toxapex
|-damage|p1a: Toxapex|74/100
|-boost|p2a: Great Tusk|spe|1
|-sideend|p2: zizirapide|Toxic Spikes|[from] move: Rapid Spin|[of] p2a: Great Tusk
|-sideend|p2: zizirapide|Stealth Rock|[from] move: Rapid Spin|[of] p2a: Great Tusk
|
|-heal|p1a: Toxapex|80/100|[from] item: Black Sludge
|upkeep
|turn|8
|
|t:|1760429481
|-end|p2a: Great Tusk|Protosynthesis|[silent]
|switch|p2a: Hydrapple|Hydrapple, F, tera:Steel|100/100
|move|p1a: Toxapex|Baneful Bunker||[still]
|-fail|p1a: Toxapex
|
|-heal|p1a: Toxapex|87/100|[from] item: Black Sludge
|upkeep
|turn|9
|
|t:|1760429493
|switch|p1a: Chansey|Chansey, F|93/100
|move|p2a: Hydrapple|Nasty Plot|p2a: Hydrapple
|-boost|p2a: Hydrapple|spa|2
|
|upkeep
|turn|10
|
|t:|1760429501
|move|p1a: Chansey|Stealth Rock|p2a: Hydrapple
|-sidestart|p2: zizirapide|move: Stealth Rock
|move|p2a: Hydrapple|Nasty Plot|p2a: Hydrapple
|-boost|p2a: Hydrapple|spa|2
|
|upkeep
|turn|11
|
|t:|1760429527
|switch|p1a: Hawlucha|Hawlucha, F|100/100
|move|p2a: Hydrapple|Earth Power|p1a: Hawlucha
|-immune|p1a: Hawlucha
|
|upkeep
|turn|12
|
|t:|1760429551
|switch|p2a: Moltres|Moltres|100/100
|move|p1a: Hawlucha|Close Combat|p2a: Moltres
|-resisted|p2a: Moltres
|-damage|p2a: Moltres|83/100
|-unboost|p1a: Hawlucha|def|1
|-unboost|p1a: Hawlucha|spd|1
|
|upkeep
|turn|13
|
|t:|1760429569
|switch|p1a: Blaziken|Blaziken, M|100/100
|move|p2a: Moltres|Flamethrower|p1a: Blaziken
|-resisted|p1a: Blaziken
|-crit|p1a: Blaziken
|-damage|p1a: Blaziken|56/100
|
|upkeep
|turn|14
|
|t:|1760429594
|switch|p1a: Toxapex|Toxapex, F|100/100
|move|p2a: Moltres|Roar|p1a: Toxapex
|drag|p1a: Hawlucha|Hawlucha, F|100/100
|
|upkeep
|turn|15
|
|t:|1760429603
|move|p1a: Hawlucha|Swords Dance|p1a: Hawlucha
|-boost|p1a: Hawlucha|atk|2
|move|p2a: Moltres|Flamethrower|p1a: Hawlucha
|-damage|p1a: Hawlucha|37/100
|-enditem|p1a: Hawlucha|Sitrus Berry|[eat]
|-heal|p1a: Hawlucha|62/100|[from] item: Sitrus Berry
|
|upkeep
|turn|16
|
|t:|1760429615
|move|p1a: Hawlucha|Acrobatics|p2a: Moltres
|-damage|p2a: Moltres|20/100
|-status|p1a: Hawlucha|brn|[from] ability: Flame Body|[of] p2a: Moltres
|move|p2a: Moltres|Flamethrower|p1a: Hawlucha
|-damage|p1a: Hawlucha|0 fnt
|faint|p1a: Hawlucha
|
|upkeep
|
|t:|1760429634
|switch|p1a: Dragapult|Dragapult, F|100/100
|turn|17
|
|t:|1760429642
|move|p1a: Dragapult|Dragon Darts|p2a: Moltres
|-damage|p2a: Moltres|0 fnt
|faint|p2a: Moltres
|-damage|p1a: Dragapult|91/100|[from] item: Life Orb
|
|upkeep
|
|t:|1760429656
|switch|p2a: Tinkaton|Tinkaton, F|100/100
|-damage|p2a: Tinkaton|94/100|[from] Stealth Rock
|-item|p2a: Tinkaton|Air Balloon
|turn|18
|
|t:|1760429672
|switch|p1a: Whimsicott|Whimsicott, M|100/100
|move|p2a: Tinkaton|Knock Off|p1a: Whimsicott
|-resisted|p1a: Whimsicott
|-damage|p1a: Whimsicott|90/100
|-enditem|p1a: Whimsicott|Mental Herb|[from] move: Knock Off|[of] p2a: Tinkaton
|
|upkeep
|turn|19
|
|t:|1760429685
|move|p1a: Whimsicott|Stun Spore|p2a: Tinkaton
|-status|p2a: Tinkaton|par
|cant|p2a: Tinkaton|par
|
|upkeep
|turn|20
|
|t:|1760429691
|move|p1a: Whimsicott|Leech Seed|p2a: Tinkaton
|-start|p2a: Tinkaton|move: Leech Seed
|cant|p2a: Tinkaton|par
|
|-damage|p2a: Tinkaton|82/100 par|[from] Leech Seed|[of] p1a: Whimsicott
|-heal|p1a: Whimsicott|100/100|[silent]
|upkeep
|turn|21
|
|t:|1760429699
|move|p1a: Whimsicott|Tailwind|p1a: Whimsicott
|-sidestart|p1: RaikiriA1|move: Tailwind
|move|p2a: Tinkaton|Stealth Rock|p1a: Whimsicott
|-sidestart|p1: RaikiriA1|move: Stealth Rock
|
|-damage|p2a: Tinkaton|70/100 par|[from] Leech Seed|[of] p1a: Whimsicott
|upkeep
|turn|22
|
|t:|1760429707
|move|p1a: Whimsicott|Encore|p2a: Tinkaton
|-start|p2a: Tinkaton|Encore
|cant|p2a: Tinkaton|par
|
|-damage|p2a: Tinkaton|57/100 par|[from] Leech Seed|[of] p1a: Whimsicott
|upkeep
|turn|23
|
|t:|1760429720
|switch|p2a: Samurott|Samurott-Hisui, F|100/100
|-damage|p2a: Samurott|88/100|[from] Stealth Rock
|move|p1a: Whimsicott|Leech Seed|p2a: Samurott
|-hint|Since gen 7, Dark is immune to Prankster moves.
|-immune|p2a: Samurott
|
|upkeep
|turn|24
|
|t:|1760429731
|move|p1a: Whimsicott|Stun Spore|p2a: Samurott
|-hint|Since gen 7, Dark is immune to Prankster moves.
|-immune|p2a: Samurott
|move|p2a: Samurott|Flip Turn|p1a: Whimsicott
|-resisted|p1a: Whimsicott
|-damage|p1a: Whimsicott|83/100
|
|t:|1760429743
|switch|p2a: Hydrapple|Hydrapple, F, tera:Steel|100/100|[from] Flip Turn
|
|-sideend|p1: RaikiriA1|move: Tailwind
|upkeep
|turn|25
|
|t:|1760429751
|move|p1a: Whimsicott|Stun Spore|p2a: Hydrapple
|-status|p2a: Hydrapple|par
|move|p2a: Hydrapple|Nasty Plot|p2a: Hydrapple
|-boost|p2a: Hydrapple|spa|2
|
|upkeep
|turn|26
|
|t:|1760429759
|move|p1a: Whimsicott|Encore|p2a: Hydrapple
|-start|p2a: Hydrapple|Encore
|move|p2a: Hydrapple|Nasty Plot|p2a: Hydrapple
|-boost|p2a: Hydrapple|spa|2
|
|upkeep
|turn|27
|
|t:|1760429766
|move|p1a: Whimsicott|Leech Seed|p2a: Hydrapple|[miss]
|-miss|p1a: Whimsicott|p2a: Hydrapple
|move|p2a: Hydrapple|Nasty Plot|p2a: Hydrapple
|-boost|p2a: Hydrapple|spa|2
|
|upkeep
|turn|28
|
|t:|1760429776
|move|p1a: Whimsicott|Leech Seed|p2a: Hydrapple
|-start|p2a: Hydrapple|move: Leech Seed
|move|p2a: Hydrapple|Nasty Plot|p2a: Hydrapple
|-boost|p2a: Hydrapple|spa|0
|
|-damage|p2a: Hydrapple|88/100 par|[from] Leech Seed|[of] p1a: Whimsicott
|-heal|p1a: Whimsicott|99/100|[silent]
|-end|p2a: Hydrapple|Encore
|upkeep
|turn|29
|
|t:|1760429786
|move|p1a: Whimsicott|Encore|p2a: Hydrapple
|-start|p2a: Hydrapple|Encore
|move|p2a: Hydrapple|Nasty Plot|p2a: Hydrapple
|-boost|p2a: Hydrapple|spa|0
|
|-damage|p2a: Hydrapple|76/100 par|[from] Leech Seed|[of] p1a: Whimsicott
|-heal|p1a: Whimsicott|100/100|[silent]
|upkeep
|turn|30
|
|t:|1760429795
|switch|p2a: Tinkaton|Tinkaton, F|57/100 par
|-damage|p2a: Tinkaton|51/100 par|[from] Stealth Rock
|-item|p2a: Tinkaton|Air Balloon
|move|p1a: Whimsicott|Tailwind|p1a: Whimsicott
|-sidestart|p1: RaikiriA1|move: Tailwind
|
|upkeep
|turn|31
|
|t:|1760429805
|move|p1a: Whimsicott|Leech Seed|p2a: Tinkaton
|-start|p2a: Tinkaton|move: Leech Seed
|cant|p2a: Tinkaton|par
|
|-damage|p2a: Tinkaton|39/100 par|[from] Leech Seed|[of] p1a: Whimsicott
|upkeep
|turn|32
|
|t:|1760429816
|switch|p1a: Blaziken|Blaziken, M|56/100
|-damage|p1a: Blaziken|44/100|[from] Stealth Rock
|move|p2a: Tinkaton|Gigaton Hammer|p1a: Blaziken
|-resisted|p1a: Blaziken
|-damage|p1a: Blaziken|9/100
|
|-damage|p2a: Tinkaton|27/100 par|[from] Leech Seed|[of] p1a: Blaziken
|-heal|p1a: Blaziken|24/100|[silent]
|upkeep
|turn|33
|
|t:|1760429828
|switch|p2a: Samurott|Samurott-Hisui, F|88/100
|-damage|p2a: Samurott|76/100|[from] Stealth Rock
|move|p1a: Blaziken|Flamethrower|p2a: Samurott
|-resisted|p2a: Samurott
|-damage|p2a: Samurott|20/100
|
|-sideend|p1: RaikiriA1|move: Tailwind
|-ability|p1a: Blaziken|Speed Boost|boost
|-boost|p1a: Blaziken|spe|1
|upkeep
|turn|34
|
|t:|1760429839
|move|p2a: Samurott|Ceaseless Edge|p1a: Blaziken
|-resisted|p1a: Blaziken
|-damage|p1a: Blaziken|0 fnt
|-sidestart|p1: RaikiriA1|Spikes
|faint|p1a: Blaziken
|
|upkeep
|
|t:|1760429851
|switch|p1a: Whimsicott|Whimsicott, M|100/100
|-damage|p1a: Whimsicott|88/100|[from] Stealth Rock
|-damage|p1a: Whimsicott|76/100|[from] Spikes
|turn|35
|
|t:|1760429860
|move|p1a: Whimsicott|Tailwind|p1a: Whimsicott
|-sidestart|p1: RaikiriA1|move: Tailwind
|move|p2a: Samurott|Ceaseless Edge|p1a: Whimsicott
|-resisted|p1a: Whimsicott
|-damage|p1a: Whimsicott|48/100
|-sidestart|p1: RaikiriA1|Spikes
|
|upkeep
|turn|36
|
|t:|1760429898
|move|p1a: Whimsicott|Encore|p2a: Samurott
|-hint|Since gen 7, Dark is immune to Prankster moves.
|-immune|p2a: Samurott
|move|p2a: Samurott|Ceaseless Edge|p1a: Whimsicott
|-resisted|p1a: Whimsicott
|-damage|p1a: Whimsicott|21/100
|-sidestart|p1: RaikiriA1|Spikes
|
|upkeep
|turn|37
|
|t:|1760429909
|switch|p1a: Toxapex|Toxapex, F|100/100
|-damage|p1a: Toxapex|88/100|[from] Stealth Rock
|-damage|p1a: Toxapex|63/100|[from] Spikes
|move|p2a: Samurott|Ceaseless Edge|p1a: Toxapex
|-damage|p1a: Toxapex|38/100
|
|-heal|p1a: Toxapex|45/100|[from] item: Black Sludge
|upkeep
|turn|38
|
|t:|1760429927
|switch|p2a: Hydrapple|Hydrapple, F, tera:Steel|100/100 par
|move|p1a: Toxapex|Recover|p1a: Toxapex
|-heal|p1a: Toxapex|95/100
|
|-heal|p1a: Toxapex|100/100|[from] item: Black Sludge
|-sideend|p1: RaikiriA1|move: Tailwind
|upkeep
|turn|39
|
|t:|1760429941
|switch|p1a: Dragapult|Dragapult, F|91/100
|-damage|p1a: Dragapult|78/100|[from] Stealth Rock
|-damage|p1a: Dragapult|54/100|[from] Spikes
|move|p2a: Hydrapple|Nasty Plot|p2a: Hydrapple
|-boost|p2a: Hydrapple|spa|2
|
|upkeep
|turn|40
|
|t:|1760429952
|move|p1a: Dragapult|Dragon Dance|p1a: Dragapult
|-boost|p1a: Dragapult|atk|1
|-boost|p1a: Dragapult|spe|1
|move|p2a: Hydrapple|Fickle Beam|p1a: Dragapult|[anim] Fickle Beam All Out
|-activate|p2a: Hydrapple|move: Fickle Beam
|-supereffective|p1a: Dragapult
|-damage|p1a: Dragapult|0 fnt
|faint|p1a: Dragapult
|
|upkeep
|
|t:|1760429978
|switch|p1a: Chansey|Chansey, F|93/100
|-damage|p1a: Chansey|80/100|[from] Stealth Rock
|-damage|p1a: Chansey|55/100|[from] Spikes
|turn|41
|
|t:|1760429988
|move|p1a: Chansey|Seismic Toss|p2a: Hydrapple
|-damage|p2a: Hydrapple|76/100 par
|move|p2a: Hydrapple|Nasty Plot|p2a: Hydrapple
|-boost|p2a: Hydrapple|spa|2
|
|upkeep
|turn|42
|
|t:|1760429995
|move|p1a: Chansey|Seismic Toss|p2a: Hydrapple
|-damage|p2a: Hydrapple|51/100 par
|move|p2a: Hydrapple|Earth Power|p1a: Chansey
|-damage|p1a: Chansey|33/100
|
|upkeep
|turn|43
|
|t:|1760430003
|move|p1a: Chansey|Soft-Boiled|p1a: Chansey
|-heal|p1a: Chansey|83/100
|move|p2a: Hydrapple|Giga Drain|p1a: Chansey
|-damage|p1a: Chansey|56/100
|-heal|p2a: Hydrapple|75/100 par|[from] drain|[of] p1a: Chansey
|
|upkeep
|turn|44
|
|t:|1760430013
|move|p1a: Chansey|Soft-Boiled|p1a: Chansey
|-heal|p1a: Chansey|100/100
|move|p2a: Hydrapple|Giga Drain|p1a: Chansey
|-damage|p1a: Chansey|73/100
|-heal|p2a: Hydrapple|98/100 par|[from] drain|[of] p1a: Chansey
|
|upkeep
|turn|45
|
|t:|1760430044
|move|p1a: Chansey|Seismic Toss|p2a: Hydrapple
|-damage|p2a: Hydrapple|74/100 par
|move|p2a: Hydrapple|Nasty Plot|p2a: Hydrapple
|-boost|p2a: Hydrapple|spa|2
|
|upkeep
|turn|46
|
|t:|1760430058
|move|p1a: Chansey|Seismic Toss|p2a: Hydrapple
|-damage|p2a: Hydrapple|49/100 par
|cant|p2a: Hydrapple|par
|
|upkeep
|turn|47
|
|t:|1760430064
|move|p1a: Chansey|Seismic Toss|p2a: Hydrapple
|-damage|p2a: Hydrapple|25/100 par
|cant|p2a: Hydrapple|par
|
|upkeep
|turn|48
|
|t:|1760430070
|move|p1a: Chansey|Seismic Toss|p2a: Hydrapple
|-damage|p2a: Hydrapple|0 fnt
|faint|p2a: Hydrapple
|
|upkeep
|
|t:|1760430076
|switch|p2a: Samurott|Samurott-Hisui, F|20/100
|-damage|p2a: Samurott|8/100|[from] Stealth Rock
|turn|49
|
|t:|1760430081
|move|p2a: Samurott|Sacred Sword|p1a: Chansey
|-supereffective|p1a: Chansey
|-damage|p1a: Chansey|0 fnt
|faint|p1a: Chansey
|
|upkeep
|
|t:|1760430088
|switch|p1a: Toxapex|Toxapex, F|100/100
|-damage|p1a: Toxapex|88/100|[from] Stealth Rock
|-damage|p1a: Toxapex|63/100|[from] Spikes
|turn|50
|
|t:|1760430094
|move|p2a: Samurott|Sacred Sword|p1a: Toxapex
|-resisted|p1a: Toxapex
|-damage|p1a: Toxapex|51/100
|move|p1a: Toxapex|Recover|p1a: Toxapex
|-heal|p1a: Toxapex|100/100
|
|upkeep
|turn|51
|
|t:|1760430107
|switch|p2a: Tinkaton|Tinkaton, F|27/100 par
|-damage|p2a: Tinkaton|21/100 par|[from] Stealth Rock
|-item|p2a: Tinkaton|Air Balloon
|move|p1a: Toxapex|Toxic Spikes|p2a: Tinkaton
|-sidestart|p2: zizirapide|move: Toxic Spikes
|
|upkeep
|turn|52
|
|t:|1760430121
|move|p2a: Tinkaton|Thunder Wave|p1a: Toxapex
|-status|p1a: Toxapex|par
|move|p1a: Toxapex|Toxic Spikes|p2a: Tinkaton
|-sidestart|p2: zizirapide|move: Toxic Spikes
|
|upkeep
|turn|53
|
|t:|1760430129
|move|p1a: Toxapex|Baneful Bunker|p1a: Toxapex
|-singleturn|p1a: Toxapex|move: Protect
|move|p2a: Tinkaton|Knock Off|p1a: Toxapex
|-activate|p1a: Toxapex|move: Protect
|
|upkeep
|turn|54
|
|t:|1760430142
|cant|p1a: Toxapex|par
|move|p2a: Tinkaton|Knock Off|p1a: Toxapex
|-damage|p1a: Toxapex|90/100 par
|-enditem|p1a: Toxapex|Black Sludge|[from] move: Knock Off|[of] p2a: Tinkaton
|
|upkeep
|turn|55
|
|t:|1760430155
|move|p1a: Toxapex|Baneful Bunker|p1a: Toxapex
|-singleturn|p1a: Toxapex|move: Protect
|move|p2a: Tinkaton|Gigaton Hammer|p1a: Toxapex
|-activate|p1a: Toxapex|move: Protect
|
|upkeep
|turn|56
|
|t:|1760430163
|move|p2a: Tinkaton|Knock Off|p1a: Toxapex
|-damage|p1a: Toxapex|82/100 par
|move|p1a: Toxapex|Haze|p1a: Toxapex
|-clearallboost
|
|upkeep
|turn|57
|
|t:|1760430171
|move|p2a: Tinkaton|Gigaton Hammer|p1a: Toxapex
|-resisted|p1a: Toxapex
|-damage|p1a: Toxapex|70/100 par
|move|p1a: Toxapex|Toxic Spikes||[still]
|-fail|p1a: Toxapex
|
|upkeep
|turn|58
|
|t:|1760430194
|move|p2a: Tinkaton|Knock Off|p1a: Toxapex
|-damage|p1a: Toxapex|63/100 par
|move|p1a: Toxapex|Toxic Spikes||[still]
|-fail|p1a: Toxapex
|
|upkeep
|turn|59
|
|t:|1760430201
|cant|p2a: Tinkaton|par
|move|p1a: Toxapex|Recover|p1a: Toxapex
|-heal|p1a: Toxapex|100/100 par
|
|upkeep
|turn|60
|
|t:|1760430209
|move|p2a: Tinkaton|Gigaton Hammer|p1a: Toxapex
|-resisted|p1a: Toxapex
|-damage|p1a: Toxapex|89/100 par
|move|p1a: Toxapex|Toxic Spikes||[still]
|-fail|p1a: Toxapex
|
|upkeep
|turn|61
|
|t:|1760430225
|switch|p2a: Great Tusk|Great Tusk|100/100
|move|p1a: Toxapex|Toxic Spikes||[still]
|-fail|p1a: Toxapex
|
|upkeep
|turn|62
|
|t:|1760430231
|move|p1a: Toxapex|Baneful Bunker|p1a: Toxapex
|-singleturn|p1a: Toxapex|move: Protect
|move|p2a: Great Tusk|Rapid Spin|p1a: Toxapex
|-activate|p1a: Toxapex|move: Protect
|-status|p2a: Great Tusk|psn
|
|-damage|p2a: Great Tusk|88/100 psn|[from] psn
|upkeep
|turn|63
|
|t:|1760430242
|move|p1a: Toxapex|Baneful Bunker|p1a: Toxapex
|-singleturn|p1a: Toxapex|move: Protect
|move|p2a: Great Tusk|Rapid Spin|p1a: Toxapex
|-activate|p1a: Toxapex|move: Protect
|
|-damage|p2a: Great Tusk|76/100 psn|[from] psn
|upkeep
|turn|64
|
|t:|1760430258
|move|p2a: Great Tusk|Rapid Spin|p1a: Toxapex
|-damage|p1a: Toxapex|79/100 par
|-boost|p2a: Great Tusk|spe|1
|-sideend|p2: zizirapide|Toxic Spikes|[from] move: Rapid Spin|[of] p2a: Great Tusk
|-sideend|p2: zizirapide|Stealth Rock|[from] move: Rapid Spin|[of] p2a: Great Tusk
|move|p1a: Toxapex|Haze|p1a: Toxapex
|-clearallboost
|
|-damage|p2a: Great Tusk|63/100 psn|[from] psn
|upkeep
|turn|65
|
|t:|1760430270
|move|p2a: Great Tusk|Rapid Spin|p1a: Toxapex
|-damage|p1a: Toxapex|69/100 par
|-boost|p2a: Great Tusk|spe|1
|move|p1a: Toxapex|Toxic Spikes|p2a: Great Tusk
|-sidestart|p2: zizirapide|move: Toxic Spikes
|
|-damage|p2a: Great Tusk|51/100 psn|[from] psn
|upkeep
|turn|66
|
|t:|1760430279
|move|p1a: Toxapex|Baneful Bunker|p1a: Toxapex
|-singleturn|p1a: Toxapex|move: Protect
|move|p2a: Great Tusk|Headlong Rush|p1a: Toxapex
|-activate|p1a: Toxapex|move: Protect
|
|-damage|p2a: Great Tusk|39/100 psn|[from] psn
|upkeep
|turn|67
|
|t:|1760430296
|move|p2a: Great Tusk|Headlong Rush|p1a: Toxapex
|-supereffective|p1a: Toxapex
|-damage|p1a: Toxapex|0 fnt
|-unboost|p2a: Great Tusk|def|1
|-unboost|p2a: Great Tusk|spd|1
|faint|p1a: Toxapex
|
|-damage|p2a: Great Tusk|26/100 psn|[from] psn
|upkeep
|
|t:|1760430305
|switch|p1a: Whimsicott|Whimsicott, M|21/100
|-damage|p1a: Whimsicott|9/100|[from] Stealth Rock
|-damage|p1a: Whimsicott|0 fnt|[from] Spikes
|faint|p1a: Whimsicott
|
|win|zizirapide
|raw|RaikiriA1's rating: 1155 &rarr; <strong>1135</strong><br />(-20 for losing)
|raw|zizirapide's rating: 1223 &rarr; <strong>1243</strong><br />(+20 for winning)
|l|☆RaikiriA1
|player|p1|
|l|‽zizirapide
|player|p2|
