|j|☆lawpants
|j|☆KawaiiRatKing
|t:|1760452423
|gametype|singles
|player|p1|lawpants|barry|1126
|player|p2|KawaiiRatKing|1|1062
|gen|9
|tier|[Gen 9] OU
|rated|
|rule|HP Percentage Mod: HP is shown in percentages
|rule|Endless Battle Clause: Forcing endless battles is banned
|rule|Species Clause: Limit one of each Pokémon
|rule|OHKO Clause: OHKO moves are banned
|rule|Evasion Items Clause: Evasion items are banned
|rule|Evasion Moves Clause: Evasion moves are banned
|rule|Evasion Abilities Clause: Evasion abilities are banned
|rule|Sleep Moves Clause: Sleep-inducing moves are banned
|clearpoke
|poke|p1|Samurott-Hisui, M|
|poke|p1|Arcanine-Hisui, F|
|poke|p1|Zoroark-Hisui, M|
|poke|p1|Braviary-Hisui, M|
|poke|p1|Goodra-Hisui, M|
|poke|p1|Electrode-Hisui|
|poke|p2|Delphox, F|
|poke|p2|Corviknight, F|
|poke|p2|Gliscor, M|
|poke|p2|Hatterene, F|
|poke|p2|Darkrai|
|poke|p2|Meowscarada, F|
|teampreview
|inactive|Battle timer is ON: inactive players will automatically lose when time's up. (requested by lawpants)
|
|t:|1760452437
|teamsize|p1|6
|teamsize|p2|6
|start
|switch|p1a: Samurott|Samurott-Hisui, M|100/100
|switch|p2a: Darkrai|Darkrai|100/100
|turn|1
|
|t:|1760452458
|move|p2a: Darkrai|Nasty Plot|p2a: Darkrai
|-boost|p2a: Darkrai|spa|2
|move|p1a: Samurott|Flip Turn|p2a: Darkrai
|-damage|p2a: Darkrai|73/100
|
|t:|1760452465
|switch|p1a: Goodra|Goodra-Hisui, M|100/100|[from] Flip Turn
|
|upkeep
|turn|2
|
|t:|1760452473
|move|p2a: Darkrai|Dark Pulse|p1a: Goodra
|-damage|p1a: Goodra|78/100
|move|p1a: Goodra|Body Press|p2a: Darkrai
|-supereffective|p2a: Darkrai
|-damage|p2a: Darkrai|30/100
|
|upkeep
|turn|3
|
|t:|1760452490
|switch|p2a: Hatterene|Hatterene, F|100/100
|move|p1a: Goodra|Body Press|p2a: Hatterene
|-resisted|p2a: Hatterene
|-damage|p2a: Hatterene|97/100
|-enditem|p2a: Hatterene|Kee Berry|[eat]
|-boost|p2a: Hatterene|def|1|[from] item: Kee Berry
|
|upkeep
|turn|4
|
|t:|1760452499
|move|p1a: Goodra|Heavy Slam|p2a: Hatterene
|-supereffective|p2a: Hatterene
|-damage|p2a: Hatterene|55/100
|move|p2a: Hatterene|Trick Room|p2a: Hatterene
|-fieldstart|move: Trick Room|[of] p2a: Hatterene
|
|upkeep
|turn|5
|
|t:|1760452507
|-terastallize|p2a: Hatterene|Psychic
|move|p2a: Hatterene|Calm Mind|p2a: Hatterene
|-boost|p2a: Hatterene|spa|1
|-boost|p2a: Hatterene|spd|1
|move|p1a: Goodra|Heavy Slam|p2a: Hatterene
|-damage|p2a: Hatterene|31/100
|
|upkeep
|turn|6
|
|t:|1760452516
|move|p2a: Hatterene|Draining Kiss|p1a: Goodra
|-damage|p1a: Goodra|68/100
|-heal|p2a: Hatterene|40/100|[from] drain|[of] p1a: Goodra
|move|p1a: Goodra|Dragon Tail|p2a: Hatterene
|-crit|p2a: Hatterene
|-damage|p2a: Hatterene|16/100
|drag|p2a: Darkrai|Darkrai|30/100
|
|upkeep
|turn|7
|
|t:|1760452529
|move|p1a: Goodra|Body Press|p2a: Darkrai
|-supereffective|p2a: Darkrai
|-damage|p2a: Darkrai|0 fnt
|faint|p2a: Darkrai
|
|upkeep
|
|t:|1760452542
|switch|p2a: Gliscor|Gliscor, M|100/100
|turn|8
|inactive|KawaiiRatKing has 120 seconds left.
|inactive|KawaiiRatKing has 90 seconds left.
|
|t:|1760452597
|switch|p1a: Samurott|Samurott-Hisui, M|100/100
|move|p2a: Gliscor|Earthquake|p1a: Samurott
|-crit|p1a: Samurott
|-damage|p1a: Samurott|39/100
|
|-fieldend|move: Trick Room
|-status|p2a: Gliscor|tox|[from] item: Toxic Orb
|upkeep
|turn|9
|l|☆lawpants
|inactive|lawpants disconnected and has a minute to reconnect!
|player|p1|
|inactive|KawaiiRatKing has 90 seconds left.
|j|☆lawpants
|inactive|lawpants reconnected and has 135 seconds left.
|player|p1|lawpants|barry|
|
|t:|1760452616
|switch|p2a: Hatterene|Hatterene, F, tera:Psychic|16/100
|move|p1a: Samurott|Aqua Cutter|p2a: Hatterene
|-damage|p2a: Hatterene|0 fnt
|faint|p2a: Hatterene
|
|upkeep
|inactive|KawaiiRatKing has 60 seconds left.
|
|t:|1760452660
|switch|p2a: Meowscarada|Meowscarada, F|100/100
|turn|10
|
|t:|1760452668
|switch|p1a: Arcanine|Arcanine-Hisui, F|100/100
|move|p2a: Meowscarada|U-turn|p1a: Arcanine
|-start|p2a: Meowscarada|typechange|Bug|[from] ability: Protean
|-resisted|p1a: Arcanine
|-damage|p1a: Arcanine|80/100
|inactive|KawaiiRatKing has 60 seconds left.
|inactive|KawaiiRatKing has 30 seconds left.
|
|t:|1760452706
|switch|p2a: Gliscor|Gliscor, M|100/100 tox|[from] U-turn
|
|upkeep
|turn|11
|inactive|KawaiiRatKing has 30 seconds left.
|inactive|KawaiiRatKing has 20 seconds left.
|inactive|KawaiiRatKing has 15 seconds left.
|inactive|KawaiiRatKing has 10 seconds left.
|
|t:|1760452736
|switch|p1a: Braviary|Braviary-Hisui, M|100/100
|move|p2a: Gliscor|Stealth Rock|p1a: Braviary
|-sidestart|p1: lawpants|move: Stealth Rock
|
|upkeep
|turn|12
|inactive|KawaiiRatKing has 20 seconds left this turn.
|inactive|KawaiiRatKing has 15 seconds left.
|
|t:|1760452746
|move|p1a: Braviary|Calm Mind|p1a: Braviary
|-boost|p1a: Braviary|spa|1
|-boost|p1a: Braviary|spd|1
|move|p2a: Gliscor|Ice Fang|p1a: Braviary
|-supereffective|p1a: Braviary
|-damage|p1a: Braviary|65/100
|
|upkeep
|turn|13
|inactive|KawaiiRatKing has 25 seconds left this turn.
|inactive|KawaiiRatKing has 20 seconds left.
|
|t:|1760452754
|move|p1a: Braviary|Esper Wing|p2a: Gliscor
|-damage|p2a: Gliscor|26/100 tox
|move|p2a: Gliscor|Toxic|p1a: Braviary
|-status|p1a: Braviary|tox
|
|-damage|p1a: Braviary|59/100 tox|[from] psn
|-heal|p2a: Gliscor|39/100 tox|[from] ability: Poison Heal
|upkeep
|turn|14
|inactive|KawaiiRatKing has 30 seconds left this turn.
|inactive|KawaiiRatKing has 20 seconds left.
|
|t:|1760452765
|switch|p2a: Corviknight|Corviknight, F|100/100
|move|p1a: Braviary|Esper Wing|p2a: Corviknight
|-resisted|p2a: Corviknight
|-crit|p2a: Corviknight
|-damage|p2a: Corviknight|45/100
|
|-heal|p2a: Corviknight|51/100|[from] item: Leftovers
|-damage|p1a: Braviary|47/100 tox|[from] psn
|upkeep
|turn|15
|inactive|KawaiiRatKing has 30 seconds left this turn.
|inactive|KawaiiRatKing has 20 seconds left.
|
|t:|1760452775
|switch|p2a: Meowscarada|Meowscarada, F|100/100
|move|p1a: Braviary|Heat Wave|p2a: Meowscarada
|-supereffective|p2a: Meowscarada
|-damage|p2a: Meowscarada|0 fnt
|faint|p2a: Meowscarada
|
|-damage|p1a: Braviary|28/100 tox|[from] psn
|upkeep
|inactive|KawaiiRatKing has 25 seconds left this turn.
|inactive|KawaiiRatKing has 20 seconds left.
|inactive|KawaiiRatKing has 15 seconds left.
|inactive|KawaiiRatKing has 10 seconds left.
|
|t:|1760452793
|switch|p2a: Delphox|Delphox, F|100/100
|turn|16
|inactive|KawaiiRatKing has 20 seconds left this turn.
|
|t:|1760452802
|move|p2a: Delphox|Agility|p2a: Delphox
|-boost|p2a: Delphox|spe|2
|move|p1a: Braviary|Air Slash|p2a: Delphox
|-damage|p2a: Delphox|12/100
|
|-damage|p1a: Braviary|4/100 tox|[from] psn
|upkeep
|turn|17
|inactive|KawaiiRatKing has 30 seconds left this turn.
|inactive|KawaiiRatKing has 20 seconds left.
|
|t:|1760452812
|move|p2a: Delphox|Flamethrower|p1a: Braviary
|-damage|p1a: Braviary|0 fnt
|faint|p1a: Braviary
|
|upkeep
|
|t:|1760452816
|switch|p1a: Arcanine|Arcanine-Hisui, F|80/100
|turn|18
|
|t:|1760452820
|move|p1a: Arcanine|Extreme Speed|p2a: Delphox
|-damage|p2a: Delphox|0 fnt
|faint|p2a: Delphox
|
|upkeep
|
|t:|1760452825
|switch|p2a: Gliscor|Gliscor, M|39/100 tox
|turn|19
|
|t:|1760452834
|move|p1a: Arcanine|Extreme Speed|p2a: Gliscor
|-damage|p2a: Gliscor|19/100 tox
|move|p2a: Gliscor|Toxic|p1a: Arcanine
|-status|p1a: Arcanine|tox
|
|-damage|p1a: Arcanine|74/100 tox|[from] psn
|-heal|p2a: Gliscor|31/100 tox|[from] ability: Poison Heal
|upkeep
|turn|20
|
|t:|1760452845
|move|p1a: Arcanine|Head Smash|p2a: Gliscor
|-damage|p2a: Gliscor|0 fnt
|faint|p2a: Gliscor
|
|-damage|p1a: Arcanine|62/100 tox|[from] psn
|upkeep
|l|☆lawpants
|inactive|lawpants disconnected and has a minute to reconnect!
|player|p1|
|inactive|KawaiiRatKing has 30 seconds left.
|
|t:|1760452866
|switch|p2a: Corviknight|Corviknight, F|51/100
|turn|21
|inactive|KawaiiRatKing has 30 seconds left.
|j|☆lawpants
|inactive|lawpants reconnected and has 130 seconds left.
|player|p1|lawpants|barry|
|
|t:|1760452894
|move|p1a: Arcanine|Head Smash|p2a: Corviknight
|-damage|p2a: Corviknight|0 fnt
|faint|p2a: Corviknight
|
|win|lawpants
|raw|lawpants's rating: 1126 &rarr; <strong>1146</strong><br />(+20 for winning)
|raw|KawaiiRatKing's rating: 1062 &rarr; <strong>1046</strong><br />(-16 for losing)
