|j|☆MusiiiTheSlug
|j|☆dodongtack
|t:|1760430490
|gametype|singles
|player|p1|MusiiiTheSlug|jogger|1082
|player|p2|dodongtack|lucas|1134
|gen|9
|tier|[Gen 9] OU
|rated|
|rule|HP Percentage Mod: HP is shown in percentages
|rule|Endless Battle Clause: Forcing endless battles is banned
|rule|Species Clause: Limit one of each Pokémon
|rule|OHKO Clause: OHKO moves are banned
|rule|Evasion Items Clause: Evasion items are banned
|rule|Evasion Moves Clause: Evasion moves are banned
|rule|Evasion Abilities Clause: Evasion abilities are banned
|rule|Sleep Moves Clause: Sleep-inducing moves are banned
|clearpoke
|poke|p1|Hydrapple, M|
|poke|p1|Vivillon-Pokeball, F|
|poke|p1|Komala, F|
|poke|p1|Swalot, M|
|poke|p1|Blaziken, F|
|poke|p1|Landorus-Therian, M|
|poke|p2|Dragonite, M|
|poke|p2|Cinderace, M|
|poke|p2|Dondozo, M|
|poke|p2|Smeargle, M|
|poke|p2|Landorus-Therian, M|
|poke|p2|Talonflame, M|
|teampreview
|
|t:|1760430507
|teamsize|p1|6
|teamsize|p2|6
|start
|switch|p1a: SpicyKFC|Blaziken, F|100/100
|switch|p2a: 어쩔 용춤|Dragonite, M, shiny|100/100
|turn|1
|inactive|Battle timer is ON: inactive players will automatically lose when time's up. (requested by dodongtack)
|
|t:|1760430525
|move|p2a: 어쩔 용춤|Dragon Dance|p2a: 어쩔 용춤
|-boost|p2a: 어쩔 용춤|atk|1
|-boost|p2a: 어쩔 용춤|spe|1
|move|p1a: SpicyKFC|Focus Energy|p1a: SpicyKFC
|-start|p1a: SpicyKFC|move: Focus Energy
|
|-ability|p1a: SpicyKFC|Speed Boost|boost
|-boost|p1a: SpicyKFC|spe|1
|upkeep
|turn|2
|
|t:|1760430532
|move|p1a: SpicyKFC|Protect|p1a: SpicyKFC
|-singleturn|p1a: SpicyKFC|Protect
|move|p2a: 어쩔 용춤|Outrage|p1a: SpicyKFC
|-activate|p1a: SpicyKFC|move: Protect
|
|-ability|p1a: SpicyKFC|Speed Boost|boost
|-boost|p1a: SpicyKFC|spe|1
|upkeep
|turn|3
|
|t:|1760430556
|move|p1a: SpicyKFC|Overheat|p2a: 어쩔 용춤
|-resisted|p2a: 어쩔 용춤
|-crit|p2a: 어쩔 용춤
|-damage|p2a: 어쩔 용춤|71/100
|-unboost|p1a: SpicyKFC|spa|2
|move|p2a: 어쩔 용춤|Outrage|p1a: SpicyKFC
|-damage|p1a: SpicyKFC|0 fnt
|faint|p1a: SpicyKFC
|
|upkeep
|inactive|MusiiiTheSlug has 120 seconds left.
|
|t:|1760430582
|switch|p1a: Pierre|Swalot, M, shiny|100/100
|turn|4
|
|t:|1760430597
|move|p2a: 어쩔 용춤|Outrage|p1a: Pierre|[from] lockedmove
|-damage|p1a: Pierre|28/100
|-start|p2a: 어쩔 용춤|confusion|[fatigue]
|-enditem|p2a: 어쩔 용춤|Lum Berry|[eat]
|-end|p2a: 어쩔 용춤|confusion
|move|p1a: Pierre|Stuff Cheeks|p1a: Pierre
|-boost|p1a: Pierre|def|2
|-enditem|p1a: Pierre|Starf Berry|[eat]
|-boost|p1a: Pierre|def|2|[from] item: Starf Berry
|
|upkeep
|turn|5
|inactive|MusiiiTheSlug has 120 seconds left.
|
|t:|1760430615
|move|p2a: 어쩔 용춤|Outrage|p1a: Pierre
|-damage|p1a: Pierre|4/100
|move|p1a: Pierre|Belch|p2a: 어쩔 용춤
|-damage|p2a: 어쩔 용춤|29/100
|
|upkeep
|turn|6
|inactive|MusiiiTheSlug has 120 seconds left.
|
|t:|1760430621
|move|p2a: 어쩔 용춤|Outrage|p1a: Pierre|[from] lockedmove
|-damage|p1a: Pierre|0 fnt
|faint|p1a: Pierre
|-start|p2a: 어쩔 용춤|confusion|[fatigue]
|
|upkeep
|
|t:|1760430624
|switch|p1a: Snapple|Hydrapple, M, shiny|100/100
|turn|7
|
|t:|1760430635
|-terastallize|p1a: Snapple|Steel
|-activate|p2a: 어쩔 용춤|confusion
|-damage|p2a: 어쩔 용춤|5/100|[from] confusion
|move|p1a: Snapple|Fickle Beam|p2a: 어쩔 용춤|[anim] Fickle Beam All Out
|-activate|p1a: Snapple|move: Fickle Beam
|-supereffective|p2a: 어쩔 용춤
|-damage|p2a: 어쩔 용춤|0 fnt
|faint|p2a: 어쩔 용춤
|
|upkeep
|
|t:|1760430643
|switch|p2a: 에이스번|Cinderace, M|100/100
|turn|8
|
|t:|1760430647
|switch|p1a: Airdirt|Landorus-Therian, M|100/100
|-ability|p1a: Airdirt|Intimidate|boost
|-unboost|p2a: 에이스번|atk|1
|move|p2a: 에이스번|Pyro Ball|p1a: Airdirt
|-damage|p1a: Airdirt|64/100
|
|upkeep
|turn|9
|
|t:|1760430661
|switch|p2a: 어써러셔|Dondozo, M|100/100
|move|p1a: Airdirt|U-turn|p2a: 어써러셔
|-damage|p2a: 어써러셔|89/100
|
|t:|1760430664
|switch|p1a: Snapple|Hydrapple, M, shiny, tera:Steel|100/100|[from] U-turn
|
|-heal|p2a: 어써러셔|95/100|[from] item: Leftovers
|upkeep
|turn|10
|
|t:|1760430672
|move|p1a: Snapple|Draco Meteor|p2a: 어써러셔
|-damage|p2a: 어써러셔|43/100
|-unboost|p1a: Snapple|spa|2
|-enditem|p1a: Snapple|Eject Pack
|
|t:|1760430680
|switch|p1a: Komala|Komala, F|100/100
|-ability|p1a: Komala|Comatose
|move|p2a: 어써러셔|Wave Crash|p1a: Komala
|-damage|p1a: Komala|39/100
|-damage|p2a: 어써러셔|29/100|[from] Recoil
|
|-heal|p2a: 어써러셔|35/100|[from] item: Leftovers
|upkeep
|turn|11
|
|t:|1760430692
|move|p1a: Komala|Sucker Punch||[still]
|-fail|p1a: Komala
|move|p2a: 어써러셔|Rest|p2a: 어써러셔
|-status|p2a: 어써러셔|slp|[from] move: Rest
|-heal|p2a: 어써러셔|100/100 slp|[silent]
|
|upkeep
|turn|12
|
|t:|1760430706
|move|p1a: Komala|Knock Off|p2a: 어써러셔
|-damage|p2a: 어써러셔|81/100 slp
|-enditem|p2a: 어써러셔|Leftovers|[from] move: Knock Off|[of] p1a: Komala
|cant|p2a: 어써러셔|slp
|move|p2a: 어써러셔|Sleep Talk|p2a: 어써러셔
|move|p2a: 어써러셔|Wave Crash|p1a: Komala|[from] move: Sleep Talk
|-damage|p1a: Komala|0 fnt
|faint|p1a: Komala
|-damage|p2a: 어써러셔|73/100 slp|[from] Recoil
|
|upkeep
|
|t:|1760430714
|switch|p1a: Snapple|Hydrapple, M, shiny, tera:Steel|100/100
|turn|13
|
|t:|1760430731
|move|p1a: Snapple|Leaf Storm|p2a: 어써러셔
|-supereffective|p2a: 어써러셔
|-damage|p2a: 어써러셔|0 fnt
|-unboost|p1a: Snapple|spa|2
|faint|p2a: 어써러셔
|
|upkeep
|
|t:|1760430741
|switch|p2a: 에이스번|Cinderace, M|100/100
|turn|14
|
|t:|1760430745
|switch|p1a: Airdirt|Landorus-Therian, M|64/100
|-ability|p1a: Airdirt|Intimidate|boost
|-unboost|p2a: 에이스번|atk|1
|move|p2a: 에이스번|High Jump Kick|p1a: Airdirt
|-start|p2a: 에이스번|typechange|Fighting|[from] ability: Libero
|-resisted|p1a: Airdirt
|-damage|p1a: Airdirt|42/100
|-damage|p2a: 에이스번|84/100|[from] item: Rocky Helmet|[of] p1a: Airdirt
|
|upkeep
|turn|15
|
|t:|1760430761
|switch|p2a: 하남자 랜드로스|Landorus-Therian, M|100/100
|-ability|p2a: 하남자 랜드로스|Intimidate|boost
|-unboost|p1a: Airdirt|atk|1
|move|p1a: Airdirt|Earth Power|p2a: 하남자 랜드로스
|-immune|p2a: 하남자 랜드로스
|
|upkeep
|turn|16
|
|t:|1760430790
|move|p1a: Airdirt|U-turn|p2a: 하남자 랜드로스
|-resisted|p2a: 하남자 랜드로스
|-damage|p2a: 하남자 랜드로스|93/100
|
|t:|1760430795
|switch|p1a: Snapple|Hydrapple, M, shiny, tera:Steel|100/100|[from] U-turn
|move|p2a: 하남자 랜드로스|Rock Tomb|p1a: Snapple
|-resisted|p1a: Snapple
|-damage|p1a: Snapple|91/100
|-unboost|p1a: Snapple|spe|1
|
|upkeep
|turn|17
|
|t:|1760430819
|-terastallize|p2a: 하남자 랜드로스|Steel
|move|p2a: 하남자 랜드로스|Swords Dance|p2a: 하남자 랜드로스
|-boost|p2a: 하남자 랜드로스|atk|2
|move|p1a: Snapple|Draco Meteor|p2a: 하남자 랜드로스
|-resisted|p2a: 하남자 랜드로스
|-damage|p2a: 하남자 랜드로스|51/100
|-unboost|p1a: Snapple|spa|2
|
|upkeep
|turn|18
|
|t:|1760430831
|move|p2a: 하남자 랜드로스|Earthquake|p1a: Snapple
|-supereffective|p1a: Snapple
|-damage|p1a: Snapple|0 fnt
|faint|p1a: Snapple
|
|upkeep
|
|t:|1760430833
|switch|p1a: Airdirt|Landorus-Therian, M|42/100
|-ability|p1a: Airdirt|Intimidate|boost
|-unboost|p2a: 하남자 랜드로스|atk|1
|turn|19
|
|t:|1760430842
|move|p1a: Airdirt|Earth Power|p2a: 하남자 랜드로스
|-supereffective|p2a: 하남자 랜드로스
|-damage|p2a: 하남자 랜드로스|0 fnt
|faint|p2a: 하남자 랜드로스
|
|upkeep
|
|t:|1760430847
|switch|p2a: 39420|Talonflame, M|100/100
|turn|20
|
|t:|1760430854
|move|p2a: 39420|Brave Bird|p1a: Airdirt
|-damage|p1a: Airdirt|0 fnt
|-damage|p2a: 39420|84/100|[from] item: Rocky Helmet|[of] p1a: Airdirt
|faint|p1a: Airdirt
|-damage|p2a: 39420|66/100|[from] Recoil
|
|upkeep
|
|t:|1760430857
|switch|p1a: Demon|Vivillon-Pokeball, F|100/100
|turn|21
|
|t:|1760430863
|move|p2a: 39420|Brave Bird|p1a: Demon
|-supereffective|p1a: Demon
|-enditem|p1a: Demon|Focus Sash
|-damage|p1a: Demon|1/100
|-damage|p2a: 39420|33/100|[from] Recoil
|move|p1a: Demon|Quiver Dance|p1a: Demon
|-boost|p1a: Demon|spa|1
|-boost|p1a: Demon|spd|1
|-boost|p1a: Demon|spe|1
|
|upkeep
|turn|22
|
|t:|1760430876
|switch|p2a: 에이스번|Cinderace, M|84/100
|move|p1a: Demon|Hurricane|p2a: 에이스번
|-damage|p2a: 에이스번|0 fnt
|faint|p2a: 에이스번
|
|upkeep
|
|t:|1760430883
|switch|p2a: 미대 떨어진 독일인|Smeargle, M|100/100
|turn|23
|
|t:|1760430890
|move|p2a: 미대 떨어진 독일인|Endure|p2a: 미대 떨어진 독일인
|-singleturn|p2a: 미대 떨어진 독일인|move: Endure
|move|p1a: Demon|Hurricane|p2a: 미대 떨어진 독일인
|-activate|p2a: 미대 떨어진 독일인|move: Endure
|-damage|p2a: 미대 떨어진 독일인|1/100
|
|upkeep
|turn|24
|-enditem|p2a: 미대 떨어진 독일인|Custap Berry|[eat]
|-activate|p2a: 미대 떨어진 독일인|item: Custap Berry|[consumed]
|
|t:|1760430894
|move|p2a: 미대 떨어진 독일인|Mortal Spin|p1a: Demon
|-damage|p1a: Demon|0 fnt
|faint|p1a: Demon
|
|win|dodongtack
|raw|MusiiiTheSlug's rating: 1082 &rarr; <strong>1063</strong><br />(-19 for losing)
|raw|dodongtack's rating: 1134 &rarr; <strong>1155</strong><br />(+21 for winning)
|l|☆dodongtack
|player|p2|
|l|☆MusiiiTheSlug
|player|p1|
