|j|‽flinchirator
|j|☆xiaoshenyoukaigual
|t:|1760325148
|gametype|singles
|player|p1|flinchirator|miku-ice|1423
|player|p2|xiaoshenyoukaigual|hilbert|1388
|gen|9
|tier|[Gen 9] OU
|rated|
|rule|HP Percentage Mod: HP is shown in percentages
|rule|Endless Battle Clause: Forcing endless battles is banned
|rule|Species Clause: Limit one of each Pokémon
|rule|OHKO Clause: OHKO moves are banned
|rule|Evasion Items Clause: Evasion items are banned
|rule|Evasion Moves Clause: Evasion moves are banned
|rule|Evasion Abilities Clause: Evasion abilities are banned
|rule|Sleep Moves Clause: Sleep-inducing moves are banned
|clearpoke
|poke|p1|Ninetales-Alola, F|
|poke|p1|Kyurem|
|poke|p1|Samurott-Hisui, M|
|poke|p1|Kingambit, F|
|poke|p1|Gholdengo|
|poke|p1|Zamazenta-*|
|poke|p2|Garganacl, F|
|poke|p2|Clodsire, M|
|poke|p2|Corviknight, M|
|poke|p2|Alomomola, F|
|poke|p2|Ogerpon-Wellspring, F|
|poke|p2|Skeledirge, F|
|teampreview
|inactive|Battle timer is ON: inactive players will automatically lose when time's up. (requested by flinchirator)
|
|t:|1760325164
|teamsize|p1|6
|teamsize|p2|6
|start
|switch|p1a: Samurott|Samurott-Hisui, M|100/100
|switch|p2a: Garganacl|Garganacl, F, shiny|100/100
|turn|1
|
|t:|1760325170
|move|p2a: Garganacl|Protect|p2a: Garganacl
|-singleturn|p2a: Garganacl|Protect
|move|p1a: Samurott|Ceaseless Edge|p2a: Garganacl
|-activate|p2a: Garganacl|move: Protect
|
|upkeep
|turn|2
|
|t:|1760325194
|move|p1a: Samurott|Ceaseless Edge|p2a: Garganacl
|-damage|p2a: Garganacl|73/100
|-sidestart|p2: xiaoshenyoukaigual|Spikes
|move|p2a: Garganacl|Salt Cure|p1a: Samurott
|-damage|p1a: Samurott|86/100
|-start|p1a: Samurott|Salt Cure
|
|-heal|p2a: Garganacl|79/100|[from] item: Leftovers
|-damage|p1a: Samurott|61/100|[from] Salt Cure
|upkeep
|turn|3
|
|t:|1760325199
|move|p2a: Garganacl|Protect|p2a: Garganacl
|-singleturn|p2a: Garganacl|Protect
|move|p1a: Samurott|Razor Shell|p2a: Garganacl
|-activate|p2a: Garganacl|move: Protect
|
|-heal|p2a: Garganacl|85/100|[from] item: Leftovers
|-damage|p1a: Samurott|37/100|[from] Salt Cure
|upkeep
|turn|4
|
|t:|1760325207
|switch|p2a: Corviknight|Corviknight, M, shiny|100/100
|-ability|p2a: Corviknight|Unnerve
|move|p1a: Samurott|Ceaseless Edge|p2a: Corviknight
|-damage|p2a: Corviknight|65/100
|-damage|p1a: Samurott|20/100|[from] item: Rocky Helmet|[of] p2a: Corviknight
|-sidestart|p2: xiaoshenyoukaigual|Spikes
|
|-damage|p1a: Samurott|0 fnt|[from] Salt Cure
|faint|p1a: Samurott
|upkeep
|
|t:|1760325215
|switch|p1a: Gholdengo|Gholdengo|100/100
|turn|5
|
|t:|1760325221
|switch|p2a: Clodsire|Clodsire, M, shiny|100/100
|-damage|p2a: Clodsire|84/100|[from] Spikes
|move|p1a: Gholdengo|Trick|p2a: Clodsire
|-activate|p1a: Gholdengo|move: Trick|[of] p2a: Clodsire
|-item|p2a: Clodsire|Choice Scarf|[from] move: Trick
|-item|p1a: Gholdengo|Black Sludge|[from] move: Trick
|
|-damage|p1a: Gholdengo|88/100|[from] item: Black Sludge
|upkeep
|turn|6
|
|t:|1760325228
|switch|p1a: Ninetales|Ninetales-Alola, F|100/100
|-weather|Snowscape|[from] ability: Snow Warning|[of] p1a: Ninetales
|move|p2a: Clodsire|Earthquake|p1a: Ninetales
|-damage|p1a: Ninetales|79/100
|
|-weather|Snowscape|[upkeep]
|upkeep
|turn|7
|
|t:|1760325236
|switch|p2a: Skeledirge|Skeledirge, F, shiny|100/100
|-damage|p2a: Skeledirge|84/100|[from] Spikes
|move|p1a: Ninetales|Aurora Veil|p1a: Ninetales
|-sidestart|p1: flinchirator|move: Aurora Veil
|
|-weather|Snowscape|[upkeep]
|-heal|p2a: Skeledirge|90/100|[from] item: Leftovers
|upkeep
|turn|8
|
|t:|1760325247
|move|p1a: Ninetales|Freeze-Dry|p2a: Skeledirge
|-resisted|p2a: Skeledirge
|-damage|p2a: Skeledirge|81/100
|move|p2a: Skeledirge|Will-O-Wisp|p1a: Ninetales
|-status|p1a: Ninetales|brn
|
|-weather|Snowscape|[upkeep]
|-heal|p2a: Skeledirge|87/100|[from] item: Leftovers
|-damage|p1a: Ninetales|73/100 brn|[from] brn
|upkeep
|turn|9
|
|t:|1760325256
|move|p1a: Ninetales|Encore|p2a: Skeledirge
|-start|p2a: Skeledirge|Encore
|move|p2a: Skeledirge|Will-O-Wisp|p1a: Ninetales
|-fail|p1a: Ninetales|brn
|
|-weather|Snowscape|[upkeep]
|-heal|p2a: Skeledirge|93/100|[from] item: Leftovers
|-damage|p1a: Ninetales|67/100 brn|[from] brn
|upkeep
|turn|10
|
|t:|1760325264
|switch|p1a: Gholdengo|Gholdengo|88/100
|switch|p2a: Clodsire|Clodsire, M, shiny|84/100
|-damage|p2a: Clodsire|67/100|[from] Spikes
|
|-weather|none
|-damage|p1a: Gholdengo|76/100|[from] item: Black Sludge
|upkeep
|turn|11
|
|t:|1760325275
|switch|p1a: Kyurem|Kyurem|100/100
|-ability|p1a: Kyurem|Pressure
|move|p2a: Clodsire|Recover|p2a: Clodsire
|-heal|p2a: Clodsire|100/100
|
|upkeep
|turn|12
|
|t:|1760325287
|switch|p2a: Skeledirge|Skeledirge, F, shiny|93/100
|-damage|p2a: Skeledirge|77/100|[from] Spikes
|move|p1a: Kyurem|Icicle Spear|p2a: Skeledirge
|-resisted|p2a: Skeledirge
|-damage|p2a: Skeledirge|71/100
|-resisted|p2a: Skeledirge
|-damage|p2a: Skeledirge|65/100
|-resisted|p2a: Skeledirge
|-damage|p2a: Skeledirge|59/100
|-resisted|p2a: Skeledirge
|-damage|p2a: Skeledirge|52/100
|-resisted|p2a: Skeledirge
|-damage|p2a: Skeledirge|47/100
|-hitcount|p2a: Skeledirge|5
|
|-heal|p2a: Skeledirge|53/100|[from] item: Leftovers
|upkeep
|turn|13
|
|t:|1760325297
|move|p1a: Kyurem|Scale Shot|p2a: Skeledirge
|-damage|p2a: Skeledirge|42/100
|-damage|p2a: Skeledirge|30/100
|-damage|p2a: Skeledirge|18/100
|-damage|p2a: Skeledirge|6/100
|-damage|p2a: Skeledirge|0 fnt
|faint|p2a: Skeledirge
|-hitcount|p2: Skeledirge|5
|-unboost|p1a: Kyurem|def|1
|-boost|p1a: Kyurem|spe|1
|
|upkeep
|-message|xiaoshenyoukaigual forfeited.
|
|win|flinchirator
|raw|flinchirator's rating: 1423 &rarr; <strong>1441</strong><br />(+18 for winning)
|raw|xiaoshenyoukaigual's rating: 1388 &rarr; <strong>1370</strong><br />(-18 for losing)
|l|☆xiaoshenyoukaigual
|player|p2|
