|j|☆Thuman
|j|☆lyonsyonii
|t:|1760449660
|gametype|singles
|player|p1|Thuman|265|1502
|player|p2|lyonsyonii|swimmer-gen4dp|1500
|gen|9
|tier|[Gen 9] OU
|rated|
|rule|HP Percentage Mod: HP is shown in percentages
|rule|Endless Battle Clause: Forcing endless battles is banned
|rule|Species Clause: Limit one of each Pokémon
|rule|OHKO Clause: OHKO moves are banned
|rule|Evasion Items Clause: Evasion items are banned
|rule|Evasion Moves Clause: Evasion moves are banned
|rule|Evasion Abilities Clause: Evasion abilities are banned
|rule|Sleep Moves Clause: Sleep-inducing moves are banned
|clearpoke
|poke|p1|Zapdos|
|poke|p1|Iron Treads|
|poke|p1|Zamazenta-*|
|poke|p1|Kingambit, M|
|poke|p1|Clefable, F|
|poke|p1|Ogerpon-Wellspring, F|
|poke|p2|Comfey, F|
|poke|p2|Deoxys-Speed|
|poke|p2|Salamence, M|
|poke|p2|Volcanion|
|poke|p2|Hitmonlee, M|
|poke|p2|Lokix, M|
|teampreview
|inactive|Battle timer is ON: inactive players will automatically lose when time's up. (requested by lyonsyonii)
|
|t:|1760449669
|teamsize|p1|6
|teamsize|p2|6
|start
|switch|p1a: Zapdos|Zapdos|100/100
|switch|p2a: Lokix - UU|Lokix, M|100/100
|turn|1
|
|t:|1760449684
|move|p2a: Lokix - UU|Knock Off|p1a: Zapdos
|-damage|p1a: Zapdos|50/100
|-enditem|p1a: Zapdos|Heavy-Duty Boots|[from] move: Knock Off|[of] p2a: Lokix - UU
|move|p1a: Zapdos|Discharge|p2a: Lokix - UU
|-damage|p2a: Lokix - UU|36/100
|
|upkeep
|turn|2
|
|t:|1760449696
|switch|p2a: Hitmonlee - PU|Hitmonlee, M|100/100
|move|p1a: Zapdos|Roost|p1a: Zapdos
|-heal|p1a: Zapdos|99/100
|-singleturn|p1a: Zapdos|move: Roost
|
|upkeep
|turn|3
|
|t:|1760449703
|move|p2a: Hitmonlee - PU|Stone Edge|p1a: Zapdos
|-supereffective|p1a: Zapdos
|-damage|p1a: Zapdos|52/100
|move|p1a: Zapdos|Hurricane|p2a: Hitmonlee - PU|[miss]
|-miss|p1a: Zapdos|p2a: Hitmonlee - PU
|
|upkeep
|turn|4
|
|t:|1760449719
|move|p2a: Hitmonlee - PU|Stone Edge|p1a: Zapdos
|-supereffective|p1a: Zapdos
|-damage|p1a: Zapdos|5/100
|move|p1a: Zapdos|Roost|p1a: Zapdos
|-heal|p1a: Zapdos|55/100
|-singleturn|p1a: Zapdos|move: Roost
|
|upkeep
|turn|5
|
|t:|1760449725
|move|p2a: Hitmonlee - PU|Stone Edge|p1a: Zapdos
|-supereffective|p1a: Zapdos
|-damage|p1a: Zapdos|6/100
|move|p1a: Zapdos|Roost|p1a: Zapdos
|-heal|p1a: Zapdos|56/100
|-singleturn|p1a: Zapdos|move: Roost
|
|upkeep
|turn|6
|
|t:|1760449730
|move|p2a: Hitmonlee - PU|Stone Edge|p1a: Zapdos
|-supereffective|p1a: Zapdos
|-damage|p1a: Zapdos|5/100
|move|p1a: Zapdos|Roost|p1a: Zapdos
|-heal|p1a: Zapdos|55/100
|-singleturn|p1a: Zapdos|move: Roost
|
|upkeep
|turn|7
|
|t:|1760449735
|move|p2a: Hitmonlee - PU|Stone Edge|p1a: Zapdos|[miss]
|-miss|p2a: Hitmonlee - PU|p1a: Zapdos
|move|p1a: Zapdos|Roost|p1a: Zapdos
|-heal|p1a: Zapdos|100/100
|-singleturn|p1a: Zapdos|move: Roost
|
|upkeep
|turn|8
|
|t:|1760449743
|move|p2a: Hitmonlee - PU|Stone Edge|p1a: Zapdos
|-supereffective|p1a: Zapdos
|-damage|p1a: Zapdos|50/100
|move|p1a: Zapdos|Hurricane|p2a: Hitmonlee - PU
|-supereffective|p2a: Hitmonlee - PU
|-damage|p2a: Hitmonlee - PU|20/100
|
|upkeep
|turn|9
|
|t:|1760449749
|move|p2a: Hitmonlee - PU|Stone Edge|p1a: Zapdos
|-supereffective|p1a: Zapdos
|-damage|p1a: Zapdos|0 fnt
|faint|p1a: Zapdos
|
|upkeep
|
|t:|1760449763
|switch|p1a: Ogerpon|Ogerpon-Wellspring, F|100/100
|turn|10
|
|t:|1760449767
|switch|p2a: Salamence - RUBL|Salamence, M|100/100
|-ability|p2a: Salamence - RUBL|Intimidate|boost
|-unboost|p1a: Ogerpon|atk|1
|move|p1a: Ogerpon|Ivy Cudgel|p2a: Salamence - RUBL|[anim] Ivy Cudgel Water
|-resisted|p2a: Salamence - RUBL
|-damage|p2a: Salamence - RUBL|83/100
|
|-heal|p2a: Salamence - RUBL|89/100|[from] item: Leftovers
|upkeep
|turn|11
|
|t:|1760449774
|move|p1a: Ogerpon|Taunt|p2a: Salamence - RUBL
|-start|p2a: Salamence - RUBL|move: Taunt
|cant|p2a: Salamence - RUBL|move: Taunt|Dragon Dance
|
|-heal|p2a: Salamence - RUBL|95/100|[from] item: Leftovers
|upkeep
|turn|12
|
|t:|1760449778
|move|p1a: Ogerpon|U-turn|p2a: Salamence - RUBL
|-resisted|p2a: Salamence - RUBL
|-damage|p2a: Salamence - RUBL|86/100
|
|t:|1760449782
|switch|p1a: Clefable|Clefable, F|100/100|[from] U-turn
|move|p2a: Salamence - RUBL|Dual Wingbeat|p1a: Clefable
|-damage|p1a: Clefable|81/100
|-damage|p1a: Clefable|60/100
|-hitcount|p1a: Clefable|2
|
|-heal|p2a: Salamence - RUBL|92/100|[from] item: Leftovers
|-heal|p1a: Clefable|66/100|[from] item: Leftovers
|upkeep
|turn|13
|
|t:|1760449791
|switch|p2a: Comfey - RUBL|Comfey, F|100/100
|move|p1a: Clefable|Stealth Rock|p2a: Comfey - RUBL
|-sidestart|p2: lyonsyonii|move: Stealth Rock
|
|-heal|p1a: Clefable|72/100|[from] item: Leftovers
|upkeep
|turn|14
|
|t:|1760449799
|move|p2a: Comfey - RUBL|Substitute|p2a: Comfey - RUBL
|-start|p2a: Comfey - RUBL|Substitute
|-damage|p2a: Comfey - RUBL|76/100
|move|p1a: Clefable|Knock Off|p2a: Comfey - RUBL
|-resisted|p2a: Comfey - RUBL
|-activate|p2a: Comfey - RUBL|move: Substitute|[damage]
|
|-heal|p1a: Clefable|78/100|[from] item: Leftovers
|upkeep
|turn|15
|
|t:|1760449804
|move|p2a: Comfey - RUBL|Calm Mind|p2a: Comfey - RUBL
|-boost|p2a: Comfey - RUBL|spa|1
|-boost|p2a: Comfey - RUBL|spd|1
|move|p1a: Clefable|Moonblast|p2a: Comfey - RUBL
|-end|p2a: Comfey - RUBL|Substitute
|
|-heal|p1a: Clefable|84/100|[from] item: Leftovers
|upkeep
|turn|16
|
|t:|1760449814
|switch|p1a: Iron Treads|Iron Treads|100/100
|-item|p1a: Iron Treads|Air Balloon
|move|p2a: Comfey - RUBL|Substitute|p2a: Comfey - RUBL
|-start|p2a: Comfey - RUBL|Substitute
|-damage|p2a: Comfey - RUBL|51/100
|
|upkeep
|turn|17
|
|t:|1760449824
|move|p1a: Iron Treads|Earthquake|p2a: Comfey - RUBL
|-end|p2a: Comfey - RUBL|Substitute
|move|p2a: Comfey - RUBL|Calm Mind|p2a: Comfey - RUBL
|-boost|p2a: Comfey - RUBL|spa|1
|-boost|p2a: Comfey - RUBL|spd|1
|
|upkeep
|turn|18
|
|t:|1760449828
|-terastallize|p2a: Comfey - RUBL|Fairy
|move|p2a: Comfey - RUBL|Draining Kiss|p1a: Iron Treads
|-resisted|p1a: Iron Treads
|-damage|p1a: Iron Treads|42/100
|-heal|p2a: Comfey - RUBL|97/100|[from] drain|[of] p1a: Iron Treads
|-enditem|p1a: Iron Treads|Air Balloon
|-damage|p2a: Comfey - RUBL|87/100|[from] item: Life Orb
|move|p1a: Iron Treads|Earthquake|p2a: Comfey - RUBL
|-damage|p2a: Comfey - RUBL|24/100
|
|upkeep
|turn|19
|
|t:|1760449837
|move|p2a: Comfey - RUBL|Draining Kiss|p1a: Iron Treads
|-resisted|p1a: Iron Treads
|-damage|p1a: Iron Treads|0 fnt
|-heal|p2a: Comfey - RUBL|57/100|[from] drain|[of] p1a: Iron Treads
|faint|p1a: Iron Treads
|-end|p1a: Iron Treads|Quark Drive|[silent]
|-damage|p2a: Comfey - RUBL|47/100|[from] item: Life Orb
|
|upkeep
|
|t:|1760449851
|switch|p1a: Kingambit|Kingambit, M|100/100
|turn|20
|
|t:|1760449856
|-terastallize|p1a: Kingambit|Fire
|move|p2a: Comfey - RUBL|Draining Kiss|p1a: Kingambit
|-resisted|p1a: Kingambit
|-damage|p1a: Kingambit|59/100
|-heal|p2a: Comfey - RUBL|88/100|[from] drain|[of] p1a: Kingambit
|-damage|p2a: Comfey - RUBL|78/100|[from] item: Life Orb
|move|p1a: Kingambit|Iron Head|p2a: Comfey - RUBL
|-supereffective|p2a: Comfey - RUBL
|-damage|p2a: Comfey - RUBL|0 fnt
|faint|p2a: Comfey - RUBL
|
|-heal|p1a: Kingambit|66/100|[from] item: Leftovers
|upkeep
|
|t:|1760449867
|switch|p2a: Salamence - RUBL|Salamence, M|92/100
|-damage|p2a: Salamence - RUBL|67/100|[from] Stealth Rock
|-ability|p2a: Salamence - RUBL|Intimidate|boost
|-unboost|p1a: Kingambit|atk|1
|-ability|p1a: Kingambit|Defiant|boost
|-boost|p1a: Kingambit|atk|2
|turn|21
|
|t:|1760449877
|move|p2a: Salamence - RUBL|Earthquake|p1a: Kingambit
|-supereffective|p1a: Kingambit
|-damage|p1a: Kingambit|19/100
|move|p1a: Kingambit|Kowtow Cleave|p2a: Salamence - RUBL
|-damage|p2a: Salamence - RUBL|0 fnt
|faint|p2a: Salamence - RUBL
|
|-heal|p1a: Kingambit|25/100|[from] item: Leftovers
|upkeep
|
|t:|1760449885
|switch|p2a: Lokix - UU|Lokix, M|36/100
|-damage|p2a: Lokix - UU|11/100|[from] Stealth Rock
|turn|22
|
|t:|1760449894
|move|p2a: Lokix - UU|First Impression|p1a: Kingambit
|-resisted|p1a: Kingambit
|-damage|p1a: Kingambit|0 fnt
|faint|p1a: Kingambit
|
|upkeep
|
|t:|1760449907
|switch|p1a: Ogerpon|Ogerpon-Wellspring, F|100/100
|turn|23
|l|☆lyonsyonii
|inactive|lyonsyonii disconnected and has a minute to reconnect!
|player|p2|
|inactive|lyonsyonii has 30 seconds to reconnect!
|inactive|lyonsyonii has 20 seconds to reconnect!
|inactive|lyonsyonii has 15 seconds to reconnect!
|inactive|lyonsyonii has 10 seconds to reconnect!
|inactive|lyonsyonii has 5 seconds to reconnect!
|-message|lyonsyonii lost due to inactivity.
|
|win|Thuman
|raw|Thuman's rating: 1502 &rarr; <strong>1522</strong><br />(+20 for winning)
|raw|lyonsyonii's rating: 1500 &rarr; <strong>1480</strong><br />(-20 for losing)
|l|☆Thuman
|player|p1|
|j|☆lyonsyonii
|player|p2|lyonsyonii|swimmer-gen4dp|
|l|☆lyonsyonii
|player|p2|
