|j|☆LoBehrRTR
|j|☆ballyhoogreen
|t:|1760459240
|gametype|singles
|player|p1|LoBehrRTR|pokefan|1088
|player|p2|ballyhoogreen|maid|1110
|gen|9
|tier|[Gen 9] OU
|rated|
|rule|HP Percentage Mod: HP is shown in percentages
|rule|Endless Battle Clause: Forcing endless battles is banned
|rule|Species Clause: Limit one of each Pokémon
|rule|OHKO Clause: OHKO moves are banned
|rule|Evasion Items Clause: Evasion items are banned
|rule|Evasion Moves Clause: Evasion moves are banned
|rule|Evasion Abilities Clause: Evasion abilities are banned
|rule|Sleep Moves Clause: Sleep-inducing moves are banned
|clearpoke
|poke|p1|Zamazenta-*|
|poke|p1|Regigigas|
|poke|p1|Garchomp, M|
|poke|p1|Heatran, F|
|poke|p1|Deoxys-Defense|
|poke|p1|Darkrai|
|poke|p2|Glastrier|
|poke|p2|Slowbro-Galar, M|
|poke|p2|Polteageist|
|poke|p2|Cinccino, F|
|poke|p2|Jirachi|
|poke|p2|Tatsugiri-Stretchy, M|
|teampreview
|inactive|Battle timer is ON: inactive players will automatically lose when time's up. (requested by LoBehrRTR)
|
|t:|1760459244
|teamsize|p1|6
|teamsize|p2|6
|start
|switch|p1a: Deoxys|Deoxys-Defense|100/100
|switch|p2a: Rat|Cinccino, F|100/100
|-ability|p1a: Deoxys|Pressure
|turn|1
|
|t:|1760459252
|move|p2a: Rat|Tidy Up|p2a: Rat
|-boost|p2a: Rat|atk|1
|-boost|p2a: Rat|spe|1
|move|p1a: Deoxys|Taunt|p2a: Rat
|-start|p2a: Rat|move: Taunt
|
|upkeep
|turn|2
|
|t:|1760459260
|move|p2a: Rat|Tail Slap|p1a: Deoxys
|-damage|p1a: Deoxys|83/100
|-damage|p2a: Rat|84/100|[from] item: Rocky Helmet|[of] p1a: Deoxys
|-damage|p1a: Deoxys|68/100
|-damage|p2a: Rat|68/100|[from] item: Rocky Helmet|[of] p1a: Deoxys
|-damage|p1a: Deoxys|53/100
|-damage|p2a: Rat|51/100|[from] item: Rocky Helmet|[of] p1a: Deoxys
|-damage|p1a: Deoxys|36/100
|-damage|p2a: Rat|35/100|[from] item: Rocky Helmet|[of] p1a: Deoxys
|-damage|p1a: Deoxys|19/100
|-damage|p2a: Rat|18/100|[from] item: Rocky Helmet|[of] p1a: Deoxys
|-hitcount|p1a: Deoxys|5
|move|p1a: Deoxys|Counter|p2a: Rat
|-damage|p2a: Rat|0 fnt
|faint|p2a: Rat
|
|upkeep
|
|t:|1760459267
|switch|p2a: Piss|Polteageist|100/100
|turn|3
|
|t:|1760459279
|move|p2a: Piss|Shell Smash|p2a: Piss
|-unboost|p2a: Piss|def|1
|-unboost|p2a: Piss|spd|1
|-boost|p2a: Piss|atk|2
|-boost|p2a: Piss|spa|2
|-boost|p2a: Piss|spe|2
|move|p1a: Deoxys|Recover|p1a: Deoxys
|-heal|p1a: Deoxys|69/100
|
|upkeep
|turn|4
|
|t:|1760459288
|move|p2a: Piss|Shadow Ball|p1a: Deoxys
|-supereffective|p1a: Deoxys
|-damage|p1a: Deoxys|0 fnt
|faint|p1a: Deoxys
|
|upkeep
|
|t:|1760459311
|switch|p1a: Zamazenta|Zamazenta|100/100
|-ability|p1a: Zamazenta|Dauntless Shield|boost
|-boost|p1a: Zamazenta|def|1
|turn|5
|
|t:|1760459316
|move|p2a: Piss|Stored Power|p1a: Zamazenta
|-supereffective|p1a: Zamazenta
|-damage|p1a: Zamazenta|0 fnt
|faint|p1a: Zamazenta
|
|upkeep
|
|t:|1760459325
|switch|p1a: Garchomp|Garchomp, M|100/100
|turn|6
|
|t:|1760459330
|move|p2a: Piss|Stored Power|p1a: Garchomp
|-damage|p1a: Garchomp|0 fnt
|faint|p1a: Garchomp
|
|upkeep
|
|t:|1760459335
|switch|p1a: Darkrai|Darkrai|100/100
|turn|7
|
|t:|1760459345
|-terastallize|p2a: Piss|Fighting
|move|p2a: Piss|Tera Blast|p1a: Darkrai|[anim] Tera Blast Fighting
|-supereffective|p1a: Darkrai
|-damage|p1a: Darkrai|0 fnt
|faint|p1a: Darkrai
|
|upkeep
|
|t:|1760459354
|switch|p1a: Regigigas|Regigigas|100/100
|-start|p1a: Regigigas|ability: Slow Start
|turn|8
|
|t:|1760459371
|-terastallize|p1a: Regigigas|Fighting
|move|p2a: Piss|Tera Blast|p1a: Regigigas|[anim] Tera Blast Fighting
|-damage|p1a: Regigigas|36/100
|move|p1a: Regigigas|Ice Punch|p2a: Piss
|-damage|p2a: Piss|47/100
|-ability|p2a: Piss|Weak Armor|boost
|-unboost|p2a: Piss|def|1
|-boost|p2a: Piss|spe|2
|
|upkeep
|turn|9
|
|t:|1760459383
|move|p2a: Piss|Stored Power|p1a: Regigigas
|-supereffective|p1a: Regigigas
|-damage|p1a: Regigigas|0 fnt
|faint|p1a: Regigigas
|
|upkeep
|
|t:|1760459388
|switch|p1a: Heatran|Heatran, F|100/100
|turn|10
|-activate|p1a: Heatran|item: Quick Claw
|
|t:|1760459392
|move|p1a: Heatran|Lunge|p2a: Piss
|-resisted|p2a: Piss
|-damage|p2a: Piss|0 fnt
|faint|p2a: Piss
|
|upkeep
|
|t:|1760459398
|switch|p2a: D!ckParasite|Tatsugiri-Stretchy, M|100/100
|turn|11
|
|t:|1760459411
|move|p2a: D!ckParasite|Surf|p1a: Heatran
|-supereffective|p1a: Heatran
|-damage|p1a: Heatran|23/100
|move|p1a: Heatran|Iron Defense|p1a: Heatran
|-boost|p1a: Heatran|def|2
|
|upkeep
|turn|12
|
|t:|1760459418
|move|p2a: D!ckParasite|Surf|p1a: Heatran
|-supereffective|p1a: Heatran
|-damage|p1a: Heatran|0 fnt
|faint|p1a: Heatran
|
|win|ballyhoogreen
|raw|LoBehrRTR's rating: 1088 &rarr; <strong>1066</strong><br />(-22 for losing)
|raw|ballyhoogreen's rating: 1110 &rarr; <strong>1133</strong><br />(+23 for winning)
|l|☆LoBehrRTR
|player|p1|
|l|☆ballyhoogreen
|player|p2|
