|j|☆Ms. Mustache
|j|☆lakespirited
|t:|1760334230
|gametype|singles
|player|p1|Ms. Mustache|266|1524
|player|p2|lakespirited|miku-water|1401
|gen|9
|tier|[Gen 9] OU
|rated|
|rule|HP Percentage Mod: HP is shown in percentages
|rule|Endless Battle Clause: Forcing endless battles is banned
|rule|Species Clause: Limit one of each Pokémon
|rule|OHKO Clause: OHKO moves are banned
|rule|Evasion Items Clause: Evasion items are banned
|rule|Evasion Moves Clause: Evasion moves are banned
|rule|Evasion Abilities Clause: Evasion abilities are banned
|rule|Sleep Moves Clause: Sleep-inducing moves are banned
|clearpoke
|poke|p1|Lokix, M|
|poke|p1|Cinderace, M|
|poke|p1|Great Tusk|
|poke|p1|Alomomola, F|
|poke|p1|Enamorus, F|
|poke|p1|Slowking-Galar, M|
|poke|p2|Ogerpon-Wellspring, F|
|poke|p2|Dragonite, F|
|poke|p2|Zamazenta-*|
|poke|p2|Hatterene, F|
|poke|p2|Ninetales-Alola, F|
|poke|p2|Ting-Lu|
|teampreview
|inactive|Battle timer is ON: inactive players will automatically lose when time's up. (requested by lakespirited)
|
|t:|1760334235
|teamsize|p1|6
|teamsize|p2|6
|start
|switch|p1a: Cinderace|Cinderace, M|100/100
|switch|p2a: Ronove|Ting-Lu|100/100
|-ability|p2a: Ronove|Vessel of Ruin
|turn|1
|
|t:|1760334240
|move|p1a: Cinderace|Will-O-Wisp|p2a: Ronove|[miss]
|-miss|p1a: Cinderace|p2a: Ronove
|move|p2a: Ronove|Stealth Rock|p1a: Cinderace
|-sidestart|p1: Ms. Mustache|move: Stealth Rock
|
|upkeep
|turn|2
|
|t:|1760334243
|move|p1a: Cinderace|Will-O-Wisp|p2a: Ronove
|-status|p2a: Ronove|brn
|move|p2a: Ronove|Ruination|p1a: Cinderace
|-damage|p1a: Cinderace|50/100
|
|-damage|p2a: Ronove|94/100 brn|[from] brn
|upkeep
|turn|3
|
|t:|1760334246
|move|p1a: Cinderace|Court Change|p1a: Cinderace
|-swapsideconditions
|-activate|p1a: Cinderace|move: Court Change
|move|p2a: Ronove|Whirlwind|p1a: Cinderace
|drag|p1a: Enamorus|Enamorus, F|100/100
|
|-heal|p2a: Ronove|100/100 brn|[from] item: Leftovers
|-damage|p2a: Ronove|94/100 brn|[from] brn
|upkeep
|turn|4
|
|t:|1760334259
|switch|p1a: Alomomola|Alomomola, F|100/100
|move|p2a: Ronove|Whirlwind|p1a: Alomomola
|drag|p1a: Slowking|Slowking-Galar, M|100/100
|
|-heal|p2a: Ronove|100/100 brn|[from] item: Leftovers
|-damage|p2a: Ronove|94/100 brn|[from] brn
|upkeep
|turn|5
|
|t:|1760334270
|move|p2a: Ronove|Stealth Rock|p1a: Slowking
|-sidestart|p1: Ms. Mustache|move: Stealth Rock
|move|p1a: Slowking|Ice Beam|p2a: Ronove
|-supereffective|p2a: Ronove
|-damage|p2a: Ronove|65/100 brn
|
|-heal|p2a: Ronove|71/100 brn|[from] item: Leftovers
|-damage|p2a: Ronove|65/100 brn|[from] brn
|upkeep
|turn|6
|
|t:|1760334276
|move|p2a: Ronove|Ruination|p1a: Slowking
|-damage|p1a: Slowking|50/100
|-prepare|p1a: Slowking|Chilly Reception|[premajor]
|move|p1a: Slowking|Chilly Reception|p1a: Slowking
|-weather|Snowscape
|
|t:|1760334286
|switch|p1a: Great Tusk|Great Tusk|100/100|[from] Chilly Reception
|-damage|p1a: Great Tusk|98/100|[from] Stealth Rock
|
|-weather|Snowscape|[upkeep]
|-heal|p1a: Great Tusk|100/100|[from] item: Leftovers
|-heal|p2a: Ronove|71/100 brn|[from] item: Leftovers
|-damage|p2a: Ronove|65/100 brn|[from] brn
|upkeep
|turn|7
|
|t:|1760334290
|move|p1a: Great Tusk|Rapid Spin|p2a: Ronove
|-damage|p2a: Ronove|59/100 brn
|-boost|p1a: Great Tusk|spe|1
|-sideend|p1: Ms. Mustache|Stealth Rock|[from] move: Rapid Spin|[of] p1a: Great Tusk
|move|p2a: Ronove|Stealth Rock|p1a: Great Tusk
|-sidestart|p1: Ms. Mustache|move: Stealth Rock
|
|-weather|Snowscape|[upkeep]
|-heal|p2a: Ronove|65/100 brn|[from] item: Leftovers
|-damage|p2a: Ronove|59/100 brn|[from] brn
|upkeep
|turn|8
|
|t:|1760334297
|move|p1a: Great Tusk|Rapid Spin|p2a: Ronove
|-damage|p2a: Ronove|54/100 brn
|-boost|p1a: Great Tusk|spe|1
|-sideend|p1: Ms. Mustache|Stealth Rock|[from] move: Rapid Spin|[of] p1a: Great Tusk
|move|p2a: Ronove|Whirlwind|p1a: Great Tusk
|-end|p1a: Great Tusk|Protosynthesis|[silent]
|drag|p1a: Slowking|Slowking-Galar, M|84/100
|
|-weather|Snowscape|[upkeep]
|-heal|p2a: Ronove|60/100 brn|[from] item: Leftovers
|-damage|p2a: Ronove|54/100 brn|[from] brn
|upkeep
|turn|9
|
|t:|1760334300
|move|p2a: Ronove|Stealth Rock|p1a: Slowking
|-sidestart|p1: Ms. Mustache|move: Stealth Rock
|move|p1a: Slowking|Ice Beam|p2a: Ronove
|-supereffective|p2a: Ronove
|-damage|p2a: Ronove|28/100 brn
|
|-weather|Snowscape|[upkeep]
|-heal|p2a: Ronove|35/100 brn|[from] item: Leftovers
|-damage|p2a: Ronove|28/100 brn|[from] brn
|upkeep
|turn|10
|
|t:|1760334305
|move|p1a: Slowking|Ice Beam|p2a: Ronove
|-supereffective|p2a: Ronove
|-damage|p2a: Ronove|3/100 brn
|move|p2a: Ronove|Whirlwind|p1a: Slowking
|drag|p1a: Great Tusk|Great Tusk|100/100
|-damage|p1a: Great Tusk|98/100|[from] Stealth Rock
|
|-weather|none
|-heal|p1a: Great Tusk|100/100|[from] item: Leftovers
|-heal|p2a: Ronove|9/100 brn|[from] item: Leftovers
|-damage|p2a: Ronove|3/100 brn|[from] brn
|upkeep
|turn|11
|
|t:|1760334313
|switch|p2a: Beatrice|Ninetales-Alola, F, shiny|100/100
|-damage|p2a: Beatrice|76/100|[from] Stealth Rock
|-weather|Snowscape|[from] ability: Snow Warning|[of] p2a: Beatrice
|move|p1a: Great Tusk|Rapid Spin|p2a: Beatrice
|-damage|p2a: Beatrice|63/100
|-boost|p1a: Great Tusk|spe|1
|-sideend|p1: Ms. Mustache|Stealth Rock|[from] move: Rapid Spin|[of] p1a: Great Tusk
|
|-weather|Snowscape|[upkeep]
|upkeep
|turn|12
|
|t:|1760334343
|-end|p1a: Great Tusk|Protosynthesis|[silent]
|switch|p1a: Slowking|Slowking-Galar, M|100/100
|move|p2a: Beatrice|Aurora Veil|p2a: Beatrice
|-sidestart|p2: lakespirited|move: Aurora Veil
|
|-weather|Snowscape|[upkeep]
|upkeep
|turn|13
|
|t:|1760334352
|switch|p2a: Virgilia|Hatterene, F|100/100
|-damage|p2a: Virgilia|88/100|[from] Stealth Rock
|move|p1a: Slowking|Sludge Bomb|p2a: Virgilia
|-supereffective|p2a: Virgilia
|-damage|p2a: Virgilia|54/100
|
|-weather|Snowscape|[upkeep]
|-heal|p2a: Virgilia|60/100|[from] item: Leftovers
|upkeep
|turn|14
|
|t:|1760334356
|move|p2a: Virgilia|Calm Mind|p2a: Virgilia
|-boost|p2a: Virgilia|spa|1
|-boost|p2a: Virgilia|spd|1
|move|p1a: Slowking|Sludge Bomb|p2a: Virgilia
|-supereffective|p2a: Virgilia
|-damage|p2a: Virgilia|38/100
|-status|p2a: Virgilia|psn
|
|-weather|Snowscape|[upkeep]
|-heal|p2a: Virgilia|44/100 psn|[from] item: Leftovers
|-damage|p2a: Virgilia|32/100 psn|[from] psn
|upkeep
|turn|15
|
|t:|1760334361
|move|p2a: Virgilia|Calm Mind|p2a: Virgilia
|-boost|p2a: Virgilia|spa|1
|-boost|p2a: Virgilia|spd|1
|move|p1a: Slowking|Sludge Bomb|p2a: Virgilia
|-supereffective|p2a: Virgilia
|-damage|p2a: Virgilia|14/100 psn
|
|-weather|none
|-heal|p2a: Virgilia|20/100 psn|[from] item: Leftovers
|-damage|p2a: Virgilia|8/100 psn|[from] psn
|upkeep
|turn|16
|
|t:|1760334369
|move|p2a: Virgilia|Draining Kiss|p1a: Slowking
|-resisted|p1a: Slowking
|-damage|p1a: Slowking|83/100
|-heal|p2a: Virgilia|24/100 psn|[from] drain|[of] p1a: Slowking
|move|p1a: Slowking|Sludge Bomb|p2a: Virgilia
|-supereffective|p2a: Virgilia
|-damage|p2a: Virgilia|6/100 psn
|
|-heal|p2a: Virgilia|12/100 psn|[from] item: Leftovers
|-damage|p2a: Virgilia|0 fnt|[from] psn
|faint|p2a: Virgilia
|upkeep
|
|t:|1760334373
|switch|p2a: Gaap|Dragonite, F|100/100
|turn|17
|
|t:|1760334376
|move|p2a: Gaap|Substitute|p2a: Gaap
|-start|p2a: Gaap|Substitute
|-damage|p2a: Gaap|75/100
|move|p1a: Slowking|Ice Beam|p2a: Gaap
|-supereffective|p2a: Gaap
|-end|p2a: Gaap|Substitute
|
|upkeep
|turn|18
|
|t:|1760334384
|-terastallize|p2a: Gaap|Normal
|move|p2a: Gaap|Dragon Dance|p2a: Gaap
|-boost|p2a: Gaap|atk|1
|-boost|p2a: Gaap|spe|1
|move|p1a: Slowking|Ice Beam|p2a: Gaap
|-damage|p2a: Gaap|65/100
|
|upkeep
|turn|19
|
|t:|1760334387
|move|p2a: Gaap|Substitute|p2a: Gaap
|-start|p2a: Gaap|Substitute
|-damage|p2a: Gaap|40/100
|move|p1a: Slowking|Future Sight|p2a: Gaap
|-start|p1a: Slowking|move: Future Sight
|
|-sideend|p2: lakespirited|move: Aurora Veil
|upkeep
|turn|20
|
|t:|1760334399
|move|p2a: Gaap|Extreme Speed|p1a: Slowking
|-damage|p1a: Slowking|36/100
|move|p1a: Slowking|Sludge Bomb|p2a: Gaap
|-crit|p2a: Gaap
|-end|p2a: Gaap|Substitute
|
|upkeep
|turn|21
|
|t:|1760334406
|move|p2a: Gaap|Dragon Dance|p2a: Gaap
|-boost|p2a: Gaap|atk|1
|-boost|p2a: Gaap|spe|1
|move|p1a: Slowking|Sludge Bomb|p2a: Gaap
|-damage|p2a: Gaap|7/100
|
|-end|p2a: Gaap|move: Future Sight
|-damage|p2a: Gaap|0 fnt
|faint|p2a: Gaap
|upkeep
|
|t:|1760334413
|switch|p2a: Dlanor|Ogerpon-Wellspring, F|100/100
|-damage|p2a: Dlanor|88/100|[from] Stealth Rock
|turn|22
|
|t:|1760334421
|move|p2a: Dlanor|Ivy Cudgel|p1a: Slowking|[anim] Ivy Cudgel Water
|-damage|p1a: Slowking|0 fnt
|faint|p1a: Slowking
|
|upkeep
|
|t:|1760334424
|switch|p1a: Cinderace|Cinderace, M|50/100
|turn|23
|
|t:|1760334440
|switch|p2a: Ronove|Ting-Lu|3/100 brn
|-damage|p2a: Ronove|0 fnt|[from] Stealth Rock
|faint|p2a: Ronove
|move|p1a: Cinderace|Will-O-Wisp|p2: Ronove|[notarget]
|-fail|p1a: Cinderace
|
|upkeep
|
|t:|1760334442
|switch|p2a: Battler|Zamazenta|100/100
|-damage|p2a: Battler|94/100|[from] Stealth Rock
|-ability|p2a: Battler|Dauntless Shield|boost
|-boost|p2a: Battler|def|1
|turn|24
|
|t:|1760334448
|switch|p1a: Great Tusk|Great Tusk|100/100
|move|p2a: Battler|Body Press|p1a: Great Tusk
|-damage|p1a: Great Tusk|73/100
|
|-heal|p2a: Battler|100/100|[from] item: Leftovers
|-heal|p1a: Great Tusk|79/100|[from] item: Leftovers
|upkeep
|turn|25
|
|t:|1760334454
|move|p2a: Battler|Iron Defense|p2a: Battler
|-boost|p2a: Battler|def|2
|move|p1a: Great Tusk|Bulk Up|p1a: Great Tusk
|-boost|p1a: Great Tusk|atk|1
|-boost|p1a: Great Tusk|def|1
|
|-heal|p1a: Great Tusk|85/100|[from] item: Leftovers
|upkeep
|turn|26
|
|t:|1760334455
|move|p2a: Battler|Iron Defense|p2a: Battler
|-boost|p2a: Battler|def|2
|move|p1a: Great Tusk|Knock Off|p2a: Battler
|-resisted|p2a: Battler
|-crit|p2a: Battler
|-damage|p2a: Battler|79/100
|-enditem|p2a: Battler|Leftovers|[from] move: Knock Off|[of] p1a: Great Tusk
|
|-heal|p1a: Great Tusk|91/100|[from] item: Leftovers
|upkeep
|turn|27
|
|t:|1760334465
|move|p2a: Battler|Iron Defense|p2a: Battler
|-boost|p2a: Battler|def|1
|move|p1a: Great Tusk|Rapid Spin|p2a: Battler
|-damage|p2a: Battler|74/100
|-boost|p1a: Great Tusk|spe|1
|
|-heal|p1a: Great Tusk|98/100|[from] item: Leftovers
|upkeep
|turn|28
|
|t:|1760334467
|move|p1a: Great Tusk|Earthquake|p2a: Battler
|-damage|p2a: Battler|62/100
|move|p2a: Battler|Roar|p1a: Great Tusk
|-end|p1a: Great Tusk|Protosynthesis|[silent]
|drag|p1a: Lokix|Lokix, M|100/100
|
|upkeep
|turn|29
|
|t:|1760334473
|switch|p1a: Great Tusk|Great Tusk|98/100
|move|p2a: Battler|Body Press|p1a: Great Tusk
|-damage|p1a: Great Tusk|27/100
|
|-heal|p1a: Great Tusk|33/100|[from] item: Leftovers
|upkeep
|turn|30
|
|t:|1760334476
|move|p2a: Battler|Body Press|p1a: Great Tusk
|-damage|p1a: Great Tusk|0 fnt
|faint|p1a: Great Tusk
|-end|p1a: Great Tusk|Protosynthesis|[silent]
|
|upkeep
|
|t:|1760334478
|switch|p1a: Enamorus|Enamorus, F|100/100
|turn|31
|
|t:|1760334480
|move|p1a: Enamorus|Moonblast|p2a: Battler
|-supereffective|p2a: Battler
|-damage|p2a: Battler|0 fnt
|faint|p2a: Battler
|
|upkeep
|
|t:|1760334483
|switch|p2a: Beatrice|Ninetales-Alola, F, shiny|63/100
|-damage|p2a: Beatrice|38/100|[from] Stealth Rock
|-weather|Snowscape|[from] ability: Snow Warning|[of] p2a: Beatrice
|turn|32
|
|t:|1760334499
|move|p1a: Enamorus|Moonblast|p2a: Beatrice
|-damage|p2a: Beatrice|0 fnt
|faint|p2a: Beatrice
|
|-weather|Snowscape|[upkeep]
|upkeep
|
|t:|1760334501
|switch|p2a: Dlanor|Ogerpon-Wellspring, F|88/100
|-damage|p2a: Dlanor|76/100|[from] Stealth Rock
|turn|33
|
|t:|1760334504
|move|p1a: Enamorus|Moonblast|p2a: Dlanor
|-damage|p2a: Dlanor|8/100
|-unboost|p2a: Dlanor|spa|1
|move|p2a: Dlanor|Swords Dance|p2a: Dlanor
|-boost|p2a: Dlanor|atk|2
|
|-weather|Snowscape|[upkeep]
|upkeep
|turn|34
|
|t:|1760334506
|move|p1a: Enamorus|Moonblast|p2a: Dlanor
|-damage|p2a: Dlanor|0 fnt
|faint|p2a: Dlanor
|
|win|Ms. Mustache
|raw|Ms. Mustache's rating: 1524 &rarr; <strong>1537</strong><br />(+13 for winning)
|raw|lakespirited's rating: 1401 &rarr; <strong>1388</strong><br />(-13 for losing)
|l|☆lakespirited
|player|p2|
|c|☆Ms. Mustache|GG
