|j|☆NoWillC_5
|j|☆Broadsword115
|t:|1760316777
|gametype|singles
|player|p1|NoWillC_5|102|1142
|player|p2|Broadsword115|102|1175
|gen|9
|tier|[Gen 9] OU
|rated|
|rule|HP Percentage Mod: HP is shown in percentages
|rule|Endless Battle Clause: Forcing endless battles is banned
|rule|Species Clause: Limit one of each Pokémon
|rule|OHKO Clause: OHKO moves are banned
|rule|Evasion Items Clause: Evasion items are banned
|rule|Evasion Moves Clause: Evasion moves are banned
|rule|Evasion Abilities Clause: Evasion abilities are banned
|rule|Sleep Moves Clause: Sleep-inducing moves are banned
|clearpoke
|poke|p1|Swampert, M|
|poke|p1|Luxray, F|
|poke|p1|Hitmonchan, M|
|poke|p1|Ninetales-Alola, M|
|poke|p1|Heatran, M|
|poke|p1|Tyranitar, M|
|poke|p2|Necrozma|
|poke|p2|Regice|
|poke|p2|Blastoise, M|
|poke|p2|Mimikyu, M|
|poke|p2|Galvantula, M|
|poke|p2|Lucario, M|
|teampreview
|
|t:|1760316800
|teamsize|p1|6
|teamsize|p2|6
|start
|switch|p1a: Ninetales|Ninetales-Alola, M|100/100
|switch|p2a: Lucario|Lucario, M|100/100
|-weather|Snowscape|[from] ability: Snow Warning|[of] p1a: Ninetales
|turn|1
|
|t:|1760316818
|switch|p1a: Swampert|Swampert, M|100/100
|move|p2a: Lucario|Nasty Plot|p2a: Lucario
|-boost|p2a: Lucario|spa|2
|
|-weather|Snowscape|[upkeep]
|upkeep
|turn|2
|
|t:|1760316833
|move|p2a: Lucario|Aura Sphere|p1a: Swampert
|-damage|p1a: Swampert|34/100
|move|p1a: Swampert|Stealth Rock|p2a: Lucario
|-sidestart|p2: Broadsword115|move: Stealth Rock
|
|-weather|Snowscape|[upkeep]
|-heal|p1a: Swampert|40/100|[from] item: Leftovers
|upkeep
|turn|3
|
|t:|1760316854
|switch|p1a: Luxray|Luxray, F|100/100
|move|p2a: Lucario|Aura Sphere|p1a: Luxray
|-damage|p1a: Luxray|0 fnt
|faint|p1a: Luxray
|
|-weather|Snowscape|[upkeep]
|upkeep
|
|t:|1760316863
|switch|p1a: Heatran|Heatran, M|100/100
|turn|4
|
|t:|1760316870
|-terastallize|p1a: Heatran|Ghost
|move|p1a: Heatran|Tera Blast|p2a: Lucario|[anim] Tera Blast Ghost
|-damage|p2a: Lucario|28/100
|move|p2a: Lucario|Aura Sphere|p1a: Heatran
|-immune|p1a: Heatran
|
|-weather|Snowscape|[upkeep]
|upkeep
|turn|5
|
|t:|1760316880
|move|p1a: Heatran|Tera Blast|p2a: Lucario|[anim] Tera Blast Ghost
|-damage|p2a: Lucario|0 fnt
|faint|p2a: Lucario
|
|-weather|none
|upkeep
|
|t:|1760316889
|switch|p2a: Blastoise|Blastoise, M|100/100
|-damage|p2a: Blastoise|88/100|[from] Stealth Rock
|turn|6
|
|t:|1760316906
|switch|p1a: Ninetales|Ninetales-Alola, M|100/100
|-weather|Snowscape|[from] ability: Snow Warning|[of] p1a: Ninetales
|move|p2a: Blastoise|Shell Smash|p2a: Blastoise
|-unboost|p2a: Blastoise|def|1
|-unboost|p2a: Blastoise|spd|1
|-boost|p2a: Blastoise|atk|2
|-boost|p2a: Blastoise|spa|2
|-boost|p2a: Blastoise|spe|2
|-enditem|p2a: Blastoise|White Herb
|-clearnegativeboost|p2a: Blastoise|[silent]
|
|-weather|Snowscape|[upkeep]
|upkeep
|turn|7
|
|t:|1760316918
|move|p2a: Blastoise|Wave Crash|p1a: Ninetales
|-damage|p1a: Ninetales|23/100
|-damage|p2a: Blastoise|63/100|[from] Recoil
|move|p1a: Ninetales|Aurora Veil|p1a: Ninetales
|-sidestart|p1: NoWillC_5|move: Aurora Veil
|
|-weather|Snowscape|[upkeep]
|upkeep
|turn|8
|
|t:|1760316927
|move|p2a: Blastoise|Wave Crash|p1a: Ninetales
|-damage|p1a: Ninetales|0 fnt
|faint|p1a: Ninetales
|-damage|p2a: Blastoise|56/100|[from] Recoil
|
|-weather|Snowscape|[upkeep]
|upkeep
|
|t:|1760316938
|switch|p1a: Swampert|Swampert, M|40/100
|turn|9
|
|t:|1760316943
|move|p2a: Blastoise|Ice Spinner|p1a: Swampert
|-damage|p1a: Swampert|20/100
|move|p1a: Swampert|Poison Jab|p2a: Blastoise
|-damage|p2a: Blastoise|26/100
|-status|p2a: Blastoise|psn
|
|-weather|Snowscape|[upkeep]
|-heal|p1a: Swampert|26/100|[from] item: Leftovers
|-damage|p2a: Blastoise|13/100 psn|[from] psn
|upkeep
|turn|10
|
|t:|1760316953
|move|p1a: Swampert|Protect|p1a: Swampert
|-singleturn|p1a: Swampert|Protect
|move|p2a: Blastoise|Wave Crash|p1a: Swampert
|-activate|p1a: Swampert|move: Protect
|
|-weather|none
|-heal|p1a: Swampert|32/100|[from] item: Leftovers
|-damage|p2a: Blastoise|1/100 psn|[from] psn
|upkeep
|turn|11
|inactive|Battle timer is ON: inactive players will automatically lose when time's up. (requested by NoWillC_5)
|
|t:|1760316965
|move|p2a: Blastoise|Rapid Spin|p1a: Swampert
|-damage|p1a: Swampert|19/100
|-boost|p2a: Blastoise|spe|1
|-sideend|p2: Broadsword115|Stealth Rock|[from] move: Rapid Spin|[of] p2a: Blastoise
|move|p1a: Swampert|Stealth Rock|p2a: Blastoise
|-sidestart|p2: Broadsword115|move: Stealth Rock
|
|-heal|p1a: Swampert|25/100|[from] item: Leftovers
|-damage|p2a: Blastoise|0 fnt|[from] psn
|faint|p2a: Blastoise
|upkeep
|
|t:|1760316973
|switch|p2a: Galvantula|Galvantula, M|100/100
|-damage|p2a: Galvantula|76/100|[from] Stealth Rock
|turn|12
|
|t:|1760316978
|move|p2a: Galvantula|Energy Ball|p1a: Swampert
|-supereffective|p1a: Swampert
|-damage|p1a: Swampert|0 fnt
|faint|p1a: Swampert
|
|upkeep
|
|t:|1760316987
|switch|p1a: Heatran|Heatran, M, tera:Ghost|100/100
|turn|13
|
|t:|1760317006
|switch|p2a: Regice|Regice, shiny|100/100
|-damage|p2a: Regice|75/100|[from] Stealth Rock
|move|p1a: Heatran|Flamethrower|p2a: Regice
|-supereffective|p2a: Regice
|-damage|p2a: Regice|26/100
|
|-heal|p2a: Regice|32/100|[from] item: Leftovers
|upkeep
|turn|14
|
|t:|1760317015
|-terastallize|p2a: Regice|Water
|move|p1a: Heatran|Flamethrower|p2a: Regice
|-resisted|p2a: Regice
|-damage|p2a: Regice|20/100
|-status|p2a: Regice|brn
|move|p2a: Regice|Curse|p2a: Regice
|-unboost|p2a: Regice|spe|1
|-boost|p2a: Regice|atk|1
|-boost|p2a: Regice|def|1
|
|-heal|p2a: Regice|26/100 brn|[from] item: Leftovers
|-damage|p2a: Regice|20/100 brn|[from] brn
|-sideend|p1: NoWillC_5|move: Aurora Veil
|upkeep
|turn|15
|
|t:|1760317034
|switch|p1a: Hitmonchan|Hitmonchan, M|100/100
|move|p2a: Regice|Earthquake|p1a: Hitmonchan
|-damage|p1a: Hitmonchan|75/100
|
|-heal|p2a: Regice|26/100 brn|[from] item: Leftovers
|-damage|p2a: Regice|20/100 brn|[from] brn
|upkeep
|turn|16
|inactive|Broadsword115 has 120 seconds left.
|inactive|Broadsword115 has 90 seconds left.
|inactive|Broadsword115 has 60 seconds left.
|inactive|Broadsword115 has 30 seconds left.
|inactive|Broadsword115 has 20 seconds left.
|inactive|Broadsword115 has 15 seconds left.
|inactive|Broadsword115 has 10 seconds left.
|inactive|Broadsword115 has 5 seconds left.
|-message|Broadsword115 lost due to inactivity.
|
|win|NoWillC_5
|raw|NoWillC_5's rating: 1142 &rarr; <strong>1169</strong><br />(+27 for winning)
|raw|Broadsword115's rating: 1175 &rarr; <strong>1148</strong><br />(-27 for losing)
|l|☆Broadsword115
|player|p2|
|l|☆NoWillC_5
|player|p1|
