|j|☆StellarSW
|j|☆killer07
|t:|1760367656
|gametype|singles
|player|p1|StellarSW|wattson|1402
|player|p2|killer07|preschooler|1451
|gen|9
|tier|[Gen 9] OU
|rated|
|rule|HP Percentage Mod: HP is shown in percentages
|rule|Endless Battle Clause: Forcing endless battles is banned
|rule|Species Clause: Limit one of each Pokémon
|rule|OHKO Clause: OHKO moves are banned
|rule|Evasion Items Clause: Evasion items are banned
|rule|Evasion Moves Clause: Evasion moves are banned
|rule|Evasion Abilities Clause: Evasion abilities are banned
|rule|Sleep Moves Clause: Sleep-inducing moves are banned
|clearpoke
|poke|p1|Raging Bolt|
|poke|p1|Ogerpon-Wellspring, F|
|poke|p1|Landorus-Therian, M|
|poke|p1|Slowking-Galar, F|
|poke|p1|Clefable, M|
|poke|p1|Scizor, M|
|poke|p2|Goodra-Hisui, F|
|poke|p2|Corviknight, F|
|poke|p2|Rillaboom, M|
|poke|p2|Great Tusk|
|poke|p2|Azumarill, M|
|poke|p2|Regidrago|
|teampreview
|
|t:|1760367669
|teamsize|p1|6
|teamsize|p2|6
|start
|switch|p1a: Landorus|Landorus-Therian, M|100/100
|switch|p2a: Regidrago|Regidrago|100/100
|-ability|p1a: Landorus|Intimidate|boost
|-unboost|p2a: Regidrago|atk|1
|turn|1
|
|t:|1760367676
|move|p1a: Landorus|U-turn|p2a: Regidrago
|-damage|p2a: Regidrago|71/100
|
|t:|1760367678
|switch|p1a: Clefable|Clefable, M|100/100|[from] U-turn
|move|p2a: Regidrago|Dragon Energy|p1a: Clefable
|-immune|p1a: Clefable
|
|upkeep
|turn|2
|
|t:|1760367687
|switch|p2a: Goodra|Goodra-Hisui, F, shiny|100/100
|move|p1a: Clefable|Stealth Rock|p2a: Goodra
|-sidestart|p2: killer07|move: Stealth Rock
|
|upkeep
|turn|3
|
|t:|1760367699
|move|p1a: Clefable|Wish|p1a: Clefable
|move|p2a: Goodra|Flash Cannon|p1a: Clefable
|-supereffective|p1a: Clefable
|-damage|p1a: Clefable|38/100
|
|-heal|p1a: Clefable|44/100|[from] item: Leftovers
|upkeep
|turn|4
|
|t:|1760367706
|switch|p1a: Scizor|Scizor, M|100/100
|move|p2a: Goodra|Flash Cannon|p1a: Scizor
|-resisted|p1a: Scizor
|-damage|p1a: Scizor|80/100
|
|-heal|p1a: Scizor|100/100|[from] move: Wish|[wisher] Clefable
|upkeep
|turn|5
|
|t:|1760367714
|switch|p1a: Slowking|Slowking-Galar, F|100/100
|switch|p2a: Corviknight|Corviknight, F|100/100
|-damage|p2a: Corviknight|88/100|[from] Stealth Rock
|-ability|p2a: Corviknight|Pressure
|
|upkeep
|turn|6
|
|t:|1760367719
|move|p2a: Corviknight|Defog|p1a: Slowking
|-unboost|p1a: Slowking|evasion|1
|-sideend|p2: killer07|Stealth Rock|[from] move: Defog|[of] p2a: Corviknight
|move|p1a: Slowking|Flamethrower|p2a: Corviknight
|-supereffective|p2a: Corviknight
|-damage|p2a: Corviknight|29/100
|
|upkeep
|turn|7
|
|t:|1760367731
|move|p2a: Corviknight|U-turn|p1a: Slowking
|-damage|p1a: Slowking|85/100
|
|t:|1760367747
|switch|p2a: Goodra|Goodra-Hisui, F, shiny|100/100|[from] U-turn
|move|p1a: Slowking|Sludge Bomb|p2a: Goodra
|-immune|p2a: Goodra
|
|upkeep
|turn|8
|
|t:|1760367755
|move|p2a: Goodra|Earthquake|p1a: Slowking
|-supereffective|p1a: Slowking
|-damage|p1a: Slowking|30/100
|move|p1a: Slowking|Ice Beam|p2a: Goodra
|-damage|p2a: Goodra|87/100
|-status|p2a: Goodra|frz
|
|upkeep
|turn|9
|
|t:|1760367764
|switch|p1a: Landorus|Landorus-Therian, M|100/100
|-ability|p1a: Landorus|Intimidate|boost
|-unboost|p2a: Goodra|atk|1
|cant|p2a: Goodra|frz
|
|upkeep
|turn|10
|
|t:|1760367771
|move|p1a: Landorus|Stone Edge|p2a: Goodra
|-resisted|p2a: Goodra
|-damage|p2a: Goodra|65/100 frz
|cant|p2a: Goodra|frz
|
|upkeep
|turn|11
|
|t:|1760367777
|switch|p1a: Scizor|Scizor, M|100/100
|-curestatus|p2a: Goodra|frz|[msg]
|move|p2a: Goodra|Ice Beam|p1a: Scizor
|-resisted|p1a: Scizor
|-damage|p1a: Scizor|87/100
|
|upkeep
|turn|12
|
|t:|1760367781
|switch|p2a: Great Tusk|Great Tusk|100/100
|move|p1a: Scizor|Knock Off|p2a: Great Tusk
|-resisted|p2a: Great Tusk
|-damage|p2a: Great Tusk|92/100
|-damage|p1a: Scizor|70/100|[from] item: Rocky Helmet|[of] p2a: Great Tusk
|-enditem|p2a: Great Tusk|Rocky Helmet|[from] move: Knock Off|[of] p1a: Scizor
|
|upkeep
|turn|13
|
|t:|1760367788
|move|p2a: Great Tusk|Stealth Rock|p1a: Scizor
|-sidestart|p1: StellarSW|move: Stealth Rock
|move|p1a: Scizor|U-turn|p2a: Great Tusk
|-resisted|p2a: Great Tusk
|-damage|p2a: Great Tusk|83/100
|
|t:|1760367792
|switch|p1a: Ogerpon|Ogerpon-Wellspring, F|100/100|[from] U-turn
|-damage|p1a: Ogerpon|88/100|[from] Stealth Rock
|
|upkeep
|turn|14
|
|t:|1760367797
|-end|p2a: Great Tusk|Protosynthesis|[silent]
|switch|p2a: Corviknight|Corviknight, F|29/100
|-ability|p2a: Corviknight|Pressure
|move|p1a: Ogerpon|Power Whip|p2a: Corviknight
|-resisted|p2a: Corviknight
|-damage|p2a: Corviknight|17/100
|-damage|p1a: Ogerpon|72/100|[from] item: Rocky Helmet|[of] p2a: Corviknight
|
|upkeep
|turn|15
|
|t:|1760367804
|move|p1a: Ogerpon|Ivy Cudgel|p2a: Corviknight|[anim] Ivy Cudgel Water
|-damage|p2a: Corviknight|0 fnt
|faint|p2a: Corviknight
|
|upkeep
|
|t:|1760367810
|switch|p2a: Rillaboom|Rillaboom, M|100/100
|-fieldstart|move: Grassy Terrain|[from] ability: Grassy Surge|[of] p2a: Rillaboom
|turn|16
|
|t:|1760367814
|switch|p1a: Scizor|Scizor, M|70/100
|-damage|p1a: Scizor|58/100|[from] Stealth Rock
|-terastallize|p2a: Rillaboom|Grass
|move|p2a: Rillaboom|Grassy Glide|p1a: Scizor
|-resisted|p1a: Scizor
|-damage|p1a: Scizor|37/100
|-enditem|p1a: Scizor|Sitrus Berry|[eat]
|-heal|p1a: Scizor|61/100|[from] item: Sitrus Berry
|
|-heal|p1a: Scizor|68/100|[from] Grassy Terrain
|upkeep
|turn|17
|
|t:|1760367831
|switch|p2a: Great Tusk|Great Tusk|83/100
|move|p1a: Scizor|U-turn|p2a: Great Tusk
|-resisted|p2a: Great Tusk
|-damage|p2a: Great Tusk|74/100
|
|t:|1760367837
|switch|p1a: Clefable|Clefable, M|44/100|[from] U-turn
|-damage|p1a: Clefable|31/100|[from] Stealth Rock
|
|-heal|p2a: Great Tusk|80/100|[from] Grassy Terrain
|-heal|p1a: Clefable|37/100|[from] Grassy Terrain
|-heal|p1a: Clefable|43/100|[from] item: Leftovers
|upkeep
|turn|18
|
|t:|1760367840
|move|p2a: Great Tusk|Headlong Rush|p1a: Clefable
|-damage|p1a: Clefable|4/100
|-unboost|p2a: Great Tusk|def|1
|-unboost|p2a: Great Tusk|spd|1
|move|p1a: Clefable|Moonblast|p2a: Great Tusk
|-supereffective|p2a: Great Tusk
|-damage|p2a: Great Tusk|5/100
|
|-heal|p2a: Great Tusk|11/100|[from] Grassy Terrain
|-heal|p1a: Clefable|10/100|[from] Grassy Terrain
|-heal|p1a: Clefable|16/100|[from] item: Leftovers
|upkeep
|turn|19
|
|t:|1760367850
|move|p2a: Great Tusk|Headlong Rush|p1a: Clefable
|-damage|p1a: Clefable|0 fnt
|-unboost|p2a: Great Tusk|def|1
|-unboost|p2a: Great Tusk|spd|1
|faint|p1a: Clefable
|
|-heal|p2a: Great Tusk|17/100|[from] Grassy Terrain
|upkeep
|
|t:|1760367855
|switch|p1a: Landorus|Landorus-Therian, M|100/100
|-damage|p1a: Landorus|88/100|[from] Stealth Rock
|-ability|p1a: Landorus|Intimidate|boost
|-unboost|p2a: Great Tusk|atk|1
|turn|20
|
|t:|1760367860
|-end|p2a: Great Tusk|Protosynthesis|[silent]
|switch|p2a: Goodra|Goodra-Hisui, F, shiny|65/100
|move|p1a: Landorus|U-turn|p2a: Goodra
|-resisted|p2a: Goodra
|-damage|p2a: Goodra|50/100
|
|t:|1760367867
|switch|p1a: Scizor|Scizor, M|68/100|[from] U-turn
|-damage|p1a: Scizor|55/100|[from] Stealth Rock
|
|-heal|p1a: Scizor|61/100|[from] Grassy Terrain
|-heal|p2a: Goodra|56/100|[from] Grassy Terrain
|-fieldend|move: Grassy Terrain
|upkeep
|turn|21
|
|t:|1760367884
|switch|p2a: Great Tusk|Great Tusk|17/100
|move|p1a: Scizor|Defog|p2a: Great Tusk
|-unboost|p2a: Great Tusk|evasion|1
|-sideend|p1: StellarSW|Stealth Rock|[from] move: Defog|[of] p1a: Scizor
|
|upkeep
|turn|22
|
|t:|1760367890
|move|p1a: Scizor|Bullet Punch|p2a: Great Tusk
|-damage|p2a: Great Tusk|0 fnt
|faint|p2a: Great Tusk
|-end|p2a: Great Tusk|Protosynthesis|[silent]
|
|upkeep
|
|t:|1760367908
|switch|p2a: Rillaboom|Rillaboom, M, tera:Grass|100/100
|-fieldstart|move: Grassy Terrain|[from] ability: Grassy Surge|[of] p2a: Rillaboom
|turn|23
|
|t:|1760367913
|move|p2a: Rillaboom|Wood Hammer|p1a: Scizor
|-resisted|p1a: Scizor
|-damage|p1a: Scizor|19/100
|-damage|p2a: Rillaboom|86/100|[from] Recoil
|move|p1a: Scizor|U-turn|p2a: Rillaboom
|-supereffective|p2a: Rillaboom
|-damage|p2a: Rillaboom|1/100
|
|t:|1760367924
|switch|p1a: Landorus|Landorus-Therian, M|88/100|[from] U-turn
|-ability|p1a: Landorus|Intimidate|boost
|-unboost|p2a: Rillaboom|atk|1
|
|-heal|p2a: Rillaboom|8/100|[from] Grassy Terrain
|upkeep
|turn|24
|
|t:|1760367928
|switch|p2a: Goodra|Goodra-Hisui, F, shiny|56/100
|move|p1a: Landorus|Earthquake|p2a: Goodra
|-supereffective|p2a: Goodra
|-damage|p2a: Goodra|0 fnt
|faint|p2a: Goodra
|
|upkeep
|
|t:|1760367932
|switch|p2a: Regidrago|Regidrago|71/100
|turn|25
|
|t:|1760367935
|-terastallize|p1a: Landorus|Ground
|move|p1a: Landorus|Earthquake|p2a: Regidrago
|-damage|p2a: Regidrago|22/100
|move|p2a: Regidrago|Draco Meteor|p1a: Landorus
|-damage|p1a: Landorus|0 fnt
|-unboost|p2a: Regidrago|spa|2
|faint|p1a: Landorus
|
|-heal|p2a: Regidrago|28/100|[from] Grassy Terrain
|upkeep
|
|t:|1760367942
|switch|p1a: Raging Bolt|Raging Bolt|100/100
|-enditem|p1a: Raging Bolt|Booster Energy
|-activate|p1a: Raging Bolt|ability: Protosynthesis|[fromitem]
|-start|p1a: Raging Bolt|protosynthesisspa
|turn|26
|
|t:|1760367946
|move|p2a: Regidrago|Draco Meteor|p1a: Raging Bolt
|-supereffective|p1a: Raging Bolt
|-damage|p1a: Raging Bolt|20/100
|-unboost|p2a: Regidrago|spa|2
|move|p1a: Raging Bolt|Calm Mind|p1a: Raging Bolt
|-boost|p1a: Raging Bolt|spa|1
|-boost|p1a: Raging Bolt|spd|1
|
|-heal|p2a: Regidrago|34/100|[from] Grassy Terrain
|-heal|p1a: Raging Bolt|26/100|[from] Grassy Terrain
|upkeep
|turn|27
|
|t:|1760367951
|move|p2a: Regidrago|Draco Meteor|p1a: Raging Bolt
|-supereffective|p1a: Raging Bolt
|-damage|p1a: Raging Bolt|0 fnt
|-unboost|p2a: Regidrago|spa|2
|faint|p1a: Raging Bolt
|-end|p1a: Raging Bolt|Protosynthesis|[silent]
|
|-heal|p2a: Regidrago|40/100|[from] Grassy Terrain
|-fieldend|move: Grassy Terrain
|upkeep
|
|t:|1760367956
|switch|p1a: Slowking|Slowking-Galar, F|63/100
|turn|28
|
|t:|1760367962
|switch|p2a: Azumarill|Azumarill, M|100/100
|move|p1a: Slowking|Sludge Bomb|p2a: Azumarill
|-supereffective|p2a: Azumarill
|-damage|p2a: Azumarill|0 fnt
|faint|p2a: Azumarill
|
|upkeep
|
|t:|1760367968
|switch|p2a: Rillaboom|Rillaboom, M, tera:Grass|8/100
|-fieldstart|move: Grassy Terrain|[from] ability: Grassy Surge|[of] p2a: Rillaboom
|turn|29
|
|t:|1760367975
|switch|p1a: Ogerpon|Ogerpon-Wellspring, F|72/100
|move|p2a: Rillaboom|Knock Off|p1a: Ogerpon
|-damage|p1a: Ogerpon|23/100
|
|-heal|p1a: Ogerpon|29/100|[from] Grassy Terrain
|-heal|p2a: Rillaboom|14/100|[from] Grassy Terrain
|upkeep
|turn|30
|
|t:|1760367981
|move|p1a: Ogerpon|Ivy Cudgel|p2a: Rillaboom|[anim] Ivy Cudgel Water
|-resisted|p2a: Rillaboom
|-damage|p2a: Rillaboom|0 fnt
|faint|p2a: Rillaboom
|
|-heal|p1a: Ogerpon|35/100|[from] Grassy Terrain
|upkeep
|
|t:|1760367982
|switch|p2a: Regidrago|Regidrago|40/100
|turn|31
|inactive|Battle timer is ON: inactive players will automatically lose when time's up. (requested by StellarSW)
|inactive|killer07 has 120 seconds left.
|inactive|killer07 has 90 seconds left.
|inactive|killer07 has 60 seconds left.
|inactive|killer07 has 30 seconds left.
|inactive|killer07 has 20 seconds left.
|inactive|killer07 has 15 seconds left.
|inactive|killer07 has 10 seconds left.
|inactive|killer07 has 5 seconds left.
|-message|killer07 lost due to inactivity.
|
|win|StellarSW
|raw|StellarSW's rating: 1402 &rarr; <strong>1425</strong><br />(+23 for winning)
|raw|killer07's rating: 1451 &rarr; <strong>1428</strong><br />(-23 for losing)
