|j|☆undertalethemovie
|j|☆andrewm0n
|t:|1760416863
|gametype|singles
|player|p1|undertalethemovie|n|1427
|player|p2|andrewm0n|swimmerf|1404
|gen|9
|tier|[Gen 9] OU
|rated|
|rule|HP Percentage Mod: HP is shown in percentages
|rule|Endless Battle Clause: Forcing endless battles is banned
|rule|Species Clause: Limit one of each Pokémon
|rule|OHKO Clause: OHKO moves are banned
|rule|Evasion Items Clause: Evasion items are banned
|rule|Evasion Moves Clause: Evasion moves are banned
|rule|Evasion Abilities Clause: Evasion abilities are banned
|rule|Sleep Moves Clause: Sleep-inducing moves are banned
|clearpoke
|poke|p1|Clodsire, F|
|poke|p1|Ogerpon-Wellspring, F|
|poke|p1|Zoroark-Hisui, F|
|poke|p1|Zamazenta-*|
|poke|p1|Cinderace, F|
|poke|p1|Deoxys-Speed|
|poke|p2|Skeledirge, M|
|poke|p2|Glimmora, F|
|poke|p2|Alomomola, F|
|poke|p2|Ursaluna, M|
|poke|p2|Kommo-o, F|
|poke|p2|Meowscarada, M|
|teampreview
|
|t:|1760416871
|teamsize|p1|6
|teamsize|p2|6
|start
|switch|p1a: The Writer|Ogerpon-Wellspring, F|100/100
|switch|p2a: Meowscarada|Meowscarada, M, shiny|100/100
|turn|1
|inactive|Battle timer is ON: inactive players will automatically lose when time's up. (requested by undertalethemovie)
|
|t:|1760416878
|switch|p1a: Ingerland|Cinderace, F|100/100
|move|p2a: Meowscarada|U-turn|p1a: Ingerland
|-start|p2a: Meowscarada|typechange|Bug|[from] ability: Protean
|-resisted|p1a: Ingerland
|-damage|p1a: Ingerland|68/100
|
|t:|1760416885
|switch|p2a: Skeledirge|Skeledirge, M, shiny|100/100|[from] U-turn
|
|upkeep
|turn|2
|
|t:|1760416887
|move|p1a: Ingerland|Gunk Shot|p2a: Skeledirge
|-start|p1a: Ingerland|typechange|Poison|[from] ability: Libero
|-resisted|p2a: Skeledirge
|-damage|p2a: Skeledirge|82/100
|move|p2a: Skeledirge|Will-O-Wisp|p1a: Ingerland
|-status|p1a: Ingerland|brn
|
|-damage|p1a: Ingerland|62/100 brn|[from] brn
|upkeep
|turn|3
|
|t:|1760416894
|move|p1a: Ingerland|Gunk Shot|p2a: Skeledirge
|-resisted|p2a: Skeledirge
|-damage|p2a: Skeledirge|72/100
|move|p2a: Skeledirge|Torch Song|p1a: Ingerland
|-damage|p1a: Ingerland|18/100 brn
|-boost|p2a: Skeledirge|spa|1
|
|-damage|p1a: Ingerland|12/100 brn|[from] brn
|upkeep
|turn|4
|
|t:|1760416899
|move|p1a: Ingerland|Gunk Shot|p2a: Skeledirge|[miss]
|-miss|p1a: Ingerland|p2a: Skeledirge
|move|p2a: Skeledirge|Torch Song|p1a: Ingerland
|-damage|p1a: Ingerland|0 fnt
|-boost|p2a: Skeledirge|spa|1
|faint|p1a: Ingerland
|
|upkeep
|
|t:|1760416902
|switch|p1a: Mumbo|Clodsire, F|100/100
|-item|p1a: Mumbo|Air Balloon
|turn|5
|
|t:|1760416912
|switch|p2a: Glimmora|Glimmora, F, shiny|100/100
|move|p1a: Mumbo|Toxic Spikes|p2a: Glimmora
|-sidestart|p2: andrewm0n|move: Toxic Spikes
|
|upkeep
|turn|6
|
|t:|1760416917
|move|p2a: Glimmora|Stealth Rock|p1a: Mumbo
|-sidestart|p1: undertalethemovie|move: Stealth Rock
|move|p1a: Mumbo|Toxic Spikes|p2a: Glimmora
|-sidestart|p2: andrewm0n|move: Toxic Spikes
|
|upkeep
|turn|7
|
|t:|1760416919
|switch|p1a: Minami Torishima|Deoxys-Speed|100/100
|-damage|p1a: Minami Torishima|88/100|[from] Stealth Rock
|-ability|p1a: Minami Torishima|Pressure
|move|p2a: Glimmora|Mortal Spin|p1a: Minami Torishima
|-damage|p1a: Minami Torishima|79/100
|-status|p1a: Minami Torishima|psn
|-sideend|p2: andrewm0n|Toxic Spikes|[from] move: Mortal Spin|[of] p2a: Glimmora
|
|-damage|p1a: Minami Torishima|66/100 psn|[from] psn
|upkeep
|turn|8
|
|t:|1760416926
|switch|p2a: Alomomola|Alomomola, F, shiny|100/100
|move|p1a: Minami Torishima|Ice Beam|p2a: Alomomola
|-resisted|p2a: Alomomola
|-damage|p2a: Alomomola|85/100
|
|-damage|p1a: Minami Torishima|54/100 psn|[from] psn
|upkeep
|turn|9
|
|t:|1760416930
|switch|p1a: The Writer|Ogerpon-Wellspring, F|100/100
|-damage|p1a: The Writer|88/100|[from] Stealth Rock
|move|p2a: Alomomola|Flip Turn|p1a: The Writer
|-heal|p1a: The Writer|100/100|[from] ability: Water Absorb|[of] p2a: Alomomola
|
|upkeep
|turn|10
|
|t:|1760416935
|switch|p2a: Meowscarada|Meowscarada, M, shiny|100/100
|move|p1a: The Writer|Horn Leech|p2a: Meowscarada
|-resisted|p2a: Meowscarada
|-damage|p2a: Meowscarada|67/100
|
|upkeep
|turn|11
|
|t:|1760416940
|switch|p1a: Pokemon Shield|Zamazenta|100/100
|-damage|p1a: Pokemon Shield|94/100|[from] Stealth Rock
|-ability|p1a: Pokemon Shield|Dauntless Shield|boost
|-boost|p1a: Pokemon Shield|def|1
|move|p2a: Meowscarada|U-turn|p1a: Pokemon Shield
|-start|p2a: Meowscarada|typechange|Bug|[from] ability: Protean
|-resisted|p1a: Pokemon Shield
|-damage|p1a: Pokemon Shield|78/100
|
|t:|1760416946
|switch|p2a: Skeledirge|Skeledirge, M, shiny|72/100|[from] U-turn
|
|-heal|p1a: Pokemon Shield|84/100|[from] item: Leftovers
|upkeep
|turn|12
|
|t:|1760416948
|move|p1a: Pokemon Shield|Crunch|p2a: Skeledirge
|-supereffective|p2a: Skeledirge
|-damage|p2a: Skeledirge|32/100
|-unboost|p2a: Skeledirge|def|1
|move|p2a: Skeledirge|Will-O-Wisp|p1a: Pokemon Shield
|-status|p1a: Pokemon Shield|brn
|
|-heal|p1a: Pokemon Shield|90/100 brn|[from] item: Leftovers
|-damage|p1a: Pokemon Shield|84/100 brn|[from] brn
|upkeep
|turn|13
|
|t:|1760416954
|switch|p2a: Alomomola|Alomomola, F, shiny|100/100
|move|p1a: Pokemon Shield|Close Combat|p2a: Alomomola
|-damage|p2a: Alomomola|75/100
|-unboost|p1a: Pokemon Shield|def|1
|-unboost|p1a: Pokemon Shield|spd|1
|
|-heal|p1a: Pokemon Shield|90/100 brn|[from] item: Leftovers
|-damage|p1a: Pokemon Shield|84/100 brn|[from] brn
|upkeep
|turn|14
|
|t:|1760416957
|move|p1a: Pokemon Shield|Wild Charge|p2a: Alomomola
|-supereffective|p2a: Alomomola
|-damage|p2a: Alomomola|50/100
|-damage|p1a: Pokemon Shield|74/100 brn|[from] Recoil
|move|p2a: Alomomola|Flip Turn|p1a: Pokemon Shield
|-damage|p1a: Pokemon Shield|60/100 brn
|
|t:|1760416969
|switch|p2a: Skeledirge|Skeledirge, M, shiny|32/100|[from] Flip Turn
|
|-heal|p1a: Pokemon Shield|66/100 brn|[from] item: Leftovers
|-damage|p1a: Pokemon Shield|60/100 brn|[from] brn
|upkeep
|turn|15
|
|t:|1760416970
|move|p1a: Pokemon Shield|Crunch|p2a: Skeledirge
|-supereffective|p2a: Skeledirge
|-damage|p2a: Skeledirge|14/100
|move|p2a: Skeledirge|Slack Off|p2a: Skeledirge
|-heal|p2a: Skeledirge|64/100
|
|-heal|p1a: Pokemon Shield|66/100 brn|[from] item: Leftovers
|-damage|p1a: Pokemon Shield|60/100 brn|[from] brn
|upkeep
|turn|16
|
|t:|1760416975
|move|p1a: Pokemon Shield|Crunch|p2a: Skeledirge
|-supereffective|p2a: Skeledirge
|-damage|p2a: Skeledirge|45/100
|-unboost|p2a: Skeledirge|def|1
|move|p2a: Skeledirge|Slack Off|p2a: Skeledirge
|-heal|p2a: Skeledirge|95/100
|
|-heal|p1a: Pokemon Shield|66/100 brn|[from] item: Leftovers
|-damage|p1a: Pokemon Shield|60/100 brn|[from] brn
|upkeep
|turn|17
|
|t:|1760416983
|switch|p2a: Alomomola|Alomomola, F, shiny|83/100
|move|p1a: Pokemon Shield|Crunch|p2a: Alomomola
|-damage|p2a: Alomomola|72/100
|
|-heal|p1a: Pokemon Shield|66/100 brn|[from] item: Leftovers
|-damage|p1a: Pokemon Shield|60/100 brn|[from] brn
|upkeep
|turn|18
|
|t:|1760416986
|move|p1a: Pokemon Shield|Wild Charge|p2a: Alomomola
|-supereffective|p2a: Alomomola
|-damage|p2a: Alomomola|50/100
|-damage|p1a: Pokemon Shield|51/100 brn|[from] Recoil
|move|p2a: Alomomola|Flip Turn|p1a: Pokemon Shield
|-damage|p1a: Pokemon Shield|36/100 brn
|
|t:|1760416988
|switch|p2a: Kommo-o|Kommo-o, F, shiny|100/100|[from] Flip Turn
|
|-heal|p1a: Pokemon Shield|42/100 brn|[from] item: Leftovers
|-damage|p1a: Pokemon Shield|36/100 brn|[from] brn
|upkeep
|turn|19
|
|t:|1760416990
|move|p1a: Pokemon Shield|Close Combat|p2a: Kommo-o
|-damage|p2a: Kommo-o|70/100
|-unboost|p1a: Pokemon Shield|def|1
|-unboost|p1a: Pokemon Shield|spd|1
|move|p2a: Kommo-o|Clangorous Soul|p2a: Kommo-o
|-boost|p2a: Kommo-o|atk|1
|-boost|p2a: Kommo-o|def|1
|-boost|p2a: Kommo-o|spa|1
|-boost|p2a: Kommo-o|spd|1
|-boost|p2a: Kommo-o|spe|1
|-damage|p2a: Kommo-o|37/100
|
|-heal|p2a: Kommo-o|43/100|[from] item: Leftovers
|-heal|p1a: Pokemon Shield|42/100 brn|[from] item: Leftovers
|-damage|p1a: Pokemon Shield|36/100 brn|[from] brn
|upkeep
|turn|20
|
|t:|1760416993
|move|p2a: Kommo-o|Drain Punch|p1a: Pokemon Shield
|-damage|p1a: Pokemon Shield|0 fnt
|-heal|p2a: Kommo-o|63/100|[from] drain|[of] p1a: Pokemon Shield
|faint|p1a: Pokemon Shield
|
|-heal|p2a: Kommo-o|69/100|[from] item: Leftovers
|upkeep
|
|t:|1760416995
|switch|p1a: Minami Torishima|Deoxys-Speed|54/100 psn
|-damage|p1a: Minami Torishima|42/100 psn|[from] Stealth Rock
|-ability|p1a: Minami Torishima|Pressure
|turn|21
|
|t:|1760417004
|switch|p2a: Alomomola|Alomomola, F, shiny|83/100
|move|p1a: Minami Torishima|Ice Beam|p2a: Alomomola
|-resisted|p2a: Alomomola
|-damage|p2a: Alomomola|69/100
|
|-damage|p1a: Minami Torishima|29/100 psn|[from] psn
|upkeep
|turn|22
|
|t:|1760417006
|switch|p1a: The Writer|Ogerpon-Wellspring, F|100/100
|-damage|p1a: The Writer|88/100|[from] Stealth Rock
|move|p2a: Alomomola|Flip Turn|p1a: The Writer
|-heal|p1a: The Writer|100/100|[from] ability: Water Absorb|[of] p2a: Alomomola
|
|upkeep
|turn|23
|
|t:|1760417014
|switch|p2a: Kommo-o|Kommo-o, F, shiny|69/100
|move|p1a: The Writer|U-turn|p2a: Kommo-o
|-resisted|p2a: Kommo-o
|-damage|p2a: Kommo-o|57/100
|
|t:|1760417016
|switch|p1a: Minami Torishima|Deoxys-Speed|29/100 psn|[from] U-turn
|-damage|p1a: Minami Torishima|17/100 psn|[from] Stealth Rock
|-ability|p1a: Minami Torishima|Pressure
|
|-heal|p2a: Kommo-o|63/100|[from] item: Leftovers
|-damage|p1a: Minami Torishima|4/100 psn|[from] psn
|upkeep
|turn|24
|
|t:|1760417019
|switch|p2a: Alomomola|Alomomola, F, shiny|100/100
|move|p1a: Minami Torishima|Psycho Boost|p2a: Alomomola|[miss]
|-miss|p1a: Minami Torishima|p2a: Alomomola
|
|-damage|p1a: Minami Torishima|0 fnt|[from] psn
|faint|p1a: Minami Torishima
|upkeep
|
|t:|1760417022
|switch|p1a: Mumbo|Clodsire, F|100/100
|-damage|p1a: Mumbo|88/100|[from] Stealth Rock
|-item|p1a: Mumbo|Air Balloon
|turn|25
|
|t:|1760417027
|move|p1a: Mumbo|Will-O-Wisp|p2a: Alomomola
|-status|p2a: Alomomola|brn
|move|p2a: Alomomola|Flip Turn|p1a: Mumbo
|-damage|p1a: Mumbo|73/100
|replace|p1a: Count St. Germain|Zoroark-Hisui, F, shiny
|-end|p1a: Count St. Germain|Illusion
|-enditem|p1a: Count St. Germain|Air Balloon
|
|t:|1760417034
|switch|p2a: Meowscarada|Meowscarada, M, shiny|67/100|[from] Flip Turn
|
|upkeep
|turn|26
|
|t:|1760417037
|-terastallize|p1a: Count St. Germain|Fairy
|move|p2a: Meowscarada|Knock Off|p1a: Count St. Germain
|-start|p2a: Meowscarada|typechange|Dark|[from] ability: Protean
|-resisted|p1a: Count St. Germain
|-damage|p1a: Count St. Germain|23/100
|move|p1a: Count St. Germain|Will-O-Wisp|p2a: Meowscarada
|-status|p2a: Meowscarada|brn
|
|-damage|p2a: Meowscarada|61/100 brn|[from] brn
|upkeep
|turn|27
|
|t:|1760417041
|move|p2a: Meowscarada|Knock Off|p1a: Count St. Germain
|-resisted|p1a: Count St. Germain
|-damage|p1a: Count St. Germain|1/100
|move|p1a: Count St. Germain|Hex|p2a: Meowscarada
|-resisted|p2a: Meowscarada
|-crit|p2a: Meowscarada
|-damage|p2a: Meowscarada|0 fnt
|faint|p2a: Meowscarada
|
|upkeep
|
|t:|1760417047
|switch|p2a: Alomomola|Alomomola, F, shiny|100/100 brn
|turn|28
|
|t:|1760417050
|move|p1a: Count St. Germain|Hex|p2a: Alomomola
|-damage|p2a: Alomomola|53/100 brn
|move|p2a: Alomomola|Flip Turn|p1a: Count St. Germain
|-damage|p1a: Count St. Germain|0 fnt
|faint|p1a: Count St. Germain
|
|t:|1760417058
|switch|p2a: Kommo-o|Kommo-o, F, shiny|63/100|[from] Flip Turn
|
|-heal|p2a: Kommo-o|69/100|[from] item: Leftovers
|upkeep
|
|t:|1760417061
|switch|p1a: Mumbo|Clodsire, F|100/100
|-damage|p1a: Mumbo|94/100|[from] Stealth Rock
|-item|p1a: Mumbo|Air Balloon
|turn|29
|
|t:|1760417065
|switch|p2a: Glimmora|Glimmora, F, shiny|100/100
|move|p1a: Mumbo|Toxic|p2a: Glimmora
|-immune|p2a: Glimmora
|
|upkeep
|turn|30
|
|t:|1760417068
|switch|p2a: Ursaluna|Ursaluna, M, shiny|100/100
|move|p1a: Mumbo|Earthquake|p2a: Ursaluna
|-damage|p2a: Ursaluna|76/100
|
|-status|p2a: Ursaluna|brn|[from] item: Flame Orb
|upkeep
|turn|31
|
|t:|1760417071
|move|p2a: Ursaluna|Facade|p1a: Mumbo
|-damage|p1a: Mumbo|0 fnt
|-enditem|p1a: Mumbo|Air Balloon
|faint|p1a: Mumbo
|
|-damage|p2a: Ursaluna|70/100 brn|[from] brn
|upkeep
|
|t:|1760417073
|switch|p1a: The Writer|Ogerpon-Wellspring, F|100/100
|-damage|p1a: The Writer|88/100|[from] Stealth Rock
|turn|32
|
|t:|1760417089
|move|p1a: The Writer|Ivy Cudgel|p2a: Ursaluna|[anim] Ivy Cudgel Water
|-supereffective|p2a: Ursaluna
|-damage|p2a: Ursaluna|0 fnt
|faint|p2a: Ursaluna
|
|upkeep
|
|t:|1760417091
|switch|p2a: Skeledirge|Skeledirge, M, shiny|95/100
|turn|33
|
|t:|1760417093
|-terastallize|p2a: Skeledirge|Water
|move|p1a: The Writer|Ivy Cudgel|p2a: Skeledirge|[anim] Ivy Cudgel Water
|-resisted|p2a: Skeledirge
|-damage|p2a: Skeledirge|77/100
|move|p2a: Skeledirge|Will-O-Wisp|p1a: The Writer
|-status|p1a: The Writer|brn
|
|-damage|p1a: The Writer|82/100 brn|[from] brn
|upkeep
|turn|34
|-message|undertalethemovie forfeited.
|
|win|andrewm0n
|raw|undertalethemovie's rating: 1427 &rarr; <strong>1406</strong><br />(-21 for losing)
|raw|andrewm0n's rating: 1404 &rarr; <strong>1425</strong><br />(+21 for winning)
|l|☆undertalethemovie
|player|p1|
|l|☆andrewm0n
|player|p2|
