|j|☆smogonules
|j|☆Pyrax69
|t:|1760446975
|gametype|singles
|player|p1|smogonules|266|1451
|player|p2|Pyrax69|cynthia-gen4|1471
|gen|9
|tier|[Gen 9] OU
|rated|
|rule|HP Percentage Mod: HP is shown in percentages
|rule|Endless Battle Clause: Forcing endless battles is banned
|rule|Species Clause: Limit one of each Pokémon
|rule|OHKO Clause: OHKO moves are banned
|rule|Evasion Items Clause: Evasion items are banned
|rule|Evasion Moves Clause: Evasion moves are banned
|rule|Evasion Abilities Clause: Evasion abilities are banned
|rule|Sleep Moves Clause: Sleep-inducing moves are banned
|clearpoke
|poke|p1|Jirachi|
|poke|p1|Great Tusk|
|poke|p1|Latios, M|
|poke|p1|Gardevoir, F|
|poke|p1|Polteageist|
|poke|p1|Crawdaunt, F|
|poke|p2|Iron Valiant|
|poke|p2|Gholdengo|
|poke|p2|Great Tusk|
|poke|p2|Raging Bolt|
|poke|p2|Volcanion|
|poke|p2|Weavile, M|
|teampreview
|
|t:|1760446993
|teamsize|p1|6
|teamsize|p2|6
|start
|switch|p1a: Chamomile|Jirachi|100/100
|switch|p2a: Volcanion|Volcanion|100/100
|turn|1
|inactive|Battle timer is ON: inactive players will automatically lose when time's up. (requested by Pyrax69)
|
|t:|1760447010
|move|p1a: Chamomile|Thunder Wave|p2a: Volcanion
|-status|p2a: Volcanion|par
|move|p2a: Volcanion|Steam Eruption|p1a: Chamomile
|-damage|p1a: Chamomile|13/100
|
|upkeep
|turn|2
|
|t:|1760447018
|switch|p2a: Great Tusk|Great Tusk|100/100
|move|p1a: Chamomile|Stealth Rock|p2a: Great Tusk
|-sidestart|p2: Pyrax69|move: Stealth Rock
|
|upkeep
|turn|3
|
|t:|1760447026
|switch|p1a: Biscuit|Polteageist|100/100
|move|p2a: Great Tusk|Stealth Rock|p1a: Biscuit
|-sidestart|p1: smogonules|move: Stealth Rock
|
|upkeep
|turn|4
|
|t:|1760447032
|move|p2a: Great Tusk|Headlong Rush|p1a: Biscuit
|-enditem|p1a: Biscuit|Focus Sash
|-damage|p1a: Biscuit|1/100
|-unboost|p2a: Great Tusk|def|1
|-unboost|p2a: Great Tusk|spd|1
|-ability|p1a: Biscuit|Weak Armor|boost
|-unboost|p1a: Biscuit|def|1
|-boost|p1a: Biscuit|spe|2
|move|p1a: Biscuit|Shell Smash|p1a: Biscuit
|-unboost|p1a: Biscuit|def|1
|-unboost|p1a: Biscuit|spd|1
|-boost|p1a: Biscuit|atk|2
|-boost|p1a: Biscuit|spa|2
|-boost|p1a: Biscuit|spe|2
|
|upkeep
|turn|5
|
|t:|1760447046
|move|p1a: Biscuit|Shadow Ball|p2a: Great Tusk
|-crit|p2a: Great Tusk
|-damage|p2a: Great Tusk|0 fnt
|faint|p2a: Great Tusk
|-end|p2a: Great Tusk|Protosynthesis|[silent]
|
|upkeep
|
|t:|1760447052
|switch|p2a: Weavile|Weavile, M|100/100
|-ability|p2a: Weavile|Pressure
|turn|6
|
|t:|1760447057
|move|p2a: Weavile|Ice Shard|p1a: Biscuit
|-damage|p1a: Biscuit|0 fnt
|faint|p1a: Biscuit
|
|upkeep
|
|t:|1760447064
|switch|p1a: Spud|Great Tusk|100/100
|turn|7
|
|t:|1760447087
|switch|p2a: Gholdengo|Gholdengo|100/100
|-damage|p2a: Gholdengo|94/100|[from] Stealth Rock
|move|p1a: Spud|Rapid Spin|p2a: Gholdengo
|-immune|p2a: Gholdengo
|
|upkeep
|turn|8
|
|t:|1760447095
|move|p2a: Gholdengo|Trick|p1a: Spud
|-activate|p2a: Gholdengo|move: Trick|[of] p1a: Spud
|-item|p1a: Spud|Choice Scarf|[from] move: Trick
|-item|p2a: Gholdengo|Heavy-Duty Boots|[from] move: Trick
|move|p1a: Spud|Earthquake|p2a: Gholdengo
|-supereffective|p2a: Gholdengo
|-damage|p2a: Gholdengo|0 fnt
|faint|p2a: Gholdengo
|
|upkeep
|
|t:|1760447104
|switch|p2a: Iron Valiant|Iron Valiant|100/100
|-damage|p2a: Iron Valiant|94/100|[from] Stealth Rock
|-enditem|p2a: Iron Valiant|Booster Energy
|-activate|p2a: Iron Valiant|ability: Quark Drive|[fromitem]
|-start|p2a: Iron Valiant|quarkdrivespe
|turn|9
|
|t:|1760447111
|-end|p1a: Spud|Protosynthesis|[silent]
|switch|p1a: Chamomile|Jirachi|13/100
|-damage|p1a: Chamomile|7/100|[from] Stealth Rock
|move|p2a: Iron Valiant|Swords Dance|p2a: Iron Valiant
|-boost|p2a: Iron Valiant|atk|2
|
|upkeep
|turn|10
|
|t:|1760447118
|move|p2a: Iron Valiant|Knock Off|p1a: Chamomile
|-supereffective|p1a: Chamomile
|-damage|p1a: Chamomile|0 fnt
|-enditem|p1a: Chamomile|Focus Sash|[from] move: Knock Off|[of] p2a: Iron Valiant
|faint|p1a: Chamomile
|
|upkeep
|
|t:|1760447125
|switch|p1a: Spud|Great Tusk|100/100
|-damage|p1a: Spud|98/100|[from] Stealth Rock
|turn|11
|
|t:|1760447132
|-terastallize|p1a: Spud|Poison
|move|p2a: Iron Valiant|Moonblast|p1a: Spud
|-resisted|p1a: Spud
|-damage|p1a: Spud|71/100
|move|p1a: Spud|Rapid Spin|p2a: Iron Valiant
|-damage|p2a: Iron Valiant|71/100
|-boost|p1a: Spud|spe|1
|-sideend|p1: smogonules|Stealth Rock|[from] move: Rapid Spin|[of] p1a: Spud
|
|upkeep
|turn|12
|
|t:|1760447144
|move|p1a: Spud|Rapid Spin|p2a: Iron Valiant
|-damage|p2a: Iron Valiant|50/100
|-boost|p1a: Spud|spe|1
|move|p2a: Iron Valiant|Close Combat|p1a: Spud
|-resisted|p1a: Spud
|-damage|p1a: Spud|27/100
|-unboost|p2a: Iron Valiant|def|1
|-unboost|p2a: Iron Valiant|spd|1
|
|upkeep
|turn|13
|
|t:|1760447154
|move|p1a: Spud|Rapid Spin|p2a: Iron Valiant
|-damage|p2a: Iron Valiant|17/100
|-boost|p1a: Spud|spe|1
|move|p2a: Iron Valiant|Knock Off|p1a: Spud
|-damage|p1a: Spud|0 fnt
|-enditem|p1a: Spud|Choice Scarf|[from] move: Knock Off|[of] p2a: Iron Valiant
|faint|p1a: Spud
|-end|p1a: Spud|Protosynthesis|[silent]
|
|upkeep
|
|t:|1760447156
|switch|p1a: Scampi|Crawdaunt, F|100/100
|turn|14
|
|t:|1760447166
|move|p1a: Scampi|Aqua Jet|p2a: Iron Valiant
|-damage|p2a: Iron Valiant|0 fnt
|faint|p2a: Iron Valiant
|-end|p2a: Iron Valiant|Quark Drive|[silent]
|-damage|p1a: Scampi|91/100|[from] item: Life Orb
|
|upkeep
|
|t:|1760447174
|switch|p2a: Raging Bolt|Raging Bolt|100/100
|-damage|p2a: Raging Bolt|88/100|[from] Stealth Rock
|-enditem|p2a: Raging Bolt|Booster Energy
|-activate|p2a: Raging Bolt|ability: Protosynthesis|[fromitem]
|-start|p2a: Raging Bolt|protosynthesisspa
|turn|15
|
|t:|1760447180
|move|p2a: Raging Bolt|Thunderbolt|p1a: Scampi
|-supereffective|p1a: Scampi
|-damage|p1a: Scampi|0 fnt
|faint|p1a: Scampi
|
|upkeep
|
|t:|1760447183
|switch|p1a: Syrup|Latios, M|100/100
|turn|16
|
|t:|1760447189
|-terastallize|p2a: Raging Bolt|Fairy
|move|p1a: Syrup|Simple Beam|p2a: Raging Bolt
|-end|p2a: Raging Bolt|Protosynthesis|[silent]
|-ability|p2a: Raging Bolt|Simple|Protosynthesis|[from] move: Simple Beam
|move|p2a: Raging Bolt|Dragon Pulse|p1a: Syrup
|-supereffective|p1a: Syrup
|-damage|p1a: Syrup|0 fnt
|faint|p1a: Syrup
|
|upkeep
|
|t:|1760447190
|switch|p1a: Cucumber|Gardevoir, F|100/100
|-ability|p1a: Cucumber|Simple|Trace|[from] ability: Trace|[of] p2a: Raging Bolt
|turn|17
|
|t:|1760447204
|move|p1a: Cucumber|Calm Mind|p1a: Cucumber
|-boost|p1a: Cucumber|spa|2
|-boost|p1a: Cucumber|spd|2
|move|p2a: Raging Bolt|Thunderbolt|p1a: Cucumber
|-damage|p1a: Cucumber|78/100
|
|upkeep
|turn|18
|
|t:|1760447221
|move|p1a: Cucumber|Substitute|p1a: Cucumber
|-start|p1a: Cucumber|Substitute
|-damage|p1a: Cucumber|53/100
|move|p2a: Raging Bolt|Thunderbolt|p1a: Cucumber
|-activate|p1a: Cucumber|move: Substitute|[damage]
|
|upkeep
|turn|19
|
|t:|1760447229
|move|p1a: Cucumber|Calm Mind|p1a: Cucumber
|-boost|p1a: Cucumber|spa|2
|-boost|p1a: Cucumber|spd|2
|move|p2a: Raging Bolt|Thunderbolt|p1a: Cucumber
|-end|p1a: Cucumber|Substitute
|
|upkeep
|turn|20
|
|t:|1760447237
|move|p1a: Cucumber|Substitute|p1a: Cucumber
|-start|p1a: Cucumber|Substitute
|-damage|p1a: Cucumber|28/100
|move|p2a: Raging Bolt|Thunderbolt|p1a: Cucumber
|-activate|p1a: Cucumber|move: Substitute|[damage]
|
|upkeep
|turn|21
|
|t:|1760447243
|move|p1a: Cucumber|Calm Mind|p1a: Cucumber
|-boost|p1a: Cucumber|spa|2
|-boost|p1a: Cucumber|spd|2
|move|p2a: Raging Bolt|Thunderbolt|p1a: Cucumber
|-end|p1a: Cucumber|Substitute
|
|upkeep
|turn|22
|
|t:|1760447251
|move|p1a: Cucumber|Substitute|p1a: Cucumber
|-start|p1a: Cucumber|Substitute
|-damage|p1a: Cucumber|3/100
|-enditem|p1a: Cucumber|Salac Berry|[eat]
|-boost|p1a: Cucumber|spe|2|[from] item: Salac Berry
|move|p2a: Raging Bolt|Thunderbolt|p1a: Cucumber
|-activate|p1a: Cucumber|move: Substitute|[damage]
|
|upkeep
|turn|23
|
|t:|1760447259
|move|p2a: Raging Bolt|Thunderclap|p1a: Cucumber
|-activate|p1a: Cucumber|move: Substitute|[damage]
|move|p1a: Cucumber|Draining Kiss|p2a: Raging Bolt
|-damage|p2a: Raging Bolt|10/100
|-heal|p1a: Cucumber|76/100|[from] drain|[of] p2a: Raging Bolt
|
|upkeep
|turn|24
|-message|Pyrax69 forfeited.
|
|win|smogonules
|raw|smogonules's rating: 1451 &rarr; <strong>1472</strong><br />(+21 for winning)
|raw|Pyrax69's rating: 1471 &rarr; <strong>1450</strong><br />(-21 for losing)
|l|☆Pyrax69
|player|p2|
|l|☆smogonules
|player|p1|
