|j|☆NotSyn
|j|☆SemperMamba
|t:|1760446061
|gametype|singles
|player|p1|NotSyn|caitlin|1323
|player|p2|SemperMamba|blackbelt-gen4dp|1277
|gen|9
|tier|[Gen 9] OU
|rated|
|rule|HP Percentage Mod: HP is shown in percentages
|rule|Endless Battle Clause: Forcing endless battles is banned
|rule|Species Clause: Limit one of each Pokémon
|rule|OHKO Clause: OHKO moves are banned
|rule|Evasion Items Clause: Evasion items are banned
|rule|Evasion Moves Clause: Evasion moves are banned
|rule|Evasion Abilities Clause: Evasion abilities are banned
|rule|Sleep Moves Clause: Sleep-inducing moves are banned
|clearpoke
|poke|p1|Lokix, F|
|poke|p1|Iron Crown|
|poke|p1|Gliscor, M|
|poke|p1|Garganacl, F|
|poke|p1|Pecharunt|
|poke|p1|Cinderace, F|
|poke|p2|Meowscarada, F|
|poke|p2|Moltres|
|poke|p2|Blissey, F|
|poke|p2|Landorus-Therian, M|
|poke|p2|Iron Treads|
|poke|p2|Azumarill, F|
|teampreview
|
|t:|1760446080
|teamsize|p1|6
|teamsize|p2|6
|start
|switch|p1a: Gliscor|Gliscor, M|100/100
|switch|p2a: Iron Treads|Iron Treads|100/100
|turn|1
|
|t:|1760446099
|move|p1a: Gliscor|Protect|p1a: Gliscor
|-singleturn|p1a: Gliscor|Protect
|move|p2a: Iron Treads|Knock Off|p1a: Gliscor
|-activate|p1a: Gliscor|move: Protect
|
|-status|p1a: Gliscor|tox|[from] item: Toxic Orb
|upkeep
|turn|2
|
|t:|1760446108
|move|p2a: Iron Treads|Ice Spinner|p1a: Gliscor
|-supereffective|p1a: Gliscor
|-damage|p1a: Gliscor|32/100 tox
|move|p1a: Gliscor|Earthquake|p2a: Iron Treads
|-supereffective|p2a: Iron Treads
|-damage|p2a: Iron Treads|34/100
|
|-heal|p1a: Gliscor|44/100 tox|[from] ability: Poison Heal
|upkeep
|turn|3
|
|t:|1760446121
|move|p1a: Gliscor|Protect|p1a: Gliscor
|-singleturn|p1a: Gliscor|Protect
|move|p2a: Iron Treads|Rapid Spin|p1a: Gliscor
|-activate|p1a: Gliscor|move: Protect
|
|-heal|p1a: Gliscor|57/100 tox|[from] ability: Poison Heal
|upkeep
|turn|4
|
|t:|1760446145
|-end|p2a: Iron Treads|Quark Drive|[silent]
|switch|p2a: Moltres|Moltres|100/100
|move|p1a: Gliscor|Earthquake|p2a: Moltres
|-immune|p2a: Moltres
|
|-heal|p1a: Gliscor|69/100 tox|[from] ability: Poison Heal
|upkeep
|turn|5
|
|t:|1760446151
|move|p1a: Gliscor|Facade|p2a: Moltres
|-damage|p2a: Moltres|70/100
|move|p2a: Moltres|Roar|p1a: Gliscor
|drag|p1a: Iron Crown|Iron Crown|100/100
|
|upkeep
|turn|6
|
|t:|1760446164
|switch|p2a: Landorus|Landorus-Therian, M|100/100
|-ability|p2a: Landorus|Intimidate|boost
|-unboost|p1a: Iron Crown|atk|1
|move|p1a: Iron Crown|Volt Switch|p2a: Landorus
|-immune|p2a: Landorus
|
|upkeep
|turn|7
|
|t:|1760446174
|-end|p1a: Iron Crown|Quark Drive|[silent]
|switch|p1a: Gliscor|Gliscor, M|69/100 tox
|move|p2a: Landorus|U-turn|p1a: Gliscor
|-resisted|p1a: Gliscor
|-damage|p1a: Gliscor|59/100 tox
|
|t:|1760446190
|switch|p2a: Iron Treads|Iron Treads|34/100|[from] U-turn
|
|-heal|p1a: Gliscor|72/100 tox|[from] ability: Poison Heal
|upkeep
|turn|8
|
|t:|1760446196
|move|p2a: Iron Treads|Knock Off|p1a: Gliscor
|-damage|p1a: Gliscor|50/100 tox
|-enditem|p1a: Gliscor|Toxic Orb|[from] move: Knock Off|[of] p2a: Iron Treads
|move|p1a: Gliscor|Earthquake|p2a: Iron Treads
|-supereffective|p2a: Iron Treads
|-damage|p2a: Iron Treads|0 fnt
|faint|p2a: Iron Treads
|-end|p2a: Iron Treads|Quark Drive|[silent]
|
|-heal|p1a: Gliscor|62/100 tox|[from] ability: Poison Heal
|upkeep
|
|t:|1760446203
|switch|p2a: Meowscarada|Meowscarada, F|100/100
|turn|9
|
|t:|1760446211
|switch|p1a: Garganacl|Garganacl, F|100/100
|move|p2a: Meowscarada|Flower Trick|p1a: Garganacl
|-start|p2a: Meowscarada|typechange|Grass|[from] ability: Protean
|-supereffective|p1a: Garganacl
|-crit|p1a: Garganacl
|-damage|p1a: Garganacl|2/100
|
|-heal|p1a: Garganacl|8/100|[from] item: Leftovers
|upkeep
|turn|10
|
|t:|1760446221
|move|p1a: Garganacl|Protect|p1a: Garganacl
|-singleturn|p1a: Garganacl|Protect
|move|p2a: Meowscarada|Flower Trick|p1a: Garganacl
|-activate|p1a: Garganacl|move: Protect
|
|-heal|p1a: Garganacl|14/100|[from] item: Leftovers
|upkeep
|turn|11
|
|t:|1760446231
|switch|p1a: Pecharunt|Pecharunt|100/100
|move|p2a: Meowscarada|Flower Trick|p1a: Pecharunt
|-resisted|p1a: Pecharunt
|-crit|p1a: Pecharunt
|-damage|p1a: Pecharunt|82/100
|
|upkeep
|turn|12
|
|t:|1760446242
|switch|p2a: Blissey|Blissey, F|100/100
|move|p1a: Pecharunt|Malignant Chain|p2a: Blissey
|-damage|p2a: Blissey|90/100
|
|-heal|p2a: Blissey|96/100|[from] item: Leftovers
|upkeep
|turn|13
|
|t:|1760446255
|move|p1a: Pecharunt|Parting Shot|p2a: Blissey
|-unboost|p2a: Blissey|atk|1
|-unboost|p2a: Blissey|spa|1
|
|t:|1760446261
|switch|p1a: Garganacl|Garganacl, F|14/100|[from] Parting Shot
|move|p2a: Blissey|Seismic Toss|p1a: Garganacl
|-damage|p1a: Garganacl|0 fnt
|faint|p1a: Garganacl
|
|-heal|p2a: Blissey|100/100|[from] item: Leftovers
|upkeep
|
|t:|1760446264
|switch|p1a: Lokix|Lokix, F|100/100
|turn|14
|
|t:|1760446270
|switch|p2a: Landorus|Landorus-Therian, M|100/100
|-ability|p2a: Landorus|Intimidate|boost
|-unboost|p1a: Lokix|atk|1
|move|p1a: Lokix|First Impression|p2a: Landorus
|-resisted|p2a: Landorus
|-damage|p2a: Landorus|67/100
|
|upkeep
|turn|15
|
|t:|1760446278
|move|p2a: Landorus|U-turn|p1a: Lokix
|-supereffective|p1a: Lokix
|-damage|p1a: Lokix|24/100
|
|t:|1760446289
|switch|p2a: Moltres|Moltres|70/100|[from] U-turn
|move|p1a: Lokix|U-turn|p2a: Moltres
|-resisted|p2a: Moltres
|-damage|p2a: Moltres|60/100
|
|t:|1760446296
|switch|p1a: Iron Crown|Iron Crown|100/100|[from] U-turn
|
|upkeep
|turn|16
|
|t:|1760446326
|switch|p2a: Blissey|Blissey, F|100/100
|move|p1a: Iron Crown|Volt Switch|p2a: Blissey
|-damage|p2a: Blissey|90/100
|
|t:|1760446332
|-end|p1a: Iron Crown|Quark Drive|[silent]
|switch|p1a: Lokix|Lokix, F|24/100|[from] Volt Switch
|
|-heal|p2a: Blissey|96/100|[from] item: Leftovers
|upkeep
|turn|17
|
|t:|1760446343
|switch|p2a: Moltres|Moltres|60/100
|move|p1a: Lokix|First Impression|p2a: Moltres
|-resisted|p2a: Moltres
|-damage|p2a: Moltres|41/100
|
|upkeep
|turn|18
|
|t:|1760446372
|switch|p1a: Gliscor|Gliscor, M|62/100 tox
|switch|p2a: Landorus|Landorus-Therian, M|67/100
|-ability|p2a: Landorus|Intimidate|boost
|-unboost|p1a: Gliscor|atk|1
|
|-heal|p1a: Gliscor|75/100 tox|[from] ability: Poison Heal
|upkeep
|turn|19
|
|t:|1760446378
|move|p2a: Landorus|Stealth Rock|p1a: Gliscor
|-sidestart|p1: NotSyn|move: Stealth Rock
|move|p1a: Gliscor|Swords Dance|p1a: Gliscor
|-boost|p1a: Gliscor|atk|2
|
|-heal|p1a: Gliscor|87/100 tox|[from] ability: Poison Heal
|upkeep
|turn|20
|
|t:|1760446386
|switch|p2a: Azumarill|Azumarill, F|100/100
|move|p1a: Gliscor|Facade|p2a: Azumarill
|-damage|p2a: Azumarill|39/100
|
|-heal|p2a: Azumarill|45/100|[from] item: Leftovers
|-heal|p1a: Gliscor|99/100 tox|[from] ability: Poison Heal
|upkeep
|turn|21
|
|t:|1760446409
|move|p2a: Azumarill|Aqua Jet|p1a: Gliscor
|-supereffective|p1a: Gliscor
|-damage|p1a: Gliscor|63/100 tox
|move|p1a: Gliscor|Facade|p2a: Azumarill
|-damage|p2a: Azumarill|0 fnt
|faint|p2a: Azumarill
|
|-heal|p1a: Gliscor|76/100 tox|[from] ability: Poison Heal
|upkeep
|
|t:|1760446420
|switch|p2a: Meowscarada|Meowscarada, F|100/100
|turn|22
|
|t:|1760446433
|move|p1a: Gliscor|Protect|p1a: Gliscor
|-singleturn|p1a: Gliscor|Protect
|move|p2a: Meowscarada|Flower Trick|p1a: Gliscor
|-start|p2a: Meowscarada|typechange|Grass|[from] ability: Protean
|-activate|p1a: Gliscor|move: Protect
|
|-heal|p1a: Gliscor|88/100 tox|[from] ability: Poison Heal
|upkeep
|turn|23
|
|t:|1760446481
|move|p2a: Meowscarada|Flower Trick|p1a: Gliscor
|-crit|p1a: Gliscor
|-damage|p1a: Gliscor|18/100 tox
|move|p1a: Gliscor|Facade|p2a: Meowscarada
|-damage|p2a: Meowscarada|19/100
|
|-heal|p1a: Gliscor|30/100 tox|[from] ability: Poison Heal
|upkeep
|turn|24
|
|t:|1760446497
|move|p1a: Gliscor|Protect|p1a: Gliscor
|-singleturn|p1a: Gliscor|Protect
|move|p2a: Meowscarada|Flower Trick|p1a: Gliscor
|-activate|p1a: Gliscor|move: Protect
|
|-heal|p1a: Gliscor|43/100 tox|[from] ability: Poison Heal
|upkeep
|turn|25
|
|t:|1760446517
|switch|p2a: Landorus|Landorus-Therian, M|67/100
|-ability|p2a: Landorus|Intimidate|boost
|-unboost|p1a: Gliscor|atk|1
|switch|p1a: Pecharunt|Pecharunt|82/100
|
|upkeep
|turn|26
|
|t:|1760446543
|move|p2a: Landorus|U-turn|p1a: Pecharunt
|-resisted|p1a: Pecharunt
|-damage|p1a: Pecharunt|80/100
|
|t:|1760446547
|switch|p2a: Blissey|Blissey, F|96/100|[from] U-turn
|move|p1a: Pecharunt|Parting Shot|p2a: Blissey
|-unboost|p2a: Blissey|atk|1
|-unboost|p2a: Blissey|spa|1
|
|t:|1760446558
|switch|p1a: Cinderace|Cinderace, F|100/100|[from] Parting Shot
|
|-heal|p2a: Blissey|100/100|[from] item: Leftovers
|upkeep
|turn|27
|
|t:|1760446582
|switch|p2a: Landorus|Landorus-Therian, M|67/100
|-ability|p2a: Landorus|Intimidate|boost
|-unboost|p1a: Cinderace|atk|1
|move|p1a: Cinderace|Court Change|p1a: Cinderace
|-start|p1a: Cinderace|typechange|Normal|[from] ability: Libero
|-swapsideconditions
|-activate|p1a: Cinderace|move: Court Change
|
|upkeep
|turn|28
|
|t:|1760446592
|switch|p1a: Iron Crown|Iron Crown|100/100
|move|p2a: Landorus|Stealth Rock|p1a: Iron Crown
|-sidestart|p1: NotSyn|move: Stealth Rock
|
|upkeep
|turn|29
|
|t:|1760446602
|switch|p2a: Blissey|Blissey, F|100/100
|-damage|p2a: Blissey|88/100|[from] Stealth Rock
|move|p1a: Iron Crown|Tachyon Cutter|p2a: Blissey
|-damage|p2a: Blissey|75/100
|-damage|p2a: Blissey|63/100
|-hitcount|p2a: Blissey|2
|
|-heal|p2a: Blissey|69/100|[from] item: Leftovers
|upkeep
|turn|30
|
|t:|1760446616
|-end|p1a: Iron Crown|Quark Drive|[silent]
|switch|p1a: Cinderace|Cinderace, F|100/100
|move|p2a: Blissey|Seismic Toss|p1a: Cinderace
|-damage|p1a: Cinderace|67/100
|
|-heal|p2a: Blissey|76/100|[from] item: Leftovers
|upkeep
|turn|31
|
|t:|1760446632
|switch|p2a: Landorus|Landorus-Therian, M|67/100
|-damage|p2a: Landorus|54/100|[from] Stealth Rock
|-ability|p2a: Landorus|Intimidate|boost
|-unboost|p1a: Cinderace|atk|1
|move|p1a: Cinderace|Pyro Ball|p2a: Landorus
|-damage|p2a: Landorus|16/100
|
|upkeep
|turn|32
|
|t:|1760446642
|move|p2a: Landorus|Earthquake|p1a: Cinderace
|-supereffective|p1a: Cinderace
|-damage|p1a: Cinderace|0 fnt
|faint|p1a: Cinderace
|
|upkeep
|
|t:|1760446646
|switch|p1a: Gliscor|Gliscor, M|43/100 tox
|-damage|p1a: Gliscor|30/100 tox|[from] Stealth Rock
|turn|33
|
|t:|1760446661
|switch|p2a: Moltres|Moltres|41/100
|move|p1a: Gliscor|Facade|p2a: Moltres
|-damage|p2a: Moltres|11/100
|
|-heal|p1a: Gliscor|43/100 tox|[from] ability: Poison Heal
|upkeep
|turn|34
|
|t:|1760446681
|move|p1a: Gliscor|Facade|p2a: Moltres
|-damage|p2a: Moltres|0 fnt
|faint|p2a: Moltres
|
|-heal|p1a: Gliscor|55/100 tox|[from] ability: Poison Heal
|upkeep
|
|t:|1760446686
|switch|p2a: Meowscarada|Meowscarada, F|19/100
|-damage|p2a: Meowscarada|7/100|[from] Stealth Rock
|turn|35
|
|t:|1760446718
|-terastallize|p2a: Meowscarada|Ghost
|move|p1a: Gliscor|Protect|p1a: Gliscor
|-singleturn|p1a: Gliscor|Protect
|move|p2a: Meowscarada|Thunder Punch|p1a: Gliscor
|-activate|p1a: Gliscor|move: Protect
|
|-heal|p1a: Gliscor|68/100 tox|[from] ability: Poison Heal
|upkeep
|turn|36
|l|☆NotSyn
|player|p1|
|-message|SemperMamba forfeited.
|
|win|NotSyn
|raw|NotSyn's rating: 1323 &rarr; <strong>1340</strong><br />(+17 for winning)
|raw|SemperMamba's rating: 1277 &rarr; <strong>1255</strong><br />(-22 for losing)
|l|☆SemperMamba
|player|p2|
|j|☆NotSyn
|player|p1|NotSyn|caitlin|
|l|☆NotSyn
|player|p1|
