|j|☆liouts
|j|☆iyasih
|t:|1760461962
|gametype|singles
|player|p1|liouts|fisherman-gen4|1210
|player|p2|iyasih|266|1200
|gen|9
|tier|[Gen 9] OU
|rated|
|rule|HP Percentage Mod: HP is shown in percentages
|rule|Endless Battle Clause: Forcing endless battles is banned
|rule|Species Clause: Limit one of each Pokémon
|rule|OHKO Clause: OHKO moves are banned
|rule|Evasion Items Clause: Evasion items are banned
|rule|Evasion Moves Clause: Evasion moves are banned
|rule|Evasion Abilities Clause: Evasion abilities are banned
|rule|Sleep Moves Clause: Sleep-inducing moves are banned
|clearpoke
|poke|p1|Pelipper, F|
|poke|p1|Barraskewda, M|
|poke|p1|Ogerpon-Wellspring, F|
|poke|p1|Cramorant, F|
|poke|p1|Dondozo, M|
|poke|p1|Raging Bolt|
|poke|p2|Weezing-Galar, F|
|poke|p2|Zarude-Dada|
|poke|p2|Dondozo, F|
|poke|p2|Rillaboom, M|
|poke|p2|Scizor, F|
|poke|p2|Alomomola, F|
|teampreview
|
|t:|1760461970
|teamsize|p1|6
|teamsize|p2|6
|start
|switch|p1a: Cramorant|Cramorant, F|100/100
|switch|p2a: Scizor|Scizor, F|100/100
|turn|1
|
|t:|1760461977
|move|p1a: Cramorant|Surf|p2a: Scizor
|-formechange|p1a: Cramorant|Cramorant-Gulping|
|-damage|p2a: Scizor|61/100
|move|p2a: Scizor|Knock Off|p1a: Cramorant
|-damage|p1a: Cramorant|42/100
|-damage|p2a: Scizor|44/100|[from] item: Rocky Helmet|[of] p1a: Cramorant
|-damage|p2a: Scizor|19/100|[from] ability: Gulp Missile|[of] p1a: Cramorant
|-unboost|p2a: Scizor|def|1
|-formechange|p1a: Cramorant|Cramorant|
|-enditem|p1a: Cramorant|Rocky Helmet|[from] move: Knock Off|[of] p2a: Scizor
|
|-heal|p2a: Scizor|25/100|[from] item: Leftovers
|upkeep
|turn|2
|
|t:|1760462000
|switch|p2a: Rillaboom|Rillaboom, M|100/100
|-fieldstart|move: Grassy Terrain|[from] ability: Grassy Surge|[of] p2a: Rillaboom
|move|p1a: Cramorant|Surf|p2a: Rillaboom
|-formechange|p1a: Cramorant|Cramorant-Gorging|
|-resisted|p2a: Rillaboom
|-damage|p2a: Rillaboom|86/100
|
|-heal|p2a: Rillaboom|93/100|[from] Grassy Terrain
|upkeep
|turn|3
|
|t:|1760462012
|move|p2a: Rillaboom|Grassy Glide|p1a: Cramorant
|-damage|p1a: Cramorant|0 fnt
|-damage|p2a: Rillaboom|68/100|[from] ability: Gulp Missile|[of] p1a: Cramorant
|-status|p2a: Rillaboom|par
|-formechange|p1a: Cramorant|Cramorant|
|faint|p1a: Cramorant
|
|-heal|p2a: Rillaboom|74/100 par|[from] Grassy Terrain
|upkeep
|
|t:|1760462024
|switch|p1a: Pelipper|Pelipper, F|100/100
|-weather|RainDance|[from] ability: Drizzle|[of] p1a: Pelipper
|turn|4
|
|t:|1760462038
|switch|p1a: Raging Bolt|Raging Bolt|100/100
|-enditem|p1a: Raging Bolt|Booster Energy
|-activate|p1a: Raging Bolt|ability: Protosynthesis|[fromitem]
|-start|p1a: Raging Bolt|protosynthesisspa
|switch|p2a: Alomomola|Alomomola, F|100/100
|
|-weather|RainDance|[upkeep]
|upkeep
|turn|5
|
|t:|1760462057
|-terastallize|p2a: Alomomola|Ground
|move|p1a: Raging Bolt|Thunder|p2a: Alomomola
|-immune|p2a: Alomomola
|move|p2a: Alomomola|Icy Wind|p1a: Raging Bolt
|-supereffective|p1a: Raging Bolt
|-damage|p1a: Raging Bolt|90/100
|-unboost|p1a: Raging Bolt|spe|1
|
|-weather|RainDance|[upkeep]
|-heal|p1a: Raging Bolt|96/100|[from] Grassy Terrain
|upkeep
|turn|6
|
|t:|1760462071
|move|p2a: Alomomola|Play Rough|p1a: Raging Bolt
|-supereffective|p1a: Raging Bolt
|-damage|p1a: Raging Bolt|67/100
|move|p1a: Raging Bolt|Weather Ball|p2a: Alomomola
|-supereffective|p2a: Alomomola
|-crit|p2a: Alomomola
|-damage|p2a: Alomomola|0 fnt
|faint|p2a: Alomomola
|
|-weather|RainDance|[upkeep]
|-heal|p1a: Raging Bolt|73/100|[from] Grassy Terrain
|upkeep
|
|t:|1760462090
|switch|p2a: Weezing|Weezing-Galar, F|100/100
|-fieldstart|move: Misty Terrain|[from] ability: Misty Surge|[of] p2a: Weezing
|turn|7
|
|t:|1760462126
|-terastallize|p1a: Raging Bolt|Steel
|move|p2a: Weezing|Sludge Bomb|p1a: Raging Bolt
|-immune|p1a: Raging Bolt
|move|p1a: Raging Bolt|Weather Ball|p2a: Weezing
|-damage|p2a: Weezing|8/100
|
|-weather|RainDance|[upkeep]
|-heal|p2a: Weezing|13/100|[from] item: Leftovers
|upkeep
|turn|8
|
|t:|1760462138
|switch|p2a: Zarude|Zarude-Dada|100/100
|move|p1a: Raging Bolt|Weather Ball|p2a: Zarude
|-resisted|p2a: Zarude
|-damage|p2a: Zarude|60/100
|
|-weather|RainDance|[upkeep]
|-heal|p2a: Zarude|66/100|[from] item: Leftovers
|upkeep
|turn|9
|
|t:|1760462147
|move|p2a: Zarude|Drain Punch|p1a: Raging Bolt
|-supereffective|p1a: Raging Bolt
|-damage|p1a: Raging Bolt|26/100
|-heal|p2a: Zarude|97/100|[from] drain|[of] p1a: Raging Bolt
|move|p1a: Raging Bolt|Thunder|p2a: Zarude
|-resisted|p2a: Zarude
|-damage|p2a: Zarude|54/100
|
|-weather|RainDance|[upkeep]
|-heal|p2a: Zarude|60/100|[from] item: Leftovers
|upkeep
|turn|10
|
|t:|1760462158
|-end|p1a: Raging Bolt|Protosynthesis|[silent]
|switch|p1a: Dondozo|Dondozo, M|100/100
|move|p2a: Zarude|Drain Punch|p1a: Dondozo
|-damage|p1a: Dondozo|89/100
|-heal|p2a: Zarude|68/100|[from] drain|[of] p1a: Dondozo
|
|-weather|RainDance|[upkeep]
|-heal|p2a: Zarude|74/100|[from] item: Leftovers
|-heal|p1a: Dondozo|95/100|[from] item: Leftovers
|upkeep
|turn|11
|
|t:|1760462168
|move|p2a: Zarude|Petal Blizzard|p1a: Dondozo
|-supereffective|p1a: Dondozo
|-damage|p1a: Dondozo|53/100
|move|p1a: Dondozo|Liquidation|p2a: Zarude
|-resisted|p2a: Zarude
|-damage|p2a: Zarude|53/100
|
|-weather|none
|-heal|p2a: Zarude|59/100|[from] item: Leftovers
|-heal|p1a: Dondozo|59/100|[from] item: Leftovers
|-fieldend|Misty Terrain
|upkeep
|turn|12
|
|t:|1760462178
|switch|p1a: Pelipper|Pelipper, F|100/100
|-weather|RainDance|[from] ability: Drizzle|[of] p1a: Pelipper
|move|p2a: Zarude|Knock Off|p1a: Pelipper
|-damage|p1a: Pelipper|59/100
|-enditem|p1a: Pelipper|Damp Rock|[from] move: Knock Off|[of] p2a: Zarude
|
|-weather|RainDance|[upkeep]
|-heal|p2a: Zarude|65/100|[from] item: Leftovers
|upkeep
|turn|13
|
|t:|1760462198
|move|p2a: Zarude|U-turn|p1a: Pelipper
|-resisted|p1a: Pelipper
|-damage|p1a: Pelipper|50/100
|
|t:|1760462208
|switch|p2a: Dondozo|Dondozo, F|100/100|[from] U-turn
|move|p1a: Pelipper|Hurricane|p2a: Dondozo
|-damage|p2a: Dondozo|73/100
|-start|p2a: Dondozo|confusion
|
|-weather|RainDance|[upkeep]
|-heal|p2a: Dondozo|79/100|[from] item: Leftovers
|upkeep
|turn|14
|
|t:|1760462219
|move|p1a: Pelipper|Hurricane|p2a: Dondozo
|-damage|p2a: Dondozo|51/100
|-activate|p2a: Dondozo|confusion
|-damage|p2a: Dondozo|46/100|[from] confusion
|
|-weather|RainDance|[upkeep]
|-heal|p2a: Dondozo|52/100|[from] item: Leftovers
|upkeep
|turn|15
|
|t:|1760462233
|move|p1a: Pelipper|Hurricane|p2a: Dondozo
|-damage|p2a: Dondozo|25/100
|-activate|p2a: Dondozo|confusion
|move|p2a: Dondozo|Liquidation|p1a: Pelipper
|-resisted|p1a: Pelipper
|-damage|p1a: Pelipper|34/100
|
|-weather|RainDance|[upkeep]
|-heal|p2a: Dondozo|31/100|[from] item: Leftovers
|upkeep
|turn|16
|
|t:|1760462248
|move|p1a: Pelipper|Hurricane|p2a: Dondozo
|-damage|p2a: Dondozo|7/100
|-activate|p2a: Dondozo|confusion
|move|p2a: Dondozo|Body Press|p1a: Pelipper
|-resisted|p1a: Pelipper
|-damage|p1a: Pelipper|25/100
|
|-weather|RainDance|[upkeep]
|-heal|p2a: Dondozo|13/100|[from] item: Leftovers
|upkeep
|turn|17
|
|t:|1760462265
|move|p1a: Pelipper|Hurricane|p2a: Dondozo
|-damage|p2a: Dondozo|0 fnt
|faint|p2a: Dondozo
|
|-weather|RainDance|[upkeep]
|upkeep
|
|t:|1760462270
|switch|p2a: Zarude|Zarude-Dada|65/100
|turn|18
|
|t:|1760462284
|switch|p1a: Ogerpon|Ogerpon-Wellspring, F|100/100
|move|p2a: Zarude|Knock Off|p1a: Ogerpon
|-damage|p1a: Ogerpon|51/100
|
|-weather|RainDance|[upkeep]
|-heal|p2a: Zarude|71/100|[from] item: Leftovers
|upkeep
|turn|19
|
|t:|1760462294
|move|p1a: Ogerpon|U-turn|p2a: Zarude
|-supereffective|p2a: Zarude
|-damage|p2a: Zarude|0 fnt
|faint|p2a: Zarude
|
|t:|1760462299
|switch|p1a: Dondozo|Dondozo, M|59/100|[from] U-turn
|
|-weather|none
|-heal|p1a: Dondozo|65/100|[from] item: Leftovers
|upkeep
|
|t:|1760462305
|switch|p2a: Rillaboom|Rillaboom, M|74/100 par
|-fieldstart|move: Grassy Terrain|[from] ability: Grassy Surge|[of] p2a: Rillaboom
|turn|20
|
|t:|1760462315
|switch|p1a: Pelipper|Pelipper, F|25/100
|-weather|RainDance|[from] ability: Drizzle|[of] p1a: Pelipper
|cant|p2a: Rillaboom|par
|
|-weather|RainDance|[upkeep]
|-heal|p2a: Rillaboom|80/100 par|[from] Grassy Terrain
|upkeep
|turn|21
|
|t:|1760462324
|move|p2a: Rillaboom|Grassy Glide|p1a: Pelipper
|-damage|p1a: Pelipper|0 fnt
|faint|p1a: Pelipper
|
|-weather|RainDance|[upkeep]
|-heal|p2a: Rillaboom|86/100 par|[from] Grassy Terrain
|upkeep
|
|t:|1760462333
|switch|p1a: Raging Bolt|Raging Bolt, tera:Steel|26/100
|turn|22
|
|t:|1760462341
|move|p1a: Raging Bolt|Weather Ball|p2a: Rillaboom
|-resisted|p2a: Rillaboom
|-crit|p2a: Rillaboom
|-damage|p2a: Rillaboom|40/100 par
|move|p2a: Rillaboom|Drain Punch|p1a: Raging Bolt
|-supereffective|p1a: Raging Bolt
|-damage|p1a: Raging Bolt|0 fnt
|-heal|p2a: Rillaboom|56/100 par|[from] drain|[of] p1a: Raging Bolt
|faint|p1a: Raging Bolt
|-end|p1a: Raging Bolt|Protosynthesis|[silent]
|
|-weather|RainDance|[upkeep]
|-heal|p2a: Rillaboom|62/100 par|[from] Grassy Terrain
|upkeep
|
|t:|1760462352
|switch|p1a: Ogerpon|Ogerpon-Wellspring, F|51/100
|turn|23
|
|t:|1760462363
|switch|p2a: Weezing|Weezing-Galar, F|13/100
|-fieldstart|move: Misty Terrain|[from] ability: Misty Surge|[of] p2a: Weezing
|move|p1a: Ogerpon|U-turn|p2a: Weezing
|-resisted|p2a: Weezing
|-damage|p2a: Weezing|8/100
|
|t:|1760462369
|switch|p1a: Barraskewda|Barraskewda, M, shiny|100/100|[from] U-turn
|
|-weather|RainDance|[upkeep]
|-heal|p2a: Weezing|14/100|[from] item: Leftovers
|upkeep
|turn|24
|
|t:|1760462379
|move|p1a: Barraskewda|Liquidation|p2a: Weezing
|-damage|p2a: Weezing|0 fnt
|faint|p2a: Weezing
|-damage|p1a: Barraskewda|91/100|[from] item: Life Orb
|
|-weather|none
|upkeep
|
|t:|1760462386
|switch|p2a: Rillaboom|Rillaboom, M|62/100 par
|-fieldstart|move: Grassy Terrain|[from] ability: Grassy Surge|[of] p2a: Rillaboom
|turn|25
|
|t:|1760462411
|move|p2a: Rillaboom|Grassy Glide|p1a: Barraskewda
|-supereffective|p1a: Barraskewda
|-damage|p1a: Barraskewda|0 fnt
|faint|p1a: Barraskewda
|
|-heal|p2a: Rillaboom|69/100 par|[from] Grassy Terrain
|upkeep
|
|t:|1760462416
|switch|p1a: Dondozo|Dondozo, M|65/100
|turn|26
|
|t:|1760462422
|move|p2a: Rillaboom|Grassy Glide|p1a: Dondozo
|-supereffective|p1a: Dondozo
|-damage|p1a: Dondozo|30/100
|move|p1a: Dondozo|Rest|p1a: Dondozo
|-status|p1a: Dondozo|slp|[from] move: Rest
|-heal|p1a: Dondozo|100/100 slp|[silent]
|
|-heal|p2a: Rillaboom|75/100 par|[from] Grassy Terrain
|upkeep
|turn|27
|
|t:|1760462433
|switch|p2a: Scizor|Scizor, F|25/100
|cant|p1a: Dondozo|slp
|move|p1a: Dondozo|Sleep Talk|p1a: Dondozo
|move|p1a: Dondozo|Liquidation|p2a: Scizor|[from] move: Sleep Talk
|-damage|p2a: Scizor|0 fnt
|faint|p2a: Scizor
|
|upkeep
|
|t:|1760462436
|switch|p2a: Rillaboom|Rillaboom, M|75/100 par
|turn|28
|
|t:|1760462444
|move|p2a: Rillaboom|Grassy Glide|p1a: Dondozo
|-supereffective|p1a: Dondozo
|-damage|p1a: Dondozo|67/100 slp
|cant|p1a: Dondozo|slp
|move|p1a: Dondozo|Sleep Talk|p1a: Dondozo
|move|p1a: Dondozo|Rest||[from] move: Sleep Talk|[still]
|-fail|p1a: Dondozo
|
|-heal|p1a: Dondozo|73/100 slp|[from] Grassy Terrain
|-heal|p1a: Dondozo|79/100 slp|[from] item: Leftovers
|-heal|p2a: Rillaboom|81/100 par|[from] Grassy Terrain
|upkeep
|turn|29
|
|t:|1760462455
|-curestatus|p1a: Dondozo|slp|[msg]
|move|p1a: Dondozo|Curse|p1a: Dondozo
|-unboost|p1a: Dondozo|spe|1
|-boost|p1a: Dondozo|atk|1
|-boost|p1a: Dondozo|def|1
|move|p2a: Rillaboom|Knock Off|p1a: Dondozo
|-damage|p1a: Dondozo|68/100
|-enditem|p1a: Dondozo|Leftovers|[from] move: Knock Off|[of] p2a: Rillaboom
|
|-heal|p2a: Rillaboom|87/100 par|[from] Grassy Terrain
|-heal|p1a: Dondozo|74/100|[from] Grassy Terrain
|upkeep
|turn|30
|
|t:|1760462466
|move|p2a: Rillaboom|Grassy Glide|p1a: Dondozo
|-supereffective|p1a: Dondozo
|-damage|p1a: Dondozo|51/100
|move|p1a: Dondozo|Curse|p1a: Dondozo
|-unboost|p1a: Dondozo|spe|1
|-boost|p1a: Dondozo|atk|1
|-boost|p1a: Dondozo|def|1
|
|-heal|p2a: Rillaboom|93/100 par|[from] Grassy Terrain
|-heal|p1a: Dondozo|58/100|[from] Grassy Terrain
|upkeep
|turn|31
|
|t:|1760462486
|move|p2a: Rillaboom|Grassy Glide|p1a: Dondozo
|-supereffective|p1a: Dondozo
|-damage|p1a: Dondozo|38/100
|move|p1a: Dondozo|Curse|p1a: Dondozo
|-unboost|p1a: Dondozo|spe|1
|-boost|p1a: Dondozo|atk|1
|-boost|p1a: Dondozo|def|1
|
|-heal|p2a: Rillaboom|99/100 par|[from] Grassy Terrain
|-heal|p1a: Dondozo|44/100|[from] Grassy Terrain
|upkeep
|turn|32
|
|t:|1760462497
|cant|p2a: Rillaboom|par
|move|p1a: Dondozo|Rest|p1a: Dondozo
|-status|p1a: Dondozo|slp|[from] move: Rest
|-heal|p1a: Dondozo|100/100 slp|[silent]
|
|-heal|p2a: Rillaboom|100/100 par|[from] Grassy Terrain
|-fieldend|move: Grassy Terrain
|upkeep
|turn|33
|
|t:|1760462504
|move|p2a: Rillaboom|Grassy Glide|p1a: Dondozo
|-supereffective|p1a: Dondozo
|-damage|p1a: Dondozo|89/100 slp
|cant|p1a: Dondozo|slp
|move|p1a: Dondozo|Sleep Talk|p1a: Dondozo
|move|p1a: Dondozo|Curse|p1a: Dondozo|[from] move: Sleep Talk
|-unboost|p1a: Dondozo|spe|1
|-boost|p1a: Dondozo|atk|1
|-boost|p1a: Dondozo|def|1
|
|upkeep
|turn|34
|
|t:|1760462514
|cant|p2a: Rillaboom|par
|cant|p1a: Dondozo|slp
|move|p1a: Dondozo|Sleep Talk|p1a: Dondozo
|move|p1a: Dondozo|Liquidation|p2a: Rillaboom|[from] move: Sleep Talk
|-resisted|p2a: Rillaboom
|-damage|p2a: Rillaboom|57/100 par
|-unboost|p2a: Rillaboom|def|1
|
|upkeep
|turn|35
|-message|iyasih forfeited.
|
|win|liouts
|raw|liouts's rating: 1210 &rarr; <strong>1234</strong><br />(+24 for winning)
|raw|iyasih's rating: 1200 &rarr; <strong>1176</strong><br />(-24 for losing)
|l|☆iyasih
|player|p2|
|l|☆liouts
|player|p1|
