|j|☆garcila28
|j|☆LionX_Pro
|t:|1760352344
|gametype|singles
|player|p1|garcila28|102|1303
|player|p2|LionX_Pro|steven|1235
|gen|9
|tier|[Gen 9] OU
|rated|
|rule|HP Percentage Mod: HP is shown in percentages
|rule|Endless Battle Clause: Forcing endless battles is banned
|rule|Species Clause: Limit one of each Pokémon
|rule|OHKO Clause: OHKO moves are banned
|rule|Evasion Items Clause: Evasion items are banned
|rule|Evasion Moves Clause: Evasion moves are banned
|rule|Evasion Abilities Clause: Evasion abilities are banned
|rule|Sleep Moves Clause: Sleep-inducing moves are banned
|clearpoke
|poke|p1|Landorus-Therian, M|
|poke|p1|Samurott-Hisui, F|
|poke|p1|Pecharunt|
|poke|p1|Scizor, F|
|poke|p1|Latios, M|
|poke|p1|Zamazenta-*|
|poke|p2|Shiftry, F|
|poke|p2|Glimmora, M|
|poke|p2|Incineroar, F|
|poke|p2|Gliscor, F|
|poke|p2|Great Tusk|
|poke|p2|Garganacl, M|
|teampreview
|inactive|Battle timer is ON: inactive players will automatically lose when time's up. (requested by garcila28)
|
|t:|1760352377
|teamsize|p1|6
|teamsize|p2|6
|start
|switch|p1a: Samurott|Samurott-Hisui, F|100/100
|switch|p2a: Shiftry|Shiftry, F|100/100
|turn|1
|
|t:|1760352386
|switch|p1a: Zamazenta|Zamazenta|100/100
|-ability|p1a: Zamazenta|Dauntless Shield|boost
|-boost|p1a: Zamazenta|def|1
|move|p2a: Shiftry|Tailwind|p2a: Shiftry
|-sidestart|p2: LionX_Pro|move: Tailwind
|-ability|p2a: Shiftry|Wind Rider|boost
|-boost|p2a: Shiftry|atk|1
|
|upkeep
|turn|2
|
|t:|1760352402
|move|p2a: Shiftry|Knock Off|p1a: Zamazenta
|-resisted|p1a: Zamazenta
|-damage|p1a: Zamazenta|84/100
|-enditem|p1a: Zamazenta|Leftovers|[from] move: Knock Off|[of] p2a: Shiftry
|move|p1a: Zamazenta|Body Press|p2a: Shiftry
|-supereffective|p2a: Shiftry
|-enditem|p2a: Shiftry|Focus Sash
|-damage|p2a: Shiftry|1/100
|
|upkeep
|turn|3
|
|t:|1760352409
|move|p2a: Shiftry|Endeavor|p1a: Zamazenta
|-damage|p1a: Zamazenta|1/100
|move|p1a: Zamazenta|Crunch|p2a: Shiftry
|-resisted|p2a: Shiftry
|-damage|p2a: Shiftry|0 fnt
|faint|p2a: Shiftry
|
|upkeep
|
|t:|1760352423
|switch|p2a: Glimmora|Glimmora, M|100/100
|turn|4
|
|t:|1760352427
|move|p2a: Glimmora|Meteor Beam||[still]
|-prepare|p2a: Glimmora|Meteor Beam
|-boost|p2a: Glimmora|spa|1
|-enditem|p2a: Glimmora|Power Herb
|-anim|p2a: Glimmora|Meteor Beam|p1a: Zamazenta|[miss]
|-miss|p2a: Glimmora|p1a: Zamazenta
|move|p1a: Zamazenta|Body Press|p2a: Glimmora
|-damage|p2a: Glimmora|28/100
|-activate|p2a: Glimmora|ability: Toxic Debris
|-sidestart|p1: garcila28|move: Toxic Spikes
|
|-sideend|p2: LionX_Pro|move: Tailwind
|upkeep
|turn|5
|
|t:|1760352445
|move|p2a: Glimmora|Spiky Shield|p2a: Glimmora
|-singleturn|p2a: Glimmora|move: Protect
|move|p1a: Zamazenta|Body Press|p2a: Glimmora
|-activate|p2a: Glimmora|move: Protect
|-damage|p1a: Zamazenta|0 fnt|[from] Spiky Shield|[of] p2a: Glimmora
|faint|p1a: Zamazenta
|
|upkeep
|
|t:|1760352471
|switch|p1a: Pecharunt|Pecharunt|100/100
|-sideend|p1: garcila28|move: Toxic Spikes|[of] p1a: Pecharunt
|turn|6
|
|t:|1760352479
|move|p1a: Pecharunt|Shadow Ball|p2a: Glimmora
|-damage|p2a: Glimmora|0 fnt
|faint|p2a: Glimmora
|
|upkeep
|
|t:|1760352502
|switch|p2a: Gliscor|Gliscor, F|100/100
|turn|7
|
|t:|1760352509
|move|p1a: Pecharunt|Parting Shot|p2a: Gliscor
|-unboost|p2a: Gliscor|atk|1
|-unboost|p2a: Gliscor|spa|1
|
|t:|1760352517
|switch|p1a: Samurott|Samurott-Hisui, F|100/100|[from] Parting Shot
|move|p2a: Gliscor|Stealth Rock|p1a: Samurott
|-sidestart|p1: garcila28|move: Stealth Rock
|
|-status|p2a: Gliscor|tox|[from] item: Toxic Orb
|upkeep
|turn|8
|
|t:|1760352528
|switch|p2a: Incineroar|Incineroar, F|100/100
|-ability|p2a: Incineroar|Intimidate|boost
|-unboost|p1a: Samurott|atk|1
|move|p1a: Samurott|Razor Shell|p2a: Incineroar
|-supereffective|p2a: Incineroar
|-damage|p2a: Incineroar|31/100
|-unboost|p2a: Incineroar|def|1
|
|upkeep
|turn|9
|
|t:|1760352537
|move|p2a: Incineroar|Fake Out|p1a: Samurott
|-crit|p1a: Samurott
|-damage|p1a: Samurott|82/100
|cant|p1a: Samurott|flinch
|
|upkeep
|turn|10
|
|t:|1760352562
|move|p1a: Samurott|Razor Shell|p2a: Incineroar
|-supereffective|p2a: Incineroar
|-damage|p2a: Incineroar|0 fnt
|faint|p2a: Incineroar
|
|upkeep
|
|t:|1760352564
|switch|p2a: Garganacl|Garganacl, M|100/100
|turn|11
|
|t:|1760352569
|-terastallize|p2a: Garganacl|Water
|move|p1a: Samurott|Razor Shell|p2a: Garganacl
|-resisted|p2a: Garganacl
|-damage|p2a: Garganacl|89/100
|-unboost|p2a: Garganacl|def|1
|move|p2a: Garganacl|Iron Defense|p2a: Garganacl
|-boost|p2a: Garganacl|def|2
|
|-heal|p2a: Garganacl|95/100|[from] item: Leftovers
|upkeep
|turn|12
|
|t:|1760352578
|switch|p1a: Landorus|Landorus-Therian, M|100/100
|-damage|p1a: Landorus|88/100|[from] Stealth Rock
|-ability|p1a: Landorus|Intimidate|boost
|-unboost|p2a: Garganacl|atk|1
|move|p2a: Garganacl|Salt Cure|p1a: Landorus
|-damage|p1a: Landorus|79/100
|-start|p1a: Landorus|Salt Cure
|
|-heal|p2a: Garganacl|100/100|[from] item: Leftovers
|-damage|p1a: Landorus|67/100|[from] Salt Cure
|upkeep
|turn|13
|
|t:|1760352589
|move|p1a: Landorus|U-turn|p2a: Garganacl
|-damage|p2a: Garganacl|91/100
|
|t:|1760352596
|switch|p1a: Latios|Latios, M|100/100|[from] U-turn
|-damage|p1a: Latios|88/100|[from] Stealth Rock
|move|p2a: Garganacl|Iron Defense|p2a: Garganacl
|-boost|p2a: Garganacl|def|2
|
|-heal|p2a: Garganacl|97/100|[from] item: Leftovers
|upkeep
|turn|14
|
|t:|1760352600
|move|p1a: Latios|Draco Meteor|p2a: Garganacl
|-damage|p2a: Garganacl|42/100
|-unboost|p1a: Latios|spa|2
|move|p2a: Garganacl|Salt Cure|p1a: Latios
|-damage|p1a: Latios|74/100
|-start|p1a: Latios|Salt Cure
|
|-heal|p2a: Garganacl|48/100|[from] item: Leftovers
|-damage|p1a: Latios|62/100|[from] Salt Cure
|upkeep
|turn|15
|
|t:|1760352611
|switch|p1a: Pecharunt|Pecharunt|100/100
|move|p2a: Garganacl|Recover|p2a: Garganacl
|-heal|p2a: Garganacl|98/100
|
|-heal|p2a: Garganacl|100/100|[from] item: Leftovers
|upkeep
|turn|16
|
|t:|1760352615
|move|p1a: Pecharunt|Malignant Chain|p2a: Garganacl
|-damage|p2a: Garganacl|81/100
|move|p2a: Garganacl|Salt Cure|p1a: Pecharunt
|-damage|p1a: Pecharunt|95/100
|-start|p1a: Pecharunt|Salt Cure
|
|-heal|p2a: Garganacl|87/100|[from] item: Leftovers
|-damage|p1a: Pecharunt|82/100|[from] Salt Cure
|upkeep
|turn|17
|
|t:|1760352634
|move|p1a: Pecharunt|Malignant Chain|p2a: Garganacl
|-damage|p2a: Garganacl|67/100
|move|p2a: Garganacl|Salt Cure|p1a: Pecharunt
|-damage|p1a: Pecharunt|77/100
|
|-heal|p2a: Garganacl|73/100|[from] item: Leftovers
|-damage|p1a: Pecharunt|64/100|[from] Salt Cure
|upkeep
|turn|18
|
|t:|1760352644
|move|p1a: Pecharunt|Malignant Chain|p2a: Garganacl
|-damage|p2a: Garganacl|54/100
|move|p2a: Garganacl|Salt Cure|p1a: Pecharunt
|-damage|p1a: Pecharunt|59/100
|
|-heal|p2a: Garganacl|61/100|[from] item: Leftovers
|-damage|p1a: Pecharunt|46/100|[from] Salt Cure
|upkeep
|turn|19
|
|t:|1760352648
|move|p1a: Pecharunt|Recover|p1a: Pecharunt
|-heal|p1a: Pecharunt|96/100
|move|p2a: Garganacl|Recover|p2a: Garganacl
|-heal|p2a: Garganacl|100/100
|
|-damage|p1a: Pecharunt|84/100|[from] Salt Cure
|upkeep
|turn|20
|
|t:|1760352654
|move|p1a: Pecharunt|Malignant Chain|p2a: Garganacl
|-crit|p2a: Garganacl
|-damage|p2a: Garganacl|69/100
|move|p2a: Garganacl|Iron Defense|p2a: Garganacl
|-boost|p2a: Garganacl|def|2
|
|-heal|p2a: Garganacl|75/100|[from] item: Leftovers
|-damage|p1a: Pecharunt|71/100|[from] Salt Cure
|upkeep
|turn|21
|
|t:|1760352662
|move|p2a: Garganacl|Protect|p2a: Garganacl
|-singleturn|p2a: Garganacl|Protect
|move|p1a: Pecharunt|Malignant Chain|p2a: Garganacl
|-activate|p2a: Garganacl|move: Protect
|
|-heal|p2a: Garganacl|82/100|[from] item: Leftovers
|-damage|p1a: Pecharunt|59/100|[from] Salt Cure
|upkeep
|turn|22
|
|t:|1760352667
|move|p1a: Pecharunt|Recover|p1a: Pecharunt
|-heal|p1a: Pecharunt|100/100
|move|p2a: Garganacl|Iron Defense|p2a: Garganacl
|-boost|p2a: Garganacl|def|1
|
|-heal|p2a: Garganacl|88/100|[from] item: Leftovers
|-damage|p1a: Pecharunt|88/100|[from] Salt Cure
|upkeep
|turn|23
|
|t:|1760352671
|move|p2a: Garganacl|Protect|p2a: Garganacl
|-singleturn|p2a: Garganacl|Protect
|move|p1a: Pecharunt|Malignant Chain|p2a: Garganacl
|-activate|p2a: Garganacl|move: Protect
|
|-heal|p2a: Garganacl|94/100|[from] item: Leftovers
|-damage|p1a: Pecharunt|76/100|[from] Salt Cure
|upkeep
|turn|24
|
|t:|1760352679
|move|p1a: Pecharunt|Malignant Chain|p2a: Garganacl
|-damage|p2a: Garganacl|75/100
|move|p2a: Garganacl|Iron Defense|p2a: Garganacl
|-boost|p2a: Garganacl|def|0
|
|-heal|p2a: Garganacl|81/100|[from] item: Leftovers
|-damage|p1a: Pecharunt|63/100|[from] Salt Cure
|upkeep
|turn|25
|
|t:|1760352688
|move|p2a: Garganacl|Protect|p2a: Garganacl
|-singleturn|p2a: Garganacl|Protect
|move|p1a: Pecharunt|Recover|p1a: Pecharunt
|-heal|p1a: Pecharunt|100/100
|
|-heal|p2a: Garganacl|88/100|[from] item: Leftovers
|-damage|p1a: Pecharunt|88/100|[from] Salt Cure
|upkeep
|turn|26
|
|t:|1760352691
|move|p1a: Pecharunt|Malignant Chain|p2a: Garganacl
|-damage|p2a: Garganacl|66/100
|move|p2a: Garganacl|Iron Defense|p2a: Garganacl
|-boost|p2a: Garganacl|def|0
|
|-heal|p2a: Garganacl|72/100|[from] item: Leftovers
|-damage|p1a: Pecharunt|76/100|[from] Salt Cure
|upkeep
|turn|27
|
|t:|1760352697
|move|p1a: Pecharunt|Parting Shot|p2a: Garganacl
|-unboost|p2a: Garganacl|atk|1
|-unboost|p2a: Garganacl|spa|1
|
|t:|1760352707
|switch|p1a: Landorus|Landorus-Therian, M|67/100|[from] Parting Shot
|-damage|p1a: Landorus|55/100|[from] Stealth Rock
|-ability|p1a: Landorus|Intimidate|boost
|-unboost|p2a: Garganacl|atk|1
|move|p2a: Garganacl|Salt Cure|p1a: Landorus
|-damage|p1a: Landorus|49/100
|-start|p1a: Landorus|Salt Cure
|
|-heal|p2a: Garganacl|78/100|[from] item: Leftovers
|-damage|p1a: Landorus|37/100|[from] Salt Cure
|upkeep
|turn|28
|inactive|LionX_Pro has 120 seconds left.
|
|t:|1760352737
|move|p1a: Landorus|U-turn|p2a: Garganacl
|-damage|p2a: Garganacl|75/100
|
|t:|1760352745
|switch|p1a: Pecharunt|Pecharunt|76/100|[from] U-turn
|move|p2a: Garganacl|Salt Cure|p1a: Pecharunt
|-damage|p1a: Pecharunt|72/100
|-start|p1a: Pecharunt|Salt Cure
|
|-heal|p2a: Garganacl|81/100|[from] item: Leftovers
|-damage|p1a: Pecharunt|60/100|[from] Salt Cure
|upkeep
|turn|29
|
|t:|1760352755
|move|p1a: Pecharunt|Recover|p1a: Pecharunt
|-heal|p1a: Pecharunt|100/100
|move|p2a: Garganacl|Salt Cure|p1a: Pecharunt
|-damage|p1a: Pecharunt|97/100
|
|-heal|p2a: Garganacl|87/100|[from] item: Leftovers
|-damage|p1a: Pecharunt|85/100|[from] Salt Cure
|upkeep
|turn|30
|
|t:|1760352762
|move|p2a: Garganacl|Protect|p2a: Garganacl
|-singleturn|p2a: Garganacl|Protect
|move|p1a: Pecharunt|Shadow Ball|p2a: Garganacl
|-activate|p2a: Garganacl|move: Protect
|
|-heal|p2a: Garganacl|93/100|[from] item: Leftovers
|-damage|p1a: Pecharunt|72/100|[from] Salt Cure
|upkeep
|turn|31
|
|t:|1760352766
|move|p1a: Pecharunt|Shadow Ball|p2a: Garganacl
|-damage|p2a: Garganacl|85/100
|move|p2a: Garganacl|Recover|p2a: Garganacl
|-heal|p2a: Garganacl|100/100
|
|-damage|p1a: Pecharunt|60/100|[from] Salt Cure
|upkeep
|turn|32
|
|t:|1760352771
|move|p1a: Pecharunt|Shadow Ball|p2a: Garganacl
|-damage|p2a: Garganacl|92/100
|move|p2a: Garganacl|Iron Defense|p2a: Garganacl
|-boost|p2a: Garganacl|def|0
|
|-heal|p2a: Garganacl|98/100|[from] item: Leftovers
|-damage|p1a: Pecharunt|47/100|[from] Salt Cure
|upkeep
|turn|33
|
|t:|1760352790
|move|p1a: Pecharunt|Recover|p1a: Pecharunt
|-heal|p1a: Pecharunt|98/100
|move|p2a: Garganacl|Iron Defense|p2a: Garganacl
|-boost|p2a: Garganacl|def|0
|
|-heal|p2a: Garganacl|100/100|[from] item: Leftovers
|-damage|p1a: Pecharunt|85/100|[from] Salt Cure
|upkeep
|turn|34
|
|t:|1760352794
|move|p1a: Pecharunt|Shadow Ball|p2a: Garganacl
|-damage|p2a: Garganacl|92/100
|-unboost|p2a: Garganacl|spd|1
|move|p2a: Garganacl|Iron Defense|p2a: Garganacl
|-boost|p2a: Garganacl|def|0
|
|-heal|p2a: Garganacl|98/100|[from] item: Leftovers
|-damage|p1a: Pecharunt|73/100|[from] Salt Cure
|upkeep
|turn|35
|
|t:|1760352808
|switch|p2a: Gliscor|Gliscor, F|100/100 tox
|move|p1a: Pecharunt|Shadow Ball|p2a: Gliscor
|-damage|p2a: Gliscor|68/100 tox
|-unboost|p2a: Gliscor|spd|1
|
|-heal|p2a: Gliscor|81/100 tox|[from] ability: Poison Heal
|-damage|p1a: Pecharunt|60/100|[from] Salt Cure
|upkeep
|turn|36
|
|t:|1760352816
|switch|p1a: Latios|Latios, M|62/100
|-damage|p1a: Latios|50/100|[from] Stealth Rock
|switch|p2a: Great Tusk|Great Tusk|100/100
|
|upkeep
|turn|37
|
|t:|1760352829
|-end|p2a: Great Tusk|Protosynthesis|[silent]
|switch|p2a: Garganacl|Garganacl, M, tera:Water|98/100
|move|p1a: Latios|Psychic Noise|p2a: Garganacl
|-damage|p2a: Garganacl|63/100
|-start|p2a: Garganacl|move: Heal Block
|
|upkeep
|turn|38
|
|t:|1760352836
|move|p2a: Garganacl|Protect|p2a: Garganacl
|-singleturn|p2a: Garganacl|Protect
|move|p1a: Latios|Draco Meteor|p2a: Garganacl
|-activate|p2a: Garganacl|move: Protect
|
|-end|p2a: Garganacl|move: Heal Block
|upkeep
|turn|39
|
|t:|1760352841
|move|p1a: Latios|Psychic Noise|p2a: Garganacl
|-damage|p2a: Garganacl|28/100
|-start|p2a: Garganacl|move: Heal Block
|cant|p2a: Garganacl|move: Heal Block|Recover
|
|upkeep
|turn|40
|
|t:|1760352845
|move|p2a: Garganacl|Protect|p2a: Garganacl
|-singleturn|p2a: Garganacl|Protect
|move|p1a: Latios|Psychic Noise|p2a: Garganacl
|-activate|p2a: Garganacl|move: Protect
|
|-end|p2a: Garganacl|move: Heal Block
|upkeep
|turn|41
|
|t:|1760352850
|switch|p2a: Gliscor|Gliscor, F|81/100 tox
|move|p1a: Latios|Psychic Noise|p2a: Gliscor
|-damage|p2a: Gliscor|19/100 tox
|-start|p2a: Gliscor|move: Heal Block
|
|upkeep
|turn|42
|
|t:|1760352856
|move|p1a: Latios|Psychic Noise|p2a: Gliscor
|-damage|p2a: Gliscor|0 fnt
|faint|p2a: Gliscor
|
|upkeep
|
|t:|1760352859
|switch|p2a: Garganacl|Garganacl, M, tera:Water|28/100
|turn|43
|
|t:|1760352862
|move|p1a: Latios|Psychic Noise|p2a: Garganacl
|-damage|p2a: Garganacl|0 fnt
|faint|p2a: Garganacl
|
|upkeep
|-message|LionX_Pro forfeited.
|
|win|garcila28
|raw|garcila28's rating: 1303 &rarr; <strong>1321</strong><br />(+18 for winning)
|raw|LionX_Pro's rating: 1262 &rarr; <strong>1240</strong><br />(-22 for losing)
|l|☆LionX_Pro
|player|p2|
|l|☆garcila28
|player|p1|
