|j|‽PickXXX
|j|‽flinchirator
|t:|1760338516
|gametype|singles
|player|p1|PickXXX|1|1486
|player|p2|flinchirator|miku-ice|1512
|gen|9
|tier|[Gen 9] OU
|rated|
|rule|HP Percentage Mod: HP is shown in percentages
|rule|Endless Battle Clause: Forcing endless battles is banned
|rule|Species Clause: Limit one of each Pokémon
|rule|OHKO Clause: OHKO moves are banned
|rule|Evasion Items Clause: Evasion items are banned
|rule|Evasion Moves Clause: Evasion moves are banned
|rule|Evasion Abilities Clause: Evasion abilities are banned
|rule|Sleep Moves Clause: Sleep-inducing moves are banned
|clearpoke
|poke|p1|Alomomola, M|
|poke|p1|Garchomp, M|
|poke|p1|Darkrai|
|poke|p1|Iron Crown|
|poke|p1|Rillaboom, M|
|poke|p1|Hatterene, F|
|poke|p2|Iron Treads|
|poke|p2|Ogerpon-Wellspring, F|
|poke|p2|Iron Valiant|
|poke|p2|Dragonite, F|
|poke|p2|Dragapult, F|
|poke|p2|Zapdos|
|teampreview
|inactive|Battle timer is ON: inactive players will automatically lose when time's up. (requested by flinchirator)
|
|t:|1760338534
|teamsize|p1|6
|teamsize|p2|6
|start
|switch|p1a: Garchomp|Garchomp, M|100/100
|switch|p2a: Dragapult|Dragapult, F|100/100
|turn|1
|
|t:|1760338540
|switch|p1a: Alomomola|Alomomola, M|100/100
|move|p2a: Dragapult|Draco Meteor|p1a: Alomomola
|-damage|p1a: Alomomola|68/100
|-unboost|p2a: Dragapult|spa|2
|
|upkeep
|turn|2
|
|t:|1760338547
|switch|p2a: Ogerpon|Ogerpon-Wellspring, F|100/100
|move|p1a: Alomomola|Body Slam|p2a: Ogerpon
|-crit|p2a: Ogerpon
|-damage|p2a: Ogerpon|68/100
|-status|p2a: Ogerpon|par
|
|upkeep
|turn|3
|
|t:|1760338559
|switch|p1a: Rillaboom|Rillaboom, M|100/100
|-fieldstart|move: Grassy Terrain|[from] ability: Grassy Surge|[of] p1a: Rillaboom
|cant|p2a: Ogerpon|par
|
|-heal|p2a: Ogerpon|74/100 par|[from] Grassy Terrain
|upkeep
|turn|4
|inactive|flinchirator has 120 seconds left.
|
|t:|1760338611
|switch|p2a: Zapdos|Zapdos|100/100
|move|p1a: Rillaboom|Wood Hammer|p2a: Zapdos
|-resisted|p2a: Zapdos
|-damage|p2a: Zapdos|70/100
|-damage|p1a: Rillaboom|89/100|[from] Recoil
|
|-heal|p1a: Rillaboom|96/100|[from] Grassy Terrain
|upkeep
|turn|5
|
|t:|1760338618
|switch|p1a: Alomomola|Alomomola, M|100/100
|move|p2a: Zapdos|U-turn|p1a: Alomomola
|-damage|p1a: Alomomola|90/100
|
|t:|1760338624
|switch|p2a: Ogerpon|Ogerpon-Wellspring, F|74/100 par|[from] U-turn
|
|-heal|p2a: Ogerpon|80/100 par|[from] Grassy Terrain
|-heal|p1a: Alomomola|96/100|[from] Grassy Terrain
|upkeep
|turn|6
|
|t:|1760338637
|switch|p1a: Garchomp|Garchomp, M|100/100
|move|p2a: Ogerpon|Power Whip|p1a: Garchomp
|-crit|p1a: Garchomp
|-damage|p1a: Garchomp|13/100
|-damage|p2a: Ogerpon|67/100 par|[from] ability: Rough Skin|[of] p1a: Garchomp
|-damage|p2a: Ogerpon|51/100 par|[from] item: Rocky Helmet|[of] p1a: Garchomp
|
|-heal|p1a: Garchomp|19/100|[from] Grassy Terrain
|-heal|p2a: Ogerpon|57/100 par|[from] Grassy Terrain
|upkeep
|turn|7
|inactive|flinchirator has 120 seconds left.
|
|t:|1760338647
|switch|p1a: Iron Crown|Iron Crown|100/100
|move|p2a: Ogerpon|Power Whip|p1a: Iron Crown|[miss]
|-miss|p2a: Ogerpon|p1a: Iron Crown
|
|-heal|p2a: Ogerpon|63/100 par|[from] Grassy Terrain
|-fieldend|move: Grassy Terrain
|upkeep
|turn|8
|
|t:|1760338654
|switch|p2a: Iron Treads|Iron Treads|100/100
|move|p1a: Iron Crown|Psychic Noise|p2a: Iron Treads
|-resisted|p2a: Iron Treads
|-damage|p2a: Iron Treads|76/100
|-start|p2a: Iron Treads|move: Heal Block
|
|upkeep
|turn|9
|
|t:|1760338663
|-end|p1a: Iron Crown|Quark Drive|[silent]
|switch|p1a: Hatterene|Hatterene, F|100/100
|move|p2a: Iron Treads|Knock Off|p1a: Hatterene
|-damage|p1a: Hatterene|81/100
|-enditem|p1a: Hatterene|Leftovers|[from] move: Knock Off|[of] p2a: Iron Treads
|
|-end|p2a: Iron Treads|move: Heal Block
|upkeep
|turn|10
|
|t:|1760338676
|move|p2a: Iron Treads|Earthquake|p1a: Hatterene
|-damage|p1a: Hatterene|48/100
|move|p1a: Hatterene|Mystical Fire|p2a: Iron Treads
|-supereffective|p2a: Iron Treads
|-damage|p2a: Iron Treads|38/100
|-unboost|p2a: Iron Treads|spa|1
|
|-heal|p2a: Iron Treads|44/100|[from] item: Leftovers
|upkeep
|turn|11
|
|t:|1760338684
|-end|p2a: Iron Treads|Quark Drive|[silent]
|switch|p2a: Dragapult|Dragapult, F|100/100
|switch|p1a: Rillaboom|Rillaboom, M|96/100
|-fieldstart|move: Grassy Terrain|[from] ability: Grassy Surge|[of] p1a: Rillaboom
|
|-heal|p1a: Rillaboom|100/100|[from] Grassy Terrain
|upkeep
|turn|12
|
|t:|1760338695
|switch|p1a: Alomomola|Alomomola, M|100/100
|move|p2a: Dragapult|Flamethrower|p1a: Alomomola
|-resisted|p1a: Alomomola
|-damage|p1a: Alomomola|94/100
|
|-heal|p1a: Alomomola|99/100|[from] Grassy Terrain
|upkeep
|turn|13
|
|t:|1760338709
|switch|p2a: Zapdos|Zapdos|70/100
|switch|p1a: Darkrai|Darkrai|100/100
|
|upkeep
|turn|14
|j|@Neko
|
|t:|1760338718
|switch|p2a: Iron Treads|Iron Treads|44/100
|move|p1a: Darkrai|Dark Pulse|p2a: Iron Treads
|-damage|p2a: Iron Treads|8/100
|
|-heal|p2a: Iron Treads|14/100|[from] Grassy Terrain
|-heal|p2a: Iron Treads|20/100|[from] item: Leftovers
|upkeep
|turn|15
|l|@Neko
|inactive|flinchirator has 120 seconds left.
|
|t:|1760338761
|move|p1a: Darkrai|Dark Pulse|p2a: Iron Treads
|-damage|p2a: Iron Treads|0 fnt
|faint|p2a: Iron Treads
|-end|p2a: Iron Treads|Quark Drive|[silent]
|
|-fieldend|move: Grassy Terrain
|upkeep
|
|t:|1760338771
|switch|p2a: Iron Valiant|Iron Valiant|100/100
|-enditem|p2a: Iron Valiant|Booster Energy
|-activate|p2a: Iron Valiant|ability: Quark Drive|[fromitem]
|-start|p2a: Iron Valiant|quarkdrivespe
|turn|16
|
|t:|1760338785
|switch|p1a: Alomomola|Alomomola, M|100/100
|move|p2a: Iron Valiant|Swords Dance|p2a: Iron Valiant
|-boost|p2a: Iron Valiant|atk|2
|
|upkeep
|turn|17
|inactive|flinchirator has 120 seconds left.
|
|t:|1760338791
|move|p2a: Iron Valiant|Close Combat|p1a: Alomomola
|-damage|p1a: Alomomola|11/100
|-unboost|p2a: Iron Valiant|def|1
|-unboost|p2a: Iron Valiant|spd|1
|move|p1a: Alomomola|Flip Turn|p2a: Iron Valiant
|-damage|p2a: Iron Valiant|68/100
|
|t:|1760338800
|switch|p1a: Rillaboom|Rillaboom, M|100/100|[from] Flip Turn
|-fieldstart|move: Grassy Terrain|[from] ability: Grassy Surge|[of] p1a: Rillaboom
|
|-heal|p2a: Iron Valiant|75/100|[from] Grassy Terrain
|upkeep
|turn|18
|
|t:|1760338806
|-end|p2a: Iron Valiant|Quark Drive|[silent]
|switch|p2a: Zapdos|Zapdos|70/100
|move|p1a: Rillaboom|Grassy Glide|p2a: Zapdos
|-resisted|p2a: Zapdos
|-damage|p2a: Zapdos|57/100
|
|upkeep
|turn|19
|
|t:|1760338813
|switch|p1a: Garchomp|Garchomp, M|19/100
|move|p2a: Zapdos|U-turn|p1a: Garchomp
|-damage|p1a: Garchomp|11/100
|-damage|p2a: Zapdos|45/100|[from] ability: Rough Skin|[of] p1a: Garchomp
|-damage|p2a: Zapdos|28/100|[from] item: Rocky Helmet|[of] p1a: Garchomp
|
|t:|1760338828
|switch|p2a: Dragapult|Dragapult, F|100/100|[from] U-turn
|
|-heal|p1a: Garchomp|17/100|[from] Grassy Terrain
|upkeep
|turn|20
|
|t:|1760338836
|switch|p1a: Darkrai|Darkrai|100/100
|move|p2a: Dragapult|Shadow Ball|p1a: Darkrai
|-resisted|p1a: Darkrai
|-damage|p1a: Darkrai|77/100
|
|-heal|p1a: Darkrai|83/100|[from] Grassy Terrain
|upkeep
|turn|21
|
|t:|1760338846
|move|p2a: Dragapult|Dragon Darts|p1a: Darkrai
|-damage|p1a: Darkrai|52/100
|-anim|p2a: Dragapult|Dragon Darts|p1a: Darkrai
|-damage|p1a: Darkrai|18/100
|move|p1a: Darkrai|Sludge Bomb|p2a: Dragapult
|-resisted|p2a: Dragapult
|-damage|p2a: Dragapult|77/100
|-status|p2a: Dragapult|psn
|
|-heal|p2a: Dragapult|83/100 psn|[from] Grassy Terrain
|-heal|p1a: Darkrai|24/100|[from] Grassy Terrain
|-damage|p2a: Dragapult|71/100 psn|[from] psn
|-fieldend|move: Grassy Terrain
|upkeep
|turn|22
|
|t:|1760338858
|switch|p1a: Rillaboom|Rillaboom, M|100/100
|-fieldstart|move: Grassy Terrain|[from] ability: Grassy Surge|[of] p1a: Rillaboom
|move|p2a: Dragapult|Flamethrower|p1a: Rillaboom
|-supereffective|p1a: Rillaboom
|-damage|p1a: Rillaboom|31/100
|
|-heal|p1a: Rillaboom|37/100|[from] Grassy Terrain
|-heal|p2a: Dragapult|77/100 psn|[from] Grassy Terrain
|-damage|p2a: Dragapult|65/100 psn|[from] psn
|upkeep
|turn|23
|
|t:|1760338865
|move|p1a: Rillaboom|Knock Off|p2a: Dragapult
|-supereffective|p2a: Dragapult
|-damage|p2a: Dragapult|0 fnt
|-enditem|p2a: Dragapult|Dragon Fang|[from] move: Knock Off|[of] p1a: Rillaboom
|faint|p2a: Dragapult
|
|-heal|p1a: Rillaboom|43/100|[from] Grassy Terrain
|upkeep
|
|t:|1760338877
|switch|p2a: Iron Valiant|Iron Valiant|75/100
|turn|24
|
|t:|1760338886
|switch|p1a: Garchomp|Garchomp, M|17/100
|move|p2a: Iron Valiant|Swords Dance|p2a: Iron Valiant
|-boost|p2a: Iron Valiant|atk|2
|
|-heal|p2a: Iron Valiant|81/100|[from] Grassy Terrain
|-heal|p1a: Garchomp|23/100|[from] Grassy Terrain
|upkeep
|turn|25
|
|t:|1760338892
|move|p2a: Iron Valiant|Knock Off|p1a: Garchomp
|-damage|p1a: Garchomp|0 fnt
|-damage|p2a: Iron Valiant|68/100|[from] ability: Rough Skin|[of] p1a: Garchomp
|-damage|p2a: Iron Valiant|52/100|[from] item: Rocky Helmet|[of] p1a: Garchomp
|-enditem|p1a: Garchomp|Rocky Helmet|[from] move: Knock Off|[of] p2a: Iron Valiant
|faint|p1a: Garchomp
|
|-heal|p2a: Iron Valiant|58/100|[from] Grassy Terrain
|upkeep
|
|t:|1760338897
|switch|p1a: Rillaboom|Rillaboom, M|43/100
|turn|26
|
|t:|1760338903
|-end|p2a: Iron Valiant|Quark Drive|[silent]
|switch|p2a: Zapdos|Zapdos|28/100
|move|p1a: Rillaboom|Wood Hammer|p2a: Zapdos
|-resisted|p2a: Zapdos
|-damage|p2a: Zapdos|0 fnt
|faint|p2a: Zapdos
|-damage|p1a: Rillaboom|33/100|[from] Recoil
|
|-heal|p1a: Rillaboom|39/100|[from] Grassy Terrain
|-fieldend|move: Grassy Terrain
|upkeep
|
|t:|1760338910
|switch|p2a: Iron Valiant|Iron Valiant|58/100
|turn|27
|
|t:|1760338915
|move|p1a: Rillaboom|Wood Hammer|p2a: Iron Valiant
|-damage|p2a: Iron Valiant|0 fnt
|faint|p2a: Iron Valiant
|-end|p2a: Iron Valiant|Quark Drive|[silent]
|-damage|p1a: Rillaboom|23/100|[from] Recoil
|
|upkeep
|
|t:|1760338918
|switch|p2a: Dragonite|Dragonite, F|100/100
|turn|28
|
|t:|1760338923
|switch|p1a: Alomomola|Alomomola, M|44/100
|move|p2a: Dragonite|Dragon Dance|p2a: Dragonite
|-boost|p2a: Dragonite|atk|1
|-boost|p2a: Dragonite|spe|1
|
|upkeep
|turn|29
|
|t:|1760338927
|move|p2a: Dragonite|Dragon Dance|p2a: Dragonite
|-boost|p2a: Dragonite|atk|1
|-boost|p2a: Dragonite|spe|1
|move|p1a: Alomomola|Flip Turn|p2a: Dragonite
|-resisted|p2a: Dragonite
|-damage|p2a: Dragonite|96/100
|
|t:|1760338933
|switch|p1a: Iron Crown|Iron Crown|100/100|[from] Flip Turn
|
|upkeep
|turn|30
|
|t:|1760338937
|move|p2a: Dragonite|Extreme Speed|p1a: Iron Crown
|-resisted|p1a: Iron Crown
|-damage|p1a: Iron Crown|67/100
|move|p1a: Iron Crown|Tachyon Cutter|p2a: Dragonite
|-damage|p2a: Dragonite|59/100
|-damage|p2a: Dragonite|17/100
|-hitcount|p2a: Dragonite|2
|
|upkeep
|turn|31
|-message|flinchirator forfeited.
|
|win|PickXXX
