|j|☆peach boy test
|j|☆hamoodhabibihamood
|t:|1760430956
|gametype|singles
|player|p1|peach boy test|drayden|1211
|player|p2|hamoodhabibihamood|rocketgrunt|1156
|gen|9
|tier|[Gen 9] OU
|rated|
|rule|HP Percentage Mod: HP is shown in percentages
|rule|Endless Battle Clause: Forcing endless battles is banned
|rule|Species Clause: Limit one of each Pokémon
|rule|OHKO Clause: OHKO moves are banned
|rule|Evasion Items Clause: Evasion items are banned
|rule|Evasion Moves Clause: Evasion moves are banned
|rule|Evasion Abilities Clause: Evasion abilities are banned
|rule|Sleep Moves Clause: Sleep-inducing moves are banned
|clearpoke
|poke|p1|Iron Hands|
|poke|p1|Moltres|
|poke|p1|Oricorio-Sensu, F|
|poke|p1|Weezing-Galar, M|
|poke|p1|Garchomp, F|
|poke|p1|Lokix, M|
|poke|p2|Quaquaval, F|
|poke|p2|Pelipper, F|
|poke|p2|Ogerpon-Wellspring, F|
|poke|p2|Walking Wake|
|poke|p2|Corviknight, M|
|poke|p2|Barraskewda, M|
|teampreview
|inactive|Battle timer is ON: inactive players will automatically lose when time's up. (requested by hamoodhabibihamood)
|inactive|peach boy test also wants the timer to be on.
|
|t:|1760430968
|teamsize|p1|6
|teamsize|p2|6
|start
|switch|p1a: Garth Champ|Garchomp, F|100/100
|switch|p2a: Pelipper|Pelipper, F|100/100
|-weather|RainDance|[from] ability: Drizzle|[of] p2a: Pelipper
|turn|1
|c|☆peach boy test|glhf :)
|
|t:|1760430975
|switch|p2a: Barraskewda|Barraskewda, M|100/100
|move|p1a: Garth Champ|Stealth Rock|p2a: Barraskewda
|-sidestart|p2: hamoodhabibihamood|move: Stealth Rock
|
|-weather|RainDance|[upkeep]
|upkeep
|turn|2
|
|t:|1760430980
|move|p2a: Barraskewda|Waterfall|p1a: Garth Champ
|-damage|p1a: Garth Champ|43/100
|-damage|p2a: Barraskewda|88/100|[from] ability: Rough Skin|[of] p1a: Garth Champ
|-damage|p2a: Barraskewda|72/100|[from] item: Rocky Helmet|[of] p1a: Garth Champ
|cant|p1a: Garth Champ|flinch
|
|-weather|RainDance|[upkeep]
|upkeep
|turn|3
|c|☆peach boy test|damn, nice flinch
|
|t:|1760430992
|move|p2a: Barraskewda|Waterfall|p1a: Garth Champ
|-damage|p1a: Garth Champ|0 fnt
|-damage|p2a: Barraskewda|60/100|[from] ability: Rough Skin|[of] p1a: Garth Champ
|-damage|p2a: Barraskewda|43/100|[from] item: Rocky Helmet|[of] p1a: Garth Champ
|faint|p1a: Garth Champ
|
|-weather|RainDance|[upkeep]
|upkeep
|
|t:|1760430994
|switch|p1a: Ramen Kaider|Lokix, M|100/100
|turn|4
|
|t:|1760430995
|move|p1a: Ramen Kaider|First Impression|p2a: Barraskewda
|-damage|p2a: Barraskewda|0 fnt
|faint|p2a: Barraskewda
|
|-weather|RainDance|[upkeep]
|upkeep
|
|t:|1760430998
|switch|p2a: Quaquaval|Quaquaval, F|100/100
|-damage|p2a: Quaquaval|94/100|[from] Stealth Rock
|turn|5
|
|t:|1760431003
|switch|p1a: Ollie Corio|Oricorio-Sensu, F|100/100
|-terastallize|p2a: Quaquaval|Water
|move|p2a: Quaquaval|Aqua Step|p1a: Ollie Corio
|-crit|p1a: Ollie Corio
|-damage|p1a: Ollie Corio|0 fnt
|-boost|p2a: Quaquaval|spe|1
|-damage|p2a: Quaquaval|78/100|[from] item: Rocky Helmet|[of] p1a: Ollie Corio
|faint|p1a: Ollie Corio
|-ability|p2a: Quaquaval|Moxie|boost
|-boost|p2a: Quaquaval|atk|1
|
|-weather|RainDance|[upkeep]
|upkeep
|c|☆hamoodhabibihamood|ur gonna love this
|c|☆peach boy test|nice thought you'd rapid spin
|
|t:|1760431014
|switch|p1a: Ramen Kaider|Lokix, M|100/100
|turn|6
|
|t:|1760431016
|-terastallize|p1a: Ramen Kaider|Bug
|move|p1a: Ramen Kaider|First Impression|p2a: Quaquaval
|-damage|p2a: Quaquaval|0 fnt
|faint|p2a: Quaquaval
|
|-weather|RainDance|[upkeep]
|upkeep
|
|t:|1760431020
|switch|p2a: Walking Wake|Walking Wake|100/100
|-damage|p2a: Walking Wake|88/100|[from] Stealth Rock
|turn|7
|
|t:|1760431030
|switch|p1a: trawl mez|Moltres|100/100
|move|p2a: Walking Wake|Hydro Pump|p1a: trawl mez|[miss]
|-miss|p2a: Walking Wake|p1a: trawl mez
|
|-weather|RainDance|[upkeep]
|upkeep
|turn|8
|
|t:|1760431035
|move|p2a: Walking Wake|Hydro Pump|p1a: trawl mez|[miss]
|-miss|p2a: Walking Wake|p1a: trawl mez
|move|p1a: trawl mez|Roar|p2a: Walking Wake
|-end|p2a: Walking Wake|Protosynthesis|[silent]
|drag|p2a: Ogerpon|Ogerpon-Wellspring, F|100/100
|-damage|p2a: Ogerpon|88/100|[from] Stealth Rock
|
|-weather|none
|upkeep
|turn|9
|
|t:|1760431040
|switch|p2a: Corviknight|Corviknight, M|100/100
|-ability|p2a: Corviknight|Pressure
|move|p1a: trawl mez|U-turn|p2a: Corviknight
|-resisted|p2a: Corviknight
|-damage|p2a: Corviknight|98/100
|
|t:|1760431045
|switch|p1a: Brian Hands|Iron Hands|100/100|[from] U-turn
|-enditem|p1a: Brian Hands|Booster Energy
|-activate|p1a: Brian Hands|ability: Quark Drive|[fromitem]
|-start|p1a: Brian Hands|quarkdriveatk
|
|upkeep
|turn|10
|
|t:|1760431048
|move|p2a: Corviknight|Defog|p1a: Brian Hands
|-unboost|p1a: Brian Hands|evasion|1
|-sideend|p2: hamoodhabibihamood|Stealth Rock|[from] move: Defog|[of] p2a: Corviknight
|move|p1a: Brian Hands|Thunder Punch|p2a: Corviknight
|-supereffective|p2a: Corviknight
|-damage|p2a: Corviknight|26/100
|
|upkeep
|turn|11
|
|t:|1760431053
|move|p2a: Corviknight|Body Press|p1a: Brian Hands
|-damage|p1a: Brian Hands|83/100
|move|p1a: Brian Hands|Drain Punch|p2a: Corviknight
|-damage|p2a: Corviknight|0 fnt
|-heal|p1a: Brian Hands|94/100|[from] drain|[of] p2a: Corviknight
|faint|p2a: Corviknight
|
|upkeep
|
|t:|1760431056
|switch|p2a: Pelipper|Pelipper, F|100/100
|-weather|RainDance|[from] ability: Drizzle|[of] p2a: Pelipper
|turn|12
|
|t:|1760431060
|switch|p2a: Walking Wake|Walking Wake|88/100
|move|p1a: Brian Hands|Thunder Punch|p2a: Walking Wake
|-damage|p2a: Walking Wake|23/100
|
|-weather|RainDance|[upkeep]
|upkeep
|turn|13
|
|t:|1760431066
|move|p2a: Walking Wake|Hydro Pump|p1a: Brian Hands
|-damage|p1a: Brian Hands|0 fnt
|faint|p1a: Brian Hands
|-end|p1a: Brian Hands|Quark Drive|[silent]
|
|-weather|RainDance|[upkeep]
|upkeep
|
|t:|1760431069
|switch|p1a: Ramen Kaider|Lokix, M, tera:Bug|100/100
|turn|14
|
|t:|1760431071
|move|p1a: Ramen Kaider|First Impression|p2a: Walking Wake
|-damage|p2a: Walking Wake|0 fnt
|faint|p2a: Walking Wake
|-end|p2a: Walking Wake|Protosynthesis|[silent]
|
|-weather|RainDance|[upkeep]
|upkeep
|
|t:|1760431073
|switch|p2a: Ogerpon|Ogerpon-Wellspring, F|88/100
|turn|15
|
|t:|1760431078
|switch|p1a: trawl mez|Moltres|100/100
|move|p2a: Ogerpon|Ivy Cudgel|p1a: trawl mez|[anim] Ivy Cudgel Water
|-supereffective|p1a: trawl mez
|-crit|p1a: trawl mez
|-damage|p1a: trawl mez|0 fnt
|faint|p1a: trawl mez
|
|-weather|RainDance|[upkeep]
|upkeep
|
|t:|1760431079
|switch|p1a: walling Geezer|Weezing-Galar, M|100/100
|-ability|p1a: walling Geezer|Neutralizing Gas
|turn|16
|
|t:|1760431083
|move|p2a: Ogerpon|Ivy Cudgel|p1a: walling Geezer|[anim] Ivy Cudgel Water
|-damage|p1a: walling Geezer|42/100
|move|p1a: walling Geezer|Will-O-Wisp|p2a: Ogerpon
|-status|p2a: Ogerpon|brn
|
|-weather|RainDance|[upkeep]
|-damage|p2a: Ogerpon|82/100 brn|[from] brn
|upkeep
|turn|17
|
|t:|1760431089
|move|p2a: Ogerpon|Swords Dance|p2a: Ogerpon
|-boost|p2a: Ogerpon|atk|2
|move|p1a: walling Geezer|Pain Split|p2a: Ogerpon
|-sethp|p2a: Ogerpon|64/100 brn|[from] move: Pain Split|[silent]
|-sethp|p1a: walling Geezer|58/100|[from] move: Pain Split
|
|-weather|RainDance|[upkeep]
|-damage|p2a: Ogerpon|58/100 brn|[from] brn
|upkeep
|turn|18
|
|t:|1760431091
|move|p2a: Ogerpon|Ivy Cudgel|p1a: walling Geezer|[anim] Ivy Cudgel Water
|-damage|p1a: walling Geezer|2/100
|move|p1a: walling Geezer|Strange Steam|p2a: Ogerpon
|-damage|p2a: Ogerpon|25/100 brn
|
|-weather|RainDance|[upkeep]
|-damage|p2a: Ogerpon|19/100 brn|[from] brn
|upkeep
|turn|19
|
|t:|1760431098
|move|p2a: Ogerpon|Ivy Cudgel|p1a: walling Geezer|[anim] Ivy Cudgel Water
|-damage|p1a: walling Geezer|0 fnt
|faint|p1a: walling Geezer
|-end|p1a: walling Geezer|ability: Neutralizing Gas
|
|-weather|none
|-damage|p2a: Ogerpon|13/100 brn|[from] brn
|upkeep
|
|t:|1760431100
|switch|p1a: Ramen Kaider|Lokix, M, tera:Bug|100/100
|turn|20
|
|t:|1760431102
|move|p1a: Ramen Kaider|First Impression|p2a: Ogerpon
|-supereffective|p2a: Ogerpon
|-damage|p2a: Ogerpon|0 fnt
|faint|p2a: Ogerpon
|
|upkeep
|
|t:|1760431104
|switch|p2a: Pelipper|Pelipper, F|100/100
|-weather|RainDance|[from] ability: Drizzle|[of] p2a: Pelipper
|turn|21
|c|☆hamoodhabibihamood|and thats a wrap
|c|☆hamoodhabibihamood|gg
|c|☆peach boy test|gg!
|
|t:|1760431112
|move|p1a: Ramen Kaider|Knock Off|p2a: Pelipper
|-damage|p2a: Pelipper|65/100
|-enditem|p2a: Pelipper|Damp Rock|[from] move: Knock Off|[of] p1a: Ramen Kaider
|move|p2a: Pelipper|Hurricane|p1a: Ramen Kaider
|-supereffective|p1a: Ramen Kaider
|-damage|p1a: Ramen Kaider|0 fnt
|faint|p1a: Ramen Kaider
|
|win|hamoodhabibihamood
|raw|peach boy test's rating: 1211 &rarr; <strong>1182</strong><br />(-29 for losing)
|raw|hamoodhabibihamood's rating: 1156 &rarr; <strong>1185</strong><br />(+29 for winning)
|l|☆hamoodhabibihamood
|player|p2|
|l|☆peach boy test
|player|p1|
