|j|☆dr. drake6782
|j|‽universe mon
|t:|1760377366
|gametype|singles
|player|p1|dr. drake6782|hilbert-masters|1647
|player|p2|universe mon|li|1768
|gen|9
|tier|[Gen 9] OU
|rated|
|rule|HP Percentage Mod: HP is shown in percentages
|rule|Endless Battle Clause: Forcing endless battles is banned
|rule|Species Clause: Limit one of each Pokémon
|rule|OHKO Clause: OHKO moves are banned
|rule|Evasion Items Clause: Evasion items are banned
|rule|Evasion Moves Clause: Evasion moves are banned
|rule|Evasion Abilities Clause: Evasion abilities are banned
|rule|Sleep Moves Clause: Sleep-inducing moves are banned
|clearpoke
|poke|p1|Pelipper, M|
|poke|p1|Tornadus-Therian, M|
|poke|p1|Iron Treads|
|poke|p1|Decidueye-Hisui, M|
|poke|p1|Barraskewda, M|
|poke|p1|Raging Bolt|
|poke|p2|Ninetales-Alola, M|
|poke|p2|Klefki, F|
|poke|p2|Latias, F|
|poke|p2|Maushold-Four|
|poke|p2|Ogerpon-Wellspring, F|
|poke|p2|Necrozma|
|teampreview
|inactive|Battle timer is ON: inactive players will automatically lose when time's up. (requested by dr. drake6782)
|
|t:|1760377384
|teamsize|p1|6
|teamsize|p2|6
|start
|switch|p1a: Pelipper|Pelipper, M|100/100
|switch|p2a: Klefki|Klefki, F|100/100
|-weather|RainDance|[from] ability: Drizzle|[of] p1a: Pelipper
|turn|1
|
|t:|1760377390
|move|p2a: Klefki|Light Screen|p2a: Klefki
|-sidestart|p2: universe mon|move: Light Screen
|move|p1a: Pelipper|U-turn|p2a: Klefki
|-resisted|p2a: Klefki
|-damage|p2a: Klefki|98/100
|
|t:|1760377394
|switch|p1a: Decidueye|Decidueye-Hisui, M, shiny|100/100|[from] U-turn
|
|-weather|RainDance|[upkeep]
|upkeep
|turn|2
|
|t:|1760377396
|move|p2a: Klefki|Reflect|p2a: Klefki
|-sidestart|p2: universe mon|Reflect
|move|p1a: Decidueye|Defog|p2a: Klefki
|-unboost|p2a: Klefki|evasion|1
|-sideend|p2: universe mon|Reflect
|-sideend|p2: universe mon|move: Light Screen
|
|-weather|RainDance|[upkeep]
|upkeep
|turn|3
|
|t:|1760377399
|move|p2a: Klefki|Thunder Wave|p1a: Decidueye
|-status|p1a: Decidueye|par
|move|p1a: Decidueye|Triple Arrows|p2a: Klefki
|-damage|p2a: Klefki|65/100
|-unboost|p2a: Klefki|def|1
|
|-weather|RainDance|[upkeep]
|upkeep
|turn|4
|
|t:|1760377403
|switch|p2a: Ninetales|Ninetales-Alola, M|100/100
|-weather|Snowscape|[from] ability: Snow Warning|[of] p2a: Ninetales
|move|p1a: Decidueye|Triple Arrows|p2a: Ninetales
|-damage|p2a: Ninetales|74/100
|
|-weather|Snowscape|[upkeep]
|upkeep
|turn|5
|
|t:|1760377413
|move|p2a: Ninetales|Freeze-Dry|p1a: Decidueye
|-supereffective|p1a: Decidueye
|-damage|p1a: Decidueye|62/100 par
|move|p1a: Decidueye|Defog|p2a: Ninetales
|-unboost|p2a: Ninetales|evasion|1
|
|-weather|Snowscape|[upkeep]
|upkeep
|turn|6
|
|t:|1760377418
|switch|p1a: Iron Treads|Iron Treads|100/100
|move|p2a: Ninetales|Aurora Veil|p2a: Ninetales
|-sidestart|p2: universe mon|move: Aurora Veil
|
|-weather|Snowscape|[upkeep]
|upkeep
|turn|7
|
|t:|1760377423
|switch|p2a: Ogerpon|Ogerpon-Wellspring, F|100/100
|move|p1a: Iron Treads|Knock Off|p2a: Ogerpon
|-damage|p2a: Ogerpon|91/100
|
|-weather|Snowscape|[upkeep]
|upkeep
|turn|8
|
|t:|1760377426
|-end|p1a: Iron Treads|Quark Drive|[silent]
|switch|p1a: Decidueye|Decidueye-Hisui, M, shiny|62/100 par
|move|p2a: Ogerpon|Trailblaze|p1a: Decidueye
|-resisted|p1a: Decidueye
|-damage|p1a: Decidueye|49/100 par
|-boost|p2a: Ogerpon|spe|1
|-damage|p2a: Ogerpon|74/100|[from] item: Rocky Helmet|[of] p1a: Decidueye
|
|-weather|none
|upkeep
|turn|9
|
|t:|1760377431
|move|p2a: Ogerpon|Swords Dance|p2a: Ogerpon
|-boost|p2a: Ogerpon|atk|2
|move|p1a: Decidueye|Defog|p2a: Ogerpon
|-unboost|p2a: Ogerpon|evasion|1
|-sideend|p2: universe mon|move: Aurora Veil
|
|upkeep
|turn|10
|
|t:|1760377436
|move|p2a: Ogerpon|Ivy Cudgel|p1a: Decidueye|[anim] Ivy Cudgel Water
|-resisted|p1a: Decidueye
|-damage|p1a: Decidueye|0 fnt
|faint|p1a: Decidueye
|
|upkeep
|
|t:|1760377442
|switch|p1a: Pelipper|Pelipper, M|100/100
|-weather|RainDance|[from] ability: Drizzle|[of] p1a: Pelipper
|turn|11
|
|t:|1760377444
|move|p2a: Ogerpon|Ivy Cudgel|p1a: Pelipper|[anim] Ivy Cudgel Water
|-resisted|p1a: Pelipper
|-damage|p1a: Pelipper|31/100
|move|p1a: Pelipper|U-turn|p2a: Ogerpon
|-supereffective|p2a: Ogerpon
|-crit|p2a: Ogerpon
|-damage|p2a: Ogerpon|40/100
|
|t:|1760377447
|switch|p1a: Barraskewda|Barraskewda, M, shiny|100/100|[from] U-turn
|
|-weather|RainDance|[upkeep]
|upkeep
|turn|12
|
|t:|1760377449
|move|p1a: Barraskewda|Close Combat|p2a: Ogerpon
|-damage|p2a: Ogerpon|0 fnt
|-unboost|p1a: Barraskewda|def|1
|-unboost|p1a: Barraskewda|spd|1
|faint|p2a: Ogerpon
|-damage|p1a: Barraskewda|91/100|[from] item: Life Orb
|
|-weather|RainDance|[upkeep]
|upkeep
|
|t:|1760377453
|switch|p2a: Ninetales|Ninetales-Alola, M|74/100
|-weather|Snowscape|[from] ability: Snow Warning|[of] p2a: Ninetales
|turn|13
|
|t:|1760377454
|move|p1a: Barraskewda|Flip Turn|p2a: Ninetales
|-damage|p2a: Ninetales|40/100
|-damage|p1a: Barraskewda|81/100|[from] item: Life Orb
|
|t:|1760377456
|switch|p1a: Pelipper|Pelipper, M|31/100|[from] Flip Turn
|-weather|RainDance|[from] ability: Drizzle|[of] p1a: Pelipper
|move|p2a: Ninetales|Freeze-Dry|p1a: Pelipper
|-supereffective|p1a: Pelipper
|-damage|p1a: Pelipper|0 fnt
|faint|p1a: Pelipper
|
|-weather|RainDance|[upkeep]
|upkeep
|
|t:|1760377458
|switch|p1a: Barraskewda|Barraskewda, M, shiny|81/100
|turn|14
|
|t:|1760377483
|switch|p2a: Necrozma|Necrozma|100/100
|move|p1a: Barraskewda|Liquidation|p2a: Necrozma
|-damage|p2a: Necrozma|6/100
|-damage|p1a: Barraskewda|71/100|[from] item: Life Orb
|
|-weather|RainDance|[upkeep]
|-heal|p2a: Necrozma|12/100|[from] item: Leftovers
|upkeep
|turn|15
|
|t:|1760377486
|move|p1a: Barraskewda|Liquidation|p2a: Necrozma
|-damage|p2a: Necrozma|0 fnt
|faint|p2a: Necrozma
|-damage|p1a: Barraskewda|61/100|[from] item: Life Orb
|
|-weather|RainDance|[upkeep]
|upkeep
|
|t:|1760377488
|switch|p2a: Klefki|Klefki, F|65/100
|turn|16
|
|t:|1760377496
|move|p2a: Klefki|Reflect|p2a: Klefki
|-sidestart|p2: universe mon|Reflect
|move|p1a: Barraskewda|Liquidation|p2a: Klefki
|-damage|p2a: Klefki|17/100
|-damage|p1a: Barraskewda|51/100|[from] item: Life Orb
|
|-weather|RainDance|[upkeep]
|upkeep
|turn|17
|
|t:|1760377509
|move|p1a: Barraskewda|Aqua Jet|p2a: Klefki
|-damage|p2a: Klefki|0 fnt
|faint|p2a: Klefki
|-damage|p1a: Barraskewda|41/100|[from] item: Life Orb
|
|-weather|RainDance|[upkeep]
|upkeep
|
|t:|1760377513
|switch|p2a: Latias|Latias, F|100/100
|turn|18
|
|t:|1760377517
|move|p1a: Barraskewda|Flip Turn|p2a: Latias
|-resisted|p2a: Latias
|-damage|p2a: Latias|85/100
|-damage|p1a: Barraskewda|31/100|[from] item: Life Orb
|
|t:|1760377518
|switch|p1a: Tornadus|Tornadus-Therian, M|100/100|[from] Flip Turn
|move|p2a: Latias|Agility|p2a: Latias
|-boost|p2a: Latias|spe|2
|
|-weather|RainDance|[upkeep]
|upkeep
|turn|19
|
|t:|1760377520
|-terastallize|p1a: Tornadus|Flying
|move|p2a: Latias|Calm Mind|p2a: Latias
|-boost|p2a: Latias|spa|1
|-boost|p2a: Latias|spd|1
|move|p1a: Tornadus|Hurricane|p2a: Latias
|-damage|p2a: Latias|26/100
|
|-weather|RainDance|[upkeep]
|upkeep
|turn|20
|
|t:|1760377527
|move|p2a: Latias|Stored Power|p1a: Tornadus
|-damage|p1a: Tornadus|8/100
|move|p1a: Tornadus|Hurricane|p2a: Latias
|-damage|p2a: Latias|0 fnt
|faint|p2a: Latias
|
|-weather|none
|upkeep
|
|t:|1760377530
|switch|p2a: Ninetales|Ninetales-Alola, M|40/100
|-weather|Snowscape|[from] ability: Snow Warning|[of] p2a: Ninetales
|turn|21
|
|t:|1760377533
|move|p1a: Tornadus|Hurricane|p2a: Ninetales|[miss]
|-miss|p1a: Tornadus|p2a: Ninetales
|move|p2a: Ninetales|Aurora Veil|p2a: Ninetales
|-sidestart|p2: universe mon|move: Aurora Veil
|
|-weather|Snowscape|[upkeep]
|upkeep
|turn|22
|
|t:|1760377534
|move|p1a: Tornadus|Hurricane|p2a: Ninetales|[miss]
|-miss|p1a: Tornadus|p2a: Ninetales
|move|p2a: Ninetales|Freeze-Dry|p1a: Tornadus
|-supereffective|p1a: Tornadus
|-damage|p1a: Tornadus|0 fnt
|faint|p1a: Tornadus
|
|-weather|Snowscape|[upkeep]
|upkeep
|
|t:|1760377538
|switch|p1a: Iron Treads|Iron Treads|100/100
|turn|23
|
|t:|1760377540
|move|p2a: Ninetales|Freeze-Dry|p1a: Iron Treads
|-damage|p1a: Iron Treads|85/100
|move|p1a: Iron Treads|Stealth Rock|p2a: Ninetales
|-sidestart|p2: universe mon|move: Stealth Rock
|
|-weather|Snowscape|[upkeep]
|-heal|p1a: Iron Treads|91/100|[from] item: Leftovers
|-sideend|p2: universe mon|Reflect
|upkeep
|turn|24
|
|t:|1760377548
|move|p2a: Ninetales|Encore|p1a: Iron Treads
|-start|p1a: Iron Treads|Encore
|move|p1a: Iron Treads|Stealth Rock||[still]
|-fail|p1a: Iron Treads
|
|-weather|Snowscape|[upkeep]
|-heal|p1a: Iron Treads|97/100|[from] item: Leftovers
|upkeep
|turn|25
|j| FaronAan
|
|t:|1760377550
|-end|p1a: Iron Treads|Quark Drive|[silent]
|switch|p1a: Raging Bolt|Raging Bolt|100/100
|-enditem|p1a: Raging Bolt|Booster Energy
|-activate|p1a: Raging Bolt|ability: Protosynthesis|[fromitem]
|-start|p1a: Raging Bolt|protosynthesisspa
|move|p2a: Ninetales|Freeze-Dry|p1a: Raging Bolt
|-supereffective|p1a: Raging Bolt
|-damage|p1a: Raging Bolt|61/100
|
|-weather|none
|upkeep
|turn|26
|
|t:|1760377553
|move|p2a: Ninetales|Freeze-Dry|p1a: Raging Bolt
|-supereffective|p1a: Raging Bolt
|-damage|p1a: Raging Bolt|22/100
|move|p1a: Raging Bolt|Thunder|p2a: Ninetales|[miss]
|-miss|p1a: Raging Bolt|p2a: Ninetales
|
|upkeep
|turn|27
|
|t:|1760377557
|move|p1a: Raging Bolt|Thunderclap|p2a: Ninetales
|-damage|p2a: Ninetales|8/100
|move|p2a: Ninetales|Freeze-Dry|p1a: Raging Bolt
|-supereffective|p1a: Raging Bolt
|-damage|p1a: Raging Bolt|0 fnt
|faint|p1a: Raging Bolt
|-end|p1a: Raging Bolt|Protosynthesis|[silent]
|
|upkeep
|
|t:|1760377570
|switch|p1a: Barraskewda|Barraskewda, M, shiny|31/100
|turn|28
|
|t:|1760377572
|move|p1a: Barraskewda|Liquidation|p2a: Ninetales
|-damage|p2a: Ninetales|0 fnt
|faint|p2a: Ninetales
|-damage|p1a: Barraskewda|21/100|[from] item: Life Orb
|
|-sideend|p2: universe mon|move: Aurora Veil
|upkeep
|
|t:|1760377573
|switch|p2a: Maushold|Maushold-Four|100/100
|-damage|p2a: Maushold|88/100|[from] Stealth Rock
|turn|29
|
|t:|1760377578
|-terastallize|p2a: Maushold|Ghost
|move|p1a: Barraskewda|Close Combat|p2a: Maushold
|-immune|p2a: Maushold
|move|p2a: Maushold|Tidy Up|p2a: Maushold
|-sideend|p2: universe mon|Stealth Rock
|-activate|p2a: Maushold|move: Tidy Up
|-boost|p2a: Maushold|atk|1
|-boost|p2a: Maushold|spe|1
|
|upkeep
|turn|30
|
|t:|1760377585
|move|p1a: Barraskewda|Aqua Jet|p2a: Maushold
|-damage|p2a: Maushold|49/100
|-damage|p1a: Barraskewda|12/100|[from] item: Life Orb
|move|p2a: Maushold|Population Bomb|p1a: Barraskewda
|-damage|p1a: Barraskewda|0 fnt
|faint|p1a: Barraskewda
|-hitcount|p1: Barraskewda|1
|
|upkeep
|
|t:|1760377588
|switch|p1a: Iron Treads|Iron Treads|97/100
|turn|31
|
|t:|1760377590
|move|p2a: Maushold|Population Bomb|p1a: Iron Treads
|-resisted|p1a: Iron Treads
|-damage|p1a: Iron Treads|90/100
|-resisted|p1a: Iron Treads
|-damage|p1a: Iron Treads|83/100
|-resisted|p1a: Iron Treads
|-damage|p1a: Iron Treads|76/100
|-resisted|p1a: Iron Treads
|-damage|p1a: Iron Treads|69/100
|-resisted|p1a: Iron Treads
|-crit|p1a: Iron Treads
|-damage|p1a: Iron Treads|59/100
|-resisted|p1a: Iron Treads
|-damage|p1a: Iron Treads|51/100
|-resisted|p1a: Iron Treads
|-damage|p1a: Iron Treads|45/100
|-resisted|p1a: Iron Treads
|-damage|p1a: Iron Treads|38/100
|-resisted|p1a: Iron Treads
|-damage|p1a: Iron Treads|31/100
|-resisted|p1a: Iron Treads
|-damage|p1a: Iron Treads|24/100
|-hitcount|p1a: Iron Treads|10
|move|p1a: Iron Treads|Earthquake|p2a: Maushold
|-damage|p2a: Maushold|0 fnt
|faint|p2a: Maushold
|
|win|dr. drake6782
|raw|dr. drake6782's rating: 1647 &rarr; <strong>1674</strong><br />(+27 for winning)
|raw|universe mon's rating: 1768 &rarr; <strong>1741</strong><br />(-27 for losing)
|l|‽universe mon
|player|p2|
|c|☆dr. drake6782|gg
|l| FaronAan
|l|☆dr. drake6782
|player|p1|
