|j|☆SillyScallop
|j|☆danelectro
|t:|1760386329
|gametype|singles
|player|p1|SillyScallop|maid|1541
|player|p2|danelectro|2|1482
|gen|9
|tier|[Gen 9] OU
|rated|
|rule|HP Percentage Mod: HP is shown in percentages
|rule|Endless Battle Clause: Forcing endless battles is banned
|rule|Species Clause: Limit one of each Pokémon
|rule|OHKO Clause: OHKO moves are banned
|rule|Evasion Items Clause: Evasion items are banned
|rule|Evasion Moves Clause: Evasion moves are banned
|rule|Evasion Abilities Clause: Evasion abilities are banned
|rule|Sleep Moves Clause: Sleep-inducing moves are banned
|clearpoke
|poke|p1|Gholdengo|
|poke|p1|Zapdos|
|poke|p1|Great Tusk|
|poke|p1|Cinderace, F|
|poke|p1|Slowking-Galar, M|
|poke|p1|Dondozo, M|
|poke|p2|Serperior, M|
|poke|p2|Samurott-Hisui, F|
|poke|p2|Moltres|
|poke|p2|Great Tusk|
|poke|p2|Primarina, M|
|poke|p2|Goodra-Hisui, F|
|teampreview
|inactive|Battle timer is ON: inactive players will automatically lose when time's up. (requested by SillyScallop)
|
|t:|1760386361
|teamsize|p1|6
|teamsize|p2|6
|start
|switch|p1a: Zapdos|Zapdos|100/100
|switch|p2a: Serperior|Serperior, M|100/100
|turn|1
|
|t:|1760386365
|switch|p2a: Goodra|Goodra-Hisui, F|100/100
|move|p1a: Zapdos|Hurricane|p2a: Goodra
|-resisted|p2a: Goodra
|-damage|p2a: Goodra|92/100
|
|upkeep
|turn|2
|
|t:|1760386369
|move|p1a: Zapdos|Eerie Impulse|p2a: Goodra
|-unboost|p2a: Goodra|spa|2
|move|p2a: Goodra|Knock Off|p1a: Zapdos
|-damage|p1a: Zapdos|79/100
|-status|p2a: Goodra|par|[from] ability: Static|[of] p1a: Zapdos
|-enditem|p1a: Zapdos|Heavy-Duty Boots|[from] move: Knock Off|[of] p2a: Goodra
|
|upkeep
|turn|3
|
|t:|1760386379
|switch|p1a: Great Tusk|Great Tusk|100/100
|cant|p2a: Goodra|par
|
|upkeep
|turn|4
|
|t:|1760386384
|switch|p2a: Moltres|Moltres|100/100
|move|p1a: Great Tusk|Ice Spinner|p2a: Moltres
|-damage|p2a: Moltres|86/100
|-status|p1a: Great Tusk|brn|[from] ability: Flame Body|[of] p2a: Moltres
|
|-damage|p1a: Great Tusk|94/100 brn|[from] brn
|upkeep
|turn|5
|
|t:|1760386396
|-end|p1a: Great Tusk|Protosynthesis|[silent]
|switch|p1a: Cinderace|Cinderace, F|100/100
|move|p2a: Moltres|U-turn|p1a: Cinderace
|-resisted|p1a: Cinderace
|-damage|p1a: Cinderace|92/100
|
|t:|1760386403
|switch|p2a: Primarina|Primarina, M|100/100|[from] U-turn
|
|upkeep
|turn|6
|
|t:|1760386415
|move|p1a: Cinderace|U-turn|p2a: Primarina
|-resisted|p2a: Primarina
|-damage|p2a: Primarina|93/100
|
|t:|1760386416
|switch|p1a: Zapdos|Zapdos|79/100|[from] U-turn
|move|p2a: Primarina|Hyper Voice|p1a: Zapdos
|-damage|p1a: Zapdos|50/100
|
|-heal|p2a: Primarina|99/100|[from] item: Leftovers
|upkeep
|turn|7
|
|t:|1760386430
|switch|p2a: Goodra|Goodra-Hisui, F|92/100 par
|move|p1a: Zapdos|Roost|p1a: Zapdos
|-heal|p1a: Zapdos|100/100
|-singleturn|p1a: Zapdos|move: Roost
|
|upkeep
|turn|8
|
|t:|1760386443
|switch|p1a: Slowking|Slowking-Galar, M|100/100
|move|p2a: Goodra|Dragon Tail|p1a: Slowking
|-damage|p1a: Slowking|86/100
|drag|p1a: Cinderace|Cinderace, F|92/100
|
|upkeep
|turn|9
|inactive|danelectro has 120 seconds left.
|inactive|danelectro has 90 seconds left.
|
|t:|1760386516
|move|p1a: Cinderace|U-turn|p2a: Goodra
|-resisted|p2a: Goodra
|-damage|p2a: Goodra|84/100 par
|
|t:|1760386539
|switch|p1a: Slowking|Slowking-Galar, M|100/100|[from] U-turn
|move|p2a: Goodra|Draco Meteor|p1a: Slowking
|-damage|p1a: Slowking|65/100
|-unboost|p2a: Goodra|spa|2
|
|upkeep
|turn|10
|inactive|danelectro has 90 seconds left.
|
|t:|1760386560
|move|p2a: Goodra|Knock Off|p1a: Slowking
|-supereffective|p1a: Slowking
|-crit|p1a: Slowking
|-damage|p1a: Slowking|16/100
|-enditem|p1a: Slowking|Shuca Berry|[from] move: Knock Off|[of] p2a: Goodra
|move|p1a: Slowking|Future Sight|p2a: Goodra
|-start|p1a: Slowking|move: Future Sight
|
|upkeep
|turn|11
|
|t:|1760386568
|switch|p1a: Great Tusk|Great Tusk|94/100 brn
|cant|p2a: Goodra|par
|
|-heal|p1a: Great Tusk|100/100 brn|[from] item: Leftovers
|-damage|p1a: Great Tusk|94/100 brn|[from] brn
|upkeep
|turn|12
|inactive|danelectro has 60 seconds left.
|
|t:|1760386620
|switch|p2a: Primarina|Primarina, M|99/100
|move|p1a: Great Tusk|Earthquake|p2a: Primarina
|-damage|p2a: Primarina|79/100
|
|-end|p2a: Primarina|move: Future Sight
|-damage|p2a: Primarina|43/100
|-heal|p1a: Great Tusk|100/100 brn|[from] item: Leftovers
|-heal|p2a: Primarina|49/100|[from] item: Leftovers
|-damage|p1a: Great Tusk|94/100 brn|[from] brn
|upkeep
|turn|13
|
|t:|1760386628
|-end|p1a: Great Tusk|Protosynthesis|[silent]
|switch|p1a: Zapdos|Zapdos|100/100
|move|p2a: Primarina|Draining Kiss|p1a: Zapdos
|-crit|p1a: Zapdos
|-damage|p1a: Zapdos|75/100
|-heal|p2a: Primarina|69/100|[from] drain|[of] p1a: Zapdos
|
|-heal|p2a: Primarina|75/100|[from] item: Leftovers
|upkeep
|turn|14
|
|t:|1760386638
|move|p1a: Zapdos|Discharge|p2a: Primarina
|-supereffective|p2a: Primarina
|-damage|p2a: Primarina|25/100
|-status|p2a: Primarina|par
|move|p2a: Primarina|Hyper Voice|p1a: Zapdos
|-damage|p1a: Zapdos|48/100
|
|-heal|p2a: Primarina|31/100 par|[from] item: Leftovers
|upkeep
|turn|15
|inactive|danelectro has 60 seconds left.
|-message|danelectro forfeited.
|
|win|SillyScallop
|raw|SillyScallop's rating: 1541 &rarr; <strong>1558</strong><br />(+17 for winning)
|raw|danelectro's rating: 1482 &rarr; <strong>1465</strong><br />(-17 for losing)
|l|☆danelectro
|player|p2|
