|j|☆ludwin_lannister
|j|☆kyoujic
|t:|1760415661
|gametype|singles
|player|p1|ludwin_lannister|darach-caitlin|1495
|player|p2|kyoujic|265|1541
|gen|9
|tier|[Gen 9] OU
|rated|
|rule|HP Percentage Mod: HP is shown in percentages
|rule|Endless Battle Clause: Forcing endless battles is banned
|rule|Species Clause: Limit one of each Pokémon
|rule|OHKO Clause: OHKO moves are banned
|rule|Evasion Items Clause: Evasion items are banned
|rule|Evasion Moves Clause: Evasion moves are banned
|rule|Evasion Abilities Clause: Evasion abilities are banned
|rule|Sleep Moves Clause: Sleep-inducing moves are banned
|clearpoke
|poke|p1|Iron Valiant|
|poke|p1|Landorus-Therian, M|
|poke|p1|Moltres|
|poke|p1|Scizor, F|
|poke|p1|Slowking-Galar, F|
|poke|p1|Heatran, F|
|poke|p2|Blaziken, F|
|poke|p2|Slowking-Galar, F|
|poke|p2|Darkrai|
|poke|p2|Alomomola, M|
|poke|p2|Corviknight, M|
|poke|p2|Gliscor, M|
|teampreview
|inactive|Battle timer is ON: inactive players will automatically lose when time's up. (requested by ludwin_lannister)
|
|t:|1760415689
|teamsize|p1|6
|teamsize|p2|6
|start
|switch|p1a: Landorus|Landorus-Therian, M|100/100
|switch|p2a: Alomomola|Alomomola, M|100/100
|-ability|p1a: Landorus|Intimidate|boost
|-unboost|p2a: Alomomola|atk|1
|turn|1
|
|t:|1760415697
|move|p1a: Landorus|U-turn|p2a: Alomomola
|-crit|p2a: Alomomola
|-damage|p2a: Alomomola|79/100
|-damage|p1a: Landorus|84/100|[from] item: Rocky Helmet|[of] p2a: Alomomola
|
|t:|1760415702
|switch|p1a: Slowking|Slowking-Galar, F|100/100|[from] U-turn
|move|p2a: Alomomola|Scald|p1a: Slowking
|-damage|p1a: Slowking|92/100
|
|upkeep
|turn|2
|
|t:|1760415708
|move|p2a: Alomomola|Flip Turn|p1a: Slowking
|-damage|p1a: Slowking|81/100
|
|t:|1760415717
|switch|p2a: Slowking|Slowking-Galar, F|100/100|[from] Flip Turn
|move|p1a: Slowking|Future Sight|p2a: Slowking
|-start|p1a: Slowking|move: Future Sight
|
|upkeep
|turn|3
|
|t:|1760415721
|move|p1a: Slowking|Thunder Wave|p2a: Slowking
|-status|p2a: Slowking|par
|move|p2a: Slowking|Future Sight|p1a: Slowking
|-start|p2a: Slowking|move: Future Sight
|
|upkeep
|turn|4
|
|t:|1760415733
|-prepare|p1a: Slowking|Chilly Reception|[premajor]
|move|p1a: Slowking|Chilly Reception|p1a: Slowking
|-weather|Snowscape
|
|t:|1760415736
|switch|p1a: Heatran|Heatran, F|100/100|[from] Chilly Reception
|move|p2a: Slowking|Thunder Wave|p1a: Heatran
|-status|p1a: Heatran|par
|
|-weather|Snowscape|[upkeep]
|-end|p2a: Slowking|move: Future Sight
|-damage|p2a: Slowking|72/100 par
|upkeep
|turn|5
|
|t:|1760415745
|cant|p1a: Heatran|par
|-prepare|p2a: Slowking|Chilly Reception|[premajor]
|move|p2a: Slowking|Chilly Reception|p2a: Slowking
|
|t:|1760415748
|switch|p2a: Darkrai|Darkrai|100/100|[from] Chilly Reception
|
|-weather|Snowscape|[upkeep]
|-end|p1a: Heatran|move: Future Sight
|-resisted|p1a: Heatran
|-damage|p1a: Heatran|86/100 par
|-heal|p1a: Heatran|92/100 par|[from] item: Leftovers
|upkeep
|turn|6
|
|t:|1760415753
|move|p2a: Darkrai|Focus Blast|p1a: Heatran|[miss]
|-miss|p2a: Darkrai|p1a: Heatran
|move|p1a: Heatran|Magma Storm|p2a: Darkrai
|-damage|p2a: Darkrai|40/100
|-activate|p2a: Darkrai|move: Magma Storm|[of] p1a: Heatran
|
|-weather|Snowscape|[upkeep]
|-heal|p1a: Heatran|98/100 par|[from] item: Leftovers
|-damage|p2a: Darkrai|27/100|[from] move: Magma Storm|[partiallytrapped]
|upkeep
|turn|7
|
|t:|1760415766
|move|p2a: Darkrai|Dark Pulse|p1a: Heatran
|-damage|p1a: Heatran|70/100 par
|move|p1a: Heatran|Stealth Rock|p2a: Darkrai
|-sidestart|p2: kyoujic|move: Stealth Rock
|
|-weather|Snowscape|[upkeep]
|-heal|p1a: Heatran|76/100 par|[from] item: Leftovers
|-damage|p2a: Darkrai|15/100|[from] move: Magma Storm|[partiallytrapped]
|upkeep
|turn|8
|
|t:|1760415781
|switch|p1a: Moltres|Moltres|100/100
|move|p2a: Darkrai|Focus Blast|p1a: Moltres
|-resisted|p1a: Moltres
|-damage|p1a: Moltres|80/100
|
|-weather|none
|-end|p2a: Darkrai|Magma Storm|[partiallytrapped]|[silent]
|upkeep
|turn|9
|
|t:|1760415793
|switch|p2a: Slowking|Slowking-Galar, F|100/100 par
|move|p1a: Moltres|U-turn|p2a: Slowking
|-damage|p2a: Slowking|87/100 par
|
|t:|1760415798
|switch|p1a: Heatran|Heatran, F|76/100 par|[from] U-turn
|
|-heal|p1a: Heatran|83/100 par|[from] item: Leftovers
|upkeep
|turn|10
|
|t:|1760415802
|move|p1a: Heatran|Taunt|p2a: Slowking
|-start|p2a: Slowking|move: Taunt
|-prepare|p2a: Slowking|Chilly Reception|[premajor]
|cant|p2a: Slowking|move: Taunt|Chilly Reception
|
|-heal|p1a: Heatran|89/100 par|[from] item: Leftovers
|upkeep
|turn|11
|
|t:|1760415807
|switch|p2a: Alomomola|Alomomola, M|100/100
|-damage|p2a: Alomomola|88/100|[from] Stealth Rock
|move|p1a: Heatran|Magma Storm|p2a: Alomomola
|-resisted|p2a: Alomomola
|-damage|p2a: Alomomola|62/100
|-activate|p2a: Alomomola|move: Magma Storm|[of] p1a: Heatran
|
|-heal|p1a: Heatran|95/100 par|[from] item: Leftovers
|-damage|p2a: Alomomola|50/100|[from] move: Magma Storm|[partiallytrapped]
|upkeep
|turn|12
|
|t:|1760415823
|switch|p1a: Slowking|Slowking-Galar, F|100/100
|move|p2a: Alomomola|Flip Turn|p1a: Slowking
|-damage|p1a: Slowking|84/100
|
|t:|1760415839
|switch|p2a: Gliscor|Gliscor, M|100/100|[from] Flip Turn
|-damage|p2a: Gliscor|88/100|[from] Stealth Rock
|
|-status|p2a: Gliscor|tox|[from] item: Toxic Orb
|upkeep
|turn|13
|
|t:|1760415846
|switch|p1a: Moltres|Moltres|80/100
|move|p2a: Gliscor|Stealth Rock|p1a: Moltres
|-sidestart|p1: ludwin_lannister|move: Stealth Rock
|
|-heal|p2a: Gliscor|100/100 tox|[from] ability: Poison Heal
|upkeep
|turn|14
|
|t:|1760415853
|move|p2a: Gliscor|Knock Off|p1a: Moltres
|-damage|p1a: Moltres|66/100
|-enditem|p1a: Moltres|Heavy-Duty Boots|[from] move: Knock Off|[of] p2a: Gliscor
|move|p1a: Moltres|Roar|p2a: Gliscor
|drag|p2a: Blaziken|Blaziken, F, shiny|100/100
|-damage|p2a: Blaziken|88/100|[from] Stealth Rock
|
|-heal|p2a: Blaziken|94/100|[from] item: Leftovers
|upkeep
|turn|15
|
|t:|1760415859
|move|p2a: Blaziken|Protect|p2a: Blaziken
|-singleturn|p2a: Blaziken|Protect
|move|p1a: Moltres|Roar|p2a: Blaziken
|drag|p2a: Corviknight|Corviknight, M|100/100
|-damage|p2a: Corviknight|88/100|[from] Stealth Rock
|-ability|p2a: Corviknight|Pressure
|
|-heal|p2a: Corviknight|94/100|[from] item: Leftovers
|upkeep
|turn|16
|
|t:|1760415868
|move|p1a: Moltres|Roost|p1a: Moltres
|-heal|p1a: Moltres|100/100
|-singleturn|p1a: Moltres|move: Roost
|move|p2a: Corviknight|Roost|p2a: Corviknight
|-heal|p2a: Corviknight|100/100
|-singleturn|p2a: Corviknight|move: Roost
|
|upkeep
|turn|17
|
|t:|1760415878
|switch|p2a: Slowking|Slowking-Galar, F|100/100 par
|move|p1a: Moltres|Flamethrower|p2a: Slowking
|-damage|p2a: Slowking|79/100 par
|
|upkeep
|turn|18
|
|t:|1760415884
|move|p2a: Slowking|Future Sight|p1a: Moltres
|-start|p2a: Slowking|move: Future Sight
|move|p1a: Moltres|Roar|p2a: Slowking
|drag|p2a: Alomomola|Alomomola, M|83/100
|-damage|p2a: Alomomola|71/100|[from] Stealth Rock
|
|upkeep
|turn|19
|
|t:|1760415909
|switch|p1a: Slowking|Slowking-Galar, F|100/100
|move|p2a: Alomomola|Wish|p2a: Alomomola
|
|upkeep
|turn|20
|
|t:|1760415921
|move|p2a: Alomomola|Flip Turn|p1a: Slowking
|-damage|p1a: Slowking|84/100
|
|t:|1760415924
|switch|p2a: Darkrai|Darkrai|15/100|[from] Flip Turn
|move|p1a: Slowking|Thunder Wave|p2a: Darkrai
|-status|p2a: Darkrai|par
|
|-end|p1a: Slowking|move: Future Sight
|-damage|p1a: Slowking|56/100
|-heal|p2a: Darkrai|100/100 par|[from] move: Wish|[wisher] Alomomola
|upkeep
|turn|21
|
|t:|1760415940
|move|p2a: Darkrai|Dark Pulse|p1a: Slowking
|-supereffective|p1a: Slowking
|-damage|p1a: Slowking|3/100
|-prepare|p1a: Slowking|Chilly Reception|[premajor]
|move|p1a: Slowking|Chilly Reception|p1a: Slowking
|-weather|Snowscape
|
|t:|1760415946
|switch|p1a: Iron Valiant|Iron Valiant|100/100|[from] Chilly Reception
|-damage|p1a: Iron Valiant|94/100|[from] Stealth Rock
|
|-weather|Snowscape|[upkeep]
|upkeep
|turn|22
|
|t:|1760415953
|switch|p2a: Corviknight|Corviknight, M|100/100
|-damage|p2a: Corviknight|88/100|[from] Stealth Rock
|-ability|p2a: Corviknight|Pressure
|move|p1a: Iron Valiant|Moonblast|p2a: Corviknight
|-resisted|p2a: Corviknight
|-damage|p2a: Corviknight|55/100
|-unboost|p2a: Corviknight|spa|1
|
|-weather|Snowscape|[upkeep]
|-heal|p2a: Corviknight|61/100|[from] item: Leftovers
|upkeep
|turn|23
|
|t:|1760415960
|-end|p1a: Iron Valiant|Quark Drive|[silent]
|switch|p1a: Heatran|Heatran, F|95/100 par
|-damage|p1a: Heatran|83/100 par|[from] Stealth Rock
|move|p2a: Corviknight|Roost|p2a: Corviknight
|-heal|p2a: Corviknight|100/100
|-singleturn|p2a: Corviknight|move: Roost
|
|-weather|Snowscape|[upkeep]
|-heal|p1a: Heatran|89/100 par|[from] item: Leftovers
|upkeep
|turn|24
|
|t:|1760415964
|move|p2a: Corviknight|U-turn|p1a: Heatran
|-resisted|p1a: Heatran
|-damage|p1a: Heatran|86/100 par
|
|t:|1760415977
|switch|p2a: Alomomola|Alomomola, M|100/100|[from] U-turn
|-damage|p2a: Alomomola|88/100|[from] Stealth Rock
|move|p1a: Heatran|Magma Storm|p2a: Alomomola|[miss]
|-miss|p1a: Heatran|p2a: Alomomola
|
|-weather|Snowscape|[upkeep]
|-heal|p1a: Heatran|92/100 par|[from] item: Leftovers
|upkeep
|turn|25
|
|t:|1760415985
|move|p2a: Alomomola|Scald|p1a: Heatran
|-supereffective|p1a: Heatran
|-damage|p1a: Heatran|75/100 par
|move|p1a: Heatran|Taunt|p2a: Alomomola
|-start|p2a: Alomomola|move: Taunt
|
|-weather|none
|-heal|p1a: Heatran|81/100 par|[from] item: Leftovers
|upkeep
|turn|26
|
|t:|1760415989
|move|p2a: Alomomola|Flip Turn|p1a: Heatran
|-supereffective|p1a: Heatran
|-damage|p1a: Heatran|51/100 par
|
|t:|1760415993
|switch|p2a: Blaziken|Blaziken, F, shiny|94/100|[from] Flip Turn
|-damage|p2a: Blaziken|82/100|[from] Stealth Rock
|move|p1a: Heatran|Magma Storm|p2a: Blaziken
|-resisted|p2a: Blaziken
|-crit|p2a: Blaziken
|-damage|p2a: Blaziken|34/100
|-activate|p2a: Blaziken|move: Magma Storm|[of] p1a: Heatran
|
|-heal|p2a: Blaziken|40/100|[from] item: Leftovers
|-heal|p1a: Heatran|57/100 par|[from] item: Leftovers
|-damage|p2a: Blaziken|28/100|[from] move: Magma Storm|[partiallytrapped]
|upkeep
|turn|27
|
|t:|1760416010
|switch|p1a: Landorus|Landorus-Therian, M|84/100
|-damage|p1a: Landorus|72/100|[from] Stealth Rock
|-ability|p1a: Landorus|Intimidate|boost
|-unboost|p2a: Blaziken|atk|1
|move|p2a: Blaziken|Close Combat|p1a: Landorus
|-resisted|p1a: Landorus
|-damage|p1a: Landorus|41/100
|-unboost|p2a: Blaziken|def|1
|-unboost|p2a: Blaziken|spd|1
|
|-heal|p2a: Blaziken|34/100|[from] item: Leftovers
|-end|p2a: Blaziken|Magma Storm|[partiallytrapped]|[silent]
|-ability|p2a: Blaziken|Speed Boost|boost
|-boost|p2a: Blaziken|spe|1
|upkeep
|turn|28
|
|t:|1760416020
|-terastallize|p2a: Blaziken|Fighting
|move|p2a: Blaziken|Close Combat|p1a: Landorus
|-resisted|p1a: Landorus
|-damage|p1a: Landorus|5/100
|-unboost|p2a: Blaziken|def|1
|-unboost|p2a: Blaziken|spd|1
|move|p1a: Landorus|Earthquake|p2a: Blaziken
|-damage|p2a: Blaziken|0 fnt
|faint|p2a: Blaziken
|
|upkeep
|
|t:|1760416029
|switch|p2a: Corviknight|Corviknight, M|100/100
|-damage|p2a: Corviknight|88/100|[from] Stealth Rock
|-ability|p2a: Corviknight|Pressure
|turn|29
|
|t:|1760416034
|move|p1a: Landorus|U-turn|p2a: Corviknight
|-resisted|p2a: Corviknight
|-damage|p2a: Corviknight|84/100
|
|t:|1760416041
|switch|p1a: Heatran|Heatran, F|57/100 par|[from] U-turn
|-damage|p1a: Heatran|45/100 par|[from] Stealth Rock
|move|p2a: Corviknight|U-turn|p1a: Heatran
|-resisted|p1a: Heatran
|-damage|p1a: Heatran|42/100 par
|
|t:|1760416044
|switch|p2a: Alomomola|Alomomola, M|100/100|[from] U-turn
|-damage|p2a: Alomomola|88/100|[from] Stealth Rock
|
|-heal|p1a: Heatran|48/100 par|[from] item: Leftovers
|upkeep
|turn|30
|
|t:|1760416050
|switch|p1a: Slowking|Slowking-Galar, F|36/100
|move|p2a: Alomomola|Flip Turn|p1a: Slowking
|-damage|p1a: Slowking|18/100
|
|t:|1760416053
|switch|p2a: Darkrai|Darkrai|100/100 par|[from] Flip Turn
|
|upkeep
|turn|31
|
|t:|1760416057
|switch|p1a: Landorus|Landorus-Therian, M|5/100
|-damage|p1a: Landorus|0 fnt|[from] Stealth Rock
|faint|p1a: Landorus
|cant|p2a: Darkrai|par
|
|upkeep
|
|t:|1760416062
|switch|p1a: Iron Valiant|Iron Valiant|94/100
|-damage|p1a: Iron Valiant|88/100|[from] Stealth Rock
|turn|32
|
|t:|1760416068
|switch|p2a: Slowking|Slowking-Galar, F|100/100 par
|move|p1a: Iron Valiant|Moonblast|p2a: Slowking
|-resisted|p2a: Slowking
|-damage|p2a: Slowking|81/100 par
|
|upkeep
|turn|33
|
|t:|1760416076
|-end|p1a: Iron Valiant|Quark Drive|[silent]
|switch|p1a: Slowking|Slowking-Galar, F|51/100
|move|p2a: Slowking|Future Sight|p1a: Slowking
|-start|p2a: Slowking|move: Future Sight
|
|upkeep
|turn|34
|
|t:|1760416081
|move|p1a: Slowking|Future Sight|p2a: Slowking
|-start|p1a: Slowking|move: Future Sight
|move|p2a: Slowking|Thunder Wave|p1a: Slowking
|-status|p1a: Slowking|par
|
|upkeep
|turn|35
|
|t:|1760416090
|-prepare|p2a: Slowking|Chilly Reception|[premajor]
|cant|p2a: Slowking|par
|-prepare|p1a: Slowking|Chilly Reception|[premajor]
|move|p1a: Slowking|Chilly Reception|p1a: Slowking
|-weather|Snowscape
|
|t:|1760416096
|switch|p1a: Heatran|Heatran, F|48/100 par|[from] Chilly Reception
|-damage|p1a: Heatran|35/100 par|[from] Stealth Rock
|
|-weather|Snowscape|[upkeep]
|-end|p1a: Heatran|move: Future Sight
|-resisted|p1a: Heatran
|-damage|p1a: Heatran|22/100 par
|-heal|p1a: Heatran|28/100 par|[from] item: Leftovers
|upkeep
|turn|36
|
|t:|1760416104
|move|p1a: Heatran|Taunt|p2a: Slowking
|-start|p2a: Slowking|move: Taunt
|-prepare|p2a: Slowking|Chilly Reception|[premajor]
|cant|p2a: Slowking|move: Taunt|Chilly Reception
|
|-weather|Snowscape|[upkeep]
|-end|p2a: Slowking|move: Future Sight
|-damage|p2a: Slowking|52/100 par
|-heal|p1a: Heatran|35/100 par|[from] item: Leftovers
|upkeep
|turn|37
|
|t:|1760416111
|switch|p2a: Alomomola|Alomomola, M|100/100
|-damage|p2a: Alomomola|88/100|[from] Stealth Rock
|move|p1a: Heatran|Magma Storm|p2a: Alomomola
|-resisted|p2a: Alomomola
|-damage|p2a: Alomomola|61/100
|-activate|p2a: Alomomola|move: Magma Storm|[of] p1a: Heatran
|
|-weather|Snowscape|[upkeep]
|-heal|p1a: Heatran|41/100 par|[from] item: Leftovers
|-damage|p2a: Alomomola|49/100|[from] move: Magma Storm|[partiallytrapped]
|upkeep
|turn|38
|
|t:|1760416122
|move|p2a: Alomomola|Flip Turn|p1a: Heatran
|-supereffective|p1a: Heatran
|-damage|p1a: Heatran|16/100 par
|
|t:|1760416124
|switch|p2a: Slowking|Slowking-Galar, F|86/100 par|[from] Flip Turn
|move|p1a: Heatran|Taunt|p2a: Slowking
|-start|p2a: Slowking|move: Taunt
|
|-weather|Snowscape|[upkeep]
|-heal|p1a: Heatran|22/100 par|[from] item: Leftovers
|upkeep
|turn|39
|
|t:|1760416130
|switch|p2a: Alomomola|Alomomola, M|82/100
|-damage|p2a: Alomomola|70/100|[from] Stealth Rock
|move|p1a: Heatran|Earth Power|p2a: Alomomola
|-damage|p2a: Alomomola|38/100
|
|-weather|none
|-heal|p1a: Heatran|28/100 par|[from] item: Leftovers
|upkeep
|turn|40
|
|t:|1760416138
|switch|p1a: Slowking|Slowking-Galar, F|84/100 par
|move|p2a: Alomomola|Flip Turn|p1a: Slowking
|-damage|p1a: Slowking|65/100 par
|
|t:|1760416142
|switch|p2a: Darkrai|Darkrai|100/100 par|[from] Flip Turn
|
|upkeep
|turn|41
|
|t:|1760416151
|switch|p1a: Scizor|Scizor, F|100/100
|-damage|p1a: Scizor|88/100|[from] Stealth Rock
|move|p2a: Darkrai|Dark Pulse|p1a: Scizor
|-damage|p1a: Scizor|30/100
|
|upkeep
|turn|42
|
|t:|1760416158
|switch|p2a: Corviknight|Corviknight, M|84/100
|-damage|p2a: Corviknight|72/100|[from] Stealth Rock
|-ability|p2a: Corviknight|Pressure
|move|p1a: Scizor|U-turn|p2a: Corviknight
|-resisted|p2a: Corviknight
|-damage|p2a: Corviknight|63/100
|
|t:|1760416162
|switch|p1a: Moltres|Moltres|100/100|[from] U-turn
|-damage|p1a: Moltres|51/100|[from] Stealth Rock
|
|-heal|p2a: Corviknight|69/100|[from] item: Leftovers
|upkeep
|turn|43
|
|t:|1760416171
|switch|p2a: Alomomola|Alomomola, M|72/100
|-damage|p2a: Alomomola|59/100|[from] Stealth Rock
|move|p1a: Moltres|Roost|p1a: Moltres
|-heal|p1a: Moltres|100/100
|-singleturn|p1a: Moltres|move: Roost
|
|upkeep
|turn|44
|
|t:|1760416177
|move|p2a: Alomomola|Wish|p2a: Alomomola
|move|p1a: Moltres|Roar|p2a: Alomomola
|drag|p2a: Corviknight|Corviknight, M|69/100
|-damage|p2a: Corviknight|57/100|[from] Stealth Rock
|-ability|p2a: Corviknight|Pressure
|
|-heal|p2a: Corviknight|63/100|[from] item: Leftovers
|upkeep
|turn|45
|
|t:|1760416187
|switch|p2a: Gliscor|Gliscor, M|100/100 tox
|-damage|p2a: Gliscor|88/100 tox|[from] Stealth Rock
|move|p1a: Moltres|Flamethrower|p2a: Gliscor
|-damage|p2a: Gliscor|55/100 tox
|
|-heal|p2a: Gliscor|100/100 tox|[from] move: Wish|[wisher] Alomomola
|upkeep
|turn|46
|
|t:|1760416194
|move|p2a: Gliscor|Toxic|p1a: Moltres
|-status|p1a: Moltres|tox
|move|p1a: Moltres|Flamethrower|p2a: Gliscor
|-damage|p2a: Gliscor|67/100 tox
|
|-heal|p2a: Gliscor|79/100 tox|[from] ability: Poison Heal
|-damage|p1a: Moltres|94/100 tox|[from] psn
|upkeep
|turn|47
|
|t:|1760416198
|move|p2a: Gliscor|Protect|p2a: Gliscor
|-singleturn|p2a: Gliscor|Protect
|move|p1a: Moltres|Roar|p2a: Gliscor
|drag|p2a: Alomomola|Alomomola, M|93/100
|-damage|p2a: Alomomola|80/100|[from] Stealth Rock
|
|-damage|p1a: Moltres|82/100 tox|[from] psn
|upkeep
|turn|48
|
|t:|1760416210
|switch|p1a: Slowking|Slowking-Galar, F|99/100 par
|move|p2a: Alomomola|Wish|p2a: Alomomola
|
|upkeep
|turn|49
|
|t:|1760416214
|move|p2a: Alomomola|Flip Turn|p1a: Slowking
|-damage|p1a: Slowking|82/100 par
|
|t:|1760416218
|switch|p2a: Corviknight|Corviknight, M|63/100|[from] Flip Turn
|-damage|p2a: Corviknight|51/100|[from] Stealth Rock
|-ability|p2a: Corviknight|Pressure
|move|p1a: Slowking|Future Sight|p2a: Corviknight
|-start|p1a: Slowking|move: Future Sight
|
|-heal|p2a: Corviknight|100/100|[from] move: Wish|[wisher] Alomomola
|upkeep
|turn|50
|
|t:|1760416221
|move|p2a: Corviknight|Brave Bird|p1a: Slowking
|-damage|p1a: Slowking|44/100 par
|-damage|p2a: Corviknight|88/100|[from] Recoil
|-prepare|p1a: Slowking|Chilly Reception|[premajor]
|move|p1a: Slowking|Chilly Reception|p1a: Slowking
|-weather|Snowscape
|
|t:|1760416225
|switch|p1a: Moltres|Moltres|82/100 tox|[from] Chilly Reception
|-damage|p1a: Moltres|33/100 tox|[from] Stealth Rock
|
|-weather|Snowscape|[upkeep]
|-heal|p2a: Corviknight|94/100|[from] item: Leftovers
|-damage|p1a: Moltres|27/100 tox|[from] psn
|upkeep
|turn|51
|
|t:|1760416230
|move|p1a: Moltres|Flamethrower|p2a: Corviknight
|-supereffective|p2a: Corviknight
|-damage|p2a: Corviknight|18/100
|move|p2a: Corviknight|Brave Bird|p1a: Moltres
|-damage|p1a: Moltres|1/100 tox
|-damage|p2a: Corviknight|10/100|[from] Recoil
|
|-weather|Snowscape|[upkeep]
|-end|p2a: Corviknight|move: Future Sight
|-resisted|p2a: Corviknight
|-damage|p2a: Corviknight|0 fnt
|faint|p2a: Corviknight
|-damage|p1a: Moltres|0 fnt|[from] psn
|faint|p1a: Moltres
|upkeep
|
|t:|1760416249
|switch|p1a: Scizor|Scizor, F|30/100
|switch|p2a: Alomomola|Alomomola, M|100/100
|-damage|p1a: Scizor|18/100|[from] Stealth Rock
|-damage|p2a: Alomomola|88/100|[from] Stealth Rock
|turn|52
|
|t:|1760416261
|move|p1a: Scizor|Knock Off|p2a: Alomomola
|-damage|p2a: Alomomola|61/100
|-damage|p1a: Scizor|1/100|[from] item: Rocky Helmet|[of] p2a: Alomomola
|-enditem|p2a: Alomomola|Rocky Helmet|[from] move: Knock Off|[of] p1a: Scizor
|move|p2a: Alomomola|Scald|p1a: Scizor
|-damage|p1a: Scizor|0 fnt
|faint|p1a: Scizor
|
|-weather|Snowscape|[upkeep]
|upkeep
|
|t:|1760416268
|switch|p1a: Iron Valiant|Iron Valiant|88/100
|-damage|p1a: Iron Valiant|82/100|[from] Stealth Rock
|turn|53
|
|t:|1760416275
|switch|p2a: Slowking|Slowking-Galar, F|100/100 par
|move|p1a: Iron Valiant|Shadow Ball|p2a: Slowking
|-supereffective|p2a: Slowking
|-crit|p2a: Slowking
|-damage|p2a: Slowking|25/100 par
|-unboost|p2a: Slowking|spd|1
|
|-weather|Snowscape|[upkeep]
|upkeep
|turn|54
|
|t:|1760416286
|switch|p2a: Darkrai|Darkrai|100/100 par
|move|p1a: Iron Valiant|Shadow Ball|p2a: Darkrai
|-resisted|p2a: Darkrai
|-damage|p2a: Darkrai|75/100 par
|-unboost|p2a: Darkrai|spd|1
|
|-weather|none
|upkeep
|turn|55
|
|t:|1760416300
|-end|p1a: Iron Valiant|Quark Drive|[silent]
|switch|p1a: Heatran|Heatran, F|28/100 par
|-damage|p1a: Heatran|16/100 par|[from] Stealth Rock
|move|p2a: Darkrai|Ice Beam|p1a: Heatran
|-resisted|p1a: Heatran
|-damage|p1a: Heatran|11/100 par
|
|-heal|p1a: Heatran|17/100 par|[from] item: Leftovers
|upkeep
|turn|56
|
|t:|1760416304
|move|p2a: Darkrai|Dark Pulse|p1a: Heatran
|-damage|p1a: Heatran|0 fnt
|faint|p1a: Heatran
|
|upkeep
|
|t:|1760416307
|switch|p1a: Iron Valiant|Iron Valiant|82/100
|-damage|p1a: Iron Valiant|76/100|[from] Stealth Rock
|turn|57
|
|t:|1760416309
|-terastallize|p1a: Iron Valiant|Fairy
|move|p1a: Iron Valiant|Moonblast|p2a: Darkrai
|-supereffective|p2a: Darkrai
|-damage|p2a: Darkrai|0 fnt
|faint|p2a: Darkrai
|
|upkeep
|
|t:|1760416313
|switch|p2a: Slowking|Slowking-Galar, F|59/100 par
|turn|58
|
|t:|1760416318
|-end|p1a: Iron Valiant|Quark Drive|[silent]
|switch|p1a: Slowking|Slowking-Galar, F|77/100 par
|move|p2a: Slowking|Future Sight|p1a: Slowking
|-start|p2a: Slowking|move: Future Sight
|
|upkeep
|turn|59
|
|t:|1760416325
|-prepare|p2a: Slowking|Chilly Reception|[premajor]
|move|p2a: Slowking|Chilly Reception|p2a: Slowking
|-weather|Snowscape
|
|t:|1760416327
|switch|p2a: Gliscor|Gliscor, M|79/100 tox|[from] Chilly Reception
|-damage|p2a: Gliscor|67/100 tox|[from] Stealth Rock
|move|p1a: Slowking|Future Sight|p2a: Gliscor
|-start|p1a: Slowking|move: Future Sight
|
|-weather|Snowscape|[upkeep]
|-heal|p2a: Gliscor|79/100 tox|[from] ability: Poison Heal
|upkeep
|turn|60
|
|t:|1760416335
|move|p2a: Gliscor|Knock Off|p1a: Slowking
|-supereffective|p1a: Slowking
|-damage|p1a: Slowking|30/100 par
|-enditem|p1a: Slowking|Heavy-Duty Boots|[from] move: Knock Off|[of] p2a: Gliscor
|cant|p1a: Slowking|par
|
|-weather|Snowscape|[upkeep]
|-end|p1a: Slowking|move: Future Sight
|-damage|p1a: Slowking|5/100 par
|-heal|p2a: Gliscor|92/100 tox|[from] ability: Poison Heal
|upkeep
|turn|61
|
|t:|1760416347
|move|p2a: Gliscor|Toxic|p1a: Slowking|[miss]
|-miss|p2a: Gliscor|p1a: Slowking
|move|p1a: Slowking|Future Sight||[still]
|-fail|p1a: Slowking
|
|-weather|Snowscape|[upkeep]
|-end|p2a: Gliscor|move: Future Sight
|-damage|p2a: Gliscor|54/100 tox
|-heal|p2a: Gliscor|66/100 tox|[from] ability: Poison Heal
|upkeep
|turn|62
|
|t:|1760416361
|switch|p1a: Iron Valiant|Iron Valiant, tera:Fairy|76/100
|-damage|p1a: Iron Valiant|63/100|[from] Stealth Rock
|move|p2a: Gliscor|Knock Off|p1a: Iron Valiant
|-resisted|p1a: Iron Valiant
|-damage|p1a: Iron Valiant|50/100
|-enditem|p1a: Iron Valiant|Choice Specs|[from] move: Knock Off|[of] p2a: Gliscor
|
|-weather|Snowscape|[upkeep]
|-heal|p2a: Gliscor|79/100 tox|[from] ability: Poison Heal
|upkeep
|turn|63
|
|t:|1760416371
|move|p2a: Gliscor|Protect|p2a: Gliscor
|-singleturn|p2a: Gliscor|Protect
|move|p1a: Iron Valiant|Moonblast|p2a: Gliscor
|-activate|p2a: Gliscor|move: Protect
|
|-weather|none
|-heal|p2a: Gliscor|91/100 tox|[from] ability: Poison Heal
|upkeep
|turn|64
|
|t:|1760416374
|move|p1a: Iron Valiant|Moonblast|p2a: Gliscor
|-damage|p2a: Gliscor|33/100 tox
|-unboost|p2a: Gliscor|spa|1
|move|p2a: Gliscor|Toxic|p1a: Iron Valiant|[miss]
|-miss|p2a: Gliscor|p1a: Iron Valiant
|
|-heal|p2a: Gliscor|45/100 tox|[from] ability: Poison Heal
|upkeep
|turn|65
|
|t:|1760416380
|move|p2a: Gliscor|Protect|p2a: Gliscor
|-singleturn|p2a: Gliscor|Protect
|move|p1a: Iron Valiant|Moonblast|p2a: Gliscor
|-activate|p2a: Gliscor|move: Protect
|
|-heal|p2a: Gliscor|58/100 tox|[from] ability: Poison Heal
|upkeep
|turn|66
|
|t:|1760416386
|switch|p2a: Slowking|Slowking-Galar, F|92/100 par
|move|p1a: Iron Valiant|Moonblast|p2a: Slowking
|-resisted|p2a: Slowking
|-damage|p2a: Slowking|74/100 par
|
|upkeep
|turn|67
|
|t:|1760416393
|-end|p1a: Iron Valiant|Quark Drive|[silent]
|switch|p1a: Slowking|Slowking-Galar, F|39/100 par
|-damage|p1a: Slowking|26/100 par|[from] Stealth Rock
|move|p2a: Slowking|Sludge Bomb|p1a: Slowking
|-resisted|p1a: Slowking
|-damage|p1a: Slowking|16/100 par
|
|upkeep
|turn|68
|
|t:|1760416406
|switch|p1a: Iron Valiant|Iron Valiant, tera:Fairy|50/100
|-damage|p1a: Iron Valiant|38/100|[from] Stealth Rock
|-prepare|p2a: Slowking|Chilly Reception|[premajor]
|cant|p2a: Slowking|par
|
|upkeep
|turn|69
|
|t:|1760416412
|move|p1a: Iron Valiant|Shadow Ball|p2a: Slowking
|-supereffective|p2a: Slowking
|-damage|p2a: Slowking|41/100 par
|move|p2a: Slowking|Sludge Bomb|p1a: Iron Valiant
|-supereffective|p1a: Iron Valiant
|-damage|p1a: Iron Valiant|0 fnt
|faint|p1a: Iron Valiant
|-end|p1a: Iron Valiant|Quark Drive|[silent]
|
|upkeep
|-message|ludwin_lannister forfeited.
|
|win|kyoujic
|raw|ludwin_lannister's rating: 1495 &rarr; <strong>1478</strong><br />(-17 for losing)
|raw|kyoujic's rating: 1541 &rarr; <strong>1558</strong><br />(+17 for winning)
|l|☆ludwin_lannister
|player|p1|
|l|☆kyoujic
|player|p2|
