|j|☆Heliolower
|j|‽battler12312001
|t:|1760329178
|gametype|singles
|player|p1|Heliolower|1|1283
|player|p2|battler12312001|hilbert-wonderlauncher|1270
|gen|9
|tier|[Gen 9] OU
|rated|
|rule|HP Percentage Mod: HP is shown in percentages
|rule|Endless Battle Clause: Forcing endless battles is banned
|rule|Species Clause: Limit one of each Pokémon
|rule|OHKO Clause: OHKO moves are banned
|rule|Evasion Items Clause: Evasion items are banned
|rule|Evasion Moves Clause: Evasion moves are banned
|rule|Evasion Abilities Clause: Evasion abilities are banned
|rule|Sleep Moves Clause: Sleep-inducing moves are banned
|clearpoke
|poke|p1|Clefable, M|
|poke|p1|Gliscor, F|
|poke|p1|Slowking, F|
|poke|p1|Dragapult, M|
|poke|p1|Ting-Lu|
|poke|p1|Lokix, M|
|poke|p2|Hawlucha, M|
|poke|p2|Rillaboom, M|
|poke|p2|Great Tusk|
|poke|p2|Rotom-Heat|
|poke|p2|Primarina, F|
|poke|p2|Polteageist-Antique|
|teampreview
|inactive|Battle timer is ON: inactive players will automatically lose when time's up. (requested by Heliolower)
|
|t:|1760329185
|teamsize|p1|6
|teamsize|p2|6
|start
|switch|p1a: Gliscor|Gliscor, F|100/100
|switch|p2a: Great Tusk|Great Tusk, shiny|100/100
|-enditem|p2a: Great Tusk|Booster Energy
|-activate|p2a: Great Tusk|ability: Protosynthesis|[fromitem]
|-start|p2a: Great Tusk|protosynthesisspe
|turn|1
|
|t:|1760329191
|move|p1a: Gliscor|Protect|p1a: Gliscor
|-singleturn|p1a: Gliscor|Protect
|move|p2a: Great Tusk|Bulk Up|p2a: Great Tusk
|-boost|p2a: Great Tusk|atk|1
|-boost|p2a: Great Tusk|def|1
|
|-status|p1a: Gliscor|tox|[from] item: Toxic Orb
|upkeep
|turn|2
|
|t:|1760329201
|move|p2a: Great Tusk|Ice Spinner|p1a: Gliscor
|-supereffective|p1a: Gliscor
|-damage|p1a: Gliscor|0 fnt
|faint|p1a: Gliscor
|
|upkeep
|
|t:|1760329205
|switch|p1a: Dragapult|Dragapult, M|100/100
|turn|3
|
|t:|1760329209
|-terastallize|p1a: Dragapult|Fairy
|move|p2a: Great Tusk|Ice Spinner|p1a: Dragapult
|-damage|p1a: Dragapult|51/100
|move|p1a: Dragapult|Will-O-Wisp|p2a: Great Tusk
|-status|p2a: Great Tusk|brn
|
|-damage|p2a: Great Tusk|94/100 brn|[from] brn
|upkeep
|turn|4
|
|t:|1760329215
|switch|p1a: Slowking|Slowking, F|100/100
|move|p2a: Great Tusk|Bulk Up|p2a: Great Tusk
|-boost|p2a: Great Tusk|atk|1
|-boost|p2a: Great Tusk|def|1
|
|-damage|p2a: Great Tusk|88/100 brn|[from] brn
|upkeep
|turn|5
|
|t:|1760329222
|move|p2a: Great Tusk|Headlong Rush|p1a: Slowking
|-crit|p1a: Slowking
|-damage|p1a: Slowking|42/100
|-unboost|p2a: Great Tusk|def|1
|-unboost|p2a: Great Tusk|spd|1
|move|p1a: Slowking|Scald|p2a: Great Tusk
|-supereffective|p2a: Great Tusk
|-damage|p2a: Great Tusk|0 fnt
|faint|p2a: Great Tusk
|-end|p2a: Great Tusk|Protosynthesis|[silent]
|
|upkeep
|
|t:|1760329228
|switch|p2a: Polteageist|Polteageist-Antique, shiny|100/100
|turn|6
|
|t:|1760329239
|move|p2a: Polteageist|Shell Smash|p2a: Polteageist
|-unboost|p2a: Polteageist|def|1
|-unboost|p2a: Polteageist|spd|1
|-boost|p2a: Polteageist|atk|2
|-boost|p2a: Polteageist|spa|2
|-boost|p2a: Polteageist|spe|2
|-enditem|p2a: Polteageist|White Herb
|-clearnegativeboost|p2a: Polteageist|[silent]
|move|p1a: Slowking|Thunder Wave|p2a: Polteageist
|-status|p2a: Polteageist|par
|
|upkeep
|turn|7
|
|t:|1760329246
|move|p2a: Polteageist|Giga Drain|p1a: Slowking
|-supereffective|p1a: Slowking
|-damage|p1a: Slowking|0 fnt
|faint|p1a: Slowking
|
|upkeep
|
|t:|1760329247
|switch|p1a: Lokix|Lokix, M|100/100
|turn|8
|
|t:|1760329255
|move|p1a: Lokix|First Impression|p2a: Polteageist
|-resisted|p2a: Polteageist
|-damage|p2a: Polteageist|13/100 par
|-start|p1a: Lokix|Disable|First Impression|[from] ability: Cursed Body|[of] p2a: Polteageist
|move|p2a: Polteageist|Shadow Ball|p1a: Lokix
|-resisted|p1a: Lokix
|-damage|p1a: Lokix|3/100
|
|upkeep
|turn|9
|
|t:|1760329261
|move|p1a: Lokix|Sucker Punch|p2a: Polteageist
|-supereffective|p2a: Polteageist
|-damage|p2a: Polteageist|0 fnt
|faint|p2a: Polteageist
|
|upkeep
|
|t:|1760329265
|switch|p2a: Rillaboom|Rillaboom, M, shiny|100/100
|-fieldstart|move: Grassy Terrain|[from] ability: Grassy Surge|[of] p2a: Rillaboom
|turn|10
|
|t:|1760329270
|switch|p1a: Clefable|Clefable, M|100/100
|move|p2a: Rillaboom|Grassy Glide|p1a: Clefable
|-damage|p1a: Clefable|65/100
|-damage|p2a: Rillaboom|91/100|[from] item: Life Orb
|
|-heal|p2a: Rillaboom|97/100|[from] Grassy Terrain
|-heal|p1a: Clefable|71/100|[from] Grassy Terrain
|-heal|p1a: Clefable|77/100|[from] item: Leftovers
|upkeep
|turn|11
|
|t:|1760329273
|move|p2a: Rillaboom|Knock Off|p1a: Clefable
|-resisted|p1a: Clefable
|-crit|p1a: Clefable
|-damage|p1a: Clefable|53/100
|-enditem|p1a: Clefable|Leftovers|[from] move: Knock Off|[of] p2a: Rillaboom
|-damage|p2a: Rillaboom|87/100|[from] item: Life Orb
|move|p1a: Clefable|Thunder Wave|p2a: Rillaboom
|-status|p2a: Rillaboom|par
|
|-heal|p1a: Clefable|59/100|[from] Grassy Terrain
|-heal|p2a: Rillaboom|93/100 par|[from] Grassy Terrain
|upkeep
|turn|12
|
|t:|1760329276
|move|p1a: Clefable|Stealth Rock|p2a: Rillaboom
|-sidestart|p2: battler12312001|move: Stealth Rock
|move|p2a: Rillaboom|U-turn|p1a: Clefable
|-resisted|p1a: Clefable
|-damage|p1a: Clefable|48/100
|-damage|p2a: Rillaboom|83/100 par|[from] item: Life Orb
|
|t:|1760329282
|switch|p2a: Hawlucha|Hawlucha, M, shiny|100/100|[from] U-turn
|-damage|p2a: Hawlucha|88/100|[from] Stealth Rock
|-enditem|p2a: Hawlucha|Grassy Seed
|-boost|p2a: Hawlucha|def|1|[from] item: Grassy Seed
|
|-heal|p1a: Clefable|54/100|[from] Grassy Terrain
|upkeep
|turn|13
|
|t:|1760329299
|move|p2a: Hawlucha|Poison Jab|p1a: Clefable
|-supereffective|p1a: Clefable
|-damage|p1a: Clefable|19/100
|move|p1a: Clefable|Moonblast|p2a: Hawlucha
|-supereffective|p2a: Hawlucha
|-damage|p2a: Hawlucha|0 fnt
|faint|p2a: Hawlucha
|
|-heal|p1a: Clefable|25/100|[from] Grassy Terrain
|upkeep
|
|t:|1760329305
|switch|p2a: Rillaboom|Rillaboom, M, shiny|83/100 par
|-damage|p2a: Rillaboom|71/100 par|[from] Stealth Rock
|turn|14
|
|t:|1760329308
|move|p2a: Rillaboom|Grassy Glide|p1a: Clefable
|-damage|p1a: Clefable|0 fnt
|faint|p1a: Clefable
|-damage|p2a: Rillaboom|61/100 par|[from] item: Life Orb
|
|-heal|p2a: Rillaboom|67/100 par|[from] Grassy Terrain
|-fieldend|move: Grassy Terrain
|upkeep
|
|t:|1760329313
|switch|p1a: Lokix|Lokix, M|3/100
|turn|15
|
|t:|1760329316
|switch|p2a: Rotom|Rotom-Heat, shiny|100/100
|-damage|p2a: Rotom|76/100|[from] Stealth Rock
|move|p1a: Lokix|First Impression|p2a: Rotom
|-resisted|p2a: Rotom
|-damage|p2a: Rotom|21/100
|
|upkeep
|turn|16
|
|t:|1760329329
|switch|p1a: Ting-Lu|Ting-Lu|100/100
|-ability|p1a: Ting-Lu|Vessel of Ruin
|move|p2a: Rotom|Dark Pulse|p1a: Ting-Lu
|-resisted|p1a: Ting-Lu
|-damage|p1a: Ting-Lu|95/100
|
|-heal|p1a: Ting-Lu|100/100|[from] item: Leftovers
|upkeep
|turn|17
|
|t:|1760329336
|move|p2a: Rotom|Dark Pulse|p1a: Ting-Lu
|-resisted|p1a: Ting-Lu
|-damage|p1a: Ting-Lu|96/100
|move|p1a: Ting-Lu|Whirlwind|p2a: Rotom
|drag|p2a: Primarina|Primarina, F, shiny|100/100
|-damage|p2a: Primarina|88/100|[from] Stealth Rock
|
|-heal|p2a: Primarina|94/100|[from] item: Leftovers
|-heal|p1a: Ting-Lu|100/100|[from] item: Leftovers
|upkeep
|turn|18
|
|t:|1760329347
|move|p2a: Primarina|Hydro Pump|p1a: Ting-Lu
|-supereffective|p1a: Ting-Lu
|-damage|p1a: Ting-Lu|51/100
|move|p1a: Ting-Lu|Ruination|p2a: Primarina
|-damage|p2a: Primarina|47/100
|
|-heal|p2a: Primarina|54/100|[from] item: Leftovers
|-heal|p1a: Ting-Lu|58/100|[from] item: Leftovers
|upkeep
|turn|19
|
|t:|1760329355
|move|p2a: Primarina|Hydro Pump|p1a: Ting-Lu|[miss]
|-miss|p2a: Primarina|p1a: Ting-Lu
|move|p1a: Ting-Lu|Whirlwind|p2a: Primarina
|drag|p2a: Rotom|Rotom-Heat, shiny|21/100
|-damage|p2a: Rotom|0 fnt|[from] Stealth Rock
|faint|p2a: Rotom
|
|-heal|p1a: Ting-Lu|64/100|[from] item: Leftovers
|upkeep
|
|t:|1760329359
|switch|p2a: Rillaboom|Rillaboom, M, shiny|67/100 par
|-damage|p2a: Rillaboom|54/100 par|[from] Stealth Rock
|-fieldstart|move: Grassy Terrain|[from] ability: Grassy Surge|[of] p2a: Rillaboom
|turn|20
|
|t:|1760329368
|move|p2a: Rillaboom|Knock Off|p1a: Ting-Lu
|-resisted|p1a: Ting-Lu
|-damage|p1a: Ting-Lu|53/100
|-enditem|p1a: Ting-Lu|Leftovers|[from] move: Knock Off|[of] p2a: Rillaboom
|-damage|p2a: Rillaboom|44/100 par|[from] item: Life Orb
|move|p1a: Ting-Lu|Whirlwind|p2a: Rillaboom
|drag|p2a: Primarina|Primarina, F, shiny|54/100
|-damage|p2a: Primarina|41/100|[from] Stealth Rock
|
|-heal|p2a: Primarina|47/100|[from] Grassy Terrain
|-heal|p2a: Primarina|53/100|[from] item: Leftovers
|-heal|p1a: Ting-Lu|59/100|[from] Grassy Terrain
|upkeep
|turn|21
|
|t:|1760329376
|move|p2a: Primarina|Hydro Pump|p1a: Ting-Lu
|-supereffective|p1a: Ting-Lu
|-damage|p1a: Ting-Lu|4/100
|move|p1a: Ting-Lu|Earthquake|p2a: Primarina
|-damage|p2a: Primarina|30/100
|
|-heal|p2a: Primarina|36/100|[from] Grassy Terrain
|-heal|p2a: Primarina|42/100|[from] item: Leftovers
|-heal|p1a: Ting-Lu|10/100|[from] Grassy Terrain
|upkeep
|turn|22
|
|t:|1760329383
|move|p2a: Primarina|Moonblast|p1a: Ting-Lu
|-supereffective|p1a: Ting-Lu
|-damage|p1a: Ting-Lu|0 fnt
|faint|p1a: Ting-Lu
|
|-heal|p2a: Primarina|48/100|[from] Grassy Terrain
|-heal|p2a: Primarina|54/100|[from] item: Leftovers
|upkeep
|
|t:|1760329384
|switch|p1a: Lokix|Lokix, M|3/100
|turn|23
|
|t:|1760329389
|move|p1a: Lokix|First Impression|p2a: Primarina
|-resisted|p2a: Primarina
|-damage|p2a: Primarina|5/100
|move|p2a: Primarina|Moonblast|p1a: Lokix
|-supereffective|p1a: Lokix
|-damage|p1a: Lokix|0 fnt
|faint|p1a: Lokix
|
|-heal|p2a: Primarina|11/100|[from] Grassy Terrain
|-heal|p2a: Primarina|17/100|[from] item: Leftovers
|upkeep
|
|t:|1760329392
|switch|p1a: Dragapult|Dragapult, M, tera:Fairy|51/100
|turn|24
|
|t:|1760329403
|move|p1a: Dragapult|Hex|p2a: Primarina
|-damage|p2a: Primarina|0 fnt
|faint|p2a: Primarina
|
|-heal|p1a: Dragapult|57/100|[from] Grassy Terrain
|-fieldend|move: Grassy Terrain
|upkeep
|
|t:|1760329406
|switch|p2a: Rillaboom|Rillaboom, M, shiny|44/100 par
|-damage|p2a: Rillaboom|32/100 par|[from] Stealth Rock
|-fieldstart|move: Grassy Terrain|[from] ability: Grassy Surge|[of] p2a: Rillaboom
|turn|25
|
|t:|1760329416
|move|p2a: Rillaboom|Grassy Glide|p1a: Dragapult
|-damage|p1a: Dragapult|0 fnt
|faint|p1a: Dragapult
|-damage|p2a: Rillaboom|22/100 par|[from] item: Life Orb
|
|win|battler12312001
|raw|Heliolower's rating: 1283 &rarr; <strong>1257</strong><br />(-26 for losing)
|raw|battler12312001's rating: 1270 &rarr; <strong>1296</strong><br />(+26 for winning)
|l|☆Heliolower
|player|p1|
