|j|☆Markolinho
|j|☆inder-house
|t:|1760448240
|gametype|singles
|player|p1|Markolinho|101|1465
|player|p2|inder-house|1|1498
|gen|9
|tier|[Gen 9] OU
|rated|
|rule|HP Percentage Mod: HP is shown in percentages
|rule|Endless Battle Clause: Forcing endless battles is banned
|rule|Species Clause: Limit one of each Pokémon
|rule|OHKO Clause: OHKO moves are banned
|rule|Evasion Items Clause: Evasion items are banned
|rule|Evasion Moves Clause: Evasion moves are banned
|rule|Evasion Abilities Clause: Evasion abilities are banned
|rule|Sleep Moves Clause: Sleep-inducing moves are banned
|clearpoke
|poke|p1|Great Tusk|
|poke|p1|Slowking-Galar, M|
|poke|p1|Alomomola, F|
|poke|p1|Corviknight, F|
|poke|p1|Cinderace, M|
|poke|p1|Raging Bolt|
|poke|p2|Hydreigon, M|
|poke|p2|Iron Boulder|
|poke|p2|Hatterene, F|
|poke|p2|Toxapex, M|
|poke|p2|Gliscor, F|
|poke|p2|Corviknight, M|
|teampreview
|
|t:|1760448251
|teamsize|p1|6
|teamsize|p2|6
|start
|switch|p1a: Great Tusk|Great Tusk|100/100
|switch|p2a: Reaver|Gliscor, F|100/100
|turn|1
|inactive|Battle timer is ON: inactive players will automatically lose when time's up. (requested by Markolinho)
|
|t:|1760448256
|move|p2a: Reaver|Swords Dance|p2a: Reaver
|-boost|p2a: Reaver|atk|2
|move|p1a: Great Tusk|Ice Spinner|p2a: Reaver
|-supereffective|p2a: Reaver
|-damage|p2a: Reaver|0 fnt
|faint|p2a: Reaver
|
|upkeep
|c|☆inder-house|lol
|c|☆Markolinho|ggwp
|
|t:|1760448265
|switch|p2a: Blackstar|Hydreigon, M|100/100
|turn|2
|c|☆inder-house|ez mid
|c|☆Markolinho|a bit risky
|c|☆Markolinho|i could have knocked as well
|
|t:|1760448278
|-end|p1a: Great Tusk|Protosynthesis|[silent]
|switch|p1a: Slowking|Slowking-Galar, M|100/100
|move|p2a: Blackstar|Nasty Plot|p2a: Blackstar
|-boost|p2a: Blackstar|spa|2
|
|upkeep
|turn|3
|c|☆inder-house|yeah I know haha
|c|☆inder-house|I was positioning to try a sweep haha
|c|☆inder-house|gottta shoot your shot I guess
|c|☆Markolinho|i cant decide whom to let die
|c|☆Markolinho|i think corv is the most useless
|c|☆inder-house|it's a bad problem to have
|
|t:|1760448320
|switch|p1a: Corviknight|Corviknight, F|100/100
|move|p2a: Blackstar|Dark Pulse|p1a: Corviknight
|-damage|p1a: Corviknight|0 fnt
|faint|p1a: Corviknight
|-damage|p2a: Blackstar|91/100|[from] item: Life Orb
|
|upkeep
|inactive|Markolinho has 120 seconds left.
|
|t:|1760448330
|switch|p1a: Cinderace|Cinderace, M|100/100
|turn|4
|
|t:|1760448353
|move|p1a: Cinderace|U-turn|p2a: Blackstar
|-start|p1a: Cinderace|typechange|Bug|[from] ability: Libero
|-supereffective|p2a: Blackstar
|-damage|p2a: Blackstar|9/100
|inactive|Markolinho has 120 seconds left.
|
|t:|1760448368
|switch|p1a: Great Tusk|Great Tusk|100/100|[from] U-turn
|move|p2a: Blackstar|Draco Meteor|p1a: Great Tusk
|-crit|p1a: Great Tusk
|-damage|p1a: Great Tusk|0 fnt
|-unboost|p2a: Blackstar|spa|2
|faint|p1a: Great Tusk
|-end|p1a: Great Tusk|Protosynthesis|[silent]
|-damage|p2a: Blackstar|0 fnt|[from] item: Life Orb
|faint|p2a: Blackstar
|
|upkeep
|inactive|Markolinho has 120 seconds left.
|inactive|inder-house has 120 seconds left.
|
|t:|1760448407
|switch|p2a: Mindspike|Hatterene, F|100/100
|switch|p1a: Raging Bolt|Raging Bolt|100/100
|turn|5
|inactive|Markolinho has 120 seconds left.
|inactive|Markolinho has 90 seconds left.
|
|t:|1760448458
|-end|p1a: Raging Bolt|Protosynthesis|[silent]
|switch|p1a: Slowking|Slowking-Galar, M|100/100
|move|p2a: Mindspike|Psychic Noise|p1a: Slowking
|-damage|p1a: Slowking|78/100
|-start|p1a: Slowking|move: Heal Block
|
|upkeep
|turn|6
|
|t:|1760448476
|switch|p2a: Sentinel|Corviknight, M|100/100
|-ability|p2a: Sentinel|Pressure
|move|p1a: Slowking|Sludge Bomb|p2a: Sentinel
|-immune|p2a: Sentinel
|
|-end|p1a: Slowking|move: Heal Block
|upkeep
|turn|7
|
|t:|1760448500
|move|p2a: Sentinel|U-turn|p1a: Slowking
|-damage|p1a: Slowking|63/100
|inactive|inder-house has 90 seconds left.
|
|t:|1760448537
|switch|p2a: Terraformer|Iron Boulder|100/100|[from] U-turn
|-enditem|p2a: Terraformer|Booster Energy
|-activate|p2a: Terraformer|ability: Quark Drive|[fromitem]
|-start|p2a: Terraformer|quarkdrivespe
|-prepare|p1a: Slowking|Chilly Reception|[premajor]
|move|p1a: Slowking|Chilly Reception|p1a: Slowking
|-weather|Snowscape
|
|t:|1760448551
|switch|p1a: Raging Bolt|Raging Bolt|100/100|[from] Chilly Reception
|
|-weather|Snowscape|[upkeep]
|upkeep
|turn|8
|
|t:|1760448578
|-terastallize|p2a: Terraformer|Ground
|move|p2a: Terraformer|Swords Dance|p2a: Terraformer
|-boost|p2a: Terraformer|atk|2
|move|p1a: Raging Bolt|Thunderbolt|p2a: Terraformer
|-immune|p2a: Terraformer
|
|-weather|Snowscape|[upkeep]
|upkeep
|turn|9
|-message|Markolinho forfeited.
|
|win|inder-house
|raw|Markolinho's rating: 1465 &rarr; <strong>1447</strong><br />(-18 for losing)
|raw|inder-house's rating: 1498 &rarr; <strong>1516</strong><br />(+18 for winning)
|l|☆Markolinho
|player|p1|
|l|☆inder-house
|player|p2|
