|j|☆schalo
|j|☆CourtTre
|t:|1760445955
|gametype|singles
|player|p1|schalo|harlequin|1368
|player|p2|CourtTre|clair|1387
|gen|9
|tier|[Gen 9] OU
|rated|
|rule|HP Percentage Mod: HP is shown in percentages
|rule|Endless Battle Clause: Forcing endless battles is banned
|rule|Species Clause: Limit one of each Pokémon
|rule|OHKO Clause: OHKO moves are banned
|rule|Evasion Items Clause: Evasion items are banned
|rule|Evasion Moves Clause: Evasion moves are banned
|rule|Evasion Abilities Clause: Evasion abilities are banned
|rule|Sleep Moves Clause: Sleep-inducing moves are banned
|clearpoke
|poke|p1|Slowking, M|
|poke|p1|Jolteon, M|
|poke|p1|Kyurem|
|poke|p1|Moltres|
|poke|p1|Kingambit, F|
|poke|p1|Forretress, F|
|poke|p2|Rillaboom, M|
|poke|p2|Primarina, M|
|poke|p2|Cinderace, M|
|poke|p2|Polteageist|
|poke|p2|Scrafty, M|
|poke|p2|Cloyster, F|
|teampreview
|inactive|Battle timer is ON: inactive players will automatically lose when time's up. (requested by CourtTre)
|
|t:|1760446001
|teamsize|p1|6
|teamsize|p2|6
|start
|switch|p1a: Slowking|Slowking, M|100/100
|switch|p2a: Cloyster|Cloyster, F|100/100
|turn|1
|
|t:|1760446007
|move|p2a: Cloyster|Shell Smash|p2a: Cloyster
|-unboost|p2a: Cloyster|def|1
|-unboost|p2a: Cloyster|spd|1
|-boost|p2a: Cloyster|atk|2
|-boost|p2a: Cloyster|spa|2
|-boost|p2a: Cloyster|spe|2
|-prepare|p1a: Slowking|Chilly Reception|[premajor]
|move|p1a: Slowking|Chilly Reception|p1a: Slowking
|-weather|Snowscape
|inactive|schalo has 120 seconds left.
|
|t:|1760446041
|switch|p1a: Forretress|Forretress, F|100/100|[from] Chilly Reception
|
|-weather|Snowscape|[upkeep]
|upkeep
|turn|2
|
|t:|1760446056
|move|p2a: Cloyster|Icicle Spear|p1a: Forretress
|-resisted|p1a: Forretress
|-damage|p1a: Forretress|93/100
|-resisted|p1a: Forretress
|-damage|p1a: Forretress|86/100
|-resisted|p1a: Forretress
|-damage|p1a: Forretress|79/100
|-resisted|p1a: Forretress
|-damage|p1a: Forretress|71/100
|-resisted|p1a: Forretress
|-damage|p1a: Forretress|64/100
|-hitcount|p1a: Forretress|5
|move|p1a: Forretress|Giga Drain|p2a: Cloyster
|-supereffective|p2a: Cloyster
|-damage|p2a: Cloyster|17/100
|-heal|p1a: Forretress|92/100|[from] drain|[of] p2a: Cloyster
|
|-weather|Snowscape|[upkeep]
|-heal|p1a: Forretress|99/100|[from] item: Leftovers
|upkeep
|turn|3
|inactive|schalo has 120 seconds left.
|
|t:|1760446072
|move|p2a: Cloyster|Icicle Spear|p1a: Forretress
|-resisted|p1a: Forretress
|-damage|p1a: Forretress|91/100
|-resisted|p1a: Forretress
|-damage|p1a: Forretress|84/100
|-resisted|p1a: Forretress
|-damage|p1a: Forretress|76/100
|-resisted|p1a: Forretress
|-damage|p1a: Forretress|68/100
|-resisted|p1a: Forretress
|-damage|p1a: Forretress|60/100
|-hitcount|p1a: Forretress|5
|move|p1a: Forretress|Volt Switch|p2a: Cloyster
|-supereffective|p2a: Cloyster
|-damage|p2a: Cloyster|0 fnt
|faint|p2a: Cloyster
|inactive|schalo has 120 seconds left.
|
|t:|1760446103
|switch|p1a: Kyurem|Kyurem|100/100|[from] Volt Switch
|-ability|p1a: Kyurem|Pressure
|
|-weather|Snowscape|[upkeep]
|upkeep
|
|t:|1760446122
|switch|p2a: Polteageist|Polteageist, shiny|100/100
|turn|4
|inactive|schalo has 90 seconds left.
|
|t:|1760446148
|move|p1a: Kyurem|Draco Meteor|p2a: Polteageist
|-enditem|p2a: Polteageist|Focus Sash
|-damage|p2a: Polteageist|1/100
|-unboost|p1a: Kyurem|spa|2
|move|p2a: Polteageist|Shell Smash|p2a: Polteageist
|-unboost|p2a: Polteageist|def|1
|-unboost|p2a: Polteageist|spd|1
|-boost|p2a: Polteageist|atk|2
|-boost|p2a: Polteageist|spa|2
|-boost|p2a: Polteageist|spe|2
|
|-weather|Snowscape|[upkeep]
|upkeep
|turn|5
|inactive|schalo has 90 seconds left.
|inactive|schalo has 60 seconds left.
|
|t:|1760446199
|switch|p1a: Kingambit|Kingambit, F|100/100
|move|p2a: Polteageist|Stored Power|p1a: Kingambit
|-immune|p1a: Kingambit
|
|-weather|Snowscape|[upkeep]
|upkeep
|turn|6
|
|t:|1760446218
|move|p1a: Kingambit|Sucker Punch||[still]
|-fail|p1a: Kingambit
|move|p2a: Polteageist|Shell Smash|p2a: Polteageist
|-unboost|p2a: Polteageist|def|1
|-unboost|p2a: Polteageist|spd|1
|-boost|p2a: Polteageist|atk|2
|-boost|p2a: Polteageist|spa|2
|-boost|p2a: Polteageist|spe|2
|
|-weather|Snowscape|[upkeep]
|upkeep
|turn|7
|inactive|schalo has 30 seconds left.
|inactive|CourtTre has 120 seconds left.
|inactive|schalo has 20 seconds left.
|inactive|schalo has 15 seconds left.
|inactive|schalo has 10 seconds left.
|
|t:|1760446265
|-terastallize|p2a: Polteageist|Fighting
|move|p2a: Polteageist|Tera Blast|p1a: Kingambit|[anim] Tera Blast Fighting
|-supereffective|p1a: Kingambit
|-damage|p1a: Kingambit|0 fnt
|faint|p1a: Kingambit
|-end|p1a: Kingambit|fallenundefined|[silent]
|
|-weather|Snowscape|[upkeep]
|upkeep
|inactive|schalo has 15 seconds left this turn.
|
|t:|1760446270
|switch|p1a: Slowking|Slowking, M|100/100
|turn|8
|inactive|schalo has 25 seconds left this turn.
|inactive|schalo has 20 seconds left.
|
|t:|1760446276
|-terastallize|p1a: Slowking|Fire
|move|p2a: Polteageist|Shadow Ball|p1a: Slowking
|-damage|p1a: Slowking|20/100
|-unboost|p1a: Slowking|spd|1
|move|p1a: Slowking|Scald|p2a: Polteageist
|-damage|p2a: Polteageist|0 fnt
|faint|p2a: Polteageist
|
|-weather|none
|upkeep
|
|t:|1760446293
|switch|p2a: Scrafty|Scrafty, M|100/100
|-ability|p2a: Scrafty|Intimidate|boost
|-unboost|p1a: Slowking|atk|1
|turn|9
|inactive|schalo has 30 seconds left.
|
|t:|1760446303
|switch|p1a: Moltres|Moltres|100/100
|move|p2a: Scrafty|Dragon Dance|p2a: Scrafty
|-boost|p2a: Scrafty|atk|1
|-boost|p2a: Scrafty|spe|1
|
|upkeep
|turn|10
|
|t:|1760446310
|move|p2a: Scrafty|Knock Off|p1a: Moltres
|-damage|p1a: Moltres|59/100
|-enditem|p1a: Moltres|Heavy-Duty Boots|[from] move: Knock Off|[of] p2a: Scrafty
|move|p1a: Moltres|Will-O-Wisp|p2a: Scrafty
|-status|p2a: Scrafty|brn
|
|-damage|p2a: Scrafty|95/100 brn|[from] brn
|upkeep
|turn|11
|inactive|CourtTre has 120 seconds left.
|
|t:|1760446321
|move|p2a: Scrafty|Dragon Dance|p2a: Scrafty
|-boost|p2a: Scrafty|atk|1
|-boost|p2a: Scrafty|spe|1
|move|p1a: Moltres|Roost|p1a: Moltres
|-heal|p1a: Moltres|100/100
|-singleturn|p1a: Moltres|move: Roost
|
|-heal|p2a: Scrafty|100/100 brn|[from] item: Leftovers
|-damage|p2a: Scrafty|95/100 brn|[from] brn
|upkeep
|turn|12
|
|t:|1760446332
|move|p2a: Scrafty|Dragon Dance|p2a: Scrafty
|-boost|p2a: Scrafty|atk|1
|-boost|p2a: Scrafty|spe|1
|move|p1a: Moltres|Flamethrower|p2a: Scrafty
|-damage|p2a: Scrafty|53/100 brn
|
|-heal|p2a: Scrafty|59/100 brn|[from] item: Leftovers
|-damage|p2a: Scrafty|53/100 brn|[from] brn
|upkeep
|turn|13
|
|t:|1760446340
|move|p2a: Scrafty|Close Combat|p1a: Moltres
|-resisted|p1a: Moltres
|-damage|p1a: Moltres|80/100
|-unboost|p2a: Scrafty|def|1
|-unboost|p2a: Scrafty|spd|1
|move|p1a: Moltres|Flamethrower|p2a: Scrafty
|-damage|p2a: Scrafty|0 fnt
|faint|p2a: Scrafty
|
|upkeep
|
|t:|1760446345
|switch|p2a: Primarina|Primarina, M|100/100
|turn|14
|
|t:|1760446354
|switch|p1a: Slowking|Slowking, M, tera:Fire|53/100
|move|p2a: Primarina|Moonblast|p1a: Slowking
|-resisted|p1a: Slowking
|-damage|p1a: Slowking|38/100
|
|upkeep
|turn|15
|
|t:|1760446379
|switch|p1a: Jolteon|Jolteon, M|100/100
|move|p2a: Primarina|Moonblast|p1a: Jolteon
|-damage|p1a: Jolteon|33/100
|
|upkeep
|turn|16
|
|t:|1760446386
|switch|p2a: Rillaboom|Rillaboom, M|100/100
|-fieldstart|move: Grassy Terrain|[from] ability: Grassy Surge|[of] p2a: Rillaboom
|move|p1a: Jolteon|Thunderbolt|p2a: Rillaboom
|-resisted|p2a: Rillaboom
|-damage|p2a: Rillaboom|78/100
|
|-heal|p1a: Jolteon|39/100|[from] Grassy Terrain
|-heal|p2a: Rillaboom|84/100|[from] Grassy Terrain
|upkeep
|turn|17
|
|t:|1760446390
|switch|p1a: Moltres|Moltres|80/100
|move|p2a: Rillaboom|Knock Off|p1a: Moltres
|-damage|p1a: Moltres|63/100
|-status|p2a: Rillaboom|brn|[from] ability: Flame Body|[of] p1a: Moltres
|
|-heal|p2a: Rillaboom|90/100 brn|[from] Grassy Terrain
|-damage|p2a: Rillaboom|84/100 brn|[from] brn
|upkeep
|turn|18
|inactive|schalo has 60 seconds left.
|
|t:|1760446407
|switch|p2a: Primarina|Primarina, M|100/100
|move|p1a: Moltres|U-turn|p2a: Primarina
|-resisted|p2a: Primarina
|-damage|p2a: Primarina|91/100
|
|t:|1760446412
|switch|p1a: Jolteon|Jolteon, M|39/100|[from] U-turn
|
|-heal|p1a: Jolteon|45/100|[from] Grassy Terrain
|-heal|p2a: Primarina|97/100|[from] Grassy Terrain
|upkeep
|turn|19
|inactive|schalo has 60 seconds left.
|
|t:|1760446421
|move|p1a: Jolteon|Volt Switch|p2a: Primarina
|-supereffective|p2a: Primarina
|-damage|p2a: Primarina|47/100
|inactive|schalo has 60 seconds left.
|
|t:|1760446431
|switch|p1a: Forretress|Forretress, F|60/100|[from] Volt Switch
|move|p2a: Primarina|Moonblast|p1a: Forretress
|-resisted|p1a: Forretress
|-damage|p1a: Forretress|30/100
|
|-heal|p2a: Primarina|53/100|[from] Grassy Terrain
|-heal|p1a: Forretress|36/100|[from] Grassy Terrain
|-heal|p1a: Forretress|43/100|[from] item: Leftovers
|upkeep
|turn|20
|inactive|schalo has 60 seconds left.
|
|t:|1760446439
|switch|p2a: Cinderace|Cinderace, M|100/100
|move|p1a: Forretress|Giga Drain|p2a: Cinderace
|-resisted|p2a: Cinderace
|-damage|p2a: Cinderace|90/100
|-heal|p1a: Forretress|47/100|[from] drain|[of] p2a: Cinderace
|
|-heal|p2a: Cinderace|96/100|[from] Grassy Terrain
|-heal|p1a: Forretress|53/100|[from] Grassy Terrain
|-heal|p1a: Forretress|60/100|[from] item: Leftovers
|-fieldend|move: Grassy Terrain
|upkeep
|turn|21
|inactive|schalo has 60 seconds left.
|
|t:|1760446452
|move|p2a: Cinderace|Pyro Ball|p1a: Forretress|[miss]
|-miss|p2a: Cinderace|p1a: Forretress
|move|p1a: Forretress|Giga Drain|p2a: Cinderace
|-resisted|p2a: Cinderace
|-damage|p2a: Cinderace|87/100
|-heal|p1a: Forretress|64/100|[from] drain|[of] p2a: Cinderace
|
|-heal|p1a: Forretress|70/100|[from] item: Leftovers
|upkeep
|turn|22
|inactive|schalo has 60 seconds left.
|
|t:|1760446473
|move|p2a: Cinderace|Pyro Ball|p1a: Forretress
|-supereffective|p1a: Forretress
|-damage|p1a: Forretress|0 fnt
|faint|p1a: Forretress
|
|upkeep
|inactive|schalo has 60 seconds left.
|
|t:|1760446497
|switch|p1a: Slowking|Slowking, M, tera:Fire|71/100
|turn|23
|
|t:|1760446513
|move|p2a: Cinderace|U-turn|p1a: Slowking
|-start|p2a: Cinderace|typechange|Bug|[from] ability: Libero
|-resisted|p1a: Slowking
|-damage|p1a: Slowking|52/100
|
|t:|1760446515
|switch|p2a: Primarina|Primarina, M|53/100|[from] U-turn
|move|p1a: Slowking|Future Sight|p2a: Primarina
|-start|p1a: Slowking|move: Future Sight
|
|upkeep
|turn|24
|
|t:|1760446534
|switch|p1a: Kyurem|Kyurem|100/100
|-ability|p1a: Kyurem|Pressure
|move|p2a: Primarina|Surf|p1a: Kyurem
|-resisted|p1a: Kyurem
|-damage|p1a: Kyurem|75/100
|
|upkeep
|turn|25
|
|t:|1760446542
|switch|p2a: Cinderace|Cinderace, M|87/100
|move|p1a: Kyurem|Freeze-Dry|p2a: Cinderace
|-resisted|p2a: Cinderace
|-damage|p2a: Cinderace|49/100
|
|-end|p2a: Cinderace|move: Future Sight
|-damage|p2a: Cinderace|0 fnt
|faint|p2a: Cinderace
|upkeep
|-message|CourtTre forfeited.
|
|win|schalo
|raw|schalo's rating: 1368 &rarr; <strong>1389</strong><br />(+21 for winning)
|raw|CourtTre's rating: 1387 &rarr; <strong>1366</strong><br />(-21 for losing)
|l|☆CourtTre
|player|p2|
|l|☆schalo
|player|p1|
