|j|☆pr1nceameer
|j|☆Fitis3
|t:|1760386456
|gametype|singles
|player|p1|pr1nceameer|n|1113
|player|p2|Fitis3|1|1142
|gen|9
|tier|[Gen 9] OU
|rated|
|rule|HP Percentage Mod: HP is shown in percentages
|rule|Endless Battle Clause: Forcing endless battles is banned
|rule|Species Clause: Limit one of each Pokémon
|rule|OHKO Clause: OHKO moves are banned
|rule|Evasion Items Clause: Evasion items are banned
|rule|Evasion Moves Clause: Evasion moves are banned
|rule|Evasion Abilities Clause: Evasion abilities are banned
|rule|Sleep Moves Clause: Sleep-inducing moves are banned
|clearpoke
|poke|p1|Latios, M|
|poke|p1|Hydrapple, F|
|poke|p1|Duraludon, M|
|poke|p1|Noivern, F|
|poke|p1|Dragonite, F|
|poke|p1|Kyurem|
|poke|p2|Tyranitar, F|
|poke|p2|Rillaboom, F|
|poke|p2|Great Tusk|
|poke|p2|Excadrill, F|
|poke|p2|Dragapult, F|
|poke|p2|Kingambit, M|
|teampreview
|inactive|Battle timer is ON: inactive players will automatically lose when time's up. (requested by Fitis3)
|
|t:|1760386478
|teamsize|p1|6
|teamsize|p2|6
|start
|switch|p1a: Kiki|Kyurem|100/100
|switch|p2a: Rillaboom|Rillaboom, F|100/100
|-ability|p1a: Kiki|Pressure
|-fieldstart|move: Grassy Terrain|[from] ability: Grassy Surge|[of] p2a: Rillaboom
|turn|1
|
|t:|1760386491
|switch|p2a: Kingambit|Kingambit, M|100/100
|move|p1a: Kiki|Dragon Dance|p1a: Kiki
|-boost|p1a: Kiki|atk|1
|-boost|p1a: Kiki|spe|1
|
|upkeep
|turn|2
|
|t:|1760386504
|move|p1a: Kiki|Icicle Spear|p2a: Kingambit
|-resisted|p2a: Kingambit
|-damage|p2a: Kingambit|92/100
|-resisted|p2a: Kingambit
|-damage|p2a: Kingambit|84/100
|-resisted|p2a: Kingambit
|-damage|p2a: Kingambit|76/100
|-resisted|p2a: Kingambit
|-damage|p2a: Kingambit|67/100
|-hitcount|p2a: Kingambit|4
|move|p2a: Kingambit|Iron Head|p1a: Kiki
|-supereffective|p1a: Kiki
|-damage|p1a: Kiki|10/100
|
|-heal|p1a: Kiki|16/100|[from] Grassy Terrain
|-heal|p2a: Kingambit|74/100|[from] Grassy Terrain
|upkeep
|turn|3
|
|t:|1760386519
|move|p2a: Kingambit|Sucker Punch|p1a: Kiki
|-damage|p1a: Kiki|0 fnt
|faint|p1a: Kiki
|
|-heal|p2a: Kingambit|80/100|[from] Grassy Terrain
|upkeep
|
|t:|1760386536
|switch|p1a: Hydunn|Hydrapple, F, shiny|100/100
|turn|4
|
|t:|1760386544
|-end|p2a: Kingambit|fallenundefined|[silent]
|switch|p2a: Rillaboom|Rillaboom, F|100/100
|move|p1a: Hydunn|Earth Power|p2a: Rillaboom
|-resisted|p2a: Rillaboom
|-damage|p2a: Rillaboom|78/100
|
|-heal|p2a: Rillaboom|84/100|[from] Grassy Terrain
|upkeep
|turn|5
|
|t:|1760386553
|move|p2a: Rillaboom|Knock Off|p1a: Hydunn
|-damage|p1a: Hydunn|62/100
|-enditem|p1a: Hydunn|Eject Pack|[from] move: Knock Off|[of] p2a: Rillaboom
|move|p1a: Hydunn|Fickle Beam|p2a: Rillaboom
|-damage|p2a: Rillaboom|30/100
|
|-heal|p2a: Rillaboom|37/100|[from] Grassy Terrain
|-heal|p1a: Hydunn|68/100|[from] Grassy Terrain
|-fieldend|move: Grassy Terrain
|upkeep
|turn|6
|
|t:|1760386575
|switch|p2a: Kingambit|Kingambit, M|80/100
|move|p1a: Hydunn|Fickle Beam|p2a: Kingambit
|-resisted|p2a: Kingambit
|-damage|p2a: Kingambit|57/100
|
|upkeep
|turn|7
|
|t:|1760386582
|move|p2a: Kingambit|Kowtow Cleave|p1a: Hydunn
|-damage|p1a: Hydunn|26/100
|move|p1a: Hydunn|Earth Power|p2a: Kingambit
|-supereffective|p2a: Kingambit
|-damage|p2a: Kingambit|0 fnt
|faint|p2a: Kingambit
|-end|p2a: Kingambit|fallenundefined|[silent]
|
|upkeep
|
|t:|1760386593
|switch|p2a: Dragapult|Dragapult, F|100/100
|turn|8
|
|t:|1760386612
|move|p2a: Dragapult|Shadow Ball|p1a: Hydunn
|-damage|p1a: Hydunn|0 fnt
|faint|p1a: Hydunn
|
|upkeep
|
|t:|1760386617
|switch|p1a: Drateenee|Dragonite, F, shiny|100/100
|turn|9
|
|t:|1760386622
|switch|p2a: Tyranitar|Tyranitar, F|100/100
|-weather|Sandstorm|[from] ability: Sand Stream|[of] p2a: Tyranitar
|move|p1a: Drateenee|Dragon Dance|p1a: Drateenee
|-boost|p1a: Drateenee|atk|1
|-boost|p1a: Drateenee|spe|1
|
|-weather|Sandstorm|[upkeep]
|-damage|p1a: Drateenee|94/100|[from] Sandstorm
|upkeep
|turn|10
|
|t:|1760386634
|move|p1a: Drateenee|Roost|p1a: Drateenee
|-heal|p1a: Drateenee|100/100
|-singleturn|p1a: Drateenee|move: Roost
|move|p2a: Tyranitar|Thunder Wave|p1a: Drateenee
|-status|p1a: Drateenee|par
|
|-weather|Sandstorm|[upkeep]
|-damage|p1a: Drateenee|94/100 par|[from] Sandstorm
|upkeep
|turn|11
|
|t:|1760386644
|move|p1a: Drateenee|Dragon Dance|p1a: Drateenee
|-boost|p1a: Drateenee|atk|1
|-boost|p1a: Drateenee|spe|1
|move|p2a: Tyranitar|Stone Edge|p1a: Drateenee
|-supereffective|p1a: Drateenee
|-damage|p1a: Drateenee|9/100 par
|-enditem|p1a: Drateenee|Weakness Policy
|-boost|p1a: Drateenee|atk|2|[from] item: Weakness Policy
|-boost|p1a: Drateenee|spa|2|[from] item: Weakness Policy
|
|-weather|Sandstorm|[upkeep]
|-damage|p1a: Drateenee|3/100 par|[from] Sandstorm
|upkeep
|turn|12
|
|t:|1760386656
|move|p1a: Drateenee|Roost|p1a: Drateenee
|-heal|p1a: Drateenee|53/100 par
|-singleturn|p1a: Drateenee|move: Roost
|move|p2a: Tyranitar|Crunch|p1a: Drateenee
|-damage|p1a: Drateenee|16/100 par
|
|-weather|Sandstorm|[upkeep]
|-damage|p1a: Drateenee|10/100 par|[from] Sandstorm
|upkeep
|turn|13
|
|t:|1760386668
|move|p1a: Drateenee|Earthquake|p2a: Tyranitar
|-supereffective|p2a: Tyranitar
|-crit|p2a: Tyranitar
|-damage|p2a: Tyranitar|0 fnt
|faint|p2a: Tyranitar
|
|-weather|none
|upkeep
|
|t:|1760386674
|switch|p2a: Dragapult|Dragapult, F|100/100
|turn|14
|
|t:|1760386689
|move|p2a: Dragapult|Flamethrower|p1a: Drateenee
|-resisted|p1a: Drateenee
|-damage|p1a: Drateenee|0 fnt
|faint|p1a: Drateenee
|
|upkeep
|
|t:|1760386696
|switch|p1a: Latinos|Latios, M, shiny|100/100
|turn|15
|
|t:|1760386707
|switch|p2a: Rillaboom|Rillaboom, F|37/100
|-fieldstart|move: Grassy Terrain|[from] ability: Grassy Surge|[of] p2a: Rillaboom
|move|p1a: Latinos|Dragon Dance|p1a: Latinos
|-boost|p1a: Latinos|atk|1
|-boost|p1a: Latinos|spe|1
|
|-heal|p2a: Rillaboom|43/100|[from] Grassy Terrain
|upkeep
|turn|16
|
|t:|1760386720
|move|p1a: Latinos|Dragon Claw|p2a: Rillaboom
|-damage|p2a: Rillaboom|0 fnt
|faint|p2a: Rillaboom
|
|upkeep
|
|t:|1760386726
|switch|p2a: Dragapult|Dragapult, F|100/100
|turn|17
|
|t:|1760386740
|move|p1a: Latinos|Dragon Claw|p2a: Dragapult
|-supereffective|p2a: Dragapult
|-damage|p2a: Dragapult|0 fnt
|faint|p2a: Dragapult
|
|upkeep
|
|t:|1760386752
|switch|p2a: Excadrill|Excadrill, F|100/100
|turn|18
|
|t:|1760386764
|-terastallize|p1a: Latinos|Steel
|-terastallize|p2a: Excadrill|Steel
|move|p1a: Latinos|Dragon Dance|p1a: Latinos
|-boost|p1a: Latinos|atk|1
|-boost|p1a: Latinos|spe|1
|move|p2a: Excadrill|Iron Head|p1a: Latinos
|-resisted|p1a: Latinos
|-damage|p1a: Latinos|47/100
|-damage|p2a: Excadrill|91/100|[from] item: Life Orb
|
|-heal|p2a: Excadrill|97/100|[from] Grassy Terrain
|upkeep
|turn|19
|
|t:|1760386777
|move|p1a: Latinos|Earthquake|p2a: Excadrill
|-supereffective|p2a: Excadrill
|-damage|p2a: Excadrill|21/100
|move|p2a: Excadrill|Iron Head|p1a: Latinos
|-resisted|p1a: Latinos
|-damage|p1a: Latinos|0 fnt
|faint|p1a: Latinos
|-damage|p2a: Excadrill|11/100|[from] item: Life Orb
|
|-heal|p2a: Excadrill|17/100|[from] Grassy Terrain
|-fieldend|move: Grassy Terrain
|upkeep
|
|t:|1760386790
|switch|p1a: Durin|Duraludon, M, shiny|100/100
|turn|20
|
|t:|1760386807
|move|p2a: Excadrill|Earthquake|p1a: Durin
|-supereffective|p1a: Durin
|-damage|p1a: Durin|5/100
|-damage|p2a: Excadrill|7/100|[from] item: Life Orb
|move|p1a: Durin|Flash Cannon|p2a: Excadrill
|-resisted|p2a: Excadrill
|-damage|p2a: Excadrill|0 fnt
|faint|p2a: Excadrill
|
|upkeep
|
|t:|1760386810
|switch|p2a: Great Tusk|Great Tusk|100/100
|turn|21
|
|t:|1760386819
|move|p1a: Durin|Flash Cannon|p2a: Great Tusk
|-damage|p2a: Great Tusk|53/100
|move|p2a: Great Tusk|Rapid Spin|p1a: Durin
|-resisted|p1a: Durin
|-damage|p1a: Durin|0 fnt
|-boost|p2a: Great Tusk|spe|1
|faint|p1a: Durin
|
|-heal|p2a: Great Tusk|59/100|[from] item: Leftovers
|upkeep
|
|t:|1760386829
|switch|p1a: Noisy|Noivern, F|100/100
|turn|22
|
|t:|1760386834
|move|p1a: Noisy|Air Slash|p2a: Great Tusk
|-supereffective|p2a: Great Tusk
|-damage|p2a: Great Tusk|0 fnt
|faint|p2a: Great Tusk
|-end|p2a: Great Tusk|Protosynthesis|[silent]
|
|win|pr1nceameer
|raw|pr1nceameer's rating: 1113 &rarr; <strong>1140</strong><br />(+27 for winning)
|raw|Fitis3's rating: 1142 &rarr; <strong>1115</strong><br />(-27 for losing)
|l|☆Fitis3
|player|p2|
|c|☆pr1nceameer|Gg
|l|☆pr1nceameer
|player|p1|
