|j|☆Limelight_01
|j|☆rockdrigox666
|t:|1760331018
|gametype|singles
|player|p1|Limelight_01|roxie|1064
|player|p2|rockdrigox666|101|1105
|gen|9
|tier|[Gen 9] OU
|rated|
|rule|HP Percentage Mod: HP is shown in percentages
|rule|Endless Battle Clause: Forcing endless battles is banned
|rule|Species Clause: Limit one of each Pokémon
|rule|OHKO Clause: OHKO moves are banned
|rule|Evasion Items Clause: Evasion items are banned
|rule|Evasion Moves Clause: Evasion moves are banned
|rule|Evasion Abilities Clause: Evasion abilities are banned
|rule|Sleep Moves Clause: Sleep-inducing moves are banned
|clearpoke
|poke|p1|Darkrai|
|poke|p1|Toxapex, M|
|poke|p1|Great Tusk|
|poke|p1|Raging Bolt|
|poke|p1|Iron Boulder|
|poke|p1|Corviknight, M|
|poke|p2|Sableye, M|
|poke|p2|Reuniclus, F|
|poke|p2|Blissey, F|
|poke|p2|Diancie|
|poke|p2|Cinderace, M|
|poke|p2|Glimmora, M|
|teampreview
|inactive|Battle timer is ON: inactive players will automatically lose when time's up. (requested by rockdrigox666)
|
|t:|1760331036
|teamsize|p1|6
|teamsize|p2|6
|start
|switch|p1a: Great Tusk|Great Tusk, shiny|100/100
|switch|p2a: Sableye|Sableye, M|100/100
|turn|1
|
|t:|1760331065
|move|p2a: Sableye|Confuse Ray|p1a: Great Tusk
|-start|p1a: Great Tusk|confusion
|-activate|p1a: Great Tusk|confusion
|move|p1a: Great Tusk|Headlong Rush|p2a: Sableye
|-damage|p2a: Sableye|33/100
|-unboost|p1a: Great Tusk|def|1
|-unboost|p1a: Great Tusk|spd|1
|
|-heal|p2a: Sableye|39/100|[from] item: Leftovers
|upkeep
|turn|2
|
|t:|1760331077
|-end|p1a: Great Tusk|Protosynthesis|[silent]
|switch|p1a: Toxapex|Toxapex, M, shiny|100/100
|move|p2a: Sableye|Recover|p2a: Sableye
|-heal|p2a: Sableye|89/100
|
|-heal|p2a: Sableye|96/100|[from] item: Leftovers
|upkeep
|turn|3
|
|t:|1760331084
|move|p2a: Sableye|Thunder Wave|p1a: Toxapex
|-status|p1a: Toxapex|par
|move|p1a: Toxapex|Infestation|p2a: Sableye
|-damage|p2a: Sableye|91/100
|-activate|p2a: Sableye|move: Infestation|[of] p1a: Toxapex
|
|-heal|p2a: Sableye|97/100|[from] item: Leftovers
|-damage|p2a: Sableye|84/100|[from] move: Infestation|[partiallytrapped]
|upkeep
|turn|4
|
|t:|1760331090
|move|p2a: Sableye|Confuse Ray|p1a: Toxapex
|-start|p1a: Toxapex|confusion
|-activate|p1a: Toxapex|confusion
|cant|p1a: Toxapex|par
|
|-heal|p2a: Sableye|91/100|[from] item: Leftovers
|-damage|p2a: Sableye|78/100|[from] move: Infestation|[partiallytrapped]
|upkeep
|turn|5
|
|t:|1760331094
|move|p2a: Sableye|Metronome|p2a: Sableye
|move|p2a: Sableye|Slash|p1a: Toxapex|[from] move: Metronome
|-damage|p1a: Toxapex|92/100 par
|-activate|p1a: Toxapex|confusion
|cant|p1a: Toxapex|par
|
|-heal|p2a: Sableye|84/100|[from] item: Leftovers
|-heal|p1a: Toxapex|98/100 par|[from] item: Leftovers
|-damage|p2a: Sableye|72/100|[from] move: Infestation|[partiallytrapped]
|upkeep
|turn|6
|
|t:|1760331101
|move|p2a: Sableye|Metronome|p2a: Sableye
|move|p2a: Sableye|Magnetic Flux||[from] move: Metronome|[still]
|-fail|p2a: Sableye
|-end|p1a: Toxapex|confusion
|move|p1a: Toxapex|Infestation|p2a: Sableye
|-damage|p2a: Sableye|67/100
|
|-heal|p2a: Sableye|74/100|[from] item: Leftovers
|-heal|p1a: Toxapex|100/100 par|[from] item: Leftovers
|-damage|p2a: Sableye|61/100|[from] move: Infestation|[partiallytrapped]
|upkeep
|turn|7
|
|t:|1760331108
|move|p2a: Sableye|Recover|p2a: Sableye
|-heal|p2a: Sableye|100/100
|cant|p1a: Toxapex|par
|
|-end|p2a: Sableye|Infestation|[partiallytrapped]
|upkeep
|turn|8
|
|t:|1760331113
|move|p2a: Sableye|Confuse Ray|p1a: Toxapex
|-start|p1a: Toxapex|confusion
|-activate|p1a: Toxapex|confusion
|move|p1a: Toxapex|Infestation|p2a: Sableye
|-damage|p2a: Sableye|96/100
|-activate|p2a: Sableye|move: Infestation|[of] p1a: Toxapex
|
|-heal|p2a: Sableye|100/100|[from] item: Leftovers
|-damage|p2a: Sableye|88/100|[from] move: Infestation|[partiallytrapped]
|upkeep
|turn|9
|
|t:|1760331121
|move|p2a: Sableye|Metronome|p2a: Sableye
|move|p2a: Sableye|Spin Out|p1a: Toxapex|[from] move: Metronome
|-resisted|p1a: Toxapex
|-damage|p1a: Toxapex|94/100 par
|-unboost|p2a: Sableye|spe|2
|-activate|p1a: Toxapex|confusion
|-damage|p1a: Toxapex|90/100 par|[from] confusion
|
|-heal|p2a: Sableye|94/100|[from] item: Leftovers
|-heal|p1a: Toxapex|97/100 par|[from] item: Leftovers
|-damage|p2a: Sableye|82/100|[from] move: Infestation|[partiallytrapped]
|upkeep
|turn|10
|
|t:|1760331128
|move|p2a: Sableye|Metronome|p2a: Sableye
|move|p2a: Sableye|Spirit Shackle|p1a: Toxapex|[from] move: Metronome
|-damage|p1a: Toxapex|82/100 par
|-activate|p1a: Toxapex|trapped
|-activate|p1a: Toxapex|confusion
|-damage|p1a: Toxapex|78/100 par|[from] confusion
|
|-heal|p2a: Sableye|88/100|[from] item: Leftovers
|-heal|p1a: Toxapex|84/100 par|[from] item: Leftovers
|-damage|p2a: Sableye|75/100|[from] move: Infestation|[partiallytrapped]
|upkeep
|turn|11
|
|t:|1760331138
|move|p2a: Sableye|Metronome|p2a: Sableye
|move|p2a: Sableye|Poison Powder||[from] move: Metronome|[still]
|-fail|p2a: Sableye
|-activate|p1a: Toxapex|confusion
|move|p1a: Toxapex|Toxic Spikes|p2a: Sableye
|-sidestart|p2: rockdrigox666|move: Toxic Spikes
|
|-heal|p2a: Sableye|82/100|[from] item: Leftovers
|-heal|p1a: Toxapex|91/100 par|[from] item: Leftovers
|-damage|p2a: Sableye|69/100|[from] move: Infestation|[partiallytrapped]
|upkeep
|turn|12
|
|t:|1760331148
|move|p2a: Sableye|Metronome|p2a: Sableye
|move|p2a: Sableye|Confusion|p1a: Toxapex|[from] move: Metronome
|-supereffective|p1a: Toxapex
|-damage|p1a: Toxapex|81/100 par
|-end|p1a: Toxapex|confusion
|move|p1a: Toxapex|Infestation|p2a: Sableye
|-damage|p2a: Sableye|65/100
|
|-heal|p2a: Sableye|71/100|[from] item: Leftovers
|-heal|p1a: Toxapex|87/100 par|[from] item: Leftovers
|-damage|p2a: Sableye|58/100|[from] move: Infestation|[partiallytrapped]
|upkeep
|turn|13
|
|t:|1760331158
|move|p2a: Sableye|Confuse Ray|p1a: Toxapex
|-start|p1a: Toxapex|confusion
|-activate|p1a: Toxapex|confusion
|-damage|p1a: Toxapex|83/100 par|[from] confusion
|
|-heal|p2a: Sableye|65/100|[from] item: Leftovers
|-heal|p1a: Toxapex|90/100 par|[from] item: Leftovers
|-end|p2a: Sableye|Infestation|[partiallytrapped]
|upkeep
|turn|14
|
|t:|1760331164
|move|p2a: Sableye|Metronome|p2a: Sableye
|move|p2a: Sableye|Hammer Arm|p1a: Toxapex|[from] move: Metronome
|-resisted|p1a: Toxapex
|-damage|p1a: Toxapex|84/100 par
|-unboost|p2a: Sableye|spe|1
|-activate|p1a: Toxapex|confusion
|cant|p1a: Toxapex|par
|
|-heal|p2a: Sableye|71/100|[from] item: Leftovers
|-heal|p1a: Toxapex|90/100 par|[from] item: Leftovers
|upkeep
|turn|15
|
|t:|1760331172
|move|p2a: Sableye|Metronome|p2a: Sableye
|move|p2a: Sableye|Hydro Steam|p1a: Toxapex|[from] move: Metronome
|-resisted|p1a: Toxapex
|-damage|p1a: Toxapex|86/100 par
|-activate|p1a: Toxapex|confusion
|move|p1a: Toxapex|Infestation|p2a: Sableye
|-damage|p2a: Sableye|66/100
|-activate|p2a: Sableye|move: Infestation|[of] p1a: Toxapex
|
|-heal|p2a: Sableye|72/100|[from] item: Leftovers
|-heal|p1a: Toxapex|92/100 par|[from] item: Leftovers
|-damage|p2a: Sableye|60/100|[from] move: Infestation|[partiallytrapped]
|upkeep
|turn|16
|
|t:|1760331183
|move|p2a: Sableye|Metronome|p2a: Sableye
|move|p2a: Sableye|Dual Wingbeat|p1a: Toxapex|[from] move: Metronome
|-damage|p1a: Toxapex|87/100 par
|-damage|p1a: Toxapex|81/100 par
|-hitcount|p1a: Toxapex|2
|-activate|p1a: Toxapex|confusion
|move|p1a: Toxapex|Toxic Spikes|p2a: Sableye
|-sidestart|p2: rockdrigox666|move: Toxic Spikes
|
|-heal|p2a: Sableye|66/100|[from] item: Leftovers
|-heal|p1a: Toxapex|88/100 par|[from] item: Leftovers
|-damage|p2a: Sableye|53/100|[from] move: Infestation|[partiallytrapped]
|upkeep
|turn|17
|
|t:|1760331198
|move|p2a: Sableye|Recover|p2a: Sableye
|-heal|p2a: Sableye|100/100
|-end|p1a: Toxapex|confusion
|move|p1a: Toxapex|Haze|p1a: Toxapex
|-clearallboost
|
|-heal|p1a: Toxapex|94/100 par|[from] item: Leftovers
|-damage|p2a: Sableye|88/100|[from] move: Infestation|[partiallytrapped]
|upkeep
|turn|18
|
|t:|1760331205
|move|p2a: Sableye|Confuse Ray|p1a: Toxapex
|-start|p1a: Toxapex|confusion
|-activate|p1a: Toxapex|confusion
|move|p1a: Toxapex|Infestation|p2a: Sableye
|-damage|p2a: Sableye|83/100
|
|-heal|p2a: Sableye|89/100|[from] item: Leftovers
|-heal|p1a: Toxapex|99/100 par|[from] item: Leftovers
|-damage|p2a: Sableye|77/100|[from] move: Infestation|[partiallytrapped]
|upkeep
|turn|19
|
|t:|1760331213
|move|p2a: Sableye|Metronome|p2a: Sableye
|move|p2a: Sableye|Flame Charge|p1a: Toxapex|[from] move: Metronome
|-resisted|p1a: Toxapex
|-damage|p1a: Toxapex|97/100 par
|-boost|p2a: Sableye|spe|1
|-end|p1a: Toxapex|confusion
|cant|p1a: Toxapex|par
|
|-heal|p2a: Sableye|83/100|[from] item: Leftovers
|-heal|p1a: Toxapex|100/100 par|[from] item: Leftovers
|-damage|p2a: Sableye|71/100|[from] move: Infestation|[partiallytrapped]
|upkeep
|turn|20
|
|t:|1760331222
|move|p2a: Sableye|Confuse Ray|p1a: Toxapex
|-start|p1a: Toxapex|confusion
|-activate|p1a: Toxapex|confusion
|move|p1a: Toxapex|Haze|p1a: Toxapex
|-clearallboost
|
|-heal|p2a: Sableye|77/100|[from] item: Leftovers
|-end|p2a: Sableye|Infestation|[partiallytrapped]
|upkeep
|turn|21
|
|t:|1760331229
|move|p2a: Sableye|Metronome|p2a: Sableye
|move|p2a: Sableye|Encore|p1a: Toxapex|[from] move: Metronome
|-start|p1a: Toxapex|Encore
|-activate|p1a: Toxapex|confusion
|-damage|p1a: Toxapex|97/100 par|[from] confusion
|
|-heal|p2a: Sableye|83/100|[from] item: Leftovers
|-heal|p1a: Toxapex|100/100 par|[from] item: Leftovers
|upkeep
|turn|22
|
|t:|1760331235
|move|p2a: Sableye|Metronome|p2a: Sableye
|move|p2a: Sableye|Jaw Lock|p1a: Toxapex|[from] move: Metronome
|-damage|p1a: Toxapex|85/100 par
|-end|p1a: Toxapex|confusion
|move|p1a: Toxapex|Haze|p1a: Toxapex
|-clearallboost
|
|-heal|p2a: Sableye|89/100|[from] item: Leftovers
|-heal|p1a: Toxapex|92/100 par|[from] item: Leftovers
|upkeep
|turn|23
|
|t:|1760331240
|move|p2a: Sableye|Confuse Ray|p1a: Toxapex
|-start|p1a: Toxapex|confusion
|-activate|p1a: Toxapex|confusion
|move|p1a: Toxapex|Haze|p1a: Toxapex
|-clearallboost
|
|-heal|p2a: Sableye|96/100|[from] item: Leftovers
|-heal|p1a: Toxapex|98/100 par|[from] item: Leftovers
|-end|p1a: Toxapex|Encore
|upkeep
|turn|24
|
|t:|1760331243
|move|p2a: Sableye|Metronome|p2a: Sableye
|move|p2a: Sableye|Ancient Power|p1a: Toxapex|[from] move: Metronome
|-damage|p1a: Toxapex|92/100 par
|-end|p1a: Toxapex|confusion
|move|p1a: Toxapex|Infestation|p2a: Sableye
|-damage|p2a: Sableye|91/100
|-activate|p2a: Sableye|move: Infestation|[of] p1a: Toxapex
|
|-heal|p2a: Sableye|97/100|[from] item: Leftovers
|-heal|p1a: Toxapex|98/100 par|[from] item: Leftovers
|-damage|p2a: Sableye|85/100|[from] move: Infestation|[partiallytrapped]
|upkeep
|turn|25
|
|t:|1760331251
|move|p2a: Sableye|Confuse Ray|p1a: Toxapex
|-start|p1a: Toxapex|confusion
|-activate|p1a: Toxapex|confusion
|-damage|p1a: Toxapex|94/100 par|[from] confusion
|
|-heal|p2a: Sableye|91/100|[from] item: Leftovers
|-heal|p1a: Toxapex|100/100 par|[from] item: Leftovers
|-damage|p2a: Sableye|78/100|[from] move: Infestation|[partiallytrapped]
|upkeep
|turn|26
|
|t:|1760331259
|move|p2a: Sableye|Metronome|p2a: Sableye
|move|p2a: Sableye|Spikes|p1a: Toxapex|[from] move: Metronome
|-sidestart|p1: Limelight_01|Spikes
|-activate|p1a: Toxapex|confusion
|move|p1a: Toxapex|Haze|p1a: Toxapex
|-clearallboost
|
|-heal|p2a: Sableye|85/100|[from] item: Leftovers
|-damage|p2a: Sableye|72/100|[from] move: Infestation|[partiallytrapped]
|upkeep
|turn|27
|
|t:|1760331267
|move|p2a: Sableye|Metronome|p2a: Sableye
|move|p2a: Sableye|Magnet Rise|p2a: Sableye|[from] move: Metronome
|-start|p2a: Sableye|Magnet Rise
|-activate|p1a: Toxapex|confusion
|move|p1a: Toxapex|Infestation|p2a: Sableye
|-damage|p2a: Sableye|68/100
|
|-heal|p2a: Sableye|74/100|[from] item: Leftovers
|-damage|p2a: Sableye|62/100|[from] move: Infestation|[partiallytrapped]
|upkeep
|turn|28
|
|t:|1760331274
|move|p2a: Sableye|Metronome|p2a: Sableye
|move|p2a: Sableye|Misty Terrain|p2a: Sableye|[from] move: Metronome
|-fieldstart|move: Misty Terrain
|-activate|p1a: Toxapex|confusion
|cant|p1a: Toxapex|par
|
|-heal|p2a: Sableye|68/100|[from] item: Leftovers
|-end|p2a: Sableye|Infestation|[partiallytrapped]
|upkeep
|turn|29
|
|t:|1760331282
|move|p2a: Sableye|Confuse Ray||[still]
|-fail|p2a: Sableye
|-end|p1a: Toxapex|confusion
|cant|p1a: Toxapex|par
|
|-heal|p2a: Sableye|74/100|[from] item: Leftovers
|upkeep
|turn|30
|
|t:|1760331287
|switch|p2a: Glimmora|Glimmora, M|100/100
|-sideend|p2: rockdrigox666|move: Toxic Spikes|[of] p2a: Glimmora
|move|p1a: Toxapex|Infestation|p2a: Glimmora
|-resisted|p2a: Glimmora
|-crit|p2a: Glimmora
|-damage|p2a: Glimmora|98/100
|-activate|p2a: Glimmora|move: Infestation|[of] p1a: Toxapex
|
|-damage|p2a: Glimmora|85/100|[from] move: Infestation|[partiallytrapped]
|upkeep
|turn|31
|
|t:|1760331312
|switch|p1a: Corviknight|Corviknight, M, shiny|100/100
|move|p2a: Glimmora|Stealth Rock|p1a: Corviknight
|-sidestart|p1: Limelight_01|move: Stealth Rock
|
|-end|p2a: Glimmora|Infestation|[partiallytrapped]|[silent]
|upkeep
|turn|32
|
|t:|1760331319
|move|p2a: Glimmora|Spiky Shield|p2a: Glimmora
|-singleturn|p2a: Glimmora|move: Protect
|move|p1a: Corviknight|Iron Defense|p1a: Corviknight
|-boost|p1a: Corviknight|def|2
|
|-fieldend|Misty Terrain
|upkeep
|turn|33
|
|t:|1760331325
|switch|p2a: Cinderace|Cinderace, M|100/100
|move|p1a: Corviknight|Body Press|p2a: Cinderace
|-crit|p2a: Cinderace
|-damage|p2a: Cinderace|22/100
|
|upkeep
|turn|34
|
|t:|1760331337
|move|p2a: Cinderace|Will-O-Wisp|p1a: Corviknight
|-status|p1a: Corviknight|brn
|move|p1a: Corviknight|Body Press|p2a: Cinderace
|-damage|p2a: Cinderace|0 fnt
|faint|p2a: Cinderace
|
|-damage|p1a: Corviknight|94/100 brn|[from] brn
|upkeep
|
|t:|1760331348
|switch|p2a: Diancie|Diancie|100/100
|turn|35
|
|t:|1760331353
|move|p1a: Corviknight|Defog|p2a: Diancie
|-fail|p2a: Diancie|unboost|[from] ability: Clear Body|[of] p2a: Diancie
|-sideend|p1: Limelight_01|Spikes|[from] move: Defog|[of] p1a: Corviknight
|-sideend|p1: Limelight_01|Stealth Rock|[from] move: Defog|[of] p1a: Corviknight
|move|p2a: Diancie|Diamond Storm|p1a: Corviknight
|-damage|p1a: Corviknight|81/100 brn
|
|-damage|p1a: Corviknight|75/100 brn|[from] brn
|upkeep
|turn|36
|
|t:|1760331363
|move|p1a: Corviknight|Iron Defense|p1a: Corviknight
|-boost|p1a: Corviknight|def|2
|move|p2a: Diancie|Diamond Storm|p1a: Corviknight
|-damage|p1a: Corviknight|66/100 brn
|
|-damage|p1a: Corviknight|60/100 brn|[from] brn
|upkeep
|turn|37
|
|t:|1760331369
|move|p1a: Corviknight|Body Press|p2a: Diancie
|-damage|p2a: Diancie|77/100
|move|p2a: Diancie|Diamond Storm|p1a: Corviknight
|-damage|p1a: Corviknight|51/100 brn
|-boost|p2a: Diancie|def|2
|
|-damage|p1a: Corviknight|45/100 brn|[from] brn
|upkeep
|turn|38
|
|t:|1760331376
|move|p1a: Corviknight|U-turn|p2a: Diancie
|-resisted|p2a: Diancie
|-damage|p2a: Diancie|76/100
|
|t:|1760331397
|switch|p1a: Great Tusk|Great Tusk, shiny|100/100|[from] U-turn
|move|p2a: Diancie|Diamond Storm|p1a: Great Tusk
|-resisted|p1a: Great Tusk
|-damage|p1a: Great Tusk|95/100
|
|upkeep
|turn|39
|
|t:|1760331405
|-terastallize|p2a: Diancie|Flying
|move|p1a: Great Tusk|Headlong Rush|p2a: Diancie
|-immune|p2a: Diancie
|move|p2a: Diancie|Draining Kiss|p1a: Great Tusk
|-supereffective|p1a: Great Tusk
|-crit|p1a: Great Tusk
|-damage|p1a: Great Tusk|0 fnt
|-heal|p2a: Diancie|100/100|[from] drain|[of] p1a: Great Tusk
|faint|p1a: Great Tusk
|-end|p1a: Great Tusk|Protosynthesis|[silent]
|
|upkeep
|
|t:|1760331410
|switch|p1a: Darkrai|Darkrai, shiny|100/100
|turn|40
|
|t:|1760331418
|move|p1a: Darkrai|Ice Beam|p2a: Diancie
|-supereffective|p2a: Diancie
|-damage|p2a: Diancie|55/100
|move|p2a: Diancie|Body Press|p1a: Darkrai
|-supereffective|p1a: Darkrai
|-damage|p1a: Darkrai|0 fnt
|faint|p1a: Darkrai
|
|upkeep
|-message|Limelight_01 forfeited.
|
|win|rockdrigox666
|raw|Limelight_01's rating: 1064 &rarr; <strong>1047</strong><br />(-17 for losing)
|raw|rockdrigox666's rating: 1105 &rarr; <strong>1127</strong><br />(+22 for winning)
|l|☆Limelight_01
|player|p1|
|l|☆rockdrigox666
|player|p2|
