|j|☆oprbolx
|j|☆Nosferakkos
|t:|1760370270
|gametype|singles
|player|p1|oprbolx|juggler|1090
|player|p2|Nosferakkos|hugh|1068
|gen|9
|tier|[Gen 9] OU
|rated|
|rule|HP Percentage Mod: HP is shown in percentages
|rule|Endless Battle Clause: Forcing endless battles is banned
|rule|Species Clause: Limit one of each Pokémon
|rule|OHKO Clause: OHKO moves are banned
|rule|Evasion Items Clause: Evasion items are banned
|rule|Evasion Moves Clause: Evasion moves are banned
|rule|Evasion Abilities Clause: Evasion abilities are banned
|rule|Sleep Moves Clause: Sleep-inducing moves are banned
|clearpoke
|poke|p1|Great Tusk|
|poke|p1|Iron Moth|
|poke|p1|Rillaboom, F|
|poke|p1|Gholdengo|
|poke|p1|Gliscor, M|
|poke|p1|Kyurem|
|poke|p2|Ninetales, F|
|poke|p2|Ceruledge, F|
|poke|p2|Venusaur, F|
|poke|p2|Great Tusk|
|poke|p2|Slowbro, F|
|poke|p2|Jolteon, F|
|teampreview
|c|☆oprbolx|Very... Interestingly scary...
|
|t:|1760370295
|teamsize|p1|6
|teamsize|p2|6
|start
|switch|p1a: Escórpion|Gliscor, M|100/100
|switch|p2a: Ninetales|Ninetales, F|100/100
|-weather|SunnyDay|[from] ability: Drought|[of] p2a: Ninetales
|turn|1
|inactive|Battle timer is ON: inactive players will automatically lose when time's up. (requested by oprbolx)
|
|t:|1760370324
|switch|p2a: Slowbro|Slowbro, F|100/100
|move|p1a: Escórpion|Spikes|p2a: Slowbro
|-sidestart|p2: Nosferakkos|Spikes
|
|-weather|SunnyDay|[upkeep]
|-status|p1a: Escórpion|tox|[from] item: Toxic Orb
|upkeep
|turn|2
|
|t:|1760370332
|move|p1a: Escórpion|Spikes|p2a: Slowbro
|-sidestart|p2: Nosferakkos|Spikes
|move|p2a: Slowbro|Ice Beam|p1a: Escórpion
|-supereffective|p1a: Escórpion
|-damage|p1a: Escórpion|31/100 tox
|
|-weather|SunnyDay|[upkeep]
|-heal|p1a: Escórpion|44/100 tox|[from] ability: Poison Heal
|upkeep
|turn|3
|
|t:|1760370341
|move|p1a: Escórpion|Spikes|p2a: Slowbro
|-sidestart|p2: Nosferakkos|Spikes
|move|p2a: Slowbro|Ice Beam|p1a: Escórpion
|-supereffective|p1a: Escórpion
|-damage|p1a: Escórpion|0 fnt
|faint|p1a: Escórpion
|
|-weather|SunnyDay|[upkeep]
|upkeep
|
|t:|1760370350
|switch|p1a: King kong|Rillaboom, F|100/100
|-fieldstart|move: Grassy Terrain|[from] ability: Grassy Surge|[of] p1a: King kong
|turn|4
|
|t:|1760370368
|move|p1a: King kong|Knock Off|p2a: Slowbro
|-supereffective|p2a: Slowbro
|-damage|p2a: Slowbro|19/100
|-enditem|p2a: Slowbro|Leftovers|[from] move: Knock Off|[of] p1a: King kong
|move|p2a: Slowbro|Ice Beam|p1a: King kong
|-supereffective|p1a: King kong
|-damage|p1a: King kong|42/100
|
|-weather|SunnyDay|[upkeep]
|-heal|p1a: King kong|49/100|[from] Grassy Terrain
|-heal|p2a: Slowbro|25/100|[from] Grassy Terrain
|upkeep
|turn|5
|
|t:|1760370392
|switch|p2a: Venusaur|Venusaur, F|100/100
|-damage|p2a: Venusaur|76/100|[from] Spikes
|move|p1a: King kong|Knock Off|p2a: Venusaur
|-damage|p2a: Venusaur|2/100
|-enditem|p2a: Venusaur|Miracle Seed|[from] move: Knock Off|[of] p1a: King kong
|
|-weather|SunnyDay|[upkeep]
|-heal|p2a: Venusaur|8/100|[from] Grassy Terrain
|-heal|p1a: King kong|55/100|[from] Grassy Terrain
|upkeep
|turn|6
|c|☆oprbolx|Bro you're honestly so good
|
|t:|1760370411
|move|p2a: Venusaur|Sludge Bomb|p1a: King kong
|-supereffective|p1a: King kong
|-damage|p1a: King kong|0 fnt
|faint|p1a: King kong
|
|-weather|SunnyDay|[upkeep]
|-heal|p2a: Venusaur|14/100|[from] Grassy Terrain
|upkeep
|
|t:|1760370419
|switch|p1a: Z4-7A|Iron Moth|100/100
|-enditem|p1a: Z4-7A|Booster Energy
|-activate|p1a: Z4-7A|ability: Quark Drive|[fromitem]
|-start|p1a: Z4-7A|quarkdrivespa
|turn|7
|
|t:|1760370429
|-terastallize|p1a: Z4-7A|Fairy
|move|p2a: Venusaur|Solar Beam||[still]
|-prepare|p2a: Venusaur|Solar Beam
|-anim|p2a: Venusaur|Solar Beam|p1a: Z4-7A
|-damage|p1a: Z4-7A|23/100
|move|p1a: Z4-7A|Fiery Dance|p2a: Venusaur
|-supereffective|p2a: Venusaur
|-damage|p2a: Venusaur|0 fnt
|-boost|p1a: Z4-7A|spa|1
|faint|p2a: Venusaur
|
|-weather|SunnyDay|[upkeep]
|-heal|p1a: Z4-7A|29/100|[from] Grassy Terrain
|upkeep
|inactive|Nosferakkos has 120 seconds left.
|
|t:|1760370455
|switch|p2a: Ceruledge|Ceruledge, F|100/100
|-damage|p2a: Ceruledge|75/100|[from] Spikes
|turn|8
|inactive|Nosferakkos has 120 seconds left.
|c|☆oprbolx|Bad time for tera...
|
|t:|1760370473
|move|p2a: Ceruledge|Shadow Sneak|p1a: Z4-7A
|-damage|p1a: Z4-7A|0 fnt
|faint|p1a: Z4-7A
|-end|p1a: Z4-7A|Quark Drive|[silent]
|-damage|p2a: Ceruledge|66/100|[from] item: Life Orb
|
|-weather|none
|-heal|p2a: Ceruledge|72/100|[from] Grassy Terrain
|-fieldend|move: Grassy Terrain
|upkeep
|
|t:|1760370482
|switch|p1a: Thomas|Gholdengo|100/100
|turn|9
|inactive|Nosferakkos has 120 seconds left.
|
|t:|1760370503
|move|p2a: Ceruledge|Bitter Blade|p1a: Thomas
|-supereffective|p1a: Thomas
|-damage|p1a: Thomas|0 fnt
|-heal|p2a: Ceruledge|100/100|[from] drain|[of] p1a: Thomas
|faint|p1a: Thomas
|-damage|p2a: Ceruledge|91/100|[from] item: Life Orb
|
|upkeep
|c|☆oprbolx|I lost
|
|t:|1760370516
|switch|p1a: Crimson Knight.|Great Tusk|100/100
|turn|10
|inactive|Nosferakkos has 120 seconds left.
|c|☆oprbolx|Yeah GG
|
|t:|1760370530
|switch|p2a: Great Tusk|Great Tusk|100/100
|-damage|p2a: Great Tusk|76/100|[from] Spikes
|move|p1a: Crimson Knight.|Knock Off|p2a: Great Tusk
|-resisted|p2a: Great Tusk
|-damage|p2a: Great Tusk|69/100
|-damage|p1a: Crimson Knight.|84/100|[from] item: Rocky Helmet|[of] p2a: Great Tusk
|-enditem|p2a: Great Tusk|Rocky Helmet|[from] move: Knock Off|[of] p1a: Crimson Knight.
|
|upkeep
|turn|11
|
|t:|1760370543
|move|p1a: Crimson Knight.|Earthquake|p2a: Great Tusk
|-damage|p2a: Great Tusk|47/100
|move|p2a: Great Tusk|Rapid Spin|p1a: Crimson Knight.
|-damage|p1a: Crimson Knight.|77/100
|-boost|p2a: Great Tusk|spe|1
|-sideend|p2: Nosferakkos|Spikes|[from] move: Rapid Spin|[of] p2a: Great Tusk
|
|upkeep
|turn|12
|
|t:|1760370556
|move|p2a: Great Tusk|Knock Off|p1a: Crimson Knight.
|-resisted|p1a: Crimson Knight.
|-damage|p1a: Crimson Knight.|71/100
|-enditem|p1a: Crimson Knight.|Heavy-Duty Boots|[from] move: Knock Off|[of] p2a: Great Tusk
|move|p1a: Crimson Knight.|Earthquake|p2a: Great Tusk
|-damage|p2a: Great Tusk|24/100
|
|upkeep
|turn|13
|inactive|Nosferakkos has 120 seconds left.
|
|t:|1760370574
|-end|p2a: Great Tusk|Protosynthesis|[silent]
|switch|p2a: Slowbro|Slowbro, F|58/100
|move|p1a: Crimson Knight.|Earthquake|p2a: Slowbro
|-damage|p2a: Slowbro|29/100
|
|upkeep
|turn|14
|
|t:|1760370581
|move|p1a: Crimson Knight.|Stealth Rock|p2a: Slowbro
|-sidestart|p2: Nosferakkos|move: Stealth Rock
|move|p2a: Slowbro|Slack Off|p2a: Slowbro
|-heal|p2a: Slowbro|79/100
|
|upkeep
|turn|15
|
|t:|1760370587
|move|p1a: Crimson Knight.|Earthquake|p2a: Slowbro
|-damage|p2a: Slowbro|46/100
|move|p2a: Slowbro|Ice Beam|p1a: Crimson Knight.
|-supereffective|p1a: Crimson Knight.
|-damage|p1a: Crimson Knight.|15/100
|-status|p1a: Crimson Knight.|frz
|
|upkeep
|turn|16
|c|☆oprbolx|I hate missclicks
|c|☆oprbolx|But it would still be GG...
|inactive|oprbolx has 120 seconds left.
|
|t:|1760370618
|-curestatus|p1a: Crimson Knight.|frz|[msg]
|move|p1a: Crimson Knight.|Earthquake|p2a: Slowbro
|-damage|p2a: Slowbro|12/100
|move|p2a: Slowbro|Slack Off|p2a: Slowbro
|-heal|p2a: Slowbro|62/100
|
|upkeep
|turn|17
|
|t:|1760370631
|move|p1a: Crimson Knight.|Earthquake|p2a: Slowbro
|-damage|p2a: Slowbro|31/100
|move|p2a: Slowbro|Ice Beam|p1a: Crimson Knight.
|-supereffective|p1a: Crimson Knight.
|-damage|p1a: Crimson Knight.|0 fnt
|faint|p1a: Crimson Knight.
|-end|p1a: Crimson Knight.|Protosynthesis|[silent]
|
|upkeep
|
|t:|1760370639
|switch|p1a: Kyurem|Kyurem|100/100
|-ability|p1a: Kyurem|Pressure
|turn|18
|
|t:|1760370646
|move|p1a: Kyurem|Substitute|p1a: Kyurem
|-start|p1a: Kyurem|Substitute
|-damage|p1a: Kyurem|76/100
|move|p2a: Slowbro|Thunder Wave||[still]
|-fail|p2a: Slowbro
|
|upkeep
|turn|19
|
|t:|1760370655
|move|p1a: Kyurem|Earth Power|p2a: Slowbro
|-crit|p2a: Slowbro
|-damage|p2a: Slowbro|0 fnt
|faint|p2a: Slowbro
|
|upkeep
|
|t:|1760370661
|switch|p2a: Jolteon|Jolteon, F|100/100
|-damage|p2a: Jolteon|88/100|[from] Stealth Rock
|turn|20
|l|☆oprbolx
|inactive|oprbolx disconnected and has a minute to reconnect!
|player|p1|
|inactive|oprbolx has 30 seconds to reconnect!
|j|☆oprbolx
|inactive|oprbolx reconnected and has 110 seconds left.
|player|p1|oprbolx|juggler|
|c|☆oprbolx|Wait a second....
|
|t:|1760370719
|move|p2a: Jolteon|Thunder Wave||[still]
|-fail|p2a: Jolteon
|move|p1a: Kyurem|Earth Power|p2a: Jolteon
|-supereffective|p2a: Jolteon
|-damage|p2a: Jolteon|8/100
|
|upkeep
|turn|21
|
|t:|1760370738
|move|p2a: Jolteon|Thunder Wave|p1a: Kyurem|[miss]
|-miss|p2a: Jolteon|p1a: Kyurem
|move|p1a: Kyurem|Earth Power|p2a: Jolteon
|-supereffective|p2a: Jolteon
|-crit|p2a: Jolteon
|-damage|p2a: Jolteon|0 fnt
|faint|p2a: Jolteon
|
|upkeep
|c|☆oprbolx|Hold up....
|
|t:|1760370752
|switch|p2a: Great Tusk|Great Tusk|24/100
|-damage|p2a: Great Tusk|21/100|[from] Stealth Rock
|turn|22
|c|☆oprbolx|No way kyurem clutch???
|
|t:|1760370759
|move|p1a: Kyurem|Ice Beam|p2a: Great Tusk
|-supereffective|p2a: Great Tusk
|-damage|p2a: Great Tusk|0 fnt
|faint|p2a: Great Tusk
|-end|p2a: Great Tusk|Protosynthesis|[silent]
|
|upkeep
|c|☆oprbolx|There is no way
|
|t:|1760370778
|switch|p2a: Ninetales|Ninetales, F|100/100
|-damage|p2a: Ninetales|75/100|[from] Stealth Rock
|-weather|SunnyDay|[from] ability: Drought|[of] p2a: Ninetales
|turn|23
|inactive|oprbolx has 120 seconds left.
|inactive|Nosferakkos has 120 seconds left.
|
|t:|1760370799
|-terastallize|p2a: Ninetales|Fire
|move|p2a: Ninetales|Flamethrower|p1a: Kyurem
|-end|p1a: Kyurem|Substitute
|move|p1a: Kyurem|Earth Power|p2a: Ninetales
|-supereffective|p2a: Ninetales
|-damage|p2a: Ninetales|5/100
|
|-weather|SunnyDay|[upkeep]
|upkeep
|turn|24
|inactive|Nosferakkos has 120 seconds left.
|c|☆oprbolx|WAIT THERES NO WAY
|inactive|oprbolx has 120 seconds left.
|
|t:|1760370817
|move|p2a: Ninetales|Flamethrower|p1a: Kyurem
|-damage|p1a: Kyurem|11/100
|move|p1a: Kyurem|Substitute|p1a: Kyurem
|-fail|p1a: Kyurem|move: Substitute|[weak]
|
|-weather|SunnyDay|[upkeep]
|upkeep
|turn|25
|inactive|oprbolx has 120 seconds left.
|c|☆Nosferakkos|bro i missed 3 paralyze come on
|
|t:|1760370825
|move|p2a: Ninetales|Flamethrower|p1a: Kyurem
|-damage|p1a: Kyurem|0 fnt
|faint|p1a: Kyurem
|
|win|Nosferakkos
|raw|oprbolx's rating: 1090 &rarr; <strong>1065</strong><br />(-25 for losing)
|raw|Nosferakkos's rating: 1068 &rarr; <strong>1100</strong><br />(+32 for winning)
|c|☆oprbolx|Oh okay. Gg bro
|c|☆Nosferakkos|ggs
