|j|☆cozyprincemshroom
|j|☆Axeliso
|t:|1760439690
|gametype|singles
|player|p1|cozyprincemshroom|waiter|1133
|player|p2|Axeliso|red|1145
|gen|9
|tier|[Gen 9] OU
|rated|
|rule|HP Percentage Mod: HP is shown in percentages
|rule|Endless Battle Clause: Forcing endless battles is banned
|rule|Species Clause: Limit one of each Pokémon
|rule|OHKO Clause: OHKO moves are banned
|rule|Evasion Items Clause: Evasion items are banned
|rule|Evasion Moves Clause: Evasion moves are banned
|rule|Evasion Abilities Clause: Evasion abilities are banned
|rule|Sleep Moves Clause: Sleep-inducing moves are banned
|clearpoke
|poke|p1|Munkidori, M|
|poke|p1|Lycanroc-Dusk, M|
|poke|p1|Altaria, F|
|poke|p1|Meganium, F|
|poke|p1|Inteleon, F|
|poke|p1|Mew|
|poke|p2|Iron Crown|
|poke|p2|Meowscarada, M|
|poke|p2|Great Tusk|
|poke|p2|Pecharunt|
|poke|p2|Ting-Lu|
|poke|p2|Iron Valiant|
|teampreview
|inactive|Battle timer is ON: inactive players will automatically lose when time's up. (requested by cozyprincemshroom)
|
|t:|1760439701
|teamsize|p1|6
|teamsize|p2|6
|start
|switch|p1a: Munkidori|Munkidori, M|100/100
|switch|p2a: Iron Crown|Iron Crown|100/100
|turn|1
|
|t:|1760439714
|move|p1a: Munkidori|Trick|p2a: Iron Crown
|-activate|p1a: Munkidori|move: Trick|[of] p2a: Iron Crown
|-item|p2a: Iron Crown|Choice Scarf|[from] move: Trick
|-item|p1a: Munkidori|Choice Specs|[from] move: Trick
|move|p2a: Iron Crown|Volt Switch|p1a: Munkidori
|-damage|p1a: Munkidori|72/100
|
|t:|1760439730
|-end|p2a: Iron Crown|Quark Drive|[silent]
|switch|p2a: Meowscarada|Meowscarada, M|100/100|[from] Volt Switch
|
|upkeep
|turn|2
|
|t:|1760439738
|switch|p1a: Meganium|Meganium, F|100/100
|move|p2a: Meowscarada|Knock Off|p1a: Meganium
|-start|p2a: Meowscarada|typechange|Dark|[from] ability: Protean
|-damage|p1a: Meganium|33/100
|-enditem|p1a: Meganium|Leftovers|[from] move: Knock Off|[of] p2a: Meowscarada
|
|upkeep
|turn|3
|
|t:|1760439750
|switch|p1a: Inteleon|Inteleon, F|100/100
|move|p2a: Meowscarada|Knock Off|p1a: Inteleon
|-crit|p1a: Inteleon
|-damage|p1a: Inteleon|0 fnt
|-enditem|p1a: Inteleon|Choice Scarf|[from] move: Knock Off|[of] p2a: Meowscarada
|faint|p1a: Inteleon
|
|upkeep
|
|t:|1760439760
|switch|p1a: Altaria|Altaria, F|100/100
|turn|4
|
|t:|1760439765
|move|p2a: Meowscarada|Knock Off|p1a: Altaria
|-damage|p1a: Altaria|23/100
|-enditem|p1a: Altaria|Leftovers|[from] move: Knock Off|[of] p2a: Meowscarada
|move|p1a: Altaria|Will-O-Wisp|p2a: Meowscarada
|-status|p2a: Meowscarada|brn
|
|-damage|p2a: Meowscarada|94/100 brn|[from] brn
|upkeep
|turn|5
|
|t:|1760439778
|move|p2a: Meowscarada|Knock Off|p1a: Altaria
|-damage|p1a: Altaria|2/100
|move|p1a: Altaria|Moonblast|p2a: Meowscarada
|-supereffective|p2a: Meowscarada
|-damage|p2a: Meowscarada|23/100 brn
|-unboost|p2a: Meowscarada|spa|1
|
|-damage|p2a: Meowscarada|17/100 brn|[from] brn
|upkeep
|turn|6
|
|t:|1760439787
|move|p2a: Meowscarada|Knock Off|p1a: Altaria
|-damage|p1a: Altaria|0 fnt
|faint|p1a: Altaria
|
|-damage|p2a: Meowscarada|10/100 brn|[from] brn
|upkeep
|
|t:|1760439794
|switch|p1a: Lycanroc|Lycanroc-Dusk, M|100/100
|turn|7
|
|t:|1760439798
|move|p2a: Meowscarada|Knock Off|p1a: Lycanroc
|-damage|p1a: Lycanroc|43/100
|-enditem|p1a: Lycanroc|Life Orb|[from] move: Knock Off|[of] p2a: Meowscarada
|move|p1a: Lycanroc|Swords Dance|p1a: Lycanroc
|-boost|p1a: Lycanroc|atk|2
|
|-damage|p2a: Meowscarada|4/100 brn|[from] brn
|upkeep
|turn|8
|
|t:|1760439808
|move|p1a: Lycanroc|Accelerock|p2a: Meowscarada
|-damage|p2a: Meowscarada|0 fnt
|faint|p2a: Meowscarada
|
|upkeep
|
|t:|1760439826
|switch|p2a: Great Tusk|Great Tusk|100/100
|turn|9
|
|t:|1760439833
|move|p1a: Lycanroc|Play Rough|p2a: Great Tusk
|-supereffective|p2a: Great Tusk
|-damage|p2a: Great Tusk|7/100
|move|p2a: Great Tusk|Headlong Rush|p1a: Lycanroc
|-supereffective|p1a: Lycanroc
|-damage|p1a: Lycanroc|0 fnt
|-unboost|p2a: Great Tusk|def|1
|-unboost|p2a: Great Tusk|spd|1
|faint|p1a: Lycanroc
|
|-heal|p2a: Great Tusk|13/100|[from] item: Leftovers
|upkeep
|
|t:|1760439846
|switch|p1a: Mew|Mew|100/100
|turn|10
|
|t:|1760439861
|-end|p2a: Great Tusk|Protosynthesis|[silent]
|switch|p2a: Ting-Lu|Ting-Lu|100/100
|-ability|p2a: Ting-Lu|Vessel of Ruin
|move|p1a: Mew|Dragon Dance|p1a: Mew
|-boost|p1a: Mew|atk|1
|-boost|p1a: Mew|spe|1
|
|upkeep
|turn|11
|
|t:|1760439873
|switch|p1a: Meganium|Meganium, F|33/100
|move|p2a: Ting-Lu|Whirlwind|p1a: Meganium
|drag|p1a: Mew|Mew|100/100
|
|upkeep
|turn|12
|
|t:|1760439888
|switch|p1a: Meganium|Meganium, F|33/100
|move|p2a: Ting-Lu|Stealth Rock|p1a: Meganium
|-sidestart|p1: cozyprincemshroom|move: Stealth Rock
|
|upkeep
|turn|13
|
|t:|1760439906
|switch|p2a: Iron Crown|Iron Crown|100/100
|move|p1a: Meganium|Synthesis|p1a: Meganium
|-heal|p1a: Meganium|83/100
|
|upkeep
|turn|14
|
|t:|1760439913
|move|p2a: Iron Crown|Volt Switch|p1a: Meganium
|-resisted|p1a: Meganium
|-damage|p1a: Meganium|75/100
|
|t:|1760439917
|-end|p2a: Iron Crown|Quark Drive|[silent]
|switch|p2a: Ting-Lu|Ting-Lu|100/100|[from] Volt Switch
|-ability|p2a: Ting-Lu|Vessel of Ruin
|move|p1a: Meganium|Leech Seed|p2a: Ting-Lu
|-start|p2a: Ting-Lu|move: Leech Seed
|
|-damage|p2a: Ting-Lu|88/100|[from] Leech Seed|[of] p1a: Meganium
|-heal|p1a: Meganium|93/100|[silent]
|upkeep
|turn|15
|
|t:|1760439930
|move|p1a: Meganium|Energy Ball|p2a: Ting-Lu
|-supereffective|p2a: Ting-Lu
|-damage|p2a: Ting-Lu|67/100
|move|p2a: Ting-Lu|Ruination|p1a: Meganium
|-damage|p1a: Meganium|47/100
|
|-heal|p2a: Ting-Lu|73/100|[from] item: Leftovers
|-damage|p2a: Ting-Lu|61/100|[from] Leech Seed|[of] p1a: Meganium
|-heal|p1a: Meganium|64/100|[silent]
|upkeep
|turn|16
|
|t:|1760439941
|switch|p2a: Iron Crown|Iron Crown|100/100
|move|p1a: Meganium|Energy Ball|p2a: Iron Crown
|-resisted|p2a: Iron Crown
|-damage|p2a: Iron Crown|86/100
|
|upkeep
|turn|17
|
|t:|1760439953
|move|p2a: Iron Crown|Tachyon Cutter|p1a: Meganium
|-damage|p1a: Meganium|49/100
|-damage|p1a: Meganium|31/100
|-hitcount|p1a: Meganium|2
|move|p1a: Meganium|Leech Seed|p2a: Iron Crown
|-start|p2a: Iron Crown|move: Leech Seed
|
|-damage|p2a: Iron Crown|74/100|[from] Leech Seed|[of] p1a: Meganium
|-heal|p1a: Meganium|42/100|[silent]
|upkeep
|turn|18
|
|t:|1760439962
|-terastallize|p2a: Iron Crown|Steel
|move|p2a: Iron Crown|Tachyon Cutter|p1a: Meganium
|-damage|p1a: Meganium|18/100
|-damage|p1a: Meganium|0 fnt
|faint|p1a: Meganium
|-hitcount|p1: Meganium|2
|
|upkeep
|
|t:|1760439970
|switch|p1a: Munkidori|Munkidori, M|72/100
|-damage|p1a: Munkidori|60/100|[from] Stealth Rock
|turn|19
|
|t:|1760439976
|-terastallize|p1a: Munkidori|Fire
|move|p2a: Iron Crown|Tachyon Cutter|p1a: Munkidori
|-resisted|p1a: Munkidori
|-damage|p1a: Munkidori|40/100
|-resisted|p1a: Munkidori
|-damage|p1a: Munkidori|19/100
|-hitcount|p1a: Munkidori|2
|move|p1a: Munkidori|Tera Blast|p2a: Iron Crown|[anim] Tera Blast Fire
|-supereffective|p2a: Iron Crown
|-damage|p2a: Iron Crown|0 fnt
|faint|p2a: Iron Crown
|-end|p2a: Iron Crown|Quark Drive|[silent]
|
|upkeep
|
|t:|1760439998
|switch|p2a: Ting-Lu|Ting-Lu|61/100
|-ability|p2a: Ting-Lu|Vessel of Ruin
|turn|20
|
|t:|1760440004
|move|p1a: Munkidori|Tera Blast|p2a: Ting-Lu|[anim] Tera Blast Fire
|-damage|p2a: Ting-Lu|36/100
|move|p2a: Ting-Lu|Earthquake|p1a: Munkidori
|-supereffective|p1a: Munkidori
|-damage|p1a: Munkidori|0 fnt
|faint|p1a: Munkidori
|
|-heal|p2a: Ting-Lu|42/100|[from] item: Leftovers
|upkeep
|
|t:|1760440014
|switch|p1a: Mew|Mew|100/100
|-damage|p1a: Mew|88/100|[from] Stealth Rock
|turn|21
|
|t:|1760440024
|switch|p2a: Iron Valiant|Iron Valiant|100/100
|-enditem|p2a: Iron Valiant|Booster Energy
|-activate|p2a: Iron Valiant|ability: Quark Drive|[fromitem]
|-start|p2a: Iron Valiant|quarkdrivespe
|move|p1a: Mew|Dragon Dance|p1a: Mew
|-boost|p1a: Mew|atk|1
|-boost|p1a: Mew|spe|1
|
|upkeep
|turn|22
|
|t:|1760440037
|move|p2a: Iron Valiant|Encore|p1a: Mew
|-start|p1a: Mew|Encore
|move|p1a: Mew|Dragon Dance|p1a: Mew
|-boost|p1a: Mew|atk|1
|-boost|p1a: Mew|spe|1
|
|upkeep
|turn|23
|
|t:|1760440044
|move|p1a: Mew|Dragon Dance|p1a: Mew
|-boost|p1a: Mew|atk|1
|-boost|p1a: Mew|spe|1
|move|p2a: Iron Valiant|Knock Off|p1a: Mew
|-supereffective|p1a: Mew
|-damage|p1a: Mew|31/100
|-enditem|p1a: Mew|Sitrus Berry|[from] move: Knock Off|[of] p2a: Iron Valiant
|
|upkeep
|turn|24
|
|t:|1760440052
|move|p1a: Mew|Dragon Dance|p1a: Mew
|-boost|p1a: Mew|atk|1
|-boost|p1a: Mew|spe|1
|move|p2a: Iron Valiant|Knock Off|p1a: Mew
|-supereffective|p1a: Mew
|-damage|p1a: Mew|0 fnt
|faint|p1a: Mew
|
|win|Axeliso
|raw|cozyprincemshroom's rating: 1133 &rarr; <strong>1109</strong><br />(-24 for losing)
|raw|Axeliso's rating: 1145 &rarr; <strong>1169</strong><br />(+24 for winning)
|l|☆cozyprincemshroom
|player|p1|
