|j|☆blueberrymilkshake
|j|☆BaronneDeFlueer
|t:|1760314946
|gametype|singles
|player|p1|blueberrymilkshake|dawn-gen4pt|1411
|player|p2|BaronneDeFlueer|roxie|1361
|gen|9
|tier|[Gen 9] OU
|rated|
|rule|HP Percentage Mod: HP is shown in percentages
|rule|Endless Battle Clause: Forcing endless battles is banned
|rule|Species Clause: Limit one of each Pokémon
|rule|OHKO Clause: OHKO moves are banned
|rule|Evasion Items Clause: Evasion items are banned
|rule|Evasion Moves Clause: Evasion moves are banned
|rule|Evasion Abilities Clause: Evasion abilities are banned
|rule|Sleep Moves Clause: Sleep-inducing moves are banned
|clearpoke
|poke|p1|Dragapult, F|
|poke|p1|Dragonite, F|
|poke|p1|Ting-Lu|
|poke|p1|Weezing-Galar, F|
|poke|p1|Iron Crown|
|poke|p1|Zapdos|
|poke|p2|Garganacl, F|
|poke|p2|Dragapult, F|
|poke|p2|Ogerpon-Wellspring, F|
|poke|p2|Moltres|
|poke|p2|Zamazenta-*|
|poke|p2|Iron Treads|
|teampreview
|c|☆blueberrymilkshake|glhf
|c|☆BaronneDeFlueer|hf
|c|☆blueberrymilkshake|my luck has been so bad
|
|t:|1760315006
|teamsize|p1|6
|teamsize|p2|6
|start
|switch|p1a: Ting-Lu|Ting-Lu|100/100
|switch|p2a: Iron Treads|Iron Treads|100/100
|-ability|p1a: Ting-Lu|Vessel of Ruin
|turn|1
|c|☆BaronneDeFlueer|hopwfully it changes today :D
|
|t:|1760315023
|move|p2a: Iron Treads|Stealth Rock|p1a: Ting-Lu
|-sidestart|p1: blueberrymilkshake|move: Stealth Rock
|move|p1a: Ting-Lu|Stealth Rock|p2a: Iron Treads
|-sidestart|p2: BaronneDeFlueer|move: Stealth Rock
|
|upkeep
|turn|2
|
|t:|1760315035
|move|p2a: Iron Treads|Knock Off|p1a: Ting-Lu
|-resisted|p1a: Ting-Lu
|-damage|p1a: Ting-Lu|93/100
|-enditem|p1a: Ting-Lu|Leftovers|[from] move: Knock Off|[of] p2a: Iron Treads
|move|p1a: Ting-Lu|Earthquake|p2a: Iron Treads
|-supereffective|p2a: Iron Treads
|-damage|p2a: Iron Treads|47/100
|
|-heal|p2a: Iron Treads|54/100|[from] item: Leftovers
|upkeep
|turn|3
|
|t:|1760315063
|-end|p2a: Iron Treads|Quark Drive|[silent]
|switch|p2a: Moltres|Moltres|100/100
|move|p1a: Ting-Lu|Ruination|p2a: Moltres
|-damage|p2a: Moltres|51/100
|
|upkeep
|turn|4
|c|☆blueberrymilkshake|thinking
|
|t:|1760315117
|switch|p1a: Weezing|Weezing-Galar, F|100/100
|-ability|p1a: Weezing|Neutralizing Gas
|move|p2a: Moltres|Will-O-Wisp|p1a: Weezing
|-status|p1a: Weezing|brn
|
|-damage|p1a: Weezing|95/100 brn|[from] brn
|upkeep
|turn|5
|c|☆BaronneDeFlueer|no rush
|
|t:|1760315148
|move|p2a: Moltres|Roost|p2a: Moltres
|-heal|p2a: Moltres|100/100
|-singleturn|p2a: Moltres|move: Roost
|move|p1a: Weezing|Toxic Spikes|p2a: Moltres
|-sidestart|p2: BaronneDeFlueer|move: Toxic Spikes
|
|-damage|p1a: Weezing|89/100 brn|[from] brn
|upkeep
|turn|6
|c|☆blueberrymilkshake|omg
|c|☆blueberrymilkshake|baronne de fleur
|c|☆blueberrymilkshake|just realised
|c|☆BaronneDeFlueer|lol
|
|t:|1760315188
|-end|p1a: Weezing|ability: Neutralizing Gas
|switch|p1a: Dragapult|Dragapult, F|100/100
|move|p2a: Moltres|Flamethrower|p1a: Dragapult
|-resisted|p1a: Dragapult
|-damage|p1a: Dragapult|71/100
|
|upkeep
|turn|7
|c|☆BaronneDeFlueer|Yugioh?
|c|☆blueberrymilkshake|yeah
|c|☆BaronneDeFlueer|W
|c|☆blueberrymilkshake|did you see ycs anneheim
|c|☆BaronneDeFlueer|nah i havent played the game in a minute
|c|☆blueberrymilkshake|oh
|c|☆blueberrymilkshake|well it's in an amazing spot
|c|☆BaronneDeFlueer|Got to caught up in other games (like pokemon)
|
|t:|1760315266
|move|p1a: Dragapult|U-turn|p2a: Moltres
|-resisted|p2a: Moltres
|-damage|p2a: Moltres|97/100
|
|t:|1760315272
|switch|p1a: Zapdos|Zapdos|100/100|[from] U-turn
|move|p2a: Moltres|Will-O-Wisp|p1a: Zapdos
|-status|p1a: Zapdos|brn
|
|-damage|p1a: Zapdos|94/100 brn|[from] brn
|upkeep
|turn|8
|
|t:|1760315308
|switch|p2a: Iron Treads|Iron Treads|54/100
|-damage|p2a: Iron Treads|51/100|[from] Stealth Rock
|move|p1a: Zapdos|Heat Wave|p2a: Iron Treads
|-supereffective|p2a: Iron Treads
|-damage|p2a: Iron Treads|0 fnt
|faint|p2a: Iron Treads
|-end|p2a: Iron Treads|Quark Drive|[silent]
|
|-damage|p1a: Zapdos|88/100 brn|[from] brn
|upkeep
|c|☆BaronneDeFlueer|W read
|c|☆blueberrymilkshake|I'm sorry
|c|☆blueberrymilkshake|It's to much value
|
|t:|1760315326
|switch|p2a: Garganacl|Garganacl, F|100/100
|-damage|p2a: Garganacl|88/100|[from] Stealth Rock
|turn|9
|
|t:|1760315337
|move|p1a: Zapdos|Volt Switch|p2a: Garganacl
|-damage|p2a: Garganacl|66/100
|c|☆blueberrymilkshake|I'm trying to build a team rn
|c|☆blueberrymilkshake|rillaboom balance
|c|☆blueberrymilkshake|with garg
|c|☆BaronneDeFlueer|I stole this team offthe example teams im just tryna learn how to play
|c|☆blueberrymilkshake|ik
|c|☆blueberrymilkshake|https://pokepast.es/74aa0e446204ec41
|
|t:|1760315448
|switch|p1a: Iron Crown|Iron Crown|100/100|[from] Volt Switch
|-damage|p1a: Iron Crown|94/100|[from] Stealth Rock
|move|p2a: Garganacl|Salt Cure|p1a: Iron Crown
|-resisted|p1a: Iron Crown
|-damage|p1a: Iron Crown|86/100
|-start|p1a: Iron Crown|Salt Cure
|
|-heal|p2a: Garganacl|72/100|[from] item: Leftovers
|-damage|p1a: Iron Crown|62/100|[from] Salt Cure
|upkeep
|turn|10
|
|t:|1760315479
|switch|p2a: Dragapult|Dragapult, F|100/100
|move|p1a: Iron Crown|Volt Switch|p2a: Dragapult
|-resisted|p2a: Dragapult
|-damage|p2a: Dragapult|77/100
|
|t:|1760315493
|-end|p1a: Iron Crown|Quark Drive|[silent]
|switch|p1a: Ting-Lu|Ting-Lu|93/100|[from] Volt Switch
|-damage|p1a: Ting-Lu|87/100|[from] Stealth Rock
|-ability|p1a: Ting-Lu|Vessel of Ruin
|
|upkeep
|turn|11
|c|☆blueberrymilkshake|this team has no knock off for some reason
|c|☆blueberrymilkshake|I feel like it's really important for this
|c|☆BaronneDeFlueer|the one your using rn?
|c|☆blueberrymilkshake|yeah
|c|☆blueberrymilkshake|I feel like it could replace pult maybe
|c|☆blueberrymilkshake|for a knock user
|c|☆BaronneDeFlueer|ehhhhhhhhhh
|c|☆BaronneDeFlueer|probably
|c|☆blueberrymilkshake|but I don't have there brain
|c|☆blueberrymilkshake|maybe they can break with hex pult
|
|t:|1760315609
|switch|p1a: Dragapult|Dragapult, F|71/100
|move|p2a: Dragapult|Will-O-Wisp|p1a: Dragapult|[miss]
|-miss|p2a: Dragapult|p1a: Dragapult
|
|upkeep
|turn|12
|c|☆blueberrymilkshake|misclick
|c|☆BaronneDeFlueer|guh
|c|☆blueberrymilkshake|this is bad
|c|☆BaronneDeFlueer|look at my dragapult dawg
|c|☆blueberrymilkshake|we are the same
|
|t:|1760315650
|switch|p1a: Zapdos|Zapdos|88/100 brn
|switch|p2a: Garganacl|Garganacl, F|72/100
|-damage|p2a: Garganacl|59/100|[from] Stealth Rock
|
|-heal|p2a: Garganacl|66/100|[from] item: Leftovers
|-damage|p1a: Zapdos|82/100 brn|[from] brn
|upkeep
|turn|13
|c|☆BaronneDeFlueer|LOL
|c|☆blueberrymilkshake|is he a klutz
|
|t:|1760315667
|move|p1a: Zapdos|Volt Switch|p2a: Garganacl
|-damage|p2a: Garganacl|40/100
|c|☆BaronneDeFlueer|?
|c|☆BaronneDeFlueer|like the ability
|c|☆blueberrymilkshake|yeah
|c|☆BaronneDeFlueer|nah nah nah
|
|t:|1760315692
|switch|p1a: Ting-Lu|Ting-Lu|87/100|[from] Volt Switch
|-damage|p1a: Ting-Lu|81/100|[from] Stealth Rock
|-ability|p1a: Ting-Lu|Vessel of Ruin
|move|p2a: Garganacl|Salt Cure|p1a: Ting-Lu
|-resisted|p1a: Ting-Lu
|-damage|p1a: Ting-Lu|77/100
|-start|p1a: Ting-Lu|Salt Cure
|
|-heal|p2a: Garganacl|46/100|[from] item: Leftovers
|-damage|p1a: Ting-Lu|64/100|[from] Salt Cure
|upkeep
|turn|14
|c|☆BaronneDeFlueer|i lowkey shoulda press recover
|c|☆blueberrymilkshake|you know the ability means something
|c|☆blueberrymilkshake|yeah
|c|☆BaronneDeFlueer|doesnt klutz just make your item useless
|c|☆blueberrymilkshake|yeah
|c|☆blueberrymilkshake|you drop it
|
|t:|1760315742
|switch|p2a: Moltres|Moltres|97/100
|move|p1a: Ting-Lu|Earthquake|p2a: Moltres
|-immune|p2a: Moltres
|
|-damage|p1a: Ting-Lu|52/100|[from] Salt Cure
|upkeep
|turn|15
|c|☆blueberrymilkshake|your so clumsy
|
|t:|1760315763
|switch|p1a: Zapdos|Zapdos|82/100 brn
|move|p2a: Moltres|Flamethrower|p1a: Zapdos
|-damage|p1a: Zapdos|39/100 brn
|
|-damage|p1a: Zapdos|33/100 brn|[from] brn
|upkeep
|turn|16
|
|t:|1760315773
|move|p1a: Zapdos|Volt Switch|p2a: Moltres
|-supereffective|p2a: Moltres
|-damage|p2a: Moltres|34/100
|
|t:|1760315787
|switch|p1a: Dragapult|Dragapult, F|71/100|[from] Volt Switch
|move|p2a: Moltres|Flamethrower|p1a: Dragapult
|-resisted|p1a: Dragapult
|-damage|p1a: Dragapult|42/100
|
|upkeep
|turn|17
|c|☆blueberrymilkshake|thats how you beat a garg
|
|t:|1760315820
|-terastallize|p1a: Dragapult|Dragon
|-terastallize|p2a: Moltres|Fairy
|move|p1a: Dragapult|Dragon Darts|p2a: Moltres
|-immune|p2a: Moltres
|move|p2a: Moltres|Roost|p2a: Moltres
|-heal|p2a: Moltres|84/100
|
|upkeep
|turn|18
|c|☆blueberrymilkshake|nvm
|c|☆BaronneDeFlueer|heh
|
|t:|1760315843
|move|p1a: Dragapult|Will-O-Wisp|p2a: Moltres
|-status|p2a: Moltres|brn
|move|p2a: Moltres|Flamethrower|p1a: Dragapult
|-resisted|p1a: Dragapult
|-damage|p1a: Dragapult|14/100
|
|-damage|p2a: Moltres|78/100 brn|[from] brn
|upkeep
|turn|19
|
|t:|1760315850
|move|p1a: Dragapult|Hex|p2a: Moltres
|-crit|p2a: Moltres
|-damage|p2a: Moltres|7/100 brn
|move|p2a: Moltres|Flamethrower|p1a: Dragapult
|-resisted|p1a: Dragapult
|-damage|p1a: Dragapult|0 fnt
|faint|p1a: Dragapult
|
|-damage|p2a: Moltres|1/100 brn|[from] brn
|upkeep
|
|t:|1760315860
|switch|p1a: Iron Crown|Iron Crown|62/100
|-damage|p1a: Iron Crown|55/100|[from] Stealth Rock
|turn|20
|
|t:|1760315865
|move|p1a: Iron Crown|Tachyon Cutter|p2a: Moltres
|-supereffective|p2a: Moltres
|-damage|p2a: Moltres|0 fnt
|faint|p2a: Moltres
|-hitcount|p2: Moltres|1
|
|upkeep
|
|t:|1760315874
|switch|p2a: Zamazenta|Zamazenta|100/100
|-damage|p2a: Zamazenta|94/100|[from] Stealth Rock
|-status|p2a: Zamazenta|psn
|-ability|p2a: Zamazenta|Dauntless Shield|boost
|-boost|p2a: Zamazenta|def|1
|turn|21
|
|t:|1760315889
|-end|p1a: Iron Crown|Quark Drive|[silent]
|switch|p1a: Weezing|Weezing-Galar, F|89/100 brn
|-ability|p1a: Weezing|Neutralizing Gas
|move|p2a: Zamazenta|Crunch|p1a: Weezing
|-resisted|p1a: Weezing
|-damage|p1a: Weezing|79/100 brn
|
|-damage|p2a: Zamazenta|82/100 psn|[from] psn
|-damage|p1a: Weezing|73/100 brn|[from] brn
|upkeep
|turn|22
|
|t:|1760315906
|switch|p2a: Garganacl|Garganacl, F|46/100
|-damage|p2a: Garganacl|34/100|[from] Stealth Rock
|-status|p2a: Garganacl|psn
|move|p1a: Weezing|Toxic Spikes|p2a: Garganacl
|-sidestart|p2: BaronneDeFlueer|move: Toxic Spikes
|
|-heal|p2a: Garganacl|40/100 psn|[from] item: Leftovers
|-damage|p2a: Garganacl|28/100 psn|[from] psn
|-damage|p1a: Weezing|67/100 brn|[from] brn
|upkeep
|turn|23
|
|t:|1760315910
|move|p1a: Weezing|Will-O-Wisp||[still]
|-fail|p1a: Weezing
|move|p2a: Garganacl|Recover|p2a: Garganacl
|-heal|p2a: Garganacl|78/100 psn
|
|-heal|p2a: Garganacl|84/100 psn|[from] item: Leftovers
|-damage|p2a: Garganacl|71/100 psn|[from] psn
|-damage|p1a: Weezing|61/100 brn|[from] brn
|upkeep
|turn|24
|c|☆blueberrymilkshake|I'm actually dumb
|
|t:|1760315959
|move|p1a: Weezing|Pain Split|p2a: Garganacl
|-sethp|p2a: Garganacl|61/100 psn|[from] move: Pain Split|[silent]
|-sethp|p1a: Weezing|74/100 brn|[from] move: Pain Split
|move|p2a: Garganacl|Salt Cure|p1a: Weezing
|-damage|p1a: Weezing|64/100 brn
|-start|p1a: Weezing|Salt Cure
|
|-heal|p2a: Garganacl|67/100 psn|[from] item: Leftovers
|-damage|p2a: Garganacl|55/100 psn|[from] psn
|-damage|p1a: Weezing|58/100 brn|[from] brn
|-damage|p1a: Weezing|46/100 brn|[from] Salt Cure
|upkeep
|turn|25
|c|☆BaronneDeFlueer|dont say that
|c|☆blueberrymilkshake|I'm trying to get better at yugioh
|c|☆blueberrymilkshake|and I'm playing sky striker
|c|☆BaronneDeFlueer|sky striker?
|c|☆BaronneDeFlueer|are they relevant again
|c|☆blueberrymilkshake|yeah new support
|c|☆BaronneDeFlueer|"0
|c|☆BaronneDeFlueer|:0
|c|☆blueberrymilkshake|it's really good
|
|t:|1760316047
|move|p1a: Weezing|Toxic Spikes||[still]
|-fail|p1a: Weezing
|move|p2a: Garganacl|Iron Defense|p2a: Garganacl
|-boost|p2a: Garganacl|def|2
|
|-heal|p2a: Garganacl|61/100 psn|[from] item: Leftovers
|-damage|p2a: Garganacl|49/100 psn|[from] psn
|-damage|p1a: Weezing|40/100 brn|[from] brn
|-damage|p1a: Weezing|28/100 brn|[from] Salt Cure
|upkeep
|turn|26
|c|☆BaronneDeFlueer|I always liked playing floundreeze
|c|☆blueberrymilkshake|:(
|c|☆blueberrymilkshake|sad
|c|☆blueberrymilkshake|cuz
|c|☆blueberrymilkshake|it got hit
|c|☆BaronneDeFlueer|yeah they fell off
|c|☆blueberrymilkshake|you knew it was coming
|c|☆BaronneDeFlueer|I just like my birds
|c|☆BaronneDeFlueer|Blackwings are my favorite deck
|c|☆BaronneDeFlueer|Cause of crow
|c|☆blueberrymilkshake|want same new birds
|c|☆BaronneDeFlueer|in the show
|c|☆BaronneDeFlueer|Sure
|c|☆blueberrymilkshake|fire king
|c|☆BaronneDeFlueer|hell nah
|c|☆BaronneDeFlueer|fire kings look lame
|
|t:|1760316130
|move|p1a: Weezing|Pain Split|p2a: Garganacl
|-sethp|p2a: Garganacl|36/100 psn|[from] move: Pain Split|[silent]
|-sethp|p1a: Weezing|43/100 brn|[from] move: Pain Split
|move|p2a: Garganacl|Iron Defense|p2a: Garganacl
|-boost|p2a: Garganacl|def|2
|
|-heal|p2a: Garganacl|42/100 psn|[from] item: Leftovers
|-damage|p2a: Garganacl|30/100 psn|[from] psn
|-damage|p1a: Weezing|37/100 brn|[from] brn
|-damage|p1a: Weezing|25/100 brn|[from] Salt Cure
|upkeep
|turn|27
|c|☆blueberrymilkshake|its really fun to play :(
|c|☆BaronneDeFlueer|im sure it is
|c|☆BaronneDeFlueer|I just dont fuck with the art
|
|t:|1760316161
|move|p1a: Weezing|Toxic Spikes||[still]
|-fail|p1a: Weezing
|move|p2a: Garganacl|Recover|p2a: Garganacl
|-heal|p2a: Garganacl|80/100 psn
|
|-heal|p2a: Garganacl|86/100 psn|[from] item: Leftovers
|-damage|p2a: Garganacl|73/100 psn|[from] psn
|-damage|p1a: Weezing|19/100 brn|[from] brn
|-damage|p1a: Weezing|6/100 brn|[from] Salt Cure
|upkeep
|turn|28
|c|☆BaronneDeFlueer|as much
|
|t:|1760316171
|move|p1a: Weezing|Pain Split|p2a: Garganacl
|-sethp|p2a: Garganacl|39/100 psn|[from] move: Pain Split|[silent]
|-sethp|p1a: Weezing|48/100 brn|[from] move: Pain Split
|move|p2a: Garganacl|Body Press|p1a: Weezing
|-resisted|p1a: Weezing
|-damage|p1a: Weezing|36/100 brn
|
|-heal|p2a: Garganacl|46/100 psn|[from] item: Leftovers
|-damage|p2a: Garganacl|33/100 psn|[from] psn
|-damage|p1a: Weezing|30/100 brn|[from] brn
|-damage|p1a: Weezing|18/100 brn|[from] Salt Cure
|upkeep
|turn|29
|c|☆blueberrymilkshake|pls don't swear
|c|☆blueberrymilkshake|but I get
|c|☆blueberrymilkshake|it
|c|☆blueberrymilkshake|except sky burn
|c|☆blueberrymilkshake|killing that water man
|
|t:|1760316234
|-end|p1a: Weezing|ability: Neutralizing Gas
|switch|p1a: Iron Crown|Iron Crown|55/100
|-damage|p1a: Iron Crown|49/100|[from] Stealth Rock
|move|p2a: Garganacl|Body Press|p1a: Iron Crown
|-damage|p1a: Iron Crown|0 fnt
|faint|p1a: Iron Crown
|-end|p1a: Iron Crown|Quark Drive|[silent]
|
|-heal|p2a: Garganacl|39/100 psn|[from] item: Leftovers
|-damage|p2a: Garganacl|27/100 psn|[from] psn
|upkeep
|c|☆blueberrymilkshake|oh me oh my
|c|☆BaronneDeFlueer|no more showdown
|c|☆blueberrymilkshake|oh
|
|t:|1760316277
|switch|p1a: Ting-Lu|Ting-Lu|52/100
|-damage|p1a: Ting-Lu|46/100|[from] Stealth Rock
|-ability|p1a: Ting-Lu|Vessel of Ruin
|turn|30
|
|t:|1760316289
|move|p1a: Ting-Lu|Earthquake|p2a: Garganacl
|-supereffective|p2a: Garganacl
|-damage|p2a: Garganacl|11/100 psn
|move|p2a: Garganacl|Body Press|p1a: Ting-Lu
|-supereffective|p1a: Ting-Lu
|-damage|p1a: Ting-Lu|0 fnt
|faint|p1a: Ting-Lu
|
|-heal|p2a: Garganacl|17/100 psn|[from] item: Leftovers
|-damage|p2a: Garganacl|4/100 psn|[from] psn
|upkeep
|
|t:|1760316298
|switch|p1a: Zapdos|Zapdos|33/100 brn
|turn|31
|
|t:|1760316304
|move|p1a: Zapdos|Volt Switch|p2a: Garganacl
|-damage|p2a: Garganacl|0 fnt
|faint|p2a: Garganacl
|
|t:|1760316314
|switch|p1a: Dragonite|Dragonite, F|100/100|[from] Volt Switch
|
|upkeep
|
|t:|1760316324
|switch|p2a: Zamazenta|Zamazenta|82/100 psn
|-damage|p2a: Zamazenta|76/100 psn|[from] Stealth Rock
|turn|32
|
|t:|1760316335
|move|p2a: Zamazenta|Ice Fang|p1a: Dragonite|[miss]
|-miss|p2a: Zamazenta|p1a: Dragonite
|move|p1a: Dragonite|Dragon Dance|p1a: Dragonite
|-boost|p1a: Dragonite|atk|1
|-boost|p1a: Dragonite|spe|1
|
|-damage|p2a: Zamazenta|64/100 psn|[from] psn
|upkeep
|turn|33
|c|☆BaronneDeFlueer|dude
|c|☆blueberrymilkshake|oh
|
|t:|1760316356
|move|p2a: Zamazenta|Ice Fang|p1a: Dragonite
|-supereffective|p1a: Dragonite
|-damage|p1a: Dragonite|46/100
|move|p1a: Dragonite|Dragon Dance|p1a: Dragonite
|-boost|p1a: Dragonite|atk|1
|-boost|p1a: Dragonite|spe|1
|
|-damage|p2a: Zamazenta|51/100 psn|[from] psn
|upkeep
|turn|34
|
|t:|1760316373
|move|p1a: Dragonite|Earthquake|p2a: Zamazenta
|-damage|p2a: Zamazenta|0 fnt
|faint|p2a: Zamazenta
|
|upkeep
|
|t:|1760316375
|switch|p2a: Dragapult|Dragapult, F|77/100
|turn|35
|
|t:|1760316386
|move|p1a: Dragonite|Earthquake|p2a: Dragapult
|-damage|p2a: Dragapult|0 fnt
|faint|p2a: Dragapult
|
|upkeep
|
|t:|1760316389
|switch|p2a: Ogerpon|Ogerpon-Wellspring, F|100/100
|-damage|p2a: Ogerpon|88/100|[from] Stealth Rock
|-status|p2a: Ogerpon|tox
|turn|36
|
|t:|1760316404
|move|p1a: Dragonite|Extreme Speed|p2a: Ogerpon
|-damage|p2a: Ogerpon|24/100 tox
|move|p2a: Ogerpon|Ivy Cudgel|p1a: Dragonite|[anim] Ivy Cudgel Water
|-resisted|p1a: Dragonite
|-damage|p1a: Dragonite|16/100
|
|-damage|p2a: Ogerpon|18/100 tox|[from] psn
|upkeep
|turn|37
|c|☆BaronneDeFlueer|gg
|c|☆blueberrymilkshake|killed by her worst enemy
|c|☆blueberrymilkshake|unless play rough
|
|t:|1760316420
|move|p1a: Dragonite|Roost|p1a: Dragonite
|-heal|p1a: Dragonite|66/100
|-singleturn|p1a: Dragonite|move: Roost
|move|p2a: Ogerpon|Ivy Cudgel|p1a: Dragonite|[anim] Ivy Cudgel Water
|-resisted|p1a: Dragonite
|-crit|p1a: Dragonite
|-damage|p1a: Dragonite|26/100
|
|-damage|p2a: Ogerpon|6/100 tox|[from] psn
|upkeep
|turn|38
|c|☆BaronneDeFlueer|nopr
|
|t:|1760316430
|move|p1a: Dragonite|Roost|p1a: Dragonite
|-heal|p1a: Dragonite|76/100
|-singleturn|p1a: Dragonite|move: Roost
|move|p2a: Ogerpon|Ivy Cudgel|p1a: Dragonite|[anim] Ivy Cudgel Water
|-resisted|p1a: Dragonite
|-damage|p1a: Dragonite|48/100
|
|-damage|p2a: Ogerpon|0 fnt|[from] psn
|faint|p2a: Ogerpon
|
|win|blueberrymilkshake
|raw|blueberrymilkshake's rating: 1411 &rarr; <strong>1428</strong><br />(+17 for winning)
|raw|BaronneDeFlueer's rating: 1361 &rarr; <strong>1344</strong><br />(-17 for losing)
