|j|☆SirSleepy
|j|☆acoda
|t:|1760306156
|gametype|singles
|player|p1|SirSleepy|ltsurge|1357
|player|p2|acoda|266|1323
|gen|9
|tier|[Gen 9] OU
|rated|
|rule|HP Percentage Mod: HP is shown in percentages
|rule|Endless Battle Clause: Forcing endless battles is banned
|rule|Species Clause: Limit one of each Pokémon
|rule|OHKO Clause: OHKO moves are banned
|rule|Evasion Items Clause: Evasion items are banned
|rule|Evasion Moves Clause: Evasion moves are banned
|rule|Evasion Abilities Clause: Evasion abilities are banned
|rule|Sleep Moves Clause: Sleep-inducing moves are banned
|clearpoke
|poke|p1|Scizor, F|
|poke|p1|Tornadus-Therian, M|
|poke|p1|Zamazenta-*|
|poke|p1|Weezing-Galar, F|
|poke|p1|Clefable, F|
|poke|p1|Darkrai|
|poke|p2|Scizor, M|
|poke|p2|Quaquaval, F|
|poke|p2|Dragapult, M|
|poke|p2|Azelf|
|poke|p2|Arcanine-Hisui, M|
|poke|p2|Darkrai|
|teampreview
|inactive|Battle timer is ON: inactive players will automatically lose when time's up. (requested by SirSleepy)
|
|t:|1760306182
|teamsize|p1|6
|teamsize|p2|6
|start
|switch|p1a: Mihawk|Tornadus-Therian, M|100/100
|switch|p2a: Quaquaval|Quaquaval, F|100/100
|turn|1
|
|t:|1760306187
|move|p1a: Mihawk|Bleakwind Storm|p2a: Quaquaval
|-supereffective|p2a: Quaquaval
|-enditem|p2a: Quaquaval|Focus Sash
|-damage|p2a: Quaquaval|1/100
|move|p2a: Quaquaval|Aqua Step|p1a: Mihawk
|-damage|p1a: Mihawk|50/100
|-boost|p2a: Quaquaval|spe|1
|
|upkeep
|turn|2
|inactive|SirSleepy has 120 seconds left.
|
|t:|1760306219
|switch|p1a: Firefly|Scizor, F|100/100
|move|p2a: Quaquaval|Ice Spinner|p1a: Firefly
|-resisted|p1a: Firefly
|-damage|p1a: Firefly|87/100
|
|-heal|p1a: Firefly|94/100|[from] item: Leftovers
|upkeep
|turn|3
|inactive|SirSleepy has 120 seconds left.
|
|t:|1760306230
|move|p1a: Firefly|Bullet Punch|p2a: Quaquaval
|-resisted|p2a: Quaquaval
|-damage|p2a: Quaquaval|0 fnt
|faint|p2a: Quaquaval
|
|-heal|p1a: Firefly|99/100|[from] item: Leftovers
|upkeep
|
|t:|1760306232
|switch|p2a: Arcanine|Arcanine-Hisui, M|100/100
|turn|4
|
|t:|1760306243
|-terastallize|p1a: Firefly|Fire
|move|p2a: Arcanine|Flare Blitz|p1a: Firefly
|-resisted|p1a: Firefly
|-damage|p1a: Firefly|72/100
|move|p1a: Firefly|Knock Off|p2a: Arcanine
|-damage|p2a: Arcanine|53/100
|-enditem|p2a: Arcanine|Heavy-Duty Boots|[from] move: Knock Off|[of] p1a: Firefly
|
|-heal|p1a: Firefly|78/100|[from] item: Leftovers
|upkeep
|turn|5
|
|t:|1760306253
|switch|p1a: Gemini|Weezing-Galar, F|100/100
|-ability|p1a: Gemini|Neutralizing Gas
|move|p2a: Arcanine|Head Smash|p1a: Gemini
|-damage|p1a: Gemini|37/100
|-damage|p2a: Arcanine|21/100|[from] Recoil
|
|upkeep
|turn|6
|
|t:|1760306265
|-end|p1a: Gemini|ability: Neutralizing Gas
|switch|p1a: Inuyasha|Zamazenta|100/100
|-ability|p1a: Inuyasha|Dauntless Shield|boost
|-boost|p1a: Inuyasha|def|1
|move|p2a: Arcanine|Flare Blitz|p1a: Inuyasha
|-damage|p1a: Inuyasha|64/100
|
|upkeep
|turn|7
|
|t:|1760306291
|switch|p2a: Dragapult|Dragapult, M|100/100
|move|p1a: Inuyasha|Crunch|p2a: Dragapult
|-supereffective|p2a: Dragapult
|-damage|p2a: Dragapult|25/100
|
|upkeep
|turn|8
|
|t:|1760306297
|move|p1a: Inuyasha|Crunch|p2a: Dragapult
|-supereffective|p2a: Dragapult
|-damage|p2a: Dragapult|0 fnt
|faint|p2a: Dragapult
|
|upkeep
|
|t:|1760306299
|switch|p2a: Azelf|Azelf|100/100
|turn|9
|
|t:|1760306304
|move|p1a: Inuyasha|Crunch|p2a: Azelf
|-supereffective|p2a: Azelf
|-damage|p2a: Azelf|12/100
|move|p2a: Azelf|Psychic|p1a: Inuyasha
|-supereffective|p1a: Inuyasha
|-damage|p1a: Inuyasha|0 fnt
|faint|p1a: Inuyasha
|
|upkeep
|
|t:|1760306310
|switch|p1a: Kuro|Darkrai|100/100
|turn|10
|
|t:|1760306313
|move|p1a: Kuro|Dark Pulse|p2a: Azelf
|-supereffective|p2a: Azelf
|-damage|p2a: Azelf|0 fnt
|faint|p2a: Azelf
|
|upkeep
|
|t:|1760306315
|switch|p2a: Darkrai|Darkrai|100/100
|turn|11
|
|t:|1760306321
|move|p1a: Kuro|Ice Beam|p2a: Darkrai
|-damage|p2a: Darkrai|58/100
|move|p2a: Darkrai|Nasty Plot|p2a: Darkrai
|-boost|p2a: Darkrai|spa|2
|
|upkeep
|turn|12
|
|t:|1760306330
|move|p1a: Kuro|Ice Beam|p2a: Darkrai
|-damage|p2a: Darkrai|18/100
|move|p2a: Darkrai|Focus Blast|p1a: Kuro|[miss]
|-miss|p2a: Darkrai|p1a: Kuro
|
|upkeep
|turn|13
|
|t:|1760306335
|move|p2a: Darkrai|Focus Blast|p1a: Kuro
|-supereffective|p1a: Kuro
|-damage|p1a: Kuro|0 fnt
|faint|p1a: Kuro
|
|upkeep
|
|t:|1760306340
|switch|p1a: Firefly|Scizor, F, tera:Fire|78/100
|turn|14
|
|t:|1760306346
|switch|p2a: Scizor|Scizor, M|100/100
|move|p1a: Firefly|Bullet Punch|p2a: Scizor
|-resisted|p2a: Scizor
|-crit|p2a: Scizor
|-damage|p2a: Scizor|76/100
|
|-heal|p1a: Firefly|84/100|[from] item: Leftovers
|upkeep
|turn|15
|
|t:|1760306355
|move|p1a: Firefly|Knock Off|p2a: Scizor
|-crit|p2a: Scizor
|-damage|p2a: Scizor|17/100
|-enditem|p2a: Scizor|Focus Sash|[from] move: Knock Off|[of] p1a: Firefly
|move|p2a: Scizor|Aerial Ace|p1a: Firefly
|-damage|p1a: Firefly|49/100
|
|-heal|p1a: Firefly|55/100|[from] item: Leftovers
|upkeep
|turn|16
|
|t:|1760306364
|move|p1a: Firefly|Bullet Punch|p2a: Scizor
|-resisted|p2a: Scizor
|-damage|p2a: Scizor|0 fnt
|faint|p2a: Scizor
|
|-heal|p1a: Firefly|61/100|[from] item: Leftovers
|upkeep
|
|t:|1760306367
|switch|p2a: Darkrai|Darkrai|18/100
|turn|17
|
|t:|1760306371
|move|p1a: Firefly|Bullet Punch|p2a: Darkrai
|-damage|p2a: Darkrai|0 fnt
|faint|p2a: Darkrai
|
|-heal|p1a: Firefly|67/100|[from] item: Leftovers
|upkeep
|
|t:|1760306373
|switch|p2a: Arcanine|Arcanine-Hisui, M|21/100
|turn|18
|-message|acoda forfeited.
|
|win|SirSleepy
|raw|SirSleepy's rating: 1357 &rarr; <strong>1375</strong><br />(+18 for winning)
|raw|acoda's rating: 1323 &rarr; <strong>1305</strong><br />(-18 for losing)
|l|☆acoda
|player|p2|
|l|☆SirSleepy
|player|p1|
