|j|☆Army2501
|j|☆RiaSingh2121
|t:|1760350161
|gametype|singles
|player|p1|Army2501|102|1094
|player|p2|RiaSingh2121|2|1133
|gen|9
|tier|[Gen 9] OU
|rated|
|rule|HP Percentage Mod: HP is shown in percentages
|rule|Endless Battle Clause: Forcing endless battles is banned
|rule|Species Clause: Limit one of each Pokémon
|rule|OHKO Clause: OHKO moves are banned
|rule|Evasion Items Clause: Evasion items are banned
|rule|Evasion Moves Clause: Evasion moves are banned
|rule|Evasion Abilities Clause: Evasion abilities are banned
|rule|Sleep Moves Clause: Sleep-inducing moves are banned
|clearpoke
|poke|p1|Gholdengo|
|poke|p1|Alomomola, F|
|poke|p1|Dragonite, M|
|poke|p1|Rotom-Heat|
|poke|p1|Iron Valiant|
|poke|p1|Toedscruel, F|
|poke|p2|Hatterene, F|
|poke|p2|Torkoal, M|
|poke|p2|Corviknight, F|
|poke|p2|Hattrem, F|
|poke|p2|Iron Hands|
|poke|p2|Ursaluna, F|
|teampreview
|
|t:|1760350171
|teamsize|p1|6
|teamsize|p2|6
|start
|switch|p1a: Rotom|Rotom-Heat, shiny|100/100
|switch|p2a: Hattrem|Hattrem, F|100/100
|turn|1
|
|t:|1760350181
|move|p1a: Rotom|Volt Switch|p2a: Hattrem
|-damage|p2a: Hattrem|74/100
|
|t:|1760350195
|switch|p1a: Gholdengo|Gholdengo, shiny|100/100|[from] Volt Switch
|move|p2a: Hattrem|Trick Room|p2a: Hattrem
|-fieldstart|move: Trick Room|[of] p2a: Hattrem
|
|upkeep
|turn|2
|
|t:|1760350226
|move|p2a: Hattrem|Healing Wish|p2a: Hattrem
|faint|p2a: Hattrem
|move|p1a: Gholdengo|Shadow Ball|p2: Hattrem|[notarget]
|-fail|p1a: Gholdengo
|
|upkeep
|
|t:|1760350232
|switch|p2a: Torkoal|Torkoal, M|100/100
|-weather|SunnyDay|[from] ability: Drought|[of] p2a: Torkoal
|turn|3
|
|t:|1760350238
|switch|p1a: Alomomola|Alomomola, F, shiny|100/100
|move|p2a: Torkoal|Eruption|p1a: Alomomola
|-resisted|p1a: Alomomola
|-damage|p1a: Alomomola|39/100
|
|-weather|SunnyDay|[upkeep]
|upkeep
|turn|4
|
|t:|1760350248
|move|p1a: Alomomola|Protect|p1a: Alomomola
|-singleturn|p1a: Alomomola|Protect
|move|p2a: Torkoal|Eruption|p1a: Alomomola
|-activate|p1a: Alomomola|move: Protect
|
|-weather|SunnyDay|[upkeep]
|upkeep
|turn|5
|
|t:|1760350269
|switch|p1a: Dragonite|Dragonite, M, shiny|100/100
|move|p2a: Torkoal|Eruption|p1a: Dragonite
|-resisted|p1a: Dragonite
|-damage|p1a: Dragonite|74/100
|
|-weather|SunnyDay|[upkeep]
|-fieldend|move: Trick Room
|upkeep
|turn|6
|
|t:|1760350278
|move|p1a: Dragonite|Dragon Dance|p1a: Dragonite
|-boost|p1a: Dragonite|atk|1
|-boost|p1a: Dragonite|spe|1
|move|p2a: Torkoal|Lava Plume|p1a: Dragonite
|-resisted|p1a: Dragonite
|-damage|p1a: Dragonite|45/100
|
|-weather|SunnyDay|[upkeep]
|upkeep
|turn|7
|
|t:|1760350290
|switch|p2a: Corviknight|Corviknight, F|100/100
|move|p1a: Dragonite|Dragon Claw|p2a: Corviknight
|-resisted|p2a: Corviknight
|-damage|p2a: Corviknight|79/100
|-damage|p1a: Dragonite|28/100|[from] item: Rocky Helmet|[of] p2a: Corviknight
|
|-weather|none
|upkeep
|turn|8
|
|t:|1760350299
|switch|p1a: Rotom|Rotom-Heat, shiny|100/100
|move|p2a: Corviknight|U-turn|p1a: Rotom
|-resisted|p1a: Rotom
|-damage|p1a: Rotom|93/100
|
|t:|1760350305
|switch|p2a: Ursaluna|Ursaluna, F|100/100|[from] U-turn
|
|-heal|p1a: Rotom|99/100|[from] item: Leftovers
|-status|p2a: Ursaluna|brn|[from] item: Flame Orb
|upkeep
|turn|9
|
|t:|1760350326
|switch|p1a: Gholdengo|Gholdengo, shiny|100/100
|move|p2a: Ursaluna|Facade|p1a: Gholdengo
|-immune|p1a: Gholdengo
|
|-damage|p2a: Ursaluna|94/100 brn|[from] brn
|upkeep
|turn|10
|
|t:|1760350336
|switch|p1a: Dragonite|Dragonite, M, shiny|28/100
|switch|p2a: Iron Hands|Iron Hands|100/100
|
|upkeep
|turn|11
|
|t:|1760350348
|switch|p1a: Toedscruel|Toedscruel, F, shiny|100/100
|move|p2a: Iron Hands|Ice Punch|p1a: Toedscruel
|-supereffective|p1a: Toedscruel
|-damage|p1a: Toedscruel|0 fnt
|faint|p1a: Toedscruel
|
|upkeep
|
|t:|1760350357
|switch|p1a: Iron Valiant|Iron Valiant, shiny|100/100
|-enditem|p1a: Iron Valiant|Booster Energy
|-activate|p1a: Iron Valiant|ability: Quark Drive|[fromitem]
|-start|p1a: Iron Valiant|quarkdriveatk
|turn|12
|
|t:|1760350366
|-end|p2a: Iron Hands|Quark Drive|[silent]
|switch|p2a: Corviknight|Corviknight, F|79/100
|-heal|p2a: Corviknight|100/100|[from] move: Healing Wish
|move|p1a: Iron Valiant|Moonblast|p2a: Corviknight
|-resisted|p2a: Corviknight
|-damage|p2a: Corviknight|81/100
|
|upkeep
|turn|13
|
|t:|1760350377
|-end|p1a: Iron Valiant|Quark Drive|[silent]
|switch|p1a: Rotom|Rotom-Heat, shiny|99/100
|move|p2a: Corviknight|Brave Bird|p1a: Rotom
|-resisted|p1a: Rotom
|-damage|p1a: Rotom|82/100
|-damage|p2a: Corviknight|76/100|[from] Recoil
|
|-heal|p1a: Rotom|88/100|[from] item: Leftovers
|upkeep
|turn|14
|
|t:|1760350389
|switch|p1a: Alomomola|Alomomola, F, shiny|72/100
|switch|p2a: Iron Hands|Iron Hands|100/100
|
|upkeep
|turn|15
|
|t:|1760350397
|move|p1a: Alomomola|Wish|p1a: Alomomola
|move|p2a: Iron Hands|Thunder Punch|p1a: Alomomola
|-supereffective|p1a: Alomomola
|-damage|p1a: Alomomola|28/100
|-damage|p2a: Iron Hands|84/100|[from] item: Rocky Helmet|[of] p1a: Alomomola
|
|upkeep
|turn|16
|
|t:|1760350406
|move|p1a: Alomomola|Protect|p1a: Alomomola
|-singleturn|p1a: Alomomola|Protect
|move|p2a: Iron Hands|Thunder Punch|p1a: Alomomola
|-activate|p1a: Alomomola|move: Protect
|
|-heal|p1a: Alomomola|78/100|[from] move: Wish|[wisher] Alomomola
|upkeep
|turn|17
|
|t:|1760350417
|move|p1a: Alomomola|Flip Turn|p2a: Iron Hands
|-damage|p2a: Iron Hands|75/100
|
|t:|1760350423
|switch|p1a: Rotom|Rotom-Heat, shiny|88/100|[from] Flip Turn
|move|p2a: Iron Hands|Thunder Punch|p1a: Rotom
|-resisted|p1a: Rotom
|-damage|p1a: Rotom|70/100
|
|-heal|p1a: Rotom|76/100|[from] item: Leftovers
|upkeep
|turn|18
|
|t:|1760350478
|move|p1a: Rotom|Overheat|p2a: Iron Hands
|-damage|p2a: Iron Hands|48/100
|-unboost|p1a: Rotom|spa|2
|move|p2a: Iron Hands|Thunder Punch|p1a: Rotom
|-resisted|p1a: Rotom
|-damage|p1a: Rotom|58/100
|
|-heal|p1a: Rotom|65/100|[from] item: Leftovers
|upkeep
|turn|19
|
|t:|1760350489
|move|p1a: Rotom|Volt Switch|p2a: Iron Hands
|-resisted|p2a: Iron Hands
|-crit|p2a: Iron Hands
|-damage|p2a: Iron Hands|36/100
|
|t:|1760350497
|switch|p1a: Iron Valiant|Iron Valiant, shiny|100/100|[from] Volt Switch
|move|p2a: Iron Hands|Drain Punch|p1a: Iron Valiant
|-resisted|p1a: Iron Valiant
|-damage|p1a: Iron Valiant|77/100
|-heal|p2a: Iron Hands|42/100|[from] drain|[of] p1a: Iron Valiant
|
|upkeep
|turn|20
|
|t:|1760350506
|-end|p1a: Iron Valiant|Quark Drive|[silent]
|switch|p1a: Rotom|Rotom-Heat, shiny|65/100
|-end|p2a: Iron Hands|Quark Drive|[silent]
|switch|p2a: Corviknight|Corviknight, F|76/100
|
|-heal|p1a: Rotom|71/100|[from] item: Leftovers
|upkeep
|turn|21
|
|t:|1760350518
|switch|p2a: Hatterene|Hatterene, F|100/100
|move|p1a: Rotom|Overheat|p2a: Hatterene
|-damage|p2a: Hatterene|64/100
|-unboost|p1a: Rotom|spa|2
|
|-heal|p1a: Rotom|77/100|[from] item: Leftovers
|upkeep
|turn|22
|
|t:|1760350528
|move|p1a: Rotom|Volt Switch|p2a: Hatterene
|-damage|p2a: Hatterene|53/100
|
|t:|1760350534
|switch|p1a: Gholdengo|Gholdengo, shiny|100/100|[from] Volt Switch
|move|p2a: Hatterene|Trick Room|p2a: Hatterene
|-fieldstart|move: Trick Room|[of] p2a: Hatterene
|
|upkeep
|turn|23
|
|t:|1760350553
|switch|p2a: Ursaluna|Ursaluna, F|94/100 brn
|move|p1a: Gholdengo|Power Gem|p2a: Ursaluna
|-resisted|p2a: Ursaluna
|-damage|p2a: Ursaluna|81/100 brn
|
|-damage|p2a: Ursaluna|75/100 brn|[from] brn
|upkeep
|turn|24
|
|t:|1760350565
|switch|p1a: Rotom|Rotom-Heat, shiny|77/100
|move|p2a: Ursaluna|Swords Dance|p2a: Ursaluna
|-boost|p2a: Ursaluna|atk|2
|
|-heal|p1a: Rotom|83/100|[from] item: Leftovers
|-damage|p2a: Ursaluna|69/100 brn|[from] brn
|upkeep
|turn|25
|
|t:|1760350580
|move|p2a: Ursaluna|Facade|p1a: Rotom
|-damage|p1a: Rotom|0 fnt
|faint|p1a: Rotom
|
|-damage|p2a: Ursaluna|63/100 brn|[from] brn
|upkeep
|
|t:|1760350589
|switch|p1a: Alomomola|Alomomola, F, shiny|100/100
|turn|26
|
|t:|1760350593
|move|p1a: Alomomola|Protect|p1a: Alomomola
|-singleturn|p1a: Alomomola|Protect
|move|p2a: Ursaluna|Earthquake|p1a: Alomomola
|-activate|p1a: Alomomola|move: Protect
|
|-damage|p2a: Ursaluna|57/100 brn|[from] brn
|-fieldend|move: Trick Room
|upkeep
|turn|27
|
|t:|1760350602
|move|p1a: Alomomola|Flip Turn|p2a: Ursaluna
|-supereffective|p2a: Ursaluna
|-damage|p2a: Ursaluna|32/100 brn
|
|t:|1760350611
|switch|p1a: Dragonite|Dragonite, M, shiny|28/100|[from] Flip Turn
|move|p2a: Ursaluna|Drain Punch|p1a: Dragonite
|-resisted|p1a: Dragonite
|-damage|p1a: Dragonite|0 fnt
|-heal|p2a: Ursaluna|42/100 brn|[from] drain|[of] p1a: Dragonite
|faint|p1a: Dragonite
|
|-damage|p2a: Ursaluna|35/100 brn|[from] brn
|upkeep
|
|t:|1760350623
|switch|p1a: Gholdengo|Gholdengo, shiny|100/100
|turn|28
|
|t:|1760350632
|switch|p2a: Corviknight|Corviknight, F|76/100
|move|p1a: Gholdengo|Make It Rain|p2a: Corviknight
|-resisted|p2a: Corviknight
|-damage|p2a: Corviknight|45/100
|-unboost|p1a: Gholdengo|spa|1
|
|upkeep
|turn|29
|
|t:|1760350641
|move|p1a: Gholdengo|Thunderbolt|p2a: Corviknight
|-supereffective|p2a: Corviknight
|-damage|p2a: Corviknight|1/100
|move|p2a: Corviknight|U-turn|p1a: Gholdengo
|-resisted|p1a: Gholdengo
|-damage|p1a: Gholdengo|97/100
|
|t:|1760350646
|switch|p2a: Hatterene|Hatterene, F|53/100|[from] U-turn
|
|upkeep
|turn|30
|
|t:|1760350656
|move|p1a: Gholdengo|Make It Rain|p2a: Hatterene
|-supereffective|p2a: Hatterene
|-damage|p2a: Hatterene|0 fnt
|-unboost|p1a: Gholdengo|spa|1
|faint|p2a: Hatterene
|
|upkeep
|
|t:|1760350663
|switch|p2a: Torkoal|Torkoal, M|100/100
|-weather|SunnyDay|[from] ability: Drought|[of] p2a: Torkoal
|turn|31
|
|t:|1760350670
|switch|p1a: Alomomola|Alomomola, F, shiny|100/100
|-terastallize|p2a: Torkoal|Fire
|move|p2a: Torkoal|Eruption|p1a: Alomomola
|-resisted|p1a: Alomomola
|-damage|p1a: Alomomola|30/100
|
|-weather|SunnyDay|[upkeep]
|upkeep
|turn|32
|
|t:|1760350685
|move|p1a: Alomomola|Protect|p1a: Alomomola
|-singleturn|p1a: Alomomola|Protect
|move|p2a: Torkoal|Eruption|p1a: Alomomola
|-activate|p1a: Alomomola|move: Protect
|
|-weather|SunnyDay|[upkeep]
|upkeep
|turn|33
|
|t:|1760350693
|move|p1a: Alomomola|Scald|p2a: Torkoal
|-supereffective|p2a: Torkoal
|-damage|p2a: Torkoal|79/100
|move|p2a: Torkoal|Eruption|p1a: Alomomola
|-resisted|p1a: Alomomola
|-damage|p1a: Alomomola|0 fnt
|faint|p1a: Alomomola
|
|-weather|SunnyDay|[upkeep]
|upkeep
|
|t:|1760350704
|switch|p1a: Gholdengo|Gholdengo, shiny|97/100
|turn|34
|
|t:|1760350708
|move|p1a: Gholdengo|Power Gem|p2a: Torkoal
|-supereffective|p2a: Torkoal
|-damage|p2a: Torkoal|0 fnt
|faint|p2a: Torkoal
|
|-weather|SunnyDay|[upkeep]
|upkeep
|-message|RiaSingh2121 forfeited.
|
|win|Army2501
|raw|Army2501's rating: 1094 &rarr; <strong>1123</strong><br />(+29 for winning)
|raw|RiaSingh2121's rating: 1133 &rarr; <strong>1105</strong><br />(-28 for losing)
|l|☆RiaSingh2121
|player|p2|
|l|☆Army2501
|player|p1|
