|j|☆PAPl
|j|☆SanderraDuxile
|t:|1760412719
|gametype|singles
|player|p1|PAPl|ash|1053
|player|p2|SanderraDuxile|brendan|1014
|gen|9
|tier|[Gen 9] OU
|rated|
|rule|HP Percentage Mod: HP is shown in percentages
|rule|Endless Battle Clause: Forcing endless battles is banned
|rule|Species Clause: Limit one of each Pokémon
|rule|OHKO Clause: OHKO moves are banned
|rule|Evasion Items Clause: Evasion items are banned
|rule|Evasion Moves Clause: Evasion moves are banned
|rule|Evasion Abilities Clause: Evasion abilities are banned
|rule|Sleep Moves Clause: Sleep-inducing moves are banned
|clearpoke
|poke|p1|Umbreon, M|
|poke|p1|Espeon, M|
|poke|p1|Jolteon, M|
|poke|p1|Sylveon, F|
|poke|p1|Vaporeon, M|
|poke|p1|Flareon, F|
|poke|p2|Regigigas|
|poke|p2|Garchomp, M|
|poke|p2|Lucario, F|
|poke|p2|Milotic, F|
|poke|p2|Zoroark, M|
|poke|p2|Gardevoir, F|
|teampreview
|inactive|Battle timer is ON: inactive players will automatically lose when time's up. (requested by PAPl)
|c|☆SanderraDuxile|...
|c|☆SanderraDuxile|i guess im gonna die rn
|
|t:|1760412754
|teamsize|p1|6
|teamsize|p2|6
|start
|switch|p1a: Athena|Espeon, M|100/100
|switch|p2a: Gardevoir|Gardevoir, F|100/100
|turn|1
|inactive|PAPl has 120 seconds left.
|inactive|PAPl has 90 seconds left.
|inactive|PAPl has 60 seconds left.
|
|t:|1760412850
|switch|p1a: Aphrodite|Sylveon, F|100/100
|move|p2a: Gardevoir|Dark Pulse|p1a: Aphrodite
|-resisted|p1a: Aphrodite
|-damage|p1a: Aphrodite|88/100
|
|upkeep
|turn|2
|inactive|PAPl has 60 seconds left.
|
|t:|1760412874
|move|p2a: Gardevoir|U-turn|p1a: Aphrodite
|-resisted|p1a: Aphrodite
|-damage|p1a: Aphrodite|81/100
|
|t:|1760412878
|switch|p2a: Regigigas|Regigigas|100/100|[from] U-turn
|-start|p2a: Regigigas|ability: Slow Start
|move|p1a: Aphrodite|Draining Kiss|p2a: Regigigas
|-damage|p2a: Regigigas|86/100
|-heal|p1a: Aphrodite|92/100|[from] drain|[of] p2a: Regigigas
|
|-heal|p2a: Regigigas|92/100|[from] item: Leftovers
|upkeep
|turn|3
|
|t:|1760412904
|move|p1a: Aphrodite|Hyper Voice|p2a: Regigigas
|-damage|p2a: Regigigas|63/100
|-enditem|p1a: Aphrodite|Throat Spray
|-boost|p1a: Aphrodite|spa|1|[from] item: Throat Spray
|move|p2a: Regigigas|Confuse Ray|p1a: Aphrodite
|-start|p1a: Aphrodite|confusion
|
|-heal|p2a: Regigigas|69/100|[from] item: Leftovers
|upkeep
|turn|4
|
|t:|1760412909
|-activate|p1a: Aphrodite|confusion
|move|p1a: Aphrodite|Hyper Voice|p2a: Regigigas
|-crit|p2a: Regigigas
|-damage|p2a: Regigigas|0 fnt
|faint|p2a: Regigigas
|
|upkeep
|
|t:|1760412918
|switch|p2a: Gardevoir|Gardevoir, F|100/100
|turn|5
|
|t:|1760412928
|move|p2a: Gardevoir|Psychic|p1a: Aphrodite
|-damage|p1a: Aphrodite|65/100
|-unboost|p1a: Aphrodite|spd|1
|-end|p1a: Aphrodite|confusion
|move|p1a: Aphrodite|Draining Kiss|p2a: Gardevoir
|-damage|p2a: Gardevoir|76/100
|-heal|p1a: Aphrodite|79/100|[from] drain|[of] p2a: Gardevoir
|
|-heal|p2a: Gardevoir|82/100|[from] item: Leftovers
|upkeep
|turn|6
|inactive|PAPl has 60 seconds left.
|
|t:|1760412943
|move|p2a: Gardevoir|Psychic|p1a: Aphrodite
|-damage|p1a: Aphrodite|41/100
|move|p1a: Aphrodite|Hyper Voice|p2a: Gardevoir
|-damage|p2a: Gardevoir|21/100
|
|-heal|p2a: Gardevoir|27/100|[from] item: Leftovers
|upkeep
|turn|7
|
|t:|1760412952
|switch|p1a: Hades|Umbreon, M, shiny|100/100
|move|p2a: Gardevoir|Moonblast|p1a: Hades
|-supereffective|p1a: Hades
|-damage|p1a: Hades|59/100
|
|-heal|p2a: Gardevoir|33/100|[from] item: Leftovers
|-heal|p1a: Hades|65/100|[from] item: Leftovers
|upkeep
|turn|8
|inactive|PAPl has 60 seconds left.
|
|t:|1760412958
|move|p2a: Gardevoir|Moonblast|p1a: Hades
|-supereffective|p1a: Hades
|-damage|p1a: Hades|17/100
|move|p1a: Hades|Wish|p1a: Hades
|
|-heal|p2a: Gardevoir|39/100|[from] item: Leftovers
|-heal|p1a: Hades|23/100|[from] item: Leftovers
|upkeep
|turn|9
|
|t:|1760412962
|move|p1a: Hades|Protect|p1a: Hades
|-singleturn|p1a: Hades|Protect
|move|p2a: Gardevoir|Moonblast|p1a: Hades
|-activate|p1a: Hades|move: Protect
|
|-heal|p1a: Hades|73/100|[from] move: Wish|[wisher] Hades
|-heal|p2a: Gardevoir|45/100|[from] item: Leftovers
|-heal|p1a: Hades|79/100|[from] item: Leftovers
|upkeep
|turn|10
|inactive|PAPl has 60 seconds left.
|
|t:|1760412984
|move|p2a: Gardevoir|Moonblast|p1a: Hades
|-supereffective|p1a: Hades
|-damage|p1a: Hades|36/100
|-unboost|p1a: Hades|spa|1
|move|p1a: Hades|Toxic|p2a: Gardevoir
|-status|p2a: Gardevoir|tox
|-activate|p2a: Gardevoir|ability: Synchronize
|-status|p1a: Hades|tox
|-activate|p1a: Hades|ability: Synchronize
|-fail|p2a: Gardevoir|tox
|
|-heal|p2a: Gardevoir|52/100 tox|[from] item: Leftovers
|-heal|p1a: Hades|42/100 tox|[from] item: Leftovers
|-damage|p2a: Gardevoir|45/100 tox|[from] psn
|-damage|p1a: Hades|36/100 tox|[from] psn
|upkeep
|turn|11
|inactive|PAPl has 60 seconds left.
|
|t:|1760413003
|switch|p1a: Pusoiden|Vaporeon, M, shiny|100/100
|move|p2a: Gardevoir|Moonblast|p1a: Pusoiden
|-damage|p1a: Pusoiden|69/100
|
|-heal|p2a: Gardevoir|52/100 tox|[from] item: Leftovers
|-heal|p1a: Pusoiden|75/100|[from] item: Leftovers
|-damage|p2a: Gardevoir|39/100 tox|[from] psn
|upkeep
|turn|12
|inactive|PAPl has 60 seconds left.
|
|t:|1760413011
|switch|p2a: Lucario|Lucario, F|100/100
|-item|p2a: Lucario|Air Balloon
|move|p1a: Pusoiden|Wish|p1a: Pusoiden
|
|-heal|p1a: Pusoiden|82/100|[from] item: Leftovers
|upkeep
|turn|13
|
|t:|1760413014
|move|p2a: Lucario|Swords Dance|p2a: Lucario
|-boost|p2a: Lucario|atk|2
|move|p1a: Pusoiden|Flip Turn|p2a: Lucario
|-damage|p2a: Lucario|82/100
|-enditem|p2a: Lucario|Air Balloon
|
|t:|1760413020
|switch|p1a: Zeus|Jolteon, M|100/100|[from] Flip Turn
|
|upkeep
|turn|14
|
|t:|1760413030
|move|p1a: Zeus|Thunderbolt|p2a: Lucario
|-damage|p2a: Lucario|0 fnt
|faint|p2a: Lucario
|
|upkeep
|inactive|SanderraDuxile has 120 seconds left.
|c|☆PAPl|😅
|
|t:|1760413075
|switch|p2a: Garchomp|Garchomp, M|100/100
|turn|15
|
|t:|1760413091
|switch|p1a: Pusoiden|Vaporeon, M, shiny|82/100
|move|p2a: Garchomp|Earthquake|p1a: Pusoiden
|-damage|p1a: Pusoiden|50/100
|
|-heal|p1a: Pusoiden|56/100|[from] item: Leftovers
|upkeep
|turn|16
|
|t:|1760413100
|move|p2a: Garchomp|Draco Meteor|p1a: Pusoiden
|-damage|p1a: Pusoiden|25/100
|-unboost|p2a: Garchomp|spa|2
|move|p1a: Pusoiden|Wish|p1a: Pusoiden
|
|-heal|p1a: Pusoiden|32/100|[from] item: Leftovers
|upkeep
|turn|17
|
|t:|1760413113
|move|p2a: Garchomp|Earthquake|p1a: Pusoiden
|-damage|p1a: Pusoiden|1/100
|move|p1a: Pusoiden|Ice Beam|p2a: Garchomp
|-supereffective|p2a: Garchomp
|-damage|p2a: Garchomp|12/100
|-status|p2a: Garchomp|frz
|
|-heal|p1a: Pusoiden|51/100|[from] move: Wish|[wisher] Pusoiden
|-heal|p2a: Garchomp|18/100 frz|[from] item: Leftovers
|-heal|p1a: Pusoiden|57/100|[from] item: Leftovers
|upkeep
|turn|18
|
|t:|1760413122
|cant|p2a: Garchomp|frz
|move|p1a: Pusoiden|Wish|p1a: Pusoiden
|
|-heal|p2a: Garchomp|24/100 frz|[from] item: Leftovers
|-heal|p1a: Pusoiden|63/100|[from] item: Leftovers
|upkeep
|turn|19
|inactive|PAPl has 90 seconds left.
|
|t:|1760413135
|-curestatus|p2a: Garchomp|frz|[msg]
|move|p2a: Garchomp|Earthquake|p1a: Pusoiden
|-damage|p1a: Pusoiden|29/100
|move|p1a: Pusoiden|Flip Turn|p2a: Garchomp
|-damage|p2a: Garchomp|10/100
|-damage|p1a: Pusoiden|16/100|[from] ability: Rough Skin|[of] p2a: Garchomp
|inactive|PAPl has 90 seconds left.
|
|t:|1760413144
|switch|p1a: Aphrodite|Sylveon, F|41/100|[from] Flip Turn
|
|-heal|p1a: Aphrodite|99/100|[from] move: Wish|[wisher] Pusoiden
|-heal|p2a: Garchomp|16/100|[from] item: Leftovers
|upkeep
|turn|20
|inactive|PAPl has 90 seconds left.
|inactive|SanderraDuxile has 120 seconds left.
|inactive|PAPl has 60 seconds left.
|
|t:|1760413205
|switch|p1a: Athena|Espeon, M|100/100
|move|p2a: Garchomp|Rock Slide|p1a: Athena
|-damage|p1a: Athena|56/100
|
|-heal|p2a: Garchomp|22/100|[from] item: Leftovers
|upkeep
|turn|21
|
|t:|1760413214
|move|p1a: Athena|Expanding Force|p2a: Garchomp
|-damage|p2a: Garchomp|0 fnt
|faint|p2a: Garchomp
|-damage|p1a: Athena|46/100|[from] item: Life Orb
|
|upkeep
|
|t:|1760413217
|switch|p2a: Milotic|Milotic, F|100/100
|turn|22
|
|t:|1760413222
|switch|p1a: Aphrodite|Sylveon, F|99/100
|move|p2a: Milotic|Hydro Pump|p1a: Aphrodite
|-damage|p1a: Aphrodite|70/100
|
|upkeep
|turn|23
|
|t:|1760413234
|switch|p1a: Zeus|Jolteon, M|100/100
|move|p2a: Milotic|Blizzard|p1a: Zeus|[miss]
|-miss|p2a: Milotic|p1a: Zeus
|
|upkeep
|turn|24
|
|t:|1760413242
|move|p1a: Zeus|Thunderbolt|p2a: Milotic
|-supereffective|p2a: Milotic
|-damage|p2a: Milotic|0 fnt
|faint|p2a: Milotic
|
|upkeep
|
|t:|1760413254
|switch|p2a: Gardevoir|Gardevoir, F|100/100
|turn|25
|
|t:|1760413259
|move|p2a: Gardevoir|Sucker Punch|p1a: Zeus
|-damage|p1a: Zeus|50/100
|move|p1a: Zeus|Thunderbolt|p2a: Gardevoir
|-damage|p2a: Gardevoir|0 fnt
|replace|p2a: Zoroark|Zoroark, M
|-end|p2a: Zoroark|Illusion
|faint|p2a: Zoroark
|
|upkeep
|
|t:|1760413263
|switch|p2a: Gardevoir|Gardevoir, F|39/100 tox
|turn|26
|
|t:|1760413268
|move|p1a: Zeus|Thunderbolt|p2a: Gardevoir
|-damage|p2a: Gardevoir|0 fnt
|faint|p2a: Gardevoir
|
|win|PAPl
|raw|PAPl's rating: 1053 &rarr; <strong>1081</strong><br />(+28 for winning)
|raw|SanderraDuxile's rating: 1014 &rarr; <strong>1003</strong><br />(-11 for losing)
|c|☆SanderraDuxile|gg...
|c|☆PAPl|Gg
|l|☆SanderraDuxile
|player|p2|
|c|☆PAPl|i was trying very hard lol sry
