|j|☆fregene97
|j|☆mementolessi
|t:|1760352427
|gametype|singles
|player|p1|fregene97|camper|1646
|player|p2|mementolessi|#labyrinthine|1543
|gen|9
|tier|[Gen 9] OU
|rated|
|rule|HP Percentage Mod: HP is shown in percentages
|rule|Endless Battle Clause: Forcing endless battles is banned
|rule|Species Clause: Limit one of each Pokémon
|rule|OHKO Clause: OHKO moves are banned
|rule|Evasion Items Clause: Evasion items are banned
|rule|Evasion Moves Clause: Evasion moves are banned
|rule|Evasion Abilities Clause: Evasion abilities are banned
|rule|Sleep Moves Clause: Sleep-inducing moves are banned
|clearpoke
|poke|p1|Darkrai|
|poke|p1|Great Tusk|
|poke|p1|Iron Moth|
|poke|p1|Rillaboom, M|
|poke|p1|Raging Bolt|
|poke|p1|Zamazenta-*|
|poke|p2|Meowscarada, M|
|poke|p2|Dragapult, M|
|poke|p2|Deoxys-Speed|
|poke|p2|Iron Valiant|
|poke|p2|Zoroark-Hisui, M|
|poke|p2|Ditto|
|teampreview
|inactive|Battle timer is ON: inactive players will automatically lose when time's up. (requested by mementolessi)
|
|t:|1760352448
|teamsize|p1|6
|teamsize|p2|6
|start
|switch|p1a: Darkrai|Darkrai|100/100
|switch|p2a: Deoxys|Deoxys-Speed|100/100
|-ability|p2a: Deoxys|Pressure
|turn|1
|
|t:|1760352458
|-terastallize|p1a: Darkrai|Poison
|move|p2a: Deoxys|Stealth Rock|p1a: Darkrai
|-sidestart|p1: fregene97|move: Stealth Rock
|move|p1a: Darkrai|Dark Pulse|p2a: Deoxys
|-supereffective|p2a: Deoxys
|-damage|p2a: Deoxys|0 fnt
|faint|p2a: Deoxys
|
|upkeep
|
|t:|1760352473
|switch|p2a: Meowscarada|Meowscarada, M|100/100
|turn|2
|
|t:|1760352484
|move|p1a: Darkrai|Sludge Bomb|p2a: Meowscarada
|-supereffective|p2a: Meowscarada
|-damage|p2a: Meowscarada|0 fnt
|faint|p2a: Meowscarada
|
|upkeep
|
|t:|1760352488
|switch|p2a: Ditto|Ditto, shiny|100/100
|-transform|p2a: Ditto|p1a: Darkrai|[from] ability: Imposter
|-start|p2a: Ditto|typechange|Dark|[silent]
|turn|3
|
|t:|1760352495
|move|p2a: Ditto|Sludge Bomb|p1a: Darkrai
|-resisted|p1a: Darkrai
|-crit|p1a: Darkrai
|-damage|p1a: Darkrai|66/100
|move|p1a: Darkrai|Sludge Bomb|p2a: Ditto
|-damage|p2a: Ditto|41/100
|-status|p2a: Ditto|psn
|
|-heal|p1a: Darkrai|72/100|[from] item: Leftovers
|-damage|p2a: Ditto|29/100 psn|[from] psn
|upkeep
|turn|4
|
|t:|1760352503
|move|p2a: Ditto|Sludge Bomb|p1a: Darkrai
|-resisted|p1a: Darkrai
|-damage|p1a: Darkrai|49/100
|move|p1a: Darkrai|Sludge Bomb|p2a: Ditto
|-damage|p2a: Ditto|0 fnt
|faint|p2a: Ditto
|
|-heal|p1a: Darkrai|55/100|[from] item: Leftovers
|upkeep
|
|t:|1760352518
|switch|p2a: Dragapult|Dragapult, M, shiny|100/100
|turn|5
|
|t:|1760352525
|move|p2a: Dragapult|Dragon Darts|p1a: Darkrai
|-damage|p1a: Darkrai|6/100
|-anim|p2a: Dragapult|Dragon Darts|p1a: Darkrai
|-damage|p1a: Darkrai|0 fnt
|faint|p1a: Darkrai
|
|upkeep
|
|t:|1760352539
|switch|p1a: Rillaboom|Rillaboom, M|100/100
|-damage|p1a: Rillaboom|88/100|[from] Stealth Rock
|-fieldstart|move: Grassy Terrain|[from] ability: Grassy Surge|[of] p1a: Rillaboom
|turn|6
|
|t:|1760352545
|switch|p2a: Iron Valiant|Iron Valiant|100/100
|-enditem|p2a: Iron Valiant|Booster Energy
|-activate|p2a: Iron Valiant|ability: Quark Drive|[fromitem]
|-start|p2a: Iron Valiant|quarkdrivespe
|move|p1a: Rillaboom|Knock Off|p2a: Iron Valiant
|-resisted|p2a: Iron Valiant
|-damage|p2a: Iron Valiant|90/100
|-damage|p1a: Rillaboom|78/100|[from] item: Life Orb
|
|-heal|p2a: Iron Valiant|96/100|[from] Grassy Terrain
|-heal|p1a: Rillaboom|84/100|[from] Grassy Terrain
|upkeep
|turn|7
|
|t:|1760352556
|move|p2a: Iron Valiant|Knock Off|p1a: Rillaboom
|-damage|p1a: Rillaboom|49/100
|-enditem|p1a: Rillaboom|Life Orb|[from] move: Knock Off|[of] p2a: Iron Valiant
|move|p1a: Rillaboom|Swords Dance|p1a: Rillaboom
|-boost|p1a: Rillaboom|atk|2
|
|-heal|p2a: Iron Valiant|100/100|[from] Grassy Terrain
|-heal|p1a: Rillaboom|55/100|[from] Grassy Terrain
|upkeep
|turn|8
|
|t:|1760352564
|move|p1a: Rillaboom|Grassy Glide|p2a: Iron Valiant
|-damage|p2a: Iron Valiant|0 fnt
|faint|p2a: Iron Valiant
|-end|p2a: Iron Valiant|Quark Drive|[silent]
|
|-heal|p1a: Rillaboom|61/100|[from] Grassy Terrain
|upkeep
|
|t:|1760352569
|switch|p2a: Dragapult|Dragapult, M, shiny|100/100
|turn|9
|
|t:|1760352589
|move|p1a: Rillaboom|Grassy Glide|p2a: Dragapult
|-resisted|p2a: Dragapult
|-damage|p2a: Dragapult|37/100
|move|p2a: Dragapult|U-turn|p1a: Rillaboom
|-supereffective|p1a: Rillaboom
|-damage|p1a: Rillaboom|0 fnt
|faint|p1a: Rillaboom
|
|t:|1760352593
|switch|p2a: Dragapult|Dragapult, M, shiny|100/100|[from] U-turn
|
|upkeep
|
|t:|1760352596
|switch|p1a: Zamazenta|Zamazenta|100/100
|-damage|p1a: Zamazenta|94/100|[from] Stealth Rock
|-ability|p1a: Zamazenta|Dauntless Shield|boost
|-boost|p1a: Zamazenta|def|1
|turn|10
|
|t:|1760352605
|move|p1a: Zamazenta|Crunch|p2a: Dragapult
|-supereffective|p2a: Dragapult
|-damage|p2a: Dragapult|10/100
|replace|p2a: Zoroark|Zoroark-Hisui, M
|-end|p2a: Zoroark|Illusion
|move|p2a: Zoroark|Comeuppance|p1a: Zamazenta
|-damage|p1a: Zamazenta|6/100
|
|-heal|p1a: Zamazenta|12/100|[from] Grassy Terrain
|-heal|p1a: Zamazenta|19/100|[from] item: Leftovers
|-heal|p2a: Zoroark|16/100|[from] Grassy Terrain
|-fieldend|move: Grassy Terrain
|upkeep
|turn|11
|
|t:|1760352615
|move|p1a: Zamazenta|Crunch|p2a: Zoroark
|-supereffective|p2a: Zoroark
|-damage|p2a: Zoroark|0 fnt
|faint|p2a: Zoroark
|
|-heal|p1a: Zamazenta|25/100|[from] item: Leftovers
|upkeep
|
|t:|1760352617
|switch|p2a: Dragapult|Dragapult, M, shiny|37/100
|turn|12
|
|t:|1760352623
|-terastallize|p2a: Dragapult|Ghost
|move|p2a: Dragapult|Tera Blast|p1a: Zamazenta|[anim] Tera Blast Ghost
|-damage|p1a: Zamazenta|0 fnt
|faint|p1a: Zamazenta
|
|upkeep
|
|t:|1760352630
|switch|p1a: Iron Moth|Iron Moth|100/100
|-damage|p1a: Iron Moth|76/100|[from] Stealth Rock
|-enditem|p1a: Iron Moth|Booster Energy
|-activate|p1a: Iron Moth|ability: Quark Drive|[fromitem]
|-start|p1a: Iron Moth|quarkdrivespe
|turn|13
|
|t:|1760352636
|move|p1a: Iron Moth|Fiery Dance|p2a: Dragapult
|-damage|p2a: Dragapult|0 fnt
|faint|p2a: Dragapult
|
|win|fregene97
|raw|fregene97's rating: 1690 &rarr; <strong>1702</strong><br />(+12 for winning)
|raw|mementolessi's rating: 1543 &rarr; <strong>1531</strong><br />(-12 for losing)
|l|☆mementolessi
|player|p2|
|l|☆fregene97
|player|p1|
