|j|☆Obito 2001
|j|☆K3c8ge4
|t:|1760305073
|gametype|singles
|player|p1|Obito 2001|blue-gen3two|1634
|player|p2|K3c8ge4|elesa|1778
|gen|9
|tier|[Gen 9] OU
|rated|
|rule|HP Percentage Mod: HP is shown in percentages
|rule|Endless Battle Clause: Forcing endless battles is banned
|rule|Species Clause: Limit one of each Pokémon
|rule|OHKO Clause: OHKO moves are banned
|rule|Evasion Items Clause: Evasion items are banned
|rule|Evasion Moves Clause: Evasion moves are banned
|rule|Evasion Abilities Clause: Evasion abilities are banned
|rule|Sleep Moves Clause: Sleep-inducing moves are banned
|clearpoke
|poke|p1|Manaphy|
|poke|p1|Darkrai|
|poke|p1|Great Tusk|
|poke|p1|Dragapult, F|
|poke|p1|Maushold-Four|
|poke|p1|Braviary-Hisui, M|
|poke|p2|Scizor, F|
|poke|p2|Raging Bolt|
|poke|p2|Primarina, F|
|poke|p2|Ogerpon-Cornerstone, F|
|poke|p2|Great Tusk|
|poke|p2|Zamazenta-*|
|teampreview
|inactive|Battle timer is ON: inactive players will automatically lose when time's up. (requested by Obito 2001)
|inactive|K3c8ge4 also wants the timer to be on.
|
|t:|1760305099
|teamsize|p1|6
|teamsize|p2|6
|start
|switch|p1a: DraGhost|Dragapult, F|100/100
|switch|p2a: Primarina|Primarina, F|100/100
|turn|1
|
|t:|1760305104
|move|p1a: DraGhost|Light Screen|p1a: DraGhost
|-sidestart|p1: Obito 2001|move: Light Screen
|move|p2a: Primarina|Moonblast|p1a: DraGhost
|-supereffective|p1a: DraGhost
|-damage|p1a: DraGhost|43/100
|
|upkeep
|turn|2
|
|t:|1760305132
|move|p1a: DraGhost|Reflect|p1a: DraGhost
|-sidestart|p1: Obito 2001|Reflect
|move|p2a: Primarina|Moonblast|p1a: DraGhost
|-supereffective|p1a: DraGhost
|-damage|p1a: DraGhost|0 fnt
|faint|p1a: DraGhost
|
|upkeep
|
|t:|1760305136
|switch|p1a: Gang Bang|Maushold-Four|100/100
|turn|3
|
|t:|1760305144
|switch|p2a: Zamazenta|Zamazenta|100/100
|-ability|p2a: Zamazenta|Dauntless Shield|boost
|-boost|p2a: Zamazenta|def|1
|move|p1a: Gang Bang|Tidy Up|p1a: Gang Bang
|-boost|p1a: Gang Bang|atk|1
|-boost|p1a: Gang Bang|spe|1
|
|upkeep
|turn|4
|
|t:|1760305160
|move|p1a: Gang Bang|Population Bomb|p2a: Zamazenta
|-damage|p2a: Zamazenta|93/100
|-damage|p2a: Zamazenta|85/100
|-damage|p2a: Zamazenta|77/100
|-damage|p2a: Zamazenta|70/100
|-damage|p2a: Zamazenta|62/100
|-damage|p2a: Zamazenta|54/100
|-damage|p2a: Zamazenta|46/100
|-damage|p2a: Zamazenta|39/100
|-damage|p2a: Zamazenta|31/100
|-damage|p2a: Zamazenta|23/100
|-hitcount|p2a: Zamazenta|10
|move|p2a: Zamazenta|Body Press|p1a: Gang Bang
|-supereffective|p1a: Gang Bang
|-damage|p1a: Gang Bang|14/100
|
|-heal|p2a: Zamazenta|30/100|[from] item: Leftovers
|upkeep
|turn|5
|
|t:|1760305167
|move|p1a: Gang Bang|Population Bomb|p2a: Zamazenta
|-damage|p2a: Zamazenta|21/100
|-damage|p2a: Zamazenta|12/100
|-damage|p2a: Zamazenta|5/100
|-damage|p2a: Zamazenta|0 fnt
|faint|p2a: Zamazenta
|-hitcount|p2: Zamazenta|4
|
|upkeep
|
|t:|1760305171
|switch|p2a: Scizor|Scizor, F|100/100
|turn|6
|
|t:|1760305181
|switch|p1a: Mega Donphan|Great Tusk|100/100
|move|p2a: Scizor|U-turn|p1a: Mega Donphan
|-resisted|p1a: Mega Donphan
|-damage|p1a: Mega Donphan|91/100
|
|t:|1760305204
|switch|p2a: Primarina|Primarina, F|100/100|[from] U-turn
|
|upkeep
|turn|7
|inactive|Obito 2001 has 120 seconds left.
|
|t:|1760305239
|move|p1a: Mega Donphan|Stealth Rock|p2a: Primarina
|-sidestart|p2: K3c8ge4|move: Stealth Rock
|move|p2a: Primarina|Draining Kiss|p1a: Mega Donphan
|-supereffective|p1a: Mega Donphan
|-damage|p1a: Mega Donphan|44/100
|
|upkeep
|turn|8
|
|t:|1760305248
|move|p1a: Mega Donphan|Headlong Rush|p2a: Primarina
|-damage|p2a: Primarina|25/100
|-unboost|p1a: Mega Donphan|def|1
|-unboost|p1a: Mega Donphan|spd|1
|move|p2a: Primarina|Draining Kiss|p1a: Mega Donphan
|-supereffective|p1a: Mega Donphan
|-damage|p1a: Mega Donphan|0 fnt
|-heal|p2a: Primarina|59/100|[from] drain|[of] p1a: Mega Donphan
|faint|p1a: Mega Donphan
|-end|p1a: Mega Donphan|Protosynthesis|[silent]
|
|-sideend|p1: Obito 2001|move: Light Screen
|upkeep
|inactive|Obito 2001 has 120 seconds left.
|
|t:|1760305265
|switch|p1a: Gang Bang|Maushold-Four|14/100
|turn|9
|
|t:|1760305270
|switch|p2a: Scizor|Scizor, F|100/100
|-damage|p2a: Scizor|88/100|[from] Stealth Rock
|move|p1a: Gang Bang|Population Bomb|p2a: Scizor
|-resisted|p2a: Scizor
|-damage|p2a: Scizor|82/100
|-resisted|p2a: Scizor
|-damage|p2a: Scizor|76/100
|-resisted|p2a: Scizor
|-damage|p2a: Scizor|70/100
|-resisted|p2a: Scizor
|-crit|p2a: Scizor
|-damage|p2a: Scizor|60/100
|-resisted|p2a: Scizor
|-damage|p2a: Scizor|54/100
|-resisted|p2a: Scizor
|-damage|p2a: Scizor|47/100
|-resisted|p2a: Scizor
|-damage|p2a: Scizor|41/100
|-resisted|p2a: Scizor
|-damage|p2a: Scizor|35/100
|-resisted|p2a: Scizor
|-damage|p2a: Scizor|29/100
|-resisted|p2a: Scizor
|-damage|p2a: Scizor|22/100
|-hitcount|p2a: Scizor|10
|
|-sideend|p1: Obito 2001|Reflect
|upkeep
|turn|10
|
|t:|1760305277
|switch|p1a: Braviary|Braviary-Hisui, M|100/100
|move|p2a: Scizor|Bullet Punch|p1a: Braviary
|-crit|p1a: Braviary
|-damage|p1a: Braviary|0 fnt
|faint|p1a: Braviary
|
|upkeep
|
|t:|1760305290
|switch|p1a: La Lisa|Manaphy|100/100
|turn|11
|
|t:|1760305293
|switch|p2a: Ogerpon|Ogerpon-Cornerstone, F|100/100
|-damage|p2a: Ogerpon|88/100|[from] Stealth Rock
|move|p1a: La Lisa|Surf|p2a: Ogerpon
|-damage|p2a: Ogerpon|45/100
|
|upkeep
|turn|12
|
|t:|1760305305
|switch|p1a: Darkrai|Darkrai|100/100
|move|p2a: Ogerpon|U-turn|p1a: Darkrai
|-supereffective|p1a: Darkrai
|-damage|p1a: Darkrai|19/100
|
|t:|1760305311
|switch|p2a: Scizor|Scizor, F|22/100|[from] U-turn
|-damage|p2a: Scizor|10/100|[from] Stealth Rock
|
|upkeep
|turn|13
|inactive|Obito 2001 has 120 seconds left.
|
|t:|1760305353
|switch|p1a: La Lisa|Manaphy|100/100
|-terastallize|p2a: Scizor|Steel
|move|p2a: Scizor|Bullet Punch|p1a: La Lisa
|-resisted|p1a: La Lisa
|-damage|p1a: La Lisa|63/100
|
|-heal|p1a: La Lisa|69/100|[from] item: Leftovers
|upkeep
|turn|14
|
|t:|1760305358
|switch|p2a: Raging Bolt|Raging Bolt|100/100
|-damage|p2a: Raging Bolt|88/100|[from] Stealth Rock
|move|p1a: La Lisa|Surf|p2a: Raging Bolt
|-resisted|p2a: Raging Bolt
|-crit|p2a: Raging Bolt
|-damage|p2a: Raging Bolt|59/100
|
|-heal|p1a: La Lisa|76/100|[from] item: Leftovers
|upkeep
|turn|15
|inactive|Obito 2001 has 120 seconds left.
|inactive|Obito 2001 has 90 seconds left.
|
|t:|1760305404
|switch|p1a: Darkrai|Darkrai|19/100
|move|p2a: Raging Bolt|Volt Switch|p1a: Darkrai
|-damage|p1a: Darkrai|0 fnt
|faint|p1a: Darkrai
|
|t:|1760305410
|-end|p2a: Raging Bolt|Protosynthesis|[silent]
|switch|p2a: Primarina|Primarina, F|59/100|[from] Volt Switch
|-damage|p2a: Primarina|47/100|[from] Stealth Rock
|
|upkeep
|inactive|Obito 2001 has 90 seconds left.
|
|t:|1760305424
|switch|p1a: Gang Bang|Maushold-Four|14/100
|turn|16
|
|t:|1760305427
|move|p1a: Gang Bang|Population Bomb|p2a: Primarina
|-damage|p2a: Primarina|34/100
|-damage|p2a: Primarina|22/100
|-damage|p2a: Primarina|8/100
|-damage|p2a: Primarina|0 fnt
|faint|p2a: Primarina
|-hitcount|p2: Primarina|4
|
|upkeep
|
|t:|1760305432
|switch|p2a: Great Tusk|Great Tusk|100/100
|turn|17
|
|t:|1760305440
|move|p1a: Gang Bang|Population Bomb|p2a: Great Tusk
|-damage|p2a: Great Tusk|94/100
|-damage|p2a: Great Tusk|87/100
|-damage|p2a: Great Tusk|81/100
|-damage|p2a: Great Tusk|75/100
|-damage|p2a: Great Tusk|68/100
|-damage|p2a: Great Tusk|61/100
|-damage|p2a: Great Tusk|55/100
|-damage|p2a: Great Tusk|48/100
|-damage|p2a: Great Tusk|41/100
|-damage|p2a: Great Tusk|34/100
|-hitcount|p2a: Great Tusk|10
|move|p2a: Great Tusk|Rapid Spin|p1a: Gang Bang
|-damage|p1a: Gang Bang|0 fnt
|-boost|p2a: Great Tusk|spe|1
|-sideend|p2: K3c8ge4|Stealth Rock|[from] move: Rapid Spin|[of] p2a: Great Tusk
|faint|p1a: Gang Bang
|
|upkeep
|
|t:|1760305448
|switch|p1a: La Lisa|Manaphy|76/100
|turn|18
|
|t:|1760305464
|move|p2a: Great Tusk|Headlong Rush|p1a: La Lisa
|-damage|p1a: La Lisa|28/100
|-unboost|p2a: Great Tusk|def|1
|-unboost|p2a: Great Tusk|spd|1
|move|p1a: La Lisa|Surf|p2a: Great Tusk
|-supereffective|p2a: Great Tusk
|-damage|p2a: Great Tusk|0 fnt
|faint|p2a: Great Tusk
|-end|p2a: Great Tusk|Protosynthesis|[silent]
|
|-heal|p1a: La Lisa|34/100|[from] item: Leftovers
|upkeep
|
|t:|1760305468
|switch|p2a: Ogerpon|Ogerpon-Cornerstone, F|45/100
|turn|19
|
|t:|1760305472
|move|p2a: Ogerpon|Ivy Cudgel|p1a: La Lisa|[anim] Ivy Cudgel Rock
|-damage|p1a: La Lisa|0 fnt
|faint|p1a: La Lisa
|
|win|K3c8ge4
|raw|Obito 2001's rating: 1647 &rarr; <strong>1634</strong><br />(-13 for losing)
|raw|K3c8ge4's rating: 1778 &rarr; <strong>1791</strong><br />(+13 for winning)
|l|☆Obito 2001
|player|p1|
|l|☆K3c8ge4
|player|p2|
