|j|☆AEFAA2
|j|☆oscar19trib
|t:|1760309731
|gametype|singles
|player|p1|AEFAA2|scientist-gen4dp|1149
|player|p2|oscar19trib|steven|1146
|gen|9
|tier|[Gen 9] OU
|rated|
|rule|HP Percentage Mod: HP is shown in percentages
|rule|Endless Battle Clause: Forcing endless battles is banned
|rule|Species Clause: Limit one of each Pokémon
|rule|OHKO Clause: OHKO moves are banned
|rule|Evasion Items Clause: Evasion items are banned
|rule|Evasion Moves Clause: Evasion moves are banned
|rule|Evasion Abilities Clause: Evasion abilities are banned
|rule|Sleep Moves Clause: Sleep-inducing moves are banned
|clearpoke
|poke|p1|Torkoal, M|
|poke|p1|Sunflora, M|
|poke|p1|Goodra-Hisui, F|
|poke|p1|Great Tusk|
|poke|p1|Scovillain, M|
|poke|p1|Ninetales, M|
|poke|p2|Kingambit, F|
|poke|p2|Deoxys-Speed|
|poke|p2|Great Tusk|
|poke|p2|Dragonite, M|
|poke|p2|Iron Moth|
|poke|p2|Primarina, F|
|teampreview
|inactive|Battle timer is ON: inactive players will automatically lose when time's up. (requested by AEFAA2)
|
|t:|1760309757
|teamsize|p1|6
|teamsize|p2|6
|start
|switch|p1a: Torkoal|Torkoal, M|100/100
|switch|p2a: Siren|Primarina, F|100/100
|-weather|SunnyDay|[from] ability: Drought|[of] p1a: Torkoal
|turn|1
|
|t:|1760309776
|switch|p1a: Sunflora|Sunflora, M|100/100
|move|p2a: Siren|Surf|p1a: Sunflora
|-resisted|p1a: Sunflora
|-damage|p1a: Sunflora|85/100
|
|-weather|SunnyDay|[upkeep]
|upkeep
|turn|2
|
|t:|1760309794
|switch|p2a: Anomаly|Iron Moth|100/100
|-item|p2a: Anomаly|Air Balloon
|move|p1a: Sunflora|Growth|p1a: Sunflora
|-boost|p1a: Sunflora|atk|2
|-boost|p1a: Sunflora|spa|2
|
|-weather|SunnyDay|[upkeep]
|upkeep
|turn|3
|
|t:|1760309813
|-terastallize|p1a: Sunflora|Fire
|move|p2a: Anomаly|Fiery Dance|p1a: Sunflora
|-resisted|p1a: Sunflora
|-damage|p1a: Sunflora|45/100
|move|p1a: Sunflora|Weather Ball|p2a: Anomаly
|-resisted|p2a: Anomаly
|-damage|p2a: Anomаly|14/100
|-enditem|p2a: Anomаly|Air Balloon
|-damage|p1a: Sunflora|35/100|[from] item: Life Orb
|
|-weather|SunnyDay|[upkeep]
|upkeep
|turn|4
|inactive|AEFAA2 has 120 seconds left.
|inactive|AEFAA2 has 90 seconds left.
|
|t:|1760309870
|move|p2a: Anomаly|Fiery Dance|p1a: Sunflora
|-resisted|p1a: Sunflora
|-damage|p1a: Sunflora|0 fnt
|-boost|p2a: Anomаly|spa|1
|faint|p1a: Sunflora
|
|-weather|SunnyDay|[upkeep]
|upkeep
|
|t:|1760309879
|switch|p1a: Scovillain|Scovillain, M|100/100
|turn|5
|
|t:|1760309890
|move|p1a: Scovillain|Flamethrower|p2a: Anomаly
|-resisted|p2a: Anomаly
|-damage|p2a: Anomаly|0 fnt
|faint|p2a: Anomаly
|-end|p2a: Anomаly|Quark Drive|[silent]
|
|-weather|SunnyDay|[upkeep]
|upkeep
|
|t:|1760309902
|switch|p2a: Anomaly|Great Tusk|100/100
|-activate|p2a: Anomaly|ability: Protosynthesis
|-start|p2a: Anomaly|protosynthesisatk
|turn|6
|
|t:|1760309907
|move|p1a: Scovillain|Flamethrower|p2a: Anomaly
|-damage|p2a: Anomaly|0 fnt
|faint|p2a: Anomaly
|-end|p2a: Anomaly|Protosynthesis|[silent]
|
|-weather|SunnyDay|[upkeep]
|upkeep
|
|t:|1760309916
|switch|p2a: Siren|Primarina, F|100/100
|turn|7
|
|t:|1760309921
|switch|p1a: Goodra|Goodra-Hisui, F|100/100
|move|p2a: Siren|Surf|p1a: Goodra
|-resisted|p1a: Goodra
|-damage|p1a: Goodra|96/100
|
|-weather|SunnyDay|[upkeep]
|upkeep
|turn|8
|inactive|AEFAA2 has 120 seconds left.
|
|t:|1760309931
|switch|p2a: Meruem|Kingambit, F|100/100
|-activate|p2a: Meruem|ability: Supreme Overlord
|-start|p2a: Meruem|fallen2|[silent]
|move|p1a: Goodra|Knock Off|p2a: Meruem
|-resisted|p2a: Meruem
|-damage|p2a: Meruem|91/100
|-enditem|p2a: Meruem|Leftovers|[from] move: Knock Off|[of] p1a: Goodra
|
|-weather|none
|upkeep
|turn|9
|inactive|AEFAA2 has 120 seconds left.
|
|t:|1760309945
|switch|p1a: Great Tusk|Great Tusk|100/100
|move|p2a: Meruem|Swords Dance|p2a: Meruem
|-boost|p2a: Meruem|atk|2
|
|upkeep
|turn|10
|
|t:|1760309961
|-end|p1a: Great Tusk|Protosynthesis|[silent]
|switch|p1a: Ninetales|Ninetales, M|100/100
|-weather|SunnyDay|[from] ability: Drought|[of] p1a: Ninetales
|-terastallize|p2a: Meruem|Ghost
|move|p2a: Meruem|Kowtow Cleave|p1a: Ninetales
|-damage|p1a: Ninetales|0 fnt
|faint|p1a: Ninetales
|
|-weather|SunnyDay|[upkeep]
|upkeep
|inactive|AEFAA2 has 120 seconds left.
|
|t:|1760309973
|switch|p1a: Great Tusk|Great Tusk|100/100
|-activate|p1a: Great Tusk|ability: Protosynthesis
|-start|p1a: Great Tusk|protosynthesisatk
|turn|11
|
|t:|1760309983
|move|p1a: Great Tusk|Headlong Rush|p2a: Meruem
|-damage|p2a: Meruem|0 fnt
|-unboost|p1a: Great Tusk|def|1
|-unboost|p1a: Great Tusk|spd|1
|faint|p2a: Meruem
|-end|p2a: Meruem|fallen2|[silent]
|
|-weather|SunnyDay|[upkeep]
|upkeep
|
|t:|1760309987
|switch|p2a: Siren|Primarina, F|100/100
|turn|12
|
|t:|1760309993
|move|p1a: Great Tusk|Headlong Rush|p2a: Siren
|-damage|p2a: Siren|0 fnt
|-unboost|p1a: Great Tusk|def|1
|-unboost|p1a: Great Tusk|spd|1
|faint|p2a: Siren
|
|-weather|SunnyDay|[upkeep]
|upkeep
|
|t:|1760309998
|switch|p2a: Yoshi|Dragonite, M, shiny|100/100
|turn|13
|
|t:|1760310004
|-end|p1a: Great Tusk|Protosynthesis|[silent]
|switch|p1a: Scovillain|Scovillain, M|100/100
|move|p2a: Yoshi|Ice Spinner|p1a: Scovillain
|-damage|p1a: Scovillain|21/100
|
|-weather|SunnyDay|[upkeep]
|upkeep
|turn|14
|
|t:|1760310014
|switch|p1a: Goodra|Goodra-Hisui, F|96/100
|move|p2a: Yoshi|Ice Spinner|p1a: Goodra
|-damage|p1a: Goodra|51/100
|
|-weather|none
|upkeep
|turn|15
|
|t:|1760310021
|move|p2a: Yoshi|Ice Spinner|p1a: Goodra
|-damage|p1a: Goodra|4/100
|move|p1a: Goodra|Draco Meteor|p2a: Yoshi
|-supereffective|p2a: Yoshi
|-damage|p2a: Yoshi|45/100
|-unboost|p1a: Goodra|spa|2
|
|upkeep
|turn|16
|
|t:|1760310031
|switch|p1a: Torkoal|Torkoal, M|100/100
|-weather|SunnyDay|[from] ability: Drought|[of] p1a: Torkoal
|move|p2a: Yoshi|Ice Spinner|p1a: Torkoal
|-resisted|p1a: Torkoal
|-damage|p1a: Torkoal|87/100
|
|-weather|SunnyDay|[upkeep]
|upkeep
|turn|17
|
|t:|1760310040
|switch|p2a: Moebius|Deoxys-Speed|100/100
|-ability|p2a: Moebius|Pressure
|move|p1a: Torkoal|Stealth Rock|p2a: Moebius
|-sidestart|p2: oscar19trib|move: Stealth Rock
|
|-weather|SunnyDay|[upkeep]
|upkeep
|turn|18
|
|t:|1760310057
|switch|p1a: Goodra|Goodra-Hisui, F|4/100
|move|p2a: Moebius|Focus Blast|p1a: Goodra|[miss]
|-miss|p2a: Moebius|p1a: Goodra
|
|-weather|SunnyDay|[upkeep]
|upkeep
|turn|19
|
|t:|1760310065
|move|p2a: Moebius|Shadow Ball|p1a: Goodra
|-damage|p1a: Goodra|0 fnt
|faint|p1a: Goodra
|-damage|p2a: Moebius|91/100|[from] item: Life Orb
|
|-weather|SunnyDay|[upkeep]
|upkeep
|
|t:|1760310080
|switch|p1a: Great Tusk|Great Tusk|100/100
|-activate|p1a: Great Tusk|ability: Protosynthesis
|-start|p1a: Great Tusk|protosynthesisatk
|turn|20
|
|t:|1760310086
|-end|p1a: Great Tusk|Protosynthesis|[silent]
|switch|p1a: Scovillain|Scovillain, M|21/100
|move|p2a: Moebius|Psycho Boost|p1a: Scovillain
|-damage|p1a: Scovillain|0 fnt
|-unboost|p2a: Moebius|spa|2
|faint|p1a: Scovillain
|-damage|p2a: Moebius|81/100|[from] item: Life Orb
|
|-weather|SunnyDay|[upkeep]
|upkeep
|
|t:|1760310098
|switch|p1a: Torkoal|Torkoal, M|87/100
|turn|21
|
|t:|1760310104
|switch|p2a: Yoshi|Dragonite, M, shiny|45/100
|-damage|p2a: Yoshi|20/100|[from] Stealth Rock
|move|p1a: Torkoal|Overheat|p2a: Yoshi
|-resisted|p2a: Yoshi
|-crit|p2a: Yoshi
|-damage|p2a: Yoshi|0 fnt
|-unboost|p1a: Torkoal|spa|2
|faint|p2a: Yoshi
|
|-weather|SunnyDay|[upkeep]
|upkeep
|
|t:|1760310110
|switch|p2a: Moebius|Deoxys-Speed|81/100
|-damage|p2a: Moebius|69/100|[from] Stealth Rock
|-ability|p2a: Moebius|Pressure
|turn|22
|
|t:|1760310120
|switch|p1a: Great Tusk|Great Tusk|100/100
|-activate|p1a: Great Tusk|ability: Protosynthesis
|-start|p1a: Great Tusk|protosynthesisatk
|move|p2a: Moebius|Focus Blast|p1a: Great Tusk|[miss]
|-miss|p2a: Moebius|p1a: Great Tusk
|
|-weather|SunnyDay|[upkeep]
|upkeep
|turn|23
|
|t:|1760310139
|move|p2a: Moebius|Psycho Boost|p1a: Great Tusk
|-supereffective|p1a: Great Tusk
|-damage|p1a: Great Tusk|0 fnt
|-unboost|p2a: Moebius|spa|2
|faint|p1a: Great Tusk
|-end|p1a: Great Tusk|Protosynthesis|[silent]
|-damage|p2a: Moebius|59/100|[from] item: Life Orb
|
|-weather|none
|upkeep
|
|t:|1760310148
|switch|p1a: Torkoal|Torkoal, M|87/100
|-weather|SunnyDay|[from] ability: Drought|[of] p1a: Torkoal
|turn|24
|
|t:|1760310155
|move|p2a: Moebius|Psycho Boost|p1a: Torkoal
|-crit|p1a: Torkoal
|-damage|p1a: Torkoal|0 fnt
|-unboost|p2a: Moebius|spa|2
|faint|p1a: Torkoal
|-damage|p2a: Moebius|49/100|[from] item: Life Orb
|
|win|oscar19trib
|raw|AEFAA2's rating: 1149 &rarr; <strong>1124</strong><br />(-25 for losing)
|raw|oscar19trib's rating: 1146 &rarr; <strong>1171</strong><br />(+25 for winning)
|c|☆oscar19trib|gg
|l|☆oscar19trib
|player|p2|
|l|☆AEFAA2
|player|p1|
