|j|☆alex12381723898
|j|☆FeeDWeeB
|t:|1760386350
|gametype|singles
|player|p1|alex12381723898|169|1491
|player|p2|FeeDWeeB|169|1416
|gen|9
|tier|[Gen 9] OU
|rated|
|rule|HP Percentage Mod: HP is shown in percentages
|rule|Endless Battle Clause: Forcing endless battles is banned
|rule|Species Clause: Limit one of each Pokémon
|rule|OHKO Clause: OHKO moves are banned
|rule|Evasion Items Clause: Evasion items are banned
|rule|Evasion Moves Clause: Evasion moves are banned
|rule|Evasion Abilities Clause: Evasion abilities are banned
|rule|Sleep Moves Clause: Sleep-inducing moves are banned
|clearpoke
|poke|p1|Raging Bolt|
|poke|p1|Araquanid, M|
|poke|p1|Garganacl, F|
|poke|p1|Okidogi, M|
|poke|p1|Iron Valiant|
|poke|p1|Hatterene, F|
|poke|p2|Dragapult, M|
|poke|p2|Landorus-Therian, M|
|poke|p2|Heatran, F|
|poke|p2|Raikou|
|poke|p2|Greninja-*, M|
|poke|p2|Zamazenta-*|
|teampreview
|inactive|Battle timer is ON: inactive players will automatically lose when time's up. (requested by FeeDWeeB)
|
|t:|1760386357
|teamsize|p1|6
|teamsize|p2|6
|start
|switch|p1a: Garganacl|Garganacl, F|100/100
|switch|p2a: Raikou|Raikou|100/100
|turn|1
|
|t:|1760386367
|move|p2a: Raikou|Aura Sphere|p1a: Garganacl
|-supereffective|p1a: Garganacl
|-damage|p1a: Garganacl|56/100
|move|p1a: Garganacl|Stealth Rock|p2a: Raikou
|-sidestart|p2: FeeDWeeB|move: Stealth Rock
|
|-heal|p1a: Garganacl|63/100|[from] item: Leftovers
|upkeep
|turn|2
|
|t:|1760386374
|switch|p2a: Landorus|Landorus-Therian, M|100/100
|-damage|p2a: Landorus|88/100|[from] Stealth Rock
|-ability|p2a: Landorus|Intimidate|boost
|-unboost|p1a: Garganacl|atk|1
|move|p1a: Garganacl|Recover|p1a: Garganacl
|-heal|p1a: Garganacl|100/100
|
|upkeep
|turn|3
|
|t:|1760386379
|switch|p1a: Hatterene|Hatterene, F|100/100
|move|p2a: Landorus|Earthquake|p1a: Hatterene
|-crit|p1a: Hatterene
|-damage|p1a: Hatterene|2/100
|-enditem|p1a: Hatterene|Red Card|[of] p2a: Landorus
|drag|p2a: Dragapult|Dragapult, M|100/100
|-damage|p2a: Dragapult|88/100|[from] Stealth Rock
|
|upkeep
|turn|4
|
|t:|1760386385
|move|p2a: Dragapult|Shadow Ball|p1a: Hatterene
|-supereffective|p1a: Hatterene
|-damage|p1a: Hatterene|0 fnt
|faint|p1a: Hatterene
|
|upkeep
|
|t:|1760386403
|switch|p1a: Garganacl|Garganacl, F|100/100
|turn|5
|
|t:|1760386408
|move|p2a: Dragapult|Shadow Ball|p1a: Garganacl
|-damage|p1a: Garganacl|75/100
|move|p1a: Garganacl|Salt Cure|p2a: Dragapult
|-damage|p2a: Dragapult|69/100
|-start|p2a: Dragapult|Salt Cure
|
|-heal|p1a: Garganacl|81/100|[from] item: Leftovers
|-damage|p2a: Dragapult|57/100|[from] Salt Cure
|upkeep
|turn|6
|
|t:|1760386415
|switch|p2a: Landorus|Landorus-Therian, M|88/100
|-damage|p2a: Landorus|76/100|[from] Stealth Rock
|-ability|p2a: Landorus|Intimidate|boost
|-unboost|p1a: Garganacl|atk|1
|move|p1a: Garganacl|Salt Cure|p2a: Landorus
|-damage|p2a: Landorus|65/100
|-start|p2a: Landorus|Salt Cure
|
|-heal|p1a: Garganacl|88/100|[from] item: Leftovers
|-damage|p2a: Landorus|53/100|[from] Salt Cure
|upkeep
|turn|7
|
|t:|1760386423
|switch|p1a: Araquanid|Araquanid, M|100/100
|move|p2a: Landorus|U-turn|p1a: Araquanid
|-damage|p1a: Araquanid|68/100
|
|t:|1760386432
|switch|p2a: Raikou|Raikou|100/100|[from] U-turn
|-damage|p2a: Raikou|88/100|[from] Stealth Rock
|
|-heal|p2a: Raikou|94/100|[from] item: Leftovers
|upkeep
|turn|8
|
|t:|1760386439
|switch|p1a: Raging Bolt|Raging Bolt|100/100
|move|p2a: Raikou|Calm Mind|p2a: Raikou
|-boost|p2a: Raikou|spa|1
|-boost|p2a: Raikou|spd|1
|
|-heal|p2a: Raikou|100/100|[from] item: Leftovers
|upkeep
|turn|9
|
|t:|1760386460
|move|p2a: Raikou|Calm Mind|p2a: Raikou
|-boost|p2a: Raikou|spa|1
|-boost|p2a: Raikou|spd|1
|move|p1a: Raging Bolt|Dragon Pulse|p2a: Raikou
|-damage|p2a: Raikou|58/100
|
|-heal|p2a: Raikou|64/100|[from] item: Leftovers
|upkeep
|turn|10
|
|t:|1760386469
|move|p2a: Raikou|Extrasensory|p1a: Raging Bolt
|-damage|p1a: Raging Bolt|59/100
|move|p1a: Raging Bolt|Dragon Pulse|p2a: Raikou
|-damage|p2a: Raikou|26/100
|
|-heal|p2a: Raikou|32/100|[from] item: Leftovers
|upkeep
|turn|11
|
|t:|1760386473
|move|p2a: Raikou|Extrasensory|p1a: Raging Bolt
|-damage|p1a: Raging Bolt|15/100
|move|p1a: Raging Bolt|Dragon Pulse|p2a: Raikou
|-damage|p2a: Raikou|0 fnt
|faint|p2a: Raikou
|
|upkeep
|
|t:|1760386478
|switch|p2a: Greninja|Greninja, M|100/100
|-damage|p2a: Greninja|88/100|[from] Stealth Rock
|turn|12
|
|t:|1760386482
|-end|p1a: Raging Bolt|Protosynthesis|[silent]
|switch|p1a: Araquanid|Araquanid, M|68/100
|move|p2a: Greninja|Dark Pulse|p1a: Araquanid
|-damage|p1a: Araquanid|33/100
|-damage|p2a: Greninja|78/100|[from] item: Life Orb
|
|upkeep
|turn|13
|
|t:|1760386500
|switch|p1a: Okidogi|Okidogi, M|100/100
|move|p2a: Greninja|Dark Pulse|p1a: Okidogi
|-resisted|p1a: Okidogi
|-damage|p1a: Okidogi|77/100
|-damage|p2a: Greninja|69/100|[from] item: Life Orb
|
|upkeep
|turn|14
|
|t:|1760386508
|switch|p2a: Zamazenta|Zamazenta|100/100
|-damage|p2a: Zamazenta|94/100|[from] Stealth Rock
|-ability|p2a: Zamazenta|Dauntless Shield|boost
|-boost|p2a: Zamazenta|def|1
|move|p1a: Okidogi|Drain Punch|p2a: Zamazenta
|-damage|p2a: Zamazenta|75/100
|-heal|p1a: Okidogi|87/100|[from] drain|[of] p2a: Zamazenta
|-status|p2a: Zamazenta|tox|[from] ability: Toxic Chain|[of] p1a: Okidogi
|
|-damage|p2a: Zamazenta|69/100 tox|[from] psn
|upkeep
|turn|15
|
|t:|1760386516
|move|p2a: Zamazenta|Iron Defense|p2a: Zamazenta
|-boost|p2a: Zamazenta|def|2
|move|p1a: Okidogi|Bulk Up|p1a: Okidogi
|-boost|p1a: Okidogi|atk|1
|-boost|p1a: Okidogi|def|1
|
|-damage|p2a: Zamazenta|56/100 tox|[from] psn
|upkeep
|turn|16
|
|t:|1760386523
|move|p2a: Zamazenta|Body Press|p1a: Okidogi
|-resisted|p1a: Okidogi
|-damage|p1a: Okidogi|65/100
|-damage|p2a: Zamazenta|40/100 tox|[from] item: Rocky Helmet|[of] p1a: Okidogi
|move|p1a: Okidogi|Knock Off|p2a: Zamazenta
|-resisted|p2a: Zamazenta
|-damage|p2a: Zamazenta|32/100 tox
|-enditem|p2a: Zamazenta|Chesto Berry|[from] move: Knock Off|[of] p1a: Okidogi
|
|-damage|p2a: Zamazenta|14/100 tox|[from] psn
|upkeep
|turn|17
|
|t:|1760386530
|move|p2a: Zamazenta|Rest|p2a: Zamazenta
|-status|p2a: Zamazenta|slp|[from] move: Rest
|-heal|p2a: Zamazenta|100/100 slp|[silent]
|move|p1a: Okidogi|Bulk Up|p1a: Okidogi
|-boost|p1a: Okidogi|atk|1
|-boost|p1a: Okidogi|def|1
|
|upkeep
|turn|18
|
|t:|1760386535
|cant|p2a: Zamazenta|slp
|move|p1a: Okidogi|Drain Punch|p2a: Zamazenta
|-damage|p2a: Zamazenta|75/100 slp
|-heal|p1a: Okidogi|78/100|[from] drain|[of] p2a: Zamazenta
|
|upkeep
|turn|19
|
|t:|1760386540
|cant|p2a: Zamazenta|slp
|move|p1a: Okidogi|Bulk Up|p1a: Okidogi
|-boost|p1a: Okidogi|atk|1
|-boost|p1a: Okidogi|def|1
|
|upkeep
|turn|20
|
|t:|1760386546
|switch|p2a: Dragapult|Dragapult, M|57/100
|-damage|p2a: Dragapult|44/100|[from] Stealth Rock
|move|p1a: Okidogi|Drain Punch|p2a: Dragapult
|-immune|p2a: Dragapult
|
|upkeep
|turn|21
|
|t:|1760386553
|switch|p1a: Garganacl|Garganacl, F|88/100
|-terastallize|p2a: Dragapult|Dragon
|move|p2a: Dragapult|Draco Meteor|p1a: Garganacl
|-damage|p1a: Garganacl|0 fnt
|-unboost|p2a: Dragapult|spa|2
|faint|p1a: Garganacl
|
|upkeep
|
|t:|1760386563
|switch|p1a: Iron Valiant|Iron Valiant|100/100
|-enditem|p1a: Iron Valiant|Booster Energy
|-activate|p1a: Iron Valiant|ability: Quark Drive|[fromitem]
|-start|p1a: Iron Valiant|quarkdriveatk
|turn|22
|
|t:|1760386571
|switch|p2a: Zamazenta|Zamazenta|75/100 slp
|-damage|p2a: Zamazenta|69/100 slp|[from] Stealth Rock
|move|p1a: Iron Valiant|Swords Dance|p1a: Iron Valiant
|-boost|p1a: Iron Valiant|atk|2
|
|upkeep
|turn|23
|
|t:|1760386583
|-curestatus|p2a: Zamazenta|slp|[msg]
|move|p2a: Zamazenta|Body Press|p1a: Iron Valiant
|-resisted|p1a: Iron Valiant
|-damage|p1a: Iron Valiant|79/100
|move|p1a: Iron Valiant|Close Combat|p2a: Zamazenta
|-damage|p2a: Zamazenta|0 fnt
|-unboost|p1a: Iron Valiant|def|1
|-unboost|p1a: Iron Valiant|spd|1
|faint|p2a: Zamazenta
|
|upkeep
|
|t:|1760386592
|switch|p2a: Landorus|Landorus-Therian, M|53/100
|-damage|p2a: Landorus|40/100|[from] Stealth Rock
|-ability|p2a: Landorus|Intimidate|boost
|-unboost|p1a: Iron Valiant|atk|1
|turn|24
|
|t:|1760386594
|move|p2a: Landorus|Earthquake|p1a: Iron Valiant
|-crit|p1a: Iron Valiant
|-damage|p1a: Iron Valiant|0 fnt
|faint|p1a: Iron Valiant
|-end|p1a: Iron Valiant|Quark Drive|[silent]
|
|upkeep
|
|t:|1760386609
|switch|p1a: Araquanid|Araquanid, M|33/100
|turn|25
|
|t:|1760386616
|move|p2a: Landorus|Earthquake|p1a: Araquanid
|-resisted|p1a: Araquanid
|-damage|p1a: Araquanid|0 fnt
|faint|p1a: Araquanid
|
|upkeep
|inactive|alex12381723898 has 120 seconds left.
|inactive|alex12381723898 has 90 seconds left.
|
|t:|1760386684
|switch|p1a: Okidogi|Okidogi, M|78/100
|turn|26
|
|t:|1760386688
|-terastallize|p1a: Okidogi|Flying
|move|p2a: Landorus|Earthquake|p1a: Okidogi
|-immune|p1a: Okidogi
|move|p1a: Okidogi|Knock Off|p2a: Landorus
|-damage|p2a: Landorus|0 fnt
|-enditem|p2a: Landorus|Choice Scarf|[from] move: Knock Off|[of] p1a: Okidogi
|faint|p2a: Landorus
|
|upkeep
|
|t:|1760386703
|switch|p2a: Dragapult|Dragapult, M, tera:Dragon|44/100
|-damage|p2a: Dragapult|32/100|[from] Stealth Rock
|turn|27
|
|t:|1760386714
|move|p2a: Dragapult|Dragon Pulse|p1a: Okidogi
|-damage|p1a: Okidogi|4/100
|move|p1a: Okidogi|Knock Off|p2a: Dragapult
|-damage|p2a: Dragapult|0 fnt
|-enditem|p2a: Dragapult|Choice Specs|[from] move: Knock Off|[of] p1a: Okidogi
|faint|p2a: Dragapult
|
|upkeep
|
|t:|1760386722
|switch|p2a: Greninja|Greninja, M|69/100
|-damage|p2a: Greninja|56/100|[from] Stealth Rock
|turn|28
|
|t:|1760386726
|move|p2a: Greninja|Ice Beam|p1a: Okidogi
|-supereffective|p1a: Okidogi
|-damage|p1a: Okidogi|0 fnt
|faint|p1a: Okidogi
|-ability|p2a: Greninja|Battle Bond|boost
|-boost|p2a: Greninja|atk|1
|-boost|p2a: Greninja|spa|1
|-boost|p2a: Greninja|spe|1
|-activate|p2a: Greninja|ability: Battle Bond
|-damage|p2a: Greninja|46/100|[from] item: Life Orb
|
|upkeep
|
|t:|1760386727
|switch|p1a: Raging Bolt|Raging Bolt|15/100
|turn|29
|
|t:|1760386730
|move|p1a: Raging Bolt|Thunderclap|p2a: Greninja
|-supereffective|p2a: Greninja
|-damage|p2a: Greninja|0 fnt
|faint|p2a: Greninja
|
|upkeep
|
|t:|1760386732
|switch|p2a: Heatran|Heatran, F|100/100
|-damage|p2a: Heatran|88/100|[from] Stealth Rock
|turn|30
|
|t:|1760386734
|move|p1a: Raging Bolt|Thunderclap|p2a: Heatran
|-damage|p2a: Heatran|50/100
|move|p2a: Heatran|Earth Power|p1a: Raging Bolt
|-supereffective|p1a: Raging Bolt
|-damage|p1a: Raging Bolt|0 fnt
|faint|p1a: Raging Bolt
|-end|p1a: Raging Bolt|Protosynthesis|[silent]
|
|win|FeeDWeeB
|raw|alex12381723898's rating: 1491 &rarr; <strong>1467</strong><br />(-24 for losing)
|raw|FeeDWeeB's rating: 1416 &rarr; <strong>1440</strong><br />(+24 for winning)
|l|☆FeeDWeeB
|player|p2|
|l|☆alex12381723898
|player|p1|
