|j|☆qwolff
|j|‽flinchirator
|t:|1760324368
|gametype|singles
|player|p1|qwolff|169|1427
|player|p2|flinchirator|miku-ice|1376
|gen|9
|tier|[Gen 9] OU
|rated|
|rule|HP Percentage Mod: HP is shown in percentages
|rule|Endless Battle Clause: Forcing endless battles is banned
|rule|Species Clause: Limit one of each Pokémon
|rule|OHKO Clause: OHKO moves are banned
|rule|Evasion Items Clause: Evasion items are banned
|rule|Evasion Moves Clause: Evasion moves are banned
|rule|Evasion Abilities Clause: Evasion abilities are banned
|rule|Sleep Moves Clause: Sleep-inducing moves are banned
|clearpoke
|poke|p1|Iron Hands|
|poke|p1|Zamazenta-*|
|poke|p1|Slowking-Galar, F|
|poke|p1|Iron Valiant|
|poke|p1|Hoopa-Unbound|
|poke|p1|Great Tusk|
|poke|p2|Ninetales-Alola, M|
|poke|p2|Kyurem|
|poke|p2|Samurott-Hisui, M|
|poke|p2|Kingambit, F|
|poke|p2|Gholdengo|
|poke|p2|Zamazenta-*|
|teampreview
|inactive|Battle timer is ON: inactive players will automatically lose when time's up. (requested by flinchirator)
|
|t:|1760324382
|teamsize|p1|6
|teamsize|p2|6
|start
|switch|p1a: Slowking|Slowking-Galar, F|100/100
|switch|p2a: Samurott|Samurott-Hisui, M|100/100
|turn|1
|
|t:|1760324390
|switch|p1a: Iron Hands|Iron Hands|100/100
|move|p2a: Samurott|Ceaseless Edge|p1a: Iron Hands
|-resisted|p1a: Iron Hands
|-damage|p1a: Iron Hands|88/100
|-sidestart|p1: qwolff|Spikes
|
|upkeep
|turn|2
|
|t:|1760324401
|switch|p2a: Gholdengo|Gholdengo|100/100
|move|p1a: Iron Hands|Drain Punch|p2a: Gholdengo
|-immune|p2a: Gholdengo
|
|upkeep
|turn|3
|
|t:|1760324409
|-end|p1a: Iron Hands|Quark Drive|[silent]
|switch|p1a: Hoopa|Hoopa-Unbound|100/100
|-damage|p1a: Hoopa|88/100|[from] Spikes
|move|p2a: Gholdengo|Shadow Ball|p1a: Hoopa
|-damage|p1a: Hoopa|69/100
|-unboost|p1a: Hoopa|spd|1
|
|upkeep
|turn|4
|
|t:|1760324433
|switch|p2a: Samurott|Samurott-Hisui, M|100/100
|move|p1a: Hoopa|Future Sight|p2a: Samurott
|-start|p1a: Hoopa|move: Future Sight
|
|upkeep
|turn|5
|
|t:|1760324441
|switch|p1a: Iron Hands|Iron Hands|88/100
|-damage|p1a: Iron Hands|76/100|[from] Spikes
|move|p2a: Samurott|Ceaseless Edge|p1a: Iron Hands
|-resisted|p1a: Iron Hands
|-damage|p1a: Iron Hands|64/100
|-sidestart|p1: qwolff|Spikes
|
|upkeep
|turn|6
|
|t:|1760324457
|switch|p2a: Gholdengo|Gholdengo|100/100
|move|p1a: Iron Hands|Drain Punch|p2a: Gholdengo
|-immune|p2a: Gholdengo
|
|-end|p2a: Gholdengo|move: Future Sight
|-resisted|p2a: Gholdengo
|-damage|p2a: Gholdengo|54/100
|upkeep
|turn|7
|
|t:|1760324471
|move|p2a: Gholdengo|Shadow Ball|p1a: Iron Hands
|-damage|p1a: Iron Hands|36/100
|-unboost|p1a: Iron Hands|spd|1
|move|p1a: Iron Hands|Fire Punch|p2a: Gholdengo
|-supereffective|p2a: Gholdengo
|-damage|p2a: Gholdengo|0 fnt
|faint|p2a: Gholdengo
|
|upkeep
|
|t:|1760324477
|switch|p2a: Kyurem|Kyurem|100/100
|-ability|p2a: Kyurem|Pressure
|turn|8
|
|t:|1760324481
|-end|p1a: Iron Hands|Quark Drive|[silent]
|switch|p1a: Hoopa|Hoopa-Unbound|69/100
|-damage|p1a: Hoopa|52/100|[from] Spikes
|move|p2a: Kyurem|Icicle Spear|p1a: Hoopa
|-damage|p1a: Hoopa|29/100
|-damage|p1a: Hoopa|2/100
|-damage|p1a: Hoopa|0 fnt
|faint|p1a: Hoopa
|-hitcount|p1: Hoopa|3
|
|upkeep
|
|t:|1760324484
|switch|p1a: Zamazenta|Zamazenta|100/100
|-damage|p1a: Zamazenta|84/100|[from] Spikes
|-ability|p1a: Zamazenta|Dauntless Shield|boost
|-boost|p1a: Zamazenta|def|1
|turn|9
|
|t:|1760324492
|switch|p2a: Zamazenta|Zamazenta|100/100
|-ability|p2a: Zamazenta|Dauntless Shield|boost
|-boost|p2a: Zamazenta|def|1
|move|p1a: Zamazenta|Body Press|p2a: Zamazenta
|-damage|p2a: Zamazenta|72/100
|
|-heal|p2a: Zamazenta|78/100|[from] item: Leftovers
|-heal|p1a: Zamazenta|90/100|[from] item: Leftovers
|upkeep
|turn|10
|
|t:|1760324499
|move|p1a: Zamazenta|Iron Defense|p1a: Zamazenta
|-boost|p1a: Zamazenta|def|2
|move|p2a: Zamazenta|Roar|p1a: Zamazenta
|drag|p1a: Slowking|Slowking-Galar, F|100/100
|-damage|p1a: Slowking|84/100|[from] Spikes
|
|-heal|p2a: Zamazenta|84/100|[from] item: Leftovers
|upkeep
|turn|11
|
|t:|1760324504
|switch|p2a: Samurott|Samurott-Hisui, M|100/100
|move|p1a: Slowking|Future Sight|p2a: Samurott
|-start|p1a: Slowking|move: Future Sight
|
|upkeep
|turn|12
|
|t:|1760324508
|switch|p1a: Iron Hands|Iron Hands|36/100
|-damage|p1a: Iron Hands|19/100|[from] Spikes
|move|p2a: Samurott|Ceaseless Edge|p1a: Iron Hands|[miss]
|-miss|p2a: Samurott|p1a: Iron Hands
|
|upkeep
|turn|13
|
|t:|1760324515
|move|p2a: Samurott|Razor Shell|p1a: Iron Hands
|-damage|p1a: Iron Hands|0 fnt
|faint|p1a: Iron Hands
|-end|p1a: Iron Hands|Quark Drive|[silent]
|
|-end|p2a: Samurott|move: Future Sight
|-immune|p2a: Samurott
|upkeep
|
|t:|1760324519
|switch|p1a: Great Tusk|Great Tusk|100/100
|-damage|p1a: Great Tusk|84/100|[from] Spikes
|turn|14
|
|t:|1760324523
|move|p2a: Samurott|Razor Shell|p1a: Great Tusk
|-supereffective|p1a: Great Tusk
|-damage|p1a: Great Tusk|24/100
|-unboost|p1a: Great Tusk|def|1
|-damage|p2a: Samurott|84/100|[from] item: Rocky Helmet|[of] p1a: Great Tusk
|move|p1a: Great Tusk|Rapid Spin|p2a: Samurott
|-damage|p2a: Samurott|63/100
|-boost|p1a: Great Tusk|spe|1
|-sideend|p1: qwolff|Spikes|[from] move: Rapid Spin|[of] p1a: Great Tusk
|
|upkeep
|turn|15
|
|t:|1760324531
|move|p1a: Great Tusk|Headlong Rush|p2a: Samurott
|-damage|p2a: Samurott|0 fnt
|-unboost|p1a: Great Tusk|def|1
|-unboost|p1a: Great Tusk|spd|1
|faint|p2a: Samurott
|
|upkeep
|
|t:|1760324535
|switch|p2a: Ninetales|Ninetales-Alola, M|100/100
|-weather|Snowscape|[from] ability: Snow Warning|[of] p2a: Ninetales
|turn|16
|
|t:|1760324539
|-end|p1a: Great Tusk|Protosynthesis|[silent]
|switch|p1a: Slowking|Slowking-Galar, F|100/100
|move|p2a: Ninetales|Aurora Veil|p2a: Ninetales
|-sidestart|p2: flinchirator|move: Aurora Veil
|
|-weather|Snowscape|[upkeep]
|upkeep
|turn|17
|
|t:|1760324548
|switch|p2a: Kingambit|Kingambit, F|100/100
|-activate|p2a: Kingambit|ability: Supreme Overlord
|-start|p2a: Kingambit|fallen2|[silent]
|move|p1a: Slowking|Future Sight|p2a: Kingambit
|-start|p1a: Slowking|move: Future Sight
|
|-weather|Snowscape|[upkeep]
|upkeep
|turn|18
|
|t:|1760324554
|switch|p1a: Zamazenta|Zamazenta|90/100
|move|p2a: Kingambit|Swords Dance|p2a: Kingambit
|-boost|p2a: Kingambit|atk|2
|
|-weather|Snowscape|[upkeep]
|-heal|p1a: Zamazenta|96/100|[from] item: Leftovers
|upkeep
|turn|19
|
|t:|1760324565
|-terastallize|p2a: Kingambit|Fairy
|move|p1a: Zamazenta|Iron Defense|p1a: Zamazenta
|-boost|p1a: Zamazenta|def|2
|move|p2a: Kingambit|Tera Blast|p1a: Zamazenta|[anim] Tera Blast Fairy
|-supereffective|p1a: Zamazenta
|-damage|p1a: Zamazenta|20/100
|
|-weather|Snowscape|[upkeep]
|-end|p2a: Kingambit|move: Future Sight
|-damage|p2a: Kingambit|68/100
|-heal|p1a: Zamazenta|26/100|[from] item: Leftovers
|-heal|p2a: Kingambit|74/100|[from] item: Leftovers
|upkeep
|turn|20
|
|t:|1760324573
|move|p1a: Zamazenta|Body Press|p2a: Kingambit
|-resisted|p2a: Kingambit
|-damage|p2a: Kingambit|55/100
|move|p2a: Kingambit|Tera Blast|p1a: Zamazenta|[anim] Tera Blast Fairy
|-supereffective|p1a: Zamazenta
|-damage|p1a: Zamazenta|0 fnt
|faint|p1a: Zamazenta
|
|-weather|none
|-heal|p2a: Kingambit|61/100|[from] item: Leftovers
|upkeep
|
|t:|1760324577
|switch|p1a: Slowking|Slowking-Galar, F|100/100
|turn|21
|
|t:|1760324582
|-terastallize|p1a: Slowking|Bug
|move|p2a: Kingambit|Sucker Punch|p1a: Slowking
|-damage|p1a: Slowking|0 fnt
|faint|p1a: Slowking
|
|-heal|p2a: Kingambit|67/100|[from] item: Leftovers
|upkeep
|
|t:|1760324588
|switch|p1a: Great Tusk|Great Tusk|24/100
|turn|22
|
|t:|1760324591
|move|p1a: Great Tusk|Headlong Rush|p2a: Kingambit
|-damage|p2a: Kingambit|37/100
|-unboost|p1a: Great Tusk|def|1
|-unboost|p1a: Great Tusk|spd|1
|move|p2a: Kingambit|Tera Blast|p1a: Great Tusk|[anim] Tera Blast Fairy
|-supereffective|p1a: Great Tusk
|-damage|p1a: Great Tusk|0 fnt
|faint|p1a: Great Tusk
|-end|p1a: Great Tusk|Protosynthesis|[silent]
|
|-heal|p2a: Kingambit|43/100|[from] item: Leftovers
|upkeep
|
|t:|1760324594
|switch|p1a: Iron Valiant|Iron Valiant|100/100
|-enditem|p1a: Iron Valiant|Booster Energy
|-activate|p1a: Iron Valiant|ability: Quark Drive|[fromitem]
|-start|p1a: Iron Valiant|quarkdrivespe
|turn|23
|
|t:|1760324596
|move|p1a: Iron Valiant|Swords Dance|p1a: Iron Valiant
|-boost|p1a: Iron Valiant|atk|2
|move|p2a: Kingambit|Tera Blast|p1a: Iron Valiant|[anim] Tera Blast Fairy
|-supereffective|p1a: Iron Valiant
|-damage|p1a: Iron Valiant|0 fnt
|faint|p1a: Iron Valiant
|-end|p1a: Iron Valiant|Quark Drive|[silent]
|
|win|flinchirator
|raw|qwolff's rating: 1427 &rarr; <strong>1404</strong><br />(-23 for losing)
|raw|flinchirator's rating: 1376 &rarr; <strong>1399</strong><br />(+23 for winning)
|l|☆qwolff
|player|p1|
