|j|‽universe mon
|j|☆jamel1
|t:|1760377027
|gametype|singles
|player|p1|universe mon|li|1772
|player|p2|jamel1|102|1680
|gen|9
|tier|[Gen 9] OU
|rated|
|rule|HP Percentage Mod: HP is shown in percentages
|rule|Endless Battle Clause: Forcing endless battles is banned
|rule|Species Clause: Limit one of each Pokémon
|rule|OHKO Clause: OHKO moves are banned
|rule|Evasion Items Clause: Evasion items are banned
|rule|Evasion Moves Clause: Evasion moves are banned
|rule|Evasion Abilities Clause: Evasion abilities are banned
|rule|Sleep Moves Clause: Sleep-inducing moves are banned
|clearpoke
|poke|p1|Ninetales-Alola, F|
|poke|p1|Klefki, F|
|poke|p1|Latias, F|
|poke|p1|Maushold-Four|
|poke|p1|Ogerpon-Wellspring, F|
|poke|p1|Necrozma|
|poke|p2|Gyarados, M|
|poke|p2|Maushold|
|poke|p2|Deoxys-Defense|
|poke|p2|Sandaconda, F|
|poke|p2|Serperior, F|
|poke|p2|Kommo-o, F|
|teampreview
|inactive|Battle timer is ON: inactive players will automatically lose when time's up. (requested by universe mon)
|
|t:|1760377032
|teamsize|p1|6
|teamsize|p2|6
|start
|switch|p1a: Klefki|Klefki, F|100/100
|switch|p2a: Sandaconda|Sandaconda, F|100/100
|turn|1
|
|t:|1760377034
|switch|p1a: Ninetales|Ninetales-Alola, F|100/100
|-weather|Snowscape|[from] ability: Snow Warning|[of] p1a: Ninetales
|move|p2a: Sandaconda|Glare|p1a: Ninetales
|-status|p1a: Ninetales|par
|
|-weather|Snowscape|[upkeep]
|upkeep
|turn|2
|
|t:|1760377036
|move|p2a: Sandaconda|Stealth Rock|p1a: Ninetales
|-sidestart|p1: universe mon|move: Stealth Rock
|cant|p1a: Ninetales|par
|
|-weather|Snowscape|[upkeep]
|upkeep
|turn|3
|
|t:|1760377039
|move|p2a: Sandaconda|Iron Head|p1a: Ninetales
|-supereffective|p1a: Ninetales
|-damage|p1a: Ninetales|22/100 par
|cant|p1a: Ninetales|flinch
|
|-weather|Snowscape|[upkeep]
|upkeep
|turn|4
|
|t:|1760377046
|switch|p1a: Klefki|Klefki, F|100/100
|-damage|p1a: Klefki|94/100|[from] Stealth Rock
|move|p2a: Sandaconda|Iron Head|p1a: Klefki
|-damage|p1a: Klefki|69/100
|
|-weather|Snowscape|[upkeep]
|upkeep
|turn|5
|
|t:|1760377048
|move|p1a: Klefki|Reflect|p1a: Klefki
|-sidestart|p1: universe mon|Reflect
|move|p2a: Sandaconda|Glare|p1a: Klefki
|-status|p1a: Klefki|par
|
|-weather|none
|upkeep
|turn|6
|
|t:|1760377050
|move|p1a: Klefki|Light Screen|p1a: Klefki
|-sidestart|p1: universe mon|move: Light Screen
|move|p2a: Sandaconda|Earthquake|p1a: Klefki
|-supereffective|p1a: Klefki
|-damage|p1a: Klefki|25/100 par
|
|upkeep
|turn|7
|
|t:|1760377057
|cant|p1a: Klefki|par
|move|p2a: Sandaconda|Earthquake|p1a: Klefki
|-supereffective|p1a: Klefki
|-damage|p1a: Klefki|0 fnt
|faint|p1a: Klefki
|
|upkeep
|
|t:|1760377058
|switch|p1a: Ogerpon|Ogerpon-Wellspring, F|100/100
|-damage|p1a: Ogerpon|88/100|[from] Stealth Rock
|turn|8
|
|t:|1760377061
|move|p1a: Ogerpon|Ivy Cudgel|p2a: Sandaconda|[anim] Ivy Cudgel Water
|-supereffective|p2a: Sandaconda
|-crit|p2a: Sandaconda
|-enditem|p2a: Sandaconda|Focus Sash
|-damage|p2a: Sandaconda|1/100
|move|p2a: Sandaconda|Glare|p1a: Ogerpon
|-status|p1a: Ogerpon|par
|
|upkeep
|turn|9
|
|t:|1760377064
|move|p2a: Sandaconda|Iron Head|p1a: Ogerpon
|-resisted|p1a: Ogerpon
|-damage|p1a: Ogerpon|81/100 par
|cant|p1a: Ogerpon|par
|
|upkeep
|turn|10
|
|t:|1760377066
|move|p2a: Sandaconda|Iron Head|p1a: Ogerpon
|-resisted|p1a: Ogerpon
|-damage|p1a: Ogerpon|75/100 par
|move|p1a: Ogerpon|Trailblaze|p2a: Sandaconda
|-supereffective|p2a: Sandaconda
|-damage|p2a: Sandaconda|0 fnt
|-boost|p1a: Ogerpon|spe|1
|faint|p2a: Sandaconda
|
|upkeep
|
|t:|1760377068
|switch|p2a: Serperior|Serperior, F|100/100
|turn|11
|
|t:|1760377073
|move|p2a: Serperior|Reflect|p2a: Serperior
|-sidestart|p2: jamel1|Reflect
|cant|p1a: Ogerpon|par
|
|upkeep
|turn|12
|
|t:|1760377078
|move|p2a: Serperior|Light Screen|p2a: Serperior
|-sidestart|p2: jamel1|move: Light Screen
|move|p1a: Ogerpon|Encore|p2a: Serperior
|-start|p2a: Serperior|Encore
|
|-sideend|p1: universe mon|Reflect
|upkeep
|turn|13
|
|t:|1760377082
|switch|p2a: Kommo-o|Kommo-o, F|100/100
|switch|p1a: Maushold|Maushold-Four|100/100
|-damage|p1a: Maushold|88/100|[from] Stealth Rock
|
|-sideend|p1: universe mon|move: Light Screen
|upkeep
|turn|14
|
|t:|1760377086
|-terastallize|p1a: Maushold|Ghost
|move|p1a: Maushold|Tidy Up|p1a: Maushold
|-sideend|p1: universe mon|Stealth Rock
|-activate|p1a: Maushold|move: Tidy Up
|-boost|p1a: Maushold|atk|1
|-boost|p1a: Maushold|spe|1
|move|p2a: Kommo-o|Drain Punch|p1a: Maushold
|-immune|p1a: Maushold
|
|upkeep
|turn|15
|
|t:|1760377093
|-terastallize|p2a: Kommo-o|Steel
|move|p1a: Maushold|Encore|p2a: Kommo-o
|-start|p2a: Kommo-o|Encore
|move|p2a: Kommo-o|Drain Punch|p1a: Maushold
|-immune|p1a: Maushold
|
|upkeep
|turn|16
|
|t:|1760377102
|switch|p2a: Serperior|Serperior, F|100/100
|move|p1a: Maushold|Tidy Up|p1a: Maushold
|-boost|p1a: Maushold|atk|1
|-boost|p1a: Maushold|spe|1
|
|upkeep
|turn|17
|
|t:|1760377107
|move|p1a: Maushold|Population Bomb|p2a: Serperior
|-damage|p2a: Serperior|85/100
|-damage|p2a: Serperior|71/100
|-damage|p2a: Serperior|56/100
|-damage|p2a: Serperior|42/100
|-damage|p2a: Serperior|28/100
|-damage|p2a: Serperior|13/100
|-damage|p2a: Serperior|0 fnt
|faint|p2a: Serperior
|-hitcount|p2: Serperior|7
|
|upkeep
|
|t:|1760377110
|switch|p2a: Kommo-o|Kommo-o, F, tera:Steel|100/100
|turn|18
|
|t:|1760377113
|move|p1a: Maushold|Population Bomb|p2a: Kommo-o
|-resisted|p2a: Kommo-o
|-damage|p2a: Kommo-o|95/100
|-resisted|p2a: Kommo-o
|-damage|p2a: Kommo-o|90/100
|-resisted|p2a: Kommo-o
|-damage|p2a: Kommo-o|84/100
|-resisted|p2a: Kommo-o
|-damage|p2a: Kommo-o|79/100
|-resisted|p2a: Kommo-o
|-damage|p2a: Kommo-o|73/100
|-resisted|p2a: Kommo-o
|-damage|p2a: Kommo-o|68/100
|-resisted|p2a: Kommo-o
|-damage|p2a: Kommo-o|62/100
|-resisted|p2a: Kommo-o
|-damage|p2a: Kommo-o|56/100
|-resisted|p2a: Kommo-o
|-damage|p2a: Kommo-o|50/100
|-resisted|p2a: Kommo-o
|-damage|p2a: Kommo-o|45/100
|-hitcount|p2a: Kommo-o|10
|move|p2a: Kommo-o|Shadow Claw|p1a: Maushold
|-supereffective|p1a: Maushold
|-damage|p1a: Maushold|16/100
|
|-sideend|p2: jamel1|Reflect
|upkeep
|turn|19
|
|t:|1760377117
|move|p1a: Maushold|Population Bomb|p2a: Kommo-o
|-resisted|p2a: Kommo-o
|-crit|p2a: Kommo-o
|-damage|p2a: Kommo-o|27/100
|-resisted|p2a: Kommo-o
|-damage|p2a: Kommo-o|17/100
|-enditem|p2a: Kommo-o|Lansat Berry|[eat]
|-start|p2a: Kommo-o|move: Focus Energy
|-resisted|p2a: Kommo-o
|-damage|p2a: Kommo-o|6/100
|-resisted|p2a: Kommo-o
|-damage|p2a: Kommo-o|0 fnt
|faint|p2a: Kommo-o
|-hitcount|p2: Kommo-o|4
|
|-sideend|p2: jamel1|move: Light Screen
|upkeep
|
|t:|1760377120
|switch|p2a: Maushold|Maushold|100/100
|turn|20
|-message|jamel1 forfeited.
|
|win|universe mon
|raw|universe mon's rating: 1772 &rarr; <strong>1787</strong><br />(+15 for winning)
|raw|jamel1's rating: 1680 &rarr; <strong>1665</strong><br />(-15 for losing)
|l|☆jamel1
|player|p2|
|l|‽universe mon
|player|p1|
