|j|☆Zinkio
|j|☆cloud29
|t:|1760435529
|gametype|singles
|player|p1|Zinkio|giovanni|1078
|player|p2|cloud29|1|1122
|gen|9
|tier|[Gen 9] OU
|rated|
|rule|HP Percentage Mod: HP is shown in percentages
|rule|Endless Battle Clause: Forcing endless battles is banned
|rule|Species Clause: Limit one of each Pokémon
|rule|OHKO Clause: OHKO moves are banned
|rule|Evasion Items Clause: Evasion items are banned
|rule|Evasion Moves Clause: Evasion moves are banned
|rule|Evasion Abilities Clause: Evasion abilities are banned
|rule|Sleep Moves Clause: Sleep-inducing moves are banned
|clearpoke
|poke|p1|Meowscarada, F|
|poke|p1|Hatterene, F|
|poke|p1|Slowbro-Galar, M|
|poke|p1|Alomomola, F|
|poke|p1|Pecharunt|
|poke|p1|Tinkaton, F|
|poke|p2|Dragonite, M|
|poke|p2|Clefable, F|
|poke|p2|Araquanid, M|
|poke|p2|Polteageist-Antique|
|poke|p2|Goodra-Hisui, M|
|poke|p2|Klefki, M|
|teampreview
|inactive|Battle timer is ON: inactive players will automatically lose when time's up. (requested by Zinkio)
|
|t:|1760435547
|teamsize|p1|6
|teamsize|p2|6
|start
|switch|p1a: Hat Trickle|Hatterene, F|100/100
|switch|p2a: Klefki|Klefki, M|100/100
|turn|1
|
|t:|1760435564
|move|p2a: Klefki|Light Screen|p2a: Klefki
|-sidestart|p2: cloud29|move: Light Screen
|move|p1a: Hat Trickle|Mystical Fire|p2a: Klefki
|-supereffective|p2a: Klefki
|-damage|p2a: Klefki|63/100
|-unboost|p2a: Klefki|spa|1
|
|upkeep
|turn|2
|
|t:|1760435573
|switch|p2a: Araquanid|Araquanid, M|100/100
|move|p1a: Hat Trickle|Light Screen|p1a: Hat Trickle
|-sidestart|p1: Zinkio|move: Light Screen
|
|upkeep
|turn|3
|
|t:|1760435577
|move|p2a: Araquanid|Liquidation|p1a: Hat Trickle
|-damage|p1a: Hat Trickle|28/100
|move|p1a: Hat Trickle|Reflect|p1a: Hat Trickle
|-sidestart|p1: Zinkio|Reflect
|
|upkeep
|turn|4
|
|t:|1760435591
|move|p2a: Araquanid|Liquidation|p1a: Hat Trickle
|-damage|p1a: Hat Trickle|0 fnt
|faint|p1a: Hat Trickle
|
|upkeep
|
|t:|1760435594
|switch|p1a: Joe Pechy|Pecharunt|100/100
|-item|p1a: Joe Pechy|Air Balloon
|turn|5
|
|t:|1760435599
|move|p1a: Joe Pechy|Malignant Chain|p2a: Araquanid
|-damage|p2a: Araquanid|88/100
|-status|p2a: Araquanid|tox
|-start|p2a: Araquanid|confusion|[from] ability: Poison Puppeteer|[of] p1a: Joe Pechy
|-activate|p2a: Araquanid|confusion
|move|p2a: Araquanid|Liquidation|p1a: Joe Pechy
|-damage|p1a: Joe Pechy|84/100
|-enditem|p1a: Joe Pechy|Air Balloon
|
|-damage|p2a: Araquanid|82/100 tox|[from] psn
|upkeep
|turn|6
|
|t:|1760435626
|switch|p2a: Klefki|Klefki, M|63/100
|-terastallize|p1a: Joe Pechy|Ghost
|move|p1a: Joe Pechy|Hex|p2a: Klefki
|-damage|p2a: Klefki|47/100
|
|-sideend|p1: Zinkio|move: Light Screen
|upkeep
|turn|7
|
|t:|1760435645
|move|p1a: Joe Pechy|Parting Shot|p2a: Klefki
|-unboost|p2a: Klefki|atk|1
|-unboost|p2a: Klefki|spa|1
|inactive|Zinkio has 120 seconds left.
|
|t:|1760435688
|switch|p1a: Ting-Ting|Tinkaton, F|100/100|[from] Parting Shot
|-item|p1a: Ting-Ting|Air Balloon
|move|p2a: Klefki|Draining Kiss|p1a: Ting-Ting
|-resisted|p1a: Ting-Ting
|-damage|p1a: Ting-Ting|96/100
|-heal|p2a: Klefki|50/100|[from] drain|[of] p1a: Ting-Ting
|-enditem|p1a: Ting-Ting|Air Balloon
|-enditem|p2a: Klefki|Light Clay|[silent]|[from] ability: Pickpocket|[of] p2a: Klefki
|-item|p1a: Ting-Ting|Light Clay|[from] ability: Pickpocket|[of] p2a: Klefki
|
|-sideend|p1: Zinkio|Reflect
|upkeep
|turn|8
|
|t:|1760435715
|move|p2a: Klefki|Thunder Wave|p1a: Ting-Ting
|-status|p1a: Ting-Ting|par
|move|p1a: Ting-Ting|Thunder Wave|p2a: Klefki
|-status|p2a: Klefki|par
|
|-sideend|p2: cloud29|move: Light Screen
|upkeep
|turn|9
|inactive|Zinkio has 90 seconds left.
|
|t:|1760435748
|switch|p2a: Araquanid|Araquanid, M|82/100 tox
|cant|p1a: Ting-Ting|par
|
|-damage|p2a: Araquanid|76/100 tox|[from] psn
|upkeep
|turn|10
|
|t:|1760435758
|cant|p1a: Ting-Ting|par
|move|p2a: Araquanid|Liquidation|p1a: Ting-Ting
|-damage|p1a: Ting-Ting|28/100 par
|
|-damage|p2a: Araquanid|63/100 tox|[from] psn
|upkeep
|turn|11
|inactive|Zinkio has 90 seconds left.
|
|t:|1760435779
|switch|p1a: Joe Pechy|Pecharunt, tera:Ghost|84/100
|move|p2a: Araquanid|Liquidation|p1a: Joe Pechy
|-damage|p1a: Joe Pechy|56/100
|
|-damage|p2a: Araquanid|45/100 tox|[from] psn
|upkeep
|turn|12
|
|t:|1760435787
|move|p1a: Joe Pechy|Recover|p1a: Joe Pechy
|-heal|p1a: Joe Pechy|100/100
|move|p2a: Araquanid|Sticky Web|p1a: Joe Pechy
|-sidestart|p1: Zinkio|move: Sticky Web
|
|-damage|p2a: Araquanid|20/100 tox|[from] psn
|upkeep
|turn|13
|inactive|Zinkio has 90 seconds left.
|
|t:|1760435801
|switch|p2a: Klefki|Klefki, M|50/100 par
|move|p1a: Joe Pechy|Parting Shot|p2a: Klefki
|-unboost|p2a: Klefki|atk|1
|-unboost|p2a: Klefki|spa|1
|inactive|Zinkio has 90 seconds left.
|
|t:|1760435814
|switch|p1a: Fin Shyt|Alomomola, F|100/100|[from] Parting Shot
|-activate|p1a: Fin Shyt|move: Sticky Web
|-unboost|p1a: Fin Shyt|spe|1
|
|upkeep
|turn|14
|inactive|cloud29 has 120 seconds left.
|
|t:|1760435864
|move|p2a: Klefki|Light Screen|p2a: Klefki
|-sidestart|p2: cloud29|move: Light Screen
|move|p1a: Fin Shyt|Wish|p1a: Fin Shyt
|
|upkeep
|turn|15
|
|t:|1760435873
|switch|p1a: Ting-Ting|Tinkaton, F|28/100 par
|-activate|p1a: Ting-Ting|move: Sticky Web
|-unboost|p1a: Ting-Ting|spe|1
|move|p2a: Klefki|Reflect|p2a: Klefki
|-sidestart|p2: cloud29|Reflect
|
|-heal|p1a: Ting-Ting|99/100 par|[from] move: Wish|[wisher] Fin Shyt
|upkeep
|turn|16
|
|t:|1760435883
|switch|p2a: Clefable|Clefable, F|100/100
|cant|p1a: Ting-Ting|par
|
|upkeep
|turn|17
|
|t:|1760435888
|move|p2a: Clefable|Flamethrower|p1a: Ting-Ting
|-supereffective|p1a: Ting-Ting
|-damage|p1a: Ting-Ting|39/100 par
|cant|p1a: Ting-Ting|par
|
|upkeep
|turn|18
|inactive|cloud29 has 120 seconds left.
|
|t:|1760435893
|move|p2a: Clefable|Flamethrower|p1a: Ting-Ting
|-supereffective|p1a: Ting-Ting
|-crit|p1a: Ting-Ting
|-damage|p1a: Ting-Ting|0 fnt
|faint|p1a: Ting-Ting
|
|-sideend|p2: cloud29|move: Light Screen
|upkeep
|
|t:|1760435896
|switch|p1a: Joe Pechy|Pecharunt, tera:Ghost|100/100
|-activate|p1a: Joe Pechy|move: Sticky Web
|-unboost|p1a: Joe Pechy|spe|1
|turn|19
|
|t:|1760435902
|switch|p2a: Goodra|Goodra-Hisui, M|100/100
|move|p1a: Joe Pechy|Parting Shot|p2a: Goodra
|-unboost|p2a: Goodra|atk|1
|-unboost|p2a: Goodra|spa|1
|
|t:|1760435907
|switch|p1a: Meowscarada|Meowscarada, F|100/100|[from] Parting Shot
|
|-sideend|p2: cloud29|Reflect
|upkeep
|turn|20
|
|t:|1760435914
|switch|p2a: Klefki|Klefki, M|50/100 par
|move|p1a: Meowscarada|Knock Off|p2a: Klefki
|-start|p1a: Meowscarada|typechange|Dark|[from] ability: Protean
|-resisted|p2a: Klefki
|-damage|p2a: Klefki|38/100 par
|
|upkeep
|turn|21
|
|t:|1760435931
|move|p2a: Klefki|Reflect|p2a: Klefki
|-sidestart|p2: cloud29|Reflect
|move|p1a: Meowscarada|U-turn|p2a: Klefki
|-resisted|p2a: Klefki
|-damage|p2a: Klefki|36/100 par
|
|t:|1760435935
|switch|p1a: Slowness|Slowbro-Galar, M|100/100|[from] U-turn
|-activate|p1a: Slowness|move: Sticky Web
|-unboost|p1a: Slowness|spe|1
|
|upkeep
|turn|22
|inactive|cloud29 has 120 seconds left.
|
|t:|1760435968
|cant|p2a: Klefki|par
|move|p1a: Slowness|Flamethrower|p2a: Klefki
|-supereffective|p2a: Klefki
|-damage|p2a: Klefki|0 fnt
|faint|p2a: Klefki
|
|upkeep
|inactive|cloud29 has 120 seconds left.
|
|t:|1760435974
|switch|p2a: Polteageist|Polteageist-Antique|100/100
|turn|23
|
|t:|1760435983
|move|p2a: Polteageist|Shell Smash|p2a: Polteageist
|-unboost|p2a: Polteageist|def|1
|-unboost|p2a: Polteageist|spd|1
|-boost|p2a: Polteageist|atk|2
|-boost|p2a: Polteageist|spa|2
|-boost|p2a: Polteageist|spe|2
|-enditem|p2a: Polteageist|White Herb
|-clearnegativeboost|p2a: Polteageist|[silent]
|move|p1a: Slowness|Shell Side Arm|p2a: Polteageist|[anim] Shell Side Arm Special
|-resisted|p2a: Polteageist
|-damage|p2a: Polteageist|78/100
|-hint|Special Shell Side Arm
|
|upkeep
|turn|24
|
|t:|1760435996
|move|p2a: Polteageist|Shadow Ball|p1a: Slowness
|-supereffective|p1a: Slowness
|-damage|p1a: Slowness|0 fnt
|faint|p1a: Slowness
|
|upkeep
|
|t:|1760436000
|switch|p1a: Meowscarada|Meowscarada, F|100/100
|turn|25
|-message|Zinkio forfeited.
|
|win|cloud29
|raw|Zinkio's rating: 1078 &rarr; <strong>1059</strong><br />(-19 for losing)
|raw|cloud29's rating: 1122 &rarr; <strong>1144</strong><br />(+22 for winning)
|l|☆Zinkio
|player|p1|
