|j|☆jietouxiaoyu
|j|☆Griffin_MX
|t:|1760350396
|gametype|singles
|player|p1|jietouxiaoyu|102|1284
|player|p2|Griffin_MX|iris-gen5bw2|1278
|gen|9
|tier|[Gen 9] OU
|rated|
|rule|HP Percentage Mod: HP is shown in percentages
|rule|Endless Battle Clause: Forcing endless battles is banned
|rule|Species Clause: Limit one of each Pokémon
|rule|OHKO Clause: OHKO moves are banned
|rule|Evasion Items Clause: Evasion items are banned
|rule|Evasion Moves Clause: Evasion moves are banned
|rule|Evasion Abilities Clause: Evasion abilities are banned
|rule|Sleep Moves Clause: Sleep-inducing moves are banned
|clearpoke
|poke|p1|Dragonite, M|
|poke|p1|Gholdengo|
|poke|p1|Great Tusk|
|poke|p1|Kingambit, F|
|poke|p1|Zamazenta-*|
|poke|p1|Arboliva, F|
|poke|p2|Mimikyu, F|
|poke|p2|Ambipom, F|
|poke|p2|Serperior, F|
|poke|p2|Moltres|
|poke|p2|Great Tusk|
|poke|p2|Goodra-Hisui, M|
|teampreview
|inactive|Battle timer is ON: inactive players will automatically lose when time's up. (requested by jietouxiaoyu)
|
|t:|1760350408
|teamsize|p1|6
|teamsize|p2|6
|start
|switch|p1a: Great Tusk|Great Tusk, shiny|100/100
|switch|p2a: Ambipom|Ambipom, F, shiny|100/100
|turn|1
|
|t:|1760350413
|-terastallize|p2a: Ambipom|Normal
|move|p2a: Ambipom|Fake Out|p1a: Great Tusk
|-damage|p1a: Great Tusk|66/100
|-damage|p2a: Ambipom|84/100|[from] item: Rocky Helmet|[of] p1a: Great Tusk
|cant|p1a: Great Tusk|flinch
|
|upkeep
|turn|2
|
|t:|1760350420
|move|p2a: Ambipom|Double Hit|p1a: Great Tusk
|-damage|p1a: Great Tusk|36/100
|-damage|p2a: Ambipom|68/100|[from] item: Rocky Helmet|[of] p1a: Great Tusk
|-damage|p1a: Great Tusk|8/100
|-damage|p2a: Ambipom|51/100|[from] item: Rocky Helmet|[of] p1a: Great Tusk
|-hitcount|p1a: Great Tusk|2
|move|p1a: Great Tusk|Stealth Rock|p2a: Ambipom
|-sidestart|p2: Griffin_MX|move: Stealth Rock
|
|upkeep
|turn|3
|
|t:|1760350429
|-end|p1a: Great Tusk|Protosynthesis|[silent]
|switch|p1a: Gholdengo|Gholdengo|100/100
|move|p2a: Ambipom|Knock Off|p1a: Gholdengo
|-supereffective|p1a: Gholdengo
|-damage|p1a: Gholdengo|57/100
|-enditem|p1a: Gholdengo|Grassy Seed|[from] move: Knock Off|[of] p2a: Ambipom
|
|upkeep
|turn|4
|
|t:|1760350438
|move|p2a: Ambipom|Knock Off|p1a: Gholdengo
|-supereffective|p1a: Gholdengo
|-damage|p1a: Gholdengo|25/100
|move|p1a: Gholdengo|Make It Rain|p2a: Ambipom
|-damage|p2a: Ambipom|0 fnt
|-unboost|p1a: Gholdengo|spa|1
|faint|p2a: Ambipom
|
|upkeep
|
|t:|1760350449
|switch|p2a: Moltres|Moltres, shiny|100/100
|turn|5
|
|t:|1760350459
|switch|p1a: Zamazenta|Zamazenta, shiny|100/100
|-ability|p1a: Zamazenta|Dauntless Shield|boost
|-boost|p1a: Zamazenta|def|1
|move|p2a: Moltres|Flamethrower|p1a: Zamazenta
|-damage|p1a: Zamazenta|69/100
|
|-heal|p1a: Zamazenta|75/100|[from] item: Leftovers
|upkeep
|turn|6
|
|t:|1760350469
|-terastallize|p1a: Zamazenta|Fire
|move|p1a: Zamazenta|Iron Defense|p1a: Zamazenta
|-boost|p1a: Zamazenta|def|2
|move|p2a: Moltres|Will-O-Wisp|p1a: Zamazenta|[miss]
|-miss|p2a: Moltres|p1a: Zamazenta
|
|-heal|p1a: Zamazenta|82/100|[from] item: Leftovers
|upkeep
|turn|7
|
|t:|1760350480
|switch|p2a: Mimikyu|Mimikyu, F, shiny|100/100
|-damage|p2a: Mimikyu|88/100|[from] Stealth Rock
|move|p1a: Zamazenta|Iron Defense|p1a: Zamazenta
|-boost|p1a: Zamazenta|def|2
|
|-heal|p1a: Zamazenta|88/100|[from] item: Leftovers
|upkeep
|turn|8
|
|t:|1760350487
|move|p1a: Zamazenta|Crunch|p2a: Mimikyu
|-activate|p2a: Mimikyu|ability: Disguise
|-damage|p2a: Mimikyu|88/100
|-unboost|p2a: Mimikyu|def|1
|detailschange|p2a: Mimikyu|Mimikyu-Busted, F, shiny
|-damage|p2a: Mimikyu|76/100|[from] pokemon: Mimikyu-Busted
|-enditem|p2a: Mimikyu|Red Card|[of] p1a: Zamazenta
|drag|p1a: Gholdengo|Gholdengo|25/100
|move|p2a: Mimikyu|Swords Dance|p2a: Mimikyu
|-boost|p2a: Mimikyu|atk|2
|
|upkeep
|turn|9
|
|t:|1760350511
|move|p2a: Mimikyu|Shadow Sneak|p1a: Gholdengo
|-supereffective|p1a: Gholdengo
|-damage|p1a: Gholdengo|0 fnt
|faint|p1a: Gholdengo
|
|upkeep
|
|t:|1760350517
|switch|p1a: Kingambit|Kingambit, F, shiny|100/100
|-activate|p1a: Kingambit|ability: Supreme Overlord
|-start|p1a: Kingambit|fallen1|[silent]
|-item|p1a: Kingambit|Air Balloon
|turn|10
|
|t:|1760350525
|move|p2a: Mimikyu|Drain Punch|p1a: Kingambit
|-supereffective|p1a: Kingambit
|-damage|p1a: Kingambit|0 fnt
|-heal|p2a: Mimikyu|100/100|[from] drain|[of] p1a: Kingambit
|-enditem|p1a: Kingambit|Air Balloon
|faint|p1a: Kingambit
|-end|p1a: Kingambit|fallen1|[silent]
|
|upkeep
|
|t:|1760350532
|switch|p1a: Zamazenta|Zamazenta, shiny, tera:Fire|88/100
|turn|11
|
|t:|1760350536
|move|p1a: Zamazenta|Iron Defense|p1a: Zamazenta
|-boost|p1a: Zamazenta|def|2
|move|p2a: Mimikyu|Play Rough|p1a: Zamazenta
|-resisted|p1a: Zamazenta
|-damage|p1a: Zamazenta|75/100
|
|-heal|p1a: Zamazenta|81/100|[from] item: Leftovers
|upkeep
|turn|12
|
|t:|1760350548
|switch|p2a: Goodra|Goodra-Hisui, M|100/100
|-damage|p2a: Goodra|95/100|[from] Stealth Rock
|move|p1a: Zamazenta|Crunch|p2a: Goodra
|-damage|p2a: Goodra|75/100
|
|-heal|p1a: Zamazenta|87/100|[from] item: Leftovers
|upkeep
|turn|13
|
|t:|1760350556
|move|p1a: Zamazenta|Body Press|p2a: Goodra
|-supereffective|p2a: Goodra
|-crit|p2a: Goodra
|-damage|p2a: Goodra|0 fnt
|faint|p2a: Goodra
|
|-heal|p1a: Zamazenta|93/100|[from] item: Leftovers
|upkeep
|
|t:|1760350564
|switch|p2a: Serperior|Serperior, F, shiny|100/100
|-damage|p2a: Serperior|88/100|[from] Stealth Rock
|turn|14
|
|t:|1760350568
|move|p1a: Zamazenta|Body Press|p2a: Serperior
|-damage|p2a: Serperior|29/100
|move|p2a: Serperior|Glare|p1a: Zamazenta
|-status|p1a: Zamazenta|par
|
|-heal|p2a: Serperior|36/100|[from] item: Leftovers
|-heal|p1a: Zamazenta|99/100 par|[from] item: Leftovers
|upkeep
|turn|15
|
|t:|1760350575
|move|p2a: Serperior|Leech Seed|p1a: Zamazenta|[miss]
|-miss|p2a: Serperior|p1a: Zamazenta
|move|p1a: Zamazenta|Body Press|p2a: Serperior
|-damage|p2a: Serperior|0 fnt
|faint|p2a: Serperior
|
|-heal|p1a: Zamazenta|100/100 par|[from] item: Leftovers
|upkeep
|
|t:|1760350579
|switch|p2a: Great Tusk|Great Tusk|100/100
|turn|16
|
|t:|1760350586
|move|p2a: Great Tusk|Headlong Rush|p1a: Zamazenta
|-supereffective|p1a: Zamazenta
|-damage|p1a: Zamazenta|54/100 par
|-unboost|p2a: Great Tusk|def|1
|-unboost|p2a: Great Tusk|spd|1
|move|p1a: Zamazenta|Iron Defense|p1a: Zamazenta
|-boost|p1a: Zamazenta|def|2
|
|-heal|p1a: Zamazenta|60/100 par|[from] item: Leftovers
|upkeep
|turn|17
|
|t:|1760350596
|move|p2a: Great Tusk|Headlong Rush|p1a: Zamazenta
|-supereffective|p1a: Zamazenta
|-damage|p1a: Zamazenta|30/100 par
|-unboost|p2a: Great Tusk|def|1
|-unboost|p2a: Great Tusk|spd|1
|move|p1a: Zamazenta|Body Press|p2a: Great Tusk
|-damage|p2a: Great Tusk|0 fnt
|faint|p2a: Great Tusk
|-end|p2a: Great Tusk|Protosynthesis|[silent]
|
|-heal|p1a: Zamazenta|36/100 par|[from] item: Leftovers
|upkeep
|
|t:|1760350605
|switch|p2a: Moltres|Moltres, shiny|100/100
|turn|18
|
|t:|1760350607
|move|p2a: Moltres|Tera Blast|p1a: Zamazenta
|-damage|p1a: Zamazenta|19/100 par
|cant|p1a: Zamazenta|par
|
|-heal|p1a: Zamazenta|25/100 par|[from] item: Leftovers
|upkeep
|turn|19
|
|t:|1760350614
|move|p2a: Moltres|Tera Blast|p1a: Zamazenta
|-damage|p1a: Zamazenta|7/100 par
|move|p1a: Zamazenta|Body Press|p2a: Moltres
|-resisted|p2a: Moltres
|-damage|p2a: Moltres|65/100
|
|-heal|p1a: Zamazenta|13/100 par|[from] item: Leftovers
|upkeep
|turn|20
|
|t:|1760350622
|move|p2a: Moltres|Tera Blast|p1a: Zamazenta
|-damage|p1a: Zamazenta|0 fnt
|faint|p1a: Zamazenta
|
|upkeep
|
|t:|1760350636
|switch|p1a: Dragonite|Dragonite, M, shiny|100/100
|turn|21
|
|t:|1760350643
|move|p1a: Dragonite|Extreme Speed|p2a: Moltres
|-damage|p2a: Moltres|43/100
|move|p2a: Moltres|Will-O-Wisp|p1a: Dragonite
|-status|p1a: Dragonite|brn
|
|-damage|p1a: Dragonite|94/100 brn|[from] brn
|upkeep
|turn|22
|
|t:|1760350655
|move|p1a: Dragonite|Dragon Dance|p1a: Dragonite
|-boost|p1a: Dragonite|atk|1
|-boost|p1a: Dragonite|spe|1
|move|p2a: Moltres|Roost|p2a: Moltres
|-heal|p2a: Moltres|93/100
|-singleturn|p2a: Moltres|move: Roost
|
|-damage|p1a: Dragonite|88/100 brn|[from] brn
|upkeep
|turn|23
|
|t:|1760350662
|move|p1a: Dragonite|Dragon Dance|p1a: Dragonite
|-boost|p1a: Dragonite|atk|1
|-boost|p1a: Dragonite|spe|1
|move|p2a: Moltres|Flamethrower|p1a: Dragonite
|-resisted|p1a: Dragonite
|-damage|p1a: Dragonite|70/100 brn
|
|-damage|p1a: Dragonite|63/100 brn|[from] brn
|upkeep
|turn|24
|
|t:|1760350670
|switch|p2a: Mimikyu|Mimikyu-Busted, F, shiny|100/100
|-damage|p2a: Mimikyu|88/100|[from] Stealth Rock
|move|p1a: Dragonite|Dragon Dance|p1a: Dragonite
|-boost|p1a: Dragonite|atk|1
|-boost|p1a: Dragonite|spe|1
|
|-damage|p1a: Dragonite|57/100 brn|[from] brn
|upkeep
|turn|25
|
|t:|1760350681
|move|p1a: Dragonite|Earthquake|p2a: Mimikyu
|-damage|p2a: Mimikyu|4/100
|move|p2a: Mimikyu|Play Rough|p1a: Dragonite
|-supereffective|p1a: Dragonite
|-damage|p1a: Dragonite|0 fnt
|faint|p1a: Dragonite
|
|upkeep
|
|t:|1760350688
|switch|p1a: Arboliva|Arboliva, F, shiny|100/100
|turn|26
|
|t:|1760350698
|move|p2a: Mimikyu|Drain Punch|p1a: Arboliva
|-supereffective|p1a: Arboliva
|-damage|p1a: Arboliva|59/100
|-heal|p2a: Mimikyu|34/100|[from] drain|[of] p1a: Arboliva
|-fieldstart|move: Grassy Terrain|[from] ability: Seed Sower|[of] p1a: Arboliva
|-enditem|p1a: Arboliva|Eject Button
|
|t:|1760350704
|switch|p1a: Great Tusk|Great Tusk, shiny|8/100
|
|-heal|p2a: Mimikyu|40/100|[from] Grassy Terrain
|-heal|p1a: Great Tusk|15/100|[from] Grassy Terrain
|upkeep
|turn|27
|
|t:|1760350713
|move|p2a: Mimikyu|Play Rough|p1a: Great Tusk
|-supereffective|p1a: Great Tusk
|-damage|p1a: Great Tusk|0 fnt
|-damage|p2a: Mimikyu|24/100|[from] item: Rocky Helmet|[of] p1a: Great Tusk
|faint|p1a: Great Tusk
|-end|p1a: Great Tusk|Protosynthesis|[silent]
|
|-heal|p2a: Mimikyu|30/100|[from] Grassy Terrain
|upkeep
|-message|jietouxiaoyu forfeited.
|
|win|Griffin_MX
|raw|jietouxiaoyu's rating: 1284 &rarr; <strong>1259</strong><br />(-25 for losing)
|raw|Griffin_MX's rating: 1278 &rarr; <strong>1303</strong><br />(+25 for winning)
|l|☆jietouxiaoyu
|player|p1|
|l|☆Griffin_MX
|player|p2|
