|j|☆Desperadoswthlime
|j|☆ironbritish
|t:|1760443100
|gametype|singles
|player|p1|Desperadoswthlime|fisherman-gen4|1129
|player|p2|ironbritish|proton|1136
|gen|9
|tier|[Gen 9] OU
|rated|
|rule|HP Percentage Mod: HP is shown in percentages
|rule|Endless Battle Clause: Forcing endless battles is banned
|rule|Species Clause: Limit one of each Pokémon
|rule|OHKO Clause: OHKO moves are banned
|rule|Evasion Items Clause: Evasion items are banned
|rule|Evasion Moves Clause: Evasion moves are banned
|rule|Evasion Abilities Clause: Evasion abilities are banned
|rule|Sleep Moves Clause: Sleep-inducing moves are banned
|clearpoke
|poke|p1|Dragonite, M|
|poke|p1|Kingambit, F|
|poke|p1|Deoxys-Speed|
|poke|p1|Moltres|
|poke|p1|Garganacl, M|
|poke|p1|Tornadus-Therian, M|
|poke|p2|Slowking-Galar, M|
|poke|p2|Mienshao, M|
|poke|p2|Cyclizar, F|
|poke|p2|Amoonguss, M|
|poke|p2|Tornadus-Therian, M|
|poke|p2|Excadrill, F|
|teampreview
|
|t:|1760443107
|teamsize|p1|6
|teamsize|p2|6
|start
|switch|p1a: Eeffoc|Garganacl, M|100/100
|switch|p2a: Excadrill|Excadrill, F|100/100
|-ability|p2a: Excadrill|Mold Breaker
|turn|1
|
|t:|1760443117
|move|p1a: Eeffoc|Protect|p1a: Eeffoc
|-singleturn|p1a: Eeffoc|Protect
|move|p2a: Excadrill|Iron Head|p1a: Eeffoc
|-activate|p1a: Eeffoc|move: Protect
|
|upkeep
|turn|2
|
|t:|1760443124
|move|p2a: Excadrill|Iron Head|p1a: Eeffoc
|-supereffective|p1a: Eeffoc
|-damage|p1a: Eeffoc|36/100
|move|p1a: Eeffoc|Salt Cure|p2a: Excadrill
|-resisted|p2a: Excadrill
|-damage|p2a: Excadrill|95/100
|-start|p2a: Excadrill|Salt Cure
|
|-heal|p1a: Eeffoc|43/100|[from] item: Leftovers
|-damage|p2a: Excadrill|70/100|[from] Salt Cure
|upkeep
|turn|3
|
|t:|1760443136
|switch|p2a: Mienshao|Mienshao, M|100/100
|switch|p1a: Hinkle|Dragonite, M|100/100
|
|upkeep
|turn|4
|inactive|Battle timer is ON: inactive players will automatically lose when time's up. (requested by ironbritish)
|
|t:|1760443145
|move|p2a: Mienshao|Fake Out|p1a: Hinkle
|-damage|p1a: Hinkle|92/100
|cant|p1a: Hinkle|flinch
|
|upkeep
|turn|5
|
|t:|1760443150
|move|p1a: Hinkle|Earthquake|p2a: Mienshao
|-damage|p2a: Mienshao|38/100
|move|p2a: Mienshao|Triple Axel|p1a: Hinkle
|-supereffective|p1a: Hinkle
|-damage|p1a: Hinkle|60/100
|-supereffective|p1a: Hinkle
|-damage|p1a: Hinkle|0 fnt
|faint|p1a: Hinkle
|-hitcount|p1: Hinkle|2
|
|upkeep
|
|t:|1760443159
|switch|p1a: bird|Tornadus-Therian, M|100/100
|turn|6
|
|t:|1760443167
|switch|p2a: Tornadus|Tornadus-Therian, M|100/100
|move|p1a: bird|Bleakwind Storm|p2a: Tornadus
|-damage|p2a: Tornadus|71/100
|
|upkeep
|turn|7
|
|t:|1760443174
|move|p1a: bird|U-turn|p2a: Tornadus
|-resisted|p2a: Tornadus
|-damage|p2a: Tornadus|62/100
|
|t:|1760443177
|switch|p1a: Fuckinyoo|Deoxys-Speed|100/100|[from] U-turn
|-ability|p1a: Fuckinyoo|Pressure
|move|p2a: Tornadus|Knock Off|p1a: Fuckinyoo
|-supereffective|p1a: Fuckinyoo
|-damage|p1a: Fuckinyoo|38/100
|-enditem|p1a: Fuckinyoo|Life Orb|[from] move: Knock Off|[of] p2a: Tornadus
|
|upkeep
|turn|8
|
|t:|1760443188
|switch|p2a: Slowking|Slowking-Galar, M|100/100
|move|p1a: Fuckinyoo|Thunderbolt|p2a: Slowking
|-damage|p2a: Slowking|83/100
|
|upkeep
|turn|9
|
|t:|1760443194
|move|p1a: Fuckinyoo|Psychic|p2a: Slowking
|-damage|p2a: Slowking|57/100
|move|p2a: Slowking|Thunder Wave|p1a: Fuckinyoo
|-status|p1a: Fuckinyoo|par
|
|upkeep
|turn|10
|
|t:|1760443206
|-terastallize|p1a: Fuckinyoo|Ghost
|move|p1a: Fuckinyoo|Shadow Ball|p2a: Slowking
|-supereffective|p2a: Slowking
|-damage|p2a: Slowking|16/100
|move|p2a: Slowking|Future Sight|p1a: Fuckinyoo
|-start|p2a: Slowking|move: Future Sight
|
|upkeep
|turn|11
|
|t:|1760443214
|switch|p2a: Cyclizar|Cyclizar, F|100/100
|move|p1a: Fuckinyoo|Shadow Ball|p2a: Cyclizar
|-immune|p2a: Cyclizar
|
|upkeep
|turn|12
|
|t:|1760443223
|move|p2a: Cyclizar|U-turn|p1a: Fuckinyoo
|-resisted|p1a: Fuckinyoo
|-damage|p1a: Fuckinyoo|24/100 par
|
|t:|1760443228
|switch|p2a: Slowking|Slowking-Galar, M|49/100|[from] U-turn
|cant|p1a: Fuckinyoo|par
|
|-end|p1a: Fuckinyoo|move: Future Sight
|-damage|p1a: Fuckinyoo|0 fnt
|faint|p1a: Fuckinyoo
|upkeep
|
|t:|1760443237
|switch|p1a: Eeffoc|Garganacl, M|43/100
|turn|13
|
|t:|1760443242
|move|p1a: Eeffoc|Stealth Rock|p2a: Slowking
|-sidestart|p2: ironbritish|move: Stealth Rock
|move|p2a: Slowking|Future Sight|p1a: Eeffoc
|-start|p2a: Slowking|move: Future Sight
|
|-heal|p1a: Eeffoc|49/100|[from] item: Leftovers
|upkeep
|turn|14
|
|t:|1760443252
|switch|p2a: Excadrill|Excadrill, F|70/100
|-damage|p2a: Excadrill|67/100|[from] Stealth Rock
|-ability|p2a: Excadrill|Mold Breaker
|move|p1a: Eeffoc|Salt Cure|p2a: Excadrill
|-resisted|p2a: Excadrill
|-damage|p2a: Excadrill|62/100
|-start|p2a: Excadrill|Salt Cure
|
|-heal|p1a: Eeffoc|55/100|[from] item: Leftovers
|-damage|p2a: Excadrill|37/100|[from] Salt Cure
|upkeep
|turn|15
|
|t:|1760443263
|switch|p2a: Mienshao|Mienshao, M|71/100
|-damage|p2a: Mienshao|65/100|[from] Stealth Rock
|move|p1a: Eeffoc|Protect||[still]
|-fail|p1a: Eeffoc
|
|-end|p1a: Eeffoc|move: Future Sight
|-crit|p1a: Eeffoc
|-damage|p1a: Eeffoc|6/100
|-heal|p1a: Eeffoc|12/100|[from] item: Leftovers
|upkeep
|turn|16
|
|t:|1760443272
|switch|p1a: CHKN|Moltres|100/100
|move|p2a: Mienshao|Fake Out|p1a: CHKN
|-damage|p1a: CHKN|91/100
|
|upkeep
|turn|17
|
|t:|1760443280
|switch|p2a: Slowking|Slowking-Galar, M|83/100
|move|p1a: CHKN|Will-O-Wisp|p2a: Slowking
|-status|p2a: Slowking|brn
|
|-damage|p2a: Slowking|77/100 brn|[from] brn
|upkeep
|turn|18
|
|t:|1760443290
|move|p1a: CHKN|U-turn|p2a: Slowking
|-damage|p2a: Slowking|63/100 brn
|
|t:|1760443294
|switch|p1a: Death2U|Kingambit, F, shiny|100/100|[from] U-turn
|-activate|p1a: Death2U|ability: Supreme Overlord
|-start|p1a: Death2U|fallen2|[silent]
|move|p2a: Slowking|Future Sight|p1a: Death2U
|-start|p2a: Slowking|move: Future Sight
|
|-damage|p2a: Slowking|57/100 brn|[from] brn
|upkeep
|turn|19
|
|t:|1760443304
|move|p1a: Death2U|Sucker Punch||[still]
|-fail|p1a: Death2U
|move|p2a: Slowking|Thunder Wave|p1a: Death2U
|-status|p1a: Death2U|par
|
|-damage|p2a: Slowking|50/100 brn|[from] brn
|upkeep
|turn|20
|
|t:|1760443310
|switch|p2a: Excadrill|Excadrill, F|37/100
|-damage|p2a: Excadrill|34/100|[from] Stealth Rock
|-ability|p2a: Excadrill|Mold Breaker
|move|p1a: Death2U|Sucker Punch||[still]
|-fail|p1a: Death2U
|
|-end|p1a: Death2U|move: Future Sight
|-immune|p1a: Death2U
|upkeep
|turn|21
|
|t:|1760443320
|move|p1a: Death2U|Sucker Punch|p2a: Excadrill
|-damage|p2a: Excadrill|0 fnt
|faint|p2a: Excadrill
|
|upkeep
|
|t:|1760443324
|switch|p2a: Amoonguss|Amoonguss, M|100/100
|-damage|p2a: Amoonguss|88/100|[from] Stealth Rock
|turn|22
|
|t:|1760443331
|move|p2a: Amoonguss|Foul Play|p1a: Death2U
|-resisted|p1a: Death2U
|-damage|p1a: Death2U|86/100 par
|cant|p1a: Death2U|par
|
|upkeep
|turn|23
|inactive|ironbritish has 120 seconds left.
|
|t:|1760443371
|move|p2a: Amoonguss|Foul Play|p1a: Death2U
|-resisted|p1a: Death2U
|-damage|p1a: Death2U|73/100 par
|cant|p1a: Death2U|par
|
|upkeep
|turn|24
|
|t:|1760443378
|-end|p1a: Death2U|fallen2|[silent]
|switch|p1a: bird|Tornadus-Therian, M|100/100
|move|p2a: Amoonguss|Foul Play|p1a: bird
|-damage|p1a: bird|78/100
|
|upkeep
|turn|25
|
|t:|1760443385
|move|p1a: bird|Heat Wave|p2a: Amoonguss
|-supereffective|p2a: Amoonguss
|-damage|p2a: Amoonguss|40/100
|-status|p2a: Amoonguss|brn
|move|p2a: Amoonguss|Toxic|p1a: bird
|-status|p1a: bird|tox
|
|-damage|p1a: bird|72/100 tox|[from] psn
|-damage|p2a: Amoonguss|34/100 brn|[from] brn
|upkeep
|turn|26
|
|t:|1760443395
|switch|p2a: Slowking|Slowking-Galar, M|84/100 brn
|move|p1a: bird|Bleakwind Storm|p2a: Slowking|[miss]
|-miss|p1a: bird|p2a: Slowking
|
|-damage|p1a: bird|60/100 tox|[from] psn
|-damage|p2a: Slowking|78/100 brn|[from] brn
|upkeep
|turn|27
|
|t:|1760443403
|move|p1a: bird|Foul Play|p2a: Slowking
|-supereffective|p2a: Slowking
|-damage|p2a: Slowking|52/100 brn
|move|p2a: Slowking|Sludge Bomb|p1a: bird
|-damage|p1a: bird|24/100 tox
|
|-damage|p1a: bird|5/100 tox|[from] psn
|-damage|p2a: Slowking|46/100 brn|[from] brn
|upkeep
|turn|28
|
|t:|1760443413
|move|p1a: bird|U-turn|p2a: Slowking
|-damage|p2a: Slowking|31/100 brn
|
|t:|1760443416
|switch|p1a: Death2U|Kingambit, F, shiny|73/100 par|[from] U-turn
|-activate|p1a: Death2U|ability: Supreme Overlord
|-start|p1a: Death2U|fallen2|[silent]
|move|p2a: Slowking|Future Sight|p1a: Death2U
|-start|p2a: Slowking|move: Future Sight
|
|-damage|p2a: Slowking|25/100 brn|[from] brn
|upkeep
|turn|29
|
|t:|1760443427
|switch|p2a: Amoonguss|Amoonguss, M|67/100 brn
|-damage|p2a: Amoonguss|55/100 brn|[from] Stealth Rock
|cant|p1a: Death2U|par
|
|-damage|p2a: Amoonguss|49/100 brn|[from] brn
|upkeep
|turn|30
|
|t:|1760443438
|move|p1a: Death2U|Sucker Punch||[still]
|-fail|p1a: Death2U
|move|p2a: Amoonguss|Synthesis|p2a: Amoonguss
|-heal|p2a: Amoonguss|99/100 brn
|
|-end|p1a: Death2U|move: Future Sight
|-immune|p1a: Death2U
|-damage|p2a: Amoonguss|93/100 brn|[from] brn
|upkeep
|turn|31
|
|t:|1760443446
|move|p1a: Death2U|Sucker Punch|p2a: Amoonguss
|-damage|p2a: Amoonguss|49/100 brn
|-damage|p1a: Death2U|56/100 par|[from] item: Rocky Helmet|[of] p2a: Amoonguss
|move|p2a: Amoonguss|Foul Play|p1a: Death2U
|-resisted|p1a: Death2U
|-damage|p1a: Death2U|49/100 par
|
|-damage|p2a: Amoonguss|43/100 brn|[from] brn
|upkeep
|turn|32
|
|t:|1760443454
|-end|p1a: Death2U|fallen2|[silent]
|switch|p1a: Eeffoc|Garganacl, M|12/100
|move|p2a: Amoonguss|Synthesis|p2a: Amoonguss
|-heal|p2a: Amoonguss|93/100 brn
|
|-heal|p1a: Eeffoc|18/100|[from] item: Leftovers
|-damage|p2a: Amoonguss|87/100 brn|[from] brn
|upkeep
|turn|33
|
|t:|1760443465
|move|p1a: Eeffoc|Recover|p1a: Eeffoc
|-heal|p1a: Eeffoc|68/100
|move|p2a: Amoonguss|Foul Play|p1a: Eeffoc
|-damage|p1a: Eeffoc|60/100
|
|-heal|p1a: Eeffoc|67/100|[from] item: Leftovers
|-damage|p2a: Amoonguss|81/100 brn|[from] brn
|upkeep
|turn|34
|
|t:|1760443477
|switch|p2a: Slowking|Slowking-Galar, M|58/100 brn
|move|p1a: Eeffoc|Salt Cure|p2a: Slowking
|-crit|p2a: Slowking
|-damage|p2a: Slowking|36/100 brn
|-start|p2a: Slowking|Salt Cure
|
|-heal|p1a: Eeffoc|73/100|[from] item: Leftovers
|-damage|p2a: Slowking|30/100 brn|[from] brn
|-damage|p2a: Slowking|17/100 brn|[from] Salt Cure
|upkeep
|turn|35
|
|t:|1760443487
|move|p1a: Eeffoc|Protect|p1a: Eeffoc
|-singleturn|p1a: Eeffoc|Protect
|move|p2a: Slowking|Future Sight|p1a: Eeffoc
|-start|p2a: Slowking|move: Future Sight
|
|-heal|p1a: Eeffoc|79/100|[from] item: Leftovers
|-damage|p2a: Slowking|11/100 brn|[from] brn
|-damage|p2a: Slowking|0 fnt|[from] Salt Cure
|faint|p2a: Slowking
|upkeep
|
|t:|1760443496
|switch|p2a: Mienshao|Mienshao, M|98/100
|-damage|p2a: Mienshao|92/100|[from] Stealth Rock
|turn|36
|
|t:|1760443503
|move|p2a: Mienshao|Fake Out|p1a: Eeffoc
|-resisted|p1a: Eeffoc
|-crit|p1a: Eeffoc
|-damage|p1a: Eeffoc|72/100
|cant|p1a: Eeffoc|flinch
|
|-heal|p1a: Eeffoc|78/100|[from] item: Leftovers
|upkeep
|turn|37
|
|t:|1760443531
|move|p2a: Mienshao|Knock Off|p1a: Eeffoc
|-damage|p1a: Eeffoc|55/100
|-enditem|p1a: Eeffoc|Leftovers|[from] move: Knock Off|[of] p2a: Mienshao
|move|p1a: Eeffoc|Recover|p1a: Eeffoc
|-heal|p1a: Eeffoc|100/100
|
|-end|p1a: Eeffoc|move: Future Sight
|-damage|p1a: Eeffoc|72/100
|upkeep
|turn|38
|
|t:|1760443539
|move|p2a: Mienshao|Drain Punch|p1a: Eeffoc
|-supereffective|p1a: Eeffoc
|-damage|p1a: Eeffoc|19/100
|-heal|p2a: Mienshao|100/100|[from] drain|[of] p1a: Eeffoc
|move|p1a: Eeffoc|Salt Cure|p2a: Mienshao
|-resisted|p2a: Mienshao
|-damage|p2a: Mienshao|90/100
|-start|p2a: Mienshao|Salt Cure
|
|-damage|p2a: Mienshao|78/100|[from] Salt Cure
|upkeep
|turn|39
|
|t:|1760443552
|switch|p2a: Amoonguss|Amoonguss, M|100/100 brn
|-damage|p2a: Amoonguss|88/100 brn|[from] Stealth Rock
|move|p1a: Eeffoc|Protect||[still]
|-fail|p1a: Eeffoc
|
|-damage|p2a: Amoonguss|82/100 brn|[from] brn
|upkeep
|turn|40
|
|t:|1760443559
|switch|p2a: Mienshao|Mienshao, M|100/100
|-damage|p2a: Mienshao|95/100|[from] Stealth Rock
|move|p1a: Eeffoc|Salt Cure|p2a: Mienshao
|-resisted|p2a: Mienshao
|-damage|p2a: Mienshao|84/100
|-start|p2a: Mienshao|Salt Cure
|
|-damage|p2a: Mienshao|72/100|[from] Salt Cure
|upkeep
|turn|41
|
|t:|1760443570
|move|p2a: Mienshao|Fake Out|p1a: Eeffoc
|-resisted|p1a: Eeffoc
|-damage|p1a: Eeffoc|14/100
|cant|p1a: Eeffoc|flinch
|
|-damage|p2a: Mienshao|60/100|[from] Salt Cure
|upkeep
|turn|42
|
|t:|1760443576
|move|p2a: Mienshao|Drain Punch|p1a: Eeffoc
|-supereffective|p1a: Eeffoc
|-damage|p1a: Eeffoc|0 fnt
|-heal|p2a: Mienshao|68/100|[from] drain|[of] p1a: Eeffoc
|faint|p1a: Eeffoc
|
|-damage|p2a: Mienshao|56/100|[from] Salt Cure
|upkeep
|
|t:|1760443584
|switch|p1a: bird|Tornadus-Therian, M|39/100 tox
|turn|43
|
|t:|1760443589
|switch|p2a: Tornadus|Tornadus-Therian, M|95/100
|-damage|p2a: Tornadus|70/100|[from] Stealth Rock
|move|p1a: bird|Bleakwind Storm|p2a: Tornadus|[miss]
|-miss|p1a: bird|p2a: Tornadus
|
|-damage|p1a: bird|33/100 tox|[from] psn
|upkeep
|turn|44
|
|t:|1760443597
|move|p1a: bird|U-turn|p2a: Tornadus
|-resisted|p2a: Tornadus
|-damage|p2a: Tornadus|61/100
|
|t:|1760443601
|switch|p1a: Death2U|Kingambit, F, shiny|49/100 par|[from] U-turn
|-activate|p1a: Death2U|ability: Supreme Overlord
|-start|p1a: Death2U|fallen3|[silent]
|move|p2a: Tornadus|Knock Off|p1a: Death2U
|-resisted|p1a: Death2U
|-damage|p1a: Death2U|41/100 par
|-enditem|p1a: Death2U|Black Glasses|[from] move: Knock Off|[of] p2a: Tornadus
|
|upkeep
|turn|45
|
|t:|1760443610
|move|p2a: Tornadus|Heat Wave|p1a: Death2U
|-supereffective|p1a: Death2U
|-damage|p1a: Death2U|0 fnt
|faint|p1a: Death2U
|-end|p1a: Death2U|fallen3|[silent]
|
|upkeep
|
|t:|1760443616
|switch|p1a: CHKN|Moltres|91/100
|turn|46
|inactive|ironbritish has 120 seconds left.
|
|t:|1760443652
|move|p2a: Tornadus|Knock Off|p1a: CHKN
|-damage|p1a: CHKN|77/100
|-enditem|p1a: CHKN|Heavy-Duty Boots|[from] move: Knock Off|[of] p2a: Tornadus
|move|p1a: CHKN|Fire Blast|p2a: Tornadus
|-damage|p2a: Tornadus|23/100
|
|upkeep
|turn|47
|inactive|ironbritish has 120 seconds left.
|inactive|ironbritish has 90 seconds left.
|
|t:|1760443688
|move|p2a: Tornadus|Bleakwind Storm|p1a: CHKN
|-damage|p1a: CHKN|27/100
|-unboost|p1a: CHKN|spe|1
|move|p1a: CHKN|Hurricane|p2a: Tornadus|[miss]
|-miss|p1a: CHKN|p2a: Tornadus
|
|upkeep
|turn|48
|
|t:|1760443699
|move|p2a: Tornadus|Bleakwind Storm|p1a: CHKN|[miss]
|-miss|p2a: Tornadus|p1a: CHKN
|move|p1a: CHKN|Fire Blast|p2a: Tornadus
|-damage|p2a: Tornadus|0 fnt
|faint|p2a: Tornadus
|
|upkeep
|
|t:|1760443708
|switch|p2a: Cyclizar|Cyclizar, F|100/100
|-damage|p2a: Cyclizar|88/100|[from] Stealth Rock
|turn|49
|
|t:|1760443713
|move|p2a: Cyclizar|Supercell Slam|p1a: CHKN
|-supereffective|p1a: CHKN
|-damage|p1a: CHKN|0 fnt
|faint|p1a: CHKN
|
|upkeep
|
|t:|1760443718
|switch|p1a: bird|Tornadus-Therian, M|66/100 tox
|turn|50
|inactive|ironbritish has 90 seconds left.
|
|t:|1760443750
|switch|p2a: Amoonguss|Amoonguss, M|100/100 brn
|-damage|p2a: Amoonguss|88/100 brn|[from] Stealth Rock
|move|p1a: bird|Bleakwind Storm|p2a: Amoonguss
|-supereffective|p2a: Amoonguss
|-damage|p2a: Amoonguss|24/100 brn
|-unboost|p2a: Amoonguss|spe|1
|
|-damage|p1a: bird|60/100 tox|[from] psn
|-damage|p2a: Amoonguss|18/100 brn|[from] brn
|upkeep
|turn|51
|inactive|ironbritish has 90 seconds left.
|
|t:|1760443764
|switch|p2a: Cyclizar|Cyclizar, F|100/100
|-damage|p2a: Cyclizar|88/100|[from] Stealth Rock
|move|p1a: bird|Bleakwind Storm|p2a: Cyclizar
|-damage|p2a: Cyclizar|25/100
|-enditem|p2a: Cyclizar|Sitrus Berry|[eat]
|-heal|p2a: Cyclizar|50/100|[from] item: Sitrus Berry
|
|-damage|p1a: bird|47/100 tox|[from] psn
|upkeep
|turn|52
|inactive|ironbritish has 90 seconds left.
|
|t:|1760443782
|move|p2a: Cyclizar|Supercell Slam|p1a: bird
|-supereffective|p1a: bird
|-damage|p1a: bird|0 fnt
|faint|p1a: bird
|
|win|ironbritish
|raw|Desperadoswthlime's rating: 1129 &rarr; <strong>1105</strong><br />(-24 for losing)
|raw|ironbritish's rating: 1136 &rarr; <strong>1160</strong><br />(+24 for winning)
|l|☆Desperadoswthlime
|player|p1|
|l|☆ironbritish
|player|p2|
