|j|☆delete tera
|j|☆sappaling
|t:|1760439876
|gametype|singles
|player|p1|delete tera|265|1314
|player|p2|sappaling|unknown|1254
|gen|9
|tier|[Gen 9] OU
|rated|
|rule|HP Percentage Mod: HP is shown in percentages
|rule|Endless Battle Clause: Forcing endless battles is banned
|rule|Species Clause: Limit one of each Pokémon
|rule|OHKO Clause: OHKO moves are banned
|rule|Evasion Items Clause: Evasion items are banned
|rule|Evasion Moves Clause: Evasion moves are banned
|rule|Evasion Abilities Clause: Evasion abilities are banned
|rule|Sleep Moves Clause: Sleep-inducing moves are banned
|clearpoke
|poke|p1|Garchomp, F|
|poke|p1|Zamazenta-*|
|poke|p1|Iron Hands|
|poke|p1|Dragonite, M|
|poke|p1|Iron Valiant|
|poke|p1|Salazzle, F|
|poke|p2|Samurott-Hisui, F|
|poke|p2|Ninetales-Alola, M|
|poke|p2|Zoroark-Hisui, M|
|poke|p2|Kommo-o, F|
|poke|p2|Clodsire, M|
|poke|p2|Skeledirge, M|
|teampreview
|inactive|Battle timer is ON: inactive players will automatically lose when time's up. (requested by sappaling)
|inactive|sappaling has 120 seconds left.
|
|t:|1760439908
|teamsize|p1|6
|teamsize|p2|6
|start
|switch|p1a: Salazzle|Salazzle, F, shiny|100/100
|switch|p2a: Samurott|Samurott-Hisui, F|100/100
|turn|1
|
|t:|1760439915
|move|p1a: Salazzle|Fake Out|p2a: Samurott
|-immune|p2a: Samurott
|move|p2a: Samurott|Agility|p2a: Samurott
|-boost|p2a: Samurott|spe|2
|
|upkeep
|turn|2
|
|t:|1760439923
|move|p2a: Samurott|Hyper Voice|p1a: Salazzle
|-damage|p1a: Salazzle|0 fnt
|faint|p1a: Salazzle
|-damage|p2a: Samurott|91/100|[from] item: Life Orb
|
|upkeep
|
|t:|1760439931
|switch|p1a: Dragonite|Dragonite, M|100/100
|turn|3
|
|t:|1760439935
|move|p2a: Samurott|Hyper Voice|p1a: Dragonite
|-damage|p1a: Dragonite|69/100
|-damage|p2a: Samurott|81/100|[from] item: Life Orb
|move|p1a: Dragonite|Dragon Tail|p2a: Samurott
|-damage|p2a: Samurott|14/100
|replace|p2a: Zoroark|Zoroark-Hisui, M
|-end|p2a: Zoroark|Illusion
|drag|p2a: Samurott|Samurott-Hisui, F|100/100
|
|upkeep
|turn|4
|
|t:|1760439946
|move|p2a: Samurott|Ceaseless Edge|p1a: Dragonite
|-damage|p1a: Dragonite|30/100
|-sidestart|p1: delete tera|Spikes
|move|p1a: Dragonite|Dragon Tail|p2a: Samurott
|-damage|p2a: Samurott|58/100
|drag|p2a: Skeledirge|Skeledirge, M|100/100
|
|upkeep
|turn|5
|
|t:|1760439957
|move|p1a: Dragonite|Earthquake|p2a: Skeledirge
|-supereffective|p2a: Skeledirge
|-damage|p2a: Skeledirge|51/100
|move|p2a: Skeledirge|Will-O-Wisp|p1a: Dragonite
|-status|p1a: Dragonite|brn
|
|-damage|p1a: Dragonite|24/100 brn|[from] brn
|upkeep
|turn|6
|
|t:|1760439963
|move|p2a: Skeledirge|Slack Off|p2a: Skeledirge
|-heal|p2a: Skeledirge|100/100
|move|p1a: Dragonite|Dragon Tail|p2a: Skeledirge
|-damage|p2a: Skeledirge|90/100
|drag|p2a: Samurott|Samurott-Hisui, F|58/100
|
|-damage|p1a: Dragonite|18/100 brn|[from] brn
|upkeep
|turn|7
|
|t:|1760439971
|move|p2a: Samurott|Ceaseless Edge|p1a: Dragonite
|-damage|p1a: Dragonite|0 fnt
|-sidestart|p1: delete tera|Spikes
|faint|p1a: Dragonite
|
|upkeep
|
|t:|1760439978
|switch|p1a: Zamazenta|Zamazenta|100/100
|-damage|p1a: Zamazenta|84/100|[from] Spikes
|-ability|p1a: Zamazenta|Dauntless Shield|boost
|-boost|p1a: Zamazenta|def|1
|turn|8
|
|t:|1760439986
|-terastallize|p2a: Samurott|Poison
|move|p1a: Zamazenta|Close Combat|p2a: Samurott
|-resisted|p2a: Samurott
|-damage|p2a: Samurott|9/100
|-unboost|p1a: Zamazenta|def|1
|-unboost|p1a: Zamazenta|spd|1
|-damage|p1a: Zamazenta|74/100|[from] item: Life Orb
|move|p2a: Samurott|Aqua Cutter|p1a: Zamazenta
|-damage|p1a: Zamazenta|25/100
|
|upkeep
|turn|9
|
|t:|1760440000
|switch|p2a: Samurott|Samurott-Hisui, F|14/100
|move|p1a: Zamazenta|Crunch|p2a: Samurott
|-supereffective|p2a: Samurott
|-crit|p2a: Samurott
|-damage|p2a: Samurott|0 fnt
|replace|p2a: Zoroark|Zoroark-Hisui, M
|-end|p2a: Zoroark|Illusion
|faint|p2a: Zoroark
|-damage|p1a: Zamazenta|15/100|[from] item: Life Orb
|
|upkeep
|
|t:|1760440011
|switch|p2a: Samurott|Samurott-Hisui, F, tera:Poison|9/100
|turn|10
|
|t:|1760440014
|move|p2a: Samurott|Aqua Jet|p1a: Zamazenta
|-damage|p1a: Zamazenta|0 fnt
|faint|p1a: Zamazenta
|
|upkeep
|
|t:|1760440025
|switch|p1a: Iron Valiant|Iron Valiant|100/100
|-damage|p1a: Iron Valiant|84/100|[from] Spikes
|-enditem|p1a: Iron Valiant|Booster Energy
|-activate|p1a: Iron Valiant|ability: Quark Drive|[fromitem]
|-start|p1a: Iron Valiant|quarkdrivespe
|turn|11
|
|t:|1760440031
|move|p2a: Samurott|Aqua Jet|p1a: Iron Valiant
|-damage|p1a: Iron Valiant|61/100
|move|p1a: Iron Valiant|Knock Off|p2a: Samurott
|-damage|p2a: Samurott|0 fnt
|-enditem|p2a: Samurott|Assault Vest|[from] move: Knock Off|[of] p1a: Iron Valiant
|faint|p2a: Samurott
|
|upkeep
|
|t:|1760440041
|switch|p2a: Skeledirge|Skeledirge, M|90/100
|turn|12
|
|t:|1760440046
|move|p1a: Iron Valiant|Knock Off|p2a: Skeledirge
|-supereffective|p2a: Skeledirge
|-damage|p2a: Skeledirge|59/100
|-enditem|p2a: Skeledirge|Heavy-Duty Boots|[from] move: Knock Off|[of] p1a: Iron Valiant
|move|p2a: Skeledirge|Torch Song|p1a: Iron Valiant
|-damage|p1a: Iron Valiant|5/100
|-boost|p2a: Skeledirge|spa|1
|
|upkeep
|turn|13
|
|t:|1760440056
|move|p1a: Iron Valiant|Knock Off|p2a: Skeledirge
|-supereffective|p2a: Skeledirge
|-damage|p2a: Skeledirge|38/100
|move|p2a: Skeledirge|Slack Off|p2a: Skeledirge
|-heal|p2a: Skeledirge|88/100
|
|upkeep
|turn|14
|
|t:|1760440061
|move|p1a: Iron Valiant|Encore|p2a: Skeledirge
|-start|p2a: Skeledirge|Encore
|move|p2a: Skeledirge|Slack Off|p2a: Skeledirge
|-heal|p2a: Skeledirge|100/100
|
|upkeep
|turn|15
|
|t:|1760440066
|switch|p2a: Clodsire|Clodsire, M|100/100
|move|p1a: Iron Valiant|Moonblast|p2a: Clodsire
|-resisted|p2a: Clodsire
|-damage|p2a: Clodsire|87/100
|
|-heal|p2a: Clodsire|93/100|[from] item: Black Sludge
|upkeep
|turn|16
|
|t:|1760440069
|move|p1a: Iron Valiant|Knock Off|p2a: Clodsire
|-damage|p2a: Clodsire|62/100
|-enditem|p2a: Clodsire|Black Sludge|[from] move: Knock Off|[of] p1a: Iron Valiant
|move|p2a: Clodsire|Gunk Shot|p1a: Iron Valiant|[miss]
|-miss|p2a: Clodsire|p1a: Iron Valiant
|
|upkeep
|turn|17
|
|t:|1760440076
|move|p1a: Iron Valiant|Knock Off|p2a: Clodsire
|-crit|p2a: Clodsire
|-damage|p2a: Clodsire|28/100
|move|p2a: Clodsire|Earthquake|p1a: Iron Valiant
|-damage|p1a: Iron Valiant|0 fnt
|faint|p1a: Iron Valiant
|-end|p1a: Iron Valiant|Quark Drive|[silent]
|
|upkeep
|
|t:|1760440079
|switch|p1a: Garchomp|Garchomp, F|100/100
|-damage|p1a: Garchomp|84/100|[from] Spikes
|turn|18
|
|t:|1760440082
|move|p1a: Garchomp|Earthquake|p2a: Clodsire
|-supereffective|p2a: Clodsire
|-damage|p2a: Clodsire|0 fnt
|faint|p2a: Clodsire
|
|upkeep
|
|t:|1760440087
|switch|p2a: Ninetales|Ninetales-Alola, M|100/100
|-weather|Snowscape|[from] ability: Snow Warning|[of] p2a: Ninetales
|turn|19
|
|t:|1760440093
|-terastallize|p1a: Garchomp|Fire
|move|p2a: Ninetales|Aurora Veil|p2a: Ninetales
|-sidestart|p2: sappaling|move: Aurora Veil
|move|p1a: Garchomp|Fire Fang|p2a: Ninetales
|-supereffective|p2a: Ninetales
|-damage|p2a: Ninetales|68/100
|
|-weather|Snowscape|[upkeep]
|upkeep
|turn|20
|
|t:|1760440101
|switch|p2a: Skeledirge|Skeledirge, M|100/100
|move|p1a: Garchomp|Fire Fang|p2a: Skeledirge
|-resisted|p2a: Skeledirge
|-damage|p2a: Skeledirge|95/100
|
|-weather|Snowscape|[upkeep]
|upkeep
|turn|21
|
|t:|1760440110
|move|p1a: Garchomp|Earthquake|p2a: Skeledirge
|-supereffective|p2a: Skeledirge
|-damage|p2a: Skeledirge|66/100
|move|p2a: Skeledirge|Torch Song|p1a: Garchomp
|-resisted|p1a: Garchomp
|-damage|p1a: Garchomp|67/100
|-boost|p2a: Skeledirge|spa|1
|
|-weather|Snowscape|[upkeep]
|upkeep
|turn|22
|
|t:|1760440115
|move|p1a: Garchomp|Earthquake|p2a: Skeledirge
|-supereffective|p2a: Skeledirge
|-damage|p2a: Skeledirge|35/100
|move|p2a: Skeledirge|Torch Song|p1a: Garchomp
|-resisted|p1a: Garchomp
|-damage|p1a: Garchomp|45/100
|-boost|p2a: Skeledirge|spa|1
|
|-weather|Snowscape|[upkeep]
|upkeep
|turn|23
|
|t:|1760440118
|move|p1a: Garchomp|Earthquake|p2a: Skeledirge
|-supereffective|p2a: Skeledirge
|-damage|p2a: Skeledirge|2/100
|move|p2a: Skeledirge|Slack Off|p2a: Skeledirge
|-heal|p2a: Skeledirge|52/100
|
|-weather|none
|-sideend|p2: sappaling|move: Aurora Veil
|upkeep
|turn|24
|
|t:|1760440121
|move|p1a: Garchomp|Earthquake|p2a: Skeledirge
|-supereffective|p2a: Skeledirge
|-damage|p2a: Skeledirge|0 fnt
|faint|p2a: Skeledirge
|
|upkeep
|
|t:|1760440124
|switch|p2a: Kommo-o|Kommo-o, F|100/100
|turn|25
|
|t:|1760440131
|move|p1a: Garchomp|Scale Shot|p2a: Kommo-o
|-supereffective|p2a: Kommo-o
|-damage|p2a: Kommo-o|75/100
|-supereffective|p2a: Kommo-o
|-damage|p2a: Kommo-o|46/100
|-supereffective|p2a: Kommo-o
|-damage|p2a: Kommo-o|17/100
|-supereffective|p2a: Kommo-o
|-damage|p2a: Kommo-o|0 fnt
|faint|p2a: Kommo-o
|-hitcount|p2: Kommo-o|4
|-unboost|p1a: Garchomp|def|1
|-boost|p1a: Garchomp|spe|1
|
|upkeep
|
|t:|1760440137
|switch|p2a: Ninetales|Ninetales-Alola, M|68/100
|-weather|Snowscape|[from] ability: Snow Warning|[of] p2a: Ninetales
|turn|26
|
|t:|1760440143
|move|p1a: Garchomp|Fire Fang|p2a: Ninetales
|-supereffective|p2a: Ninetales
|-damage|p2a: Ninetales|5/100
|move|p2a: Ninetales|Aurora Veil|p2a: Ninetales
|-sidestart|p2: sappaling|move: Aurora Veil
|
|-weather|Snowscape|[upkeep]
|upkeep
|turn|27
|
|t:|1760440147
|move|p1a: Garchomp|Fire Fang|p2a: Ninetales
|-supereffective|p2a: Ninetales
|-damage|p2a: Ninetales|0 fnt
|faint|p2a: Ninetales
|
|win|delete tera
|raw|delete tera's rating: 1314 &rarr; <strong>1331</strong><br />(+17 for winning)
|raw|sappaling's rating: 1254 &rarr; <strong>1233</strong><br />(-21 for losing)
|l|☆sappaling
|player|p2|
|l|☆delete tera
|player|p1|
