|j|☆DTTPokemon
|j|☆yodimjay
|t:|1760347830
|gametype|singles
|player|p1|DTTPokemon|pokemonrangerf|1335
|player|p2|yodimjay|hugh|1295
|gen|9
|tier|[Gen 9] OU
|rated|
|rule|HP Percentage Mod: HP is shown in percentages
|rule|Endless Battle Clause: Forcing endless battles is banned
|rule|Species Clause: Limit one of each Pokémon
|rule|OHKO Clause: OHKO moves are banned
|rule|Evasion Items Clause: Evasion items are banned
|rule|Evasion Moves Clause: Evasion moves are banned
|rule|Evasion Abilities Clause: Evasion abilities are banned
|rule|Sleep Moves Clause: Sleep-inducing moves are banned
|clearpoke
|poke|p1|Zamazenta-*|
|poke|p1|Iron Moth|
|poke|p1|Iron Valiant|
|poke|p1|Araquanid, F|
|poke|p1|Corviknight, M|
|poke|p1|Zapdos|
|poke|p2|Cinderace, F|
|poke|p2|Meowscarada, F|
|poke|p2|Scizor, F|
|poke|p2|Dragalge, F|
|poke|p2|Hatterene, F|
|poke|p2|Darkrai|
|teampreview
|inactive|Battle timer is ON: inactive players will automatically lose when time's up. (requested by DTTPokemon)
|inactive|yodimjay also wants the timer to be on.
|
|t:|1760347860
|teamsize|p1|6
|teamsize|p2|6
|start
|switch|p1a: Araquanid|Araquanid, F|100/100
|switch|p2a: Asparas|Hatterene, F|100/100
|turn|1
|
|t:|1760347889
|move|p1a: Araquanid|Liquidation|p2a: Asparas
|-damage|p2a: Asparas|52/100
|-damage|p1a: Araquanid|84/100|[from] item: Rocky Helmet|[of] p2a: Asparas
|move|p2a: Asparas|Nuzzle|p1a: Araquanid
|-supereffective|p1a: Araquanid
|-damage|p1a: Araquanid|75/100
|-status|p1a: Araquanid|par
|
|-heal|p1a: Araquanid|81/100 par|[from] item: Leftovers
|upkeep
|turn|2
|
|t:|1760347905
|move|p2a: Asparas|Pain Split|p1a: Araquanid
|-sethp|p1a: Araquanid|65/100 par|[from] move: Pain Split|[silent]
|-sethp|p2a: Asparas|68/100|[from] move: Pain Split
|move|p1a: Araquanid|Liquidation|p2a: Asparas
|-damage|p2a: Asparas|16/100
|-unboost|p2a: Asparas|def|1
|-damage|p1a: Araquanid|49/100 par|[from] item: Rocky Helmet|[of] p2a: Asparas
|
|-heal|p1a: Araquanid|55/100 par|[from] item: Leftovers
|upkeep
|turn|3
|inactive|DTTPokemon has 120 seconds left.
|
|t:|1760347929
|move|p2a: Asparas|Pain Split|p1a: Araquanid
|-sethp|p1a: Araquanid|35/100 par|[from] move: Pain Split|[silent]
|-sethp|p2a: Asparas|36/100|[from] move: Pain Split
|move|p1a: Araquanid|Liquidation|p2a: Asparas
|-damage|p2a: Asparas|0 fnt
|-damage|p1a: Araquanid|18/100 par|[from] item: Rocky Helmet|[of] p2a: Asparas
|faint|p2a: Asparas
|
|-heal|p1a: Araquanid|24/100 par|[from] item: Leftovers
|upkeep
|inactive|yodimjay has 120 seconds left.
|
|t:|1760347953
|switch|p2a: Ivy|Meowscarada, F, shiny|100/100
|turn|4
|
|t:|1760347960
|move|p2a: Ivy|Knock Off|p1a: Araquanid
|-start|p2a: Ivy|typechange|Dark|[from] ability: Protean
|-damage|p1a: Araquanid|0 fnt
|-enditem|p1a: Araquanid|Leftovers|[from] move: Knock Off|[of] p2a: Ivy
|faint|p1a: Araquanid
|
|upkeep
|inactive|DTTPokemon has 120 seconds left.
|
|t:|1760347977
|switch|p1a: Corviknight|Corviknight, M, shiny|100/100
|turn|5
|
|t:|1760347981
|move|p2a: Ivy|Knock Off|p1a: Corviknight
|-damage|p1a: Corviknight|58/100
|-damage|p2a: Ivy|84/100|[from] item: Rocky Helmet|[of] p1a: Corviknight
|-enditem|p1a: Corviknight|Rocky Helmet|[from] move: Knock Off|[of] p2a: Ivy
|move|p1a: Corviknight|Body Press|p2a: Ivy
|-supereffective|p2a: Ivy
|-damage|p2a: Ivy|0 fnt
|faint|p2a: Ivy
|
|upkeep
|
|t:|1760347992
|switch|p2a: Nina|Scizor, F|100/100
|turn|6
|
|t:|1760347996
|move|p2a: Nina|Swords Dance|p2a: Nina
|-boost|p2a: Nina|atk|2
|move|p1a: Corviknight|Body Press|p2a: Nina
|-damage|p2a: Nina|73/100
|
|upkeep
|turn|7
|
|t:|1760348002
|move|p2a: Nina|Swords Dance|p2a: Nina
|-boost|p2a: Nina|atk|2
|move|p1a: Corviknight|Body Press|p2a: Nina
|-damage|p2a: Nina|47/100
|
|upkeep
|turn|8
|
|t:|1760348019
|move|p2a: Nina|Close Combat|p1a: Corviknight
|-damage|p1a: Corviknight|0 fnt
|-unboost|p2a: Nina|def|1
|-unboost|p2a: Nina|spd|1
|faint|p1a: Corviknight
|
|upkeep
|inactive|DTTPokemon has 120 seconds left.
|
|t:|1760348053
|switch|p1a: Iron Moth|Iron Moth|100/100
|-item|p1a: Iron Moth|Air Balloon
|turn|9
|
|t:|1760348060
|move|p2a: Nina|Bullet Punch|p1a: Iron Moth
|-resisted|p1a: Iron Moth
|-damage|p1a: Iron Moth|6/100
|-enditem|p1a: Iron Moth|Air Balloon
|move|p1a: Iron Moth|Fiery Dance|p2a: Nina
|-supereffective|p2a: Nina
|-damage|p2a: Nina|0 fnt
|-boost|p1a: Iron Moth|spa|1
|faint|p2a: Nina
|
|upkeep
|
|t:|1760348065
|switch|p2a: Cindy|Cinderace, F, shiny|100/100
|turn|10
|
|t:|1760348071
|move|p2a: Cindy|Pyro Ball|p1a: Iron Moth
|-resisted|p1a: Iron Moth
|-damage|p1a: Iron Moth|0 fnt
|faint|p1a: Iron Moth
|-end|p1a: Iron Moth|Quark Drive|[silent]
|
|upkeep
|
|t:|1760348079
|switch|p1a: Zapdos|Zapdos|100/100
|turn|11
|
|t:|1760348084
|move|p2a: Cindy|Pyro Ball|p1a: Zapdos
|-damage|p1a: Zapdos|29/100
|move|p1a: Zapdos|Volt Switch|p2a: Cindy
|-damage|p2a: Cindy|39/100
|-damage|p1a: Zapdos|19/100|[from] item: Life Orb
|
|t:|1760348090
|switch|p1a: Iron Valiant|Iron Valiant|100/100|[from] Volt Switch
|-enditem|p1a: Iron Valiant|Booster Energy
|-activate|p1a: Iron Valiant|ability: Quark Drive|[fromitem]
|-start|p1a: Iron Valiant|quarkdrivespe
|
|upkeep
|turn|12
|
|t:|1760348099
|move|p2a: Cindy|Sucker Punch|p1a: Iron Valiant
|-start|p2a: Cindy|typechange|Dark|[from] ability: Libero
|-resisted|p1a: Iron Valiant
|-damage|p1a: Iron Valiant|90/100
|move|p1a: Iron Valiant|Aura Sphere|p2a: Cindy
|-supereffective|p2a: Cindy
|-damage|p2a: Cindy|0 fnt
|faint|p2a: Cindy
|
|upkeep
|
|t:|1760348113
|switch|p2a: Mystery|Dragalge, F|100/100
|turn|13
|
|t:|1760348118
|move|p1a: Iron Valiant|Moonblast|p2a: Mystery
|-damage|p2a: Mystery|72/100
|move|p2a: Mystery|Sludge Wave|p1a: Iron Valiant
|-supereffective|p1a: Iron Valiant
|-damage|p1a: Iron Valiant|0 fnt
|faint|p1a: Iron Valiant
|-end|p1a: Iron Valiant|Quark Drive|[silent]
|
|upkeep
|
|t:|1760348126
|switch|p1a: Zamazenta|Zamazenta|100/100
|-ability|p1a: Zamazenta|Dauntless Shield|boost
|-boost|p1a: Zamazenta|def|1
|turn|14
|
|t:|1760348130
|move|p1a: Zamazenta|Body Press|p2a: Mystery
|-resisted|p2a: Mystery
|-damage|p2a: Mystery|46/100
|move|p2a: Mystery|Draco Meteor|p1a: Zamazenta
|-damage|p1a: Zamazenta|61/100
|-unboost|p2a: Mystery|spa|2
|
|upkeep
|turn|15
|
|t:|1760348139
|move|p1a: Zamazenta|Body Press|p2a: Mystery
|-resisted|p2a: Mystery
|-damage|p2a: Mystery|22/100
|move|p2a: Mystery|Flip Turn|p1a: Zamazenta
|-damage|p1a: Zamazenta|55/100
|
|t:|1760348145
|switch|p2a: Darkrai|Darkrai|100/100|[from] Flip Turn
|
|upkeep
|turn|16
|
|t:|1760348152
|-terastallize|p2a: Darkrai|Ghost
|move|p2a: Darkrai|Nasty Plot|p2a: Darkrai
|-boost|p2a: Darkrai|spa|2
|move|p1a: Zamazenta|Crunch|p2a: Darkrai
|-supereffective|p2a: Darkrai
|-damage|p2a: Darkrai|18/100
|-unboost|p2a: Darkrai|def|1
|
|upkeep
|turn|17
|
|t:|1760348160
|move|p2a: Darkrai|Psyshock|p1a: Zamazenta
|-supereffective|p1a: Zamazenta
|-damage|p1a: Zamazenta|0 fnt
|faint|p1a: Zamazenta
|
|upkeep
|
|t:|1760348165
|switch|p1a: Zapdos|Zapdos|19/100
|turn|18
|
|t:|1760348170
|move|p2a: Darkrai|Dark Pulse|p1a: Zapdos
|-damage|p1a: Zapdos|0 fnt
|faint|p1a: Zapdos
|
|win|yodimjay
|raw|DTTPokemon's rating: 1335 &rarr; <strong>1313</strong><br />(-22 for losing)
|raw|yodimjay's rating: 1295 &rarr; <strong>1323</strong><br />(+28 for winning)
|l|☆DTTPokemon
|player|p1|
|l|☆yodimjay
|player|p2|
