|j|☆Winterchillz
|j|☆Auburn Hills
|t:|1760309285
|gametype|singles
|player|p1|Winterchillz|wallace|1679
|player|p2|Auburn Hills|alder|1686
|gen|9
|tier|[Gen 9] OU
|rated|
|rule|HP Percentage Mod: HP is shown in percentages
|rule|Endless Battle Clause: Forcing endless battles is banned
|rule|Species Clause: Limit one of each Pokémon
|rule|OHKO Clause: OHKO moves are banned
|rule|Evasion Items Clause: Evasion items are banned
|rule|Evasion Moves Clause: Evasion moves are banned
|rule|Evasion Abilities Clause: Evasion abilities are banned
|rule|Sleep Moves Clause: Sleep-inducing moves are banned
|clearpoke
|poke|p1|Gliscor, F|
|poke|p1|Gholdengo|
|poke|p1|Tinkaton, F|
|poke|p1|Ting-Lu|
|poke|p1|Walking Wake|
|poke|p1|Zamazenta-*|
|poke|p2|Iron Moth|
|poke|p2|Umbreon, M|
|poke|p2|Garchomp, F|
|poke|p2|Glimmora, M|
|poke|p2|Gholdengo|
|poke|p2|Dragonite, F|
|teampreview
|inactive|Battle timer is ON: inactive players will automatically lose when time's up. (requested by Auburn Hills)
|
|t:|1760309310
|teamsize|p1|6
|teamsize|p2|6
|start
|switch|p1a: Hammer of Justice|Tinkaton, F|100/100
|switch|p2a: Rat Tally|Garchomp, F|100/100
|-ability|p1a: Hammer of Justice|Mold Breaker
|-item|p1a: Hammer of Justice|Air Balloon
|turn|1
|
|t:|1760309315
|move|p2a: Rat Tally|Tera Blast|p1a: Hammer of Justice
|-resisted|p1a: Hammer of Justice
|-damage|p1a: Hammer of Justice|95/100
|-enditem|p1a: Hammer of Justice|Air Balloon
|move|p1a: Hammer of Justice|Stealth Rock|p2a: Rat Tally
|-sidestart|p2: Auburn Hills|move: Stealth Rock
|
|upkeep
|turn|2
|
|t:|1760309324
|switch|p1a: Steamed Hams|Walking Wake|100/100
|move|p2a: Rat Tally|Swords Dance|p2a: Rat Tally
|-boost|p2a: Rat Tally|atk|2
|
|upkeep
|turn|3
|
|t:|1760309329
|-terastallize|p2a: Rat Tally|Electric
|move|p1a: Steamed Hams|Draco Meteor|p2a: Rat Tally
|-damage|p2a: Rat Tally|23/100
|-unboost|p1a: Steamed Hams|spa|2
|move|p2a: Rat Tally|Scale Shot|p1a: Steamed Hams
|-supereffective|p1a: Steamed Hams
|-damage|p1a: Steamed Hams|40/100
|-supereffective|p1a: Steamed Hams
|-damage|p1a: Steamed Hams|0 fnt
|faint|p1a: Steamed Hams
|-end|p1a: Steamed Hams|Protosynthesis|[silent]
|-hitcount|p1: Steamed Hams|2
|-unboost|p2a: Rat Tally|def|1
|-boost|p2a: Rat Tally|spe|1
|
|upkeep
|
|t:|1760309340
|switch|p1a: Assault & Battery|Gliscor, F|100/100
|turn|4
|
|t:|1760309344
|move|p1a: Assault & Battery|Protect|p1a: Assault & Battery
|-singleturn|p1a: Assault & Battery|Protect
|move|p2a: Rat Tally|Scale Shot|p1a: Assault & Battery
|-activate|p1a: Assault & Battery|move: Protect
|
|-status|p1a: Assault & Battery|tox|[from] item: Toxic Orb
|upkeep
|turn|5
|
|t:|1760309349
|move|p2a: Rat Tally|Scale Shot|p1a: Assault & Battery
|-damage|p1a: Assault & Battery|81/100 tox
|-damage|p1a: Assault & Battery|60/100 tox
|-damage|p1a: Assault & Battery|41/100 tox
|-damage|p1a: Assault & Battery|20/100 tox
|-damage|p1a: Assault & Battery|0 fnt
|faint|p1a: Assault & Battery
|-hitcount|p1: Assault & Battery|5
|-unboost|p2a: Rat Tally|def|1
|-boost|p2a: Rat Tally|spe|1
|
|upkeep
|
|t:|1760309363
|switch|p1a: Lesser Dog|Zamazenta|100/100
|-ability|p1a: Lesser Dog|Dauntless Shield|boost
|-boost|p1a: Lesser Dog|def|1
|turn|6
|
|t:|1760309368
|move|p2a: Rat Tally|Scale Shot|p1a: Lesser Dog
|-damage|p1a: Lesser Dog|85/100
|-crit|p1a: Lesser Dog
|-damage|p1a: Lesser Dog|49/100
|-damage|p1a: Lesser Dog|34/100
|-damage|p1a: Lesser Dog|17/100
|-damage|p1a: Lesser Dog|1/100
|-hitcount|p1a: Lesser Dog|5
|-unboost|p2a: Rat Tally|def|1
|-boost|p2a: Rat Tally|spe|1
|move|p1a: Lesser Dog|Close Combat|p2a: Rat Tally
|-damage|p2a: Rat Tally|0 fnt
|-unboost|p1a: Lesser Dog|def|1
|-unboost|p1a: Lesser Dog|spd|1
|-damage|p1a: Lesser Dog|0 fnt|[from] ability: Rough Skin|[of] p2a: Rat Tally
|faint|p2a: Rat Tally
|faint|p1a: Lesser Dog
|
|upkeep
|
|t:|1760309377
|switch|p1a: Hammer of Justice|Tinkaton, F|95/100
|switch|p2a: Julia Jacklin|Glimmora, M|100/100
|-ability|p1a: Hammer of Justice|Mold Breaker
|-damage|p2a: Julia Jacklin|88/100|[from] Stealth Rock
|turn|7
|
|t:|1760309380
|switch|p2a: Smino|Gholdengo|100/100
|-damage|p2a: Smino|94/100|[from] Stealth Rock
|move|p1a: Hammer of Justice|Gigaton Hammer|p2a: Smino
|-resisted|p2a: Smino
|-damage|p2a: Smino|71/100
|
|upkeep
|turn|8
|
|t:|1760309384
|switch|p1a: Melting Pot|Ting-Lu|100/100
|-ability|p1a: Melting Pot|Vessel of Ruin
|move|p2a: Smino|Trick|p1a: Melting Pot
|-activate|p2a: Smino|move: Trick|[of] p1a: Melting Pot
|-item|p1a: Melting Pot|Choice Scarf|[from] move: Trick
|-item|p2a: Smino|Leftovers|[from] move: Trick
|
|-heal|p2a: Smino|77/100|[from] item: Leftovers
|upkeep
|turn|9
|
|t:|1760309393
|switch|p2a: Julia Jacklin|Glimmora, M|88/100
|-damage|p2a: Julia Jacklin|76/100|[from] Stealth Rock
|move|p1a: Melting Pot|Ruination|p2a: Julia Jacklin
|-damage|p2a: Julia Jacklin|38/100
|
|upkeep
|turn|10
|
|t:|1760309421
|switch|p1a: Golden Coral|Gholdengo|100/100
|move|p2a: Julia Jacklin|Stealth Rock|p1a: Golden Coral
|-sidestart|p1: Winterchillz|move: Stealth Rock
|
|upkeep
|turn|11
|
|t:|1760309425
|move|p1a: Golden Coral|Shadow Ball|p2a: Julia Jacklin
|-damage|p2a: Julia Jacklin|0 fnt
|faint|p2a: Julia Jacklin
|
|upkeep
|
|t:|1760309428
|switch|p2a: Alvvays|Umbreon, M|100/100
|-damage|p2a: Alvvays|88/100|[from] Stealth Rock
|turn|12
|
|t:|1760309432
|switch|p1a: Hammer of Justice|Tinkaton, F|95/100
|-damage|p1a: Hammer of Justice|89/100|[from] Stealth Rock
|-ability|p1a: Hammer of Justice|Mold Breaker
|move|p2a: Alvvays|Foul Play|p1a: Hammer of Justice
|-resisted|p1a: Hammer of Justice
|-crit|p1a: Hammer of Justice
|-damage|p1a: Hammer of Justice|67/100
|
|-heal|p2a: Alvvays|94/100|[from] item: Leftovers
|upkeep
|turn|13
|
|t:|1760309439
|move|p1a: Hammer of Justice|Knock Off|p2a: Alvvays
|-resisted|p2a: Alvvays
|-damage|p2a: Alvvays|87/100
|-enditem|p2a: Alvvays|Leftovers|[from] move: Knock Off|[of] p1a: Hammer of Justice
|move|p2a: Alvvays|Thunder Wave|p1a: Hammer of Justice
|-status|p1a: Hammer of Justice|par
|
|upkeep
|turn|14
|
|t:|1760309444
|move|p2a: Alvvays|Foul Play|p1a: Hammer of Justice
|-resisted|p1a: Hammer of Justice
|-damage|p1a: Hammer of Justice|51/100 par
|cant|p1a: Hammer of Justice|par
|
|upkeep
|turn|15
|
|t:|1760309447
|switch|p1a: Melting Pot|Ting-Lu|100/100
|-damage|p1a: Melting Pot|94/100|[from] Stealth Rock
|-ability|p1a: Melting Pot|Vessel of Ruin
|move|p2a: Alvvays|Foul Play|p1a: Melting Pot
|-resisted|p1a: Melting Pot
|-damage|p1a: Melting Pot|85/100
|
|upkeep
|turn|16
|
|t:|1760309451
|move|p1a: Melting Pot|Spikes|p2a: Alvvays
|-sidestart|p2: Auburn Hills|Spikes
|move|p2a: Alvvays|Wish|p2a: Alvvays
|
|upkeep
|turn|17
|
|t:|1760309458
|switch|p1a: Golden Coral|Gholdengo|100/100
|-damage|p1a: Golden Coral|94/100|[from] Stealth Rock
|move|p2a: Alvvays|Foul Play|p1a: Golden Coral
|-supereffective|p1a: Golden Coral
|-damage|p1a: Golden Coral|58/100
|
|-heal|p2a: Alvvays|100/100|[from] move: Wish|[wisher] Alvvays
|upkeep
|turn|18
|
|t:|1760309465
|move|p2a: Alvvays|Protect|p2a: Alvvays
|-singleturn|p2a: Alvvays|Protect
|move|p1a: Golden Coral|Trick|p2a: Alvvays
|-activate|p2a: Alvvays|move: Protect
|
|upkeep
|turn|19
|
|t:|1760309469
|switch|p2a: Smino|Gholdengo|77/100
|-damage|p2a: Smino|71/100|[from] Stealth Rock
|-damage|p2a: Smino|59/100|[from] Spikes
|move|p1a: Golden Coral|Trick|p2a: Smino
|-immune|p2a: Smino|[from] ability: Good as Gold
|
|-heal|p2a: Smino|65/100|[from] item: Leftovers
|upkeep
|turn|20
|
|t:|1760309474
|switch|p1a: Melting Pot|Ting-Lu|85/100
|-damage|p1a: Melting Pot|78/100|[from] Stealth Rock
|-ability|p1a: Melting Pot|Vessel of Ruin
|move|p2a: Smino|Shadow Ball|p1a: Melting Pot
|-resisted|p1a: Melting Pot
|-crit|p1a: Melting Pot
|-damage|p1a: Melting Pot|64/100
|
|-heal|p2a: Smino|71/100|[from] item: Leftovers
|upkeep
|turn|21
|
|t:|1760309479
|move|p2a: Smino|Shadow Ball|p1a: Melting Pot
|-resisted|p1a: Melting Pot
|-damage|p1a: Melting Pot|55/100
|move|p1a: Melting Pot|Earthquake|p2a: Smino
|-supereffective|p2a: Smino
|-damage|p2a: Smino|0 fnt
|faint|p2a: Smino
|
|upkeep
|
|t:|1760309484
|switch|p2a: Elucid|Dragonite, F|100/100
|turn|22
|
|t:|1760309496
|switch|p1a: Hammer of Justice|Tinkaton, F|51/100 par
|-damage|p1a: Hammer of Justice|45/100 par|[from] Stealth Rock
|-ability|p1a: Hammer of Justice|Mold Breaker
|move|p2a: Elucid|Dragon Dance|p2a: Elucid
|-boost|p2a: Elucid|atk|1
|-boost|p2a: Elucid|spe|1
|
|upkeep
|turn|23
|
|t:|1760309499
|move|p2a: Elucid|Earthquake|p1a: Hammer of Justice
|-supereffective|p1a: Hammer of Justice
|-crit|p1a: Hammer of Justice
|-damage|p1a: Hammer of Justice|0 fnt
|faint|p1a: Hammer of Justice
|
|upkeep
|
|t:|1760309502
|switch|p1a: Golden Coral|Gholdengo|58/100
|-damage|p1a: Golden Coral|52/100|[from] Stealth Rock
|turn|24
|
|t:|1760309508
|-terastallize|p1a: Golden Coral|Fairy
|move|p1a: Golden Coral|Recover|p1a: Golden Coral
|-heal|p1a: Golden Coral|100/100
|move|p2a: Elucid|Earthquake|p1a: Golden Coral
|-damage|p1a: Golden Coral|38/100
|
|upkeep
|turn|25
|-message|Winterchillz forfeited.
|
|win|Auburn Hills
|raw|Winterchillz's rating: 1679 &rarr; <strong>1659</strong><br />(-20 for losing)
|raw|Auburn Hills's rating: 1686 &rarr; <strong>1706</strong><br />(+20 for winning)
|l|☆Winterchillz
|player|p1|
|l|☆Auburn Hills
|player|p2|
