|j|☆Capybby
|j|☆ph1fan
|t:|1760376859
|gametype|singles
|player|p1|Capybby|102|1206
|player|p2|ph1fan|twins-gen4dp|1160
|gen|9
|tier|[Gen 9] OU
|rated|
|rule|HP Percentage Mod: HP is shown in percentages
|rule|Endless Battle Clause: Forcing endless battles is banned
|rule|Species Clause: Limit one of each Pokémon
|rule|OHKO Clause: OHKO moves are banned
|rule|Evasion Items Clause: Evasion items are banned
|rule|Evasion Moves Clause: Evasion moves are banned
|rule|Evasion Abilities Clause: Evasion abilities are banned
|rule|Sleep Moves Clause: Sleep-inducing moves are banned
|clearpoke
|poke|p1|Lokix, F|
|poke|p1|Iron Crown|
|poke|p1|Gliscor, M|
|poke|p1|Garganacl, F|
|poke|p1|Pecharunt|
|poke|p1|Cinderace, M|
|poke|p2|Araquanid, F|
|poke|p2|Cinderace, F|
|poke|p2|Enamorus, F|
|poke|p2|Serperior, F|
|poke|p2|Kingambit, M|
|poke|p2|Milotic, M|
|teampreview
|
|t:|1760376873
|teamsize|p1|6
|teamsize|p2|6
|start
|switch|p1a: Garganacl|Garganacl, F|100/100
|switch|p2a: Araquanid|Araquanid, F|100/100
|turn|1
|
|t:|1760376882
|move|p2a: Araquanid|Sticky Web|p1a: Garganacl
|-sidestart|p1: Capybby|move: Sticky Web
|move|p1a: Garganacl|Salt Cure|p2a: Araquanid
|-supereffective|p2a: Araquanid
|-damage|p2a: Araquanid|72/100
|-start|p2a: Araquanid|Salt Cure
|
|-damage|p2a: Araquanid|47/100|[from] Salt Cure
|upkeep
|turn|2
|
|t:|1760376889
|move|p1a: Garganacl|Protect|p1a: Garganacl
|-singleturn|p1a: Garganacl|Protect
|move|p2a: Araquanid|Surf|p1a: Garganacl
|-activate|p1a: Garganacl|move: Protect
|
|-damage|p2a: Araquanid|23/100|[from] Salt Cure
|upkeep
|turn|3
|-enditem|p2a: Araquanid|Custap Berry|[eat]
|-activate|p2a: Araquanid|item: Custap Berry|[consumed]
|
|t:|1760376908
|switch|p1a: Iron Crown|Iron Crown|100/100
|-activate|p1a: Iron Crown|move: Sticky Web
|-unboost|p1a: Iron Crown|spe|1
|move|p2a: Araquanid|Surf|p1a: Iron Crown
|-damage|p1a: Iron Crown|67/100
|
|-damage|p2a: Araquanid|0 fnt|[from] Salt Cure
|faint|p2a: Araquanid
|upkeep
|
|t:|1760376929
|switch|p2a: Cinderace|Cinderace, F|100/100
|turn|4
|
|t:|1760376940
|-end|p1a: Iron Crown|Quark Drive|[silent]
|switch|p1a: Cinderace|Cinderace, M|100/100
|move|p2a: Cinderace|Court Change|p2a: Cinderace
|-swapsideconditions
|-activate|p2a: Cinderace|move: Court Change
|
|upkeep
|turn|5
|
|t:|1760376946
|move|p1a: Cinderace|Court Change|p1a: Cinderace
|-start|p1a: Cinderace|typechange|Normal|[from] ability: Libero
|-swapsideconditions
|-activate|p1a: Cinderace|move: Court Change
|move|p2a: Cinderace|U-turn|p1a: Cinderace
|-damage|p1a: Cinderace|67/100
|inactive|Battle timer is ON: inactive players will automatically lose when time's up. (requested by Capybby)
|
|t:|1760376964
|switch|p2a: Milotic|Milotic, M|100/100|[from] U-turn
|
|upkeep
|turn|6
|
|t:|1760376970
|switch|p2a: Cinderace|Cinderace, F|100/100
|move|p1a: Cinderace|U-turn|p2a: Cinderace
|-resisted|p2a: Cinderace
|-damage|p2a: Cinderace|85/100
|
|t:|1760376973
|switch|p1a: Garganacl|Garganacl, F|100/100|[from] U-turn
|-activate|p1a: Garganacl|move: Sticky Web
|-unboost|p1a: Garganacl|spe|1
|
|upkeep
|turn|7
|
|t:|1760376979
|move|p2a: Cinderace|Court Change|p2a: Cinderace
|-swapsideconditions
|-activate|p2a: Cinderace|move: Court Change
|move|p1a: Garganacl|Salt Cure|p2a: Cinderace
|-supereffective|p2a: Cinderace
|-damage|p2a: Cinderace|46/100
|-start|p2a: Cinderace|Salt Cure
|
|-damage|p2a: Cinderace|34/100|[from] Salt Cure
|upkeep
|turn|8
|
|t:|1760376992
|move|p2a: Cinderace|Will-O-Wisp|p1a: Garganacl|[miss]
|-miss|p2a: Cinderace|p1a: Garganacl
|move|p1a: Garganacl|Salt Cure|p2a: Cinderace
|-supereffective|p2a: Cinderace
|-damage|p2a: Cinderace|0 fnt
|faint|p2a: Cinderace
|
|upkeep
|
|t:|1760377008
|switch|p2a: Enamorus|Enamorus, F|100/100
|turn|9
|
|t:|1760377025
|-terastallize|p2a: Enamorus|Fairy
|move|p2a: Enamorus|Moonblast|p1a: Garganacl
|-damage|p1a: Garganacl|32/100
|-damage|p2a: Enamorus|91/100|[from] item: Life Orb
|move|p1a: Garganacl|Salt Cure|p2a: Enamorus
|-damage|p2a: Enamorus|66/100
|-start|p2a: Enamorus|Salt Cure
|
|-heal|p1a: Garganacl|38/100|[from] item: Leftovers
|-damage|p2a: Enamorus|53/100|[from] Salt Cure
|upkeep
|turn|10
|
|t:|1760377036
|switch|p2a: Serperior|Serperior, F|100/100
|-activate|p2a: Serperior|move: Sticky Web
|-boost|p2a: Serperior|spe|1
|move|p1a: Garganacl|Protect||[still]
|-fail|p1a: Garganacl
|
|-heal|p1a: Garganacl|45/100|[from] item: Leftovers
|upkeep
|turn|11
|
|t:|1760377046
|move|p1a: Garganacl|Protect|p1a: Garganacl
|-singleturn|p1a: Garganacl|Protect
|move|p2a: Serperior|Substitute|p2a: Serperior
|-start|p2a: Serperior|Substitute
|-damage|p2a: Serperior|76/100
|
|-heal|p2a: Serperior|82/100|[from] item: Leftovers
|-heal|p1a: Garganacl|51/100|[from] item: Leftovers
|upkeep
|turn|12
|-message|Capybby forfeited.
|
|win|ph1fan
|raw|Capybby's rating: 1206 &rarr; <strong>1178</strong><br />(-28 for losing)
|raw|ph1fan's rating: 1160 &rarr; <strong>1188</strong><br />(+28 for winning)
|l|☆Capybby
|player|p1|
