|j|☆Llamitas_73
|j|☆maiborra
|t:|1760430670
|gametype|singles
|player|p1|Llamitas_73|gentleman-gen4|1147
|player|p2|maiborra|2|1177
|gen|9
|tier|[Gen 9] OU
|rated|
|rule|HP Percentage Mod: HP is shown in percentages
|rule|Endless Battle Clause: Forcing endless battles is banned
|rule|Species Clause: Limit one of each Pokémon
|rule|OHKO Clause: OHKO moves are banned
|rule|Evasion Items Clause: Evasion items are banned
|rule|Evasion Moves Clause: Evasion moves are banned
|rule|Evasion Abilities Clause: Evasion abilities are banned
|rule|Sleep Moves Clause: Sleep-inducing moves are banned
|clearpoke
|poke|p1|Metagross|
|poke|p1|Iron Moth|
|poke|p1|Rotom-Wash|
|poke|p1|Wo-Chien|
|poke|p1|Gholdengo|
|poke|p1|Dragapult, M|
|poke|p2|Hoopa-Unbound|
|poke|p2|Corviknight, M|
|poke|p2|Zamazenta-*|
|poke|p2|Dondozo, F|
|poke|p2|Slowking-Galar, M|
|poke|p2|Cinderace, M|
|teampreview
|
|t:|1760430676
|teamsize|p1|6
|teamsize|p2|6
|start
|switch|p1a: Wo-Chien|Wo-Chien|100/100
|switch|p2a: Cinderace|Cinderace, M|100/100
|-ability|p1a: Wo-Chien|Tablets of Ruin
|turn|1
|
|t:|1760430686
|-terastallize|p1a: Wo-Chien|Water
|move|p2a: Cinderace|U-turn|p1a: Wo-Chien
|-start|p2a: Cinderace|typechange|Bug|[from] ability: Libero
|-damage|p1a: Wo-Chien|84/100
|
|t:|1760430690
|switch|p2a: Slowking|Slowking-Galar, M|100/100|[from] U-turn
|move|p1a: Wo-Chien|Leech Seed|p2a: Slowking
|-start|p2a: Slowking|move: Leech Seed
|
|-heal|p1a: Wo-Chien|90/100|[from] item: Leftovers
|-damage|p2a: Slowking|88/100|[from] Leech Seed|[of] p1a: Wo-Chien
|-heal|p1a: Wo-Chien|100/100|[silent]
|upkeep
|turn|2
|
|t:|1760430703
|move|p1a: Wo-Chien|Substitute|p1a: Wo-Chien
|-start|p1a: Wo-Chien|Substitute
|-damage|p1a: Wo-Chien|76/100
|-prepare|p2a: Slowking|Chilly Reception|[premajor]
|move|p2a: Slowking|Chilly Reception|p2a: Slowking
|-weather|Snowscape
|
|t:|1760430705
|switch|p2a: Hoopa|Hoopa-Unbound|100/100|[from] Chilly Reception
|
|-weather|Snowscape|[upkeep]
|-heal|p1a: Wo-Chien|82/100|[from] item: Leftovers
|upkeep
|turn|3
|
|t:|1760430712
|move|p2a: Hoopa|Hyperspace Fury|p1a: Wo-Chien
|-damage|p1a: Wo-Chien|23/100
|-unboost|p2a: Hoopa|def|1
|move|p1a: Wo-Chien|Leech Seed|p2a: Hoopa
|-start|p2a: Hoopa|move: Leech Seed
|
|-weather|Snowscape|[upkeep]
|-heal|p1a: Wo-Chien|29/100|[from] item: Leftovers
|-damage|p2a: Hoopa|88/100|[from] Leech Seed|[of] p1a: Wo-Chien
|-heal|p1a: Wo-Chien|39/100|[silent]
|upkeep
|turn|4
|
|t:|1760430721
|move|p1a: Wo-Chien|Protect|p1a: Wo-Chien
|-singleturn|p1a: Wo-Chien|Protect
|move|p2a: Hoopa|Hyperspace Fury|p1a: Wo-Chien
|-activate|p1a: Wo-Chien|move: Hyperspace Fury|[broken]
|-damage|p1a: Wo-Chien|0 fnt
|-unboost|p2a: Hoopa|def|1
|faint|p1a: Wo-Chien
|
|-weather|Snowscape|[upkeep]
|upkeep
|
|t:|1760430742
|switch|p1a: Gholdengo|Gholdengo|100/100
|turn|5
|
|t:|1760430748
|-terastallize|p2a: Hoopa|Dark
|move|p2a: Hoopa|Hyperspace Fury|p1a: Gholdengo
|-supereffective|p1a: Gholdengo
|-damage|p1a: Gholdengo|0 fnt
|-unboost|p2a: Hoopa|def|1
|faint|p1a: Gholdengo
|
|-weather|Snowscape|[upkeep]
|upkeep
|
|t:|1760430758
|switch|p1a: Dragapult|Dragapult, M|100/100
|turn|6
|
|t:|1760430763
|move|p1a: Dragapult|U-turn|p2a: Hoopa
|-supereffective|p2a: Hoopa
|-damage|p2a: Hoopa|0 fnt
|faint|p2a: Hoopa
|
|t:|1760430768
|switch|p1a: Rotom|Rotom-Wash|100/100|[from] U-turn
|
|-weather|none
|upkeep
|
|t:|1760430772
|switch|p2a: Slowking|Slowking-Galar, M|100/100
|turn|7
|
|t:|1760430777
|move|p1a: Rotom|Thunder Wave|p2a: Slowking
|-status|p2a: Slowking|par
|move|p2a: Slowking|Future Sight|p1a: Rotom
|-start|p2a: Slowking|move: Future Sight
|
|upkeep
|turn|8
|
|t:|1760430787
|move|p1a: Rotom|Volt Switch|p2a: Slowking
|-damage|p2a: Slowking|85/100 par
|
|t:|1760430790
|switch|p1a: Metagross|Metagross|100/100|[from] Volt Switch
|-prepare|p2a: Slowking|Chilly Reception|[premajor]
|move|p2a: Slowking|Chilly Reception|p2a: Slowking
|-weather|Snowscape
|
|t:|1760430799
|switch|p2a: Cinderace|Cinderace, M|100/100|[from] Chilly Reception
|
|-weather|Snowscape|[upkeep]
|upkeep
|turn|9
|
|t:|1760430809
|switch|p1a: Rotom|Rotom-Wash|100/100
|move|p2a: Cinderace|Pyro Ball|p1a: Rotom
|-resisted|p1a: Rotom
|-damage|p1a: Rotom|77/100
|
|-weather|Snowscape|[upkeep]
|-end|p1a: Rotom|move: Future Sight
|-damage|p1a: Rotom|35/100
|-heal|p1a: Rotom|42/100|[from] item: Leftovers
|upkeep
|turn|10
|
|t:|1760430822
|move|p2a: Cinderace|U-turn|p1a: Rotom
|-start|p2a: Cinderace|typechange|Bug|[from] ability: Libero
|-damage|p1a: Rotom|12/100
|
|t:|1760430830
|switch|p2a: Slowking|Slowking-Galar, M|100/100 par|[from] U-turn
|move|p1a: Rotom|Hydro Pump|p2a: Slowking
|-damage|p2a: Slowking|78/100 par
|
|-weather|Snowscape|[upkeep]
|-heal|p1a: Rotom|18/100|[from] item: Leftovers
|upkeep
|turn|11
|
|t:|1760430838
|move|p1a: Rotom|Volt Switch|p2a: Slowking
|-damage|p2a: Slowking|63/100 par
|
|t:|1760430845
|switch|p1a: Dragapult|Dragapult, M|100/100|[from] Volt Switch
|move|p2a: Slowking|Future Sight|p1a: Dragapult
|-start|p2a: Slowking|move: Future Sight
|
|-weather|Snowscape|[upkeep]
|upkeep
|turn|12
|
|t:|1760430852
|switch|p2a: Corviknight|Corviknight, M|100/100
|move|p1a: Dragapult|Phantom Force||[still]
|-prepare|p1a: Dragapult|Phantom Force
|
|-weather|none
|upkeep
|turn|13
|
|t:|1760430858
|move|p1a: Dragapult|Phantom Force|p2a: Corviknight|[from] lockedmove
|-crit|p2a: Corviknight
|-damage|p2a: Corviknight|61/100
|-damage|p1a: Dragapult|84/100|[from] item: Rocky Helmet|[of] p2a: Corviknight
|move|p2a: Corviknight|Brave Bird|p1a: Dragapult
|-damage|p1a: Dragapult|38/100
|-damage|p2a: Corviknight|49/100|[from] Recoil
|
|-end|p1a: Dragapult|move: Future Sight
|-damage|p1a: Dragapult|0 fnt
|faint|p1a: Dragapult
|upkeep
|
|t:|1760430872
|switch|p1a: Metagross|Metagross|100/100
|turn|14
|
|t:|1760430878
|move|p1a: Metagross|Thunder Punch|p2a: Corviknight
|-supereffective|p2a: Corviknight
|-damage|p2a: Corviknight|19/100
|-damage|p1a: Metagross|84/100|[from] item: Rocky Helmet|[of] p2a: Corviknight
|move|p2a: Corviknight|Roost|p2a: Corviknight
|-heal|p2a: Corviknight|69/100
|-singleturn|p2a: Corviknight|move: Roost
|
|upkeep
|turn|15
|
|t:|1760430896
|move|p1a: Metagross|Meteor Mash|p2a: Corviknight
|-resisted|p2a: Corviknight
|-damage|p2a: Corviknight|55/100
|-damage|p1a: Metagross|67/100|[from] item: Rocky Helmet|[of] p2a: Corviknight
|move|p2a: Corviknight|Roost|p2a: Corviknight
|-heal|p2a: Corviknight|100/100
|-singleturn|p2a: Corviknight|move: Roost
|
|upkeep
|turn|16
|-message|Llamitas_73 forfeited.
|
|win|maiborra
|raw|Llamitas_73's rating: 1147 &rarr; <strong>1124</strong><br />(-23 for losing)
|raw|maiborra's rating: 1177 &rarr; <strong>1200</strong><br />(+23 for winning)
|l|☆Llamitas_73
|player|p1|
|l|☆maiborra
|player|p2|
