|j|‽theonlydork
|j|☆dia90
|t:|1760371116
|gametype|singles
|player|p1|theonlydork|2|1738
|player|p2|dia90|1|1682
|gen|9
|tier|[Gen 9] OU
|rated|
|rule|HP Percentage Mod: HP is shown in percentages
|rule|Endless Battle Clause: Forcing endless battles is banned
|rule|Species Clause: Limit one of each Pokémon
|rule|OHKO Clause: OHKO moves are banned
|rule|Evasion Items Clause: Evasion items are banned
|rule|Evasion Moves Clause: Evasion moves are banned
|rule|Evasion Abilities Clause: Evasion abilities are banned
|rule|Sleep Moves Clause: Sleep-inducing moves are banned
|clearpoke
|poke|p1|Dragonite, F|
|poke|p1|Gholdengo|
|poke|p1|Regidrago|
|poke|p1|Scizor, M|
|poke|p1|Ting-Lu|
|poke|p1|Weezing-Galar, F|
|poke|p2|Ursaluna, M|
|poke|p2|Raging Bolt|
|poke|p2|Cinderace, F|
|poke|p2|Pecharunt|
|poke|p2|Ogerpon, F|
|poke|p2|Scizor, M|
|teampreview
|
|t:|1760371137
|teamsize|p1|6
|teamsize|p2|6
|start
|switch|p1a: Ting-Lu|Ting-Lu|100/100
|switch|p2a: Scizor|Scizor, M|100/100
|-ability|p1a: Ting-Lu|Vessel of Ruin
|turn|1
|
|t:|1760371144
|move|p2a: Scizor|U-turn|p1a: Ting-Lu
|-supereffective|p1a: Ting-Lu
|-damage|p1a: Ting-Lu|38/100
|inactive|Battle timer is ON: inactive players will automatically lose when time's up. (requested by theonlydork)
|
|t:|1760371148
|switch|p2a: Ogerpon|Ogerpon, F|100/100|[from] U-turn
|move|p1a: Ting-Lu|Stealth Rock|p2a: Ogerpon
|-sidestart|p2: dia90|move: Stealth Rock
|
|-heal|p1a: Ting-Lu|44/100|[from] item: Leftovers
|upkeep
|turn|2
|
|t:|1760371154
|switch|p1a: Scizor|Scizor, M|100/100
|move|p2a: Ogerpon|U-turn|p1a: Scizor
|-resisted|p1a: Scizor
|-damage|p1a: Scizor|81/100
|
|t:|1760371159
|switch|p2a: Cinderace|Cinderace, F|100/100|[from] U-turn
|
|upkeep
|turn|3
|
|t:|1760371165
|move|p2a: Cinderace|Court Change|p2a: Cinderace
|-start|p2a: Cinderace|typechange|Normal|[from] ability: Libero
|-swapsideconditions
|-activate|p2a: Cinderace|move: Court Change
|move|p1a: Scizor|Close Combat|p2a: Cinderace
|-supereffective|p2a: Cinderace
|-damage|p2a: Cinderace|0 fnt
|-unboost|p1a: Scizor|def|1
|-unboost|p1a: Scizor|spd|1
|faint|p2a: Cinderace
|
|upkeep
|
|t:|1760371177
|switch|p2a: Raging Bolt|Raging Bolt|100/100
|turn|4
|
|t:|1760371180
|move|p1a: Scizor|Close Combat|p2a: Raging Bolt
|-crit|p2a: Raging Bolt
|-damage|p2a: Raging Bolt|16/100
|-unboost|p1a: Scizor|def|1
|-unboost|p1a: Scizor|spd|1
|move|p2a: Raging Bolt|Draco Meteor|p1a: Scizor
|-resisted|p1a: Scizor
|-damage|p1a: Scizor|0 fnt
|-unboost|p2a: Raging Bolt|spa|2
|faint|p1a: Scizor
|
|upkeep
|
|t:|1760371188
|switch|p1a: Weezing|Weezing-Galar, F|100/100
|-ability|p1a: Weezing|Neutralizing Gas
|turn|5
|
|t:|1760371195
|-end|p2a: Raging Bolt|Protosynthesis|[silent]
|switch|p2a: Ursaluna|Ursaluna, M|100/100
|move|p1a: Weezing|Defog|p2a: Ursaluna
|-unboost|p2a: Ursaluna|evasion|1
|-sideend|p1: theonlydork|Stealth Rock|[from] move: Defog|[of] p1a: Weezing
|
|upkeep
|turn|6
|
|t:|1760371213
|-end|p1a: Weezing|ability: Neutralizing Gas
|switch|p1a: Ting-Lu|Ting-Lu|44/100
|-ability|p1a: Ting-Lu|Vessel of Ruin
|move|p2a: Ursaluna|Supercell Slam|p1a: Ting-Lu
|-immune|p1a: Ting-Lu
|-damage|p2a: Ursaluna|50/100|[from] supercellslam
|
|-heal|p1a: Ting-Lu|51/100|[from] item: Leftovers
|upkeep
|turn|7
|
|t:|1760371223
|switch|p2a: Scizor|Scizor, M|100/100
|move|p1a: Ting-Lu|Stealth Rock|p2a: Scizor
|-sidestart|p2: dia90|move: Stealth Rock
|
|-heal|p1a: Ting-Lu|57/100|[from] item: Leftovers
|upkeep
|turn|8
|
|t:|1760371228
|switch|p1a: Weezing|Weezing-Galar, F|100/100
|-ability|p1a: Weezing|Neutralizing Gas
|move|p2a: Scizor|U-turn|p1a: Weezing
|-resisted|p1a: Weezing
|-crit|p1a: Weezing
|-damage|p1a: Weezing|86/100
|
|t:|1760371234
|switch|p2a: Ursaluna|Ursaluna, M|50/100|[from] U-turn
|-damage|p2a: Ursaluna|44/100|[from] Stealth Rock
|
|upkeep
|turn|9
|
|t:|1760371240
|-end|p1a: Weezing|ability: Neutralizing Gas
|switch|p1a: Dragonite|Dragonite, F|100/100
|move|p2a: Ursaluna|Double-Edge|p1a: Dragonite
|-damage|p1a: Dragonite|41/100
|-damage|p2a: Ursaluna|30/100|[from] Recoil
|
|upkeep
|turn|10
|
|t:|1760371248
|move|p1a: Dragonite|Earthquake|p2a: Ursaluna
|-damage|p2a: Ursaluna|2/100
|move|p2a: Ursaluna|Double-Edge|p1a: Dragonite
|-damage|p1a: Dragonite|0 fnt
|faint|p1a: Dragonite
|-damage|p2a: Ursaluna|0 fnt|[from] Recoil
|faint|p2a: Ursaluna
|
|upkeep
|j| Imperium of man
|l| Imperium of man
|
|t:|1760371269
|switch|p1a: Regidrago|Regidrago|100/100
|switch|p2a: Scizor|Scizor, M|100/100
|-damage|p2a: Scizor|88/100|[from] Stealth Rock
|turn|11
|
|t:|1760371280
|switch|p1a: Gholdengo|Gholdengo|100/100
|move|p2a: Scizor|U-turn|p1a: Gholdengo
|-resisted|p1a: Gholdengo
|-damage|p1a: Gholdengo|85/100
|inactive|dia90 has 120 seconds left.
|
|t:|1760371299
|switch|p2a: Ogerpon|Ogerpon, F|100/100|[from] U-turn
|-damage|p2a: Ogerpon|88/100|[from] Stealth Rock
|
|upkeep
|turn|12
|
|t:|1760371304
|switch|p1a: Weezing|Weezing-Galar, F|86/100
|-ability|p1a: Weezing|Neutralizing Gas
|move|p2a: Ogerpon|Knock Off|p1a: Weezing
|-resisted|p1a: Weezing
|-damage|p1a: Weezing|69/100
|-enditem|p1a: Weezing|Heavy-Duty Boots|[from] move: Knock Off|[of] p2a: Ogerpon
|
|upkeep
|turn|13
|
|t:|1760371314
|switch|p2a: Raging Bolt|Raging Bolt|16/100
|-damage|p2a: Raging Bolt|3/100|[from] Stealth Rock
|-end|p1a: Weezing|ability: Neutralizing Gas
|switch|p1a: Gholdengo|Gholdengo|85/100
|
|upkeep
|turn|14
|
|t:|1760371319
|switch|p1a: Ting-Lu|Ting-Lu|57/100
|-ability|p1a: Ting-Lu|Vessel of Ruin
|move|p2a: Raging Bolt|Draco Meteor|p1a: Ting-Lu
|-damage|p1a: Ting-Lu|12/100
|-unboost|p2a: Raging Bolt|spa|2
|
|-heal|p1a: Ting-Lu|18/100|[from] item: Leftovers
|upkeep
|turn|15
|
|t:|1760371326
|switch|p1a: Gholdengo|Gholdengo|85/100
|move|p2a: Raging Bolt|Draco Meteor|p1a: Gholdengo
|-resisted|p1a: Gholdengo
|-damage|p1a: Gholdengo|54/100
|-unboost|p2a: Raging Bolt|spa|2
|
|upkeep
|turn|16
|
|t:|1760371347
|move|p1a: Gholdengo|Recover|p1a: Gholdengo
|-heal|p1a: Gholdengo|100/100
|move|p2a: Raging Bolt|Draco Meteor|p1a: Gholdengo
|-resisted|p1a: Gholdengo
|-damage|p1a: Gholdengo|80/100
|-unboost|p2a: Raging Bolt|spa|2
|
|upkeep
|turn|17
|
|t:|1760371353
|move|p1a: Gholdengo|Recover|p1a: Gholdengo
|-heal|p1a: Gholdengo|100/100
|move|p2a: Raging Bolt|Draco Meteor|p1a: Gholdengo
|-resisted|p1a: Gholdengo
|-damage|p1a: Gholdengo|86/100
|
|upkeep
|turn|18
|
|t:|1760371359
|move|p1a: Gholdengo|Shadow Ball|p2a: Raging Bolt
|-damage|p2a: Raging Bolt|0 fnt
|faint|p2a: Raging Bolt
|-end|p2a: Raging Bolt|Protosynthesis|[silent]
|
|upkeep
|
|t:|1760371380
|switch|p2a: Scizor|Scizor, M|88/100
|-damage|p2a: Scizor|75/100|[from] Stealth Rock
|turn|19
|
|t:|1760371385
|switch|p1a: Ting-Lu|Ting-Lu|18/100
|-ability|p1a: Ting-Lu|Vessel of Ruin
|move|p2a: Scizor|Knock Off|p1a: Ting-Lu
|-resisted|p1a: Ting-Lu
|-damage|p1a: Ting-Lu|3/100
|-enditem|p1a: Ting-Lu|Leftovers|[from] move: Knock Off|[of] p2a: Scizor
|
|upkeep
|turn|20
|
|t:|1760371392
|move|p2a: Scizor|Knock Off|p1a: Ting-Lu
|-resisted|p1a: Ting-Lu
|-damage|p1a: Ting-Lu|0 fnt
|faint|p1a: Ting-Lu
|
|upkeep
|
|t:|1760371397
|switch|p1a: Weezing|Weezing-Galar, F|69/100
|-ability|p1a: Weezing|Neutralizing Gas
|turn|21
|
|t:|1760371404
|switch|p2a: Pecharunt|Pecharunt|100/100
|-damage|p2a: Pecharunt|88/100|[from] Stealth Rock
|-end|p1a: Weezing|ability: Neutralizing Gas
|switch|p1a: Gholdengo|Gholdengo|86/100
|
|-heal|p2a: Pecharunt|94/100|[from] item: Leftovers
|upkeep
|turn|22
|
|t:|1760371433
|-terastallize|p1a: Gholdengo|Steel
|-terastallize|p2a: Pecharunt|Grass
|move|p1a: Gholdengo|Make It Rain|p2a: Pecharunt
|-damage|p2a: Pecharunt|0 fnt
|-unboost|p1a: Gholdengo|spa|1
|faint|p2a: Pecharunt
|
|upkeep
|inactive|dia90 has 120 seconds left.
|
|t:|1760371456
|switch|p2a: Ogerpon|Ogerpon, F|88/100
|-damage|p2a: Ogerpon|76/100|[from] Stealth Rock
|turn|23
|
|t:|1760371469
|switch|p1a: Weezing|Weezing-Galar, F|69/100
|-ability|p1a: Weezing|Neutralizing Gas
|move|p2a: Ogerpon|U-turn|p1a: Weezing
|-resisted|p1a: Weezing
|-damage|p1a: Weezing|62/100
|
|t:|1760371475
|switch|p2a: Scizor|Scizor, M|75/100|[from] U-turn
|-damage|p2a: Scizor|63/100|[from] Stealth Rock
|
|upkeep
|turn|24
|inactive|dia90 has 120 seconds left.
|
|t:|1760371484
|move|p2a: Scizor|Close Combat|p1a: Weezing
|-resisted|p1a: Weezing
|-damage|p1a: Weezing|51/100
|-unboost|p2a: Scizor|def|1
|-unboost|p2a: Scizor|spd|1
|move|p1a: Weezing|Will-O-Wisp|p2a: Scizor
|-status|p2a: Scizor|brn
|
|-damage|p2a: Scizor|57/100 brn|[from] brn
|upkeep
|turn|25
|-message|dia90 forfeited.
|
|win|theonlydork
|raw|theonlydork's rating: 1738 &rarr; <strong>1755</strong><br />(+17 for winning)
|raw|dia90's rating: 1682 &rarr; <strong>1665</strong><br />(-17 for losing)
|l|‽theonlydork
|player|p1|
|l|☆dia90
|player|p2|
