|j|☆Mazu623
|j|☆Charle_phate
|t:|1760330131
|gametype|singles
|player|p1|Mazu623|102|1148
|player|p2|Charle_phate|blue|1180
|gen|9
|tier|[Gen 9] OU
|rated|
|rule|HP Percentage Mod: HP is shown in percentages
|rule|Endless Battle Clause: Forcing endless battles is banned
|rule|Species Clause: Limit one of each Pokémon
|rule|OHKO Clause: OHKO moves are banned
|rule|Evasion Items Clause: Evasion items are banned
|rule|Evasion Moves Clause: Evasion moves are banned
|rule|Evasion Abilities Clause: Evasion abilities are banned
|rule|Sleep Moves Clause: Sleep-inducing moves are banned
|clearpoke
|poke|p1|Bronzong|
|poke|p1|Toxapex, M|
|poke|p1|Ursaluna, M|
|poke|p1|Porygon2|
|poke|p1|Scizor, F|
|poke|p1|Skeledirge, M|
|poke|p2|Serperior, F|
|poke|p2|Rotom-Wash|
|poke|p2|Zapdos|
|poke|p2|Heatran, F|
|poke|p2|Clefable, F|
|poke|p2|Landorus-Therian, M|
|teampreview
|inactive|Battle timer is ON: inactive players will automatically lose when time's up. (requested by Charle_phate)
|
|t:|1760330146
|teamsize|p1|6
|teamsize|p2|6
|start
|switch|p1a: Bronzong|Bronzong|100/100
|switch|p2a: Rotom|Rotom-Wash|100/100
|turn|1
|
|t:|1760330163
|move|p2a: Rotom|Thunder Wave|p1a: Bronzong
|-status|p1a: Bronzong|par
|move|p1a: Bronzong|Trick Room|p1a: Bronzong
|-fieldstart|move: Trick Room|[of] p1a: Bronzong
|
|upkeep
|turn|2
|
|t:|1760330174
|move|p1a: Bronzong|Gyro Ball|p2a: Rotom
|-resisted|p2a: Rotom
|-damage|p2a: Rotom|86/100
|move|p2a: Rotom|Charge Beam|p1a: Bronzong
|-damage|p1a: Bronzong|83/100 par
|
|-heal|p1a: Bronzong|90/100 par|[from] item: Leftovers
|-heal|p2a: Rotom|92/100|[from] item: Leftovers
|upkeep
|turn|3
|inactive|Mazu623 has 120 seconds left.
|
|t:|1760330203
|switch|p1a: Ursaluna|Ursaluna, M|100/100
|move|p2a: Rotom|Charge Beam|p1a: Ursaluna
|-immune|p1a: Ursaluna
|
|-heal|p2a: Rotom|98/100|[from] item: Leftovers
|-status|p1a: Ursaluna|brn|[from] item: Flame Orb
|upkeep
|turn|4
|
|t:|1760330222
|switch|p2a: Heatran|Heatran, F|100/100
|move|p1a: Ursaluna|Facade|p2a: Heatran
|-resisted|p2a: Heatran
|-crit|p2a: Heatran
|-damage|p2a: Heatran|23/100
|
|-heal|p2a: Heatran|29/100|[from] item: Leftovers
|-damage|p1a: Ursaluna|94/100 brn|[from] brn
|upkeep
|turn|5
|
|t:|1760330235
|switch|p2a: Landorus|Landorus-Therian, M|100/100
|-ability|p2a: Landorus|Intimidate|boost
|-unboost|p1a: Ursaluna|atk|1
|move|p1a: Ursaluna|Headlong Rush|p2a: Landorus
|-immune|p2a: Landorus
|
|-damage|p1a: Ursaluna|88/100 brn|[from] brn
|-fieldend|move: Trick Room
|upkeep
|turn|6
|
|t:|1760330249
|switch|p1a: Toxapex|Toxapex, M|100/100
|move|p2a: Landorus|Stealth Rock|p1a: Toxapex
|-sidestart|p1: Mazu623|move: Stealth Rock
|
|upkeep
|turn|7
|
|t:|1760330273
|move|p2a: Landorus|Earthquake|p1a: Toxapex
|-supereffective|p1a: Toxapex
|-damage|p1a: Toxapex|7/100
|move|p1a: Toxapex|Ice Beam|p2a: Landorus
|-supereffective|p2a: Landorus
|-damage|p2a: Landorus|2/100
|
|-heal|p2a: Landorus|8/100|[from] item: Leftovers
|upkeep
|turn|8
|inactive|Charle_phate has 120 seconds left.
|
|t:|1760330291
|switch|p1a: Bronzong|Bronzong|90/100 par
|-damage|p1a: Bronzong|83/100 par|[from] Stealth Rock
|move|p2a: Landorus|Earthquake|p1a: Bronzong
|-immune|p1a: Bronzong|[from] ability: Levitate
|
|-heal|p2a: Landorus|14/100|[from] item: Leftovers
|-heal|p1a: Bronzong|90/100 par|[from] item: Leftovers
|upkeep
|turn|9
|inactive|Charle_phate has 120 seconds left.
|
|t:|1760330311
|switch|p2a: Serperior|Serperior, F|100/100
|cant|p1a: Bronzong|par
|
|-heal|p1a: Bronzong|96/100 par|[from] item: Leftovers
|upkeep
|turn|10
|inactive|Charle_phate has 120 seconds left.
|
|t:|1760330337
|switch|p1a: Scizor|Scizor, F|100/100
|move|p2a: Serperior|Substitute|p2a: Serperior
|-start|p2a: Serperior|Substitute
|-damage|p2a: Serperior|75/100
|
|-heal|p2a: Serperior|82/100|[from] item: Leftovers
|upkeep
|turn|11
|
|t:|1760330347
|move|p2a: Serperior|Glare|p1a: Scizor
|-status|p1a: Scizor|par
|move|p1a: Scizor|Defog|p2a: Serperior
|-sideend|p1: Mazu623|Stealth Rock|[from] move: Defog|[of] p1a: Scizor
|
|-heal|p2a: Serperior|88/100|[from] item: Leftovers
|upkeep
|turn|12
|
|t:|1760330356
|move|p2a: Serperior|Leaf Storm|p1a: Scizor
|-resisted|p1a: Scizor
|-damage|p1a: Scizor|85/100 par
|-boost|p2a: Serperior|spa|2
|move|p1a: Scizor|Knock Off|p2a: Serperior
|-end|p2a: Serperior|Substitute
|
|-heal|p2a: Serperior|94/100|[from] item: Leftovers
|upkeep
|turn|13
|
|t:|1760330369
|move|p2a: Serperior|Substitute|p2a: Serperior
|-start|p2a: Serperior|Substitute
|-damage|p2a: Serperior|69/100
|move|p1a: Scizor|Knock Off|p2a: Serperior
|-end|p2a: Serperior|Substitute
|
|-heal|p2a: Serperior|75/100|[from] item: Leftovers
|upkeep
|turn|14
|
|t:|1760330382
|move|p2a: Serperior|Substitute|p2a: Serperior
|-start|p2a: Serperior|Substitute
|-damage|p2a: Serperior|50/100
|cant|p1a: Scizor|par
|
|-heal|p2a: Serperior|56/100|[from] item: Leftovers
|upkeep
|turn|15
|
|t:|1760330392
|move|p2a: Serperior|Leech Seed|p1a: Scizor
|-start|p1a: Scizor|move: Leech Seed
|move|p1a: Scizor|Knock Off|p2a: Serperior
|-end|p2a: Serperior|Substitute
|
|-heal|p2a: Serperior|62/100|[from] item: Leftovers
|-damage|p1a: Scizor|73/100 par|[from] Leech Seed|[of] p2a: Serperior
|-heal|p2a: Serperior|77/100|[silent]
|upkeep
|turn|16
|
|t:|1760330403
|move|p1a: Scizor|Bullet Punch|p2a: Serperior
|-damage|p2a: Serperior|36/100
|move|p2a: Serperior|Substitute|p2a: Serperior
|-start|p2a: Serperior|Substitute
|-damage|p2a: Serperior|11/100
|
|-heal|p2a: Serperior|17/100|[from] item: Leftovers
|-damage|p1a: Scizor|61/100 par|[from] Leech Seed|[of] p2a: Serperior
|-heal|p2a: Serperior|31/100|[silent]
|upkeep
|turn|17
|
|t:|1760330419
|move|p1a: Scizor|Bullet Punch|p2a: Serperior
|-end|p2a: Serperior|Substitute
|move|p2a: Serperior|Leaf Storm|p1a: Scizor
|-resisted|p1a: Scizor
|-damage|p1a: Scizor|33/100 par
|-boost|p2a: Serperior|spa|2
|
|-heal|p2a: Serperior|37/100|[from] item: Leftovers
|-damage|p1a: Scizor|20/100 par|[from] Leech Seed|[of] p2a: Serperior
|-heal|p2a: Serperior|52/100|[silent]
|upkeep
|turn|18
|
|t:|1760330434
|move|p1a: Scizor|Bullet Punch|p2a: Serperior
|-damage|p2a: Serperior|14/100
|move|p2a: Serperior|Leaf Storm|p1a: Scizor|[miss]
|-miss|p2a: Serperior|p1a: Scizor
|
|-heal|p2a: Serperior|20/100|[from] item: Leftovers
|-damage|p1a: Scizor|8/100 par|[from] Leech Seed|[of] p2a: Serperior
|-heal|p2a: Serperior|34/100|[silent]
|upkeep
|turn|19
|inactive|Charle_phate has 120 seconds left.
|
|t:|1760330469
|move|p1a: Scizor|Bullet Punch|p2a: Serperior
|-damage|p2a: Serperior|0 fnt
|faint|p2a: Serperior
|
|upkeep
|
|t:|1760330477
|switch|p2a: Heatran|Heatran, F|29/100
|turn|20
|
|t:|1760330487
|move|p1a: Scizor|Bullet Punch|p2a: Heatran
|-resisted|p2a: Heatran
|-damage|p2a: Heatran|22/100
|move|p2a: Heatran|Substitute|p2a: Heatran
|-fail|p2a: Heatran|move: Substitute|[weak]
|
|-heal|p2a: Heatran|28/100|[from] item: Leftovers
|-damage|p1a: Scizor|0 fnt|[from] Leech Seed|[of] p2a: Heatran
|-heal|p2a: Heatran|35/100|[silent]
|faint|p1a: Scizor
|upkeep
|
|t:|1760330502
|switch|p1a: Porygon2|Porygon2|100/100
|-ability|p1a: Porygon2|Download|boost
|-boost|p1a: Porygon2|atk|1
|turn|21
|inactive|Charle_phate has 120 seconds left.
|
|t:|1760330509
|move|p2a: Heatran|Substitute|p2a: Heatran
|-start|p2a: Heatran|Substitute
|-damage|p2a: Heatran|10/100
|move|p1a: Porygon2|Trick Room|p1a: Porygon2
|-fieldstart|move: Trick Room|[of] p1a: Porygon2
|
|-heal|p2a: Heatran|17/100|[from] item: Leftovers
|upkeep
|turn|22
|
|t:|1760330519
|move|p1a: Porygon2|Thunderbolt|p2a: Heatran
|-activate|p2a: Heatran|move: Substitute|[damage]
|move|p2a: Heatran|Magma Storm|p1a: Porygon2|[miss]
|-miss|p2a: Heatran|p1a: Porygon2
|
|-heal|p2a: Heatran|23/100|[from] item: Leftovers
|upkeep
|turn|23
|
|t:|1760330529
|move|p1a: Porygon2|Thunderbolt|p2a: Heatran
|-end|p2a: Heatran|Substitute
|move|p2a: Heatran|Magma Storm|p1a: Porygon2
|-damage|p1a: Porygon2|75/100
|-activate|p1a: Porygon2|move: Magma Storm|[of] p2a: Heatran
|
|-heal|p2a: Heatran|29/100|[from] item: Leftovers
|-damage|p1a: Porygon2|63/100|[from] move: Magma Storm|[partiallytrapped]
|upkeep
|turn|24
|
|t:|1760330540
|move|p1a: Porygon2|Recover|p1a: Porygon2
|-heal|p1a: Porygon2|100/100
|move|p2a: Heatran|Ancient Power|p1a: Porygon2
|-damage|p1a: Porygon2|89/100
|
|-heal|p2a: Heatran|35/100|[from] item: Leftovers
|-damage|p1a: Porygon2|77/100|[from] move: Magma Storm|[partiallytrapped]
|upkeep
|turn|25
|inactive|Charle_phate has 120 seconds left.
|
|t:|1760330568
|move|p1a: Porygon2|Thunderbolt|p2a: Heatran
|-damage|p2a: Heatran|16/100
|move|p2a: Heatran|Ancient Power|p1a: Porygon2
|-damage|p1a: Porygon2|64/100
|
|-heal|p2a: Heatran|23/100|[from] item: Leftovers
|-damage|p1a: Porygon2|52/100|[from] move: Magma Storm|[partiallytrapped]
|-fieldend|move: Trick Room
|upkeep
|turn|26
|inactive|Charle_phate has 120 seconds left.
|
|t:|1760330582
|move|p2a: Heatran|Ancient Power|p1a: Porygon2
|-damage|p1a: Porygon2|41/100
|move|p1a: Porygon2|Trick Room|p1a: Porygon2
|-fieldstart|move: Trick Room|[of] p1a: Porygon2
|
|-heal|p2a: Heatran|29/100|[from] item: Leftovers
|-damage|p1a: Porygon2|29/100|[from] move: Magma Storm|[partiallytrapped]
|upkeep
|turn|27
|inactive|Charle_phate has 120 seconds left.
|
|t:|1760330591
|move|p1a: Porygon2|Recover|p1a: Porygon2
|-heal|p1a: Porygon2|79/100
|move|p2a: Heatran|Ancient Power|p1a: Porygon2
|-damage|p1a: Porygon2|67/100
|
|-heal|p2a: Heatran|35/100|[from] item: Leftovers
|-end|p1a: Porygon2|Magma Storm|[partiallytrapped]
|upkeep
|turn|28
|
|t:|1760330601
|move|p1a: Porygon2|Psyshock|p2a: Heatran
|-resisted|p2a: Heatran
|-damage|p2a: Heatran|24/100
|move|p2a: Heatran|Magma Storm|p1a: Porygon2
|-damage|p1a: Porygon2|38/100
|-activate|p1a: Porygon2|move: Magma Storm|[of] p2a: Heatran
|
|-heal|p2a: Heatran|30/100|[from] item: Leftovers
|-damage|p1a: Porygon2|26/100|[from] move: Magma Storm|[partiallytrapped]
|upkeep
|turn|29
|
|t:|1760330612
|move|p1a: Porygon2|Recover|p1a: Porygon2
|-heal|p1a: Porygon2|76/100
|move|p2a: Heatran|Ancient Power|p1a: Porygon2
|-damage|p1a: Porygon2|65/100
|
|-heal|p2a: Heatran|37/100|[from] item: Leftovers
|-damage|p1a: Porygon2|52/100|[from] move: Magma Storm|[partiallytrapped]
|upkeep
|turn|30
|inactive|Charle_phate has 120 seconds left.
|
|t:|1760330654
|move|p1a: Porygon2|Recover|p1a: Porygon2
|-heal|p1a: Porygon2|100/100
|move|p2a: Heatran|Ancient Power|p1a: Porygon2
|-damage|p1a: Porygon2|88/100
|
|-heal|p2a: Heatran|43/100|[from] item: Leftovers
|-damage|p1a: Porygon2|76/100|[from] move: Magma Storm|[partiallytrapped]
|-fieldend|move: Trick Room
|upkeep
|turn|31
|
|t:|1760330669
|move|p2a: Heatran|Substitute|p2a: Heatran
|-start|p2a: Heatran|Substitute
|-damage|p2a: Heatran|18/100
|move|p1a: Porygon2|Thunderbolt|p2a: Heatran
|-activate|p2a: Heatran|move: Substitute|[damage]
|
|-heal|p2a: Heatran|24/100|[from] item: Leftovers
|-damage|p1a: Porygon2|64/100|[from] move: Magma Storm|[partiallytrapped]
|upkeep
|turn|32
|
|t:|1760330680
|move|p2a: Heatran|Ancient Power|p1a: Porygon2
|-damage|p1a: Porygon2|53/100
|move|p1a: Porygon2|Thunderbolt|p2a: Heatran
|-end|p2a: Heatran|Substitute
|
|-heal|p2a: Heatran|30/100|[from] item: Leftovers
|-damage|p1a: Porygon2|41/100|[from] move: Magma Storm|[partiallytrapped]
|upkeep
|turn|33
|
|t:|1760330690
|move|p2a: Heatran|Substitute|p2a: Heatran
|-start|p2a: Heatran|Substitute
|-damage|p2a: Heatran|5/100
|move|p1a: Porygon2|Trick Room|p1a: Porygon2
|-fieldstart|move: Trick Room|[of] p1a: Porygon2
|
|-heal|p2a: Heatran|12/100|[from] item: Leftovers
|-end|p1a: Porygon2|Magma Storm|[partiallytrapped]
|upkeep
|turn|34
|
|t:|1760330704
|move|p1a: Porygon2|Recover|p1a: Porygon2
|-heal|p1a: Porygon2|91/100
|move|p2a: Heatran|Magma Storm|p1a: Porygon2
|-damage|p1a: Porygon2|65/100
|-activate|p1a: Porygon2|move: Magma Storm|[of] p2a: Heatran
|
|-heal|p2a: Heatran|18/100|[from] item: Leftovers
|-damage|p1a: Porygon2|52/100|[from] move: Magma Storm|[partiallytrapped]
|upkeep
|turn|35
|
|t:|1760330715
|move|p1a: Porygon2|Psyshock|p2a: Heatran
|-resisted|p2a: Heatran
|-activate|p2a: Heatran|move: Substitute|[damage]
|move|p2a: Heatran|Ancient Power|p1a: Porygon2
|-damage|p1a: Porygon2|40/100
|
|-heal|p2a: Heatran|24/100|[from] item: Leftovers
|-damage|p1a: Porygon2|28/100|[from] move: Magma Storm|[partiallytrapped]
|upkeep
|turn|36
|
|t:|1760330726
|move|p1a: Porygon2|Recover|p1a: Porygon2
|-heal|p1a: Porygon2|78/100
|move|p2a: Heatran|Lava Plume|p1a: Porygon2
|-damage|p1a: Porygon2|56/100
|
|-heal|p2a: Heatran|30/100|[from] item: Leftovers
|-damage|p1a: Porygon2|44/100|[from] move: Magma Storm|[partiallytrapped]
|upkeep
|turn|37
|
|t:|1760330738
|move|p1a: Porygon2|Recover|p1a: Porygon2
|-heal|p1a: Porygon2|94/100
|move|p2a: Heatran|Substitute|p2a: Heatran
|-fail|p2a: Heatran|move: Substitute
|
|-heal|p2a: Heatran|37/100|[from] item: Leftovers
|-damage|p1a: Porygon2|82/100|[from] move: Magma Storm|[partiallytrapped]
|-fieldend|move: Trick Room
|upkeep
|turn|38
|
|t:|1760330749
|move|p2a: Heatran|Lava Plume|p1a: Porygon2
|-damage|p1a: Porygon2|60/100
|move|p1a: Porygon2|Thunderbolt|p2a: Heatran
|-end|p2a: Heatran|Substitute
|
|-heal|p2a: Heatran|43/100|[from] item: Leftovers
|-end|p1a: Porygon2|Magma Storm|[partiallytrapped]
|upkeep
|turn|39
|
|t:|1760330764
|switch|p1a: Toxapex|Toxapex, M|41/100
|move|p2a: Heatran|Substitute|p2a: Heatran
|-start|p2a: Heatran|Substitute
|-damage|p2a: Heatran|18/100
|
|-heal|p2a: Heatran|24/100|[from] item: Leftovers
|upkeep
|turn|40
|
|t:|1760330777
|move|p2a: Heatran|Magma Storm|p1a: Toxapex
|-resisted|p1a: Toxapex
|-damage|p1a: Toxapex|28/100
|-activate|p1a: Toxapex|move: Magma Storm|[of] p2a: Heatran
|move|p1a: Toxapex|Surf|p2a: Heatran
|-supereffective|p2a: Heatran
|-end|p2a: Heatran|Substitute
|
|-heal|p2a: Heatran|30/100|[from] item: Leftovers
|-damage|p1a: Toxapex|16/100|[from] move: Magma Storm|[partiallytrapped]
|upkeep
|turn|41
|
|t:|1760330792
|move|p2a: Heatran|Substitute|p2a: Heatran
|-start|p2a: Heatran|Substitute
|-damage|p2a: Heatran|5/100
|move|p1a: Toxapex|Surf|p2a: Heatran
|-supereffective|p2a: Heatran
|-end|p2a: Heatran|Substitute
|
|-heal|p2a: Heatran|12/100|[from] item: Leftovers
|-damage|p1a: Toxapex|4/100|[from] move: Magma Storm|[partiallytrapped]
|upkeep
|turn|42
|
|t:|1760330803
|move|p2a: Heatran|Lava Plume|p1a: Toxapex
|-resisted|p1a: Toxapex
|-damage|p1a: Toxapex|0 fnt
|faint|p1a: Toxapex
|
|-heal|p2a: Heatran|18/100|[from] item: Leftovers
|upkeep
|
|t:|1760330821
|switch|p1a: Skeledirge|Skeledirge, M|100/100
|turn|43
|
|t:|1760330837
|move|p2a: Heatran|Magma Storm|p1a: Skeledirge
|-resisted|p1a: Skeledirge
|-damage|p1a: Skeledirge|78/100
|-activate|p1a: Skeledirge|move: Magma Storm|[of] p2a: Heatran
|move|p1a: Skeledirge|Shadow Ball|p2a: Heatran
|-damage|p2a: Heatran|0 fnt
|faint|p2a: Heatran
|
|-end|p1a: Skeledirge|Magma Storm|[partiallytrapped]|[silent]
|upkeep
|inactive|Charle_phate has 90 seconds left.
|
|t:|1760330866
|switch|p2a: Rotom|Rotom-Wash|98/100
|turn|44
|inactive|Charle_phate has 90 seconds left.
|
|t:|1760330880
|switch|p1a: Bronzong|Bronzong|96/100 par
|move|p2a: Rotom|Charge Beam|p1a: Bronzong
|-damage|p1a: Bronzong|78/100 par
|-boost|p2a: Rotom|spa|1
|
|-heal|p2a: Rotom|100/100|[from] item: Leftovers
|-heal|p1a: Bronzong|84/100 par|[from] item: Leftovers
|upkeep
|turn|45
|inactive|Charle_phate has 90 seconds left.
|
|t:|1760330891
|move|p2a: Rotom|Charge Beam|p1a: Bronzong|[miss]
|-miss|p2a: Rotom|p1a: Bronzong
|cant|p1a: Bronzong|par
|
|-heal|p1a: Bronzong|90/100 par|[from] item: Leftovers
|upkeep
|turn|46
|inactive|Charle_phate has 90 seconds left.
|
|t:|1760330899
|move|p2a: Rotom|Charge Beam|p1a: Bronzong
|-damage|p1a: Bronzong|65/100 par
|-boost|p2a: Rotom|spa|1
|cant|p1a: Bronzong|par
|
|-heal|p1a: Bronzong|72/100 par|[from] item: Leftovers
|upkeep
|turn|47
|inactive|Charle_phate has 90 seconds left.
|
|t:|1760330919
|move|p2a: Rotom|Charge Beam|p1a: Bronzong
|-crit|p1a: Bronzong
|-damage|p1a: Bronzong|24/100 par
|-boost|p2a: Rotom|spa|1
|move|p1a: Bronzong|Trick Room|p1a: Bronzong
|-fieldstart|move: Trick Room|[of] p1a: Bronzong
|
|-heal|p1a: Bronzong|31/100 par|[from] item: Leftovers
|upkeep
|turn|48
|inactive|Charle_phate has 90 seconds left.
|
|t:|1760330929
|switch|p1a: Ursaluna|Ursaluna, M|88/100 brn
|move|p2a: Rotom|Hydro Pump|p1a: Ursaluna
|-supereffective|p1a: Ursaluna
|-damage|p1a: Ursaluna|0 fnt
|faint|p1a: Ursaluna
|
|upkeep
|
|t:|1760330940
|switch|p1a: Skeledirge|Skeledirge, M|78/100
|turn|49
|
|t:|1760330944
|move|p1a: Skeledirge|Shadow Ball|p2a: Rotom
|-damage|p2a: Rotom|64/100
|-unboost|p2a: Rotom|spd|1
|move|p2a: Rotom|Thunder Wave|p1a: Skeledirge
|-status|p1a: Skeledirge|par
|
|-heal|p2a: Rotom|70/100|[from] item: Leftovers
|upkeep
|turn|50
|
|t:|1760330957
|move|p1a: Skeledirge|Shadow Ball|p2a: Rotom
|-damage|p2a: Rotom|30/100
|move|p2a: Rotom|Hydro Pump|p1a: Skeledirge|[miss]
|-miss|p2a: Rotom|p1a: Skeledirge
|
|-heal|p2a: Rotom|36/100|[from] item: Leftovers
|upkeep
|turn|51
|
|t:|1760330968
|move|p1a: Skeledirge|Shadow Ball|p2a: Rotom
|-damage|p2a: Rotom|0 fnt
|faint|p2a: Rotom
|
|-fieldend|move: Trick Room
|upkeep
|
|t:|1760330982
|switch|p2a: Zapdos|Zapdos|100/100
|turn|52
|
|t:|1760330999
|switch|p1a: Porygon2|Porygon2|60/100
|-ability|p1a: Porygon2|Download|boost
|-boost|p1a: Porygon2|atk|1
|move|p2a: Zapdos|Ancient Power|p1a: Porygon2
|-crit|p1a: Porygon2
|-damage|p1a: Porygon2|40/100
|
|upkeep
|turn|53
|
|t:|1760331010
|move|p2a: Zapdos|Ancient Power|p1a: Porygon2
|-damage|p1a: Porygon2|26/100
|move|p1a: Porygon2|Trick Room|p1a: Porygon2
|-fieldstart|move: Trick Room|[of] p1a: Porygon2
|
|upkeep
|turn|54
|
|t:|1760331018
|move|p1a: Porygon2|Recover|p1a: Porygon2
|-heal|p1a: Porygon2|76/100
|move|p2a: Zapdos|Ancient Power|p1a: Porygon2
|-damage|p1a: Porygon2|63/100
|
|upkeep
|turn|55
|
|t:|1760331026
|move|p1a: Porygon2|Thunderbolt|p2a: Zapdos
|-damage|p2a: Zapdos|74/100
|move|p2a: Zapdos|Ancient Power|p1a: Porygon2
|-damage|p1a: Porygon2|49/100
|
|upkeep
|turn|56
|inactive|Charle_phate has 120 seconds left.
|
|t:|1760331035
|move|p1a: Porygon2|Psyshock|p2a: Zapdos
|-damage|p2a: Zapdos|41/100
|move|p2a: Zapdos|Ancient Power|p1a: Porygon2
|-damage|p1a: Porygon2|35/100
|
|upkeep
|turn|57
|
|t:|1760331042
|move|p1a: Porygon2|Psyshock|p2a: Zapdos
|-damage|p2a: Zapdos|8/100
|move|p2a: Zapdos|Roost|p2a: Zapdos
|-heal|p2a: Zapdos|58/100
|-singleturn|p2a: Zapdos|move: Roost
|
|-fieldend|move: Trick Room
|upkeep
|turn|58
|
|t:|1760331052
|move|p2a: Zapdos|Ancient Power|p1a: Porygon2
|-damage|p1a: Porygon2|21/100
|move|p1a: Porygon2|Trick Room|p1a: Porygon2
|-fieldstart|move: Trick Room|[of] p1a: Porygon2
|
|upkeep
|turn|59
|
|t:|1760331061
|switch|p1a: Bronzong|Bronzong|31/100 par
|move|p2a: Zapdos|Ancient Power|p1a: Bronzong
|-resisted|p1a: Bronzong
|-damage|p1a: Bronzong|20/100 par
|-boost|p2a: Zapdos|atk|1
|-boost|p2a: Zapdos|def|1
|-boost|p2a: Zapdos|spa|1
|-boost|p2a: Zapdos|spd|1
|-boost|p2a: Zapdos|spe|1
|
|-heal|p1a: Bronzong|26/100 par|[from] item: Leftovers
|upkeep
|turn|60
|
|t:|1760331080
|move|p1a: Bronzong|Gyro Ball|p2a: Zapdos
|-resisted|p2a: Zapdos
|-damage|p2a: Zapdos|30/100
|move|p2a: Zapdos|Ancient Power|p1a: Bronzong
|-resisted|p1a: Bronzong
|-damage|p1a: Bronzong|12/100 par
|
|-heal|p1a: Bronzong|19/100 par|[from] item: Leftovers
|upkeep
|turn|61
|
|t:|1760331090
|move|p1a: Bronzong|Earthquake|p2a: Zapdos
|-immune|p2a: Zapdos
|move|p2a: Zapdos|Roost|p2a: Zapdos
|-heal|p2a: Zapdos|81/100
|-singleturn|p2a: Zapdos|move: Roost
|
|-heal|p1a: Bronzong|25/100 par|[from] item: Leftovers
|upkeep
|turn|62
|
|t:|1760331101
|cant|p1a: Bronzong|par
|move|p2a: Zapdos|Heat Wave|p1a: Bronzong
|-supereffective|p1a: Bronzong
|-crit|p1a: Bronzong
|-damage|p1a: Bronzong|0 fnt
|faint|p1a: Bronzong
|
|-fieldend|move: Trick Room
|upkeep
|
|t:|1760331111
|switch|p1a: Skeledirge|Skeledirge, M|78/100 par
|turn|63
|
|t:|1760331119
|move|p2a: Zapdos|Discharge|p1a: Skeledirge
|-crit|p1a: Skeledirge
|-damage|p1a: Skeledirge|11/100 par
|move|p1a: Skeledirge|Torch Song|p2a: Zapdos
|-damage|p2a: Zapdos|44/100
|-boost|p1a: Skeledirge|spa|1
|
|upkeep
|turn|64
|
|t:|1760331128
|move|p2a: Zapdos|Discharge|p1a: Skeledirge
|-damage|p1a: Skeledirge|0 fnt
|faint|p1a: Skeledirge
|
|upkeep
|
|t:|1760331133
|switch|p1a: Porygon2|Porygon2|21/100
|-ability|p1a: Porygon2|Download|boost
|-boost|p1a: Porygon2|atk|1
|turn|65
|
|t:|1760331138
|move|p2a: Zapdos|Discharge|p1a: Porygon2
|-crit|p1a: Porygon2
|-damage|p1a: Porygon2|0 fnt
|faint|p1a: Porygon2
|
|win|Charle_phate
|raw|Mazu623's rating: 1148 &rarr; <strong>1125</strong><br />(-23 for losing)
|raw|Charle_phate's rating: 1180 &rarr; <strong>1203</strong><br />(+23 for winning)
|l|☆Mazu623
|player|p1|
|l|☆Charle_phate
|player|p2|
