|j|☆maybeitwontsuck
|j|☆Forte Darkscale
|t:|1760434430
|gametype|singles
|player|p1|maybeitwontsuck|rocketgrunt|1141
|player|p2|Forte Darkscale|colress|1151
|gen|9
|tier|[Gen 9] OU
|rated|
|rule|HP Percentage Mod: HP is shown in percentages
|rule|Endless Battle Clause: Forcing endless battles is banned
|rule|Species Clause: Limit one of each Pokémon
|rule|OHKO Clause: OHKO moves are banned
|rule|Evasion Items Clause: Evasion items are banned
|rule|Evasion Moves Clause: Evasion moves are banned
|rule|Evasion Abilities Clause: Evasion abilities are banned
|rule|Sleep Moves Clause: Sleep-inducing moves are banned
|clearpoke
|poke|p1|Alomomola, M|
|poke|p1|Toxapex, M|
|poke|p1|Glimmora, F|
|poke|p1|Corviknight, M|
|poke|p1|Blissey, F|
|poke|p1|Gliscor, M|
|poke|p2|Pecharunt|
|poke|p2|Great Tusk|
|poke|p2|Ogerpon-Wellspring, F|
|poke|p2|Iron Crown|
|poke|p2|Landorus-Therian, M|
|poke|p2|Samurott-Hisui, F|
|teampreview
|
|t:|1760434445
|teamsize|p1|6
|teamsize|p2|6
|start
|switch|p1a: Glimmora|Glimmora, F|100/100
|switch|p2a: Iron Crown|Iron Crown|100/100
|turn|1
|
|t:|1760434450
|switch|p1a: Blissey|Blissey, F|100/100
|move|p2a: Iron Crown|Tachyon Cutter|p1a: Blissey
|-damage|p1a: Blissey|88/100
|-damage|p1a: Blissey|73/100
|-hitcount|p1a: Blissey|2
|
|-heal|p1a: Blissey|79/100|[from] item: Leftovers
|upkeep
|turn|2
|
|t:|1760434455
|-end|p2a: Iron Crown|Quark Drive|[silent]
|switch|p2a: Great Tusk|Great Tusk|100/100
|-enditem|p2a: Great Tusk|Booster Energy
|-activate|p2a: Great Tusk|ability: Protosynthesis|[fromitem]
|-start|p2a: Great Tusk|protosynthesisspe
|move|p1a: Blissey|Flamethrower|p2a: Great Tusk
|-damage|p2a: Great Tusk|71/100
|
|-heal|p1a: Blissey|85/100|[from] item: Leftovers
|upkeep
|turn|3
|
|t:|1760434460
|switch|p1a: Gliscor|Gliscor, M|100/100
|move|p2a: Great Tusk|Knock Off|p1a: Gliscor
|-damage|p1a: Gliscor|74/100
|-enditem|p1a: Gliscor|Choice Band|[from] move: Knock Off|[of] p2a: Great Tusk
|
|upkeep
|turn|4
|
|t:|1760434464
|move|p2a: Great Tusk|Stealth Rock|p1a: Gliscor
|-sidestart|p1: maybeitwontsuck|move: Stealth Rock
|move|p1a: Gliscor|Dual Wingbeat|p2a: Great Tusk
|-supereffective|p2a: Great Tusk
|-damage|p2a: Great Tusk|52/100
|-supereffective|p2a: Great Tusk
|-damage|p2a: Great Tusk|31/100
|-hitcount|p2a: Great Tusk|2
|
|upkeep
|turn|5
|
|t:|1760434470
|-end|p2a: Great Tusk|Protosynthesis|[silent]
|switch|p2a: Landorus|Landorus-Therian, M|100/100
|-ability|p2a: Landorus|Intimidate|boost
|-fail|p1a: Gliscor|unboost|Attack|[from] ability: Hyper Cutter|[of] p1a: Gliscor
|move|p1a: Gliscor|Knock Off|p2a: Landorus
|-damage|p2a: Landorus|68/100
|-enditem|p2a: Landorus|Choice Scarf|[from] move: Knock Off|[of] p1a: Gliscor
|
|upkeep
|turn|6
|
|t:|1760434474
|switch|p1a: Alomomola|Alomomola, M|100/100
|-damage|p1a: Alomomola|88/100|[from] Stealth Rock
|move|p2a: Landorus|U-turn|p1a: Alomomola
|-crit|p1a: Alomomola
|-damage|p1a: Alomomola|62/100
|
|t:|1760434493
|switch|p2a: Iron Crown|Iron Crown|100/100|[from] U-turn
|
|upkeep
|turn|7
|
|t:|1760434509
|move|p2a: Iron Crown|Volt Switch|p1a: Alomomola
|-supereffective|p1a: Alomomola
|-damage|p1a: Alomomola|3/100
|
|t:|1760434514
|-end|p2a: Iron Crown|Quark Drive|[silent]
|switch|p2a: Samurott|Samurott-Hisui, F|100/100|[from] Volt Switch
|move|p1a: Alomomola|Mirror Coat|p2a: Samurott
|-immune|p2a: Samurott
|
|upkeep
|turn|8
|-message|maybeitwontsuck forfeited.
|
|win|Forte Darkscale
|raw|maybeitwontsuck's rating: 1141 &rarr; <strong>1117</strong><br />(-24 for losing)
|raw|Forte Darkscale's rating: 1151 &rarr; <strong>1175</strong><br />(+24 for winning)
|l|☆maybeitwontsuck
|player|p1|
