|j|☆slugger_6703Jr
|j|☆witdflow
|t:|1760329184
|gametype|singles
|player|p1|slugger_6703Jr|nate|1190
|player|p2|witdflow|norman|1251
|gen|9
|tier|[Gen 9] OU
|rated|
|rule|HP Percentage Mod: HP is shown in percentages
|rule|Endless Battle Clause: Forcing endless battles is banned
|rule|Species Clause: Limit one of each Pokémon
|rule|OHKO Clause: OHKO moves are banned
|rule|Evasion Items Clause: Evasion items are banned
|rule|Evasion Moves Clause: Evasion moves are banned
|rule|Evasion Abilities Clause: Evasion abilities are banned
|rule|Sleep Moves Clause: Sleep-inducing moves are banned
|clearpoke
|poke|p1|Kingambit, F|
|poke|p1|Cinderace, F|
|poke|p1|Landorus-Therian, M|
|poke|p1|Iron Valiant|
|poke|p1|Kyurem|
|poke|p1|Slowking-Galar, M|
|poke|p2|Slowking-Galar, M|
|poke|p2|Ting-Lu|
|poke|p2|Dondozo, M|
|poke|p2|Clefable, F|
|poke|p2|Ditto|
|poke|p2|Alomomola, F|
|teampreview
|inactive|Battle timer is ON: inactive players will automatically lose when time's up. (requested by witdflow)
|
|t:|1760329212
|teamsize|p1|6
|teamsize|p2|6
|start
|switch|p1a: Kingambit|Kingambit, F|100/100
|switch|p2a: Ditto|Ditto|100/100
|-transform|p2a: Ditto|p1a: Kingambit|[from] ability: Imposter
|turn|1
|
|t:|1760329225
|-end|p1a: Kingambit|fallenundefined|[silent]
|switch|p1a: Cinderace|Cinderace, F, shiny|100/100
|-end|p2a: Ditto|fallenundefined|[silent]
|switch|p2a: Dondozo|Dondozo, M|100/100
|
|upkeep
|turn|2
|
|t:|1760329231
|move|p1a: Cinderace|U-turn|p2a: Dondozo
|-damage|p2a: Dondozo|93/100
|
|t:|1760329254
|switch|p1a: Kyurem|Kyurem, shiny|100/100|[from] U-turn
|-ability|p1a: Kyurem|Pressure
|move|p2a: Dondozo|Body Press|p1a: Kyurem
|-supereffective|p1a: Kyurem
|-damage|p1a: Kyurem|48/100
|
|-heal|p1a: Kyurem|54/100|[from] item: Leftovers
|-heal|p2a: Dondozo|99/100|[from] item: Leftovers
|upkeep
|turn|3
|
|t:|1760329263
|move|p1a: Kyurem|Protect|p1a: Kyurem
|-singleturn|p1a: Kyurem|Protect
|move|p2a: Dondozo|Body Press|p1a: Kyurem
|-activate|p1a: Kyurem|move: Protect
|
|-heal|p1a: Kyurem|60/100|[from] item: Leftovers
|-heal|p2a: Dondozo|100/100|[from] item: Leftovers
|upkeep
|turn|4
|
|t:|1760329275
|move|p1a: Kyurem|Freeze-Dry|p2a: Dondozo
|-supereffective|p2a: Dondozo
|-damage|p2a: Dondozo|36/100
|move|p2a: Dondozo|Body Press|p1a: Kyurem
|-supereffective|p1a: Kyurem
|-damage|p1a: Kyurem|10/100
|
|-heal|p1a: Kyurem|16/100|[from] item: Leftovers
|-heal|p2a: Dondozo|42/100|[from] item: Leftovers
|upkeep
|turn|5
|inactive|witdflow has 120 seconds left.
|
|t:|1760329332
|switch|p2a: Clefable|Clefable, F, shiny|100/100
|move|p1a: Kyurem|Freeze-Dry|p2a: Clefable
|-damage|p2a: Clefable|75/100
|
|-heal|p1a: Kyurem|22/100|[from] item: Leftovers
|-heal|p2a: Clefable|81/100|[from] item: Leftovers
|upkeep
|turn|6
|
|t:|1760329344
|switch|p1a: Kingambit|Kingambit, F|100/100
|move|p2a: Clefable|Wish|p2a: Clefable
|
|-heal|p2a: Clefable|88/100|[from] item: Leftovers
|upkeep
|turn|7
|
|t:|1760329353
|switch|p2a: Dondozo|Dondozo, M|42/100
|move|p1a: Kingambit|Iron Head|p2a: Dondozo
|-resisted|p2a: Dondozo
|-damage|p2a: Dondozo|31/100
|
|-heal|p2a: Dondozo|70/100|[from] move: Wish|[wisher] Clefable
|-heal|p2a: Dondozo|76/100|[from] item: Leftovers
|upkeep
|turn|8
|
|t:|1760329373
|-end|p1a: Kingambit|fallenundefined|[silent]
|switch|p1a: Slowking|Slowking-Galar, M, shiny|100/100
|move|p2a: Dondozo|Body Press|p1a: Slowking
|-resisted|p1a: Slowking
|-damage|p1a: Slowking|93/100
|
|-heal|p2a: Dondozo|83/100|[from] item: Leftovers
|upkeep
|turn|9
|
|t:|1760329379
|switch|p2a: Ting-Lu|Ting-Lu, shiny|100/100
|-ability|p2a: Ting-Lu|Vessel of Ruin
|-prepare|p1a: Slowking|Chilly Reception|[premajor]
|move|p1a: Slowking|Chilly Reception|p1a: Slowking
|-weather|Snowscape
|
|t:|1760329395
|switch|p1a: Iron Valiant|Iron Valiant|100/100|[from] Chilly Reception
|-enditem|p1a: Iron Valiant|Booster Energy
|-activate|p1a: Iron Valiant|ability: Quark Drive|[fromitem]
|-start|p1a: Iron Valiant|quarkdrivespe
|
|-weather|Snowscape|[upkeep]
|upkeep
|turn|10
|
|t:|1760329400
|switch|p2a: Slowking|Slowking-Galar, M, shiny|100/100
|move|p1a: Iron Valiant|Moonblast|p2a: Slowking
|-resisted|p2a: Slowking
|-damage|p2a: Slowking|86/100
|
|-weather|Snowscape|[upkeep]
|-heal|p2a: Slowking|92/100|[from] item: Leftovers
|upkeep
|turn|11
|
|t:|1760329420
|move|p1a: Iron Valiant|Shadow Ball|p2a: Slowking
|-supereffective|p2a: Slowking
|-damage|p2a: Slowking|61/100
|move|p2a: Slowking|Future Sight|p1a: Iron Valiant
|-start|p2a: Slowking|move: Future Sight
|
|-weather|Snowscape|[upkeep]
|-heal|p2a: Slowking|68/100|[from] item: Leftovers
|upkeep
|turn|12
|
|t:|1760329425
|move|p1a: Iron Valiant|Encore|p2a: Slowking
|-start|p2a: Slowking|Encore
|move|p2a: Slowking|Future Sight||[still]
|-fail|p2a: Slowking
|
|-weather|Snowscape|[upkeep]
|-heal|p2a: Slowking|74/100|[from] item: Leftovers
|upkeep
|turn|13
|
|t:|1760329439
|-end|p1a: Iron Valiant|Quark Drive|[silent]
|switch|p1a: Kingambit|Kingambit, F|100/100
|switch|p2a: Clefable|Clefable, F, shiny|88/100
|
|-weather|none
|-end|p1a: Kingambit|move: Future Sight
|-immune|p1a: Kingambit
|-heal|p2a: Clefable|94/100|[from] item: Leftovers
|upkeep
|turn|14
|
|t:|1760329444
|switch|p2a: Dondozo|Dondozo, M|83/100
|move|p1a: Kingambit|Iron Head|p2a: Dondozo
|-resisted|p2a: Dondozo
|-damage|p2a: Dondozo|73/100
|
|-heal|p2a: Dondozo|79/100|[from] item: Leftovers
|upkeep
|turn|15
|
|t:|1760329455
|-end|p1a: Kingambit|fallenundefined|[silent]
|switch|p1a: Slowking|Slowking-Galar, M, shiny|100/100
|move|p2a: Dondozo|Body Press|p1a: Slowking
|-resisted|p1a: Slowking
|-damage|p1a: Slowking|94/100
|
|-heal|p2a: Dondozo|85/100|[from] item: Leftovers
|upkeep
|turn|16
|
|t:|1760329470
|switch|p2a: Slowking|Slowking-Galar, M, shiny|100/100
|-prepare|p1a: Slowking|Chilly Reception|[premajor]
|move|p1a: Slowking|Chilly Reception|p1a: Slowking
|-weather|Snowscape
|
|t:|1760329473
|switch|p1a: Landorus|Landorus-Therian, M, shiny|100/100|[from] Chilly Reception
|-ability|p1a: Landorus|Intimidate|boost
|-unboost|p2a: Slowking|atk|1
|
|-weather|Snowscape|[upkeep]
|upkeep
|turn|17
|
|t:|1760329476
|move|p1a: Landorus|Earthquake|p2a: Slowking
|-supereffective|p2a: Slowking
|-damage|p2a: Slowking|5/100
|move|p2a: Slowking|Ice Beam|p1a: Landorus
|-supereffective|p1a: Landorus
|-damage|p1a: Landorus|0 fnt
|faint|p1a: Landorus
|
|-weather|Snowscape|[upkeep]
|-heal|p2a: Slowking|11/100|[from] item: Leftovers
|upkeep
|
|t:|1760329485
|switch|p1a: Kyurem|Kyurem, shiny|22/100
|-ability|p1a: Kyurem|Pressure
|turn|18
|
|t:|1760329491
|switch|p2a: Clefable|Clefable, F, shiny|94/100
|move|p1a: Kyurem|Freeze-Dry|p2a: Clefable
|-damage|p2a: Clefable|72/100
|
|-weather|Snowscape|[upkeep]
|-heal|p1a: Kyurem|29/100|[from] item: Leftovers
|-heal|p2a: Clefable|78/100|[from] item: Leftovers
|upkeep
|turn|19
|
|t:|1760329496
|move|p1a: Kyurem|Protect|p1a: Kyurem
|-singleturn|p1a: Kyurem|Protect
|move|p2a: Clefable|Wish|p2a: Clefable
|
|-weather|Snowscape|[upkeep]
|-heal|p1a: Kyurem|35/100|[from] item: Leftovers
|-heal|p2a: Clefable|84/100|[from] item: Leftovers
|upkeep
|turn|20
|
|t:|1760329499
|move|p1a: Kyurem|Substitute|p1a: Kyurem
|-start|p1a: Kyurem|Substitute
|-damage|p1a: Kyurem|10/100
|move|p2a: Clefable|Moonblast|p1a: Kyurem
|-supereffective|p1a: Kyurem
|-end|p1a: Kyurem|Substitute
|
|-weather|none
|-heal|p2a: Clefable|100/100|[from] move: Wish|[wisher] Clefable
|-heal|p1a: Kyurem|16/100|[from] item: Leftovers
|upkeep
|turn|21
|
|t:|1760329506
|move|p1a: Kyurem|Protect|p1a: Kyurem
|-singleturn|p1a: Kyurem|Protect
|move|p2a: Clefable|Knock Off|p1a: Kyurem
|-activate|p1a: Kyurem|move: Protect
|
|-heal|p1a: Kyurem|22/100|[from] item: Leftovers
|upkeep
|turn|22
|
|t:|1760329521
|switch|p1a: Kingambit|Kingambit, F|100/100
|-activate|p1a: Kingambit|ability: Supreme Overlord
|-start|p1a: Kingambit|fallen1|[silent]
|move|p2a: Clefable|Moonblast|p1a: Kingambit
|-damage|p1a: Kingambit|67/100
|
|-heal|p1a: Kingambit|73/100|[from] item: Leftovers
|upkeep
|turn|23
|
|t:|1760329532
|switch|p2a: Dondozo|Dondozo, M|85/100
|move|p1a: Kingambit|Kowtow Cleave|p2a: Dondozo
|-damage|p2a: Dondozo|60/100
|
|-heal|p1a: Kingambit|80/100|[from] item: Leftovers
|-heal|p2a: Dondozo|67/100|[from] item: Leftovers
|upkeep
|turn|24
|
|t:|1760329542
|-end|p1a: Kingambit|fallen1|[silent]
|switch|p1a: Slowking|Slowking-Galar, M, shiny|100/100
|move|p2a: Dondozo|Body Press|p1a: Slowking
|-resisted|p1a: Slowking
|-damage|p1a: Slowking|93/100
|
|-heal|p2a: Dondozo|73/100|[from] item: Leftovers
|upkeep
|turn|25
|
|t:|1760329549
|switch|p2a: Slowking|Slowking-Galar, M, shiny|44/100
|move|p1a: Slowking|Sludge Bomb|p2a: Slowking
|-resisted|p2a: Slowking
|-damage|p2a: Slowking|33/100
|
|-heal|p2a: Slowking|40/100|[from] item: Leftovers
|upkeep
|turn|26
|
|t:|1760329562
|switch|p2a: Ting-Lu|Ting-Lu, shiny|100/100
|-ability|p2a: Ting-Lu|Vessel of Ruin
|move|p1a: Slowking|Psychic Noise|p2a: Ting-Lu
|-immune|p2a: Ting-Lu
|
|upkeep
|turn|27
|
|t:|1760329571
|move|p2a: Ting-Lu|Ruination|p1a: Slowking
|-damage|p1a: Slowking|47/100
|-prepare|p1a: Slowking|Chilly Reception|[premajor]
|move|p1a: Slowking|Chilly Reception|p1a: Slowking
|-weather|Snowscape
|
|t:|1760329580
|switch|p1a: Iron Valiant|Iron Valiant|100/100|[from] Chilly Reception
|
|-weather|Snowscape|[upkeep]
|upkeep
|turn|28
|
|t:|1760329601
|switch|p2a: Clefable|Clefable, F, shiny|100/100
|move|p1a: Iron Valiant|Moonblast|p2a: Clefable
|-damage|p2a: Clefable|67/100
|
|-weather|Snowscape|[upkeep]
|-heal|p2a: Clefable|73/100|[from] item: Leftovers
|upkeep
|turn|29
|
|t:|1760329614
|-end|p1a: Iron Valiant|Quark Drive|[silent]
|switch|p1a: Cinderace|Cinderace, F, shiny|100/100
|move|p2a: Clefable|Protect||[still]
|-fail|p2a: Clefable
|
|-weather|Snowscape|[upkeep]
|-heal|p2a: Clefable|79/100|[from] item: Leftovers
|upkeep
|turn|30
|
|t:|1760329631
|move|p2a: Clefable|Protect|p2a: Clefable
|-singleturn|p2a: Clefable|Protect
|move|p1a: Cinderace|Pyro Ball|p2a: Clefable
|-activate|p2a: Clefable|move: Protect
|
|-weather|Snowscape|[upkeep]
|-heal|p2a: Clefable|85/100|[from] item: Leftovers
|upkeep
|turn|31
|
|t:|1760329638
|switch|p2a: Alomomola|Alomomola, F|100/100
|move|p1a: Cinderace|Pyro Ball|p2a: Alomomola
|-resisted|p2a: Alomomola
|-damage|p2a: Alomomola|88/100
|
|-weather|none
|upkeep
|turn|32
|
|t:|1760329646
|move|p1a: Cinderace|U-turn|p2a: Alomomola
|-damage|p2a: Alomomola|78/100
|-damage|p1a: Cinderace|84/100|[from] item: Rocky Helmet|[of] p2a: Alomomola
|
|t:|1760329653
|switch|p1a: Kyurem|Kyurem, shiny|22/100|[from] U-turn
|-ability|p1a: Kyurem|Pressure
|move|p2a: Alomomola|Flip Turn|p1a: Kyurem
|-resisted|p1a: Kyurem
|-damage|p1a: Kyurem|15/100
|
|t:|1760329664
|switch|p2a: Clefable|Clefable, F, shiny|85/100|[from] Flip Turn
|
|-heal|p1a: Kyurem|21/100|[from] item: Leftovers
|-heal|p2a: Clefable|91/100|[from] item: Leftovers
|upkeep
|turn|33
|
|t:|1760329676
|switch|p1a: Kingambit|Kingambit, F|80/100
|-activate|p1a: Kingambit|ability: Supreme Overlord
|-start|p1a: Kingambit|fallen1|[silent]
|move|p2a: Clefable|Wish|p2a: Clefable
|
|-heal|p1a: Kingambit|86/100|[from] item: Leftovers
|-heal|p2a: Clefable|97/100|[from] item: Leftovers
|upkeep
|turn|34
|
|t:|1760329698
|-end|p1a: Kingambit|fallen1|[silent]
|switch|p1a: Kyurem|Kyurem, shiny|21/100
|-ability|p1a: Kyurem|Pressure
|switch|p2a: Dondozo|Dondozo, M|73/100
|
|-heal|p2a: Dondozo|100/100|[from] move: Wish|[wisher] Clefable
|-heal|p1a: Kyurem|27/100|[from] item: Leftovers
|upkeep
|turn|35
|
|t:|1760329709
|move|p1a: Kyurem|Protect|p1a: Kyurem
|-singleturn|p1a: Kyurem|Protect
|move|p2a: Dondozo|Body Press|p1a: Kyurem
|-activate|p1a: Kyurem|move: Protect
|
|-heal|p1a: Kyurem|33/100|[from] item: Leftovers
|upkeep
|turn|36
|
|t:|1760329722
|move|p1a: Kyurem|Freeze-Dry|p2a: Dondozo
|-supereffective|p2a: Dondozo
|-damage|p2a: Dondozo|33/100
|move|p2a: Dondozo|Body Press|p1a: Kyurem
|-supereffective|p1a: Kyurem
|-damage|p1a: Kyurem|0 fnt
|faint|p1a: Kyurem
|
|-heal|p2a: Dondozo|39/100|[from] item: Leftovers
|upkeep
|inactive|slugger_6703Jr has 120 seconds left.
|
|t:|1760329740
|switch|p1a: Iron Valiant|Iron Valiant|100/100
|turn|37
|
|t:|1760329743
|switch|p2a: Slowking|Slowking-Galar, M, shiny|73/100
|move|p1a: Iron Valiant|Moonblast|p2a: Slowking
|-resisted|p2a: Slowking
|-damage|p2a: Slowking|59/100
|
|-heal|p2a: Slowking|65/100|[from] item: Leftovers
|upkeep
|turn|38
|
|t:|1760329754
|-end|p1a: Iron Valiant|Quark Drive|[silent]
|switch|p1a: Kingambit|Kingambit, F|86/100
|-activate|p1a: Kingambit|ability: Supreme Overlord
|-start|p1a: Kingambit|fallen2|[silent]
|move|p2a: Slowking|Thunder Wave|p1a: Kingambit
|-status|p1a: Kingambit|par
|
|-heal|p2a: Slowking|71/100|[from] item: Leftovers
|-heal|p1a: Kingambit|92/100 par|[from] item: Leftovers
|upkeep
|turn|39
|
|t:|1760329764
|switch|p2a: Alomomola|Alomomola, F|100/100
|cant|p1a: Kingambit|par
|
|-heal|p1a: Kingambit|98/100 par|[from] item: Leftovers
|upkeep
|turn|40
|
|t:|1760329769
|-end|p1a: Kingambit|fallen2|[silent]
|switch|p1a: Slowking|Slowking-Galar, M, shiny|80/100
|move|p2a: Alomomola|Wish|p2a: Alomomola
|
|upkeep
|turn|41
|
|t:|1760329777
|-prepare|p1a: Slowking|Chilly Reception|[premajor]
|move|p1a: Slowking|Chilly Reception|p1a: Slowking
|-weather|Snowscape
|
|t:|1760329780
|switch|p1a: Iron Valiant|Iron Valiant|100/100|[from] Chilly Reception
|move|p2a: Alomomola|Mirror Coat||[still]
|-fail|p2a: Alomomola
|
|-weather|Snowscape|[upkeep]
|upkeep
|turn|42
|-message|slugger_6703Jr forfeited.
|
|win|witdflow
|raw|slugger_6703Jr's rating: 1190 &rarr; <strong>1169</strong><br />(-21 for losing)
|raw|witdflow's rating: 1251 &rarr; <strong>1272</strong><br />(+21 for winning)
|l|☆slugger_6703Jr
|player|p1|
|l|☆witdflow
|player|p2|
