|j|☆poorlittlepawn
|j|☆fa123
|t:|1760438458
|gametype|singles
|player|p1|poorlittlepawn|1|1189
|player|p2|fa123|red|1164
|gen|9
|tier|[Gen 9] OU
|rated|
|rule|HP Percentage Mod: HP is shown in percentages
|rule|Endless Battle Clause: Forcing endless battles is banned
|rule|Species Clause: Limit one of each Pokémon
|rule|OHKO Clause: OHKO moves are banned
|rule|Evasion Items Clause: Evasion items are banned
|rule|Evasion Moves Clause: Evasion moves are banned
|rule|Evasion Abilities Clause: Evasion abilities are banned
|rule|Sleep Moves Clause: Sleep-inducing moves are banned
|clearpoke
|poke|p1|Sinistcha|
|poke|p1|Ditto|
|poke|p1|Incineroar, M|
|poke|p1|Corviknight, M|
|poke|p1|Rotom-Wash|
|poke|p1|Hatterene, F|
|poke|p2|Ogerpon-Wellspring, F|
|poke|p2|Deoxys-Speed|
|poke|p2|Corviknight, M|
|poke|p2|Ceruledge, F|
|poke|p2|Heatran, M|
|poke|p2|Dragonite, M|
|teampreview
|inactive|Battle timer is ON: inactive players will automatically lose when time's up. (requested by fa123)
|
|t:|1760438483
|teamsize|p1|6
|teamsize|p2|6
|start
|switch|p1a: Rotom|Rotom-Wash|100/100
|switch|p2a: Deoxys|Deoxys-Speed|100/100
|-ability|p2a: Deoxys|Pressure
|turn|1
|
|t:|1760438496
|move|p2a: Deoxys|Taunt|p1a: Rotom
|-start|p1a: Rotom|move: Taunt
|move|p1a: Rotom|Thunder|p2a: Deoxys
|-damage|p2a: Deoxys|46/100
|
|upkeep
|turn|2
|
|t:|1760438505
|switch|p1a: Hatterene|Hatterene, F|100/100
|move|p2a: Deoxys|Stealth Rock|p1a: Hatterene
|move|p1a: Hatterene|Stealth Rock|p2a: Deoxys|[from] ability: Magic Bounce
|-sidestart|p2: fa123|move: Stealth Rock
|
|upkeep
|turn|3
|
|t:|1760438513
|switch|p1a: Sinistcha|Sinistcha|100/100
|move|p2a: Deoxys|Knock Off|p1a: Sinistcha
|-supereffective|p1a: Sinistcha
|-damage|p1a: Sinistcha|66/100
|-enditem|p1a: Sinistcha|Weakness Policy
|-boost|p1a: Sinistcha|atk|2|[from] item: Weakness Policy
|-boost|p1a: Sinistcha|spa|2|[from] item: Weakness Policy
|
|upkeep
|turn|4
|
|t:|1760438521
|move|p2a: Deoxys|Stealth Rock|p1a: Sinistcha
|-sidestart|p1: poorlittlepawn|move: Stealth Rock
|move|p1a: Sinistcha|Strength Sap|p2a: Deoxys
|-unboost|p2a: Deoxys|atk|1
|-heal|p1a: Sinistcha|100/100
|
|upkeep
|turn|5
|
|t:|1760438535
|switch|p2a: Heatran|Heatran, M|100/100
|-damage|p2a: Heatran|88/100|[from] Stealth Rock
|move|p1a: Sinistcha|Trick Room|p1a: Sinistcha
|-fieldstart|move: Trick Room|[of] p1a: Sinistcha
|
|-heal|p2a: Heatran|94/100|[from] item: Leftovers
|upkeep
|turn|6
|
|t:|1760438542
|move|p1a: Sinistcha|Scald|p2a: Heatran
|-supereffective|p2a: Heatran
|-damage|p2a: Heatran|30/100
|move|p2a: Heatran|Will-O-Wisp|p1a: Sinistcha|[miss]
|-miss|p2a: Heatran|p1a: Sinistcha
|
|-heal|p2a: Heatran|36/100|[from] item: Leftovers
|upkeep
|turn|7
|
|t:|1760438551
|move|p2a: Heatran|Protect|p2a: Heatran
|-singleturn|p2a: Heatran|Protect
|move|p1a: Sinistcha|Scald|p2a: Heatran
|-activate|p2a: Heatran|move: Protect
|
|-heal|p2a: Heatran|42/100|[from] item: Leftovers
|upkeep
|turn|8
|
|t:|1760438560
|switch|p2a: Corviknight|Corviknight, M|100/100
|-damage|p2a: Corviknight|88/100|[from] Stealth Rock
|move|p1a: Sinistcha|Strength Sap||[still]
|-ability|p2a: Corviknight|Mirror Armor
|-unboost|p1a: Sinistcha|atk|1
|-fail|p1a: Sinistcha
|
|-heal|p2a: Corviknight|94/100|[from] item: Leftovers
|upkeep
|turn|9
|
|t:|1760438573
|move|p1a: Sinistcha|Hex|p2a: Corviknight
|-damage|p2a: Corviknight|39/100
|move|p2a: Corviknight|Brave Bird|p1a: Sinistcha
|-supereffective|p1a: Sinistcha
|-damage|p1a: Sinistcha|39/100
|-damage|p2a: Corviknight|22/100|[from] Recoil
|
|-heal|p2a: Corviknight|28/100|[from] item: Leftovers
|-fieldend|move: Trick Room
|upkeep
|turn|10
|
|t:|1760438591
|switch|p1a: Corviknight|Corviknight, M|100/100
|move|p2a: Corviknight|Brave Bird|p1a: Corviknight
|-resisted|p1a: Corviknight
|-damage|p1a: Corviknight|84/100
|-damage|p2a: Corviknight|23/100|[from] Recoil
|
|-heal|p2a: Corviknight|29/100|[from] item: Leftovers
|upkeep
|turn|11
|
|t:|1760438601
|move|p1a: Corviknight|Defog|p2a: Corviknight
|-ability|p2a: Corviknight|Mirror Armor
|-unboost|p1a: Corviknight|evasion|1
|-sideend|p2: fa123|Stealth Rock|[from] move: Defog|[of] p1a: Corviknight
|-sideend|p1: poorlittlepawn|Stealth Rock|[from] move: Defog|[of] p1a: Corviknight
|move|p2a: Corviknight|Roost|p2a: Corviknight
|-heal|p2a: Corviknight|79/100
|-singleturn|p2a: Corviknight|move: Roost
|
|-heal|p2a: Corviknight|85/100|[from] item: Leftovers
|upkeep
|turn|12
|
|t:|1760438614
|switch|p2a: Heatran|Heatran, M|42/100
|move|p1a: Corviknight|Curse|p1a: Corviknight
|-unboost|p1a: Corviknight|spe|1
|-boost|p1a: Corviknight|atk|1
|-boost|p1a: Corviknight|def|1
|
|-heal|p2a: Heatran|48/100|[from] item: Leftovers
|upkeep
|turn|13
|
|t:|1760438623
|-terastallize|p1a: Corviknight|Ghost
|move|p2a: Heatran|Will-O-Wisp|p1a: Corviknight
|-status|p1a: Corviknight|brn
|move|p1a: Corviknight|Curse|p2a: Heatran
|-start|p2a: Heatran|Curse|[of] p1a: Corviknight
|-damage|p1a: Corviknight|34/100 brn
|
|-heal|p2a: Heatran|54/100|[from] item: Leftovers
|-damage|p1a: Corviknight|28/100 brn|[from] brn
|-damage|p2a: Heatran|30/100|[from] Curse
|upkeep
|turn|14
|
|t:|1760438642
|switch|p2a: Dragonite|Dragonite, M|100/100
|move|p1a: Corviknight|Curse|p2a: Dragonite
|-start|p2a: Dragonite|Curse|[of] p1a: Corviknight
|-damage|p1a: Corviknight|0 fnt
|faint|p1a: Corviknight
|
|-damage|p2a: Dragonite|76/100|[from] Curse
|upkeep
|
|t:|1760438653
|switch|p1a: Sinistcha|Sinistcha|39/100
|turn|15
|
|t:|1760438659
|switch|p2a: Heatran|Heatran, M|30/100
|move|p1a: Sinistcha|Trick Room|p1a: Sinistcha
|-fieldstart|move: Trick Room|[of] p1a: Sinistcha
|
|-heal|p2a: Heatran|36/100|[from] item: Leftovers
|upkeep
|turn|16
|
|t:|1760438666
|move|p2a: Heatran|Protect|p2a: Heatran
|-singleturn|p2a: Heatran|Protect
|move|p1a: Sinistcha|Scald|p2a: Heatran
|-activate|p2a: Heatran|move: Protect
|
|-heal|p2a: Heatran|42/100|[from] item: Leftovers
|upkeep
|turn|17
|
|t:|1760438674
|switch|p2a: Ogerpon|Ogerpon-Wellspring, F|100/100
|move|p1a: Sinistcha|Scald|p2a: Ogerpon
|-immune|p2a: Ogerpon|[from] ability: Water Absorb
|
|upkeep
|turn|18
|
|t:|1760438682
|move|p1a: Sinistcha|Scald|p2a: Ogerpon
|-immune|p2a: Ogerpon|[from] ability: Water Absorb
|move|p2a: Ogerpon|U-turn|p1a: Sinistcha
|-damage|p1a: Sinistcha|17/100
|
|t:|1760438688
|switch|p2a: Heatran|Heatran, M|42/100|[from] U-turn
|
|-heal|p2a: Heatran|48/100|[from] item: Leftovers
|upkeep
|turn|19
|
|t:|1760438694
|switch|p1a: Rotom|Rotom-Wash|100/100
|move|p2a: Heatran|Protect||[still]
|-fail|p2a: Heatran
|
|-heal|p2a: Heatran|54/100|[from] item: Leftovers
|-fieldend|move: Trick Room
|upkeep
|turn|20
|
|t:|1760438703
|move|p2a: Heatran|Protect|p2a: Heatran
|-singleturn|p2a: Heatran|Protect
|move|p1a: Rotom|Hydro Pump|p2a: Heatran
|-activate|p2a: Heatran|move: Protect
|
|-heal|p2a: Heatran|61/100|[from] item: Leftovers
|upkeep
|turn|21
|
|t:|1760438710
|switch|p2a: Ogerpon|Ogerpon-Wellspring, F|100/100
|move|p1a: Rotom|Thunder|p2a: Ogerpon
|-damage|p2a: Ogerpon|45/100
|
|upkeep
|turn|22
|
|t:|1760438719
|move|p2a: Ogerpon|Horn Leech|p1a: Rotom
|-supereffective|p1a: Rotom
|-damage|p1a: Rotom|21/100
|-heal|p2a: Ogerpon|86/100|[from] drain|[of] p1a: Rotom
|move|p1a: Rotom|Thunder|p2a: Ogerpon
|-damage|p2a: Ogerpon|30/100
|
|upkeep
|turn|23
|
|t:|1760438729
|switch|p1a: Incineroar|Incineroar, M|100/100
|-ability|p1a: Incineroar|Intimidate|boost
|-unboost|p2a: Ogerpon|atk|1
|move|p2a: Ogerpon|Horn Leech|p1a: Incineroar
|-resisted|p1a: Incineroar
|-damage|p1a: Incineroar|88/100
|-heal|p2a: Ogerpon|38/100|[from] drain|[of] p1a: Incineroar
|-enditem|p1a: Incineroar|Red Card|[of] p2a: Ogerpon
|drag|p2a: Dragonite|Dragonite, M|76/100
|
|upkeep
|turn|24
|
|t:|1760438743
|move|p2a: Dragonite|Dragon Dance|p2a: Dragonite
|-boost|p2a: Dragonite|atk|1
|-boost|p2a: Dragonite|spe|1
|move|p1a: Incineroar|Knock Off|p2a: Dragonite
|-damage|p2a: Dragonite|9/100
|-enditem|p2a: Dragonite|Silk Scarf|[from] move: Knock Off|[of] p1a: Incineroar
|
|upkeep
|turn|25
|
|t:|1760438753
|move|p2a: Dragonite|Roost|p2a: Dragonite
|-heal|p2a: Dragonite|59/100
|-singleturn|p2a: Dragonite|move: Roost
|move|p1a: Incineroar|Will-O-Wisp|p2a: Dragonite
|-status|p2a: Dragonite|brn
|
|-damage|p2a: Dragonite|53/100 brn|[from] brn
|upkeep
|turn|26
|
|t:|1760438762
|move|p2a: Dragonite|Dragon Dance|p2a: Dragonite
|-boost|p2a: Dragonite|atk|1
|-boost|p2a: Dragonite|spe|1
|move|p1a: Incineroar|U-turn|p2a: Dragonite
|-resisted|p2a: Dragonite
|-damage|p2a: Dragonite|39/100 brn
|
|t:|1760438773
|switch|p1a: Ditto|Ditto|100/100|[from] U-turn
|-transform|p1a: Ditto|p2a: Dragonite|[from] ability: Imposter
|
|-damage|p2a: Dragonite|32/100 brn|[from] brn
|upkeep
|turn|27
|
|t:|1760438786
|-terastallize|p2a: Dragonite|Normal
|move|p2a: Dragonite|Extreme Speed|p1a: Ditto
|-damage|p1a: Ditto|71/100
|move|p1a: Ditto|Extreme Speed|p2a: Dragonite
|-damage|p2a: Dragonite|0 fnt
|faint|p2a: Dragonite
|
|upkeep
|
|t:|1760438794
|switch|p2a: Ceruledge|Ceruledge, F|100/100
|turn|28
|
|t:|1760438806
|switch|p1a: Incineroar|Incineroar, M|88/100
|-ability|p1a: Incineroar|Intimidate|boost
|-unboost|p2a: Ceruledge|atk|1
|move|p2a: Ceruledge|Swords Dance|p2a: Ceruledge
|-boost|p2a: Ceruledge|atk|2
|
|upkeep
|turn|29
|
|t:|1760438814
|move|p2a: Ceruledge|Swords Dance|p2a: Ceruledge
|-boost|p2a: Ceruledge|atk|2
|move|p1a: Incineroar|Knock Off|p2a: Ceruledge
|-supereffective|p2a: Ceruledge
|-enditem|p2a: Ceruledge|Focus Sash
|-damage|p2a: Ceruledge|1/100
|-ability|p2a: Ceruledge|Weak Armor|boost
|-unboost|p2a: Ceruledge|def|1
|-boost|p2a: Ceruledge|spe|2
|
|upkeep
|turn|30
|
|t:|1760438824
|move|p2a: Ceruledge|Bitter Blade|p1a: Incineroar
|-resisted|p1a: Incineroar
|-damage|p1a: Incineroar|36/100
|-heal|p2a: Ceruledge|36/100|[from] drain|[of] p1a: Incineroar
|move|p1a: Incineroar|U-turn|p2a: Ceruledge
|-resisted|p2a: Ceruledge
|-damage|p2a: Ceruledge|23/100
|-ability|p2a: Ceruledge|Weak Armor|boost
|-unboost|p2a: Ceruledge|def|1
|-boost|p2a: Ceruledge|spe|2
|
|t:|1760438840
|switch|p1a: Ditto|Ditto|71/100|[from] U-turn
|-transform|p1a: Ditto|p2a: Ceruledge|[from] ability: Imposter
|
|upkeep
|turn|31
|
|t:|1760438846
|move|p1a: Ditto|Shadow Sneak|p2a: Ceruledge
|-supereffective|p2a: Ceruledge
|-damage|p2a: Ceruledge|0 fnt
|faint|p2a: Ceruledge
|
|upkeep
|
|t:|1760438858
|switch|p2a: Deoxys|Deoxys-Speed|46/100
|-ability|p2a: Deoxys|Pressure
|turn|32
|
|t:|1760438868
|move|p1a: Ditto|Bitter Blade|p2a: Deoxys
|-damage|p2a: Deoxys|0 fnt
|-heal|p1a: Ditto|94/100|[from] drain|[of] p2a: Deoxys
|faint|p2a: Deoxys
|
|upkeep
|
|t:|1760438873
|switch|p2a: Heatran|Heatran, M|61/100
|turn|33
|
|t:|1760438878
|switch|p1a: Incineroar|Incineroar, M|36/100
|-ability|p1a: Incineroar|Intimidate|boost
|-unboost|p2a: Heatran|atk|1
|move|p2a: Heatran|Lava Plume|p1a: Incineroar
|-resisted|p1a: Incineroar
|-damage|p1a: Incineroar|17/100
|
|-heal|p2a: Heatran|67/100|[from] item: Leftovers
|upkeep
|turn|34
|
|t:|1760438889
|move|p2a: Heatran|Lava Plume|p1a: Incineroar
|-resisted|p1a: Incineroar
|-damage|p1a: Incineroar|0 fnt
|faint|p1a: Incineroar
|
|-heal|p2a: Heatran|73/100|[from] item: Leftovers
|upkeep
|
|t:|1760438906
|switch|p1a: Hatterene|Hatterene, F|100/100
|turn|35
|
|t:|1760438912
|move|p2a: Heatran|Lava Plume|p1a: Hatterene
|-damage|p1a: Hatterene|61/100
|move|p1a: Hatterene|Future Sight|p2a: Heatran
|-start|p1a: Hatterene|move: Future Sight
|
|-heal|p2a: Heatran|79/100|[from] item: Leftovers
|upkeep
|turn|36
|
|t:|1760438919
|move|p1a: Hatterene|Protect|p1a: Hatterene
|-singleturn|p1a: Hatterene|Protect
|move|p2a: Heatran|Lava Plume|p1a: Hatterene
|-activate|p1a: Hatterene|move: Protect
|
|-heal|p2a: Heatran|85/100|[from] item: Leftovers
|upkeep
|turn|37
|
|t:|1760438927
|move|p2a: Heatran|Protect|p2a: Heatran
|-singleturn|p2a: Heatran|Protect
|move|p1a: Hatterene|Draining Kiss|p2a: Heatran
|-activate|p2a: Heatran|move: Protect
|
|-end|p2a: Heatran|move: Future Sight
|-resisted|p2a: Heatran
|-damage|p2a: Heatran|65/100
|-heal|p2a: Heatran|71/100|[from] item: Leftovers
|upkeep
|turn|38
|
|t:|1760438937
|move|p2a: Heatran|Lava Plume|p1a: Hatterene
|-damage|p1a: Hatterene|21/100
|move|p1a: Hatterene|Future Sight|p2a: Heatran
|-start|p1a: Hatterene|move: Future Sight
|
|-heal|p2a: Heatran|78/100|[from] item: Leftovers
|upkeep
|turn|39
|
|t:|1760438946
|switch|p1a: Ditto|Ditto|94/100
|-transform|p1a: Ditto|p2a: Heatran|[from] ability: Imposter
|move|p2a: Heatran|Lava Plume|p1a: Ditto
|-damage|p1a: Ditto|50/100
|
|-heal|p2a: Heatran|84/100|[from] item: Leftovers
|upkeep
|turn|40
|
|t:|1760438961
|move|p2a: Heatran|Lava Plume|p1a: Ditto
|-damage|p1a: Ditto|8/100
|move|p1a: Ditto|Taunt|p2a: Heatran
|-start|p2a: Heatran|move: Taunt
|
|-end|p2a: Heatran|move: Future Sight
|-resisted|p2a: Heatran
|-damage|p2a: Heatran|62/100
|-heal|p2a: Heatran|68/100|[from] item: Leftovers
|upkeep
|turn|41
|
|t:|1760438972
|move|p2a: Heatran|Lava Plume|p1a: Ditto
|-damage|p1a: Ditto|0 fnt
|faint|p1a: Ditto
|
|-heal|p2a: Heatran|75/100|[from] item: Leftovers
|upkeep
|
|t:|1760438981
|switch|p1a: Sinistcha|Sinistcha|17/100
|turn|42
|
|t:|1760438986
|move|p2a: Heatran|Lava Plume|p1a: Sinistcha
|-supereffective|p1a: Sinistcha
|-damage|p1a: Sinistcha|0 fnt
|faint|p1a: Sinistcha
|
|-heal|p2a: Heatran|81/100|[from] item: Leftovers
|upkeep
|-message|poorlittlepawn forfeited.
|
|win|fa123
|raw|poorlittlepawn's rating: 1189 &rarr; <strong>1162</strong><br />(-27 for losing)
|raw|fa123's rating: 1164 &rarr; <strong>1191</strong><br />(+27 for winning)
|l|☆poorlittlepawn
|player|p1|
|l|☆fa123
|player|p2|
