|j|☆Chuck2025
|j|☆lousiv
|t:|1760386871
|gametype|singles
|player|p1|Chuck2025|1|1292
|player|p2|lousiv|guitarist|1313
|gen|9
|tier|[Gen 9] OU
|rated|
|rule|HP Percentage Mod: HP is shown in percentages
|rule|Endless Battle Clause: Forcing endless battles is banned
|rule|Species Clause: Limit one of each Pokémon
|rule|OHKO Clause: OHKO moves are banned
|rule|Evasion Items Clause: Evasion items are banned
|rule|Evasion Moves Clause: Evasion moves are banned
|rule|Evasion Abilities Clause: Evasion abilities are banned
|rule|Sleep Moves Clause: Sleep-inducing moves are banned
|clearpoke
|poke|p1|Dragonite, F|
|poke|p1|Swampert, M|
|poke|p1|Iron Hands|
|poke|p1|Zamazenta-*|
|poke|p1|Volcanion|
|poke|p1|Slowking-Galar, M|
|poke|p2|Blissey, F|
|poke|p2|Sableye, M|
|poke|p2|Venusaur, F|
|poke|p2|Quagsire, F|
|poke|p2|Weavile, M|
|poke|p2|Mandibuzz, F|
|teampreview
|inactive|Battle timer is ON: inactive players will automatically lose when time's up. (requested by Chuck2025)
|
|t:|1760386882
|teamsize|p1|6
|teamsize|p2|6
|start
|switch|p1a: Iron Hands|Iron Hands, shiny|100/100
|switch|p2a: Sableye|Sableye, M|100/100
|turn|1
|
|t:|1760386892
|-end|p1a: Iron Hands|Quark Drive|[silent]
|switch|p1a: Volcanion|Volcanion|100/100
|move|p2a: Sableye|Will-O-Wisp|p1a: Volcanion
|-immune|p1a: Volcanion
|
|upkeep
|turn|2
|
|t:|1760386898
|move|p1a: Volcanion|Steam Eruption|p2a: Sableye
|-damage|p2a: Sableye|0 fnt
|faint|p2a: Sableye
|
|upkeep
|
|t:|1760386904
|switch|p2a: Blissey|Blissey, F|100/100
|turn|3
|
|t:|1760386911
|switch|p1a: Iron Hands|Iron Hands, shiny|100/100
|move|p2a: Blissey|Stealth Rock|p1a: Iron Hands
|-sidestart|p1: Chuck2025|move: Stealth Rock
|
|upkeep
|turn|4
|
|t:|1760386917
|switch|p2a: Quagsire|Quagsire, F|100/100
|move|p1a: Iron Hands|Drain Punch|p2a: Quagsire
|-damage|p2a: Quagsire|69/100
|
|-heal|p2a: Quagsire|75/100|[from] item: Leftovers
|upkeep
|turn|5
|
|t:|1760386936
|-end|p1a: Iron Hands|Quark Drive|[silent]
|switch|p1a: Slowking|Slowking-Galar, M|100/100
|move|p2a: Quagsire|Toxic|p1a: Slowking
|-immune|p1a: Slowking
|
|-heal|p2a: Quagsire|81/100|[from] item: Leftovers
|upkeep
|turn|6
|
|t:|1760386943
|switch|p2a: Blissey|Blissey, F|100/100
|move|p1a: Slowking|Psychic|p2a: Blissey
|-damage|p2a: Blissey|84/100
|
|upkeep
|turn|7
|
|t:|1760386950
|switch|p1a: Dragonite|Dragonite, F|100/100
|move|p2a: Blissey|Thunder Wave|p1a: Dragonite
|-status|p1a: Dragonite|par
|
|upkeep
|turn|8
|
|t:|1760386956
|switch|p2a: Quagsire|Quagsire, F|81/100
|move|p1a: Dragonite|Dragon Claw|p2a: Quagsire
|-damage|p2a: Quagsire|53/100
|
|-heal|p2a: Quagsire|59/100|[from] item: Leftovers
|upkeep
|turn|9
|
|t:|1760386965
|move|p1a: Dragonite|Ice Beam|p2a: Quagsire
|-damage|p2a: Quagsire|32/100
|move|p2a: Quagsire|Recover|p2a: Quagsire
|-heal|p2a: Quagsire|82/100
|
|-heal|p2a: Quagsire|88/100|[from] item: Leftovers
|upkeep
|turn|10
|
|t:|1760386976
|move|p1a: Dragonite|Dragon Claw|p2a: Quagsire
|-damage|p2a: Quagsire|59/100
|move|p2a: Quagsire|Counter|p1a: Dragonite
|-damage|p1a: Dragonite|30/100 par
|
|-heal|p2a: Quagsire|65/100|[from] item: Leftovers
|upkeep
|turn|11
|
|t:|1760386988
|move|p1a: Dragonite|Extreme Speed|p2a: Quagsire
|-damage|p2a: Quagsire|45/100
|move|p2a: Quagsire|Recover|p2a: Quagsire
|-heal|p2a: Quagsire|95/100
|
|-heal|p2a: Quagsire|100/100|[from] item: Leftovers
|upkeep
|turn|12
|
|t:|1760386996
|move|p1a: Dragonite|Dragon Claw|p2a: Quagsire
|-damage|p2a: Quagsire|71/100
|move|p2a: Quagsire|Counter|p1a: Dragonite
|-damage|p1a: Dragonite|0 fnt
|faint|p1a: Dragonite
|
|-heal|p2a: Quagsire|77/100|[from] item: Leftovers
|upkeep
|
|t:|1760387013
|switch|p1a: Iron Hands|Iron Hands, shiny|100/100
|-damage|p1a: Iron Hands|94/100|[from] Stealth Rock
|turn|13
|
|t:|1760387021
|move|p1a: Iron Hands|Drain Punch|p2a: Quagsire
|-damage|p2a: Quagsire|46/100
|-heal|p1a: Iron Hands|100/100|[from] drain|[of] p2a: Quagsire
|move|p2a: Quagsire|Toxic|p1a: Iron Hands
|-status|p1a: Iron Hands|tox
|
|-heal|p2a: Quagsire|52/100|[from] item: Leftovers
|-damage|p1a: Iron Hands|94/100 tox|[from] psn
|upkeep
|turn|14
|
|t:|1760387031
|move|p1a: Iron Hands|Drain Punch|p2a: Quagsire
|-damage|p2a: Quagsire|20/100
|-heal|p1a: Iron Hands|100/100 tox|[from] drain|[of] p2a: Quagsire
|move|p2a: Quagsire|Recover|p2a: Quagsire
|-heal|p2a: Quagsire|70/100
|
|-heal|p2a: Quagsire|76/100|[from] item: Leftovers
|-damage|p1a: Iron Hands|88/100 tox|[from] psn
|upkeep
|turn|15
|
|t:|1760387042
|move|p1a: Iron Hands|Drain Punch|p2a: Quagsire
|-damage|p2a: Quagsire|46/100
|-heal|p1a: Iron Hands|99/100 tox|[from] drain|[of] p2a: Quagsire
|move|p2a: Quagsire|Recover|p2a: Quagsire
|-heal|p2a: Quagsire|96/100
|
|-heal|p2a: Quagsire|100/100|[from] item: Leftovers
|-damage|p1a: Iron Hands|82/100 tox|[from] psn
|upkeep
|turn|16
|
|t:|1760387052
|move|p1a: Iron Hands|Drain Punch|p2a: Quagsire
|-damage|p2a: Quagsire|71/100
|-heal|p1a: Iron Hands|93/100 tox|[from] drain|[of] p2a: Quagsire
|move|p2a: Quagsire|Counter|p1a: Iron Hands
|-damage|p1a: Iron Hands|47/100 tox
|-damage|p2a: Quagsire|54/100|[from] item: Rocky Helmet|[of] p1a: Iron Hands
|
|-heal|p2a: Quagsire|60/100|[from] item: Leftovers
|-damage|p1a: Iron Hands|23/100 tox|[from] psn
|upkeep
|turn|17
|
|t:|1760387063
|move|p1a: Iron Hands|Drain Punch|p2a: Quagsire
|-damage|p2a: Quagsire|27/100
|-heal|p1a: Iron Hands|36/100 tox|[from] drain|[of] p2a: Quagsire
|move|p2a: Quagsire|Recover|p2a: Quagsire
|-heal|p2a: Quagsire|77/100
|
|-heal|p2a: Quagsire|83/100|[from] item: Leftovers
|-damage|p1a: Iron Hands|5/100 tox|[from] psn
|upkeep
|turn|18
|
|t:|1760387074
|switch|p2a: Venusaur|Venusaur, F|100/100
|move|p1a: Iron Hands|Drain Punch|p2a: Venusaur
|-resisted|p2a: Venusaur
|-damage|p2a: Venusaur|83/100
|-heal|p1a: Iron Hands|12/100 tox|[from] drain|[of] p2a: Venusaur
|
|-heal|p2a: Venusaur|89/100|[from] item: Black Sludge
|-damage|p1a: Iron Hands|0 fnt|[from] psn
|faint|p1a: Iron Hands
|-end|p1a: Iron Hands|Quark Drive|[silent]
|upkeep
|
|t:|1760387086
|switch|p1a: Slowking|Slowking-Galar, M|100/100
|turn|19
|
|t:|1760387089
|move|p2a: Venusaur|Knock Off|p1a: Slowking
|-supereffective|p1a: Slowking
|-damage|p1a: Slowking|62/100
|-enditem|p1a: Slowking|Heavy-Duty Boots|[from] move: Knock Off|[of] p2a: Venusaur
|move|p1a: Slowking|Psychic|p2a: Venusaur
|-supereffective|p2a: Venusaur
|-damage|p2a: Venusaur|0 fnt
|faint|p2a: Venusaur
|
|upkeep
|
|t:|1760387096
|switch|p2a: Mandibuzz|Mandibuzz, F|100/100
|turn|20
|
|t:|1760387102
|switch|p1a: Swampert|Swampert, M|100/100
|move|p2a: Mandibuzz|Foul Play|p1a: Swampert
|-damage|p1a: Swampert|69/100
|
|upkeep
|turn|21
|
|t:|1760387109
|move|p2a: Mandibuzz|Toxic|p1a: Swampert
|-status|p1a: Swampert|tox
|move|p1a: Swampert|Ice Beam|p2a: Mandibuzz
|-supereffective|p2a: Mandibuzz
|-damage|p2a: Mandibuzz|55/100
|
|-heal|p2a: Mandibuzz|61/100|[from] item: Leftovers
|-damage|p1a: Swampert|63/100 tox|[from] psn
|upkeep
|turn|22
|
|t:|1760387118
|move|p2a: Mandibuzz|Roost|p2a: Mandibuzz
|-heal|p2a: Mandibuzz|100/100
|-singleturn|p2a: Mandibuzz|move: Roost
|move|p1a: Swampert|Ice Beam|p2a: Mandibuzz
|-damage|p2a: Mandibuzz|80/100
|
|-heal|p2a: Mandibuzz|86/100|[from] item: Leftovers
|-damage|p1a: Swampert|51/100 tox|[from] psn
|upkeep
|turn|23
|
|t:|1760387129
|move|p2a: Mandibuzz|Foul Play|p1a: Swampert
|-damage|p1a: Swampert|18/100 tox
|move|p1a: Swampert|Ice Beam|p2a: Mandibuzz
|-supereffective|p2a: Mandibuzz
|-damage|p2a: Mandibuzz|43/100
|
|-heal|p2a: Mandibuzz|49/100|[from] item: Leftovers
|-damage|p1a: Swampert|0 fnt|[from] psn
|faint|p1a: Swampert
|upkeep
|
|t:|1760387150
|switch|p1a: Volcanion|Volcanion|100/100
|turn|24
|
|t:|1760387156
|move|p2a: Mandibuzz|Toxic|p1a: Volcanion|[miss]
|-miss|p2a: Mandibuzz|p1a: Volcanion
|move|p1a: Volcanion|Sludge Wave|p2a: Mandibuzz
|-damage|p2a: Mandibuzz|20/100
|
|-heal|p2a: Mandibuzz|26/100|[from] item: Leftovers
|upkeep
|turn|25
|
|t:|1760387167
|move|p2a: Mandibuzz|Roost|p2a: Mandibuzz
|-heal|p2a: Mandibuzz|76/100
|-singleturn|p2a: Mandibuzz|move: Roost
|move|p1a: Volcanion|Flamethrower|p2a: Mandibuzz
|-damage|p2a: Mandibuzz|34/100
|
|-heal|p2a: Mandibuzz|40/100|[from] item: Leftovers
|upkeep
|turn|26
|
|t:|1760387177
|move|p2a: Mandibuzz|Roost|p2a: Mandibuzz
|-heal|p2a: Mandibuzz|90/100
|-singleturn|p2a: Mandibuzz|move: Roost
|move|p1a: Volcanion|Flamethrower|p2a: Mandibuzz
|-damage|p2a: Mandibuzz|50/100
|
|-heal|p2a: Mandibuzz|56/100|[from] item: Leftovers
|upkeep
|turn|27
|
|t:|1760387186
|move|p2a: Mandibuzz|Toxic|p1a: Volcanion|[miss]
|-miss|p2a: Mandibuzz|p1a: Volcanion
|move|p1a: Volcanion|Flamethrower|p2a: Mandibuzz
|-damage|p2a: Mandibuzz|13/100
|
|-heal|p2a: Mandibuzz|19/100|[from] item: Leftovers
|upkeep
|turn|28
|
|t:|1760387194
|move|p2a: Mandibuzz|Toxic|p1a: Volcanion
|-status|p1a: Volcanion|tox
|move|p1a: Volcanion|Flamethrower|p2a: Mandibuzz
|-damage|p2a: Mandibuzz|0 fnt
|faint|p2a: Mandibuzz
|
|-damage|p1a: Volcanion|94/100 tox|[from] psn
|upkeep
|
|t:|1760387205
|switch|p2a: Blissey|Blissey, F|84/100
|turn|29
|
|t:|1760387210
|move|p1a: Volcanion|Sludge Wave|p2a: Blissey
|-damage|p2a: Blissey|70/100
|move|p2a: Blissey|Seismic Toss|p1a: Volcanion
|-damage|p1a: Volcanion|67/100 tox
|
|-damage|p1a: Volcanion|55/100 tox|[from] psn
|upkeep
|turn|30
|
|t:|1760387219
|move|p1a: Volcanion|Sludge Wave|p2a: Blissey
|-damage|p2a: Blissey|56/100
|move|p2a: Blissey|Seismic Toss|p1a: Volcanion
|-damage|p1a: Volcanion|27/100 tox
|
|-damage|p1a: Volcanion|9/100 tox|[from] psn
|upkeep
|turn|31
|
|t:|1760387228
|move|p1a: Volcanion|Steam Eruption|p2a: Blissey
|-damage|p2a: Blissey|31/100
|-status|p2a: Blissey|brn
|move|p2a: Blissey|Soft-Boiled|p2a: Blissey
|-heal|p2a: Blissey|81/100 brn
|
|-damage|p1a: Volcanion|0 fnt|[from] psn
|faint|p1a: Volcanion
|-damage|p2a: Blissey|75/100 brn|[from] brn
|upkeep
|
|t:|1760387252
|switch|p1a: Zamazenta|Zamazenta|100/100
|-damage|p1a: Zamazenta|94/100|[from] Stealth Rock
|-ability|p1a: Zamazenta|Dauntless Shield|boost
|-boost|p1a: Zamazenta|def|1
|turn|32
|
|t:|1760387257
|-curestatus|p2a: Blissey|brn|[from] ability: Natural Cure
|switch|p2a: Quagsire|Quagsire, F|83/100
|move|p1a: Zamazenta|Body Press|p2a: Quagsire
|-damage|p2a: Quagsire|61/100
|
|-heal|p2a: Quagsire|67/100|[from] item: Leftovers
|upkeep
|turn|33
|
|t:|1760387268
|switch|p1a: Slowking|Slowking-Galar, M|95/100
|-damage|p1a: Slowking|83/100|[from] Stealth Rock
|move|p2a: Quagsire|Toxic|p1a: Slowking
|-immune|p1a: Slowking
|
|-heal|p2a: Quagsire|73/100|[from] item: Leftovers
|upkeep
|turn|34
|
|t:|1760387278
|switch|p2a: Blissey|Blissey, F|75/100
|move|p1a: Slowking|Psychic|p2a: Blissey
|-damage|p2a: Blissey|59/100
|
|upkeep
|turn|35
|
|t:|1760387288
|move|p2a: Blissey|Seismic Toss|p1a: Slowking
|-damage|p1a: Slowking|57/100
|move|p1a: Slowking|Flamethrower|p2a: Blissey
|-damage|p2a: Blissey|48/100
|
|upkeep
|turn|36
|
|t:|1760387298
|move|p2a: Blissey|Seismic Toss|p1a: Slowking
|-damage|p1a: Slowking|32/100
|move|p1a: Slowking|Sludge Wave|p2a: Blissey
|-damage|p2a: Blissey|31/100
|
|upkeep
|turn|37
|
|t:|1760387304
|switch|p1a: Zamazenta|Zamazenta|94/100
|-damage|p1a: Zamazenta|88/100|[from] Stealth Rock
|move|p2a: Blissey|Seismic Toss|p1a: Zamazenta
|-damage|p1a: Zamazenta|62/100
|
|upkeep
|turn|38
|
|t:|1760387312
|move|p1a: Zamazenta|Body Press|p2a: Blissey
|-supereffective|p2a: Blissey
|-damage|p2a: Blissey|0 fnt
|faint|p2a: Blissey
|
|upkeep
|
|t:|1760387336
|switch|p2a: Quagsire|Quagsire, F|73/100
|turn|39
|
|t:|1760387358
|move|p1a: Zamazenta|Body Press|p2a: Quagsire
|-damage|p2a: Quagsire|53/100
|move|p2a: Quagsire|Earthquake|p1a: Zamazenta
|-damage|p1a: Zamazenta|40/100
|
|-heal|p2a: Quagsire|59/100|[from] item: Leftovers
|upkeep
|turn|40
|
|t:|1760387368
|move|p1a: Zamazenta|Body Press|p2a: Quagsire
|-damage|p2a: Quagsire|39/100
|move|p2a: Quagsire|Earthquake|p1a: Zamazenta
|-damage|p1a: Zamazenta|17/100
|
|-heal|p2a: Quagsire|45/100|[from] item: Leftovers
|upkeep
|turn|41
|
|t:|1760387380
|move|p1a: Zamazenta|Crunch|p2a: Quagsire
|-damage|p2a: Quagsire|25/100
|move|p2a: Quagsire|Recover|p2a: Quagsire
|-heal|p2a: Quagsire|75/100
|
|-heal|p2a: Quagsire|81/100|[from] item: Leftovers
|upkeep
|turn|42
|
|t:|1760387389
|move|p1a: Zamazenta|Crunch|p2a: Quagsire
|-damage|p2a: Quagsire|62/100
|move|p2a: Quagsire|Earthquake|p1a: Zamazenta
|-damage|p1a: Zamazenta|0 fnt
|faint|p1a: Zamazenta
|
|-heal|p2a: Quagsire|68/100|[from] item: Leftovers
|upkeep
|
|t:|1760387398
|switch|p1a: Slowking|Slowking-Galar, M|65/100
|-damage|p1a: Slowking|53/100|[from] Stealth Rock
|turn|43
|
|t:|1760387404
|move|p2a: Quagsire|Earthquake|p1a: Slowking
|-supereffective|p1a: Slowking
|-damage|p1a: Slowking|0 fnt
|faint|p1a: Slowking
|
|win|lousiv
|raw|Chuck2025's rating: 1292 &rarr; <strong>1269</strong><br />(-23 for losing)
|raw|lousiv's rating: 1313 &rarr; <strong>1332</strong><br />(+19 for winning)
|c|☆Chuck2025|Gg
|c|☆Chuck2025|Quagmire is good
|c|☆lousiv|Yes boy
|l|☆Chuck2025
|player|p1|
|l|☆lousiv
|player|p2|
