|j|☆SillyScallop
|j|☆wrinkledmonke
|t:|1760392281
|gametype|singles
|player|p1|SillyScallop|maid|1559
|player|p2|wrinkledmonke|psychic-gen4|1541
|gen|9
|tier|[Gen 9] OU
|rated|
|rule|HP Percentage Mod: HP is shown in percentages
|rule|Endless Battle Clause: Forcing endless battles is banned
|rule|Species Clause: Limit one of each Pokémon
|rule|OHKO Clause: OHKO moves are banned
|rule|Evasion Items Clause: Evasion items are banned
|rule|Evasion Moves Clause: Evasion moves are banned
|rule|Evasion Abilities Clause: Evasion abilities are banned
|rule|Sleep Moves Clause: Sleep-inducing moves are banned
|clearpoke
|poke|p1|Hydreigon, M|
|poke|p1|Jirachi|
|poke|p1|Alomomola, F|
|poke|p1|Cinderace, M|
|poke|p1|Great Tusk|
|poke|p1|Rillaboom, M|
|poke|p2|Ogerpon, F|
|poke|p2|Cinderace, M|
|poke|p2|Kyurem|
|poke|p2|Slowking, M|
|poke|p2|Gliscor, M|
|poke|p2|Darkrai|
|teampreview
|inactive|Battle timer is ON: inactive players will automatically lose when time's up. (requested by wrinkledmonke)
|
|t:|1760392292
|teamsize|p1|6
|teamsize|p2|6
|start
|switch|p1a: Cinderace|Cinderace, M|100/100
|switch|p2a: Kyurem|Kyurem|100/100
|-ability|p2a: Kyurem|Pressure
|turn|1
|
|t:|1760392295
|move|p2a: Kyurem|Earth Power|p1a: Cinderace
|-supereffective|p1a: Cinderace
|-damage|p1a: Cinderace|18/100
|move|p1a: Cinderace|U-turn|p2a: Kyurem
|-damage|p2a: Kyurem|81/100
|
|t:|1760392302
|switch|p1a: Hydreigon|Hydreigon, M, shiny|100/100|[from] U-turn
|
|upkeep
|turn|2
|
|t:|1760392312
|switch|p2a: Slowking|Slowking, M|100/100
|move|p1a: Hydreigon|Draco Meteor|p2a: Slowking
|-damage|p2a: Slowking|39/100
|-unboost|p1a: Hydreigon|spa|2
|
|upkeep
|turn|3
|
|t:|1760392316
|move|p1a: Hydreigon|Draco Meteor|p2a: Slowking
|-damage|p2a: Slowking|11/100
|-unboost|p1a: Hydreigon|spa|2
|move|p2a: Slowking|Thunder Wave|p1a: Hydreigon
|-status|p1a: Hydreigon|par
|
|upkeep
|turn|4
|
|t:|1760392327
|switch|p2a: Gliscor|Gliscor, M|100/100
|cant|p1a: Hydreigon|par
|
|-status|p2a: Gliscor|tox|[from] item: Toxic Orb
|upkeep
|turn|5
|
|t:|1760392334
|switch|p1a: Great Tusk|Great Tusk|100/100
|move|p2a: Gliscor|Knock Off|p1a: Great Tusk
|-resisted|p1a: Great Tusk
|-damage|p1a: Great Tusk|93/100
|-enditem|p1a: Great Tusk|Leftovers|[from] move: Knock Off|[of] p2a: Gliscor
|
|upkeep
|turn|6
|
|t:|1760392339
|move|p1a: Great Tusk|Rapid Spin|p2a: Gliscor
|-damage|p2a: Gliscor|92/100 tox
|-boost|p1a: Great Tusk|spe|1
|move|p2a: Gliscor|Toxic|p1a: Great Tusk
|-status|p1a: Great Tusk|tox
|
|-damage|p1a: Great Tusk|87/100 tox|[from] psn
|-heal|p2a: Gliscor|100/100 tox|[from] ability: Poison Heal
|upkeep
|turn|7
|
|t:|1760392342
|move|p2a: Gliscor|Protect|p2a: Gliscor
|-singleturn|p2a: Gliscor|Protect
|move|p1a: Great Tusk|Bulk Up|p1a: Great Tusk
|-boost|p1a: Great Tusk|atk|1
|-boost|p1a: Great Tusk|def|1
|
|-damage|p1a: Great Tusk|75/100 tox|[from] psn
|upkeep
|turn|8
|
|t:|1760392347
|move|p1a: Great Tusk|Ice Spinner|p2a: Gliscor
|-supereffective|p2a: Gliscor
|-crit|p2a: Gliscor
|-damage|p2a: Gliscor|0 fnt
|faint|p2a: Gliscor
|
|-damage|p1a: Great Tusk|56/100 tox|[from] psn
|upkeep
|
|t:|1760392363
|switch|p2a: Ogerpon|Ogerpon, F|100/100
|turn|9
|
|t:|1760392365
|-terastallize|p2a: Ogerpon|Grass
|detailschange|p2a: Ogerpon|Ogerpon-Teal-Tera, F, tera:Grass
|-ability|p2a: Ogerpon|Embody Aspect (Teal)|boost
|-boost|p2a: Ogerpon|spe|1
|move|p2a: Ogerpon|Ivy Cudgel|p1a: Great Tusk
|-supereffective|p1a: Great Tusk
|-crit|p1a: Great Tusk
|-damage|p1a: Great Tusk|0 fnt
|faint|p1a: Great Tusk
|-end|p1a: Great Tusk|Protosynthesis|[silent]
|
|upkeep
|
|t:|1760392375
|switch|p1a: Rillaboom|Rillaboom, M|100/100
|-fieldstart|move: Grassy Terrain|[from] ability: Grassy Surge|[of] p1a: Rillaboom
|turn|10
|
|t:|1760392377
|move|p2a: Ogerpon|Ivy Cudgel|p1a: Rillaboom
|-resisted|p1a: Rillaboom
|-damage|p1a: Rillaboom|32/100
|move|p1a: Rillaboom|U-turn|p2a: Ogerpon
|-supereffective|p2a: Ogerpon
|-damage|p2a: Ogerpon|0 fnt
|faint|p2a: Ogerpon
|detailschange|p2: Ogerpon|Ogerpon, F|[silent]
|
|t:|1760392387
|switch|p1a: Alomomola|Alomomola, F|100/100|[from] U-turn
|
|upkeep
|
|t:|1760392390
|switch|p2a: Cinderace|Cinderace, M|100/100
|turn|11
|
|t:|1760392393
|move|p2a: Cinderace|Gunk Shot|p1a: Alomomola
|-start|p2a: Cinderace|typechange|Poison|[from] ability: Libero
|-damage|p1a: Alomomola|63/100
|move|p1a: Alomomola|Flip Turn|p2a: Cinderace
|-crit|p2a: Cinderace
|-damage|p2a: Cinderace|67/100
|inactive|SillyScallop has 120 seconds left.
|
|t:|1760392431
|switch|p1a: Hydreigon|Hydreigon, M, shiny|100/100 par|[from] Flip Turn
|
|-heal|p2a: Cinderace|73/100|[from] Grassy Terrain
|upkeep
|turn|12
|
|t:|1760392440
|move|p2a: Cinderace|High Jump Kick|p1a: Hydreigon
|-supereffective|p1a: Hydreigon
|-damage|p1a: Hydreigon|13/100 par
|move|p1a: Hydreigon|Dark Pulse|p2a: Cinderace
|-damage|p2a: Cinderace|0 fnt
|faint|p2a: Cinderace
|
|upkeep
|
|t:|1760392454
|switch|p2a: Darkrai|Darkrai|100/100
|turn|13
|
|t:|1760392472
|move|p2a: Darkrai|Dark Pulse|p1a: Hydreigon
|-resisted|p1a: Hydreigon
|-damage|p1a: Hydreigon|0 fnt
|faint|p1a: Hydreigon
|
|upkeep
|
|t:|1760392474
|switch|p1a: Alomomola|Alomomola, F|97/100
|turn|14
|
|t:|1760392477
|switch|p2a: Slowking|Slowking, M|44/100
|move|p1a: Alomomola|Mirror Coat||[still]
|-fail|p1a: Alomomola
|
|-heal|p1a: Alomomola|100/100|[from] Grassy Terrain
|-heal|p2a: Slowking|50/100|[from] Grassy Terrain
|-fieldend|move: Grassy Terrain
|upkeep
|turn|15
|
|t:|1760392481
|move|p1a: Alomomola|Flip Turn|p2a: Slowking
|-resisted|p2a: Slowking
|-damage|p2a: Slowking|43/100
|
|t:|1760392486
|switch|p1a: Jirachi|Jirachi|100/100|[from] Flip Turn
|move|p2a: Slowking|Thunder Wave|p1a: Jirachi
|-status|p1a: Jirachi|par
|
|upkeep
|turn|16
|
|t:|1760392489
|move|p1a: Jirachi|Encore|p2a: Slowking
|-start|p2a: Slowking|Encore
|move|p2a: Slowking|Thunder Wave|p1a: Jirachi
|-fail|p1a: Jirachi|par
|
|upkeep
|turn|17
|
|t:|1760392492
|switch|p2a: Darkrai|Darkrai|100/100
|move|p1a: Jirachi|Doom Desire|p2a: Darkrai
|-start|p1a: Jirachi|Doom Desire
|
|upkeep
|turn|18
|
|t:|1760392514
|move|p2a: Darkrai|Dark Pulse|p1a: Jirachi
|-supereffective|p1a: Jirachi
|-damage|p1a: Jirachi|0 fnt
|faint|p1a: Jirachi
|
|upkeep
|
|t:|1760392519
|switch|p1a: Alomomola|Alomomola, F|100/100
|turn|19
|
|t:|1760392521
|switch|p2a: Slowking|Slowking, M|76/100
|move|p1a: Alomomola|Flip Turn|p2a: Slowking
|-resisted|p2a: Slowking
|-damage|p2a: Slowking|67/100
|
|t:|1760392523
|switch|p1a: Rillaboom|Rillaboom, M|32/100|[from] Flip Turn
|-fieldstart|move: Grassy Terrain|[from] ability: Grassy Surge|[of] p1a: Rillaboom
|
|-end|p2a: Slowking|move: Doom Desire
|-resisted|p2a: Slowking
|-damage|p2a: Slowking|48/100
|-heal|p1a: Rillaboom|39/100|[from] Grassy Terrain
|-heal|p2a: Slowking|54/100|[from] Grassy Terrain
|upkeep
|turn|20
|
|t:|1760392530
|move|p1a: Rillaboom|U-turn|p2a: Slowking
|-supereffective|p2a: Slowking
|-damage|p2a: Slowking|0 fnt
|faint|p2a: Slowking
|
|t:|1760392535
|switch|p1a: Alomomola|Alomomola, F|100/100|[from] U-turn
|
|upkeep
|
|t:|1760392539
|switch|p2a: Kyurem|Kyurem|81/100
|-ability|p2a: Kyurem|Pressure
|turn|21
|
|t:|1760392541
|move|p2a: Kyurem|Freeze-Dry|p1a: Alomomola
|-supereffective|p1a: Alomomola
|-damage|p1a: Alomomola|54/100
|move|p1a: Alomomola|Mirror Coat|p2a: Kyurem
|-damage|p2a: Kyurem|0 fnt
|faint|p2a: Kyurem
|
|-heal|p1a: Alomomola|60/100|[from] Grassy Terrain
|upkeep
|
|t:|1760392544
|switch|p2a: Darkrai|Darkrai|100/100
|turn|22
|
|t:|1760392546
|move|p2a: Darkrai|Sucker Punch|p1a: Alomomola
|-damage|p1a: Alomomola|45/100
|move|p1a: Alomomola|Flip Turn|p2a: Darkrai
|-damage|p2a: Darkrai|78/100
|
|t:|1760392550
|switch|p1a: Cinderace|Cinderace, M|18/100|[from] Flip Turn
|
|-heal|p2a: Darkrai|84/100|[from] Grassy Terrain
|-heal|p1a: Cinderace|25/100|[from] Grassy Terrain
|upkeep
|turn|23
|
|t:|1760392553
|switch|p1a: Alomomola|Alomomola, F|78/100
|move|p2a: Darkrai|Dark Pulse|p1a: Alomomola
|-damage|p1a: Alomomola|51/100
|
|-heal|p2a: Darkrai|90/100|[from] Grassy Terrain
|-heal|p1a: Alomomola|57/100|[from] Grassy Terrain
|-fieldend|move: Grassy Terrain
|upkeep
|turn|24
|
|t:|1760392558
|move|p2a: Darkrai|Sucker Punch|p1a: Alomomola
|-damage|p1a: Alomomola|42/100
|move|p1a: Alomomola|Flip Turn|p2a: Darkrai
|-damage|p2a: Darkrai|67/100
|
|t:|1760392565
|switch|p1a: Cinderace|Cinderace, M|25/100|[from] Flip Turn
|
|upkeep
|turn|25
|
|t:|1760392569
|move|p2a: Darkrai|Sludge Bomb|p1a: Cinderace
|-damage|p1a: Cinderace|0 fnt
|faint|p1a: Cinderace
|
|upkeep
|
|t:|1760392573
|switch|p1a: Alomomola|Alomomola, F|75/100
|turn|26
|
|t:|1760392577
|move|p2a: Darkrai|Dark Pulse|p1a: Alomomola
|-damage|p1a: Alomomola|49/100
|move|p1a: Alomomola|Play Rough|p2a: Darkrai
|-supereffective|p2a: Darkrai
|-damage|p2a: Darkrai|23/100
|
|upkeep
|turn|27
|
|t:|1760392582
|move|p2a: Darkrai|Sucker Punch|p1a: Alomomola
|-damage|p1a: Alomomola|33/100
|move|p1a: Alomomola|Flip Turn|p2a: Darkrai
|-crit|p2a: Darkrai
|-damage|p2a: Darkrai|0 fnt
|faint|p2a: Darkrai
|
|win|SillyScallop
|raw|SillyScallop's rating: 1559 &rarr; <strong>1578</strong><br />(+19 for winning)
|raw|wrinkledmonke's rating: 1541 &rarr; <strong>1522</strong><br />(-19 for losing)
|l|☆wrinkledmonke
|player|p2|
|l|☆SillyScallop
|player|p1|
