|j|☆aGellO
|j|☆Aaron53769
|t:|1760459522
|gametype|singles
|player|p1|aGellO|170|1128
|player|p2|Aaron53769|steven|1154
|gen|9
|tier|[Gen 9] OU
|rated|
|rule|HP Percentage Mod: HP is shown in percentages
|rule|Endless Battle Clause: Forcing endless battles is banned
|rule|Species Clause: Limit one of each Pokémon
|rule|OHKO Clause: OHKO moves are banned
|rule|Evasion Items Clause: Evasion items are banned
|rule|Evasion Moves Clause: Evasion moves are banned
|rule|Evasion Abilities Clause: Evasion abilities are banned
|rule|Sleep Moves Clause: Sleep-inducing moves are banned
|clearpoke
|poke|p1|Jolteon, M|
|poke|p1|Hydrapple, M|
|poke|p1|Meowscarada, M|
|poke|p1|Alomomola, F|
|poke|p1|Slowking-Galar, M|
|poke|p1|Cinderace, F|
|poke|p2|Ogerpon-Wellspring, F|
|poke|p2|Toxapex, M|
|poke|p2|Yanmega, M|
|poke|p2|Minior|
|poke|p2|Garganacl, M|
|poke|p2|Veluza, F|
|teampreview
|inactive|Battle timer is ON: inactive players will automatically lose when time's up. (requested by Aaron53769)
|c|☆Aaron53769|glhf
|
|t:|1760459535
|teamsize|p1|6
|teamsize|p2|6
|start
|switch|p1a: Jolteon|Jolteon, M|100/100
|switch|p2a: Setter Forgetter|Veluza, F|100/100
|-ability|p2a: Setter Forgetter|Mold Breaker
|turn|1
|
|t:|1760459542
|switch|p2a: Ban It|Garganacl, M|100/100
|move|p1a: Jolteon|Volt Switch|p2a: Ban It
|-damage|p2a: Ban It|68/100
|
|t:|1760459548
|switch|p1a: Meowscarada|Meowscarada, M|100/100|[from] Volt Switch
|
|-heal|p2a: Ban It|75/100|[from] item: Leftovers
|upkeep
|turn|2
|
|t:|1760459553
|switch|p2a: BuzzKill|Yanmega, M, shiny|100/100
|move|p1a: Meowscarada|Flower Trick|p2a: BuzzKill
|-start|p1a: Meowscarada|typechange|Grass|[from] ability: Protean
|-resisted|p2a: BuzzKill
|-crit|p2a: BuzzKill
|-damage|p2a: BuzzKill|78/100
|
|upkeep
|turn|3
|
|t:|1760459578
|switch|p1a: Alomomola|Alomomola, F|100/100
|move|p2a: BuzzKill|Bug Buzz|p1a: Alomomola
|-damage|p1a: Alomomola|42/100
|-enditem|p2a: BuzzKill|Throat Spray
|-boost|p2a: BuzzKill|spa|1|[from] item: Throat Spray
|
|-ability|p2a: BuzzKill|Speed Boost|boost
|-boost|p2a: BuzzKill|spe|1
|upkeep
|turn|4
|
|t:|1760459589
|move|p2a: BuzzKill|Bug Buzz|p1a: Alomomola
|-damage|p1a: Alomomola|0 fnt
|faint|p1a: Alomomola
|
|-ability|p2a: BuzzKill|Speed Boost|boost
|-boost|p2a: BuzzKill|spe|1
|upkeep
|c|☆Aaron53769|now its on
|inactive|aGellO has 120 seconds left.
|
|t:|1760459608
|switch|p1a: Cinderace|Cinderace, F|100/100
|turn|5
|
|t:|1760459624
|-terastallize|p2a: BuzzKill|Ground
|move|p2a: BuzzKill|Tera Blast|p1a: Cinderace|[anim] Tera Blast Ground
|-supereffective|p1a: Cinderace
|-damage|p1a: Cinderace|0 fnt
|faint|p1a: Cinderace
|
|-ability|p2a: BuzzKill|Speed Boost|boost
|-boost|p2a: BuzzKill|spe|1
|upkeep
|inactive|aGellO has 120 seconds left.
|
|t:|1760459635
|switch|p1a: Slowking|Slowking-Galar, M|100/100
|turn|6
|
|t:|1760459639
|move|p2a: BuzzKill|Tera Blast|p1a: Slowking|[anim] Tera Blast Ground
|-supereffective|p1a: Slowking
|-damage|p1a: Slowking|28/100
|move|p1a: Slowking|Future Sight|p2a: BuzzKill
|-start|p1a: Slowking|move: Future Sight
|
|-ability|p2a: BuzzKill|Speed Boost|boost
|-boost|p2a: BuzzKill|spe|1
|upkeep
|turn|7
|
|t:|1760459644
|move|p2a: BuzzKill|Tera Blast|p1a: Slowking|[anim] Tera Blast Ground
|-supereffective|p1a: Slowking
|-damage|p1a: Slowking|0 fnt
|faint|p1a: Slowking
|
|-ability|p2a: BuzzKill|Speed Boost|boost
|-boost|p2a: BuzzKill|spe|1
|upkeep
|
|t:|1760459653
|switch|p1a: Hydrapple|Hydrapple, M|100/100
|turn|8
|c|☆Aaron53769|what if i switched, let someone else take future sight, back to yanmega, protect, then back to business
|inactive|Aaron53769 has 120 seconds left.
|c|☆Aaron53769|naah too much work
|
|t:|1760459688
|move|p2a: BuzzKill|Bug Buzz|p1a: Hydrapple
|-supereffective|p1a: Hydrapple
|-damage|p1a: Hydrapple|2/100
|move|p1a: Hydrapple|Leaf Storm|p2a: BuzzKill|[miss]
|-miss|p1a: Hydrapple|p2a: BuzzKill
|
|-end|p2a: BuzzKill|move: Future Sight
|-damage|p2a: BuzzKill|5/100
|-ability|p2a: BuzzKill|Speed Boost|boost
|-boost|p2a: BuzzKill|spe|1
|upkeep
|turn|9
|c|☆Aaron53769|or ill live it
|c|☆aGellO|Man thats crazy
|c|☆Aaron53769|it is
|
|t:|1760459717
|switch|p1a: Jolteon|Jolteon, M|100/100
|move|p2a: BuzzKill|Bug Buzz|p1a: Jolteon
|-damage|p1a: Jolteon|11/100
|
|upkeep
|turn|10
|c|☆Aaron53769|ive never EVER lived a future sight
|
|t:|1760459728
|move|p2a: BuzzKill|Bug Buzz|p1a: Jolteon
|-damage|p1a: Jolteon|0 fnt
|faint|p1a: Jolteon
|
|upkeep
|
|t:|1760459732
|switch|p1a: Hydrapple|Hydrapple, M|35/100
|turn|11
|
|t:|1760459738
|-terastallize|p1a: Hydrapple|Water
|move|p2a: BuzzKill|Bug Buzz|p1a: Hydrapple
|-damage|p1a: Hydrapple|0 fnt
|faint|p1a: Hydrapple
|
|upkeep
|
|t:|1760459740
|switch|p1a: Meowscarada|Meowscarada, M|100/100
|turn|12
|
|t:|1760459742
|move|p2a: BuzzKill|Bug Buzz|p1a: Meowscarada
|-supereffective|p1a: Meowscarada
|-damage|p1a: Meowscarada|0 fnt
|faint|p1a: Meowscarada
|
|win|Aaron53769
|raw|aGellO's rating: 1128 &rarr; <strong>1105</strong><br />(-23 for losing)
|raw|Aaron53769's rating: 1154 &rarr; <strong>1177</strong><br />(+23 for winning)
|l|☆Aaron53769
|player|p2|
|l|☆aGellO
|player|p1|
