|j|☆YumeKasumi76
|j|☆Deafoman
|t:|1760373973
|gametype|singles
|player|p1|YumeKasumi76|265|1306
|player|p2|Deafoman|hoopster|1310
|gen|9
|tier|[Gen 9] OU
|rated|
|rule|HP Percentage Mod: HP is shown in percentages
|rule|Endless Battle Clause: Forcing endless battles is banned
|rule|Species Clause: Limit one of each Pokémon
|rule|OHKO Clause: OHKO moves are banned
|rule|Evasion Items Clause: Evasion items are banned
|rule|Evasion Moves Clause: Evasion moves are banned
|rule|Evasion Abilities Clause: Evasion abilities are banned
|rule|Sleep Moves Clause: Sleep-inducing moves are banned
|clearpoke
|poke|p1|Heracross, M|
|poke|p1|Latias, F|
|poke|p1|Honchkrow, M|
|poke|p1|Heatran, M|
|poke|p1|Brambleghast, M|
|poke|p1|Suicune|
|poke|p2|Skeledirge, M|
|poke|p2|Empoleon, F|
|poke|p2|Kyurem|
|poke|p2|Meowscarada, M|
|poke|p2|Iron Boulder|
|poke|p2|Okidogi, M|
|teampreview
|inactive|Battle timer is ON: inactive players will automatically lose when time's up. (requested by YumeKasumi76)
|
|t:|1760373993
|teamsize|p1|6
|teamsize|p2|6
|start
|switch|p1a: Purifier|Suicune|100/100
|switch|p2a: Okidogi|Okidogi, M|100/100
|-ability|p1a: Purifier|Pressure
|turn|1
|
|t:|1760374001
|move|p1a: Purifier|Scald|p2a: Okidogi
|-damage|p2a: Okidogi|72/100
|move|p2a: Okidogi|Bulk Up|p2a: Okidogi
|-boost|p2a: Okidogi|atk|1
|-boost|p2a: Okidogi|def|1
|
|upkeep
|turn|2
|
|t:|1760374008
|move|p2a: Okidogi|Drain Punch|p1a: Purifier
|-damage|p1a: Purifier|66/100
|-heal|p2a: Okidogi|90/100|[from] drain|[of] p1a: Purifier
|move|p1a: Purifier|Roar|p2a: Okidogi
|drag|p2a: King|Empoleon, F|100/100
|
|-heal|p1a: Purifier|72/100|[from] item: Leftovers
|upkeep
|turn|3
|
|t:|1760374017
|move|p1a: Purifier|Tailwind|p1a: Purifier
|-sidestart|p1: YumeKasumi76|move: Tailwind
|move|p2a: King|Surf|p1a: Purifier
|-resisted|p1a: Purifier
|-damage|p1a: Purifier|56/100
|
|-heal|p1a: Purifier|62/100|[from] item: Leftovers
|upkeep
|turn|4
|
|t:|1760374029
|switch|p1a: SogiitaGunha|Heracross, M|100/100
|move|p2a: King|Ice Beam|p1a: SogiitaGunha
|-damage|p1a: SogiitaGunha|65/100
|
|upkeep
|turn|5
|
|t:|1760374038
|switch|p2a: Skeledirge|Skeledirge, M|100/100
|move|p1a: SogiitaGunha|Knock Off|p2a: Skeledirge
|-supereffective|p2a: Skeledirge
|-damage|p2a: Skeledirge|0 fnt
|-enditem|p2a: Skeledirge|Leftovers|[from] move: Knock Off|[of] p1a: SogiitaGunha
|faint|p2a: Skeledirge
|
|upkeep
|
|t:|1760374043
|switch|p2a: Kitty Soft Paws|Meowscarada, M|100/100
|turn|6
|
|t:|1760374051
|switch|p2a: Okidogi|Okidogi, M|90/100
|move|p1a: SogiitaGunha|Knock Off|p2a: Okidogi
|-resisted|p2a: Okidogi
|-damage|p2a: Okidogi|68/100
|-enditem|p2a: Okidogi|Lum Berry|[from] move: Knock Off|[of] p1a: SogiitaGunha
|
|-sideend|p1: YumeKasumi76|move: Tailwind
|upkeep
|turn|7
|
|t:|1760374057
|switch|p1a: Shinetori|Honchkrow, M|100/100
|move|p2a: Okidogi|Bulk Up|p2a: Okidogi
|-boost|p2a: Okidogi|atk|1
|-boost|p2a: Okidogi|def|1
|
|upkeep
|turn|8
|
|t:|1760374061
|move|p1a: Shinetori|Brave Bird|p2a: Okidogi
|-supereffective|p2a: Okidogi
|-damage|p2a: Okidogi|0 fnt
|faint|p2a: Okidogi
|-ability|p1a: Shinetori|Moxie|boost
|-boost|p1a: Shinetori|atk|1
|-damage|p1a: Shinetori|76/100|[from] Recoil
|-damage|p1a: Shinetori|66/100|[from] item: Life Orb
|
|upkeep
|
|t:|1760374065
|switch|p2a: Iron Boulder|Iron Boulder|100/100
|-enditem|p2a: Iron Boulder|Booster Energy
|-activate|p2a: Iron Boulder|ability: Quark Drive|[fromitem]
|-start|p2a: Iron Boulder|quarkdrivespe
|turn|9
|
|t:|1760374070
|move|p1a: Shinetori|Sucker Punch||[still]
|-fail|p1a: Shinetori
|move|p2a: Iron Boulder|Swords Dance|p2a: Iron Boulder
|-boost|p2a: Iron Boulder|atk|2
|
|upkeep
|turn|10
|
|t:|1760374073
|-terastallize|p2a: Iron Boulder|Fighting
|move|p1a: Shinetori|Sucker Punch|p2a: Iron Boulder
|-resisted|p2a: Iron Boulder
|-damage|p2a: Iron Boulder|49/100
|-damage|p1a: Shinetori|56/100|[from] item: Life Orb
|move|p2a: Iron Boulder|Mighty Cleave|p1a: Shinetori
|-supereffective|p1a: Shinetori
|-damage|p1a: Shinetori|0 fnt
|faint|p1a: Shinetori
|
|upkeep
|
|t:|1760374077
|switch|p1a: Purifier|Suicune|62/100
|-ability|p1a: Purifier|Pressure
|turn|11
|
|t:|1760374084
|move|p2a: Iron Boulder|Close Combat|p1a: Purifier
|-damage|p1a: Purifier|0 fnt
|-unboost|p2a: Iron Boulder|def|1
|-unboost|p2a: Iron Boulder|spd|1
|faint|p1a: Purifier
|
|upkeep
|
|t:|1760374087
|switch|p1a: Bianca|Latias, F|100/100
|turn|12
|
|t:|1760374094
|move|p2a: Iron Boulder|Mighty Cleave|p1a: Bianca
|-damage|p1a: Bianca|24/100
|move|p1a: Bianca|Draco Meteor|p2a: Iron Boulder
|-damage|p2a: Iron Boulder|0 fnt
|-unboost|p1a: Bianca|spa|2
|faint|p2a: Iron Boulder
|-end|p2a: Iron Boulder|Quark Drive|[silent]
|-enditem|p1a: Bianca|Eject Pack
|
|t:|1760374098
|switch|p1a: MapoTofu|Heatran, M|100/100
|
|upkeep
|
|t:|1760374106
|switch|p2a: King|Empoleon, F|100/100
|turn|13
|
|t:|1760374112
|move|p1a: MapoTofu|Stealth Rock|p2a: King
|-sidestart|p2: Deafoman|move: Stealth Rock
|move|p2a: King|Surf|p1a: MapoTofu
|-supereffective|p1a: MapoTofu
|-damage|p1a: MapoTofu|34/100
|
|-heal|p1a: MapoTofu|40/100|[from] item: Leftovers
|upkeep
|turn|14
|
|t:|1760374117
|switch|p1a: SogiitaGunha|Heracross, M|65/100
|move|p2a: King|Surf|p1a: SogiitaGunha
|-damage|p1a: SogiitaGunha|17/100
|
|upkeep
|turn|15
|
|t:|1760374122
|move|p2a: King|Vacuum Wave|p1a: SogiitaGunha
|-resisted|p1a: SogiitaGunha
|-damage|p1a: SogiitaGunha|8/100
|move|p1a: SogiitaGunha|Close Combat|p2a: King
|-supereffective|p2a: King
|-crit|p2a: King
|-damage|p2a: King|0 fnt
|-unboost|p1a: SogiitaGunha|def|1
|-unboost|p1a: SogiitaGunha|spd|1
|faint|p2a: King
|
|upkeep
|
|t:|1760374125
|switch|p2a: Kitty Soft Paws|Meowscarada, M|100/100
|turn|16
|
|t:|1760374146
|switch|p1a: MapoTofu|Heatran, M|40/100
|move|p2a: Kitty Soft Paws|Knock Off|p1a: MapoTofu
|-start|p2a: Kitty Soft Paws|typechange|Dark|[from] ability: Protean
|-crit|p1a: MapoTofu
|-damage|p1a: MapoTofu|0 fnt
|-enditem|p1a: MapoTofu|Leftovers|[from] move: Knock Off|[of] p2a: Kitty Soft Paws
|faint|p1a: MapoTofu
|
|upkeep
|
|t:|1760374152
|switch|p1a: BigKusa|Brambleghast, M|100/100
|turn|17
|
|t:|1760374160
|-terastallize|p1a: BigKusa|Fire
|move|p2a: Kitty Soft Paws|Knock Off|p1a: BigKusa
|-damage|p1a: BigKusa|31/100
|-enditem|p1a: BigKusa|Heavy-Duty Boots|[from] move: Knock Off|[of] p2a: Kitty Soft Paws
|move|p1a: BigKusa|Strength Sap|p2a: Kitty Soft Paws
|-unboost|p2a: Kitty Soft Paws|atk|1
|-heal|p1a: BigKusa|100/100
|
|upkeep
|turn|18
|
|t:|1760374165
|move|p2a: Kitty Soft Paws|U-turn|p1a: BigKusa
|-resisted|p1a: BigKusa
|-damage|p1a: BigKusa|90/100
|
|t:|1760374167
|switch|p2a: Kyurem|Kyurem, shiny|100/100|[from] U-turn
|-damage|p2a: Kyurem|76/100|[from] Stealth Rock
|-ability|p2a: Kyurem|Pressure
|move|p1a: BigKusa|Rapid Spin|p2a: Kyurem
|-crit|p2a: Kyurem
|-damage|p2a: Kyurem|50/100
|-boost|p1a: BigKusa|spe|1
|
|upkeep
|turn|19
|
|t:|1760374172
|move|p1a: BigKusa|Poltergeist|p2a: Kyurem
|-activate|p2a: Kyurem|move: Poltergeist|Assault Vest
|-damage|p2a: Kyurem|0 fnt
|faint|p2a: Kyurem
|
|upkeep
|
|t:|1760374176
|switch|p2a: Kitty Soft Paws|Meowscarada, M|100/100
|turn|20
|
|t:|1760374182
|move|p1a: BigKusa|Strength Sap|p2a: Kitty Soft Paws
|-unboost|p2a: Kitty Soft Paws|atk|1
|-heal|p1a: BigKusa|100/100
|move|p2a: Kitty Soft Paws|Knock Off|p1a: BigKusa
|-start|p2a: Kitty Soft Paws|typechange|Dark|[from] ability: Protean
|-damage|p1a: BigKusa|69/100
|
|upkeep
|turn|21
|-message|Deafoman forfeited.
|
|win|YumeKasumi76
|raw|YumeKasumi76's rating: 1306 &rarr; <strong>1326</strong><br />(+20 for winning)
|raw|Deafoman's rating: 1310 &rarr; <strong>1290</strong><br />(-20 for losing)
|l|☆Deafoman
|player|p2|
