|j|☆BlobbaBlobba
|j|☆xw haha
|t:|1760443754
|gametype|singles
|player|p1|BlobbaBlobba|266|1309
|player|p2|xw haha|volkner|1395
|gen|9
|tier|[Gen 9] OU
|rated|
|rule|HP Percentage Mod: HP is shown in percentages
|rule|Endless Battle Clause: Forcing endless battles is banned
|rule|Species Clause: Limit one of each Pokémon
|rule|OHKO Clause: OHKO moves are banned
|rule|Evasion Items Clause: Evasion items are banned
|rule|Evasion Moves Clause: Evasion moves are banned
|rule|Evasion Abilities Clause: Evasion abilities are banned
|rule|Sleep Moves Clause: Sleep-inducing moves are banned
|clearpoke
|poke|p1|Armarouge, F|
|poke|p1|Ogerpon-Wellspring, F|
|poke|p1|Raging Bolt|
|poke|p1|Dusclops, M|
|poke|p1|Ursaluna, M|
|poke|p1|Lokix, F|
|poke|p2|Weezing-Galar, F|
|poke|p2|Garganacl, F|
|poke|p2|Gholdengo|
|poke|p2|Raging Bolt|
|poke|p2|Great Tusk|
|poke|p2|Iron Valiant|
|teampreview
|inactive|Battle timer is ON: inactive players will automatically lose when time's up. (requested by xw haha)
|
|t:|1760443772
|teamsize|p1|6
|teamsize|p2|6
|start
|switch|p1a: Dusclops|Dusclops, M|100/100
|switch|p2a: Garganacl|Garganacl, F|100/100
|-ability|p1a: Dusclops|Pressure
|turn|1
|
|t:|1760443783
|move|p2a: Garganacl|Protect|p2a: Garganacl
|-singleturn|p2a: Garganacl|Protect
|move|p1a: Dusclops|Taunt|p2a: Garganacl
|-activate|p2a: Garganacl|move: Protect
|
|upkeep
|turn|2
|
|t:|1760443790
|move|p2a: Garganacl|Salt Cure|p1a: Dusclops
|-damage|p1a: Dusclops|92/100
|-start|p1a: Dusclops|Salt Cure
|move|p1a: Dusclops|Taunt|p2a: Garganacl
|-start|p2a: Garganacl|move: Taunt
|
|-damage|p1a: Dusclops|80/100|[from] Salt Cure
|upkeep
|turn|3
|
|t:|1760443799
|move|p2a: Garganacl|Salt Cure|p1a: Dusclops
|-damage|p1a: Dusclops|71/100
|move|p1a: Dusclops|Night Shade|p2a: Garganacl
|-damage|p2a: Garganacl|76/100
|
|-heal|p2a: Garganacl|82/100|[from] item: Leftovers
|-damage|p1a: Dusclops|59/100|[from] Salt Cure
|upkeep
|turn|4
|
|t:|1760443809
|move|p2a: Garganacl|Salt Cure|p1a: Dusclops
|-damage|p1a: Dusclops|50/100
|move|p1a: Dusclops|Trick Room|p1a: Dusclops
|-fieldstart|move: Trick Room|[of] p1a: Dusclops
|
|-heal|p2a: Garganacl|88/100|[from] item: Leftovers
|-damage|p1a: Dusclops|38/100|[from] Salt Cure
|upkeep
|turn|5
|
|t:|1760443818
|move|p1a: Dusclops|Pain Split|p2a: Garganacl
|-sethp|p2a: Garganacl|55/100|[from] move: Pain Split|[silent]
|-sethp|p1a: Dusclops|99/100|[from] move: Pain Split
|move|p2a: Garganacl|Salt Cure|p1a: Dusclops
|-damage|p1a: Dusclops|91/100
|
|-heal|p2a: Garganacl|61/100|[from] item: Leftovers
|-damage|p1a: Dusclops|79/100|[from] Salt Cure
|-end|p2a: Garganacl|move: Taunt
|upkeep
|turn|6
|
|t:|1760443829
|move|p2a: Garganacl|Protect|p2a: Garganacl
|-singleturn|p2a: Garganacl|Protect
|move|p1a: Dusclops|Night Shade|p2a: Garganacl
|-activate|p2a: Garganacl|move: Protect
|
|-heal|p2a: Garganacl|67/100|[from] item: Leftovers
|-damage|p1a: Dusclops|67/100|[from] Salt Cure
|upkeep
|turn|7
|
|t:|1760443839
|move|p1a: Dusclops|Night Shade|p2a: Garganacl
|-damage|p2a: Garganacl|42/100
|move|p2a: Garganacl|Salt Cure|p1a: Dusclops
|-damage|p1a: Dusclops|58/100
|
|-heal|p2a: Garganacl|49/100|[from] item: Leftovers
|-damage|p1a: Dusclops|46/100|[from] Salt Cure
|upkeep
|turn|8
|
|t:|1760443852
|move|p2a: Garganacl|Protect|p2a: Garganacl
|-singleturn|p2a: Garganacl|Protect
|move|p1a: Dusclops|Night Shade|p2a: Garganacl
|-activate|p2a: Garganacl|move: Protect
|
|-heal|p2a: Garganacl|55/100|[from] item: Leftovers
|-damage|p1a: Dusclops|34/100|[from] Salt Cure
|-fieldend|move: Trick Room
|upkeep
|turn|9
|
|t:|1760443861
|move|p2a: Garganacl|Stealth Rock|p1a: Dusclops
|-sidestart|p1: BlobbaBlobba|move: Stealth Rock
|move|p1a: Dusclops|Pain Split|p2a: Garganacl
|-sethp|p2a: Garganacl|37/100|[from] move: Pain Split|[silent]
|-sethp|p1a: Dusclops|66/100|[from] move: Pain Split
|
|-heal|p2a: Garganacl|43/100|[from] item: Leftovers
|-damage|p1a: Dusclops|54/100|[from] Salt Cure
|upkeep
|turn|10
|
|t:|1760443871
|switch|p1a: Ogerpon|Ogerpon-Wellspring, F|100/100
|-damage|p1a: Ogerpon|88/100|[from] Stealth Rock
|move|p2a: Garganacl|Recover|p2a: Garganacl
|-heal|p2a: Garganacl|93/100
|
|-heal|p2a: Garganacl|99/100|[from] item: Leftovers
|upkeep
|turn|11
|
|t:|1760443882
|move|p1a: Ogerpon|Ivy Cudgel|p2a: Garganacl|[anim] Ivy Cudgel Water
|-supereffective|p2a: Garganacl
|-damage|p2a: Garganacl|24/100
|move|p2a: Garganacl|Salt Cure|p1a: Ogerpon
|-damage|p1a: Ogerpon|73/100
|-start|p1a: Ogerpon|Salt Cure
|
|-heal|p2a: Garganacl|30/100|[from] item: Leftovers
|-damage|p1a: Ogerpon|48/100|[from] Salt Cure
|upkeep
|turn|12
|
|t:|1760443893
|move|p2a: Garganacl|Protect|p2a: Garganacl
|-singleturn|p2a: Garganacl|Protect
|move|p1a: Ogerpon|Horn Leech|p2a: Garganacl
|-activate|p2a: Garganacl|move: Protect
|
|-heal|p2a: Garganacl|37/100|[from] item: Leftovers
|-damage|p1a: Ogerpon|23/100|[from] Salt Cure
|upkeep
|turn|13
|
|t:|1760443903
|switch|p2a: Weezing|Weezing-Galar, F|100/100
|move|p1a: Ogerpon|Horn Leech|p2a: Weezing
|-resisted|p2a: Weezing
|-damage|p2a: Weezing|86/100
|-heal|p1a: Ogerpon|31/100|[from] drain|[of] p2a: Weezing
|
|-heal|p2a: Weezing|92/100|[from] item: Black Sludge
|-damage|p1a: Ogerpon|6/100|[from] Salt Cure
|upkeep
|turn|14
|
|t:|1760443914
|move|p1a: Ogerpon|U-turn|p2a: Weezing
|-resisted|p2a: Weezing
|-damage|p2a: Weezing|87/100
|
|t:|1760443921
|switch|p1a: Ursaluna|Ursaluna, M|100/100|[from] U-turn
|-damage|p1a: Ursaluna|94/100|[from] Stealth Rock
|move|p2a: Weezing|Toxic Spikes|p1a: Ursaluna
|-sidestart|p1: BlobbaBlobba|move: Toxic Spikes
|
|-heal|p2a: Weezing|93/100|[from] item: Black Sludge
|-status|p1a: Ursaluna|brn|[from] item: Flame Orb
|upkeep
|turn|15
|
|t:|1760443947
|move|p2a: Weezing|Strange Steam|p1a: Ursaluna
|-damage|p1a: Ursaluna|70/100 brn
|move|p1a: Ursaluna|Earthquake|p2a: Weezing
|-immune|p2a: Weezing|[from] ability: Levitate
|
|-heal|p2a: Weezing|99/100|[from] item: Black Sludge
|-damage|p1a: Ursaluna|63/100 brn|[from] brn
|upkeep
|turn|16
|
|t:|1760443959
|switch|p2a: Great Tusk|Great Tusk|100/100
|move|p1a: Ursaluna|Facade|p2a: Great Tusk
|-damage|p2a: Great Tusk|21/100
|-damage|p1a: Ursaluna|47/100 brn|[from] item: Rocky Helmet|[of] p2a: Great Tusk
|
|-damage|p1a: Ursaluna|41/100 brn|[from] brn
|upkeep
|turn|17
|
|t:|1760443976
|switch|p1a: Dusclops|Dusclops, M|54/100
|-damage|p1a: Dusclops|42/100|[from] Stealth Rock
|-status|p1a: Dusclops|psn
|-ability|p1a: Dusclops|Pressure
|move|p2a: Great Tusk|Ice Spinner|p1a: Dusclops
|-crit|p1a: Dusclops
|-damage|p1a: Dusclops|12/100 psn
|
|-damage|p1a: Dusclops|0 fnt|[from] psn
|faint|p1a: Dusclops
|upkeep
|
|t:|1760443987
|switch|p1a: Lokix|Lokix, F|100/100
|turn|18
|
|t:|1760443994
|move|p1a: Lokix|First Impression|p2a: Great Tusk
|-resisted|p2a: Great Tusk
|-damage|p2a: Great Tusk|0 fnt
|-damage|p1a: Lokix|84/100|[from] item: Rocky Helmet|[of] p2a: Great Tusk
|faint|p2a: Great Tusk
|-end|p2a: Great Tusk|Protosynthesis|[silent]
|
|upkeep
|
|t:|1760444008
|switch|p2a: Weezing|Weezing-Galar, F|99/100
|turn|19
|
|t:|1760444015
|move|p1a: Lokix|Knock Off|p2a: Weezing
|-resisted|p2a: Weezing
|-crit|p2a: Weezing
|-damage|p2a: Weezing|52/100
|-enditem|p2a: Weezing|Black Sludge|[from] move: Knock Off|[of] p1a: Lokix
|move|p2a: Weezing|Toxic Spikes|p1a: Lokix
|-sidestart|p1: BlobbaBlobba|move: Toxic Spikes
|
|upkeep
|turn|20
|
|t:|1760444024
|move|p1a: Lokix|U-turn|p2a: Weezing
|-resisted|p2a: Weezing
|-damage|p2a: Weezing|42/100
|
|t:|1760444034
|switch|p1a: Ogerpon|Ogerpon-Wellspring, F|6/100|[from] U-turn
|-damage|p1a: Ogerpon|0 fnt|[from] Stealth Rock
|faint|p1a: Ogerpon
|move|p2a: Weezing|Will-O-Wisp|p1: Ogerpon|[notarget]
|-fail|p2a: Weezing
|
|upkeep
|
|t:|1760444040
|switch|p1a: Armarouge|Armarouge, F|100/100
|-damage|p1a: Armarouge|76/100|[from] Stealth Rock
|-status|p1a: Armarouge|tox
|turn|21
|
|t:|1760444049
|switch|p2a: Raging Bolt|Raging Bolt|100/100
|move|p1a: Armarouge|Trick Room|p1a: Armarouge
|-fieldstart|move: Trick Room|[of] p1a: Armarouge
|
|-damage|p1a: Armarouge|69/100 tox|[from] psn
|upkeep
|turn|22
|
|t:|1760444058
|move|p2a: Raging Bolt|Thunderclap|p1a: Armarouge
|-damage|p1a: Armarouge|21/100 tox
|move|p1a: Armarouge|Meteor Beam||[still]
|-prepare|p1a: Armarouge|Meteor Beam
|-boost|p1a: Armarouge|spa|1
|-enditem|p1a: Armarouge|Power Herb
|-anim|p1a: Armarouge|Meteor Beam|p2a: Raging Bolt
|-damage|p2a: Raging Bolt|63/100
|
|-damage|p1a: Armarouge|8/100 tox|[from] psn
|upkeep
|turn|23
|
|t:|1760444069
|move|p2a: Raging Bolt|Thunderclap|p1a: Armarouge
|-damage|p1a: Armarouge|0 fnt
|faint|p1a: Armarouge
|
|upkeep
|
|t:|1760444073
|switch|p1a: Ursaluna|Ursaluna, M|41/100 brn
|-damage|p1a: Ursaluna|34/100 brn|[from] Stealth Rock
|turn|24
|
|t:|1760444080
|-end|p2a: Raging Bolt|Protosynthesis|[silent]
|switch|p2a: Gholdengo|Gholdengo|100/100
|-item|p2a: Gholdengo|Air Balloon
|move|p1a: Ursaluna|Facade|p2a: Gholdengo
|-immune|p2a: Gholdengo
|
|-damage|p1a: Ursaluna|28/100 brn|[from] brn
|upkeep
|turn|25
|
|t:|1760444100
|move|p1a: Ursaluna|Earthquake|p2a: Gholdengo
|-immune|p2a: Gholdengo
|move|p2a: Gholdengo|Recover||[still]
|-fail|p2a: Gholdengo|heal
|
|-damage|p1a: Ursaluna|22/100 brn|[from] brn
|-fieldend|move: Trick Room
|upkeep
|turn|26
|
|t:|1760444111
|switch|p1a: Raging Bolt|Raging Bolt|100/100
|-damage|p1a: Raging Bolt|88/100|[from] Stealth Rock
|-status|p1a: Raging Bolt|tox
|move|p2a: Gholdengo|Make It Rain|p1a: Raging Bolt
|-resisted|p1a: Raging Bolt
|-damage|p1a: Raging Bolt|63/100 tox
|-unboost|p2a: Gholdengo|spa|1
|
|-heal|p1a: Raging Bolt|70/100 tox|[from] item: Leftovers
|-damage|p1a: Raging Bolt|63/100 tox|[from] psn
|upkeep
|turn|27
|
|t:|1760444127
|switch|p2a: Raging Bolt|Raging Bolt|63/100
|move|p1a: Raging Bolt|Thunderbolt|p2a: Raging Bolt
|-resisted|p2a: Raging Bolt
|-damage|p2a: Raging Bolt|56/100
|
|-heal|p1a: Raging Bolt|70/100 tox|[from] item: Leftovers
|-damage|p1a: Raging Bolt|57/100 tox|[from] psn
|upkeep
|turn|28
|-message|BlobbaBlobba forfeited.
|
|win|xw haha
|raw|BlobbaBlobba's rating: 1309 &rarr; <strong>1294</strong><br />(-15 for losing)
|raw|xw haha's rating: 1395 &rarr; <strong>1410</strong><br />(+15 for winning)
|l|☆BlobbaBlobba
|player|p1|
|l|☆xw haha
|player|p2|
