|j|☆you'retoolong
|j|☆Nosferakkos
|t:|1760382626
|gametype|singles
|player|p1|you'retoolong|caitlin|1103
|player|p2|Nosferakkos|hugh|1110
|gen|9
|tier|[Gen 9] OU
|rated|
|rule|HP Percentage Mod: HP is shown in percentages
|rule|Endless Battle Clause: Forcing endless battles is banned
|rule|Species Clause: Limit one of each Pokémon
|rule|OHKO Clause: OHKO moves are banned
|rule|Evasion Items Clause: Evasion items are banned
|rule|Evasion Moves Clause: Evasion moves are banned
|rule|Evasion Abilities Clause: Evasion abilities are banned
|rule|Sleep Moves Clause: Sleep-inducing moves are banned
|clearpoke
|poke|p1|Ogerpon-Wellspring, F|
|poke|p1|Kingambit, F|
|poke|p1|Landorus-Therian, M|
|poke|p1|Glimmora, M|
|poke|p1|Dragapult, M|
|poke|p1|Iron Valiant|
|poke|p2|Ninetales, F|
|poke|p2|Ceruledge, M|
|poke|p2|Venusaur, M|
|poke|p2|Great Tusk|
|poke|p2|Slowbro, M|
|poke|p2|Zapdos|
|teampreview
|
|t:|1760382646
|teamsize|p1|6
|teamsize|p2|6
|start
|switch|p1a: Landorus|Landorus-Therian, M, shiny|100/100
|switch|p2a: Ninetales|Ninetales, F|100/100
|-weather|SunnyDay|[from] ability: Drought|[of] p2a: Ninetales
|-ability|p1a: Landorus|Intimidate|boost
|-unboost|p2a: Ninetales|atk|1
|turn|1
|
|t:|1760382665
|move|p2a: Ninetales|Solar Beam||[still]
|-prepare|p2a: Ninetales|Solar Beam
|-anim|p2a: Ninetales|Solar Beam|p1a: Landorus
|-damage|p1a: Landorus|67/100
|move|p1a: Landorus|Stealth Rock|p2a: Ninetales
|-sidestart|p2: Nosferakkos|move: Stealth Rock
|
|-weather|SunnyDay|[upkeep]
|upkeep
|turn|2
|
|t:|1760382676
|switch|p2a: Great Tusk|Great Tusk|100/100
|-damage|p2a: Great Tusk|98/100|[from] Stealth Rock
|-activate|p2a: Great Tusk|ability: Protosynthesis
|-start|p2a: Great Tusk|protosynthesisdef
|move|p1a: Landorus|U-turn|p2a: Great Tusk
|-resisted|p2a: Great Tusk
|-damage|p2a: Great Tusk|93/100
|-damage|p1a: Landorus|50/100|[from] item: Rocky Helmet|[of] p2a: Great Tusk
|
|t:|1760382688
|switch|p1a: Dragapult|Dragapult, M, shiny|100/100|[from] U-turn
|
|-weather|SunnyDay|[upkeep]
|upkeep
|turn|3
|
|t:|1760382707
|move|p1a: Dragapult|Draco Meteor|p2a: Great Tusk
|-damage|p2a: Great Tusk|0 fnt
|-unboost|p1a: Dragapult|spa|2
|faint|p2a: Great Tusk
|-end|p2a: Great Tusk|Protosynthesis|[silent]
|
|-weather|SunnyDay|[upkeep]
|upkeep
|
|t:|1760382723
|switch|p2a: Slowbro|Slowbro, M|100/100
|-damage|p2a: Slowbro|88/100|[from] Stealth Rock
|turn|4
|
|t:|1760382754
|switch|p1a: Ogerpon|Ogerpon-Wellspring, F|100/100
|move|p2a: Slowbro|Thunder Wave|p1a: Ogerpon
|-status|p1a: Ogerpon|par
|
|-weather|SunnyDay|[upkeep]
|-heal|p2a: Slowbro|94/100|[from] item: Leftovers
|upkeep
|turn|5
|
|t:|1760382770
|move|p1a: Ogerpon|Taunt|p2a: Slowbro
|-start|p2a: Slowbro|move: Taunt
|move|p2a: Slowbro|Ice Beam|p1a: Ogerpon
|-damage|p1a: Ogerpon|75/100 par
|
|-weather|none
|-heal|p2a: Slowbro|99/100|[from] item: Leftovers
|upkeep
|turn|6
|
|t:|1760382784
|switch|p2a: Ninetales|Ninetales, F|100/100
|-damage|p2a: Ninetales|75/100|[from] Stealth Rock
|-weather|SunnyDay|[from] ability: Drought|[of] p2a: Ninetales
|move|p1a: Ogerpon|Ivy Cudgel|p2a: Ninetales|[anim] Ivy Cudgel Water
|-supereffective|p2a: Ninetales
|-damage|p2a: Ninetales|0 fnt
|faint|p2a: Ninetales
|
|-weather|SunnyDay|[upkeep]
|upkeep
|
|t:|1760382796
|switch|p2a: Venusaur|Venusaur, M|100/100
|-damage|p2a: Venusaur|88/100|[from] Stealth Rock
|turn|7
|
|t:|1760382810
|move|p2a: Venusaur|Sludge Bomb|p1a: Ogerpon
|-supereffective|p1a: Ogerpon
|-damage|p1a: Ogerpon|0 fnt
|faint|p1a: Ogerpon
|
|-weather|SunnyDay|[upkeep]
|upkeep
|
|t:|1760382820
|switch|p1a: Dragapult|Dragapult, M, shiny|100/100
|turn|8
|inactive|Battle timer is ON: inactive players will automatically lose when time's up. (requested by you'retoolong)
|
|t:|1760382854
|move|p2a: Venusaur|Giga Drain|p1a: Dragapult
|-resisted|p1a: Dragapult
|-crit|p1a: Dragapult
|-damage|p1a: Dragapult|60/100
|-heal|p2a: Venusaur|100/100|[from] drain|[of] p1a: Dragapult
|move|p1a: Dragapult|Flamethrower|p2a: Venusaur
|-supereffective|p2a: Venusaur
|-damage|p2a: Venusaur|0 fnt
|faint|p2a: Venusaur
|
|-weather|SunnyDay|[upkeep]
|upkeep
|
|t:|1760382868
|switch|p2a: Zapdos|Zapdos|100/100
|turn|9
|
|t:|1760382883
|switch|p1a: Glimmora|Glimmora, M, shiny|100/100
|move|p2a: Zapdos|Tailwind|p2a: Zapdos
|-sidestart|p2: Nosferakkos|move: Tailwind
|
|-weather|SunnyDay|[upkeep]
|upkeep
|turn|10
|
|t:|1760382896
|move|p2a: Zapdos|Heat Wave|p1a: Glimmora
|-resisted|p1a: Glimmora
|-crit|p1a: Glimmora
|-damage|p1a: Glimmora|55/100
|move|p1a: Glimmora|Meteor Beam||[still]
|-prepare|p1a: Glimmora|Meteor Beam
|-boost|p1a: Glimmora|spa|1
|-enditem|p1a: Glimmora|Power Herb
|-anim|p1a: Glimmora|Meteor Beam|p2a: Zapdos
|-supereffective|p2a: Zapdos
|-damage|p2a: Zapdos|0 fnt
|faint|p2a: Zapdos
|
|-weather|none
|upkeep
|
|t:|1760382907
|switch|p2a: Ceruledge|Ceruledge, M|100/100
|-damage|p2a: Ceruledge|75/100|[from] Stealth Rock
|turn|11
|
|t:|1760382913
|-terastallize|p2a: Ceruledge|Grass
|move|p2a: Ceruledge|Swords Dance|p2a: Ceruledge
|-boost|p2a: Ceruledge|atk|2
|move|p1a: Glimmora|Earth Power|p2a: Ceruledge
|-resisted|p2a: Ceruledge
|-damage|p2a: Ceruledge|45/100
|
|upkeep
|turn|12
|j| drabensama
|l| drabensama
|
|t:|1760382934
|switch|p1a: Landorus|Landorus-Therian, M, shiny|50/100
|-ability|p1a: Landorus|Intimidate|boost
|-unboost|p2a: Ceruledge|atk|1
|move|p2a: Ceruledge|Bitter Blade|p1a: Landorus
|-damage|p1a: Landorus|0 fnt
|-heal|p2a: Ceruledge|78/100|[from] drain|[of] p1a: Landorus
|-damage|p2a: Ceruledge|61/100|[from] item: Rocky Helmet|[of] p1a: Landorus
|faint|p1a: Landorus
|-damage|p2a: Ceruledge|52/100|[from] item: Life Orb
|
|-sideend|p2: Nosferakkos|move: Tailwind
|upkeep
|inactive|you'retoolong has 120 seconds left.
|inactive|you'retoolong has 90 seconds left.
|
|t:|1760382993
|switch|p1a: Glimmora|Glimmora, M, shiny|55/100
|turn|13
|
|t:|1760382999
|move|p1a: Glimmora|Mortal Spin|p2a: Ceruledge
|-supereffective|p2a: Ceruledge
|-damage|p2a: Ceruledge|34/100
|-status|p2a: Ceruledge|psn
|move|p2a: Ceruledge|Bitter Blade|p1a: Glimmora
|-resisted|p1a: Glimmora
|-damage|p1a: Glimmora|1/100
|-heal|p2a: Ceruledge|63/100 psn|[from] drain|[of] p1a: Glimmora
|-activate|p1a: Glimmora|ability: Toxic Debris
|-sidestart|p2: Nosferakkos|move: Toxic Spikes
|-damage|p2a: Ceruledge|53/100 psn|[from] item: Life Orb
|
|-damage|p2a: Ceruledge|41/100 psn|[from] psn
|upkeep
|turn|14
|inactive|you'retoolong has 90 seconds left.
|
|t:|1760383017
|move|p2a: Ceruledge|Shadow Sneak|p1a: Glimmora
|-damage|p1a: Glimmora|0 fnt
|-activate|p1a: Glimmora|ability: Toxic Debris
|-sidestart|p2: Nosferakkos|move: Toxic Spikes
|faint|p1a: Glimmora
|-damage|p2a: Ceruledge|31/100 psn|[from] item: Life Orb
|
|-damage|p2a: Ceruledge|18/100 psn|[from] psn
|upkeep
|
|t:|1760383024
|switch|p1a: Kingambit|Kingambit, F, shiny|100/100
|-activate|p1a: Kingambit|ability: Supreme Overlord
|-start|p1a: Kingambit|fallen3|[silent]
|turn|15
|
|t:|1760383035
|move|p1a: Kingambit|Sucker Punch|p2a: Ceruledge
|-damage|p2a: Ceruledge|0 fnt
|faint|p2a: Ceruledge
|
|upkeep
|
|t:|1760383039
|switch|p2a: Slowbro|Slowbro, M|100/100
|-damage|p2a: Slowbro|88/100|[from] Stealth Rock
|-status|p2a: Slowbro|tox
|turn|16
|
|t:|1760383048
|move|p1a: Kingambit|Kowtow Cleave|p2a: Slowbro
|-supereffective|p2a: Slowbro
|-damage|p2a: Slowbro|0 fnt
|faint|p2a: Slowbro
|
|win|you'retoolong
|raw|you&apos;retoolong's rating: 1103 &rarr; <strong>1129</strong><br />(+26 for winning)
|raw|Nosferakkos's rating: 1110 &rarr; <strong>1084</strong><br />(-26 for losing)
|l|☆Nosferakkos
|player|p2|
