|j|☆randompina
|j|☆wintuhh
|t:|1760330140
|gametype|singles
|player|p1|randompina|doctor|1230
|player|p2|wintuhh|caitlin|1281
|gen|9
|tier|[Gen 9] OU
|rated|
|rule|HP Percentage Mod: HP is shown in percentages
|rule|Endless Battle Clause: Forcing endless battles is banned
|rule|Species Clause: Limit one of each Pokémon
|rule|OHKO Clause: OHKO moves are banned
|rule|Evasion Items Clause: Evasion items are banned
|rule|Evasion Moves Clause: Evasion moves are banned
|rule|Evasion Abilities Clause: Evasion abilities are banned
|rule|Sleep Moves Clause: Sleep-inducing moves are banned
|clearpoke
|poke|p1|Ceruledge, M|
|poke|p1|Ninetales-Alola, M|
|poke|p1|Enamorus, F|
|poke|p1|Hydrapple, M|
|poke|p1|Great Tusk|
|poke|p1|Zoroark-Hisui, F|
|poke|p2|Rillaboom, M|
|poke|p2|Arcanine-Hisui, M|
|poke|p2|Ogerpon-Wellspring, F|
|poke|p2|Latias, F|
|poke|p2|Slowking-Galar, M|
|poke|p2|Great Tusk|
|teampreview
|inactive|Battle timer is ON: inactive players will automatically lose when time's up. (requested by wintuhh)
|
|t:|1760330155
|teamsize|p1|6
|teamsize|p2|6
|start
|switch|p1a: Ninetales|Ninetales-Alola, M, shiny|100/100
|switch|p2a: Arcanine|Arcanine-Hisui, M|100/100
|-weather|Snowscape|[from] ability: Snow Warning|[of] p1a: Ninetales
|turn|1
|
|t:|1760330166
|switch|p1a: Great Tusk|Great Tusk|100/100
|-enditem|p1a: Great Tusk|Booster Energy
|-activate|p1a: Great Tusk|ability: Protosynthesis|[fromitem]
|-start|p1a: Great Tusk|protosynthesisdef
|move|p2a: Arcanine|Head Smash|p1a: Great Tusk
|-resisted|p1a: Great Tusk
|-damage|p1a: Great Tusk|93/100
|
|-weather|Snowscape|[upkeep]
|upkeep
|turn|2
|
|t:|1760330184
|switch|p2a: Rillaboom|Rillaboom, M|100/100
|-fieldstart|move: Grassy Terrain|[from] ability: Grassy Surge|[of] p2a: Rillaboom
|move|p1a: Great Tusk|Body Press|p2a: Rillaboom
|-damage|p2a: Rillaboom|55/100
|
|-weather|Snowscape|[upkeep]
|-heal|p2a: Rillaboom|61/100|[from] Grassy Terrain
|-heal|p1a: Great Tusk|99/100|[from] Grassy Terrain
|upkeep
|turn|3
|
|t:|1760330194
|move|p2a: Rillaboom|U-turn|p1a: Great Tusk
|-resisted|p1a: Great Tusk
|-damage|p1a: Great Tusk|92/100
|
|t:|1760330198
|switch|p2a: Slowking|Slowking-Galar, M, shiny|100/100|[from] U-turn
|move|p1a: Great Tusk|Body Press|p2a: Slowking
|-resisted|p2a: Slowking
|-damage|p2a: Slowking|91/100
|
|-weather|Snowscape|[upkeep]
|-heal|p1a: Great Tusk|98/100|[from] Grassy Terrain
|-heal|p2a: Slowking|97/100|[from] Grassy Terrain
|upkeep
|turn|4
|
|t:|1760330208
|move|p1a: Great Tusk|Earthquake|p2a: Slowking
|-supereffective|p2a: Slowking
|-damage|p2a: Slowking|56/100
|move|p2a: Slowking|Psychic|p1a: Great Tusk
|-supereffective|p1a: Great Tusk
|-damage|p1a: Great Tusk|4/100
|
|-weather|Snowscape|[upkeep]
|-heal|p1a: Great Tusk|10/100|[from] Grassy Terrain
|-heal|p2a: Slowking|62/100|[from] Grassy Terrain
|upkeep
|turn|5
|
|t:|1760330217
|move|p1a: Great Tusk|Stealth Rock|p2a: Slowking
|-sidestart|p2: wintuhh|move: Stealth Rock
|move|p2a: Slowking|Psychic|p1a: Great Tusk
|-supereffective|p1a: Great Tusk
|-crit|p1a: Great Tusk
|-damage|p1a: Great Tusk|0 fnt
|faint|p1a: Great Tusk
|-end|p1a: Great Tusk|Protosynthesis|[silent]
|
|-weather|none
|-heal|p2a: Slowking|69/100|[from] Grassy Terrain
|upkeep
|
|t:|1760330227
|switch|p1a: Ceruledge|Ceruledge, M|100/100
|turn|6
|
|t:|1760330233
|move|p1a: Ceruledge|Swords Dance|p1a: Ceruledge
|-boost|p1a: Ceruledge|atk|2
|move|p2a: Slowking|Thunder Wave|p1a: Ceruledge
|-status|p1a: Ceruledge|par
|
|-heal|p2a: Slowking|75/100|[from] Grassy Terrain
|-fieldend|move: Grassy Terrain
|upkeep
|turn|7
|
|t:|1760330242
|move|p1a: Ceruledge|Shadow Claw|p2a: Slowking
|-supereffective|p2a: Slowking
|-damage|p2a: Slowking|0 fnt
|faint|p2a: Slowking
|
|upkeep
|
|t:|1760330259
|switch|p2a: Great Tusk|Great Tusk|100/100
|turn|8
|
|t:|1760330264
|move|p2a: Great Tusk|Headlong Rush|p1a: Ceruledge
|-supereffective|p1a: Ceruledge
|-enditem|p1a: Ceruledge|Focus Sash
|-damage|p1a: Ceruledge|1/100 par
|-unboost|p2a: Great Tusk|def|1
|-unboost|p2a: Great Tusk|spd|1
|-ability|p1a: Ceruledge|Weak Armor|boost
|-unboost|p1a: Ceruledge|def|1
|-boost|p1a: Ceruledge|spe|2
|move|p1a: Ceruledge|Bitter Blade|p2a: Great Tusk
|-damage|p2a: Great Tusk|0 fnt
|-heal|p1a: Ceruledge|65/100 par|[from] drain|[of] p2a: Great Tusk
|faint|p2a: Great Tusk
|-end|p2a: Great Tusk|Protosynthesis|[silent]
|
|upkeep
|
|t:|1760330270
|switch|p2a: Rillaboom|Rillaboom, M|61/100
|-damage|p2a: Rillaboom|48/100|[from] Stealth Rock
|-fieldstart|move: Grassy Terrain|[from] ability: Grassy Surge|[of] p2a: Rillaboom
|turn|9
|
|t:|1760330283
|-terastallize|p2a: Rillaboom|Grass
|move|p2a: Rillaboom|Grassy Glide|p1a: Ceruledge
|-resisted|p1a: Ceruledge
|-damage|p1a: Ceruledge|0 fnt
|faint|p1a: Ceruledge
|
|-heal|p2a: Rillaboom|55/100|[from] Grassy Terrain
|upkeep
|
|t:|1760330299
|switch|p1a: Hydrapple|Hydrapple, M, shiny|100/100
|turn|10
|
|t:|1760330310
|switch|p2a: Ogerpon|Ogerpon-Wellspring, F|100/100
|-damage|p2a: Ogerpon|88/100|[from] Stealth Rock
|move|p1a: Hydrapple|Fickle Beam|p2a: Ogerpon
|-damage|p2a: Ogerpon|38/100
|
|-heal|p2a: Ogerpon|44/100|[from] Grassy Terrain
|upkeep
|turn|11
|
|t:|1760330321
|move|p2a: Ogerpon|Knock Off|p1a: Hydrapple
|-damage|p1a: Hydrapple|68/100
|-enditem|p1a: Hydrapple|Assault Vest|[from] move: Knock Off|[of] p2a: Ogerpon
|move|p1a: Hydrapple|Fickle Beam|p2a: Ogerpon
|-damage|p2a: Ogerpon|0 fnt
|faint|p2a: Ogerpon
|
|-heal|p1a: Hydrapple|75/100|[from] Grassy Terrain
|upkeep
|
|t:|1760330332
|switch|p2a: Arcanine|Arcanine-Hisui, M|100/100
|turn|12
|
|t:|1760330339
|move|p2a: Arcanine|Flare Blitz|p1a: Hydrapple
|-damage|p1a: Hydrapple|32/100
|move|p1a: Hydrapple|Earth Power|p2a: Arcanine
|-supereffective|p2a: Arcanine
|-damage|p2a: Arcanine|0 fnt
|faint|p2a: Arcanine
|
|-heal|p1a: Hydrapple|38/100|[from] Grassy Terrain
|upkeep
|
|t:|1760330341
|switch|p2a: Rillaboom|Rillaboom, M, tera:Grass|55/100
|-damage|p2a: Rillaboom|42/100|[from] Stealth Rock
|turn|13
|
|t:|1760330356
|move|p2a: Rillaboom|U-turn|p1a: Hydrapple
|-supereffective|p1a: Hydrapple
|-damage|p1a: Hydrapple|0 fnt
|faint|p1a: Hydrapple
|
|t:|1760330376
|switch|p2a: Latias|Latias, F|100/100|[from] U-turn
|-damage|p2a: Latias|88/100|[from] Stealth Rock
|
|-fieldend|move: Grassy Terrain
|upkeep
|
|t:|1760330385
|switch|p1a: Enamorus|Enamorus, F|100/100
|turn|14
|
|t:|1760330390
|-terastallize|p1a: Enamorus|Stellar
|move|p2a: Latias|Psyshock|p1a: Enamorus
|-damage|p1a: Enamorus|24/100
|move|p1a: Enamorus|Tera Blast|p2a: Latias|[anim] Tera Blast Stellar
|-damage|p2a: Latias|48/100
|-boost|p1a: Enamorus|atk|1
|-boost|p1a: Enamorus|spa|1
|
|upkeep
|turn|15
|
|t:|1760330400
|move|p2a: Latias|Psyshock|p1a: Enamorus
|-damage|p1a: Enamorus|0 fnt
|faint|p1a: Enamorus
|
|upkeep
|
|t:|1760330405
|switch|p1a: Ninetales|Ninetales-Alola, M, shiny|100/100
|turn|16
|
|t:|1760330409
|move|p1a: Ninetales|Bitter Malice|p2a: Latias
|-supereffective|p2a: Latias
|-crit|p2a: Latias
|-damage|p2a: Latias|0 fnt
|faint|p2a: Latias
|
|upkeep
|
|t:|1760330413
|switch|p2a: Rillaboom|Rillaboom, M, tera:Grass|42/100
|-damage|p2a: Rillaboom|30/100|[from] Stealth Rock
|-fieldstart|move: Grassy Terrain|[from] ability: Grassy Surge|[of] p2a: Rillaboom
|turn|17
|
|t:|1760330423
|move|p2a: Rillaboom|Grassy Glide|p1a: Ninetales
|-enditem|p1a: Ninetales|Focus Sash
|-damage|p1a: Ninetales|1/100
|replace|p1a: Zoroark|Zoroark-Hisui, F
|-end|p1a: Zoroark|Illusion
|move|p1a: Zoroark|Flamethrower|p2a: Rillaboom
|-supereffective|p2a: Rillaboom
|-damage|p2a: Rillaboom|0 fnt
|faint|p2a: Rillaboom
|
|win|randompina
|raw|randompina's rating: 1230 &rarr; <strong>1259</strong><br />(+29 for winning)
|raw|wintuhh's rating: 1281 &rarr; <strong>1252</strong><br />(-29 for losing)
|c|☆wintuhh|gg
|l|☆wintuhh
|player|p2|
|l|☆randompina
|player|p1|
