|j|☆thebacchusbraviary
|j|☆Alice Wooper
|t:|1760414840
|gametype|singles
|player|p1|thebacchusbraviary|winona|1342
|player|p2|Alice Wooper|roxie|1354
|gen|9
|tier|[Gen 9] OU
|rated|
|rule|HP Percentage Mod: HP is shown in percentages
|rule|Endless Battle Clause: Forcing endless battles is banned
|rule|Species Clause: Limit one of each Pokémon
|rule|OHKO Clause: OHKO moves are banned
|rule|Evasion Items Clause: Evasion items are banned
|rule|Evasion Moves Clause: Evasion moves are banned
|rule|Evasion Abilities Clause: Evasion abilities are banned
|rule|Sleep Moves Clause: Sleep-inducing moves are banned
|clearpoke
|poke|p1|Braviary-Hisui, M|
|poke|p1|Okidogi, M|
|poke|p1|Magnezone|
|poke|p1|Entei|
|poke|p1|Grimmsnarl, M|
|poke|p1|Sinistcha|
|poke|p2|Garchomp, F|
|poke|p2|Ting-Lu|
|poke|p2|Heatran, M|
|poke|p2|Great Tusk|
|poke|p2|Dragapult, M|
|poke|p2|Iron Valiant|
|teampreview
|inactive|Battle timer is ON: inactive players will automatically lose when time's up. (requested by thebacchusbraviary)
|j| PG Spectating
|
|t:|1760414860
|teamsize|p1|6
|teamsize|p2|6
|start
|switch|p1a: Grimmsnarl|Grimmsnarl, M|100/100
|switch|p2a: Dragapult|Dragapult, M|100/100
|turn|1
|l| PG Spectating
|
|t:|1760414867
|move|p1a: Grimmsnarl|Thunder Wave|p2a: Dragapult|[miss]
|-miss|p1a: Grimmsnarl|p2a: Dragapult
|move|p2a: Dragapult|U-turn|p1a: Grimmsnarl
|-damage|p1a: Grimmsnarl|81/100
|
|t:|1760414874
|switch|p2a: Ting-Lu|Ting-Lu|100/100|[from] U-turn
|-ability|p2a: Ting-Lu|Vessel of Ruin
|
|-heal|p1a: Grimmsnarl|88/100|[from] item: Leftovers
|upkeep
|turn|2
|
|t:|1760414880
|move|p1a: Grimmsnarl|Low Kick|p2a: Ting-Lu
|-supereffective|p2a: Ting-Lu
|-damage|p2a: Ting-Lu|55/100
|move|p2a: Ting-Lu|Stealth Rock|p1a: Grimmsnarl
|-sidestart|p1: thebacchusbraviary|move: Stealth Rock
|
|-heal|p1a: Grimmsnarl|94/100|[from] item: Leftovers
|-heal|p2a: Ting-Lu|61/100|[from] item: Leftovers
|upkeep
|turn|3
|
|t:|1760414903
|switch|p2a: Iron Valiant|Iron Valiant|100/100
|move|p1a: Grimmsnarl|Spirit Break|p2a: Iron Valiant
|-supereffective|p2a: Iron Valiant
|-damage|p2a: Iron Valiant|4/100
|-unboost|p2a: Iron Valiant|spa|1
|
|-heal|p1a: Grimmsnarl|99/100|[from] item: Leftovers
|upkeep
|turn|4
|
|t:|1760414913
|move|p2a: Iron Valiant|Trick|p1a: Grimmsnarl
|-activate|p2a: Iron Valiant|move: Trick|[of] p1a: Grimmsnarl
|-item|p1a: Grimmsnarl|Choice Scarf|[from] move: Trick
|-item|p2a: Iron Valiant|Leftovers|[from] move: Trick
|move|p1a: Grimmsnarl|Spirit Break|p2a: Iron Valiant
|-supereffective|p2a: Iron Valiant
|-damage|p2a: Iron Valiant|0 fnt
|faint|p2a: Iron Valiant
|-end|p2a: Iron Valiant|Quark Drive|[silent]
|
|upkeep
|inactive|Alice Wooper has 120 seconds left.
|
|t:|1760414933
|switch|p2a: Ting-Lu|Ting-Lu|61/100
|-ability|p2a: Ting-Lu|Vessel of Ruin
|turn|5
|
|t:|1760414937
|move|p1a: Grimmsnarl|Spirit Break|p2a: Ting-Lu
|-supereffective|p2a: Ting-Lu
|-damage|p2a: Ting-Lu|13/100
|-unboost|p2a: Ting-Lu|spa|1
|move|p2a: Ting-Lu|Spikes|p1a: Grimmsnarl
|-sidestart|p1: thebacchusbraviary|Spikes
|
|-heal|p2a: Ting-Lu|19/100|[from] item: Leftovers
|upkeep
|turn|6
|
|t:|1760414947
|switch|p2a: Heatran|Heatran, M|100/100
|move|p1a: Grimmsnarl|Spirit Break|p2a: Heatran
|-resisted|p2a: Heatran
|-damage|p2a: Heatran|90/100
|-unboost|p2a: Heatran|spa|1
|
|-heal|p2a: Heatran|96/100|[from] item: Leftovers
|upkeep
|turn|7
|
|t:|1760414956
|switch|p1a: Sinistcha|Sinistcha|100/100
|-damage|p1a: Sinistcha|88/100|[from] Stealth Rock
|-damage|p1a: Sinistcha|76/100|[from] Spikes
|move|p2a: Heatran|Taunt|p1a: Sinistcha
|-start|p1a: Sinistcha|move: Taunt
|
|-heal|p2a: Heatran|100/100|[from] item: Leftovers
|-heal|p1a: Sinistcha|82/100|[from] item: Leftovers
|upkeep
|turn|8
|
|t:|1760414966
|-terastallize|p2a: Heatran|Grass
|move|p2a: Heatran|Magma Storm|p1a: Sinistcha|[miss]
|-miss|p2a: Heatran|p1a: Sinistcha
|move|p1a: Sinistcha|Scald|p2a: Heatran
|-resisted|p2a: Heatran
|-damage|p2a: Heatran|86/100
|-status|p2a: Heatran|brn
|
|-heal|p2a: Heatran|92/100 brn|[from] item: Leftovers
|-heal|p1a: Sinistcha|88/100|[from] item: Leftovers
|-damage|p2a: Heatran|86/100 brn|[from] brn
|upkeep
|turn|9
|
|t:|1760414977
|move|p2a: Heatran|Magma Storm|p1a: Sinistcha
|-supereffective|p1a: Sinistcha
|-damage|p1a: Sinistcha|46/100
|-activate|p1a: Sinistcha|move: Magma Storm|[of] p2a: Heatran
|move|p1a: Sinistcha|Shadow Ball|p2a: Heatran
|-damage|p2a: Heatran|43/100 brn
|
|-heal|p2a: Heatran|49/100 brn|[from] item: Leftovers
|-heal|p1a: Sinistcha|52/100|[from] item: Leftovers
|-damage|p2a: Heatran|43/100 brn|[from] brn
|-damage|p1a: Sinistcha|40/100|[from] move: Magma Storm|[partiallytrapped]
|-end|p1a: Sinistcha|move: Taunt
|upkeep
|turn|10
|
|t:|1760414988
|move|p2a: Heatran|Taunt|p1a: Sinistcha
|-start|p1a: Sinistcha|move: Taunt
|move|p1a: Sinistcha|Shadow Ball|p2a: Heatran
|-damage|p2a: Heatran|0 fnt
|faint|p2a: Heatran
|
|-heal|p1a: Sinistcha|46/100|[from] item: Leftovers
|-end|p1a: Sinistcha|Magma Storm|[partiallytrapped]|[silent]
|upkeep
|
|t:|1760415001
|switch|p2a: Dragapult|Dragapult, M|100/100
|turn|11
|
|t:|1760415009
|switch|p1a: Grimmsnarl|Grimmsnarl, M|99/100
|-damage|p1a: Grimmsnarl|87/100|[from] Stealth Rock
|-damage|p1a: Grimmsnarl|75/100|[from] Spikes
|move|p2a: Dragapult|Flamethrower|p1a: Grimmsnarl
|-damage|p1a: Grimmsnarl|35/100
|
|upkeep
|turn|12
|
|t:|1760415017
|move|p2a: Dragapult|Flamethrower|p1a: Grimmsnarl
|-damage|p1a: Grimmsnarl|0 fnt
|faint|p1a: Grimmsnarl
|
|upkeep
|
|t:|1760415024
|switch|p1a: Okidogi|Okidogi, M|100/100
|-damage|p1a: Okidogi|94/100|[from] Stealth Rock
|-damage|p1a: Okidogi|82/100|[from] Spikes
|turn|13
|
|t:|1760415029
|switch|p2a: Ting-Lu|Ting-Lu|19/100
|-ability|p2a: Ting-Lu|Vessel of Ruin
|move|p1a: Okidogi|Knock Off|p2a: Ting-Lu
|-resisted|p2a: Ting-Lu
|-damage|p2a: Ting-Lu|9/100
|-enditem|p2a: Ting-Lu|Leftovers|[from] move: Knock Off|[of] p1a: Okidogi
|
|upkeep
|turn|14
|
|t:|1760415038
|move|p1a: Okidogi|Drain Punch|p2a: Ting-Lu
|-supereffective|p2a: Ting-Lu
|-damage|p2a: Ting-Lu|0 fnt
|-heal|p1a: Okidogi|88/100|[from] drain|[of] p2a: Ting-Lu
|faint|p2a: Ting-Lu
|
|upkeep
|
|t:|1760415068
|switch|p2a: Dragapult|Dragapult, M|100/100
|turn|15
|
|t:|1760415076
|move|p2a: Dragapult|Draco Meteor|p1a: Okidogi|[miss]
|-miss|p2a: Dragapult|p1a: Okidogi
|move|p1a: Okidogi|Knock Off|p2a: Dragapult
|-supereffective|p2a: Dragapult
|-damage|p2a: Dragapult|0 fnt
|-enditem|p2a: Dragapult|Choice Specs|[from] move: Knock Off|[of] p1a: Okidogi
|faint|p2a: Dragapult
|
|upkeep
|
|t:|1760415084
|switch|p2a: Garchomp|Garchomp, F, shiny|100/100
|turn|16
|
|t:|1760415092
|-terastallize|p1a: Okidogi|Water
|move|p2a: Garchomp|Scale Shot|p1a: Okidogi
|-damage|p1a: Okidogi|77/100
|-crit|p1a: Okidogi
|-damage|p1a: Okidogi|60/100
|-damage|p1a: Okidogi|49/100
|-damage|p1a: Okidogi|37/100
|-hitcount|p1a: Okidogi|4
|-unboost|p2a: Garchomp|def|1
|-boost|p2a: Garchomp|spe|1
|move|p1a: Okidogi|Ice Punch|p2a: Garchomp
|-supereffective|p2a: Garchomp
|-damage|p2a: Garchomp|0 fnt
|-damage|p1a: Okidogi|25/100|[from] ability: Rough Skin|[of] p2a: Garchomp
|faint|p2a: Garchomp
|
|upkeep
|-message|Alice Wooper forfeited.
|
|win|thebacchusbraviary
|raw|thebacchusbraviary's rating: 1342 &rarr; <strong>1363</strong><br />(+21 for winning)
|raw|Alice Wooper's rating: 1354 &rarr; <strong>1333</strong><br />(-21 for losing)
|l|☆Alice Wooper
|player|p2|
|l|☆thebacchusbraviary
|player|p1|
