|j|☆tatcalataicram
|j|☆yaotaiwon
|t:|1760445670
|gametype|singles
|player|p1|tatcalataicram|266|1360
|player|p2|yaotaiwon|170|1294
|gen|9
|tier|[Gen 9] OU
|rated|
|rule|HP Percentage Mod: HP is shown in percentages
|rule|Endless Battle Clause: Forcing endless battles is banned
|rule|Species Clause: Limit one of each Pokémon
|rule|OHKO Clause: OHKO moves are banned
|rule|Evasion Items Clause: Evasion items are banned
|rule|Evasion Moves Clause: Evasion moves are banned
|rule|Evasion Abilities Clause: Evasion abilities are banned
|rule|Sleep Moves Clause: Sleep-inducing moves are banned
|clearpoke
|poke|p1|Zamazenta-*|
|poke|p1|Kingambit, M|
|poke|p1|Iron Treads|
|poke|p1|Ogerpon-Wellspring, F|
|poke|p1|Samurott-Hisui, F|
|poke|p1|Zapdos|
|poke|p2|Indeedee, M|
|poke|p2|Meowscarada, F|
|poke|p2|Hoopa-Unbound|
|poke|p2|Cinderace, F|
|poke|p2|Corviknight, M|
|poke|p2|Garganacl, F|
|teampreview
|inactive|Battle timer is ON: inactive players will automatically lose when time's up. (requested by tatcalataicram)
|
|t:|1760445684
|teamsize|p1|6
|teamsize|p2|6
|start
|switch|p1a: Samurott|Samurott-Hisui, F|100/100
|switch|p2a: Indeedee|Indeedee, M|100/100
|-fieldstart|move: Psychic Terrain|[from] ability: Psychic Surge|[of] p2a: Indeedee
|turn|1
|
|t:|1760445695
|switch|p2a: Corviknight|Corviknight, M|100/100
|-ability|p2a: Corviknight|Pressure
|move|p1a: Samurott|Ceaseless Edge|p2a: Corviknight|[miss]
|-miss|p1a: Samurott|p2a: Corviknight
|
|upkeep
|turn|2
|
|t:|1760445698
|move|p1a: Samurott|Sacred Sword|p2a: Corviknight
|-damage|p2a: Corviknight|73/100
|move|p2a: Corviknight|U-turn|p1a: Samurott
|-supereffective|p1a: Samurott
|-damage|p1a: Samurott|64/100
|
|t:|1760445704
|switch|p2a: Meowscarada|Meowscarada, F|100/100|[from] U-turn
|
|upkeep
|turn|3
|
|t:|1760445717
|switch|p1a: Zapdos|Zapdos|100/100
|move|p2a: Meowscarada|U-turn|p1a: Zapdos
|-start|p2a: Meowscarada|typechange|Bug|[from] ability: Protean
|-resisted|p1a: Zapdos
|-damage|p1a: Zapdos|84/100
|
|t:|1760445726
|switch|p2a: Garganacl|Garganacl, F|100/100|[from] U-turn
|
|upkeep
|turn|4
|
|t:|1760445741
|switch|p1a: Zamazenta|Zamazenta|100/100
|-ability|p1a: Zamazenta|Dauntless Shield|boost
|-boost|p1a: Zamazenta|def|1
|move|p2a: Garganacl|Stealth Rock|p1a: Zamazenta
|-sidestart|p1: tatcalataicram|move: Stealth Rock
|
|upkeep
|turn|5
|
|t:|1760445747
|-terastallize|p2a: Garganacl|Water
|move|p1a: Zamazenta|Substitute|p1a: Zamazenta
|-start|p1a: Zamazenta|Substitute
|-damage|p1a: Zamazenta|76/100
|move|p2a: Garganacl|Salt Cure|p1a: Zamazenta
|-resisted|p1a: Zamazenta
|-activate|p1a: Zamazenta|move: Substitute|[damage]
|
|-heal|p1a: Zamazenta|82/100|[from] item: Leftovers
|-fieldend|move: Psychic Terrain
|upkeep
|turn|6
|
|t:|1760445759
|switch|p2a: Indeedee|Indeedee, M|100/100
|-fieldstart|move: Psychic Terrain|[from] ability: Psychic Surge|[of] p2a: Indeedee
|move|p1a: Zamazenta|Iron Defense|p1a: Zamazenta
|-boost|p1a: Zamazenta|def|2
|
|-heal|p1a: Zamazenta|88/100|[from] item: Leftovers
|upkeep
|turn|7
|
|t:|1760445764
|move|p2a: Indeedee|Expanding Force|p1a: Zamazenta
|-supereffective|p1a: Zamazenta
|-end|p1a: Zamazenta|Substitute
|move|p1a: Zamazenta|Iron Defense|p1a: Zamazenta
|-boost|p1a: Zamazenta|def|2
|
|-heal|p1a: Zamazenta|94/100|[from] item: Leftovers
|upkeep
|turn|8
|
|t:|1760445783
|switch|p1a: Samurott|Samurott-Hisui, F|64/100
|-damage|p1a: Samurott|51/100|[from] Stealth Rock
|move|p2a: Indeedee|Expanding Force|p1a: Samurott
|-immune|p1a: Samurott
|
|upkeep
|turn|9
|
|t:|1760445795
|switch|p2a: Corviknight|Corviknight, M|73/100
|-ability|p2a: Corviknight|Pressure
|move|p1a: Samurott|Sacred Sword|p2a: Corviknight
|-damage|p2a: Corviknight|46/100
|
|-heal|p2a: Corviknight|52/100|[from] item: Leftovers
|upkeep
|turn|10
|inactive|tatcalataicram has 120 seconds left.
|
|t:|1760445824
|switch|p1a: Zapdos|Zapdos|84/100
|-damage|p1a: Zapdos|59/100|[from] Stealth Rock
|move|p2a: Corviknight|Roost|p2a: Corviknight
|-heal|p2a: Corviknight|100/100
|-singleturn|p2a: Corviknight|move: Roost
|
|-fieldend|move: Psychic Terrain
|upkeep
|turn|11
|
|t:|1760445831
|switch|p2a: Garganacl|Garganacl, F, tera:Water|100/100
|move|p1a: Zapdos|Thunderbolt|p2a: Garganacl
|-supereffective|p2a: Garganacl
|-damage|p2a: Garganacl|15/100
|
|-heal|p2a: Garganacl|22/100|[from] item: Leftovers
|upkeep
|turn|12
|
|t:|1760445836
|move|p2a: Garganacl|Protect|p2a: Garganacl
|-singleturn|p2a: Garganacl|Protect
|move|p1a: Zapdos|Thunderbolt|p2a: Garganacl
|-activate|p2a: Garganacl|move: Protect
|
|-heal|p2a: Garganacl|28/100|[from] item: Leftovers
|upkeep
|turn|13
|
|t:|1760445841
|switch|p2a: Hoopa|Hoopa-Unbound|100/100
|move|p1a: Zapdos|Discharge|p2a: Hoopa
|-damage|p2a: Hoopa|58/100
|
|upkeep
|turn|14
|
|t:|1760445852
|move|p2a: Hoopa|Dark Pulse|p1a: Zapdos
|-crit|p1a: Zapdos
|-damage|p1a: Zapdos|14/100
|move|p1a: Zapdos|Thunderbolt|p2a: Hoopa
|-damage|p2a: Hoopa|7/100
|
|upkeep
|turn|15
|
|t:|1760445861
|move|p2a: Hoopa|Dark Pulse|p1a: Zapdos
|-damage|p1a: Zapdos|0 fnt
|faint|p1a: Zapdos
|
|upkeep
|
|t:|1760445864
|switch|p1a: Samurott|Samurott-Hisui, F|51/100
|-damage|p1a: Samurott|39/100|[from] Stealth Rock
|turn|16
|
|t:|1760445881
|move|p2a: Hoopa|Dark Pulse|p1a: Samurott
|-resisted|p1a: Samurott
|-damage|p1a: Samurott|6/100
|cant|p1a: Samurott|flinch
|
|upkeep
|turn|17
|
|t:|1760445887
|move|p1a: Samurott|Sucker Punch|p2a: Hoopa
|-damage|p2a: Hoopa|0 fnt
|faint|p2a: Hoopa
|
|upkeep
|
|t:|1760445890
|switch|p2a: Indeedee|Indeedee, M|100/100
|-fieldstart|move: Psychic Terrain|[from] ability: Psychic Surge|[of] p2a: Indeedee
|turn|18
|
|t:|1760445897
|move|p2a: Indeedee|Dazzling Gleam|p1a: Samurott
|-supereffective|p1a: Samurott
|-damage|p1a: Samurott|0 fnt
|faint|p1a: Samurott
|
|upkeep
|
|t:|1760445900
|switch|p1a: Kingambit|Kingambit, M|100/100
|-damage|p1a: Kingambit|94/100|[from] Stealth Rock
|-activate|p1a: Kingambit|ability: Supreme Overlord
|-start|p1a: Kingambit|fallen2|[silent]
|turn|19
|
|t:|1760445906
|switch|p2a: Corviknight|Corviknight, M|100/100
|-ability|p2a: Corviknight|Pressure
|move|p1a: Kingambit|Kowtow Cleave|p2a: Corviknight
|-damage|p2a: Corviknight|54/100
|
|-heal|p2a: Corviknight|60/100|[from] item: Leftovers
|upkeep
|turn|20
|
|t:|1760445913
|-terastallize|p1a: Kingambit|Dark
|move|p2a: Corviknight|U-turn|p1a: Kingambit
|-supereffective|p1a: Kingambit
|-damage|p1a: Kingambit|74/100
|
|t:|1760445925
|switch|p2a: Garganacl|Garganacl, F, tera:Water|28/100|[from] U-turn
|move|p1a: Kingambit|Kowtow Cleave|p2a: Garganacl
|-damage|p2a: Garganacl|0 fnt
|faint|p2a: Garganacl
|
|upkeep
|
|t:|1760445929
|switch|p2a: Cinderace|Cinderace, F|100/100
|turn|21
|
|t:|1760445942
|-end|p1a: Kingambit|fallen2|[silent]
|switch|p1a: Ogerpon|Ogerpon-Wellspring, F|100/100
|-damage|p1a: Ogerpon|88/100|[from] Stealth Rock
|move|p2a: Cinderace|Low Kick|p1a: Ogerpon
|-damage|p1a: Ogerpon|62/100
|
|upkeep
|turn|22
|
|t:|1760445955
|switch|p2a: Corviknight|Corviknight, M|60/100
|-ability|p2a: Corviknight|Pressure
|move|p1a: Ogerpon|Ivy Cudgel|p2a: Corviknight|[anim] Ivy Cudgel Water
|-damage|p2a: Corviknight|20/100
|
|-heal|p2a: Corviknight|26/100|[from] item: Leftovers
|-fieldend|move: Psychic Terrain
|upkeep
|turn|23
|
|t:|1760445964
|move|p1a: Ogerpon|Ivy Cudgel|p2a: Corviknight|[anim] Ivy Cudgel Water
|-damage|p2a: Corviknight|0 fnt
|faint|p2a: Corviknight
|
|upkeep
|
|t:|1760445967
|switch|p2a: Meowscarada|Meowscarada, F|100/100
|turn|24
|
|t:|1760445974
|switch|p1a: Iron Treads|Iron Treads|100/100
|-damage|p1a: Iron Treads|97/100|[from] Stealth Rock
|-enditem|p1a: Iron Treads|Booster Energy
|-activate|p1a: Iron Treads|ability: Quark Drive|[fromitem]
|-start|p1a: Iron Treads|quarkdrivespe
|move|p2a: Meowscarada|U-turn|p1a: Iron Treads
|-start|p2a: Meowscarada|typechange|Bug|[from] ability: Protean
|-resisted|p1a: Iron Treads
|-damage|p1a: Iron Treads|82/100
|
|t:|1760445979
|switch|p2a: Cinderace|Cinderace, F|100/100|[from] U-turn
|
|upkeep
|turn|25
|
|t:|1760445986
|move|p1a: Iron Treads|Earthquake|p2a: Cinderace
|-supereffective|p2a: Cinderace
|-damage|p2a: Cinderace|0 fnt
|faint|p2a: Cinderace
|
|upkeep
|
|t:|1760445988
|switch|p2a: Meowscarada|Meowscarada, F|100/100
|turn|26
|
|t:|1760445992
|move|p1a: Iron Treads|Rapid Spin|p2a: Meowscarada
|-damage|p2a: Meowscarada|76/100
|-boost|p1a: Iron Treads|spe|1
|-sideend|p1: tatcalataicram|Stealth Rock|[from] move: Rapid Spin|[of] p1a: Iron Treads
|move|p2a: Meowscarada|Flower Trick|p1a: Iron Treads
|-start|p2a: Meowscarada|typechange|Grass|[from] ability: Protean
|-crit|p1a: Iron Treads
|-damage|p1a: Iron Treads|36/100
|
|upkeep
|turn|27
|
|t:|1760445997
|move|p1a: Iron Treads|Iron Head|p2a: Meowscarada
|-damage|p2a: Meowscarada|21/100
|move|p2a: Meowscarada|Flower Trick|p1a: Iron Treads
|-crit|p1a: Iron Treads
|-damage|p1a: Iron Treads|0 fnt
|faint|p1a: Iron Treads
|-end|p1a: Iron Treads|Quark Drive|[silent]
|
|upkeep
|
|t:|1760446004
|switch|p1a: Zamazenta|Zamazenta|94/100
|turn|28
|
|t:|1760446010
|move|p1a: Zamazenta|Iron Defense|p1a: Zamazenta
|-boost|p1a: Zamazenta|def|2
|move|p2a: Meowscarada|U-turn|p1a: Zamazenta
|-resisted|p1a: Zamazenta
|-damage|p1a: Zamazenta|90/100
|
|t:|1760446012
|switch|p2a: Indeedee|Indeedee, M|100/100|[from] U-turn
|-fieldstart|move: Psychic Terrain|[from] ability: Psychic Surge|[of] p2a: Indeedee
|
|-heal|p1a: Zamazenta|96/100|[from] item: Leftovers
|upkeep
|turn|29
|
|t:|1760446017
|move|p2a: Indeedee|Expanding Force|p1a: Zamazenta
|-supereffective|p1a: Zamazenta
|-damage|p1a: Zamazenta|0 fnt
|faint|p1a: Zamazenta
|
|upkeep
|
|t:|1760446022
|switch|p1a: Kingambit|Kingambit, M, tera:Dark|74/100
|-activate|p1a: Kingambit|ability: Supreme Overlord
|-start|p1a: Kingambit|fallen4|[silent]
|turn|30
|
|t:|1760446026
|switch|p2a: Meowscarada|Meowscarada, F|21/100
|move|p1a: Kingambit|Kowtow Cleave|p2a: Meowscarada
|-resisted|p2a: Meowscarada
|-damage|p2a: Meowscarada|0 fnt
|faint|p2a: Meowscarada
|
|upkeep
|
|t:|1760446028
|switch|p2a: Indeedee|Indeedee, M|100/100
|turn|31
|
|t:|1760446031
|-end|p1a: Kingambit|fallen4|[silent]
|switch|p1a: Ogerpon|Ogerpon-Wellspring, F|62/100
|move|p2a: Indeedee|Dazzling Gleam|p1a: Ogerpon
|-damage|p1a: Ogerpon|32/100
|
|upkeep
|turn|32
|
|t:|1760446047
|move|p2a: Indeedee|Dazzling Gleam|p1a: Ogerpon
|-damage|p1a: Ogerpon|0 fnt
|faint|p1a: Ogerpon
|
|-fieldend|move: Psychic Terrain
|upkeep
|
|t:|1760446050
|switch|p1a: Kingambit|Kingambit, M, tera:Dark|74/100
|-activate|p1a: Kingambit|ability: Supreme Overlord
|-start|p1a: Kingambit|fallen5|[silent]
|turn|33
|
|t:|1760446052
|move|p1a: Kingambit|Sucker Punch|p2a: Indeedee
|-supereffective|p2a: Indeedee
|-damage|p2a: Indeedee|0 fnt
|faint|p2a: Indeedee
|
|win|tatcalataicram
|raw|tatcalataicram's rating: 1360 &rarr; <strong>1376</strong><br />(+16 for winning)
|raw|yaotaiwon's rating: 1294 &rarr; <strong>1274</strong><br />(-20 for losing)
