|j|☆hoons
|j|☆bald wooper
|t:|1760430803
|gametype|singles
|player|p1|hoons|1|1605
|player|p2|bald wooper|265|1765
|gen|9
|tier|[Gen 9] OU
|rated|
|rule|HP Percentage Mod: HP is shown in percentages
|rule|Endless Battle Clause: Forcing endless battles is banned
|rule|Species Clause: Limit one of each Pokémon
|rule|OHKO Clause: OHKO moves are banned
|rule|Evasion Items Clause: Evasion items are banned
|rule|Evasion Moves Clause: Evasion moves are banned
|rule|Evasion Abilities Clause: Evasion abilities are banned
|rule|Sleep Moves Clause: Sleep-inducing moves are banned
|clearpoke
|poke|p1|Ting-Lu|
|poke|p1|Gholdengo|
|poke|p1|Dragonite, M|
|poke|p1|Enamorus, F|
|poke|p1|Slowking-Galar, F|
|poke|p1|Cinderace, M|
|poke|p2|Landorus-Therian, M|
|poke|p2|Kingambit, M|
|poke|p2|Slowking-Galar, F|
|poke|p2|Iron Treads|
|poke|p2|Volcanion|
|poke|p2|Darkrai|
|teampreview
|
|t:|1760430855
|teamsize|p1|6
|teamsize|p2|6
|start
|switch|p1a: Enamorus|Enamorus, F|100/100
|switch|p2a: Volcanion|Volcanion|100/100
|turn|1
|
|t:|1760430863
|switch|p1a: Slowking|Slowking-Galar, F|100/100
|switch|p2a: Landorus|Landorus-Therian, M|100/100
|-ability|p2a: Landorus|Intimidate|boost
|-unboost|p1a: Slowking|atk|1
|
|upkeep
|turn|2
|
|t:|1760430867
|move|p2a: Landorus|U-turn|p1a: Slowking
|-damage|p1a: Slowking|85/100
|
|t:|1760430869
|switch|p2a: Iron Treads|Iron Treads|100/100|[from] U-turn
|move|p1a: Slowking|Ice Beam|p2a: Iron Treads
|-crit|p2a: Iron Treads
|-damage|p2a: Iron Treads|49/100
|
|-heal|p1a: Slowking|91/100|[from] item: Black Sludge
|upkeep
|turn|3
|
|t:|1760430877
|move|p2a: Iron Treads|Ice Spinner|p1a: Slowking
|-damage|p1a: Slowking|71/100
|move|p1a: Slowking|Ice Beam|p2a: Iron Treads
|-damage|p2a: Iron Treads|20/100
|
|-heal|p1a: Slowking|77/100|[from] item: Black Sludge
|upkeep
|turn|4
|
|t:|1760430887
|-end|p2a: Iron Treads|Quark Drive|[silent]
|switch|p2a: Volcanion|Volcanion|100/100
|switch|p1a: Enamorus|Enamorus, F|100/100
|
|upkeep
|turn|5
|
|t:|1760430891
|switch|p1a: Slowking|Slowking-Galar, F|100/100
|move|p2a: Volcanion|Steam Eruption|p1a: Slowking
|-damage|p1a: Slowking|63/100
|-status|p1a: Slowking|brn
|
|-heal|p1a: Slowking|69/100 brn|[from] item: Black Sludge
|-damage|p1a: Slowking|63/100 brn|[from] brn
|upkeep
|turn|6
|j| jackie_tsai
|
|t:|1760430898
|move|p2a: Volcanion|Fire Spin|p1a: Slowking
|-damage|p1a: Slowking|52/100 brn
|-activate|p1a: Slowking|move: Fire Spin|[of] p2a: Volcanion
|-prepare|p1a: Slowking|Chilly Reception|[premajor]
|move|p1a: Slowking|Chilly Reception|p1a: Slowking
|-weather|Snowscape
|
|t:|1760430920
|switch|p1a: Ting-Lu|Ting-Lu|100/100|[from] Chilly Reception
|-ability|p1a: Ting-Lu|Vessel of Ruin
|
|-weather|Snowscape|[upkeep]
|upkeep
|turn|7
|
|t:|1760430926
|move|p2a: Volcanion|Steam Eruption|p1a: Ting-Lu
|-supereffective|p1a: Ting-Lu
|-damage|p1a: Ting-Lu|58/100
|move|p1a: Ting-Lu|Earthquake|p2a: Volcanion
|-supereffective|p2a: Volcanion
|-damage|p2a: Volcanion|42/100
|
|-weather|Snowscape|[upkeep]
|-heal|p1a: Ting-Lu|65/100|[from] item: Leftovers
|upkeep
|turn|8
|
|t:|1760430937
|switch|p1a: Slowking|Slowking-Galar, F|85/100 brn
|move|p2a: Volcanion|Steam Eruption|p1a: Slowking
|-damage|p1a: Slowking|50/100 brn
|
|-weather|Snowscape|[upkeep]
|-heal|p1a: Slowking|56/100 brn|[from] item: Black Sludge
|-damage|p1a: Slowking|50/100 brn|[from] brn
|upkeep
|turn|9
|j| Puyu Paz
|
|t:|1760430943
|move|p2a: Volcanion|Taunt|p1a: Slowking
|-start|p1a: Slowking|move: Taunt
|-prepare|p1a: Slowking|Chilly Reception|[premajor]
|cant|p1a: Slowking|move: Taunt|Chilly Reception
|
|-weather|Snowscape|[upkeep]
|-heal|p1a: Slowking|56/100 brn|[from] item: Black Sludge
|-damage|p1a: Slowking|50/100 brn|[from] brn
|upkeep
|turn|10
|
|t:|1760430951
|switch|p1a: Enamorus|Enamorus, F|100/100
|move|p2a: Volcanion|Steam Eruption|p1a: Enamorus
|-damage|p1a: Enamorus|32/100
|-status|p1a: Enamorus|brn
|
|-weather|none
|-damage|p1a: Enamorus|25/100 brn|[from] brn
|upkeep
|turn|11
|l| jackie_tsai
|
|t:|1760430960
|switch|p2a: Landorus|Landorus-Therian, M|100/100
|-ability|p2a: Landorus|Intimidate|boost
|-boost|p1a: Enamorus|atk|1
|move|p1a: Enamorus|Earth Power|p2a: Landorus
|-immune|p2a: Landorus
|
|-damage|p1a: Enamorus|19/100 brn|[from] brn
|upkeep
|turn|12
|j| jackie_tsai
|
|t:|1760430968
|switch|p1a: Gholdengo|Gholdengo|100/100
|-item|p1a: Gholdengo|Air Balloon
|move|p2a: Landorus|U-turn|p1a: Gholdengo
|-resisted|p1a: Gholdengo
|-damage|p1a: Gholdengo|97/100
|-enditem|p1a: Gholdengo|Air Balloon
|
|t:|1760430972
|switch|p2a: Darkrai|Darkrai|100/100|[from] U-turn
|
|upkeep
|turn|13
|
|t:|1760430980
|switch|p1a: Ting-Lu|Ting-Lu|65/100
|-ability|p1a: Ting-Lu|Vessel of Ruin
|move|p2a: Darkrai|Nasty Plot|p2a: Darkrai
|-boost|p2a: Darkrai|spa|2
|
|-heal|p1a: Ting-Lu|71/100|[from] item: Leftovers
|upkeep
|turn|14
|
|t:|1760430983
|move|p2a: Darkrai|Ice Beam|p1a: Ting-Lu
|-supereffective|p1a: Ting-Lu
|-damage|p1a: Ting-Lu|25/100
|-status|p1a: Ting-Lu|frz
|-curestatus|p1a: Ting-Lu|frz|[msg]
|move|p1a: Ting-Lu|Whirlwind|p2a: Darkrai
|drag|p2a: Kingambit|Kingambit, M|100/100
|
|-heal|p1a: Ting-Lu|31/100|[from] item: Leftovers
|upkeep
|turn|15
|
|t:|1760430993
|-end|p2a: Kingambit|fallenundefined|[silent]
|switch|p2a: Volcanion|Volcanion|42/100
|switch|p1a: Slowking|Slowking-Galar, F|83/100 brn
|
|-heal|p1a: Slowking|90/100 brn|[from] item: Black Sludge
|-damage|p1a: Slowking|83/100 brn|[from] brn
|upkeep
|turn|16
|
|t:|1760430996
|move|p2a: Volcanion|Taunt|p1a: Slowking
|-start|p1a: Slowking|move: Taunt
|move|p1a: Slowking|Sludge Bomb|p2a: Volcanion
|-damage|p2a: Volcanion|18/100
|
|-heal|p1a: Slowking|90/100 brn|[from] item: Black Sludge
|-damage|p1a: Slowking|83/100 brn|[from] brn
|upkeep
|turn|17
|
|t:|1760431000
|switch|p2a: Iron Treads|Iron Treads|20/100
|move|p1a: Slowking|Sludge Bomb|p2a: Iron Treads
|-immune|p2a: Iron Treads
|
|-heal|p1a: Slowking|90/100 brn|[from] item: Black Sludge
|-damage|p1a: Slowking|83/100 brn|[from] brn
|upkeep
|turn|18
|
|t:|1760431006
|move|p2a: Iron Treads|Earthquake|p1a: Slowking
|-supereffective|p1a: Slowking
|-damage|p1a: Slowking|7/100 brn
|move|p1a: Slowking|Ice Beam|p2a: Iron Treads
|-damage|p2a: Iron Treads|0 fnt
|faint|p2a: Iron Treads
|-end|p2a: Iron Treads|Quark Drive|[silent]
|
|-heal|p1a: Slowking|13/100 brn|[from] item: Black Sludge
|-damage|p1a: Slowking|7/100 brn|[from] brn
|-end|p1a: Slowking|move: Taunt
|upkeep
|
|t:|1760431010
|switch|p2a: Darkrai|Darkrai|100/100
|turn|19
|
|t:|1760431017
|move|p2a: Darkrai|Ice Beam|p1a: Slowking
|-damage|p1a: Slowking|0 fnt
|faint|p1a: Slowking
|
|upkeep
|
|t:|1760431020
|switch|p1a: Enamorus|Enamorus, F|19/100 brn
|turn|20
|l| jackie_tsai
|
|t:|1760431024
|switch|p2a: Slowking|Slowking-Galar, F|100/100
|move|p1a: Enamorus|Healing Wish|p1a: Enamorus
|faint|p1a: Enamorus
|
|upkeep
|
|t:|1760431026
|switch|p1a: Ting-Lu|Ting-Lu|31/100
|-heal|p1a: Ting-Lu|100/100|[from] move: Healing Wish
|-ability|p1a: Ting-Lu|Vessel of Ruin
|turn|21
|j| jackie_tsai
|
|t:|1760431031
|switch|p2a: Landorus|Landorus-Therian, M|100/100
|-ability|p2a: Landorus|Intimidate|boost
|-unboost|p1a: Ting-Lu|atk|1
|move|p1a: Ting-Lu|Spikes|p2a: Landorus
|-sidestart|p2: bald wooper|Spikes
|
|upkeep
|turn|22
|
|t:|1760431034
|move|p2a: Landorus|Stealth Rock|p1a: Ting-Lu
|-sidestart|p1: hoons|move: Stealth Rock
|move|p1a: Ting-Lu|Ruination|p2a: Landorus
|-damage|p2a: Landorus|50/100
|
|upkeep
|turn|23
|
|t:|1760431039
|move|p2a: Landorus|U-turn|p1a: Ting-Lu
|-supereffective|p1a: Ting-Lu
|-damage|p1a: Ting-Lu|78/100
|
|t:|1760431042
|switch|p2a: Slowking|Slowking-Galar, F|100/100|[from] U-turn
|move|p1a: Ting-Lu|Ruination|p2a: Slowking
|-damage|p2a: Slowking|50/100
|
|-heal|p1a: Ting-Lu|84/100|[from] item: Leftovers
|upkeep
|turn|24
|
|t:|1760431047
|switch|p2a: Landorus|Landorus-Therian, M|50/100
|-ability|p2a: Landorus|Intimidate|boost
|-unboost|p1a: Ting-Lu|atk|1
|move|p1a: Ting-Lu|Whirlwind|p2a: Landorus
|drag|p2a: Darkrai|Darkrai|100/100
|-damage|p2a: Darkrai|88/100|[from] Spikes
|
|-heal|p1a: Ting-Lu|90/100|[from] item: Leftovers
|upkeep
|turn|25
|
|t:|1760431054
|move|p2a: Darkrai|Ice Beam|p1a: Ting-Lu
|-supereffective|p1a: Ting-Lu
|-damage|p1a: Ting-Lu|66/100
|move|p1a: Ting-Lu|Ruination|p2a: Darkrai
|-damage|p2a: Darkrai|44/100
|-enditem|p2a: Darkrai|Red Card|[of] p1a: Ting-Lu
|drag|p1a: Gholdengo|Gholdengo|97/100
|-damage|p1a: Gholdengo|91/100|[from] Stealth Rock
|
|upkeep
|turn|26
|
|t:|1760431071
|-terastallize|p1a: Gholdengo|Fairy
|move|p2a: Darkrai|Dark Pulse|p1a: Gholdengo
|-resisted|p1a: Gholdengo
|-damage|p1a: Gholdengo|72/100
|move|p1a: Gholdengo|Thunder Wave|p2a: Darkrai
|-status|p2a: Darkrai|par
|
|upkeep
|turn|27
|
|t:|1760431079
|move|p1a: Gholdengo|Make It Rain|p2a: Darkrai
|-damage|p2a: Darkrai|0 fnt
|-unboost|p1a: Gholdengo|spa|1
|faint|p2a: Darkrai
|
|upkeep
|l| jackie_tsai
|
|t:|1760431086
|switch|p2a: Slowking|Slowking-Galar, F|84/100
|turn|28
|j| jackie_tsai
|
|t:|1760431096
|switch|p1a: Cinderace|Cinderace, M|100/100
|move|p2a: Slowking|Sludge Bomb|p1a: Cinderace
|-damage|p1a: Cinderace|52/100
|-status|p1a: Cinderace|psn
|
|-damage|p1a: Cinderace|39/100 psn|[from] psn
|upkeep
|turn|29
|j| Disscratch
|
|t:|1760431102
|move|p1a: Cinderace|Court Change|p1a: Cinderace
|-start|p1a: Cinderace|typechange|Normal|[from] ability: Libero
|-swapsideconditions
|-activate|p1a: Cinderace|move: Court Change
|move|p2a: Slowking|Sludge Bomb|p1a: Cinderace
|-damage|p1a: Cinderace|0 fnt
|faint|p1a: Cinderace
|
|upkeep
|
|t:|1760431107
|switch|p1a: Ting-Lu|Ting-Lu|66/100
|-damage|p1a: Ting-Lu|54/100|[from] Spikes
|-ability|p1a: Ting-Lu|Vessel of Ruin
|turn|30
|
|t:|1760431114
|switch|p2a: Landorus|Landorus-Therian, M|50/100
|-damage|p2a: Landorus|38/100|[from] Stealth Rock
|-ability|p2a: Landorus|Intimidate|boost
|-unboost|p1a: Ting-Lu|atk|1
|move|p1a: Ting-Lu|Spikes|p2a: Landorus
|-sidestart|p2: bald wooper|Spikes
|
|-heal|p1a: Ting-Lu|60/100|[from] item: Leftovers
|upkeep
|turn|31
|
|t:|1760431119
|switch|p1a: Dragonite|Dragonite, M|100/100
|move|p2a: Landorus|Stealth Rock|p1a: Dragonite
|-sidestart|p1: hoons|move: Stealth Rock
|
|upkeep
|turn|32
|
|t:|1760431123
|move|p2a: Landorus|U-turn|p1a: Dragonite
|-resisted|p1a: Dragonite
|-damage|p1a: Dragonite|96/100
|
|t:|1760431125
|switch|p2a: Slowking|Slowking-Galar, F|100/100|[from] U-turn
|move|p1a: Dragonite|Dragon Dance|p1a: Dragonite
|-boost|p1a: Dragonite|atk|1
|-boost|p1a: Dragonite|spe|1
|
|upkeep
|turn|33
|
|t:|1760431132
|-terastallize|p2a: Slowking|Water
|move|p1a: Dragonite|Dragon Dance|p1a: Dragonite
|-boost|p1a: Dragonite|atk|1
|-boost|p1a: Dragonite|spe|1
|move|p2a: Slowking|Ice Beam|p1a: Dragonite
|-supereffective|p1a: Dragonite
|-damage|p1a: Dragonite|35/100
|
|upkeep
|turn|34
|l| jackie_tsai
|
|t:|1760431139
|move|p1a: Dragonite|Extreme Speed|p2a: Slowking
|-damage|p2a: Slowking|66/100
|move|p2a: Slowking|Ice Beam|p1a: Dragonite
|-supereffective|p1a: Dragonite
|-damage|p1a: Dragonite|0 fnt
|faint|p1a: Dragonite
|
|upkeep
|j| jackie_tsai
|
|t:|1760431146
|switch|p1a: Gholdengo|Gholdengo, tera:Fairy|72/100
|-damage|p1a: Gholdengo|60/100|[from] Spikes
|-damage|p1a: Gholdengo|48/100|[from] Stealth Rock
|turn|35
|
|t:|1760431149
|move|p1a: Gholdengo|Recover|p1a: Gholdengo
|-heal|p1a: Gholdengo|98/100
|move|p2a: Slowking|Sludge Bomb|p1a: Gholdengo
|-supereffective|p1a: Gholdengo
|-damage|p1a: Gholdengo|34/100
|-status|p1a: Gholdengo|psn
|
|-damage|p1a: Gholdengo|22/100 psn|[from] psn
|upkeep
|turn|36
|
|t:|1760431151
|move|p1a: Gholdengo|Shadow Ball|p2a: Slowking
|-damage|p2a: Slowking|40/100
|move|p2a: Slowking|Sludge Bomb|p1a: Gholdengo
|-supereffective|p1a: Gholdengo
|-damage|p1a: Gholdengo|0 fnt
|faint|p1a: Gholdengo
|
|upkeep
|inactive|Battle timer is ON: inactive players will automatically lose when time's up. (requested by bald wooper)
|-message|hoons forfeited.
|
|win|bald wooper
|raw|hoons's rating: 1605 &rarr; <strong>1594</strong><br />(-11 for losing)
|raw|bald wooper's rating: 1765 &rarr; <strong>1776</strong><br />(+11 for winning)
|l|☆hoons
|player|p1|
