|j|☆Karpsy
|j|☆84m833
|t:|1760383185
|gametype|singles
|player|p1|Karpsy|candice|
|player|p2|84m833|pokekid|
|gen|9
|tier|[Gen 9] OU
|rule|HP Percentage Mod: HP is shown in percentages
|rule|Endless Battle Clause: Forcing endless battles is banned
|rule|Species Clause: Limit one of each Pokémon
|rule|OHKO Clause: OHKO moves are banned
|rule|Evasion Items Clause: Evasion items are banned
|rule|Evasion Moves Clause: Evasion moves are banned
|rule|Evasion Abilities Clause: Evasion abilities are banned
|rule|Sleep Moves Clause: Sleep-inducing moves are banned
|clearpoke
|poke|p1|Iron Hands|
|poke|p1|Zamazenta-*|
|poke|p1|Kommo-o, F|
|poke|p1|Great Tusk|
|poke|p1|Iron Valiant|
|poke|p1|Pawmot, F|
|poke|p2|Raging Bolt|
|poke|p2|Zapdos|
|poke|p2|Kingambit, M|
|poke|p2|Sandy Shocks|
|poke|p2|Iron Thorns|
|poke|p2|Galvantula, F|
|teampreview
|j| SmiCat
|
|t:|1760383260
|teamsize|p1|6
|teamsize|p2|6
|start
|switch|p1a: Iron Hands|Iron Hands|100/100
|switch|p2a: Spider 8itch|Galvantula, F, shiny|100/100
|turn|1
|
|t:|1760383274
|move|p2a: Spider 8itch|Thunder Wave|p1a: Iron Hands
|-immune|p1a: Iron Hands
|move|p1a: Iron Hands|Swords Dance|p1a: Iron Hands
|-boost|p1a: Iron Hands|atk|2
|
|upkeep
|turn|2
|
|t:|1760383282
|move|p2a: Spider 8itch|Sticky Web|p1a: Iron Hands
|-sidestart|p1: Karpsy|move: Sticky Web
|move|p1a: Iron Hands|Earthquake|p2a: Spider 8itch
|-enditem|p2a: Spider 8itch|Focus Sash
|-damage|p2a: Spider 8itch|1/100
|
|upkeep
|turn|3
|
|t:|1760383296
|switch|p2a: sam|Kingambit, M, shiny|100/100
|move|p1a: Iron Hands|Earthquake|p2a: sam
|-supereffective|p2a: sam
|-damage|p2a: sam|2/100
|
|upkeep
|turn|4
|
|t:|1760383318
|-terastallize|p2a: sam|Electric
|move|p1a: Iron Hands|Drain Punch|p2a: sam
|-damage|p2a: sam|0 fnt
|faint|p2a: sam
|-end|p2a: sam|fallenundefined|[silent]
|
|upkeep
|
|t:|1760383334
|switch|p2a: illegal shiny|Raging Bolt|100/100
|turn|5
|
|t:|1760383344
|move|p2a: illegal shiny|Thunderbolt|p1a: Iron Hands
|-resisted|p1a: Iron Hands
|-damage|p1a: Iron Hands|80/100
|move|p1a: Iron Hands|Earthquake|p2a: illegal shiny
|-supereffective|p2a: illegal shiny
|-damage|p2a: illegal shiny|0 fnt
|faint|p2a: illegal shiny
|-end|p2a: illegal shiny|Protosynthesis|[silent]
|
|upkeep
|
|t:|1760383351
|switch|p2a: rawr XD|Iron Thorns|100/100
|turn|6
|
|t:|1760383357
|move|p2a: rawr XD|Pin Missile|p1a: Iron Hands
|-resisted|p1a: Iron Hands
|-damage|p1a: Iron Hands|78/100
|-resisted|p1a: Iron Hands
|-damage|p1a: Iron Hands|75/100
|-resisted|p1a: Iron Hands
|-damage|p1a: Iron Hands|72/100
|-resisted|p1a: Iron Hands
|-damage|p1a: Iron Hands|69/100
|-hitcount|p1a: Iron Hands|4
|move|p1a: Iron Hands|Earthquake|p2a: rawr XD
|-supereffective|p2a: rawr XD
|-damage|p2a: rawr XD|0 fnt
|faint|p2a: rawr XD
|-end|p2a: rawr XD|Quark Drive|[silent]
|
|upkeep
|
|t:|1760383370
|switch|p2a: Caw Caw|Zapdos|100/100
|-ability|p2a: Caw Caw|Pressure
|turn|7
|
|t:|1760383381
|move|p2a: Caw Caw|Hurricane|p1a: Iron Hands
|-damage|p1a: Iron Hands|27/100
|move|p1a: Iron Hands|Drain Punch|p2a: Caw Caw
|-resisted|p2a: Caw Caw
|-damage|p2a: Caw Caw|58/100
|-heal|p1a: Iron Hands|42/100|[from] drain|[of] p2a: Caw Caw
|
|upkeep
|turn|8
|
|t:|1760383396
|move|p2a: Caw Caw|Hurricane|p1a: Iron Hands
|-crit|p1a: Iron Hands
|-damage|p1a: Iron Hands|0 fnt
|faint|p1a: Iron Hands
|-end|p1a: Iron Hands|Quark Drive|[silent]
|
|upkeep
|
|t:|1760383426
|switch|p1a: Zamazenta|Zamazenta|100/100
|-activate|p1a: Zamazenta|move: Sticky Web
|-unboost|p1a: Zamazenta|spe|1
|-ability|p1a: Zamazenta|Dauntless Shield|boost
|-boost|p1a: Zamazenta|def|1
|turn|9
|
|t:|1760383438
|move|p2a: Caw Caw|Discharge|p1a: Zamazenta
|-damage|p1a: Zamazenta|65/100
|move|p1a: Zamazenta|Ice Fang|p2a: Caw Caw
|-supereffective|p2a: Caw Caw
|-damage|p2a: Caw Caw|0 fnt
|faint|p2a: Caw Caw
|-damage|p1a: Zamazenta|55/100|[from] item: Life Orb
|
|upkeep
|
|t:|1760383447
|switch|p2a: soot sprites|Sandy Shocks, shiny|100/100
|-enditem|p2a: soot sprites|Booster Energy
|-activate|p2a: soot sprites|ability: Protosynthesis|[fromitem]
|-start|p2a: soot sprites|protosynthesisspe
|turn|10
|
|t:|1760383463
|move|p2a: soot sprites|Earth Power|p1a: Zamazenta
|-damage|p1a: Zamazenta|15/100
|move|p1a: Zamazenta|Ice Fang|p2a: soot sprites
|-supereffective|p2a: soot sprites
|-damage|p2a: soot sprites|37/100
|-damage|p1a: Zamazenta|5/100|[from] item: Life Orb
|
|upkeep
|turn|11
|
|t:|1760383481
|move|p2a: soot sprites|Thunderbolt|p1a: Zamazenta
|-damage|p1a: Zamazenta|0 fnt
|faint|p1a: Zamazenta
|
|upkeep
|
|t:|1760383500
|switch|p1a: Great Tusk|Great Tusk|100/100
|-activate|p1a: Great Tusk|move: Sticky Web
|-unboost|p1a: Great Tusk|spe|1
|turn|12
|
|t:|1760383515
|move|p2a: soot sprites|Earth Power|p1a: Great Tusk
|-damage|p1a: Great Tusk|43/100
|-unboost|p1a: Great Tusk|spd|1
|move|p1a: Great Tusk|Earthquake|p2a: soot sprites
|-supereffective|p2a: soot sprites
|-damage|p2a: soot sprites|0 fnt
|faint|p2a: soot sprites
|-end|p2a: soot sprites|Protosynthesis|[silent]
|
|upkeep
|
|t:|1760383523
|switch|p2a: Spider 8itch|Galvantula, F, shiny|1/100
|turn|13
|
|t:|1760383538
|move|p2a: Spider 8itch|Thunder|p1a: Great Tusk
|-immune|p1a: Great Tusk
|move|p1a: Great Tusk|Rapid Spin|p2a: Spider 8itch
|-damage|p2a: Spider 8itch|0 fnt
|-boost|p1a: Great Tusk|spe|1
|-sideend|p1: Karpsy|Sticky Web|[from] move: Rapid Spin|[of] p1a: Great Tusk
|faint|p2a: Spider 8itch
|
|win|Karpsy
