|j|☆longridespain
|j|☆PV_09
|t:|1760455250
|gametype|singles
|player|p1|longridespain|policeman|1397
|player|p2|PV_09|hexmaniac-gen3jp|1367
|gen|9
|tier|[Gen 9] OU
|rated|
|rule|HP Percentage Mod: HP is shown in percentages
|rule|Endless Battle Clause: Forcing endless battles is banned
|rule|Species Clause: Limit one of each Pokémon
|rule|OHKO Clause: OHKO moves are banned
|rule|Evasion Items Clause: Evasion items are banned
|rule|Evasion Moves Clause: Evasion moves are banned
|rule|Evasion Abilities Clause: Evasion abilities are banned
|rule|Sleep Moves Clause: Sleep-inducing moves are banned
|clearpoke
|poke|p1|Porygon-Z|
|poke|p1|Dragonite, M|
|poke|p1|Kingambit, M|
|poke|p1|Landorus-Therian, M|
|poke|p1|Gengar, F|
|poke|p1|Zamazenta-*|
|poke|p2|Hatterene, F|
|poke|p2|Bronzong|
|poke|p2|Primarina, F|
|poke|p2|Iron Hands|
|poke|p2|Gholdengo|
|poke|p2|Ursaluna, M|
|teampreview
|inactive|Battle timer is ON: inactive players will automatically lose when time's up. (requested by longridespain)
|inactive|PV_09 has 120 seconds left.
|
|t:|1760455314
|teamsize|p1|6
|teamsize|p2|6
|start
|switch|p1a: Gengar|Gengar, F|100/100
|switch|p2a: nice & slow|Ursaluna, M|100/100
|turn|1
|
|t:|1760455321
|move|p1a: Gengar|Taunt|p2a: nice & slow
|-start|p2a: nice & slow|move: Taunt
|move|p2a: nice & slow|Earthquake|p1a: Gengar
|-supereffective|p1a: Gengar
|-enditem|p1a: Gengar|Focus Sash
|-damage|p1a: Gengar|1/100
|
|-status|p2a: nice & slow|brn|[from] item: Flame Orb
|upkeep
|turn|2
|
|t:|1760455343
|switch|p2a: tesla-gnarly|Iron Hands|100/100
|move|p1a: Gengar|Destiny Bond|p1a: Gengar
|-singlemove|p1a: Gengar|Destiny Bond
|
|upkeep
|turn|3
|
|t:|1760455362
|move|p1a: Gengar|Shadow Ball|p2a: tesla-gnarly
|-damage|p2a: tesla-gnarly|62/100
|move|p2a: tesla-gnarly|Earthquake|p1a: Gengar
|-supereffective|p1a: Gengar
|-damage|p1a: Gengar|0 fnt
|faint|p1a: Gengar
|
|upkeep
|
|t:|1760455376
|switch|p1a: Landorus|Landorus-Therian, M|100/100
|-ability|p1a: Landorus|Intimidate|boost
|-unboost|p2a: tesla-gnarly|atk|1
|turn|4
|inactive|PV_09 has 120 seconds left.
|
|t:|1760455400
|-end|p2a: tesla-gnarly|Quark Drive|[silent]
|switch|p2a: *NSYNC|Bronzong|100/100
|move|p1a: Landorus|U-turn|p2a: *NSYNC
|-damage|p2a: *NSYNC|75/100
|
|t:|1760455409
|switch|p1a: Kingambit|Kingambit, M|100/100|[from] U-turn
|-activate|p1a: Kingambit|ability: Supreme Overlord
|-start|p1a: Kingambit|fallen1|[silent]
|
|-heal|p2a: *NSYNC|82/100|[from] item: Leftovers
|upkeep
|turn|5
|inactive|PV_09 has 120 seconds left.
|
|t:|1760455426
|-terastallize|p2a: *NSYNC|Fighting
|move|p1a: Kingambit|Swords Dance|p1a: Kingambit
|-boost|p1a: Kingambit|atk|2
|move|p2a: *NSYNC|Body Press|p1a: Kingambit
|-supereffective|p1a: Kingambit
|-damage|p1a: Kingambit|0 fnt
|faint|p1a: Kingambit
|-end|p1a: Kingambit|fallen1|[silent]
|
|-heal|p2a: *NSYNC|88/100|[from] item: Leftovers
|upkeep
|
|t:|1760455446
|switch|p1a: Landorus|Landorus-Therian, M|100/100
|-ability|p1a: Landorus|Intimidate|boost
|-unboost|p2a: *NSYNC|atk|1
|turn|6
|inactive|PV_09 has 120 seconds left.
|inactive|PV_09 has 90 seconds left.
|
|t:|1760455505
|move|p1a: Landorus|U-turn|p2a: *NSYNC
|-resisted|p2a: *NSYNC
|-damage|p2a: *NSYNC|76/100
|
|t:|1760455519
|switch|p1a: Dragonite|Dragonite, M|100/100|[from] U-turn
|move|p2a: *NSYNC|Trick Room|p2a: *NSYNC
|-fieldstart|move: Trick Room|[of] p2a: *NSYNC
|
|-heal|p2a: *NSYNC|82/100|[from] item: Leftovers
|upkeep
|turn|7
|inactive|PV_09 has 90 seconds left.
|
|t:|1760455528
|switch|p2a: primadonna|Primarina, F|100/100
|move|p1a: Dragonite|Draco Meteor|p2a: primadonna
|-immune|p2a: primadonna
|
|upkeep
|turn|8
|
|t:|1760455535
|move|p2a: primadonna|Moonblast|p1a: Dragonite
|-supereffective|p1a: Dragonite
|-damage|p1a: Dragonite|44/100
|-damage|p2a: primadonna|91/100|[from] item: Life Orb
|move|p1a: Dragonite|Thunderbolt|p2a: primadonna
|-supereffective|p2a: primadonna
|-damage|p2a: primadonna|40/100
|
|upkeep
|turn|9
|inactive|PV_09 has 90 seconds left.
|
|t:|1760455573
|move|p1a: Dragonite|Extreme Speed|p2a: primadonna
|-damage|p2a: primadonna|9/100
|move|p2a: primadonna|Moonblast|p1a: Dragonite
|-supereffective|p1a: Dragonite
|-damage|p1a: Dragonite|0 fnt
|faint|p1a: Dragonite
|-damage|p2a: primadonna|0 fnt|[from] item: Life Orb
|faint|p2a: primadonna
|
|upkeep
|
|t:|1760455594
|switch|p2a: raingurl|Gholdengo|100/100
|switch|p1a: Landorus|Landorus-Therian, M|100/100
|-ability|p1a: Landorus|Intimidate|boost
|-unboost|p2a: raingurl|atk|1
|turn|10
|inactive|longridespain has 120 seconds left.
|
|t:|1760455636
|move|p2a: raingurl|Make It Rain|p1a: Landorus
|-damage|p1a: Landorus|0 fnt
|-unboost|p2a: raingurl|spa|1
|faint|p1a: Landorus
|
|-fieldend|move: Trick Room
|upkeep
|
|t:|1760455645
|switch|p1a: Porygon-Z|Porygon-Z|100/100
|turn|11
|
|t:|1760455671
|switch|p2a: *NSYNC|Bronzong, tera:Fighting|82/100
|-terastallize|p1a: Porygon-Z|Ghost
|move|p1a: Porygon-Z|Shadow Ball|p2a: *NSYNC
|-damage|p2a: *NSYNC|23/100
|
|-heal|p2a: *NSYNC|29/100|[from] item: Leftovers
|upkeep
|turn|12
|
|t:|1760455683
|switch|p2a: nice & slow|Ursaluna, M|100/100 brn
|move|p1a: Porygon-Z|Shadow Ball|p2a: nice & slow
|-immune|p2a: nice & slow
|
|-damage|p2a: nice & slow|94/100 brn|[from] brn
|upkeep
|turn|13
|
|t:|1760455691
|move|p1a: Porygon-Z|Shadow Ball|p2a: nice & slow
|-immune|p2a: nice & slow
|move|p2a: nice & slow|Crunch|p1a: Porygon-Z
|-supereffective|p1a: Porygon-Z
|-damage|p1a: Porygon-Z|0 fnt
|faint|p1a: Porygon-Z
|
|-damage|p2a: nice & slow|88/100 brn|[from] brn
|upkeep
|inactive|longridespain has 120 seconds left.
|-message|longridespain forfeited.
|
|win|PV_09
|raw|longridespain's rating: 1397 &rarr; <strong>1375</strong><br />(-22 for losing)
|raw|PV_09's rating: 1367 &rarr; <strong>1389</strong><br />(+22 for winning)
|l|☆longridespain
|player|p1|
|l|☆PV_09
|player|p2|
