|j|☆doudou23509
|j|☆TUUuRBOGRANNY
|t:|1760442758
|gametype|singles
|player|p1|doudou23509|2|1233
|player|p2|TUUuRBOGRANNY|1|1319
|gen|9
|tier|[Gen 9] OU
|rated|
|rule|HP Percentage Mod: HP is shown in percentages
|rule|Endless Battle Clause: Forcing endless battles is banned
|rule|Species Clause: Limit one of each Pokémon
|rule|OHKO Clause: OHKO moves are banned
|rule|Evasion Items Clause: Evasion items are banned
|rule|Evasion Moves Clause: Evasion moves are banned
|rule|Evasion Abilities Clause: Evasion abilities are banned
|rule|Sleep Moves Clause: Sleep-inducing moves are banned
|clearpoke
|poke|p1|Dragapult, M|
|poke|p1|Iron Valiant|
|poke|p1|Samurott-Hisui, M|
|poke|p1|Iron Moth|
|poke|p1|Zapdos|
|poke|p1|Great Tusk|
|poke|p2|Samurott-Hisui, F|
|poke|p2|Corviknight, F|
|poke|p2|Dragapult, M|
|poke|p2|Gholdengo|
|poke|p2|Zamazenta-*|
|poke|p2|Ogerpon-Wellspring, F|
|teampreview
|
|t:|1760442798
|teamsize|p1|6
|teamsize|p2|6
|start
|switch|p1a: Samurott|Samurott-Hisui, M, shiny|100/100
|switch|p2a: Samurott|Samurott-Hisui, F|100/100
|turn|1
|
|t:|1760442813
|move|p2a: Samurott|Ceaseless Edge|p1a: Samurott|[miss]
|-miss|p2a: Samurott|p1a: Samurott
|move|p1a: Samurott|Swords Dance|p1a: Samurott
|-boost|p1a: Samurott|atk|2
|
|upkeep
|turn|2
|
|t:|1760442819
|move|p2a: Samurott|Ceaseless Edge|p1a: Samurott
|-resisted|p1a: Samurott
|-damage|p1a: Samurott|71/100
|-sidestart|p1: doudou23509|Spikes
|move|p1a: Samurott|Ceaseless Edge|p2a: Samurott
|-resisted|p2a: Samurott
|-damage|p2a: Samurott|48/100
|-sidestart|p2: TUUuRBOGRANNY|Spikes
|
|upkeep
|turn|3
|
|t:|1760442832
|move|p1a: Samurott|Ceaseless Edge|p2a: Samurott
|-resisted|p2a: Samurott
|-damage|p2a: Samurott|0 fnt
|-sidestart|p2: TUUuRBOGRANNY|Spikes
|faint|p2a: Samurott
|
|upkeep
|
|t:|1760442837
|switch|p2a: Zamazenta|Zamazenta|100/100
|-damage|p2a: Zamazenta|84/100|[from] Spikes
|-ability|p2a: Zamazenta|Dauntless Shield|boost
|-boost|p2a: Zamazenta|def|1
|turn|4
|
|t:|1760442844
|move|p2a: Zamazenta|Iron Defense|p2a: Zamazenta
|-boost|p2a: Zamazenta|def|2
|move|p1a: Samurott|Razor Shell|p2a: Zamazenta
|-damage|p2a: Zamazenta|61/100
|
|-heal|p2a: Zamazenta|67/100|[from] item: Leftovers
|upkeep
|turn|5
|
|t:|1760442853
|switch|p1a: Zapdos|Zapdos, shiny|100/100
|move|p2a: Zamazenta|Substitute|p2a: Zamazenta
|-start|p2a: Zamazenta|Substitute
|-damage|p2a: Zamazenta|42/100
|
|-heal|p2a: Zamazenta|48/100|[from] item: Leftovers
|upkeep
|turn|6
|
|t:|1760442861
|move|p2a: Zamazenta|Body Press|p1a: Zapdos
|-resisted|p1a: Zapdos
|-damage|p1a: Zapdos|65/100
|-status|p2a: Zamazenta|par|[from] ability: Static|[of] p1a: Zapdos
|move|p1a: Zapdos|Discharge|p2a: Zamazenta
|-crit|p2a: Zamazenta
|-end|p2a: Zamazenta|Substitute
|
|-heal|p2a: Zamazenta|54/100 par|[from] item: Leftovers
|upkeep
|turn|7
|
|t:|1760442871
|move|p1a: Zapdos|Hurricane|p2a: Zamazenta
|-supereffective|p2a: Zamazenta
|-damage|p2a: Zamazenta|0 fnt
|faint|p2a: Zamazenta
|
|upkeep
|
|t:|1760442893
|switch|p2a: Gholdengo|Gholdengo|100/100
|-item|p2a: Gholdengo|Air Balloon
|turn|8
|
|t:|1760442920
|move|p2a: Gholdengo|Nasty Plot|p2a: Gholdengo
|-boost|p2a: Gholdengo|spa|2
|move|p1a: Zapdos|Heat Wave|p2a: Gholdengo
|-supereffective|p2a: Gholdengo
|-damage|p2a: Gholdengo|40/100
|-enditem|p2a: Gholdengo|Air Balloon
|
|upkeep
|turn|9
|
|t:|1760442935
|move|p2a: Gholdengo|Shadow Ball|p1a: Zapdos
|-damage|p1a: Zapdos|0 fnt
|faint|p1a: Zapdos
|
|upkeep
|
|t:|1760442944
|switch|p1a: Samurott|Samurott-Hisui, M, shiny|71/100
|turn|10
|
|t:|1760442958
|switch|p2a: Corviknight|Corviknight, F|100/100
|-ability|p2a: Corviknight|Pressure
|move|p1a: Samurott|Ceaseless Edge|p2a: Corviknight
|-damage|p2a: Corviknight|62/100
|-sidestart|p2: TUUuRBOGRANNY|Spikes
|
|-heal|p2a: Corviknight|68/100|[from] item: Leftovers
|upkeep
|turn|11
|
|t:|1760442969
|move|p1a: Samurott|Swords Dance|p1a: Samurott
|-boost|p1a: Samurott|atk|2
|move|p2a: Corviknight|Defog|p1a: Samurott
|-unboost|p1a: Samurott|evasion|1
|-sideend|p1: doudou23509|Spikes|[from] move: Defog|[of] p2a: Corviknight
|-sideend|p2: TUUuRBOGRANNY|Spikes|[from] move: Defog|[of] p2a: Corviknight
|
|-heal|p2a: Corviknight|74/100|[from] item: Leftovers
|upkeep
|turn|12
|
|t:|1760442979
|move|p1a: Samurott|Encore|p2a: Corviknight
|-start|p2a: Corviknight|Encore
|move|p2a: Corviknight|Defog|p1a: Samurott
|-unboost|p1a: Samurott|evasion|1
|
|-heal|p2a: Corviknight|80/100|[from] item: Leftovers
|upkeep
|turn|13
|
|t:|1760442990
|move|p1a: Samurott|Ceaseless Edge|p2a: Corviknight|[miss]
|-miss|p1a: Samurott|p2a: Corviknight
|move|p2a: Corviknight|Defog|p1a: Samurott
|-unboost|p1a: Samurott|evasion|1
|
|-heal|p2a: Corviknight|86/100|[from] item: Leftovers
|upkeep
|turn|14
|
|t:|1760442997
|move|p1a: Samurott|Ceaseless Edge|p2a: Corviknight
|-damage|p2a: Corviknight|9/100
|-sidestart|p2: TUUuRBOGRANNY|Spikes
|move|p2a: Corviknight|Defog|p1a: Samurott
|-unboost|p1a: Samurott|evasion|1
|-sideend|p2: TUUuRBOGRANNY|Spikes|[from] move: Defog|[of] p2a: Corviknight
|
|-heal|p2a: Corviknight|15/100|[from] item: Leftovers
|-end|p2a: Corviknight|Encore
|upkeep
|turn|15
|
|t:|1760443006
|move|p1a: Samurott|Ceaseless Edge|p2a: Corviknight
|-damage|p2a: Corviknight|0 fnt
|-sidestart|p2: TUUuRBOGRANNY|Spikes
|faint|p2a: Corviknight
|
|upkeep
|
|t:|1760443011
|switch|p2a: Ogerpon|Ogerpon-Wellspring, F|100/100
|-damage|p2a: Ogerpon|88/100|[from] Spikes
|turn|16
|
|t:|1760443030
|move|p2a: Ogerpon|U-turn|p1a: Samurott
|-supereffective|p1a: Samurott
|-damage|p1a: Samurott|5/100
|
|t:|1760443036
|switch|p2a: Dragapult|Dragapult, M|100/100|[from] U-turn
|-damage|p2a: Dragapult|88/100|[from] Spikes
|move|p1a: Samurott|Ceaseless Edge|p2a: Dragapult|[miss]
|-miss|p1a: Samurott|p2a: Dragapult
|
|upkeep
|turn|17
|
|t:|1760443053
|move|p2a: Dragapult|Shadow Ball|p1a: Samurott
|-resisted|p1a: Samurott
|-damage|p1a: Samurott|0 fnt
|faint|p1a: Samurott
|
|upkeep
|
|t:|1760443074
|switch|p1a: Iron Valiant|Iron Valiant, shiny|100/100
|-enditem|p1a: Iron Valiant|Booster Energy
|-activate|p1a: Iron Valiant|ability: Quark Drive|[fromitem]
|-start|p1a: Iron Valiant|quarkdrivespe
|turn|18
|
|t:|1760443083
|-terastallize|p1a: Iron Valiant|Dark
|move|p1a: Iron Valiant|Swords Dance|p1a: Iron Valiant
|-boost|p1a: Iron Valiant|atk|2
|move|p2a: Dragapult|Shadow Ball|p1a: Iron Valiant
|-resisted|p1a: Iron Valiant
|-damage|p1a: Iron Valiant|51/100
|
|upkeep
|turn|19
|
|t:|1760443091
|move|p1a: Iron Valiant|Knock Off|p2a: Dragapult
|-supereffective|p2a: Dragapult
|-damage|p2a: Dragapult|0 fnt
|-enditem|p2a: Dragapult|Choice Specs|[from] move: Knock Off|[of] p1a: Iron Valiant
|faint|p2a: Dragapult
|
|upkeep
|
|t:|1760443097
|switch|p2a: Ogerpon|Ogerpon-Wellspring, F|88/100
|-damage|p2a: Ogerpon|76/100|[from] Spikes
|turn|20
|
|t:|1760443101
|-terastallize|p2a: Ogerpon|Water
|detailschange|p2a: Ogerpon|Ogerpon-Wellspring-Tera, F, tera:Water
|-ability|p2a: Ogerpon|Embody Aspect (Wellspring)|boost
|-boost|p2a: Ogerpon|spd|1
|move|p1a: Iron Valiant|Knock Off|p2a: Ogerpon
|-damage|p2a: Ogerpon|0 fnt
|faint|p2a: Ogerpon
|detailschange|p2: Ogerpon|Ogerpon-Wellspring, F|[silent]
|
|upkeep
|
|t:|1760443108
|switch|p2a: Gholdengo|Gholdengo|40/100
|-damage|p2a: Gholdengo|27/100|[from] Spikes
|turn|21
|
|t:|1760443127
|move|p1a: Iron Valiant|Knock Off|p2a: Gholdengo
|-supereffective|p2a: Gholdengo
|-damage|p2a: Gholdengo|0 fnt
|faint|p2a: Gholdengo
|
|win|doudou23509
|raw|doudou23509's rating: 1233 &rarr; <strong>1264</strong><br />(+31 for winning)
|raw|TUUuRBOGRANNY's rating: 1319 &rarr; <strong>1294</strong><br />(-25 for losing)
|c|☆doudou23509|accept your fate
|l|☆TUUuRBOGRANNY
|player|p2|
