|j|☆Buhf Luxray
|j|☆Burrahobbit
|t:|1760329760
|gametype|singles
|player|p1|Buhf Luxray|policeman-gen4|1286
|player|p2|Burrahobbit|169|1385
|gen|9
|tier|[Gen 9] OU
|rated|
|rule|HP Percentage Mod: HP is shown in percentages
|rule|Endless Battle Clause: Forcing endless battles is banned
|rule|Species Clause: Limit one of each Pokémon
|rule|OHKO Clause: OHKO moves are banned
|rule|Evasion Items Clause: Evasion items are banned
|rule|Evasion Moves Clause: Evasion moves are banned
|rule|Evasion Abilities Clause: Evasion abilities are banned
|rule|Sleep Moves Clause: Sleep-inducing moves are banned
|clearpoke
|poke|p1|Serperior, M|
|poke|p1|Okidogi, M|
|poke|p1|Corviknight, M|
|poke|p1|Ogerpon-Wellspring, F|
|poke|p1|Hoopa-Unbound|
|poke|p1|Magnezone|
|poke|p2|Blaziken, F|
|poke|p2|Torkoal, F|
|poke|p2|Walking Wake|
|poke|p2|Hatterene, F|
|poke|p2|Raging Bolt|
|poke|p2|Great Tusk|
|teampreview
|
|t:|1760329778
|teamsize|p1|6
|teamsize|p2|6
|start
|switch|p1a: Hoopa|Hoopa-Unbound|100/100
|switch|p2a: Torkoal|Torkoal, F|100/100
|-weather|SunnyDay|[from] ability: Drought|[of] p2a: Torkoal
|turn|1
|
|t:|1760329788
|move|p1a: Hoopa|Knock Off|p2a: Torkoal
|-damage|p2a: Torkoal|70/100
|-enditem|p2a: Torkoal|Heat Rock|[from] move: Knock Off|[of] p1a: Hoopa
|move|p2a: Torkoal|Stealth Rock|p1a: Hoopa
|-sidestart|p1: Buhf Luxray|move: Stealth Rock
|
|-weather|SunnyDay|[upkeep]
|upkeep
|turn|2
|
|t:|1760329813
|move|p1a: Hoopa|Zen Headbutt|p2a: Torkoal
|-damage|p2a: Torkoal|45/100
|move|p2a: Torkoal|Will-O-Wisp|p1a: Hoopa
|-status|p1a: Hoopa|brn
|
|-weather|SunnyDay|[upkeep]
|-damage|p1a: Hoopa|94/100 brn|[from] brn
|upkeep
|turn|3
|
|t:|1760329846
|switch|p2a: Walking Wake|Walking Wake|100/100
|-activate|p2a: Walking Wake|ability: Protosynthesis
|-start|p2a: Walking Wake|protosynthesisspe
|move|p1a: Hoopa|Zen Headbutt|p2a: Walking Wake
|-damage|p2a: Walking Wake|77/100
|
|-weather|SunnyDay|[upkeep]
|-damage|p1a: Hoopa|88/100 brn|[from] brn
|upkeep
|turn|4
|
|t:|1760329858
|move|p2a: Walking Wake|Draco Meteor|p1a: Hoopa
|-damage|p1a: Hoopa|49/100 brn
|-unboost|p2a: Walking Wake|spa|2
|move|p1a: Hoopa|Knock Off|p2a: Walking Wake
|-damage|p2a: Walking Wake|44/100
|-enditem|p2a: Walking Wake|Choice Specs|[from] move: Knock Off|[of] p1a: Hoopa
|
|-weather|SunnyDay|[upkeep]
|-damage|p1a: Hoopa|43/100 brn|[from] brn
|upkeep
|turn|5
|
|t:|1760329890
|switch|p1a: Serperior|Serperior, M|100/100
|-damage|p1a: Serperior|88/100|[from] Stealth Rock
|move|p2a: Walking Wake|Hydro Steam|p1a: Serperior
|-resisted|p1a: Serperior
|-damage|p1a: Serperior|74/100
|
|-weather|SunnyDay|[upkeep]
|-heal|p1a: Serperior|80/100|[from] item: Leftovers
|upkeep
|turn|6
|
|t:|1760329911
|-end|p2a: Walking Wake|Protosynthesis|[silent]
|switch|p2a: Hatterene|Hatterene, F|100/100
|move|p1a: Serperior|Glare|p2a: Hatterene
|move|p2a: Hatterene|Glare|p1a: Serperior|[from] ability: Magic Bounce
|-status|p1a: Serperior|par
|
|-weather|SunnyDay|[upkeep]
|-heal|p1a: Serperior|86/100 par|[from] item: Leftovers
|upkeep
|turn|7
|
|t:|1760329923
|switch|p1a: Corviknight|Corviknight, M|100/100
|-damage|p1a: Corviknight|88/100|[from] Stealth Rock
|move|p2a: Hatterene|Mystical Fire|p1a: Corviknight
|-supereffective|p1a: Corviknight
|-damage|p1a: Corviknight|7/100
|-ability|p1a: Corviknight|Mirror Armor
|-unboost|p2a: Hatterene|spa|1
|
|-weather|SunnyDay|[upkeep]
|upkeep
|turn|8
|
|t:|1760329936
|move|p1a: Corviknight|Defog|p2a: Hatterene
|move|p2a: Hatterene|Defog|p1a: Corviknight|[from] ability: Magic Bounce
|-ability|p1a: Corviknight|Mirror Armor
|-unboost|p2a: Hatterene|evasion|1
|-sideend|p1: Buhf Luxray|Stealth Rock|[from] move: Defog|[of] p2a: Hatterene
|move|p2a: Hatterene|Mystical Fire|p1a: Corviknight
|-supereffective|p1a: Corviknight
|-damage|p1a: Corviknight|0 fnt
|faint|p1a: Corviknight
|
|-weather|none
|upkeep
|
|t:|1760329952
|switch|p1a: Magnezone|Magnezone|100/100
|turn|9
|
|t:|1760329959
|switch|p2a: Torkoal|Torkoal, F|45/100
|-weather|SunnyDay|[from] ability: Drought|[of] p2a: Torkoal
|move|p1a: Magnezone|Flash Cannon|p2a: Torkoal
|-resisted|p2a: Torkoal
|-damage|p2a: Torkoal|0 fnt
|faint|p2a: Torkoal
|
|-weather|SunnyDay|[upkeep]
|upkeep
|
|t:|1760329966
|switch|p2a: Raging Bolt|Raging Bolt|100/100
|-activate|p2a: Raging Bolt|ability: Protosynthesis
|-start|p2a: Raging Bolt|protosynthesisspa
|turn|10
|
|t:|1760329975
|switch|p1a: Hoopa|Hoopa-Unbound|43/100 brn
|move|p2a: Raging Bolt|Calm Mind|p2a: Raging Bolt
|-boost|p2a: Raging Bolt|spa|1
|-boost|p2a: Raging Bolt|spd|1
|
|-weather|SunnyDay|[upkeep]
|-damage|p1a: Hoopa|37/100 brn|[from] brn
|upkeep
|turn|11
|
|t:|1760329986
|move|p2a: Raging Bolt|Thunderbolt|p1a: Hoopa
|-damage|p1a: Hoopa|0 fnt
|faint|p1a: Hoopa
|
|-weather|SunnyDay|[upkeep]
|upkeep
|
|t:|1760330010
|switch|p1a: Magnezone|Magnezone|100/100
|turn|12
|
|t:|1760330033
|-terastallize|p1a: Magnezone|Ice
|move|p2a: Raging Bolt|Calm Mind|p2a: Raging Bolt
|-boost|p2a: Raging Bolt|spa|1
|-boost|p2a: Raging Bolt|spd|1
|move|p1a: Magnezone|Tera Blast|p2a: Raging Bolt|[anim] Tera Blast Ice
|-supereffective|p2a: Raging Bolt
|-damage|p2a: Raging Bolt|19/100
|
|-weather|SunnyDay|[upkeep]
|-heal|p2a: Raging Bolt|25/100|[from] item: Leftovers
|upkeep
|turn|13
|
|t:|1760330060
|switch|p1a: Okidogi|Okidogi, M|100/100
|move|p2a: Raging Bolt|Dragon Pulse|p1a: Okidogi
|-damage|p1a: Okidogi|0 fnt
|faint|p1a: Okidogi
|
|-weather|none
|-end|p2a: Raging Bolt|Protosynthesis
|-heal|p2a: Raging Bolt|31/100|[from] item: Leftovers
|upkeep
|
|t:|1760330069
|switch|p1a: Magnezone|Magnezone, tera:Ice|100/100
|turn|14
|
|t:|1760330073
|move|p2a: Raging Bolt|Dragon Pulse|p1a: Magnezone
|-damage|p1a: Magnezone|0 fnt
|faint|p1a: Magnezone
|
|-heal|p2a: Raging Bolt|38/100|[from] item: Leftovers
|upkeep
|
|t:|1760330084
|switch|p1a: Ogerpon|Ogerpon-Wellspring, F|100/100
|turn|15
|
|t:|1760330097
|move|p1a: Ogerpon|Play Rough|p2a: Raging Bolt
|-supereffective|p2a: Raging Bolt
|-damage|p2a: Raging Bolt|0 fnt
|faint|p2a: Raging Bolt
|-end|p2a: Raging Bolt|Protosynthesis|[silent]
|
|upkeep
|
|t:|1760330117
|switch|p2a: Hatterene|Hatterene, F|100/100
|turn|16
|
|t:|1760330125
|switch|p1a: Serperior|Serperior, M|86/100 par
|move|p2a: Hatterene|Nuzzle|p1a: Serperior
|-resisted|p1a: Serperior
|-damage|p1a: Serperior|84/100 par
|
|-heal|p1a: Serperior|91/100 par|[from] item: Leftovers
|upkeep
|turn|17
|
|t:|1760330133
|switch|p2a: Blaziken|Blaziken, F|100/100
|move|p1a: Serperior|Substitute|p1a: Serperior
|-start|p1a: Serperior|Substitute
|-damage|p1a: Serperior|66/100 par
|
|-heal|p1a: Serperior|72/100 par|[from] item: Leftovers
|upkeep
|turn|18
|
|t:|1760330143
|move|p2a: Blaziken|Flare Blitz|p1a: Serperior
|-supereffective|p1a: Serperior
|-end|p1a: Serperior|Substitute
|-damage|p2a: Blaziken|91/100|[from] Recoil|[of] p1a: Serperior
|move|p1a: Serperior|Glare|p2a: Blaziken
|-status|p2a: Blaziken|par
|
|-heal|p1a: Serperior|78/100 par|[from] item: Leftovers
|-heal|p2a: Blaziken|97/100 par|[from] item: Leftovers
|-ability|p2a: Blaziken|Speed Boost|boost
|-boost|p2a: Blaziken|spe|1
|upkeep
|turn|19
|
|t:|1760330156
|move|p2a: Blaziken|Flare Blitz|p1a: Serperior
|-supereffective|p1a: Serperior
|-damage|p1a: Serperior|0 fnt
|faint|p1a: Serperior
|-damage|p2a: Blaziken|67/100 par|[from] Recoil
|
|-heal|p2a: Blaziken|73/100 par|[from] item: Leftovers
|-ability|p2a: Blaziken|Speed Boost|boost
|-boost|p2a: Blaziken|spe|1
|upkeep
|
|t:|1760330164
|switch|p1a: Ogerpon|Ogerpon-Wellspring, F|100/100
|turn|20
|
|t:|1760330172
|move|p1a: Ogerpon|Swords Dance|p1a: Ogerpon
|-boost|p1a: Ogerpon|atk|2
|move|p2a: Blaziken|Close Combat|p1a: Ogerpon
|-damage|p1a: Ogerpon|15/100
|-unboost|p2a: Blaziken|def|1
|-unboost|p2a: Blaziken|spd|1
|
|-heal|p2a: Blaziken|79/100 par|[from] item: Leftovers
|-ability|p2a: Blaziken|Speed Boost|boost
|-boost|p2a: Blaziken|spe|1
|upkeep
|turn|21
|
|t:|1760330184
|move|p1a: Ogerpon|Ivy Cudgel|p2a: Blaziken|[anim] Ivy Cudgel Water
|-supereffective|p2a: Blaziken
|-damage|p2a: Blaziken|0 fnt
|faint|p2a: Blaziken
|
|upkeep
|
|t:|1760330186
|switch|p2a: Great Tusk|Great Tusk|100/100
|turn|22
|
|t:|1760330190
|move|p2a: Great Tusk|Close Combat|p1a: Ogerpon
|-damage|p1a: Ogerpon|0 fnt
|-unboost|p2a: Great Tusk|def|1
|-unboost|p2a: Great Tusk|spd|1
|faint|p1a: Ogerpon
|
|win|Burrahobbit
|raw|Buhf Luxray's rating: 1286 &rarr; <strong>1268</strong><br />(-18 for losing)
|raw|Burrahobbit's rating: 1385 &rarr; <strong>1399</strong><br />(+14 for winning)
|l|☆Buhf Luxray
|player|p1|
|l|☆Burrahobbit
|player|p2|
