|j|☆YumeKasumi76
|j|☆GoComedy
|t:|1760379727
|gametype|singles
|player|p1|YumeKasumi76|265|1303
|player|p2|GoComedy|102|1299
|gen|9
|tier|[Gen 9] OU
|rated|
|rule|HP Percentage Mod: HP is shown in percentages
|rule|Endless Battle Clause: Forcing endless battles is banned
|rule|Species Clause: Limit one of each Pokémon
|rule|OHKO Clause: OHKO moves are banned
|rule|Evasion Items Clause: Evasion items are banned
|rule|Evasion Moves Clause: Evasion moves are banned
|rule|Evasion Abilities Clause: Evasion abilities are banned
|rule|Sleep Moves Clause: Sleep-inducing moves are banned
|clearpoke
|poke|p1|Heracross, M|
|poke|p1|Latias, F|
|poke|p1|Honchkrow, M|
|poke|p1|Heatran, M|
|poke|p1|Brambleghast, M|
|poke|p1|Suicune|
|poke|p2|Weavile, F|
|poke|p2|Kyurem|
|poke|p2|Heatran, M|
|poke|p2|Rillaboom, M|
|poke|p2|Slowking-Galar, F|
|poke|p2|Corviknight, F|
|teampreview
|inactive|Battle timer is ON: inactive players will automatically lose when time's up. (requested by YumeKasumi76)
|
|t:|1760379741
|teamsize|p1|6
|teamsize|p2|6
|start
|switch|p1a: SogiitaGunha|Heracross, M|100/100
|switch|p2a: Kyurem|Kyurem|100/100
|-ability|p2a: Kyurem|Pressure
|turn|1
|
|t:|1760379748
|move|p2a: Kyurem|Draco Meteor|p1a: SogiitaGunha
|-damage|p1a: SogiitaGunha|0 fnt
|-unboost|p2a: Kyurem|spa|2
|faint|p1a: SogiitaGunha
|
|upkeep
|
|t:|1760379754
|switch|p1a: Shinetori|Honchkrow, M|100/100
|turn|2
|
|t:|1760379761
|switch|p2a: Corviknight|Corviknight, F|100/100
|-ability|p2a: Corviknight|Pressure
|move|p1a: Shinetori|Tailwind|p1a: Shinetori
|-sidestart|p1: YumeKasumi76|move: Tailwind
|
|upkeep
|turn|3
|
|t:|1760379767
|move|p1a: Shinetori|Heat Wave|p2a: Corviknight
|-supereffective|p2a: Corviknight
|-damage|p2a: Corviknight|46/100
|-damage|p1a: Shinetori|91/100|[from] item: Life Orb
|move|p2a: Corviknight|U-turn|p1a: Shinetori
|-damage|p1a: Shinetori|64/100
|
|t:|1760379769
|switch|p2a: Heatran|Heatran, M|100/100|[from] U-turn
|
|upkeep
|turn|4
|
|t:|1760379780
|switch|p1a: Purifier|Suicune|100/100
|-ability|p1a: Purifier|Pressure
|move|p2a: Heatran|Stealth Rock|p1a: Purifier
|-sidestart|p1: YumeKasumi76|move: Stealth Rock
|
|upkeep
|turn|5
|
|t:|1760379786
|switch|p1a: BigKusa|Brambleghast, M|100/100
|-ability|p1a: BigKusa|Wind Rider|boost
|-boost|p1a: BigKusa|atk|1
|move|p2a: Heatran|Taunt|p1a: BigKusa
|-start|p1a: BigKusa|move: Taunt
|
|-sideend|p1: YumeKasumi76|move: Tailwind
|upkeep
|turn|6
|
|t:|1760379797
|-terastallize|p1a: BigKusa|Fire
|move|p1a: BigKusa|Rapid Spin|p2a: Heatran
|-resisted|p2a: Heatran
|-damage|p2a: Heatran|89/100
|-boost|p1a: BigKusa|spe|1
|-sideend|p1: YumeKasumi76|Stealth Rock|[from] move: Rapid Spin|[of] p1a: BigKusa
|move|p2a: Heatran|Magma Storm|p1a: BigKusa|[miss]
|-miss|p2a: Heatran|p1a: BigKusa
|
|-heal|p2a: Heatran|95/100|[from] item: Leftovers
|upkeep
|turn|7
|
|t:|1760379808
|move|p1a: BigKusa|Poltergeist|p2a: Heatran
|-activate|p2a: Heatran|move: Poltergeist|Leftovers
|-damage|p2a: Heatran|24/100
|move|p2a: Heatran|Taunt||[still]
|-fail|p2a: Heatran
|
|-heal|p2a: Heatran|31/100|[from] item: Leftovers
|-end|p1a: BigKusa|move: Taunt
|upkeep
|turn|8
|
|t:|1760379819
|move|p1a: BigKusa|Rapid Spin|p2a: Heatran
|-resisted|p2a: Heatran
|-damage|p2a: Heatran|20/100
|-boost|p1a: BigKusa|spe|1
|move|p2a: Heatran|Earth Power|p1a: BigKusa
|-supereffective|p1a: BigKusa
|-damage|p1a: BigKusa|14/100
|
|-heal|p2a: Heatran|26/100|[from] item: Leftovers
|upkeep
|turn|9
|
|t:|1760379826
|move|p1a: BigKusa|Poltergeist|p2a: Heatran
|-activate|p2a: Heatran|move: Poltergeist|Leftovers
|-damage|p2a: Heatran|0 fnt
|faint|p2a: Heatran
|
|upkeep
|
|t:|1760379827
|switch|p2a: Weavile|Weavile, F|100/100
|-ability|p2a: Weavile|Pressure
|turn|10
|
|t:|1760379831
|move|p2a: Weavile|Ice Shard|p1a: BigKusa
|-resisted|p1a: BigKusa
|-damage|p1a: BigKusa|0 fnt
|faint|p1a: BigKusa
|-damage|p2a: Weavile|91/100|[from] item: Life Orb
|
|upkeep
|
|t:|1760379835
|switch|p1a: Purifier|Suicune|100/100
|-ability|p1a: Purifier|Pressure
|turn|11
|
|t:|1760379848
|switch|p2a: Rillaboom|Rillaboom, M|100/100
|-fieldstart|move: Grassy Terrain|[from] ability: Grassy Surge|[of] p2a: Rillaboom
|switch|p1a: Shinetori|Honchkrow, M|64/100
|
|upkeep
|turn|12
|
|t:|1760379863
|move|p2a: Rillaboom|Wood Hammer|p1a: Shinetori
|-resisted|p1a: Shinetori
|-damage|p1a: Shinetori|0 fnt
|faint|p1a: Shinetori
|-damage|p2a: Rillaboom|79/100|[from] Recoil
|
|-heal|p2a: Rillaboom|86/100|[from] Grassy Terrain
|upkeep
|
|t:|1760379866
|switch|p1a: MapoTofu|Heatran, M|100/100
|turn|13
|
|t:|1760379869
|switch|p2a: Slowking|Slowking-Galar, F|100/100
|move|p1a: MapoTofu|Magma Storm|p2a: Slowking
|-damage|p2a: Slowking|77/100
|-activate|p2a: Slowking|move: Magma Storm|[of] p1a: MapoTofu
|
|-heal|p2a: Slowking|83/100|[from] Grassy Terrain
|-damage|p2a: Slowking|71/100|[from] move: Magma Storm|[partiallytrapped]
|upkeep
|turn|14
|
|t:|1760379877
|move|p1a: MapoTofu|Taunt|p2a: Slowking
|-start|p2a: Slowking|move: Taunt
|-prepare|p2a: Slowking|Chilly Reception|[premajor]
|cant|p2a: Slowking|move: Taunt|Chilly Reception
|
|-heal|p2a: Slowking|77/100|[from] Grassy Terrain
|-damage|p2a: Slowking|64/100|[from] move: Magma Storm|[partiallytrapped]
|upkeep
|turn|15
|
|t:|1760379880
|move|p1a: MapoTofu|Stealth Rock|p2a: Slowking
|-sidestart|p2: GoComedy|move: Stealth Rock
|move|p2a: Slowking|Future Sight|p1a: MapoTofu
|-start|p2a: Slowking|move: Future Sight
|
|-heal|p2a: Slowking|70/100|[from] Grassy Terrain
|-damage|p2a: Slowking|58/100|[from] move: Magma Storm|[partiallytrapped]
|-fieldend|move: Grassy Terrain
|upkeep
|turn|16
|
|t:|1760379885
|move|p1a: MapoTofu|Magma Storm|p2a: Slowking
|-damage|p2a: Slowking|33/100
|move|p2a: Slowking|Sludge Bomb|p1a: MapoTofu
|-immune|p1a: MapoTofu
|
|-damage|p2a: Slowking|21/100|[from] move: Magma Storm|[partiallytrapped]
|-end|p2a: Slowking|move: Taunt
|upkeep
|turn|17
|
|t:|1760379893
|move|p1a: MapoTofu|Taunt|p2a: Slowking
|-start|p2a: Slowking|move: Taunt
|-prepare|p2a: Slowking|Chilly Reception|[premajor]
|cant|p2a: Slowking|move: Taunt|Chilly Reception
|
|-end|p1a: MapoTofu|move: Future Sight
|-resisted|p1a: MapoTofu
|-damage|p1a: MapoTofu|83/100
|-heal|p1a: MapoTofu|90/100|[from] item: Leftovers
|-end|p2a: Slowking|Magma Storm|[partiallytrapped]
|upkeep
|turn|18
|
|t:|1760379899
|switch|p2a: Corviknight|Corviknight, F|46/100
|-damage|p2a: Corviknight|34/100|[from] Stealth Rock
|-ability|p2a: Corviknight|Pressure
|move|p1a: MapoTofu|Magma Storm|p2a: Corviknight
|-supereffective|p2a: Corviknight
|-damage|p2a: Corviknight|0 fnt
|faint|p2a: Corviknight
|
|-heal|p1a: MapoTofu|96/100|[from] item: Leftovers
|upkeep
|
|t:|1760379911
|switch|p2a: Kyurem|Kyurem|100/100
|-damage|p2a: Kyurem|76/100|[from] Stealth Rock
|-ability|p2a: Kyurem|Pressure
|turn|19
|
|t:|1760379916
|switch|p1a: Bianca|Latias, F|100/100
|move|p2a: Kyurem|Earth Power|p1a: Bianca
|-immune|p1a: Bianca|[from] ability: Levitate
|
|upkeep
|turn|20
|
|t:|1760379923
|switch|p2a: Rillaboom|Rillaboom, M|86/100
|-damage|p2a: Rillaboom|73/100|[from] Stealth Rock
|-fieldstart|move: Grassy Terrain|[from] ability: Grassy Surge|[of] p2a: Rillaboom
|move|p1a: Bianca|Tailwind|p1a: Bianca
|-sidestart|p1: YumeKasumi76|move: Tailwind
|
|-heal|p2a: Rillaboom|79/100|[from] Grassy Terrain
|upkeep
|turn|21
|
|t:|1760379930
|move|p1a: Bianca|Draco Meteor|p2a: Rillaboom
|-damage|p2a: Rillaboom|14/100
|-unboost|p1a: Bianca|spa|2
|-enditem|p1a: Bianca|Eject Pack
|
|t:|1760379935
|switch|p1a: Purifier|Suicune|100/100
|-ability|p1a: Purifier|Pressure
|move|p2a: Rillaboom|U-turn|p1a: Purifier
|-damage|p1a: Purifier|78/100
|
|t:|1760379943
|switch|p2a: Weavile|Weavile, F|91/100|[from] U-turn
|-damage|p2a: Weavile|66/100|[from] Stealth Rock
|-ability|p2a: Weavile|Pressure
|
|-heal|p1a: Purifier|85/100|[from] Grassy Terrain
|-heal|p1a: Purifier|91/100|[from] item: Leftovers
|-heal|p2a: Weavile|72/100|[from] Grassy Terrain
|upkeep
|turn|22
|
|t:|1760379946
|move|p1a: Purifier|Scald|p2a: Weavile
|-damage|p2a: Weavile|34/100
|move|p2a: Weavile|Swords Dance|p2a: Weavile
|-boost|p2a: Weavile|atk|2
|
|-heal|p1a: Purifier|97/100|[from] Grassy Terrain
|-heal|p1a: Purifier|100/100|[from] item: Leftovers
|-heal|p2a: Weavile|40/100|[from] Grassy Terrain
|upkeep
|turn|23
|
|t:|1760379952
|move|p1a: Purifier|Scald|p2a: Weavile
|-damage|p2a: Weavile|4/100
|-status|p2a: Weavile|brn
|move|p2a: Weavile|Knock Off|p1a: Purifier
|-damage|p1a: Purifier|66/100
|-enditem|p1a: Purifier|Leftovers|[from] move: Knock Off|[of] p2a: Weavile
|-damage|p2a: Weavile|0 fnt|[from] item: Life Orb
|faint|p2a: Weavile
|
|-heal|p1a: Purifier|72/100|[from] Grassy Terrain
|-sideend|p1: YumeKasumi76|move: Tailwind
|upkeep
|
|t:|1760379960
|switch|p2a: Kyurem|Kyurem|76/100
|-damage|p2a: Kyurem|51/100|[from] Stealth Rock
|-ability|p2a: Kyurem|Pressure
|turn|24
|
|t:|1760379969
|move|p2a: Kyurem|Freeze-Dry|p1a: Purifier
|-supereffective|p1a: Purifier
|-damage|p1a: Purifier|0 fnt
|faint|p1a: Purifier
|
|-heal|p2a: Kyurem|57/100|[from] Grassy Terrain
|-fieldend|move: Grassy Terrain
|upkeep
|
|t:|1760379972
|switch|p1a: MapoTofu|Heatran, M|96/100
|turn|25
|
|t:|1760379978
|switch|p2a: Rillaboom|Rillaboom, M|14/100
|-damage|p2a: Rillaboom|2/100|[from] Stealth Rock
|-fieldstart|move: Grassy Terrain|[from] ability: Grassy Surge|[of] p2a: Rillaboom
|move|p1a: MapoTofu|Magma Storm|p2a: Rillaboom
|-supereffective|p2a: Rillaboom
|-damage|p2a: Rillaboom|0 fnt
|faint|p2a: Rillaboom
|
|-heal|p1a: MapoTofu|100/100|[from] Grassy Terrain
|upkeep
|
|t:|1760380000
|switch|p2a: Slowking|Slowking-Galar, F|54/100
|turn|26
|
|t:|1760380011
|switch|p2a: Kyurem|Kyurem|57/100
|-damage|p2a: Kyurem|32/100|[from] Stealth Rock
|-ability|p2a: Kyurem|Pressure
|move|p1a: MapoTofu|Taunt|p2a: Kyurem
|-start|p2a: Kyurem|move: Taunt
|
|-heal|p2a: Kyurem|38/100|[from] Grassy Terrain
|upkeep
|turn|27
|
|t:|1760380022
|switch|p1a: Bianca|Latias, F|100/100
|move|p2a: Kyurem|Ice Beam|p1a: Bianca
|-supereffective|p1a: Bianca
|-damage|p1a: Bianca|0 fnt
|faint|p1a: Bianca
|
|-heal|p2a: Kyurem|44/100|[from] Grassy Terrain
|upkeep
|
|t:|1760380023
|switch|p1a: MapoTofu|Heatran, M|100/100
|turn|28
|
|t:|1760380029
|switch|p2a: Slowking|Slowking-Galar, F|88/100
|move|p1a: MapoTofu|Magma Storm|p2a: Slowking
|-damage|p2a: Slowking|60/100
|-activate|p2a: Slowking|move: Magma Storm|[of] p1a: MapoTofu
|
|-heal|p2a: Slowking|66/100|[from] Grassy Terrain
|-damage|p2a: Slowking|54/100|[from] move: Magma Storm|[partiallytrapped]
|upkeep
|turn|29
|
|t:|1760380034
|move|p1a: MapoTofu|Taunt|p2a: Slowking
|-start|p2a: Slowking|move: Taunt
|move|p2a: Slowking|Future Sight|p1a: MapoTofu
|-start|p2a: Slowking|move: Future Sight
|
|-heal|p2a: Slowking|60/100|[from] Grassy Terrain
|-damage|p2a: Slowking|47/100|[from] move: Magma Storm|[partiallytrapped]
|-fieldend|move: Grassy Terrain
|upkeep
|turn|30
|
|t:|1760380038
|move|p1a: MapoTofu|Magma Storm|p2a: Slowking
|-damage|p2a: Slowking|21/100
|move|p2a: Slowking|Sludge Bomb|p1a: MapoTofu
|-immune|p1a: MapoTofu
|
|-damage|p2a: Slowking|9/100|[from] move: Magma Storm|[partiallytrapped]
|upkeep
|turn|31
|
|t:|1760380042
|move|p1a: MapoTofu|Magma Storm|p2a: Slowking
|-damage|p2a: Slowking|0 fnt
|faint|p2a: Slowking
|
|-end|p1a: MapoTofu|move: Future Sight
|-resisted|p1a: MapoTofu
|-damage|p1a: MapoTofu|84/100
|-heal|p1a: MapoTofu|91/100|[from] item: Leftovers
|upkeep
|
|t:|1760380043
|switch|p2a: Kyurem|Kyurem|44/100
|-damage|p2a: Kyurem|20/100|[from] Stealth Rock
|-ability|p2a: Kyurem|Pressure
|turn|32
|
|t:|1760380049
|move|p2a: Kyurem|Earth Power|p1a: MapoTofu
|-supereffective|p1a: MapoTofu
|-damage|p1a: MapoTofu|0 fnt
|faint|p1a: MapoTofu
|
|win|GoComedy
|raw|YumeKasumi76's rating: 1303 &rarr; <strong>1283</strong><br />(-20 for losing)
|raw|GoComedy's rating: 1299 &rarr; <strong>1324</strong><br />(+25 for winning)
|l|☆YumeKasumi76
|player|p1|
|l|☆GoComedy
|player|p2|
