|j|☆bigredsword
|j|☆310YM4N74N3R0
|t:|1760328025
|gametype|singles
|player|p1|bigredsword|acetrainer-gen4|1512
|player|p2|310YM4N74N3R0|pokemonrangerf|1553
|gen|9
|tier|[Gen 9] OU
|rated|
|rule|HP Percentage Mod: HP is shown in percentages
|rule|Endless Battle Clause: Forcing endless battles is banned
|rule|Species Clause: Limit one of each Pokémon
|rule|OHKO Clause: OHKO moves are banned
|rule|Evasion Items Clause: Evasion items are banned
|rule|Evasion Moves Clause: Evasion moves are banned
|rule|Evasion Abilities Clause: Evasion abilities are banned
|rule|Sleep Moves Clause: Sleep-inducing moves are banned
|clearpoke
|poke|p1|Dondozo, M|
|poke|p1|Blissey, F|
|poke|p1|Corviknight, M|
|poke|p1|Weezing-Galar, M|
|poke|p1|Gliscor, F|
|poke|p1|Toxapex, F|
|poke|p2|Yanmega, F|
|poke|p2|Indeedee, M|
|poke|p2|Rillaboom, F|
|poke|p2|Blaziken, M|
|poke|p2|Blastoise, M|
|poke|p2|Tyranitar, F|
|teampreview
|
|t:|1760328052
|teamsize|p1|6
|teamsize|p2|6
|start
|switch|p1a: Gliscor|Gliscor, F|100/100
|switch|p2a: Indeedee|Indeedee, M|100/100
|-fieldstart|move: Psychic Terrain|[from] ability: Psychic Surge|[of] p2a: Indeedee
|turn|1
|inactive|Battle timer is ON: inactive players will automatically lose when time's up. (requested by 310YM4N74N3R0)
|
|t:|1760328069
|move|p2a: Indeedee|Expanding Force|p1a: Gliscor
|-damage|p1a: Gliscor|31/100
|move|p1a: Gliscor|Knock Off|p2a: Indeedee
|-supereffective|p2a: Indeedee
|-damage|p2a: Indeedee|8/100
|-enditem|p2a: Indeedee|Choice Scarf|[from] move: Knock Off|[of] p1a: Gliscor
|
|-status|p1a: Gliscor|tox|[from] item: Toxic Orb
|upkeep
|turn|2
|
|t:|1760328076
|move|p1a: Gliscor|Protect|p1a: Gliscor
|-singleturn|p1a: Gliscor|Protect
|move|p2a: Indeedee|Expanding Force|p1a: Gliscor
|-activate|p1a: Gliscor|move: Protect
|
|-heal|p1a: Gliscor|43/100 tox|[from] ability: Poison Heal
|upkeep
|turn|3
|
|t:|1760328081
|switch|p1a: Blissey|Blissey, F|100/100
|move|p2a: Indeedee|Expanding Force|p1a: Blissey
|-damage|p1a: Blissey|77/100
|
|-heal|p1a: Blissey|83/100|[from] item: Leftovers
|upkeep
|turn|4
|
|t:|1760328090
|move|p2a: Indeedee|Trick|p1a: Blissey
|-activate|p2a: Indeedee|move: Trick|[of] p1a: Blissey
|-enditem|p1a: Blissey|Leftovers|[silent]|[from] move: Trick
|-item|p2a: Indeedee|Leftovers|[from] move: Trick
|move|p1a: Blissey|Stealth Rock|p2a: Indeedee
|-sidestart|p2: 310YM4N74N3R0|move: Stealth Rock
|
|-heal|p2a: Indeedee|14/100|[from] item: Leftovers
|upkeep
|turn|5
|
|t:|1760328113
|switch|p2a: Blaziken|Blaziken, M|100/100
|-damage|p2a: Blaziken|88/100|[from] Stealth Rock
|move|p1a: Blissey|Seismic Toss|p2a: Blaziken
|-damage|p2a: Blaziken|55/100
|
|-fieldend|move: Psychic Terrain
|upkeep
|turn|6
|
|t:|1760328124
|switch|p1a: Dondozo|Dondozo, M|100/100
|move|p2a: Blaziken|Close Combat|p1a: Dondozo
|-damage|p1a: Dondozo|73/100
|-unboost|p2a: Blaziken|def|1
|-unboost|p2a: Blaziken|spd|1
|
|-heal|p1a: Dondozo|80/100|[from] item: Leftovers
|-ability|p2a: Blaziken|Speed Boost|boost
|-boost|p2a: Blaziken|spe|1
|upkeep
|turn|7
|
|t:|1760328127
|move|p2a: Blaziken|Close Combat|p1a: Dondozo
|-damage|p1a: Dondozo|52/100
|-unboost|p2a: Blaziken|def|1
|-unboost|p2a: Blaziken|spd|1
|move|p1a: Dondozo|Body Press|p2a: Blaziken
|-damage|p2a: Blaziken|11/100
|
|-heal|p1a: Dondozo|58/100|[from] item: Leftovers
|-ability|p2a: Blaziken|Speed Boost|boost
|-boost|p2a: Blaziken|spe|1
|upkeep
|turn|8
|
|t:|1760328139
|move|p2a: Blaziken|Close Combat|p1a: Dondozo
|-damage|p1a: Dondozo|29/100
|-unboost|p2a: Blaziken|def|1
|-unboost|p2a: Blaziken|spd|1
|move|p1a: Dondozo|Rest|p1a: Dondozo
|-status|p1a: Dondozo|slp|[from] move: Rest
|-heal|p1a: Dondozo|100/100 slp|[silent]
|
|-ability|p2a: Blaziken|Speed Boost|boost
|-boost|p2a: Blaziken|spe|1
|upkeep
|turn|9
|
|t:|1760328143
|move|p2a: Blaziken|Close Combat|p1a: Dondozo
|-damage|p1a: Dondozo|74/100 slp
|-unboost|p2a: Blaziken|def|1
|-unboost|p2a: Blaziken|spd|1
|cant|p1a: Dondozo|slp
|move|p1a: Dondozo|Sleep Talk|p1a: Dondozo
|move|p1a: Dondozo|Avalanche|p2a: Blaziken|[from] move: Sleep Talk
|-resisted|p2a: Blaziken
|-damage|p2a: Blaziken|0 fnt
|faint|p2a: Blaziken
|
|-heal|p1a: Dondozo|80/100 slp|[from] item: Leftovers
|upkeep
|
|t:|1760328154
|switch|p2a: Blastoise|Blastoise, M|100/100
|-damage|p2a: Blastoise|88/100|[from] Stealth Rock
|turn|10
|
|t:|1760328161
|switch|p1a: Toxapex|Toxapex, F|100/100
|move|p2a: Blastoise|Shell Smash|p2a: Blastoise
|-unboost|p2a: Blastoise|def|1
|-unboost|p2a: Blastoise|spd|1
|-boost|p2a: Blastoise|atk|2
|-boost|p2a: Blastoise|spa|2
|-boost|p2a: Blastoise|spe|2
|
|upkeep
|turn|11
|
|t:|1760328164
|move|p2a: Blastoise|Shell Smash|p2a: Blastoise
|-unboost|p2a: Blastoise|def|1
|-unboost|p2a: Blastoise|spd|1
|-boost|p2a: Blastoise|atk|2
|-boost|p2a: Blastoise|spa|2
|-boost|p2a: Blastoise|spe|2
|move|p1a: Toxapex|Haze|p1a: Toxapex
|-clearallboost
|
|upkeep
|turn|12
|
|t:|1760328167
|move|p2a: Blastoise|Shell Smash|p2a: Blastoise
|-unboost|p2a: Blastoise|def|1
|-unboost|p2a: Blastoise|spd|1
|-boost|p2a: Blastoise|atk|2
|-boost|p2a: Blastoise|spa|2
|-boost|p2a: Blastoise|spe|2
|move|p1a: Toxapex|Toxic|p2a: Blastoise
|-status|p2a: Blastoise|tox
|
|-damage|p2a: Blastoise|82/100 tox|[from] psn
|upkeep
|turn|13
|
|t:|1760328170
|move|p2a: Blastoise|Hydro Pump|p1a: Toxapex
|-resisted|p1a: Toxapex
|-damage|p1a: Toxapex|59/100
|-damage|p2a: Blastoise|72/100 tox|[from] item: Life Orb
|move|p1a: Toxapex|Haze|p1a: Toxapex
|-clearallboost
|
|-heal|p1a: Toxapex|66/100|[from] item: Leftovers
|-damage|p2a: Blastoise|60/100 tox|[from] psn
|upkeep
|turn|14
|
|t:|1760328174
|move|p2a: Blastoise|Shell Smash|p2a: Blastoise
|-unboost|p2a: Blastoise|def|1
|-unboost|p2a: Blastoise|spd|1
|-boost|p2a: Blastoise|atk|2
|-boost|p2a: Blastoise|spa|2
|-boost|p2a: Blastoise|spe|2
|move|p1a: Toxapex|Haze|p1a: Toxapex
|-clearallboost
|
|-heal|p1a: Toxapex|72/100|[from] item: Leftovers
|-damage|p2a: Blastoise|42/100 tox|[from] psn
|upkeep
|turn|15
|
|t:|1760328181
|move|p2a: Blastoise|Shell Smash|p2a: Blastoise
|-unboost|p2a: Blastoise|def|1
|-unboost|p2a: Blastoise|spd|1
|-boost|p2a: Blastoise|atk|2
|-boost|p2a: Blastoise|spa|2
|-boost|p2a: Blastoise|spe|2
|move|p1a: Toxapex|Toxic|p2a: Blastoise
|-fail|p2a: Blastoise|tox
|
|-heal|p1a: Toxapex|78/100|[from] item: Leftovers
|-damage|p2a: Blastoise|18/100 tox|[from] psn
|upkeep
|turn|16
|
|t:|1760328183
|move|p2a: Blastoise|Hydro Pump|p1a: Toxapex
|-resisted|p1a: Toxapex
|-damage|p1a: Toxapex|16/100
|-damage|p2a: Blastoise|9/100 tox|[from] item: Life Orb
|move|p1a: Toxapex|Haze|p1a: Toxapex
|-clearallboost
|
|-heal|p1a: Toxapex|23/100|[from] item: Leftovers
|-damage|p2a: Blastoise|0 fnt|[from] psn
|faint|p2a: Blastoise
|upkeep
|
|t:|1760328198
|switch|p2a: Tyranitar|Tyranitar, F, shiny|100/100
|-damage|p2a: Tyranitar|88/100|[from] Stealth Rock
|-weather|Sandstorm|[from] ability: Sand Stream|[of] p2a: Tyranitar
|turn|17
|
|t:|1760328214
|move|p2a: Tyranitar|Dragon Dance|p2a: Tyranitar
|-boost|p2a: Tyranitar|atk|1
|-boost|p2a: Tyranitar|spe|1
|move|p1a: Toxapex|Recover|p1a: Toxapex
|-heal|p1a: Toxapex|73/100
|
|-weather|Sandstorm|[upkeep]
|-damage|p1a: Toxapex|66/100|[from] Sandstorm
|-heal|p1a: Toxapex|73/100|[from] item: Leftovers
|upkeep
|turn|18
|
|t:|1760328217
|move|p2a: Tyranitar|Stone Edge|p1a: Toxapex
|-damage|p1a: Toxapex|11/100
|move|p1a: Toxapex|Toxic|p2a: Tyranitar
|-status|p2a: Tyranitar|tox
|
|-weather|Sandstorm|[upkeep]
|-damage|p1a: Toxapex|5/100|[from] Sandstorm
|-heal|p1a: Toxapex|11/100|[from] item: Leftovers
|-damage|p2a: Tyranitar|82/100 tox|[from] psn
|upkeep
|turn|19
|
|t:|1760328226
|switch|p1a: Dondozo|Dondozo, M|80/100 slp
|move|p2a: Tyranitar|Iron Head|p1a: Dondozo
|-resisted|p1a: Dondozo
|-damage|p1a: Dondozo|73/100 slp
|
|-weather|Sandstorm|[upkeep]
|-damage|p1a: Dondozo|67/100 slp|[from] Sandstorm
|-heal|p1a: Dondozo|73/100 slp|[from] item: Leftovers
|-damage|p2a: Tyranitar|70/100 tox|[from] psn
|upkeep
|turn|20
|
|t:|1760328231
|move|p2a: Tyranitar|Stone Edge|p1a: Dondozo
|-crit|p1a: Dondozo
|-damage|p1a: Dondozo|36/100 slp
|cant|p1a: Dondozo|slp
|move|p1a: Dondozo|Sleep Talk|p1a: Dondozo
|move|p1a: Dondozo|Body Press|p2a: Tyranitar|[from] move: Sleep Talk
|-supereffective|p2a: Tyranitar
|-damage|p2a: Tyranitar|0 fnt
|faint|p2a: Tyranitar
|
|-weather|Sandstorm|[upkeep]
|-damage|p1a: Dondozo|30/100 slp|[from] Sandstorm
|-heal|p1a: Dondozo|36/100 slp|[from] item: Leftovers
|upkeep
|
|t:|1760328245
|switch|p2a: Rillaboom|Rillaboom, F|100/100
|-damage|p2a: Rillaboom|88/100|[from] Stealth Rock
|-fieldstart|move: Grassy Terrain|[from] ability: Grassy Surge|[of] p2a: Rillaboom
|-enditem|p2a: Rillaboom|Grassy Seed
|-boost|p2a: Rillaboom|def|1|[from] item: Grassy Seed
|turn|21
|
|t:|1760328250
|switch|p1a: Corviknight|Corviknight, M|100/100
|-ability|p1a: Corviknight|Pressure
|move|p2a: Rillaboom|Swords Dance|p2a: Rillaboom
|-boost|p2a: Rillaboom|atk|2
|
|-weather|none
|-heal|p2a: Rillaboom|94/100|[from] Grassy Terrain
|upkeep
|turn|22
|
|t:|1760328255
|-terastallize|p2a: Rillaboom|Fire
|move|p2a: Rillaboom|Tera Blast|p1a: Corviknight|[anim] Tera Blast Fire
|-supereffective|p1a: Corviknight
|-damage|p1a: Corviknight|0 fnt
|faint|p1a: Corviknight
|
|-heal|p2a: Rillaboom|100/100|[from] Grassy Terrain
|upkeep
|
|t:|1760328271
|switch|p1a: Dondozo|Dondozo, M|36/100 slp
|turn|23
|
|t:|1760328275
|-terastallize|p1a: Dondozo|Dragon
|move|p2a: Rillaboom|Grassy Glide|p1a: Dondozo
|-resisted|p1a: Dondozo
|-damage|p1a: Dondozo|27/100 slp
|-curestatus|p1a: Dondozo|slp|[msg]
|move|p1a: Dondozo|Rest|p1a: Dondozo
|-status|p1a: Dondozo|slp|[from] move: Rest
|-heal|p1a: Dondozo|100/100 slp|[silent]
|
|upkeep
|turn|24
|c|☆bigredsword|first time seeing tera blast fire rilla
|
|t:|1760328299
|switch|p2a: Yanmega|Yanmega, F|100/100
|-damage|p2a: Yanmega|51/100|[from] Stealth Rock
|cant|p1a: Dondozo|slp
|move|p1a: Dondozo|Sleep Talk|p1a: Dondozo
|move|p1a: Dondozo|Avalanche|p2a: Yanmega|[from] move: Sleep Talk
|-supereffective|p2a: Yanmega
|-damage|p2a: Yanmega|16/100
|
|upkeep
|turn|25
|
|t:|1760328302
|move|p2a: Yanmega|Bug Buzz|p1a: Dondozo
|-damage|p1a: Dondozo|56/100 slp
|-enditem|p2a: Yanmega|Throat Spray
|-boost|p2a: Yanmega|spa|1|[from] item: Throat Spray
|cant|p1a: Dondozo|slp
|move|p1a: Dondozo|Sleep Talk|p1a: Dondozo
|move|p1a: Dondozo|Body Press|p2a: Yanmega|[from] move: Sleep Talk
|-resisted|p2a: Yanmega
|-damage|p2a: Yanmega|8/100
|
|-heal|p1a: Dondozo|62/100 slp|[from] Grassy Terrain
|-heal|p1a: Dondozo|68/100 slp|[from] item: Leftovers
|-fieldend|move: Grassy Terrain
|-ability|p2a: Yanmega|Speed Boost|boost
|-boost|p2a: Yanmega|spe|1
|upkeep
|turn|26
|
|t:|1760328311
|switch|p1a: Blissey|Blissey, F|83/100
|move|p2a: Yanmega|Air Slash|p1a: Blissey
|-damage|p1a: Blissey|63/100
|
|-ability|p2a: Yanmega|Speed Boost|boost
|-boost|p2a: Yanmega|spe|1
|upkeep
|turn|27
|
|t:|1760328317
|move|p2a: Yanmega|Air Slash|p1a: Blissey
|-damage|p1a: Blissey|45/100
|move|p1a: Blissey|Seismic Toss|p2a: Yanmega
|-damage|p2a: Yanmega|0 fnt
|faint|p2a: Yanmega
|
|upkeep
|
|t:|1760328327
|switch|p2a: Rillaboom|Rillaboom, F, tera:Fire|100/100
|-damage|p2a: Rillaboom|76/100|[from] Stealth Rock
|-fieldstart|move: Grassy Terrain|[from] ability: Grassy Surge|[of] p2a: Rillaboom
|turn|28
|
|t:|1760328335
|switch|p1a: Dondozo|Dondozo, M, tera:Dragon|68/100 slp
|move|p2a: Rillaboom|Acrobatics|p1a: Dondozo
|-damage|p1a: Dondozo|49/100 slp
|
|-heal|p2a: Rillaboom|82/100|[from] Grassy Terrain
|-heal|p1a: Dondozo|55/100 slp|[from] Grassy Terrain
|-heal|p1a: Dondozo|61/100 slp|[from] item: Leftovers
|upkeep
|turn|29
|-message|310YM4N74N3R0 forfeited.
|
|win|bigredsword
|raw|bigredsword's rating: 1512 &rarr; <strong>1534</strong><br />(+22 for winning)
|raw|310YM4N74N3R0's rating: 1553 &rarr; <strong>1531</strong><br />(-22 for losing)
|l|☆310YM4N74N3R0
|player|p2|
