|j|☆Twia2
|j|☆N00676918
|t:|1760362398
|gametype|singles
|player|p1|Twia2|iris|1629
|player|p2|N00676918|102|1623
|gen|9
|tier|[Gen 9] OU
|rated|
|rule|HP Percentage Mod: HP is shown in percentages
|rule|Endless Battle Clause: Forcing endless battles is banned
|rule|Species Clause: Limit one of each Pokémon
|rule|OHKO Clause: OHKO moves are banned
|rule|Evasion Items Clause: Evasion items are banned
|rule|Evasion Moves Clause: Evasion moves are banned
|rule|Evasion Abilities Clause: Evasion abilities are banned
|rule|Sleep Moves Clause: Sleep-inducing moves are banned
|clearpoke
|poke|p1|Ninetales, M|
|poke|p1|Dragonite, M|
|poke|p1|Walking Wake|
|poke|p1|Cinderace, F|
|poke|p1|Great Tusk|
|poke|p1|Clefable, F|
|poke|p2|Kyurem|
|poke|p2|Cinderace, M|
|poke|p2|Iron Moth|
|poke|p2|Lokix, F|
|poke|p2|Primarina, M|
|poke|p2|Thundurus-Therian, M|
|teampreview
|inactive|Battle timer is ON: inactive players will automatically lose when time's up. (requested by Twia2)
|
|t:|1760362421
|teamsize|p1|6
|teamsize|p2|6
|start
|switch|p1a: Ninetales|Ninetales, M|100/100
|switch|p2a: Cinderace|Cinderace, M|100/100
|-weather|SunnyDay|[from] ability: Drought|[of] p1a: Ninetales
|turn|1
|
|t:|1760362430
|switch|p1a: Great Tusk|Great Tusk|100/100
|-activate|p1a: Great Tusk|ability: Protosynthesis
|-start|p1a: Great Tusk|protosynthesisspe
|move|p2a: Cinderace|High Jump Kick|p1a: Great Tusk
|-start|p2a: Cinderace|typechange|Fighting|[from] ability: Libero
|-damage|p1a: Great Tusk|64/100
|
|-weather|SunnyDay|[upkeep]
|upkeep
|turn|2
|
|t:|1760362441
|move|p1a: Great Tusk|Headlong Rush|p2a: Cinderace
|-damage|p2a: Cinderace|35/100
|-unboost|p1a: Great Tusk|def|1
|-unboost|p1a: Great Tusk|spd|1
|-enditem|p1a: Great Tusk|Eject Pack
|
|t:|1760362449
|-end|p1a: Great Tusk|Protosynthesis|[silent]
|switch|p1a: Clefable|Clefable, F|100/100
|move|p2a: Cinderace|Will-O-Wisp|p1a: Clefable
|-status|p1a: Clefable|brn
|
|-weather|SunnyDay|[upkeep]
|-damage|p1a: Clefable|94/100 brn|[from] brn
|upkeep
|turn|3
|
|t:|1760362454
|switch|p1a: Great Tusk|Great Tusk|64/100
|-activate|p1a: Great Tusk|ability: Protosynthesis
|-start|p1a: Great Tusk|protosynthesisspe
|move|p2a: Cinderace|Pyro Ball|p1a: Great Tusk
|-damage|p1a: Great Tusk|30/100
|
|-weather|SunnyDay|[upkeep]
|upkeep
|turn|4
|
|t:|1760362463
|switch|p2a: Thundurus|Thundurus-Therian, M|100/100
|move|p1a: Great Tusk|Headlong Rush|p2a: Thundurus
|-immune|p2a: Thundurus
|
|-weather|SunnyDay|[upkeep]
|upkeep
|turn|5
|
|t:|1760362477
|-end|p1a: Great Tusk|Protosynthesis|[silent]
|switch|p1a: Clefable|Clefable, F|94/100 brn
|move|p2a: Thundurus|Psychic|p1a: Clefable
|-damage|p1a: Clefable|69/100 brn
|-enditem|p1a: Clefable|Eject Button
|
|t:|1760362480
|switch|p1a: Walking Wake|Walking Wake|100/100
|-activate|p1a: Walking Wake|ability: Protosynthesis
|-start|p1a: Walking Wake|protosynthesisspa
|
|-weather|SunnyDay|[upkeep]
|upkeep
|turn|6
|
|t:|1760362490
|move|p1a: Walking Wake|Hydro Steam|p2a: Thundurus
|-damage|p2a: Thundurus|0 fnt
|faint|p2a: Thundurus
|
|-weather|SunnyDay|[upkeep]
|upkeep
|
|t:|1760362495
|switch|p2a: Primarina|Primarina, M|100/100
|turn|7
|
|t:|1760362509
|-end|p1a: Walking Wake|Protosynthesis|[silent]
|switch|p1a: Clefable|Clefable, F|69/100 brn
|move|p2a: Primarina|Draining Kiss|p1a: Clefable
|-damage|p1a: Clefable|54/100 brn
|
|-weather|SunnyDay|[upkeep]
|-damage|p1a: Clefable|48/100 brn|[from] brn
|upkeep
|turn|8
|
|t:|1760362519
|move|p2a: Primarina|Substitute|p2a: Primarina
|-start|p2a: Primarina|Substitute
|-damage|p2a: Primarina|75/100
|move|p1a: Clefable|Thunder Wave||[still]
|-fail|p1a: Clefable
|
|-weather|none
|-heal|p2a: Primarina|82/100|[from] item: Leftovers
|-damage|p1a: Clefable|42/100 brn|[from] brn
|upkeep
|turn|9
|
|t:|1760362528
|switch|p1a: Ninetales|Ninetales, M|100/100
|-weather|SunnyDay|[from] ability: Drought|[of] p1a: Ninetales
|move|p2a: Primarina|Psychic Noise|p1a: Ninetales
|-supereffective|p1a: Ninetales
|-damage|p1a: Ninetales|63/100
|-start|p1a: Ninetales|move: Heal Block
|
|-weather|SunnyDay|[upkeep]
|-heal|p2a: Primarina|88/100|[from] item: Leftovers
|upkeep
|turn|10
|
|t:|1760362540
|move|p1a: Ninetales|Encore|p2a: Primarina
|-start|p2a: Primarina|Encore
|move|p2a: Primarina|Psychic Noise|p1a: Ninetales
|-supereffective|p1a: Ninetales
|-damage|p1a: Ninetales|24/100
|
|-weather|SunnyDay|[upkeep]
|-heal|p2a: Primarina|94/100|[from] item: Leftovers
|-end|p1a: Ninetales|move: Heal Block
|upkeep
|turn|11
|
|t:|1760362558
|switch|p1a: Walking Wake|Walking Wake|100/100
|-activate|p1a: Walking Wake|ability: Protosynthesis
|-start|p1a: Walking Wake|protosynthesisspa
|move|p2a: Primarina|Psychic Noise|p1a: Walking Wake
|-resisted|p1a: Walking Wake
|-damage|p1a: Walking Wake|95/100
|-start|p1a: Walking Wake|move: Heal Block
|
|-weather|SunnyDay|[upkeep]
|-heal|p2a: Primarina|100/100|[from] item: Leftovers
|upkeep
|turn|12
|
|t:|1760362572
|move|p1a: Walking Wake|Hydro Steam|p2a: Primarina
|-resisted|p2a: Primarina
|-end|p2a: Primarina|Substitute
|move|p2a: Primarina|Psychic Noise|p1a: Walking Wake
|-resisted|p1a: Walking Wake
|-damage|p1a: Walking Wake|91/100
|
|-weather|SunnyDay|[upkeep]
|-end|p2a: Primarina|Encore
|-end|p1a: Walking Wake|move: Heal Block
|upkeep
|turn|13
|
|t:|1760362586
|-terastallize|p1a: Walking Wake|Water
|move|p1a: Walking Wake|Hydro Steam|p2a: Primarina
|-resisted|p2a: Primarina
|-crit|p2a: Primarina
|-damage|p2a: Primarina|0 fnt
|faint|p2a: Primarina
|
|-weather|SunnyDay|[upkeep]
|upkeep
|
|t:|1760362595
|switch|p2a: Cinderace|Cinderace, M|35/100
|turn|14
|
|t:|1760362601
|move|p2a: Cinderace|Pyro Ball|p1a: Walking Wake
|-resisted|p1a: Walking Wake
|-damage|p1a: Walking Wake|46/100
|move|p1a: Walking Wake|Hydro Steam|p2a: Cinderace
|-supereffective|p2a: Cinderace
|-crit|p2a: Cinderace
|-damage|p2a: Cinderace|0 fnt
|faint|p2a: Cinderace
|
|-weather|SunnyDay|[upkeep]
|upkeep
|
|t:|1760362611
|switch|p2a: Iron Moth|Iron Moth|100/100
|turn|15
|
|t:|1760362617
|-end|p1a: Walking Wake|Protosynthesis|[silent]
|switch|p1a: Great Tusk|Great Tusk|30/100
|-activate|p1a: Great Tusk|ability: Protosynthesis
|-start|p1a: Great Tusk|protosynthesisspe
|move|p2a: Iron Moth|Dazzling Gleam|p1a: Great Tusk
|-supereffective|p1a: Great Tusk
|-damage|p1a: Great Tusk|0 fnt
|faint|p1a: Great Tusk
|-end|p1a: Great Tusk|Protosynthesis|[silent]
|
|-weather|SunnyDay|[upkeep]
|upkeep
|
|t:|1760362628
|switch|p1a: Dragonite|Dragonite, M|100/100
|turn|16
|
|t:|1760362632
|move|p2a: Iron Moth|Dazzling Gleam|p1a: Dragonite
|-supereffective|p1a: Dragonite
|-damage|p1a: Dragonite|56/100
|move|p1a: Dragonite|Dragon Dance|p1a: Dragonite
|-boost|p1a: Dragonite|atk|1
|-boost|p1a: Dragonite|spe|1
|
|-weather|none
|upkeep
|turn|17
|
|t:|1760362640
|move|p1a: Dragonite|Earthquake|p2a: Iron Moth
|-supereffective|p2a: Iron Moth
|-damage|p2a: Iron Moth|0 fnt
|faint|p2a: Iron Moth
|-end|p2a: Iron Moth|Quark Drive|[silent]
|
|upkeep
|
|t:|1760362646
|switch|p2a: Lokix|Lokix, F|100/100
|turn|18
|
|t:|1760362654
|switch|p1a: Clefable|Clefable, F|42/100 brn
|move|p2a: Lokix|First Impression|p1a: Clefable
|-resisted|p1a: Clefable
|-damage|p1a: Clefable|0 fnt
|faint|p1a: Clefable
|
|upkeep
|
|t:|1760362657
|switch|p1a: Ninetales|Ninetales, M|24/100
|-weather|SunnyDay|[from] ability: Drought|[of] p1a: Ninetales
|turn|19
|
|t:|1760362665
|move|p2a: Lokix|Sucker Punch||[still]
|-fail|p2a: Lokix
|move|p1a: Ninetales|Healing Wish|p1a: Ninetales
|faint|p1a: Ninetales
|
|-weather|SunnyDay|[upkeep]
|upkeep
|
|t:|1760362667
|switch|p1a: Walking Wake|Walking Wake, tera:Water|46/100
|-heal|p1a: Walking Wake|100/100|[from] move: Healing Wish
|-activate|p1a: Walking Wake|ability: Protosynthesis
|-start|p1a: Walking Wake|protosynthesisspa
|turn|20
|
|t:|1760362674
|move|p2a: Lokix|Sucker Punch|p1a: Walking Wake
|-damage|p1a: Walking Wake|62/100
|move|p1a: Walking Wake|Hydro Steam|p2a: Lokix
|-damage|p2a: Lokix|0 fnt
|faint|p2a: Lokix
|
|-weather|SunnyDay|[upkeep]
|upkeep
|
|t:|1760362682
|switch|p2a: Kyurem|Kyurem|100/100
|-ability|p2a: Kyurem|Pressure
|turn|21
|
|t:|1760362688
|move|p1a: Walking Wake|Hydro Steam|p2a: Kyurem
|-resisted|p2a: Kyurem
|-damage|p2a: Kyurem|20/100
|move|p2a: Kyurem|Dragon Dance|p2a: Kyurem
|-boost|p2a: Kyurem|atk|1
|-boost|p2a: Kyurem|spe|1
|
|-weather|SunnyDay|[upkeep]
|-heal|p2a: Kyurem|26/100|[from] item: Leftovers
|upkeep
|turn|22
|
|t:|1760362698
|-terastallize|p2a: Kyurem|Electric
|move|p2a: Kyurem|Tera Blast|p1a: Walking Wake|[anim] Tera Blast Electric
|-supereffective|p1a: Walking Wake
|-damage|p1a: Walking Wake|0 fnt
|faint|p1a: Walking Wake
|-end|p1a: Walking Wake|Protosynthesis|[silent]
|
|-weather|SunnyDay|[upkeep]
|-heal|p2a: Kyurem|32/100|[from] item: Leftovers
|upkeep
|
|t:|1760362703
|switch|p1a: Cinderace|Cinderace, F|100/100
|turn|23
|
|t:|1760362710
|move|p1a: Cinderace|Low Kick|p2a: Kyurem
|-start|p1a: Cinderace|typechange|Fighting|[from] ability: Libero
|-damage|p2a: Kyurem|0 fnt
|faint|p2a: Kyurem
|
|win|Twia2
|raw|Twia2's rating: 1629 &rarr; <strong>1649</strong><br />(+20 for winning)
|raw|N00676918's rating: 1623 &rarr; <strong>1603</strong><br />(-20 for losing)
|l|☆Twia2
|player|p1|
|l|☆N00676918
|player|p2|
