|j|☆ch02583
|j|☆Aiden17
|t:|1760437994
|gametype|singles
|player|p1|ch02583|101|1199
|player|p2|Aiden17|linebacker|1145
|gen|9
|tier|[Gen 9] OU
|rated|
|rule|HP Percentage Mod: HP is shown in percentages
|rule|Endless Battle Clause: Forcing endless battles is banned
|rule|Species Clause: Limit one of each Pokémon
|rule|OHKO Clause: OHKO moves are banned
|rule|Evasion Items Clause: Evasion items are banned
|rule|Evasion Moves Clause: Evasion moves are banned
|rule|Evasion Abilities Clause: Evasion abilities are banned
|rule|Sleep Moves Clause: Sleep-inducing moves are banned
|clearpoke
|poke|p1|Cinderace, M|
|poke|p1|Milotic, M|
|poke|p1|Kingambit, M|
|poke|p1|Enamorus, F|
|poke|p1|Serperior, M|
|poke|p1|Ribombee, F|
|poke|p2|Cinderace, M|
|poke|p2|Garganacl, M|
|poke|p2|Tsareena, F|
|poke|p2|Alomomola, F|
|poke|p2|Darkrai|
|poke|p2|Tornadus-Therian, M|
|teampreview
|inactive|Battle timer is ON: inactive players will automatically lose when time's up. (requested by ch02583)
|
|t:|1760438023
|teamsize|p1|6
|teamsize|p2|6
|start
|switch|p1a: Ribombee|Ribombee, F|100/100
|switch|p2a: Darkrai|Darkrai|100/100
|turn|1
|
|t:|1760438030
|move|p2a: Darkrai|Sludge Bomb|p1a: Ribombee
|-supereffective|p1a: Ribombee
|-damage|p1a: Ribombee|6/100
|move|p1a: Ribombee|Sticky Web|p2a: Darkrai
|-sidestart|p2: Aiden17|move: Sticky Web
|
|upkeep
|turn|2
|
|t:|1760438036
|move|p2a: Darkrai|Ice Beam|p1a: Ribombee
|-damage|p1a: Ribombee|0 fnt
|faint|p1a: Ribombee
|
|upkeep
|
|t:|1760438041
|switch|p1a: Cinderace|Cinderace, M|100/100
|turn|3
|
|t:|1760438044
|move|p2a: Darkrai|Dark Pulse|p1a: Cinderace
|-damage|p1a: Cinderace|41/100
|move|p1a: Cinderace|Court Change|p1a: Cinderace
|-swapsideconditions
|-activate|p1a: Cinderace|move: Court Change
|
|upkeep
|turn|4
|
|t:|1760438050
|move|p2a: Darkrai|Dark Pulse|p1a: Cinderace
|-damage|p1a: Cinderace|0 fnt
|faint|p1a: Cinderace
|
|upkeep
|
|t:|1760438055
|switch|p1a: Milotic|Milotic, M|100/100
|-activate|p1a: Milotic|move: Sticky Web
|-unboost|p1a: Milotic|spe|1
|-ability|p1a: Milotic|Competitive|boost
|-boost|p1a: Milotic|spa|2
|turn|5
|
|t:|1760438062
|switch|p2a: Alomomola|Alomomola, F|100/100
|move|p1a: Milotic|Surf|p2a: Alomomola
|-resisted|p2a: Alomomola
|-damage|p2a: Alomomola|71/100
|
|-heal|p2a: Alomomola|77/100|[from] item: Leftovers
|upkeep
|turn|6
|
|t:|1760438073
|move|p1a: Milotic|Substitute|p1a: Milotic
|-start|p1a: Milotic|Substitute
|-damage|p1a: Milotic|76/100
|move|p2a: Alomomola|Mirror Coat||[still]
|-fail|p2a: Alomomola
|
|-heal|p2a: Alomomola|84/100|[from] item: Leftovers
|-heal|p1a: Milotic|82/100|[from] item: Leftovers
|upkeep
|turn|7
|
|t:|1760438081
|move|p1a: Milotic|Draining Kiss|p2a: Alomomola
|-damage|p2a: Alomomola|61/100
|-heal|p1a: Milotic|100/100|[from] drain|[of] p2a: Alomomola
|move|p2a: Alomomola|Mirror Coat|p1a: Milotic
|-end|p1a: Milotic|Substitute
|
|-heal|p2a: Alomomola|67/100|[from] item: Leftovers
|upkeep
|turn|8
|
|t:|1760438088
|move|p2a: Alomomola|Flip Turn|p1a: Milotic
|-resisted|p1a: Milotic
|-damage|p1a: Milotic|92/100
|
|t:|1760438090
|switch|p2a: Tsareena|Tsareena, F|100/100|[from] Flip Turn
|move|p1a: Milotic|Substitute|p1a: Milotic
|-start|p1a: Milotic|Substitute
|-damage|p1a: Milotic|67/100
|
|-heal|p1a: Milotic|73/100|[from] item: Leftovers
|upkeep
|turn|9
|
|t:|1760438099
|move|p2a: Tsareena|Petal Blizzard|p1a: Milotic
|-supereffective|p1a: Milotic
|-end|p1a: Milotic|Substitute
|move|p1a: Milotic|Ice Beam|p2a: Tsareena
|-supereffective|p2a: Tsareena
|-damage|p2a: Tsareena|11/100
|
|-heal|p1a: Milotic|79/100|[from] item: Leftovers
|upkeep
|turn|10
|
|t:|1760438111
|switch|p1a: Serperior|Serperior, M|100/100
|-activate|p1a: Serperior|move: Sticky Web
|-boost|p1a: Serperior|spe|1
|move|p2a: Tsareena|Triple Axel|p1a: Serperior|[miss]
|-miss|p2a: Tsareena|p1a: Serperior
|
|upkeep
|turn|11
|
|t:|1760438119
|switch|p2a: Cinderace|Cinderace, M|100/100
|move|p1a: Serperior|Leaf Storm|p2a: Cinderace
|-resisted|p2a: Cinderace
|-damage|p2a: Cinderace|66/100
|-boost|p1a: Serperior|spa|2
|
|upkeep
|turn|12
|
|t:|1760438134
|move|p1a: Serperior|Leaf Storm|p2a: Cinderace
|-resisted|p2a: Cinderace
|-damage|p2a: Cinderace|0 fnt
|-boost|p1a: Serperior|spa|2
|faint|p2a: Cinderace
|
|upkeep
|
|t:|1760438137
|switch|p2a: Alomomola|Alomomola, F|99/100
|turn|13
|
|t:|1760438147
|move|p1a: Serperior|Substitute|p1a: Serperior
|-start|p1a: Serperior|Substitute
|-damage|p1a: Serperior|76/100
|move|p2a: Alomomola|Mirror Coat||[still]
|-fail|p2a: Alomomola
|
|-heal|p1a: Serperior|82/100|[from] item: Leftovers
|-heal|p2a: Alomomola|100/100|[from] item: Leftovers
|upkeep
|turn|14
|l|☆Aiden17
|inactive|Aiden17 disconnected and has a minute to reconnect!
|player|p2|
|inactive|Aiden17 has 30 seconds to reconnect!
|inactive|Aiden17 has 20 seconds to reconnect!
|inactive|Aiden17 has 15 seconds to reconnect!
|inactive|Aiden17 has 10 seconds to reconnect!
|inactive|Aiden17 has 5 seconds to reconnect!
|-message|Aiden17 lost due to inactivity.
|
|win|ch02583
|raw|ch02583's rating: 1199 &rarr; <strong>1220</strong><br />(+21 for winning)
|raw|Aiden17's rating: 1145 &rarr; <strong>1124</strong><br />(-21 for losing)
|l|☆ch02583
|player|p1|
|j|☆Aiden17
|player|p2|Aiden17|linebacker|
|l|☆Aiden17
|player|p2|
