|j|☆igorcda
|j|☆vbngf
|t:|1760382764
|gametype|singles
|player|p1|igorcda|richboy-gen4|1566
|player|p2|vbngf|ghetsis|1572
|gen|9
|tier|[Gen 9] OU
|rated|
|rule|HP Percentage Mod: HP is shown in percentages
|rule|Endless Battle Clause: Forcing endless battles is banned
|rule|Species Clause: Limit one of each Pokémon
|rule|OHKO Clause: OHKO moves are banned
|rule|Evasion Items Clause: Evasion items are banned
|rule|Evasion Moves Clause: Evasion moves are banned
|rule|Evasion Abilities Clause: Evasion abilities are banned
|rule|Sleep Moves Clause: Sleep-inducing moves are banned
|clearpoke
|poke|p1|Dragapult, M|
|poke|p1|Pawmot, M|
|poke|p1|Empoleon, M|
|poke|p1|Ursaluna, M|
|poke|p1|Lokix, M|
|poke|p1|Landorus-Therian, M|
|poke|p2|Kingambit, M|
|poke|p2|Kyurem|
|poke|p2|Primarina, M|
|poke|p2|Iron Moth|
|poke|p2|Ogerpon-Wellspring, F|
|poke|p2|Landorus-Therian, M|
|teampreview
|
|t:|1760382772
|teamsize|p1|6
|teamsize|p2|6
|start
|switch|p1a: Landorus|Landorus-Therian, M, shiny|100/100
|switch|p2a: Kyurem|Kyurem|100/100
|-ability|p2a: Kyurem|Pressure
|-ability|p1a: Landorus|Intimidate|boost
|-unboost|p2a: Kyurem|atk|1
|turn|1
|
|t:|1760382776
|switch|p1a: Kingpoleon|Empoleon, M, shiny|100/100
|move|p2a: Kyurem|Ice Beam|p1a: Kingpoleon
|-resisted|p1a: Kingpoleon
|-damage|p1a: Kingpoleon|93/100
|
|upkeep
|turn|2
|inactive|Battle timer is ON: inactive players will automatically lose when time's up. (requested by igorcda)
|
|t:|1760382780
|switch|p2a: Landorus|Landorus-Therian, M|100/100
|-ability|p2a: Landorus|Intimidate|boost
|-unboost|p1a: Kingpoleon|atk|1
|-ability|p1a: Kingpoleon|Competitive|boost
|-boost|p1a: Kingpoleon|spa|2
|move|p1a: Kingpoleon|Flash Cannon|p2a: Landorus
|-crit|p2a: Landorus
|-damage|p2a: Landorus|0 fnt
|faint|p2a: Landorus
|
|upkeep
|
|t:|1760382794
|switch|p2a: Iron Moth|Iron Moth|100/100
|-enditem|p2a: Iron Moth|Booster Energy
|-activate|p2a: Iron Moth|ability: Quark Drive|[fromitem]
|-start|p2a: Iron Moth|quarkdrivespe
|turn|3
|
|t:|1760382797
|-terastallize|p2a: Iron Moth|Grass
|move|p2a: Iron Moth|Fiery Dance|p1a: Kingpoleon
|-crit|p1a: Kingpoleon
|-damage|p1a: Kingpoleon|59/100
|move|p1a: Kingpoleon|Hydro Pump|p2a: Iron Moth|[miss]
|-miss|p1a: Kingpoleon|p2a: Iron Moth
|
|upkeep
|turn|4
|
|t:|1760382803
|move|p2a: Iron Moth|Fiery Dance|p1a: Kingpoleon
|-damage|p1a: Kingpoleon|37/100
|-boost|p2a: Iron Moth|spa|1
|move|p1a: Kingpoleon|Flash Cannon|p2a: Iron Moth
|-damage|p2a: Iron Moth|20/100
|
|upkeep
|turn|5
|
|t:|1760382806
|move|p1a: Kingpoleon|Vacuum Wave|p2a: Iron Moth
|-damage|p2a: Iron Moth|0 fnt
|faint|p2a: Iron Moth
|-end|p2a: Iron Moth|Quark Drive|[silent]
|
|upkeep
|
|t:|1760382812
|switch|p2a: Ogerpon|Ogerpon-Wellspring, F|100/100
|turn|6
|
|t:|1760382815
|move|p1a: Kingpoleon|Vacuum Wave|p2a: Ogerpon
|-damage|p2a: Ogerpon|74/100
|move|p2a: Ogerpon|Ivy Cudgel|p1a: Kingpoleon|[anim] Ivy Cudgel Water
|-resisted|p1a: Kingpoleon
|-damage|p1a: Kingpoleon|11/100
|
|upkeep
|turn|7
|
|t:|1760382818
|move|p1a: Kingpoleon|Vacuum Wave|p2a: Ogerpon
|-damage|p2a: Ogerpon|47/100
|move|p2a: Ogerpon|Horn Leech|p1a: Kingpoleon
|-damage|p1a: Kingpoleon|0 fnt
|-heal|p2a: Ogerpon|52/100|[from] drain|[of] p1a: Kingpoleon
|faint|p1a: Kingpoleon
|
|upkeep
|
|t:|1760382820
|switch|p1a: Cataputa|Dragapult, M|100/100
|turn|8
|
|t:|1760382831
|switch|p2a: Primarina|Primarina, M|100/100
|move|p1a: Cataputa|U-turn|p2a: Primarina
|-resisted|p2a: Primarina
|-damage|p2a: Primarina|80/100
|-damage|p1a: Cataputa|91/100|[from] item: Life Orb
|
|t:|1760382835
|switch|p1a: Landorus|Landorus-Therian, M, shiny|100/100|[from] U-turn
|-ability|p1a: Landorus|Intimidate|boost
|-unboost|p2a: Primarina|atk|1
|
|upkeep
|turn|9
|
|t:|1760382844
|move|p1a: Landorus|Earthquake|p2a: Primarina
|-damage|p2a: Primarina|14/100
|move|p2a: Primarina|Ice Beam|p1a: Landorus
|-supereffective|p1a: Landorus
|-damage|p1a: Landorus|0 fnt
|faint|p1a: Landorus
|
|upkeep
|
|t:|1760382851
|switch|p1a: Lokix|Lokix, M, shiny|100/100
|turn|10
|
|t:|1760382854
|move|p1a: Lokix|Knock Off|p2a: Primarina
|-resisted|p2a: Primarina
|-damage|p2a: Primarina|0 fnt
|-enditem|p2a: Primarina|Assault Vest|[from] move: Knock Off|[of] p1a: Lokix
|faint|p2a: Primarina
|
|upkeep
|
|t:|1760382860
|switch|p2a: Kingambit|Kingambit, M|100/100
|-activate|p2a: Kingambit|ability: Supreme Overlord
|-start|p2a: Kingambit|fallen3|[silent]
|turn|11
|
|t:|1760382864
|switch|p1a: Ursaluno|Ursaluna, M, shiny|100/100
|move|p2a: Kingambit|Swords Dance|p2a: Kingambit
|-boost|p2a: Kingambit|atk|2
|
|-status|p1a: Ursaluno|brn|[from] item: Flame Orb
|upkeep
|turn|12
|
|t:|1760382868
|move|p1a: Ursaluno|Drain Punch|p2a: Kingambit
|-supereffective|p2a: Kingambit
|-damage|p2a: Kingambit|0 fnt
|faint|p2a: Kingambit
|-end|p2a: Kingambit|fallen3|[silent]
|
|-damage|p1a: Ursaluno|94/100 brn|[from] brn
|upkeep
|
|t:|1760382876
|switch|p2a: Ogerpon|Ogerpon-Wellspring, F|52/100
|turn|13
|
|t:|1760382882
|move|p2a: Ogerpon|Ivy Cudgel|p1a: Ursaluno|[anim] Ivy Cudgel Water
|-supereffective|p1a: Ursaluno
|-damage|p1a: Ursaluno|12/100 brn
|move|p1a: Ursaluno|Earthquake|p2a: Ogerpon
|-resisted|p2a: Ogerpon
|-damage|p2a: Ogerpon|0 fnt
|faint|p2a: Ogerpon
|
|-damage|p1a: Ursaluno|6/100 brn|[from] brn
|upkeep
|
|t:|1760382885
|switch|p2a: Kyurem|Kyurem|100/100
|-ability|p2a: Kyurem|Pressure
|turn|14
|
|t:|1760382886
|move|p2a: Kyurem|Ice Beam|p1a: Ursaluno
|-supereffective|p1a: Ursaluno
|-damage|p1a: Ursaluno|0 fnt
|faint|p1a: Ursaluno
|
|upkeep
|
|t:|1760382888
|switch|p1a: Cataputa|Dragapult, M|91/100
|turn|15
|
|t:|1760382890
|move|p2a: Kyurem|Ice Beam|p1a: Cataputa
|-supereffective|p1a: Cataputa
|-damage|p1a: Cataputa|0 fnt
|faint|p1a: Cataputa
|
|upkeep
|
|t:|1760382893
|switch|p1a: PaulMot|Pawmot, M|100/100
|turn|16
|
|t:|1760382895
|move|p1a: PaulMot|Fake Out|p2a: Kyurem
|-damage|p2a: Kyurem|88/100
|cant|p2a: Kyurem|flinch
|
|upkeep
|turn|17
|
|t:|1760382905
|-terastallize|p1a: PaulMot|Stellar
|move|p1a: PaulMot|Mach Punch|p2a: Kyurem
|-supereffective|p2a: Kyurem
|-damage|p2a: Kyurem|28/100
|move|p2a: Kyurem|Ice Beam|p1a: PaulMot
|-damage|p1a: PaulMot|9/100
|
|upkeep
|turn|18
|
|t:|1760382911
|move|p1a: PaulMot|Mach Punch|p2a: Kyurem
|-supereffective|p2a: Kyurem
|-damage|p2a: Kyurem|0 fnt
|faint|p2a: Kyurem
|
|win|igorcda
|raw|igorcda's rating: 1566 &rarr; <strong>1586</strong><br />(+20 for winning)
|raw|vbngf's rating: 1572 &rarr; <strong>1552</strong><br />(-20 for losing)
|l|☆vbngf
|player|p2|
|l|☆igorcda
|player|p1|
