|j|☆galarslowkinglover
|j|☆Bluelamentation
|t:|1760359680
|gametype|singles
|player|p1|galarslowkinglover|lillie-masters|1319
|player|p2|Bluelamentation|giovanni|1319
|gen|9
|tier|[Gen 9] OU
|rated|
|rule|HP Percentage Mod: HP is shown in percentages
|rule|Endless Battle Clause: Forcing endless battles is banned
|rule|Species Clause: Limit one of each Pokémon
|rule|OHKO Clause: OHKO moves are banned
|rule|Evasion Items Clause: Evasion items are banned
|rule|Evasion Moves Clause: Evasion moves are banned
|rule|Evasion Abilities Clause: Evasion abilities are banned
|rule|Sleep Moves Clause: Sleep-inducing moves are banned
|clearpoke
|poke|p1|Ursaluna, M|
|poke|p1|Cresselia, F|
|poke|p1|Iron Valiant|
|poke|p1|Hatterene, F|
|poke|p1|Keldeo-Resolute|
|poke|p1|Ogerpon, F|
|poke|p2|Talonflame, F|
|poke|p2|Iron Crown|
|poke|p2|Keldeo-Resolute|
|poke|p2|Garganacl, M|
|poke|p2|Pecharunt|
|poke|p2|Rotom-Mow|
|teampreview
|inactive|Battle timer is ON: inactive players will automatically lose when time's up. (requested by Bluelamentation)
|
|t:|1760359694
|teamsize|p1|6
|teamsize|p2|6
|start
|switch|p1a: Keldeo|Keldeo-Resolute|100/100
|switch|p2a: Garganacl|Garganacl, M|100/100
|turn|1
|
|t:|1760359701
|-terastallize|p2a: Garganacl|Fairy
|move|p1a: Keldeo|Surf|p2a: Garganacl
|-damage|p2a: Garganacl|48/100
|move|p2a: Garganacl|Stealth Rock|p1a: Keldeo
|-sidestart|p1: galarslowkinglover|move: Stealth Rock
|
|-heal|p2a: Garganacl|54/100|[from] item: Leftovers
|upkeep
|turn|2
|
|t:|1760359707
|move|p2a: Garganacl|Protect|p2a: Garganacl
|-singleturn|p2a: Garganacl|Protect
|move|p1a: Keldeo|Surf|p2a: Garganacl
|-activate|p2a: Garganacl|move: Protect
|
|-heal|p2a: Garganacl|60/100|[from] item: Leftovers
|upkeep
|turn|3
|
|t:|1760359709
|move|p1a: Keldeo|Surf|p2a: Garganacl
|-damage|p2a: Garganacl|5/100
|move|p2a: Garganacl|Salt Cure|p1a: Keldeo
|-resisted|p1a: Keldeo
|-damage|p1a: Keldeo|92/100
|-start|p1a: Keldeo|Salt Cure
|
|-heal|p2a: Garganacl|11/100|[from] item: Leftovers
|-damage|p1a: Keldeo|67/100|[from] Salt Cure
|upkeep
|turn|4
|
|t:|1760359714
|switch|p1a: Ursaluna|Ursaluna, M, shiny|100/100
|-damage|p1a: Ursaluna|94/100|[from] Stealth Rock
|move|p2a: Garganacl|Protect||[still]
|-fail|p2a: Garganacl
|
|-heal|p2a: Garganacl|17/100|[from] item: Leftovers
|-status|p1a: Ursaluna|brn|[from] item: Flame Orb
|upkeep
|turn|5
|
|t:|1760359719
|move|p2a: Garganacl|Salt Cure|p1a: Ursaluna
|-resisted|p1a: Ursaluna
|-damage|p1a: Ursaluna|89/100 brn
|-start|p1a: Ursaluna|Salt Cure
|move|p1a: Ursaluna|Headlong Rush|p2a: Garganacl
|-damage|p2a: Garganacl|0 fnt
|-unboost|p1a: Ursaluna|def|1
|-unboost|p1a: Ursaluna|spd|1
|faint|p2a: Garganacl
|
|-damage|p1a: Ursaluna|83/100 brn|[from] brn
|-damage|p1a: Ursaluna|71/100 brn|[from] Salt Cure
|upkeep
|
|t:|1760359729
|switch|p2a: Rotom|Rotom-Mow|100/100
|turn|6
|
|t:|1760359736
|switch|p1a: Cresselia|Cresselia, F, shiny|100/100
|-damage|p1a: Cresselia|88/100|[from] Stealth Rock
|move|p2a: Rotom|Trick|p1a: Cresselia
|-activate|p2a: Rotom|move: Trick|[of] p1a: Cresselia
|-item|p1a: Cresselia|Choice Scarf|[from] move: Trick
|-item|p2a: Rotom|Rocky Helmet|[from] move: Trick
|
|upkeep
|turn|7
|
|t:|1760359742
|move|p2a: Rotom|Volt Switch|p1a: Cresselia
|-damage|p1a: Cresselia|72/100
|
|t:|1760359749
|switch|p2a: Iron Crown|Iron Crown|100/100|[from] Volt Switch
|move|p1a: Cresselia|Trick Room|p1a: Cresselia
|-fieldstart|move: Trick Room|[of] p1a: Cresselia
|
|upkeep
|turn|8
|
|t:|1760359757
|switch|p1a: Ursaluna|Ursaluna, M, shiny|71/100 brn
|-damage|p1a: Ursaluna|65/100 brn|[from] Stealth Rock
|move|p2a: Iron Crown|Future Sight|p1a: Ursaluna
|-start|p2a: Iron Crown|move: Future Sight
|
|-damage|p1a: Ursaluna|59/100 brn|[from] brn
|upkeep
|turn|9
|
|t:|1760359765
|-end|p2a: Iron Crown|Quark Drive|[silent]
|switch|p2a: Pecharunt|Pecharunt|100/100
|move|p1a: Ursaluna|Fire Punch|p2a: Pecharunt
|-damage|p2a: Pecharunt|78/100
|
|-damage|p1a: Ursaluna|53/100 brn|[from] brn
|upkeep
|turn|10
|
|t:|1760359772
|switch|p2a: Talonflame|Talonflame, F|100/100
|move|p1a: Ursaluna|Headlong Rush|p2a: Talonflame
|-immune|p2a: Talonflame
|
|-end|p1a: Ursaluna|move: Future Sight
|-damage|p1a: Ursaluna|0 fnt
|faint|p1a: Ursaluna
|upkeep
|
|t:|1760359786
|switch|p1a: Keldeo|Keldeo-Resolute|67/100
|-damage|p1a: Keldeo|61/100|[from] Stealth Rock
|turn|11
|
|t:|1760359795
|switch|p2a: Iron Crown|Iron Crown|100/100
|move|p1a: Keldeo|Surf|p2a: Iron Crown
|-damage|p2a: Iron Crown|52/100
|
|-fieldend|move: Trick Room
|upkeep
|turn|12
|l|☆galarslowkinglover
|inactive|galarslowkinglover disconnected and has a minute to reconnect!
|player|p1|
|j|☆galarslowkinglover
|inactive|galarslowkinglover reconnected and has 115 seconds left.
|player|p1|galarslowkinglover|lillie-masters|
|
|t:|1760359834
|move|p2a: Iron Crown|Tachyon Cutter|p1a: Keldeo
|-resisted|p1a: Keldeo
|-damage|p1a: Keldeo|45/100
|-resisted|p1a: Keldeo
|-damage|p1a: Keldeo|32/100
|-hitcount|p1a: Keldeo|2
|move|p1a: Keldeo|Surf|p2a: Iron Crown
|-damage|p2a: Iron Crown|0 fnt
|faint|p2a: Iron Crown
|-end|p2a: Iron Crown|Quark Drive|[silent]
|
|upkeep
|
|t:|1760359841
|switch|p2a: Talonflame|Talonflame, F|100/100
|turn|13
|
|t:|1760359844
|move|p2a: Talonflame|Air Slash|p1a: Keldeo
|-supereffective|p1a: Keldeo
|-damage|p1a: Keldeo|0 fnt
|faint|p1a: Keldeo
|
|upkeep
|inactive|galarslowkinglover has 120 seconds left.
|
|t:|1760359861
|switch|p1a: Hatterene|Hatterene, F, shiny|100/100
|-damage|p1a: Hatterene|88/100|[from] Stealth Rock
|turn|14
|inactive|galarslowkinglover has 120 seconds left.
|
|t:|1760359876
|move|p2a: Talonflame|Air Slash|p1a: Hatterene
|-damage|p1a: Hatterene|67/100
|move|p1a: Hatterene|Dazzling Gleam|p2a: Talonflame
|-resisted|p2a: Talonflame
|-damage|p2a: Talonflame|70/100
|
|upkeep
|turn|15
|inactive|galarslowkinglover has 120 seconds left.
|
|t:|1760359889
|move|p2a: Talonflame|Air Slash|p1a: Hatterene
|-damage|p1a: Hatterene|46/100
|move|p1a: Hatterene|Healing Wish|p1a: Hatterene
|faint|p1a: Hatterene
|
|upkeep
|
|t:|1760359901
|switch|p1a: Iron Valiant|Iron Valiant|100/100
|-damage|p1a: Iron Valiant|94/100|[from] Stealth Rock
|-enditem|p1a: Iron Valiant|Booster Energy
|-activate|p1a: Iron Valiant|ability: Quark Drive|[fromitem]
|-start|p1a: Iron Valiant|quarkdrivespe
|turn|16
|
|t:|1760359918
|move|p1a: Iron Valiant|Moonblast|p2a: Talonflame
|-resisted|p2a: Talonflame
|-damage|p2a: Talonflame|43/100
|move|p2a: Talonflame|Overheat|p1a: Iron Valiant
|-damage|p1a: Iron Valiant|27/100
|-unboost|p2a: Talonflame|spa|2
|
|upkeep
|turn|17
|
|t:|1760359926
|move|p1a: Iron Valiant|Close Combat|p2a: Talonflame
|-resisted|p2a: Talonflame
|-damage|p2a: Talonflame|11/100
|-unboost|p1a: Iron Valiant|def|1
|-unboost|p1a: Iron Valiant|spd|1
|move|p2a: Talonflame|Air Slash|p1a: Iron Valiant
|-supereffective|p1a: Iron Valiant
|-damage|p1a: Iron Valiant|0 fnt
|faint|p1a: Iron Valiant
|-end|p1a: Iron Valiant|Quark Drive|[silent]
|
|upkeep
|
|t:|1760359935
|switch|p1a: Cresselia|Cresselia, F, shiny|72/100
|-heal|p1a: Cresselia|100/100|[from] move: Healing Wish
|-damage|p1a: Cresselia|88/100|[from] Stealth Rock
|turn|18
|
|t:|1760359946
|move|p2a: Talonflame|Roost|p2a: Talonflame
|-heal|p2a: Talonflame|61/100
|-singleturn|p2a: Talonflame|move: Roost
|move|p1a: Cresselia|Psychic|p2a: Talonflame
|-damage|p2a: Talonflame|33/100
|
|upkeep
|turn|19
|inactive|galarslowkinglover has 120 seconds left.
|
|t:|1760359955
|move|p2a: Talonflame|Roost|p2a: Talonflame
|-heal|p2a: Talonflame|83/100
|-singleturn|p2a: Talonflame|move: Roost
|move|p1a: Cresselia|Psychic|p2a: Talonflame
|-damage|p2a: Talonflame|51/100
|
|upkeep
|turn|20
|l|☆galarslowkinglover
|inactive|galarslowkinglover disconnected and has a minute to reconnect!
|player|p1|
|
|t:|1760359983
|move|p2a: Talonflame|Roost|p2a: Talonflame
|-heal|p2a: Talonflame|100/100
|-singleturn|p2a: Talonflame|move: Roost
|move|p1a: Cresselia|Psychic|p2a: Talonflame
|-damage|p2a: Talonflame|67/100
|
|upkeep
|turn|21
|j|☆galarslowkinglover
|inactive|galarslowkinglover reconnected and has 135 seconds left.
|player|p1|galarslowkinglover|lillie-masters|
|
|t:|1760359987
|move|p2a: Talonflame|Air Slash|p1a: Cresselia
|-damage|p1a: Cresselia|82/100
|move|p1a: Cresselia|Psychic|p2a: Talonflame
|-damage|p2a: Talonflame|36/100
|
|upkeep
|turn|22
|
|t:|1760359992
|move|p2a: Talonflame|Roost|p2a: Talonflame
|-heal|p2a: Talonflame|86/100
|-singleturn|p2a: Talonflame|move: Roost
|move|p1a: Cresselia|Psychic|p2a: Talonflame
|-damage|p2a: Talonflame|52/100
|
|upkeep
|turn|23
|
|t:|1760359999
|switch|p2a: Rotom|Rotom-Mow|100/100
|move|p1a: Cresselia|Psychic|p2a: Rotom
|-damage|p2a: Rotom|76/100
|
|upkeep
|turn|24
|
|t:|1760360006
|-terastallize|p1a: Cresselia|Poison
|move|p2a: Rotom|Leaf Storm|p1a: Cresselia
|-resisted|p1a: Cresselia
|-damage|p1a: Cresselia|67/100
|-unboost|p2a: Rotom|spa|2
|move|p1a: Cresselia|Psychic|p2a: Rotom
|-damage|p2a: Rotom|52/100
|
|upkeep
|turn|25
|
|t:|1760360016
|move|p2a: Rotom|Will-O-Wisp|p1a: Cresselia
|-status|p1a: Cresselia|brn
|move|p1a: Cresselia|Psychic|p2a: Rotom
|-damage|p2a: Rotom|25/100
|
|-damage|p1a: Cresselia|61/100 brn|[from] brn
|upkeep
|turn|26
|
|t:|1760360027
|switch|p2a: Pecharunt|Pecharunt|78/100
|move|p1a: Cresselia|Psychic|p2a: Pecharunt
|-supereffective|p2a: Pecharunt
|-damage|p2a: Pecharunt|27/100
|
|-damage|p1a: Cresselia|55/100 brn|[from] brn
|upkeep
|turn|27
|
|t:|1760360036
|switch|p2a: Talonflame|Talonflame, F|52/100
|move|p1a: Cresselia|Psychic|p2a: Talonflame
|-damage|p2a: Talonflame|23/100
|
|-damage|p1a: Cresselia|49/100 brn|[from] brn
|upkeep
|turn|28
|
|t:|1760360042
|move|p2a: Talonflame|Roost|p2a: Talonflame
|-heal|p2a: Talonflame|73/100
|-singleturn|p2a: Talonflame|move: Roost
|move|p1a: Cresselia|Psychic|p2a: Talonflame
|-damage|p2a: Talonflame|43/100
|
|-damage|p1a: Cresselia|43/100 brn|[from] brn
|upkeep
|turn|29
|
|t:|1760360050
|move|p2a: Talonflame|Roost|p2a: Talonflame
|-heal|p2a: Talonflame|93/100
|-singleturn|p2a: Talonflame|move: Roost
|move|p1a: Cresselia|Psychic|p2a: Talonflame
|-damage|p2a: Talonflame|63/100
|-unboost|p2a: Talonflame|spd|1
|
|-damage|p1a: Cresselia|37/100 brn|[from] brn
|upkeep
|turn|30
|
|t:|1760360065
|move|p2a: Talonflame|Air Slash|p1a: Cresselia
|-damage|p1a: Cresselia|25/100 brn
|move|p1a: Cresselia|Psychic|p2a: Talonflame
|-damage|p2a: Talonflame|13/100
|-unboost|p2a: Talonflame|spd|1
|
|-damage|p1a: Cresselia|19/100 brn|[from] brn
|upkeep
|turn|31
|
|t:|1760360073
|move|p2a: Talonflame|Roost|p2a: Talonflame
|-heal|p2a: Talonflame|63/100
|-singleturn|p2a: Talonflame|move: Roost
|move|p1a: Cresselia|Psychic|p2a: Talonflame
|-damage|p2a: Talonflame|0 fnt
|faint|p2a: Talonflame
|
|-damage|p1a: Cresselia|13/100 brn|[from] brn
|upkeep
|
|t:|1760360085
|switch|p2a: Rotom|Rotom-Mow|25/100
|turn|32
|l|☆galarslowkinglover
|inactive|galarslowkinglover disconnected and has a minute to reconnect!
|player|p1|
|inactive|galarslowkinglover has 30 seconds to reconnect!
|inactive|galarslowkinglover has 20 seconds to reconnect!
|inactive|galarslowkinglover has 15 seconds to reconnect!
|inactive|galarslowkinglover has 10 seconds to reconnect!
|inactive|galarslowkinglover has 5 seconds to reconnect!
|-message|galarslowkinglover lost due to inactivity.
|
|win|Bluelamentation
|raw|galarslowkinglover's rating: 1319 &rarr; <strong>1299</strong><br />(-20 for losing)
|raw|Bluelamentation's rating: 1319 &rarr; <strong>1339</strong><br />(+20 for winning)
|l|☆Bluelamentation
|player|p2|
