|j|☆China-GX-WL
|j|☆emjay2306
|t:|1760333995
|gametype|singles
|player|p1|China-GX-WL|giovanni|1395
|player|p2|emjay2306|cynthia|1435
|gen|9
|tier|[Gen 9] OU
|rated|
|rule|HP Percentage Mod: HP is shown in percentages
|rule|Endless Battle Clause: Forcing endless battles is banned
|rule|Species Clause: Limit one of each Pokémon
|rule|OHKO Clause: OHKO moves are banned
|rule|Evasion Items Clause: Evasion items are banned
|rule|Evasion Moves Clause: Evasion moves are banned
|rule|Evasion Abilities Clause: Evasion abilities are banned
|rule|Sleep Moves Clause: Sleep-inducing moves are banned
|clearpoke
|poke|p1|Gholdengo|
|poke|p1|Deoxys-Defense|
|poke|p1|Galvantula, M|
|poke|p1|Great Tusk|
|poke|p1|Ogerpon-Wellspring, F|
|poke|p1|Iron Moth|
|poke|p2|Dragonite, F|
|poke|p2|Gholdengo|
|poke|p2|Ribombee, M|
|poke|p2|Great Tusk|
|poke|p2|Iron Moth|
|poke|p2|Weavile, M|
|teampreview
|inactive|Battle timer is ON: inactive players will automatically lose when time's up. (requested by emjay2306)
|
|t:|1760334016
|teamsize|p1|6
|teamsize|p2|6
|start
|switch|p1a: Iron Moth|Iron Moth|100/100
|switch|p2a: Ribombee|Ribombee, M|100/100
|turn|1
|
|t:|1760334024
|move|p2a: Ribombee|Sticky Web|p1a: Iron Moth
|-sidestart|p1: China-GX-WL|move: Sticky Web
|move|p1a: Iron Moth|Fiery Dance|p2a: Ribombee
|-supereffective|p2a: Ribombee
|-enditem|p2a: Ribombee|Focus Sash
|-damage|p2a: Ribombee|1/100
|-boost|p1a: Iron Moth|spa|1
|
|upkeep
|turn|2
|
|t:|1760334032
|move|p2a: Ribombee|Psychic Noise|p1a: Iron Moth
|-supereffective|p1a: Iron Moth
|-damage|p1a: Iron Moth|72/100
|-start|p1a: Iron Moth|move: Heal Block
|move|p1a: Iron Moth|Fiery Dance|p2a: Ribombee
|-supereffective|p2a: Ribombee
|-damage|p2a: Ribombee|0 fnt
|-boost|p1a: Iron Moth|spa|1
|faint|p2a: Ribombee
|
|upkeep
|l|☆emjay2306
|inactive|emjay2306 disconnected and has a minute to reconnect!
|player|p2|
|j|☆emjay2306
|inactive|emjay2306 reconnected and has 130 seconds left.
|player|p2|emjay2306|cynthia|
|inactive|emjay2306 has 120 seconds left.
|
|t:|1760334064
|switch|p2a: Weavile|Weavile, M|100/100
|turn|3
|
|t:|1760334070
|move|p2a: Weavile|Knock Off|p1a: Iron Moth
|-damage|p1a: Iron Moth|0 fnt
|-enditem|p1a: Iron Moth|Assault Vest|[from] move: Knock Off|[of] p2a: Weavile
|faint|p1a: Iron Moth
|-end|p1a: Iron Moth|Quark Drive|[silent]
|
|upkeep
|
|t:|1760334083
|switch|p1a: Great Tusk|Great Tusk|100/100
|-activate|p1a: Great Tusk|move: Sticky Web
|-unboost|p1a: Great Tusk|spe|1
|-enditem|p1a: Great Tusk|Booster Energy
|-activate|p1a: Great Tusk|ability: Protosynthesis|[fromitem]
|-start|p1a: Great Tusk|protosynthesisatk
|turn|4
|
|t:|1760334094
|switch|p2a: Gholdengo|Gholdengo|100/100
|-item|p2a: Gholdengo|Air Balloon
|move|p1a: Great Tusk|Headlong Rush|p2a: Gholdengo
|-immune|p2a: Gholdengo
|
|upkeep
|turn|5
|
|t:|1760334102
|move|p2a: Gholdengo|Dazzling Gleam|p1a: Great Tusk
|-supereffective|p1a: Great Tusk
|-damage|p1a: Great Tusk|24/100
|move|p1a: Great Tusk|Ice Spinner|p2a: Gholdengo
|-resisted|p2a: Gholdengo
|-damage|p2a: Gholdengo|81/100
|-enditem|p2a: Gholdengo|Air Balloon
|
|upkeep
|turn|6
|
|t:|1760334116
|-end|p1a: Great Tusk|Protosynthesis|[silent]
|switch|p1a: Gholdengo|Gholdengo|100/100
|-item|p1a: Gholdengo|Air Balloon
|move|p2a: Gholdengo|Shadow Ball|p1a: Gholdengo
|-supereffective|p1a: Gholdengo
|-damage|p1a: Gholdengo|11/100
|-enditem|p1a: Gholdengo|Air Balloon
|
|upkeep
|turn|7
|
|t:|1760334142
|switch|p2a: Great Tusk|Great Tusk|100/100
|move|p1a: Gholdengo|Hex|p2a: Great Tusk
|-damage|p2a: Great Tusk|54/100
|
|upkeep
|turn|8
|
|t:|1760334162
|move|p2a: Great Tusk|Stealth Rock|p1a: Gholdengo
|-sidestart|p1: China-GX-WL|move: Stealth Rock
|move|p1a: Gholdengo|Make It Rain|p2a: Great Tusk
|-damage|p2a: Great Tusk|0 fnt
|-unboost|p1a: Gholdengo|spa|1
|faint|p2a: Great Tusk
|-end|p2a: Great Tusk|Protosynthesis|[silent]
|
|upkeep
|
|t:|1760334168
|switch|p2a: Iron Moth|Iron Moth|100/100
|-enditem|p2a: Iron Moth|Booster Energy
|-activate|p2a: Iron Moth|ability: Quark Drive|[fromitem]
|-start|p2a: Iron Moth|quarkdrivespe
|turn|9
|
|t:|1760334175
|move|p2a: Iron Moth|Fiery Dance|p1a: Gholdengo
|-supereffective|p1a: Gholdengo
|-damage|p1a: Gholdengo|0 fnt
|faint|p1a: Gholdengo
|
|upkeep
|
|t:|1760334181
|switch|p1a: Great Tusk|Great Tusk|24/100
|-activate|p1a: Great Tusk|move: Sticky Web
|-unboost|p1a: Great Tusk|spe|1
|-damage|p1a: Great Tusk|21/100|[from] Stealth Rock
|turn|10
|
|t:|1760334187
|move|p2a: Iron Moth|Fiery Dance|p1a: Great Tusk
|-damage|p1a: Great Tusk|0 fnt
|faint|p1a: Great Tusk
|-end|p1a: Great Tusk|Protosynthesis|[silent]
|
|upkeep
|
|t:|1760334196
|switch|p1a: Ogerpon|Ogerpon-Wellspring, F|100/100
|-activate|p1a: Ogerpon|move: Sticky Web
|-unboost|p1a: Ogerpon|spe|1
|-damage|p1a: Ogerpon|88/100|[from] Stealth Rock
|turn|11
|
|t:|1760334202
|move|p2a: Iron Moth|Sludge Wave|p1a: Ogerpon
|-supereffective|p1a: Ogerpon
|-damage|p1a: Ogerpon|0 fnt
|faint|p1a: Ogerpon
|
|upkeep
|
|t:|1760334210
|switch|p1a: Deoxys|Deoxys-Defense|100/100
|-activate|p1a: Deoxys|move: Sticky Web
|-unboost|p1a: Deoxys|spe|1
|-damage|p1a: Deoxys|88/100|[from] Stealth Rock
|-ability|p1a: Deoxys|Pressure
|turn|12
|
|t:|1760334217
|-end|p2a: Iron Moth|Quark Drive|[silent]
|switch|p2a: Gholdengo|Gholdengo|81/100
|move|p1a: Deoxys|Cosmic Power|p1a: Deoxys
|-boost|p1a: Deoxys|def|1
|-boost|p1a: Deoxys|spd|1
|
|-heal|p1a: Deoxys|94/100|[from] item: Leftovers
|upkeep
|turn|13
|
|t:|1760334228
|-terastallize|p1a: Deoxys|Steel
|move|p2a: Gholdengo|Shadow Ball|p1a: Deoxys
|-damage|p1a: Deoxys|74/100
|move|p1a: Deoxys|Cosmic Power|p1a: Deoxys
|-boost|p1a: Deoxys|def|1
|-boost|p1a: Deoxys|spd|1
|
|-heal|p1a: Deoxys|80/100|[from] item: Leftovers
|upkeep
|turn|14
|
|t:|1760334240
|switch|p2a: Dragonite|Dragonite, F|100/100
|move|p1a: Deoxys|Cosmic Power|p1a: Deoxys
|-boost|p1a: Deoxys|def|1
|-boost|p1a: Deoxys|spd|1
|
|-heal|p1a: Deoxys|86/100|[from] item: Leftovers
|upkeep
|turn|15
|
|t:|1760334253
|move|p2a: Dragonite|Encore|p1a: Deoxys
|-start|p1a: Deoxys|Encore
|move|p1a: Deoxys|Cosmic Power|p1a: Deoxys
|-boost|p1a: Deoxys|def|1
|-boost|p1a: Deoxys|spd|1
|
|-heal|p1a: Deoxys|92/100|[from] item: Leftovers
|upkeep
|turn|16
|
|t:|1760334262
|move|p2a: Dragonite|Dragon Dance|p2a: Dragonite
|-boost|p2a: Dragonite|atk|1
|-boost|p2a: Dragonite|spe|1
|move|p1a: Deoxys|Cosmic Power|p1a: Deoxys
|-boost|p1a: Deoxys|def|1
|-boost|p1a: Deoxys|spd|1
|
|-heal|p1a: Deoxys|99/100|[from] item: Leftovers
|upkeep
|turn|17
|-message|China-GX-WL forfeited.
|
|win|emjay2306
|raw|China-GX-WL's rating: 1395 &rarr; <strong>1377</strong><br />(-18 for losing)
|raw|emjay2306's rating: 1435 &rarr; <strong>1453</strong><br />(+18 for winning)
|l|☆China-GX-WL
|player|p1|
|l|☆emjay2306
|player|p2|
