|j|☆ronthebontron
|j|☆Friea9zhan
|t:|1760408838
|gametype|singles
|player|p1|ronthebontron|101|1115
|player|p2|Friea9zhan|red|1111
|gen|9
|tier|[Gen 9] OU
|rated|
|rule|HP Percentage Mod: HP is shown in percentages
|rule|Endless Battle Clause: Forcing endless battles is banned
|rule|Species Clause: Limit one of each Pokémon
|rule|OHKO Clause: OHKO moves are banned
|rule|Evasion Items Clause: Evasion items are banned
|rule|Evasion Moves Clause: Evasion moves are banned
|rule|Evasion Abilities Clause: Evasion abilities are banned
|rule|Sleep Moves Clause: Sleep-inducing moves are banned
|clearpoke
|poke|p1|Amoonguss, M|
|poke|p1|Incineroar, F|
|poke|p1|Rillaboom, M|
|poke|p1|Iron Hands|
|poke|p1|Ursaluna, M|
|poke|p1|Kingambit, F|
|poke|p2|Landorus-Therian, M|
|poke|p2|Corviknight, F|
|poke|p2|Gholdengo|
|poke|p2|Raging Bolt|
|poke|p2|Darkrai|
|poke|p2|Rillaboom, F|
|teampreview
|inactive|Battle timer is ON: inactive players will automatically lose when time's up. (requested by ronthebontron)
|c|☆ronthebontron|glhf
|
|t:|1760408852
|teamsize|p1|6
|teamsize|p2|6
|start
|switch|p1a: Ursaluna|Ursaluna, M|100/100
|switch|p2a: Landorus|Landorus-Therian, M|100/100
|-ability|p2a: Landorus|Intimidate|boost
|-unboost|p1a: Ursaluna|atk|1
|turn|1
|
|t:|1760408863
|move|p2a: Landorus|Earthquake|p1a: Ursaluna
|-damage|p1a: Ursaluna|53/100
|move|p1a: Ursaluna|Swords Dance|p1a: Ursaluna
|-boost|p1a: Ursaluna|atk|2
|
|-status|p1a: Ursaluna|brn|[from] item: Flame Orb
|upkeep
|turn|2
|
|t:|1760408884
|move|p2a: Landorus|Earthquake|p1a: Ursaluna
|-damage|p1a: Ursaluna|4/100 brn
|move|p1a: Ursaluna|Facade|p2a: Landorus
|-damage|p2a: Landorus|0 fnt
|faint|p2a: Landorus
|
|-damage|p1a: Ursaluna|0 fnt|[from] brn
|faint|p1a: Ursaluna
|upkeep
|
|t:|1760408905
|switch|p2a: Raging Bolt|Raging Bolt|100/100
|switch|p1a: Amoonguss|Amoonguss, M|100/100
|-enditem|p2a: Raging Bolt|Booster Energy
|-activate|p2a: Raging Bolt|ability: Protosynthesis|[fromitem]
|-start|p2a: Raging Bolt|protosynthesisspa
|turn|3
|
|t:|1760408916
|move|p2a: Raging Bolt|Discharge|p1a: Amoonguss
|-resisted|p1a: Amoonguss
|-damage|p1a: Amoonguss|80/100
|move|p1a: Amoonguss|Toxic|p2a: Raging Bolt
|-status|p2a: Raging Bolt|tox
|
|-damage|p2a: Raging Bolt|94/100 tox|[from] psn
|upkeep
|turn|4
|
|t:|1760408926
|move|p1a: Amoonguss|Protect|p1a: Amoonguss
|-singleturn|p1a: Amoonguss|Protect
|move|p2a: Raging Bolt|Draco Meteor|p1a: Amoonguss
|-activate|p1a: Amoonguss|move: Protect
|
|-damage|p2a: Raging Bolt|82/100 tox|[from] psn
|upkeep
|turn|5
|
|t:|1760408935
|move|p2a: Raging Bolt|Discharge|p1a: Amoonguss
|-resisted|p1a: Amoonguss
|-damage|p1a: Amoonguss|58/100
|-status|p1a: Amoonguss|par
|move|p1a: Amoonguss|Sludge Bomb|p2a: Raging Bolt
|-damage|p2a: Raging Bolt|59/100 tox
|
|-damage|p2a: Raging Bolt|40/100 tox|[from] psn
|upkeep
|turn|6
|
|t:|1760408945
|cant|p1a: Amoonguss|par
|move|p2a: Raging Bolt|Calm Mind|p2a: Raging Bolt
|-boost|p2a: Raging Bolt|spa|1
|-boost|p2a: Raging Bolt|spd|1
|
|-damage|p2a: Raging Bolt|16/100 tox|[from] psn
|upkeep
|turn|7
|
|t:|1760408953
|-end|p2a: Raging Bolt|Protosynthesis|[silent]
|switch|p2a: Darkrai|Darkrai|100/100
|move|p1a: Amoonguss|Clear Smog|p2a: Darkrai
|-damage|p2a: Darkrai|81/100
|-clearboost|p2a: Darkrai
|
|upkeep
|turn|8
|
|t:|1760408962
|move|p2a: Darkrai|Blizzard|p1a: Amoonguss
|-supereffective|p1a: Amoonguss
|-damage|p1a: Amoonguss|8/100 par
|-enditem|p1a: Amoonguss|Sitrus Berry|[eat]
|-heal|p1a: Amoonguss|33/100 par|[from] item: Sitrus Berry
|move|p1a: Amoonguss|Toxic|p2a: Darkrai
|-status|p2a: Darkrai|tox
|
|-damage|p2a: Darkrai|75/100 tox|[from] psn
|upkeep
|turn|9
|
|t:|1760408973
|cant|p1a: Amoonguss|par
|move|p2a: Darkrai|Focus Blast|p1a: Amoonguss
|-resisted|p1a: Amoonguss
|-damage|p1a: Amoonguss|19/100 par
|
|-damage|p2a: Darkrai|63/100 tox|[from] psn
|upkeep
|turn|10
|
|t:|1760408981
|move|p1a: Amoonguss|Protect|p1a: Amoonguss
|-singleturn|p1a: Amoonguss|Protect
|move|p2a: Darkrai|Dark Pulse|p1a: Amoonguss
|-activate|p1a: Amoonguss|move: Protect
|
|-damage|p2a: Darkrai|45/100 tox|[from] psn
|upkeep
|turn|11
|
|t:|1760408991
|move|p2a: Darkrai|Blizzard|p1a: Amoonguss
|-supereffective|p1a: Amoonguss
|-damage|p1a: Amoonguss|0 fnt
|faint|p1a: Amoonguss
|
|-damage|p2a: Darkrai|20/100 tox|[from] psn
|upkeep
|
|t:|1760408996
|switch|p1a: Rillaboom|Rillaboom, M|100/100
|-fieldstart|move: Grassy Terrain|[from] ability: Grassy Surge|[of] p1a: Rillaboom
|turn|12
|
|t:|1760409001
|move|p1a: Rillaboom|Grassy Glide|p2a: Darkrai
|-crit|p2a: Darkrai
|-damage|p2a: Darkrai|0 fnt
|faint|p2a: Darkrai
|
|upkeep
|
|t:|1760409007
|switch|p2a: Corviknight|Corviknight, F|100/100
|turn|13
|
|t:|1760409014
|switch|p1a: Incineroar|Incineroar, F|100/100
|-ability|p1a: Incineroar|Intimidate|boost
|-ability|p2a: Corviknight|Mirror Armor
|-unboost|p1a: Incineroar|atk|1
|move|p2a: Corviknight|Iron Defense|p2a: Corviknight
|-boost|p2a: Corviknight|def|2
|
|upkeep
|turn|14
|
|t:|1760409023
|move|p1a: Incineroar|Fake Out|p2a: Corviknight
|-resisted|p2a: Corviknight
|-damage|p2a: Corviknight|99/100
|-damage|p1a: Incineroar|84/100|[from] item: Rocky Helmet|[of] p2a: Corviknight
|cant|p2a: Corviknight|flinch
|
|-heal|p1a: Incineroar|90/100|[from] Grassy Terrain
|upkeep
|turn|15
|
|t:|1760409032
|move|p2a: Corviknight|Iron Defense|p2a: Corviknight
|-boost|p2a: Corviknight|def|2
|move|p1a: Incineroar|Will-O-Wisp|p2a: Corviknight
|-status|p2a: Corviknight|brn
|
|-heal|p1a: Incineroar|96/100|[from] Grassy Terrain
|-damage|p2a: Corviknight|93/100 brn|[from] brn
|upkeep
|turn|16
|
|t:|1760409041
|move|p2a: Corviknight|Iron Defense|p2a: Corviknight
|-boost|p2a: Corviknight|def|2
|move|p1a: Incineroar|Knock Off|p2a: Corviknight
|-damage|p2a: Corviknight|89/100 brn
|-damage|p1a: Incineroar|80/100|[from] item: Rocky Helmet|[of] p2a: Corviknight
|-enditem|p2a: Corviknight|Rocky Helmet|[from] move: Knock Off|[of] p1a: Incineroar
|
|-heal|p1a: Incineroar|86/100|[from] Grassy Terrain
|-damage|p2a: Corviknight|83/100 brn|[from] brn
|-fieldend|move: Grassy Terrain
|upkeep
|turn|17
|
|t:|1760409053
|move|p2a: Corviknight|Body Press|p1a: Incineroar
|-supereffective|p1a: Incineroar
|-damage|p1a: Incineroar|0 fnt
|faint|p1a: Incineroar
|
|-damage|p2a: Corviknight|76/100 brn|[from] brn
|upkeep
|
|t:|1760409061
|switch|p1a: Iron Hands|Iron Hands|100/100
|-enditem|p1a: Iron Hands|Booster Energy
|-activate|p1a: Iron Hands|ability: Quark Drive|[fromitem]
|-start|p1a: Iron Hands|quarkdriveatk
|turn|18
|
|t:|1760409066
|move|p1a: Iron Hands|Fake Out|p2a: Corviknight
|-resisted|p2a: Corviknight
|-damage|p2a: Corviknight|75/100 brn
|cant|p2a: Corviknight|flinch
|
|-damage|p2a: Corviknight|68/100 brn|[from] brn
|upkeep
|turn|19
|
|t:|1760409076
|move|p2a: Corviknight|Roost|p2a: Corviknight
|-heal|p2a: Corviknight|100/100 brn
|-singleturn|p2a: Corviknight|move: Roost
|move|p1a: Iron Hands|Drain Punch|p2a: Corviknight
|-supereffective|p2a: Corviknight
|-damage|p2a: Corviknight|82/100 brn
|
|-damage|p2a: Corviknight|76/100 brn|[from] brn
|upkeep
|turn|20
|
|t:|1760409086
|move|p2a: Corviknight|Body Press|p1a: Iron Hands
|-damage|p1a: Iron Hands|65/100
|move|p1a: Iron Hands|Swords Dance|p1a: Iron Hands
|-boost|p1a: Iron Hands|atk|2
|
|-damage|p2a: Corviknight|70/100 brn|[from] brn
|upkeep
|turn|21
|
|t:|1760409095
|move|p2a: Corviknight|Body Press|p1a: Iron Hands
|-damage|p1a: Iron Hands|25/100
|move|p1a: Iron Hands|Drain Punch|p2a: Corviknight
|-damage|p2a: Corviknight|53/100 brn
|-heal|p1a: Iron Hands|32/100|[from] drain|[of] p2a: Corviknight
|
|-damage|p2a: Corviknight|47/100 brn|[from] brn
|upkeep
|turn|22
|
|t:|1760409106
|move|p2a: Corviknight|Roost|p2a: Corviknight
|-heal|p2a: Corviknight|97/100 brn
|-singleturn|p2a: Corviknight|move: Roost
|move|p1a: Iron Hands|Drain Punch|p2a: Corviknight
|-supereffective|p2a: Corviknight
|-damage|p2a: Corviknight|64/100 brn
|-heal|p1a: Iron Hands|47/100|[from] drain|[of] p2a: Corviknight
|
|-damage|p2a: Corviknight|58/100 brn|[from] brn
|upkeep
|turn|23
|
|t:|1760409117
|move|p2a: Corviknight|Body Press|p1a: Iron Hands
|-damage|p1a: Iron Hands|9/100
|move|p1a: Iron Hands|Drain Punch|p2a: Corviknight
|-damage|p2a: Corviknight|39/100 brn
|-heal|p1a: Iron Hands|17/100|[from] drain|[of] p2a: Corviknight
|
|-damage|p2a: Corviknight|33/100 brn|[from] brn
|upkeep
|turn|24
|
|t:|1760409127
|-terastallize|p2a: Corviknight|Ground
|move|p2a: Corviknight|Roost|p2a: Corviknight
|-heal|p2a: Corviknight|83/100 brn
|move|p1a: Iron Hands|Drain Punch|p2a: Corviknight
|-damage|p2a: Corviknight|66/100 brn
|-heal|p1a: Iron Hands|25/100|[from] drain|[of] p2a: Corviknight
|
|-damage|p2a: Corviknight|59/100 brn|[from] brn
|upkeep
|turn|25
|
|t:|1760409139
|move|p2a: Corviknight|Roost|p2a: Corviknight
|-heal|p2a: Corviknight|100/100 brn
|move|p1a: Iron Hands|Drain Punch|p2a: Corviknight
|-damage|p2a: Corviknight|84/100 brn
|-heal|p1a: Iron Hands|32/100|[from] drain|[of] p2a: Corviknight
|
|-damage|p2a: Corviknight|78/100 brn|[from] brn
|upkeep
|turn|26
|
|t:|1760409149
|move|p2a: Corviknight|Body Press|p1a: Iron Hands
|-damage|p1a: Iron Hands|0 fnt
|faint|p1a: Iron Hands
|-end|p1a: Iron Hands|Quark Drive|[silent]
|
|-damage|p2a: Corviknight|71/100 brn|[from] brn
|upkeep
|
|t:|1760409175
|switch|p1a: Rillaboom|Rillaboom, M|100/100
|-fieldstart|move: Grassy Terrain|[from] ability: Grassy Surge|[of] p1a: Rillaboom
|turn|27
|
|t:|1760409181
|move|p1a: Rillaboom|Grassy Glide|p2a: Corviknight
|-supereffective|p2a: Corviknight
|-damage|p2a: Corviknight|60/100 brn
|move|p2a: Corviknight|Roost|p2a: Corviknight
|-heal|p2a: Corviknight|100/100 brn
|
|-damage|p2a: Corviknight|94/100 brn|[from] brn
|upkeep
|turn|28
|
|t:|1760409190
|move|p1a: Rillaboom|Bulk Up|p1a: Rillaboom
|-boost|p1a: Rillaboom|atk|1
|-boost|p1a: Rillaboom|def|1
|move|p2a: Corviknight|Body Press|p1a: Rillaboom
|-damage|p1a: Rillaboom|62/100
|
|-heal|p1a: Rillaboom|68/100|[from] Grassy Terrain
|-heal|p2a: Corviknight|100/100 brn|[from] Grassy Terrain
|-damage|p2a: Corviknight|94/100 brn|[from] brn
|upkeep
|turn|29
|
|t:|1760409200
|move|p1a: Rillaboom|Bulk Up|p1a: Rillaboom
|-boost|p1a: Rillaboom|atk|1
|-boost|p1a: Rillaboom|def|1
|move|p2a: Corviknight|Body Press|p1a: Rillaboom
|-damage|p1a: Rillaboom|39/100
|-enditem|p1a: Rillaboom|Sitrus Berry|[eat]
|-heal|p1a: Rillaboom|64/100|[from] item: Sitrus Berry
|
|-heal|p1a: Rillaboom|70/100|[from] Grassy Terrain
|-heal|p2a: Corviknight|100/100 brn|[from] Grassy Terrain
|-damage|p2a: Corviknight|94/100 brn|[from] brn
|upkeep
|turn|30
|
|t:|1760409213
|move|p1a: Rillaboom|Bulk Up|p1a: Rillaboom
|-boost|p1a: Rillaboom|atk|1
|-boost|p1a: Rillaboom|def|1
|move|p2a: Corviknight|Body Press|p1a: Rillaboom
|-damage|p1a: Rillaboom|48/100
|
|-heal|p1a: Rillaboom|54/100|[from] Grassy Terrain
|-heal|p2a: Corviknight|100/100 brn|[from] Grassy Terrain
|-damage|p2a: Corviknight|94/100 brn|[from] brn
|upkeep
|turn|31
|
|t:|1760409224
|move|p1a: Rillaboom|Drum Beating|p2a: Corviknight
|-supereffective|p2a: Corviknight
|-crit|p2a: Corviknight
|-damage|p2a: Corviknight|0 fnt
|faint|p2a: Corviknight
|
|-heal|p1a: Rillaboom|60/100|[from] Grassy Terrain
|-fieldend|move: Grassy Terrain
|upkeep
|
|t:|1760409232
|switch|p2a: Gholdengo|Gholdengo|100/100
|turn|32
|
|t:|1760409245
|-terastallize|p1a: Rillaboom|Ground
|move|p2a: Gholdengo|Focus Blast|p1a: Rillaboom
|-damage|p1a: Rillaboom|0 fnt
|faint|p1a: Rillaboom
|
|upkeep
|
|t:|1760409249
|switch|p1a: Kingambit|Kingambit, F|100/100
|-activate|p1a: Kingambit|ability: Supreme Overlord
|-start|p1a: Kingambit|fallen5|[silent]
|turn|33
|
|t:|1760409261
|switch|p2a: Rillaboom|Rillaboom, F|100/100
|-fieldstart|move: Grassy Terrain|[from] ability: Grassy Surge|[of] p2a: Rillaboom
|move|p1a: Kingambit|Sucker Punch||[still]
|-fail|p1a: Kingambit
|
|upkeep
|turn|34
|
|t:|1760409270
|move|p2a: Rillaboom|Grassy Glide|p1a: Kingambit
|-resisted|p1a: Kingambit
|-damage|p1a: Kingambit|89/100
|move|p1a: Kingambit|Kowtow Cleave|p2a: Rillaboom
|-damage|p2a: Rillaboom|43/100
|
|-heal|p2a: Rillaboom|49/100|[from] Grassy Terrain
|-heal|p1a: Kingambit|95/100|[from] Grassy Terrain
|upkeep
|turn|35
|
|t:|1760409280
|move|p2a: Rillaboom|High Horsepower|p1a: Kingambit
|-supereffective|p1a: Kingambit
|-damage|p1a: Kingambit|53/100
|move|p1a: Kingambit|Swords Dance|p1a: Kingambit
|-boost|p1a: Kingambit|atk|2
|
|-heal|p2a: Rillaboom|55/100|[from] Grassy Terrain
|-heal|p1a: Kingambit|59/100|[from] Grassy Terrain
|upkeep
|turn|36
|
|t:|1760409289
|move|p2a: Rillaboom|Grassy Glide|p1a: Kingambit
|-resisted|p1a: Kingambit
|-damage|p1a: Kingambit|48/100
|move|p1a: Kingambit|Sucker Punch||[still]
|-fail|p1a: Kingambit
|
|-heal|p2a: Rillaboom|61/100|[from] Grassy Terrain
|-heal|p1a: Kingambit|54/100|[from] Grassy Terrain
|upkeep
|turn|37
|
|t:|1760409301
|move|p2a: Rillaboom|High Horsepower|p1a: Kingambit
|-supereffective|p1a: Kingambit
|-damage|p1a: Kingambit|13/100
|move|p1a: Kingambit|Kowtow Cleave|p2a: Rillaboom
|-damage|p2a: Rillaboom|0 fnt
|faint|p2a: Rillaboom
|
|-heal|p1a: Kingambit|19/100|[from] Grassy Terrain
|-fieldend|move: Grassy Terrain
|upkeep
|
|t:|1760409312
|switch|p2a: Raging Bolt|Raging Bolt|16/100 tox
|turn|38
|
|t:|1760409317
|move|p1a: Kingambit|Sucker Punch|p2a: Raging Bolt
|-damage|p2a: Raging Bolt|0 fnt
|faint|p2a: Raging Bolt
|-end|p2a: Raging Bolt|Protosynthesis|[silent]
|
|upkeep
|
|t:|1760409322
|switch|p2a: Gholdengo|Gholdengo|100/100
|turn|39
|
|t:|1760409327
|move|p1a: Kingambit|Sucker Punch|p2a: Gholdengo
|-supereffective|p2a: Gholdengo
|-damage|p2a: Gholdengo|0 fnt
|faint|p2a: Gholdengo
|
|win|ronthebontron
|raw|ronthebontron's rating: 1115 &rarr; <strong>1140</strong><br />(+25 for winning)
|raw|Friea9zhan's rating: 1111 &rarr; <strong>1086</strong><br />(-25 for losing)
|l|☆Friea9zhan
|player|p2|
|c|☆ronthebontron|gg
