|j|☆jdell10
|j|☆LikeEmerald
|t:|1760374519
|gametype|singles
|player|p1|jdell10|1|1130
|player|p2|LikeEmerald|2|1153
|gen|9
|tier|[Gen 9] OU
|rated|
|rule|HP Percentage Mod: HP is shown in percentages
|rule|Endless Battle Clause: Forcing endless battles is banned
|rule|Species Clause: Limit one of each Pokémon
|rule|OHKO Clause: OHKO moves are banned
|rule|Evasion Items Clause: Evasion items are banned
|rule|Evasion Moves Clause: Evasion moves are banned
|rule|Evasion Abilities Clause: Evasion abilities are banned
|rule|Sleep Moves Clause: Sleep-inducing moves are banned
|clearpoke
|poke|p1|Great Tusk|
|poke|p1|Dragapult, M|
|poke|p1|Ninetales, F|
|poke|p1|Walking Wake|
|poke|p1|Lilligant-Hisui, F|
|poke|p1|Venusaur, M|
|poke|p2|Ribombee, F|
|poke|p2|Arboliva, M|
|poke|p2|Ninetales, F|
|poke|p2|Great Tusk|
|poke|p2|Slither Wing|
|poke|p2|Palossand, M|
|teampreview
|
|t:|1760374537
|teamsize|p1|6
|teamsize|p2|6
|start
|switch|p1a: Dragapult|Dragapult, M, shiny|100/100
|switch|p2a: Ribombee|Ribombee, F|100/100
|turn|1
|
|t:|1760374546
|-terastallize|p1a: Dragapult|Fairy
|move|p1a: Dragapult|Light Screen|p1a: Dragapult
|-sidestart|p1: jdell10|move: Light Screen
|move|p2a: Ribombee|Sticky Web|p1a: Dragapult
|-sidestart|p1: jdell10|move: Sticky Web
|
|upkeep
|turn|2
|
|t:|1760374551
|move|p1a: Dragapult|Reflect|p1a: Dragapult
|-sidestart|p1: jdell10|Reflect
|move|p2a: Ribombee|Stun Spore|p1a: Dragapult|[miss]
|-miss|p2a: Ribombee|p1a: Dragapult
|
|upkeep
|turn|3
|
|t:|1760374556
|move|p1a: Dragapult|U-turn|p2a: Ribombee
|-resisted|p2a: Ribombee
|-damage|p2a: Ribombee|78/100
|
|t:|1760374559
|switch|p1a: Ninetales|Ninetales, F, shiny|100/100|[from] U-turn
|-activate|p1a: Ninetales|move: Sticky Web
|-unboost|p1a: Ninetales|spe|1
|-weather|SunnyDay|[from] ability: Drought|[of] p1a: Ninetales
|move|p2a: Ribombee|Stun Spore|p1a: Ninetales
|-status|p1a: Ninetales|par
|
|-weather|SunnyDay|[upkeep]
|upkeep
|turn|4
|
|t:|1760374573
|switch|p2a: Palossand|Palossand, M|100/100
|move|p1a: Ninetales|Overheat|p2a: Palossand|[miss]
|-miss|p1a: Ninetales|p2a: Palossand
|
|-weather|SunnyDay|[upkeep]
|upkeep
|turn|5
|
|t:|1760374580
|move|p1a: Ninetales|Solar Beam||[still]
|-prepare|p1a: Ninetales|Solar Beam
|-anim|p1a: Ninetales|Solar Beam|p2a: Palossand
|-supereffective|p2a: Palossand
|-damage|p2a: Palossand|33/100
|move|p2a: Palossand|Stealth Rock|p1a: Ninetales
|-sidestart|p1: jdell10|move: Stealth Rock
|
|-weather|SunnyDay|[upkeep]
|-heal|p2a: Palossand|39/100|[from] item: Leftovers
|upkeep
|turn|6
|
|t:|1760374591
|switch|p2a: Arboliva|Arboliva, M|100/100
|cant|p1a: Ninetales|par
|
|-weather|SunnyDay|[upkeep]
|upkeep
|turn|7
|
|t:|1760374599
|move|p2a: Arboliva|Earth Power|p1a: Ninetales
|-supereffective|p1a: Ninetales
|-damage|p1a: Ninetales|64/100 par
|move|p1a: Ninetales|Overheat|p2a: Arboliva
|-supereffective|p2a: Arboliva
|-damage|p2a: Arboliva|0 fnt
|-unboost|p1a: Ninetales|spa|2
|faint|p2a: Arboliva
|
|-weather|SunnyDay|[upkeep]
|upkeep
|
|t:|1760374614
|switch|p2a: Great Tusk|Great Tusk|100/100
|-activate|p2a: Great Tusk|ability: Protosynthesis
|-start|p2a: Great Tusk|protosynthesisatk
|turn|8
|
|t:|1760374628
|move|p2a: Great Tusk|Rapid Spin|p1a: Ninetales
|-damage|p1a: Ninetales|46/100 par
|-boost|p2a: Great Tusk|spe|1
|move|p1a: Ninetales|Encore|p2a: Great Tusk
|-start|p2a: Great Tusk|Encore
|
|-weather|SunnyDay|[upkeep]
|-sideend|p1: jdell10|move: Light Screen
|upkeep
|turn|9
|
|t:|1760374635
|-end|p2a: Great Tusk|Protosynthesis|[silent]
|switch|p2a: Ninetales|Ninetales, F|100/100
|switch|p1a: Great Tusk|Great Tusk|100/100
|-activate|p1a: Great Tusk|move: Sticky Web
|-unboost|p1a: Great Tusk|spe|1
|-damage|p1a: Great Tusk|98/100|[from] Stealth Rock
|-activate|p1a: Great Tusk|ability: Protosynthesis
|-start|p1a: Great Tusk|protosynthesisdef
|
|-weather|SunnyDay|[upkeep]
|-sideend|p1: jdell10|Reflect
|upkeep
|turn|10
|
|t:|1760374648
|-terastallize|p2a: Ninetales|Fire
|move|p2a: Ninetales|Flamethrower|p1a: Great Tusk
|-damage|p1a: Great Tusk|61/100
|-status|p1a: Great Tusk|brn
|move|p1a: Great Tusk|Rapid Spin|p2a: Ninetales
|-damage|p2a: Ninetales|90/100
|-boost|p1a: Great Tusk|spe|1
|-sideend|p1: jdell10|Stealth Rock|[from] move: Rapid Spin|[of] p1a: Great Tusk
|-sideend|p1: jdell10|Sticky Web|[from] move: Rapid Spin|[of] p1a: Great Tusk
|
|-weather|none
|-end|p1a: Great Tusk|Protosynthesis
|-damage|p1a: Great Tusk|54/100 brn|[from] brn
|upkeep
|turn|11
|
|t:|1760374662
|move|p2a: Ninetales|Encore|p1a: Great Tusk
|-start|p1a: Great Tusk|Encore
|move|p1a: Great Tusk|Rapid Spin|p2a: Ninetales
|-damage|p2a: Ninetales|80/100
|-boost|p1a: Great Tusk|spe|1
|
|-damage|p1a: Great Tusk|48/100 brn|[from] brn
|upkeep
|turn|12
|
|t:|1760374670
|switch|p2a: Palossand|Palossand, M|39/100
|move|p1a: Great Tusk|Rapid Spin|p2a: Palossand
|-immune|p2a: Palossand
|
|-heal|p2a: Palossand|45/100|[from] item: Leftovers
|-damage|p1a: Great Tusk|42/100 brn|[from] brn
|upkeep
|turn|13
|
|t:|1760374679
|-end|p1a: Great Tusk|Protosynthesis|[silent]
|switch|p1a: Ninetales|Ninetales, F, shiny|46/100 par
|-weather|SunnyDay|[from] ability: Drought|[of] p1a: Ninetales
|move|p2a: Palossand|Stealth Rock|p1a: Ninetales
|-sidestart|p1: jdell10|move: Stealth Rock
|
|-weather|SunnyDay|[upkeep]
|-heal|p2a: Palossand|52/100|[from] item: Leftovers
|upkeep
|turn|14
|
|t:|1760374686
|move|p1a: Ninetales|Solar Beam||[still]
|-prepare|p1a: Ninetales|Solar Beam
|-anim|p1a: Ninetales|Solar Beam|p2a: Palossand
|-supereffective|p2a: Palossand
|-damage|p2a: Palossand|0 fnt
|faint|p2a: Palossand
|
|-weather|SunnyDay|[upkeep]
|upkeep
|
|t:|1760374691
|switch|p2a: Great Tusk|Great Tusk|100/100
|-activate|p2a: Great Tusk|ability: Protosynthesis
|-start|p2a: Great Tusk|protosynthesisatk
|turn|15
|
|t:|1760374705
|move|p2a: Great Tusk|Headlong Rush|p1a: Ninetales
|-supereffective|p1a: Ninetales
|-damage|p1a: Ninetales|0 fnt
|-unboost|p2a: Great Tusk|def|1
|-unboost|p2a: Great Tusk|spd|1
|faint|p1a: Ninetales
|
|-weather|SunnyDay|[upkeep]
|upkeep
|
|t:|1760374713
|switch|p1a: Walking Wake|Walking Wake|100/100
|-damage|p1a: Walking Wake|88/100|[from] Stealth Rock
|-activate|p1a: Walking Wake|ability: Protosynthesis
|-start|p1a: Walking Wake|protosynthesisspa
|turn|16
|
|t:|1760374722
|-end|p2a: Great Tusk|Protosynthesis|[silent]
|switch|p2a: Ribombee|Ribombee, F|78/100
|move|p1a: Walking Wake|Hydro Steam|p2a: Ribombee
|-damage|p2a: Ribombee|0 fnt
|faint|p2a: Ribombee
|
|-weather|SunnyDay|[upkeep]
|upkeep
|
|t:|1760374724
|switch|p2a: Slither Wing|Slither Wing|100/100
|-activate|p2a: Slither Wing|ability: Protosynthesis
|-start|p2a: Slither Wing|protosynthesisatk
|turn|17
|
|t:|1760374732
|move|p2a: Slither Wing|First Impression|p1a: Walking Wake
|-damage|p1a: Walking Wake|0 fnt
|faint|p1a: Walking Wake
|-end|p1a: Walking Wake|Protosynthesis|[silent]
|-damage|p2a: Slither Wing|91/100|[from] item: Life Orb
|
|-weather|SunnyDay|[upkeep]
|upkeep
|
|t:|1760374740
|switch|p1a: Venusaur|Venusaur, M|100/100
|-damage|p1a: Venusaur|88/100|[from] Stealth Rock
|turn|18
|
|t:|1760374747
|move|p1a: Venusaur|Sludge Bomb|p2a: Slither Wing
|-damage|p2a: Slither Wing|27/100
|-status|p2a: Slither Wing|psn
|-damage|p1a: Venusaur|78/100|[from] item: Life Orb
|move|p2a: Slither Wing|Temper Flare|p1a: Venusaur
|-supereffective|p1a: Venusaur
|-damage|p1a: Venusaur|0 fnt
|faint|p1a: Venusaur
|-damage|p2a: Slither Wing|17/100 psn|[from] item: Life Orb
|
|-weather|SunnyDay|[upkeep]
|-damage|p2a: Slither Wing|4/100 psn|[from] psn
|upkeep
|
|t:|1760374760
|switch|p1a: Lilligant|Lilligant-Hisui, F, shiny|100/100
|-damage|p1a: Lilligant|94/100|[from] Stealth Rock
|turn|19
|
|t:|1760374764
|move|p1a: Lilligant|Ice Spinner|p2a: Slither Wing
|-damage|p2a: Slither Wing|0 fnt
|faint|p2a: Slither Wing
|-end|p2a: Slither Wing|Protosynthesis|[silent]
|-damage|p1a: Lilligant|84/100|[from] item: Life Orb
|
|-weather|SunnyDay|[upkeep]
|upkeep
|
|t:|1760374769
|switch|p2a: Ninetales|Ninetales, F, tera:Fire|80/100
|turn|20
|
|t:|1760374772
|move|p1a: Lilligant|Close Combat|p2a: Ninetales
|-damage|p2a: Ninetales|0 fnt
|-unboost|p1a: Lilligant|def|1
|-unboost|p1a: Lilligant|spd|1
|faint|p2a: Ninetales
|-damage|p1a: Lilligant|75/100|[from] item: Life Orb
|
|-weather|none
|upkeep
|
|t:|1760374775
|switch|p2a: Great Tusk|Great Tusk|100/100
|-enditem|p2a: Great Tusk|Booster Energy
|-activate|p2a: Great Tusk|ability: Protosynthesis|[fromitem]
|-start|p2a: Great Tusk|protosynthesisatk
|turn|21
|
|t:|1760374783
|move|p1a: Lilligant|Ice Spinner|p2a: Great Tusk
|-supereffective|p2a: Great Tusk
|-damage|p2a: Great Tusk|55/100
|-damage|p1a: Lilligant|65/100|[from] item: Life Orb
|move|p2a: Great Tusk|Rapid Spin|p1a: Lilligant
|-damage|p1a: Lilligant|8/100
|-boost|p2a: Great Tusk|spe|1
|
|upkeep
|turn|22
|
|t:|1760374794
|move|p2a: Great Tusk|Rapid Spin|p1a: Lilligant
|-damage|p1a: Lilligant|0 fnt
|-boost|p2a: Great Tusk|spe|1
|faint|p1a: Lilligant
|
|upkeep
|
|t:|1760374799
|switch|p1a: Great Tusk|Great Tusk|42/100 brn
|-damage|p1a: Great Tusk|39/100 brn|[from] Stealth Rock
|turn|23
|
|t:|1760374804
|move|p2a: Great Tusk|Headlong Rush|p1a: Great Tusk
|-damage|p1a: Great Tusk|0 fnt
|-unboost|p2a: Great Tusk|def|1
|-unboost|p2a: Great Tusk|spd|1
|faint|p1a: Great Tusk
|-end|p1a: Great Tusk|Protosynthesis|[silent]
|
|upkeep
|
|t:|1760374810
|switch|p1a: Dragapult|Dragapult, M, shiny, tera:Fairy|100/100
|-damage|p1a: Dragapult|88/100|[from] Stealth Rock
|turn|24
|
|t:|1760374815
|move|p2a: Great Tusk|Headlong Rush|p1a: Dragapult
|-damage|p1a: Dragapult|0 fnt
|-unboost|p2a: Great Tusk|def|1
|-unboost|p2a: Great Tusk|spd|1
|faint|p1a: Dragapult
|
|win|LikeEmerald
|raw|jdell10's rating: 1130 &rarr; <strong>1107</strong><br />(-23 for losing)
|raw|LikeEmerald's rating: 1153 &rarr; <strong>1176</strong><br />(+23 for winning)
|c|☆LikeEmerald|gg
|l|☆jdell10
|player|p1|
|l|☆LikeEmerald
|player|p2|
