|j|☆mannujaatzamindar
|j|☆periko29
|t:|1760382697
|gametype|singles
|player|p1|mannujaatzamindar|170|1230
|player|p2|periko29|palmer|1213
|gen|9
|tier|[Gen 9] OU
|rated|
|rule|HP Percentage Mod: HP is shown in percentages
|rule|Endless Battle Clause: Forcing endless battles is banned
|rule|Species Clause: Limit one of each Pokémon
|rule|OHKO Clause: OHKO moves are banned
|rule|Evasion Items Clause: Evasion items are banned
|rule|Evasion Moves Clause: Evasion moves are banned
|rule|Evasion Abilities Clause: Evasion abilities are banned
|rule|Sleep Moves Clause: Sleep-inducing moves are banned
|clearpoke
|poke|p1|Weavile, F|
|poke|p1|Salamence, M|
|poke|p1|Zapdos|
|poke|p1|Clefable, M|
|poke|p1|Scizor, M|
|poke|p1|Entei|
|poke|p2|Clefable, M|
|poke|p2|Dragonite, F|
|poke|p2|Manaphy|
|poke|p2|Iron Valiant|
|poke|p2|Klefki, M|
|poke|p2|Cinderace, F|
|teampreview
|j| GladiatorAni
|
|t:|1760382717
|teamsize|p1|6
|teamsize|p2|6
|start
|switch|p1a: Zapdos|Zapdos|100/100
|switch|p2a: Klefki|Klefki, M, shiny|100/100
|turn|1
|
|t:|1760382728
|move|p2a: Klefki|Light Screen|p2a: Klefki
|-sidestart|p2: periko29|move: Light Screen
|move|p1a: Zapdos|Heat Wave|p2a: Klefki
|-supereffective|p2a: Klefki
|-damage|p2a: Klefki|63/100
|
|upkeep
|turn|2
|
|t:|1760382734
|move|p2a: Klefki|Reflect|p2a: Klefki
|-sidestart|p2: periko29|Reflect
|move|p1a: Zapdos|Discharge|p2a: Klefki
|-damage|p2a: Klefki|39/100
|
|upkeep
|turn|3
|
|t:|1760382739
|switch|p2a: Iron Valiant|Iron Valiant|100/100
|move|p1a: Zapdos|Heat Wave|p2a: Iron Valiant
|-damage|p2a: Iron Valiant|74/100
|
|upkeep
|turn|4
|
|t:|1760382747
|move|p2a: Iron Valiant|Trick|p1a: Zapdos
|-activate|p2a: Iron Valiant|move: Trick|[of] p1a: Zapdos
|-item|p1a: Zapdos|Choice Specs|[from] move: Trick
|-item|p2a: Iron Valiant|Leftovers|[from] move: Trick
|move|p1a: Zapdos|Discharge|p2a: Iron Valiant
|-damage|p2a: Iron Valiant|24/100
|
|-heal|p2a: Iron Valiant|30/100|[from] item: Leftovers
|upkeep
|turn|5
|
|t:|1760382756
|move|p2a: Iron Valiant|Moonblast|p1a: Zapdos
|-damage|p1a: Zapdos|59/100
|move|p1a: Zapdos|Discharge|p2a: Iron Valiant
|-damage|p2a: Iron Valiant|0 fnt
|faint|p2a: Iron Valiant
|-end|p2a: Iron Valiant|Quark Drive|[silent]
|
|upkeep
|
|t:|1760382762
|switch|p2a: Dragonite|Dragonite, F|100/100
|turn|6
|
|t:|1760382785
|move|p2a: Dragonite|Ice Spinner|p1a: Zapdos
|-supereffective|p1a: Zapdos
|-damage|p1a: Zapdos|0 fnt
|faint|p1a: Zapdos
|
|upkeep
|
|t:|1760382828
|switch|p1a: Weavile|Weavile, F|100/100
|-ability|p1a: Weavile|Pressure
|turn|7
|
|t:|1760382837
|move|p1a: Weavile|Triple Axel|p2a: Dragonite
|-supereffective|p2a: Dragonite
|-crit|p2a: Dragonite
|-damage|p2a: Dragonite|68/100
|-supereffective|p2a: Dragonite
|-damage|p2a: Dragonite|20/100
|-supereffective|p2a: Dragonite
|-damage|p2a: Dragonite|0 fnt
|faint|p2a: Dragonite
|-hitcount|p2: Dragonite|3
|
|upkeep
|
|t:|1760382843
|switch|p2a: Cinderace|Cinderace, F|100/100
|turn|8
|
|t:|1760382849
|move|p1a: Weavile|Knock Off|p2a: Cinderace
|-damage|p2a: Cinderace|65/100
|-enditem|p2a: Cinderace|Heavy-Duty Boots|[from] move: Knock Off|[of] p1a: Weavile
|move|p2a: Cinderace|Pyro Ball|p1a: Weavile
|-supereffective|p1a: Weavile
|-enditem|p1a: Weavile|Focus Sash
|-damage|p1a: Weavile|1/100
|
|-sideend|p2: periko29|move: Light Screen
|upkeep
|turn|9
|
|t:|1760382856
|switch|p1a: Salamence|Salamence, M|100/100
|-ability|p1a: Salamence|Intimidate|boost
|-unboost|p2a: Cinderace|atk|1
|move|p2a: Cinderace|Sucker Punch||[still]
|-fail|p2a: Cinderace
|
|-sideend|p2: periko29|Reflect
|upkeep
|turn|10
|
|t:|1760382864
|switch|p2a: Clefable|Clefable, M|100/100
|move|p1a: Salamence|Dragon Dance|p1a: Salamence
|-boost|p1a: Salamence|atk|1
|-boost|p1a: Salamence|spe|1
|
|upkeep
|turn|11
|
|t:|1760382882
|-terastallize|p1a: Salamence|Fire
|move|p1a: Salamence|Dragon Dance|p1a: Salamence
|-boost|p1a: Salamence|atk|1
|-boost|p1a: Salamence|spe|1
|move|p2a: Clefable|Moonblast|p1a: Salamence
|-resisted|p1a: Salamence
|-damage|p1a: Salamence|82/100
|-unboost|p1a: Salamence|spa|1
|
|upkeep
|turn|12
|
|t:|1760382890
|move|p1a: Salamence|Dragon Dance|p1a: Salamence
|-boost|p1a: Salamence|atk|1
|-boost|p1a: Salamence|spe|1
|move|p2a: Clefable|Psyshock|p1a: Salamence
|-damage|p1a: Salamence|61/100
|
|upkeep
|turn|13
|
|t:|1760382898
|switch|p2a: Klefki|Klefki, M, shiny|39/100
|move|p1a: Salamence|Dragon Dance|p1a: Salamence
|-boost|p1a: Salamence|atk|1
|-boost|p1a: Salamence|spe|1
|
|upkeep
|turn|14
|
|t:|1760382903
|move|p2a: Klefki|Thunder Wave|p1a: Salamence
|-status|p1a: Salamence|par
|-enditem|p1a: Salamence|Lum Berry|[eat]
|-curestatus|p1a: Salamence|par|[msg]
|move|p1a: Salamence|Temper Flare|p2a: Klefki
|-supereffective|p2a: Klefki
|-damage|p2a: Klefki|0 fnt
|faint|p2a: Klefki
|
|upkeep
|
|t:|1760382910
|switch|p2a: Manaphy|Manaphy|100/100
|turn|15
|
|t:|1760382916
|move|p1a: Salamence|Outrage|p2a: Manaphy
|-damage|p2a: Manaphy|0 fnt
|faint|p2a: Manaphy
|
|upkeep
|
|t:|1760382921
|switch|p2a: Clefable|Clefable, M|100/100
|turn|16
|
|t:|1760382924
|move|p1a: Salamence|Outrage|p2a: Clefable|[from] lockedmove
|-immune|p2a: Clefable
|-start|p1a: Salamence|confusion|[fatigue]
|move|p2a: Clefable|Moonblast|p1a: Salamence
|-resisted|p1a: Salamence
|-damage|p1a: Salamence|40/100
|
|upkeep
|turn|17
|
|t:|1760382934
|-activate|p1a: Salamence|confusion
|move|p1a: Salamence|Temper Flare|p2a: Clefable
|-damage|p2a: Clefable|0 fnt
|faint|p2a: Clefable
|
|upkeep
|
|t:|1760382937
|switch|p2a: Cinderace|Cinderace, F|65/100
|turn|18
|
|t:|1760382941
|-end|p1a: Salamence|confusion
|move|p1a: Salamence|Earthquake|p2a: Cinderace
|-supereffective|p2a: Cinderace
|-damage|p2a: Cinderace|0 fnt
|faint|p2a: Cinderace
|
|win|mannujaatzamindar
|raw|mannujaatzamindar's rating: 1230 &rarr; <strong>1254</strong><br />(+24 for winning)
|raw|periko29's rating: 1213 &rarr; <strong>1189</strong><br />(-24 for losing)
|l|☆periko29
|player|p2|
