|j|☆daveyboy8796
|j|☆kamiche
|t:|1760346348
|gametype|singles
|player|p1|daveyboy8796|2|1101
|player|p2|kamiche|266|1139
|gen|9
|tier|[Gen 9] OU
|rated|
|rule|HP Percentage Mod: HP is shown in percentages
|rule|Endless Battle Clause: Forcing endless battles is banned
|rule|Species Clause: Limit one of each Pokémon
|rule|OHKO Clause: OHKO moves are banned
|rule|Evasion Items Clause: Evasion items are banned
|rule|Evasion Moves Clause: Evasion moves are banned
|rule|Evasion Abilities Clause: Evasion abilities are banned
|rule|Sleep Moves Clause: Sleep-inducing moves are banned
|clearpoke
|poke|p1|Spidops, F|
|poke|p1|Kilowattrel, F|
|poke|p1|Dragonite, M|
|poke|p1|Palossand, F|
|poke|p1|Blastoise, F|
|poke|p1|Squawkabilly, M|
|poke|p2|Uxie|
|poke|p2|Azelf|
|poke|p2|Mesprit|
|poke|p2|Pecharunt|
|poke|p2|Dragapult, M|
|poke|p2|Alomomola, F|
|teampreview
|c|☆kamiche|gl
|c|☆daveyboy8796|gl
|
|t:|1760346367
|teamsize|p1|6
|teamsize|p2|6
|start
|switch|p1a: Spidops|Spidops, F|100/100
|switch|p2a: bean|Uxie, shiny|100/100
|turn|1
|
|t:|1760346379
|move|p2a: bean|Thunder Wave|p1a: Spidops
|-status|p1a: Spidops|par
|move|p1a: Spidops|Sticky Web|p2a: bean
|-sidestart|p2: kamiche|move: Sticky Web
|
|upkeep
|turn|2
|
|t:|1760346384
|move|p2a: bean|Stealth Rock|p1a: Spidops
|-sidestart|p1: daveyboy8796|move: Stealth Rock
|move|p1a: Spidops|Spikes|p2a: bean
|-sidestart|p2: kamiche|Spikes
|
|upkeep
|turn|3
|
|t:|1760346394
|switch|p1a: PocketSand|Palossand, F, shiny|100/100
|-damage|p1a: PocketSand|94/100|[from] Stealth Rock
|move|p2a: bean|U-turn|p1a: PocketSand
|-resisted|p1a: PocketSand
|-damage|p1a: PocketSand|91/100
|-damage|p2a: bean|84/100|[from] item: Rocky Helmet|[of] p1a: PocketSand
|
|t:|1760346404
|switch|p2a: coughing baby|Mesprit, shiny|100/100|[from] U-turn
|
|upkeep
|turn|4
|
|t:|1760346411
|move|p2a: coughing baby|Energy Ball|p1a: PocketSand
|-supereffective|p1a: PocketSand
|-damage|p1a: PocketSand|24/100
|move|p1a: PocketSand|Shadow Ball|p2a: coughing baby
|-supereffective|p2a: coughing baby
|-damage|p2a: coughing baby|37/100
|
|upkeep
|turn|5
|
|t:|1760346439
|switch|p1a: TinyWings|Dragonite, M|100/100
|-damage|p1a: TinyWings|76/100|[from] Stealth Rock
|move|p2a: coughing baby|Energy Ball|p1a: TinyWings
|-resisted|p1a: TinyWings
|-damage|p1a: TinyWings|68/100
|
|upkeep
|turn|6
|c|☆kamiche|tiny wings lmao
|
|t:|1760346463
|switch|p2a: miku beam|Azelf, shiny|100/100
|move|p1a: TinyWings|Thunderbolt|p2a: miku beam
|-damage|p2a: miku beam|32/100
|
|upkeep
|turn|7
|c|☆daveyboy8796|is so smol
|
|t:|1760346477
|move|p2a: miku beam|Ice Punch|p1a: TinyWings
|-supereffective|p1a: TinyWings
|-damage|p1a: TinyWings|0 fnt
|faint|p1a: TinyWings
|-damage|p2a: miku beam|22/100|[from] item: Life Orb
|
|upkeep
|
|t:|1760346492
|switch|p1a: Zaptres|Kilowattrel, F|100/100
|-damage|p1a: Zaptres|76/100|[from] Stealth Rock
|turn|8
|
|t:|1760346500
|move|p1a: Zaptres|Tailwind|p1a: Zaptres
|-sidestart|p1: daveyboy8796|move: Tailwind
|-start|p1a: Zaptres|Charge|Tailwind|[from] ability: Wind Power
|move|p2a: miku beam|Ice Punch|p1a: Zaptres
|-supereffective|p1a: Zaptres
|-damage|p1a: Zaptres|0 fnt
|faint|p1a: Zaptres
|-damage|p2a: miku beam|12/100|[from] item: Life Orb
|
|upkeep
|
|t:|1760346510
|switch|p1a: Donatello|Blastoise, F|100/100
|-damage|p1a: Donatello|88/100|[from] Stealth Rock
|turn|9
|
|t:|1760346514
|move|p1a: Donatello|Shell Smash|p1a: Donatello
|-unboost|p1a: Donatello|def|1
|-unboost|p1a: Donatello|spd|1
|-boost|p1a: Donatello|atk|2
|-boost|p1a: Donatello|spa|2
|-boost|p1a: Donatello|spe|2
|-enditem|p1a: Donatello|White Herb
|-clearnegativeboost|p1a: Donatello|[silent]
|move|p2a: miku beam|Thunder Punch|p1a: Donatello
|-supereffective|p1a: Donatello
|-damage|p1a: Donatello|7/100
|-damage|p2a: miku beam|2/100|[from] item: Life Orb
|
|upkeep
|turn|10
|
|t:|1760346529
|move|p1a: Donatello|Liquidation|p2a: miku beam
|-damage|p2a: miku beam|0 fnt
|faint|p2a: miku beam
|
|upkeep
|
|t:|1760346537
|switch|p2a: atomic bomb|Pecharunt|100/100
|-activate|p2a: atomic bomb|move: Sticky Web
|-unboost|p2a: atomic bomb|spe|1
|-damage|p2a: atomic bomb|88/100|[from] Spikes
|turn|11
|
|t:|1760346548
|move|p1a: Donatello|Liquidation|p2a: atomic bomb
|-damage|p2a: atomic bomb|28/100
|-unboost|p2a: atomic bomb|def|1
|move|p2a: atomic bomb|Toxic|p1a: Donatello
|-status|p1a: Donatello|tox
|-start|p1a: Donatello|confusion|[from] ability: Poison Puppeteer|[of] p2a: atomic bomb
|
|-heal|p2a: atomic bomb|34/100|[from] item: Leftovers
|-damage|p1a: Donatello|1/100 tox|[from] psn
|-sideend|p1: daveyboy8796|move: Tailwind
|upkeep
|turn|12
|
|t:|1760346560
|move|p2a: atomic bomb|Protect|p2a: atomic bomb
|-singleturn|p2a: atomic bomb|Protect
|-activate|p1a: Donatello|confusion
|move|p1a: Donatello|Liquidation|p2a: atomic bomb
|-activate|p2a: atomic bomb|move: Protect
|
|-heal|p2a: atomic bomb|40/100|[from] item: Leftovers
|-damage|p1a: Donatello|0 fnt|[from] psn
|faint|p1a: Donatello
|upkeep
|c|☆daveyboy8796|welp there goes my only wincon
|
|t:|1760346587
|switch|p1a: Elvis|Squawkabilly, M|100/100
|-damage|p1a: Elvis|76/100|[from] Stealth Rock
|turn|13
|
|t:|1760346598
|move|p1a: Elvis|Protect|p1a: Elvis
|-singleturn|p1a: Elvis|Protect
|move|p2a: atomic bomb|Toxic|p1a: Elvis
|-activate|p1a: Elvis|move: Protect
|
|-heal|p2a: atomic bomb|46/100|[from] item: Leftovers
|-status|p1a: Elvis|brn|[from] item: Flame Orb
|upkeep
|turn|14
|
|t:|1760346611
|-terastallize|p1a: Elvis|Ground
|move|p1a: Elvis|Tera Blast|p2a: atomic bomb|[anim] Tera Blast Ground
|-supereffective|p2a: atomic bomb
|-damage|p2a: atomic bomb|0 fnt
|faint|p2a: atomic bomb
|
|-damage|p1a: Elvis|69/100 brn|[from] brn
|upkeep
|
|t:|1760346621
|switch|p2a: coughing baby|Mesprit, shiny|37/100
|turn|15
|
|t:|1760346632
|move|p2a: coughing baby|Energy Ball|p1a: Elvis
|-supereffective|p1a: Elvis
|-damage|p1a: Elvis|0 fnt
|faint|p1a: Elvis
|
|upkeep
|
|t:|1760346636
|switch|p1a: Spidops|Spidops, F|100/100 par
|-damage|p1a: Spidops|76/100 par|[from] Stealth Rock
|turn|16
|
|t:|1760346647
|switch|p2a: dragoon|Dragapult, M|100/100
|-activate|p2a: dragoon|move: Sticky Web
|-unboost|p2a: dragoon|spe|1
|-damage|p2a: dragoon|88/100|[from] Spikes
|move|p1a: Spidops|Knock Off|p2a: dragoon
|-supereffective|p2a: dragoon
|-damage|p2a: dragoon|18/100
|-enditem|p2a: dragoon|Choice Band|[from] move: Knock Off|[of] p1a: Spidops
|
|upkeep
|turn|17
|
|t:|1760346676
|move|p2a: dragoon|Dragon Darts|p1a: Spidops
|-damage|p1a: Spidops|49/100 par
|-anim|p2a: dragoon|Dragon Darts|p1a: Spidops
|-damage|p1a: Spidops|22/100 par
|move|p1a: Spidops|Knock Off|p2a: dragoon
|-supereffective|p2a: dragoon
|-crit|p2a: dragoon
|-damage|p2a: dragoon|0 fnt
|faint|p2a: dragoon
|
|upkeep
|
|t:|1760346685
|switch|p2a: fih|Alomomola, F|100/100
|-activate|p2a: fih|move: Sticky Web
|-unboost|p2a: fih|spe|1
|-damage|p2a: fih|88/100|[from] Spikes
|turn|18
|c|☆daveyboy8796|fih
|
|t:|1760346700
|move|p2a: fih|Scald|p1a: Spidops
|-damage|p1a: Spidops|4/100 par
|move|p1a: Spidops|Knock Off|p2a: fih
|-damage|p2a: fih|68/100
|-enditem|p2a: fih|Leftovers|[from] move: Knock Off|[of] p1a: Spidops
|
|upkeep
|turn|19
|c|☆kamiche|yeah fih :D
|
|t:|1760346720
|move|p2a: fih|Scald|p1a: Spidops
|-damage|p1a: Spidops|0 fnt
|faint|p1a: Spidops
|
|upkeep
|
|t:|1760346726
|switch|p1a: PocketSand|Palossand, F, shiny|24/100
|-damage|p1a: PocketSand|18/100|[from] Stealth Rock
|turn|20
|c|☆daveyboy8796|gg
|c|☆kamiche|gg
|c|☆kamiche|you were so nice
|c|☆daveyboy8796|hope fih finds her missing s
|c|☆kamiche|maybe some day
|
|t:|1760346772
|move|p1a: PocketSand|Shadow Ball|p2a: fih
|-damage|p2a: fih|48/100
|move|p2a: fih|Mirror Coat|p1a: PocketSand
|-damage|p1a: PocketSand|0 fnt
|faint|p1a: PocketSand
|
|win|kamiche
|raw|daveyboy8796's rating: 1101 &rarr; <strong>1079</strong><br />(-22 for losing)
|raw|kamiche's rating: 1139 &rarr; <strong>1161</strong><br />(+22 for winning)
|l|☆daveyboy8796
|player|p1|
|l|☆kamiche
|player|p2|
