|badge|p2|silver|gen9doublesou|30-7
|badge|p2|bronze|gen9ru|100-7
|uhtml|medal-msg|<div class="broadcast-blue">Curious what those medals under the avatar are? PS now has Ladder Seasons! For more information, check out the <a href="https://www.smogon.com/forums/threads/3740067/">thread on Smogon.</a></div>
|j|☆Kaleax
|j|☆3idk
|t:|1760361465
|gametype|singles
|player|p1|Kaleax|miku-ghost|1590
|player|p2|3idk|cynthia-masters|1597
|gen|9
|tier|[Gen 9] OU
|rated|
|rule|HP Percentage Mod: HP is shown in percentages
|rule|Endless Battle Clause: Forcing endless battles is banned
|rule|Species Clause: Limit one of each Pokémon
|rule|OHKO Clause: OHKO moves are banned
|rule|Evasion Items Clause: Evasion items are banned
|rule|Evasion Moves Clause: Evasion moves are banned
|rule|Evasion Abilities Clause: Evasion abilities are banned
|rule|Sleep Moves Clause: Sleep-inducing moves are banned
|clearpoke
|poke|p1|Zapdos|
|poke|p1|Sinistcha|
|poke|p1|Garchomp, F|
|poke|p1|Zamazenta-*|
|poke|p1|Tinkaton, F|
|poke|p1|Darkrai|
|poke|p2|Pelipper, M|
|poke|p2|Tornadus-Therian, M|
|poke|p2|Iron Treads|
|poke|p2|Decidueye-Hisui, F|
|poke|p2|Barraskewda, F|
|poke|p2|Raging Bolt|
|teampreview
|inactive|Battle timer is ON: inactive players will automatically lose when time's up. (requested by 3idk)
|
|t:|1760361475
|teamsize|p1|6
|teamsize|p2|6
|start
|switch|p1a: Garchomp|Garchomp, F|100/100
|switch|p2a: Pelipper|Pelipper, M|100/100
|-weather|RainDance|[from] ability: Drizzle|[of] p2a: Pelipper
|turn|1
|
|t:|1760361487
|switch|p2a: Tornadus|Tornadus-Therian, M|100/100
|move|p1a: Garchomp|Stealth Rock|p2a: Tornadus
|-sidestart|p2: 3idk|move: Stealth Rock
|
|-weather|RainDance|[upkeep]
|upkeep
|turn|2
|
|t:|1760361494
|move|p2a: Tornadus|Weather Ball|p1a: Garchomp
|-damage|p1a: Garchomp|32/100
|move|p1a: Garchomp|Dragon Tail|p2a: Tornadus
|-damage|p2a: Tornadus|64/100
|drag|p2a: Barraskewda|Barraskewda, F|100/100
|-damage|p2a: Barraskewda|88/100|[from] Stealth Rock
|
|-weather|RainDance|[upkeep]
|upkeep
|turn|3
|
|t:|1760361503
|switch|p1a: Sinistcha|Sinistcha|100/100
|move|p2a: Barraskewda|Flip Turn|p1a: Sinistcha
|-resisted|p1a: Sinistcha
|-damage|p1a: Sinistcha|80/100
|-damage|p2a: Barraskewda|78/100|[from] item: Life Orb
|
|t:|1760361514
|switch|p2a: Tornadus|Tornadus-Therian, M|97/100|[from] Flip Turn
|-damage|p2a: Tornadus|72/100|[from] Stealth Rock
|
|-weather|RainDance|[upkeep]
|upkeep
|turn|4
|
|t:|1760361537
|switch|p1a: Tinkaton|Tinkaton, F|100/100
|-item|p1a: Tinkaton|Air Balloon
|move|p2a: Tornadus|Weather Ball|p1a: Tinkaton
|-damage|p1a: Tinkaton|41/100
|-enditem|p1a: Tinkaton|Air Balloon
|
|-weather|RainDance|[upkeep]
|upkeep
|turn|5
|
|t:|1760361548
|switch|p1a: Sinistcha|Sinistcha|80/100
|move|p2a: Tornadus|Weather Ball|p1a: Sinistcha
|-resisted|p1a: Sinistcha
|-damage|p1a: Sinistcha|42/100
|
|-weather|RainDance|[upkeep]
|upkeep
|turn|6
|
|t:|1760361555
|move|p2a: Tornadus|Weather Ball|p1a: Sinistcha
|-resisted|p1a: Sinistcha
|-damage|p1a: Sinistcha|2/100
|move|p1a: Sinistcha|Strength Sap|p2a: Tornadus
|-unboost|p2a: Tornadus|atk|1
|-heal|p1a: Sinistcha|63/100
|
|-weather|RainDance|[upkeep]
|upkeep
|turn|7
|inactive|Kaleax has 120 seconds left.
|
|t:|1760361592
|move|p2a: Tornadus|Weather Ball|p1a: Sinistcha
|-resisted|p1a: Sinistcha
|-damage|p1a: Sinistcha|24/100
|move|p1a: Sinistcha|Strength Sap|p2a: Tornadus
|-unboost|p2a: Tornadus|atk|1
|-heal|p1a: Sinistcha|65/100
|
|-weather|RainDance|[upkeep]
|upkeep
|turn|8
|inactive|Kaleax has 120 seconds left.
|
|t:|1760361601
|move|p2a: Tornadus|Weather Ball|p1a: Sinistcha
|-resisted|p1a: Sinistcha
|-damage|p1a: Sinistcha|20/100
|move|p1a: Sinistcha|Calm Mind|p1a: Sinistcha
|-boost|p1a: Sinistcha|spa|1
|-boost|p1a: Sinistcha|spd|1
|
|-weather|none
|upkeep
|turn|9
|
|t:|1760361616
|switch|p2a: Decidueye|Decidueye-Hisui, F|100/100
|-damage|p2a: Decidueye|94/100|[from] Stealth Rock
|move|p1a: Sinistcha|Strength Sap|p2a: Decidueye
|-unboost|p2a: Decidueye|atk|1
|-heal|p1a: Sinistcha|96/100
|
|upkeep
|turn|10
|
|t:|1760361630
|move|p1a: Sinistcha|Matcha Gotcha|p2a: Decidueye
|-resisted|p2a: Decidueye
|-damage|p2a: Decidueye|73/100
|-heal|p1a: Sinistcha|100/100|[from] drain|[of] p2a: Decidueye
|move|p2a: Decidueye|Defog|p1a: Sinistcha
|-unboost|p1a: Sinistcha|evasion|1
|-sideend|p2: 3idk|Stealth Rock|[from] move: Defog|[of] p2a: Decidueye
|
|upkeep
|turn|11
|inactive|3idk has 120 seconds left.
|inactive|Kaleax has 120 seconds left.
|
|t:|1760361675
|move|p1a: Sinistcha|Shadow Ball|p2a: Decidueye
|-damage|p2a: Decidueye|26/100
|-unboost|p2a: Decidueye|spd|1
|move|p2a: Decidueye|U-turn|p1a: Sinistcha
|-damage|p1a: Sinistcha|93/100
|
|t:|1760361680
|switch|p2a: Tornadus|Tornadus-Therian, M|100/100|[from] U-turn
|
|upkeep
|turn|12
|
|t:|1760361686
|switch|p1a: Zapdos|Zapdos|100/100
|move|p2a: Tornadus|Hurricane|p1a: Zapdos|[miss]
|-miss|p2a: Tornadus|p1a: Zapdos
|
|upkeep
|turn|13
|
|t:|1760361691
|switch|p2a: Iron Treads|Iron Treads|100/100
|move|p1a: Zapdos|U-turn|p2a: Iron Treads
|-resisted|p2a: Iron Treads
|-damage|p2a: Iron Treads|96/100
|inactive|Kaleax has 120 seconds left.
|
|t:|1760361711
|switch|p1a: Zamazenta|Zamazenta|100/100|[from] U-turn
|-ability|p1a: Zamazenta|Dauntless Shield|boost
|-boost|p1a: Zamazenta|def|1
|
|-heal|p2a: Iron Treads|100/100|[from] item: Leftovers
|upkeep
|turn|14
|inactive|Kaleax has 120 seconds left.
|
|t:|1760361725
|-end|p2a: Iron Treads|Quark Drive|[silent]
|switch|p2a: Tornadus|Tornadus-Therian, M|100/100
|move|p1a: Zamazenta|Stone Edge|p2a: Tornadus
|-supereffective|p2a: Tornadus
|-crit|p2a: Tornadus
|-damage|p2a: Tornadus|0 fnt
|faint|p2a: Tornadus
|
|upkeep
|-message|3idk forfeited.
|
|win|Kaleax
|raw|Kaleax's rating: 1590 &rarr; <strong>1608</strong><br />(+18 for winning)
|raw|3idk's rating: 1555 &rarr; <strong>1537</strong><br />(-18 for losing)
|l|☆3idk
|player|p2|
|l|☆Kaleax
|player|p1|
