|j|☆neonekronttv
|j|☆veterannick1994
|t:|1760381997
|gametype|singles
|player|p1|neonekronttv|170|
|player|p2|veterannick1994|crasherwake|
|gen|9
|tier|[Gen 9] OU
|rule|HP Percentage Mod: HP is shown in percentages
|rule|Endless Battle Clause: Forcing endless battles is banned
|rule|Species Clause: Limit one of each Pokémon
|rule|OHKO Clause: OHKO moves are banned
|rule|Evasion Items Clause: Evasion items are banned
|rule|Evasion Moves Clause: Evasion moves are banned
|rule|Evasion Abilities Clause: Evasion abilities are banned
|rule|Sleep Moves Clause: Sleep-inducing moves are banned
|clearpoke
|poke|p1|Ogerpon-Wellspring, F|
|poke|p1|Walking Wake|
|poke|p1|Quaquaval, M|
|poke|p1|Basculegion-F, F|
|poke|p1|Pelipper, M|
|poke|p1|Drednaw, F|
|poke|p2|Kingdra, M|
|poke|p2|Walking Wake|
|poke|p2|Pelipper, F|
|poke|p2|Quaquaval, M|
|poke|p2|Swampert, F|
|poke|p2|Greninja-*, F|
|teampreview
|
|t:|1760382015
|teamsize|p1|6
|teamsize|p2|6
|start
|switch|p1a: Drednaw|Drednaw, F|100/100
|switch|p2a: Greninja|Greninja, F|100/100
|turn|1
|
|t:|1760382049
|-terastallize|p1a: Drednaw|Water
|move|p2a: Greninja|Dark Pulse|p1a: Drednaw
|-start|p2a: Greninja|typechange|Dark|[from] ability: Protean
|-damage|p1a: Drednaw|40/100
|move|p1a: Drednaw|Shell Smash|p1a: Drednaw
|-unboost|p1a: Drednaw|def|1
|-unboost|p1a: Drednaw|spd|1
|-boost|p1a: Drednaw|atk|2
|-boost|p1a: Drednaw|spa|2
|-boost|p1a: Drednaw|spe|2
|-enditem|p1a: Drednaw|White Herb
|-clearnegativeboost|p1a: Drednaw|[silent]
|
|upkeep
|turn|2
|
|t:|1760382065
|move|p1a: Drednaw|Waterfall|p2a: Greninja
|-damage|p2a: Greninja|0 fnt
|faint|p2a: Greninja
|
|upkeep
|
|t:|1760382070
|switch|p2a: Walking Wake|Walking Wake|100/100
|turn|3
|
|t:|1760382100
|move|p1a: Drednaw|Earthquake|p2a: Walking Wake
|-damage|p2a: Walking Wake|28/100
|move|p2a: Walking Wake|Scald|p1a: Drednaw
|-resisted|p1a: Drednaw
|-damage|p1a: Drednaw|0 fnt
|faint|p1a: Drednaw
|
|upkeep
|
|t:|1760382104
|switch|p1a: Pelipper|Pelipper, M|100/100
|turn|4
|
|t:|1760382112
|move|p2a: Walking Wake|Scald|p1a: Pelipper
|-resisted|p1a: Pelipper
|-damage|p1a: Pelipper|57/100
|move|p1a: Pelipper|Hurricane|p2a: Walking Wake|[miss]
|-miss|p1a: Pelipper|p2a: Walking Wake
|
|upkeep
|turn|5
|
|t:|1760382147
|move|p2a: Walking Wake|Scald|p1a: Pelipper
|-resisted|p1a: Pelipper
|-damage|p1a: Pelipper|18/100
|move|p1a: Pelipper|Ice Beam|p2a: Walking Wake
|-damage|p2a: Walking Wake|0 fnt
|faint|p2a: Walking Wake
|-end|p2a: Walking Wake|Protosynthesis|[silent]
|
|upkeep
|
|t:|1760382157
|switch|p2a: Pelipper|Pelipper, F|100/100
|-weather|RainDance|[from] ability: Drizzle|[of] p2a: Pelipper
|turn|6
|
|t:|1760382167
|move|p2a: Pelipper|Surf|p1a: Pelipper
|-resisted|p1a: Pelipper
|-damage|p1a: Pelipper|0 fnt
|faint|p1a: Pelipper
|
|-weather|RainDance|[upkeep]
|upkeep
|
|t:|1760382206
|switch|p1a: Basculegion|Basculegion-F, F|100/100
|turn|7
|
|t:|1760382213
|-terastallize|p2a: Pelipper|Water
|move|p1a: Basculegion|Head Smash|p2a: Pelipper
|-damage|p2a: Pelipper|30/100
|-damage|p1a: Basculegion|76/100|[from] Recoil
|-damage|p1a: Basculegion|66/100|[from] item: Life Orb
|move|p2a: Pelipper|Surf|p1a: Basculegion
|-resisted|p1a: Basculegion
|-damage|p1a: Basculegion|2/100
|
|-weather|RainDance|[upkeep]
|upkeep
|turn|8
|
|t:|1760382226
|switch|p2a: Swampert|Swampert, F|100/100
|move|p1a: Basculegion|Phantom Force||[still]
|-prepare|p1a: Basculegion|Phantom Force
|
|-weather|RainDance|[upkeep]
|upkeep
|turn|9
|
|t:|1760382235
|move|p1a: Basculegion|Phantom Force|p2a: Swampert|[from] lockedmove
|-damage|p2a: Swampert|54/100
|-damage|p1a: Basculegion|0 fnt|[from] item: Life Orb
|faint|p1a: Basculegion
|move|p2a: Swampert|Stealth Rock|p1: Basculegion
|-sidestart|p1: neonekronttv|move: Stealth Rock
|
|-weather|RainDance|[upkeep]
|-heal|p2a: Swampert|60/100|[from] item: Leftovers
|upkeep
|
|t:|1760382247
|switch|p1a: Ogerpon|Ogerpon-Wellspring, F|100/100
|-damage|p1a: Ogerpon|88/100|[from] Stealth Rock
|turn|10
|
|t:|1760382252
|move|p1a: Ogerpon|Energy Ball|p2a: Swampert
|-supereffective|p2a: Swampert
|-damage|p2a: Swampert|0 fnt
|faint|p2a: Swampert
|
|-weather|none
|upkeep
|
|t:|1760382259
|switch|p2a: Pelipper|Pelipper, F, tera:Water|30/100
|-weather|RainDance|[from] ability: Drizzle|[of] p2a: Pelipper
|turn|11
|
|t:|1760382267
|move|p1a: Ogerpon|Play Rough|p2a: Pelipper
|-damage|p2a: Pelipper|0 fnt
|faint|p2a: Pelipper
|
|-weather|RainDance|[upkeep]
|upkeep
|
|t:|1760382275
|switch|p2a: Kingdra|Kingdra, M|100/100
|turn|12
|
|t:|1760382293
|move|p2a: Kingdra|Draco Meteor|p1a: Ogerpon
|-damage|p1a: Ogerpon|0 fnt
|-unboost|p2a: Kingdra|spa|2
|faint|p1a: Ogerpon
|
|-weather|RainDance|[upkeep]
|upkeep
|
|t:|1760382320
|switch|p1a: Quaquaval|Quaquaval, M|100/100
|-damage|p1a: Quaquaval|94/100|[from] Stealth Rock
|turn|13
|
|t:|1760382332
|move|p2a: Kingdra|Draco Meteor|p1a: Quaquaval
|-damage|p1a: Quaquaval|53/100
|-unboost|p2a: Kingdra|spa|2
|move|p1a: Quaquaval|Knock Off|p2a: Kingdra
|-crit|p2a: Kingdra
|-damage|p2a: Kingdra|39/100
|-enditem|p2a: Kingdra|Choice Specs|[from] move: Knock Off|[of] p1a: Quaquaval
|
|-weather|RainDance|[upkeep]
|upkeep
|turn|14
|
|t:|1760382345
|switch|p2a: Quaquaval|Quaquaval, M|100/100
|move|p1a: Quaquaval|Aqua Step|p2a: Quaquaval
|-resisted|p2a: Quaquaval
|-damage|p2a: Quaquaval|63/100
|-boost|p1a: Quaquaval|spe|1
|
|-weather|RainDance|[upkeep]
|upkeep
|turn|15
|
|t:|1760382360
|move|p1a: Quaquaval|Close Combat|p2a: Quaquaval
|-damage|p2a: Quaquaval|0 fnt
|-unboost|p1a: Quaquaval|def|1
|-unboost|p1a: Quaquaval|spd|1
|faint|p2a: Quaquaval
|-ability|p1a: Quaquaval|Moxie|boost
|-boost|p1a: Quaquaval|atk|1
|
|-weather|none
|upkeep
|
|t:|1760382369
|switch|p2a: Kingdra|Kingdra, M|39/100
|turn|16
|
|t:|1760382396
|move|p1a: Quaquaval|Close Combat|p2a: Kingdra
|-damage|p2a: Kingdra|0 fnt
|-unboost|p1a: Quaquaval|def|1
|-unboost|p1a: Quaquaval|spd|1
|faint|p2a: Kingdra
|
|win|neonekronttv
