|j|☆donfeitan
|j|☆kyozng
|t:|1760455475
|gametype|singles
|player|p1|donfeitan|cheryl|1128
|player|p2|kyozng|265|1155
|gen|9
|tier|[Gen 9] OU
|rated|
|rule|HP Percentage Mod: HP is shown in percentages
|rule|Endless Battle Clause: Forcing endless battles is banned
|rule|Species Clause: Limit one of each Pokémon
|rule|OHKO Clause: OHKO moves are banned
|rule|Evasion Items Clause: Evasion items are banned
|rule|Evasion Moves Clause: Evasion moves are banned
|rule|Evasion Abilities Clause: Evasion abilities are banned
|rule|Sleep Moves Clause: Sleep-inducing moves are banned
|clearpoke
|poke|p1|Torkoal, F|
|poke|p1|Vaporeon, M|
|poke|p1|Iron Treads|
|poke|p1|Chandelure, F|
|poke|p1|Kilowattrel, M|
|poke|p1|Meowscarada, F|
|poke|p2|Ludicolo, M|
|poke|p2|Pelipper, M|
|poke|p2|Barraskewda, F|
|poke|p2|Iron Crown|
|poke|p2|Great Tusk|
|poke|p2|Moltres|
|teampreview
|inactive|Battle timer is ON: inactive players will automatically lose when time's up. (requested by donfeitan)
|
|t:|1760455489
|teamsize|p1|6
|teamsize|p2|6
|start
|switch|p1a: Iron Treads|Iron Treads|100/100
|switch|p2a: Sergio Perez|Iron Crown|100/100
|-enditem|p1a: Iron Treads|Booster Energy
|-activate|p1a: Iron Treads|ability: Quark Drive|[fromitem]
|-start|p1a: Iron Treads|quarkdrivespe
|turn|1
|
|t:|1760455502
|-end|p2a: Sergio Perez|Quark Drive|[silent]
|switch|p2a: MkLeo|Moltres|100/100
|move|p1a: Iron Treads|Stealth Rock|p2a: MkLeo
|-sidestart|p2: kyozng|move: Stealth Rock
|
|upkeep
|turn|2
|
|t:|1760455509
|-end|p1a: Iron Treads|Quark Drive|[silent]
|switch|p1a: Vaporeon|Vaporeon, M|100/100
|move|p2a: MkLeo|Will-O-Wisp|p1a: Vaporeon
|-status|p1a: Vaporeon|brn
|
|-damage|p1a: Vaporeon|94/100 brn|[from] brn
|upkeep
|turn|3
|
|t:|1760455528
|move|p2a: MkLeo|U-turn|p1a: Vaporeon
|-damage|p1a: Vaporeon|84/100 brn
|
|t:|1760455532
|switch|p2a: El Chapo|Ludicolo, M|100/100|[from] U-turn
|-damage|p2a: El Chapo|88/100|[from] Stealth Rock
|move|p1a: Vaporeon|Wish|p1a: Vaporeon
|
|-heal|p1a: Vaporeon|90/100 brn|[from] item: Leftovers
|-damage|p1a: Vaporeon|84/100 brn|[from] brn
|upkeep
|turn|4
|
|t:|1760455538
|switch|p1a: Kilowattrel|Kilowattrel, M|100/100
|move|p2a: El Chapo|Giga Drain|p1a: Kilowattrel
|-resisted|p1a: Kilowattrel
|-damage|p1a: Kilowattrel|66/100
|-heal|p2a: El Chapo|100/100|[from] drain|[of] p1a: Kilowattrel
|-damage|p2a: El Chapo|91/100|[from] item: Life Orb
|
|-heal|p1a: Kilowattrel|100/100|[from] move: Wish|[wisher] Vaporeon
|upkeep
|turn|5
|inactive|kyozng has 120 seconds left.
|
|t:|1760455579
|switch|p2a: Del Toro|Great Tusk|100/100
|-damage|p2a: Del Toro|98/100|[from] Stealth Rock
|-enditem|p2a: Del Toro|Booster Energy
|-activate|p2a: Del Toro|ability: Protosynthesis|[fromitem]
|-start|p2a: Del Toro|protosynthesisatk
|move|p1a: Kilowattrel|U-turn|p2a: Del Toro
|-resisted|p2a: Del Toro
|-damage|p2a: Del Toro|94/100
|
|t:|1760455589
|switch|p1a: Vaporeon|Vaporeon, M|84/100 brn|[from] U-turn
|
|-heal|p1a: Vaporeon|90/100 brn|[from] item: Leftovers
|-damage|p1a: Vaporeon|84/100 brn|[from] brn
|upkeep
|turn|6
|inactive|kyozng has 120 seconds left.
|inactive|kyozng has 90 seconds left.
|
|t:|1760455626
|move|p2a: Del Toro|Stealth Rock|p1a: Vaporeon
|-sidestart|p1: donfeitan|move: Stealth Rock
|move|p1a: Vaporeon|Scald|p2a: Del Toro
|-supereffective|p2a: Del Toro
|-damage|p2a: Del Toro|2/100
|-status|p2a: Del Toro|brn
|
|-heal|p1a: Vaporeon|90/100 brn|[from] item: Leftovers
|-damage|p2a: Del Toro|0 fnt|[from] brn
|faint|p2a: Del Toro
|-end|p2a: Del Toro|Protosynthesis|[silent]
|-damage|p1a: Vaporeon|84/100 brn|[from] brn
|upkeep
|inactive|kyozng has 90 seconds left.
|
|t:|1760455636
|switch|p2a: El Chapo|Ludicolo, M|91/100
|-damage|p2a: El Chapo|78/100|[from] Stealth Rock
|turn|7
|
|t:|1760455649
|move|p1a: Vaporeon|Protect|p1a: Vaporeon
|-singleturn|p1a: Vaporeon|Protect
|move|p2a: El Chapo|Ice Beam|p1a: Vaporeon
|-activate|p1a: Vaporeon|move: Protect
|
|-heal|p1a: Vaporeon|90/100 brn|[from] item: Leftovers
|-damage|p1a: Vaporeon|84/100 brn|[from] brn
|upkeep
|turn|8
|
|t:|1760455666
|move|p2a: El Chapo|Giga Drain|p1a: Vaporeon
|-supereffective|p1a: Vaporeon
|-damage|p1a: Vaporeon|23/100 brn
|-heal|p2a: El Chapo|100/100|[from] drain|[of] p1a: Vaporeon
|-damage|p2a: El Chapo|91/100|[from] item: Life Orb
|move|p1a: Vaporeon|Wish|p1a: Vaporeon
|
|-heal|p1a: Vaporeon|29/100 brn|[from] item: Leftovers
|-damage|p1a: Vaporeon|23/100 brn|[from] brn
|upkeep
|turn|9
|inactive|kyozng has 90 seconds left.
|inactive|kyozng has 60 seconds left.
|inactive|kyozng has 30 seconds left.
|inactive|kyozng has 20 seconds left.
|inactive|kyozng has 15 seconds left.
|inactive|kyozng has 10 seconds left.
|inactive|kyozng has 5 seconds left.
|-message|kyozng lost due to inactivity.
|
|win|donfeitan
|raw|donfeitan's rating: 1128 &rarr; <strong>1155</strong><br />(+27 for winning)
|raw|kyozng's rating: 1155 &rarr; <strong>1128</strong><br />(-27 for losing)
|l|☆donfeitan
|player|p1|
