|j|☆RogerBuster
|j|☆downtownclown
|t:|1760400278
|gametype|singles
|player|p1|RogerBuster|winona|1407
|player|p2|downtownclown|169|1436
|gen|9
|tier|[Gen 9] OU
|rated|
|rule|HP Percentage Mod: HP is shown in percentages
|rule|Endless Battle Clause: Forcing endless battles is banned
|rule|Species Clause: Limit one of each Pokémon
|rule|OHKO Clause: OHKO moves are banned
|rule|Evasion Items Clause: Evasion items are banned
|rule|Evasion Moves Clause: Evasion moves are banned
|rule|Evasion Abilities Clause: Evasion abilities are banned
|rule|Sleep Moves Clause: Sleep-inducing moves are banned
|clearpoke
|poke|p1|Abomasnow, M|
|poke|p1|Cloyster, F|
|poke|p1|Talonflame, M|
|poke|p1|Electrode-Hisui|
|poke|p1|Muk-Alola, F|
|poke|p1|Thundurus-Therian, M|
|poke|p2|Blastoise, M|
|poke|p2|Kyurem|
|poke|p2|Enamorus, F|
|poke|p2|Great Tusk|
|poke|p2|Iron Valiant|
|poke|p2|Dragonite, M|
|teampreview
|inactive|Battle timer is ON: inactive players will automatically lose when time's up. (requested by downtownclown)
|inactive|RogerBuster also wants the timer to be on.
|
|t:|1760400298
|teamsize|p1|6
|teamsize|p2|6
|start
|switch|p1a: Electrode|Electrode-Hisui|100/100
|switch|p2a: Enamorus|Enamorus, F|100/100
|turn|1
|
|t:|1760400315
|move|p1a: Electrode|Volt Switch|p2a: Enamorus
|-supereffective|p2a: Enamorus
|-damage|p2a: Enamorus|0 fnt
|faint|p2a: Enamorus
|-damage|p1a: Electrode|91/100|[from] item: Life Orb
|
|t:|1760400323
|switch|p1a: Abomasnow|Abomasnow, M|100/100|[from] Volt Switch
|-weather|Snowscape|[from] ability: Snow Warning|[of] p1a: Abomasnow
|
|-weather|Snowscape|[upkeep]
|upkeep
|
|t:|1760400331
|switch|p2a: Iron Valiant|Iron Valiant|100/100
|-enditem|p2a: Iron Valiant|Booster Energy
|-activate|p2a: Iron Valiant|ability: Quark Drive|[fromitem]
|-start|p2a: Iron Valiant|quarkdrivespe
|turn|2
|
|t:|1760400342
|move|p2a: Iron Valiant|Swords Dance|p2a: Iron Valiant
|-boost|p2a: Iron Valiant|atk|2
|move|p1a: Abomasnow|Aurora Veil|p1a: Abomasnow
|-sidestart|p1: RogerBuster|move: Aurora Veil
|
|-weather|Snowscape|[upkeep]
|upkeep
|turn|3
|
|t:|1760400349
|switch|p1a: Talonflame|Talonflame, M|100/100
|move|p2a: Iron Valiant|Swords Dance|p2a: Iron Valiant
|-boost|p2a: Iron Valiant|atk|2
|
|-weather|Snowscape|[upkeep]
|upkeep
|turn|4
|
|t:|1760400363
|-terastallize|p2a: Iron Valiant|Poison
|move|p2a: Iron Valiant|Spirit Break|p1a: Talonflame
|-resisted|p1a: Talonflame
|-damage|p1a: Talonflame|62/100
|-unboost|p1a: Talonflame|spa|1
|-status|p2a: Iron Valiant|brn|[from] ability: Flame Body|[of] p1a: Talonflame
|move|p1a: Talonflame|Dual Wingbeat|p2a: Iron Valiant
|-damage|p2a: Iron Valiant|80/100 brn
|-damage|p2a: Iron Valiant|58/100 brn
|-hitcount|p2a: Iron Valiant|2
|
|-weather|Snowscape|[upkeep]
|-heal|p1a: Talonflame|68/100|[from] item: Leftovers
|-damage|p2a: Iron Valiant|52/100 brn|[from] brn
|upkeep
|turn|5
|
|t:|1760400382
|move|p2a: Iron Valiant|Poison Jab|p1a: Talonflame
|-damage|p1a: Talonflame|31/100
|move|p1a: Talonflame|Dual Wingbeat|p2a: Iron Valiant
|-damage|p2a: Iron Valiant|29/100 brn
|-damage|p2a: Iron Valiant|8/100 brn
|-hitcount|p2a: Iron Valiant|2
|
|-weather|none
|-heal|p1a: Talonflame|37/100|[from] item: Leftovers
|-damage|p2a: Iron Valiant|2/100 brn|[from] brn
|upkeep
|turn|6
|
|t:|1760400395
|move|p2a: Iron Valiant|Poison Jab|p1a: Talonflame
|-damage|p1a: Talonflame|0 fnt
|faint|p1a: Talonflame
|
|-damage|p2a: Iron Valiant|0 fnt|[from] brn
|faint|p2a: Iron Valiant
|-end|p2a: Iron Valiant|Quark Drive|[silent]
|upkeep
|
|t:|1760400408
|switch|p2a: Dragonite|Dragonite, M|100/100
|switch|p1a: Cloyster|Cloyster, F|100/100
|turn|7
|
|t:|1760400413
|move|p2a: Dragonite|Dragon Dance|p2a: Dragonite
|-boost|p2a: Dragonite|atk|1
|-boost|p2a: Dragonite|spe|1
|move|p1a: Cloyster|Shell Smash|p1a: Cloyster
|-unboost|p1a: Cloyster|def|1
|-unboost|p1a: Cloyster|spd|1
|-boost|p1a: Cloyster|atk|2
|-boost|p1a: Cloyster|spa|2
|-boost|p1a: Cloyster|spe|2
|-enditem|p1a: Cloyster|White Herb
|-clearnegativeboost|p1a: Cloyster|[silent]
|
|upkeep
|turn|8
|
|t:|1760400427
|-terastallize|p1a: Cloyster|Ice
|move|p1a: Cloyster|Icicle Spear|p2a: Dragonite
|-supereffective|p2a: Dragonite
|-damage|p2a: Dragonite|34/100
|-enditem|p2a: Dragonite|Weakness Policy
|-boost|p2a: Dragonite|atk|2|[from] item: Weakness Policy
|-boost|p2a: Dragonite|spa|2|[from] item: Weakness Policy
|-supereffective|p2a: Dragonite
|-damage|p2a: Dragonite|0 fnt
|faint|p2a: Dragonite
|-hitcount|p2: Dragonite|2
|
|upkeep
|
|t:|1760400438
|switch|p2a: Blastoise|Blastoise, M|100/100
|turn|9
|
|t:|1760400442
|move|p1a: Cloyster|Icicle Spear|p2a: Blastoise
|-resisted|p2a: Blastoise
|-damage|p2a: Blastoise|82/100
|-resisted|p2a: Blastoise
|-damage|p2a: Blastoise|64/100
|-resisted|p2a: Blastoise
|-damage|p2a: Blastoise|48/100
|-resisted|p2a: Blastoise
|-damage|p2a: Blastoise|30/100
|-resisted|p2a: Blastoise
|-damage|p2a: Blastoise|11/100
|-hitcount|p2a: Blastoise|5
|move|p2a: Blastoise|Shell Smash|p2a: Blastoise
|-unboost|p2a: Blastoise|def|1
|-unboost|p2a: Blastoise|spd|1
|-boost|p2a: Blastoise|atk|2
|-boost|p2a: Blastoise|spa|2
|-boost|p2a: Blastoise|spe|2
|-enditem|p2a: Blastoise|White Herb
|-clearnegativeboost|p2a: Blastoise|[silent]
|
|-sideend|p1: RogerBuster|move: Aurora Veil
|upkeep
|turn|10
|
|t:|1760400466
|move|p2a: Blastoise|Aura Sphere|p1a: Cloyster
|-supereffective|p1a: Cloyster
|-damage|p1a: Cloyster|0 fnt
|faint|p1a: Cloyster
|
|upkeep
|
|t:|1760400471
|switch|p1a: Muk|Muk-Alola, F|100/100
|turn|11
|
|t:|1760400475
|move|p1a: Muk|Shadow Sneak|p2a: Blastoise
|-damage|p2a: Blastoise|0 fnt
|faint|p2a: Blastoise
|
|upkeep
|
|t:|1760400481
|switch|p2a: Great Tusk|Great Tusk|100/100
|-enditem|p2a: Great Tusk|Booster Energy
|-activate|p2a: Great Tusk|ability: Protosynthesis|[fromitem]
|-start|p2a: Great Tusk|protosynthesisatk
|turn|12
|
|t:|1760400494
|switch|p1a: Abomasnow|Abomasnow, M|100/100
|-weather|Snowscape|[from] ability: Snow Warning|[of] p1a: Abomasnow
|move|p2a: Great Tusk|Rapid Spin|p1a: Abomasnow
|-damage|p1a: Abomasnow|84/100
|-boost|p2a: Great Tusk|spe|1
|
|-weather|Snowscape|[upkeep]
|upkeep
|turn|13
|
|t:|1760400503
|move|p2a: Great Tusk|Close Combat|p1a: Abomasnow
|-supereffective|p1a: Abomasnow
|-damage|p1a: Abomasnow|0 fnt
|-unboost|p2a: Great Tusk|def|1
|-unboost|p2a: Great Tusk|spd|1
|faint|p1a: Abomasnow
|
|-weather|Snowscape|[upkeep]
|upkeep
|
|t:|1760400513
|switch|p1a: Electrode|Electrode-Hisui|91/100
|turn|14
|
|t:|1760400522
|move|p2a: Great Tusk|Close Combat|p1a: Electrode
|-crit|p1a: Electrode
|-damage|p1a: Electrode|0 fnt
|-unboost|p2a: Great Tusk|def|1
|-unboost|p2a: Great Tusk|spd|1
|faint|p1a: Electrode
|
|-weather|Snowscape|[upkeep]
|upkeep
|
|t:|1760400529
|switch|p1a: Thundurus|Thundurus-Therian, M|100/100
|turn|15
|
|t:|1760400533
|move|p2a: Great Tusk|Knock Off|p1a: Thundurus
|-damage|p1a: Thundurus|49/100
|-enditem|p1a: Thundurus|Zap Plate|[from] move: Knock Off|[of] p2a: Great Tusk
|move|p1a: Thundurus|Tera Blast|p2a: Great Tusk
|-damage|p2a: Great Tusk|0 fnt
|faint|p2a: Great Tusk
|-end|p2a: Great Tusk|Protosynthesis|[silent]
|
|-weather|Snowscape|[upkeep]
|upkeep
|
|t:|1760400541
|switch|p2a: Kyurem|Kyurem|100/100
|-ability|p2a: Kyurem|Pressure
|turn|16
|
|t:|1760400548
|switch|p1a: Muk|Muk-Alola, F|100/100
|move|p2a: Kyurem|Freeze-Dry|p1a: Muk
|-damage|p1a: Muk|79/100
|
|-weather|none
|upkeep
|turn|17
|
|t:|1760400555
|move|p2a: Kyurem|Earth Power|p1a: Muk
|-supereffective|p1a: Muk
|-damage|p1a: Muk|46/100
|move|p1a: Muk|Drain Punch|p2a: Kyurem
|-supereffective|p2a: Kyurem
|-damage|p2a: Kyurem|52/100
|-heal|p1a: Muk|69/100|[from] drain|[of] p2a: Kyurem
|
|upkeep
|turn|18
|
|t:|1760400563
|move|p2a: Kyurem|Earth Power|p1a: Muk
|-supereffective|p1a: Muk
|-damage|p1a: Muk|36/100
|move|p1a: Muk|Drain Punch|p2a: Kyurem
|-supereffective|p2a: Kyurem
|-damage|p2a: Kyurem|2/100
|-heal|p1a: Muk|60/100|[from] drain|[of] p2a: Kyurem
|-status|p2a: Kyurem|psn|[from] ability: Poison Touch|[of] p1a: Muk
|
|-damage|p2a: Kyurem|0 fnt|[from] psn
|faint|p2a: Kyurem
|
|win|RogerBuster
|raw|RogerBuster's rating: 1407 &rarr; <strong>1429</strong><br />(+22 for winning)
|raw|downtownclown's rating: 1436 &rarr; <strong>1414</strong><br />(-22 for losing)
|l|☆downtownclown
|player|p2|
|c|☆RogerBuster|gg
|l|☆RogerBuster
|player|p1|
