|j|☆we love malamar
|j|☆ArinDuv
|t:|1760350961
|gametype|singles
|player|p1|we love malamar|101|1057
|player|p2|ArinDuv|elesa|1051
|gen|9
|tier|[Gen 9] OU
|rated|
|rule|HP Percentage Mod: HP is shown in percentages
|rule|Endless Battle Clause: Forcing endless battles is banned
|rule|Species Clause: Limit one of each Pokémon
|rule|OHKO Clause: OHKO moves are banned
|rule|Evasion Items Clause: Evasion items are banned
|rule|Evasion Moves Clause: Evasion moves are banned
|rule|Evasion Abilities Clause: Evasion abilities are banned
|rule|Sleep Moves Clause: Sleep-inducing moves are banned
|clearpoke
|poke|p1|Zamazenta-*|
|poke|p1|Glimmora, M|
|poke|p1|Bombirdier, M|
|poke|p1|Gyarados, F|
|poke|p1|Ursaluna, F|
|poke|p1|Tornadus-Therian, M|
|poke|p2|Dragonite, F|
|poke|p2|Zamazenta-*|
|poke|p2|Landorus-Therian, M|
|poke|p2|Gholdengo|
|poke|p2|Darkrai|
|poke|p2|Hatterene, F|
|teampreview
|
|t:|1760350974
|teamsize|p1|6
|teamsize|p2|6
|start
|switch|p1a: Glimmora|Glimmora, M|100/100
|switch|p2a: Landorus|Landorus-Therian, M|100/100
|-ability|p2a: Landorus|Intimidate|boost
|-unboost|p1a: Glimmora|atk|1
|turn|1
|
|t:|1760350981
|switch|p2a: Hat-Hat|Hatterene, F, shiny|100/100
|move|p1a: Glimmora|Stealth Rock|p2a: Hat-Hat
|move|p2a: Hat-Hat|Stealth Rock|p1a: Glimmora|[from] ability: Magic Bounce
|-sidestart|p1: we love malamar|move: Stealth Rock
|
|upkeep
|turn|2
|
|t:|1760350994
|move|p1a: Glimmora|Mortal Spin|p2a: Hat-Hat
|-supereffective|p2a: Hat-Hat
|-damage|p2a: Hat-Hat|90/100
|-status|p2a: Hat-Hat|psn
|-sideend|p1: we love malamar|Stealth Rock|[from] move: Mortal Spin|[of] p1a: Glimmora
|move|p2a: Hat-Hat|Mystical Fire|p1a: Glimmora
|-resisted|p1a: Glimmora
|-damage|p1a: Glimmora|85/100
|-unboost|p1a: Glimmora|spa|1
|
|-damage|p2a: Hat-Hat|78/100 psn|[from] psn
|upkeep
|turn|3
|
|t:|1760351014
|move|p1a: Glimmora|Mortal Spin|p2a: Hat-Hat
|-supereffective|p2a: Hat-Hat
|-damage|p2a: Hat-Hat|68/100 psn
|move|p2a: Hat-Hat|Psyshock|p1a: Glimmora
|-supereffective|p1a: Glimmora
|-crit|p1a: Glimmora
|-damage|p1a: Glimmora|0 fnt
|faint|p1a: Glimmora
|
|-damage|p2a: Hat-Hat|56/100 psn|[from] psn
|upkeep
|inactive|Battle timer is ON: inactive players will automatically lose when time's up. (requested by ArinDuv)
|
|t:|1760351047
|switch|p1a: Ursaluna|Ursaluna, F|100/100
|turn|4
|
|t:|1760351052
|switch|p2a: Gholdengo|Gholdengo|100/100
|move|p1a: Ursaluna|Headlong Rush|p2a: Gholdengo
|-supereffective|p2a: Gholdengo
|-damage|p2a: Gholdengo|0 fnt
|-unboost|p1a: Ursaluna|def|1
|-unboost|p1a: Ursaluna|spd|1
|faint|p2a: Gholdengo
|
|-status|p1a: Ursaluna|brn|[from] item: Flame Orb
|upkeep
|
|t:|1760351062
|switch|p2a: Zamazenta|Zamazenta, shiny|100/100
|-ability|p2a: Zamazenta|Dauntless Shield|boost
|-boost|p2a: Zamazenta|def|1
|turn|5
|
|t:|1760351083
|move|p2a: Zamazenta|Iron Defense|p2a: Zamazenta
|-boost|p2a: Zamazenta|def|2
|move|p1a: Ursaluna|Headlong Rush|p2a: Zamazenta
|-damage|p2a: Zamazenta|70/100
|-unboost|p1a: Ursaluna|def|1
|-unboost|p1a: Ursaluna|spd|1
|
|-heal|p2a: Zamazenta|76/100|[from] item: Leftovers
|-damage|p1a: Ursaluna|94/100 brn|[from] brn
|upkeep
|turn|6
|
|t:|1760351093
|switch|p1a: Tornadus|Tornadus-Therian, M|100/100
|move|p2a: Zamazenta|Body Press|p1a: Tornadus
|-resisted|p1a: Tornadus
|-damage|p1a: Tornadus|30/100
|
|-heal|p2a: Zamazenta|82/100|[from] item: Leftovers
|upkeep
|turn|7
|
|t:|1760351101
|move|p2a: Zamazenta|Body Press|p1a: Tornadus
|-resisted|p1a: Tornadus
|-damage|p1a: Tornadus|0 fnt
|faint|p1a: Tornadus
|
|-heal|p2a: Zamazenta|89/100|[from] item: Leftovers
|upkeep
|
|t:|1760351105
|switch|p1a: Bombirdier|Bombirdier, M|100/100
|turn|8
|
|t:|1760351119
|-terastallize|p1a: Bombirdier|Ghost
|move|p2a: Zamazenta|Iron Defense|p2a: Zamazenta
|-boost|p2a: Zamazenta|def|2
|move|p1a: Bombirdier|Hone Claws|p1a: Bombirdier
|-boost|p1a: Bombirdier|atk|1
|-boost|p1a: Bombirdier|accuracy|1
|
|-heal|p2a: Zamazenta|95/100|[from] item: Leftovers
|upkeep
|turn|9
|
|t:|1760351129
|move|p2a: Zamazenta|Body Press|p1a: Bombirdier
|-immune|p1a: Bombirdier
|move|p1a: Bombirdier|Hone Claws|p1a: Bombirdier
|-boost|p1a: Bombirdier|atk|1
|-boost|p1a: Bombirdier|accuracy|1
|
|-heal|p2a: Zamazenta|100/100|[from] item: Leftovers
|upkeep
|turn|10
|
|t:|1760351143
|move|p1a: Bombirdier|Hone Claws|p1a: Bombirdier
|-boost|p1a: Bombirdier|atk|1
|-boost|p1a: Bombirdier|accuracy|1
|move|p2a: Zamazenta|Roar|p1a: Bombirdier
|drag|p1a: Zamazenta|Zamazenta|100/100
|-ability|p1a: Zamazenta|Dauntless Shield|boost
|-boost|p1a: Zamazenta|def|1
|
|upkeep
|turn|11
|
|t:|1760351153
|move|p1a: Zamazenta|Play Rough|p2a: Zamazenta
|-supereffective|p2a: Zamazenta
|-damage|p2a: Zamazenta|85/100
|-damage|p1a: Zamazenta|91/100|[from] item: Life Orb
|move|p2a: Zamazenta|Body Press|p1a: Zamazenta
|-damage|p1a: Zamazenta|4/100
|
|-heal|p2a: Zamazenta|91/100|[from] item: Leftovers
|upkeep
|turn|12
|
|t:|1760351162
|move|p1a: Zamazenta|Play Rough|p2a: Zamazenta
|-supereffective|p2a: Zamazenta
|-damage|p2a: Zamazenta|73/100
|-damage|p1a: Zamazenta|0 fnt|[from] item: Life Orb
|faint|p1a: Zamazenta
|move|p2a: Zamazenta|Body Press|p1: Zamazenta|[notarget]
|-fail|p2a: Zamazenta
|
|-heal|p2a: Zamazenta|79/100|[from] item: Leftovers
|upkeep
|
|t:|1760351167
|switch|p1a: Bombirdier|Bombirdier, M, tera:Ghost|100/100
|turn|13
|
|t:|1760351172
|move|p1a: Bombirdier|Brave Bird|p2a: Zamazenta
|-supereffective|p2a: Zamazenta
|-damage|p2a: Zamazenta|47/100
|-damage|p1a: Bombirdier|88/100|[from] Recoil
|-damage|p1a: Bombirdier|78/100|[from] item: Life Orb
|move|p2a: Zamazenta|Roar|p1a: Bombirdier
|drag|p1a: Gyarados|Gyarados, F|100/100
|-ability|p1a: Gyarados|Intimidate|boost
|-unboost|p2a: Zamazenta|atk|1
|
|-heal|p2a: Zamazenta|54/100|[from] item: Leftovers
|upkeep
|turn|14
|
|t:|1760351183
|switch|p1a: Bombirdier|Bombirdier, M, tera:Ghost|78/100
|move|p2a: Zamazenta|Body Press|p1a: Bombirdier
|-immune|p1a: Bombirdier
|
|-heal|p2a: Zamazenta|60/100|[from] item: Leftovers
|upkeep
|turn|15
|
|t:|1760351193
|switch|p2a: Darkrai|Darkrai|100/100
|move|p1a: Bombirdier|Brave Bird|p2a: Darkrai
|-damage|p2a: Darkrai|21/100
|-damage|p1a: Bombirdier|49/100|[from] Recoil
|-damage|p1a: Bombirdier|39/100|[from] item: Life Orb
|
|upkeep
|turn|16
|
|t:|1760351201
|move|p1a: Bombirdier|Sucker Punch|p2a: Darkrai
|-resisted|p2a: Darkrai
|-damage|p2a: Darkrai|0 fnt
|faint|p2a: Darkrai
|-damage|p1a: Bombirdier|29/100|[from] item: Life Orb
|
|upkeep
|
|t:|1760351207
|switch|p2a: Dragonite|Dragonite, F|100/100
|turn|17
|
|t:|1760351215
|-terastallize|p2a: Dragonite|Flying
|move|p1a: Bombirdier|Stone Edge|p2a: Dragonite
|-supereffective|p2a: Dragonite
|-damage|p2a: Dragonite|36/100
|-damage|p1a: Bombirdier|19/100|[from] item: Life Orb
|move|p2a: Dragonite|Tera Blast|p1a: Bombirdier|[anim] Tera Blast Flying
|-damage|p1a: Bombirdier|0 fnt
|faint|p1a: Bombirdier
|
|upkeep
|
|t:|1760351229
|switch|p1a: Ursaluna|Ursaluna, F|94/100 brn
|turn|18
|
|t:|1760351235
|move|p2a: Dragonite|Tera Blast|p1a: Ursaluna|[anim] Tera Blast Flying
|-damage|p1a: Ursaluna|57/100 brn
|move|p1a: Ursaluna|Facade|p2a: Dragonite
|-damage|p2a: Dragonite|0 fnt
|faint|p2a: Dragonite
|
|-damage|p1a: Ursaluna|51/100 brn|[from] brn
|upkeep
|
|t:|1760351243
|switch|p2a: Landorus|Landorus-Therian, M|100/100
|-ability|p2a: Landorus|Intimidate|boost
|-unboost|p1a: Ursaluna|atk|1
|turn|19
|
|t:|1760351253
|move|p1a: Ursaluna|Protect|p1a: Ursaluna
|-singleturn|p1a: Ursaluna|Protect
|move|p2a: Landorus|U-turn|p1a: Ursaluna
|-activate|p1a: Ursaluna|move: Protect
|
|-damage|p1a: Ursaluna|45/100 brn|[from] brn
|upkeep
|turn|20
|
|t:|1760351263
|move|p2a: Landorus|Stealth Rock|p1a: Ursaluna
|-sidestart|p1: we love malamar|move: Stealth Rock
|move|p1a: Ursaluna|Facade|p2a: Landorus
|-crit|p2a: Landorus
|-damage|p2a: Landorus|0 fnt
|-damage|p1a: Ursaluna|28/100 brn|[from] item: Rocky Helmet|[of] p2a: Landorus
|faint|p2a: Landorus
|
|-damage|p1a: Ursaluna|22/100 brn|[from] brn
|upkeep
|
|t:|1760351272
|switch|p2a: Zamazenta|Zamazenta, shiny|60/100
|turn|21
|
|t:|1760351279
|move|p2a: Zamazenta|Body Press|p1a: Ursaluna
|-supereffective|p1a: Ursaluna
|-damage|p1a: Ursaluna|0 fnt
|faint|p1a: Ursaluna
|
|-heal|p2a: Zamazenta|66/100|[from] item: Leftovers
|upkeep
|
|t:|1760351282
|switch|p1a: Gyarados|Gyarados, F|100/100
|-damage|p1a: Gyarados|76/100|[from] Stealth Rock
|-ability|p1a: Gyarados|Intimidate|boost
|-unboost|p2a: Zamazenta|atk|1
|turn|22
|
|t:|1760351289
|move|p2a: Zamazenta|Body Press|p1a: Gyarados
|-resisted|p1a: Gyarados
|-damage|p1a: Gyarados|52/100
|move|p1a: Gyarados|Dragon Dance|p1a: Gyarados
|-boost|p1a: Gyarados|atk|1
|-boost|p1a: Gyarados|spe|1
|
|-heal|p2a: Zamazenta|72/100|[from] item: Leftovers
|upkeep
|turn|23
|
|t:|1760351297
|move|p2a: Zamazenta|Iron Defense|p2a: Zamazenta
|-boost|p2a: Zamazenta|def|2
|move|p1a: Gyarados|Dragon Dance|p1a: Gyarados
|-boost|p1a: Gyarados|atk|1
|-boost|p1a: Gyarados|spe|1
|
|-heal|p2a: Zamazenta|78/100|[from] item: Leftovers
|upkeep
|turn|24
|
|t:|1760351304
|move|p1a: Gyarados|Waterfall|p2a: Zamazenta
|-damage|p2a: Zamazenta|36/100
|-damage|p1a: Gyarados|42/100|[from] item: Life Orb
|move|p2a: Zamazenta|Iron Defense|p2a: Zamazenta
|-boost|p2a: Zamazenta|def|2
|
|-heal|p2a: Zamazenta|42/100|[from] item: Leftovers
|upkeep
|turn|25
|
|t:|1760351311
|move|p1a: Gyarados|Waterfall|p2a: Zamazenta
|-damage|p2a: Zamazenta|10/100
|-damage|p1a: Gyarados|32/100|[from] item: Life Orb
|move|p2a: Zamazenta|Body Press|p1a: Gyarados
|-resisted|p1a: Gyarados
|-damage|p1a: Gyarados|0 fnt
|faint|p1a: Gyarados
|
|win|ArinDuv
|raw|we love malamar's rating: 1057 &rarr; <strong>1038</strong><br />(-19 for losing)
|raw|ArinDuv's rating: 1051 &rarr; <strong>1084</strong><br />(+33 for winning)
|l|☆we love malamar
|player|p1|
|l|☆ArinDuv
|player|p2|
