|badge|p2|bronze|gen9randombattle|100-7
|uhtml|medal-msg|<div class="broadcast-blue">Curious what those medals under the avatar are? PS now has Ladder Seasons! For more information, check out the <a href="https://www.smogon.com/forums/threads/3740067/">thread on Smogon.</a></div>
|j|☆pcklee
|j|☆SpongeGar & Patar
|t:|1760332487
|gametype|singles
|player|p1|pcklee|1|1630
|player|p2|SpongeGar & Patar|266|1794
|gen|9
|tier|[Gen 9] OU
|rated|
|rule|HP Percentage Mod: HP is shown in percentages
|rule|Endless Battle Clause: Forcing endless battles is banned
|rule|Species Clause: Limit one of each Pokémon
|rule|OHKO Clause: OHKO moves are banned
|rule|Evasion Items Clause: Evasion items are banned
|rule|Evasion Moves Clause: Evasion moves are banned
|rule|Evasion Abilities Clause: Evasion abilities are banned
|rule|Sleep Moves Clause: Sleep-inducing moves are banned
|clearpoke
|poke|p1|Ting-Lu|
|poke|p1|Dragonite, M|
|poke|p1|Zamazenta-*|
|poke|p1|Gholdengo|
|poke|p1|Darkrai|
|poke|p1|Zapdos|
|poke|p2|Kyurem|
|poke|p2|Corviknight, F|
|poke|p2|Ting-Lu|
|poke|p2|Dondozo, F|
|poke|p2|Slowking-Galar, L99, M|
|poke|p2|Cinderace, M|
|teampreview
|inactive|Battle timer is ON: inactive players will automatically lose when time's up. (requested by SpongeGar & Patar)
|
|t:|1760332551
|teamsize|p1|6
|teamsize|p2|6
|start
|switch|p1a: Darkrai|Darkrai|100/100
|switch|p2a: Dondozo|Dondozo, F|100/100
|turn|1
|inactive|SpongeGar & Patar has 120 seconds left.
|
|t:|1760332600
|move|p1a: Darkrai|Trick|p2a: Dondozo
|-activate|p1a: Darkrai|move: Trick|[of] p2a: Dondozo
|-item|p2a: Dondozo|Choice Scarf|[from] move: Trick
|-item|p1a: Darkrai|Leftovers|[from] move: Trick
|move|p2a: Dondozo|Body Press|p1a: Darkrai
|-supereffective|p1a: Darkrai
|-damage|p1a: Darkrai|25/100
|
|-heal|p1a: Darkrai|31/100|[from] item: Leftovers
|upkeep
|turn|2
|inactive|SpongeGar & Patar has 90 seconds left.
|inactive|pcklee has 120 seconds left.
|
|t:|1760332649
|switch|p1a: Zapdos|Zapdos|100/100
|move|p2a: Dondozo|Body Press|p1a: Zapdos
|-resisted|p1a: Zapdos
|-damage|p1a: Zapdos|90/100
|
|upkeep
|turn|3
|inactive|pcklee has 120 seconds left.
|inactive|SpongeGar & Patar has 60 seconds left.
|inactive|pcklee has 90 seconds left.
|
|t:|1760332701
|switch|p1a: Ting-Lu|Ting-Lu|100/100
|-ability|p1a: Ting-Lu|Vessel of Ruin
|switch|p2a: Kyurem|Kyurem|100/100
|-ability|p2a: Kyurem|Pressure
|
|upkeep
|turn|4
|inactive|pcklee has 90 seconds left.
|
|t:|1760332719
|move|p2a: Kyurem|Freeze-Dry|p1a: Ting-Lu
|-supereffective|p1a: Ting-Lu
|-damage|p1a: Ting-Lu|69/100
|move|p1a: Ting-Lu|Stealth Rock|p2a: Kyurem
|-sidestart|p2: SpongeGar & Patar|move: Stealth Rock
|
|-heal|p1a: Ting-Lu|75/100|[from] item: Leftovers
|upkeep
|turn|5
|
|t:|1760332744
|move|p2a: Kyurem|Freeze-Dry|p1a: Ting-Lu
|-supereffective|p1a: Ting-Lu
|-damage|p1a: Ting-Lu|45/100
|move|p1a: Ting-Lu|Ruination|p2a: Kyurem
|-damage|p2a: Kyurem|50/100
|
|-heal|p2a: Kyurem|57/100|[from] item: Leftovers
|-heal|p1a: Ting-Lu|51/100|[from] item: Leftovers
|upkeep
|turn|6
|
|t:|1760332755
|move|p2a: Kyurem|Freeze-Dry|p1a: Ting-Lu
|-supereffective|p1a: Ting-Lu
|-damage|p1a: Ting-Lu|22/100
|move|p1a: Ting-Lu|Earthquake|p2a: Kyurem
|-damage|p2a: Kyurem|22/100
|
|-heal|p2a: Kyurem|28/100|[from] item: Leftovers
|-heal|p1a: Ting-Lu|28/100|[from] item: Leftovers
|upkeep
|turn|7
|inactive|pcklee has 60 seconds left.
|
|t:|1760332773
|move|p2a: Kyurem|Freeze-Dry|p1a: Ting-Lu
|-supereffective|p1a: Ting-Lu
|-damage|p1a: Ting-Lu|0 fnt
|faint|p1a: Ting-Lu
|
|-heal|p2a: Kyurem|34/100|[from] item: Leftovers
|upkeep
|inactive|pcklee has 60 seconds left.
|inactive|pcklee has 30 seconds left.
|inactive|pcklee has 20 seconds left.
|inactive|pcklee has 15 seconds left.
|
|t:|1760332827
|switch|p1a: Darkrai|Darkrai|31/100
|turn|8
|inactive|pcklee has 25 seconds left this turn.
|
|t:|1760332836
|switch|p2a: Ting-Lu|Ting-Lu|100/100
|-damage|p2a: Ting-Lu|94/100|[from] Stealth Rock
|-ability|p2a: Ting-Lu|Vessel of Ruin
|move|p1a: Darkrai|Dark Pulse|p2a: Ting-Lu
|-resisted|p2a: Ting-Lu
|-damage|p2a: Ting-Lu|85/100
|
|-heal|p1a: Darkrai|37/100|[from] item: Leftovers
|-heal|p2a: Ting-Lu|92/100|[from] item: Leftovers
|upkeep
|turn|9
|inactive|pcklee has 30 seconds left.
|inactive|pcklee has 20 seconds left.
|inactive|pcklee has 15 seconds left.
|inactive|pcklee has 10 seconds left.
|
|t:|1760332862
|switch|p1a: Zapdos|Zapdos|90/100
|move|p2a: Ting-Lu|Earthquake|p1a: Zapdos
|-immune|p1a: Zapdos
|
|-heal|p2a: Ting-Lu|98/100|[from] item: Leftovers
|upkeep
|turn|10
|inactive|pcklee has 20 seconds left this turn.
|inactive|pcklee has 15 seconds left.
|inactive|SpongeGar & Patar has 60 seconds left.
|
|t:|1760332871
|move|p1a: Zapdos|Hurricane|p2a: Ting-Lu
|-damage|p2a: Ting-Lu|79/100
|move|p2a: Ting-Lu|Payback|p1a: Zapdos
|-damage|p1a: Zapdos|63/100
|
|-heal|p2a: Ting-Lu|85/100|[from] item: Leftovers
|upkeep
|turn|11
|inactive|pcklee has 25 seconds left this turn.
|inactive|pcklee has 20 seconds left.
|inactive|pcklee has 15 seconds left.
|inactive|SpongeGar & Patar has 60 seconds left.
|inactive|pcklee has 10 seconds left.
|inactive|pcklee has 5 seconds left.
|
|t:|1760332892
|move|p1a: Zapdos|Hurricane|p2a: Ting-Lu
|-damage|p2a: Ting-Lu|65/100
|move|p2a: Ting-Lu|Payback|p1a: Zapdos
|-damage|p1a: Zapdos|35/100
|-status|p2a: Ting-Lu|par|[from] ability: Static|[of] p1a: Zapdos
|
|-heal|p2a: Ting-Lu|72/100 par|[from] item: Leftovers
|upkeep
|turn|12
|inactive|pcklee has 15 seconds left this turn.
|inactive|pcklee has 10 seconds left.
|inactive|SpongeGar & Patar has 60 seconds left.
|
|t:|1760332902
|move|p1a: Zapdos|Hurricane|p2a: Ting-Lu|[miss]
|-miss|p1a: Zapdos|p2a: Ting-Lu
|cant|p2a: Ting-Lu|par
|
|-heal|p2a: Ting-Lu|78/100 par|[from] item: Leftovers
|upkeep
|turn|13
|inactive|pcklee has 20 seconds left this turn.
|inactive|pcklee has 15 seconds left.
|
|t:|1760332912
|move|p1a: Zapdos|Roost|p1a: Zapdos
|-heal|p1a: Zapdos|85/100
|-singleturn|p1a: Zapdos|move: Roost
|move|p2a: Ting-Lu|Earthquake|p1a: Zapdos
|-supereffective|p1a: Zapdos
|-damage|p1a: Zapdos|29/100
|
|-heal|p2a: Ting-Lu|84/100 par|[from] item: Leftovers
|upkeep
|turn|14
|inactive|pcklee has 25 seconds left this turn.
|inactive|pcklee has 20 seconds left.
|inactive|pcklee has 15 seconds left.
|
|t:|1760332923
|move|p1a: Zapdos|Hurricane|p2a: Ting-Lu|[miss]
|-miss|p1a: Zapdos|p2a: Ting-Lu
|move|p2a: Ting-Lu|Earthquake|p1a: Zapdos
|-immune|p1a: Zapdos
|
|-heal|p2a: Ting-Lu|90/100 par|[from] item: Leftovers
|upkeep
|turn|15
|inactive|pcklee has 25 seconds left this turn.
|inactive|pcklee has 20 seconds left.
|
|t:|1760332932
|move|p1a: Zapdos|Roost|p1a: Zapdos
|-heal|p1a: Zapdos|79/100
|-singleturn|p1a: Zapdos|move: Roost
|move|p2a: Ting-Lu|Earthquake|p1a: Zapdos
|-supereffective|p1a: Zapdos
|-damage|p1a: Zapdos|21/100
|
|-heal|p2a: Ting-Lu|96/100 par|[from] item: Leftovers
|upkeep
|turn|16
|inactive|pcklee has 30 seconds left this turn.
|inactive|pcklee has 20 seconds left.
|
|t:|1760332943
|move|p1a: Zapdos|Roost|p1a: Zapdos
|-heal|p1a: Zapdos|71/100
|-singleturn|p1a: Zapdos|move: Roost
|move|p2a: Ting-Lu|Earthquake|p1a: Zapdos
|-supereffective|p1a: Zapdos
|-damage|p1a: Zapdos|17/100
|
|-heal|p2a: Ting-Lu|100/100 par|[from] item: Leftovers
|upkeep
|turn|17
|inactive|pcklee has 30 seconds left this turn.
|inactive|pcklee has 20 seconds left.
|
|t:|1760332954
|move|p1a: Zapdos|Roost|p1a: Zapdos
|-heal|p1a: Zapdos|67/100
|-singleturn|p1a: Zapdos|move: Roost
|cant|p2a: Ting-Lu|par
|
|upkeep
|turn|18
|inactive|pcklee has 30 seconds left this turn.
|
|t:|1760332963
|move|p1a: Zapdos|Hurricane|p2a: Ting-Lu
|-damage|p2a: Ting-Lu|82/100 par
|move|p2a: Ting-Lu|Payback|p1a: Zapdos
|-damage|p1a: Zapdos|39/100
|
|-heal|p2a: Ting-Lu|88/100 par|[from] item: Leftovers
|upkeep
|turn|19
|inactive|pcklee has 30 seconds left.
|inactive|SpongeGar & Patar has 90 seconds left.
|inactive|SpongeGar & Patar has 60 seconds left.
|
|t:|1760333013
|move|p1a: Zapdos|Roost|p1a: Zapdos
|-heal|p1a: Zapdos|89/100
|-singleturn|p1a: Zapdos|move: Roost
|move|p2a: Ting-Lu|Earthquake|p1a: Zapdos
|-supereffective|p1a: Zapdos
|-damage|p1a: Zapdos|29/100
|
|-heal|p2a: Ting-Lu|95/100 par|[from] item: Leftovers
|upkeep
|turn|20
|inactive|pcklee has 30 seconds left.
|inactive|SpongeGar & Patar has 30 seconds left.
|inactive|SpongeGar & Patar has 20 seconds left.
|inactive|SpongeGar & Patar has 15 seconds left.
|inactive|SpongeGar & Patar has 10 seconds left.
|
|t:|1760333063
|move|p1a: Zapdos|Hurricane|p2a: Ting-Lu
|-damage|p2a: Ting-Lu|76/100 par
|cant|p2a: Ting-Lu|par
|
|-heal|p2a: Ting-Lu|82/100 par|[from] item: Leftovers
|upkeep
|turn|21
|inactive|SpongeGar & Patar has 20 seconds left this turn.
|inactive|SpongeGar & Patar has 15 seconds left.
|
|t:|1760333073
|move|p1a: Zapdos|Hurricane|p2a: Ting-Lu
|-damage|p2a: Ting-Lu|64/100 par
|cant|p2a: Ting-Lu|par
|
|-heal|p2a: Ting-Lu|70/100 par|[from] item: Leftovers
|upkeep
|turn|22
|inactive|SpongeGar & Patar has 25 seconds left this turn.
|inactive|SpongeGar & Patar has 20 seconds left.
|inactive|SpongeGar & Patar has 15 seconds left.
|
|t:|1760333083
|move|p1a: Zapdos|Roost|p1a: Zapdos
|-heal|p1a: Zapdos|79/100
|-singleturn|p1a: Zapdos|move: Roost
|cant|p2a: Ting-Lu|par
|
|-heal|p2a: Ting-Lu|76/100 par|[from] item: Leftovers
|upkeep
|turn|23
|inactive|SpongeGar & Patar has 25 seconds left this turn.
|inactive|SpongeGar & Patar has 20 seconds left.
|inactive|SpongeGar & Patar has 15 seconds left.
|
|t:|1760333094
|switch|p1a: Darkrai|Darkrai|37/100
|move|p2a: Ting-Lu|Payback|p1a: Darkrai
|-resisted|p1a: Darkrai
|-damage|p1a: Darkrai|25/100
|
|-heal|p1a: Darkrai|31/100|[from] item: Leftovers
|-heal|p2a: Ting-Lu|83/100 par|[from] item: Leftovers
|upkeep
|turn|24
|inactive|SpongeGar & Patar has 25 seconds left this turn.
|inactive|SpongeGar & Patar has 20 seconds left.
|
|t:|1760333104
|switch|p1a: Dragonite|Dragonite, M|100/100
|move|p2a: Ting-Lu|Earthquake|p1a: Dragonite
|-immune|p1a: Dragonite
|
|-heal|p2a: Ting-Lu|89/100 par|[from] item: Leftovers
|upkeep
|turn|25
|inactive|SpongeGar & Patar has 30 seconds left this turn.
|
|t:|1760333114
|move|p1a: Dragonite|Dragon Dance|p1a: Dragonite
|-boost|p1a: Dragonite|atk|1
|-boost|p1a: Dragonite|spe|1
|cant|p2a: Ting-Lu|par
|
|-heal|p2a: Ting-Lu|95/100 par|[from] item: Leftovers
|upkeep
|turn|26
|inactive|SpongeGar & Patar has 30 seconds left.
|
|t:|1760333128
|move|p1a: Dragonite|Dragon Dance|p1a: Dragonite
|-boost|p1a: Dragonite|atk|1
|-boost|p1a: Dragonite|spe|1
|move|p2a: Ting-Lu|Payback|p1a: Dragonite
|-damage|p1a: Dragonite|83/100
|
|-heal|p2a: Ting-Lu|100/100 par|[from] item: Leftovers
|upkeep
|turn|27
|inactive|SpongeGar & Patar has 30 seconds left.
|
|t:|1760333147
|switch|p2a: Corviknight|Corviknight, F|100/100
|-damage|p2a: Corviknight|88/100|[from] Stealth Rock
|-ability|p2a: Corviknight|Pressure
|move|p1a: Dragonite|Earthquake|p2a: Corviknight
|-immune|p2a: Corviknight
|
|upkeep
|turn|28
|
|t:|1760333156
|move|p1a: Dragonite|Dragon Dance|p1a: Dragonite
|-boost|p1a: Dragonite|atk|1
|-boost|p1a: Dragonite|spe|1
|move|p2a: Corviknight|Roost|p2a: Corviknight
|-heal|p2a: Corviknight|100/100
|-singleturn|p2a: Corviknight|move: Roost
|
|upkeep
|turn|29
|
|t:|1760333176
|move|p1a: Dragonite|Dragon Dance|p1a: Dragonite
|-boost|p1a: Dragonite|atk|1
|-boost|p1a: Dragonite|spe|1
|move|p2a: Corviknight|Brave Bird|p1a: Dragonite
|-damage|p1a: Dragonite|47/100
|-damage|p2a: Corviknight|89/100|[from] Recoil
|
|upkeep
|turn|30
|
|t:|1760333186
|move|p1a: Dragonite|Roost|p1a: Dragonite
|-heal|p1a: Dragonite|97/100
|-singleturn|p1a: Dragonite|move: Roost
|move|p2a: Corviknight|Brave Bird|p1a: Dragonite
|-damage|p1a: Dragonite|59/100
|-damage|p2a: Corviknight|78/100|[from] Recoil
|
|upkeep
|turn|31
|
|t:|1760333195
|move|p1a: Dragonite|Roost|p1a: Dragonite
|-heal|p1a: Dragonite|100/100
|-singleturn|p1a: Dragonite|move: Roost
|move|p2a: Corviknight|Defog|p1a: Dragonite
|-unboost|p1a: Dragonite|evasion|1
|-sideend|p2: SpongeGar & Patar|Stealth Rock|[from] move: Defog|[of] p2a: Corviknight
|
|upkeep
|turn|32
|inactive|pcklee has 60 seconds left.
|
|t:|1760333204
|move|p1a: Dragonite|Dragon Dance|p1a: Dragonite
|-boost|p1a: Dragonite|atk|1
|-boost|p1a: Dragonite|spe|1
|move|p2a: Corviknight|Brave Bird|p1a: Dragonite
|-damage|p1a: Dragonite|82/100
|-damage|p2a: Corviknight|72/100|[from] Recoil
|
|upkeep
|turn|33
|inactive|SpongeGar & Patar has 60 seconds left.
|
|t:|1760333214
|move|p1a: Dragonite|Dragon Dance|p1a: Dragonite
|-boost|p1a: Dragonite|atk|1
|-boost|p1a: Dragonite|spe|1
|move|p2a: Corviknight|Roost|p2a: Corviknight
|-heal|p2a: Corviknight|100/100
|-singleturn|p2a: Corviknight|move: Roost
|
|upkeep
|turn|34
|
|t:|1760333226
|-terastallize|p1a: Dragonite|Normal
|move|p1a: Dragonite|Extreme Speed|p2a: Corviknight
|-resisted|p2a: Corviknight
|-damage|p2a: Corviknight|45/100
|-damage|p1a: Dragonite|66/100|[from] item: Rocky Helmet|[of] p2a: Corviknight
|move|p2a: Corviknight|Brave Bird|p1a: Dragonite
|-damage|p1a: Dragonite|27/100
|-damage|p2a: Corviknight|33/100|[from] Recoil
|
|upkeep
|turn|35
|
|t:|1760333236
|switch|p2a: Dondozo|Dondozo, F|100/100
|move|p1a: Dragonite|Roost|p1a: Dragonite
|-heal|p1a: Dragonite|77/100
|
|upkeep
|turn|36
|inactive|pcklee has 60 seconds left.
|
|t:|1760333265
|switch|p1a: Gholdengo|Gholdengo|100/100
|-item|p1a: Gholdengo|Air Balloon
|move|p2a: Dondozo|Body Press|p1a: Gholdengo
|-immune|p1a: Gholdengo
|
|upkeep
|turn|37
|inactive|pcklee has 60 seconds left.
|
|t:|1760333275
|switch|p2a: Ting-Lu|Ting-Lu|100/100 par
|-ability|p2a: Ting-Lu|Vessel of Ruin
|move|p1a: Gholdengo|Nasty Plot|p1a: Gholdengo
|-boost|p1a: Gholdengo|spa|2
|
|upkeep
|turn|38
|inactive|pcklee has 60 seconds left.
|
|t:|1760333309
|move|p1a: Gholdengo|Nasty Plot|p1a: Gholdengo
|-boost|p1a: Gholdengo|spa|2
|move|p2a: Ting-Lu|Payback|p1a: Gholdengo
|-supereffective|p1a: Gholdengo
|-damage|p1a: Gholdengo|31/100
|-enditem|p1a: Gholdengo|Air Balloon
|
|upkeep
|turn|39
|
|t:|1760333319
|move|p1a: Gholdengo|Make It Rain|p2a: Ting-Lu
|-damage|p2a: Ting-Lu|18/100 par
|-unboost|p1a: Gholdengo|spa|1
|move|p2a: Ting-Lu|Earthquake|p1a: Gholdengo
|-supereffective|p1a: Gholdengo
|-damage|p1a: Gholdengo|0 fnt
|faint|p1a: Gholdengo
|
|-heal|p2a: Ting-Lu|24/100 par|[from] item: Leftovers
|upkeep
|inactive|pcklee has 30 seconds left.
|inactive|pcklee has 20 seconds left.
|inactive|pcklee has 15 seconds left.
|
|t:|1760333349
|switch|p1a: Darkrai|Darkrai|31/100
|turn|40
|inactive|pcklee has 25 seconds left this turn.
|inactive|SpongeGar & Patar has 90 seconds left.
|inactive|SpongeGar & Patar has 60 seconds left.
|
|t:|1760333399
|-terastallize|p2a: Ting-Lu|Water
|move|p1a: Darkrai|Ice Beam|p2a: Ting-Lu
|-resisted|p2a: Ting-Lu
|-damage|p2a: Ting-Lu|17/100 par
|cant|p2a: Ting-Lu|par
|
|-heal|p1a: Darkrai|37/100|[from] item: Leftovers
|-heal|p2a: Ting-Lu|23/100 par|[from] item: Leftovers
|upkeep
|turn|41
|inactive|pcklee has 30 seconds left.
|inactive|pcklee has 20 seconds left.
|
|t:|1760333419
|switch|p1a: Dragonite|Dragonite, M, tera:Normal|77/100
|move|p2a: Ting-Lu|Rest|p2a: Ting-Lu
|-status|p2a: Ting-Lu|slp|[from] move: Rest
|-heal|p2a: Ting-Lu|100/100 slp|[silent]
|
|upkeep
|turn|42
|inactive|pcklee has 30 seconds left this turn.
|inactive|pcklee has 20 seconds left.
|inactive|pcklee has 15 seconds left.
|
|t:|1760333437
|switch|p2a: Dondozo|Dondozo, F|100/100
|move|p1a: Dragonite|Dragon Dance|p1a: Dragonite
|-boost|p1a: Dragonite|atk|1
|-boost|p1a: Dragonite|spe|1
|
|upkeep
|turn|43
|inactive|pcklee has 25 seconds left this turn.
|inactive|pcklee has 20 seconds left.
|inactive|SpongeGar & Patar has 60 seconds left.
|
|t:|1760333447
|switch|p1a: Zapdos|Zapdos|79/100
|move|p2a: Dondozo|Body Press|p1a: Zapdos
|-resisted|p1a: Zapdos
|-damage|p1a: Zapdos|68/100
|
|upkeep
|turn|44
|inactive|pcklee has 30 seconds left this turn.
|inactive|pcklee has 20 seconds left.
|inactive|pcklee has 15 seconds left.
|
|t:|1760333464
|switch|p1a: Dragonite|Dragonite, M, tera:Normal|77/100
|switch|p2a: Slowking|Slowking-Galar, L99, M|100/100
|
|upkeep
|turn|45
|inactive|pcklee has 25 seconds left this turn.
|inactive|pcklee has 20 seconds left.
|inactive|pcklee has 15 seconds left.
|inactive|pcklee has 10 seconds left.
|
|t:|1760333479
|move|p1a: Dragonite|Extreme Speed|p2a: Slowking
|-damage|p2a: Slowking|53/100
|move|p2a: Slowking|Toxic|p1a: Dragonite
|-status|p1a: Dragonite|tox
|
|-damage|p1a: Dragonite|71/100 tox|[from] psn
|upkeep
|turn|46
|inactive|pcklee has 20 seconds left this turn.
|inactive|pcklee has 15 seconds left.
|inactive|pcklee has 10 seconds left.
|
|t:|1760333490
|switch|p2a: Corviknight|Corviknight, F|33/100
|-ability|p2a: Corviknight|Pressure
|move|p1a: Dragonite|Extreme Speed|p2a: Corviknight
|-resisted|p2a: Corviknight
|-damage|p2a: Corviknight|18/100
|-damage|p1a: Dragonite|55/100 tox|[from] item: Rocky Helmet|[of] p2a: Corviknight
|
|-damage|p1a: Dragonite|43/100 tox|[from] psn
|upkeep
|turn|47
|inactive|pcklee has 20 seconds left this turn.
|inactive|pcklee has 15 seconds left.
|inactive|pcklee has 10 seconds left.
|inactive|pcklee has 5 seconds left.
|
|t:|1760333505
|switch|p1a: Zamazenta|Zamazenta|100/100
|-ability|p1a: Zamazenta|Dauntless Shield|boost
|-boost|p1a: Zamazenta|def|1
|move|p2a: Corviknight|Roost|p2a: Corviknight
|-heal|p2a: Corviknight|68/100
|-singleturn|p2a: Corviknight|move: Roost
|
|upkeep
|turn|48
|inactive|pcklee has 15 seconds left this turn.
|inactive|pcklee has 10 seconds left.
|
|t:|1760333514
|move|p1a: Zamazenta|Iron Defense|p1a: Zamazenta
|-boost|p1a: Zamazenta|def|2
|move|p2a: Corviknight|Roost|p2a: Corviknight
|-heal|p2a: Corviknight|100/100
|-singleturn|p2a: Corviknight|move: Roost
|
|upkeep
|turn|49
|inactive|pcklee has 20 seconds left this turn.
|inactive|pcklee has 15 seconds left.
|inactive|SpongeGar & Patar has 90 seconds left.
|inactive|SpongeGar & Patar has 60 seconds left.
|
|t:|1760333563
|move|p1a: Zamazenta|Iron Defense|p1a: Zamazenta
|-boost|p1a: Zamazenta|def|2
|move|p2a: Corviknight|U-turn|p1a: Zamazenta
|-resisted|p1a: Zamazenta
|-damage|p1a: Zamazenta|99/100
|inactive|SpongeGar & Patar has 30 seconds left.
|inactive|SpongeGar & Patar has 20 seconds left.
|inactive|SpongeGar & Patar has 15 seconds left.
|inactive|SpongeGar & Patar has 10 seconds left.
|
|t:|1760333613
|switch|p2a: Slowking|Slowking-Galar, L99, M|86/100|[from] U-turn
|
|-heal|p1a: Zamazenta|100/100|[from] item: Leftovers
|upkeep
|turn|50
|inactive|pcklee has 30 seconds left this turn.
|inactive|SpongeGar & Patar has 20 seconds left this turn.
|inactive|SpongeGar & Patar has 15 seconds left.
|
|t:|1760333622
|move|p1a: Zamazenta|Substitute|p1a: Zamazenta
|-start|p1a: Zamazenta|Substitute
|-damage|p1a: Zamazenta|75/100
|move|p2a: Slowking|Toxic||[still]
|-fail|p2a: Slowking
|
|-heal|p1a: Zamazenta|82/100|[from] item: Leftovers
|upkeep
|turn|51
|inactive|SpongeGar & Patar has 25 seconds left this turn.
|inactive|SpongeGar & Patar has 20 seconds left.
|inactive|pcklee has 30 seconds left.
|
|t:|1760333636
|move|p1a: Zamazenta|Crunch|p2a: Slowking
|-supereffective|p2a: Slowking
|-damage|p2a: Slowking|43/100
|move|p2a: Slowking|Future Sight|p1a: Zamazenta
|-start|p2a: Slowking|move: Future Sight
|
|-heal|p1a: Zamazenta|88/100|[from] item: Leftovers
|upkeep
|turn|52
|inactive|SpongeGar & Patar has 30 seconds left this turn.
|
|t:|1760333646
|switch|p2a: Corviknight|Corviknight, F|100/100
|-ability|p2a: Corviknight|Pressure
|move|p1a: Zamazenta|Crunch|p2a: Corviknight
|-damage|p2a: Corviknight|87/100
|-unboost|p2a: Corviknight|def|1
|-damage|p1a: Zamazenta|71/100|[from] item: Rocky Helmet|[of] p2a: Corviknight
|
|-heal|p1a: Zamazenta|77/100|[from] item: Leftovers
|upkeep
|turn|53
|inactive|SpongeGar & Patar has 30 seconds left.
|
|t:|1760333660
|switch|p2a: Slowking|Slowking-Galar, L99, M|77/100
|move|p1a: Zamazenta|Body Press|p2a: Slowking
|-resisted|p2a: Slowking
|-damage|p2a: Slowking|40/100
|
|-end|p1a: Zamazenta|move: Future Sight
|-supereffective|p1a: Zamazenta
|-end|p1a: Zamazenta|Substitute
|-heal|p1a: Zamazenta|83/100|[from] item: Leftovers
|upkeep
|turn|54
|inactive|pcklee has 30 seconds left.
|
|t:|1760333685
|switch|p2a: Dondozo|Dondozo, F|100/100
|move|p1a: Zamazenta|Substitute|p1a: Zamazenta
|-start|p1a: Zamazenta|Substitute
|-damage|p1a: Zamazenta|58/100
|
|-heal|p1a: Zamazenta|64/100|[from] item: Leftovers
|upkeep
|turn|55
|inactive|pcklee has 30 seconds left.
|inactive|pcklee has 20 seconds left.
|
|t:|1760333701
|move|p1a: Zamazenta|Iron Defense|p1a: Zamazenta
|-boost|p1a: Zamazenta|def|1
|move|p2a: Dondozo|Body Press|p1a: Zamazenta
|-activate|p1a: Zamazenta|move: Substitute|[damage]
|
|-heal|p1a: Zamazenta|71/100|[from] item: Leftovers
|upkeep
|turn|56
|inactive|pcklee has 30 seconds left this turn.
|inactive|pcklee has 20 seconds left.
|inactive|pcklee has 15 seconds left.
|
|t:|1760333718
|move|p1a: Zamazenta|Iron Defense|p1a: Zamazenta
|-boost|p1a: Zamazenta|def|0
|move|p2a: Dondozo|Body Press|p1a: Zamazenta
|-end|p1a: Zamazenta|Substitute
|
|-heal|p1a: Zamazenta|77/100|[from] item: Leftovers
|upkeep
|turn|57
|inactive|pcklee has 25 seconds left this turn.
|inactive|pcklee has 20 seconds left.
|
|t:|1760333727
|move|p1a: Zamazenta|Substitute|p1a: Zamazenta
|-start|p1a: Zamazenta|Substitute
|-damage|p1a: Zamazenta|52/100
|move|p2a: Dondozo|Body Press|p1a: Zamazenta
|-activate|p1a: Zamazenta|move: Substitute|[damage]
|
|-heal|p1a: Zamazenta|58/100|[from] item: Leftovers
|upkeep
|turn|58
|inactive|pcklee has 30 seconds left this turn.
|inactive|pcklee has 20 seconds left.
|
|t:|1760333739
|move|p1a: Zamazenta|Body Press|p2a: Dondozo
|-damage|p2a: Dondozo|84/100
|move|p2a: Dondozo|Body Press|p1a: Zamazenta
|-end|p1a: Zamazenta|Substitute
|
|-heal|p1a: Zamazenta|64/100|[from] item: Leftovers
|upkeep
|turn|59
|inactive|pcklee has 30 seconds left this turn.
|inactive|SpongeGar & Patar has 60 seconds left.
|
|t:|1760333748
|switch|p1a: Zapdos|Zapdos|68/100
|move|p2a: Dondozo|Body Press|p1a: Zapdos
|-resisted|p1a: Zapdos
|-damage|p1a: Zapdos|58/100
|
|upkeep
|turn|60
|inactive|pcklee has 30 seconds left.
|
|t:|1760333758
|switch|p1a: Zamazenta|Zamazenta|64/100
|switch|p2a: Slowking|Slowking-Galar, L99, M|74/100
|
|-heal|p1a: Zamazenta|70/100|[from] item: Leftovers
|upkeep
|turn|61
|inactive|pcklee has 30 seconds left.
|
|t:|1760333773
|switch|p1a: Dragonite|Dragonite, M, tera:Normal|43/100 tox
|move|p2a: Slowking|Toxic|p1a: Dragonite
|-fail|p1a: Dragonite|tox
|
|-damage|p1a: Dragonite|36/100 tox|[from] psn
|upkeep
|turn|62
|inactive|pcklee has 30 seconds left.
|inactive|pcklee has 20 seconds left.
|
|t:|1760333791
|switch|p1a: Zapdos|Zapdos|58/100
|switch|p2a: Corviknight|Corviknight, F|87/100
|-ability|p2a: Corviknight|Pressure
|
|upkeep
|turn|63
|inactive|pcklee has 30 seconds left this turn.
|
|t:|1760333800
|switch|p2a: Slowking|Slowking-Galar, L99, M|100/100
|move|p1a: Zapdos|Thunder Wave|p2a: Slowking
|-status|p2a: Slowking|par
|
|upkeep
|turn|64
|inactive|pcklee has 30 seconds left.
|
|t:|1760333809
|move|p1a: Zapdos|Volt Switch|p2a: Slowking
|-damage|p2a: Slowking|84/100 par
|
|t:|1760333814
|switch|p1a: Dragonite|Dragonite, M, tera:Normal|36/100 tox|[from] Volt Switch
|move|p2a: Slowking|Sludge Bomb|p1a: Dragonite
|-damage|p1a: Dragonite|7/100 tox
|
|-damage|p1a: Dragonite|0 fnt|[from] psn
|faint|p1a: Dragonite
|upkeep
|inactive|pcklee has 30 seconds left.
|inactive|pcklee has 20 seconds left.
|inactive|pcklee has 15 seconds left.
|inactive|pcklee has 10 seconds left.
|
|t:|1760333848
|switch|p1a: Darkrai|Darkrai|37/100
|turn|65
|inactive|pcklee has 20 seconds left this turn.
|inactive|pcklee has 15 seconds left.
|inactive|pcklee has 10 seconds left.
|
|t:|1760333858
|move|p1a: Darkrai|Dark Pulse|p2a: Slowking
|-supereffective|p2a: Slowking
|-damage|p2a: Slowking|27/100 par
|cant|p2a: Slowking|par
|
|-heal|p1a: Darkrai|43/100|[from] item: Leftovers
|upkeep
|turn|66
|inactive|pcklee has 20 seconds left this turn.
|inactive|pcklee has 15 seconds left.
|inactive|pcklee has 10 seconds left.
|
|t:|1760333871
|switch|p2a: Ting-Lu|Ting-Lu, tera:Water|100/100 slp
|-ability|p2a: Ting-Lu|Vessel of Ruin
|move|p1a: Darkrai|Ice Beam|p2a: Ting-Lu
|-resisted|p2a: Ting-Lu
|-damage|p2a: Ting-Lu|94/100 slp
|
|-heal|p1a: Darkrai|49/100|[from] item: Leftovers
|-heal|p2a: Ting-Lu|100/100 slp|[from] item: Leftovers
|-damage|p2a: Ting-Lu|88/100 slp|[from] ability: Bad Dreams|[of] p1a: Darkrai
|upkeep
|turn|67
|inactive|pcklee has 20 seconds left this turn.
|inactive|pcklee has 15 seconds left.
|inactive|pcklee has 10 seconds left.
|inactive|pcklee has 5 seconds left.
|-message|pcklee lost due to inactivity.
|
|win|SpongeGar & Patar
|raw|pcklee's rating: 1630 &rarr; <strong>1619</strong><br />(-11 for losing)
|raw|SpongeGar &amp; Patar's rating: 1794 &rarr; <strong>1805</strong><br />(+11 for winning)
|l|☆SpongeGar & Patar
|player|p2|
|l|☆pcklee
|player|p1|
