|j|☆abhi007xu
|j|☆aaron200589
|t:|1760364419
|gametype|singles
|player|p1|abhi007xu|nate|1416
|player|p2|aaron200589|giovanni|1402
|gen|9
|tier|[Gen 9] OU
|rated|
|rule|HP Percentage Mod: HP is shown in percentages
|rule|Endless Battle Clause: Forcing endless battles is banned
|rule|Species Clause: Limit one of each Pokémon
|rule|OHKO Clause: OHKO moves are banned
|rule|Evasion Items Clause: Evasion items are banned
|rule|Evasion Moves Clause: Evasion moves are banned
|rule|Evasion Abilities Clause: Evasion abilities are banned
|rule|Sleep Moves Clause: Sleep-inducing moves are banned
|clearpoke
|poke|p1|Landorus-Therian, M|
|poke|p1|Samurott-Hisui, F|
|poke|p1|Pecharunt|
|poke|p1|Scizor, M|
|poke|p1|Latios, M|
|poke|p1|Zamazenta-*|
|poke|p2|Glastrier|
|poke|p2|Ursaluna, M|
|poke|p2|Cresselia, F|
|poke|p2|Torkoal, M|
|poke|p2|Slowking-Galar, F|
|poke|p2|Crawdaunt, M|
|teampreview
|
|t:|1760364443
|teamsize|p1|6
|teamsize|p2|6
|start
|switch|p1a: Samurott|Samurott-Hisui, F, shiny|100/100
|switch|p2a: Cresselia|Cresselia, F|100/100
|turn|1
|
|t:|1760364453
|move|p1a: Samurott|Ceaseless Edge|p2a: Cresselia
|-supereffective|p2a: Cresselia
|-damage|p2a: Cresselia|39/100
|-sidestart|p2: aaron200589|Spikes
|move|p2a: Cresselia|Trick Room|p2a: Cresselia
|-fieldstart|move: Trick Room|[of] p2a: Cresselia
|
|upkeep
|turn|2
|
|t:|1760364461
|move|p2a: Cresselia|Lunar Dance|p2a: Cresselia
|faint|p2a: Cresselia
|move|p1a: Samurott|Knock Off|p2: Cresselia|[notarget]
|-fail|p1a: Samurott
|
|upkeep
|
|t:|1760364470
|switch|p2a: Crawdaunt|Crawdaunt, M|100/100
|-damage|p2a: Crawdaunt|88/100|[from] Spikes
|turn|3
|
|t:|1760364477
|switch|p1a: Landorus|Landorus-Therian, M, shiny|100/100
|-ability|p1a: Landorus|Intimidate|boost
|-unboost|p2a: Crawdaunt|atk|1
|move|p2a: Crawdaunt|Crabhammer|p1a: Landorus
|-supereffective|p1a: Landorus
|-crit|p1a: Landorus
|-damage|p1a: Landorus|0 fnt
|-damage|p2a: Crawdaunt|71/100|[from] item: Rocky Helmet|[of] p1a: Landorus
|faint|p1a: Landorus
|
|upkeep
|
|t:|1760364495
|switch|p1a: Pecharunt|Pecharunt|100/100
|turn|4
|
|t:|1760364502
|move|p2a: Crawdaunt|Crabhammer|p1a: Pecharunt
|-crit|p1a: Pecharunt
|-damage|p1a: Pecharunt|1/100
|move|p1a: Pecharunt|Recover|p1a: Pecharunt
|-heal|p1a: Pecharunt|51/100
|
|upkeep
|turn|5
|
|t:|1760364510
|move|p2a: Crawdaunt|Crabhammer|p1a: Pecharunt|[miss]
|-miss|p2a: Crawdaunt|p1a: Pecharunt
|move|p1a: Pecharunt|Recover|p1a: Pecharunt
|-heal|p1a: Pecharunt|100/100
|
|-fieldend|move: Trick Room
|upkeep
|turn|6
|
|t:|1760364531
|switch|p2a: Slowking|Slowking-Galar, F|100/100
|-damage|p2a: Slowking|88/100|[from] Spikes
|move|p1a: Pecharunt|Shadow Ball|p2a: Slowking
|-supereffective|p2a: Slowking
|-damage|p2a: Slowking|59/100
|
|upkeep
|turn|7
|
|t:|1760364540
|move|p1a: Pecharunt|Shadow Ball|p2a: Slowking
|-supereffective|p2a: Slowking
|-damage|p2a: Slowking|31/100
|-unboost|p2a: Slowking|spd|1
|-enditem|p2a: Slowking|Sitrus Berry|[eat]
|-heal|p2a: Slowking|56/100|[from] item: Sitrus Berry
|move|p2a: Slowking|Trick Room|p2a: Slowking
|-fieldstart|move: Trick Room|[of] p2a: Slowking
|
|upkeep
|turn|8
|
|t:|1760364554
|-prepare|p2a: Slowking|Chilly Reception|[premajor]
|move|p2a: Slowking|Chilly Reception|p2a: Slowking
|-weather|Snowscape
|
|t:|1760364559
|switch|p2a: Crawdaunt|Crawdaunt, M|71/100|[from] Chilly Reception
|-heal|p2a: Crawdaunt|100/100|[from] move: Lunar Dance
|-damage|p2a: Crawdaunt|88/100|[from] Spikes
|move|p1a: Pecharunt|Parting Shot|p2a: Crawdaunt
|-unboost|p2a: Crawdaunt|atk|1
|-unboost|p2a: Crawdaunt|spa|1
|
|t:|1760364572
|switch|p1a: Samurott|Samurott-Hisui, F, shiny|100/100|[from] Parting Shot
|
|-weather|Snowscape|[upkeep]
|upkeep
|turn|9
|
|t:|1760364578
|move|p2a: Crawdaunt|Close Combat|p1a: Samurott
|-supereffective|p1a: Samurott
|-damage|p1a: Samurott|0 fnt
|-unboost|p2a: Crawdaunt|def|1
|-unboost|p2a: Crawdaunt|spd|1
|faint|p1a: Samurott
|
|-weather|Snowscape|[upkeep]
|upkeep
|
|t:|1760364582
|switch|p1a: Pecharunt|Pecharunt|100/100
|turn|10
|
|t:|1760364591
|switch|p2a: Slowking|Slowking-Galar, F|89/100
|-damage|p2a: Slowking|77/100|[from] Spikes
|move|p1a: Pecharunt|Shadow Ball|p2a: Slowking
|-supereffective|p2a: Slowking
|-damage|p2a: Slowking|46/100
|
|-weather|Snowscape|[upkeep]
|upkeep
|turn|11
|
|t:|1760364604
|move|p2a: Slowking|Future Sight|p1a: Pecharunt
|-start|p2a: Slowking|move: Future Sight
|move|p1a: Pecharunt|Shadow Ball|p2a: Slowking
|-supereffective|p2a: Slowking
|-damage|p2a: Slowking|16/100
|
|-weather|Snowscape|[upkeep]
|-fieldend|move: Trick Room
|upkeep
|turn|12
|
|t:|1760364616
|switch|p1a: Latios|Latios, M|100/100
|switch|p2a: Crawdaunt|Crawdaunt, M|88/100
|-damage|p2a: Crawdaunt|76/100|[from] Spikes
|
|-weather|none
|upkeep
|turn|13
|
|t:|1760364624
|move|p1a: Latios|Draco Meteor|p2a: Crawdaunt
|-damage|p2a: Crawdaunt|0 fnt
|-unboost|p1a: Latios|spa|2
|faint|p2a: Crawdaunt
|
|-end|p1a: Latios|move: Future Sight
|-resisted|p1a: Latios
|-damage|p1a: Latios|78/100
|upkeep
|
|t:|1760364634
|switch|p2a: Slowking|Slowking-Galar, F|50/100
|-damage|p2a: Slowking|37/100|[from] Spikes
|turn|14
|
|t:|1760364639
|move|p1a: Latios|Psychic Noise|p2a: Slowking
|-damage|p2a: Slowking|23/100
|-start|p2a: Slowking|move: Heal Block
|move|p2a: Slowking|Trick Room|p2a: Slowking
|-fieldstart|move: Trick Room|[of] p2a: Slowking
|
|upkeep
|turn|15
|
|t:|1760364649
|switch|p1a: Pecharunt|Pecharunt|100/100
|-prepare|p2a: Slowking|Chilly Reception|[premajor]
|move|p2a: Slowking|Chilly Reception|p2a: Slowking
|-weather|Snowscape
|
|t:|1760364659
|switch|p2a: Torkoal|Torkoal, M|100/100|[from] Chilly Reception
|-damage|p2a: Torkoal|88/100|[from] Spikes
|-weather|SunnyDay|[from] ability: Drought|[of] p2a: Torkoal
|
|-weather|SunnyDay|[upkeep]
|upkeep
|turn|16
|
|t:|1760364677
|switch|p1a: Scizor|Scizor, M, shiny|100/100
|-terastallize|p2a: Torkoal|Fire
|move|p2a: Torkoal|Eruption|p1a: Scizor
|-supereffective|p1a: Scizor
|-damage|p1a: Scizor|0 fnt
|faint|p1a: Scizor
|
|-weather|SunnyDay|[upkeep]
|upkeep
|
|t:|1760364684
|switch|p1a: Zamazenta|Zamazenta|100/100
|-ability|p1a: Zamazenta|Dauntless Shield|boost
|-boost|p1a: Zamazenta|def|1
|turn|17
|
|t:|1760364695
|-terastallize|p1a: Zamazenta|Fire
|move|p2a: Torkoal|Eruption|p1a: Zamazenta
|-resisted|p1a: Zamazenta
|-damage|p1a: Zamazenta|28/100
|move|p1a: Zamazenta|Roar|p2a: Torkoal
|drag|p2a: Slowking|Slowking-Galar, F|56/100
|-damage|p2a: Slowking|44/100|[from] Spikes
|
|-weather|SunnyDay|[upkeep]
|-heal|p1a: Zamazenta|35/100|[from] item: Leftovers
|upkeep
|turn|18
|
|t:|1760364716
|-prepare|p2a: Slowking|Chilly Reception|[premajor]
|move|p2a: Slowking|Chilly Reception|p2a: Slowking
|-weather|Snowscape
|
|t:|1760364721
|switch|p2a: Torkoal|Torkoal, M, tera:Fire|88/100|[from] Chilly Reception
|-damage|p2a: Torkoal|75/100|[from] Spikes
|-weather|SunnyDay|[from] ability: Drought|[of] p2a: Torkoal
|move|p1a: Zamazenta|Crunch|p2a: Torkoal
|-damage|p2a: Torkoal|60/100
|
|-weather|SunnyDay|[upkeep]
|-heal|p1a: Zamazenta|41/100|[from] item: Leftovers
|-fieldend|move: Trick Room
|upkeep
|turn|19
|
|t:|1760364734
|move|p1a: Zamazenta|Body Press|p2a: Torkoal
|-damage|p2a: Torkoal|16/100
|move|p2a: Torkoal|Overheat|p1a: Zamazenta
|-resisted|p1a: Zamazenta
|-damage|p1a: Zamazenta|0 fnt
|-unboost|p2a: Torkoal|spa|2
|faint|p1a: Zamazenta
|
|-weather|SunnyDay|[upkeep]
|upkeep
|
|t:|1760364740
|switch|p1a: Latios|Latios, M|78/100
|turn|20
|
|t:|1760364746
|move|p1a: Latios|Calm Mind|p1a: Latios
|-boost|p1a: Latios|spa|1
|-boost|p1a: Latios|spd|1
|move|p2a: Torkoal|Overheat|p1a: Latios
|-resisted|p1a: Latios
|-damage|p1a: Latios|48/100
|-unboost|p2a: Torkoal|spa|2
|
|-weather|SunnyDay|[upkeep]
|upkeep
|turn|21
|
|t:|1760364756
|switch|p2a: Slowking|Slowking-Galar, F|77/100
|-damage|p2a: Slowking|64/100|[from] Spikes
|move|p1a: Latios|Calm Mind|p1a: Latios
|-boost|p1a: Latios|spa|1
|-boost|p1a: Latios|spd|1
|
|-weather|SunnyDay|[upkeep]
|upkeep
|turn|22
|
|t:|1760364765
|move|p1a: Latios|Draco Meteor|p2a: Slowking
|-damage|p2a: Slowking|0 fnt
|-unboost|p1a: Latios|spa|2
|faint|p2a: Slowking
|
|-weather|none
|upkeep
|
|t:|1760364775
|switch|p2a: Torkoal|Torkoal, M, tera:Fire|16/100
|-damage|p2a: Torkoal|4/100|[from] Spikes
|-weather|SunnyDay|[from] ability: Drought|[of] p2a: Torkoal
|turn|23
|
|t:|1760364780
|move|p1a: Latios|Recover|p1a: Latios
|-heal|p1a: Latios|99/100
|move|p2a: Torkoal|Overheat|p1a: Latios
|-resisted|p1a: Latios
|-damage|p1a: Latios|57/100
|-unboost|p2a: Torkoal|spa|2
|
|-weather|SunnyDay|[upkeep]
|upkeep
|turn|24
|
|t:|1760364789
|move|p1a: Latios|Recover|p1a: Latios
|-heal|p1a: Latios|100/100
|move|p2a: Torkoal|Overheat|p1a: Latios
|-resisted|p1a: Latios
|-damage|p1a: Latios|80/100
|-unboost|p2a: Torkoal|spa|2
|
|-weather|SunnyDay|[upkeep]
|upkeep
|turn|25
|
|t:|1760364799
|switch|p2a: Glastrier|Glastrier|100/100
|-damage|p2a: Glastrier|88/100|[from] Spikes
|move|p1a: Latios|Calm Mind|p1a: Latios
|-boost|p1a: Latios|spa|1
|-boost|p1a: Latios|spd|1
|
|-weather|SunnyDay|[upkeep]
|upkeep
|turn|26
|
|t:|1760364809
|move|p1a: Latios|Draco Meteor|p2a: Glastrier
|-damage|p2a: Glastrier|1/100
|-unboost|p1a: Latios|spa|2
|-enditem|p2a: Glastrier|Sitrus Berry|[eat]
|-heal|p2a: Glastrier|26/100|[from] item: Sitrus Berry
|move|p2a: Glastrier|Icicle Crash|p1a: Latios
|-supereffective|p1a: Latios
|-damage|p1a: Latios|0 fnt
|faint|p1a: Latios
|-ability|p2a: Glastrier|Chilling Neigh|boost
|-boost|p2a: Glastrier|atk|1
|
|-weather|SunnyDay|[upkeep]
|upkeep
|
|t:|1760364813
|switch|p1a: Pecharunt|Pecharunt|100/100
|turn|27
|
|t:|1760364827
|move|p1a: Pecharunt|Malignant Chain|p2a: Glastrier
|-damage|p2a: Glastrier|0 fnt
|faint|p2a: Glastrier
|
|-weather|none
|upkeep
|
|t:|1760364834
|switch|p2a: Torkoal|Torkoal, M, tera:Fire|4/100
|-damage|p2a: Torkoal|0 fnt|[from] Spikes
|faint|p2a: Torkoal
|
|t:|1760364839
|switch|p2a: Ursaluna|Ursaluna, M|100/100
|-damage|p2a: Ursaluna|88/100|[from] Spikes
|turn|28
|
|t:|1760364850
|move|p1a: Pecharunt|Parting Shot|p2a: Ursaluna
|-unboost|p2a: Ursaluna|atk|1
|-unboost|p2a: Ursaluna|spa|1
|move|p2a: Ursaluna|Headlong Rush|p1a: Pecharunt
|-supereffective|p1a: Pecharunt
|-damage|p1a: Pecharunt|43/100
|-unboost|p2a: Ursaluna|def|1
|-unboost|p2a: Ursaluna|spd|1
|
|-status|p2a: Ursaluna|brn|[from] item: Flame Orb
|upkeep
|turn|29
|
|t:|1760364861
|move|p1a: Pecharunt|Recover|p1a: Pecharunt
|-heal|p1a: Pecharunt|93/100
|move|p2a: Ursaluna|Headlong Rush|p1a: Pecharunt
|-supereffective|p1a: Pecharunt
|-crit|p1a: Pecharunt
|-damage|p1a: Pecharunt|0 fnt
|-unboost|p2a: Ursaluna|def|1
|-unboost|p2a: Ursaluna|spd|1
|faint|p1a: Pecharunt
|
|win|aaron200589
|raw|abhi007xu's rating: 1416 &rarr; <strong>1395</strong><br />(-21 for losing)
|raw|aaron200589's rating: 1402 &rarr; <strong>1423</strong><br />(+21 for winning)
|l|☆abhi007xu
|player|p1|
|l|☆aaron200589
|player|p2|
