|j|☆agency playa
|j|☆damorush
|t:|1760339413
|gametype|singles
|player|p1|agency playa|brendan|1453
|player|p2|damorush|169|1536
|gen|9
|tier|[Gen 9] OU
|rated|
|rule|HP Percentage Mod: HP is shown in percentages
|rule|Endless Battle Clause: Forcing endless battles is banned
|rule|Species Clause: Limit one of each Pokémon
|rule|OHKO Clause: OHKO moves are banned
|rule|Evasion Items Clause: Evasion items are banned
|rule|Evasion Moves Clause: Evasion moves are banned
|rule|Evasion Abilities Clause: Evasion abilities are banned
|rule|Sleep Moves Clause: Sleep-inducing moves are banned
|clearpoke
|poke|p1|Samurott-Hisui, M|
|poke|p1|Slowking-Galar, F|
|poke|p1|Iron Treads|
|poke|p1|Weezing-Galar, M|
|poke|p1|Garchomp, M|
|poke|p1|Zapdos|
|poke|p2|Iron Crown|
|poke|p2|Samurott-Hisui, F|
|poke|p2|Zapdos|
|poke|p2|Dragapult, F|
|poke|p2|Great Tusk|
|poke|p2|Iron Boulder|
|teampreview
|inactive|Battle timer is ON: inactive players will automatically lose when time's up. (requested by agency playa)
|inactive|damorush has 120 seconds left.
|inactive|damorush has 90 seconds left.
|inactive|damorush has 60 seconds left.
|
|t:|1760339516
|teamsize|p1|6
|teamsize|p2|6
|start
|switch|p1a: Zapdos|Zapdos, shiny|100/100
|switch|p2a: Everytime We Touch|Samurott-Hisui, F|100/100
|turn|1
|
|t:|1760339520
|move|p2a: Everytime We Touch|Ceaseless Edge|p1a: Zapdos
|-damage|p1a: Zapdos|64/100
|-sidestart|p1: agency playa|Spikes
|move|p1a: Zapdos|Volt Switch|p2a: Everytime We Touch
|-supereffective|p2a: Everytime We Touch
|-damage|p2a: Everytime We Touch|0 fnt
|faint|p2a: Everytime We Touch
|
|t:|1760339543
|switch|p1a: Samurott|Samurott-Hisui, M, shiny|100/100|[from] Volt Switch
|-damage|p1a: Samurott|88/100|[from] Spikes
|
|upkeep
|
|t:|1760339548
|switch|p2a: Parasite|Dragapult, F|100/100
|turn|2
|
|t:|1760339557
|switch|p1a: Slowking|Slowking-Galar, F, shiny|100/100
|-damage|p1a: Slowking|88/100|[from] Spikes
|move|p2a: Parasite|U-turn|p1a: Slowking
|-damage|p1a: Slowking|50/100
|
|t:|1760339564
|switch|p2a: Pump It|Great Tusk|100/100|[from] U-turn
|
|upkeep
|turn|3
|
|t:|1760339577
|switch|p1a: dirty bong|Weezing-Galar, M, shiny|100/100
|move|p2a: Pump It|Stealth Rock|p1a: dirty bong
|-sidestart|p1: agency playa|move: Stealth Rock
|
|upkeep
|turn|4
|
|t:|1760339587
|-end|p2a: Pump It|Protosynthesis|[silent]
|switch|p2a: Mindreader|Iron Crown|100/100
|move|p1a: dirty bong|Will-O-Wisp|p2a: Mindreader
|-status|p2a: Mindreader|brn
|
|-damage|p2a: Mindreader|94/100 brn|[from] brn
|upkeep
|turn|5
|
|t:|1760339603
|switch|p1a: Slowking|Slowking-Galar, F, shiny|84/100
|-damage|p1a: Slowking|71/100|[from] Spikes
|-damage|p1a: Slowking|59/100|[from] Stealth Rock
|move|p2a: Mindreader|Tachyon Cutter|p1a: Slowking
|-damage|p1a: Slowking|37/100
|-damage|p1a: Slowking|16/100
|-hitcount|p1a: Slowking|2
|
|-damage|p2a: Mindreader|88/100 brn|[from] brn
|upkeep
|turn|6
|
|t:|1760339617
|move|p2a: Mindreader|Tachyon Cutter|p1a: Slowking
|-damage|p1a: Slowking|0 fnt
|faint|p1a: Slowking
|-hitcount|p1: Slowking|1
|
|-damage|p2a: Mindreader|82/100 brn|[from] brn
|upkeep
|
|t:|1760339624
|switch|p1a: Iron Treads|Iron Treads, shiny|100/100
|-damage|p1a: Iron Treads|88/100|[from] Spikes
|-damage|p1a: Iron Treads|85/100|[from] Stealth Rock
|turn|7
|
|t:|1760339634
|-end|p2a: Mindreader|Quark Drive|[silent]
|switch|p2a: Parasite|Dragapult, F|100/100
|move|p1a: Iron Treads|Ice Spinner|p2a: Parasite
|-supereffective|p2a: Parasite
|-damage|p2a: Parasite|30/100
|
|upkeep
|turn|8
|
|t:|1760339642
|-terastallize|p2a: Parasite|Ghost
|move|p2a: Parasite|Tera Blast|p1a: Iron Treads|[anim] Tera Blast Ghost
|-damage|p1a: Iron Treads|18/100
|move|p1a: Iron Treads|Ice Spinner|p2a: Parasite
|-damage|p2a: Parasite|0 fnt
|faint|p2a: Parasite
|
|upkeep
|
|t:|1760339651
|switch|p2a: Revery|Iron Boulder|100/100
|-enditem|p2a: Revery|Booster Energy
|-activate|p2a: Revery|ability: Quark Drive|[fromitem]
|-start|p2a: Revery|quarkdrivespe
|turn|9
|
|t:|1760339659
|move|p2a: Revery|Close Combat|p1a: Iron Treads
|-supereffective|p1a: Iron Treads
|-damage|p1a: Iron Treads|0 fnt
|-unboost|p2a: Revery|def|1
|-unboost|p2a: Revery|spd|1
|faint|p1a: Iron Treads
|-end|p1a: Iron Treads|Quark Drive|[silent]
|
|upkeep
|
|t:|1760339677
|switch|p1a: dirty bong|Weezing-Galar, M, shiny|100/100
|-damage|p1a: dirty bong|88/100|[from] Stealth Rock
|turn|10
|
|t:|1760339682
|move|p2a: Revery|Zen Headbutt|p1a: dirty bong
|-supereffective|p1a: dirty bong
|-damage|p1a: dirty bong|37/100
|-damage|p2a: Revery|84/100|[from] item: Rocky Helmet|[of] p1a: dirty bong
|move|p1a: dirty bong|Dazzling Gleam|p2a: Revery
|-damage|p2a: Revery|49/100
|
|upkeep
|turn|11
|
|t:|1760339692
|switch|p1a: Samurott|Samurott-Hisui, M, shiny|88/100
|-damage|p1a: Samurott|76/100|[from] Spikes
|-damage|p1a: Samurott|63/100|[from] Stealth Rock
|move|p2a: Revery|Zen Headbutt|p1a: Samurott
|-immune|p1a: Samurott
|
|upkeep
|turn|12
|
|t:|1760339707
|move|p1a: Samurott|Sucker Punch|p2a: Revery
|-supereffective|p2a: Revery
|-damage|p2a: Revery|0 fnt
|faint|p2a: Revery
|-end|p2a: Revery|Quark Drive|[silent]
|
|upkeep
|
|t:|1760339712
|switch|p2a: Hurikan|Zapdos|100/100
|turn|13
|
|t:|1760339724
|switch|p1a: Garchomp|Garchomp, M|100/100
|-damage|p1a: Garchomp|88/100|[from] Spikes
|-damage|p1a: Garchomp|82/100|[from] Stealth Rock
|move|p2a: Hurikan|Discharge|p1a: Garchomp
|-immune|p1a: Garchomp
|
|upkeep
|turn|14
|
|t:|1760339740
|move|p1a: Garchomp|Stealth Rock|p2a: Hurikan
|-sidestart|p2: damorush|move: Stealth Rock
|move|p2a: Hurikan|Hurricane|p1a: Garchomp
|-damage|p1a: Garchomp|41/100
|-start|p1a: Garchomp|confusion
|
|upkeep
|turn|15
|
|t:|1760339749
|-activate|p1a: Garchomp|confusion
|-damage|p1a: Garchomp|33/100|[from] confusion
|move|p2a: Hurikan|Hurricane|p1a: Garchomp
|-damage|p1a: Garchomp|0 fnt
|faint|p1a: Garchomp
|
|upkeep
|
|t:|1760339756
|switch|p1a: Zapdos|Zapdos, shiny|64/100
|turn|16
|
|t:|1760339760
|move|p2a: Hurikan|Discharge|p1a: Zapdos
|-damage|p1a: Zapdos|32/100
|move|p1a: Zapdos|Heat Wave|p2a: Hurikan
|-damage|p2a: Hurikan|68/100
|
|upkeep
|turn|17
|
|t:|1760339768
|move|p2a: Hurikan|Discharge|p1a: Zapdos
|-damage|p1a: Zapdos|0 fnt
|faint|p1a: Zapdos
|
|upkeep
|
|t:|1760339773
|switch|p1a: Samurott|Samurott-Hisui, M, shiny|63/100
|-damage|p1a: Samurott|51/100|[from] Spikes
|-damage|p1a: Samurott|38/100|[from] Stealth Rock
|turn|18
|
|t:|1760339778
|move|p1a: Samurott|Aqua Cutter|p2a: Hurikan
|-damage|p2a: Hurikan|32/100
|move|p2a: Hurikan|Discharge|p1a: Samurott
|-supereffective|p1a: Samurott
|-damage|p1a: Samurott|0 fnt
|faint|p1a: Samurott
|
|upkeep
|-message|agency playa forfeited.
|
|win|damorush
|raw|agency playa's rating: 1453 &rarr; <strong>1438</strong><br />(-15 for losing)
|raw|damorush's rating: 1536 &rarr; <strong>1551</strong><br />(+15 for winning)
|l|☆agency playa
|player|p1|
|l|☆damorush
|player|p2|
