|j|☆kenjakuken
|j|☆cozyprincemshroom
|t:|1760440058
|gametype|singles
|player|p1|kenjakuken|li|1068
|player|p2|cozyprincemshroom|waiter|1109
|gen|9
|tier|[Gen 9] OU
|rated|
|rule|HP Percentage Mod: HP is shown in percentages
|rule|Endless Battle Clause: Forcing endless battles is banned
|rule|Species Clause: Limit one of each Pokémon
|rule|OHKO Clause: OHKO moves are banned
|rule|Evasion Items Clause: Evasion items are banned
|rule|Evasion Moves Clause: Evasion moves are banned
|rule|Evasion Abilities Clause: Evasion abilities are banned
|rule|Sleep Moves Clause: Sleep-inducing moves are banned
|clearpoke
|poke|p1|Toxapex, M|
|poke|p1|Mimikyu, M|
|poke|p1|Cramorant, M|
|poke|p1|Kingambit, M|
|poke|p1|Oricorio-Pom-Pom, M|
|poke|p1|Morpeko, M|
|poke|p2|Munkidori, M|
|poke|p2|Lycanroc-Dusk, F|
|poke|p2|Altaria, M|
|poke|p2|Meganium, F|
|poke|p2|Inteleon, F|
|poke|p2|Mew|
|teampreview
|inactive|Battle timer is ON: inactive players will automatically lose when time's up. (requested by cozyprincemshroom)
|
|t:|1760440071
|teamsize|p1|6
|teamsize|p2|6
|start
|switch|p1a: Coco|Oricorio-Pom-Pom, M|100/100
|switch|p2a: Munkidori|Munkidori, M|100/100
|turn|1
|
|t:|1760440078
|move|p2a: Munkidori|Trick|p1a: Coco
|-activate|p2a: Munkidori|move: Trick|[of] p1a: Coco
|-item|p1a: Coco|Choice Scarf|[from] move: Trick
|-item|p2a: Munkidori|Magnet|[from] move: Trick
|move|p1a: Coco|Quiver Dance|p1a: Coco
|-boost|p1a: Coco|spa|1
|-boost|p1a: Coco|spd|1
|-boost|p1a: Coco|spe|1
|
|upkeep
|turn|2
|
|t:|1760440086
|move|p1a: Coco|Quiver Dance|p1a: Coco
|-boost|p1a: Coco|spa|1
|-boost|p1a: Coco|spd|1
|-boost|p1a: Coco|spe|1
|move|p2a: Munkidori|Nasty Plot|p2a: Munkidori
|-boost|p2a: Munkidori|spa|2
|
|upkeep
|turn|3
|
|t:|1760440094
|move|p1a: Coco|Quiver Dance|p1a: Coco
|-boost|p1a: Coco|spa|1
|-boost|p1a: Coco|spd|1
|-boost|p1a: Coco|spe|1
|move|p2a: Munkidori|Nasty Plot|p2a: Munkidori
|-boost|p2a: Munkidori|spa|2
|
|upkeep
|turn|4
|
|t:|1760440101
|move|p1a: Coco|Quiver Dance|p1a: Coco
|-boost|p1a: Coco|spa|1
|-boost|p1a: Coco|spd|1
|-boost|p1a: Coco|spe|1
|move|p2a: Munkidori|Psychic|p1a: Coco
|-damage|p1a: Coco|26/100
|-status|p1a: Coco|tox|[from] ability: Toxic Chain|[of] p2a: Munkidori
|
|-damage|p1a: Coco|20/100 tox|[from] psn
|upkeep
|turn|5
|
|t:|1760440114
|move|p1a: Coco|Quiver Dance|p1a: Coco
|-boost|p1a: Coco|spa|1
|-boost|p1a: Coco|spd|1
|-boost|p1a: Coco|spe|1
|move|p2a: Munkidori|Tera Blast|p1a: Coco
|-damage|p1a: Coco|0 fnt
|faint|p1a: Coco
|
|upkeep
|inactive|kenjakuken has 120 seconds left.
|
|t:|1760440147
|switch|p1a: Peko|Morpeko, M|100/100
|turn|6
|inactive|kenjakuken has 120 seconds left.
|
|t:|1760440154
|move|p2a: Munkidori|Tera Blast|p1a: Peko
|-damage|p1a: Peko|0 fnt
|faint|p1a: Peko
|
|upkeep
|inactive|kenjakuken has 120 seconds left.
|
|t:|1760440163
|switch|p1a: Mimi|Mimikyu, M|100/100
|turn|7
|
|t:|1760440167
|move|p1a: Mimi|Shadow Sneak|p2a: Munkidori
|-supereffective|p2a: Munkidori
|-damage|p2a: Munkidori|47/100
|move|p2a: Munkidori|Psychic|p1a: Mimi
|-activate|p1a: Mimi|ability: Disguise
|-damage|p1a: Mimi|100/100
|detailschange|p1a: Mimi|Mimikyu-Busted, M
|-damage|p1a: Mimi|88/100|[from] pokemon: Mimikyu-Busted
|
|upkeep
|turn|8
|
|t:|1760440176
|move|p1a: Mimi|Shadow Sneak|p2a: Munkidori
|-supereffective|p2a: Munkidori
|-damage|p2a: Munkidori|0 fnt
|faint|p2a: Munkidori
|
|upkeep
|
|t:|1760440185
|switch|p2a: Mew|Mew|100/100
|turn|9
|
|t:|1760440201
|move|p1a: Mimi|Shadow Sneak|p2a: Mew
|-supereffective|p2a: Mew
|-damage|p2a: Mew|58/100
|move|p2a: Mew|Psychic Fangs|p1a: Mimi
|-damage|p1a: Mimi|18/100
|
|upkeep
|turn|10
|
|t:|1760440208
|move|p1a: Mimi|Shadow Sneak|p2a: Mew
|-supereffective|p2a: Mew
|-damage|p2a: Mew|17/100
|-enditem|p2a: Mew|Sitrus Berry|[eat]
|-heal|p2a: Mew|42/100|[from] item: Sitrus Berry
|move|p2a: Mew|Psychic Fangs|p1a: Mimi
|-damage|p1a: Mimi|0 fnt
|faint|p1a: Mimi
|
|upkeep
|
|t:|1760440217
|switch|p1a: What are you|Cramorant, M|100/100
|turn|11
|
|t:|1760440220
|move|p2a: Mew|Stone Edge|p1a: What are you|[miss]
|-miss|p2a: Mew|p1a: What are you
|move|p1a: What are you|Surf|p2a: Mew
|-formechange|p1a: What are you|Cramorant-Gulping|
|-damage|p2a: Mew|6/100
|
|upkeep
|turn|12
|
|t:|1760440230
|move|p2a: Mew|Stone Edge|p1a: What are you
|-supereffective|p1a: What are you
|-damage|p1a: What are you|0 fnt
|-damage|p2a: Mew|0 fnt|[from] ability: Gulp Missile|[of] p1a: What are you
|-formechange|p1a: What are you|Cramorant|
|faint|p1a: What are you
|faint|p2a: Mew
|
|upkeep
|
|t:|1760440239
|switch|p2a: Altaria|Altaria, M|100/100
|switch|p1a: Spike|Toxapex, M|100/100
|turn|13
|
|t:|1760440244
|move|p2a: Altaria|Will-O-Wisp|p1a: Spike
|-status|p1a: Spike|brn
|move|p1a: Spike|Gunk Shot|p2a: Altaria|[miss]
|-miss|p1a: Spike|p2a: Altaria
|
|-damage|p1a: Spike|94/100 brn|[from] brn
|upkeep
|turn|14
|
|t:|1760440254
|switch|p2a: Lycanroc|Lycanroc-Dusk, F|100/100
|move|p1a: Spike|Gunk Shot|p2a: Lycanroc
|-resisted|p2a: Lycanroc
|-damage|p2a: Lycanroc|89/100
|-status|p2a: Lycanroc|psn
|
|-heal|p1a: Spike|100/100 brn|[from] item: Black Sludge
|-damage|p2a: Lycanroc|77/100 psn|[from] psn
|-damage|p1a: Spike|94/100 brn|[from] brn
|upkeep
|turn|15
|
|t:|1760440268
|move|p2a: Lycanroc|Swords Dance|p2a: Lycanroc
|-boost|p2a: Lycanroc|atk|2
|move|p1a: Spike|Toxic Spikes|p2a: Lycanroc
|-sidestart|p2: cozyprincemshroom|move: Toxic Spikes
|
|-heal|p1a: Spike|100/100 brn|[from] item: Black Sludge
|-damage|p2a: Lycanroc|64/100 psn|[from] psn
|-damage|p1a: Spike|94/100 brn|[from] brn
|upkeep
|turn|16
|
|t:|1760440278
|move|p2a: Lycanroc|Drill Run|p1a: Spike
|-supereffective|p1a: Spike
|-damage|p1a: Spike|0 fnt
|faint|p1a: Spike
|-damage|p2a: Lycanroc|54/100 psn|[from] item: Life Orb
|
|-damage|p2a: Lycanroc|42/100 psn|[from] psn
|upkeep
|
|t:|1760440286
|switch|p1a: Sukuna|Kingambit, M|100/100
|-activate|p1a: Sukuna|ability: Supreme Overlord
|-start|p1a: Sukuna|fallen5|[silent]
|turn|17
|
|t:|1760440293
|move|p2a: Lycanroc|Accelerock|p1a: Sukuna
|-resisted|p1a: Sukuna
|-damage|p1a: Sukuna|77/100
|-damage|p2a: Lycanroc|32/100 psn|[from] item: Life Orb
|move|p1a: Sukuna|Kowtow Cleave|p2a: Lycanroc
|-damage|p2a: Lycanroc|0 fnt
|faint|p2a: Lycanroc
|
|upkeep
|
|t:|1760440303
|switch|p2a: Altaria|Altaria, M|100/100
|turn|18
|
|t:|1760440309
|-terastallize|p1a: Sukuna|Flying
|move|p1a: Sukuna|Sucker Punch||[still]
|-fail|p1a: Sukuna
|move|p2a: Altaria|Will-O-Wisp|p1a: Sukuna
|-status|p1a: Sukuna|brn
|
|-damage|p1a: Sukuna|71/100 brn|[from] brn
|upkeep
|turn|19
|
|t:|1760440321
|move|p1a: Sukuna|Sucker Punch||[still]
|-fail|p1a: Sukuna
|move|p2a: Altaria|Defog|p1a: Sukuna
|-unboost|p1a: Sukuna|evasion|1
|-sideend|p2: cozyprincemshroom|Toxic Spikes|[from] move: Defog|[of] p2a: Altaria
|
|-damage|p1a: Sukuna|65/100 brn|[from] brn
|upkeep
|turn|20
|
|t:|1760440330
|switch|p2a: Meganium|Meganium, F|100/100
|move|p1a: Sukuna|Kowtow Cleave|p2a: Meganium
|-damage|p2a: Meganium|62/100
|
|-heal|p2a: Meganium|68/100|[from] item: Leftovers
|-damage|p1a: Sukuna|59/100 brn|[from] brn
|upkeep
|turn|21
|
|t:|1760440340
|move|p2a: Meganium|Leech Seed|p1a: Sukuna
|-start|p1a: Sukuna|move: Leech Seed
|move|p1a: Sukuna|Kowtow Cleave|p2a: Meganium
|-damage|p2a: Meganium|25/100
|
|-heal|p2a: Meganium|31/100|[from] item: Leftovers
|-damage|p1a: Sukuna|46/100 brn|[from] Leech Seed|[of] p2a: Meganium
|-heal|p2a: Meganium|44/100|[silent]
|-damage|p1a: Sukuna|40/100 brn|[from] brn
|upkeep
|turn|22
|
|t:|1760440351
|move|p2a: Meganium|Synthesis|p2a: Meganium
|-heal|p2a: Meganium|94/100
|move|p1a: Sukuna|Iron Head|p2a: Meganium
|-damage|p2a: Meganium|63/100
|
|-heal|p2a: Meganium|69/100|[from] item: Leftovers
|-damage|p1a: Sukuna|28/100 brn|[from] Leech Seed|[of] p2a: Meganium
|-heal|p2a: Meganium|83/100|[silent]
|-damage|p1a: Sukuna|22/100 brn|[from] brn
|upkeep
|turn|23
|
|t:|1760440361
|move|p2a: Meganium|Encore|p1a: Sukuna
|-start|p1a: Sukuna|Encore
|move|p1a: Sukuna|Iron Head|p2a: Meganium
|-damage|p2a: Meganium|52/100
|
|-heal|p2a: Meganium|58/100|[from] item: Leftovers
|-damage|p1a: Sukuna|9/100 brn|[from] Leech Seed|[of] p2a: Meganium
|-heal|p2a: Meganium|72/100|[silent]
|-damage|p1a: Sukuna|3/100 brn|[from] brn
|upkeep
|turn|24
|
|t:|1760440373
|switch|p2a: Inteleon|Inteleon, F|100/100
|move|p1a: Sukuna|Iron Head|p2a: Inteleon
|-resisted|p2a: Inteleon
|-damage|p2a: Inteleon|70/100
|
|-damage|p1a: Sukuna|0 fnt|[from] Leech Seed|[of] p2a: Inteleon
|-heal|p2a: Inteleon|73/100|[silent]
|faint|p1a: Sukuna
|-end|p1a: Sukuna|fallen5|[silent]
|
|win|cozyprincemshroom
|raw|kenjakuken's rating: 1068 &rarr; <strong>1050</strong><br />(-18 for losing)
|raw|cozyprincemshroom's rating: 1109 &rarr; <strong>1131</strong><br />(+22 for winning)
|l|☆kenjakuken
|player|p1|
|l|☆cozyprincemshroom
|player|p2|
