|j|☆papagoi19
|j|☆Cocobreezy
|t:|1760455798
|gametype|singles
|player|p1|papagoi19|gentleman-gen4|1407
|player|p2|Cocobreezy|yellow|1381
|gen|9
|tier|[Gen 9] OU
|rated|
|rule|HP Percentage Mod: HP is shown in percentages
|rule|Endless Battle Clause: Forcing endless battles is banned
|rule|Species Clause: Limit one of each Pokémon
|rule|OHKO Clause: OHKO moves are banned
|rule|Evasion Items Clause: Evasion items are banned
|rule|Evasion Moves Clause: Evasion moves are banned
|rule|Evasion Abilities Clause: Evasion abilities are banned
|rule|Sleep Moves Clause: Sleep-inducing moves are banned
|clearpoke
|poke|p1|Dragapult, M|
|poke|p1|Clefable, F|
|poke|p1|Gliscor, M|
|poke|p1|Samurott-Hisui, M|
|poke|p1|Iron Treads|
|poke|p1|Slowking-Galar, M|
|poke|p2|Cinderace, M|
|poke|p2|Flareon, F|
|poke|p2|Torkoal, M|
|poke|p2|Leafeon, M|
|poke|p2|Slowking-Galar, M|
|poke|p2|Hatterene, F|
|teampreview
|inactive|Battle timer is ON: inactive players will automatically lose when time's up. (requested by Cocobreezy)
|inactive|papagoi19 has 120 seconds left.
|inactive|papagoi19 has 90 seconds left.
|
|t:|1760455867
|teamsize|p1|6
|teamsize|p2|6
|start
|switch|p1a: Samurott|Samurott-Hisui, M, shiny|100/100
|switch|p2a: Torkoal|Torkoal, M, shiny|100/100
|-weather|SunnyDay|[from] ability: Drought|[of] p2a: Torkoal
|turn|1
|
|t:|1760455873
|move|p1a: Samurott|Ceaseless Edge|p2a: Torkoal
|-damage|p2a: Torkoal|45/100
|-sidestart|p2: Cocobreezy|Spikes
|move|p2a: Torkoal|Stealth Rock|p1a: Samurott
|-sidestart|p1: papagoi19|move: Stealth Rock
|
|-weather|SunnyDay|[upkeep]
|upkeep
|turn|2
|
|t:|1760455889
|switch|p2a: Hatterene|Hatterene, F|100/100
|-damage|p2a: Hatterene|88/100|[from] Spikes
|move|p1a: Samurott|Ceaseless Edge|p2a: Hatterene
|-damage|p2a: Hatterene|10/100
|-sidestart|p2: Cocobreezy|Spikes
|-enditem|p2a: Hatterene|Red Card|[of] p1a: Samurott
|drag|p1a: Iron Treads|Iron Treads, shiny|100/100
|-damage|p1a: Iron Treads|97/100|[from] Stealth Rock
|-enditem|p1a: Iron Treads|Booster Energy
|-activate|p1a: Iron Treads|ability: Quark Drive|[fromitem]
|-start|p1a: Iron Treads|quarkdriveatk
|
|-weather|SunnyDay|[upkeep]
|upkeep
|turn|3
|
|t:|1760455898
|move|p1a: Iron Treads|Rapid Spin|p2a: Hatterene
|-damage|p2a: Hatterene|0 fnt
|-boost|p1a: Iron Treads|spe|1
|-sideend|p1: papagoi19|Stealth Rock|[from] move: Rapid Spin|[of] p1a: Iron Treads
|faint|p2a: Hatterene
|
|-weather|SunnyDay|[upkeep]
|upkeep
|
|t:|1760455904
|switch|p2a: Leafeon|Leafeon, M, shiny|100/100
|-damage|p2a: Leafeon|84/100|[from] Spikes
|turn|4
|inactive|papagoi19 has 120 seconds left.
|
|t:|1760455944
|-terastallize|p1a: Iron Treads|Grass
|move|p2a: Leafeon|Swords Dance|p2a: Leafeon
|-boost|p2a: Leafeon|atk|2
|move|p1a: Iron Treads|Stone Edge|p2a: Leafeon|[miss]
|-miss|p1a: Iron Treads|p2a: Leafeon
|
|-weather|SunnyDay|[upkeep]
|upkeep
|turn|5
|
|t:|1760455958
|-terastallize|p2a: Leafeon|Fighting
|move|p2a: Leafeon|Double Kick|p1a: Iron Treads
|-damage|p1a: Iron Treads|58/100
|-damage|p1a: Iron Treads|21/100
|-hitcount|p1a: Iron Treads|2
|-damage|p2a: Leafeon|74/100|[from] item: Life Orb
|move|p1a: Iron Treads|Rapid Spin|p2a: Leafeon
|-damage|p2a: Leafeon|51/100
|-boost|p1a: Iron Treads|spe|1
|
|-weather|SunnyDay|[upkeep]
|upkeep
|turn|6
|inactive|papagoi19 has 120 seconds left.
|inactive|papagoi19 has 90 seconds left.
|inactive|papagoi19 has 60 seconds left.
|
|t:|1760456028
|move|p1a: Iron Treads|Protect|p1a: Iron Treads
|-singleturn|p1a: Iron Treads|Protect
|move|p2a: Leafeon|Solar Blade||[still]
|-prepare|p2a: Leafeon|Solar Blade
|-anim|p2a: Leafeon|Solar Blade|p1a: Iron Treads
|-activate|p1a: Iron Treads|move: Protect
|
|-weather|SunnyDay|[upkeep]
|upkeep
|turn|7
|
|t:|1760456035
|move|p1a: Iron Treads|Protect|p1a: Iron Treads
|-singleturn|p1a: Iron Treads|Protect
|move|p2a: Leafeon|Swords Dance|p2a: Leafeon
|-boost|p2a: Leafeon|atk|2
|
|-weather|SunnyDay|[upkeep]
|upkeep
|turn|8
|
|t:|1760456038
|move|p1a: Iron Treads|Stone Edge|p2a: Leafeon
|-resisted|p2a: Leafeon
|-crit|p2a: Leafeon
|-damage|p2a: Leafeon|16/100
|move|p2a: Leafeon|Solar Blade||[still]
|-prepare|p2a: Leafeon|Solar Blade
|-anim|p2a: Leafeon|Solar Blade|p1a: Iron Treads
|-resisted|p1a: Iron Treads
|-damage|p1a: Iron Treads|0 fnt
|faint|p1a: Iron Treads
|-end|p1a: Iron Treads|Quark Drive|[silent]
|-damage|p2a: Leafeon|6/100|[from] item: Life Orb
|
|-weather|none
|upkeep
|
|t:|1760456046
|switch|p1a: Dragapult|Dragapult, M, shiny|100/100
|turn|9
|
|t:|1760456052
|switch|p2a: Slowking|Slowking-Galar, M|100/100
|-damage|p2a: Slowking|84/100|[from] Spikes
|move|p1a: Dragapult|Shadow Ball|p2a: Slowking
|-supereffective|p2a: Slowking
|-damage|p2a: Slowking|31/100
|-enditem|p2a: Slowking|Eject Button
|
|t:|1760456061
|switch|p2a: Torkoal|Torkoal, M, shiny|45/100
|-damage|p2a: Torkoal|28/100|[from] Spikes
|-weather|SunnyDay|[from] ability: Drought|[of] p2a: Torkoal
|
|-weather|SunnyDay|[upkeep]
|upkeep
|turn|10
|
|t:|1760456065
|move|p1a: Dragapult|Shadow Ball|p2a: Torkoal
|-damage|p2a: Torkoal|0 fnt
|faint|p2a: Torkoal
|
|-weather|SunnyDay|[upkeep]
|upkeep
|
|t:|1760456068
|switch|p2a: Flareon|Flareon, F, shiny|100/100
|-damage|p2a: Flareon|84/100|[from] Spikes
|turn|11
|
|t:|1760456076
|move|p2a: Flareon|Protect|p2a: Flareon
|-singleturn|p2a: Flareon|Protect
|move|p1a: Dragapult|Shadow Ball|p2a: Flareon
|-activate|p2a: Flareon|move: Protect
|
|-weather|SunnyDay|[upkeep]
|-status|p2a: Flareon|tox|[from] item: Toxic Orb
|upkeep
|turn|12
|
|t:|1760456081
|move|p1a: Dragapult|Shadow Ball|p2a: Flareon
|-damage|p2a: Flareon|47/100 tox
|-unboost|p2a: Flareon|spd|1
|move|p2a: Flareon|Flare Blitz|p1a: Dragapult
|-resisted|p1a: Dragapult
|-damage|p1a: Dragapult|28/100
|-damage|p2a: Flareon|24/100 tox|[from] Recoil
|
|-weather|SunnyDay|[upkeep]
|-damage|p2a: Flareon|18/100 tox|[from] psn
|upkeep
|turn|13
|-message|Cocobreezy forfeited.
|
|win|papagoi19
|raw|papagoi19's rating: 1407 &rarr; <strong>1426</strong><br />(+19 for winning)
|raw|Cocobreezy's rating: 1381 &rarr; <strong>1362</strong><br />(-19 for losing)
|l|☆Cocobreezy
|player|p2|
|l|☆papagoi19
|player|p1|
