|j|☆Currienan59
|j|☆Hunter_of_Keys
|t:|1760350168
|gametype|singles
|player|p1|Currienan59|brock-gen1rb|1434
|player|p2|Hunter_of_Keys|veteran|1420
|gen|9
|tier|[Gen 9] OU
|rated|
|rule|HP Percentage Mod: HP is shown in percentages
|rule|Endless Battle Clause: Forcing endless battles is banned
|rule|Species Clause: Limit one of each Pokémon
|rule|OHKO Clause: OHKO moves are banned
|rule|Evasion Items Clause: Evasion items are banned
|rule|Evasion Moves Clause: Evasion moves are banned
|rule|Evasion Abilities Clause: Evasion abilities are banned
|rule|Sleep Moves Clause: Sleep-inducing moves are banned
|clearpoke
|poke|p1|Rillaboom, M|
|poke|p1|Okidogi, M|
|poke|p1|Zamazenta-*|
|poke|p1|Iron Treads|
|poke|p1|Clefable, F|
|poke|p1|Walking Wake|
|poke|p2|Gallade, M|
|poke|p2|Armarouge, M|
|poke|p2|Indeedee, M|
|poke|p2|Cresselia, F|
|poke|p2|Rabsca, F|
|poke|p2|Espeon, F|
|teampreview
|inactive|Battle timer is ON: inactive players will automatically lose when time's up. (requested by Hunter_of_Keys)
|
|t:|1760350178
|teamsize|p1|6
|teamsize|p2|6
|start
|switch|p1a: Iron Treads|Iron Treads, shiny|100/100
|switch|p2a: Gallade|Gallade, M|100/100
|turn|1
|
|t:|1760350190
|-end|p1a: Iron Treads|Quark Drive|[silent]
|switch|p1a: Clefable|Clefable, F|100/100
|move|p2a: Gallade|Sacred Sword|p1a: Clefable
|-resisted|p1a: Clefable
|-damage|p1a: Clefable|73/100
|
|-heal|p1a: Clefable|79/100|[from] item: Leftovers
|upkeep
|turn|2
|
|t:|1760350199
|switch|p2a: Espeon|Espeon, F|100/100
|move|p1a: Clefable|Calm Mind|p1a: Clefable
|-boost|p1a: Clefable|spa|1
|-boost|p1a: Clefable|spd|1
|
|-heal|p1a: Clefable|85/100|[from] item: Leftovers
|upkeep
|turn|3
|
|t:|1760350208
|move|p2a: Espeon|Thunder Wave|p1a: Clefable
|-status|p1a: Clefable|par
|move|p1a: Clefable|Calm Mind|p1a: Clefable
|-boost|p1a: Clefable|spa|1
|-boost|p1a: Clefable|spd|1
|
|-heal|p1a: Clefable|91/100 par|[from] item: Leftovers
|upkeep
|turn|4
|
|t:|1760350217
|move|p2a: Espeon|Psychic Noise|p1a: Clefable
|-damage|p1a: Clefable|76/100 par
|-start|p1a: Clefable|move: Heal Block
|cant|p1a: Clefable|par
|
|upkeep
|turn|5
|
|t:|1760350229
|move|p2a: Espeon|Expanding Force|p1a: Clefable
|-damage|p1a: Clefable|59/100 par
|move|p1a: Clefable|Moonblast|p2a: Espeon
|-damage|p2a: Espeon|37/100
|-unboost|p2a: Espeon|spa|1
|
|-end|p1a: Clefable|move: Heal Block
|upkeep
|turn|6
|
|t:|1760350238
|move|p2a: Espeon|Psychic Noise|p1a: Clefable
|-damage|p1a: Clefable|49/100 par
|-start|p1a: Clefable|move: Heal Block
|move|p1a: Clefable|Calm Mind|p1a: Clefable
|-boost|p1a: Clefable|spa|1
|-boost|p1a: Clefable|spd|1
|
|upkeep
|turn|7
|
|t:|1760350249
|move|p2a: Espeon|Expanding Force|p1a: Clefable
|-damage|p1a: Clefable|41/100 par
|cant|p1a: Clefable|par
|
|-end|p1a: Clefable|move: Heal Block
|upkeep
|turn|8
|
|t:|1760350257
|move|p2a: Espeon|Psychic Noise|p1a: Clefable
|-damage|p1a: Clefable|32/100 par
|-start|p1a: Clefable|move: Heal Block
|move|p1a: Clefable|Moonblast|p2a: Espeon
|-damage|p2a: Espeon|0 fnt
|faint|p2a: Espeon
|
|upkeep
|
|t:|1760350265
|switch|p2a: Gallade|Gallade, M|100/100
|turn|9
|
|t:|1760350274
|move|p2a: Gallade|Psycho Cut|p1a: Clefable
|-damage|p1a: Clefable|0 fnt
|faint|p1a: Clefable
|
|upkeep
|
|t:|1760350287
|switch|p1a: Rillaboom|Rillaboom, M|100/100
|-fieldstart|move: Grassy Terrain|[from] ability: Grassy Surge|[of] p1a: Rillaboom
|turn|10
|
|t:|1760350293
|move|p2a: Gallade|Ice Punch|p1a: Rillaboom
|-supereffective|p1a: Rillaboom
|-damage|p1a: Rillaboom|51/100
|move|p1a: Rillaboom|Swords Dance|p1a: Rillaboom
|-boost|p1a: Rillaboom|atk|2
|
|-heal|p1a: Rillaboom|57/100|[from] Grassy Terrain
|upkeep
|turn|11
|
|t:|1760350312
|-terastallize|p1a: Rillaboom|Grass
|move|p1a: Rillaboom|Grassy Glide|p2a: Gallade
|-enditem|p2a: Gallade|Focus Sash
|-damage|p2a: Gallade|1/100
|move|p2a: Gallade|Sacred Sword|p1a: Rillaboom
|-damage|p1a: Rillaboom|0 fnt
|faint|p1a: Rillaboom
|
|-heal|p2a: Gallade|7/100|[from] Grassy Terrain
|upkeep
|
|t:|1760350331
|switch|p1a: Walking Wake|Walking Wake|100/100
|turn|12
|
|t:|1760350337
|move|p1a: Walking Wake|Surf|p2a: Gallade
|-damage|p2a: Gallade|0 fnt
|faint|p2a: Gallade
|
|upkeep
|
|t:|1760350340
|switch|p2a: Cresselia|Cresselia, F|100/100
|turn|13
|
|t:|1760350348
|-end|p1a: Walking Wake|Protosynthesis|[silent]
|switch|p1a: Iron Treads|Iron Treads, shiny|100/100
|move|p2a: Cresselia|Ice Beam|p1a: Iron Treads
|-damage|p1a: Iron Treads|83/100
|
|-heal|p1a: Iron Treads|89/100|[from] Grassy Terrain
|-heal|p1a: Iron Treads|95/100|[from] item: Leftovers
|upkeep
|turn|14
|
|t:|1760350359
|switch|p2a: Indeedee|Indeedee, M|100/100
|-fieldstart|move: Psychic Terrain|[from] ability: Psychic Surge|[of] p2a: Indeedee
|move|p1a: Iron Treads|Stealth Rock|p2a: Indeedee
|-sidestart|p2: Hunter_of_Keys|move: Stealth Rock
|
|-heal|p1a: Iron Treads|100/100|[from] item: Leftovers
|upkeep
|turn|15
|
|t:|1760350368
|switch|p2a: Armarouge|Armarouge, M|100/100
|-damage|p2a: Armarouge|75/100|[from] Stealth Rock
|move|p1a: Iron Treads|Knock Off|p2a: Armarouge
|-supereffective|p2a: Armarouge
|-damage|p2a: Armarouge|24/100
|-ability|p2a: Armarouge|Weak Armor|boost
|-unboost|p2a: Armarouge|def|1
|-boost|p2a: Armarouge|spe|2
|-enditem|p2a: Armarouge|Weakness Policy
|-boost|p2a: Armarouge|atk|2|[from] item: Weakness Policy
|-boost|p2a: Armarouge|spa|2|[from] item: Weakness Policy
|
|upkeep
|turn|16
|
|t:|1760350396
|move|p2a: Armarouge|Destiny Bond|p2a: Armarouge
|-singlemove|p2a: Armarouge|Destiny Bond
|move|p1a: Iron Treads|Knock Off|p2a: Armarouge
|-supereffective|p2a: Armarouge
|-damage|p2a: Armarouge|0 fnt
|faint|p2a: Armarouge
|-activate|p2a: Armarouge|move: Destiny Bond
|faint|p1a: Iron Treads
|-end|p1a: Iron Treads|Quark Drive|[silent]
|
|upkeep
|
|t:|1760350410
|switch|p1a: Walking Wake|Walking Wake|100/100
|switch|p2a: Cresselia|Cresselia, F|100/100
|-damage|p2a: Cresselia|88/100|[from] Stealth Rock
|turn|17
|
|t:|1760350419
|move|p1a: Walking Wake|Draco Meteor|p2a: Cresselia
|-damage|p2a: Cresselia|29/100
|-unboost|p1a: Walking Wake|spa|2
|move|p2a: Cresselia|Thunder Wave|p1a: Walking Wake
|-status|p1a: Walking Wake|par
|
|upkeep
|turn|18
|
|t:|1760350439
|move|p2a: Cresselia|Lunar Dance|p2a: Cresselia
|faint|p2a: Cresselia
|move|p1a: Walking Wake|Draco Meteor|p2: Cresselia|[notarget]
|-fail|p1a: Walking Wake
|
|upkeep
|
|t:|1760350440
|switch|p2a: Rabsca|Rabsca, F|100/100
|-damage|p2a: Rabsca|76/100|[from] Stealth Rock
|turn|19
|
|t:|1760350454
|-end|p1a: Walking Wake|Protosynthesis|[silent]
|switch|p1a: Okidogi|Okidogi, M|100/100
|move|p2a: Rabsca|Speed Swap|p1a: Okidogi
|-activate|p2a: Rabsca|move: Speed Swap|[of] p1a: Okidogi
|
|upkeep
|turn|20
|
|t:|1760350464
|move|p2a: Rabsca|Psychic Noise|p1a: Okidogi
|-supereffective|p1a: Okidogi
|-damage|p1a: Okidogi|0 fnt
|faint|p1a: Okidogi
|
|upkeep
|
|t:|1760350470
|switch|p1a: Zamazenta|Zamazenta|100/100
|-ability|p1a: Zamazenta|Dauntless Shield|boost
|-boost|p1a: Zamazenta|def|1
|turn|21
|
|t:|1760350498
|-terastallize|p2a: Rabsca|Water
|move|p1a: Zamazenta|Stone Edge|p2a: Rabsca|[miss]
|-miss|p1a: Zamazenta|p2a: Rabsca
|move|p2a: Rabsca|Revival Blessing|p2a: Rabsca
|-enditem|p2a: Rabsca|Leppa Berry|[eat]
|-activate|p2a: Rabsca|item: Leppa Berry|Revival Blessing|[consumed]
|inactive|Hunter_of_Keys has 120 seconds left.
|
|t:|1760350515
|-heal|p2: Cresselia|50/100|[from] move: Revival Blessing
|
|-fieldend|move: Psychic Terrain
|upkeep
|turn|22
|
|t:|1760350523
|move|p1a: Zamazenta|Body Press|p2a: Rabsca
|-damage|p2a: Rabsca|30/100
|move|p2a: Rabsca|Revival Blessing|p2a: Rabsca
|inactive|Hunter_of_Keys has 120 seconds left.
|
|t:|1760350534
|-heal|p2: Armarouge|50/100|[from] move: Revival Blessing
|
|upkeep
|turn|23
|
|t:|1760350543
|move|p1a: Zamazenta|Body Press|p2a: Rabsca
|-damage|p2a: Rabsca|0 fnt
|faint|p2a: Rabsca
|
|upkeep
|
|t:|1760350546
|switch|p2a: Indeedee|Indeedee, M|100/100
|-damage|p2a: Indeedee|88/100|[from] Stealth Rock
|-fieldstart|move: Psychic Terrain|[from] ability: Psychic Surge|[of] p2a: Indeedee
|turn|24
|inactive|Currienan59 has 120 seconds left.
|
|t:|1760350577
|move|p1a: Zamazenta|Crunch|p2a: Indeedee
|-supereffective|p2a: Indeedee
|-damage|p2a: Indeedee|0 fnt
|faint|p2a: Indeedee
|
|upkeep
|
|t:|1760350580
|switch|p2a: Armarouge|Armarouge, M|50/100
|-heal|p2a: Armarouge|100/100|[from] move: Lunar Dance
|-damage|p2a: Armarouge|75/100|[from] Stealth Rock
|turn|25
|
|t:|1760350588
|move|p1a: Zamazenta|Stone Edge|p2a: Armarouge
|-supereffective|p2a: Armarouge
|-damage|p2a: Armarouge|13/100
|-ability|p2a: Armarouge|Weak Armor|boost
|-unboost|p2a: Armarouge|def|1
|-boost|p2a: Armarouge|spe|2
|move|p2a: Armarouge|Expanding Force|p1a: Zamazenta
|-supereffective|p1a: Zamazenta
|-crit|p1a: Zamazenta
|-damage|p1a: Zamazenta|0 fnt
|faint|p1a: Zamazenta
|
|upkeep
|
|t:|1760350599
|switch|p1a: Walking Wake|Walking Wake|100/100 par
|turn|26
|
|t:|1760350605
|move|p2a: Armarouge|Destiny Bond|p2a: Armarouge
|-singlemove|p2a: Armarouge|Destiny Bond
|move|p1a: Walking Wake|Surf|p2a: Armarouge
|-supereffective|p2a: Armarouge
|-damage|p2a: Armarouge|0 fnt
|faint|p2a: Armarouge
|-activate|p2a: Armarouge|move: Destiny Bond
|faint|p1a: Walking Wake
|-end|p1a: Walking Wake|Protosynthesis|[silent]
|
|win|Hunter_of_Keys
|raw|Currienan59's rating: 1434 &rarr; <strong>1413</strong><br />(-21 for losing)
|raw|Hunter_of_Keys's rating: 1420 &rarr; <strong>1441</strong><br />(+21 for winning)
|l|☆Hunter_of_Keys
|player|p2|
|l|☆Currienan59
|player|p1|
