|j|☆Agent01 M
|j|☆LairdyMate
|t:|1760428560
|gametype|singles
|player|p1|Agent01 M|acetrainer|1159
|player|p2|LairdyMate|lance|1212
|gen|9
|tier|[Gen 9] OU
|rated|
|rule|HP Percentage Mod: HP is shown in percentages
|rule|Endless Battle Clause: Forcing endless battles is banned
|rule|Species Clause: Limit one of each Pokémon
|rule|OHKO Clause: OHKO moves are banned
|rule|Evasion Items Clause: Evasion items are banned
|rule|Evasion Moves Clause: Evasion moves are banned
|rule|Evasion Abilities Clause: Evasion abilities are banned
|rule|Sleep Moves Clause: Sleep-inducing moves are banned
|clearpoke
|poke|p1|Enamorus, F|
|poke|p1|Zamazenta-*|
|poke|p1|Gholdengo|
|poke|p1|Armarouge, M|
|poke|p1|Dragapult, M|
|poke|p1|Scizor, M|
|poke|p2|Dragonite, M|
|poke|p2|Umbreon, M|
|poke|p2|Great Tusk|
|poke|p2|Gholdengo|
|poke|p2|Darkrai|
|poke|p2|Regidrago|
|teampreview
|inactive|Battle timer is ON: inactive players will automatically lose when time's up. (requested by Agent01 M)
|
|t:|1760428625
|teamsize|p1|6
|teamsize|p2|6
|start
|switch|p1a: Gholdengo|Gholdengo|100/100
|switch|p2a: Regidrago|Regidrago|100/100
|-item|p1a: Gholdengo|Air Balloon
|turn|1
|inactive|Agent01 M has 120 seconds left.
|
|t:|1760428664
|switch|p2a: Gholdengo|Gholdengo|100/100
|move|p1a: Gholdengo|Dazzling Gleam|p2a: Gholdengo
|-resisted|p2a: Gholdengo
|-damage|p2a: Gholdengo|83/100
|
|upkeep
|turn|2
|inactive|Agent01 M has 120 seconds left.
|
|t:|1760428696
|switch|p1a: Armarouge|Armarouge, M|100/100
|move|p2a: Gholdengo|Shadow Ball|p1a: Armarouge
|-supereffective|p1a: Armarouge
|-damage|p1a: Armarouge|0 fnt
|faint|p1a: Armarouge
|
|upkeep
|inactive|Agent01 M has 90 seconds left.
|
|t:|1760428733
|switch|p1a: Enamorus|Enamorus, F|100/100
|turn|3
|
|t:|1760428746
|move|p2a: Gholdengo|Shadow Ball|p1a: Enamorus
|-damage|p1a: Enamorus|40/100
|-boost|p1a: Enamorus|spd|1
|move|p1a: Enamorus|Mystical Fire|p2a: Gholdengo
|-supereffective|p2a: Gholdengo
|-damage|p2a: Gholdengo|0 fnt
|faint|p2a: Gholdengo
|
|upkeep
|inactive|LairdyMate has 120 seconds left.
|inactive|LairdyMate has 90 seconds left.
|
|t:|1760428793
|switch|p2a: Great Tusk|Great Tusk|100/100
|turn|4
|
|t:|1760428805
|switch|p1a: Gholdengo|Gholdengo|100/100
|-item|p1a: Gholdengo|Air Balloon
|move|p2a: Great Tusk|Stealth Rock|p1a: Gholdengo
|-sidestart|p1: Agent01 M|move: Stealth Rock
|
|upkeep
|turn|5
|
|t:|1760428818
|-end|p2a: Great Tusk|Protosynthesis|[silent]
|switch|p2a: Umbreon|Umbreon, M, shiny|100/100
|move|p1a: Gholdengo|Nasty Plot|p1a: Gholdengo
|-boost|p1a: Gholdengo|spa|2
|
|upkeep
|turn|6
|
|t:|1760428832
|move|p1a: Gholdengo|Dazzling Gleam|p2a: Umbreon
|-supereffective|p2a: Umbreon
|-damage|p2a: Umbreon|43/100
|move|p2a: Umbreon|Foul Play|p1a: Gholdengo
|-supereffective|p1a: Gholdengo
|-damage|p1a: Gholdengo|67/100
|-enditem|p1a: Gholdengo|Air Balloon
|
|-heal|p2a: Umbreon|49/100|[from] item: Leftovers
|upkeep
|turn|7
|
|t:|1760428850
|move|p2a: Umbreon|Protect|p2a: Umbreon
|-singleturn|p2a: Umbreon|Protect
|move|p1a: Gholdengo|Dazzling Gleam|p2a: Umbreon
|-activate|p2a: Umbreon|move: Protect
|
|-heal|p2a: Umbreon|55/100|[from] item: Leftovers
|upkeep
|turn|8
|inactive|LairdyMate has 90 seconds left.
|
|t:|1760428869
|switch|p2a: Regidrago|Regidrago|100/100
|move|p1a: Gholdengo|Dazzling Gleam|p2a: Regidrago
|-supereffective|p2a: Regidrago
|-damage|p2a: Regidrago|0 fnt
|faint|p2a: Regidrago
|
|upkeep
|inactive|LairdyMate has 90 seconds left.
|
|t:|1760428881
|switch|p2a: Great Tusk|Great Tusk|100/100
|turn|9
|
|t:|1760428885
|move|p2a: Great Tusk|Headlong Rush|p1a: Gholdengo
|-supereffective|p1a: Gholdengo
|-damage|p1a: Gholdengo|0 fnt
|-unboost|p2a: Great Tusk|def|1
|-unboost|p2a: Great Tusk|spd|1
|faint|p1a: Gholdengo
|
|upkeep
|inactive|Agent01 M has 90 seconds left.
|
|t:|1760428918
|switch|p1a: Enamorus|Enamorus, F|40/100
|-damage|p1a: Enamorus|15/100|[from] Stealth Rock
|turn|10
|
|t:|1760428927
|move|p1a: Enamorus|Moonblast|p2a: Great Tusk
|-supereffective|p2a: Great Tusk
|-damage|p2a: Great Tusk|0 fnt
|faint|p2a: Great Tusk
|-end|p2a: Great Tusk|Protosynthesis|[silent]
|
|upkeep
|
|t:|1760428936
|switch|p2a: Dragonite|Dragonite, M|100/100
|turn|11
|inactive|Agent01 M has 90 seconds left.
|
|t:|1760428953
|-terastallize|p2a: Dragonite|Normal
|move|p1a: Enamorus|Moonblast|p2a: Dragonite
|-damage|p2a: Dragonite|67/100
|move|p2a: Dragonite|Dragon Dance|p2a: Dragonite
|-boost|p2a: Dragonite|atk|1
|-boost|p2a: Dragonite|spe|1
|
|upkeep
|turn|12
|
|t:|1760428965
|switch|p1a: Dragapult|Dragapult, M|100/100
|-damage|p1a: Dragapult|88/100|[from] Stealth Rock
|move|p2a: Dragonite|Roost|p2a: Dragonite
|-heal|p2a: Dragonite|100/100
|
|upkeep
|turn|13
|inactive|LairdyMate has 90 seconds left.
|
|t:|1760429009
|move|p1a: Dragapult|Dragon Darts|p2a: Dragonite
|-damage|p2a: Dragonite|84/100
|-anim|p1a: Dragapult|Dragon Darts|p2a: Dragonite
|-damage|p2a: Dragonite|48/100
|move|p2a: Dragonite|Earthquake|p1a: Dragapult
|-damage|p1a: Dragapult|3/100
|
|upkeep
|turn|14
|
|t:|1760429020
|switch|p2a: Umbreon|Umbreon, M, shiny|55/100
|move|p1a: Dragapult|Dragon Darts|p2a: Umbreon
|-damage|p2a: Umbreon|23/100
|-anim|p1a: Dragapult|Dragon Darts|p2a: Umbreon
|-damage|p2a: Umbreon|0 fnt
|faint|p2a: Umbreon
|
|upkeep
|inactive|LairdyMate has 60 seconds left.
|
|t:|1760429054
|switch|p2a: Darkrai|Darkrai|100/100
|turn|15
|inactive|Agent01 M has 90 seconds left.
|inactive|LairdyMate has 60 seconds left.
|
|t:|1760429075
|move|p1a: Dragapult|Dragon Darts|p2a: Darkrai
|-damage|p2a: Darkrai|53/100
|-anim|p1a: Dragapult|Dragon Darts|p2a: Darkrai
|-damage|p2a: Darkrai|6/100
|move|p2a: Darkrai|Ice Beam|p1a: Dragapult
|-supereffective|p1a: Dragapult
|-damage|p1a: Dragapult|0 fnt
|faint|p1a: Dragapult
|
|upkeep
|
|t:|1760429086
|switch|p1a: Scizor|Scizor, M, shiny|100/100
|-damage|p1a: Scizor|88/100|[from] Stealth Rock
|turn|16
|
|t:|1760429097
|move|p2a: Darkrai|Ice Beam|p1a: Scizor
|-resisted|p1a: Scizor
|-damage|p1a: Scizor|67/100
|move|p1a: Scizor|U-turn|p2a: Darkrai
|-supereffective|p2a: Darkrai
|-damage|p2a: Darkrai|0 fnt
|faint|p2a: Darkrai
|
|t:|1760429109
|switch|p1a: Enamorus|Enamorus, F|15/100|[from] U-turn
|-damage|p1a: Enamorus|0 fnt|[from] Stealth Rock
|faint|p1a: Enamorus
|
|upkeep
|
|t:|1760429118
|switch|p2a: Dragonite|Dragonite, M, tera:Normal|48/100
|switch|p1a: Scizor|Scizor, M, shiny|67/100
|-damage|p1a: Scizor|55/100|[from] Stealth Rock
|turn|17
|l|☆LairdyMate
|inactive|LairdyMate disconnected and has a minute to reconnect!
|player|p2|
|inactive|LairdyMate has 30 seconds to reconnect!
|inactive|LairdyMate has 20 seconds to reconnect!
|inactive|LairdyMate has 15 seconds to reconnect!
|inactive|LairdyMate has 10 seconds to reconnect!
|inactive|LairdyMate has 5 seconds to reconnect!
|-message|LairdyMate lost due to inactivity.
|
|win|Agent01 M
|raw|Agent01 M's rating: 1159 &rarr; <strong>1188</strong><br />(+29 for winning)
|raw|LairdyMate's rating: 1212 &rarr; <strong>1183</strong><br />(-29 for losing)
|l|☆Agent01 M
|player|p1|
