|j|‽Robin6766
|j|☆Mreda
|t:|1760389488
|gametype|singles
|player|p1|Robin6766|red|1315
|player|p2|Mreda|1|1360
|gen|9
|tier|[Gen 9] OU
|rated|
|rule|HP Percentage Mod: HP is shown in percentages
|rule|Endless Battle Clause: Forcing endless battles is banned
|rule|Species Clause: Limit one of each Pokémon
|rule|OHKO Clause: OHKO moves are banned
|rule|Evasion Items Clause: Evasion items are banned
|rule|Evasion Moves Clause: Evasion moves are banned
|rule|Evasion Abilities Clause: Evasion abilities are banned
|rule|Sleep Moves Clause: Sleep-inducing moves are banned
|clearpoke
|poke|p1|Great Tusk|
|poke|p1|Ogerpon-Cornerstone, F|
|poke|p1|Zapdos-Galar|
|poke|p1|Pecharunt|
|poke|p1|Cinderace, M|
|poke|p1|Slowking-Galar, F|
|poke|p2|Moltres|
|poke|p2|Zamazenta-*|
|poke|p2|Corviknight, M|
|poke|p2|Garchomp, M|
|poke|p2|Clodsire, M|
|poke|p2|Kingambit, M|
|teampreview
|inactive|Battle timer is ON: inactive players will automatically lose when time's up. (requested by Robin6766)
|
|t:|1760389508
|teamsize|p1|6
|teamsize|p2|6
|start
|switch|p1a: Great Tusk|Great Tusk|100/100
|switch|p2a: Fuego|Zamazenta|100/100
|-ability|p2a: Fuego|Dauntless Shield|boost
|-boost|p2a: Fuego|def|1
|turn|1
|
|t:|1760389517
|-end|p1a: Great Tusk|Protosynthesis|[silent]
|switch|p1a: Pecharunt|Pecharunt|100/100
|move|p2a: Fuego|Ice Fang|p1a: Pecharunt
|-damage|p1a: Pecharunt|85/100
|-damage|p2a: Fuego|84/100|[from] item: Rocky Helmet|[of] p1a: Pecharunt
|
|upkeep
|turn|2
|
|t:|1760389530
|switch|p2a: Jogäider|Clodsire, M|100/100
|move|p1a: Pecharunt|Parting Shot|p2a: Jogäider
|-unboost|p2a: Jogäider|atk|1
|-unboost|p2a: Jogäider|spa|1
|
|t:|1760389535
|switch|p1a: Great Tusk|Great Tusk|100/100|[from] Parting Shot
|
|upkeep
|turn|3
|
|t:|1760389554
|switch|p2a: Marco|Moltres|100/100
|move|p1a: Great Tusk|Headlong Rush|p2a: Marco
|-immune|p2a: Marco
|
|upkeep
|turn|4
|
|t:|1760389561
|move|p2a: Marco|Flamethrower|p1a: Great Tusk
|-damage|p1a: Great Tusk|66/100
|move|p1a: Great Tusk|Rock Slide|p2a: Marco
|-supereffective|p2a: Marco
|-damage|p2a: Marco|13/100
|
|upkeep
|turn|5
|
|t:|1760389586
|switch|p2a: Igriş|Corviknight, M|100/100
|-ability|p2a: Igriş|Pressure
|move|p1a: Great Tusk|Rock Slide|p2a: Igriş
|-damage|p2a: Igriş|83/100
|
|upkeep
|turn|6
|inactive|Robin6766 has 120 seconds left.
|
|t:|1760389602
|move|p1a: Great Tusk|Rock Slide|p2a: Igriş
|-damage|p2a: Igriş|67/100
|cant|p2a: Igriş|flinch
|
|upkeep
|turn|7
|inactive|Robin6766 has 120 seconds left.
|
|t:|1760389615
|-end|p1a: Great Tusk|Protosynthesis|[silent]
|switch|p1a: Cinderace|Cinderace, M|100/100
|move|p2a: Igriş|Roost|p2a: Igriş
|-heal|p2a: Igriş|100/100
|-singleturn|p2a: Igriş|move: Roost
|
|upkeep
|turn|8
|inactive|Robin6766 has 120 seconds left.
|
|t:|1760389628
|switch|p2a: Fuego|Zamazenta|84/100
|move|p1a: Cinderace|Will-O-Wisp|p2a: Fuego
|-status|p2a: Fuego|brn
|
|-damage|p2a: Fuego|78/100 brn|[from] brn
|upkeep
|turn|9
|inactive|Robin6766 has 120 seconds left.
|
|t:|1760389655
|switch|p1a: Pecharunt|Pecharunt|85/100
|move|p2a: Fuego|Close Combat|p1a: Pecharunt
|-immune|p1a: Pecharunt
|
|-damage|p2a: Fuego|72/100 brn|[from] brn
|upkeep
|turn|10
|
|t:|1760389665
|switch|p2a: Jogäider|Clodsire, M|100/100
|move|p1a: Pecharunt|Shadow Ball|p2a: Jogäider
|-damage|p2a: Jogäider|86/100
|
|-heal|p2a: Jogäider|92/100|[from] item: Leftovers
|upkeep
|turn|11
|
|t:|1760389679
|switch|p1a: Great Tusk|Great Tusk|66/100
|move|p2a: Jogäider|Toxic|p1a: Great Tusk
|-status|p1a: Great Tusk|tox
|
|-heal|p2a: Jogäider|98/100|[from] item: Leftovers
|-damage|p1a: Great Tusk|60/100 tox|[from] psn
|upkeep
|turn|12
|
|t:|1760389689
|-end|p1a: Great Tusk|Protosynthesis|[silent]
|switch|p1a: Cinderace|Cinderace, M|100/100
|switch|p2a: Igriş|Corviknight, M|100/100
|-ability|p2a: Igriş|Pressure
|
|upkeep
|turn|13
|inactive|Robin6766 has 120 seconds left.
|
|t:|1760389697
|switch|p2a: Fuego|Zamazenta|72/100 brn
|move|p1a: Cinderace|Pyro Ball|p2a: Fuego
|-damage|p2a: Fuego|22/100 brn
|
|-damage|p2a: Fuego|16/100 brn|[from] brn
|upkeep
|turn|14
|inactive|Robin6766 has 120 seconds left.
|
|t:|1760389726
|switch|p1a: Slowking|Slowking-Galar, F|100/100
|move|p2a: Fuego|Close Combat|p1a: Slowking
|-resisted|p1a: Slowking
|-damage|p1a: Slowking|89/100
|-unboost|p2a: Fuego|def|1
|-unboost|p2a: Fuego|spd|1
|
|-damage|p2a: Fuego|10/100 brn|[from] brn
|upkeep
|turn|15
|
|t:|1760389740
|move|p2a: Fuego|Close Combat|p1a: Slowking
|-resisted|p1a: Slowking
|-damage|p1a: Slowking|78/100
|-unboost|p2a: Fuego|def|1
|-unboost|p2a: Fuego|spd|1
|move|p1a: Slowking|Foul Play|p2a: Fuego
|-resisted|p2a: Fuego
|-damage|p2a: Fuego|0 fnt
|faint|p2a: Fuego
|
|upkeep
|
|t:|1760389751
|switch|p2a: Marco|Moltres|13/100
|turn|16
|
|t:|1760389762
|switch|p1a: Ogerpon|Ogerpon-Cornerstone, F|100/100
|move|p2a: Marco|Roost|p2a: Marco
|-heal|p2a: Marco|63/100
|-singleturn|p2a: Marco|move: Roost
|
|upkeep
|turn|17
|
|t:|1760389772
|switch|p2a: Hanzo|Kingambit, M|100/100
|-activate|p2a: Hanzo|ability: Supreme Overlord
|-start|p2a: Hanzo|fallen1|[silent]
|move|p1a: Ogerpon|Swords Dance|p1a: Ogerpon
|-boost|p1a: Ogerpon|atk|2
|
|upkeep
|turn|18
|
|t:|1760389781
|move|p1a: Ogerpon|Low Kick|p2a: Hanzo
|-supereffective|p2a: Hanzo
|-crit|p2a: Hanzo
|-damage|p2a: Hanzo|0 fnt
|faint|p2a: Hanzo
|-end|p2a: Hanzo|fallen1|[silent]
|
|upkeep
|
|t:|1760389791
|switch|p2a: Megalodon|Garchomp, M|100/100
|turn|19
|inactive|Robin6766 has 120 seconds left.
|
|t:|1760389841
|move|p1a: Ogerpon|Horn Leech|p2a: Megalodon
|-damage|p2a: Megalodon|20/100
|-damage|p1a: Ogerpon|88/100|[from] ability: Rough Skin|[of] p2a: Megalodon
|move|p2a: Megalodon|Scale Shot|p1a: Ogerpon
|-damage|p1a: Ogerpon|72/100
|-damage|p1a: Ogerpon|56/100
|-damage|p1a: Ogerpon|39/100
|-damage|p1a: Ogerpon|22/100
|-hitcount|p1a: Ogerpon|4
|-unboost|p2a: Megalodon|def|1
|-boost|p2a: Megalodon|spe|1
|
|upkeep
|turn|20
|inactive|Robin6766 has 90 seconds left.
|
|t:|1760389860
|move|p2a: Megalodon|Scale Shot|p1a: Ogerpon
|-damage|p1a: Ogerpon|5/100
|-damage|p1a: Ogerpon|0 fnt
|faint|p1a: Ogerpon
|-hitcount|p1: Ogerpon|2
|-unboost|p2a: Megalodon|def|1
|-boost|p2a: Megalodon|spe|1
|
|upkeep
|inactive|Robin6766 has 90 seconds left.
|
|t:|1760389895
|switch|p1a: Zapdos|Zapdos-Galar|100/100
|turn|21
|inactive|Robin6766 has 60 seconds left.
|
|t:|1760389912
|-terastallize|p2a: Megalodon|Electric
|move|p2a: Megalodon|Tera Blast|p1a: Zapdos|[anim] Tera Blast Electric
|-supereffective|p1a: Zapdos
|-damage|p1a: Zapdos|0 fnt
|faint|p1a: Zapdos
|
|upkeep
|inactive|Robin6766 has 60 seconds left.
|
|t:|1760389921
|switch|p1a: Great Tusk|Great Tusk|60/100 tox
|turn|22
|inactive|Robin6766 has 60 seconds left.
|
|t:|1760389941
|switch|p2a: Igriş|Corviknight, M|100/100
|-ability|p2a: Igriş|Pressure
|move|p1a: Great Tusk|Ice Spinner|p2a: Igriş
|-damage|p2a: Igriş|82/100
|-damage|p1a: Great Tusk|44/100 tox|[from] item: Rocky Helmet|[of] p2a: Igriş
|
|-damage|p1a: Great Tusk|37/100 tox|[from] psn
|upkeep
|turn|23
|inactive|Robin6766 has 60 seconds left.
|inactive|Robin6766 has 30 seconds left.
|
|t:|1760389979
|-end|p1a: Great Tusk|Protosynthesis|[silent]
|switch|p1a: Pecharunt|Pecharunt|85/100
|move|p2a: Igriş|Brave Bird|p1a: Pecharunt
|-damage|p1a: Pecharunt|67/100
|-damage|p2a: Igriş|66/100|[from] item: Rocky Helmet|[of] p1a: Pecharunt
|-damage|p2a: Igriş|60/100|[from] Recoil
|
|upkeep
|turn|24
|
|t:|1760389988
|move|p1a: Pecharunt|Recover|p1a: Pecharunt
|-heal|p1a: Pecharunt|100/100
|move|p2a: Igriş|Roost|p2a: Igriş
|-heal|p2a: Igriş|100/100
|-singleturn|p2a: Igriş|move: Roost
|
|upkeep
|turn|25
|
|t:|1760389996
|move|p1a: Pecharunt|Shadow Ball|p2a: Igriş
|-damage|p2a: Igriş|72/100
|move|p2a: Igriş|Brave Bird|p1a: Pecharunt
|-damage|p1a: Pecharunt|82/100
|-damage|p2a: Igriş|55/100|[from] item: Rocky Helmet|[of] p1a: Pecharunt
|-damage|p2a: Igriş|49/100|[from] Recoil
|
|upkeep
|turn|26
|
|t:|1760390005
|move|p1a: Pecharunt|Shadow Ball|p2a: Igriş
|-damage|p2a: Igriş|22/100
|-unboost|p2a: Igriş|spd|1
|move|p2a: Igriş|Roost|p2a: Igriş
|-heal|p2a: Igriş|72/100
|-singleturn|p2a: Igriş|move: Roost
|
|upkeep
|turn|27
|
|t:|1760390015
|switch|p2a: Jogäider|Clodsire, M|98/100
|move|p1a: Pecharunt|Shadow Ball|p2a: Jogäider
|-damage|p2a: Jogäider|84/100
|
|-heal|p2a: Jogäider|90/100|[from] item: Leftovers
|upkeep
|turn|28
|inactive|Robin6766 has 30 seconds left.
|inactive|Robin6766 has 20 seconds left.
|inactive|Robin6766 has 15 seconds left.
|
|t:|1760390062
|move|p1a: Pecharunt|Parting Shot|p2a: Jogäider
|-unboost|p2a: Jogäider|atk|1
|-unboost|p2a: Jogäider|spa|1
|inactive|Robin6766 has 20 seconds left this turn.
|
|t:|1760390065
|switch|p1a: Great Tusk|Great Tusk|37/100 tox|[from] Parting Shot
|move|p2a: Jogäider|Earthquake|p1a: Great Tusk
|-damage|p1a: Great Tusk|27/100 tox
|
|-heal|p2a: Jogäider|96/100|[from] item: Leftovers
|-damage|p1a: Great Tusk|21/100 tox|[from] psn
|upkeep
|turn|29
|inactive|Robin6766 has 30 seconds left this turn.
|
|t:|1760390076
|-end|p1a: Great Tusk|Protosynthesis|[silent]
|switch|p1a: Cinderace|Cinderace, M|100/100
|switch|p2a: Igriş|Corviknight, M|72/100
|-ability|p2a: Igriş|Pressure
|
|upkeep
|turn|30
|inactive|Robin6766 has 30 seconds left.
|
|t:|1760390084
|switch|p2a: Marco|Moltres|63/100
|-terastallize|p1a: Cinderace|Fire
|move|p1a: Cinderace|Pyro Ball|p2a: Marco
|-resisted|p2a: Marco
|-damage|p2a: Marco|34/100
|
|upkeep
|turn|31
|
|t:|1760390093
|move|p1a: Cinderace|Pyro Ball|p2a: Marco
|-resisted|p2a: Marco
|-damage|p2a: Marco|4/100
|move|p2a: Marco|Roost|p2a: Marco
|-heal|p2a: Marco|54/100
|-singleturn|p2a: Marco|move: Roost
|
|upkeep
|turn|32
|
|t:|1760390111
|move|p1a: Cinderace|Pyro Ball|p2a: Marco
|-resisted|p2a: Marco
|-damage|p2a: Marco|26/100
|move|p2a: Marco|Roost|p2a: Marco
|-heal|p2a: Marco|76/100
|-singleturn|p2a: Marco|move: Roost
|
|upkeep
|turn|33
|inactive|Robin6766 has 30 seconds left.
|
|t:|1760390130
|move|p1a: Cinderace|U-turn|p2a: Marco
|-resisted|p2a: Marco
|-damage|p2a: Marco|72/100
|
|t:|1760390132
|switch|p1a: Slowking|Slowking-Galar, F|78/100|[from] U-turn
|move|p2a: Marco|Roost|p2a: Marco
|-heal|p2a: Marco|100/100
|-singleturn|p2a: Marco|move: Roost
|
|upkeep
|turn|34
|
|t:|1760390143
|move|p1a: Slowking|Toxic|p2a: Marco
|-status|p2a: Marco|tox
|move|p2a: Marco|Roar|p1a: Slowking
|drag|p1a: Great Tusk|Great Tusk|21/100 tox
|
|-damage|p2a: Marco|94/100 tox|[from] psn
|-damage|p1a: Great Tusk|14/100 tox|[from] psn
|upkeep
|turn|35
|
|t:|1760390156
|-end|p1a: Great Tusk|Protosynthesis|[silent]
|switch|p1a: Cinderace|Cinderace, M, tera:Fire|100/100
|move|p2a: Marco|Flamethrower|p1a: Cinderace
|-resisted|p1a: Cinderace
|-damage|p1a: Cinderace|71/100
|
|-damage|p2a: Marco|82/100 tox|[from] psn
|upkeep
|turn|36
|
|t:|1760390166
|move|p1a: Cinderace|U-turn|p2a: Marco
|-resisted|p2a: Marco
|-damage|p2a: Marco|79/100 tox
|
|t:|1760390169
|switch|p1a: Slowking|Slowking-Galar, F|78/100|[from] U-turn
|move|p2a: Marco|Flamethrower|p1a: Slowking
|-damage|p1a: Slowking|57/100
|
|-damage|p2a: Marco|61/100 tox|[from] psn
|upkeep
|turn|37
|inactive|Robin6766 has 60 seconds left.
|
|t:|1760390187
|move|p2a: Marco|U-turn|p1a: Slowking
|-damage|p1a: Slowking|42/100
|-enditem|p1a: Slowking|Sitrus Berry|[eat]
|-heal|p1a: Slowking|67/100|[from] item: Sitrus Berry
|
|t:|1760390193
|switch|p2a: Jogäider|Clodsire, M|96/100|[from] U-turn
|move|p1a: Slowking|Ice Beam|p2a: Jogäider
|-supereffective|p2a: Jogäider
|-damage|p2a: Jogäider|70/100
|
|-heal|p2a: Jogäider|76/100|[from] item: Leftovers
|upkeep
|turn|38
|inactive|Robin6766 has 60 seconds left.
|
|t:|1760390206
|move|p1a: Slowking|Ice Beam|p2a: Jogäider
|-supereffective|p2a: Jogäider
|-damage|p2a: Jogäider|54/100
|move|p2a: Jogäider|Earthquake|p1a: Slowking
|-supereffective|p1a: Slowking
|-damage|p1a: Slowking|12/100
|
|-heal|p2a: Jogäider|60/100|[from] item: Leftovers
|upkeep
|turn|39
|inactive|Robin6766 has 60 seconds left.
|-message|Robin6766 forfeited.
|
|win|Mreda
|raw|Robin6766's rating: 1315 &rarr; <strong>1298</strong><br />(-17 for losing)
|raw|Mreda's rating: 1360 &rarr; <strong>1377</strong><br />(+17 for winning)
|l|‽Robin6766
|player|p1|
