|j|☆Qbreezy
|j|‽acezsz
|t:|1760410331
|gametype|singles
|player|p1|Qbreezy|169|1405
|player|p2|acezsz|iris-gen5bw2|1455
|gen|9
|tier|[Gen 9] OU
|rated|
|rule|HP Percentage Mod: HP is shown in percentages
|rule|Endless Battle Clause: Forcing endless battles is banned
|rule|Species Clause: Limit one of each Pokémon
|rule|OHKO Clause: OHKO moves are banned
|rule|Evasion Items Clause: Evasion items are banned
|rule|Evasion Moves Clause: Evasion moves are banned
|rule|Evasion Abilities Clause: Evasion abilities are banned
|rule|Sleep Moves Clause: Sleep-inducing moves are banned
|clearpoke
|poke|p1|Grafaiai, M|
|poke|p1|Rillaboom, M|
|poke|p1|Hawlucha, F|
|poke|p1|Iron Boulder|
|poke|p1|Hoopa-Unbound|
|poke|p1|Moltres|
|poke|p2|Alomomola, M|
|poke|p2|Dragapult, M|
|poke|p2|Slowking-Galar, F|
|poke|p2|Great Tusk|
|poke|p2|Dragonite, M|
|poke|p2|Ting-Lu|
|teampreview
|inactive|Battle timer is ON: inactive players will automatically lose when time's up. (requested by acezsz)
|
|t:|1760410338
|teamsize|p1|6
|teamsize|p2|6
|start
|switch|p1a: Rillaboom|Rillaboom, M|100/100
|switch|p2a: Dragapult|Dragapult, M|100/100
|-fieldstart|move: Grassy Terrain|[from] ability: Grassy Surge|[of] p1a: Rillaboom
|turn|1
|
|t:|1760410344
|move|p2a: Dragapult|U-turn|p1a: Rillaboom
|-supereffective|p1a: Rillaboom
|-damage|p1a: Rillaboom|66/100
|
|t:|1760410350
|switch|p2a: Alomomola|Alomomola, M|100/100|[from] U-turn
|move|p1a: Rillaboom|U-turn|p2a: Alomomola
|-damage|p2a: Alomomola|84/100
|
|t:|1760410357
|switch|p1a: Grafaiai|Grafaiai, M, shiny|100/100|[from] U-turn
|
|-heal|p2a: Alomomola|90/100|[from] Grassy Terrain
|upkeep
|turn|2
|
|t:|1760410362
|move|p1a: Grafaiai|Swagger|p2a: Alomomola
|-boost|p2a: Alomomola|atk|2
|-start|p2a: Alomomola|confusion
|-enditem|p1a: Grafaiai|Mirror Herb
|-boost|p1a: Grafaiai|atk|2|[from] item: Mirror Herb
|-activate|p2a: Alomomola|confusion
|-damage|p2a: Alomomola|82/100|[from] confusion
|
|-heal|p2a: Alomomola|88/100|[from] Grassy Terrain
|upkeep
|turn|3
|
|t:|1760410375
|move|p1a: Grafaiai|Knock Off|p2a: Alomomola
|-damage|p2a: Alomomola|57/100
|-enditem|p2a: Alomomola|Heavy-Duty Boots|[from] move: Knock Off|[of] p1a: Grafaiai
|-activate|p2a: Alomomola|confusion
|-damage|p2a: Alomomola|49/100|[from] confusion
|
|-heal|p2a: Alomomola|55/100|[from] Grassy Terrain
|upkeep
|turn|4
|
|t:|1760410381
|move|p1a: Grafaiai|Acrobatics|p2a: Alomomola
|-damage|p2a: Alomomola|22/100
|-activate|p2a: Alomomola|confusion
|move|p2a: Alomomola|Flip Turn|p1a: Grafaiai
|-damage|p1a: Grafaiai|50/100
|
|t:|1760410389
|switch|p2a: Dragonite|Dragonite, M|100/100|[from] Flip Turn
|
|-heal|p1a: Grafaiai|56/100|[from] Grassy Terrain
|upkeep
|turn|5
|
|t:|1760410397
|move|p2a: Dragonite|Extreme Speed|p1a: Grafaiai
|-damage|p1a: Grafaiai|10/100
|move|p1a: Grafaiai|Knock Off|p2a: Dragonite
|-damage|p2a: Dragonite|71/100
|-enditem|p2a: Dragonite|Heavy-Duty Boots|[from] move: Knock Off|[of] p1a: Grafaiai
|
|-heal|p1a: Grafaiai|16/100|[from] Grassy Terrain
|upkeep
|turn|6
|
|t:|1760410408
|switch|p2a: Alomomola|Alomomola, M|55/100
|move|p1a: Grafaiai|Acrobatics|p2a: Alomomola
|-damage|p2a: Alomomola|23/100
|
|-heal|p1a: Grafaiai|22/100|[from] Grassy Terrain
|-heal|p2a: Alomomola|29/100|[from] Grassy Terrain
|upkeep
|turn|7
|
|t:|1760410418
|move|p2a: Alomomola|Protect|p2a: Alomomola
|-singleturn|p2a: Alomomola|Protect
|move|p1a: Grafaiai|Acrobatics|p2a: Alomomola
|-activate|p2a: Alomomola|move: Protect
|
|-heal|p1a: Grafaiai|28/100|[from] Grassy Terrain
|-heal|p2a: Alomomola|35/100|[from] Grassy Terrain
|upkeep
|turn|8
|
|t:|1760410429
|switch|p2a: Ting-Lu|Ting-Lu|100/100
|-ability|p2a: Ting-Lu|Vessel of Ruin
|move|p1a: Grafaiai|Acrobatics|p2a: Ting-Lu
|-damage|p2a: Ting-Lu|68/100
|
|-heal|p1a: Grafaiai|34/100|[from] Grassy Terrain
|-heal|p2a: Ting-Lu|75/100|[from] Grassy Terrain
|-heal|p2a: Ting-Lu|81/100|[from] item: Leftovers
|-fieldend|move: Grassy Terrain
|upkeep
|turn|9
|
|t:|1760410442
|move|p1a: Grafaiai|Low Kick|p2a: Ting-Lu
|-supereffective|p2a: Ting-Lu
|-damage|p2a: Ting-Lu|15/100
|move|p2a: Ting-Lu|Earthquake|p1a: Grafaiai
|-supereffective|p1a: Grafaiai
|-damage|p1a: Grafaiai|0 fnt
|faint|p1a: Grafaiai
|
|-heal|p2a: Ting-Lu|21/100|[from] item: Leftovers
|upkeep
|
|t:|1760410457
|switch|p1a: Rillaboom|Rillaboom, M|66/100
|-fieldstart|move: Grassy Terrain|[from] ability: Grassy Surge|[of] p1a: Rillaboom
|turn|10
|
|t:|1760410462
|switch|p2a: Dragonite|Dragonite, M|71/100
|move|p1a: Rillaboom|U-turn|p2a: Dragonite
|-resisted|p2a: Dragonite
|-damage|p2a: Dragonite|57/100
|
|t:|1760410467
|switch|p1a: Iron Boulder|Iron Boulder|100/100|[from] U-turn
|-enditem|p1a: Iron Boulder|Booster Energy
|-activate|p1a: Iron Boulder|ability: Quark Drive|[fromitem]
|-start|p1a: Iron Boulder|quarkdrivespe
|
|upkeep
|turn|11
|
|t:|1760410474
|switch|p2a: Great Tusk|Great Tusk|100/100
|move|p1a: Iron Boulder|Swords Dance|p1a: Iron Boulder
|-boost|p1a: Iron Boulder|atk|2
|
|upkeep
|turn|12
|
|t:|1760410482
|-terastallize|p2a: Great Tusk|Steel
|move|p1a: Iron Boulder|Psycho Cut|p2a: Great Tusk
|-resisted|p2a: Great Tusk
|-damage|p2a: Great Tusk|78/100
|move|p2a: Great Tusk|Headlong Rush|p1a: Iron Boulder
|-supereffective|p1a: Iron Boulder
|-damage|p1a: Iron Boulder|0 fnt
|-unboost|p2a: Great Tusk|def|1
|-unboost|p2a: Great Tusk|spd|1
|faint|p1a: Iron Boulder
|-end|p1a: Iron Boulder|Quark Drive|[silent]
|
|-heal|p2a: Great Tusk|84/100|[from] Grassy Terrain
|upkeep
|
|t:|1760410494
|switch|p1a: Hawlucha|Hawlucha, F|100/100
|-enditem|p1a: Hawlucha|Grassy Seed
|-boost|p1a: Hawlucha|def|1|[from] item: Grassy Seed
|turn|13
|
|t:|1760410509
|-end|p2a: Great Tusk|Protosynthesis|[silent]
|switch|p2a: Ting-Lu|Ting-Lu|21/100
|-ability|p2a: Ting-Lu|Vessel of Ruin
|move|p1a: Hawlucha|Swords Dance|p1a: Hawlucha
|-boost|p1a: Hawlucha|atk|2
|
|-heal|p2a: Ting-Lu|27/100|[from] Grassy Terrain
|-heal|p2a: Ting-Lu|33/100|[from] item: Leftovers
|upkeep
|turn|14
|
|t:|1760410518
|move|p1a: Hawlucha|Acrobatics|p2a: Ting-Lu
|-damage|p2a: Ting-Lu|0 fnt
|faint|p2a: Ting-Lu
|
|upkeep
|
|t:|1760410524
|switch|p2a: Great Tusk|Great Tusk, tera:Steel|84/100
|turn|15
|
|t:|1760410528
|-end|p2a: Great Tusk|Protosynthesis|[silent]
|switch|p2a: Dragapult|Dragapult, M|100/100
|move|p1a: Hawlucha|Close Combat|p2a: Dragapult
|-immune|p2a: Dragapult
|
|upkeep
|turn|16
|
|t:|1760410544
|switch|p2a: Slowking|Slowking-Galar, F|100/100
|move|p1a: Hawlucha|Acrobatics|p2a: Slowking
|-damage|p2a: Slowking|0 fnt
|faint|p2a: Slowking
|
|upkeep
|
|t:|1760410549
|switch|p2a: Alomomola|Alomomola, M|68/100
|turn|17
|
|t:|1760410557
|move|p2a: Alomomola|Protect|p2a: Alomomola
|-singleturn|p2a: Alomomola|Protect
|move|p1a: Hawlucha|Acrobatics|p2a: Alomomola
|-activate|p2a: Alomomola|move: Protect
|
|-heal|p2a: Alomomola|74/100|[from] Grassy Terrain
|-fieldend|move: Grassy Terrain
|upkeep
|turn|18
|
|t:|1760410565
|move|p1a: Hawlucha|Acrobatics|p2a: Alomomola
|-crit|p2a: Alomomola
|-damage|p2a: Alomomola|0 fnt
|faint|p2a: Alomomola
|
|upkeep
|
|t:|1760410573
|switch|p2a: Dragonite|Dragonite, M|57/100
|turn|19
|inactive|acezsz has 120 seconds left.
|
|t:|1760410617
|move|p2a: Dragonite|Extreme Speed|p1a: Hawlucha
|-damage|p1a: Hawlucha|72/100
|move|p1a: Hawlucha|Acrobatics|p2a: Dragonite
|-damage|p2a: Dragonite|0 fnt
|faint|p2a: Dragonite
|
|upkeep
|-message|acezsz forfeited.
|
|win|Qbreezy
|raw|Qbreezy's rating: 1405 &rarr; <strong>1428</strong><br />(+23 for winning)
|raw|acezsz's rating: 1455 &rarr; <strong>1432</strong><br />(-23 for losing)
|l|‽acezsz
|player|p2|
