|j|☆kronos142098682
|j|☆aGellO
|t:|1760459758
|gametype|singles
|player|p1|kronos142098682|2|1111
|player|p2|aGellO|170|1105
|gen|9
|tier|[Gen 9] OU
|rated|
|rule|HP Percentage Mod: HP is shown in percentages
|rule|Endless Battle Clause: Forcing endless battles is banned
|rule|Species Clause: Limit one of each Pokémon
|rule|OHKO Clause: OHKO moves are banned
|rule|Evasion Items Clause: Evasion items are banned
|rule|Evasion Moves Clause: Evasion moves are banned
|rule|Evasion Abilities Clause: Evasion abilities are banned
|rule|Sleep Moves Clause: Sleep-inducing moves are banned
|clearpoke
|poke|p1|Kleavor, M|
|poke|p1|Forretress, F|
|poke|p1|Polteageist-Antique|
|poke|p1|Revavroom, M|
|poke|p1|Shroodle, L1, F|
|poke|p1|Salazzle, F|
|poke|p2|Jolteon, M|
|poke|p2|Hydrapple, F|
|poke|p2|Meowscarada, F|
|poke|p2|Alomomola, M|
|poke|p2|Slowking-Galar, F|
|poke|p2|Cinderace, F|
|teampreview
|inactive|Battle timer is ON: inactive players will automatically lose when time's up. (requested by kronos142098682)
|
|t:|1760459788
|teamsize|p1|6
|teamsize|p2|6
|start
|switch|p1a: Shroodle|Shroodle, L1, F|100/100
|switch|p2a: Meowscarada|Meowscarada, F|100/100
|turn|1
|c|☆kronos142098682|oh wait...
|c|☆kronos142098682|oops
|
|t:|1760459807
|move|p1a: Shroodle|Endure|p1a: Shroodle
|-singleturn|p1a: Shroodle|move: Endure
|move|p2a: Meowscarada|U-turn|p1a: Shroodle
|-start|p2a: Meowscarada|typechange|Bug|[from] ability: Protean
|-resisted|p1a: Shroodle
|-activate|p1a: Shroodle|move: Endure
|-damage|p1a: Shroodle|10/100
|c|☆kronos142098682|hahaha
|c|☆kronos142098682|I never die
|c|☆kronos142098682|I have never died
|
|t:|1760459833
|switch|p2a: Alomomola|Alomomola, M|100/100|[from] U-turn
|
|upkeep
|turn|2
|c|☆kronos142098682|dying is lame
|c|☆kronos142098682|and boring
|-enditem|p1a: Shroodle|Custap Berry|[eat]
|-activate|p1a: Shroodle|item: Custap Berry|[consumed]
|
|t:|1760459844
|move|p1a: Shroodle|Endeavor|p2a: Alomomola
|-damage|p2a: Alomomola|1/100
|move|p2a: Alomomola|Flip Turn|p1a: Shroodle
|-damage|p1a: Shroodle|0 fnt
|faint|p1a: Shroodle
|c|☆kronos142098682|:O
|
|t:|1760459859
|switch|p2a: Cinderace|Cinderace, F|100/100|[from] Flip Turn
|
|upkeep
|
|t:|1760459868
|switch|p1a: Recto|Kleavor, M|100/100
|turn|3
|
|t:|1760459882
|move|p2a: Cinderace|U-turn|p1a: Recto
|-start|p2a: Cinderace|typechange|Bug|[from] ability: Libero
|-crit|p1a: Recto
|-damage|p1a: Recto|32/100
|c|☆kronos142098682|bruh
|inactive|aGellO has 120 seconds left.
|
|t:|1760459904
|switch|p2a: Hydrapple|Hydrapple, F|100/100|[from] U-turn
|move|p1a: Recto|Stone Axe|p2a: Hydrapple
|-damage|p2a: Hydrapple|58/100
|-sidestart|p2: aGellO|move: Stealth Rock
|
|upkeep
|turn|4
|inactive|aGellO has 120 seconds left.
|c|☆kronos142098682|rock doesn't resist bug, and neither does bug?
|c|☆kronos142098682|noted I guess
|c|☆aGellO|If i knew i was critting i wldve used pyroball
|
|t:|1760459935
|switch|p1a: Boobopom|Revavroom, M|100/100
|move|p2a: Hydrapple|Fickle Beam|p1a: Boobopom
|-resisted|p1a: Boobopom
|-damage|p1a: Boobopom|77/100
|
|upkeep
|turn|5
|inactive|kronos142098682 has 120 seconds left.
|
|t:|1760459963
|switch|p2a: Alomomola|Alomomola, M|34/100
|move|p1a: Boobopom|Gunk Shot|p2a: Alomomola
|-damage|p2a: Alomomola|4/100
|
|upkeep
|turn|6
|
|t:|1760459976
|switch|p2a: Slowking|Slowking-Galar, F|100/100
|move|p1a: Boobopom|Spin Out|p2a: Slowking
|-damage|p2a: Slowking|52/100
|-unboost|p1a: Boobopom|spe|2
|
|upkeep
|turn|7
|inactive|kronos142098682 has 120 seconds left.
|
|t:|1760459985
|move|p1a: Boobopom|Taunt|p2a: Slowking
|-start|p2a: Slowking|move: Taunt
|move|p2a: Slowking|Future Sight|p1a: Boobopom
|-start|p2a: Slowking|move: Future Sight
|
|upkeep
|turn|8
|
|t:|1760459994
|switch|p2a: Hydrapple|Hydrapple, F|92/100
|-damage|p2a: Hydrapple|79/100|[from] Stealth Rock
|move|p1a: Boobopom|Parting Shot|p2a: Hydrapple
|-unboost|p2a: Hydrapple|atk|1
|-unboost|p2a: Hydrapple|spa|1
|
|t:|1760460004
|switch|p1a: Recto|Kleavor, M|32/100|[from] Parting Shot
|
|upkeep
|turn|9
|
|t:|1760460012
|move|p1a: Recto|X-Scissor|p2a: Hydrapple
|-supereffective|p2a: Hydrapple
|-damage|p2a: Hydrapple|0 fnt
|faint|p2a: Hydrapple
|
|-end|p1a: Recto|move: Future Sight
|-damage|p1a: Recto|0 fnt
|faint|p1a: Recto
|upkeep
|
|t:|1760460029
|switch|p1a: Salazzle|Salazzle, F|100/100
|switch|p2a: Meowscarada|Meowscarada, F|100/100
|-damage|p2a: Meowscarada|88/100|[from] Stealth Rock
|turn|10
|inactive|kronos142098682 has 120 seconds left.
|
|t:|1760460051
|move|p2a: Meowscarada|U-turn|p1a: Salazzle
|-start|p2a: Meowscarada|typechange|Bug|[from] ability: Protean
|-resisted|p1a: Salazzle
|-damage|p1a: Salazzle|80/100
|
|t:|1760460067
|switch|p2a: Slowking|Slowking-Galar, F|85/100|[from] U-turn
|move|p1a: Salazzle|Toxic|p2a: Slowking
|-status|p2a: Slowking|tox
|
|-heal|p1a: Salazzle|87/100|[from] item: Leftovers
|-damage|p2a: Slowking|79/100 tox|[from] psn
|upkeep
|turn|11
|
|t:|1760460078
|move|p1a: Salazzle|Substitute|p1a: Salazzle
|-start|p1a: Salazzle|Substitute
|-damage|p1a: Salazzle|62/100
|move|p2a: Slowking|Future Sight|p1a: Salazzle
|-start|p2a: Slowking|move: Future Sight
|
|-heal|p1a: Salazzle|68/100|[from] item: Leftovers
|-damage|p2a: Slowking|66/100 tox|[from] psn
|upkeep
|turn|12
|inactive|kronos142098682 has 120 seconds left.
|
|t:|1760460093
|move|p1a: Salazzle|Encore|p2a: Slowking
|-start|p2a: Slowking|Encore
|move|p2a: Slowking|Future Sight||[still]
|-fail|p2a: Slowking
|
|-heal|p1a: Salazzle|74/100|[from] item: Leftovers
|-damage|p2a: Slowking|48/100 tox|[from] psn
|upkeep
|turn|13
|inactive|kronos142098682 has 120 seconds left.
|
|t:|1760460117
|switch|p2a: Alomomola|Alomomola, M|37/100
|move|p1a: Salazzle|Protect||[still]
|-fail|p1a: Salazzle
|
|-end|p1a: Salazzle|move: Future Sight
|-supereffective|p1a: Salazzle
|-end|p1a: Salazzle|Substitute
|-heal|p1a: Salazzle|80/100|[from] item: Leftovers
|upkeep
|turn|14
|inactive|kronos142098682 has 120 seconds left.
|c|☆kronos142098682|?
|
|t:|1760460141
|move|p1a: Salazzle|Protect|p1a: Salazzle
|-singleturn|p1a: Salazzle|Protect
|move|p2a: Alomomola|Scald|p1a: Salazzle
|-activate|p1a: Salazzle|move: Protect
|
|-heal|p1a: Salazzle|87/100|[from] item: Leftovers
|upkeep
|turn|15
|inactive|kronos142098682 has 90 seconds left.
|
|t:|1760460167
|switch|p1a: Boobopom|Revavroom, M|77/100
|move|p2a: Alomomola|Protect||[still]
|-fail|p2a: Alomomola
|
|upkeep
|turn|16
|inactive|aGellO has 120 seconds left.
|
|t:|1760460177
|switch|p2a: Slowking|Slowking-Galar, F|81/100 tox
|move|p1a: Boobopom|Gunk Shot|p2a: Slowking
|-resisted|p2a: Slowking
|-damage|p2a: Slowking|51/100 tox
|
|-damage|p2a: Slowking|45/100 tox|[from] psn
|upkeep
|turn|17
|inactive|kronos142098682 has 90 seconds left.
|
|t:|1760460192
|move|p1a: Boobopom|Spin Out|p2a: Slowking
|-damage|p2a: Slowking|0 fnt
|-unboost|p1a: Boobopom|spe|2
|faint|p2a: Slowking
|
|upkeep
|
|t:|1760460207
|switch|p2a: Cinderace|Cinderace, F|100/100
|turn|18
|
|t:|1760460219
|move|p2a: Cinderace|Court Change|p2a: Cinderace
|-start|p2a: Cinderace|typechange|Normal|[from] ability: Libero
|-swapsideconditions
|-activate|p2a: Cinderace|move: Court Change
|move|p1a: Boobopom|Parting Shot|p2a: Cinderace
|-unboost|p2a: Cinderace|atk|1
|-unboost|p2a: Cinderace|spa|1
|inactive|kronos142098682 has 90 seconds left.
|c|☆kronos142098682|oh....
|c|☆kronos142098682|that's bad
|
|t:|1760460239
|switch|p1a: Ekcktksh|Forretress, F|100/100|[from] Parting Shot
|-damage|p1a: Ekcktksh|88/100|[from] Stealth Rock
|
|upkeep
|turn|19
|inactive|kronos142098682 has 90 seconds left.
|
|t:|1760460251
|-terastallize|p1a: Ekcktksh|Dragon
|move|p2a: Cinderace|Pyro Ball|p1a: Ekcktksh
|-resisted|p1a: Ekcktksh
|-damage|p1a: Ekcktksh|79/100
|-enditem|p1a: Ekcktksh|Kee Berry|[eat]
|-boost|p1a: Ekcktksh|def|1|[from] item: Kee Berry
|move|p1a: Ekcktksh|Curse|p1a: Ekcktksh
|-unboost|p1a: Ekcktksh|spe|1
|-boost|p1a: Ekcktksh|atk|1
|-boost|p1a: Ekcktksh|def|1
|
|upkeep
|turn|20
|inactive|kronos142098682 has 90 seconds left.
|
|t:|1760460262
|move|p2a: Cinderace|U-turn|p1a: Ekcktksh
|-damage|p1a: Ekcktksh|73/100
|
|t:|1760460265
|switch|p2a: Jolteon|Jolteon, M|100/100|[from] U-turn
|move|p1a: Ekcktksh|Gyro Ball|p2a: Jolteon
|-resisted|p2a: Jolteon
|-damage|p2a: Jolteon|5/100
|
|upkeep
|turn|21
|
|t:|1760460272
|move|p2a: Jolteon|Alluring Voice|p1a: Ekcktksh
|-supereffective|p1a: Ekcktksh
|-damage|p1a: Ekcktksh|6/100
|move|p1a: Ekcktksh|Rapid Spin|p2a: Jolteon
|-damage|p2a: Jolteon|0 fnt
|-boost|p1a: Ekcktksh|spe|1
|-sideend|p1: kronos142098682|Stealth Rock|[from] move: Rapid Spin|[of] p1a: Ekcktksh
|faint|p2a: Jolteon
|
|upkeep
|c|☆kronos142098682|:O
|
|t:|1760460285
|switch|p2a: Cinderace|Cinderace, F|100/100
|turn|22
|
|t:|1760460299
|move|p2a: Cinderace|Pyro Ball|p1a: Ekcktksh
|-resisted|p1a: Ekcktksh
|-damage|p1a: Ekcktksh|0 fnt
|faint|p1a: Ekcktksh
|
|upkeep
|
|t:|1760460311
|switch|p1a: Casprong|Polteageist-Antique, shiny|100/100
|turn|23
|
|t:|1760460321
|move|p2a: Cinderace|Pyro Ball|p1a: Casprong
|-enditem|p1a: Casprong|Focus Sash
|-damage|p1a: Casprong|1/100
|-ability|p1a: Casprong|Weak Armor|boost
|-unboost|p1a: Casprong|def|1
|-boost|p1a: Casprong|spe|2
|move|p1a: Casprong|Shell Smash|p1a: Casprong
|-unboost|p1a: Casprong|def|1
|-unboost|p1a: Casprong|spd|1
|-boost|p1a: Casprong|atk|2
|-boost|p1a: Casprong|spa|2
|-boost|p1a: Casprong|spe|2
|
|upkeep
|turn|24
|inactive|kronos142098682 has 90 seconds left.
|
|t:|1760460357
|move|p2a: Cinderace|Sucker Punch|p1a: Casprong
|-start|p2a: Cinderace|typechange|Dark|[from] ability: Libero
|-supereffective|p1a: Casprong
|-damage|p1a: Casprong|0 fnt
|faint|p1a: Casprong
|
|upkeep
|
|t:|1760460376
|switch|p1a: Salazzle|Salazzle, F|87/100
|turn|25
|
|t:|1760460383
|move|p2a: Cinderace|U-turn|p1a: Salazzle
|-resisted|p1a: Salazzle
|-damage|p1a: Salazzle|78/100
|
|t:|1760460386
|switch|p2a: Alomomola|Alomomola, M|70/100|[from] U-turn
|move|p1a: Salazzle|Toxic|p2a: Alomomola
|-status|p2a: Alomomola|tox
|
|-heal|p1a: Salazzle|85/100|[from] item: Leftovers
|-damage|p2a: Alomomola|64/100 tox|[from] psn
|upkeep
|turn|26
|inactive|kronos142098682 has 90 seconds left.
|
|t:|1760460405
|move|p1a: Salazzle|Substitute|p1a: Salazzle
|-start|p1a: Salazzle|Substitute
|-damage|p1a: Salazzle|60/100
|move|p2a: Alomomola|Scald|p1a: Salazzle
|-supereffective|p1a: Salazzle
|-end|p1a: Salazzle|Substitute
|
|-heal|p1a: Salazzle|66/100|[from] item: Leftovers
|-damage|p2a: Alomomola|52/100 tox|[from] psn
|upkeep
|turn|27
|
|t:|1760460420
|move|p1a: Salazzle|Protect|p1a: Salazzle
|-singleturn|p1a: Salazzle|Protect
|move|p2a: Alomomola|Wish|p2a: Alomomola
|
|-heal|p1a: Salazzle|72/100|[from] item: Leftovers
|-damage|p2a: Alomomola|33/100 tox|[from] psn
|upkeep
|turn|28
|
|t:|1760460428
|move|p1a: Salazzle|Encore|p2a: Alomomola
|-start|p2a: Alomomola|Encore
|move|p2a: Alomomola|Wish||[still]
|-fail|p2a: Alomomola
|
|-heal|p2a: Alomomola|83/100 tox|[from] move: Wish|[wisher] Alomomola
|-heal|p1a: Salazzle|78/100|[from] item: Leftovers
|-damage|p2a: Alomomola|59/100 tox|[from] psn
|upkeep
|turn|29
|inactive|kronos142098682 has 90 seconds left.
|
|t:|1760460440
|switch|p2a: Meowscarada|Meowscarada, F|88/100
|move|p1a: Salazzle|Substitute|p1a: Salazzle
|-start|p1a: Salazzle|Substitute
|-damage|p1a: Salazzle|54/100
|
|-heal|p1a: Salazzle|60/100|[from] item: Leftovers
|upkeep
|turn|30
|
|t:|1760460443
|move|p2a: Meowscarada|Knock Off|p1a: Salazzle
|-start|p2a: Meowscarada|typechange|Dark|[from] ability: Protean
|-end|p1a: Salazzle|Substitute
|move|p1a: Salazzle|Toxic|p2a: Meowscarada
|-status|p2a: Meowscarada|tox
|
|-heal|p1a: Salazzle|66/100|[from] item: Leftovers
|-damage|p2a: Meowscarada|82/100 tox|[from] psn
|upkeep
|turn|31
|
|t:|1760460451
|move|p1a: Salazzle|Protect|p1a: Salazzle
|-singleturn|p1a: Salazzle|Protect
|move|p2a: Meowscarada|Knock Off|p1a: Salazzle
|-activate|p1a: Salazzle|move: Protect
|
|-heal|p1a: Salazzle|72/100|[from] item: Leftovers
|-damage|p2a: Meowscarada|70/100 tox|[from] psn
|upkeep
|turn|32
|
|t:|1760460463
|switch|p1a: Boobopom|Revavroom, M|77/100
|move|p2a: Meowscarada|Knock Off|p1a: Boobopom
|-damage|p1a: Boobopom|0 fnt
|-enditem|p1a: Boobopom|Enigma Berry|[from] move: Knock Off|[of] p2a: Meowscarada
|faint|p1a: Boobopom
|
|-damage|p2a: Meowscarada|51/100 tox|[from] psn
|upkeep
|
|t:|1760460466
|switch|p1a: Salazzle|Salazzle, F|72/100
|turn|33
|
|t:|1760460475
|move|p1a: Salazzle|Protect|p1a: Salazzle
|-singleturn|p1a: Salazzle|Protect
|move|p2a: Meowscarada|Knock Off|p1a: Salazzle
|-activate|p1a: Salazzle|move: Protect
|
|-heal|p1a: Salazzle|78/100|[from] item: Leftovers
|-damage|p2a: Meowscarada|27/100 tox|[from] psn
|upkeep
|turn|34
|
|t:|1760460486
|switch|p2a: Alomomola|Alomomola, M|92/100 tox
|move|p1a: Salazzle|Protect||[still]
|-fail|p1a: Salazzle
|
|-heal|p1a: Salazzle|85/100|[from] item: Leftovers
|-damage|p2a: Alomomola|86/100 tox|[from] psn
|upkeep
|turn|35
|
|t:|1760460498
|move|p1a: Salazzle|Protect|p1a: Salazzle
|-singleturn|p1a: Salazzle|Protect
|move|p2a: Alomomola|Scald|p1a: Salazzle
|-activate|p1a: Salazzle|move: Protect
|
|-heal|p1a: Salazzle|91/100|[from] item: Leftovers
|-damage|p2a: Alomomola|73/100 tox|[from] psn
|upkeep
|turn|36
|
|t:|1760460505
|move|p1a: Salazzle|Substitute|p1a: Salazzle
|-start|p1a: Salazzle|Substitute
|-damage|p1a: Salazzle|66/100
|move|p2a: Alomomola|Scald|p1a: Salazzle
|-supereffective|p1a: Salazzle
|-end|p1a: Salazzle|Substitute
|
|-heal|p1a: Salazzle|72/100|[from] item: Leftovers
|-damage|p2a: Alomomola|55/100 tox|[from] psn
|upkeep
|turn|37
|
|t:|1760460515
|move|p1a: Salazzle|Protect|p1a: Salazzle
|-singleturn|p1a: Salazzle|Protect
|move|p2a: Alomomola|Scald|p1a: Salazzle
|-activate|p1a: Salazzle|move: Protect
|
|-heal|p1a: Salazzle|78/100|[from] item: Leftovers
|-damage|p2a: Alomomola|30/100 tox|[from] psn
|upkeep
|turn|38
|
|t:|1760460524
|move|p1a: Salazzle|Substitute|p1a: Salazzle
|-start|p1a: Salazzle|Substitute
|-damage|p1a: Salazzle|54/100
|move|p2a: Alomomola|Scald|p1a: Salazzle
|-supereffective|p1a: Salazzle
|-end|p1a: Salazzle|Substitute
|
|-heal|p1a: Salazzle|60/100|[from] item: Leftovers
|-damage|p2a: Alomomola|0 fnt|[from] psn
|faint|p2a: Alomomola
|upkeep
|c|☆kronos142098682|ok
|
|t:|1760460536
|switch|p2a: Meowscarada|Meowscarada, F|27/100 tox
|turn|39
|
|t:|1760460541
|move|p1a: Salazzle|Protect|p1a: Salazzle
|-singleturn|p1a: Salazzle|Protect
|move|p2a: Meowscarada|Knock Off|p1a: Salazzle
|-start|p2a: Meowscarada|typechange|Dark|[from] ability: Protean
|-activate|p1a: Salazzle|move: Protect
|
|-heal|p1a: Salazzle|66/100|[from] item: Leftovers
|-damage|p2a: Meowscarada|21/100 tox|[from] psn
|upkeep
|turn|40
|
|t:|1760460550
|move|p2a: Meowscarada|Knock Off|p1a: Salazzle
|-damage|p1a: Salazzle|0 fnt
|-enditem|p1a: Salazzle|Leftovers|[from] move: Knock Off|[of] p2a: Meowscarada
|faint|p1a: Salazzle
|
|win|aGellO
|raw|kronos142098682's rating: 1111 &rarr; <strong>1086</strong><br />(-25 for losing)
|raw|aGellO's rating: 1105 &rarr; <strong>1130</strong><br />(+25 for winning)
|l|☆kronos142098682
|player|p1|
|c|☆aGellO|Gg
|l|☆aGellO
|player|p2|
