|j|☆solobeans
|j|☆Christendom
|t:|1760404491
|gametype|singles
|player|p1|solobeans|scientist-gen4|1433
|player|p2|Christendom|yellow|1535
|gen|9
|tier|[Gen 9] OU
|rated|
|rule|HP Percentage Mod: HP is shown in percentages
|rule|Endless Battle Clause: Forcing endless battles is banned
|rule|Species Clause: Limit one of each Pokémon
|rule|OHKO Clause: OHKO moves are banned
|rule|Evasion Items Clause: Evasion items are banned
|rule|Evasion Moves Clause: Evasion moves are banned
|rule|Evasion Abilities Clause: Evasion abilities are banned
|rule|Sleep Moves Clause: Sleep-inducing moves are banned
|clearpoke
|poke|p1|Gliscor, F|
|poke|p1|Gholdengo|
|poke|p1|Dragapult, F|
|poke|p1|Primarina, F|
|poke|p1|Garganacl, F|
|poke|p1|Tornadus-Therian, M|
|poke|p2|Iron Valiant|
|poke|p2|Dragapult, F|
|poke|p2|Glimmora, F|
|poke|p2|Ogerpon-Wellspring, F|
|poke|p2|Landorus-Therian, M|
|poke|p2|Kingambit, F|
|teampreview
|
|t:|1760404509
|teamsize|p1|6
|teamsize|p2|6
|start
|switch|p1a: Gholdengo|Gholdengo|100/100
|switch|p2a: Ogerpon|Ogerpon-Wellspring, F|100/100
|turn|1
|
|t:|1760404522
|move|p2a: Ogerpon|Ivy Cudgel|p1a: Gholdengo|[anim] Ivy Cudgel Water
|-damage|p1a: Gholdengo|34/100
|move|p1a: Gholdengo|Shadow Ball|p2a: Ogerpon
|-damage|p2a: Ogerpon|32/100
|
|upkeep
|turn|2
|
|t:|1760404532
|switch|p1a: Tornadus|Tornadus-Therian, M|100/100
|move|p2a: Ogerpon|Ivy Cudgel|p1a: Tornadus|[anim] Ivy Cudgel Water
|-crit|p1a: Tornadus
|-damage|p1a: Tornadus|7/100
|
|upkeep
|turn|3
|
|t:|1760404542
|switch|p2a: Landorus|Landorus-Therian, M|100/100
|-ability|p2a: Landorus|Intimidate|boost
|-unboost|p1a: Tornadus|atk|1
|move|p1a: Tornadus|Bleakwind Storm|p2a: Landorus
|-damage|p2a: Landorus|62/100
|
|upkeep
|turn|4
|
|t:|1760404554
|switch|p1a: Gliscor|Gliscor, F, shiny|100/100
|move|p2a: Landorus|Stealth Rock|p1a: Gliscor
|-sidestart|p1: solobeans|move: Stealth Rock
|
|-status|p1a: Gliscor|tox|[from] item: Toxic Orb
|upkeep
|turn|5
|
|t:|1760404562
|move|p2a: Landorus|Taunt|p1a: Gliscor
|-start|p1a: Gliscor|move: Taunt
|move|p1a: Gliscor|Knock Off|p2a: Landorus
|-damage|p2a: Landorus|41/100
|-damage|p1a: Gliscor|84/100 tox|[from] item: Rocky Helmet|[of] p2a: Landorus
|-enditem|p2a: Landorus|Rocky Helmet|[from] move: Knock Off|[of] p1a: Gliscor
|
|-heal|p1a: Gliscor|97/100 tox|[from] ability: Poison Heal
|upkeep
|turn|6
|
|t:|1760404570
|move|p2a: Landorus|U-turn|p1a: Gliscor
|-resisted|p1a: Gliscor
|-damage|p1a: Gliscor|90/100 tox
|
|t:|1760404572
|switch|p2a: Ogerpon|Ogerpon-Wellspring, F|32/100|[from] U-turn
|move|p1a: Gliscor|Knock Off|p2a: Ogerpon
|-damage|p2a: Ogerpon|14/100
|
|-heal|p1a: Gliscor|100/100 tox|[from] ability: Poison Heal
|upkeep
|turn|7
|
|t:|1760404587
|switch|p1a: Tornadus|Tornadus-Therian, M|40/100
|move|p2a: Ogerpon|Ivy Cudgel|p1a: Tornadus|[anim] Ivy Cudgel Water
|-damage|p1a: Tornadus|0 fnt
|faint|p1a: Tornadus
|
|upkeep
|
|t:|1760404590
|switch|p1a: Dragapult|Dragapult, F|100/100
|turn|8
|
|t:|1760404600
|switch|p2a: Glimmora|Glimmora, F|100/100
|move|p1a: Dragapult|Hex|p2a: Glimmora
|-damage|p2a: Glimmora|65/100
|
|upkeep
|turn|9
|
|t:|1760404606
|move|p1a: Dragapult|Will-O-Wisp|p2a: Glimmora
|-status|p2a: Glimmora|brn
|move|p2a: Glimmora|Meteor Beam||[still]
|-prepare|p2a: Glimmora|Meteor Beam
|-boost|p2a: Glimmora|spa|1
|-enditem|p2a: Glimmora|Power Herb
|-anim|p2a: Glimmora|Meteor Beam|p1a: Dragapult
|-crit|p1a: Dragapult
|-damage|p1a: Dragapult|0 fnt
|faint|p1a: Dragapult
|
|-damage|p2a: Glimmora|59/100 brn|[from] brn
|upkeep
|
|t:|1760404610
|switch|p1a: Primarina|Primarina, F|100/100
|-damage|p1a: Primarina|88/100|[from] Stealth Rock
|turn|10
|
|t:|1760404619
|move|p2a: Glimmora|Mortal Spin|p1a: Primarina
|-supereffective|p1a: Primarina
|-damage|p1a: Primarina|80/100
|-status|p1a: Primarina|psn
|move|p1a: Primarina|Psychic Noise|p2a: Glimmora
|-supereffective|p2a: Glimmora
|-damage|p2a: Glimmora|0 fnt
|faint|p2a: Glimmora
|
|-damage|p1a: Primarina|68/100 psn|[from] psn
|upkeep
|
|t:|1760404623
|switch|p2a: Ogerpon|Ogerpon-Wellspring, F|14/100
|turn|11
|
|t:|1760404633
|move|p2a: Ogerpon|Horn Leech|p1a: Primarina
|-supereffective|p1a: Primarina
|-damage|p1a: Primarina|0 fnt
|-heal|p2a: Ogerpon|50/100|[from] drain|[of] p1a: Primarina
|faint|p1a: Primarina
|
|upkeep
|-message|solobeans forfeited.
|
|win|Christendom
|raw|solobeans's rating: 1433 &rarr; <strong>1419</strong><br />(-14 for losing)
|raw|Christendom's rating: 1535 &rarr; <strong>1549</strong><br />(+14 for winning)
|l|☆solobeans
|player|p1|
