|j|☆dogindustries
|j|☆matt90160
|t:|1760452620
|gametype|singles
|player|p1|dogindustries|backersf|1410
|player|p2|matt90160|170|1428
|gen|9
|tier|[Gen 9] OU
|rated|
|rule|HP Percentage Mod: HP is shown in percentages
|rule|Endless Battle Clause: Forcing endless battles is banned
|rule|Species Clause: Limit one of each Pokémon
|rule|OHKO Clause: OHKO moves are banned
|rule|Evasion Items Clause: Evasion items are banned
|rule|Evasion Moves Clause: Evasion moves are banned
|rule|Evasion Abilities Clause: Evasion abilities are banned
|rule|Sleep Moves Clause: Sleep-inducing moves are banned
|clearpoke
|poke|p1|Quagsire, F|
|poke|p1|Blissey, F|
|poke|p1|Toxapex, F|
|poke|p1|Sinistcha|
|poke|p1|Gliscor, M|
|poke|p1|Corviknight, M|
|poke|p2|Iron Crown|
|poke|p2|Samurott-Hisui, F|
|poke|p2|Zapdos|
|poke|p2|Dragapult, F|
|poke|p2|Great Tusk|
|poke|p2|Iron Boulder|
|teampreview
|c|☆matt90160|Bark
|inactive|Battle timer is ON: inactive players will automatically lose when time's up. (requested by dogindustries)
|c|☆dogindustries|woof
|
|t:|1760452634
|teamsize|p1|6
|teamsize|p2|6
|start
|switch|p1a: Toxapex|Toxapex, F|100/100
|switch|p2a: Pump It|Great Tusk|100/100
|turn|1
|
|t:|1760452643
|-end|p2a: Pump It|Protosynthesis|[silent]
|switch|p2a: Mindreader|Iron Crown|100/100
|move|p1a: Toxapex|Toxic|p2a: Mindreader
|-immune|p2a: Mindreader
|
|upkeep
|turn|2
|
|t:|1760452649
|switch|p1a: Blissey|Blissey, F|100/100
|move|p2a: Mindreader|Volt Switch|p1a: Blissey
|-damage|p1a: Blissey|89/100
|
|t:|1760452654
|-end|p2a: Mindreader|Quark Drive|[silent]
|switch|p2a: Revery|Iron Boulder|100/100|[from] Volt Switch
|-enditem|p2a: Revery|Booster Energy
|-activate|p2a: Revery|ability: Quark Drive|[fromitem]
|-start|p2a: Revery|quarkdrivespe
|
|upkeep
|turn|3
|
|t:|1760452669
|switch|p1a: Corviknight|Corviknight, M|100/100
|-ability|p1a: Corviknight|Pressure
|move|p2a: Revery|Mighty Cleave|p1a: Corviknight
|-damage|p1a: Corviknight|72/100
|
|upkeep
|turn|4
|
|t:|1760452684
|-end|p2a: Revery|Quark Drive|[silent]
|switch|p2a: Hurikan|Zapdos|100/100
|move|p1a: Corviknight|Body Press|p2a: Hurikan
|-resisted|p2a: Hurikan
|-damage|p2a: Hurikan|90/100
|
|upkeep
|turn|5
|
|t:|1760452691
|switch|p1a: Gliscor|Gliscor, M|100/100
|move|p2a: Hurikan|U-turn|p1a: Gliscor
|-resisted|p1a: Gliscor
|-damage|p1a: Gliscor|95/100
|
|t:|1760452699
|switch|p2a: Parasite|Dragapult, F|100/100|[from] U-turn
|
|-status|p1a: Gliscor|tox|[from] item: Toxic Orb
|upkeep
|turn|6
|
|t:|1760452706
|move|p1a: Gliscor|Protect|p1a: Gliscor
|-singleturn|p1a: Gliscor|Protect
|move|p2a: Parasite|U-turn|p1a: Gliscor
|-activate|p1a: Gliscor|move: Protect
|
|-heal|p1a: Gliscor|100/100 tox|[from] ability: Poison Heal
|upkeep
|turn|7
|
|t:|1760452714
|move|p2a: Parasite|U-turn|p1a: Gliscor
|-resisted|p1a: Gliscor
|-damage|p1a: Gliscor|87/100 tox
|
|t:|1760452719
|switch|p2a: Mindreader|Iron Crown|100/100|[from] U-turn
|move|p1a: Gliscor|Knock Off|p2a: Mindreader
|-supereffective|p2a: Mindreader
|-damage|p2a: Mindreader|56/100
|-enditem|p2a: Mindreader|Choice Specs|[from] move: Knock Off|[of] p1a: Gliscor
|
|-heal|p1a: Gliscor|99/100 tox|[from] ability: Poison Heal
|upkeep
|turn|8
|
|t:|1760452731
|move|p1a: Gliscor|Protect|p1a: Gliscor
|-singleturn|p1a: Gliscor|Protect
|move|p2a: Mindreader|Tachyon Cutter|p1a: Gliscor
|-activate|p1a: Gliscor|move: Protect
|
|-heal|p1a: Gliscor|100/100 tox|[from] ability: Poison Heal
|upkeep
|turn|9
|
|t:|1760452740
|move|p2a: Mindreader|Volt Switch|p1a: Gliscor
|-immune|p1a: Gliscor
|move|p1a: Gliscor|Knock Off|p2a: Mindreader
|-supereffective|p2a: Mindreader
|-damage|p2a: Mindreader|24/100
|
|upkeep
|turn|10
|
|t:|1760452752
|move|p2a: Mindreader|Tachyon Cutter|p1a: Gliscor
|-damage|p1a: Gliscor|75/100 tox
|-damage|p1a: Gliscor|53/100 tox
|-hitcount|p1a: Gliscor|2
|move|p1a: Gliscor|Earthquake|p2a: Mindreader
|-supereffective|p2a: Mindreader
|-damage|p2a: Mindreader|0 fnt
|faint|p2a: Mindreader
|-end|p2a: Mindreader|Quark Drive|[silent]
|
|-heal|p1a: Gliscor|66/100 tox|[from] ability: Poison Heal
|upkeep
|
|t:|1760452763
|switch|p2a: Pump It|Great Tusk|100/100
|turn|11
|
|t:|1760452766
|move|p1a: Gliscor|Protect|p1a: Gliscor
|-singleturn|p1a: Gliscor|Protect
|move|p2a: Pump It|Stealth Rock|p1a: Gliscor
|-sidestart|p1: dogindustries|move: Stealth Rock
|
|-heal|p1a: Gliscor|78/100 tox|[from] ability: Poison Heal
|upkeep
|turn|12
|
|t:|1760452774
|switch|p1a: Sinistcha|Sinistcha|100/100
|move|p2a: Pump It|Ice Spinner|p1a: Sinistcha
|-supereffective|p1a: Sinistcha
|-damage|p1a: Sinistcha|58/100
|
|upkeep
|turn|13
|
|t:|1760452780
|move|p2a: Pump It|Ice Spinner|p1a: Sinistcha
|-supereffective|p1a: Sinistcha
|-damage|p1a: Sinistcha|20/100
|move|p1a: Sinistcha|Strength Sap|p2a: Pump It
|-unboost|p2a: Pump It|atk|1
|-heal|p1a: Sinistcha|100/100
|
|upkeep
|turn|14
|
|t:|1760452792
|-end|p2a: Pump It|Protosynthesis|[silent]
|switch|p2a: Hurikan|Zapdos|90/100
|move|p1a: Sinistcha|Hex|p2a: Hurikan
|-damage|p2a: Hurikan|65/100
|
|upkeep
|turn|15
|
|t:|1760452799
|switch|p1a: Gliscor|Gliscor, M|78/100 tox
|-damage|p1a: Gliscor|66/100 tox|[from] Stealth Rock
|move|p2a: Hurikan|Roost|p2a: Hurikan
|-heal|p2a: Hurikan|100/100
|-singleturn|p2a: Hurikan|move: Roost
|
|-heal|p1a: Gliscor|78/100 tox|[from] ability: Poison Heal
|upkeep
|turn|16
|
|t:|1760452810
|move|p1a: Gliscor|Knock Off|p2a: Hurikan
|-damage|p2a: Hurikan|84/100
|-enditem|p2a: Hurikan|Heavy-Duty Boots|[from] move: Knock Off|[of] p1a: Gliscor
|move|p2a: Hurikan|Hurricane|p1a: Gliscor
|-damage|p1a: Gliscor|36/100 tox
|
|-heal|p1a: Gliscor|49/100 tox|[from] ability: Poison Heal
|upkeep
|turn|17
|
|t:|1760452820
|move|p1a: Gliscor|Protect|p1a: Gliscor
|-singleturn|p1a: Gliscor|Protect
|move|p2a: Hurikan|Hurricane|p1a: Gliscor
|-activate|p1a: Gliscor|move: Protect
|
|-heal|p1a: Gliscor|61/100 tox|[from] ability: Poison Heal
|upkeep
|turn|18
|
|t:|1760452828
|move|p1a: Gliscor|Spikes|p2a: Hurikan
|-sidestart|p2: matt90160|Spikes
|move|p2a: Hurikan|Hurricane|p1a: Gliscor|[miss]
|-miss|p2a: Hurikan|p1a: Gliscor
|
|-heal|p1a: Gliscor|74/100 tox|[from] ability: Poison Heal
|upkeep
|turn|19
|
|t:|1760452836
|move|p1a: Gliscor|Protect|p1a: Gliscor
|-singleturn|p1a: Gliscor|Protect
|move|p2a: Hurikan|Roost|p2a: Hurikan
|-heal|p2a: Hurikan|100/100
|-singleturn|p2a: Hurikan|move: Roost
|
|-heal|p1a: Gliscor|86/100 tox|[from] ability: Poison Heal
|upkeep
|turn|20
|
|t:|1760452845
|move|p1a: Gliscor|Spikes|p2a: Hurikan
|-sidestart|p2: matt90160|Spikes
|move|p2a: Hurikan|Hurricane|p1a: Gliscor
|-damage|p1a: Gliscor|46/100 tox
|
|-heal|p1a: Gliscor|58/100 tox|[from] ability: Poison Heal
|upkeep
|turn|21
|
|t:|1760452853
|move|p1a: Gliscor|Protect|p1a: Gliscor
|-singleturn|p1a: Gliscor|Protect
|move|p2a: Hurikan|Hurricane|p1a: Gliscor
|-activate|p1a: Gliscor|move: Protect
|
|-heal|p1a: Gliscor|71/100 tox|[from] ability: Poison Heal
|upkeep
|turn|22
|
|t:|1760452861
|switch|p1a: Blissey|Blissey, F|89/100
|move|p2a: Hurikan|Hurricane|p1a: Blissey
|-damage|p1a: Blissey|74/100
|
|upkeep
|turn|23
|
|t:|1760452868
|move|p2a: Hurikan|U-turn|p1a: Blissey
|-damage|p1a: Blissey|59/100
|
|t:|1760452872
|switch|p2a: Pump It|Great Tusk|100/100|[from] U-turn
|move|p1a: Blissey|Seismic Toss|p2a: Pump It
|-damage|p2a: Pump It|74/100
|
|upkeep
|turn|24
|
|t:|1760452880
|switch|p1a: Sinistcha|Sinistcha|100/100
|move|p2a: Pump It|Rapid Spin|p1a: Sinistcha
|-immune|p1a: Sinistcha
|
|upkeep
|turn|25
|
|t:|1760452887
|move|p2a: Pump It|Ice Spinner|p1a: Sinistcha
|-supereffective|p1a: Sinistcha
|-damage|p1a: Sinistcha|57/100
|move|p1a: Sinistcha|Matcha Gotcha|p2a: Pump It|[miss]
|-miss|p1a: Sinistcha|p2a: Pump It
|
|upkeep
|turn|26
|
|t:|1760452895
|-end|p2a: Pump It|Protosynthesis|[silent]
|switch|p2a: Hurikan|Zapdos|100/100
|move|p1a: Sinistcha|Strength Sap|p2a: Hurikan
|-unboost|p2a: Hurikan|atk|1
|-heal|p1a: Sinistcha|100/100
|
|upkeep
|turn|27
|
|t:|1760452903
|switch|p1a: Blissey|Blissey, F|59/100
|move|p2a: Hurikan|Hurricane|p1a: Blissey
|-crit|p1a: Blissey
|-damage|p1a: Blissey|38/100
|-start|p1a: Blissey|confusion
|
|upkeep
|turn|28
|
|t:|1760452911
|move|p2a: Hurikan|U-turn|p1a: Blissey
|-crit|p1a: Blissey
|-damage|p1a: Blissey|18/100
|
|t:|1760452915
|switch|p2a: Pump It|Great Tusk|74/100|[from] U-turn
|-activate|p1a: Blissey|confusion
|move|p1a: Blissey|Soft-Boiled|p1a: Blissey
|-heal|p1a: Blissey|68/100
|
|upkeep
|turn|29
|
|t:|1760452927
|switch|p1a: Sinistcha|Sinistcha|100/100
|move|p2a: Pump It|Ice Spinner|p1a: Sinistcha
|-supereffective|p1a: Sinistcha
|-damage|p1a: Sinistcha|63/100
|
|upkeep
|turn|30
|
|t:|1760452934
|move|p2a: Pump It|Ice Spinner|p1a: Sinistcha
|-supereffective|p1a: Sinistcha
|-damage|p1a: Sinistcha|20/100
|move|p1a: Sinistcha|Strength Sap|p2a: Pump It
|-unboost|p2a: Pump It|atk|1
|-heal|p1a: Sinistcha|100/100
|
|upkeep
|turn|31
|
|t:|1760452941
|move|p2a: Pump It|Ice Spinner|p1a: Sinistcha
|-supereffective|p1a: Sinistcha
|-damage|p1a: Sinistcha|70/100
|move|p1a: Sinistcha|Matcha Gotcha|p2a: Pump It
|-supereffective|p2a: Pump It
|-damage|p2a: Pump It|0 fnt
|-heal|p1a: Sinistcha|100/100|[from] drain|[of] p2a: Pump It
|faint|p2a: Pump It
|-end|p2a: Pump It|Protosynthesis|[silent]
|
|upkeep
|
|t:|1760452951
|switch|p2a: Hurikan|Zapdos|100/100
|turn|32
|
|t:|1760452955
|switch|p1a: Blissey|Blissey, F|68/100
|move|p2a: Hurikan|U-turn|p1a: Blissey
|-damage|p1a: Blissey|54/100
|
|t:|1760452960
|switch|p2a: Revery|Iron Boulder|100/100|[from] U-turn
|-damage|p2a: Revery|84/100|[from] Spikes
|
|upkeep
|turn|33
|inactive|dogindustries has 120 seconds left.
|
|t:|1760453005
|switch|p1a: Corviknight|Corviknight, M|72/100
|-ability|p1a: Corviknight|Pressure
|move|p2a: Revery|Swords Dance|p2a: Revery
|-boost|p2a: Revery|atk|2
|
|upkeep
|turn|34
|
|t:|1760453024
|switch|p1a: Quagsire|Quagsire, F|100/100
|move|p2a: Revery|Mighty Cleave|p1a: Quagsire
|-resisted|p1a: Quagsire
|-damage|p1a: Quagsire|85/100
|
|upkeep
|turn|35
|inactive|dogindustries has 90 seconds left.
|
|t:|1760453051
|move|p2a: Revery|Zen Headbutt|p1a: Quagsire
|-damage|p1a: Quagsire|56/100
|move|p1a: Quagsire|Stealth Rock|p2a: Revery
|-sidestart|p2: matt90160|move: Stealth Rock
|
|upkeep
|turn|36
|
|t:|1760453056
|move|p2a: Revery|Zen Headbutt|p1a: Quagsire
|-damage|p1a: Quagsire|30/100
|move|p1a: Quagsire|Recover|p1a: Quagsire
|-heal|p1a: Quagsire|80/100
|
|upkeep
|turn|37
|j| idonteatpets
|
|t:|1760453067
|move|p2a: Revery|Zen Headbutt|p1a: Quagsire
|-damage|p1a: Quagsire|55/100
|move|p1a: Quagsire|Toxic|p2a: Revery
|-status|p2a: Revery|tox
|
|-damage|p2a: Revery|78/100 tox|[from] psn
|upkeep
|turn|38
|
|t:|1760453075
|move|p2a: Revery|Zen Headbutt|p1a: Quagsire
|-damage|p1a: Quagsire|28/100
|move|p1a: Quagsire|Recover|p1a: Quagsire
|-heal|p1a: Quagsire|78/100
|
|-damage|p2a: Revery|65/100 tox|[from] psn
|upkeep
|turn|39
|c| idonteatpets|hi
|
|t:|1760453083
|-terastallize|p2a: Revery|Fighting
|move|p2a: Revery|Close Combat|p1a: Quagsire
|-damage|p1a: Quagsire|35/100
|-unboost|p2a: Revery|def|1
|-unboost|p2a: Revery|spd|1
|move|p1a: Quagsire|Recover|p1a: Quagsire
|-heal|p1a: Quagsire|85/100
|
|-damage|p2a: Revery|47/100 tox|[from] psn
|upkeep
|turn|40
|c|☆dogindustries|hi
|
|t:|1760453113
|move|p2a: Revery|Mighty Cleave|p1a: Quagsire
|-resisted|p1a: Quagsire
|-damage|p1a: Quagsire|70/100
|move|p1a: Quagsire|Earthquake|p2a: Revery
|-damage|p2a: Revery|11/100 tox
|
|-damage|p2a: Revery|0 fnt|[from] psn
|faint|p2a: Revery
|-end|p2a: Revery|Quark Drive|[silent]
|upkeep
|
|t:|1760453123
|switch|p2a: Everytime We Touch|Samurott-Hisui, F|100/100
|-damage|p2a: Everytime We Touch|84/100|[from] Spikes
|-damage|p2a: Everytime We Touch|72/100|[from] Stealth Rock
|turn|41
|
|t:|1760453128
|move|p2a: Everytime We Touch|Razor Shell|p1a: Quagsire
|-damage|p1a: Quagsire|34/100
|move|p1a: Quagsire|Toxic|p2a: Everytime We Touch
|-status|p2a: Everytime We Touch|tox
|
|-damage|p2a: Everytime We Touch|65/100 tox|[from] psn
|upkeep
|turn|42
|
|t:|1760453136
|switch|p1a: Toxapex|Toxapex, F|100/100
|move|p2a: Everytime We Touch|Razor Shell|p1a: Toxapex
|-resisted|p1a: Toxapex
|-damage|p1a: Toxapex|82/100
|
|-damage|p2a: Everytime We Touch|53/100 tox|[from] psn
|upkeep
|turn|43
|
|t:|1760453152
|switch|p2a: Hurikan|Zapdos|100/100
|-damage|p2a: Hurikan|76/100|[from] Stealth Rock
|move|p1a: Toxapex|Toxic Spikes|p2a: Hurikan
|-sidestart|p2: matt90160|move: Toxic Spikes
|
|upkeep
|turn|44
|c| idonteatpets|hiiii
|
|t:|1760453160
|move|p2a: Hurikan|Hurricane|p1a: Toxapex|[miss]
|-miss|p2a: Hurikan|p1a: Toxapex
|move|p1a: Toxapex|Toxic|p2a: Hurikan
|-status|p2a: Hurikan|tox
|
|-damage|p2a: Hurikan|70/100 tox|[from] psn
|upkeep
|turn|45
|c| idonteatpets|woof
|inactive|dogindustries has 120 seconds left.
|c| idonteatpets|runnin stall again?
|
|t:|1760453188
|move|p2a: Hurikan|Discharge|p1a: Toxapex
|-supereffective|p1a: Toxapex
|-damage|p1a: Toxapex|40/100
|move|p1a: Toxapex|Recover|p1a: Toxapex
|-heal|p1a: Toxapex|90/100
|
|-damage|p2a: Hurikan|58/100 tox|[from] psn
|upkeep
|turn|46
|
|t:|1760453197
|switch|p1a: Gliscor|Gliscor, M|71/100 tox
|-damage|p1a: Gliscor|58/100 tox|[from] Stealth Rock
|move|p2a: Hurikan|Hurricane|p1a: Gliscor
|-crit|p1a: Gliscor
|-damage|p1a: Gliscor|0 fnt
|faint|p1a: Gliscor
|
|-damage|p2a: Hurikan|40/100 tox|[from] psn
|upkeep
|
|t:|1760453205
|switch|p1a: Blissey|Blissey, F|54/100
|turn|47
|
|t:|1760453211
|move|p2a: Hurikan|U-turn|p1a: Blissey
|-damage|p1a: Blissey|40/100
|
|t:|1760453213
|switch|p2a: Everytime We Touch|Samurott-Hisui, F|53/100 tox|[from] U-turn
|-damage|p2a: Everytime We Touch|36/100 tox|[from] Spikes
|-damage|p2a: Everytime We Touch|24/100 tox|[from] Stealth Rock
|move|p1a: Blissey|Soft-Boiled|p1a: Blissey
|-heal|p1a: Blissey|90/100
|
|-damage|p2a: Everytime We Touch|18/100 tox|[from] psn
|upkeep
|turn|48
|c| idonteatpets|touch
|c| idonteatpets|who is touching
|c|☆dogindustries|i get this feeling
|c| idonteatpets|are we touching eahc other
|c| idonteatpets|yes?
|
|t:|1760453228
|switch|p1a: Toxapex|Toxapex, F|100/100
|move|p2a: Everytime We Touch|Sacred Sword|p1a: Toxapex
|-resisted|p1a: Toxapex
|-damage|p1a: Toxapex|83/100
|
|-damage|p2a: Everytime We Touch|5/100 tox|[from] psn
|upkeep
|turn|49
|c|☆dogindustries|everytime we kiss i stare at the sky
|c| idonteatpets|what feeling do u get
|c| idonteatpets|evertime?
|c| idonteatpets|we have never kissed
|c|☆dogindustries|heart beats fast, i want it to last
|
|t:|1760453245
|move|p2a: Everytime We Touch|Sacred Sword|p1a: Toxapex
|-resisted|p1a: Toxapex
|-damage|p1a: Toxapex|67/100
|move|p1a: Toxapex|Recover|p1a: Toxapex
|-heal|p1a: Toxapex|100/100
|
|-damage|p2a: Everytime We Touch|0 fnt|[from] psn
|faint|p2a: Everytime We Touch
|upkeep
|
|t:|1760453254
|switch|p2a: Parasite|Dragapult, F|100/100
|-damage|p2a: Parasite|84/100|[from] Spikes
|-damage|p2a: Parasite|72/100|[from] Stealth Rock
|-status|p2a: Parasite|psn
|turn|50
|
|t:|1760453264
|move|p2a: Parasite|U-turn|p1a: Toxapex
|-resisted|p1a: Toxapex
|-damage|p1a: Toxapex|87/100
|-message|matt90160 forfeited.
|
|win|dogindustries
|raw|dogindustries's rating: 1410 &rarr; <strong>1431</strong><br />(+21 for winning)
|raw|matt90160's rating: 1428 &rarr; <strong>1407</strong><br />(-21 for losing)
|l|☆matt90160
|player|p2|
|l|☆dogindustries
|player|p1|
