|j|☆acathasnorival
|j|☆aheq647
|t:|1760329047
|gametype|singles
|player|p1|acathasnorival|266|1331
|player|p2|aheq647|hilda-wonderlauncher|1295
|gen|9
|tier|[Gen 9] OU
|rated|
|rule|HP Percentage Mod: HP is shown in percentages
|rule|Endless Battle Clause: Forcing endless battles is banned
|rule|Species Clause: Limit one of each Pokémon
|rule|OHKO Clause: OHKO moves are banned
|rule|Evasion Items Clause: Evasion items are banned
|rule|Evasion Moves Clause: Evasion moves are banned
|rule|Evasion Abilities Clause: Evasion abilities are banned
|rule|Sleep Moves Clause: Sleep-inducing moves are banned
|clearpoke
|poke|p1|Ogerpon-Wellspring, F|
|poke|p1|Great Tusk|
|poke|p1|Corviknight, F|
|poke|p1|Kyurem|
|poke|p1|Slowking-Galar, M|
|poke|p1|Lokix, M|
|poke|p2|Goodra-Hisui, F|
|poke|p2|Moltres|
|poke|p2|Ogerpon-Wellspring, F|
|poke|p2|Landorus-Therian, M|
|poke|p2|Samurott-Hisui, M|
|poke|p2|Iron Treads|
|teampreview
|inactive|Battle timer is ON: inactive players will automatically lose when time's up. (requested by aheq647)
|
|t:|1760329062
|teamsize|p1|6
|teamsize|p2|6
|start
|switch|p1a: Lokix|Lokix, M|100/100
|switch|p2a: Iron Treads|Iron Treads|100/100
|turn|1
|
|t:|1760329071
|-end|p2a: Iron Treads|Quark Drive|[silent]
|switch|p2a: Moltres|Moltres|100/100
|move|p1a: Lokix|U-turn|p2a: Moltres
|-resisted|p2a: Moltres
|-damage|p2a: Moltres|83/100
|
|t:|1760329075
|switch|p1a: Slowking|Slowking-Galar, M|100/100|[from] U-turn
|
|upkeep
|turn|2
|
|t:|1760329081
|switch|p2a: Iron Treads|Iron Treads|100/100
|-prepare|p1a: Slowking|Chilly Reception|[premajor]
|move|p1a: Slowking|Chilly Reception|p1a: Slowking
|-weather|Snowscape
|
|t:|1760329087
|switch|p1a: Kyurem|Kyurem|100/100|[from] Chilly Reception
|-ability|p1a: Kyurem|Pressure
|
|-weather|Snowscape|[upkeep]
|upkeep
|turn|3
|
|t:|1760329095
|move|p2a: Iron Treads|Volt Switch|p1a: Kyurem
|-resisted|p1a: Kyurem
|-damage|p1a: Kyurem|95/100
|
|t:|1760329100
|-end|p2a: Iron Treads|Quark Drive|[silent]
|switch|p2a: Goodra|Goodra-Hisui, F|100/100|[from] Volt Switch
|move|p1a: Kyurem|Blizzard|p2a: Goodra
|-damage|p2a: Goodra|65/100
|
|-weather|Snowscape|[upkeep]
|upkeep
|turn|4
|
|t:|1760329114
|switch|p1a: Great Tusk|Great Tusk|100/100
|move|p2a: Goodra|Dragon Tail|p1a: Great Tusk
|-damage|p1a: Great Tusk|85/100
|-end|p1a: Great Tusk|Protosynthesis|[silent]
|drag|p1a: Kyurem|Kyurem|95/100
|-ability|p1a: Kyurem|Pressure
|
|-weather|Snowscape|[upkeep]
|upkeep
|turn|5
|
|t:|1760329125
|-terastallize|p1a: Kyurem|Ice
|move|p1a: Kyurem|Blizzard|p2a: Goodra
|-damage|p2a: Goodra|18/100
|move|p2a: Goodra|Knock Off|p1a: Kyurem
|-damage|p1a: Kyurem|80/100
|-enditem|p1a: Kyurem|Choice Specs|[from] move: Knock Off|[of] p2a: Goodra
|
|-weather|Snowscape|[upkeep]
|upkeep
|turn|6
|
|t:|1760329131
|move|p1a: Kyurem|Blizzard|p2a: Goodra
|-damage|p2a: Goodra|0 fnt
|faint|p2a: Goodra
|
|-weather|none
|upkeep
|
|t:|1760329139
|switch|p2a: Moltres|Moltres|83/100
|turn|7
|
|t:|1760329150
|switch|p1a: Slowking|Slowking-Galar, M|100/100
|move|p2a: Moltres|Flamethrower|p1a: Slowking
|-damage|p1a: Slowking|79/100
|
|upkeep
|turn|8
|
|t:|1760329157
|switch|p2a: Iron Treads|Iron Treads|100/100
|move|p1a: Slowking|Future Sight|p2a: Iron Treads
|-start|p1a: Slowking|move: Future Sight
|
|upkeep
|turn|9
|
|t:|1760329163
|switch|p1a: Corviknight|Corviknight, F|100/100
|-ability|p1a: Corviknight|Pressure
|move|p2a: Iron Treads|Earthquake|p1a: Corviknight
|-immune|p1a: Corviknight
|
|upkeep
|turn|10
|
|t:|1760329166
|move|p2a: Iron Treads|Volt Switch|p1a: Corviknight
|-supereffective|p1a: Corviknight
|-damage|p1a: Corviknight|80/100
|
|t:|1760329172
|-end|p2a: Iron Treads|Quark Drive|[silent]
|switch|p2a: Samurott|Samurott-Hisui, M|100/100|[from] Volt Switch
|move|p1a: Corviknight|U-turn|p2a: Samurott
|-supereffective|p2a: Samurott
|-damage|p2a: Samurott|62/100
|
|t:|1760329178
|switch|p1a: Lokix|Lokix, M|100/100|[from] U-turn
|
|-end|p2a: Samurott|move: Future Sight
|-immune|p2a: Samurott
|upkeep
|turn|11
|
|t:|1760329183
|switch|p2a: Moltres|Moltres|83/100
|move|p1a: Lokix|U-turn|p2a: Moltres
|-resisted|p2a: Moltres
|-damage|p2a: Moltres|67/100
|
|t:|1760329191
|switch|p1a: Ogerpon|Ogerpon-Wellspring, F|100/100|[from] U-turn
|
|upkeep
|turn|12
|
|t:|1760329198
|move|p1a: Ogerpon|Ivy Cudgel|p2a: Moltres|[anim] Ivy Cudgel Water
|-supereffective|p2a: Moltres
|-damage|p2a: Moltres|0 fnt
|faint|p2a: Moltres
|
|upkeep
|
|t:|1760329207
|switch|p2a: Landorus|Landorus-Therian, M|100/100
|-ability|p2a: Landorus|Intimidate|boost
|-unboost|p1a: Ogerpon|atk|1
|turn|13
|
|t:|1760329212
|move|p2a: Landorus|U-turn|p1a: Ogerpon
|-supereffective|p1a: Ogerpon
|-damage|p1a: Ogerpon|23/100
|
|t:|1760329216
|switch|p2a: Ogerpon|Ogerpon-Wellspring, F|100/100|[from] U-turn
|move|p1a: Ogerpon|Ivy Cudgel|p2a: Ogerpon|[anim] Ivy Cudgel Water
|-immune|p2a: Ogerpon|[from] ability: Water Absorb
|
|upkeep
|turn|14
|
|t:|1760329223
|move|p2a: Ogerpon|Knock Off|p1a: Ogerpon
|-damage|p1a: Ogerpon|0 fnt
|faint|p1a: Ogerpon
|
|upkeep
|
|t:|1760329226
|switch|p1a: Lokix|Lokix, M|100/100
|turn|15
|
|t:|1760329231
|switch|p2a: Landorus|Landorus-Therian, M|100/100
|-ability|p2a: Landorus|Intimidate|boost
|-unboost|p1a: Lokix|atk|1
|move|p1a: Lokix|U-turn|p2a: Landorus
|-resisted|p2a: Landorus
|-damage|p2a: Landorus|63/100
|
|t:|1760329238
|switch|p1a: Great Tusk|Great Tusk|85/100|[from] U-turn
|
|upkeep
|turn|16
|
|t:|1760329242
|move|p2a: Landorus|Earthquake|p1a: Great Tusk
|-damage|p1a: Great Tusk|41/100
|move|p1a: Great Tusk|Stealth Rock|p2a: Landorus
|-sidestart|p2: aheq647|move: Stealth Rock
|
|upkeep
|turn|17
|
|t:|1760329249
|switch|p2a: Samurott|Samurott-Hisui, M|62/100
|-damage|p2a: Samurott|49/100|[from] Stealth Rock
|-end|p1a: Great Tusk|Protosynthesis|[silent]
|switch|p1a: Corviknight|Corviknight, F|80/100
|-ability|p1a: Corviknight|Pressure
|
|upkeep
|turn|18
|
|t:|1760329252
|move|p2a: Samurott|Ceaseless Edge|p1a: Corviknight
|-crit|p1a: Corviknight
|-damage|p1a: Corviknight|36/100
|-damage|p2a: Samurott|33/100|[from] item: Rocky Helmet|[of] p1a: Corviknight
|-sidestart|p1: acathasnorival|Spikes
|move|p1a: Corviknight|U-turn|p2a: Samurott
|-supereffective|p2a: Samurott
|-damage|p2a: Samurott|0 fnt
|faint|p2a: Samurott
|
|t:|1760329258
|switch|p1a: Lokix|Lokix, M|100/100|[from] U-turn
|-damage|p1a: Lokix|88/100|[from] Spikes
|
|upkeep
|
|t:|1760329261
|switch|p2a: Landorus|Landorus-Therian, M|63/100
|-damage|p2a: Landorus|51/100|[from] Stealth Rock
|-ability|p2a: Landorus|Intimidate|boost
|-unboost|p1a: Lokix|atk|1
|turn|19
|
|t:|1760329267
|move|p2a: Landorus|Stone Edge|p1a: Lokix|[miss]
|-miss|p2a: Landorus|p1a: Lokix
|move|p1a: Lokix|U-turn|p2a: Landorus
|-resisted|p2a: Landorus
|-damage|p2a: Landorus|11/100
|
|t:|1760329272
|switch|p1a: Great Tusk|Great Tusk|41/100|[from] U-turn
|
|upkeep
|turn|20
|-message|aheq647 forfeited.
|
|win|acathasnorival
|raw|acathasnorival's rating: 1331 &rarr; <strong>1349</strong><br />(+18 for winning)
|raw|aheq647's rating: 1295 &rarr; <strong>1273</strong><br />(-22 for losing)
|l|☆aheq647
|player|p2|
|l|☆acathasnorival
|player|p1|
