|j|☆cheeselover255
|j|☆Fifo drummer
|t:|1760439868
|gametype|singles
|player|p1|cheeselover255|101|1348
|player|p2|Fifo drummer|unknown|1391
|gen|9
|tier|[Gen 9] OU
|rated|
|rule|HP Percentage Mod: HP is shown in percentages
|rule|Endless Battle Clause: Forcing endless battles is banned
|rule|Species Clause: Limit one of each Pokémon
|rule|OHKO Clause: OHKO moves are banned
|rule|Evasion Items Clause: Evasion items are banned
|rule|Evasion Moves Clause: Evasion moves are banned
|rule|Evasion Abilities Clause: Evasion abilities are banned
|rule|Sleep Moves Clause: Sleep-inducing moves are banned
|clearpoke
|poke|p1|Moltres|
|poke|p1|Slowking-Galar, M|
|poke|p1|Okidogi, M|
|poke|p1|Raikou|
|poke|p1|Sandslash-Alola, F|
|poke|p1|Latios, M|
|poke|p2|Crawdaunt, M|
|poke|p2|Krookodile, M|
|poke|p2|Goodra-Hisui, F|
|poke|p2|Haxorus, M|
|poke|p2|Espeon, F|
|poke|p2|Corviknight, F|
|teampreview
|inactive|Battle timer is ON: inactive players will automatically lose when time's up. (requested by Fifo drummer)
|c|☆Fifo drummer|Sick team
|inactive|cheeselover255 has 120 seconds left.
|
|t:|1760439906
|teamsize|p1|6
|teamsize|p2|6
|start
|switch|p1a: Okidogi|Okidogi, M|100/100
|switch|p2a: Shrimpboat Capt.|Crawdaunt, M|100/100
|turn|1
|
|t:|1760439912
|move|p1a: Okidogi|Knock Off|p2a: Shrimpboat Capt.
|-resisted|p2a: Shrimpboat Capt.
|-damage|p2a: Shrimpboat Capt.|81/100
|-enditem|p2a: Shrimpboat Capt.|Focus Sash|[from] move: Knock Off|[of] p1a: Okidogi
|move|p2a: Shrimpboat Capt.|Endeavor|p1a: Okidogi
|-damage|p1a: Okidogi|57/100
|
|-heal|p1a: Okidogi|63/100|[from] item: Leftovers
|upkeep
|turn|2
|
|t:|1760439922
|switch|p2a: Mrs Raven|Corviknight, F, shiny|100/100
|move|p1a: Okidogi|Drain Punch|p2a: Mrs Raven
|-damage|p2a: Mrs Raven|76/100
|-heal|p1a: Okidogi|74/100|[from] drain|[of] p2a: Mrs Raven
|-damage|p1a: Okidogi|57/100|[from] item: Rocky Helmet|[of] p2a: Mrs Raven
|
|-heal|p1a: Okidogi|63/100|[from] item: Leftovers
|upkeep
|turn|3
|
|t:|1760439935
|switch|p1a: Moltres|Moltres|100/100
|move|p2a: Mrs Raven|Brave Bird|p1a: Moltres
|-damage|p1a: Moltres|72/100
|-status|p2a: Mrs Raven|brn|[from] ability: Flame Body|[of] p1a: Moltres
|-damage|p2a: Mrs Raven|66/100 brn|[from] Recoil
|
|-damage|p2a: Mrs Raven|60/100 brn|[from] brn
|upkeep
|turn|4
|
|t:|1760439945
|switch|p2a: Badra|Goodra-Hisui, F|100/100
|move|p1a: Moltres|U-turn|p2a: Badra
|-resisted|p2a: Badra
|-damage|p2a: Badra|94/100
|-ability|p2a: Badra|Gooey
|-unboost|p1a: Moltres|spe|1
|
|t:|1760439957
|switch|p1a: Slowking|Slowking-Galar, M|100/100|[from] U-turn
|
|upkeep
|turn|5
|
|t:|1760439962
|switch|p2a: Son of a Krook|Krookodile, M, shiny|100/100
|-prepare|p1a: Slowking|Chilly Reception|[premajor]
|move|p1a: Slowking|Chilly Reception|p1a: Slowking
|-weather|Snowscape
|
|t:|1760439978
|switch|p1a: Latios|Latios, M|100/100|[from] Chilly Reception
|
|-weather|Snowscape|[upkeep]
|upkeep
|turn|6
|
|t:|1760439984
|move|p2a: Son of a Krook|Knock Off|p1a: Latios
|-supereffective|p1a: Latios
|-damage|p1a: Latios|0 fnt
|-enditem|p1a: Latios|Choice Specs|[from] move: Knock Off|[of] p2a: Son of a Krook
|faint|p1a: Latios
|-ability|p2a: Son of a Krook|Moxie|boost
|-boost|p2a: Son of a Krook|atk|1
|
|-weather|Snowscape|[upkeep]
|upkeep
|
|t:|1760439991
|switch|p1a: Okidogi|Okidogi, M|63/100
|turn|7
|
|t:|1760439995
|switch|p2a: Mrs Raven|Corviknight, F, shiny|60/100 brn
|move|p1a: Okidogi|Bulk Up|p1a: Okidogi
|-boost|p1a: Okidogi|atk|1
|-boost|p1a: Okidogi|def|1
|
|-weather|Snowscape|[upkeep]
|-heal|p1a: Okidogi|69/100|[from] item: Leftovers
|-damage|p2a: Mrs Raven|53/100 brn|[from] brn
|upkeep
|turn|8
|
|t:|1760440005
|move|p1a: Okidogi|Drain Punch|p2a: Mrs Raven
|-damage|p2a: Mrs Raven|18/100 brn
|-heal|p1a: Okidogi|85/100|[from] drain|[of] p2a: Mrs Raven
|-damage|p1a: Okidogi|69/100|[from] item: Rocky Helmet|[of] p2a: Mrs Raven
|move|p2a: Mrs Raven|Brave Bird|p1a: Okidogi
|-supereffective|p1a: Okidogi
|-damage|p1a: Okidogi|49/100
|-damage|p2a: Mrs Raven|10/100 brn|[from] Recoil
|
|-weather|Snowscape|[upkeep]
|-heal|p1a: Okidogi|55/100|[from] item: Leftovers
|-damage|p2a: Mrs Raven|4/100 brn|[from] brn
|upkeep
|turn|9
|
|t:|1760440019
|move|p1a: Okidogi|Knock Off|p2a: Mrs Raven
|-damage|p2a: Mrs Raven|0 fnt
|-damage|p1a: Okidogi|38/100|[from] item: Rocky Helmet|[of] p2a: Mrs Raven
|-enditem|p2a: Mrs Raven|Rocky Helmet|[from] move: Knock Off|[of] p1a: Okidogi
|faint|p2a: Mrs Raven
|
|-weather|Snowscape|[upkeep]
|-heal|p1a: Okidogi|44/100|[from] item: Leftovers
|upkeep
|
|t:|1760440028
|switch|p2a: I don't give a fox|Espeon, F, shiny|100/100
|turn|10
|
|t:|1760440035
|switch|p1a: Sandslash|Sandslash-Alola, F|100/100
|move|p2a: I don't give a fox|Alluring Voice|p1a: Sandslash
|-resisted|p1a: Sandslash
|-damage|p1a: Sandslash|76/100
|
|-weather|Snowscape|[upkeep]
|upkeep
|turn|11
|
|t:|1760440044
|switch|p2a: Badra|Goodra-Hisui, F|94/100
|move|p1a: Sandslash|Swords Dance|p1a: Sandslash
|-boost|p1a: Sandslash|atk|2
|
|-weather|Snowscape|[upkeep]
|upkeep
|turn|12
|
|t:|1760440053
|-terastallize|p2a: Badra|Flying
|move|p1a: Sandslash|Earthquake|p2a: Badra
|-immune|p2a: Badra
|move|p2a: Badra|Flash Cannon|p1a: Sandslash
|-damage|p1a: Sandslash|3/100
|
|-weather|none
|upkeep
|turn|13
|
|t:|1760440063
|switch|p2a: Shrimpboat Capt.|Crawdaunt, M|81/100
|move|p1a: Sandslash|Ice Spinner|p2a: Shrimpboat Capt.
|-resisted|p2a: Shrimpboat Capt.
|-damage|p2a: Shrimpboat Capt.|28/100
|
|upkeep
|turn|14
|
|t:|1760440071
|move|p2a: Shrimpboat Capt.|Aqua Jet|p1a: Sandslash
|-damage|p1a: Sandslash|0 fnt
|faint|p1a: Sandslash
|
|upkeep
|
|t:|1760440074
|switch|p1a: Okidogi|Okidogi, M|44/100
|turn|15
|
|t:|1760440079
|move|p1a: Okidogi|Drain Punch|p2a: Shrimpboat Capt.
|-supereffective|p2a: Shrimpboat Capt.
|-damage|p2a: Shrimpboat Capt.|0 fnt
|-heal|p1a: Okidogi|54/100|[from] drain|[of] p2a: Shrimpboat Capt.
|faint|p2a: Shrimpboat Capt.
|
|-heal|p1a: Okidogi|60/100|[from] item: Leftovers
|upkeep
|
|t:|1760440090
|switch|p2a: I don't give a fox|Espeon, F, shiny|100/100
|turn|16
|
|t:|1760440094
|switch|p1a: Slowking|Slowking-Galar, M|100/100
|move|p2a: I don't give a fox|Psychic|p1a: Slowking
|-damage|p1a: Slowking|60/100
|
|upkeep
|turn|17
|
|t:|1760440101
|move|p2a: I don't give a fox|Calm Mind|p2a: I don't give a fox
|-boost|p2a: I don't give a fox|spa|1
|-boost|p2a: I don't give a fox|spd|1
|-prepare|p1a: Slowking|Chilly Reception|[premajor]
|move|p1a: Slowking|Chilly Reception|p1a: Slowking
|-weather|Snowscape
|
|t:|1760440127
|switch|p1a: Okidogi|Okidogi, M|60/100|[from] Chilly Reception
|
|-weather|Snowscape|[upkeep]
|-heal|p1a: Okidogi|66/100|[from] item: Leftovers
|upkeep
|turn|18
|
|t:|1760440133
|-terastallize|p1a: Okidogi|Water
|move|p2a: I don't give a fox|Alluring Voice|p1a: Okidogi
|-damage|p1a: Okidogi|31/100
|move|p1a: Okidogi|Knock Off|p2a: I don't give a fox
|-supereffective|p2a: I don't give a fox
|-damage|p2a: I don't give a fox|0 fnt
|-enditem|p2a: I don't give a fox|Leftovers|[from] move: Knock Off|[of] p1a: Okidogi
|faint|p2a: I don't give a fox
|
|-weather|Snowscape|[upkeep]
|-heal|p1a: Okidogi|37/100|[from] item: Leftovers
|upkeep
|
|t:|1760440147
|switch|p2a: AXE Bodyspray|Haxorus, M, shiny|100/100
|-ability|p2a: AXE Bodyspray|Mold Breaker
|turn|19
|
|t:|1760440156
|move|p2a: AXE Bodyspray|Dragon Dance|p2a: AXE Bodyspray
|-boost|p2a: AXE Bodyspray|atk|1
|-boost|p2a: AXE Bodyspray|spe|1
|move|p1a: Okidogi|Drain Punch|p2a: AXE Bodyspray
|-crit|p2a: AXE Bodyspray
|-damage|p2a: AXE Bodyspray|41/100
|-heal|p1a: Okidogi|60/100|[from] drain|[of] p2a: AXE Bodyspray
|
|-weather|Snowscape|[upkeep]
|-heal|p1a: Okidogi|66/100|[from] item: Leftovers
|upkeep
|turn|20
|
|t:|1760440166
|move|p2a: AXE Bodyspray|Outrage|p1a: Okidogi
|-damage|p1a: Okidogi|0 fnt
|faint|p1a: Okidogi
|
|-weather|Snowscape|[upkeep]
|upkeep
|
|t:|1760440172
|switch|p1a: Moltres|Moltres|72/100
|turn|21
|
|t:|1760440175
|move|p2a: AXE Bodyspray|Outrage|p1a: Moltres|[from] lockedmove
|-damage|p1a: Moltres|3/100
|-start|p2a: AXE Bodyspray|confusion|[fatigue]
|-enditem|p2a: AXE Bodyspray|Lum Berry|[eat]
|-end|p2a: AXE Bodyspray|confusion
|move|p1a: Moltres|Roar|p2a: AXE Bodyspray
|drag|p2a: Son of a Krook|Krookodile, M, shiny|100/100
|
|-weather|Snowscape|[upkeep]
|upkeep
|turn|22
|
|t:|1760440187
|move|p2a: Son of a Krook|Knock Off|p1a: Moltres
|-damage|p1a: Moltres|0 fnt
|-enditem|p1a: Moltres|Heavy-Duty Boots|[from] move: Knock Off|[of] p2a: Son of a Krook
|faint|p1a: Moltres
|-ability|p2a: Son of a Krook|Moxie|boost
|-boost|p2a: Son of a Krook|atk|1
|
|-weather|Snowscape|[upkeep]
|upkeep
|
|t:|1760440191
|switch|p1a: Raikou|Raikou|100/100
|-ability|p1a: Raikou|Pressure
|turn|23
|
|t:|1760440198
|move|p2a: Son of a Krook|Knock Off|p1a: Raikou
|-damage|p1a: Raikou|0 fnt
|-enditem|p1a: Raikou|Heavy-Duty Boots|[from] move: Knock Off|[of] p2a: Son of a Krook
|faint|p1a: Raikou
|-ability|p2a: Son of a Krook|Moxie|boost
|-boost|p2a: Son of a Krook|atk|1
|
|-weather|Snowscape|[upkeep]
|upkeep
|-message|cheeselover255 forfeited.
|
|win|Fifo drummer
|raw|cheeselover255's rating: 1348 &rarr; <strong>1330</strong><br />(-18 for losing)
|raw|Fifo drummer's rating: 1391 &rarr; <strong>1409</strong><br />(+18 for winning)
|l|☆cheeselover255
|player|p1|
|l|☆Fifo drummer
|player|p2|
