|j|☆Buttsnow
|j|☆arffydoggy
|t:|1760311026
|gametype|singles
|player|p1|Buttsnow|169|1074
|player|p2|arffydoggy|fisherman-gen4|1093
|gen|9
|tier|[Gen 9] OU
|rated|
|rule|HP Percentage Mod: HP is shown in percentages
|rule|Endless Battle Clause: Forcing endless battles is banned
|rule|Species Clause: Limit one of each Pokémon
|rule|OHKO Clause: OHKO moves are banned
|rule|Evasion Items Clause: Evasion items are banned
|rule|Evasion Moves Clause: Evasion moves are banned
|rule|Evasion Abilities Clause: Evasion abilities are banned
|rule|Sleep Moves Clause: Sleep-inducing moves are banned
|clearpoke
|poke|p1|Iron Valiant|
|poke|p1|Cloyster, M|
|poke|p1|Dragonite, M|
|poke|p1|Blaziken, M|
|poke|p1|Latios, M|
|poke|p1|Metagross|
|poke|p2|Krookodile, M|
|poke|p2|Crabominable, M|
|poke|p2|Tauros-Paldea-Blaze, M|
|poke|p2|Camerupt, F|
|poke|p2|Primeape, M|
|poke|p2|Articuno-Galar|
|teampreview
|
|t:|1760311040
|teamsize|p1|6
|teamsize|p2|6
|start
|switch|p1a: Metagross|Metagross, shiny|100/100
|switch|p2a: crit|Camerupt, F|100/100
|turn|1
|
|t:|1760311048
|move|p1a: Metagross|Stealth Rock|p2a: crit
|-sidestart|p2: arffydoggy|move: Stealth Rock
|move|p2a: crit|Stealth Rock|p1a: Metagross
|-sidestart|p1: Buttsnow|move: Stealth Rock
|
|upkeep
|turn|2
|
|t:|1760311052
|move|p1a: Metagross|Earthquake|p2a: crit
|-supereffective|p2a: crit
|-damage|p2a: crit|1/100
|move|p2a: crit|Earthquake|p1a: Metagross
|-supereffective|p1a: Metagross
|-damage|p1a: Metagross|41/100
|
|-heal|p2a: crit|7/100|[from] item: Leftovers
|upkeep
|turn|3
|
|t:|1760311057
|move|p1a: Metagross|Bullet Punch|p2a: crit
|-resisted|p2a: crit
|-damage|p2a: crit|0 fnt
|faint|p2a: crit
|
|upkeep
|
|t:|1760311066
|switch|p2a: Tauros|Tauros-Paldea-Blaze, M|100/100
|-damage|p2a: Tauros|88/100|[from] Stealth Rock
|turn|4
|
|t:|1760311070
|move|p2a: Tauros|Flare Blitz|p1a: Metagross
|-supereffective|p1a: Metagross
|-damage|p1a: Metagross|0 fnt
|-damage|p2a: Tauros|72/100|[from] item: Rocky Helmet|[of] p1a: Metagross
|faint|p1a: Metagross
|-damage|p2a: Tauros|55/100|[from] Recoil
|
|upkeep
|
|t:|1760311078
|switch|p1a: Blaziken|Blaziken, M, shiny|100/100
|turn|5
|
|t:|1760311083
|move|p2a: Tauros|Close Combat|p1a: Blaziken
|-damage|p1a: Blaziken|17/100
|-unboost|p2a: Tauros|def|1
|-unboost|p2a: Tauros|spd|1
|move|p1a: Blaziken|Swords Dance|p1a: Blaziken
|-boost|p1a: Blaziken|atk|2
|
|-ability|p1a: Blaziken|Speed Boost|boost
|-boost|p1a: Blaziken|spe|1
|upkeep
|turn|6
|
|t:|1760311088
|move|p1a: Blaziken|Earthquake|p2a: Tauros
|-supereffective|p2a: Tauros
|-damage|p2a: Tauros|0 fnt
|faint|p2a: Tauros
|
|-ability|p1a: Blaziken|Speed Boost|boost
|-boost|p1a: Blaziken|spe|1
|upkeep
|
|t:|1760311092
|switch|p2a: crits are cool|Articuno-Galar|100/100
|turn|7
|
|t:|1760311100
|move|p1a: Blaziken|Fire Punch|p2a: crits are cool
|-damage|p2a: crits are cool|0 fnt
|faint|p2a: crits are cool
|
|-ability|p1a: Blaziken|Speed Boost|boost
|-boost|p1a: Blaziken|spe|1
|upkeep
|
|t:|1760311104
|switch|p2a: Crits please|Krookodile, M|100/100
|-damage|p2a: Crits please|94/100|[from] Stealth Rock
|turn|8
|
|t:|1760311120
|-terastallize|p2a: Crits please|Ghost
|move|p1a: Blaziken|Earthquake|p2a: Crits please
|-damage|p2a: Crits please|24/100
|-enditem|p2a: Crits please|Salac Berry|[eat]
|-boost|p2a: Crits please|spe|1|[from] item: Salac Berry
|move|p2a: Crits please|Earthquake|p1a: Blaziken
|-supereffective|p1a: Blaziken
|-damage|p1a: Blaziken|0 fnt
|faint|p1a: Blaziken
|
|upkeep
|
|t:|1760311137
|switch|p1a: Iron Valiant|Iron Valiant, shiny|100/100
|-damage|p1a: Iron Valiant|94/100|[from] Stealth Rock
|-enditem|p1a: Iron Valiant|Booster Energy
|-activate|p1a: Iron Valiant|ability: Quark Drive|[fromitem]
|-start|p1a: Iron Valiant|quarkdrivespe
|turn|9
|
|t:|1760311141
|move|p1a: Iron Valiant|Knock Off|p2a: Crits please
|-supereffective|p2a: Crits please
|-damage|p2a: Crits please|0 fnt
|faint|p2a: Crits please
|
|upkeep
|
|t:|1760311144
|switch|p2a: Crabominable|Crabominable, M|100/100
|-damage|p2a: Crabominable|88/100|[from] Stealth Rock
|turn|10
|
|t:|1760311155
|move|p1a: Iron Valiant|Drain Punch|p2a: Crabominable
|-supereffective|p2a: Crabominable
|-damage|p2a: Crabominable|7/100
|-heal|p1a: Iron Valiant|100/100|[from] drain|[of] p2a: Crabominable
|move|p2a: Crabominable|Ice Hammer|p1a: Iron Valiant
|-damage|p1a: Iron Valiant|36/100
|-unboost|p2a: Crabominable|spe|1
|
|upkeep
|turn|11
|
|t:|1760311159
|move|p1a: Iron Valiant|Drain Punch|p2a: Crabominable
|-supereffective|p2a: Crabominable
|-damage|p2a: Crabominable|0 fnt
|-heal|p1a: Iron Valiant|40/100|[from] drain|[of] p2a: Crabominable
|faint|p2a: Crabominable
|
|upkeep
|
|t:|1760311161
|switch|p2a: Primeape|Primeape, M|100/100
|-damage|p2a: Primeape|95/100|[from] Stealth Rock
|turn|12
|-message|arffydoggy forfeited.
|
|win|Buttsnow
|raw|Buttsnow's rating: 1074 &rarr; <strong>1104</strong><br />(+30 for winning)
|raw|arffydoggy's rating: 1093 &rarr; <strong>1068</strong><br />(-25 for losing)
|l|☆arffydoggy
|player|p2|
|l|☆Buttsnow
|player|p1|
