|j|☆Slothdog
|j|☆C0nway
|t:|1760414652
|gametype|singles
|player|p1|Slothdog|swimmer-gen4dp|1358
|player|p2|C0nway|eusine|1354
|gen|9
|tier|[Gen 9] OU
|rated|
|rule|HP Percentage Mod: HP is shown in percentages
|rule|Endless Battle Clause: Forcing endless battles is banned
|rule|Species Clause: Limit one of each Pokémon
|rule|OHKO Clause: OHKO moves are banned
|rule|Evasion Items Clause: Evasion items are banned
|rule|Evasion Moves Clause: Evasion moves are banned
|rule|Evasion Abilities Clause: Evasion abilities are banned
|rule|Sleep Moves Clause: Sleep-inducing moves are banned
|clearpoke
|poke|p1|Darkrai|
|poke|p1|Iron Valiant|
|poke|p1|Ting-Lu|
|poke|p1|Sinistcha|
|poke|p1|Moltres|
|poke|p1|Samurott-Hisui, M|
|poke|p2|Walking Wake|
|poke|p2|Torkoal, M|
|poke|p2|Cinderace, M|
|poke|p2|Hatterene, F|
|poke|p2|Iron Valiant|
|poke|p2|Kingambit, M|
|teampreview
|
|t:|1760414669
|teamsize|p1|6
|teamsize|p2|6
|start
|switch|p1a: Iron Valiant|Iron Valiant|100/100
|switch|p2a: Cinderace|Cinderace, M|100/100
|turn|1
|
|t:|1760414678
|move|p1a: Iron Valiant|Close Combat|p2a: Cinderace
|-damage|p2a: Cinderace|13/100
|-unboost|p1a: Iron Valiant|def|1
|-unboost|p1a: Iron Valiant|spd|1
|move|p2a: Cinderace|Will-O-Wisp|p1a: Iron Valiant
|-status|p1a: Iron Valiant|brn
|
|-damage|p1a: Iron Valiant|94/100 brn|[from] brn
|upkeep
|turn|2
|
|t:|1760414683
|switch|p2a: Torkoal|Torkoal, M|100/100
|-weather|SunnyDay|[from] ability: Drought|[of] p2a: Torkoal
|move|p1a: Iron Valiant|Close Combat|p2a: Torkoal
|-damage|p2a: Torkoal|84/100
|-unboost|p1a: Iron Valiant|def|1
|-unboost|p1a: Iron Valiant|spd|1
|
|-weather|SunnyDay|[upkeep]
|-damage|p1a: Iron Valiant|88/100 brn|[from] brn
|upkeep
|turn|3
|
|t:|1760414693
|-end|p1a: Iron Valiant|Quark Drive|[silent]
|switch|p1a: Ting-Lu|Ting-Lu|100/100
|-ability|p1a: Ting-Lu|Vessel of Ruin
|move|p2a: Torkoal|Stealth Rock|p1a: Ting-Lu
|-sidestart|p1: Slothdog|move: Stealth Rock
|
|-weather|SunnyDay|[upkeep]
|upkeep
|turn|4
|
|t:|1760414699
|switch|p2a: Hatterene|Hatterene, F|100/100
|move|p1a: Ting-Lu|Ruination|p2a: Hatterene
|-damage|p2a: Hatterene|50/100
|-enditem|p2a: Hatterene|Eject Button
|
|t:|1760414707
|switch|p2a: Walking Wake|Walking Wake|100/100
|-activate|p2a: Walking Wake|ability: Protosynthesis
|-start|p2a: Walking Wake|protosynthesisspe
|
|-weather|SunnyDay|[upkeep]
|upkeep
|turn|5
|
|t:|1760414714
|-terastallize|p2a: Walking Wake|Water
|-terastallize|p1a: Ting-Lu|Poison
|move|p2a: Walking Wake|Hydro Steam|p1a: Ting-Lu
|-damage|p1a: Ting-Lu|52/100
|move|p1a: Ting-Lu|Ruination|p2a: Walking Wake
|-damage|p2a: Walking Wake|50/100
|
|-weather|SunnyDay|[upkeep]
|-heal|p1a: Ting-Lu|58/100|[from] item: Leftovers
|upkeep
|turn|6
|
|t:|1760414723
|move|p2a: Walking Wake|Hydro Steam|p1a: Ting-Lu
|-damage|p1a: Ting-Lu|6/100
|move|p1a: Ting-Lu|Earthquake|p2a: Walking Wake
|-damage|p2a: Walking Wake|10/100
|
|-weather|SunnyDay|[upkeep]
|-heal|p1a: Ting-Lu|12/100|[from] item: Leftovers
|upkeep
|turn|7
|
|t:|1760414728
|move|p2a: Walking Wake|Hydro Steam|p1a: Ting-Lu
|-damage|p1a: Ting-Lu|0 fnt
|faint|p1a: Ting-Lu
|
|-weather|SunnyDay|[upkeep]
|upkeep
|
|t:|1760414730
|switch|p1a: Iron Valiant|Iron Valiant|88/100 brn
|-damage|p1a: Iron Valiant|82/100 brn|[from] Stealth Rock
|turn|8
|
|t:|1760414734
|move|p1a: Iron Valiant|Moonblast|p2a: Walking Wake
|-damage|p2a: Walking Wake|0 fnt
|faint|p2a: Walking Wake
|-end|p2a: Walking Wake|Protosynthesis|[silent]
|
|-weather|SunnyDay|[upkeep]
|-damage|p1a: Iron Valiant|76/100 brn|[from] brn
|upkeep
|
|t:|1760414761
|switch|p2a: Torkoal|Torkoal, M|84/100
|turn|9
|
|t:|1760414766
|-end|p1a: Iron Valiant|Quark Drive|[silent]
|switch|p1a: Samurott|Samurott-Hisui, M|100/100
|-damage|p1a: Samurott|88/100|[from] Stealth Rock
|switch|p2a: Hatterene|Hatterene, F|50/100
|
|-weather|none
|upkeep
|turn|10
|
|t:|1760414772
|move|p1a: Samurott|Razor Shell|p2a: Hatterene
|-damage|p2a: Hatterene|0 fnt
|faint|p2a: Hatterene
|
|upkeep
|
|t:|1760414779
|switch|p2a: Iron Valiant|Iron Valiant|100/100
|-enditem|p2a: Iron Valiant|Booster Energy
|-activate|p2a: Iron Valiant|ability: Quark Drive|[fromitem]
|-start|p2a: Iron Valiant|quarkdrivespe
|turn|11
|
|t:|1760414786
|switch|p1a: Moltres|Moltres|100/100
|move|p2a: Iron Valiant|Moonblast|p1a: Moltres
|-resisted|p1a: Moltres
|-damage|p1a: Moltres|78/100
|-unboost|p1a: Moltres|spa|1
|
|upkeep
|turn|12
|
|t:|1760414794
|move|p2a: Iron Valiant|Knock Off|p1a: Moltres
|-damage|p1a: Moltres|59/100
|-enditem|p1a: Moltres|Heavy-Duty Boots|[from] move: Knock Off|[of] p2a: Iron Valiant
|move|p1a: Moltres|Flamethrower|p2a: Iron Valiant
|-damage|p2a: Iron Valiant|54/100
|
|upkeep
|turn|13
|
|t:|1760414809
|-end|p2a: Iron Valiant|Quark Drive|[silent]
|switch|p2a: Torkoal|Torkoal, M|84/100
|-weather|SunnyDay|[from] ability: Drought|[of] p2a: Torkoal
|move|p1a: Moltres|Roost|p1a: Moltres
|-heal|p1a: Moltres|100/100
|-singleturn|p1a: Moltres|move: Roost
|
|-weather|SunnyDay|[upkeep]
|upkeep
|turn|14
|
|t:|1760414824
|move|p1a: Moltres|Flamethrower|p2a: Torkoal
|-resisted|p2a: Torkoal
|-damage|p2a: Torkoal|59/100
|move|p2a: Torkoal|Rapid Spin|p1a: Moltres
|-damage|p1a: Moltres|94/100
|-boost|p2a: Torkoal|spe|1
|
|-weather|SunnyDay|[upkeep]
|upkeep
|turn|15
|
|t:|1760414836
|move|p1a: Moltres|Flamethrower|p2a: Torkoal
|-resisted|p2a: Torkoal
|-damage|p2a: Torkoal|33/100
|move|p2a: Torkoal|Lava Plume|p1a: Moltres
|-resisted|p1a: Moltres
|-damage|p1a: Moltres|75/100
|
|-weather|SunnyDay|[upkeep]
|upkeep
|turn|16
|
|t:|1760414852
|move|p1a: Moltres|Flamethrower|p2a: Torkoal
|-resisted|p2a: Torkoal
|-damage|p2a: Torkoal|7/100
|move|p2a: Torkoal|Lava Plume|p1a: Moltres
|-resisted|p1a: Moltres
|-damage|p1a: Moltres|58/100
|
|-weather|SunnyDay|[upkeep]
|upkeep
|turn|17
|
|t:|1760414855
|move|p1a: Moltres|Roost|p1a: Moltres
|-heal|p1a: Moltres|100/100
|-singleturn|p1a: Moltres|move: Roost
|move|p2a: Torkoal|Lava Plume|p1a: Moltres
|-resisted|p1a: Moltres
|-damage|p1a: Moltres|82/100
|
|-weather|SunnyDay|[upkeep]
|upkeep
|turn|18
|
|t:|1760414862
|move|p1a: Moltres|Flamethrower|p2a: Torkoal
|-resisted|p2a: Torkoal
|-damage|p2a: Torkoal|0 fnt
|faint|p2a: Torkoal
|
|-weather|SunnyDay|[upkeep]
|upkeep
|
|t:|1760414864
|switch|p2a: Cinderace|Cinderace, M|13/100
|turn|19
|
|t:|1760414867
|move|p2a: Cinderace|Pyro Ball|p1a: Moltres
|-resisted|p1a: Moltres
|-damage|p1a: Moltres|50/100
|move|p1a: Moltres|Flamethrower|p2a: Cinderace
|-resisted|p2a: Cinderace
|-damage|p2a: Cinderace|0 fnt
|faint|p2a: Cinderace
|
|-weather|SunnyDay|[upkeep]
|upkeep
|
|t:|1760414874
|switch|p2a: Kingambit|Kingambit, M|100/100
|-activate|p2a: Kingambit|ability: Supreme Overlord
|-start|p2a: Kingambit|fallen4|[silent]
|turn|20
|
|t:|1760414877
|move|p1a: Moltres|Flamethrower|p2a: Kingambit
|-supereffective|p2a: Kingambit
|-damage|p2a: Kingambit|13/100
|move|p2a: Kingambit|Kowtow Cleave|p1a: Moltres
|-damage|p1a: Moltres|1/100
|
|-weather|none
|-heal|p2a: Kingambit|19/100|[from] item: Leftovers
|upkeep
|turn|21
|c|☆C0nway|How is this thing so bulky
|c|☆Slothdog|max max
|c|☆Slothdog|hp def
|c|☆C0nway|Wtf
|c|☆Slothdog|try it
|
|t:|1760414917
|move|p1a: Moltres|Roost|p1a: Moltres
|-heal|p1a: Moltres|51/100
|-singleturn|p1a: Moltres|move: Roost
|move|p2a: Kingambit|Swords Dance|p2a: Kingambit
|-boost|p2a: Kingambit|atk|2
|
|-heal|p2a: Kingambit|25/100|[from] item: Leftovers
|upkeep
|turn|22
|c|☆Slothdog|rlly good with heavy duty boots
|
|t:|1760414924
|move|p2a: Kingambit|Sucker Punch||[still]
|-fail|p2a: Kingambit
|move|p1a: Moltres|Roar|p2a: Kingambit
|-end|p2a: Kingambit|fallen4|[silent]
|drag|p2a: Iron Valiant|Iron Valiant|54/100
|
|upkeep
|turn|23
|
|t:|1760414928
|move|p2a: Iron Valiant|Encore|p1a: Moltres
|-start|p1a: Moltres|Encore
|move|p1a: Moltres|Roar|p2a: Iron Valiant
|-end|p2a: Iron Valiant|Quark Drive|[silent]
|drag|p2a: Kingambit|Kingambit, M|25/100
|-activate|p2a: Kingambit|ability: Supreme Overlord
|-start|p2a: Kingambit|fallen4|[silent]
|
|-heal|p2a: Kingambit|31/100|[from] item: Leftovers
|upkeep
|turn|24
|
|t:|1760414937
|move|p2a: Kingambit|Kowtow Cleave|p1a: Moltres
|-damage|p1a: Moltres|1/100
|move|p1a: Moltres|Roar|p2a: Kingambit
|-end|p2a: Kingambit|fallen4|[silent]
|drag|p2a: Iron Valiant|Iron Valiant|54/100
|
|upkeep
|turn|25
|
|t:|1760414946
|move|p2a: Iron Valiant|Moonblast|p1a: Moltres
|-resisted|p1a: Moltres
|-crit|p1a: Moltres
|-damage|p1a: Moltres|0 fnt
|faint|p1a: Moltres
|
|upkeep
|
|t:|1760414950
|switch|p1a: Iron Valiant|Iron Valiant|76/100 brn
|-damage|p1a: Iron Valiant|69/100 brn|[from] Stealth Rock
|turn|26
|
|t:|1760414957
|move|p1a: Iron Valiant|Moonblast|p2a: Iron Valiant
|-supereffective|p2a: Iron Valiant
|-damage|p2a: Iron Valiant|0 fnt
|faint|p2a: Iron Valiant
|-end|p2a: Iron Valiant|Quark Drive|[silent]
|
|-damage|p1a: Iron Valiant|63/100 brn|[from] brn
|upkeep
|
|t:|1760414959
|switch|p2a: Kingambit|Kingambit, M|31/100
|-activate|p2a: Kingambit|ability: Supreme Overlord
|-start|p2a: Kingambit|fallen5|[silent]
|turn|27
|
|t:|1760414965
|move|p2a: Kingambit|Sucker Punch|p1a: Iron Valiant
|-resisted|p1a: Iron Valiant
|-damage|p1a: Iron Valiant|44/100 brn
|move|p1a: Iron Valiant|Moonblast|p2a: Kingambit
|-damage|p2a: Kingambit|0 fnt
|faint|p2a: Kingambit
|-end|p2a: Kingambit|fallen5|[silent]
|
|win|Slothdog
|raw|Slothdog's rating: 1358 &rarr; <strong>1378</strong><br />(+20 for winning)
|raw|C0nway's rating: 1354 &rarr; <strong>1334</strong><br />(-20 for losing)
|l|☆C0nway
|player|p2|
|c|☆Slothdog|gg
|l|☆Slothdog
|player|p1|
