|j|☆pikaragedd
|j|☆notargentsoul
|t:|1760394855
|gametype|singles
|player|p1|pikaragedd|lucas|1300
|player|p2|notargentsoul|supernerd|1289
|gen|9
|tier|[Gen 9] OU
|rated|
|rule|HP Percentage Mod: HP is shown in percentages
|rule|Endless Battle Clause: Forcing endless battles is banned
|rule|Species Clause: Limit one of each Pokémon
|rule|OHKO Clause: OHKO moves are banned
|rule|Evasion Items Clause: Evasion items are banned
|rule|Evasion Moves Clause: Evasion moves are banned
|rule|Evasion Abilities Clause: Evasion abilities are banned
|rule|Sleep Moves Clause: Sleep-inducing moves are banned
|clearpoke
|poke|p1|Flareon, M|
|poke|p1|Alomomola, M|
|poke|p1|Weezing-Galar, F|
|poke|p1|Rillaboom, M|
|poke|p1|Primarina, F|
|poke|p1|Dragapult, F|
|poke|p2|Garganacl, F|
|poke|p2|Dragapult, F|
|poke|p2|Ogerpon-Wellspring, F|
|poke|p2|Moltres|
|poke|p2|Zamazenta-*|
|poke|p2|Iron Treads|
|teampreview
|inactive|Battle timer is ON: inactive players will automatically lose when time's up. (requested by pikaragedd)
|
|t:|1760394874
|teamsize|p1|6
|teamsize|p2|6
|start
|switch|p1a: vaporeon 2.0|Alomomola, M|100/100
|switch|p2a: Garganacl|Garganacl, F|100/100
|turn|1
|
|t:|1760394882
|move|p1a: vaporeon 2.0|Flip Turn|p2a: Garganacl
|-supereffective|p2a: Garganacl
|-damage|p2a: Garganacl|80/100
|
|t:|1760394887
|switch|p1a: Weezing|Weezing-Galar, F|100/100|[from] Flip Turn
|-ability|p1a: Weezing|Neutralizing Gas
|move|p2a: Garganacl|Iron Defense|p2a: Garganacl
|-boost|p2a: Garganacl|def|2
|
|-heal|p2a: Garganacl|86/100|[from] item: Leftovers
|upkeep
|turn|2
|
|t:|1760394897
|move|p1a: Weezing|Toxic|p2a: Garganacl
|-status|p2a: Garganacl|tox
|move|p2a: Garganacl|Salt Cure|p1a: Weezing
|-damage|p1a: Weezing|91/100
|-start|p1a: Weezing|Salt Cure
|
|-heal|p1a: Weezing|97/100|[from] item: Leftovers
|-heal|p2a: Garganacl|92/100 tox|[from] item: Leftovers
|-damage|p2a: Garganacl|86/100 tox|[from] psn
|-damage|p1a: Weezing|84/100|[from] Salt Cure
|upkeep
|turn|3
|
|t:|1760394912
|move|p1a: Weezing|Taunt|p2a: Garganacl
|-start|p2a: Garganacl|move: Taunt
|move|p2a: Garganacl|Salt Cure|p1a: Weezing
|-damage|p1a: Weezing|74/100
|
|-heal|p1a: Weezing|80/100|[from] item: Leftovers
|-heal|p2a: Garganacl|92/100 tox|[from] item: Leftovers
|-damage|p2a: Garganacl|80/100 tox|[from] psn
|-damage|p1a: Weezing|68/100|[from] Salt Cure
|upkeep
|turn|4
|
|t:|1760394923
|move|p1a: Weezing|Strange Steam|p2a: Garganacl
|-damage|p2a: Garganacl|61/100 tox
|move|p2a: Garganacl|Body Press|p1a: Weezing
|-resisted|p1a: Weezing
|-damage|p1a: Weezing|61/100
|
|-heal|p1a: Weezing|67/100|[from] item: Leftovers
|-heal|p2a: Garganacl|67/100 tox|[from] item: Leftovers
|-damage|p2a: Garganacl|48/100 tox|[from] psn
|-damage|p1a: Weezing|55/100|[from] Salt Cure
|upkeep
|turn|5
|
|t:|1760394940
|-end|p1a: Weezing|ability: Neutralizing Gas
|switch|p1a: Dragapult|Dragapult, F|100/100
|switch|p2a: Iron Treads|Iron Treads|100/100
|
|upkeep
|turn|6
|
|t:|1760394950
|move|p1a: Dragapult|Fire Blast|p2a: Iron Treads
|-supereffective|p2a: Iron Treads
|-damage|p2a: Iron Treads|20/100
|move|p2a: Iron Treads|Knock Off|p1a: Dragapult
|-supereffective|p1a: Dragapult
|-damage|p1a: Dragapult|34/100
|-enditem|p1a: Dragapult|Choice Specs|[from] move: Knock Off|[of] p2a: Iron Treads
|
|-heal|p2a: Iron Treads|26/100|[from] item: Leftovers
|upkeep
|turn|7
|
|t:|1760394965
|-end|p2a: Iron Treads|Quark Drive|[silent]
|switch|p2a: Garganacl|Garganacl, F|48/100 tox
|move|p1a: Dragapult|U-turn|p2a: Garganacl
|-damage|p2a: Garganacl|37/100 tox
|
|t:|1760394971
|switch|p1a: Rillaboom|Rillaboom, M|100/100|[from] U-turn
|-fieldstart|move: Grassy Terrain|[from] ability: Grassy Surge|[of] p1a: Rillaboom
|
|-heal|p2a: Garganacl|44/100 tox|[from] Grassy Terrain
|-heal|p2a: Garganacl|50/100 tox|[from] item: Leftovers
|-damage|p2a: Garganacl|44/100 tox|[from] psn
|upkeep
|turn|8
|inactive|notargentsoul has 120 seconds left.
|
|t:|1760395014
|switch|p1a: Primarina|Primarina, F|100/100
|switch|p2a: Iron Treads|Iron Treads|26/100
|
|-heal|p2a: Iron Treads|32/100|[from] Grassy Terrain
|-heal|p2a: Iron Treads|38/100|[from] item: Leftovers
|upkeep
|turn|9
|
|t:|1760395038
|-end|p2a: Iron Treads|Quark Drive|[silent]
|switch|p2a: Ogerpon|Ogerpon-Wellspring, F|100/100
|move|p1a: Primarina|Ice Beam|p2a: Ogerpon
|-damage|p2a: Ogerpon|69/100
|
|-heal|p2a: Ogerpon|75/100|[from] Grassy Terrain
|upkeep
|turn|10
|
|t:|1760395050
|switch|p1a: Rillaboom|Rillaboom, M|100/100
|move|p2a: Ogerpon|Swords Dance|p2a: Ogerpon
|-boost|p2a: Ogerpon|atk|2
|
|-heal|p2a: Ogerpon|81/100|[from] Grassy Terrain
|upkeep
|turn|11
|
|t:|1760395059
|switch|p2a: Moltres|Moltres|100/100
|move|p1a: Rillaboom|U-turn|p2a: Moltres
|-resisted|p2a: Moltres
|-damage|p2a: Moltres|92/100
|
|t:|1760395072
|switch|p1a: Primarina|Primarina, F|100/100|[from] U-turn
|
|-fieldend|move: Grassy Terrain
|upkeep
|turn|12
|inactive|notargentsoul has 120 seconds left.
|
|t:|1760395089
|switch|p2a: Dragapult|Dragapult, F|100/100
|move|p1a: Primarina|Ice Beam|p2a: Dragapult
|-supereffective|p2a: Dragapult
|-damage|p2a: Dragapult|12/100
|
|upkeep
|turn|13
|
|t:|1760395098
|switch|p1a: vaporeon 2.0|Alomomola, M|100/100
|move|p2a: Dragapult|U-turn|p1a: vaporeon 2.0
|-damage|p1a: vaporeon 2.0|91/100
|-damage|p2a: Dragapult|0 fnt|[from] item: Rocky Helmet|[of] p1a: vaporeon 2.0
|faint|p2a: Dragapult
|
|upkeep
|
|t:|1760395106
|switch|p2a: Ogerpon|Ogerpon-Wellspring, F|81/100
|turn|14
|
|t:|1760395110
|move|p2a: Ogerpon|Swords Dance|p2a: Ogerpon
|-boost|p2a: Ogerpon|atk|2
|move|p1a: vaporeon 2.0|Wish|p1a: vaporeon 2.0
|
|upkeep
|turn|15
|
|t:|1760395119
|move|p2a: Ogerpon|Swords Dance|p2a: Ogerpon
|-boost|p2a: Ogerpon|atk|2
|move|p1a: vaporeon 2.0|Wish||[still]
|-fail|p1a: vaporeon 2.0
|
|-heal|p1a: vaporeon 2.0|100/100|[from] move: Wish|[wisher] vaporeon 2.0
|upkeep
|turn|16
|
|t:|1760395129
|move|p2a: Ogerpon|Trailblaze|p1a: vaporeon 2.0
|-supereffective|p1a: vaporeon 2.0
|-damage|p1a: vaporeon 2.0|21/100
|-boost|p2a: Ogerpon|spe|1
|-damage|p2a: Ogerpon|65/100|[from] item: Rocky Helmet|[of] p1a: vaporeon 2.0
|move|p1a: vaporeon 2.0|Wish|p1a: vaporeon 2.0
|
|upkeep
|turn|17
|
|t:|1760395137
|move|p1a: vaporeon 2.0|Protect|p1a: vaporeon 2.0
|-singleturn|p1a: vaporeon 2.0|Protect
|move|p2a: Ogerpon|Swords Dance|p2a: Ogerpon
|-boost|p2a: Ogerpon|atk|2
|
|-heal|p1a: vaporeon 2.0|71/100|[from] move: Wish|[wisher] vaporeon 2.0
|upkeep
|turn|18
|
|t:|1760395161
|switch|p1a: Weezing|Weezing-Galar, F|55/100
|-ability|p1a: Weezing|Neutralizing Gas
|move|p2a: Ogerpon|Ivy Cudgel|p1a: Weezing|[anim] Ivy Cudgel Water
|-damage|p1a: Weezing|0 fnt
|faint|p1a: Weezing
|-end|p1a: Weezing|ability: Neutralizing Gas
|
|upkeep
|
|t:|1760395171
|switch|p1a: Rillaboom|Rillaboom, M|100/100
|-fieldstart|move: Grassy Terrain|[from] ability: Grassy Surge|[of] p1a: Rillaboom
|turn|19
|
|t:|1760395187
|move|p1a: Rillaboom|Grassy Glide|p2a: Ogerpon
|-damage|p2a: Ogerpon|2/100
|move|p2a: Ogerpon|Ivy Cudgel|p1a: Rillaboom|[anim] Ivy Cudgel Water
|-resisted|p1a: Rillaboom
|-damage|p1a: Rillaboom|0 fnt
|faint|p1a: Rillaboom
|
|-heal|p2a: Ogerpon|8/100|[from] Grassy Terrain
|upkeep
|
|t:|1760395200
|switch|p1a: fluffy boi|Flareon, M|100/100
|turn|20
|
|t:|1760395204
|-terastallize|p1a: fluffy boi|Normal
|move|p1a: fluffy boi|Quick Attack|p2a: Ogerpon
|-damage|p2a: Ogerpon|0 fnt
|faint|p2a: Ogerpon
|
|-status|p1a: fluffy boi|brn|[from] item: Flame Orb
|upkeep
|
|t:|1760395218
|switch|p2a: Moltres|Moltres|92/100
|turn|21
|
|t:|1760395226
|move|p1a: fluffy boi|Trailblaze|p2a: Moltres
|-resisted|p2a: Moltres
|-damage|p2a: Moltres|86/100
|-boost|p1a: fluffy boi|spe|1
|move|p2a: Moltres|Flamethrower|p1a: fluffy boi
|-damage|p1a: fluffy boi|56/100 brn
|
|-heal|p1a: fluffy boi|62/100 brn|[from] Grassy Terrain
|-damage|p1a: fluffy boi|56/100 brn|[from] brn
|upkeep
|turn|22
|
|t:|1760395243
|move|p1a: fluffy boi|Facade|p2a: Moltres
|-damage|p2a: Moltres|0 fnt
|faint|p2a: Moltres
|
|-heal|p1a: fluffy boi|62/100 brn|[from] Grassy Terrain
|-damage|p1a: fluffy boi|56/100 brn|[from] brn
|upkeep
|
|t:|1760395252
|switch|p2a: Zamazenta|Zamazenta|100/100
|-ability|p2a: Zamazenta|Dauntless Shield|boost
|-boost|p2a: Zamazenta|def|1
|turn|23
|
|t:|1760395260
|move|p2a: Zamazenta|Close Combat|p1a: fluffy boi
|-supereffective|p1a: fluffy boi
|-damage|p1a: fluffy boi|0 fnt
|-unboost|p2a: Zamazenta|def|1
|-unboost|p2a: Zamazenta|spd|1
|faint|p1a: fluffy boi
|
|-fieldend|move: Grassy Terrain
|upkeep
|
|t:|1760395273
|switch|p1a: Dragapult|Dragapult, F|34/100
|turn|24
|
|t:|1760395284
|move|p1a: Dragapult|Draco Meteor|p2a: Zamazenta
|-damage|p2a: Zamazenta|19/100
|-unboost|p1a: Dragapult|spa|2
|move|p2a: Zamazenta|Ice Fang|p1a: Dragapult
|-supereffective|p1a: Dragapult
|-damage|p1a: Dragapult|0 fnt
|faint|p1a: Dragapult
|
|upkeep
|
|t:|1760395292
|switch|p1a: vaporeon 2.0|Alomomola, M|100/100
|turn|25
|
|t:|1760395305
|move|p2a: Zamazenta|Close Combat|p1a: vaporeon 2.0
|-damage|p1a: vaporeon 2.0|66/100
|-unboost|p2a: Zamazenta|def|1
|-unboost|p2a: Zamazenta|spd|1
|-damage|p2a: Zamazenta|2/100|[from] item: Rocky Helmet|[of] p1a: vaporeon 2.0
|move|p1a: vaporeon 2.0|Flip Turn|p2a: Zamazenta
|-damage|p2a: Zamazenta|0 fnt
|faint|p2a: Zamazenta
|
|t:|1760395314
|switch|p1a: Primarina|Primarina, F|100/100|[from] Flip Turn
|
|upkeep
|
|t:|1760395318
|switch|p2a: Garganacl|Garganacl, F|44/100 tox
|turn|26
|
|t:|1760395328
|-terastallize|p2a: Garganacl|Electric
|move|p1a: Primarina|Surf|p2a: Garganacl
|-crit|p2a: Garganacl
|-damage|p2a: Garganacl|0 fnt
|faint|p2a: Garganacl
|
|upkeep
|
|t:|1760395333
|switch|p2a: Iron Treads|Iron Treads|38/100
|turn|27
|
|t:|1760395342
|move|p2a: Iron Treads|Earthquake|p1a: Primarina
|-damage|p1a: Primarina|52/100
|move|p1a: Primarina|Surf|p2a: Iron Treads
|-supereffective|p2a: Iron Treads
|-damage|p2a: Iron Treads|0 fnt
|faint|p2a: Iron Treads
|-end|p2a: Iron Treads|Quark Drive|[silent]
|
|win|pikaragedd
|raw|pikaragedd's rating: 1300 &rarr; <strong>1324</strong><br />(+24 for winning)
|raw|notargentsoul's rating: 1289 &rarr; <strong>1265</strong><br />(-24 for losing)
|c|☆notargentsoul|gg
|l|☆notargentsoul
|player|p2|
|c|☆pikaragedd|gg
|l|☆pikaragedd
|player|p1|
