|j|☆YumeKasumi76
|j|☆Lezhaper
|t:|1760354616
|gametype|singles
|player|p1|YumeKasumi76|102|1231
|player|p2|Lezhaper|skyla|1179
|gen|9
|tier|[Gen 9] OU
|rated|
|rule|HP Percentage Mod: HP is shown in percentages
|rule|Endless Battle Clause: Forcing endless battles is banned
|rule|Species Clause: Limit one of each Pokémon
|rule|OHKO Clause: OHKO moves are banned
|rule|Evasion Items Clause: Evasion items are banned
|rule|Evasion Moves Clause: Evasion moves are banned
|rule|Evasion Abilities Clause: Evasion abilities are banned
|rule|Sleep Moves Clause: Sleep-inducing moves are banned
|clearpoke
|poke|p1|Heracross, M|
|poke|p1|Latias, F|
|poke|p1|Honchkrow, M|
|poke|p1|Heatran, M|
|poke|p1|Brambleghast, M|
|poke|p1|Suicune|
|poke|p2|Moltres-Galar|
|poke|p2|Corviknight, M|
|poke|p2|Garchomp, F|
|poke|p2|Galvantula, M|
|poke|p2|Weezing-Galar, M|
|poke|p2|Lycanroc-Dusk, F|
|teampreview
|
|t:|1760354628
|teamsize|p1|6
|teamsize|p2|6
|start
|switch|p1a: Purifier|Suicune|100/100
|switch|p2a: Garchomp|Garchomp, F|100/100
|-ability|p1a: Purifier|Pressure
|turn|1
|inactive|Battle timer is ON: inactive players will automatically lose when time's up. (requested by YumeKasumi76)
|
|t:|1760354637
|switch|p2a: Moltres|Moltres-Galar|100/100
|move|p1a: Purifier|Scald|p2a: Moltres
|-damage|p2a: Moltres|81/100
|
|upkeep
|turn|2
|
|t:|1760354646
|move|p2a: Moltres|Nasty Plot|p2a: Moltres
|-boost|p2a: Moltres|spa|2
|move|p1a: Purifier|Roar|p2a: Moltres
|drag|p2a: Garchomp|Garchomp, F|100/100
|
|upkeep
|turn|3
|
|t:|1760354654
|switch|p2a: Moltres|Moltres-Galar|81/100
|move|p1a: Purifier|Scald|p2a: Moltres
|-damage|p2a: Moltres|62/100
|-status|p2a: Moltres|brn
|
|-damage|p2a: Moltres|56/100 brn|[from] brn
|upkeep
|turn|4
|
|t:|1760354664
|move|p2a: Moltres|Dark Pulse|p1a: Purifier
|-damage|p1a: Purifier|73/100
|move|p1a: Purifier|Roar|p2a: Moltres
|drag|p2a: Galvantula|Galvantula, M|100/100
|-item|p2a: Galvantula|Air Balloon
|
|-heal|p1a: Purifier|80/100|[from] item: Leftovers
|upkeep
|turn|5
|
|t:|1760354668
|switch|p1a: MapoTofu|Heatran, M|100/100
|move|p2a: Galvantula|Thunder|p1a: MapoTofu
|-damage|p1a: MapoTofu|62/100
|
|-heal|p1a: MapoTofu|68/100|[from] item: Leftovers
|upkeep
|turn|6
|
|t:|1760354673
|move|p2a: Galvantula|Volt Switch|p1a: MapoTofu
|-damage|p1a: MapoTofu|44/100
|
|t:|1760354678
|switch|p2a: Garchomp|Garchomp, F|100/100|[from] Volt Switch
|move|p1a: MapoTofu|Stealth Rock|p2a: Garchomp
|-sidestart|p2: Lezhaper|move: Stealth Rock
|
|-heal|p1a: MapoTofu|50/100|[from] item: Leftovers
|upkeep
|turn|7
|
|t:|1760354687
|switch|p1a: Shinetori|Honchkrow, M|100/100
|move|p2a: Garchomp|Stealth Rock|p1a: Shinetori
|-sidestart|p1: YumeKasumi76|move: Stealth Rock
|
|upkeep
|turn|8
|
|t:|1760354698
|move|p1a: Shinetori|Brave Bird|p2a: Garchomp
|-damage|p2a: Garchomp|29/100
|-damage|p1a: Shinetori|88/100|[from] ability: Rough Skin|[of] p2a: Garchomp
|-damage|p1a: Shinetori|72/100|[from] item: Rocky Helmet|[of] p2a: Garchomp
|-damage|p1a: Shinetori|47/100|[from] Recoil
|-damage|p1a: Shinetori|37/100|[from] item: Life Orb
|move|p2a: Garchomp|Spikes|p1a: Shinetori
|-sidestart|p1: YumeKasumi76|Spikes
|
|upkeep
|turn|9
|
|t:|1760354713
|switch|p2a: Corviknight|Corviknight, M|100/100
|-damage|p2a: Corviknight|88/100|[from] Stealth Rock
|move|p1a: Shinetori|Tailwind|p1a: Shinetori
|-sidestart|p1: YumeKasumi76|move: Tailwind
|
|-heal|p2a: Corviknight|94/100|[from] item: Leftovers
|upkeep
|turn|10
|
|t:|1760354722
|move|p1a: Shinetori|Heat Wave|p2a: Corviknight
|-supereffective|p2a: Corviknight
|-damage|p2a: Corviknight|20/100
|-damage|p1a: Shinetori|27/100|[from] item: Life Orb
|move|p2a: Corviknight|Iron Defense|p2a: Corviknight
|-boost|p2a: Corviknight|def|2
|
|-heal|p2a: Corviknight|26/100|[from] item: Leftovers
|upkeep
|turn|11
|
|t:|1760354731
|switch|p2a: Weezing|Weezing-Galar, M|100/100
|-ability|p2a: Weezing|Neutralizing Gas
|-damage|p2a: Weezing|88/100|[from] Stealth Rock
|move|p1a: Shinetori|Heat Wave|p2a: Weezing
|-damage|p2a: Weezing|53/100
|-damage|p1a: Shinetori|17/100|[from] item: Life Orb
|
|-heal|p2a: Weezing|59/100|[from] item: Leftovers
|upkeep
|turn|12
|
|t:|1760354744
|move|p1a: Shinetori|Brave Bird|p2a: Weezing
|-damage|p2a: Weezing|0 fnt
|faint|p2a: Weezing
|-end|p2a: Weezing|ability: Neutralizing Gas
|-ability|p1a: Shinetori|Moxie|boost
|-boost|p1a: Shinetori|atk|1
|-damage|p1a: Shinetori|2/100|[from] Recoil
|-damage|p1a: Shinetori|0 fnt|[from] item: Life Orb
|faint|p1a: Shinetori
|
|-sideend|p1: YumeKasumi76|move: Tailwind
|upkeep
|
|t:|1760354759
|switch|p1a: Bianca|Latias, F|100/100
|switch|p2a: Garchomp|Garchomp, F|29/100
|-damage|p1a: Bianca|88/100|[from] Stealth Rock
|-damage|p2a: Garchomp|22/100|[from] Stealth Rock
|turn|13
|
|t:|1760354769
|move|p1a: Bianca|Draco Meteor|p2a: Garchomp|[miss]
|-miss|p1a: Bianca|p2a: Garchomp
|move|p2a: Garchomp|Iron Head|p1a: Bianca
|-damage|p1a: Bianca|64/100
|
|upkeep
|turn|14
|
|t:|1760354781
|move|p1a: Bianca|Draco Meteor|p2a: Garchomp
|-supereffective|p2a: Garchomp
|-damage|p2a: Garchomp|0 fnt
|-unboost|p1a: Bianca|spa|2
|faint|p2a: Garchomp
|-enditem|p1a: Bianca|Eject Pack
|
|t:|1760354804
|switch|p1a: Purifier|Suicune|80/100
|-damage|p1a: Purifier|67/100|[from] Stealth Rock
|-damage|p1a: Purifier|55/100|[from] Spikes
|-ability|p1a: Purifier|Pressure
|
|-heal|p1a: Purifier|61/100|[from] item: Leftovers
|upkeep
|
|t:|1760354808
|switch|p2a: Galvantula|Galvantula, M|100/100
|-damage|p2a: Galvantula|76/100|[from] Stealth Rock
|-item|p2a: Galvantula|Air Balloon
|turn|15
|
|t:|1760354823
|move|p2a: Galvantula|Volt Switch|p1a: Purifier
|-supereffective|p1a: Purifier
|-damage|p1a: Purifier|14/100
|
|t:|1760354828
|switch|p2a: Corviknight|Corviknight, M|26/100|[from] Volt Switch
|-damage|p2a: Corviknight|14/100|[from] Stealth Rock
|move|p1a: Purifier|Tailwind|p1a: Purifier
|-sidestart|p1: YumeKasumi76|move: Tailwind
|
|-heal|p1a: Purifier|21/100|[from] item: Leftovers
|-heal|p2a: Corviknight|20/100|[from] item: Leftovers
|upkeep
|turn|16
|
|t:|1760354837
|move|p1a: Purifier|Scald|p2a: Corviknight
|-damage|p2a: Corviknight|0 fnt
|faint|p2a: Corviknight
|
|-heal|p1a: Purifier|27/100|[from] item: Leftovers
|upkeep
|
|t:|1760354840
|switch|p2a: Moltres|Moltres-Galar|56/100 brn
|-damage|p2a: Moltres|31/100 brn|[from] Stealth Rock
|-enditem|p2a: Moltres|Sitrus Berry|[eat]
|-heal|p2a: Moltres|56/100 brn|[from] item: Sitrus Berry
|turn|17
|
|t:|1760354844
|move|p2a: Moltres|Dark Pulse|p1a: Purifier
|-damage|p1a: Purifier|0 fnt
|faint|p1a: Purifier
|
|-damage|p2a: Moltres|49/100 brn|[from] brn
|upkeep
|
|t:|1760354858
|switch|p1a: BigKusa|Brambleghast, M|100/100
|-ability|p1a: BigKusa|Wind Rider|boost
|-boost|p1a: BigKusa|atk|1
|turn|18
|
|t:|1760354862
|move|p1a: BigKusa|Rapid Spin|p2a: Moltres
|-damage|p2a: Moltres|18/100 brn
|-boost|p1a: BigKusa|spe|1
|-sideend|p1: YumeKasumi76|Spikes|[from] move: Rapid Spin|[of] p1a: BigKusa
|-sideend|p1: YumeKasumi76|Stealth Rock|[from] move: Rapid Spin|[of] p1a: BigKusa
|move|p2a: Moltres|Air Slash|p1a: BigKusa
|-supereffective|p1a: BigKusa
|-damage|p1a: BigKusa|0 fnt
|faint|p1a: BigKusa
|
|-damage|p2a: Moltres|12/100 brn|[from] brn
|-sideend|p1: YumeKasumi76|move: Tailwind
|upkeep
|
|t:|1760354870
|switch|p1a: Bianca|Latias, F|64/100
|turn|19
|
|t:|1760354877
|move|p1a: Bianca|Tailwind|p1a: Bianca
|-sidestart|p1: YumeKasumi76|move: Tailwind
|move|p2a: Moltres|Tailwind|p2a: Moltres
|-sidestart|p2: Lezhaper|move: Tailwind
|
|-damage|p2a: Moltres|6/100 brn|[from] brn
|upkeep
|turn|20
|
|t:|1760354885
|move|p1a: Bianca|Draco Meteor|p2a: Moltres
|-damage|p2a: Moltres|0 fnt
|-unboost|p1a: Bianca|spa|2
|faint|p2a: Moltres
|
|upkeep
|
|t:|1760354891
|switch|p2a: Galvantula|Galvantula, M|76/100
|-damage|p2a: Galvantula|51/100|[from] Stealth Rock
|-item|p2a: Galvantula|Air Balloon
|turn|21
|
|t:|1760354896
|move|p2a: Galvantula|Bug Buzz|p1a: Bianca
|-supereffective|p1a: Bianca
|-damage|p1a: Bianca|5/100
|move|p1a: Bianca|Healing Wish|p1a: Bianca
|faint|p1a: Bianca
|
|upkeep
|
|t:|1760354903
|switch|p1a: MapoTofu|Heatran, M|50/100
|-heal|p1a: MapoTofu|100/100|[from] move: Healing Wish
|turn|22
|
|t:|1760354907
|move|p2a: Galvantula|Thunder|p1a: MapoTofu
|-damage|p1a: MapoTofu|64/100
|move|p1a: MapoTofu|Magma Storm|p2a: Galvantula
|-supereffective|p2a: Galvantula
|-damage|p2a: Galvantula|0 fnt
|-enditem|p2a: Galvantula|Air Balloon
|faint|p2a: Galvantula
|
|-heal|p1a: MapoTofu|70/100|[from] item: Leftovers
|-sideend|p1: YumeKasumi76|move: Tailwind
|-sideend|p2: Lezhaper|move: Tailwind
|upkeep
|
|t:|1760354913
|switch|p2a: Lycanroc|Lycanroc-Dusk, F|100/100
|-damage|p2a: Lycanroc|88/100|[from] Stealth Rock
|turn|23
|
|t:|1760354917
|-terastallize|p1a: MapoTofu|Ghost
|move|p2a: Lycanroc|Drill Run|p1a: MapoTofu
|-damage|p1a: MapoTofu|37/100
|move|p1a: MapoTofu|Steel Beam|p2a: Lycanroc
|-supereffective|p2a: Lycanroc
|-damage|p2a: Lycanroc|0 fnt
|-damage|p1a: MapoTofu|0 fnt|[from] steelbeam
|faint|p1a: MapoTofu
|faint|p2a: Lycanroc
|
|win|YumeKasumi76
|raw|YumeKasumi76's rating: 1231 &rarr; <strong>1252</strong><br />(+21 for winning)
|raw|Lezhaper's rating: 1179 &rarr; <strong>1158</strong><br />(-21 for losing)
|l|☆Lezhaper
|player|p2|
