|j|☆nw loader
|j|☆ThiefYT
|t:|1760328206
|gametype|singles
|player|p1|nw loader|rocketgrunt|1168
|player|p2|ThiefYT|dawn|1194
|gen|9
|tier|[Gen 9] OU
|rated|
|rule|HP Percentage Mod: HP is shown in percentages
|rule|Endless Battle Clause: Forcing endless battles is banned
|rule|Species Clause: Limit one of each Pokémon
|rule|OHKO Clause: OHKO moves are banned
|rule|Evasion Items Clause: Evasion items are banned
|rule|Evasion Moves Clause: Evasion moves are banned
|rule|Evasion Abilities Clause: Evasion abilities are banned
|rule|Sleep Moves Clause: Sleep-inducing moves are banned
|clearpoke
|poke|p1|Corviknight, F|
|poke|p1|Excadrill, F|
|poke|p1|Tyranitar, M|
|poke|p1|Dachsbun, M|
|poke|p1|Clodsire, F|
|poke|p1|Gholdengo|
|poke|p2|Latias, F|
|poke|p2|Uxie|
|teampreview
|
|t:|1760328211
|teamsize|p1|6
|teamsize|p2|2
|start
|switch|p1a: Tyranitar|Tyranitar, M|100/100
|switch|p2a: Uxie|Uxie|100/100
|-weather|Sandstorm|[from] ability: Sand Stream|[of] p1a: Tyranitar
|turn|1
|c|☆ThiefYT|lol at least this time the first team isn’t a hard counter
|
|t:|1760328226
|move|p2a: Uxie|Reflect|p2a: Uxie
|-sidestart|p2: ThiefYT|Reflect
|move|p1a: Tyranitar|Knock Off|p2a: Uxie
|-supereffective|p2a: Uxie
|-damage|p2a: Uxie|59/100
|-enditem|p2a: Uxie|Light Clay|[from] move: Knock Off|[of] p1a: Tyranitar
|
|-weather|Sandstorm|[upkeep]
|-damage|p2a: Uxie|52/100|[from] Sandstorm
|upkeep
|turn|2
|
|t:|1760328236
|move|p2a: Uxie|Stealth Rock|p1a: Tyranitar
|-sidestart|p1: nw loader|move: Stealth Rock
|move|p1a: Tyranitar|Knock Off|p2a: Uxie
|-supereffective|p2a: Uxie
|-damage|p2a: Uxie|26/100
|
|-weather|Sandstorm|[upkeep]
|-damage|p2a: Uxie|20/100|[from] Sandstorm
|upkeep
|turn|3
|
|t:|1760328245
|move|p2a: Uxie|Memento|p1a: Tyranitar
|-unboost|p1a: Tyranitar|atk|2
|-unboost|p1a: Tyranitar|spa|2
|faint|p2a: Uxie
|move|p1a: Tyranitar|Knock Off|p2: Uxie|[notarget]
|-fail|p1a: Tyranitar
|
|-weather|Sandstorm|[upkeep]
|upkeep
|
|t:|1760328253
|switch|p2a: Latias|Latias, F|100/100
|turn|4
|
|t:|1760328258
|switch|p1a: Gholdengo|Gholdengo|100/100
|-damage|p1a: Gholdengo|94/100|[from] Stealth Rock
|move|p2a: Latias|Agility|p2a: Latias
|-boost|p2a: Latias|spe|2
|
|-weather|Sandstorm|[upkeep]
|-damage|p2a: Latias|94/100|[from] Sandstorm
|upkeep
|turn|5
|
|t:|1760328269
|move|p2a: Latias|Shadow Ball|p1a: Gholdengo
|-supereffective|p1a: Gholdengo
|-damage|p1a: Gholdengo|59/100
|-unboost|p1a: Gholdengo|spd|1
|move|p1a: Gholdengo|Shadow Ball|p2a: Latias
|-supereffective|p2a: Latias
|-damage|p2a: Latias|19/100
|-enditem|p2a: Latias|Weakness Policy
|-boost|p2a: Latias|atk|2|[from] item: Weakness Policy
|-boost|p2a: Latias|spa|2|[from] item: Weakness Policy
|
|-weather|Sandstorm|[upkeep]
|-damage|p2a: Latias|13/100|[from] Sandstorm
|upkeep
|turn|6
|
|t:|1760328283
|move|p2a: Latias|Shadow Ball|p1a: Gholdengo
|-supereffective|p1a: Gholdengo
|-damage|p1a: Gholdengo|0 fnt
|faint|p1a: Gholdengo
|
|-weather|Sandstorm|[upkeep]
|-damage|p2a: Latias|6/100|[from] Sandstorm
|upkeep
|
|t:|1760328294
|switch|p1a: Excadrill|Excadrill, F|100/100
|-damage|p1a: Excadrill|97/100|[from] Stealth Rock
|-item|p1a: Excadrill|Air Balloon
|turn|7
|
|t:|1760328300
|-terastallize|p2a: Latias|Steel
|move|p2a: Latias|Draining Kiss|p1a: Excadrill
|-resisted|p1a: Excadrill
|-damage|p1a: Excadrill|75/100
|-heal|p2a: Latias|25/100|[from] drain|[of] p1a: Excadrill
|-enditem|p1a: Excadrill|Air Balloon
|move|p1a: Excadrill|Rapid Spin|p2a: Latias
|-resisted|p2a: Latias
|-damage|p2a: Latias|19/100
|-boost|p1a: Excadrill|spe|1
|-sideend|p1: nw loader|Stealth Rock|[from] move: Rapid Spin|[of] p1a: Excadrill
|
|-weather|Sandstorm|[upkeep]
|upkeep
|turn|8
|inactive|Battle timer is ON: inactive players will automatically lose when time's up. (requested by ThiefYT)
|
|t:|1760328320
|move|p1a: Excadrill|Earthquake|p2a: Latias
|-immune|p2a: Latias|[from] ability: Levitate
|move|p2a: Latias|Draining Kiss|p1a: Excadrill
|-resisted|p1a: Excadrill
|-damage|p1a: Excadrill|53/100
|-heal|p2a: Latias|37/100|[from] drain|[of] p1a: Excadrill
|
|-weather|none
|-sideend|p2: ThiefYT|Reflect
|upkeep
|turn|9
|
|t:|1760328330
|move|p2a: Latias|Draining Kiss|p1a: Excadrill
|-resisted|p1a: Excadrill
|-damage|p1a: Excadrill|29/100
|-heal|p2a: Latias|56/100|[from] drain|[of] p1a: Excadrill
|move|p1a: Excadrill|Rapid Spin|p2a: Latias
|-resisted|p2a: Latias
|-damage|p2a: Latias|45/100
|-boost|p1a: Excadrill|spe|1
|
|upkeep
|turn|10
|
|t:|1760328343
|move|p2a: Latias|Draining Kiss|p1a: Excadrill
|-resisted|p1a: Excadrill
|-damage|p1a: Excadrill|9/100
|-heal|p2a: Latias|61/100|[from] drain|[of] p1a: Excadrill
|move|p1a: Excadrill|Iron Head|p2a: Latias
|-resisted|p2a: Latias
|-damage|p2a: Latias|34/100
|
|upkeep
|turn|11
|
|t:|1760328361
|switch|p1a: Dachsbun|Dachsbun, M|100/100
|move|p2a: Latias|Draining Kiss|p1a: Dachsbun
|-damage|p1a: Dachsbun|58/100
|-heal|p2a: Latias|64/100|[from] drain|[of] p1a: Dachsbun
|
|-heal|p1a: Dachsbun|64/100|[from] item: Leftovers
|upkeep
|turn|12
|
|t:|1760328372
|-terastallize|p1a: Dachsbun|Ground
|move|p2a: Latias|Draining Kiss|p1a: Dachsbun
|-damage|p1a: Dachsbun|22/100
|-heal|p2a: Latias|94/100|[from] drain|[of] p1a: Dachsbun
|move|p1a: Dachsbun|Body Press|p2a: Latias
|-supereffective|p2a: Latias
|-damage|p2a: Latias|48/100
|
|-heal|p1a: Dachsbun|28/100|[from] item: Leftovers
|upkeep
|turn|13
|
|t:|1760328385
|move|p2a: Latias|Draining Kiss|p1a: Dachsbun
|-damage|p1a: Dachsbun|0 fnt
|-heal|p2a: Latias|67/100|[from] drain|[of] p1a: Dachsbun
|faint|p1a: Dachsbun
|
|upkeep
|
|t:|1760328392
|switch|p1a: Tyranitar|Tyranitar, M|100/100
|-weather|Sandstorm|[from] ability: Sand Stream|[of] p1a: Tyranitar
|turn|14
|
|t:|1760328398
|move|p2a: Latias|Draining Kiss|p1a: Tyranitar
|-supereffective|p1a: Tyranitar
|-damage|p1a: Tyranitar|68/100
|-heal|p2a: Latias|97/100|[from] drain|[of] p1a: Tyranitar
|move|p1a: Tyranitar|Rock Slide|p2a: Latias|[miss]
|-miss|p1a: Tyranitar|p2a: Latias
|
|-weather|Sandstorm|[upkeep]
|upkeep
|turn|15
|
|t:|1760328409
|switch|p1a: Corviknight|Corviknight, F|100/100
|move|p2a: Latias|Draining Kiss|p1a: Corviknight
|-resisted|p1a: Corviknight
|-damage|p1a: Corviknight|85/100
|-heal|p2a: Latias|100/100|[from] drain|[of] p1a: Corviknight
|-damage|p2a: Latias|84/100|[from] item: Rocky Helmet|[of] p1a: Corviknight
|
|-weather|Sandstorm|[upkeep]
|upkeep
|turn|16
|
|t:|1760328422
|move|p2a: Latias|Stored Power|p1a: Corviknight
|-resisted|p1a: Corviknight
|-damage|p1a: Corviknight|18/100
|move|p1a: Corviknight|Brave Bird|p2a: Latias
|-resisted|p2a: Latias
|-damage|p2a: Latias|64/100
|-damage|p1a: Corviknight|13/100|[from] Recoil
|
|-weather|Sandstorm|[upkeep]
|upkeep
|turn|17
|
|t:|1760328433
|move|p2a: Latias|Stored Power|p1a: Corviknight
|-resisted|p1a: Corviknight
|-damage|p1a: Corviknight|0 fnt
|faint|p1a: Corviknight
|
|-weather|Sandstorm|[upkeep]
|upkeep
|
|t:|1760328440
|switch|p1a: Excadrill|Excadrill, F|9/100
|turn|18
|
|t:|1760328444
|move|p2a: Latias|Draining Kiss|p1a: Excadrill
|-resisted|p1a: Excadrill
|-crit|p1a: Excadrill
|-damage|p1a: Excadrill|0 fnt
|-heal|p2a: Latias|70/100|[from] drain|[of] p1a: Excadrill
|faint|p1a: Excadrill
|
|-weather|Sandstorm|[upkeep]
|upkeep
|c|☆ThiefYT|Ggs
|l|☆nw loader
|inactive|nw loader disconnected and has a minute to reconnect!
|player|p1|
|inactive|nw loader has 30 seconds to reconnect!
|inactive|nw loader has 20 seconds to reconnect!
|inactive|nw loader has 15 seconds to reconnect!
|inactive|nw loader has 10 seconds to reconnect!
|inactive|nw loader has 5 seconds to reconnect!
|-message|nw loader lost due to inactivity.
|
|win|ThiefYT
|raw|nw loader's rating: 1168 &rarr; <strong>1145</strong><br />(-23 for losing)
|raw|ThiefYT's rating: 1194 &rarr; <strong>1217</strong><br />(+23 for winning)
|l|☆ThiefYT
|player|p2|
