|j|☆Chief_Ironside
|j|☆C0nway
|t:|1760333344
|gametype|singles
|player|p1|Chief_Ironside|skier|1442
|player|p2|C0nway|eusine|1457
|gen|9
|tier|[Gen 9] OU
|rated|
|rule|HP Percentage Mod: HP is shown in percentages
|rule|Endless Battle Clause: Forcing endless battles is banned
|rule|Species Clause: Limit one of each Pokémon
|rule|OHKO Clause: OHKO moves are banned
|rule|Evasion Items Clause: Evasion items are banned
|rule|Evasion Moves Clause: Evasion moves are banned
|rule|Evasion Abilities Clause: Evasion abilities are banned
|rule|Sleep Moves Clause: Sleep-inducing moves are banned
|clearpoke
|poke|p1|Salamence, F|
|poke|p1|Okidogi, M|
|poke|p1|Great Tusk|
|poke|p1|Gholdengo|
|poke|p1|Greninja-*, M|
|poke|p1|Ogerpon-Wellspring, F|
|poke|p2|Walking Wake|
|poke|p2|Torkoal, M|
|poke|p2|Cinderace, M|
|poke|p2|Hatterene, F|
|poke|p2|Iron Valiant|
|poke|p2|Kingambit, M|
|teampreview
|inactive|Battle timer is ON: inactive players will automatically lose when time's up. (requested by Chief_Ironside)
|
|t:|1760333353
|teamsize|p1|6
|teamsize|p2|6
|start
|switch|p1a: Ogerpon|Ogerpon-Wellspring, F|100/100
|switch|p2a: Cinderace|Cinderace, M|100/100
|turn|1
|
|t:|1760333361
|move|p2a: Cinderace|Will-O-Wisp|p1a: Ogerpon|[miss]
|-miss|p2a: Cinderace|p1a: Ogerpon
|move|p1a: Ogerpon|Knock Off|p2a: Cinderace
|-damage|p2a: Cinderace|55/100
|-enditem|p2a: Cinderace|Heavy-Duty Boots|[from] move: Knock Off|[of] p1a: Ogerpon
|
|upkeep
|turn|2
|
|t:|1760333367
|switch|p1a: Gholdengo|Gholdengo|100/100
|move|p2a: Cinderace|Will-O-Wisp|p1a: Gholdengo
|-immune|p1a: Gholdengo|[from] ability: Good as Gold
|
|upkeep
|turn|3
|
|t:|1760333371
|switch|p1a: Greninja|Greninja, M|100/100
|move|p2a: Cinderace|Pyro Ball|p1a: Greninja
|-resisted|p1a: Greninja
|-damage|p1a: Greninja|58/100
|
|upkeep
|turn|4
|
|t:|1760333381
|switch|p2a: Hatterene|Hatterene, F|100/100
|move|p1a: Greninja|Hydro Pump|p2a: Hatterene
|-damage|p2a: Hatterene|63/100
|-damage|p1a: Greninja|49/100|[from] item: Life Orb
|
|upkeep
|turn|5
|
|t:|1760333396
|switch|p1a: Gholdengo|Gholdengo|100/100
|move|p2a: Hatterene|Mystical Fire|p1a: Gholdengo
|-supereffective|p1a: Gholdengo
|-damage|p1a: Gholdengo|35/100
|-unboost|p1a: Gholdengo|spa|1
|
|upkeep
|turn|6
|
|t:|1760333404
|move|p1a: Gholdengo|Make It Rain|p2a: Hatterene
|-supereffective|p2a: Hatterene
|-damage|p2a: Hatterene|0 fnt
|-unboost|p1a: Gholdengo|spa|1
|faint|p2a: Hatterene
|
|upkeep
|
|t:|1760333423
|switch|p2a: Torkoal|Torkoal, M|100/100
|-weather|SunnyDay|[from] ability: Drought|[of] p2a: Torkoal
|turn|7
|
|t:|1760333432
|switch|p1a: Salamence|Salamence, F|100/100
|move|p2a: Torkoal|Lava Plume|p1a: Salamence
|-resisted|p1a: Salamence
|-damage|p1a: Salamence|79/100
|
|-weather|SunnyDay|[upkeep]
|-heal|p1a: Salamence|85/100|[from] item: Leftovers
|upkeep
|turn|8
|
|t:|1760333443
|-terastallize|p2a: Torkoal|Flying
|move|p1a: Salamence|Substitute|p1a: Salamence
|-start|p1a: Salamence|Substitute
|-damage|p1a: Salamence|60/100
|move|p2a: Torkoal|Will-O-Wisp|p1a: Salamence|[miss]
|-miss|p2a: Torkoal|p1a: Salamence
|
|-weather|SunnyDay|[upkeep]
|-heal|p1a: Salamence|66/100|[from] item: Leftovers
|upkeep
|turn|9
|
|t:|1760333454
|move|p1a: Salamence|Dragon Dance|p1a: Salamence
|-boost|p1a: Salamence|atk|1
|-boost|p1a: Salamence|spe|1
|move|p2a: Torkoal|Lava Plume|p1a: Salamence
|-resisted|p1a: Salamence
|-activate|p1a: Salamence|move: Substitute|[damage]
|
|-weather|SunnyDay|[upkeep]
|-heal|p1a: Salamence|72/100|[from] item: Leftovers
|upkeep
|turn|10
|
|t:|1760333470
|switch|p2a: Iron Valiant|Iron Valiant|100/100
|-enditem|p2a: Iron Valiant|Booster Energy
|-activate|p2a: Iron Valiant|ability: Quark Drive|[fromitem]
|-start|p2a: Iron Valiant|quarkdrivespe
|move|p1a: Salamence|Dragon Dance|p1a: Salamence
|-boost|p1a: Salamence|atk|1
|-boost|p1a: Salamence|spe|1
|
|-weather|SunnyDay|[upkeep]
|-heal|p1a: Salamence|78/100|[from] item: Leftovers
|upkeep
|turn|11
|
|t:|1760333476
|-terastallize|p1a: Salamence|Flying
|move|p1a: Salamence|Tera Blast|p2a: Iron Valiant|[anim] Tera Blast Flying
|-supereffective|p2a: Iron Valiant
|-damage|p2a: Iron Valiant|0 fnt
|faint|p2a: Iron Valiant
|-end|p2a: Iron Valiant|Quark Drive|[silent]
|-ability|p1a: Salamence|Moxie|boost
|-boost|p1a: Salamence|atk|1
|
|-weather|SunnyDay|[upkeep]
|-heal|p1a: Salamence|84/100|[from] item: Leftovers
|upkeep
|
|t:|1760333485
|switch|p2a: Walking Wake|Walking Wake|100/100
|-activate|p2a: Walking Wake|ability: Protosynthesis
|-start|p2a: Walking Wake|protosynthesisspe
|turn|12
|
|t:|1760333489
|move|p1a: Salamence|Outrage|p2a: Walking Wake
|-supereffective|p2a: Walking Wake
|-damage|p2a: Walking Wake|0 fnt
|faint|p2a: Walking Wake
|-end|p2a: Walking Wake|Protosynthesis|[silent]
|-ability|p1a: Salamence|Moxie|boost
|-boost|p1a: Salamence|atk|1
|
|-weather|SunnyDay|[upkeep]
|-heal|p1a: Salamence|90/100|[from] item: Leftovers
|upkeep
|
|t:|1760333493
|switch|p2a: Kingambit|Kingambit, M|100/100
|-activate|p2a: Kingambit|ability: Supreme Overlord
|-start|p2a: Kingambit|fallen3|[silent]
|turn|13
|
|t:|1760333498
|move|p1a: Salamence|Outrage|p2a: Kingambit|[from] lockedmove
|-resisted|p2a: Kingambit
|-damage|p2a: Kingambit|24/100
|move|p2a: Kingambit|Iron Head|p1a: Salamence
|-end|p1a: Salamence|Substitute
|
|-weather|SunnyDay|[upkeep]
|-heal|p1a: Salamence|96/100|[from] item: Leftovers
|-heal|p2a: Kingambit|30/100|[from] item: Leftovers
|upkeep
|turn|14
|
|t:|1760333503
|move|p2a: Kingambit|Sucker Punch|p1a: Salamence
|-damage|p1a: Salamence|29/100
|move|p1a: Salamence|Outrage|p2a: Kingambit|[from] lockedmove
|-resisted|p2a: Kingambit
|-damage|p2a: Kingambit|0 fnt
|faint|p2a: Kingambit
|-end|p2a: Kingambit|fallen3|[silent]
|-ability|p1a: Salamence|Moxie|boost
|-boost|p1a: Salamence|atk|1
|-start|p1a: Salamence|confusion|[fatigue]
|
|-weather|none
|-heal|p1a: Salamence|35/100|[from] item: Leftovers
|upkeep
|
|t:|1760333509
|switch|p2a: Torkoal|Torkoal, M, tera:Flying|100/100
|-weather|SunnyDay|[from] ability: Drought|[of] p2a: Torkoal
|turn|15
|
|t:|1760333512
|-activate|p1a: Salamence|confusion
|move|p1a: Salamence|Tera Blast|p2a: Torkoal|[anim] Tera Blast Flying
|-damage|p2a: Torkoal|0 fnt
|faint|p2a: Torkoal
|-ability|p1a: Salamence|Moxie|boost
|-boost|p1a: Salamence|atk|1
|
|-weather|SunnyDay|[upkeep]
|-heal|p1a: Salamence|41/100|[from] item: Leftovers
|upkeep
|
|t:|1760333515
|switch|p2a: Cinderace|Cinderace, M|55/100
|turn|16
|
|t:|1760333518
|-activate|p1a: Salamence|confusion
|move|p1a: Salamence|Tera Blast|p2a: Cinderace|[anim] Tera Blast Flying
|-damage|p2a: Cinderace|0 fnt
|faint|p2a: Cinderace
|
|win|Chief_Ironside
|raw|Chief_Ironside's rating: 1442 &rarr; <strong>1463</strong><br />(+21 for winning)
|raw|C0nway's rating: 1457 &rarr; <strong>1436</strong><br />(-21 for losing)
|l|☆C0nway
|player|p2|
|l|☆Chief_Ironside
|player|p1|
