|j|‽ToonDR
|j|☆luca1996
|t:|1760459604
|gametype|singles
|player|p1|ToonDR|170|1214
|player|p2|luca1996|boarder|1278
|gen|9
|tier|[Gen 9] OU
|rated|
|rule|HP Percentage Mod: HP is shown in percentages
|rule|Endless Battle Clause: Forcing endless battles is banned
|rule|Species Clause: Limit one of each Pokémon
|rule|OHKO Clause: OHKO moves are banned
|rule|Evasion Items Clause: Evasion items are banned
|rule|Evasion Moves Clause: Evasion moves are banned
|rule|Evasion Abilities Clause: Evasion abilities are banned
|rule|Sleep Moves Clause: Sleep-inducing moves are banned
|clearpoke
|poke|p1|Tyranitar, F|
|poke|p1|Excadrill, F|
|poke|p1|Kingambit, F|
|poke|p1|Garchomp, M|
|poke|p1|Pecharunt|
|poke|p1|Rotom-Wash|
|poke|p2|Goodra, F|
|poke|p2|Snorlax, F|
|poke|p2|Primarina, F|
|poke|p2|Cinderace, F|
|poke|p2|Primeape, M|
|poke|p2|Iron Jugulis|
|teampreview
|inactive|Battle timer is ON: inactive players will automatically lose when time's up. (requested by luca1996)
|
|t:|1760459625
|teamsize|p1|6
|teamsize|p2|6
|start
|switch|p1a: Rotom|Rotom-Wash|100/100
|switch|p2a: Iron Jugulis|Iron Jugulis|100/100
|turn|1
|
|t:|1760459634
|move|p2a: Iron Jugulis|Dark Pulse|p1a: Rotom
|-damage|p1a: Rotom|56/100
|move|p1a: Rotom|Volt Switch|p2a: Iron Jugulis
|-supereffective|p2a: Iron Jugulis
|-damage|p2a: Iron Jugulis|35/100
|
|t:|1760459641
|switch|p1a: Tyranitar|Tyranitar, F|100/100|[from] Volt Switch
|-weather|Sandstorm|[from] ability: Sand Stream|[of] p1a: Tyranitar
|
|-weather|Sandstorm|[upkeep]
|-damage|p2a: Iron Jugulis|29/100|[from] Sandstorm
|upkeep
|turn|2
|inactive|luca1996 has 120 seconds left.
|inactive|luca1996 has 90 seconds left.
|
|t:|1760459709
|move|p2a: Iron Jugulis|Meteor Beam||[still]
|-prepare|p2a: Iron Jugulis|Meteor Beam
|-boost|p2a: Iron Jugulis|spa|1
|-enditem|p2a: Iron Jugulis|Power Herb
|-anim|p2a: Iron Jugulis|Meteor Beam|p1a: Tyranitar
|-damage|p1a: Tyranitar|74/100
|move|p1a: Tyranitar|Ice Beam|p2a: Iron Jugulis
|-supereffective|p2a: Iron Jugulis
|-damage|p2a: Iron Jugulis|0 fnt
|faint|p2a: Iron Jugulis
|-end|p2a: Iron Jugulis|Quark Drive|[silent]
|
|-weather|Sandstorm|[upkeep]
|upkeep
|inactive|luca1996 has 60 seconds left.
|
|t:|1760459747
|switch|p2a: Primeape|Primeape, M|100/100
|turn|3
|
|t:|1760459751
|move|p2a: Primeape|Bulk Up|p2a: Primeape
|-boost|p2a: Primeape|atk|1
|-boost|p2a: Primeape|def|1
|move|p1a: Tyranitar|Thunder Wave|p2a: Primeape
|-status|p2a: Primeape|par
|
|-weather|Sandstorm|[upkeep]
|-damage|p2a: Primeape|95/100 par|[from] Sandstorm
|upkeep
|turn|4
|
|t:|1760459756
|move|p1a: Tyranitar|Knock Off|p2a: Primeape
|-resisted|p2a: Primeape
|-damage|p2a: Primeape|80/100 par
|-enditem|p2a: Primeape|Eviolite|[from] move: Knock Off|[of] p1a: Tyranitar
|move|p2a: Primeape|Drain Punch|p1a: Tyranitar
|-supereffective|p1a: Tyranitar
|-damage|p1a: Tyranitar|0 fnt
|-heal|p2a: Primeape|100/100 par|[from] drain|[of] p1a: Tyranitar
|faint|p1a: Tyranitar
|
|-weather|Sandstorm|[upkeep]
|-damage|p2a: Primeape|95/100 par|[from] Sandstorm
|upkeep
|
|t:|1760459768
|switch|p1a: Garchomp|Garchomp, M|100/100
|turn|5
|inactive|luca1996 has 60 seconds left.
|
|t:|1760459826
|move|p1a: Garchomp|Earthquake|p2a: Primeape
|-damage|p2a: Primeape|39/100 par
|move|p2a: Primeape|Drain Punch|p1a: Garchomp
|-damage|p1a: Garchomp|53/100
|-heal|p2a: Primeape|64/100 par|[from] drain|[of] p1a: Garchomp
|-damage|p2a: Primeape|52/100 par|[from] ability: Rough Skin|[of] p1a: Garchomp
|
|-weather|Sandstorm|[upkeep]
|-damage|p2a: Primeape|46/100 par|[from] Sandstorm
|upkeep
|turn|6
|
|t:|1760459829
|move|p1a: Garchomp|Earthquake|p2a: Primeape
|-damage|p2a: Primeape|0 fnt
|faint|p2a: Primeape
|
|-weather|Sandstorm|[upkeep]
|upkeep
|inactive|luca1996 has 30 seconds left.
|inactive|luca1996 has 20 seconds left.
|inactive|luca1996 has 15 seconds left.
|inactive|luca1996 has 10 seconds left.
|inactive|luca1996 has 5 seconds left.
|
|t:|1760459875
|switch|p2a: Primarina|Primarina, F|100/100
|turn|7
|inactive|luca1996 has 15 seconds left this turn.
|
|t:|1760459882
|-terastallize|p1a: Garchomp|Fire
|move|p1a: Garchomp|Earthquake|p2a: Primarina
|-damage|p2a: Primarina|36/100
|move|p2a: Primarina|Moonblast|p1a: Garchomp
|-resisted|p1a: Garchomp
|-damage|p1a: Garchomp|22/100
|
|-weather|Sandstorm|[upkeep]
|-damage|p1a: Garchomp|16/100|[from] Sandstorm
|-damage|p2a: Primarina|30/100|[from] Sandstorm
|-heal|p2a: Primarina|36/100|[from] item: Leftovers
|upkeep
|turn|8
|inactive|luca1996 has 25 seconds left this turn.
|inactive|luca1996 has 20 seconds left.
|inactive|luca1996 has 15 seconds left.
|inactive|luca1996 has 10 seconds left.
|
|t:|1760459900
|move|p1a: Garchomp|Earthquake|p2a: Primarina
|-damage|p2a: Primarina|0 fnt
|faint|p2a: Primarina
|
|-weather|none
|upkeep
|inactive|luca1996 has 15 seconds left this turn.
|
|t:|1760459903
|switch|p2a: Cinderace|Cinderace, F|100/100
|turn|9
|inactive|luca1996 has 25 seconds left this turn.
|
|t:|1760459906
|move|p2a: Cinderace|Pyro Ball|p1a: Garchomp
|-resisted|p1a: Garchomp
|-damage|p1a: Garchomp|0 fnt
|faint|p1a: Garchomp
|-damage|p2a: Cinderace|91/100|[from] item: Life Orb
|
|upkeep
|
|t:|1760459909
|switch|p1a: Rotom|Rotom-Wash|56/100
|turn|10
|inactive|luca1996 has 30 seconds left.
|
|t:|1760459923
|move|p2a: Cinderace|High Jump Kick|p1a: Rotom
|-start|p2a: Cinderace|typechange|Fighting|[from] ability: Libero
|-damage|p1a: Rotom|0 fnt
|faint|p1a: Rotom
|-damage|p2a: Cinderace|81/100|[from] item: Life Orb
|
|upkeep
|
|t:|1760459931
|switch|p1a: Kingambit|Kingambit, F|100/100
|-activate|p1a: Kingambit|ability: Supreme Overlord
|-start|p1a: Kingambit|fallen3|[silent]
|turn|11
|
|t:|1760459935
|move|p1a: Kingambit|Sucker Punch|p2a: Cinderace
|-resisted|p2a: Cinderace
|-damage|p2a: Cinderace|36/100
|move|p2a: Cinderace|High Jump Kick|p1a: Kingambit
|-supereffective|p1a: Kingambit
|-damage|p1a: Kingambit|0 fnt
|faint|p1a: Kingambit
|-end|p1a: Kingambit|fallen3|[silent]
|-damage|p2a: Cinderace|26/100|[from] item: Life Orb
|
|upkeep
|
|t:|1760459937
|switch|p1a: Pecharunt|Pecharunt|100/100
|-item|p1a: Pecharunt|Air Balloon
|turn|12
|
|t:|1760459946
|switch|p2a: Snorlax|Snorlax, F|100/100
|move|p1a: Pecharunt|Shadow Ball|p2a: Snorlax
|-immune|p2a: Snorlax
|
|upkeep
|turn|13
|
|t:|1760459951
|move|p1a: Pecharunt|Malignant Chain|p2a: Snorlax
|-damage|p2a: Snorlax|83/100
|move|p2a: Snorlax|Curse|p2a: Snorlax
|-unboost|p2a: Snorlax|spe|1
|-boost|p2a: Snorlax|atk|1
|-boost|p2a: Snorlax|def|1
|
|-heal|p2a: Snorlax|89/100|[from] item: Leftovers
|upkeep
|turn|14
|
|t:|1760459955
|move|p1a: Pecharunt|Malignant Chain|p2a: Snorlax
|-damage|p2a: Snorlax|70/100
|move|p2a: Snorlax|Heat Crash|p1a: Pecharunt
|-damage|p1a: Pecharunt|72/100
|-enditem|p1a: Pecharunt|Air Balloon
|
|-heal|p2a: Snorlax|76/100|[from] item: Leftovers
|upkeep
|turn|15
|
|t:|1760459959
|move|p1a: Pecharunt|Malignant Chain|p2a: Snorlax
|-damage|p2a: Snorlax|57/100
|move|p2a: Snorlax|Earthquake|p1a: Pecharunt
|-supereffective|p1a: Pecharunt
|-damage|p1a: Pecharunt|23/100
|
|-heal|p2a: Snorlax|63/100|[from] item: Leftovers
|upkeep
|turn|16
|
|t:|1760459964
|move|p1a: Pecharunt|Malignant Chain|p2a: Snorlax
|-damage|p2a: Snorlax|45/100
|move|p2a: Snorlax|Curse|p2a: Snorlax
|-unboost|p2a: Snorlax|spe|1
|-boost|p2a: Snorlax|atk|1
|-boost|p2a: Snorlax|def|1
|
|-heal|p2a: Snorlax|51/100|[from] item: Leftovers
|upkeep
|turn|17
|
|t:|1760459969
|move|p1a: Pecharunt|Malignant Chain|p2a: Snorlax
|-damage|p2a: Snorlax|31/100
|move|p2a: Snorlax|Earthquake|p1a: Pecharunt
|-supereffective|p1a: Pecharunt
|-damage|p1a: Pecharunt|0 fnt
|faint|p1a: Pecharunt
|
|-heal|p2a: Snorlax|37/100|[from] item: Leftovers
|upkeep
|c|☆luca1996|gg
|c|☆luca1996|can't poison snorlax
|
|t:|1760459981
|switch|p1a: Excadrill|Excadrill, F|100/100
|turn|18
|
|t:|1760459986
|move|p1a: Excadrill|Earthquake|p2a: Snorlax
|-damage|p2a: Snorlax|0 fnt
|faint|p2a: Snorlax
|-damage|p1a: Excadrill|91/100|[from] item: Life Orb
|
|upkeep
|
|t:|1760459989
|switch|p2a: Cinderace|Cinderace, F|26/100
|turn|19
|
|t:|1760459992
|move|p2a: Cinderace|Pyro Ball|p1a: Excadrill
|-supereffective|p1a: Excadrill
|-damage|p1a: Excadrill|0 fnt
|faint|p1a: Excadrill
|-damage|p2a: Cinderace|16/100|[from] item: Life Orb
|
|win|luca1996
|raw|ToonDR's rating: 1214 &rarr; <strong>1194</strong><br />(-20 for losing)
|raw|luca1996's rating: 1278 &rarr; <strong>1298</strong><br />(+20 for winning)
|l|‽ToonDR
|player|p1|
|l|☆luca1996
|player|p2|
