|j|☆Capidaxter
|j|☆hoons
|t:|1760383854
|gametype|singles
|player|p1|Capidaxter|pokemonbreeder|1600
|player|p2|hoons|266|1600
|gen|9
|tier|[Gen 9] OU
|rated|
|rule|HP Percentage Mod: HP is shown in percentages
|rule|Endless Battle Clause: Forcing endless battles is banned
|rule|Species Clause: Limit one of each Pokémon
|rule|OHKO Clause: OHKO moves are banned
|rule|Evasion Items Clause: Evasion items are banned
|rule|Evasion Moves Clause: Evasion moves are banned
|rule|Evasion Abilities Clause: Evasion abilities are banned
|rule|Sleep Moves Clause: Sleep-inducing moves are banned
|clearpoke
|poke|p1|Landorus-Therian, M|
|poke|p1|Great Tusk|
|poke|p1|Ogerpon-Wellspring, F|
|poke|p1|Kingambit, M|
|poke|p1|Slowking-Galar, F|
|poke|p1|Raging Bolt|
|poke|p2|Zamazenta-*|
|poke|p2|Raging Bolt|
|poke|p2|Ogerpon-Cornerstone, F|
|poke|p2|Cinderace, M|
|poke|p2|Enamorus, F|
|poke|p2|Kingambit, M|
|teampreview
|c|☆Capidaxter|hf
|inactive|Battle timer is ON: inactive players will automatically lose when time's up. (requested by Capidaxter)
|
|t:|1760383877
|teamsize|p1|6
|teamsize|p2|6
|start
|switch|p1a: Kingambit|Kingambit, M|100/100
|switch|p2a: Kingambit|Kingambit, M|100/100
|-item|p2a: Kingambit|Air Balloon
|turn|1
|
|t:|1760383886
|-end|p1a: Kingambit|fallenundefined|[silent]
|switch|p1a: Great Tusk|Great Tusk|100/100
|move|p2a: Kingambit|Low Kick|p1a: Great Tusk
|-damage|p1a: Great Tusk|71/100
|-damage|p2a: Kingambit|84/100|[from] item: Rocky Helmet|[of] p1a: Great Tusk
|
|upkeep
|turn|2
|
|t:|1760383897
|-end|p2a: Kingambit|fallenundefined|[silent]
|switch|p2a: Ogerpon|Ogerpon-Cornerstone, F|100/100
|move|p1a: Great Tusk|Rapid Spin|p2a: Ogerpon
|-resisted|p2a: Ogerpon
|-damage|p2a: Ogerpon|91/100
|-boost|p1a: Great Tusk|spe|1
|
|upkeep
|turn|3
|
|t:|1760383917
|move|p1a: Great Tusk|Ice Spinner|p2a: Ogerpon
|-supereffective|p2a: Ogerpon
|-damage|p2a: Ogerpon|26/100
|move|p2a: Ogerpon|Horn Leech|p1a: Great Tusk
|-supereffective|p1a: Great Tusk
|-damage|p1a: Great Tusk|19/100
|-heal|p2a: Ogerpon|63/100|[from] drain|[of] p1a: Great Tusk
|-damage|p2a: Ogerpon|47/100|[from] item: Rocky Helmet|[of] p1a: Great Tusk
|
|upkeep
|turn|4
|inactive|Capidaxter has 120 seconds left.
|
|t:|1760383940
|switch|p2a: Zamazenta|Zamazenta, shiny|100/100
|-ability|p2a: Zamazenta|Dauntless Shield|boost
|-boost|p2a: Zamazenta|def|1
|move|p1a: Great Tusk|Ice Spinner|p2a: Zamazenta
|-damage|p2a: Zamazenta|87/100
|
|upkeep
|turn|5
|inactive|Capidaxter has 120 seconds left.
|
|t:|1760383956
|-end|p1a: Great Tusk|Protosynthesis|[silent]
|switch|p1a: Slowking|Slowking-Galar, F|100/100
|move|p2a: Zamazenta|Close Combat|p1a: Slowking
|-resisted|p1a: Slowking
|-damage|p1a: Slowking|87/100
|-unboost|p2a: Zamazenta|def|1
|-unboost|p2a: Zamazenta|spd|1
|
|upkeep
|turn|6
|inactive|Capidaxter has 120 seconds left.
|
|t:|1760383973
|switch|p1a: Landorus|Landorus-Therian, M|100/100
|-ability|p1a: Landorus|Intimidate|boost
|-unboost|p2a: Zamazenta|atk|1
|move|p2a: Zamazenta|Crunch|p1a: Landorus
|-damage|p1a: Landorus|84/100
|-damage|p2a: Zamazenta|71/100|[from] item: Rocky Helmet|[of] p1a: Landorus
|
|upkeep
|turn|7
|
|t:|1760383985
|switch|p2a: Kingambit|Kingambit, M|84/100
|-item|p2a: Kingambit|Air Balloon
|move|p1a: Landorus|U-turn|p2a: Kingambit
|-damage|p2a: Kingambit|67/100
|-enditem|p2a: Kingambit|Air Balloon
|inactive|Capidaxter has 90 seconds left.
|
|t:|1760384016
|switch|p1a: Raging Bolt|Raging Bolt|100/100|[from] U-turn
|-enditem|p1a: Raging Bolt|Booster Energy
|-activate|p1a: Raging Bolt|ability: Protosynthesis|[fromitem]
|-start|p1a: Raging Bolt|protosynthesisspa
|
|upkeep
|turn|8
|
|t:|1760384038
|move|p1a: Raging Bolt|Thunderbolt|p2a: Kingambit
|-damage|p2a: Kingambit|0 fnt
|faint|p2a: Kingambit
|-end|p2a: Kingambit|fallenundefined|[silent]
|
|upkeep
|
|t:|1760384048
|switch|p2a: Ogerpon|Ogerpon-Cornerstone, F|47/100
|turn|9
|
|t:|1760384061
|move|p2a: Ogerpon|Encore|p1a: Raging Bolt
|-start|p1a: Raging Bolt|Encore
|move|p1a: Raging Bolt|Thunderbolt|p2a: Ogerpon
|-resisted|p2a: Ogerpon
|-damage|p2a: Ogerpon|4/100
|
|upkeep
|turn|10
|
|t:|1760384080
|move|p2a: Ogerpon|Ivy Cudgel|p1a: Raging Bolt|[anim] Ivy Cudgel Rock
|-damage|p1a: Raging Bolt|46/100
|move|p1a: Raging Bolt|Thunderbolt|p2a: Ogerpon
|-resisted|p2a: Ogerpon
|-damage|p2a: Ogerpon|0 fnt
|faint|p2a: Ogerpon
|
|upkeep
|
|t:|1760384085
|switch|p2a: Raging Bolt|Raging Bolt|100/100
|turn|11
|
|t:|1760384097
|-end|p1a: Raging Bolt|Protosynthesis|[silent]
|switch|p1a: Ogerpon|Ogerpon-Wellspring, F|100/100
|move|p2a: Raging Bolt|Calm Mind|p2a: Raging Bolt
|-boost|p2a: Raging Bolt|spa|1
|-boost|p2a: Raging Bolt|spd|1
|
|upkeep
|turn|12
|
|t:|1760384106
|move|p1a: Ogerpon|Encore|p2a: Raging Bolt
|-start|p2a: Raging Bolt|Encore
|move|p2a: Raging Bolt|Calm Mind|p2a: Raging Bolt
|-boost|p2a: Raging Bolt|spa|1
|-boost|p2a: Raging Bolt|spd|1
|
|upkeep
|turn|13
|
|t:|1760384110
|-end|p2a: Raging Bolt|Protosynthesis|[silent]
|switch|p2a: Zamazenta|Zamazenta, shiny|71/100
|move|p1a: Ogerpon|Ivy Cudgel|p2a: Zamazenta|[anim] Ivy Cudgel Water
|-damage|p2a: Zamazenta|17/100
|
|upkeep
|turn|14
|
|t:|1760384117
|switch|p1a: Landorus|Landorus-Therian, M|84/100
|-ability|p1a: Landorus|Intimidate|boost
|-unboost|p2a: Zamazenta|atk|1
|move|p2a: Zamazenta|Stone Edge|p1a: Landorus
|-damage|p1a: Landorus|65/100
|
|upkeep
|turn|15
|
|t:|1760384123
|move|p2a: Zamazenta|Stone Edge|p1a: Landorus
|-damage|p1a: Landorus|41/100
|move|p1a: Landorus|Stealth Rock|p2a: Zamazenta
|-sidestart|p2: hoons|move: Stealth Rock
|
|upkeep
|turn|16
|c|☆hoons|that is literary my team
|c|☆hoons|did you come up with that?
|
|t:|1760384148
|move|p2a: Zamazenta|Stone Edge|p1a: Landorus|[miss]
|-miss|p2a: Zamazenta|p1a: Landorus
|move|p1a: Landorus|Earth Power|p2a: Zamazenta
|-damage|p2a: Zamazenta|0 fnt
|faint|p2a: Zamazenta
|
|upkeep
|
|t:|1760384150
|switch|p2a: Cinderace|Cinderace, M|100/100
|turn|17
|inactive|Capidaxter has 120 seconds left.
|c|☆Capidaxter|How so?
|inactive|Capidaxter has 90 seconds left.
|
|t:|1760384212
|move|p2a: Cinderace|Pyro Ball|p1a: Landorus
|-damage|p1a: Landorus|0 fnt
|faint|p1a: Landorus
|
|upkeep
|
|t:|1760384215
|switch|p1a: Raging Bolt|Raging Bolt|46/100
|turn|18
|inactive|Capidaxter has 90 seconds left.
|
|t:|1760384235
|move|p2a: Cinderace|Low Kick|p1a: Raging Bolt
|-start|p2a: Cinderace|typechange|Fighting|[from] ability: Libero
|-damage|p1a: Raging Bolt|3/100
|move|p1a: Raging Bolt|Thunderbolt|p2a: Cinderace
|-damage|p2a: Cinderace|39/100
|
|upkeep
|turn|19
|inactive|Capidaxter has 90 seconds left.
|
|t:|1760384247
|move|p1a: Raging Bolt|Thunderclap||[still]
|-fail|p1a: Raging Bolt
|move|p2a: Cinderace|Court Change|p2a: Cinderace
|-swapsideconditions
|-activate|p2a: Cinderace|move: Court Change
|
|upkeep
|turn|20
|inactive|Capidaxter has 90 seconds left.
|inactive|Capidaxter has 60 seconds left.
|
|t:|1760384283
|move|p2a: Cinderace|U-turn|p1a: Raging Bolt
|-damage|p1a: Raging Bolt|0 fnt
|faint|p1a: Raging Bolt
|-end|p1a: Raging Bolt|Protosynthesis|[silent]
|inactive|hoons has 120 seconds left.
|
|t:|1760384314
|switch|p2a: Raging Bolt|Raging Bolt|100/100|[from] U-turn
|
|upkeep
|inactive|Capidaxter has 60 seconds left.
|
|t:|1760384330
|switch|p1a: Slowking|Slowking-Galar, F|100/100
|-damage|p1a: Slowking|88/100|[from] Stealth Rock
|turn|21
|c|☆hoons|tell me that slowking is trick black sludge
|inactive|Capidaxter has 60 seconds left.
|inactive|hoons has 120 seconds left.
|c|☆hoons|and i would tell you yyou copid my team
|
|t:|1760384349
|move|p2a: Raging Bolt|Calm Mind|p2a: Raging Bolt
|-boost|p2a: Raging Bolt|spa|1
|-boost|p2a: Raging Bolt|spd|1
|move|p1a: Slowking|Future Sight|p2a: Raging Bolt
|-start|p1a: Slowking|move: Future Sight
|
|upkeep
|turn|22
|inactive|hoons has 120 seconds left.
|
|t:|1760384356
|move|p2a: Raging Bolt|Thunderbolt|p1a: Slowking
|-damage|p1a: Slowking|51/100
|move|p1a: Slowking|Psyshock|p2a: Raging Bolt
|-damage|p2a: Raging Bolt|74/100
|
|-heal|p2a: Raging Bolt|80/100|[from] item: Leftovers
|upkeep
|turn|23
|inactive|Capidaxter has 60 seconds left.
|
|t:|1760384370
|move|p2a: Raging Bolt|Thunderbolt|p1a: Slowking
|-damage|p1a: Slowking|14/100
|move|p1a: Slowking|Psyshock|p2a: Raging Bolt
|-damage|p2a: Raging Bolt|56/100
|
|-end|p2a: Raging Bolt|move: Future Sight
|-damage|p2a: Raging Bolt|27/100
|-heal|p2a: Raging Bolt|33/100|[from] item: Leftovers
|upkeep
|turn|24
|inactive|Capidaxter has 60 seconds left.
|
|t:|1760384382
|move|p2a: Raging Bolt|Dragon Pulse|p1a: Slowking
|-damage|p1a: Slowking|0 fnt
|faint|p1a: Slowking
|
|-heal|p2a: Raging Bolt|39/100|[from] item: Leftovers
|upkeep
|
|t:|1760384386
|switch|p1a: Great Tusk|Great Tusk|19/100
|-damage|p1a: Great Tusk|16/100|[from] Stealth Rock
|turn|25
|inactive|Capidaxter has 60 seconds left.
|
|t:|1760384401
|move|p1a: Great Tusk|Ice Spinner|p2a: Raging Bolt
|-supereffective|p2a: Raging Bolt
|-damage|p2a: Raging Bolt|5/100
|move|p2a: Raging Bolt|Dragon Pulse|p1a: Great Tusk
|-damage|p1a: Great Tusk|0 fnt
|faint|p1a: Great Tusk
|-end|p1a: Great Tusk|Protosynthesis|[silent]
|
|-heal|p2a: Raging Bolt|11/100|[from] item: Leftovers
|upkeep
|inactive|Capidaxter has 60 seconds left.
|
|t:|1760384407
|switch|p1a: Ogerpon|Ogerpon-Wellspring, F|100/100
|-damage|p1a: Ogerpon|88/100|[from] Stealth Rock
|turn|26
|
|t:|1760384412
|move|p1a: Ogerpon|Ivy Cudgel|p2a: Raging Bolt|[anim] Ivy Cudgel Water
|-resisted|p2a: Raging Bolt
|-damage|p2a: Raging Bolt|0 fnt
|faint|p2a: Raging Bolt
|-end|p2a: Raging Bolt|Protosynthesis|[silent]
|
|upkeep
|
|t:|1760384416
|switch|p2a: Cinderace|Cinderace, M|39/100
|turn|27
|
|t:|1760384439
|-terastallize|p1a: Ogerpon|Water
|detailschange|p1a: Ogerpon|Ogerpon-Wellspring-Tera, F, tera:Water
|-ability|p1a: Ogerpon|Embody Aspect (Wellspring)|boost
|-boost|p1a: Ogerpon|spd|1
|move|p2a: Cinderace|Pyro Ball|p1a: Ogerpon
|-resisted|p1a: Ogerpon
|-crit|p1a: Ogerpon
|-damage|p1a: Ogerpon|44/100
|move|p1a: Ogerpon|Ivy Cudgel|p2a: Cinderace|[anim] Ivy Cudgel Water
|-supereffective|p2a: Cinderace
|-damage|p2a: Cinderace|0 fnt
|faint|p2a: Cinderace
|
|upkeep
|
|t:|1760384445
|switch|p2a: Enamorus|Enamorus, F|100/100
|turn|28
|
|t:|1760384453
|-terastallize|p2a: Enamorus|Stellar
|move|p2a: Enamorus|Tera Blast|p1a: Ogerpon|[anim] Tera Blast Stellar
|-supereffective|p1a: Ogerpon
|-damage|p1a: Ogerpon|0 fnt
|-boost|p2a: Enamorus|atk|1
|-boost|p2a: Enamorus|spa|1
|faint|p1a: Ogerpon
|detailschange|p1: Ogerpon|Ogerpon-Wellspring, F|[silent]
|
|upkeep
|
|t:|1760384456
|switch|p1a: Kingambit|Kingambit, M|100/100
|-damage|p1a: Kingambit|94/100|[from] Stealth Rock
|-activate|p1a: Kingambit|ability: Supreme Overlord
|-start|p1a: Kingambit|fallen5|[silent]
|turn|29
|
|t:|1760384463
|move|p2a: Enamorus|Tera Blast|p1a: Kingambit|[anim] Tera Blast Stellar
|-damage|p1a: Kingambit|37/100
|-boost|p2a: Enamorus|atk|1
|-boost|p2a: Enamorus|spa|1
|move|p1a: Kingambit|Iron Head|p2a: Enamorus
|-supereffective|p2a: Enamorus
|-damage|p2a: Enamorus|0 fnt
|faint|p2a: Enamorus
|
|win|Capidaxter
|raw|Capidaxter's rating: 1600 &rarr; <strong>1620</strong><br />(+20 for winning)
|raw|hoons's rating: 1600 &rarr; <strong>1580</strong><br />(-20 for losing)
|c|☆Capidaxter|gg
|c|☆hoons|gg
|l|☆hoons
|player|p2|
