|j|☆Hakikeke
|j|☆Gu_noir
|t:|1760332421
|gametype|singles
|player|p1|Hakikeke|policeman-gen4|1456
|player|p2|Gu_noir|acetrainerf-gen4|1412
|gen|9
|tier|[Gen 9] OU
|rated|
|rule|HP Percentage Mod: HP is shown in percentages
|rule|Endless Battle Clause: Forcing endless battles is banned
|rule|Species Clause: Limit one of each Pokémon
|rule|OHKO Clause: OHKO moves are banned
|rule|Evasion Items Clause: Evasion items are banned
|rule|Evasion Moves Clause: Evasion moves are banned
|rule|Evasion Abilities Clause: Evasion abilities are banned
|rule|Sleep Moves Clause: Sleep-inducing moves are banned
|clearpoke
|poke|p1|Landorus-Therian, M|
|poke|p1|Hoopa-Unbound|
|poke|p1|Iron Crown|
|poke|p1|Hatterene, F|
|poke|p1|Samurott-Hisui, M|
|poke|p1|Zamazenta-*|
|poke|p2|Rampardos, M|
|poke|p2|Ninetales-Alola, F|
|poke|p2|Rillaboom, F|
|poke|p2|Ogerpon-Wellspring, F|
|poke|p2|Hatterene, F|
|poke|p2|Iron Moth|
|teampreview
|inactive|Battle timer is ON: inactive players will automatically lose when time's up. (requested by Hakikeke)
|
|t:|1760332439
|teamsize|p1|6
|teamsize|p2|6
|start
|switch|p1a: Iron Crown|Iron Crown|100/100
|switch|p2a: Ninetales|Ninetales-Alola, F|100/100
|-weather|Snowscape|[from] ability: Snow Warning|[of] p2a: Ninetales
|turn|1
|
|t:|1760332456
|move|p2a: Ninetales|Aurora Veil|p2a: Ninetales
|-sidestart|p2: Gu_noir|move: Aurora Veil
|move|p1a: Iron Crown|Tachyon Cutter|p2a: Ninetales
|-supereffective|p2a: Ninetales
|-damage|p2a: Ninetales|51/100
|-supereffective|p2a: Ninetales
|-damage|p2a: Ninetales|0 fnt
|faint|p2a: Ninetales
|-hitcount|p2: Ninetales|2
|
|-weather|Snowscape|[upkeep]
|upkeep
|inactive|Gu_noir has 120 seconds left.
|
|t:|1760332484
|switch|p2a: Ogerpon|Ogerpon-Wellspring, F|100/100
|turn|2
|
|t:|1760332491
|move|p1a: Iron Crown|Volt Switch|p2a: Ogerpon
|-damage|p2a: Ogerpon|87/100
|
|t:|1760332498
|-end|p1a: Iron Crown|Quark Drive|[silent]
|switch|p1a: Hatterene|Hatterene, F|100/100|[from] Volt Switch
|move|p2a: Ogerpon|Swords Dance|p2a: Ogerpon
|-boost|p2a: Ogerpon|atk|2
|
|-weather|Snowscape|[upkeep]
|upkeep
|turn|3
|
|t:|1760332514
|-terastallize|p1a: Hatterene|Water
|move|p2a: Ogerpon|Ivy Cudgel|p1a: Hatterene|[anim] Ivy Cudgel Water
|-resisted|p1a: Hatterene
|-damage|p1a: Hatterene|25/100
|move|p1a: Hatterene|Nuzzle|p2a: Ogerpon
|-damage|p2a: Ogerpon|85/100
|-status|p2a: Ogerpon|par
|
|-weather|Snowscape|[upkeep]
|upkeep
|turn|4
|
|t:|1760332537
|move|p2a: Ogerpon|Ivy Cudgel|p1a: Hatterene|[anim] Ivy Cudgel Water
|-resisted|p1a: Hatterene
|-damage|p1a: Hatterene|0 fnt
|faint|p1a: Hatterene
|
|-weather|Snowscape|[upkeep]
|upkeep
|
|t:|1760332551
|switch|p1a: Samurott|Samurott-Hisui, M|100/100
|turn|5
|
|t:|1760332560
|move|p1a: Samurott|Ceaseless Edge|p2a: Ogerpon
|-damage|p2a: Ogerpon|56/100 par
|-sidestart|p2: Gu_noir|Spikes
|move|p2a: Ogerpon|Grassy Glide|p1a: Samurott
|-supereffective|p1a: Samurott
|-damage|p1a: Samurott|0 fnt
|faint|p1a: Samurott
|
|-weather|none
|upkeep
|
|t:|1760332568
|switch|p1a: Zamazenta|Zamazenta|100/100
|-ability|p1a: Zamazenta|Dauntless Shield|boost
|-boost|p1a: Zamazenta|def|1
|turn|6
|
|t:|1760332575
|move|p1a: Zamazenta|Close Combat|p2a: Ogerpon
|-damage|p2a: Ogerpon|16/100 par
|-unboost|p1a: Zamazenta|def|1
|-unboost|p1a: Zamazenta|spd|1
|cant|p2a: Ogerpon|par
|
|upkeep
|turn|7
|
|t:|1760332593
|move|p1a: Zamazenta|Crunch|p2a: Ogerpon
|-damage|p2a: Ogerpon|0 fnt
|faint|p2a: Ogerpon
|
|upkeep
|
|t:|1760332611
|switch|p2a: Rillaboom|Rillaboom, F|100/100
|-damage|p2a: Rillaboom|88/100|[from] Spikes
|-fieldstart|move: Grassy Terrain|[from] ability: Grassy Surge|[of] p2a: Rillaboom
|turn|8
|
|t:|1760332617
|switch|p1a: Landorus|Landorus-Therian, M|100/100
|-ability|p1a: Landorus|Intimidate|boost
|-unboost|p2a: Rillaboom|atk|1
|move|p2a: Rillaboom|Swords Dance|p2a: Rillaboom
|-boost|p2a: Rillaboom|atk|2
|
|-heal|p2a: Rillaboom|94/100|[from] Grassy Terrain
|-sideend|p2: Gu_noir|move: Aurora Veil
|upkeep
|turn|9
|
|t:|1760332627
|move|p2a: Rillaboom|Wood Hammer|p1a: Landorus
|-damage|p1a: Landorus|12/100
|-damage|p2a: Rillaboom|78/100|[from] item: Rocky Helmet|[of] p1a: Landorus
|-damage|p2a: Rillaboom|45/100|[from] Recoil
|move|p1a: Landorus|U-turn|p2a: Rillaboom
|-supereffective|p2a: Rillaboom
|-damage|p2a: Rillaboom|0 fnt
|faint|p2a: Rillaboom
|
|t:|1760332643
|switch|p1a: Iron Crown|Iron Crown|100/100|[from] U-turn
|
|upkeep
|inactive|Gu_noir has 120 seconds left.
|
|t:|1760332687
|switch|p2a: Iron Moth|Iron Moth|100/100
|-damage|p2a: Iron Moth|88/100|[from] Spikes
|-enditem|p2a: Iron Moth|Booster Energy
|-activate|p2a: Iron Moth|ability: Quark Drive|[fromitem]
|-start|p2a: Iron Moth|quarkdrivespe
|turn|10
|
|t:|1760332699
|move|p2a: Iron Moth|Fiery Dance|p1a: Iron Crown
|-supereffective|p1a: Iron Crown
|-damage|p1a: Iron Crown|49/100
|move|p1a: Iron Crown|Volt Switch|p2a: Iron Moth
|-damage|p2a: Iron Moth|65/100
|
|t:|1760332711
|-end|p1a: Iron Crown|Quark Drive|[silent]
|switch|p1a: Hoopa|Hoopa-Unbound|100/100|[from] Volt Switch
|
|-heal|p2a: Iron Moth|71/100|[from] Grassy Terrain
|upkeep
|turn|11
|inactive|Gu_noir has 120 seconds left.
|
|t:|1760332746
|move|p2a: Iron Moth|Substitute|p2a: Iron Moth
|-start|p2a: Iron Moth|Substitute
|-damage|p2a: Iron Moth|46/100
|move|p1a: Hoopa|Psychic Noise|p2a: Iron Moth
|-supereffective|p2a: Iron Moth
|-damage|p2a: Iron Moth|0 fnt
|faint|p2a: Iron Moth
|-end|p2a: Iron Moth|Quark Drive|[silent]
|
|upkeep
|inactive|Gu_noir has 90 seconds left.
|
|t:|1760332771
|switch|p2a: Rampardos|Rampardos, M|100/100
|-damage|p2a: Rampardos|88/100|[from] Spikes
|-ability|p2a: Rampardos|Mold Breaker
|turn|12
|
|t:|1760332778
|move|p2a: Rampardos|Head Smash|p1a: Hoopa
|-damage|p1a: Hoopa|0 fnt
|faint|p1a: Hoopa
|-damage|p2a: Rampardos|34/100|[from] Recoil
|
|-heal|p2a: Rampardos|40/100|[from] Grassy Terrain
|upkeep
|
|t:|1760332785
|switch|p1a: Landorus|Landorus-Therian, M|12/100
|-ability|p1a: Landorus|Intimidate|boost
|-unboost|p2a: Rampardos|atk|1
|turn|13
|
|t:|1760332792
|-terastallize|p2a: Rampardos|Grass
|move|p2a: Rampardos|Trailblaze|p1a: Landorus
|-damage|p1a: Landorus|0 fnt
|-boost|p2a: Rampardos|spe|1
|-damage|p2a: Rampardos|23/100|[from] item: Rocky Helmet|[of] p1a: Landorus
|faint|p1a: Landorus
|
|-heal|p2a: Rampardos|29/100|[from] Grassy Terrain
|upkeep
|
|t:|1760332803
|switch|p1a: Zamazenta|Zamazenta|100/100
|turn|14
|inactive|Gu_noir has 120 seconds left.
|
|t:|1760332812
|move|p1a: Zamazenta|Ice Fang|p2a: Rampardos
|-supereffective|p2a: Rampardos
|-damage|p2a: Rampardos|0 fnt
|faint|p2a: Rampardos
|
|upkeep
|
|t:|1760332815
|switch|p2a: Hatterene|Hatterene, F|100/100
|-damage|p2a: Hatterene|88/100|[from] Spikes
|-enditem|p2a: Hatterene|Grassy Seed
|-boost|p2a: Hatterene|def|1|[from] item: Grassy Seed
|turn|15
|
|t:|1760332822
|move|p1a: Zamazenta|Heavy Slam|p2a: Hatterene
|-supereffective|p2a: Hatterene
|-damage|p2a: Hatterene|30/100
|move|p2a: Hatterene|Calm Mind|p2a: Hatterene
|-boost|p2a: Hatterene|spa|1
|-boost|p2a: Hatterene|spd|1
|
|-heal|p2a: Hatterene|36/100|[from] Grassy Terrain
|-fieldend|move: Grassy Terrain
|upkeep
|turn|16
|-message|Gu_noir forfeited.
|
|win|Hakikeke
|raw|Hakikeke's rating: 1456 &rarr; <strong>1473</strong><br />(+17 for winning)
|raw|Gu_noir's rating: 1412 &rarr; <strong>1395</strong><br />(-17 for losing)
|l|☆Gu_noir
|player|p2|
|l|☆Hakikeke
|player|p1|
