|badge|p2|bronze|gen9ou|100-7
|uhtml|medal-msg|<div class="broadcast-blue">Curious what those medals under the avatar are? PS now has Ladder Seasons! For more information, check out the <a href="https://www.smogon.com/forums/threads/3740067/">thread on Smogon.</a></div>
|j|☆yesterdaymister
|j|☆deepfriedmagikarp
|t:|1760299931
|gametype|singles
|player|p1|yesterdaymister|striker|1799
|player|p2|deepfriedmagikarp|pokemonranger-gen4|1908
|gen|9
|tier|[Gen 9] OU
|rated|
|rule|HP Percentage Mod: HP is shown in percentages
|rule|Endless Battle Clause: Forcing endless battles is banned
|rule|Species Clause: Limit one of each Pokémon
|rule|OHKO Clause: OHKO moves are banned
|rule|Evasion Items Clause: Evasion items are banned
|rule|Evasion Moves Clause: Evasion moves are banned
|rule|Evasion Abilities Clause: Evasion abilities are banned
|rule|Sleep Moves Clause: Sleep-inducing moves are banned
|clearpoke
|poke|p1|Ninetales, M|
|poke|p1|Ceruledge, M|
|poke|p1|Venusaur, F|
|poke|p1|Hatterene, F|
|poke|p1|Great Tusk|
|poke|p1|Walking Wake|
|poke|p2|Ogerpon-Wellspring, F|
|poke|p2|Kingambit, M|
|poke|p2|Landorus-Therian, M|
|poke|p2|Glimmora, F|
|poke|p2|Dragapult, M|
|poke|p2|Iron Valiant|
|teampreview
|inactive|Battle timer is ON: inactive players will automatically lose when time's up. (requested by deepfriedmagikarp)
|inactive|yesterdaymister also wants the timer to be on.
|
|t:|1760299951
|teamsize|p1|6
|teamsize|p2|6
|start
|switch|p1a: arda guler|Ninetales, M|100/100
|switch|p2a: Dragapult|Dragapult, M|100/100
|-weather|SunnyDay|[from] ability: Drought|[of] p1a: arda guler
|turn|1
|
|t:|1760299959
|switch|p1a: maccabi|Hatterene, F|100/100
|move|p2a: Dragapult|Shadow Ball|p1a: maccabi
|-supereffective|p1a: maccabi
|-damage|p1a: maccabi|6/100
|-unboost|p1a: maccabi|spd|1
|-enditem|p1a: maccabi|Eject Button
|
|t:|1760299973
|switch|p1a: hans vanaken|Venusaur, F|100/100
|
|-weather|SunnyDay|[upkeep]
|upkeep
|turn|2
|
|t:|1760299994
|switch|p1a: maccabi|Hatterene, F|6/100
|move|p2a: Dragapult|Shadow Ball|p1a: maccabi
|-supereffective|p1a: maccabi
|-damage|p1a: maccabi|0 fnt
|faint|p1a: maccabi
|
|-weather|SunnyDay|[upkeep]
|upkeep
|
|t:|1760299999
|switch|p1a: mignolet|Great Tusk|100/100
|-activate|p1a: mignolet|ability: Protosynthesis
|-start|p1a: mignolet|protosynthesisspe
|turn|3
|
|t:|1760300004
|switch|p2a: Ogerpon|Ogerpon-Wellspring, F|100/100
|move|p1a: mignolet|Ice Spinner|p2a: Ogerpon
|-damage|p2a: Ogerpon|72/100
|
|-weather|SunnyDay|[upkeep]
|upkeep
|turn|4
|
|t:|1760300012
|-end|p1a: mignolet|Protosynthesis|[silent]
|switch|p1a: hans vanaken|Venusaur, F|100/100
|move|p2a: Ogerpon|Horn Leech|p1a: hans vanaken
|-resisted|p1a: hans vanaken
|-damage|p1a: hans vanaken|86/100
|-heal|p2a: Ogerpon|80/100|[from] drain|[of] p1a: hans vanaken
|
|-weather|SunnyDay|[upkeep]
|upkeep
|turn|5
|j| Narwhale37
|
|t:|1760300020
|switch|p2a: Dragapult|Dragapult, M|100/100
|move|p1a: hans vanaken|Growth|p1a: hans vanaken
|-boost|p1a: hans vanaken|atk|2
|-boost|p1a: hans vanaken|spa|2
|
|-weather|SunnyDay|[upkeep]
|upkeep
|turn|6
|
|t:|1760300028
|-terastallize|p1a: hans vanaken|Fire
|move|p1a: hans vanaken|Weather Ball|p2a: Dragapult
|-resisted|p2a: Dragapult
|-damage|p2a: Dragapult|0 fnt
|faint|p2a: Dragapult
|-damage|p1a: hans vanaken|76/100|[from] item: Life Orb
|
|-weather|SunnyDay|[upkeep]
|upkeep
|
|t:|1760300032
|switch|p2a: Kingambit|Kingambit, M|100/100
|-activate|p2a: Kingambit|ability: Supreme Overlord
|-start|p2a: Kingambit|fallen1|[silent]
|turn|7
|
|t:|1760300040
|move|p2a: Kingambit|Sucker Punch|p1a: hans vanaken
|-damage|p1a: hans vanaken|14/100
|move|p1a: hans vanaken|Weather Ball|p2a: Kingambit
|-supereffective|p2a: Kingambit
|-damage|p2a: Kingambit|0 fnt
|faint|p2a: Kingambit
|-end|p2a: Kingambit|fallen1|[silent]
|-damage|p1a: hans vanaken|4/100|[from] item: Life Orb
|
|-weather|SunnyDay|[upkeep]
|upkeep
|
|t:|1760300048
|switch|p2a: Landorus|Landorus-Therian, M|100/100
|-ability|p2a: Landorus|Intimidate|boost
|-unboost|p1a: hans vanaken|atk|1
|turn|8
|
|t:|1760300053
|switch|p2a: Glimmora|Glimmora, F|100/100
|move|p1a: hans vanaken|Giga Drain|p2a: Glimmora
|-damage|p2a: Glimmora|0 fnt
|-heal|p1a: hans vanaken|55/100|[from] drain|[of] p2a: Glimmora
|faint|p2a: Glimmora
|-damage|p1a: hans vanaken|45/100|[from] item: Life Orb
|
|-weather|none
|upkeep
|
|t:|1760300058
|switch|p2a: Landorus|Landorus-Therian, M|100/100
|-ability|p2a: Landorus|Intimidate|boost
|-unboost|p1a: hans vanaken|atk|1
|turn|9
|
|t:|1760300063
|switch|p1a: mignolet|Great Tusk|100/100
|move|p2a: Landorus|Earthquake|p1a: mignolet
|-damage|p1a: mignolet|73/100
|
|upkeep
|turn|10
|j| bloodhound q50
|
|t:|1760300073
|move|p2a: Landorus|Earthquake|p1a: mignolet
|-damage|p1a: mignolet|44/100
|move|p1a: mignolet|Stealth Rock|p2a: Landorus
|-sidestart|p2: deepfriedmagikarp|move: Stealth Rock
|
|upkeep
|turn|11
|
|t:|1760300078
|move|p2a: Landorus|U-turn|p1a: mignolet
|-resisted|p1a: mignolet
|-damage|p1a: mignolet|36/100
|-damage|p2a: Landorus|84/100|[from] item: Rocky Helmet|[of] p1a: mignolet
|
|t:|1760300080
|switch|p2a: Ogerpon|Ogerpon-Wellspring, F|80/100|[from] U-turn
|-damage|p2a: Ogerpon|68/100|[from] Stealth Rock
|move|p1a: mignolet|Ice Spinner|p2a: Ogerpon
|-damage|p2a: Ogerpon|36/100
|
|upkeep
|turn|12
|
|t:|1760300092
|move|p2a: Ogerpon|Ivy Cudgel|p1a: mignolet|[anim] Ivy Cudgel Water
|-supereffective|p1a: mignolet
|-crit|p1a: mignolet
|-damage|p1a: mignolet|0 fnt
|faint|p1a: mignolet
|-end|p1a: mignolet|Protosynthesis|[silent]
|
|upkeep
|
|t:|1760300096
|switch|p1a: lebron|Ceruledge, M|100/100
|turn|13
|
|t:|1760300100
|move|p2a: Ogerpon|Taunt|p1a: lebron
|-start|p1a: lebron|move: Taunt
|cant|p1a: lebron|move: Taunt|Swords Dance
|
|upkeep
|turn|14
|
|t:|1760300110
|move|p2a: Ogerpon|Ivy Cudgel|p1a: lebron|[anim] Ivy Cudgel Water
|-supereffective|p1a: lebron
|-enditem|p1a: lebron|Focus Sash
|-damage|p1a: lebron|1/100
|-ability|p1a: lebron|Weak Armor|boost
|-unboost|p1a: lebron|def|1
|-boost|p1a: lebron|spe|2
|move|p1a: lebron|Bitter Blade|p2a: Ogerpon
|-damage|p2a: Ogerpon|0 fnt
|-heal|p1a: lebron|19/100|[from] drain|[of] p2a: Ogerpon
|faint|p2a: Ogerpon
|
|upkeep
|
|t:|1760300112
|switch|p2a: Landorus|Landorus-Therian, M|84/100
|-damage|p2a: Landorus|72/100|[from] Stealth Rock
|-ability|p2a: Landorus|Intimidate|boost
|-unboost|p1a: lebron|atk|1
|turn|15
|
|t:|1760300139
|move|p1a: lebron|Bitter Blade|p2a: Landorus
|-damage|p2a: Landorus|44/100
|-heal|p1a: lebron|37/100|[from] drain|[of] p2a: Landorus
|-damage|p1a: lebron|21/100|[from] item: Rocky Helmet|[of] p2a: Landorus
|move|p2a: Landorus|Earthquake|p1a: lebron
|-supereffective|p1a: lebron
|-damage|p1a: lebron|0 fnt
|faint|p1a: lebron
|
|upkeep
|
|t:|1760300143
|switch|p1a: arda guler|Ninetales, M|100/100
|-weather|SunnyDay|[from] ability: Drought|[of] p1a: arda guler
|turn|16
|
|t:|1760300150
|move|p1a: arda guler|Healing Wish|p1a: arda guler
|faint|p1a: arda guler
|move|p2a: Landorus|Stealth Rock|p1: arda guler
|-sidestart|p1: yesterdaymister|move: Stealth Rock
|
|-weather|SunnyDay|[upkeep]
|upkeep
|
|t:|1760300153
|switch|p1a: hans vanaken|Venusaur, F, tera:Fire|45/100
|-heal|p1a: hans vanaken|100/100|[from] move: Healing Wish
|-damage|p1a: hans vanaken|76/100|[from] Stealth Rock
|turn|17
|
|t:|1760300163
|move|p1a: hans vanaken|Giga Drain|p2a: Landorus
|-damage|p2a: Landorus|0 fnt
|-heal|p1a: hans vanaken|100/100|[from] drain|[of] p2a: Landorus
|faint|p2a: Landorus
|-damage|p1a: hans vanaken|91/100|[from] item: Life Orb
|
|-weather|SunnyDay|[upkeep]
|upkeep
|
|t:|1760300165
|switch|p2a: Iron Valiant|Iron Valiant|100/100
|-damage|p2a: Iron Valiant|94/100|[from] Stealth Rock
|-enditem|p2a: Iron Valiant|Booster Energy
|-activate|p2a: Iron Valiant|ability: Quark Drive|[fromitem]
|-start|p2a: Iron Valiant|quarkdrivespe
|turn|18
|
|t:|1760300169
|-terastallize|p2a: Iron Valiant|Steel
|move|p2a: Iron Valiant|Encore|p1a: hans vanaken
|-start|p1a: hans vanaken|Encore
|move|p1a: hans vanaken|Giga Drain|p2a: Iron Valiant
|-resisted|p2a: Iron Valiant
|-damage|p2a: Iron Valiant|50/100
|-heal|p1a: hans vanaken|100/100|[from] drain|[of] p2a: Iron Valiant
|-damage|p1a: hans vanaken|91/100|[from] item: Life Orb
|
|-weather|SunnyDay|[upkeep]
|upkeep
|turn|19
|
|t:|1760300176
|move|p2a: Iron Valiant|Swords Dance|p2a: Iron Valiant
|-boost|p2a: Iron Valiant|atk|2
|move|p1a: hans vanaken|Giga Drain|p2a: Iron Valiant
|-resisted|p2a: Iron Valiant
|-damage|p2a: Iron Valiant|7/100
|-heal|p1a: hans vanaken|100/100|[from] drain|[of] p2a: Iron Valiant
|-damage|p1a: hans vanaken|91/100|[from] item: Life Orb
|
|-weather|SunnyDay|[upkeep]
|upkeep
|turn|20
|
|t:|1760300183
|move|p2a: Iron Valiant|Knock Off|p1a: hans vanaken
|-damage|p1a: hans vanaken|5/100
|-enditem|p1a: hans vanaken|Life Orb|[from] move: Knock Off|[of] p2a: Iron Valiant
|move|p1a: hans vanaken|Giga Drain|p2a: Iron Valiant
|-resisted|p2a: Iron Valiant
|-damage|p2a: Iron Valiant|0 fnt
|-heal|p1a: hans vanaken|8/100|[from] drain|[of] p2a: Iron Valiant
|faint|p2a: Iron Valiant
|-end|p2a: Iron Valiant|Quark Drive|[silent]
|
|win|yesterdaymister
|raw|yesterdaymister's rating: 1799 &rarr; <strong>1826</strong><br />(+27 for winning)
|raw|deepfriedmagikarp's rating: 1922 &rarr; <strong>1895</strong><br />(-27 for losing)
|l|☆deepfriedmagikarp
|player|p2|
|l| bloodhound q50
|l|☆yesterdaymister
|player|p1|
|l| Narwhale37
