|badge|p1|bronze|gen9doublesou|100-7
|badge|p1|bronze|gen9ru|100-7
|uhtml|medal-msg|<div class="broadcast-blue">Curious what those medals under the avatar are? PS now has Ladder Seasons! For more information, check out the <a href="https://www.smogon.com/forums/threads/3740067/">thread on Smogon.</a></div>
|j|☆RoaringMoonlight2
|j|☆drop a baby
|t:|1760459939
|gametype|singles
|player|p1|RoaringMoonlight2|turo-ai|1766
|player|p2|drop a baby|chase|1842
|gen|9
|tier|[Gen 9] OU
|rated|
|rule|HP Percentage Mod: HP is shown in percentages
|rule|Endless Battle Clause: Forcing endless battles is banned
|rule|Species Clause: Limit one of each Pokémon
|rule|OHKO Clause: OHKO moves are banned
|rule|Evasion Items Clause: Evasion items are banned
|rule|Evasion Moves Clause: Evasion moves are banned
|rule|Evasion Abilities Clause: Evasion abilities are banned
|rule|Sleep Moves Clause: Sleep-inducing moves are banned
|clearpoke
|poke|p1|Glimmora, M|
|poke|p1|Iron Valiant|
|poke|p1|Raging Bolt|
|poke|p1|Ogerpon-Wellspring, F|
|poke|p1|Kingambit, M|
|poke|p1|Ceruledge, F|
|poke|p2|Darkrai|
|poke|p2|Deoxys-Speed|
|poke|p2|Raging Bolt|
|poke|p2|Kingambit, F|
|poke|p2|Iron Valiant|
|poke|p2|Great Tusk|
|teampreview
|l|☆RoaringMoonlight2
|player|p1|
|j| wgw2333
|c|☆drop a baby|Hf big bro
|inactive|Battle timer is ON: inactive players will automatically lose when time's up. (requested by drop a baby)
|j|☆RoaringMoonlight2
|inactive|RoaringMoonlight2 reconnected and has 145 seconds left.
|player|p1|RoaringMoonlight2|turo-ai|
|l|☆RoaringMoonlight2
|inactive|RoaringMoonlight2 disconnected and has a minute to reconnect!
|player|p1|
|j|☆RoaringMoonlight2
|inactive|RoaringMoonlight2 reconnected and has 125 seconds left.
|player|p1|RoaringMoonlight2|turo-ai|
|inactive|RoaringMoonlight2 also wants the timer to be on.
|inactive|RoaringMoonlight2 has 120 seconds left.
|c|☆RoaringMoonlight2|U2
|j| dilf huntr
|
|t:|1760460050
|teamsize|p1|6
|teamsize|p2|6
|start
|switch|p1a: Escrameur|Ceruledge, F|100/100
|switch|p2a: Deoxys|Deoxys-Speed|100/100
|-ability|p2a: Deoxys|Pressure
|turn|1
|
|t:|1760460057
|move|p2a: Deoxys|Stealth Rock|p1a: Escrameur
|-sidestart|p1: RoaringMoonlight2|move: Stealth Rock
|move|p1a: Escrameur|Poltergeist|p2a: Deoxys
|-activate|p2a: Deoxys|move: Poltergeist|Life Orb
|-supereffective|p2a: Deoxys
|-damage|p2a: Deoxys|0 fnt
|faint|p2a: Deoxys
|
|upkeep
|
|t:|1760460062
|switch|p2a: Great Tusk|Great Tusk|100/100
|-enditem|p2a: Great Tusk|Booster Energy
|-activate|p2a: Great Tusk|ability: Protosynthesis|[fromitem]
|-start|p2a: Great Tusk|protosynthesisspe
|turn|2
|
|t:|1760460067
|move|p2a: Great Tusk|Taunt|p1a: Escrameur
|-start|p1a: Escrameur|move: Taunt
|cant|p1a: Escrameur|move: Taunt|Swords Dance
|
|upkeep
|turn|3
|
|t:|1760460072
|move|p2a: Great Tusk|Bulk Up|p2a: Great Tusk
|-boost|p2a: Great Tusk|atk|1
|-boost|p2a: Great Tusk|def|1
|move|p1a: Escrameur|Bitter Blade|p2a: Great Tusk
|-damage|p2a: Great Tusk|82/100
|
|upkeep
|turn|4
|
|t:|1760460076
|move|p2a: Great Tusk|Headlong Rush|p1a: Escrameur
|-supereffective|p1a: Escrameur
|-enditem|p1a: Escrameur|Focus Sash
|-damage|p1a: Escrameur|1/100
|-unboost|p2a: Great Tusk|def|1
|-unboost|p2a: Great Tusk|spd|1
|-ability|p1a: Escrameur|Weak Armor|boost
|-unboost|p1a: Escrameur|def|1
|-boost|p1a: Escrameur|spe|2
|move|p1a: Escrameur|Bitter Blade|p2a: Great Tusk
|-damage|p2a: Great Tusk|51/100
|-heal|p1a: Escrameur|24/100|[from] drain|[of] p2a: Great Tusk
|
|-end|p1a: Escrameur|move: Taunt
|upkeep
|turn|5
|
|t:|1760460082
|move|p1a: Escrameur|Bitter Blade|p2a: Great Tusk
|-damage|p2a: Great Tusk|21/100
|-heal|p1a: Escrameur|47/100|[from] drain|[of] p2a: Great Tusk
|move|p2a: Great Tusk|Headlong Rush|p1a: Escrameur
|-supereffective|p1a: Escrameur
|-damage|p1a: Escrameur|0 fnt
|-unboost|p2a: Great Tusk|def|1
|-unboost|p2a: Great Tusk|spd|1
|faint|p1a: Escrameur
|
|upkeep
|
|t:|1760460092
|switch|p1a: Masqurécage|Ogerpon-Wellspring, F|100/100
|-damage|p1a: Masqurécage|88/100|[from] Stealth Rock
|turn|6
|
|t:|1760460095
|move|p2a: Great Tusk|Head Smash|p1a: Masqurécage
|-damage|p1a: Masqurécage|2/100
|-damage|p2a: Great Tusk|0 fnt|[from] Recoil
|faint|p2a: Great Tusk
|-end|p2a: Great Tusk|Protosynthesis|[silent]
|move|p1a: Masqurécage|Ivy Cudgel|p2: Great Tusk|[notarget]
|-fail|p1a: Masqurécage
|
|upkeep
|
|t:|1760460101
|switch|p2a: Darkrai|Darkrai|100/100
|turn|7
|j| nsdede
|
|t:|1760460115
|move|p2a: Darkrai|Dark Pulse|p1a: Masqurécage
|-damage|p1a: Masqurécage|0 fnt
|faint|p1a: Masqurécage
|
|upkeep
|
|t:|1760460123
|switch|p1a: Terminator|Iron Valiant|100/100
|-damage|p1a: Terminator|94/100|[from] Stealth Rock
|-enditem|p1a: Terminator|Booster Energy
|-activate|p1a: Terminator|ability: Quark Drive|[fromitem]
|-start|p1a: Terminator|quarkdrivespe
|turn|8
|
|t:|1760460130
|move|p1a: Terminator|Calm Mind|p1a: Terminator
|-boost|p1a: Terminator|spa|1
|-boost|p1a: Terminator|spd|1
|move|p2a: Darkrai|Sludge Bomb|p1a: Terminator
|-supereffective|p1a: Terminator
|-damage|p1a: Terminator|22/100
|
|upkeep
|turn|9
|
|t:|1760460133
|move|p1a: Terminator|Moonblast|p2a: Darkrai
|-supereffective|p2a: Darkrai
|-enditem|p2a: Darkrai|Focus Sash
|-damage|p2a: Darkrai|1/100
|move|p2a: Darkrai|Sludge Bomb|p1a: Terminator
|-supereffective|p1a: Terminator
|-damage|p1a: Terminator|0 fnt
|faint|p1a: Terminator
|-end|p1a: Terminator|Quark Drive|[silent]
|
|upkeep
|
|t:|1760460137
|switch|p1a: Fleur de Cuivre|Glimmora, M|100/100
|-damage|p1a: Fleur de Cuivre|88/100|[from] Stealth Rock
|turn|10
|
|t:|1760460140
|move|p2a: Darkrai|Dark Pulse|p1a: Fleur de Cuivre
|-damage|p1a: Fleur de Cuivre|34/100
|cant|p1a: Fleur de Cuivre|flinch
|
|upkeep
|turn|11
|
|t:|1760460144
|move|p2a: Darkrai|Dark Pulse|p1a: Fleur de Cuivre
|-damage|p1a: Fleur de Cuivre|0 fnt
|faint|p1a: Fleur de Cuivre
|
|upkeep
|
|t:|1760460149
|switch|p1a: Raille-Cou|Raging Bolt|100/100
|-damage|p1a: Raille-Cou|88/100|[from] Stealth Rock
|turn|12
|
|t:|1760460151
|move|p1a: Raille-Cou|Thunderclap|p2a: Darkrai
|-crit|p2a: Darkrai
|-damage|p2a: Darkrai|0 fnt
|faint|p2a: Darkrai
|
|-heal|p1a: Raille-Cou|94/100|[from] item: Leftovers
|upkeep
|
|t:|1760460155
|switch|p2a: Iron Valiant|Iron Valiant|100/100
|-enditem|p2a: Iron Valiant|Booster Energy
|-activate|p2a: Iron Valiant|ability: Quark Drive|[fromitem]
|-start|p2a: Iron Valiant|quarkdrivespe
|turn|13
|
|t:|1760460159
|-terastallize|p1a: Raille-Cou|Fairy
|move|p2a: Iron Valiant|Moonblast|p1a: Raille-Cou
|-damage|p1a: Raille-Cou|47/100
|move|p1a: Raille-Cou|Thunderbolt|p2a: Iron Valiant
|-damage|p2a: Iron Valiant|13/100
|
|-heal|p1a: Raille-Cou|53/100|[from] item: Leftovers
|upkeep
|turn|14
|
|t:|1760460167
|move|p1a: Raille-Cou|Thunderclap||[still]
|-fail|p1a: Raille-Cou
|move|p2a: Iron Valiant|Calm Mind|p2a: Iron Valiant
|-boost|p2a: Iron Valiant|spa|1
|-boost|p2a: Iron Valiant|spd|1
|
|-heal|p1a: Raille-Cou|59/100|[from] item: Leftovers
|upkeep
|turn|15
|
|t:|1760460171
|move|p2a: Iron Valiant|Vacuum Wave|p1a: Raille-Cou
|-resisted|p1a: Raille-Cou
|-damage|p1a: Raille-Cou|46/100
|move|p1a: Raille-Cou|Thunderclap||[still]
|-fail|p1a: Raille-Cou
|
|-heal|p1a: Raille-Cou|52/100|[from] item: Leftovers
|upkeep
|turn|16
|
|t:|1760460174
|move|p2a: Iron Valiant|Vacuum Wave|p1a: Raille-Cou
|-resisted|p1a: Raille-Cou
|-damage|p1a: Raille-Cou|37/100
|move|p1a: Raille-Cou|Thunderbolt|p2a: Iron Valiant
|-damage|p2a: Iron Valiant|0 fnt
|faint|p2a: Iron Valiant
|-end|p2a: Iron Valiant|Quark Drive|[silent]
|
|-heal|p1a: Raille-Cou|43/100|[from] item: Leftovers
|upkeep
|
|t:|1760460177
|switch|p2a: Raging Bolt|Raging Bolt|100/100
|-enditem|p2a: Raging Bolt|Booster Energy
|-activate|p2a: Raging Bolt|ability: Protosynthesis|[fromitem]
|-start|p2a: Raging Bolt|protosynthesisspa
|turn|17
|
|t:|1760460179
|move|p2a: Raging Bolt|Thunderbolt|p1a: Raille-Cou
|-damage|p1a: Raille-Cou|0 fnt
|faint|p1a: Raille-Cou
|-end|p1a: Raille-Cou|Protosynthesis|[silent]
|
|upkeep
|-message|RoaringMoonlight2 forfeited.
|
|win|drop a baby
|raw|RoaringMoonlight2's rating: 1766 &rarr; <strong>1750</strong><br />(-16 for losing)
|raw|drop a baby's rating: 1842 &rarr; <strong>1858</strong><br />(+16 for winning)
|l|☆RoaringMoonlight2
|player|p1|
|l|☆drop a baby
|player|p2|
|l| dilf huntr
|l| nsdede
|l| wgw2333
