|j|☆Phrexzy
|j|☆Grem1234567
|t:|1760443149
|gametype|singles
|player|p1|Phrexzy|265|1276
|player|p2|Grem1234567|2|1295
|gen|9
|tier|[Gen 9] OU
|rated|
|rule|HP Percentage Mod: HP is shown in percentages
|rule|Endless Battle Clause: Forcing endless battles is banned
|rule|Species Clause: Limit one of each Pokémon
|rule|OHKO Clause: OHKO moves are banned
|rule|Evasion Items Clause: Evasion items are banned
|rule|Evasion Moves Clause: Evasion moves are banned
|rule|Evasion Abilities Clause: Evasion abilities are banned
|rule|Sleep Moves Clause: Sleep-inducing moves are banned
|clearpoke
|poke|p1|Dragapult, M|
|poke|p1|Glimmora, M|
|poke|p1|Comfey, M|
|poke|p1|Kingambit, M|
|poke|p1|Ogerpon-Wellspring, F|
|poke|p1|Blaziken, M|
|poke|p2|Pecharunt|
|poke|p2|Zapdos|
|poke|p2|Araquanid, M|
|poke|p2|Ogerpon-Wellspring, F|
|poke|p2|Iron Treads|
|poke|p2|Cinderace, M|
|teampreview
|
|t:|1760443175
|teamsize|p1|6
|teamsize|p2|6
|start
|switch|p1a: Dragapult|Dragapult, M, shiny|100/100
|switch|p2a: Iron Treads|Iron Treads|100/100
|turn|1
|
|t:|1760443187
|move|p1a: Dragapult|Flamethrower|p2a: Iron Treads
|-supereffective|p2a: Iron Treads
|-damage|p2a: Iron Treads|2/100
|-damage|p1a: Dragapult|91/100|[from] item: Life Orb
|move|p2a: Iron Treads|Knock Off|p1a: Dragapult
|-supereffective|p1a: Dragapult
|-damage|p1a: Dragapult|25/100
|-enditem|p1a: Dragapult|Life Orb|[from] move: Knock Off|[of] p2a: Iron Treads
|
|upkeep
|turn|2
|
|t:|1760443203
|-end|p2a: Iron Treads|Quark Drive|[silent]
|switch|p2a: Araquanid|Araquanid, M|100/100
|move|p1a: Dragapult|Flamethrower|p2a: Araquanid
|-damage|p2a: Araquanid|91/100
|
|upkeep
|turn|3
|
|t:|1760443211
|move|p1a: Dragapult|Draco Meteor|p2a: Araquanid
|-damage|p2a: Araquanid|49/100
|-unboost|p1a: Dragapult|spa|2
|move|p2a: Araquanid|Liquidation|p1a: Dragapult
|-resisted|p1a: Dragapult
|-damage|p1a: Dragapult|0 fnt
|faint|p1a: Dragapult
|
|upkeep
|
|t:|1760443218
|switch|p1a: Ogerpon|Ogerpon-Wellspring, F|100/100
|turn|4
|
|t:|1760443223
|move|p1a: Ogerpon|Spiky Shield|p1a: Ogerpon
|-singleturn|p1a: Ogerpon|move: Protect
|move|p2a: Araquanid|Leech Life|p1a: Ogerpon
|-activate|p1a: Ogerpon|move: Protect
|-damage|p2a: Araquanid|37/100|[from] Spiky Shield|[of] p1a: Ogerpon
|
|upkeep
|turn|5
|
|t:|1760443228
|move|p2a: Araquanid|Endure|p2a: Araquanid
|-singleturn|p2a: Araquanid|move: Endure
|move|p1a: Ogerpon|U-turn|p2a: Araquanid
|-crit|p2a: Araquanid
|-activate|p2a: Araquanid|move: Endure
|-damage|p2a: Araquanid|1/100
|
|t:|1760443235
|switch|p1a: Kingambit|Kingambit, M, shiny|100/100|[from] U-turn
|-activate|p1a: Kingambit|ability: Supreme Overlord
|-start|p1a: Kingambit|fallen1|[silent]
|
|upkeep
|turn|6
|-enditem|p2a: Araquanid|Custap Berry|[eat]
|-activate|p2a: Araquanid|item: Custap Berry|[consumed]
|
|t:|1760443238
|move|p1a: Kingambit|Sucker Punch||[still]
|-fail|p1a: Kingambit
|move|p2a: Araquanid|Sticky Web|p1a: Kingambit
|-sidestart|p1: Phrexzy|move: Sticky Web
|
|upkeep
|turn|7
|
|t:|1760443244
|switch|p2a: Zapdos|Zapdos|100/100
|move|p1a: Kingambit|Kowtow Cleave|p2a: Zapdos
|-damage|p2a: Zapdos|45/100
|-damage|p1a: Kingambit|84/100|[from] item: Rocky Helmet|[of] p2a: Zapdos
|-status|p1a: Kingambit|par|[from] ability: Static|[of] p2a: Zapdos
|
|-heal|p1a: Kingambit|90/100 par|[from] item: Leftovers
|upkeep
|turn|8
|
|t:|1760443249
|move|p2a: Zapdos|Roost|p2a: Zapdos
|-heal|p2a: Zapdos|95/100
|-singleturn|p2a: Zapdos|move: Roost
|move|p1a: Kingambit|Kowtow Cleave|p2a: Zapdos
|-damage|p2a: Zapdos|38/100
|-damage|p1a: Kingambit|73/100 par|[from] item: Rocky Helmet|[of] p2a: Zapdos
|
|-heal|p1a: Kingambit|80/100 par|[from] item: Leftovers
|upkeep
|turn|9
|
|t:|1760443253
|-end|p1a: Kingambit|fallen1|[silent]
|switch|p1a: Ogerpon|Ogerpon-Wellspring, F|100/100
|-activate|p1a: Ogerpon|move: Sticky Web
|-unboost|p1a: Ogerpon|spe|1
|move|p2a: Zapdos|Roost|p2a: Zapdos
|-heal|p2a: Zapdos|88/100
|-singleturn|p2a: Zapdos|move: Roost
|
|upkeep
|turn|10
|
|t:|1760443261
|switch|p2a: Araquanid|Araquanid, M|1/100
|move|p1a: Ogerpon|Spiky Shield||[still]
|-fail|p1a: Ogerpon
|
|upkeep
|turn|11
|
|t:|1760443267
|move|p1a: Ogerpon|U-turn|p2a: Araquanid
|-damage|p2a: Araquanid|0 fnt
|faint|p2a: Araquanid
|
|t:|1760443271
|switch|p1a: Glimmora|Glimmora, M, shiny|100/100|[from] U-turn
|-activate|p1a: Glimmora|move: Sticky Web
|-unboost|p1a: Glimmora|spe|1
|
|upkeep
|
|t:|1760443274
|switch|p2a: Iron Treads|Iron Treads|2/100
|turn|12
|
|t:|1760443288
|switch|p1a: evil Comfey|Comfey, M, shiny|100/100
|-activate|p1a: evil Comfey|move: Sticky Web
|-unboost|p1a: evil Comfey|spe|1
|move|p2a: Iron Treads|Earth Power|p1a: evil Comfey
|-damage|p1a: evil Comfey|69/100
|
|upkeep
|turn|13
|
|t:|1760443296
|-end|p2a: Iron Treads|Quark Drive|[silent]
|switch|p2a: Pecharunt|Pecharunt|100/100
|move|p1a: evil Comfey|Draining Kiss|p2a: Pecharunt
|-resisted|p2a: Pecharunt
|-damage|p2a: Pecharunt|86/100
|-heal|p1a: evil Comfey|82/100|[from] drain|[of] p2a: Pecharunt
|-damage|p1a: evil Comfey|73/100|[from] item: Life Orb
|
|-heal|p2a: Pecharunt|92/100|[from] item: Leftovers
|upkeep
|turn|14
|
|t:|1760443304
|-terastallize|p1a: evil Comfey|Ground
|move|p2a: Pecharunt|Malignant Chain|p1a: evil Comfey
|-resisted|p1a: evil Comfey
|-damage|p1a: evil Comfey|52/100
|move|p1a: evil Comfey|Calm Mind|p1a: evil Comfey
|-boost|p1a: evil Comfey|spa|1
|-boost|p1a: evil Comfey|spd|1
|
|-heal|p2a: Pecharunt|98/100|[from] item: Leftovers
|upkeep
|turn|15
|
|t:|1760443312
|move|p2a: Pecharunt|Malignant Chain|p1a: evil Comfey
|-resisted|p1a: evil Comfey
|-damage|p1a: evil Comfey|37/100
|move|p1a: evil Comfey|Calm Mind|p1a: evil Comfey
|-boost|p1a: evil Comfey|spa|1
|-boost|p1a: evil Comfey|spd|1
|
|-heal|p2a: Pecharunt|100/100|[from] item: Leftovers
|upkeep
|turn|16
|
|t:|1760443315
|move|p2a: Pecharunt|Malignant Chain|p1a: evil Comfey
|-resisted|p1a: evil Comfey
|-damage|p1a: evil Comfey|25/100
|move|p1a: evil Comfey|Calm Mind|p1a: evil Comfey
|-boost|p1a: evil Comfey|spa|1
|-boost|p1a: evil Comfey|spd|1
|
|upkeep
|turn|17
|
|t:|1760443320
|move|p2a: Pecharunt|Malignant Chain|p1a: evil Comfey
|-resisted|p1a: evil Comfey
|-damage|p1a: evil Comfey|16/100
|move|p1a: evil Comfey|Calm Mind|p1a: evil Comfey
|-boost|p1a: evil Comfey|spa|1
|-boost|p1a: evil Comfey|spd|1
|
|upkeep
|turn|18
|
|t:|1760443326
|move|p1a: evil Comfey|Draining Kiss|p2a: Pecharunt
|-resisted|p2a: Pecharunt
|-damage|p2a: Pecharunt|62/100
|-heal|p1a: evil Comfey|53/100|[from] drain|[of] p2a: Pecharunt
|-damage|p1a: evil Comfey|43/100|[from] item: Life Orb
|move|p2a: Pecharunt|Malignant Chain|p1a: evil Comfey
|-resisted|p1a: evil Comfey
|-damage|p1a: evil Comfey|35/100
|-status|p1a: evil Comfey|tox
|-start|p1a: evil Comfey|confusion|[from] ability: Poison Puppeteer|[of] p2a: Pecharunt
|
|-heal|p2a: Pecharunt|68/100|[from] item: Leftovers
|-damage|p1a: evil Comfey|29/100 tox|[from] psn
|upkeep
|turn|19
|
|t:|1760443329
|move|p2a: Pecharunt|Hex|p1a: evil Comfey
|-damage|p1a: evil Comfey|9/100 tox
|-activate|p1a: evil Comfey|confusion
|move|p1a: evil Comfey|Tera Blast|p2a: Pecharunt|[anim] Tera Blast Ground
|-supereffective|p2a: Pecharunt
|-damage|p2a: Pecharunt|0 fnt
|faint|p2a: Pecharunt
|-damage|p1a: evil Comfey|0 fnt|[from] item: Life Orb
|faint|p1a: evil Comfey
|
|upkeep
|
|t:|1760443341
|switch|p1a: Kingambit|Kingambit, M, shiny|80/100 par
|switch|p2a: Iron Treads|Iron Treads|2/100
|-activate|p1a: Kingambit|move: Sticky Web
|-unboost|p1a: Kingambit|spe|1
|-activate|p1a: Kingambit|ability: Supreme Overlord
|-start|p1a: Kingambit|fallen2|[silent]
|turn|20
|
|t:|1760443351
|cant|p1a: Kingambit|par
|move|p2a: Iron Treads|Earth Power|p1a: Kingambit
|-supereffective|p1a: Kingambit
|-damage|p1a: Kingambit|19/100 par
|
|-heal|p1a: Kingambit|25/100 par|[from] item: Leftovers
|upkeep
|turn|21
|
|t:|1760443357
|-end|p2a: Iron Treads|Quark Drive|[silent]
|switch|p2a: Zapdos|Zapdos|88/100
|move|p1a: Kingambit|Sucker Punch||[still]
|-fail|p1a: Kingambit
|
|-heal|p1a: Kingambit|31/100 par|[from] item: Leftovers
|upkeep
|turn|22
|
|t:|1760443367
|-end|p1a: Kingambit|fallen2|[silent]
|switch|p1a: Glimmora|Glimmora, M, shiny|100/100
|-activate|p1a: Glimmora|move: Sticky Web
|-unboost|p1a: Glimmora|spe|1
|move|p2a: Zapdos|Volt Switch|p1a: Glimmora
|-damage|p1a: Glimmora|60/100
|-enditem|p1a: Glimmora|Red Card|[of] p2a: Zapdos
|drag|p2a: Iron Treads|Iron Treads|2/100
|
|upkeep
|turn|23
|
|t:|1760443376
|switch|p1a: Ogerpon|Ogerpon-Wellspring, F|100/100
|-activate|p1a: Ogerpon|move: Sticky Web
|-unboost|p1a: Ogerpon|spe|1
|move|p2a: Iron Treads|Earth Power|p1a: Ogerpon
|-resisted|p1a: Ogerpon
|-damage|p1a: Ogerpon|82/100
|
|upkeep
|turn|24
|
|t:|1760443382
|move|p2a: Iron Treads|Volt Switch|p1a: Ogerpon
|-damage|p1a: Ogerpon|64/100
|
|t:|1760443386
|-end|p2a: Iron Treads|Quark Drive|[silent]
|switch|p2a: Ogerpon|Ogerpon-Wellspring, F|100/100|[from] Volt Switch
|move|p1a: Ogerpon|Ivy Cudgel|p2a: Ogerpon|[anim] Ivy Cudgel Water
|-immune|p2a: Ogerpon|[from] ability: Water Absorb
|
|upkeep
|turn|25
|
|t:|1760443394
|move|p2a: Ogerpon|Encore|p1a: Ogerpon
|-start|p1a: Ogerpon|Encore
|move|p1a: Ogerpon|Ivy Cudgel|p2a: Ogerpon|[anim] Ivy Cudgel Water
|-immune|p2a: Ogerpon|[from] ability: Water Absorb
|
|upkeep
|turn|26
|
|t:|1760443402
|switch|p1a: Kingambit|Kingambit, M, shiny|31/100 par
|-activate|p1a: Kingambit|move: Sticky Web
|-unboost|p1a: Kingambit|spe|1
|-activate|p1a: Kingambit|ability: Supreme Overlord
|-start|p1a: Kingambit|fallen2|[silent]
|move|p2a: Ogerpon|Swords Dance|p2a: Ogerpon
|-boost|p2a: Ogerpon|atk|2
|
|-heal|p1a: Kingambit|37/100 par|[from] item: Leftovers
|upkeep
|turn|27
|
|t:|1760443415
|move|p2a: Ogerpon|Ivy Cudgel|p1a: Kingambit|[anim] Ivy Cudgel Water
|-damage|p1a: Kingambit|0 fnt
|faint|p1a: Kingambit
|-end|p1a: Kingambit|fallen2|[silent]
|
|upkeep
|
|t:|1760443422
|switch|p1a: Blaziken|Blaziken, M, shiny|100/100
|-activate|p1a: Blaziken|move: Sticky Web
|-unboost|p1a: Blaziken|spe|1
|turn|28
|
|t:|1760443426
|move|p1a: Blaziken|Protect|p1a: Blaziken
|-singleturn|p1a: Blaziken|Protect
|move|p2a: Ogerpon|Ivy Cudgel|p1a: Blaziken|[anim] Ivy Cudgel Water
|-activate|p1a: Blaziken|move: Protect
|
|-ability|p1a: Blaziken|Speed Boost|boost
|-boost|p1a: Blaziken|spe|1
|upkeep
|turn|29
|
|t:|1760443432
|move|p2a: Ogerpon|Encore|p1a: Blaziken
|-start|p1a: Blaziken|Encore
|move|p1a: Blaziken|Protect||[still]
|-fail|p1a: Blaziken
|
|-ability|p1a: Blaziken|Speed Boost|boost
|-boost|p1a: Blaziken|spe|1
|upkeep
|turn|30
|
|t:|1760443440
|move|p1a: Blaziken|Protect|p1a: Blaziken
|-singleturn|p1a: Blaziken|Protect
|move|p2a: Ogerpon|Play Rough|p1a: Blaziken
|-activate|p1a: Blaziken|move: Protect
|
|-ability|p1a: Blaziken|Speed Boost|boost
|-boost|p1a: Blaziken|spe|1
|upkeep
|turn|31
|
|t:|1760443444
|move|p1a: Blaziken|Protect|p1a: Blaziken
|-singleturn|p1a: Blaziken|Protect
|move|p2a: Ogerpon|Ivy Cudgel|p1a: Blaziken|[anim] Ivy Cudgel Water
|-activate|p1a: Blaziken|move: Protect
|
|-end|p1a: Blaziken|Encore
|-ability|p1a: Blaziken|Speed Boost|boost
|-boost|p1a: Blaziken|spe|1
|upkeep
|turn|32
|
|t:|1760443452
|-terastallize|p2a: Ogerpon|Water
|detailschange|p2a: Ogerpon|Ogerpon-Wellspring-Tera, F, tera:Water
|-ability|p2a: Ogerpon|Embody Aspect (Wellspring)|boost
|-boost|p2a: Ogerpon|spd|1
|move|p1a: Blaziken|Flare Blitz|p2a: Ogerpon
|-resisted|p2a: Ogerpon
|-damage|p2a: Ogerpon|48/100
|-damage|p1a: Blaziken|83/100|[from] Recoil
|-damage|p1a: Blaziken|73/100|[from] item: Life Orb
|move|p2a: Ogerpon|Ivy Cudgel|p1a: Blaziken|[anim] Ivy Cudgel Water
|-supereffective|p1a: Blaziken
|-damage|p1a: Blaziken|0 fnt
|faint|p1a: Blaziken
|
|upkeep
|
|t:|1760443471
|switch|p1a: Glimmora|Glimmora, M, shiny|60/100
|-activate|p1a: Glimmora|move: Sticky Web
|-unboost|p1a: Glimmora|spe|1
|turn|33
|-message|Phrexzy forfeited.
|
|win|Grem1234567
|raw|Phrexzy's rating: 1276 &rarr; <strong>1252</strong><br />(-24 for losing)
|raw|Grem1234567's rating: 1295 &rarr; <strong>1319</strong><br />(+24 for winning)
|l|☆Phrexzy
|player|p1|
