|j|☆Playersmistakes
|j|☆henry151th
|t:|1760441260
|gametype|singles
|player|p1|Playersmistakes|lyra|1560
|player|p2|henry151th|wallace|1664
|gen|9
|tier|[Gen 9] OU
|rated|
|rule|HP Percentage Mod: HP is shown in percentages
|rule|Endless Battle Clause: Forcing endless battles is banned
|rule|Species Clause: Limit one of each Pokémon
|rule|OHKO Clause: OHKO moves are banned
|rule|Evasion Items Clause: Evasion items are banned
|rule|Evasion Moves Clause: Evasion moves are banned
|rule|Evasion Abilities Clause: Evasion abilities are banned
|rule|Sleep Moves Clause: Sleep-inducing moves are banned
|clearpoke
|poke|p1|Ogerpon-Wellspring, F|
|poke|p1|Hydrapple, F|
|poke|p1|Slowking-Galar, M|
|poke|p1|Kyurem|
|poke|p1|Cinderace, F|
|poke|p1|Iron Valiant|
|poke|p2|Indeedee, M|
|poke|p2|Hatterene, F|
|poke|p2|Ursaluna, F|
|poke|p2|Iron Hands|
|poke|p2|Hoopa-Unbound|
|poke|p2|Mimikyu, F|
|teampreview
|
|t:|1760441273
|teamsize|p1|6
|teamsize|p2|6
|start
|switch|p1a: Hydrapple|Hydrapple, F|100/100
|switch|p2a: William afton|Iron Hands|100/100
|-enditem|p2a: William afton|Booster Energy
|-activate|p2a: William afton|ability: Quark Drive|[fromitem]
|-start|p2a: William afton|quarkdriveatk
|turn|1
|j| justatestacc888
|j| cryyysneasel
|
|t:|1760441282
|move|p2a: William afton|Ice Punch|p1a: Hydrapple
|-supereffective|p1a: Hydrapple
|-damage|p1a: Hydrapple|19/100
|-status|p1a: Hydrapple|frz
|-damage|p2a: William afton|84/100|[from] item: Rocky Helmet|[of] p1a: Hydrapple
|cant|p1a: Hydrapple|frz
|
|upkeep
|turn|2
|l| justatestacc888
|
|t:|1760441291
|move|p2a: William afton|Close Combat|p1a: Hydrapple
|-damage|p1a: Hydrapple|0 fnt
|-unboost|p2a: William afton|def|1
|-unboost|p2a: William afton|spd|1
|-damage|p2a: William afton|67/100|[from] item: Rocky Helmet|[of] p1a: Hydrapple
|faint|p1a: Hydrapple
|
|upkeep
|
|t:|1760441298
|switch|p1a: Kyurem|Kyurem, shiny|100/100
|-ability|p1a: Kyurem|Pressure
|turn|3
|
|t:|1760441300
|move|p1a: Kyurem|Earth Power|p2a: William afton
|-supereffective|p2a: William afton
|-damage|p2a: William afton|0 fnt
|faint|p2a: William afton
|-end|p2a: William afton|Quark Drive|[silent]
|
|upkeep
|
|t:|1760441303
|switch|p2a: Charlie|Indeedee, M, shiny|100/100
|-fieldstart|move: Psychic Terrain|[from] ability: Psychic Surge|[of] p2a: Charlie
|turn|4
|
|t:|1760441309
|move|p1a: Kyurem|Freeze-Dry|p2a: Charlie
|-damage|p2a: Charlie|63/100
|-status|p2a: Charlie|frz
|cant|p2a: Charlie|frz
|
|upkeep
|turn|5
|
|t:|1760441311
|move|p1a: Kyurem|Freeze-Dry|p2a: Charlie
|-damage|p2a: Charlie|27/100 frz
|cant|p2a: Charlie|frz
|
|upkeep
|turn|6
|
|t:|1760441313
|switch|p2a: Mommy|Mimikyu, F, shiny|100/100
|move|p1a: Kyurem|Freeze-Dry|p2a: Mommy
|-activate|p2a: Mommy|ability: Disguise
|-damage|p2a: Mommy|100/100
|detailschange|p2a: Mommy|Mimikyu-Busted, F, shiny
|-damage|p2a: Mommy|88/100|[from] pokemon: Mimikyu-Busted
|-enditem|p2a: Mommy|Red Card|[of] p1a: Kyurem
|drag|p1a: Iron Valiant|Iron Valiant|100/100
|-enditem|p1a: Iron Valiant|Booster Energy
|-activate|p1a: Iron Valiant|ability: Quark Drive|[fromitem]
|-start|p1a: Iron Valiant|quarkdrivespe
|
|upkeep
|turn|7
|
|t:|1760441318
|move|p1a: Iron Valiant|Moonblast|p2a: Mommy
|-damage|p2a: Mommy|37/100
|move|p2a: Mommy|Trick Room|p2a: Mommy
|-fieldstart|move: Trick Room|[of] p2a: Mommy
|
|upkeep
|turn|8
|
|t:|1760441321
|move|p2a: Mommy|Curse|p1a: Iron Valiant
|-start|p1a: Iron Valiant|Curse|[of] p2a: Mommy
|-damage|p2a: Mommy|0 fnt
|faint|p2a: Mommy
|move|p1a: Iron Valiant|Encore|p2: Mommy|[notarget]
|-fail|p1a: Iron Valiant
|
|-damage|p1a: Iron Valiant|76/100|[from] Curse
|upkeep
|
|t:|1760441324
|switch|p2a: Aftons wife|Hatterene, F, shiny|100/100
|turn|9
|
|t:|1760441330
|move|p2a: Aftons wife|Expanding Force|p1a: Iron Valiant
|-supereffective|p1a: Iron Valiant
|-damage|p1a: Iron Valiant|0 fnt
|faint|p1a: Iron Valiant
|-end|p1a: Iron Valiant|Quark Drive|[silent]
|-damage|p2a: Aftons wife|91/100|[from] item: Life Orb
|
|upkeep
|
|t:|1760441335
|switch|p1a: Slowking|Slowking-Galar, M, shiny|100/100
|turn|10
|
|t:|1760441338
|-terastallize|p2a: Aftons wife|Stellar
|move|p2a: Aftons wife|Expanding Force|p1a: Slowking
|-crit|p1a: Slowking
|-damage|p1a: Slowking|0 fnt
|faint|p1a: Slowking
|-damage|p2a: Aftons wife|81/100|[from] item: Life Orb
|
|upkeep
|
|t:|1760441347
|switch|p1a: Cinderace|Cinderace, F, shiny|100/100
|turn|11
|
|t:|1760441349
|move|p2a: Aftons wife|Expanding Force|p1a: Cinderace
|-damage|p1a: Cinderace|0 fnt
|faint|p1a: Cinderace
|-damage|p2a: Aftons wife|71/100|[from] item: Life Orb
|
|-fieldend|move: Trick Room
|-fieldend|move: Psychic Terrain
|upkeep
|
|t:|1760441353
|switch|p1a: Ogerpon|Ogerpon-Wellspring, F|100/100
|turn|12
|
|t:|1760441354
|-terastallize|p1a: Ogerpon|Water
|detailschange|p1a: Ogerpon|Ogerpon-Wellspring-Tera, F, tera:Water
|-ability|p1a: Ogerpon|Embody Aspect (Wellspring)|boost
|-boost|p1a: Ogerpon|spd|1
|move|p1a: Ogerpon|Ivy Cudgel|p2a: Aftons wife|[anim] Ivy Cudgel Water
|-damage|p2a: Aftons wife|0 fnt
|faint|p2a: Aftons wife
|
|upkeep
|
|t:|1760441361
|switch|p2a: Springtrap|Hoopa-Unbound|100/100
|turn|13
|
|t:|1760441364
|move|p1a: Ogerpon|Ivy Cudgel|p2a: Springtrap|[anim] Ivy Cudgel Water
|-damage|p2a: Springtrap|17/100
|move|p2a: Springtrap|Trick Room|p2a: Springtrap
|-fieldstart|move: Trick Room|[of] p2a: Springtrap
|
|upkeep
|turn|14
|
|t:|1760441371
|move|p2a: Springtrap|Hyperspace Fury|p1a: Ogerpon
|-damage|p1a: Ogerpon|40/100
|-unboost|p2a: Springtrap|def|1
|move|p1a: Ogerpon|Ivy Cudgel|p2a: Springtrap|[anim] Ivy Cudgel Water
|-damage|p2a: Springtrap|0 fnt
|faint|p2a: Springtrap
|
|upkeep
|
|t:|1760441373
|switch|p2a: Fweedy|Ursaluna, F, shiny|100/100
|turn|15
|
|t:|1760441382
|move|p2a: Fweedy|Headlong Rush|p1a: Ogerpon
|-damage|p1a: Ogerpon|0 fnt
|-unboost|p2a: Fweedy|def|1
|-unboost|p2a: Fweedy|spd|1
|faint|p1a: Ogerpon
|detailschange|p1: Ogerpon|Ogerpon-Wellspring, F|[silent]
|
|-status|p2a: Fweedy|brn|[from] item: Flame Orb
|upkeep
|
|t:|1760441383
|switch|p1a: Kyurem|Kyurem, shiny|100/100
|-ability|p1a: Kyurem|Pressure
|turn|16
|
|t:|1760441385
|move|p1a: Kyurem|Protect|p1a: Kyurem
|-singleturn|p1a: Kyurem|Protect
|move|p2a: Fweedy|Facade|p1a: Kyurem
|-activate|p1a: Kyurem|move: Protect
|
|-damage|p2a: Fweedy|94/100 brn|[from] brn
|upkeep
|turn|17
|
|t:|1760441389
|move|p1a: Kyurem|Protect||[still]
|-fail|p1a: Kyurem
|move|p2a: Fweedy|Facade|p1a: Kyurem
|-damage|p1a: Kyurem|0 fnt
|faint|p1a: Kyurem
|
|win|henry151th
|raw|Playersmistakes's rating: 1560 &rarr; <strong>1546</strong><br />(-14 for losing)
|raw|henry151th's rating: 1664 &rarr; <strong>1678</strong><br />(+14 for winning)
|l|☆Playersmistakes
|player|p1|
|j| justatestacc888
|l| justatestacc888
|j| kokoromana
|l|☆henry151th
|player|p2|
