|j|☆sminey
|j|☆kittensnax
|t:|1760385996
|gametype|singles
|player|p1|sminey|266|1566
|player|p2|kittensnax|kris-gen2|1591
|gen|9
|tier|[Gen 9] OU
|rated|
|rule|HP Percentage Mod: HP is shown in percentages
|rule|Endless Battle Clause: Forcing endless battles is banned
|rule|Species Clause: Limit one of each Pokémon
|rule|OHKO Clause: OHKO moves are banned
|rule|Evasion Items Clause: Evasion items are banned
|rule|Evasion Moves Clause: Evasion moves are banned
|rule|Evasion Abilities Clause: Evasion abilities are banned
|rule|Sleep Moves Clause: Sleep-inducing moves are banned
|clearpoke
|poke|p1|Latios, M|
|poke|p1|Cinderace, M|
|poke|p1|Weavile, M|
|poke|p1|Zapdos|
|poke|p1|Clefable, F|
|poke|p1|Slowking-Galar, F|
|poke|p2|Porygon2|
|poke|p2|Farigiraf, F|
|poke|p2|Dragonite, M|
|poke|p2|Primarina, M|
|poke|p2|Ursaluna, F|
|poke|p2|Gallade, M|
|teampreview
|inactive|Battle timer is ON: inactive players will automatically lose when time's up. (requested by sminey)
|
|t:|1760386006
|teamsize|p1|6
|teamsize|p2|6
|start
|switch|p1a: Weavile|Weavile, M|100/100
|switch|p2a: Primarina|Primarina, M|100/100
|-ability|p1a: Weavile|Pressure
|turn|1
|
|t:|1760386013
|switch|p1a: Clefable|Clefable, F|100/100
|move|p2a: Primarina|Moonblast|p1a: Clefable
|-damage|p1a: Clefable|47/100
|
|upkeep
|turn|2
|
|t:|1760386016
|switch|p1a: Slowking|Slowking-Galar, F|100/100
|move|p2a: Primarina|Psychic Noise|p1a: Slowking
|-crit|p1a: Slowking
|-damage|p1a: Slowking|75/100
|-start|p1a: Slowking|move: Heal Block
|
|upkeep
|turn|3
|
|t:|1760386021
|switch|p2a: Ursaluna|Ursaluna, F|100/100
|move|p1a: Slowking|Sludge Bomb|p2a: Ursaluna
|-resisted|p2a: Ursaluna
|-damage|p2a: Ursaluna|86/100
|
|-end|p1a: Slowking|move: Heal Block
|-status|p2a: Ursaluna|brn|[from] item: Flame Orb
|upkeep
|turn|4
|
|t:|1760386030
|move|p1a: Slowking|Ice Beam|p2a: Ursaluna
|-supereffective|p2a: Ursaluna
|-damage|p2a: Ursaluna|46/100 brn
|move|p2a: Ursaluna|Facade|p1a: Slowking
|-damage|p1a: Slowking|0 fnt
|faint|p1a: Slowking
|
|-damage|p2a: Ursaluna|40/100 brn|[from] brn
|upkeep
|
|t:|1760386043
|switch|p1a: Zapdos|Zapdos|100/100
|turn|5
|
|t:|1760386048
|switch|p2a: a special boy|Porygon2|100/100
|-ability|p2a: a special boy|Download|boost
|-boost|p2a: a special boy|spa|1
|move|p1a: Zapdos|Hurricane|p2a: a special boy
|-damage|p2a: a special boy|71/100
|
|upkeep
|turn|6
|
|t:|1760386058
|move|p1a: Zapdos|Volt Switch|p2a: a special boy
|-damage|p2a: a special boy|51/100
|
|t:|1760386063
|switch|p1a: Clefable|Clefable, F|47/100|[from] Volt Switch
|move|p2a: a special boy|Tera Blast|p1a: Clefable
|-damage|p1a: Clefable|10/100
|
|upkeep
|turn|7
|
|t:|1760386072
|move|p1a: Clefable|Moonlight|p1a: Clefable
|-heal|p1a: Clefable|60/100
|move|p2a: a special boy|Tera Blast|p1a: Clefable
|-damage|p1a: Clefable|21/100
|
|upkeep
|turn|8
|
|t:|1760386085
|switch|p2a: FaRiGiЯaꟻ|Farigiraf, F, shiny|100/100
|move|p1a: Clefable|Moonlight|p1a: Clefable
|-heal|p1a: Clefable|71/100
|
|upkeep
|turn|9
|
|t:|1760386089
|move|p1a: Clefable|Calm Mind|p1a: Clefable
|-boost|p1a: Clefable|spa|1
|-boost|p1a: Clefable|spd|1
|move|p2a: FaRiGiЯaꟻ|Trick Room|p2a: FaRiGiЯaꟻ
|-fieldstart|move: Trick Room|[of] p2a: FaRiGiЯaꟻ
|
|upkeep
|turn|10
|
|t:|1760386100
|move|p2a: FaRiGiЯaꟻ|Psyshock|p1a: Clefable
|-damage|p1a: Clefable|38/100
|move|p1a: Clefable|Moonblast|p2a: FaRiGiЯaꟻ
|-damage|p2a: FaRiGiЯaꟻ|42/100
|-unboost|p2a: FaRiGiЯaꟻ|spa|1
|
|upkeep
|turn|11
|
|t:|1760386112
|switch|p2a: Ursaluna|Ursaluna, F|40/100 brn
|move|p1a: Clefable|Moonlight|p1a: Clefable
|-heal|p1a: Clefable|88/100
|
|-damage|p2a: Ursaluna|34/100 brn|[from] brn
|upkeep
|turn|12
|
|t:|1760386118
|switch|p1a: Zapdos|Zapdos|100/100
|move|p2a: Ursaluna|Facade|p1a: Zapdos
|-damage|p1a: Zapdos|4/100
|
|-damage|p2a: Ursaluna|28/100 brn|[from] brn
|upkeep
|turn|13
|
|t:|1760386128
|move|p2a: Ursaluna|Facade|p1a: Zapdos
|-crit|p1a: Zapdos
|-damage|p1a: Zapdos|0 fnt
|faint|p1a: Zapdos
|
|-damage|p2a: Ursaluna|21/100 brn|[from] brn
|-fieldend|move: Trick Room
|upkeep
|
|t:|1760386134
|switch|p1a: Weavile|Weavile, M|100/100
|-ability|p1a: Weavile|Pressure
|turn|14
|
|t:|1760386140
|move|p1a: Weavile|Swords Dance|p1a: Weavile
|-boost|p1a: Weavile|atk|2
|move|p2a: Ursaluna|Fire Punch|p1a: Weavile
|-supereffective|p1a: Weavile
|-damage|p1a: Weavile|0 fnt
|faint|p1a: Weavile
|
|-damage|p2a: Ursaluna|15/100 brn|[from] brn
|upkeep
|
|t:|1760386149
|switch|p1a: Clefable|Clefable, F|88/100
|turn|15
|
|t:|1760386155
|move|p1a: Clefable|Moonblast|p2a: Ursaluna
|-damage|p2a: Ursaluna|0 fnt
|faint|p2a: Ursaluna
|
|upkeep
|
|t:|1760386162
|switch|p2a: Primarina|Primarina, M|100/100
|turn|16
|
|t:|1760386166
|move|p1a: Clefable|Calm Mind|p1a: Clefable
|-boost|p1a: Clefable|spa|1
|-boost|p1a: Clefable|spd|1
|move|p2a: Primarina|Psychic Noise|p1a: Clefable
|-damage|p1a: Clefable|59/100
|-start|p1a: Clefable|move: Heal Block
|
|upkeep
|turn|17
|
|t:|1760386176
|move|p1a: Clefable|Calm Mind|p1a: Clefable
|-boost|p1a: Clefable|spa|1
|-boost|p1a: Clefable|spd|1
|move|p2a: Primarina|Moonblast|p1a: Clefable
|-damage|p1a: Clefable|34/100
|-unboost|p1a: Clefable|spa|1
|
|-end|p1a: Clefable|move: Heal Block
|upkeep
|turn|18
|
|t:|1760386182
|move|p1a: Clefable|Moonlight|p1a: Clefable
|-heal|p1a: Clefable|84/100
|move|p2a: Primarina|Psychic Noise|p1a: Clefable
|-damage|p1a: Clefable|64/100
|-start|p1a: Clefable|move: Heal Block
|
|upkeep
|turn|19
|
|t:|1760386198
|move|p1a: Clefable|Calm Mind|p1a: Clefable
|-boost|p1a: Clefable|spa|1
|-boost|p1a: Clefable|spd|1
|move|p2a: Primarina|Moonblast|p1a: Clefable
|-damage|p1a: Clefable|44/100
|
|-end|p1a: Clefable|move: Heal Block
|upkeep
|turn|20
|
|t:|1760386202
|move|p1a: Clefable|Moonlight|p1a: Clefable
|-heal|p1a: Clefable|94/100
|move|p2a: Primarina|Psychic Noise|p1a: Clefable
|-crit|p1a: Clefable
|-damage|p1a: Clefable|35/100
|-start|p1a: Clefable|move: Heal Block
|
|upkeep
|turn|21
|
|t:|1760386210
|move|p1a: Clefable|Calm Mind|p1a: Clefable
|-boost|p1a: Clefable|spa|1
|-boost|p1a: Clefable|spd|1
|move|p2a: Primarina|Moonblast|p1a: Clefable
|-damage|p1a: Clefable|19/100
|
|-end|p1a: Clefable|move: Heal Block
|upkeep
|turn|22
|
|t:|1760386212
|move|p1a: Clefable|Moonlight|p1a: Clefable
|-heal|p1a: Clefable|69/100
|move|p2a: Primarina|Psychic Noise|p1a: Clefable
|-damage|p1a: Clefable|56/100
|-start|p1a: Clefable|move: Heal Block
|
|upkeep
|turn|23
|
|t:|1760386217
|switch|p2a: Gallade|Gallade, M|100/100
|move|p1a: Clefable|Moonblast|p2a: Gallade
|-supereffective|p2a: Gallade
|-damage|p2a: Gallade|0 fnt
|faint|p2a: Gallade
|
|-end|p1a: Clefable|move: Heal Block
|upkeep
|
|t:|1760386222
|switch|p2a: Primarina|Primarina, M|100/100
|turn|24
|
|t:|1760386225
|move|p1a: Clefable|Moonlight|p1a: Clefable
|-heal|p1a: Clefable|100/100
|move|p2a: Primarina|Psychic Noise|p1a: Clefable
|-damage|p1a: Clefable|87/100
|-start|p1a: Clefable|move: Heal Block
|
|upkeep
|turn|25
|
|t:|1760386235
|-terastallize|p2a: Primarina|Steel
|move|p1a: Clefable|Moonblast|p2a: Primarina
|-resisted|p2a: Primarina
|-damage|p2a: Primarina|78/100
|move|p2a: Primarina|Energy Ball|p1a: Clefable
|-damage|p1a: Clefable|75/100
|
|-end|p1a: Clefable|move: Heal Block
|upkeep
|turn|26
|
|t:|1760386242
|move|p1a: Clefable|Knock Off|p2a: Primarina
|-damage|p2a: Primarina|61/100
|-enditem|p2a: Primarina|Assault Vest|[from] move: Knock Off|[of] p1a: Clefable
|move|p2a: Primarina|Psychic Noise|p1a: Clefable
|-damage|p1a: Clefable|61/100
|-start|p1a: Clefable|move: Heal Block
|
|upkeep
|turn|27
|
|t:|1760386250
|move|p1a: Clefable|Moonblast|p2a: Primarina
|-resisted|p2a: Primarina
|-damage|p2a: Primarina|29/100
|move|p2a: Primarina|Shadow Ball|p1a: Clefable
|-damage|p1a: Clefable|52/100
|-unboost|p1a: Clefable|spd|1
|
|-end|p1a: Clefable|move: Heal Block
|upkeep
|turn|28
|
|t:|1760386255
|move|p1a: Clefable|Moonlight|p1a: Clefable
|-heal|p1a: Clefable|100/100
|move|p2a: Primarina|Psychic Noise|p1a: Clefable
|-damage|p1a: Clefable|85/100
|-start|p1a: Clefable|move: Heal Block
|
|upkeep
|turn|29
|
|t:|1760386262
|move|p1a: Clefable|Moonblast|p2a: Primarina
|-resisted|p2a: Primarina
|-damage|p2a: Primarina|0 fnt
|faint|p2a: Primarina
|
|-end|p1a: Clefable|move: Heal Block
|upkeep
|
|t:|1760386267
|switch|p2a: a special boy|Porygon2|51/100
|-ability|p2a: a special boy|Download|boost
|-boost|p2a: a special boy|atk|1
|turn|30
|
|t:|1760386274
|move|p1a: Clefable|Moonblast|p2a: a special boy
|-damage|p2a: a special boy|5/100
|move|p2a: a special boy|Tera Blast|p1a: Clefable
|-damage|p1a: Clefable|71/100
|
|upkeep
|turn|31
|-message|kittensnax forfeited.
|
|win|sminey
|raw|sminey's rating: 1566 &rarr; <strong>1587</strong><br />(+21 for winning)
|raw|kittensnax's rating: 1591 &rarr; <strong>1570</strong><br />(-21 for losing)
|l|☆kittensnax
|player|p2|
|l|☆sminey
|player|p1|
