|j|☆YumeKasumi76
|j|☆mistamiyagisdojo
|t:|1760379066
|gametype|singles
|player|p1|YumeKasumi76|265|1344
|player|p2|mistamiyagisdojo|blackbelt|1286
|gen|9
|tier|[Gen 9] OU
|rated|
|rule|HP Percentage Mod: HP is shown in percentages
|rule|Endless Battle Clause: Forcing endless battles is banned
|rule|Species Clause: Limit one of each Pokémon
|rule|OHKO Clause: OHKO moves are banned
|rule|Evasion Items Clause: Evasion items are banned
|rule|Evasion Moves Clause: Evasion moves are banned
|rule|Evasion Abilities Clause: Evasion abilities are banned
|rule|Sleep Moves Clause: Sleep-inducing moves are banned
|clearpoke
|poke|p1|Heracross, M|
|poke|p1|Latias, F|
|poke|p1|Honchkrow, M|
|poke|p1|Heatran, M|
|poke|p1|Brambleghast, M|
|poke|p1|Suicune|
|poke|p2|Rotom-Wash|
|poke|p2|Raging Bolt|
|poke|p2|Overqwil, F|
|poke|p2|Gholdengo|
|poke|p2|Pelipper, F|
|poke|p2|Araquanid, F|
|teampreview
|
|t:|1760379080
|teamsize|p1|6
|teamsize|p2|6
|start
|switch|p1a: Shinetori|Honchkrow, M|100/100
|switch|p2a: Pelipper|Pelipper, F|100/100
|-weather|RainDance|[from] ability: Drizzle|[of] p2a: Pelipper
|turn|1
|inactive|Battle timer is ON: inactive players will automatically lose when time's up. (requested by YumeKasumi76)
|
|t:|1760379091
|move|p1a: Shinetori|Brave Bird|p2a: Pelipper
|-damage|p2a: Pelipper|36/100
|-damage|p1a: Shinetori|80/100|[from] Recoil
|-damage|p1a: Shinetori|70/100|[from] item: Life Orb
|move|p2a: Pelipper|Hurricane|p1a: Shinetori
|-damage|p1a: Shinetori|0 fnt
|faint|p1a: Shinetori
|
|-weather|RainDance|[upkeep]
|upkeep
|
|t:|1760379098
|switch|p1a: BigKusa|Brambleghast, M|100/100
|turn|2
|
|t:|1760379112
|switch|p2a: Araquanid|Araquanid, F|100/100
|move|p1a: BigKusa|Poltergeist|p2a: Araquanid|[miss]
|-miss|p1a: BigKusa|p2a: Araquanid
|
|-weather|RainDance|[upkeep]
|upkeep
|turn|3
|
|t:|1760379120
|move|p1a: BigKusa|Strength Sap|p2a: Araquanid
|-unboost|p2a: Araquanid|atk|1
|move|p2a: Araquanid|Sticky Web|p1a: BigKusa
|-sidestart|p1: YumeKasumi76|move: Sticky Web
|
|-weather|RainDance|[upkeep]
|upkeep
|turn|4
|
|t:|1760379123
|move|p1a: BigKusa|Rapid Spin|p2a: Araquanid
|-damage|p2a: Araquanid|82/100
|-boost|p1a: BigKusa|spe|1
|-sideend|p1: YumeKasumi76|Sticky Web|[from] move: Rapid Spin|[of] p1a: BigKusa
|move|p2a: Araquanid|Liquidation|p1a: BigKusa
|-resisted|p1a: BigKusa
|-damage|p1a: BigKusa|65/100
|
|-weather|RainDance|[upkeep]
|upkeep
|turn|5
|
|t:|1760379134
|switch|p2a: Raging Bolt|Raging Bolt|100/100
|-enditem|p2a: Raging Bolt|Booster Energy
|-activate|p2a: Raging Bolt|ability: Protosynthesis|[fromitem]
|-start|p2a: Raging Bolt|protosynthesisspe
|move|p1a: BigKusa|Strength Sap|p2a: Raging Bolt
|-unboost|p2a: Raging Bolt|atk|1
|-heal|p1a: BigKusa|100/100
|
|-weather|RainDance|[upkeep]
|upkeep
|turn|6
|
|t:|1760379146
|switch|p1a: Bianca|Latias, F|100/100
|move|p2a: Raging Bolt|Calm Mind|p2a: Raging Bolt
|-boost|p2a: Raging Bolt|spa|1
|-boost|p2a: Raging Bolt|spd|1
|
|-weather|RainDance|[upkeep]
|upkeep
|turn|7
|
|t:|1760379154
|move|p2a: Raging Bolt|Draco Meteor|p1a: Bianca
|-supereffective|p1a: Bianca
|-damage|p1a: Bianca|0 fnt
|-unboost|p2a: Raging Bolt|spa|2
|faint|p1a: Bianca
|
|-weather|RainDance|[upkeep]
|upkeep
|
|t:|1760379163
|switch|p1a: MapoTofu|Heatran, M|100/100
|turn|8
|
|t:|1760379165
|move|p2a: Raging Bolt|Thunder|p1a: MapoTofu
|-damage|p1a: MapoTofu|81/100
|-status|p1a: MapoTofu|par
|move|p1a: MapoTofu|Stealth Rock|p2a: Raging Bolt
|-sidestart|p2: mistamiyagisdojo|move: Stealth Rock
|
|-weather|none
|-heal|p1a: MapoTofu|87/100 par|[from] item: Leftovers
|upkeep
|turn|9
|
|t:|1760379175
|move|p2a: Raging Bolt|Calm Mind|p2a: Raging Bolt
|-boost|p2a: Raging Bolt|spa|1
|-boost|p2a: Raging Bolt|spd|1
|move|p1a: MapoTofu|Magma Storm|p2a: Raging Bolt
|-resisted|p2a: Raging Bolt
|-damage|p2a: Raging Bolt|92/100
|-activate|p2a: Raging Bolt|move: Magma Storm|[of] p1a: MapoTofu
|
|-heal|p1a: MapoTofu|93/100 par|[from] item: Leftovers
|-damage|p2a: Raging Bolt|79/100|[from] move: Magma Storm|[partiallytrapped]
|upkeep
|turn|10
|
|t:|1760379180
|move|p2a: Raging Bolt|Calm Mind|p2a: Raging Bolt
|-boost|p2a: Raging Bolt|spa|1
|-boost|p2a: Raging Bolt|spd|1
|move|p1a: MapoTofu|Taunt|p2a: Raging Bolt
|-start|p2a: Raging Bolt|move: Taunt
|
|-heal|p1a: MapoTofu|99/100 par|[from] item: Leftovers
|-damage|p2a: Raging Bolt|67/100|[from] move: Magma Storm|[partiallytrapped]
|upkeep
|turn|11
|
|t:|1760379188
|move|p2a: Raging Bolt|Thunder|p1a: MapoTofu
|-damage|p1a: MapoTofu|50/100 par
|move|p1a: MapoTofu|Magma Storm|p2a: Raging Bolt
|-resisted|p2a: Raging Bolt
|-damage|p2a: Raging Bolt|60/100
|
|-heal|p1a: MapoTofu|57/100 par|[from] item: Leftovers
|-damage|p2a: Raging Bolt|48/100|[from] move: Magma Storm|[partiallytrapped]
|upkeep
|turn|12
|
|t:|1760379205
|move|p2a: Raging Bolt|Thunder|p1a: MapoTofu
|-damage|p1a: MapoTofu|9/100 par
|move|p1a: MapoTofu|Steel Beam|p2a: Raging Bolt
|-resisted|p2a: Raging Bolt
|-damage|p2a: Raging Bolt|38/100
|-damage|p1a: MapoTofu|0 fnt|[from] steelbeam
|faint|p1a: MapoTofu
|
|-end|p2a: Raging Bolt|Magma Storm|[partiallytrapped]|[silent]
|upkeep
|
|t:|1760379215
|switch|p1a: Purifier|Suicune|100/100
|-ability|p1a: Purifier|Pressure
|turn|13
|
|t:|1760379225
|-terastallize|p1a: Purifier|Poison
|move|p2a: Raging Bolt|Thunder|p1a: Purifier|[miss]
|-miss|p2a: Raging Bolt|p1a: Purifier
|move|p1a: Purifier|Roar|p2a: Raging Bolt
|-end|p2a: Raging Bolt|Protosynthesis|[silent]
|drag|p2a: Rotom|Rotom-Wash|100/100
|-damage|p2a: Rotom|88/100|[from] Stealth Rock
|
|upkeep
|turn|14
|
|t:|1760379235
|move|p2a: Rotom|Trick|p1a: Purifier
|-activate|p2a: Rotom|move: Trick|[of] p1a: Purifier
|-item|p1a: Purifier|Choice Scarf|[from] move: Trick
|-item|p2a: Rotom|Leftovers|[from] move: Trick
|move|p1a: Purifier|Tailwind|p1a: Purifier
|-sidestart|p1: YumeKasumi76|move: Tailwind
|
|-heal|p2a: Rotom|94/100|[from] item: Leftovers
|upkeep
|turn|15
|
|t:|1760379240
|switch|p1a: BigKusa|Brambleghast, M|100/100
|-ability|p1a: BigKusa|Wind Rider|boost
|-boost|p1a: BigKusa|atk|1
|move|p2a: Rotom|Will-O-Wisp|p1a: BigKusa
|-status|p1a: BigKusa|brn
|
|-heal|p2a: Rotom|100/100|[from] item: Leftovers
|-damage|p1a: BigKusa|95/100 brn|[from] brn
|upkeep
|turn|16
|
|t:|1760379250
|switch|p2a: Raging Bolt|Raging Bolt|38/100
|-damage|p2a: Raging Bolt|26/100|[from] Stealth Rock
|move|p1a: BigKusa|Power Whip|p2a: Raging Bolt
|-resisted|p2a: Raging Bolt
|-damage|p2a: Raging Bolt|6/100
|
|-damage|p1a: BigKusa|89/100 brn|[from] brn
|upkeep
|turn|17
|
|t:|1760379255
|move|p2a: Raging Bolt|Thunderclap|p1a: BigKusa
|-resisted|p1a: BigKusa
|-damage|p1a: BigKusa|61/100 brn
|move|p1a: BigKusa|Rapid Spin|p2a: Raging Bolt
|-damage|p2a: Raging Bolt|0 fnt
|-boost|p1a: BigKusa|spe|1
|faint|p2a: Raging Bolt
|-end|p2a: Raging Bolt|Protosynthesis|[silent]
|
|-damage|p1a: BigKusa|55/100 brn|[from] brn
|-sideend|p1: YumeKasumi76|move: Tailwind
|upkeep
|
|t:|1760379269
|switch|p2a: Pelipper|Pelipper, F|36/100
|-damage|p2a: Pelipper|11/100|[from] Stealth Rock
|-weather|RainDance|[from] ability: Drizzle|[of] p2a: Pelipper
|turn|18
|
|t:|1760379276
|move|p1a: BigKusa|Strength Sap|p2a: Pelipper
|-unboost|p2a: Pelipper|atk|1
|-heal|p1a: BigKusa|100/100 brn
|move|p2a: Pelipper|Roost|p2a: Pelipper
|-heal|p2a: Pelipper|61/100
|-singleturn|p2a: Pelipper|move: Roost
|
|-weather|RainDance|[upkeep]
|-damage|p1a: BigKusa|95/100 brn|[from] brn
|upkeep
|turn|19
|
|t:|1760379283
|move|p1a: BigKusa|Power Whip|p2a: Pelipper
|-damage|p2a: Pelipper|22/100
|move|p2a: Pelipper|Roost|p2a: Pelipper
|-heal|p2a: Pelipper|73/100
|-singleturn|p2a: Pelipper|move: Roost
|
|-weather|RainDance|[upkeep]
|-damage|p1a: BigKusa|89/100 brn|[from] brn
|upkeep
|turn|20
|
|t:|1760379291
|move|p1a: BigKusa|Strength Sap|p2a: Pelipper
|-unboost|p2a: Pelipper|atk|1
|-heal|p1a: BigKusa|100/100 brn
|move|p2a: Pelipper|Surf|p1a: BigKusa
|-resisted|p1a: BigKusa
|-damage|p1a: BigKusa|63/100 brn
|
|-weather|RainDance|[upkeep]
|-damage|p1a: BigKusa|57/100 brn|[from] brn
|upkeep
|turn|21
|
|t:|1760379297
|move|p1a: BigKusa|Power Whip|p2a: Pelipper
|-damage|p2a: Pelipper|37/100
|move|p2a: Pelipper|Surf|p1a: BigKusa
|-resisted|p1a: BigKusa
|-damage|p1a: BigKusa|12/100 brn
|
|-weather|RainDance|[upkeep]
|-damage|p1a: BigKusa|6/100 brn|[from] brn
|upkeep
|turn|22
|
|t:|1760379302
|move|p1a: BigKusa|Strength Sap|p2a: Pelipper
|-unboost|p2a: Pelipper|atk|1
|-heal|p1a: BigKusa|31/100 brn
|move|p2a: Pelipper|Roost|p2a: Pelipper
|-heal|p2a: Pelipper|87/100
|-singleturn|p2a: Pelipper|move: Roost
|
|-weather|RainDance|[upkeep]
|-damage|p1a: BigKusa|25/100 brn|[from] brn
|upkeep
|turn|23
|
|t:|1760379306
|move|p1a: BigKusa|Power Whip|p2a: Pelipper
|-damage|p2a: Pelipper|54/100
|move|p2a: Pelipper|Surf|p1a: BigKusa
|-resisted|p1a: BigKusa
|-damage|p1a: BigKusa|0 fnt
|faint|p1a: BigKusa
|
|-weather|RainDance|[upkeep]
|upkeep
|
|t:|1760379311
|switch|p1a: SogiitaGunha|Heracross, M|100/100
|turn|24
|
|t:|1760379313
|move|p1a: SogiitaGunha|Knock Off|p2a: Pelipper
|-damage|p2a: Pelipper|12/100
|-enditem|p2a: Pelipper|Damp Rock|[from] move: Knock Off|[of] p1a: SogiitaGunha
|move|p2a: Pelipper|Hurricane|p1a: SogiitaGunha
|-supereffective|p1a: SogiitaGunha
|-damage|p1a: SogiitaGunha|0 fnt
|faint|p1a: SogiitaGunha
|
|-weather|RainDance|[upkeep]
|upkeep
|
|t:|1760379316
|switch|p1a: Purifier|Suicune, tera:Poison|100/100
|-ability|p1a: Purifier|Pressure
|turn|25
|
|t:|1760379319
|move|p1a: Purifier|Scald|p2a: Pelipper
|-resisted|p2a: Pelipper
|-damage|p2a: Pelipper|0 fnt
|faint|p2a: Pelipper
|
|-weather|none
|upkeep
|
|t:|1760379330
|switch|p2a: Gholdengo|Gholdengo|100/100
|-damage|p2a: Gholdengo|94/100|[from] Stealth Rock
|turn|26
|
|t:|1760379333
|move|p1a: Purifier|Scald|p2a: Gholdengo
|-damage|p2a: Gholdengo|77/100
|move|p2a: Gholdengo|Nasty Plot|p2a: Gholdengo
|-boost|p2a: Gholdengo|spa|2
|
|-heal|p2a: Gholdengo|83/100|[from] item: Leftovers
|upkeep
|turn|27
|-message|YumeKasumi76 forfeited.
|
|win|mistamiyagisdojo
|raw|YumeKasumi76's rating: 1344 &rarr; <strong>1321</strong><br />(-23 for losing)
|raw|mistamiyagisdojo's rating: 1286 &rarr; <strong>1315</strong><br />(+29 for winning)
|l|☆YumeKasumi76
|player|p1|
|l|☆mistamiyagisdojo
|player|p2|
