|j|☆Graveler's Delight
|j|☆samuel10ramos
|t:|1760443497
|gametype|singles
|player|p1|Graveler's Delight|scientist-gen4dp|1375
|player|p2|samuel10ramos|170|1393
|gen|9
|tier|[Gen 9] OU
|rated|
|rule|HP Percentage Mod: HP is shown in percentages
|rule|Endless Battle Clause: Forcing endless battles is banned
|rule|Species Clause: Limit one of each Pokémon
|rule|OHKO Clause: OHKO moves are banned
|rule|Evasion Items Clause: Evasion items are banned
|rule|Evasion Moves Clause: Evasion moves are banned
|rule|Evasion Abilities Clause: Evasion abilities are banned
|rule|Sleep Moves Clause: Sleep-inducing moves are banned
|clearpoke
|poke|p1|Iron Moth|
|poke|p1|Tyranitar, F|
|poke|p1|Gholdengo|
|poke|p1|Excadrill, M|
|poke|p1|Ogerpon-Wellspring, F|
|poke|p1|Vikavolt, F|
|poke|p2|Gliscor, F|
|poke|p2|Serperior, F|
|poke|p2|Samurott-Hisui, M|
|poke|p2|Latias, F|
|poke|p2|Dragonite, F|
|poke|p2|Heatran, M|
|teampreview
|inactive|Battle timer is ON: inactive players will automatically lose when time's up. (requested by Graveler's Delight)
|
|t:|1760443509
|teamsize|p1|6
|teamsize|p2|6
|start
|switch|p1a: Tyranitar|Tyranitar, F|100/100
|switch|p2a: Samurott|Samurott-Hisui, M|100/100
|-weather|Sandstorm|[from] ability: Sand Stream|[of] p1a: Tyranitar
|turn|1
|
|t:|1760443515
|move|p2a: Samurott|Sacred Sword|p1a: Tyranitar
|-supereffective|p1a: Tyranitar
|-damage|p1a: Tyranitar|0 fnt
|faint|p1a: Tyranitar
|
|-weather|Sandstorm|[upkeep]
|-damage|p2a: Samurott|94/100|[from] Sandstorm
|upkeep
|
|t:|1760443519
|switch|p1a: Vikavolt|Vikavolt, F|100/100
|turn|2
|
|t:|1760443533
|switch|p2a: Gliscor|Gliscor, F|100/100
|move|p1a: Vikavolt|Agility|p1a: Vikavolt
|-boost|p1a: Vikavolt|spe|2
|
|-weather|Sandstorm|[upkeep]
|-damage|p1a: Vikavolt|94/100|[from] Sandstorm
|-status|p2a: Gliscor|tox|[from] item: Toxic Orb
|upkeep
|turn|3
|
|t:|1760443550
|move|p1a: Vikavolt|Sticky Web|p2a: Gliscor
|-sidestart|p2: samuel10ramos|move: Sticky Web
|move|p2a: Gliscor|Facade|p1a: Vikavolt
|-damage|p1a: Vikavolt|50/100
|
|-weather|Sandstorm|[upkeep]
|-damage|p1a: Vikavolt|44/100|[from] Sandstorm
|upkeep
|turn|4
|
|t:|1760443561
|move|p1a: Vikavolt|Energy Ball|p2a: Gliscor
|-damage|p2a: Gliscor|67/100 tox
|move|p2a: Gliscor|Agility|p2a: Gliscor
|-boost|p2a: Gliscor|spe|2
|
|-weather|Sandstorm|[upkeep]
|-damage|p1a: Vikavolt|38/100|[from] Sandstorm
|-heal|p2a: Gliscor|79/100 tox|[from] ability: Poison Heal
|upkeep
|turn|5
|
|t:|1760443572
|switch|p1a: Gholdengo|Gholdengo|100/100
|-item|p1a: Gholdengo|Air Balloon
|move|p2a: Gliscor|Swords Dance|p2a: Gliscor
|-boost|p2a: Gliscor|atk|2
|
|-weather|none
|-heal|p2a: Gliscor|91/100 tox|[from] ability: Poison Heal
|upkeep
|turn|6
|
|t:|1760443586
|switch|p2a: Samurott|Samurott-Hisui, M|94/100
|-activate|p2a: Samurott|move: Sticky Web
|-unboost|p2a: Samurott|spe|1
|move|p1a: Gholdengo|Nasty Plot|p1a: Gholdengo
|-boost|p1a: Gholdengo|spa|2
|
|upkeep
|turn|7
|
|t:|1760443600
|move|p1a: Gholdengo|Make It Rain|p2a: Samurott
|-resisted|p2a: Samurott
|-damage|p2a: Samurott|55/100
|-unboost|p1a: Gholdengo|spa|1
|move|p2a: Samurott|Ceaseless Edge|p1a: Gholdengo
|-supereffective|p1a: Gholdengo
|-damage|p1a: Gholdengo|38/100
|-enditem|p1a: Gholdengo|Air Balloon
|-sidestart|p1: Graveler's Delight|Spikes
|
|upkeep
|turn|8
|
|t:|1760443612
|-terastallize|p1a: Gholdengo|Flying
|move|p1a: Gholdengo|Recover|p1a: Gholdengo
|-heal|p1a: Gholdengo|88/100
|move|p2a: Samurott|Ceaseless Edge|p1a: Gholdengo
|-damage|p1a: Gholdengo|53/100
|-sidestart|p1: Graveler's Delight|Spikes
|
|upkeep
|turn|9
|
|t:|1760443629
|move|p1a: Gholdengo|Nasty Plot|p1a: Gholdengo
|-boost|p1a: Gholdengo|spa|2
|move|p2a: Samurott|Ceaseless Edge|p1a: Gholdengo|[miss]
|-miss|p2a: Samurott|p1a: Gholdengo
|
|upkeep
|turn|10
|
|t:|1760443636
|move|p1a: Gholdengo|Make It Rain|p2a: Samurott
|-resisted|p2a: Samurott
|-damage|p2a: Samurott|1/100
|-unboost|p1a: Gholdengo|spa|1
|move|p2a: Samurott|Flip Turn|p1a: Gholdengo
|-damage|p1a: Gholdengo|34/100
|inactive|samuel10ramos has 120 seconds left.
|
|t:|1760443684
|switch|p2a: Heatran|Heatran, M|100/100|[from] Flip Turn
|-activate|p2a: Heatran|move: Sticky Web
|-unboost|p2a: Heatran|spe|1
|
|upkeep
|turn|11
|
|t:|1760443703
|move|p1a: Gholdengo|Shadow Ball|p2a: Heatran
|-damage|p2a: Heatran|29/100
|move|p2a: Heatran|Lava Plume|p1a: Gholdengo
|-damage|p1a: Gholdengo|0 fnt
|faint|p1a: Gholdengo
|
|-heal|p2a: Heatran|35/100|[from] item: Leftovers
|upkeep
|
|t:|1760443716
|switch|p1a: Vikavolt|Vikavolt, F|38/100
|turn|12
|
|t:|1760443724
|move|p1a: Vikavolt|Discharge|p2a: Heatran
|-damage|p2a: Heatran|0 fnt
|faint|p2a: Heatran
|
|upkeep
|inactive|samuel10ramos has 90 seconds left.
|
|t:|1760443758
|switch|p2a: Gliscor|Gliscor, F|91/100 tox
|turn|13
|
|t:|1760443764
|move|p2a: Gliscor|Agility|p2a: Gliscor
|-boost|p2a: Gliscor|spe|2
|move|p1a: Vikavolt|Energy Ball|p2a: Gliscor
|-damage|p2a: Gliscor|60/100 tox
|
|-heal|p2a: Gliscor|73/100 tox|[from] ability: Poison Heal
|upkeep
|turn|14
|
|t:|1760443774
|move|p2a: Gliscor|Swords Dance|p2a: Gliscor
|-boost|p2a: Gliscor|atk|2
|move|p1a: Vikavolt|Energy Ball|p2a: Gliscor
|-damage|p2a: Gliscor|41/100 tox
|
|-heal|p2a: Gliscor|54/100 tox|[from] ability: Poison Heal
|upkeep
|turn|15
|
|t:|1760443787
|move|p2a: Gliscor|Facade|p1a: Vikavolt
|-damage|p1a: Vikavolt|0 fnt
|faint|p1a: Vikavolt
|
|-heal|p2a: Gliscor|66/100 tox|[from] ability: Poison Heal
|upkeep
|
|t:|1760443791
|switch|p1a: Iron Moth|Iron Moth|100/100
|-damage|p1a: Iron Moth|84/100|[from] Spikes
|-enditem|p1a: Iron Moth|Booster Energy
|-activate|p1a: Iron Moth|ability: Quark Drive|[fromitem]
|-start|p1a: Iron Moth|quarkdrivespe
|turn|16
|
|t:|1760443802
|move|p1a: Iron Moth|Fiery Dance|p2a: Gliscor
|-damage|p2a: Gliscor|26/100 tox
|move|p2a: Gliscor|Earthquake|p1a: Iron Moth
|-supereffective|p1a: Iron Moth
|-damage|p1a: Iron Moth|0 fnt
|faint|p1a: Iron Moth
|-end|p1a: Iron Moth|Quark Drive|[silent]
|
|-heal|p2a: Gliscor|39/100 tox|[from] ability: Poison Heal
|upkeep
|
|t:|1760443810
|switch|p1a: Ogerpon|Ogerpon-Wellspring, F|100/100
|-damage|p1a: Ogerpon|84/100|[from] Spikes
|turn|17
|inactive|samuel10ramos has 120 seconds left.
|
|t:|1760443816
|move|p2a: Gliscor|Facade|p1a: Ogerpon
|-damage|p1a: Ogerpon|0 fnt
|faint|p1a: Ogerpon
|
|-heal|p2a: Gliscor|51/100 tox|[from] ability: Poison Heal
|upkeep
|
|t:|1760443819
|switch|p1a: Excadrill|Excadrill, M|100/100
|-damage|p1a: Excadrill|84/100|[from] Spikes
|turn|18
|
|t:|1760443824
|move|p2a: Gliscor|Earthquake|p1a: Excadrill
|-supereffective|p1a: Excadrill
|-damage|p1a: Excadrill|0 fnt
|faint|p1a: Excadrill
|
|win|samuel10ramos
|raw|Graveler&apos;s Delight's rating: 1375 &rarr; <strong>1356</strong><br />(-19 for losing)
|raw|samuel10ramos's rating: 1393 &rarr; <strong>1412</strong><br />(+19 for winning)
|l|☆Graveler's Delight
|player|p1|
|l|☆samuel10ramos
|player|p2|
