|j|‽StonjournerFan874
|j|☆Oateatergoatface
|t:|1760445254
|gametype|singles
|player|p1|StonjournerFan874|ninjaboy|1072
|player|p2|Oateatergoatface|benga|1105
|gen|9
|tier|[Gen 9] OU
|rated|
|rule|HP Percentage Mod: HP is shown in percentages
|rule|Endless Battle Clause: Forcing endless battles is banned
|rule|Species Clause: Limit one of each Pokémon
|rule|OHKO Clause: OHKO moves are banned
|rule|Evasion Items Clause: Evasion items are banned
|rule|Evasion Moves Clause: Evasion moves are banned
|rule|Evasion Abilities Clause: Evasion abilities are banned
|rule|Sleep Moves Clause: Sleep-inducing moves are banned
|clearpoke
|poke|p1|Araquanid, M|
|poke|p1|Forretress, M|
|poke|p1|Perrserker, M|
|poke|p1|Sandaconda, M|
|poke|p1|Skeledirge, M|
|poke|p1|Stonjourner, M|
|poke|p2|Scizor, M|
|poke|p2|Iron Valiant|
|poke|p2|Dragonite, M|
|poke|p2|Great Tusk|
|poke|p2|Walking Wake|
|poke|p2|Dragapult, F|
|teampreview
|
|t:|1760445269
|teamsize|p1|6
|teamsize|p2|6
|start
|switch|p1a: Stonjourner|Stonjourner, M|100/100
|switch|p2a: Walking Wake|Walking Wake|100/100
|-enditem|p2a: Walking Wake|Booster Energy
|-activate|p2a: Walking Wake|ability: Protosynthesis|[fromitem]
|-start|p2a: Walking Wake|protosynthesisspa
|turn|1
|
|t:|1760445278
|switch|p1a: Forretress|Forretress, M|100/100
|move|p2a: Walking Wake|Hydro Pump|p1a: Forretress
|-damage|p1a: Forretress|11/100
|
|upkeep
|turn|2
|l|‽StonjournerFan874
|player|p1|
|j|‽StonjournerFan874
|player|p1|StonjournerFan874|ninjaboy|
|n|‽StonjournerFan874|stonjournerfan874
|-enditem|p1a: Forretress|Custap Berry|[eat]
|-activate|p1a: Forretress|item: Custap Berry|[consumed]
|
|t:|1760445293
|move|p1a: Forretress|Explosion|p2a: Walking Wake
|-damage|p2a: Walking Wake|29/100
|faint|p1a: Forretress
|move|p2a: Walking Wake|Flamethrower|p1: Forretress|[notarget]
|-fail|p2a: Walking Wake
|
|upkeep
|inactive|Battle timer is ON: inactive players will automatically lose when time's up. (requested by Oateatergoatface)
|
|t:|1760445305
|switch|p1a: Araquanid|Araquanid, M|100/100
|turn|3
|
|t:|1760445315
|move|p2a: Walking Wake|Draco Meteor|p1a: Araquanid
|-damage|p1a: Araquanid|22/100
|-unboost|p2a: Walking Wake|spa|2
|move|p1a: Araquanid|Liquidation|p2a: Walking Wake
|-resisted|p2a: Walking Wake
|-damage|p2a: Walking Wake|6/100
|
|upkeep
|turn|4
|
|t:|1760445328
|switch|p1a: Perrserker|Perrserker, M|100/100
|move|p2a: Walking Wake|Draco Meteor|p1a: Perrserker
|-resisted|p1a: Perrserker
|-damage|p1a: Perrserker|73/100
|-unboost|p2a: Walking Wake|spa|2
|
|upkeep
|turn|5
|
|t:|1760445338
|-end|p2a: Walking Wake|Protosynthesis|[silent]
|switch|p2a: Great Tusk|Great Tusk|100/100
|-enditem|p2a: Great Tusk|Booster Energy
|-activate|p2a: Great Tusk|ability: Protosynthesis|[fromitem]
|-start|p2a: Great Tusk|protosynthesisatk
|move|p1a: Perrserker|Play Rough|p2a: Great Tusk
|-supereffective|p2a: Great Tusk
|-crit|p2a: Great Tusk
|-damage|p2a: Great Tusk|39/100
|
|upkeep
|turn|6
|
|t:|1760445358
|switch|p1a: Araquanid|Araquanid, M|22/100
|move|p2a: Great Tusk|High Horsepower|p1a: Araquanid
|-resisted|p1a: Araquanid
|-damage|p1a: Araquanid|0 fnt
|faint|p1a: Araquanid
|
|upkeep
|
|t:|1760445367
|switch|p1a: Perrserker|Perrserker, M|73/100
|turn|7
|
|t:|1760445371
|-terastallize|p1a: Perrserker|Dark
|move|p2a: Great Tusk|High Horsepower|p1a: Perrserker
|-damage|p1a: Perrserker|0 fnt
|faint|p1a: Perrserker
|
|upkeep
|
|t:|1760445378
|switch|p1a: Stonjourner|Stonjourner, M|100/100
|turn|8
|
|t:|1760445383
|move|p1a: Stonjourner|Rock Polish|p1a: Stonjourner
|-boost|p1a: Stonjourner|spe|2
|move|p2a: Great Tusk|High Horsepower|p1a: Stonjourner
|-supereffective|p1a: Stonjourner
|-damage|p1a: Stonjourner|0 fnt
|faint|p1a: Stonjourner
|
|upkeep
|
|t:|1760445389
|switch|p1a: Sandaconda|Sandaconda, M|100/100
|turn|9
|
|t:|1760445394
|move|p1a: Sandaconda|Coil|p1a: Sandaconda
|-boost|p1a: Sandaconda|atk|1
|-boost|p1a: Sandaconda|def|1
|-boost|p1a: Sandaconda|accuracy|1
|move|p2a: Great Tusk|Ice Spinner|p1a: Sandaconda
|-supereffective|p1a: Sandaconda
|-damage|p1a: Sandaconda|54/100
|
|upkeep
|turn|10
|
|t:|1760445402
|move|p1a: Sandaconda|Scale Shot|p2a: Great Tusk
|-damage|p2a: Great Tusk|33/100
|-damage|p2a: Great Tusk|26/100
|-damage|p2a: Great Tusk|19/100
|-damage|p2a: Great Tusk|12/100
|-damage|p2a: Great Tusk|5/100
|-hitcount|p2a: Great Tusk|5
|-unboost|p1a: Sandaconda|def|1
|-boost|p1a: Sandaconda|spe|1
|move|p2a: Great Tusk|Ice Spinner|p1a: Sandaconda
|-supereffective|p1a: Sandaconda
|-damage|p1a: Sandaconda|0 fnt
|faint|p1a: Sandaconda
|
|upkeep
|-message|StonjournerFan874 forfeited.
|
|win|Oateatergoatface
|raw|StonjournerFan874's rating: 1072 &rarr; <strong>1053</strong><br />(-19 for losing)
|raw|Oateatergoatface's rating: 1105 &rarr; <strong>1128</strong><br />(+23 for winning)
|l|‽StonjournerFan874
|player|p1|
|c|☆Oateatergoatface|Gg
|l|☆Oateatergoatface
|player|p2|
