|j|☆doughman13
|j|☆JuliPabl
|t:|1760453403
|gametype|singles
|player|p1|doughman13|cynthia-gen4|1087
|player|p2|JuliPabl|youngster-gen4dp|1120
|gen|9
|tier|[Gen 9] OU
|rated|
|rule|HP Percentage Mod: HP is shown in percentages
|rule|Endless Battle Clause: Forcing endless battles is banned
|rule|Species Clause: Limit one of each Pokémon
|rule|OHKO Clause: OHKO moves are banned
|rule|Evasion Items Clause: Evasion items are banned
|rule|Evasion Moves Clause: Evasion moves are banned
|rule|Evasion Abilities Clause: Evasion abilities are banned
|rule|Sleep Moves Clause: Sleep-inducing moves are banned
|clearpoke
|poke|p1|Scizor, M|
|poke|p1|Cinderace, M|
|poke|p1|Kingdra, M|
|poke|p1|Great Tusk|
|poke|p1|Cloyster, M|
|poke|p1|Gliscor, M|
|poke|p2|Torterra, F|
|poke|p2|Magcargo, M|
|poke|p2|Conkeldurr, M|
|poke|p2|Krookodile, F|
|poke|p2|Magnezone|
|poke|p2|Porygon-Z|
|teampreview
|inactive|Battle timer is ON: inactive players will automatically lose when time's up. (requested by JuliPabl)
|inactive|doughman13 has 120 seconds left.
|inactive|doughman13 has 90 seconds left.
|
|t:|1760453486
|teamsize|p1|6
|teamsize|p2|6
|start
|switch|p1a: Gliscor|Gliscor, M|100/100
|switch|p2a: Magcargo|Magcargo, M|100/100
|turn|1
|
|t:|1760453509
|-terastallize|p2a: Magcargo|Fire
|move|p1a: Gliscor|Swords Dance|p1a: Gliscor
|-boost|p1a: Gliscor|atk|2
|move|p2a: Magcargo|Lava Plume|p1a: Gliscor
|-crit|p1a: Gliscor
|-damage|p1a: Gliscor|31/100
|
|-status|p1a: Gliscor|tox|[from] item: Toxic Orb
|upkeep
|turn|2
|
|t:|1760453525
|switch|p2a: Magnezone|Magnezone|100/100
|-item|p2a: Magnezone|Air Balloon
|move|p1a: Gliscor|Earthquake|p2a: Magnezone
|-immune|p2a: Magnezone
|
|-heal|p1a: Gliscor|43/100 tox|[from] ability: Poison Heal
|upkeep
|turn|3
|
|t:|1760453539
|move|p1a: Gliscor|Fire Fang|p2a: Magnezone
|-supereffective|p2a: Magnezone
|-damage|p2a: Magnezone|22/100
|-enditem|p2a: Magnezone|Air Balloon
|move|p2a: Magnezone|Flash Cannon|p1a: Gliscor
|-damage|p1a: Gliscor|0 fnt
|faint|p1a: Gliscor
|
|upkeep
|inactive|doughman13 has 120 seconds left.
|
|t:|1760453567
|switch|p1a: Cinderace|Cinderace, M|100/100
|turn|4
|
|t:|1760453579
|move|p1a: Cinderace|Pyro Ball|p2a: Magnezone
|-supereffective|p2a: Magnezone
|-damage|p2a: Magnezone|0 fnt
|faint|p2a: Magnezone
|
|upkeep
|
|t:|1760453584
|switch|p2a: Magcargo|Magcargo, M, tera:Fire|100/100
|turn|5
|
|t:|1760453590
|move|p1a: Cinderace|U-turn|p2a: Magcargo
|-start|p1a: Cinderace|typechange|Bug|[from] ability: Libero
|-resisted|p2a: Magcargo
|-damage|p2a: Magcargo|87/100
|
|t:|1760453596
|switch|p1a: Great Tusk|Great Tusk, shiny|100/100|[from] U-turn
|-enditem|p1a: Great Tusk|Booster Energy
|-activate|p1a: Great Tusk|ability: Protosynthesis|[fromitem]
|-start|p1a: Great Tusk|protosynthesisatk
|move|p2a: Magcargo|Stealth Rock|p1a: Great Tusk
|-sidestart|p1: doughman13|move: Stealth Rock
|
|upkeep
|turn|6
|
|t:|1760453613
|move|p1a: Great Tusk|Earthquake|p2a: Magcargo
|-supereffective|p2a: Magcargo
|-damage|p2a: Magcargo|0 fnt
|faint|p2a: Magcargo
|
|upkeep
|
|t:|1760453622
|switch|p2a: Conkeldurr|Conkeldurr, M|100/100
|turn|7
|
|t:|1760453640
|move|p1a: Great Tusk|Rapid Spin|p2a: Conkeldurr
|-damage|p2a: Conkeldurr|80/100
|-boost|p1a: Great Tusk|spe|1
|-sideend|p1: doughman13|Stealth Rock|[from] move: Rapid Spin|[of] p1a: Great Tusk
|move|p2a: Conkeldurr|Ice Punch|p1a: Great Tusk
|-supereffective|p1a: Great Tusk
|-damage|p1a: Great Tusk|52/100
|
|upkeep
|turn|8
|
|t:|1760453653
|move|p1a: Great Tusk|Earthquake|p2a: Conkeldurr
|-damage|p2a: Conkeldurr|24/100
|move|p2a: Conkeldurr|Drain Punch|p1a: Great Tusk
|-damage|p1a: Great Tusk|12/100
|-heal|p2a: Conkeldurr|42/100|[from] drain|[of] p1a: Great Tusk
|
|upkeep
|turn|9
|
|t:|1760453663
|move|p2a: Conkeldurr|Mach Punch|p1a: Great Tusk
|-damage|p1a: Great Tusk|0 fnt
|faint|p1a: Great Tusk
|-end|p1a: Great Tusk|Protosynthesis|[silent]
|
|upkeep
|inactive|doughman13 has 120 seconds left.
|inactive|doughman13 has 90 seconds left.
|
|t:|1760453717
|switch|p1a: Kingdra|Kingdra, M, shiny|100/100
|turn|10
|
|t:|1760453724
|move|p1a: Kingdra|Focus Energy|p1a: Kingdra
|-start|p1a: Kingdra|move: Focus Energy
|move|p2a: Conkeldurr|Drain Punch|p1a: Kingdra
|-damage|p1a: Kingdra|31/100
|-heal|p2a: Conkeldurr|66/100|[from] drain|[of] p1a: Kingdra
|
|upkeep
|turn|11
|l|☆doughman13
|inactive|doughman13 disconnected and has a minute to reconnect!
|player|p1|
|j|☆doughman13
|inactive|doughman13 reconnected and has 100 seconds left.
|player|p1|doughman13|cynthia-gen4|
|inactive|doughman13 has 90 seconds left.
|
|t:|1760453740
|move|p2a: Conkeldurr|Mach Punch|p1a: Kingdra
|-damage|p1a: Kingdra|0 fnt
|faint|p1a: Kingdra
|
|upkeep
|inactive|doughman13 has 90 seconds left.
|
|t:|1760453751
|switch|p1a: Cinderace|Cinderace, M|100/100
|turn|12
|
|t:|1760453757
|switch|p2a: Torterra|Torterra, F|100/100
|move|p1a: Cinderace|U-turn|p2a: Torterra
|-start|p1a: Cinderace|typechange|Bug|[from] ability: Libero
|-supereffective|p2a: Torterra
|-damage|p2a: Torterra|46/100
|inactive|doughman13 has 90 seconds left.
|
|t:|1760453775
|switch|p1a: Cloyster|Cloyster, M, shiny|100/100|[from] U-turn
|
|-heal|p2a: Torterra|52/100|[from] item: Leftovers
|upkeep
|turn|13
|inactive|doughman13 has 90 seconds left.
|
|t:|1760453788
|move|p1a: Cloyster|Shell Smash|p1a: Cloyster
|-unboost|p1a: Cloyster|def|1
|-unboost|p1a: Cloyster|spd|1
|-boost|p1a: Cloyster|atk|2
|-boost|p1a: Cloyster|spa|2
|-boost|p1a: Cloyster|spe|2
|-enditem|p1a: Cloyster|White Herb
|-clearnegativeboost|p1a: Cloyster|[silent]
|move|p2a: Torterra|Leech Seed|p1a: Cloyster
|-start|p1a: Cloyster|move: Leech Seed
|
|-heal|p2a: Torterra|58/100|[from] item: Leftovers
|-damage|p1a: Cloyster|88/100|[from] Leech Seed|[of] p2a: Torterra
|-heal|p2a: Torterra|65/100|[silent]
|upkeep
|turn|14
|inactive|doughman13 has 90 seconds left.
|
|t:|1760453803
|move|p1a: Cloyster|Icicle Spear|p2a: Torterra
|-supereffective|p2a: Torterra
|-damage|p2a: Torterra|5/100
|-supereffective|p2a: Torterra
|-damage|p2a: Torterra|0 fnt
|faint|p2a: Torterra
|-hitcount|p2: Torterra|2
|
|upkeep
|
|t:|1760453822
|switch|p2a: Conkeldurr|Conkeldurr, M|66/100
|turn|15
|
|t:|1760453826
|-terastallize|p1a: Cloyster|Ghost
|move|p1a: Cloyster|Tera Blast|p2a: Conkeldurr|[anim] Tera Blast Ghost
|-damage|p2a: Conkeldurr|9/100
|move|p2a: Conkeldurr|Drain Punch|p1a: Cloyster
|-immune|p1a: Cloyster
|
|-damage|p1a: Cloyster|76/100|[from] Leech Seed|[of] p2a: Conkeldurr
|-heal|p2a: Conkeldurr|16/100|[silent]
|upkeep
|turn|16
|
|t:|1760453839
|move|p1a: Cloyster|Tera Blast|p2a: Conkeldurr|[anim] Tera Blast Ghost
|-damage|p2a: Conkeldurr|0 fnt
|faint|p2a: Conkeldurr
|
|upkeep
|
|t:|1760453844
|switch|p2a: Porygon-Z|Porygon-Z|100/100
|turn|17
|
|t:|1760453850
|move|p1a: Cloyster|Icicle Spear|p2a: Porygon-Z
|-damage|p2a: Porygon-Z|68/100
|-damage|p2a: Porygon-Z|37/100
|-damage|p2a: Porygon-Z|9/100
|-damage|p2a: Porygon-Z|0 fnt
|faint|p2a: Porygon-Z
|-hitcount|p2: Porygon-Z|4
|
|upkeep
|
|t:|1760453858
|switch|p2a: Krookodile|Krookodile, F|100/100
|turn|18
|
|t:|1760453862
|move|p1a: Cloyster|Icicle Spear|p2a: Krookodile
|-supereffective|p2a: Krookodile
|-damage|p2a: Krookodile|53/100
|-supereffective|p2a: Krookodile
|-damage|p2a: Krookodile|2/100
|-supereffective|p2a: Krookodile
|-damage|p2a: Krookodile|0 fnt
|faint|p2a: Krookodile
|-hitcount|p2: Krookodile|3
|
|win|doughman13
|raw|doughman13's rating: 1087 &rarr; <strong>1117</strong><br />(+30 for winning)
|raw|JuliPabl's rating: 1120 &rarr; <strong>1093</strong><br />(-27 for losing)
|l|☆JuliPabl
|player|p2|
|l|☆doughman13
|player|p1|
