|j|☆Kennguyen21
|j|☆Rizz-Khalifa69
|t:|1760461241
|gametype|singles
|player|p1|Kennguyen21|101|1117
|player|p2|Rizz-Khalifa69|chuck|1107
|gen|9
|tier|[Gen 9] OU
|rated|
|rule|HP Percentage Mod: HP is shown in percentages
|rule|Endless Battle Clause: Forcing endless battles is banned
|rule|Species Clause: Limit one of each Pokémon
|rule|OHKO Clause: OHKO moves are banned
|rule|Evasion Items Clause: Evasion items are banned
|rule|Evasion Moves Clause: Evasion moves are banned
|rule|Evasion Abilities Clause: Evasion abilities are banned
|rule|Sleep Moves Clause: Sleep-inducing moves are banned
|clearpoke
|poke|p1|Great Tusk|
|poke|p1|Deoxys-Speed|
|poke|p1|Ogerpon-Wellspring, F|
|poke|p1|Blaziken, F|
|poke|p1|Enamorus, F|
|poke|p1|Darkrai|
|poke|p2|Magcargo, F|
|poke|p2|Dragonite, F|
|poke|p2|Dragapult, M|
|poke|p2|Iron Treads|
|poke|p2|Lokix, M|
|poke|p2|Volcanion|
|teampreview
|inactive|Battle timer is ON: inactive players will automatically lose when time's up. (requested by Kennguyen21)
|
|t:|1760461251
|teamsize|p1|6
|teamsize|p2|6
|start
|switch|p1a: Enamorus|Enamorus, F|100/100
|switch|p2a: Magcargo|Magcargo, F|100/100
|turn|1
|
|t:|1760461260
|move|p1a: Enamorus|Calm Mind|p1a: Enamorus
|-boost|p1a: Enamorus|spa|1
|-boost|p1a: Enamorus|spd|1
|move|p2a: Magcargo|Shell Smash|p2a: Magcargo
|-unboost|p2a: Magcargo|def|1
|-unboost|p2a: Magcargo|spd|1
|-boost|p2a: Magcargo|atk|2
|-boost|p2a: Magcargo|spa|2
|-boost|p2a: Magcargo|spe|2
|
|upkeep
|turn|2
|
|t:|1760461276
|-terastallize|p1a: Enamorus|Ground
|move|p2a: Magcargo|Shell Smash|p2a: Magcargo
|-unboost|p2a: Magcargo|def|1
|-unboost|p2a: Magcargo|spd|1
|-boost|p2a: Magcargo|atk|2
|-boost|p2a: Magcargo|spa|2
|-boost|p2a: Magcargo|spe|2
|move|p1a: Enamorus|Focus Blast|p2a: Magcargo
|-supereffective|p2a: Magcargo
|-enditem|p2a: Magcargo|Focus Sash
|-damage|p2a: Magcargo|1/100
|
|upkeep
|turn|3
|
|t:|1760461288
|move|p2a: Magcargo|Flamethrower|p1a: Enamorus
|-damage|p1a: Enamorus|23/100
|move|p1a: Enamorus|Focus Blast|p2a: Magcargo
|-supereffective|p2a: Magcargo
|-damage|p2a: Magcargo|0 fnt
|faint|p2a: Magcargo
|
|upkeep
|
|t:|1760461296
|switch|p2a: Lokix|Lokix, M|100/100
|turn|4
|
|t:|1760461298
|move|p2a: Lokix|First Impression|p1a: Enamorus
|-damage|p1a: Enamorus|0 fnt
|faint|p1a: Enamorus
|
|upkeep
|
|t:|1760461302
|switch|p1a: Blaziken|Blaziken, F|100/100
|turn|5
|
|t:|1760461309
|switch|p2a: Dragonite|Dragonite, F|100/100
|move|p1a: Blaziken|Swords Dance|p1a: Blaziken
|-boost|p1a: Blaziken|atk|2
|
|-ability|p1a: Blaziken|Speed Boost|boost
|-boost|p1a: Blaziken|spe|1
|upkeep
|turn|6
|
|t:|1760461328
|move|p1a: Blaziken|Protect|p1a: Blaziken
|-singleturn|p1a: Blaziken|Protect
|move|p2a: Dragonite|Earthquake|p1a: Blaziken
|-activate|p1a: Blaziken|move: Protect
|
|-ability|p1a: Blaziken|Speed Boost|boost
|-boost|p1a: Blaziken|spe|1
|upkeep
|turn|7
|
|t:|1760461336
|move|p1a: Blaziken|Flare Blitz|p2a: Dragonite
|-resisted|p2a: Dragonite
|-damage|p2a: Dragonite|64/100
|-damage|p1a: Blaziken|88/100|[from] Recoil
|move|p2a: Dragonite|Earthquake|p1a: Blaziken
|-supereffective|p1a: Blaziken
|-damage|p1a: Blaziken|0 fnt
|faint|p1a: Blaziken
|
|upkeep
|
|t:|1760461344
|switch|p1a: Darkrai|Darkrai|100/100
|turn|8
|
|t:|1760461348
|move|p2a: Dragonite|Extreme Speed|p1a: Darkrai
|-damage|p1a: Darkrai|61/100
|move|p1a: Darkrai|Ice Beam|p2a: Dragonite
|-supereffective|p2a: Dragonite
|-damage|p2a: Dragonite|0 fnt
|faint|p2a: Dragonite
|
|upkeep
|
|t:|1760461354
|switch|p2a: Lokix|Lokix, M|100/100
|turn|9
|
|t:|1760461370
|move|p1a: Darkrai|Ice Beam|p2a: Lokix
|-damage|p2a: Lokix|29/100
|move|p2a: Lokix|U-turn|p1a: Darkrai
|-supereffective|p1a: Darkrai
|-damage|p1a: Darkrai|0 fnt
|faint|p1a: Darkrai
|
|t:|1760461382
|switch|p2a: Iron Treads|Iron Treads|100/100|[from] U-turn
|-enditem|p2a: Iron Treads|Booster Energy
|-activate|p2a: Iron Treads|ability: Quark Drive|[fromitem]
|-start|p2a: Iron Treads|quarkdriveatk
|
|upkeep
|
|t:|1760461390
|switch|p1a: Great Tusk|Great Tusk|100/100
|-enditem|p1a: Great Tusk|Booster Energy
|-activate|p1a: Great Tusk|ability: Protosynthesis|[fromitem]
|-start|p1a: Great Tusk|protosynthesisatk
|turn|10
|
|t:|1760461402
|move|p2a: Iron Treads|Ice Spinner|p1a: Great Tusk
|-supereffective|p1a: Great Tusk
|-damage|p1a: Great Tusk|43/100
|move|p1a: Great Tusk|Rapid Spin|p2a: Iron Treads
|-resisted|p2a: Iron Treads
|-damage|p2a: Iron Treads|89/100
|-boost|p1a: Great Tusk|spe|1
|
|upkeep
|turn|11
|
|t:|1760461414
|move|p1a: Great Tusk|Headlong Rush|p2a: Iron Treads
|-supereffective|p2a: Iron Treads
|-damage|p2a: Iron Treads|0 fnt
|-unboost|p1a: Great Tusk|def|1
|-unboost|p1a: Great Tusk|spd|1
|faint|p2a: Iron Treads
|-end|p2a: Iron Treads|Quark Drive|[silent]
|
|upkeep
|
|t:|1760461420
|switch|p2a: Dragapult|Dragapult, M|100/100
|turn|12
|
|t:|1760461426
|move|p1a: Great Tusk|Ice Spinner|p2a: Dragapult
|-supereffective|p2a: Dragapult
|-damage|p2a: Dragapult|0 fnt
|faint|p2a: Dragapult
|
|upkeep
|
|t:|1760461437
|switch|p2a: Lokix|Lokix, M|29/100
|turn|13
|
|t:|1760461446
|move|p2a: Lokix|First Impression|p1a: Great Tusk
|-resisted|p1a: Great Tusk
|-damage|p1a: Great Tusk|0 fnt
|faint|p1a: Great Tusk
|-end|p1a: Great Tusk|Protosynthesis|[silent]
|
|upkeep
|
|t:|1760461452
|switch|p1a: Deoxys|Deoxys-Speed|100/100
|-ability|p1a: Deoxys|Pressure
|turn|14
|
|t:|1760461456
|move|p2a: Lokix|First Impression||[still]
|-hint|First Impression only works on your first turn out.
|-fail|p2a: Lokix
|move|p1a: Deoxys|Psycho Boost|p2a: Lokix
|-immune|p2a: Lokix
|
|upkeep
|turn|15
|
|t:|1760461463
|move|p2a: Lokix|First Impression||[still]
|-hint|First Impression only works on your first turn out.
|-fail|p2a: Lokix
|move|p1a: Deoxys|Spikes|p2a: Lokix
|-sidestart|p2: Rizz-Khalifa69|Spikes
|
|upkeep
|turn|16
|
|t:|1760461467
|move|p2a: Lokix|First Impression||[still]
|-hint|First Impression only works on your first turn out.
|-fail|p2a: Lokix
|move|p1a: Deoxys|Stealth Rock|p2a: Lokix
|-sidestart|p2: Rizz-Khalifa69|move: Stealth Rock
|
|upkeep
|turn|17
|
|t:|1760461476
|switch|p1a: Ogerpon|Ogerpon-Wellspring, F|100/100
|move|p2a: Lokix|First Impression||[still]
|-hint|First Impression only works on your first turn out.
|-fail|p2a: Lokix
|
|upkeep
|turn|18
|
|t:|1760461483
|move|p2a: Lokix|First Impression||[still]
|-hint|First Impression only works on your first turn out.
|-fail|p2a: Lokix
|move|p1a: Ogerpon|Swords Dance|p1a: Ogerpon
|-boost|p1a: Ogerpon|atk|2
|
|upkeep
|turn|19
|-message|Rizz-Khalifa69 forfeited.
|
|win|Kennguyen21
|raw|Kennguyen21's rating: 1117 &rarr; <strong>1141</strong><br />(+24 for winning)
|raw|Rizz-Khalifa69's rating: 1107 &rarr; <strong>1083</strong><br />(-24 for losing)
|l|☆Rizz-Khalifa69
|player|p2|
|l|☆Kennguyen21
|player|p1|
