|j|☆yodimjay
|j|☆rou5yaya
|t:|1760416410
|gametype|singles
|player|p1|yodimjay|hugh|1233
|player|p2|rou5yaya|265|1293
|gen|9
|tier|[Gen 9] OU
|rated|
|rule|HP Percentage Mod: HP is shown in percentages
|rule|Endless Battle Clause: Forcing endless battles is banned
|rule|Species Clause: Limit one of each Pokémon
|rule|OHKO Clause: OHKO moves are banned
|rule|Evasion Items Clause: Evasion items are banned
|rule|Evasion Moves Clause: Evasion moves are banned
|rule|Evasion Abilities Clause: Evasion abilities are banned
|rule|Sleep Moves Clause: Sleep-inducing moves are banned
|clearpoke
|poke|p1|Cinderace, F|
|poke|p1|Meowscarada, F|
|poke|p1|Quaquaval, F|
|poke|p1|Slowking-Galar, F|
|poke|p1|Corviknight, F|
|poke|p1|Darkrai|
|poke|p2|Walking Wake|
|poke|p2|Torkoal, M|
|poke|p2|Great Tusk|
|poke|p2|Magnezone|
|poke|p2|Landorus-Therian, M|
|poke|p2|Rotom-Wash|
|teampreview
|inactive|Battle timer is ON: inactive players will automatically lose when time's up. (requested by yodimjay)
|
|t:|1760416422
|teamsize|p1|6
|teamsize|p2|6
|start
|switch|p1a: Curse|Darkrai|100/100
|switch|p2a: Rotom|Rotom-Wash|100/100
|turn|1
|
|t:|1760416434
|move|p1a: Curse|Dark Pulse|p2a: Rotom
|-damage|p2a: Rotom|38/100
|cant|p2a: Rotom|flinch
|
|-heal|p2a: Rotom|44/100|[from] item: Leftovers
|upkeep
|turn|2
|
|t:|1760416442
|switch|p2a: Magnezone|Magnezone|100/100
|move|p1a: Curse|Dark Pulse|p2a: Magnezone
|-damage|p2a: Magnezone|61/100
|
|upkeep
|turn|3
|
|t:|1760416449
|switch|p1a: Viola|Slowking-Galar, F|100/100
|move|p2a: Magnezone|Volt Switch|p1a: Viola
|-damage|p1a: Viola|83/100
|
|t:|1760416458
|switch|p2a: Landorus|Landorus-Therian, M|100/100|[from] Volt Switch
|-ability|p2a: Landorus|Intimidate|boost
|-unboost|p1a: Viola|atk|1
|
|-heal|p1a: Viola|89/100|[from] item: Leftovers
|upkeep
|turn|4
|
|t:|1760416470
|switch|p1a: Galewind|Corviknight, F|100/100
|-ability|p1a: Galewind|Pressure
|move|p2a: Landorus|Earthquake|p1a: Galewind
|-immune|p1a: Galewind
|
|upkeep
|turn|5
|
|t:|1760416478
|switch|p2a: Rotom|Rotom-Wash|44/100
|move|p1a: Galewind|U-turn|p2a: Rotom
|-damage|p2a: Rotom|33/100
|
|t:|1760416493
|switch|p1a: Ivy|Meowscarada, F, shiny|100/100|[from] U-turn
|
|-heal|p2a: Rotom|39/100|[from] item: Leftovers
|upkeep
|turn|6
|
|t:|1760416503
|move|p1a: Ivy|Knock Off|p2a: Rotom
|-start|p1a: Ivy|typechange|Dark|[from] ability: Protean
|-damage|p2a: Rotom|0 fnt
|-enditem|p2a: Rotom|Leftovers|[from] move: Knock Off|[of] p1a: Ivy
|faint|p2a: Rotom
|
|upkeep
|
|t:|1760416508
|switch|p2a: Landorus|Landorus-Therian, M|100/100
|-ability|p2a: Landorus|Intimidate|boost
|-unboost|p1a: Ivy|atk|1
|turn|7
|
|t:|1760416517
|switch|p1a: Galewind|Corviknight, F|100/100
|-ability|p1a: Galewind|Pressure
|move|p2a: Landorus|U-turn|p1a: Galewind
|-resisted|p1a: Galewind
|-damage|p1a: Galewind|97/100
|-damage|p2a: Landorus|84/100|[from] item: Rocky Helmet|[of] p1a: Galewind
|
|t:|1760416520
|switch|p2a: Magnezone|Magnezone|61/100|[from] U-turn
|
|upkeep
|turn|8
|
|t:|1760416529
|move|p2a: Magnezone|Discharge|p1a: Galewind
|-supereffective|p1a: Galewind
|-damage|p1a: Galewind|32/100
|-status|p1a: Galewind|par
|move|p1a: Galewind|U-turn|p2a: Magnezone
|-resisted|p2a: Magnezone
|-damage|p2a: Magnezone|55/100
|l|☆rou5yaya
|inactive|rou5yaya disconnected and has a minute to reconnect!
|player|p2|
|
|t:|1760416539
|switch|p1a: Cindy|Cinderace, F, shiny|100/100|[from] U-turn
|
|upkeep
|turn|9
|j|☆rou5yaya
|inactive|rou5yaya reconnected and has 145 seconds left.
|player|p2|rou5yaya|265|
|
|t:|1760416553
|switch|p2a: Great Tusk|Great Tusk|100/100
|move|p1a: Cindy|Pyro Ball|p2a: Great Tusk
|-damage|p2a: Great Tusk|63/100
|
|-heal|p2a: Great Tusk|69/100|[from] item: Leftovers
|upkeep
|turn|10
|
|t:|1760416561
|move|p1a: Cindy|U-turn|p2a: Great Tusk
|-start|p1a: Cindy|typechange|Bug|[from] ability: Libero
|-resisted|p2a: Great Tusk
|-damage|p2a: Great Tusk|58/100
|
|t:|1760416566
|switch|p1a: Galewind|Corviknight, F|32/100 par|[from] U-turn
|-ability|p1a: Galewind|Pressure
|move|p2a: Great Tusk|Rapid Spin|p1a: Galewind
|-resisted|p1a: Galewind
|-damage|p1a: Galewind|27/100 par
|-boost|p2a: Great Tusk|spe|1
|-damage|p2a: Great Tusk|41/100|[from] item: Rocky Helmet|[of] p1a: Galewind
|
|-heal|p2a: Great Tusk|47/100|[from] item: Leftovers
|upkeep
|turn|11
|
|t:|1760416578
|move|p2a: Great Tusk|Bulk Up|p2a: Great Tusk
|-boost|p2a: Great Tusk|atk|1
|-boost|p2a: Great Tusk|def|1
|move|p1a: Galewind|Roost|p1a: Galewind
|-heal|p1a: Galewind|77/100 par
|-singleturn|p1a: Galewind|move: Roost
|
|-heal|p2a: Great Tusk|54/100|[from] item: Leftovers
|upkeep
|turn|12
|
|t:|1760416587
|move|p2a: Great Tusk|Bulk Up|p2a: Great Tusk
|-boost|p2a: Great Tusk|atk|1
|-boost|p2a: Great Tusk|def|1
|move|p1a: Galewind|Brave Bird|p2a: Great Tusk
|-supereffective|p2a: Great Tusk
|-damage|p2a: Great Tusk|29/100
|-damage|p1a: Galewind|68/100 par|[from] Recoil
|
|-heal|p2a: Great Tusk|35/100|[from] item: Leftovers
|upkeep
|turn|13
|
|t:|1760416598
|-terastallize|p2a: Great Tusk|Steel
|move|p2a: Great Tusk|Rapid Spin|p1a: Galewind
|-resisted|p1a: Galewind
|-damage|p1a: Galewind|59/100 par
|-boost|p2a: Great Tusk|spe|1
|-damage|p2a: Great Tusk|19/100|[from] item: Rocky Helmet|[of] p1a: Galewind
|move|p1a: Galewind|U-turn|p2a: Great Tusk
|-resisted|p2a: Great Tusk
|-damage|p2a: Great Tusk|16/100
|
|t:|1760416610
|switch|p1a: Cindy|Cinderace, F, shiny|100/100|[from] U-turn
|
|-heal|p2a: Great Tusk|22/100|[from] item: Leftovers
|upkeep
|turn|14
|
|t:|1760416617
|move|p1a: Cindy|Sucker Punch|p2a: Great Tusk
|-start|p1a: Cindy|typechange|Dark|[from] ability: Libero
|-damage|p2a: Great Tusk|12/100
|move|p2a: Great Tusk|Headlong Rush|p1a: Cindy
|-damage|p1a: Cindy|0 fnt
|-unboost|p2a: Great Tusk|def|1
|-unboost|p2a: Great Tusk|spd|1
|faint|p1a: Cindy
|
|-heal|p2a: Great Tusk|18/100|[from] item: Leftovers
|upkeep
|
|t:|1760416637
|switch|p1a: Ivy|Meowscarada, F, shiny|100/100
|turn|15
|
|t:|1760416643
|-terastallize|p1a: Ivy|Grass
|move|p2a: Great Tusk|Ice Spinner|p1a: Ivy
|-supereffective|p1a: Ivy
|-damage|p1a: Ivy|0 fnt
|faint|p1a: Ivy
|
|-heal|p2a: Great Tusk|25/100|[from] item: Leftovers
|upkeep
|-message|yodimjay forfeited.
|
|win|rou5yaya
|raw|yodimjay's rating: 1233 &rarr; <strong>1212</strong><br />(-21 for losing)
|raw|rou5yaya's rating: 1293 &rarr; <strong>1314</strong><br />(+21 for winning)
|l|☆yodimjay
|player|p1|
|l|☆rou5yaya
|player|p2|
