|j|☆obezer
|j|☆ultraaero
|t:|1760451750
|gametype|singles
|player|p1|obezer|101|1176
|player|p2|ultraaero|skierf|1171
|gen|9
|tier|[Gen 9] OU
|rated|
|rule|HP Percentage Mod: HP is shown in percentages
|rule|Endless Battle Clause: Forcing endless battles is banned
|rule|Species Clause: Limit one of each Pokémon
|rule|OHKO Clause: OHKO moves are banned
|rule|Evasion Items Clause: Evasion items are banned
|rule|Evasion Moves Clause: Evasion moves are banned
|rule|Evasion Abilities Clause: Evasion abilities are banned
|rule|Sleep Moves Clause: Sleep-inducing moves are banned
|clearpoke
|poke|p1|Kleavor, M|
|poke|p1|Rillaboom, F|
|poke|p1|Slowking-Galar, M|
|poke|p1|Sinistcha|
|poke|p1|Talonflame, F|
|poke|p1|Bellibolt, F|
|poke|p2|Corviknight, F|
|poke|p2|Gliscor, M|
|poke|p2|Vaporeon, F|
|poke|p2|Cinderace, F|
|poke|p2|Raichu-Alola, M|
|poke|p2|Iron Moth|
|teampreview
|inactive|Battle timer is ON: inactive players will automatically lose when time's up. (requested by ultraaero)
|
|t:|1760451769
|teamsize|p1|6
|teamsize|p2|6
|start
|switch|p1a: Kleavor|Kleavor, M|100/100
|switch|p2a: Cinderace|Cinderace, F|100/100
|turn|1
|
|t:|1760451776
|move|p1a: Kleavor|Stone Axe|p2a: Cinderace
|-supereffective|p2a: Cinderace
|-damage|p2a: Cinderace|0 fnt
|-sidestart|p2: ultraaero|move: Stealth Rock
|faint|p2a: Cinderace
|
|upkeep
|
|t:|1760451781
|switch|p2a: Corviknight|Corviknight, F|100/100
|-damage|p2a: Corviknight|88/100|[from] Stealth Rock
|-ability|p2a: Corviknight|Pressure
|turn|2
|
|t:|1760451787
|switch|p1a: Bellibolt|Bellibolt, F|100/100
|move|p2a: Corviknight|Reflect|p2a: Corviknight
|-sidestart|p2: ultraaero|Reflect
|
|upkeep
|turn|3
|
|t:|1760451793
|move|p2a: Corviknight|Defog|p1a: Bellibolt
|-unboost|p1a: Bellibolt|evasion|1
|-sideend|p2: ultraaero|Stealth Rock|[from] move: Defog|[of] p2a: Corviknight
|move|p1a: Bellibolt|Muddy Water|p2a: Corviknight
|-damage|p2a: Corviknight|66/100
|
|upkeep
|turn|4
|
|t:|1760451808
|switch|p2a: Vaporeon|Vaporeon, F|100/100
|move|p1a: Bellibolt|Charge Beam|p2a: Vaporeon
|-supereffective|p2a: Vaporeon
|-damage|p2a: Vaporeon|75/100
|
|-heal|p2a: Vaporeon|81/100|[from] item: Leftovers
|upkeep
|turn|5
|
|t:|1760451816
|move|p2a: Vaporeon|Calm Mind|p2a: Vaporeon
|-boost|p2a: Vaporeon|spa|1
|-boost|p2a: Vaporeon|spd|1
|move|p1a: Bellibolt|Charge Beam|p2a: Vaporeon
|-supereffective|p2a: Vaporeon
|-damage|p2a: Vaporeon|61/100
|-boost|p1a: Bellibolt|spa|1
|
|-heal|p2a: Vaporeon|67/100|[from] item: Leftovers
|upkeep
|turn|6
|
|t:|1760451826
|move|p2a: Vaporeon|Calm Mind|p2a: Vaporeon
|-boost|p2a: Vaporeon|spa|1
|-boost|p2a: Vaporeon|spd|1
|move|p1a: Bellibolt|Charge Beam|p2a: Vaporeon
|-supereffective|p2a: Vaporeon
|-crit|p2a: Vaporeon
|-damage|p2a: Vaporeon|4/100
|-boost|p1a: Bellibolt|spa|1
|
|-heal|p2a: Vaporeon|10/100|[from] item: Leftovers
|-sideend|p2: ultraaero|Reflect
|upkeep
|turn|7
|
|t:|1760451836
|move|p2a: Vaporeon|Scald|p1a: Bellibolt
|-damage|p1a: Bellibolt|50/100
|-start|p1a: Bellibolt|Charge|Scald|[from] ability: Electromorphosis
|move|p1a: Bellibolt|Mud-Slap|p2a: Vaporeon
|-damage|p2a: Vaporeon|7/100
|-unboost|p2a: Vaporeon|accuracy|1
|
|-heal|p2a: Vaporeon|13/100|[from] item: Leftovers
|upkeep
|turn|8
|
|t:|1760451847
|move|p2a: Vaporeon|Scald|p1a: Bellibolt
|-crit|p1a: Bellibolt
|-damage|p1a: Bellibolt|0 fnt
|faint|p1a: Bellibolt
|
|-heal|p2a: Vaporeon|19/100|[from] item: Leftovers
|upkeep
|
|t:|1760451854
|switch|p1a: Kleavor|Kleavor, M|100/100
|turn|9
|
|t:|1760451859
|move|p1a: Kleavor|U-turn|p2a: Vaporeon
|-damage|p2a: Vaporeon|0 fnt
|faint|p2a: Vaporeon
|
|t:|1760451872
|switch|p1a: Talonflame|Talonflame, F|100/100|[from] U-turn
|
|upkeep
|
|t:|1760451877
|switch|p2a: Iron Moth|Iron Moth|100/100
|-enditem|p2a: Iron Moth|Booster Energy
|-activate|p2a: Iron Moth|ability: Quark Drive|[fromitem]
|-start|p2a: Iron Moth|quarkdrivespa
|turn|10
|
|t:|1760451884
|switch|p1a: Slowking|Slowking-Galar, M|100/100
|move|p2a: Iron Moth|Sludge Wave|p1a: Slowking
|-resisted|p1a: Slowking
|-damage|p1a: Slowking|82/100
|
|upkeep
|turn|11
|
|t:|1760451891
|move|p2a: Iron Moth|Electric Terrain|p2a: Iron Moth
|-fieldstart|move: Electric Terrain
|move|p1a: Slowking|Surf|p2a: Iron Moth
|-supereffective|p2a: Iron Moth
|-crit|p2a: Iron Moth
|-damage|p2a: Iron Moth|3/100
|
|upkeep
|turn|12
|
|t:|1760451899
|move|p2a: Iron Moth|Fiery Dance|p1a: Slowking
|-damage|p1a: Slowking|51/100
|move|p1a: Slowking|Surf|p2a: Iron Moth
|-supereffective|p2a: Iron Moth
|-damage|p2a: Iron Moth|0 fnt
|faint|p2a: Iron Moth
|-end|p2a: Iron Moth|Quark Drive|[silent]
|
|upkeep
|
|t:|1760451907
|switch|p2a: Raichu|Raichu-Alola, M|100/100
|turn|13
|
|t:|1760451912
|switch|p1a: Rillaboom|Rillaboom, F|100/100
|-fieldstart|move: Grassy Terrain|[from] ability: Grassy Surge|[of] p1a: Rillaboom
|move|p2a: Raichu|Thunderbolt|p1a: Rillaboom
|-resisted|p1a: Rillaboom
|-damage|p1a: Rillaboom|67/100
|-damage|p2a: Raichu|91/100|[from] item: Life Orb
|
|-heal|p2a: Raichu|97/100|[from] Grassy Terrain
|-heal|p1a: Rillaboom|73/100|[from] Grassy Terrain
|upkeep
|turn|14
|
|t:|1760451923
|switch|p2a: Corviknight|Corviknight, F|66/100
|-ability|p2a: Corviknight|Pressure
|move|p1a: Rillaboom|Knock Off|p2a: Corviknight
|-damage|p2a: Corviknight|39/100
|-damage|p1a: Rillaboom|57/100|[from] item: Rocky Helmet|[of] p2a: Corviknight
|-enditem|p2a: Corviknight|Rocky Helmet|[from] move: Knock Off|[of] p1a: Rillaboom
|-damage|p1a: Rillaboom|47/100|[from] item: Life Orb
|
|-heal|p1a: Rillaboom|53/100|[from] Grassy Terrain
|upkeep
|turn|15
|
|t:|1760451936
|move|p1a: Rillaboom|U-turn|p2a: Corviknight
|-resisted|p2a: Corviknight
|-damage|p2a: Corviknight|35/100
|-damage|p1a: Rillaboom|43/100|[from] item: Life Orb
|
|t:|1760451941
|switch|p1a: Talonflame|Talonflame, F|100/100|[from] U-turn
|move|p2a: Corviknight|Reflect|p2a: Corviknight
|-sidestart|p2: ultraaero|Reflect
|
|upkeep
|turn|16
|
|t:|1760451949
|switch|p2a: Gliscor|Gliscor, M|100/100
|move|p1a: Talonflame|Will-O-Wisp|p2a: Gliscor
|-status|p2a: Gliscor|brn
|
|-damage|p2a: Gliscor|94/100 brn|[from] brn
|upkeep
|turn|17
|
|t:|1760451962
|switch|p1a: Sinistcha|Sinistcha|100/100
|move|p2a: Gliscor|Knock Off|p1a: Sinistcha
|-supereffective|p1a: Sinistcha
|-damage|p1a: Sinistcha|87/100
|-enditem|p1a: Sinistcha|Covert Cloak|[from] move: Knock Off|[of] p2a: Gliscor
|
|-heal|p1a: Sinistcha|93/100|[from] Grassy Terrain
|-damage|p2a: Gliscor|88/100 brn|[from] brn
|-fieldend|move: Grassy Terrain
|upkeep
|turn|18
|
|t:|1760451973
|switch|p2a: Corviknight|Corviknight, F|35/100
|-ability|p2a: Corviknight|Pressure
|-terastallize|p1a: Sinistcha|Poison
|move|p1a: Sinistcha|Calm Mind|p1a: Sinistcha
|-boost|p1a: Sinistcha|spa|1
|-boost|p1a: Sinistcha|spd|1
|
|upkeep
|turn|19
|
|t:|1760451983
|move|p1a: Sinistcha|Calm Mind|p1a: Sinistcha
|-boost|p1a: Sinistcha|spa|1
|-boost|p1a: Sinistcha|spd|1
|move|p2a: Corviknight|Roost|p2a: Corviknight
|-heal|p2a: Corviknight|85/100
|-singleturn|p2a: Corviknight|move: Roost
|
|-sideend|p2: ultraaero|Reflect
|upkeep
|turn|20
|
|t:|1760451991
|move|p1a: Sinistcha|Calm Mind|p1a: Sinistcha
|-boost|p1a: Sinistcha|spa|1
|-boost|p1a: Sinistcha|spd|1
|move|p2a: Corviknight|Iron Head|p1a: Sinistcha
|-damage|p1a: Sinistcha|77/100
|
|upkeep
|turn|21
|
|t:|1760451998
|move|p1a: Sinistcha|Calm Mind|p1a: Sinistcha
|-boost|p1a: Sinistcha|spa|1
|-boost|p1a: Sinistcha|spd|1
|move|p2a: Corviknight|Iron Head|p1a: Sinistcha
|-damage|p1a: Sinistcha|61/100
|
|upkeep
|turn|22
|
|t:|1760452005
|move|p1a: Sinistcha|Strength Sap|p2a: Corviknight
|-unboost|p2a: Corviknight|atk|1
|-heal|p1a: Sinistcha|100/100
|move|p2a: Corviknight|Iron Head|p1a: Sinistcha
|-damage|p1a: Sinistcha|90/100
|
|upkeep
|turn|23
|
|t:|1760452013
|switch|p2a: Raichu|Raichu-Alola, M|97/100
|move|p1a: Sinistcha|Shadow Ball|p2a: Raichu
|-supereffective|p2a: Raichu
|-damage|p2a: Raichu|0 fnt
|faint|p2a: Raichu
|
|upkeep
|
|t:|1760452021
|switch|p2a: Gliscor|Gliscor, M|88/100 brn
|turn|24
|
|t:|1760452024
|move|p2a: Gliscor|Earthquake|p1a: Sinistcha
|-supereffective|p1a: Sinistcha
|-damage|p1a: Sinistcha|69/100
|move|p1a: Sinistcha|Matcha Gotcha|p2a: Gliscor
|-damage|p2a: Gliscor|0 fnt
|-heal|p1a: Sinistcha|100/100|[from] drain|[of] p2a: Gliscor
|faint|p2a: Gliscor
|
|upkeep
|
|t:|1760452034
|switch|p2a: Corviknight|Corviknight, F|85/100
|-ability|p2a: Corviknight|Pressure
|turn|25
|
|t:|1760452044
|move|p1a: Sinistcha|Shadow Ball|p2a: Corviknight
|-damage|p2a: Corviknight|0 fnt
|faint|p2a: Corviknight
|
|win|obezer
|raw|obezer's rating: 1176 &rarr; <strong>1201</strong><br />(+25 for winning)
|raw|ultraaero's rating: 1171 &rarr; <strong>1146</strong><br />(-25 for losing)
|l|☆ultraaero
|player|p2|
|l|☆obezer
|player|p1|
