|j|☆Treadmill2000
|j|☆random05
|t:|1760452169
|gametype|singles
|player|p1|Treadmill2000|265|1135
|player|p2|random05|steven|1170
|gen|9
|tier|[Gen 9] OU
|rated|
|rule|HP Percentage Mod: HP is shown in percentages
|rule|Endless Battle Clause: Forcing endless battles is banned
|rule|Species Clause: Limit one of each Pokémon
|rule|OHKO Clause: OHKO moves are banned
|rule|Evasion Items Clause: Evasion items are banned
|rule|Evasion Moves Clause: Evasion moves are banned
|rule|Evasion Abilities Clause: Evasion abilities are banned
|rule|Sleep Moves Clause: Sleep-inducing moves are banned
|clearpoke
|poke|p1|Alomomola, M|
|poke|p1|Landorus-Therian, M|
|poke|p1|Slowking-Galar, M|
|poke|p1|Moltres|
|poke|p1|Kyurem|
|poke|p1|Ditto|
|poke|p2|Deoxys-Speed|
|poke|p2|Clefable, M|
|poke|p2|Hatterene, F|
|poke|p2|Froslass, F|
|poke|p2|Articuno|
|poke|p2|Chandelure, M|
|teampreview
|
|t:|1760452177
|teamsize|p1|6
|teamsize|p2|6
|start
|switch|p1a: Landorus|Landorus-Therian, M|100/100
|switch|p2a: Froslass|Froslass, F|100/100
|-ability|p1a: Landorus|Intimidate|boost
|-unboost|p2a: Froslass|atk|1
|turn|1
|
|t:|1760452193
|switch|p1a: Slowking|Slowking-Galar, M|100/100
|move|p2a: Froslass|Triple Axel|p1a: Slowking
|-damage|p1a: Slowking|95/100
|-damage|p1a: Slowking|85/100
|-damage|p1a: Slowking|68/100
|-hitcount|p1a: Slowking|3
|
|upkeep
|turn|2
|
|t:|1760452204
|move|p2a: Froslass|Taunt|p1a: Slowking
|-start|p1a: Slowking|move: Taunt
|move|p1a: Slowking|Fire Blast|p2a: Froslass|[miss]
|-miss|p1a: Slowking|p2a: Froslass
|
|upkeep
|turn|3
|inactive|Battle timer is ON: inactive players will automatically lose when time's up. (requested by Treadmill2000)
|
|t:|1760452230
|switch|p2a: Clefable|Clefable, M|100/100
|move|p1a: Slowking|Fire Blast|p2a: Clefable
|-damage|p2a: Clefable|63/100
|
|-heal|p2a: Clefable|69/100|[from] item: Leftovers
|upkeep
|turn|4
|
|t:|1760452238
|move|p2a: Clefable|Stealth Rock|p1a: Slowking
|-sidestart|p1: Treadmill2000|move: Stealth Rock
|move|p1a: Slowking|Sludge Bomb|p2a: Clefable
|-supereffective|p2a: Clefable
|-damage|p2a: Clefable|0 fnt
|faint|p2a: Clefable
|
|-end|p1a: Slowking|move: Taunt
|upkeep
|
|t:|1760452246
|switch|p2a: Deoxys|Deoxys-Speed|100/100
|-ability|p2a: Deoxys|Pressure
|turn|5
|
|t:|1760452251
|move|p2a: Deoxys|Nasty Plot|p2a: Deoxys
|-boost|p2a: Deoxys|spa|2
|move|p1a: Slowking|Sludge Bomb|p2a: Deoxys
|-damage|p2a: Deoxys|28/100
|
|upkeep
|turn|6
|
|t:|1760452260
|move|p2a: Deoxys|Psycho Boost|p1a: Slowking
|-crit|p1a: Slowking
|-damage|p1a: Slowking|0 fnt
|-unboost|p2a: Deoxys|spa|2
|faint|p1a: Slowking
|
|upkeep
|
|t:|1760452267
|switch|p1a: Ditto|Ditto|100/100
|-damage|p1a: Ditto|88/100|[from] Stealth Rock
|-transform|p1a: Ditto|p2a: Deoxys|[from] ability: Imposter
|-ability|p1a: Ditto|Pressure
|turn|7
|
|t:|1760452277
|switch|p2a: Hatterene|Hatterene, F|100/100
|move|p1a: Ditto|Thunderbolt|p2a: Hatterene
|-damage|p2a: Hatterene|83/100
|
|upkeep
|turn|8
|
|t:|1760452284
|switch|p1a: Landorus|Landorus-Therian, M|100/100
|-damage|p1a: Landorus|88/100|[from] Stealth Rock
|-ability|p1a: Landorus|Intimidate|boost
|-unboost|p2a: Hatterene|atk|1
|move|p2a: Hatterene|Nuzzle|p1a: Landorus
|-immune|p1a: Landorus
|
|upkeep
|turn|9
|
|t:|1760452295
|switch|p2a: Articuno|Articuno|100/100
|-ability|p2a: Articuno|Pressure
|move|p1a: Landorus|Rock Slide|p2a: Articuno
|-supereffective|p2a: Articuno
|-damage|p2a: Articuno|0 fnt
|faint|p2a: Articuno
|
|upkeep
|
|t:|1760452301
|switch|p2a: Deoxys|Deoxys-Speed|28/100
|-ability|p2a: Deoxys|Pressure
|turn|10
|
|t:|1760452317
|move|p2a: Deoxys|Ice Beam|p1a: Landorus
|-supereffective|p1a: Landorus
|-damage|p1a: Landorus|0 fnt
|faint|p1a: Landorus
|
|upkeep
|
|t:|1760452327
|switch|p1a: Ditto|Ditto|88/100
|-damage|p1a: Ditto|76/100|[from] Stealth Rock
|-transform|p1a: Ditto|p2a: Deoxys|[from] ability: Imposter
|-ability|p1a: Ditto|Pressure
|turn|11
|
|t:|1760452336
|switch|p2a: Hatterene|Hatterene, F|83/100
|move|p1a: Ditto|Thunderbolt|p2a: Hatterene
|-damage|p2a: Hatterene|64/100
|
|upkeep
|turn|12
|
|t:|1760452342
|switch|p1a: Kyurem|Kyurem|100/100
|-ability|p1a: Kyurem|Pressure
|move|p2a: Hatterene|Draining Kiss|p1a: Kyurem
|-supereffective|p1a: Kyurem
|-damage|p1a: Kyurem|46/100
|-heal|p2a: Hatterene|100/100|[from] drain|[of] p1a: Kyurem
|
|upkeep
|turn|13
|
|t:|1760452370
|move|p1a: Kyurem|Ice Beam|p2a: Hatterene
|-damage|p2a: Hatterene|69/100
|move|p2a: Hatterene|Nuzzle|p1a: Kyurem
|-resisted|p1a: Kyurem
|-damage|p1a: Kyurem|45/100
|-status|p1a: Kyurem|par
|
|upkeep
|turn|14
|-message|Treadmill2000 forfeited.
|
|win|random05
|raw|Treadmill2000's rating: 1135 &rarr; <strong>1113</strong><br />(-22 for losing)
|raw|random05's rating: 1170 &rarr; <strong>1192</strong><br />(+22 for winning)
|l|☆Treadmill2000
|player|p1|
|l|☆random05
|player|p2|
