|badge|p2|bronze|gen9ubers|100-7
|uhtml|medal-msg|<div class="broadcast-blue">Curious what those medals under the avatar are? PS now has Ladder Seasons! For more information, check out the <a href="https://www.smogon.com/forums/threads/3740067/">thread on Smogon.</a></div>
|j|☆FaustoZ
|j|☆Dracokorosenai
|t:|1760374393
|gametype|singles
|player|p1|FaustoZ|dawn-gen4pt|1396
|player|p2|Dracokorosenai|gambler|1408
|gen|9
|tier|[Gen 9] OU
|rated|
|rule|HP Percentage Mod: HP is shown in percentages
|rule|Endless Battle Clause: Forcing endless battles is banned
|rule|Species Clause: Limit one of each Pokémon
|rule|OHKO Clause: OHKO moves are banned
|rule|Evasion Items Clause: Evasion items are banned
|rule|Evasion Moves Clause: Evasion moves are banned
|rule|Evasion Abilities Clause: Evasion abilities are banned
|rule|Sleep Moves Clause: Sleep-inducing moves are banned
|clearpoke
|poke|p1|Meowscarada, F|
|poke|p1|Toxapex, F|
|poke|p1|Corviknight, F|
|poke|p1|Scizor, F|
|poke|p1|Walking Wake|
|poke|p1|Heatran, F|
|poke|p2|Dragonite, F|
|poke|p2|Darkrai|
|poke|p2|Zamazenta-*|
|poke|p2|Ditto|
|poke|p2|Iron Moth|
|poke|p2|Dragapult, F|
|teampreview
|inactive|Battle timer is ON: inactive players will automatically lose when time's up. (requested by Dracokorosenai)
|
|t:|1760374418
|teamsize|p1|6
|teamsize|p2|6
|start
|switch|p1a: Heatran|Heatran, F|100/100
|switch|p2a: Dragapult|Dragapult, F|100/100
|-item|p1a: Heatran|Air Balloon
|turn|1
|inactive|FaustoZ has 120 seconds left.
|
|t:|1760374452
|move|p2a: Dragapult|Thunder Wave|p1a: Heatran
|-status|p1a: Heatran|par
|move|p1a: Heatran|Stealth Rock|p2a: Dragapult
|-sidestart|p2: Dracokorosenai|move: Stealth Rock
|
|upkeep
|turn|2
|
|t:|1760374460
|switch|p1a: Meow|Meowscarada, F, shiny|100/100
|move|p2a: Dragapult|Hex|p1a: Meow
|-resisted|p1a: Meow
|-damage|p1a: Meow|79/100
|
|upkeep
|turn|3
|
|t:|1760374470
|-terastallize|p2a: Dragapult|Dragon
|move|p1a: Meow|Knock Off|p2a: Dragapult
|-start|p1a: Meow|typechange|Dark|[from] ability: Protean
|-damage|p2a: Dragapult|35/100
|-enditem|p2a: Dragapult|Leftovers|[from] move: Knock Off|[of] p1a: Meow
|move|p2a: Dragapult|Thunder Wave|p1a: Meow
|-status|p1a: Meow|par
|
|upkeep
|turn|4
|
|t:|1760374482
|move|p2a: Dragapult|Draco Meteor|p1a: Meow
|-damage|p1a: Meow|0 fnt
|-unboost|p2a: Dragapult|spa|2
|faint|p1a: Meow
|
|upkeep
|
|t:|1760374491
|switch|p1a: Sharp|Scizor, F, shiny|100/100
|turn|5
|
|t:|1760374495
|switch|p2a: Zamazenta|Zamazenta|100/100
|-damage|p2a: Zamazenta|94/100|[from] Stealth Rock
|-ability|p2a: Zamazenta|Dauntless Shield|boost
|-boost|p2a: Zamazenta|def|1
|move|p1a: Sharp|U-turn|p2a: Zamazenta
|-resisted|p2a: Zamazenta
|-damage|p2a: Zamazenta|83/100
|
|t:|1760374511
|switch|p1a: Toxapex|Toxapex, F|100/100|[from] U-turn
|
|-heal|p2a: Zamazenta|89/100|[from] item: Leftovers
|upkeep
|turn|6
|
|t:|1760374518
|switch|p2a: Dragonite|Dragonite, F|100/100
|-damage|p2a: Dragonite|76/100|[from] Stealth Rock
|move|p1a: Toxapex|Toxic|p2a: Dragonite
|-status|p2a: Dragonite|tox
|
|-damage|p2a: Dragonite|70/100 tox|[from] psn
|upkeep
|turn|7
|
|t:|1760374522
|move|p2a: Dragonite|Dragon Dance|p2a: Dragonite
|-boost|p2a: Dragonite|atk|1
|-boost|p2a: Dragonite|spe|1
|move|p1a: Toxapex|Chilling Water|p2a: Dragonite
|-resisted|p2a: Dragonite
|-damage|p2a: Dragonite|64/100 tox
|-unboost|p2a: Dragonite|atk|1
|
|-damage|p2a: Dragonite|52/100 tox|[from] psn
|upkeep
|turn|8
|
|t:|1760374529
|move|p2a: Dragonite|Earthquake|p1a: Toxapex
|-supereffective|p1a: Toxapex
|-damage|p1a: Toxapex|48/100
|move|p1a: Toxapex|Recover|p1a: Toxapex
|-heal|p1a: Toxapex|98/100
|
|-heal|p1a: Toxapex|100/100|[from] item: Black Sludge
|-damage|p2a: Dragonite|33/100 tox|[from] psn
|upkeep
|turn|9
|
|t:|1760374534
|move|p2a: Dragonite|Dragon Dance|p2a: Dragonite
|-boost|p2a: Dragonite|atk|1
|-boost|p2a: Dragonite|spe|1
|move|p1a: Toxapex|Chilling Water|p2a: Dragonite
|-resisted|p2a: Dragonite
|-damage|p2a: Dragonite|27/100 tox
|-unboost|p2a: Dragonite|atk|1
|
|-damage|p2a: Dragonite|3/100 tox|[from] psn
|upkeep
|turn|10
|
|t:|1760374538
|move|p2a: Dragonite|Earthquake|p1a: Toxapex
|-supereffective|p1a: Toxapex
|-damage|p1a: Toxapex|45/100
|move|p1a: Toxapex|Recover|p1a: Toxapex
|-heal|p1a: Toxapex|95/100
|
|-heal|p1a: Toxapex|100/100|[from] item: Black Sludge
|-damage|p2a: Dragonite|0 fnt|[from] psn
|faint|p2a: Dragonite
|upkeep
|c|☆FaustoZ|sorry
|
|t:|1760374551
|switch|p2a: Dragapult|Dragapult, F, tera:Dragon|35/100
|-damage|p2a: Dragapult|23/100|[from] Stealth Rock
|turn|11
|c|☆FaustoZ|I read you -_-
|
|t:|1760374560
|switch|p1a: Sharp|Scizor, F, shiny|100/100
|move|p2a: Dragapult|Thunder Wave|p1a: Sharp
|-status|p1a: Sharp|par
|
|upkeep
|turn|12
|c|☆Dracokorosenai|Pain
|
|t:|1760374572
|move|p2a: Dragapult|Hex|p1a: Sharp
|-damage|p1a: Sharp|39/100 par
|move|p1a: Sharp|U-turn|p2a: Dragapult
|-damage|p2a: Dragapult|0 fnt
|faint|p2a: Dragapult
|
|t:|1760374580
|switch|p1a: Walking Wake|Walking Wake|100/100|[from] U-turn
|
|upkeep
|
|t:|1760374585
|switch|p2a: Zamazenta|Zamazenta|89/100
|-damage|p2a: Zamazenta|83/100|[from] Stealth Rock
|turn|13
|
|t:|1760374590
|move|p2a: Zamazenta|Iron Defense|p2a: Zamazenta
|-boost|p2a: Zamazenta|def|2
|move|p1a: Walking Wake|Draco Meteor|p2a: Zamazenta
|-damage|p2a: Zamazenta|2/100
|-unboost|p1a: Walking Wake|spa|2
|
|-heal|p2a: Zamazenta|8/100|[from] item: Leftovers
|upkeep
|turn|14
|
|t:|1760374594
|-end|p1a: Walking Wake|Protosynthesis|[silent]
|switch|p1a: Crow|Corviknight, F|100/100
|-ability|p1a: Crow|Pressure
|move|p2a: Zamazenta|Body Press|p1a: Crow
|-damage|p1a: Crow|60/100
|-damage|p2a: Zamazenta|0 fnt|[from] item: Rocky Helmet|[of] p1a: Crow
|faint|p2a: Zamazenta
|
|upkeep
|
|t:|1760374603
|switch|p2a: Iron Moth|Iron Moth|100/100
|-damage|p2a: Iron Moth|76/100|[from] Stealth Rock
|-enditem|p2a: Iron Moth|Booster Energy
|-activate|p2a: Iron Moth|ability: Quark Drive|[fromitem]
|-start|p2a: Iron Moth|quarkdrivespe
|turn|15
|
|t:|1760374619
|switch|p1a: Heatran|Heatran, F|100/100 par
|-item|p1a: Heatran|Air Balloon
|move|p2a: Iron Moth|Substitute|p2a: Iron Moth
|-start|p2a: Iron Moth|Substitute
|-damage|p2a: Iron Moth|51/100
|
|upkeep
|turn|16
|
|t:|1760374625
|move|p2a: Iron Moth|Tera Blast|p1a: Heatran
|-resisted|p1a: Heatran
|-damage|p1a: Heatran|89/100 par
|-enditem|p1a: Heatran|Air Balloon
|cant|p1a: Heatran|par
|
|upkeep
|turn|17
|
|t:|1760374635
|move|p2a: Iron Moth|Tera Blast|p1a: Heatran
|-resisted|p1a: Heatran
|-damage|p1a: Heatran|76/100 par
|cant|p1a: Heatran|par
|
|upkeep
|turn|18
|c|☆FaustoZ|...
|
|t:|1760374643
|move|p2a: Iron Moth|Tera Blast|p1a: Heatran
|-resisted|p1a: Heatran
|-damage|p1a: Heatran|63/100 par
|move|p1a: Heatran|Stealth Rock||[still]
|-fail|p1a: Heatran
|
|upkeep
|turn|19
|c|☆FaustoZ|miss clikc...
|
|t:|1760374654
|move|p2a: Iron Moth|Tera Blast|p1a: Heatran
|-resisted|p1a: Heatran
|-damage|p1a: Heatran|51/100 par
|cant|p1a: Heatran|par
|
|upkeep
|turn|20
|c|☆Dracokorosenai|Sas
|
|t:|1760374660
|move|p2a: Iron Moth|Tera Blast|p1a: Heatran
|-resisted|p1a: Heatran
|-damage|p1a: Heatran|39/100 par
|move|p1a: Heatran|Earth Power|p2a: Iron Moth
|-supereffective|p2a: Iron Moth
|-end|p2a: Iron Moth|Substitute
|
|upkeep
|turn|21
|
|t:|1760374667
|move|p2a: Iron Moth|Substitute|p2a: Iron Moth
|-start|p2a: Iron Moth|Substitute
|-damage|p2a: Iron Moth|26/100
|move|p1a: Heatran|Earth Power|p2a: Iron Moth
|-supereffective|p2a: Iron Moth
|-end|p2a: Iron Moth|Substitute
|
|upkeep
|turn|22
|
|t:|1760374673
|move|p2a: Iron Moth|Substitute|p2a: Iron Moth
|-start|p2a: Iron Moth|Substitute
|-damage|p2a: Iron Moth|1/100
|cant|p1a: Heatran|par
|
|upkeep
|turn|23
|
|t:|1760374678
|move|p2a: Iron Moth|Tera Blast|p1a: Heatran
|-resisted|p1a: Heatran
|-crit|p1a: Heatran
|-damage|p1a: Heatran|21/100 par
|cant|p1a: Heatran|par
|
|upkeep
|turn|24
|
|t:|1760374684
|move|p2a: Iron Moth|Tera Blast|p1a: Heatran
|-resisted|p1a: Heatran
|-damage|p1a: Heatran|10/100 par
|move|p1a: Heatran|Earth Power|p2a: Iron Moth
|-supereffective|p2a: Iron Moth
|-end|p2a: Iron Moth|Substitute
|
|upkeep
|turn|25
|c|☆FaustoZ|legit
|c|☆Dracokorosenai|Yes
|
|t:|1760374696
|move|p2a: Iron Moth|Tera Blast|p1a: Heatran
|-resisted|p1a: Heatran
|-damage|p1a: Heatran|0 fnt
|faint|p1a: Heatran
|
|upkeep
|c|☆Dracokorosenai|Very
|
|t:|1760374701
|switch|p1a: Sharp|Scizor, F, shiny|39/100 par
|turn|26
|
|t:|1760374705
|cant|p1a: Sharp|par
|move|p2a: Iron Moth|Fiery Dance|p1a: Sharp
|-supereffective|p1a: Sharp
|-damage|p1a: Sharp|0 fnt
|-boost|p2a: Iron Moth|spa|1
|faint|p1a: Sharp
|
|upkeep
|c|☆FaustoZ|sure
|c|☆Dracokorosenai|Very legit
|
|t:|1760374713
|switch|p1a: Toxapex|Toxapex, F|100/100
|turn|27
|
|t:|1760374719
|move|p2a: Iron Moth|Sludge Wave|p1a: Toxapex
|-resisted|p1a: Toxapex
|-damage|p1a: Toxapex|78/100
|move|p1a: Toxapex|Chilling Water|p2a: Iron Moth
|-supereffective|p2a: Iron Moth
|-damage|p2a: Iron Moth|0 fnt
|faint|p2a: Iron Moth
|-end|p2a: Iron Moth|Quark Drive|[silent]
|
|-heal|p1a: Toxapex|84/100|[from] item: Black Sludge
|upkeep
|c|☆FaustoZ|-_-*
|
|t:|1760374726
|switch|p2a: Darkrai|Darkrai, shiny|100/100
|-damage|p2a: Darkrai|88/100|[from] Stealth Rock
|turn|28
|
|t:|1760374731
|move|p2a: Darkrai|Dark Pulse|p1a: Toxapex
|-damage|p1a: Toxapex|49/100
|-damage|p2a: Darkrai|78/100|[from] item: Life Orb
|cant|p1a: Toxapex|flinch
|
|-heal|p1a: Toxapex|55/100|[from] item: Black Sludge
|upkeep
|turn|29
|
|t:|1760374736
|move|p2a: Darkrai|Dark Pulse|p1a: Toxapex
|-damage|p1a: Toxapex|19/100
|-damage|p2a: Darkrai|68/100|[from] item: Life Orb
|move|p1a: Toxapex|Toxic|p2a: Darkrai
|-status|p2a: Darkrai|tox
|
|-heal|p1a: Toxapex|25/100|[from] item: Black Sludge
|-damage|p2a: Darkrai|62/100 tox|[from] psn
|upkeep
|turn|30
|
|t:|1760374742
|switch|p1a: Crow|Corviknight, F|60/100
|-ability|p1a: Crow|Pressure
|move|p2a: Darkrai|Dark Pulse|p1a: Crow
|-damage|p1a: Crow|11/100
|-damage|p2a: Darkrai|52/100 tox|[from] item: Life Orb
|
|-damage|p2a: Darkrai|40/100 tox|[from] psn
|upkeep
|turn|31
|
|t:|1760374746
|switch|p1a: Walking Wake|Walking Wake|100/100
|move|p2a: Darkrai|Dark Pulse|p1a: Walking Wake
|-damage|p1a: Walking Wake|37/100
|-damage|p2a: Darkrai|30/100 tox|[from] item: Life Orb
|
|-damage|p2a: Darkrai|12/100 tox|[from] psn
|upkeep
|turn|32
|
|t:|1760374764
|-end|p1a: Walking Wake|Protosynthesis|[silent]
|switch|p1a: Toxapex|Toxapex, F|59/100
|move|p2a: Darkrai|Dark Pulse|p1a: Toxapex
|-damage|p1a: Toxapex|24/100
|-damage|p2a: Darkrai|2/100 tox|[from] item: Life Orb
|
|-heal|p1a: Toxapex|30/100|[from] item: Black Sludge
|-damage|p2a: Darkrai|0 fnt|[from] psn
|faint|p2a: Darkrai
|upkeep
|
|t:|1760374767
|switch|p2a: Ditto|Ditto, shiny|100/100
|-damage|p2a: Ditto|88/100|[from] Stealth Rock
|-transform|p2a: Ditto|p1a: Toxapex|[from] ability: Imposter
|turn|33
|c|☆Dracokorosenai|Welp
|c|☆Dracokorosenai|You win
|c|☆Dracokorosenai|Gg
|c|☆FaustoZ|gg
|-message|Dracokorosenai forfeited.
|
|win|FaustoZ
|raw|FaustoZ's rating: 1396 &rarr; <strong>1417</strong><br />(+21 for winning)
|raw|Dracokorosenai's rating: 1408 &rarr; <strong>1387</strong><br />(-21 for losing)
|l|☆Dracokorosenai
|player|p2|
|c|☆FaustoZ|glad I beat a good player
|l|☆FaustoZ
|player|p1|
|j|☆FaustoZ
|player|p1|FaustoZ|dawn-gen4pt|
