|j|☆OlympusOnFire
|j|☆lazertan
|t:|1760458558
|gametype|singles
|player|p1|OlympusOnFire|benga|
|player|p2|lazertan|101|
|gen|9
|tier|[Gen 9] OU
|rule|HP Percentage Mod: HP is shown in percentages
|rule|Endless Battle Clause: Forcing endless battles is banned
|rule|Species Clause: Limit one of each Pokémon
|rule|OHKO Clause: OHKO moves are banned
|rule|Evasion Items Clause: Evasion items are banned
|rule|Evasion Moves Clause: Evasion moves are banned
|rule|Evasion Abilities Clause: Evasion abilities are banned
|rule|Sleep Moves Clause: Sleep-inducing moves are banned
|clearpoke
|poke|p1|Empoleon, M|
|poke|p1|Quagsire, M|
|poke|p1|Pelipper, F|
|poke|p1|Ogerpon-Wellspring, F|
|poke|p1|Barraskewda, M|
|poke|p1|Kingdra, M|
|poke|p2|Glimmora, F|
|poke|p2|Landorus-Therian, M|
|poke|p2|Quaquaval, M|
|poke|p2|Gholdengo|
|poke|p2|Kyurem|
|poke|p2|Iron Valiant|
|teampreview
|inactive|Battle timer is ON: inactive players will automatically lose when time's up. (requested by OlympusOnFire)
|c|☆lazertan|lmao
|c|☆OlympusOnFire|nah
|c|☆OlympusOnFire|kyurem
|c|☆OlympusOnFire|ggs
|
|t:|1760458586
|teamsize|p1|6
|teamsize|p2|6
|start
|switch|p1a: Quagsire|Quagsire, M|100/100
|switch|p2a: Glimmora|Glimmora, F|100/100
|turn|1
|c|☆lazertan|what is this ass team bruh
|c|☆OlympusOnFire|its good
|c|☆OlympusOnFire|legit works
|
|t:|1760458604
|move|p2a: Glimmora|Spikes|p1a: Quagsire
|-sidestart|p1: OlympusOnFire|Spikes
|move|p1a: Quagsire|Encore|p2a: Glimmora
|-start|p2a: Glimmora|Encore
|
|upkeep
|turn|2
|c|☆OlympusOnFire|has only 2 weaknesses
|
|t:|1760458611
|switch|p2a: Landorus|Landorus-Therian, M|100/100
|-ability|p2a: Landorus|Intimidate|boost
|-unboost|p1a: Quagsire|atk|1
|switch|p1a: Pelipper|Pelipper, F|100/100
|-weather|RainDance|[from] ability: Drizzle|[of] p1a: Pelipper
|
|-weather|RainDance|[upkeep]
|upkeep
|turn|3
|
|t:|1760458619
|move|p2a: Landorus|Stealth Rock|p1a: Pelipper
|-sidestart|p1: OlympusOnFire|move: Stealth Rock
|move|p1a: Pelipper|U-turn|p2a: Landorus
|-resisted|p2a: Landorus
|-damage|p2a: Landorus|96/100
|-damage|p1a: Pelipper|84/100|[from] item: Rocky Helmet|[of] p2a: Landorus
|
|t:|1760458624
|switch|p1a: Kingdra|Kingdra, M|100/100|[from] U-turn
|-damage|p1a: Kingdra|88/100|[from] Spikes
|-damage|p1a: Kingdra|76/100|[from] Stealth Rock
|
|-weather|RainDance|[upkeep]
|upkeep
|turn|4
|
|t:|1760458632
|move|p1a: Kingdra|Weather Ball|p2a: Landorus
|-supereffective|p2a: Landorus
|-damage|p2a: Landorus|0 fnt
|faint|p2a: Landorus
|
|-weather|RainDance|[upkeep]
|upkeep
|
|t:|1760458640
|switch|p2a: Kyurem|Kyurem|100/100
|-ability|p2a: Kyurem|Pressure
|turn|5
|
|t:|1760458643
|switch|p1a: Empoleon|Empoleon, M|100/100
|-damage|p1a: Empoleon|88/100|[from] Spikes
|-damage|p1a: Empoleon|82/100|[from] Stealth Rock
|move|p2a: Kyurem|Freeze-Dry|p1a: Empoleon
|-damage|p1a: Empoleon|57/100
|
|-weather|RainDance|[upkeep]
|-heal|p1a: Empoleon|63/100|[from] item: Leftovers
|upkeep
|turn|6
|
|t:|1760458663
|switch|p2a: Gholdengo|Gholdengo|100/100
|-item|p2a: Gholdengo|Air Balloon
|-terastallize|p1a: Empoleon|Water
|move|p1a: Empoleon|Flash Cannon|p2a: Gholdengo
|-resisted|p2a: Gholdengo
|-damage|p2a: Gholdengo|85/100
|-enditem|p2a: Gholdengo|Air Balloon
|
|-weather|RainDance|[upkeep]
|-heal|p1a: Empoleon|69/100|[from] item: Leftovers
|upkeep
|turn|7
|
|t:|1760458682
|switch|p1a: Ogerpon|Ogerpon-Wellspring, F|100/100
|-damage|p1a: Ogerpon|88/100|[from] Spikes
|-damage|p1a: Ogerpon|76/100|[from] Stealth Rock
|move|p2a: Gholdengo|Thunder Wave|p1a: Ogerpon
|-status|p1a: Ogerpon|par
|
|-weather|RainDance|[upkeep]
|upkeep
|turn|8
|
|t:|1760458686
|move|p2a: Gholdengo|Hex|p1a: Ogerpon
|-damage|p1a: Ogerpon|4/100 par
|move|p1a: Ogerpon|Encore|p2a: Gholdengo
|-immune|p2a: Gholdengo|[from] ability: Good as Gold
|
|-weather|RainDance|[upkeep]
|upkeep
|turn|9
|c|☆lazertan|lmao
|
|t:|1760458695
|move|p2a: Gholdengo|Hex|p1a: Ogerpon
|-damage|p1a: Ogerpon|0 fnt
|faint|p1a: Ogerpon
|
|-weather|none
|upkeep
|c|☆OlympusOnFire|lol goobed
|
|t:|1760458701
|switch|p1a: Pelipper|Pelipper, F|84/100
|-damage|p1a: Pelipper|59/100|[from] Stealth Rock
|-weather|RainDance|[from] ability: Drizzle|[of] p1a: Pelipper
|turn|10
|
|t:|1760458717
|switch|p1a: Empoleon|Empoleon, M, tera:Water|69/100
|-damage|p1a: Empoleon|57/100|[from] Spikes
|-damage|p1a: Empoleon|44/100|[from] Stealth Rock
|move|p2a: Gholdengo|Thunder Wave|p1a: Empoleon
|-status|p1a: Empoleon|par
|
|-weather|RainDance|[upkeep]
|-heal|p1a: Empoleon|50/100 par|[from] item: Leftovers
|upkeep
|turn|11
|
|t:|1760458721
|move|p2a: Gholdengo|Hex|p1a: Empoleon
|-damage|p1a: Empoleon|12/100 par
|move|p1a: Empoleon|Stealth Rock|p2a: Gholdengo
|-sidestart|p2: lazertan|move: Stealth Rock
|
|-weather|RainDance|[upkeep]
|-heal|p1a: Empoleon|18/100 par|[from] item: Leftovers
|upkeep
|turn|12
|
|t:|1760458725
|move|p2a: Gholdengo|Hex|p1a: Empoleon
|-damage|p1a: Empoleon|0 fnt
|faint|p1a: Empoleon
|
|-weather|RainDance|[upkeep]
|upkeep
|
|t:|1760458750
|switch|p1a: Kingdra|Kingdra, M|76/100
|-damage|p1a: Kingdra|63/100|[from] Spikes
|-damage|p1a: Kingdra|51/100|[from] Stealth Rock
|turn|13
|
|t:|1760458761
|move|p1a: Kingdra|Weather Ball|p2a: Gholdengo
|-damage|p2a: Gholdengo|0 fnt
|faint|p2a: Gholdengo
|
|-weather|RainDance|[upkeep]
|upkeep
|
|t:|1760458766
|switch|p2a: Iron Valiant|Iron Valiant|100/100
|-damage|p2a: Iron Valiant|94/100|[from] Stealth Rock
|-enditem|p2a: Iron Valiant|Booster Energy
|-activate|p2a: Iron Valiant|ability: Quark Drive|[fromitem]
|-start|p2a: Iron Valiant|quarkdrivespe
|turn|14
|
|t:|1760458776
|move|p1a: Kingdra|Weather Ball|p2a: Iron Valiant
|-damage|p2a: Iron Valiant|0 fnt
|faint|p2a: Iron Valiant
|-end|p2a: Iron Valiant|Quark Drive|[silent]
|
|-weather|RainDance|[upkeep]
|upkeep
|c|☆lazertan|damn im slower huh
|
|t:|1760458786
|switch|p2a: Quaquaval|Quaquaval, M|100/100
|-damage|p2a: Quaquaval|94/100|[from] Stealth Rock
|turn|15
|
|t:|1760458796
|move|p1a: Kingdra|Weather Ball|p2a: Quaquaval
|-resisted|p2a: Quaquaval
|-damage|p2a: Quaquaval|52/100
|move|p2a: Quaquaval|Rapid Spin|p1a: Kingdra
|-damage|p1a: Kingdra|30/100
|-boost|p2a: Quaquaval|spe|1
|-sideend|p2: lazertan|Stealth Rock|[from] move: Rapid Spin|[of] p2a: Quaquaval
|
|-weather|RainDance|[upkeep]
|upkeep
|turn|16
|inactive|OlympusOnFire has 270 seconds left.
|
|t:|1760458830
|switch|p1a: Quagsire|Quagsire, M|100/100
|-damage|p1a: Quagsire|88/100|[from] Spikes
|-damage|p1a: Quagsire|82/100|[from] Stealth Rock
|move|p2a: Quaquaval|Knock Off|p1a: Quagsire
|-damage|p1a: Quagsire|57/100
|-enditem|p1a: Quagsire|Leftovers|[from] move: Knock Off|[of] p2a: Quaquaval
|
|-weather|RainDance|[upkeep]
|upkeep
|turn|17
|
|t:|1760458844
|switch|p2a: Kyurem|Kyurem|100/100
|-ability|p2a: Kyurem|Pressure
|move|p1a: Quagsire|Toxic|p2a: Kyurem
|-status|p2a: Kyurem|tox
|
|-weather|none
|-damage|p2a: Kyurem|94/100 tox|[from] psn
|upkeep
|turn|18
|inactive|OlympusOnFire has 270 seconds left.
|
|t:|1760458863
|move|p2a: Kyurem|Freeze-Dry|p1a: Quagsire
|-supereffective|p1a: Quagsire
|-damage|p1a: Quagsire|0 fnt
|faint|p1a: Quagsire
|
|-damage|p2a: Kyurem|82/100 tox|[from] psn
|upkeep
|inactive|OlympusOnFire has 270 seconds left.
|
|t:|1760458873
|switch|p1a: Pelipper|Pelipper, F|59/100
|-damage|p1a: Pelipper|35/100|[from] Stealth Rock
|-weather|RainDance|[from] ability: Drizzle|[of] p1a: Pelipper
|turn|19
|
|t:|1760458876
|switch|p2a: Glimmora|Glimmora, F|100/100
|move|p1a: Pelipper|Hurricane|p2a: Glimmora
|-resisted|p2a: Glimmora
|-damage|p2a: Glimmora|78/100
|
|-weather|RainDance|[upkeep]
|upkeep
|turn|20
|
|t:|1760458883
|move|p2a: Glimmora|Meteor Beam||[still]
|-prepare|p2a: Glimmora|Meteor Beam
|-boost|p2a: Glimmora|spa|1
|-enditem|p2a: Glimmora|Power Herb
|-anim|p2a: Glimmora|Meteor Beam|p1a: Pelipper
|-supereffective|p1a: Pelipper
|-damage|p1a: Pelipper|0 fnt
|faint|p1a: Pelipper
|
|-weather|RainDance|[upkeep]
|upkeep
|
|t:|1760458887
|switch|p1a: Kingdra|Kingdra, M|30/100
|-damage|p1a: Kingdra|18/100|[from] Spikes
|-damage|p1a: Kingdra|6/100|[from] Stealth Rock
|turn|21
|
|t:|1760458901
|move|p1a: Kingdra|Weather Ball|p2a: Glimmora
|-supereffective|p2a: Glimmora
|-damage|p2a: Glimmora|0 fnt
|faint|p2a: Glimmora
|
|-weather|RainDance|[upkeep]
|upkeep
|
|t:|1760458915
|switch|p2a: Quaquaval|Quaquaval, M|52/100
|turn|22
|
|t:|1760458941
|move|p1a: Kingdra|Weather Ball|p2a: Quaquaval
|-resisted|p2a: Quaquaval
|-damage|p2a: Quaquaval|8/100
|move|p2a: Quaquaval|Aqua Step|p1a: Kingdra
|-resisted|p1a: Kingdra
|-damage|p1a: Kingdra|0 fnt
|-boost|p2a: Quaquaval|spe|1
|faint|p1a: Kingdra
|-ability|p2a: Quaquaval|Moxie|boost
|-boost|p2a: Quaquaval|atk|1
|
|-weather|RainDance|[upkeep]
|upkeep
|
|t:|1760458950
|switch|p1a: Barraskewda|Barraskewda, M|100/100
|-damage|p1a: Barraskewda|88/100|[from] Spikes
|-damage|p1a: Barraskewda|76/100|[from] Stealth Rock
|turn|23
|
|t:|1760458954
|move|p1a: Barraskewda|Close Combat|p2a: Quaquaval
|-damage|p2a: Quaquaval|0 fnt
|-unboost|p1a: Barraskewda|def|1
|-unboost|p1a: Barraskewda|spd|1
|faint|p2a: Quaquaval
|
|-weather|RainDance|[upkeep]
|upkeep
|
|t:|1760458957
|switch|p2a: Kyurem|Kyurem|82/100 tox
|-ability|p2a: Kyurem|Pressure
|turn|24
|c|☆lazertan|nooo i have tera ice
|
|t:|1760458965
|-terastallize|p2a: Kyurem|Ice
|move|p1a: Barraskewda|Close Combat|p2a: Kyurem
|-supereffective|p2a: Kyurem
|-damage|p2a: Kyurem|0 fnt
|-unboost|p1a: Barraskewda|def|1
|-unboost|p1a: Barraskewda|spd|1
|faint|p2a: Kyurem
|
|win|OlympusOnFire
|c|☆OlympusOnFire|liar
|c|☆lazertan|haha
|c|☆OlympusOnFire|shame
|c|☆OlympusOnFire|shame
|c|☆OlympusOnFire|shame
|c|☆lazertan|its an unfinished team
|c|☆OlympusOnFire|try hard nup
|c|☆OlympusOnFire|sure sure
|c|☆OlympusOnFire|excuses
|c|☆lazertan|i wanted a raging neck
|c|☆OlympusOnFire|u lost
|c|☆lazertan|but couldnt find a good team yet
|c|☆OlympusOnFire|to mono water
|c|☆lazertan|wait
|c|☆OlympusOnFire|what is this ass team bruh
|c|☆OlympusOnFire|remeber these words
|c|☆OlympusOnFire|remember them
