|j|☆Princessjosie1001!
|j|☆Mr.Vcard
|t:|1760457631
|gametype|singles
|player|p1|Princessjosie1001!|nurse|1526
|player|p2|Mr.Vcard|266|1557
|gen|9
|tier|[Gen 9] OU
|rated|
|rule|HP Percentage Mod: HP is shown in percentages
|rule|Endless Battle Clause: Forcing endless battles is banned
|rule|Species Clause: Limit one of each Pokémon
|rule|OHKO Clause: OHKO moves are banned
|rule|Evasion Items Clause: Evasion items are banned
|rule|Evasion Moves Clause: Evasion moves are banned
|rule|Evasion Abilities Clause: Evasion abilities are banned
|rule|Sleep Moves Clause: Sleep-inducing moves are banned
|clearpoke
|poke|p1|Yanmega, F|
|poke|p1|Cloyster, F|
|poke|p1|Salazzle, F|
|poke|p1|Espeon, F|
|poke|p1|Jirachi|
|poke|p1|Maushold-Four|
|poke|p2|Landorus-Therian, M|
|poke|p2|Sinistcha|
|poke|p2|Tinkaton, F|
|poke|p2|Moltres|
|poke|p2|Samurott-Hisui, M|
|poke|p2|Hydreigon, M|
|teampreview
|inactive|Battle timer is ON: inactive players will automatically lose when time's up. (requested by Mr.Vcard)
|
|t:|1760457655
|teamsize|p1|6
|teamsize|p2|6
|start
|switch|p1a: Jirachi|Jirachi|100/100
|switch|p2a: Enten|Landorus-Therian, M, shiny|100/100
|-ability|p2a: Enten|Intimidate|boost
|-unboost|p1a: Jirachi|atk|1
|turn|1
|
|t:|1760457665
|switch|p1a: No hazard allowed|Espeon, F|100/100
|move|p2a: Enten|U-turn|p1a: No hazard allowed
|-supereffective|p1a: No hazard allowed
|-damage|p1a: No hazard allowed|0 fnt
|faint|p1a: No hazard allowed
|
|t:|1760457676
|switch|p2a: Smile.exe|Tinkaton, F, shiny|100/100|[from] U-turn
|-item|p2a: Smile.exe|Air Balloon
|
|upkeep
|
|t:|1760457681
|switch|p1a: Jirachi|Jirachi|100/100
|turn|2
|
|t:|1760457686
|move|p1a: Jirachi|U-turn|p2a: Smile.exe
|-resisted|p2a: Smile.exe
|-damage|p2a: Smile.exe|94/100
|-enditem|p2a: Smile.exe|Air Balloon
|-enditem|p1a: Jirachi|Choice Scarf|[silent]|[from] ability: Pickpocket|[of] p1a: Jirachi
|-item|p2a: Smile.exe|Choice Scarf|[from] ability: Pickpocket|[of] p1a: Jirachi
|
|t:|1760457692
|switch|p1a: Maushold|Maushold-Four|100/100|[from] U-turn
|move|p2a: Smile.exe|Encore||[still]
|-fail|p2a: Smile.exe
|
|upkeep
|turn|3
|
|t:|1760457699
|switch|p2a: Enten|Landorus-Therian, M, shiny|100/100
|-ability|p2a: Enten|Intimidate|boost
|-unboost|p1a: Maushold|atk|1
|switch|p1a: Yanmega|Yanmega, F|100/100
|
|upkeep
|turn|4
|
|t:|1760457707
|move|p2a: Enten|U-turn|p1a: Yanmega
|-resisted|p1a: Yanmega
|-damage|p1a: Yanmega|85/100
|
|t:|1760457711
|switch|p2a: Phoenix|Moltres, shiny|100/100|[from] U-turn
|move|p1a: Yanmega|Air Slash|p2a: Phoenix
|-damage|p2a: Phoenix|55/100
|-damage|p1a: Yanmega|75/100|[from] item: Life Orb
|
|-ability|p1a: Yanmega|Speed Boost|boost
|-boost|p1a: Yanmega|spe|1
|upkeep
|turn|5
|
|t:|1760457719
|move|p1a: Yanmega|Ancient Power|p2a: Phoenix
|-supereffective|p2a: Phoenix
|-damage|p2a: Phoenix|0 fnt
|faint|p2a: Phoenix
|-damage|p1a: Yanmega|65/100|[from] item: Life Orb
|
|-ability|p1a: Yanmega|Speed Boost|boost
|-boost|p1a: Yanmega|spe|1
|upkeep
|
|t:|1760457728
|switch|p2a: Smile.exe|Tinkaton, F, shiny|94/100
|turn|6
|
|t:|1760457731
|switch|p1a: Maushold|Maushold-Four|100/100
|move|p2a: Smile.exe|Gigaton Hammer|p1a: Maushold
|-damage|p1a: Maushold|6/100
|
|upkeep
|turn|7
|
|t:|1760457737
|-activate|p2a: Smile.exe|move: Struggle
|move|p2a: Smile.exe|Struggle|p1a: Maushold
|-damage|p1a: Maushold|0 fnt
|faint|p1a: Maushold
|-damage|p2a: Smile.exe|69/100|[from] recoil
|
|upkeep
|
|t:|1760457742
|switch|p1a: Cloyster|Cloyster, F|100/100
|turn|8
|
|t:|1760457747
|move|p2a: Smile.exe|Gigaton Hammer|p1a: Cloyster
|-damage|p1a: Cloyster|55/100
|move|p1a: Cloyster|Shell Smash|p1a: Cloyster
|-unboost|p1a: Cloyster|def|1
|-unboost|p1a: Cloyster|spd|1
|-boost|p1a: Cloyster|atk|2
|-boost|p1a: Cloyster|spa|2
|-boost|p1a: Cloyster|spe|2
|
|upkeep
|turn|9
|
|t:|1760457759
|switch|p2a: Sagittarius|Sinistcha, shiny|100/100
|move|p1a: Cloyster|Shell Smash|p1a: Cloyster
|-unboost|p1a: Cloyster|def|1
|-unboost|p1a: Cloyster|spd|1
|-boost|p1a: Cloyster|atk|2
|-boost|p1a: Cloyster|spa|2
|-boost|p1a: Cloyster|spe|2
|
|upkeep
|turn|10
|
|t:|1760457768
|-terastallize|p1a: Cloyster|Ice
|move|p1a: Cloyster|Icicle Spear|p2a: Sagittarius
|-supereffective|p2a: Sagittarius
|-damage|p2a: Sagittarius|37/100
|-supereffective|p2a: Sagittarius
|-damage|p2a: Sagittarius|0 fnt
|faint|p2a: Sagittarius
|-hitcount|p2: Sagittarius|2
|
|upkeep
|
|t:|1760457778
|switch|p2a: Jack Sparrow|Samurott-Hisui, M, shiny|100/100
|turn|11
|
|t:|1760457791
|-terastallize|p2a: Jack Sparrow|Dark
|move|p1a: Cloyster|Shell Smash|p1a: Cloyster
|-unboost|p1a: Cloyster|def|1
|-unboost|p1a: Cloyster|spd|1
|-boost|p1a: Cloyster|atk|2
|-boost|p1a: Cloyster|spa|2
|-boost|p1a: Cloyster|spe|2
|move|p2a: Jack Sparrow|Knock Off|p1a: Cloyster
|-damage|p1a: Cloyster|0 fnt
|-enditem|p1a: Cloyster|Focus Sash|[from] move: Knock Off|[of] p2a: Jack Sparrow
|faint|p1a: Cloyster
|
|upkeep
|
|t:|1760457801
|switch|p1a: Yanmega|Yanmega, F|65/100
|turn|12
|
|t:|1760457805
|move|p1a: Yanmega|Protect|p1a: Yanmega
|-singleturn|p1a: Yanmega|Protect
|move|p2a: Jack Sparrow|Sucker Punch||[still]
|-fail|p2a: Jack Sparrow
|
|-ability|p1a: Yanmega|Speed Boost|boost
|-boost|p1a: Yanmega|spe|1
|upkeep
|turn|13
|
|t:|1760457812
|move|p2a: Jack Sparrow|Sucker Punch|p1a: Yanmega
|-damage|p1a: Yanmega|3/100
|move|p1a: Yanmega|Bug Buzz|p2a: Jack Sparrow
|-supereffective|p2a: Jack Sparrow
|-damage|p2a: Jack Sparrow|0 fnt
|faint|p2a: Jack Sparrow
|-damage|p1a: Yanmega|0 fnt|[from] item: Life Orb
|faint|p1a: Yanmega
|
|upkeep
|
|t:|1760457821
|switch|p1a: Salazzle|Salazzle, F|100/100
|switch|p2a: Enten|Landorus-Therian, M, shiny|100/100
|-ability|p2a: Enten|Intimidate|boost
|-unboost|p1a: Salazzle|atk|1
|turn|14
|
|t:|1760457829
|move|p2a: Enten|Earthquake|p1a: Salazzle
|-supereffective|p1a: Salazzle
|-enditem|p1a: Salazzle|Focus Sash
|-damage|p1a: Salazzle|1/100
|move|p1a: Salazzle|Flamethrower|p2a: Enten
|-crit|p2a: Enten
|-damage|p2a: Enten|0 fnt
|faint|p2a: Enten
|
|upkeep
|c|☆Mr.Vcard|fuggggggggggggggggggggggggggg
|
|t:|1760457854
|switch|p2a: Hybrid|Hydreigon, M, shiny|100/100
|turn|15
|
|t:|1760457859
|move|p1a: Salazzle|Toxic|p2a: Hybrid
|-status|p2a: Hybrid|tox
|move|p2a: Hybrid|Dark Pulse|p1a: Salazzle
|-damage|p1a: Salazzle|0 fnt
|faint|p1a: Salazzle
|
|-damage|p2a: Hybrid|94/100 tox|[from] psn
|upkeep
|
|t:|1760457866
|switch|p1a: Jirachi|Jirachi|100/100
|turn|16
|
|t:|1760457869
|move|p2a: Hybrid|Dark Pulse|p1a: Jirachi
|-supereffective|p1a: Jirachi
|-damage|p1a: Jirachi|0 fnt
|faint|p1a: Jirachi
|
|win|Mr.Vcard
|raw|Princessjosie1001!'s rating: 1526 &rarr; <strong>1508</strong><br />(-18 for losing)
|raw|Mr.Vcard's rating: 1557 &rarr; <strong>1575</strong><br />(+18 for winning)
|c|☆Mr.Vcard|gg
|l|☆Mr.Vcard
|player|p2|
|c|☆Princessjosie1001!|Gg
|l|☆Princessjosie1001!
|player|p1|
