|j|☆beeboobaa
|j|☆AlexisPC
|t:|1760434954
|gametype|singles
|player|p1|beeboobaa|266|1424
|player|p2|AlexisPC|ethan|1413
|gen|9
|tier|[Gen 9] OU
|rated|
|rule|HP Percentage Mod: HP is shown in percentages
|rule|Endless Battle Clause: Forcing endless battles is banned
|rule|Species Clause: Limit one of each Pokémon
|rule|OHKO Clause: OHKO moves are banned
|rule|Evasion Items Clause: Evasion items are banned
|rule|Evasion Moves Clause: Evasion moves are banned
|rule|Evasion Abilities Clause: Evasion abilities are banned
|rule|Sleep Moves Clause: Sleep-inducing moves are banned
|clearpoke
|poke|p1|Blastoise, M|
|poke|p1|Clefable, F|
|poke|p1|Slowbro, M|
|poke|p1|Chansey, F|
|poke|p1|Zapdos|
|poke|p1|Dragonite, F|
|poke|p2|Dragapult, F|
|poke|p2|Scizor, M|
|poke|p2|Weavile, F|
|poke|p2|Ting-Lu|
|poke|p2|Clefable, F|
|poke|p2|Cinderace, M|
|teampreview
|inactive|Battle timer is ON: inactive players will automatically lose when time's up. (requested by AlexisPC)
|inactive|AlexisPC has 120 seconds left.
|inactive|AlexisPC has 90 seconds left.
|
|t:|1760435018
|teamsize|p1|6
|teamsize|p2|6
|start
|switch|p1a: Blastoise|Blastoise, M|100/100
|switch|p2a: Scizor|Scizor, M|100/100
|turn|1
|
|t:|1760435036
|move|p1a: Blastoise|Shell Smash|p1a: Blastoise
|-unboost|p1a: Blastoise|def|1
|-unboost|p1a: Blastoise|spd|1
|-boost|p1a: Blastoise|atk|2
|-boost|p1a: Blastoise|spa|2
|-boost|p1a: Blastoise|spe|2
|move|p2a: Scizor|U-turn|p1a: Blastoise
|-damage|p1a: Blastoise|17/100
|-damage|p2a: Scizor|84/100|[from] item: Rocky Helmet|[of] p1a: Blastoise
|c|☆beeboobaa|83% u turn
|c|☆beeboobaa|oh ma
|c|☆beeboobaa|that would be a ohko with tera bug
|inactive|AlexisPC has 120 seconds left.
|
|t:|1760435083
|switch|p2a: Weavile|Weavile, F|100/100|[from] U-turn
|-ability|p2a: Weavile|Pressure
|
|upkeep
|turn|2
|
|t:|1760435089
|move|p2a: Weavile|Ice Shard|p1a: Blastoise
|-resisted|p1a: Blastoise
|-damage|p1a: Blastoise|5/100
|move|p1a: Blastoise|Earthquake|p2a: Weavile
|-damage|p2a: Weavile|31/100
|
|upkeep
|turn|3
|
|t:|1760435095
|move|p2a: Weavile|Ice Shard|p1a: Blastoise
|-resisted|p1a: Blastoise
|-damage|p1a: Blastoise|0 fnt
|faint|p1a: Blastoise
|
|upkeep
|
|t:|1760435107
|switch|p1a: Clefable|Clefable, F|100/100
|turn|4
|
|t:|1760435113
|switch|p2a: Cinderace|Cinderace, M|100/100
|move|p1a: Clefable|Thunder Wave|p2a: Cinderace
|-status|p2a: Cinderace|par
|
|upkeep
|turn|5
|
|t:|1760435124
|switch|p1a: Slowbro|Slowbro, M|100/100
|move|p2a: Cinderace|Pyro Ball|p1a: Slowbro
|-resisted|p1a: Slowbro
|-damage|p1a: Slowbro|83/100
|
|upkeep
|turn|6
|
|t:|1760435135
|move|p2a: Cinderace|U-turn|p1a: Slowbro
|-start|p2a: Cinderace|typechange|Bug|[from] ability: Libero
|-supereffective|p1a: Slowbro
|-damage|p1a: Slowbro|43/100
|-damage|p2a: Cinderace|84/100 par|[from] item: Rocky Helmet|[of] p1a: Slowbro
|c|☆beeboobaa|this u turn thing is crazy
|
|t:|1760435144
|switch|p2a: Clefable|Clefable, F|100/100|[from] U-turn
|move|p1a: Slowbro|Future Sight|p2a: Clefable
|-start|p1a: Slowbro|move: Future Sight
|
|upkeep
|turn|7
|
|t:|1760435163
|switch|p1a: Chansey|Chansey, F|100/100
|move|p2a: Clefable|Stealth Rock|p1a: Chansey
|-sidestart|p1: beeboobaa|move: Stealth Rock
|
|upkeep
|turn|8
|
|t:|1760435175
|switch|p2a: Ting-Lu|Ting-Lu|100/100
|-ability|p2a: Ting-Lu|Vessel of Ruin
|move|p1a: Chansey|Seismic Toss|p2a: Ting-Lu
|-damage|p2a: Ting-Lu|81/100
|
|-end|p2a: Ting-Lu|move: Future Sight
|-immune|p2a: Ting-Lu
|-heal|p2a: Ting-Lu|87/100|[from] item: Leftovers
|upkeep
|turn|9
|
|t:|1760435186
|move|p1a: Chansey|Seismic Toss|p2a: Ting-Lu
|-damage|p2a: Ting-Lu|68/100
|move|p2a: Ting-Lu|Ruination|p1a: Chansey
|-damage|p1a: Chansey|51/100
|
|-heal|p2a: Ting-Lu|74/100|[from] item: Leftovers
|upkeep
|turn|10
|
|t:|1760435196
|switch|p2a: Dragapult|Dragapult, F|100/100
|move|p1a: Chansey|Seismic Toss|p2a: Dragapult
|-immune|p2a: Dragapult
|
|upkeep
|turn|11
|
|t:|1760435205
|switch|p1a: Clefable|Clefable, F|100/100
|move|p2a: Dragapult|U-turn|p1a: Clefable
|-resisted|p1a: Clefable
|-damage|p1a: Clefable|93/100
|-damage|p2a: Dragapult|84/100|[from] item: Rocky Helmet|[of] p1a: Clefable
|
|t:|1760435212
|switch|p2a: Scizor|Scizor, M|84/100|[from] U-turn
|
|upkeep
|turn|12
|
|t:|1760435231
|switch|p1a: Zapdos|Zapdos|100/100
|-terastallize|p2a: Scizor|Steel
|move|p2a: Scizor|Bullet Punch|p1a: Zapdos
|-resisted|p1a: Zapdos
|-damage|p1a: Zapdos|73/100
|
|upkeep
|turn|13
|
|t:|1760435239
|switch|p2a: Ting-Lu|Ting-Lu|74/100
|-ability|p2a: Ting-Lu|Vessel of Ruin
|move|p1a: Zapdos|Thunder Wave|p2a: Ting-Lu
|-immune|p2a: Ting-Lu
|
|-heal|p2a: Ting-Lu|80/100|[from] item: Leftovers
|upkeep
|turn|14
|
|t:|1760435257
|switch|p1a: Slowbro|Slowbro, M|76/100
|-damage|p1a: Slowbro|64/100|[from] Stealth Rock
|move|p2a: Ting-Lu|Spikes|p1a: Slowbro
|-sidestart|p1: beeboobaa|Spikes
|
|-heal|p2a: Ting-Lu|86/100|[from] item: Leftovers
|upkeep
|turn|15
|
|t:|1760435265
|move|p2a: Ting-Lu|Ruination|p1a: Slowbro
|-damage|p1a: Slowbro|32/100
|move|p1a: Slowbro|Future Sight|p2a: Ting-Lu
|-start|p1a: Slowbro|move: Future Sight
|
|-heal|p2a: Ting-Lu|93/100|[from] item: Leftovers
|upkeep
|turn|16
|
|t:|1760435271
|move|p2a: Ting-Lu|Earthquake|p1a: Slowbro
|-damage|p1a: Slowbro|10/100
|move|p1a: Slowbro|Slack Off|p1a: Slowbro
|-heal|p1a: Slowbro|60/100
|
|-heal|p2a: Ting-Lu|99/100|[from] item: Leftovers
|upkeep
|turn|17
|
|t:|1760435278
|move|p2a: Ting-Lu|Ruination|p1a: Slowbro
|-damage|p1a: Slowbro|30/100
|move|p1a: Slowbro|Body Press|p2a: Ting-Lu
|-supereffective|p2a: Ting-Lu
|-damage|p2a: Ting-Lu|67/100
|
|-end|p2a: Ting-Lu|move: Future Sight
|-immune|p2a: Ting-Lu
|-heal|p2a: Ting-Lu|73/100|[from] item: Leftovers
|upkeep
|turn|18
|
|t:|1760435288
|move|p2a: Ting-Lu|Spikes|p1a: Slowbro
|-sidestart|p1: beeboobaa|Spikes
|move|p1a: Slowbro|Slack Off|p1a: Slowbro
|-heal|p1a: Slowbro|80/100
|
|-heal|p2a: Ting-Lu|79/100|[from] item: Leftovers
|upkeep
|turn|19
|
|t:|1760435296
|move|p2a: Ting-Lu|Spikes|p1a: Slowbro
|-sidestart|p1: beeboobaa|Spikes
|move|p1a: Slowbro|Thunder Wave|p2a: Ting-Lu
|-immune|p2a: Ting-Lu
|
|-heal|p2a: Ting-Lu|85/100|[from] item: Leftovers
|upkeep
|turn|20
|
|t:|1760435310
|move|p2a: Ting-Lu|Ruination|p1a: Slowbro
|-damage|p1a: Slowbro|41/100
|move|p1a: Slowbro|Body Press|p2a: Ting-Lu
|-supereffective|p2a: Ting-Lu
|-damage|p2a: Ting-Lu|54/100
|
|-heal|p2a: Ting-Lu|60/100|[from] item: Leftovers
|upkeep
|turn|21
|
|t:|1760435318
|move|p1a: Slowbro|Slack Off|p1a: Slowbro
|-heal|p1a: Slowbro|91/100
|move|p2a: Ting-Lu|Whirlwind|p1a: Slowbro
|drag|p1a: Clefable|Clefable, F|93/100
|
|-heal|p2a: Ting-Lu|67/100|[from] item: Leftovers
|upkeep
|turn|22
|
|t:|1760435325
|move|p1a: Clefable|Moonblast|p2a: Ting-Lu
|-supereffective|p2a: Ting-Lu
|-damage|p2a: Ting-Lu|41/100
|move|p2a: Ting-Lu|Ruination|p1a: Clefable
|-damage|p1a: Clefable|47/100
|
|-heal|p2a: Ting-Lu|47/100|[from] item: Leftovers
|upkeep
|turn|23
|
|t:|1760435334
|move|p1a: Clefable|Moonlight|p1a: Clefable
|-heal|p1a: Clefable|97/100
|move|p2a: Ting-Lu|Earthquake|p1a: Clefable
|-damage|p1a: Clefable|71/100
|
|-heal|p2a: Ting-Lu|53/100|[from] item: Leftovers
|upkeep
|turn|24
|
|t:|1760435341
|move|p1a: Clefable|Moonblast|p2a: Ting-Lu
|-supereffective|p2a: Ting-Lu
|-damage|p2a: Ting-Lu|29/100
|move|p2a: Ting-Lu|Ruination|p1a: Clefable
|-damage|p1a: Clefable|36/100
|
|-heal|p2a: Ting-Lu|36/100|[from] item: Leftovers
|upkeep
|turn|25
|
|t:|1760435348
|move|p1a: Clefable|Moonlight|p1a: Clefable
|-heal|p1a: Clefable|86/100
|move|p2a: Ting-Lu|Ruination|p1a: Clefable
|-damage|p1a: Clefable|43/100
|
|-heal|p2a: Ting-Lu|42/100|[from] item: Leftovers
|upkeep
|turn|26
|
|t:|1760435358
|move|p1a: Clefable|Moonblast|p2a: Ting-Lu
|-supereffective|p2a: Ting-Lu
|-damage|p2a: Ting-Lu|15/100
|move|p2a: Ting-Lu|Ruination|p1a: Clefable
|-damage|p1a: Clefable|22/100
|
|-heal|p2a: Ting-Lu|21/100|[from] item: Leftovers
|upkeep
|turn|27
|
|t:|1760435366
|move|p1a: Clefable|Moonlight|p1a: Clefable
|-heal|p1a: Clefable|72/100
|move|p2a: Ting-Lu|Ruination|p1a: Clefable
|-damage|p1a: Clefable|36/100
|
|-heal|p2a: Ting-Lu|27/100|[from] item: Leftovers
|upkeep
|turn|28
|
|t:|1760435376
|switch|p2a: Scizor|Scizor, M, tera:Steel|84/100
|move|p1a: Clefable|Moonblast|p2a: Scizor
|-resisted|p2a: Scizor
|-damage|p2a: Scizor|64/100
|
|upkeep
|turn|29
|
|t:|1760435386
|switch|p1a: Zapdos|Zapdos|73/100
|move|p2a: Scizor|Knock Off|p1a: Zapdos
|-damage|p1a: Zapdos|24/100
|-enditem|p1a: Zapdos|Heavy-Duty Boots|[from] move: Knock Off|[of] p2a: Scizor
|
|upkeep
|turn|30
|
|t:|1760435395
|switch|p2a: Weavile|Weavile, F|31/100
|-ability|p2a: Weavile|Pressure
|move|p1a: Zapdos|Roost|p1a: Zapdos
|-heal|p1a: Zapdos|74/100
|-singleturn|p1a: Zapdos|move: Roost
|
|upkeep
|turn|31
|
|t:|1760435410
|move|p2a: Weavile|Knock Off|p1a: Zapdos
|-damage|p1a: Zapdos|46/100
|move|p1a: Zapdos|Thunder Wave|p2a: Weavile
|-status|p2a: Weavile|par
|
|upkeep
|turn|32
|
|t:|1760435416
|move|p1a: Zapdos|Roost|p1a: Zapdos
|-heal|p1a: Zapdos|96/100
|-singleturn|p1a: Zapdos|move: Roost
|move|p2a: Weavile|Knock Off|p1a: Zapdos
|-damage|p1a: Zapdos|71/100
|
|upkeep
|turn|33
|
|t:|1760435427
|switch|p2a: Ting-Lu|Ting-Lu|27/100
|-ability|p2a: Ting-Lu|Vessel of Ruin
|move|p1a: Zapdos|Hurricane|p2a: Ting-Lu|[miss]
|-miss|p1a: Zapdos|p2a: Ting-Lu
|
|-heal|p2a: Ting-Lu|33/100|[from] item: Leftovers
|upkeep
|turn|34
|
|t:|1760435441
|move|p1a: Zapdos|Hurricane|p2a: Ting-Lu
|-damage|p2a: Ting-Lu|15/100
|move|p2a: Ting-Lu|Ruination|p1a: Zapdos
|-damage|p1a: Zapdos|36/100
|
|-heal|p2a: Ting-Lu|21/100|[from] item: Leftovers
|upkeep
|turn|35
|
|t:|1760435449
|move|p1a: Zapdos|Roost|p1a: Zapdos
|-heal|p1a: Zapdos|86/100
|-singleturn|p1a: Zapdos|move: Roost
|move|p2a: Ting-Lu|Earthquake|p1a: Zapdos
|-supereffective|p1a: Zapdos
|-damage|p1a: Zapdos|22/100
|
|-heal|p2a: Ting-Lu|28/100|[from] item: Leftovers
|upkeep
|turn|36
|
|t:|1760435459
|move|p1a: Zapdos|Hurricane|p2a: Ting-Lu
|-damage|p2a: Ting-Lu|8/100
|move|p2a: Ting-Lu|Earthquake|p1a: Zapdos
|-immune|p1a: Zapdos
|
|-heal|p2a: Ting-Lu|15/100|[from] item: Leftovers
|upkeep
|turn|37
|
|t:|1760435474
|move|p1a: Zapdos|Roost|p1a: Zapdos
|-heal|p1a: Zapdos|72/100
|-singleturn|p1a: Zapdos|move: Roost
|move|p2a: Ting-Lu|Earthquake|p1a: Zapdos
|-supereffective|p1a: Zapdos
|-damage|p1a: Zapdos|11/100
|
|-heal|p2a: Ting-Lu|21/100|[from] item: Leftovers
|upkeep
|turn|38
|
|t:|1760435484
|move|p1a: Zapdos|Hurricane|p2a: Ting-Lu|[miss]
|-miss|p1a: Zapdos|p2a: Ting-Lu
|move|p2a: Ting-Lu|Whirlwind|p1a: Zapdos
|drag|p1a: Slowbro|Slowbro, M|100/100
|-damage|p1a: Slowbro|88/100|[from] Stealth Rock
|-damage|p1a: Slowbro|63/100|[from] Spikes
|
|-heal|p2a: Ting-Lu|27/100|[from] item: Leftovers
|upkeep
|turn|39
|c|☆beeboobaa|ofc i should have just hurricaned
|c|☆beeboobaa|not rooste
|c|☆beeboobaa|roosted
|inactive|AlexisPC has 120 seconds left.
|
|t:|1760435529
|switch|p2a: Clefable|Clefable, F|100/100
|move|p1a: Slowbro|Future Sight|p2a: Clefable
|-start|p1a: Slowbro|move: Future Sight
|
|upkeep
|turn|40
|
|t:|1760435537
|switch|p1a: Chansey|Chansey, F|51/100
|-damage|p1a: Chansey|38/100|[from] Stealth Rock
|-damage|p1a: Chansey|13/100|[from] Spikes
|move|p2a: Clefable|Moonblast|p1a: Chansey
|-damage|p1a: Chansey|4/100
|-unboost|p1a: Chansey|spa|1
|
|upkeep
|turn|41
|inactive|AlexisPC has 120 seconds left.
|
|t:|1760435550
|move|p2a: Clefable|Moonblast|p1a: Chansey
|-damage|p1a: Chansey|0 fnt
|faint|p1a: Chansey
|
|-end|p2a: Clefable|move: Future Sight
|-damage|p2a: Clefable|59/100
|-heal|p2a: Clefable|65/100|[from] item: Leftovers
|upkeep
|
|t:|1760435565
|switch|p1a: Clefable|Clefable, F|36/100
|turn|42
|
|t:|1760435569
|move|p2a: Clefable|Thunder Wave|p1a: Clefable
|-status|p1a: Clefable|par
|move|p1a: Clefable|Moonlight|p1a: Clefable
|-heal|p1a: Clefable|86/100 par
|
|-heal|p2a: Clefable|71/100|[from] item: Leftovers
|upkeep
|turn|43
|
|t:|1760435577
|switch|p2a: Scizor|Scizor, M, tera:Steel|64/100
|move|p1a: Clefable|Thunder Wave|p2a: Scizor
|-status|p2a: Scizor|par
|
|upkeep
|turn|44
|inactive|beeboobaa has 120 seconds left.
|
|t:|1760435609
|switch|p1a: Slowbro|Slowbro, M|96/100
|-damage|p1a: Slowbro|84/100|[from] Stealth Rock
|-damage|p1a: Slowbro|59/100|[from] Spikes
|move|p2a: Scizor|U-turn|p1a: Slowbro
|-supereffective|p1a: Slowbro
|-damage|p1a: Slowbro|0 fnt
|-damage|p2a: Scizor|47/100 par|[from] item: Rocky Helmet|[of] p1a: Slowbro
|faint|p1a: Slowbro
|c|☆beeboobaa|oh
|
|t:|1760435619
|switch|p2a: Cinderace|Cinderace, M|84/100 par|[from] U-turn
|
|upkeep
|
|t:|1760435626
|switch|p1a: Dragonite|Dragonite, F|100/100
|-damage|p1a: Dragonite|76/100|[from] Stealth Rock
|turn|45
|
|t:|1760435634
|move|p2a: Cinderace|Sucker Punch||[still]
|-fail|p2a: Cinderace
|move|p1a: Dragonite|Dragon Dance|p1a: Dragonite
|-boost|p1a: Dragonite|atk|1
|-boost|p1a: Dragonite|spe|1
|
|upkeep
|turn|46
|
|t:|1760435644
|move|p1a: Dragonite|Roost|p1a: Dragonite
|-heal|p1a: Dragonite|100/100
|-singleturn|p1a: Dragonite|move: Roost
|move|p2a: Cinderace|Pyro Ball|p1a: Dragonite
|-resisted|p1a: Dragonite
|-damage|p1a: Dragonite|88/100
|
|upkeep
|turn|47
|
|t:|1760435652
|move|p1a: Dragonite|Dragon Dance|p1a: Dragonite
|-boost|p1a: Dragonite|atk|1
|-boost|p1a: Dragonite|spe|1
|move|p2a: Cinderace|Pyro Ball|p1a: Dragonite|[miss]
|-miss|p2a: Cinderace|p1a: Dragonite
|
|upkeep
|turn|48
|inactive|beeboobaa has 120 seconds left.
|
|t:|1760435688
|move|p1a: Dragonite|Dragon Dance|p1a: Dragonite
|-boost|p1a: Dragonite|atk|1
|-boost|p1a: Dragonite|spe|1
|move|p2a: Cinderace|Pyro Ball|p1a: Dragonite
|-resisted|p1a: Dragonite
|-crit|p1a: Dragonite
|-damage|p1a: Dragonite|43/100
|
|upkeep
|turn|49
|
|t:|1760435698
|move|p1a: Dragonite|Roost|p1a: Dragonite
|-heal|p1a: Dragonite|93/100
|-singleturn|p1a: Dragonite|move: Roost
|move|p2a: Cinderace|Pyro Ball|p1a: Dragonite
|-resisted|p1a: Dragonite
|-damage|p1a: Dragonite|65/100
|
|upkeep
|turn|50
|
|t:|1760435705
|move|p1a: Dragonite|Roost|p1a: Dragonite
|-heal|p1a: Dragonite|100/100
|-singleturn|p1a: Dragonite|move: Roost
|cant|p2a: Cinderace|par
|
|upkeep
|turn|51
|
|t:|1760435711
|move|p1a: Dragonite|Earthquake|p2a: Cinderace
|-supereffective|p2a: Cinderace
|-damage|p2a: Cinderace|0 fnt
|faint|p2a: Cinderace
|
|upkeep
|
|t:|1760435716
|switch|p2a: Clefable|Clefable, F|71/100
|turn|52
|
|t:|1760435740
|move|p1a: Dragonite|Earthquake|p2a: Clefable
|-damage|p2a: Clefable|0 fnt
|faint|p2a: Clefable
|
|upkeep
|
|t:|1760435750
|switch|p2a: Scizor|Scizor, M, tera:Steel|47/100 par
|turn|53
|inactive|beeboobaa has 120 seconds left.
|
|t:|1760435778
|-terastallize|p1a: Dragonite|Steel
|move|p2a: Scizor|Bullet Punch|p1a: Dragonite
|-resisted|p1a: Dragonite
|-damage|p1a: Dragonite|85/100
|-damage|p2a: Scizor|31/100 par|[from] item: Rocky Helmet|[of] p1a: Dragonite
|move|p1a: Dragonite|Earthquake|p2a: Scizor
|-supereffective|p2a: Scizor
|-damage|p2a: Scizor|0 fnt
|faint|p2a: Scizor
|
|upkeep
|
|t:|1760435787
|switch|p2a: Dragapult|Dragapult, F|84/100
|turn|54
|
|t:|1760435794
|move|p1a: Dragonite|Earthquake|p2a: Dragapult
|-damage|p2a: Dragapult|0 fnt
|faint|p2a: Dragapult
|
|upkeep
|-message|AlexisPC forfeited.
|
|win|beeboobaa
|raw|beeboobaa's rating: 1424 &rarr; <strong>1443</strong><br />(+19 for winning)
|raw|AlexisPC's rating: 1413 &rarr; <strong>1394</strong><br />(-19 for losing)
|l|☆AlexisPC
|player|p2|
