|j|☆patcheele~
|j|☆Kis Vegallomas
|t:|1760445755
|gametype|singles
|player|p1|patcheele~|preschooler-gen7|1403
|player|p2|Kis Vegallomas|170|1400
|gen|9
|tier|[Gen 9] OU
|rated|
|rule|HP Percentage Mod: HP is shown in percentages
|rule|Endless Battle Clause: Forcing endless battles is banned
|rule|Species Clause: Limit one of each Pokémon
|rule|OHKO Clause: OHKO moves are banned
|rule|Evasion Items Clause: Evasion items are banned
|rule|Evasion Moves Clause: Evasion moves are banned
|rule|Evasion Abilities Clause: Evasion abilities are banned
|rule|Sleep Moves Clause: Sleep-inducing moves are banned
|clearpoke
|poke|p1|Darkrai|
|poke|p1|Gholdengo|
|poke|p1|Samurott-Hisui, F|
|poke|p1|Great Tusk|
|poke|p1|Slowking-Galar, F|
|poke|p1|Zapdos|
|poke|p2|Garchomp, M|
|poke|p2|Slowking-Galar, M|
|poke|p2|Keldeo-Resolute|
|poke|p2|Grimmsnarl, M|
|poke|p2|Iron Crown|
|poke|p2|Primeape, M|
|teampreview
|c|☆patcheele~|glhf
|
|t:|1760445772
|teamsize|p1|6
|teamsize|p2|6
|start
|switch|p1a: Samurott|Samurott-Hisui, F|100/100
|switch|p2a: Primeape|Primeape, M|100/100
|turn|1
|
|t:|1760445775
|move|p2a: Primeape|Drain Punch|p1a: Samurott
|-supereffective|p1a: Samurott
|-damage|p1a: Samurott|39/100
|move|p1a: Samurott|Razor Shell|p2a: Primeape
|-damage|p2a: Primeape|51/100
|-unboost|p2a: Primeape|def|1
|-ability|p2a: Primeape|Defiant|boost
|-boost|p2a: Primeape|atk|2
|
|upkeep
|turn|2
|
|t:|1760445782
|switch|p1a: Gholdengo|Gholdengo|100/100
|-item|p1a: Gholdengo|Air Balloon
|move|p2a: Primeape|Drain Punch|p1a: Gholdengo
|-immune|p1a: Gholdengo
|
|upkeep
|turn|3
|
|t:|1760445788
|move|p2a: Primeape|Rage Fist|p1a: Gholdengo
|-supereffective|p1a: Gholdengo
|-damage|p1a: Gholdengo|30/100
|-enditem|p1a: Gholdengo|Air Balloon
|move|p1a: Gholdengo|Thunder Wave|p2a: Primeape
|-status|p2a: Primeape|par
|
|upkeep
|turn|4
|
|t:|1760445796
|move|p1a: Gholdengo|Hex|p2a: Primeape
|-damage|p2a: Primeape|12/100 par
|cant|p2a: Primeape|par
|
|upkeep
|turn|5
|
|t:|1760445802
|move|p1a: Gholdengo|Hex|p2a: Primeape
|-damage|p2a: Primeape|0 fnt
|faint|p2a: Primeape
|
|upkeep
|
|t:|1760445806
|switch|p2a: Garchomp|Garchomp, M|100/100
|turn|6
|
|t:|1760445812
|switch|p1a: Great Tusk|Great Tusk|100/100
|move|p2a: Garchomp|Swords Dance|p2a: Garchomp
|-boost|p2a: Garchomp|atk|2
|
|upkeep
|turn|7
|
|t:|1760445816
|move|p1a: Great Tusk|Ice Spinner|p2a: Garchomp
|-supereffective|p2a: Garchomp
|-damage|p2a: Garchomp|17/100
|-damage|p1a: Great Tusk|88/100|[from] ability: Rough Skin|[of] p2a: Garchomp
|move|p2a: Garchomp|Scale Shot|p1a: Great Tusk
|-damage|p1a: Great Tusk|70/100
|-damage|p1a: Great Tusk|51/100
|-crit|p1a: Great Tusk
|-damage|p1a: Great Tusk|21/100
|-damage|p1a: Great Tusk|3/100
|-hitcount|p1a: Great Tusk|4
|-unboost|p2a: Garchomp|def|1
|-boost|p2a: Garchomp|spe|1
|
|upkeep
|turn|8
|
|t:|1760445825
|move|p2a: Garchomp|Scale Shot|p1a: Great Tusk
|-damage|p1a: Great Tusk|0 fnt
|faint|p1a: Great Tusk
|-end|p1a: Great Tusk|Protosynthesis|[silent]
|-hitcount|p1: Great Tusk|1
|-unboost|p2a: Garchomp|def|1
|-boost|p2a: Garchomp|spe|1
|
|upkeep
|
|t:|1760445827
|switch|p1a: Samurott|Samurott-Hisui, F|39/100
|turn|9
|
|t:|1760445829
|switch|p2a: Keldeo|Keldeo-Resolute|100/100
|move|p1a: Samurott|Sucker Punch||[still]
|-fail|p1a: Samurott
|
|upkeep
|turn|10
|
|t:|1760445834
|switch|p1a: Zapdos|Zapdos|100/100
|move|p2a: Keldeo|Vacuum Wave|p1a: Zapdos
|-resisted|p1a: Zapdos
|-damage|p1a: Zapdos|90/100
|
|upkeep
|turn|11
|
|t:|1760445837
|switch|p2a: Garchomp|Garchomp, M|17/100
|move|p1a: Zapdos|Volt Switch|p2a: Garchomp
|-immune|p2a: Garchomp
|
|upkeep
|turn|12
|
|t:|1760445841
|move|p2a: Garchomp|Scale Shot|p1a: Zapdos
|-damage|p1a: Zapdos|80/100
|-crit|p1a: Zapdos
|-damage|p1a: Zapdos|66/100
|-damage|p1a: Zapdos|56/100
|-damage|p1a: Zapdos|47/100
|-hitcount|p1a: Zapdos|4
|-unboost|p2a: Garchomp|def|1
|-boost|p2a: Garchomp|spe|1
|move|p1a: Zapdos|Hurricane|p2a: Garchomp
|-damage|p2a: Garchomp|0 fnt
|faint|p2a: Garchomp
|
|upkeep
|
|t:|1760445847
|switch|p2a: Slowking|Slowking-Galar, M|100/100
|turn|13
|
|t:|1760445850
|move|p1a: Zapdos|Roost|p1a: Zapdos
|-heal|p1a: Zapdos|97/100
|-singleturn|p1a: Zapdos|move: Roost
|move|p2a: Slowking|Ice Beam|p1a: Zapdos
|-damage|p1a: Zapdos|50/100
|
|upkeep
|turn|14
|
|t:|1760445855
|move|p1a: Zapdos|Hurricane|p2a: Slowking
|-damage|p2a: Slowking|67/100
|move|p2a: Slowking|Ice Beam|p1a: Zapdos
|-supereffective|p1a: Zapdos
|-damage|p1a: Zapdos|0 fnt
|faint|p1a: Zapdos
|
|upkeep
|
|t:|1760445857
|switch|p1a: Darkrai|Darkrai|100/100
|turn|15
|
|t:|1760445861
|switch|p2a: Grimmsnarl|Grimmsnarl, M|100/100
|move|p1a: Darkrai|Nasty Plot|p1a: Darkrai
|-boost|p1a: Darkrai|spa|2
|
|upkeep
|turn|16
|
|t:|1760445863
|move|p2a: Grimmsnarl|Light Screen|p2a: Grimmsnarl
|-sidestart|p2: Kis Vegallomas|move: Light Screen
|move|p1a: Darkrai|Sludge Bomb|p2a: Grimmsnarl
|-supereffective|p2a: Grimmsnarl
|-damage|p2a: Grimmsnarl|52/100
|
|upkeep
|turn|17
|
|t:|1760445867
|switch|p2a: Slowking|Slowking-Galar, M|99/100
|move|p1a: Darkrai|Sludge Bomb|p2a: Slowking
|-resisted|p2a: Slowking
|-damage|p2a: Slowking|87/100
|
|upkeep
|turn|18
|
|t:|1760445872
|move|p1a: Darkrai|Dark Pulse|p2a: Slowking
|-supereffective|p2a: Slowking
|-damage|p2a: Slowking|16/100
|move|p2a: Slowking|Sludge Bomb|p1a: Darkrai
|-damage|p1a: Darkrai|14/100
|
|upkeep
|turn|19
|
|t:|1760445879
|move|p1a: Darkrai|Dark Pulse|p2a: Slowking
|-supereffective|p2a: Slowking
|-damage|p2a: Slowking|0 fnt
|faint|p2a: Slowking
|
|upkeep
|
|t:|1760445880
|switch|p2a: Iron Crown|Iron Crown|100/100
|turn|20
|
|t:|1760445885
|move|p1a: Darkrai|Dark Pulse|p2a: Iron Crown
|-supereffective|p2a: Iron Crown
|-damage|p2a: Iron Crown|27/100
|-enditem|p2a: Iron Crown|Weakness Policy
|-boost|p2a: Iron Crown|atk|2|[from] item: Weakness Policy
|-boost|p2a: Iron Crown|spa|2|[from] item: Weakness Policy
|cant|p2a: Iron Crown|flinch
|
|upkeep
|turn|21
|
|t:|1760445897
|move|p1a: Darkrai|Dark Pulse|p2a: Iron Crown
|-supereffective|p2a: Iron Crown
|-damage|p2a: Iron Crown|0 fnt
|faint|p2a: Iron Crown
|-end|p2a: Iron Crown|Quark Drive|[silent]
|
|upkeep
|
|t:|1760445899
|switch|p2a: Keldeo|Keldeo-Resolute|100/100
|turn|22
|
|t:|1760445908
|switch|p1a: Gholdengo|Gholdengo|30/100
|move|p2a: Keldeo|Vacuum Wave|p1a: Gholdengo
|-immune|p1a: Gholdengo
|
|upkeep
|turn|23
|
|t:|1760445910
|move|p2a: Keldeo|Surf|p1a: Gholdengo
|-damage|p1a: Gholdengo|0 fnt
|faint|p1a: Gholdengo
|
|-sideend|p2: Kis Vegallomas|move: Light Screen
|upkeep
|
|t:|1760445948
|switch|p1a: Slowking|Slowking-Galar, F|100/100
|turn|24
|
|t:|1760445951
|switch|p2a: Grimmsnarl|Grimmsnarl, M|52/100
|move|p1a: Slowking|Future Sight|p2a: Grimmsnarl
|-start|p1a: Slowking|move: Future Sight
|
|upkeep
|turn|25
|
|t:|1760445955
|move|p2a: Grimmsnarl|Light Screen|p2a: Grimmsnarl
|-sidestart|p2: Kis Vegallomas|move: Light Screen
|move|p1a: Slowking|Sludge Bomb|p2a: Grimmsnarl
|-supereffective|p2a: Grimmsnarl
|-damage|p2a: Grimmsnarl|29/100
|
|upkeep
|turn|26
|
|t:|1760445962
|move|p2a: Grimmsnarl|Reflect|p2a: Grimmsnarl
|-sidestart|p2: Kis Vegallomas|Reflect
|move|p1a: Slowking|Sludge Bomb|p2a: Grimmsnarl
|-supereffective|p2a: Grimmsnarl
|-damage|p2a: Grimmsnarl|5/100
|
|-end|p2a: Grimmsnarl|move: Future Sight
|-immune|p2a: Grimmsnarl
|upkeep
|turn|27
|
|t:|1760445968
|move|p2a: Grimmsnarl|Foul Play|p1a: Slowking
|-supereffective|p1a: Slowking
|-crit|p1a: Slowking
|-damage|p1a: Slowking|45/100
|move|p1a: Slowking|Sludge Bomb|p2a: Grimmsnarl
|-supereffective|p2a: Grimmsnarl
|-damage|p2a: Grimmsnarl|0 fnt
|faint|p2a: Grimmsnarl
|
|upkeep
|
|t:|1760445977
|switch|p2a: Keldeo|Keldeo-Resolute|100/100
|turn|28
|
|t:|1760445982
|switch|p1a: Samurott|Samurott-Hisui, F|39/100
|move|p2a: Keldeo|Calm Mind|p2a: Keldeo
|-boost|p2a: Keldeo|spa|1
|-boost|p2a: Keldeo|spd|1
|
|upkeep
|turn|29
|
|t:|1760445988
|move|p2a: Keldeo|Vacuum Wave|p1a: Samurott
|-supereffective|p1a: Samurott
|-damage|p1a: Samurott|0 fnt
|faint|p1a: Samurott
|
|upkeep
|
|t:|1760445993
|switch|p1a: Slowking|Slowking-Galar, F|78/100
|turn|30
|
|t:|1760445995
|switch|p1a: Darkrai|Darkrai|14/100
|move|p2a: Keldeo|Surf|p1a: Darkrai
|-damage|p1a: Darkrai|0 fnt
|faint|p1a: Darkrai
|
|upkeep
|
|t:|1760445998
|switch|p1a: Slowking|Slowking-Galar, F|100/100
|turn|31
|
|t:|1760446001
|move|p2a: Keldeo|Surf|p1a: Slowking
|-damage|p1a: Slowking|57/100
|move|p1a: Slowking|Future Sight|p2a: Keldeo
|-start|p1a: Slowking|move: Future Sight
|
|upkeep
|turn|32
|
|t:|1760446006
|-terastallize|p1a: Slowking|Water
|move|p2a: Keldeo|Calm Mind|p2a: Keldeo
|-boost|p2a: Keldeo|spa|1
|-boost|p2a: Keldeo|spd|1
|move|p1a: Slowking|Sludge Bomb|p2a: Keldeo
|-damage|p2a: Keldeo|91/100
|
|-heal|p2a: Keldeo|97/100|[from] item: Leftovers
|-sideend|p2: Kis Vegallomas|move: Light Screen
|upkeep
|turn|33
|
|t:|1760446015
|move|p2a: Keldeo|Secret Sword|p1a: Slowking
|-damage|p1a: Slowking|0 fnt
|faint|p1a: Slowking
|
|win|Kis Vegallomas
|raw|patcheele~'s rating: 1403 &rarr; <strong>1383</strong><br />(-20 for losing)
|raw|Kis Vegallomas's rating: 1400 &rarr; <strong>1420</strong><br />(+20 for winning)
|c|☆patcheele~|gg
|c|☆Kis Vegallomas|Gg
|l|☆patcheele~
|player|p1|
|l|☆Kis Vegallomas
|player|p2|
