|j|☆inthestation
|j|☆benji fades
|t:|1760392424
|gametype|singles
|player|p1|inthestation|pokemonbreeder|1562
|player|p2|benji fades|swimmerf-gen4|1556
|gen|9
|tier|[Gen 9] OU
|rated|
|rule|HP Percentage Mod: HP is shown in percentages
|rule|Endless Battle Clause: Forcing endless battles is banned
|rule|Species Clause: Limit one of each Pokémon
|rule|OHKO Clause: OHKO moves are banned
|rule|Evasion Items Clause: Evasion items are banned
|rule|Evasion Moves Clause: Evasion moves are banned
|rule|Evasion Abilities Clause: Evasion abilities are banned
|rule|Sleep Moves Clause: Sleep-inducing moves are banned
|clearpoke
|poke|p1|Arcanine-Hisui, F|
|poke|p1|Slowking-Galar, F|
|poke|p1|Corviknight, F|
|poke|p1|Ting-Lu|
|poke|p1|Zamazenta-*|
|poke|p1|Dragapult, F|
|poke|p2|Ting-Lu|
|poke|p2|Rillaboom, F|
|poke|p2|Great Tusk|
|poke|p2|Tornadus-Therian, M|
|poke|p2|Raging Bolt|
|poke|p2|Iron Crown|
|teampreview
|inactive|Battle timer is ON: inactive players will automatically lose when time's up. (requested by benji fades)
|
|t:|1760392450
|teamsize|p1|6
|teamsize|p2|6
|start
|switch|p1a: Ting-Lu|Ting-Lu|100/100
|switch|p2a: Iron Crown|Iron Crown|100/100
|-ability|p1a: Ting-Lu|Vessel of Ruin
|turn|1
|
|t:|1760392454
|-end|p2a: Iron Crown|Quark Drive|[silent]
|switch|p2a: Ting-Lu|Ting-Lu|100/100
|-ability|p2a: Ting-Lu|Vessel of Ruin
|move|p1a: Ting-Lu|Stealth Rock|p2a: Ting-Lu
|-sidestart|p2: benji fades|move: Stealth Rock
|
|upkeep
|turn|2
|
|t:|1760392459
|move|p2a: Ting-Lu|Stealth Rock|p1a: Ting-Lu
|-sidestart|p1: inthestation|move: Stealth Rock
|move|p1a: Ting-Lu|Ruination|p2a: Ting-Lu
|-damage|p2a: Ting-Lu|50/100
|
|-heal|p2a: Ting-Lu|57/100|[from] item: Leftovers
|upkeep
|turn|3
|
|t:|1760392466
|switch|p1a: Corviknight|Corviknight, F|100/100
|-damage|p1a: Corviknight|88/100|[from] Stealth Rock
|-ability|p1a: Corviknight|Pressure
|move|p2a: Ting-Lu|Ruination|p1a: Corviknight|[miss]
|-miss|p2a: Ting-Lu|p1a: Corviknight
|
|-heal|p2a: Ting-Lu|63/100|[from] item: Leftovers
|upkeep
|turn|4
|
|t:|1760392472
|move|p2a: Ting-Lu|Ruination|p1a: Corviknight
|-damage|p1a: Corviknight|44/100
|move|p1a: Corviknight|U-turn|p2a: Ting-Lu
|-supereffective|p2a: Ting-Lu
|-damage|p2a: Ting-Lu|47/100
|c|☆benji fades|Lame ass min speed Corv
|
|t:|1760392493
|switch|p1a: Zamazenta|Zamazenta|100/100|[from] U-turn
|-damage|p1a: Zamazenta|94/100|[from] Stealth Rock
|-ability|p1a: Zamazenta|Dauntless Shield|boost
|-boost|p1a: Zamazenta|def|1
|
|-heal|p1a: Zamazenta|100/100|[from] item: Leftovers
|-heal|p2a: Ting-Lu|53/100|[from] item: Leftovers
|upkeep
|turn|5
|c|☆benji fades|That is so weird
|
|t:|1760392502
|switch|p2a: Tornadus|Tornadus-Therian, M|100/100
|-damage|p2a: Tornadus|76/100|[from] Stealth Rock
|move|p1a: Zamazenta|Howl|p1a: Zamazenta
|-boost|p1a: Zamazenta|atk|1
|
|upkeep
|turn|6
|
|t:|1760392511
|switch|p1a: Slowking|Slowking-Galar, F|100/100
|-terastallize|p2a: Tornadus|Steel
|move|p2a: Tornadus|Bleakwind Storm|p1a: Slowking
|-damage|p1a: Slowking|77/100
|
|upkeep
|turn|7
|
|t:|1760392517
|move|p2a: Tornadus|Knock Off|p1a: Slowking
|-supereffective|p1a: Slowking
|-damage|p1a: Slowking|37/100
|-enditem|p1a: Slowking|Heavy-Duty Boots|[from] move: Knock Off|[of] p2a: Tornadus
|-prepare|p1a: Slowking|Chilly Reception|[premajor]
|move|p1a: Slowking|Chilly Reception|p1a: Slowking
|-weather|Snowscape
|
|t:|1760392526
|switch|p1a: Zamazenta|Zamazenta|100/100|[from] Chilly Reception
|-damage|p1a: Zamazenta|94/100|[from] Stealth Rock
|
|-weather|Snowscape|[upkeep]
|-heal|p1a: Zamazenta|100/100|[from] item: Leftovers
|upkeep
|turn|8
|
|t:|1760392531
|move|p1a: Zamazenta|Close Combat|p2a: Tornadus
|-supereffective|p2a: Tornadus
|-damage|p2a: Tornadus|0 fnt
|-unboost|p1a: Zamazenta|def|1
|-unboost|p1a: Zamazenta|spd|1
|faint|p2a: Tornadus
|
|-weather|Snowscape|[upkeep]
|upkeep
|c|☆benji fades|Yeah gg
|c|☆inthestation|gg
|c|☆benji fades|This game is a joke today.
|c|☆inthestation|wp
|c|☆benji fades|Nah you're the worst
|c|☆benji fades|Have a horrid night!
|c|☆inthestation|It's evening
|inactive|benji fades has 120 seconds left.
|
|t:|1760392566
|switch|p2a: Raging Bolt|Raging Bolt|100/100
|-damage|p2a: Raging Bolt|88/100|[from] Stealth Rock
|turn|9
|
|t:|1760392573
|switch|p1a: Ting-Lu|Ting-Lu|100/100
|-damage|p1a: Ting-Lu|94/100|[from] Stealth Rock
|-ability|p1a: Ting-Lu|Vessel of Ruin
|move|p2a: Raging Bolt|Draco Meteor|p1a: Ting-Lu
|-damage|p1a: Ting-Lu|45/100
|-unboost|p2a: Raging Bolt|spa|2
|
|-weather|Snowscape|[upkeep]
|-heal|p1a: Ting-Lu|51/100|[from] item: Leftovers
|upkeep
|turn|10
|
|t:|1760392580
|-end|p2a: Raging Bolt|Protosynthesis|[silent]
|switch|p2a: Rillaboom|Rillaboom, F|100/100
|-damage|p2a: Rillaboom|88/100|[from] Stealth Rock
|-fieldstart|move: Grassy Terrain|[from] ability: Grassy Surge|[of] p2a: Rillaboom
|move|p1a: Ting-Lu|Whirlwind|p2a: Rillaboom
|drag|p2a: Ting-Lu|Ting-Lu|53/100
|-damage|p2a: Ting-Lu|47/100|[from] Stealth Rock
|-ability|p2a: Ting-Lu|Vessel of Ruin
|
|-weather|Snowscape|[upkeep]
|-heal|p2a: Ting-Lu|53/100|[from] Grassy Terrain
|-heal|p2a: Ting-Lu|59/100|[from] item: Leftovers
|-heal|p1a: Ting-Lu|58/100|[from] Grassy Terrain
|-heal|p1a: Ting-Lu|64/100|[from] item: Leftovers
|upkeep
|turn|11
|
|t:|1760392585
|switch|p1a: Corviknight|Corviknight, F|44/100
|-damage|p1a: Corviknight|32/100|[from] Stealth Rock
|-ability|p1a: Corviknight|Pressure
|move|p2a: Ting-Lu|Whirlwind|p1a: Corviknight
|drag|p1a: Slowking|Slowking-Galar, F|71/100
|-damage|p1a: Slowking|58/100|[from] Stealth Rock
|
|-weather|none
|-heal|p2a: Ting-Lu|65/100|[from] Grassy Terrain
|-heal|p2a: Ting-Lu|72/100|[from] item: Leftovers
|-heal|p1a: Slowking|64/100|[from] Grassy Terrain
|upkeep
|turn|12
|
|t:|1760392591
|switch|p2a: Raging Bolt|Raging Bolt|88/100
|-damage|p2a: Raging Bolt|76/100|[from] Stealth Rock
|move|p1a: Slowking|Sludge Bomb|p2a: Raging Bolt
|-damage|p2a: Raging Bolt|44/100
|-status|p2a: Raging Bolt|psn
|
|-heal|p2a: Raging Bolt|51/100 psn|[from] Grassy Terrain
|-heal|p1a: Slowking|70/100|[from] Grassy Terrain
|-damage|p2a: Raging Bolt|38/100 psn|[from] psn
|upkeep
|turn|13
|
|t:|1760392594
|move|p2a: Raging Bolt|Draco Meteor|p1a: Slowking|[miss]
|-miss|p2a: Raging Bolt|p1a: Slowking
|-prepare|p1a: Slowking|Chilly Reception|[premajor]
|move|p1a: Slowking|Chilly Reception|p1a: Slowking
|-weather|Snowscape
|
|t:|1760392598
|switch|p1a: Dragapult|Dragapult, F|100/100|[from] Chilly Reception
|
|-weather|Snowscape|[upkeep]
|-heal|p2a: Raging Bolt|44/100 psn|[from] Grassy Terrain
|-damage|p2a: Raging Bolt|32/100 psn|[from] psn
|upkeep
|turn|14
|c|☆benji fades|So lu ky
|
|t:|1760392602
|move|p1a: Dragapult|Hex|p2a: Raging Bolt
|-damage|p2a: Raging Bolt|0 fnt
|faint|p2a: Raging Bolt
|-end|p2a: Raging Bolt|Protosynthesis|[silent]
|
|-weather|Snowscape|[upkeep]
|-fieldend|move: Grassy Terrain
|upkeep
|
|t:|1760392605
|switch|p2a: Iron Crown|Iron Crown|100/100
|-damage|p2a: Iron Crown|94/100|[from] Stealth Rock
|turn|15
|
|t:|1760392612
|switch|p1a: Ting-Lu|Ting-Lu|64/100
|-damage|p1a: Ting-Lu|58/100|[from] Stealth Rock
|-ability|p1a: Ting-Lu|Vessel of Ruin
|move|p2a: Iron Crown|Tachyon Cutter|p1a: Ting-Lu
|-damage|p1a: Ting-Lu|43/100
|-damage|p1a: Ting-Lu|27/100
|-hitcount|p1a: Ting-Lu|2
|
|-weather|Snowscape|[upkeep]
|-heal|p1a: Ting-Lu|33/100|[from] item: Leftovers
|upkeep
|turn|16
|
|t:|1760392615
|move|p2a: Iron Crown|Tachyon Cutter|p1a: Ting-Lu
|-damage|p1a: Ting-Lu|16/100
|-damage|p1a: Ting-Lu|0 fnt
|faint|p1a: Ting-Lu
|-hitcount|p1: Ting-Lu|2
|
|-weather|Snowscape|[upkeep]
|upkeep
|
|t:|1760392625
|switch|p1a: Slowking|Slowking-Galar, F|100/100
|-damage|p1a: Slowking|88/100|[from] Stealth Rock
|turn|17
|
|t:|1760392629
|move|p2a: Iron Crown|Tachyon Cutter|p1a: Slowking
|-damage|p1a: Slowking|66/100
|-damage|p1a: Slowking|43/100
|-hitcount|p1a: Slowking|2
|move|p1a: Slowking|Thunder Wave|p2a: Iron Crown
|-status|p2a: Iron Crown|par
|
|-weather|none
|upkeep
|turn|18
|
|t:|1760392651
|switch|p1a: Arcanine|Arcanine-Hisui, F|100/100
|-damage|p1a: Arcanine|76/100|[from] Stealth Rock
|move|p2a: Iron Crown|Tachyon Cutter|p1a: Arcanine
|-damage|p1a: Arcanine|31/100
|-damage|p1a: Arcanine|0 fnt
|faint|p1a: Arcanine
|-hitcount|p1: Arcanine|2
|
|upkeep
|
|t:|1760392655
|switch|p1a: Dragapult|Dragapult, F|100/100
|turn|19
|
|t:|1760392659
|-end|p2a: Iron Crown|Quark Drive|[silent]
|switch|p2a: Ting-Lu|Ting-Lu|72/100
|-damage|p2a: Ting-Lu|65/100|[from] Stealth Rock
|-ability|p2a: Ting-Lu|Vessel of Ruin
|move|p1a: Dragapult|Hex|p2a: Ting-Lu
|-resisted|p2a: Ting-Lu
|-damage|p2a: Ting-Lu|59/100
|
|-heal|p2a: Ting-Lu|65/100|[from] item: Leftovers
|upkeep
|turn|20
|
|t:|1760392664
|move|p1a: Dragapult|Will-O-Wisp|p2a: Ting-Lu
|-status|p2a: Ting-Lu|brn
|move|p2a: Ting-Lu|Ruination|p1a: Dragapult
|-damage|p1a: Dragapult|51/100
|
|-heal|p2a: Ting-Lu|72/100 brn|[from] item: Leftovers
|-damage|p2a: Ting-Lu|65/100 brn|[from] brn
|upkeep
|turn|21
|
|t:|1760392667
|move|p1a: Dragapult|U-turn|p2a: Ting-Lu
|-supereffective|p2a: Ting-Lu
|-damage|p2a: Ting-Lu|46/100 brn
|
|t:|1760392668
|switch|p1a: Corviknight|Corviknight, F|32/100|[from] U-turn
|-damage|p1a: Corviknight|19/100|[from] Stealth Rock
|-ability|p1a: Corviknight|Pressure
|move|p2a: Ting-Lu|Whirlwind|p1a: Corviknight
|drag|p1a: Slowking|Slowking-Galar, F|76/100
|-damage|p1a: Slowking|63/100|[from] Stealth Rock
|
|-heal|p2a: Ting-Lu|52/100 brn|[from] item: Leftovers
|-damage|p2a: Ting-Lu|46/100 brn|[from] brn
|upkeep
|turn|22
|
|t:|1760392692
|switch|p2a: Rillaboom|Rillaboom, F|88/100
|-damage|p2a: Rillaboom|76/100|[from] Stealth Rock
|-fieldstart|move: Grassy Terrain|[from] ability: Grassy Surge|[of] p2a: Rillaboom
|-prepare|p1a: Slowking|Chilly Reception|[premajor]
|move|p1a: Slowking|Chilly Reception|p1a: Slowking
|-weather|Snowscape
|
|t:|1760392706
|switch|p1a: Dragapult|Dragapult, F|51/100|[from] Chilly Reception
|
|-weather|Snowscape|[upkeep]
|-heal|p1a: Dragapult|57/100|[from] Grassy Terrain
|-heal|p2a: Rillaboom|82/100|[from] Grassy Terrain
|upkeep
|turn|23
|
|t:|1760392716
|move|p1a: Dragapult|U-turn|p2a: Rillaboom
|-supereffective|p2a: Rillaboom
|-damage|p2a: Rillaboom|44/100
|
|t:|1760392718
|switch|p1a: Corviknight|Corviknight, F|19/100|[from] U-turn
|-damage|p1a: Corviknight|7/100|[from] Stealth Rock
|-ability|p1a: Corviknight|Pressure
|move|p2a: Rillaboom|Knock Off|p1a: Corviknight
|-crit|p1a: Corviknight
|-damage|p1a: Corviknight|0 fnt
|-damage|p2a: Rillaboom|28/100|[from] item: Rocky Helmet|[of] p1a: Corviknight
|-enditem|p1a: Corviknight|Rocky Helmet|[from] move: Knock Off|[of] p2a: Rillaboom
|faint|p1a: Corviknight
|
|-weather|Snowscape|[upkeep]
|-heal|p2a: Rillaboom|34/100|[from] Grassy Terrain
|upkeep
|
|t:|1760392727
|switch|p1a: Dragapult|Dragapult, F|57/100
|turn|24
|
|t:|1760392747
|move|p1a: Dragapult|Will-O-Wisp|p2a: Rillaboom
|-status|p2a: Rillaboom|brn
|move|p2a: Rillaboom|Knock Off|p1a: Dragapult
|-supereffective|p1a: Dragapult
|-damage|p1a: Dragapult|0 fnt
|-enditem|p1a: Dragapult|Heavy-Duty Boots|[from] move: Knock Off|[of] p2a: Rillaboom
|faint|p1a: Dragapult
|
|-weather|Snowscape|[upkeep]
|-heal|p2a: Rillaboom|40/100 brn|[from] Grassy Terrain
|-damage|p2a: Rillaboom|34/100 brn|[from] brn
|upkeep
|
|t:|1760392749
|switch|p1a: Zamazenta|Zamazenta|100/100
|-damage|p1a: Zamazenta|94/100|[from] Stealth Rock
|turn|25
|
|t:|1760392753
|switch|p2a: Great Tusk|Great Tusk|100/100
|move|p1a: Zamazenta|Howl|p1a: Zamazenta
|-boost|p1a: Zamazenta|atk|1
|
|-weather|Snowscape|[upkeep]
|-heal|p1a: Zamazenta|100/100|[from] Grassy Terrain
|upkeep
|turn|26
|
|t:|1760392769
|move|p1a: Zamazenta|Close Combat|p2a: Great Tusk
|-damage|p2a: Great Tusk|31/100
|-unboost|p1a: Zamazenta|def|1
|-unboost|p1a: Zamazenta|spd|1
|move|p2a: Great Tusk|Rapid Spin|p1a: Zamazenta
|-damage|p1a: Zamazenta|77/100
|-boost|p2a: Great Tusk|spe|1
|-sideend|p2: benji fades|Stealth Rock|[from] move: Rapid Spin|[of] p2a: Great Tusk
|
|-weather|none
|-heal|p2a: Great Tusk|38/100|[from] Grassy Terrain
|-heal|p1a: Zamazenta|83/100|[from] Grassy Terrain
|-heal|p1a: Zamazenta|89/100|[from] item: Leftovers
|-fieldend|move: Grassy Terrain
|upkeep
|turn|27
|
|t:|1760392779
|switch|p1a: Slowking|Slowking-Galar, F|97/100
|-damage|p1a: Slowking|84/100|[from] Stealth Rock
|move|p2a: Great Tusk|Headlong Rush|p1a: Slowking
|-supereffective|p1a: Slowking
|-damage|p1a: Slowking|0 fnt
|-unboost|p2a: Great Tusk|def|1
|-unboost|p2a: Great Tusk|spd|1
|faint|p1a: Slowking
|
|upkeep
|
|t:|1760392780
|switch|p1a: Zamazenta|Zamazenta|89/100
|-damage|p1a: Zamazenta|83/100|[from] Stealth Rock
|turn|28
|
|t:|1760392786
|move|p2a: Great Tusk|Headlong Rush|p1a: Zamazenta
|-damage|p1a: Zamazenta|29/100
|-unboost|p2a: Great Tusk|def|1
|-unboost|p2a: Great Tusk|spd|1
|move|p1a: Zamazenta|Close Combat|p2a: Great Tusk
|-damage|p2a: Great Tusk|0 fnt
|-unboost|p1a: Zamazenta|def|1
|-unboost|p1a: Zamazenta|spd|1
|faint|p2a: Great Tusk
|-end|p2a: Great Tusk|Protosynthesis|[silent]
|
|-heal|p1a: Zamazenta|35/100|[from] item: Leftovers
|upkeep
|
|t:|1760392789
|switch|p2a: Iron Crown|Iron Crown|94/100 par
|turn|29
|c|☆benji fades|Please break through and hit.
|c|☆benji fades|You are so bad to let it come to this.
|
|t:|1760392813
|-terastallize|p1a: Zamazenta|Fire
|move|p1a: Zamazenta|Crunch|p2a: Iron Crown
|-supereffective|p2a: Iron Crown
|-damage|p2a: Iron Crown|40/100 par
|-unboost|p2a: Iron Crown|def|1
|cant|p2a: Iron Crown|par
|
|-heal|p1a: Zamazenta|41/100|[from] item: Leftovers
|upkeep
|turn|30
|c|☆benji fades|Hahaha
|c|☆benji fades|Gg.
|c|☆benji fades|Your so bad.
|c|☆inthestation|dude go for a walk
|
|t:|1760392831
|move|p1a: Zamazenta|Crunch|p2a: Iron Crown
|-supereffective|p2a: Iron Crown
|-damage|p2a: Iron Crown|0 fnt
|faint|p2a: Iron Crown
|-end|p2a: Iron Crown|Quark Drive|[silent]
|
|-heal|p1a: Zamazenta|47/100|[from] item: Leftovers
|upkeep
|c|☆inthestation|take a break
|
|t:|1760392835
|switch|p2a: Ting-Lu|Ting-Lu|46/100 brn
|-ability|p2a: Ting-Lu|Vessel of Ruin
|turn|31
|
|t:|1760392839
|move|p1a: Zamazenta|Close Combat|p2a: Ting-Lu
|-supereffective|p2a: Ting-Lu
|-damage|p2a: Ting-Lu|0 fnt
|-unboost|p1a: Zamazenta|def|1
|-unboost|p1a: Zamazenta|spd|1
|faint|p2a: Ting-Lu
|
|-heal|p1a: Zamazenta|54/100|[from] item: Leftovers
|upkeep
|
|t:|1760392841
|switch|p2a: Rillaboom|Rillaboom, F|34/100 brn
|-fieldstart|move: Grassy Terrain|[from] ability: Grassy Surge|[of] p2a: Rillaboom
|turn|32
|
|t:|1760392843
|move|p2a: Rillaboom|Grassy Glide|p1a: Zamazenta
|-resisted|p1a: Zamazenta
|-damage|p1a: Zamazenta|27/100
|move|p1a: Zamazenta|Close Combat|p2a: Rillaboom
|-damage|p2a: Rillaboom|0 fnt
|-unboost|p1a: Zamazenta|def|1
|-unboost|p1a: Zamazenta|spd|1
|faint|p2a: Rillaboom
|
|win|inthestation
|raw|inthestation's rating: 1562 &rarr; <strong>1582</strong><br />(+20 for winning)
|raw|benji fades's rating: 1556 &rarr; <strong>1536</strong><br />(-20 for losing)
|l|☆inthestation
|player|p1|
|j|☆inthestation
|player|p1|inthestation|pokemonbreeder|
