|j|☆dia90
|j|☆Johnny tots
|t:|1760379360
|gametype|singles
|player|p1|dia90|1|1763
|player|p2|Johnny tots|1|1795
|gen|9
|tier|[Gen 9] OU
|rated|
|rule|HP Percentage Mod: HP is shown in percentages
|rule|Endless Battle Clause: Forcing endless battles is banned
|rule|Species Clause: Limit one of each Pokémon
|rule|OHKO Clause: OHKO moves are banned
|rule|Evasion Items Clause: Evasion items are banned
|rule|Evasion Moves Clause: Evasion moves are banned
|rule|Evasion Abilities Clause: Evasion abilities are banned
|rule|Sleep Moves Clause: Sleep-inducing moves are banned
|clearpoke
|poke|p1|Ursaluna, M|
|poke|p1|Raging Bolt|
|poke|p1|Cinderace, M|
|poke|p1|Pecharunt|
|poke|p1|Ogerpon, F|
|poke|p1|Scizor, M|
|poke|p2|Rillaboom, F|
|poke|p2|Klefki, M|
|poke|p2|Manaphy|
|poke|p2|Ogerpon-Wellspring, F|
|poke|p2|Maushold-Four|
|poke|p2|Clefable, M|
|teampreview
|
|t:|1760379380
|teamsize|p1|6
|teamsize|p2|6
|start
|switch|p1a: Cinderace|Cinderace, M|100/100
|switch|p2a: Klefki|Klefki, M|100/100
|turn|1
|
|t:|1760379385
|move|p2a: Klefki|Reflect|p2a: Klefki
|-sidestart|p2: Johnny tots|Reflect
|move|p1a: Cinderace|Pyro Ball|p2a: Klefki|[miss]
|-miss|p1a: Cinderace|p2a: Klefki
|
|upkeep
|turn|2
|
|t:|1760379389
|move|p2a: Klefki|Thunder Wave|p1a: Cinderace
|-status|p1a: Cinderace|par
|cant|p1a: Cinderace|par
|
|upkeep
|turn|3
|
|t:|1760379395
|switch|p2a: Maushold|Maushold-Four|100/100
|move|p1a: Cinderace|Pyro Ball|p2a: Maushold|[miss]
|-miss|p1a: Cinderace|p2a: Maushold
|
|upkeep
|turn|4
|
|t:|1760379401
|move|p2a: Maushold|Population Bomb|p1a: Cinderace
|-damage|p1a: Cinderace|84/100 par
|-damage|p1a: Cinderace|66/100 par
|-damage|p1a: Cinderace|49/100 par
|-damage|p1a: Cinderace|31/100 par
|-damage|p1a: Cinderace|15/100 par
|-damage|p1a: Cinderace|0 fnt
|faint|p1a: Cinderace
|-hitcount|p1: Cinderace|6
|
|upkeep
|inactive|Battle timer is ON: inactive players will automatically lose when time's up. (requested by Johnny tots)
|
|t:|1760379412
|switch|p1a: Pecharunt|Pecharunt|100/100
|turn|5
|
|t:|1760379415
|switch|p2a: Klefki|Klefki, M|100/100
|move|p1a: Pecharunt|Malignant Chain|p2a: Klefki
|-immune|p2a: Klefki
|
|upkeep
|turn|6
|
|t:|1760379421
|move|p2a: Klefki|Spikes|p1a: Pecharunt
|-sidestart|p1: dia90|Spikes
|move|p1a: Pecharunt|Parting Shot|p2a: Klefki
|-unboost|p2a: Klefki|atk|1
|-unboost|p2a: Klefki|spa|1
|
|t:|1760379428
|switch|p1a: Ursaluna|Ursaluna, M|100/100|[from] Parting Shot
|-damage|p1a: Ursaluna|88/100|[from] Spikes
|
|upkeep
|turn|7
|
|t:|1760379433
|switch|p2a: Ogerpon|Ogerpon-Wellspring, F|100/100
|move|p1a: Ursaluna|Headlong Rush|p2a: Ogerpon
|-resisted|p2a: Ogerpon
|-damage|p2a: Ogerpon|67/100
|-unboost|p1a: Ursaluna|def|1
|-unboost|p1a: Ursaluna|spd|1
|
|upkeep
|turn|8
|
|t:|1760379443
|switch|p2a: Rillaboom|Rillaboom, F|100/100
|-fieldstart|move: Grassy Terrain|[from] ability: Grassy Surge|[of] p2a: Rillaboom
|switch|p1a: Pecharunt|Pecharunt|100/100
|-damage|p1a: Pecharunt|88/100|[from] Spikes
|
|-heal|p1a: Pecharunt|94/100|[from] Grassy Terrain
|-heal|p1a: Pecharunt|99/100|[from] item: Leftovers
|-sideend|p2: Johnny tots|Reflect
|upkeep
|turn|9
|
|t:|1760379453
|switch|p2a: Klefki|Klefki, M|100/100
|move|p1a: Pecharunt|Parting Shot|p2a: Klefki
|-unboost|p2a: Klefki|atk|1
|-unboost|p2a: Klefki|spa|1
|
|t:|1760379459
|switch|p1a: Ursaluna|Ursaluna, M|88/100|[from] Parting Shot
|-damage|p1a: Ursaluna|75/100|[from] Spikes
|
|-heal|p1a: Ursaluna|82/100|[from] Grassy Terrain
|upkeep
|turn|10
|
|t:|1760379466
|move|p2a: Klefki|Reflect|p2a: Klefki
|-sidestart|p2: Johnny tots|Reflect
|move|p1a: Ursaluna|Headlong Rush|p2a: Klefki
|-supereffective|p2a: Klefki
|-damage|p2a: Klefki|10/100
|-unboost|p1a: Ursaluna|def|1
|-unboost|p1a: Ursaluna|spd|1
|
|-heal|p2a: Klefki|16/100|[from] Grassy Terrain
|-heal|p1a: Ursaluna|88/100|[from] Grassy Terrain
|upkeep
|turn|11
|
|t:|1760379477
|switch|p2a: Rillaboom|Rillaboom, F|100/100
|switch|p1a: Scizor|Scizor, M|100/100
|-damage|p1a: Scizor|88/100|[from] Spikes
|
|-heal|p1a: Scizor|94/100|[from] Grassy Terrain
|upkeep
|turn|12
|
|t:|1760379485
|move|p2a: Rillaboom|Knock Off|p1a: Scizor
|-damage|p1a: Scizor|57/100
|-enditem|p1a: Scizor|Choice Band|[from] move: Knock Off|[of] p2a: Rillaboom
|move|p1a: Scizor|U-turn|p2a: Rillaboom
|-supereffective|p2a: Rillaboom
|-damage|p2a: Rillaboom|61/100
|
|t:|1760379494
|switch|p1a: Raging Bolt|Raging Bolt|100/100|[from] U-turn
|-damage|p1a: Raging Bolt|88/100|[from] Spikes
|
|-heal|p2a: Rillaboom|67/100|[from] Grassy Terrain
|-heal|p1a: Raging Bolt|94/100|[from] Grassy Terrain
|upkeep
|turn|13
|
|t:|1760379503
|move|p2a: Rillaboom|High Horsepower|p1a: Raging Bolt
|-supereffective|p1a: Raging Bolt
|-damage|p1a: Raging Bolt|34/100
|move|p1a: Raging Bolt|Volt Switch|p2a: Rillaboom
|-resisted|p2a: Rillaboom
|-damage|p2a: Rillaboom|34/100
|
|t:|1760379510
|-end|p1a: Raging Bolt|Protosynthesis|[silent]
|switch|p1a: Scizor|Scizor, M|57/100|[from] Volt Switch
|-damage|p1a: Scizor|45/100|[from] Spikes
|
|-heal|p2a: Rillaboom|40/100|[from] Grassy Terrain
|-heal|p1a: Scizor|51/100|[from] Grassy Terrain
|upkeep
|turn|14
|
|t:|1760379517
|switch|p2a: Ogerpon|Ogerpon-Wellspring, F|67/100
|move|p1a: Scizor|U-turn|p2a: Ogerpon
|-supereffective|p2a: Ogerpon
|-damage|p2a: Ogerpon|14/100
|
|t:|1760379523
|switch|p1a: Ogerpon|Ogerpon, F|100/100|[from] U-turn
|-damage|p1a: Ogerpon|88/100|[from] Spikes
|
|-heal|p2a: Ogerpon|20/100|[from] Grassy Terrain
|-heal|p1a: Ogerpon|94/100|[from] Grassy Terrain
|upkeep
|turn|15
|
|t:|1760379532
|move|p2a: Ogerpon|Power Whip|p1a: Ogerpon
|-resisted|p1a: Ogerpon
|-damage|p1a: Ogerpon|29/100
|move|p1a: Ogerpon|U-turn|p2a: Ogerpon
|-supereffective|p2a: Ogerpon
|-damage|p2a: Ogerpon|0 fnt
|faint|p2a: Ogerpon
|j| perfect days
|
|t:|1760379540
|switch|p1a: Scizor|Scizor, M|51/100|[from] U-turn
|-damage|p1a: Scizor|38/100|[from] Spikes
|
|-heal|p1a: Scizor|44/100|[from] Grassy Terrain
|-fieldend|move: Grassy Terrain
|upkeep
|
|t:|1760379543
|switch|p2a: Manaphy|Manaphy|100/100
|turn|16
|
|t:|1760379548
|move|p2a: Manaphy|Scald|p1a: Scizor
|-damage|p1a: Scizor|0 fnt
|faint|p1a: Scizor
|
|upkeep
|
|t:|1760379555
|switch|p1a: Pecharunt|Pecharunt|99/100
|-damage|p1a: Pecharunt|88/100|[from] Spikes
|turn|17
|
|t:|1760379571
|switch|p2a: Maushold|Maushold-Four|100/100
|move|p1a: Pecharunt|Parting Shot|p2a: Maushold
|-unboost|p2a: Maushold|atk|1
|-unboost|p2a: Maushold|spa|1
|
|t:|1760379581
|switch|p1a: Ogerpon|Ogerpon, F|29/100|[from] Parting Shot
|-damage|p1a: Ogerpon|17/100|[from] Spikes
|
|-sideend|p2: Johnny tots|Reflect
|upkeep
|turn|18
|
|t:|1760379588
|switch|p2a: Rillaboom|Rillaboom, F|40/100
|-fieldstart|move: Grassy Terrain|[from] ability: Grassy Surge|[of] p2a: Rillaboom
|-terastallize|p1a: Ogerpon|Grass
|detailschange|p1a: Ogerpon|Ogerpon-Teal-Tera, F, tera:Grass
|-ability|p1a: Ogerpon|Embody Aspect (Teal)|boost
|-boost|p1a: Ogerpon|spe|1
|move|p1a: Ogerpon|Power Whip|p2a: Rillaboom
|-resisted|p2a: Rillaboom
|-damage|p2a: Rillaboom|0 fnt
|faint|p2a: Rillaboom
|
|-heal|p1a: Ogerpon|23/100|[from] Grassy Terrain
|upkeep
|
|t:|1760379590
|switch|p2a: Klefki|Klefki, M|16/100
|turn|19
|
|t:|1760379602
|move|p2a: Klefki|Reflect|p2a: Klefki
|-sidestart|p2: Johnny tots|Reflect
|move|p1a: Ogerpon|Power Whip|p2a: Klefki
|-resisted|p2a: Klefki
|-damage|p2a: Klefki|0 fnt
|faint|p2a: Klefki
|
|-heal|p1a: Ogerpon|29/100|[from] Grassy Terrain
|upkeep
|
|t:|1760379604
|switch|p2a: Clefable|Clefable, M|100/100
|turn|20
|
|t:|1760379611
|move|p1a: Ogerpon|Power Whip|p2a: Clefable
|-damage|p2a: Clefable|17/100
|move|p2a: Clefable|Fire Blast|p1a: Ogerpon
|-supereffective|p1a: Ogerpon
|-damage|p1a: Ogerpon|0 fnt
|faint|p1a: Ogerpon
|detailschange|p1: Ogerpon|Ogerpon, F|[silent]
|
|-heal|p2a: Clefable|23/100|[from] Grassy Terrain
|-heal|p2a: Clefable|29/100|[from] item: Leftovers
|upkeep
|
|t:|1760379621
|switch|p1a: Raging Bolt|Raging Bolt|34/100
|-damage|p1a: Raging Bolt|22/100|[from] Spikes
|turn|21
|
|t:|1760379625
|move|p1a: Raging Bolt|Thunderbolt|p2a: Clefable
|-damage|p2a: Clefable|0 fnt
|faint|p2a: Clefable
|
|-heal|p1a: Raging Bolt|28/100|[from] Grassy Terrain
|upkeep
|
|t:|1760379627
|switch|p2a: Manaphy|Manaphy|100/100
|turn|22
|
|t:|1760379632
|-terastallize|p2a: Manaphy|Grass
|move|p2a: Manaphy|Take Heart|p2a: Manaphy
|-boost|p2a: Manaphy|spa|1
|-boost|p2a: Manaphy|spd|1
|move|p1a: Raging Bolt|Thunderbolt|p2a: Manaphy
|-resisted|p2a: Manaphy
|-damage|p2a: Manaphy|80/100
|
|-heal|p2a: Manaphy|86/100|[from] Grassy Terrain
|-heal|p2a: Manaphy|92/100|[from] item: Leftovers
|-heal|p1a: Raging Bolt|34/100|[from] Grassy Terrain
|upkeep
|turn|23
|
|t:|1760379644
|-end|p1a: Raging Bolt|Protosynthesis|[silent]
|switch|p1a: Ursaluna|Ursaluna, M|88/100
|-damage|p1a: Ursaluna|75/100|[from] Spikes
|move|p2a: Manaphy|Take Heart|p2a: Manaphy
|-boost|p2a: Manaphy|spa|1
|-boost|p2a: Manaphy|spd|1
|
|-heal|p2a: Manaphy|98/100|[from] Grassy Terrain
|-heal|p2a: Manaphy|100/100|[from] item: Leftovers
|-heal|p1a: Ursaluna|82/100|[from] Grassy Terrain
|upkeep
|turn|24
|
|t:|1760379659
|move|p2a: Manaphy|Scald|p1a: Ursaluna
|-supereffective|p1a: Ursaluna
|-damage|p1a: Ursaluna|0 fnt
|faint|p1a: Ursaluna
|
|upkeep
|
|t:|1760379665
|switch|p1a: Pecharunt|Pecharunt|88/100
|-damage|p1a: Pecharunt|75/100|[from] Spikes
|turn|25
|
|t:|1760379672
|move|p2a: Manaphy|Stored Power|p1a: Pecharunt
|-supereffective|p1a: Pecharunt
|-damage|p1a: Pecharunt|0 fnt
|faint|p1a: Pecharunt
|
|-fieldend|move: Grassy Terrain
|upkeep
|-message|dia90 forfeited.
|
|win|Johnny tots
|raw|dia90's rating: 1763 &rarr; <strong>1745</strong><br />(-18 for losing)
|raw|Johnny tots's rating: 1795 &rarr; <strong>1813</strong><br />(+18 for winning)
|l|☆dia90
|player|p1|
|l|☆Johnny tots
|player|p2|
