|j|☆Fairytale22244!
|j|☆Mazamu
|t:|1760375551
|gametype|singles
|player|p1|Fairytale22244!|101|1024
|player|p2|Mazamu|169|1045
|gen|9
|tier|[Gen 9] OU
|rated|
|rule|HP Percentage Mod: HP is shown in percentages
|rule|Endless Battle Clause: Forcing endless battles is banned
|rule|Species Clause: Limit one of each Pokémon
|rule|OHKO Clause: OHKO moves are banned
|rule|Evasion Items Clause: Evasion items are banned
|rule|Evasion Moves Clause: Evasion moves are banned
|rule|Evasion Abilities Clause: Evasion abilities are banned
|rule|Sleep Moves Clause: Sleep-inducing moves are banned
|clearpoke
|poke|p1|Ceruledge, M|
|poke|p1|Talonflame, F|
|poke|p1|Quaquaval, F|
|poke|p1|Breloom, M|
|poke|p1|Dragapult, M|
|poke|p1|Azumarill, F|
|poke|p2|Azumarill, M|
|poke|p2|Medicham, M|
|poke|p2|Scizor, F|
|poke|p2|Rotom-Wash|
|poke|p2|Palossand, M|
|poke|p2|Lokix, F|
|teampreview
|
|t:|1760375580
|teamsize|p1|6
|teamsize|p2|6
|start
|switch|p1a: Dragapult|Dragapult, M|100/100
|switch|p2a: Scizor|Scizor, F|100/100
|turn|1
|
|t:|1760375591
|move|p1a: Dragapult|Will-O-Wisp|p2a: Scizor
|-status|p2a: Scizor|brn
|move|p2a: Scizor|Air Cutter|p1a: Dragapult
|-damage|p1a: Dragapult|69/100
|
|-damage|p2a: Scizor|94/100 brn|[from] brn
|upkeep
|turn|2
|
|t:|1760375597
|move|p1a: Dragapult|Hex|p2a: Scizor
|-damage|p2a: Scizor|42/100 brn
|move|p2a: Scizor|Air Cutter|p1a: Dragapult
|-crit|p1a: Dragapult
|-damage|p1a: Dragapult|20/100
|
|-damage|p2a: Scizor|36/100 brn|[from] brn
|upkeep
|turn|3
|-enditem|p1a: Dragapult|Custap Berry|[eat]
|-activate|p1a: Dragapult|item: Custap Berry|[consumed]
|
|t:|1760375603
|move|p1a: Dragapult|Hex|p2a: Scizor
|-damage|p2a: Scizor|0 fnt
|faint|p2a: Scizor
|
|upkeep
|
|t:|1760375606
|switch|p2a: Palossand|Palossand, M|100/100
|turn|4
|
|t:|1760375627
|switch|p2a: Lokix|Lokix, F|100/100
|move|p1a: Dragapult|Hex|p2a: Lokix
|-resisted|p2a: Lokix
|-damage|p2a: Lokix|77/100
|
|upkeep
|turn|5
|
|t:|1760375631
|move|p1a: Dragapult|Will-O-Wisp|p2a: Lokix
|-status|p2a: Lokix|brn
|move|p2a: Lokix|U-turn|p1a: Dragapult
|-resisted|p1a: Dragapult
|-damage|p1a: Dragapult|0 fnt
|faint|p1a: Dragapult
|-damage|p2a: Lokix|67/100 brn|[from] item: Life Orb
|
|t:|1760375646
|switch|p2a: Medicham|Medicham, M|100/100|[from] U-turn
|
|upkeep
|
|t:|1760375652
|switch|p1a: Ceruledge|Ceruledge, M|100/100
|turn|6
|
|t:|1760375658
|move|p2a: Medicham|Psycho Cut|p1a: Ceruledge
|-damage|p1a: Ceruledge|34/100
|-ability|p1a: Ceruledge|Weak Armor|boost
|-unboost|p1a: Ceruledge|def|1
|-boost|p1a: Ceruledge|spe|2
|move|p1a: Ceruledge|Swords Dance|p1a: Ceruledge
|-boost|p1a: Ceruledge|atk|2
|
|upkeep
|turn|7
|inactive|Battle timer is ON: inactive players will automatically lose when time's up. (requested by Mazamu)
|
|t:|1760375676
|move|p1a: Ceruledge|Shadow Sneak|p2a: Medicham
|-supereffective|p2a: Medicham
|-damage|p2a: Medicham|0 fnt
|faint|p2a: Medicham
|
|upkeep
|
|t:|1760375680
|switch|p2a: Lokix|Lokix, F|67/100 brn
|turn|8
|
|t:|1760375687
|move|p2a: Lokix|First Impression|p1a: Ceruledge
|-resisted|p1a: Ceruledge
|-damage|p1a: Ceruledge|8/100
|-ability|p1a: Ceruledge|Weak Armor|boost
|-unboost|p1a: Ceruledge|def|1
|-boost|p1a: Ceruledge|spe|2
|-damage|p2a: Lokix|57/100 brn|[from] item: Life Orb
|move|p1a: Ceruledge|Hex|p2a: Lokix
|-resisted|p2a: Lokix
|-damage|p2a: Lokix|33/100 brn
|
|-damage|p2a: Lokix|27/100 brn|[from] brn
|upkeep
|turn|9
|
|t:|1760375698
|switch|p2a: Azumarill|Azumarill, M|100/100
|move|p1a: Ceruledge|Shadow Sneak|p2a: Azumarill
|-crit|p2a: Azumarill
|-damage|p2a: Azumarill|38/100
|
|upkeep
|turn|10
|
|t:|1760375702
|move|p1a: Ceruledge|Shadow Sneak|p2a: Azumarill
|-damage|p2a: Azumarill|0 fnt
|faint|p2a: Azumarill
|
|upkeep
|c|☆Fairytale22244!|my fav bunny
|
|t:|1760375712
|switch|p2a: Lokix|Lokix, F|27/100 brn
|turn|11
|
|t:|1760375715
|move|p2a: Lokix|First Impression|p1a: Ceruledge
|-resisted|p1a: Ceruledge
|-damage|p1a: Ceruledge|0 fnt
|faint|p1a: Ceruledge
|-damage|p2a: Lokix|17/100 brn|[from] item: Life Orb
|
|-damage|p2a: Lokix|11/100 brn|[from] brn
|upkeep
|
|t:|1760375718
|switch|p1a: Azumarill|Azumarill, F|100/100
|turn|12
|
|t:|1760375729
|switch|p2a: Rotom|Rotom-Wash|100/100
|move|p1a: Azumarill|Belly Drum|p1a: Azumarill
|-damage|p1a: Azumarill|51/100
|-setboost|p1a: Azumarill|atk|6|[from] move: Belly Drum
|
|upkeep
|turn|13
|
|t:|1760375732
|-terastallize|p1a: Azumarill|Fairy
|move|p2a: Rotom|Will-O-Wisp|p1a: Azumarill
|-status|p1a: Azumarill|brn
|move|p1a: Azumarill|Play Rough|p2a: Rotom
|-damage|p2a: Rotom|0 fnt
|faint|p2a: Rotom
|
|-damage|p1a: Azumarill|44/100 brn|[from] brn
|upkeep
|-enditem|p1a: Azumarill|Sitrus Berry|[eat]
|-heal|p1a: Azumarill|69/100 brn|[from] item: Sitrus Berry
|
|t:|1760375741
|switch|p2a: Lokix|Lokix, F|11/100 brn
|turn|14
|
|t:|1760375743
|move|p2a: Lokix|First Impression|p1a: Azumarill
|-resisted|p1a: Azumarill
|-damage|p1a: Azumarill|43/100 brn
|-damage|p2a: Lokix|1/100 brn|[from] item: Life Orb
|move|p1a: Azumarill|Defense Curl|p1a: Azumarill
|-boost|p1a: Azumarill|def|1
|
|-damage|p2a: Lokix|0 fnt|[from] brn
|faint|p2a: Lokix
|-damage|p1a: Azumarill|36/100 brn|[from] brn
|upkeep
|
|t:|1760375747
|switch|p2a: Palossand|Palossand, M|100/100
|turn|15
|
|t:|1760375754
|move|p1a: Azumarill|Knock Off|p2a: Palossand
|-supereffective|p2a: Palossand
|-damage|p2a: Palossand|31/100
|-enditem|p2a: Palossand|Leftovers|[from] move: Knock Off|[of] p1a: Azumarill
|move|p2a: Palossand|Giga Drain|p1a: Azumarill
|-damage|p1a: Azumarill|24/100 brn
|-heal|p2a: Palossand|38/100|[from] drain|[of] p1a: Azumarill
|
|-damage|p1a: Azumarill|18/100 brn|[from] brn
|upkeep
|turn|16
|
|t:|1760375761
|move|p1a: Azumarill|Play Rough|p2a: Palossand
|-damage|p2a: Palossand|0 fnt
|faint|p2a: Palossand
|
|win|Fairytale22244!
|raw|Fairytale22244!'s rating: 1010 &rarr; <strong>1052</strong><br />(+42 for winning)
|raw|Mazamu's rating: 1045 &rarr; <strong>1027</strong><br />(-18 for losing)
|l|☆Mazamu
|player|p2|
