|j|☆tri dusk
|j|☆Zachopy14
|t:|1760347470
|gametype|singles
|player|p1|tri dusk|collector|1129
|player|p2|Zachopy14|cynthia|1107
|gen|9
|tier|[Gen 9] OU
|rated|
|rule|HP Percentage Mod: HP is shown in percentages
|rule|Endless Battle Clause: Forcing endless battles is banned
|rule|Species Clause: Limit one of each Pokémon
|rule|OHKO Clause: OHKO moves are banned
|rule|Evasion Items Clause: Evasion items are banned
|rule|Evasion Moves Clause: Evasion moves are banned
|rule|Evasion Abilities Clause: Evasion abilities are banned
|rule|Sleep Moves Clause: Sleep-inducing moves are banned
|clearpoke
|poke|p1|Porygon2|
|poke|p1|Dragonite, M|
|poke|p1|Gyarados, F|
|poke|p1|Golem, F|
|poke|p1|Forretress, F|
|poke|p1|Salamence, F|
|poke|p2|Gyarados, M|
|poke|p2|Dragonite, M|
|poke|p2|Eelektross, M|
|poke|p2|Forretress, M|
|poke|p2|Gallade, M|
|poke|p2|Sudowoodo, M|
|teampreview
|inactive|Battle timer is ON: inactive players will automatically lose when time's up. (requested by tri dusk)
|
|t:|1760347482
|teamsize|p1|6
|teamsize|p2|6
|start
|switch|p1a: Forretress|Forretress, F|100/100
|switch|p2a: Pepinillo|Sudowoodo, M, shiny|100/100
|turn|1
|
|t:|1760347491
|move|p1a: Forretress|Spikes|p2a: Pepinillo
|-sidestart|p2: Zachopy14|Spikes
|move|p2a: Pepinillo|Stealth Rock|p1a: Forretress
|-sidestart|p1: tri dusk|move: Stealth Rock
|
|upkeep
|turn|2
|
|t:|1760347503
|switch|p2a: Midas|Forretress, M, shiny|100/100
|-damage|p2a: Midas|88/100|[from] Spikes
|move|p1a: Forretress|Rapid Spin|p2a: Midas
|-resisted|p2a: Midas
|-damage|p2a: Midas|84/100
|-boost|p1a: Forretress|spe|1
|-sideend|p1: tri dusk|Stealth Rock|[from] move: Rapid Spin|[of] p1a: Forretress
|
|-heal|p2a: Midas|90/100|[from] item: Leftovers
|upkeep
|turn|3
|
|t:|1760347531
|move|p1a: Forretress|Spikes|p2a: Midas
|-sidestart|p2: Zachopy14|Spikes
|move|p2a: Midas|Rapid Spin|p1a: Forretress
|-resisted|p1a: Forretress
|-damage|p1a: Forretress|98/100
|-boost|p2a: Midas|spe|1
|-sideend|p2: Zachopy14|Spikes|[from] move: Rapid Spin|[of] p2a: Midas
|
|-heal|p2a: Midas|97/100|[from] item: Leftovers
|-heal|p1a: Forretress|100/100|[from] item: Leftovers
|upkeep
|turn|4
|
|t:|1760347541
|move|p2a: Midas|Iron Defense|p2a: Midas
|-boost|p2a: Midas|def|2
|move|p1a: Forretress|Rapid Spin|p2a: Midas
|-resisted|p2a: Midas
|-damage|p2a: Midas|95/100
|-boost|p1a: Forretress|spe|1
|
|-heal|p2a: Midas|100/100|[from] item: Leftovers
|upkeep
|turn|5
|
|t:|1760347560
|move|p1a: Forretress|Spikes|p2a: Midas
|-sidestart|p2: Zachopy14|Spikes
|move|p2a: Midas|Rapid Spin|p1a: Forretress
|-resisted|p1a: Forretress
|-damage|p1a: Forretress|98/100
|-boost|p2a: Midas|spe|1
|-sideend|p2: Zachopy14|Spikes|[from] move: Rapid Spin|[of] p2a: Midas
|
|-heal|p1a: Forretress|100/100|[from] item: Leftovers
|upkeep
|turn|6
|
|t:|1760347573
|switch|p1a: Gyarados|Gyarados, F|100/100
|move|p2a: Midas|Iron Defense|p2a: Midas
|-boost|p2a: Midas|def|2
|
|upkeep
|turn|7
|
|t:|1760347580
|move|p1a: Gyarados|Temper Flare|p2a: Midas
|-supereffective|p2a: Midas
|-damage|p2a: Midas|75/100
|move|p2a: Midas|Body Press|p1a: Gyarados
|-resisted|p1a: Gyarados
|-damage|p1a: Gyarados|53/100
|
|-heal|p2a: Midas|81/100|[from] item: Leftovers
|upkeep
|turn|8
|
|t:|1760347591
|move|p1a: Gyarados|Temper Flare|p2a: Midas
|-supereffective|p2a: Midas
|-damage|p2a: Midas|54/100
|move|p2a: Midas|Rapid Spin|p1a: Gyarados
|-damage|p1a: Gyarados|41/100
|-boost|p2a: Midas|spe|1
|
|-heal|p2a: Midas|60/100|[from] item: Leftovers
|upkeep
|turn|9
|
|t:|1760347601
|move|p1a: Gyarados|Temper Flare|p2a: Midas
|-supereffective|p2a: Midas
|-damage|p2a: Midas|36/100
|move|p2a: Midas|Iron Defense|p2a: Midas
|-boost|p2a: Midas|def|2
|
|-heal|p2a: Midas|42/100|[from] item: Leftovers
|upkeep
|turn|10
|
|t:|1760347611
|move|p1a: Gyarados|Temper Flare|p2a: Midas
|-supereffective|p2a: Midas
|-damage|p2a: Midas|23/100
|move|p2a: Midas|Body Press|p1a: Gyarados
|-resisted|p1a: Gyarados
|-damage|p1a: Gyarados|0 fnt
|faint|p1a: Gyarados
|
|-heal|p2a: Midas|29/100|[from] item: Leftovers
|upkeep
|inactive|tri dusk has 120 seconds left.
|
|t:|1760347632
|switch|p1a: Salamence|Salamence, F|100/100
|turn|11
|
|t:|1760347639
|-terastallize|p2a: Midas|Rock
|move|p1a: Salamence|Dual Wingbeat|p2a: Midas
|-resisted|p2a: Midas
|-damage|p2a: Midas|28/100
|-resisted|p2a: Midas
|-damage|p2a: Midas|26/100
|-hitcount|p2a: Midas|2
|move|p2a: Midas|Rapid Spin|p1a: Salamence
|-damage|p1a: Salamence|88/100
|-boost|p2a: Midas|spe|1
|
|-heal|p2a: Midas|32/100|[from] item: Leftovers
|upkeep
|turn|12
|
|t:|1760347657
|switch|p1a: Golem|Golem, F|100/100
|move|p2a: Midas|Body Press|p1a: Golem
|-supereffective|p1a: Golem
|-ability|p1a: Golem|Sturdy
|-damage|p1a: Golem|1/100
|
|-heal|p2a: Midas|38/100|[from] item: Leftovers
|upkeep
|turn|13
|-enditem|p1a: Golem|Custap Berry|[eat]
|-activate|p1a: Golem|item: Custap Berry|[consumed]
|
|t:|1760347668
|move|p1a: Golem|Earthquake|p2a: Midas
|-supereffective|p2a: Midas
|-damage|p2a: Midas|19/100
|move|p2a: Midas|Rapid Spin|p1a: Golem
|-resisted|p1a: Golem
|-damage|p1a: Golem|0 fnt
|-boost|p2a: Midas|spe|1
|faint|p1a: Golem
|
|-heal|p2a: Midas|26/100|[from] item: Leftovers
|upkeep
|inactive|tri dusk has 120 seconds left.
|
|t:|1760347690
|switch|p1a: Porygon2|Porygon2|100/100
|-ability|p1a: Porygon2|Sturdy|Trace|[from] ability: Trace|[of] p2a: Midas
|turn|14
|
|t:|1760347701
|-terastallize|p1a: Porygon2|Bug
|move|p2a: Midas|Body Press|p1a: Porygon2
|-resisted|p1a: Porygon2
|-damage|p1a: Porygon2|69/100
|move|p1a: Porygon2|Charge Beam|p2a: Midas
|-damage|p2a: Midas|13/100
|-boost|p1a: Porygon2|spa|1
|
|-heal|p2a: Midas|19/100|[from] item: Leftovers
|upkeep
|turn|15
|
|t:|1760347719
|move|p2a: Midas|Toxic Spikes|p1a: Porygon2
|-sidestart|p1: tri dusk|move: Toxic Spikes
|move|p1a: Porygon2|Recover|p1a: Porygon2
|-heal|p1a: Porygon2|100/100
|
|-heal|p2a: Midas|25/100|[from] item: Leftovers
|upkeep
|turn|16
|
|t:|1760347727
|move|p2a: Midas|Toxic Spikes|p1a: Porygon2
|-sidestart|p1: tri dusk|move: Toxic Spikes
|move|p1a: Porygon2|Charge Beam|p2a: Midas
|-damage|p2a: Midas|9/100
|-boost|p1a: Porygon2|spa|1
|
|-heal|p2a: Midas|15/100|[from] item: Leftovers
|upkeep
|turn|17
|inactive|tri dusk has 120 seconds left.
|
|t:|1760347736
|move|p2a: Midas|Body Press|p1a: Porygon2
|-resisted|p1a: Porygon2
|-damage|p1a: Porygon2|67/100
|move|p1a: Porygon2|Charge Beam|p2a: Midas|[miss]
|-miss|p1a: Porygon2|p2a: Midas
|
|-heal|p2a: Midas|21/100|[from] item: Leftovers
|upkeep
|turn|18
|
|t:|1760347745
|move|p2a: Midas|Body Press|p1a: Porygon2
|-resisted|p1a: Porygon2
|-damage|p1a: Porygon2|36/100
|move|p1a: Porygon2|Recover|p1a: Porygon2
|-heal|p1a: Porygon2|86/100
|
|-heal|p2a: Midas|28/100|[from] item: Leftovers
|upkeep
|turn|19
|
|t:|1760347761
|move|p2a: Midas|Body Press|p1a: Porygon2
|-resisted|p1a: Porygon2
|-damage|p1a: Porygon2|55/100
|move|p1a: Porygon2|Shadow Ball|p2a: Midas
|-damage|p2a: Midas|0 fnt
|faint|p2a: Midas
|
|upkeep
|
|t:|1760347777
|switch|p2a: Pepinillo|Sudowoodo, M, shiny|100/100
|turn|20
|
|t:|1760347802
|switch|p1a: Forretress|Forretress, F|100/100
|move|p2a: Pepinillo|Head Smash|p1a: Forretress
|-crit|p1a: Forretress
|-damage|p1a: Forretress|38/100
|
|-heal|p1a: Forretress|45/100|[from] item: Leftovers
|upkeep
|turn|21
|
|t:|1760347811
|move|p1a: Forretress|Rapid Spin|p2a: Pepinillo
|-resisted|p2a: Pepinillo
|-damage|p2a: Pepinillo|96/100
|-boost|p1a: Forretress|spe|1
|-damage|p1a: Forretress|28/100|[from] item: Rocky Helmet|[of] p2a: Pepinillo
|-sideend|p1: tri dusk|Toxic Spikes|[from] move: Rapid Spin|[of] p1a: Forretress
|move|p2a: Pepinillo|Head Smash|p1a: Forretress
|-damage|p1a: Forretress|0 fnt
|faint|p1a: Forretress
|
|upkeep
|inactive|tri dusk has 120 seconds left.
|
|t:|1760347835
|switch|p1a: Dragonite|Dragonite, M|100/100
|turn|22
|inactive|tri dusk has 120 seconds left.
|
|t:|1760347846
|move|p1a: Dragonite|Dragon Claw|p2a: Pepinillo
|-damage|p2a: Pepinillo|55/100
|-damage|p1a: Dragonite|84/100|[from] item: Rocky Helmet|[of] p2a: Pepinillo
|move|p2a: Pepinillo|Head Smash|p1a: Dragonite
|-supereffective|p1a: Dragonite
|-damage|p1a: Dragonite|0 fnt
|faint|p1a: Dragonite
|
|upkeep
|inactive|tri dusk has 120 seconds left.
|
|t:|1760347856
|switch|p1a: Porygon2|Porygon2, tera:Bug|55/100
|-ability|p1a: Porygon2|Rock Head|Trace|[from] ability: Trace|[of] p2a: Pepinillo
|turn|23
|inactive|tri dusk has 120 seconds left.
|
|t:|1760347862
|move|p1a: Porygon2|Shadow Ball|p2a: Pepinillo
|-damage|p2a: Pepinillo|28/100
|move|p2a: Pepinillo|Head Smash|p1a: Porygon2
|-supereffective|p1a: Porygon2
|-crit|p1a: Porygon2
|-damage|p1a: Porygon2|0 fnt
|faint|p1a: Porygon2
|
|upkeep
|inactive|tri dusk has 120 seconds left.
|
|t:|1760347871
|switch|p1a: Salamence|Salamence, F|88/100
|turn|24
|
|t:|1760347879
|move|p1a: Salamence|Dragon Claw|p2a: Pepinillo
|-damage|p2a: Pepinillo|0 fnt
|-damage|p1a: Salamence|72/100|[from] item: Rocky Helmet|[of] p2a: Pepinillo
|faint|p2a: Pepinillo
|-ability|p1a: Salamence|Moxie|boost
|-boost|p1a: Salamence|atk|1
|
|upkeep
|
|t:|1760347887
|switch|p2a: Gyarados|Gyarados, M, shiny|100/100
|-ability|p2a: Gyarados|Intimidate|boost
|-unboost|p1a: Salamence|atk|1
|turn|25
|
|t:|1760347891
|move|p1a: Salamence|Dragon Claw|p2a: Gyarados
|-damage|p2a: Gyarados|45/100
|move|p2a: Gyarados|Dragon Dance|p2a: Gyarados
|-boost|p2a: Gyarados|atk|1
|-boost|p2a: Gyarados|spe|1
|
|-heal|p2a: Gyarados|51/100|[from] item: Leftovers
|upkeep
|turn|26
|
|t:|1760347900
|move|p1a: Salamence|Dragon Claw|p2a: Gyarados
|-damage|p2a: Gyarados|0 fnt
|faint|p2a: Gyarados
|-ability|p1a: Salamence|Moxie|boost
|-boost|p1a: Salamence|atk|1
|
|upkeep
|c|☆Zachopy14|choice scarfer, i see
|
|t:|1760347912
|switch|p2a: Voltshock|Eelektross, M, shiny|100/100
|turn|27
|
|t:|1760347918
|move|p1a: Salamence|Dragon Claw|p2a: Voltshock
|-damage|p2a: Voltshock|30/100
|move|p2a: Voltshock|Thunderbolt|p1a: Salamence
|-damage|p1a: Salamence|21/100
|
|upkeep
|turn|28
|
|t:|1760347928
|move|p1a: Salamence|Dragon Claw|p2a: Voltshock
|-damage|p2a: Voltshock|0 fnt
|faint|p2a: Voltshock
|-ability|p1a: Salamence|Moxie|boost
|-boost|p1a: Salamence|atk|1
|
|upkeep
|c|☆Zachopy14|aight
|
|t:|1760347934
|switch|p2a: Dragonite|Dragonite, M, shiny|100/100
|turn|29
|c|☆Zachopy14|i'm done
|
|t:|1760347940
|move|p2a: Dragonite|Extreme Speed|p1a: Salamence
|-damage|p1a: Salamence|0 fnt
|faint|p1a: Salamence
|
|win|Zachopy14
|raw|tri dusk's rating: 1129 &rarr; <strong>1102</strong><br />(-27 for losing)
|raw|Zachopy14's rating: 1107 &rarr; <strong>1134</strong><br />(+27 for winning)
|c|☆Zachopy14|gg
|l|☆tri dusk
|player|p1|
|l|☆Zachopy14
|player|p2|
