|j|☆Dark_Havocll
|j|☆kingboglin123
|t:|1760394896
|gametype|singles
|player|p1|Dark_Havocll|hiker-gen4|1367
|player|p2|kingboglin123|benga|1395
|gen|9
|tier|[Gen 9] OU
|rated|
|rule|HP Percentage Mod: HP is shown in percentages
|rule|Endless Battle Clause: Forcing endless battles is banned
|rule|Species Clause: Limit one of each Pokémon
|rule|OHKO Clause: OHKO moves are banned
|rule|Evasion Items Clause: Evasion items are banned
|rule|Evasion Moves Clause: Evasion moves are banned
|rule|Evasion Abilities Clause: Evasion abilities are banned
|rule|Sleep Moves Clause: Sleep-inducing moves are banned
|clearpoke
|poke|p1|Ogerpon-Wellspring, F|
|poke|p1|Dragonite, F|
|poke|p1|Slowking-Galar, F|
|poke|p1|Ting-Lu|
|poke|p1|Zamazenta-*|
|poke|p1|Mandibuzz, F|
|poke|p2|Yanmega, M|
|poke|p2|Gyarados, F|
|poke|p2|Trevenant, F|
|poke|p2|Infernape, M|
|poke|p2|Dugtrio-Alola, M|
|poke|p2|Farigiraf, F|
|teampreview
|
|t:|1760394912
|teamsize|p1|6
|teamsize|p2|6
|start
|switch|p1a: Ogerpon|Ogerpon-Wellspring, F|100/100
|switch|p2a: Yanmega|Yanmega, M|100/100
|turn|1
|
|t:|1760394918
|switch|p1a: Slowking|Slowking-Galar, F|100/100
|move|p2a: Yanmega|Air Slash|p1a: Slowking
|-damage|p1a: Slowking|76/100
|
|-ability|p2a: Yanmega|Speed Boost|boost
|-boost|p2a: Yanmega|spe|1
|upkeep
|turn|2
|
|t:|1760394926
|move|p2a: Yanmega|Air Slash|p1a: Slowking
|-damage|p1a: Slowking|49/100
|cant|p1a: Slowking|flinch
|
|-ability|p2a: Yanmega|Speed Boost|boost
|-boost|p2a: Yanmega|spe|1
|upkeep
|turn|3
|
|t:|1760394933
|move|p2a: Yanmega|Air Slash|p1a: Slowking
|-damage|p1a: Slowking|14/100
|-prepare|p1a: Slowking|Chilly Reception|[premajor]
|cant|p1a: Slowking|flinch
|
|-ability|p2a: Yanmega|Speed Boost|boost
|-boost|p2a: Yanmega|spe|1
|upkeep
|turn|4
|
|t:|1760394944
|switch|p1a: Mandibuzz|Mandibuzz, F|100/100
|move|p2a: Yanmega|Air Slash|p1a: Mandibuzz
|-damage|p1a: Mandibuzz|46/100
|
|-ability|p2a: Yanmega|Speed Boost|boost
|-boost|p2a: Yanmega|spe|1
|upkeep
|turn|5
|
|t:|1760394951
|move|p2a: Yanmega|Air Slash|p1a: Mandibuzz
|-damage|p1a: Mandibuzz|0 fnt
|faint|p1a: Mandibuzz
|
|-ability|p2a: Yanmega|Speed Boost|boost
|-boost|p2a: Yanmega|spe|1
|upkeep
|c|☆kingboglin123|DRAGNOITE
|
|t:|1760394958
|switch|p1a: Slowking|Slowking-Galar, F|47/100
|turn|6
|
|t:|1760394975
|move|p2a: Yanmega|Air Slash|p1a: Slowking
|-damage|p1a: Slowking|5/100
|move|p1a: Slowking|Future Sight|p2a: Yanmega
|-start|p1a: Slowking|move: Future Sight
|
|-ability|p2a: Yanmega|Speed Boost|boost
|-boost|p2a: Yanmega|spe|1
|upkeep
|turn|7
|
|t:|1760394981
|move|p2a: Yanmega|Air Slash|p1a: Slowking
|-damage|p1a: Slowking|0 fnt
|faint|p1a: Slowking
|
|upkeep
|
|t:|1760394984
|switch|p1a: Ting-Lu|Ting-Lu|100/100
|-ability|p1a: Ting-Lu|Vessel of Ruin
|turn|8
|
|t:|1760394988
|move|p2a: Yanmega|Air Slash|p1a: Ting-Lu
|-damage|p1a: Ting-Lu|53/100
|move|p1a: Ting-Lu|Throat Chop|p2a: Yanmega
|-damage|p2a: Yanmega|61/100
|-start|p2a: Yanmega|Throat Chop|[silent]
|
|-end|p2a: Yanmega|move: Future Sight
|-damage|p2a: Yanmega|1/100
|-heal|p1a: Ting-Lu|59/100|[from] item: Leftovers
|upkeep
|turn|9
|
|t:|1760394996
|move|p2a: Yanmega|Air Slash|p1a: Ting-Lu
|-damage|p1a: Ting-Lu|8/100
|move|p1a: Ting-Lu|Throat Chop|p2a: Yanmega
|-damage|p2a: Yanmega|0 fnt
|faint|p2a: Yanmega
|
|-heal|p1a: Ting-Lu|15/100|[from] item: Leftovers
|upkeep
|
|t:|1760395010
|switch|p2a: Farigiraf|Farigiraf, F, shiny|100/100
|turn|10
|
|t:|1760395015
|move|p2a: Farigiraf|Agility|p2a: Farigiraf
|-boost|p2a: Farigiraf|spe|2
|move|p1a: Ting-Lu|Stealth Rock|p2a: Farigiraf
|-sidestart|p2: kingboglin123|move: Stealth Rock
|
|-heal|p1a: Ting-Lu|21/100|[from] item: Leftovers
|upkeep
|turn|11
|
|t:|1760395024
|move|p2a: Farigiraf|Tera Blast|p1a: Ting-Lu
|-damage|p1a: Ting-Lu|0 fnt
|faint|p1a: Ting-Lu
|
|upkeep
|
|t:|1760395035
|switch|p1a: Ogerpon|Ogerpon-Wellspring, F|100/100
|turn|12
|
|t:|1760395045
|move|p2a: Farigiraf|Nasty Plot|p2a: Farigiraf
|-boost|p2a: Farigiraf|spa|2
|move|p1a: Ogerpon|Ivy Cudgel|p2a: Farigiraf|[anim] Ivy Cudgel Water
|-damage|p2a: Farigiraf|33/100
|
|upkeep
|turn|13
|
|t:|1760395055
|-terastallize|p1a: Ogerpon|Water
|detailschange|p1a: Ogerpon|Ogerpon-Wellspring-Tera, F, tera:Water
|-ability|p1a: Ogerpon|Embody Aspect (Wellspring)|boost
|-boost|p1a: Ogerpon|spd|1
|move|p2a: Farigiraf|Stored Power|p1a: Ogerpon
|-damage|p1a: Ogerpon|21/100
|move|p1a: Ogerpon|Ivy Cudgel|p2a: Farigiraf|[anim] Ivy Cudgel Water
|-damage|p2a: Farigiraf|0 fnt
|faint|p2a: Farigiraf
|
|upkeep
|
|t:|1760395069
|switch|p2a: Trevenant|Trevenant, F|100/100
|-damage|p2a: Trevenant|88/100|[from] Stealth Rock
|turn|14
|
|t:|1760395077
|move|p1a: Ogerpon|U-turn|p2a: Trevenant
|-damage|p2a: Trevenant|54/100
|
|t:|1760395079
|switch|p1a: Zamazenta|Zamazenta|100/100|[from] U-turn
|-ability|p1a: Zamazenta|Dauntless Shield|boost
|-boost|p1a: Zamazenta|def|1
|move|p2a: Trevenant|Trick Room|p2a: Trevenant
|-fieldstart|move: Trick Room|[of] p2a: Trevenant
|
|upkeep
|turn|15
|
|t:|1760395086
|move|p2a: Trevenant|Curse|p1a: Zamazenta
|-start|p1a: Zamazenta|Curse|[of] p2a: Trevenant
|-damage|p2a: Trevenant|4/100
|-enditem|p2a: Trevenant|Sitrus Berry|[eat]
|-heal|p2a: Trevenant|29/100|[from] item: Sitrus Berry
|move|p1a: Zamazenta|Crunch|p2a: Trevenant
|-supereffective|p2a: Trevenant
|-damage|p2a: Trevenant|0 fnt
|faint|p2a: Trevenant
|
|-damage|p1a: Zamazenta|76/100|[from] Curse
|upkeep
|
|t:|1760395102
|switch|p2a: Gyarados|Gyarados, F|100/100
|-damage|p2a: Gyarados|76/100|[from] Stealth Rock
|-ability|p2a: Gyarados|Intimidate|boost
|-unboost|p1a: Zamazenta|atk|1
|turn|16
|
|t:|1760395111
|move|p2a: Gyarados|Waterfall|p1a: Zamazenta
|-crit|p1a: Zamazenta
|-damage|p1a: Zamazenta|16/100
|cant|p1a: Zamazenta|flinch
|
|-damage|p1a: Zamazenta|0 fnt|[from] Curse
|faint|p1a: Zamazenta
|upkeep
|
|t:|1760395118
|switch|p1a: Dragonite|Dragonite, F|100/100
|turn|17
|
|t:|1760395127
|-terastallize|p2a: Gyarados|Flying
|move|p1a: Dragonite|Roost||[still]
|-fail|p1a: Dragonite|heal
|move|p2a: Gyarados|Tera Blast|p1a: Dragonite|[anim] Tera Blast Flying
|-damage|p1a: Dragonite|71/100
|
|upkeep
|turn|18
|
|t:|1760395138
|move|p1a: Dragonite|Roost|p1a: Dragonite
|-heal|p1a: Dragonite|100/100
|-singleturn|p1a: Dragonite|move: Roost
|move|p2a: Gyarados|Tera Blast|p1a: Dragonite|[anim] Tera Blast Flying
|-damage|p1a: Dragonite|66/100
|
|-fieldend|move: Trick Room
|upkeep
|turn|19
|
|t:|1760395146
|move|p2a: Gyarados|Tera Blast|p1a: Dragonite|[anim] Tera Blast Flying
|-damage|p1a: Dragonite|0 fnt
|faint|p1a: Dragonite
|
|upkeep
|
|t:|1760395148
|switch|p1a: Ogerpon|Ogerpon-Wellspring-Tera, F, tera:Water|21/100
|-ability|p1a: Ogerpon|Embody Aspect (Wellspring)|boost
|-boost|p1a: Ogerpon|spd|1
|turn|20
|
|t:|1760395158
|move|p1a: Ogerpon|Ivy Cudgel|p2a: Gyarados|[anim] Ivy Cudgel Water
|-damage|p2a: Gyarados|0 fnt
|faint|p2a: Gyarados
|
|upkeep
|
|t:|1760395163
|switch|p2a: Infernape|Infernape, M, shiny|100/100
|-damage|p2a: Infernape|88/100|[from] Stealth Rock
|turn|21
|
|t:|1760395168
|move|p1a: Ogerpon|Ivy Cudgel|p2a: Infernape|[anim] Ivy Cudgel Water
|-supereffective|p2a: Infernape
|-damage|p2a: Infernape|0 fnt
|faint|p2a: Infernape
|
|upkeep
|
|t:|1760395170
|switch|p2a: Dugtrio|Dugtrio-Alola, M, shiny|100/100
|-damage|p2a: Dugtrio|98/100|[from] Stealth Rock
|turn|22
|
|t:|1760395176
|move|p1a: Ogerpon|Ivy Cudgel|p2a: Dugtrio|[anim] Ivy Cudgel Water
|-supereffective|p2a: Dugtrio
|-damage|p2a: Dugtrio|0 fnt
|faint|p2a: Dugtrio
|
|win|Dark_Havocll
|raw|Dark_Havocll's rating: 1367 &rarr; <strong>1389</strong><br />(+22 for winning)
|raw|kingboglin123's rating: 1395 &rarr; <strong>1373</strong><br />(-22 for losing)
|l|☆Dark_Havocll
|player|p1|
|l|☆kingboglin123
|player|p2|
