|j|☆jyvon12811
|j|☆qaqkiller
|t:|1760356934
|gametype|singles
|player|p1|jyvon12811|101|1603
|player|p2|qaqkiller|maid|1678
|gen|9
|tier|[Gen 9] OU
|rated|
|rule|HP Percentage Mod: HP is shown in percentages
|rule|Endless Battle Clause: Forcing endless battles is banned
|rule|Species Clause: Limit one of each Pokémon
|rule|OHKO Clause: OHKO moves are banned
|rule|Evasion Items Clause: Evasion items are banned
|rule|Evasion Moves Clause: Evasion moves are banned
|rule|Evasion Abilities Clause: Evasion abilities are banned
|rule|Sleep Moves Clause: Sleep-inducing moves are banned
|clearpoke
|poke|p1|Darkrai|
|poke|p1|Samurott-Hisui, M|
|poke|p1|Kingambit, F|
|poke|p1|Slowking-Galar, F|
|poke|p1|Gliscor, F|
|poke|p1|Corviknight, M|
|poke|p2|Zamazenta-*|
|poke|p2|Iron Valiant|
|poke|p2|Sinistcha-Masterpiece|
|poke|p2|Gholdengo|
|poke|p2|Samurott-Hisui, M|
|poke|p2|Landorus-Therian, M|
|teampreview
|inactive|Battle timer is ON: inactive players will automatically lose when time's up. (requested by jyvon12811)
|inactive|qaqkiller has 120 seconds left.
|
|t:|1760356971
|teamsize|p1|6
|teamsize|p2|6
|start
|switch|p1a: Excalibird|Corviknight, M|100/100
|switch|p2a: Samurott|Samurott-Hisui, M, shiny|100/100
|-ability|p1a: Excalibird|Pressure
|turn|1
|
|t:|1760356976
|move|p2a: Samurott|Ceaseless Edge|p1a: Excalibird
|-damage|p1a: Excalibird|74/100
|-damage|p2a: Samurott|84/100|[from] item: Rocky Helmet|[of] p1a: Excalibird
|-sidestart|p1: jyvon12811|Spikes
|move|p1a: Excalibird|U-turn|p2a: Samurott
|-supereffective|p2a: Samurott
|-damage|p2a: Samurott|53/100
|
|t:|1760356985
|switch|p1a: Silver|Samurott-Hisui, M, shiny|100/100|[from] U-turn
|-damage|p1a: Silver|88/100|[from] Spikes
|
|upkeep
|turn|2
|
|t:|1760356993
|move|p1a: Silver|Ceaseless Edge|p2a: Samurott|[miss]
|-miss|p1a: Silver|p2a: Samurott
|move|p2a: Samurott|Ceaseless Edge|p1a: Silver
|-resisted|p1a: Silver
|-damage|p1a: Silver|62/100
|-sidestart|p1: jyvon12811|Spikes
|
|upkeep
|turn|3
|
|t:|1760356995
|move|p1a: Silver|Ceaseless Edge|p2a: Samurott
|-resisted|p2a: Samurott
|-damage|p2a: Samurott|16/100
|-sidestart|p2: qaqkiller|Spikes
|move|p2a: Samurott|Ceaseless Edge|p1a: Silver
|-resisted|p1a: Silver
|-crit|p1a: Silver
|-damage|p1a: Silver|20/100
|-sidestart|p1: jyvon12811|Spikes
|
|upkeep
|turn|4
|
|t:|1760356998
|move|p2a: Samurott|Sucker Punch|p1a: Silver
|-resisted|p1a: Silver
|-damage|p1a: Silver|1/100
|move|p1a: Silver|Ceaseless Edge|p2a: Samurott
|-resisted|p2a: Samurott
|-damage|p2a: Samurott|0 fnt
|-sidestart|p2: qaqkiller|Spikes
|faint|p2a: Samurott
|
|upkeep
|
|t:|1760357001
|switch|p2a: Landorus|Landorus-Therian, M, shiny|100/100
|-ability|p2a: Landorus|Intimidate|boost
|-unboost|p1a: Silver|atk|1
|turn|5
|
|t:|1760357009
|switch|p1a: Excalibird|Corviknight, M|74/100
|-ability|p1a: Excalibird|Pressure
|move|p2a: Landorus|U-turn|p1a: Excalibird
|-resisted|p1a: Excalibird
|-damage|p1a: Excalibird|71/100
|-damage|p2a: Landorus|84/100|[from] item: Rocky Helmet|[of] p1a: Excalibird
|j| isaac_gam3r
|
|t:|1760357015
|switch|p2a: Gholdengo|Gholdengo, shiny|100/100|[from] U-turn
|-item|p2a: Gholdengo|Air Balloon
|
|upkeep
|turn|6
|
|t:|1760357023
|move|p2a: Gholdengo|Shadow Ball|p1a: Excalibird
|-damage|p1a: Excalibird|27/100
|-unboost|p1a: Excalibird|spd|1
|move|p1a: Excalibird|U-turn|p2a: Gholdengo
|-resisted|p2a: Gholdengo
|-damage|p2a: Gholdengo|96/100
|-enditem|p2a: Gholdengo|Air Balloon
|
|t:|1760357034
|switch|p1a: JetBlue|Gliscor, F|100/100|[from] U-turn
|
|-status|p1a: JetBlue|tox|[from] item: Toxic Orb
|upkeep
|turn|7
|
|t:|1760357041
|-terastallize|p2a: Gholdengo|Fairy
|move|p2a: Gholdengo|Nasty Plot|p2a: Gholdengo
|-boost|p2a: Gholdengo|spa|2
|move|p1a: JetBlue|Stealth Rock|p2a: Gholdengo
|-sidestart|p2: qaqkiller|move: Stealth Rock
|
|upkeep
|turn|8
|
|t:|1760357048
|switch|p1a: Silver|Samurott-Hisui, M, shiny|1/100
|-damage|p1a: Silver|0 fnt|[from] Spikes
|faint|p1a: Silver
|move|p2a: Gholdengo|Shadow Ball|p1: Silver|[notarget]
|-fail|p2a: Gholdengo
|
|upkeep
|
|t:|1760357059
|switch|p1a: Violet|Darkrai, shiny|100/100
|-damage|p1a: Violet|76/100|[from] Spikes
|turn|9
|
|t:|1760357081
|-terastallize|p1a: Violet|Poison
|move|p1a: Violet|Sludge Bomb|p2a: Gholdengo
|-supereffective|p2a: Gholdengo
|-damage|p2a: Gholdengo|0 fnt
|faint|p2a: Gholdengo
|
|upkeep
|inactive|qaqkiller has 120 seconds left.
|
|t:|1760357096
|switch|p2a: Zamazenta|Zamazenta, shiny|100/100
|-ability|p2a: Zamazenta|Dauntless Shield|boost
|-boost|p2a: Zamazenta|def|1
|turn|10
|
|t:|1760357102
|switch|p1a: Frosty the slowman|Slowking-Galar, F|100/100
|move|p2a: Zamazenta|Heavy Slam|p1a: Frosty the slowman
|-damage|p1a: Frosty the slowman|81/100
|
|upkeep
|turn|11
|
|t:|1760357105
|move|p2a: Zamazenta|Crunch|p1a: Frosty the slowman
|-supereffective|p1a: Frosty the slowman
|-damage|p1a: Frosty the slowman|31/100
|-unboost|p1a: Frosty the slowman|def|1
|move|p1a: Frosty the slowman|Future Sight|p2a: Zamazenta
|-start|p1a: Frosty the slowman|move: Future Sight
|
|upkeep
|turn|12
|
|t:|1760357116
|switch|p1a: Excalibird|Corviknight, M|27/100
|-ability|p1a: Excalibird|Pressure
|move|p2a: Zamazenta|Crunch|p1a: Excalibird
|-damage|p1a: Excalibird|12/100
|-damage|p2a: Zamazenta|84/100|[from] item: Rocky Helmet|[of] p1a: Excalibird
|
|upkeep
|turn|13
|
|t:|1760357126
|move|p2a: Zamazenta|Crunch|p1a: Excalibird
|-damage|p1a: Excalibird|0 fnt
|-damage|p2a: Zamazenta|67/100|[from] item: Rocky Helmet|[of] p1a: Excalibird
|faint|p1a: Excalibird
|
|-end|p2a: Zamazenta|move: Future Sight
|-supereffective|p2a: Zamazenta
|-damage|p2a: Zamazenta|0 fnt
|faint|p2a: Zamazenta
|upkeep
|
|t:|1760357135
|switch|p2a: Landorus|Landorus-Therian, M, shiny|84/100
|switch|p1a: Frosty the slowman|Slowking-Galar, F|64/100
|-damage|p2a: Landorus|72/100|[from] Stealth Rock
|-ability|p2a: Landorus|Intimidate|boost
|-unboost|p1a: Frosty the slowman|atk|1
|turn|14
|
|t:|1760357138
|switch|p1a: JetBlue|Gliscor, F|100/100 tox
|move|p2a: Landorus|Earthquake|p1a: JetBlue
|-immune|p1a: JetBlue
|
|upkeep
|turn|15
|
|t:|1760357145
|move|p2a: Landorus|Taunt|p1a: JetBlue
|-start|p1a: JetBlue|move: Taunt
|move|p1a: JetBlue|Earthquake|p2a: Landorus
|-immune|p2a: Landorus
|
|upkeep
|turn|16
|
|t:|1760357149
|move|p2a: Landorus|Stealth Rock|p1a: JetBlue
|-sidestart|p1: jyvon12811|move: Stealth Rock
|move|p1a: JetBlue|Earthquake|p2a: Landorus
|-immune|p2a: Landorus
|
|upkeep
|turn|17
|
|t:|1760357153
|move|p2a: Landorus|U-turn|p1a: JetBlue
|-resisted|p1a: JetBlue
|-damage|p1a: JetBlue|91/100 tox
|
|t:|1760357156
|switch|p2a: Sinistcha|Sinistcha-Masterpiece, shiny|100/100|[from] U-turn
|move|p1a: JetBlue|Earthquake|p2a: Sinistcha
|-resisted|p2a: Sinistcha
|-damage|p2a: Sinistcha|88/100
|
|-heal|p1a: JetBlue|100/100 tox|[from] ability: Poison Heal
|-end|p1a: JetBlue|move: Taunt
|upkeep
|turn|18
|
|t:|1760357158
|move|p1a: JetBlue|U-turn|p2a: Sinistcha
|-damage|p2a: Sinistcha|78/100
|
|t:|1760357160
|switch|p1a: Checkmate|Kingambit, F, shiny|100/100|[from] U-turn
|-damage|p1a: Checkmate|76/100|[from] Spikes
|-damage|p1a: Checkmate|70/100|[from] Stealth Rock
|-activate|p1a: Checkmate|ability: Supreme Overlord
|-start|p1a: Checkmate|fallen2|[silent]
|move|p2a: Sinistcha|Calm Mind|p2a: Sinistcha
|-boost|p2a: Sinistcha|spa|1
|-boost|p2a: Sinistcha|spd|1
|
|-heal|p1a: Checkmate|76/100|[from] item: Leftovers
|upkeep
|turn|19
|
|t:|1760357171
|move|p2a: Sinistcha|Strength Sap|p1a: Checkmate
|-unboost|p1a: Checkmate|atk|1
|-heal|p2a: Sinistcha|100/100
|move|p1a: Checkmate|Swords Dance|p1a: Checkmate
|-boost|p1a: Checkmate|atk|2
|
|-heal|p1a: Checkmate|82/100|[from] item: Leftovers
|upkeep
|turn|20
|
|t:|1760357179
|switch|p2a: Landorus|Landorus-Therian, M, shiny|72/100
|-damage|p2a: Landorus|59/100|[from] Stealth Rock
|-ability|p2a: Landorus|Intimidate|boost
|-unboost|p1a: Checkmate|atk|1
|move|p1a: Checkmate|Iron Head|p2a: Landorus
|-damage|p2a: Landorus|6/100
|-damage|p1a: Checkmate|65/100|[from] item: Rocky Helmet|[of] p2a: Landorus
|
|-heal|p1a: Checkmate|71/100|[from] item: Leftovers
|upkeep
|turn|21
|
|t:|1760357187
|-end|p1a: Checkmate|fallen2|[silent]
|switch|p1a: JetBlue|Gliscor, F|100/100 tox
|-damage|p1a: JetBlue|88/100 tox|[from] Stealth Rock
|move|p2a: Landorus|Earthquake|p1a: JetBlue
|-immune|p1a: JetBlue
|
|-heal|p1a: JetBlue|100/100 tox|[from] ability: Poison Heal
|upkeep
|turn|22
|
|t:|1760357193
|move|p2a: Landorus|Taunt|p1a: JetBlue
|-start|p1a: JetBlue|move: Taunt
|move|p1a: JetBlue|U-turn|p2a: Landorus
|-resisted|p2a: Landorus
|-damage|p2a: Landorus|0 fnt
|-damage|p1a: JetBlue|84/100 tox|[from] item: Rocky Helmet|[of] p2a: Landorus
|faint|p2a: Landorus
|
|t:|1760357197
|switch|p1a: Frosty the slowman|Slowking-Galar, F|98/100|[from] U-turn
|
|upkeep
|
|t:|1760357202
|switch|p2a: Sinistcha|Sinistcha-Masterpiece, shiny|100/100
|turn|23
|
|t:|1760357208
|move|p2a: Sinistcha|Calm Mind|p2a: Sinistcha
|-boost|p2a: Sinistcha|spa|1
|-boost|p2a: Sinistcha|spd|1
|move|p1a: Frosty the slowman|Future Sight|p2a: Sinistcha
|-start|p1a: Frosty the slowman|move: Future Sight
|
|upkeep
|turn|24
|l| isaac_gam3r
|
|t:|1760357218
|move|p2a: Sinistcha|Calm Mind|p2a: Sinistcha
|-boost|p2a: Sinistcha|spa|1
|-boost|p2a: Sinistcha|spd|1
|-prepare|p1a: Frosty the slowman|Chilly Reception|[premajor]
|move|p1a: Frosty the slowman|Chilly Reception|p1a: Frosty the slowman
|-weather|Snowscape
|
|t:|1760357219
|switch|p1a: Checkmate|Kingambit, F, shiny|71/100|[from] Chilly Reception
|-damage|p1a: Checkmate|46/100|[from] Spikes
|-damage|p1a: Checkmate|40/100|[from] Stealth Rock
|-activate|p1a: Checkmate|ability: Supreme Overlord
|-start|p1a: Checkmate|fallen2|[silent]
|
|-weather|Snowscape|[upkeep]
|-heal|p1a: Checkmate|46/100|[from] item: Leftovers
|upkeep
|turn|25
|
|t:|1760357225
|move|p1a: Checkmate|Sucker Punch|p2a: Sinistcha
|-supereffective|p2a: Sinistcha
|-damage|p2a: Sinistcha|22/100
|move|p2a: Sinistcha|Matcha Gotcha|p1a: Checkmate
|-resisted|p1a: Checkmate
|-damage|p1a: Checkmate|7/100
|-heal|p2a: Sinistcha|41/100|[from] drain|[of] p1a: Checkmate
|-status|p1a: Checkmate|brn
|
|-weather|Snowscape|[upkeep]
|-end|p2a: Sinistcha|move: Future Sight
|-damage|p2a: Sinistcha|17/100
|-heal|p1a: Checkmate|13/100 brn|[from] item: Leftovers
|-damage|p1a: Checkmate|7/100 brn|[from] brn
|upkeep
|turn|26
|
|t:|1760357241
|-end|p1a: Checkmate|fallen2|[silent]
|switch|p1a: Violet|Darkrai, shiny, tera:Poison|76/100
|-damage|p1a: Violet|51/100|[from] Spikes
|-damage|p1a: Violet|38/100|[from] Stealth Rock
|move|p2a: Sinistcha|Strength Sap|p1a: Violet
|-unboost|p1a: Violet|atk|1
|-heal|p2a: Sinistcha|65/100
|
|-weather|Snowscape|[upkeep]
|upkeep
|turn|27
|
|t:|1760357244
|move|p1a: Violet|Dark Pulse|p2a: Sinistcha
|-supereffective|p2a: Sinistcha
|-damage|p2a: Sinistcha|14/100
|cant|p2a: Sinistcha|flinch
|
|-weather|Snowscape|[upkeep]
|upkeep
|turn|28
|
|t:|1760357251
|move|p1a: Violet|Dark Pulse|p2a: Sinistcha
|-supereffective|p2a: Sinistcha
|-damage|p2a: Sinistcha|0 fnt
|faint|p2a: Sinistcha
|
|-weather|none
|upkeep
|
|t:|1760357253
|switch|p2a: Iron Valiant|Iron Valiant, shiny|100/100
|-damage|p2a: Iron Valiant|84/100|[from] Spikes
|-damage|p2a: Iron Valiant|78/100|[from] Stealth Rock
|-enditem|p2a: Iron Valiant|Booster Energy
|-activate|p2a: Iron Valiant|ability: Quark Drive|[fromitem]
|-start|p2a: Iron Valiant|quarkdrivespe
|turn|29
|
|t:|1760357260
|switch|p1a: Frosty the slowman|Slowking-Galar, F|100/100
|move|p2a: Iron Valiant|Encore||[still]
|-fail|p2a: Iron Valiant
|
|upkeep
|turn|30
|
|t:|1760357266
|move|p2a: Iron Valiant|Calm Mind|p2a: Iron Valiant
|-boost|p2a: Iron Valiant|spa|1
|-boost|p2a: Iron Valiant|spd|1
|move|p1a: Frosty the slowman|Sludge Bomb|p2a: Iron Valiant
|-supereffective|p2a: Iron Valiant
|-damage|p2a: Iron Valiant|0 fnt
|faint|p2a: Iron Valiant
|-end|p2a: Iron Valiant|Quark Drive|[silent]
|
|win|jyvon12811
|raw|jyvon12811's rating: 1603 &rarr; <strong>1627</strong><br />(+24 for winning)
|raw|qaqkiller's rating: 1678 &rarr; <strong>1654</strong><br />(-24 for losing)
|l|☆qaqkiller
|player|p2|
|l|☆jyvon12811
|player|p1|
