|j|☆Aliashood75
|j|☆SillyScallop
|t:|1760364724
|gametype|singles
|player|p1|Aliashood75|265|1342
|player|p2|SillyScallop|maid|1364
|gen|9
|tier|[Gen 9] OU
|rated|
|rule|HP Percentage Mod: HP is shown in percentages
|rule|Endless Battle Clause: Forcing endless battles is banned
|rule|Species Clause: Limit one of each Pokémon
|rule|OHKO Clause: OHKO moves are banned
|rule|Evasion Items Clause: Evasion items are banned
|rule|Evasion Moves Clause: Evasion moves are banned
|rule|Evasion Abilities Clause: Evasion abilities are banned
|rule|Sleep Moves Clause: Sleep-inducing moves are banned
|clearpoke
|poke|p1|Tornadus-Therian, M|
|poke|p1|Hatterene, F|
|poke|p1|Heatran, F|
|poke|p1|Great Tusk|
|poke|p1|Raging Bolt|
|poke|p1|Ogerpon-Wellspring, F|
|poke|p2|Weezing-Galar, F|
|poke|p2|Landorus-Therian, M|
|poke|p2|Corviknight, F|
|poke|p2|Alomomola, F|
|poke|p2|Darkrai|
|poke|p2|Lokix, M|
|teampreview
|inactive|Battle timer is ON: inactive players will automatically lose when time's up. (requested by Aliashood75)
|
|t:|1760364737
|teamsize|p1|6
|teamsize|p2|6
|start
|switch|p1a: Tornadus|Tornadus-Therian, M|100/100
|switch|p2a: Landorus|Landorus-Therian, M|100/100
|-ability|p2a: Landorus|Intimidate|boost
|-unboost|p1a: Tornadus|atk|1
|turn|1
|
|t:|1760364744
|move|p2a: Landorus|Stone Edge|p1a: Tornadus
|-supereffective|p1a: Tornadus
|-damage|p1a: Tornadus|11/100
|move|p1a: Tornadus|Knock Off|p2a: Landorus
|-damage|p2a: Landorus|84/100
|-enditem|p2a: Landorus|Choice Scarf|[from] move: Knock Off|[of] p1a: Tornadus
|
|upkeep
|turn|2
|
|t:|1760364756
|switch|p2a: Corviknight|Corviknight, F|100/100
|-ability|p2a: Corviknight|Pressure
|move|p1a: Tornadus|U-turn|p2a: Corviknight
|-resisted|p2a: Corviknight
|-damage|p2a: Corviknight|99/100
|-damage|p1a: Tornadus|0 fnt|[from] item: Rocky Helmet|[of] p2a: Corviknight
|faint|p1a: Tornadus
|
|upkeep
|
|t:|1760364765
|switch|p1a: Heatran|Heatran, F|100/100
|turn|3
|
|t:|1760364770
|switch|p2a: Alomomola|Alomomola, F|100/100
|move|p1a: Heatran|Magma Storm|p2a: Alomomola
|-resisted|p2a: Alomomola
|-damage|p2a: Alomomola|86/100
|-activate|p2a: Alomomola|move: Magma Storm|[of] p1a: Heatran
|
|-damage|p2a: Alomomola|74/100|[from] move: Magma Storm|[partiallytrapped]
|upkeep
|turn|4
|
|t:|1760364781
|move|p1a: Heatran|Stealth Rock|p2a: Alomomola
|-sidestart|p2: SillyScallop|move: Stealth Rock
|move|p2a: Alomomola|Body Slam|p1a: Heatran
|-resisted|p1a: Heatran
|-damage|p1a: Heatran|93/100
|
|-heal|p1a: Heatran|99/100|[from] item: Leftovers
|-damage|p2a: Alomomola|61/100|[from] move: Magma Storm|[partiallytrapped]
|upkeep
|turn|5
|
|t:|1760364789
|move|p1a: Heatran|Earth Power|p2a: Alomomola
|-damage|p2a: Alomomola|43/100
|move|p2a: Alomomola|Flip Turn|p1a: Heatran
|-supereffective|p1a: Heatran
|-damage|p1a: Heatran|66/100
|
|t:|1760364796
|switch|p2a: Landorus|Landorus-Therian, M|84/100|[from] Flip Turn
|-damage|p2a: Landorus|72/100|[from] Stealth Rock
|-ability|p2a: Landorus|Intimidate|boost
|-unboost|p1a: Heatran|atk|1
|
|-heal|p1a: Heatran|72/100|[from] item: Leftovers
|upkeep
|turn|6
|
|t:|1760364805
|-terastallize|p1a: Heatran|Grass
|move|p2a: Landorus|U-turn|p1a: Heatran
|-supereffective|p1a: Heatran
|-damage|p1a: Heatran|18/100
|
|t:|1760364811
|switch|p2a: Alomomola|Alomomola, F|77/100|[from] U-turn
|-damage|p2a: Alomomola|64/100|[from] Stealth Rock
|move|p1a: Heatran|Magma Storm|p2a: Alomomola
|-resisted|p2a: Alomomola
|-damage|p2a: Alomomola|49/100
|-activate|p2a: Alomomola|move: Magma Storm|[of] p1a: Heatran
|
|-heal|p1a: Heatran|25/100|[from] item: Leftovers
|-damage|p2a: Alomomola|36/100|[from] move: Magma Storm|[partiallytrapped]
|upkeep
|turn|7
|
|t:|1760364823
|move|p1a: Heatran|Earth Power|p2a: Alomomola
|-crit|p2a: Alomomola
|-damage|p2a: Alomomola|9/100
|move|p2a: Alomomola|Mirror Coat|p1a: Heatran
|-damage|p1a: Heatran|0 fnt
|faint|p1a: Heatran
|
|-end|p2a: Alomomola|Magma Storm|[partiallytrapped]|[silent]
|upkeep
|
|t:|1760364830
|switch|p1a: Ogerpon|Ogerpon-Wellspring, F|100/100
|turn|8
|
|t:|1760364834
|switch|p2a: Corviknight|Corviknight, F|99/100
|-damage|p2a: Corviknight|87/100|[from] Stealth Rock
|-ability|p2a: Corviknight|Pressure
|move|p1a: Ogerpon|Trailblaze|p2a: Corviknight
|-resisted|p2a: Corviknight
|-damage|p2a: Corviknight|81/100
|-boost|p1a: Ogerpon|spe|1
|-damage|p1a: Ogerpon|84/100|[from] item: Rocky Helmet|[of] p2a: Corviknight
|
|upkeep
|turn|9
|
|t:|1760364846
|move|p1a: Ogerpon|Ivy Cudgel|p2a: Corviknight|[anim] Ivy Cudgel Water
|-damage|p2a: Corviknight|42/100
|move|p2a: Corviknight|Defog|p1a: Ogerpon
|-unboost|p1a: Ogerpon|evasion|1
|-sideend|p2: SillyScallop|Stealth Rock|[from] move: Defog|[of] p2a: Corviknight
|
|upkeep
|turn|10
|
|t:|1760364857
|switch|p1a: Raging Bolt|Raging Bolt|100/100
|move|p2a: Corviknight|U-turn|p1a: Raging Bolt
|-damage|p1a: Raging Bolt|86/100
|
|t:|1760364860
|switch|p2a: Landorus|Landorus-Therian, M|72/100|[from] U-turn
|-ability|p2a: Landorus|Intimidate|boost
|-unboost|p1a: Raging Bolt|atk|1
|
|upkeep
|turn|11
|
|t:|1760364868
|move|p2a: Landorus|Earthquake|p1a: Raging Bolt
|-supereffective|p1a: Raging Bolt
|-damage|p1a: Raging Bolt|0 fnt
|faint|p1a: Raging Bolt
|-end|p1a: Raging Bolt|Protosynthesis|[silent]
|
|upkeep
|
|t:|1760364873
|switch|p1a: Ogerpon|Ogerpon-Wellspring, F|84/100
|turn|12
|
|t:|1760364878
|switch|p2a: Corviknight|Corviknight, F|42/100
|-ability|p2a: Corviknight|Pressure
|move|p1a: Ogerpon|Trailblaze|p2a: Corviknight
|-resisted|p2a: Corviknight
|-damage|p2a: Corviknight|37/100
|-boost|p1a: Ogerpon|spe|1
|-damage|p1a: Ogerpon|67/100|[from] item: Rocky Helmet|[of] p2a: Corviknight
|
|upkeep
|turn|13
|
|t:|1760364888
|move|p1a: Ogerpon|Ivy Cudgel|p2a: Corviknight|[anim] Ivy Cudgel Water
|-damage|p2a: Corviknight|0 fnt
|faint|p2a: Corviknight
|
|upkeep
|
|t:|1760364901
|switch|p2a: Lokix|Lokix, M|100/100
|turn|14
|
|t:|1760364907
|switch|p1a: Great Tusk|Great Tusk|100/100
|move|p2a: Lokix|First Impression|p1a: Great Tusk
|-resisted|p1a: Great Tusk
|-damage|p1a: Great Tusk|67/100
|
|upkeep
|turn|15
|
|t:|1760364916
|switch|p2a: Landorus|Landorus-Therian, M|72/100
|-ability|p2a: Landorus|Intimidate|boost
|-unboost|p1a: Great Tusk|atk|1
|move|p1a: Great Tusk|Body Press|p2a: Landorus
|-resisted|p2a: Landorus
|-damage|p2a: Landorus|44/100
|
|upkeep
|turn|16
|
|t:|1760364925
|move|p2a: Landorus|Earthquake|p1a: Great Tusk
|-damage|p1a: Great Tusk|42/100
|move|p1a: Great Tusk|Knock Off|p2a: Landorus
|-damage|p2a: Landorus|30/100
|
|upkeep
|turn|17
|
|t:|1760364931
|move|p2a: Landorus|Earthquake|p1a: Great Tusk
|-damage|p1a: Great Tusk|15/100
|move|p1a: Great Tusk|Body Press|p2a: Landorus
|-resisted|p2a: Landorus
|-damage|p2a: Landorus|4/100
|
|upkeep
|turn|18
|
|t:|1760364938
|move|p2a: Landorus|Earthquake|p1a: Great Tusk
|-damage|p1a: Great Tusk|0 fnt
|faint|p1a: Great Tusk
|-end|p1a: Great Tusk|Protosynthesis|[silent]
|
|upkeep
|
|t:|1760364943
|switch|p1a: Ogerpon|Ogerpon-Wellspring, F|67/100
|turn|19
|
|t:|1760364952
|move|p1a: Ogerpon|Trailblaze|p2a: Landorus
|-damage|p2a: Landorus|0 fnt
|-boost|p1a: Ogerpon|spe|1
|faint|p2a: Landorus
|
|upkeep
|
|t:|1760364954
|switch|p2a: Lokix|Lokix, M|100/100
|turn|20
|
|t:|1760364961
|-terastallize|p2a: Lokix|Bug
|move|p2a: Lokix|First Impression|p1a: Ogerpon
|-supereffective|p1a: Ogerpon
|-damage|p1a: Ogerpon|0 fnt
|faint|p1a: Ogerpon
|
|upkeep
|
|t:|1760364966
|switch|p1a: Hatterene|Hatterene, F|100/100
|turn|21
|-message|Aliashood75 forfeited.
|
|win|SillyScallop
|raw|Aliashood75's rating: 1342 &rarr; <strong>1323</strong><br />(-19 for losing)
|raw|SillyScallop's rating: 1364 &rarr; <strong>1383</strong><br />(+19 for winning)
|l|☆Aliashood75
|player|p1|
