|j|☆NolanTheLEGGGG
|j|☆messsprit
|t:|1760444315
|gametype|singles
|player|p1|NolanTheLEGGGG|102|1006
|player|p2|messsprit|fantina|1025
|gen|9
|tier|[Gen 9] OU
|rated|
|rule|HP Percentage Mod: HP is shown in percentages
|rule|Endless Battle Clause: Forcing endless battles is banned
|rule|Species Clause: Limit one of each Pokémon
|rule|OHKO Clause: OHKO moves are banned
|rule|Evasion Items Clause: Evasion items are banned
|rule|Evasion Moves Clause: Evasion moves are banned
|rule|Evasion Abilities Clause: Evasion abilities are banned
|rule|Sleep Moves Clause: Sleep-inducing moves are banned
|clearpoke
|poke|p1|Hitmonlee, M|
|poke|p1|Blastoise, F|
|poke|p1|Gliscor, F|
|poke|p1|Haxorus, M|
|poke|p1|Lycanroc-Midnight, M|
|poke|p1|Jirachi|
|poke|p2|Meowscarada, F|
|poke|p2|Great Tusk|
|poke|p2|Pecharunt|
|poke|p2|Terrakion|
|poke|p2|Gothitelle, M|
|poke|p2|Scizor, F|
|teampreview
|c|☆NolanTheLEGGGG|good luck
|c|☆NolanTheLEGGGG|I'm playing on school computer
|c|☆messsprit|i hope your family die in a car accident
|inactive|Battle timer is ON: inactive players will automatically lose when time's up. (requested by messsprit)
|
|t:|1760444352
|teamsize|p1|6
|teamsize|p2|6
|start
|switch|p1a: Hitmonlee|Hitmonlee, M|100/100
|switch|p2a: Pecharunt|Pecharunt|100/100
|turn|1
|
|t:|1760444372
|switch|p1a: Blastoise|Blastoise, F|100/100
|move|p2a: Pecharunt|Shadow Ball|p1a: Blastoise
|-damage|p1a: Blastoise|74/100
|
|upkeep
|turn|2
|
|t:|1760444384
|move|p2a: Pecharunt|Malignant Chain|p1a: Blastoise
|-damage|p1a: Blastoise|41/100
|move|p1a: Blastoise|Shell Smash|p1a: Blastoise
|-unboost|p1a: Blastoise|def|1
|-unboost|p1a: Blastoise|spd|1
|-boost|p1a: Blastoise|atk|2
|-boost|p1a: Blastoise|spa|2
|-boost|p1a: Blastoise|spe|2
|-enditem|p1a: Blastoise|White Herb
|-clearnegativeboost|p1a: Blastoise|[silent]
|
|upkeep
|turn|3
|
|t:|1760444397
|move|p1a: Blastoise|Hydro Pump|p2a: Pecharunt
|-damage|p2a: Pecharunt|0 fnt
|faint|p2a: Pecharunt
|
|upkeep
|c|☆NolanTheLEGGGG|cooked
|
|t:|1760444409
|switch|p2a: Meowscarada|Meowscarada, F|100/100
|turn|4
|
|t:|1760444415
|-terastallize|p2a: Meowscarada|Fire
|move|p1a: Blastoise|Ice Beam|p2a: Meowscarada
|-resisted|p2a: Meowscarada
|-damage|p2a: Meowscarada|52/100
|move|p2a: Meowscarada|Flower Trick|p1a: Blastoise
|-supereffective|p1a: Blastoise
|-crit|p1a: Blastoise
|-damage|p1a: Blastoise|0 fnt
|faint|p1a: Blastoise
|
|upkeep
|
|t:|1760444424
|switch|p1a: Hitmonlee|Hitmonlee, M|100/100
|turn|5
|
|t:|1760444446
|switch|p2a: Scizor|Scizor, F|100/100
|move|p1a: Hitmonlee|Fake Out|p2a: Scizor
|-enditem|p1a: Hitmonlee|Normal Gem|[from] gem
|-resisted|p2a: Scizor
|-damage|p2a: Scizor|90/100
|-damage|p1a: Hitmonlee|84/100|[from] item: Rocky Helmet|[of] p2a: Scizor
|
|upkeep
|turn|6
|
|t:|1760444462
|move|p1a: Hitmonlee|Close Combat|p2a: Scizor
|-damage|p2a: Scizor|17/100
|-unboost|p1a: Hitmonlee|def|1
|-unboost|p1a: Hitmonlee|spd|1
|-damage|p1a: Hitmonlee|67/100|[from] item: Rocky Helmet|[of] p2a: Scizor
|move|p2a: Scizor|Tailwind|p2a: Scizor
|-sidestart|p2: messsprit|move: Tailwind
|
|upkeep
|turn|7
|inactive|messsprit has 120 seconds left.
|
|t:|1760444482
|move|p2a: Scizor|Bullet Punch|p1a: Hitmonlee
|-damage|p1a: Hitmonlee|0 fnt
|faint|p1a: Hitmonlee
|
|upkeep
|
|t:|1760444491
|switch|p1a: Jirachi|Jirachi|100/100
|turn|8
|
|t:|1760444502
|move|p2a: Scizor|Knock Off|p1a: Jirachi
|-supereffective|p1a: Jirachi
|-crit|p1a: Jirachi
|-damage|p1a: Jirachi|0 fnt
|-enditem|p1a: Jirachi|Choice Scarf|[from] move: Knock Off|[of] p2a: Scizor
|faint|p1a: Jirachi
|
|upkeep
|
|t:|1760444509
|switch|p1a: Gliscor|Gliscor, F|100/100
|turn|9
|
|t:|1760444515
|move|p2a: Scizor|Knock Off|p1a: Gliscor
|-damage|p1a: Gliscor|78/100
|-enditem|p1a: Gliscor|Toxic Orb|[from] move: Knock Off|[of] p2a: Scizor
|move|p1a: Gliscor|Substitute|p1a: Gliscor
|-start|p1a: Gliscor|Substitute
|-damage|p1a: Gliscor|53/100
|
|-sideend|p2: messsprit|move: Tailwind
|upkeep
|turn|10
|c|☆messsprit|cooked
|l|☆NolanTheLEGGGG
|inactive|NolanTheLEGGGG disconnected and has a minute to reconnect!
|player|p1|
|inactive|messsprit has 120 seconds left.
|inactive|NolanTheLEGGGG has 30 seconds to reconnect!
|inactive|NolanTheLEGGGG has 20 seconds to reconnect!
|inactive|NolanTheLEGGGG has 15 seconds to reconnect!
|inactive|NolanTheLEGGGG has 10 seconds to reconnect!
|inactive|messsprit has 90 seconds left.
|inactive|NolanTheLEGGGG has 5 seconds to reconnect!
|-message|NolanTheLEGGGG lost due to inactivity.
|
|win|messsprit
