|j|☆enzofm15
|j|☆homerac
|t:|1760395032
|gametype|singles
|player|p1|enzofm15|101|1359
|player|p2|homerac|266|1318
|gen|9
|tier|[Gen 9] OU
|rated|
|rule|HP Percentage Mod: HP is shown in percentages
|rule|Endless Battle Clause: Forcing endless battles is banned
|rule|Species Clause: Limit one of each Pokémon
|rule|OHKO Clause: OHKO moves are banned
|rule|Evasion Items Clause: Evasion items are banned
|rule|Evasion Moves Clause: Evasion moves are banned
|rule|Evasion Abilities Clause: Evasion abilities are banned
|rule|Sleep Moves Clause: Sleep-inducing moves are banned
|clearpoke
|poke|p1|Slither Wing|
|poke|p1|Rillaboom, M|
|poke|p1|Ting-Lu|
|poke|p1|Iron Treads|
|poke|p1|Gliscor, F|
|poke|p1|Heatran, F|
|poke|p2|Araquanid, M|
|poke|p2|Darkrai|
|poke|p2|Garchomp, F|
|poke|p2|Primarina, M|
|poke|p2|Breloom, M|
|poke|p2|Oricorio-Pom-Pom, F|
|teampreview
|
|t:|1760395041
|teamsize|p1|6
|teamsize|p2|6
|start
|switch|p1a: Rillaboom|Rillaboom, M|100/100
|switch|p2a: Darkrai|Darkrai|100/100
|-fieldstart|move: Grassy Terrain|[from] ability: Grassy Surge|[of] p1a: Rillaboom
|turn|1
|
|t:|1760395047
|switch|p2a: Garchomp|Garchomp, F|100/100
|switch|p1a: Slither Wing|Slither Wing, shiny|100/100
|
|upkeep
|turn|2
|
|t:|1760395058
|move|p2a: Garchomp|Stealth Rock|p1a: Slither Wing
|-sidestart|p1: enzofm15|move: Stealth Rock
|move|p1a: Slither Wing|U-turn|p2a: Garchomp
|-damage|p2a: Garchomp|60/100
|-damage|p1a: Slither Wing|88/100|[from] ability: Rough Skin|[of] p2a: Garchomp
|-damage|p1a: Slither Wing|71/100|[from] item: Rocky Helmet|[of] p2a: Garchomp
|
|t:|1760395060
|-end|p1a: Slither Wing|Protosynthesis|[silent]
|switch|p1a: Iron Treads|Iron Treads|100/100|[from] U-turn
|-damage|p1a: Iron Treads|97/100|[from] Stealth Rock
|
|-heal|p1a: Iron Treads|100/100|[from] Grassy Terrain
|-heal|p2a: Garchomp|66/100|[from] Grassy Terrain
|upkeep
|turn|3
|
|t:|1760395070
|move|p1a: Iron Treads|Rapid Spin|p2a: Garchomp
|-damage|p2a: Garchomp|50/100
|-boost|p1a: Iron Treads|spe|1
|-damage|p1a: Iron Treads|88/100|[from] ability: Rough Skin|[of] p2a: Garchomp
|-damage|p1a: Iron Treads|72/100|[from] item: Rocky Helmet|[of] p2a: Garchomp
|-sideend|p1: enzofm15|Stealth Rock|[from] move: Rapid Spin|[of] p1a: Iron Treads
|move|p2a: Garchomp|Earthquake|p1a: Iron Treads
|-supereffective|p1a: Iron Treads
|-damage|p1a: Iron Treads|22/100
|
|-heal|p1a: Iron Treads|29/100|[from] Grassy Terrain
|-heal|p2a: Garchomp|57/100|[from] Grassy Terrain
|upkeep
|turn|4
|
|t:|1760395084
|-end|p1a: Iron Treads|Quark Drive|[silent]
|switch|p1a: Gliscor|Gliscor, F|100/100
|switch|p2a: Araquanid|Araquanid, M|100/100
|
|-status|p1a: Gliscor|tox|[from] item: Toxic Orb
|upkeep
|turn|5
|
|t:|1760395091
|switch|p1a: Rillaboom|Rillaboom, M|100/100
|move|p2a: Araquanid|Sticky Web|p1a: Rillaboom
|-sidestart|p1: enzofm15|move: Sticky Web
|
|upkeep
|turn|6
|
|t:|1760395096
|switch|p2a: Garchomp|Garchomp, F|57/100
|move|p1a: Rillaboom|Leech Seed|p2a: Garchomp
|-start|p2a: Garchomp|move: Leech Seed
|
|-heal|p2a: Garchomp|63/100|[from] Grassy Terrain
|-damage|p2a: Garchomp|50/100|[from] Leech Seed|[of] p1a: Rillaboom
|upkeep
|turn|7
|
|t:|1760395112
|switch|p2a: Oricorio|Oricorio-Pom-Pom, F|100/100
|move|p1a: Rillaboom|Knock Off|p2a: Oricorio
|-damage|p2a: Oricorio|59/100
|-enditem|p2a: Oricorio|Heavy-Duty Boots|[from] move: Knock Off|[of] p1a: Rillaboom
|
|upkeep
|turn|8
|
|t:|1760395123
|move|p2a: Oricorio|Icy Wind|p1a: Rillaboom
|-supereffective|p1a: Rillaboom
|-damage|p1a: Rillaboom|59/100
|-unboost|p1a: Rillaboom|spe|1
|move|p1a: Rillaboom|Leech Seed|p2a: Oricorio
|-start|p2a: Oricorio|move: Leech Seed
|
|-heal|p1a: Rillaboom|65/100|[from] Grassy Terrain
|-damage|p2a: Oricorio|47/100|[from] Leech Seed|[of] p1a: Rillaboom
|-heal|p1a: Rillaboom|74/100|[silent]
|-fieldend|move: Grassy Terrain
|upkeep
|turn|9
|
|t:|1760395133
|switch|p1a: Iron Treads|Iron Treads|29/100
|-activate|p1a: Iron Treads|move: Sticky Web
|-unboost|p1a: Iron Treads|spe|1
|move|p2a: Oricorio|Quiver Dance|p2a: Oricorio
|-boost|p2a: Oricorio|spa|1
|-boost|p2a: Oricorio|spd|1
|-boost|p2a: Oricorio|spe|1
|
|-damage|p2a: Oricorio|35/100|[from] Leech Seed|[of] p1a: Iron Treads
|-heal|p1a: Iron Treads|40/100|[silent]
|upkeep
|turn|10
|
|t:|1760395146
|move|p2a: Oricorio|Icy Wind|p1a: Iron Treads
|-damage|p1a: Iron Treads|14/100
|-unboost|p1a: Iron Treads|spe|1
|move|p1a: Iron Treads|Rapid Spin|p2a: Oricorio
|-damage|p2a: Oricorio|8/100
|-boost|p1a: Iron Treads|spe|1
|-sideend|p1: enzofm15|Sticky Web|[from] move: Rapid Spin|[of] p1a: Iron Treads
|
|-damage|p2a: Oricorio|0 fnt|[from] Leech Seed|[of] p1a: Iron Treads
|-heal|p1a: Iron Treads|21/100|[silent]
|faint|p2a: Oricorio
|upkeep
|-message|homerac forfeited.
|
|win|enzofm15
|raw|enzofm15's rating: 1380 &rarr; <strong>1396</strong><br />(+16 for winning)
|raw|homerac's rating: 1318 &rarr; <strong>1302</strong><br />(-16 for losing)
|l|☆homerac
|player|p2|
|l|☆enzofm15
|player|p1|
