|j|☆great_expectations
|j|☆clorox man
|t:|1760382767
|gametype|singles
|player|p1|great_expectations|sonia|1688
|player|p2|clorox man|clown|1758
|gen|9
|tier|[Gen 9] OU
|rated|
|rule|HP Percentage Mod: HP is shown in percentages
|rule|Endless Battle Clause: Forcing endless battles is banned
|rule|Species Clause: Limit one of each Pokémon
|rule|OHKO Clause: OHKO moves are banned
|rule|Evasion Items Clause: Evasion items are banned
|rule|Evasion Moves Clause: Evasion moves are banned
|rule|Evasion Abilities Clause: Evasion abilities are banned
|rule|Sleep Moves Clause: Sleep-inducing moves are banned
|clearpoke
|poke|p1|Corviknight, F|
|poke|p1|Samurott-Hisui, F|
|poke|p1|Latios, M|
|poke|p1|Iron Valiant|
|poke|p1|Clodsire, M|
|poke|p1|Rillaboom, F|
|poke|p2|Kingambit, M|
|poke|p2|Ribombee, F|
|poke|p2|Great Tusk|
|poke|p2|Ogerpon-Wellspring, F|
|poke|p2|Glimmora, F|
|poke|p2|Gholdengo|
|teampreview
|
|t:|1760382776
|teamsize|p1|6
|teamsize|p2|6
|start
|switch|p1a: Corviknight|Corviknight, F|100/100
|switch|p2a: Ribombee|Ribombee, F|100/100
|-ability|p1a: Corviknight|Pressure
|turn|1
|
|t:|1760382779
|move|p2a: Ribombee|Sticky Web|p1a: Corviknight
|-sidestart|p1: great_expectations|move: Sticky Web
|move|p1a: Corviknight|Iron Head|p2a: Ribombee
|-supereffective|p2a: Ribombee
|-enditem|p2a: Ribombee|Focus Sash
|-damage|p2a: Ribombee|1/100
|
|upkeep
|turn|2
|
|t:|1760382785
|switch|p2a: Gholdengo|Gholdengo|100/100
|-item|p2a: Gholdengo|Air Balloon
|move|p1a: Corviknight|U-turn|p2a: Gholdengo
|-resisted|p2a: Gholdengo
|-damage|p2a: Gholdengo|96/100
|-enditem|p2a: Gholdengo|Air Balloon
|
|t:|1760382791
|switch|p1a: Samurott|Samurott-Hisui, F|100/100|[from] U-turn
|-activate|p1a: Samurott|move: Sticky Web
|-unboost|p1a: Samurott|spe|1
|
|upkeep
|turn|3
|
|t:|1760382796
|switch|p2a: Ribombee|Ribombee, F|1/100
|move|p1a: Samurott|Ceaseless Edge|p2a: Ribombee
|-resisted|p2a: Ribombee
|-damage|p2a: Ribombee|0 fnt
|-sidestart|p2: clorox man|Spikes
|faint|p2a: Ribombee
|
|upkeep
|
|t:|1760382816
|switch|p2a: Great Tusk|Great Tusk|100/100
|-damage|p2a: Great Tusk|88/100|[from] Spikes
|-enditem|p2a: Great Tusk|Booster Energy
|-activate|p2a: Great Tusk|ability: Protosynthesis|[fromitem]
|-start|p2a: Great Tusk|protosynthesisatk
|turn|4
|
|t:|1760382823
|switch|p1a: Corviknight|Corviknight, F|100/100
|-ability|p1a: Corviknight|Pressure
|move|p2a: Great Tusk|Close Combat|p1a: Corviknight
|-damage|p1a: Corviknight|42/100
|-unboost|p2a: Great Tusk|def|1
|-unboost|p2a: Great Tusk|spd|1
|
|-heal|p1a: Corviknight|48/100|[from] item: Leftovers
|upkeep
|turn|5
|
|t:|1760382834
|switch|p1a: Latios|Latios, M|100/100
|move|p2a: Great Tusk|Close Combat|p1a: Latios
|-resisted|p1a: Latios
|-damage|p1a: Latios|40/100
|-unboost|p2a: Great Tusk|def|1
|-unboost|p2a: Great Tusk|spd|1
|
|upkeep
|turn|6
|
|t:|1760382845
|-end|p2a: Great Tusk|Protosynthesis|[silent]
|switch|p2a: Gholdengo|Gholdengo|96/100
|-damage|p2a: Gholdengo|84/100|[from] Spikes
|move|p1a: Latios|Draco Meteor|p2a: Gholdengo
|-resisted|p2a: Gholdengo
|-damage|p2a: Gholdengo|28/100
|-unboost|p1a: Latios|spa|2
|
|upkeep
|turn|7
|
|t:|1760382854
|move|p1a: Latios|Draco Meteor|p2a: Gholdengo
|-resisted|p2a: Gholdengo
|-damage|p2a: Gholdengo|0 fnt
|-unboost|p1a: Latios|spa|2
|faint|p2a: Gholdengo
|
|upkeep
|
|t:|1760382870
|switch|p2a: Great Tusk|Great Tusk|88/100
|-damage|p2a: Great Tusk|76/100|[from] Spikes
|turn|8
|inactive|Battle timer is ON: inactive players will automatically lose when time's up. (requested by clorox man)
|
|t:|1760382893
|move|p1a: Latios|Draco Meteor|p2a: Great Tusk
|-damage|p2a: Great Tusk|23/100
|-unboost|p1a: Latios|spa|2
|move|p2a: Great Tusk|Rapid Spin|p1a: Latios
|-damage|p1a: Latios|14/100
|-boost|p2a: Great Tusk|spe|1
|-sideend|p2: clorox man|Spikes|[from] move: Rapid Spin|[of] p2a: Great Tusk
|
|upkeep
|turn|9
|
|t:|1760382902
|move|p2a: Great Tusk|Close Combat|p1a: Latios
|-resisted|p1a: Latios
|-damage|p1a: Latios|0 fnt
|-unboost|p2a: Great Tusk|def|1
|-unboost|p2a: Great Tusk|spd|1
|faint|p1a: Latios
|
|upkeep
|
|t:|1760382905
|switch|p1a: Rillaboom|Rillaboom, F|100/100
|-activate|p1a: Rillaboom|move: Sticky Web
|-unboost|p1a: Rillaboom|spe|1
|-fieldstart|move: Grassy Terrain|[from] ability: Grassy Surge|[of] p1a: Rillaboom
|turn|10
|
|t:|1760382913
|move|p1a: Rillaboom|Grassy Glide|p2a: Great Tusk
|-supereffective|p2a: Great Tusk
|-damage|p2a: Great Tusk|0 fnt
|faint|p2a: Great Tusk
|-end|p2a: Great Tusk|Protosynthesis|[silent]
|
|upkeep
|
|t:|1760382923
|switch|p2a: Kingambit|Kingambit, M|100/100
|-activate|p2a: Kingambit|ability: Supreme Overlord
|-start|p2a: Kingambit|fallen3|[silent]
|turn|11
|
|t:|1760382927
|switch|p1a: Corviknight|Corviknight, F|48/100
|-ability|p1a: Corviknight|Pressure
|move|p2a: Kingambit|Swords Dance|p2a: Kingambit
|-boost|p2a: Kingambit|atk|2
|
|-heal|p1a: Corviknight|54/100|[from] item: Leftovers
|upkeep
|turn|12
|
|t:|1760382931
|move|p2a: Kingambit|Kowtow Cleave|p1a: Corviknight
|-crit|p1a: Corviknight
|-damage|p1a: Corviknight|0 fnt
|faint|p1a: Corviknight
|
|upkeep
|
|t:|1760382935
|switch|p1a: Samurott|Samurott-Hisui, F|100/100
|-activate|p1a: Samurott|move: Sticky Web
|-unboost|p1a: Samurott|spe|1
|turn|13
|
|t:|1760382943
|-end|p2a: Kingambit|fallen3|[silent]
|switch|p2a: Ogerpon|Ogerpon-Wellspring, F|100/100
|move|p1a: Samurott|Sacred Sword|p2a: Ogerpon
|-damage|p2a: Ogerpon|50/100
|
|-heal|p2a: Ogerpon|56/100|[from] Grassy Terrain
|upkeep
|turn|14
|
|t:|1760382952
|move|p2a: Ogerpon|Horn Leech|p1a: Samurott
|-supereffective|p1a: Samurott
|-damage|p1a: Samurott|0 fnt
|-heal|p2a: Ogerpon|100/100|[from] drain|[of] p1a: Samurott
|faint|p1a: Samurott
|
|-fieldend|move: Grassy Terrain
|upkeep
|
|t:|1760382963
|switch|p1a: Rillaboom|Rillaboom, F|100/100
|-activate|p1a: Rillaboom|move: Sticky Web
|-unboost|p1a: Rillaboom|spe|1
|-fieldstart|move: Grassy Terrain|[from] ability: Grassy Surge|[of] p1a: Rillaboom
|turn|15
|
|t:|1760382971
|move|p1a: Rillaboom|Grassy Glide|p2a: Ogerpon
|-damage|p2a: Ogerpon|27/100
|move|p2a: Ogerpon|Play Rough|p1a: Rillaboom
|-damage|p1a: Rillaboom|61/100
|
|-heal|p2a: Ogerpon|33/100|[from] Grassy Terrain
|-heal|p1a: Rillaboom|67/100|[from] Grassy Terrain
|upkeep
|turn|16
|
|t:|1760382976
|switch|p2a: Kingambit|Kingambit, M|100/100
|-activate|p2a: Kingambit|ability: Supreme Overlord
|-start|p2a: Kingambit|fallen3|[silent]
|move|p1a: Rillaboom|Grassy Glide|p2a: Kingambit
|-resisted|p2a: Kingambit
|-damage|p2a: Kingambit|75/100
|
|-heal|p2a: Kingambit|81/100|[from] Grassy Terrain
|-heal|p1a: Rillaboom|73/100|[from] Grassy Terrain
|upkeep
|turn|17
|
|t:|1760382980
|switch|p1a: Iron Valiant|Iron Valiant|100/100
|-activate|p1a: Iron Valiant|move: Sticky Web
|-unboost|p1a: Iron Valiant|spe|1
|-enditem|p1a: Iron Valiant|Booster Energy
|-activate|p1a: Iron Valiant|ability: Quark Drive|[fromitem]
|-start|p1a: Iron Valiant|quarkdriveatk
|move|p2a: Kingambit|Iron Head|p1a: Iron Valiant
|-supereffective|p1a: Iron Valiant
|-damage|p1a: Iron Valiant|0 fnt
|faint|p1a: Iron Valiant
|-end|p1a: Iron Valiant|Quark Drive|[silent]
|
|-heal|p2a: Kingambit|87/100|[from] Grassy Terrain
|upkeep
|-message|great_expectations forfeited.
|
|win|clorox man
|raw|great_expectations's rating: 1688 &rarr; <strong>1672</strong><br />(-16 for losing)
|raw|clorox man's rating: 1758 &rarr; <strong>1774</strong><br />(+16 for winning)
|l|☆great_expectations
|player|p1|
|l|☆clorox man
|player|p2|
