|j|☆deusyancha
|j|☆Sb4l
|t:|1760394330
|gametype|singles
|player|p1|deusyancha|hiker|1253
|player|p2|Sb4l|169|1201
|gen|9
|tier|[Gen 9] OU
|rated|
|rule|HP Percentage Mod: HP is shown in percentages
|rule|Endless Battle Clause: Forcing endless battles is banned
|rule|Species Clause: Limit one of each Pokémon
|rule|OHKO Clause: OHKO moves are banned
|rule|Evasion Items Clause: Evasion items are banned
|rule|Evasion Moves Clause: Evasion moves are banned
|rule|Evasion Abilities Clause: Evasion abilities are banned
|rule|Sleep Moves Clause: Sleep-inducing moves are banned
|clearpoke
|poke|p1|Ninetales, M|
|poke|p1|Walking Wake|
|poke|p1|Raging Bolt|
|poke|p1|Cinderace, F|
|poke|p1|Great Tusk|
|poke|p1|Hatterene, F|
|poke|p2|Ampharos, F|
|poke|p2|Gyarados, F|
|poke|p2|Great Tusk|
|poke|p2|Salazzle, F|
|poke|p2|Scizor, F|
|poke|p2|Slowking-Galar, M|
|teampreview
|inactive|Battle timer is ON: inactive players will automatically lose when time's up. (requested by Sb4l)
|
|t:|1760394345
|teamsize|p1|6
|teamsize|p2|6
|start
|switch|p1a: Ninetales|Ninetales, M|100/100
|switch|p2a: Ampharos|Ampharos, F|100/100
|-weather|SunnyDay|[from] ability: Drought|[of] p1a: Ninetales
|turn|1
|inactive|deusyancha has 120 seconds left.
|
|t:|1760394383
|switch|p1a: Cinderace|Cinderace, F|100/100
|move|p2a: Ampharos|Volt Switch|p1a: Cinderace
|-damage|p1a: Cinderace|52/100
|
|t:|1760394392
|switch|p2a: Gyarados|Gyarados, F|100/100|[from] Volt Switch
|-ability|p2a: Gyarados|Intimidate|boost
|-unboost|p1a: Cinderace|atk|1
|
|-weather|SunnyDay|[upkeep]
|upkeep
|turn|2
|inactive|deusyancha has 120 seconds left.
|
|t:|1760394412
|switch|p1a: Raging Bolt|Raging Bolt|100/100
|-activate|p1a: Raging Bolt|ability: Protosynthesis
|-start|p1a: Raging Bolt|protosynthesisspa
|move|p2a: Gyarados|Thunder Wave|p1a: Raging Bolt
|-immune|p1a: Raging Bolt
|
|-weather|SunnyDay|[upkeep]
|upkeep
|turn|3
|inactive|deusyancha has 120 seconds left.
|
|t:|1760394427
|switch|p2a: Great Tusk|Great Tusk|100/100
|-activate|p2a: Great Tusk|ability: Protosynthesis
|-start|p2a: Great Tusk|protosynthesisatk
|move|p1a: Raging Bolt|Draco Meteor|p2a: Great Tusk|[miss]
|-miss|p1a: Raging Bolt|p2a: Great Tusk
|
|-weather|SunnyDay|[upkeep]
|upkeep
|turn|4
|
|t:|1760394437
|-end|p2a: Great Tusk|Protosynthesis|[silent]
|switch|p2a: Slowking|Slowking-Galar, M|100/100
|move|p1a: Raging Bolt|Volt Switch|p2a: Slowking
|-damage|p2a: Slowking|69/100
|
|t:|1760394443
|-end|p1a: Raging Bolt|Protosynthesis|[silent]
|switch|p1a: Cinderace|Cinderace, F|52/100|[from] Volt Switch
|
|-weather|SunnyDay|[upkeep]
|-heal|p2a: Slowking|75/100|[from] item: Leftovers
|upkeep
|turn|5
|
|t:|1760394446
|switch|p2a: Gyarados|Gyarados, F|100/100
|-ability|p2a: Gyarados|Intimidate|boost
|-unboost|p1a: Cinderace|atk|1
|move|p1a: Cinderace|Pyro Ball|p2a: Gyarados
|-resisted|p2a: Gyarados
|-damage|p2a: Gyarados|68/100
|
|-weather|SunnyDay|[upkeep]
|upkeep
|turn|6
|
|t:|1760394455
|switch|p1a: Hatterene|Hatterene, F|100/100
|move|p2a: Gyarados|Flamethrower|p1a: Hatterene
|-damage|p1a: Hatterene|76/100
|-enditem|p1a: Hatterene|Eject Button
|
|t:|1760394459
|switch|p1a: Raging Bolt|Raging Bolt|100/100
|-activate|p1a: Raging Bolt|ability: Protosynthesis
|-start|p1a: Raging Bolt|protosynthesisspa
|
|-weather|SunnyDay|[upkeep]
|upkeep
|turn|7
|
|t:|1760394465
|switch|p2a: Slowking|Slowking-Galar, M|100/100
|move|p1a: Raging Bolt|Draco Meteor|p2a: Slowking
|-damage|p2a: Slowking|46/100
|-unboost|p1a: Raging Bolt|spa|2
|
|-weather|SunnyDay|[upkeep]
|-heal|p2a: Slowking|53/100|[from] item: Leftovers
|upkeep
|turn|8
|
|t:|1760394472
|move|p1a: Raging Bolt|Volt Switch|p2a: Slowking
|-damage|p2a: Slowking|36/100
|
|t:|1760394486
|-end|p1a: Raging Bolt|Protosynthesis|[silent]
|switch|p1a: Walking Wake|Walking Wake|100/100|[from] Volt Switch
|-activate|p1a: Walking Wake|ability: Protosynthesis
|-start|p1a: Walking Wake|protosynthesisspe
|move|p2a: Slowking|Future Sight|p1a: Walking Wake
|-start|p2a: Slowking|move: Future Sight
|
|-weather|none
|-end|p1a: Walking Wake|Protosynthesis
|-heal|p2a: Slowking|42/100|[from] item: Leftovers
|upkeep
|turn|9
|
|t:|1760394496
|switch|p2a: Scizor|Scizor, F|100/100
|move|p1a: Walking Wake|Draco Meteor|p2a: Scizor
|-resisted|p2a: Scizor
|-damage|p2a: Scizor|42/100
|-unboost|p1a: Walking Wake|spa|2
|
|upkeep
|turn|10
|
|t:|1760394506
|-end|p1a: Walking Wake|Protosynthesis|[silent]
|switch|p1a: Ninetales|Ninetales, M|100/100
|-weather|SunnyDay|[from] ability: Drought|[of] p1a: Ninetales
|switch|p2a: Slowking|Slowking-Galar, M|75/100
|
|-weather|SunnyDay|[upkeep]
|-end|p1a: Ninetales|move: Future Sight
|-damage|p1a: Ninetales|58/100
|-heal|p2a: Slowking|81/100|[from] item: Leftovers
|upkeep
|turn|11
|
|t:|1760394510
|switch|p1a: Great Tusk|Great Tusk|100/100
|-activate|p1a: Great Tusk|ability: Protosynthesis
|-start|p1a: Great Tusk|protosynthesisdef
|move|p2a: Slowking|Future Sight|p1a: Great Tusk
|-start|p2a: Slowking|move: Future Sight
|
|-weather|SunnyDay|[upkeep]
|-heal|p2a: Slowking|87/100|[from] item: Leftovers
|upkeep
|turn|12
|
|t:|1760394520
|switch|p2a: Gyarados|Gyarados, F|68/100
|-ability|p2a: Gyarados|Intimidate|boost
|-unboost|p1a: Great Tusk|atk|1
|move|p1a: Great Tusk|Earthquake|p2a: Gyarados
|-immune|p2a: Gyarados
|
|-weather|SunnyDay|[upkeep]
|upkeep
|turn|13
|
|t:|1760394540
|move|p1a: Great Tusk|Body Press|p2a: Gyarados
|-resisted|p2a: Gyarados
|-damage|p2a: Gyarados|51/100
|move|p2a: Gyarados|Flamethrower|p1a: Great Tusk
|-damage|p1a: Great Tusk|71/100
|
|-weather|SunnyDay|[upkeep]
|-end|p1a: Great Tusk|move: Future Sight
|-supereffective|p1a: Great Tusk
|-damage|p1a: Great Tusk|0 fnt
|faint|p1a: Great Tusk
|-end|p1a: Great Tusk|Protosynthesis|[silent]
|upkeep
|
|t:|1760394548
|switch|p1a: Walking Wake|Walking Wake|100/100
|-activate|p1a: Walking Wake|ability: Protosynthesis
|-start|p1a: Walking Wake|protosynthesisspe
|turn|14
|
|t:|1760394552
|switch|p2a: Slowking|Slowking-Galar, M|100/100
|-terastallize|p1a: Walking Wake|Water
|move|p1a: Walking Wake|Hydro Steam|p2a: Slowking
|-damage|p2a: Slowking|36/100
|
|-weather|SunnyDay|[upkeep]
|-heal|p2a: Slowking|42/100|[from] item: Leftovers
|upkeep
|turn|15
|
|t:|1760394571
|switch|p2a: Scizor|Scizor, F|42/100
|move|p1a: Walking Wake|Hydro Steam|p2a: Scizor
|-damage|p2a: Scizor|0 fnt
|faint|p2a: Scizor
|
|-weather|SunnyDay|[upkeep]
|upkeep
|
|t:|1760394579
|switch|p2a: Ampharos|Ampharos, F|100/100
|turn|16
|
|t:|1760394587
|-end|p1a: Walking Wake|Protosynthesis|[silent]
|switch|p1a: Hatterene|Hatterene, F|76/100
|move|p2a: Ampharos|Discharge|p1a: Hatterene
|-damage|p1a: Hatterene|34/100
|
|-weather|SunnyDay|[upkeep]
|upkeep
|turn|17
|
|t:|1760394592
|move|p2a: Ampharos|Discharge|p1a: Hatterene
|-damage|p1a: Hatterene|0 fnt
|faint|p1a: Hatterene
|
|-weather|none
|upkeep
|
|t:|1760394598
|switch|p1a: Cinderace|Cinderace, F|52/100
|turn|18
|
|t:|1760394602
|move|p1a: Cinderace|Pyro Ball|p2a: Ampharos
|-damage|p2a: Ampharos|16/100
|move|p2a: Ampharos|Volt Switch|p1a: Cinderace
|-damage|p1a: Cinderace|0 fnt
|faint|p1a: Cinderace
|
|t:|1760394612
|switch|p2a: Great Tusk|Great Tusk|100/100|[from] Volt Switch
|
|upkeep
|
|t:|1760394614
|switch|p1a: Walking Wake|Walking Wake, tera:Water|100/100
|turn|19
|
|t:|1760394626
|-end|p2a: Great Tusk|Protosynthesis|[silent]
|switch|p2a: Slowking|Slowking-Galar, M|75/100
|move|p1a: Walking Wake|Draco Meteor|p2a: Slowking
|-damage|p2a: Slowking|12/100
|-unboost|p1a: Walking Wake|spa|2
|
|-heal|p2a: Slowking|19/100|[from] item: Leftovers
|upkeep
|turn|20
|
|t:|1760394633
|switch|p2a: Ampharos|Ampharos, F|16/100
|move|p1a: Walking Wake|Draco Meteor|p2a: Ampharos
|-damage|p2a: Ampharos|0 fnt
|-unboost|p1a: Walking Wake|spa|2
|faint|p2a: Ampharos
|
|upkeep
|
|t:|1760394636
|switch|p2a: Slowking|Slowking-Galar, M|52/100
|turn|21
|
|t:|1760394641
|-end|p1a: Walking Wake|Protosynthesis|[silent]
|switch|p1a: Ninetales|Ninetales, M|58/100
|-weather|SunnyDay|[from] ability: Drought|[of] p1a: Ninetales
|move|p2a: Slowking|Future Sight|p1a: Ninetales
|-start|p2a: Slowking|move: Future Sight
|
|-weather|SunnyDay|[upkeep]
|-heal|p2a: Slowking|58/100|[from] item: Leftovers
|upkeep
|turn|22
|
|t:|1760394651
|switch|p1a: Walking Wake|Walking Wake, tera:Water|100/100
|-activate|p1a: Walking Wake|ability: Protosynthesis
|-start|p1a: Walking Wake|protosynthesisspe
|switch|p2a: Salazzle|Salazzle, F|100/100
|
|-weather|SunnyDay|[upkeep]
|upkeep
|turn|23
|
|t:|1760394661
|move|p1a: Walking Wake|Hydro Steam|p2a: Salazzle
|-supereffective|p2a: Salazzle
|-enditem|p2a: Salazzle|Focus Sash
|-damage|p2a: Salazzle|1/100
|move|p2a: Salazzle|Sludge Wave|p1a: Walking Wake
|-crit|p1a: Walking Wake
|-damage|p1a: Walking Wake|24/100
|
|-weather|SunnyDay|[upkeep]
|-end|p1a: Walking Wake|move: Future Sight
|-damage|p1a: Walking Wake|0 fnt
|faint|p1a: Walking Wake
|-end|p1a: Walking Wake|Protosynthesis|[silent]
|upkeep
|
|t:|1760394667
|switch|p1a: Raging Bolt|Raging Bolt|100/100
|-activate|p1a: Raging Bolt|ability: Protosynthesis
|-start|p1a: Raging Bolt|protosynthesisspa
|turn|24
|
|t:|1760394672
|move|p2a: Salazzle|Toxic|p1a: Raging Bolt
|-status|p1a: Raging Bolt|tox
|move|p1a: Raging Bolt|Tera Blast|p2a: Salazzle
|-damage|p2a: Salazzle|0 fnt
|faint|p2a: Salazzle
|
|-weather|SunnyDay|[upkeep]
|-damage|p1a: Raging Bolt|94/100 tox|[from] psn
|upkeep
|
|t:|1760394676
|switch|p2a: Great Tusk|Great Tusk|100/100
|-activate|p2a: Great Tusk|ability: Protosynthesis
|-start|p2a: Great Tusk|protosynthesisatk
|turn|25
|
|t:|1760394680
|move|p2a: Great Tusk|Headlong Rush|p1a: Raging Bolt
|-supereffective|p1a: Raging Bolt
|-damage|p1a: Raging Bolt|0 fnt
|-unboost|p2a: Great Tusk|def|1
|-unboost|p2a: Great Tusk|spd|1
|faint|p1a: Raging Bolt
|-end|p1a: Raging Bolt|Protosynthesis|[silent]
|
|-weather|SunnyDay|[upkeep]
|upkeep
|-message|deusyancha forfeited.
|
|win|Sb4l
|raw|deusyancha's rating: 1253 &rarr; <strong>1224</strong><br />(-29 for losing)
|raw|Sb4l's rating: 1201 &rarr; <strong>1230</strong><br />(+29 for winning)
|l|☆deusyancha
|player|p1|
|l|☆Sb4l
|player|p2|
