|j|☆Noobula
|j|‽3D_creator12
|t:|1760443545
|gametype|singles
|player|p1|Noobula|2|1225
|player|p2|3D_creator12|pokemonranger-gen4|1186
|gen|9
|tier|[Gen 9] OU
|rated|
|rule|HP Percentage Mod: HP is shown in percentages
|rule|Endless Battle Clause: Forcing endless battles is banned
|rule|Species Clause: Limit one of each Pokémon
|rule|OHKO Clause: OHKO moves are banned
|rule|Evasion Items Clause: Evasion items are banned
|rule|Evasion Moves Clause: Evasion moves are banned
|rule|Evasion Abilities Clause: Evasion abilities are banned
|rule|Sleep Moves Clause: Sleep-inducing moves are banned
|clearpoke
|poke|p1|Ogerpon-Wellspring, F|
|poke|p1|Weezing-Galar, M|
|poke|p1|Grimmsnarl, M|
|poke|p1|Hydrapple, M|
|poke|p1|Tornadus-Therian, M|
|poke|p1|Slowking-Galar, M|
|poke|p2|Dragapult, M|
|poke|p2|Metagross|
|poke|p2|Greninja-*, M|
|poke|p2|Iron Moth|
|poke|p2|Porygon-Z|
|poke|p2|Toxtricity, M|
|teampreview
|
|t:|1760443551
|teamsize|p1|6
|teamsize|p2|6
|start
|switch|p1a: Tornadus|Tornadus-Therian, M, shiny|100/100
|switch|p2a: Toxtricity|Toxtricity, M, shiny|100/100
|turn|1
|
|t:|1760443563
|move|p1a: Tornadus|Knock Off|p2a: Toxtricity
|-damage|p2a: Toxtricity|70/100
|-enditem|p2a: Toxtricity|Throat Spray|[from] move: Knock Off|[of] p1a: Tornadus
|move|p2a: Toxtricity|Shift Gear|p2a: Toxtricity
|-boost|p2a: Toxtricity|spe|2
|-boost|p2a: Toxtricity|atk|1
|
|upkeep
|turn|2
|
|t:|1760443571
|move|p1a: Tornadus|Icy Wind|p2a: Toxtricity
|-damage|p2a: Toxtricity|51/100
|-unboost|p2a: Toxtricity|spe|1
|move|p2a: Toxtricity|Boomburst|p1a: Tornadus
|-damage|p1a: Tornadus|54/100
|
|upkeep
|turn|3
|
|t:|1760443582
|switch|p1a: Hydrapple|Hydrapple, M, shiny|100/100
|move|p2a: Toxtricity|Volt Switch|p1a: Hydrapple
|-resisted|p1a: Hydrapple
|-damage|p1a: Hydrapple|95/100
|
|t:|1760443592
|switch|p2a: Iron Moth|Iron Moth, shiny|100/100|[from] Volt Switch
|-enditem|p2a: Iron Moth|Booster Energy
|-activate|p2a: Iron Moth|ability: Quark Drive|[fromitem]
|-start|p2a: Iron Moth|quarkdrivespa
|
|upkeep
|turn|4
|
|t:|1760443601
|move|p2a: Iron Moth|Fiery Dance|p1a: Hydrapple
|-damage|p1a: Hydrapple|56/100
|-boost|p2a: Iron Moth|spa|1
|move|p1a: Hydrapple|Earth Power|p2a: Iron Moth
|-supereffective|p2a: Iron Moth
|-damage|p2a: Iron Moth|0 fnt
|faint|p2a: Iron Moth
|-end|p2a: Iron Moth|Quark Drive|[silent]
|
|upkeep
|
|t:|1760443610
|switch|p2a: Porygon-Z|Porygon-Z, shiny|100/100
|turn|5
|
|t:|1760443616
|switch|p1a: Slowking|Slowking-Galar, M|100/100
|move|p2a: Porygon-Z|Tri Attack|p1a: Slowking
|-damage|p1a: Slowking|47/100
|
|upkeep
|turn|6
|
|t:|1760443629
|switch|p1a: Tornadus|Tornadus-Therian, M, shiny|87/100
|move|p2a: Porygon-Z|Shadow Ball|p1a: Tornadus
|-damage|p1a: Tornadus|65/100
|
|upkeep
|turn|7
|
|t:|1760443645
|move|p1a: Tornadus|Knock Off|p2a: Porygon-Z
|-damage|p2a: Porygon-Z|73/100
|-enditem|p2a: Porygon-Z|Silk Scarf|[from] move: Knock Off|[of] p1a: Tornadus
|move|p2a: Porygon-Z|Blizzard|p1a: Tornadus
|-supereffective|p1a: Tornadus
|-damage|p1a: Tornadus|7/100
|-status|p1a: Tornadus|frz
|
|upkeep
|turn|8
|
|t:|1760443658
|switch|p1a: Grimmsnarl|Grimmsnarl, M|100/100
|move|p2a: Porygon-Z|Tri Attack|p1a: Grimmsnarl
|-damage|p1a: Grimmsnarl|36/100
|
|upkeep
|turn|9
|
|t:|1760443670
|move|p1a: Grimmsnarl|Parting Shot|p2a: Porygon-Z
|-unboost|p2a: Porygon-Z|atk|1
|-unboost|p2a: Porygon-Z|spa|1
|
|t:|1760443678
|switch|p1a: Slowking|Slowking-Galar, M|80/100|[from] Parting Shot
|move|p2a: Porygon-Z|Tri Attack|p1a: Slowking
|-damage|p1a: Slowking|50/100
|-status|p1a: Slowking|frz
|
|upkeep
|turn|10
|c|☆Noobula|Yay
|
|t:|1760443701
|move|p2a: Porygon-Z|Shadow Ball|p1a: Slowking
|-supereffective|p1a: Slowking
|-damage|p1a: Slowking|21/100 frz
|-unboost|p1a: Slowking|spd|1
|cant|p1a: Slowking|frz
|
|upkeep
|turn|11
|
|t:|1760443711
|switch|p1a: Ogerpon|Ogerpon-Wellspring, F|100/100
|move|p2a: Porygon-Z|Shadow Ball|p1a: Ogerpon
|-damage|p1a: Ogerpon|77/100
|
|upkeep
|turn|12
|
|t:|1760443718
|move|p1a: Ogerpon|Encore|p2a: Porygon-Z
|-start|p2a: Porygon-Z|Encore
|move|p2a: Porygon-Z|Shadow Ball|p1a: Ogerpon
|-damage|p1a: Ogerpon|54/100
|
|upkeep
|turn|13
|
|t:|1760443725
|move|p1a: Ogerpon|Play Rough|p2a: Porygon-Z
|-damage|p2a: Porygon-Z|23/100
|move|p2a: Porygon-Z|Shadow Ball|p1a: Ogerpon
|-damage|p1a: Ogerpon|27/100
|
|upkeep
|turn|14
|
|t:|1760443735
|switch|p2a: Metagross|Metagross, shiny|100/100
|move|p1a: Ogerpon|Ivy Cudgel|p2a: Metagross|[anim] Ivy Cudgel Water
|-damage|p2a: Metagross|57/100
|
|upkeep
|turn|15
|
|t:|1760443745
|switch|p1a: Hydrapple|Hydrapple, M, shiny|89/100
|move|p2a: Metagross|Heavy Slam|p1a: Hydrapple
|-damage|p1a: Hydrapple|34/100
|
|upkeep
|turn|16
|
|t:|1760443765
|-terastallize|p1a: Hydrapple|Water
|move|p2a: Metagross|Knock Off|p1a: Hydrapple
|-damage|p1a: Hydrapple|7/100
|-enditem|p1a: Hydrapple|Assault Vest|[from] move: Knock Off|[of] p2a: Metagross
|move|p1a: Hydrapple|Earth Power|p2a: Metagross
|-supereffective|p2a: Metagross
|-damage|p2a: Metagross|0 fnt
|faint|p2a: Metagross
|
|upkeep
|
|t:|1760443775
|switch|p2a: Porygon-Z|Porygon-Z, shiny|23/100
|turn|17
|
|t:|1760443782
|switch|p1a: Slowking|Slowking-Galar, M|54/100 frz
|move|p2a: Porygon-Z|Tri Attack|p1a: Slowking
|-damage|p1a: Slowking|12/100 frz
|
|upkeep
|turn|18
|
|t:|1760443788
|move|p2a: Porygon-Z|Shadow Ball|p1a: Slowking
|-supereffective|p1a: Slowking
|-damage|p1a: Slowking|0 fnt
|faint|p1a: Slowking
|
|upkeep
|
|t:|1760443790
|switch|p1a: Ogerpon|Ogerpon-Wellspring, F|27/100
|turn|19
|
|t:|1760443799
|move|p1a: Ogerpon|Ivy Cudgel|p2a: Porygon-Z|[anim] Ivy Cudgel Water
|-damage|p2a: Porygon-Z|0 fnt
|faint|p2a: Porygon-Z
|
|upkeep
|
|t:|1760443811
|switch|p2a: Greninja|Greninja, M|100/100
|turn|20
|
|t:|1760443817
|switch|p1a: Grimmsnarl|Grimmsnarl, M|36/100
|move|p2a: Greninja|Gunk Shot|p1a: Grimmsnarl|[miss]
|-miss|p2a: Greninja|p1a: Grimmsnarl
|-enditem|p2a: Greninja|Blunder Policy
|-boost|p2a: Greninja|spe|2
|
|upkeep
|turn|21
|
|t:|1760443841
|switch|p1a: Weezing|Weezing-Galar, M|100/100
|-ability|p1a: Weezing|Neutralizing Gas
|move|p2a: Greninja|Gunk Shot|p1a: Weezing|[miss]
|-miss|p2a: Greninja|p1a: Weezing
|
|upkeep
|turn|22
|
|t:|1760443870
|move|p2a: Greninja|Surf|p1a: Weezing
|-damage|p1a: Weezing|50/100
|move|p1a: Weezing|Strange Steam|p2a: Greninja
|-supereffective|p2a: Greninja
|-damage|p2a: Greninja|20/100
|
|upkeep
|turn|23
|
|t:|1760443891
|move|p2a: Greninja|Surf|p1a: Weezing
|-damage|p1a: Weezing|0 fnt
|faint|p1a: Weezing
|-end|p1a: Weezing|ability: Neutralizing Gas
|-ability|p2a: Greninja|Battle Bond|boost
|-boost|p2a: Greninja|atk|1
|-boost|p2a: Greninja|spa|1
|-boost|p2a: Greninja|spe|1
|-activate|p2a: Greninja|ability: Battle Bond
|
|upkeep
|
|t:|1760443895
|switch|p1a: Grimmsnarl|Grimmsnarl, M|36/100
|turn|24
|
|t:|1760443902
|move|p1a: Grimmsnarl|Sucker Punch|p2a: Greninja
|-resisted|p2a: Greninja
|-damage|p2a: Greninja|0 fnt
|faint|p2a: Greninja
|
|upkeep
|
|t:|1760443907
|switch|p2a: Dragapult|Dragapult, M, shiny|100/100
|turn|25
|
|t:|1760443912
|switch|p1a: Tornadus|Tornadus-Therian, M, shiny|40/100 frz
|move|p2a: Dragapult|Dragon Darts|p1a: Tornadus
|-damage|p1a: Tornadus|12/100 frz
|-anim|p2a: Dragapult|Dragon Darts|p1a: Tornadus
|-damage|p1a: Tornadus|0 fnt
|faint|p1a: Tornadus
|
|upkeep
|
|t:|1760443918
|switch|p1a: Grimmsnarl|Grimmsnarl, M|36/100
|turn|26
|
|t:|1760443922
|move|p2a: Dragapult|Dragon Dance|p2a: Dragapult
|-boost|p2a: Dragapult|atk|1
|-boost|p2a: Dragapult|spe|1
|move|p1a: Grimmsnarl|Spirit Break|p2a: Dragapult
|-supereffective|p2a: Dragapult
|-enditem|p2a: Dragapult|Focus Sash
|-damage|p2a: Dragapult|1/100
|-unboost|p2a: Dragapult|spa|1
|
|upkeep
|turn|27
|
|t:|1760443932
|move|p1a: Grimmsnarl|Sucker Punch|p2a: Dragapult
|-supereffective|p2a: Dragapult
|-damage|p2a: Dragapult|0 fnt
|faint|p2a: Dragapult
|
|upkeep
|
|t:|1760443936
|switch|p2a: Toxtricity|Toxtricity, M, shiny|51/100
|turn|28
|
|t:|1760443941
|move|p2a: Toxtricity|Gunk Shot|p1a: Grimmsnarl
|-supereffective|p1a: Grimmsnarl
|-damage|p1a: Grimmsnarl|0 fnt
|faint|p1a: Grimmsnarl
|
|upkeep
|
|t:|1760443945
|switch|p1a: Ogerpon|Ogerpon-Wellspring, F|27/100
|turn|29
|
|t:|1760443949
|move|p1a: Ogerpon|Ivy Cudgel|p2a: Toxtricity|[anim] Ivy Cudgel Water
|-crit|p2a: Toxtricity
|-damage|p2a: Toxtricity|0 fnt
|faint|p2a: Toxtricity
|
|win|Noobula
|raw|Noobula's rating: 1225 &rarr; <strong>1247</strong><br />(+22 for winning)
|raw|3D_creator12's rating: 1186 &rarr; <strong>1164</strong><br />(-22 for losing)
|l|‽3D_creator12
|player|p2|
|l|☆Noobula
|player|p1|
