|j|☆coolbluekid
|j|☆Mtrfenix2999
|t:|1760303029
|gametype|singles
|player|p1|coolbluekid|1|1227
|player|p2|Mtrfenix2999|2|1241
|gen|9
|tier|[Gen 9] OU
|rated|
|rule|HP Percentage Mod: HP is shown in percentages
|rule|Endless Battle Clause: Forcing endless battles is banned
|rule|Species Clause: Limit one of each Pokémon
|rule|OHKO Clause: OHKO moves are banned
|rule|Evasion Items Clause: Evasion items are banned
|rule|Evasion Moves Clause: Evasion moves are banned
|rule|Evasion Abilities Clause: Evasion abilities are banned
|rule|Sleep Moves Clause: Sleep-inducing moves are banned
|clearpoke
|poke|p1|Furret, M|
|poke|p1|Gliscor, M|
|poke|p1|Tornadus-Therian, M|
|poke|p1|Fezandipiti, M|
|poke|p1|Araquanid, M|
|poke|p1|Slowking-Galar, M|
|poke|p2|Cinderace, M|
|poke|p2|Dragapult, M|
|poke|p2|Chansey, F|
|poke|p2|Deoxys-Speed|
|poke|p2|Landorus-Therian, M|
|poke|p2|Meowscarada, F|
|teampreview
|inactive|Battle timer is ON: inactive players will automatically lose when time's up. (requested by coolbluekid)
|
|t:|1760303053
|teamsize|p1|6
|teamsize|p2|6
|start
|switch|p1a: Tornadus|Tornadus-Therian, M|100/100
|switch|p2a: Landorus|Landorus-Therian, M|100/100
|-ability|p2a: Landorus|Intimidate|boost
|-unboost|p1a: Tornadus|atk|1
|turn|1
|
|t:|1760303062
|move|p2a: Landorus|Rock Slide|p1a: Tornadus
|-supereffective|p1a: Tornadus
|-damage|p1a: Tornadus|10/100
|move|p1a: Tornadus|Bleakwind Storm|p2a: Landorus|[miss]
|-miss|p1a: Tornadus|p2a: Landorus
|
|upkeep
|turn|2
|
|t:|1760303071
|switch|p1a: Gliscor|Gliscor, M|100/100
|move|p2a: Landorus|Rock Slide|p1a: Gliscor
|-damage|p1a: Gliscor|82/100
|
|-status|p1a: Gliscor|tox|[from] item: Toxic Orb
|upkeep
|turn|3
|
|t:|1760303084
|switch|p2a: Meowscarada|Meowscarada, F|100/100
|move|p1a: Gliscor|Toxic|p2a: Meowscarada
|-status|p2a: Meowscarada|tox
|
|-damage|p2a: Meowscarada|94/100 tox|[from] psn
|-heal|p1a: Gliscor|95/100 tox|[from] ability: Poison Heal
|upkeep
|turn|4
|
|t:|1760303098
|move|p2a: Meowscarada|U-turn|p1a: Gliscor
|-start|p2a: Meowscarada|typechange|Bug|[from] ability: Protean
|-resisted|p1a: Gliscor
|-damage|p1a: Gliscor|84/100 tox
|
|t:|1760303105
|switch|p2a: Deoxys|Deoxys-Speed|100/100|[from] U-turn
|-ability|p2a: Deoxys|Pressure
|move|p1a: Gliscor|Earthquake|p2a: Deoxys
|-damage|p2a: Deoxys|51/100
|
|-heal|p1a: Gliscor|97/100 tox|[from] ability: Poison Heal
|upkeep
|turn|5
|
|t:|1760303126
|move|p1a: Gliscor|Protect|p1a: Gliscor
|-singleturn|p1a: Gliscor|Protect
|move|p2a: Deoxys|Ice Beam|p1a: Gliscor
|-activate|p1a: Gliscor|move: Protect
|
|-heal|p1a: Gliscor|100/100 tox|[from] ability: Poison Heal
|upkeep
|turn|6
|
|t:|1760303134
|switch|p1a: Araquanid|Araquanid, M|100/100
|move|p2a: Deoxys|Ice Beam|p1a: Araquanid
|-resisted|p1a: Araquanid
|-damage|p1a: Araquanid|89/100
|-damage|p2a: Deoxys|41/100|[from] item: Life Orb
|
|upkeep
|turn|7
|
|t:|1760303146
|switch|p2a: Meowscarada|Meowscarada, F|94/100 tox
|move|p1a: Araquanid|Liquidation|p2a: Meowscarada
|-resisted|p2a: Meowscarada
|-damage|p2a: Meowscarada|58/100 tox
|-unboost|p2a: Meowscarada|def|1
|
|-damage|p2a: Meowscarada|52/100 tox|[from] psn
|upkeep
|turn|8
|
|t:|1760303157
|move|p2a: Meowscarada|Flower Trick|p1a: Araquanid
|-start|p2a: Meowscarada|typechange|Grass|[from] ability: Protean
|-crit|p1a: Araquanid
|-damage|p1a: Araquanid|51/100
|move|p1a: Araquanid|Lunge|p2a: Meowscarada
|-supereffective|p2a: Meowscarada
|-damage|p2a: Meowscarada|0 fnt
|faint|p2a: Meowscarada
|
|upkeep
|
|t:|1760303171
|switch|p2a: Landorus|Landorus-Therian, M|100/100
|-ability|p2a: Landorus|Intimidate|boost
|-unboost|p1a: Araquanid|atk|1
|turn|9
|
|t:|1760303177
|switch|p1a: Gliscor|Gliscor, M|100/100 tox
|move|p2a: Landorus|Rock Slide|p1a: Gliscor
|-damage|p1a: Gliscor|79/100 tox
|
|-heal|p1a: Gliscor|92/100 tox|[from] ability: Poison Heal
|upkeep
|turn|10
|
|t:|1760303193
|switch|p2a: Dragapult|Dragapult, M|100/100
|move|p1a: Gliscor|Earthquake|p2a: Dragapult
|-damage|p2a: Dragapult|54/100
|
|-heal|p1a: Gliscor|100/100 tox|[from] ability: Poison Heal
|upkeep
|turn|11
|
|t:|1760303204
|switch|p1a: Fezandipiti|Fezandipiti, M|100/100
|move|p2a: Dragapult|U-turn|p1a: Fezandipiti
|-resisted|p1a: Fezandipiti
|-damage|p1a: Fezandipiti|91/100
|
|t:|1760303212
|switch|p2a: Deoxys|Deoxys-Speed|41/100|[from] U-turn
|-ability|p2a: Deoxys|Pressure
|
|upkeep
|turn|12
|
|t:|1760303235
|switch|p1a: Slowking|Slowking-Galar, M|100/100
|move|p2a: Deoxys|Psycho Boost|p1a: Slowking
|-damage|p1a: Slowking|61/100
|-unboost|p2a: Deoxys|spa|2
|-damage|p2a: Deoxys|31/100|[from] item: Life Orb
|
|-heal|p1a: Slowking|67/100|[from] item: Black Sludge
|upkeep
|turn|13
|
|t:|1760303250
|-terastallize|p2a: Deoxys|Dark
|move|p2a: Deoxys|Knock Off|p1a: Slowking
|-supereffective|p1a: Slowking
|-damage|p1a: Slowking|0 fnt
|-enditem|p1a: Slowking|Black Sludge|[from] move: Knock Off|[of] p2a: Deoxys
|faint|p1a: Slowking
|-damage|p2a: Deoxys|21/100|[from] item: Life Orb
|
|upkeep
|
|t:|1760303260
|switch|p1a: Furret|Furret, M|100/100
|-item|p2a: Deoxys|Life Orb|[from] ability: Frisk|[of] p1a: Furret
|turn|14
|
|t:|1760303267
|move|p2a: Deoxys|Superpower|p1a: Furret
|-supereffective|p1a: Furret
|-damage|p1a: Furret|0 fnt
|-unboost|p2a: Deoxys|atk|1
|-unboost|p2a: Deoxys|def|1
|faint|p1a: Furret
|-damage|p2a: Deoxys|11/100|[from] item: Life Orb
|
|upkeep
|
|t:|1760303277
|switch|p1a: Fezandipiti|Fezandipiti, M|91/100
|turn|15
|
|t:|1760303282
|move|p2a: Deoxys|Psycho Boost|p1a: Fezandipiti
|-supereffective|p1a: Fezandipiti
|-damage|p1a: Fezandipiti|52/100
|-unboost|p2a: Deoxys|spa|2
|-damage|p2a: Deoxys|1/100|[from] item: Life Orb
|move|p1a: Fezandipiti|Poison Jab|p2a: Deoxys
|-damage|p2a: Deoxys|0 fnt
|faint|p2a: Deoxys
|
|upkeep
|
|t:|1760303295
|switch|p2a: Cinderace|Cinderace, M|100/100
|turn|16
|
|t:|1760303303
|switch|p1a: Tornadus|Tornadus-Therian, M|43/100
|move|p2a: Cinderace|Pyro Ball|p1a: Tornadus
|-damage|p1a: Tornadus|0 fnt
|faint|p1a: Tornadus
|
|upkeep
|
|t:|1760303308
|switch|p1a: Araquanid|Araquanid, M|51/100
|turn|17
|
|t:|1760303317
|move|p2a: Cinderace|Pyro Ball|p1a: Araquanid
|-damage|p1a: Araquanid|26/100
|move|p1a: Araquanid|Liquidation|p2a: Cinderace
|-supereffective|p2a: Cinderace
|-damage|p2a: Cinderace|0 fnt
|faint|p2a: Cinderace
|
|upkeep
|
|t:|1760303332
|switch|p2a: Dragapult|Dragapult, M|54/100
|turn|18
|
|t:|1760303342
|move|p2a: Dragapult|Shadow Ball|p1a: Araquanid
|-damage|p1a: Araquanid|3/100
|-unboost|p1a: Araquanid|spd|1
|move|p1a: Araquanid|Sticky Web|p2a: Dragapult
|-sidestart|p2: Mtrfenix2999|move: Sticky Web
|
|upkeep
|turn|19
|
|t:|1760303350
|move|p2a: Dragapult|Shadow Ball|p1a: Araquanid
|-damage|p1a: Araquanid|0 fnt
|faint|p1a: Araquanid
|
|upkeep
|
|t:|1760303352
|switch|p1a: Fezandipiti|Fezandipiti, M|52/100
|turn|20
|
|t:|1760303360
|move|p2a: Dragapult|Shadow Ball|p1a: Fezandipiti
|-damage|p1a: Fezandipiti|34/100
|-unboost|p1a: Fezandipiti|spd|1
|move|p1a: Fezandipiti|Play Rough|p2a: Dragapult
|-supereffective|p2a: Dragapult
|-damage|p2a: Dragapult|0 fnt
|faint|p2a: Dragapult
|
|upkeep
|
|t:|1760303374
|switch|p2a: Chansey|Chansey, F|100/100
|-activate|p2a: Chansey|move: Sticky Web
|-unboost|p2a: Chansey|spe|1
|turn|21
|
|t:|1760303379
|switch|p1a: Gliscor|Gliscor, M|100/100 tox
|move|p2a: Chansey|Thunder Wave|p1a: Gliscor
|-immune|p1a: Gliscor
|
|upkeep
|turn|22
|-message|Mtrfenix2999 forfeited.
|
|win|coolbluekid
|raw|coolbluekid's rating: 1227 &rarr; <strong>1253</strong><br />(+26 for winning)
|raw|Mtrfenix2999's rating: 1241 &rarr; <strong>1215</strong><br />(-26 for losing)
|l|☆Mtrfenix2999
|player|p2|
|l|☆coolbluekid
|player|p1|
