|j|☆ultracentrifuge
|j|☆Phantasmus
|t:|1760452245
|gametype|singles
|player|p1|ultracentrifuge|hilda-masters3|1430
|player|p2|Phantasmus|dragontamer|1439
|gen|9
|tier|[Gen 9] OU
|rated|
|rule|HP Percentage Mod: HP is shown in percentages
|rule|Endless Battle Clause: Forcing endless battles is banned
|rule|Species Clause: Limit one of each Pokémon
|rule|OHKO Clause: OHKO moves are banned
|rule|Evasion Items Clause: Evasion items are banned
|rule|Evasion Moves Clause: Evasion moves are banned
|rule|Evasion Abilities Clause: Evasion abilities are banned
|rule|Sleep Moves Clause: Sleep-inducing moves are banned
|clearpoke
|poke|p1|Landorus-Therian, M|
|poke|p1|Cinderace, F|
|poke|p1|Zamazenta-*|
|poke|p1|Slowking-Galar, M|
|poke|p1|Ogerpon-Wellspring, F|
|poke|p1|Hydreigon, F|
|poke|p2|Corviknight, M|
|poke|p2|Smeargle, M|
|poke|p2|Darkrai|
|poke|p2|Slowbro, F|
|poke|p2|Dragapult, M|
|poke|p2|Iron Crown|
|teampreview
|inactive|Battle timer is ON: inactive players will automatically lose when time's up. (requested by Phantasmus)
|
|t:|1760452253
|teamsize|p1|6
|teamsize|p2|6
|start
|switch|p1a: Landorus|Landorus-Therian, M|100/100
|switch|p2a: Smeargle|Smeargle, M|100/100
|-ability|p1a: Landorus|Intimidate|boost
|-unboost|p2a: Smeargle|atk|1
|turn|1
|
|t:|1760452257
|move|p1a: Landorus|U-turn|p2a: Smeargle
|-damage|p2a: Smeargle|33/100
|
|t:|1760452262
|switch|p1a: Ogerpon|Ogerpon-Wellspring, F|100/100|[from] U-turn
|move|p2a: Smeargle|Ceaseless Edge|p1a: Ogerpon
|-damage|p1a: Ogerpon|93/100
|-sidestart|p1: ultracentrifuge|Spikes
|
|upkeep
|turn|2
|
|t:|1760452272
|move|p2a: Smeargle|Burning Bulwark|p2a: Smeargle
|-singleturn|p2a: Smeargle|move: Protect
|move|p1a: Ogerpon|Knock Off|p2a: Smeargle
|-activate|p2a: Smeargle|move: Protect
|-status|p1a: Ogerpon|brn
|
|-damage|p1a: Ogerpon|87/100 brn|[from] brn
|upkeep
|turn|3
|
|t:|1760452280
|switch|p2a: Corviknight|Corviknight, M|100/100
|-ability|p2a: Corviknight|Pressure
|move|p1a: Ogerpon|Horn Leech|p2a: Corviknight
|-resisted|p2a: Corviknight
|-damage|p2a: Corviknight|96/100
|-heal|p1a: Ogerpon|90/100 brn|[from] drain|[of] p2a: Corviknight
|
|-heal|p2a: Corviknight|100/100|[from] item: Leftovers
|-damage|p1a: Ogerpon|84/100 brn|[from] brn
|upkeep
|turn|4
|
|t:|1760452287
|switch|p2a: Slowbro|Slowbro, F|100/100
|move|p1a: Ogerpon|Knock Off|p2a: Slowbro
|-supereffective|p2a: Slowbro
|-damage|p2a: Slowbro|77/100
|-damage|p1a: Ogerpon|68/100 brn|[from] item: Rocky Helmet|[of] p2a: Slowbro
|-enditem|p2a: Slowbro|Rocky Helmet|[from] move: Knock Off|[of] p1a: Ogerpon
|
|-damage|p1a: Ogerpon|62/100 brn|[from] brn
|upkeep
|turn|5
|
|t:|1760452293
|switch|p2a: Corviknight|Corviknight, M|100/100
|-ability|p2a: Corviknight|Pressure
|move|p1a: Ogerpon|Swords Dance|p1a: Ogerpon
|-boost|p1a: Ogerpon|atk|2
|
|-damage|p1a: Ogerpon|56/100 brn|[from] brn
|upkeep
|turn|6
|
|t:|1760452298
|move|p1a: Ogerpon|Ivy Cudgel|p2a: Corviknight|[anim] Ivy Cudgel Water
|-damage|p2a: Corviknight|52/100
|move|p2a: Corviknight|Iron Defense|p2a: Corviknight
|-boost|p2a: Corviknight|def|2
|
|-heal|p2a: Corviknight|58/100|[from] item: Leftovers
|-damage|p1a: Ogerpon|50/100 brn|[from] brn
|upkeep
|turn|7
|
|t:|1760452302
|move|p1a: Ogerpon|Ivy Cudgel|p2a: Corviknight|[anim] Ivy Cudgel Water
|-damage|p2a: Corviknight|33/100
|move|p2a: Corviknight|Roost|p2a: Corviknight
|-heal|p2a: Corviknight|83/100
|-singleturn|p2a: Corviknight|move: Roost
|
|-heal|p2a: Corviknight|89/100|[from] item: Leftovers
|-damage|p1a: Ogerpon|44/100 brn|[from] brn
|upkeep
|turn|8
|
|t:|1760452309
|switch|p1a: Cinderace|Cinderace, F|100/100
|move|p2a: Corviknight|Body Press|p1a: Cinderace
|-damage|p1a: Cinderace|52/100
|
|-heal|p2a: Corviknight|95/100|[from] item: Leftovers
|upkeep
|turn|9
|
|t:|1760452314
|move|p1a: Cinderace|Will-O-Wisp|p2a: Corviknight
|-status|p2a: Corviknight|brn
|move|p2a: Corviknight|Body Press|p1a: Cinderace
|-damage|p1a: Cinderace|28/100
|
|-heal|p2a: Corviknight|100/100 brn|[from] item: Leftovers
|-damage|p2a: Corviknight|94/100 brn|[from] brn
|upkeep
|turn|10
|
|t:|1760452322
|switch|p1a: Landorus|Landorus-Therian, M|100/100
|-ability|p1a: Landorus|Intimidate|boost
|-unboost|p2a: Corviknight|atk|1
|move|p2a: Corviknight|Body Press|p1a: Landorus
|-resisted|p1a: Landorus
|-damage|p1a: Landorus|91/100
|-damage|p2a: Corviknight|78/100 brn|[from] item: Rocky Helmet|[of] p1a: Landorus
|
|-heal|p2a: Corviknight|84/100 brn|[from] item: Leftovers
|-damage|p2a: Corviknight|78/100 brn|[from] brn
|upkeep
|turn|11
|
|t:|1760452328
|switch|p2a: Slowbro|Slowbro, F|100/100
|move|p1a: Landorus|Stealth Rock|p2a: Slowbro
|-sidestart|p2: Phantasmus|move: Stealth Rock
|
|upkeep
|turn|12
|
|t:|1760452334
|move|p1a: Landorus|U-turn|p2a: Slowbro
|-supereffective|p2a: Slowbro
|-damage|p2a: Slowbro|73/100
|
|t:|1760452337
|switch|p1a: Hydreigon|Hydreigon, F|100/100|[from] U-turn
|move|p2a: Slowbro|Psychic Noise|p1a: Hydreigon
|-immune|p1a: Hydreigon
|
|upkeep
|turn|13
|
|t:|1760452349
|switch|p2a: Smeargle|Smeargle, M|33/100
|-damage|p2a: Smeargle|20/100|[from] Stealth Rock
|move|p1a: Hydreigon|Dark Pulse|p2a: Smeargle
|-damage|p2a: Smeargle|0 fnt
|faint|p2a: Smeargle
|
|upkeep
|
|t:|1760452353
|switch|p2a: Corviknight|Corviknight, M|78/100 brn
|-damage|p2a: Corviknight|66/100 brn|[from] Stealth Rock
|-ability|p2a: Corviknight|Pressure
|turn|14
|
|t:|1760452357
|move|p1a: Hydreigon|Dark Pulse|p2a: Corviknight
|-damage|p2a: Corviknight|21/100 brn
|move|p2a: Corviknight|Defog|p1a: Hydreigon
|-unboost|p1a: Hydreigon|evasion|1
|-sideend|p1: ultracentrifuge|Spikes|[from] move: Defog|[of] p2a: Corviknight
|-sideend|p2: Phantasmus|Stealth Rock|[from] move: Defog|[of] p2a: Corviknight
|
|-heal|p2a: Corviknight|27/100 brn|[from] item: Leftovers
|-damage|p2a: Corviknight|21/100 brn|[from] brn
|upkeep
|turn|15
|
|t:|1760452362
|move|p1a: Hydreigon|Dark Pulse|p2a: Corviknight
|-damage|p2a: Corviknight|0 fnt
|faint|p2a: Corviknight
|
|upkeep
|
|t:|1760452370
|switch|p2a: Darkrai|Darkrai|100/100
|turn|16
|
|t:|1760452377
|switch|p1a: Ogerpon|Ogerpon-Wellspring, F|44/100 brn
|move|p2a: Darkrai|Sludge Bomb|p1a: Ogerpon
|-supereffective|p1a: Ogerpon
|-damage|p1a: Ogerpon|0 fnt
|faint|p1a: Ogerpon
|-damage|p2a: Darkrai|91/100|[from] item: Life Orb
|
|upkeep
|
|t:|1760452382
|switch|p1a: Zamazenta|Zamazenta|100/100
|-ability|p1a: Zamazenta|Dauntless Shield|boost
|-boost|p1a: Zamazenta|def|1
|turn|17
|
|t:|1760452386
|switch|p2a: Slowbro|Slowbro, F|100/100
|move|p1a: Zamazenta|Crunch|p2a: Slowbro
|-supereffective|p2a: Slowbro
|-damage|p2a: Slowbro|76/100
|
|upkeep
|turn|18
|
|t:|1760452394
|switch|p1a: Hydreigon|Hydreigon, F|100/100
|move|p2a: Slowbro|Thunder Wave|p1a: Hydreigon
|-status|p1a: Hydreigon|par
|
|upkeep
|turn|19
|
|t:|1760452400
|switch|p2a: Darkrai|Darkrai|91/100
|move|p1a: Hydreigon|Draco Meteor|p2a: Darkrai
|-damage|p2a: Darkrai|0 fnt
|-unboost|p1a: Hydreigon|spa|2
|faint|p2a: Darkrai
|
|upkeep
|
|t:|1760452408
|switch|p2a: Slowbro|Slowbro, F|100/100
|turn|20
|
|t:|1760452412
|switch|p1a: Slowking|Slowking-Galar, M|100/100
|move|p2a: Slowbro|Thunder Wave|p1a: Slowking
|-status|p1a: Slowking|par
|
|upkeep
|turn|21
|
|t:|1760452420
|move|p2a: Slowbro|Scald|p1a: Slowking
|-damage|p1a: Slowking|88/100 par
|move|p1a: Slowking|Flamethrower|p2a: Slowbro
|-resisted|p2a: Slowbro
|-damage|p2a: Slowbro|87/100
|
|upkeep
|turn|22
|
|t:|1760452425
|move|p2a: Slowbro|Scald|p1a: Slowking
|-damage|p1a: Slowking|75/100 par
|move|p1a: Slowking|Sludge Bomb|p2a: Slowbro
|-damage|p2a: Slowbro|45/100
|
|upkeep
|turn|23
|
|t:|1760452432
|move|p2a: Slowbro|Slack Off|p2a: Slowbro
|-heal|p2a: Slowbro|95/100
|move|p1a: Slowking|Ice Beam|p2a: Slowbro
|-resisted|p2a: Slowbro
|-damage|p2a: Slowbro|81/100
|-status|p2a: Slowbro|frz
|
|upkeep
|turn|24
|
|t:|1760452435
|-curestatus|p2a: Slowbro|frz|[msg]
|move|p2a: Slowbro|Psychic Noise|p1a: Slowking
|-damage|p1a: Slowking|63/100 par
|-start|p1a: Slowking|move: Heal Block
|move|p1a: Slowking|Sludge Bomb|p2a: Slowbro
|-damage|p2a: Slowbro|37/100
|
|upkeep
|turn|25
|
|t:|1760452439
|move|p2a: Slowbro|Slack Off|p2a: Slowbro
|-heal|p2a: Slowbro|87/100
|move|p1a: Slowking|Sludge Bomb|p2a: Slowbro
|-damage|p2a: Slowbro|44/100
|
|-end|p1a: Slowking|move: Heal Block
|upkeep
|turn|26
|
|t:|1760452442
|move|p2a: Slowbro|Slack Off|p2a: Slowbro
|-heal|p2a: Slowbro|94/100
|move|p1a: Slowking|Sludge Bomb|p2a: Slowbro
|-damage|p2a: Slowbro|53/100
|-status|p2a: Slowbro|psn
|
|-damage|p2a: Slowbro|40/100 psn|[from] psn
|upkeep
|turn|27
|
|t:|1760452446
|switch|p1a: Cinderace|Cinderace, F|28/100
|move|p2a: Slowbro|Slack Off|p2a: Slowbro
|-heal|p2a: Slowbro|90/100 psn
|
|-damage|p2a: Slowbro|78/100 psn|[from] psn
|upkeep
|turn|28
|
|t:|1760452449
|move|p1a: Cinderace|U-turn|p2a: Slowbro
|-supereffective|p2a: Slowbro
|-damage|p2a: Slowbro|55/100 psn
|
|t:|1760452452
|switch|p1a: Slowking|Slowking-Galar, M|97/100 par|[from] U-turn
|move|p2a: Slowbro|Scald|p1a: Slowking
|-damage|p1a: Slowking|83/100 par
|
|-damage|p2a: Slowbro|42/100 psn|[from] psn
|upkeep
|turn|29
|
|t:|1760452455
|move|p2a: Slowbro|Slack Off|p2a: Slowbro
|-heal|p2a: Slowbro|92/100 psn
|move|p1a: Slowking|Sludge Bomb|p2a: Slowbro
|-damage|p2a: Slowbro|46/100 psn
|
|-damage|p2a: Slowbro|33/100 psn|[from] psn
|upkeep
|turn|30
|
|t:|1760452458
|switch|p2a: Dragapult|Dragapult, M|100/100
|cant|p1a: Slowking|par
|
|upkeep
|turn|31
|
|t:|1760452464
|move|p2a: Dragapult|Draco Meteor|p1a: Slowking|[miss]
|-miss|p2a: Dragapult|p1a: Slowking
|move|p1a: Slowking|Ice Beam|p2a: Dragapult
|-supereffective|p2a: Dragapult
|-crit|p2a: Dragapult
|-damage|p2a: Dragapult|0 fnt
|faint|p2a: Dragapult
|
|upkeep
|
|t:|1760452467
|switch|p2a: Iron Crown|Iron Crown|100/100
|turn|32
|
|t:|1760452474
|move|p2a: Iron Crown|Calm Mind|p2a: Iron Crown
|-boost|p2a: Iron Crown|spa|1
|-boost|p2a: Iron Crown|spd|1
|move|p1a: Slowking|Flamethrower|p2a: Iron Crown
|-supereffective|p2a: Iron Crown
|-crit|p2a: Iron Crown
|-damage|p2a: Iron Crown|34/100
|
|-heal|p2a: Iron Crown|41/100|[from] item: Leftovers
|upkeep
|turn|33
|c|☆ultracentrifuge|my god bro
|
|t:|1760452481
|-terastallize|p2a: Iron Crown|Fairy
|move|p2a: Iron Crown|Calm Mind|p2a: Iron Crown
|-boost|p2a: Iron Crown|spa|1
|-boost|p2a: Iron Crown|spd|1
|move|p1a: Slowking|Flamethrower|p2a: Iron Crown
|-damage|p2a: Iron Crown|28/100
|
|-heal|p2a: Iron Crown|34/100|[from] item: Leftovers
|upkeep
|turn|34
|c|☆ultracentrifuge|im sorry
|c|☆Phantasmus|better be sry :(
|
|t:|1760452493
|move|p2a: Iron Crown|Stored Power|p1a: Slowking
|-damage|p1a: Slowking|30/100 par
|cant|p1a: Slowking|par
|
|-heal|p2a: Iron Crown|40/100|[from] item: Leftovers
|upkeep
|turn|35
|
|t:|1760452505
|move|p2a: Iron Crown|Stored Power|p1a: Slowking
|-damage|p1a: Slowking|0 fnt
|faint|p1a: Slowking
|
|-heal|p2a: Iron Crown|47/100|[from] item: Leftovers
|upkeep
|
|t:|1760452510
|switch|p1a: Landorus|Landorus-Therian, M|91/100
|-ability|p1a: Landorus|Intimidate|boost
|-unboost|p2a: Iron Crown|atk|1
|turn|36
|
|t:|1760452517
|move|p1a: Landorus|Earthquake|p2a: Iron Crown
|-damage|p2a: Iron Crown|1/100
|move|p2a: Iron Crown|Stored Power|p1a: Landorus
|-damage|p1a: Landorus|0 fnt
|faint|p1a: Landorus
|
|-heal|p2a: Iron Crown|8/100|[from] item: Leftovers
|upkeep
|
|t:|1760452521
|switch|p1a: Cinderace|Cinderace, F|28/100
|turn|37
|
|t:|1760452529
|move|p1a: Cinderace|Pyro Ball|p2a: Iron Crown
|-damage|p2a: Iron Crown|0 fnt
|faint|p2a: Iron Crown
|-end|p2a: Iron Crown|Quark Drive|[silent]
|
|upkeep
|
|t:|1760452531
|switch|p2a: Slowbro|Slowbro, F|66/100 psn
|turn|38
|
|t:|1760452534
|move|p1a: Cinderace|Will-O-Wisp||[still]
|-fail|p1a: Cinderace
|move|p2a: Slowbro|Slack Off|p2a: Slowbro
|-heal|p2a: Slowbro|100/100 psn
|
|-damage|p2a: Slowbro|88/100 psn|[from] psn
|upkeep
|turn|39
|
|t:|1760452537
|move|p1a: Cinderace|U-turn|p2a: Slowbro
|-supereffective|p2a: Slowbro
|-crit|p2a: Slowbro
|-damage|p2a: Slowbro|56/100 psn
|
|t:|1760452540
|switch|p1a: Zamazenta|Zamazenta|100/100|[from] U-turn
|move|p2a: Slowbro|Scald|p1a: Zamazenta
|-damage|p1a: Zamazenta|77/100
|-status|p1a: Zamazenta|brn
|
|-heal|p1a: Zamazenta|83/100 brn|[from] item: Leftovers
|-damage|p2a: Slowbro|43/100 psn|[from] psn
|-damage|p1a: Zamazenta|77/100 brn|[from] brn
|upkeep
|turn|40
|
|t:|1760452546
|switch|p1a: Hydreigon|Hydreigon, F|100/100 par
|move|p2a: Slowbro|Slack Off|p2a: Slowbro
|-heal|p2a: Slowbro|93/100 psn
|
|-damage|p2a: Slowbro|81/100 psn|[from] psn
|upkeep
|turn|41
|
|t:|1760452550
|move|p1a: Hydreigon|Dark Pulse|p2a: Slowbro
|-supereffective|p2a: Slowbro
|-damage|p2a: Slowbro|0 fnt
|faint|p2a: Slowbro
|
|win|ultracentrifuge
|raw|ultracentrifuge's rating: 1430 &rarr; <strong>1451</strong><br />(+21 for winning)
|raw|Phantasmus's rating: 1439 &rarr; <strong>1418</strong><br />(-21 for losing)
|l|☆Phantasmus
|player|p2|
|c|☆ultracentrifuge|gg
|l|☆ultracentrifuge
|player|p1|
