|j|☆soyothedangerous
|j|☆ciantaihou
|t:|1760347512
|gametype|singles
|player|p1|soyothedangerous|rosa|1541
|player|p2|ciantaihou|bellelba|1679
|gen|9
|tier|[Gen 9] OU
|rated|
|rule|HP Percentage Mod: HP is shown in percentages
|rule|Endless Battle Clause: Forcing endless battles is banned
|rule|Species Clause: Limit one of each Pokémon
|rule|OHKO Clause: OHKO moves are banned
|rule|Evasion Items Clause: Evasion items are banned
|rule|Evasion Moves Clause: Evasion moves are banned
|rule|Evasion Abilities Clause: Evasion abilities are banned
|rule|Sleep Moves Clause: Sleep-inducing moves are banned
|clearpoke
|poke|p1|Zamazenta-*|
|poke|p1|Ninetales-Alola, M|
|poke|p1|Darkrai|
|poke|p1|Ceruledge, F|
|poke|p1|Gliscor, M|
|poke|p1|Hatterene, F|
|poke|p2|Ninetales-Alola, F|
|poke|p2|Great Tusk|
|poke|p2|Slowking-Galar, F|
|poke|p2|Ogerpon-Wellspring, F|
|poke|p2|Latias, F|
|poke|p2|Kyurem|
|teampreview
|
|t:|1760347533
|teamsize|p1|6
|teamsize|p2|6
|start
|switch|p1a: Ninetales|Ninetales-Alola, M|100/100
|switch|p2a: Ninetales|Ninetales-Alola, F, shiny|100/100
|-weather|Snowscape|[from] ability: Snow Warning|[of] p2a: Ninetales
|turn|1
|j| RRRRRex
|l| RRRRRex
|
|t:|1760347550
|move|p1a: Ninetales|Aurora Veil|p1a: Ninetales
|-sidestart|p1: soyothedangerous|move: Aurora Veil
|move|p2a: Ninetales|Aurora Veil|p2a: Ninetales
|-sidestart|p2: ciantaihou|move: Aurora Veil
|
|-weather|Snowscape|[upkeep]
|upkeep
|turn|2
|
|t:|1760347555
|move|p2a: Ninetales|Moonblast|p1a: Ninetales
|-damage|p1a: Ninetales|85/100
|move|p1a: Ninetales|Roar|p2a: Ninetales
|drag|p2a: Kyurem|Kyurem, shiny|100/100
|-ability|p2a: Kyurem|Pressure
|
|-weather|Snowscape|[upkeep]
|upkeep
|turn|3
|
|t:|1760347567
|switch|p2a: Slowking|Slowking-Galar, F, shiny|100/100
|move|p1a: Ninetales|Roar|p2a: Slowking
|drag|p2a: Latias|Latias, F, shiny|100/100
|
|-weather|Snowscape|[upkeep]
|upkeep
|turn|4
|
|t:|1760347576
|move|p2a: Latias|Agility|p2a: Latias
|-boost|p2a: Latias|spe|2
|move|p1a: Ninetales|Roar|p2a: Latias
|drag|p2a: Ninetales|Ninetales-Alola, F, shiny|100/100
|
|-weather|Snowscape|[upkeep]
|upkeep
|turn|5
|
|t:|1760347585
|move|p2a: Ninetales|Moonblast|p1a: Ninetales
|-damage|p1a: Ninetales|68/100
|move|p1a: Ninetales|Roar|p2a: Ninetales
|drag|p2a: Great Tusk|Great Tusk|100/100
|
|-weather|none
|upkeep
|turn|6
|
|t:|1760347594
|switch|p1a: Hatterene|Hatterene, F|100/100
|-end|p2a: Great Tusk|Protosynthesis|[silent]
|switch|p2a: Slowking|Slowking-Galar, F, shiny|100/100
|
|upkeep
|turn|7
|
|t:|1760347601
|switch|p1a: Gliscor|Gliscor, M|100/100
|move|p2a: Slowking|Sludge Bomb|p1a: Gliscor
|-resisted|p1a: Gliscor
|-damage|p1a: Gliscor|92/100
|-status|p1a: Gliscor|psn
|
|-heal|p1a: Gliscor|100/100 psn|[from] ability: Poison Heal
|upkeep
|turn|8
|
|t:|1760347612
|switch|p1a: Ninetales|Ninetales-Alola, M|68/100
|-weather|Snowscape|[from] ability: Snow Warning|[of] p1a: Ninetales
|switch|p2a: Ninetales|Ninetales-Alola, F, shiny|100/100
|
|-weather|Snowscape|[upkeep]
|-sideend|p2: ciantaihou|move: Aurora Veil
|-sideend|p1: soyothedangerous|move: Aurora Veil
|upkeep
|turn|9
|
|t:|1760347621
|move|p2a: Ninetales|Aurora Veil|p2a: Ninetales
|-sidestart|p2: ciantaihou|move: Aurora Veil
|move|p1a: Ninetales|Aurora Veil|p1a: Ninetales
|-sidestart|p1: soyothedangerous|move: Aurora Veil
|
|-weather|Snowscape|[upkeep]
|upkeep
|turn|10
|
|t:|1760347628
|switch|p1a: Hatterene|Hatterene, F|100/100
|move|p2a: Ninetales|Moonblast|p1a: Hatterene
|-damage|p1a: Hatterene|83/100
|
|-weather|Snowscape|[upkeep]
|-heal|p1a: Hatterene|89/100|[from] item: Leftovers
|upkeep
|turn|11
|l|☆soyothedangerous
|player|p1|
|j|☆soyothedangerous
|player|p1|soyothedangerous|rosa|
|
|t:|1760347673
|switch|p2a: Ogerpon|Ogerpon-Wellspring, F|100/100
|move|p1a: Hatterene|Calm Mind|p1a: Hatterene
|-boost|p1a: Hatterene|spa|1
|-boost|p1a: Hatterene|spd|1
|
|-weather|Snowscape|[upkeep]
|-heal|p1a: Hatterene|95/100|[from] item: Leftovers
|upkeep
|turn|12
|
|t:|1760347682
|move|p2a: Ogerpon|Swords Dance|p2a: Ogerpon
|-boost|p2a: Ogerpon|atk|2
|move|p1a: Hatterene|Calm Mind|p1a: Hatterene
|-boost|p1a: Hatterene|spa|1
|-boost|p1a: Hatterene|spd|1
|
|-weather|none
|-heal|p1a: Hatterene|100/100|[from] item: Leftovers
|upkeep
|turn|13
|
|t:|1760347691
|move|p2a: Ogerpon|Swords Dance|p2a: Ogerpon
|-boost|p2a: Ogerpon|atk|2
|move|p1a: Hatterene|Calm Mind|p1a: Hatterene
|-boost|p1a: Hatterene|spa|1
|-boost|p1a: Hatterene|spd|1
|
|upkeep
|turn|14
|
|t:|1760347698
|move|p2a: Ogerpon|Ivy Cudgel|p1a: Hatterene|[anim] Ivy Cudgel Water
|-damage|p1a: Hatterene|28/100
|move|p1a: Hatterene|Draining Kiss|p2a: Ogerpon
|-damage|p2a: Ogerpon|66/100
|-heal|p1a: Hatterene|53/100|[from] drain|[of] p2a: Ogerpon
|
|-heal|p1a: Hatterene|59/100|[from] item: Leftovers
|upkeep
|turn|15
|
|t:|1760347707
|move|p2a: Ogerpon|Ivy Cudgel|p1a: Hatterene|[anim] Ivy Cudgel Water
|-damage|p1a: Hatterene|0 fnt
|faint|p1a: Hatterene
|
|upkeep
|
|t:|1760347711
|switch|p1a: Zamazenta|Zamazenta|100/100
|-ability|p1a: Zamazenta|Dauntless Shield|boost
|-boost|p1a: Zamazenta|def|1
|turn|16
|
|t:|1760347716
|move|p1a: Zamazenta|Iron Defense|p1a: Zamazenta
|-boost|p1a: Zamazenta|def|2
|move|p2a: Ogerpon|Trailblaze|p1a: Zamazenta
|-damage|p1a: Zamazenta|86/100
|-boost|p2a: Ogerpon|spe|1
|
|-sideend|p1: soyothedangerous|move: Aurora Veil
|-sideend|p2: ciantaihou|move: Aurora Veil
|upkeep
|turn|17
|
|t:|1760347730
|-terastallize|p2a: Ogerpon|Water
|detailschange|p2a: Ogerpon|Ogerpon-Wellspring-Tera, F, tera:Water
|-ability|p2a: Ogerpon|Embody Aspect (Wellspring)|boost
|-boost|p2a: Ogerpon|spd|1
|move|p2a: Ogerpon|Ivy Cudgel|p1a: Zamazenta|[anim] Ivy Cudgel Water
|-crit|p1a: Zamazenta
|-damage|p1a: Zamazenta|0 fnt
|faint|p1a: Zamazenta
|
|upkeep
|-message|soyothedangerous forfeited.
|
|win|ciantaihou
|raw|soyothedangerous's rating: 1541 &rarr; <strong>1529</strong><br />(-12 for losing)
|raw|ciantaihou's rating: 1679 &rarr; <strong>1691</strong><br />(+12 for winning)
|l|☆soyothedangerous
|player|p1|
|l|☆ciantaihou
|player|p2|
