|j|☆Ghost Star3
|j|☆Timeburner67
|t:|1760365788
|gametype|singles
|player|p1|Ghost Star3|102|1115
|player|p2|Timeburner67|lucas|1106
|gen|9
|tier|[Gen 9] OU
|rated|
|rule|HP Percentage Mod: HP is shown in percentages
|rule|Endless Battle Clause: Forcing endless battles is banned
|rule|Species Clause: Limit one of each Pokémon
|rule|OHKO Clause: OHKO moves are banned
|rule|Evasion Items Clause: Evasion items are banned
|rule|Evasion Moves Clause: Evasion moves are banned
|rule|Evasion Abilities Clause: Evasion abilities are banned
|rule|Sleep Moves Clause: Sleep-inducing moves are banned
|clearpoke
|poke|p1|Landorus-Therian, M|
|poke|p1|Samurott-Hisui, F|
|poke|p1|Pecharunt|
|poke|p1|Scizor, F|
|poke|p1|Latios, M|
|poke|p1|Zamazenta-*|
|poke|p2|Deoxys-Speed|
|poke|p2|Duraludon, M|
|poke|p2|Gliscor, M|
|poke|p2|Okidogi, M|
|poke|p2|Dragapult, F|
|poke|p2|Kyurem|
|teampreview
|
|t:|1760365794
|teamsize|p1|6
|teamsize|p2|6
|start
|switch|p1a: Samurott|Samurott-Hisui, F|100/100
|switch|p2a: Deoxys|Deoxys-Speed, shiny|100/100
|-ability|p2a: Deoxys|Pressure
|turn|1
|
|t:|1760365798
|move|p2a: Deoxys|Taunt|p1a: Samurott
|-start|p1a: Samurott|move: Taunt
|move|p1a: Samurott|Ceaseless Edge|p2a: Deoxys
|-supereffective|p2a: Deoxys
|-enditem|p2a: Deoxys|Focus Sash
|-damage|p2a: Deoxys|1/100
|-sidestart|p2: Timeburner67|Spikes
|
|upkeep
|turn|2
|
|t:|1760365806
|move|p2a: Deoxys|Stealth Rock|p1a: Samurott
|-sidestart|p1: Ghost Star3|move: Stealth Rock
|move|p1a: Samurott|Ceaseless Edge|p2a: Deoxys
|-supereffective|p2a: Deoxys
|-damage|p2a: Deoxys|0 fnt
|-sidestart|p2: Timeburner67|Spikes
|faint|p2a: Deoxys
|
|upkeep
|
|t:|1760365814
|switch|p2a: Gliscor|Gliscor, M|100/100
|turn|3
|
|t:|1760365822
|move|p2a: Gliscor|Protect|p2a: Gliscor
|-singleturn|p2a: Gliscor|Protect
|move|p1a: Samurott|Knock Off|p2a: Gliscor
|-activate|p2a: Gliscor|move: Protect
|
|-end|p1a: Samurott|move: Taunt
|-status|p2a: Gliscor|tox|[from] item: Toxic Orb
|upkeep
|turn|4
|
|t:|1760365827
|move|p1a: Samurott|Knock Off|p2a: Gliscor
|-damage|p2a: Gliscor|70/100 tox
|-enditem|p2a: Gliscor|Toxic Orb|[from] move: Knock Off|[of] p1a: Samurott
|move|p2a: Gliscor|Toxic|p1a: Samurott
|-status|p1a: Samurott|tox
|
|-damage|p1a: Samurott|94/100 tox|[from] psn
|-heal|p2a: Gliscor|83/100 tox|[from] ability: Poison Heal
|upkeep
|turn|5
|
|t:|1760365838
|move|p1a: Samurott|Razor Shell|p2a: Gliscor
|-supereffective|p2a: Gliscor
|-damage|p2a: Gliscor|20/100 tox
|-unboost|p2a: Gliscor|def|1
|move|p2a: Gliscor|Spikes|p1a: Samurott
|-sidestart|p1: Ghost Star3|Spikes
|
|-damage|p1a: Samurott|82/100 tox|[from] psn
|-heal|p2a: Gliscor|32/100 tox|[from] ability: Poison Heal
|upkeep
|turn|6
|
|t:|1760365843
|move|p2a: Gliscor|Protect|p2a: Gliscor
|-singleturn|p2a: Gliscor|Protect
|move|p1a: Samurott|Razor Shell|p2a: Gliscor
|-activate|p2a: Gliscor|move: Protect
|
|-damage|p1a: Samurott|63/100 tox|[from] psn
|-heal|p2a: Gliscor|45/100 tox|[from] ability: Poison Heal
|upkeep
|turn|7
|
|t:|1760365852
|switch|p2a: Duraludon|Duraludon, M, shiny|100/100
|-damage|p2a: Duraludon|84/100|[from] Spikes
|move|p1a: Samurott|Razor Shell|p2a: Duraludon
|-resisted|p2a: Duraludon
|-damage|p2a: Duraludon|67/100
|
|-damage|p1a: Samurott|39/100 tox|[from] psn
|upkeep
|turn|8
|
|t:|1760365860
|switch|p1a: Landorus|Landorus-Therian, M|100/100
|-damage|p1a: Landorus|88/100|[from] Stealth Rock
|-ability|p1a: Landorus|Intimidate|boost
|-unboost|p2a: Duraludon|atk|1
|move|p2a: Duraludon|Iron Defense|p2a: Duraludon
|-boost|p2a: Duraludon|def|2
|
|upkeep
|turn|9
|
|t:|1760365865
|move|p1a: Landorus|Earthquake|p2a: Duraludon
|-supereffective|p2a: Duraludon
|-damage|p2a: Duraludon|40/100
|move|p2a: Duraludon|Iron Defense|p2a: Duraludon
|-boost|p2a: Duraludon|def|2
|
|upkeep
|turn|10
|
|t:|1760365871
|move|p1a: Landorus|Earthquake|p2a: Duraludon
|-supereffective|p2a: Duraludon
|-damage|p2a: Duraludon|22/100
|move|p2a: Duraludon|Iron Defense|p2a: Duraludon
|-boost|p2a: Duraludon|def|2
|
|upkeep
|turn|11
|
|t:|1760365875
|move|p1a: Landorus|Earthquake|p2a: Duraludon
|-supereffective|p2a: Duraludon
|-damage|p2a: Duraludon|7/100
|move|p2a: Duraludon|Rest|p2a: Duraludon
|-status|p2a: Duraludon|slp|[from] move: Rest
|-heal|p2a: Duraludon|100/100 slp|[silent]
|
|upkeep
|turn|12
|
|t:|1760365881
|switch|p1a: Zamazenta|Zamazenta|100/100
|-damage|p1a: Zamazenta|94/100|[from] Stealth Rock
|-damage|p1a: Zamazenta|82/100|[from] Spikes
|-ability|p1a: Zamazenta|Dauntless Shield|boost
|-boost|p1a: Zamazenta|def|1
|cant|p2a: Duraludon|slp
|move|p2a: Duraludon|Sleep Talk|p2a: Duraludon
|move|p2a: Duraludon|Iron Defense|p2a: Duraludon|[from] move: Sleep Talk
|-boost|p2a: Duraludon|def|0
|
|-heal|p1a: Zamazenta|88/100|[from] item: Leftovers
|upkeep
|turn|13
|
|t:|1760365886
|cant|p2a: Duraludon|slp
|move|p2a: Duraludon|Sleep Talk|p2a: Duraludon
|move|p2a: Duraludon|Iron Defense|p2a: Duraludon|[from] move: Sleep Talk
|-boost|p2a: Duraludon|def|0
|move|p1a: Zamazenta|Roar|p2a: Duraludon
|drag|p2a: Kyurem|Kyurem, shiny|100/100
|-damage|p2a: Kyurem|84/100|[from] Spikes
|-ability|p2a: Kyurem|Pressure
|
|-heal|p1a: Zamazenta|94/100|[from] item: Leftovers
|upkeep
|turn|14
|
|t:|1760365907
|switch|p2a: Dragapult|Dragapult, F, shiny|100/100
|-damage|p2a: Dragapult|84/100|[from] Spikes
|move|p1a: Zamazenta|Body Press|p2a: Dragapult
|-immune|p2a: Dragapult
|
|-heal|p1a: Zamazenta|99/100|[from] item: Leftovers
|upkeep
|turn|15
|
|t:|1760365917
|switch|p1a: Pecharunt|Pecharunt|100/100
|move|p2a: Dragapult|Draco Meteor|p1a: Pecharunt|[miss]
|-miss|p2a: Dragapult|p1a: Pecharunt
|
|upkeep
|turn|16
|
|t:|1760365924
|switch|p2a: Duraludon|Duraludon, M, shiny|100/100 slp
|-damage|p2a: Duraludon|84/100 slp|[from] Spikes
|move|p1a: Pecharunt|Shadow Ball|p2a: Duraludon
|-damage|p2a: Duraludon|66/100 slp
|
|upkeep
|turn|17
|
|t:|1760365941
|switch|p1a: Landorus|Landorus-Therian, M|88/100
|-damage|p1a: Landorus|76/100|[from] Stealth Rock
|-ability|p1a: Landorus|Intimidate|boost
|-unboost|p2a: Duraludon|atk|1
|-curestatus|p2a: Duraludon|slp|[msg]
|move|p2a: Duraludon|Sleep Talk||[still]
|-fail|p2a: Duraludon
|
|upkeep
|turn|18
|
|t:|1760365946
|move|p1a: Landorus|Earthquake|p2a: Duraludon
|-supereffective|p2a: Duraludon
|-damage|p2a: Duraludon|6/100
|move|p2a: Duraludon|Iron Defense|p2a: Duraludon
|-boost|p2a: Duraludon|def|2
|
|upkeep
|turn|19
|
|t:|1760365972
|move|p1a: Landorus|Earthquake|p2a: Duraludon
|-supereffective|p2a: Duraludon
|-damage|p2a: Duraludon|0 fnt
|faint|p2a: Duraludon
|
|upkeep
|
|t:|1760365976
|switch|p2a: Kyurem|Kyurem, shiny|84/100
|-damage|p2a: Kyurem|67/100|[from] Spikes
|-ability|p2a: Kyurem|Pressure
|turn|20
|
|t:|1760365987
|move|p2a: Kyurem|Dragon Dance|p2a: Kyurem
|-boost|p2a: Kyurem|atk|1
|-boost|p2a: Kyurem|spe|1
|move|p1a: Landorus|U-turn|p2a: Kyurem
|-damage|p2a: Kyurem|44/100
|
|t:|1760365989
|switch|p1a: Zamazenta|Zamazenta|99/100|[from] U-turn
|-damage|p1a: Zamazenta|94/100|[from] Stealth Rock
|-damage|p1a: Zamazenta|82/100|[from] Spikes
|
|-heal|p1a: Zamazenta|88/100|[from] item: Leftovers
|upkeep
|turn|21
|
|t:|1760365998
|-terastallize|p2a: Kyurem|Fire
|move|p2a: Kyurem|Tera Blast|p1a: Zamazenta|[anim] Tera Blast Fire
|-crit|p1a: Zamazenta
|-damage|p1a: Zamazenta|24/100
|move|p1a: Zamazenta|Body Press|p2a: Kyurem
|-damage|p2a: Kyurem|7/100
|
|-heal|p1a: Zamazenta|30/100|[from] item: Leftovers
|upkeep
|turn|22
|
|t:|1760366010
|switch|p1a: Samurott|Samurott-Hisui, F|39/100 tox
|-damage|p1a: Samurott|26/100 tox|[from] Stealth Rock
|-damage|p1a: Samurott|14/100 tox|[from] Spikes
|move|p2a: Kyurem|Scale Shot|p1a: Samurott
|-damage|p1a: Samurott|0 fnt
|faint|p1a: Samurott
|-hitcount|p1: Samurott|1
|-unboost|p2a: Kyurem|def|1
|-boost|p2a: Kyurem|spe|1
|
|upkeep
|
|t:|1760366020
|switch|p1a: Scizor|Scizor, F|100/100
|turn|23
|
|t:|1760366023
|move|p1a: Scizor|Bullet Punch|p2a: Kyurem
|-resisted|p2a: Kyurem
|-damage|p2a: Kyurem|0 fnt
|faint|p2a: Kyurem
|
|upkeep
|
|t:|1760366029
|switch|p2a: Dragapult|Dragapult, F, shiny|84/100
|-damage|p2a: Dragapult|68/100|[from] Spikes
|turn|24
|
|t:|1760366033
|move|p2a: Dragapult|Flamethrower|p1a: Scizor
|-supereffective|p1a: Scizor
|-damage|p1a: Scizor|0 fnt
|faint|p1a: Scizor
|
|upkeep
|
|t:|1760366037
|switch|p1a: Latios|Latios, M|100/100
|-damage|p1a: Latios|88/100|[from] Stealth Rock
|turn|25
|
|t:|1760366042
|switch|p2a: Okidogi|Okidogi, M|100/100
|-damage|p2a: Okidogi|84/100|[from] Spikes
|move|p1a: Latios|Draco Meteor|p2a: Okidogi
|-damage|p2a: Okidogi|0 fnt
|-unboost|p1a: Latios|spa|2
|faint|p2a: Okidogi
|
|upkeep
|
|t:|1760366046
|switch|p2a: Dragapult|Dragapult, F, shiny|68/100
|-damage|p2a: Dragapult|51/100|[from] Spikes
|turn|26
|
|t:|1760366051
|move|p2a: Dragapult|Shadow Ball|p1a: Latios
|-supereffective|p1a: Latios
|-damage|p1a: Latios|0 fnt
|faint|p1a: Latios
|
|upkeep
|
|t:|1760366054
|switch|p1a: Pecharunt|Pecharunt|100/100
|turn|27
|
|t:|1760366059
|move|p2a: Dragapult|Shadow Ball|p1a: Pecharunt
|-supereffective|p1a: Pecharunt
|-damage|p1a: Pecharunt|0 fnt
|faint|p1a: Pecharunt
|
|upkeep
|
|t:|1760366063
|switch|p1a: Landorus|Landorus-Therian, M|76/100
|-damage|p1a: Landorus|63/100|[from] Stealth Rock
|-ability|p1a: Landorus|Intimidate|boost
|-unboost|p2a: Dragapult|atk|1
|turn|28
|
|t:|1760366069
|move|p2a: Dragapult|Shadow Ball|p1a: Landorus
|-damage|p1a: Landorus|10/100
|move|p1a: Landorus|Earthquake|p2a: Dragapult
|-damage|p2a: Dragapult|0 fnt
|faint|p2a: Dragapult
|
|upkeep
|
|t:|1760366076
|switch|p2a: Gliscor|Gliscor, M|45/100 tox
|turn|29
|
|t:|1760366087
|move|p1a: Landorus|Smack Down|p2a: Gliscor
|-damage|p2a: Gliscor|35/100 tox
|-start|p2a: Gliscor|Smack Down
|move|p2a: Gliscor|Toxic|p1a: Landorus|[miss]
|-miss|p2a: Gliscor|p1a: Landorus
|
|-heal|p2a: Gliscor|48/100 tox|[from] ability: Poison Heal
|upkeep
|turn|30
|
|t:|1760366095
|move|p1a: Landorus|Earthquake|p2a: Gliscor
|-damage|p2a: Gliscor|19/100 tox
|move|p2a: Gliscor|Toxic|p1a: Landorus
|-status|p1a: Landorus|tox
|
|-damage|p1a: Landorus|4/100 tox|[from] psn
|-heal|p2a: Gliscor|32/100 tox|[from] ability: Poison Heal
|upkeep
|turn|31
|
|t:|1760366101
|move|p2a: Gliscor|Protect|p2a: Gliscor
|-singleturn|p2a: Gliscor|Protect
|move|p1a: Landorus|Earthquake|p2a: Gliscor
|-activate|p2a: Gliscor|move: Protect
|
|-damage|p1a: Landorus|0 fnt|[from] psn
|faint|p1a: Landorus
|-heal|p2a: Gliscor|44/100 tox|[from] ability: Poison Heal
|upkeep
|
|t:|1760366110
|switch|p1a: Zamazenta|Zamazenta|30/100
|-damage|p1a: Zamazenta|24/100|[from] Stealth Rock
|-damage|p1a: Zamazenta|11/100|[from] Spikes
|turn|32
|
|t:|1760366123
|move|p1a: Zamazenta|Body Press|p2a: Gliscor
|-resisted|p2a: Gliscor
|-damage|p2a: Gliscor|32/100 tox
|move|p2a: Gliscor|Earthquake|p1a: Zamazenta
|-damage|p1a: Zamazenta|0 fnt
|faint|p1a: Zamazenta
|
|win|Timeburner67
|raw|Ghost Star3's rating: 1115 &rarr; <strong>1089</strong><br />(-26 for losing)
|raw|Timeburner67's rating: 1106 &rarr; <strong>1132</strong><br />(+26 for winning)
|c|☆Timeburner67|gg
|c|☆Ghost Star3|gg
|l|☆Ghost Star3
|player|p1|
|l|☆Timeburner67
|player|p2|
