|j|☆wifrow
|j|☆phantombrawl
|t:|1760377672
|gametype|singles
|player|p1|wifrow|1|
|player|p2|phantombrawl|turo-ai|
|gen|9
|tier|[Gen 9] OU
|rule|HP Percentage Mod: HP is shown in percentages
|rule|Endless Battle Clause: Forcing endless battles is banned
|rule|Species Clause: Limit one of each Pokémon
|rule|OHKO Clause: OHKO moves are banned
|rule|Evasion Items Clause: Evasion items are banned
|rule|Evasion Moves Clause: Evasion moves are banned
|rule|Evasion Abilities Clause: Evasion abilities are banned
|rule|Sleep Moves Clause: Sleep-inducing moves are banned
|clearpoke
|poke|p1|Metagross|
|poke|p1|Arcanine-Hisui, M|
|poke|p1|Greninja-*, M|
|poke|p1|Hawlucha, F|
|poke|p1|Salamence, F|
|poke|p1|Skeledirge, F|
|poke|p2|Ribombee, M|
|poke|p2|Iron Moth|
|poke|p2|Iron Treads|
|poke|p2|Garganacl, M|
|poke|p2|Zamazenta-*|
|poke|p2|Kingambit, F|
|teampreview
|
|t:|1760377683
|teamsize|p1|6
|teamsize|p2|6
|start
|switch|p1a: Metagross|Metagross|100/100
|switch|p2a: BarryBBenson|Ribombee, M, shiny|100/100
|turn|1
|inactive|Battle timer is ON: inactive players will automatically lose when time's up. (requested by phantombrawl)
|
|t:|1760377695
|move|p2a: BarryBBenson|Sticky Web|p1a: Metagross
|-sidestart|p1: wifrow|move: Sticky Web
|move|p1a: Metagross|Explosion|p2a: BarryBBenson
|-enditem|p1a: Metagross|Normal Gem|[from] gem
|-enditem|p2a: BarryBBenson|Focus Sash
|-damage|p2a: BarryBBenson|1/100
|faint|p1a: Metagross
|
|upkeep
|
|t:|1760377708
|switch|p1a: Skeledirge|Skeledirge, F|100/100
|-activate|p1a: Skeledirge|move: Sticky Web
|-unboost|p1a: Skeledirge|spe|1
|turn|2
|
|t:|1760377715
|move|p2a: BarryBBenson|Stun Spore|p1a: Skeledirge|[miss]
|-miss|p2a: BarryBBenson|p1a: Skeledirge
|move|p1a: Skeledirge|Tera Blast|p2a: BarryBBenson
|-damage|p2a: BarryBBenson|0 fnt
|faint|p2a: BarryBBenson
|
|upkeep
|
|t:|1760377729
|switch|p2a: OingoBoingo|Garganacl, M, shiny|100/100
|turn|3
|
|t:|1760377740
|move|p1a: Skeledirge|Shadow Ball|p2a: OingoBoingo
|-damage|p2a: OingoBoingo|87/100
|move|p2a: OingoBoingo|Salt Cure|p1a: Skeledirge
|-supereffective|p1a: Skeledirge
|-damage|p1a: Skeledirge|75/100
|-start|p1a: Skeledirge|Salt Cure
|
|-heal|p2a: OingoBoingo|93/100|[from] item: Leftovers
|-damage|p1a: Skeledirge|63/100|[from] Salt Cure
|upkeep
|turn|4
|
|t:|1760377751
|move|p1a: Skeledirge|Tera Blast|p2a: OingoBoingo
|-resisted|p2a: OingoBoingo
|-damage|p2a: OingoBoingo|84/100
|move|p2a: OingoBoingo|Curse|p2a: OingoBoingo
|-unboost|p2a: OingoBoingo|spe|1
|-boost|p2a: OingoBoingo|atk|1
|-boost|p2a: OingoBoingo|def|1
|
|-heal|p2a: OingoBoingo|90/100|[from] item: Leftovers
|-damage|p1a: Skeledirge|50/100|[from] Salt Cure
|upkeep
|turn|5
|
|t:|1760377772
|move|p1a: Skeledirge|Torch Song|p2a: OingoBoingo
|-resisted|p2a: OingoBoingo
|-damage|p2a: OingoBoingo|75/100
|-boost|p1a: Skeledirge|spa|1
|-enditem|p1a: Skeledirge|Throat Spray
|-boost|p1a: Skeledirge|spa|1|[from] item: Throat Spray
|move|p2a: OingoBoingo|Earthquake|p1a: Skeledirge
|-supereffective|p1a: Skeledirge
|-damage|p1a: Skeledirge|10/100
|
|-heal|p2a: OingoBoingo|82/100|[from] item: Leftovers
|-damage|p1a: Skeledirge|0 fnt|[from] Salt Cure
|faint|p1a: Skeledirge
|upkeep
|
|t:|1760377785
|switch|p1a: Arcanine|Arcanine-Hisui, M|100/100
|-activate|p1a: Arcanine|move: Sticky Web
|-unboost|p1a: Arcanine|spe|1
|turn|6
|
|t:|1760377799
|move|p1a: Arcanine|Extreme Speed|p2a: OingoBoingo
|-resisted|p2a: OingoBoingo
|-damage|p2a: OingoBoingo|76/100
|move|p2a: OingoBoingo|Curse|p2a: OingoBoingo
|-unboost|p2a: OingoBoingo|spe|1
|-boost|p2a: OingoBoingo|atk|1
|-boost|p2a: OingoBoingo|def|1
|
|-heal|p2a: OingoBoingo|82/100|[from] item: Leftovers
|upkeep
|turn|7
|
|t:|1760377813
|switch|p1a: Salamence|Salamence, F|100/100
|move|p2a: OingoBoingo|Salt Cure|p1a: Salamence
|-supereffective|p1a: Salamence
|-damage|p1a: Salamence|26/100
|-start|p1a: Salamence|Salt Cure
|
|-heal|p2a: OingoBoingo|88/100|[from] item: Leftovers
|-damage|p1a: Salamence|14/100|[from] Salt Cure
|upkeep
|turn|8
|
|t:|1760377827
|move|p1a: Salamence|Dual Wingbeat|p2a: OingoBoingo
|-resisted|p2a: OingoBoingo
|-damage|p2a: OingoBoingo|85/100
|-resisted|p2a: OingoBoingo
|-damage|p2a: OingoBoingo|81/100
|-hitcount|p2a: OingoBoingo|2
|move|p2a: OingoBoingo|Salt Cure|p1a: Salamence
|-supereffective|p1a: Salamence
|-damage|p1a: Salamence|0 fnt
|faint|p1a: Salamence
|
|-heal|p2a: OingoBoingo|87/100|[from] item: Leftovers
|upkeep
|
|t:|1760377843
|switch|p1a: Hawlucha|Hawlucha, F|100/100
|turn|9
|
|t:|1760377849
|move|p1a: Hawlucha|Swords Dance|p1a: Hawlucha
|-boost|p1a: Hawlucha|atk|2
|move|p2a: OingoBoingo|Salt Cure|p1a: Hawlucha
|-damage|p1a: Hawlucha|61/100
|-start|p1a: Hawlucha|Salt Cure
|
|-heal|p2a: OingoBoingo|93/100|[from] item: Leftovers
|-damage|p1a: Hawlucha|49/100|[from] Salt Cure
|upkeep
|turn|10
|
|t:|1760377858
|-terastallize|p2a: OingoBoingo|Ghost
|move|p1a: Hawlucha|Swords Dance|p1a: Hawlucha
|-boost|p1a: Hawlucha|atk|2
|move|p2a: OingoBoingo|Salt Cure|p1a: Hawlucha
|-damage|p1a: Hawlucha|7/100
|
|-heal|p2a: OingoBoingo|99/100|[from] item: Leftovers
|-damage|p1a: Hawlucha|0 fnt|[from] Salt Cure
|faint|p1a: Hawlucha
|upkeep
|
|t:|1760377868
|switch|p1a: Greninja|Greninja, M|100/100
|-activate|p1a: Greninja|move: Sticky Web
|-unboost|p1a: Greninja|spe|1
|turn|11
|
|t:|1760377874
|move|p1a: Greninja|Ice Beam|p2a: OingoBoingo
|-damage|p2a: OingoBoingo|80/100
|move|p2a: OingoBoingo|Salt Cure|p1a: Greninja
|-damage|p1a: Greninja|52/100
|-start|p1a: Greninja|Salt Cure
|
|-heal|p2a: OingoBoingo|86/100|[from] item: Leftovers
|-damage|p1a: Greninja|27/100|[from] Salt Cure
|upkeep
|turn|12
|
|t:|1760377885
|move|p1a: Greninja|Dark Pulse|p2a: OingoBoingo
|-supereffective|p2a: OingoBoingo
|-damage|p2a: OingoBoingo|32/100
|move|p2a: OingoBoingo|Salt Cure|p1a: Greninja
|-damage|p1a: Greninja|0 fnt
|faint|p1a: Greninja
|
|-heal|p2a: OingoBoingo|39/100|[from] item: Leftovers
|upkeep
|
|t:|1760377893
|switch|p1a: Arcanine|Arcanine-Hisui, M|100/100
|-activate|p1a: Arcanine|move: Sticky Web
|-unboost|p1a: Arcanine|spe|1
|turn|13
|
|t:|1760377900
|move|p1a: Arcanine|Agility|p1a: Arcanine
|-boost|p1a: Arcanine|spe|2
|move|p2a: OingoBoingo|Earthquake|p1a: Arcanine
|-supereffective|p1a: Arcanine
|-enditem|p1a: Arcanine|Focus Sash
|-damage|p1a: Arcanine|1/100
|
|-heal|p2a: OingoBoingo|45/100|[from] item: Leftovers
|upkeep
|turn|14
|
|t:|1760377910
|move|p1a: Arcanine|Extreme Speed|p2a: OingoBoingo
|-immune|p2a: OingoBoingo
|move|p2a: OingoBoingo|Recover|p2a: OingoBoingo
|-heal|p2a: OingoBoingo|95/100
|
|-heal|p2a: OingoBoingo|100/100|[from] item: Leftovers
|upkeep
|turn|15
|
|t:|1760377921
|-terastallize|p1a: Arcanine|Normal
|move|p1a: Arcanine|Extreme Speed|p2a: OingoBoingo
|-immune|p2a: OingoBoingo
|move|p2a: OingoBoingo|Salt Cure|p1a: Arcanine
|-damage|p1a: Arcanine|0 fnt
|faint|p1a: Arcanine
|
|win|phantombrawl
|l|☆wifrow
|player|p1|
