|badge|p1|bronze|gen9doublesou|100-7
|badge|p1|bronze|gen9ru|100-7
|uhtml|medal-msg|<div class="broadcast-blue">Curious what those medals under the avatar are? PS now has Ladder Seasons! For more information, check out the <a href="https://www.smogon.com/forums/threads/3740067/">thread on Smogon.</a></div>
|j|☆3idk
|j|☆goshdarnittt
|t:|1760447813
|gametype|singles
|player|p1|3idk|cynthia-masters|1613
|player|p2|goshdarnittt|2|1640
|gen|9
|tier|[Gen 9] OU
|rated|
|rule|HP Percentage Mod: HP is shown in percentages
|rule|Endless Battle Clause: Forcing endless battles is banned
|rule|Species Clause: Limit one of each Pokémon
|rule|OHKO Clause: OHKO moves are banned
|rule|Evasion Items Clause: Evasion items are banned
|rule|Evasion Moves Clause: Evasion moves are banned
|rule|Evasion Abilities Clause: Evasion abilities are banned
|rule|Sleep Moves Clause: Sleep-inducing moves are banned
|clearpoke
|poke|p1|Pelipper, F|
|poke|p1|Tornadus-Therian, M|
|poke|p1|Iron Treads|
|poke|p1|Decidueye-Hisui, F|
|poke|p1|Barraskewda, F|
|poke|p1|Raging Bolt|
|poke|p2|Tornadus-Therian, M|
|poke|p2|Iron Valiant|
|poke|p2|Great Tusk|
|poke|p2|Hatterene, F|
|poke|p2|Garchomp, F|
|poke|p2|Kingambit, M|
|teampreview
|inactive|Battle timer is ON: inactive players will automatically lose when time's up. (requested by 3idk)
|
|t:|1760447824
|teamsize|p1|6
|teamsize|p2|6
|start
|switch|p1a: Tornadus|Tornadus-Therian, M|100/100
|switch|p2a: Tornadus|Tornadus-Therian, M|100/100
|turn|1
|
|t:|1760447831
|switch|p1a: Pelipper|Pelipper, F|100/100
|-weather|RainDance|[from] ability: Drizzle|[of] p1a: Pelipper
|switch|p2a: Hatterene|Hatterene, F|100/100
|
|-weather|RainDance|[upkeep]
|upkeep
|turn|2
|
|t:|1760447840
|switch|p1a: Iron Treads|Iron Treads|100/100
|move|p2a: Hatterene|Psychic Noise|p1a: Iron Treads
|-resisted|p1a: Iron Treads
|-damage|p1a: Iron Treads|87/100
|-start|p1a: Iron Treads|move: Heal Block
|
|-weather|RainDance|[upkeep]
|upkeep
|turn|3
|
|t:|1760447851
|switch|p2a: Garchomp|Garchomp, F|100/100
|move|p1a: Iron Treads|Knock Off|p2a: Garchomp
|-damage|p2a: Garchomp|81/100
|-damage|p1a: Iron Treads|75/100|[from] ability: Rough Skin|[of] p2a: Garchomp
|-damage|p1a: Iron Treads|58/100|[from] item: Rocky Helmet|[of] p2a: Garchomp
|-enditem|p2a: Garchomp|Rocky Helmet|[from] move: Knock Off|[of] p1a: Iron Treads
|
|-weather|RainDance|[upkeep]
|-end|p1a: Iron Treads|move: Heal Block
|upkeep
|turn|4
|
|t:|1760447863
|switch|p2a: Hatterene|Hatterene, F|100/100
|move|p1a: Iron Treads|Stealth Rock|p2a: Hatterene
|move|p2a: Hatterene|Stealth Rock|p1a: Iron Treads|[from] ability: Magic Bounce
|-sidestart|p1: 3idk|move: Stealth Rock
|
|-weather|RainDance|[upkeep]
|-heal|p1a: Iron Treads|64/100|[from] item: Leftovers
|upkeep
|turn|5
|
|t:|1760447875
|move|p1a: Iron Treads|Rapid Spin|p2a: Hatterene
|-damage|p2a: Hatterene|90/100
|-boost|p1a: Iron Treads|spe|1
|-damage|p1a: Iron Treads|48/100|[from] item: Rocky Helmet|[of] p2a: Hatterene
|-sideend|p1: 3idk|Stealth Rock|[from] move: Rapid Spin|[of] p1a: Iron Treads
|move|p2a: Hatterene|Psychic Noise|p1a: Iron Treads
|-resisted|p1a: Iron Treads
|-damage|p1a: Iron Treads|35/100
|-start|p1a: Iron Treads|move: Heal Block
|
|-weather|RainDance|[upkeep]
|upkeep
|turn|6
|
|t:|1760447887
|-end|p1a: Iron Treads|Quark Drive|[silent]
|switch|p1a: Tornadus|Tornadus-Therian, M|100/100
|move|p2a: Hatterene|Psychic Noise|p1a: Tornadus
|-damage|p1a: Tornadus|58/100
|-start|p1a: Tornadus|move: Heal Block
|
|-weather|RainDance|[upkeep]
|upkeep
|turn|7
|
|t:|1760447897
|-terastallize|p1a: Tornadus|Flying
|move|p1a: Tornadus|Hurricane|p2a: Hatterene
|-damage|p2a: Hatterene|0 fnt
|faint|p2a: Hatterene
|
|-weather|RainDance|[upkeep]
|-end|p1a: Tornadus|move: Heal Block
|upkeep
|
|t:|1760447910
|switch|p2a: Tornadus|Tornadus-Therian, M|100/100
|turn|8
|j| Samurajen
|
|t:|1760447917
|switch|p1a: Raging Bolt|Raging Bolt|100/100
|-enditem|p1a: Raging Bolt|Booster Energy
|-activate|p1a: Raging Bolt|ability: Protosynthesis|[fromitem]
|-start|p1a: Raging Bolt|protosynthesisspa
|move|p2a: Tornadus|Knock Off|p1a: Raging Bolt
|-damage|p1a: Raging Bolt|86/100
|
|-weather|none
|upkeep
|turn|9
|
|t:|1760447933
|switch|p2a: Iron Valiant|Iron Valiant|100/100
|-enditem|p2a: Iron Valiant|Booster Energy
|-activate|p2a: Iron Valiant|ability: Quark Drive|[fromitem]
|-start|p2a: Iron Valiant|quarkdrivespe
|move|p1a: Raging Bolt|Dragon Pulse|p2a: Iron Valiant
|-immune|p2a: Iron Valiant
|
|upkeep
|turn|10
|
|t:|1760447941
|move|p2a: Iron Valiant|Encore|p1a: Raging Bolt
|-start|p1a: Raging Bolt|Encore
|move|p1a: Raging Bolt|Dragon Pulse|p2a: Iron Valiant
|-immune|p2a: Iron Valiant
|
|upkeep
|turn|11
|
|t:|1760447945
|-end|p1a: Raging Bolt|Protosynthesis|[silent]
|switch|p1a: Pelipper|Pelipper, F|100/100
|-weather|RainDance|[from] ability: Drizzle|[of] p1a: Pelipper
|move|p2a: Iron Valiant|Calm Mind|p2a: Iron Valiant
|-boost|p2a: Iron Valiant|spa|1
|-boost|p2a: Iron Valiant|spd|1
|
|-weather|RainDance|[upkeep]
|upkeep
|turn|12
|
|t:|1760447952
|switch|p1a: Iron Treads|Iron Treads|35/100
|move|p2a: Iron Valiant|Thunderbolt|p1a: Iron Treads
|-immune|p1a: Iron Treads
|
|-weather|RainDance|[upkeep]
|-heal|p1a: Iron Treads|41/100|[from] item: Leftovers
|upkeep
|turn|13
|
|t:|1760447956
|move|p2a: Iron Valiant|Moonblast|p1a: Iron Treads
|-resisted|p1a: Iron Treads
|-damage|p1a: Iron Treads|14/100
|move|p1a: Iron Treads|Stealth Rock|p2a: Iron Valiant
|-sidestart|p2: goshdarnittt|move: Stealth Rock
|
|-weather|RainDance|[upkeep]
|-heal|p1a: Iron Treads|20/100|[from] item: Leftovers
|upkeep
|turn|14
|
|t:|1760447962
|move|p2a: Iron Valiant|Moonblast|p1a: Iron Treads
|-resisted|p1a: Iron Treads
|-damage|p1a: Iron Treads|0 fnt
|faint|p1a: Iron Treads
|-end|p1a: Iron Treads|Quark Drive|[silent]
|
|-weather|RainDance|[upkeep]
|upkeep
|
|t:|1760447965
|switch|p1a: Barraskewda|Barraskewda, F|100/100
|turn|15
|
|t:|1760447968
|-end|p2a: Iron Valiant|Quark Drive|[silent]
|switch|p2a: Garchomp|Garchomp, F|81/100
|-damage|p2a: Garchomp|75/100|[from] Stealth Rock
|move|p1a: Barraskewda|Liquidation|p2a: Garchomp
|-damage|p2a: Garchomp|3/100
|-damage|p1a: Barraskewda|88/100|[from] ability: Rough Skin|[of] p2a: Garchomp
|-damage|p1a: Barraskewda|78/100|[from] item: Life Orb
|
|-weather|RainDance|[upkeep]
|upkeep
|turn|16
|
|t:|1760447980
|move|p1a: Barraskewda|Liquidation|p2a: Garchomp
|-damage|p2a: Garchomp|0 fnt
|-damage|p1a: Barraskewda|66/100|[from] ability: Rough Skin|[of] p2a: Garchomp
|faint|p2a: Garchomp
|-damage|p1a: Barraskewda|56/100|[from] item: Life Orb
|
|-weather|RainDance|[upkeep]
|upkeep
|
|t:|1760447988
|switch|p2a: Kingambit|Kingambit, M|100/100
|-damage|p2a: Kingambit|94/100|[from] Stealth Rock
|-activate|p2a: Kingambit|ability: Supreme Overlord
|-start|p2a: Kingambit|fallen2|[silent]
|-item|p2a: Kingambit|Air Balloon
|turn|17
|
|t:|1760447996
|switch|p1a: Decidueye|Decidueye-Hisui, F|100/100
|move|p2a: Kingambit|Swords Dance|p2a: Kingambit
|-boost|p2a: Kingambit|atk|2
|
|-weather|RainDance|[upkeep]
|upkeep
|turn|18
|
|t:|1760448005
|-end|p2a: Kingambit|fallen2|[silent]
|switch|p2a: Tornadus|Tornadus-Therian, M|100/100
|-damage|p2a: Tornadus|76/100|[from] Stealth Rock
|move|p1a: Decidueye|U-turn|p2a: Tornadus
|-resisted|p2a: Tornadus
|-damage|p2a: Tornadus|65/100
|
|t:|1760448013
|switch|p1a: Barraskewda|Barraskewda, F|56/100|[from] U-turn
|
|-weather|none
|upkeep
|turn|19
|
|t:|1760448020
|switch|p1a: Pelipper|Pelipper, F|100/100
|-weather|RainDance|[from] ability: Drizzle|[of] p1a: Pelipper
|move|p2a: Tornadus|Bleakwind Storm|p1a: Pelipper
|-damage|p1a: Pelipper|23/100
|-unboost|p1a: Pelipper|spe|1
|
|-weather|RainDance|[upkeep]
|upkeep
|turn|20
|
|t:|1760448030
|switch|p1a: Raging Bolt|Raging Bolt|86/100
|move|p2a: Tornadus|U-turn|p1a: Raging Bolt
|-damage|p1a: Raging Bolt|72/100
|
|t:|1760448035
|switch|p2a: Great Tusk|Great Tusk|100/100|[from] U-turn
|-damage|p2a: Great Tusk|98/100|[from] Stealth Rock
|-enditem|p2a: Great Tusk|Booster Energy
|-activate|p2a: Great Tusk|ability: Protosynthesis|[fromitem]
|-start|p2a: Great Tusk|protosynthesisspe
|
|-weather|RainDance|[upkeep]
|upkeep
|turn|21
|
|t:|1760448046
|move|p2a: Great Tusk|Rapid Spin|p1a: Raging Bolt
|-damage|p1a: Raging Bolt|58/100
|-boost|p2a: Great Tusk|spe|1
|-sideend|p2: goshdarnittt|Stealth Rock|[from] move: Rapid Spin|[of] p2a: Great Tusk
|move|p1a: Raging Bolt|Weather Ball|p2a: Great Tusk
|-supereffective|p2a: Great Tusk
|-damage|p2a: Great Tusk|0 fnt
|faint|p2a: Great Tusk
|-end|p2a: Great Tusk|Protosynthesis|[silent]
|
|-weather|RainDance|[upkeep]
|upkeep
|
|t:|1760448058
|switch|p2a: Iron Valiant|Iron Valiant|100/100
|turn|22
|
|t:|1760448067
|move|p2a: Iron Valiant|Calm Mind|p2a: Iron Valiant
|-boost|p2a: Iron Valiant|spa|1
|-boost|p2a: Iron Valiant|spd|1
|move|p1a: Raging Bolt|Weather Ball|p2a: Iron Valiant
|-damage|p2a: Iron Valiant|26/100
|
|-weather|RainDance|[upkeep]
|upkeep
|turn|23
|
|t:|1760448075
|move|p2a: Iron Valiant|Moonblast|p1a: Raging Bolt
|-supereffective|p1a: Raging Bolt
|-damage|p1a: Raging Bolt|0 fnt
|faint|p1a: Raging Bolt
|-end|p1a: Raging Bolt|Protosynthesis|[silent]
|
|-weather|RainDance|[upkeep]
|upkeep
|
|t:|1760448078
|switch|p1a: Tornadus|Tornadus-Therian, M, tera:Flying|91/100
|turn|24
|
|t:|1760448082
|move|p1a: Tornadus|Weather Ball|p2a: Iron Valiant
|-damage|p2a: Iron Valiant|0 fnt
|faint|p2a: Iron Valiant
|-end|p2a: Iron Valiant|Quark Drive|[silent]
|
|-weather|RainDance|[upkeep]
|upkeep
|
|t:|1760448086
|switch|p2a: Tornadus|Tornadus-Therian, M|98/100
|turn|25
|
|t:|1760448092
|move|p1a: Tornadus|Weather Ball|p2a: Tornadus
|-damage|p2a: Tornadus|52/100
|move|p2a: Tornadus|Bleakwind Storm|p1a: Tornadus
|-damage|p1a: Tornadus|24/100
|-unboost|p1a: Tornadus|spe|1
|
|-weather|RainDance|[upkeep]
|upkeep
|turn|26
|
|t:|1760448106
|move|p2a: Tornadus|Knock Off|p1a: Tornadus
|-damage|p1a: Tornadus|0 fnt
|-enditem|p1a: Tornadus|Choice Specs|[from] move: Knock Off|[of] p2a: Tornadus
|faint|p1a: Tornadus
|
|-weather|none
|upkeep
|
|t:|1760448109
|switch|p1a: Pelipper|Pelipper, F|23/100
|-weather|RainDance|[from] ability: Drizzle|[of] p1a: Pelipper
|turn|27
|
|t:|1760448113
|move|p2a: Tornadus|Bleakwind Storm|p1a: Pelipper
|-damage|p1a: Pelipper|0 fnt
|faint|p1a: Pelipper
|
|-weather|RainDance|[upkeep]
|upkeep
|
|t:|1760448115
|switch|p1a: Barraskewda|Barraskewda, F|56/100
|turn|28
|
|t:|1760448120
|move|p1a: Barraskewda|Flip Turn|p2a: Tornadus
|-damage|p2a: Tornadus|0 fnt
|faint|p2a: Tornadus
|-damage|p1a: Barraskewda|47/100|[from] item: Life Orb
|
|t:|1760448123
|switch|p1a: Decidueye|Decidueye-Hisui, F|100/100|[from] Flip Turn
|
|-weather|RainDance|[upkeep]
|upkeep
|
|t:|1760448126
|switch|p2a: Kingambit|Kingambit, M|94/100
|-activate|p2a: Kingambit|ability: Supreme Overlord
|-start|p2a: Kingambit|fallen5|[silent]
|-item|p2a: Kingambit|Air Balloon
|turn|29
|
|t:|1760448132
|-terastallize|p2a: Kingambit|Dark
|move|p1a: Decidueye|Triple Arrows|p2a: Kingambit
|-supereffective|p2a: Kingambit
|-crit|p2a: Kingambit
|-damage|p2a: Kingambit|22/100
|-unboost|p2a: Kingambit|def|1
|-enditem|p2a: Kingambit|Air Balloon
|cant|p2a: Kingambit|flinch
|
|-weather|RainDance|[upkeep]
|upkeep
|turn|30
|-message|goshdarnittt forfeited.
|
|win|3idk
|raw|3idk's rating: 1613 &rarr; <strong>1635</strong><br />(+22 for winning)
|raw|goshdarnittt's rating: 1640 &rarr; <strong>1618</strong><br />(-22 for losing)
|l|☆goshdarnittt
|player|p2|
|l|☆3idk
|player|p1|
