|j|☆one_angry_jew
|j|☆WarioNear
|t:|1760366711
|gametype|singles
|player|p1|one_angry_jew|101|1439
|player|p2|WarioNear|blaine|1468
|gen|9
|tier|[Gen 9] OU
|rated|
|rule|HP Percentage Mod: HP is shown in percentages
|rule|Endless Battle Clause: Forcing endless battles is banned
|rule|Species Clause: Limit one of each Pokémon
|rule|OHKO Clause: OHKO moves are banned
|rule|Evasion Items Clause: Evasion items are banned
|rule|Evasion Moves Clause: Evasion moves are banned
|rule|Evasion Abilities Clause: Evasion abilities are banned
|rule|Sleep Moves Clause: Sleep-inducing moves are banned
|clearpoke
|poke|p1|Vaporeon, M|
|poke|p1|Sylveon, F|
|poke|p1|Espeon, M|
|poke|p1|Jolteon, M|
|poke|p1|Glaceon, M|
|poke|p1|Umbreon, F|
|poke|p2|Darkrai|
|poke|p2|Cinderace, M|
|poke|p2|Deoxys-Speed|
|poke|p2|Dragapult, F|
|poke|p2|Dragonite, M|
|poke|p2|Enamorus, F|
|teampreview
|
|t:|1760366720
|teamsize|p1|6
|teamsize|p2|6
|start
|switch|p1a: Espeon|Espeon, M|100/100
|switch|p2a: Cinderace|Cinderace, M|100/100
|turn|1
|
|t:|1760366726
|move|p1a: Espeon|Psychic|p2a: Cinderace
|-damage|p2a: Cinderace|24/100
|move|p2a: Cinderace|Pyro Ball|p1a: Espeon
|-damage|p1a: Espeon|0 fnt
|faint|p1a: Espeon
|
|upkeep
|
|t:|1760366736
|switch|p1a: Umbreon|Umbreon, F|100/100
|turn|2
|
|t:|1760366738
|move|p2a: Cinderace|U-turn|p1a: Umbreon
|-start|p2a: Cinderace|typechange|Bug|[from] ability: Libero
|-supereffective|p1a: Umbreon
|-damage|p1a: Umbreon|63/100
|
|t:|1760366743
|switch|p2a: Deoxys|Deoxys-Speed|100/100|[from] U-turn
|-ability|p2a: Deoxys|Pressure
|move|p1a: Umbreon|Toxic|p2a: Deoxys
|-status|p2a: Deoxys|tox
|
|-heal|p1a: Umbreon|70/100|[from] item: Leftovers
|-damage|p2a: Deoxys|94/100 tox|[from] psn
|upkeep
|turn|3
|
|t:|1760366746
|move|p2a: Deoxys|Taunt|p1a: Umbreon
|-start|p1a: Umbreon|move: Taunt
|move|p1a: Umbreon|Foul Play|p2a: Deoxys
|-supereffective|p2a: Deoxys
|-damage|p2a: Deoxys|5/100 tox
|
|-heal|p1a: Umbreon|76/100|[from] item: Leftovers
|-damage|p2a: Deoxys|0 fnt|[from] psn
|faint|p2a: Deoxys
|upkeep
|
|t:|1760366753
|switch|p2a: Enamorus|Enamorus, F|100/100
|turn|4
|
|t:|1760366755
|switch|p1a: Sylveon|Sylveon, F|100/100
|move|p2a: Enamorus|Moonblast|p1a: Sylveon
|-damage|p1a: Sylveon|77/100
|
|upkeep
|turn|5
|
|t:|1760366759
|switch|p2a: Cinderace|Cinderace, M|24/100
|move|p1a: Sylveon|Hyper Voice|p2a: Cinderace
|-resisted|p2a: Cinderace
|-damage|p2a: Cinderace|0 fnt
|faint|p2a: Cinderace
|
|upkeep
|
|t:|1760366761
|switch|p2a: Darkrai|Darkrai|100/100
|turn|6
|
|t:|1760366764
|-terastallize|p2a: Darkrai|Poison
|move|p2a: Darkrai|Nasty Plot|p2a: Darkrai
|-boost|p2a: Darkrai|spa|2
|move|p1a: Sylveon|Hyper Voice|p2a: Darkrai
|-resisted|p2a: Darkrai
|-damage|p2a: Darkrai|63/100
|
|upkeep
|turn|7
|
|t:|1760366770
|-terastallize|p1a: Sylveon|Steel
|move|p2a: Darkrai|Sludge Bomb|p1a: Sylveon
|-immune|p1a: Sylveon
|move|p1a: Sylveon|Psyshock|p2a: Darkrai
|-supereffective|p2a: Darkrai
|-damage|p2a: Darkrai|0 fnt
|faint|p2a: Darkrai
|
|upkeep
|
|t:|1760366780
|switch|p2a: Dragapult|Dragapult, F|100/100
|turn|8
|
|t:|1760366782
|move|p2a: Dragapult|Flamethrower|p1a: Sylveon
|-supereffective|p1a: Sylveon
|-damage|p1a: Sylveon|42/100
|move|p1a: Sylveon|Hyper Voice|p2a: Dragapult
|-supereffective|p2a: Dragapult
|-damage|p2a: Dragapult|0 fnt
|faint|p2a: Dragapult
|
|upkeep
|
|t:|1760366787
|switch|p2a: Enamorus|Enamorus, F|100/100
|turn|9
|
|t:|1760366789
|move|p2a: Enamorus|Earth Power|p1a: Sylveon
|-supereffective|p1a: Sylveon
|-damage|p1a: Sylveon|11/100
|move|p1a: Sylveon|Hyper Voice|p2a: Enamorus
|-damage|p2a: Enamorus|23/100
|
|upkeep
|turn|10
|
|t:|1760366793
|move|p1a: Sylveon|Quick Attack|p2a: Enamorus
|-damage|p2a: Enamorus|7/100
|move|p2a: Enamorus|Earth Power|p1a: Sylveon
|-supereffective|p1a: Sylveon
|-damage|p1a: Sylveon|0 fnt
|faint|p1a: Sylveon
|
|upkeep
|
|t:|1760366795
|switch|p1a: Glaceon|Glaceon, M|100/100
|turn|11
|
|t:|1760366797
|move|p1a: Glaceon|Ice Shard|p2a: Enamorus
|-supereffective|p2a: Enamorus
|-damage|p2a: Enamorus|0 fnt
|faint|p2a: Enamorus
|
|upkeep
|
|t:|1760366799
|switch|p2a: Dragonite|Dragonite, M|100/100
|turn|12
|-message|WarioNear forfeited.
|
|win|one_angry_jew
|raw|one_angry_jew's rating: 1439 &rarr; <strong>1461</strong><br />(+22 for winning)
|raw|WarioNear's rating: 1468 &rarr; <strong>1446</strong><br />(-22 for losing)
|l|☆WarioNear
|player|p2|
|l|☆one_angry_jew
|player|p1|
