|j|☆AverageJo72
|j|☆Nichbo
|t:|1760328340
|gametype|singles
|player|p1|AverageJo72|lance|1397
|player|p2|Nichbo|crasherwake|1380
|gen|9
|tier|[Gen 9] OU
|rated|
|rule|HP Percentage Mod: HP is shown in percentages
|rule|Endless Battle Clause: Forcing endless battles is banned
|rule|Species Clause: Limit one of each Pokémon
|rule|OHKO Clause: OHKO moves are banned
|rule|Evasion Items Clause: Evasion items are banned
|rule|Evasion Moves Clause: Evasion moves are banned
|rule|Evasion Abilities Clause: Evasion abilities are banned
|rule|Sleep Moves Clause: Sleep-inducing moves are banned
|clearpoke
|poke|p1|Arcanine-Hisui, F|
|poke|p1|Tyranitar, F|
|poke|p1|Excadrill, F|
|poke|p1|Dragapult, M|
|poke|p1|Skarmory, F|
|poke|p1|Alomomola, M|
|poke|p2|Meowscarada, F|
|poke|p2|Clefable, M|
|poke|p2|Iron Treads|
|poke|p2|Moltres|
|poke|p2|Ogerpon-Wellspring, F|
|poke|p2|Garganacl, F|
|teampreview
|
|t:|1760328349
|teamsize|p1|6
|teamsize|p2|6
|start
|switch|p1a: Pharaoh's Curse|Tyranitar, F, shiny|100/100
|switch|p2a: Meowscarada|Meowscarada, F|100/100
|-weather|Sandstorm|[from] ability: Sand Stream|[of] p1a: Pharaoh's Curse
|turn|1
|
|t:|1760328356
|switch|p1a: AC-130|Skarmory, F|100/100
|move|p2a: Meowscarada|Spikes|p1a: AC-130
|-sidestart|p1: AverageJo72|Spikes
|
|-weather|Sandstorm|[upkeep]
|-damage|p2a: Meowscarada|94/100|[from] Sandstorm
|upkeep
|turn|2
|
|t:|1760328374
|move|p2a: Meowscarada|Knock Off|p1a: AC-130
|-damage|p1a: AC-130|73/100
|-damage|p2a: Meowscarada|78/100|[from] item: Rocky Helmet|[of] p1a: AC-130
|-enditem|p1a: AC-130|Rocky Helmet|[from] move: Knock Off|[of] p2a: Meowscarada
|move|p1a: AC-130|Spikes|p2a: Meowscarada
|-sidestart|p2: Nichbo|Spikes
|
|-weather|Sandstorm|[upkeep]
|-damage|p2a: Meowscarada|72/100|[from] Sandstorm
|upkeep
|turn|3
|
|t:|1760328381
|move|p2a: Meowscarada|Spikes|p1a: AC-130
|-sidestart|p1: AverageJo72|Spikes
|move|p1a: AC-130|Body Press|p2a: Meowscarada
|-supereffective|p2a: Meowscarada
|-damage|p2a: Meowscarada|0 fnt
|faint|p2a: Meowscarada
|
|-weather|Sandstorm|[upkeep]
|upkeep
|
|t:|1760328385
|switch|p2a: Iron Treads|Iron Treads|100/100
|turn|4
|
|t:|1760328392
|move|p2a: Iron Treads|Volt Switch|p1a: AC-130
|-supereffective|p1a: AC-130
|-damage|p1a: AC-130|43/100
|
|t:|1760328395
|-end|p2a: Iron Treads|Quark Drive|[silent]
|switch|p2a: Clefable|Clefable, M|100/100|[from] Volt Switch
|move|p1a: AC-130|Iron Defense|p1a: AC-130
|-boost|p1a: AC-130|def|2
|
|-weather|Sandstorm|[upkeep]
|upkeep
|turn|5
|
|t:|1760328399
|move|p1a: AC-130|Roost|p1a: AC-130
|-heal|p1a: AC-130|93/100
|-singleturn|p1a: AC-130|move: Roost
|move|p2a: Clefable|Flamethrower|p1a: AC-130
|-supereffective|p1a: AC-130
|-damage|p1a: AC-130|0 fnt
|faint|p1a: AC-130
|
|-weather|none
|upkeep
|
|t:|1760328405
|switch|p1a: Mole Lester|Excadrill, F|100/100
|-item|p1a: Mole Lester|Air Balloon
|turn|6
|
|t:|1760328414
|switch|p1a: FISH|Alomomola, M|100/100
|switch|p2a: Iron Treads|Iron Treads|100/100
|
|upkeep
|turn|7
|
|t:|1760328422
|switch|p1a: Mole Lester|Excadrill, F|100/100
|-item|p1a: Mole Lester|Air Balloon
|move|p2a: Iron Treads|Knock Off|p1a: Mole Lester
|-damage|p1a: Mole Lester|59/100
|-enditem|p1a: Mole Lester|Air Balloon
|
|upkeep
|turn|8
|
|t:|1760328442
|switch|p1a: FISH|Alomomola, M|100/100
|move|p2a: Iron Treads|Rapid Spin|p1a: FISH
|-damage|p1a: FISH|92/100
|-boost|p2a: Iron Treads|spe|1
|-sideend|p2: Nichbo|Spikes|[from] move: Rapid Spin|[of] p2a: Iron Treads
|
|upkeep
|turn|9
|
|t:|1760328460
|move|p2a: Iron Treads|Knock Off|p1a: FISH
|-damage|p1a: FISH|75/100
|-enditem|p1a: FISH|Heavy-Duty Boots|[from] move: Knock Off|[of] p2a: Iron Treads
|move|p1a: FISH|Wish|p1a: FISH
|
|upkeep
|turn|10
|
|t:|1760328470
|move|p2a: Iron Treads|Volt Switch|p1a: FISH
|-supereffective|p1a: FISH
|-damage|p1a: FISH|57/100
|
|t:|1760328473
|-end|p2a: Iron Treads|Quark Drive|[silent]
|switch|p2a: Clefable|Clefable, M|100/100|[from] Volt Switch
|move|p1a: FISH|Flip Turn|p2a: Clefable
|-damage|p2a: Clefable|82/100
|
|t:|1760328477
|switch|p1a: Mole Lester|Excadrill, F|59/100|[from] Flip Turn
|-damage|p1a: Mole Lester|42/100|[from] Spikes
|
|-heal|p1a: Mole Lester|100/100|[from] move: Wish|[wisher] FISH
|upkeep
|turn|11
|
|t:|1760328484
|switch|p2a: Moltres|Moltres|100/100
|move|p1a: Mole Lester|Rapid Spin|p2a: Moltres
|-damage|p2a: Moltres|87/100
|-boost|p1a: Mole Lester|spe|1
|-damage|p1a: Mole Lester|84/100|[from] item: Rocky Helmet|[of] p2a: Moltres
|-sideend|p1: AverageJo72|Spikes|[from] move: Rapid Spin|[of] p1a: Mole Lester
|
|upkeep
|turn|12
|
|t:|1760328494
|switch|p1a: Pharaoh's Curse|Tyranitar, F, shiny|100/100
|-weather|Sandstorm|[from] ability: Sand Stream|[of] p1a: Pharaoh's Curse
|move|p2a: Moltres|Flamethrower|p1a: Pharaoh's Curse
|-resisted|p1a: Pharaoh's Curse
|-crit|p1a: Pharaoh's Curse
|-damage|p1a: Pharaoh's Curse|89/100
|-status|p1a: Pharaoh's Curse|brn
|
|-weather|Sandstorm|[upkeep]
|-damage|p2a: Moltres|81/100|[from] Sandstorm
|-damage|p1a: Pharaoh's Curse|83/100 brn|[from] brn
|upkeep
|turn|13
|
|t:|1760328497
|move|p2a: Moltres|U-turn|p1a: Pharaoh's Curse
|-supereffective|p1a: Pharaoh's Curse
|-damage|p1a: Pharaoh's Curse|61/100 brn
|
|t:|1760328502
|switch|p2a: Iron Treads|Iron Treads|100/100|[from] U-turn
|move|p1a: Pharaoh's Curse|Stone Edge|p2a: Iron Treads
|-resisted|p2a: Iron Treads
|-damage|p2a: Iron Treads|96/100
|
|-weather|Sandstorm|[upkeep]
|-damage|p1a: Pharaoh's Curse|55/100 brn|[from] brn
|upkeep
|turn|14
|
|t:|1760328506
|move|p2a: Iron Treads|Knock Off|p1a: Pharaoh's Curse
|-resisted|p1a: Pharaoh's Curse
|-damage|p1a: Pharaoh's Curse|45/100 brn
|-enditem|p1a: Pharaoh's Curse|Heavy-Duty Boots|[from] move: Knock Off|[of] p2a: Iron Treads
|move|p1a: Pharaoh's Curse|Knock Off|p2a: Iron Treads
|-damage|p2a: Iron Treads|79/100
|-enditem|p2a: Iron Treads|Heavy-Duty Boots|[from] move: Knock Off|[of] p1a: Pharaoh's Curse
|
|-weather|Sandstorm|[upkeep]
|-damage|p1a: Pharaoh's Curse|39/100 brn|[from] brn
|upkeep
|turn|15
|
|t:|1760328523
|move|p2a: Iron Treads|Iron Head|p1a: Pharaoh's Curse
|-supereffective|p1a: Pharaoh's Curse
|-damage|p1a: Pharaoh's Curse|0 fnt
|faint|p1a: Pharaoh's Curse
|
|-weather|Sandstorm|[upkeep]
|upkeep
|
|t:|1760328530
|switch|p1a: Phantom Menace|Dragapult, M|100/100
|turn|16
|
|t:|1760328534
|move|p1a: Phantom Menace|Will-O-Wisp|p2a: Iron Treads
|-status|p2a: Iron Treads|brn
|move|p2a: Iron Treads|Knock Off|p1a: Phantom Menace
|-supereffective|p1a: Phantom Menace
|-damage|p1a: Phantom Menace|66/100
|-enditem|p1a: Phantom Menace|Heavy-Duty Boots|[from] move: Knock Off|[of] p2a: Iron Treads
|
|-weather|none
|-damage|p2a: Iron Treads|73/100 brn|[from] brn
|upkeep
|turn|17
|
|t:|1760328540
|move|p1a: Phantom Menace|Hex|p2a: Iron Treads
|-damage|p2a: Iron Treads|0 fnt
|faint|p2a: Iron Treads
|-end|p2a: Iron Treads|Quark Drive|[silent]
|
|upkeep
|
|t:|1760328543
|switch|p2a: Clefable|Clefable, M|82/100
|turn|18
|
|t:|1760328548
|move|p1a: Phantom Menace|Will-O-Wisp|p2a: Clefable
|-status|p2a: Clefable|brn
|move|p2a: Clefable|Draining Kiss|p1a: Phantom Menace
|-supereffective|p1a: Phantom Menace
|-damage|p1a: Phantom Menace|0 fnt
|-heal|p2a: Clefable|100/100 brn|[from] drain|[of] p1a: Phantom Menace
|faint|p1a: Phantom Menace
|
|upkeep
|
|t:|1760328564
|switch|p1a: Bonk!|Arcanine-Hisui, F|100/100
|turn|19
|
|t:|1760328573
|move|p1a: Bonk!|Flare Blitz|p2a: Clefable
|-damage|p2a: Clefable|0 fnt
|faint|p2a: Clefable
|
|upkeep
|
|t:|1760328578
|switch|p2a: Ogerpon|Ogerpon-Wellspring, F|100/100
|turn|20
|
|t:|1760328589
|-terastallize|p1a: Bonk!|Normal
|move|p2a: Ogerpon|Ivy Cudgel|p1a: Bonk!|[anim] Ivy Cudgel Water
|-damage|p1a: Bonk!|17/100
|move|p1a: Bonk!|Flare Blitz|p2a: Ogerpon
|-damage|p2a: Ogerpon|0 fnt
|faint|p2a: Ogerpon
|
|upkeep
|
|t:|1760328598
|switch|p2a: Moltres|Moltres|81/100
|turn|21
|
|t:|1760328601
|switch|p1a: FISH|Alomomola, M|90/100
|move|p2a: Moltres|Flamethrower|p1a: FISH
|-resisted|p1a: FISH
|-damage|p1a: FISH|73/100
|
|upkeep
|turn|22
|
|t:|1760328603
|move|p2a: Moltres|Air Slash|p1a: FISH
|-damage|p1a: FISH|45/100
|move|p1a: FISH|Wish|p1a: FISH
|
|upkeep
|turn|23
|
|t:|1760328611
|move|p2a: Moltres|Air Slash|p1a: FISH
|-damage|p1a: FISH|16/100
|move|p1a: FISH|Flip Turn|p2a: Moltres
|-supereffective|p2a: Moltres
|-damage|p2a: Moltres|58/100
|-damage|p1a: FISH|0 fnt|[from] item: Rocky Helmet|[of] p2a: Moltres
|faint|p1a: FISH
|
|upkeep
|
|t:|1760328618
|switch|p1a: Bonk!|Arcanine-Hisui, F, tera:Normal|17/100
|turn|24
|
|t:|1760328627
|move|p1a: Bonk!|Head Smash|p2a: Moltres|[miss]
|-miss|p1a: Bonk!|p2a: Moltres
|move|p2a: Moltres|Roost|p2a: Moltres
|-heal|p2a: Moltres|100/100
|-singleturn|p2a: Moltres|move: Roost
|
|upkeep
|turn|25
|
|t:|1760328637
|-terastallize|p2a: Moltres|Dragon
|move|p1a: Bonk!|Head Smash|p2a: Moltres
|-damage|p2a: Moltres|23/100
|-damage|p1a: Bonk!|0 fnt|[from] item: Rocky Helmet|[of] p2a: Moltres
|faint|p1a: Bonk!
|move|p2a: Moltres|Roost|p2a: Moltres
|-heal|p2a: Moltres|74/100
|
|upkeep
|
|t:|1760328643
|switch|p1a: Mole Lester|Excadrill, F|84/100
|turn|26
|c|☆Nichbo|gg
|c|☆AverageJo72|gg
|
|t:|1760328653
|move|p1a: Mole Lester|Swords Dance|p1a: Mole Lester
|-boost|p1a: Mole Lester|atk|2
|move|p2a: Moltres|Flamethrower|p1a: Mole Lester
|-supereffective|p1a: Mole Lester
|-damage|p1a: Mole Lester|0 fnt
|faint|p1a: Mole Lester
|
|win|Nichbo
|raw|AverageJo72's rating: 1397 &rarr; <strong>1376</strong><br />(-21 for losing)
|raw|Nichbo's rating: 1380 &rarr; <strong>1401</strong><br />(+21 for winning)
|l|☆AverageJo72
|player|p1|
|l|☆Nichbo
|player|p2|
