|j|☆Amol Ketchum
|j|☆YJIOG
|t:|1760334835
|gametype|singles
|player|p1|Amol Ketchum|lucas|1000
|player|p2|YJIOG|scientist-gen4dp|1000
|gen|9
|tier|[Gen 9] OU
|rated|
|rule|HP Percentage Mod: HP is shown in percentages
|rule|Endless Battle Clause: Forcing endless battles is banned
|rule|Species Clause: Limit one of each Pokémon
|rule|OHKO Clause: OHKO moves are banned
|rule|Evasion Items Clause: Evasion items are banned
|rule|Evasion Moves Clause: Evasion moves are banned
|rule|Evasion Abilities Clause: Evasion abilities are banned
|rule|Sleep Moves Clause: Sleep-inducing moves are banned
|clearpoke
|poke|p1|Pikachu-Kalos, M|
|poke|p1|Greninja-*, M|
|poke|p1|Talonflame, M|
|poke|p1|Hawlucha, M|
|poke|p1|Noivern, M|
|poke|p1|Goodra, M|
|poke|p2|Torkoal, F|
|poke|p2|Goodra-Hisui, M|
|poke|p2|Great Tusk|
|poke|p2|Scovillain, F|
|poke|p2|Ninetales, M|
|poke|p2|Walking Wake|
|teampreview
|
|t:|1760334871
|teamsize|p1|6
|teamsize|p2|6
|start
|switch|p1a: Noivern|Noivern, M|100/100
|switch|p2a: Ninetales|Ninetales, M|100/100
|-weather|SunnyDay|[from] ability: Drought|[of] p2a: Ninetales
|turn|1
|
|t:|1760334888
|switch|p2a: Goodra|Goodra-Hisui, M|100/100
|move|p1a: Noivern|Dragon Pulse|p2a: Goodra
|-damage|p2a: Goodra|90/100
|
|-weather|SunnyDay|[upkeep]
|upkeep
|turn|2
|inactive|Battle timer is ON: inactive players will automatically lose when time's up. (requested by YJIOG)
|
|t:|1760334901
|switch|p1a: Talonflame|Talonflame, M|100/100
|move|p2a: Goodra|Draco Meteor|p1a: Talonflame|[miss]
|-miss|p2a: Goodra|p1a: Talonflame
|
|-weather|SunnyDay|[upkeep]
|upkeep
|turn|3
|
|t:|1760334909
|move|p1a: Talonflame|Fire Blast|p2a: Goodra
|-damage|p2a: Goodra|71/100
|move|p2a: Goodra|Draco Meteor|p1a: Talonflame|[miss]
|-miss|p2a: Goodra|p1a: Talonflame
|
|-weather|SunnyDay|[upkeep]
|upkeep
|turn|4
|
|t:|1760334918
|move|p1a: Talonflame|Brave Bird|p2a: Goodra
|-resisted|p2a: Goodra
|-damage|p2a: Goodra|52/100
|-damage|p1a: Talonflame|94/100|[from] Recoil
|move|p2a: Goodra|Draco Meteor|p1a: Talonflame
|-damage|p1a: Talonflame|37/100
|-unboost|p2a: Goodra|spa|2
|
|-weather|SunnyDay|[upkeep]
|upkeep
|turn|5
|
|t:|1760334929
|move|p1a: Talonflame|Roost|p1a: Talonflame
|-heal|p1a: Talonflame|87/100
|-singleturn|p1a: Talonflame|move: Roost
|move|p2a: Goodra|Earthquake|p1a: Talonflame
|-supereffective|p1a: Talonflame
|-damage|p1a: Talonflame|30/100
|
|-weather|none
|upkeep
|turn|6
|
|t:|1760334942
|move|p1a: Talonflame|Brave Bird|p2a: Goodra
|-resisted|p2a: Goodra
|-damage|p2a: Goodra|35/100
|-damage|p1a: Talonflame|24/100|[from] Recoil
|move|p2a: Goodra|Knock Off|p1a: Talonflame
|-damage|p1a: Talonflame|0 fnt
|-enditem|p1a: Talonflame|Heavy-Duty Boots|[from] move: Knock Off|[of] p2a: Goodra
|faint|p1a: Talonflame
|
|upkeep
|
|t:|1760334952
|switch|p1a: Greninja|Greninja, M|100/100
|turn|7
|
|t:|1760334961
|switch|p2a: Ninetales|Ninetales, M|100/100
|-weather|SunnyDay|[from] ability: Drought|[of] p2a: Ninetales
|move|p1a: Greninja|Ice Beam|p2a: Ninetales
|-resisted|p2a: Ninetales
|-damage|p2a: Ninetales|86/100
|
|-weather|SunnyDay|[upkeep]
|upkeep
|turn|8
|
|t:|1760334975
|move|p2a: Ninetales|Healing Wish|p2a: Ninetales
|faint|p2a: Ninetales
|move|p1a: Greninja|Surf|p2: Ninetales|[notarget]
|-fail|p1a: Greninja
|
|-weather|SunnyDay|[upkeep]
|upkeep
|
|t:|1760334982
|switch|p2a: Goodra|Goodra-Hisui, M|35/100
|-heal|p2a: Goodra|100/100|[from] move: Healing Wish
|turn|9
|
|t:|1760334992
|move|p1a: Greninja|Ice Beam|p2a: Goodra
|-damage|p2a: Goodra|92/100
|move|p2a: Goodra|Knock Off|p1a: Greninja
|-resisted|p1a: Greninja
|-damage|p1a: Greninja|85/100
|-enditem|p1a: Greninja|Heavy-Duty Boots|[from] move: Knock Off|[of] p2a: Goodra
|
|-weather|SunnyDay|[upkeep]
|upkeep
|turn|10
|
|t:|1760335011
|move|p1a: Greninja|Gunk Shot|p2a: Goodra
|-immune|p2a: Goodra
|move|p2a: Goodra|Draco Meteor|p1a: Greninja
|-damage|p1a: Greninja|28/100
|-unboost|p2a: Goodra|spa|2
|
|-weather|SunnyDay|[upkeep]
|upkeep
|turn|11
|
|t:|1760335021
|switch|p1a: Goodra|Goodra, M|100/100
|move|p2a: Goodra|Earthquake|p1a: Goodra
|-damage|p1a: Goodra|68/100
|
|-weather|none
|upkeep
|turn|12
|
|t:|1760335039
|switch|p2a: Torkoal|Torkoal, F|100/100
|-weather|SunnyDay|[from] ability: Drought|[of] p2a: Torkoal
|move|p1a: Goodra|Dragon Pulse|p2a: Torkoal
|-damage|p2a: Torkoal|53/100
|
|-weather|SunnyDay|[upkeep]
|upkeep
|turn|13
|
|t:|1760335051
|switch|p2a: Great Tusk|Great Tusk|100/100
|-activate|p2a: Great Tusk|ability: Protosynthesis
|-start|p2a: Great Tusk|protosynthesisatk
|move|p1a: Goodra|Dragon Pulse|p2a: Great Tusk
|-damage|p2a: Great Tusk|47/100
|
|-weather|SunnyDay|[upkeep]
|upkeep
|turn|14
|
|t:|1760335068
|move|p2a: Great Tusk|Ice Spinner|p1a: Goodra
|-supereffective|p1a: Goodra
|-damage|p1a: Goodra|0 fnt
|-ability|p1a: Goodra|Gooey
|-unboost|p2a: Great Tusk|spe|1
|faint|p1a: Goodra
|
|-weather|SunnyDay|[upkeep]
|upkeep
|
|t:|1760335078
|switch|p1a: Greninja|Greninja, M|28/100
|turn|15
|
|t:|1760335084
|-end|p2a: Great Tusk|Protosynthesis|[silent]
|switch|p2a: Goodra|Goodra-Hisui, M|92/100
|move|p1a: Greninja|Ice Beam|p2a: Goodra
|-damage|p2a: Goodra|83/100
|
|-weather|SunnyDay|[upkeep]
|upkeep
|turn|16
|
|t:|1760335098
|move|p1a: Greninja|Dark Pulse|p2a: Goodra
|-damage|p2a: Goodra|71/100
|move|p2a: Goodra|Draco Meteor|p1a: Greninja
|-damage|p1a: Greninja|0 fnt
|-unboost|p2a: Goodra|spa|2
|faint|p1a: Greninja
|
|-weather|SunnyDay|[upkeep]
|upkeep
|
|t:|1760335109
|switch|p1a: Noivern|Noivern, M|100/100
|turn|17
|
|t:|1760335114
|move|p1a: Noivern|Dragon Pulse|p2a: Goodra
|-damage|p2a: Goodra|59/100
|move|p2a: Goodra|Draco Meteor|p1a: Noivern|[miss]
|-miss|p2a: Goodra|p1a: Noivern
|
|-weather|SunnyDay|[upkeep]
|upkeep
|turn|18
|
|t:|1760335126
|move|p1a: Noivern|Dragon Pulse|p2a: Goodra
|-damage|p2a: Goodra|48/100
|move|p2a: Goodra|Draco Meteor|p1a: Noivern
|-supereffective|p1a: Noivern
|-damage|p1a: Noivern|44/100
|-unboost|p2a: Goodra|spa|2
|
|-weather|SunnyDay|[upkeep]
|upkeep
|turn|19
|inactive|Amol Ketchum has 120 seconds left.
|
|t:|1760335177
|move|p1a: Noivern|Roost|p1a: Noivern
|-heal|p1a: Noivern|94/100
|-singleturn|p1a: Noivern|move: Roost
|move|p2a: Goodra|Draco Meteor|p1a: Noivern
|-supereffective|p1a: Noivern
|-damage|p1a: Noivern|56/100
|-unboost|p2a: Goodra|spa|2
|
|-weather|none
|upkeep
|turn|20
|inactive|YJIOG has 120 seconds left.
|
|t:|1760335214
|switch|p2a: Torkoal|Torkoal, F|53/100
|-weather|SunnyDay|[from] ability: Drought|[of] p2a: Torkoal
|move|p1a: Noivern|Dragon Pulse|p2a: Torkoal
|-damage|p2a: Torkoal|10/100
|
|-weather|SunnyDay|[upkeep]
|upkeep
|turn|21
|
|t:|1760335230
|switch|p2a: Scovillain|Scovillain, F|100/100
|move|p1a: Noivern|Dragon Tail|p2a: Scovillain
|-damage|p2a: Scovillain|74/100
|drag|p2a: Walking Wake|Walking Wake|100/100
|-activate|p2a: Walking Wake|ability: Protosynthesis
|-start|p2a: Walking Wake|protosynthesisspe
|
|-weather|SunnyDay|[upkeep]
|upkeep
|turn|22
|inactive|Amol Ketchum has 90 seconds left.
|
|t:|1760335247
|move|p2a: Walking Wake|Dragon Pulse|p1a: Noivern
|-supereffective|p1a: Noivern
|-damage|p1a: Noivern|0 fnt
|faint|p1a: Noivern
|
|-weather|SunnyDay|[upkeep]
|upkeep
|inactive|Amol Ketchum has 90 seconds left.
|
|t:|1760335254
|switch|p1a: Pikachu|Pikachu-Kalos, M|100/100
|turn|23
|
|t:|1760335264
|-terastallize|p1a: Pikachu|Electric
|move|p2a: Walking Wake|Dragon Pulse|p1a: Pikachu
|-damage|p1a: Pikachu|0 fnt
|faint|p1a: Pikachu
|
|-weather|SunnyDay|[upkeep]
|upkeep
|
|t:|1760335272
|switch|p1a: Hawlucha|Hawlucha, M|100/100
|-ability|p1a: Hawlucha|Mold Breaker
|turn|24
|
|t:|1760335281
|move|p2a: Walking Wake|Dragon Pulse|p1a: Hawlucha
|-crit|p1a: Hawlucha
|-damage|p1a: Hawlucha|0 fnt
|faint|p1a: Hawlucha
|
|win|YJIOG
|raw|Amol Ketchum's rating: 1000 &rarr; <strong>1000</strong><br />(+0 for losing)
|raw|YJIOG's rating: 1000 &rarr; <strong>1040</strong><br />(+40 for winning)
|l|☆Amol Ketchum
|player|p1|
