|j|☆daswampp
|j|☆StellarSW
|t:|1760366411
|gametype|singles
|player|p1|daswampp|alder|1346
|player|p2|StellarSW|wattson|1384
|gen|9
|tier|[Gen 9] OU
|rated|
|rule|HP Percentage Mod: HP is shown in percentages
|rule|Endless Battle Clause: Forcing endless battles is banned
|rule|Species Clause: Limit one of each Pokémon
|rule|OHKO Clause: OHKO moves are banned
|rule|Evasion Items Clause: Evasion items are banned
|rule|Evasion Moves Clause: Evasion moves are banned
|rule|Evasion Abilities Clause: Evasion abilities are banned
|rule|Sleep Moves Clause: Sleep-inducing moves are banned
|clearpoke
|poke|p1|Excadrill, F|
|poke|p1|Conkeldurr, M|
|poke|p1|Kyurem|
|poke|p1|Regidrago|
|poke|p1|Tornadus-Therian, M|
|poke|p1|Serperior, M|
|poke|p2|Raging Bolt|
|poke|p2|Ogerpon-Wellspring, F|
|poke|p2|Landorus-Therian, M|
|poke|p2|Slowking-Galar, F|
|poke|p2|Clefable, M|
|poke|p2|Scizor, F|
|teampreview
|inactive|Battle timer is ON: inactive players will automatically lose when time's up. (requested by daswampp)
|
|t:|1760366422
|teamsize|p1|6
|teamsize|p2|6
|start
|switch|p1a: Excadrill|Excadrill, F|100/100
|switch|p2a: Landorus|Landorus-Therian, M|100/100
|-ability|p2a: Landorus|Intimidate|boost
|-unboost|p1a: Excadrill|atk|1
|-ability|p1a: Excadrill|Mold Breaker
|turn|1
|
|t:|1760366429
|move|p2a: Landorus|U-turn|p1a: Excadrill
|-resisted|p1a: Excadrill
|-damage|p1a: Excadrill|81/100
|
|t:|1760366433
|switch|p2a: Scizor|Scizor, F|100/100|[from] U-turn
|move|p1a: Excadrill|Rapid Spin|p2a: Scizor
|-resisted|p2a: Scizor
|-damage|p2a: Scizor|93/100
|-boost|p1a: Excadrill|spe|1
|-damage|p1a: Excadrill|71/100|[from] item: Life Orb
|
|upkeep
|turn|2
|
|t:|1760366438
|move|p1a: Excadrill|Stealth Rock|p2a: Scizor
|-sidestart|p2: StellarSW|move: Stealth Rock
|move|p2a: Scizor|Knock Off|p1a: Excadrill
|-damage|p1a: Excadrill|18/100
|-enditem|p1a: Excadrill|Life Orb|[from] move: Knock Off|[of] p2a: Scizor
|
|upkeep
|turn|3
|
|t:|1760366445
|move|p2a: Scizor|Bullet Punch|p1a: Excadrill
|-resisted|p1a: Excadrill
|-damage|p1a: Excadrill|0 fnt
|faint|p1a: Excadrill
|
|upkeep
|
|t:|1760366451
|switch|p1a: Conkeldurr|Conkeldurr, M|100/100
|turn|4
|
|t:|1760366454
|move|p2a: Scizor|U-turn|p1a: Conkeldurr
|-resisted|p1a: Conkeldurr
|-damage|p1a: Conkeldurr|85/100
|
|t:|1760366456
|switch|p2a: Clefable|Clefable, M|100/100|[from] U-turn
|-damage|p2a: Clefable|88/100|[from] Stealth Rock
|move|p1a: Conkeldurr|Ice Punch|p2a: Clefable
|-damage|p2a: Clefable|50/100
|-damage|p1a: Conkeldurr|75/100|[from] item: Life Orb
|
|-heal|p2a: Clefable|56/100|[from] item: Leftovers
|upkeep
|turn|5
|
|t:|1760366464
|switch|p1a: Serperior|Serperior, M|100/100
|move|p2a: Clefable|Moonblast|p1a: Serperior
|-damage|p1a: Serperior|75/100
|
|-heal|p2a: Clefable|62/100|[from] item: Leftovers
|upkeep
|turn|6
|
|t:|1760366467
|move|p1a: Serperior|Leaf Storm|p2a: Clefable
|-damage|p2a: Clefable|21/100
|-boost|p1a: Serperior|spa|2
|move|p2a: Clefable|Wish|p2a: Clefable
|
|-heal|p2a: Clefable|27/100|[from] item: Leftovers
|upkeep
|turn|7
|
|t:|1760366473
|switch|p2a: Scizor|Scizor, F|93/100
|-damage|p2a: Scizor|81/100|[from] Stealth Rock
|move|p1a: Serperior|Leaf Storm|p2a: Scizor
|-resisted|p2a: Scizor
|-damage|p2a: Scizor|55/100
|-boost|p1a: Serperior|spa|2
|
|-heal|p2a: Scizor|100/100|[from] move: Wish|[wisher] Clefable
|upkeep
|turn|8
|
|t:|1760366482
|-terastallize|p1a: Serperior|Rock
|move|p1a: Serperior|Tera Blast|p2a: Scizor|[anim] Tera Blast Rock
|-damage|p2a: Scizor|8/100
|-enditem|p2a: Scizor|Sitrus Berry|[eat]
|-heal|p2a: Scizor|33/100|[from] item: Sitrus Berry
|move|p2a: Scizor|Defog|p1a: Serperior
|-boost|p1a: Serperior|evasion|1
|-sideend|p2: StellarSW|Stealth Rock|[from] move: Defog|[of] p2a: Scizor
|
|upkeep
|turn|9
|
|t:|1760366490
|switch|p1a: Conkeldurr|Conkeldurr, M|75/100
|move|p2a: Scizor|Bullet Punch|p1a: Conkeldurr
|-damage|p1a: Conkeldurr|46/100
|
|upkeep
|turn|10
|
|t:|1760366502
|move|p2a: Scizor|U-turn|p1a: Conkeldurr
|-resisted|p1a: Conkeldurr
|-damage|p1a: Conkeldurr|28/100
|
|t:|1760366504
|switch|p2a: Clefable|Clefable, M|27/100|[from] U-turn
|move|p1a: Conkeldurr|Ice Punch|p2a: Clefable
|-damage|p2a: Clefable|0 fnt
|faint|p2a: Clefable
|-damage|p1a: Conkeldurr|18/100|[from] item: Life Orb
|
|upkeep
|
|t:|1760366509
|switch|p2a: Scizor|Scizor, F|33/100
|turn|11
|
|t:|1760366512
|move|p2a: Scizor|Bullet Punch|p1a: Conkeldurr
|-crit|p1a: Conkeldurr
|-damage|p1a: Conkeldurr|0 fnt
|faint|p1a: Conkeldurr
|
|upkeep
|
|t:|1760366520
|switch|p1a: Tornadus|Tornadus-Therian, M|100/100
|turn|12
|
|t:|1760366524
|switch|p2a: Slowking|Slowking-Galar, F|100/100
|move|p1a: Tornadus|Heat Wave|p2a: Slowking
|-damage|p2a: Slowking|88/100
|-status|p2a: Slowking|brn
|
|-damage|p2a: Slowking|82/100 brn|[from] brn
|upkeep
|turn|13
|
|t:|1760366532
|move|p1a: Tornadus|Bleakwind Storm|p2a: Slowking
|-damage|p2a: Slowking|62/100 brn
|move|p2a: Slowking|Sludge Bomb|p1a: Tornadus
|-damage|p1a: Tornadus|65/100
|
|-damage|p2a: Slowking|56/100 brn|[from] brn
|upkeep
|turn|14
|
|t:|1760366546
|move|p1a: Tornadus|Bleakwind Storm|p2a: Slowking
|-damage|p2a: Slowking|34/100 brn
|move|p2a: Slowking|Ice Beam|p1a: Tornadus
|-supereffective|p1a: Tornadus
|-damage|p1a: Tornadus|22/100
|
|-damage|p2a: Slowking|28/100 brn|[from] brn
|upkeep
|turn|15
|
|t:|1760366566
|move|p1a: Tornadus|U-turn|p2a: Slowking
|-damage|p2a: Slowking|13/100 brn
|
|t:|1760366573
|switch|p1a: Kyurem|Kyurem|100/100|[from] U-turn
|-ability|p1a: Kyurem|Pressure
|move|p2a: Slowking|Ice Beam|p1a: Kyurem
|-damage|p1a: Kyurem|70/100
|
|-damage|p2a: Slowking|7/100 brn|[from] brn
|upkeep
|turn|16
|inactive|StellarSW has 120 seconds left.
|
|t:|1760366614
|switch|p2a: Scizor|Scizor, F|33/100
|move|p1a: Kyurem|Dragon Dance|p1a: Kyurem
|-boost|p1a: Kyurem|atk|1
|-boost|p1a: Kyurem|spe|1
|
|upkeep
|turn|17
|
|t:|1760366620
|move|p2a: Scizor|Bullet Punch|p1a: Kyurem
|-supereffective|p1a: Kyurem
|-damage|p1a: Kyurem|2/100
|move|p1a: Kyurem|Icicle Spear|p2a: Scizor
|-resisted|p2a: Scizor
|-damage|p2a: Scizor|22/100
|-resisted|p2a: Scizor
|-damage|p2a: Scizor|11/100
|-resisted|p2a: Scizor
|-damage|p2a: Scizor|0 fnt
|faint|p2a: Scizor
|-hitcount|p2: Scizor|3
|
|upkeep
|
|t:|1760366628
|switch|p2a: Raging Bolt|Raging Bolt|100/100
|-enditem|p2a: Raging Bolt|Booster Energy
|-activate|p2a: Raging Bolt|ability: Protosynthesis|[fromitem]
|-start|p2a: Raging Bolt|protosynthesisspa
|turn|18
|
|t:|1760366633
|move|p2a: Raging Bolt|Thunderclap||[still]
|-fail|p2a: Raging Bolt
|move|p1a: Kyurem|Dragon Dance|p1a: Kyurem
|-boost|p1a: Kyurem|atk|1
|-boost|p1a: Kyurem|spe|1
|
|upkeep
|turn|19
|
|t:|1760366635
|move|p2a: Raging Bolt|Thunderclap||[still]
|-fail|p2a: Raging Bolt
|move|p1a: Kyurem|Dragon Dance|p1a: Kyurem
|-boost|p1a: Kyurem|atk|1
|-boost|p1a: Kyurem|spe|1
|
|upkeep
|turn|20
|
|t:|1760366637
|move|p2a: Raging Bolt|Thunderclap|p1a: Kyurem
|-resisted|p1a: Kyurem
|-damage|p1a: Kyurem|0 fnt
|faint|p1a: Kyurem
|
|upkeep
|
|t:|1760366646
|switch|p1a: Serperior|Serperior, M, tera:Rock|75/100
|turn|21
|
|t:|1760366651
|move|p1a: Serperior|Leaf Storm|p2a: Raging Bolt|[miss]
|-miss|p1a: Serperior|p2a: Raging Bolt
|move|p2a: Raging Bolt|Dragon Pulse|p1a: Serperior
|-damage|p1a: Serperior|27/100
|
|upkeep
|turn|22
|
|t:|1760366656
|move|p1a: Serperior|Dragon Pulse|p2a: Raging Bolt
|-supereffective|p2a: Raging Bolt
|-damage|p2a: Raging Bolt|64/100
|move|p2a: Raging Bolt|Dragon Pulse|p1a: Serperior
|-damage|p1a: Serperior|0 fnt
|faint|p1a: Serperior
|
|upkeep
|
|t:|1760366665
|switch|p1a: Regidrago|Regidrago|100/100
|turn|23
|
|t:|1760366676
|-terastallize|p2a: Raging Bolt|Fairy
|move|p1a: Regidrago|Dragon Energy|p2a: Raging Bolt
|-immune|p2a: Raging Bolt
|move|p2a: Raging Bolt|Dragon Pulse|p1a: Regidrago
|-supereffective|p1a: Regidrago
|-damage|p1a: Regidrago|0 fnt
|faint|p1a: Regidrago
|
|upkeep
|
|t:|1760366679
|switch|p1a: Tornadus|Tornadus-Therian, M|56/100
|turn|24
|
|t:|1760366684
|move|p2a: Raging Bolt|Thunderclap|p1a: Tornadus
|-supereffective|p1a: Tornadus
|-damage|p1a: Tornadus|0 fnt
|faint|p1a: Tornadus
|
|win|StellarSW
|raw|daswampp's rating: 1346 &rarr; <strong>1328</strong><br />(-18 for losing)
|raw|StellarSW's rating: 1384 &rarr; <strong>1402</strong><br />(+18 for winning)
