|j|☆GlormbusTemples
|j|☆aerii718
|t:|1760458943
|gametype|singles
|player|p1|GlormbusTemples|pokekid|1228
|player|p2|aerii718|101|1217
|gen|9
|tier|[Gen 9] OU
|rated|
|rule|HP Percentage Mod: HP is shown in percentages
|rule|Endless Battle Clause: Forcing endless battles is banned
|rule|Species Clause: Limit one of each Pokémon
|rule|OHKO Clause: OHKO moves are banned
|rule|Evasion Items Clause: Evasion items are banned
|rule|Evasion Moves Clause: Evasion moves are banned
|rule|Evasion Abilities Clause: Evasion abilities are banned
|rule|Sleep Moves Clause: Sleep-inducing moves are banned
|clearpoke
|poke|p1|Zapdos|
|poke|p1|Slowking-Galar, F|
|poke|p1|Jirachi|
|poke|p1|Landorus-Therian, M|
|poke|p1|Alomomola, M|
|poke|p1|Kingambit, M|
|poke|p2|Muk, M|
|poke|p2|Gliscor, M|
|poke|p2|Spiritomb, M|
|poke|p2|Forretress, M|
|poke|p2|Haxorus, F|
|poke|p2|Magnezone|
|teampreview
|inactive|Battle timer is ON: inactive players will automatically lose when time's up. (requested by aerii718)
|
|t:|1760458953
|teamsize|p1|6
|teamsize|p2|6
|start
|switch|p1a: Landorus|Landorus-Therian, M|100/100
|switch|p2a: Spiritomb|Spiritomb, M|100/100
|-ability|p1a: Landorus|Intimidate|boost
|-unboost|p2a: Spiritomb|atk|1
|-ability|p2a: Spiritomb|Pressure
|turn|1
|
|t:|1760458964
|move|p1a: Landorus|U-turn|p2a: Spiritomb
|-damage|p2a: Spiritomb|78/100
|
|t:|1760458968
|switch|p1a: Alomomola|Alomomola, M|100/100|[from] U-turn
|move|p2a: Spiritomb|Will-O-Wisp|p1a: Alomomola
|-status|p1a: Alomomola|brn
|
|-heal|p2a: Spiritomb|84/100|[from] item: Leftovers
|-damage|p1a: Alomomola|94/100 brn|[from] brn
|upkeep
|turn|2
|
|t:|1760458977
|move|p1a: Alomomola|Flip Turn|p2a: Spiritomb
|-damage|p2a: Spiritomb|76/100
|
|t:|1760458981
|switch|p1a: Zapdos|Zapdos|100/100|[from] Flip Turn
|move|p2a: Spiritomb|Hex|p1a: Zapdos
|-damage|p1a: Zapdos|80/100
|
|-heal|p2a: Spiritomb|82/100|[from] item: Leftovers
|upkeep
|turn|3
|
|t:|1760458986
|move|p1a: Zapdos|Substitute|p1a: Zapdos
|-start|p1a: Zapdos|Substitute
|-damage|p1a: Zapdos|55/100
|move|p2a: Spiritomb|Toxic||[still]
|-fail|p2a: Spiritomb
|
|-heal|p2a: Spiritomb|88/100|[from] item: Leftovers
|upkeep
|turn|4
|
|t:|1760458995
|switch|p2a: Muk|Muk, M|100/100
|move|p1a: Zapdos|Roost|p1a: Zapdos
|-heal|p1a: Zapdos|100/100
|-singleturn|p1a: Zapdos|move: Roost
|
|upkeep
|turn|5
|
|t:|1760459000
|move|p1a: Zapdos|Discharge|p2a: Muk
|-damage|p2a: Muk|81/100
|-status|p2a: Muk|par
|cant|p2a: Muk|par
|
|-heal|p2a: Muk|87/100 par|[from] item: Black Sludge
|upkeep
|turn|6
|
|t:|1760459005
|move|p1a: Zapdos|Hurricane|p2a: Muk
|-damage|p2a: Muk|59/100 par
|move|p2a: Muk|Toxic Spikes|p1a: Zapdos
|-sidestart|p1: GlormbusTemples|move: Toxic Spikes
|
|-heal|p2a: Muk|65/100 par|[from] item: Black Sludge
|upkeep
|turn|7
|
|t:|1760459020
|move|p1a: Zapdos|Hurricane|p2a: Muk
|-damage|p2a: Muk|36/100 par
|move|p2a: Muk|Toxic Spikes|p1a: Zapdos
|-sidestart|p1: GlormbusTemples|move: Toxic Spikes
|
|-heal|p2a: Muk|42/100 par|[from] item: Black Sludge
|upkeep
|turn|8
|
|t:|1760459027
|switch|p2a: Magnezone|Magnezone|100/100
|move|p1a: Zapdos|Hurricane|p2a: Magnezone
|-resisted|p2a: Magnezone
|-damage|p2a: Magnezone|86/100
|
|upkeep
|turn|9
|
|t:|1760459033
|move|p2a: Magnezone|Thunderbolt|p1a: Zapdos
|-end|p1a: Zapdos|Substitute
|move|p1a: Zapdos|Hurricane|p2a: Magnezone
|-resisted|p2a: Magnezone
|-damage|p2a: Magnezone|72/100
|
|upkeep
|turn|10
|
|t:|1760459039
|switch|p1a: Slowking|Slowking-Galar, F|100/100
|-sideend|p1: GlormbusTemples|move: Toxic Spikes|[of] p1a: Slowking
|move|p2a: Magnezone|Thunderbolt|p1a: Slowking
|-damage|p1a: Slowking|72/100
|
|upkeep
|turn|11
|
|t:|1760459048
|switch|p2a: Forretress|Forretress, M|100/100
|move|p1a: Slowking|Thunder Wave|p2a: Forretress
|-status|p2a: Forretress|par
|
|upkeep
|turn|12
|
|t:|1760459053
|switch|p1a: Zapdos|Zapdos|100/100
|move|p2a: Forretress|Spikes|p1a: Zapdos
|-sidestart|p1: GlormbusTemples|Spikes
|
|upkeep
|turn|13
|
|t:|1760459058
|move|p1a: Zapdos|Substitute|p1a: Zapdos
|-start|p1a: Zapdos|Substitute
|-damage|p1a: Zapdos|76/100
|move|p2a: Forretress|Volt Switch|p1a: Zapdos
|-activate|p1a: Zapdos|move: Substitute|[damage]
|
|t:|1760459067
|switch|p2a: Haxorus|Haxorus, F|100/100|[from] Volt Switch
|-ability|p2a: Haxorus|Mold Breaker
|
|upkeep
|turn|14
|
|t:|1760459073
|move|p2a: Haxorus|Swords Dance|p2a: Haxorus
|-boost|p2a: Haxorus|atk|2
|move|p1a: Zapdos|Discharge|p2a: Haxorus
|-resisted|p2a: Haxorus
|-damage|p2a: Haxorus|74/100
|
|-heal|p2a: Haxorus|80/100|[from] item: Leftovers
|upkeep
|turn|15
|
|t:|1760459077
|move|p2a: Haxorus|Scale Shot|p1a: Zapdos
|-end|p1a: Zapdos|Substitute
|-damage|p1a: Zapdos|54/100
|-hitcount|p1a: Zapdos|2
|-unboost|p2a: Haxorus|def|1
|-boost|p2a: Haxorus|spe|1
|move|p1a: Zapdos|Discharge|p2a: Haxorus
|-resisted|p2a: Haxorus
|-damage|p2a: Haxorus|54/100
|-status|p2a: Haxorus|par
|
|-heal|p2a: Haxorus|60/100 par|[from] item: Leftovers
|upkeep
|turn|16
|-message|aerii718 forfeited.
|
|win|GlormbusTemples
|raw|GlormbusTemples's rating: 1228 &rarr; <strong>1252</strong><br />(+24 for winning)
|raw|aerii718's rating: 1217 &rarr; <strong>1193</strong><br />(-24 for losing)
|l|☆aerii718
|player|p2|
