|j|☆shumnky yeat
|j|☆Megumin's Husband
|t:|1760455987
|gametype|singles
|player|p1|shumnky yeat|preschooler|1549
|player|p2|Megumin's Husband|alder|1631
|gen|9
|tier|[Gen 9] OU
|rated|
|rule|HP Percentage Mod: HP is shown in percentages
|rule|Endless Battle Clause: Forcing endless battles is banned
|rule|Species Clause: Limit one of each Pokémon
|rule|OHKO Clause: OHKO moves are banned
|rule|Evasion Items Clause: Evasion items are banned
|rule|Evasion Moves Clause: Evasion moves are banned
|rule|Evasion Abilities Clause: Evasion abilities are banned
|rule|Sleep Moves Clause: Sleep-inducing moves are banned
|clearpoke
|poke|p1|Dragapult, F|
|poke|p1|Dragonite, F|
|poke|p1|Corviknight, F|
|poke|p1|Cinderace, F|
|poke|p1|Ting-Lu|
|poke|p1|Slowking-Galar, M|
|poke|p2|Pecharunt|
|poke|p2|Primarina, F|
|poke|p2|Heatran, M|
|poke|p2|Great Tusk|
|poke|p2|Weavile, F|
|poke|p2|Ogerpon, F|
|teampreview
|inactive|Battle timer is ON: inactive players will automatically lose when time's up. (requested by shumnky yeat)
|
|t:|1760456017
|teamsize|p1|6
|teamsize|p2|6
|start
|switch|p1a: Dragapult|Dragapult, F|100/100
|switch|p2a: Primarina|Primarina, F|100/100
|turn|1
|
|t:|1760456024
|move|p1a: Dragapult|U-turn|p2a: Primarina
|-resisted|p2a: Primarina
|-damage|p2a: Primarina|90/100
|
|t:|1760456028
|switch|p1a: Slowking|Slowking-Galar, M|100/100|[from] U-turn
|move|p2a: Primarina|Flip Turn|p1a: Slowking
|-damage|p1a: Slowking|86/100
|
|t:|1760456031
|switch|p2a: Chomusuke|Weavile, F|100/100|[from] Flip Turn
|-ability|p2a: Chomusuke|Pressure
|
|upkeep
|turn|2
|
|t:|1760456041
|switch|p1a: Corviknight|Corviknight, F|100/100
|-ability|p1a: Corviknight|Pressure
|move|p2a: Chomusuke|Knock Off|p1a: Corviknight
|-damage|p1a: Corviknight|57/100
|-damage|p2a: Chomusuke|84/100|[from] item: Rocky Helmet|[of] p1a: Corviknight
|-enditem|p1a: Corviknight|Rocky Helmet|[from] move: Knock Off|[of] p2a: Chomusuke
|
|upkeep
|turn|3
|
|t:|1760456045
|switch|p2a: Pecharunt|Pecharunt|100/100
|move|p1a: Corviknight|Roost|p1a: Corviknight
|-heal|p1a: Corviknight|100/100
|-singleturn|p1a: Corviknight|move: Roost
|
|upkeep
|turn|4
|
|t:|1760456051
|move|p2a: Pecharunt|Shadow Ball|p1a: Corviknight
|-damage|p1a: Corviknight|76/100
|move|p1a: Corviknight|U-turn|p2a: Pecharunt
|-resisted|p2a: Pecharunt
|-damage|p2a: Pecharunt|99/100
|-damage|p1a: Corviknight|59/100|[from] item: Rocky Helmet|[of] p2a: Pecharunt
|
|t:|1760456067
|switch|p1a: Dragapult|Dragapult, F|100/100|[from] U-turn
|
|upkeep
|turn|5
|
|t:|1760456072
|move|p1a: Dragapult|U-turn|p2a: Pecharunt
|-resisted|p2a: Pecharunt
|-damage|p2a: Pecharunt|97/100
|-damage|p1a: Dragapult|84/100|[from] item: Rocky Helmet|[of] p2a: Pecharunt
|
|t:|1760456074
|switch|p1a: Corviknight|Corviknight, F|59/100|[from] U-turn
|-ability|p1a: Corviknight|Pressure
|move|p2a: Pecharunt|Recover|p2a: Pecharunt
|-heal|p2a: Pecharunt|100/100
|
|upkeep
|turn|6
|
|t:|1760456077
|move|p2a: Pecharunt|Shadow Ball|p1a: Corviknight
|-damage|p1a: Corviknight|33/100
|move|p1a: Corviknight|Roost|p1a: Corviknight
|-heal|p1a: Corviknight|83/100
|-singleturn|p1a: Corviknight|move: Roost
|
|upkeep
|turn|7
|
|t:|1760456082
|move|p2a: Pecharunt|Shadow Ball|p1a: Corviknight
|-damage|p1a: Corviknight|58/100
|move|p1a: Corviknight|Roost|p1a: Corviknight
|-heal|p1a: Corviknight|100/100
|-singleturn|p1a: Corviknight|move: Roost
|
|upkeep
|turn|8
|
|t:|1760456086
|move|p2a: Pecharunt|Shadow Ball|p1a: Corviknight
|-damage|p1a: Corviknight|78/100
|move|p1a: Corviknight|U-turn|p2a: Pecharunt
|-resisted|p2a: Pecharunt
|-damage|p2a: Pecharunt|99/100
|-damage|p1a: Corviknight|61/100|[from] item: Rocky Helmet|[of] p2a: Pecharunt
|
|t:|1760456095
|switch|p1a: Ting-Lu|Ting-Lu|100/100|[from] U-turn
|-ability|p1a: Ting-Lu|Vessel of Ruin
|
|upkeep
|turn|9
|
|t:|1760456101
|move|p2a: Pecharunt|Malignant Chain|p1a: Ting-Lu
|-resisted|p1a: Ting-Lu
|-damage|p1a: Ting-Lu|94/100
|move|p1a: Ting-Lu|Stealth Rock|p2a: Pecharunt
|-sidestart|p2: Megumin's Husband|move: Stealth Rock
|
|-heal|p1a: Ting-Lu|99/100|[from] item: Leftovers
|upkeep
|turn|10
|
|t:|1760456111
|move|p2a: Pecharunt|Malignant Chain|p1a: Ting-Lu
|-resisted|p1a: Ting-Lu
|-damage|p1a: Ting-Lu|94/100
|move|p1a: Ting-Lu|Earthquake|p2a: Pecharunt
|-supereffective|p2a: Pecharunt
|-crit|p2a: Pecharunt
|-damage|p2a: Pecharunt|45/100
|
|-heal|p1a: Ting-Lu|99/100|[from] item: Leftovers
|upkeep
|turn|11
|
|t:|1760456124
|move|p2a: Pecharunt|Recover|p2a: Pecharunt
|-heal|p2a: Pecharunt|95/100
|move|p1a: Ting-Lu|Earthquake|p2a: Pecharunt
|-supereffective|p2a: Pecharunt
|-damage|p2a: Pecharunt|64/100
|
|-heal|p1a: Ting-Lu|100/100|[from] item: Leftovers
|upkeep
|turn|12
|
|t:|1760456126
|move|p2a: Pecharunt|Malignant Chain|p1a: Ting-Lu
|-resisted|p1a: Ting-Lu
|-damage|p1a: Ting-Lu|94/100
|move|p1a: Ting-Lu|Earthquake|p2a: Pecharunt
|-supereffective|p2a: Pecharunt
|-damage|p2a: Pecharunt|27/100
|
|-heal|p1a: Ting-Lu|99/100|[from] item: Leftovers
|upkeep
|turn|13
|
|t:|1760456130
|move|p2a: Pecharunt|Recover|p2a: Pecharunt
|-heal|p2a: Pecharunt|77/100
|move|p1a: Ting-Lu|Earthquake|p2a: Pecharunt
|-supereffective|p2a: Pecharunt
|-damage|p2a: Pecharunt|45/100
|
|-heal|p1a: Ting-Lu|100/100|[from] item: Leftovers
|upkeep
|turn|14
|
|t:|1760456136
|switch|p1a: Corviknight|Corviknight, F|61/100
|-ability|p1a: Corviknight|Pressure
|move|p2a: Pecharunt|Recover|p2a: Pecharunt
|-heal|p2a: Pecharunt|95/100
|
|upkeep
|turn|15
|
|t:|1760456140
|move|p2a: Pecharunt|Parting Shot|p1a: Corviknight
|-unboost|p1a: Corviknight|atk|1
|-unboost|p1a: Corviknight|spa|1
|
|t:|1760456141
|switch|p2a: Great Tusk|Great Tusk|100/100|[from] Parting Shot
|move|p1a: Corviknight|Roost|p1a: Corviknight
|-heal|p1a: Corviknight|100/100
|-singleturn|p1a: Corviknight|move: Roost
|
|upkeep
|turn|16
|
|t:|1760456148
|switch|p1a: Dragapult|Dragapult, F|84/100
|move|p2a: Great Tusk|Knock Off|p1a: Dragapult
|-supereffective|p1a: Dragapult
|-damage|p1a: Dragapult|0 fnt
|-enditem|p1a: Dragapult|Choice Specs|[from] move: Knock Off|[of] p2a: Great Tusk
|faint|p1a: Dragapult
|
|upkeep
|
|t:|1760456163
|switch|p1a: Slowking|Slowking-Galar, M|100/100
|turn|17
|
|t:|1760456169
|move|p2a: Great Tusk|Headlong Rush|p1a: Slowking
|-supereffective|p1a: Slowking
|-damage|p1a: Slowking|0 fnt
|-unboost|p2a: Great Tusk|def|1
|-unboost|p2a: Great Tusk|spd|1
|faint|p1a: Slowking
|
|upkeep
|
|t:|1760456174
|switch|p1a: Cinderace|Cinderace, F|100/100
|turn|18
|
|t:|1760456180
|move|p1a: Cinderace|U-turn|p2a: Great Tusk
|-start|p1a: Cinderace|typechange|Bug|[from] ability: Libero
|-resisted|p2a: Great Tusk
|-damage|p2a: Great Tusk|82/100
|
|t:|1760456182
|switch|p1a: Corviknight|Corviknight, F|100/100|[from] U-turn
|-ability|p1a: Corviknight|Pressure
|move|p2a: Great Tusk|Rapid Spin|p1a: Corviknight
|-resisted|p1a: Corviknight
|-damage|p1a: Corviknight|95/100
|-boost|p2a: Great Tusk|spe|1
|-sideend|p2: Megumin's Husband|Stealth Rock|[from] move: Rapid Spin|[of] p2a: Great Tusk
|
|upkeep
|turn|19
|
|t:|1760456188
|-end|p2a: Great Tusk|Protosynthesis|[silent]
|switch|p2a: Pecharunt|Pecharunt|95/100
|move|p1a: Corviknight|U-turn|p2a: Pecharunt
|-resisted|p2a: Pecharunt
|-damage|p2a: Pecharunt|94/100
|-damage|p1a: Corviknight|78/100|[from] item: Rocky Helmet|[of] p2a: Pecharunt
|
|t:|1760456190
|switch|p1a: Ting-Lu|Ting-Lu|100/100|[from] U-turn
|-ability|p1a: Ting-Lu|Vessel of Ruin
|
|upkeep
|turn|20
|
|t:|1760456193
|move|p2a: Pecharunt|Malignant Chain|p1a: Ting-Lu
|-resisted|p1a: Ting-Lu
|-damage|p1a: Ting-Lu|94/100
|-status|p1a: Ting-Lu|tox
|-start|p1a: Ting-Lu|confusion|[from] ability: Poison Puppeteer|[of] p2a: Pecharunt
|-activate|p1a: Ting-Lu|confusion
|move|p1a: Ting-Lu|Stealth Rock|p2a: Pecharunt
|-sidestart|p2: Megumin's Husband|move: Stealth Rock
|
|-heal|p1a: Ting-Lu|99/100 tox|[from] item: Leftovers
|-damage|p1a: Ting-Lu|94/100 tox|[from] psn
|upkeep
|turn|21
|
|t:|1760456198
|switch|p1a: Cinderace|Cinderace, F|100/100
|move|p2a: Pecharunt|Parting Shot|p1a: Cinderace
|-unboost|p1a: Cinderace|atk|1
|-unboost|p1a: Cinderace|spa|1
|
|t:|1760456200
|switch|p2a: Great Tusk|Great Tusk|82/100|[from] Parting Shot
|
|upkeep
|turn|22
|
|t:|1760456203
|move|p1a: Cinderace|U-turn|p2a: Great Tusk
|-start|p1a: Cinderace|typechange|Bug|[from] ability: Libero
|-resisted|p2a: Great Tusk
|-damage|p2a: Great Tusk|73/100
|
|t:|1760456205
|switch|p1a: Ting-Lu|Ting-Lu|94/100 tox|[from] U-turn
|-ability|p1a: Ting-Lu|Vessel of Ruin
|move|p2a: Great Tusk|Rapid Spin|p1a: Ting-Lu
|-damage|p1a: Ting-Lu|83/100 tox
|-boost|p2a: Great Tusk|spe|1
|-sideend|p2: Megumin's Husband|Stealth Rock|[from] move: Rapid Spin|[of] p2a: Great Tusk
|
|-heal|p1a: Ting-Lu|89/100 tox|[from] item: Leftovers
|-damage|p1a: Ting-Lu|83/100 tox|[from] psn
|upkeep
|turn|23
|
|t:|1760456209
|switch|p1a: Corviknight|Corviknight, F|78/100
|-ability|p1a: Corviknight|Pressure
|move|p2a: Great Tusk|Knock Off|p1a: Corviknight
|-damage|p1a: Corviknight|65/100
|
|upkeep
|turn|24
|
|t:|1760456213
|-end|p2a: Great Tusk|Protosynthesis|[silent]
|switch|p2a: Heatran|Heatran, M, shiny|100/100
|-item|p2a: Heatran|Air Balloon
|move|p1a: Corviknight|Iron Defense|p1a: Corviknight
|-boost|p1a: Corviknight|def|2
|
|upkeep
|turn|25
|
|t:|1760456219
|move|p2a: Heatran|Lava Plume|p1a: Corviknight
|-supereffective|p1a: Corviknight
|-damage|p1a: Corviknight|0 fnt
|faint|p1a: Corviknight
|
|upkeep
|
|t:|1760456222
|switch|p1a: Dragonite|Dragonite, F|100/100
|turn|26
|
|t:|1760456231
|switch|p1a: Cinderace|Cinderace, F|100/100
|move|p2a: Heatran|Lava Plume|p1a: Cinderace
|-resisted|p1a: Cinderace
|-damage|p1a: Cinderace|75/100
|
|upkeep
|turn|27
|
|t:|1760456237
|switch|p2a: Pecharunt|Pecharunt|94/100
|move|p1a: Cinderace|U-turn|p2a: Pecharunt
|-start|p1a: Cinderace|typechange|Bug|[from] ability: Libero
|-resisted|p2a: Pecharunt
|-damage|p2a: Pecharunt|90/100
|-damage|p1a: Cinderace|58/100|[from] item: Rocky Helmet|[of] p2a: Pecharunt
|
|t:|1760456239
|switch|p1a: Ting-Lu|Ting-Lu|83/100 tox|[from] U-turn
|-ability|p1a: Ting-Lu|Vessel of Ruin
|
|-heal|p1a: Ting-Lu|89/100 tox|[from] item: Leftovers
|-damage|p1a: Ting-Lu|83/100 tox|[from] psn
|upkeep
|turn|28
|
|t:|1760456241
|move|p2a: Pecharunt|Parting Shot|p1a: Ting-Lu
|-unboost|p1a: Ting-Lu|atk|1
|-unboost|p1a: Ting-Lu|spa|1
|
|t:|1760456244
|switch|p2a: Great Tusk|Great Tusk|73/100|[from] Parting Shot
|move|p1a: Ting-Lu|Earthquake|p2a: Great Tusk
|-damage|p2a: Great Tusk|55/100
|
|-heal|p1a: Ting-Lu|89/100 tox|[from] item: Leftovers
|-damage|p1a: Ting-Lu|77/100 tox|[from] psn
|upkeep
|turn|29
|
|t:|1760456250
|move|p2a: Great Tusk|Knock Off|p1a: Ting-Lu
|-resisted|p1a: Ting-Lu
|-damage|p1a: Ting-Lu|67/100 tox
|-enditem|p1a: Ting-Lu|Leftovers|[from] move: Knock Off|[of] p2a: Great Tusk
|move|p1a: Ting-Lu|Earthquake|p2a: Great Tusk
|-damage|p2a: Great Tusk|37/100
|
|-damage|p1a: Ting-Lu|49/100 tox|[from] psn
|upkeep
|turn|30
|
|t:|1760456258
|move|p2a: Great Tusk|Headlong Rush|p1a: Ting-Lu
|-damage|p1a: Ting-Lu|17/100 tox
|-unboost|p2a: Great Tusk|def|1
|-unboost|p2a: Great Tusk|spd|1
|move|p1a: Ting-Lu|Earthquake|p2a: Great Tusk
|-damage|p2a: Great Tusk|9/100
|
|-damage|p1a: Ting-Lu|0 fnt|[from] psn
|faint|p1a: Ting-Lu
|upkeep
|
|t:|1760456273
|switch|p1a: Cinderace|Cinderace, F|58/100
|turn|31
|
|t:|1760456280
|-end|p2a: Great Tusk|Protosynthesis|[silent]
|switch|p2a: Pecharunt|Pecharunt|90/100
|move|p1a: Cinderace|Pyro Ball|p2a: Pecharunt
|-damage|p2a: Pecharunt|62/100
|
|upkeep
|turn|32
|
|t:|1760456286
|move|p1a: Cinderace|Pyro Ball|p2a: Pecharunt
|-damage|p2a: Pecharunt|33/100
|move|p2a: Pecharunt|Recover|p2a: Pecharunt
|-heal|p2a: Pecharunt|83/100
|
|upkeep
|turn|33
|
|t:|1760456289
|move|p1a: Cinderace|Sucker Punch|p2a: Pecharunt
|-start|p1a: Cinderace|typechange|Dark|[from] ability: Libero
|-supereffective|p2a: Pecharunt
|-damage|p2a: Pecharunt|50/100
|-damage|p1a: Cinderace|42/100|[from] item: Rocky Helmet|[of] p2a: Pecharunt
|move|p2a: Pecharunt|Malignant Chain|p1a: Cinderace
|-damage|p1a: Cinderace|0 fnt
|faint|p1a: Cinderace
|
|upkeep
|
|t:|1760456293
|switch|p1a: Dragonite|Dragonite, F|100/100
|turn|34
|
|t:|1760456299
|-terastallize|p2a: Pecharunt|Ghost
|move|p2a: Pecharunt|Recover|p2a: Pecharunt
|-heal|p2a: Pecharunt|99/100
|move|p1a: Dragonite|Earthquake|p2a: Pecharunt
|-damage|p2a: Pecharunt|82/100
|
|upkeep
|turn|35
|
|t:|1760456304
|move|p2a: Pecharunt|Malignant Chain|p1a: Dragonite
|-damage|p1a: Dragonite|87/100
|move|p1a: Dragonite|Encore|p2a: Pecharunt
|-start|p2a: Pecharunt|Encore
|
|upkeep
|turn|36
|
|t:|1760456310
|move|p2a: Pecharunt|Malignant Chain|p1a: Dragonite
|-damage|p1a: Dragonite|58/100
|move|p1a: Dragonite|Roost|p1a: Dragonite
|-heal|p1a: Dragonite|100/100
|-singleturn|p1a: Dragonite|move: Roost
|
|upkeep
|turn|37
|
|t:|1760456315
|move|p2a: Pecharunt|Malignant Chain|p1a: Dragonite
|-damage|p1a: Dragonite|86/100
|-status|p1a: Dragonite|tox
|-start|p1a: Dragonite|confusion|[from] ability: Poison Puppeteer|[of] p2a: Pecharunt
|-activate|p1a: Dragonite|confusion
|move|p1a: Dragonite|Earthquake|p2a: Pecharunt
|-damage|p2a: Pecharunt|65/100
|
|-damage|p1a: Dragonite|80/100 tox|[from] psn
|-end|p2a: Pecharunt|Encore
|upkeep
|turn|38
|
|t:|1760456320
|switch|p2a: Primarina|Primarina, F|90/100
|-activate|p1a: Dragonite|confusion
|move|p1a: Dragonite|Roost|p1a: Dragonite
|-heal|p1a: Dragonite|100/100 tox
|-singleturn|p1a: Dragonite|move: Roost
|
|-damage|p1a: Dragonite|88/100 tox|[from] psn
|upkeep
|turn|39
|
|t:|1760456325
|-terastallize|p1a: Dragonite|Normal
|-activate|p1a: Dragonite|confusion
|move|p1a: Dragonite|Extreme Speed|p2a: Primarina
|-damage|p2a: Primarina|38/100
|move|p2a: Primarina|Moonblast|p1a: Dragonite
|-damage|p1a: Dragonite|43/100 tox
|-unboost|p1a: Dragonite|spa|1
|
|-damage|p1a: Dragonite|24/100 tox|[from] psn
|upkeep
|turn|40
|
|t:|1760456332
|-end|p1a: Dragonite|confusion
|move|p1a: Dragonite|Roost|p1a: Dragonite
|-heal|p1a: Dragonite|74/100 tox
|move|p2a: Primarina|Moonblast|p1a: Dragonite
|-damage|p1a: Dragonite|29/100 tox
|
|-damage|p1a: Dragonite|4/100 tox|[from] psn
|upkeep
|turn|41
|
|t:|1760456336
|move|p1a: Dragonite|Roost|p1a: Dragonite
|-heal|p1a: Dragonite|55/100 tox
|move|p2a: Primarina|Moonblast|p1a: Dragonite
|-damage|p1a: Dragonite|12/100 tox
|
|-damage|p1a: Dragonite|0 fnt|[from] psn
|faint|p1a: Dragonite
|
|win|Megumin's Husband
|raw|shumnky yeat's rating: 1549 &rarr; <strong>1534</strong><br />(-15 for losing)
|raw|Megumin&apos;s Husband's rating: 1631 &rarr; <strong>1646</strong><br />(+15 for winning)
|l|☆shumnky yeat
|player|p1|
