|j|☆colored pencilsv
|j|☆burningpain
|t:|1760310983
|gametype|singles
|player|p1|colored pencilsv|wattson|1430
|player|p2|burningpain|266|1432
|gen|9
|tier|[Gen 9] OU
|rated|
|rule|HP Percentage Mod: HP is shown in percentages
|rule|Endless Battle Clause: Forcing endless battles is banned
|rule|Species Clause: Limit one of each Pokémon
|rule|OHKO Clause: OHKO moves are banned
|rule|Evasion Items Clause: Evasion items are banned
|rule|Evasion Moves Clause: Evasion moves are banned
|rule|Evasion Abilities Clause: Evasion abilities are banned
|rule|Sleep Moves Clause: Sleep-inducing moves are banned
|clearpoke
|poke|p1|Kingambit, F|
|poke|p1|Cinderace, F|
|poke|p1|Landorus-Therian, M|
|poke|p1|Iron Valiant|
|poke|p1|Kyurem|
|poke|p1|Slowking-Galar, M|
|poke|p2|Quagsire, F|
|poke|p2|Blissey, F|
|poke|p2|Toxapex, M|
|poke|p2|Weezing-Galar, F|
|poke|p2|Gliscor, F|
|poke|p2|Corviknight, F|
|teampreview
|inactive|Battle timer is ON: inactive players will automatically lose when time's up. (requested by colored pencilsv)
|
|t:|1760311008
|teamsize|p1|6
|teamsize|p2|6
|start
|switch|p1a: Mr. Freeze|Kyurem, shiny|100/100
|switch|p2a: Weezing|Weezing-Galar, F|100/100
|-ability|p2a: Weezing|Neutralizing Gas
|turn|1
|inactive|burningpain has 120 seconds left.
|
|t:|1760311047
|-end|p2a: Weezing|ability: Neutralizing Gas
|-ability|p1a: Mr. Freeze|Pressure
|switch|p2a: Gliscor|Gliscor, F|100/100
|move|p1a: Mr. Freeze|Substitute|p1a: Mr. Freeze
|-start|p1a: Mr. Freeze|Substitute
|-damage|p1a: Mr. Freeze|75/100
|
|-heal|p1a: Mr. Freeze|82/100|[from] item: Leftovers
|-status|p2a: Gliscor|tox|[from] item: Toxic Orb
|upkeep
|turn|2
|inactive|burningpain has 120 seconds left.
|
|t:|1760311060
|move|p2a: Gliscor|Protect|p2a: Gliscor
|-singleturn|p2a: Gliscor|Protect
|move|p1a: Mr. Freeze|Freeze-Dry|p2a: Gliscor
|-activate|p2a: Gliscor|move: Protect
|
|-heal|p1a: Mr. Freeze|88/100|[from] item: Leftovers
|upkeep
|turn|3
|inactive|burningpain has 120 seconds left.
|
|t:|1760311067
|switch|p2a: Blissey|Blissey, F|100/100
|move|p1a: Mr. Freeze|Freeze-Dry|p2a: Blissey
|-damage|p2a: Blissey|89/100
|
|-heal|p1a: Mr. Freeze|94/100|[from] item: Leftovers
|-heal|p2a: Blissey|96/100|[from] item: Leftovers
|upkeep
|turn|4
|
|t:|1760311075
|move|p1a: Mr. Freeze|Body Press|p2a: Blissey
|-supereffective|p2a: Blissey
|-damage|p2a: Blissey|61/100
|move|p2a: Blissey|Stealth Rock|p1a: Mr. Freeze
|-sidestart|p1: colored pencilsv|move: Stealth Rock
|
|-heal|p1a: Mr. Freeze|99/100|[from] item: Leftovers
|-heal|p2a: Blissey|67/100|[from] item: Leftovers
|upkeep
|turn|5
|
|t:|1760311095
|move|p1a: Mr. Freeze|Body Press|p2a: Blissey
|-supereffective|p2a: Blissey
|-damage|p2a: Blissey|32/100
|move|p2a: Blissey|Soft-Boiled|p2a: Blissey
|-heal|p2a: Blissey|82/100
|
|-heal|p1a: Mr. Freeze|100/100|[from] item: Leftovers
|-heal|p2a: Blissey|88/100|[from] item: Leftovers
|upkeep
|turn|6
|
|t:|1760311104
|switch|p2a: Toxapex|Toxapex, M|100/100
|move|p1a: Mr. Freeze|Freeze-Dry|p2a: Toxapex
|-supereffective|p2a: Toxapex
|-damage|p2a: Toxapex|53/100
|
|-heal|p2a: Toxapex|59/100|[from] item: Leftovers
|upkeep
|turn|7
|
|t:|1760311113
|move|p2a: Toxapex|Baneful Bunker|p2a: Toxapex
|-singleturn|p2a: Toxapex|move: Protect
|move|p1a: Mr. Freeze|Freeze-Dry|p2a: Toxapex
|-activate|p2a: Toxapex|move: Protect
|
|-heal|p2a: Toxapex|65/100|[from] item: Leftovers
|upkeep
|turn|8
|
|t:|1760311132
|switch|p2a: Corviknight|Corviknight, F|100/100
|-ability|p2a: Corviknight|Pressure
|move|p1a: Mr. Freeze|Body Press|p2a: Corviknight
|-damage|p2a: Corviknight|89/100
|-damage|p1a: Mr. Freeze|84/100|[from] item: Rocky Helmet|[of] p2a: Corviknight
|
|-heal|p1a: Mr. Freeze|90/100|[from] item: Leftovers
|upkeep
|turn|9
|
|t:|1760311148
|switch|p2a: Blissey|Blissey, F|88/100
|move|p1a: Mr. Freeze|Freeze-Dry|p2a: Blissey
|-damage|p2a: Blissey|76/100
|-status|p2a: Blissey|frz
|
|-heal|p1a: Mr. Freeze|96/100|[from] item: Leftovers
|-heal|p2a: Blissey|83/100 frz|[from] item: Leftovers
|upkeep
|turn|10
|
|t:|1760311158
|-curestatus|p2a: Blissey|frz|[from] ability: Natural Cure
|switch|p2a: Corviknight|Corviknight, F|89/100
|-ability|p2a: Corviknight|Pressure
|move|p1a: Mr. Freeze|Body Press|p2a: Corviknight
|-damage|p2a: Corviknight|77/100
|-damage|p1a: Mr. Freeze|80/100|[from] item: Rocky Helmet|[of] p2a: Corviknight
|
|-heal|p1a: Mr. Freeze|86/100|[from] item: Leftovers
|upkeep
|turn|11
|
|t:|1760311179
|switch|p1a: Homelandor|Landorus-Therian, M, shiny|100/100
|-damage|p1a: Homelandor|88/100|[from] Stealth Rock
|-ability|p1a: Homelandor|Intimidate|boost
|-unboost|p2a: Corviknight|atk|1
|move|p2a: Corviknight|Body Press|p1a: Homelandor
|-resisted|p1a: Homelandor
|-damage|p1a: Homelandor|78/100
|-damage|p2a: Corviknight|60/100|[from] item: Rocky Helmet|[of] p1a: Homelandor
|
|upkeep
|turn|12
|
|t:|1760311188
|move|p1a: Homelandor|Stealth Rock|p2a: Corviknight
|-sidestart|p2: burningpain|move: Stealth Rock
|move|p2a: Corviknight|Roost|p2a: Corviknight
|-heal|p2a: Corviknight|100/100
|-singleturn|p2a: Corviknight|move: Roost
|
|upkeep
|turn|13
|
|t:|1760311196
|move|p1a: Homelandor|Psychic|p2a: Corviknight
|-resisted|p2a: Corviknight
|-damage|p2a: Corviknight|88/100
|-unboost|p2a: Corviknight|spd|1
|move|p2a: Corviknight|Defog|p1a: Homelandor
|-unboost|p1a: Homelandor|evasion|1
|-sideend|p1: colored pencilsv|Stealth Rock|[from] move: Defog|[of] p2a: Corviknight
|-sideend|p2: burningpain|Stealth Rock|[from] move: Defog|[of] p2a: Corviknight
|
|upkeep
|turn|14
|
|t:|1760311206
|switch|p2a: Quagsire|Quagsire, F|100/100
|move|p1a: Homelandor|U-turn|p2a: Quagsire
|-damage|p2a: Quagsire|86/100
|
|t:|1760311212
|switch|p1a: Mr. Freeze|Kyurem, shiny|86/100|[from] U-turn
|-ability|p1a: Mr. Freeze|Pressure
|
|-heal|p1a: Mr. Freeze|92/100|[from] item: Leftovers
|-heal|p2a: Quagsire|92/100|[from] item: Leftovers
|upkeep
|turn|15
|
|t:|1760311222
|switch|p2a: Blissey|Blissey, F|83/100
|move|p1a: Mr. Freeze|Freeze-Dry|p2a: Blissey
|-damage|p2a: Blissey|72/100
|
|-heal|p1a: Mr. Freeze|98/100|[from] item: Leftovers
|-heal|p2a: Blissey|78/100|[from] item: Leftovers
|upkeep
|turn|16
|
|t:|1760311235
|switch|p1a: Kristine|Cinderace, F, shiny|100/100
|switch|p2a: Corviknight|Corviknight, F|88/100
|-ability|p2a: Corviknight|Pressure
|
|upkeep
|turn|17
|
|t:|1760311244
|switch|p2a: Toxapex|Toxapex, M|98/100
|move|p1a: Kristine|Pyro Ball|p2a: Toxapex
|-resisted|p2a: Toxapex
|-damage|p2a: Toxapex|77/100
|
|-heal|p2a: Toxapex|83/100|[from] item: Leftovers
|upkeep
|turn|18
|
|t:|1760311254
|switch|p1a: Mr. Freeze|Kyurem, shiny|98/100
|-ability|p1a: Mr. Freeze|Pressure
|move|p2a: Toxapex|Baneful Bunker||[still]
|-fail|p2a: Toxapex
|
|-heal|p1a: Mr. Freeze|100/100|[from] item: Leftovers
|-heal|p2a: Toxapex|89/100|[from] item: Leftovers
|upkeep
|turn|19
|
|t:|1760311264
|switch|p2a: Blissey|Blissey, F|78/100
|move|p1a: Mr. Freeze|Earth Power|p2a: Blissey
|-damage|p2a: Blissey|69/100
|
|-heal|p2a: Blissey|75/100|[from] item: Leftovers
|upkeep
|turn|20
|-message|colored pencilsv forfeited.
|
|win|burningpain
|raw|colored pencilsv's rating: 1430 &rarr; <strong>1410</strong><br />(-20 for losing)
|raw|burningpain's rating: 1432 &rarr; <strong>1452</strong><br />(+20 for winning)
|l|☆colored pencilsv
|player|p1|
|l|☆burningpain
|player|p2|
