|j|☆sammhein summer
|j|☆jxrx
|t:|1760396020
|gametype|singles
|player|p1|sammhein summer|backpacker|1327
|player|p2|jxrx|norman|1290
|gen|9
|tier|[Gen 9] OU
|rated|
|rule|HP Percentage Mod: HP is shown in percentages
|rule|Endless Battle Clause: Forcing endless battles is banned
|rule|Species Clause: Limit one of each Pokémon
|rule|OHKO Clause: OHKO moves are banned
|rule|Evasion Items Clause: Evasion items are banned
|rule|Evasion Moves Clause: Evasion moves are banned
|rule|Evasion Abilities Clause: Evasion abilities are banned
|rule|Sleep Moves Clause: Sleep-inducing moves are banned
|clearpoke
|poke|p1|Lapras, F|
|poke|p1|Ninetales-Alola, M|
|poke|p1|Darkrai|
|poke|p1|Great Tusk|
|poke|p1|Scizor, F|
|poke|p1|Chandelure, F|
|poke|p2|Sableye, M|
|poke|p2|Empoleon, M|
|poke|p2|Dragapult, M|
|poke|p2|Vileplume, M|
|poke|p2|Golem, M|
|poke|p2|Furret, M|
|teampreview
|inactive|Battle timer is ON: inactive players will automatically lose when time's up. (requested by sammhein summer)
|inactive|jxrx has 120 seconds left.
|inactive|jxrx has 90 seconds left.
|inactive|jxrx has 60 seconds left.
|
|t:|1760396141
|teamsize|p1|6
|teamsize|p2|6
|start
|switch|p1a: Ninetales|Ninetales-Alola, M|100/100
|switch|p2a: Furret|Furret, M|100/100
|-item|p1a: Ninetales|Light Clay|[from] ability: Frisk|[of] p2a: Furret
|-weather|Snowscape|[from] ability: Snow Warning|[of] p1a: Ninetales
|turn|1
|
|t:|1760396149
|move|p2a: Furret|Trick|p1a: Ninetales
|-activate|p2a: Furret|move: Trick|[of] p1a: Ninetales
|-item|p1a: Ninetales|Choice Scarf|[from] move: Trick
|-item|p2a: Furret|Light Clay|[from] move: Trick
|move|p1a: Ninetales|Roar|p2a: Furret
|drag|p2a: Dragapult|Dragapult, M|100/100
|
|-weather|Snowscape|[upkeep]
|upkeep
|turn|2
|
|t:|1760396162
|move|p2a: Dragapult|Phantom Force||[still]
|-prepare|p2a: Dragapult|Phantom Force
|move|p1a: Ninetales|Roar|p2a: Dragapult|[miss]
|-miss|p1a: Ninetales|p2a: Dragapult
|
|-weather|Snowscape|[upkeep]
|upkeep
|turn|3
|
|t:|1760396174
|move|p2a: Dragapult|Phantom Force|p1a: Ninetales|[from] lockedmove
|-damage|p1a: Ninetales|67/100
|move|p1a: Ninetales|Roar|p2a: Dragapult
|drag|p2a: Furret|Furret, M|100/100
|-item|p1a: Ninetales|Choice Scarf|[from] ability: Frisk|[of] p2a: Furret
|
|-weather|Snowscape|[upkeep]
|upkeep
|turn|4
|
|t:|1760396185
|switch|p1a: Great Tusk|Great Tusk|100/100
|-enditem|p1a: Great Tusk|Booster Energy
|-activate|p1a: Great Tusk|ability: Protosynthesis|[fromitem]
|-start|p1a: Great Tusk|protosynthesisatk
|move|p2a: Furret|Body Slam|p1a: Great Tusk
|-damage|p1a: Great Tusk|78/100
|
|-weather|Snowscape|[upkeep]
|upkeep
|turn|5
|
|t:|1760396194
|switch|p2a: Vileplume|Vileplume, M|100/100
|move|p1a: Great Tusk|Rapid Spin|p2a: Vileplume
|-damage|p2a: Vileplume|84/100
|-boost|p1a: Great Tusk|spe|1
|-damage|p1a: Great Tusk|62/100|[from] item: Rocky Helmet|[of] p2a: Vileplume
|-status|p1a: Great Tusk|slp|[from] ability: Effect Spore|[of] p2a: Vileplume
|
|-weather|none
|upkeep
|turn|6
|
|t:|1760396206
|cant|p1a: Great Tusk|slp
|move|p2a: Vileplume|Leech Seed|p1a: Great Tusk
|-start|p1a: Great Tusk|move: Leech Seed
|
|-damage|p1a: Great Tusk|50/100 slp|[from] Leech Seed|[of] p2a: Vileplume
|-heal|p2a: Vileplume|97/100|[silent]
|upkeep
|turn|7
|
|t:|1760396212
|-curestatus|p1a: Great Tusk|slp|[msg]
|move|p1a: Great Tusk|Headlong Rush|p2a: Vileplume
|-damage|p2a: Vileplume|39/100
|-unboost|p1a: Great Tusk|def|1
|-unboost|p1a: Great Tusk|spd|1
|-damage|p1a: Great Tusk|33/100|[from] item: Rocky Helmet|[of] p2a: Vileplume
|-status|p1a: Great Tusk|psn|[from] ability: Effect Spore|[of] p2a: Vileplume
|move|p2a: Vileplume|Giga Drain|p1a: Great Tusk
|-supereffective|p1a: Great Tusk
|-damage|p1a: Great Tusk|0 fnt
|-heal|p2a: Vileplume|57/100|[from] drain|[of] p1a: Great Tusk
|faint|p1a: Great Tusk
|-end|p1a: Great Tusk|Protosynthesis|[silent]
|
|upkeep
|
|t:|1760396226
|switch|p1a: Ninetales|Ninetales-Alola, M|67/100
|-weather|Snowscape|[from] ability: Snow Warning|[of] p1a: Ninetales
|turn|8
|inactive|jxrx has 120 seconds left.
|inactive|jxrx has 90 seconds left.
|
|t:|1760396297
|switch|p2a: Empoleon|Empoleon, M|100/100
|move|p1a: Ninetales|Aurora Veil|p1a: Ninetales
|-sidestart|p1: sammhein summer|move: Aurora Veil
|
|-weather|Snowscape|[upkeep]
|upkeep
|turn|9
|
|t:|1760396310
|switch|p1a: Darkrai|Darkrai|100/100
|move|p2a: Empoleon|Flash Cannon|p1a: Darkrai
|-damage|p1a: Darkrai|73/100
|
|-weather|Snowscape|[upkeep]
|upkeep
|turn|10
|inactive|jxrx has 90 seconds left.
|inactive|jxrx has 60 seconds left.
|l|☆sammhein summer
|inactive|sammhein summer disconnected and has a minute to reconnect!
|player|p1|
|inactive|jxrx has 30 seconds left.
|inactive|jxrx has 20 seconds left.
|inactive|jxrx has 15 seconds left.
|inactive|jxrx has 10 seconds left.
|inactive|jxrx has 5 seconds left.
|-message|jxrx lost due to inactivity.
|
|win|sammhein summer
|raw|sammhein summer's rating: 1327 &rarr; <strong>1345</strong><br />(+18 for winning)
|raw|jxrx's rating: 1290 &rarr; <strong>1268</strong><br />(-22 for losing)
|l|☆jxrx
|player|p2|
