|j|☆delete tera
|j|☆KantoKing1307
|t:|1760457436
|gametype|singles
|player|p1|delete tera|265|1425
|player|p2|KantoKing1307|266|1417
|gen|9
|tier|[Gen 9] OU
|rated|
|rule|HP Percentage Mod: HP is shown in percentages
|rule|Endless Battle Clause: Forcing endless battles is banned
|rule|Species Clause: Limit one of each Pokémon
|rule|OHKO Clause: OHKO moves are banned
|rule|Evasion Items Clause: Evasion items are banned
|rule|Evasion Moves Clause: Evasion moves are banned
|rule|Evasion Abilities Clause: Evasion abilities are banned
|rule|Sleep Moves Clause: Sleep-inducing moves are banned
|clearpoke
|poke|p1|Garchomp, M|
|poke|p1|Zamazenta-*|
|poke|p1|Iron Hands|
|poke|p1|Dragonite, F|
|poke|p1|Iron Valiant|
|poke|p1|Salazzle, F|
|poke|p2|Jolteon, M|
|poke|p2|Gyarados, M|
|poke|p2|Arcanine-Hisui, M|
|poke|p2|Corviknight, M|
|poke|p2|Scizor, M|
|poke|p2|Mew|
|teampreview
|inactive|Battle timer is ON: inactive players will automatically lose when time's up. (requested by delete tera)
|inactive|KantoKing1307 has 120 seconds left.
|inactive|KantoKing1307 has 90 seconds left.
|
|t:|1760457504
|teamsize|p1|6
|teamsize|p2|6
|start
|switch|p1a: Salazzle|Salazzle, F, shiny|100/100
|switch|p2a: Jolteon|Jolteon, M|100/100
|turn|1
|
|t:|1760457510
|move|p1a: Salazzle|Fake Out|p2a: Jolteon
|-damage|p2a: Jolteon|89/100
|cant|p2a: Jolteon|flinch
|
|upkeep
|turn|2
|
|t:|1760457515
|move|p2a: Jolteon|Volt Switch|p1a: Salazzle
|-damage|p1a: Salazzle|3/100
|
|t:|1760457525
|switch|p2a: Gyarados|Gyarados, M|100/100|[from] Volt Switch
|move|p1a: Salazzle|Toxic|p2a: Gyarados
|-status|p2a: Gyarados|tox
|-enditem|p2a: Gyarados|Lum Berry|[eat]
|-curestatus|p2a: Gyarados|tox|[msg]
|
|upkeep
|turn|3
|
|t:|1760457534
|move|p1a: Salazzle|Toxic|p2a: Gyarados
|-status|p2a: Gyarados|tox
|move|p2a: Gyarados|Waterfall|p1a: Salazzle
|-supereffective|p1a: Salazzle
|-damage|p1a: Salazzle|0 fnt
|faint|p1a: Salazzle
|-ability|p2a: Gyarados|Moxie|boost
|-boost|p2a: Gyarados|atk|1
|
|-damage|p2a: Gyarados|94/100 tox|[from] psn
|upkeep
|
|t:|1760457540
|switch|p1a: Dragonite|Dragonite, F|100/100
|turn|4
|
|t:|1760457553
|move|p2a: Gyarados|Crunch|p1a: Dragonite
|-damage|p1a: Dragonite|79/100
|-unboost|p1a: Dragonite|def|1
|move|p1a: Dragonite|Dragon Tail|p2a: Gyarados
|-damage|p2a: Gyarados|50/100 tox
|drag|p2a: Scizor|Scizor, M|100/100
|
|upkeep
|turn|5
|
|t:|1760457577
|move|p1a: Dragonite|Roost|p1a: Dragonite
|-heal|p1a: Dragonite|100/100
|-singleturn|p1a: Dragonite|move: Roost
|move|p2a: Scizor|Knock Off|p1a: Dragonite
|-damage|p1a: Dragonite|63/100
|-enditem|p1a: Dragonite|Heavy-Duty Boots|[from] move: Knock Off|[of] p2a: Scizor
|
|upkeep
|turn|6
|
|t:|1760457590
|switch|p2a: Corviknight|Corviknight, M|100/100
|move|p1a: Dragonite|Dragon Tail|p2a: Corviknight
|-resisted|p2a: Corviknight
|-damage|p2a: Corviknight|90/100
|-damage|p1a: Dragonite|46/100|[from] item: Rocky Helmet|[of] p2a: Corviknight
|drag|p2a: Jolteon|Jolteon, M|89/100
|
|upkeep
|turn|7
|
|t:|1760457609
|move|p2a: Jolteon|Alluring Voice|p1a: Dragonite
|-supereffective|p1a: Dragonite
|-damage|p1a: Dragonite|0 fnt
|faint|p1a: Dragonite
|
|upkeep
|
|t:|1760457622
|switch|p1a: Iron Valiant|Iron Valiant|100/100
|-enditem|p1a: Iron Valiant|Booster Energy
|-activate|p1a: Iron Valiant|ability: Quark Drive|[fromitem]
|-start|p1a: Iron Valiant|quarkdrivespe
|turn|8
|
|t:|1760457627
|switch|p2a: Gyarados|Gyarados, M|50/100 tox
|move|p1a: Iron Valiant|Close Combat|p2a: Gyarados
|-resisted|p2a: Gyarados
|-damage|p2a: Gyarados|16/100 tox
|-unboost|p1a: Iron Valiant|def|1
|-unboost|p1a: Iron Valiant|spd|1
|
|-damage|p2a: Gyarados|10/100 tox|[from] psn
|upkeep
|turn|9
|
|t:|1760457636
|move|p1a: Iron Valiant|Moonblast|p2a: Gyarados
|-damage|p2a: Gyarados|0 fnt
|faint|p2a: Gyarados
|
|upkeep
|
|t:|1760457642
|switch|p2a: Scizor|Scizor, M|100/100
|turn|10
|
|t:|1760457645
|move|p2a: Scizor|Bullet Punch|p1a: Iron Valiant
|-supereffective|p1a: Iron Valiant
|-damage|p1a: Iron Valiant|0 fnt
|faint|p1a: Iron Valiant
|-end|p1a: Iron Valiant|Quark Drive|[silent]
|
|upkeep
|
|t:|1760457654
|switch|p1a: Zamazenta|Zamazenta|100/100
|-ability|p1a: Zamazenta|Dauntless Shield|boost
|-boost|p1a: Zamazenta|def|1
|turn|11
|
|t:|1760457677
|switch|p2a: Corviknight|Corviknight, M|90/100
|move|p1a: Zamazenta|Iron Defense|p1a: Zamazenta
|-boost|p1a: Zamazenta|def|2
|
|upkeep
|turn|12
|
|t:|1760457682
|move|p1a: Zamazenta|Iron Defense|p1a: Zamazenta
|-boost|p1a: Zamazenta|def|2
|move|p2a: Corviknight|U-turn|p1a: Zamazenta
|-resisted|p1a: Zamazenta
|-damage|p1a: Zamazenta|99/100
|
|t:|1760457687
|switch|p2a: Mew|Mew|100/100|[from] U-turn
|
|-heal|p1a: Zamazenta|100/100|[from] item: Leftovers
|upkeep
|turn|13
|
|t:|1760457693
|move|p1a: Zamazenta|Crunch|p2a: Mew
|-supereffective|p2a: Mew
|-damage|p2a: Mew|68/100
|move|p2a: Mew|Psychic Noise|p1a: Zamazenta
|-supereffective|p1a: Zamazenta
|-damage|p1a: Zamazenta|43/100
|-start|p1a: Zamazenta|move: Heal Block
|
|upkeep
|turn|14
|
|t:|1760457703
|-terastallize|p1a: Zamazenta|Fire
|move|p1a: Zamazenta|Body Press|p2a: Mew
|-resisted|p2a: Mew
|-damage|p2a: Mew|18/100
|-enditem|p2a: Mew|Sitrus Berry|[eat]
|-heal|p2a: Mew|42/100|[from] item: Sitrus Berry
|move|p2a: Mew|Psychic Noise|p1a: Zamazenta
|-crit|p1a: Zamazenta
|-damage|p1a: Zamazenta|0 fnt
|faint|p1a: Zamazenta
|
|upkeep
|
|t:|1760457714
|switch|p1a: Garchomp|Garchomp, M, shiny|100/100
|turn|15
|inactive|KantoKing1307 has 120 seconds left.
|
|t:|1760457764
|move|p1a: Garchomp|Scale Shot|p2a: Mew
|-damage|p2a: Mew|32/100
|-damage|p2a: Mew|21/100
|-damage|p2a: Mew|11/100
|-damage|p2a: Mew|0 fnt
|faint|p2a: Mew
|-hitcount|p2: Mew|4
|-unboost|p1a: Garchomp|def|1
|-boost|p1a: Garchomp|spe|1
|
|upkeep
|inactive|KantoKing1307 has 90 seconds left.
|
|t:|1760457784
|switch|p2a: Corviknight|Corviknight, M|90/100
|turn|16
|
|t:|1760457789
|move|p1a: Garchomp|Swords Dance|p1a: Garchomp
|-boost|p1a: Garchomp|atk|2
|move|p2a: Corviknight|Body Press|p1a: Garchomp
|-damage|p1a: Garchomp|60/100
|-damage|p2a: Corviknight|78/100|[from] ability: Rough Skin|[of] p1a: Garchomp
|
|upkeep
|turn|17
|
|t:|1760457796
|move|p1a: Garchomp|Fire Fang|p2a: Corviknight
|-supereffective|p2a: Corviknight
|-damage|p2a: Corviknight|25/100
|-status|p2a: Corviknight|brn
|-damage|p1a: Garchomp|44/100|[from] item: Rocky Helmet|[of] p2a: Corviknight
|move|p2a: Corviknight|Body Press|p1a: Garchomp
|-damage|p1a: Garchomp|23/100
|-damage|p2a: Corviknight|12/100 brn|[from] ability: Rough Skin|[of] p1a: Garchomp
|
|-damage|p2a: Corviknight|6/100 brn|[from] brn
|upkeep
|turn|18
|
|t:|1760457807
|move|p1a: Garchomp|Fire Fang|p2a: Corviknight
|-supereffective|p2a: Corviknight
|-damage|p2a: Corviknight|0 fnt
|-damage|p1a: Garchomp|7/100|[from] item: Rocky Helmet|[of] p2a: Corviknight
|faint|p2a: Corviknight
|
|upkeep
|inactive|KantoKing1307 has 90 seconds left.
|
|t:|1760457828
|switch|p2a: Scizor|Scizor, M|100/100
|turn|19
|
|t:|1760457836
|switch|p1a: Iron Hands|Iron Hands, shiny|100/100
|-enditem|p1a: Iron Hands|Booster Energy
|-activate|p1a: Iron Hands|ability: Quark Drive|[fromitem]
|-start|p1a: Iron Hands|quarkdriveatk
|move|p2a: Scizor|Bullet Punch|p1a: Iron Hands
|-resisted|p1a: Iron Hands
|-damage|p1a: Iron Hands|83/100
|
|upkeep
|turn|20
|inactive|KantoKing1307 has 90 seconds left.
|
|t:|1760457859
|move|p2a: Scizor|Bullet Punch|p1a: Iron Hands
|-resisted|p1a: Iron Hands
|-damage|p1a: Iron Hands|67/100
|move|p1a: Iron Hands|Drain Punch|p2a: Scizor
|-damage|p2a: Scizor|43/100
|-heal|p1a: Iron Hands|86/100|[from] drain|[of] p2a: Scizor
|
|upkeep
|turn|21
|inactive|KantoKing1307 has 90 seconds left.
|
|t:|1760457866
|move|p2a: Scizor|Bullet Punch|p1a: Iron Hands
|-resisted|p1a: Iron Hands
|-damage|p1a: Iron Hands|70/100
|move|p1a: Iron Hands|Drain Punch|p2a: Scizor
|-damage|p2a: Scizor|0 fnt
|-heal|p1a: Iron Hands|84/100|[from] drain|[of] p2a: Scizor
|faint|p2a: Scizor
|
|upkeep
|inactive|KantoKing1307 has 90 seconds left.
|
|t:|1760457878
|switch|p2a: Jolteon|Jolteon, M|89/100
|turn|22
|
|t:|1760457882
|-terastallize|p2a: Jolteon|Fairy
|move|p2a: Jolteon|Alluring Voice|p1a: Iron Hands
|-supereffective|p1a: Iron Hands
|-damage|p1a: Iron Hands|0 fnt
|faint|p1a: Iron Hands
|-end|p1a: Iron Hands|Quark Drive|[silent]
|
|upkeep
|
|t:|1760457886
|switch|p1a: Garchomp|Garchomp, M, shiny|7/100
|turn|23
|
|t:|1760457889
|move|p2a: Jolteon|Alluring Voice|p1a: Garchomp
|-supereffective|p1a: Garchomp
|-damage|p1a: Garchomp|0 fnt
|faint|p1a: Garchomp
|
|win|KantoKing1307
|raw|delete tera's rating: 1425 &rarr; <strong>1405</strong><br />(-20 for losing)
|raw|KantoKing1307's rating: 1417 &rarr; <strong>1437</strong><br />(+20 for winning)
|l|☆delete tera
|player|p1|
|l|☆KantoKing1307
|player|p2|
