|j|☆Hakariiscool
|j|☆Breezy55
|t:|1760461081
|gametype|singles
|player|p1|Hakariiscool|roxie|1189
|player|p2|Breezy55|265|1192
|gen|9
|tier|[Gen 9] OU
|rated|
|rule|HP Percentage Mod: HP is shown in percentages
|rule|Endless Battle Clause: Forcing endless battles is banned
|rule|Species Clause: Limit one of each Pokémon
|rule|OHKO Clause: OHKO moves are banned
|rule|Evasion Items Clause: Evasion items are banned
|rule|Evasion Moves Clause: Evasion moves are banned
|rule|Evasion Abilities Clause: Evasion abilities are banned
|rule|Sleep Moves Clause: Sleep-inducing moves are banned
|clearpoke
|poke|p1|Great Tusk|
|poke|p1|Kingambit, M|
|poke|p1|Glimmora, M|
|poke|p1|Dragonite, M|
|poke|p1|Infernape, M|
|poke|p1|Dragapult, F|
|poke|p2|Hitmonchan, M|
|poke|p2|Jirachi|
|poke|p2|Landorus-Therian, M|
|poke|p2|Toxapex, F|
|poke|p2|Toxtricity, M|
|poke|p2|Terrakion|
|teampreview
|inactive|Battle timer is ON: inactive players will automatically lose when time's up. (requested by Breezy55)
|
|t:|1760461084
|teamsize|p1|6
|teamsize|p2|6
|start
|switch|p1a: Dragapult|Dragapult, F|100/100
|switch|p2a: Landorus|Landorus-Therian, M|100/100
|-ability|p2a: Landorus|Intimidate|boost
|-unboost|p1a: Dragapult|atk|1
|turn|1
|
|t:|1760461098
|move|p1a: Dragapult|Draco Meteor|p2a: Landorus
|-damage|p2a: Landorus|2/100
|-unboost|p1a: Dragapult|spa|2
|move|p2a: Landorus|Stealth Rock|p1a: Dragapult
|-sidestart|p1: Hakariiscool|move: Stealth Rock
|
|upkeep
|turn|2
|
|t:|1760461108
|switch|p2a: Toxapex|Toxapex, F|100/100
|move|p1a: Dragapult|Draco Meteor|p2a: Toxapex
|-damage|p2a: Toxapex|68/100
|-unboost|p1a: Dragapult|spa|2
|
|-heal|p2a: Toxapex|74/100|[from] item: Black Sludge
|upkeep
|turn|3
|
|t:|1760461136
|switch|p1a: Great Tusk|Great Tusk, shiny|100/100
|-damage|p1a: Great Tusk|97/100|[from] Stealth Rock
|-enditem|p1a: Great Tusk|Booster Energy
|-activate|p1a: Great Tusk|ability: Protosynthesis|[fromitem]
|-start|p1a: Great Tusk|protosynthesisspe
|move|p2a: Toxapex|Infestation|p1a: Great Tusk
|-resisted|p1a: Great Tusk
|-damage|p1a: Great Tusk|96/100
|-activate|p1a: Great Tusk|move: Infestation|[of] p2a: Toxapex
|
|-heal|p2a: Toxapex|80/100|[from] item: Black Sludge
|-damage|p1a: Great Tusk|83/100|[from] move: Infestation|[partiallytrapped]
|upkeep
|turn|4
|
|t:|1760461148
|move|p1a: Great Tusk|Headlong Rush|p2a: Toxapex
|-supereffective|p2a: Toxapex
|-damage|p2a: Toxapex|11/100
|-unboost|p1a: Great Tusk|def|1
|-unboost|p1a: Great Tusk|spd|1
|move|p2a: Toxapex|Toxic|p1a: Great Tusk
|-status|p1a: Great Tusk|tox
|
|-heal|p2a: Toxapex|18/100|[from] item: Black Sludge
|-damage|p1a: Great Tusk|77/100 tox|[from] psn
|-damage|p1a: Great Tusk|64/100 tox|[from] move: Infestation|[partiallytrapped]
|upkeep
|turn|5
|inactive|Hakariiscool has 120 seconds left.
|
|t:|1760461165
|switch|p2a: Landorus|Landorus-Therian, M|2/100
|-ability|p2a: Landorus|Intimidate|boost
|-unboost|p1a: Great Tusk|atk|1
|move|p1a: Great Tusk|Bulk Up|p1a: Great Tusk
|-boost|p1a: Great Tusk|atk|1
|-boost|p1a: Great Tusk|def|1
|
|-damage|p1a: Great Tusk|52/100 tox|[from] psn
|-end|p1a: Great Tusk|Infestation|[partiallytrapped]|[silent]
|upkeep
|turn|6
|inactive|Hakariiscool has 120 seconds left.
|
|t:|1760461188
|switch|p2a: Toxapex|Toxapex, F|51/100
|move|p1a: Great Tusk|Headlong Rush|p2a: Toxapex
|-supereffective|p2a: Toxapex
|-damage|p2a: Toxapex|0 fnt
|-unboost|p1a: Great Tusk|def|1
|-unboost|p1a: Great Tusk|spd|1
|faint|p2a: Toxapex
|
|-damage|p1a: Great Tusk|33/100 tox|[from] psn
|upkeep
|
|t:|1760461197
|switch|p2a: Hitmonchan|Hitmonchan, M|100/100
|turn|7
|
|t:|1760461203
|-end|p1a: Great Tusk|Protosynthesis|[silent]
|switch|p1a: Dragapult|Dragapult, F|100/100
|-damage|p1a: Dragapult|88/100|[from] Stealth Rock
|move|p2a: Hitmonchan|Mach Punch|p1a: Dragapult
|-immune|p1a: Dragapult
|
|upkeep
|turn|8
|
|t:|1760461211
|move|p1a: Dragapult|Draco Meteor|p2a: Hitmonchan
|-damage|p2a: Hitmonchan|41/100
|-unboost|p1a: Dragapult|spa|2
|move|p2a: Hitmonchan|Knock Off|p1a: Dragapult
|-supereffective|p1a: Dragapult
|-damage|p1a: Dragapult|2/100
|-enditem|p1a: Dragapult|Choice Specs|[from] move: Knock Off|[of] p2a: Hitmonchan
|
|upkeep
|turn|9
|inactive|Hakariiscool has 120 seconds left.
|
|t:|1760461253
|move|p1a: Dragapult|Draco Meteor|p2a: Hitmonchan
|-damage|p2a: Hitmonchan|22/100
|-unboost|p1a: Dragapult|spa|2
|move|p2a: Hitmonchan|Knock Off|p1a: Dragapult
|-supereffective|p1a: Dragapult
|-damage|p1a: Dragapult|0 fnt
|faint|p1a: Dragapult
|
|upkeep
|
|t:|1760461256
|switch|p1a: Infernape|Infernape, M|100/100
|-damage|p1a: Infernape|88/100|[from] Stealth Rock
|turn|10
|
|t:|1760461269
|switch|p2a: Landorus|Landorus-Therian, M|2/100
|-ability|p2a: Landorus|Intimidate|boost
|-unboost|p1a: Infernape|atk|1
|move|p1a: Infernape|Vacuum Wave|p2a: Landorus
|-resisted|p2a: Landorus
|-damage|p2a: Landorus|0 fnt
|faint|p2a: Landorus
|
|upkeep
|
|t:|1760461278
|switch|p2a: Terrakion|Terrakion|100/100
|turn|11
|inactive|Hakariiscool has 120 seconds left.
|
|t:|1760461307
|switch|p1a: Glimmora|Glimmora, M, shiny|100/100
|-damage|p1a: Glimmora|88/100|[from] Stealth Rock
|move|p2a: Terrakion|Close Combat|p1a: Glimmora
|-damage|p1a: Glimmora|0 fnt
|-unboost|p2a: Terrakion|def|1
|-unboost|p2a: Terrakion|spd|1
|-activate|p1a: Glimmora|ability: Toxic Debris
|-sidestart|p2: Breezy55|move: Toxic Spikes
|faint|p1a: Glimmora
|
|upkeep
|
|t:|1760461320
|switch|p1a: Dragonite|Dragonite, M, shiny|100/100
|turn|12
|
|t:|1760461328
|-terastallize|p1a: Dragonite|Normal
|move|p2a: Terrakion|Close Combat|p1a: Dragonite
|-supereffective|p1a: Dragonite
|-damage|p1a: Dragonite|0 fnt
|-unboost|p2a: Terrakion|def|1
|-unboost|p2a: Terrakion|spd|1
|faint|p1a: Dragonite
|
|upkeep
|
|t:|1760461342
|switch|p1a: Infernape|Infernape, M|88/100
|-damage|p1a: Infernape|76/100|[from] Stealth Rock
|turn|13
|
|t:|1760461349
|switch|p2a: Toxtricity|Toxtricity, M|100/100
|-sideend|p2: Breezy55|move: Toxic Spikes|[of] p2a: Toxtricity
|move|p1a: Infernape|Vacuum Wave|p2a: Toxtricity
|-resisted|p2a: Toxtricity
|-damage|p2a: Toxtricity|78/100
|
|upkeep
|turn|14
|
|t:|1760461354
|switch|p1a: Great Tusk|Great Tusk, shiny|33/100 tox
|-damage|p1a: Great Tusk|30/100 tox|[from] Stealth Rock
|switch|p2a: Hitmonchan|Hitmonchan, M|22/100
|
|-damage|p1a: Great Tusk|24/100 tox|[from] psn
|upkeep
|turn|15
|
|t:|1760461363
|move|p1a: Great Tusk|Headlong Rush|p2a: Hitmonchan
|-crit|p2a: Hitmonchan
|-damage|p2a: Hitmonchan|0 fnt
|-unboost|p1a: Great Tusk|def|1
|-unboost|p1a: Great Tusk|spd|1
|faint|p2a: Hitmonchan
|
|-damage|p1a: Great Tusk|12/100 tox|[from] psn
|upkeep
|
|t:|1760461371
|switch|p2a: Terrakion|Terrakion|100/100
|turn|16
|
|t:|1760461376
|move|p2a: Terrakion|Earthquake|p1a: Great Tusk
|-damage|p1a: Great Tusk|0 fnt
|faint|p1a: Great Tusk
|-end|p1a: Great Tusk|Protosynthesis|[silent]
|
|upkeep
|
|t:|1760461378
|switch|p1a: Infernape|Infernape, M|76/100
|-damage|p1a: Infernape|64/100|[from] Stealth Rock
|turn|17
|
|t:|1760461382
|move|p1a: Infernape|Vacuum Wave|p2a: Terrakion
|-supereffective|p2a: Terrakion
|-damage|p2a: Terrakion|34/100
|move|p2a: Terrakion|Earthquake|p1a: Infernape
|-supereffective|p1a: Infernape
|-crit|p1a: Infernape
|-damage|p1a: Infernape|0 fnt
|faint|p1a: Infernape
|
|upkeep
|
|t:|1760461385
|switch|p1a: Kingambit|Kingambit, M|100/100
|-damage|p1a: Kingambit|94/100|[from] Stealth Rock
|-activate|p1a: Kingambit|ability: Supreme Overlord
|-start|p1a: Kingambit|fallen5|[silent]
|turn|18
|
|t:|1760461406
|switch|p2a: Jirachi|Jirachi|100/100
|move|p1a: Kingambit|Sucker Punch||[still]
|-fail|p1a: Kingambit
|
|-heal|p1a: Kingambit|100/100|[from] item: Leftovers
|upkeep
|turn|19
|
|t:|1760461412
|move|p2a: Jirachi|Wish|p2a: Jirachi
|move|p1a: Kingambit|Swords Dance|p1a: Kingambit
|-boost|p1a: Kingambit|atk|2
|
|upkeep
|turn|20
|
|t:|1760461418
|move|p2a: Jirachi|U-turn|p1a: Kingambit
|-damage|p1a: Kingambit|88/100
|
|t:|1760461422
|switch|p2a: Terrakion|Terrakion|34/100|[from] U-turn
|move|p1a: Kingambit|Kowtow Cleave|p2a: Terrakion
|-resisted|p2a: Terrakion
|-damage|p2a: Terrakion|0 fnt
|faint|p2a: Terrakion
|
|-heal|p1a: Kingambit|94/100|[from] item: Leftovers
|upkeep
|-message|Breezy55 forfeited.
|
|win|Hakariiscool
|raw|Hakariiscool's rating: 1189 &rarr; <strong>1214</strong><br />(+25 for winning)
|raw|Breezy55's rating: 1192 &rarr; <strong>1167</strong><br />(-25 for losing)
|l|☆Breezy55
|player|p2|
|c|☆Hakariiscool|Gg
|l|☆Hakariiscool
|player|p1|
