|j|☆leonel201
|j|☆PalkiaLover1
|t:|1760430693
|gametype|singles
|player|p1|leonel201|102|1064
|player|p2|PalkiaLover1|red|1069
|gen|9
|tier|[Gen 9] OU
|rated|
|rule|HP Percentage Mod: HP is shown in percentages
|rule|Endless Battle Clause: Forcing endless battles is banned
|rule|Species Clause: Limit one of each Pokémon
|rule|OHKO Clause: OHKO moves are banned
|rule|Evasion Items Clause: Evasion items are banned
|rule|Evasion Moves Clause: Evasion moves are banned
|rule|Evasion Abilities Clause: Evasion abilities are banned
|rule|Sleep Moves Clause: Sleep-inducing moves are banned
|clearpoke
|poke|p1|Kingambit, M|
|poke|p1|Great Tusk|
|poke|p1|Blaziken, M|
|poke|p1|Scizor, M|
|poke|p1|Dragonite, M|
|poke|p1|Ogerpon-Wellspring, F|
|poke|p2|Glimmora, F|
|poke|p2|Gliscor, F|
|poke|p2|Scream Tail|
|poke|p2|Meloetta|
|poke|p2|Iron Hands|
|poke|p2|Ninetales, F|
|teampreview
|
|t:|1760430704
|teamsize|p1|6
|teamsize|p2|6
|start
|switch|p1a: Great Tusk|Great Tusk|100/100
|switch|p2a: Gliscor|Gliscor, F|100/100
|-enditem|p1a: Great Tusk|Booster Energy
|-activate|p1a: Great Tusk|ability: Protosynthesis|[fromitem]
|-start|p1a: Great Tusk|protosynthesisatk
|turn|1
|
|t:|1760430715
|move|p2a: Gliscor|Protect|p2a: Gliscor
|-singleturn|p2a: Gliscor|Protect
|move|p1a: Great Tusk|Stealth Rock|p2a: Gliscor
|-sidestart|p2: PalkiaLover1|move: Stealth Rock
|
|-status|p2a: Gliscor|tox|[from] item: Toxic Orb
|upkeep
|turn|2
|
|t:|1760430730
|-end|p1a: Great Tusk|Protosynthesis|[silent]
|switch|p1a: Ogerpon|Ogerpon-Wellspring, F|100/100
|move|p2a: Gliscor|Stealth Rock|p1a: Ogerpon
|-sidestart|p1: leonel201|move: Stealth Rock
|
|upkeep
|turn|3
|
|t:|1760430756
|switch|p2a: Iron Hands|Iron Hands|100/100
|-damage|p2a: Iron Hands|94/100|[from] Stealth Rock
|move|p1a: Ogerpon|Knock Off|p2a: Iron Hands
|-resisted|p2a: Iron Hands
|-damage|p2a: Iron Hands|82/100
|-enditem|p2a: Iron Hands|Leftovers|[from] move: Knock Off|[of] p1a: Ogerpon
|
|upkeep
|turn|4
|
|t:|1760430776
|switch|p1a: Great Tusk|Great Tusk|100/100
|-damage|p1a: Great Tusk|98/100|[from] Stealth Rock
|move|p2a: Iron Hands|Whirlwind|p1a: Great Tusk
|-end|p1a: Great Tusk|Protosynthesis|[silent]
|drag|p1a: Blaziken|Blaziken, M|100/100
|-damage|p1a: Blaziken|88/100|[from] Stealth Rock
|
|upkeep
|turn|5
|
|t:|1760430789
|move|p1a: Blaziken|Swords Dance|p1a: Blaziken
|-boost|p1a: Blaziken|atk|2
|move|p2a: Iron Hands|Close Combat|p1a: Blaziken
|-damage|p1a: Blaziken|0 fnt
|-unboost|p2a: Iron Hands|def|1
|-unboost|p2a: Iron Hands|spd|1
|faint|p1a: Blaziken
|
|upkeep
|
|t:|1760430804
|switch|p1a: Great Tusk|Great Tusk|98/100
|-damage|p1a: Great Tusk|95/100|[from] Stealth Rock
|turn|6
|
|t:|1760430814
|-end|p2a: Iron Hands|Quark Drive|[silent]
|switch|p2a: Scream Tail|Scream Tail|100/100
|move|p1a: Great Tusk|Rapid Spin|p2a: Scream Tail
|-damage|p2a: Scream Tail|84/100
|-boost|p1a: Great Tusk|spe|1
|-sideend|p1: leonel201|Stealth Rock|[from] move: Rapid Spin|[of] p1a: Great Tusk
|
|upkeep
|turn|7
|
|t:|1760430830
|move|p1a: Great Tusk|Headlong Rush|p2a: Scream Tail
|-damage|p2a: Scream Tail|29/100
|-unboost|p1a: Great Tusk|def|1
|-unboost|p1a: Great Tusk|spd|1
|move|p2a: Scream Tail|Perish Song|p2a: Scream Tail
|-start|p1a: Great Tusk|perish3|[silent]
|-start|p2a: Scream Tail|perish3|[silent]
|-fieldactivate|move: Perish Song
|
|-start|p1a: Great Tusk|perish3
|-start|p2a: Scream Tail|perish3
|upkeep
|turn|8
|
|t:|1760430841
|move|p2a: Scream Tail|Protect|p2a: Scream Tail
|-singleturn|p2a: Scream Tail|Protect
|move|p1a: Great Tusk|Headlong Rush|p2a: Scream Tail
|-activate|p2a: Scream Tail|move: Protect
|
|-start|p1a: Great Tusk|perish2
|-start|p2a: Scream Tail|perish2
|upkeep
|turn|9
|
|t:|1760430852
|-end|p2a: Scream Tail|Protosynthesis|[silent]
|switch|p2a: Gliscor|Gliscor, F|100/100 tox
|-damage|p2a: Gliscor|88/100 tox|[from] Stealth Rock
|move|p1a: Great Tusk|Headlong Rush|p2a: Gliscor
|-immune|p2a: Gliscor
|
|-heal|p2a: Gliscor|100/100 tox|[from] ability: Poison Heal
|-start|p1a: Great Tusk|perish1
|upkeep
|turn|10
|
|t:|1760430869
|-end|p1a: Great Tusk|Protosynthesis|[silent]
|switch|p1a: Dragonite|Dragonite, M|100/100
|move|p2a: Gliscor|Stealth Rock|p1a: Dragonite
|-sidestart|p1: leonel201|move: Stealth Rock
|
|upkeep
|turn|11
|
|t:|1760430882
|-terastallize|p1a: Dragonite|Dragon
|move|p2a: Gliscor|U-turn|p1a: Dragonite
|-damage|p1a: Dragonite|91/100
|
|t:|1760430893
|switch|p2a: Ninetales|Ninetales, F|100/100|[from] U-turn
|-damage|p2a: Ninetales|76/100|[from] Stealth Rock
|-weather|SunnyDay|[from] ability: Drought|[of] p2a: Ninetales
|move|p1a: Dragonite|Dragon Dance|p1a: Dragonite
|-boost|p1a: Dragonite|atk|1
|-boost|p1a: Dragonite|spe|1
|
|-weather|SunnyDay|[upkeep]
|-heal|p1a: Dragonite|97/100|[from] item: Leftovers
|-heal|p2a: Ninetales|82/100|[from] item: Leftovers
|upkeep
|turn|12
|
|t:|1760430918
|move|p1a: Dragonite|Dragon Claw|p2a: Ninetales
|-damage|p2a: Ninetales|0 fnt
|faint|p2a: Ninetales
|
|-weather|SunnyDay|[upkeep]
|-heal|p1a: Dragonite|100/100|[from] item: Leftovers
|upkeep
|
|t:|1760430928
|switch|p2a: Scream Tail|Scream Tail|29/100
|-activate|p2a: Scream Tail|ability: Protosynthesis
|-start|p2a: Scream Tail|protosynthesisspe
|turn|13
|
|t:|1760430937
|-terastallize|p2a: Scream Tail|Fairy
|move|p2a: Scream Tail|Dazzling Gleam|p1a: Dragonite
|-supereffective|p1a: Dragonite
|-damage|p1a: Dragonite|66/100
|move|p1a: Dragonite|Dragon Dance|p1a: Dragonite
|-boost|p1a: Dragonite|atk|1
|-boost|p1a: Dragonite|spe|1
|
|-weather|SunnyDay|[upkeep]
|-heal|p1a: Dragonite|72/100|[from] item: Leftovers
|upkeep
|turn|14
|
|t:|1760430950
|move|p2a: Scream Tail|Perish Song|p2a: Scream Tail
|-start|p1a: Dragonite|perish3|[silent]
|-start|p2a: Scream Tail|perish3|[silent]
|-fieldactivate|move: Perish Song
|move|p1a: Dragonite|Iron Head|p2a: Scream Tail
|-supereffective|p2a: Scream Tail
|-damage|p2a: Scream Tail|0 fnt
|faint|p2a: Scream Tail
|-end|p2a: Scream Tail|Protosynthesis|[silent]
|
|-weather|SunnyDay|[upkeep]
|-heal|p1a: Dragonite|78/100|[from] item: Leftovers
|-start|p1a: Dragonite|perish3
|upkeep
|
|t:|1760430959
|switch|p2a: Glimmora|Glimmora, F|100/100
|-damage|p2a: Glimmora|88/100|[from] Stealth Rock
|turn|15
|
|t:|1760430969
|move|p1a: Dragonite|Dragon Claw|p2a: Glimmora
|-damage|p2a: Glimmora|0 fnt
|-activate|p2a: Glimmora|ability: Toxic Debris
|-sidestart|p1: leonel201|move: Toxic Spikes
|faint|p2a: Glimmora
|
|-weather|none
|-heal|p1a: Dragonite|84/100|[from] item: Leftovers
|-start|p1a: Dragonite|perish2
|upkeep
|
|t:|1760430982
|switch|p2a: Gliscor|Gliscor, F|100/100 tox
|-damage|p2a: Gliscor|88/100 tox|[from] Stealth Rock
|turn|16
|
|t:|1760430988
|move|p2a: Gliscor|Protect|p2a: Gliscor
|-singleturn|p2a: Gliscor|Protect
|move|p1a: Dragonite|Dragon Claw|p2a: Gliscor
|-activate|p2a: Gliscor|move: Protect
|
|-heal|p1a: Dragonite|91/100|[from] item: Leftovers
|-heal|p2a: Gliscor|100/100 tox|[from] ability: Poison Heal
|-start|p1a: Dragonite|perish1
|upkeep
|turn|17
|
|t:|1760431001
|switch|p2a: Iron Hands|Iron Hands|82/100
|-damage|p2a: Iron Hands|76/100|[from] Stealth Rock
|move|p1a: Dragonite|Dragon Claw|p2a: Iron Hands
|-damage|p2a: Iron Hands|2/100
|
|-heal|p1a: Dragonite|97/100|[from] item: Leftovers
|-start|p1a: Dragonite|perish0
|upkeep
|faint|p1a: Dragonite
|
|t:|1760431012
|switch|p1a: Scizor|Scizor, M|100/100
|-damage|p1a: Scizor|88/100|[from] Stealth Rock
|turn|18
|
|t:|1760431020
|move|p2a: Iron Hands|Fake Out|p1a: Scizor
|-resisted|p1a: Scizor
|-damage|p1a: Scizor|80/100
|cant|p1a: Scizor|flinch
|
|upkeep
|turn|19
|
|t:|1760431026
|move|p1a: Scizor|Bullet Punch|p2a: Iron Hands
|-resisted|p2a: Iron Hands
|-damage|p2a: Iron Hands|0 fnt
|faint|p2a: Iron Hands
|-end|p2a: Iron Hands|Quark Drive|[silent]
|
|upkeep
|
|t:|1760431034
|switch|p2a: Meloetta|Meloetta|100/100
|-damage|p2a: Meloetta|88/100|[from] Stealth Rock
|turn|20
|
|t:|1760431043
|move|p2a: Meloetta|Relic Song|p1a: Scizor
|-resisted|p1a: Scizor
|-damage|p1a: Scizor|57/100
|-formechange|p2a: Meloetta|Meloetta-Pirouette|[msg]
|move|p1a: Scizor|Knock Off|p2a: Meloetta
|-resisted|p2a: Meloetta
|-damage|p2a: Meloetta|69/100
|-enditem|p2a: Meloetta|Focus Sash|[from] move: Knock Off|[of] p1a: Scizor
|
|upkeep
|turn|21
|
|t:|1760431058
|move|p2a: Meloetta|Relic Song|p1a: Scizor
|-resisted|p1a: Scizor
|-damage|p1a: Scizor|40/100
|-formechange|p2a: Meloetta|Meloetta|[msg]
|move|p1a: Scizor|Iron Head|p2a: Meloetta
|-damage|p2a: Meloetta|14/100
|
|upkeep
|turn|22
|
|t:|1760431067
|move|p2a: Meloetta|Relic Song|p1a: Scizor
|-resisted|p1a: Scizor
|-damage|p1a: Scizor|16/100
|-formechange|p2a: Meloetta|Meloetta-Pirouette|[msg]
|move|p1a: Scizor|Knock Off|p2a: Meloetta
|-resisted|p2a: Meloetta
|-crit|p2a: Meloetta
|-damage|p2a: Meloetta|0 fnt
|faint|p2a: Meloetta
|
|upkeep
|
|t:|1760431075
|switch|p2a: Gliscor|Gliscor, F|100/100 tox
|-damage|p2a: Gliscor|88/100 tox|[from] Stealth Rock
|turn|23
|
|t:|1760431081
|move|p1a: Scizor|Bullet Punch|p2a: Gliscor
|-damage|p2a: Gliscor|56/100 tox
|move|p2a: Gliscor|Brick Break|p1a: Scizor
|-damage|p1a: Scizor|0 fnt
|faint|p1a: Scizor
|
|-heal|p2a: Gliscor|68/100 tox|[from] ability: Poison Heal
|upkeep
|
|t:|1760431092
|switch|p1a: Ogerpon|Ogerpon-Wellspring, F|100/100
|-damage|p1a: Ogerpon|88/100|[from] Stealth Rock
|-status|p1a: Ogerpon|psn
|turn|24
|
|t:|1760431100
|move|p2a: Gliscor|Protect|p2a: Gliscor
|-singleturn|p2a: Gliscor|Protect
|move|p1a: Ogerpon|Knock Off|p2a: Gliscor
|-activate|p2a: Gliscor|move: Protect
|
|-damage|p1a: Ogerpon|76/100 psn|[from] psn
|-heal|p2a: Gliscor|81/100 tox|[from] ability: Poison Heal
|upkeep
|turn|25
|
|t:|1760431110
|move|p1a: Ogerpon|Knock Off|p2a: Gliscor
|-damage|p2a: Gliscor|44/100 tox
|-enditem|p2a: Gliscor|Toxic Orb|[from] move: Knock Off|[of] p1a: Ogerpon
|move|p2a: Gliscor|U-turn|p1a: Ogerpon
|-supereffective|p1a: Ogerpon
|-damage|p1a: Ogerpon|21/100 psn
|
|-damage|p1a: Ogerpon|9/100 psn|[from] psn
|-heal|p2a: Gliscor|57/100 tox|[from] ability: Poison Heal
|upkeep
|turn|26
|
|t:|1760431123
|move|p2a: Gliscor|Protect|p2a: Gliscor
|-singleturn|p2a: Gliscor|Protect
|move|p1a: Ogerpon|Encore|p2a: Gliscor
|-activate|p2a: Gliscor|move: Protect
|
|-damage|p1a: Ogerpon|0 fnt|[from] psn
|faint|p1a: Ogerpon
|-heal|p2a: Gliscor|69/100 tox|[from] ability: Poison Heal
|upkeep
|
|t:|1760431136
|switch|p1a: Great Tusk|Great Tusk|95/100
|-damage|p1a: Great Tusk|92/100|[from] Stealth Rock
|-status|p1a: Great Tusk|psn
|turn|27
|
|t:|1760431149
|move|p2a: Gliscor|Brick Break|p1a: Great Tusk
|-damage|p1a: Great Tusk|75/100 psn
|move|p1a: Great Tusk|Rapid Spin|p2a: Gliscor
|-crit|p2a: Gliscor
|-damage|p2a: Gliscor|41/100 tox
|-boost|p1a: Great Tusk|spe|1
|-sideend|p1: leonel201|Toxic Spikes|[from] move: Rapid Spin|[of] p1a: Great Tusk
|-sideend|p1: leonel201|Stealth Rock|[from] move: Rapid Spin|[of] p1a: Great Tusk
|
|-damage|p1a: Great Tusk|63/100 psn|[from] psn
|-heal|p2a: Gliscor|53/100 tox|[from] ability: Poison Heal
|upkeep
|turn|28
|
|t:|1760431162
|move|p2a: Gliscor|Protect|p2a: Gliscor
|-singleturn|p2a: Gliscor|Protect
|move|p1a: Great Tusk|Rapid Spin|p2a: Gliscor
|-activate|p2a: Gliscor|move: Protect
|
|-damage|p1a: Great Tusk|51/100 psn|[from] psn
|-heal|p2a: Gliscor|66/100 tox|[from] ability: Poison Heal
|upkeep
|turn|29
|
|t:|1760431175
|move|p1a: Great Tusk|Rapid Spin|p2a: Gliscor
|-damage|p2a: Gliscor|50/100 tox
|-boost|p1a: Great Tusk|spe|1
|move|p2a: Gliscor|Brick Break|p1a: Great Tusk
|-damage|p1a: Great Tusk|36/100 psn
|
|-damage|p1a: Great Tusk|24/100 psn|[from] psn
|-heal|p2a: Gliscor|62/100 tox|[from] ability: Poison Heal
|upkeep
|turn|30
|
|t:|1760431186
|-end|p1a: Great Tusk|Protosynthesis|[silent]
|switch|p1a: Kingambit|Kingambit, M|100/100
|-activate|p1a: Kingambit|ability: Supreme Overlord
|-start|p1a: Kingambit|fallen4|[silent]
|move|p2a: Gliscor|Protect||[still]
|-fail|p2a: Gliscor
|
|-heal|p2a: Gliscor|74/100 tox|[from] ability: Poison Heal
|upkeep
|turn|31
|
|t:|1760431207
|move|p1a: Kingambit|Sucker Punch|p2a: Gliscor
|-damage|p2a: Gliscor|15/100 tox
|move|p2a: Gliscor|Brick Break|p1a: Kingambit
|-supereffective|p1a: Kingambit
|-damage|p1a: Kingambit|44/100
|
|-heal|p2a: Gliscor|28/100 tox|[from] ability: Poison Heal
|upkeep
|turn|32
|
|t:|1760431220
|move|p1a: Kingambit|Sucker Punch||[still]
|-fail|p1a: Kingambit
|move|p2a: Gliscor|Stealth Rock|p1a: Kingambit
|-sidestart|p1: leonel201|move: Stealth Rock
|
|-heal|p2a: Gliscor|40/100 tox|[from] ability: Poison Heal
|upkeep
|turn|33
|
|t:|1760431228
|move|p2a: Gliscor|Protect|p2a: Gliscor
|-singleturn|p2a: Gliscor|Protect
|move|p1a: Kingambit|Sucker Punch||[still]
|-fail|p1a: Kingambit
|
|-heal|p2a: Gliscor|52/100 tox|[from] ability: Poison Heal
|upkeep
|turn|34
|
|t:|1760431238
|move|p1a: Kingambit|Sucker Punch||[still]
|-fail|p1a: Kingambit
|move|p2a: Gliscor|Stealth Rock||[still]
|-fail|p2a: Gliscor
|
|-heal|p2a: Gliscor|65/100 tox|[from] ability: Poison Heal
|upkeep
|turn|35
|
|t:|1760431248
|move|p2a: Gliscor|Protect|p2a: Gliscor
|-singleturn|p2a: Gliscor|Protect
|move|p1a: Kingambit|Kowtow Cleave|p2a: Gliscor
|-activate|p2a: Gliscor|move: Protect
|
|-heal|p2a: Gliscor|77/100 tox|[from] ability: Poison Heal
|upkeep
|turn|36
|
|t:|1760431258
|move|p1a: Kingambit|Sucker Punch|p2a: Gliscor
|-damage|p2a: Gliscor|21/100 tox
|-heal|p1a: Kingambit|49/100|[from] item: Shell Bell|[of] p2a: Gliscor
|move|p2a: Gliscor|Brick Break|p1a: Kingambit
|-supereffective|p1a: Kingambit
|-damage|p1a: Kingambit|0 fnt
|faint|p1a: Kingambit
|-end|p1a: Kingambit|fallen4|[silent]
|
|-heal|p2a: Gliscor|33/100 tox|[from] ability: Poison Heal
|upkeep
|
|t:|1760431269
|switch|p1a: Great Tusk|Great Tusk|24/100 psn
|-damage|p1a: Great Tusk|21/100 psn|[from] Stealth Rock
|turn|37
|
|t:|1760431277
|move|p2a: Gliscor|Protect|p2a: Gliscor
|-singleturn|p2a: Gliscor|Protect
|move|p1a: Great Tusk|Close Combat|p2a: Gliscor
|-activate|p2a: Gliscor|move: Protect
|
|-heal|p2a: Gliscor|46/100 tox|[from] ability: Poison Heal
|-damage|p1a: Great Tusk|9/100 psn|[from] psn
|upkeep
|turn|38
|
|t:|1760431291
|move|p2a: Gliscor|Brick Break|p1a: Great Tusk
|-crit|p1a: Great Tusk
|-damage|p1a: Great Tusk|0 fnt
|faint|p1a: Great Tusk
|-end|p1a: Great Tusk|Protosynthesis|[silent]
|
|win|PalkiaLover1
|raw|leonel201's rating: 1064 &rarr; <strong>1045</strong><br />(-19 for losing)
|raw|PalkiaLover1's rating: 1069 &rarr; <strong>1098</strong><br />(+29 for winning)
|c|☆PalkiaLover1|GG
|l|☆leonel201
|player|p1|
|c|☆PalkiaLover1|Too easy NPC
|l|☆PalkiaLover1
|player|p2|
