|j|☆YJIOG
|j|☆chrxn't
|t:|1760353199
|gametype|singles
|player|p1|YJIOG|scientist-gen4dp|1096
|player|p2|chrxn't|psychic-gen4|1138
|gen|9
|tier|[Gen 9] OU
|rated|
|rule|HP Percentage Mod: HP is shown in percentages
|rule|Endless Battle Clause: Forcing endless battles is banned
|rule|Species Clause: Limit one of each Pokémon
|rule|OHKO Clause: OHKO moves are banned
|rule|Evasion Items Clause: Evasion items are banned
|rule|Evasion Moves Clause: Evasion moves are banned
|rule|Evasion Abilities Clause: Evasion abilities are banned
|rule|Sleep Moves Clause: Sleep-inducing moves are banned
|clearpoke
|poke|p1|Torkoal, M|
|poke|p1|Goodra-Hisui, F|
|poke|p1|Great Tusk|
|poke|p1|Scovillain, F|
|poke|p1|Ninetales, F|
|poke|p1|Walking Wake|
|poke|p2|Jirachi|
|poke|p2|Squawkabilly-White, M|
|poke|p2|Gholdengo|
|poke|p2|Latios, M|
|poke|p2|Darkrai|
|poke|p2|Deoxys-Speed|
|teampreview
|inactive|Battle timer is ON: inactive players will automatically lose when time's up. (requested by chrxn't)
|
|t:|1760353212
|teamsize|p1|6
|teamsize|p2|6
|start
|switch|p1a: Ninetales|Ninetales, F|100/100
|switch|p2a: Deoxys|Deoxys-Speed|100/100
|-ability|p2a: Deoxys|Pressure
|-weather|SunnyDay|[from] ability: Drought|[of] p1a: Ninetales
|turn|1
|
|t:|1760353221
|switch|p1a: Goodra|Goodra-Hisui, F|100/100
|move|p2a: Deoxys|Psycho Boost|p1a: Goodra
|-resisted|p1a: Goodra
|-damage|p1a: Goodra|90/100
|-unboost|p2a: Deoxys|spa|2
|-enditem|p2a: Deoxys|Eject Pack
|
|t:|1760353239
|switch|p2a: Darkrai|Darkrai|100/100
|
|-weather|SunnyDay|[upkeep]
|upkeep
|turn|2
|
|t:|1760353246
|move|p2a: Darkrai|Focus Blast|p1a: Goodra
|-supereffective|p1a: Goodra
|-damage|p1a: Goodra|55/100
|move|p1a: Goodra|Knock Off|p2a: Darkrai
|-resisted|p2a: Darkrai
|-damage|p2a: Darkrai|86/100
|-enditem|p2a: Darkrai|Wise Glasses|[from] move: Knock Off|[of] p1a: Goodra
|
|-weather|SunnyDay|[upkeep]
|upkeep
|turn|3
|
|t:|1760353259
|move|p2a: Darkrai|Nasty Plot|p2a: Darkrai
|-boost|p2a: Darkrai|spa|2
|move|p1a: Goodra|Earthquake|p2a: Darkrai
|-damage|p2a: Darkrai|54/100
|
|-weather|SunnyDay|[upkeep]
|upkeep
|turn|4
|c|☆chrxn't|is it av?
|
|t:|1760353280
|move|p2a: Darkrai|Dark Pulse|p1a: Goodra
|-damage|p1a: Goodra|21/100
|move|p1a: Goodra|Draco Meteor|p2a: Darkrai
|-damage|p2a: Darkrai|0 fnt
|-unboost|p1a: Goodra|spa|2
|faint|p2a: Darkrai
|
|-weather|SunnyDay|[upkeep]
|upkeep
|
|t:|1760353288
|switch|p2a: hello im not evil|Jirachi|100/100
|turn|5
|
|t:|1760353306
|switch|p1a: Scovillain|Scovillain, F|100/100
|move|p2a: hello im not evil|Drain Punch|p1a: Scovillain
|-damage|p1a: Scovillain|53/100
|-damage|p2a: hello im not evil|91/100|[from] item: Life Orb
|
|-weather|none
|upkeep
|turn|6
|
|t:|1760353322
|move|p2a: hello im not evil|Iron Head|p1a: Scovillain
|-resisted|p1a: Scovillain
|-damage|p1a: Scovillain|15/100
|-damage|p2a: hello im not evil|81/100|[from] item: Life Orb
|cant|p1a: Scovillain|flinch
|
|upkeep
|turn|7
|
|t:|1760353333
|switch|p1a: Ninetales|Ninetales, F|100/100
|-weather|SunnyDay|[from] ability: Drought|[of] p1a: Ninetales
|move|p2a: hello im not evil|Drain Punch|p1a: Ninetales
|-damage|p1a: Ninetales|59/100
|-heal|p2a: hello im not evil|98/100|[from] drain|[of] p1a: Ninetales
|-damage|p2a: hello im not evil|88/100|[from] item: Life Orb
|
|-weather|SunnyDay|[upkeep]
|upkeep
|turn|8
|
|t:|1760353342
|switch|p2a: Latios|Latios, M|100/100
|move|p1a: Ninetales|Weather Ball|p2a: Latios
|-resisted|p2a: Latios
|-damage|p2a: Latios|58/100
|
|-weather|SunnyDay|[upkeep]
|upkeep
|turn|9
|inactive|YJIOG has 120 seconds left.
|
|t:|1760353388
|switch|p1a: Great Tusk|Great Tusk|100/100
|-activate|p1a: Great Tusk|ability: Protosynthesis
|-start|p1a: Great Tusk|protosynthesisatk
|move|p2a: Latios|Draco Meteor|p1a: Great Tusk
|-damage|p1a: Great Tusk|0 fnt
|-unboost|p2a: Latios|spa|2
|faint|p1a: Great Tusk
|-end|p1a: Great Tusk|Protosynthesis|[silent]
|
|-weather|SunnyDay|[upkeep]
|upkeep
|inactive|YJIOG has 90 seconds left.
|
|t:|1760353401
|switch|p1a: Scovillain|Scovillain, F|15/100
|turn|10
|inactive|YJIOG has 90 seconds left.
|
|t:|1760353411
|-terastallize|p1a: Scovillain|Fire
|move|p1a: Scovillain|Flamethrower|p2a: Latios
|-resisted|p2a: Latios
|-damage|p2a: Latios|0 fnt
|faint|p2a: Latios
|
|-weather|SunnyDay|[upkeep]
|upkeep
|
|t:|1760353422
|switch|p2a: TacticalNuke|Squawkabilly-White, M|100/100
|turn|11
|
|t:|1760353428
|move|p2a: TacticalNuke|Quick Attack|p1a: Scovillain
|-damage|p1a: Scovillain|0 fnt
|faint|p1a: Scovillain
|-damage|p2a: TacticalNuke|91/100|[from] item: Life Orb
|
|-weather|none
|upkeep
|
|t:|1760353436
|switch|p1a: Ninetales|Ninetales, F|59/100
|-weather|SunnyDay|[from] ability: Drought|[of] p1a: Ninetales
|turn|12
|
|t:|1760353442
|move|p1a: Ninetales|Weather Ball|p2a: TacticalNuke
|-damage|p2a: TacticalNuke|0 fnt
|faint|p2a: TacticalNuke
|
|-weather|SunnyDay|[upkeep]
|upkeep
|
|t:|1760353451
|switch|p2a: Deoxys|Deoxys-Speed|100/100
|-ability|p2a: Deoxys|Pressure
|turn|13
|
|t:|1760353460
|move|p2a: Deoxys|Focus Blast|p1a: Ninetales|[miss]
|-miss|p2a: Deoxys|p1a: Ninetales
|move|p1a: Ninetales|Weather Ball|p2a: Deoxys
|-damage|p2a: Deoxys|0 fnt
|faint|p2a: Deoxys
|
|-weather|SunnyDay|[upkeep]
|upkeep
|
|t:|1760353463
|switch|p2a: hello im not evil|Jirachi|88/100
|turn|14
|inactive|YJIOG has 120 seconds left.
|
|t:|1760353475
|move|p2a: hello im not evil|Iron Head|p1a: Ninetales
|-resisted|p1a: Ninetales
|-damage|p1a: Ninetales|25/100
|-damage|p2a: hello im not evil|78/100|[from] item: Life Orb
|move|p1a: Ninetales|Weather Ball|p2a: hello im not evil
|-supereffective|p2a: hello im not evil
|-damage|p2a: hello im not evil|0 fnt
|faint|p2a: hello im not evil
|
|-weather|SunnyDay|[upkeep]
|upkeep
|
|t:|1760353482
|switch|p2a: fat boi|Gholdengo|100/100
|turn|15
|
|t:|1760353491
|switch|p1a: Torkoal|Torkoal, M|100/100
|move|p2a: fat boi|Shadow Ball|p1a: Torkoal
|-damage|p1a: Torkoal|43/100
|
|-weather|SunnyDay|[upkeep]
|upkeep
|turn|16
|
|t:|1760353500
|move|p2a: fat boi|Shadow Ball|p1a: Torkoal
|-damage|p1a: Torkoal|0 fnt
|faint|p1a: Torkoal
|
|-weather|none
|upkeep
|
|t:|1760353504
|switch|p1a: Ninetales|Ninetales, F|25/100
|-weather|SunnyDay|[from] ability: Drought|[of] p1a: Ninetales
|turn|17
|
|t:|1760353509
|move|p1a: Ninetales|Healing Wish|p1a: Ninetales
|faint|p1a: Ninetales
|move|p2a: fat boi|Shadow Ball|p1: Ninetales|[notarget]
|-fail|p2a: fat boi
|
|-weather|SunnyDay|[upkeep]
|upkeep
|
|t:|1760353520
|switch|p1a: Goodra|Goodra-Hisui, F|21/100
|-heal|p1a: Goodra|100/100|[from] move: Healing Wish
|turn|18
|
|t:|1760353527
|move|p2a: fat boi|Charge Beam|p1a: Goodra
|-resisted|p1a: Goodra
|-damage|p1a: Goodra|98/100
|-boost|p2a: fat boi|spa|1
|move|p1a: Goodra|Earthquake|p2a: fat boi
|-supereffective|p2a: fat boi
|-damage|p2a: fat boi|54/100
|
|-weather|SunnyDay|[upkeep]
|upkeep
|turn|19
|
|t:|1760353545
|move|p2a: fat boi|Focus Blast|p1a: Goodra
|-supereffective|p1a: Goodra
|-damage|p1a: Goodra|54/100
|-unboost|p1a: Goodra|spd|1
|move|p1a: Goodra|Earthquake|p2a: fat boi
|-supereffective|p2a: fat boi
|-damage|p2a: fat boi|5/100
|
|-weather|SunnyDay|[upkeep]
|upkeep
|turn|20
|
|t:|1760353550
|move|p2a: fat boi|Shadow Ball|p1a: Goodra
|-damage|p1a: Goodra|21/100
|-unboost|p1a: Goodra|spd|1
|move|p1a: Goodra|Knock Off|p2a: fat boi
|-supereffective|p2a: fat boi
|-damage|p2a: fat boi|0 fnt
|-enditem|p2a: fat boi|Assault Vest|[from] move: Knock Off|[of] p1a: Goodra
|faint|p2a: fat boi
|
|win|YJIOG
|raw|YJIOG's rating: 1096 &rarr; <strong>1125</strong><br />(+29 for winning)
|raw|chrxn&apos;t's rating: 1138 &rarr; <strong>1110</strong><br />(-28 for losing)
|l|☆chrxn't
|player|p2|
