|j|☆Fermmin
|j|☆jrg123
|t:|1760299370
|gametype|singles
|player|p1|Fermmin|rood|1464
|player|p2|jrg123|266|1496
|gen|9
|tier|[Gen 9] OU
|rated|
|rule|HP Percentage Mod: HP is shown in percentages
|rule|Endless Battle Clause: Forcing endless battles is banned
|rule|Species Clause: Limit one of each Pokémon
|rule|OHKO Clause: OHKO moves are banned
|rule|Evasion Items Clause: Evasion items are banned
|rule|Evasion Moves Clause: Evasion moves are banned
|rule|Evasion Abilities Clause: Evasion abilities are banned
|rule|Sleep Moves Clause: Sleep-inducing moves are banned
|clearpoke
|poke|p1|Torterra, M|
|poke|p1|Grimmsnarl, M|
|poke|p1|Pecharunt|
|poke|p1|Great Tusk|
|poke|p1|Raging Bolt|
|poke|p1|Scizor, F|
|poke|p2|Kyurem|
|poke|p2|Corviknight, F|
|poke|p2|Ting-Lu|
|poke|p2|Dondozo, F|
|poke|p2|Slowking-Galar, L99, M|
|poke|p2|Cinderace, M|
|teampreview
|inactive|Battle timer is ON: inactive players will automatically lose when time's up. (requested by Fermmin)
|inactive|jrg123 has 120 seconds left.
|inactive|jrg123 has 90 seconds left.
|
|t:|1760299437
|teamsize|p1|6
|teamsize|p2|6
|start
|switch|p1a: Torterra|Torterra, M|100/100
|switch|p2a: Kyurem|Kyurem|100/100
|-ability|p2a: Kyurem|Pressure
|turn|1
|inactive|Fermmin has 120 seconds left.
|
|t:|1760299471
|-terastallize|p1a: Torterra|Rock
|move|p2a: Kyurem|Substitute|p2a: Kyurem
|-start|p2a: Kyurem|Substitute
|-damage|p2a: Kyurem|75/100
|move|p1a: Torterra|Shell Smash|p1a: Torterra
|-unboost|p1a: Torterra|def|1
|-unboost|p1a: Torterra|spd|1
|-boost|p1a: Torterra|atk|2
|-boost|p1a: Torterra|spa|2
|-boost|p1a: Torterra|spe|2
|
|-heal|p2a: Kyurem|82/100|[from] item: Leftovers
|upkeep
|turn|2
|
|t:|1760299483
|move|p1a: Torterra|Rock Blast|p2a: Kyurem
|-supereffective|p2a: Kyurem
|-end|p2a: Kyurem|Substitute
|-supereffective|p2a: Kyurem
|-damage|p2a: Kyurem|37/100
|-supereffective|p2a: Kyurem
|-damage|p2a: Kyurem|0 fnt
|faint|p2a: Kyurem
|-hitcount|p2: Kyurem|3
|
|upkeep
|
|t:|1760299495
|switch|p2a: Dondozo|Dondozo, F|100/100
|turn|3
|
|t:|1760299502
|-terastallize|p2a: Dondozo|Grass
|move|p1a: Torterra|Bullet Seed|p2a: Dondozo
|-resisted|p2a: Dondozo
|-damage|p2a: Dondozo|98/100
|-resisted|p2a: Dondozo
|-damage|p2a: Dondozo|95/100
|-resisted|p2a: Dondozo
|-damage|p2a: Dondozo|92/100
|-resisted|p2a: Dondozo
|-damage|p2a: Dondozo|90/100
|-hitcount|p2a: Dondozo|4
|move|p2a: Dondozo|Curse|p2a: Dondozo
|-unboost|p2a: Dondozo|spe|1
|-boost|p2a: Dondozo|atk|1
|-boost|p2a: Dondozo|def|1
|
|-heal|p2a: Dondozo|96/100|[from] item: Leftovers
|upkeep
|turn|4
|
|t:|1760299507
|switch|p1a: Scizor|Scizor, F|100/100
|move|p2a: Dondozo|Curse|p2a: Dondozo
|-unboost|p2a: Dondozo|spe|1
|-boost|p2a: Dondozo|atk|1
|-boost|p2a: Dondozo|def|1
|
|-heal|p2a: Dondozo|100/100|[from] item: Leftovers
|upkeep
|turn|5
|inactive|Fermmin has 120 seconds left.
|inactive|Fermmin has 90 seconds left.
|
|t:|1760299588
|move|p1a: Scizor|Bug Bite|p2a: Dondozo
|-supereffective|p2a: Dondozo
|-damage|p2a: Dondozo|73/100
|-damage|p1a: Scizor|91/100|[from] item: Life Orb
|move|p2a: Dondozo|Waterfall|p1a: Scizor
|-damage|p1a: Scizor|21/100
|
|-heal|p2a: Dondozo|79/100|[from] item: Leftovers
|upkeep
|turn|6
|
|t:|1760299598
|move|p1a: Scizor|Knock Off|p2a: Dondozo
|-crit|p2a: Dondozo
|-damage|p2a: Dondozo|48/100
|-enditem|p2a: Dondozo|Leftovers|[from] move: Knock Off|[of] p1a: Scizor
|-damage|p1a: Scizor|11/100|[from] item: Life Orb
|move|p2a: Dondozo|Waterfall|p1a: Scizor
|-damage|p1a: Scizor|0 fnt
|faint|p1a: Scizor
|
|upkeep
|
|t:|1760299605
|switch|p1a: Pecharunt|Pecharunt|100/100
|-item|p1a: Pecharunt|Air Balloon
|turn|7
|
|t:|1760299611
|move|p1a: Pecharunt|Malignant Chain|p2a: Dondozo
|-supereffective|p2a: Dondozo
|-damage|p2a: Dondozo|0 fnt
|faint|p2a: Dondozo
|
|upkeep
|
|t:|1760299616
|switch|p2a: Slowking|Slowking-Galar, L99, M|100/100
|turn|8
|inactive|Fermmin has 90 seconds left.
|
|t:|1760299622
|switch|p1a: Grimmsnarl|Grimmsnarl, M|100/100
|move|p2a: Slowking|Future Sight|p1a: Grimmsnarl
|-start|p2a: Slowking|move: Future Sight
|
|upkeep
|turn|9
|
|t:|1760299627
|move|p1a: Grimmsnarl|Light Screen|p1a: Grimmsnarl
|-sidestart|p1: Fermmin|move: Light Screen
|-prepare|p2a: Slowking|Chilly Reception|[premajor]
|move|p2a: Slowking|Chilly Reception|p2a: Slowking
|-weather|Snowscape
|
|t:|1760299631
|switch|p2a: Cinderace|Cinderace, M|100/100|[from] Chilly Reception
|
|-weather|Snowscape|[upkeep]
|upkeep
|turn|10
|
|t:|1760299636
|move|p1a: Grimmsnarl|Parting Shot|p2a: Cinderace
|-unboost|p2a: Cinderace|atk|1
|-unboost|p2a: Cinderace|spa|1
|
|t:|1760299639
|switch|p1a: Great Tusk|Great Tusk|100/100|[from] Parting Shot
|-enditem|p1a: Great Tusk|Booster Energy
|-activate|p1a: Great Tusk|ability: Protosynthesis|[fromitem]
|-start|p1a: Great Tusk|protosynthesisspe
|move|p2a: Cinderace|Pyro Ball|p1a: Great Tusk
|-damage|p1a: Great Tusk|82/100
|
|-weather|Snowscape|[upkeep]
|-end|p1a: Great Tusk|move: Future Sight
|-supereffective|p1a: Great Tusk
|-damage|p1a: Great Tusk|26/100
|upkeep
|turn|11
|inactive|Fermmin has 120 seconds left.
|
|t:|1760299650
|switch|p2a: Corviknight|Corviknight, F|100/100
|-ability|p2a: Corviknight|Pressure
|move|p1a: Great Tusk|Stealth Rock|p2a: Corviknight
|-sidestart|p2: jrg123|move: Stealth Rock
|
|-weather|Snowscape|[upkeep]
|upkeep
|turn|12
|inactive|Fermmin has 120 seconds left.
|
|t:|1760299670
|move|p1a: Great Tusk|Ice Spinner|p2a: Corviknight
|-damage|p2a: Corviknight|86/100
|-damage|p1a: Great Tusk|10/100|[from] item: Rocky Helmet|[of] p2a: Corviknight
|move|p2a: Corviknight|Brave Bird|p1a: Great Tusk
|-supereffective|p1a: Great Tusk
|-damage|p1a: Great Tusk|0 fnt
|faint|p1a: Great Tusk
|-end|p1a: Great Tusk|Protosynthesis|[silent]
|-damage|p2a: Corviknight|83/100|[from] Recoil
|
|-weather|Snowscape|[upkeep]
|upkeep
|
|t:|1760299680
|switch|p1a: Raging Bolt|Raging Bolt|100/100
|-enditem|p1a: Raging Bolt|Booster Energy
|-activate|p1a: Raging Bolt|ability: Protosynthesis|[fromitem]
|-start|p1a: Raging Bolt|protosynthesisspa
|turn|13
|
|t:|1760299685
|switch|p2a: Ting-Lu|Ting-Lu|100/100
|-damage|p2a: Ting-Lu|94/100|[from] Stealth Rock
|-ability|p2a: Ting-Lu|Vessel of Ruin
|move|p1a: Raging Bolt|Thunderbolt|p2a: Ting-Lu
|-immune|p2a: Ting-Lu
|
|-weather|none
|-heal|p2a: Ting-Lu|100/100|[from] item: Leftovers
|upkeep
|turn|14
|
|t:|1760299696
|-end|p1a: Raging Bolt|Protosynthesis|[silent]
|switch|p1a: Grimmsnarl|Grimmsnarl, M|100/100
|move|p2a: Ting-Lu|Earthquake|p1a: Grimmsnarl
|-damage|p1a: Grimmsnarl|56/100
|
|upkeep
|turn|15
|
|t:|1760299703
|move|p1a: Grimmsnarl|Reflect|p1a: Grimmsnarl
|-sidestart|p1: Fermmin|Reflect
|move|p2a: Ting-Lu|Earthquake|p1a: Grimmsnarl
|-damage|p1a: Grimmsnarl|33/100
|
|upkeep
|turn|16
|
|t:|1760299711
|move|p1a: Grimmsnarl|Spirit Break|p2a: Ting-Lu
|-supereffective|p2a: Ting-Lu
|-damage|p2a: Ting-Lu|67/100
|-unboost|p2a: Ting-Lu|spa|1
|move|p2a: Ting-Lu|Earthquake|p1a: Grimmsnarl
|-damage|p1a: Grimmsnarl|9/100
|
|-heal|p2a: Ting-Lu|74/100|[from] item: Leftovers
|-sideend|p1: Fermmin|move: Light Screen
|upkeep
|turn|17
|
|t:|1760299720
|switch|p2a: Corviknight|Corviknight, F|83/100
|-damage|p2a: Corviknight|71/100|[from] Stealth Rock
|-ability|p2a: Corviknight|Pressure
|move|p1a: Grimmsnarl|Spirit Break|p2a: Corviknight
|-resisted|p2a: Corviknight
|-damage|p2a: Corviknight|62/100
|-unboost|p2a: Corviknight|spa|1
|-damage|p1a: Grimmsnarl|0 fnt|[from] item: Rocky Helmet|[of] p2a: Corviknight
|faint|p1a: Grimmsnarl
|
|upkeep
|
|t:|1760299729
|switch|p1a: Torterra|Torterra, M, tera:Rock|100/100
|turn|18
|
|t:|1760299739
|move|p1a: Torterra|Shell Smash|p1a: Torterra
|-unboost|p1a: Torterra|def|1
|-unboost|p1a: Torterra|spd|1
|-boost|p1a: Torterra|atk|2
|-boost|p1a: Torterra|spa|2
|-boost|p1a: Torterra|spe|2
|move|p2a: Corviknight|U-turn|p1a: Torterra
|-damage|p1a: Torterra|90/100
|
|t:|1760299748
|switch|p2a: Ting-Lu|Ting-Lu|74/100|[from] U-turn
|-damage|p2a: Ting-Lu|67/100|[from] Stealth Rock
|-ability|p2a: Ting-Lu|Vessel of Ruin
|
|-heal|p2a: Ting-Lu|74/100|[from] item: Leftovers
|upkeep
|turn|19
|
|t:|1760299751
|move|p1a: Torterra|Bullet Seed|p2a: Ting-Lu
|-supereffective|p2a: Ting-Lu
|-damage|p2a: Ting-Lu|50/100
|-supereffective|p2a: Ting-Lu
|-damage|p2a: Ting-Lu|24/100
|-supereffective|p2a: Ting-Lu
|-damage|p2a: Ting-Lu|0 fnt
|faint|p2a: Ting-Lu
|-hitcount|p2: Ting-Lu|3
|
|upkeep
|
|t:|1760299757
|switch|p2a: Cinderace|Cinderace, M|100/100
|turn|20
|
|t:|1760299762
|move|p1a: Torterra|Headlong Rush|p2a: Cinderace
|-supereffective|p2a: Cinderace
|-damage|p2a: Cinderace|0 fnt
|-unboost|p1a: Torterra|def|1
|-unboost|p1a: Torterra|spd|1
|faint|p2a: Cinderace
|
|upkeep
|-message|jrg123 forfeited.
|
|win|Fermmin
|raw|Fermmin's rating: 1464 &rarr; <strong>1486</strong><br />(+22 for winning)
|raw|jrg123's rating: 1496 &rarr; <strong>1474</strong><br />(-22 for losing)
|l|☆jrg123
|player|p2|
|l|☆Fermmin
|player|p1|
