|j|☆zstuscav
|j|☆Rubellic
|t:|1760310209
|gametype|singles
|player|p1|zstuscav|1|1027
|player|p2|Rubellic|169|1104
|gen|9
|tier|[Gen 9] OU
|rated|
|rule|HP Percentage Mod: HP is shown in percentages
|rule|Endless Battle Clause: Forcing endless battles is banned
|rule|Species Clause: Limit one of each Pokémon
|rule|OHKO Clause: OHKO moves are banned
|rule|Evasion Items Clause: Evasion items are banned
|rule|Evasion Moves Clause: Evasion moves are banned
|rule|Evasion Abilities Clause: Evasion abilities are banned
|rule|Sleep Moves Clause: Sleep-inducing moves are banned
|clearpoke
|poke|p1|Weavile, F|
|poke|p1|Samurott-Hisui, M|
|poke|p1|Dragapult, F|
|poke|p1|Great Tusk|
|poke|p1|Kingambit, F|
|poke|p1|Zapdos|
|poke|p2|Gardevoir, F|
|poke|p2|Pikachu, M|
|poke|p2|Politoed, M|
|poke|p2|Skeledirge, F|
|poke|p2|Zoroark-Hisui, M|
|poke|p2|Regirock|
|teampreview
|
|t:|1760310224
|teamsize|p1|6
|teamsize|p2|6
|start
|switch|p1a: Samurott|Samurott-Hisui, M|100/100
|switch|p2a: Politoed|Politoed, M, shiny|100/100
|-weather|RainDance|[from] ability: Drizzle|[of] p2a: Politoed
|turn|1
|
|t:|1760310238
|move|p1a: Samurott|Ceaseless Edge|p2a: Politoed
|-damage|p2a: Politoed|53/100
|-sidestart|p2: Rubellic|Spikes
|move|p2a: Politoed|Ice Beam|p1a: Samurott
|-resisted|p1a: Samurott
|-damage|p1a: Samurott|82/100
|-status|p1a: Samurott|frz
|
|-weather|RainDance|[upkeep]
|upkeep
|turn|2
|
|t:|1760310255
|switch|p2a: Pikachu|Pikachu, M, shiny|100/100
|-damage|p2a: Pikachu|88/100|[from] Spikes
|cant|p1a: Samurott|frz
|
|-weather|RainDance|[upkeep]
|upkeep
|turn|3
|
|t:|1760310270
|switch|p1a: Great Tusk|Great Tusk|100/100
|move|p2a: Pikachu|Thunder|p1a: Great Tusk
|-immune|p1a: Great Tusk
|
|-weather|RainDance|[upkeep]
|upkeep
|turn|4
|
|t:|1760310280
|move|p1a: Great Tusk|Stealth Rock|p2a: Pikachu
|-sidestart|p2: Rubellic|move: Stealth Rock
|move|p2a: Pikachu|Grass Knot|p1a: Great Tusk
|-supereffective|p1a: Great Tusk
|-damage|p1a: Great Tusk|0 fnt
|faint|p1a: Great Tusk
|-end|p1a: Great Tusk|Protosynthesis|[silent]
|
|-weather|RainDance|[upkeep]
|upkeep
|
|t:|1760310293
|switch|p1a: Zapdos|Zapdos|100/100
|turn|5
|
|t:|1760310306
|move|p2a: Pikachu|Nasty Plot|p2a: Pikachu
|-boost|p2a: Pikachu|spa|2
|move|p1a: Zapdos|Hurricane|p2a: Pikachu
|-resisted|p2a: Pikachu
|-damage|p2a: Pikachu|28/100
|
|-weather|RainDance|[upkeep]
|upkeep
|turn|6
|
|t:|1760310335
|-terastallize|p2a: Pikachu|Water
|move|p2a: Pikachu|Surf|p1a: Zapdos
|-damage|p1a: Zapdos|0 fnt
|faint|p1a: Zapdos
|
|-weather|RainDance|[upkeep]
|upkeep
|
|t:|1760310350
|switch|p1a: Weavile|Weavile, F, shiny|100/100
|-ability|p1a: Weavile|Pressure
|turn|7
|
|t:|1760310366
|move|p1a: Weavile|Knock Off|p2a: Pikachu
|-damage|p2a: Pikachu|0 fnt
|-enditem|p2a: Pikachu|Light Ball|[from] move: Knock Off|[of] p1a: Weavile
|faint|p2a: Pikachu
|
|-weather|RainDance|[upkeep]
|upkeep
|
|t:|1760310377
|switch|p2a: Regirock|Regirock|100/100
|-damage|p2a: Regirock|88/100|[from] Spikes
|-damage|p2a: Regirock|76/100|[from] Stealth Rock
|turn|8
|
|t:|1760310389
|-singleturn|p2a: Regirock|move: Focus Punch
|move|p1a: Weavile|Swords Dance|p1a: Weavile
|-boost|p1a: Weavile|atk|2
|move|p2a: Regirock|Focus Punch|p1a: Weavile
|-supereffective|p1a: Weavile
|-damage|p1a: Weavile|0 fnt
|faint|p1a: Weavile
|
|-weather|none
|-heal|p2a: Regirock|82/100|[from] item: Leftovers
|upkeep
|
|t:|1760310399
|switch|p1a: Samurott|Samurott-Hisui, M|82/100 frz
|turn|9
|
|t:|1760310410
|-singleturn|p2a: Regirock|move: Focus Punch
|cant|p1a: Samurott|frz
|move|p2a: Regirock|Focus Punch|p1a: Samurott
|-supereffective|p1a: Samurott
|-damage|p1a: Samurott|0 fnt
|faint|p1a: Samurott
|
|-heal|p2a: Regirock|88/100|[from] item: Leftovers
|upkeep
|
|t:|1760310420
|switch|p1a: Dragapult|Dragapult, F|100/100
|turn|10
|
|t:|1760310427
|move|p1a: Dragapult|Will-O-Wisp|p2a: Regirock|[miss]
|-miss|p1a: Dragapult|p2a: Regirock
|move|p2a: Regirock|Poltergeist|p1a: Dragapult
|-activate|p1a: Dragapult|move: Poltergeist|Heavy-Duty Boots
|-supereffective|p1a: Dragapult
|-damage|p1a: Dragapult|0 fnt
|faint|p1a: Dragapult
|
|-heal|p2a: Regirock|94/100|[from] item: Leftovers
|upkeep
|
|t:|1760310431
|switch|p1a: Kingambit|Kingambit, F, shiny|100/100
|-activate|p1a: Kingambit|ability: Supreme Overlord
|-start|p1a: Kingambit|fallen5|[silent]
|-item|p1a: Kingambit|Air Balloon
|turn|11
|
|t:|1760310449
|-terastallize|p1a: Kingambit|Ghost
|-singleturn|p2a: Regirock|move: Focus Punch
|move|p1a: Kingambit|Swords Dance|p1a: Kingambit
|-boost|p1a: Kingambit|atk|2
|move|p2a: Regirock|Focus Punch|p1a: Kingambit
|-immune|p1a: Kingambit
|
|-heal|p2a: Regirock|99/100|[from] item: Leftovers
|upkeep
|turn|12
|
|t:|1760310465
|move|p2a: Regirock|Poltergeist|p1a: Kingambit|[miss]
|-miss|p2a: Regirock|p1a: Kingambit
|move|p1a: Kingambit|Kowtow Cleave|p2a: Regirock
|-supereffective|p2a: Regirock
|-damage|p2a: Regirock|0 fnt
|replace|p2a: Zoroark|Zoroark-Hisui, M, shiny
|-end|p2a: Zoroark|Illusion
|faint|p2a: Zoroark
|
|upkeep
|
|t:|1760310498
|switch|p2a: Skeledirge|Skeledirge, F, shiny|100/100
|-damage|p2a: Skeledirge|88/100|[from] Spikes
|-damage|p2a: Skeledirge|63/100|[from] Stealth Rock
|turn|13
|
|t:|1760310506
|move|p1a: Kingambit|Sucker Punch|p2a: Skeledirge
|-supereffective|p2a: Skeledirge
|-damage|p2a: Skeledirge|0 fnt
|faint|p2a: Skeledirge
|
|upkeep
|
|t:|1760310526
|switch|p2a: Politoed|Politoed, M, shiny|53/100
|-damage|p2a: Politoed|40/100|[from] Spikes
|-damage|p2a: Politoed|28/100|[from] Stealth Rock
|-weather|RainDance|[from] ability: Drizzle|[of] p2a: Politoed
|turn|14
|
|t:|1760310533
|move|p1a: Kingambit|Sucker Punch||[still]
|-fail|p1a: Kingambit
|move|p2a: Politoed|Haze|p2a: Politoed
|-clearallboost
|
|-weather|RainDance|[upkeep]
|upkeep
|turn|15
|
|t:|1760310542
|move|p1a: Kingambit|Sucker Punch|p2a: Politoed
|-damage|p2a: Politoed|0 fnt
|faint|p2a: Politoed
|
|-weather|RainDance|[upkeep]
|upkeep
|
|t:|1760310549
|switch|p2a: Gardevoir|Gardevoir, F, shiny|100/100
|-damage|p2a: Gardevoir|88/100|[from] Spikes
|-damage|p2a: Gardevoir|76/100|[from] Stealth Rock
|-ability|p2a: Gardevoir|Supreme Overlord|Trace|[from] ability: Trace|[of] p1a: Kingambit
|-activate|p2a: Gardevoir|ability: Supreme Overlord
|-start|p2a: Gardevoir|fallen4|[silent]
|turn|16
|
|t:|1760310560
|move|p1a: Kingambit|Sucker Punch|p2a: Gardevoir
|-damage|p2a: Gardevoir|0 fnt
|faint|p2a: Gardevoir
|-end|p2a: Gardevoir|fallen4|[silent]
|
|-weather|RainDance|[upkeep]
|upkeep
|
|t:|1760310565
|switch|p2a: Regirock|Regirock|100/100
|-damage|p2a: Regirock|88/100|[from] Spikes
|-damage|p2a: Regirock|76/100|[from] Stealth Rock
|turn|17
|
|t:|1760310594
|move|p1a: Kingambit|Sucker Punch|p2a: Regirock
|-damage|p2a: Regirock|43/100
|move|p2a: Regirock|Stone Edge|p1a: Kingambit|[miss]
|-miss|p2a: Regirock|p1a: Kingambit
|
|-weather|RainDance|[upkeep]
|upkeep
|turn|18
|
|t:|1760310604
|move|p1a: Kingambit|Sucker Punch|p2a: Regirock
|-damage|p2a: Regirock|15/100
|move|p2a: Regirock|Stone Edge|p1a: Kingambit
|-damage|p1a: Kingambit|59/100
|-enditem|p1a: Kingambit|Air Balloon
|-heal|p2a: Regirock|19/100|[from] item: Shell Bell|[of] p1a: Kingambit
|
|-weather|RainDance|[upkeep]
|upkeep
|turn|19
|
|t:|1760310613
|move|p1a: Kingambit|Sucker Punch|p2a: Regirock
|-damage|p2a: Regirock|0 fnt
|faint|p2a: Regirock
|
|win|zstuscav
|raw|zstuscav's rating: 1027 &rarr; <strong>1071</strong><br />(+44 for winning)
|raw|Rubellic's rating: 1104 &rarr; <strong>1074</strong><br />(-30 for losing)
