|j|☆PrimeXStriker
|j|☆kshuaib734
|t:|1760375163
|gametype|singles
|player|p1|PrimeXStriker|marshal|1627
|player|p2|kshuaib734|steven|1640
|gen|9
|tier|[Gen 9] OU
|rated|
|rule|HP Percentage Mod: HP is shown in percentages
|rule|Endless Battle Clause: Forcing endless battles is banned
|rule|Species Clause: Limit one of each Pokémon
|rule|OHKO Clause: OHKO moves are banned
|rule|Evasion Items Clause: Evasion items are banned
|rule|Evasion Moves Clause: Evasion moves are banned
|rule|Evasion Abilities Clause: Evasion abilities are banned
|rule|Sleep Moves Clause: Sleep-inducing moves are banned
|clearpoke
|poke|p1|Zapdos-Galar|
|poke|p1|Iron Jugulis|
|poke|p1|Primarina, F|
|poke|p1|Cinderace, F|
|poke|p1|Tyranitar, F|
|poke|p1|Great Tusk|
|poke|p2|Tyranitar, F|
|poke|p2|Overqwil, M|
|poke|p2|Pelipper, F|
|poke|p2|Quaquaval, F|
|poke|p2|Latios, M|
|poke|p2|Excadrill, F|
|teampreview
|inactive|Battle timer is ON: inactive players will automatically lose when time's up. (requested by kshuaib734)
|inactive|PrimeXStriker has 120 seconds left.
|
|t:|1760375210
|teamsize|p1|6
|teamsize|p2|6
|start
|switch|p1a: Iron Jugulis|Iron Jugulis|100/100
|switch|p2a: King Tyrant|Tyranitar, F|100/100
|-weather|Sandstorm|[from] ability: Sand Stream|[of] p2a: King Tyrant
|turn|1
|
|t:|1760375217
|move|p1a: Iron Jugulis|U-turn|p2a: King Tyrant
|-supereffective|p2a: King Tyrant
|-damage|p2a: King Tyrant|83/100
|-enditem|p2a: King Tyrant|Weakness Policy
|-boost|p2a: King Tyrant|atk|2|[from] item: Weakness Policy
|-boost|p2a: King Tyrant|spa|2|[from] item: Weakness Policy
|
|t:|1760375227
|-end|p1a: Iron Jugulis|Quark Drive|[silent]
|switch|p1a: Zapdos|Zapdos-Galar|100/100|[from] U-turn
|move|p2a: King Tyrant|Ice Beam|p1a: Zapdos
|-supereffective|p1a: Zapdos
|-damage|p1a: Zapdos|0 fnt
|faint|p1a: Zapdos
|
|-weather|Sandstorm|[upkeep]
|upkeep
|
|t:|1760375238
|switch|p1a: Tyranitar|Tyranitar, F|100/100
|turn|2
|
|t:|1760375243
|-terastallize|p2a: King Tyrant|Ghost
|move|p1a: Tyranitar|Low Kick|p2a: King Tyrant
|-immune|p2a: King Tyrant
|move|p2a: King Tyrant|Knock Off|p1a: Tyranitar
|-resisted|p1a: Tyranitar
|-damage|p1a: Tyranitar|70/100
|-enditem|p1a: Tyranitar|Leftovers|[from] move: Knock Off|[of] p2a: King Tyrant
|
|-weather|Sandstorm|[upkeep]
|-damage|p2a: King Tyrant|76/100|[from] Sandstorm
|upkeep
|turn|3
|
|t:|1760375257
|switch|p2a: Tyrant's Endgame|Quaquaval, F|100/100
|move|p1a: Tyranitar|Knock Off|p2a: Tyrant's Endgame
|-resisted|p2a: Tyrant's Endgame
|-damage|p2a: Tyrant's Endgame|73/100
|-enditem|p2a: Tyrant's Endgame|Mystic Water|[from] move: Knock Off|[of] p1a: Tyranitar
|
|-weather|Sandstorm|[upkeep]
|-damage|p2a: Tyrant's Endgame|67/100|[from] Sandstorm
|upkeep
|turn|4
|
|t:|1760375268
|switch|p1a: Primarina|Primarina, F|100/100
|move|p2a: Tyrant's Endgame|Wave Crash|p1a: Primarina
|-resisted|p1a: Primarina
|-damage|p1a: Primarina|75/100
|-damage|p2a: Tyrant's Endgame|57/100|[from] Recoil
|
|-weather|Sandstorm|[upkeep]
|-damage|p2a: Tyrant's Endgame|51/100|[from] Sandstorm
|-damage|p1a: Primarina|69/100|[from] Sandstorm
|-heal|p1a: Primarina|75/100|[from] item: Leftovers
|upkeep
|turn|5
|
|t:|1760375282
|switch|p2a: Tyrant's Downpour|Pelipper, F|100/100
|-weather|RainDance|[from] ability: Drizzle|[of] p2a: Tyrant's Downpour
|move|p1a: Primarina|Draining Kiss|p2a: Tyrant's Downpour
|-crit|p2a: Tyrant's Downpour
|-damage|p2a: Tyrant's Downpour|53/100
|-heal|p1a: Primarina|100/100|[from] drain|[of] p2a: Tyrant's Downpour
|
|-weather|RainDance|[upkeep]
|upkeep
|turn|6
|
|t:|1760375297
|switch|p1a: Tyranitar|Tyranitar, F|70/100
|-weather|Sandstorm|[from] ability: Sand Stream|[of] p1a: Tyranitar
|switch|p2a: King Tyrant|Tyranitar, F, tera:Ghost|76/100
|
|-weather|Sandstorm|[upkeep]
|-damage|p2a: King Tyrant|70/100|[from] Sandstorm
|upkeep
|turn|7
|
|t:|1760375305
|switch|p2a: Tyrant's Enforcer|Overqwil, M|100/100
|move|p1a: Tyranitar|Knock Off|p2a: Tyrant's Enforcer
|-resisted|p2a: Tyrant's Enforcer
|-damage|p2a: Tyrant's Enforcer|81/100
|-damage|p1a: Tyranitar|54/100|[from] item: Rocky Helmet|[of] p2a: Tyrant's Enforcer
|-enditem|p2a: Tyrant's Enforcer|Rocky Helmet|[from] move: Knock Off|[of] p1a: Tyranitar
|
|-weather|Sandstorm|[upkeep]
|-damage|p2a: Tyrant's Enforcer|75/100|[from] Sandstorm
|upkeep
|turn|8
|
|t:|1760375314
|switch|p1a: Great Tusk|Great Tusk|100/100
|move|p2a: Tyrant's Enforcer|Spikes|p1a: Great Tusk
|-sidestart|p1: PrimeXStriker|Spikes
|
|-weather|Sandstorm|[upkeep]
|-damage|p2a: Tyrant's Enforcer|69/100|[from] Sandstorm
|upkeep
|turn|9
|
|t:|1760375323
|switch|p2a: King Tyrant|Tyranitar, F, tera:Ghost|70/100
|move|p1a: Great Tusk|Stealth Rock|p2a: King Tyrant
|-sidestart|p2: kshuaib734|move: Stealth Rock
|
|-weather|Sandstorm|[upkeep]
|-damage|p2a: King Tyrant|64/100|[from] Sandstorm
|upkeep
|turn|10
|
|t:|1760375331
|-end|p1a: Great Tusk|Protosynthesis|[silent]
|switch|p1a: Tyranitar|Tyranitar, F|54/100
|-damage|p1a: Tyranitar|41/100|[from] Spikes
|move|p2a: King Tyrant|Ice Beam|p1a: Tyranitar
|-damage|p1a: Tyranitar|31/100
|
|-weather|none
|upkeep
|turn|11
|
|t:|1760375340
|move|p1a: Tyranitar|Knock Off|p2a: King Tyrant
|-supereffective|p2a: King Tyrant
|-damage|p2a: King Tyrant|21/100
|move|p2a: King Tyrant|Stealth Rock|p1a: Tyranitar
|-sidestart|p1: PrimeXStriker|move: Stealth Rock
|
|upkeep
|turn|12
|
|t:|1760375348
|move|p2a: King Tyrant|Knock Off|p1a: Tyranitar
|-resisted|p1a: Tyranitar
|-damage|p1a: Tyranitar|19/100
|move|p1a: Tyranitar|Knock Off|p2a: King Tyrant
|-supereffective|p2a: King Tyrant
|-damage|p2a: King Tyrant|0 fnt
|faint|p2a: King Tyrant
|
|upkeep
|
|t:|1760375369
|switch|p2a: Tyrant's Downpour|Pelipper, F|53/100
|-damage|p2a: Tyrant's Downpour|28/100|[from] Stealth Rock
|-weather|RainDance|[from] ability: Drizzle|[of] p2a: Tyrant's Downpour
|turn|13
|
|t:|1760375376
|switch|p1a: Primarina|Primarina, F|100/100
|-damage|p1a: Primarina|88/100|[from] Spikes
|-damage|p1a: Primarina|76/100|[from] Stealth Rock
|move|p2a: Tyrant's Downpour|U-turn|p1a: Primarina
|-resisted|p1a: Primarina
|-damage|p1a: Primarina|72/100
|
|t:|1760375383
|switch|p2a: Tyrant's Vengeance|Latios, M|100/100|[from] U-turn
|-damage|p2a: Tyrant's Vengeance|88/100|[from] Stealth Rock
|
|-weather|RainDance|[upkeep]
|-heal|p1a: Primarina|78/100|[from] item: Leftovers
|upkeep
|turn|14
|
|t:|1760375389
|move|p2a: Tyrant's Vengeance|Thunder|p1a: Primarina
|-supereffective|p1a: Primarina
|-damage|p1a: Primarina|0 fnt
|faint|p1a: Primarina
|
|-weather|RainDance|[upkeep]
|upkeep
|inactive|PrimeXStriker has 120 seconds left.
|
|t:|1760375421
|switch|p1a: Cinderace|Cinderace, F|100/100
|turn|15
|inactive|kshuaib734 has 120 seconds left.
|
|t:|1760375461
|move|p1a: Cinderace|Sucker Punch|p2a: Tyrant's Vengeance
|-start|p1a: Cinderace|typechange|Dark|[from] ability: Libero
|-supereffective|p2a: Tyrant's Vengeance
|-damage|p2a: Tyrant's Vengeance|4/100
|move|p2a: Tyrant's Vengeance|Thunder|p1a: Cinderace
|-damage|p1a: Cinderace|4/100
|-status|p1a: Cinderace|par
|
|-weather|RainDance|[upkeep]
|upkeep
|turn|16
|
|t:|1760375477
|switch|p2a: Tyrant's Enforcer|Overqwil, M|69/100
|-damage|p2a: Tyrant's Enforcer|56/100|[from] Stealth Rock
|switch|p1a: Great Tusk|Great Tusk|100/100
|-damage|p1a: Great Tusk|88/100|[from] Spikes
|-damage|p1a: Great Tusk|85/100|[from] Stealth Rock
|
|-weather|RainDance|[upkeep]
|upkeep
|turn|17
|
|t:|1760375491
|move|p2a: Tyrant's Enforcer|Liquidation|p1a: Great Tusk
|-supereffective|p1a: Great Tusk
|-damage|p1a: Great Tusk|46/100
|-damage|p2a: Tyrant's Enforcer|40/100|[from] item: Rocky Helmet|[of] p1a: Great Tusk
|move|p1a: Great Tusk|Rapid Spin|p2a: Tyrant's Enforcer
|-damage|p2a: Tyrant's Enforcer|26/100
|-boost|p1a: Great Tusk|spe|1
|-sideend|p1: PrimeXStriker|Spikes|[from] move: Rapid Spin|[of] p1a: Great Tusk
|-sideend|p1: PrimeXStriker|Stealth Rock|[from] move: Rapid Spin|[of] p1a: Great Tusk
|
|-weather|RainDance|[upkeep]
|upkeep
|turn|18
|inactive|PrimeXStriker has 120 seconds left.
|
|t:|1760375516
|switch|p2a: Tyrant's Vengeance|Latios, M|4/100
|-damage|p2a: Tyrant's Vengeance|0 fnt|[from] Stealth Rock
|faint|p2a: Tyrant's Vengeance
|move|p1a: Great Tusk|Rapid Spin|p2: Tyrant's Vengeance|[notarget]
|-fail|p1a: Great Tusk
|
|-weather|RainDance|[upkeep]
|upkeep
|
|t:|1760375525
|switch|p2a: Tyrant's Endgame|Quaquaval, F|51/100
|-damage|p2a: Tyrant's Endgame|45/100|[from] Stealth Rock
|turn|19
|
|t:|1760375530
|-end|p1a: Great Tusk|Protosynthesis|[silent]
|switch|p1a: Iron Jugulis|Iron Jugulis|100/100
|move|p2a: Tyrant's Endgame|Aqua Jet|p1a: Iron Jugulis
|-damage|p1a: Iron Jugulis|64/100
|
|-weather|RainDance|[upkeep]
|upkeep
|turn|20
|inactive|kshuaib734 has 120 seconds left.
|
|t:|1760375552
|move|p2a: Tyrant's Endgame|Aqua Jet|p1a: Iron Jugulis
|-damage|p1a: Iron Jugulis|28/100
|move|p1a: Iron Jugulis|Air Slash|p2a: Tyrant's Endgame
|-supereffective|p2a: Tyrant's Endgame
|-damage|p2a: Tyrant's Endgame|0 fnt
|faint|p2a: Tyrant's Endgame
|
|-weather|none
|upkeep
|
|t:|1760375559
|switch|p2a: Tyrant's Downpour|Pelipper, F|28/100
|-damage|p2a: Tyrant's Downpour|3/100|[from] Stealth Rock
|-weather|RainDance|[from] ability: Drizzle|[of] p2a: Tyrant's Downpour
|turn|21
|inactive|kshuaib734 has 120 seconds left.
|
|t:|1760375565
|-end|p1a: Iron Jugulis|Quark Drive|[silent]
|switch|p1a: Tyranitar|Tyranitar, F|19/100
|-weather|Sandstorm|[from] ability: Sand Stream|[of] p1a: Tyranitar
|move|p2a: Tyrant's Downpour|Weather Ball|p1a: Tyranitar
|-damage|p1a: Tyranitar|9/100
|
|-weather|Sandstorm|[upkeep]
|-damage|p2a: Tyrant's Downpour|0 fnt|[from] Sandstorm
|faint|p2a: Tyrant's Downpour
|upkeep
|inactive|kshuaib734 has 120 seconds left.
|
|t:|1760375577
|switch|p2a: Tyrant's Legacy|Excadrill, F|100/100
|-damage|p2a: Tyrant's Legacy|97/100|[from] Stealth Rock
|turn|22
|
|t:|1760375582
|move|p2a: Tyrant's Legacy|Iron Head|p1a: Tyranitar
|-supereffective|p1a: Tyranitar
|-damage|p1a: Tyranitar|0 fnt
|faint|p1a: Tyranitar
|-damage|p2a: Tyrant's Legacy|88/100|[from] item: Life Orb
|
|-weather|Sandstorm|[upkeep]
|upkeep
|
|t:|1760375585
|switch|p1a: Great Tusk|Great Tusk|46/100
|turn|23
|
|t:|1760375589
|move|p2a: Tyrant's Legacy|Earthquake|p1a: Great Tusk
|-damage|p1a: Great Tusk|14/100
|-damage|p2a: Tyrant's Legacy|78/100|[from] item: Life Orb
|move|p1a: Great Tusk|Earthquake|p2a: Tyrant's Legacy
|-supereffective|p2a: Tyrant's Legacy
|-damage|p2a: Tyrant's Legacy|0 fnt
|faint|p2a: Tyrant's Legacy
|
|-weather|Sandstorm|[upkeep]
|upkeep
|-message|kshuaib734 forfeited.
|
|win|PrimeXStriker
|raw|PrimeXStriker's rating: 1627 &rarr; <strong>1648</strong><br />(+21 for winning)
|raw|kshuaib734's rating: 1640 &rarr; <strong>1619</strong><br />(-21 for losing)
|l|☆kshuaib734
|player|p2|
|l|☆PrimeXStriker
|player|p1|
