|j|☆goshdarnittt
|j|☆LucyLikePizza
|t:|1760451345
|gametype|singles
|player|p1|goshdarnittt|2|1635
|player|p2|LucyLikePizza|karen|1622
|gen|9
|tier|[Gen 9] OU
|rated|
|rule|HP Percentage Mod: HP is shown in percentages
|rule|Endless Battle Clause: Forcing endless battles is banned
|rule|Species Clause: Limit one of each Pokémon
|rule|OHKO Clause: OHKO moves are banned
|rule|Evasion Items Clause: Evasion items are banned
|rule|Evasion Moves Clause: Evasion moves are banned
|rule|Evasion Abilities Clause: Evasion abilities are banned
|rule|Sleep Moves Clause: Sleep-inducing moves are banned
|clearpoke
|poke|p1|Tornadus-Therian, M|
|poke|p1|Iron Valiant|
|poke|p1|Great Tusk|
|poke|p1|Garchomp, F|
|poke|p1|Pecharunt|
|poke|p1|Goodra-Hisui, F|
|poke|p2|Kingambit, M|
|poke|p2|Hatterene, F|
|poke|p2|Zapdos|
|poke|p2|Conkeldurr, F|
|poke|p2|Clodsire, M|
|poke|p2|Samurott-Hisui, F|
|teampreview
|j| 54 Insane Rats
|
|t:|1760451375
|teamsize|p1|6
|teamsize|p2|6
|start
|switch|p1a: Garchomp|Garchomp, F|100/100
|switch|p2a: Samurott|Samurott-Hisui, F|100/100
|turn|1
|inactive|Battle timer is ON: inactive players will automatically lose when time's up. (requested by goshdarnittt)
|
|t:|1760451379
|switch|p2a: Hatterene|Hatterene, F|100/100
|move|p1a: Garchomp|Earthquake|p2a: Hatterene
|-damage|p2a: Hatterene|68/100
|
|-heal|p2a: Hatterene|74/100|[from] item: Leftovers
|upkeep
|turn|2
|
|t:|1760451388
|switch|p1a: Goodra|Goodra-Hisui, F|100/100
|move|p2a: Hatterene|Trick Room|p2a: Hatterene
|-fieldstart|move: Trick Room|[of] p2a: Hatterene
|
|-heal|p2a: Hatterene|80/100|[from] item: Leftovers
|upkeep
|turn|3
|
|t:|1760451394
|switch|p2a: Clodsire|Clodsire, M|100/100
|move|p1a: Goodra|Flash Cannon|p2a: Clodsire
|-damage|p2a: Clodsire|78/100
|
|-heal|p2a: Clodsire|84/100|[from] item: Leftovers
|upkeep
|turn|4
|
|t:|1760451402
|move|p2a: Clodsire|Stealth Rock|p1a: Goodra
|-sidestart|p1: goshdarnittt|move: Stealth Rock
|move|p1a: Goodra|Ice Beam|p2a: Clodsire
|-supereffective|p2a: Clodsire
|-damage|p2a: Clodsire|54/100
|
|-heal|p2a: Clodsire|60/100|[from] item: Leftovers
|upkeep
|turn|5
|
|t:|1760451411
|switch|p1a: Garchomp|Garchomp, F|100/100
|-damage|p1a: Garchomp|94/100|[from] Stealth Rock
|move|p2a: Clodsire|Earthquake|p1a: Garchomp
|-damage|p1a: Garchomp|72/100
|
|-heal|p2a: Clodsire|66/100|[from] item: Leftovers
|upkeep
|turn|6
|
|t:|1760451417
|switch|p2a: Hatterene|Hatterene, F|80/100
|move|p1a: Garchomp|Earthquake|p2a: Hatterene
|-damage|p2a: Hatterene|48/100
|
|-heal|p2a: Hatterene|54/100|[from] item: Leftovers
|-fieldend|move: Trick Room
|upkeep
|turn|7
|
|t:|1760451429
|switch|p1a: Pecharunt|Pecharunt|100/100
|move|p2a: Hatterene|Draining Kiss|p1a: Pecharunt
|-resisted|p1a: Pecharunt
|-damage|p1a: Pecharunt|89/100
|-heal|p2a: Hatterene|65/100|[from] drain|[of] p1a: Pecharunt
|
|-heal|p2a: Hatterene|71/100|[from] item: Leftovers
|upkeep
|turn|8
|
|t:|1760451439
|switch|p2a: Conkeldurr|Conkeldurr, F|100/100
|move|p1a: Pecharunt|Malignant Chain|p2a: Conkeldurr
|-damage|p2a: Conkeldurr|61/100
|-status|p2a: Conkeldurr|tox
|-start|p2a: Conkeldurr|confusion|[from] ability: Poison Puppeteer|[of] p1a: Pecharunt
|
|-damage|p2a: Conkeldurr|55/100 tox|[from] psn
|upkeep
|turn|9
|
|t:|1760451451
|move|p1a: Pecharunt|Malignant Chain|p2a: Conkeldurr
|-damage|p2a: Conkeldurr|17/100 tox
|-activate|p2a: Conkeldurr|confusion
|-damage|p2a: Conkeldurr|2/100 tox|[from] confusion
|
|-damage|p2a: Conkeldurr|0 fnt|[from] psn
|faint|p2a: Conkeldurr
|upkeep
|
|t:|1760451464
|switch|p2a: Kingambit|Kingambit, M|100/100
|-activate|p2a: Kingambit|ability: Supreme Overlord
|-start|p2a: Kingambit|fallen1|[silent]
|turn|10
|
|t:|1760451467
|move|p1a: Pecharunt|Parting Shot|p2a: Kingambit
|-unboost|p2a: Kingambit|atk|1
|-unboost|p2a: Kingambit|spa|1
|
|t:|1760451473
|switch|p1a: Great Tusk|Great Tusk|100/100|[from] Parting Shot
|-damage|p1a: Great Tusk|98/100|[from] Stealth Rock
|-enditem|p1a: Great Tusk|Booster Energy
|-activate|p1a: Great Tusk|ability: Protosynthesis|[fromitem]
|-start|p1a: Great Tusk|protosynthesisspe
|move|p2a: Kingambit|Swords Dance|p2a: Kingambit
|-boost|p2a: Kingambit|atk|2
|
|upkeep
|turn|11
|
|t:|1760451481
|-terastallize|p2a: Kingambit|Flying
|move|p1a: Great Tusk|Rapid Spin|p2a: Kingambit
|-damage|p2a: Kingambit|87/100
|-boost|p1a: Great Tusk|spe|1
|-sideend|p1: goshdarnittt|Stealth Rock|[from] move: Rapid Spin|[of] p1a: Great Tusk
|move|p2a: Kingambit|Tera Blast|p1a: Great Tusk|[anim] Tera Blast Flying
|-supereffective|p1a: Great Tusk
|-damage|p1a: Great Tusk|0 fnt
|faint|p1a: Great Tusk
|-end|p1a: Great Tusk|Protosynthesis|[silent]
|
|-heal|p2a: Kingambit|93/100|[from] item: Leftovers
|upkeep
|
|t:|1760451509
|switch|p1a: Garchomp|Garchomp, F|72/100
|turn|12
|
|t:|1760451516
|-end|p2a: Kingambit|fallen1|[silent]
|switch|p2a: Hatterene|Hatterene, F|71/100
|move|p1a: Garchomp|Dragon Tail|p2a: Hatterene
|-immune|p2a: Hatterene
|
|-heal|p2a: Hatterene|77/100|[from] item: Leftovers
|upkeep
|turn|13
|
|t:|1760451523
|switch|p1a: Goodra|Goodra-Hisui, F|100/100
|move|p2a: Hatterene|Trick Room|p2a: Hatterene
|-fieldstart|move: Trick Room|[of] p2a: Hatterene
|
|-heal|p2a: Hatterene|83/100|[from] item: Leftovers
|upkeep
|turn|14
|
|t:|1760451534
|switch|p2a: Clodsire|Clodsire, M|66/100
|move|p1a: Goodra|Dragon Tail|p2a: Clodsire
|-damage|p2a: Clodsire|45/100
|drag|p2a: Samurott|Samurott-Hisui, F|100/100
|
|upkeep
|turn|15
|
|t:|1760451552
|switch|p2a: Clodsire|Clodsire, M|45/100
|move|p1a: Goodra|Knock Off|p2a: Clodsire
|-damage|p2a: Clodsire|23/100
|-enditem|p2a: Clodsire|Leftovers|[from] move: Knock Off|[of] p1a: Goodra
|
|upkeep
|turn|16
|
|t:|1760451560
|switch|p1a: Garchomp|Garchomp, F|72/100
|move|p2a: Clodsire|Recover|p2a: Clodsire
|-heal|p2a: Clodsire|73/100
|
|upkeep
|turn|17
|
|t:|1760451564
|switch|p2a: Hatterene|Hatterene, F|83/100
|move|p1a: Garchomp|Earthquake|p2a: Hatterene
|-damage|p2a: Hatterene|50/100
|
|-heal|p2a: Hatterene|56/100|[from] item: Leftovers
|-fieldend|move: Trick Room
|upkeep
|turn|18
|
|t:|1760451574
|switch|p1a: Pecharunt|Pecharunt|89/100
|move|p2a: Hatterene|Trick Room|p2a: Hatterene
|-fieldstart|move: Trick Room|[of] p2a: Hatterene
|
|-heal|p2a: Hatterene|62/100|[from] item: Leftovers
|upkeep
|turn|19
|
|t:|1760451584
|switch|p2a: Clodsire|Clodsire, M|73/100
|move|p1a: Pecharunt|Parting Shot|p2a: Clodsire
|-unboost|p2a: Clodsire|atk|1
|-unboost|p2a: Clodsire|spa|1
|
|t:|1760451590
|switch|p1a: Garchomp|Garchomp, F|72/100|[from] Parting Shot
|
|upkeep
|turn|20
|
|t:|1760451595
|move|p2a: Clodsire|Stealth Rock|p1a: Garchomp
|-sidestart|p1: goshdarnittt|move: Stealth Rock
|move|p1a: Garchomp|Earthquake|p2a: Clodsire
|-supereffective|p2a: Clodsire
|-damage|p2a: Clodsire|0 fnt
|faint|p2a: Clodsire
|
|upkeep
|
|t:|1760451598
|switch|p2a: Hatterene|Hatterene, F|62/100
|turn|21
|
|t:|1760451603
|switch|p1a: Goodra|Goodra-Hisui, F|100/100
|-damage|p1a: Goodra|94/100|[from] Stealth Rock
|move|p2a: Hatterene|Calm Mind|p2a: Hatterene
|-boost|p2a: Hatterene|spa|1
|-boost|p2a: Hatterene|spd|1
|
|-heal|p2a: Hatterene|68/100|[from] item: Leftovers
|upkeep
|turn|22
|
|t:|1760451612
|move|p2a: Hatterene|Draining Kiss|p1a: Goodra
|-damage|p1a: Goodra|79/100
|-heal|p2a: Hatterene|82/100|[from] drain|[of] p1a: Goodra
|move|p1a: Goodra|Knock Off|p2a: Hatterene
|-damage|p2a: Hatterene|67/100
|-enditem|p2a: Hatterene|Leftovers|[from] move: Knock Off|[of] p1a: Goodra
|
|-fieldend|move: Trick Room
|upkeep
|turn|23
|j| shrek5baby
|
|t:|1760451623
|switch|p2a: Zapdos|Zapdos|100/100
|move|p1a: Goodra|Flash Cannon|p2a: Zapdos
|-resisted|p2a: Zapdos
|-damage|p2a: Zapdos|79/100
|
|upkeep
|turn|24
|
|t:|1760451630
|move|p2a: Zapdos|Heat Wave|p1a: Goodra|[miss]
|-miss|p2a: Zapdos|p1a: Goodra
|move|p1a: Goodra|Ice Beam|p2a: Zapdos
|-supereffective|p2a: Zapdos
|-damage|p2a: Zapdos|12/100
|
|upkeep
|turn|25
|
|t:|1760451640
|move|p2a: Zapdos|Roost|p2a: Zapdos
|-heal|p2a: Zapdos|63/100
|-singleturn|p2a: Zapdos|move: Roost
|move|p1a: Goodra|Dragon Tail|p2a: Zapdos
|-damage|p2a: Zapdos|42/100
|-status|p1a: Goodra|par|[from] ability: Static|[of] p2a: Zapdos
|drag|p2a: Kingambit|Kingambit, M, tera:Flying|93/100
|-activate|p2a: Kingambit|ability: Supreme Overlord
|-start|p2a: Kingambit|fallen2|[silent]
|
|-heal|p2a: Kingambit|99/100|[from] item: Leftovers
|upkeep
|turn|26
|
|t:|1760451651
|move|p2a: Kingambit|Kowtow Cleave|p1a: Goodra
|-damage|p1a: Goodra|27/100 par
|move|p1a: Goodra|Ice Beam|p2a: Kingambit
|-supereffective|p2a: Kingambit
|-damage|p2a: Kingambit|30/100
|
|-heal|p2a: Kingambit|37/100|[from] item: Leftovers
|upkeep
|turn|27
|
|t:|1760451661
|switch|p1a: Garchomp|Garchomp, F|72/100
|-damage|p1a: Garchomp|66/100|[from] Stealth Rock
|move|p2a: Kingambit|Kowtow Cleave|p1a: Garchomp
|-damage|p1a: Garchomp|17/100
|-damage|p2a: Kingambit|24/100|[from] ability: Rough Skin|[of] p1a: Garchomp
|-damage|p2a: Kingambit|8/100|[from] item: Rocky Helmet|[of] p1a: Garchomp
|
|-heal|p2a: Kingambit|14/100|[from] item: Leftovers
|upkeep
|turn|28
|
|t:|1760451671
|move|p1a: Garchomp|Earthquake|p2a: Kingambit
|-immune|p2a: Kingambit
|move|p2a: Kingambit|Kowtow Cleave|p1a: Garchomp
|-damage|p1a: Garchomp|0 fnt
|-damage|p2a: Kingambit|2/100|[from] ability: Rough Skin|[of] p1a: Garchomp
|-damage|p2a: Kingambit|0 fnt|[from] item: Rocky Helmet|[of] p1a: Garchomp
|faint|p1a: Garchomp
|faint|p2a: Kingambit
|-end|p2a: Kingambit|fallen2|[silent]
|
|upkeep
|
|t:|1760451687
|switch|p1a: Pecharunt|Pecharunt|89/100
|switch|p2a: Zapdos|Zapdos|42/100
|turn|29
|
|t:|1760451695
|move|p2a: Zapdos|Heat Wave|p1a: Pecharunt
|-damage|p1a: Pecharunt|59/100
|move|p1a: Pecharunt|Malignant Chain|p2a: Zapdos
|-damage|p2a: Zapdos|6/100
|
|upkeep
|turn|30
|
|t:|1760451701
|move|p2a: Zapdos|Volt Switch|p1a: Pecharunt
|-damage|p1a: Pecharunt|25/100
|
|t:|1760451704
|switch|p2a: Samurott|Samurott-Hisui, F|100/100|[from] Volt Switch
|move|p1a: Pecharunt|Malignant Chain|p2a: Samurott
|-damage|p2a: Samurott|51/100
|
|upkeep
|turn|31
|
|t:|1760451718
|switch|p1a: Goodra|Goodra-Hisui, F|27/100 par
|-damage|p1a: Goodra|21/100 par|[from] Stealth Rock
|move|p2a: Samurott|Ceaseless Edge|p1a: Goodra|[miss]
|-miss|p2a: Samurott|p1a: Goodra
|
|upkeep
|turn|32
|
|t:|1760451724
|move|p2a: Samurott|Ceaseless Edge|p1a: Goodra
|-damage|p1a: Goodra|0 fnt
|-sidestart|p1: goshdarnittt|Spikes
|faint|p1a: Goodra
|
|upkeep
|
|t:|1760451728
|switch|p1a: Iron Valiant|Iron Valiant|100/100
|-damage|p1a: Iron Valiant|94/100|[from] Stealth Rock
|-damage|p1a: Iron Valiant|82/100|[from] Spikes
|-enditem|p1a: Iron Valiant|Booster Energy
|-activate|p1a: Iron Valiant|ability: Quark Drive|[fromitem]
|-start|p1a: Iron Valiant|quarkdrivespe
|turn|33
|l| shrek5baby
|
|t:|1760451733
|move|p2a: Samurott|Aqua Jet|p1a: Iron Valiant
|-crit|p1a: Iron Valiant
|-damage|p1a: Iron Valiant|48/100
|move|p1a: Iron Valiant|Moonblast|p2a: Samurott
|-supereffective|p2a: Samurott
|-damage|p2a: Samurott|0 fnt
|faint|p2a: Samurott
|
|upkeep
|
|t:|1760451737
|switch|p2a: Hatterene|Hatterene, F|67/100
|turn|34
|
|t:|1760451743
|move|p1a: Iron Valiant|Moonblast|p2a: Hatterene
|-damage|p2a: Hatterene|17/100
|move|p2a: Hatterene|Trick Room|p2a: Hatterene
|-fieldstart|move: Trick Room|[of] p2a: Hatterene
|
|upkeep
|turn|35
|
|t:|1760451749
|move|p2a: Hatterene|Draining Kiss|p1a: Iron Valiant
|-supereffective|p1a: Iron Valiant
|-damage|p1a: Iron Valiant|0 fnt
|-heal|p2a: Hatterene|50/100|[from] drain|[of] p1a: Iron Valiant
|faint|p1a: Iron Valiant
|-end|p1a: Iron Valiant|Quark Drive|[silent]
|
|upkeep
|
|t:|1760451755
|switch|p1a: Tornadus|Tornadus-Therian, M|100/100
|-damage|p1a: Tornadus|76/100|[from] Stealth Rock
|turn|36
|
|t:|1760451760
|-terastallize|p1a: Tornadus|Steel
|move|p2a: Hatterene|Draining Kiss|p1a: Tornadus
|-resisted|p1a: Tornadus
|-damage|p1a: Tornadus|68/100
|-heal|p2a: Hatterene|56/100|[from] drain|[of] p1a: Tornadus
|move|p1a: Tornadus|Bleakwind Storm|p2a: Hatterene
|-damage|p2a: Hatterene|3/100
|
|upkeep
|turn|37
|
|t:|1760451776
|move|p2a: Hatterene|Psyshock|p1a: Tornadus
|-resisted|p1a: Tornadus
|-damage|p1a: Tornadus|45/100
|move|p1a: Tornadus|Heat Wave|p2a: Hatterene
|-damage|p2a: Hatterene|0 fnt
|faint|p2a: Hatterene
|
|upkeep
|
|t:|1760451779
|switch|p2a: Zapdos|Zapdos|6/100
|turn|38
|j| shrek5baby
|inactive|LucyLikePizza has 120 seconds left.
|
|t:|1760451809
|move|p1a: Tornadus|Knock Off|p2a: Zapdos
|-damage|p2a: Zapdos|0 fnt
|-enditem|p2a: Zapdos|Heavy-Duty Boots|[from] move: Knock Off|[of] p1a: Tornadus
|faint|p2a: Zapdos
|
|win|goshdarnittt
|raw|goshdarnittt's rating: 1635 &rarr; <strong>1654</strong><br />(+19 for winning)
|raw|LucyLikePizza's rating: 1622 &rarr; <strong>1603</strong><br />(-19 for losing)
|l|☆goshdarnittt
|player|p1|
|l| shrek5baby
|l| 54 Insane Rats
