|j|☆Glinteighty
|j|☆RoddyJ
|t:|1760330114
|gametype|singles
|player|p1|Glinteighty|lady|1669
|player|p2|RoddyJ|ethan|1832
|gen|9
|tier|[Gen 9] OU
|rated|
|rule|HP Percentage Mod: HP is shown in percentages
|rule|Endless Battle Clause: Forcing endless battles is banned
|rule|Species Clause: Limit one of each Pokémon
|rule|OHKO Clause: OHKO moves are banned
|rule|Evasion Items Clause: Evasion items are banned
|rule|Evasion Moves Clause: Evasion moves are banned
|rule|Evasion Abilities Clause: Evasion abilities are banned
|rule|Sleep Moves Clause: Sleep-inducing moves are banned
|clearpoke
|poke|p1|Alomomola, M|
|poke|p1|Slowking-Galar, M|
|poke|p1|Great Tusk|
|poke|p1|Kyurem|
|poke|p1|Ogerpon-Wellspring, F|
|poke|p1|Gholdengo|
|poke|p2|Scizor, F|
|poke|p2|Zamazenta-*|
|poke|p2|Latios, M|
|poke|p2|Glimmora, F|
|poke|p2|Great Tusk|
|poke|p2|Milotic, F|
|teampreview
|inactive|Battle timer is ON: inactive players will automatically lose when time's up. (requested by RoddyJ)
|
|t:|1760330128
|teamsize|p1|6
|teamsize|p2|6
|start
|switch|p1a: Gholdengo|Gholdengo|100/100
|switch|p2a: Scizor|Scizor, F, shiny|100/100
|turn|1
|
|t:|1760330134
|move|p1a: Gholdengo|Shadow Ball|p2a: Scizor
|-damage|p2a: Scizor|50/100
|move|p2a: Scizor|Knock Off|p1a: Gholdengo
|-supereffective|p1a: Gholdengo
|-damage|p1a: Gholdengo|22/100
|-enditem|p1a: Gholdengo|Choice Scarf|[from] move: Knock Off|[of] p2a: Scizor
|
|-heal|p2a: Scizor|56/100|[from] item: Leftovers
|upkeep
|turn|2
|
|t:|1760330142
|switch|p1a: Alomomola|Alomomola, M|100/100
|move|p2a: Scizor|Knock Off|p1a: Alomomola
|-damage|p1a: Alomomola|81/100
|-enditem|p1a: Alomomola|Heavy-Duty Boots|[from] move: Knock Off|[of] p2a: Scizor
|
|-heal|p2a: Scizor|62/100|[from] item: Leftovers
|upkeep
|turn|3
|
|t:|1760330146
|move|p2a: Scizor|U-turn|p1a: Alomomola
|-damage|p1a: Alomomola|61/100
|
|t:|1760330149
|switch|p2a: Glimmora|Glimmora, F, shiny|100/100|[from] U-turn
|-item|p2a: Glimmora|Air Balloon
|move|p1a: Alomomola|Wish|p1a: Alomomola
|
|upkeep
|turn|4
|
|t:|1760330154
|switch|p1a: Gholdengo|Gholdengo|22/100
|move|p2a: Glimmora|Stealth Rock|p1a: Gholdengo
|-sidestart|p1: Glinteighty|move: Stealth Rock
|
|-heal|p1a: Gholdengo|100/100|[from] move: Wish|[wisher] Alomomola
|upkeep
|turn|5
|
|t:|1760330162
|switch|p2a: Milotic|Milotic, F, shiny|100/100
|move|p1a: Gholdengo|Trick|p2a: Milotic
|-activate|p1a: Gholdengo|move: Trick|[of] p2a: Milotic
|-enditem|p2a: Milotic|Assault Vest|[silent]|[from] move: Trick
|-item|p1a: Gholdengo|Assault Vest|[from] move: Trick
|
|upkeep
|turn|6
|
|t:|1760330175
|switch|p1a: Alomomola|Alomomola, M|94/100
|-damage|p1a: Alomomola|82/100|[from] Stealth Rock
|move|p2a: Milotic|Ice Beam|p1a: Alomomola
|-resisted|p1a: Alomomola
|-damage|p1a: Alomomola|66/100
|
|upkeep
|turn|7
|
|t:|1760330181
|move|p2a: Milotic|Flip Turn|p1a: Alomomola
|-resisted|p1a: Alomomola
|-damage|p1a: Alomomola|63/100
|
|t:|1760330184
|switch|p2a: Glimmora|Glimmora, F, shiny|100/100|[from] Flip Turn
|-item|p2a: Glimmora|Air Balloon
|move|p1a: Alomomola|Flip Turn|p2a: Glimmora
|-supereffective|p2a: Glimmora
|-damage|p2a: Glimmora|59/100
|-activate|p2a: Glimmora|ability: Toxic Debris
|-sidestart|p1: Glinteighty|move: Toxic Spikes
|-enditem|p2a: Glimmora|Air Balloon
|
|t:|1760330187
|switch|p1a: Great Tusk|Great Tusk|100/100|[from] Flip Turn
|
|upkeep
|turn|8
|
|t:|1760330200
|-terastallize|p2a: Glimmora|Ghost
|move|p1a: Great Tusk|Rapid Spin|p2a: Glimmora
|-immune|p2a: Glimmora
|move|p2a: Glimmora|Spikes|p1a: Great Tusk
|-sidestart|p1: Glinteighty|Spikes
|
|upkeep
|turn|9
|
|t:|1760330206
|move|p1a: Great Tusk|Knock Off|p2a: Glimmora
|-supereffective|p2a: Glimmora
|-damage|p2a: Glimmora|1/100
|-activate|p2a: Glimmora|ability: Toxic Debris
|-sidestart|p1: Glinteighty|move: Toxic Spikes
|move|p2a: Glimmora|Earth Power|p1a: Great Tusk
|-damage|p1a: Great Tusk|54/100
|
|upkeep
|turn|10
|
|t:|1760330231
|move|p1a: Great Tusk|Knock Off|p2a: Glimmora
|-supereffective|p2a: Glimmora
|-damage|p2a: Glimmora|0 fnt
|faint|p2a: Glimmora
|
|upkeep
|
|t:|1760330239
|switch|p2a: Latios|Latios, M, shiny|100/100
|turn|11
|
|t:|1760330245
|-end|p1a: Great Tusk|Protosynthesis|[silent]
|switch|p1a: Slowking|Slowking-Galar, M|100/100
|-sideend|p1: Glinteighty|move: Toxic Spikes|[of] p1a: Slowking
|move|p2a: Latios|Luster Purge|p1a: Slowking
|-damage|p1a: Slowking|76/100
|-unboost|p1a: Slowking|spd|1
|
|upkeep
|turn|12
|
|t:|1760330258
|move|p2a: Latios|Calm Mind|p2a: Latios
|-boost|p2a: Latios|spa|1
|-boost|p2a: Latios|spd|1
|-prepare|p1a: Slowking|Chilly Reception|[premajor]
|move|p1a: Slowking|Chilly Reception|p1a: Slowking
|-weather|Snowscape
|
|t:|1760330260
|switch|p1a: Gholdengo|Gholdengo|100/100|[from] Chilly Reception
|-damage|p1a: Gholdengo|94/100|[from] Stealth Rock
|-damage|p1a: Gholdengo|82/100|[from] Spikes
|
|-weather|Snowscape|[upkeep]
|upkeep
|turn|13
|
|t:|1760330266
|move|p2a: Latios|Agility|p2a: Latios
|-boost|p2a: Latios|spe|2
|move|p1a: Gholdengo|Shadow Ball|p2a: Latios
|-supereffective|p2a: Latios
|-damage|p2a: Latios|54/100
|-unboost|p2a: Latios|spd|1
|-enditem|p2a: Latios|Weakness Policy
|-boost|p2a: Latios|atk|2|[from] item: Weakness Policy
|-boost|p2a: Latios|spa|2|[from] item: Weakness Policy
|
|-weather|Snowscape|[upkeep]
|upkeep
|turn|14
|
|t:|1760330282
|switch|p1a: Slowking|Slowking-Galar, M|100/100
|move|p2a: Latios|Luster Purge|p1a: Slowking
|-damage|p1a: Slowking|38/100
|-unboost|p1a: Slowking|spd|1
|
|-weather|Snowscape|[upkeep]
|upkeep
|turn|15
|
|t:|1760330295
|move|p2a: Latios|Luster Purge|p1a: Slowking
|-damage|p1a: Slowking|0 fnt
|faint|p1a: Slowking
|
|-weather|Snowscape|[upkeep]
|upkeep
|
|t:|1760330298
|switch|p1a: Gholdengo|Gholdengo|82/100
|-damage|p1a: Gholdengo|76/100|[from] Stealth Rock
|-damage|p1a: Gholdengo|64/100|[from] Spikes
|turn|16
|
|t:|1760330302
|move|p2a: Latios|Luster Purge|p1a: Gholdengo
|-resisted|p1a: Gholdengo
|-damage|p1a: Gholdengo|21/100
|move|p1a: Gholdengo|Shadow Ball|p2a: Latios
|-supereffective|p2a: Latios
|-damage|p2a: Latios|0 fnt
|faint|p2a: Latios
|
|-weather|none
|upkeep
|
|t:|1760330324
|switch|p2a: Great Tusk|Great Tusk, shiny|100/100
|turn|17
|
|t:|1760330329
|switch|p1a: Alomomola|Alomomola, M|96/100
|-damage|p1a: Alomomola|84/100|[from] Stealth Rock
|-damage|p1a: Alomomola|71/100|[from] Spikes
|move|p2a: Great Tusk|Rapid Spin|p1a: Alomomola
|-damage|p1a: Alomomola|60/100
|-boost|p2a: Great Tusk|spe|1
|
|upkeep
|turn|18
|
|t:|1760330335
|move|p2a: Great Tusk|Rapid Spin|p1a: Alomomola
|-damage|p1a: Alomomola|50/100
|-boost|p2a: Great Tusk|spe|1
|move|p1a: Alomomola|Wish|p1a: Alomomola
|
|upkeep
|turn|19
|
|t:|1760330342
|move|p2a: Great Tusk|Close Combat|p1a: Alomomola
|-damage|p1a: Alomomola|14/100
|-unboost|p2a: Great Tusk|def|1
|-unboost|p2a: Great Tusk|spd|1
|move|p1a: Alomomola|Scald|p2a: Great Tusk
|-supereffective|p2a: Great Tusk
|-damage|p2a: Great Tusk|55/100
|-status|p2a: Great Tusk|brn
|
|-heal|p1a: Alomomola|64/100|[from] move: Wish|[wisher] Alomomola
|-damage|p2a: Great Tusk|49/100 brn|[from] brn
|upkeep
|turn|20
|
|t:|1760330351
|-end|p2a: Great Tusk|Protosynthesis|[silent]
|switch|p2a: Zamazenta|Zamazenta, shiny|100/100
|-ability|p2a: Zamazenta|Dauntless Shield|boost
|-boost|p2a: Zamazenta|def|1
|move|p1a: Alomomola|Wish|p1a: Alomomola
|
|upkeep
|turn|21
|
|t:|1760330360
|move|p1a: Alomomola|Flip Turn|p2a: Zamazenta
|-damage|p2a: Zamazenta|92/100
|
|t:|1760330367
|switch|p1a: Great Tusk|Great Tusk|54/100|[from] Flip Turn
|move|p2a: Zamazenta|Roar|p1a: Great Tusk
|-end|p1a: Great Tusk|Protosynthesis|[silent]
|drag|p1a: Alomomola|Alomomola, M|98/100
|-damage|p1a: Alomomola|85/100|[from] Stealth Rock
|-damage|p1a: Alomomola|73/100|[from] Spikes
|
|-heal|p1a: Alomomola|100/100|[from] move: Wish|[wisher] Alomomola
|-heal|p2a: Zamazenta|98/100|[from] item: Leftovers
|upkeep
|turn|22
|
|t:|1760330377
|move|p2a: Zamazenta|Iron Defense|p2a: Zamazenta
|-boost|p2a: Zamazenta|def|2
|move|p1a: Alomomola|Scald|p2a: Zamazenta
|-damage|p2a: Zamazenta|85/100
|
|-heal|p2a: Zamazenta|91/100|[from] item: Leftovers
|upkeep
|turn|23
|
|t:|1760330384
|move|p1a: Alomomola|Wish|p1a: Alomomola
|move|p2a: Zamazenta|Roar|p1a: Alomomola
|drag|p1a: Great Tusk|Great Tusk|54/100
|
|-heal|p2a: Zamazenta|97/100|[from] item: Leftovers
|upkeep
|turn|24
|
|t:|1760330395
|-terastallize|p1a: Great Tusk|Ghost
|move|p2a: Zamazenta|Body Press|p1a: Great Tusk
|-immune|p1a: Great Tusk
|move|p1a: Great Tusk|Rapid Spin|p2a: Zamazenta
|-damage|p2a: Zamazenta|92/100
|-boost|p1a: Great Tusk|spe|1
|-sideend|p1: Glinteighty|Spikes|[from] move: Rapid Spin|[of] p1a: Great Tusk
|-sideend|p1: Glinteighty|Stealth Rock|[from] move: Rapid Spin|[of] p1a: Great Tusk
|
|-heal|p1a: Great Tusk|100/100|[from] move: Wish|[wisher] Alomomola
|-heal|p2a: Zamazenta|98/100|[from] item: Leftovers
|upkeep
|turn|25
|
|t:|1760330405
|move|p1a: Great Tusk|Knock Off|p2a: Zamazenta
|-resisted|p2a: Zamazenta
|-damage|p2a: Zamazenta|93/100
|-enditem|p2a: Zamazenta|Leftovers|[from] move: Knock Off|[of] p1a: Great Tusk
|move|p2a: Zamazenta|Roar|p1a: Great Tusk
|-end|p1a: Great Tusk|Protosynthesis|[silent]
|drag|p1a: Ogerpon|Ogerpon-Wellspring, F|100/100
|
|upkeep
|turn|26
|
|t:|1760330412
|switch|p1a: Alomomola|Alomomola, M|100/100
|move|p2a: Zamazenta|Body Press|p1a: Alomomola
|-damage|p1a: Alomomola|47/100
|
|upkeep
|turn|27
|
|t:|1760330432
|switch|p1a: Great Tusk|Great Tusk, tera:Ghost|100/100
|move|p2a: Zamazenta|Roar|p1a: Great Tusk
|-end|p1a: Great Tusk|Protosynthesis|[silent]
|drag|p1a: Gholdengo|Gholdengo|21/100
|
|upkeep
|turn|28
|
|t:|1760330437
|move|p2a: Zamazenta|Heavy Slam|p1a: Gholdengo
|-resisted|p1a: Gholdengo
|-damage|p1a: Gholdengo|3/100
|move|p1a: Gholdengo|Dazzling Gleam|p2a: Zamazenta
|-supereffective|p2a: Zamazenta
|-damage|p2a: Zamazenta|41/100
|
|upkeep
|turn|29
|
|t:|1760330446
|switch|p2a: Great Tusk|Great Tusk, shiny|49/100 brn
|switch|p1a: Alomomola|Alomomola, M|80/100
|
|-damage|p2a: Great Tusk|43/100 brn|[from] brn
|upkeep
|turn|30
|
|t:|1760330452
|-end|p2a: Great Tusk|Protosynthesis|[silent]
|switch|p2a: Scizor|Scizor, F, shiny|62/100
|move|p1a: Alomomola|Wish|p1a: Alomomola
|
|-heal|p2a: Scizor|68/100|[from] item: Leftovers
|upkeep
|turn|31
|
|t:|1760330455
|move|p2a: Scizor|Swords Dance|p2a: Scizor
|-boost|p2a: Scizor|atk|2
|move|p1a: Alomomola|Flip Turn|p2a: Scizor
|-damage|p2a: Scizor|53/100
|
|t:|1760330459
|switch|p1a: Gholdengo|Gholdengo|3/100|[from] Flip Turn
|
|-heal|p1a: Gholdengo|88/100|[from] move: Wish|[wisher] Alomomola
|-heal|p2a: Scizor|59/100|[from] item: Leftovers
|upkeep
|turn|32
|
|t:|1760330465
|move|p1a: Gholdengo|Shadow Ball|p2a: Scizor
|-damage|p2a: Scizor|10/100
|move|p2a: Scizor|Knock Off|p1a: Gholdengo
|-supereffective|p1a: Gholdengo
|-damage|p1a: Gholdengo|0 fnt
|-enditem|p1a: Gholdengo|Assault Vest|[from] move: Knock Off|[of] p2a: Scizor
|faint|p1a: Gholdengo
|
|-heal|p2a: Scizor|16/100|[from] item: Leftovers
|upkeep
|
|t:|1760330474
|switch|p1a: Alomomola|Alomomola, M|100/100
|turn|33
|
|t:|1760330477
|move|p2a: Scizor|U-turn|p1a: Alomomola
|-damage|p1a: Alomomola|60/100
|
|t:|1760330479
|switch|p2a: Milotic|Milotic, F, shiny|100/100|[from] U-turn
|move|p1a: Alomomola|Scald|p2a: Milotic
|-resisted|p2a: Milotic
|-damage|p2a: Milotic|96/100
|
|upkeep
|turn|34
|
|t:|1760330485
|switch|p1a: Ogerpon|Ogerpon-Wellspring, F|100/100
|move|p2a: Milotic|Alluring Voice|p1a: Ogerpon
|-crit|p1a: Ogerpon
|-damage|p1a: Ogerpon|58/100
|
|upkeep
|turn|35
|
|t:|1760330493
|switch|p2a: Great Tusk|Great Tusk, shiny|43/100 brn
|move|p1a: Ogerpon|Horn Leech|p2a: Great Tusk
|-supereffective|p2a: Great Tusk
|-damage|p2a: Great Tusk|0 fnt
|-heal|p1a: Ogerpon|84/100|[from] drain|[of] p2a: Great Tusk
|faint|p2a: Great Tusk
|-end|p2a: Great Tusk|Protosynthesis|[silent]
|
|upkeep
|
|t:|1760330497
|switch|p2a: Scizor|Scizor, F, shiny|16/100
|turn|36
|
|t:|1760330500
|move|p1a: Ogerpon|Ivy Cudgel|p2a: Scizor|[anim] Ivy Cudgel Water
|-crit|p2a: Scizor
|-damage|p2a: Scizor|0 fnt
|faint|p2a: Scizor
|
|upkeep
|-message|RoddyJ forfeited.
|
|win|Glinteighty
|raw|Glinteighty's rating: 1669 &rarr; <strong>1698</strong><br />(+29 for winning)
|raw|RoddyJ's rating: 1832 &rarr; <strong>1803</strong><br />(-29 for losing)
|l|☆RoddyJ
|player|p2|
|l|☆Glinteighty
|player|p1|
