|j|☆LeonOnRoids
|j|☆m709lkjo
|t:|1760456934
|gametype|singles
|player|p1|LeonOnRoids|swimmerf|1335
|player|p2|m709lkjo|1|1346
|gen|9
|tier|[Gen 9] OU
|rated|
|rule|HP Percentage Mod: HP is shown in percentages
|rule|Endless Battle Clause: Forcing endless battles is banned
|rule|Species Clause: Limit one of each Pokémon
|rule|OHKO Clause: OHKO moves are banned
|rule|Evasion Items Clause: Evasion items are banned
|rule|Evasion Moves Clause: Evasion moves are banned
|rule|Evasion Abilities Clause: Evasion abilities are banned
|rule|Sleep Moves Clause: Sleep-inducing moves are banned
|clearpoke
|poke|p1|Zamazenta-*|
|poke|p1|Ninetales-Alola, M|
|poke|p1|Darkrai|
|poke|p1|Ceruledge, M|
|poke|p1|Gliscor, M|
|poke|p1|Hatterene, F|
|poke|p2|Garchomp, F|
|poke|p2|Drifblim, M|
|poke|p2|Zoroark-Hisui, M|
|poke|p2|Blaziken, F|
|poke|p2|Garganacl, M|
|poke|p2|Alomomola, M|
|teampreview
|inactive|Battle timer is ON: inactive players will automatically lose when time's up. (requested by LeonOnRoids)
|c|☆m709lkjo|gl hf
|inactive|m709lkjo has 120 seconds left.
|inactive|LeonOnRoids has 120 seconds left.
|c|☆LeonOnRoids|u2
|
|t:|1760456972
|teamsize|p1|6
|teamsize|p2|6
|start
|switch|p1a: Ninetales|Ninetales-Alola, M|100/100
|switch|p2a: Blaziken|Blaziken, F|100/100
|-weather|Snowscape|[from] ability: Snow Warning|[of] p1a: Ninetales
|turn|1
|
|t:|1760456981
|move|p1a: Ninetales|Aurora Veil|p1a: Ninetales
|-sidestart|p1: LeonOnRoids|move: Aurora Veil
|move|p2a: Blaziken|Flare Blitz|p1a: Ninetales
|-supereffective|p1a: Ninetales
|-damage|p1a: Ninetales|28/100
|-damage|p2a: Blaziken|73/100|[from] Recoil
|-damage|p2a: Blaziken|63/100|[from] item: Life Orb
|
|-weather|Snowscape|[upkeep]
|-ability|p2a: Blaziken|Speed Boost|boost
|-boost|p2a: Blaziken|spe|1
|upkeep
|turn|2
|
|t:|1760456997
|switch|p1a: Gliscor|Gliscor, M|100/100
|move|p2a: Blaziken|Brave Bird|p1a: Gliscor
|-damage|p1a: Gliscor|77/100
|-damage|p2a: Blaziken|54/100|[from] Recoil
|-damage|p2a: Blaziken|44/100|[from] item: Life Orb
|
|-weather|Snowscape|[upkeep]
|-ability|p2a: Blaziken|Speed Boost|boost
|-boost|p2a: Blaziken|spe|1
|-status|p1a: Gliscor|tox|[from] item: Toxic Orb
|upkeep
|turn|3
|
|t:|1760457020
|switch|p2a: Garganacl|Garganacl, M|100/100
|move|p1a: Gliscor|Swords Dance|p1a: Gliscor
|-boost|p1a: Gliscor|atk|2
|
|-weather|Snowscape|[upkeep]
|-heal|p1a: Gliscor|89/100 tox|[from] ability: Poison Heal
|upkeep
|turn|4
|
|t:|1760457028
|move|p1a: Gliscor|Earthquake|p2a: Garganacl
|-supereffective|p2a: Garganacl
|-damage|p2a: Garganacl|18/100
|move|p2a: Garganacl|Curse|p2a: Garganacl
|-unboost|p2a: Garganacl|spe|1
|-boost|p2a: Garganacl|atk|1
|-boost|p2a: Garganacl|def|1
|
|-weather|Snowscape|[upkeep]
|-heal|p2a: Garganacl|25/100|[from] item: Leftovers
|-heal|p1a: Gliscor|100/100 tox|[from] ability: Poison Heal
|upkeep
|turn|5
|inactive|m709lkjo has 120 seconds left.
|
|t:|1760457050
|switch|p2a: Drifblim|Drifblim, M|100/100
|move|p1a: Gliscor|Facade|p2a: Drifblim
|-immune|p2a: Drifblim
|
|-weather|none
|upkeep
|turn|6
|inactive|m709lkjo has 120 seconds left.
|inactive|LeonOnRoids has 120 seconds left.
|
|t:|1760457085
|switch|p1a: Darkrai|Darkrai|100/100
|move|p2a: Drifblim|Will-O-Wisp|p1a: Darkrai
|-status|p1a: Darkrai|brn
|
|-damage|p1a: Darkrai|94/100 brn|[from] brn
|upkeep
|turn|7
|
|t:|1760457090
|switch|p2a: Alomomola|Alomomola, M|100/100
|move|p1a: Darkrai|Nasty Plot|p1a: Darkrai
|-boost|p1a: Darkrai|spa|2
|
|-heal|p1a: Darkrai|100/100 brn|[from] item: Leftovers
|-damage|p1a: Darkrai|94/100 brn|[from] brn
|upkeep
|turn|8
|inactive|m709lkjo has 120 seconds left.
|
|t:|1760457103
|move|p1a: Darkrai|Dark Pulse|p2a: Alomomola
|-damage|p2a: Alomomola|47/100
|move|p2a: Alomomola|Flip Turn|p1a: Darkrai
|-damage|p1a: Darkrai|84/100 brn
|inactive|m709lkjo has 120 seconds left.
|
|t:|1760457112
|switch|p2a: Blaziken|Blaziken, F|44/100|[from] Flip Turn
|
|-heal|p1a: Darkrai|90/100 brn|[from] item: Leftovers
|-damage|p1a: Darkrai|84/100 brn|[from] brn
|-sideend|p1: LeonOnRoids|move: Aurora Veil
|upkeep
|turn|9
|
|t:|1760457119
|move|p2a: Blaziken|Protect|p2a: Blaziken
|-singleturn|p2a: Blaziken|Protect
|move|p1a: Darkrai|Nasty Plot|p1a: Darkrai
|-boost|p1a: Darkrai|spa|2
|
|-heal|p1a: Darkrai|90/100 brn|[from] item: Leftovers
|-damage|p1a: Darkrai|84/100 brn|[from] brn
|-ability|p2a: Blaziken|Speed Boost|boost
|-boost|p2a: Blaziken|spe|1
|upkeep
|turn|10
|inactive|m709lkjo has 120 seconds left.
|
|t:|1760457140
|switch|p2a: Garganacl|Garganacl, M|25/100
|-terastallize|p1a: Darkrai|Poison
|move|p1a: Darkrai|Psyshock|p2a: Garganacl
|-damage|p2a: Garganacl|0 fnt
|faint|p2a: Garganacl
|
|-heal|p1a: Darkrai|90/100 brn|[from] item: Leftovers
|-damage|p1a: Darkrai|84/100 brn|[from] brn
|upkeep
|inactive|m709lkjo has 120 seconds left.
|
|t:|1760457151
|switch|p2a: Blaziken|Blaziken, F|44/100
|turn|11
|
|t:|1760457164
|move|p2a: Blaziken|Protect|p2a: Blaziken
|-singleturn|p2a: Blaziken|Protect
|move|p1a: Darkrai|Dark Pulse|p2a: Blaziken
|-activate|p2a: Blaziken|move: Protect
|
|-heal|p1a: Darkrai|90/100 brn|[from] item: Leftovers
|-damage|p1a: Darkrai|84/100 brn|[from] brn
|-ability|p2a: Blaziken|Speed Boost|boost
|-boost|p2a: Blaziken|spe|1
|upkeep
|turn|12
|
|t:|1760457168
|move|p2a: Blaziken|Flare Blitz|p1a: Darkrai
|-damage|p1a: Darkrai|0 fnt
|faint|p1a: Darkrai
|-damage|p2a: Blaziken|18/100|[from] Recoil
|-damage|p2a: Blaziken|8/100|[from] item: Life Orb
|
|-ability|p2a: Blaziken|Speed Boost|boost
|-boost|p2a: Blaziken|spe|1
|upkeep
|
|t:|1760457179
|switch|p1a: Gliscor|Gliscor, M|100/100 tox
|turn|13
|
|t:|1760457195
|switch|p2a: Drifblim|Drifblim, M|100/100
|switch|p1a: Ninetales|Ninetales-Alola, M|28/100
|-weather|Snowscape|[from] ability: Snow Warning|[of] p1a: Ninetales
|
|-weather|Snowscape|[upkeep]
|upkeep
|turn|14
|
|t:|1760457225
|switch|p2a: Alomomola|Alomomola, M|80/100
|move|p1a: Ninetales|Aurora Veil|p1a: Ninetales
|-sidestart|p1: LeonOnRoids|move: Aurora Veil
|
|-weather|Snowscape|[upkeep]
|upkeep
|turn|15
|
|t:|1760457236
|move|p1a: Ninetales|Freeze-Dry|p2a: Alomomola
|-supereffective|p2a: Alomomola
|-damage|p2a: Alomomola|54/100
|move|p2a: Alomomola|Flip Turn|p1a: Ninetales
|-damage|p1a: Ninetales|21/100
|inactive|m709lkjo has 120 seconds left.
|
|t:|1760457247
|switch|p2a: Garchomp|Garchomp, F|100/100|[from] Flip Turn
|
|-weather|Snowscape|[upkeep]
|upkeep
|turn|16
|inactive|LeonOnRoids has 120 seconds left.
|
|t:|1760457284
|move|p2a: Garchomp|Shadow Ball|p1a: Ninetales
|-damage|p1a: Ninetales|0 fnt
|faint|p1a: Ninetales
|
|-weather|Snowscape|[upkeep]
|upkeep
|
|t:|1760457304
|switch|p1a: Gliscor|Gliscor, M|100/100 tox
|turn|17
|
|t:|1760457315
|switch|p2a: Drifblim|Drifblim, M|100/100
|switch|p1a: Zamazenta|Zamazenta|100/100
|-ability|p1a: Zamazenta|Dauntless Shield|boost
|-boost|p1a: Zamazenta|def|1
|
|-weather|none
|upkeep
|turn|18
|inactive|m709lkjo has 120 seconds left.
|
|t:|1760457344
|move|p1a: Zamazenta|Iron Defense|p1a: Zamazenta
|-boost|p1a: Zamazenta|def|2
|move|p2a: Drifblim|Defog|p1a: Zamazenta
|-unboost|p1a: Zamazenta|evasion|1
|-sideend|p1: LeonOnRoids|move: Aurora Veil
|
|upkeep
|turn|19
|
|t:|1760457350
|move|p1a: Zamazenta|Crunch|p2a: Drifblim
|-supereffective|p2a: Drifblim
|-damage|p2a: Drifblim|64/100
|-unboost|p2a: Drifblim|def|1
|move|p2a: Drifblim|Will-O-Wisp|p1a: Zamazenta
|-status|p1a: Zamazenta|brn
|
|-damage|p1a: Zamazenta|94/100 brn|[from] brn
|upkeep
|turn|20
|
|t:|1760457360
|move|p1a: Zamazenta|Crunch|p2a: Drifblim
|-supereffective|p2a: Drifblim
|-crit|p2a: Drifblim
|-damage|p2a: Drifblim|24/100
|move|p2a: Drifblim|Strength Sap|p1a: Zamazenta
|-unboost|p1a: Zamazenta|atk|1
|-heal|p2a: Drifblim|83/100
|
|-damage|p1a: Zamazenta|88/100 brn|[from] brn
|upkeep
|turn|21
|inactive|LeonOnRoids has 120 seconds left.
|
|t:|1760457377
|move|p1a: Zamazenta|Crunch|p2a: Drifblim
|-supereffective|p2a: Drifblim
|-damage|p2a: Drifblim|66/100
|move|p2a: Drifblim|Strength Sap|p1a: Zamazenta
|-unboost|p1a: Zamazenta|atk|1
|-heal|p2a: Drifblim|100/100
|
|-damage|p1a: Zamazenta|82/100 brn|[from] brn
|upkeep
|turn|22
|
|t:|1760457385
|switch|p1a: Hatterene|Hatterene, F|100/100
|move|p2a: Drifblim|Knock Off|p1a: Hatterene
|-damage|p1a: Hatterene|85/100
|-enditem|p1a: Hatterene|Leftovers|[from] move: Knock Off|[of] p2a: Drifblim
|
|upkeep
|turn|23
|inactive|LeonOnRoids has 120 seconds left.
|
|t:|1760457403
|switch|p2a: Alomomola|Alomomola, M|88/100
|move|p1a: Hatterene|Psyshock|p2a: Alomomola
|-damage|p2a: Alomomola|68/100
|
|upkeep
|turn|24
|inactive|LeonOnRoids has 90 seconds left.
|
|t:|1760457445
|move|p2a: Alomomola|Flip Turn|p1a: Hatterene
|-damage|p1a: Hatterene|70/100
|
|t:|1760457449
|switch|p2a: Garchomp|Garchomp, F|100/100|[from] Flip Turn
|move|p1a: Hatterene|Psyshock|p2a: Garchomp
|-damage|p2a: Garchomp|65/100
|
|upkeep
|turn|25
|inactive|LeonOnRoids has 90 seconds left.
|inactive|m709lkjo has 120 seconds left.
|
|t:|1760457500
|switch|p1a: Gliscor|Gliscor, M|100/100 tox
|-terastallize|p2a: Garchomp|Steel
|move|p2a: Garchomp|Swords Dance|p2a: Garchomp
|-boost|p2a: Garchomp|atk|2
|
|upkeep
|turn|26
|
|t:|1760457509
|move|p2a: Garchomp|Scale Shot|p1a: Gliscor
|-damage|p1a: Gliscor|76/100 tox
|-damage|p1a: Gliscor|52/100 tox
|-damage|p1a: Gliscor|29/100 tox
|-damage|p1a: Gliscor|5/100 tox
|-hitcount|p1a: Gliscor|4
|-unboost|p2a: Garchomp|def|1
|-boost|p2a: Garchomp|spe|1
|move|p1a: Gliscor|Earthquake|p2a: Garchomp
|-supereffective|p2a: Garchomp
|-damage|p2a: Garchomp|0 fnt
|faint|p2a: Garchomp
|
|-heal|p1a: Gliscor|18/100 tox|[from] ability: Poison Heal
|upkeep
|
|t:|1760457522
|switch|p2a: Alomomola|Alomomola, M|100/100
|turn|27
|inactive|LeonOnRoids has 90 seconds left.
|inactive|LeonOnRoids has 60 seconds left.
|
|t:|1760457571
|move|p2a: Alomomola|Shadow Ball|p1a: Gliscor
|-damage|p1a: Gliscor|0 fnt
|faint|p1a: Gliscor
|
|upkeep
|
|t:|1760457593
|switch|p1a: Zamazenta|Zamazenta|82/100 brn
|turn|28
|
|t:|1760457606
|switch|p2a: Drifblim|Drifblim, M|100/100
|switch|p1a: Ceruledge|Ceruledge, M|100/100
|
|upkeep
|turn|29
|inactive|m709lkjo has 120 seconds left.
|
|t:|1760457637
|switch|p2a: Alomomola|Alomomola, M|100/100
|move|p1a: Ceruledge|Bitter Blade|p2a: Alomomola
|-resisted|p2a: Alomomola
|-damage|p2a: Alomomola|89/100
|
|upkeep
|turn|30
|
|t:|1760457646
|move|p1a: Ceruledge|Bulk Up|p1a: Ceruledge
|-boost|p1a: Ceruledge|atk|1
|-boost|p1a: Ceruledge|def|1
|move|p2a: Alomomola|Flip Turn|p1a: Ceruledge
|-supereffective|p1a: Ceruledge
|-damage|p1a: Ceruledge|76/100
|
|t:|1760457651
|switch|p2a: Drifblim|Drifblim, M|100/100|[from] Flip Turn
|
|upkeep
|turn|31
|inactive|LeonOnRoids has 60 seconds left.
|
|t:|1760457671
|switch|p1a: Zamazenta|Zamazenta|82/100 brn
|move|p2a: Drifblim|Shadow Ball|p1a: Zamazenta
|-damage|p1a: Zamazenta|44/100 brn
|
|-damage|p1a: Zamazenta|38/100 brn|[from] brn
|upkeep
|turn|32
|
|t:|1760457678
|switch|p2a: Drifblim|Drifblim, M|100/100
|move|p1a: Zamazenta|Rest|p1a: Zamazenta
|-status|p1a: Zamazenta|slp|[from] move: Rest
|-heal|p1a: Zamazenta|100/100 slp|[silent]
|-enditem|p1a: Zamazenta|Chesto Berry|[eat]
|-curestatus|p1a: Zamazenta|slp|[msg]
|
|upkeep
|turn|33
|inactive|m709lkjo has 120 seconds left.
|
|t:|1760457701
|switch|p1a: Ceruledge|Ceruledge, M|76/100
|move|p2a: Drifblim|Knock Off|p1a: Ceruledge
|-supereffective|p1a: Ceruledge
|-damage|p1a: Ceruledge|39/100
|-enditem|p1a: Ceruledge|Covert Cloak|[from] move: Knock Off|[of] p2a: Drifblim
|
|upkeep
|turn|34
|inactive|LeonOnRoids has 60 seconds left.
|inactive|m709lkjo has 120 seconds left.
|
|t:|1760457709
|switch|p2a: Alomomola|Alomomola, M|100/100
|move|p1a: Ceruledge|Bulk Up|p1a: Ceruledge
|-boost|p1a: Ceruledge|atk|1
|-boost|p1a: Ceruledge|def|1
|
|upkeep
|turn|35
|
|t:|1760457715
|move|p1a: Ceruledge|Bitter Blade|p2a: Alomomola
|-resisted|p2a: Alomomola
|-damage|p2a: Alomomola|83/100
|-heal|p1a: Ceruledge|51/100|[from] drain|[of] p2a: Alomomola
|move|p2a: Alomomola|Flip Turn|p1a: Ceruledge
|-supereffective|p1a: Ceruledge
|-damage|p1a: Ceruledge|25/100
|
|t:|1760457723
|switch|p2a: Alomomola|Alomomola, M|100/100|[from] Flip Turn
|
|upkeep
|turn|36
|inactive|LeonOnRoids has 60 seconds left.
|inactive|LeonOnRoids has 30 seconds left.
|
|t:|1760457775
|switch|p1a: Zamazenta|Zamazenta|100/100
|move|p2a: Alomomola|Shadow Ball|p1a: Zamazenta
|-damage|p1a: Zamazenta|60/100
|
|upkeep
|turn|37
|inactive|LeonOnRoids has 30 seconds left.
|
|t:|1760457786
|switch|p2a: Alomomola|Alomomola, M|100/100
|move|p1a: Zamazenta|Crunch|p2a: Alomomola
|-damage|p2a: Alomomola|86/100
|
|upkeep
|turn|38
|
|t:|1760457795
|move|p1a: Zamazenta|Crunch|p2a: Alomomola
|-damage|p2a: Alomomola|72/100
|move|p2a: Alomomola|Scald|p1a: Zamazenta
|-damage|p1a: Zamazenta|48/100
|
|upkeep
|turn|39
|inactive|LeonOnRoids has 30 seconds left.
|
|t:|1760457815
|switch|p1a: Hatterene|Hatterene, F|70/100
|move|p2a: Alomomola|Flip Turn|p1a: Hatterene
|-damage|p1a: Hatterene|57/100
|
|t:|1760457822
|switch|p2a: Alomomola|Alomomola, M|100/100|[from] Flip Turn
|
|upkeep
|turn|40
|inactive|LeonOnRoids has 30 seconds left.
|
|t:|1760457833
|switch|p1a: Ceruledge|Ceruledge, M|25/100
|move|p2a: Alomomola|Shadow Ball|p1a: Ceruledge
|-supereffective|p1a: Ceruledge
|-damage|p1a: Ceruledge|0 fnt
|faint|p1a: Ceruledge
|
|upkeep
|inactive|LeonOnRoids has 30 seconds left.
|
|t:|1760457839
|switch|p1a: Zamazenta|Zamazenta|48/100
|turn|41
|
|t:|1760457848
|switch|p2a: Alomomola|Alomomola, M|100/100
|switch|p1a: Hatterene|Hatterene, F|57/100
|
|upkeep
|turn|42
|
|t:|1760457859
|move|p1a: Hatterene|Calm Mind|p1a: Hatterene
|-boost|p1a: Hatterene|spa|1
|-boost|p1a: Hatterene|spd|1
|move|p2a: Alomomola|Mirror Coat||[still]
|-fail|p2a: Alomomola
|
|upkeep
|turn|43
|
|t:|1760457862
|move|p2a: Alomomola|Flip Turn|p1a: Hatterene
|-damage|p1a: Hatterene|43/100
|
|t:|1760457884
|switch|p2a: Blaziken|Blaziken, F|8/100|[from] Flip Turn
|move|p1a: Hatterene|Calm Mind|p1a: Hatterene
|-boost|p1a: Hatterene|spa|1
|-boost|p1a: Hatterene|spd|1
|
|upkeep
|turn|44
|inactive|LeonOnRoids has 60 seconds left.
|
|t:|1760457902
|switch|p1a: Zamazenta|Zamazenta|48/100
|move|p2a: Blaziken|Flare Blitz|p1a: Zamazenta
|-damage|p1a: Zamazenta|0 fnt
|faint|p1a: Zamazenta
|-damage|p2a: Blaziken|0 fnt|[from] Recoil
|faint|p2a: Blaziken
|
|upkeep
|-message|LeonOnRoids forfeited.
|
|win|m709lkjo
|raw|LeonOnRoids's rating: 1335 &rarr; <strong>1316</strong><br />(-19 for losing)
|raw|m709lkjo's rating: 1346 &rarr; <strong>1365</strong><br />(+19 for winning)
|l|☆LeonOnRoids
|player|p1|
|c|☆m709lkjo|gg
|l|☆m709lkjo
|player|p2|
