|j|☆Lonelyenders
|j|☆whoops252!
|t:|1760440761
|gametype|singles
|player|p1|Lonelyenders|acetrainer|1316
|player|p2|whoops252!|hiker-gen4|1326
|gen|9
|tier|[Gen 9] OU
|rated|
|rule|HP Percentage Mod: HP is shown in percentages
|rule|Endless Battle Clause: Forcing endless battles is banned
|rule|Species Clause: Limit one of each Pokémon
|rule|OHKO Clause: OHKO moves are banned
|rule|Evasion Items Clause: Evasion items are banned
|rule|Evasion Moves Clause: Evasion moves are banned
|rule|Evasion Abilities Clause: Evasion abilities are banned
|rule|Sleep Moves Clause: Sleep-inducing moves are banned
|clearpoke
|poke|p1|Krookodile, F|
|poke|p1|Rillaboom, M|
|poke|p1|Dragonite, F|
|poke|p1|Zapdos|
|poke|p1|Sylveon, F|
|poke|p1|Heatran, F|
|poke|p2|Rillaboom, F|
|poke|p2|Great Tusk|
|poke|p2|Heatran, M|
|poke|p2|Primarina, M|
|poke|p2|Hawlucha, F|
|poke|p2|Raging Bolt|
|teampreview
|inactive|Battle timer is ON: inactive players will automatically lose when time's up. (requested by whoops252!)
|inactive|Lonelyenders also wants the timer to be on.
|
|t:|1760440787
|teamsize|p1|6
|teamsize|p2|6
|start
|switch|p1a: Zapdos|Zapdos|100/100
|switch|p2a: Rillaboom|Rillaboom, F|100/100
|-fieldstart|move: Grassy Terrain|[from] ability: Grassy Surge|[of] p2a: Rillaboom
|turn|1
|
|t:|1760440794
|switch|p2a: Raging Bolt|Raging Bolt|100/100
|-enditem|p2a: Raging Bolt|Grassy Seed
|-boost|p2a: Raging Bolt|def|1|[from] item: Grassy Seed
|move|p1a: Zapdos|Hurricane|p2a: Raging Bolt
|-resisted|p2a: Raging Bolt
|-damage|p2a: Raging Bolt|77/100
|
|-heal|p2a: Raging Bolt|84/100|[from] Grassy Terrain
|upkeep
|turn|2
|
|t:|1760440797
|move|p1a: Zapdos|Volt Switch|p2a: Raging Bolt
|-resisted|p2a: Raging Bolt
|-damage|p2a: Raging Bolt|76/100
|
|t:|1760440800
|switch|p1a: Krookodile|Krookodile, F|100/100|[from] Volt Switch
|move|p2a: Raging Bolt|Calm Mind|p2a: Raging Bolt
|-boost|p2a: Raging Bolt|spa|1
|-boost|p2a: Raging Bolt|spd|1
|
|-heal|p2a: Raging Bolt|82/100|[from] Grassy Terrain
|upkeep
|turn|3
|
|t:|1760440803
|-terastallize|p2a: Raging Bolt|Fairy
|move|p1a: Krookodile|Earthquake|p2a: Raging Bolt
|-damage|p2a: Raging Bolt|66/100
|move|p2a: Raging Bolt|Calm Mind|p2a: Raging Bolt
|-boost|p2a: Raging Bolt|spa|1
|-boost|p2a: Raging Bolt|spd|1
|
|-heal|p2a: Raging Bolt|72/100|[from] Grassy Terrain
|upkeep
|turn|4
|
|t:|1760440818
|switch|p1a: Rillaboom|Rillaboom, M, shiny|100/100
|move|p2a: Raging Bolt|Dragon Pulse|p1a: Rillaboom
|-damage|p1a: Rillaboom|0 fnt
|faint|p1a: Rillaboom
|
|-heal|p2a: Raging Bolt|79/100|[from] Grassy Terrain
|upkeep
|
|t:|1760440821
|switch|p1a: Krookodile|Krookodile, F|100/100
|turn|5
|
|t:|1760440824
|-terastallize|p1a: Krookodile|Poison
|move|p1a: Krookodile|Gunk Shot|p2a: Raging Bolt
|-supereffective|p2a: Raging Bolt
|-crit|p2a: Raging Bolt
|-damage|p2a: Raging Bolt|0 fnt
|faint|p2a: Raging Bolt
|-end|p2a: Raging Bolt|Protosynthesis|[silent]
|-ability|p1a: Krookodile|Moxie|boost
|-boost|p1a: Krookodile|atk|1
|
|upkeep
|
|t:|1760440831
|switch|p2a: Great Tusk|Great Tusk|100/100
|turn|6
|
|t:|1760440839
|switch|p1a: Zapdos|Zapdos|100/100
|-end|p2a: Great Tusk|Protosynthesis|[silent]
|switch|p2a: Heatran|Heatran, M|100/100
|
|upkeep
|turn|7
|
|t:|1760440844
|move|p1a: Zapdos|Discharge|p2a: Heatran
|-damage|p2a: Heatran|64/100
|-status|p2a: Heatran|par
|move|p2a: Heatran|Stealth Rock|p1a: Zapdos
|-sidestart|p1: Lonelyenders|move: Stealth Rock
|
|-heal|p2a: Heatran|70/100 par|[from] Grassy Terrain
|-heal|p2a: Heatran|77/100 par|[from] item: Leftovers
|upkeep
|turn|8
|
|t:|1760440853
|move|p1a: Zapdos|Discharge|p2a: Heatran
|-damage|p2a: Heatran|43/100 par
|move|p2a: Heatran|Magma Storm|p1a: Zapdos
|-damage|p1a: Zapdos|40/100
|-activate|p1a: Zapdos|move: Magma Storm|[of] p2a: Heatran
|
|-heal|p2a: Heatran|49/100 par|[from] Grassy Terrain
|-heal|p2a: Heatran|56/100 par|[from] item: Leftovers
|-damage|p1a: Zapdos|28/100|[from] move: Magma Storm|[partiallytrapped]
|-fieldend|move: Grassy Terrain
|upkeep
|turn|9
|
|t:|1760440859
|move|p1a: Zapdos|Volt Switch|p2a: Heatran
|-damage|p2a: Heatran|23/100 par
|
|t:|1760440861
|switch|p1a: Krookodile|Krookodile, F, tera:Poison|100/100|[from] Volt Switch
|-damage|p1a: Krookodile|88/100|[from] Stealth Rock
|move|p2a: Heatran|Magma Storm|p1a: Krookodile
|-damage|p1a: Krookodile|11/100
|-activate|p1a: Krookodile|move: Magma Storm|[of] p2a: Heatran
|
|-heal|p2a: Heatran|29/100 par|[from] item: Leftovers
|-damage|p1a: Krookodile|0 fnt|[from] move: Magma Storm|[partiallytrapped]
|faint|p1a: Krookodile
|upkeep
|
|t:|1760440864
|switch|p1a: Dragonite|Dragonite, F|100/100
|turn|10
|
|t:|1760440869
|move|p1a: Dragonite|Earthquake|p2a: Heatran
|-supereffective|p2a: Heatran
|-damage|p2a: Heatran|0 fnt
|faint|p2a: Heatran
|
|upkeep
|
|t:|1760440872
|switch|p2a: Primarina|Primarina, M|100/100
|turn|11
|
|t:|1760440876
|switch|p1a: Sylveon|Sylveon, F|100/100
|-damage|p1a: Sylveon|88/100|[from] Stealth Rock
|move|p2a: Primarina|Moonblast|p1a: Sylveon
|-damage|p1a: Sylveon|45/100
|
|upkeep
|turn|12
|
|t:|1760440886
|move|p1a: Sylveon|Hyper Voice|p2a: Primarina
|-damage|p2a: Primarina|46/100
|move|p2a: Primarina|Flip Turn|p1a: Sylveon
|-damage|p1a: Sylveon|22/100
|
|t:|1760440889
|switch|p2a: Rillaboom|Rillaboom, F|100/100|[from] Flip Turn
|-fieldstart|move: Grassy Terrain|[from] ability: Grassy Surge|[of] p2a: Rillaboom
|
|-heal|p1a: Sylveon|28/100|[from] Grassy Terrain
|upkeep
|turn|13
|
|t:|1760440896
|move|p2a: Rillaboom|U-turn|p1a: Sylveon
|-resisted|p1a: Sylveon
|-damage|p1a: Sylveon|8/100
|
|t:|1760440900
|switch|p2a: Primarina|Primarina, M|46/100|[from] U-turn
|move|p1a: Sylveon|Hyper Voice|p2a: Primarina
|-damage|p2a: Primarina|0 fnt
|faint|p2a: Primarina
|
|-heal|p1a: Sylveon|14/100|[from] Grassy Terrain
|upkeep
|
|t:|1760440902
|switch|p2a: Rillaboom|Rillaboom, F|100/100
|turn|14
|
|t:|1760440912
|move|p2a: Rillaboom|Grassy Glide|p1a: Sylveon
|-damage|p1a: Sylveon|0 fnt
|faint|p1a: Sylveon
|
|upkeep
|
|t:|1760440915
|switch|p1a: Zapdos|Zapdos|28/100
|turn|15
|
|t:|1760440918
|move|p1a: Zapdos|Roost|p1a: Zapdos
|-heal|p1a: Zapdos|78/100
|-singleturn|p1a: Zapdos|move: Roost
|move|p2a: Rillaboom|Knock Off|p1a: Zapdos
|-damage|p1a: Zapdos|43/100
|-enditem|p1a: Zapdos|Heavy-Duty Boots|[from] move: Knock Off|[of] p2a: Rillaboom
|
|-heal|p1a: Zapdos|49/100|[from] Grassy Terrain
|upkeep
|turn|16
|
|t:|1760440921
|move|p1a: Zapdos|Roost|p1a: Zapdos
|-heal|p1a: Zapdos|99/100
|-singleturn|p1a: Zapdos|move: Roost
|move|p2a: Rillaboom|U-turn|p1a: Zapdos
|-damage|p1a: Zapdos|72/100
|-status|p2a: Rillaboom|par|[from] ability: Static|[of] p1a: Zapdos
|
|t:|1760440924
|switch|p2a: Hawlucha|Hawlucha, F|100/100|[from] U-turn
|-enditem|p2a: Hawlucha|Grassy Seed
|-boost|p2a: Hawlucha|def|1|[from] item: Grassy Seed
|
|-heal|p1a: Zapdos|78/100|[from] Grassy Terrain
|upkeep
|turn|17
|
|t:|1760440930
|move|p2a: Hawlucha|Encore|p1a: Zapdos
|-start|p1a: Zapdos|Encore
|move|p1a: Zapdos|Roost|p1a: Zapdos
|-heal|p1a: Zapdos|100/100
|-singleturn|p1a: Zapdos|move: Roost
|
|upkeep
|turn|18
|
|t:|1760440933
|switch|p1a: Heatran|Heatran, F|100/100
|-damage|p1a: Heatran|88/100|[from] Stealth Rock
|move|p2a: Hawlucha|Swords Dance|p2a: Hawlucha
|-boost|p2a: Hawlucha|atk|2
|
|-heal|p1a: Heatran|94/100|[from] Grassy Terrain
|-heal|p1a: Heatran|100/100|[from] item: Leftovers
|upkeep
|turn|19
|
|t:|1760440939
|move|p2a: Hawlucha|Close Combat|p1a: Heatran
|-supereffective|p1a: Heatran
|-damage|p1a: Heatran|0 fnt
|-unboost|p2a: Hawlucha|def|1
|-unboost|p2a: Hawlucha|spd|1
|faint|p1a: Heatran
|
|-fieldend|move: Grassy Terrain
|upkeep
|
|t:|1760440946
|switch|p1a: Zapdos|Zapdos|100/100
|-damage|p1a: Zapdos|76/100|[from] Stealth Rock
|turn|20
|
|t:|1760440949
|move|p2a: Hawlucha|Acrobatics|p1a: Zapdos
|-resisted|p1a: Zapdos
|-damage|p1a: Zapdos|26/100
|-status|p2a: Hawlucha|par|[from] ability: Static|[of] p1a: Zapdos
|move|p1a: Zapdos|Discharge|p2a: Hawlucha
|-supereffective|p2a: Hawlucha
|-damage|p2a: Hawlucha|0 fnt
|faint|p2a: Hawlucha
|
|upkeep
|
|t:|1760440952
|switch|p2a: Great Tusk|Great Tusk|100/100
|turn|21
|
|t:|1760440955
|move|p1a: Zapdos|Roost|p1a: Zapdos
|-heal|p1a: Zapdos|76/100
|-singleturn|p1a: Zapdos|move: Roost
|move|p2a: Great Tusk|Ice Spinner|p1a: Zapdos
|-damage|p1a: Zapdos|54/100
|
|upkeep
|turn|22
|
|t:|1760440958
|move|p1a: Zapdos|Roost|p1a: Zapdos
|-heal|p1a: Zapdos|100/100
|-singleturn|p1a: Zapdos|move: Roost
|move|p2a: Great Tusk|Ice Spinner|p1a: Zapdos
|-damage|p1a: Zapdos|77/100
|
|upkeep
|turn|23
|
|t:|1760440960
|move|p1a: Zapdos|Hurricane|p2a: Great Tusk
|-supereffective|p2a: Great Tusk
|-damage|p2a: Great Tusk|0 fnt
|faint|p2a: Great Tusk
|-end|p2a: Great Tusk|Protosynthesis|[silent]
|
|upkeep
|-message|whoops252! forfeited.
|
|win|Lonelyenders
|raw|Lonelyenders's rating: 1316 &rarr; <strong>1337</strong><br />(+21 for winning)
|raw|whoops252!'s rating: 1326 &rarr; <strong>1305</strong><br />(-21 for losing)
|l|☆whoops252!
|player|p2|
|l|☆Lonelyenders
|player|p1|
