|j|☆Lord Poopyz
|j|☆Yelo_Galaxy
|t:|1760307984
|gametype|singles
|player|p1|Lord Poopyz|veteran|1473
|player|p2|Yelo_Galaxy|266|1538
|gen|9
|tier|[Gen 9] OU
|rated|
|rule|HP Percentage Mod: HP is shown in percentages
|rule|Endless Battle Clause: Forcing endless battles is banned
|rule|Species Clause: Limit one of each Pokémon
|rule|OHKO Clause: OHKO moves are banned
|rule|Evasion Items Clause: Evasion items are banned
|rule|Evasion Moves Clause: Evasion moves are banned
|rule|Evasion Abilities Clause: Evasion abilities are banned
|rule|Sleep Moves Clause: Sleep-inducing moves are banned
|clearpoke
|poke|p1|Indeedee, M|
|poke|p1|Hawlucha, M|
|poke|p1|Sceptile, M|
|poke|p1|Meowstic, M|
|poke|p1|Ceruledge, M|
|poke|p1|Hitmonlee, M|
|poke|p2|Torkoal, F|
|poke|p2|Hatterene, F|
|poke|p2|Raging Bolt|
|poke|p2|Slither Wing|
|poke|p2|Venusaur, F|
|poke|p2|Walking Wake|
|teampreview
|
|t:|1760307994
|teamsize|p1|6
|teamsize|p2|6
|start
|switch|p1a: Indeedee|Indeedee, M|100/100
|switch|p2a: Slither Wing|Slither Wing|100/100
|-fieldstart|move: Psychic Terrain|[from] ability: Psychic Surge|[of] p1a: Indeedee
|turn|1
|inactive|Battle timer is ON: inactive players will automatically lose when time's up. (requested by Yelo_Galaxy)
|
|t:|1760308003
|-end|p2a: Slither Wing|Protosynthesis|[silent]
|switch|p2a: Hatterene|Hatterene, F|100/100
|-item|p2a: Hatterene|Air Balloon
|move|p1a: Indeedee|Expanding Force|p2a: Hatterene
|-resisted|p2a: Hatterene
|-damage|p2a: Hatterene|62/100
|-enditem|p2a: Hatterene|Air Balloon
|
|upkeep
|turn|2
|
|t:|1760308015
|move|p1a: Indeedee|Calm Mind|p1a: Indeedee
|-boost|p1a: Indeedee|spa|1
|-boost|p1a: Indeedee|spd|1
|move|p2a: Hatterene|Trick Room|p2a: Hatterene
|-fieldstart|move: Trick Room|[of] p2a: Hatterene
|
|upkeep
|turn|3
|
|t:|1760308018
|move|p2a: Hatterene|Dazzling Gleam|p1a: Indeedee
|-damage|p1a: Indeedee|68/100
|move|p1a: Indeedee|Expanding Force|p2a: Hatterene
|-resisted|p2a: Hatterene
|-damage|p2a: Hatterene|5/100
|
|upkeep
|turn|4
|
|t:|1760308024
|move|p2a: Hatterene|Dazzling Gleam|p1a: Indeedee
|-damage|p1a: Indeedee|38/100
|move|p1a: Indeedee|Calm Mind|p1a: Indeedee
|-boost|p1a: Indeedee|spa|1
|-boost|p1a: Indeedee|spd|1
|
|upkeep
|turn|5
|
|t:|1760308029
|move|p2a: Hatterene|Dazzling Gleam|p1a: Indeedee
|-damage|p1a: Indeedee|12/100
|move|p1a: Indeedee|Expanding Force|p2a: Hatterene
|-resisted|p2a: Hatterene
|-damage|p2a: Hatterene|0 fnt
|faint|p2a: Hatterene
|
|upkeep
|
|t:|1760308031
|switch|p2a: Slither Wing|Slither Wing|100/100
|turn|6
|
|t:|1760308038
|switch|p1a: Hawlucha|Hawlucha, M|100/100
|-enditem|p1a: Hawlucha|Psychic Seed
|-boost|p1a: Hawlucha|spd|1|[from] item: Psychic Seed
|move|p2a: Slither Wing|Earthquake|p1a: Hawlucha
|-immune|p1a: Hawlucha
|
|-fieldend|move: Trick Room
|upkeep
|turn|7
|
|t:|1760308051
|move|p1a: Hawlucha|Swords Dance|p1a: Hawlucha
|-boost|p1a: Hawlucha|atk|2
|move|p2a: Slither Wing|U-turn|p1a: Hawlucha
|-resisted|p1a: Hawlucha
|-damage|p1a: Hawlucha|89/100
|
|t:|1760308055
|-end|p2a: Slither Wing|Protosynthesis|[silent]
|switch|p2a: Raging Bolt|Raging Bolt|100/100|[from] U-turn
|
|upkeep
|turn|8
|
|t:|1760308061
|-terastallize|p1a: Hawlucha|Steel
|-terastallize|p2a: Raging Bolt|Ghost
|move|p1a: Hawlucha|Close Combat|p2a: Raging Bolt
|-immune|p2a: Raging Bolt
|move|p2a: Raging Bolt|Dragon Pulse|p1a: Hawlucha
|-resisted|p1a: Hawlucha
|-damage|p1a: Hawlucha|60/100
|-damage|p2a: Raging Bolt|91/100|[from] item: Life Orb
|
|-fieldend|move: Psychic Terrain
|upkeep
|turn|9
|
|t:|1760308073
|-end|p2a: Raging Bolt|Protosynthesis|[silent]
|switch|p2a: Torkoal|Torkoal, F|100/100
|-weather|SunnyDay|[from] ability: Drought|[of] p2a: Torkoal
|move|p1a: Hawlucha|Acrobatics|p2a: Torkoal
|-crit|p2a: Torkoal
|-damage|p2a: Torkoal|0 fnt
|faint|p2a: Torkoal
|
|-weather|SunnyDay|[upkeep]
|upkeep
|inactive|Yelo_Galaxy has 120 seconds left.
|
|t:|1760308106
|switch|p2a: Raging Bolt|Raging Bolt, tera:Ghost|91/100
|-activate|p2a: Raging Bolt|ability: Protosynthesis
|-start|p2a: Raging Bolt|protosynthesisspa
|turn|10
|
|t:|1760308115
|switch|p1a: Indeedee|Indeedee, M|12/100
|-fieldstart|move: Psychic Terrain|[from] ability: Psychic Surge|[of] p1a: Indeedee
|move|p2a: Raging Bolt|Weather Ball|p1a: Indeedee
|-damage|p1a: Indeedee|0 fnt
|faint|p1a: Indeedee
|-damage|p2a: Raging Bolt|81/100|[from] item: Life Orb
|
|-weather|SunnyDay|[upkeep]
|upkeep
|
|t:|1760308123
|switch|p1a: Hitmonlee|Hitmonlee, M|100/100
|-enditem|p1a: Hitmonlee|Psychic Seed
|-boost|p1a: Hitmonlee|spd|1|[from] item: Psychic Seed
|turn|11
|
|t:|1760308126
|move|p1a: Hitmonlee|Swords Dance|p1a: Hitmonlee
|-boost|p1a: Hitmonlee|atk|2
|move|p2a: Raging Bolt|Weather Ball|p1a: Hitmonlee
|-damage|p1a: Hitmonlee|13/100
|-damage|p2a: Raging Bolt|71/100|[from] item: Life Orb
|
|-weather|SunnyDay|[upkeep]
|upkeep
|turn|12
|
|t:|1760308133
|move|p1a: Hitmonlee|Knock Off|p2a: Raging Bolt
|-supereffective|p2a: Raging Bolt
|-damage|p2a: Raging Bolt|0 fnt
|-enditem|p2a: Raging Bolt|Life Orb|[from] move: Knock Off|[of] p1a: Hitmonlee
|faint|p2a: Raging Bolt
|-end|p2a: Raging Bolt|Protosynthesis|[silent]
|
|-weather|SunnyDay|[upkeep]
|upkeep
|
|t:|1760308135
|switch|p2a: Slither Wing|Slither Wing|100/100
|-activate|p2a: Slither Wing|ability: Protosynthesis
|-start|p2a: Slither Wing|protosynthesisatk
|turn|13
|
|t:|1760308142
|move|p1a: Hitmonlee|Close Combat|p2a: Slither Wing
|-resisted|p2a: Slither Wing
|-damage|p2a: Slither Wing|21/100
|-unboost|p1a: Hitmonlee|def|1
|-unboost|p1a: Hitmonlee|spd|1
|move|p2a: Slither Wing|U-turn|p1a: Hitmonlee
|-resisted|p1a: Hitmonlee
|-damage|p1a: Hitmonlee|0 fnt
|faint|p1a: Hitmonlee
|
|t:|1760308145
|-end|p2a: Slither Wing|Protosynthesis|[silent]
|switch|p2a: Walking Wake|Walking Wake|100/100|[from] U-turn
|-activate|p2a: Walking Wake|ability: Protosynthesis
|-start|p2a: Walking Wake|protosynthesisspe
|
|-weather|SunnyDay|[upkeep]
|upkeep
|
|t:|1760308157
|switch|p1a: Sceptile|Sceptile, M|100/100
|-enditem|p1a: Sceptile|Psychic Seed
|-boost|p1a: Sceptile|spd|1|[from] item: Psychic Seed
|turn|14
|
|t:|1760308162
|move|p1a: Sceptile|Swords Dance|p1a: Sceptile
|-boost|p1a: Sceptile|atk|2
|move|p2a: Walking Wake|Weather Ball|p1a: Sceptile
|-supereffective|p1a: Sceptile
|-damage|p1a: Sceptile|0 fnt
|faint|p1a: Sceptile
|
|-weather|SunnyDay|[upkeep]
|upkeep
|
|t:|1760308171
|switch|p1a: Hawlucha|Hawlucha, M, tera:Steel|60/100
|turn|15
|
|t:|1760308176
|move|p2a: Walking Wake|Weather Ball|p1a: Hawlucha
|-supereffective|p1a: Hawlucha
|-damage|p1a: Hawlucha|0 fnt
|faint|p1a: Hawlucha
|
|-weather|SunnyDay|[upkeep]
|upkeep
|
|t:|1760308178
|switch|p1a: Meowstic|Meowstic, M|100/100
|turn|16
|
|t:|1760308188
|move|p1a: Meowstic|Thunder Wave|p2a: Walking Wake
|-activate|p2a: Walking Wake|move: Psychic Terrain
|move|p2a: Walking Wake|Hydro Steam|p1a: Meowstic
|-damage|p1a: Meowstic|12/100
|
|-weather|none
|-end|p2a: Walking Wake|Protosynthesis
|upkeep
|turn|17
|
|t:|1760308194
|move|p2a: Walking Wake|Hydro Steam|p1a: Meowstic
|-damage|p1a: Meowstic|0 fnt
|faint|p1a: Meowstic
|
|-fieldend|move: Psychic Terrain
|upkeep
|c|☆Yelo_Galaxy|oh my god lol
|
|t:|1760308196
|switch|p1a: Ceruledge|Ceruledge, M|100/100
|turn|18
|
|t:|1760308205
|move|p1a: Ceruledge|Endure|p1a: Ceruledge
|-singleturn|p1a: Ceruledge|move: Endure
|move|p2a: Walking Wake|Hydro Steam|p1a: Ceruledge
|-supereffective|p1a: Ceruledge
|-activate|p1a: Ceruledge|move: Endure
|-damage|p1a: Ceruledge|1/100
|-enditem|p1a: Ceruledge|Weakness Policy
|-boost|p1a: Ceruledge|atk|2|[from] item: Weakness Policy
|-boost|p1a: Ceruledge|spa|2|[from] item: Weakness Policy
|
|upkeep
|turn|19
|
|t:|1760308208
|move|p2a: Walking Wake|Hydro Steam|p1a: Ceruledge
|-supereffective|p1a: Ceruledge
|-damage|p1a: Ceruledge|0 fnt
|faint|p1a: Ceruledge
|
|win|Yelo_Galaxy
|raw|Lord Poopyz's rating: 1473 &rarr; <strong>1457</strong><br />(-16 for losing)
|raw|Yelo_Galaxy's rating: 1538 &rarr; <strong>1554</strong><br />(+16 for winning)
|c|☆Yelo_Galaxy|gg
|l|☆Yelo_Galaxy
|player|p2|
|c|☆Lord Poopyz|Gg
|l|☆Lord Poopyz
|player|p1|
