|badge|p2|silver|gen9doublesou|30-7
|badge|p2|bronze|gen9ru|100-7
|uhtml|medal-msg|<div class="broadcast-blue">Curious what those medals under the avatar are? PS now has Ladder Seasons! For more information, check out the <a href="https://www.smogon.com/forums/threads/3740067/">thread on Smogon.</a></div>
|j|☆Spyro190 testing
|j|☆3idk
|t:|1760426519
|gametype|singles
|player|p1|Spyro190 testing|bugcatcher-gen4dp|1658
|player|p2|3idk|cynthia-masters|1717
|gen|9
|tier|[Gen 9] OU
|rated|
|rule|HP Percentage Mod: HP is shown in percentages
|rule|Endless Battle Clause: Forcing endless battles is banned
|rule|Species Clause: Limit one of each Pokémon
|rule|OHKO Clause: OHKO moves are banned
|rule|Evasion Items Clause: Evasion items are banned
|rule|Evasion Moves Clause: Evasion moves are banned
|rule|Evasion Abilities Clause: Evasion abilities are banned
|rule|Sleep Moves Clause: Sleep-inducing moves are banned
|clearpoke
|poke|p1|Enamorus, F|
|poke|p1|Slowking-Galar, F|
|poke|p1|Cinderace, F|
|poke|p1|Alomomola, F|
|poke|p1|Lokix, F|
|poke|p1|Great Tusk|
|poke|p2|Pelipper, M|
|poke|p2|Tornadus-Therian, M|
|poke|p2|Iron Treads|
|poke|p2|Decidueye-Hisui, F|
|poke|p2|Barraskewda, M|
|poke|p2|Raging Bolt|
|teampreview
|inactive|Battle timer is ON: inactive players will automatically lose when time's up. (requested by 3idk)
|j| huanri huayllahua
|
|t:|1760426530
|teamsize|p1|6
|teamsize|p2|6
|start
|switch|p1a: Alomomola|Alomomola, F|100/100
|switch|p2a: Tornadus|Tornadus-Therian, M|100/100
|turn|1
|
|t:|1760426535
|move|p2a: Tornadus|U-turn|p1a: Alomomola
|-damage|p1a: Alomomola|89/100
|
|t:|1760426539
|switch|p2a: Decidueye|Decidueye-Hisui, F|100/100|[from] U-turn
|move|p1a: Alomomola|Flip Turn|p2a: Decidueye
|-resisted|p2a: Decidueye
|-damage|p2a: Decidueye|94/100
|-damage|p1a: Alomomola|73/100|[from] item: Rocky Helmet|[of] p2a: Decidueye
|
|t:|1760426547
|switch|p1a: Slowking|Slowking-Galar, F|100/100|[from] Flip Turn
|
|upkeep
|turn|2
|
|t:|1760426550
|move|p2a: Decidueye|U-turn|p1a: Slowking
|-damage|p1a: Slowking|88/100
|
|t:|1760426555
|switch|p2a: Pelipper|Pelipper, M|100/100|[from] U-turn
|-weather|RainDance|[from] ability: Drizzle|[of] p2a: Pelipper
|-prepare|p1a: Slowking|Chilly Reception|[premajor]
|move|p1a: Slowking|Chilly Reception|p1a: Slowking
|-weather|Snowscape
|
|t:|1760426561
|switch|p1a: Lokix|Lokix, F|100/100|[from] Chilly Reception
|
|-weather|Snowscape|[upkeep]
|upkeep
|turn|3
|
|t:|1760426565
|switch|p2a: Tornadus|Tornadus-Therian, M|100/100
|-terastallize|p1a: Lokix|Bug
|move|p1a: Lokix|U-turn|p2a: Tornadus
|-resisted|p2a: Tornadus
|-damage|p2a: Tornadus|4/100
|
|t:|1760426569
|switch|p1a: Alomomola|Alomomola, F|100/100|[from] U-turn
|
|-weather|Snowscape|[upkeep]
|upkeep
|turn|4
|
|t:|1760426574
|move|p1a: Alomomola|Aqua Jet|p2a: Tornadus
|-damage|p2a: Tornadus|0 fnt
|faint|p2a: Tornadus
|
|-weather|Snowscape|[upkeep]
|upkeep
|
|t:|1760426580
|switch|p2a: Pelipper|Pelipper, M|100/100
|-weather|RainDance|[from] ability: Drizzle|[of] p2a: Pelipper
|turn|5
|
|t:|1760426584
|move|p1a: Alomomola|Body Slam|p2a: Pelipper
|-crit|p2a: Pelipper
|-damage|p2a: Pelipper|84/100
|move|p2a: Pelipper|Hurricane|p1a: Alomomola
|-damage|p1a: Alomomola|83/100
|-start|p1a: Alomomola|confusion
|
|-weather|RainDance|[upkeep]
|upkeep
|turn|6
|
|t:|1760426593
|switch|p1a: Slowking|Slowking-Galar, F|100/100
|move|p2a: Pelipper|U-turn|p1a: Slowking
|-damage|p1a: Slowking|93/100
|
|t:|1760426596
|switch|p2a: Barraskewda|Barraskewda, M|100/100|[from] U-turn
|
|-weather|RainDance|[upkeep]
|upkeep
|turn|7
|
|t:|1760426601
|switch|p1a: Alomomola|Alomomola, F|100/100
|-terastallize|p2a: Barraskewda|Water
|move|p2a: Barraskewda|Liquidation|p1a: Alomomola
|-resisted|p1a: Alomomola
|-damage|p1a: Alomomola|54/100
|-damage|p2a: Barraskewda|91/100|[from] item: Life Orb
|
|-weather|RainDance|[upkeep]
|upkeep
|turn|8
|l| huanri huayllahua
|
|t:|1760426611
|move|p2a: Barraskewda|Flip Turn|p1a: Alomomola
|-resisted|p1a: Alomomola
|-damage|p1a: Alomomola|22/100
|-damage|p2a: Barraskewda|81/100|[from] item: Life Orb
|
|t:|1760426615
|switch|p2a: Decidueye|Decidueye-Hisui, F|94/100|[from] Flip Turn
|move|p1a: Alomomola|Flip Turn|p2a: Decidueye
|-resisted|p2a: Decidueye
|-damage|p2a: Decidueye|85/100
|-damage|p1a: Alomomola|5/100|[from] item: Rocky Helmet|[of] p2a: Decidueye
|
|t:|1760426623
|switch|p1a: Slowking|Slowking-Galar, F|100/100|[from] Flip Turn
|
|-weather|RainDance|[upkeep]
|upkeep
|turn|9
|
|t:|1760426627
|move|p2a: Decidueye|U-turn|p1a: Slowking
|-damage|p1a: Slowking|88/100
|
|t:|1760426630
|switch|p2a: Barraskewda|Barraskewda, M, tera:Water|81/100|[from] U-turn
|-prepare|p1a: Slowking|Chilly Reception|[premajor]
|move|p1a: Slowking|Chilly Reception|p1a: Slowking
|-weather|Snowscape
|
|t:|1760426639
|switch|p1a: Lokix|Lokix, F, tera:Bug|100/100|[from] Chilly Reception
|
|-weather|Snowscape|[upkeep]
|upkeep
|turn|10
|
|t:|1760426644
|move|p1a: Lokix|First Impression|p2a: Barraskewda
|-damage|p2a: Barraskewda|0 fnt
|faint|p2a: Barraskewda
|
|-weather|Snowscape|[upkeep]
|upkeep
|-message|3idk forfeited.
|
|win|Spyro190 testing
|raw|Spyro190 testing's rating: 1658 &rarr; <strong>1681</strong><br />(+23 for winning)
|raw|3idk's rating: 1717 &rarr; <strong>1694</strong><br />(-23 for losing)
