|j|☆homerac
|j|☆Jerelmy
|t:|1760393807
|gametype|singles
|player|p1|homerac|266|1317
|player|p2|Jerelmy|red|1290
|gen|9
|tier|[Gen 9] OU
|rated|
|rule|HP Percentage Mod: HP is shown in percentages
|rule|Endless Battle Clause: Forcing endless battles is banned
|rule|Species Clause: Limit one of each Pokémon
|rule|OHKO Clause: OHKO moves are banned
|rule|Evasion Items Clause: Evasion items are banned
|rule|Evasion Moves Clause: Evasion moves are banned
|rule|Evasion Abilities Clause: Evasion abilities are banned
|rule|Sleep Moves Clause: Sleep-inducing moves are banned
|clearpoke
|poke|p1|Araquanid, F|
|poke|p1|Darkrai|
|poke|p1|Garchomp, M|
|poke|p1|Primarina, F|
|poke|p1|Breloom, M|
|poke|p1|Oricorio-Pom-Pom, M|
|poke|p2|Delphox, F|
|poke|p2|Greninja-*, M|
|poke|p2|Scizor, M|
|poke|p2|Umbreon, F|
|poke|p2|Conkeldurr, M|
|poke|p2|Goodra, F|
|teampreview
|inactive|Battle timer is ON: inactive players will automatically lose when time's up. (requested by homerac)
|
|t:|1760393845
|teamsize|p1|6
|teamsize|p2|6
|start
|switch|p1a: Primarina|Primarina, F|100/100
|switch|p2a: Robin|Scizor, M|100/100
|turn|1
|
|t:|1760393856
|switch|p1a: Garchomp|Garchomp, M|100/100
|move|p2a: Robin|Swords Dance|p2a: Robin
|-boost|p2a: Robin|atk|2
|
|upkeep
|turn|2
|inactive|Jerelmy has 120 seconds left.
|
|t:|1760393895
|move|p1a: Garchomp|Flamethrower|p2a: Robin
|-supereffective|p2a: Robin
|-damage|p2a: Robin|21/100
|move|p2a: Robin|Swords Dance|p2a: Robin
|-boost|p2a: Robin|atk|2
|
|upkeep
|turn|3
|
|t:|1760393905
|move|p2a: Robin|Bullet Punch|p1a: Garchomp
|-damage|p1a: Garchomp|0 fnt
|-damage|p2a: Robin|9/100|[from] ability: Rough Skin|[of] p1a: Garchomp
|-damage|p2a: Robin|0 fnt|[from] item: Rocky Helmet|[of] p1a: Garchomp
|faint|p1a: Garchomp
|faint|p2a: Robin
|
|upkeep
|inactive|Jerelmy has 120 seconds left.
|
|t:|1760393920
|switch|p1a: Araquanid|Araquanid, F|100/100
|switch|p2a: Unc|Conkeldurr, M|100/100
|turn|4
|inactive|Jerelmy has 120 seconds left.
|
|t:|1760393938
|move|p2a: Unc|Thunder Punch|p1a: Araquanid
|-supereffective|p1a: Araquanid
|-crit|p1a: Araquanid
|-damage|p1a: Araquanid|0 fnt
|faint|p1a: Araquanid
|
|-status|p2a: Unc|brn|[from] item: Flame Orb
|upkeep
|
|t:|1760393945
|switch|p1a: Primarina|Primarina, F|100/100
|turn|5
|
|t:|1760393950
|move|p1a: Primarina|Moonblast|p2a: Unc
|-supereffective|p2a: Unc
|-damage|p2a: Unc|0 fnt
|faint|p2a: Unc
|
|upkeep
|inactive|Jerelmy has 120 seconds left.
|
|t:|1760393979
|switch|p2a: Play-Doh|Goodra, F|100/100
|turn|6
|
|t:|1760393991
|move|p2a: Play-Doh|Sludge Bomb|p1a: Primarina
|-supereffective|p1a: Primarina
|-damage|p1a: Primarina|69/100
|move|p1a: Primarina|Moonblast|p2a: Play-Doh
|-supereffective|p2a: Play-Doh
|-damage|p2a: Play-Doh|41/100
|
|-heal|p2a: Play-Doh|47/100|[from] item: Leftovers
|upkeep
|turn|7
|
|t:|1760394000
|switch|p1a: Oricorio|Oricorio-Pom-Pom, M|100/100
|move|p2a: Play-Doh|Thunderbolt|p1a: Oricorio
|-damage|p1a: Oricorio|58/100
|
|-heal|p2a: Play-Doh|53/100|[from] item: Leftovers
|upkeep
|turn|8
|
|t:|1760394007
|move|p1a: Oricorio|Quiver Dance|p1a: Oricorio
|-boost|p1a: Oricorio|spa|1
|-boost|p1a: Oricorio|spd|1
|-boost|p1a: Oricorio|spe|1
|move|p2a: Play-Doh|Ice Beam|p1a: Oricorio
|-supereffective|p1a: Oricorio
|-damage|p1a: Oricorio|0 fnt
|faint|p1a: Oricorio
|
|-heal|p2a: Play-Doh|59/100|[from] item: Leftovers
|upkeep
|
|t:|1760394016
|switch|p1a: Darkrai|Darkrai|100/100
|turn|9
|
|t:|1760394019
|move|p1a: Darkrai|Ice Beam|p2a: Play-Doh
|-supereffective|p2a: Play-Doh
|-damage|p2a: Play-Doh|12/100
|-status|p2a: Play-Doh|frz
|cant|p2a: Play-Doh|frz
|
|-heal|p2a: Play-Doh|19/100 frz|[from] item: Leftovers
|upkeep
|turn|10
|
|t:|1760394027
|move|p1a: Darkrai|Ice Beam|p2a: Play-Doh
|-supereffective|p2a: Play-Doh
|-damage|p2a: Play-Doh|0 fnt
|faint|p2a: Play-Doh
|
|upkeep
|
|t:|1760394039
|switch|p2a: Luna|Umbreon, F|100/100
|turn|11
|
|t:|1760394042
|move|p1a: Darkrai|Focus Blast|p2a: Luna|[miss]
|-miss|p1a: Darkrai|p2a: Luna
|move|p2a: Luna|Toxic|p1a: Darkrai
|-status|p1a: Darkrai|tox
|
|-damage|p1a: Darkrai|94/100 tox|[from] psn
|upkeep
|turn|12
|
|t:|1760394053
|switch|p1a: Breloom|Breloom, M|100/100
|move|p2a: Luna|Wish|p2a: Luna
|
|upkeep
|turn|13
|
|t:|1760394058
|switch|p1a: Darkrai|Darkrai|94/100 tox
|move|p2a: Luna|Foul Play|p1a: Darkrai
|-resisted|p1a: Darkrai
|-damage|p1a: Darkrai|78/100 tox
|
|-damage|p1a: Darkrai|72/100 tox|[from] psn
|upkeep
|turn|14
|
|t:|1760394068
|move|p1a: Darkrai|Dark Pulse|p2a: Luna
|-resisted|p2a: Luna
|-damage|p2a: Luna|86/100
|move|p2a: Luna|Foul Play|p1a: Darkrai
|-resisted|p1a: Darkrai
|-damage|p1a: Darkrai|56/100 tox
|
|-heal|p2a: Luna|92/100|[from] item: Leftovers
|-damage|p1a: Darkrai|44/100 tox|[from] psn
|upkeep
|turn|15
|
|t:|1760394078
|move|p1a: Darkrai|Focus Blast|p2a: Luna|[miss]
|-miss|p1a: Darkrai|p2a: Luna
|move|p2a: Luna|Foul Play|p1a: Darkrai
|-resisted|p1a: Darkrai
|-damage|p1a: Darkrai|29/100 tox
|
|-heal|p2a: Luna|98/100|[from] item: Leftovers
|-damage|p1a: Darkrai|10/100 tox|[from] psn
|upkeep
|turn|16
|
|t:|1760394086
|move|p1a: Darkrai|Focus Blast|p2a: Luna
|-supereffective|p2a: Luna
|-damage|p2a: Luna|26/100
|move|p2a: Luna|Foul Play|p1a: Darkrai
|-resisted|p1a: Darkrai
|-damage|p1a: Darkrai|0 fnt
|faint|p1a: Darkrai
|
|-heal|p2a: Luna|32/100|[from] item: Leftovers
|upkeep
|
|t:|1760394094
|switch|p1a: Breloom|Breloom, M|100/100
|turn|17
|
|t:|1760394100
|move|p2a: Luna|Protect|p2a: Luna
|-singleturn|p2a: Luna|Protect
|move|p1a: Breloom|Bullet Seed|p2a: Luna
|-activate|p2a: Luna|move: Protect
|
|-heal|p2a: Luna|38/100|[from] item: Leftovers
|upkeep
|turn|18
|
|t:|1760394111
|move|p1a: Breloom|Bullet Seed|p2a: Luna
|-damage|p2a: Luna|26/100
|-damage|p2a: Luna|13/100
|-crit|p2a: Luna
|-damage|p2a: Luna|0 fnt
|faint|p2a: Luna
|-hitcount|p2: Luna|3
|
|upkeep
|
|t:|1760394115
|switch|p2a: Hermione|Delphox, F|100/100
|turn|19
|
|t:|1760394128
|-terastallize|p1a: Breloom|Fairy
|move|p2a: Hermione|Psychic|p1a: Breloom
|-damage|p1a: Breloom|5/100
|move|p1a: Breloom|Bulldoze|p2a: Hermione
|-supereffective|p2a: Hermione
|-damage|p2a: Hermione|0 fnt
|faint|p2a: Hermione
|
|upkeep
|
|t:|1760394135
|switch|p2a: Shadow|Greninja, M|100/100
|turn|20
|
|t:|1760394137
|move|p2a: Shadow|Water Shuriken|p1a: Breloom
|-damage|p1a: Breloom|0 fnt
|faint|p1a: Breloom
|-ability|p2a: Shadow|Battle Bond|boost
|-boost|p2a: Shadow|atk|1
|-boost|p2a: Shadow|spa|1
|-boost|p2a: Shadow|spe|1
|-activate|p2a: Shadow|ability: Battle Bond
|-hitcount|p1: Breloom|1
|
|upkeep
|
|t:|1760394145
|switch|p1a: Primarina|Primarina, F|69/100
|turn|21
|
|t:|1760394149
|-terastallize|p2a: Shadow|Water
|move|p2a: Shadow|Sludge Wave|p1a: Primarina
|-supereffective|p1a: Primarina
|-damage|p1a: Primarina|21/100
|move|p1a: Primarina|Moonblast|p2a: Shadow
|-damage|p2a: Shadow|16/100
|-unboost|p2a: Shadow|spa|1
|
|upkeep
|turn|22
|
|t:|1760394160
|move|p2a: Shadow|Sludge Wave|p1a: Primarina
|-supereffective|p1a: Primarina
|-damage|p1a: Primarina|0 fnt
|faint|p1a: Primarina
|
|win|Jerelmy
|raw|homerac's rating: 1317 &rarr; <strong>1295</strong><br />(-22 for losing)
|raw|Jerelmy's rating: 1290 &rarr; <strong>1317</strong><br />(+27 for winning)
|l|☆homerac
|player|p1|
|l|☆Jerelmy
|player|p2|
