|j|☆raditzisthebest
|j|☆Parker757
|t:|1760403181
|gametype|singles
|player|p1|raditzisthebest|bruno|1692
|player|p2|Parker757|pokemonranger-gen4|1695
|gen|9
|tier|[Gen 9] OU
|rated|
|rule|HP Percentage Mod: HP is shown in percentages
|rule|Endless Battle Clause: Forcing endless battles is banned
|rule|Species Clause: Limit one of each Pokémon
|rule|OHKO Clause: OHKO moves are banned
|rule|Evasion Items Clause: Evasion items are banned
|rule|Evasion Moves Clause: Evasion moves are banned
|rule|Evasion Abilities Clause: Evasion abilities are banned
|rule|Sleep Moves Clause: Sleep-inducing moves are banned
|clearpoke
|poke|p1|Dragapult, M|
|poke|p1|Glimmora, M|
|poke|p1|Comfey, F|
|poke|p1|Kingambit, M|
|poke|p1|Ogerpon-Wellspring, F|
|poke|p1|Blaziken, M|
|poke|p2|Garganacl, M|
|poke|p2|Hippowdon, M|
|poke|p2|Hydrapple, M|
|poke|p2|Slowking-Galar, M|
|poke|p2|Samurott-Hisui, M|
|poke|p2|Excadrill, M|
|teampreview
|inactive|Battle timer is ON: inactive players will automatically lose when time's up. (requested by Parker757)
|
|t:|1760403194
|teamsize|p1|6
|teamsize|p2|6
|start
|switch|p1a: Hiyori|Ogerpon-Wellspring, F|100/100
|switch|p2a: Hydrapple|Hydrapple, M|100/100
|turn|1
|
|t:|1760403199
|move|p1a: Hiyori|Taunt|p2a: Hydrapple
|-start|p2a: Hydrapple|move: Taunt
|move|p2a: Hydrapple|Earth Power|p1a: Hiyori
|-resisted|p1a: Hiyori
|-damage|p1a: Hiyori|83/100
|
|upkeep
|turn|2
|
|t:|1760403204
|move|p1a: Hiyori|U-turn|p2a: Hydrapple
|-supereffective|p2a: Hydrapple
|-damage|p2a: Hydrapple|62/100
|
|t:|1760403206
|switch|p1a: Bartolomeo|Glimmora, M, shiny|100/100|[from] U-turn
|move|p2a: Hydrapple|Fickle Beam|p1a: Bartolomeo|[anim] Fickle Beam All Out
|-activate|p2a: Hydrapple|move: Fickle Beam
|-crit|p1a: Bartolomeo
|-damage|p1a: Bartolomeo|0 fnt
|faint|p1a: Bartolomeo
|
|upkeep
|
|t:|1760403214
|switch|p1a: King|Dragapult, M, shiny|100/100
|turn|3
|
|t:|1760403217
|switch|p2a: Slowking|Slowking-Galar, M|100/100
|move|p1a: King|Draco Meteor|p2a: Slowking
|-damage|p2a: Slowking|65/100
|-unboost|p1a: King|spa|2
|-damage|p1a: King|91/100|[from] item: Life Orb
|
|upkeep
|turn|4
|
|t:|1760403226
|move|p1a: King|Dragon Darts|p2a: Slowking
|-crit|p2a: Slowking
|-damage|p2a: Slowking|35/100
|-anim|p1a: King|Dragon Darts|p2a: Slowking
|-damage|p2a: Slowking|14/100
|-damage|p1a: King|81/100|[from] item: Life Orb
|move|p2a: Slowking|Sludge Bomb|p1a: King
|-resisted|p1a: King
|-damage|p1a: King|53/100
|-status|p1a: King|psn
|
|-damage|p1a: King|41/100 psn|[from] psn
|upkeep
|turn|5
|
|t:|1760403237
|switch|p1a: Hiyori|Ogerpon-Wellspring, F|83/100
|switch|p2a: Garganacl|Garganacl, M|100/100
|
|upkeep
|turn|6
|
|t:|1760403243
|switch|p2a: Hydrapple|Hydrapple, M|95/100
|move|p1a: Hiyori|U-turn|p2a: Hydrapple
|-supereffective|p2a: Hydrapple
|-damage|p2a: Hydrapple|50/100
|
|t:|1760403247
|switch|p1a: King|Dragapult, M, shiny|41/100 psn|[from] U-turn
|
|-damage|p1a: King|29/100 psn|[from] psn
|upkeep
|turn|7
|
|t:|1760403250
|switch|p2a: Garganacl|Garganacl, M|100/100
|move|p1a: King|Draco Meteor|p2a: Garganacl
|-damage|p2a: Garganacl|50/100
|-unboost|p1a: King|spa|2
|-damage|p1a: King|19/100 psn|[from] item: Life Orb
|
|-heal|p2a: Garganacl|56/100|[from] item: Leftovers
|-damage|p1a: King|7/100 psn|[from] psn
|upkeep
|turn|8
|
|t:|1760403257
|switch|p1a: Hiyori|Ogerpon-Wellspring, F|83/100
|move|p2a: Garganacl|Recover|p2a: Garganacl
|-heal|p2a: Garganacl|100/100
|
|upkeep
|turn|9
|j| Nikator98
|
|t:|1760403263
|move|p1a: Hiyori|Spikes|p2a: Garganacl
|-sidestart|p2: Parker757|Spikes
|move|p2a: Garganacl|Salt Cure|p1a: Hiyori
|-damage|p1a: Hiyori|65/100
|-start|p1a: Hiyori|Salt Cure
|
|-damage|p1a: Hiyori|40/100|[from] Salt Cure
|upkeep
|turn|10
|
|t:|1760403267
|move|p2a: Garganacl|Protect|p2a: Garganacl
|-singleturn|p2a: Garganacl|Protect
|move|p1a: Hiyori|U-turn|p2a: Garganacl
|-activate|p2a: Garganacl|move: Protect
|
|-damage|p1a: Hiyori|15/100|[from] Salt Cure
|upkeep
|turn|11
|
|t:|1760403270
|move|p1a: Hiyori|U-turn|p2a: Garganacl
|-damage|p2a: Garganacl|83/100
|
|t:|1760403272
|switch|p1a: King|Dragapult, M, shiny|7/100 psn|[from] U-turn
|move|p2a: Garganacl|Recover|p2a: Garganacl
|-heal|p2a: Garganacl|100/100
|
|-damage|p1a: King|0 fnt|[from] psn
|faint|p1a: King
|upkeep
|
|t:|1760403274
|switch|p1a: Boa Hancock|Comfey, F|100/100
|turn|12
|
|t:|1760403277
|move|p1a: Boa Hancock|Substitute|p1a: Boa Hancock
|-start|p1a: Boa Hancock|Substitute
|-damage|p1a: Boa Hancock|76/100
|move|p2a: Garganacl|Salt Cure|p1a: Boa Hancock
|-activate|p1a: Boa Hancock|move: Substitute|[damage]
|
|upkeep
|turn|13
|
|t:|1760403281
|switch|p2a: Excadrill|Excadrill, M|100/100
|move|p1a: Boa Hancock|Calm Mind|p1a: Boa Hancock
|-boost|p1a: Boa Hancock|spa|1
|-boost|p1a: Boa Hancock|spd|1
|
|upkeep
|turn|14
|
|t:|1760403284
|-terastallize|p1a: Boa Hancock|Ground
|move|p2a: Excadrill|Earthquake|p1a: Boa Hancock
|-end|p1a: Boa Hancock|Substitute
|move|p1a: Boa Hancock|Tera Blast|p2a: Excadrill|[anim] Tera Blast Ground
|-supereffective|p2a: Excadrill
|-damage|p2a: Excadrill|0 fnt
|faint|p2a: Excadrill
|-damage|p1a: Boa Hancock|66/100|[from] item: Life Orb
|
|upkeep
|l| Nikator98
|
|t:|1760403309
|switch|p2a: Garganacl|Garganacl, M|100/100
|-damage|p2a: Garganacl|88/100|[from] Spikes
|turn|15
|
|t:|1760403312
|move|p1a: Boa Hancock|Substitute|p1a: Boa Hancock
|-start|p1a: Boa Hancock|Substitute
|-damage|p1a: Boa Hancock|41/100
|move|p2a: Garganacl|Ice Punch|p1a: Boa Hancock
|-supereffective|p1a: Boa Hancock
|-end|p1a: Boa Hancock|Substitute
|
|-heal|p2a: Garganacl|94/100|[from] item: Leftovers
|upkeep
|turn|16
|
|t:|1760403321
|move|p1a: Boa Hancock|Substitute|p1a: Boa Hancock
|-start|p1a: Boa Hancock|Substitute
|-damage|p1a: Boa Hancock|16/100
|move|p2a: Garganacl|Ice Punch|p1a: Boa Hancock
|-supereffective|p1a: Boa Hancock
|-crit|p1a: Boa Hancock
|-end|p1a: Boa Hancock|Substitute
|
|-heal|p2a: Garganacl|100/100|[from] item: Leftovers
|upkeep
|turn|17
|
|t:|1760403326
|move|p1a: Boa Hancock|Tera Blast|p2a: Garganacl|[anim] Tera Blast Ground
|-supereffective|p2a: Garganacl
|-damage|p2a: Garganacl|5/100
|-damage|p1a: Boa Hancock|6/100|[from] item: Life Orb
|move|p2a: Garganacl|Ice Punch|p1a: Boa Hancock
|-supereffective|p1a: Boa Hancock
|-damage|p1a: Boa Hancock|0 fnt
|faint|p1a: Boa Hancock
|
|-heal|p2a: Garganacl|11/100|[from] item: Leftovers
|upkeep
|
|t:|1760403333
|switch|p1a: Sanji|Blaziken, M, shiny|100/100
|turn|18
|
|t:|1760403336
|move|p1a: Sanji|Knock Off|p2a: Garganacl
|-damage|p2a: Garganacl|0 fnt
|-enditem|p2a: Garganacl|Leftovers|[from] move: Knock Off|[of] p1a: Sanji
|faint|p2a: Garganacl
|-damage|p1a: Sanji|91/100|[from] item: Life Orb
|
|-ability|p1a: Sanji|Speed Boost|boost
|-boost|p1a: Sanji|spe|1
|upkeep
|
|t:|1760403340
|switch|p2a: Hippowdon|Hippowdon, M|100/100
|-damage|p2a: Hippowdon|88/100|[from] Spikes
|-weather|Sandstorm|[from] ability: Sand Stream|[of] p2a: Hippowdon
|turn|19
|
|t:|1760403344
|switch|p1a: Zoro|Kingambit, M|100/100
|-activate|p1a: Zoro|ability: Supreme Overlord
|-start|p1a: Zoro|fallen3|[silent]
|move|p2a: Hippowdon|Scorching Sands|p1a: Zoro
|-supereffective|p1a: Zoro
|-damage|p1a: Zoro|66/100
|
|-weather|Sandstorm|[upkeep]
|-heal|p1a: Zoro|72/100|[from] item: Leftovers
|upkeep
|turn|20
|
|t:|1760403353
|move|p1a: Zoro|Kowtow Cleave|p2a: Hippowdon
|-damage|p2a: Hippowdon|55/100
|-damage|p1a: Zoro|56/100|[from] item: Rocky Helmet|[of] p2a: Hippowdon
|move|p2a: Hippowdon|Body Press|p1a: Zoro
|-supereffective|p1a: Zoro
|-damage|p1a: Zoro|0 fnt
|faint|p1a: Zoro
|-end|p1a: Zoro|fallen3|[silent]
|
|-weather|Sandstorm|[upkeep]
|upkeep
|
|t:|1760403362
|switch|p1a: Hiyori|Ogerpon-Wellspring, F|15/100
|turn|21
|
|t:|1760403368
|switch|p2a: Hydrapple|Hydrapple, M|83/100
|move|p1a: Hiyori|Ivy Cudgel|p2a: Hydrapple|[anim] Ivy Cudgel Water
|-resisted|p2a: Hydrapple
|-damage|p2a: Hydrapple|72/100
|
|-weather|Sandstorm|[upkeep]
|-damage|p1a: Hiyori|9/100|[from] Sandstorm
|-damage|p2a: Hydrapple|66/100|[from] Sandstorm
|upkeep
|turn|22
|
|t:|1760403373
|move|p1a: Hiyori|Spikes|p2a: Hydrapple
|-sidestart|p2: Parker757|Spikes
|move|p2a: Hydrapple|Nasty Plot|p2a: Hydrapple
|-boost|p2a: Hydrapple|spa|2
|
|-weather|Sandstorm|[upkeep]
|-damage|p1a: Hiyori|3/100|[from] Sandstorm
|-damage|p2a: Hydrapple|60/100|[from] Sandstorm
|upkeep
|turn|23
|
|t:|1760403378
|move|p1a: Hiyori|Taunt|p2a: Hydrapple
|-start|p2a: Hydrapple|move: Taunt
|move|p2a: Hydrapple|Giga Drain|p1a: Hiyori
|-damage|p1a: Hiyori|0 fnt
|-heal|p2a: Hydrapple|61/100|[from] drain|[of] p1a: Hiyori
|faint|p1a: Hiyori
|
|-weather|none
|upkeep
|
|t:|1760403380
|switch|p1a: Sanji|Blaziken, M, shiny|91/100
|turn|24
|j| Sharoomba
|
|t:|1760403383
|move|p1a: Sanji|Close Combat|p2a: Hydrapple
|-damage|p2a: Hydrapple|2/100
|-unboost|p1a: Sanji|def|1
|-unboost|p1a: Sanji|spd|1
|-damage|p1a: Sanji|81/100|[from] item: Life Orb
|move|p2a: Hydrapple|Earth Power|p1a: Sanji
|-supereffective|p1a: Sanji
|-damage|p1a: Sanji|0 fnt
|faint|p1a: Sanji
|
|win|Parker757
|raw|raditzisthebest's rating: 1692 &rarr; <strong>1672</strong><br />(-20 for losing)
|raw|Parker757's rating: 1695 &rarr; <strong>1715</strong><br />(+20 for winning)
|l|☆raditzisthebest
|player|p1|
|l| Sharoomba
|l|☆Parker757
|player|p2|
