|j|☆abigolname
|j|☆kingboglin123
|t:|1760395191
|gametype|singles
|player|p1|abigolname|ingo|1365
|player|p2|kingboglin123|benga|1373
|gen|9
|tier|[Gen 9] OU
|rated|
|rule|HP Percentage Mod: HP is shown in percentages
|rule|Endless Battle Clause: Forcing endless battles is banned
|rule|Species Clause: Limit one of each Pokémon
|rule|OHKO Clause: OHKO moves are banned
|rule|Evasion Items Clause: Evasion items are banned
|rule|Evasion Moves Clause: Evasion moves are banned
|rule|Evasion Abilities Clause: Evasion abilities are banned
|rule|Sleep Moves Clause: Sleep-inducing moves are banned
|clearpoke
|poke|p1|Iron Moth|
|poke|p1|Garganacl, M|
|poke|p1|Gholdengo|
|poke|p1|Meowscarada, F|
|poke|p1|Raging Bolt|
|poke|p1|Zamazenta-*|
|poke|p2|Yanmega, M|
|poke|p2|Gyarados, F|
|poke|p2|Trevenant, F|
|poke|p2|Infernape, F|
|poke|p2|Dugtrio-Alola, F|
|poke|p2|Farigiraf, F|
|teampreview
|
|t:|1760395198
|teamsize|p1|6
|teamsize|p2|6
|start
|switch|p1a: Iron Moth|Iron Moth|100/100
|switch|p2a: Yanmega|Yanmega, M|100/100
|-enditem|p1a: Iron Moth|Booster Energy
|-activate|p1a: Iron Moth|ability: Quark Drive|[fromitem]
|-start|p1a: Iron Moth|quarkdrivespe
|turn|1
|inactive|Battle timer is ON: inactive players will automatically lose when time's up. (requested by abigolname)
|
|t:|1760395207
|switch|p2a: Gyarados|Gyarados, F|100/100
|-ability|p2a: Gyarados|Intimidate|boost
|-unboost|p1a: Iron Moth|atk|1
|move|p1a: Iron Moth|Fiery Dance|p2a: Gyarados
|-resisted|p2a: Gyarados
|-damage|p2a: Gyarados|78/100
|
|upkeep
|turn|2
|
|t:|1760395215
|-terastallize|p1a: Iron Moth|Grass
|move|p1a: Iron Moth|Fiery Dance|p2a: Gyarados
|-resisted|p2a: Gyarados
|-crit|p2a: Gyarados
|-damage|p2a: Gyarados|46/100
|-boost|p1a: Iron Moth|spa|1
|move|p2a: Gyarados|Waterfall|p1a: Iron Moth
|-resisted|p1a: Iron Moth
|-damage|p1a: Iron Moth|70/100
|
|upkeep
|turn|3
|
|t:|1760395226
|move|p1a: Iron Moth|Energy Ball|p2a: Gyarados
|-damage|p2a: Gyarados|0 fnt
|faint|p2a: Gyarados
|
|upkeep
|
|t:|1760395243
|switch|p2a: Trevenant|Trevenant, F|100/100
|turn|4
|
|t:|1760395245
|-terastallize|p2a: Trevenant|Fighting
|move|p1a: Iron Moth|Fiery Dance|p2a: Trevenant
|-damage|p2a: Trevenant|36/100
|-enditem|p2a: Trevenant|Sitrus Berry|[eat]
|-heal|p2a: Trevenant|61/100|[from] item: Sitrus Berry
|move|p2a: Trevenant|Trick Room|p2a: Trevenant
|-fieldstart|move: Trick Room|[of] p2a: Trevenant
|
|upkeep
|turn|5
|
|t:|1760395266
|-end|p1a: Iron Moth|Quark Drive|[silent]
|switch|p1a: Zamazenta|Zamazenta|100/100
|-ability|p1a: Zamazenta|Dauntless Shield|boost
|-boost|p1a: Zamazenta|def|1
|move|p2a: Trevenant|Drain Punch|p1a: Zamazenta
|-damage|p1a: Zamazenta|82/100
|-heal|p2a: Trevenant|69/100|[from] drain|[of] p1a: Zamazenta
|
|-item|p2a: Trevenant|Sitrus Berry|[from] ability: Harvest
|upkeep
|turn|6
|
|t:|1760395285
|switch|p2a: Yanmega|Yanmega, M|100/100
|move|p1a: Zamazenta|Body Press|p2a: Yanmega
|-resisted|p2a: Yanmega
|-damage|p2a: Yanmega|83/100
|
|upkeep
|turn|7
|
|t:|1760395300
|switch|p1a: Gholdengo|Gholdengo|100/100
|move|p2a: Yanmega|Bug Buzz|p1a: Gholdengo
|-resisted|p1a: Gholdengo
|-damage|p1a: Gholdengo|85/100
|
|-ability|p2a: Yanmega|Speed Boost|boost
|-boost|p2a: Yanmega|spe|1
|upkeep
|turn|8
|
|t:|1760395310
|move|p1a: Gholdengo|Thunder Wave|p2a: Yanmega
|-status|p2a: Yanmega|par
|move|p2a: Yanmega|Air Slash|p1a: Gholdengo
|-resisted|p1a: Gholdengo
|-damage|p1a: Gholdengo|60/100
|
|-fieldend|move: Trick Room
|-ability|p2a: Yanmega|Speed Boost|boost
|-boost|p2a: Yanmega|spe|1
|upkeep
|turn|9
|
|t:|1760395317
|move|p2a: Yanmega|Air Slash|p1a: Gholdengo
|-resisted|p1a: Gholdengo
|-damage|p1a: Gholdengo|32/100
|move|p1a: Gholdengo|Hex|p2a: Yanmega
|-damage|p2a: Yanmega|0 fnt
|faint|p2a: Yanmega
|
|upkeep
|
|t:|1760395331
|switch|p2a: Dugtrio|Dugtrio-Alola, F, shiny|100/100
|turn|10
|
|t:|1760395340
|move|p2a: Dugtrio|Substitute|p2a: Dugtrio
|-start|p2a: Dugtrio|Substitute
|-damage|p2a: Dugtrio|76/100
|move|p1a: Gholdengo|Hex|p2a: Dugtrio
|-end|p2a: Dugtrio|Substitute
|
|upkeep
|turn|11
|
|t:|1760395346
|move|p2a: Dugtrio|Substitute|p2a: Dugtrio
|-start|p2a: Dugtrio|Substitute
|-damage|p2a: Dugtrio|51/100
|move|p1a: Gholdengo|Hex|p2a: Dugtrio
|-end|p2a: Dugtrio|Substitute
|
|upkeep
|turn|12
|
|t:|1760395351
|move|p2a: Dugtrio|Earthquake|p1a: Gholdengo
|-supereffective|p1a: Gholdengo
|-damage|p1a: Gholdengo|0 fnt
|faint|p1a: Gholdengo
|-damage|p2a: Dugtrio|41/100|[from] item: Life Orb
|
|upkeep
|
|t:|1760395364
|switch|p1a: Zamazenta|Zamazenta|82/100
|turn|13
|
|t:|1760395374
|move|p1a: Zamazenta|Body Press|p2a: Dugtrio
|-supereffective|p2a: Dugtrio
|-crit|p2a: Dugtrio
|-damage|p2a: Dugtrio|0 fnt
|-ability|p2a: Dugtrio|Tangling Hair
|-unboost|p1a: Zamazenta|spe|1
|faint|p2a: Dugtrio
|
|upkeep
|
|t:|1760395376
|switch|p2a: Farigiraf|Farigiraf, F, shiny|100/100
|turn|14
|
|t:|1760395385
|switch|p1a: Raging Bolt|Raging Bolt|100/100
|move|p2a: Farigiraf|Agility|p2a: Farigiraf
|-boost|p2a: Farigiraf|spe|2
|
|upkeep
|turn|15
|
|t:|1760395388
|move|p2a: Farigiraf|Nasty Plot|p2a: Farigiraf
|-boost|p2a: Farigiraf|spa|2
|move|p1a: Raging Bolt|Calm Mind|p1a: Raging Bolt
|-boost|p1a: Raging Bolt|spa|1
|-boost|p1a: Raging Bolt|spd|1
|
|upkeep
|turn|16
|
|t:|1760395396
|move|p2a: Farigiraf|Nasty Plot|p2a: Farigiraf
|-boost|p2a: Farigiraf|spa|2
|move|p1a: Raging Bolt|Draco Meteor|p2a: Farigiraf|[miss]
|-miss|p1a: Raging Bolt|p2a: Farigiraf
|
|upkeep
|turn|17
|
|t:|1760395403
|move|p2a: Farigiraf|Stored Power|p1a: Raging Bolt
|-damage|p1a: Raging Bolt|0 fnt
|faint|p1a: Raging Bolt
|-end|p1a: Raging Bolt|Protosynthesis|[silent]
|
|upkeep
|
|t:|1760395414
|switch|p1a: Meowscarada|Meowscarada, F|100/100
|turn|18
|
|t:|1760395419
|move|p2a: Farigiraf|Tera Blast|p1a: Meowscarada
|-damage|p1a: Meowscarada|0 fnt
|faint|p1a: Meowscarada
|
|upkeep
|
|t:|1760395423
|switch|p1a: Garganacl|Garganacl, M|100/100
|turn|19
|
|t:|1760395426
|move|p2a: Farigiraf|Stored Power|p1a: Garganacl
|-damage|p1a: Garganacl|0 fnt
|faint|p1a: Garganacl
|
|upkeep
|c|☆kingboglin123|SORY
|-message|abigolname forfeited.
|
|win|kingboglin123
|raw|abigolname's rating: 1365 &rarr; <strong>1345</strong><br />(-20 for losing)
|raw|kingboglin123's rating: 1373 &rarr; <strong>1393</strong><br />(+20 for winning)
|l|☆abigolname
|player|p1|
|l|☆kingboglin123
|player|p2|
