|j|☆adrianmalarcon
|j|☆esta man oe
|t:|1760377286
|gametype|singles
|player|p1|adrianmalarcon|fisherman-gen4|1162
|player|p2|esta man oe|preschooler|1197
|gen|9
|tier|[Gen 9] OU
|rated|
|rule|HP Percentage Mod: HP is shown in percentages
|rule|Endless Battle Clause: Forcing endless battles is banned
|rule|Species Clause: Limit one of each Pokémon
|rule|OHKO Clause: OHKO moves are banned
|rule|Evasion Items Clause: Evasion items are banned
|rule|Evasion Moves Clause: Evasion moves are banned
|rule|Evasion Abilities Clause: Evasion abilities are banned
|rule|Sleep Moves Clause: Sleep-inducing moves are banned
|clearpoke
|poke|p1|Garchomp, M|
|poke|p1|Iron Valiant|
|poke|p1|Toxapex, M|
|poke|p1|Dragapult, F|
|poke|p1|Great Tusk|
|poke|p1|Gliscor, F|
|poke|p2|Torkoal, M|
|poke|p2|Pelipper, M|
|poke|p2|Raging Bolt|
|poke|p2|Walking Wake|
|poke|p2|Alomomola, F|
|poke|p2|Corviknight, M|
|teampreview
|inactive|Battle timer is ON: inactive players will automatically lose when time's up. (requested by esta man oe)
|
|t:|1760377293
|teamsize|p1|6
|teamsize|p2|6
|start
|switch|p1a: Garchomp|Garchomp, M|100/100
|switch|p2a: Raging Bolt|Raging Bolt|100/100
|turn|1
|
|t:|1760377302
|move|p2a: Raging Bolt|Draco Meteor|p1a: Garchomp
|-supereffective|p1a: Garchomp
|-damage|p1a: Garchomp|0 fnt
|-unboost|p2a: Raging Bolt|spa|2
|faint|p1a: Garchomp
|
|upkeep
|
|t:|1760377312
|switch|p1a: Dragapult|Dragapult, F|100/100
|turn|2
|
|t:|1760377318
|-end|p2a: Raging Bolt|Protosynthesis|[silent]
|switch|p2a: Alomomola|Alomomola, F|100/100
|move|p1a: Dragapult|Draco Meteor|p2a: Alomomola
|-damage|p2a: Alomomola|54/100
|-unboost|p1a: Dragapult|spa|2
|
|upkeep
|turn|3
|
|t:|1760377327
|switch|p1a: Toxapex|Toxapex, M|100/100
|move|p2a: Alomomola|Flip Turn|p1a: Toxapex
|-resisted|p1a: Toxapex
|-damage|p1a: Toxapex|96/100
|
|t:|1760377331
|switch|p2a: Torkoal|Torkoal, M|100/100|[from] Flip Turn
|-weather|SunnyDay|[from] ability: Drought|[of] p2a: Torkoal
|
|-weather|SunnyDay|[upkeep]
|-heal|p1a: Toxapex|100/100|[from] item: Black Sludge
|upkeep
|turn|4
|
|t:|1760377343
|switch|p2a: Alomomola|Alomomola, F|88/100
|move|p1a: Toxapex|Toxic|p2a: Alomomola
|-status|p2a: Alomomola|tox
|
|-weather|SunnyDay|[upkeep]
|-damage|p2a: Alomomola|82/100 tox|[from] psn
|upkeep
|turn|5
|
|t:|1760377354
|switch|p1a: Gliscor|Gliscor, F|100/100
|move|p2a: Alomomola|Healing Wish|p2a: Alomomola
|faint|p2a: Alomomola
|
|-weather|SunnyDay|[upkeep]
|-status|p1a: Gliscor|tox|[from] item: Toxic Orb
|upkeep
|
|t:|1760377358
|switch|p2a: Walking Wake|Walking Wake|100/100
|-activate|p2a: Walking Wake|ability: Protosynthesis
|-start|p2a: Walking Wake|protosynthesisspa
|turn|6
|
|t:|1760377365
|-terastallize|p2a: Walking Wake|Water
|move|p1a: Gliscor|Protect|p1a: Gliscor
|-singleturn|p1a: Gliscor|Protect
|move|p2a: Walking Wake|Hydro Steam|p1a: Gliscor
|-activate|p1a: Gliscor|move: Protect
|
|-weather|SunnyDay|[upkeep]
|upkeep
|turn|7
|
|t:|1760377374
|switch|p1a: Toxapex|Toxapex, M|100/100
|move|p2a: Walking Wake|Hydro Steam|p1a: Toxapex
|-resisted|p1a: Toxapex
|-damage|p1a: Toxapex|32/100
|
|-weather|SunnyDay|[upkeep]
|-heal|p1a: Toxapex|38/100|[from] item: Black Sludge
|upkeep
|turn|8
|
|t:|1760377401
|move|p2a: Walking Wake|Hydro Steam|p1a: Toxapex
|-resisted|p1a: Toxapex
|-damage|p1a: Toxapex|0 fnt
|faint|p1a: Toxapex
|
|-weather|SunnyDay|[upkeep]
|upkeep
|
|t:|1760377409
|switch|p1a: Iron Valiant|Iron Valiant|100/100
|-enditem|p1a: Iron Valiant|Booster Energy
|-activate|p1a: Iron Valiant|ability: Quark Drive|[fromitem]
|-start|p1a: Iron Valiant|quarkdrivespe
|turn|9
|
|t:|1760377423
|move|p1a: Iron Valiant|Calm Mind|p1a: Iron Valiant
|-boost|p1a: Iron Valiant|spa|1
|-boost|p1a: Iron Valiant|spd|1
|move|p2a: Walking Wake|Hydro Steam|p1a: Iron Valiant
|-damage|p1a: Iron Valiant|0 fnt
|faint|p1a: Iron Valiant
|-end|p1a: Iron Valiant|Quark Drive|[silent]
|
|-weather|SunnyDay|[upkeep]
|upkeep
|inactive|adrianmalarcon has 120 seconds left.
|-message|adrianmalarcon forfeited.
|
|win|esta man oe
|raw|adrianmalarcon's rating: 1162 &rarr; <strong>1140</strong><br />(-22 for losing)
|raw|esta man oe's rating: 1197 &rarr; <strong>1219</strong><br />(+22 for winning)
|l|☆adrianmalarcon
|player|p1|
