|j|☆TallyLouise
|j|☆Jus4funsies
|t:|1760343415
|gametype|singles
|player|p1|TallyLouise|101|1387
|player|p2|Jus4funsies|teamrocket|1445
|gen|9
|tier|[Gen 9] OU
|rated|
|rule|HP Percentage Mod: HP is shown in percentages
|rule|Endless Battle Clause: Forcing endless battles is banned
|rule|Species Clause: Limit one of each Pokémon
|rule|OHKO Clause: OHKO moves are banned
|rule|Evasion Items Clause: Evasion items are banned
|rule|Evasion Moves Clause: Evasion moves are banned
|rule|Evasion Abilities Clause: Evasion abilities are banned
|rule|Sleep Moves Clause: Sleep-inducing moves are banned
|clearpoke
|poke|p1|Zamazenta-*|
|poke|p1|Hoopa-Unbound|
|poke|p1|Blissey, F|
|poke|p1|Ribombee, F|
|poke|p1|Alomomola, F|
|poke|p1|Iron Treads|
|poke|p2|Samurott-Hisui, M|
|poke|p2|Gholdengo|
|poke|p2|Great Tusk|
|poke|p2|Raging Bolt|
|poke|p2|Dragonite, F|
|poke|p2|Kingambit, F|
|teampreview
|
|t:|1760343442
|teamsize|p1|6
|teamsize|p2|6
|start
|switch|p1a: Ribombee|Ribombee, F, shiny|100/100
|switch|p2a: Samurott|Samurott-Hisui, M|100/100
|turn|1
|
|t:|1760343449
|move|p1a: Ribombee|Bug Buzz|p2a: Samurott
|-supereffective|p2a: Samurott
|-enditem|p2a: Samurott|Focus Sash
|-damage|p2a: Samurott|1/100
|move|p2a: Samurott|Ceaseless Edge|p1a: Ribombee|[miss]
|-miss|p2a: Samurott|p1a: Ribombee
|
|upkeep
|turn|2
|
|t:|1760343456
|move|p1a: Ribombee|U-turn|p2a: Samurott
|-supereffective|p2a: Samurott
|-damage|p2a: Samurott|0 fnt
|faint|p2a: Samurott
|c|☆Jus4funsies|woah
|
|t:|1760343465
|switch|p1a: Hoopa|Hoopa-Unbound|100/100|[from] U-turn
|
|upkeep
|
|t:|1760343504
|switch|p2a: Dragonite|Dragonite, F|100/100
|turn|3
|
|t:|1760343510
|switch|p1a: Alomomola|Alomomola, F, shiny|100/100
|move|p2a: Dragonite|Dragon Dance|p2a: Dragonite
|-boost|p2a: Dragonite|atk|1
|-boost|p2a: Dragonite|spe|1
|
|upkeep
|turn|4
|
|t:|1760343520
|move|p2a: Dragonite|Dragon Dance|p2a: Dragonite
|-boost|p2a: Dragonite|atk|1
|-boost|p2a: Dragonite|spe|1
|move|p1a: Alomomola|Scald|p2a: Dragonite
|-resisted|p2a: Dragonite
|-damage|p2a: Dragonite|97/100
|
|upkeep
|turn|5
|
|t:|1760343531
|-terastallize|p2a: Dragonite|Normal
|move|p2a: Dragonite|Extreme Speed|p1a: Alomomola
|-damage|p1a: Alomomola|51/100
|-damage|p2a: Dragonite|80/100|[from] item: Rocky Helmet|[of] p1a: Alomomola
|move|p1a: Alomomola|Scald|p2a: Dragonite
|-damage|p2a: Dragonite|64/100
|
|upkeep
|turn|6
|
|t:|1760343541
|move|p2a: Dragonite|Extreme Speed|p1a: Alomomola
|-damage|p1a: Alomomola|2/100
|-damage|p2a: Dragonite|48/100|[from] item: Rocky Helmet|[of] p1a: Alomomola
|move|p1a: Alomomola|Wish|p1a: Alomomola
|
|upkeep
|turn|7
|
|t:|1760343546
|move|p1a: Alomomola|Protect|p1a: Alomomola
|-singleturn|p1a: Alomomola|Protect
|move|p2a: Dragonite|Earthquake|p1a: Alomomola
|-activate|p1a: Alomomola|move: Protect
|
|-heal|p1a: Alomomola|52/100|[from] move: Wish|[wisher] Alomomola
|upkeep
|turn|8
|
|t:|1760343554
|move|p2a: Dragonite|Extreme Speed|p1a: Alomomola
|-damage|p1a: Alomomola|0 fnt
|-damage|p2a: Dragonite|31/100|[from] item: Rocky Helmet|[of] p1a: Alomomola
|faint|p1a: Alomomola
|
|upkeep
|c|☆TallyLouise|😭the poll
|inactive|Battle timer is ON: inactive players will automatically lose when time's up. (requested by Jus4funsies)
|c|☆TallyLouise|Roll*
|c|☆Jus4funsies|Ya
|c|☆Jus4funsies|Last game i lost cuz a crit
|
|t:|1760343601
|switch|p1a: Zamazenta|Zamazenta, shiny|100/100
|-ability|p1a: Zamazenta|Dauntless Shield|boost
|-boost|p1a: Zamazenta|def|1
|turn|9
|c|☆Jus4funsies|So it be like that twin
|
|t:|1760343612
|move|p2a: Dragonite|Extreme Speed|p1a: Zamazenta
|-damage|p1a: Zamazenta|42/100
|move|p1a: Zamazenta|Close Combat|p2a: Dragonite
|-supereffective|p2a: Dragonite
|-damage|p2a: Dragonite|0 fnt
|-unboost|p1a: Zamazenta|def|1
|-unboost|p1a: Zamazenta|spd|1
|faint|p2a: Dragonite
|
|-heal|p1a: Zamazenta|48/100|[from] item: Leftovers
|upkeep
|
|t:|1760343622
|switch|p2a: Gholdengo|Gholdengo, shiny|100/100
|-item|p2a: Gholdengo|Air Balloon
|turn|10
|
|t:|1760343629
|switch|p1a: Iron Treads|Iron Treads, shiny|100/100
|move|p2a: Gholdengo|Make It Rain|p1a: Iron Treads
|-resisted|p1a: Iron Treads
|-damage|p1a: Iron Treads|70/100
|-unboost|p2a: Gholdengo|spa|1
|
|upkeep
|turn|11
|
|t:|1760343636
|switch|p2a: Great Tusk|Great Tusk|100/100
|move|p1a: Iron Treads|Knock Off|p2a: Great Tusk
|-resisted|p2a: Great Tusk
|-damage|p2a: Great Tusk|89/100
|-enditem|p2a: Great Tusk|Heavy-Duty Boots|[from] move: Knock Off|[of] p1a: Iron Treads
|
|upkeep
|turn|12
|
|t:|1760343650
|-end|p1a: Iron Treads|Quark Drive|[silent]
|switch|p1a: Ribombee|Ribombee, F, shiny|100/100
|move|p2a: Great Tusk|Rapid Spin|p1a: Ribombee
|-damage|p1a: Ribombee|67/100
|-boost|p2a: Great Tusk|spe|1
|
|upkeep
|turn|13
|
|t:|1760343661
|-end|p2a: Great Tusk|Protosynthesis|[silent]
|switch|p2a: Gholdengo|Gholdengo, shiny|100/100
|-item|p2a: Gholdengo|Air Balloon
|move|p1a: Ribombee|Moonblast|p2a: Gholdengo
|-resisted|p2a: Gholdengo
|-damage|p2a: Gholdengo|79/100
|-enditem|p2a: Gholdengo|Air Balloon
|
|upkeep
|turn|14
|
|t:|1760343670
|move|p1a: Ribombee|U-turn|p2a: Gholdengo
|-resisted|p2a: Gholdengo
|-damage|p2a: Gholdengo|75/100
|
|t:|1760343673
|switch|p1a: Blissey|Blissey, F|100/100|[from] U-turn
|move|p2a: Gholdengo|Make It Rain|p1a: Blissey
|-damage|p1a: Blissey|78/100
|-unboost|p2a: Gholdengo|spa|1
|
|upkeep
|turn|15
|
|t:|1760343681
|switch|p2a: Great Tusk|Great Tusk|89/100
|move|p1a: Blissey|Stealth Rock|p2a: Great Tusk
|-sidestart|p2: Jus4funsies|move: Stealth Rock
|
|upkeep
|turn|16
|
|t:|1760343693
|move|p2a: Great Tusk|Rapid Spin|p1a: Blissey
|-damage|p1a: Blissey|61/100
|-boost|p2a: Great Tusk|spe|1
|-sideend|p2: Jus4funsies|Stealth Rock|[from] move: Rapid Spin|[of] p2a: Great Tusk
|move|p1a: Blissey|Seismic Toss|p2a: Great Tusk
|-damage|p2a: Great Tusk|62/100
|
|upkeep
|turn|17
|
|t:|1760343703
|switch|p1a: Zamazenta|Zamazenta, shiny|48/100
|move|p2a: Great Tusk|Stealth Rock|p1a: Zamazenta
|-sidestart|p1: TallyLouise|move: Stealth Rock
|
|-heal|p1a: Zamazenta|54/100|[from] item: Leftovers
|upkeep
|turn|18
|
|t:|1760343712
|move|p2a: Great Tusk|Ice Spinner|p1a: Zamazenta
|-damage|p1a: Zamazenta|26/100
|move|p1a: Zamazenta|Close Combat|p2a: Great Tusk
|-damage|p2a: Great Tusk|17/100
|-unboost|p1a: Zamazenta|def|1
|-unboost|p1a: Zamazenta|spd|1
|
|-heal|p1a: Zamazenta|32/100|[from] item: Leftovers
|upkeep
|turn|19
|
|t:|1760343728
|move|p2a: Great Tusk|Headlong Rush|p1a: Zamazenta
|-damage|p1a: Zamazenta|0 fnt
|-unboost|p2a: Great Tusk|def|1
|-unboost|p2a: Great Tusk|spd|1
|faint|p1a: Zamazenta
|
|upkeep
|
|t:|1760343734
|switch|p1a: Ribombee|Ribombee, F, shiny|67/100
|turn|20
|
|t:|1760343739
|move|p2a: Great Tusk|Headlong Rush|p1a: Ribombee
|-resisted|p1a: Ribombee
|-damage|p1a: Ribombee|7/100
|-unboost|p2a: Great Tusk|def|1
|-unboost|p2a: Great Tusk|spd|1
|move|p1a: Ribombee|Moonblast|p2a: Great Tusk
|-supereffective|p2a: Great Tusk
|-damage|p2a: Great Tusk|0 fnt
|faint|p2a: Great Tusk
|-end|p2a: Great Tusk|Protosynthesis|[silent]
|
|upkeep
|
|t:|1760343744
|switch|p2a: Gholdengo|Gholdengo, shiny|75/100
|turn|21
|
|t:|1760343749
|move|p1a: Ribombee|Sticky Web|p2a: Gholdengo
|-sidestart|p2: Jus4funsies|move: Sticky Web
|move|p2a: Gholdengo|Make It Rain|p1a: Ribombee
|-supereffective|p1a: Ribombee
|-damage|p1a: Ribombee|0 fnt
|-unboost|p2a: Gholdengo|spa|1
|faint|p1a: Ribombee
|
|upkeep
|
|t:|1760343757
|switch|p1a: Blissey|Blissey, F|61/100
|turn|22
|
|t:|1760343763
|switch|p2a: Kingambit|Kingambit, F, shiny|100/100
|-activate|p2a: Kingambit|move: Sticky Web
|-unboost|p2a: Kingambit|spe|1
|-activate|p2a: Kingambit|ability: Supreme Overlord
|-start|p2a: Kingambit|fallen3|[silent]
|move|p1a: Blissey|Soft-Boiled|p1a: Blissey
|-heal|p1a: Blissey|100/100
|
|upkeep
|turn|23
|
|t:|1760343769
|move|p1a: Blissey|Seismic Toss|p2a: Kingambit
|-damage|p2a: Kingambit|71/100
|move|p2a: Kingambit|Swords Dance|p2a: Kingambit
|-boost|p2a: Kingambit|atk|2
|
|upkeep
|turn|24
|
|t:|1760343774
|move|p1a: Blissey|Thunder Wave|p2a: Kingambit
|-status|p2a: Kingambit|par
|cant|p2a: Kingambit|par
|
|upkeep
|turn|25
|
|t:|1760343779
|move|p1a: Blissey|Seismic Toss|p2a: Kingambit
|-damage|p2a: Kingambit|42/100 par
|move|p2a: Kingambit|Kowtow Cleave|p1a: Blissey
|-damage|p1a: Blissey|0 fnt
|faint|p1a: Blissey
|
|upkeep
|
|t:|1760343791
|switch|p1a: Hoopa|Hoopa-Unbound|100/100
|-damage|p1a: Hoopa|88/100|[from] Stealth Rock
|turn|26
|
|t:|1760343793
|-terastallize|p1a: Hoopa|Fighting
|cant|p2a: Kingambit|par
|move|p1a: Hoopa|Drain Punch|p2a: Kingambit
|-supereffective|p2a: Kingambit
|-damage|p2a: Kingambit|0 fnt
|-heal|p1a: Hoopa|100/100|[from] drain|[of] p2a: Kingambit
|faint|p2a: Kingambit
|-end|p2a: Kingambit|fallen3|[silent]
|
|upkeep
|
|t:|1760343800
|switch|p2a: Gholdengo|Gholdengo, shiny|75/100
|-activate|p2a: Gholdengo|move: Sticky Web
|-unboost|p2a: Gholdengo|spe|1
|turn|27
|
|t:|1760343804
|move|p1a: Hoopa|Hyperspace Fury|p2a: Gholdengo
|-supereffective|p2a: Gholdengo
|-damage|p2a: Gholdengo|0 fnt
|-unboost|p1a: Hoopa|def|1
|faint|p2a: Gholdengo
|
|upkeep
|
|t:|1760343807
|switch|p2a: Raging Bolt|Raging Bolt|100/100
|-activate|p2a: Raging Bolt|move: Sticky Web
|-unboost|p2a: Raging Bolt|spe|1
|-enditem|p2a: Raging Bolt|Booster Energy
|-activate|p2a: Raging Bolt|ability: Protosynthesis|[fromitem]
|-start|p2a: Raging Bolt|protosynthesisspa
|turn|28
|
|t:|1760343811
|move|p1a: Hoopa|Hyperspace Fury|p2a: Raging Bolt
|-damage|p2a: Raging Bolt|42/100
|-unboost|p1a: Hoopa|def|1
|move|p2a: Raging Bolt|Calm Mind|p2a: Raging Bolt
|-boost|p2a: Raging Bolt|spa|1
|-boost|p2a: Raging Bolt|spd|1
|
|upkeep
|turn|29
|
|t:|1760343817
|move|p2a: Raging Bolt|Thunderclap|p1a: Hoopa
|-damage|p1a: Hoopa|47/100
|move|p1a: Hoopa|Hyperspace Fury|p2a: Raging Bolt
|-damage|p2a: Raging Bolt|0 fnt
|-unboost|p1a: Hoopa|def|1
|faint|p2a: Raging Bolt
|-end|p2a: Raging Bolt|Protosynthesis|[silent]
|
|win|TallyLouise
|raw|TallyLouise's rating: 1387 &rarr; <strong>1410</strong><br />(+23 for winning)
|raw|Jus4funsies's rating: 1445 &rarr; <strong>1422</strong><br />(-23 for losing)
|l|☆Jus4funsies
|player|p2|
