|j|☆derppwner
|j|☆skibidisksk
|t:|1760309738
|gametype|singles
|player|p1|derppwner|winona|1501
|player|p2|skibidisksk|101|1490
|gen|9
|tier|[Gen 9] OU
|rated|
|rule|HP Percentage Mod: HP is shown in percentages
|rule|Endless Battle Clause: Forcing endless battles is banned
|rule|Species Clause: Limit one of each Pokémon
|rule|OHKO Clause: OHKO moves are banned
|rule|Evasion Items Clause: Evasion items are banned
|rule|Evasion Moves Clause: Evasion moves are banned
|rule|Evasion Abilities Clause: Evasion abilities are banned
|rule|Sleep Moves Clause: Sleep-inducing moves are banned
|clearpoke
|poke|p1|Dondozo, M|
|poke|p1|Blissey, F|
|poke|p1|Corviknight, M|
|poke|p1|Weezing-Galar, M|
|poke|p1|Gliscor, F|
|poke|p1|Toxapex, F|
|poke|p2|Raging Bolt|
|poke|p2|Dragonite, M|
|poke|p2|Iron Valiant|
|poke|p2|Iron Moth|
|poke|p2|Landorus-Therian, M|
|poke|p2|Darkrai|
|teampreview
|inactive|Battle timer is ON: inactive players will automatically lose when time's up. (requested by derppwner)
|
|t:|1760309749
|teamsize|p1|6
|teamsize|p2|6
|start
|switch|p1a: Gliscor|Gliscor, F|100/100
|switch|p2a: Dragonite|Dragonite, M|100/100
|turn|1
|inactive|skibidisksk also wants the timer to be on.
|
|t:|1760309758
|switch|p2a: Iron Moth|Iron Moth|100/100
|-enditem|p2a: Iron Moth|Booster Energy
|-activate|p2a: Iron Moth|ability: Quark Drive|[fromitem]
|-start|p2a: Iron Moth|quarkdrivespe
|move|p1a: Gliscor|Knock Off|p2a: Iron Moth
|-damage|p2a: Iron Moth|81/100
|
|-status|p1a: Gliscor|tox|[from] item: Toxic Orb
|upkeep
|turn|2
|
|t:|1760309768
|-end|p2a: Iron Moth|Quark Drive|[silent]
|switch|p2a: Darkrai|Darkrai|100/100
|move|p1a: Gliscor|Earthquake|p2a: Darkrai
|-damage|p2a: Darkrai|56/100
|
|upkeep
|turn|3
|
|t:|1760309778
|switch|p1a: Blissey|Blissey, F|100/100
|move|p2a: Darkrai|Nasty Plot|p2a: Darkrai
|-boost|p2a: Darkrai|spa|2
|
|upkeep
|turn|4
|
|t:|1760309786
|move|p2a: Darkrai|Focus Blast|p1a: Blissey
|-supereffective|p1a: Blissey
|-damage|p1a: Blissey|36/100
|-damage|p2a: Darkrai|46/100|[from] item: Life Orb
|move|p1a: Blissey|Seismic Toss|p2a: Darkrai
|-damage|p2a: Darkrai|10/100
|
|-heal|p1a: Blissey|42/100|[from] item: Leftovers
|upkeep
|turn|5
|
|t:|1760309799
|move|p2a: Darkrai|Focus Blast|p1a: Blissey
|-supereffective|p1a: Blissey
|-damage|p1a: Blissey|0 fnt
|faint|p1a: Blissey
|-damage|p2a: Darkrai|0 fnt|[from] item: Life Orb
|faint|p2a: Darkrai
|
|upkeep
|
|t:|1760309829
|switch|p2a: Raging Bolt|Raging Bolt|100/100
|switch|p1a: Gliscor|Gliscor, F|100/100 tox
|-enditem|p2a: Raging Bolt|Booster Energy
|-activate|p2a: Raging Bolt|ability: Protosynthesis|[fromitem]
|-start|p2a: Raging Bolt|protosynthesisspa
|turn|6
|
|t:|1760309838
|-terastallize|p2a: Raging Bolt|Fairy
|move|p2a: Raging Bolt|Calm Mind|p2a: Raging Bolt
|-boost|p2a: Raging Bolt|spa|1
|-boost|p2a: Raging Bolt|spd|1
|move|p1a: Gliscor|Earthquake|p2a: Raging Bolt
|-damage|p2a: Raging Bolt|72/100
|
|upkeep
|turn|7
|-message|derppwner forfeited.
|
|win|skibidisksk
|raw|derppwner's rating: 1501 &rarr; <strong>1480</strong><br />(-21 for losing)
|raw|skibidisksk's rating: 1490 &rarr; <strong>1511</strong><br />(+21 for winning)
|l|☆derppwner
|player|p1|
