|j|☆dia90
|j|☆jibreel69
|t:|1760310028
|gametype|singles
|player|p1|dia90|101|1555
|player|p2|jibreel69|1|1526
|gen|9
|tier|[Gen 9] OU
|rated|
|rule|HP Percentage Mod: HP is shown in percentages
|rule|Endless Battle Clause: Forcing endless battles is banned
|rule|Species Clause: Limit one of each Pokémon
|rule|OHKO Clause: OHKO moves are banned
|rule|Evasion Items Clause: Evasion items are banned
|rule|Evasion Moves Clause: Evasion moves are banned
|rule|Evasion Abilities Clause: Evasion abilities are banned
|rule|Sleep Moves Clause: Sleep-inducing moves are banned
|clearpoke
|poke|p1|Rillaboom, F|
|poke|p1|Ogerpon-Wellspring, F|
|poke|p1|Pecharunt|
|poke|p1|Cinderace, M|
|poke|p1|Ursaluna, F|
|poke|p1|Clefable, M|
|poke|p2|Kingambit, M|
|poke|p2|Clodsire, M|
|poke|p2|Zamazenta-*|
|poke|p2|Great Tusk|
|poke|p2|Ogerpon, F|
|poke|p2|Raging Bolt|
|teampreview
|
|t:|1760310041
|teamsize|p1|6
|teamsize|p2|6
|start
|switch|p1a: Rillaboom|Rillaboom, F|100/100
|switch|p2a: Ogerpon|Ogerpon, F|100/100
|-fieldstart|move: Grassy Terrain|[from] ability: Grassy Surge|[of] p1a: Rillaboom
|turn|1
|
|t:|1760310059
|switch|p1a: Pecharunt|Pecharunt|100/100
|move|p2a: Ogerpon|U-turn|p1a: Pecharunt
|-resisted|p1a: Pecharunt
|-damage|p1a: Pecharunt|96/100
|
|t:|1760310064
|switch|p2a: Kingambit|Kingambit, M|100/100|[from] U-turn
|
|-heal|p1a: Pecharunt|100/100|[from] Grassy Terrain
|upkeep
|turn|2
|
|t:|1760310070
|-end|p2a: Kingambit|fallenundefined|[silent]
|switch|p2a: Ogerpon|Ogerpon, F|100/100
|move|p1a: Pecharunt|Parting Shot|p2a: Ogerpon
|-unboost|p2a: Ogerpon|atk|1
|-ability|p2a: Ogerpon|Defiant|boost
|-boost|p2a: Ogerpon|atk|2
|-unboost|p2a: Ogerpon|spa|1
|-ability|p2a: Ogerpon|Defiant|boost
|-boost|p2a: Ogerpon|atk|2
|
|t:|1760310087
|switch|p1a: Cinderace|Cinderace, M|100/100|[from] Parting Shot
|
|upkeep
|turn|3
|
|t:|1760310100
|-terastallize|p2a: Ogerpon|Grass
|detailschange|p2a: Ogerpon|Ogerpon-Teal-Tera, F, tera:Grass
|-ability|p2a: Ogerpon|Embody Aspect (Teal)|boost
|-boost|p2a: Ogerpon|spe|1
|move|p2a: Ogerpon|Ivy Cudgel|p1a: Cinderace
|-resisted|p1a: Cinderace
|-damage|p1a: Cinderace|0 fnt
|faint|p1a: Cinderace
|
|upkeep
|
|t:|1760310111
|switch|p1a: Pecharunt|Pecharunt|100/100
|turn|4
|
|t:|1760310118
|move|p2a: Ogerpon|Ivy Cudgel|p1a: Pecharunt
|-resisted|p1a: Pecharunt
|-damage|p1a: Pecharunt|19/100
|move|p1a: Pecharunt|Malignant Chain|p2a: Ogerpon
|-supereffective|p2a: Ogerpon
|-damage|p2a: Ogerpon|26/100
|
|-heal|p2a: Ogerpon|32/100|[from] Grassy Terrain
|-heal|p1a: Pecharunt|25/100|[from] Grassy Terrain
|-heal|p1a: Pecharunt|32/100|[from] item: Leftovers
|upkeep
|turn|5
|
|t:|1760310128
|move|p2a: Ogerpon|Ivy Cudgel|p1a: Pecharunt
|-resisted|p1a: Pecharunt
|-damage|p1a: Pecharunt|0 fnt
|faint|p1a: Pecharunt
|
|-heal|p2a: Ogerpon|38/100|[from] Grassy Terrain
|upkeep
|
|t:|1760310137
|switch|p1a: Rillaboom|Rillaboom, F|100/100
|turn|6
|
|t:|1760310145
|move|p1a: Rillaboom|Grassy Glide|p2a: Ogerpon
|-resisted|p2a: Ogerpon
|-damage|p2a: Ogerpon|11/100
|move|p2a: Ogerpon|Ivy Cudgel|p1a: Rillaboom
|-resisted|p1a: Rillaboom
|-damage|p1a: Rillaboom|0 fnt
|faint|p1a: Rillaboom
|
|-heal|p2a: Ogerpon|17/100|[from] Grassy Terrain
|upkeep
|
|t:|1760310154
|switch|p1a: Clefable|Clefable, M|100/100
|turn|7
|
|t:|1760310159
|move|p2a: Ogerpon|Ivy Cudgel|p1a: Clefable
|-damage|p1a: Clefable|0 fnt
|faint|p1a: Clefable
|
|-heal|p2a: Ogerpon|23/100|[from] Grassy Terrain
|upkeep
|-message|dia90 forfeited.
|
|win|jibreel69
|raw|dia90's rating: 1555 &rarr; <strong>1533</strong><br />(-22 for losing)
|raw|jibreel69's rating: 1526 &rarr; <strong>1548</strong><br />(+22 for winning)
|l|☆dia90
|player|p1|
|l|☆jibreel69
|player|p2|
|j|☆jibreel69
|player|p2|jibreel69|1|
