|j|☆klaraNo1Fan
|j|☆abigolname
|t:|1760303705
|gametype|singles
|player|p1|klaraNo1Fan|klara|1324
|player|p2|abigolname|ingo|1297
|gen|9
|tier|[Gen 9] OU
|rated|
|rule|HP Percentage Mod: HP is shown in percentages
|rule|Endless Battle Clause: Forcing endless battles is banned
|rule|Species Clause: Limit one of each Pokémon
|rule|OHKO Clause: OHKO moves are banned
|rule|Evasion Items Clause: Evasion items are banned
|rule|Evasion Moves Clause: Evasion moves are banned
|rule|Evasion Abilities Clause: Evasion abilities are banned
|rule|Sleep Moves Clause: Sleep-inducing moves are banned
|clearpoke
|poke|p1|Garganacl, F|
|poke|p1|Hippowdon, M|
|poke|p1|Tsareena, F|
|poke|p1|Magnezone|
|poke|p1|Tauros-Paldea-Blaze, M|
|poke|p1|Latias, F|
|poke|p2|Metagross|
|poke|p2|Rillaboom, M|
|poke|p2|Ting-Lu|
|poke|p2|Tornadus-Therian, M|
|poke|p2|Iron Valiant|
|poke|p2|Walking Wake|
|teampreview
|inactive|Battle timer is ON: inactive players will automatically lose when time's up. (requested by klaraNo1Fan)
|
|t:|1760303739
|teamsize|p1|6
|teamsize|p2|6
|start
|switch|p1a: Hippowdon|Hippowdon, M|100/100
|switch|p2a: Rillaboom|Rillaboom, M|100/100
|-fieldstart|move: Grassy Terrain|[from] ability: Grassy Surge|[of] p2a: Rillaboom
|-weather|Sandstorm|[from] ability: Sand Stream|[of] p1a: Hippowdon
|turn|1
|
|t:|1760303749
|switch|p1a: Tauros|Tauros-Paldea-Blaze, M|100/100
|-ability|p1a: Tauros|Intimidate|boost
|-unboost|p2a: Rillaboom|atk|1
|move|p2a: Rillaboom|Wood Hammer|p1a: Tauros
|-resisted|p1a: Tauros
|-damage|p1a: Tauros|50/100
|-damage|p2a: Rillaboom|88/100|[from] Recoil
|
|-weather|Sandstorm|[upkeep]
|-damage|p1a: Tauros|44/100|[from] Sandstorm
|-damage|p2a: Rillaboom|82/100|[from] Sandstorm
|-heal|p1a: Tauros|50/100|[from] Grassy Terrain
|-heal|p2a: Rillaboom|88/100|[from] Grassy Terrain
|upkeep
|turn|2
|
|t:|1760303775
|switch|p2a: Ting-Lu|Ting-Lu|100/100
|-ability|p2a: Ting-Lu|Vessel of Ruin
|move|p1a: Tauros|Close Combat|p2a: Ting-Lu
|-supereffective|p2a: Ting-Lu
|-damage|p2a: Ting-Lu|34/100
|-unboost|p1a: Tauros|def|1
|-unboost|p1a: Tauros|spd|1
|
|-weather|Sandstorm|[upkeep]
|-damage|p1a: Tauros|44/100|[from] Sandstorm
|-heal|p1a: Tauros|50/100|[from] Grassy Terrain
|-heal|p2a: Ting-Lu|40/100|[from] Grassy Terrain
|-heal|p2a: Ting-Lu|46/100|[from] item: Leftovers
|upkeep
|turn|3
|
|t:|1760303786
|switch|p1a: Tsareena|Tsareena, F|100/100
|switch|p2a: Tornadus|Tornadus-Therian, M|100/100
|
|-weather|Sandstorm|[upkeep]
|-damage|p2a: Tornadus|94/100|[from] Sandstorm
|-damage|p1a: Tsareena|95/100|[from] Sandstorm
|-heal|p1a: Tsareena|100/100|[from] Grassy Terrain
|upkeep
|turn|4
|
|t:|1760303792
|switch|p1a: Garganacl|Garganacl, F|100/100
|move|p2a: Tornadus|Bleakwind Storm|p1a: Garganacl|[miss]
|-miss|p2a: Tornadus|p1a: Garganacl
|
|-weather|Sandstorm|[upkeep]
|-damage|p2a: Tornadus|88/100|[from] Sandstorm
|upkeep
|turn|5
|
|t:|1760303796
|move|p2a: Tornadus|Knock Off|p1a: Garganacl
|-damage|p1a: Garganacl|86/100
|-enditem|p1a: Garganacl|Leftovers|[from] move: Knock Off|[of] p2a: Tornadus
|move|p1a: Garganacl|Stealth Rock|p2a: Tornadus
|-sidestart|p2: abigolname|move: Stealth Rock
|
|-weather|none
|-heal|p1a: Garganacl|92/100|[from] Grassy Terrain
|-fieldend|move: Grassy Terrain
|upkeep
|turn|6
|
|t:|1760303799
|move|p2a: Tornadus|U-turn|p1a: Garganacl
|-damage|p1a: Garganacl|83/100
|
|t:|1760303804
|switch|p2a: Rillaboom|Rillaboom, M|88/100|[from] U-turn
|-damage|p2a: Rillaboom|76/100|[from] Stealth Rock
|-fieldstart|move: Grassy Terrain|[from] ability: Grassy Surge|[of] p2a: Rillaboom
|move|p1a: Garganacl|Salt Cure|p2a: Rillaboom
|-damage|p2a: Rillaboom|62/100
|-start|p2a: Rillaboom|Salt Cure
|
|-heal|p2a: Rillaboom|69/100|[from] Grassy Terrain
|-heal|p1a: Garganacl|89/100|[from] Grassy Terrain
|-damage|p2a: Rillaboom|56/100|[from] Salt Cure
|upkeep
|turn|7
|
|t:|1760303815
|-terastallize|p1a: Garganacl|Flying
|move|p2a: Rillaboom|U-turn|p1a: Garganacl
|-resisted|p1a: Garganacl
|-damage|p1a: Garganacl|76/100
|
|t:|1760303821
|switch|p2a: Tornadus|Tornadus-Therian, M|100/100|[from] U-turn
|-damage|p2a: Tornadus|76/100|[from] Stealth Rock
|move|p1a: Garganacl|Iron Defense|p1a: Garganacl
|-boost|p1a: Garganacl|def|2
|
|upkeep
|turn|8
|inactive|abigolname has 120 seconds left.
|
|t:|1760303853
|move|p2a: Tornadus|Bleakwind Storm|p1a: Garganacl
|-damage|p1a: Garganacl|48/100
|-unboost|p1a: Garganacl|spe|1
|move|p1a: Garganacl|Salt Cure|p2a: Tornadus
|-supereffective|p2a: Tornadus
|-damage|p2a: Tornadus|34/100
|-start|p2a: Tornadus|Salt Cure
|
|-damage|p2a: Tornadus|21/100|[from] Salt Cure
|upkeep
|turn|9
|
|t:|1760303863
|move|p2a: Tornadus|U-turn|p1a: Garganacl
|-resisted|p1a: Garganacl
|-damage|p1a: Garganacl|46/100
|
|t:|1760303865
|switch|p2a: Walking Wake|Walking Wake|100/100|[from] U-turn
|-damage|p2a: Walking Wake|88/100|[from] Stealth Rock
|move|p1a: Garganacl|Salt Cure|p2a: Walking Wake
|-damage|p2a: Walking Wake|74/100
|-start|p2a: Walking Wake|Salt Cure
|
|-heal|p2a: Walking Wake|80/100|[from] Grassy Terrain
|-damage|p2a: Walking Wake|55/100|[from] Salt Cure
|upkeep
|turn|10
|
|t:|1760303880
|switch|p1a: Latias|Latias, F|100/100
|move|p2a: Walking Wake|Hydro Steam|p1a: Latias
|-resisted|p1a: Latias
|-damage|p1a: Latias|84/100
|
|-heal|p2a: Walking Wake|61/100|[from] Grassy Terrain
|-damage|p2a: Walking Wake|36/100|[from] Salt Cure
|-fieldend|move: Grassy Terrain
|upkeep
|turn|11
|
|t:|1760303892
|-end|p2a: Walking Wake|Protosynthesis|[silent]
|switch|p2a: Metagross|Metagross|100/100
|-damage|p2a: Metagross|94/100|[from] Stealth Rock
|switch|p1a: Hippowdon|Hippowdon, M|100/100
|-weather|Sandstorm|[from] ability: Sand Stream|[of] p1a: Hippowdon
|
|-weather|Sandstorm|[upkeep]
|upkeep
|turn|12
|
|t:|1760303905
|move|p2a: Metagross|Psychic Fangs|p1a: Hippowdon
|-damage|p1a: Hippowdon|74/100
|-damage|p2a: Metagross|78/100|[from] item: Rocky Helmet|[of] p1a: Hippowdon
|move|p1a: Hippowdon|Stone Edge|p2a: Metagross
|-resisted|p2a: Metagross
|-damage|p2a: Metagross|68/100
|
|-weather|Sandstorm|[upkeep]
|upkeep
|turn|13
|
|t:|1760303917
|move|p2a: Metagross|Earthquake|p1a: Hippowdon
|-damage|p1a: Hippowdon|53/100
|move|p1a: Hippowdon|Earthquake|p2a: Metagross
|-supereffective|p2a: Metagross
|-damage|p2a: Metagross|11/100
|-enditem|p2a: Metagross|Weakness Policy
|-boost|p2a: Metagross|atk|2|[from] item: Weakness Policy
|-boost|p2a: Metagross|spa|2|[from] item: Weakness Policy
|
|-weather|Sandstorm|[upkeep]
|upkeep
|turn|14
|
|t:|1760303925
|switch|p1a: Latias|Latias, F|84/100
|move|p2a: Metagross|Psychic Fangs|p1a: Latias
|-resisted|p1a: Latias
|-damage|p1a: Latias|29/100
|
|-weather|Sandstorm|[upkeep]
|-damage|p1a: Latias|23/100|[from] Sandstorm
|upkeep
|turn|15
|
|t:|1760303931
|move|p2a: Metagross|Bullet Punch|p1a: Latias
|-damage|p1a: Latias|0 fnt
|faint|p1a: Latias
|
|-weather|none
|upkeep
|
|t:|1760303934
|switch|p1a: Tsareena|Tsareena, F|100/100
|turn|16
|
|t:|1760303945
|switch|p2a: Rillaboom|Rillaboom, M|56/100
|-damage|p2a: Rillaboom|44/100|[from] Stealth Rock
|-fieldstart|move: Grassy Terrain|[from] ability: Grassy Surge|[of] p2a: Rillaboom
|move|p1a: Tsareena|Knock Off|p2a: Rillaboom
|-damage|p2a: Rillaboom|12/100
|-enditem|p2a: Rillaboom|Choice Band|[from] move: Knock Off|[of] p1a: Tsareena
|
|-heal|p2a: Rillaboom|19/100|[from] Grassy Terrain
|upkeep
|turn|17
|
|t:|1760303955
|move|p1a: Tsareena|Triple Axel|p2a: Rillaboom
|-supereffective|p2a: Rillaboom
|-damage|p2a: Rillaboom|4/100
|-supereffective|p2a: Rillaboom
|-damage|p2a: Rillaboom|0 fnt
|faint|p2a: Rillaboom
|-hitcount|p2: Rillaboom|2
|
|upkeep
|
|t:|1760303963
|switch|p2a: Tornadus|Tornadus-Therian, M|54/100
|-damage|p2a: Tornadus|30/100|[from] Stealth Rock
|turn|18
|
|t:|1760303992
|move|p2a: Tornadus|Bleakwind Storm|p1a: Tsareena
|-supereffective|p1a: Tsareena
|-damage|p1a: Tsareena|0 fnt
|faint|p1a: Tsareena
|
|upkeep
|
|t:|1760303998
|switch|p1a: Hippowdon|Hippowdon, M|53/100
|-weather|Sandstorm|[from] ability: Sand Stream|[of] p1a: Hippowdon
|turn|19
|
|t:|1760304004
|move|p2a: Tornadus|Bleakwind Storm|p1a: Hippowdon
|-damage|p1a: Hippowdon|5/100
|move|p1a: Hippowdon|Slack Off|p1a: Hippowdon
|-heal|p1a: Hippowdon|55/100
|
|-weather|Sandstorm|[upkeep]
|-damage|p2a: Tornadus|24/100|[from] Sandstorm
|-heal|p1a: Hippowdon|61/100|[from] Grassy Terrain
|upkeep
|turn|20
|
|t:|1760304012
|switch|p2a: Walking Wake|Walking Wake|36/100
|-damage|p2a: Walking Wake|24/100|[from] Stealth Rock
|move|p1a: Hippowdon|Slack Off|p1a: Hippowdon
|-heal|p1a: Hippowdon|100/100
|
|-weather|Sandstorm|[upkeep]
|-damage|p2a: Walking Wake|18/100|[from] Sandstorm
|-heal|p2a: Walking Wake|24/100|[from] Grassy Terrain
|-fieldend|move: Grassy Terrain
|upkeep
|turn|21
|
|t:|1760304025
|switch|p1a: Tauros|Tauros-Paldea-Blaze, M|50/100
|-ability|p1a: Tauros|Intimidate|boost
|-unboost|p2a: Walking Wake|atk|1
|move|p2a: Walking Wake|Hydro Steam|p1a: Tauros
|-supereffective|p1a: Tauros
|-damage|p1a: Tauros|0 fnt
|faint|p1a: Tauros
|
|-weather|Sandstorm|[upkeep]
|-damage|p2a: Walking Wake|18/100|[from] Sandstorm
|upkeep
|
|t:|1760304033
|switch|p1a: Magnezone|Magnezone|100/100
|turn|22
|
|t:|1760304046
|-end|p2a: Walking Wake|Protosynthesis|[silent]
|switch|p2a: Ting-Lu|Ting-Lu|46/100
|-damage|p2a: Ting-Lu|40/100|[from] Stealth Rock
|-ability|p2a: Ting-Lu|Vessel of Ruin
|move|p1a: Magnezone|Flash Cannon|p2a: Ting-Lu
|-damage|p2a: Ting-Lu|16/100
|
|-weather|Sandstorm|[upkeep]
|-heal|p2a: Ting-Lu|22/100|[from] item: Leftovers
|upkeep
|turn|23
|
|t:|1760304053
|switch|p1a: Garganacl|Garganacl, F, tera:Flying|46/100
|move|p2a: Ting-Lu|Stealth Rock|p1a: Garganacl
|-sidestart|p1: klaraNo1Fan|move: Stealth Rock
|
|-weather|none
|-heal|p2a: Ting-Lu|28/100|[from] item: Leftovers
|upkeep
|turn|24
|
|t:|1760304062
|move|p2a: Ting-Lu|Ruination|p1a: Garganacl
|-damage|p1a: Garganacl|23/100
|move|p1a: Garganacl|Recover|p1a: Garganacl
|-heal|p1a: Garganacl|73/100
|
|-heal|p2a: Ting-Lu|34/100|[from] item: Leftovers
|upkeep
|turn|25
|
|t:|1760304065
|move|p1a: Garganacl|Iron Defense|p1a: Garganacl
|-boost|p1a: Garganacl|def|2
|move|p2a: Ting-Lu|Whirlwind|p1a: Garganacl
|drag|p1a: Magnezone|Magnezone|100/100
|-damage|p1a: Magnezone|94/100|[from] Stealth Rock
|
|-heal|p2a: Ting-Lu|41/100|[from] item: Leftovers
|upkeep
|turn|26
|
|t:|1760304071
|move|p1a: Magnezone|Flash Cannon|p2a: Ting-Lu
|-damage|p2a: Ting-Lu|17/100
|-unboost|p2a: Ting-Lu|spd|1
|move|p2a: Ting-Lu|Whirlwind|p1a: Magnezone
|drag|p1a: Hippowdon|Hippowdon, M|100/100
|-damage|p1a: Hippowdon|94/100|[from] Stealth Rock
|-weather|Sandstorm|[from] ability: Sand Stream|[of] p1a: Hippowdon
|
|-weather|Sandstorm|[upkeep]
|-heal|p2a: Ting-Lu|23/100|[from] item: Leftovers
|upkeep
|turn|27
|
|t:|1760304079
|move|p1a: Hippowdon|Roar|p2a: Ting-Lu
|drag|p2a: Tornadus|Tornadus-Therian, M|57/100
|-damage|p2a: Tornadus|32/100|[from] Stealth Rock
|
|-weather|Sandstorm|[upkeep]
|-damage|p2a: Tornadus|26/100|[from] Sandstorm
|upkeep
|turn|28
|
|t:|1760304087
|move|p2a: Tornadus|Bleakwind Storm|p1a: Hippowdon
|-damage|p1a: Hippowdon|47/100
|move|p1a: Hippowdon|Stone Edge|p2a: Tornadus
|-supereffective|p2a: Tornadus
|-damage|p2a: Tornadus|0 fnt
|faint|p2a: Tornadus
|
|-weather|Sandstorm|[upkeep]
|upkeep
|
|t:|1760304106
|switch|p2a: Walking Wake|Walking Wake|18/100
|-damage|p2a: Walking Wake|6/100|[from] Stealth Rock
|turn|29
|
|t:|1760304113
|move|p2a: Walking Wake|Hydro Steam|p1a: Hippowdon
|-supereffective|p1a: Hippowdon
|-damage|p1a: Hippowdon|0 fnt
|faint|p1a: Hippowdon
|
|-weather|Sandstorm|[upkeep]
|-damage|p2a: Walking Wake|0 fnt|[from] Sandstorm
|faint|p2a: Walking Wake
|-end|p2a: Walking Wake|Protosynthesis|[silent]
|upkeep
|
|t:|1760304121
|switch|p2a: Iron Valiant|Iron Valiant|100/100
|switch|p1a: Garganacl|Garganacl, F, tera:Flying|73/100
|-damage|p2a: Iron Valiant|94/100|[from] Stealth Rock
|-damage|p1a: Garganacl|48/100|[from] Stealth Rock
|-enditem|p2a: Iron Valiant|Booster Energy
|-activate|p2a: Iron Valiant|ability: Quark Drive|[fromitem]
|-start|p2a: Iron Valiant|quarkdrivespe
|turn|30
|
|t:|1760304124
|move|p2a: Iron Valiant|Thunderbolt|p1a: Garganacl
|-supereffective|p1a: Garganacl
|-damage|p1a: Garganacl|13/100
|move|p1a: Garganacl|Recover|p1a: Garganacl
|-heal|p1a: Garganacl|63/100
|
|-weather|none
|upkeep
|turn|31
|
|t:|1760304132
|move|p2a: Iron Valiant|Calm Mind|p2a: Iron Valiant
|-boost|p2a: Iron Valiant|spa|1
|-boost|p2a: Iron Valiant|spd|1
|move|p1a: Garganacl|Recover|p1a: Garganacl
|-heal|p1a: Garganacl|100/100
|
|upkeep
|turn|32
|
|t:|1760304144
|move|p2a: Iron Valiant|Thunderbolt|p1a: Garganacl
|-supereffective|p1a: Garganacl
|-damage|p1a: Garganacl|47/100
|move|p1a: Garganacl|Salt Cure|p2a: Iron Valiant
|-resisted|p2a: Iron Valiant
|-damage|p2a: Iron Valiant|86/100
|-start|p2a: Iron Valiant|Salt Cure
|
|-damage|p2a: Iron Valiant|74/100|[from] Salt Cure
|upkeep
|turn|33
|
|t:|1760304149
|move|p2a: Iron Valiant|Thunderbolt|p1a: Garganacl
|-supereffective|p1a: Garganacl
|-damage|p1a: Garganacl|0 fnt
|faint|p1a: Garganacl
|
|-damage|p2a: Iron Valiant|61/100|[from] Salt Cure
|upkeep
|
|t:|1760304151
|switch|p1a: Magnezone|Magnezone|94/100
|-damage|p1a: Magnezone|88/100|[from] Stealth Rock
|turn|34
|
|t:|1760304155
|move|p2a: Iron Valiant|Aura Sphere|p1a: Magnezone
|-supereffective|p1a: Magnezone
|-damage|p1a: Magnezone|0 fnt
|faint|p1a: Magnezone
|
|win|abigolname
|raw|klaraNo1Fan's rating: 1324 &rarr; <strong>1302</strong><br />(-22 for losing)
|raw|abigolname's rating: 1297 &rarr; <strong>1324</strong><br />(+27 for winning)
|l|☆klaraNo1Fan
|player|p1|
