|j|☆Stalphyr
|j|☆Darkgorim
|t:|1760454367
|gametype|singles
|player|p1|Stalphyr|169|1254
|player|p2|Darkgorim|170|1266
|gen|9
|tier|[Gen 9] OU
|rated|
|rule|HP Percentage Mod: HP is shown in percentages
|rule|Endless Battle Clause: Forcing endless battles is banned
|rule|Species Clause: Limit one of each Pokémon
|rule|OHKO Clause: OHKO moves are banned
|rule|Evasion Items Clause: Evasion items are banned
|rule|Evasion Moves Clause: Evasion moves are banned
|rule|Evasion Abilities Clause: Evasion abilities are banned
|rule|Sleep Moves Clause: Sleep-inducing moves are banned
|clearpoke
|poke|p1|Golurk|
|poke|p1|Ursaluna, M|
|poke|p1|Iron Moth|
|poke|p1|Kyurem|
|poke|p1|Scizor, M|
|poke|p1|Iron Jugulis|
|poke|p2|Corviknight, F|
|poke|p2|Gastrodon, M|
|poke|p2|Conkeldurr, F|
|poke|p2|Landorus-Therian, M|
|poke|p2|Hydreigon, M|
|poke|p2|Iron Valiant|
|teampreview
|inactive|Battle timer is ON: inactive players will automatically lose when time's up. (requested by Stalphyr)
|
|t:|1760454397
|teamsize|p1|6
|teamsize|p2|6
|start
|switch|p1a: Golurk|Golurk, shiny|100/100
|switch|p2a: Conkeldurr|Conkeldurr, F|100/100
|turn|1
|
|t:|1760454405
|move|p1a: Golurk|Dynamic Punch|p2a: Conkeldurr
|-damage|p2a: Conkeldurr|67/100
|-start|p2a: Conkeldurr|confusion
|-activate|p2a: Conkeldurr|confusion
|-damage|p2a: Conkeldurr|54/100|[from] confusion
|
|upkeep
|turn|2
|
|t:|1760454415
|move|p1a: Golurk|Poltergeist|p2a: Conkeldurr
|-activate|p2a: Conkeldurr|move: Poltergeist|Assault Vest
|-damage|p2a: Conkeldurr|1/100
|-activate|p2a: Conkeldurr|confusion
|move|p2a: Conkeldurr|Knock Off|p1a: Golurk
|-supereffective|p1a: Golurk
|-damage|p1a: Golurk|20/100
|-enditem|p1a: Golurk|Assault Vest|[from] move: Knock Off|[of] p2a: Conkeldurr
|
|upkeep
|turn|3
|
|t:|1760454426
|move|p1a: Golurk|Ice Punch|p2a: Conkeldurr
|-damage|p2a: Conkeldurr|0 fnt
|faint|p2a: Conkeldurr
|
|upkeep
|
|t:|1760454431
|switch|p2a: Landorus|Landorus-Therian, M|100/100
|-ability|p2a: Landorus|Intimidate|boost
|-unboost|p1a: Golurk|atk|1
|turn|4
|
|t:|1760454460
|move|p2a: Landorus|U-turn|p1a: Golurk
|-resisted|p1a: Golurk
|-damage|p1a: Golurk|0 fnt
|faint|p1a: Golurk
|
|t:|1760454469
|switch|p2a: Hydreigon|Hydreigon, M|100/100|[from] U-turn
|
|upkeep
|inactive|Stalphyr has 120 seconds left.
|
|t:|1760454491
|switch|p1a: Iron Jugulis|Iron Jugulis|100/100
|turn|5
|
|t:|1760454500
|switch|p2a: Gastrodon|Gastrodon, M|100/100
|move|p1a: Iron Jugulis|Meteor Beam||[still]
|-prepare|p1a: Iron Jugulis|Meteor Beam
|-boost|p1a: Iron Jugulis|spa|1
|-enditem|p1a: Iron Jugulis|Power Herb
|-anim|p1a: Iron Jugulis|Meteor Beam|p2a: Gastrodon
|-resisted|p2a: Gastrodon
|-damage|p2a: Gastrodon|82/100
|
|-heal|p2a: Gastrodon|89/100|[from] item: Leftovers
|upkeep
|turn|6
|
|t:|1760454513
|-end|p1a: Iron Jugulis|Quark Drive|[silent]
|switch|p1a: Scizor|Scizor, M|100/100
|move|p2a: Gastrodon|Stealth Rock|p1a: Scizor
|-sidestart|p1: Stalphyr|move: Stealth Rock
|
|-heal|p2a: Gastrodon|95/100|[from] item: Leftovers
|upkeep
|turn|7
|inactive|Stalphyr has 120 seconds left.
|
|t:|1760454558
|switch|p2a: Corviknight|Corviknight, F|100/100
|-ability|p2a: Corviknight|Pressure
|move|p1a: Scizor|U-turn|p2a: Corviknight
|-resisted|p2a: Corviknight
|-damage|p2a: Corviknight|94/100
|-damage|p1a: Scizor|84/100|[from] item: Rocky Helmet|[of] p2a: Corviknight
|
|t:|1760454563
|switch|p1a: Iron Moth|Iron Moth|100/100|[from] U-turn
|-damage|p1a: Iron Moth|76/100|[from] Stealth Rock
|-enditem|p1a: Iron Moth|Booster Energy
|-activate|p1a: Iron Moth|ability: Quark Drive|[fromitem]
|-start|p1a: Iron Moth|quarkdrivespa
|
|upkeep
|turn|8
|
|t:|1760454574
|switch|p2a: Gastrodon|Gastrodon, M|95/100
|move|p1a: Iron Moth|Fiery Dance|p2a: Gastrodon
|-resisted|p2a: Gastrodon
|-damage|p2a: Gastrodon|76/100
|-boost|p1a: Iron Moth|spa|1
|
|-heal|p2a: Gastrodon|82/100|[from] item: Leftovers
|upkeep
|turn|9
|inactive|Stalphyr has 120 seconds left.
|
|t:|1760454608
|-end|p1a: Iron Moth|Quark Drive|[silent]
|switch|p1a: Scizor|Scizor, M|84/100
|-damage|p1a: Scizor|72/100|[from] Stealth Rock
|move|p2a: Gastrodon|Surf|p1a: Scizor
|-damage|p1a: Scizor|40/100
|
|-heal|p2a: Gastrodon|89/100|[from] item: Leftovers
|upkeep
|turn|10
|
|t:|1760454617
|switch|p2a: Corviknight|Corviknight, F|94/100
|-ability|p2a: Corviknight|Pressure
|move|p1a: Scizor|Defog|p2a: Corviknight
|-unboost|p2a: Corviknight|evasion|1
|-sideend|p1: Stalphyr|Stealth Rock|[from] move: Defog|[of] p1a: Scizor
|
|upkeep
|turn|11
|
|t:|1760454629
|move|p2a: Corviknight|Brave Bird|p1a: Scizor
|-damage|p1a: Scizor|6/100
|-damage|p2a: Corviknight|85/100|[from] Recoil
|move|p1a: Scizor|U-turn|p2a: Corviknight
|-resisted|p2a: Corviknight
|-damage|p2a: Corviknight|79/100
|-damage|p1a: Scizor|0 fnt|[from] item: Rocky Helmet|[of] p2a: Corviknight
|faint|p1a: Scizor
|
|upkeep
|inactive|Stalphyr has 90 seconds left.
|l|☆Darkgorim
|inactive|Darkgorim disconnected and has a minute to reconnect!
|player|p2|
|
|t:|1760454689
|switch|p1a: Kyurem|Kyurem|100/100
|-ability|p1a: Kyurem|Pressure
|turn|12
|j|☆Darkgorim
|inactive|Darkgorim reconnected and has 145 seconds left.
|player|p2|Darkgorim|170|
|
|t:|1760454717
|switch|p2a: Gastrodon|Gastrodon, M|89/100
|move|p1a: Kyurem|Dragon Dance|p1a: Kyurem
|-boost|p1a: Kyurem|atk|1
|-boost|p1a: Kyurem|spe|1
|
|-heal|p2a: Gastrodon|95/100|[from] item: Leftovers
|upkeep
|turn|13
|inactive|Darkgorim has 120 seconds left.
|inactive|Stalphyr has 60 seconds left.
|
|t:|1760454748
|switch|p2a: Corviknight|Corviknight, F|79/100
|-ability|p2a: Corviknight|Pressure
|move|p1a: Kyurem|Dragon Dance|p1a: Kyurem
|-boost|p1a: Kyurem|atk|1
|-boost|p1a: Kyurem|spe|1
|
|upkeep
|turn|14
|
|t:|1760454758
|move|p1a: Kyurem|Icicle Spear|p2a: Corviknight
|-damage|p2a: Corviknight|62/100
|-damage|p2a: Corviknight|43/100
|-damage|p2a: Corviknight|26/100
|-damage|p2a: Corviknight|9/100
|-damage|p2a: Corviknight|0 fnt
|faint|p2a: Corviknight
|-hitcount|p2: Corviknight|5
|
|upkeep
|inactive|Darkgorim has 120 seconds left.
|
|t:|1760454781
|switch|p2a: Gastrodon|Gastrodon, M|95/100
|turn|15
|
|t:|1760454793
|move|p1a: Kyurem|Scale Shot|p2a: Gastrodon
|-damage|p2a: Gastrodon|63/100
|-damage|p2a: Gastrodon|30/100
|-damage|p2a: Gastrodon|0 fnt
|faint|p2a: Gastrodon
|-hitcount|p2: Gastrodon|3
|-unboost|p1a: Kyurem|def|1
|-boost|p1a: Kyurem|spe|1
|
|upkeep
|inactive|Darkgorim has 120 seconds left.
|
|t:|1760454805
|switch|p2a: Landorus|Landorus-Therian, M|100/100
|-ability|p2a: Landorus|Intimidate|boost
|-unboost|p1a: Kyurem|atk|1
|turn|16
|inactive|Darkgorim has 120 seconds left.
|
|t:|1760454814
|move|p1a: Kyurem|Icicle Spear|p2a: Landorus
|-supereffective|p2a: Landorus
|-damage|p2a: Landorus|0 fnt
|faint|p2a: Landorus
|-hitcount|p2: Landorus|1
|
|upkeep
|inactive|Darkgorim has 120 seconds left.
|
|t:|1760454820
|switch|p2a: Hydreigon|Hydreigon, M|100/100
|turn|17
|
|t:|1760454826
|-terastallize|p2a: Hydreigon|Steel
|move|p1a: Kyurem|Icicle Spear|p2a: Hydreigon
|-resisted|p2a: Hydreigon
|-damage|p2a: Hydreigon|87/100
|-resisted|p2a: Hydreigon
|-damage|p2a: Hydreigon|73/100
|-resisted|p2a: Hydreigon
|-damage|p2a: Hydreigon|60/100
|-resisted|p2a: Hydreigon
|-damage|p2a: Hydreigon|47/100
|-resisted|p2a: Hydreigon
|-damage|p2a: Hydreigon|34/100
|-hitcount|p2a: Hydreigon|5
|move|p2a: Hydreigon|Draco Meteor|p1a: Kyurem
|-supereffective|p1a: Kyurem
|-damage|p1a: Kyurem|0 fnt
|-unboost|p2a: Hydreigon|spa|2
|faint|p1a: Kyurem
|
|upkeep
|
|t:|1760454831
|switch|p1a: Iron Moth|Iron Moth|76/100
|turn|18
|inactive|Darkgorim has 120 seconds left.
|
|t:|1760454854
|switch|p2a: Iron Valiant|Iron Valiant|100/100
|-enditem|p2a: Iron Valiant|Booster Energy
|-activate|p2a: Iron Valiant|ability: Quark Drive|[fromitem]
|-start|p2a: Iron Valiant|quarkdrivespe
|move|p1a: Iron Moth|Fiery Dance|p2a: Iron Valiant
|-damage|p2a: Iron Valiant|24/100
|
|upkeep
|turn|19
|inactive|Darkgorim has 120 seconds left.
|
|t:|1760454865
|move|p2a: Iron Valiant|Expanding Force|p1a: Iron Moth
|-supereffective|p1a: Iron Moth
|-damage|p1a: Iron Moth|24/100
|move|p1a: Iron Moth|Sludge Wave|p2a: Iron Valiant
|-supereffective|p2a: Iron Valiant
|-crit|p2a: Iron Valiant
|-damage|p2a: Iron Valiant|0 fnt
|faint|p2a: Iron Valiant
|-end|p2a: Iron Valiant|Quark Drive|[silent]
|
|upkeep
|inactive|Darkgorim has 120 seconds left.
|
|t:|1760454874
|switch|p2a: Hydreigon|Hydreigon, M, tera:Steel|34/100
|turn|20
|
|t:|1760454879
|move|p1a: Iron Moth|Fiery Dance|p2a: Hydreigon
|-supereffective|p2a: Hydreigon
|-damage|p2a: Hydreigon|0 fnt
|-boost|p1a: Iron Moth|spa|1
|faint|p2a: Hydreigon
|
|win|Stalphyr
|raw|Stalphyr's rating: 1254 &rarr; <strong>1280</strong><br />(+26 for winning)
|raw|Darkgorim's rating: 1266 &rarr; <strong>1240</strong><br />(-26 for losing)
|l|☆Darkgorim
|player|p2|
|l|☆Stalphyr
|player|p1|
