|j|☆Hiyapartner
|j|☆Azrael the dumbass
|t:|1760337358
|gametype|singles
|player|p1|Hiyapartner|102|1173
|player|p2|Azrael the dumbass|unknown|1174
|gen|9
|tier|[Gen 9] OU
|rated|
|rule|HP Percentage Mod: HP is shown in percentages
|rule|Endless Battle Clause: Forcing endless battles is banned
|rule|Species Clause: Limit one of each Pokémon
|rule|OHKO Clause: OHKO moves are banned
|rule|Evasion Items Clause: Evasion items are banned
|rule|Evasion Moves Clause: Evasion moves are banned
|rule|Evasion Abilities Clause: Evasion abilities are banned
|rule|Sleep Moves Clause: Sleep-inducing moves are banned
|clearpoke
|poke|p1|Torkoal, M|
|poke|p1|Victreebel, M|
|poke|p1|Rhyperior, F|
|poke|p1|Walking Wake|
|poke|p1|Jolteon, M|
|poke|p1|Iron Valiant|
|poke|p2|Gengar, M|
|poke|p2|Great Tusk|
|poke|p2|Alomomola, F|
|poke|p2|Slowking-Galar, F|
|poke|p2|Iron Valiant|
|poke|p2|Scizor, F|
|teampreview
|inactive|Battle timer is ON: inactive players will automatically lose when time's up. (requested by Azrael the dumbass)
|c|☆Azrael the dumbass|Hi
|
|t:|1760337375
|teamsize|p1|6
|teamsize|p2|6
|start
|switch|p1a: Walking Wake|Walking Wake|100/100
|switch|p2a: Great Tusk|Great Tusk, shiny|100/100
|turn|1
|c|☆Azrael the dumbass|I'm testing out this Gengar team
|
|t:|1760337383
|-end|p2a: Great Tusk|Protosynthesis|[silent]
|switch|p2a: Slowking|Slowking-Galar, F|100/100
|move|p1a: Walking Wake|Hydro Steam|p2a: Slowking
|-damage|p2a: Slowking|74/100
|
|upkeep
|turn|2
|
|t:|1760337397
|-end|p1a: Walking Wake|Protosynthesis|[silent]
|switch|p1a: Jolteon|Jolteon, M|100/100
|move|p2a: Slowking|Thunder Wave|p1a: Jolteon|[miss]
|-miss|p2a: Slowking|p1a: Jolteon
|
|-status|p1a: Jolteon|brn|[from] item: Flame Orb
|upkeep
|turn|3
|
|t:|1760337403
|move|p1a: Jolteon|Shadow Ball|p2a: Slowking
|-supereffective|p2a: Slowking
|-damage|p2a: Slowking|42/100
|-prepare|p2a: Slowking|Chilly Reception|[premajor]
|move|p2a: Slowking|Chilly Reception|p2a: Slowking
|-weather|Snowscape
|
|t:|1760337410
|switch|p2a: Scizor|Scizor, F|100/100|[from] Chilly Reception
|
|-weather|Snowscape|[upkeep]
|-damage|p1a: Jolteon|95/100 brn|[from] brn
|upkeep
|turn|4
|
|t:|1760337415
|switch|p1a: Torkoal|Torkoal, M|100/100
|-weather|SunnyDay|[from] ability: Drought|[of] p1a: Torkoal
|move|p2a: Scizor|Quick Attack|p1a: Torkoal
|-damage|p1a: Torkoal|76/100
|
|-weather|SunnyDay|[upkeep]
|upkeep
|turn|5
|
|t:|1760337423
|switch|p2a: Great Tusk|Great Tusk, shiny|100/100
|-activate|p2a: Great Tusk|ability: Protosynthesis
|-start|p2a: Great Tusk|protosynthesisspe
|move|p1a: Torkoal|Eruption|p2a: Great Tusk
|-damage|p2a: Great Tusk|26/100
|
|-weather|SunnyDay|[upkeep]
|upkeep
|turn|6
|
|t:|1760337444
|move|p2a: Great Tusk|Close Combat|p1a: Torkoal
|-damage|p1a: Torkoal|35/100
|-unboost|p2a: Great Tusk|def|1
|-unboost|p2a: Great Tusk|spd|1
|move|p1a: Torkoal|Lava Plume|p2a: Great Tusk
|-damage|p2a: Great Tusk|0 fnt
|faint|p2a: Great Tusk
|-end|p2a: Great Tusk|Protosynthesis|[silent]
|
|-weather|SunnyDay|[upkeep]
|upkeep
|
|t:|1760337453
|switch|p2a: Gengar|Gengar, M|100/100
|turn|7
|
|t:|1760337458
|switch|p1a: Walking Wake|Walking Wake|100/100
|-activate|p1a: Walking Wake|ability: Protosynthesis
|-start|p1a: Walking Wake|protosynthesisspa
|move|p2a: Gengar|Shadow Ball|p1a: Walking Wake
|-damage|p1a: Walking Wake|66/100
|-unboost|p1a: Walking Wake|spd|1
|
|-weather|SunnyDay|[upkeep]
|upkeep
|turn|8
|
|t:|1760337466
|switch|p2a: Slowking|Slowking-Galar, F|76/100
|move|p1a: Walking Wake|Hydro Steam|p2a: Slowking
|-damage|p2a: Slowking|29/100
|
|-weather|SunnyDay|[upkeep]
|upkeep
|turn|9
|
|t:|1760337472
|move|p1a: Walking Wake|Hydro Steam|p2a: Slowking
|-damage|p2a: Slowking|0 fnt
|faint|p2a: Slowking
|
|-weather|SunnyDay|[upkeep]
|upkeep
|
|t:|1760337479
|switch|p2a: Gengar|Gengar, M|100/100
|turn|10
|
|t:|1760337483
|move|p2a: Gengar|Shadow Ball|p1a: Walking Wake
|-damage|p1a: Walking Wake|8/100
|move|p1a: Walking Wake|Hydro Steam|p2a: Gengar
|-damage|p2a: Gengar|0 fnt
|-start|p1a: Walking Wake|Disable|Hydro Steam|[from] ability: Cursed Body|[of] p2a: Gengar
|faint|p2a: Gengar
|
|-weather|SunnyDay|[upkeep]
|upkeep
|
|t:|1760337492
|switch|p2a: Alomomola|Alomomola, F, shiny|100/100
|turn|11
|
|t:|1760337498
|move|p1a: Walking Wake|Draco Meteor|p2a: Alomomola
|-damage|p2a: Alomomola|22/100
|-unboost|p1a: Walking Wake|spa|2
|move|p2a: Alomomola|Icy Wind|p1a: Walking Wake
|-damage|p1a: Walking Wake|0 fnt
|faint|p1a: Walking Wake
|-end|p1a: Walking Wake|Protosynthesis|[silent]
|
|-weather|none
|upkeep
|
|t:|1760337507
|switch|p1a: Jolteon|Jolteon, M|95/100 brn
|turn|12
|
|t:|1760337510
|switch|p2a: Scizor|Scizor, F|100/100
|move|p1a: Jolteon|Thunderbolt|p2a: Scizor
|-damage|p2a: Scizor|55/100
|
|-damage|p1a: Jolteon|89/100 brn|[from] brn
|upkeep
|turn|13
|
|t:|1760337530
|switch|p1a: Torkoal|Torkoal, M|35/100
|-weather|SunnyDay|[from] ability: Drought|[of] p1a: Torkoal
|move|p2a: Scizor|Quick Attack|p1a: Torkoal
|-damage|p1a: Torkoal|13/100
|
|-weather|SunnyDay|[upkeep]
|upkeep
|turn|14
|
|t:|1760337536
|move|p2a: Scizor|Quick Attack|p1a: Torkoal
|-damage|p1a: Torkoal|0 fnt
|faint|p1a: Torkoal
|
|-weather|SunnyDay|[upkeep]
|upkeep
|
|t:|1760337539
|switch|p1a: Victreebel|Victreebel, M|100/100
|turn|15
|
|t:|1760337546
|move|p2a: Scizor|Quick Attack|p1a: Victreebel
|-damage|p1a: Victreebel|43/100
|move|p1a: Victreebel|Weather Ball|p2a: Scizor
|-supereffective|p2a: Scizor
|-damage|p2a: Scizor|0 fnt
|faint|p2a: Scizor
|-damage|p1a: Victreebel|33/100|[from] item: Life Orb
|
|-weather|SunnyDay|[upkeep]
|upkeep
|
|t:|1760337554
|switch|p2a: Iron Valiant|Iron Valiant|100/100
|-enditem|p2a: Iron Valiant|Booster Energy
|-activate|p2a: Iron Valiant|ability: Quark Drive|[fromitem]
|-start|p2a: Iron Valiant|quarkdrivespe
|turn|16
|
|t:|1760337559
|move|p2a: Iron Valiant|Psychic|p1a: Victreebel
|-supereffective|p1a: Victreebel
|-damage|p1a: Victreebel|0 fnt
|faint|p1a: Victreebel
|
|-weather|SunnyDay|[upkeep]
|upkeep
|
|t:|1760337574
|switch|p1a: Rhyperior|Rhyperior, F|100/100
|turn|17
|
|t:|1760337580
|move|p2a: Iron Valiant|Moonblast|p1a: Rhyperior
|-damage|p1a: Rhyperior|37/100
|move|p1a: Rhyperior|Earthquake|p2a: Iron Valiant
|-damage|p2a: Iron Valiant|22/100
|
|-weather|SunnyDay|[upkeep]
|upkeep
|turn|18
|
|t:|1760337590
|move|p2a: Iron Valiant|Moonblast|p1a: Rhyperior
|-damage|p1a: Rhyperior|0 fnt
|faint|p1a: Rhyperior
|
|-weather|SunnyDay|[upkeep]
|upkeep
|
|t:|1760337591
|switch|p1a: Iron Valiant|Iron Valiant|100/100
|-enditem|p1a: Iron Valiant|Booster Energy
|-activate|p1a: Iron Valiant|ability: Quark Drive|[fromitem]
|-start|p1a: Iron Valiant|quarkdrivespe
|turn|19
|
|t:|1760337601
|-terastallize|p2a: Iron Valiant|Psychic
|-terastallize|p1a: Iron Valiant|Fairy
|move|p2a: Iron Valiant|Psychic|p1a: Iron Valiant
|-damage|p1a: Iron Valiant|18/100
|move|p1a: Iron Valiant|Spirit Break|p2a: Iron Valiant
|-damage|p2a: Iron Valiant|0 fnt
|faint|p2a: Iron Valiant
|-end|p2a: Iron Valiant|Quark Drive|[silent]
|
|-weather|SunnyDay|[upkeep]
|upkeep
|c|☆Azrael the dumbass|GG
|-message|Azrael the dumbass forfeited.
|
|win|Hiyapartner
|raw|Hiyapartner's rating: 1173 &rarr; <strong>1198</strong><br />(+25 for winning)
|raw|Azrael the dumbass's rating: 1174 &rarr; <strong>1149</strong><br />(-25 for losing)
|l|☆Azrael the dumbass
|player|p2|
|l|☆Hiyapartner
|player|p1|
