|j|☆CDCD1 Abreu00
|j|☆seethemalldie
|t:|1760451929
|gametype|singles
|player|p1|CDCD1 Abreu00|lusamine-nihilego|1340
|player|p2|seethemalldie|unknown|1268
|gen|9
|tier|[Gen 9] OU
|rated|
|rule|HP Percentage Mod: HP is shown in percentages
|rule|Endless Battle Clause: Forcing endless battles is banned
|rule|Species Clause: Limit one of each Pokémon
|rule|OHKO Clause: OHKO moves are banned
|rule|Evasion Items Clause: Evasion items are banned
|rule|Evasion Moves Clause: Evasion moves are banned
|rule|Evasion Abilities Clause: Evasion abilities are banned
|rule|Sleep Moves Clause: Sleep-inducing moves are banned
|clearpoke
|poke|p1|Clefable, M|
|poke|p1|Dondozo, M|
|poke|p1|Blissey, F|
|poke|p1|Clodsire, M|
|poke|p1|Corviknight, M|
|poke|p1|Gliscor, M|
|poke|p2|Scizor, F|
|poke|p2|Toxtricity-Low-Key, M|
|poke|p2|Hydreigon, F|
|poke|p2|Iron Valiant|
|poke|p2|Ogerpon-Wellspring, F|
|poke|p2|Arcanine-Hisui, M|
|teampreview
|inactive|Battle timer is ON: inactive players will automatically lose when time's up. (requested by seethemalldie)
|
|t:|1760451933
|teamsize|p1|6
|teamsize|p2|6
|start
|switch|p1a: Clodsire|Clodsire, M|100/100
|switch|p2a: Chili|Toxtricity-Low-Key, M|100/100
|turn|1
|
|t:|1760451942
|-terastallize|p2a: Chili|Normal
|move|p2a: Chili|Boomburst|p1a: Clodsire
|-damage|p1a: Clodsire|29/100
|move|p1a: Clodsire|Earthquake|p2a: Chili
|-damage|p2a: Chili|59/100
|
|upkeep
|turn|2
|
|t:|1760451949
|switch|p1a: Blissey|Blissey, F|100/100
|move|p2a: Chili|Boomburst|p1a: Blissey
|-damage|p1a: Blissey|59/100
|
|upkeep
|turn|3
|
|t:|1760451962
|switch|p2a: Berry|Ogerpon-Wellspring, F|100/100
|move|p1a: Blissey|Soft-Boiled|p1a: Blissey
|-heal|p1a: Blissey|100/100
|
|upkeep
|turn|4
|
|t:|1760451968
|switch|p1a: Corviknight|Corviknight, M|100/100
|-ability|p1a: Corviknight|Pressure
|move|p2a: Berry|Swords Dance|p2a: Berry
|-boost|p2a: Berry|atk|2
|
|upkeep
|turn|5
|
|t:|1760451983
|switch|p1a: Dondozo|Dondozo, M|100/100
|move|p2a: Berry|Swords Dance|p2a: Berry
|-boost|p2a: Berry|atk|2
|
|upkeep
|turn|6
|
|t:|1760452007
|switch|p2a: Solid|Scizor, F|100/100
|-terastallize|p1a: Dondozo|Fighting
|move|p1a: Dondozo|Curse|p1a: Dondozo
|-unboost|p1a: Dondozo|spe|1
|-boost|p1a: Dondozo|atk|1
|-boost|p1a: Dondozo|def|1
|
|upkeep
|turn|7
|
|t:|1760452018
|move|p2a: Solid|Knock Off|p1a: Dondozo
|-resisted|p1a: Dondozo
|-damage|p1a: Dondozo|96/100
|-enditem|p1a: Dondozo|Heavy-Duty Boots|[from] move: Knock Off|[of] p2a: Solid
|move|p1a: Dondozo|Curse|p1a: Dondozo
|-unboost|p1a: Dondozo|spe|1
|-boost|p1a: Dondozo|atk|1
|-boost|p1a: Dondozo|def|1
|
|upkeep
|turn|8
|
|t:|1760452026
|move|p2a: Solid|U-turn|p1a: Dondozo
|-resisted|p1a: Dondozo
|-damage|p1a: Dondozo|92/100
|
|t:|1760452029
|switch|p2a: Nite|Iron Valiant, shiny|100/100|[from] U-turn
|move|p1a: Dondozo|Waterfall|p2a: Nite
|-damage|p2a: Nite|25/100
|
|upkeep
|turn|9
|
|t:|1760452039
|switch|p1a: Clodsire|Clodsire, M|29/100
|move|p2a: Nite|Moonblast|p1a: Clodsire
|-resisted|p1a: Clodsire
|-damage|p1a: Clodsire|12/100
|-unboost|p1a: Clodsire|spa|1
|
|upkeep
|turn|10
|
|t:|1760452046
|move|p2a: Nite|Moonblast|p1a: Clodsire
|-resisted|p1a: Clodsire
|-damage|p1a: Clodsire|0 fnt
|faint|p1a: Clodsire
|
|upkeep
|
|t:|1760452061
|switch|p1a: Clefable|Clefable, M|100/100
|turn|11
|
|t:|1760452066
|-end|p2a: Nite|Quark Drive|[silent]
|switch|p2a: Archie|Arcanine-Hisui, M|100/100
|move|p1a: Clefable|Stealth Rock|p2a: Archie
|-sidestart|p2: seethemalldie|move: Stealth Rock
|
|upkeep
|turn|12
|
|t:|1760452077
|switch|p1a: Dondozo|Dondozo, M, tera:Fighting|92/100
|move|p2a: Archie|Head Smash|p1a: Dondozo|[miss]
|-miss|p2a: Archie|p1a: Dondozo
|
|upkeep
|turn|13
|
|t:|1760452090
|move|p2a: Archie|Flare Blitz|p1a: Dondozo
|-damage|p1a: Dondozo|66/100
|move|p1a: Dondozo|Waterfall|p2a: Archie
|-supereffective|p2a: Archie
|-damage|p2a: Archie|0 fnt
|faint|p2a: Archie
|
|upkeep
|
|t:|1760452097
|switch|p2a: Solid|Scizor, F|100/100
|turn|14
|
|t:|1760452102
|move|p2a: Solid|Defog|p1a: Dondozo
|-unboost|p1a: Dondozo|evasion|1
|-sideend|p2: seethemalldie|Stealth Rock|[from] move: Defog|[of] p2a: Solid
|move|p1a: Dondozo|Waterfall|p2a: Solid
|-damage|p2a: Solid|76/100
|
|upkeep
|turn|15
|
|t:|1760452111
|move|p2a: Solid|U-turn|p1a: Dondozo
|-resisted|p1a: Dondozo
|-damage|p1a: Dondozo|59/100
|
|t:|1760452114
|switch|p2a: Berry|Ogerpon-Wellspring, F|100/100|[from] U-turn
|move|p1a: Dondozo|Curse|p1a: Dondozo
|-unboost|p1a: Dondozo|spe|1
|-boost|p1a: Dondozo|atk|1
|-boost|p1a: Dondozo|def|1
|
|upkeep
|turn|16
|
|t:|1760452122
|move|p2a: Berry|Play Rough|p1a: Dondozo
|-supereffective|p1a: Dondozo
|-damage|p1a: Dondozo|38/100
|move|p1a: Dondozo|Waterfall|p2a: Berry
|-immune|p2a: Berry|[from] ability: Water Absorb
|
|upkeep
|turn|17
|
|t:|1760452129
|move|p2a: Berry|Play Rough|p1a: Dondozo
|-supereffective|p1a: Dondozo
|-damage|p1a: Dondozo|16/100
|move|p1a: Dondozo|Rest|p1a: Dondozo
|-status|p1a: Dondozo|slp|[from] move: Rest
|-heal|p1a: Dondozo|100/100 slp|[silent]
|
|upkeep
|turn|18
|
|t:|1760452137
|switch|p2a: Nite|Iron Valiant, shiny|25/100
|cant|p1a: Dondozo|slp
|move|p1a: Dondozo|Sleep Talk|p1a: Dondozo
|move|p1a: Dondozo|Curse|p1a: Dondozo|[from] move: Sleep Talk
|-unboost|p1a: Dondozo|spe|1
|-boost|p1a: Dondozo|atk|1
|-boost|p1a: Dondozo|def|1
|
|upkeep
|turn|19
|
|t:|1760452150
|switch|p1a: Corviknight|Corviknight, M|100/100
|-ability|p1a: Corviknight|Pressure
|move|p2a: Nite|Moonblast|p1a: Corviknight
|-resisted|p1a: Corviknight
|-damage|p1a: Corviknight|65/100
|
|upkeep
|turn|20
|
|t:|1760452165
|-end|p2a: Nite|Quark Drive|[silent]
|switch|p2a: Solid|Scizor, F|76/100
|move|p1a: Corviknight|Roost|p1a: Corviknight
|-heal|p1a: Corviknight|100/100
|-singleturn|p1a: Corviknight|move: Roost
|
|upkeep
|turn|21
|
|t:|1760452172
|switch|p1a: Dondozo|Dondozo, M, tera:Fighting|100/100 slp
|move|p2a: Solid|Knock Off|p1a: Dondozo
|-resisted|p1a: Dondozo
|-damage|p1a: Dondozo|96/100 slp
|
|upkeep
|turn|22
|
|t:|1760452179
|move|p2a: Solid|U-turn|p1a: Dondozo
|-resisted|p1a: Dondozo
|-damage|p1a: Dondozo|88/100 slp
|
|t:|1760452182
|switch|p2a: Trip|Hydreigon, F, shiny|100/100|[from] U-turn
|cant|p1a: Dondozo|slp
|move|p1a: Dondozo|Sleep Talk|p1a: Dondozo
|move|p1a: Dondozo|Waterfall|p2a: Trip|[from] move: Sleep Talk
|-resisted|p2a: Trip
|-damage|p2a: Trip|84/100
|
|upkeep
|turn|23
|
|t:|1760452197
|switch|p1a: Clefable|Clefable, M|100/100
|move|p2a: Trip|Taunt|p1a: Clefable
|-start|p1a: Clefable|move: Taunt
|
|upkeep
|turn|24
|
|t:|1760452211
|switch|p2a: Solid|Scizor, F|76/100
|move|p1a: Clefable|Knock Off|p2a: Solid
|-damage|p2a: Solid|61/100
|-enditem|p2a: Solid|Heavy-Duty Boots|[from] move: Knock Off|[of] p1a: Clefable
|
|upkeep
|turn|25
|
|t:|1760452221
|move|p2a: Solid|U-turn|p1a: Clefable
|-resisted|p1a: Clefable
|-damage|p1a: Clefable|86/100
|
|t:|1760452227
|switch|p2a: Berry|Ogerpon-Wellspring, F|100/100|[from] U-turn
|move|p1a: Clefable|Moonblast|p2a: Berry
|-damage|p2a: Berry|65/100
|-unboost|p2a: Berry|spa|1
|
|-heal|p1a: Clefable|92/100|[from] item: Leftovers
|-end|p1a: Clefable|move: Taunt
|upkeep
|turn|26
|
|t:|1760452237
|switch|p1a: Dondozo|Dondozo, M, tera:Fighting|88/100 slp
|move|p2a: Berry|Ivy Cudgel|p1a: Dondozo|[anim] Ivy Cudgel Water
|-damage|p1a: Dondozo|61/100 slp
|
|upkeep
|turn|27
|
|t:|1760452242
|move|p2a: Berry|Ivy Cudgel|p1a: Dondozo|[anim] Ivy Cudgel Water
|-damage|p1a: Dondozo|36/100 slp
|-curestatus|p1a: Dondozo|slp|[msg]
|move|p1a: Dondozo|Curse|p1a: Dondozo
|-unboost|p1a: Dondozo|spe|1
|-boost|p1a: Dondozo|atk|1
|-boost|p1a: Dondozo|def|1
|
|upkeep
|turn|28
|
|t:|1760452263
|switch|p2a: Nite|Iron Valiant, shiny|25/100
|move|p1a: Dondozo|Rest|p1a: Dondozo
|-status|p1a: Dondozo|slp|[from] move: Rest
|-heal|p1a: Dondozo|100/100 slp|[silent]
|
|upkeep
|turn|29
|inactive|CDCD1 Abreu00 has 120 seconds left.
|inactive|CDCD1 Abreu00 has 90 seconds left.
|
|t:|1760452325
|switch|p1a: Clefable|Clefable, M|92/100
|move|p2a: Nite|Moonblast|p1a: Clefable
|-damage|p1a: Clefable|21/100
|
|-heal|p1a: Clefable|27/100|[from] item: Leftovers
|upkeep
|turn|30
|
|t:|1760452333
|switch|p1a: Corviknight|Corviknight, M|100/100
|-ability|p1a: Corviknight|Pressure
|move|p2a: Nite|Moonblast|p1a: Corviknight
|-resisted|p1a: Corviknight
|-damage|p1a: Corviknight|64/100
|-unboost|p1a: Corviknight|spa|1
|
|upkeep
|turn|31
|
|t:|1760452342
|-end|p2a: Nite|Quark Drive|[silent]
|switch|p2a: Chili|Toxtricity-Low-Key, M, tera:Normal|59/100
|move|p1a: Corviknight|Roost|p1a: Corviknight
|-heal|p1a: Corviknight|100/100
|-singleturn|p1a: Corviknight|move: Roost
|
|upkeep
|turn|32
|
|t:|1760452350
|switch|p1a: Clefable|Clefable, M|27/100
|move|p2a: Chili|Boomburst|p1a: Clefable
|-damage|p1a: Clefable|0 fnt
|faint|p1a: Clefable
|
|upkeep
|
|t:|1760452356
|switch|p1a: Blissey|Blissey, F|100/100
|turn|33
|
|t:|1760452364
|switch|p2a: Trip|Hydreigon, F, shiny|84/100
|move|p1a: Blissey|Seismic Toss|p2a: Trip
|-damage|p2a: Trip|54/100
|
|upkeep
|turn|34
|
|t:|1760452371
|move|p2a: Trip|Taunt|p1a: Blissey
|-start|p1a: Blissey|move: Taunt
|move|p1a: Blissey|Seismic Toss|p2a: Trip
|-damage|p2a: Trip|23/100
|
|upkeep
|turn|35
|
|t:|1760452380
|move|p2a: Trip|Draco Meteor|p1a: Blissey
|-damage|p1a: Blissey|80/100
|-unboost|p2a: Trip|spa|2
|-enditem|p2a: Trip|Eject Pack
|
|t:|1760452389
|switch|p2a: Solid|Scizor, F|61/100
|move|p1a: Blissey|Shadow Ball|p2a: Solid
|-damage|p2a: Solid|45/100
|
|upkeep
|turn|36
|
|t:|1760452395
|switch|p1a: Dondozo|Dondozo, M, tera:Fighting|100/100 slp
|move|p2a: Solid|U-turn|p1a: Dondozo
|-resisted|p1a: Dondozo
|-damage|p1a: Dondozo|93/100 slp
|
|t:|1760452411
|switch|p2a: Chili|Toxtricity-Low-Key, M, tera:Normal|59/100|[from] U-turn
|
|upkeep
|turn|37
|
|t:|1760452416
|switch|p1a: Blissey|Blissey, F|80/100
|move|p2a: Chili|Boomburst|p1a: Blissey
|-damage|p1a: Blissey|40/100
|
|upkeep
|turn|38
|
|t:|1760452425
|move|p2a: Chili|Boomburst|p1a: Blissey
|-damage|p1a: Blissey|0 fnt
|faint|p1a: Blissey
|
|upkeep
|
|t:|1760452428
|switch|p1a: Gliscor|Gliscor, M|100/100
|turn|39
|
|t:|1760452436
|switch|p2a: Solid|Scizor, F|45/100
|move|p1a: Gliscor|Protect||[still]
|-fail|p1a: Gliscor
|
|-status|p1a: Gliscor|tox|[from] item: Toxic Orb
|upkeep
|turn|40
|
|t:|1760452446
|move|p2a: Solid|Bullet Punch|p1a: Gliscor
|-damage|p1a: Gliscor|80/100 tox
|move|p1a: Gliscor|Spikes|p2a: Solid
|-sidestart|p2: seethemalldie|Spikes
|
|-heal|p1a: Gliscor|92/100 tox|[from] ability: Poison Heal
|upkeep
|turn|41
|
|t:|1760452453
|move|p1a: Gliscor|Earthquake|p2a: Solid
|-damage|p2a: Solid|16/100
|move|p2a: Solid|Defog|p1a: Gliscor
|-unboost|p1a: Gliscor|evasion|1
|-sideend|p2: seethemalldie|Spikes|[from] move: Defog|[of] p2a: Solid
|
|-heal|p1a: Gliscor|100/100 tox|[from] ability: Poison Heal
|upkeep
|turn|42
|
|t:|1760452460
|move|p1a: Gliscor|Earthquake|p2a: Solid
|-damage|p2a: Solid|0 fnt
|faint|p2a: Solid
|
|upkeep
|
|t:|1760452471
|switch|p2a: Berry|Ogerpon-Wellspring, F|65/100
|turn|43
|
|t:|1760452488
|move|p2a: Berry|Ivy Cudgel|p1a: Gliscor|[anim] Ivy Cudgel Water
|-supereffective|p1a: Gliscor
|-damage|p1a: Gliscor|25/100 tox
|move|p1a: Gliscor|Toxic|p2a: Berry
|-status|p2a: Berry|tox
|
|-damage|p2a: Berry|59/100 tox|[from] psn
|-heal|p1a: Gliscor|38/100 tox|[from] ability: Poison Heal
|upkeep
|turn|44
|
|t:|1760452499
|switch|p2a: Trip|Hydreigon, F, shiny|23/100
|move|p1a: Gliscor|Protect||[still]
|-fail|p1a: Gliscor
|
|-heal|p1a: Gliscor|50/100 tox|[from] ability: Poison Heal
|upkeep
|turn|45
|
|t:|1760452507
|switch|p1a: Corviknight|Corviknight, M|100/100
|-ability|p1a: Corviknight|Pressure
|move|p2a: Trip|Draco Meteor|p1a: Corviknight
|-resisted|p1a: Corviknight
|-damage|p1a: Corviknight|67/100
|-unboost|p2a: Trip|spa|2
|
|upkeep
|turn|46
|
|t:|1760452515
|move|p2a: Trip|Taunt|p1a: Corviknight
|-start|p1a: Corviknight|move: Taunt
|move|p1a: Corviknight|Body Press|p2a: Trip
|-supereffective|p2a: Trip
|-damage|p2a: Trip|0 fnt
|faint|p2a: Trip
|
|upkeep
|
|t:|1760452537
|switch|p2a: Nite|Iron Valiant, shiny|25/100
|turn|47
|
|t:|1760452545
|move|p2a: Nite|Thunderbolt|p1a: Corviknight
|-supereffective|p1a: Corviknight
|-damage|p1a: Corviknight|0 fnt
|faint|p1a: Corviknight
|
|upkeep
|
|t:|1760452548
|switch|p1a: Dondozo|Dondozo, M, tera:Fighting|93/100 slp
|turn|48
|
|t:|1760452557
|-end|p2a: Nite|Quark Drive|[silent]
|switch|p2a: Chili|Toxtricity-Low-Key, M, tera:Normal|59/100
|switch|p1a: Gliscor|Gliscor, M|50/100 tox
|
|-heal|p1a: Gliscor|63/100 tox|[from] ability: Poison Heal
|upkeep
|turn|49
|
|t:|1760452569
|move|p1a: Gliscor|Protect|p1a: Gliscor
|-singleturn|p1a: Gliscor|Protect
|move|p2a: Chili|Boomburst|p1a: Gliscor
|-activate|p1a: Gliscor|move: Protect
|
|-heal|p1a: Gliscor|75/100 tox|[from] ability: Poison Heal
|upkeep
|turn|50
|
|t:|1760452581
|move|p2a: Chili|Boomburst|p1a: Gliscor
|-damage|p1a: Gliscor|0 fnt
|faint|p1a: Gliscor
|
|upkeep
|
|t:|1760452584
|switch|p1a: Dondozo|Dondozo, M, tera:Fighting|93/100 slp
|turn|51
|-message|CDCD1 Abreu00 forfeited.
|
|win|seethemalldie
|raw|CDCD1 Abreu00's rating: 1340 &rarr; <strong>1316</strong><br />(-24 for losing)
|raw|seethemalldie's rating: 1268 &rarr; <strong>1298</strong><br />(+30 for winning)
|l|☆CDCD1 Abreu00
|player|p1|
|l|☆seethemalldie
|player|p2|
