|j|☆Daskeros
|j|☆raxiahsta
|t:|1760379255
|gametype|singles
|player|p1|Daskeros|aaron|1070
|player|p2|raxiahsta|rocketgruntf|1075
|gen|9
|tier|[Gen 9] OU
|rated|
|rule|HP Percentage Mod: HP is shown in percentages
|rule|Endless Battle Clause: Forcing endless battles is banned
|rule|Species Clause: Limit one of each Pokémon
|rule|OHKO Clause: OHKO moves are banned
|rule|Evasion Items Clause: Evasion items are banned
|rule|Evasion Moves Clause: Evasion moves are banned
|rule|Evasion Abilities Clause: Evasion abilities are banned
|rule|Sleep Moves Clause: Sleep-inducing moves are banned
|clearpoke
|poke|p1|Quaquaval, M|
|poke|p1|Cobalion|
|poke|p1|Lucario, F|
|poke|p1|Kommo-o, F|
|poke|p1|Mandibuzz, F|
|poke|p1|Excadrill, F|
|poke|p2|Meganium, F|
|poke|p2|Tyranitar, M|
|poke|p2|Vaporeon, M|
|poke|p2|Hitmonchan, M|
|poke|p2|Donphan, F|
|poke|p2|Ampharos, M|
|teampreview
|inactive|Battle timer is ON: inactive players will automatically lose when time's up. (requested by raxiahsta)
|
|t:|1760379268
|teamsize|p1|6
|teamsize|p2|6
|start
|switch|p1a: Quaquaval|Quaquaval, M|100/100
|switch|p2a: Donphan|Donphan, F|100/100
|turn|1
|
|t:|1760379284
|move|p1a: Quaquaval|Aqua Step|p2a: Donphan
|-supereffective|p2a: Donphan
|-damage|p2a: Donphan|39/100
|-boost|p1a: Quaquaval|spe|1
|move|p2a: Donphan|Earthquake|p1a: Quaquaval
|-damage|p1a: Quaquaval|32/100
|
|-heal|p2a: Donphan|45/100|[from] item: Leftovers
|upkeep
|turn|2
|c|☆Daskeros|after 20 years i remembered to choose my tera types
|
|t:|1760379302
|switch|p2a: Vaporeon|Vaporeon, M|100/100
|move|p1a: Quaquaval|Aqua Step|p2a: Vaporeon
|-immune|p2a: Vaporeon|[from] ability: Water Absorb
|
|upkeep
|turn|3
|
|t:|1760379316
|move|p1a: Quaquaval|Brave Bird|p2a: Vaporeon
|-damage|p2a: Vaporeon|49/100
|-damage|p1a: Quaquaval|7/100|[from] Recoil
|move|p2a: Vaporeon|Surf|p1a: Quaquaval
|-resisted|p1a: Quaquaval
|-damage|p1a: Quaquaval|0 fnt
|faint|p1a: Quaquaval
|
|-heal|p2a: Vaporeon|56/100|[from] item: Leftovers
|upkeep
|
|t:|1760379324
|switch|p1a: Mandibuzz|Mandibuzz, F|100/100
|turn|4
|
|t:|1760379331
|move|p1a: Mandibuzz|Sandstorm|p1a: Mandibuzz
|-weather|Sandstorm
|move|p2a: Vaporeon|Ice Beam|p1a: Mandibuzz
|-supereffective|p1a: Mandibuzz
|-damage|p1a: Mandibuzz|46/100
|
|-weather|Sandstorm|[upkeep]
|-damage|p2a: Vaporeon|49/100|[from] Sandstorm
|-heal|p2a: Vaporeon|56/100|[from] item: Leftovers
|upkeep
|turn|5
|
|t:|1760379339
|move|p1a: Mandibuzz|Brave Bird|p2a: Vaporeon
|-damage|p2a: Vaporeon|13/100
|-damage|p1a: Mandibuzz|28/100|[from] Recoil
|move|p2a: Vaporeon|Ice Beam|p1a: Mandibuzz
|-supereffective|p1a: Mandibuzz
|-damage|p1a: Mandibuzz|0 fnt
|faint|p1a: Mandibuzz
|
|-weather|Sandstorm|[upkeep]
|-damage|p2a: Vaporeon|7/100|[from] Sandstorm
|-heal|p2a: Vaporeon|13/100|[from] item: Leftovers
|upkeep
|
|t:|1760379349
|switch|p1a: Cobalion|Cobalion|100/100
|turn|6
|
|t:|1760379366
|move|p2a: Vaporeon|Protect|p2a: Vaporeon
|-singleturn|p2a: Vaporeon|Protect
|move|p1a: Cobalion|Work Up|p1a: Cobalion
|-boost|p1a: Cobalion|atk|1
|-boost|p1a: Cobalion|spa|1
|
|-weather|Sandstorm|[upkeep]
|-damage|p2a: Vaporeon|7/100|[from] Sandstorm
|-heal|p2a: Vaporeon|13/100|[from] item: Leftovers
|upkeep
|turn|7
|c|☆Daskeros|pogchamp
|
|t:|1760379387
|move|p1a: Cobalion|Sacred Sword|p2a: Vaporeon
|-damage|p2a: Vaporeon|0 fnt
|faint|p2a: Vaporeon
|
|-weather|Sandstorm|[upkeep]
|upkeep
|
|t:|1760379392
|switch|p2a: Meganium|Meganium, F|100/100
|turn|8
|c|☆Daskeros|w's in the chat
|inactive|raxiahsta has 120 seconds left.
|
|t:|1760379415
|move|p1a: Cobalion|Steel Beam|p2a: Meganium
|-damage|p2a: Meganium|11/100
|-damage|p1a: Cobalion|50/100|[from] steelbeam
|move|p2a: Meganium|Reflect|p2a: Meganium
|-sidestart|p2: raxiahsta|Reflect
|
|-weather|Sandstorm|[upkeep]
|-damage|p2a: Meganium|5/100|[from] Sandstorm
|upkeep
|turn|9
|inactive|raxiahsta has 120 seconds left.
|
|t:|1760379428
|move|p1a: Cobalion|Sacred Sword|p2a: Meganium
|-damage|p2a: Meganium|0 fnt
|faint|p2a: Meganium
|
|-weather|Sandstorm|[upkeep]
|upkeep
|inactive|raxiahsta has 120 seconds left.
|c|☆Daskeros|i like the meganium
|
|t:|1760379453
|switch|p2a: Donphan|Donphan, F|45/100
|turn|10
|
|t:|1760379457
|move|p1a: Cobalion|Steel Beam|p2a: Donphan
|-damage|p2a: Donphan|0 fnt
|-damage|p1a: Cobalion|0 fnt|[from] steelbeam
|faint|p1a: Cobalion
|faint|p2a: Donphan
|
|-weather|Sandstorm|[upkeep]
|upkeep
|c|☆raxiahsta|ty
|
|t:|1760379482
|switch|p1a: Kommo-o|Kommo-o, F|100/100
|switch|p2a: Hitmonchan|Hitmonchan, M|100/100
|turn|11
|
|t:|1760379503
|move|p2a: Hitmonchan|Bulk Up|p2a: Hitmonchan
|-boost|p2a: Hitmonchan|atk|1
|-boost|p2a: Hitmonchan|def|1
|move|p1a: Kommo-o|Aura Sphere|p2a: Hitmonchan
|-damage|p2a: Hitmonchan|61/100
|
|-weather|none
|-heal|p2a: Hitmonchan|67/100|[from] item: Leftovers
|upkeep
|turn|12
|inactive|Daskeros has 120 seconds left.
|
|t:|1760379533
|-terastallize|p1a: Kommo-o|Dragon
|move|p2a: Hitmonchan|Drain Punch|p1a: Kommo-o
|-damage|p1a: Kommo-o|50/100
|-heal|p2a: Hitmonchan|96/100|[from] drain|[of] p1a: Kommo-o
|move|p1a: Kommo-o|Clanging Scales|p2a: Hitmonchan
|-damage|p2a: Hitmonchan|27/100
|-unboost|p1a: Kommo-o|def|1
|
|-heal|p2a: Hitmonchan|33/100|[from] item: Leftovers
|upkeep
|turn|13
|inactive|Daskeros has 120 seconds left.
|
|t:|1760379543
|move|p2a: Hitmonchan|Drain Punch|p1a: Kommo-o
|-damage|p1a: Kommo-o|0 fnt
|-heal|p2a: Hitmonchan|63/100|[from] drain|[of] p1a: Kommo-o
|faint|p1a: Kommo-o
|
|-heal|p2a: Hitmonchan|68/100|[from] item: Leftovers
|upkeep
|inactive|Daskeros has 120 seconds left.
|c|☆Daskeros|i threeewww
|
|t:|1760379556
|switch|p1a: Lucario|Lucario, F|100/100
|turn|14
|
|t:|1760379561
|move|p1a: Lucario|Psychic|p2a: Hitmonchan
|-supereffective|p2a: Hitmonchan
|-damage|p2a: Hitmonchan|16/100
|move|p2a: Hitmonchan|Drain Punch|p1a: Lucario
|-supereffective|p1a: Lucario
|-damage|p1a: Lucario|0 fnt
|-heal|p2a: Hitmonchan|67/100|[from] drain|[of] p1a: Lucario
|faint|p1a: Lucario
|
|-heal|p2a: Hitmonchan|73/100|[from] item: Leftovers
|upkeep
|c|☆Daskeros|aint no way
|inactive|Daskeros has 120 seconds left.
|c|☆Daskeros|!dt hitmonchan
|c| Daskeros|/raw <div class="message"><ul class="utilichart"><li class="result"><span class="col numcol">ZU</span> <span class="col iconcol"><psicon pokemon="hitmonchan"/></span> <span class="col pokemonnamecol" style="white-space:nowrap"><a href="https://dex.pokemonshowdown.com/pokemon/hitmonchan" target="_blank">Hitmonchan</a></span> <span class="col typecol"><img src="https://play.pokemonshowdown.com/sprites/types/Fighting.png" alt="Fighting" height="14" width="32"></span> <span style="float:left;min-height:26px"><span class="col twoabilitycol">Keen Eye<br />Iron Fist</span><span class="col abilitycol"><em>Inner Focus</em></span></span><span style="float:left;min-height:26px"><span class="col statcol"><em>HP</em><br />50</span> <span class="col statcol"><em>Atk</em><br />105</span> <span class="col statcol"><em>Def</em><br />79</span> <span class="col statcol"><em>SpA</em><br />35</span> <span class="col statcol"><em>SpD</em><br />110</span> <span class="col statcol"><em>Spe</em><br />76</span> <span class="col bstcol"><em>BST<br />455</em></span> </span></li><li style="clear:both"></li></ul></div>
|c| Daskeros|/raw <font size="1"><font color="#686868">Dex#:</font> 107&nbsp;|&ThickSpace;<font color="#686868">Gen:</font> 1&nbsp;|&ThickSpace;<font color="#686868">Height:</font> 1.4 m&nbsp;|&ThickSpace;<font color="#686868">Weight:</font> 50.2 kg <em>(80 BP)</em>&nbsp;|&ThickSpace;<font color="#686868">Dex Colour:</font> Brown&nbsp;|&ThickSpace;<font color="#686868">Egg Group(s):</font> Human-Like&nbsp;|&ThickSpace;<font color="#686868">Pre-Evolution:</font> Tyrogue&nbsp;|&ThickSpace;<font color="#686868">Does Not Evolve</font></font>

|c|☆Daskeros|oh nvm
|c|☆Daskeros|gg
|
|t:|1760379585
|switch|p1a: Excadrill|Excadrill, F|100/100
|turn|15
|
|t:|1760379588
|move|p1a: Excadrill|Earthquake|p2a: Hitmonchan
|-damage|p2a: Hitmonchan|45/100
|move|p2a: Hitmonchan|Drain Punch|p1a: Excadrill
|-supereffective|p1a: Excadrill
|-damage|p1a: Excadrill|0 fnt
|-heal|p2a: Hitmonchan|100/100|[from] drain|[of] p1a: Excadrill
|faint|p1a: Excadrill
|
|win|raxiahsta
|raw|Daskeros's rating: 1070 &rarr; <strong>1050</strong><br />(-20 for losing)
|raw|raxiahsta's rating: 1075 &rarr; <strong>1103</strong><br />(+28 for winning)
|c|☆raxiahsta|gg
|c|☆Daskeros|nice team
|c|☆Daskeros|cya
|c|☆raxiahsta|ty
|l|☆Daskeros
|player|p1|
|l|☆raxiahsta
|player|p2|
