|j|☆NoobishTrainerJoe
|j|☆siroperation
|t:|1760398819
|gametype|singles
|player|p1|NoobishTrainerJoe|266|1442
|player|p2|siroperation|266|1494
|gen|9
|tier|[Gen 9] OU
|rated|
|rule|HP Percentage Mod: HP is shown in percentages
|rule|Endless Battle Clause: Forcing endless battles is banned
|rule|Species Clause: Limit one of each Pokémon
|rule|OHKO Clause: OHKO moves are banned
|rule|Evasion Items Clause: Evasion items are banned
|rule|Evasion Moves Clause: Evasion moves are banned
|rule|Evasion Abilities Clause: Evasion abilities are banned
|rule|Sleep Moves Clause: Sleep-inducing moves are banned
|clearpoke
|poke|p1|Swalot, F|
|poke|p1|Zamazenta-*|
|poke|p1|Weavile, F|
|poke|p1|Clefable, F|
|poke|p1|Ogerpon-Wellspring, F|
|poke|p1|Great Tusk|
|poke|p2|Ribombee, M|
|poke|p2|Glimmora, F|
|poke|p2|Ceruledge, M|
|poke|p2|Great Tusk|
|poke|p2|Dragonite, M|
|poke|p2|Darkrai|
|teampreview
|
|t:|1760398824
|teamsize|p1|6
|teamsize|p2|6
|start
|switch|p1a: Weavile|Weavile, F|100/100
|switch|p2a: Ribombee|Ribombee, M|100/100
|-ability|p1a: Weavile|Pressure
|turn|1
|
|t:|1760398857
|move|p1a: Weavile|Triple Axel|p2a: Ribombee
|-damage|p2a: Ribombee|73/100
|-damage|p2a: Ribombee|17/100
|-damage|p2a: Ribombee|0 fnt
|faint|p2a: Ribombee
|-hitcount|p2: Ribombee|3
|
|upkeep
|
|t:|1760398892
|switch|p2a: Glimmora|Glimmora, F|100/100
|turn|2
|
|t:|1760398898
|move|p1a: Weavile|Triple Axel|p2a: Glimmora|[miss]
|-miss|p1a: Weavile|p2a: Glimmora
|move|p2a: Glimmora|Meteor Beam||[still]
|-prepare|p2a: Glimmora|Meteor Beam
|-boost|p2a: Glimmora|spa|1
|-enditem|p2a: Glimmora|Power Herb
|-anim|p2a: Glimmora|Meteor Beam|p1a: Weavile
|-supereffective|p1a: Weavile
|-damage|p1a: Weavile|0 fnt
|faint|p1a: Weavile
|
|upkeep
|
|t:|1760398909
|switch|p1a: Ogerpon|Ogerpon-Wellspring, F|100/100
|turn|3
|
|t:|1760398920
|move|p1a: Ogerpon|Ivy Cudgel|p2a: Glimmora|[anim] Ivy Cudgel Water
|-supereffective|p2a: Glimmora
|-damage|p2a: Glimmora|0 fnt
|-activate|p2a: Glimmora|ability: Toxic Debris
|-sidestart|p1: NoobishTrainerJoe|move: Toxic Spikes
|faint|p2a: Glimmora
|
|upkeep
|
|t:|1760398934
|switch|p2a: Dragonite|Dragonite, M|100/100
|turn|4
|
|t:|1760398937
|switch|p1a: Swalot|Swalot, F|100/100
|-sideend|p1: NoobishTrainerJoe|move: Toxic Spikes|[of] p1a: Swalot
|move|p2a: Dragonite|Dragon Dance|p2a: Dragonite
|-boost|p2a: Dragonite|atk|1
|-boost|p2a: Dragonite|spe|1
|
|upkeep
|turn|5
|
|t:|1760398945
|move|p2a: Dragonite|Dragon Dance|p2a: Dragonite
|-boost|p2a: Dragonite|atk|1
|-boost|p2a: Dragonite|spe|1
|move|p1a: Swalot|Knock Off|p2a: Dragonite
|-damage|p2a: Dragonite|92/100
|-enditem|p2a: Dragonite|Loaded Dice|[from] move: Knock Off|[of] p1a: Swalot
|
|upkeep
|turn|6
|
|t:|1760398958
|switch|p1a: Clefable|Clefable, F|100/100
|move|p2a: Dragonite|Encore||[still]
|-fail|p2a: Dragonite
|
|upkeep
|turn|7
|
|t:|1760398978
|-terastallize|p2a: Dragonite|Fire
|move|p2a: Dragonite|Fire Punch|p1a: Clefable
|-damage|p1a: Clefable|30/100
|move|p1a: Clefable|Moonblast|p2a: Dragonite
|-resisted|p2a: Dragonite
|-damage|p2a: Dragonite|76/100
|
|-heal|p1a: Clefable|36/100|[from] item: Leftovers
|upkeep
|turn|8
|
|t:|1760398988
|move|p2a: Dragonite|Fire Punch|p1a: Clefable
|-damage|p1a: Clefable|0 fnt
|faint|p1a: Clefable
|
|upkeep
|
|t:|1760398997
|switch|p1a: Great Tusk|Great Tusk|100/100
|-enditem|p1a: Great Tusk|Booster Energy
|-activate|p1a: Great Tusk|ability: Protosynthesis|[fromitem]
|-start|p1a: Great Tusk|protosynthesisspe
|turn|9
|
|t:|1760399009
|move|p2a: Dragonite|Fire Punch|p1a: Great Tusk
|-damage|p1a: Great Tusk|48/100
|move|p1a: Great Tusk|Headlong Rush|p2a: Dragonite
|-supereffective|p2a: Dragonite
|-damage|p2a: Dragonite|0 fnt
|-unboost|p1a: Great Tusk|def|1
|-unboost|p1a: Great Tusk|spd|1
|faint|p2a: Dragonite
|
|upkeep
|
|t:|1760399026
|switch|p2a: Great Tusk|Great Tusk|100/100
|-enditem|p2a: Great Tusk|Booster Energy
|-activate|p2a: Great Tusk|ability: Protosynthesis|[fromitem]
|-start|p2a: Great Tusk|protosynthesisspe
|turn|10
|
|t:|1760399036
|move|p1a: Great Tusk|Headlong Rush|p2a: Great Tusk
|-damage|p2a: Great Tusk|67/100
|-unboost|p1a: Great Tusk|def|1
|-unboost|p1a: Great Tusk|spd|1
|move|p2a: Great Tusk|Bulk Up|p2a: Great Tusk
|-boost|p2a: Great Tusk|atk|1
|-boost|p2a: Great Tusk|def|1
|
|upkeep
|turn|11
|
|t:|1760399040
|move|p1a: Great Tusk|Headlong Rush|p2a: Great Tusk
|-damage|p2a: Great Tusk|43/100
|-unboost|p1a: Great Tusk|def|1
|-unboost|p1a: Great Tusk|spd|1
|move|p2a: Great Tusk|Bulk Up|p2a: Great Tusk
|-boost|p2a: Great Tusk|atk|1
|-boost|p2a: Great Tusk|def|1
|
|upkeep
|turn|12
|
|t:|1760399054
|move|p2a: Great Tusk|Bulk Up|p2a: Great Tusk
|-boost|p2a: Great Tusk|atk|1
|-boost|p2a: Great Tusk|def|1
|move|p1a: Great Tusk|Headlong Rush|p2a: Great Tusk
|-damage|p2a: Great Tusk|29/100
|-unboost|p1a: Great Tusk|def|1
|-unboost|p1a: Great Tusk|spd|1
|
|upkeep
|turn|13
|
|t:|1760399060
|move|p2a: Great Tusk|Ice Spinner|p1a: Great Tusk
|-supereffective|p1a: Great Tusk
|-damage|p1a: Great Tusk|0 fnt
|faint|p1a: Great Tusk
|-end|p1a: Great Tusk|Protosynthesis|[silent]
|
|upkeep
|
|t:|1760399072
|switch|p1a: Ogerpon|Ogerpon-Wellspring, F|100/100
|turn|14
|
|t:|1760399077
|move|p2a: Great Tusk|Ice Spinner|p1a: Ogerpon
|-damage|p1a: Ogerpon|19/100
|move|p1a: Ogerpon|Ivy Cudgel|p2a: Great Tusk|[anim] Ivy Cudgel Water
|-supereffective|p2a: Great Tusk
|-damage|p2a: Great Tusk|0 fnt
|faint|p2a: Great Tusk
|-end|p2a: Great Tusk|Protosynthesis|[silent]
|
|upkeep
|
|t:|1760399082
|switch|p2a: Ceruledge|Ceruledge, M|100/100
|turn|15
|
|t:|1760399085
|move|p1a: Ogerpon|Ivy Cudgel|p2a: Ceruledge|[anim] Ivy Cudgel Water
|-supereffective|p2a: Ceruledge
|-enditem|p2a: Ceruledge|Focus Sash
|-damage|p2a: Ceruledge|1/100
|-ability|p2a: Ceruledge|Weak Armor|boost
|-unboost|p2a: Ceruledge|def|1
|-boost|p2a: Ceruledge|spe|2
|move|p2a: Ceruledge|Swords Dance|p2a: Ceruledge
|-boost|p2a: Ceruledge|atk|2
|
|upkeep
|turn|16
|
|t:|1760399100
|move|p2a: Ceruledge|Poltergeist|p1a: Ogerpon
|-activate|p1a: Ogerpon|move: Poltergeist|Wellspring Mask
|-damage|p1a: Ogerpon|0 fnt
|faint|p1a: Ogerpon
|
|upkeep
|
|t:|1760399103
|switch|p1a: Zamazenta|Zamazenta|100/100
|-ability|p1a: Zamazenta|Dauntless Shield|boost
|-boost|p1a: Zamazenta|def|1
|turn|17
|
|t:|1760399111
|move|p2a: Ceruledge|Bitter Blade|p1a: Zamazenta
|-damage|p1a: Zamazenta|41/100
|-heal|p2a: Ceruledge|34/100|[from] drain|[of] p1a: Zamazenta
|move|p1a: Zamazenta|Crunch|p2a: Ceruledge
|-supereffective|p2a: Ceruledge
|-damage|p2a: Ceruledge|0 fnt
|faint|p2a: Ceruledge
|-damage|p1a: Zamazenta|32/100|[from] item: Life Orb
|
|upkeep
|
|t:|1760399114
|switch|p2a: Darkrai|Darkrai|100/100
|turn|18
|
|t:|1760399117
|switch|p1a: Swalot|Swalot, F|100/100
|move|p2a: Darkrai|Psyshock|p1a: Swalot
|-supereffective|p1a: Swalot
|-damage|p1a: Swalot|45/100
|
|upkeep
|turn|19
|
|t:|1760399142
|-terastallize|p1a: Swalot|Ghost
|move|p2a: Darkrai|Psyshock|p1a: Swalot
|-damage|p1a: Swalot|15/100
|move|p1a: Swalot|Sludge Bomb|p2a: Darkrai
|-damage|p2a: Darkrai|68/100
|
|-heal|p2a: Darkrai|74/100|[from] item: Leftovers
|upkeep
|turn|20
|-enditem|p1a: Swalot|Custap Berry|[eat]
|-activate|p1a: Swalot|item: Custap Berry|[consumed]
|
|t:|1760399148
|move|p1a: Swalot|Destiny Bond|p1a: Swalot
|-singlemove|p1a: Swalot|Destiny Bond
|move|p2a: Darkrai|Dark Pulse|p1a: Swalot
|-supereffective|p1a: Swalot
|-damage|p1a: Swalot|0 fnt
|faint|p1a: Swalot
|-activate|p1a: Swalot|move: Destiny Bond
|faint|p2a: Darkrai
|
|win|NoobishTrainerJoe
|raw|NoobishTrainerJoe's rating: 1442 &rarr; <strong>1465</strong><br />(+23 for winning)
|raw|siroperation's rating: 1494 &rarr; <strong>1471</strong><br />(-23 for losing)
|l|☆siroperation
|player|p2|
