|j|☆MrKickflip
|j|☆Lenghong
|t:|1760323608
|gametype|singles
|player|p1|MrKickflip|skier|1560
|player|p2|Lenghong|hilda|1481
|gen|9
|tier|[Gen 9] OU
|rated|
|rule|HP Percentage Mod: HP is shown in percentages
|rule|Endless Battle Clause: Forcing endless battles is banned
|rule|Species Clause: Limit one of each Pokémon
|rule|OHKO Clause: OHKO moves are banned
|rule|Evasion Items Clause: Evasion items are banned
|rule|Evasion Moves Clause: Evasion moves are banned
|rule|Evasion Abilities Clause: Evasion abilities are banned
|rule|Sleep Moves Clause: Sleep-inducing moves are banned
|clearpoke
|poke|p1|Latios, M|
|poke|p1|Iron Moth|
|poke|p1|Iron Treads|
|poke|p1|Rillaboom, F|
|poke|p1|Keldeo-Resolute|
|poke|p1|Meowscarada, F|
|poke|p2|Emboar, M|
|poke|p2|Clefable, M|
|poke|p2|Excadrill, F|
|poke|p2|Hawlucha, M|
|poke|p2|Chesnaught, M|
|poke|p2|Feraligatr, M|
|teampreview
|
|t:|1760323623
|teamsize|p1|6
|teamsize|p2|6
|start
|switch|p1a: Bright Light|Iron Moth|100/100
|switch|p2a: Chesnaught|Chesnaught, M|100/100
|turn|1
|
|t:|1760323634
|switch|p2a: Feraligatr|Feraligatr, M|100/100
|move|p1a: Bright Light|Overheat|p2a: Feraligatr
|-resisted|p2a: Feraligatr
|-damage|p2a: Feraligatr|38/100
|-unboost|p1a: Bright Light|spa|2
|
|upkeep
|turn|2
|
|t:|1760323646
|-end|p1a: Bright Light|Quark Drive|[silent]
|switch|p1a: Growrilla|Rillaboom, F|100/100
|-fieldstart|move: Grassy Terrain|[from] ability: Grassy Surge|[of] p1a: Growrilla
|switch|p2a: Excadrill|Excadrill, F|100/100
|-ability|p2a: Excadrill|Mold Breaker
|
|upkeep
|turn|3
|
|t:|1760323654
|switch|p2a: Chesnaught|Chesnaught, M|100/100
|move|p1a: Growrilla|Wood Hammer|p2a: Chesnaught
|-resisted|p2a: Chesnaught
|-damage|p2a: Chesnaught|64/100
|-damage|p1a: Growrilla|87/100|[from] Recoil
|
|-heal|p1a: Growrilla|93/100|[from] Grassy Terrain
|-heal|p2a: Chesnaught|70/100|[from] Grassy Terrain
|-heal|p2a: Chesnaught|76/100|[from] item: Leftovers
|upkeep
|turn|4
|
|t:|1760323660
|switch|p1a: Bright Light|Iron Moth|100/100
|move|p2a: Chesnaught|Leech Seed|p1a: Bright Light|[miss]
|-miss|p2a: Chesnaught|p1a: Bright Light
|
|-heal|p2a: Chesnaught|82/100|[from] Grassy Terrain
|-heal|p2a: Chesnaught|88/100|[from] item: Leftovers
|upkeep
|turn|5
|
|t:|1760323667
|switch|p2a: Emboar|Emboar, M, shiny|100/100
|move|p1a: Bright Light|Fiery Dance|p2a: Emboar
|-resisted|p2a: Emboar
|-damage|p2a: Emboar|53/100
|-boost|p1a: Bright Light|spa|1
|
|-heal|p2a: Emboar|59/100|[from] Grassy Terrain
|upkeep
|turn|6
|
|t:|1760323671
|move|p1a: Bright Light|Fiery Dance|p2a: Emboar
|-resisted|p2a: Emboar
|-damage|p2a: Emboar|0 fnt
|-boost|p1a: Bright Light|spa|1
|faint|p2a: Emboar
|
|-fieldend|move: Grassy Terrain
|upkeep
|-message|Lenghong forfeited.
|
|win|MrKickflip
|raw|MrKickflip's rating: 1560 &rarr; <strong>1576</strong><br />(+16 for winning)
|raw|Lenghong's rating: 1481 &rarr; <strong>1465</strong><br />(-16 for losing)
|l|☆Lenghong
|player|p2|
|l|☆MrKickflip
|player|p1|
