|j|☆yanyee
|j|☆Raclette73
|t:|1760432256
|gametype|singles
|player|p1|yanyee|janine|1296
|player|p2|Raclette73|rocketgruntf|1263
|gen|9
|tier|[Gen 9] OU
|rated|
|rule|HP Percentage Mod: HP is shown in percentages
|rule|Endless Battle Clause: Forcing endless battles is banned
|rule|Species Clause: Limit one of each Pokémon
|rule|OHKO Clause: OHKO moves are banned
|rule|Evasion Items Clause: Evasion items are banned
|rule|Evasion Moves Clause: Evasion moves are banned
|rule|Evasion Abilities Clause: Evasion abilities are banned
|rule|Sleep Moves Clause: Sleep-inducing moves are banned
|clearpoke
|poke|p1|Quagsire, M|
|poke|p1|Corviknight, M|
|poke|p1|Clodsire, F|
|poke|p1|Slowking, M|
|poke|p1|Greninja-*, F|
|poke|p1|Blaziken, M|
|poke|p2|Tyranitar, M|
|poke|p2|Excadrill, M|
|poke|p2|Keldeo-Resolute|
|poke|p2|Tornadus-Therian, M|
|poke|p2|Heatran, F|
|poke|p2|Hydrapple, M|
|teampreview
|inactive|Battle timer is ON: inactive players will automatically lose when time's up. (requested by Raclette73)
|
|t:|1760432288
|teamsize|p1|6
|teamsize|p2|6
|start
|switch|p1a: Blaziken|Blaziken, M|100/100
|switch|p2a: Heatran|Heatran, F|100/100
|turn|1
|
|t:|1760432300
|move|p1a: Blaziken|Close Combat|p2a: Heatran
|-supereffective|p2a: Heatran
|-damage|p2a: Heatran|0 fnt
|-unboost|p1a: Blaziken|def|1
|-unboost|p1a: Blaziken|spd|1
|faint|p2a: Heatran
|-damage|p1a: Blaziken|91/100|[from] item: Life Orb
|
|-ability|p1a: Blaziken|Speed Boost|boost
|-boost|p1a: Blaziken|spe|1
|upkeep
|
|t:|1760432305
|switch|p2a: Tornadus|Tornadus-Therian, M|100/100
|turn|2
|
|t:|1760432314
|move|p1a: Blaziken|Protect|p1a: Blaziken
|-singleturn|p1a: Blaziken|Protect
|move|p2a: Tornadus|Bleakwind Storm|p1a: Blaziken
|-activate|p1a: Blaziken|move: Protect
|
|-ability|p1a: Blaziken|Speed Boost|boost
|-boost|p1a: Blaziken|spe|1
|upkeep
|turn|3
|
|t:|1760432322
|switch|p1a: Slowking|Slowking, M|100/100
|move|p2a: Tornadus|Bleakwind Storm|p1a: Slowking
|-damage|p1a: Slowking|79/100
|
|upkeep
|turn|4
|
|t:|1760432330
|move|p2a: Tornadus|Taunt|p1a: Slowking
|-start|p1a: Slowking|move: Taunt
|-prepare|p1a: Slowking|Chilly Reception|[premajor]
|cant|p1a: Slowking|move: Taunt|Chilly Reception
|
|upkeep
|turn|5
|
|t:|1760432337
|move|p2a: Tornadus|U-turn|p1a: Slowking
|-supereffective|p1a: Slowking
|-damage|p1a: Slowking|50/100
|
|t:|1760432344
|switch|p2a: Tyranitar|Tyranitar, M|100/100|[from] U-turn
|-weather|Sandstorm|[from] ability: Sand Stream|[of] p2a: Tyranitar
|move|p1a: Slowking|Future Sight|p2a: Tyranitar
|-start|p1a: Slowking|move: Future Sight
|
|-weather|Sandstorm|[upkeep]
|-damage|p1a: Slowking|44/100|[from] Sandstorm
|upkeep
|turn|6
|
|t:|1760432352
|switch|p1a: Quagsire|Quagsire, M|100/100
|move|p2a: Tyranitar|Knock Off|p1a: Quagsire
|-damage|p1a: Quagsire|39/100
|-enditem|p1a: Quagsire|Zoom Lens|[from] move: Knock Off|[of] p2a: Tyranitar
|
|-weather|Sandstorm|[upkeep]
|upkeep
|turn|7
|
|t:|1760432360
|switch|p2a: Tornadus|Tornadus-Therian, M|100/100
|move|p1a: Quagsire|Recover|p1a: Quagsire
|-heal|p1a: Quagsire|89/100
|
|-weather|Sandstorm|[upkeep]
|-damage|p2a: Tornadus|94/100|[from] Sandstorm
|-end|p2a: Tornadus|move: Future Sight
|-damage|p2a: Tornadus|49/100
|upkeep
|turn|8
|
|t:|1760432371
|switch|p1a: Corviknight|Corviknight, M|100/100
|move|p2a: Tornadus|U-turn|p1a: Corviknight
|-resisted|p1a: Corviknight
|-damage|p1a: Corviknight|98/100
|-damage|p2a: Tornadus|32/100|[from] item: Rocky Helmet|[of] p1a: Corviknight
|
|t:|1760432374
|switch|p2a: Keldeo|Keldeo-Resolute|100/100|[from] U-turn
|
|-weather|Sandstorm|[upkeep]
|-damage|p2a: Keldeo|94/100|[from] Sandstorm
|upkeep
|turn|9
|
|t:|1760432380
|switch|p1a: Slowking|Slowking, M|77/100
|move|p2a: Keldeo|Surf|p1a: Slowking
|-resisted|p1a: Slowking
|-damage|p1a: Slowking|57/100
|
|-weather|none
|upkeep
|turn|10
|
|t:|1760432385
|switch|p2a: Tyranitar|Tyranitar, M|100/100
|-weather|Sandstorm|[from] ability: Sand Stream|[of] p2a: Tyranitar
|-prepare|p1a: Slowking|Chilly Reception|[premajor]
|move|p1a: Slowking|Chilly Reception|p1a: Slowking
|-weather|Snowscape
|
|t:|1760432390
|switch|p1a: Blaziken|Blaziken, M|91/100|[from] Chilly Reception
|
|-weather|Snowscape|[upkeep]
|upkeep
|turn|11
|
|t:|1760432394
|switch|p2a: Hydrapple|Hydrapple, M|100/100
|move|p1a: Blaziken|Close Combat|p2a: Hydrapple
|-damage|p2a: Hydrapple|54/100
|-unboost|p1a: Blaziken|def|1
|-unboost|p1a: Blaziken|spd|1
|-damage|p1a: Blaziken|74/100|[from] item: Rocky Helmet|[of] p2a: Hydrapple
|-damage|p1a: Blaziken|64/100|[from] item: Life Orb
|
|-weather|Snowscape|[upkeep]
|-ability|p1a: Blaziken|Speed Boost|boost
|-boost|p1a: Blaziken|spe|1
|upkeep
|turn|12
|
|t:|1760432408
|move|p1a: Blaziken|U-turn|p2a: Hydrapple
|-supereffective|p2a: Hydrapple
|-damage|p2a: Hydrapple|21/100
|-damage|p1a: Blaziken|47/100|[from] item: Rocky Helmet|[of] p2a: Hydrapple
|-damage|p1a: Blaziken|37/100|[from] item: Life Orb
|
|t:|1760432414
|switch|p1a: Clodsire|Clodsire, F|100/100|[from] U-turn
|move|p2a: Hydrapple|Earth Power|p1a: Clodsire
|-supereffective|p1a: Clodsire
|-damage|p1a: Clodsire|74/100
|
|-weather|Snowscape|[upkeep]
|upkeep
|turn|13
|
|t:|1760432426
|switch|p2a: Tornadus|Tornadus-Therian, M|65/100
|switch|p1a: Corviknight|Corviknight, M|98/100
|
|-weather|Snowscape|[upkeep]
|upkeep
|turn|14
|
|t:|1760432431
|move|p2a: Tornadus|Heat Wave|p1a: Corviknight
|-supereffective|p1a: Corviknight
|-damage|p1a: Corviknight|49/100
|-status|p1a: Corviknight|brn
|move|p1a: Corviknight|U-turn|p2a: Tornadus
|-resisted|p2a: Tornadus
|-damage|p2a: Tornadus|62/100
|
|t:|1760432436
|switch|p1a: Greninja|Greninja, F|100/100|[from] U-turn
|
|-weather|none
|upkeep
|turn|15
|
|t:|1760432448
|-terastallize|p2a: Tornadus|Steel
|move|p1a: Greninja|U-turn|p2a: Tornadus
|-start|p1a: Greninja|typechange|Bug|[from] ability: Protean
|-resisted|p2a: Tornadus
|-damage|p2a: Tornadus|50/100
|
|t:|1760432452
|switch|p1a: Slowking|Slowking, M|91/100|[from] U-turn
|move|p2a: Tornadus|U-turn|p1a: Slowking
|-supereffective|p1a: Slowking
|-damage|p1a: Slowking|63/100
|
|t:|1760432462
|switch|p2a: Tyranitar|Tyranitar, M|100/100|[from] U-turn
|-weather|Sandstorm|[from] ability: Sand Stream|[of] p2a: Tyranitar
|
|-weather|Sandstorm|[upkeep]
|-damage|p1a: Slowking|57/100|[from] Sandstorm
|upkeep
|turn|16
|
|t:|1760432468
|switch|p1a: Quagsire|Quagsire, M|89/100
|move|p2a: Tyranitar|Knock Off|p1a: Quagsire
|-damage|p1a: Quagsire|46/100
|
|-weather|Sandstorm|[upkeep]
|upkeep
|turn|17
|
|t:|1760432474
|move|p2a: Tyranitar|Knock Off|p1a: Quagsire
|-damage|p1a: Quagsire|7/100
|move|p1a: Quagsire|Recover|p1a: Quagsire
|-heal|p1a: Quagsire|57/100
|
|-weather|Sandstorm|[upkeep]
|upkeep
|turn|18
|
|t:|1760432479
|move|p2a: Tyranitar|Knock Off|p1a: Quagsire
|-damage|p1a: Quagsire|19/100
|move|p1a: Quagsire|Recover|p1a: Quagsire
|-heal|p1a: Quagsire|69/100
|
|-weather|Sandstorm|[upkeep]
|upkeep
|turn|19
|
|t:|1760432483
|move|p2a: Tyranitar|Knock Off|p1a: Quagsire
|-damage|p1a: Quagsire|27/100
|move|p1a: Quagsire|Recover|p1a: Quagsire
|-heal|p1a: Quagsire|77/100
|
|-weather|none
|upkeep
|turn|20
|
|t:|1760432489
|move|p2a: Tyranitar|Knock Off|p1a: Quagsire
|-damage|p1a: Quagsire|37/100
|move|p1a: Quagsire|Toxic|p2a: Tyranitar
|-status|p2a: Tyranitar|tox
|
|-damage|p2a: Tyranitar|94/100 tox|[from] psn
|upkeep
|turn|21
|
|t:|1760432493
|switch|p1a: Corviknight|Corviknight, M|49/100 brn
|move|p2a: Tyranitar|Knock Off|p1a: Corviknight
|-damage|p1a: Corviknight|1/100 brn
|-damage|p2a: Tyranitar|78/100 tox|[from] item: Rocky Helmet|[of] p1a: Corviknight
|-enditem|p1a: Corviknight|Rocky Helmet|[from] move: Knock Off|[of] p2a: Tyranitar
|
|-damage|p2a: Tyranitar|66/100 tox|[from] psn
|-damage|p1a: Corviknight|0 fnt|[from] brn
|faint|p1a: Corviknight
|upkeep
|
|t:|1760432497
|switch|p1a: Blaziken|Blaziken, M|37/100
|turn|22
|
|t:|1760432502
|switch|p2a: Tornadus|Tornadus-Therian, M, tera:Steel|84/100
|move|p1a: Blaziken|Close Combat|p2a: Tornadus
|-supereffective|p2a: Tornadus
|-damage|p2a: Tornadus|0 fnt
|-unboost|p1a: Blaziken|def|1
|-unboost|p1a: Blaziken|spd|1
|faint|p2a: Tornadus
|-damage|p1a: Blaziken|27/100|[from] item: Life Orb
|
|-ability|p1a: Blaziken|Speed Boost|boost
|-boost|p1a: Blaziken|spe|1
|upkeep
|
|t:|1760432514
|switch|p2a: Hydrapple|Hydrapple, M|54/100
|turn|23
|
|t:|1760432527
|move|p1a: Blaziken|U-turn|p2a: Hydrapple
|-supereffective|p2a: Hydrapple
|-damage|p2a: Hydrapple|22/100
|-damage|p1a: Blaziken|11/100|[from] item: Rocky Helmet|[of] p2a: Hydrapple
|-damage|p1a: Blaziken|1/100|[from] item: Life Orb
|
|t:|1760432532
|switch|p1a: Clodsire|Clodsire, F|74/100|[from] U-turn
|move|p2a: Hydrapple|Fickle Beam|p1a: Clodsire
|-damage|p1a: Clodsire|56/100
|
|upkeep
|turn|24
|
|t:|1760432541
|switch|p2a: Excadrill|Excadrill, M|100/100
|-item|p2a: Excadrill|Air Balloon
|move|p1a: Clodsire|Recover|p1a: Clodsire
|-heal|p1a: Clodsire|100/100
|
|upkeep
|turn|25
|
|t:|1760432550
|switch|p1a: Quagsire|Quagsire, M|37/100
|move|p2a: Excadrill|Swords Dance|p2a: Excadrill
|-boost|p2a: Excadrill|atk|2
|
|upkeep
|turn|26
|
|t:|1760432555
|move|p2a: Excadrill|Rapid Spin|p1a: Quagsire
|-damage|p1a: Quagsire|24/100
|-boost|p2a: Excadrill|spe|1
|move|p1a: Quagsire|Recover|p1a: Quagsire
|-heal|p1a: Quagsire|74/100
|
|upkeep
|turn|27
|
|t:|1760432564
|move|p2a: Excadrill|Earthquake|p1a: Quagsire
|-damage|p1a: Quagsire|30/100
|move|p1a: Quagsire|Whirlpool|p2a: Excadrill
|-supereffective|p2a: Excadrill
|-damage|p2a: Excadrill|79/100
|-activate|p2a: Excadrill|move: Whirlpool|[of] p1a: Quagsire
|-enditem|p2a: Excadrill|Air Balloon
|
|-damage|p2a: Excadrill|66/100|[from] move: Whirlpool|[partiallytrapped]
|upkeep
|turn|28
|-message|yanyee forfeited.
|
|win|Raclette73
|raw|yanyee's rating: 1296 &rarr; <strong>1269</strong><br />(-27 for losing)
|raw|Raclette73's rating: 1263 &rarr; <strong>1290</strong><br />(+27 for winning)
|l|☆yanyee
|player|p1|
|l|☆Raclette73
|player|p2|
