|j|☆suprya
|j|☆omari p
|t:|1760410520
|gametype|singles
|player|p1|suprya|preschooler|1775
|player|p2|omari p|pokemonrangerf|1783
|gen|9
|tier|[Gen 9] OU
|rated|
|rule|HP Percentage Mod: HP is shown in percentages
|rule|Endless Battle Clause: Forcing endless battles is banned
|rule|Species Clause: Limit one of each Pokémon
|rule|OHKO Clause: OHKO moves are banned
|rule|Evasion Items Clause: Evasion items are banned
|rule|Evasion Moves Clause: Evasion moves are banned
|rule|Evasion Abilities Clause: Evasion abilities are banned
|rule|Sleep Moves Clause: Sleep-inducing moves are banned
|clearpoke
|poke|p1|Duraludon, F|
|poke|p1|Great Tusk|
|poke|p1|Ogerpon-Wellspring, F|
|poke|p1|Dragapult, M|
|poke|p1|Moltres|
|poke|p1|Slowking-Galar, M|
|poke|p2|Cinderace, F|
|poke|p2|Volcanion|
|poke|p2|Torkoal, M|
|poke|p2|Mandibuzz, F|
|poke|p2|Great Tusk|
|poke|p2|Fezandipiti, M|
|teampreview
|inactive|Battle timer is ON: inactive players will automatically lose when time's up. (requested by suprya)
|
|t:|1760410534
|teamsize|p1|6
|teamsize|p2|6
|start
|switch|p1a: Bonktres|Moltres|100/100
|switch|p2a: Torkoal|Torkoal, M, shiny|100/100
|-weather|SunnyDay|[from] ability: Drought|[of] p2a: Torkoal
|turn|1
|
|t:|1760410539
|move|p1a: Bonktres|Scorching Sands|p2a: Torkoal
|-supereffective|p2a: Torkoal
|-damage|p2a: Torkoal|36/100
|move|p2a: Torkoal|Stealth Rock|p1a: Bonktres
|-sidestart|p1: suprya|move: Stealth Rock
|
|-weather|SunnyDay|[upkeep]
|upkeep
|turn|2
|
|t:|1760410549
|switch|p2a: Great Tusk|Great Tusk, shiny|100/100
|-activate|p2a: Great Tusk|ability: Protosynthesis
|-start|p2a: Great Tusk|protosynthesisatk
|move|p1a: Bonktres|Scorching Sands|p2a: Great Tusk
|-damage|p2a: Great Tusk|64/100
|
|-weather|SunnyDay|[upkeep]
|upkeep
|turn|3
|
|t:|1760410562
|switch|p1a: Great Bonk|Great Tusk|100/100
|-damage|p1a: Great Bonk|98/100|[from] Stealth Rock
|-activate|p1a: Great Bonk|ability: Protosynthesis
|-start|p1a: Great Bonk|protosynthesisspe
|move|p2a: Great Tusk|Knock Off|p1a: Great Bonk
|-resisted|p1a: Great Bonk
|-damage|p1a: Great Bonk|83/100
|-damage|p2a: Great Tusk|48/100|[from] item: Rocky Helmet|[of] p1a: Great Bonk
|-enditem|p1a: Great Bonk|Rocky Helmet|[from] move: Knock Off|[of] p2a: Great Tusk
|
|-weather|SunnyDay|[upkeep]
|upkeep
|turn|4
|
|t:|1760410573
|-end|p2a: Great Tusk|Protosynthesis|[silent]
|switch|p2a: Mandibuzz|Mandibuzz, F, shiny|100/100
|move|p1a: Great Bonk|Rapid Spin|p2a: Mandibuzz
|-damage|p2a: Mandibuzz|92/100
|-boost|p1a: Great Bonk|spe|1
|-damage|p1a: Great Bonk|66/100|[from] item: Rocky Helmet|[of] p2a: Mandibuzz
|-sideend|p1: suprya|Stealth Rock|[from] move: Rapid Spin|[of] p1a: Great Bonk
|
|-weather|SunnyDay|[upkeep]
|upkeep
|turn|5
|
|t:|1760410601
|-end|p1a: Great Bonk|Protosynthesis|[silent]
|switch|p1a: Durbonkadon|Duraludon, F|100/100
|move|p2a: Mandibuzz|Toxic|p1a: Durbonkadon|[miss]
|-miss|p2a: Mandibuzz|p1a: Durbonkadon
|
|-weather|SunnyDay|[upkeep]
|upkeep
|turn|6
|
|t:|1760410606
|switch|p2a: Volcanion|Volcanion|100/100
|move|p1a: Durbonkadon|Stealth Rock|p2a: Volcanion
|-sidestart|p2: omari p|move: Stealth Rock
|
|-weather|SunnyDay|[upkeep]
|upkeep
|turn|7
|
|t:|1760410611
|switch|p1a: Bonking-Gabonk|Slowking-Galar, M|100/100
|move|p2a: Volcanion|Fire Blast|p1a: Bonking-Gabonk
|-damage|p1a: Bonking-Gabonk|13/100
|
|-weather|SunnyDay|[upkeep]
|upkeep
|turn|8
|c|☆omari p|i thought that for sure would steel blast
|c|☆omari p|that woudlve been fire
|
|t:|1760410627
|switch|p1a: Bonkapult|Dragapult, M|100/100
|move|p2a: Volcanion|Fire Blast|p1a: Bonkapult
|-resisted|p1a: Bonkapult
|-damage|p1a: Bonkapult|7/100
|
|-weather|none
|upkeep
|turn|9
|
|t:|1760410632
|switch|p2a: Torkoal|Torkoal, M, shiny|36/100
|-damage|p2a: Torkoal|11/100|[from] Stealth Rock
|-weather|SunnyDay|[from] ability: Drought|[of] p2a: Torkoal
|move|p1a: Bonkapult|Shadow Ball|p2a: Torkoal
|-damage|p2a: Torkoal|0 fnt
|faint|p2a: Torkoal
|
|-weather|SunnyDay|[upkeep]
|upkeep
|
|t:|1760410634
|switch|p2a: Cinderace|Cinderace, F|100/100
|-damage|p2a: Cinderace|76/100|[from] Stealth Rock
|turn|10
|
|t:|1760410641
|switch|p1a: Bonktres|Moltres|100/100
|move|p2a: Cinderace|Pyro Ball|p1a: Bonktres
|-resisted|p1a: Bonktres
|-crit|p1a: Bonktres
|-damage|p1a: Bonktres|14/100
|
|-weather|SunnyDay|[upkeep]
|upkeep
|turn|11
|j| Dor.Zf
|
|t:|1760410671
|switch|p1a: Bonking-Gabonk|Slowking-Galar, M|47/100
|move|p2a: Cinderace|Pyro Ball|p1a: Bonking-Gabonk
|-damage|p1a: Bonking-Gabonk|0 fnt
|faint|p1a: Bonking-Gabonk
|
|-weather|SunnyDay|[upkeep]
|upkeep
|
|t:|1760410673
|switch|p1a: Durbonkadon|Duraludon, F|100/100
|turn|12
|
|t:|1760410680
|move|p2a: Cinderace|High Jump Kick|p1a: Durbonkadon
|-start|p2a: Cinderace|typechange|Fighting|[from] ability: Libero
|-supereffective|p1a: Durbonkadon
|-damage|p1a: Durbonkadon|43/100
|move|p1a: Durbonkadon|Thunder Wave|p2a: Cinderace|[miss]
|-miss|p1a: Durbonkadon|p2a: Cinderace
|
|-weather|SunnyDay|[upkeep]
|upkeep
|turn|13
|l| Dor.Zf
|
|t:|1760410689
|switch|p1a: Bonktres|Moltres|14/100
|move|p2a: Cinderace|Court Change|p2a: Cinderace
|-swapsideconditions
|-activate|p2a: Cinderace|move: Court Change
|
|-weather|SunnyDay|[upkeep]
|upkeep
|turn|14
|j| Ctannn
|
|t:|1760410695
|switch|p1a: Bonkapult|Dragapult, M|7/100
|-damage|p1a: Bonkapult|0 fnt|[from] Stealth Rock
|faint|p1a: Bonkapult
|move|p2a: Cinderace|Pyro Ball|p1: Bonkapult|[notarget]
|-fail|p2a: Cinderace
|
|-weather|SunnyDay|[upkeep]
|upkeep
|
|t:|1760410698
|switch|p1a: Great Bonk|Great Tusk|66/100
|-damage|p1a: Great Bonk|63/100|[from] Stealth Rock
|-activate|p1a: Great Bonk|ability: Protosynthesis
|-start|p1a: Great Bonk|protosynthesisspe
|turn|15
|
|t:|1760410708
|move|p1a: Great Bonk|Rapid Spin|p2a: Cinderace
|-damage|p2a: Cinderace|56/100
|-boost|p1a: Great Bonk|spe|1
|-sideend|p1: suprya|Stealth Rock|[from] move: Rapid Spin|[of] p1a: Great Bonk
|move|p2a: Cinderace|High Jump Kick|p1a: Great Bonk
|-damage|p1a: Great Bonk|20/100
|
|-weather|SunnyDay|[upkeep]
|upkeep
|turn|16
|
|t:|1760410724
|switch|p2a: Mandibuzz|Mandibuzz, F, shiny|92/100
|move|p1a: Great Bonk|Bulk Up|p1a: Great Bonk
|-boost|p1a: Great Bonk|atk|1
|-boost|p1a: Great Bonk|def|1
|
|-weather|none
|-end|p1a: Great Bonk|Protosynthesis
|upkeep
|turn|17
|inactive|omari p has 120 seconds left.
|
|t:|1760410763
|move|p1a: Great Bonk|Close Combat|p2a: Mandibuzz
|-damage|p2a: Mandibuzz|48/100
|-unboost|p1a: Great Bonk|def|1
|-unboost|p1a: Great Bonk|spd|1
|-damage|p1a: Great Bonk|3/100|[from] item: Rocky Helmet|[of] p2a: Mandibuzz
|move|p2a: Mandibuzz|Toxic|p1a: Great Bonk
|-status|p1a: Great Bonk|tox
|
|-damage|p1a: Great Bonk|0 fnt|[from] psn
|faint|p1a: Great Bonk
|-end|p1a: Great Bonk|Protosynthesis|[silent]
|upkeep
|
|t:|1760410770
|switch|p1a: Bonktres|Moltres|14/100
|turn|18
|
|t:|1760410773
|switch|p2a: Volcanion|Volcanion|100/100
|move|p1a: Bonktres|Roost|p1a: Bonktres
|-heal|p1a: Bonktres|64/100
|-singleturn|p1a: Bonktres|move: Roost
|
|upkeep
|turn|19
|
|t:|1760410784
|move|p1a: Bonktres|Scorching Sands|p2a: Volcanion
|-supereffective|p2a: Volcanion
|-damage|p2a: Volcanion|39/100
|move|p2a: Volcanion|Fire Blast|p1a: Bonktres
|-resisted|p1a: Bonktres
|-damage|p1a: Bonktres|17/100
|
|upkeep
|turn|20
|l| Ctannn
|
|t:|1760410798
|move|p1a: Bonktres|Scorching Sands|p2a: Volcanion
|-supereffective|p2a: Volcanion
|-damage|p2a: Volcanion|0 fnt
|faint|p2a: Volcanion
|
|upkeep
|
|t:|1760410800
|switch|p2a: Cinderace|Cinderace, F|56/100
|turn|21
|
|t:|1760410809
|switch|p1a: Durbonkadon|Duraludon, F|43/100
|move|p2a: Cinderace|Pyro Ball|p1a: Durbonkadon
|-damage|p1a: Durbonkadon|10/100
|
|upkeep
|turn|22
|
|t:|1760410817
|move|p2a: Cinderace|Pyro Ball|p1a: Durbonkadon
|-damage|p1a: Durbonkadon|0 fnt
|faint|p1a: Durbonkadon
|
|upkeep
|
|t:|1760410818
|switch|p1a: Ogerpon-Bonkspring|Ogerpon-Wellspring, F|100/100
|turn|23
|c|☆omari p|this duraladon
|c|☆omari p|is really good
|
|t:|1760410824
|-terastallize|p1a: Ogerpon-Bonkspring|Water
|detailschange|p1a: Ogerpon-Bonkspring|Ogerpon-Wellspring-Tera, F, tera:Water
|-ability|p1a: Ogerpon-Bonkspring|Embody Aspect (Wellspring)|boost
|-boost|p1a: Ogerpon-Bonkspring|spd|1
|move|p2a: Cinderace|Sucker Punch|p1a: Ogerpon-Bonkspring
|-start|p2a: Cinderace|typechange|Dark|[from] ability: Libero
|-damage|p1a: Ogerpon-Bonkspring|54/100
|move|p1a: Ogerpon-Bonkspring|Ivy Cudgel|p2a: Cinderace|[anim] Ivy Cudgel Water
|-damage|p2a: Cinderace|0 fnt
|faint|p2a: Cinderace
|
|upkeep
|
|t:|1760410830
|switch|p2a: Great Tusk|Great Tusk, shiny|48/100
|turn|24
|inactive|suprya has 120 seconds left.
|
|t:|1760410865
|move|p2a: Great Tusk|Close Combat|p1a: Ogerpon-Bonkspring
|-damage|p1a: Ogerpon-Bonkspring|0 fnt
|-unboost|p2a: Great Tusk|def|1
|-unboost|p2a: Great Tusk|spd|1
|faint|p1a: Ogerpon-Bonkspring
|detailschange|p1: Ogerpon-Bonkspring|Ogerpon-Wellspring, F|[silent]
|
|upkeep
|
|t:|1760410868
|switch|p1a: Bonktres|Moltres|17/100
|turn|25
|
|t:|1760410872
|move|p2a: Great Tusk|Close Combat|p1a: Bonktres
|-resisted|p1a: Bonktres
|-damage|p1a: Bonktres|0 fnt
|-unboost|p2a: Great Tusk|def|1
|-unboost|p2a: Great Tusk|spd|1
|-status|p2a: Great Tusk|brn|[from] ability: Flame Body|[of] p1a: Bonktres
|faint|p1a: Bonktres
|
|win|omari p
|raw|suprya's rating: 1775 &rarr; <strong>1755</strong><br />(-20 for losing)
|raw|omari p's rating: 1783 &rarr; <strong>1803</strong><br />(+20 for winning)
|l|☆suprya
|player|p1|
