|j|☆Shubway
|j|☆Pikka888
|t:|1760352694
|gametype|singles
|player|p1|Shubway|266|1382
|player|p2|Pikka888|169|1324
|gen|9
|tier|[Gen 9] OU
|rated|
|rule|HP Percentage Mod: HP is shown in percentages
|rule|Endless Battle Clause: Forcing endless battles is banned
|rule|Species Clause: Limit one of each Pokémon
|rule|OHKO Clause: OHKO moves are banned
|rule|Evasion Items Clause: Evasion items are banned
|rule|Evasion Moves Clause: Evasion moves are banned
|rule|Evasion Abilities Clause: Evasion abilities are banned
|rule|Sleep Moves Clause: Sleep-inducing moves are banned
|clearpoke
|poke|p1|Polteageist|
|poke|p1|Grimmsnarl, M|
|poke|p1|Indeedee, M|
|poke|p1|Salazzle, F|
|poke|p1|Hawlucha, F|
|poke|p1|Ogerpon-Wellspring, F|
|poke|p2|Feraligatr, M|
|poke|p2|Skarmory, F|
|poke|p2|Gholdengo|
|poke|p2|Great Tusk|
|poke|p2|Iron Boulder|
|poke|p2|Comfey, F|
|teampreview
|inactive|Battle timer is ON: inactive players will automatically lose when time's up. (requested by Shubway)
|
|t:|1760352702
|teamsize|p1|6
|teamsize|p2|6
|start
|switch|p1a: Salazzle|Salazzle, F|100/100
|switch|p2a: Skarmory|Skarmory, F|100/100
|turn|1
|
|t:|1760352706
|move|p1a: Salazzle|Flamethrower|p2a: Skarmory
|-supereffective|p2a: Skarmory
|-ability|p2a: Skarmory|Sturdy
|-damage|p2a: Skarmory|1/100
|move|p2a: Skarmory|Stealth Rock|p1a: Salazzle
|-sidestart|p1: Shubway|move: Stealth Rock
|
|upkeep
|turn|2
|-enditem|p2a: Skarmory|Custap Berry|[eat]
|-activate|p2a: Skarmory|item: Custap Berry|[consumed]
|
|t:|1760352713
|move|p2a: Skarmory|Brave Bird|p1a: Salazzle
|-damage|p1a: Salazzle|13/100
|-damage|p2a: Skarmory|0 fnt|[from] Recoil
|faint|p2a: Skarmory
|move|p1a: Salazzle|Substitute|p1a: Salazzle
|-fail|p1a: Salazzle|move: Substitute|[weak]
|
|-heal|p1a: Salazzle|19/100|[from] item: Leftovers
|upkeep
|
|t:|1760352728
|switch|p2a: Iron Boulder|Iron Boulder|100/100
|-enditem|p2a: Iron Boulder|Booster Energy
|-activate|p2a: Iron Boulder|ability: Quark Drive|[fromitem]
|-start|p2a: Iron Boulder|quarkdrivespe
|turn|3
|
|t:|1760352731
|move|p2a: Iron Boulder|Mighty Cleave|p1a: Salazzle
|-supereffective|p1a: Salazzle
|-damage|p1a: Salazzle|0 fnt
|faint|p1a: Salazzle
|
|upkeep
|
|t:|1760352734
|switch|p1a: Grimmsnarl|Grimmsnarl, M|100/100
|-damage|p1a: Grimmsnarl|88/100|[from] Stealth Rock
|turn|4
|
|t:|1760352738
|move|p2a: Iron Boulder|Substitute|p2a: Iron Boulder
|-start|p2a: Iron Boulder|Substitute
|-damage|p2a: Iron Boulder|76/100
|move|p1a: Grimmsnarl|Spirit Break|p2a: Iron Boulder
|-crit|p2a: Iron Boulder
|-end|p2a: Iron Boulder|Substitute
|
|upkeep
|turn|5
|
|t:|1760352743
|move|p1a: Grimmsnarl|Reflect|p1a: Grimmsnarl
|-sidestart|p1: Shubway|Reflect
|move|p2a: Iron Boulder|Mighty Cleave|p1a: Grimmsnarl
|-damage|p1a: Grimmsnarl|59/100
|
|upkeep
|turn|6
|
|t:|1760352750
|move|p2a: Iron Boulder|Swords Dance|p2a: Iron Boulder
|-boost|p2a: Iron Boulder|atk|2
|move|p1a: Grimmsnarl|Spirit Break|p2a: Iron Boulder
|-damage|p2a: Iron Boulder|21/100
|-unboost|p2a: Iron Boulder|spa|1
|
|upkeep
|turn|7
|
|t:|1760352753
|move|p1a: Grimmsnarl|Sucker Punch|p2a: Iron Boulder
|-supereffective|p2a: Iron Boulder
|-damage|p2a: Iron Boulder|0 fnt
|faint|p2a: Iron Boulder
|-end|p2a: Iron Boulder|Quark Drive|[silent]
|
|upkeep
|
|t:|1760352758
|switch|p2a: Gholdengo|Gholdengo|100/100
|turn|8
|
|t:|1760352762
|move|p1a: Grimmsnarl|Light Screen|p1a: Grimmsnarl
|-sidestart|p1: Shubway|move: Light Screen
|move|p2a: Gholdengo|Trick|p1a: Grimmsnarl
|-activate|p2a: Gholdengo|move: Trick|[of] p1a: Grimmsnarl
|-item|p1a: Grimmsnarl|Choice Scarf|[from] move: Trick
|-item|p2a: Gholdengo|Light Clay|[from] move: Trick
|
|upkeep
|turn|9
|
|t:|1760352774
|switch|p2a: Comfey|Comfey, F, shiny|100/100
|switch|p1a: Indeedee|Indeedee, M|100/100
|-damage|p1a: Indeedee|88/100|[from] Stealth Rock
|-fieldstart|move: Psychic Terrain|[from] ability: Psychic Surge|[of] p1a: Indeedee
|
|upkeep
|turn|10
|
|t:|1760352779
|move|p1a: Indeedee|Expanding Force|p2a: Comfey
|-damage|p2a: Comfey|32/100
|move|p2a: Comfey|Calm Mind|p2a: Comfey
|-boost|p2a: Comfey|spa|1
|-boost|p2a: Comfey|spd|1
|
|upkeep
|turn|11
|
|t:|1760352783
|move|p2a: Comfey|Synthesis|p2a: Comfey
|-heal|p2a: Comfey|82/100
|move|p1a: Indeedee|Expanding Force|p2a: Comfey
|-damage|p2a: Comfey|33/100
|
|upkeep
|turn|12
|
|t:|1760352786
|move|p2a: Comfey|Synthesis|p2a: Comfey
|-heal|p2a: Comfey|83/100
|move|p1a: Indeedee|Encore|p2a: Comfey
|-start|p2a: Comfey|Encore
|
|-sideend|p1: Shubway|Reflect
|upkeep
|turn|13
|
|t:|1760352792
|switch|p1a: Ogerpon|Ogerpon-Wellspring, F|100/100
|-damage|p1a: Ogerpon|88/100|[from] Stealth Rock
|move|p2a: Comfey|Synthesis|p2a: Comfey
|-heal|p2a: Comfey|100/100
|
|upkeep
|turn|14
|
|t:|1760352797
|switch|p2a: Gholdengo|Gholdengo|100/100
|move|p1a: Ogerpon|Swords Dance|p1a: Ogerpon
|-boost|p1a: Ogerpon|atk|2
|
|upkeep
|turn|15
|
|t:|1760352803
|-terastallize|p1a: Ogerpon|Water
|detailschange|p1a: Ogerpon|Ogerpon-Wellspring-Tera, F, tera:Water
|-ability|p1a: Ogerpon|Embody Aspect (Wellspring)|boost
|-boost|p1a: Ogerpon|spd|1
|move|p1a: Ogerpon|Ivy Cudgel|p2a: Gholdengo|[anim] Ivy Cudgel Water
|-damage|p2a: Gholdengo|0 fnt
|faint|p2a: Gholdengo
|
|-sideend|p1: Shubway|move: Light Screen
|upkeep
|
|t:|1760352808
|switch|p2a: Comfey|Comfey, F, shiny|100/100
|turn|16
|-message|Pikka888 forfeited.
|
|win|Shubway
|raw|Shubway's rating: 1382 &rarr; <strong>1399</strong><br />(+17 for winning)
|raw|Pikka888's rating: 1324 &rarr; <strong>1307</strong><br />(-17 for losing)
|l|☆Pikka888
|player|p2|
|l|☆Shubway
|player|p1|
