|j|☆Siroperation
|j|☆Brailleleld
|t:|1760299576
|gametype|singles
|player|p1|Siroperation|2|1340
|player|p2|Brailleleld|fairytalegirl|1324
|gen|9
|tier|[Gen 9] OU
|rated|
|rule|HP Percentage Mod: HP is shown in percentages
|rule|Endless Battle Clause: Forcing endless battles is banned
|rule|Species Clause: Limit one of each Pokémon
|rule|OHKO Clause: OHKO moves are banned
|rule|Evasion Items Clause: Evasion items are banned
|rule|Evasion Moves Clause: Evasion moves are banned
|rule|Evasion Abilities Clause: Evasion abilities are banned
|rule|Sleep Moves Clause: Sleep-inducing moves are banned
|clearpoke
|poke|p1|Conkeldurr, M|
|poke|p1|Alomomola, F|
|poke|p1|Ting-Lu|
|poke|p1|Cyclizar, F|
|poke|p1|Bronzong|
|poke|p1|Tornadus-Therian, M|
|poke|p2|Sableye, M|
|poke|p2|Empoleon, M|
|poke|p2|Dragonite, M|
|poke|p2|Gliscor, M|
|poke|p2|Serperior, M|
|poke|p2|Kingambit, M|
|teampreview
|inactive|Battle timer is ON: inactive players will automatically lose when time's up. (requested by Brailleleld)
|
|t:|1760299591
|teamsize|p1|6
|teamsize|p2|6
|start
|switch|p1a: Bronzong|Bronzong|100/100
|switch|p2a: Pied Piper|Sableye, M, shiny|100/100
|turn|1
|inactive|Brailleleld has 120 seconds left.
|
|t:|1760299624
|move|p2a: Pied Piper|Reflect|p2a: Pied Piper
|-sidestart|p2: Brailleleld|Reflect
|move|p1a: Bronzong|Stealth Rock|p2a: Pied Piper
|-sidestart|p2: Brailleleld|move: Stealth Rock
|
|upkeep
|turn|2
|
|t:|1760299634
|switch|p1a: Ting-Lu|Ting-Lu|100/100
|-ability|p1a: Ting-Lu|Vessel of Ruin
|move|p2a: Pied Piper|Encore|p1a: Ting-Lu
|-hint|Since gen 7, Dark is immune to Prankster moves.
|-immune|p1a: Ting-Lu
|
|upkeep
|turn|3
|
|t:|1760299638
|move|p2a: Pied Piper|Light Screen|p2a: Pied Piper
|-sidestart|p2: Brailleleld|move: Light Screen
|move|p1a: Ting-Lu|Spikes|p2a: Pied Piper
|-sidestart|p2: Brailleleld|Spikes
|
|upkeep
|turn|4
|
|t:|1760299656
|switch|p2a: Natrix natrix|Serperior, M, shiny|100/100
|-damage|p2a: Natrix natrix|88/100|[from] Stealth Rock
|-damage|p2a: Natrix natrix|76/100|[from] Spikes
|move|p1a: Ting-Lu|Spikes|p2a: Natrix natrix
|-sidestart|p2: Brailleleld|Spikes
|
|-heal|p2a: Natrix natrix|82/100|[from] item: Leftovers
|upkeep
|turn|5
|
|t:|1760299662
|move|p2a: Natrix natrix|Leaf Storm|p1a: Ting-Lu
|-supereffective|p1a: Ting-Lu
|-damage|p1a: Ting-Lu|59/100
|-boost|p2a: Natrix natrix|spa|2
|move|p1a: Ting-Lu|Whirlwind|p2a: Natrix natrix
|drag|p2a: Aptenodytes|Empoleon, M, shiny|100/100
|-damage|p2a: Aptenodytes|94/100|[from] Stealth Rock
|-damage|p2a: Aptenodytes|78/100|[from] Spikes
|
|-heal|p2a: Aptenodytes|84/100|[from] item: Leftovers
|-heal|p1a: Ting-Lu|65/100|[from] item: Leftovers
|upkeep
|turn|6
|
|t:|1760299675
|switch|p1a: Alomomola|Alomomola, F|100/100
|move|p2a: Aptenodytes|Stealth Rock|p1a: Alomomola
|-sidestart|p1: Siroperation|move: Stealth Rock
|
|-heal|p2a: Aptenodytes|90/100|[from] item: Leftovers
|upkeep
|turn|7
|
|t:|1760299683
|switch|p2a: Natrix natrix|Serperior, M, shiny|82/100
|-damage|p2a: Natrix natrix|70/100|[from] Stealth Rock
|-damage|p2a: Natrix natrix|53/100|[from] Spikes
|move|p1a: Alomomola|Wish|p1a: Alomomola
|
|-heal|p2a: Natrix natrix|59/100|[from] item: Leftovers
|upkeep
|turn|8
|
|t:|1760299692
|move|p2a: Natrix natrix|Leaf Storm|p1a: Alomomola
|-supereffective|p1a: Alomomola
|-damage|p1a: Alomomola|19/100
|-boost|p2a: Natrix natrix|spa|2
|move|p1a: Alomomola|Mirror Coat|p2a: Natrix natrix
|-damage|p2a: Natrix natrix|0 fnt
|faint|p2a: Natrix natrix
|
|-heal|p1a: Alomomola|69/100|[from] move: Wish|[wisher] Alomomola
|-sideend|p2: Brailleleld|Reflect
|upkeep
|
|t:|1760299704
|switch|p2a: Pied Piper|Sableye, M, shiny|100/100
|-damage|p2a: Pied Piper|88/100|[from] Stealth Rock
|-damage|p2a: Pied Piper|72/100|[from] Spikes
|turn|9
|
|t:|1760299709
|move|p2a: Pied Piper|Encore|p1a: Alomomola
|-start|p1a: Alomomola|Encore
|move|p1a: Alomomola|Mirror Coat||[still]
|-fail|p1a: Alomomola
|
|upkeep
|turn|10
|
|t:|1760299712
|switch|p1a: Ting-Lu|Ting-Lu|65/100
|-damage|p1a: Ting-Lu|59/100|[from] Stealth Rock
|-ability|p1a: Ting-Lu|Vessel of Ruin
|move|p2a: Pied Piper|Reflect|p2a: Pied Piper
|-sidestart|p2: Brailleleld|Reflect
|
|-heal|p1a: Ting-Lu|65/100|[from] item: Leftovers
|-sideend|p2: Brailleleld|move: Light Screen
|upkeep
|turn|11
|
|t:|1760299719
|move|p2a: Pied Piper|Light Screen|p2a: Pied Piper
|-sidestart|p2: Brailleleld|move: Light Screen
|move|p1a: Ting-Lu|Spikes|p2a: Pied Piper
|-sidestart|p2: Brailleleld|Spikes
|
|-heal|p1a: Ting-Lu|72/100|[from] item: Leftovers
|upkeep
|turn|12
|
|t:|1760299724
|switch|p2a: Chiroptera|Gliscor, M, shiny|100/100
|-damage|p2a: Chiroptera|88/100|[from] Stealth Rock
|switch|p1a: Alomomola|Alomomola, F|100/100
|
|-status|p2a: Chiroptera|tox|[from] item: Toxic Orb
|upkeep
|turn|13
|
|t:|1760299733
|move|p2a: Chiroptera|Swords Dance|p2a: Chiroptera
|-boost|p2a: Chiroptera|atk|2
|move|p1a: Alomomola|Flip Turn|p2a: Chiroptera
|-supereffective|p2a: Chiroptera
|-damage|p2a: Chiroptera|79/100 tox
|
|t:|1760299737
|switch|p1a: Ting-Lu|Ting-Lu|72/100|[from] Flip Turn
|-damage|p1a: Ting-Lu|65/100|[from] Stealth Rock
|-ability|p1a: Ting-Lu|Vessel of Ruin
|
|-heal|p1a: Ting-Lu|72/100|[from] item: Leftovers
|-heal|p2a: Chiroptera|91/100 tox|[from] ability: Poison Heal
|upkeep
|turn|14
|
|t:|1760299749
|move|p2a: Chiroptera|Earthquake|p1a: Ting-Lu
|-damage|p1a: Ting-Lu|35/100
|move|p1a: Ting-Lu|Whirlwind|p2a: Chiroptera
|drag|p2a: Pied Piper|Sableye, M, shiny|72/100
|-damage|p2a: Pied Piper|59/100|[from] Stealth Rock
|-damage|p2a: Pied Piper|34/100|[from] Spikes
|
|-heal|p1a: Ting-Lu|41/100|[from] item: Leftovers
|upkeep
|turn|15
|
|t:|1760299758
|move|p2a: Pied Piper|Recover|p2a: Pied Piper
|-heal|p2a: Pied Piper|84/100
|move|p1a: Ting-Lu|Whirlwind|p2a: Pied Piper
|drag|p2a: Aptenodytes|Empoleon, M, shiny|90/100
|-damage|p2a: Aptenodytes|84/100|[from] Stealth Rock
|-damage|p2a: Aptenodytes|59/100|[from] Spikes
|
|-heal|p2a: Aptenodytes|65/100|[from] item: Leftovers
|-heal|p1a: Ting-Lu|47/100|[from] item: Leftovers
|upkeep
|turn|16
|
|t:|1760299771
|switch|p1a: Cyclizar|Cyclizar, F, shiny|100/100
|move|p2a: Aptenodytes|Ice Beam|p1a: Cyclizar
|-supereffective|p1a: Cyclizar
|-damage|p1a: Cyclizar|38/100
|-status|p1a: Cyclizar|frz
|
|-heal|p2a: Aptenodytes|71/100|[from] item: Leftovers
|upkeep
|turn|17
|
|t:|1760299778
|cant|p1a: Cyclizar|frz
|move|p2a: Aptenodytes|Ice Beam|p1a: Cyclizar
|-supereffective|p1a: Cyclizar
|-damage|p1a: Cyclizar|0 fnt
|faint|p1a: Cyclizar
|
|-heal|p2a: Aptenodytes|77/100|[from] item: Leftovers
|-sideend|p2: Brailleleld|Reflect
|upkeep
|
|t:|1760299782
|switch|p1a: Conkeldurr|Conkeldurr, M, shiny|100/100
|-damage|p1a: Conkeldurr|94/100|[from] Stealth Rock
|turn|18
|
|t:|1760299791
|switch|p2a: Pied Piper|Sableye, M, shiny|84/100
|-damage|p2a: Pied Piper|72/100|[from] Stealth Rock
|-damage|p2a: Pied Piper|47/100|[from] Spikes
|move|p1a: Conkeldurr|Knock Off|p2a: Pied Piper
|-damage|p2a: Pied Piper|8/100
|-enditem|p2a: Pied Piper|Light Clay|[from] move: Knock Off|[of] p1a: Conkeldurr
|
|-sideend|p2: Brailleleld|move: Light Screen
|-status|p1a: Conkeldurr|brn|[from] item: Flame Orb
|upkeep
|turn|19
|
|t:|1760299799
|move|p2a: Pied Piper|Reflect|p2a: Pied Piper
|-sidestart|p2: Brailleleld|Reflect
|move|p1a: Conkeldurr|Knock Off|p2a: Pied Piper
|-damage|p2a: Pied Piper|0 fnt
|faint|p2a: Pied Piper
|
|-damage|p1a: Conkeldurr|88/100 brn|[from] brn
|upkeep
|
|t:|1760299804
|switch|p2a: Chiroptera|Gliscor, M, shiny|91/100 tox
|-damage|p2a: Chiroptera|79/100 tox|[from] Stealth Rock
|turn|20
|
|t:|1760299812
|switch|p1a: Bronzong|Bronzong|100/100
|-damage|p1a: Bronzong|94/100|[from] Stealth Rock
|move|p2a: Chiroptera|Protect||[still]
|-fail|p2a: Chiroptera
|
|-heal|p2a: Chiroptera|91/100 tox|[from] ability: Poison Heal
|upkeep
|turn|21
|
|t:|1760299824
|move|p2a: Chiroptera|Swords Dance|p2a: Chiroptera
|-boost|p2a: Chiroptera|atk|2
|move|p1a: Bronzong|Psychic Noise|p2a: Chiroptera
|-damage|p2a: Chiroptera|67/100 tox
|-start|p2a: Chiroptera|move: Heal Block
|
|upkeep
|turn|22
|
|t:|1760299830
|move|p2a: Chiroptera|Facade|p1a: Bronzong
|-resisted|p1a: Bronzong
|-damage|p1a: Bronzong|67/100
|move|p1a: Bronzong|Psychic Noise|p2a: Chiroptera
|-damage|p2a: Chiroptera|42/100 tox
|
|-end|p2a: Chiroptera|move: Heal Block
|upkeep
|turn|23
|
|t:|1760299835
|move|p2a: Chiroptera|Protect|p2a: Chiroptera
|-singleturn|p2a: Chiroptera|Protect
|move|p1a: Bronzong|Psychic Noise|p2a: Chiroptera
|-activate|p2a: Chiroptera|move: Protect
|
|-heal|p2a: Chiroptera|54/100 tox|[from] ability: Poison Heal
|-sideend|p2: Brailleleld|Reflect
|upkeep
|turn|24
|
|t:|1760299851
|move|p2a: Chiroptera|Swords Dance|p2a: Chiroptera
|-boost|p2a: Chiroptera|atk|2
|move|p1a: Bronzong|Ice Spinner|p2a: Chiroptera
|-supereffective|p2a: Chiroptera
|-damage|p2a: Chiroptera|17/100 tox
|
|-heal|p2a: Chiroptera|30/100 tox|[from] ability: Poison Heal
|upkeep
|turn|25
|
|t:|1760299865
|move|p2a: Chiroptera|Protect|p2a: Chiroptera
|-singleturn|p2a: Chiroptera|Protect
|move|p1a: Bronzong|Ice Spinner|p2a: Chiroptera
|-activate|p2a: Chiroptera|move: Protect
|
|-heal|p2a: Chiroptera|42/100 tox|[from] ability: Poison Heal
|upkeep
|turn|26
|inactive|Brailleleld has 120 seconds left.
|
|t:|1760299900
|-terastallize|p2a: Chiroptera|Normal
|move|p2a: Chiroptera|Facade|p1a: Bronzong
|-resisted|p1a: Bronzong
|-damage|p1a: Bronzong|7/100
|move|p1a: Bronzong|Ice Spinner|p2a: Chiroptera
|-crit|p2a: Chiroptera
|-damage|p2a: Chiroptera|26/100 tox
|
|-heal|p2a: Chiroptera|38/100 tox|[from] ability: Poison Heal
|upkeep
|turn|27
|
|t:|1760299909
|move|p2a: Chiroptera|Protect|p2a: Chiroptera
|-singleturn|p2a: Chiroptera|Protect
|move|p1a: Bronzong|Psychic Noise|p2a: Chiroptera
|-activate|p2a: Chiroptera|move: Protect
|
|-heal|p2a: Chiroptera|51/100 tox|[from] ability: Poison Heal
|upkeep
|turn|28
|
|t:|1760299915
|move|p2a: Chiroptera|Facade|p1a: Bronzong
|-resisted|p1a: Bronzong
|-damage|p1a: Bronzong|0 fnt
|faint|p1a: Bronzong
|
|-heal|p2a: Chiroptera|63/100 tox|[from] ability: Poison Heal
|upkeep
|
|t:|1760299917
|switch|p1a: Conkeldurr|Conkeldurr, M, shiny|88/100 brn
|-damage|p1a: Conkeldurr|82/100 brn|[from] Stealth Rock
|turn|29
|
|t:|1760299923
|move|p2a: Chiroptera|Protect|p2a: Chiroptera
|-singleturn|p2a: Chiroptera|Protect
|move|p1a: Conkeldurr|Mach Punch|p2a: Chiroptera
|-activate|p2a: Chiroptera|move: Protect
|
|-heal|p2a: Chiroptera|76/100 tox|[from] ability: Poison Heal
|-damage|p1a: Conkeldurr|76/100 brn|[from] brn
|upkeep
|turn|30
|
|t:|1760299927
|move|p1a: Conkeldurr|Mach Punch|p2a: Chiroptera
|-supereffective|p2a: Chiroptera
|-damage|p2a: Chiroptera|30/100 tox
|move|p2a: Chiroptera|Facade|p1a: Conkeldurr
|-damage|p1a: Conkeldurr|0 fnt
|faint|p1a: Conkeldurr
|
|-heal|p2a: Chiroptera|42/100 tox|[from] ability: Poison Heal
|upkeep
|
|t:|1760299930
|switch|p1a: Tornadus|Tornadus-Therian, M|100/100
|-damage|p1a: Tornadus|76/100|[from] Stealth Rock
|turn|31
|
|t:|1760299933
|move|p2a: Chiroptera|Protect|p2a: Chiroptera
|-singleturn|p2a: Chiroptera|Protect
|move|p1a: Tornadus|Bleakwind Storm|p2a: Chiroptera
|-activate|p2a: Chiroptera|move: Protect
|
|-heal|p2a: Chiroptera|55/100 tox|[from] ability: Poison Heal
|upkeep
|turn|32
|
|t:|1760299937
|move|p1a: Tornadus|Bleakwind Storm|p2a: Chiroptera
|-damage|p2a: Chiroptera|0 fnt
|faint|p2a: Chiroptera
|
|upkeep
|
|t:|1760299940
|switch|p2a: Aptenodytes|Empoleon, M, shiny|77/100
|-damage|p2a: Aptenodytes|71/100|[from] Stealth Rock
|-damage|p2a: Aptenodytes|46/100|[from] Spikes
|turn|33
|
|t:|1760299947
|switch|p1a: Alomomola|Alomomola, F|100/100
|move|p2a: Aptenodytes|Ice Beam|p1a: Alomomola
|-resisted|p1a: Alomomola
|-damage|p1a: Alomomola|91/100
|
|-heal|p2a: Aptenodytes|52/100|[from] item: Leftovers
|upkeep
|turn|34
|
|t:|1760299952
|move|p2a: Aptenodytes|Roost|p2a: Aptenodytes
|-heal|p2a: Aptenodytes|100/100
|-singleturn|p2a: Aptenodytes|move: Roost
|move|p1a: Alomomola|Wish|p1a: Alomomola
|
|upkeep
|turn|35
|
|t:|1760299960
|switch|p2a: Níðhöggr|Dragonite, M|100/100
|move|p1a: Alomomola|Flip Turn|p2a: Níðhöggr
|-resisted|p2a: Níðhöggr
|-crit|p2a: Níðhöggr
|-damage|p2a: Níðhöggr|93/100
|
|t:|1760299963
|switch|p1a: Ting-Lu|Ting-Lu|47/100|[from] Flip Turn
|-damage|p1a: Ting-Lu|41/100|[from] Stealth Rock
|-ability|p1a: Ting-Lu|Vessel of Ruin
|
|-heal|p1a: Ting-Lu|87/100|[from] move: Wish|[wisher] Alomomola
|-heal|p1a: Ting-Lu|93/100|[from] item: Leftovers
|upkeep
|turn|36
|
|t:|1760299967
|move|p2a: Níðhöggr|Substitute|p2a: Níðhöggr
|-start|p2a: Níðhöggr|Substitute
|-damage|p2a: Níðhöggr|68/100
|move|p1a: Ting-Lu|Whirlwind|p2a: Níðhöggr
|drag|p2a: Aptenodytes|Empoleon, M, shiny|100/100
|-damage|p2a: Aptenodytes|94/100|[from] Stealth Rock
|-damage|p2a: Aptenodytes|69/100|[from] Spikes
|
|-heal|p2a: Aptenodytes|75/100|[from] item: Leftovers
|-heal|p1a: Ting-Lu|99/100|[from] item: Leftovers
|upkeep
|turn|37
|
|t:|1760299982
|move|p2a: Aptenodytes|Ice Beam|p1a: Ting-Lu
|-supereffective|p1a: Ting-Lu
|-damage|p1a: Ting-Lu|82/100
|move|p1a: Ting-Lu|Earthquake|p2a: Aptenodytes
|-supereffective|p2a: Aptenodytes
|-damage|p2a: Aptenodytes|0 fnt
|faint|p2a: Aptenodytes
|
|-heal|p1a: Ting-Lu|88/100|[from] item: Leftovers
|upkeep
|
|t:|1760299987
|switch|p2a: Níðhöggr|Dragonite, M|68/100
|turn|38
|
|t:|1760299992
|move|p2a: Níðhöggr|Dragon Claw|p1a: Ting-Lu
|-damage|p1a: Ting-Lu|60/100
|move|p1a: Ting-Lu|Whirlwind|p2a: Níðhöggr
|drag|p2a: Kingambit|Kingambit, M, shiny|100/100
|-damage|p2a: Kingambit|94/100|[from] Stealth Rock
|-damage|p2a: Kingambit|70/100|[from] Spikes
|-activate|p2a: Kingambit|ability: Supreme Overlord
|-start|p2a: Kingambit|fallen4|[silent]
|
|-heal|p1a: Ting-Lu|66/100|[from] item: Leftovers
|upkeep
|turn|39
|
|t:|1760299999
|move|p2a: Kingambit|Iron Head|p1a: Ting-Lu
|-damage|p1a: Ting-Lu|28/100
|move|p1a: Ting-Lu|Earthquake|p2a: Kingambit
|-supereffective|p2a: Kingambit
|-damage|p2a: Kingambit|8/100
|
|-heal|p1a: Ting-Lu|34/100|[from] item: Leftovers
|upkeep
|turn|40
|
|t:|1760300009
|switch|p1a: Alomomola|Alomomola, F|100/100
|move|p2a: Kingambit|Iron Head|p1a: Alomomola
|-resisted|p1a: Alomomola
|-damage|p1a: Alomomola|80/100
|
|upkeep
|turn|41
|
|t:|1760300013
|-end|p2a: Kingambit|fallen4|[silent]
|switch|p2a: Níðhöggr|Dragonite, M|68/100
|move|p1a: Alomomola|Flip Turn|p2a: Níðhöggr
|-resisted|p2a: Níðhöggr
|-damage|p2a: Níðhöggr|60/100
|
|t:|1760300020
|switch|p1a: Tornadus|Tornadus-Therian, M|100/100|[from] Flip Turn
|-damage|p1a: Tornadus|76/100|[from] Stealth Rock
|
|upkeep
|turn|42
|
|t:|1760300023
|move|p1a: Tornadus|Bleakwind Storm|p2a: Níðhöggr
|-damage|p2a: Níðhöggr|9/100
|move|p2a: Níðhöggr|Dragon Claw|p1a: Tornadus
|-damage|p1a: Tornadus|6/100
|
|upkeep
|turn|43
|
|t:|1760300029
|switch|p1a: Alomomola|Alomomola, F|100/100
|move|p2a: Níðhöggr|Extreme Speed|p1a: Alomomola
|-damage|p1a: Alomomola|81/100
|
|upkeep
|turn|44
|
|t:|1760300034
|move|p2a: Níðhöggr|Dragon Claw|p1a: Alomomola
|-damage|p1a: Alomomola|52/100
|move|p1a: Alomomola|Wish|p1a: Alomomola
|
|upkeep
|turn|45
|
|t:|1760300042
|move|p2a: Níðhöggr|Dragon Claw|p1a: Alomomola
|-damage|p1a: Alomomola|23/100
|move|p1a: Alomomola|Flip Turn|p2a: Níðhöggr
|-resisted|p2a: Níðhöggr
|-damage|p2a: Níðhöggr|0 fnt
|faint|p2a: Níðhöggr
|
|t:|1760300045
|switch|p1a: Ting-Lu|Ting-Lu|34/100|[from] Flip Turn
|-damage|p1a: Ting-Lu|28/100|[from] Stealth Rock
|-ability|p1a: Ting-Lu|Vessel of Ruin
|
|-heal|p1a: Ting-Lu|74/100|[from] move: Wish|[wisher] Alomomola
|-heal|p1a: Ting-Lu|80/100|[from] item: Leftovers
|upkeep
|
|t:|1760300048
|switch|p2a: Kingambit|Kingambit, M, shiny|8/100
|-damage|p2a: Kingambit|2/100|[from] Stealth Rock
|-damage|p2a: Kingambit|0 fnt|[from] Spikes
|faint|p2a: Kingambit
|-end|p2a: Kingambit|fallen4|[silent]
|
|win|Siroperation
|raw|Siroperation's rating: 1340 &rarr; <strong>1359</strong><br />(+19 for winning)
|raw|Brailleleld's rating: 1324 &rarr; <strong>1305</strong><br />(-19 for losing)
|l|☆Brailleleld
|player|p2|
|l|☆Siroperation
|player|p1|
