|j|☆khote
|j|☆Danye East
|t:|1760447825
|gametype|singles
|player|p1|khote|burglar|1660
|player|p2|Danye East|1|1635
|gen|9
|tier|[Gen 9] OU
|rated|
|rule|HP Percentage Mod: HP is shown in percentages
|rule|Endless Battle Clause: Forcing endless battles is banned
|rule|Species Clause: Limit one of each Pokémon
|rule|OHKO Clause: OHKO moves are banned
|rule|Evasion Items Clause: Evasion items are banned
|rule|Evasion Moves Clause: Evasion moves are banned
|rule|Evasion Abilities Clause: Evasion abilities are banned
|rule|Sleep Moves Clause: Sleep-inducing moves are banned
|clearpoke
|poke|p1|Iron Treads|
|poke|p1|Ogerpon-Wellspring, F|
|poke|p1|Zamazenta-*|
|poke|p1|Dragapult, M|
|poke|p1|Iron Valiant|
|poke|p1|Dragonite, F|
|poke|p2|Zamazenta-*|
|poke|p2|Great Tusk|
|poke|p2|Ogerpon-Wellspring, F|
|poke|p2|Dragalge, M|
|poke|p2|Kingambit, F|
|poke|p2|Heatran, F|
|teampreview
|
|t:|1760447839
|teamsize|p1|6
|teamsize|p2|6
|start
|switch|p1a: Dragapult|Dragapult, M|100/100
|switch|p2a: Atlas|Great Tusk, shiny|100/100
|turn|1
|inactive|Battle timer is ON: inactive players will automatically lose when time's up. (requested by khote)
|
|t:|1760447844
|move|p1a: Dragapult|Will-O-Wisp|p2a: Atlas
|-status|p2a: Atlas|brn
|move|p2a: Atlas|Ice Spinner|p1a: Dragapult
|-supereffective|p1a: Dragapult
|-damage|p1a: Dragapult|61/100
|
|-damage|p2a: Atlas|94/100 brn|[from] brn
|upkeep
|turn|2
|
|t:|1760447850
|move|p1a: Dragapult|Hex|p2a: Atlas
|-damage|p2a: Atlas|48/100 brn
|move|p2a: Atlas|Ice Spinner|p1a: Dragapult
|-supereffective|p1a: Dragapult
|-damage|p1a: Dragapult|18/100
|
|-damage|p2a: Atlas|42/100 brn|[from] brn
|upkeep
|turn|3
|
|t:|1760447853
|move|p1a: Dragapult|Hex|p2a: Atlas
|-damage|p2a: Atlas|0 fnt
|faint|p2a: Atlas
|-end|p2a: Atlas|Protosynthesis|[silent]
|
|upkeep
|
|t:|1760447865
|switch|p2a: Whitebeard|Kingambit, F, shiny|100/100
|-activate|p2a: Whitebeard|ability: Supreme Overlord
|-start|p2a: Whitebeard|fallen1|[silent]
|turn|4
|
|t:|1760447875
|-end|p2a: Whitebeard|fallen1|[silent]
|switch|p2a: Leviathan|Dragalge, M, shiny|100/100
|move|p1a: Dragapult|Will-O-Wisp|p2a: Leviathan
|-status|p2a: Leviathan|brn
|
|-damage|p2a: Leviathan|95/100 brn|[from] brn
|upkeep
|turn|5
|
|t:|1760447886
|switch|p2a: Whitebeard|Kingambit, F, shiny|100/100
|-activate|p2a: Whitebeard|ability: Supreme Overlord
|-start|p2a: Whitebeard|fallen1|[silent]
|move|p1a: Dragapult|Draco Meteor|p2a: Whitebeard
|-resisted|p2a: Whitebeard
|-damage|p2a: Whitebeard|75/100
|-unboost|p1a: Dragapult|spa|2
|
|upkeep
|turn|6
|
|t:|1760447890
|move|p1a: Dragapult|Will-O-Wisp|p2a: Whitebeard
|-status|p2a: Whitebeard|brn
|-enditem|p2a: Whitebeard|Lum Berry|[eat]
|-curestatus|p2a: Whitebeard|brn|[msg]
|move|p2a: Whitebeard|Kowtow Cleave|p1a: Dragapult
|-supereffective|p1a: Dragapult
|-damage|p1a: Dragapult|0 fnt
|faint|p1a: Dragapult
|
|upkeep
|
|t:|1760447897
|switch|p1a: Iron Treads|Iron Treads|100/100
|turn|7
|
|t:|1760447905
|-end|p2a: Whitebeard|fallen1|[silent]
|switch|p2a: Ornate|Heatran, F, shiny|100/100
|-item|p2a: Ornate|Air Balloon
|move|p1a: Iron Treads|Stealth Rock|p2a: Ornate
|-sidestart|p2: Danye East|move: Stealth Rock
|
|upkeep
|turn|8
|
|t:|1760447910
|move|p1a: Iron Treads|Rapid Spin|p2a: Ornate
|-resisted|p2a: Ornate
|-damage|p2a: Ornate|95/100
|-boost|p1a: Iron Treads|spe|1
|-enditem|p2a: Ornate|Air Balloon
|move|p2a: Ornate|Magma Storm|p1a: Iron Treads
|-supereffective|p1a: Iron Treads
|-damage|p1a: Iron Treads|7/100
|-activate|p1a: Iron Treads|move: Magma Storm|[of] p2a: Ornate
|
|-heal|p1a: Iron Treads|13/100|[from] item: Leftovers
|-damage|p1a: Iron Treads|0 fnt|[from] move: Magma Storm|[partiallytrapped]
|faint|p1a: Iron Treads
|-end|p1a: Iron Treads|Quark Drive|[silent]
|upkeep
|
|t:|1760447919
|switch|p1a: Ogerpon|Ogerpon-Wellspring, F|100/100
|turn|9
|
|t:|1760447926
|switch|p2a: Leviathan|Dragalge, M, shiny|95/100 brn
|-damage|p2a: Leviathan|82/100 brn|[from] Stealth Rock
|move|p1a: Ogerpon|Swords Dance|p1a: Ogerpon
|-boost|p1a: Ogerpon|atk|2
|
|-damage|p2a: Leviathan|76/100 brn|[from] brn
|upkeep
|turn|10
|j| Raizoeu1
|
|t:|1760447938
|move|p1a: Ogerpon|Ivy Cudgel|p2a: Leviathan|[anim] Ivy Cudgel Water
|-resisted|p2a: Leviathan
|-damage|p2a: Leviathan|9/100 brn
|move|p2a: Leviathan|Sludge Bomb|p1a: Ogerpon
|-supereffective|p1a: Ogerpon
|-damage|p1a: Ogerpon|0 fnt
|faint|p1a: Ogerpon
|
|-damage|p2a: Leviathan|3/100 brn|[from] brn
|upkeep
|
|t:|1760447956
|switch|p1a: Iron Valiant|Iron Valiant|100/100
|-enditem|p1a: Iron Valiant|Booster Energy
|-activate|p1a: Iron Valiant|ability: Quark Drive|[fromitem]
|-start|p1a: Iron Valiant|quarkdrivespe
|turn|11
|
|t:|1760447961
|move|p1a: Iron Valiant|Shadow Ball|p2a: Leviathan
|-damage|p2a: Leviathan|0 fnt
|faint|p2a: Leviathan
|
|upkeep
|
|t:|1760447969
|switch|p2a: Ornate|Heatran, F, shiny|95/100
|-damage|p2a: Ornate|83/100|[from] Stealth Rock
|turn|12
|
|t:|1760447979
|move|p1a: Iron Valiant|Thunderbolt|p2a: Ornate
|-damage|p2a: Ornate|58/100
|-status|p2a: Ornate|par
|move|p2a: Ornate|Magma Storm|p1a: Iron Valiant
|-damage|p1a: Iron Valiant|0 fnt
|faint|p1a: Iron Valiant
|-end|p1a: Iron Valiant|Quark Drive|[silent]
|
|upkeep
|
|t:|1760447986
|switch|p1a: Dragonite|Dragonite, F|100/100
|turn|13
|
|t:|1760447990
|move|p1a: Dragonite|Dragon Dance|p1a: Dragonite
|-boost|p1a: Dragonite|atk|1
|-boost|p1a: Dragonite|spe|1
|move|p2a: Ornate|Will-O-Wisp|p1a: Dragonite
|-status|p1a: Dragonite|brn
|
|-damage|p1a: Dragonite|94/100 brn|[from] brn
|upkeep
|turn|14
|
|t:|1760447993
|move|p1a: Dragonite|Dragon Dance|p1a: Dragonite
|-boost|p1a: Dragonite|atk|1
|-boost|p1a: Dragonite|spe|1
|move|p2a: Ornate|Magma Storm|p1a: Dragonite
|-resisted|p1a: Dragonite
|-damage|p1a: Dragonite|67/100 brn
|-activate|p1a: Dragonite|move: Magma Storm|[of] p2a: Ornate
|
|-damage|p1a: Dragonite|61/100 brn|[from] brn
|-damage|p1a: Dragonite|48/100 brn|[from] move: Magma Storm|[partiallytrapped]
|upkeep
|turn|15
|
|t:|1760447996
|move|p1a: Dragonite|Earthquake|p2a: Ornate
|-supereffective|p2a: Ornate
|-damage|p2a: Ornate|0 fnt
|faint|p2a: Ornate
|
|-damage|p1a: Dragonite|42/100 brn|[from] brn
|-end|p1a: Dragonite|Magma Storm|[partiallytrapped]|[silent]
|upkeep
|
|t:|1760448000
|switch|p2a: Greater Dog|Zamazenta|100/100
|-damage|p2a: Greater Dog|94/100|[from] Stealth Rock
|-ability|p2a: Greater Dog|Dauntless Shield|boost
|-boost|p2a: Greater Dog|def|1
|turn|16
|
|t:|1760448005
|-terastallize|p1a: Dragonite|Flying
|move|p1a: Dragonite|Tera Blast|p2a: Greater Dog|[anim] Tera Blast Flying
|-supereffective|p2a: Greater Dog
|-damage|p2a: Greater Dog|34/100
|move|p2a: Greater Dog|Iron Defense|p2a: Greater Dog
|-boost|p2a: Greater Dog|def|2
|
|-heal|p2a: Greater Dog|40/100|[from] item: Leftovers
|-damage|p1a: Dragonite|36/100 brn|[from] brn
|upkeep
|turn|17
|
|t:|1760448012
|-terastallize|p2a: Greater Dog|Fire
|move|p1a: Dragonite|Tera Blast|p2a: Greater Dog|[anim] Tera Blast Flying
|-damage|p2a: Greater Dog|23/100
|move|p2a: Greater Dog|Iron Defense|p2a: Greater Dog
|-boost|p2a: Greater Dog|def|2
|
|-heal|p2a: Greater Dog|29/100|[from] item: Leftovers
|-damage|p1a: Dragonite|30/100 brn|[from] brn
|upkeep
|turn|18
|
|t:|1760448014
|move|p1a: Dragonite|Earthquake|p2a: Greater Dog
|-supereffective|p2a: Greater Dog
|-damage|p2a: Greater Dog|14/100
|move|p2a: Greater Dog|Body Press|p1a: Dragonite
|-resisted|p1a: Dragonite
|-damage|p1a: Dragonite|0 fnt
|faint|p1a: Dragonite
|
|-heal|p2a: Greater Dog|20/100|[from] item: Leftovers
|upkeep
|
|t:|1760448017
|switch|p1a: Zamazenta|Zamazenta|100/100
|-ability|p1a: Zamazenta|Dauntless Shield|boost
|-boost|p1a: Zamazenta|def|1
|turn|19
|
|t:|1760448022
|move|p1a: Zamazenta|Iron Defense|p1a: Zamazenta
|-boost|p1a: Zamazenta|def|2
|move|p2a: Greater Dog|Body Press|p1a: Zamazenta
|-damage|p1a: Zamazenta|65/100
|
|-heal|p1a: Zamazenta|72/100|[from] item: Leftovers
|-heal|p2a: Greater Dog|26/100|[from] item: Leftovers
|upkeep
|turn|20
|
|t:|1760448028
|move|p1a: Zamazenta|Iron Defense|p1a: Zamazenta
|-boost|p1a: Zamazenta|def|2
|move|p2a: Greater Dog|Body Press|p1a: Zamazenta
|-damage|p1a: Zamazenta|45/100
|
|-heal|p1a: Zamazenta|52/100|[from] item: Leftovers
|-heal|p2a: Greater Dog|32/100|[from] item: Leftovers
|upkeep
|turn|21
|
|t:|1760448031
|move|p1a: Zamazenta|Body Press|p2a: Greater Dog
|-damage|p2a: Greater Dog|10/100
|move|p2a: Greater Dog|Body Press|p1a: Zamazenta
|-damage|p1a: Zamazenta|27/100
|
|-heal|p1a: Zamazenta|33/100|[from] item: Leftovers
|-heal|p2a: Greater Dog|16/100|[from] item: Leftovers
|upkeep
|turn|22
|
|t:|1760448034
|move|p1a: Zamazenta|Body Press|p2a: Greater Dog
|-damage|p2a: Greater Dog|0 fnt
|faint|p2a: Greater Dog
|
|-heal|p1a: Zamazenta|40/100|[from] item: Leftovers
|upkeep
|
|t:|1760448045
|switch|p2a: Yamato|Ogerpon-Wellspring, F|100/100
|-damage|p2a: Yamato|88/100|[from] Stealth Rock
|turn|23
|
|t:|1760448047
|move|p1a: Zamazenta|Body Press|p2a: Yamato
|-damage|p2a: Yamato|0 fnt
|faint|p2a: Yamato
|
|-heal|p1a: Zamazenta|46/100|[from] item: Leftovers
|upkeep
|
|t:|1760448051
|switch|p2a: Whitebeard|Kingambit, F, shiny|75/100
|-damage|p2a: Whitebeard|69/100|[from] Stealth Rock
|-activate|p2a: Whitebeard|ability: Supreme Overlord
|-start|p2a: Whitebeard|fallen5|[silent]
|turn|24
|
|t:|1760448053
|move|p2a: Whitebeard|Sucker Punch|p1a: Zamazenta
|-resisted|p1a: Zamazenta
|-damage|p1a: Zamazenta|39/100
|move|p1a: Zamazenta|Body Press|p2a: Whitebeard
|-supereffective|p2a: Whitebeard
|-damage|p2a: Whitebeard|0 fnt
|faint|p2a: Whitebeard
|-end|p2a: Whitebeard|fallen5|[silent]
|
|win|khote
|raw|khote's rating: 1660 &rarr; <strong>1679</strong><br />(+19 for winning)
|raw|Danye East's rating: 1635 &rarr; <strong>1616</strong><br />(-19 for losing)
|l|☆Danye East
|player|p2|
|l|☆khote
|player|p1|
