|j|☆xw haha
|j|☆AirTemples
|t:|1760356212
|gametype|singles
|player|p1|xw haha|volkner|1418
|player|p2|AirTemples|pokekid|1383
|gen|9
|tier|[Gen 9] OU
|rated|
|rule|HP Percentage Mod: HP is shown in percentages
|rule|Endless Battle Clause: Forcing endless battles is banned
|rule|Species Clause: Limit one of each Pokémon
|rule|OHKO Clause: OHKO moves are banned
|rule|Evasion Items Clause: Evasion items are banned
|rule|Evasion Moves Clause: Evasion moves are banned
|rule|Evasion Abilities Clause: Evasion abilities are banned
|rule|Sleep Moves Clause: Sleep-inducing moves are banned
|clearpoke
|poke|p1|Weezing-Galar, F|
|poke|p1|Garganacl, M|
|poke|p1|Gholdengo|
|poke|p1|Raging Bolt|
|poke|p1|Great Tusk|
|poke|p1|Iron Valiant|
|poke|p2|Zapdos|
|poke|p2|Slowking-Galar, M|
|poke|p2|Jirachi|
|poke|p2|Landorus-Therian, M|
|poke|p2|Alomomola, M|
|poke|p2|Kingambit, F|
|teampreview
|inactive|Battle timer is ON: inactive players will automatically lose when time's up. (requested by xw haha)
|
|t:|1760356230
|teamsize|p1|6
|teamsize|p2|6
|start
|switch|p1a: Garganacl|Garganacl, M|100/100
|switch|p2a: Zapdos|Zapdos|100/100
|turn|1
|
|t:|1760356239
|move|p2a: Zapdos|Substitute|p2a: Zapdos
|-start|p2a: Zapdos|Substitute
|-damage|p2a: Zapdos|76/100
|move|p1a: Garganacl|Stealth Rock|p2a: Zapdos
|-sidestart|p2: AirTemples|move: Stealth Rock
|
|upkeep
|turn|2
|
|t:|1760356245
|move|p2a: Zapdos|Discharge|p1a: Garganacl
|-damage|p1a: Garganacl|79/100
|move|p1a: Garganacl|Salt Cure|p2a: Zapdos
|-supereffective|p2a: Zapdos
|-activate|p2a: Zapdos|move: Substitute|[damage]
|
|-heal|p1a: Garganacl|85/100|[from] item: Leftovers
|upkeep
|turn|3
|
|t:|1760356255
|move|p2a: Zapdos|Discharge|p1a: Garganacl
|-damage|p1a: Garganacl|62/100
|move|p1a: Garganacl|Salt Cure|p2a: Zapdos
|-supereffective|p2a: Zapdos
|-end|p2a: Zapdos|Substitute
|
|-heal|p1a: Garganacl|68/100|[from] item: Leftovers
|upkeep
|turn|4
|
|t:|1760356265
|move|p2a: Zapdos|Substitute|p2a: Zapdos
|-start|p2a: Zapdos|Substitute
|-damage|p2a: Zapdos|51/100
|move|p1a: Garganacl|Salt Cure|p2a: Zapdos
|-supereffective|p2a: Zapdos
|-activate|p2a: Zapdos|move: Substitute|[damage]
|
|-heal|p1a: Garganacl|74/100|[from] item: Leftovers
|upkeep
|turn|5
|
|t:|1760356274
|move|p2a: Zapdos|Roost|p2a: Zapdos
|-heal|p2a: Zapdos|100/100
|-singleturn|p2a: Zapdos|move: Roost
|move|p1a: Garganacl|Salt Cure|p2a: Zapdos
|-end|p2a: Zapdos|Substitute
|
|-heal|p1a: Garganacl|80/100|[from] item: Leftovers
|upkeep
|turn|6
|
|t:|1760356288
|move|p2a: Zapdos|Substitute|p2a: Zapdos
|-start|p2a: Zapdos|Substitute
|-damage|p2a: Zapdos|76/100
|move|p1a: Garganacl|Salt Cure|p2a: Zapdos
|-supereffective|p2a: Zapdos
|-activate|p2a: Zapdos|move: Substitute|[damage]
|
|-heal|p1a: Garganacl|86/100|[from] item: Leftovers
|upkeep
|turn|7
|
|t:|1760356297
|move|p2a: Zapdos|Discharge|p1a: Garganacl
|-damage|p1a: Garganacl|63/100
|move|p1a: Garganacl|Salt Cure|p2a: Zapdos
|-supereffective|p2a: Zapdos
|-end|p2a: Zapdos|Substitute
|
|-heal|p1a: Garganacl|69/100|[from] item: Leftovers
|upkeep
|turn|8
|
|t:|1760356312
|move|p2a: Zapdos|Substitute|p2a: Zapdos
|-start|p2a: Zapdos|Substitute
|-damage|p2a: Zapdos|51/100
|move|p1a: Garganacl|Salt Cure|p2a: Zapdos
|-supereffective|p2a: Zapdos
|-activate|p2a: Zapdos|move: Substitute|[damage]
|
|-heal|p1a: Garganacl|75/100|[from] item: Leftovers
|upkeep
|turn|9
|
|t:|1760356321
|move|p2a: Zapdos|Discharge|p1a: Garganacl
|-damage|p1a: Garganacl|51/100
|move|p1a: Garganacl|Salt Cure|p2a: Zapdos
|-supereffective|p2a: Zapdos
|-end|p2a: Zapdos|Substitute
|
|-heal|p1a: Garganacl|58/100|[from] item: Leftovers
|upkeep
|turn|10
|
|t:|1760356331
|move|p2a: Zapdos|Substitute|p2a: Zapdos
|-start|p2a: Zapdos|Substitute
|-damage|p2a: Zapdos|26/100
|move|p1a: Garganacl|Recover|p1a: Garganacl
|-heal|p1a: Garganacl|100/100
|
|upkeep
|turn|11
|
|t:|1760356338
|move|p2a: Zapdos|Roost|p2a: Zapdos
|-heal|p2a: Zapdos|76/100
|-singleturn|p2a: Zapdos|move: Roost
|move|p1a: Garganacl|Salt Cure|p2a: Zapdos
|-activate|p2a: Zapdos|move: Substitute|[damage]
|
|upkeep
|turn|12
|
|t:|1760356347
|move|p2a: Zapdos|Discharge|p1a: Garganacl
|-damage|p1a: Garganacl|79/100
|move|p1a: Garganacl|Salt Cure|p2a: Zapdos
|-supereffective|p2a: Zapdos
|-end|p2a: Zapdos|Substitute
|
|-heal|p1a: Garganacl|85/100|[from] item: Leftovers
|upkeep
|turn|13
|
|t:|1760356359
|move|p2a: Zapdos|Substitute|p2a: Zapdos
|-start|p2a: Zapdos|Substitute
|-damage|p2a: Zapdos|51/100
|move|p1a: Garganacl|Salt Cure|p2a: Zapdos
|-supereffective|p2a: Zapdos
|-activate|p2a: Zapdos|move: Substitute|[damage]
|
|-heal|p1a: Garganacl|91/100|[from] item: Leftovers
|upkeep
|turn|14
|
|t:|1760356370
|move|p2a: Zapdos|Roost|p2a: Zapdos
|-heal|p2a: Zapdos|100/100
|-singleturn|p2a: Zapdos|move: Roost
|move|p1a: Garganacl|Salt Cure|p2a: Zapdos
|-end|p2a: Zapdos|Substitute
|
|-heal|p1a: Garganacl|98/100|[from] item: Leftovers
|upkeep
|turn|15
|
|t:|1760356382
|move|p2a: Zapdos|Substitute|p2a: Zapdos
|-start|p2a: Zapdos|Substitute
|-damage|p2a: Zapdos|76/100
|move|p1a: Garganacl|Salt Cure|p2a: Zapdos
|-supereffective|p2a: Zapdos
|-activate|p2a: Zapdos|move: Substitute|[damage]
|
|-heal|p1a: Garganacl|100/100|[from] item: Leftovers
|upkeep
|turn|16
|
|t:|1760356405
|switch|p1a: Great Tusk|Great Tusk|100/100
|move|p2a: Zapdos|Discharge|p1a: Great Tusk
|-immune|p1a: Great Tusk
|
|upkeep
|turn|17
|
|t:|1760356413
|-end|p1a: Great Tusk|Protosynthesis|[silent]
|switch|p1a: Raging Bolt|Raging Bolt|100/100
|move|p2a: Zapdos|Hurricane|p1a: Raging Bolt
|-resisted|p1a: Raging Bolt
|-damage|p1a: Raging Bolt|87/100
|
|upkeep
|turn|18
|
|t:|1760356422
|move|p2a: Zapdos|Hurricane|p1a: Raging Bolt
|-resisted|p1a: Raging Bolt
|-crit|p1a: Raging Bolt
|-damage|p1a: Raging Bolt|67/100
|move|p1a: Raging Bolt|Volt Switch|p2a: Zapdos
|-end|p2a: Zapdos|Substitute
|
|t:|1760356446
|-end|p1a: Raging Bolt|Protosynthesis|[silent]
|switch|p1a: Gholdengo|Gholdengo|100/100|[from] Volt Switch
|-item|p1a: Gholdengo|Air Balloon
|
|upkeep
|turn|19
|
|t:|1760356453
|move|p2a: Zapdos|Discharge|p1a: Gholdengo
|-damage|p1a: Gholdengo|70/100
|-status|p1a: Gholdengo|par
|-enditem|p1a: Gholdengo|Air Balloon
|move|p1a: Gholdengo|Shadow Ball|p2a: Zapdos
|-damage|p2a: Zapdos|38/100
|
|upkeep
|turn|20
|
|t:|1760356464
|move|p2a: Zapdos|Roost|p2a: Zapdos
|-heal|p2a: Zapdos|88/100
|-singleturn|p2a: Zapdos|move: Roost
|move|p1a: Gholdengo|Shadow Ball|p2a: Zapdos
|-damage|p2a: Zapdos|47/100
|-unboost|p2a: Zapdos|spd|1
|
|upkeep
|turn|21
|
|t:|1760356474
|switch|p2a: Kingambit|Kingambit, F|100/100
|-damage|p2a: Kingambit|94/100|[from] Stealth Rock
|move|p1a: Gholdengo|Shadow Ball|p2a: Kingambit
|-resisted|p2a: Kingambit
|-crit|p2a: Kingambit
|-damage|p2a: Kingambit|55/100
|
|-heal|p2a: Kingambit|61/100|[from] item: Leftovers
|upkeep
|turn|22
|
|t:|1760356486
|-terastallize|p1a: Gholdengo|Fighting
|move|p2a: Kingambit|Iron Head|p1a: Gholdengo
|-damage|p1a: Gholdengo|22/100 par
|cant|p1a: Gholdengo|flinch
|
|-heal|p2a: Kingambit|67/100|[from] item: Leftovers
|upkeep
|turn|23
|
|t:|1760356497
|switch|p1a: Weezing|Weezing-Galar, F|100/100
|move|p2a: Kingambit|Iron Head|p1a: Weezing
|-supereffective|p1a: Weezing
|-damage|p1a: Weezing|41/100
|
|-heal|p2a: Kingambit|73/100|[from] item: Leftovers
|-heal|p1a: Weezing|47/100|[from] item: Black Sludge
|upkeep
|turn|24
|
|t:|1760356507
|move|p2a: Kingambit|Iron Head|p1a: Weezing
|-supereffective|p1a: Weezing
|-damage|p1a: Weezing|0 fnt
|faint|p1a: Weezing
|
|-heal|p2a: Kingambit|79/100|[from] item: Leftovers
|upkeep
|
|t:|1760356514
|switch|p1a: Iron Valiant|Iron Valiant|100/100
|-enditem|p1a: Iron Valiant|Booster Energy
|-activate|p1a: Iron Valiant|ability: Quark Drive|[fromitem]
|-start|p1a: Iron Valiant|quarkdrivespe
|turn|25
|
|t:|1760356524
|-terastallize|p2a: Kingambit|Ghost
|move|p1a: Iron Valiant|Moonblast|p2a: Kingambit
|-damage|p2a: Kingambit|37/100
|move|p2a: Kingambit|Iron Head|p1a: Iron Valiant
|-supereffective|p1a: Iron Valiant
|-damage|p1a: Iron Valiant|0 fnt
|faint|p1a: Iron Valiant
|-end|p1a: Iron Valiant|Quark Drive|[silent]
|
|-heal|p2a: Kingambit|43/100|[from] item: Leftovers
|upkeep
|-message|xw haha forfeited.
|
|win|AirTemples
|raw|xw haha's rating: 1418 &rarr; <strong>1396</strong><br />(-22 for losing)
|raw|AirTemples's rating: 1383 &rarr; <strong>1405</strong><br />(+22 for winning)
|l|☆xw haha
|player|p1|
