|j|☆pikapikabetis
|j|☆j16051993
|t:|1760301050
|gametype|singles
|player|p1|pikapikabetis|265|1185
|player|p2|j16051993|102|1160
|gen|9
|tier|[Gen 9] OU
|rated|
|rule|HP Percentage Mod: HP is shown in percentages
|rule|Endless Battle Clause: Forcing endless battles is banned
|rule|Species Clause: Limit one of each Pokémon
|rule|OHKO Clause: OHKO moves are banned
|rule|Evasion Items Clause: Evasion items are banned
|rule|Evasion Moves Clause: Evasion moves are banned
|rule|Evasion Abilities Clause: Evasion abilities are banned
|rule|Sleep Moves Clause: Sleep-inducing moves are banned
|clearpoke
|poke|p1|Heatran, F|
|poke|p1|Tauros-Paldea-Blaze, M|
|poke|p1|Garganacl, M|
|poke|p1|Polteageist|
|poke|p1|Slowking-Galar, M|
|poke|p1|Alomomola, F|
|poke|p2|Dragonite, M|
|poke|p2|Blaziken, F|
|poke|p2|Quaquaval, M|
|poke|p2|Excadrill, F|
|poke|p2|Gyarados, M|
|poke|p2|Zamazenta-*|
|teampreview
|
|t:|1760301069
|teamsize|p1|6
|teamsize|p2|6
|start
|switch|p1a: Garganacl|Garganacl, M|100/100
|switch|p2a: Quaquaval|Quaquaval, M|100/100
|turn|1
|inactive|Battle timer is ON: inactive players will automatically lose when time's up. (requested by pikapikabetis)
|
|t:|1760301076
|move|p2a: Quaquaval|Aqua Step|p1a: Garganacl
|-supereffective|p1a: Garganacl
|-damage|p1a: Garganacl|60/100
|-boost|p2a: Quaquaval|spe|1
|move|p1a: Garganacl|Salt Cure|p2a: Quaquaval
|-resisted|p2a: Quaquaval
|-damage|p2a: Quaquaval|91/100
|-start|p2a: Quaquaval|Salt Cure
|
|-heal|p2a: Quaquaval|97/100|[from] item: Leftovers
|-heal|p1a: Garganacl|67/100|[from] item: Leftovers
|-damage|p2a: Quaquaval|72/100|[from] Salt Cure
|upkeep
|turn|2
|
|t:|1760301094
|move|p2a: Quaquaval|Aqua Step|p1a: Garganacl
|-supereffective|p1a: Garganacl
|-damage|p1a: Garganacl|26/100
|-boost|p2a: Quaquaval|spe|1
|move|p1a: Garganacl|Recover|p1a: Garganacl
|-heal|p1a: Garganacl|76/100
|
|-heal|p2a: Quaquaval|78/100|[from] item: Leftovers
|-heal|p1a: Garganacl|83/100|[from] item: Leftovers
|-damage|p2a: Quaquaval|54/100|[from] Salt Cure
|upkeep
|turn|3
|
|t:|1760301105
|move|p1a: Garganacl|Protect|p1a: Garganacl
|-singleturn|p1a: Garganacl|Protect
|move|p2a: Quaquaval|Triple Axel|p1a: Garganacl
|-activate|p1a: Garganacl|move: Protect
|
|-heal|p2a: Quaquaval|60/100|[from] item: Leftovers
|-heal|p1a: Garganacl|89/100|[from] item: Leftovers
|-damage|p2a: Quaquaval|35/100|[from] Salt Cure
|upkeep
|turn|4
|
|t:|1760301117
|switch|p1a: Alomomola|Alomomola, F|100/100
|move|p2a: Quaquaval|Close Combat|p1a: Alomomola
|-damage|p1a: Alomomola|71/100
|-unboost|p2a: Quaquaval|def|1
|-unboost|p2a: Quaquaval|spd|1
|-damage|p2a: Quaquaval|19/100|[from] item: Rocky Helmet|[of] p1a: Alomomola
|
|-heal|p2a: Quaquaval|25/100|[from] item: Leftovers
|-damage|p2a: Quaquaval|0 fnt|[from] Salt Cure
|faint|p2a: Quaquaval
|upkeep
|
|t:|1760301135
|switch|p2a: Dragonite|Dragonite, M|100/100
|turn|5
|
|t:|1760301141
|-terastallize|p2a: Dragonite|Normal
|move|p2a: Dragonite|Dragon Dance|p2a: Dragonite
|-boost|p2a: Dragonite|atk|1
|-boost|p2a: Dragonite|spe|1
|move|p1a: Alomomola|Flip Turn|p2a: Dragonite
|-damage|p2a: Dragonite|91/100
|
|t:|1760301153
|switch|p1a: Tauros|Tauros-Paldea-Blaze, M|100/100|[from] Flip Turn
|-ability|p1a: Tauros|Intimidate|boost
|-unboost|p2a: Dragonite|atk|1
|
|-heal|p2a: Dragonite|97/100|[from] item: Leftovers
|upkeep
|turn|6
|
|t:|1760301170
|move|p2a: Dragonite|Extreme Speed|p1a: Tauros
|-damage|p1a: Tauros|47/100
|move|p1a: Tauros|Close Combat|p2a: Dragonite
|-supereffective|p2a: Dragonite
|-damage|p2a: Dragonite|0 fnt
|-unboost|p1a: Tauros|def|1
|-unboost|p1a: Tauros|spd|1
|faint|p2a: Dragonite
|
|upkeep
|
|t:|1760301178
|switch|p2a: Gyarados|Gyarados, M, shiny|100/100
|turn|7
|
|t:|1760301192
|move|p1a: Tauros|Close Combat|p2a: Gyarados
|-resisted|p2a: Gyarados
|-damage|p2a: Gyarados|68/100
|-unboost|p1a: Tauros|def|1
|-unboost|p1a: Tauros|spd|1
|move|p2a: Gyarados|Dragon Dance|p2a: Gyarados
|-boost|p2a: Gyarados|atk|1
|-boost|p2a: Gyarados|spe|1
|
|-heal|p2a: Gyarados|74/100|[from] item: Leftovers
|upkeep
|turn|8
|inactive|pikapikabetis has 120 seconds left.
|
|t:|1760301222
|switch|p1a: Garganacl|Garganacl, M|89/100
|move|p2a: Gyarados|Earthquake|p1a: Garganacl
|-supereffective|p1a: Garganacl
|-damage|p1a: Garganacl|36/100
|
|-heal|p2a: Gyarados|80/100|[from] item: Leftovers
|-heal|p1a: Garganacl|42/100|[from] item: Leftovers
|upkeep
|turn|9
|inactive|pikapikabetis has 120 seconds left.
|
|t:|1760301232
|switch|p1a: Heatran|Heatran, F|100/100
|-item|p1a: Heatran|Air Balloon
|move|p2a: Gyarados|Aqua Tail|p1a: Heatran
|-supereffective|p1a: Heatran
|-damage|p1a: Heatran|0 fnt
|-enditem|p1a: Heatran|Air Balloon
|faint|p1a: Heatran
|-ability|p2a: Gyarados|Moxie|boost
|-boost|p2a: Gyarados|atk|1
|
|-heal|p2a: Gyarados|86/100|[from] item: Leftovers
|upkeep
|inactive|pikapikabetis has 120 seconds left.
|
|t:|1760301247
|switch|p1a: Polteageist|Polteageist|100/100
|turn|10
|
|t:|1760301253
|-terastallize|p1a: Polteageist|Grass
|move|p2a: Gyarados|Earthquake|p1a: Polteageist
|-resisted|p1a: Polteageist
|-damage|p1a: Polteageist|49/100
|move|p1a: Polteageist|Strength Sap|p2a: Gyarados
|-unboost|p2a: Gyarados|atk|1
|-heal|p1a: Polteageist|100/100
|
|-heal|p2a: Gyarados|92/100|[from] item: Leftovers
|upkeep
|turn|11
|inactive|pikapikabetis has 120 seconds left.
|
|t:|1760301265
|move|p2a: Gyarados|Iron Head|p1a: Polteageist
|-crit|p1a: Polteageist
|-damage|p1a: Polteageist|9/100
|move|p1a: Polteageist|Strength Sap|p2a: Gyarados
|-unboost|p2a: Gyarados|atk|1
|-heal|p1a: Polteageist|100/100
|
|-heal|p2a: Gyarados|98/100|[from] item: Leftovers
|upkeep
|turn|12
|inactive|pikapikabetis has 120 seconds left.
|
|t:|1760301275
|move|p2a: Gyarados|Dragon Dance|p2a: Gyarados
|-boost|p2a: Gyarados|atk|1
|-boost|p2a: Gyarados|spe|1
|move|p1a: Polteageist|Strength Sap|p2a: Gyarados
|-unboost|p2a: Gyarados|atk|1
|
|-heal|p2a: Gyarados|100/100|[from] item: Leftovers
|upkeep
|turn|13
|inactive|pikapikabetis has 120 seconds left.
|
|t:|1760301284
|move|p2a: Gyarados|Dragon Dance|p2a: Gyarados
|-boost|p2a: Gyarados|atk|1
|-boost|p2a: Gyarados|spe|1
|move|p1a: Polteageist|Strength Sap|p2a: Gyarados
|-unboost|p2a: Gyarados|atk|1
|
|upkeep
|turn|14
|
|t:|1760301291
|move|p2a: Gyarados|Iron Head|p1a: Polteageist
|-damage|p1a: Polteageist|59/100
|-start|p2a: Gyarados|Disable|Iron Head|[from] ability: Cursed Body|[of] p1a: Polteageist
|move|p1a: Polteageist|Hex|p2a: Gyarados
|-damage|p2a: Gyarados|62/100
|
|-heal|p2a: Gyarados|68/100|[from] item: Leftovers
|upkeep
|turn|15
|
|t:|1760301301
|move|p2a: Gyarados|Earthquake|p1a: Polteageist
|-resisted|p1a: Polteageist
|-damage|p1a: Polteageist|32/100
|move|p1a: Polteageist|Strength Sap|p2a: Gyarados
|-unboost|p2a: Gyarados|atk|1
|-heal|p1a: Polteageist|100/100
|
|-heal|p2a: Gyarados|74/100|[from] item: Leftovers
|upkeep
|turn|16
|
|t:|1760301313
|switch|p2a: Blaziken|Blaziken, F|100/100
|move|p1a: Polteageist|Hex|p2a: Blaziken
|-damage|p2a: Blaziken|46/100
|
|upkeep
|turn|17
|
|t:|1760301321
|switch|p1a: Alomomola|Alomomola, F|100/100
|move|p2a: Blaziken|Swords Dance|p2a: Blaziken
|-boost|p2a: Blaziken|atk|2
|
|-ability|p2a: Blaziken|Speed Boost|boost
|-boost|p2a: Blaziken|spe|1
|upkeep
|turn|18
|
|t:|1760301330
|move|p2a: Blaziken|Poison Jab|p1a: Alomomola
|-damage|p1a: Alomomola|67/100
|-damage|p2a: Blaziken|29/100|[from] item: Rocky Helmet|[of] p1a: Alomomola
|move|p1a: Alomomola|Flip Turn|p2a: Blaziken
|-supereffective|p2a: Blaziken
|-damage|p2a: Blaziken|0 fnt
|faint|p2a: Blaziken
|
|t:|1760301340
|switch|p1a: Tauros|Tauros-Paldea-Blaze, M|47/100|[from] Flip Turn
|
|upkeep
|
|t:|1760301344
|switch|p2a: Gyarados|Gyarados, M, shiny|74/100
|turn|19
|
|t:|1760301349
|move|p1a: Tauros|Wild Charge|p2a: Gyarados
|-supereffective|p2a: Gyarados
|-damage|p2a: Gyarados|0 fnt
|faint|p2a: Gyarados
|-damage|p1a: Tauros|26/100|[from] Recoil
|
|upkeep
|-message|j16051993 forfeited.
|
|win|pikapikabetis
|raw|pikapikabetis's rating: 1185 &rarr; <strong>1208</strong><br />(+23 for winning)
|raw|j16051993's rating: 1160 &rarr; <strong>1137</strong><br />(-23 for losing)
|l|☆j16051993
|player|p2|
|l|☆pikapikabetis
|player|p1|
