|j|☆apqpq
|j|☆Battlebot998
|t:|1760310826
|gametype|singles
|player|p1|apqpq|dawn|1377
|player|p2|Battlebot998|kabu|1355
|gen|9
|tier|[Gen 9] OU
|rated|
|rule|HP Percentage Mod: HP is shown in percentages
|rule|Endless Battle Clause: Forcing endless battles is banned
|rule|Species Clause: Limit one of each Pokémon
|rule|OHKO Clause: OHKO moves are banned
|rule|Evasion Items Clause: Evasion items are banned
|rule|Evasion Moves Clause: Evasion moves are banned
|rule|Evasion Abilities Clause: Evasion abilities are banned
|rule|Sleep Moves Clause: Sleep-inducing moves are banned
|clearpoke
|poke|p1|Tornadus-Therian, M|
|poke|p1|Manaphy|
|poke|p1|Scizor, M|
|poke|p1|Darkrai|
|poke|p1|Ursaluna, F|
|poke|p1|Comfey, F|
|poke|p2|Furret, F|
|poke|p2|Heatran, M|
|poke|p2|Great Tusk|
|poke|p2|Tornadus-Therian, M|
|poke|p2|Sandy Shocks|
|poke|p2|Feraligatr, M|
|teampreview
|
|t:|1760310835
|teamsize|p1|6
|teamsize|p2|6
|start
|switch|p1a: Ursaluna|Ursaluna, F|100/100
|switch|p2a: Heatran|Heatran, M|100/100
|turn|1
|
|t:|1760310839
|move|p2a: Heatran|Magma Storm|p1a: Ursaluna
|-damage|p1a: Ursaluna|64/100
|-activate|p1a: Ursaluna|move: Magma Storm|[of] p2a: Heatran
|move|p1a: Ursaluna|Headlong Rush|p2a: Heatran
|-supereffective|p2a: Heatran
|-damage|p2a: Heatran|0 fnt
|-unboost|p1a: Ursaluna|def|1
|-unboost|p1a: Ursaluna|spd|1
|faint|p2a: Heatran
|
|-end|p1a: Ursaluna|Magma Storm|[partiallytrapped]|[silent]
|-status|p1a: Ursaluna|brn|[from] item: Flame Orb
|upkeep
|
|t:|1760310845
|switch|p2a: Tornadus|Tornadus-Therian, M|100/100
|turn|2
|
|t:|1760310847
|move|p2a: Tornadus|Bleakwind Storm|p1a: Ursaluna
|-damage|p1a: Ursaluna|0 fnt
|faint|p1a: Ursaluna
|
|upkeep
|
|t:|1760310851
|switch|p1a: Manaphy|Manaphy|100/100
|turn|3
|
|t:|1760310854
|move|p2a: Tornadus|Bleakwind Storm|p1a: Manaphy
|-crit|p1a: Manaphy
|-damage|p1a: Manaphy|32/100
|move|p1a: Manaphy|Ice Beam|p2a: Tornadus
|-supereffective|p2a: Tornadus
|-damage|p2a: Tornadus|60/100
|
|-heal|p1a: Manaphy|38/100|[from] item: Leftovers
|upkeep
|turn|4
|
|t:|1760310865
|switch|p1a: Darkrai|Darkrai|100/100
|move|p2a: Tornadus|Bleakwind Storm|p1a: Darkrai|[miss]
|-miss|p2a: Tornadus|p1a: Darkrai
|
|upkeep
|turn|5
|
|t:|1760310870
|switch|p2a: Great Tusk|Great Tusk|100/100
|move|p1a: Darkrai|Ice Beam|p2a: Great Tusk
|-supereffective|p2a: Great Tusk
|-damage|p2a: Great Tusk|0 fnt
|faint|p2a: Great Tusk
|-end|p2a: Great Tusk|Protosynthesis|[silent]
|
|upkeep
|
|t:|1760310877
|switch|p2a: Feraligatr|Feraligatr, M|100/100
|turn|6
|
|t:|1760310881
|switch|p1a: Comfey|Comfey, F|100/100
|move|p2a: Feraligatr|Dragon Dance|p2a: Feraligatr
|-boost|p2a: Feraligatr|atk|1
|-boost|p2a: Feraligatr|spe|1
|
|upkeep
|turn|7
|
|t:|1760310884
|move|p1a: Comfey|Giga Drain|p2a: Feraligatr
|-supereffective|p2a: Feraligatr
|-damage|p2a: Feraligatr|49/100
|move|p2a: Feraligatr|Liquidation|p1a: Comfey
|-damage|p1a: Comfey|0 fnt
|faint|p1a: Comfey
|
|upkeep
|
|t:|1760310888
|switch|p1a: Darkrai|Darkrai|100/100
|turn|8
|
|t:|1760310890
|move|p1a: Darkrai|Dark Pulse|p2a: Feraligatr
|-damage|p2a: Feraligatr|0 fnt
|faint|p2a: Feraligatr
|
|upkeep
|
|t:|1760310893
|switch|p2a: Tornadus|Tornadus-Therian, M|93/100
|turn|9
|
|t:|1760310896
|move|p1a: Darkrai|Dark Pulse|p2a: Tornadus
|-damage|p2a: Tornadus|50/100
|move|p2a: Tornadus|Bleakwind Storm|p1a: Darkrai|[miss]
|-miss|p2a: Tornadus|p1a: Darkrai
|
|upkeep
|turn|10
|
|t:|1760310900
|move|p1a: Darkrai|Dark Pulse|p2a: Tornadus
|-damage|p2a: Tornadus|8/100
|move|p2a: Tornadus|Bleakwind Storm|p1a: Darkrai
|-damage|p1a: Darkrai|39/100
|-unboost|p1a: Darkrai|spe|1
|
|upkeep
|turn|11
|
|t:|1760310904
|switch|p1a: Scizor|Scizor, M|100/100
|move|p2a: Tornadus|Bleakwind Storm|p1a: Scizor
|-damage|p1a: Scizor|45/100
|
|upkeep
|turn|12
|
|t:|1760310909
|switch|p2a: Sandy Shocks|Sandy Shocks|100/100
|-enditem|p2a: Sandy Shocks|Booster Energy
|-activate|p2a: Sandy Shocks|ability: Protosynthesis|[fromitem]
|-start|p2a: Sandy Shocks|protosynthesisspa
|move|p1a: Scizor|Bullet Punch|p2a: Sandy Shocks
|-resisted|p2a: Sandy Shocks
|-damage|p2a: Sandy Shocks|81/100
|
|upkeep
|turn|13
|
|t:|1760310912
|move|p2a: Sandy Shocks|Thunderbolt|p1a: Scizor
|-damage|p1a: Scizor|0 fnt
|faint|p1a: Scizor
|
|upkeep
|
|t:|1760310917
|switch|p1a: Darkrai|Darkrai|39/100
|turn|14
|
|t:|1760310920
|move|p1a: Darkrai|Ice Beam|p2a: Sandy Shocks
|-supereffective|p2a: Sandy Shocks
|-damage|p2a: Sandy Shocks|0 fnt
|faint|p2a: Sandy Shocks
|-end|p2a: Sandy Shocks|Protosynthesis|[silent]
|
|upkeep
|
|t:|1760310922
|switch|p2a: Furret|Furret, F, shiny|100/100
|-item|p1a: Darkrai|Choice Scarf|[from] ability: Frisk|[of] p2a: Furret
|turn|15
|
|t:|1760310926
|switch|p1a: Tornadus|Tornadus-Therian, M|100/100
|move|p2a: Furret|Quick Attack|p1a: Tornadus
|-damage|p1a: Tornadus|82/100
|
|upkeep
|turn|16
|
|t:|1760310933
|move|p1a: Tornadus|Bleakwind Storm|p2a: Furret
|-damage|p2a: Furret|22/100
|move|p2a: Furret|Endeavor|p1a: Tornadus
|-damage|p1a: Tornadus|21/100
|
|upkeep
|turn|17
|
|t:|1760310941
|move|p2a: Furret|Quick Attack|p1a: Tornadus
|-damage|p1a: Tornadus|3/100
|move|p1a: Tornadus|Bleakwind Storm|p2a: Furret
|-damage|p2a: Furret|0 fnt
|faint|p2a: Furret
|
|upkeep
|
|t:|1760310945
|switch|p2a: Tornadus|Tornadus-Therian, M|41/100
|turn|18
|
|t:|1760310947
|move|p2a: Tornadus|Bleakwind Storm|p1a: Tornadus
|-damage|p1a: Tornadus|0 fnt
|faint|p1a: Tornadus
|
|upkeep
|
|t:|1760310949
|switch|p1a: Darkrai|Darkrai|39/100
|turn|19
|
|t:|1760310951
|move|p1a: Darkrai|Ice Beam|p2a: Tornadus
|-supereffective|p2a: Tornadus
|-damage|p2a: Tornadus|0 fnt
|faint|p2a: Tornadus
|
|win|apqpq
|raw|apqpq's rating: 1377 &rarr; <strong>1396</strong><br />(+19 for winning)
|raw|Battlebot998's rating: 1355 &rarr; <strong>1336</strong><br />(-19 for losing)
|l|☆Battlebot998
|player|p2|
