|j|☆BlueEyedBendy
|j|☆zabbaman
|t:|1760328382
|gametype|singles
|player|p1|BlueEyedBendy|1|1159
|player|p2|zabbaman|101|1165
|gen|9
|tier|[Gen 9] OU
|rated|
|rule|HP Percentage Mod: HP is shown in percentages
|rule|Endless Battle Clause: Forcing endless battles is banned
|rule|Species Clause: Limit one of each Pokémon
|rule|OHKO Clause: OHKO moves are banned
|rule|Evasion Items Clause: Evasion items are banned
|rule|Evasion Moves Clause: Evasion moves are banned
|rule|Evasion Abilities Clause: Evasion abilities are banned
|rule|Sleep Moves Clause: Sleep-inducing moves are banned
|clearpoke
|poke|p1|Deoxys-Speed|
|poke|p1|Darkrai|
|poke|p1|Great Tusk|
|poke|p1|Dragonite, F|
|poke|p1|Cinderace, M|
|poke|p1|Gholdengo|
|poke|p2|Enamorus, F|
|poke|p2|Ogerpon-Wellspring, F|
|poke|p2|Iron Crown|
|poke|p2|Iron Hands|
|poke|p2|Glimmora, M|
|poke|p2|Ursaluna, M|
|teampreview
|
|t:|1760328400
|teamsize|p1|6
|teamsize|p2|6
|start
|switch|p1a: Deoxys|Deoxys-Speed|100/100
|switch|p2a: Enamorus|Enamorus, F, shiny|100/100
|-ability|p1a: Deoxys|Pressure
|turn|1
|inactive|Battle timer is ON: inactive players will automatically lose when time's up. (requested by BlueEyedBendy)
|
|t:|1760328410
|move|p2a: Enamorus|Moonblast|p1a: Deoxys
|-damage|p1a: Deoxys|34/100
|-enditem|p1a: Deoxys|Red Card|[of] p2a: Enamorus
|drag|p2a: Glimmora|Glimmora, M, shiny|100/100
|move|p1a: Deoxys|Taunt|p2a: Glimmora
|-start|p2a: Glimmora|move: Taunt
|
|upkeep
|turn|2
|
|t:|1760328421
|switch|p2a: Iron Crown|Iron Crown|100/100
|move|p1a: Deoxys|Stealth Rock|p2a: Iron Crown
|-sidestart|p2: zabbaman|move: Stealth Rock
|
|upkeep
|turn|3
|
|t:|1760328435
|move|p1a: Deoxys|Taunt|p2a: Iron Crown
|-start|p2a: Iron Crown|move: Taunt
|move|p2a: Iron Crown|Tachyon Cutter|p1a: Deoxys
|-damage|p1a: Deoxys|0 fnt
|faint|p1a: Deoxys
|-hitcount|p1: Deoxys|1
|
|upkeep
|
|t:|1760328443
|switch|p1a: Darkrai|Darkrai|100/100
|turn|4
|
|t:|1760328459
|-terastallize|p2a: Iron Crown|Steel
|move|p1a: Darkrai|Nasty Plot|p1a: Darkrai
|-boost|p1a: Darkrai|spa|2
|move|p2a: Iron Crown|Tachyon Cutter|p1a: Darkrai
|-damage|p1a: Darkrai|39/100
|-damage|p1a: Darkrai|0 fnt
|faint|p1a: Darkrai
|-hitcount|p1: Darkrai|2
|
|upkeep
|
|t:|1760328468
|switch|p1a: Cinderace|Cinderace, M|100/100
|turn|5
|
|t:|1760328483
|-end|p2a: Iron Crown|Quark Drive|[silent]
|switch|p2a: Glimmora|Glimmora, M, shiny|100/100
|-damage|p2a: Glimmora|88/100|[from] Stealth Rock
|move|p1a: Cinderace|Pyro Ball|p2a: Glimmora
|-resisted|p2a: Glimmora
|-damage|p2a: Glimmora|61/100
|-activate|p2a: Glimmora|ability: Toxic Debris
|-sidestart|p1: BlueEyedBendy|move: Toxic Spikes
|-enditem|p2a: Glimmora|Red Card|[of] p1a: Cinderace
|drag|p1a: Gholdengo|Gholdengo|100/100
|-item|p1a: Gholdengo|Air Balloon
|
|upkeep
|turn|6
|
|t:|1760328501
|move|p1a: Gholdengo|Nasty Plot|p1a: Gholdengo
|-boost|p1a: Gholdengo|spa|2
|move|p2a: Glimmora|Power Gem|p1a: Gholdengo
|-resisted|p1a: Gholdengo
|-damage|p1a: Gholdengo|85/100
|-enditem|p1a: Gholdengo|Air Balloon
|
|upkeep
|turn|7
|
|t:|1760328514
|switch|p2a: Ursaluna|Ursaluna, M, shiny|100/100
|-damage|p2a: Ursaluna|94/100|[from] Stealth Rock
|move|p1a: Gholdengo|Shadow Ball|p2a: Ursaluna
|-immune|p2a: Ursaluna
|
|-heal|p2a: Ursaluna|100/100|[from] item: Leftovers
|upkeep
|turn|8
|
|t:|1760328525
|move|p1a: Gholdengo|Dazzling Gleam|p2a: Ursaluna
|-damage|p2a: Ursaluna|73/100
|move|p2a: Ursaluna|Headlong Rush|p1a: Gholdengo
|-supereffective|p1a: Gholdengo
|-damage|p1a: Gholdengo|8/100
|-unboost|p2a: Ursaluna|def|1
|-unboost|p2a: Ursaluna|spd|1
|
|-heal|p2a: Ursaluna|79/100|[from] item: Leftovers
|upkeep
|turn|9
|
|t:|1760328534
|move|p1a: Gholdengo|Dazzling Gleam|p2a: Ursaluna
|-damage|p2a: Ursaluna|35/100
|move|p2a: Ursaluna|Fire Punch|p1a: Gholdengo
|-supereffective|p1a: Gholdengo
|-damage|p1a: Gholdengo|0 fnt
|faint|p1a: Gholdengo
|
|-heal|p2a: Ursaluna|42/100|[from] item: Leftovers
|upkeep
|
|t:|1760328549
|switch|p1a: Dragonite|Dragonite, F|100/100
|turn|10
|
|t:|1760328567
|switch|p2a: Iron Hands|Iron Hands, shiny|100/100
|-damage|p2a: Iron Hands|94/100|[from] Stealth Rock
|-enditem|p2a: Iron Hands|Booster Energy
|-activate|p2a: Iron Hands|ability: Quark Drive|[fromitem]
|-start|p2a: Iron Hands|quarkdriveatk
|move|p1a: Dragonite|Dragon Dance|p1a: Dragonite
|-boost|p1a: Dragonite|atk|1
|-boost|p1a: Dragonite|spe|1
|
|upkeep
|turn|11
|
|t:|1760328577
|move|p1a: Dragonite|Earthquake|p2a: Iron Hands
|-supereffective|p2a: Iron Hands
|-damage|p2a: Iron Hands|26/100
|move|p2a: Iron Hands|Ice Punch|p1a: Dragonite
|-supereffective|p1a: Dragonite
|-damage|p1a: Dragonite|29/100
|
|upkeep
|turn|12
|
|t:|1760328585
|move|p1a: Dragonite|Earthquake|p2a: Iron Hands
|-supereffective|p2a: Iron Hands
|-damage|p2a: Iron Hands|0 fnt
|faint|p2a: Iron Hands
|-end|p2a: Iron Hands|Quark Drive|[silent]
|
|upkeep
|
|t:|1760328587
|switch|p2a: Enamorus|Enamorus, F, shiny|100/100
|-damage|p2a: Enamorus|76/100|[from] Stealth Rock
|turn|13
|
|t:|1760328597
|-terastallize|p1a: Dragonite|Normal
|move|p1a: Dragonite|Extreme Speed|p2a: Enamorus
|-damage|p2a: Enamorus|0 fnt
|faint|p2a: Enamorus
|
|upkeep
|
|t:|1760328608
|switch|p2a: Ogerpon|Ogerpon-Wellspring, F|100/100
|-damage|p2a: Ogerpon|88/100|[from] Stealth Rock
|turn|14
|
|t:|1760328613
|move|p1a: Dragonite|Extreme Speed|p2a: Ogerpon
|-damage|p2a: Ogerpon|0 fnt
|faint|p2a: Ogerpon
|
|upkeep
|inactive|zabbaman has 120 seconds left.
|
|t:|1760328656
|switch|p2a: Iron Crown|Iron Crown, tera:Steel|100/100
|-damage|p2a: Iron Crown|94/100|[from] Stealth Rock
|turn|15
|inactive|BlueEyedBendy has 120 seconds left.
|
|t:|1760328688
|switch|p1a: Great Tusk|Great Tusk|100/100
|-status|p1a: Great Tusk|psn
|-enditem|p1a: Great Tusk|Booster Energy
|-activate|p1a: Great Tusk|ability: Protosynthesis|[fromitem]
|-start|p1a: Great Tusk|protosynthesisatk
|move|p2a: Iron Crown|Tachyon Cutter|p1a: Great Tusk
|-damage|p1a: Great Tusk|24/100 psn
|-crit|p1a: Great Tusk
|-damage|p1a: Great Tusk|0 fnt
|faint|p1a: Great Tusk
|-end|p1a: Great Tusk|Protosynthesis|[silent]
|-hitcount|p1: Great Tusk|2
|
|upkeep
|inactive|BlueEyedBendy has 120 seconds left.
|
|t:|1760328700
|switch|p1a: Cinderace|Cinderace, M|100/100
|turn|16
|
|t:|1760328707
|-end|p2a: Iron Crown|Quark Drive|[silent]
|switch|p2a: Ursaluna|Ursaluna, M, shiny|42/100
|-damage|p2a: Ursaluna|35/100|[from] Stealth Rock
|move|p1a: Cinderace|Pyro Ball|p2a: Ursaluna
|-damage|p2a: Ursaluna|0 fnt
|faint|p2a: Ursaluna
|
|upkeep
|
|t:|1760328708
|switch|p2a: Glimmora|Glimmora, M, shiny|61/100
|-damage|p2a: Glimmora|49/100|[from] Stealth Rock
|turn|17
|
|t:|1760328723
|move|p1a: Cinderace|U-turn|p2a: Glimmora
|-start|p1a: Cinderace|typechange|Bug|[from] ability: Libero
|-resisted|p2a: Glimmora
|-damage|p2a: Glimmora|34/100
|-activate|p2a: Glimmora|ability: Toxic Debris
|-sidestart|p1: BlueEyedBendy|move: Toxic Spikes
|
|t:|1760328729
|switch|p1a: Dragonite|Dragonite, F, tera:Normal|29/100|[from] U-turn
|move|p2a: Glimmora|Power Gem|p1a: Dragonite
|-damage|p1a: Dragonite|0 fnt
|faint|p1a: Dragonite
|
|upkeep
|
|t:|1760328736
|switch|p1a: Cinderace|Cinderace, M|100/100
|turn|18
|
|t:|1760328753
|move|p1a: Cinderace|Pyro Ball|p2a: Glimmora
|-resisted|p2a: Glimmora
|-damage|p2a: Glimmora|8/100
|move|p2a: Glimmora|Power Gem|p1a: Cinderace
|-supereffective|p1a: Cinderace
|-damage|p1a: Cinderace|5/100
|
|upkeep
|turn|19
|
|t:|1760328761
|move|p1a: Cinderace|Sucker Punch|p2a: Glimmora
|-start|p1a: Cinderace|typechange|Dark|[from] ability: Libero
|-damage|p2a: Glimmora|0 fnt
|faint|p2a: Glimmora
|
|upkeep
|
|t:|1760328764
|switch|p2a: Iron Crown|Iron Crown, tera:Steel|94/100
|-damage|p2a: Iron Crown|88/100|[from] Stealth Rock
|turn|20
|
|t:|1760328770
|move|p1a: Cinderace|Pyro Ball|p2a: Iron Crown
|-supereffective|p2a: Iron Crown
|-damage|p2a: Iron Crown|5/100
|move|p2a: Iron Crown|Volt Switch|p1a: Cinderace
|-damage|p1a: Cinderace|0 fnt
|faint|p1a: Cinderace
|
|win|zabbaman
|raw|BlueEyedBendy's rating: 1159 &rarr; <strong>1136</strong><br />(-23 for losing)
|raw|zabbaman's rating: 1183 &rarr; <strong>1206</strong><br />(+23 for winning)
|l|☆zabbaman
|player|p2|
|c|☆BlueEyedBendy|ff 69% chance to ohko
|l|☆BlueEyedBendy
|player|p1|
