|j|☆Superbsceptile22
|j|☆night law
|t:|1760368500
|gametype|singles
|player|p1|Superbsceptile22|1|1263
|player|p2|night law|giovanni|1253
|gen|9
|tier|[Gen 9] OU
|rated|
|rule|HP Percentage Mod: HP is shown in percentages
|rule|Endless Battle Clause: Forcing endless battles is banned
|rule|Species Clause: Limit one of each Pokémon
|rule|OHKO Clause: OHKO moves are banned
|rule|Evasion Items Clause: Evasion items are banned
|rule|Evasion Moves Clause: Evasion moves are banned
|rule|Evasion Abilities Clause: Evasion abilities are banned
|rule|Sleep Moves Clause: Sleep-inducing moves are banned
|clearpoke
|poke|p1|Ogerpon-Wellspring, F|
|poke|p1|Rillaboom, M|
|poke|p1|Slowking-Galar, F|
|poke|p1|Heatran, M|
|poke|p1|Great Tusk|
|poke|p1|Dragapult, M|
|poke|p2|Mamoswine, M|
|poke|p2|Salamence, M|
|poke|p2|Clefable, M|
|poke|p2|Lanturn, M|
|poke|p2|Skarmory, M|
|poke|p2|Medicham, F|
|teampreview
|inactive|Battle timer is ON: inactive players will automatically lose when time's up. (requested by Superbsceptile22)
|
|t:|1760368514
|teamsize|p1|6
|teamsize|p2|6
|start
|switch|p1a: Great Tusk|Great Tusk|100/100
|switch|p2a: Lanturn|Lanturn, M|100/100
|turn|1
|
|t:|1760368525
|-end|p1a: Great Tusk|Protosynthesis|[silent]
|switch|p1a: Rillaboom|Rillaboom, M|100/100
|-fieldstart|move: Grassy Terrain|[from] ability: Grassy Surge|[of] p1a: Rillaboom
|switch|p2a: Skarmory|Skarmory, M|100/100
|
|upkeep
|turn|2
|
|t:|1760368538
|move|p1a: Rillaboom|U-turn|p2a: Skarmory
|-resisted|p2a: Skarmory
|-damage|p2a: Skarmory|97/100
|-damage|p1a: Rillaboom|84/100|[from] item: Rocky Helmet|[of] p2a: Skarmory
|
|t:|1760368545
|switch|p1a: Heatran|Heatran, M|100/100|[from] U-turn
|move|p2a: Skarmory|Stealth Rock|p1a: Heatran
|-sidestart|p1: Superbsceptile22|move: Stealth Rock
|
|upkeep
|turn|3
|
|t:|1760368552
|switch|p2a: Lanturn|Lanturn, M|100/100
|move|p1a: Heatran|Stealth Rock|p2a: Lanturn
|-sidestart|p2: night law|move: Stealth Rock
|
|upkeep
|turn|4
|
|t:|1760368562
|switch|p1a: Slowking|Slowking-Galar, F|100/100
|-damage|p1a: Slowking|88/100|[from] Stealth Rock
|move|p2a: Lanturn|Ice Beam|p1a: Slowking
|-damage|p1a: Slowking|77/100
|
|-heal|p1a: Slowking|83/100|[from] Grassy Terrain
|upkeep
|turn|5
|
|t:|1760368577
|move|p2a: Lanturn|Discharge|p1a: Slowking
|-damage|p1a: Slowking|68/100
|move|p1a: Slowking|Psyshock|p2a: Lanturn
|-damage|p2a: Lanturn|60/100
|
|-heal|p2a: Lanturn|66/100|[from] Grassy Terrain
|-heal|p1a: Slowking|74/100|[from] Grassy Terrain
|upkeep
|turn|6
|
|t:|1760368597
|move|p2a: Lanturn|Volt Switch|p1a: Slowking
|-damage|p1a: Slowking|59/100
|
|t:|1760368601
|switch|p2a: Skarmory|Skarmory, M|97/100|[from] Volt Switch
|-damage|p2a: Skarmory|85/100|[from] Stealth Rock
|move|p1a: Slowking|Psyshock|p2a: Skarmory
|-resisted|p2a: Skarmory
|-damage|p2a: Skarmory|74/100
|
|-heal|p1a: Slowking|65/100|[from] Grassy Terrain
|upkeep
|turn|7
|
|t:|1760368609
|switch|p2a: Medicham|Medicham, F|100/100
|-damage|p2a: Medicham|94/100|[from] Stealth Rock
|move|p1a: Slowking|Flamethrower|p2a: Medicham
|-damage|p2a: Medicham|50/100
|
|-heal|p2a: Medicham|56/100|[from] Grassy Terrain
|-heal|p1a: Slowking|72/100|[from] Grassy Terrain
|upkeep
|turn|8
|
|t:|1760368626
|move|p2a: Medicham|Zen Headbutt|p1a: Slowking|[miss]
|-miss|p2a: Medicham|p1a: Slowking
|move|p1a: Slowking|Psyshock|p2a: Medicham
|-damage|p2a: Medicham|0 fnt
|faint|p2a: Medicham
|
|-heal|p1a: Slowking|78/100|[from] Grassy Terrain
|-fieldend|move: Grassy Terrain
|upkeep
|
|t:|1760368636
|switch|p2a: Mamoswine|Mamoswine, M, shiny|100/100
|-damage|p2a: Mamoswine|88/100|[from] Stealth Rock
|turn|9
|
|t:|1760368651
|switch|p1a: Great Tusk|Great Tusk|100/100
|-damage|p1a: Great Tusk|98/100|[from] Stealth Rock
|move|p2a: Mamoswine|Trailblaze|p1a: Great Tusk
|-supereffective|p1a: Great Tusk
|-damage|p1a: Great Tusk|66/100
|-boost|p2a: Mamoswine|spe|1
|-damage|p2a: Mamoswine|71/100|[from] item: Rocky Helmet|[of] p1a: Great Tusk
|-damage|p2a: Mamoswine|61/100|[from] item: Life Orb
|
|upkeep
|turn|10
|
|t:|1760368663
|move|p2a: Mamoswine|Icicle Crash|p1a: Great Tusk|[miss]
|-miss|p2a: Mamoswine|p1a: Great Tusk
|move|p1a: Great Tusk|Ice Spinner|p2a: Mamoswine
|-damage|p2a: Mamoswine|34/100
|
|upkeep
|turn|11
|inactive|night law has 120 seconds left.
|inactive|night law has 90 seconds left.
|-message|Superbsceptile22 forfeited.
|
|win|night law
|raw|Superbsceptile22's rating: 1263 &rarr; <strong>1237</strong><br />(-26 for losing)
|raw|night law's rating: 1253 &rarr; <strong>1279</strong><br />(+26 for winning)
|l|☆Superbsceptile22
|player|p1|
|l|☆night law
|player|p2|
