|j|‽flinchirator
|j|☆Agent Derf
|t:|1760333192
|gametype|singles
|player|p1|flinchirator|miku-ice|1495
|player|p2|Agent Derf|102|1474
|gen|9
|tier|[Gen 9] OU
|rated|
|rule|HP Percentage Mod: HP is shown in percentages
|rule|Endless Battle Clause: Forcing endless battles is banned
|rule|Species Clause: Limit one of each Pokémon
|rule|OHKO Clause: OHKO moves are banned
|rule|Evasion Items Clause: Evasion items are banned
|rule|Evasion Moves Clause: Evasion moves are banned
|rule|Evasion Abilities Clause: Evasion abilities are banned
|rule|Sleep Moves Clause: Sleep-inducing moves are banned
|clearpoke
|poke|p1|Zapdos|
|poke|p1|Iron Treads|
|poke|p1|Ogerpon-Wellspring, F|
|poke|p1|Keldeo-Resolute|
|poke|p1|Iron Valiant|
|poke|p1|Dragonite, F|
|poke|p2|Typhlosion-Hisui, F|
|poke|p2|Ogerpon-Wellspring, F|
|poke|p2|Mienshao, F|
|poke|p2|Great Tusk|
|poke|p2|Glimmora, M|
|poke|p2|Dragapult, M|
|teampreview
|inactive|Battle timer is ON: inactive players will automatically lose when time's up. (requested by flinchirator)
|
|t:|1760333212
|teamsize|p1|6
|teamsize|p2|6
|start
|switch|p1a: Keldeo|Keldeo-Resolute|100/100
|switch|p2a: Mienshao|Mienshao, F|100/100
|turn|1
|inactive|Agent Derf has 120 seconds left.
|
|t:|1760333261
|switch|p1a: Zapdos|Zapdos|100/100
|move|p2a: Mienshao|High Jump Kick|p1a: Zapdos|[miss]
|-miss|p2a: Mienshao|p1a: Zapdos
|-damage|p2a: Mienshao|51/100|[from] highjumpkick
|
|upkeep
|turn|2
|
|t:|1760333275
|move|p2a: Mienshao|U-turn|p1a: Zapdos
|-resisted|p1a: Zapdos
|-damage|p1a: Zapdos|89/100
|-damage|p2a: Mienshao|41/100|[from] item: Life Orb
|
|t:|1760333283
|switch|p2a: Glimmora|Glimmora, M|100/100|[from] U-turn
|move|p1a: Zapdos|U-turn|p2a: Glimmora
|-resisted|p2a: Glimmora
|-damage|p2a: Glimmora|93/100
|-activate|p2a: Glimmora|ability: Toxic Debris
|-sidestart|p1: flinchirator|move: Toxic Spikes
|-enditem|p2a: Glimmora|Red Card|[of] p1a: Zapdos
|drag|p1a: Ogerpon|Ogerpon-Wellspring, F|100/100
|-status|p1a: Ogerpon|psn
|
|-damage|p1a: Ogerpon|88/100 psn|[from] psn
|upkeep
|turn|3
|
|t:|1760333297
|switch|p2a: Ogerpon|Ogerpon-Wellspring, F|100/100
|move|p1a: Ogerpon|Ivy Cudgel|p2a: Ogerpon|[anim] Ivy Cudgel Water
|-immune|p2a: Ogerpon|[from] ability: Water Absorb
|
|-damage|p1a: Ogerpon|76/100 psn|[from] psn
|upkeep
|turn|4
|
|t:|1760333308
|switch|p2a: Glimmora|Glimmora, M|93/100
|move|p1a: Ogerpon|Power Whip|p2a: Glimmora
|-damage|p2a: Glimmora|4/100
|-activate|p2a: Glimmora|ability: Toxic Debris
|-sidestart|p1: flinchirator|move: Toxic Spikes
|
|-damage|p1a: Ogerpon|64/100 psn|[from] psn
|upkeep
|turn|5
|
|t:|1760333316
|move|p1a: Ogerpon|Ivy Cudgel|p2a: Glimmora|[anim] Ivy Cudgel Water
|-supereffective|p2a: Glimmora
|-crit|p2a: Glimmora
|-damage|p2a: Glimmora|0 fnt
|faint|p2a: Glimmora
|
|-damage|p1a: Ogerpon|51/100 psn|[from] psn
|upkeep
|
|t:|1760333322
|switch|p2a: Dragapult|Dragapult, M|100/100
|turn|6
|
|t:|1760333328
|switch|p1a: Iron Treads|Iron Treads|100/100
|move|p2a: Dragapult|Dragon Darts|p1a: Iron Treads
|-resisted|p1a: Iron Treads
|-damage|p1a: Iron Treads|90/100
|-anim|p2a: Dragapult|Dragon Darts|p1a: Iron Treads
|-resisted|p1a: Iron Treads
|-damage|p1a: Iron Treads|80/100
|
|-heal|p1a: Iron Treads|86/100|[from] item: Leftovers
|upkeep
|turn|7
|inactive|Agent Derf has 120 seconds left.
|
|t:|1760333336
|move|p2a: Dragapult|Substitute|p2a: Dragapult
|-start|p2a: Dragapult|Substitute
|-damage|p2a: Dragapult|76/100
|move|p1a: Iron Treads|Rapid Spin|p2a: Dragapult
|-immune|p2a: Dragapult
|
|-heal|p2a: Dragapult|82/100|[from] item: Leftovers
|-heal|p1a: Iron Treads|92/100|[from] item: Leftovers
|upkeep
|turn|8
|inactive|Agent Derf has 120 seconds left.
|
|t:|1760333361
|-terastallize|p2a: Dragapult|Fire
|move|p2a: Dragapult|Dragon Dance|p2a: Dragapult
|-boost|p2a: Dragapult|atk|1
|-boost|p2a: Dragapult|spe|1
|move|p1a: Iron Treads|Knock Off|p2a: Dragapult
|-end|p2a: Dragapult|Substitute
|
|-heal|p2a: Dragapult|88/100|[from] item: Leftovers
|-heal|p1a: Iron Treads|98/100|[from] item: Leftovers
|upkeep
|turn|9
|
|t:|1760333380
|move|p2a: Dragapult|Tera Blast|p1a: Iron Treads|[anim] Tera Blast Fire
|-supereffective|p1a: Iron Treads
|-damage|p1a: Iron Treads|0 fnt
|faint|p1a: Iron Treads
|-end|p1a: Iron Treads|Quark Drive|[silent]
|
|-heal|p2a: Dragapult|94/100|[from] item: Leftovers
|upkeep
|
|t:|1760333385
|switch|p1a: Dragonite|Dragonite, F|100/100
|turn|10
|inactive|Agent Derf has 120 seconds left.
|
|t:|1760333403
|-terastallize|p1a: Dragonite|Fairy
|move|p2a: Dragapult|Dragon Darts|p1a: Dragonite
|-immune|p1a: Dragonite
|move|p1a: Dragonite|Dragon Dance|p1a: Dragonite
|-boost|p1a: Dragonite|atk|1
|-boost|p1a: Dragonite|spe|1
|
|-heal|p2a: Dragapult|99/100|[from] item: Leftovers
|upkeep
|turn|11
|
|t:|1760333411
|move|p1a: Dragonite|Extreme Speed|p2a: Dragapult
|-crit|p2a: Dragapult
|-damage|p2a: Dragapult|4/100
|move|p2a: Dragapult|Tera Blast|p1a: Dragonite|[anim] Tera Blast Fire
|-damage|p1a: Dragonite|68/100
|
|-heal|p2a: Dragapult|10/100|[from] item: Leftovers
|upkeep
|turn|12
|inactive|Agent Derf has 120 seconds left.
|
|t:|1760333427
|switch|p2a: Typhlosion|Typhlosion-Hisui, F|100/100
|move|p1a: Dragonite|Extreme Speed|p2a: Typhlosion
|-immune|p2a: Typhlosion
|
|upkeep
|turn|13
|
|t:|1760333435
|move|p1a: Dragonite|Roost|p1a: Dragonite
|-heal|p1a: Dragonite|100/100
|move|p2a: Typhlosion|Infernal Parade|p1a: Dragonite
|-damage|p1a: Dragonite|84/100
|
|upkeep
|turn|14
|
|t:|1760333441
|move|p1a: Dragonite|Dragon Dance|p1a: Dragonite
|-boost|p1a: Dragonite|atk|1
|-boost|p1a: Dragonite|spe|1
|move|p2a: Typhlosion|Infernal Parade|p1a: Dragonite
|-crit|p1a: Dragonite
|-damage|p1a: Dragonite|36/100
|
|upkeep
|turn|15
|
|t:|1760333447
|move|p1a: Dragonite|Roost|p1a: Dragonite
|-heal|p1a: Dragonite|87/100
|move|p2a: Typhlosion|Infernal Parade|p1a: Dragonite
|-damage|p1a: Dragonite|54/100
|
|upkeep
|turn|16
|
|t:|1760333453
|move|p1a: Dragonite|Roost|p1a: Dragonite
|-heal|p1a: Dragonite|100/100
|move|p2a: Typhlosion|Infernal Parade|p1a: Dragonite
|-damage|p1a: Dragonite|86/100
|
|upkeep
|turn|17
|
|t:|1760333457
|move|p1a: Dragonite|Tera Blast|p2a: Typhlosion|[anim] Tera Blast Fairy
|-resisted|p2a: Typhlosion
|-crit|p2a: Typhlosion
|-damage|p2a: Typhlosion|0 fnt
|faint|p2a: Typhlosion
|
|upkeep
|-message|Agent Derf forfeited.
|
|win|flinchirator
|raw|flinchirator's rating: 1478 &rarr; <strong>1498</strong><br />(+20 for winning)
|raw|Agent Derf's rating: 1474 &rarr; <strong>1454</strong><br />(-20 for losing)
|l|☆Agent Derf
|player|p2|
|l|‽flinchirator
|player|p1|
