|j|☆sandgangboss
|j|☆arnocalypse
|t:|1760343381
|gametype|singles
|player|p1|sandgangboss|169|1356
|player|p2|arnocalypse|1|1382
|gen|9
|tier|[Gen 9] OU
|rated|
|rule|HP Percentage Mod: HP is shown in percentages
|rule|Endless Battle Clause: Forcing endless battles is banned
|rule|Species Clause: Limit one of each Pokémon
|rule|OHKO Clause: OHKO moves are banned
|rule|Evasion Items Clause: Evasion items are banned
|rule|Evasion Moves Clause: Evasion moves are banned
|rule|Evasion Abilities Clause: Evasion abilities are banned
|rule|Sleep Moves Clause: Sleep-inducing moves are banned
|clearpoke
|poke|p1|Kyurem|
|poke|p1|Iron Valiant|
|poke|p1|Deoxys-Speed|
|poke|p1|Tornadus-Therian, M|
|poke|p1|Great Tusk|
|poke|p1|Clefable, M|
|poke|p2|Rampardos, F|
|poke|p2|Ninetales-Alola, F|
|poke|p2|Rillaboom, M|
|poke|p2|Ogerpon-Wellspring, F|
|poke|p2|Hatterene, F|
|poke|p2|Iron Moth|
|teampreview
|
|t:|1760343407
|teamsize|p1|6
|teamsize|p2|6
|start
|switch|p1a: POWER CREEP?|Clefable, M|100/100
|switch|p2a: Rillaboom|Rillaboom, M|100/100
|-fieldstart|move: Grassy Terrain|[from] ability: Grassy Surge|[of] p2a: Rillaboom
|turn|1
|
|t:|1760343417
|switch|p2a: Ninetales|Ninetales-Alola, F|100/100
|-weather|Snowscape|[from] ability: Snow Warning|[of] p2a: Ninetales
|move|p1a: POWER CREEP?|Stealth Rock|p2a: Ninetales
|-sidestart|p2: arnocalypse|move: Stealth Rock
|
|-weather|Snowscape|[upkeep]
|upkeep
|turn|2
|
|t:|1760343424
|move|p2a: Ninetales|Aurora Veil|p2a: Ninetales
|-sidestart|p2: arnocalypse|move: Aurora Veil
|move|p1a: POWER CREEP?|Calm Mind|p1a: POWER CREEP?
|-boost|p1a: POWER CREEP?|spa|1
|-boost|p1a: POWER CREEP?|spd|1
|
|-weather|Snowscape|[upkeep]
|upkeep
|turn|3
|
|t:|1760343429
|move|p2a: Ninetales|Encore|p1a: POWER CREEP?
|-start|p1a: POWER CREEP?|Encore
|move|p1a: POWER CREEP?|Calm Mind|p1a: POWER CREEP?
|-boost|p1a: POWER CREEP?|spa|1
|-boost|p1a: POWER CREEP?|spd|1
|
|-weather|Snowscape|[upkeep]
|upkeep
|turn|4
|
|t:|1760343457
|switch|p2a: Rampardos|Rampardos, F, shiny|100/100
|-damage|p2a: Rampardos|88/100|[from] Stealth Rock
|-ability|p2a: Rampardos|Mold Breaker
|move|p1a: POWER CREEP?|Calm Mind|p1a: POWER CREEP?
|-boost|p1a: POWER CREEP?|spa|1
|-boost|p1a: POWER CREEP?|spd|1
|
|-weather|Snowscape|[upkeep]
|-heal|p2a: Rampardos|94/100|[from] Grassy Terrain
|upkeep
|turn|5
|
|t:|1760343488
|move|p2a: Rampardos|Swords Dance|p2a: Rampardos
|-boost|p2a: Rampardos|atk|2
|move|p1a: POWER CREEP?|Calm Mind|p1a: POWER CREEP?
|-boost|p1a: POWER CREEP?|spa|1
|-boost|p1a: POWER CREEP?|spd|1
|
|-weather|none
|-heal|p2a: Rampardos|99/100|[from] Grassy Terrain
|-end|p1a: POWER CREEP?|Encore
|upkeep
|turn|6
|
|t:|1760343511
|move|p2a: Rampardos|Head Smash|p1a: POWER CREEP?|[miss]
|-miss|p2a: Rampardos|p1a: POWER CREEP?
|move|p1a: POWER CREEP?|Moonblast|p2a: Rampardos
|-damage|p2a: Rampardos|23/100
|-unboost|p2a: Rampardos|spa|1
|
|-heal|p2a: Rampardos|29/100|[from] Grassy Terrain
|upkeep
|turn|7
|
|t:|1760343519
|move|p2a: Rampardos|Head Smash|p1a: POWER CREEP?
|-damage|p1a: POWER CREEP?|0 fnt
|faint|p1a: POWER CREEP?
|-damage|p2a: Rampardos|0 fnt|[from] Recoil
|faint|p2a: Rampardos
|
|upkeep
|
|t:|1760343534
|switch|p2a: Ogerpon|Ogerpon-Wellspring, F|100/100
|switch|p1a: Willy Willy|Tornadus-Therian, M|100/100
|-damage|p2a: Ogerpon|88/100|[from] Stealth Rock
|turn|8
|
|t:|1760343542
|-terastallize|p2a: Ogerpon|Water
|detailschange|p2a: Ogerpon|Ogerpon-Wellspring-Tera, F, tera:Water
|-ability|p2a: Ogerpon|Embody Aspect (Wellspring)|boost
|-boost|p2a: Ogerpon|spd|1
|move|p1a: Willy Willy|U-turn|p2a: Ogerpon
|-damage|p2a: Ogerpon|79/100
|
|t:|1760343560
|switch|p1a: BBL Blizzy|Kyurem|100/100|[from] U-turn
|-ability|p1a: BBL Blizzy|Pressure
|move|p2a: Ogerpon|Swords Dance|p2a: Ogerpon
|-boost|p2a: Ogerpon|atk|2
|
|-heal|p2a: Ogerpon|85/100|[from] Grassy Terrain
|-fieldend|move: Grassy Terrain
|upkeep
|turn|9
|
|t:|1760343574
|move|p2a: Ogerpon|Play Rough|p1a: BBL Blizzy
|-supereffective|p1a: BBL Blizzy
|-damage|p1a: BBL Blizzy|0 fnt
|faint|p1a: BBL Blizzy
|
|-sideend|p2: arnocalypse|move: Aurora Veil
|upkeep
|
|t:|1760343588
|switch|p1a: Zoomies|Deoxys-Speed|100/100
|-ability|p1a: Zoomies|Pressure
|turn|10
|
|t:|1760343593
|move|p1a: Zoomies|Superpower|p2a: Ogerpon
|-damage|p2a: Ogerpon|46/100
|-unboost|p1a: Zoomies|atk|1
|-unboost|p1a: Zoomies|def|1
|-enditem|p1a: Zoomies|Eject Pack
|
|t:|1760343598
|switch|p1a: Willy Willy|Tornadus-Therian, M|100/100
|move|p2a: Ogerpon|Ivy Cudgel|p1a: Willy Willy|[anim] Ivy Cudgel Water
|-damage|p1a: Willy Willy|0 fnt
|faint|p1a: Willy Willy
|
|upkeep
|
|t:|1760343605
|switch|p1a: Zoomies|Deoxys-Speed|100/100
|-ability|p1a: Zoomies|Pressure
|turn|11
|
|t:|1760343610
|move|p1a: Zoomies|Grass Knot|p2a: Ogerpon
|-supereffective|p2a: Ogerpon
|-damage|p2a: Ogerpon|21/100
|move|p2a: Ogerpon|Ivy Cudgel|p1a: Zoomies|[anim] Ivy Cudgel Water
|-damage|p1a: Zoomies|0 fnt
|faint|p1a: Zoomies
|
|upkeep
|-message|sandgangboss forfeited.
|
|win|arnocalypse
|raw|sandgangboss's rating: 1356 &rarr; <strong>1337</strong><br />(-19 for losing)
|raw|arnocalypse's rating: 1382 &rarr; <strong>1401</strong><br />(+19 for winning)
|l|☆sandgangboss
|player|p1|
|l|☆arnocalypse
|player|p2|
