|j|☆diegoluquechaves
|j|☆mimipookie
|t:|1760355024
|gametype|singles
|player|p1|diegoluquechaves|102|1355
|player|p2|mimipookie|169|1478
|gen|9
|tier|[Gen 9] OU
|rated|
|rule|HP Percentage Mod: HP is shown in percentages
|rule|Endless Battle Clause: Forcing endless battles is banned
|rule|Species Clause: Limit one of each Pokémon
|rule|OHKO Clause: OHKO moves are banned
|rule|Evasion Items Clause: Evasion items are banned
|rule|Evasion Moves Clause: Evasion moves are banned
|rule|Evasion Abilities Clause: Evasion abilities are banned
|rule|Sleep Moves Clause: Sleep-inducing moves are banned
|clearpoke
|poke|p1|Hatterene, F|
|poke|p1|Spiritomb, M|
|poke|p1|Ursaluna, F|
|poke|p1|Exeggutor-Alola, F|
|poke|p1|Torkoal, M|
|poke|p1|Slither Wing|
|poke|p2|Ceruledge, M|
|poke|p2|Ninetales, M|
|poke|p2|Venusaur, F|
|poke|p2|Hatterene, F|
|poke|p2|Great Tusk|
|poke|p2|Walking Wake|
|teampreview
|inactive|Battle timer is ON: inactive players will automatically lose when time's up. (requested by mimipookie)
|inactive|diegoluquechaves has 120 seconds left.
|
|t:|1760355068
|teamsize|p1|6
|teamsize|p2|6
|start
|switch|p1a: Hatterene|Hatterene, F|100/100
|switch|p2a: Walking Wake|Walking Wake|100/100
|turn|1
|
|t:|1760355077
|-terastallize|p2a: Walking Wake|Water
|move|p2a: Walking Wake|Hydro Steam|p1a: Hatterene
|-damage|p1a: Hatterene|18/100
|move|p1a: Hatterene|Trick Room|p1a: Hatterene
|-fieldstart|move: Trick Room|[of] p1a: Hatterene
|
|-heal|p1a: Hatterene|25/100|[from] item: Leftovers
|upkeep
|turn|2
|
|t:|1760355095
|-end|p2a: Walking Wake|Protosynthesis|[silent]
|switch|p2a: Ninetales|Ninetales, M|100/100
|-weather|SunnyDay|[from] ability: Drought|[of] p2a: Ninetales
|move|p1a: Hatterene|Psychic Noise|p2a: Ninetales
|-damage|p2a: Ninetales|67/100
|-start|p2a: Ninetales|move: Heal Block
|
|-weather|SunnyDay|[upkeep]
|-heal|p1a: Hatterene|31/100|[from] item: Leftovers
|upkeep
|turn|3
|
|t:|1760355108
|move|p1a: Hatterene|Psychic Noise|p2a: Ninetales
|-damage|p2a: Ninetales|32/100
|move|p2a: Ninetales|Flamethrower|p1a: Hatterene
|-damage|p1a: Hatterene|0 fnt
|faint|p1a: Hatterene
|
|-weather|SunnyDay|[upkeep]
|-end|p2a: Ninetales|move: Heal Block
|upkeep
|
|t:|1760355124
|switch|p1a: Slither Wing|Slither Wing|100/100
|-activate|p1a: Slither Wing|ability: Protosynthesis
|-start|p1a: Slither Wing|protosynthesisatk
|turn|4
|
|t:|1760355134
|switch|p2a: Great Tusk|Great Tusk|100/100
|-activate|p2a: Great Tusk|ability: Protosynthesis
|-start|p2a: Great Tusk|protosynthesisspe
|move|p1a: Slither Wing|First Impression|p2a: Great Tusk
|-resisted|p2a: Great Tusk
|-damage|p2a: Great Tusk|79/100
|-damage|p1a: Slither Wing|84/100|[from] item: Rocky Helmet|[of] p2a: Great Tusk
|
|-weather|SunnyDay|[upkeep]
|upkeep
|turn|5
|inactive|diegoluquechaves has 120 seconds left.
|
|t:|1760355155
|move|p1a: Slither Wing|Flare Blitz|p2a: Great Tusk
|-damage|p2a: Great Tusk|18/100
|-damage|p1a: Slither Wing|68/100|[from] item: Rocky Helmet|[of] p2a: Great Tusk
|-damage|p1a: Slither Wing|39/100|[from] Recoil
|move|p2a: Great Tusk|Stealth Rock|p1a: Slither Wing
|-sidestart|p1: diegoluquechaves|move: Stealth Rock
|
|-weather|SunnyDay|[upkeep]
|-fieldend|move: Trick Room
|upkeep
|turn|6
|inactive|diegoluquechaves has 120 seconds left.
|
|t:|1760355172
|move|p2a: Great Tusk|Headlong Rush|p1a: Slither Wing
|-resisted|p1a: Slither Wing
|-damage|p1a: Slither Wing|13/100
|-unboost|p2a: Great Tusk|def|1
|-unboost|p2a: Great Tusk|spd|1
|move|p1a: Slither Wing|Earthquake|p2a: Great Tusk
|-damage|p2a: Great Tusk|0 fnt
|faint|p2a: Great Tusk
|-end|p2a: Great Tusk|Protosynthesis|[silent]
|
|-weather|SunnyDay|[upkeep]
|upkeep
|
|t:|1760355179
|switch|p2a: Walking Wake|Walking Wake, tera:Water|100/100
|-activate|p2a: Walking Wake|ability: Protosynthesis
|-start|p2a: Walking Wake|protosynthesisspa
|turn|7
|inactive|diegoluquechaves has 120 seconds left.
|
|t:|1760355200
|move|p2a: Walking Wake|Hydro Steam|p1a: Slither Wing
|-damage|p1a: Slither Wing|0 fnt
|faint|p1a: Slither Wing
|-end|p1a: Slither Wing|Protosynthesis|[silent]
|
|-weather|SunnyDay|[upkeep]
|upkeep
|
|t:|1760355207
|switch|p1a: Exeggutor|Exeggutor-Alola, F|100/100
|-damage|p1a: Exeggutor|88/100|[from] Stealth Rock
|turn|8
|
|t:|1760355217
|-end|p2a: Walking Wake|Protosynthesis|[silent]
|switch|p2a: Hatterene|Hatterene, F|100/100
|move|p1a: Exeggutor|Trick Room|p1a: Exeggutor
|-fieldstart|move: Trick Room|[of] p1a: Exeggutor
|
|-weather|SunnyDay|[upkeep]
|upkeep
|turn|9
|
|t:|1760355226
|move|p1a: Exeggutor|Calm Mind|p1a: Exeggutor
|-boost|p1a: Exeggutor|spa|1
|-boost|p1a: Exeggutor|spd|1
|move|p2a: Hatterene|Dazzling Gleam|p1a: Exeggutor
|-supereffective|p1a: Exeggutor
|-damage|p1a: Exeggutor|26/100
|-enditem|p1a: Exeggutor|Sitrus Berry|[eat]
|-heal|p1a: Exeggutor|51/100|[from] item: Sitrus Berry
|
|-weather|none
|upkeep
|turn|10
|inactive|diegoluquechaves has 120 seconds left.
|
|t:|1760355242
|move|p1a: Exeggutor|Giga Drain|p2a: Hatterene
|-damage|p2a: Hatterene|43/100
|-heal|p1a: Exeggutor|78/100|[from] drain|[of] p2a: Hatterene
|-enditem|p2a: Hatterene|Eject Button
|
|t:|1760355250
|switch|p2a: Ninetales|Ninetales, M|32/100
|-weather|SunnyDay|[from] ability: Drought|[of] p2a: Ninetales
|
|-weather|SunnyDay|[upkeep]
|-item|p1a: Exeggutor|Sitrus Berry|[from] ability: Harvest
|upkeep
|turn|11
|inactive|diegoluquechaves has 120 seconds left.
|
|t:|1760355266
|move|p1a: Exeggutor|Flamethrower|p2a: Ninetales
|-resisted|p2a: Ninetales
|-damage|p2a: Ninetales|0 fnt
|faint|p2a: Ninetales
|
|-weather|SunnyDay|[upkeep]
|upkeep
|
|t:|1760355270
|switch|p2a: ace|Ceruledge, M|100/100
|turn|12
|
|t:|1760355282
|move|p1a: Exeggutor|Giga Drain|p2a: ace
|-resisted|p2a: ace
|-damage|p2a: ace|64/100
|-heal|p1a: Exeggutor|94/100|[from] drain|[of] p2a: ace
|move|p2a: ace|Bitter Blade|p1a: Exeggutor
|-crit|p1a: Exeggutor
|-damage|p1a: Exeggutor|2/100
|-heal|p2a: ace|100/100|[from] drain|[of] p1a: Exeggutor
|-enditem|p1a: Exeggutor|Sitrus Berry|[eat]
|-heal|p1a: Exeggutor|27/100|[from] item: Sitrus Berry
|
|-weather|SunnyDay|[upkeep]
|-fieldend|move: Trick Room
|-item|p1a: Exeggutor|Sitrus Berry|[from] ability: Harvest
|upkeep
|-enditem|p1a: Exeggutor|Sitrus Berry|[eat]
|-heal|p1a: Exeggutor|52/100|[from] item: Sitrus Berry
|turn|13
|inactive|diegoluquechaves has 120 seconds left.
|
|t:|1760355322
|switch|p1a: Torkoal|Torkoal, M|100/100
|-damage|p1a: Torkoal|76/100|[from] Stealth Rock
|move|p2a: ace|Swords Dance|p2a: ace
|-boost|p2a: ace|atk|2
|
|-weather|SunnyDay|[upkeep]
|upkeep
|turn|14
|inactive|diegoluquechaves has 90 seconds left.
|
|t:|1760355342
|move|p2a: ace|Bitter Blade|p1a: Torkoal
|-resisted|p1a: Torkoal
|-damage|p1a: Torkoal|13/100
|move|p1a: Torkoal|Stealth Rock|p2a: ace
|-sidestart|p2: mimipookie|move: Stealth Rock
|
|-weather|SunnyDay|[upkeep]
|upkeep
|turn|15
|
|t:|1760355352
|move|p2a: ace|Bitter Blade|p1a: Torkoal
|-resisted|p1a: Torkoal
|-damage|p1a: Torkoal|0 fnt
|faint|p1a: Torkoal
|
|-weather|SunnyDay|[upkeep]
|upkeep
|
|t:|1760355359
|switch|p1a: Spiritomb|Spiritomb, M|100/100
|-damage|p1a: Spiritomb|88/100|[from] Stealth Rock
|-ability|p1a: Spiritomb|Pressure
|turn|16
|
|t:|1760355366
|move|p2a: ace|Bitter Blade|p1a: Spiritomb
|-damage|p1a: Spiritomb|0 fnt
|faint|p1a: Spiritomb
|
|-weather|SunnyDay|[upkeep]
|upkeep
|
|t:|1760355372
|switch|p1a: Ursaluna|Ursaluna, F|100/100
|-damage|p1a: Ursaluna|94/100|[from] Stealth Rock
|turn|17
|
|t:|1760355381
|move|p2a: ace|Swords Dance|p2a: ace
|-boost|p2a: ace|atk|2
|move|p1a: Ursaluna|Headlong Rush|p2a: ace
|-supereffective|p2a: ace
|-enditem|p2a: ace|Focus Sash
|-damage|p2a: ace|1/100
|-unboost|p1a: Ursaluna|def|1
|-unboost|p1a: Ursaluna|spd|1
|-ability|p2a: ace|Weak Armor|boost
|-unboost|p2a: ace|def|1
|-boost|p2a: ace|spe|2
|
|-weather|none
|-status|p1a: Ursaluna|brn|[from] item: Flame Orb
|upkeep
|turn|18
|
|t:|1760355399
|move|p2a: ace|Bitter Blade|p1a: Ursaluna
|-damage|p1a: Ursaluna|0 fnt
|-heal|p2a: ace|65/100|[from] drain|[of] p1a: Ursaluna
|faint|p1a: Ursaluna
|
|upkeep
|-message|diegoluquechaves forfeited.
|
|win|mimipookie
|raw|diegoluquechaves's rating: 1355 &rarr; <strong>1342</strong><br />(-13 for losing)
|raw|mimipookie's rating: 1478 &rarr; <strong>1491</strong><br />(+13 for winning)
|l|☆diegoluquechaves
|player|p1|
|c|☆mimipookie|gg
|l|☆mimipookie
|player|p2|
