|j|☆skibidisksk
|j|☆Ghost_DZ
|t:|1760306610
|gametype|singles
|player|p1|skibidisksk|101|1513
|player|p2|Ghost_DZ|volkner|1528
|gen|9
|tier|[Gen 9] OU
|rated|
|rule|HP Percentage Mod: HP is shown in percentages
|rule|Endless Battle Clause: Forcing endless battles is banned
|rule|Species Clause: Limit one of each Pokémon
|rule|OHKO Clause: OHKO moves are banned
|rule|Evasion Items Clause: Evasion items are banned
|rule|Evasion Moves Clause: Evasion moves are banned
|rule|Evasion Abilities Clause: Evasion abilities are banned
|rule|Sleep Moves Clause: Sleep-inducing moves are banned
|clearpoke
|poke|p1|Raging Bolt|
|poke|p1|Dragonite, M|
|poke|p1|Iron Valiant|
|poke|p1|Iron Moth|
|poke|p1|Landorus-Therian, M|
|poke|p1|Darkrai|
|poke|p2|Toxapex, M|
|poke|p2|Gliscor, F|
|poke|p2|Blissey, F|
|poke|p2|Dondozo, M|
|poke|p2|Moltres|
|poke|p2|Cresselia, F|
|teampreview
|inactive|Battle timer is ON: inactive players will automatically lose when time's up. (requested by Ghost_DZ)
|inactive|skibidisksk also wants the timer to be on.
|
|t:|1760306639
|teamsize|p1|6
|teamsize|p2|6
|start
|switch|p1a: Dragonite|Dragonite, M|100/100
|switch|p2a: Gliscor|Gliscor, F|100/100
|turn|1
|
|t:|1760306647
|switch|p1a: Iron Moth|Iron Moth|100/100
|-enditem|p1a: Iron Moth|Booster Energy
|-activate|p1a: Iron Moth|ability: Quark Drive|[fromitem]
|-start|p1a: Iron Moth|quarkdrivespe
|move|p2a: Gliscor|Protect||[still]
|-fail|p2a: Gliscor
|
|-status|p2a: Gliscor|tox|[from] item: Toxic Orb
|upkeep
|turn|2
|j| Zayih12
|
|t:|1760306655
|-end|p1a: Iron Moth|Quark Drive|[silent]
|switch|p1a: Dragonite|Dragonite, M|100/100
|move|p2a: Gliscor|Earthquake|p1a: Dragonite
|-immune|p1a: Dragonite
|
|upkeep
|turn|3
|
|t:|1760306663
|move|p2a: Gliscor|Protect|p2a: Gliscor
|-singleturn|p2a: Gliscor|Protect
|move|p1a: Dragonite|Ice Spinner|p2a: Gliscor
|-activate|p2a: Gliscor|move: Protect
|
|upkeep
|turn|4
|
|t:|1760306671
|switch|p2a: Toxapex|Toxapex, M|100/100
|move|p1a: Dragonite|Ice Spinner|p2a: Toxapex
|-resisted|p2a: Toxapex
|-damage|p2a: Toxapex|92/100
|
|upkeep
|turn|5
|
|t:|1760306684
|switch|p1a: Iron Moth|Iron Moth|100/100
|move|p2a: Toxapex|Toxic|p1a: Iron Moth
|-immune|p1a: Iron Moth
|
|upkeep
|turn|6
|
|t:|1760306692
|switch|p2a: Blissey|Blissey, F|100/100
|move|p1a: Iron Moth|Fiery Dance|p2a: Blissey
|-damage|p2a: Blissey|89/100
|
|upkeep
|turn|7
|l| Zayih12
|
|t:|1760306705
|-end|p1a: Iron Moth|Quark Drive|[silent]
|switch|p1a: Landorus|Landorus-Therian, M|100/100
|-ability|p1a: Landorus|Intimidate|boost
|-unboost|p2a: Blissey|atk|1
|move|p2a: Blissey|Stealth Rock|p1a: Landorus
|-sidestart|p1: skibidisksk|move: Stealth Rock
|
|upkeep
|turn|8
|
|t:|1760306718
|switch|p2a: Gliscor|Gliscor, F|100/100 tox
|move|p1a: Landorus|Stealth Rock|p2a: Gliscor
|-sidestart|p2: Ghost_DZ|move: Stealth Rock
|
|upkeep
|turn|9
|
|t:|1760306726
|move|p1a: Landorus|Taunt|p2a: Gliscor
|-start|p2a: Gliscor|move: Taunt
|cant|p2a: Gliscor|move: Taunt|Spikes
|
|upkeep
|turn|10
|
|t:|1760306735
|move|p1a: Landorus|Earthquake|p2a: Gliscor
|-immune|p2a: Gliscor
|move|p2a: Gliscor|Knock Off|p1a: Landorus
|-damage|p1a: Landorus|75/100
|-enditem|p1a: Landorus|Focus Sash|[from] move: Knock Off|[of] p2a: Gliscor
|
|upkeep
|turn|11
|
|t:|1760306745
|switch|p1a: Iron Valiant|Iron Valiant|100/100
|-damage|p1a: Iron Valiant|94/100|[from] Stealth Rock
|-enditem|p1a: Iron Valiant|Booster Energy
|-activate|p1a: Iron Valiant|ability: Quark Drive|[fromitem]
|-start|p1a: Iron Valiant|quarkdrivespe
|move|p2a: Gliscor|Knock Off|p1a: Iron Valiant
|-resisted|p1a: Iron Valiant
|-damage|p1a: Iron Valiant|89/100
|
|-end|p2a: Gliscor|move: Taunt
|upkeep
|turn|12
|
|t:|1760306755
|move|p2a: Gliscor|Protect|p2a: Gliscor
|-singleturn|p2a: Gliscor|Protect
|move|p1a: Iron Valiant|Encore|p2a: Gliscor
|-activate|p2a: Gliscor|move: Protect
|
|upkeep
|turn|13
|
|t:|1760306764
|-end|p1a: Iron Valiant|Quark Drive|[silent]
|switch|p1a: Darkrai|Darkrai|100/100
|-damage|p1a: Darkrai|88/100|[from] Stealth Rock
|switch|p2a: Moltres|Moltres|100/100
|
|upkeep
|turn|14
|
|t:|1760306772
|switch|p2a: Blissey|Blissey, F|89/100
|move|p1a: Darkrai|Dark Pulse|p2a: Blissey
|-damage|p2a: Blissey|73/100
|-damage|p1a: Darkrai|78/100|[from] item: Life Orb
|
|upkeep
|turn|15
|
|t:|1760306782
|move|p1a: Darkrai|Nasty Plot|p1a: Darkrai
|-boost|p1a: Darkrai|spa|2
|move|p2a: Blissey|Thunder Wave|p1a: Darkrai
|-status|p1a: Darkrai|par
|
|upkeep
|turn|16
|
|t:|1760306790
|move|p1a: Darkrai|Focus Blast|p2a: Blissey
|-supereffective|p2a: Blissey
|-damage|p2a: Blissey|13/100
|-damage|p1a: Darkrai|68/100 par|[from] item: Life Orb
|move|p2a: Blissey|Seismic Toss|p1a: Darkrai
|-damage|p1a: Darkrai|33/100 par
|
|upkeep
|turn|17
|
|t:|1760306804
|move|p1a: Darkrai|Dark Pulse|p2a: Blissey
|-damage|p2a: Blissey|0 fnt
|faint|p2a: Blissey
|-damage|p1a: Darkrai|23/100 par|[from] item: Life Orb
|
|upkeep
|
|t:|1760306814
|switch|p2a: Moltres|Moltres|100/100
|turn|18
|
|t:|1760306822
|-terastallize|p1a: Darkrai|Ghost
|move|p2a: Moltres|Flamethrower|p1a: Darkrai
|-damage|p1a: Darkrai|0 fnt
|faint|p1a: Darkrai
|
|upkeep
|
|t:|1760306833
|switch|p1a: Raging Bolt|Raging Bolt|100/100
|-damage|p1a: Raging Bolt|88/100|[from] Stealth Rock
|-enditem|p1a: Raging Bolt|Booster Energy
|-activate|p1a: Raging Bolt|ability: Protosynthesis|[fromitem]
|-start|p1a: Raging Bolt|protosynthesisspa
|turn|19
|
|t:|1760306841
|switch|p2a: Gliscor|Gliscor, F|100/100 tox
|-damage|p2a: Gliscor|88/100 tox|[from] Stealth Rock
|move|p1a: Raging Bolt|Calm Mind|p1a: Raging Bolt
|-boost|p1a: Raging Bolt|spa|1
|-boost|p1a: Raging Bolt|spd|1
|
|-heal|p2a: Gliscor|100/100 tox|[from] ability: Poison Heal
|upkeep
|turn|20
|j| Zayih12
|
|t:|1760306849
|move|p1a: Raging Bolt|Dragon Pulse|p2a: Gliscor
|-damage|p2a: Gliscor|0 fnt
|faint|p2a: Gliscor
|
|upkeep
|
|t:|1760306873
|switch|p2a: Toxapex|Toxapex, M|100/100
|turn|21
|l| Zayih12
|
|t:|1760306881
|-terastallize|p2a: Toxapex|Bug
|move|p1a: Raging Bolt|Thunderbolt|p2a: Toxapex
|-damage|p2a: Toxapex|23/100
|move|p2a: Toxapex|Toxic|p1a: Raging Bolt
|-status|p1a: Raging Bolt|tox
|
|-damage|p1a: Raging Bolt|82/100 tox|[from] psn
|upkeep
|turn|22
|
|t:|1760306892
|move|p2a: Toxapex|Baneful Bunker|p2a: Toxapex
|-singleturn|p2a: Toxapex|move: Protect
|move|p1a: Raging Bolt|Thunderbolt|p2a: Toxapex
|-activate|p2a: Toxapex|move: Protect
|
|-damage|p1a: Raging Bolt|70/100 tox|[from] psn
|upkeep
|turn|23
|
|t:|1760306911
|switch|p2a: Moltres|Moltres|100/100
|move|p1a: Raging Bolt|Thunderbolt|p2a: Moltres
|-supereffective|p2a: Moltres
|-damage|p2a: Moltres|0 fnt
|faint|p2a: Moltres
|
|-damage|p1a: Raging Bolt|51/100 tox|[from] psn
|upkeep
|
|t:|1760306929
|switch|p2a: Cresselia|Cresselia, F|100/100
|-damage|p2a: Cresselia|88/100|[from] Stealth Rock
|turn|24
|
|t:|1760306937
|move|p1a: Raging Bolt|Thunderbolt|p2a: Cresselia
|-damage|p2a: Cresselia|31/100
|move|p2a: Cresselia|Moonlight|p2a: Cresselia
|-heal|p2a: Cresselia|81/100
|
|-damage|p1a: Raging Bolt|27/100 tox|[from] psn
|upkeep
|turn|25
|
|t:|1760306947
|move|p1a: Raging Bolt|Thunderbolt|p2a: Cresselia
|-damage|p2a: Cresselia|26/100
|move|p2a: Cresselia|Moonlight|p2a: Cresselia
|-heal|p2a: Cresselia|76/100
|
|-damage|p1a: Raging Bolt|0 fnt|[from] psn
|faint|p1a: Raging Bolt
|-end|p1a: Raging Bolt|Protosynthesis|[silent]
|upkeep
|
|t:|1760306956
|switch|p1a: Iron Moth|Iron Moth|100/100
|-damage|p1a: Iron Moth|76/100|[from] Stealth Rock
|turn|26
|
|t:|1760306965
|move|p1a: Iron Moth|Fiery Dance|p2a: Cresselia
|-damage|p2a: Cresselia|52/100
|move|p2a: Cresselia|Calm Mind|p2a: Cresselia
|-boost|p2a: Cresselia|spa|1
|-boost|p2a: Cresselia|spd|1
|
|upkeep
|turn|27
|
|t:|1760306974
|-end|p1a: Iron Moth|Quark Drive|[silent]
|switch|p1a: Iron Valiant|Iron Valiant|89/100
|-damage|p1a: Iron Valiant|83/100|[from] Stealth Rock
|move|p2a: Cresselia|Calm Mind|p2a: Cresselia
|-boost|p2a: Cresselia|spa|1
|-boost|p2a: Cresselia|spd|1
|
|upkeep
|turn|28
|
|t:|1760306983
|switch|p2a: Toxapex|Toxapex, M, tera:Bug|57/100
|move|p1a: Iron Valiant|Calm Mind|p1a: Iron Valiant
|-boost|p1a: Iron Valiant|spa|1
|-boost|p1a: Iron Valiant|spd|1
|
|upkeep
|turn|29
|
|t:|1760306991
|move|p1a: Iron Valiant|Thunderbolt|p2a: Toxapex
|-damage|p2a: Toxapex|22/100
|move|p2a: Toxapex|Toxic|p1a: Iron Valiant
|-status|p1a: Iron Valiant|tox
|
|-damage|p1a: Iron Valiant|77/100 tox|[from] psn
|upkeep
|turn|30
|
|t:|1760307018
|move|p2a: Toxapex|Baneful Bunker|p2a: Toxapex
|-singleturn|p2a: Toxapex|move: Protect
|move|p1a: Iron Valiant|Moonblast|p2a: Toxapex
|-activate|p2a: Toxapex|move: Protect
|
|-damage|p1a: Iron Valiant|65/100 tox|[from] psn
|upkeep
|turn|31
|inactive|Ghost_DZ has 120 seconds left.
|
|t:|1760307039
|move|p1a: Iron Valiant|Moonblast|p2a: Toxapex
|-damage|p2a: Toxapex|0 fnt
|faint|p2a: Toxapex
|
|-damage|p1a: Iron Valiant|46/100 tox|[from] psn
|upkeep
|
|t:|1760307048
|switch|p2a: Cresselia|Cresselia, F|52/100
|-damage|p2a: Cresselia|40/100|[from] Stealth Rock
|turn|32
|
|t:|1760307056
|move|p1a: Iron Valiant|Moonblast|p2a: Cresselia
|-crit|p2a: Cresselia
|-damage|p2a: Cresselia|0 fnt
|faint|p2a: Cresselia
|
|-damage|p1a: Iron Valiant|21/100 tox|[from] psn
|upkeep
|
|t:|1760307062
|switch|p2a: Dondozo|Dondozo, M|100/100
|turn|33
|
|t:|1760307070
|move|p1a: Iron Valiant|Thunderbolt|p2a: Dondozo
|-supereffective|p2a: Dondozo
|-damage|p2a: Dondozo|41/100
|move|p2a: Dondozo|Rest|p2a: Dondozo
|-status|p2a: Dondozo|slp|[from] move: Rest
|-heal|p2a: Dondozo|100/100 slp|[silent]
|
|-damage|p1a: Iron Valiant|0 fnt|[from] psn
|faint|p1a: Iron Valiant
|-end|p1a: Iron Valiant|Quark Drive|[silent]
|upkeep
|
|t:|1760307082
|switch|p1a: Iron Moth|Iron Moth|76/100
|-damage|p1a: Iron Moth|51/100|[from] Stealth Rock
|turn|34
|
|t:|1760307090
|move|p1a: Iron Moth|Sludge Wave|p2a: Dondozo
|-damage|p2a: Dondozo|58/100 slp
|cant|p2a: Dondozo|slp
|move|p2a: Dondozo|Sleep Talk|p2a: Dondozo
|move|p2a: Dondozo|Rest||[from] move: Sleep Talk|[still]
|-fail|p2a: Dondozo
|
|upkeep
|turn|35
|
|t:|1760307098
|move|p1a: Iron Moth|Sludge Wave|p2a: Dondozo
|-damage|p2a: Dondozo|10/100 slp
|cant|p2a: Dondozo|slp
|move|p2a: Dondozo|Sleep Talk|p2a: Dondozo
|move|p2a: Dondozo|Curse|p2a: Dondozo|[from] move: Sleep Talk
|-unboost|p2a: Dondozo|spe|1
|-boost|p2a: Dondozo|atk|1
|-boost|p2a: Dondozo|def|1
|
|upkeep
|turn|36
|
|t:|1760307103
|move|p1a: Iron Moth|Fiery Dance|p2a: Dondozo
|-resisted|p2a: Dondozo
|-damage|p2a: Dondozo|0 fnt
|faint|p2a: Dondozo
|
|win|skibidisksk
|raw|skibidisksk's rating: 1513 &rarr; <strong>1534</strong><br />(+21 for winning)
|raw|Ghost_DZ's rating: 1528 &rarr; <strong>1507</strong><br />(-21 for losing)
