|j|☆hahaher
|j|☆saint246
|t:|1760390259
|gametype|singles
|player|p1|hahaher|ghetsis-gen5bw|1068
|player|p2|saint246|170|1063
|gen|9
|tier|[Gen 9] OU
|rated|
|rule|HP Percentage Mod: HP is shown in percentages
|rule|Endless Battle Clause: Forcing endless battles is banned
|rule|Species Clause: Limit one of each Pokémon
|rule|OHKO Clause: OHKO moves are banned
|rule|Evasion Items Clause: Evasion items are banned
|rule|Evasion Moves Clause: Evasion moves are banned
|rule|Evasion Abilities Clause: Evasion abilities are banned
|rule|Sleep Moves Clause: Sleep-inducing moves are banned
|clearpoke
|poke|p1|Samurott-Hisui, F|
|poke|p1|Cloyster, F|
|poke|p1|Rillaboom, M|
|poke|p1|Maushold|
|poke|p1|Dragonite, M|
|poke|p1|Iron Treads|
|poke|p2|Zoroark-Hisui, M|
|poke|p2|Ting-Lu|
|poke|p2|Grimmsnarl, M|
|poke|p2|Iron Treads|
|poke|p2|Masquerain, F|
|poke|p2|Feraligatr, M|
|teampreview
|inactive|Battle timer is ON: inactive players will automatically lose when time's up. (requested by hahaher)
|inactive|saint246 has 120 seconds left.
|
|t:|1760390320
|teamsize|p1|6
|teamsize|p2|6
|start
|switch|p1a: Samurott|Samurott-Hisui, F|100/100
|switch|p2a: Ting-Lu|Ting-Lu|100/100
|-ability|p2a: Ting-Lu|Vessel of Ruin
|turn|1
|
|t:|1760390327
|move|p1a: Samurott|Taunt|p2a: Ting-Lu
|-start|p2a: Ting-Lu|move: Taunt
|-enditem|p2a: Ting-Lu|Mental Herb
|-end|p2a: Ting-Lu|move: Taunt
|move|p2a: Ting-Lu|Stealth Rock|p1a: Samurott
|-sidestart|p1: hahaher|move: Stealth Rock
|
|upkeep
|turn|2
|
|t:|1760390339
|switch|p2a: Iron Treads|Iron Treads|100/100
|-enditem|p2a: Iron Treads|Booster Energy
|-activate|p2a: Iron Treads|ability: Quark Drive|[fromitem]
|-start|p2a: Iron Treads|quarkdrivespe
|move|p1a: Samurott|Taunt|p2a: Iron Treads
|-start|p2a: Iron Treads|move: Taunt
|
|upkeep
|turn|3
|
|t:|1760390348
|move|p2a: Iron Treads|Supercell Slam|p1a: Samurott
|-supereffective|p1a: Samurott
|-damage|p1a: Samurott|25/100
|move|p1a: Samurott|Whirlpool|p2a: Iron Treads
|-supereffective|p2a: Iron Treads
|-damage|p2a: Iron Treads|65/100
|-activate|p2a: Iron Treads|move: Whirlpool|[of] p1a: Samurott
|
|-damage|p2a: Iron Treads|53/100|[from] move: Whirlpool|[partiallytrapped]
|upkeep
|turn|4
|
|t:|1760390356
|move|p2a: Iron Treads|Earthquake|p1a: Samurott
|-damage|p1a: Samurott|0 fnt
|faint|p1a: Samurott
|
|-end|p2a: Iron Treads|Whirlpool|[partiallytrapped]|[silent]
|-end|p2a: Iron Treads|move: Taunt
|upkeep
|
|t:|1760390367
|switch|p1a: Maushold|Maushold|100/100
|-damage|p1a: Maushold|88/100|[from] Stealth Rock
|turn|5
|
|t:|1760390375
|move|p2a: Iron Treads|Earthquake|p1a: Maushold
|-damage|p1a: Maushold|16/100
|move|p1a: Maushold|Tidy Up|p1a: Maushold
|-sideend|p1: hahaher|Stealth Rock
|-activate|p1a: Maushold|move: Tidy Up
|-boost|p1a: Maushold|atk|1
|-boost|p1a: Maushold|spe|1
|
|upkeep
|turn|6
|
|t:|1760390382
|move|p1a: Maushold|Population Bomb|p2a: Iron Treads
|-resisted|p2a: Iron Treads
|-damage|p2a: Iron Treads|47/100
|-resisted|p2a: Iron Treads
|-damage|p2a: Iron Treads|42/100
|-resisted|p2a: Iron Treads
|-damage|p2a: Iron Treads|37/100
|-resisted|p2a: Iron Treads
|-crit|p2a: Iron Treads
|-damage|p2a: Iron Treads|29/100
|-hitcount|p2a: Iron Treads|4
|move|p2a: Iron Treads|Rapid Spin|p1a: Maushold
|-damage|p1a: Maushold|0 fnt
|-boost|p2a: Iron Treads|spe|1
|faint|p1a: Maushold
|
|upkeep
|
|t:|1760390387
|switch|p1a: Rillaboom|Rillaboom, M|100/100
|-fieldstart|move: Grassy Terrain|[from] ability: Grassy Surge|[of] p1a: Rillaboom
|turn|7
|
|t:|1760390398
|-end|p2a: Iron Treads|Quark Drive|[silent]
|switch|p2a: Masquerain|Masquerain, F|100/100
|-ability|p2a: Masquerain|Intimidate|boost
|-unboost|p1a: Rillaboom|atk|1
|move|p1a: Rillaboom|Grassy Glide|p2a: Masquerain
|-resisted|p2a: Masquerain
|-damage|p2a: Masquerain|91/100
|-damage|p1a: Rillaboom|91/100|[from] item: Life Orb
|
|-heal|p1a: Rillaboom|97/100|[from] Grassy Terrain
|upkeep
|turn|8
|
|t:|1760390409
|move|p1a: Rillaboom|Knock Off|p2a: Masquerain
|-damage|p2a: Masquerain|56/100
|-enditem|p2a: Masquerain|Blunder Policy|[from] move: Knock Off|[of] p1a: Rillaboom
|-damage|p1a: Rillaboom|87/100|[from] item: Life Orb
|move|p2a: Masquerain|Stun Spore|p1a: Rillaboom
|-immune|p1a: Rillaboom
|
|-heal|p1a: Rillaboom|93/100|[from] Grassy Terrain
|upkeep
|turn|9
|
|t:|1760390418
|move|p1a: Rillaboom|Swords Dance|p1a: Rillaboom
|-boost|p1a: Rillaboom|atk|2
|move|p2a: Masquerain|Soak|p1a: Rillaboom
|-start|p1a: Rillaboom|typechange|Water
|
|-heal|p1a: Rillaboom|99/100|[from] Grassy Terrain
|upkeep
|turn|10
|
|t:|1760390425
|move|p1a: Rillaboom|Swords Dance|p1a: Rillaboom
|-boost|p1a: Rillaboom|atk|2
|move|p2a: Masquerain|Stun Spore|p1a: Rillaboom
|-status|p1a: Rillaboom|par
|
|-heal|p1a: Rillaboom|100/100 par|[from] Grassy Terrain
|upkeep
|turn|11
|
|t:|1760390432
|move|p2a: Masquerain|Giga Drain|p1a: Rillaboom
|-supereffective|p1a: Rillaboom
|-damage|p1a: Rillaboom|61/100 par
|-heal|p2a: Masquerain|76/100|[from] drain|[of] p1a: Rillaboom
|move|p1a: Rillaboom|Knock Off|p2a: Masquerain
|-damage|p2a: Masquerain|0 fnt
|faint|p2a: Masquerain
|-damage|p1a: Rillaboom|51/100 par|[from] item: Life Orb
|
|-heal|p1a: Rillaboom|57/100 par|[from] Grassy Terrain
|-fieldend|move: Grassy Terrain
|upkeep
|
|t:|1760390443
|switch|p2a: Iron Treads|Iron Treads|29/100
|turn|12
|
|t:|1760390450
|move|p2a: Iron Treads|Supercell Slam|p1a: Rillaboom
|-supereffective|p1a: Rillaboom
|-damage|p1a: Rillaboom|0 fnt
|faint|p1a: Rillaboom
|
|upkeep
|
|t:|1760390454
|switch|p1a: Dragonite|Dragonite, M|100/100
|turn|13
|
|t:|1760390457
|move|p1a: Dragonite|Extreme Speed|p2a: Iron Treads
|-resisted|p2a: Iron Treads
|-damage|p2a: Iron Treads|15/100
|move|p2a: Iron Treads|Rapid Spin|p1a: Dragonite
|-damage|p1a: Dragonite|91/100
|-boost|p2a: Iron Treads|spe|1
|
|-heal|p1a: Dragonite|97/100|[from] item: Leftovers
|upkeep
|turn|14
|
|t:|1760390465
|move|p1a: Dragonite|Extreme Speed|p2a: Iron Treads
|-resisted|p2a: Iron Treads
|-damage|p2a: Iron Treads|2/100
|move|p2a: Iron Treads|Ice Spinner|p1a: Dragonite
|-supereffective|p1a: Dragonite
|-damage|p1a: Dragonite|0 fnt
|faint|p1a: Dragonite
|
|upkeep
|
|t:|1760390471
|switch|p1a: Iron Treads|Iron Treads|100/100
|-enditem|p1a: Iron Treads|Booster Energy
|-activate|p1a: Iron Treads|ability: Quark Drive|[fromitem]
|-start|p1a: Iron Treads|quarkdrivespe
|turn|15
|
|t:|1760390476
|move|p2a: Iron Treads|Earthquake|p1a: Iron Treads
|-supereffective|p1a: Iron Treads
|-damage|p1a: Iron Treads|32/100
|move|p1a: Iron Treads|Rapid Spin|p2a: Iron Treads
|-resisted|p2a: Iron Treads
|-damage|p2a: Iron Treads|0 fnt
|-boost|p1a: Iron Treads|spe|1
|faint|p2a: Iron Treads
|-end|p2a: Iron Treads|Quark Drive|[silent]
|
|upkeep
|
|t:|1760390484
|switch|p2a: Ting-Lu|Ting-Lu|100/100
|-ability|p2a: Ting-Lu|Vessel of Ruin
|turn|16
|
|t:|1760390491
|move|p1a: Iron Treads|Earthquake|p2a: Ting-Lu
|-damage|p2a: Ting-Lu|79/100
|move|p2a: Ting-Lu|Whirlwind|p1a: Iron Treads
|-end|p1a: Iron Treads|Quark Drive|[silent]
|drag|p1a: Cloyster|Cloyster, F, shiny|100/100
|
|upkeep
|turn|17
|
|t:|1760390497
|move|p1a: Cloyster|Shell Smash|p1a: Cloyster
|-unboost|p1a: Cloyster|def|1
|-unboost|p1a: Cloyster|spd|1
|-boost|p1a: Cloyster|atk|2
|-boost|p1a: Cloyster|spa|2
|-boost|p1a: Cloyster|spe|2
|move|p2a: Ting-Lu|Whirlwind|p1a: Cloyster
|drag|p1a: Iron Treads|Iron Treads|32/100
|
|upkeep
|turn|18
|
|t:|1760390508
|move|p1a: Iron Treads|Earthquake|p2a: Ting-Lu
|-damage|p2a: Ting-Lu|57/100
|move|p2a: Ting-Lu|Stealth Rock|p1a: Iron Treads
|-sidestart|p1: hahaher|move: Stealth Rock
|
|upkeep
|turn|19
|
|t:|1760390513
|move|p1a: Iron Treads|Earthquake|p2a: Ting-Lu
|-damage|p2a: Ting-Lu|36/100
|move|p2a: Ting-Lu|Whirlwind|p1a: Iron Treads
|-end|p1a: Iron Treads|Quark Drive|[silent]
|drag|p1a: Cloyster|Cloyster, F, shiny|100/100
|-damage|p1a: Cloyster|76/100|[from] Stealth Rock
|
|upkeep
|turn|20
|
|t:|1760390519
|move|p1a: Cloyster|Shell Smash|p1a: Cloyster
|-unboost|p1a: Cloyster|def|1
|-unboost|p1a: Cloyster|spd|1
|-boost|p1a: Cloyster|atk|2
|-boost|p1a: Cloyster|spa|2
|-boost|p1a: Cloyster|spe|2
|move|p2a: Ting-Lu|Whirlwind|p1a: Cloyster
|drag|p1a: Iron Treads|Iron Treads|32/100
|-damage|p1a: Iron Treads|29/100|[from] Stealth Rock
|
|upkeep
|turn|21
|
|t:|1760390529
|move|p1a: Iron Treads|Earthquake|p2a: Ting-Lu
|-damage|p2a: Ting-Lu|15/100
|move|p2a: Ting-Lu|Whirlwind|p1a: Iron Treads
|-end|p1a: Iron Treads|Quark Drive|[silent]
|drag|p1a: Cloyster|Cloyster, F, shiny|76/100
|-damage|p1a: Cloyster|51/100|[from] Stealth Rock
|
|upkeep
|turn|22
|c|☆hahaher|A irmão, foda-se, mongolóide
|-message|hahaher forfeited.
|
|win|saint246
