|j|☆suicidalwatermelon
|j|‽moominmooo
|t:|1760432083
|gametype|singles
|player|p1|suicidalwatermelon|nurse|1311
|player|p2|moominmooo|1|1323
|gen|9
|tier|[Gen 9] OU
|rated|
|rule|HP Percentage Mod: HP is shown in percentages
|rule|Endless Battle Clause: Forcing endless battles is banned
|rule|Species Clause: Limit one of each Pokémon
|rule|OHKO Clause: OHKO moves are banned
|rule|Evasion Items Clause: Evasion items are banned
|rule|Evasion Moves Clause: Evasion moves are banned
|rule|Evasion Abilities Clause: Evasion abilities are banned
|rule|Sleep Moves Clause: Sleep-inducing moves are banned
|clearpoke
|poke|p1|Ursaluna, F|
|poke|p1|Meowscarada, M|
|poke|p1|Slowking-Galar, M|
|poke|p1|Great Tusk|
|poke|p1|Moltres|
|poke|p1|Gholdengo|
|poke|p2|Tyranitar, F|
|poke|p2|Ting-Lu|
|poke|p2|Moltres|
|poke|p2|Great Tusk|
|poke|p2|Gholdengo|
|poke|p2|Dragonite, M|
|teampreview
|inactive|Battle timer is ON: inactive players will automatically lose when time's up. (requested by suicidalwatermelon)
|
|t:|1760432114
|teamsize|p1|6
|teamsize|p2|6
|start
|switch|p1a: Slowking|Slowking-Galar, M|100/100
|switch|p2a: Ting-Lu|Ting-Lu|100/100
|-ability|p2a: Ting-Lu|Vessel of Ruin
|turn|1
|
|t:|1760432130
|move|p2a: Ting-Lu|Stealth Rock|p1a: Slowking
|-sidestart|p1: suicidalwatermelon|move: Stealth Rock
|move|p1a: Slowking|Toxic Spikes|p2a: Ting-Lu
|-sidestart|p2: moominmooo|move: Toxic Spikes
|
|upkeep
|turn|2
|
|t:|1760432138
|move|p2a: Ting-Lu|Spikes|p1a: Slowking
|-sidestart|p1: suicidalwatermelon|Spikes
|-prepare|p1a: Slowking|Chilly Reception|[premajor]
|move|p1a: Slowking|Chilly Reception|p1a: Slowking
|-weather|Snowscape
|
|t:|1760432144
|switch|p1a: Meowscarada|Meowscarada, M|100/100|[from] Chilly Reception
|
|-weather|Snowscape|[upkeep]
|upkeep
|turn|3
|
|t:|1760432149
|switch|p2a: Moltres|Moltres|100/100
|move|p1a: Meowscarada|Knock Off|p2a: Moltres
|-damage|p2a: Moltres|54/100
|-enditem|p2a: Moltres|Heavy-Duty Boots|[from] move: Knock Off|[of] p1a: Meowscarada
|
|-weather|Snowscape|[upkeep]
|upkeep
|turn|4
|
|t:|1760432159
|switch|p1a: Moltres|Moltres|100/100
|move|p2a: Moltres|Roost|p2a: Moltres
|-heal|p2a: Moltres|100/100
|-singleturn|p2a: Moltres|move: Roost
|
|-weather|Snowscape|[upkeep]
|upkeep
|turn|5
|
|t:|1760432167
|move|p1a: Moltres|Roar|p2a: Moltres
|drag|p2a: Dragonite|Dragonite, M|100/100
|
|-weather|Snowscape|[upkeep]
|upkeep
|turn|6
|
|t:|1760432173
|switch|p2a: Gholdengo|Gholdengo|100/100
|move|p1a: Moltres|Roar|p2a: Gholdengo
|-immune|p2a: Gholdengo|[from] ability: Good as Gold
|
|-weather|none
|upkeep
|turn|7
|
|t:|1760432182
|move|p2a: Gholdengo|Thunderbolt|p1a: Moltres
|-supereffective|p1a: Moltres
|-damage|p1a: Moltres|34/100
|move|p1a: Moltres|Flamethrower|p2a: Gholdengo
|-supereffective|p2a: Gholdengo
|-damage|p2a: Gholdengo|20/100
|
|upkeep
|turn|8
|
|t:|1760432185
|switch|p1a: Great Tusk|Great Tusk|100/100
|-damage|p1a: Great Tusk|98/100|[from] Stealth Rock
|-damage|p1a: Great Tusk|85/100|[from] Spikes
|move|p2a: Gholdengo|Thunderbolt|p1a: Great Tusk
|-immune|p1a: Great Tusk
|
|upkeep
|turn|9
|
|t:|1760432192
|switch|p2a: Moltres|Moltres|100/100
|move|p1a: Great Tusk|Stealth Rock|p2a: Moltres
|-sidestart|p2: moominmooo|move: Stealth Rock
|
|upkeep
|turn|10
|
|t:|1760432196
|move|p1a: Great Tusk|Rapid Spin|p2a: Moltres
|-damage|p2a: Moltres|85/100
|-boost|p1a: Great Tusk|spe|1
|-status|p1a: Great Tusk|brn|[from] ability: Flame Body|[of] p2a: Moltres
|-sideend|p1: suicidalwatermelon|Spikes|[from] move: Rapid Spin|[of] p1a: Great Tusk
|-sideend|p1: suicidalwatermelon|Stealth Rock|[from] move: Rapid Spin|[of] p1a: Great Tusk
|move|p2a: Moltres|Will-O-Wisp|p1a: Great Tusk
|-fail|p1a: Great Tusk|brn
|
|-damage|p1a: Great Tusk|79/100 brn|[from] brn
|upkeep
|turn|11
|
|t:|1760432220
|-end|p1a: Great Tusk|Protosynthesis|[silent]
|switch|p1a: Moltres|Moltres|34/100
|switch|p2a: Great Tusk|Great Tusk|100/100
|-status|p2a: Great Tusk|psn
|-damage|p2a: Great Tusk|98/100 psn|[from] Stealth Rock
|
|-heal|p2a: Great Tusk|100/100 psn|[from] item: Leftovers
|-damage|p2a: Great Tusk|88/100 psn|[from] psn
|upkeep
|turn|12
|
|t:|1760432226
|switch|p1a: Gholdengo|Gholdengo|100/100
|move|p2a: Great Tusk|Rapid Spin|p1a: Gholdengo
|-immune|p1a: Gholdengo
|
|-heal|p2a: Great Tusk|94/100 psn|[from] item: Leftovers
|-damage|p2a: Great Tusk|82/100 psn|[from] psn
|upkeep
|turn|13
|
|t:|1760432230
|move|p1a: Gholdengo|Trick|p2a: Great Tusk
|-activate|p1a: Gholdengo|move: Trick|[of] p2a: Great Tusk
|-item|p2a: Great Tusk|Choice Scarf|[from] move: Trick
|-item|p1a: Gholdengo|Leftovers|[from] move: Trick
|move|p2a: Great Tusk|Knock Off|p1a: Gholdengo
|-supereffective|p1a: Gholdengo
|-crit|p1a: Gholdengo
|-damage|p1a: Gholdengo|0 fnt
|-enditem|p1a: Gholdengo|Leftovers|[from] move: Knock Off|[of] p2a: Great Tusk
|faint|p1a: Gholdengo
|
|-damage|p2a: Great Tusk|70/100 psn|[from] psn
|upkeep
|
|t:|1760432241
|switch|p1a: Meowscarada|Meowscarada, M|100/100
|turn|14
|
|t:|1760432244
|-end|p2a: Great Tusk|Protosynthesis|[silent]
|switch|p2a: Moltres|Moltres|85/100
|-damage|p2a: Moltres|35/100|[from] Stealth Rock
|move|p1a: Meowscarada|Spikes|p2a: Moltres
|-sidestart|p2: moominmooo|Spikes
|
|upkeep
|turn|15
|
|t:|1760432247
|move|p1a: Meowscarada|Knock Off|p2a: Moltres
|-damage|p2a: Moltres|3/100
|move|p2a: Moltres|Roost|p2a: Moltres
|-heal|p2a: Moltres|53/100
|-singleturn|p2a: Moltres|move: Roost
|
|upkeep
|turn|16
|
|t:|1760432254
|switch|p1a: Moltres|Moltres|34/100
|move|p2a: Moltres|Roost|p2a: Moltres
|-heal|p2a: Moltres|100/100
|-singleturn|p2a: Moltres|move: Roost
|
|upkeep
|turn|17
|
|t:|1760432258
|switch|p2a: Great Tusk|Great Tusk|70/100 psn
|-damage|p2a: Great Tusk|67/100 psn|[from] Stealth Rock
|-damage|p2a: Great Tusk|54/100 psn|[from] Spikes
|move|p1a: Moltres|Roost|p1a: Moltres
|-heal|p1a: Moltres|84/100
|-singleturn|p1a: Moltres|move: Roost
|
|-damage|p2a: Great Tusk|42/100 psn|[from] psn
|upkeep
|turn|18
|
|t:|1760432271
|move|p2a: Great Tusk|Rapid Spin|p1a: Moltres
|-damage|p1a: Moltres|71/100
|-boost|p2a: Great Tusk|spe|1
|-sideend|p2: moominmooo|Spikes|[from] move: Rapid Spin|[of] p2a: Great Tusk
|-sideend|p2: moominmooo|Toxic Spikes|[from] move: Rapid Spin|[of] p2a: Great Tusk
|-sideend|p2: moominmooo|Stealth Rock|[from] move: Rapid Spin|[of] p2a: Great Tusk
|move|p1a: Moltres|Flamethrower|p2a: Great Tusk
|-damage|p2a: Great Tusk|0 fnt
|faint|p2a: Great Tusk
|-end|p2a: Great Tusk|Protosynthesis|[silent]
|
|upkeep
|
|t:|1760432281
|switch|p2a: Ting-Lu|Ting-Lu|100/100
|-ability|p2a: Ting-Lu|Vessel of Ruin
|turn|19
|
|t:|1760432287
|move|p1a: Moltres|U-turn|p2a: Ting-Lu
|-supereffective|p2a: Ting-Lu
|-damage|p2a: Ting-Lu|89/100
|
|t:|1760432289
|switch|p1a: Meowscarada|Meowscarada, M|100/100|[from] U-turn
|move|p2a: Ting-Lu|Stealth Rock|p1a: Meowscarada
|-sidestart|p1: suicidalwatermelon|move: Stealth Rock
|
|-heal|p2a: Ting-Lu|95/100|[from] item: Leftovers
|upkeep
|turn|20
|
|t:|1760432294
|switch|p1a: Slowking|Slowking-Galar, M|100/100
|switch|p2a: Moltres|Moltres|100/100
|
|upkeep
|turn|21
|
|t:|1760432302
|switch|p2a: Tyranitar|Tyranitar, F|100/100
|-weather|Sandstorm|[from] ability: Sand Stream|[of] p2a: Tyranitar
|move|p1a: Slowking|Toxic Spikes|p2a: Tyranitar
|-sidestart|p2: moominmooo|move: Toxic Spikes
|
|-weather|Sandstorm|[upkeep]
|-damage|p1a: Slowking|94/100|[from] Sandstorm
|upkeep
|turn|22
|
|t:|1760432308
|switch|p1a: Moltres|Moltres|71/100
|move|p2a: Tyranitar|Knock Off|p1a: Moltres
|-damage|p1a: Moltres|34/100
|-status|p2a: Tyranitar|brn|[from] ability: Flame Body|[of] p1a: Moltres
|-enditem|p1a: Moltres|Heavy-Duty Boots|[from] move: Knock Off|[of] p2a: Tyranitar
|
|-weather|Sandstorm|[upkeep]
|-damage|p1a: Moltres|28/100|[from] Sandstorm
|-damage|p2a: Tyranitar|94/100 brn|[from] brn
|upkeep
|turn|23
|
|t:|1760432317
|move|p1a: Moltres|Roost|p1a: Moltres
|-heal|p1a: Moltres|79/100
|-singleturn|p1a: Moltres|move: Roost
|move|p2a: Tyranitar|Stone Edge|p1a: Moltres
|-supereffective|p1a: Moltres
|-crit|p1a: Moltres
|-damage|p1a: Moltres|15/100
|
|-weather|Sandstorm|[upkeep]
|-damage|p1a: Moltres|9/100|[from] Sandstorm
|-damage|p2a: Tyranitar|88/100 brn|[from] brn
|upkeep
|turn|24
|
|t:|1760432325
|move|p1a: Moltres|Roost|p1a: Moltres
|-heal|p1a: Moltres|59/100
|-singleturn|p1a: Moltres|move: Roost
|move|p2a: Tyranitar|Stone Edge|p1a: Moltres|[miss]
|-miss|p2a: Tyranitar|p1a: Moltres
|
|-weather|Sandstorm|[upkeep]
|-damage|p1a: Moltres|53/100|[from] Sandstorm
|-damage|p2a: Tyranitar|82/100 brn|[from] brn
|upkeep
|turn|25
|
|t:|1760432330
|move|p1a: Moltres|Roost|p1a: Moltres
|-heal|p1a: Moltres|100/100
|-singleturn|p1a: Moltres|move: Roost
|move|p2a: Tyranitar|Dragon Tail|p1a: Moltres
|-damage|p1a: Moltres|93/100
|drag|p1a: Slowking|Slowking-Galar, M|100/100
|
|-weather|none
|-damage|p2a: Tyranitar|76/100 brn|[from] brn
|upkeep
|turn|26
|
|t:|1760432339
|switch|p1a: Great Tusk|Great Tusk|79/100 brn
|-damage|p1a: Great Tusk|76/100 brn|[from] Stealth Rock
|move|p2a: Tyranitar|Knock Off|p1a: Great Tusk
|-resisted|p1a: Great Tusk
|-crit|p1a: Great Tusk
|-damage|p1a: Great Tusk|61/100 brn
|-damage|p2a: Tyranitar|59/100 brn|[from] item: Rocky Helmet|[of] p1a: Great Tusk
|-enditem|p1a: Great Tusk|Rocky Helmet|[from] move: Knock Off|[of] p2a: Tyranitar
|
|-damage|p1a: Great Tusk|55/100 brn|[from] brn
|-damage|p2a: Tyranitar|53/100 brn|[from] brn
|upkeep
|turn|27
|
|t:|1760432345
|switch|p2a: Gholdengo|Gholdengo|20/100
|move|p1a: Great Tusk|Stealth Rock|p2a: Gholdengo
|-sidestart|p2: moominmooo|move: Stealth Rock
|
|-damage|p1a: Great Tusk|49/100 brn|[from] brn
|upkeep
|turn|28
|
|t:|1760432351
|move|p2a: Gholdengo|Dazzling Gleam|p1a: Great Tusk
|-supereffective|p1a: Great Tusk
|-damage|p1a: Great Tusk|0 fnt
|faint|p1a: Great Tusk
|-end|p1a: Great Tusk|Protosynthesis|[silent]
|
|upkeep
|
|t:|1760432356
|switch|p1a: Slowking|Slowking-Galar, M|100/100
|turn|29
|
|t:|1760432365
|switch|p2a: Tyranitar|Tyranitar, F|53/100 brn
|-damage|p2a: Tyranitar|41/100 brn|[from] Stealth Rock
|-weather|Sandstorm|[from] ability: Sand Stream|[of] p2a: Tyranitar
|move|p1a: Slowking|Future Sight|p2a: Tyranitar
|-start|p1a: Slowking|move: Future Sight
|
|-weather|Sandstorm|[upkeep]
|-damage|p1a: Slowking|94/100|[from] Sandstorm
|-damage|p2a: Tyranitar|34/100 brn|[from] brn
|upkeep
|turn|30
|
|t:|1760432369
|switch|p1a: Moltres|Moltres|93/100
|-damage|p1a: Moltres|43/100|[from] Stealth Rock
|move|p2a: Tyranitar|Dragon Tail|p1a: Moltres|[miss]
|-miss|p2a: Tyranitar|p1a: Moltres
|
|-weather|Sandstorm|[upkeep]
|-damage|p1a: Moltres|37/100|[from] Sandstorm
|-damage|p2a: Tyranitar|28/100 brn|[from] brn
|upkeep
|turn|31
|
|t:|1760432373
|move|p1a: Moltres|Flamethrower|p2a: Tyranitar
|-resisted|p2a: Tyranitar
|-damage|p2a: Tyranitar|21/100 brn
|move|p2a: Tyranitar|Dragon Tail|p1a: Moltres
|-damage|p1a: Moltres|28/100
|drag|p1a: Meowscarada|Meowscarada, M|100/100
|
|-weather|Sandstorm|[upkeep]
|-damage|p1a: Meowscarada|94/100|[from] Sandstorm
|-end|p2a: Tyranitar|move: Future Sight
|-immune|p2a: Tyranitar
|-damage|p2a: Tyranitar|15/100 brn|[from] brn
|upkeep
|turn|32
|
|t:|1760432379
|move|p1a: Meowscarada|Flower Trick|p2a: Tyranitar
|-supereffective|p2a: Tyranitar
|-crit|p2a: Tyranitar
|-damage|p2a: Tyranitar|0 fnt
|faint|p2a: Tyranitar
|
|-weather|Sandstorm|[upkeep]
|-damage|p1a: Meowscarada|88/100|[from] Sandstorm
|upkeep
|
|t:|1760432393
|switch|p2a: Moltres|Moltres|100/100
|-damage|p2a: Moltres|51/100|[from] Stealth Rock
|turn|33
|
|t:|1760432398
|switch|p1a: Ursaluna|Ursaluna, F|100/100
|-damage|p1a: Ursaluna|94/100|[from] Stealth Rock
|move|p2a: Moltres|Roost|p2a: Moltres
|-heal|p2a: Moltres|100/100
|-singleturn|p2a: Moltres|move: Roost
|
|-weather|none
|-heal|p1a: Ursaluna|100/100|[from] item: Leftovers
|upkeep
|turn|34
|
|t:|1760432406
|move|p1a: Ursaluna|Bulk Up|p1a: Ursaluna
|-boost|p1a: Ursaluna|atk|1
|-boost|p1a: Ursaluna|def|1
|move|p2a: Moltres|Roar|p1a: Ursaluna
|drag|p1a: Slowking|Slowking-Galar, M|100/100
|
|upkeep
|turn|35
|
|t:|1760432415
|move|p1a: Slowking|Sludge Bomb|p2a: Moltres
|-damage|p2a: Moltres|75/100
|-status|p2a: Moltres|psn
|move|p2a: Moltres|Roar|p1a: Slowking
|drag|p1a: Meowscarada|Meowscarada, M|88/100
|
|-damage|p2a: Moltres|62/100 psn|[from] psn
|upkeep
|turn|36
|
|t:|1760432424
|switch|p1a: Ursaluna|Ursaluna, F|100/100
|-damage|p1a: Ursaluna|94/100|[from] Stealth Rock
|move|p2a: Moltres|Flamethrower|p1a: Ursaluna
|-damage|p1a: Ursaluna|72/100
|
|-heal|p1a: Ursaluna|78/100|[from] item: Leftovers
|-damage|p2a: Moltres|50/100 psn|[from] psn
|upkeep
|turn|37
|
|t:|1760432431
|move|p1a: Ursaluna|Protect|p1a: Ursaluna
|-singleturn|p1a: Ursaluna|Protect
|move|p2a: Moltres|Roar|p1a: Ursaluna
|drag|p1a: Slowking|Slowking-Galar, M|100/100
|
|-damage|p2a: Moltres|38/100 psn|[from] psn
|upkeep
|turn|38
|
|t:|1760432438
|move|p2a: Moltres|Roost|p2a: Moltres
|-heal|p2a: Moltres|88/100 psn
|-singleturn|p2a: Moltres|move: Roost
|move|p1a: Slowking|Sludge Bomb|p2a: Moltres
|-damage|p2a: Moltres|63/100 psn
|
|-damage|p2a: Moltres|50/100 psn|[from] psn
|upkeep
|turn|39
|
|t:|1760432441
|move|p2a: Moltres|Roost|p2a: Moltres
|-heal|p2a: Moltres|100/100 psn
|-singleturn|p2a: Moltres|move: Roost
|move|p1a: Slowking|Future Sight|p2a: Moltres
|-start|p1a: Slowking|move: Future Sight
|
|-damage|p2a: Moltres|88/100 psn|[from] psn
|upkeep
|turn|40
|
|t:|1760432447
|move|p2a: Moltres|Will-O-Wisp|p1a: Slowking|[miss]
|-miss|p2a: Moltres|p1a: Slowking
|move|p1a: Slowking|Sludge Bomb|p2a: Moltres
|-damage|p2a: Moltres|65/100 psn
|
|-damage|p2a: Moltres|52/100 psn|[from] psn
|upkeep
|turn|41
|
|t:|1760432455
|switch|p1a: Moltres|Moltres|28/100
|-damage|p1a: Moltres|0 fnt|[from] Stealth Rock
|faint|p1a: Moltres
|move|p2a: Moltres|Roar|p1: Moltres|[notarget]
|-fail|p2a: Moltres
|
|-end|p2a: Moltres|move: Future Sight
|-damage|p2a: Moltres|20/100 psn
|-damage|p2a: Moltres|8/100 psn|[from] psn
|upkeep
|
|t:|1760432465
|switch|p1a: Meowscarada|Meowscarada, M|88/100
|turn|42
|
|t:|1760432468
|move|p1a: Meowscarada|Knock Off|p2a: Moltres
|-damage|p2a: Moltres|0 fnt
|faint|p2a: Moltres
|
|upkeep
|
|t:|1760432472
|switch|p2a: Gholdengo|Gholdengo|20/100
|-damage|p2a: Gholdengo|14/100|[from] Stealth Rock
|turn|43
|
|t:|1760432479
|move|p2a: Gholdengo|Dazzling Gleam|p1a: Meowscarada
|-supereffective|p1a: Meowscarada
|-damage|p1a: Meowscarada|4/100
|move|p1a: Meowscarada|Knock Off|p2a: Gholdengo
|-supereffective|p2a: Gholdengo
|-damage|p2a: Gholdengo|0 fnt
|-enditem|p2a: Gholdengo|Choice Scarf|[from] move: Knock Off|[of] p1a: Meowscarada
|faint|p2a: Gholdengo
|
|upkeep
|
|t:|1760432482
|switch|p2a: Dragonite|Dragonite, M|100/100
|turn|44
|
|t:|1760432488
|move|p2a: Dragonite|Extreme Speed|p1a: Meowscarada
|-damage|p1a: Meowscarada|0 fnt
|faint|p1a: Meowscarada
|
|upkeep
|
|t:|1760432490
|switch|p1a: Ursaluna|Ursaluna, F|78/100
|-damage|p1a: Ursaluna|72/100|[from] Stealth Rock
|turn|45
|
|t:|1760432502
|switch|p2a: Ting-Lu|Ting-Lu|95/100
|-status|p2a: Ting-Lu|psn
|-damage|p2a: Ting-Lu|89/100 psn|[from] Stealth Rock
|-ability|p2a: Ting-Lu|Vessel of Ruin
|move|p1a: Ursaluna|Bulk Up|p1a: Ursaluna
|-boost|p1a: Ursaluna|atk|1
|-boost|p1a: Ursaluna|def|1
|
|-heal|p1a: Ursaluna|78/100|[from] item: Leftovers
|-heal|p2a: Ting-Lu|95/100 psn|[from] item: Leftovers
|-damage|p2a: Ting-Lu|83/100 psn|[from] psn
|upkeep
|turn|46
|
|t:|1760432507
|move|p1a: Ursaluna|Protect|p1a: Ursaluna
|-singleturn|p1a: Ursaluna|Protect
|move|p2a: Ting-Lu|Whirlwind|p1a: Ursaluna
|drag|p1a: Slowking|Slowking-Galar, M|100/100
|
|-heal|p2a: Ting-Lu|89/100 psn|[from] item: Leftovers
|-damage|p2a: Ting-Lu|76/100 psn|[from] psn
|upkeep
|turn|47
|
|t:|1760432518
|move|p2a: Ting-Lu|Spikes|p1a: Slowking
|-sidestart|p1: suicidalwatermelon|Spikes
|move|p1a: Slowking|Future Sight|p2a: Ting-Lu
|-start|p1a: Slowking|move: Future Sight
|
|-heal|p2a: Ting-Lu|83/100 psn|[from] item: Leftovers
|-damage|p2a: Ting-Lu|70/100 psn|[from] psn
|upkeep
|turn|48
|
|t:|1760432521
|move|p2a: Ting-Lu|Spikes|p1a: Slowking
|-sidestart|p1: suicidalwatermelon|Spikes
|-prepare|p1a: Slowking|Chilly Reception|[premajor]
|move|p1a: Slowking|Chilly Reception|p1a: Slowking
|-weather|Snowscape
|
|t:|1760432523
|switch|p1a: Ursaluna|Ursaluna, F|78/100|[from] Chilly Reception
|-damage|p1a: Ursaluna|72/100|[from] Stealth Rock
|-damage|p1a: Ursaluna|55/100|[from] Spikes
|
|-weather|Snowscape|[upkeep]
|-heal|p1a: Ursaluna|61/100|[from] item: Leftovers
|-heal|p2a: Ting-Lu|76/100 psn|[from] item: Leftovers
|-damage|p2a: Ting-Lu|64/100 psn|[from] psn
|upkeep
|turn|49
|
|t:|1760432524
|move|p1a: Ursaluna|Ice Punch|p2a: Ting-Lu
|-supereffective|p2a: Ting-Lu
|-damage|p2a: Ting-Lu|45/100 psn
|move|p2a: Ting-Lu|Whirlwind|p1a: Ursaluna
|drag|p1a: Slowking|Slowking-Galar, M|100/100
|
|-weather|Snowscape|[upkeep]
|-end|p2a: Ting-Lu|move: Future Sight
|-immune|p2a: Ting-Lu
|-heal|p2a: Ting-Lu|51/100 psn|[from] item: Leftovers
|-damage|p2a: Ting-Lu|39/100 psn|[from] psn
|upkeep
|turn|50
|
|t:|1760432529
|move|p2a: Ting-Lu|Spikes|p1a: Slowking
|-sidestart|p1: suicidalwatermelon|Spikes
|move|p1a: Slowking|Sludge Bomb|p2a: Ting-Lu
|-resisted|p2a: Ting-Lu
|-crit|p2a: Ting-Lu
|-damage|p2a: Ting-Lu|23/100 psn
|
|-weather|Snowscape|[upkeep]
|-heal|p2a: Ting-Lu|29/100 psn|[from] item: Leftovers
|-damage|p2a: Ting-Lu|17/100 psn|[from] psn
|upkeep
|turn|51
|
|t:|1760432532
|move|p2a: Ting-Lu|Ruination|p1a: Slowking
|-damage|p1a: Slowking|50/100
|move|p1a: Slowking|Sludge Bomb|p2a: Ting-Lu
|-resisted|p2a: Ting-Lu
|-damage|p2a: Ting-Lu|7/100 psn
|
|-weather|Snowscape|[upkeep]
|-heal|p2a: Ting-Lu|13/100 psn|[from] item: Leftovers
|-damage|p2a: Ting-Lu|1/100 psn|[from] psn
|upkeep
|turn|52
|
|t:|1760432541
|move|p2a: Ting-Lu|Ruination|p1a: Slowking
|-damage|p1a: Slowking|26/100
|-prepare|p1a: Slowking|Chilly Reception|[premajor]
|move|p1a: Slowking|Chilly Reception|p1a: Slowking
|
|t:|1760432544
|switch|p1a: Ursaluna|Ursaluna, F|61/100|[from] Chilly Reception
|-damage|p1a: Ursaluna|55/100|[from] Stealth Rock
|-damage|p1a: Ursaluna|30/100|[from] Spikes
|
|-weather|none
|-heal|p1a: Ursaluna|36/100|[from] item: Leftovers
|-heal|p2a: Ting-Lu|7/100 psn|[from] item: Leftovers
|-damage|p2a: Ting-Lu|0 fnt|[from] psn
|faint|p2a: Ting-Lu
|upkeep
|
|t:|1760432546
|switch|p2a: Dragonite|Dragonite, M|100/100
|turn|53
|
|t:|1760432554
|-terastallize|p2a: Dragonite|Normal
|move|p2a: Dragonite|Dragon Dance|p2a: Dragonite
|-boost|p2a: Dragonite|atk|1
|-boost|p2a: Dragonite|spe|1
|move|p1a: Ursaluna|Ice Punch|p2a: Dragonite
|-damage|p2a: Dragonite|75/100
|
|-heal|p1a: Ursaluna|42/100|[from] item: Leftovers
|upkeep
|turn|54
|
|t:|1760432560
|move|p2a: Dragonite|Extreme Speed|p1a: Ursaluna
|-damage|p1a: Ursaluna|0 fnt
|faint|p1a: Ursaluna
|
|upkeep
|-message|suicidalwatermelon forfeited.
|
|win|moominmooo
|raw|suicidalwatermelon's rating: 1311 &rarr; <strong>1292</strong><br />(-19 for losing)
|raw|moominmooo's rating: 1323 &rarr; <strong>1342</strong><br />(+19 for winning)
|l|☆suicidalwatermelon
|player|p1|
|l|‽moominmooo
|player|p2|
