|j|☆willeeee
|j|‽Heat My Shorts
|t:|1760435717
|gametype|singles
|player|p1|willeeee|2|1174
|player|p2|Heat My Shorts|firebreather-gen2|1171
|gen|9
|tier|[Gen 9] OU
|rated|
|rule|HP Percentage Mod: HP is shown in percentages
|rule|Endless Battle Clause: Forcing endless battles is banned
|rule|Species Clause: Limit one of each Pokémon
|rule|OHKO Clause: OHKO moves are banned
|rule|Evasion Items Clause: Evasion items are banned
|rule|Evasion Moves Clause: Evasion moves are banned
|rule|Evasion Abilities Clause: Evasion abilities are banned
|rule|Sleep Moves Clause: Sleep-inducing moves are banned
|clearpoke
|poke|p1|Corviknight, M|
|poke|p1|Clodsire, M|
|poke|p1|Rotom-Wash|
|poke|p1|Enamorus, F|
|poke|p1|Kingambit, F|
|poke|p1|Zamazenta-*|
|poke|p2|Ninetales, F|
|poke|p2|Walking Wake|
|poke|p2|Raging Bolt|
|poke|p2|Iron Moth|
|poke|p2|Hatterene, F|
|poke|p2|Landorus-Therian, M|
|teampreview
|inactive|Battle timer is ON: inactive players will automatically lose when time's up. (requested by Heat My Shorts)
|
|t:|1760435731
|teamsize|p1|6
|teamsize|p2|6
|start
|switch|p1a: Rotom|Rotom-Wash|100/100
|switch|p2a: Ninetales|Ninetales, F, shiny|100/100
|-weather|SunnyDay|[from] ability: Drought|[of] p2a: Ninetales
|turn|1
|inactive|Heat My Shorts has 120 seconds left.
|
|t:|1760435764
|switch|p2a: Landorus|Landorus-Therian, M|100/100
|-ability|p2a: Landorus|Intimidate|boost
|-unboost|p1a: Rotom|atk|1
|move|p1a: Rotom|Protect||[still]
|-fail|p1a: Rotom
|
|-weather|SunnyDay|[upkeep]
|upkeep
|turn|2
|inactive|Heat My Shorts has 120 seconds left.
|
|t:|1760435794
|move|p2a: Landorus|U-turn|p1a: Rotom
|-damage|p1a: Rotom|86/100
|
|t:|1760435797
|switch|p2a: Raging Bolt|Raging Bolt|100/100|[from] U-turn
|-activate|p2a: Raging Bolt|ability: Protosynthesis
|-start|p2a: Raging Bolt|protosynthesisspa
|move|p1a: Rotom|Hydro Pump|p2a: Raging Bolt|[miss]
|-miss|p1a: Rotom|p2a: Raging Bolt
|
|-weather|SunnyDay|[upkeep]
|-heal|p1a: Rotom|92/100|[from] item: Leftovers
|upkeep
|turn|3
|
|t:|1760435814
|switch|p1a: Clodsire|Clodsire, M|100/100
|move|p2a: Raging Bolt|Thunderbolt|p1a: Clodsire
|-immune|p1a: Clodsire
|
|-weather|SunnyDay|[upkeep]
|upkeep
|turn|4
|
|t:|1760435830
|-end|p2a: Raging Bolt|Protosynthesis|[silent]
|switch|p2a: Hatterene|Hatterene, F|100/100
|move|p1a: Clodsire|Stealth Rock|p2a: Hatterene
|move|p2a: Hatterene|Stealth Rock|p1a: Clodsire|[from] ability: Magic Bounce
|-sidestart|p1: willeeee|move: Stealth Rock
|
|-weather|SunnyDay|[upkeep]
|upkeep
|turn|5
|
|t:|1760435843
|move|p2a: Hatterene|Psychic Noise|p1a: Clodsire
|-supereffective|p1a: Clodsire
|-damage|p1a: Clodsire|62/100
|-start|p1a: Clodsire|move: Heal Block
|move|p1a: Clodsire|Earthquake|p2a: Hatterene
|-damage|p2a: Hatterene|78/100
|-enditem|p2a: Hatterene|Eject Button
|
|t:|1760435858
|switch|p2a: Walking Wake|Walking Wake|100/100
|-activate|p2a: Walking Wake|ability: Protosynthesis
|-start|p2a: Walking Wake|protosynthesisspe
|
|-weather|SunnyDay|[upkeep]
|upkeep
|turn|6
|
|t:|1760435872
|switch|p1a: Rotom|Rotom-Wash|92/100
|-damage|p1a: Rotom|79/100|[from] Stealth Rock
|move|p2a: Walking Wake|Hydro Steam|p1a: Rotom
|-resisted|p1a: Rotom
|-damage|p1a: Rotom|29/100
|
|-weather|SunnyDay|[upkeep]
|-heal|p1a: Rotom|35/100|[from] item: Leftovers
|upkeep
|turn|7
|
|t:|1760435884
|move|p2a: Walking Wake|Hydro Steam|p1a: Rotom
|-resisted|p1a: Rotom
|-crit|p1a: Rotom
|-damage|p1a: Rotom|0 fnt
|faint|p1a: Rotom
|
|-weather|SunnyDay|[upkeep]
|upkeep
|
|t:|1760435902
|switch|p1a: Enamorus|Enamorus, F|100/100
|-damage|p1a: Enamorus|76/100|[from] Stealth Rock
|turn|8
|
|t:|1760435916
|-terastallize|p2a: Walking Wake|Water
|move|p2a: Walking Wake|Hydro Steam|p1a: Enamorus
|-damage|p1a: Enamorus|0 fnt
|faint|p1a: Enamorus
|
|-weather|none
|-end|p2a: Walking Wake|Protosynthesis
|upkeep
|inactive|willeeee has 120 seconds left.
|
|t:|1760435942
|switch|p1a: Clodsire|Clodsire, M|62/100
|-damage|p1a: Clodsire|56/100|[from] Stealth Rock
|turn|9
|
|t:|1760435956
|-end|p2a: Walking Wake|Protosynthesis|[silent]
|switch|p2a: Hatterene|Hatterene, F|78/100
|-terastallize|p1a: Clodsire|Water
|move|p1a: Clodsire|Toxic|p2a: Hatterene
|move|p2a: Hatterene|Toxic|p1a: Clodsire|[from] ability: Magic Bounce
|-status|p1a: Clodsire|tox
|
|-damage|p1a: Clodsire|44/100 tox|[from] item: Black Sludge
|-damage|p1a: Clodsire|38/100 tox|[from] psn
|upkeep
|turn|10
|inactive|willeeee has 120 seconds left.
|-message|willeeee forfeited.
|
|win|Heat My Shorts
|raw|willeeee's rating: 1174 &rarr; <strong>1149</strong><br />(-25 for losing)
|raw|Heat My Shorts's rating: 1171 &rarr; <strong>1196</strong><br />(+25 for winning)
|l|☆willeeee
|player|p1|
