|j|☆JacquesDeAlderberg
|j|☆pcklee
|t:|1760340552
|gametype|singles
|player|p1|JacquesDeAlderberg|plasmagrunt-gen5bw|1732
|player|p2|pcklee|1|1666
|gen|9
|tier|[Gen 9] OU
|rated|
|rule|HP Percentage Mod: HP is shown in percentages
|rule|Endless Battle Clause: Forcing endless battles is banned
|rule|Species Clause: Limit one of each Pokémon
|rule|OHKO Clause: OHKO moves are banned
|rule|Evasion Items Clause: Evasion items are banned
|rule|Evasion Moves Clause: Evasion moves are banned
|rule|Evasion Abilities Clause: Evasion abilities are banned
|rule|Sleep Moves Clause: Sleep-inducing moves are banned
|clearpoke
|poke|p1|Clodsire, F|
|poke|p1|Conkeldurr, F|
|poke|p1|Enamorus, F|
|poke|p1|Ceruledge, M|
|poke|p1|Skarmory, F|
|poke|p1|Sinistcha|
|poke|p2|Kingambit, M|
|poke|p2|Great Tusk|
|poke|p2|Dragapult, M|
|poke|p2|Iron Valiant|
|poke|p2|Heatran, F|
|poke|p2|Rillaboom, M|
|teampreview
|inactive|Battle timer is ON: inactive players will automatically lose when time's up. (requested by JacquesDeAlderberg)
|
|t:|1760340584
|teamsize|p1|6
|teamsize|p2|6
|start
|switch|p1a: Conkeldurr|Conkeldurr, F|100/100
|switch|p2a: Heatran|Heatran, F|100/100
|turn|1
|
|t:|1760340602
|move|p2a: Heatran|Magma Storm|p1a: Conkeldurr
|-damage|p1a: Conkeldurr|75/100
|-activate|p1a: Conkeldurr|move: Magma Storm|[of] p2a: Heatran
|move|p1a: Conkeldurr|Knock Off|p2a: Heatran
|-damage|p2a: Heatran|75/100
|-enditem|p2a: Heatran|Leftovers|[from] move: Knock Off|[of] p1a: Conkeldurr
|
|-damage|p1a: Conkeldurr|63/100|[from] move: Magma Storm|[partiallytrapped]
|upkeep
|turn|2
|inactive|pcklee has 120 seconds left.
|
|t:|1760340651
|switch|p2a: Dragapult|Dragapult, M|100/100
|move|p1a: Conkeldurr|Drain Punch|p2a: Dragapult
|-immune|p2a: Dragapult
|
|-end|p1a: Conkeldurr|Magma Storm|[partiallytrapped]|[silent]
|upkeep
|turn|3
|inactive|pcklee has 90 seconds left.
|
|t:|1760340674
|switch|p2a: Iron Valiant|Iron Valiant|100/100
|-enditem|p2a: Iron Valiant|Booster Energy
|-activate|p2a: Iron Valiant|ability: Quark Drive|[fromitem]
|-start|p2a: Iron Valiant|quarkdrivespe
|move|p1a: Conkeldurr|Knock Off|p2a: Iron Valiant
|-resisted|p2a: Iron Valiant
|-damage|p2a: Iron Valiant|94/100
|
|upkeep
|turn|4
|inactive|pcklee has 90 seconds left.
|
|t:|1760340685
|switch|p1a: Clodsire|Clodsire, F|100/100
|move|p2a: Iron Valiant|Moonblast|p1a: Clodsire
|-resisted|p1a: Clodsire
|-damage|p1a: Clodsire|85/100
|-unboost|p1a: Clodsire|spa|1
|
|-heal|p1a: Clodsire|91/100|[from] item: Leftovers
|upkeep
|turn|5
|inactive|pcklee has 90 seconds left.
|
|t:|1760340705
|-end|p2a: Iron Valiant|Quark Drive|[silent]
|switch|p2a: Heatran|Heatran, F|75/100
|move|p1a: Clodsire|Toxic|p2a: Heatran
|-immune|p2a: Heatran
|
|-heal|p1a: Clodsire|97/100|[from] item: Leftovers
|upkeep
|turn|6
|inactive|pcklee has 90 seconds left.
|
|t:|1760340715
|-terastallize|p2a: Heatran|Grass
|move|p2a: Heatran|Magma Storm|p1a: Clodsire
|-damage|p1a: Clodsire|69/100
|-activate|p1a: Clodsire|move: Magma Storm|[of] p2a: Heatran
|move|p1a: Clodsire|Earthquake|p2a: Heatran
|-resisted|p2a: Heatran
|-damage|p2a: Heatran|63/100
|
|-heal|p1a: Clodsire|75/100|[from] item: Leftovers
|-damage|p1a: Clodsire|62/100|[from] move: Magma Storm|[partiallytrapped]
|upkeep
|turn|7
|
|t:|1760340724
|move|p2a: Heatran|Taunt|p1a: Clodsire
|-start|p1a: Clodsire|move: Taunt
|cant|p1a: Clodsire|move: Taunt|Toxic
|
|-heal|p1a: Clodsire|68/100|[from] item: Leftovers
|-damage|p1a: Clodsire|56/100|[from] move: Magma Storm|[partiallytrapped]
|upkeep
|turn|8
|
|t:|1760340737
|move|p2a: Heatran|Stealth Rock|p1a: Clodsire
|-sidestart|p1: JacquesDeAlderberg|move: Stealth Rock
|move|p1a: Clodsire|Earthquake|p2a: Heatran
|-resisted|p2a: Heatran
|-damage|p2a: Heatran|52/100
|
|-heal|p1a: Clodsire|62/100|[from] item: Leftovers
|-damage|p1a: Clodsire|50/100|[from] move: Magma Storm|[partiallytrapped]
|upkeep
|turn|9
|
|t:|1760340745
|move|p2a: Heatran|Magma Storm|p1a: Clodsire
|-damage|p1a: Clodsire|20/100
|move|p1a: Clodsire|Earthquake|p2a: Heatran
|-resisted|p2a: Heatran
|-damage|p2a: Heatran|42/100
|
|-heal|p1a: Clodsire|26/100|[from] item: Leftovers
|-damage|p1a: Clodsire|13/100|[from] move: Magma Storm|[partiallytrapped]
|-end|p1a: Clodsire|move: Taunt
|upkeep
|turn|10
|
|t:|1760340759
|move|p2a: Heatran|Flash Cannon|p1a: Clodsire
|-damage|p1a: Clodsire|0 fnt
|faint|p1a: Clodsire
|
|upkeep
|
|t:|1760340779
|switch|p1a: Enamorus|Enamorus, F|100/100
|-damage|p1a: Enamorus|76/100|[from] Stealth Rock
|turn|11
|inactive|pcklee has 90 seconds left.
|
|t:|1760340808
|move|p1a: Enamorus|Moonblast|p2a: Heatran
|-damage|p2a: Heatran|10/100
|move|p2a: Heatran|Flash Cannon|p1a: Enamorus
|-supereffective|p1a: Enamorus
|-damage|p1a: Enamorus|0 fnt
|faint|p1a: Enamorus
|
|upkeep
|
|t:|1760340814
|switch|p1a: Conkeldurr|Conkeldurr, F|63/100
|-damage|p1a: Conkeldurr|57/100|[from] Stealth Rock
|turn|12
|
|t:|1760340826
|switch|p2a: Iron Valiant|Iron Valiant|94/100
|move|p1a: Conkeldurr|Mach Punch|p2a: Iron Valiant
|-resisted|p2a: Iron Valiant
|-damage|p2a: Iron Valiant|83/100
|
|upkeep
|turn|13
|inactive|pcklee has 90 seconds left.
|
|t:|1760340849
|switch|p1a: Skarmory|Skarmory, F|100/100
|-damage|p1a: Skarmory|88/100|[from] Stealth Rock
|move|p2a: Iron Valiant|Calm Mind|p2a: Iron Valiant
|-boost|p2a: Iron Valiant|spa|1
|-boost|p2a: Iron Valiant|spd|1
|
|-heal|p1a: Skarmory|94/100|[from] item: Leftovers
|upkeep
|turn|14
|inactive|pcklee has 90 seconds left.
|
|t:|1760340858
|move|p2a: Iron Valiant|Thunderbolt|p1a: Skarmory
|-supereffective|p1a: Skarmory
|-damage|p1a: Skarmory|1/100
|move|p1a: Skarmory|Spikes|p2a: Iron Valiant
|-sidestart|p2: pcklee|Spikes
|
|-heal|p1a: Skarmory|7/100|[from] item: Leftovers
|upkeep
|turn|15
|inactive|pcklee has 90 seconds left.
|
|t:|1760340872
|move|p2a: Iron Valiant|Moonblast|p1a: Skarmory
|-resisted|p1a: Skarmory
|-damage|p1a: Skarmory|0 fnt
|faint|p1a: Skarmory
|
|upkeep
|
|t:|1760340880
|switch|p1a: Sinistcha|Sinistcha|100/100
|turn|16
|
|t:|1760340885
|move|p2a: Iron Valiant|Moonblast|p1a: Sinistcha
|-damage|p1a: Sinistcha|23/100
|-unboost|p1a: Sinistcha|spa|1
|move|p1a: Sinistcha|Shadow Ball|p2a: Iron Valiant
|-damage|p2a: Iron Valiant|56/100
|
|upkeep
|turn|17
|
|t:|1760340893
|move|p2a: Iron Valiant|Moonblast|p1a: Sinistcha
|-damage|p1a: Sinistcha|0 fnt
|faint|p1a: Sinistcha
|
|upkeep
|
|t:|1760340895
|switch|p1a: Ceruledge|Ceruledge, M|100/100
|turn|18
|
|t:|1760340906
|move|p2a: Iron Valiant|Thunderbolt|p1a: Ceruledge
|-damage|p1a: Ceruledge|70/100
|move|p1a: Ceruledge|Bulk Up|p1a: Ceruledge
|-boost|p1a: Ceruledge|atk|1
|-boost|p1a: Ceruledge|def|1
|
|upkeep
|turn|19
|
|t:|1760340918
|move|p2a: Iron Valiant|Thunderbolt|p1a: Ceruledge
|-damage|p1a: Ceruledge|40/100
|move|p1a: Ceruledge|Bulk Up|p1a: Ceruledge
|-boost|p1a: Ceruledge|atk|1
|-boost|p1a: Ceruledge|def|1
|
|upkeep
|turn|20
|
|t:|1760340925
|move|p2a: Iron Valiant|Thunderbolt|p1a: Ceruledge
|-damage|p1a: Ceruledge|8/100
|move|p1a: Ceruledge|Bitter Blade|p2a: Iron Valiant
|-damage|p2a: Iron Valiant|0 fnt
|-heal|p1a: Ceruledge|30/100|[from] drain|[of] p2a: Iron Valiant
|faint|p2a: Iron Valiant
|-end|p2a: Iron Valiant|Quark Drive|[silent]
|
|upkeep
|inactive|pcklee has 90 seconds left.
|
|t:|1760340967
|switch|p2a: Dragapult|Dragapult, M|100/100
|turn|21
|
|t:|1760340970
|move|p1a: Ceruledge|Shadow Sneak|p2a: Dragapult
|-supereffective|p2a: Dragapult
|-damage|p2a: Dragapult|1/100
|move|p2a: Dragapult|Shadow Ball|p1a: Ceruledge
|-supereffective|p1a: Ceruledge
|-damage|p1a: Ceruledge|0 fnt
|faint|p1a: Ceruledge
|
|upkeep
|
|t:|1760340980
|switch|p1a: Conkeldurr|Conkeldurr, F|57/100
|-damage|p1a: Conkeldurr|51/100|[from] Stealth Rock
|turn|22
|
|t:|1760340992
|move|p2a: Dragapult|Will-O-Wisp|p1a: Conkeldurr
|-status|p1a: Conkeldurr|brn
|move|p1a: Conkeldurr|Knock Off|p2a: Dragapult
|-supereffective|p2a: Dragapult
|-damage|p2a: Dragapult|0 fnt
|-enditem|p2a: Dragapult|Heavy-Duty Boots|[from] move: Knock Off|[of] p1a: Conkeldurr
|faint|p2a: Dragapult
|
|-damage|p1a: Conkeldurr|45/100 brn|[from] brn
|upkeep
|inactive|pcklee has 90 seconds left.
|l|☆JacquesDeAlderberg
|inactive|JacquesDeAlderberg disconnected and has a minute to reconnect!
|player|p1|
|
|t:|1760341011
|switch|p2a: Great Tusk|Great Tusk|100/100
|-damage|p2a: Great Tusk|88/100|[from] Spikes
|-enditem|p2a: Great Tusk|Booster Energy
|-activate|p2a: Great Tusk|ability: Protosynthesis|[fromitem]
|-start|p2a: Great Tusk|protosynthesisspe
|turn|23
|inactive|pcklee has 90 seconds left.
|j|☆JacquesDeAlderberg
|inactive|JacquesDeAlderberg reconnected and has 145 seconds left.
|player|p1|JacquesDeAlderberg|plasmagrunt-gen5bw|
|
|t:|1760341022
|move|p2a: Great Tusk|Close Combat|p1a: Conkeldurr
|-damage|p1a: Conkeldurr|0 fnt
|-unboost|p2a: Great Tusk|def|1
|-unboost|p2a: Great Tusk|spd|1
|faint|p1a: Conkeldurr
|
|win|pcklee
|raw|JacquesDeAlderberg's rating: 1732 &rarr; <strong>1708</strong><br />(-24 for losing)
|raw|pcklee's rating: 1666 &rarr; <strong>1690</strong><br />(+24 for winning)
|l|☆JacquesDeAlderberg
|player|p1|
|l|☆pcklee
|player|p2|
