|j|☆st_cccc
|j|☆ay cheu
|t:|1760425997
|gametype|singles
|player|p1|st_cccc|2|1496
|player|p2|ay cheu|riley|1452
|gen|9
|tier|[Gen 9] OU
|rated|
|rule|HP Percentage Mod: HP is shown in percentages
|rule|Endless Battle Clause: Forcing endless battles is banned
|rule|Species Clause: Limit one of each Pokémon
|rule|OHKO Clause: OHKO moves are banned
|rule|Evasion Items Clause: Evasion items are banned
|rule|Evasion Moves Clause: Evasion moves are banned
|rule|Evasion Abilities Clause: Evasion abilities are banned
|rule|Sleep Moves Clause: Sleep-inducing moves are banned
|clearpoke
|poke|p1|Great Tusk|
|poke|p1|Raging Bolt|
|poke|p1|Dragapult, F|
|poke|p1|Slowking-Galar, F|
|poke|p1|Kingambit, F|
|poke|p1|Ogerpon-Wellspring, F|
|poke|p2|Arcanine-Hisui, M|
|poke|p2|Hydreigon, M|
|poke|p2|Sandy Shocks|
|poke|p2|Jirachi|
|poke|p2|Noivern, M|
|poke|p2|Azumarill, M|
|teampreview
|inactive|Battle timer is ON: inactive players will automatically lose when time's up. (requested by ay cheu)
|
|t:|1760426006
|teamsize|p1|6
|teamsize|p2|6
|start
|switch|p1a: Ogerpon|Ogerpon-Wellspring, F|100/100
|switch|p2a: Hydreigon|Hydreigon, M|100/100
|turn|1
|
|t:|1760426010
|move|p2a: Hydreigon|U-turn|p1a: Ogerpon
|-supereffective|p1a: Ogerpon
|-damage|p1a: Ogerpon|59/100
|
|t:|1760426013
|switch|p2a: Noivern|Noivern, M|100/100|[from] U-turn
|-item|p1a: Ogerpon|Wellspring Mask|[from] ability: Frisk|[of] p2a: Noivern
|move|p1a: Ogerpon|U-turn|p2a: Noivern
|-resisted|p2a: Noivern
|-damage|p2a: Noivern|89/100
|
|t:|1760426021
|switch|p1a: Slowking|Slowking-Galar, F|100/100|[from] U-turn
|
|upkeep
|turn|2
|
|t:|1760426023
|move|p2a: Noivern|U-turn|p1a: Slowking
|-damage|p1a: Slowking|92/100
|
|t:|1760426027
|switch|p2a: Jirachi|Jirachi|100/100|[from] U-turn
|move|p1a: Slowking|Ice Beam|p2a: Jirachi
|-resisted|p2a: Jirachi
|-damage|p2a: Jirachi|94/100
|
|-heal|p2a: Jirachi|99/100|[from] item: Leftovers
|upkeep
|turn|3
|
|t:|1760426030
|move|p2a: Jirachi|Iron Head|p1a: Slowking
|-damage|p1a: Slowking|71/100
|cant|p1a: Slowking|flinch
|
|-heal|p2a: Jirachi|100/100|[from] item: Leftovers
|upkeep
|turn|4
|
|t:|1760426035
|move|p2a: Jirachi|U-turn|p1a: Slowking
|-damage|p1a: Slowking|60/100
|
|t:|1760426037
|switch|p2a: Sandy Shocks|Sandy Shocks|100/100|[from] U-turn
|move|p1a: Slowking|Flamethrower|p2a: Sandy Shocks
|-damage|p2a: Sandy Shocks|66/100
|
|upkeep
|turn|5
|
|t:|1760426041
|move|p2a: Sandy Shocks|Earth Power|p1a: Slowking
|-supereffective|p1a: Slowking
|-damage|p1a: Slowking|5/100
|move|p1a: Slowking|Ice Beam|p2a: Sandy Shocks
|-supereffective|p2a: Sandy Shocks
|-damage|p2a: Sandy Shocks|5/100
|
|upkeep
|turn|6
|
|t:|1760426051
|switch|p1a: Dragapult|Dragapult, F|100/100
|move|p2a: Sandy Shocks|Discharge|p1a: Dragapult
|-resisted|p1a: Dragapult
|-damage|p1a: Dragapult|71/100
|-status|p1a: Dragapult|par
|
|upkeep
|turn|7
|
|t:|1760426058
|move|p2a: Sandy Shocks|Earth Power|p1a: Dragapult
|-damage|p1a: Dragapult|0 fnt
|faint|p1a: Dragapult
|
|upkeep
|
|t:|1760426062
|switch|p1a: Ogerpon|Ogerpon-Wellspring, F|59/100
|turn|8
|
|t:|1760426067
|-end|p2a: Sandy Shocks|Protosynthesis|[silent]
|switch|p2a: Noivern|Noivern, M|89/100
|-item|p1a: Ogerpon|Wellspring Mask|[from] ability: Frisk|[of] p2a: Noivern
|move|p1a: Ogerpon|Knock Off|p2a: Noivern
|-damage|p2a: Noivern|50/100
|-enditem|p2a: Noivern|Heavy-Duty Boots|[from] move: Knock Off|[of] p1a: Ogerpon
|
|upkeep
|turn|9
|
|t:|1760426073
|switch|p1a: Slowking|Slowking-Galar, F|38/100
|move|p2a: Noivern|Roost|p2a: Noivern
|-heal|p2a: Noivern|99/100
|-singleturn|p2a: Noivern|move: Roost
|
|upkeep
|turn|10
|
|t:|1760426079
|move|p2a: Noivern|U-turn|p1a: Slowking
|-damage|p1a: Slowking|30/100
|
|t:|1760426081
|switch|p2a: Azumarill|Azumarill, M|100/100|[from] U-turn
|move|p1a: Slowking|Flamethrower|p2a: Azumarill
|-resisted|p2a: Azumarill
|-damage|p2a: Azumarill|90/100
|
|upkeep
|turn|11
|
|t:|1760426089
|switch|p1a: Raging Bolt|Raging Bolt|100/100
|-enditem|p1a: Raging Bolt|Booster Energy
|-activate|p1a: Raging Bolt|ability: Protosynthesis|[fromitem]
|-start|p1a: Raging Bolt|protosynthesisspa
|move|p2a: Azumarill|Play Rough|p1a: Raging Bolt
|-supereffective|p1a: Raging Bolt
|-damage|p1a: Raging Bolt|0 fnt
|faint|p1a: Raging Bolt
|-end|p1a: Raging Bolt|Protosynthesis|[silent]
|
|upkeep
|
|t:|1760426091
|switch|p1a: Great Tusk|Great Tusk|100/100
|turn|12
|
|t:|1760426096
|-terastallize|p1a: Great Tusk|Steel
|move|p1a: Great Tusk|Rapid Spin|p2a: Azumarill
|-damage|p2a: Azumarill|72/100
|-boost|p1a: Great Tusk|spe|1
|move|p2a: Azumarill|Play Rough|p1a: Great Tusk
|-resisted|p1a: Great Tusk
|-damage|p1a: Great Tusk|71/100
|-damage|p2a: Azumarill|55/100|[from] item: Rocky Helmet|[of] p1a: Great Tusk
|
|upkeep
|turn|13
|
|t:|1760426117
|switch|p2a: Jirachi|Jirachi|100/100
|move|p1a: Great Tusk|Headlong Rush|p2a: Jirachi
|-supereffective|p2a: Jirachi
|-damage|p2a: Jirachi|0 fnt
|-unboost|p1a: Great Tusk|def|1
|-unboost|p1a: Great Tusk|spd|1
|faint|p2a: Jirachi
|
|upkeep
|
|t:|1760426123
|switch|p2a: Hydreigon|Hydreigon, M|100/100
|turn|14
|
|t:|1760426126
|move|p2a: Hydreigon|Dark Pulse|p1a: Great Tusk
|-damage|p1a: Great Tusk|0 fnt
|faint|p1a: Great Tusk
|-end|p1a: Great Tusk|Protosynthesis|[silent]
|
|upkeep
|
|t:|1760426137
|switch|p1a: Kingambit|Kingambit, F|100/100
|-activate|p1a: Kingambit|ability: Supreme Overlord
|-start|p1a: Kingambit|fallen3|[silent]
|turn|15
|
|t:|1760426141
|switch|p2a: Sandy Shocks|Sandy Shocks|5/100
|move|p1a: Kingambit|Swords Dance|p1a: Kingambit
|-boost|p1a: Kingambit|atk|2
|
|upkeep
|turn|16
|
|t:|1760426145
|move|p1a: Kingambit|Sucker Punch||[still]
|-fail|p1a: Kingambit
|move|p2a: Sandy Shocks|Stealth Rock|p1a: Kingambit
|-sidestart|p1: st_cccc|move: Stealth Rock
|
|upkeep
|turn|17
|
|t:|1760426147
|move|p1a: Kingambit|Sucker Punch||[still]
|-fail|p1a: Kingambit
|move|p2a: Sandy Shocks|Stealth Rock||[still]
|-fail|p2a: Sandy Shocks
|
|upkeep
|turn|18
|
|t:|1760426150
|move|p1a: Kingambit|Sucker Punch||[still]
|-fail|p1a: Kingambit
|move|p2a: Sandy Shocks|Stealth Rock||[still]
|-fail|p2a: Sandy Shocks
|
|upkeep
|turn|19
|
|t:|1760426152
|move|p1a: Kingambit|Sucker Punch|p2a: Sandy Shocks
|-damage|p2a: Sandy Shocks|0 fnt
|faint|p2a: Sandy Shocks
|-end|p2a: Sandy Shocks|Protosynthesis|[silent]
|
|upkeep
|
|t:|1760426154
|switch|p2a: 灰灰|Arcanine-Hisui, M|100/100
|turn|20
|
|t:|1760426157
|move|p1a: Kingambit|Sucker Punch|p2a: 灰灰
|-enditem|p2a: 灰灰|Focus Sash
|-damage|p2a: 灰灰|1/100
|move|p2a: 灰灰|Flare Blitz|p1a: Kingambit
|-supereffective|p1a: Kingambit
|-damage|p1a: Kingambit|13/100
|
|-heal|p1a: Kingambit|19/100|[from] item: Leftovers
|upkeep
|turn|21
|
|t:|1760426160
|move|p1a: Kingambit|Sucker Punch||[still]
|-fail|p1a: Kingambit
|move|p2a: 灰灰|Will-O-Wisp|p1a: Kingambit
|-status|p1a: Kingambit|brn
|
|-heal|p1a: Kingambit|25/100 brn|[from] item: Leftovers
|-damage|p1a: Kingambit|19/100 brn|[from] brn
|upkeep
|turn|22
|
|t:|1760426162
|move|p2a: 灰灰|Extreme Speed|p1a: Kingambit
|-resisted|p1a: Kingambit
|-damage|p1a: Kingambit|10/100 brn
|move|p1a: Kingambit|Sucker Punch||[still]
|-fail|p1a: Kingambit
|
|-heal|p1a: Kingambit|16/100 brn|[from] item: Leftovers
|-damage|p1a: Kingambit|10/100 brn|[from] brn
|upkeep
|turn|23
|
|t:|1760426168
|move|p1a: Kingambit|Sucker Punch|p2a: 灰灰
|-damage|p2a: 灰灰|0 fnt
|faint|p2a: 灰灰
|
|-heal|p1a: Kingambit|16/100 brn|[from] item: Leftovers
|-damage|p1a: Kingambit|10/100 brn|[from] brn
|upkeep
|
|t:|1760426171
|switch|p2a: Azumarill|Azumarill, M|55/100
|turn|24
|
|t:|1760426173
|move|p2a: Azumarill|Aqua Jet|p1a: Kingambit
|-damage|p1a: Kingambit|0 fnt
|faint|p1a: Kingambit
|-end|p1a: Kingambit|fallen3|[silent]
|
|upkeep
|
|t:|1760426178
|switch|p1a: Slowking|Slowking-Galar, F|64/100
|-damage|p1a: Slowking|51/100|[from] Stealth Rock
|turn|25
|
|t:|1760426185
|switch|p2a: Hydreigon|Hydreigon, M|100/100
|move|p1a: Slowking|Sludge Bomb|p2a: Hydreigon
|-damage|p2a: Hydreigon|61/100
|
|upkeep
|turn|26
|
|t:|1760426188
|move|p2a: Hydreigon|Dark Pulse|p1a: Slowking
|-supereffective|p1a: Slowking
|-damage|p1a: Slowking|4/100
|cant|p1a: Slowking|flinch
|
|upkeep
|turn|27
|
|t:|1760426192
|move|p2a: Hydreigon|Dark Pulse|p1a: Slowking
|-supereffective|p1a: Slowking
|-damage|p1a: Slowking|0 fnt
|faint|p1a: Slowking
|
|upkeep
|
|t:|1760426196
|switch|p1a: Ogerpon|Ogerpon-Wellspring, F|59/100
|-damage|p1a: Ogerpon|47/100|[from] Stealth Rock
|turn|28
|
|t:|1760426197
|move|p2a: Hydreigon|Dark Pulse|p1a: Ogerpon
|-crit|p1a: Ogerpon
|-damage|p1a: Ogerpon|0 fnt
|faint|p1a: Ogerpon
|
|win|ay cheu
|raw|st_cccc's rating: 1496 &rarr; <strong>1473</strong><br />(-23 for losing)
|raw|ay cheu's rating: 1452 &rarr; <strong>1475</strong><br />(+23 for winning)
