|j|☆KuroNoTamashi
|j|☆Princessjosie1001!
|t:|1760448094
|gametype|singles
|player|p1|KuroNoTamashi|169|1452
|player|p2|Princessjosie1001!|nurse|1504
|gen|9
|tier|[Gen 9] OU
|rated|
|rule|HP Percentage Mod: HP is shown in percentages
|rule|Endless Battle Clause: Forcing endless battles is banned
|rule|Species Clause: Limit one of each Pokémon
|rule|OHKO Clause: OHKO moves are banned
|rule|Evasion Items Clause: Evasion items are banned
|rule|Evasion Moves Clause: Evasion moves are banned
|rule|Evasion Abilities Clause: Evasion abilities are banned
|rule|Sleep Moves Clause: Sleep-inducing moves are banned
|clearpoke
|poke|p1|Dragapult, M|
|poke|p1|Fezandipiti, M|
|poke|p1|Moltres|
|poke|p1|Alomomola, F|
|poke|p1|Kingambit, F|
|poke|p1|Hatterene, F|
|poke|p2|Yanmega, F|
|poke|p2|Cloyster, F|
|poke|p2|Salazzle, F|
|poke|p2|Espeon, F|
|poke|p2|Jirachi|
|poke|p2|Maushold-Four|
|teampreview
|
|t:|1760448101
|teamsize|p1|6
|teamsize|p2|6
|start
|switch|p1a: Alomomola|Alomomola, F|100/100
|switch|p2a: Yanmega|Yanmega, F|100/100
|turn|1
|
|t:|1760448109
|move|p2a: Yanmega|Air Slash|p1a: Alomomola
|-damage|p1a: Alomomola|76/100
|-damage|p2a: Yanmega|91/100|[from] item: Life Orb
|cant|p1a: Alomomola|flinch
|
|-ability|p2a: Yanmega|Speed Boost|boost
|-boost|p2a: Yanmega|spe|1
|upkeep
|turn|2
|
|t:|1760448117
|move|p2a: Yanmega|Ancient Power|p1a: Alomomola
|-damage|p1a: Alomomola|61/100
|-damage|p2a: Yanmega|81/100|[from] item: Life Orb
|move|p1a: Alomomola|Mirror Coat|p2a: Yanmega
|-damage|p2a: Yanmega|33/100
|
|-ability|p2a: Yanmega|Speed Boost|boost
|-boost|p2a: Yanmega|spe|1
|upkeep
|turn|3
|
|t:|1760448125
|move|p2a: Yanmega|Air Slash|p1a: Alomomola
|-damage|p1a: Alomomola|36/100
|-damage|p2a: Yanmega|23/100|[from] item: Life Orb
|move|p1a: Alomomola|Mirror Coat|p2a: Yanmega
|-damage|p2a: Yanmega|0 fnt
|faint|p2a: Yanmega
|
|upkeep
|
|t:|1760448132
|switch|p2a: Maushold|Maushold-Four|100/100
|turn|4
|
|t:|1760448136
|switch|p1a: Moltres|Moltres|100/100
|move|p2a: Maushold|Bullet Seed|p1a: Moltres
|-resisted|p1a: Moltres
|-damage|p1a: Moltres|99/100
|-resisted|p1a: Moltres
|-damage|p1a: Moltres|97/100
|-resisted|p1a: Moltres
|-damage|p1a: Moltres|96/100
|-resisted|p1a: Moltres
|-damage|p1a: Moltres|94/100
|-hitcount|p1a: Moltres|4
|
|upkeep
|turn|5
|
|t:|1760448147
|switch|p2a: No hazard allowed|Espeon, F|100/100
|move|p1a: Moltres|U-turn|p2a: No hazard allowed
|-supereffective|p2a: No hazard allowed
|-damage|p2a: No hazard allowed|44/100
|
|t:|1760448151
|switch|p1a: Alomomola|Alomomola, F|69/100|[from] U-turn
|
|upkeep
|turn|6
|
|t:|1760448155
|move|p2a: No hazard allowed|Trick|p1a: Alomomola
|-activate|p2a: No hazard allowed|move: Trick|[of] p1a: Alomomola
|-item|p1a: Alomomola|Choice Scarf|[from] move: Trick
|-item|p2a: No hazard allowed|Assault Vest|[from] move: Trick
|move|p1a: Alomomola|Flip Turn|p2a: No hazard allowed
|-damage|p2a: No hazard allowed|9/100
|
|t:|1760448158
|switch|p1a: Dragapult|Dragapult, M, shiny|100/100|[from] Flip Turn
|
|upkeep
|turn|7
|
|t:|1760448163
|move|p1a: Dragapult|U-turn|p2a: No hazard allowed
|-supereffective|p2a: No hazard allowed
|-damage|p2a: No hazard allowed|0 fnt
|faint|p2a: No hazard allowed
|
|t:|1760448164
|switch|p1a: Fezandipiti|Fezandipiti, M|100/100|[from] U-turn
|
|upkeep
|
|t:|1760448171
|switch|p2a: Jirachi|Jirachi|100/100
|turn|8
|
|t:|1760448177
|switch|p1a: Moltres|Moltres|94/100
|move|p2a: Jirachi|Iron Head|p1a: Moltres
|-resisted|p1a: Moltres
|-crit|p1a: Moltres
|-damage|p1a: Moltres|73/100
|
|upkeep
|turn|9
|
|t:|1760448184
|switch|p2a: Salazzle|Salazzle, F|100/100
|move|p1a: Moltres|U-turn|p2a: Salazzle
|-resisted|p2a: Salazzle
|-damage|p2a: Salazzle|93/100
|
|t:|1760448187
|switch|p1a: Dragapult|Dragapult, M, shiny|100/100|[from] U-turn
|
|upkeep
|turn|10
|
|t:|1760448192
|switch|p2a: Maushold|Maushold-Four|100/100
|move|p1a: Dragapult|Dragon Darts|p2a: Maushold
|-damage|p2a: Maushold|40/100
|-anim|p1a: Dragapult|Dragon Darts|p2a: Maushold
|-damage|p2a: Maushold|0 fnt
|faint|p2a: Maushold
|
|upkeep
|
|t:|1760448202
|switch|p2a: Cloyster|Cloyster, F|100/100
|turn|11
|
|t:|1760448205
|move|p1a: Dragapult|Dragon Darts|p2a: Cloyster
|-damage|p2a: Cloyster|68/100
|-anim|p1a: Dragapult|Dragon Darts|p2a: Cloyster
|-damage|p2a: Cloyster|37/100
|move|p2a: Cloyster|Shell Smash|p2a: Cloyster
|-unboost|p2a: Cloyster|def|1
|-unboost|p2a: Cloyster|spd|1
|-boost|p2a: Cloyster|atk|2
|-boost|p2a: Cloyster|spa|2
|-boost|p2a: Cloyster|spe|2
|
|upkeep
|turn|12
|
|t:|1760448214
|-terastallize|p1a: Dragapult|Ghost
|move|p2a: Cloyster|Icicle Spear|p1a: Dragapult
|-damage|p1a: Dragapult|67/100
|-damage|p1a: Dragapult|37/100
|-damage|p1a: Dragapult|6/100
|-damage|p1a: Dragapult|0 fnt
|faint|p1a: Dragapult
|-hitcount|p1: Dragapult|4
|
|upkeep
|
|t:|1760448220
|switch|p1a: Moltres|Moltres|73/100
|turn|13
|
|t:|1760448224
|move|p2a: Cloyster|Icicle Spear|p1a: Moltres
|-damage|p1a: Moltres|56/100
|-damage|p1a: Moltres|41/100
|-damage|p1a: Moltres|25/100
|-damage|p1a: Moltres|7/100
|-damage|p1a: Moltres|0 fnt
|faint|p1a: Moltres
|-hitcount|p1: Moltres|5
|
|upkeep
|
|t:|1760448229
|switch|p1a: Alomomola|Alomomola, F|100/100
|turn|14
|
|t:|1760448234
|move|p2a: Cloyster|Rock Blast|p1a: Alomomola
|-damage|p1a: Alomomola|89/100
|-damage|p1a: Alomomola|77/100
|-damage|p1a: Alomomola|65/100
|-damage|p1a: Alomomola|54/100
|-damage|p1a: Alomomola|41/100
|-hitcount|p1a: Alomomola|5
|move|p1a: Alomomola|Alluring Voice|p2a: Cloyster
|-damage|p2a: Cloyster|0 fnt
|faint|p2a: Cloyster
|
|upkeep
|
|t:|1760448247
|switch|p2a: Salazzle|Salazzle, F|93/100
|turn|15
|
|t:|1760448253
|switch|p1a: Hatterene|Hatterene, F|100/100
|move|p2a: Salazzle|Sludge Wave|p1a: Hatterene
|-supereffective|p1a: Hatterene
|-damage|p1a: Hatterene|4/100
|
|upkeep
|turn|16
|
|t:|1760448259
|move|p2a: Salazzle|Flamethrower|p1a: Hatterene
|-damage|p1a: Hatterene|0 fnt
|faint|p1a: Hatterene
|
|upkeep
|
|t:|1760448262
|switch|p1a: Alomomola|Alomomola, F|74/100
|turn|17
|
|t:|1760448268
|-terastallize|p2a: Salazzle|Poison
|move|p2a: Salazzle|Sludge Wave|p1a: Alomomola
|-damage|p1a: Alomomola|28/100
|move|p1a: Alomomola|Flip Turn|p2a: Salazzle
|-damage|p2a: Salazzle|57/100
|
|t:|1760448274
|switch|p1a: Fezandipiti|Fezandipiti, M|100/100|[from] Flip Turn
|
|upkeep
|turn|18
|
|t:|1760448278
|switch|p1a: Alomomola|Alomomola, F|62/100
|move|p2a: Salazzle|Sludge Wave|p1a: Alomomola
|-damage|p1a: Alomomola|14/100
|-status|p1a: Alomomola|psn
|
|-damage|p1a: Alomomola|1/100 psn|[from] psn
|upkeep
|turn|19
|
|t:|1760448285
|move|p2a: Salazzle|Flamethrower|p1a: Alomomola
|-resisted|p1a: Alomomola
|-damage|p1a: Alomomola|0 fnt
|faint|p1a: Alomomola
|
|upkeep
|
|t:|1760448287
|switch|p1a: Kingambit|Kingambit, F|100/100
|-activate|p1a: Kingambit|ability: Supreme Overlord
|-start|p1a: Kingambit|fallen4|[silent]
|turn|20
|
|t:|1760448293
|move|p1a: Kingambit|Sucker Punch||[still]
|-fail|p1a: Kingambit
|move|p2a: Salazzle|Toxic|p1a: Kingambit
|-status|p1a: Kingambit|tox
|
|-damage|p1a: Kingambit|94/100 tox|[from] psn
|upkeep
|turn|21
|
|t:|1760448300
|move|p2a: Salazzle|Agility|p2a: Salazzle
|-boost|p2a: Salazzle|spe|2
|move|p1a: Kingambit|Kowtow Cleave|p2a: Salazzle
|-damage|p2a: Salazzle|0 fnt
|faint|p2a: Salazzle
|
|-damage|p1a: Kingambit|82/100 tox|[from] psn
|upkeep
|
|t:|1760448308
|switch|p2a: Jirachi|Jirachi|100/100
|turn|22
|
|t:|1760448310
|-end|p1a: Kingambit|fallen4|[silent]
|switch|p1a: Fezandipiti|Fezandipiti, M|100/100
|move|p2a: Jirachi|Iron Head|p1a: Fezandipiti
|-supereffective|p1a: Fezandipiti
|-damage|p1a: Fezandipiti|0 fnt
|faint|p1a: Fezandipiti
|
|upkeep
|
|t:|1760448315
|switch|p1a: Kingambit|Kingambit, F|82/100 tox
|-activate|p1a: Kingambit|ability: Supreme Overlord
|-start|p1a: Kingambit|fallen5|[silent]
|turn|23
|
|t:|1760448319
|move|p1a: Kingambit|Sucker Punch|p2a: Jirachi
|-supereffective|p2a: Jirachi
|-damage|p2a: Jirachi|0 fnt
|faint|p2a: Jirachi
|
|win|KuroNoTamashi
|raw|KuroNoTamashi's rating: 1452 &rarr; <strong>1475</strong><br />(+23 for winning)
|raw|Princessjosie1001!'s rating: 1504 &rarr; <strong>1481</strong><br />(-23 for losing)
|l|☆Princessjosie1001!
|player|p2|
|l|☆KuroNoTamashi
|player|p1|
|j|☆KuroNoTamashi
|player|p1|KuroNoTamashi|169|
|l|☆KuroNoTamashi
|player|p1|
