|j|☆chedeqing
|j|☆Thehaxorusboy
|t:|1760453102
|gametype|singles
|player|p1|chedeqing|firebreather|1461
|player|p2|Thehaxorusboy|hilbert|1415
|gen|9
|tier|[Gen 9] OU
|rated|
|rule|HP Percentage Mod: HP is shown in percentages
|rule|Endless Battle Clause: Forcing endless battles is banned
|rule|Species Clause: Limit one of each Pokémon
|rule|OHKO Clause: OHKO moves are banned
|rule|Evasion Items Clause: Evasion items are banned
|rule|Evasion Moves Clause: Evasion moves are banned
|rule|Evasion Abilities Clause: Evasion abilities are banned
|rule|Sleep Moves Clause: Sleep-inducing moves are banned
|clearpoke
|poke|p1|Braviary-Hisui, M|
|poke|p1|Garchomp, F|
|poke|p1|Iron Valiant|
|poke|p1|Skeledirge, M|
|poke|p1|Iron Treads|
|poke|p1|Kingambit, M|
|poke|p2|Ninetales-Alola, M|
|poke|p2|Cloyster, M|
|poke|p2|Kyurem|
|poke|p2|Scizor, M|
|poke|p2|Iron Moth|
|poke|p2|Great Tusk|
|teampreview
|inactive|Battle timer is ON: inactive players will automatically lose when time's up. (requested by chedeqing)
|
|t:|1760453118
|teamsize|p1|6
|teamsize|p2|6
|start
|switch|p1a: 鹰击长空|Braviary-Hisui, M|100/100
|switch|p2a: Ninetales|Ninetales-Alola, M|100/100
|-weather|Snowscape|[from] ability: Snow Warning|[of] p2a: Ninetales
|turn|1
|
|t:|1760453145
|switch|p1a: 雄关漫道真如铁|Iron Treads|100/100
|-item|p1a: 雄关漫道真如铁|Air Balloon
|move|p2a: Ninetales|Aurora Veil|p2a: Ninetales
|-sidestart|p2: Thehaxorusboy|move: Aurora Veil
|
|-weather|Snowscape|[upkeep]
|upkeep
|turn|2
|
|t:|1760453152
|move|p2a: Ninetales|Freeze-Dry|p1a: 雄关漫道真如铁
|-damage|p1a: 雄关漫道真如铁|68/100
|-enditem|p1a: 雄关漫道真如铁|Air Balloon
|move|p1a: 雄关漫道真如铁|Stealth Rock|p2a: Ninetales
|-sidestart|p2: Thehaxorusboy|move: Stealth Rock
|
|-weather|Snowscape|[upkeep]
|upkeep
|turn|3
|inactive|chedeqing has 120 seconds left.
|
|t:|1760453173
|switch|p2a: Great Tusk|Great Tusk|100/100
|-damage|p2a: Great Tusk|97/100|[from] Stealth Rock
|-enditem|p2a: Great Tusk|Booster Energy
|-activate|p2a: Great Tusk|ability: Protosynthesis|[fromitem]
|-start|p2a: Great Tusk|protosynthesisatk
|move|p1a: 雄关漫道真如铁|Earthquake|p2a: Great Tusk
|-damage|p2a: Great Tusk|82/100
|
|-weather|Snowscape|[upkeep]
|upkeep
|turn|4
|inactive|chedeqing has 120 seconds left.
|
|t:|1760453207
|-end|p1a: 雄关漫道真如铁|Quark Drive|[silent]
|switch|p1a: 火光万丈|Skeledirge, M|100/100
|move|p2a: Great Tusk|Rapid Spin|p1a: 火光万丈
|-immune|p1a: 火光万丈
|
|-weather|Snowscape|[upkeep]
|upkeep
|turn|5
|
|t:|1760453213
|switch|p1a: 雄关漫道真如铁|Iron Treads|68/100
|move|p2a: Great Tusk|Stealth Rock|p1a: 雄关漫道真如铁
|-sidestart|p1: chedeqing|move: Stealth Rock
|
|-weather|none
|upkeep
|turn|6
|
|t:|1760453220
|move|p1a: 雄关漫道真如铁|Rapid Spin|p2a: Great Tusk
|-damage|p2a: Great Tusk|77/100
|-boost|p1a: 雄关漫道真如铁|spe|1
|-sideend|p1: chedeqing|Stealth Rock|[from] move: Rapid Spin|[of] p1a: 雄关漫道真如铁
|move|p2a: Great Tusk|Rapid Spin|p1a: 雄关漫道真如铁
|-resisted|p1a: 雄关漫道真如铁
|-damage|p1a: 雄关漫道真如铁|59/100
|-boost|p2a: Great Tusk|spe|1
|-sideend|p2: Thehaxorusboy|Stealth Rock|[from] move: Rapid Spin|[of] p2a: Great Tusk
|
|upkeep
|turn|7
|
|t:|1760453229
|move|p1a: 雄关漫道真如铁|Stealth Rock|p2a: Great Tusk
|-sidestart|p2: Thehaxorusboy|move: Stealth Rock
|move|p2a: Great Tusk|Rapid Spin|p1a: 雄关漫道真如铁
|-resisted|p1a: 雄关漫道真如铁
|-damage|p1a: 雄关漫道真如铁|49/100
|-boost|p2a: Great Tusk|spe|1
|-sideend|p2: Thehaxorusboy|Stealth Rock|[from] move: Rapid Spin|[of] p2a: Great Tusk
|
|upkeep
|turn|8
|inactive|chedeqing has 120 seconds left.
|
|t:|1760453239
|-end|p1a: 雄关漫道真如铁|Quark Drive|[silent]
|switch|p1a: 鹰击长空|Braviary-Hisui, M|100/100
|move|p2a: Great Tusk|Stealth Rock|p1a: 鹰击长空
|-sidestart|p1: chedeqing|move: Stealth Rock
|
|-sideend|p2: Thehaxorusboy|move: Aurora Veil
|upkeep
|turn|9
|
|t:|1760453246
|move|p2a: Great Tusk|Ice Spinner|p1a: 鹰击长空
|-supereffective|p1a: 鹰击长空
|-damage|p1a: 鹰击长空|19/100
|move|p1a: 鹰击长空|Psychic|p2a: Great Tusk
|-supereffective|p2a: Great Tusk
|-crit|p2a: Great Tusk
|-damage|p2a: Great Tusk|0 fnt
|faint|p2a: Great Tusk
|-end|p2a: Great Tusk|Protosynthesis|[silent]
|
|upkeep
|
|t:|1760453264
|switch|p2a: Scizor|Scizor, M|100/100
|turn|10
|
|t:|1760453275
|move|p2a: Scizor|Bullet Punch|p1a: 鹰击长空
|-damage|p1a: 鹰击长空|0 fnt
|faint|p1a: 鹰击长空
|
|upkeep
|
|t:|1760453289
|switch|p1a: 火光万丈|Skeledirge, M|100/100
|turn|11
|
|t:|1760453300
|switch|p1a: 雄关漫道真如铁|Iron Treads|49/100
|-damage|p1a: 雄关漫道真如铁|46/100|[from] Stealth Rock
|move|p2a: Scizor|Knock Off|p1a: 雄关漫道真如铁
|-damage|p1a: 雄关漫道真如铁|24/100
|
|upkeep
|turn|12
|
|t:|1760453314
|move|p1a: 雄关漫道真如铁|Stealth Rock|p2a: Scizor
|-sidestart|p2: Thehaxorusboy|move: Stealth Rock
|move|p2a: Scizor|Swords Dance|p2a: Scizor
|-boost|p2a: Scizor|atk|2
|
|upkeep
|turn|13
|
|t:|1760453325
|move|p1a: 雄关漫道真如铁|Rapid Spin|p2a: Scizor
|-resisted|p2a: Scizor
|-damage|p2a: Scizor|92/100
|-boost|p1a: 雄关漫道真如铁|spe|1
|-sideend|p1: chedeqing|Stealth Rock|[from] move: Rapid Spin|[of] p1a: 雄关漫道真如铁
|move|p2a: Scizor|Knock Off|p1a: 雄关漫道真如铁
|-damage|p1a: 雄关漫道真如铁|0 fnt
|faint|p1a: 雄关漫道真如铁
|-end|p1a: 雄关漫道真如铁|Quark Drive|[silent]
|
|upkeep
|inactive|chedeqing has 120 seconds left.
|
|t:|1760453338
|switch|p1a: 火光万丈|Skeledirge, M|100/100
|turn|14
|
|t:|1760453346
|move|p2a: Scizor|Knock Off|p1a: 火光万丈
|-supereffective|p1a: 火光万丈
|-damage|p1a: 火光万丈|55/100
|-enditem|p1a: 火光万丈|Heavy-Duty Boots|[from] move: Knock Off|[of] p2a: Scizor
|move|p1a: 火光万丈|Torch Song|p2a: Scizor
|-supereffective|p2a: Scizor
|-damage|p2a: Scizor|0 fnt
|-boost|p1a: 火光万丈|spa|1
|faint|p2a: Scizor
|
|upkeep
|
|t:|1760453353
|switch|p2a: Ninetales|Ninetales-Alola, M|100/100
|-damage|p2a: Ninetales|76/100|[from] Stealth Rock
|-weather|Snowscape|[from] ability: Snow Warning|[of] p2a: Ninetales
|turn|15
|
|t:|1760453360
|move|p2a: Ninetales|Aurora Veil|p2a: Ninetales
|-sidestart|p2: Thehaxorusboy|move: Aurora Veil
|move|p1a: 火光万丈|Torch Song|p2a: Ninetales
|-supereffective|p2a: Ninetales
|-damage|p2a: Ninetales|27/100
|-boost|p1a: 火光万丈|spa|1
|
|-weather|Snowscape|[upkeep]
|upkeep
|turn|16
|
|t:|1760453366
|move|p2a: Ninetales|Freeze-Dry|p1a: 火光万丈
|-resisted|p1a: 火光万丈
|-damage|p1a: 火光万丈|43/100
|move|p1a: 火光万丈|Torch Song|p2a: Ninetales
|-supereffective|p2a: Ninetales
|-crit|p2a: Ninetales
|-damage|p2a: Ninetales|0 fnt
|-boost|p1a: 火光万丈|spa|1
|faint|p2a: Ninetales
|
|-weather|Snowscape|[upkeep]
|upkeep
|
|t:|1760453387
|switch|p2a: Cloyster|Cloyster, M|100/100
|-damage|p2a: Cloyster|75/100|[from] Stealth Rock
|turn|17
|
|t:|1760453393
|move|p2a: Cloyster|Rock Blast|p1a: 火光万丈
|-supereffective|p1a: 火光万丈
|-damage|p1a: 火光万丈|32/100
|-supereffective|p1a: 火光万丈
|-damage|p1a: 火光万丈|24/100
|-supereffective|p1a: 火光万丈
|-damage|p1a: 火光万丈|14/100
|-supereffective|p1a: 火光万丈
|-damage|p1a: 火光万丈|5/100
|-supereffective|p1a: 火光万丈
|-damage|p1a: 火光万丈|0 fnt
|faint|p1a: 火光万丈
|-hitcount|p1: 火光万丈|5
|
|-weather|Snowscape|[upkeep]
|upkeep
|inactive|chedeqing has 120 seconds left.
|
|t:|1760453435
|switch|p1a: 一夫当关，万夫莫开|Kingambit, M, shiny|100/100
|-activate|p1a: 一夫当关，万夫莫开|ability: Supreme Overlord
|-start|p1a: 一夫当关，万夫莫开|fallen3|[silent]
|turn|18
|
|t:|1760453442
|move|p2a: Cloyster|Shell Smash|p2a: Cloyster
|-unboost|p2a: Cloyster|def|1
|-unboost|p2a: Cloyster|spd|1
|-boost|p2a: Cloyster|atk|2
|-boost|p2a: Cloyster|spa|2
|-boost|p2a: Cloyster|spe|2
|move|p1a: 一夫当关，万夫莫开|Swords Dance|p1a: 一夫当关，万夫莫开
|-boost|p1a: 一夫当关，万夫莫开|atk|2
|
|-weather|Snowscape|[upkeep]
|upkeep
|turn|19
|inactive|chedeqing has 120 seconds left.
|
|t:|1760453451
|move|p1a: 一夫当关，万夫莫开|Sucker Punch|p2a: Cloyster
|-damage|p2a: Cloyster|38/100
|move|p2a: Cloyster|Icicle Spear|p1a: 一夫当关，万夫莫开
|-resisted|p1a: 一夫当关，万夫莫开
|-crit|p1a: 一夫当关，万夫莫开
|-damage|p1a: 一夫当关，万夫莫开|84/100
|-resisted|p1a: 一夫当关，万夫莫开
|-damage|p1a: 一夫当关，万夫莫开|75/100
|-resisted|p1a: 一夫当关，万夫莫开
|-damage|p1a: 一夫当关，万夫莫开|65/100
|-resisted|p1a: 一夫当关，万夫莫开
|-damage|p1a: 一夫当关，万夫莫开|55/100
|-resisted|p1a: 一夫当关，万夫莫开
|-damage|p1a: 一夫当关，万夫莫开|44/100
|-hitcount|p1a: 一夫当关，万夫莫开|5
|
|-weather|none
|-heal|p1a: 一夫当关，万夫莫开|50/100|[from] item: Leftovers
|upkeep
|turn|20
|inactive|chedeqing has 120 seconds left.
|
|t:|1760453465
|move|p2a: Cloyster|Ice Shard|p1a: 一夫当关，万夫莫开
|-resisted|p1a: 一夫当关，万夫莫开
|-damage|p1a: 一夫当关，万夫莫开|33/100
|move|p1a: 一夫当关，万夫莫开|Kowtow Cleave|p2a: Cloyster
|-damage|p2a: Cloyster|0 fnt
|faint|p2a: Cloyster
|
|-heal|p1a: 一夫当关，万夫莫开|39/100|[from] item: Leftovers
|upkeep
|
|t:|1760453474
|switch|p2a: Iron Moth|Iron Moth|100/100
|-damage|p2a: Iron Moth|76/100|[from] Stealth Rock
|-enditem|p2a: Iron Moth|Booster Energy
|-activate|p2a: Iron Moth|ability: Quark Drive|[fromitem]
|-start|p2a: Iron Moth|quarkdrivespe
|turn|21
|inactive|chedeqing has 120 seconds left.
|
|t:|1760453499
|move|p2a: Iron Moth|Substitute|p2a: Iron Moth
|-start|p2a: Iron Moth|Substitute
|-damage|p2a: Iron Moth|51/100
|move|p1a: 一夫当关，万夫莫开|Kowtow Cleave|p2a: Iron Moth
|-end|p2a: Iron Moth|Substitute
|
|-heal|p1a: 一夫当关，万夫莫开|45/100|[from] item: Leftovers
|upkeep
|turn|22
|inactive|chedeqing has 120 seconds left.
|
|t:|1760453506
|move|p2a: Iron Moth|Substitute|p2a: Iron Moth
|-start|p2a: Iron Moth|Substitute
|-damage|p2a: Iron Moth|26/100
|move|p1a: 一夫当关，万夫莫开|Kowtow Cleave|p2a: Iron Moth
|-end|p2a: Iron Moth|Substitute
|
|-heal|p1a: 一夫当关，万夫莫开|51/100|[from] item: Leftovers
|-sideend|p2: Thehaxorusboy|move: Aurora Veil
|upkeep
|turn|23
|
|t:|1760453513
|move|p2a: Iron Moth|Fiery Dance|p1a: 一夫当关，万夫莫开
|-supereffective|p1a: 一夫当关，万夫莫开
|-damage|p1a: 一夫当关，万夫莫开|0 fnt
|faint|p1a: 一夫当关，万夫莫开
|-end|p1a: 一夫当关，万夫莫开|fallen3|[silent]
|
|upkeep
|
|t:|1760453519
|switch|p1a: 龙舞天|Garchomp, F|100/100
|turn|24
|
|t:|1760453524
|move|p2a: Iron Moth|Energy Ball|p1a: 龙舞天
|-crit|p1a: 龙舞天
|-damage|p1a: 龙舞天|47/100
|move|p1a: 龙舞天|Earthquake|p2a: Iron Moth
|-supereffective|p2a: Iron Moth
|-damage|p2a: Iron Moth|0 fnt
|faint|p2a: Iron Moth
|-end|p2a: Iron Moth|Quark Drive|[silent]
|
|upkeep
|
|t:|1760453526
|switch|p2a: Kyurem|Kyurem|100/100
|-damage|p2a: Kyurem|76/100|[from] Stealth Rock
|-ability|p2a: Kyurem|Pressure
|turn|25
|
|t:|1760453543
|switch|p1a: 武者|Iron Valiant, shiny|100/100
|-enditem|p1a: 武者|Booster Energy
|-activate|p1a: 武者|ability: Quark Drive|[fromitem]
|-start|p1a: 武者|quarkdrivespe
|-terastallize|p2a: Kyurem|Fire
|move|p2a: Kyurem|Dragon Dance|p2a: Kyurem
|-boost|p2a: Kyurem|atk|1
|-boost|p2a: Kyurem|spe|1
|
|upkeep
|turn|26
|
|t:|1760453553
|move|p1a: 武者|Encore|p2a: Kyurem
|-start|p2a: Kyurem|Encore
|move|p2a: Kyurem|Dragon Dance|p2a: Kyurem
|-boost|p2a: Kyurem|atk|1
|-boost|p2a: Kyurem|spe|1
|
|upkeep
|turn|27
|
|t:|1760453560
|move|p2a: Kyurem|Dragon Dance|p2a: Kyurem
|-boost|p2a: Kyurem|atk|1
|-boost|p2a: Kyurem|spe|1
|move|p1a: 武者|Close Combat|p2a: Kyurem
|-damage|p2a: Kyurem|26/100
|-unboost|p1a: 武者|def|1
|-unboost|p1a: 武者|spd|1
|
|upkeep
|turn|28
|-message|Thehaxorusboy forfeited.
|
|win|chedeqing
|raw|chedeqing's rating: 1461 &rarr; <strong>1478</strong><br />(+17 for winning)
|raw|Thehaxorusboy's rating: 1415 &rarr; <strong>1398</strong><br />(-17 for losing)
|l|☆Thehaxorusboy
|player|p2|
|l|☆chedeqing
|player|p1|
