|j|☆BreizhSilfe
|j|☆Andrewtre
|t:|1760371337
|gametype|singles
|player|p1|BreizhSilfe|lucas|1209
|player|p2|Andrewtre|psychic|1169
|gen|9
|tier|[Gen 9] OU
|rated|
|rule|HP Percentage Mod: HP is shown in percentages
|rule|Endless Battle Clause: Forcing endless battles is banned
|rule|Species Clause: Limit one of each Pokémon
|rule|OHKO Clause: OHKO moves are banned
|rule|Evasion Items Clause: Evasion items are banned
|rule|Evasion Moves Clause: Evasion moves are banned
|rule|Evasion Abilities Clause: Evasion abilities are banned
|rule|Sleep Moves Clause: Sleep-inducing moves are banned
|clearpoke
|poke|p1|Alomomola, F|
|poke|p1|Great Tusk|
|poke|p1|Slowking-Galar, F|
|poke|p1|Cinderace, M|
|poke|p1|Hatterene, F|
|poke|p1|Scizor, F|
|poke|p2|Slowking, F|
|poke|p2|Farigiraf, M|
|poke|p2|Hatterene, F|
|poke|p2|Gengar, M|
|poke|p2|Golurk|
|poke|p2|Golduck, M|
|teampreview
|inactive|Battle timer is ON: inactive players will automatically lose when time's up. (requested by Andrewtre)
|
|t:|1760371355
|teamsize|p1|6
|teamsize|p2|6
|start
|switch|p1a: Hatterene|Hatterene, F, shiny|100/100
|switch|p2a: Golurk|Golurk|100/100
|turn|1
|
|t:|1760371363
|switch|p1a: Alomomola|Alomomola, F|100/100
|move|p2a: Golurk|Poltergeist|p1a: Alomomola
|-activate|p1a: Alomomola|move: Poltergeist|Rocky Helmet
|-damage|p1a: Alomomola|55/100
|-damage|p2a: Golurk|91/100|[from] item: Life Orb
|
|upkeep
|turn|2
|
|t:|1760371377
|move|p1a: Alomomola|Wish|p1a: Alomomola
|move|p2a: Golurk|Stealth Rock|p1a: Alomomola
|-sidestart|p1: BreizhSilfe|move: Stealth Rock
|
|upkeep
|turn|3
|
|t:|1760371383
|move|p1a: Alomomola|Scald|p2a: Golurk
|-supereffective|p2a: Golurk
|-damage|p2a: Golurk|60/100
|-status|p2a: Golurk|brn
|move|p2a: Golurk|Dynamic Punch|p1a: Alomomola
|-damage|p1a: Alomomola|42/100
|-start|p1a: Alomomola|confusion
|-damage|p2a: Golurk|44/100 brn|[from] item: Rocky Helmet|[of] p1a: Alomomola
|-damage|p2a: Golurk|34/100 brn|[from] item: Life Orb
|
|-heal|p1a: Alomomola|92/100|[from] move: Wish|[wisher] Alomomola
|-damage|p2a: Golurk|28/100 brn|[from] brn
|upkeep
|turn|4
|
|t:|1760371394
|switch|p2a: Hatterene|Hatterene, F|100/100
|-activate|p1a: Alomomola|confusion
|-damage|p1a: Alomomola|88/100|[from] confusion
|
|upkeep
|turn|5
|
|t:|1760371401
|switch|p1a: Slowking|Slowking-Galar, F|100/100
|move|p2a: Hatterene|Trick Room|p2a: Hatterene
|-fieldstart|move: Trick Room|[of] p2a: Hatterene
|
|upkeep
|turn|6
|inactive|BreizhSilfe has 120 seconds left.
|
|t:|1760371437
|move|p2a: Hatterene|Psychic|p1a: Slowking
|-damage|p1a: Slowking|68/100
|-unboost|p1a: Slowking|spd|1
|move|p1a: Slowking|Psychic Noise|p2a: Hatterene
|-resisted|p2a: Hatterene
|-damage|p2a: Hatterene|87/100
|-start|p2a: Hatterene|move: Heal Block
|
|upkeep
|turn|7
|inactive|BreizhSilfe has 120 seconds left.
|
|t:|1760371451
|switch|p1a: Hatterene|Hatterene, F, shiny|100/100
|-damage|p1a: Hatterene|88/100|[from] Stealth Rock
|move|p2a: Hatterene|Psychic|p1a: Hatterene
|-resisted|p1a: Hatterene
|-damage|p1a: Hatterene|61/100
|
|-heal|p1a: Hatterene|67/100|[from] item: Leftovers
|-end|p2a: Hatterene|move: Heal Block
|upkeep
|turn|8
|inactive|BreizhSilfe has 120 seconds left.
|
|t:|1760371465
|move|p2a: Hatterene|Mystical Fire|p1a: Hatterene
|-damage|p1a: Hatterene|35/100
|-unboost|p1a: Hatterene|spa|1
|move|p1a: Hatterene|Nuzzle|p2a: Hatterene
|-damage|p2a: Hatterene|83/100
|-status|p2a: Hatterene|par
|
|-heal|p1a: Hatterene|41/100|[from] item: Leftovers
|upkeep
|turn|9
|inactive|BreizhSilfe has 120 seconds left.
|
|t:|1760371485
|switch|p1a: Slowking|Slowking-Galar, F|100/100
|move|p2a: Hatterene|Mystical Fire|p1a: Slowking
|-damage|p1a: Slowking|82/100
|-unboost|p1a: Slowking|spa|1
|
|-fieldend|move: Trick Room
|upkeep
|turn|10
|inactive|BreizhSilfe has 120 seconds left.
|
|t:|1760371492
|switch|p2a: Golurk|Golurk|28/100 brn
|-prepare|p1a: Slowking|Chilly Reception|[premajor]
|move|p1a: Slowking|Chilly Reception|p1a: Slowking
|-weather|Snowscape
|inactive|BreizhSilfe has 120 seconds left.
|
|t:|1760371499
|switch|p1a: Alomomola|Alomomola, F|100/100|[from] Chilly Reception
|-damage|p1a: Alomomola|88/100|[from] Stealth Rock
|
|-weather|Snowscape|[upkeep]
|-damage|p2a: Golurk|22/100 brn|[from] brn
|upkeep
|turn|11
|
|t:|1760371507
|move|p1a: Alomomola|Wish|p1a: Alomomola
|move|p2a: Golurk|Dynamic Punch|p1a: Alomomola
|-damage|p1a: Alomomola|76/100
|-start|p1a: Alomomola|confusion
|-damage|p2a: Golurk|6/100 brn|[from] item: Rocky Helmet|[of] p1a: Alomomola
|-damage|p2a: Golurk|0 fnt|[from] item: Life Orb
|faint|p2a: Golurk
|
|-weather|Snowscape|[upkeep]
|upkeep
|
|t:|1760371511
|switch|p2a: Gengar|Gengar, M, shiny|100/100
|turn|12
|
|t:|1760371521
|move|p2a: Gengar|Trick|p1a: Alomomola
|-activate|p2a: Gengar|move: Trick|[of] p1a: Alomomola
|-item|p1a: Alomomola|Choice Scarf|[from] move: Trick
|-item|p2a: Gengar|Rocky Helmet|[from] move: Trick
|-activate|p1a: Alomomola|confusion
|move|p1a: Alomomola|Flip Turn|p2a: Gengar
|-damage|p2a: Gengar|70/100
|-damage|p1a: Alomomola|59/100|[from] item: Rocky Helmet|[of] p2a: Gengar
|-start|p1a: Alomomola|Disable|Flip Turn|[from] ability: Cursed Body|[of] p2a: Gengar
|
|t:|1760371541
|switch|p1a: Hatterene|Hatterene, F, shiny|41/100|[from] Flip Turn
|-damage|p1a: Hatterene|28/100|[from] Stealth Rock
|
|-weather|Snowscape|[upkeep]
|-heal|p1a: Hatterene|100/100|[from] move: Wish|[wisher] Alomomola
|upkeep
|turn|13
|
|t:|1760371550
|move|p2a: Gengar|Shadow Ball|p1a: Hatterene
|-supereffective|p1a: Hatterene
|-damage|p1a: Hatterene|2/100
|-unboost|p1a: Hatterene|spd|1
|move|p1a: Hatterene|Nuzzle|p2a: Gengar
|-damage|p2a: Gengar|63/100
|-status|p2a: Gengar|par
|-damage|p1a: Hatterene|0 fnt|[from] item: Rocky Helmet|[of] p2a: Gengar
|faint|p1a: Hatterene
|
|-weather|Snowscape|[upkeep]
|upkeep
|inactive|BreizhSilfe has 120 seconds left.
|
|t:|1760371570
|switch|p1a: Slowking|Slowking-Galar, F|100/100
|turn|14
|inactive|BreizhSilfe has 120 seconds left.
|
|t:|1760371597
|move|p2a: Gengar|Shadow Ball|p1a: Slowking
|-supereffective|p1a: Slowking
|-damage|p1a: Slowking|45/100
|move|p1a: Slowking|Psychic Noise|p2a: Gengar
|-supereffective|p2a: Gengar
|-damage|p2a: Gengar|0 fnt
|faint|p2a: Gengar
|
|-weather|none
|upkeep
|inactive|Andrewtre has 120 seconds left.
|
|t:|1760371609
|switch|p2a: Farigiraf|Farigiraf, M|100/100
|turn|15
|inactive|BreizhSilfe has 120 seconds left.
|
|t:|1760371627
|switch|p1a: Alomomola|Alomomola, F|93/100
|-damage|p1a: Alomomola|80/100|[from] Stealth Rock
|move|p2a: Farigiraf|Twin Beam|p1a: Alomomola
|-damage|p1a: Alomomola|51/100
|-damage|p1a: Alomomola|22/100
|-hitcount|p1a: Alomomola|2
|-damage|p2a: Farigiraf|91/100|[from] item: Life Orb
|
|upkeep
|turn|16
|
|t:|1760371635
|move|p1a: Alomomola|Wish|p1a: Alomomola
|move|p2a: Farigiraf|Twin Beam|p1a: Alomomola
|-damage|p1a: Alomomola|0 fnt
|faint|p1a: Alomomola
|-hitcount|p1: Alomomola|1
|-damage|p2a: Farigiraf|81/100|[from] item: Life Orb
|
|upkeep
|
|t:|1760371642
|switch|p1a: Scizor|Scizor, F|100/100
|-damage|p1a: Scizor|88/100|[from] Stealth Rock
|turn|17
|
|t:|1760371650
|move|p1a: Scizor|Knock Off|p2a: Farigiraf
|-supereffective|p2a: Farigiraf
|-damage|p2a: Farigiraf|0 fnt
|-enditem|p2a: Farigiraf|Life Orb|[from] move: Knock Off|[of] p1a: Scizor
|faint|p2a: Farigiraf
|
|-heal|p1a: Scizor|100/100|[from] move: Wish|[wisher] Alomomola
|upkeep
|
|t:|1760371653
|switch|p2a: Hatterene|Hatterene, F|83/100 par
|turn|18
|
|t:|1760371670
|switch|p1a: Slowking|Slowking-Galar, F|78/100
|-terastallize|p2a: Hatterene|Fire
|move|p2a: Hatterene|Mystical Fire|p1a: Slowking
|-damage|p1a: Slowking|52/100
|-unboost|p1a: Slowking|spa|1
|
|upkeep
|turn|19
|
|t:|1760371681
|-prepare|p1a: Slowking|Chilly Reception|[premajor]
|move|p1a: Slowking|Chilly Reception|p1a: Slowking
|-weather|Snowscape
|
|t:|1760371692
|switch|p1a: Scizor|Scizor, F|100/100|[from] Chilly Reception
|-damage|p1a: Scizor|88/100|[from] Stealth Rock
|cant|p2a: Hatterene|par
|
|-weather|Snowscape|[upkeep]
|upkeep
|turn|20
|
|t:|1760371700
|move|p1a: Scizor|U-turn|p2a: Hatterene
|-resisted|p2a: Hatterene
|-damage|p2a: Hatterene|51/100 par
|
|t:|1760371704
|switch|p1a: Great Tusk|Great Tusk|100/100|[from] U-turn
|-damage|p1a: Great Tusk|98/100|[from] Stealth Rock
|-enditem|p1a: Great Tusk|Booster Energy
|-activate|p1a: Great Tusk|ability: Protosynthesis|[fromitem]
|-start|p1a: Great Tusk|protosynthesisspe
|move|p2a: Hatterene|Mystical Fire|p1a: Great Tusk
|-damage|p1a: Great Tusk|39/100
|-unboost|p1a: Great Tusk|spa|1
|
|-weather|Snowscape|[upkeep]
|upkeep
|turn|21
|
|t:|1760371713
|switch|p2a: Slowking|Slowking, F|100/100
|move|p1a: Great Tusk|Headlong Rush|p2a: Slowking
|-damage|p2a: Slowking|51/100
|-unboost|p1a: Great Tusk|def|1
|-unboost|p1a: Great Tusk|spd|1
|
|-weather|Snowscape|[upkeep]
|upkeep
|turn|22
|
|t:|1760371736
|-end|p1a: Great Tusk|Protosynthesis|[silent]
|switch|p1a: Slowking|Slowking-Galar, F|85/100
|move|p2a: Slowking|Trick Room|p2a: Slowking
|-fieldstart|move: Trick Room|[of] p2a: Slowking
|
|-weather|Snowscape|[upkeep]
|upkeep
|turn|23
|
|t:|1760371748
|-prepare|p1a: Slowking|Chilly Reception|[premajor]
|move|p1a: Slowking|Chilly Reception|p1a: Slowking
|
|t:|1760371753
|switch|p1a: Scizor|Scizor, F|88/100|[from] Chilly Reception
|-damage|p1a: Scizor|76/100|[from] Stealth Rock
|move|p2a: Slowking|Psychic|p1a: Scizor
|-resisted|p1a: Scizor
|-damage|p1a: Scizor|40/100
|-unboost|p1a: Scizor|spd|1
|-damage|p2a: Slowking|41/100|[from] item: Life Orb
|
|-weather|none
|upkeep
|turn|24
|
|t:|1760371764
|move|p2a: Slowking|Flamethrower|p1a: Scizor
|-supereffective|p1a: Scizor
|-damage|p1a: Scizor|0 fnt
|faint|p1a: Scizor
|-damage|p2a: Slowking|31/100|[from] item: Life Orb
|
|upkeep
|
|t:|1760371771
|switch|p1a: Slowking|Slowking-Galar, F|100/100
|turn|25
|
|t:|1760371790
|-terastallize|p1a: Slowking|Water
|move|p1a: Slowking|Psychic Noise|p2a: Slowking
|-resisted|p2a: Slowking
|-damage|p2a: Slowking|20/100
|-start|p2a: Slowking|move: Heal Block
|move|p2a: Slowking|Psychic|p1a: Slowking
|-damage|p1a: Slowking|66/100
|-damage|p2a: Slowking|10/100|[from] item: Life Orb
|
|upkeep
|turn|26
|
|t:|1760371800
|move|p2a: Slowking|Psychic|p1a: Slowking
|-damage|p1a: Slowking|34/100
|-damage|p2a: Slowking|0 fnt|[from] item: Life Orb
|faint|p2a: Slowking
|-prepare|p1a: Slowking|Chilly Reception|[premajor]
|move|p1a: Slowking|Chilly Reception|p1a: Slowking
|-weather|Snowscape
|
|t:|1760371809
|switch|p1a: Cinderace|Cinderace, M|100/100|[from] Chilly Reception
|
|-weather|Snowscape|[upkeep]
|-fieldend|move: Trick Room
|upkeep
|
|t:|1760371825
|switch|p2a: Golduck|Golduck, M, shiny|100/100
|turn|27
|
|t:|1760371831
|move|p1a: Cinderace|U-turn|p2a: Golduck
|-start|p1a: Cinderace|typechange|Bug|[from] ability: Libero
|-damage|p2a: Golduck|57/100
|
|t:|1760371833
|switch|p1a: Slowking|Slowking-Galar, F, tera:Water|67/100|[from] U-turn
|move|p2a: Golduck|Surf|p1a: Slowking
|-resisted|p1a: Slowking
|-damage|p1a: Slowking|54/100
|
|-weather|Snowscape|[upkeep]
|upkeep
|turn|28
|
|t:|1760371839
|move|p2a: Golduck|Ice Beam|p1a: Slowking
|-resisted|p1a: Slowking
|-damage|p1a: Slowking|46/100
|move|p1a: Slowking|Toxic|p2a: Golduck
|-status|p2a: Golduck|tox
|
|-weather|Snowscape|[upkeep]
|-damage|p2a: Golduck|51/100 tox|[from] psn
|upkeep
|turn|29
|
|t:|1760371851
|move|p2a: Golduck|Ice Beam|p1a: Slowking
|-resisted|p1a: Slowking
|-damage|p1a: Slowking|37/100
|move|p1a: Slowking|Psychic Noise|p2a: Golduck
|-damage|p2a: Golduck|12/100 tox
|-start|p2a: Golduck|move: Heal Block
|
|-weather|Snowscape|[upkeep]
|-damage|p2a: Golduck|0 fnt|[from] psn
|faint|p2a: Golduck
|upkeep
|
|t:|1760371856
|switch|p2a: Hatterene|Hatterene, F, tera:Fire|51/100 par
|turn|30
|
|t:|1760371864
|move|p1a: Slowking|Psychic Noise|p2a: Hatterene
|-damage|p2a: Hatterene|21/100 par
|-start|p2a: Hatterene|move: Heal Block
|move|p2a: Hatterene|Trick Room|p2a: Hatterene
|-fieldstart|move: Trick Room|[of] p2a: Hatterene
|
|-weather|none
|upkeep
|turn|31
|
|t:|1760371873
|cant|p2a: Hatterene|par
|move|p1a: Slowking|Psychic Noise|p2a: Hatterene
|-damage|p2a: Hatterene|0 fnt
|faint|p2a: Hatterene
|
|win|BreizhSilfe
|raw|BreizhSilfe's rating: 1209 &rarr; <strong>1231</strong><br />(+22 for winning)
|raw|Andrewtre's rating: 1169 &rarr; <strong>1147</strong><br />(-22 for losing)
|l|☆Andrewtre
|player|p2|
|l|☆BreizhSilfe
|player|p1|
