|j|☆firecharmander004
|j|☆Shironae
|t:|1760447560
|gametype|singles
|player|p1|firecharmander004|266|1469
|player|p2|Shironae|n|1390
|gen|9
|tier|[Gen 9] OU
|rated|
|rule|HP Percentage Mod: HP is shown in percentages
|rule|Endless Battle Clause: Forcing endless battles is banned
|rule|Species Clause: Limit one of each Pokémon
|rule|OHKO Clause: OHKO moves are banned
|rule|Evasion Items Clause: Evasion items are banned
|rule|Evasion Moves Clause: Evasion moves are banned
|rule|Evasion Abilities Clause: Evasion abilities are banned
|rule|Sleep Moves Clause: Sleep-inducing moves are banned
|clearpoke
|poke|p1|Iron Treads|
|poke|p1|Ogerpon-Wellspring, F|
|poke|p1|Kingambit, M|
|poke|p1|Arcanine-Hisui, F|
|poke|p1|Iron Valiant|
|poke|p1|Dragapult, M|
|poke|p2|Cinderace, F|
|poke|p2|Enamorus, F|
|poke|p2|Dragapult, F|
|poke|p2|Gholdengo|
|poke|p2|Vikavolt, M|
|poke|p2|Swampert, F|
|teampreview
|inactive|Battle timer is ON: inactive players will automatically lose when time's up. (requested by Shironae)
|inactive|firecharmander004 also wants the timer to be on.
|
|t:|1760447578
|teamsize|p1|6
|teamsize|p2|6
|start
|switch|p1a: Arcanine|Arcanine-Hisui, F|100/100
|switch|p2a: M-93 HORNET|Swampert, F|100/100
|turn|1
|
|t:|1760447585
|switch|p1a: Ogerpon|Ogerpon-Wellspring, F|100/100
|move|p2a: M-93 HORNET|Earthquake|p1a: Ogerpon
|-resisted|p1a: Ogerpon
|-damage|p1a: Ogerpon|70/100
|
|upkeep
|turn|2
|
|t:|1760447606
|-terastallize|p2a: M-93 HORNET|Poison
|move|p1a: Ogerpon|Play Rough|p2a: M-93 HORNET
|-resisted|p2a: M-93 HORNET
|-damage|p2a: M-93 HORNET|80/100
|move|p2a: M-93 HORNET|Poison Jab|p1a: Ogerpon
|-supereffective|p1a: Ogerpon
|-damage|p1a: Ogerpon|0 fnt
|faint|p1a: Ogerpon
|
|upkeep
|
|t:|1760447615
|switch|p1a: Iron Treads|Iron Treads|100/100
|-enditem|p1a: Iron Treads|Booster Energy
|-activate|p1a: Iron Treads|ability: Quark Drive|[fromitem]
|-start|p1a: Iron Treads|quarkdrivespe
|turn|3
|
|t:|1760447639
|switch|p2a: EMG-02 Arc-Cannon|Vikavolt, M|100/100
|move|p1a: Iron Treads|Stealth Rock|p2a: EMG-02 Arc-Cannon
|-sidestart|p2: Shironae|move: Stealth Rock
|
|upkeep
|turn|4
|
|t:|1760447651
|-end|p1a: Iron Treads|Quark Drive|[silent]
|switch|p1a: Iron Valiant|Iron Valiant|100/100
|-enditem|p1a: Iron Valiant|Booster Energy
|-activate|p1a: Iron Valiant|ability: Quark Drive|[fromitem]
|-start|p1a: Iron Valiant|quarkdrivespe
|move|p2a: EMG-02 Arc-Cannon|Energy Ball|p1a: Iron Valiant
|-damage|p1a: Iron Valiant|21/100
|
|upkeep
|turn|5
|
|t:|1760447662
|move|p1a: Iron Valiant|Encore|p2a: EMG-02 Arc-Cannon
|-start|p2a: EMG-02 Arc-Cannon|Encore
|move|p2a: EMG-02 Arc-Cannon|Energy Ball|p1a: Iron Valiant
|-damage|p1a: Iron Valiant|0 fnt
|faint|p1a: Iron Valiant
|-end|p1a: Iron Valiant|Quark Drive|[silent]
|
|upkeep
|
|t:|1760447671
|switch|p1a: Dragapult|Dragapult, M|100/100
|turn|6
|
|t:|1760447686
|-terastallize|p1a: Dragapult|Ghost
|move|p1a: Dragapult|Shadow Ball|p2a: EMG-02 Arc-Cannon
|-damage|p2a: EMG-02 Arc-Cannon|12/100
|-unboost|p2a: EMG-02 Arc-Cannon|spd|1
|move|p2a: EMG-02 Arc-Cannon|Energy Ball|p1a: Dragapult
|-damage|p1a: Dragapult|50/100
|
|upkeep
|turn|7
|
|t:|1760447695
|move|p1a: Dragapult|Shadow Ball|p2a: EMG-02 Arc-Cannon
|-damage|p2a: EMG-02 Arc-Cannon|0 fnt
|faint|p2a: EMG-02 Arc-Cannon
|
|upkeep
|
|t:|1760447707
|switch|p2a: B52 Stratofortress|Dragapult, F|100/100
|-damage|p2a: B52 Stratofortress|88/100|[from] Stealth Rock
|turn|8
|
|t:|1760447712
|switch|p1a: Iron Treads|Iron Treads|100/100
|move|p2a: B52 Stratofortress|Sucker Punch||[still]
|-fail|p2a: B52 Stratofortress
|
|upkeep
|turn|9
|
|t:|1760447719
|switch|p2a: M-93 HORNET|Swampert, F, tera:Poison|80/100
|-damage|p2a: M-93 HORNET|68/100|[from] Stealth Rock
|move|p1a: Iron Treads|Earth Power|p2a: M-93 HORNET
|-supereffective|p2a: M-93 HORNET
|-damage|p2a: M-93 HORNET|30/100
|
|upkeep
|turn|10
|
|t:|1760447724
|move|p1a: Iron Treads|Earth Power|p2a: M-93 HORNET
|-supereffective|p2a: M-93 HORNET
|-damage|p2a: M-93 HORNET|0 fnt
|faint|p2a: M-93 HORNET
|
|upkeep
|
|t:|1760447732
|switch|p2a: IB-30 Superflamer|Cinderace, F|100/100
|turn|11
|
|t:|1760447735
|move|p2a: IB-30 Superflamer|Pyro Ball|p1a: Iron Treads
|-supereffective|p1a: Iron Treads
|-crit|p1a: Iron Treads
|-damage|p1a: Iron Treads|0 fnt
|faint|p1a: Iron Treads
|-end|p1a: Iron Treads|Quark Drive|[silent]
|
|upkeep
|
|t:|1760447752
|switch|p1a: Dragapult|Dragapult, M, tera:Ghost|50/100
|turn|12
|
|t:|1760447760
|move|p1a: Dragapult|Shadow Ball|p2a: IB-30 Superflamer
|-damage|p2a: IB-30 Superflamer|10/100
|move|p2a: IB-30 Superflamer|Pyro Ball|p1a: Dragapult
|-damage|p1a: Dragapult|0 fnt
|faint|p1a: Dragapult
|
|upkeep
|
|t:|1760447776
|switch|p1a: Arcanine|Arcanine-Hisui, F|100/100
|turn|13
|
|t:|1760447782
|move|p2a: IB-30 Superflamer|Court Change|p2a: IB-30 Superflamer
|-swapsideconditions
|-activate|p2a: IB-30 Superflamer|move: Court Change
|move|p1a: Arcanine|Head Smash|p2a: IB-30 Superflamer
|-supereffective|p2a: IB-30 Superflamer
|-damage|p2a: IB-30 Superflamer|0 fnt
|faint|p2a: IB-30 Superflamer
|
|upkeep
|
|t:|1760447787
|switch|p2a: GBU-43 MOAB|Enamorus, F|100/100
|turn|14
|
|t:|1760447797
|move|p2a: GBU-43 MOAB|Earth Power|p1a: Arcanine
|-supereffective|p1a: Arcanine
|-damage|p1a: Arcanine|0 fnt
|faint|p1a: Arcanine
|
|upkeep
|
|t:|1760447799
|switch|p1a: Kingambit|Kingambit, M|100/100
|-damage|p1a: Kingambit|94/100|[from] Stealth Rock
|-activate|p1a: Kingambit|ability: Supreme Overlord
|-start|p1a: Kingambit|fallen5|[silent]
|turn|15
|
|t:|1760447811
|move|p1a: Kingambit|Sucker Punch|p2a: GBU-43 MOAB
|-resisted|p2a: GBU-43 MOAB
|-damage|p2a: GBU-43 MOAB|48/100
|move|p2a: GBU-43 MOAB|Earth Power|p1a: Kingambit
|-supereffective|p1a: Kingambit
|-damage|p1a: Kingambit|0 fnt
|faint|p1a: Kingambit
|-end|p1a: Kingambit|fallen5|[silent]
|
|win|Shironae
|raw|firecharmander004's rating: 1469 &rarr; <strong>1445</strong><br />(-24 for losing)
|raw|Shironae's rating: 1390 &rarr; <strong>1414</strong><br />(+24 for winning)
|l|☆Shironae
|player|p2|
