|j|☆weenux
|j|☆A Regular Plumbus
|t:|1760303279
|gametype|singles
|player|p1|weenux|steven|1667
|player|p2|A Regular Plumbus|baker|1650
|gen|9
|tier|[Gen 9] OU
|rated|
|rule|HP Percentage Mod: HP is shown in percentages
|rule|Endless Battle Clause: Forcing endless battles is banned
|rule|Species Clause: Limit one of each Pokémon
|rule|OHKO Clause: OHKO moves are banned
|rule|Evasion Items Clause: Evasion items are banned
|rule|Evasion Moves Clause: Evasion moves are banned
|rule|Evasion Abilities Clause: Evasion abilities are banned
|rule|Sleep Moves Clause: Sleep-inducing moves are banned
|clearpoke
|poke|p1|Slowking-Galar, M|
|poke|p1|Kyurem|
|poke|p1|Ogerpon, F|
|poke|p1|Iron Valiant|
|poke|p1|Landorus-Therian, M|
|poke|p1|Cinderace, F|
|poke|p2|Chesnaught, F|
|poke|p2|Armarouge, M|
|poke|p2|Thundurus-Therian, M|
|poke|p2|Tentacruel, M|
|poke|p2|Tornadus-Therian, M|
|poke|p2|Garganacl, M|
|teampreview
|inactive|Battle timer is ON: inactive players will automatically lose when time's up. (requested by A Regular Plumbus)
|inactive|weenux has 120 seconds left.
|
|t:|1760303316
|teamsize|p1|6
|teamsize|p2|6
|start
|switch|p1a: Landoheimer|Landorus-Therian, M|100/100
|switch|p2a: Tornadus|Tornadus-Therian, M|100/100
|-ability|p1a: Landoheimer|Intimidate|boost
|-unboost|p2a: Tornadus|atk|1
|turn|1
|
|t:|1760303323
|move|p2a: Tornadus|Bleakwind Storm|p1a: Landoheimer|[miss]
|-miss|p2a: Tornadus|p1a: Landoheimer
|move|p1a: Landoheimer|Stone Edge|p2a: Tornadus|[miss]
|-miss|p1a: Landoheimer|p2a: Tornadus
|
|upkeep
|turn|2
|j| Ctannn
|
|t:|1760303328
|switch|p2a: Chesnaught|Chesnaught, F|100/100
|move|p1a: Landoheimer|Stone Edge|p2a: Chesnaught
|-resisted|p2a: Chesnaught
|-damage|p2a: Chesnaught|92/100
|
|upkeep
|turn|3
|
|t:|1760303335
|switch|p1a: Kyurem|Kyurem|100/100
|-ability|p1a: Kyurem|Pressure
|move|p2a: Chesnaught|Knock Off|p1a: Kyurem
|-damage|p1a: Kyurem|78/100
|-enditem|p1a: Kyurem|Choice Specs|[from] move: Knock Off|[of] p2a: Chesnaught
|
|upkeep
|turn|4
|
|t:|1760303355
|switch|p2a: Garganacl|Garganacl, M|100/100
|move|p1a: Kyurem|Freeze-Dry|p2a: Garganacl
|-damage|p2a: Garganacl|74/100
|
|-heal|p2a: Garganacl|80/100|[from] item: Leftovers
|upkeep
|turn|5
|
|t:|1760303360
|move|p2a: Garganacl|Protect|p2a: Garganacl
|-singleturn|p2a: Garganacl|Protect
|move|p1a: Kyurem|Earth Power|p2a: Garganacl
|-activate|p2a: Garganacl|move: Protect
|
|-heal|p2a: Garganacl|86/100|[from] item: Leftovers
|upkeep
|turn|6
|
|t:|1760303363
|move|p1a: Kyurem|Earth Power|p2a: Garganacl
|-supereffective|p2a: Garganacl
|-damage|p2a: Garganacl|40/100
|move|p2a: Garganacl|Salt Cure|p1a: Kyurem
|-supereffective|p1a: Kyurem
|-damage|p1a: Kyurem|52/100
|-start|p1a: Kyurem|Salt Cure
|
|-heal|p2a: Garganacl|46/100|[from] item: Leftovers
|-damage|p1a: Kyurem|40/100|[from] Salt Cure
|upkeep
|turn|7
|
|t:|1760303367
|switch|p1a: Teal Neal|Ogerpon, F|100/100
|move|p2a: Garganacl|Stealth Rock|p1a: Teal Neal
|-sidestart|p1: weenux|move: Stealth Rock
|
|-heal|p2a: Garganacl|52/100|[from] item: Leftovers
|upkeep
|turn|8
|
|t:|1760303375
|switch|p2a: Chesnaught|Chesnaught, F|92/100
|move|p1a: Teal Neal|Low Kick|p2a: Chesnaught
|-damage|p2a: Chesnaught|68/100
|-damage|p1a: Teal Neal|84/100|[from] item: Rocky Helmet|[of] p2a: Chesnaught
|
|upkeep
|turn|9
|-message|weenux forfeited.
|
|win|A Regular Plumbus
|raw|weenux's rating: 1667 &rarr; <strong>1646</strong><br />(-21 for losing)
|raw|A Regular Plumbus's rating: 1650 &rarr; <strong>1671</strong><br />(+21 for winning)
|l|☆weenux
|player|p1|
|l| Ctannn
