|j|☆undertalethemovie
|j|☆mayomama
|t:|1760414545
|gametype|singles
|player|p1|undertalethemovie|n|1448
|player|p2|mayomama|candice|1466
|gen|9
|tier|[Gen 9] OU
|rated|
|rule|HP Percentage Mod: HP is shown in percentages
|rule|Endless Battle Clause: Forcing endless battles is banned
|rule|Species Clause: Limit one of each Pokémon
|rule|OHKO Clause: OHKO moves are banned
|rule|Evasion Items Clause: Evasion items are banned
|rule|Evasion Moves Clause: Evasion moves are banned
|rule|Evasion Abilities Clause: Evasion abilities are banned
|rule|Sleep Moves Clause: Sleep-inducing moves are banned
|clearpoke
|poke|p1|Clodsire, F|
|poke|p1|Ogerpon-Wellspring, F|
|poke|p1|Zoroark-Hisui, F|
|poke|p1|Zamazenta-*|
|poke|p1|Cinderace, F|
|poke|p1|Deoxys-Speed|
|poke|p2|Skeledirge, F|
|poke|p2|Mesprit|
|poke|p2|Dragonite, M|
|poke|p2|Keldeo-Resolute|
|poke|p2|Corviknight, M|
|poke|p2|Raging Bolt|
|teampreview
|inactive|Battle timer is ON: inactive players will automatically lose when time's up. (requested by mayomama)
|inactive|mayomama has 120 seconds left.
|
|t:|1760414576
|teamsize|p1|6
|teamsize|p2|6
|start
|switch|p1a: The Writer|Ogerpon-Wellspring, F|100/100
|switch|p2a: Mesprit|Mesprit|100/100
|turn|1
|
|t:|1760414579
|-terastallize|p1a: The Writer|Water
|detailschange|p1a: The Writer|Ogerpon-Wellspring-Tera, F, tera:Water
|-ability|p1a: The Writer|Embody Aspect (Wellspring)|boost
|-boost|p1a: The Writer|spd|1
|move|p1a: The Writer|Ivy Cudgel|p2a: Mesprit|[anim] Ivy Cudgel Water
|-damage|p2a: Mesprit|27/100
|move|p2a: Mesprit|Mystical Power|p1a: The Writer
|-damage|p1a: The Writer|77/100
|-boost|p2a: Mesprit|spa|1
|
|upkeep
|turn|2
|
|t:|1760414591
|switch|p2a: Raging Bolt|Raging Bolt|100/100
|move|p1a: The Writer|Ivy Cudgel|p2a: Raging Bolt|[anim] Ivy Cudgel Water
|-resisted|p2a: Raging Bolt
|-damage|p2a: Raging Bolt|70/100
|
|upkeep
|turn|3
|
|t:|1760414598
|switch|p1a: Mumbo|Clodsire, F|100/100
|-item|p1a: Mumbo|Air Balloon
|move|p2a: Raging Bolt|Draco Meteor|p1a: Mumbo
|-damage|p1a: Mumbo|64/100
|-unboost|p2a: Raging Bolt|spa|2
|-enditem|p1a: Mumbo|Air Balloon
|
|upkeep
|turn|4
|
|t:|1760414600
|move|p2a: Raging Bolt|Taunt|p1a: Mumbo
|-start|p1a: Mumbo|move: Taunt
|cant|p1a: Mumbo|move: Taunt|Toxic
|
|upkeep
|turn|5
|
|t:|1760414603
|-end|p2a: Raging Bolt|Protosynthesis|[silent]
|switch|p2a: Mesprit|Mesprit|27/100
|move|p1a: Mumbo|Earthquake|p2a: Mesprit
|-immune|p2a: Mesprit|[from] ability: Levitate
|
|upkeep
|turn|6
|
|t:|1760414611
|switch|p1a: The Writer|Ogerpon-Wellspring-Tera, F|100/100
|-item|p1a: The Writer|Air Balloon
|move|p2a: Mesprit|Mystical Power|p1a: The Writer
|-damage|p1a: The Writer|33/100
|-boost|p2a: Mesprit|spa|1
|replace|p1a: Count St. Germain|Zoroark-Hisui, F, shiny
|-end|p1a: Count St. Germain|Illusion
|-enditem|p1a: Count St. Germain|Air Balloon
|
|upkeep
|turn|7
|
|t:|1760414631
|switch|p2a: Corviknight|Corviknight, M|100/100
|-ability|p2a: Corviknight|Pressure
|move|p1a: Count St. Germain|Shadow Sneak|p2a: Corviknight
|-damage|p2a: Corviknight|90/100
|-damage|p1a: Count St. Germain|17/100|[from] item: Rocky Helmet|[of] p2a: Corviknight
|
|upkeep
|turn|8
|
|t:|1760414643
|switch|p2a: Mesprit|Mesprit|27/100
|move|p1a: Count St. Germain|Will-O-Wisp|p2a: Mesprit
|-status|p2a: Mesprit|brn
|
|-damage|p2a: Mesprit|21/100 brn|[from] brn
|upkeep
|turn|9
|
|t:|1760414646
|move|p1a: Count St. Germain|Hex|p2a: Mesprit
|-supereffective|p2a: Mesprit
|-damage|p2a: Mesprit|0 fnt
|faint|p2a: Mesprit
|
|upkeep
|
|t:|1760414651
|switch|p2a: Raging Bolt|Raging Bolt|70/100
|turn|10
|
|t:|1760414656
|move|p1a: Count St. Germain|Will-O-Wisp|p2a: Raging Bolt
|-status|p2a: Raging Bolt|brn
|move|p2a: Raging Bolt|Draco Meteor|p1a: Count St. Germain
|-damage|p1a: Count St. Germain|0 fnt
|-unboost|p2a: Raging Bolt|spa|2
|faint|p1a: Count St. Germain
|
|-damage|p2a: Raging Bolt|64/100 brn|[from] brn
|upkeep
|
|t:|1760414664
|switch|p1a: Minami Torishima|Deoxys-Speed|100/100
|-ability|p1a: Minami Torishima|Pressure
|turn|11
|
|t:|1760414670
|move|p1a: Minami Torishima|Dark Pulse|p2a: Raging Bolt
|-damage|p2a: Raging Bolt|38/100 brn
|move|p2a: Raging Bolt|Thunder Wave|p1a: Minami Torishima
|-status|p1a: Minami Torishima|par
|
|-damage|p2a: Raging Bolt|32/100 brn|[from] brn
|upkeep
|turn|12
|
|t:|1760414674
|-end|p2a: Raging Bolt|Protosynthesis|[silent]
|switch|p2a: Keldeo|Keldeo-Resolute|100/100
|move|p1a: Minami Torishima|Dark Pulse|p2a: Keldeo
|-resisted|p2a: Keldeo
|-damage|p2a: Keldeo|82/100
|-ability|p2a: Keldeo|Justified|boost
|-boost|p2a: Keldeo|atk|1
|
|upkeep
|turn|13
|
|t:|1760414679
|switch|p1a: Mumbo|Clodsire, F|64/100
|move|p2a: Keldeo|Flip Turn|p1a: Mumbo
|-supereffective|p1a: Mumbo
|-damage|p1a: Mumbo|33/100
|
|t:|1760414685
|switch|p2a: Raging Bolt|Raging Bolt|32/100 brn|[from] Flip Turn
|
|-damage|p2a: Raging Bolt|26/100 brn|[from] brn
|upkeep
|turn|14
|
|t:|1760414687
|move|p2a: Raging Bolt|Draco Meteor|p1a: Mumbo
|-damage|p1a: Mumbo|0 fnt
|-unboost|p2a: Raging Bolt|spa|2
|faint|p1a: Mumbo
|
|-damage|p2a: Raging Bolt|20/100 brn|[from] brn
|upkeep
|
|t:|1760414697
|switch|p1a: The Writer|Ogerpon-Wellspring-Tera, F, tera:Water|77/100
|-ability|p1a: The Writer|Embody Aspect (Wellspring)|boost
|-boost|p1a: The Writer|spd|1
|turn|15
|
|t:|1760414701
|move|p2a: Raging Bolt|Thunderclap||[still]
|-fail|p2a: Raging Bolt
|move|p1a: The Writer|Encore|p2a: Raging Bolt
|-start|p2a: Raging Bolt|Encore
|
|-damage|p2a: Raging Bolt|14/100 brn|[from] brn
|upkeep
|turn|16
|
|t:|1760414710
|-end|p2a: Raging Bolt|Protosynthesis|[silent]
|switch|p2a: Corviknight|Corviknight, M|90/100
|-ability|p2a: Corviknight|Pressure
|move|p1a: The Writer|Encore||[still]
|-fail|p1a: The Writer
|
|upkeep
|turn|17
|
|t:|1760414715
|move|p1a: The Writer|Ivy Cudgel|p2a: Corviknight|[anim] Ivy Cudgel Water
|-damage|p2a: Corviknight|23/100
|move|p2a: Corviknight|Bulk Up|p2a: Corviknight
|-boost|p2a: Corviknight|atk|1
|-boost|p2a: Corviknight|def|1
|
|upkeep
|turn|18
|
|t:|1760414718
|move|p1a: The Writer|Ivy Cudgel|p2a: Corviknight|[anim] Ivy Cudgel Water
|-damage|p2a: Corviknight|0 fnt
|faint|p2a: Corviknight
|
|upkeep
|
|t:|1760414728
|switch|p2a: Dragonite|Dragonite, M|100/100
|turn|19
|
|t:|1760414735
|switch|p1a: Minami Torishima|Deoxys-Speed|100/100 par
|-ability|p1a: Minami Torishima|Pressure
|move|p2a: Dragonite|Extreme Speed|p1a: Minami Torishima
|-damage|p1a: Minami Torishima|54/100 par
|
|upkeep
|turn|20
|
|t:|1760414739
|switch|p2a: Keldeo|Keldeo-Resolute|82/100
|move|p1a: Minami Torishima|Ice Beam|p2a: Keldeo
|-resisted|p2a: Keldeo
|-damage|p2a: Keldeo|59/100
|
|upkeep
|turn|21
|
|t:|1760414747
|switch|p1a: The Writer|Ogerpon-Wellspring-Tera, F, tera:Water|77/100
|-ability|p1a: The Writer|Embody Aspect (Wellspring)|boost
|-boost|p1a: The Writer|spd|1
|move|p2a: Keldeo|Hydro Pump|p1a: The Writer
|-resisted|p1a: The Writer
|-damage|p1a: The Writer|53/100
|
|upkeep
|turn|22
|
|t:|1760414760
|-terastallize|p2a: Keldeo|Fighting
|move|p1a: The Writer|Ivy Cudgel|p2a: Keldeo|[anim] Ivy Cudgel Water
|-damage|p2a: Keldeo|0 fnt
|faint|p2a: Keldeo
|
|upkeep
|
|t:|1760414765
|switch|p2a: Dragonite|Dragonite, M|100/100
|turn|23
|
|t:|1760414782
|move|p1a: The Writer|Ivy Cudgel|p2a: Dragonite|[anim] Ivy Cudgel Water
|-resisted|p2a: Dragonite
|-damage|p2a: Dragonite|77/100
|move|p2a: Dragonite|Dragon Dance|p2a: Dragonite
|-boost|p2a: Dragonite|atk|1
|-boost|p2a: Dragonite|spe|1
|
|upkeep
|turn|24
|
|t:|1760414788
|move|p2a: Dragonite|Extreme Speed|p1a: The Writer
|-damage|p1a: The Writer|0 fnt
|faint|p1a: The Writer
|detailschange|p1: The Writer|Ogerpon-Wellspring, F|[silent]
|
|upkeep
|
|t:|1760414791
|switch|p1a: Minami Torishima|Deoxys-Speed|54/100 par
|-ability|p1a: Minami Torishima|Pressure
|turn|25
|
|t:|1760414793
|move|p2a: Dragonite|Extreme Speed|p1a: Minami Torishima
|-damage|p1a: Minami Torishima|0 fnt
|faint|p1a: Minami Torishima
|
|upkeep
|-message|undertalethemovie forfeited.
|
|win|mayomama
|raw|undertalethemovie's rating: 1448 &rarr; <strong>1429</strong><br />(-19 for losing)
|raw|mayomama's rating: 1466 &rarr; <strong>1485</strong><br />(+19 for winning)
|l|☆undertalethemovie
|player|p1|
|l|☆mayomama
|player|p2|
