|j|☆qaqkiller
|j|☆Moreiny
|t:|1760443897
|gametype|singles
|player|p1|qaqkiller|maid|1711
|player|p2|Moreiny|101|1766
|gen|9
|tier|[Gen 9] OU
|rated|
|rule|HP Percentage Mod: HP is shown in percentages
|rule|Endless Battle Clause: Forcing endless battles is banned
|rule|Species Clause: Limit one of each Pokémon
|rule|OHKO Clause: OHKO moves are banned
|rule|Evasion Items Clause: Evasion items are banned
|rule|Evasion Moves Clause: Evasion moves are banned
|rule|Evasion Abilities Clause: Evasion abilities are banned
|rule|Sleep Moves Clause: Sleep-inducing moves are banned
|clearpoke
|poke|p1|Zamazenta-*|
|poke|p1|Iron Valiant|
|poke|p1|Sinistcha-Masterpiece|
|poke|p1|Gholdengo|
|poke|p1|Samurott-Hisui, M|
|poke|p1|Landorus-Therian, M|
|poke|p2|Indeedee, M|
|poke|p2|Great Tusk|
|poke|p2|Iron Crown|
|poke|p2|Polteageist|
|poke|p2|Hawlucha, M|
|poke|p2|Deoxys-Speed|
|teampreview
|inactive|Battle timer is ON: inactive players will automatically lose when time's up. (requested by qaqkiller)
|
|t:|1760443905
|teamsize|p1|6
|teamsize|p2|6
|start
|switch|p1a: Samurott|Samurott-Hisui, M, shiny|100/100
|switch|p2a: Iron Crown|Iron Crown|100/100
|turn|1
|
|t:|1760443912
|move|p2a: Iron Crown|Volt Switch|p1a: Samurott
|-supereffective|p1a: Samurott
|-damage|p1a: Samurott|54/100
|
|t:|1760443915
|-end|p2a: Iron Crown|Quark Drive|[silent]
|switch|p2a: Great Tusk|Great Tusk|100/100|[from] Volt Switch
|move|p1a: Samurott|Ceaseless Edge|p2a: Great Tusk
|-resisted|p2a: Great Tusk
|-damage|p2a: Great Tusk|90/100
|-damage|p1a: Samurott|37/100|[from] item: Rocky Helmet|[of] p2a: Great Tusk
|-sidestart|p2: Moreiny|Spikes
|
|upkeep
|turn|2
|
|t:|1760443921
|switch|p1a: Sinistcha|Sinistcha-Masterpiece, shiny|100/100
|move|p2a: Great Tusk|Stealth Rock|p1a: Sinistcha
|-sidestart|p1: qaqkiller|move: Stealth Rock
|
|upkeep
|turn|3
|
|t:|1760443926
|-end|p2a: Great Tusk|Protosynthesis|[silent]
|switch|p2a: Iron Crown|Iron Crown|100/100
|-damage|p2a: Iron Crown|88/100|[from] Spikes
|move|p1a: Sinistcha|Calm Mind|p1a: Sinistcha
|-boost|p1a: Sinistcha|spa|1
|-boost|p1a: Sinistcha|spd|1
|
|upkeep
|turn|4
|
|t:|1760443936
|move|p2a: Iron Crown|Volt Switch|p1a: Sinistcha
|-resisted|p1a: Sinistcha
|-damage|p1a: Sinistcha|86/100
|
|t:|1760443940
|-end|p2a: Iron Crown|Quark Drive|[silent]
|switch|p2a: Indeedee|Indeedee, M|100/100|[from] Volt Switch
|-damage|p2a: Indeedee|88/100|[from] Spikes
|-fieldstart|move: Psychic Terrain|[from] ability: Psychic Surge|[of] p2a: Indeedee
|move|p1a: Sinistcha|Shadow Ball|p2a: Indeedee
|-immune|p2a: Indeedee
|
|upkeep
|turn|5
|
|t:|1760443965
|move|p2a: Indeedee|Encore|p1a: Sinistcha
|-start|p1a: Sinistcha|Encore
|move|p1a: Sinistcha|Shadow Ball|p2a: Indeedee
|-immune|p2a: Indeedee
|
|upkeep
|turn|6
|
|t:|1760443976
|switch|p1a: Samurott|Samurott-Hisui, M, shiny|37/100
|-damage|p1a: Samurott|25/100|[from] Stealth Rock
|move|p2a: Indeedee|Dazzling Gleam|p1a: Samurott
|-supereffective|p1a: Samurott
|-crit|p1a: Samurott
|-damage|p1a: Samurott|0 fnt
|faint|p1a: Samurott
|
|upkeep
|
|t:|1760443997
|switch|p1a: Landorus|Landorus-Therian, M, shiny|100/100
|-damage|p1a: Landorus|88/100|[from] Stealth Rock
|-ability|p1a: Landorus|Intimidate|boost
|-unboost|p2a: Indeedee|atk|1
|turn|7
|
|t:|1760444002
|switch|p2a: Great Tusk|Great Tusk|90/100
|-damage|p2a: Great Tusk|78/100|[from] Spikes
|move|p1a: Landorus|U-turn|p2a: Great Tusk
|-resisted|p2a: Great Tusk
|-damage|p2a: Great Tusk|73/100
|-damage|p1a: Landorus|72/100|[from] item: Rocky Helmet|[of] p2a: Great Tusk
|
|t:|1760444008
|switch|p1a: Sinistcha|Sinistcha-Masterpiece, shiny|86/100|[from] U-turn
|
|upkeep
|turn|8
|
|t:|1760444031
|move|p2a: Great Tusk|Knock Off|p1a: Sinistcha
|-supereffective|p1a: Sinistcha
|-damage|p1a: Sinistcha|44/100
|-enditem|p1a: Sinistcha|Heavy-Duty Boots|[from] move: Knock Off|[of] p2a: Great Tusk
|move|p1a: Sinistcha|Calm Mind|p1a: Sinistcha
|-boost|p1a: Sinistcha|spa|1
|-boost|p1a: Sinistcha|spd|1
|
|upkeep
|turn|9
|
|t:|1760444046
|-end|p2a: Great Tusk|Protosynthesis|[silent]
|switch|p2a: Iron Crown|Iron Crown|88/100
|-damage|p2a: Iron Crown|76/100|[from] Spikes
|move|p1a: Sinistcha|Strength Sap|p2a: Iron Crown
|-unboost|p2a: Iron Crown|atk|1
|-heal|p1a: Sinistcha|88/100
|
|upkeep
|turn|10
|
|t:|1760444053
|move|p2a: Iron Crown|Psyshock|p1a: Sinistcha
|-damage|p1a: Sinistcha|32/100
|move|p1a: Sinistcha|Matcha Gotcha|p2a: Iron Crown
|-resisted|p2a: Iron Crown
|-damage|p2a: Iron Crown|52/100
|-heal|p1a: Sinistcha|44/100|[from] drain|[of] p2a: Iron Crown
|
|upkeep
|turn|11
|
|t:|1760444068
|move|p2a: Iron Crown|Psyshock|p1a: Sinistcha
|-damage|p1a: Sinistcha|0 fnt
|faint|p1a: Sinistcha
|
|-fieldend|move: Psychic Terrain
|upkeep
|
|t:|1760444072
|switch|p1a: Gholdengo|Gholdengo, shiny|100/100
|-damage|p1a: Gholdengo|94/100|[from] Stealth Rock
|-item|p1a: Gholdengo|Air Balloon
|turn|12
|
|t:|1760444093
|switch|p1a: Landorus|Landorus-Therian, M, shiny|72/100
|-damage|p1a: Landorus|59/100|[from] Stealth Rock
|-ability|p1a: Landorus|Intimidate|boost
|-unboost|p2a: Iron Crown|atk|1
|move|p2a: Iron Crown|Psyshock|p1a: Landorus
|-damage|p1a: Landorus|0 fnt
|faint|p1a: Landorus
|
|upkeep
|
|t:|1760444101
|switch|p1a: Gholdengo|Gholdengo, shiny|94/100
|-damage|p1a: Gholdengo|88/100|[from] Stealth Rock
|-item|p1a: Gholdengo|Air Balloon
|turn|13
|
|t:|1760444105
|move|p2a: Iron Crown|Psyshock|p1a: Gholdengo
|-resisted|p1a: Gholdengo
|-damage|p1a: Gholdengo|52/100
|-enditem|p1a: Gholdengo|Air Balloon
|move|p1a: Gholdengo|Nasty Plot|p1a: Gholdengo
|-boost|p1a: Gholdengo|spa|2
|
|upkeep
|turn|14
|j| beimuz
|
|t:|1760444112
|move|p2a: Iron Crown|Psyshock|p1a: Gholdengo
|-resisted|p1a: Gholdengo
|-damage|p1a: Gholdengo|16/100
|move|p1a: Gholdengo|Shadow Ball|p2a: Iron Crown
|-supereffective|p2a: Iron Crown
|-damage|p2a: Iron Crown|0 fnt
|faint|p2a: Iron Crown
|-end|p2a: Iron Crown|Quark Drive|[silent]
|
|upkeep
|
|t:|1760444115
|switch|p2a: Indeedee|Indeedee, M|88/100
|-damage|p2a: Indeedee|76/100|[from] Spikes
|-fieldstart|move: Psychic Terrain|[from] ability: Psychic Surge|[of] p2a: Indeedee
|turn|15
|
|t:|1760444118
|move|p2a: Indeedee|Expanding Force|p1a: Gholdengo
|-resisted|p1a: Gholdengo
|-damage|p1a: Gholdengo|0 fnt
|faint|p1a: Gholdengo
|
|upkeep
|
|t:|1760444122
|switch|p1a: Iron Valiant|Iron Valiant, shiny|100/100
|-damage|p1a: Iron Valiant|94/100|[from] Stealth Rock
|-enditem|p1a: Iron Valiant|Booster Energy
|-activate|p1a: Iron Valiant|ability: Quark Drive|[fromitem]
|-start|p1a: Iron Valiant|quarkdrivespe
|turn|16
|
|t:|1760444134
|-terastallize|p1a: Iron Valiant|Ghost
|move|p1a: Iron Valiant|Calm Mind|p1a: Iron Valiant
|-boost|p1a: Iron Valiant|spa|1
|-boost|p1a: Iron Valiant|spd|1
|move|p2a: Indeedee|Expanding Force|p1a: Iron Valiant
|-damage|p1a: Iron Valiant|11/100
|
|upkeep
|turn|17
|
|t:|1760444149
|move|p1a: Iron Valiant|Moonblast|p2a: Indeedee
|-damage|p2a: Indeedee|0 fnt
|faint|p2a: Indeedee
|
|upkeep
|
|t:|1760444151
|switch|p2a: Hawlucha|Hawlucha, M|100/100
|-enditem|p2a: Hawlucha|Psychic Seed
|-boost|p2a: Hawlucha|spd|1|[from] item: Psychic Seed
|turn|18
|
|t:|1760444155
|move|p2a: Hawlucha|Acrobatics|p1a: Iron Valiant
|-damage|p1a: Iron Valiant|0 fnt
|faint|p1a: Iron Valiant
|-end|p1a: Iron Valiant|Quark Drive|[silent]
|
|upkeep
|
|t:|1760444157
|switch|p1a: Zamazenta|Zamazenta, shiny|100/100
|-ability|p1a: Zamazenta|Dauntless Shield|boost
|-boost|p1a: Zamazenta|def|1
|turn|19
|-message|qaqkiller forfeited.
|
|win|Moreiny
|raw|qaqkiller's rating: 1711 &rarr; <strong>1694</strong><br />(-17 for losing)
|raw|Moreiny's rating: 1766 &rarr; <strong>1783</strong><br />(+17 for winning)
|l|☆qaqkiller
|player|p1|
|l| beimuz
|l|☆Moreiny
|player|p2|
|j| beimuz
|l| beimuz
