|j|☆exposed king
|j|☆mo007001
|t:|1760434730
|gametype|singles
|player|p1|exposed king|102|1213
|player|p2|mo007001|burglar|1178
|gen|9
|tier|[Gen 9] OU
|rated|
|rule|HP Percentage Mod: HP is shown in percentages
|rule|Endless Battle Clause: Forcing endless battles is banned
|rule|Species Clause: Limit one of each Pokémon
|rule|OHKO Clause: OHKO moves are banned
|rule|Evasion Items Clause: Evasion items are banned
|rule|Evasion Moves Clause: Evasion moves are banned
|rule|Evasion Abilities Clause: Evasion abilities are banned
|rule|Sleep Moves Clause: Sleep-inducing moves are banned
|clearpoke
|poke|p1|Iron Valiant|
|poke|p1|Garchomp, F|
|poke|p1|Ditto|
|poke|p1|Azumarill, F|
|poke|p1|Thundurus-Therian, M|
|poke|p1|Volcanion|
|poke|p2|Ursaluna, F|
|poke|p2|Gumshoos, F|
|poke|p2|Lokix, M|
|poke|p2|Kingambit, M|
|poke|p2|Slowking-Galar, M|
|poke|p2|Skeledirge, M|
|teampreview
|
|t:|1760434738
|teamsize|p1|6
|teamsize|p2|6
|start
|switch|p1a: Iron Valiant|Iron Valiant|100/100
|switch|p2a: Gumshoos|Gumshoos, F|100/100
|turn|1
|
|t:|1760434751
|move|p1a: Iron Valiant|Close Combat|p2a: Gumshoos
|-supereffective|p2a: Gumshoos
|-damage|p2a: Gumshoos|0 fnt
|-unboost|p1a: Iron Valiant|def|1
|-unboost|p1a: Iron Valiant|spd|1
|faint|p2a: Gumshoos
|
|upkeep
|
|t:|1760434759
|switch|p2a: Slowking|Slowking-Galar, M|100/100
|turn|2
|
|t:|1760434763
|-end|p1a: Iron Valiant|Quark Drive|[silent]
|switch|p1a: Ditto|Ditto|100/100
|-transform|p1a: Ditto|p2a: Slowking|[from] ability: Imposter
|move|p2a: Slowking|Trick Room|p2a: Slowking
|-fieldstart|move: Trick Room|[of] p2a: Slowking
|
|upkeep
|turn|3
|
|t:|1760434776
|switch|p2a: Ursaluna|Ursaluna, F|100/100
|-prepare|p1a: Ditto|Chilly Reception|[premajor]
|move|p1a: Ditto|Chilly Reception|p1a: Ditto
|-weather|Snowscape
|
|t:|1760434781
|switch|p1a: Azumarill|Azumarill, F|100/100|[from] Chilly Reception
|
|-weather|Snowscape|[upkeep]
|-status|p2a: Ursaluna|brn|[from] item: Flame Orb
|upkeep
|turn|4
|
|t:|1760434789
|-terastallize|p1a: Azumarill|Ghost
|move|p1a: Azumarill|Liquidation|p2a: Ursaluna
|-supereffective|p2a: Ursaluna
|-damage|p2a: Ursaluna|28/100 brn
|move|p2a: Ursaluna|Facade|p1a: Azumarill
|-immune|p1a: Azumarill
|
|-weather|Snowscape|[upkeep]
|-damage|p2a: Ursaluna|22/100 brn|[from] brn
|upkeep
|turn|5
|
|t:|1760434808
|switch|p2a: Slowking|Slowking-Galar, M|100/100
|move|p1a: Azumarill|Liquidation|p2a: Slowking
|-damage|p2a: Slowking|54/100
|
|-weather|Snowscape|[upkeep]
|upkeep
|turn|6
|
|t:|1760434818
|move|p1a: Azumarill|Knock Off|p2a: Slowking
|-supereffective|p2a: Slowking
|-damage|p2a: Slowking|0 fnt
|-enditem|p2a: Slowking|Terrain Extender|[from] move: Knock Off|[of] p1a: Azumarill
|faint|p2a: Slowking
|
|-weather|Snowscape|[upkeep]
|-fieldend|move: Trick Room
|upkeep
|
|t:|1760434829
|switch|p2a: Ursaluna|Ursaluna, F|22/100 brn
|turn|7
|
|t:|1760434833
|move|p1a: Azumarill|Aqua Jet|p2a: Ursaluna
|-supereffective|p2a: Ursaluna
|-damage|p2a: Ursaluna|0 fnt
|faint|p2a: Ursaluna
|
|-weather|none
|upkeep
|
|t:|1760434849
|switch|p2a: Lokix|Lokix, M|100/100
|turn|8
|
|t:|1760434856
|switch|p1a: Iron Valiant|Iron Valiant|100/100
|-terastallize|p2a: Lokix|Bug
|move|p2a: Lokix|First Impression|p1a: Iron Valiant
|-resisted|p1a: Iron Valiant
|-damage|p1a: Iron Valiant|47/100
|
|upkeep
|turn|9
|
|t:|1760434867
|-end|p1a: Iron Valiant|Quark Drive|[silent]
|switch|p1a: Volcanion|Volcanion|100/100
|switch|p2a: Skeledirge|Skeledirge, M, shiny|100/100
|
|upkeep
|turn|10
|l|☆mo007001
|player|p2|
|inactive|Battle timer is ON: inactive players will automatically lose when time's up. (requested by exposed king)
|j|☆mo007001
|inactive|mo007001 reconnected and has 140 seconds left.
|player|p2|mo007001|burglar|
|inactive|mo007001 has 120 seconds left.
|
|t:|1760434926
|switch|p2a: Lokix|Lokix, M, tera:Bug|100/100
|move|p1a: Volcanion|Steam Eruption|p2a: Lokix
|-damage|p2a: Lokix|20/100
|
|upkeep
|turn|11
|
|t:|1760434933
|move|p2a: Lokix|First Impression|p1a: Volcanion
|-resisted|p1a: Volcanion
|-damage|p1a: Volcanion|26/100
|move|p1a: Volcanion|Flamethrower|p2a: Lokix
|-supereffective|p2a: Lokix
|-damage|p2a: Lokix|0 fnt
|faint|p2a: Lokix
|
|upkeep
|
|t:|1760434943
|switch|p2a: Skeledirge|Skeledirge, M, shiny|100/100
|turn|12
|
|t:|1760434948
|move|p1a: Volcanion|Steam Eruption|p2a: Skeledirge
|-supereffective|p2a: Skeledirge
|-damage|p2a: Skeledirge|5/100
|move|p2a: Skeledirge|Torch Song|p1a: Volcanion
|-resisted|p1a: Volcanion
|-damage|p1a: Volcanion|20/100
|-boost|p2a: Skeledirge|spa|1
|
|upkeep
|turn|13
|-message|mo007001 forfeited.
|
|win|exposed king
|raw|exposed king's rating: 1213 &rarr; <strong>1235</strong><br />(+22 for winning)
|raw|mo007001's rating: 1178 &rarr; <strong>1156</strong><br />(-22 for losing)
|l|☆mo007001
|player|p2|
