|j|☆zhihe019
|j|☆MyGoodBuddyMason
|t:|1760436509
|gametype|singles
|player|p1|zhihe019|cynthia|1340
|player|p2|MyGoodBuddyMason|ghetsis|1344
|gen|9
|tier|[Gen 9] OU
|rated|
|rule|HP Percentage Mod: HP is shown in percentages
|rule|Endless Battle Clause: Forcing endless battles is banned
|rule|Species Clause: Limit one of each Pokémon
|rule|OHKO Clause: OHKO moves are banned
|rule|Evasion Items Clause: Evasion items are banned
|rule|Evasion Moves Clause: Evasion moves are banned
|rule|Evasion Abilities Clause: Evasion abilities are banned
|rule|Sleep Moves Clause: Sleep-inducing moves are banned
|clearpoke
|poke|p1|Torkoal, M|
|poke|p1|Walking Wake|
|poke|p1|Meowscarada, F|
|poke|p1|Clodsire, M|
|poke|p1|Scizor, F|
|poke|p1|Iron Moth|
|poke|p2|Zapdos|
|poke|p2|Eiscue, M|
|poke|p2|Empoleon, M|
|poke|p2|Garchomp, F|
|poke|p2|Donphan, M|
|poke|p2|Lokix, M|
|teampreview
|inactive|Battle timer is ON: inactive players will automatically lose when time's up. (requested by zhihe019)
|
|t:|1760436520
|teamsize|p1|6
|teamsize|p2|6
|start
|switch|p1a: Meowscarada|Meowscarada, F|100/100
|switch|p2a: Sharkry|Garchomp, F|100/100
|turn|1
|
|t:|1760436526
|switch|p2a: Steel Beam Enjoyer|Empoleon, M|100/100
|move|p1a: Meowscarada|Triple Axel|p2a: Steel Beam Enjoyer|[miss]
|-start|p1a: Meowscarada|typechange|Ice|[from] ability: Protean
|-miss|p1a: Meowscarada|p2a: Steel Beam Enjoyer
|
|upkeep
|turn|2
|
|t:|1760436533
|switch|p1a: Clodsire|Clodsire, M|100/100
|move|p2a: Steel Beam Enjoyer|Flash Cannon|p1a: Clodsire
|-damage|p1a: Clodsire|84/100
|-unboost|p1a: Clodsire|spd|1
|
|-heal|p1a: Clodsire|90/100|[from] item: Black Sludge
|upkeep
|turn|3
|
|t:|1760436543
|move|p2a: Steel Beam Enjoyer|Flip Turn|p1a: Clodsire
|-heal|p1a: Clodsire|100/100|[from] ability: Water Absorb|[of] p2a: Steel Beam Enjoyer
|move|p1a: Clodsire|Toxic|p2a: Steel Beam Enjoyer
|-immune|p2a: Steel Beam Enjoyer
|
|upkeep
|turn|4
|
|t:|1760436555
|switch|p2a: Sharkry|Garchomp, F|100/100
|move|p1a: Clodsire|Earthquake|p2a: Sharkry
|-crit|p2a: Sharkry
|-damage|p2a: Sharkry|76/100
|
|upkeep
|turn|5
|
|t:|1760436572
|switch|p1a: Torkoal|Torkoal, M|100/100
|-weather|SunnyDay|[from] ability: Drought|[of] p1a: Torkoal
|move|p2a: Sharkry|Stealth Rock|p1a: Torkoal
|-sidestart|p1: zhihe019|move: Stealth Rock
|
|-weather|SunnyDay|[upkeep]
|upkeep
|turn|6
|
|t:|1760436578
|-terastallize|p1a: Torkoal|Ghost
|move|p2a: Sharkry|Earthquake|p1a: Torkoal
|-damage|p1a: Torkoal|75/100
|move|p1a: Torkoal|Stealth Rock|p2a: Sharkry
|-sidestart|p2: MyGoodBuddyMason|move: Stealth Rock
|
|-weather|SunnyDay|[upkeep]
|upkeep
|turn|7
|
|t:|1760436586
|move|p2a: Sharkry|Spikes|p1a: Torkoal
|-sidestart|p1: zhihe019|Spikes
|move|p1a: Torkoal|Rapid Spin|p2a: Sharkry
|-damage|p2a: Sharkry|70/100
|-boost|p1a: Torkoal|spe|1
|-damage|p1a: Torkoal|62/100|[from] ability: Rough Skin|[of] p2a: Sharkry
|-damage|p1a: Torkoal|46/100|[from] item: Rocky Helmet|[of] p2a: Sharkry
|-sideend|p1: zhihe019|Spikes|[from] move: Rapid Spin|[of] p1a: Torkoal
|-sideend|p1: zhihe019|Stealth Rock|[from] move: Rapid Spin|[of] p1a: Torkoal
|
|-weather|SunnyDay|[upkeep]
|upkeep
|turn|8
|
|t:|1760436590
|move|p2a: Sharkry|Stealth Rock|p1a: Torkoal
|-sidestart|p1: zhihe019|move: Stealth Rock
|move|p1a: Torkoal|Lava Plume|p2a: Sharkry
|-resisted|p2a: Sharkry
|-damage|p2a: Sharkry|54/100
|
|-weather|SunnyDay|[upkeep]
|upkeep
|turn|9
|
|t:|1760436596
|move|p2a: Sharkry|Earthquake|p1a: Torkoal
|-damage|p1a: Torkoal|23/100
|move|p1a: Torkoal|Rapid Spin|p2a: Sharkry
|-damage|p2a: Sharkry|48/100
|-boost|p1a: Torkoal|spe|1
|-damage|p1a: Torkoal|10/100|[from] ability: Rough Skin|[of] p2a: Sharkry
|-damage|p1a: Torkoal|0 fnt|[from] item: Rocky Helmet|[of] p2a: Sharkry
|faint|p1a: Torkoal
|
|-weather|SunnyDay|[upkeep]
|upkeep
|
|t:|1760436603
|switch|p1a: Walking Wake|Walking Wake|100/100
|-damage|p1a: Walking Wake|88/100|[from] Stealth Rock
|-activate|p1a: Walking Wake|ability: Protosynthesis
|-start|p1a: Walking Wake|protosynthesisspe
|turn|10
|-message|zhihe019 forfeited.
|
|win|MyGoodBuddyMason
|raw|zhihe019's rating: 1340 &rarr; <strong>1320</strong><br />(-20 for losing)
|raw|MyGoodBuddyMason's rating: 1344 &rarr; <strong>1364</strong><br />(+20 for winning)
|l|☆zhihe019
|player|p1|
|l|☆MyGoodBuddyMason
|player|p2|
