|j|☆SillyScallop
|j|☆Egoist N1 fan
|t:|1760449038
|gametype|singles
|player|p1|SillyScallop|maid|1645
|player|p2|Egoist N1 fan|psychicf-gen3rs|1696
|gen|9
|tier|[Gen 9] OU
|rated|
|rule|HP Percentage Mod: HP is shown in percentages
|rule|Endless Battle Clause: Forcing endless battles is banned
|rule|Species Clause: Limit one of each Pokémon
|rule|OHKO Clause: OHKO moves are banned
|rule|Evasion Items Clause: Evasion items are banned
|rule|Evasion Moves Clause: Evasion moves are banned
|rule|Evasion Abilities Clause: Evasion abilities are banned
|rule|Sleep Moves Clause: Sleep-inducing moves are banned
|clearpoke
|poke|p1|Hydrapple, M|
|poke|p1|Skarmory, M|
|poke|p1|Tyranitar, M|
|poke|p1|Alomomola, F|
|poke|p1|Clodsire, M|
|poke|p1|Clefable, F|
|poke|p2|Okidogi, M|
|poke|p2|Corviknight, F|
|poke|p2|Ogerpon-Wellspring, F|
|poke|p2|Kingambit, M|
|poke|p2|Kyurem|
|poke|p2|Ting-Lu|
|teampreview
|
|t:|1760449064
|teamsize|p1|6
|teamsize|p2|6
|start
|switch|p1a: Skarmory|Skarmory, M|100/100
|switch|p2a: Ogerpon|Ogerpon-Wellspring, F|100/100
|turn|1
|inactive|Battle timer is ON: inactive players will automatically lose when time's up. (requested by Egoist N1 fan)
|
|t:|1760449075
|switch|p2a: Ting-Lu|Ting-Lu|100/100
|-ability|p2a: Ting-Lu|Vessel of Ruin
|move|p1a: Skarmory|Spikes|p2a: Ting-Lu
|-sidestart|p2: Egoist N1 fan|Spikes
|
|upkeep
|turn|2
|
|t:|1760449080
|move|p1a: Skarmory|Spikes|p2a: Ting-Lu
|-sidestart|p2: Egoist N1 fan|Spikes
|move|p2a: Ting-Lu|Ruination|p1a: Skarmory
|-damage|p1a: Skarmory|50/100
|
|upkeep
|turn|3
|
|t:|1760449083
|move|p1a: Skarmory|Iron Defense|p1a: Skarmory
|-boost|p1a: Skarmory|def|2
|move|p2a: Ting-Lu|Stealth Rock|p1a: Skarmory
|-sidestart|p1: SillyScallop|move: Stealth Rock
|
|upkeep
|turn|4
|
|t:|1760449089
|switch|p2a: Corviknight|Corviknight, F|100/100
|-ability|p2a: Corviknight|Pressure
|move|p1a: Skarmory|Roost|p1a: Skarmory
|-heal|p1a: Skarmory|100/100
|-singleturn|p1a: Skarmory|move: Roost
|
|upkeep
|turn|5
|
|t:|1760449096
|switch|p1a: Alomomola|Alomomola, F, shiny|100/100
|move|p2a: Corviknight|Defog|p1a: Alomomola
|-unboost|p1a: Alomomola|evasion|1
|-sideend|p1: SillyScallop|Stealth Rock|[from] move: Defog|[of] p2a: Corviknight
|-sideend|p2: Egoist N1 fan|Spikes|[from] move: Defog|[of] p2a: Corviknight
|
|upkeep
|turn|6
|
|t:|1760449100
|move|p2a: Corviknight|U-turn|p1a: Alomomola
|-damage|p1a: Alomomola|92/100
|
|t:|1760449102
|switch|p2a: Ogerpon|Ogerpon-Wellspring, F|100/100|[from] U-turn
|move|p1a: Alomomola|Flip Turn|p2a: Ogerpon
|-immune|p2a: Ogerpon|[from] ability: Water Absorb
|
|upkeep
|turn|7
|
|t:|1760449107
|switch|p1a: Hydrapple|Hydrapple, M|100/100
|move|p2a: Ogerpon|Knock Off|p1a: Hydrapple
|-damage|p1a: Hydrapple|79/100
|-enditem|p1a: Hydrapple|Heavy-Duty Boots|[from] move: Knock Off|[of] p2a: Ogerpon
|
|upkeep
|turn|8
|
|t:|1760449116
|move|p2a: Ogerpon|U-turn|p1a: Hydrapple
|-supereffective|p1a: Hydrapple
|-damage|p1a: Hydrapple|43/100
|
|t:|1760449119
|switch|p2a: Ting-Lu|Ting-Lu|100/100|[from] U-turn
|-ability|p2a: Ting-Lu|Vessel of Ruin
|move|p1a: Hydrapple|Fickle Beam|p2a: Ting-Lu
|-damage|p2a: Ting-Lu|85/100
|
|-heal|p2a: Ting-Lu|92/100|[from] item: Leftovers
|upkeep
|turn|9
|
|t:|1760449127
|switch|p2a: Kyurem|Kyurem|100/100
|-ability|p2a: Kyurem|Pressure
|move|p1a: Hydrapple|Giga Drain|p2a: Kyurem
|-resisted|p2a: Kyurem
|-damage|p2a: Kyurem|86/100
|-heal|p1a: Hydrapple|50/100|[from] drain|[of] p2a: Kyurem
|
|upkeep
|turn|10
|
|t:|1760449146
|switch|p2a: Ting-Lu|Ting-Lu|92/100
|-ability|p2a: Ting-Lu|Vessel of Ruin
|switch|p1a: Tyranitar|Tyranitar, M|100/100
|-weather|Sandstorm|[from] ability: Sand Stream|[of] p1a: Tyranitar
|
|-weather|Sandstorm|[upkeep]
|-heal|p2a: Ting-Lu|98/100|[from] item: Leftovers
|upkeep
|turn|11
|
|t:|1760449150
|move|p1a: Tyranitar|Stealth Rock|p2a: Ting-Lu
|-sidestart|p2: Egoist N1 fan|move: Stealth Rock
|move|p2a: Ting-Lu|Stealth Rock|p1a: Tyranitar
|-sidestart|p1: SillyScallop|move: Stealth Rock
|
|-weather|Sandstorm|[upkeep]
|-heal|p2a: Ting-Lu|100/100|[from] item: Leftovers
|upkeep
|turn|12
|
|t:|1760449153
|move|p1a: Tyranitar|Knock Off|p2a: Ting-Lu
|-resisted|p2a: Ting-Lu
|-damage|p2a: Ting-Lu|88/100
|-enditem|p2a: Ting-Lu|Leftovers|[from] move: Knock Off|[of] p1a: Tyranitar
|move|p2a: Ting-Lu|Ruination|p1a: Tyranitar
|-damage|p1a: Tyranitar|50/100
|
|-weather|Sandstorm|[upkeep]
|upkeep
|turn|13
|
|t:|1760449158
|switch|p1a: Alomomola|Alomomola, F, shiny|100/100
|move|p2a: Ting-Lu|Ruination|p1a: Alomomola
|-damage|p1a: Alomomola|51/100
|
|-weather|Sandstorm|[upkeep]
|-damage|p1a: Alomomola|44/100|[from] Sandstorm
|upkeep
|turn|14
|
|t:|1760449165
|move|p2a: Ting-Lu|Earthquake|p1a: Alomomola
|-damage|p1a: Alomomola|22/100
|move|p1a: Alomomola|Wish|p1a: Alomomola
|
|-weather|none
|upkeep
|turn|15
|
|t:|1760449176
|switch|p1a: Hydrapple|Hydrapple, M|84/100
|-damage|p1a: Hydrapple|71/100|[from] Stealth Rock
|move|p2a: Ting-Lu|Whirlwind|p1a: Hydrapple
|drag|p1a: Clodsire|Clodsire, M|100/100
|
|upkeep
|turn|16
|j| Forever1507
|
|t:|1760449183
|switch|p2a: Corviknight|Corviknight, F|100/100
|-damage|p2a: Corviknight|88/100|[from] Stealth Rock
|-ability|p2a: Corviknight|Pressure
|move|p1a: Clodsire|Toxic|p2a: Corviknight
|-immune|p2a: Corviknight
|
|upkeep
|turn|17
|
|t:|1760449188
|switch|p1a: Alomomola|Alomomola, F, shiny|55/100
|move|p2a: Corviknight|U-turn|p1a: Alomomola
|-damage|p1a: Alomomola|47/100
|
|t:|1760449194
|switch|p2a: Ogerpon|Ogerpon-Wellspring, F|100/100|[from] U-turn
|-damage|p2a: Ogerpon|88/100|[from] Stealth Rock
|
|upkeep
|turn|18
|
|t:|1760449199
|switch|p1a: Hydrapple|Hydrapple, M|100/100
|-damage|p1a: Hydrapple|88/100|[from] Stealth Rock
|move|p2a: Ogerpon|U-turn|p1a: Hydrapple
|-supereffective|p1a: Hydrapple
|-damage|p1a: Hydrapple|52/100
|
|t:|1760449202
|switch|p2a: Okidogi|Okidogi, M|100/100|[from] U-turn
|-damage|p2a: Okidogi|94/100|[from] Stealth Rock
|
|-heal|p2a: Okidogi|100/100|[from] item: Leftovers
|upkeep
|turn|19
|
|t:|1760449209
|switch|p1a: Skarmory|Skarmory, M|100/100
|-damage|p1a: Skarmory|88/100|[from] Stealth Rock
|move|p2a: Okidogi|Poison Jab|p1a: Skarmory
|-immune|p1a: Skarmory
|
|upkeep
|turn|20
|
|t:|1760449212
|move|p2a: Okidogi|Knock Off|p1a: Skarmory
|-damage|p1a: Skarmory|70/100
|-damage|p2a: Okidogi|84/100|[from] item: Rocky Helmet|[of] p1a: Skarmory
|-enditem|p1a: Skarmory|Rocky Helmet|[from] move: Knock Off|[of] p2a: Okidogi
|move|p1a: Skarmory|Spikes|p2a: Okidogi
|-sidestart|p2: Egoist N1 fan|Spikes
|
|-heal|p2a: Okidogi|90/100|[from] item: Leftovers
|upkeep
|turn|21
|
|t:|1760449225
|move|p2a: Okidogi|Bulk Up|p2a: Okidogi
|-boost|p2a: Okidogi|atk|1
|-boost|p2a: Okidogi|def|1
|move|p1a: Skarmory|Iron Defense|p1a: Skarmory
|-boost|p1a: Skarmory|def|2
|
|-heal|p2a: Okidogi|96/100|[from] item: Leftovers
|upkeep
|turn|22
|
|t:|1760449230
|move|p2a: Okidogi|Bulk Up|p2a: Okidogi
|-boost|p2a: Okidogi|atk|1
|-boost|p2a: Okidogi|def|1
|move|p1a: Skarmory|Roost|p1a: Skarmory
|-heal|p1a: Skarmory|100/100
|-singleturn|p1a: Skarmory|move: Roost
|
|-heal|p2a: Okidogi|100/100|[from] item: Leftovers
|upkeep
|turn|23
|
|t:|1760449234
|move|p2a: Okidogi|Knock Off|p1a: Skarmory
|-damage|p1a: Skarmory|89/100
|move|p1a: Skarmory|Iron Defense|p1a: Skarmory
|-boost|p1a: Skarmory|def|2
|
|upkeep
|turn|24
|
|t:|1760449240
|move|p2a: Okidogi|Bulk Up|p2a: Okidogi
|-boost|p2a: Okidogi|atk|1
|-boost|p2a: Okidogi|def|1
|move|p1a: Skarmory|Iron Defense|p1a: Skarmory
|-boost|p1a: Skarmory|def|2
|
|upkeep
|turn|25
|
|t:|1760449242
|move|p2a: Okidogi|Bulk Up|p2a: Okidogi
|-boost|p2a: Okidogi|atk|1
|-boost|p2a: Okidogi|def|1
|move|p1a: Skarmory|Body Press|p2a: Okidogi
|-resisted|p2a: Okidogi
|-damage|p2a: Okidogi|84/100
|
|-heal|p2a: Okidogi|90/100|[from] item: Leftovers
|upkeep
|turn|26
|
|t:|1760449245
|move|p2a: Okidogi|Bulk Up|p2a: Okidogi
|-boost|p2a: Okidogi|atk|1
|-boost|p2a: Okidogi|def|1
|move|p1a: Skarmory|Spikes|p2a: Okidogi
|-sidestart|p2: Egoist N1 fan|Spikes
|
|-heal|p2a: Okidogi|96/100|[from] item: Leftovers
|upkeep
|turn|27
|
|t:|1760449248
|move|p2a: Okidogi|Bulk Up|p2a: Okidogi
|-boost|p2a: Okidogi|atk|1
|-boost|p2a: Okidogi|def|1
|move|p1a: Skarmory|Spikes|p2a: Okidogi
|-sidestart|p2: Egoist N1 fan|Spikes
|
|-heal|p2a: Okidogi|100/100|[from] item: Leftovers
|upkeep
|turn|28
|
|t:|1760449252
|move|p2a: Okidogi|Drain Punch|p1a: Skarmory
|-damage|p1a: Skarmory|68/100
|move|p1a: Skarmory|Body Press|p2a: Okidogi
|-resisted|p2a: Okidogi
|-damage|p2a: Okidogi|88/100
|
|-heal|p2a: Okidogi|94/100|[from] item: Leftovers
|upkeep
|turn|29
|
|t:|1760449259
|switch|p1a: Clodsire|Clodsire, M|100/100
|move|p2a: Okidogi|Drain Punch|p1a: Clodsire
|-resisted|p1a: Clodsire
|-damage|p1a: Clodsire|87/100
|-heal|p2a: Okidogi|100/100|[from] drain|[of] p1a: Clodsire
|
|upkeep
|turn|30
|j| wgw2333
|
|t:|1760449262
|move|p2a: Okidogi|Knock Off|p1a: Clodsire
|-crit|p1a: Clodsire
|-damage|p1a: Clodsire|55/100
|-enditem|p1a: Clodsire|Heavy-Duty Boots|[from] move: Knock Off|[of] p2a: Okidogi
|move|p1a: Clodsire|Earthquake|p2a: Okidogi
|-supereffective|p2a: Okidogi
|-damage|p2a: Okidogi|55/100
|
|-heal|p2a: Okidogi|61/100|[from] item: Leftovers
|upkeep
|turn|31
|
|t:|1760449270
|switch|p2a: Corviknight|Corviknight, F|88/100
|-damage|p2a: Corviknight|76/100|[from] Stealth Rock
|-ability|p2a: Corviknight|Pressure
|move|p1a: Clodsire|Recover|p1a: Clodsire
|-heal|p1a: Clodsire|100/100
|
|upkeep
|turn|32
|
|t:|1760449276
|switch|p1a: Alomomola|Alomomola, F, shiny|80/100
|move|p2a: Corviknight|Defog|p1a: Alomomola
|-unboost|p1a: Alomomola|evasion|1
|-sideend|p1: SillyScallop|Stealth Rock|[from] move: Defog|[of] p2a: Corviknight
|-sideend|p2: Egoist N1 fan|Spikes|[from] move: Defog|[of] p2a: Corviknight
|-sideend|p2: Egoist N1 fan|Stealth Rock|[from] move: Defog|[of] p2a: Corviknight
|
|upkeep
|turn|33
|
|t:|1760449286
|switch|p1a: Clefable|Clefable, F|100/100
|move|p2a: Corviknight|U-turn|p1a: Clefable
|-resisted|p1a: Clefable
|-damage|p1a: Clefable|95/100
|
|t:|1760449296
|switch|p2a: Kingambit|Kingambit, M|100/100|[from] U-turn
|
|upkeep
|turn|34
|
|t:|1760449302
|move|p2a: Kingambit|Kowtow Cleave|p1a: Clefable
|-resisted|p1a: Clefable
|-damage|p1a: Clefable|77/100
|move|p1a: Clefable|Knock Off|p2a: Kingambit
|-resisted|p2a: Kingambit
|-damage|p2a: Kingambit|94/100
|-enditem|p2a: Kingambit|Leftovers|[from] move: Knock Off|[of] p1a: Clefable
|
|upkeep
|turn|35
|
|t:|1760449309
|move|p2a: Kingambit|Kowtow Cleave|p1a: Clefable
|-resisted|p1a: Clefable
|-damage|p1a: Clefable|57/100
|move|p1a: Clefable|Wish|p1a: Clefable
|
|-damage|p2a: Kingambit|82/100|[from] item: Sticky Barb
|upkeep
|turn|36
|
|t:|1760449313
|move|p1a: Clefable|Protect|p1a: Clefable
|-singleturn|p1a: Clefable|Protect
|move|p2a: Kingambit|Iron Head|p1a: Clefable
|-activate|p1a: Clefable|move: Protect
|
|-heal|p1a: Clefable|100/100|[from] move: Wish|[wisher] Clefable
|-damage|p2a: Kingambit|70/100|[from] item: Sticky Barb
|upkeep
|turn|37
|
|t:|1760449318
|switch|p1a: Alomomola|Alomomola, F, shiny|100/100
|move|p2a: Kingambit|Kowtow Cleave|p1a: Alomomola
|-damage|p1a: Alomomola|71/100
|
|-damage|p2a: Kingambit|57/100|[from] item: Sticky Barb
|upkeep
|turn|38
|
|t:|1760449325
|-end|p2a: Kingambit|fallenundefined|[silent]
|switch|p2a: Ogerpon|Ogerpon-Wellspring, F|88/100
|move|p1a: Alomomola|Wish|p1a: Alomomola
|
|upkeep
|turn|39
|
|t:|1760449330
|switch|p1a: Skarmory|Skarmory, M|68/100
|move|p2a: Ogerpon|U-turn|p1a: Skarmory
|-resisted|p1a: Skarmory
|-damage|p1a: Skarmory|63/100
|
|t:|1760449331
|switch|p2a: Okidogi|Okidogi, M|61/100|[from] U-turn
|
|-heal|p1a: Skarmory|100/100|[from] move: Wish|[wisher] Alomomola
|-heal|p2a: Okidogi|67/100|[from] item: Leftovers
|upkeep
|turn|40
|
|t:|1760449338
|switch|p2a: Ting-Lu|Ting-Lu|88/100
|-ability|p2a: Ting-Lu|Vessel of Ruin
|move|p1a: Skarmory|Spikes|p2a: Ting-Lu
|-sidestart|p2: Egoist N1 fan|Spikes
|
|upkeep
|turn|41
|
|t:|1760449341
|move|p1a: Skarmory|Body Press|p2a: Ting-Lu
|-supereffective|p2a: Ting-Lu
|-damage|p2a: Ting-Lu|56/100
|move|p2a: Ting-Lu|Ruination|p1a: Skarmory
|-damage|p1a: Skarmory|50/100
|
|upkeep
|turn|42
|
|t:|1760449347
|move|p1a: Skarmory|Spikes|p2a: Ting-Lu
|-sidestart|p2: Egoist N1 fan|Spikes
|move|p2a: Ting-Lu|Earthquake|p1a: Skarmory
|-immune|p1a: Skarmory
|
|upkeep
|turn|43
|l|☆Egoist N1 fan
|inactive|Egoist N1 fan disconnected and has a minute to reconnect!
|player|p2|
|j|☆Egoist N1 fan
|inactive|Egoist N1 fan reconnected and has 125 seconds left.
|player|p2|Egoist N1 fan|psychicf-gen3rs|
|
|t:|1760449376
|switch|p2a: Corviknight|Corviknight, F|76/100
|-ability|p2a: Corviknight|Pressure
|move|p1a: Skarmory|Iron Defense|p1a: Skarmory
|-boost|p1a: Skarmory|def|2
|
|upkeep
|turn|44
|
|t:|1760449383
|move|p1a: Skarmory|Roost|p1a: Skarmory
|-heal|p1a: Skarmory|100/100
|-singleturn|p1a: Skarmory|move: Roost
|move|p2a: Corviknight|Defog|p1a: Skarmory
|-unboost|p1a: Skarmory|evasion|1
|-sideend|p2: Egoist N1 fan|Spikes|[from] move: Defog|[of] p2a: Corviknight
|
|upkeep
|turn|45
|
|t:|1760449386
|move|p1a: Skarmory|Spikes|p2a: Corviknight
|-sidestart|p2: Egoist N1 fan|Spikes
|move|p2a: Corviknight|U-turn|p1a: Skarmory
|-resisted|p1a: Skarmory
|-damage|p1a: Skarmory|99/100
|
|t:|1760449388
|switch|p2a: Okidogi|Okidogi, M|67/100|[from] U-turn
|-damage|p2a: Okidogi|54/100|[from] Spikes
|
|-heal|p2a: Okidogi|60/100|[from] item: Leftovers
|upkeep
|turn|46
|
|t:|1760449399
|move|p2a: Okidogi|Drain Punch|p1a: Skarmory
|-damage|p1a: Skarmory|90/100
|-heal|p2a: Okidogi|65/100|[from] drain|[of] p1a: Skarmory
|move|p1a: Skarmory|Body Press|p2a: Okidogi
|-resisted|p2a: Okidogi
|-damage|p2a: Okidogi|39/100
|
|-heal|p2a: Okidogi|45/100|[from] item: Leftovers
|upkeep
|turn|47
|
|t:|1760449404
|move|p2a: Okidogi|Bulk Up|p2a: Okidogi
|-boost|p2a: Okidogi|atk|1
|-boost|p2a: Okidogi|def|1
|move|p1a: Skarmory|Iron Defense|p1a: Skarmory
|-boost|p1a: Skarmory|def|2
|
|-heal|p2a: Okidogi|52/100|[from] item: Leftovers
|upkeep
|turn|48
|
|t:|1760449407
|move|p2a: Okidogi|Bulk Up|p2a: Okidogi
|-boost|p2a: Okidogi|atk|1
|-boost|p2a: Okidogi|def|1
|move|p1a: Skarmory|Body Press|p2a: Okidogi
|-resisted|p2a: Okidogi
|-damage|p2a: Okidogi|34/100
|
|-heal|p2a: Okidogi|40/100|[from] item: Leftovers
|upkeep
|turn|49
|
|t:|1760449411
|switch|p1a: Clodsire|Clodsire, M|100/100
|move|p2a: Okidogi|Bulk Up|p2a: Okidogi
|-boost|p2a: Okidogi|atk|1
|-boost|p2a: Okidogi|def|1
|
|-heal|p2a: Okidogi|46/100|[from] item: Leftovers
|upkeep
|turn|50
|
|t:|1760449415
|switch|p2a: Corviknight|Corviknight, F|76/100
|-ability|p2a: Corviknight|Pressure
|move|p1a: Clodsire|Rock Tomb|p2a: Corviknight
|-damage|p2a: Corviknight|69/100
|-unboost|p2a: Corviknight|spe|1
|
|upkeep
|turn|51
|
|t:|1760449422
|move|p2a: Corviknight|Defog|p1a: Clodsire
|-unboost|p1a: Clodsire|evasion|1
|-sideend|p2: Egoist N1 fan|Spikes|[from] move: Defog|[of] p2a: Corviknight
|move|p1a: Clodsire|Rock Tomb|p2a: Corviknight
|-damage|p2a: Corviknight|63/100
|-unboost|p2a: Corviknight|spe|1
|
|upkeep
|turn|52
|
|t:|1760449429
|move|p2a: Corviknight|U-turn|p1a: Clodsire
|-resisted|p1a: Clodsire
|-damage|p1a: Clodsire|94/100
|
|t:|1760449432
|switch|p2a: Ogerpon|Ogerpon-Wellspring, F|88/100|[from] U-turn
|move|p1a: Clodsire|Earthquake|p2a: Ogerpon
|-resisted|p2a: Ogerpon
|-damage|p2a: Ogerpon|71/100
|
|upkeep
|turn|53
|
|t:|1760449440
|switch|p1a: Hydrapple|Hydrapple, M|86/100
|move|p2a: Ogerpon|U-turn|p1a: Hydrapple
|-supereffective|p1a: Hydrapple
|-damage|p1a: Hydrapple|51/100
|
|t:|1760449442
|switch|p2a: Kyurem|Kyurem|86/100|[from] U-turn
|-ability|p2a: Kyurem|Pressure
|
|upkeep
|turn|54
|
|t:|1760449451
|switch|p1a: Tyranitar|Tyranitar, M|50/100
|-weather|Sandstorm|[from] ability: Sand Stream|[of] p1a: Tyranitar
|move|p2a: Kyurem|Ice Beam|p1a: Tyranitar
|-damage|p1a: Tyranitar|31/100
|
|-weather|Sandstorm|[upkeep]
|-damage|p2a: Kyurem|80/100|[from] Sandstorm
|upkeep
|turn|55
|
|t:|1760449457
|switch|p2a: Ogerpon|Ogerpon-Wellspring, F|71/100
|move|p1a: Tyranitar|Stealth Rock|p2a: Ogerpon
|-sidestart|p2: Egoist N1 fan|move: Stealth Rock
|
|-weather|Sandstorm|[upkeep]
|-damage|p2a: Ogerpon|65/100|[from] Sandstorm
|upkeep
|turn|56
|
|t:|1760449463
|switch|p1a: Hydrapple|Hydrapple, M|85/100
|move|p2a: Ogerpon|U-turn|p1a: Hydrapple
|-supereffective|p1a: Hydrapple
|-damage|p1a: Hydrapple|50/100
|
|t:|1760449465
|switch|p2a: Kyurem|Kyurem|80/100|[from] U-turn
|-damage|p2a: Kyurem|55/100|[from] Stealth Rock
|-ability|p2a: Kyurem|Pressure
|
|-weather|Sandstorm|[upkeep]
|-damage|p2a: Kyurem|49/100|[from] Sandstorm
|-damage|p1a: Hydrapple|44/100|[from] Sandstorm
|upkeep
|turn|57
|
|t:|1760449477
|switch|p1a: Alomomola|Alomomola, F, shiny|100/100
|move|p2a: Kyurem|Freeze-Dry|p1a: Alomomola
|-supereffective|p1a: Alomomola
|-damage|p1a: Alomomola|35/100
|
|-weather|Sandstorm|[upkeep]
|-damage|p2a: Kyurem|43/100|[from] Sandstorm
|-damage|p1a: Alomomola|29/100|[from] Sandstorm
|upkeep
|turn|58
|
|t:|1760449489
|switch|p1a: Tyranitar|Tyranitar, M|31/100
|move|p2a: Kyurem|Freeze-Dry|p1a: Tyranitar
|-damage|p1a: Tyranitar|16/100
|
|-weather|none
|upkeep
|turn|59
|
|t:|1760449510
|switch|p1a: Skarmory|Skarmory, M|90/100
|move|p2a: Kyurem|Freeze-Dry|p1a: Skarmory
|-damage|p1a: Skarmory|43/100
|
|upkeep
|turn|60
|
|t:|1760449529
|switch|p1a: Tyranitar|Tyranitar, M|16/100
|-weather|Sandstorm|[from] ability: Sand Stream|[of] p1a: Tyranitar
|move|p2a: Kyurem|Freeze-Dry|p1a: Tyranitar
|-damage|p1a: Tyranitar|0 fnt
|faint|p1a: Tyranitar
|
|-weather|Sandstorm|[upkeep]
|-damage|p2a: Kyurem|37/100|[from] Sandstorm
|upkeep
|
|t:|1760449534
|switch|p1a: Clefable|Clefable, F|100/100
|turn|61
|
|t:|1760449543
|switch|p2a: Corviknight|Corviknight, F|63/100
|-damage|p2a: Corviknight|51/100|[from] Stealth Rock
|-ability|p2a: Corviknight|Pressure
|move|p1a: Clefable|Knock Off|p2a: Corviknight
|-damage|p2a: Corviknight|42/100
|-enditem|p2a: Corviknight|Rocky Helmet|[from] move: Knock Off|[of] p1a: Clefable
|
|-weather|Sandstorm|[upkeep]
|upkeep
|turn|62
|
|t:|1760449551
|move|p2a: Corviknight|Roost|p2a: Corviknight
|-heal|p2a: Corviknight|92/100
|-singleturn|p2a: Corviknight|move: Roost
|move|p1a: Clefable|Wish|p1a: Clefable
|
|-weather|Sandstorm|[upkeep]
|upkeep
|turn|63
|
|t:|1760449554
|switch|p1a: Skarmory|Skarmory, M|43/100
|move|p2a: Corviknight|Defog|p1a: Skarmory
|-unboost|p1a: Skarmory|evasion|1
|-sideend|p2: Egoist N1 fan|Stealth Rock|[from] move: Defog|[of] p2a: Corviknight
|
|-weather|Sandstorm|[upkeep]
|-heal|p1a: Skarmory|100/100|[from] move: Wish|[wisher] Clefable
|upkeep
|turn|64
|
|t:|1760449562
|move|p1a: Skarmory|Iron Defense|p1a: Skarmory
|-boost|p1a: Skarmory|def|2
|move|p2a: Corviknight|U-turn|p1a: Skarmory
|-resisted|p1a: Skarmory
|-damage|p1a: Skarmory|99/100
|l| Forever1507
|
|t:|1760449566
|switch|p2a: Okidogi|Okidogi, M|46/100|[from] U-turn
|
|-weather|none
|-heal|p2a: Okidogi|52/100|[from] item: Leftovers
|upkeep
|turn|65
|
|t:|1760449569
|move|p2a: Okidogi|Bulk Up|p2a: Okidogi
|-boost|p2a: Okidogi|atk|1
|-boost|p2a: Okidogi|def|1
|move|p1a: Skarmory|Body Press|p2a: Okidogi
|-resisted|p2a: Okidogi
|-damage|p2a: Okidogi|35/100
|
|-heal|p2a: Okidogi|41/100|[from] item: Leftovers
|upkeep
|turn|66
|
|t:|1760449572
|switch|p1a: Clodsire|Clodsire, M|94/100
|move|p2a: Okidogi|Drain Punch|p1a: Clodsire
|-resisted|p1a: Clodsire
|-damage|p1a: Clodsire|83/100
|-heal|p2a: Okidogi|49/100|[from] drain|[of] p1a: Clodsire
|
|-heal|p2a: Okidogi|55/100|[from] item: Leftovers
|upkeep
|turn|67
|
|t:|1760449577
|switch|p2a: Corviknight|Corviknight, F|92/100
|-ability|p2a: Corviknight|Pressure
|move|p1a: Clodsire|Toxic|p2a: Corviknight
|-immune|p2a: Corviknight
|
|upkeep
|turn|68
|
|t:|1760449580
|move|p2a: Corviknight|Brave Bird|p1a: Clodsire
|-damage|p1a: Clodsire|56/100
|-damage|p2a: Corviknight|82/100|[from] Recoil
|move|p1a: Clodsire|Rock Tomb|p2a: Corviknight
|-damage|p2a: Corviknight|75/100
|-unboost|p2a: Corviknight|spe|1
|
|upkeep
|turn|69
|
|t:|1760449583
|move|p2a: Corviknight|U-turn|p1a: Clodsire
|-resisted|p1a: Clodsire
|-damage|p1a: Clodsire|50/100
|
|t:|1760449587
|switch|p2a: Ting-Lu|Ting-Lu|56/100|[from] U-turn
|-ability|p2a: Ting-Lu|Vessel of Ruin
|move|p1a: Clodsire|Recover|p1a: Clodsire
|-heal|p1a: Clodsire|99/100
|
|upkeep
|turn|70
|
|t:|1760449590
|move|p2a: Ting-Lu|Earthquake|p1a: Clodsire
|-supereffective|p1a: Clodsire
|-damage|p1a: Clodsire|41/100
|move|p1a: Clodsire|Toxic|p2a: Ting-Lu
|-status|p2a: Ting-Lu|tox
|
|-damage|p2a: Ting-Lu|49/100 tox|[from] psn
|upkeep
|turn|71
|
|t:|1760449597
|switch|p1a: Alomomola|Alomomola, F, shiny|62/100
|move|p2a: Ting-Lu|Stealth Rock|p1a: Alomomola
|-sidestart|p1: SillyScallop|move: Stealth Rock
|
|-damage|p2a: Ting-Lu|37/100 tox|[from] psn
|upkeep
|turn|72
|
|t:|1760449603
|switch|p2a: Ogerpon|Ogerpon-Wellspring, F|65/100
|move|p1a: Alomomola|Wish|p1a: Alomomola
|
|upkeep
|turn|73
|l|☆Egoist N1 fan
|inactive|Egoist N1 fan disconnected and has a minute to reconnect!
|player|p2|
|j|☆Egoist N1 fan
|inactive|Egoist N1 fan reconnected and has 115 seconds left.
|player|p2|Egoist N1 fan|psychicf-gen3rs|
|
|t:|1760449642
|switch|p1a: Hydrapple|Hydrapple, M|78/100
|-damage|p1a: Hydrapple|65/100|[from] Stealth Rock
|move|p2a: Ogerpon|Ivy Cudgel|p1a: Hydrapple|[anim] Ivy Cudgel Water
|-resisted|p1a: Hydrapple
|-damage|p1a: Hydrapple|57/100
|
|-heal|p1a: Hydrapple|100/100|[from] move: Wish|[wisher] Alomomola
|upkeep
|turn|74
|
|t:|1760449652
|move|p2a: Ogerpon|U-turn|p1a: Hydrapple
|-supereffective|p1a: Hydrapple
|-damage|p1a: Hydrapple|68/100
|
|t:|1760449655
|switch|p2a: Corviknight|Corviknight, F|75/100|[from] U-turn
|-ability|p2a: Corviknight|Pressure
|move|p1a: Hydrapple|Nasty Plot|p1a: Hydrapple
|-boost|p1a: Hydrapple|spa|2
|
|upkeep
|turn|75
|
|t:|1760449661
|-terastallize|p1a: Hydrapple|Steel
|move|p2a: Corviknight|U-turn|p1a: Hydrapple
|-resisted|p1a: Hydrapple
|-damage|p1a: Hydrapple|64/100
|
|t:|1760449677
|switch|p2a: Kingambit|Kingambit, M|57/100|[from] U-turn
|move|p1a: Hydrapple|Fickle Beam|p2a: Kingambit|[anim] Fickle Beam All Out
|-activate|p1a: Hydrapple|move: Fickle Beam
|-resisted|p2a: Kingambit
|-damage|p2a: Kingambit|0 fnt
|faint|p2a: Kingambit
|-end|p2a: Kingambit|fallenundefined|[silent]
|
|upkeep
|
|t:|1760449683
|switch|p2a: Okidogi|Okidogi, M|55/100
|turn|76
|
|t:|1760449692
|move|p2a: Okidogi|Drain Punch|p1a: Hydrapple
|-supereffective|p1a: Hydrapple
|-damage|p1a: Hydrapple|26/100
|-heal|p2a: Okidogi|75/100|[from] drain|[of] p1a: Hydrapple
|move|p1a: Hydrapple|Earth Power|p2a: Okidogi
|-supereffective|p2a: Okidogi
|-damage|p2a: Okidogi|1/100
|
|-heal|p2a: Okidogi|7/100|[from] item: Leftovers
|upkeep
|turn|77
|
|t:|1760449700
|switch|p1a: Clodsire|Clodsire, M|41/100
|-damage|p1a: Clodsire|35/100|[from] Stealth Rock
|move|p2a: Okidogi|Drain Punch|p1a: Clodsire
|-resisted|p1a: Clodsire
|-damage|p1a: Clodsire|22/100
|-heal|p2a: Okidogi|15/100|[from] drain|[of] p1a: Clodsire
|
|-heal|p2a: Okidogi|21/100|[from] item: Leftovers
|upkeep
|turn|78
|
|t:|1760449706
|switch|p2a: Corviknight|Corviknight, F|75/100
|-ability|p2a: Corviknight|Pressure
|move|p1a: Clodsire|Recover|p1a: Clodsire
|-heal|p1a: Clodsire|72/100
|
|upkeep
|turn|79
|
|t:|1760449722
|move|p2a: Corviknight|U-turn|p1a: Clodsire
|-resisted|p1a: Clodsire
|-damage|p1a: Clodsire|66/100
|
|t:|1760449724
|switch|p2a: Ting-Lu|Ting-Lu|37/100 tox|[from] U-turn
|-ability|p2a: Ting-Lu|Vessel of Ruin
|move|p1a: Clodsire|Toxic|p2a: Ting-Lu
|-fail|p2a: Ting-Lu|tox
|
|-damage|p2a: Ting-Lu|31/100 tox|[from] psn
|upkeep
|turn|80
|
|t:|1760449733
|switch|p1a: Alomomola|Alomomola, F, shiny|96/100
|move|p2a: Ting-Lu|Ruination|p1a: Alomomola|[miss]
|-miss|p2a: Ting-Lu|p1a: Alomomola
|
|-damage|p2a: Ting-Lu|18/100 tox|[from] psn
|upkeep
|turn|81
|
|t:|1760449741
|switch|p2a: Ogerpon|Ogerpon-Wellspring, F|65/100
|move|p1a: Alomomola|Flip Turn|p2a: Ogerpon
|-heal|p2a: Ogerpon|90/100|[from] ability: Water Absorb|[of] p1a: Alomomola
|
|upkeep
|turn|82
|
|t:|1760449761
|move|p1a: Alomomola|Protect|p1a: Alomomola
|-singleturn|p1a: Alomomola|Protect
|move|p2a: Ogerpon|Horn Leech|p1a: Alomomola
|-activate|p1a: Alomomola|move: Protect
|
|upkeep
|turn|83
|
|t:|1760449768
|switch|p1a: Hydrapple|Hydrapple, M, tera:Steel|59/100
|-damage|p1a: Hydrapple|53/100|[from] Stealth Rock
|move|p2a: Ogerpon|Ivy Cudgel|p1a: Hydrapple|[anim] Ivy Cudgel Water
|-damage|p1a: Hydrapple|19/100
|
|upkeep
|turn|84
|
|t:|1760449778
|switch|p1a: Skarmory|Skarmory, M|99/100
|-damage|p1a: Skarmory|87/100|[from] Stealth Rock
|move|p2a: Ogerpon|Ivy Cudgel|p1a: Skarmory|[anim] Ivy Cudgel Water
|-damage|p1a: Skarmory|51/100
|
|upkeep
|turn|85
|
|t:|1760449782
|move|p2a: Ogerpon|Ivy Cudgel|p1a: Skarmory|[anim] Ivy Cudgel Water
|-damage|p1a: Skarmory|15/100
|move|p1a: Skarmory|Roost|p1a: Skarmory
|-heal|p1a: Skarmory|65/100
|-singleturn|p1a: Skarmory|move: Roost
|
|upkeep
|turn|86
|
|t:|1760449786
|move|p2a: Ogerpon|Ivy Cudgel|p1a: Skarmory|[anim] Ivy Cudgel Water
|-damage|p1a: Skarmory|32/100
|move|p1a: Skarmory|Roost|p1a: Skarmory
|-heal|p1a: Skarmory|82/100
|-singleturn|p1a: Skarmory|move: Roost
|
|upkeep
|turn|87
|
|t:|1760449790
|move|p2a: Ogerpon|Ivy Cudgel|p1a: Skarmory|[anim] Ivy Cudgel Water
|-damage|p1a: Skarmory|45/100
|move|p1a: Skarmory|Iron Defense|p1a: Skarmory
|-boost|p1a: Skarmory|def|2
|
|upkeep
|turn|88
|
|t:|1760449792
|switch|p2a: Corviknight|Corviknight, F|75/100
|-ability|p2a: Corviknight|Pressure
|move|p1a: Skarmory|Roost|p1a: Skarmory
|-heal|p1a: Skarmory|95/100
|-singleturn|p1a: Skarmory|move: Roost
|
|upkeep
|turn|89
|
|t:|1760449797
|move|p1a: Skarmory|Body Press|p2a: Corviknight
|-damage|p2a: Corviknight|41/100
|move|p2a: Corviknight|U-turn|p1a: Skarmory
|-resisted|p1a: Skarmory
|-damage|p1a: Skarmory|94/100
|
|t:|1760449802
|switch|p2a: Okidogi|Okidogi, M|21/100|[from] U-turn
|
|-heal|p2a: Okidogi|27/100|[from] item: Leftovers
|upkeep
|turn|90
|
|t:|1760449804
|move|p2a: Okidogi|Bulk Up|p2a: Okidogi
|-boost|p2a: Okidogi|atk|1
|-boost|p2a: Okidogi|def|1
|move|p1a: Skarmory|Body Press|p2a: Okidogi
|-resisted|p2a: Okidogi
|-damage|p2a: Okidogi|12/100
|
|-heal|p2a: Okidogi|18/100|[from] item: Leftovers
|upkeep
|turn|91
|
|t:|1760449808
|move|p2a: Okidogi|Drain Punch|p1a: Skarmory
|-damage|p1a: Skarmory|78/100
|-heal|p2a: Okidogi|25/100|[from] drain|[of] p1a: Skarmory
|move|p1a: Skarmory|Spikes|p2a: Okidogi
|-sidestart|p2: Egoist N1 fan|Spikes
|
|-heal|p2a: Okidogi|31/100|[from] item: Leftovers
|upkeep
|turn|92
|
|t:|1760449813
|switch|p1a: Clodsire|Clodsire, M|66/100
|-damage|p1a: Clodsire|60/100|[from] Stealth Rock
|move|p2a: Okidogi|Drain Punch|p1a: Clodsire
|-resisted|p1a: Clodsire
|-crit|p1a: Clodsire
|-damage|p1a: Clodsire|40/100
|-heal|p2a: Okidogi|44/100|[from] drain|[of] p1a: Clodsire
|
|-heal|p2a: Okidogi|50/100|[from] item: Leftovers
|upkeep
|turn|93
|
|t:|1760449818
|switch|p2a: Corviknight|Corviknight, F|41/100
|-ability|p2a: Corviknight|Pressure
|move|p1a: Clodsire|Recover|p1a: Clodsire
|-heal|p1a: Clodsire|90/100
|
|upkeep
|turn|94
|
|t:|1760449822
|move|p2a: Corviknight|Roost|p2a: Corviknight
|-heal|p2a: Corviknight|91/100
|-singleturn|p2a: Corviknight|move: Roost
|move|p1a: Clodsire|Rock Tomb|p2a: Corviknight
|-resisted|p2a: Corviknight
|-damage|p2a: Corviknight|88/100
|-unboost|p2a: Corviknight|spe|1
|
|upkeep
|turn|95
|
|t:|1760449828
|switch|p1a: Hydrapple|Hydrapple, M, tera:Steel|52/100
|-damage|p1a: Hydrapple|46/100|[from] Stealth Rock
|move|p2a: Corviknight|Brave Bird|p1a: Hydrapple
|-resisted|p1a: Hydrapple
|-damage|p1a: Hydrapple|35/100
|-damage|p2a: Corviknight|84/100|[from] Recoil
|
|upkeep
|turn|96
|
|t:|1760449835
|move|p1a: Hydrapple|Fickle Beam|p2a: Corviknight
|-resisted|p2a: Corviknight
|-damage|p2a: Corviknight|66/100
|move|p2a: Corviknight|U-turn|p1a: Hydrapple
|-resisted|p1a: Hydrapple
|-damage|p1a: Hydrapple|31/100
|
|t:|1760449838
|switch|p2a: Ogerpon|Ogerpon-Wellspring, F|90/100|[from] U-turn
|-damage|p2a: Ogerpon|78/100|[from] Spikes
|
|upkeep
|turn|97
|
|t:|1760449844
|switch|p1a: Alomomola|Alomomola, F, shiny|100/100
|move|p2a: Ogerpon|Ivy Cudgel|p1a: Alomomola|[anim] Ivy Cudgel Water
|-resisted|p1a: Alomomola
|-damage|p1a: Alomomola|84/100
|
|upkeep
|turn|98
|
|t:|1760449847
|switch|p1a: Clefable|Clefable, F|100/100
|move|p2a: Ogerpon|Horn Leech|p1a: Clefable
|-damage|p1a: Clefable|69/100
|-heal|p2a: Ogerpon|99/100|[from] drain|[of] p1a: Clefable
|
|upkeep
|turn|99
|
|t:|1760449853
|move|p2a: Ogerpon|Knock Off|p1a: Clefable
|-resisted|p1a: Clefable
|-damage|p1a: Clefable|60/100
|move|p1a: Clefable|Wish|p1a: Clefable
|
|upkeep
|turn|100
|
|t:|1760449860
|move|p2a: Ogerpon|Ivy Cudgel|p1a: Clefable|[anim] Ivy Cudgel Water
|-damage|p1a: Clefable|15/100
|move|p1a: Clefable|Moonblast|p2a: Ogerpon
|-damage|p2a: Ogerpon|65/100
|
|-heal|p1a: Clefable|65/100|[from] move: Wish|[wisher] Clefable
|upkeep
|turn|101
|
|t:|1760449864
|move|p2a: Ogerpon|Ivy Cudgel|p1a: Clefable|[anim] Ivy Cudgel Water
|-damage|p1a: Clefable|16/100
|move|p1a: Clefable|Wish|p1a: Clefable
|
|upkeep
|turn|102
|
|t:|1760449868
|move|p1a: Clefable|Protect|p1a: Clefable
|-singleturn|p1a: Clefable|Protect
|move|p2a: Ogerpon|Horn Leech|p1a: Clefable
|-activate|p1a: Clefable|move: Protect
|
|-heal|p1a: Clefable|66/100|[from] move: Wish|[wisher] Clefable
|upkeep
|turn|103
|
|t:|1760449871
|move|p2a: Ogerpon|Horn Leech|p1a: Clefable
|-damage|p1a: Clefable|32/100
|-heal|p2a: Ogerpon|87/100|[from] drain|[of] p1a: Clefable
|move|p1a: Clefable|Wish|p1a: Clefable
|
|upkeep
|turn|104
|
|t:|1760449875
|move|p1a: Clefable|Protect|p1a: Clefable
|-singleturn|p1a: Clefable|Protect
|move|p2a: Ogerpon|Horn Leech|p1a: Clefable
|-activate|p1a: Clefable|move: Protect
|
|-heal|p1a: Clefable|82/100|[from] move: Wish|[wisher] Clefable
|upkeep
|turn|105
|
|t:|1760449880
|move|p2a: Ogerpon|Horn Leech|p1a: Clefable
|-damage|p1a: Clefable|46/100
|-heal|p2a: Ogerpon|100/100|[from] drain|[of] p1a: Clefable
|move|p1a: Clefable|Wish|p1a: Clefable
|
|upkeep
|turn|106
|
|t:|1760449890
|move|p1a: Clefable|Protect|p1a: Clefable
|-singleturn|p1a: Clefable|Protect
|move|p2a: Ogerpon|Knock Off|p1a: Clefable
|-activate|p1a: Clefable|move: Protect
|
|-heal|p1a: Clefable|96/100|[from] move: Wish|[wisher] Clefable
|upkeep
|turn|107
|
|t:|1760449907
|switch|p1a: Hydrapple|Hydrapple, M, tera:Steel|64/100
|-damage|p1a: Hydrapple|58/100|[from] Stealth Rock
|move|p2a: Ogerpon|Horn Leech|p1a: Hydrapple
|-resisted|p1a: Hydrapple
|-damage|p1a: Hydrapple|45/100
|
|upkeep
|turn|108
|
|t:|1760449911
|move|p2a: Ogerpon|Knock Off|p1a: Hydrapple
|-damage|p1a: Hydrapple|31/100
|move|p1a: Hydrapple|Giga Drain|p2a: Ogerpon
|-damage|p2a: Ogerpon|59/100
|-heal|p1a: Hydrapple|46/100|[from] drain|[of] p2a: Ogerpon
|
|upkeep
|turn|109
|
|t:|1760449916
|move|p2a: Ogerpon|U-turn|p1a: Hydrapple
|-resisted|p1a: Hydrapple
|-damage|p1a: Hydrapple|38/100
|
|t:|1760449919
|switch|p2a: Ting-Lu|Ting-Lu|18/100 tox|[from] U-turn
|-damage|p2a: Ting-Lu|6/100 tox|[from] Spikes
|-ability|p2a: Ting-Lu|Vessel of Ruin
|move|p1a: Hydrapple|Giga Drain|p2a: Ting-Lu
|-supereffective|p2a: Ting-Lu
|-damage|p2a: Ting-Lu|0 fnt
|-heal|p1a: Hydrapple|41/100|[from] drain|[of] p2a: Ting-Lu
|faint|p2a: Ting-Lu
|
|upkeep
|
|t:|1760449920
|switch|p2a: Okidogi|Okidogi, M|50/100
|-damage|p2a: Okidogi|38/100|[from] Spikes
|turn|110
|
|t:|1760449931
|switch|p2a: Kyurem|Kyurem|37/100
|-damage|p2a: Kyurem|25/100|[from] Spikes
|-ability|p2a: Kyurem|Pressure
|move|p1a: Hydrapple|Earth Power|p2a: Kyurem
|-damage|p2a: Kyurem|0 fnt
|faint|p2a: Kyurem
|
|upkeep
|
|t:|1760449933
|switch|p2a: Ogerpon|Ogerpon-Wellspring, F|59/100
|-damage|p2a: Ogerpon|47/100|[from] Spikes
|turn|111
|
|t:|1760449938
|-terastallize|p2a: Ogerpon|Water
|detailschange|p2a: Ogerpon|Ogerpon-Wellspring-Tera, F, tera:Water
|-ability|p2a: Ogerpon|Embody Aspect (Wellspring)|boost
|-boost|p2a: Ogerpon|spd|1
|move|p2a: Ogerpon|Ivy Cudgel|p1a: Hydrapple|[anim] Ivy Cudgel Water
|-damage|p1a: Hydrapple|0 fnt
|faint|p1a: Hydrapple
|
|upkeep
|
|t:|1760449950
|switch|p1a: Clefable|Clefable, F|96/100
|turn|112
|
|t:|1760449954
|move|p2a: Ogerpon|Horn Leech|p1a: Clefable
|-damage|p1a: Clefable|65/100
|-heal|p2a: Ogerpon|68/100|[from] drain|[of] p1a: Clefable
|move|p1a: Clefable|Moonblast|p2a: Ogerpon
|-damage|p2a: Ogerpon|45/100
|
|upkeep
|turn|113
|c|☆SillyScallop|gg
|-message|SillyScallop forfeited.
|
|win|Egoist N1 fan
|raw|SillyScallop's rating: 1645 &rarr; <strong>1628</strong><br />(-17 for losing)
|raw|Egoist N1 fan's rating: 1696 &rarr; <strong>1713</strong><br />(+17 for winning)
|l|☆SillyScallop
|player|p1|
|l|☆Egoist N1 fan
|player|p2|
