|j|☆kurobots
|j|☆eros maniac
|t:|1760450836
|gametype|singles
|player|p1|kurobots|ghetsis-gen5bw|1707
|player|p2|eros maniac|hilbert-wonderlauncher|1785
|gen|9
|tier|[Gen 9] OU
|rated|
|rule|HP Percentage Mod: HP is shown in percentages
|rule|Endless Battle Clause: Forcing endless battles is banned
|rule|Species Clause: Limit one of each Pokémon
|rule|OHKO Clause: OHKO moves are banned
|rule|Evasion Items Clause: Evasion items are banned
|rule|Evasion Moves Clause: Evasion moves are banned
|rule|Evasion Abilities Clause: Evasion abilities are banned
|rule|Sleep Moves Clause: Sleep-inducing moves are banned
|clearpoke
|poke|p1|Skeledirge, M|
|poke|p1|Ogerpon-Wellspring, F|
|poke|p1|Dragapult, F|
|poke|p1|Weezing-Galar, M|
|poke|p1|Ting-Lu|
|poke|p1|Corviknight, M|
|poke|p2|Frosmoth, F|
|poke|p2|Maushold-Four|
|poke|p2|Krookodile, F|
|poke|p2|Sinistcha|
|poke|p2|Alomomola, F|
|poke|p2|Weezing-Galar, F|
|teampreview
|inactive|Battle timer is ON: inactive players will automatically lose when time's up. (requested by eros maniac)
|j| 3idk
|j| mamay07
|
|t:|1760450865
|teamsize|p1|6
|teamsize|p2|6
|start
|switch|p1a: Ogerpon|Ogerpon-Wellspring, F|100/100
|switch|p2a: Sinistcha|Sinistcha, shiny|100/100
|turn|1
|
|t:|1760450872
|move|p1a: Ogerpon|Knock Off|p2a: Sinistcha
|-supereffective|p2a: Sinistcha
|-enditem|p2a: Sinistcha|Colbur Berry|[eat]
|-enditem|p2a: Sinistcha|Colbur Berry|[weaken]
|-damage|p2a: Sinistcha|77/100
|move|p2a: Sinistcha|Shadow Ball|p1a: Ogerpon
|-damage|p1a: Ogerpon|66/100
|
|upkeep
|turn|2
|
|t:|1760450878
|move|p1a: Ogerpon|Spikes|p2a: Sinistcha
|-sidestart|p2: eros maniac|Spikes
|move|p2a: Sinistcha|Strength Sap|p1a: Ogerpon
|-unboost|p1a: Ogerpon|atk|1
|-heal|p2a: Sinistcha|100/100
|
|upkeep
|turn|3
|l| mamay07
|
|t:|1760450887
|switch|p1a: Ting-Lu|Ting-Lu, shiny|100/100
|-ability|p1a: Ting-Lu|Vessel of Ruin
|move|p2a: Sinistcha|Shadow Ball|p1a: Ting-Lu
|-resisted|p1a: Ting-Lu
|-damage|p1a: Ting-Lu|94/100
|-unboost|p1a: Ting-Lu|spd|1
|
|-heal|p1a: Ting-Lu|100/100|[from] item: Leftovers
|upkeep
|turn|4
|
|t:|1760450890
|move|p2a: Sinistcha|Matcha Gotcha|p1a: Ting-Lu
|-supereffective|p1a: Ting-Lu
|-damage|p1a: Ting-Lu|58/100
|-status|p1a: Ting-Lu|brn
|move|p1a: Ting-Lu|Throat Chop|p2a: Sinistcha
|-supereffective|p2a: Sinistcha
|-damage|p2a: Sinistcha|79/100
|-start|p2a: Sinistcha|Throat Chop|[silent]
|
|-heal|p1a: Ting-Lu|64/100 brn|[from] item: Leftovers
|-damage|p1a: Ting-Lu|58/100 brn|[from] brn
|upkeep
|turn|5
|
|t:|1760450898
|switch|p1a: Dragapult|Dragapult, F|100/100
|move|p2a: Sinistcha|Matcha Gotcha|p1a: Dragapult
|-resisted|p1a: Dragapult
|-damage|p1a: Dragapult|77/100
|-heal|p2a: Sinistcha|89/100|[from] drain|[of] p1a: Dragapult
|-status|p1a: Dragapult|brn
|
|-damage|p1a: Dragapult|71/100 brn|[from] brn
|-end|p2a: Sinistcha|Throat Chop|[silent]
|upkeep
|turn|6
|j| shrek5baby
|
|t:|1760450901
|switch|p2a: Weezing|Weezing-Galar, F|100/100
|-ability|p2a: Weezing|Neutralizing Gas
|-damage|p2a: Weezing|88/100|[from] Spikes
|move|p1a: Dragapult|Shadow Ball|p2a: Weezing
|-damage|p2a: Weezing|12/100
|
|-damage|p1a: Dragapult|65/100 brn|[from] brn
|upkeep
|turn|7
|
|t:|1760450906
|-end|p2a: Weezing|ability: Neutralizing Gas
|switch|p2a: Maushold|Maushold-Four|100/100
|-damage|p2a: Maushold|88/100|[from] Spikes
|move|p1a: Dragapult|Shadow Ball|p2a: Maushold
|-immune|p2a: Maushold
|
|-damage|p1a: Dragapult|59/100 brn|[from] brn
|upkeep
|turn|8
|
|t:|1760450917
|switch|p1a: Skeledirge|Skeledirge, M|100/100
|move|p2a: Maushold|Beat Up|p1a: Skeledirge
|-supereffective|p1a: Skeledirge
|-damage|p1a: Skeledirge|93/100
|-supereffective|p1a: Skeledirge
|-damage|p1a: Skeledirge|83/100
|-supereffective|p1a: Skeledirge
|-damage|p1a: Skeledirge|74/100
|-supereffective|p1a: Skeledirge
|-damage|p1a: Skeledirge|66/100
|-supereffective|p1a: Skeledirge
|-damage|p1a: Skeledirge|59/100
|-supereffective|p1a: Skeledirge
|-crit|p1a: Skeledirge
|-damage|p1a: Skeledirge|47/100
|-hitcount|p1a: Skeledirge|6
|
|upkeep
|turn|9
|
|t:|1760450924
|switch|p1a: Corviknight|Corviknight, M|100/100
|-ability|p1a: Corviknight|Pressure
|move|p2a: Maushold|Beat Up|p1a: Corviknight
|-damage|p1a: Corviknight|98/100
|-damage|p1a: Corviknight|95/100
|-damage|p1a: Corviknight|91/100
|-damage|p1a: Corviknight|89/100
|-damage|p1a: Corviknight|86/100
|-damage|p1a: Corviknight|84/100
|-hitcount|p1a: Corviknight|6
|
|upkeep
|turn|10
|
|t:|1760450932
|switch|p2a: Alomomola|Alomomola, F, shiny|100/100
|-damage|p2a: Alomomola|88/100|[from] Spikes
|move|p1a: Corviknight|Body Press|p2a: Alomomola
|-crit|p2a: Alomomola
|-damage|p2a: Alomomola|65/100
|-damage|p1a: Corviknight|67/100|[from] item: Rocky Helmet|[of] p2a: Alomomola
|
|upkeep
|turn|11
|
|t:|1760450935
|move|p1a: Corviknight|U-turn|p2a: Alomomola
|-damage|p2a: Alomomola|56/100
|-damage|p1a: Corviknight|51/100|[from] item: Rocky Helmet|[of] p2a: Alomomola
|
|t:|1760450942
|switch|p1a: Ogerpon|Ogerpon-Wellspring, F|66/100|[from] U-turn
|move|p2a: Alomomola|Wish|p2a: Alomomola
|
|upkeep
|turn|12
|
|t:|1760450950
|switch|p2a: Sinistcha|Sinistcha, shiny|89/100
|-damage|p2a: Sinistcha|77/100|[from] Spikes
|move|p1a: Ogerpon|Knock Off|p2a: Sinistcha
|-supereffective|p2a: Sinistcha
|-crit|p2a: Sinistcha
|-damage|p2a: Sinistcha|26/100
|
|-heal|p2a: Sinistcha|100/100|[from] move: Wish|[wisher] Alomomola
|upkeep
|turn|13
|
|t:|1760450957
|switch|p1a: Dragapult|Dragapult, F|59/100 brn
|move|p2a: Sinistcha|Calm Mind|p2a: Sinistcha
|-boost|p2a: Sinistcha|spa|1
|-boost|p2a: Sinistcha|spd|1
|
|-damage|p1a: Dragapult|53/100 brn|[from] brn
|upkeep
|turn|14
|
|t:|1760450964
|switch|p2a: Frosmoth|Frosmoth, F, shiny|100/100
|-damage|p2a: Frosmoth|88/100|[from] Spikes
|move|p1a: Dragapult|U-turn|p2a: Frosmoth
|-damage|p2a: Frosmoth|75/100
|
|t:|1760450973
|switch|p1a: Ogerpon|Ogerpon-Wellspring, F|66/100|[from] U-turn
|
|-heal|p2a: Frosmoth|81/100|[from] item: Leftovers
|upkeep
|turn|15
|
|t:|1760450976
|switch|p2a: Weezing|Weezing-Galar, F|12/100
|-ability|p2a: Weezing|Neutralizing Gas
|-damage|p2a: Weezing|0 fnt|[from] Spikes
|faint|p2a: Weezing
|-end|p2a: Weezing|ability: Neutralizing Gas
|move|p1a: Ogerpon|Ivy Cudgel|p2: Weezing|[notarget]
|-fail|p1a: Ogerpon
|
|upkeep
|
|t:|1760450980
|switch|p2a: Maushold|Maushold-Four|88/100
|-damage|p2a: Maushold|76/100|[from] Spikes
|turn|16
|
|t:|1760450996
|switch|p1a: Corviknight|Corviknight, M|51/100
|-ability|p1a: Corviknight|Pressure
|move|p2a: Maushold|Tidy Up|p2a: Maushold
|-sideend|p2: eros maniac|Spikes
|-activate|p2a: Maushold|move: Tidy Up
|-boost|p2a: Maushold|atk|1
|-boost|p2a: Maushold|spe|1
|
|upkeep
|turn|17
|
|t:|1760451000
|move|p2a: Maushold|Population Bomb|p1a: Corviknight
|-resisted|p1a: Corviknight
|-damage|p1a: Corviknight|46/100
|-damage|p2a: Maushold|59/100|[from] item: Rocky Helmet|[of] p1a: Corviknight
|-resisted|p1a: Corviknight
|-damage|p1a: Corviknight|40/100
|-damage|p2a: Maushold|43/100|[from] item: Rocky Helmet|[of] p1a: Corviknight
|-resisted|p1a: Corviknight
|-damage|p1a: Corviknight|36/100
|-damage|p2a: Maushold|26/100|[from] item: Rocky Helmet|[of] p1a: Corviknight
|-resisted|p1a: Corviknight
|-damage|p1a: Corviknight|30/100
|-damage|p2a: Maushold|10/100|[from] item: Rocky Helmet|[of] p1a: Corviknight
|-resisted|p1a: Corviknight
|-damage|p1a: Corviknight|25/100
|-damage|p2a: Maushold|0 fnt|[from] item: Rocky Helmet|[of] p1a: Corviknight
|faint|p2a: Maushold
|-hitcount|p1a: Corviknight|5
|move|p1a: Corviknight|Iron Defense|p1a: Corviknight
|-boost|p1a: Corviknight|def|2
|
|upkeep
|
|t:|1760451008
|switch|p2a: Sinistcha|Sinistcha, shiny|100/100
|turn|18
|
|t:|1760451010
|move|p2a: Sinistcha|Shadow Ball|p1a: Corviknight
|-damage|p1a: Corviknight|0 fnt
|faint|p1a: Corviknight
|
|upkeep
|
|t:|1760451022
|switch|p1a: Weezing|Weezing-Galar, M|100/100
|-ability|p1a: Weezing|Neutralizing Gas
|turn|19
|
|t:|1760451028
|switch|p2a: Alomomola|Alomomola, F, shiny|89/100
|move|p1a: Weezing|Will-O-Wisp|p2a: Alomomola|[miss]
|-miss|p1a: Weezing|p2a: Alomomola
|
|upkeep
|turn|20
|
|t:|1760451037
|switch|p2a: Frosmoth|Frosmoth, F, shiny|81/100
|move|p1a: Weezing|Will-O-Wisp|p2a: Frosmoth
|-status|p2a: Frosmoth|brn
|
|-heal|p2a: Frosmoth|87/100 brn|[from] item: Leftovers
|-damage|p2a: Frosmoth|81/100 brn|[from] brn
|upkeep
|turn|21
|
|t:|1760451044
|-end|p1a: Weezing|ability: Neutralizing Gas
|switch|p1a: Skeledirge|Skeledirge, M|47/100
|move|p2a: Frosmoth|Ice Beam|p1a: Skeledirge
|-resisted|p1a: Skeledirge
|-damage|p1a: Skeledirge|34/100
|
|-heal|p2a: Frosmoth|87/100 brn|[from] item: Leftovers
|-damage|p2a: Frosmoth|81/100 brn|[from] brn
|upkeep
|turn|22
|
|t:|1760451048
|switch|p2a: Krookodile|Krookodile, F|100/100
|-ability|p2a: Krookodile|Intimidate|boost
|-unboost|p1a: Skeledirge|atk|1
|move|p1a: Skeledirge|Slack Off|p1a: Skeledirge
|-heal|p1a: Skeledirge|84/100
|
|upkeep
|turn|23
|
|t:|1760451054
|switch|p1a: Ogerpon|Ogerpon-Wellspring, F|66/100
|move|p2a: Krookodile|Knock Off|p1a: Ogerpon
|-damage|p1a: Ogerpon|12/100
|
|upkeep
|turn|24
|
|t:|1760451065
|switch|p2a: Alomomola|Alomomola, F, shiny|89/100
|move|p1a: Ogerpon|Spikes|p2a: Alomomola
|-sidestart|p2: eros maniac|Spikes
|
|upkeep
|turn|25
|j| Pikmin 13
|
|t:|1760451083
|move|p1a: Ogerpon|Spikes|p2a: Alomomola
|-sidestart|p2: eros maniac|Spikes
|move|p2a: Alomomola|Wish|p2a: Alomomola
|
|upkeep
|turn|26
|
|t:|1760451091
|switch|p2a: Sinistcha|Sinistcha, shiny|100/100
|-damage|p2a: Sinistcha|84/100|[from] Spikes
|move|p1a: Ogerpon|Spikes|p2a: Sinistcha
|-sidestart|p2: eros maniac|Spikes
|
|-heal|p2a: Sinistcha|100/100|[from] move: Wish|[wisher] Alomomola
|upkeep
|turn|27
|j| bloodhound q50
|
|t:|1760451098
|switch|p1a: Skeledirge|Skeledirge, M|84/100
|move|p2a: Sinistcha|Calm Mind|p2a: Sinistcha
|-boost|p2a: Sinistcha|spa|1
|-boost|p2a: Sinistcha|spd|1
|
|upkeep
|turn|28
|
|t:|1760451101
|move|p2a: Sinistcha|Shadow Ball|p1a: Skeledirge
|-supereffective|p1a: Skeledirge
|-damage|p1a: Skeledirge|40/100
|move|p1a: Skeledirge|Torch Song|p2a: Sinistcha
|-supereffective|p2a: Sinistcha
|-damage|p2a: Sinistcha|64/100
|-boost|p1a: Skeledirge|spa|1
|
|upkeep
|turn|29
|
|t:|1760451108
|-terastallize|p1a: Skeledirge|Dark
|move|p2a: Sinistcha|Shadow Ball|p1a: Skeledirge
|-resisted|p1a: Skeledirge
|-damage|p1a: Skeledirge|29/100
|move|p1a: Skeledirge|Slack Off|p1a: Skeledirge
|-heal|p1a: Skeledirge|79/100
|
|upkeep
|turn|30
|
|t:|1760451113
|switch|p2a: Krookodile|Krookodile, F|100/100
|-damage|p2a: Krookodile|76/100|[from] Spikes
|-ability|p2a: Krookodile|Intimidate|boost
|-unboost|p1a: Skeledirge|atk|1
|move|p1a: Skeledirge|Torch Song|p2a: Krookodile
|-damage|p2a: Krookodile|21/100
|-boost|p1a: Skeledirge|spa|1
|
|upkeep
|turn|31
|
|t:|1760451119
|switch|p1a: Ting-Lu|Ting-Lu, shiny|58/100 brn
|-ability|p1a: Ting-Lu|Vessel of Ruin
|move|p2a: Krookodile|Earthquake|p1a: Ting-Lu
|-damage|p1a: Ting-Lu|12/100 brn
|
|-heal|p1a: Ting-Lu|18/100 brn|[from] item: Leftovers
|-damage|p1a: Ting-Lu|12/100 brn|[from] brn
|upkeep
|turn|32
|
|t:|1760451121
|move|p2a: Krookodile|Earthquake|p1a: Ting-Lu
|-damage|p1a: Ting-Lu|0 fnt
|faint|p1a: Ting-Lu
|
|upkeep
|
|t:|1760451128
|switch|p1a: Ogerpon|Ogerpon-Wellspring, F|12/100
|turn|33
|
|t:|1760451138
|switch|p2a: Alomomola|Alomomola, F, shiny|100/100
|-damage|p2a: Alomomola|76/100|[from] Spikes
|move|p1a: Ogerpon|Ivy Cudgel|p2a: Alomomola|[anim] Ivy Cudgel Water
|-resisted|p2a: Alomomola
|-damage|p2a: Alomomola|59/100
|
|upkeep
|turn|34
|
|t:|1760451145
|move|p1a: Ogerpon|Synthesis|p1a: Ogerpon
|-heal|p1a: Ogerpon|62/100
|move|p2a: Alomomola|Wish|p2a: Alomomola
|
|upkeep
|turn|35
|
|t:|1760451148
|switch|p1a: Dragapult|Dragapult, F|53/100 brn
|switch|p2a: Sinistcha|Sinistcha, shiny|64/100
|-damage|p2a: Sinistcha|39/100|[from] Spikes
|
|-heal|p2a: Sinistcha|100/100|[from] move: Wish|[wisher] Alomomola
|-damage|p1a: Dragapult|48/100 brn|[from] brn
|upkeep
|turn|36
|
|t:|1760451152
|switch|p2a: Frosmoth|Frosmoth, F, shiny|81/100 brn
|-damage|p2a: Frosmoth|56/100 brn|[from] Spikes
|move|p1a: Dragapult|Shadow Ball|p2a: Frosmoth
|-damage|p2a: Frosmoth|37/100 brn
|
|-heal|p2a: Frosmoth|44/100 brn|[from] item: Leftovers
|-damage|p1a: Dragapult|42/100 brn|[from] brn
|-damage|p2a: Frosmoth|37/100 brn|[from] brn
|upkeep
|turn|37
|
|t:|1760451160
|switch|p1a: Ogerpon|Ogerpon-Wellspring, F|62/100
|move|p2a: Frosmoth|Ice Beam|p1a: Ogerpon
|-damage|p1a: Ogerpon|25/100
|
|-heal|p2a: Frosmoth|44/100 brn|[from] item: Leftovers
|-damage|p2a: Frosmoth|37/100 brn|[from] brn
|upkeep
|turn|38
|
|t:|1760451164
|move|p1a: Ogerpon|Knock Off|p2a: Frosmoth
|-damage|p2a: Frosmoth|0 fnt
|-enditem|p2a: Frosmoth|Leftovers|[from] move: Knock Off|[of] p1a: Ogerpon
|faint|p2a: Frosmoth
|
|upkeep
|
|t:|1760451167
|switch|p2a: Sinistcha|Sinistcha, shiny|100/100
|-damage|p2a: Sinistcha|76/100|[from] Spikes
|turn|39
|
|t:|1760451170
|switch|p1a: Skeledirge|Skeledirge, M, tera:Dark|79/100
|move|p2a: Sinistcha|Matcha Gotcha|p1a: Skeledirge
|-damage|p1a: Skeledirge|55/100
|-heal|p2a: Sinistcha|90/100|[from] drain|[of] p1a: Skeledirge
|
|upkeep
|turn|40
|
|t:|1760451183
|switch|p2a: Alomomola|Alomomola, F, shiny|92/100
|-damage|p2a: Alomomola|68/100|[from] Spikes
|move|p1a: Skeledirge|Slack Off|p1a: Skeledirge
|-heal|p1a: Skeledirge|100/100
|
|upkeep
|turn|41
|
|t:|1760451189
|move|p1a: Skeledirge|Will-O-Wisp|p2a: Alomomola
|-status|p2a: Alomomola|brn
|move|p2a: Alomomola|Wish|p2a: Alomomola
|
|-damage|p2a: Alomomola|61/100 brn|[from] brn
|upkeep
|turn|42
|
|t:|1760451193
|move|p1a: Skeledirge|Torch Song|p2a: Alomomola
|-resisted|p2a: Alomomola
|-damage|p2a: Alomomola|48/100 brn
|-boost|p1a: Skeledirge|spa|1
|move|p2a: Alomomola|Flip Turn|p1a: Skeledirge
|-damage|p1a: Skeledirge|94/100
|
|t:|1760451196
|switch|p2a: Krookodile|Krookodile, F|21/100|[from] Flip Turn
|-damage|p2a: Krookodile|0 fnt|[from] Spikes
|faint|p2a: Krookodile
|
|upkeep
|-message|eros maniac forfeited.
|
|win|kurobots
|raw|kurobots's rating: 1707 &rarr; <strong>1731</strong><br />(+24 for winning)
|raw|eros maniac's rating: 1785 &rarr; <strong>1761</strong><br />(-24 for losing)
|l|☆eros maniac
|player|p2|
|c|☆kurobots|gg
|l|☆kurobots
|player|p1|
|l| Pikmin 13
|l| shrek5baby
|l| bloodhound q50
|l| 3idk
