|j|☆98k40a
|j|☆alvane98
|t:|1760381980
|gametype|singles
|player|p1|98k40a|brycenman|1371
|player|p2|alvane98|101|1378
|gen|9
|tier|[Gen 9] OU
|rated|
|rule|HP Percentage Mod: HP is shown in percentages
|rule|Endless Battle Clause: Forcing endless battles is banned
|rule|Species Clause: Limit one of each Pokémon
|rule|OHKO Clause: OHKO moves are banned
|rule|Evasion Items Clause: Evasion items are banned
|rule|Evasion Moves Clause: Evasion moves are banned
|rule|Evasion Abilities Clause: Evasion abilities are banned
|rule|Sleep Moves Clause: Sleep-inducing moves are banned
|clearpoke
|poke|p1|Tornadus-Therian, M|
|poke|p1|Raging Bolt|
|poke|p1|Scizor, M|
|poke|p1|Cinderace, F|
|poke|p1|Weavile, M|
|poke|p1|Enamorus, F|
|poke|p2|Garganacl, M|
|poke|p2|Hippowdon, F|
|poke|p2|Hydrapple, M|
|poke|p2|Slowking-Galar, M|
|poke|p2|Samurott-Hisui, F|
|poke|p2|Excadrill, M|
|teampreview
|inactive|Battle timer is ON: inactive players will automatically lose when time's up. (requested by alvane98)
|inactive|98k40a has 120 seconds left.
|inactive|98k40a has 90 seconds left.
|
|t:|1760382049
|teamsize|p1|6
|teamsize|p2|6
|start
|switch|p1a: Weavile|Weavile, M|100/100
|switch|p2a: Samurott|Samurott-Hisui, F|100/100
|-ability|p1a: Weavile|Pressure
|turn|1
|
|t:|1760382060
|move|p1a: Weavile|Low Kick|p2a: Samurott
|-supereffective|p2a: Samurott
|-damage|p2a: Samurott|0 fnt
|faint|p2a: Samurott
|
|upkeep
|
|t:|1760382081
|switch|p2a: Slowking|Slowking-Galar, M|100/100
|turn|2
|
|t:|1760382089
|switch|p1a: Raging Bolt|Raging Bolt|100/100
|switch|p2a: Garganacl|Garganacl, M|100/100
|
|upkeep
|turn|3
|
|t:|1760382095
|move|p1a: Raging Bolt|Thunderbolt|p2a: Garganacl
|-damage|p2a: Garganacl|40/100
|move|p2a: Garganacl|Salt Cure|p1a: Raging Bolt
|-damage|p1a: Raging Bolt|86/100
|-start|p1a: Raging Bolt|Salt Cure
|
|-heal|p2a: Garganacl|46/100|[from] item: Leftovers
|-damage|p1a: Raging Bolt|74/100|[from] Salt Cure
|upkeep
|turn|4
|
|t:|1760382108
|-end|p1a: Raging Bolt|Protosynthesis|[silent]
|switch|p1a: Weavile|Weavile, M|100/100
|-ability|p1a: Weavile|Pressure
|switch|p2a: Hippowdon|Hippowdon, F|100/100
|-weather|Sandstorm|[from] ability: Sand Stream|[of] p2a: Hippowdon
|
|-weather|Sandstorm|[upkeep]
|-damage|p1a: Weavile|94/100|[from] Sandstorm
|upkeep
|turn|5
|
|t:|1760382131
|move|p1a: Weavile|Triple Axel|p2a: Hippowdon
|-supereffective|p2a: Hippowdon
|-damage|p2a: Hippowdon|83/100
|-damage|p1a: Weavile|78/100|[from] item: Rocky Helmet|[of] p2a: Hippowdon
|-hitcount|p2a: Hippowdon|1
|move|p2a: Hippowdon|Body Press|p1a: Weavile
|-supereffective|p1a: Weavile
|-damage|p1a: Weavile|0 fnt
|faint|p1a: Weavile
|
|-weather|Sandstorm|[upkeep]
|upkeep
|
|t:|1760382141
|switch|p1a: Tornadus|Tornadus-Therian, M|100/100
|turn|6
|
|t:|1760382152
|switch|p2a: Slowking|Slowking-Galar, M|100/100
|move|p1a: Tornadus|Bleakwind Storm|p2a: Slowking|[miss]
|-miss|p1a: Tornadus|p2a: Slowking
|
|-weather|Sandstorm|[upkeep]
|-damage|p1a: Tornadus|94/100|[from] Sandstorm
|-damage|p2a: Slowking|94/100|[from] Sandstorm
|upkeep
|turn|7
|
|t:|1760382158
|move|p1a: Tornadus|Bleakwind Storm|p2a: Slowking
|-damage|p2a: Slowking|57/100
|move|p2a: Slowking|Whirlpool|p1a: Tornadus
|-damage|p1a: Tornadus|83/100
|-activate|p1a: Tornadus|move: Whirlpool|[of] p2a: Slowking
|
|-weather|Sandstorm|[upkeep]
|-damage|p1a: Tornadus|77/100|[from] Sandstorm
|-damage|p2a: Slowking|51/100|[from] Sandstorm
|-damage|p1a: Tornadus|65/100|[from] move: Whirlpool|[partiallytrapped]
|upkeep
|turn|8
|
|t:|1760382170
|move|p1a: Tornadus|Bleakwind Storm|p2a: Slowking
|-damage|p2a: Slowking|12/100
|-unboost|p2a: Slowking|spe|1
|move|p2a: Slowking|Psychic Noise|p1a: Tornadus
|-damage|p1a: Tornadus|30/100
|-start|p1a: Tornadus|move: Heal Block
|
|-weather|none
|-damage|p1a: Tornadus|18/100|[from] move: Whirlpool|[partiallytrapped]
|upkeep
|turn|9
|
|t:|1760382183
|switch|p2a: Hippowdon|Hippowdon, F|83/100
|-weather|Sandstorm|[from] ability: Sand Stream|[of] p2a: Hippowdon
|move|p1a: Tornadus|Bleakwind Storm|p2a: Hippowdon|[miss]
|-miss|p1a: Tornadus|p2a: Hippowdon
|
|-weather|Sandstorm|[upkeep]
|-damage|p1a: Tornadus|12/100|[from] Sandstorm
|-end|p1a: Tornadus|Whirlpool|[partiallytrapped]|[silent]
|-end|p1a: Tornadus|move: Heal Block
|upkeep
|turn|10
|
|t:|1760382198
|switch|p1a: Enamorus|Enamorus, F|100/100
|move|p2a: Hippowdon|Stealth Rock|p1a: Enamorus
|-sidestart|p1: 98k40a|move: Stealth Rock
|
|-weather|Sandstorm|[upkeep]
|-damage|p1a: Enamorus|94/100|[from] Sandstorm
|upkeep
|turn|11
|
|t:|1760382206
|switch|p2a: Slowking|Slowking-Galar, M|46/100
|move|p1a: Enamorus|Moonblast|p2a: Slowking
|-resisted|p2a: Slowking
|-damage|p2a: Slowking|32/100
|
|-weather|Sandstorm|[upkeep]
|-damage|p1a: Enamorus|88/100|[from] Sandstorm
|-damage|p2a: Slowking|26/100|[from] Sandstorm
|upkeep
|turn|12
|
|t:|1760382216
|switch|p1a: Raging Bolt|Raging Bolt|74/100
|-damage|p1a: Raging Bolt|62/100|[from] Stealth Rock
|switch|p2a: Excadrill|Excadrill, M|100/100
|
|-weather|Sandstorm|[upkeep]
|-damage|p1a: Raging Bolt|56/100|[from] Sandstorm
|upkeep
|turn|13
|
|t:|1760382224
|move|p2a: Excadrill|Rock Slide|p1a: Raging Bolt|[miss]
|-miss|p2a: Excadrill|p1a: Raging Bolt
|move|p1a: Raging Bolt|Draco Meteor|p2a: Excadrill
|-resisted|p2a: Excadrill
|-damage|p2a: Excadrill|27/100
|-unboost|p1a: Raging Bolt|spa|2
|
|-weather|none
|upkeep
|turn|14
|
|t:|1760382239
|-end|p1a: Raging Bolt|Protosynthesis|[silent]
|switch|p1a: Cinderace|Cinderace, F|100/100
|move|p2a: Excadrill|Rock Slide|p1a: Cinderace
|-supereffective|p1a: Cinderace
|-damage|p1a: Cinderace|8/100
|
|upkeep
|turn|15
|
|t:|1760382254
|switch|p2a: Hippowdon|Hippowdon, F|83/100
|-weather|Sandstorm|[from] ability: Sand Stream|[of] p2a: Hippowdon
|move|p1a: Cinderace|Court Change|p1a: Cinderace
|-start|p1a: Cinderace|typechange|Normal|[from] ability: Libero
|-swapsideconditions
|-activate|p1a: Cinderace|move: Court Change
|
|-weather|Sandstorm|[upkeep]
|-damage|p1a: Cinderace|2/100|[from] Sandstorm
|upkeep
|turn|16
|
|t:|1760382265
|move|p1a: Cinderace|Taunt|p2a: Hippowdon
|-start|p2a: Hippowdon|move: Taunt
|cant|p2a: Hippowdon|move: Taunt|Stealth Rock
|
|-weather|Sandstorm|[upkeep]
|-damage|p1a: Cinderace|0 fnt|[from] Sandstorm
|faint|p1a: Cinderace
|upkeep
|inactive|98k40a has 120 seconds left.
|
|t:|1760382297
|switch|p1a: Raging Bolt|Raging Bolt|56/100
|turn|17
|
|t:|1760382317
|switch|p2a: Garganacl|Garganacl, M|46/100
|-damage|p2a: Garganacl|34/100|[from] Stealth Rock
|move|p1a: Raging Bolt|Draco Meteor|p2a: Garganacl
|-damage|p2a: Garganacl|0 fnt
|-unboost|p1a: Raging Bolt|spa|2
|faint|p2a: Garganacl
|
|-weather|Sandstorm|[upkeep]
|-damage|p1a: Raging Bolt|50/100|[from] Sandstorm
|upkeep
|
|t:|1760382322
|switch|p2a: Excadrill|Excadrill, M|27/100
|turn|18
|inactive|98k40a has 120 seconds left.
|
|t:|1760382346
|-end|p1a: Raging Bolt|Protosynthesis|[silent]
|switch|p1a: Scizor|Scizor, M|100/100
|move|p2a: Excadrill|Rapid Spin|p1a: Scizor
|-resisted|p1a: Scizor
|-damage|p1a: Scizor|90/100
|-boost|p2a: Excadrill|spe|1
|-sideend|p2: alvane98|Stealth Rock|[from] move: Rapid Spin|[of] p2a: Excadrill
|
|-weather|Sandstorm|[upkeep]
|upkeep
|turn|19
|inactive|98k40a has 120 seconds left.
|
|t:|1760382377
|move|p2a: Excadrill|Rock Slide|p1a: Scizor
|-damage|p1a: Scizor|56/100
|cant|p1a: Scizor|flinch
|
|-weather|none
|upkeep
|turn|20
|
|t:|1760382384
|move|p1a: Scizor|Bullet Punch|p2a: Excadrill
|-resisted|p2a: Excadrill
|-damage|p2a: Excadrill|0 fnt
|faint|p2a: Excadrill
|
|upkeep
|
|t:|1760382396
|switch|p2a: Hydrapple|Hydrapple, M|100/100
|turn|21
|inactive|98k40a has 120 seconds left.
|
|t:|1760382405
|switch|p1a: Enamorus|Enamorus, F|88/100
|move|p2a: Hydrapple|Nasty Plot|p2a: Hydrapple
|-boost|p2a: Hydrapple|spa|2
|
|upkeep
|turn|22
|inactive|98k40a has 120 seconds left.
|
|t:|1760382423
|-terastallize|p2a: Hydrapple|Fairy
|move|p1a: Enamorus|Moonblast|p2a: Hydrapple
|-damage|p2a: Hydrapple|50/100
|-unboost|p2a: Hydrapple|spa|1
|move|p2a: Hydrapple|Giga Drain|p1a: Enamorus
|-resisted|p1a: Enamorus
|-damage|p1a: Enamorus|45/100
|-heal|p2a: Hydrapple|66/100|[from] drain|[of] p1a: Enamorus
|
|upkeep
|turn|23
|inactive|98k40a has 120 seconds left.
|
|t:|1760382452
|move|p1a: Enamorus|Moonblast|p2a: Hydrapple
|-damage|p2a: Hydrapple|16/100
|move|p2a: Hydrapple|Nasty Plot|p2a: Hydrapple
|-boost|p2a: Hydrapple|spa|2
|
|upkeep
|turn|24
|
|t:|1760382457
|move|p1a: Enamorus|Moonblast|p2a: Hydrapple
|-damage|p2a: Hydrapple|0 fnt
|faint|p2a: Hydrapple
|
|upkeep
|
|t:|1760382459
|switch|p2a: Slowking|Slowking-Galar, M|59/100
|turn|25
|inactive|98k40a has 120 seconds left.
|
|t:|1760382483
|switch|p1a: Raging Bolt|Raging Bolt|50/100
|move|p2a: Slowking|Flamethrower|p1a: Raging Bolt
|-resisted|p1a: Raging Bolt
|-damage|p1a: Raging Bolt|38/100
|-status|p1a: Raging Bolt|brn
|
|-damage|p1a: Raging Bolt|32/100 brn|[from] brn
|upkeep
|turn|26
|
|t:|1760382493
|switch|p2a: Hippowdon|Hippowdon, F|83/100
|-weather|Sandstorm|[from] ability: Sand Stream|[of] p2a: Hippowdon
|move|p1a: Raging Bolt|Draco Meteor|p2a: Hippowdon
|-damage|p2a: Hippowdon|0 fnt
|-unboost|p1a: Raging Bolt|spa|2
|faint|p2a: Hippowdon
|
|-weather|Sandstorm|[upkeep]
|-damage|p1a: Raging Bolt|26/100 brn|[from] Sandstorm
|-damage|p1a: Raging Bolt|20/100 brn|[from] brn
|upkeep
|-message|alvane98 forfeited.
|
|win|98k40a
|raw|98k40a's rating: 1371 &rarr; <strong>1391</strong><br />(+20 for winning)
|raw|alvane98's rating: 1378 &rarr; <strong>1358</strong><br />(-20 for losing)
|l|☆alvane98
|player|p2|
