|j|☆Plata251
|j|☆lampcrusher
|t:|1760303076
|gametype|singles
|player|p1|Plata251|pokefan-gen2|1051
|player|p2|lampcrusher|170|1087
|gen|9
|tier|[Gen 9] OU
|rated|
|rule|HP Percentage Mod: HP is shown in percentages
|rule|Endless Battle Clause: Forcing endless battles is banned
|rule|Species Clause: Limit one of each Pokémon
|rule|OHKO Clause: OHKO moves are banned
|rule|Evasion Items Clause: Evasion items are banned
|rule|Evasion Moves Clause: Evasion moves are banned
|rule|Evasion Abilities Clause: Evasion abilities are banned
|rule|Sleep Moves Clause: Sleep-inducing moves are banned
|clearpoke
|poke|p1|Dachsbun, F|
|poke|p1|Mabosstiff, F|
|poke|p1|Houndstone, M|
|poke|p1|Granbull, F|
|poke|p1|Lycanroc-Dusk, M|
|poke|p1|Houndoom, M|
|poke|p2|Ninetales, F|
|poke|p2|Raging Bolt|
|poke|p2|Hatterene, F|
|poke|p2|Walking Wake|
|poke|p2|Great Tusk|
|poke|p2|Scizor, M|
|teampreview
|
|t:|1760303093
|teamsize|p1|6
|teamsize|p2|6
|start
|switch|p1a: Houndoom|Houndoom, M|100/100
|switch|p2a: Hatterene|Hatterene, F|100/100
|turn|1
|inactive|Battle timer is ON: inactive players will automatically lose when time's up. (requested by Plata251)
|
|t:|1760303110
|move|p1a: Houndoom|Sludge Bomb|p2a: Hatterene
|-supereffective|p2a: Hatterene
|-damage|p2a: Hatterene|24/100
|move|p2a: Hatterene|Calm Mind|p2a: Hatterene
|-boost|p2a: Hatterene|spa|1
|-boost|p2a: Hatterene|spd|1
|
|upkeep
|turn|2
|
|t:|1760303117
|-terastallize|p2a: Hatterene|Steel
|move|p1a: Houndoom|Fire Blast|p2a: Hatterene
|-supereffective|p2a: Hatterene
|-damage|p2a: Hatterene|0 fnt
|faint|p2a: Hatterene
|
|upkeep
|c|☆lampcrusher|om
|c|☆lampcrusher|i hate u
|
|t:|1760303128
|switch|p2a: Ninetales|Ninetales, F, shiny|100/100
|-weather|SunnyDay|[from] ability: Drought|[of] p2a: Ninetales
|turn|3
|
|t:|1760303144
|move|p2a: Ninetales|Encore|p1a: Houndoom
|-start|p1a: Houndoom|Encore
|move|p1a: Houndoom|Fire Blast|p2a: Ninetales
|-resisted|p2a: Ninetales
|-damage|p2a: Ninetales|64/100
|
|-weather|SunnyDay|[upkeep]
|upkeep
|turn|4
|
|t:|1760303157
|switch|p2a: Walking Wake|Walking Wake|100/100
|-activate|p2a: Walking Wake|ability: Protosynthesis
|-start|p2a: Walking Wake|protosynthesisspe
|move|p1a: Houndoom|Fire Blast|p2a: Walking Wake
|-resisted|p2a: Walking Wake
|-damage|p2a: Walking Wake|79/100
|
|-weather|SunnyDay|[upkeep]
|upkeep
|turn|5
|
|t:|1760303173
|switch|p1a: Granbull|Granbull, F|100/100
|move|p2a: Walking Wake|Hydro Steam|p1a: Granbull
|-damage|p1a: Granbull|0 fnt
|faint|p1a: Granbull
|
|-weather|SunnyDay|[upkeep]
|upkeep
|
|t:|1760303182
|switch|p1a: Mabosstiff|Mabosstiff, F|100/100
|turn|6
|
|t:|1760303193
|move|p2a: Walking Wake|Hydro Steam|p1a: Mabosstiff
|-damage|p1a: Mabosstiff|0 fnt
|faint|p1a: Mabosstiff
|
|-weather|SunnyDay|[upkeep]
|upkeep
|c|☆lampcrusher|XD
|
|t:|1760303197
|switch|p1a: Dachsbun|Dachsbun, F|100/100
|turn|7
|
|t:|1760303200
|move|p2a: Walking Wake|Hydro Steam|p1a: Dachsbun
|-damage|p1a: Dachsbun|21/100
|move|p1a: Dachsbun|Wish|p1a: Dachsbun
|
|-weather|SunnyDay|[upkeep]
|upkeep
|turn|8
|
|t:|1760303205
|move|p1a: Dachsbun|Protect|p1a: Dachsbun
|-singleturn|p1a: Dachsbun|Protect
|move|p2a: Walking Wake|Hydro Steam|p1a: Dachsbun
|-activate|p1a: Dachsbun|move: Protect
|
|-weather|SunnyDay|[upkeep]
|-heal|p1a: Dachsbun|71/100|[from] move: Wish|[wisher] Dachsbun
|upkeep
|turn|9
|
|t:|1760303213
|move|p1a: Dachsbun|Protect||[still]
|-fail|p1a: Dachsbun
|move|p2a: Walking Wake|Hydro Steam|p1a: Dachsbun
|-damage|p1a: Dachsbun|0 fnt
|faint|p1a: Dachsbun
|
|-weather|SunnyDay|[upkeep]
|upkeep
|
|t:|1760303219
|switch|p1a: Houndstone|Houndstone, M|100/100
|turn|10
|c|☆lampcrusher|dog
|c|☆lampcrusher|dog
|
|t:|1760303223
|move|p1a: Houndstone|Protect|p1a: Houndstone
|-singleturn|p1a: Houndstone|Protect
|move|p2a: Walking Wake|Hydro Steam|p1a: Houndstone
|-activate|p1a: Houndstone|move: Protect
|
|-weather|none
|-end|p2a: Walking Wake|Protosynthesis
|upkeep
|turn|11
|
|t:|1760303245
|-end|p2a: Walking Wake|Protosynthesis|[silent]
|switch|p2a: Ninetales|Ninetales, F, shiny|64/100
|-weather|SunnyDay|[from] ability: Drought|[of] p2a: Ninetales
|move|p1a: Houndstone|Will-O-Wisp|p2a: Ninetales
|-immune|p2a: Ninetales
|
|-weather|SunnyDay|[upkeep]
|upkeep
|turn|12
|
|t:|1760303255
|switch|p2a: Raging Bolt|Raging Bolt|100/100
|-activate|p2a: Raging Bolt|ability: Protosynthesis
|-start|p2a: Raging Bolt|protosynthesisspa
|move|p1a: Houndstone|Body Press|p2a: Raging Bolt
|-damage|p2a: Raging Bolt|76/100
|
|-weather|SunnyDay|[upkeep]
|upkeep
|turn|13
|
|t:|1760303263
|switch|p1a: Houndoom|Houndoom, M|100/100
|move|p2a: Raging Bolt|Draco Meteor|p1a: Houndoom
|-damage|p1a: Houndoom|0 fnt
|-unboost|p2a: Raging Bolt|spa|2
|faint|p1a: Houndoom
|
|-weather|SunnyDay|[upkeep]
|upkeep
|
|t:|1760303266
|switch|p1a: Lycanroc|Lycanroc-Dusk, M|100/100
|turn|14
|c|☆lampcrusher|good switch
|
|t:|1760303273
|move|p1a: Lycanroc|Swords Dance|p1a: Lycanroc
|-boost|p1a: Lycanroc|atk|2
|move|p2a: Raging Bolt|Calm Mind|p2a: Raging Bolt
|-boost|p2a: Raging Bolt|spa|1
|-boost|p2a: Raging Bolt|spd|1
|
|-weather|SunnyDay|[upkeep]
|upkeep
|turn|15
|
|t:|1760303279
|move|p1a: Lycanroc|Swords Dance|p1a: Lycanroc
|-boost|p1a: Lycanroc|atk|2
|move|p2a: Raging Bolt|Draco Meteor|p1a: Lycanroc|[miss]
|-miss|p2a: Raging Bolt|p1a: Lycanroc
|
|-weather|SunnyDay|[upkeep]
|upkeep
|turn|16
|c|☆lampcrusher|LOL NO
|
|t:|1760303298
|-end|p2a: Raging Bolt|Protosynthesis|[silent]
|switch|p2a: Ninetales|Ninetales, F, shiny|64/100
|move|p1a: Lycanroc|Accelerock|p2a: Ninetales
|-supereffective|p2a: Ninetales
|-crit|p2a: Ninetales
|-damage|p2a: Ninetales|0 fnt
|faint|p2a: Ninetales
|-damage|p1a: Lycanroc|91/100|[from] item: Life Orb
|
|-weather|SunnyDay|[upkeep]
|upkeep
|
|t:|1760303306
|switch|p2a: Walking Wake|Walking Wake|79/100
|-activate|p2a: Walking Wake|ability: Protosynthesis
|-start|p2a: Walking Wake|protosynthesisspe
|turn|17
|
|t:|1760303318
|move|p1a: Lycanroc|Accelerock|p2a: Walking Wake
|-damage|p2a: Walking Wake|0 fnt
|faint|p2a: Walking Wake
|-end|p2a: Walking Wake|Protosynthesis|[silent]
|-damage|p1a: Lycanroc|81/100|[from] item: Life Orb
|
|-weather|SunnyDay|[upkeep]
|upkeep
|
|t:|1760303324
|switch|p2a: Great Tusk|Great Tusk, shiny|100/100
|-activate|p2a: Great Tusk|ability: Protosynthesis
|-start|p2a: Great Tusk|protosynthesisatk
|turn|18
|
|t:|1760303333
|move|p1a: Lycanroc|Close Combat|p2a: Great Tusk
|-damage|p2a: Great Tusk|0 fnt
|-unboost|p1a: Lycanroc|def|1
|-unboost|p1a: Lycanroc|spd|1
|-damage|p1a: Lycanroc|64/100|[from] item: Rocky Helmet|[of] p2a: Great Tusk
|faint|p2a: Great Tusk
|-end|p2a: Great Tusk|Protosynthesis|[silent]
|-damage|p1a: Lycanroc|54/100|[from] item: Life Orb
|
|-weather|none
|upkeep
|
|t:|1760303344
|switch|p2a: Scizor|Scizor, M|100/100
|turn|19
|
|t:|1760303347
|switch|p1a: Houndstone|Houndstone, M|100/100
|move|p2a: Scizor|Bullet Punch|p1a: Houndstone
|-damage|p1a: Houndstone|81/100
|
|-heal|p1a: Houndstone|87/100|[from] item: Leftovers
|upkeep
|turn|20
|
|t:|1760303354
|switch|p2a: Raging Bolt|Raging Bolt|76/100
|-enditem|p2a: Raging Bolt|Booster Energy
|-activate|p2a: Raging Bolt|ability: Protosynthesis|[fromitem]
|-start|p2a: Raging Bolt|protosynthesisspa
|move|p1a: Houndstone|Night Shade|p2a: Raging Bolt
|-damage|p2a: Raging Bolt|51/100
|
|-heal|p1a: Houndstone|93/100|[from] item: Leftovers
|upkeep
|turn|21
|
|t:|1760303362
|move|p2a: Raging Bolt|Calm Mind|p2a: Raging Bolt
|-boost|p2a: Raging Bolt|spa|1
|-boost|p2a: Raging Bolt|spd|1
|move|p1a: Houndstone|Night Shade|p2a: Raging Bolt
|-damage|p2a: Raging Bolt|25/100
|
|-heal|p1a: Houndstone|99/100|[from] item: Leftovers
|upkeep
|turn|22
|
|t:|1760303370
|move|p2a: Raging Bolt|Draco Meteor|p1a: Houndstone
|-damage|p1a: Houndstone|0 fnt
|-unboost|p2a: Raging Bolt|spa|2
|faint|p1a: Houndstone
|
|upkeep
|
|t:|1760303372
|switch|p1a: Lycanroc|Lycanroc-Dusk, M|54/100
|turn|23
|
|t:|1760303380
|-terastallize|p1a: Lycanroc|Fighting
|move|p1a: Lycanroc|Accelerock|p2a: Raging Bolt
|-damage|p2a: Raging Bolt|0 fnt
|faint|p2a: Raging Bolt
|-end|p2a: Raging Bolt|Protosynthesis|[silent]
|-damage|p1a: Lycanroc|44/100|[from] item: Life Orb
|
|upkeep
|
|t:|1760303388
|switch|p2a: Scizor|Scizor, M|100/100
|turn|24
|
|t:|1760303395
|move|p1a: Lycanroc|Close Combat|p2a: Scizor
|-damage|p2a: Scizor|0 fnt
|-unboost|p1a: Lycanroc|def|1
|-unboost|p1a: Lycanroc|spd|1
|faint|p2a: Scizor
|-damage|p1a: Lycanroc|34/100|[from] item: Life Orb
|
|win|Plata251
|raw|Plata251's rating: 1051 &rarr; <strong>1087</strong><br />(+36 for winning)
|raw|lampcrusher's rating: 1087 &rarr; <strong>1062</strong><br />(-25 for losing)
|c|☆Plata251|???
|l|☆lampcrusher
|player|p2|
|l|☆Plata251
|player|p1|
