|j|☆Des4
|j|☆stevstacks
|t:|1760389504
|gametype|singles
|player|p1|Des4|caitlin|1385
|player|p2|stevstacks|266|1427
|gen|9
|tier|[Gen 9] OU
|rated|
|rule|HP Percentage Mod: HP is shown in percentages
|rule|Endless Battle Clause: Forcing endless battles is banned
|rule|Species Clause: Limit one of each Pokémon
|rule|OHKO Clause: OHKO moves are banned
|rule|Evasion Items Clause: Evasion items are banned
|rule|Evasion Moves Clause: Evasion moves are banned
|rule|Evasion Abilities Clause: Evasion abilities are banned
|rule|Sleep Moves Clause: Sleep-inducing moves are banned
|clearpoke
|poke|p1|Articuno|
|poke|p1|Slowking-Galar, M|
|poke|p1|Iron Treads|
|poke|p1|Primarina, M|
|poke|p1|Mandibuzz, F|
|poke|p1|Dragapult, M|
|poke|p2|Torkoal, M|
|poke|p2|Corviknight, M|
|poke|p2|Walking Wake|
|poke|p2|Raging Bolt|
|poke|p2|Great Tusk|
|poke|p2|Ogerpon-Wellspring, F|
|teampreview
|inactive|Battle timer is ON: inactive players will automatically lose when time's up. (requested by Des4)
|inactive|Des4 has 120 seconds left.
|
|t:|1760389536
|teamsize|p1|6
|teamsize|p2|6
|start
|switch|p1a: Iron Treads|Iron Treads|100/100
|switch|p2a: Ogerpon|Ogerpon-Wellspring, F|100/100
|turn|1
|
|t:|1760389542
|-end|p1a: Iron Treads|Quark Drive|[silent]
|switch|p1a: Mandibuzz|Mandibuzz, F|100/100
|move|p2a: Ogerpon|Spikes|p1a: Mandibuzz
|-sidestart|p1: Des4|Spikes
|
|upkeep
|turn|2
|
|t:|1760389546
|move|p2a: Ogerpon|Knock Off|p1a: Mandibuzz
|-resisted|p1a: Mandibuzz
|-damage|p1a: Mandibuzz|90/100
|-enditem|p1a: Mandibuzz|Heavy-Duty Boots|[from] move: Knock Off|[of] p2a: Ogerpon
|move|p1a: Mandibuzz|Foul Play|p2a: Ogerpon
|-damage|p2a: Ogerpon|44/100
|
|upkeep
|turn|3
|
|t:|1760389559
|move|p2a: Ogerpon|Spikes|p1a: Mandibuzz
|-sidestart|p1: Des4|Spikes
|move|p1a: Mandibuzz|Defog|p2a: Ogerpon
|-unboost|p2a: Ogerpon|evasion|1
|-sideend|p1: Des4|Spikes|[from] move: Defog|[of] p1a: Mandibuzz
|
|upkeep
|turn|4
|
|t:|1760389581
|move|p2a: Ogerpon|Encore|p1a: Mandibuzz
|-start|p1a: Mandibuzz|Encore
|move|p1a: Mandibuzz|Defog|p2a: Ogerpon
|-unboost|p2a: Ogerpon|evasion|1
|
|upkeep
|turn|5
|
|t:|1760389585
|switch|p1a: Dragapult|Dragapult, M|100/100
|move|p2a: Ogerpon|Spikes|p1a: Dragapult
|-sidestart|p1: Des4|Spikes
|
|upkeep
|turn|6
|
|t:|1760389598
|switch|p2a: Corviknight|Corviknight, M|100/100
|-ability|p2a: Corviknight|Pressure
|move|p1a: Dragapult|Will-O-Wisp|p2a: Corviknight
|-status|p2a: Corviknight|brn
|
|-damage|p2a: Corviknight|94/100 brn|[from] brn
|upkeep
|turn|7
|
|t:|1760389611
|move|p1a: Dragapult|Hex|p2a: Corviknight
|-damage|p2a: Corviknight|59/100 brn
|move|p2a: Corviknight|U-turn|p1a: Dragapult
|-resisted|p1a: Dragapult
|-crit|p1a: Dragapult
|-damage|p1a: Dragapult|93/100
|
|t:|1760389625
|switch|p2a: Ogerpon|Ogerpon-Wellspring, F|44/100|[from] U-turn
|
|upkeep
|turn|8
|
|t:|1760389634
|move|p1a: Dragapult|Will-O-Wisp|p2a: Ogerpon|[miss]
|-miss|p1a: Dragapult|p2a: Ogerpon
|move|p2a: Ogerpon|Knock Off|p1a: Dragapult
|-supereffective|p1a: Dragapult
|-damage|p1a: Dragapult|0 fnt
|-enditem|p1a: Dragapult|Spell Tag|[from] move: Knock Off|[of] p2a: Ogerpon
|faint|p1a: Dragapult
|
|upkeep
|
|t:|1760389639
|switch|p1a: Mandibuzz|Mandibuzz, F|90/100
|turn|9
|
|t:|1760389657
|switch|p2a: Torkoal|Torkoal, M|100/100
|-weather|SunnyDay|[from] ability: Drought|[of] p2a: Torkoal
|move|p1a: Mandibuzz|Foul Play|p2a: Torkoal
|-damage|p2a: Torkoal|83/100
|
|-weather|SunnyDay|[upkeep]
|upkeep
|turn|10
|
|t:|1760389674
|switch|p1a: Primarina|Primarina, M|100/100
|-damage|p1a: Primarina|88/100|[from] Spikes
|switch|p2a: Raging Bolt|Raging Bolt|100/100
|-activate|p2a: Raging Bolt|ability: Protosynthesis
|-start|p2a: Raging Bolt|protosynthesisspa
|
|-weather|SunnyDay|[upkeep]
|upkeep
|turn|11
|
|t:|1760389684
|switch|p1a: Slowking|Slowking-Galar, M|100/100
|move|p2a: Raging Bolt|Calm Mind|p2a: Raging Bolt
|-boost|p2a: Raging Bolt|spa|1
|-boost|p2a: Raging Bolt|spd|1
|
|-weather|SunnyDay|[upkeep]
|upkeep
|turn|12
|inactive|stevstacks has 120 seconds left.
|
|t:|1760389738
|move|p2a: Raging Bolt|Weather Ball|p1a: Slowking
|-damage|p1a: Slowking|28/100
|-prepare|p1a: Slowking|Chilly Reception|[premajor]
|move|p1a: Slowking|Chilly Reception|p1a: Slowking
|-weather|Snowscape
|-end|p2a: Raging Bolt|Protosynthesis
|
|t:|1760389744
|switch|p1a: Iron Treads|Iron Treads|100/100|[from] Chilly Reception
|-damage|p1a: Iron Treads|88/100|[from] Spikes
|
|-weather|Snowscape|[upkeep]
|-heal|p1a: Iron Treads|94/100|[from] item: Leftovers
|upkeep
|turn|13
|inactive|stevstacks has 90 seconds left.
|inactive|stevstacks has 60 seconds left.
|
|t:|1760389818
|-terastallize|p2a: Raging Bolt|Flying
|move|p1a: Iron Treads|Stealth Rock|p2a: Raging Bolt
|-sidestart|p2: stevstacks|move: Stealth Rock
|move|p2a: Raging Bolt|Weather Ball|p1a: Iron Treads
|-damage|p1a: Iron Treads|10/100
|
|-weather|Snowscape|[upkeep]
|-heal|p1a: Iron Treads|16/100|[from] item: Leftovers
|upkeep
|turn|14
|
|t:|1760389828
|-end|p2a: Raging Bolt|Protosynthesis|[silent]
|switch|p2a: Great Tusk|Great Tusk|100/100
|move|p1a: Iron Treads|Knock Off|p2a: Great Tusk
|-resisted|p2a: Great Tusk
|-damage|p2a: Great Tusk|90/100
|-enditem|p2a: Great Tusk|Heavy-Duty Boots|[from] move: Knock Off|[of] p1a: Iron Treads
|
|-weather|Snowscape|[upkeep]
|-heal|p1a: Iron Treads|22/100|[from] item: Leftovers
|upkeep
|turn|15
|
|t:|1760389842
|-end|p1a: Iron Treads|Quark Drive|[silent]
|switch|p1a: Articuno|Articuno|100/100
|-ability|p1a: Articuno|Pressure
|move|p2a: Great Tusk|Rapid Spin|p1a: Articuno
|-damage|p1a: Articuno|89/100
|-boost|p2a: Great Tusk|spe|1
|-sideend|p2: stevstacks|Stealth Rock|[from] move: Rapid Spin|[of] p2a: Great Tusk
|
|-weather|Snowscape|[upkeep]
|-heal|p1a: Articuno|95/100|[from] item: Leftovers
|upkeep
|turn|16
|
|t:|1760389850
|-end|p2a: Great Tusk|Protosynthesis|[silent]
|switch|p2a: Walking Wake|Walking Wake|100/100
|move|p1a: Articuno|Substitute|p1a: Articuno
|-start|p1a: Articuno|Substitute
|-damage|p1a: Articuno|70/100
|
|-weather|none
|-heal|p1a: Articuno|77/100|[from] item: Leftovers
|upkeep
|turn|17
|
|t:|1760389852
|move|p2a: Walking Wake|Flamethrower|p1a: Articuno
|-supereffective|p1a: Articuno
|-end|p1a: Articuno|Substitute
|move|p1a: Articuno|Freeze-Dry|p2a: Walking Wake
|-supereffective|p2a: Walking Wake
|-damage|p2a: Walking Wake|0 fnt
|faint|p2a: Walking Wake
|-end|p2a: Walking Wake|Protosynthesis|[silent]
|
|-heal|p1a: Articuno|83/100|[from] item: Leftovers
|upkeep
|
|t:|1760389858
|switch|p2a: Ogerpon|Ogerpon-Wellspring, F|44/100
|turn|18
|
|t:|1760389861
|move|p2a: Ogerpon|Knock Off|p1a: Articuno
|-damage|p1a: Articuno|44/100
|-enditem|p1a: Articuno|Leftovers|[from] move: Knock Off|[of] p2a: Ogerpon
|move|p1a: Articuno|Freeze-Dry|p2a: Ogerpon
|-supereffective|p2a: Ogerpon
|-damage|p2a: Ogerpon|0 fnt
|faint|p2a: Ogerpon
|
|upkeep
|
|t:|1760389867
|switch|p2a: Great Tusk|Great Tusk|90/100
|turn|19
|
|t:|1760389872
|move|p2a: Great Tusk|Close Combat|p1a: Articuno
|-damage|p1a: Articuno|0 fnt
|-unboost|p2a: Great Tusk|def|1
|-unboost|p2a: Great Tusk|spd|1
|faint|p1a: Articuno
|
|upkeep
|
|t:|1760389875
|switch|p1a: Mandibuzz|Mandibuzz, F|90/100
|turn|20
|inactive|stevstacks has 90 seconds left.
|inactive|stevstacks has 60 seconds left.
|
|t:|1760389929
|-end|p2a: Great Tusk|Protosynthesis|[silent]
|switch|p2a: Torkoal|Torkoal, M|83/100
|-weather|SunnyDay|[from] ability: Drought|[of] p2a: Torkoal
|move|p1a: Mandibuzz|Foul Play|p2a: Torkoal
|-damage|p2a: Torkoal|63/100
|
|-weather|SunnyDay|[upkeep]
|upkeep
|turn|21
|
|t:|1760389938
|switch|p1a: Primarina|Primarina, M|88/100
|-damage|p1a: Primarina|76/100|[from] Spikes
|switch|p2a: Raging Bolt|Raging Bolt, tera:Flying|100/100
|-activate|p2a: Raging Bolt|ability: Protosynthesis
|-start|p2a: Raging Bolt|protosynthesisspa
|
|-weather|SunnyDay|[upkeep]
|upkeep
|turn|22
|
|t:|1760389946
|-terastallize|p1a: Primarina|Dragon
|move|p1a: Primarina|Moonblast|p2a: Raging Bolt
|-damage|p2a: Raging Bolt|37/100
|move|p2a: Raging Bolt|Calm Mind|p2a: Raging Bolt
|-boost|p2a: Raging Bolt|spa|1
|-boost|p2a: Raging Bolt|spd|1
|
|-weather|SunnyDay|[upkeep]
|upkeep
|turn|23
|
|t:|1760389955
|move|p1a: Primarina|Moonblast|p2a: Raging Bolt
|-crit|p2a: Raging Bolt
|-damage|p2a: Raging Bolt|0 fnt
|faint|p2a: Raging Bolt
|-end|p2a: Raging Bolt|Protosynthesis|[silent]
|
|-weather|SunnyDay|[upkeep]
|upkeep
|
|t:|1760389957
|switch|p2a: Corviknight|Corviknight, M|59/100 brn
|-ability|p2a: Corviknight|Pressure
|turn|24
|
|t:|1760389963
|switch|p1a: Slowking|Slowking-Galar, M|61/100
|move|p2a: Corviknight|Roost|p2a: Corviknight
|-heal|p2a: Corviknight|100/100 brn
|-singleturn|p2a: Corviknight|move: Roost
|
|-weather|SunnyDay|[upkeep]
|-damage|p2a: Corviknight|94/100 brn|[from] brn
|upkeep
|turn|25
|inactive|stevstacks has 90 seconds left.
|inactive|stevstacks has 60 seconds left.
|
|t:|1760390009
|move|p2a: Corviknight|Brave Bird|p1a: Slowking
|-damage|p1a: Slowking|43/100
|-damage|p2a: Corviknight|88/100 brn|[from] Recoil
|move|p1a: Slowking|Future Sight|p2a: Corviknight
|-start|p1a: Slowking|move: Future Sight
|
|-weather|SunnyDay|[upkeep]
|-heal|p2a: Corviknight|94/100 brn|[from] item: Leftovers
|-damage|p2a: Corviknight|88/100 brn|[from] brn
|upkeep
|turn|26
|
|t:|1760390024
|move|p2a: Corviknight|Brave Bird|p1a: Slowking
|-damage|p1a: Slowking|25/100
|-damage|p2a: Corviknight|83/100 brn|[from] Recoil
|-prepare|p1a: Slowking|Chilly Reception|[premajor]
|move|p1a: Slowking|Chilly Reception|p1a: Slowking
|-weather|Snowscape
|
|t:|1760390030
|switch|p1a: Primarina|Primarina, M, tera:Dragon|76/100|[from] Chilly Reception
|-damage|p1a: Primarina|63/100|[from] Spikes
|
|-weather|Snowscape|[upkeep]
|-heal|p2a: Corviknight|89/100 brn|[from] item: Leftovers
|-damage|p2a: Corviknight|83/100 brn|[from] brn
|upkeep
|turn|27
|
|t:|1760390043
|switch|p2a: Torkoal|Torkoal, M|63/100
|-weather|SunnyDay|[from] ability: Drought|[of] p2a: Torkoal
|move|p1a: Primarina|Hydro Pump|p2a: Torkoal|[miss]
|-miss|p1a: Primarina|p2a: Torkoal
|
|-weather|SunnyDay|[upkeep]
|-end|p2a: Torkoal|move: Future Sight
|-damage|p2a: Torkoal|24/100
|upkeep
|turn|28
|
|t:|1760390047
|move|p1a: Primarina|Hydro Pump|p2a: Torkoal
|-supereffective|p2a: Torkoal
|-crit|p2a: Torkoal
|-damage|p2a: Torkoal|0 fnt
|faint|p2a: Torkoal
|
|-weather|SunnyDay|[upkeep]
|upkeep
|
|t:|1760390049
|switch|p2a: Great Tusk|Great Tusk|90/100
|-activate|p2a: Great Tusk|ability: Protosynthesis
|-start|p2a: Great Tusk|protosynthesisatk
|turn|29
|
|t:|1760390061
|switch|p1a: Slowking|Slowking-Galar, M|59/100
|move|p2a: Great Tusk|Close Combat|p1a: Slowking
|-resisted|p1a: Slowking
|-damage|p1a: Slowking|38/100
|-unboost|p2a: Great Tusk|def|1
|-unboost|p2a: Great Tusk|spd|1
|
|-weather|SunnyDay|[upkeep]
|upkeep
|turn|30
|
|t:|1760390068
|move|p2a: Great Tusk|Headlong Rush|p1a: Slowking
|-supereffective|p1a: Slowking
|-damage|p1a: Slowking|0 fnt
|-unboost|p2a: Great Tusk|def|1
|-unboost|p2a: Great Tusk|spd|1
|faint|p1a: Slowking
|
|-weather|SunnyDay|[upkeep]
|upkeep
|
|t:|1760390074
|switch|p1a: Iron Treads|Iron Treads|22/100
|-damage|p1a: Iron Treads|10/100|[from] Spikes
|turn|31
|
|t:|1760390077
|move|p1a: Iron Treads|Earthquake|p2a: Great Tusk
|-damage|p2a: Great Tusk|26/100
|move|p2a: Great Tusk|Rapid Spin|p1a: Iron Treads
|-resisted|p1a: Iron Treads
|-damage|p1a: Iron Treads|0 fnt
|-boost|p2a: Great Tusk|spe|1
|faint|p1a: Iron Treads
|-end|p1a: Iron Treads|Quark Drive|[silent]
|
|-weather|SunnyDay|[upkeep]
|upkeep
|
|t:|1760390079
|switch|p1a: Mandibuzz|Mandibuzz, F|90/100
|turn|32
|
|t:|1760390085
|move|p2a: Great Tusk|Close Combat|p1a: Mandibuzz
|-damage|p1a: Mandibuzz|41/100
|-unboost|p2a: Great Tusk|def|1
|-unboost|p2a: Great Tusk|spd|1
|move|p1a: Mandibuzz|Iron Defense|p1a: Mandibuzz
|-boost|p1a: Mandibuzz|def|2
|
|-weather|SunnyDay|[upkeep]
|upkeep
|turn|33
|
|t:|1760390090
|move|p2a: Great Tusk|Close Combat|p1a: Mandibuzz
|-damage|p1a: Mandibuzz|17/100
|-unboost|p2a: Great Tusk|def|1
|-unboost|p2a: Great Tusk|spd|1
|move|p1a: Mandibuzz|Roost|p1a: Mandibuzz
|-heal|p1a: Mandibuzz|67/100
|-singleturn|p1a: Mandibuzz|move: Roost
|
|-weather|SunnyDay|[upkeep]
|upkeep
|turn|34
|
|t:|1760390096
|move|p2a: Great Tusk|Close Combat|p1a: Mandibuzz
|-damage|p1a: Mandibuzz|44/100
|-unboost|p2a: Great Tusk|def|1
|-unboost|p2a: Great Tusk|spd|1
|move|p1a: Mandibuzz|Foul Play|p2a: Great Tusk
|-resisted|p2a: Great Tusk
|-damage|p2a: Great Tusk|0 fnt
|faint|p2a: Great Tusk
|-end|p2a: Great Tusk|Protosynthesis|[silent]
|
|-weather|none
|upkeep
|-message|stevstacks forfeited.
|
|win|Des4
|raw|Des4's rating: 1385 &rarr; <strong>1407</strong><br />(+22 for winning)
|raw|stevstacks's rating: 1427 &rarr; <strong>1405</strong><br />(-22 for losing)
|l|☆stevstacks
|player|p2|
|l|☆Des4
|player|p1|
