|j|☆Archualudon=$
|j|☆javiconb
|t:|1760349722
|gametype|singles
|player|p1|Archualudon=$|drayton|1339
|player|p2|javiconb|266|1359
|gen|9
|tier|[Gen 9] OU
|rated|
|rule|HP Percentage Mod: HP is shown in percentages
|rule|Endless Battle Clause: Forcing endless battles is banned
|rule|Species Clause: Limit one of each Pokémon
|rule|OHKO Clause: OHKO moves are banned
|rule|Evasion Items Clause: Evasion items are banned
|rule|Evasion Moves Clause: Evasion moves are banned
|rule|Evasion Abilities Clause: Evasion abilities are banned
|rule|Sleep Moves Clause: Sleep-inducing moves are banned
|clearpoke
|poke|p1|Glimmora, F|
|poke|p1|Ting-Lu|
|poke|p1|Ogerpon-Wellspring, F|
|poke|p1|Great Tusk|
|poke|p1|Scizor, M|
|poke|p1|Kyurem|
|poke|p2|Rabsca, F|
|poke|p2|Slowking-Galar, F|
|poke|p2|Ursaluna, F|
|poke|p2|Azumarill, M|
|poke|p2|Mimikyu, M|
|poke|p2|Kingambit, F|
|teampreview
|
|t:|1760349748
|teamsize|p1|6
|teamsize|p2|6
|start
|switch|p1a: Kyurem|Kyurem|100/100
|switch|p2a: Azumarill|Azumarill, M|100/100
|-ability|p1a: Kyurem|Pressure
|turn|1
|
|t:|1760349752
|move|p1a: Kyurem|Freeze-Dry|p2a: Azumarill
|-supereffective|p2a: Azumarill
|-damage|p2a: Azumarill|20/100
|move|p2a: Azumarill|Play Rough|p1a: Kyurem
|-supereffective|p1a: Kyurem
|-damage|p1a: Kyurem|0 fnt
|faint|p1a: Kyurem
|
|upkeep
|
|t:|1760349757
|switch|p1a: Scizor|Scizor, M|100/100
|turn|2
|
|t:|1760349779
|move|p1a: Scizor|Bullet Punch|p2a: Azumarill
|-damage|p2a: Azumarill|0 fnt
|faint|p2a: Azumarill
|-damage|p1a: Scizor|91/100|[from] item: Life Orb
|
|upkeep
|
|t:|1760349791
|switch|p2a: Slowking|Slowking-Galar, F|100/100
|turn|3
|
|t:|1760349796
|move|p1a: Scizor|Knock Off|p2a: Slowking
|-supereffective|p2a: Slowking
|-damage|p2a: Slowking|8/100
|-enditem|p2a: Slowking|Life Orb|[from] move: Knock Off|[of] p1a: Scizor
|-damage|p1a: Scizor|81/100|[from] item: Life Orb
|move|p2a: Slowking|Trick Room|p2a: Slowking
|-fieldstart|move: Trick Room|[of] p2a: Slowking
|
|upkeep
|turn|4
|
|t:|1760349808
|switch|p2a: Ursaluna|Ursaluna, F|100/100
|move|p1a: Scizor|Bullet Punch|p2a: Ursaluna
|-damage|p2a: Ursaluna|69/100
|-damage|p1a: Scizor|71/100|[from] item: Life Orb
|
|-status|p2a: Ursaluna|brn|[from] item: Flame Orb
|upkeep
|turn|5
|inactive|Battle timer is ON: inactive players will automatically lose when time's up. (requested by javiconb)
|
|t:|1760349837
|switch|p1a: Glimmora|Glimmora, F|100/100
|-terastallize|p2a: Ursaluna|Normal
|move|p2a: Ursaluna|Facade|p1a: Glimmora
|-resisted|p1a: Glimmora
|-damage|p1a: Glimmora|1/100
|-activate|p1a: Glimmora|ability: Toxic Debris
|-sidestart|p2: javiconb|move: Toxic Spikes
|
|-damage|p2a: Ursaluna|63/100 brn|[from] brn
|upkeep
|turn|6
|
|t:|1760349846
|move|p2a: Ursaluna|Facade|p1a: Glimmora
|-resisted|p1a: Glimmora
|-damage|p1a: Glimmora|0 fnt
|-activate|p1a: Glimmora|ability: Toxic Debris
|-sidestart|p2: javiconb|move: Toxic Spikes
|faint|p1a: Glimmora
|
|-damage|p2a: Ursaluna|57/100 brn|[from] brn
|upkeep
|
|t:|1760349851
|switch|p1a: Great Tusk|Great Tusk|100/100
|-enditem|p1a: Great Tusk|Booster Energy
|-activate|p1a: Great Tusk|ability: Protosynthesis|[fromitem]
|-start|p1a: Great Tusk|protosynthesisspe
|turn|7
|
|t:|1760349857
|move|p2a: Ursaluna|Facade|p1a: Great Tusk
|-damage|p1a: Great Tusk|0 fnt
|faint|p1a: Great Tusk
|-end|p1a: Great Tusk|Protosynthesis|[silent]
|
|-damage|p2a: Ursaluna|51/100 brn|[from] brn
|-fieldend|move: Trick Room
|upkeep
|j| Truth N Ideals
|
|t:|1760349865
|switch|p1a: Scizor|Scizor, M|71/100
|turn|8
|
|t:|1760349869
|switch|p2a: Slowking|Slowking-Galar, F|41/100
|-sideend|p2: javiconb|move: Toxic Spikes|[of] p2a: Slowking
|move|p1a: Scizor|Close Combat|p2a: Slowking
|-resisted|p2a: Slowking
|-damage|p2a: Slowking|26/100
|-unboost|p1a: Scizor|def|1
|-unboost|p1a: Scizor|spd|1
|-damage|p1a: Scizor|61/100|[from] item: Life Orb
|
|upkeep
|turn|9
|
|t:|1760349875
|move|p1a: Scizor|Knock Off|p2a: Slowking
|-supereffective|p2a: Slowking
|-damage|p2a: Slowking|0 fnt
|faint|p2a: Slowking
|-damage|p1a: Scizor|51/100|[from] item: Life Orb
|
|upkeep
|
|t:|1760349902
|switch|p2a: Mimikyu|Mimikyu, M|100/100
|turn|10
|
|t:|1760349909
|move|p1a: Scizor|Knock Off|p2a: Mimikyu
|-activate|p2a: Mimikyu|ability: Disguise
|-damage|p2a: Mimikyu|100/100
|-enditem|p2a: Mimikyu|Mental Herb|[from] move: Knock Off|[of] p1a: Scizor
|detailschange|p2a: Mimikyu|Mimikyu-Busted, M
|-damage|p2a: Mimikyu|88/100|[from] pokemon: Mimikyu-Busted
|-damage|p1a: Scizor|41/100|[from] item: Life Orb
|move|p2a: Mimikyu|Trick Room|p2a: Mimikyu
|-fieldstart|move: Trick Room|[of] p2a: Mimikyu
|
|upkeep
|turn|11
|
|t:|1760349916
|move|p1a: Scizor|Bullet Punch|p2a: Mimikyu
|-supereffective|p2a: Mimikyu
|-damage|p2a: Mimikyu|0 fnt
|faint|p2a: Mimikyu
|-damage|p1a: Scizor|31/100|[from] item: Life Orb
|
|upkeep
|
|t:|1760349928
|switch|p2a: Ursaluna|Ursaluna, F, tera:Normal|51/100 brn
|turn|12
|
|t:|1760349931
|-terastallize|p1a: Scizor|Steel
|move|p1a: Scizor|Bullet Punch|p2a: Ursaluna
|-damage|p2a: Ursaluna|7/100 brn
|-damage|p1a: Scizor|21/100|[from] item: Life Orb
|move|p2a: Ursaluna|Facade|p1a: Scizor
|-resisted|p1a: Scizor
|-damage|p1a: Scizor|0 fnt
|faint|p1a: Scizor
|
|-damage|p2a: Ursaluna|1/100 brn|[from] brn
|upkeep
|
|t:|1760349935
|switch|p1a: Ting-Lu|Ting-Lu|100/100
|-ability|p1a: Ting-Lu|Vessel of Ruin
|turn|13
|
|t:|1760349943
|move|p2a: Ursaluna|Facade|p1a: Ting-Lu
|-damage|p1a: Ting-Lu|32/100
|move|p1a: Ting-Lu|Spikes|p2a: Ursaluna
|-sidestart|p2: javiconb|Spikes
|
|-heal|p1a: Ting-Lu|38/100|[from] item: Leftovers
|-damage|p2a: Ursaluna|0 fnt|[from] brn
|faint|p2a: Ursaluna
|upkeep
|
|t:|1760349964
|switch|p2a: Rabsca|Rabsca, F|100/100
|turn|14
|
|t:|1760349979
|move|p2a: Rabsca|Future Sight|p1a: Ting-Lu
|-start|p2a: Rabsca|move: Future Sight
|move|p1a: Ting-Lu|Ruination|p2a: Rabsca
|-damage|p2a: Rabsca|50/100
|
|-heal|p1a: Ting-Lu|44/100|[from] item: Leftovers
|-fieldend|move: Trick Room
|upkeep
|turn|15
|
|t:|1760349987
|move|p1a: Ting-Lu|Earthquake|p2a: Rabsca
|-resisted|p2a: Rabsca
|-damage|p2a: Rabsca|37/100
|move|p2a: Rabsca|Trick Room|p2a: Rabsca
|-fieldstart|move: Trick Room|[of] p2a: Rabsca
|
|-heal|p1a: Ting-Lu|50/100|[from] item: Leftovers
|upkeep
|turn|16
|
|t:|1760350000
|move|p2a: Rabsca|Revival Blessing|p2a: Rabsca
|
|t:|1760350003
|-heal|p2: Ursaluna|50/100|[from] move: Revival Blessing
|move|p1a: Ting-Lu|Spikes|p2a: Rabsca
|-sidestart|p2: javiconb|Spikes
|
|-end|p1a: Ting-Lu|move: Future Sight
|-immune|p1a: Ting-Lu
|-heal|p1a: Ting-Lu|57/100|[from] item: Leftovers
|upkeep
|turn|17
|
|t:|1760350007
|move|p2a: Rabsca|Memento|p1a: Ting-Lu
|-unboost|p1a: Ting-Lu|atk|2
|-unboost|p1a: Ting-Lu|spa|2
|faint|p2a: Rabsca
|move|p1a: Ting-Lu|Spikes|p2: Rabsca
|-sidestart|p2: javiconb|Spikes
|
|-heal|p1a: Ting-Lu|63/100|[from] item: Leftovers
|upkeep
|
|t:|1760350016
|switch|p2a: Ursaluna|Ursaluna, F|50/100
|-damage|p2a: Ursaluna|26/100|[from] Spikes
|turn|18
|
|t:|1760350022
|move|p2a: Ursaluna|Facade|p1a: Ting-Lu
|-damage|p1a: Ting-Lu|47/100
|move|p1a: Ting-Lu|Whirlwind|p2a: Ursaluna
|drag|p2a: Kingambit|Kingambit, F|100/100
|-damage|p2a: Kingambit|75/100|[from] Spikes
|-activate|p2a: Kingambit|ability: Supreme Overlord
|-start|p2a: Kingambit|fallen5|[silent]
|
|-heal|p1a: Ting-Lu|53/100|[from] item: Leftovers
|upkeep
|turn|19
|
|t:|1760350031
|move|p2a: Kingambit|Kowtow Cleave|p1a: Ting-Lu
|-resisted|p1a: Ting-Lu
|-damage|p1a: Ting-Lu|35/100
|move|p1a: Ting-Lu|Ruination|p2a: Kingambit
|-damage|p2a: Kingambit|38/100
|
|-heal|p1a: Ting-Lu|41/100|[from] item: Leftovers
|-fieldend|move: Trick Room
|upkeep
|turn|20
|
|t:|1760350039
|move|p2a: Kingambit|Swords Dance|p2a: Kingambit
|-boost|p2a: Kingambit|atk|2
|move|p1a: Ting-Lu|Whirlwind|p2a: Kingambit
|-end|p2a: Kingambit|fallen5|[silent]
|drag|p2a: Ursaluna|Ursaluna, F|26/100
|-damage|p2a: Ursaluna|1/100|[from] Spikes
|
|-heal|p1a: Ting-Lu|47/100|[from] item: Leftovers
|-status|p2a: Ursaluna|brn|[from] item: Flame Orb
|upkeep
|turn|21
|
|t:|1760350043
|move|p2a: Ursaluna|Facade|p1a: Ting-Lu
|-damage|p1a: Ting-Lu|0 fnt
|faint|p1a: Ting-Lu
|
|-damage|p2a: Ursaluna|0 fnt|[from] brn
|faint|p2a: Ursaluna
|upkeep
|
|t:|1760350046
|switch|p1a: Ogerpon|Ogerpon-Wellspring, F|100/100
|switch|p2a: Kingambit|Kingambit, F|38/100
|-damage|p2a: Kingambit|13/100|[from] Spikes
|-activate|p2a: Kingambit|ability: Supreme Overlord
|-start|p2a: Kingambit|fallen5|[silent]
|turn|22
|
|t:|1760350049
|move|p2a: Kingambit|Sucker Punch|p1a: Ogerpon
|-damage|p1a: Ogerpon|0 fnt
|faint|p1a: Ogerpon
|
|win|javiconb
|raw|Archualudon=$'s rating: 1339 &rarr; <strong>1320</strong><br />(-19 for losing)
|raw|javiconb's rating: 1359 &rarr; <strong>1378</strong><br />(+19 for winning)
|l|☆Archualudon=$
|player|p1|
|l|☆javiconb
|player|p2|
