|badge|p2|bronze|gen9doublesou|100-7
|badge|p2|bronze|gen9ru|100-7
|uhtml|medal-msg|<div class="broadcast-blue">Curious what those medals under the avatar are? PS now has Ladder Seasons! For more information, check out the <a href="https://www.smogon.com/forums/threads/3740067/">thread on Smogon.</a></div>
|j|☆Swagataka
|j|☆RoaringMoonlight2
|t:|1760460217
|gametype|singles
|player|p1|Swagataka|byron|1662
|player|p2|RoaringMoonlight2|turo-ai|1750
|gen|9
|tier|[Gen 9] OU
|rated|
|rule|HP Percentage Mod: HP is shown in percentages
|rule|Endless Battle Clause: Forcing endless battles is banned
|rule|Species Clause: Limit one of each Pokémon
|rule|OHKO Clause: OHKO moves are banned
|rule|Evasion Items Clause: Evasion items are banned
|rule|Evasion Moves Clause: Evasion moves are banned
|rule|Evasion Abilities Clause: Evasion abilities are banned
|rule|Sleep Moves Clause: Sleep-inducing moves are banned
|clearpoke
|poke|p1|Kingambit, F|
|poke|p1|Regigigas|
|poke|p1|Zoroark-Hisui, F|
|poke|p1|Great Tusk|
|poke|p1|Pecharunt|
|poke|p1|Quaquaval, M|
|poke|p2|Glimmora, F|
|poke|p2|Iron Valiant|
|poke|p2|Raging Bolt|
|poke|p2|Ogerpon-Wellspring, F|
|poke|p2|Kingambit, M|
|poke|p2|Ceruledge, M|
|teampreview
|inactive|Battle timer is ON: inactive players will automatically lose when time's up. (requested by RoaringMoonlight2)
|
|t:|1760460232
|teamsize|p1|6
|teamsize|p2|6
|start
|switch|p1a: R.E.G.R.E.M.I.X|Regigigas, shiny|100/100
|switch|p2a: Escrameur|Ceruledge, M|100/100
|-start|p1a: R.E.G.R.E.M.I.X|ability: Slow Start
|turn|1
|
|t:|1760460246
|move|p2a: Escrameur|Swords Dance|p2a: Escrameur
|-boost|p2a: Escrameur|atk|2
|move|p1a: R.E.G.R.E.M.I.X|Earth Power|p2a: Escrameur
|-supereffective|p2a: Escrameur
|-damage|p2a: Escrameur|17/100
|
|upkeep
|turn|2
|
|t:|1760460255
|move|p2a: Escrameur|Bitter Blade|p1a: R.E.G.R.E.M.I.X
|-damage|p1a: R.E.G.R.E.M.I.X|33/100
|-heal|p2a: Escrameur|66/100|[from] drain|[of] p1a: R.E.G.R.E.M.I.X
|move|p1a: R.E.G.R.E.M.I.X|Earth Power|p2a: Escrameur
|-supereffective|p2a: Escrameur
|-damage|p2a: Escrameur|0 fnt
|faint|p2a: Escrameur
|
|upkeep
|
|t:|1760460263
|switch|p2a: Terminator|Iron Valiant|100/100
|-enditem|p2a: Terminator|Booster Energy
|-activate|p2a: Terminator|ability: Quark Drive|[fromitem]
|-start|p2a: Terminator|quarkdrivespe
|turn|3
|
|t:|1760460267
|move|p2a: Terminator|Calm Mind|p2a: Terminator
|-boost|p2a: Terminator|spa|1
|-boost|p2a: Terminator|spd|1
|move|p1a: R.E.G.R.E.M.I.X|Earth Power|p2a: Terminator
|-damage|p2a: Terminator|59/100
|
|upkeep
|turn|4
|
|t:|1760460271
|move|p2a: Terminator|Moonblast|p1a: R.E.G.R.E.M.I.X
|-crit|p1a: R.E.G.R.E.M.I.X
|-damage|p1a: R.E.G.R.E.M.I.X|0 fnt
|faint|p1a: R.E.G.R.E.M.I.X
|
|upkeep
|
|t:|1760460285
|switch|p1a: Irönhead|Kingambit, F|100/100
|-item|p1a: Irönhead|Air Balloon
|turn|5
|
|t:|1760460292
|move|p2a: Terminator|Focus Blast|p1a: Irönhead|[miss]
|-miss|p2a: Terminator|p1a: Irönhead
|move|p1a: Irönhead|Iron Head|p2a: Terminator
|-supereffective|p2a: Terminator
|-damage|p2a: Terminator|0 fnt
|faint|p2a: Terminator
|-end|p2a: Terminator|Quark Drive|[silent]
|
|upkeep
|
|t:|1760460296
|switch|p2a: Général 50/50|Kingambit, M|100/100
|-activate|p2a: Général 50/50|ability: Supreme Overlord
|-start|p2a: Général 50/50|fallen2|[silent]
|turn|6
|
|t:|1760460302
|switch|p1a: Quack Sabbath|Quaquaval, M|100/100
|move|p2a: Général 50/50|Low Kick|p1a: Quack Sabbath
|-damage|p1a: Quack Sabbath|63/100
|
|-heal|p1a: Quack Sabbath|70/100|[from] item: Leftovers
|upkeep
|turn|7
|
|t:|1760460307
|-end|p2a: Général 50/50|fallen2|[silent]
|switch|p2a: Masqurécage|Ogerpon-Wellspring, F|100/100
|move|p1a: Quack Sabbath|Close Combat|p2a: Masqurécage
|-damage|p2a: Masqurécage|24/100
|-unboost|p1a: Quack Sabbath|def|1
|-unboost|p1a: Quack Sabbath|spd|1
|
|-heal|p1a: Quack Sabbath|76/100|[from] item: Leftovers
|upkeep
|turn|8
|
|t:|1760460309
|switch|p1a: Apacherunt|Pecharunt|100/100
|move|p2a: Masqurécage|Power Whip|p1a: Apacherunt
|-resisted|p1a: Apacherunt
|-damage|p1a: Apacherunt|84/100
|
|upkeep
|turn|9
|
|t:|1760460313
|move|p2a: Masqurécage|Ivy Cudgel|p1a: Apacherunt|[anim] Ivy Cudgel Water
|-damage|p1a: Apacherunt|55/100
|move|p1a: Apacherunt|Parting Shot|p2a: Masqurécage
|-unboost|p2a: Masqurécage|atk|1
|-unboost|p2a: Masqurécage|spa|1
|
|t:|1760460315
|switch|p1a: Irönhead|Kingambit, F|100/100|[from] Parting Shot
|-item|p1a: Irönhead|Air Balloon
|
|upkeep
|turn|10
|
|t:|1760460320
|move|p2a: Masqurécage|Ivy Cudgel|p1a: Irönhead|[anim] Ivy Cudgel Water
|-crit|p1a: Irönhead
|-damage|p1a: Irönhead|27/100
|-enditem|p1a: Irönhead|Air Balloon
|move|p1a: Irönhead|Stealth Rock|p2a: Masqurécage
|-sidestart|p2: RoaringMoonlight2|move: Stealth Rock
|
|upkeep
|turn|11
|
|t:|1760460327
|move|p1a: Irönhead|Sucker Punch||[still]
|-fail|p1a: Irönhead
|move|p2a: Masqurécage|Encore|p1a: Irönhead
|-start|p1a: Irönhead|Encore
|
|upkeep
|turn|12
|
|t:|1760460333
|switch|p1a: Apacherunt|Pecharunt|55/100
|move|p2a: Masqurécage|Swords Dance|p2a: Masqurécage
|-boost|p2a: Masqurécage|atk|2
|
|upkeep
|turn|13
|
|t:|1760460340
|move|p2a: Masqurécage|Ivy Cudgel|p1a: Apacherunt|[anim] Ivy Cudgel Water
|-damage|p1a: Apacherunt|14/100
|move|p1a: Apacherunt|Shadow Ball|p2a: Masqurécage
|-damage|p2a: Masqurécage|0 fnt
|faint|p2a: Masqurécage
|
|upkeep
|
|t:|1760460344
|switch|p2a: Fleur de Cuivre|Glimmora, F|100/100
|-damage|p2a: Fleur de Cuivre|88/100|[from] Stealth Rock
|turn|14
|inactive|RoaringMoonlight2 has 120 seconds left.
|
|t:|1760460389
|move|p2a: Fleur de Cuivre|Stealth Rock|p1a: Apacherunt
|-sidestart|p1: Swagataka|move: Stealth Rock
|move|p1a: Apacherunt|Shadow Ball|p2a: Fleur de Cuivre
|-damage|p2a: Fleur de Cuivre|54/100
|
|upkeep
|turn|15
|
|t:|1760460397
|move|p2a: Fleur de Cuivre|Mortal Spin|p1a: Apacherunt
|-resisted|p1a: Apacherunt
|-damage|p1a: Apacherunt|14/100
|-sideend|p2: RoaringMoonlight2|Stealth Rock|[from] move: Mortal Spin|[of] p2a: Fleur de Cuivre
|move|p1a: Apacherunt|Shadow Ball|p2a: Fleur de Cuivre
|-damage|p2a: Fleur de Cuivre|20/100
|
|upkeep
|turn|16
|
|t:|1760460403
|move|p2a: Fleur de Cuivre|Meteor Beam||[still]
|-prepare|p2a: Fleur de Cuivre|Meteor Beam
|-boost|p2a: Fleur de Cuivre|spa|1
|-enditem|p2a: Fleur de Cuivre|Power Herb
|-anim|p2a: Fleur de Cuivre|Meteor Beam|p1a: Apacherunt
|-damage|p1a: Apacherunt|0 fnt
|faint|p1a: Apacherunt
|
|upkeep
|
|t:|1760460406
|switch|p1a: Irönhead|Kingambit, F|100/100
|-damage|p1a: Irönhead|88/100|[from] Stealth Rock
|-item|p1a: Irönhead|Air Balloon
|turn|17
|
|t:|1760460411
|switch|p2a: Général 50/50|Kingambit, M|100/100
|-activate|p2a: Général 50/50|ability: Supreme Overlord
|-start|p2a: Général 50/50|fallen3|[silent]
|move|p1a: Irönhead|Shadow Ball|p2a: Général 50/50
|-resisted|p2a: Général 50/50
|-damage|p2a: Général 50/50|76/100
|
|upkeep
|turn|18
|
|t:|1760460421
|switch|p1a: Steely Don|Great Tusk|100/100
|move|p2a: Général 50/50|Kowtow Cleave|p1a: Steely Don
|-resisted|p1a: Steely Don
|-damage|p1a: Steely Don|73/100
|
|upkeep
|turn|19
|
|t:|1760460426
|-terastallize|p2a: Général 50/50|Dark
|move|p1a: Steely Don|Rapid Spin|p2a: Général 50/50
|-damage|p2a: Général 50/50|62/100
|-boost|p1a: Steely Don|spe|1
|-sideend|p1: Swagataka|Stealth Rock|[from] move: Rapid Spin|[of] p1a: Steely Don
|move|p2a: Général 50/50|Swords Dance|p2a: Général 50/50
|-boost|p2a: Général 50/50|atk|2
|
|upkeep
|turn|20
|
|t:|1760460437
|-end|p1a: Steely Don|Protosynthesis|[silent]
|switch|p1a: Irönhead|Kingambit, F|27/100
|move|p2a: Général 50/50|Kowtow Cleave|p1a: Irönhead
|-resisted|p1a: Irönhead
|-damage|p1a: Irönhead|0 fnt
|faint|p1a: Irönhead
|
|upkeep
|
|t:|1760460442
|switch|p1a: Steely Don|Great Tusk|88/100
|-item|p1a: Steely Don|Air Balloon
|turn|21
|
|t:|1760460451
|move|p2a: Général 50/50|Sucker Punch|p1a: Steely Don
|-supereffective|p1a: Steely Don
|-damage|p1a: Steely Don|0 fnt
|replace|p1a: Linkin Zark|Zoroark-Hisui, F, shiny
|-end|p1a: Linkin Zark|Illusion
|-enditem|p1a: Linkin Zark|Air Balloon
|faint|p1a: Linkin Zark
|
|upkeep
|
|t:|1760460453
|switch|p1a: Quack Sabbath|Quaquaval, M|76/100
|turn|22
|
|t:|1760460456
|move|p2a: Général 50/50|Sucker Punch||[still]
|-fail|p2a: Général 50/50
|move|p1a: Quack Sabbath|Encore|p2a: Général 50/50
|-start|p2a: Général 50/50|Encore
|
|-heal|p1a: Quack Sabbath|82/100|[from] item: Leftovers
|upkeep
|turn|23
|
|t:|1760460480
|switch|p1a: Steely Don|Great Tusk|73/100
|move|p2a: Général 50/50|Sucker Punch||[still]
|-fail|p2a: Général 50/50
|
|upkeep
|turn|24
|
|t:|1760460485
|-end|p1a: Steely Don|Protosynthesis|[silent]
|switch|p1a: Quack Sabbath|Quaquaval, M|82/100
|move|p2a: Général 50/50|Sucker Punch||[still]
|-fail|p2a: Général 50/50
|
|-heal|p1a: Quack Sabbath|88/100|[from] item: Leftovers
|upkeep
|turn|25
|
|t:|1760460489
|move|p2a: Général 50/50|Sucker Punch||[still]
|-fail|p2a: Général 50/50
|move|p1a: Quack Sabbath|Bulk Up|p1a: Quack Sabbath
|-boost|p1a: Quack Sabbath|atk|1
|-boost|p1a: Quack Sabbath|def|1
|
|-heal|p1a: Quack Sabbath|95/100|[from] item: Leftovers
|-end|p2a: Général 50/50|Encore
|upkeep
|turn|26
|
|t:|1760460496
|-end|p2a: Général 50/50|fallen3|[silent]
|switch|p2a: Raille-Cou|Raging Bolt|100/100
|move|p1a: Quack Sabbath|Aqua Step|p2a: Raille-Cou
|-resisted|p2a: Raille-Cou
|-damage|p2a: Raille-Cou|74/100
|-boost|p1a: Quack Sabbath|spe|1
|
|-heal|p1a: Quack Sabbath|100/100|[from] item: Leftovers
|-heal|p2a: Raille-Cou|81/100|[from] item: Leftovers
|upkeep
|turn|27
|
|t:|1760460509
|-terastallize|p1a: Quack Sabbath|Steel
|move|p1a: Quack Sabbath|Close Combat|p2a: Raille-Cou
|-damage|p2a: Raille-Cou|5/100
|-unboost|p1a: Quack Sabbath|def|1
|-unboost|p1a: Quack Sabbath|spd|1
|move|p2a: Raille-Cou|Thunderbolt|p1a: Quack Sabbath
|-crit|p1a: Quack Sabbath
|-damage|p1a: Quack Sabbath|0 fnt
|faint|p1a: Quack Sabbath
|
|-heal|p2a: Raille-Cou|11/100|[from] item: Leftovers
|upkeep
|
|t:|1760460511
|switch|p1a: Steely Don|Great Tusk|73/100
|turn|28
|
|t:|1760460517
|move|p1a: Steely Don|Ice Spinner|p2a: Raille-Cou
|-supereffective|p2a: Raille-Cou
|-damage|p2a: Raille-Cou|0 fnt
|faint|p2a: Raille-Cou
|-end|p2a: Raille-Cou|Protosynthesis|[silent]
|
|upkeep
|
|t:|1760460519
|switch|p2a: Fleur de Cuivre|Glimmora, F|20/100
|turn|29
|
|t:|1760460524
|move|p1a: Steely Don|Ice Spinner|p2a: Fleur de Cuivre
|-damage|p2a: Fleur de Cuivre|0 fnt
|-activate|p2a: Fleur de Cuivre|ability: Toxic Debris
|-sidestart|p1: Swagataka|move: Toxic Spikes
|faint|p2a: Fleur de Cuivre
|
|upkeep
|
|t:|1760460526
|switch|p2a: Général 50/50|Kingambit, M, tera:Dark|62/100
|-activate|p2a: Général 50/50|ability: Supreme Overlord
|-start|p2a: Général 50/50|fallen5|[silent]
|turn|30
|
|t:|1760460535
|move|p1a: Steely Don|Headlong Rush|p2a: Général 50/50
|-damage|p2a: Général 50/50|5/100
|-unboost|p1a: Steely Don|def|1
|-unboost|p1a: Steely Don|spd|1
|move|p2a: Général 50/50|Low Kick|p1a: Steely Don
|-damage|p1a: Steely Don|0 fnt
|faint|p1a: Steely Don
|-end|p1a: Steely Don|Protosynthesis|[silent]
|
|win|RoaringMoonlight2
|raw|Swagataka's rating: 1662 &rarr; <strong>1647</strong><br />(-15 for losing)
|raw|RoaringMoonlight2's rating: 1750 &rarr; <strong>1765</strong><br />(+15 for winning)
|l|☆Swagataka
|player|p1|
|l|☆RoaringMoonlight2
|player|p2|
|j|☆RoaringMoonlight2
|player|p2|RoaringMoonlight2|turo-ai|
|l|☆RoaringMoonlight2
|player|p2|
