|j|☆nuhnoahgoat
|j|☆Harsh9555
|t:|1760304159
|gametype|singles
|player|p1|nuhnoahgoat|steven|1354
|player|p2|Harsh9555|265|1350
|gen|9
|tier|[Gen 9] OU
|rated|
|rule|HP Percentage Mod: HP is shown in percentages
|rule|Endless Battle Clause: Forcing endless battles is banned
|rule|Species Clause: Limit one of each Pokémon
|rule|OHKO Clause: OHKO moves are banned
|rule|Evasion Items Clause: Evasion items are banned
|rule|Evasion Moves Clause: Evasion moves are banned
|rule|Evasion Abilities Clause: Evasion abilities are banned
|rule|Sleep Moves Clause: Sleep-inducing moves are banned
|clearpoke
|poke|p1|Drifblim, M|
|poke|p1|Zamazenta-*|
|poke|p1|Excadrill, M|
|poke|p1|Rillaboom, F|
|poke|p1|Hydreigon, F|
|poke|p1|Manaphy|
|poke|p2|Pikachu, M|
|poke|p2|Dragonite, F|
|poke|p2|Gengar, M|
|poke|p2|Talonflame, F|
|poke|p2|Goodra-Hisui, M|
|poke|p2|Greninja-*, M|
|teampreview
|inactive|Battle timer is ON: inactive players will automatically lose when time's up. (requested by Harsh9555)
|
|t:|1760304179
|teamsize|p1|6
|teamsize|p2|6
|start
|switch|p1a: Excadrill|Excadrill, M, shiny|100/100
|switch|p2a: Pikachu|Pikachu, M|100/100
|-ability|p1a: Excadrill|Mold Breaker
|turn|1
|
|t:|1760304185
|move|p2a: Pikachu|Fake Out|p1a: Excadrill
|-resisted|p1a: Excadrill
|-damage|p1a: Excadrill|95/100
|cant|p1a: Excadrill|flinch
|
|upkeep
|turn|2
|
|t:|1760304191
|move|p1a: Excadrill|Stealth Rock|p2a: Pikachu
|-sidestart|p2: Harsh9555|move: Stealth Rock
|move|p2a: Pikachu|Endeavor|p1a: Excadrill
|-damage|p1a: Excadrill|59/100
|
|upkeep
|turn|3
|
|t:|1760304197
|move|p1a: Excadrill|Earthquake|p2a: Pikachu
|-supereffective|p2a: Pikachu
|-enditem|p2a: Pikachu|Focus Sash
|-damage|p2a: Pikachu|1/100
|move|p2a: Pikachu|Endeavor|p1a: Excadrill
|-damage|p1a: Excadrill|1/100
|
|upkeep
|turn|4
|
|t:|1760304205
|move|p2a: Pikachu|Quick Attack|p1a: Excadrill
|-resisted|p1a: Excadrill
|-damage|p1a: Excadrill|0 fnt
|faint|p1a: Excadrill
|
|upkeep
|
|t:|1760304221
|switch|p1a: Rillaboom|Rillaboom, F|100/100
|-fieldstart|move: Grassy Terrain|[from] ability: Grassy Surge|[of] p1a: Rillaboom
|turn|5
|
|t:|1760304233
|move|p2a: Pikachu|Quick Attack|p1a: Rillaboom
|-damage|p1a: Rillaboom|92/100
|move|p1a: Rillaboom|Grassy Glide|p2a: Pikachu
|-damage|p2a: Pikachu|0 fnt
|faint|p2a: Pikachu
|
|-heal|p1a: Rillaboom|99/100|[from] Grassy Terrain
|upkeep
|
|t:|1760304241
|switch|p2a: Talonflame|Talonflame, F|100/100
|turn|6
|
|t:|1760304249
|switch|p1a: Manaphy|Manaphy|100/100
|move|p2a: Talonflame|Defog|p1a: Manaphy
|-unboost|p1a: Manaphy|evasion|1
|-sideend|p2: Harsh9555|Stealth Rock|[from] move: Defog|[of] p2a: Talonflame
|-fieldend|move: Grassy Terrain
|
|upkeep
|turn|7
|
|t:|1760304257
|switch|p2a: Gengar|Gengar, M|100/100
|move|p1a: Manaphy|Tail Glow|p1a: Manaphy
|-boost|p1a: Manaphy|spa|3
|
|upkeep
|turn|8
|
|t:|1760304264
|move|p2a: Gengar|Nasty Plot|p2a: Gengar
|-boost|p2a: Gengar|spa|2
|move|p1a: Manaphy|Hydro Pump|p2a: Gengar
|-enditem|p2a: Gengar|Focus Sash
|-damage|p2a: Gengar|1/100
|-start|p1a: Manaphy|Disable|Hydro Pump|[from] ability: Cursed Body|[of] p2a: Gengar
|
|upkeep
|turn|9
|
|t:|1760304270
|move|p2a: Gengar|Destiny Bond|p2a: Gengar
|-singlemove|p2a: Gengar|Destiny Bond
|move|p1a: Manaphy|Ice Beam|p2a: Gengar
|-damage|p2a: Gengar|0 fnt
|faint|p2a: Gengar
|-activate|p2a: Gengar|move: Destiny Bond
|faint|p1a: Manaphy
|
|upkeep
|
|t:|1760304282
|switch|p2a: Talonflame|Talonflame, F|100/100
|switch|p1a: Hydreigon|Hydreigon, F, shiny|100/100
|turn|10
|
|t:|1760304286
|move|p2a: Talonflame|Brave Bird|p1a: Hydreigon
|-damage|p1a: Hydreigon|46/100
|-damage|p2a: Talonflame|81/100|[from] Recoil
|move|p1a: Hydreigon|Focus Energy|p1a: Hydreigon
|-start|p1a: Hydreigon|move: Focus Energy
|
|upkeep
|turn|11
|
|t:|1760304292
|move|p2a: Talonflame|Brave Bird|p1a: Hydreigon
|-damage|p1a: Hydreigon|0 fnt
|faint|p1a: Hydreigon
|-damage|p2a: Talonflame|64/100|[from] Recoil
|
|upkeep
|
|t:|1760304296
|switch|p1a: Rillaboom|Rillaboom, F|99/100
|-fieldstart|move: Grassy Terrain|[from] ability: Grassy Surge|[of] p1a: Rillaboom
|turn|12
|
|t:|1760304303
|switch|p1a: Drifblim|Drifblim, M, shiny|100/100
|-enditem|p1a: Drifblim|Grassy Seed
|-boost|p1a: Drifblim|def|1|[from] item: Grassy Seed
|move|p2a: Talonflame|Roost|p2a: Talonflame
|-heal|p2a: Talonflame|100/100
|-singleturn|p2a: Talonflame|move: Roost
|
|upkeep
|turn|13
|
|t:|1760304310
|move|p1a: Drifblim|Substitute|p1a: Drifblim
|-start|p1a: Drifblim|Substitute
|-damage|p1a: Drifblim|76/100
|move|p2a: Talonflame|Flare Blitz|p1a: Drifblim
|-end|p1a: Drifblim|Substitute
|-damage|p2a: Talonflame|88/100|[from] Recoil|[of] p1a: Drifblim
|
|upkeep
|turn|14
|
|t:|1760304317
|move|p1a: Drifblim|Shadow Ball|p2a: Talonflame
|-damage|p2a: Talonflame|30/100
|-unboost|p2a: Talonflame|spd|1
|move|p2a: Talonflame|Flare Blitz|p1a: Drifblim
|-damage|p1a: Drifblim|39/100
|-damage|p2a: Talonflame|12/100|[from] Recoil
|
|upkeep
|turn|15
|
|t:|1760304325
|move|p1a: Drifblim|Shadow Ball|p2a: Talonflame
|-damage|p2a: Talonflame|0 fnt
|faint|p2a: Talonflame
|
|upkeep
|
|t:|1760304328
|switch|p2a: Greninja|Greninja, M|100/100
|turn|16
|
|t:|1760304342
|move|p1a: Drifblim|Substitute|p1a: Drifblim
|-start|p1a: Drifblim|Substitute
|-damage|p1a: Drifblim|14/100
|move|p2a: Greninja|Dark Pulse|p1a: Drifblim
|-supereffective|p1a: Drifblim
|-end|p1a: Drifblim|Substitute
|
|-fieldend|move: Grassy Terrain
|upkeep
|turn|17
|
|t:|1760304350
|move|p2a: Greninja|Water Shuriken|p1a: Drifblim
|-damage|p1a: Drifblim|5/100
|-damage|p1a: Drifblim|0 fnt
|faint|p1a: Drifblim
|-ability|p2a: Greninja|Battle Bond|boost
|-boost|p2a: Greninja|atk|1
|-boost|p2a: Greninja|spa|1
|-boost|p2a: Greninja|spe|1
|-activate|p2a: Greninja|ability: Battle Bond
|-hitcount|p1: Drifblim|2
|
|upkeep
|
|t:|1760304356
|switch|p1a: Zamazenta|Zamazenta, shiny|100/100
|-ability|p1a: Zamazenta|Dauntless Shield|boost
|-boost|p1a: Zamazenta|def|1
|turn|18
|
|t:|1760304367
|move|p2a: Greninja|Grass Knot|p1a: Zamazenta
|-damage|p1a: Zamazenta|66/100
|move|p1a: Zamazenta|Body Press|p2a: Greninja
|-supereffective|p2a: Greninja
|-damage|p2a: Greninja|0 fnt
|faint|p2a: Greninja
|
|upkeep
|
|t:|1760304377
|switch|p2a: Goodra|Goodra-Hisui, M|100/100
|turn|19
|
|t:|1760304382
|move|p1a: Zamazenta|Body Press|p2a: Goodra
|-supereffective|p2a: Goodra
|-damage|p2a: Goodra|0 fnt
|-ability|p2a: Goodra|Gooey
|-unboost|p1a: Zamazenta|spe|1
|faint|p2a: Goodra
|
|upkeep
|
|t:|1760304386
|switch|p2a: Dragonite|Dragonite, F|100/100
|turn|20
|
|t:|1760304394
|move|p1a: Zamazenta|Heavy Slam|p2a: Dragonite
|-damage|p2a: Dragonite|94/100
|move|p2a: Dragonite|Dragon Dance|p2a: Dragonite
|-boost|p2a: Dragonite|atk|1
|-boost|p2a: Dragonite|spe|1
|
|upkeep
|turn|21
|
|t:|1760304403
|-terastallize|p2a: Dragonite|Steel
|move|p2a: Dragonite|Dragon Dance|p2a: Dragonite
|-boost|p2a: Dragonite|atk|1
|-boost|p2a: Dragonite|spe|1
|move|p1a: Zamazenta|Body Press|p2a: Dragonite
|-supereffective|p2a: Dragonite
|-damage|p2a: Dragonite|0 fnt
|faint|p2a: Dragonite
|
|win|nuhnoahgoat
|raw|nuhnoahgoat's rating: 1354 &rarr; <strong>1374</strong><br />(+20 for winning)
|raw|Harsh9555's rating: 1350 &rarr; <strong>1330</strong><br />(-20 for losing)
|l|☆Harsh9555
|player|p2|
|l|☆nuhnoahgoat
|player|p1|
