|j|☆Lord Poopyz
|j|☆yellow octopus
|t:|1760307057
|gametype|singles
|player|p1|Lord Poopyz|veteran|1469
|player|p2|yellow octopus|266|1500
|gen|9
|tier|[Gen 9] OU
|rated|
|rule|HP Percentage Mod: HP is shown in percentages
|rule|Endless Battle Clause: Forcing endless battles is banned
|rule|Species Clause: Limit one of each Pokémon
|rule|OHKO Clause: OHKO moves are banned
|rule|Evasion Items Clause: Evasion items are banned
|rule|Evasion Moves Clause: Evasion moves are banned
|rule|Evasion Abilities Clause: Evasion abilities are banned
|rule|Sleep Moves Clause: Sleep-inducing moves are banned
|clearpoke
|poke|p1|Indeedee, M|
|poke|p1|Hawlucha, F|
|poke|p1|Sceptile, F|
|poke|p1|Meowstic, M|
|poke|p1|Ceruledge, M|
|poke|p1|Hitmonlee, M|
|poke|p2|Arcanine-Hisui, M|
|poke|p2|Rillaboom, F|
|poke|p2|Weezing-Galar, F|
|poke|p2|Great Tusk|
|poke|p2|Kingambit, F|
|poke|p2|Dragapult, F|
|teampreview
|inactive|Battle timer is ON: inactive players will automatically lose when time's up. (requested by Lord Poopyz)
|inactive|yellow octopus has 120 seconds left.
|
|t:|1760307099
|teamsize|p1|6
|teamsize|p2|6
|start
|switch|p1a: Indeedee|Indeedee, M|100/100
|switch|p2a: Kingambit|Kingambit, F|100/100
|-fieldstart|move: Psychic Terrain|[from] ability: Psychic Surge|[of] p1a: Indeedee
|turn|1
|
|t:|1760307115
|switch|p1a: Ceruledge|Ceruledge, M|100/100
|move|p2a: Kingambit|Iron Head|p1a: Ceruledge
|-resisted|p1a: Ceruledge
|-damage|p1a: Ceruledge|64/100
|-ability|p1a: Ceruledge|Weak Armor|boost
|-unboost|p1a: Ceruledge|def|1
|-boost|p1a: Ceruledge|spe|2
|
|upkeep
|turn|2
|
|t:|1760307135
|-terastallize|p2a: Kingambit|Fire
|move|p1a: Ceruledge|Endure|p1a: Ceruledge
|-singleturn|p1a: Ceruledge|move: Endure
|move|p2a: Kingambit|Kowtow Cleave|p1a: Ceruledge
|-supereffective|p1a: Ceruledge
|-activate|p1a: Ceruledge|move: Endure
|-damage|p1a: Ceruledge|1/100
|-ability|p1a: Ceruledge|Weak Armor|boost
|-unboost|p1a: Ceruledge|def|1
|-boost|p1a: Ceruledge|spe|2
|-enditem|p1a: Ceruledge|Weakness Policy
|-boost|p1a: Ceruledge|atk|2|[from] item: Weakness Policy
|-boost|p1a: Ceruledge|spa|2|[from] item: Weakness Policy
|
|upkeep
|turn|3
|
|t:|1760307155
|-terastallize|p1a: Ceruledge|Psychic
|move|p1a: Ceruledge|Stored Power|p2a: Kingambit
|-damage|p2a: Kingambit|0 fnt
|faint|p2a: Kingambit
|-end|p2a: Kingambit|fallenundefined|[silent]
|
|upkeep
|
|t:|1760307159
|switch|p2a: Rillaboom|Rillaboom, F|100/100
|-fieldstart|move: Grassy Terrain|[from] ability: Grassy Surge|[of] p2a: Rillaboom
|turn|4
|
|t:|1760307169
|move|p1a: Ceruledge|Endure|p1a: Ceruledge
|-singleturn|p1a: Ceruledge|move: Endure
|move|p2a: Rillaboom|Grassy Glide|p1a: Ceruledge
|-activate|p1a: Ceruledge|move: Endure
|-damage|p1a: Ceruledge|1/100
|-ability|p1a: Ceruledge|Weak Armor|boost
|-unboost|p1a: Ceruledge|def|1
|-boost|p1a: Ceruledge|spe|2
|
|-heal|p1a: Ceruledge|7/100|[from] Grassy Terrain
|upkeep
|turn|5
|
|t:|1760307176
|move|p2a: Rillaboom|Grassy Glide|p1a: Ceruledge
|-damage|p1a: Ceruledge|0 fnt
|faint|p1a: Ceruledge
|
|upkeep
|
|t:|1760307178
|switch|p1a: Indeedee|Indeedee, M|100/100
|-fieldstart|move: Psychic Terrain|[from] ability: Psychic Surge|[of] p1a: Indeedee
|turn|6
|
|t:|1760307189
|move|p1a: Indeedee|Calm Mind|p1a: Indeedee
|-boost|p1a: Indeedee|spa|1
|-boost|p1a: Indeedee|spd|1
|move|p2a: Rillaboom|Knock Off|p1a: Indeedee
|-supereffective|p1a: Indeedee
|-damage|p1a: Indeedee|0 fnt
|-enditem|p1a: Indeedee|Terrain Extender|[from] move: Knock Off|[of] p2a: Rillaboom
|faint|p1a: Indeedee
|
|upkeep
|
|t:|1760307203
|switch|p1a: Hitmonlee|Hitmonlee, M|100/100
|-enditem|p1a: Hitmonlee|Psychic Seed
|-boost|p1a: Hitmonlee|spd|1|[from] item: Psychic Seed
|turn|7
|
|t:|1760307209
|switch|p2a: Weezing|Weezing-Galar, F|100/100
|-ability|p2a: Weezing|Neutralizing Gas
|move|p1a: Hitmonlee|Swords Dance|p1a: Hitmonlee
|-boost|p1a: Hitmonlee|atk|2
|
|upkeep
|turn|8
|
|t:|1760307212
|move|p1a: Hitmonlee|Swords Dance|p1a: Hitmonlee
|-boost|p1a: Hitmonlee|atk|2
|move|p2a: Weezing|Will-O-Wisp|p1a: Hitmonlee
|-status|p1a: Hitmonlee|brn
|
|-damage|p1a: Hitmonlee|94/100 brn|[from] brn
|upkeep
|turn|9
|
|t:|1760307217
|move|p1a: Hitmonlee|Swords Dance|p1a: Hitmonlee
|-boost|p1a: Hitmonlee|atk|2
|move|p2a: Weezing|Sludge Bomb|p1a: Hitmonlee
|-damage|p1a: Hitmonlee|69/100 brn
|
|-damage|p1a: Hitmonlee|63/100 brn|[from] brn
|upkeep
|turn|10
|inactive|yellow octopus has 120 seconds left.
|
|t:|1760307247
|-end|p2a: Weezing|ability: Neutralizing Gas
|switch|p2a: Great Tusk|Great Tusk|100/100
|move|p1a: Hitmonlee|Knock Off|p2a: Great Tusk
|-resisted|p2a: Great Tusk
|-damage|p2a: Great Tusk|74/100
|-damage|p1a: Hitmonlee|47/100 brn|[from] item: Rocky Helmet|[of] p2a: Great Tusk
|-enditem|p2a: Great Tusk|Rocky Helmet|[from] move: Knock Off|[of] p1a: Hitmonlee
|
|-damage|p1a: Hitmonlee|40/100 brn|[from] brn
|upkeep
|turn|11
|inactive|yellow octopus has 120 seconds left.
|
|t:|1760307262
|move|p1a: Hitmonlee|Close Combat|p2a: Great Tusk
|-damage|p2a: Great Tusk|0 fnt
|-unboost|p1a: Hitmonlee|def|1
|-unboost|p1a: Hitmonlee|spd|1
|faint|p2a: Great Tusk
|-end|p2a: Great Tusk|Protosynthesis|[silent]
|
|-damage|p1a: Hitmonlee|34/100 brn|[from] brn
|upkeep
|
|t:|1760307266
|switch|p2a: Rillaboom|Rillaboom, F|100/100
|-fieldstart|move: Grassy Terrain|[from] ability: Grassy Surge|[of] p2a: Rillaboom
|turn|12
|
|t:|1760307273
|move|p2a: Rillaboom|Grassy Glide|p1a: Hitmonlee
|-damage|p1a: Hitmonlee|0 fnt
|faint|p1a: Hitmonlee
|
|upkeep
|
|t:|1760307277
|switch|p1a: Meowstic|Meowstic, M|100/100
|turn|13
|
|t:|1760307281
|move|p1a: Meowstic|Thunder Wave|p2a: Rillaboom
|-status|p2a: Rillaboom|par
|move|p2a: Rillaboom|Knock Off|p1a: Meowstic
|-supereffective|p1a: Meowstic
|-damage|p1a: Meowstic|0 fnt
|-enditem|p1a: Meowstic|Terrain Extender|[from] move: Knock Off|[of] p2a: Rillaboom
|faint|p1a: Meowstic
|
|upkeep
|
|t:|1760307286
|switch|p1a: Sceptile|Sceptile, F|100/100
|turn|14
|
|t:|1760307303
|move|p1a: Sceptile|Swords Dance|p1a: Sceptile
|-boost|p1a: Sceptile|atk|2
|move|p2a: Rillaboom|U-turn|p1a: Sceptile
|-supereffective|p1a: Sceptile
|-damage|p1a: Sceptile|20/100
|
|t:|1760307308
|switch|p2a: Arcanine|Arcanine-Hisui, M, shiny|100/100|[from] U-turn
|
|-heal|p1a: Sceptile|26/100|[from] Grassy Terrain
|upkeep
|turn|15
|
|t:|1760307312
|move|p2a: Arcanine|Extreme Speed|p1a: Sceptile
|-damage|p1a: Sceptile|0 fnt
|faint|p1a: Sceptile
|
|upkeep
|
|t:|1760307314
|switch|p1a: Hawlucha|Hawlucha, F|100/100
|turn|16
|
|t:|1760307325
|move|p2a: Arcanine|Extreme Speed|p1a: Hawlucha
|-damage|p1a: Hawlucha|58/100
|move|p1a: Hawlucha|Close Combat|p2a: Arcanine
|-supereffective|p2a: Arcanine
|-damage|p2a: Arcanine|0 fnt
|-unboost|p1a: Hawlucha|def|1
|-unboost|p1a: Hawlucha|spd|1
|faint|p2a: Arcanine
|
|-fieldend|move: Grassy Terrain
|upkeep
|
|t:|1760307330
|switch|p2a: Dragapult|Dragapult, F|100/100
|turn|17
|
|t:|1760307335
|move|p2a: Dragapult|Shadow Ball|p1a: Hawlucha
|-damage|p1a: Hawlucha|0 fnt
|faint|p1a: Hawlucha
|
|win|yellow octopus
|raw|Lord Poopyz's rating: 1469 &rarr; <strong>1451</strong><br />(-18 for losing)
|raw|yellow octopus's rating: 1500 &rarr; <strong>1518</strong><br />(+18 for winning)
|l|☆Lord Poopyz
|player|p1|
|l|☆yellow octopus
|player|p2|
