|j|☆BigPnkPig
|j|☆222888AL
|t:|1760438456
|gametype|singles
|player|p1|BigPnkPig|266|1049
|player|p2|222888AL|cynthia|1040
|gen|9
|tier|[Gen 9] OU
|rated|
|rule|HP Percentage Mod: HP is shown in percentages
|rule|Endless Battle Clause: Forcing endless battles is banned
|rule|Species Clause: Limit one of each Pokémon
|rule|OHKO Clause: OHKO moves are banned
|rule|Evasion Items Clause: Evasion items are banned
|rule|Evasion Moves Clause: Evasion moves are banned
|rule|Evasion Abilities Clause: Evasion abilities are banned
|rule|Sleep Moves Clause: Sleep-inducing moves are banned
|clearpoke
|poke|p1|Glimmora, M|
|poke|p1|Alomomola, M|
|poke|p1|Ting-Lu|
|poke|p1|Gholdengo|
|poke|p1|Kingambit, M|
|poke|p1|Cyclizar, M|
|poke|p2|Ribombee, F|
|poke|p2|Gholdengo|
|poke|p2|Thundurus-Therian, M|
|poke|p2|Ogerpon-Wellspring, F|
|poke|p2|Volcanion|
|poke|p2|Serperior, M|
|teampreview
|inactive|Battle timer is ON: inactive players will automatically lose when time's up. (requested by 222888AL)
|inactive|BigPnkPig also wants the timer to be on.
|
|t:|1760438484
|teamsize|p1|6
|teamsize|p2|6
|start
|switch|p1a: Glimmora|Glimmora, M|100/100
|switch|p2a: Ogerpon|Ogerpon-Wellspring, F|100/100
|turn|1
|
|t:|1760438500
|switch|p2a: Ribombee|Ribombee, F|100/100
|move|p1a: Glimmora|Stealth Rock|p2a: Ribombee
|-sidestart|p2: 222888AL|move: Stealth Rock
|
|upkeep
|turn|2
|
|t:|1760438505
|move|p2a: Ribombee|Sticky Web|p1a: Glimmora
|-sidestart|p1: BigPnkPig|move: Sticky Web
|move|p1a: Glimmora|Power Gem|p2a: Ribombee
|-supereffective|p2a: Ribombee
|-enditem|p2a: Ribombee|Focus Sash
|-damage|p2a: Ribombee|1/100
|
|upkeep
|turn|3
|
|t:|1760438510
|move|p2a: Ribombee|Moonblast|p1a: Glimmora
|-resisted|p1a: Glimmora
|-damage|p1a: Glimmora|73/100
|move|p1a: Glimmora|Mortal Spin|p2a: Ribombee
|-supereffective|p2a: Ribombee
|-damage|p2a: Ribombee|0 fnt
|-sideend|p1: BigPnkPig|Sticky Web|[from] move: Mortal Spin|[of] p1a: Glimmora
|faint|p2a: Ribombee
|
|upkeep
|
|t:|1760438516
|switch|p2a: Ogerpon|Ogerpon-Wellspring, F|100/100
|-damage|p2a: Ogerpon|88/100|[from] Stealth Rock
|turn|4
|
|t:|1760438543
|move|p2a: Ogerpon|Ivy Cudgel|p1a: Glimmora|[anim] Ivy Cudgel Water
|-supereffective|p1a: Glimmora
|-damage|p1a: Glimmora|0 fnt
|-activate|p1a: Glimmora|ability: Toxic Debris
|-sidestart|p2: 222888AL|move: Toxic Spikes
|faint|p1a: Glimmora
|
|upkeep
|inactive|BigPnkPig has 120 seconds left.
|
|t:|1760438562
|switch|p1a: Cyclizar|Cyclizar, M|100/100
|turn|5
|
|t:|1760438569
|move|p1a: Cyclizar|U-turn|p2a: Ogerpon
|-supereffective|p2a: Ogerpon
|-damage|p2a: Ogerpon|37/100
|
|t:|1760438573
|switch|p1a: Alomomola|Alomomola, M|100/100|[from] U-turn
|move|p2a: Ogerpon|Play Rough|p1a: Alomomola|[miss]
|-miss|p2a: Ogerpon|p1a: Alomomola
|
|upkeep
|turn|6
|
|t:|1760438589
|switch|p1a: Cyclizar|Cyclizar, M|100/100
|move|p2a: Ogerpon|Swords Dance|p2a: Ogerpon
|-boost|p2a: Ogerpon|atk|2
|
|upkeep
|turn|7
|
|t:|1760438609
|switch|p2a: Thundurus|Thundurus-Therian, M|100/100
|-damage|p2a: Thundurus|75/100|[from] Stealth Rock
|move|p1a: Cyclizar|U-turn|p2a: Thundurus
|-resisted|p2a: Thundurus
|-damage|p2a: Thundurus|59/100
|
|t:|1760438622
|switch|p1a: Ting-Lu|Ting-Lu|100/100|[from] U-turn
|-ability|p1a: Ting-Lu|Vessel of Ruin
|
|upkeep
|turn|8
|
|t:|1760438630
|move|p2a: Thundurus|Focus Blast|p1a: Ting-Lu
|-supereffective|p1a: Ting-Lu
|-damage|p1a: Ting-Lu|42/100
|move|p1a: Ting-Lu|Spikes|p2a: Thundurus
|-sidestart|p2: 222888AL|Spikes
|
|-heal|p1a: Ting-Lu|48/100|[from] item: Leftovers
|upkeep
|turn|9
|
|t:|1760438652
|switch|p1a: Gholdengo|Gholdengo|100/100
|move|p2a: Thundurus|Focus Blast|p1a: Gholdengo
|-immune|p1a: Gholdengo
|
|upkeep
|turn|10
|
|t:|1760438662
|switch|p2a: Ogerpon|Ogerpon-Wellspring, F|37/100
|-damage|p2a: Ogerpon|25/100|[from] Stealth Rock
|-status|p2a: Ogerpon|psn
|-damage|p2a: Ogerpon|12/100 psn|[from] Spikes
|move|p1a: Gholdengo|Shadow Ball|p2a: Ogerpon
|-damage|p2a: Ogerpon|0 fnt
|faint|p2a: Ogerpon
|
|upkeep
|
|t:|1760438672
|switch|p2a: Volcanion|Volcanion|100/100
|turn|11
|
|t:|1760438682
|move|p1a: Gholdengo|Shadow Ball|p2a: Volcanion
|-damage|p2a: Volcanion|50/100
|move|p2a: Volcanion|Flamethrower|p1a: Gholdengo
|-supereffective|p1a: Gholdengo
|-damage|p1a: Gholdengo|0 fnt
|faint|p1a: Gholdengo
|
|upkeep
|
|t:|1760438700
|switch|p1a: Alomomola|Alomomola, M|100/100
|turn|12
|
|t:|1760438709
|move|p2a: Volcanion|Earth Power|p1a: Alomomola
|-damage|p1a: Alomomola|76/100
|move|p1a: Alomomola|Mirror Coat|p2a: Volcanion
|-damage|p2a: Volcanion|0 fnt
|faint|p2a: Volcanion
|
|upkeep
|
|t:|1760438716
|switch|p2a: Serperior|Serperior, M|100/100
|-damage|p2a: Serperior|88/100|[from] Stealth Rock
|-status|p2a: Serperior|psn
|-damage|p2a: Serperior|76/100 psn|[from] Spikes
|turn|13
|
|t:|1760438739
|switch|p1a: Cyclizar|Cyclizar, M|100/100
|move|p2a: Serperior|Substitute|p2a: Serperior
|-start|p2a: Serperior|Substitute
|-damage|p2a: Serperior|51/100 psn
|
|-heal|p2a: Serperior|57/100 psn|[from] item: Leftovers
|-damage|p2a: Serperior|45/100 psn|[from] psn
|upkeep
|turn|14
|
|t:|1760438748
|move|p1a: Cyclizar|U-turn|p2a: Serperior
|-supereffective|p2a: Serperior
|-end|p2a: Serperior|Substitute
|
|t:|1760438757
|switch|p1a: Ting-Lu|Ting-Lu|48/100|[from] U-turn
|-ability|p1a: Ting-Lu|Vessel of Ruin
|move|p2a: Serperior|Glare|p1a: Ting-Lu
|-status|p1a: Ting-Lu|par
|
|-heal|p2a: Serperior|51/100 psn|[from] item: Leftovers
|-heal|p1a: Ting-Lu|54/100 par|[from] item: Leftovers
|-damage|p2a: Serperior|38/100 psn|[from] psn
|upkeep
|turn|15
|
|t:|1760438763
|move|p2a: Serperior|Leaf Storm|p1a: Ting-Lu
|-supereffective|p1a: Ting-Lu
|-damage|p1a: Ting-Lu|25/100 par
|-boost|p2a: Serperior|spa|2
|cant|p1a: Ting-Lu|par
|
|-heal|p2a: Serperior|45/100 psn|[from] item: Leftovers
|-heal|p1a: Ting-Lu|31/100 par|[from] item: Leftovers
|-damage|p2a: Serperior|32/100 psn|[from] psn
|upkeep
|turn|16
|
|t:|1760438776
|move|p2a: Serperior|Leaf Storm|p1a: Ting-Lu
|-supereffective|p1a: Ting-Lu
|-damage|p1a: Ting-Lu|0 fnt
|-boost|p2a: Serperior|spa|2
|faint|p1a: Ting-Lu
|
|-heal|p2a: Serperior|38/100 psn|[from] item: Leftovers
|-damage|p2a: Serperior|26/100 psn|[from] psn
|upkeep
|
|t:|1760438782
|switch|p1a: Cyclizar|Cyclizar, M|100/100
|turn|17
|
|t:|1760438788
|move|p1a: Cyclizar|U-turn|p2a: Serperior
|-supereffective|p2a: Serperior
|-damage|p2a: Serperior|0 fnt
|faint|p2a: Serperior
|
|t:|1760438793
|switch|p1a: Alomomola|Alomomola, M|100/100|[from] U-turn
|
|upkeep
|
|t:|1760438795
|switch|p2a: Thundurus|Thundurus-Therian, M|59/100
|-damage|p2a: Thundurus|34/100|[from] Stealth Rock
|turn|18
|
|t:|1760438800
|-terastallize|p2a: Thundurus|Electric
|move|p2a: Thundurus|Thunderbolt|p1a: Alomomola
|-supereffective|p1a: Alomomola
|-damage|p1a: Alomomola|0 fnt
|faint|p1a: Alomomola
|
|upkeep
|
|t:|1760438809
|switch|p1a: Kingambit|Kingambit, M|100/100
|-activate|p1a: Kingambit|ability: Supreme Overlord
|-start|p1a: Kingambit|fallen4|[silent]
|turn|19
|
|t:|1760438813
|move|p1a: Kingambit|Sucker Punch|p2a: Thundurus
|-damage|p2a: Thundurus|0 fnt
|faint|p2a: Thundurus
|
|upkeep
|
|t:|1760438815
|switch|p2a: Gholdengo|Gholdengo|100/100
|-damage|p2a: Gholdengo|94/100|[from] Stealth Rock
|-item|p2a: Gholdengo|Air Balloon
|turn|20
|-message|222888AL forfeited.
|
|win|BigPnkPig
|raw|BigPnkPig's rating: 1049 &rarr; <strong>1081</strong><br />(+32 for winning)
|raw|222888AL's rating: 1040 &rarr; <strong>1024</strong><br />(-16 for losing)
|l|☆222888AL
|player|p2|
