|badge|p1|bronze|gen9ou|100-7
|badge|p1|bronze|gen9randombattle|100-7
|uhtml|medal-msg|<div class="broadcast-blue">Curious what those medals under the avatar are? PS now has Ladder Seasons! For more information, check out the <a href="https://www.smogon.com/forums/threads/3740067/">thread on Smogon.</a></div>
|j|☆SpongeGar & Patar
|j|☆torvik en place
|t:|1760385250
|gametype|singles
|player|p1|SpongeGar & Patar|266|1818
|player|p2|torvik en place|gambler|1830
|gen|9
|tier|[Gen 9] OU
|rated|
|rule|HP Percentage Mod: HP is shown in percentages
|rule|Endless Battle Clause: Forcing endless battles is banned
|rule|Species Clause: Limit one of each Pokémon
|rule|OHKO Clause: OHKO moves are banned
|rule|Evasion Items Clause: Evasion items are banned
|rule|Evasion Moves Clause: Evasion moves are banned
|rule|Evasion Abilities Clause: Evasion abilities are banned
|rule|Sleep Moves Clause: Sleep-inducing moves are banned
|clearpoke
|poke|p1|Kyurem|
|poke|p1|Corviknight, F|
|poke|p1|Ting-Lu|
|poke|p1|Dondozo, F|
|poke|p1|Slowking-Galar, L99, M|
|poke|p1|Cinderace, F|
|poke|p2|Darkrai|
|poke|p2|Enamorus, F|
|poke|p2|Cinderace, F|
|poke|p2|Great Tusk|
|poke|p2|Alomomola, F|
|poke|p2|Amoonguss, F|
|teampreview
|
|t:|1760385300
|teamsize|p1|6
|teamsize|p2|6
|start
|switch|p1a: Kyurem|Kyurem|100/100
|switch|p2a: Enamorus|Enamorus, F|100/100
|-ability|p1a: Kyurem|Pressure
|turn|1
|inactive|Battle timer is ON: inactive players will automatically lose when time's up. (requested by SpongeGar & Patar)
|inactive|SpongeGar & Patar has 120 seconds left.
|j| OP Earthquakes
|
|t:|1760385349
|-terastallize|p1a: Kyurem|Ground
|move|p2a: Enamorus|Moonblast|p1a: Kyurem
|-damage|p1a: Kyurem|25/100
|move|p1a: Kyurem|Freeze-Dry|p2a: Enamorus
|-supereffective|p2a: Enamorus
|-damage|p2a: Enamorus|5/100
|
|-heal|p1a: Kyurem|31/100|[from] item: Leftovers
|upkeep
|turn|2
|inactive|SpongeGar & Patar has 120 seconds left.
|
|t:|1760385399
|switch|p1a: Slowking|Slowking-Galar, L99, M|100/100
|move|p2a: Enamorus|Moonblast|p1a: Slowking
|-resisted|p1a: Slowking
|-damage|p1a: Slowking|78/100
|
|upkeep
|turn|3
|inactive|SpongeGar & Patar has 90 seconds left.
|
|t:|1760385448
|switch|p2a: Alomomola|Alomomola, F|100/100
|move|p1a: Slowking|Toxic|p2a: Alomomola
|-status|p2a: Alomomola|tox
|
|-damage|p2a: Alomomola|94/100 tox|[from] psn
|upkeep
|turn|4
|inactive|SpongeGar & Patar has 60 seconds left.
|inactive|SpongeGar & Patar has 30 seconds left.
|
|t:|1760385496
|move|p2a: Alomomola|Body Slam|p1a: Slowking
|-damage|p1a: Slowking|63/100
|-status|p1a: Slowking|par
|cant|p1a: Slowking|par
|
|-damage|p2a: Alomomola|82/100 tox|[from] psn
|upkeep
|turn|5
|inactive|SpongeGar & Patar has 30 seconds left.
|
|t:|1760385507
|move|p2a: Alomomola|Flip Turn|p1a: Slowking
|-damage|p1a: Slowking|44/100 par
|
|t:|1760385510
|switch|p2a: Darkrai|Darkrai|100/100|[from] Flip Turn
|move|p1a: Slowking|Sludge Bomb|p2a: Darkrai
|-damage|p2a: Darkrai|55/100
|
|upkeep
|turn|6
|
|t:|1760385520
|switch|p1a: Ting-Lu|Ting-Lu|100/100
|-ability|p1a: Ting-Lu|Vessel of Ruin
|move|p2a: Darkrai|Knock Off|p1a: Ting-Lu
|-resisted|p1a: Ting-Lu
|-damage|p1a: Ting-Lu|91/100
|-enditem|p1a: Ting-Lu|Leftovers|[from] move: Knock Off|[of] p2a: Darkrai
|
|upkeep
|turn|7
|
|t:|1760385532
|switch|p2a: Alomomola|Alomomola, F|100/100 tox
|move|p1a: Ting-Lu|Earthquake|p2a: Alomomola
|-damage|p2a: Alomomola|74/100 tox
|
|-damage|p2a: Alomomola|68/100 tox|[from] psn
|upkeep
|turn|8
|
|t:|1760385544
|switch|p1a: Slowking|Slowking-Galar, L99, M|77/100 par
|move|p2a: Alomomola|Flip Turn|p1a: Slowking
|-damage|p1a: Slowking|59/100 par
|
|t:|1760385548
|switch|p2a: Darkrai|Darkrai|55/100|[from] Flip Turn
|
|upkeep
|turn|9
|
|t:|1760385557
|switch|p1a: Ting-Lu|Ting-Lu|91/100
|-ability|p1a: Ting-Lu|Vessel of Ruin
|move|p2a: Darkrai|Dark Pulse|p1a: Ting-Lu
|-resisted|p1a: Ting-Lu
|-damage|p1a: Ting-Lu|80/100
|
|upkeep
|turn|10
|j| bloodhound q50
|
|t:|1760385567
|switch|p2a: Alomomola|Alomomola, F|100/100 tox
|move|p1a: Ting-Lu|Earthquake|p2a: Alomomola
|-damage|p2a: Alomomola|73/100 tox
|
|-damage|p2a: Alomomola|67/100 tox|[from] psn
|upkeep
|turn|11
|inactive|SpongeGar & Patar has 60 seconds left.
|
|t:|1760385578
|switch|p1a: Corviknight|Corviknight, F|100/100
|-ability|p1a: Corviknight|Pressure
|move|p2a: Alomomola|Flip Turn|p1a: Corviknight
|-damage|p1a: Corviknight|90/100
|-damage|p2a: Alomomola|51/100 tox|[from] item: Rocky Helmet|[of] p1a: Corviknight
|
|t:|1760385600
|switch|p2a: Cinderace|Cinderace, F|100/100|[from] Flip Turn
|
|upkeep
|turn|12
|
|t:|1760385610
|switch|p1a: Dondozo|Dondozo, F|100/100
|move|p2a: Cinderace|Will-O-Wisp|p1a: Dondozo
|-status|p1a: Dondozo|brn
|
|-damage|p1a: Dondozo|94/100 brn|[from] brn
|upkeep
|turn|13
|
|t:|1760385619
|move|p2a: Cinderace|U-turn|p1a: Dondozo
|-damage|p1a: Dondozo|86/100 brn
|
|t:|1760385629
|switch|p2a: Alomomola|Alomomola, F|84/100 tox|[from] U-turn
|move|p1a: Dondozo|Rest|p1a: Dondozo
|-status|p1a: Dondozo|slp|[from] move: Rest
|-heal|p1a: Dondozo|100/100 slp|[silent]
|
|-damage|p2a: Alomomola|78/100 tox|[from] psn
|upkeep
|turn|14
|
|t:|1760385638
|switch|p1a: Slowking|Slowking-Galar, L99, M|92/100 par
|move|p2a: Alomomola|Flip Turn|p1a: Slowking
|-damage|p1a: Slowking|74/100 par
|
|t:|1760385644
|switch|p2a: Darkrai|Darkrai|55/100|[from] Flip Turn
|
|upkeep
|turn|15
|j| udm
|inactive|SpongeGar & Patar has 90 seconds left.
|
|t:|1760385654
|switch|p1a: Ting-Lu|Ting-Lu|80/100
|-ability|p1a: Ting-Lu|Vessel of Ruin
|move|p2a: Darkrai|Dark Pulse|p1a: Ting-Lu
|-resisted|p1a: Ting-Lu
|-damage|p1a: Ting-Lu|69/100
|
|upkeep
|turn|16
|inactive|SpongeGar & Patar has 90 seconds left.
|inactive|SpongeGar & Patar has 60 seconds left.
|
|t:|1760385703
|switch|p2a: Alomomola|Alomomola, F|100/100 tox
|move|p1a: Ting-Lu|Earthquake|p2a: Alomomola
|-damage|p2a: Alomomola|74/100 tox
|
|-damage|p2a: Alomomola|68/100 tox|[from] psn
|upkeep
|turn|17
|inactive|SpongeGar & Patar has 60 seconds left.
|inactive|SpongeGar & Patar has 30 seconds left.
|inactive|SpongeGar & Patar has 20 seconds left.
|
|t:|1760385753
|switch|p1a: Corviknight|Corviknight, F|90/100
|-ability|p1a: Corviknight|Pressure
|move|p2a: Alomomola|Flip Turn|p1a: Corviknight
|-damage|p1a: Corviknight|81/100
|-damage|p2a: Alomomola|52/100 tox|[from] item: Rocky Helmet|[of] p1a: Corviknight
|
|t:|1760385763
|switch|p2a: Cinderace|Cinderace, F|100/100|[from] Flip Turn
|
|upkeep
|turn|18
|inactive|SpongeGar & Patar has 30 seconds left.
|
|t:|1760385772
|switch|p1a: Dondozo|Dondozo, F|100/100 slp
|move|p2a: Cinderace|Pyro Ball|p1a: Dondozo
|-resisted|p1a: Dondozo
|-damage|p1a: Dondozo|91/100 slp
|
|-heal|p1a: Dondozo|97/100 slp|[from] item: Leftovers
|upkeep
|turn|19
|inactive|SpongeGar & Patar has 30 seconds left.
|
|t:|1760385783
|switch|p1a: Corviknight|Corviknight, F|81/100
|-ability|p1a: Corviknight|Pressure
|move|p2a: Cinderace|U-turn|p1a: Corviknight
|-resisted|p1a: Corviknight
|-damage|p1a: Corviknight|78/100
|-damage|p2a: Cinderace|84/100|[from] item: Rocky Helmet|[of] p1a: Corviknight
|
|t:|1760385794
|switch|p2a: Enamorus|Enamorus, F|5/100|[from] U-turn
|
|upkeep
|turn|20
|
|t:|1760385803
|switch|p1a: Slowking|Slowking-Galar, L99, M|100/100 par
|move|p2a: Enamorus|Mystical Fire|p1a: Slowking
|-damage|p1a: Slowking|76/100 par
|-unboost|p1a: Slowking|spa|1
|
|upkeep
|turn|21
|
|t:|1760385815
|switch|p2a: Alomomola|Alomomola, F|85/100 tox
|cant|p1a: Slowking|par
|
|-damage|p2a: Alomomola|79/100 tox|[from] psn
|upkeep
|turn|22
|
|t:|1760385825
|switch|p1a: Kyurem|Kyurem, tera:Ground|31/100
|-ability|p1a: Kyurem|Pressure
|move|p2a: Alomomola|Flip Turn|p1a: Kyurem
|-supereffective|p1a: Kyurem
|-damage|p1a: Kyurem|0 fnt
|faint|p1a: Kyurem
|inactive|torvik en place has 120 seconds left.
|
|t:|1760385856
|switch|p2a: Cinderace|Cinderace, F|84/100|[from] Flip Turn
|
|upkeep
|
|t:|1760385865
|switch|p1a: Slowking|Slowking-Galar, L99, M|100/100 par
|turn|23
|inactive|SpongeGar & Patar has 60 seconds left.
|
|t:|1760385875
|move|p2a: Cinderace|Pyro Ball|p1a: Slowking
|-damage|p1a: Slowking|50/100 par
|cant|p1a: Slowking|par
|
|upkeep
|turn|24
|
|t:|1760385884
|switch|p1a: Dondozo|Dondozo, F|97/100 slp
|move|p2a: Cinderace|U-turn|p1a: Dondozo
|-damage|p1a: Dondozo|89/100 slp
|
|t:|1760385888
|switch|p2a: Darkrai|Darkrai|55/100|[from] U-turn
|
|-heal|p1a: Dondozo|96/100 slp|[from] item: Leftovers
|-damage|p1a: Dondozo|83/100 slp|[from] ability: Bad Dreams|[of] p2a: Darkrai
|upkeep
|turn|25
|
|t:|1760385897
|switch|p1a: Ting-Lu|Ting-Lu|69/100
|-ability|p1a: Ting-Lu|Vessel of Ruin
|move|p2a: Darkrai|Ice Beam|p1a: Ting-Lu
|-supereffective|p1a: Ting-Lu
|-damage|p1a: Ting-Lu|41/100
|
|upkeep
|turn|26
|
|t:|1760385907
|switch|p2a: Alomomola|Alomomola, F|100/100 tox
|move|p1a: Ting-Lu|Rest|p1a: Ting-Lu
|-status|p1a: Ting-Lu|slp|[from] move: Rest
|-heal|p1a: Ting-Lu|100/100 slp|[silent]
|
|-damage|p2a: Alomomola|94/100 tox|[from] psn
|upkeep
|turn|27
|
|t:|1760385916
|cant|p1a: Ting-Lu|slp
|move|p1a: Ting-Lu|Sleep Talk|p1a: Ting-Lu
|move|p1a: Ting-Lu|Earthquake|p2a: Alomomola|[from] move: Sleep Talk
|-damage|p2a: Alomomola|65/100 tox
|move|p2a: Alomomola|Flip Turn|p1a: Ting-Lu
|-supereffective|p1a: Ting-Lu
|-damage|p1a: Ting-Lu|82/100 slp
|
|t:|1760385930
|switch|p2a: Darkrai|Darkrai|55/100|[from] Flip Turn
|
|-damage|p1a: Ting-Lu|69/100 slp|[from] ability: Bad Dreams|[of] p2a: Darkrai
|upkeep
|turn|28
|
|t:|1760385940
|move|p2a: Darkrai|Ice Beam|p1a: Ting-Lu
|-supereffective|p1a: Ting-Lu
|-crit|p1a: Ting-Lu
|-damage|p1a: Ting-Lu|29/100 slp
|cant|p1a: Ting-Lu|slp
|move|p1a: Ting-Lu|Sleep Talk|p1a: Ting-Lu
|move|p1a: Ting-Lu|Rest||[from] move: Sleep Talk|[still]
|-fail|p1a: Ting-Lu
|
|-damage|p1a: Ting-Lu|16/100 slp|[from] ability: Bad Dreams|[of] p2a: Darkrai
|upkeep
|turn|29
|
|t:|1760385949
|switch|p1a: Slowking|Slowking-Galar, L99, M|84/100 par
|move|p2a: Darkrai|Ice Beam|p1a: Slowking
|-damage|p1a: Slowking|63/100 par
|
|upkeep
|turn|30
|c| bloodhound q50|Darkrai rips this team
|
|t:|1760385959
|switch|p1a: Ting-Lu|Ting-Lu|16/100 slp
|-ability|p1a: Ting-Lu|Vessel of Ruin
|move|p2a: Darkrai|Dark Pulse|p1a: Ting-Lu
|-resisted|p1a: Ting-Lu
|-damage|p1a: Ting-Lu|6/100 slp
|
|-damage|p1a: Ting-Lu|0 fnt|[from] ability: Bad Dreams|[of] p2a: Darkrai
|faint|p1a: Ting-Lu
|upkeep
|
|t:|1760385968
|switch|p1a: Cinderace|Cinderace, F|100/100
|turn|31
|
|t:|1760385978
|switch|p2a: Alomomola|Alomomola, F|98/100 tox
|move|p1a: Cinderace|Pyro Ball|p2a: Alomomola|[miss]
|-miss|p1a: Cinderace|p2a: Alomomola
|
|-damage|p2a: Alomomola|92/100 tox|[from] psn
|upkeep
|turn|32
|inactive|SpongeGar & Patar has 90 seconds left.
|
|t:|1760386025
|move|p1a: Cinderace|U-turn|p2a: Alomomola
|-damage|p2a: Alomomola|77/100 tox
|inactive|SpongeGar & Patar has 60 seconds left.
|
|t:|1760386074
|switch|p1a: Slowking|Slowking-Galar, L99, M|96/100 par|[from] U-turn
|move|p2a: Alomomola|Flip Turn|p1a: Slowking
|-damage|p1a: Slowking|79/100 par
|
|t:|1760386079
|switch|p2a: Darkrai|Darkrai|55/100|[from] Flip Turn
|
|upkeep
|turn|33
|
|t:|1760386088
|switch|p1a: Corviknight|Corviknight, F|78/100
|-ability|p1a: Corviknight|Pressure
|move|p2a: Darkrai|Dark Pulse|p1a: Corviknight
|-damage|p1a: Corviknight|29/100
|
|upkeep
|turn|34
|
|t:|1760386098
|move|p2a: Darkrai|Dark Pulse|p1a: Corviknight
|-damage|p1a: Corviknight|0 fnt
|faint|p1a: Corviknight
|
|upkeep
|
|t:|1760386107
|switch|p1a: Cinderace|Cinderace, F|100/100
|turn|35
|
|t:|1760386116
|switch|p2a: Alomomola|Alomomola, F|100/100 tox
|move|p1a: Cinderace|Pyro Ball|p2a: Alomomola
|-resisted|p2a: Alomomola
|-damage|p2a: Alomomola|83/100 tox
|
|-damage|p2a: Alomomola|77/100 tox|[from] psn
|upkeep
|turn|36
|inactive|SpongeGar & Patar has 60 seconds left.
|
|t:|1760386126
|switch|p1a: Slowking|Slowking-Galar, L99, M|100/100 par
|move|p2a: Alomomola|Flip Turn|p1a: Slowking
|-damage|p1a: Slowking|82/100 par
|
|t:|1760386129
|switch|p2a: Darkrai|Darkrai|55/100|[from] Flip Turn
|
|upkeep
|turn|37
|
|t:|1760386138
|switch|p1a: Dondozo|Dondozo, F|83/100 slp
|move|p2a: Darkrai|Dark Pulse|p1a: Dondozo
|-damage|p1a: Dondozo|31/100 slp
|
|-heal|p1a: Dondozo|37/100 slp|[from] item: Leftovers
|-damage|p1a: Dondozo|24/100 slp|[from] ability: Bad Dreams|[of] p2a: Darkrai
|upkeep
|turn|38
|
|t:|1760386147
|switch|p1a: Slowking|Slowking-Galar, L99, M|100/100 par
|move|p2a: Darkrai|Dark Pulse|p1a: Slowking
|-supereffective|p1a: Slowking
|-damage|p1a: Slowking|37/100 par
|
|upkeep
|turn|39
|
|t:|1760386156
|switch|p1a: Dondozo|Dondozo, F|24/100 slp
|move|p2a: Darkrai|Dark Pulse|p1a: Dondozo
|-damage|p1a: Dondozo|0 fnt
|faint|p1a: Dondozo
|
|upkeep
|
|t:|1760386165
|switch|p1a: Cinderace|Cinderace, F|100/100
|turn|40
|
|t:|1760386173
|switch|p2a: Alomomola|Alomomola, F|100/100 tox
|switch|p1a: Slowking|Slowking-Galar, L99, M|71/100 par
|
|-damage|p2a: Alomomola|94/100 tox|[from] psn
|upkeep
|turn|41
|inactive|SpongeGar & Patar has 90 seconds left.
|inactive|SpongeGar & Patar has 60 seconds left.
|
|t:|1760386218
|move|p2a: Alomomola|Flip Turn|p1a: Slowking
|-damage|p1a: Slowking|55/100 par
|
|t:|1760386221
|switch|p2a: Great Tusk|Great Tusk|100/100|[from] Flip Turn
|move|p1a: Slowking|Sludge Bomb|p2a: Great Tusk
|-resisted|p2a: Great Tusk
|-damage|p2a: Great Tusk|76/100
|-status|p2a: Great Tusk|psn
|
|-damage|p2a: Great Tusk|64/100 psn|[from] psn
|upkeep
|turn|42
|inactive|SpongeGar & Patar has 60 seconds left.
|inactive|SpongeGar & Patar has 30 seconds left.
|l| bloodhound q50
|
|t:|1760386260
|switch|p1a: Cinderace|Cinderace, F|100/100
|move|p2a: Great Tusk|Headlong Rush|p1a: Cinderace
|-supereffective|p1a: Cinderace
|-damage|p1a: Cinderace|0 fnt
|-unboost|p2a: Great Tusk|def|1
|-unboost|p2a: Great Tusk|spd|1
|faint|p1a: Cinderace
|
|-damage|p2a: Great Tusk|51/100 psn|[from] psn
|upkeep
|inactive|SpongeGar & Patar has 30 seconds left.
|
|t:|1760386266
|switch|p1a: Slowking|Slowking-Galar, L99, M|88/100 par
|turn|43
|
|t:|1760386270
|move|p2a: Great Tusk|Headlong Rush|p1a: Slowking
|-supereffective|p1a: Slowking
|-damage|p1a: Slowking|0 fnt
|-unboost|p2a: Great Tusk|def|1
|-unboost|p2a: Great Tusk|spd|1
|faint|p1a: Slowking
|
|win|torvik en place
|raw|SpongeGar &amp; Patar's rating: 1818 &rarr; <strong>1799</strong><br />(-19 for losing)
|raw|torvik en place's rating: 1830 &rarr; <strong>1849</strong><br />(+19 for winning)
|l|☆torvik en place
|player|p2|
|l| OP Earthquakes
