|j|☆KebZ420
|j|☆mr.creep69
|t:|1760361918
|gametype|singles
|player|p1|KebZ420|102|1135
|player|p2|mr.creep69|265|1064
|gen|9
|tier|[Gen 9] OU
|rated|
|rule|HP Percentage Mod: HP is shown in percentages
|rule|Endless Battle Clause: Forcing endless battles is banned
|rule|Species Clause: Limit one of each Pokémon
|rule|OHKO Clause: OHKO moves are banned
|rule|Evasion Items Clause: Evasion items are banned
|rule|Evasion Moves Clause: Evasion moves are banned
|rule|Evasion Abilities Clause: Evasion abilities are banned
|rule|Sleep Moves Clause: Sleep-inducing moves are banned
|clearpoke
|poke|p1|Jirachi|
|poke|p1|Zamazenta-*|
|poke|p1|Glimmora, F|
|poke|p1|Enamorus, F|
|poke|p1|Gholdengo|
|poke|p1|Ting-Lu|
|poke|p2|Scizor, M|
|poke|p2|Hitmonlee, M|
|poke|p2|Garganacl, M|
|poke|p2|Deoxys-Speed|
|poke|p2|Dunsparce, F|
|poke|p2|Heatran, M|
|teampreview
|inactive|Battle timer is ON: inactive players will automatically lose when time's up. (requested by mr.creep69)
|
|t:|1760361927
|teamsize|p1|6
|teamsize|p2|6
|start
|switch|p1a: Glimmora|Glimmora, F|100/100
|switch|p2a: Garganacl|Garganacl, M|100/100
|turn|1
|
|t:|1760361938
|move|p1a: Glimmora|Earth Power|p2a: Garganacl
|-supereffective|p2a: Garganacl
|-damage|p2a: Garganacl|45/100
|move|p2a: Garganacl|Block|p1a: Glimmora
|-activate|p1a: Glimmora|trapped
|
|-heal|p2a: Garganacl|51/100|[from] item: Leftovers
|upkeep
|turn|2
|
|t:|1760361954
|move|p1a: Glimmora|Spikes|p2a: Garganacl
|-sidestart|p2: mr.creep69|Spikes
|move|p2a: Garganacl|Salt Cure|p1a: Glimmora
|-damage|p1a: Glimmora|85/100
|-start|p1a: Glimmora|Salt Cure
|-activate|p1a: Glimmora|ability: Toxic Debris
|-sidestart|p2: mr.creep69|move: Toxic Spikes
|
|-heal|p2a: Garganacl|57/100|[from] item: Leftovers
|-damage|p1a: Glimmora|72/100|[from] Salt Cure
|upkeep
|turn|3
|
|t:|1760361977
|move|p1a: Glimmora|Spikes|p2a: Garganacl
|-sidestart|p2: mr.creep69|Spikes
|move|p2a: Garganacl|Curse|p2a: Garganacl
|-unboost|p2a: Garganacl|spe|1
|-boost|p2a: Garganacl|atk|1
|-boost|p2a: Garganacl|def|1
|
|-heal|p2a: Garganacl|63/100|[from] item: Leftovers
|-damage|p1a: Glimmora|60/100|[from] Salt Cure
|upkeep
|turn|4
|
|t:|1760361987
|move|p1a: Glimmora|Earth Power|p2a: Garganacl
|-supereffective|p2a: Garganacl
|-damage|p2a: Garganacl|8/100
|move|p2a: Garganacl|Curse|p2a: Garganacl
|-unboost|p2a: Garganacl|spe|1
|-boost|p2a: Garganacl|atk|1
|-boost|p2a: Garganacl|def|1
|
|-heal|p2a: Garganacl|14/100|[from] item: Leftovers
|-damage|p1a: Glimmora|48/100|[from] Salt Cure
|upkeep
|turn|5
|
|t:|1760361999
|move|p1a: Glimmora|Earth Power|p2a: Garganacl
|-supereffective|p2a: Garganacl
|-damage|p2a: Garganacl|0 fnt
|faint|p2a: Garganacl
|
|-damage|p1a: Glimmora|35/100|[from] Salt Cure
|upkeep
|
|t:|1760362010
|switch|p2a: Scizor|Scizor, M|100/100
|-damage|p2a: Scizor|84/100|[from] Spikes
|turn|6
|
|t:|1760362022
|switch|p1a: Jirachi|Jirachi|100/100
|move|p2a: Scizor|Swords Dance|p2a: Scizor
|-boost|p2a: Scizor|atk|2
|
|-heal|p2a: Scizor|90/100|[from] item: Leftovers
|upkeep
|turn|7
|
|t:|1760362034
|move|p1a: Jirachi|Cosmic Power|p1a: Jirachi
|-boost|p1a: Jirachi|def|1
|-boost|p1a: Jirachi|spd|1
|move|p2a: Scizor|Trailblaze|p1a: Jirachi
|-resisted|p1a: Jirachi
|-damage|p1a: Jirachi|88/100
|-boost|p2a: Scizor|spe|1
|
|-heal|p2a: Scizor|96/100|[from] item: Leftovers
|-heal|p1a: Jirachi|94/100|[from] item: Leftovers
|upkeep
|turn|8
|
|t:|1760362046
|move|p2a: Scizor|Swords Dance|p2a: Scizor
|-boost|p2a: Scizor|atk|2
|move|p1a: Jirachi|Cosmic Power|p1a: Jirachi
|-boost|p1a: Jirachi|def|1
|-boost|p1a: Jirachi|spd|1
|
|-heal|p2a: Scizor|100/100|[from] item: Leftovers
|-heal|p1a: Jirachi|99/100|[from] item: Leftovers
|upkeep
|turn|9
|
|t:|1760362058
|move|p2a: Scizor|Trailblaze|p1a: Jirachi
|-resisted|p1a: Jirachi
|-damage|p1a: Jirachi|86/100
|-boost|p2a: Scizor|spe|1
|move|p1a: Jirachi|Cosmic Power|p1a: Jirachi
|-boost|p1a: Jirachi|def|1
|-boost|p1a: Jirachi|spd|1
|
|-heal|p1a: Jirachi|92/100|[from] item: Leftovers
|upkeep
|turn|10
|
|t:|1760362069
|-terastallize|p2a: Scizor|Bug
|move|p2a: Scizor|X-Scissor|p1a: Jirachi
|-damage|p1a: Jirachi|39/100
|move|p1a: Jirachi|Cosmic Power|p1a: Jirachi
|-boost|p1a: Jirachi|def|1
|-boost|p1a: Jirachi|spd|1
|
|-heal|p1a: Jirachi|45/100|[from] item: Leftovers
|upkeep
|turn|11
|
|t:|1760362079
|move|p1a: Jirachi|Protect|p1a: Jirachi
|-singleturn|p1a: Jirachi|Protect
|move|p2a: Scizor|X-Scissor|p1a: Jirachi
|-activate|p1a: Jirachi|move: Protect
|
|-heal|p1a: Jirachi|51/100|[from] item: Leftovers
|upkeep
|turn|12
|
|t:|1760362088
|move|p2a: Scizor|X-Scissor|p1a: Jirachi
|-damage|p1a: Jirachi|12/100
|move|p1a: Jirachi|Stored Power|p2a: Scizor
|-damage|p2a: Scizor|19/100
|
|-heal|p2a: Scizor|25/100|[from] item: Leftovers
|-heal|p1a: Jirachi|18/100|[from] item: Leftovers
|upkeep
|turn|13
|
|t:|1760362097
|move|p2a: Scizor|X-Scissor|p1a: Jirachi
|-damage|p1a: Jirachi|0 fnt
|faint|p1a: Jirachi
|
|-heal|p2a: Scizor|32/100|[from] item: Leftovers
|upkeep
|
|t:|1760362107
|switch|p1a: Glimmora|Glimmora, F|35/100
|turn|14
|
|t:|1760362111
|move|p2a: Scizor|Bullet Punch|p1a: Glimmora
|-supereffective|p1a: Glimmora
|-damage|p1a: Glimmora|0 fnt
|-activate|p1a: Glimmora|ability: Toxic Debris
|-sidestart|p2: mr.creep69|move: Toxic Spikes
|faint|p1a: Glimmora
|
|-heal|p2a: Scizor|38/100|[from] item: Leftovers
|upkeep
|
|t:|1760362118
|switch|p1a: Gholdengo|Gholdengo|100/100
|-item|p1a: Gholdengo|Air Balloon
|turn|15
|
|t:|1760362135
|move|p2a: Scizor|Bullet Punch|p1a: Gholdengo
|-resisted|p1a: Gholdengo
|-damage|p1a: Gholdengo|56/100
|-enditem|p1a: Gholdengo|Air Balloon
|move|p1a: Gholdengo|Make It Rain|p2a: Scizor
|-damage|p2a: Scizor|0 fnt
|-unboost|p1a: Gholdengo|spa|1
|faint|p2a: Scizor
|
|upkeep
|
|t:|1760362152
|switch|p2a: Heatran|Heatran, M|100/100
|-item|p2a: Heatran|Air Balloon
|turn|16
|
|t:|1760362161
|move|p1a: Gholdengo|Shadow Ball|p2a: Heatran
|-damage|p2a: Heatran|83/100
|-enditem|p2a: Heatran|Air Balloon
|move|p2a: Heatran|Magma Storm|p1a: Gholdengo
|-supereffective|p1a: Gholdengo
|-damage|p1a: Gholdengo|0 fnt
|faint|p1a: Gholdengo
|
|upkeep
|
|t:|1760362167
|switch|p1a: Ting-Lu|Ting-Lu|100/100
|-ability|p1a: Ting-Lu|Vessel of Ruin
|turn|17
|
|t:|1760362175
|switch|p2a: Hitmonlee|Hitmonlee, M|100/100
|-damage|p2a: Hitmonlee|84/100|[from] Spikes
|-status|p2a: Hitmonlee|tox
|move|p1a: Ting-Lu|Earthquake|p2a: Hitmonlee
|-damage|p2a: Hitmonlee|0 fnt
|faint|p2a: Hitmonlee
|
|upkeep
|
|t:|1760362185
|switch|p2a: Dunsparce|Dunsparce, F|100/100
|-damage|p2a: Dunsparce|84/100|[from] Spikes
|-status|p2a: Dunsparce|tox
|turn|18
|
|t:|1760362193
|move|p2a: Dunsparce|Agility|p2a: Dunsparce
|-boost|p2a: Dunsparce|spe|2
|move|p1a: Ting-Lu|Whirlwind|p2a: Dunsparce
|drag|p2a: Deoxys|Deoxys-Speed|100/100
|-damage|p2a: Deoxys|84/100|[from] Spikes
|-status|p2a: Deoxys|tox
|-ability|p2a: Deoxys|Pressure
|
|-heal|p2a: Deoxys|90/100 tox|[from] item: Leftovers
|-damage|p2a: Deoxys|84/100 tox|[from] psn
|upkeep
|turn|19
|
|t:|1760362208
|move|p2a: Deoxys|Cosmic Power|p2a: Deoxys
|-boost|p2a: Deoxys|def|1
|-boost|p2a: Deoxys|spd|1
|move|p1a: Ting-Lu|Earthquake|p2a: Deoxys
|-damage|p2a: Deoxys|43/100 tox
|
|-heal|p2a: Deoxys|49/100 tox|[from] item: Leftovers
|-damage|p2a: Deoxys|37/100 tox|[from] psn
|upkeep
|turn|20
|
|t:|1760362218
|move|p2a: Deoxys|Calm Mind|p2a: Deoxys
|-boost|p2a: Deoxys|spa|1
|-boost|p2a: Deoxys|spd|1
|move|p1a: Ting-Lu|Whirlwind|p2a: Deoxys
|drag|p2a: Dunsparce|Dunsparce, F|84/100 tox
|-damage|p2a: Dunsparce|68/100 tox|[from] Spikes
|
|-heal|p2a: Dunsparce|74/100 tox|[from] item: Leftovers
|-damage|p2a: Dunsparce|68/100 tox|[from] psn
|upkeep
|turn|21
|
|t:|1760362237
|move|p2a: Dunsparce|Rock Slide|p1a: Ting-Lu
|-resisted|p1a: Ting-Lu
|-damage|p1a: Ting-Lu|97/100
|cant|p1a: Ting-Lu|flinch
|
|-heal|p2a: Dunsparce|74/100 tox|[from] item: Leftovers
|-heal|p1a: Ting-Lu|100/100|[from] item: Leftovers
|-damage|p2a: Dunsparce|61/100 tox|[from] psn
|upkeep
|turn|22
|
|t:|1760362251
|move|p2a: Dunsparce|Air Slash|p1a: Ting-Lu
|-damage|p1a: Ting-Lu|94/100
|cant|p1a: Ting-Lu|flinch
|
|-heal|p2a: Dunsparce|68/100 tox|[from] item: Leftovers
|-heal|p1a: Ting-Lu|100/100|[from] item: Leftovers
|-damage|p2a: Dunsparce|49/100 tox|[from] psn
|upkeep
|turn|23
|
|t:|1760362261
|switch|p2a: Heatran|Heatran, M|83/100
|-damage|p2a: Heatran|67/100|[from] Spikes
|move|p1a: Ting-Lu|Whirlwind|p2a: Heatran
|drag|p2a: Deoxys|Deoxys-Speed|37/100 tox
|-damage|p2a: Deoxys|20/100 tox|[from] Spikes
|-ability|p2a: Deoxys|Pressure
|
|-heal|p2a: Deoxys|26/100 tox|[from] item: Leftovers
|-damage|p2a: Deoxys|20/100 tox|[from] psn
|upkeep
|turn|24
|
|t:|1760362276
|move|p2a: Deoxys|Recover|p2a: Deoxys
|-heal|p2a: Deoxys|70/100 tox
|move|p1a: Ting-Lu|Whirlwind|p2a: Deoxys
|drag|p2a: Heatran|Heatran, M|67/100
|-damage|p2a: Heatran|50/100|[from] Spikes
|
|upkeep
|turn|25
|
|t:|1760362286
|move|p2a: Heatran|Rest|p2a: Heatran
|-status|p2a: Heatran|slp|[from] move: Rest
|-heal|p2a: Heatran|100/100 slp|[silent]
|move|p1a: Ting-Lu|Earthquake|p2a: Heatran
|-supereffective|p2a: Heatran
|-damage|p2a: Heatran|0 fnt
|faint|p2a: Heatran
|
|upkeep
|
|t:|1760362296
|switch|p2a: Dunsparce|Dunsparce, F|49/100 tox
|-damage|p2a: Dunsparce|33/100 tox|[from] Spikes
|turn|26
|-message|mr.creep69 forfeited.
|
|win|KebZ420
|raw|KebZ420's rating: 1135 &rarr; <strong>1155</strong><br />(+20 for winning)
|raw|mr.creep69's rating: 1064 &rarr; <strong>1048</strong><br />(-16 for losing)
|l|☆mr.creep69
|player|p2|
|l|☆KebZ420
|player|p1|
