|j|☆Buttsnow
|j|☆Echo&TheBunearyMen
|t:|1760415133
|gametype|singles
|player|p1|Buttsnow|acetrainer-gen4dp|1138
|player|p2|Echo&TheBunearyMen|266|1158
|gen|9
|tier|[Gen 9] OU
|rated|
|rule|HP Percentage Mod: HP is shown in percentages
|rule|Endless Battle Clause: Forcing endless battles is banned
|rule|Species Clause: Limit one of each Pokémon
|rule|OHKO Clause: OHKO moves are banned
|rule|Evasion Items Clause: Evasion items are banned
|rule|Evasion Moves Clause: Evasion moves are banned
|rule|Evasion Abilities Clause: Evasion abilities are banned
|rule|Sleep Moves Clause: Sleep-inducing moves are banned
|clearpoke
|poke|p1|Iron Valiant|
|poke|p1|Cloyster, M|
|poke|p1|Dragonite, M|
|poke|p1|Blaziken, M|
|poke|p1|Latios, M|
|poke|p1|Metagross|
|poke|p2|Cetitan, M|
|poke|p2|Pawmot, F|
|poke|p2|Dachsbun, F|
|poke|p2|Dondozo, M|
|poke|p2|Tinkaton, F|
|poke|p2|Lycanroc-Dusk, F|
|teampreview
|
|t:|1760415158
|teamsize|p1|6
|teamsize|p2|6
|start
|switch|p1a: Iron Valiant|Iron Valiant, shiny|100/100
|switch|p2a: Cetitan|Cetitan, M|100/100
|-enditem|p1a: Iron Valiant|Booster Energy
|-activate|p1a: Iron Valiant|ability: Quark Drive|[fromitem]
|-start|p1a: Iron Valiant|quarkdrivespe
|turn|1
|
|t:|1760415169
|-terastallize|p2a: Cetitan|Water
|move|p1a: Iron Valiant|Drain Punch|p2a: Cetitan
|-damage|p2a: Cetitan|66/100
|move|p2a: Cetitan|Substitute|p2a: Cetitan
|-start|p2a: Cetitan|Substitute
|-damage|p2a: Cetitan|41/100
|
|upkeep
|turn|2
|
|t:|1760415177
|move|p1a: Iron Valiant|Leaf Blade|p2a: Cetitan
|-supereffective|p2a: Cetitan
|-end|p2a: Cetitan|Substitute
|move|p2a: Cetitan|Liquidation|p1a: Iron Valiant
|-damage|p1a: Iron Valiant|0 fnt
|faint|p1a: Iron Valiant
|-end|p1a: Iron Valiant|Quark Drive|[silent]
|
|upkeep
|
|t:|1760415208
|switch|p1a: Latios|Latios, M, shiny|100/100
|turn|3
|
|t:|1760415212
|move|p1a: Latios|Thunderbolt|p2a: Cetitan
|-supereffective|p2a: Cetitan
|-damage|p2a: Cetitan|0 fnt
|faint|p2a: Cetitan
|
|upkeep
|
|t:|1760415217
|switch|p2a: Tinkaton|Tinkaton, F|100/100
|-ability|p2a: Tinkaton|Mold Breaker
|turn|4
|
|t:|1760415228
|switch|p1a: Metagross|Metagross, shiny|100/100
|move|p2a: Tinkaton|Fake Out|p1a: Metagross
|-resisted|p1a: Metagross
|-damage|p1a: Metagross|97/100
|-damage|p2a: Tinkaton|84/100|[from] item: Rocky Helmet|[of] p1a: Metagross
|
|upkeep
|turn|5
|
|t:|1760415236
|move|p2a: Tinkaton|Thunder Wave|p1a: Metagross
|-status|p1a: Metagross|par
|cant|p1a: Metagross|par
|
|upkeep
|turn|6
|
|t:|1760415242
|switch|p2a: Dondozo|Dondozo, M|100/100
|move|p1a: Metagross|Stealth Rock|p2a: Dondozo
|-sidestart|p2: Echo&TheBunearyMen|move: Stealth Rock
|
|upkeep
|turn|7
|
|t:|1760415247
|move|p2a: Dondozo|Earthquake|p1a: Metagross
|-supereffective|p1a: Metagross
|-damage|p1a: Metagross|56/100 par
|move|p1a: Metagross|Zen Headbutt|p2a: Dondozo|[miss]
|-miss|p1a: Metagross|p2a: Dondozo
|
|upkeep
|turn|8
|
|t:|1760415255
|move|p2a: Dondozo|Liquidation|p1a: Metagross
|-damage|p1a: Metagross|32/100 par
|-damage|p2a: Dondozo|84/100|[from] item: Rocky Helmet|[of] p1a: Metagross
|move|p1a: Metagross|Zen Headbutt|p2a: Dondozo
|-damage|p2a: Dondozo|58/100
|
|-heal|p2a: Dondozo|64/100|[from] item: Leftovers
|upkeep
|turn|9
|
|t:|1760415263
|move|p2a: Dondozo|Earthquake|p1a: Metagross
|-supereffective|p1a: Metagross
|-damage|p1a: Metagross|0 fnt
|faint|p1a: Metagross
|
|-heal|p2a: Dondozo|70/100|[from] item: Leftovers
|upkeep
|
|t:|1760415266
|switch|p1a: Latios|Latios, M, shiny|100/100
|turn|10
|
|t:|1760415270
|move|p1a: Latios|Thunderbolt|p2a: Dondozo
|-supereffective|p2a: Dondozo
|-damage|p2a: Dondozo|20/100
|-status|p2a: Dondozo|par
|move|p2a: Dondozo|Body Slam|p1a: Latios
|-damage|p1a: Latios|68/100
|
|-heal|p2a: Dondozo|26/100 par|[from] item: Leftovers
|upkeep
|turn|11
|
|t:|1760415279
|move|p1a: Latios|Luster Purge|p2a: Dondozo
|-damage|p2a: Dondozo|0 fnt
|faint|p2a: Dondozo
|
|upkeep
|
|t:|1760415283
|switch|p2a: Tinkaton|Tinkaton, F|84/100
|-ability|p2a: Tinkaton|Mold Breaker
|turn|12
|
|t:|1760415305
|move|p2a: Tinkaton|Fake Out|p1a: Latios
|-damage|p1a: Latios|53/100
|cant|p1a: Latios|flinch
|
|upkeep
|turn|13
|
|t:|1760415314
|move|p1a: Latios|Luster Purge|p2a: Tinkaton
|-resisted|p2a: Tinkaton
|-damage|p2a: Tinkaton|58/100
|move|p2a: Tinkaton|Play Rough|p1a: Latios
|-supereffective|p1a: Latios
|-damage|p1a: Latios|0 fnt
|faint|p1a: Latios
|
|upkeep
|
|t:|1760415319
|switch|p1a: Blaziken|Blaziken, M, shiny|100/100
|turn|14
|
|t:|1760415322
|switch|p2a: Dachsbun|Dachsbun, F|100/100
|-damage|p2a: Dachsbun|88/100|[from] Stealth Rock
|move|p1a: Blaziken|Swords Dance|p1a: Blaziken
|-boost|p1a: Blaziken|atk|2
|
|-heal|p2a: Dachsbun|94/100|[from] item: Leftovers
|-ability|p1a: Blaziken|Speed Boost|boost
|-boost|p1a: Blaziken|spe|1
|upkeep
|turn|15
|
|t:|1760415328
|move|p1a: Blaziken|Earthquake|p2a: Dachsbun
|-crit|p2a: Dachsbun
|-damage|p2a: Dachsbun|0 fnt
|faint|p2a: Dachsbun
|
|-ability|p1a: Blaziken|Speed Boost|boost
|-boost|p1a: Blaziken|spe|1
|upkeep
|
|t:|1760415335
|switch|p2a: Lycanroc|Lycanroc-Dusk, F|100/100
|-damage|p2a: Lycanroc|88/100|[from] Stealth Rock
|turn|16
|
|t:|1760415338
|move|p2a: Lycanroc|Accelerock|p1a: Blaziken
|-damage|p1a: Blaziken|58/100
|move|p1a: Blaziken|Earthquake|p2a: Lycanroc
|-supereffective|p2a: Lycanroc
|-damage|p2a: Lycanroc|0 fnt
|faint|p2a: Lycanroc
|
|-ability|p1a: Blaziken|Speed Boost|boost
|-boost|p1a: Blaziken|spe|1
|upkeep
|-message|Echo&TheBunearyMen forfeited.
|
|win|Buttsnow
|raw|Buttsnow's rating: 1138 &rarr; <strong>1164</strong><br />(+26 for winning)
|raw|Echo&amp;TheBunearyMen's rating: 1158 &rarr; <strong>1132</strong><br />(-26 for losing)
|l|☆Echo&TheBunearyMen
|player|p2|
|l|☆Buttsnow
|player|p1|
