|j|☆thankyoumytwilight
|j|☆mohumohumoo
|t:|1760332225
|gametype|singles
|player|p1|thankyoumytwilight|will|1058
|player|p2|mohumohumoo|102|1054
|gen|9
|tier|[Gen 9] OU
|rated|
|rule|HP Percentage Mod: HP is shown in percentages
|rule|Endless Battle Clause: Forcing endless battles is banned
|rule|Species Clause: Limit one of each Pokémon
|rule|OHKO Clause: OHKO moves are banned
|rule|Evasion Items Clause: Evasion items are banned
|rule|Evasion Moves Clause: Evasion moves are banned
|rule|Evasion Abilities Clause: Evasion abilities are banned
|rule|Sleep Moves Clause: Sleep-inducing moves are banned
|clearpoke
|poke|p1|Gliscor, F|
|poke|p1|Alomomola, F|
|poke|p1|Pecharunt|
|poke|p1|Great Tusk|
|poke|p1|Weavile, F|
|poke|p1|Iron Crown|
|poke|p2|Kingambit, F|
|poke|p2|Samurott-Hisui, F|
|poke|p2|Hydreigon, F|
|poke|p2|Zoroark, F|
|poke|p2|Umbreon, M|
|poke|p2|Greninja-*, M|
|teampreview
|inactive|Battle timer is ON: inactive players will automatically lose when time's up. (requested by thankyoumytwilight)
|
|t:|1760332237
|teamsize|p1|6
|teamsize|p2|6
|start
|switch|p1a: Great Tusk|Great Tusk|100/100
|switch|p2a: Samurott|Samurott-Hisui, F|100/100
|turn|1
|
|t:|1760332259
|-end|p1a: Great Tusk|Protosynthesis|[silent]
|switch|p1a: Gliscor|Gliscor, F|100/100
|-terastallize|p2a: Samurott|Water
|move|p2a: Samurott|Razor Shell|p1a: Gliscor
|-supereffective|p1a: Gliscor
|-damage|p1a: Gliscor|3/100
|-unboost|p1a: Gliscor|def|1
|
|-status|p1a: Gliscor|tox|[from] item: Toxic Orb
|upkeep
|turn|2
|
|t:|1760332269
|move|p1a: Gliscor|Protect|p1a: Gliscor
|-singleturn|p1a: Gliscor|Protect
|move|p2a: Samurott|Ceaseless Edge|p1a: Gliscor
|-activate|p1a: Gliscor|move: Protect
|
|-heal|p1a: Gliscor|15/100 tox|[from] ability: Poison Heal
|upkeep
|turn|3
|inactive|thankyoumytwilight has 120 seconds left.
|
|t:|1760332321
|switch|p1a: Great Tusk|Great Tusk|100/100
|move|p2a: Samurott|Ceaseless Edge|p1a: Great Tusk
|-resisted|p1a: Great Tusk
|-damage|p1a: Great Tusk|82/100
|-damage|p2a: Samurott|84/100|[from] item: Rocky Helmet|[of] p1a: Great Tusk
|-sidestart|p1: thankyoumytwilight|Spikes
|-heal|p2a: Samurott|87/100|[from] item: Shell Bell|[of] p1a: Great Tusk
|
|upkeep
|turn|4
|
|t:|1760332335
|-terastallize|p1a: Great Tusk|Ice
|move|p1a: Great Tusk|Headlong Rush|p2a: Samurott
|-crit|p2a: Samurott
|-damage|p2a: Samurott|0 fnt
|-unboost|p1a: Great Tusk|def|1
|-unboost|p1a: Great Tusk|spd|1
|faint|p2a: Samurott
|
|upkeep
|inactive|mohumohumoo has 120 seconds left.
|
|t:|1760332364
|switch|p2a: Umbreon|Umbreon, M, shiny|100/100
|turn|5
|
|t:|1760332372
|move|p2a: Umbreon|Flamethrower|p1a: Great Tusk
|-supereffective|p1a: Great Tusk
|-damage|p1a: Great Tusk|0 fnt
|faint|p1a: Great Tusk
|-end|p1a: Great Tusk|Protosynthesis|[silent]
|
|upkeep
|
|t:|1760332381
|switch|p1a: Alomomola|Alomomola, F|100/100
|-damage|p1a: Alomomola|88/100|[from] Spikes
|turn|6
|
|t:|1760332388
|switch|p2a: Umbreon|Umbreon, M, shiny|100/100
|move|p1a: Alomomola|Icy Wind|p2a: Umbreon
|-damage|p2a: Umbreon|97/100
|-unboost|p2a: Umbreon|spe|1
|
|-heal|p2a: Umbreon|100/100|[from] item: Leftovers
|upkeep
|turn|7
|
|t:|1760332396
|move|p1a: Alomomola|Flip Turn|p2a: Umbreon
|-damage|p2a: Umbreon|87/100
|inactive|thankyoumytwilight has 120 seconds left.
|
|t:|1760332422
|switch|p1a: Pecharunt|Pecharunt|100/100|[from] Flip Turn
|move|p2a: Umbreon|Toxic|p1a: Pecharunt
|-immune|p1a: Pecharunt
|
|-heal|p2a: Umbreon|93/100|[from] item: Leftovers
|upkeep
|turn|8
|
|t:|1760332433
|move|p1a: Pecharunt|Malignant Chain|p2a: Umbreon
|-damage|p2a: Umbreon|76/100
|move|p2a: Umbreon|Light Screen|p2a: Umbreon
|-sidestart|p2: mohumohumoo|move: Light Screen
|
|-heal|p2a: Umbreon|82/100|[from] item: Leftovers
|upkeep
|turn|9
|
|t:|1760332450
|switch|p2a: Kingambit|Kingambit, F|100/100
|-activate|p2a: Kingambit|ability: Supreme Overlord
|-start|p2a: Kingambit|fallen1|[silent]
|move|p1a: Pecharunt|Malignant Chain|p2a: Kingambit
|-immune|p2a: Kingambit
|
|upkeep
|turn|10
|inactive|thankyoumytwilight has 120 seconds left.
|
|t:|1760332471
|-end|p2a: Kingambit|fallen1|[silent]
|switch|p2a: Hydreigon|Hydreigon, F|100/100
|move|p1a: Pecharunt|Parting Shot|p2a: Hydreigon
|-unboost|p2a: Hydreigon|atk|1
|-unboost|p2a: Hydreigon|spa|1
|inactive|thankyoumytwilight has 120 seconds left.
|
|t:|1760332476
|switch|p1a: Alomomola|Alomomola, F|100/100|[from] Parting Shot
|-damage|p1a: Alomomola|88/100|[from] Spikes
|
|upkeep
|turn|11
|
|t:|1760332483
|switch|p2a: Umbreon|Umbreon, M, shiny|82/100
|move|p1a: Alomomola|Icy Wind|p2a: Umbreon
|-damage|p2a: Umbreon|80/100
|-unboost|p2a: Umbreon|spe|1
|
|-heal|p2a: Umbreon|86/100|[from] item: Leftovers
|upkeep
|turn|12
|
|t:|1760332491
|move|p1a: Alomomola|Play Rough|p2a: Umbreon
|-supereffective|p2a: Umbreon
|-damage|p2a: Umbreon|59/100
|move|p2a: Umbreon|Reflect|p2a: Umbreon
|-sidestart|p2: mohumohumoo|Reflect
|
|-heal|p2a: Umbreon|65/100|[from] item: Leftovers
|-sideend|p2: mohumohumoo|move: Light Screen
|upkeep
|turn|13
|
|t:|1760332500
|move|p1a: Alomomola|Flip Turn|p2a: Umbreon
|-damage|p2a: Umbreon|58/100
|
|t:|1760332508
|switch|p1a: Pecharunt|Pecharunt|100/100|[from] Flip Turn
|move|p2a: Umbreon|Wish|p2a: Umbreon
|
|-heal|p2a: Umbreon|64/100|[from] item: Leftovers
|upkeep
|turn|14
|
|t:|1760332516
|switch|p2a: Kingambit|Kingambit, F|100/100
|-activate|p2a: Kingambit|ability: Supreme Overlord
|-start|p2a: Kingambit|fallen1|[silent]
|move|p1a: Pecharunt|Malignant Chain|p2a: Kingambit
|-immune|p2a: Kingambit
|
|upkeep
|turn|15
|
|t:|1760332523
|move|p2a: Kingambit|Sucker Punch||[still]
|-fail|p2a: Kingambit
|move|p1a: Pecharunt|Parting Shot|p2a: Kingambit
|-unboost|p2a: Kingambit|atk|1
|-unboost|p2a: Kingambit|spa|1
|
|t:|1760332539
|switch|p1a: Gliscor|Gliscor, F|15/100 tox|[from] Parting Shot
|
|-heal|p1a: Gliscor|28/100 tox|[from] ability: Poison Heal
|upkeep
|turn|16
|
|t:|1760332549
|-end|p2a: Kingambit|fallen1|[silent]
|switch|p2a: Hydreigon|Hydreigon, F|100/100
|move|p1a: Gliscor|Protect||[still]
|-fail|p1a: Gliscor
|
|-heal|p1a: Gliscor|40/100 tox|[from] ability: Poison Heal
|-sideend|p2: mohumohumoo|Reflect
|upkeep
|turn|17
|
|t:|1760332565
|move|p1a: Gliscor|Protect|p1a: Gliscor
|-singleturn|p1a: Gliscor|Protect
|move|p2a: Hydreigon|Flamethrower|p1a: Gliscor
|-activate|p1a: Gliscor|move: Protect
|
|-heal|p1a: Gliscor|53/100 tox|[from] ability: Poison Heal
|upkeep
|turn|18
|
|t:|1760332582
|switch|p1a: Alomomola|Alomomola, F|100/100
|-damage|p1a: Alomomola|88/100|[from] Spikes
|move|p2a: Hydreigon|Flamethrower|p1a: Alomomola
|-resisted|p1a: Alomomola
|-damage|p1a: Alomomola|77/100
|
|upkeep
|turn|19
|
|t:|1760332591
|switch|p2a: Umbreon|Umbreon, M, shiny|64/100
|move|p1a: Alomomola|Play Rough|p2a: Umbreon
|-supereffective|p2a: Umbreon
|-damage|p2a: Umbreon|37/100
|
|-heal|p2a: Umbreon|43/100|[from] item: Leftovers
|upkeep
|turn|20
|
|t:|1760332602
|switch|p2a: Kingambit|Kingambit, F|100/100
|-activate|p2a: Kingambit|ability: Supreme Overlord
|-start|p2a: Kingambit|fallen1|[silent]
|move|p1a: Alomomola|Flip Turn|p2a: Kingambit
|-damage|p2a: Kingambit|89/100
|
|t:|1760332609
|switch|p1a: Gliscor|Gliscor, F|53/100 tox|[from] Flip Turn
|
|-heal|p1a: Gliscor|65/100 tox|[from] ability: Poison Heal
|upkeep
|turn|21
|
|t:|1760332619
|-end|p2a: Kingambit|fallen1|[silent]
|switch|p2a: Greninja|Greninja, M, shiny|100/100
|move|p1a: Gliscor|Earthquake|p2a: Greninja
|-damage|p2a: Greninja|44/100
|
|-heal|p1a: Gliscor|78/100 tox|[from] ability: Poison Heal
|upkeep
|turn|22
|
|t:|1760332632
|move|p1a: Gliscor|Protect|p1a: Gliscor
|-singleturn|p1a: Gliscor|Protect
|move|p2a: Greninja|Ice Beam|p1a: Gliscor
|-start|p2a: Greninja|typechange|Ice|[from] ability: Protean
|-activate|p1a: Gliscor|move: Protect
|
|-heal|p1a: Gliscor|90/100 tox|[from] ability: Poison Heal
|upkeep
|turn|23
|
|t:|1760332648
|switch|p1a: Alomomola|Alomomola, F|100/100
|-damage|p1a: Alomomola|88/100|[from] Spikes
|move|p2a: Greninja|Ice Beam|p1a: Alomomola
|-resisted|p1a: Alomomola
|-damage|p1a: Alomomola|75/100
|-damage|p2a: Greninja|34/100|[from] item: Life Orb
|
|upkeep
|turn|24
|
|t:|1760332658
|switch|p2a: Umbreon|Umbreon, M, shiny|43/100
|move|p1a: Alomomola|Flip Turn|p2a: Umbreon
|-damage|p2a: Umbreon|28/100
|
|t:|1760332668
|switch|p1a: Gliscor|Gliscor, F|90/100 tox|[from] Flip Turn
|
|-heal|p2a: Umbreon|34/100|[from] item: Leftovers
|-heal|p1a: Gliscor|100/100 tox|[from] ability: Poison Heal
|upkeep
|turn|25
|
|t:|1760332677
|switch|p2a: Hydreigon|Hydreigon, F|100/100
|move|p1a: Gliscor|Toxic|p2a: Hydreigon
|-status|p2a: Hydreigon|tox
|
|-damage|p2a: Hydreigon|94/100 tox|[from] psn
|upkeep
|turn|26
|
|t:|1760332698
|move|p1a: Gliscor|Protect|p1a: Gliscor
|-singleturn|p1a: Gliscor|Protect
|move|p2a: Hydreigon|Draco Meteor|p1a: Gliscor
|-activate|p1a: Gliscor|move: Protect
|
|-damage|p2a: Hydreigon|82/100 tox|[from] psn
|upkeep
|turn|27
|
|t:|1760332705
|switch|p1a: Alomomola|Alomomola, F|100/100
|-damage|p1a: Alomomola|88/100|[from] Spikes
|move|p2a: Hydreigon|Draco Meteor|p1a: Alomomola
|-damage|p1a: Alomomola|40/100
|-unboost|p2a: Hydreigon|spa|2
|
|-damage|p2a: Hydreigon|64/100 tox|[from] psn
|upkeep
|turn|28
|
|t:|1760332715
|switch|p2a: Kingambit|Kingambit, F|89/100
|-activate|p2a: Kingambit|ability: Supreme Overlord
|-start|p2a: Kingambit|fallen1|[silent]
|move|p1a: Alomomola|Flip Turn|p2a: Kingambit
|-damage|p2a: Kingambit|76/100
|
|t:|1760332721
|switch|p1a: Gliscor|Gliscor, F|100/100 tox|[from] Flip Turn
|
|upkeep
|turn|29
|
|t:|1760332726
|-end|p2a: Kingambit|fallen1|[silent]
|switch|p2a: Umbreon|Umbreon, M, shiny|34/100
|move|p1a: Gliscor|Earthquake|p2a: Umbreon
|-damage|p2a: Umbreon|7/100
|
|-heal|p2a: Umbreon|13/100|[from] item: Leftovers
|upkeep
|turn|30
|
|t:|1760332734
|switch|p2a: Hydreigon|Hydreigon, F|64/100 tox
|move|p1a: Gliscor|Earthquake|p2a: Hydreigon
|-immune|p2a: Hydreigon|[from] ability: Levitate
|
|-damage|p2a: Hydreigon|58/100 tox|[from] psn
|upkeep
|turn|31
|
|t:|1760332741
|switch|p2a: Greninja|Greninja, M, shiny|34/100
|move|p1a: Gliscor|Protect||[still]
|-fail|p1a: Gliscor
|
|upkeep
|turn|32
|
|t:|1760332751
|move|p1a: Gliscor|Protect|p1a: Gliscor
|-singleturn|p1a: Gliscor|Protect
|move|p2a: Greninja|Extrasensory|p1a: Gliscor
|-start|p2a: Greninja|typechange|Psychic|[from] ability: Protean
|-activate|p1a: Gliscor|move: Protect
|
|upkeep
|turn|33
|
|t:|1760332760
|switch|p1a: Alomomola|Alomomola, F|74/100
|-damage|p1a: Alomomola|61/100|[from] Spikes
|move|p2a: Greninja|Extrasensory|p1a: Alomomola
|-damage|p1a: Alomomola|37/100
|-damage|p2a: Greninja|24/100|[from] item: Life Orb
|
|upkeep
|turn|34
|
|t:|1760332772
|switch|p2a: Greninja|Greninja, M, shiny|100/100
|move|p1a: Alomomola|Flip Turn|p2a: Greninja
|-crit|p2a: Greninja
|-damage|p2a: Greninja|54/100
|replace|p2a: Zoroark|Zoroark, F
|-end|p2a: Zoroark|Illusion
|
|t:|1760332800
|switch|p1a: Gliscor|Gliscor, F|100/100 tox|[from] Flip Turn
|
|upkeep
|turn|35
|
|t:|1760332811
|move|p2a: Zoroark|U-turn|p1a: Gliscor
|-resisted|p1a: Gliscor
|-damage|p1a: Gliscor|95/100 tox
|
|t:|1760332816
|switch|p2a: Hydreigon|Hydreigon, F|58/100 tox|[from] U-turn
|move|p1a: Gliscor|Earthquake|p2a: Hydreigon
|-immune|p2a: Hydreigon|[from] ability: Levitate
|
|-damage|p2a: Hydreigon|51/100 tox|[from] psn
|-heal|p1a: Gliscor|100/100 tox|[from] ability: Poison Heal
|upkeep
|turn|36
|
|t:|1760332827
|switch|p2a: Umbreon|Umbreon, M, shiny|13/100
|move|p1a: Gliscor|Protect||[still]
|-fail|p1a: Gliscor
|
|-heal|p2a: Umbreon|20/100|[from] item: Leftovers
|upkeep
|turn|37
|
|t:|1760332834
|switch|p2a: Hydreigon|Hydreigon, F|51/100 tox
|move|p1a: Gliscor|Earthquake|p2a: Hydreigon
|-immune|p2a: Hydreigon|[from] ability: Levitate
|
|-damage|p2a: Hydreigon|45/100 tox|[from] psn
|upkeep
|turn|38
|
|t:|1760332841
|move|p2a: Hydreigon|Draco Meteor|p1a: Gliscor
|-damage|p1a: Gliscor|0 fnt
|-unboost|p2a: Hydreigon|spa|2
|faint|p1a: Gliscor
|
|-damage|p2a: Hydreigon|33/100 tox|[from] psn
|upkeep
|
|t:|1760332846
|switch|p1a: Weavile|Weavile, F|100/100
|-ability|p1a: Weavile|Pressure
|turn|39
|
|t:|1760332852
|switch|p2a: Umbreon|Umbreon, M, shiny|20/100
|move|p1a: Weavile|Ice Shard|p2a: Umbreon
|-crit|p2a: Umbreon
|-damage|p2a: Umbreon|0 fnt
|faint|p2a: Umbreon
|
|upkeep
|
|t:|1760332863
|switch|p2a: Greninja|Greninja, M, shiny|54/100
|turn|40
|
|t:|1760332871
|switch|p1a: Alomomola|Alomomola, F|71/100
|-damage|p1a: Alomomola|58/100|[from] Spikes
|move|p2a: Greninja|Flamethrower|p1a: Alomomola
|-resisted|p1a: Alomomola
|-damage|p1a: Alomomola|50/100
|
|upkeep
|turn|41
|
|t:|1760332886
|switch|p2a: Kingambit|Kingambit, F|76/100
|-activate|p2a: Kingambit|ability: Supreme Overlord
|-start|p2a: Kingambit|fallen2|[silent]
|move|p1a: Alomomola|Flip Turn|p2a: Kingambit
|-damage|p2a: Kingambit|64/100
|inactive|thankyoumytwilight has 120 seconds left.
|
|t:|1760332916
|switch|p1a: Pecharunt|Pecharunt|100/100|[from] Flip Turn
|
|upkeep
|turn|42
|
|t:|1760332923
|move|p1a: Pecharunt|Parting Shot|p2a: Kingambit
|-unboost|p2a: Kingambit|atk|1
|-unboost|p2a: Kingambit|spa|1
|inactive|thankyoumytwilight has 120 seconds left.
|
|t:|1760332943
|switch|p1a: Weavile|Weavile, F|100/100|[from] Parting Shot
|-ability|p1a: Weavile|Pressure
|move|p2a: Kingambit|Zen Headbutt|p1a: Weavile
|-immune|p1a: Weavile
|
|upkeep
|turn|43
|inactive|thankyoumytwilight has 120 seconds left.
|
|t:|1760332950
|move|p1a: Weavile|Knock Off|p2a: Kingambit
|-resisted|p2a: Kingambit
|-damage|p2a: Kingambit|48/100
|-enditem|p2a: Kingambit|Focus Sash|[from] move: Knock Off|[of] p1a: Weavile
|move|p2a: Kingambit|Iron Head|p1a: Weavile
|-supereffective|p1a: Weavile
|-damage|p1a: Weavile|0 fnt
|faint|p1a: Weavile
|
|upkeep
|inactive|thankyoumytwilight has 120 seconds left.
|
|t:|1760332961
|switch|p1a: Iron Crown|Iron Crown|100/100
|-damage|p1a: Iron Crown|88/100|[from] Spikes
|turn|44
|-message|thankyoumytwilight forfeited.
|
|win|mohumohumoo
|raw|thankyoumytwilight's rating: 1058 &rarr; <strong>1038</strong><br />(-20 for losing)
|raw|mohumohumoo's rating: 1039 &rarr; <strong>1075</strong><br />(+36 for winning)
|l|☆thankyoumytwilight
|player|p1|
|l|☆mohumohumoo
|player|p2|
