|j|☆YumeKasumi76
|j|☆Dragon Force 6
|t:|1760373052
|gametype|singles
|player|p1|YumeKasumi76|265|1252
|player|p2|Dragon Force 6|fisherman-gen4|1272
|gen|9
|tier|[Gen 9] OU
|rated|
|rule|HP Percentage Mod: HP is shown in percentages
|rule|Endless Battle Clause: Forcing endless battles is banned
|rule|Species Clause: Limit one of each Pokémon
|rule|OHKO Clause: OHKO moves are banned
|rule|Evasion Items Clause: Evasion items are banned
|rule|Evasion Moves Clause: Evasion moves are banned
|rule|Evasion Abilities Clause: Evasion abilities are banned
|rule|Sleep Moves Clause: Sleep-inducing moves are banned
|clearpoke
|poke|p1|Heracross, M|
|poke|p1|Latias, F|
|poke|p1|Honchkrow, M|
|poke|p1|Heatran, M|
|poke|p1|Brambleghast, M|
|poke|p1|Suicune|
|poke|p2|Pincurchin, M|
|poke|p2|Hawlucha, F|
|poke|p2|Iron Valiant|
|poke|p2|Iron Treads|
|poke|p2|Iron Moth|
|poke|p2|Iron Hands|
|teampreview
|inactive|Battle timer is ON: inactive players will automatically lose when time's up. (requested by Dragon Force 6)
|
|t:|1760373064
|teamsize|p1|6
|teamsize|p2|6
|start
|switch|p1a: MapoTofu|Heatran, M|100/100
|switch|p2a: Pincurchin|Pincurchin, M|100/100
|-fieldstart|move: Electric Terrain|[from] ability: Electric Surge|[of] p2a: Pincurchin
|turn|1
|
|t:|1760373071
|-terastallize|p2a: Pincurchin|Water
|move|p1a: MapoTofu|Stealth Rock|p2a: Pincurchin
|-sidestart|p2: Dragon Force 6|move: Stealth Rock
|move|p2a: Pincurchin|Hydro Pump|p1a: MapoTofu
|-supereffective|p1a: MapoTofu
|-damage|p1a: MapoTofu|40/100
|
|-heal|p1a: MapoTofu|47/100|[from] item: Leftovers
|upkeep
|turn|2
|
|t:|1760373081
|switch|p1a: Bianca|Latias, F|100/100
|move|p2a: Pincurchin|Hydro Pump|p1a: Bianca
|-resisted|p1a: Bianca
|-damage|p1a: Bianca|84/100
|
|upkeep
|turn|3
|
|t:|1760373086
|move|p1a: Bianca|Tailwind|p1a: Bianca
|-sidestart|p1: YumeKasumi76|move: Tailwind
|move|p2a: Pincurchin|Discharge|p1a: Bianca
|-resisted|p1a: Bianca
|-damage|p1a: Bianca|69/100
|
|upkeep
|turn|4
|
|t:|1760373091
|switch|p1a: BigKusa|Brambleghast, M|100/100
|-ability|p1a: BigKusa|Wind Rider|boost
|-boost|p1a: BigKusa|atk|1
|move|p2a: Pincurchin|Discharge|p1a: BigKusa
|-resisted|p1a: BigKusa
|-damage|p1a: BigKusa|60/100
|
|upkeep
|turn|5
|
|t:|1760373106
|switch|p2a: Iron Treads|Iron Treads|100/100
|-activate|p2a: Iron Treads|ability: Quark Drive
|-start|p2a: Iron Treads|quarkdrivespe
|move|p1a: BigKusa|Power Whip|p2a: Iron Treads|[miss]
|-miss|p1a: BigKusa|p2a: Iron Treads
|
|upkeep
|turn|6
|
|t:|1760373124
|switch|p1a: Purifier|Suicune|100/100
|-ability|p1a: Purifier|Pressure
|move|p2a: Iron Treads|Ice Spinner|p1a: Purifier
|-resisted|p1a: Purifier
|-damage|p1a: Purifier|93/100
|-fieldend|move: Electric Terrain
|-end|p2a: Iron Treads|Quark Drive
|
|-heal|p1a: Purifier|99/100|[from] item: Leftovers
|-sideend|p1: YumeKasumi76|move: Tailwind
|upkeep
|turn|7
|
|t:|1760373131
|move|p2a: Iron Treads|Rapid Spin|p1a: Purifier
|-damage|p1a: Purifier|89/100
|-boost|p2a: Iron Treads|spe|1
|-sideend|p2: Dragon Force 6|Stealth Rock|[from] move: Rapid Spin|[of] p2a: Iron Treads
|move|p1a: Purifier|Tailwind|p1a: Purifier
|-sidestart|p1: YumeKasumi76|move: Tailwind
|
|-heal|p1a: Purifier|96/100|[from] item: Leftovers
|upkeep
|turn|8
|
|t:|1760373138
|-end|p2a: Iron Treads|Quark Drive|[silent]
|switch|p2a: Pincurchin|Pincurchin, M, tera:Water|100/100
|-fieldstart|move: Electric Terrain|[from] ability: Electric Surge|[of] p2a: Pincurchin
|move|p1a: Purifier|Scald|p2a: Pincurchin
|-resisted|p2a: Pincurchin
|-damage|p2a: Pincurchin|84/100
|
|-heal|p1a: Purifier|100/100|[from] item: Leftovers
|upkeep
|turn|9
|
|t:|1760373152
|switch|p1a: BigKusa|Brambleghast, M|60/100
|-ability|p1a: BigKusa|Wind Rider|boost
|-boost|p1a: BigKusa|atk|1
|move|p2a: Pincurchin|Spikes|p1a: BigKusa
|-sidestart|p1: YumeKasumi76|Spikes
|
|upkeep
|turn|10
|
|t:|1760373159
|switch|p2a: Hawlucha|Hawlucha, F|100/100
|-enditem|p2a: Hawlucha|Electric Seed
|-boost|p2a: Hawlucha|def|1|[from] item: Electric Seed
|move|p1a: BigKusa|Rapid Spin|p2a: Hawlucha
|-damage|p2a: Hawlucha|74/100
|-boost|p1a: BigKusa|spe|1
|-sideend|p1: YumeKasumi76|Spikes|[from] move: Rapid Spin|[of] p1a: BigKusa
|
|-sideend|p1: YumeKasumi76|move: Tailwind
|upkeep
|turn|11
|
|t:|1760373171
|switch|p1a: Purifier|Suicune|100/100
|-ability|p1a: Purifier|Pressure
|move|p2a: Hawlucha|Acrobatics|p1a: Purifier
|-damage|p1a: Purifier|73/100
|
|-heal|p1a: Purifier|80/100|[from] item: Leftovers
|upkeep
|turn|12
|
|t:|1760373178
|move|p2a: Hawlucha|Swords Dance|p2a: Hawlucha
|-boost|p2a: Hawlucha|atk|2
|move|p1a: Purifier|Scald|p2a: Hawlucha
|-damage|p2a: Hawlucha|30/100
|-status|p2a: Hawlucha|brn
|
|-heal|p1a: Purifier|86/100|[from] item: Leftovers
|-damage|p2a: Hawlucha|24/100 brn|[from] brn
|upkeep
|turn|13
|
|t:|1760373184
|move|p2a: Hawlucha|Thunder Punch|p1a: Purifier
|-supereffective|p1a: Purifier
|-damage|p1a: Purifier|61/100
|move|p1a: Purifier|Scald|p2a: Hawlucha
|-damage|p2a: Hawlucha|0 fnt
|faint|p2a: Hawlucha
|
|-heal|p1a: Purifier|67/100|[from] item: Leftovers
|upkeep
|
|t:|1760373190
|switch|p2a: Iron Valiant|Iron Valiant|100/100
|-activate|p2a: Iron Valiant|ability: Quark Drive
|-start|p2a: Iron Valiant|quarkdrivespe
|turn|14
|
|t:|1760373202
|switch|p1a: BigKusa|Brambleghast, M|60/100
|move|p2a: Iron Valiant|Thunderbolt|p1a: BigKusa
|-resisted|p1a: BigKusa
|-damage|p1a: BigKusa|24/100
|
|upkeep
|turn|15
|
|t:|1760373208
|move|p2a: Iron Valiant|Thunderbolt|p1a: BigKusa
|-resisted|p1a: BigKusa
|-damage|p1a: BigKusa|0 fnt
|faint|p1a: BigKusa
|
|-fieldend|move: Electric Terrain
|-end|p2a: Iron Valiant|Quark Drive
|upkeep
|
|t:|1760373211
|switch|p1a: Bianca|Latias, F|69/100
|turn|16
|
|t:|1760373214
|-end|p2a: Iron Valiant|Quark Drive|[silent]
|switch|p2a: Pincurchin|Pincurchin, M, tera:Water|84/100
|-fieldstart|move: Electric Terrain|[from] ability: Electric Surge|[of] p2a: Pincurchin
|move|p1a: Bianca|Tailwind|p1a: Bianca
|-sidestart|p1: YumeKasumi76|move: Tailwind
|
|upkeep
|turn|17
|
|t:|1760373229
|move|p1a: Bianca|Mist Ball|p2a: Pincurchin
|-damage|p2a: Pincurchin|42/100
|-unboost|p2a: Pincurchin|spa|1
|move|p2a: Pincurchin|Spikes|p1a: Bianca
|-sidestart|p1: YumeKasumi76|Spikes
|
|upkeep
|turn|18
|
|t:|1760373239
|move|p1a: Bianca|Draco Meteor|p2a: Pincurchin
|-damage|p2a: Pincurchin|0 fnt
|-unboost|p1a: Bianca|spa|2
|faint|p2a: Pincurchin
|-enditem|p1a: Bianca|Eject Pack
|
|t:|1760373252
|switch|p1a: SogiitaGunha|Heracross, M|100/100
|-damage|p1a: SogiitaGunha|88/100|[from] Spikes
|
|upkeep
|
|t:|1760373256
|switch|p2a: Iron Moth|Iron Moth|100/100
|-item|p2a: Iron Moth|Air Balloon
|-activate|p2a: Iron Moth|ability: Quark Drive
|-start|p2a: Iron Moth|quarkdrivespa
|turn|19
|
|t:|1760373260
|switch|p1a: MapoTofu|Heatran, M|47/100
|-damage|p1a: MapoTofu|34/100|[from] Spikes
|move|p2a: Iron Moth|Fiery Dance|p1a: MapoTofu
|-start|p1a: MapoTofu|ability: Flash Fire
|
|-heal|p1a: MapoTofu|40/100|[from] item: Leftovers
|-sideend|p1: YumeKasumi76|move: Tailwind
|upkeep
|turn|20
|
|t:|1760373267
|move|p2a: Iron Moth|Psychic|p1a: MapoTofu
|-resisted|p1a: MapoTofu
|-damage|p1a: MapoTofu|24/100
|move|p1a: MapoTofu|Stealth Rock|p2a: Iron Moth
|-sidestart|p2: Dragon Force 6|move: Stealth Rock
|
|-heal|p1a: MapoTofu|31/100|[from] item: Leftovers
|upkeep
|turn|21
|
|t:|1760373273
|move|p2a: Iron Moth|Dazzling Gleam|p1a: MapoTofu
|-resisted|p1a: MapoTofu
|-damage|p1a: MapoTofu|23/100
|move|p1a: MapoTofu|Magma Storm|p2a: Iron Moth
|-resisted|p2a: Iron Moth
|-damage|p2a: Iron Moth|69/100
|-activate|p2a: Iron Moth|move: Magma Storm|[of] p1a: MapoTofu
|-enditem|p2a: Iron Moth|Air Balloon
|
|-heal|p1a: MapoTofu|29/100|[from] item: Leftovers
|-damage|p2a: Iron Moth|57/100|[from] move: Magma Storm|[partiallytrapped]
|upkeep
|turn|22
|
|t:|1760373278
|move|p2a: Iron Moth|Psychic|p1a: MapoTofu
|-resisted|p1a: MapoTofu
|-damage|p1a: MapoTofu|12/100
|move|p1a: MapoTofu|Magma Storm|p2a: Iron Moth
|-resisted|p2a: Iron Moth
|-damage|p2a: Iron Moth|21/100
|
|-heal|p1a: MapoTofu|18/100|[from] item: Leftovers
|-damage|p2a: Iron Moth|9/100|[from] move: Magma Storm|[partiallytrapped]
|upkeep
|turn|23
|
|t:|1760373282
|-end|p1a: MapoTofu|ability: Flash Fire|[silent]
|switch|p1a: Shinetori|Honchkrow, M|100/100
|move|p2a: Iron Moth|Psychic|p1a: Shinetori
|-immune|p1a: Shinetori
|
|-end|p2a: Iron Moth|Magma Storm|[partiallytrapped]|[silent]
|-fieldend|move: Electric Terrain
|-end|p2a: Iron Moth|Quark Drive
|upkeep
|turn|24
|
|t:|1760373287
|move|p1a: Shinetori|Sucker Punch|p2a: Iron Moth
|-damage|p2a: Iron Moth|0 fnt
|faint|p2a: Iron Moth
|-end|p2a: Iron Moth|Quark Drive|[silent]
|-ability|p1a: Shinetori|Moxie|boost
|-boost|p1a: Shinetori|atk|1
|-damage|p1a: Shinetori|91/100|[from] item: Life Orb
|
|upkeep
|
|t:|1760373289
|switch|p2a: Iron Treads|Iron Treads|100/100
|turn|25
|
|t:|1760373316
|move|p2a: Iron Treads|Rapid Spin|p1a: Shinetori
|-damage|p1a: Shinetori|64/100
|-boost|p2a: Iron Treads|spe|1
|-sideend|p2: Dragon Force 6|Stealth Rock|[from] move: Rapid Spin|[of] p2a: Iron Treads
|move|p1a: Shinetori|Heat Wave|p2a: Iron Treads
|-supereffective|p2a: Iron Treads
|-damage|p2a: Iron Treads|21/100
|-status|p2a: Iron Treads|brn
|-damage|p1a: Shinetori|54/100|[from] item: Life Orb
|
|-damage|p2a: Iron Treads|15/100 brn|[from] brn
|upkeep
|turn|26
|
|t:|1760373322
|move|p1a: Shinetori|Sucker Punch|p2a: Iron Treads
|-damage|p2a: Iron Treads|0 fnt
|faint|p2a: Iron Treads
|-end|p2a: Iron Treads|Quark Drive|[silent]
|-ability|p1a: Shinetori|Moxie|boost
|-boost|p1a: Shinetori|atk|1
|-damage|p1a: Shinetori|44/100|[from] item: Life Orb
|
|upkeep
|
|t:|1760373327
|switch|p2a: Iron Valiant|Iron Valiant|100/100
|turn|27
|
|t:|1760373331
|move|p1a: Shinetori|Sucker Punch|p2a: Iron Valiant
|-resisted|p2a: Iron Valiant
|-damage|p2a: Iron Valiant|70/100
|-damage|p1a: Shinetori|34/100|[from] item: Life Orb
|move|p2a: Iron Valiant|Moonblast|p1a: Shinetori
|-supereffective|p1a: Shinetori
|-damage|p1a: Shinetori|0 fnt
|faint|p1a: Shinetori
|
|-heal|p2a: Iron Valiant|77/100|[from] item: Leftovers
|upkeep
|
|t:|1760373340
|switch|p1a: Purifier|Suicune|67/100
|-damage|p1a: Purifier|55/100|[from] Spikes
|-ability|p1a: Purifier|Pressure
|turn|28
|
|t:|1760373346
|-terastallize|p1a: Purifier|Poison
|move|p2a: Iron Valiant|Thunderbolt|p1a: Purifier
|-damage|p1a: Purifier|31/100
|move|p1a: Purifier|Tailwind|p1a: Purifier
|-sidestart|p1: YumeKasumi76|move: Tailwind
|
|-heal|p1a: Purifier|37/100|[from] item: Leftovers
|-heal|p2a: Iron Valiant|83/100|[from] item: Leftovers
|upkeep
|turn|29
|
|t:|1760373352
|move|p1a: Purifier|Scald|p2a: Iron Valiant
|-damage|p2a: Iron Valiant|32/100
|move|p2a: Iron Valiant|Psyshock|p1a: Purifier
|-supereffective|p1a: Purifier
|-damage|p1a: Purifier|5/100
|
|-heal|p1a: Purifier|12/100|[from] item: Leftovers
|-heal|p2a: Iron Valiant|38/100|[from] item: Leftovers
|upkeep
|turn|30
|
|t:|1760373358
|move|p1a: Purifier|Scald|p2a: Iron Valiant
|-damage|p2a: Iron Valiant|0 fnt
|faint|p2a: Iron Valiant
|-end|p2a: Iron Valiant|Quark Drive|[silent]
|
|-heal|p1a: Purifier|18/100|[from] item: Leftovers
|upkeep
|
|t:|1760373361
|switch|p2a: Iron Hands|Iron Hands|100/100
|turn|31
|
|t:|1760373370
|move|p1a: Purifier|Scald|p2a: Iron Hands
|-damage|p2a: Iron Hands|78/100
|-status|p2a: Iron Hands|brn
|move|p2a: Iron Hands|Thunder Punch|p1a: Purifier
|-damage|p1a: Purifier|4/100
|
|-heal|p1a: Purifier|10/100|[from] item: Leftovers
|-damage|p2a: Iron Hands|72/100 brn|[from] brn
|-sideend|p1: YumeKasumi76|move: Tailwind
|upkeep
|turn|32
|-message|Dragon Force 6 forfeited.
|
|win|YumeKasumi76
|raw|YumeKasumi76's rating: 1252 &rarr; <strong>1278</strong><br />(+26 for winning)
|raw|Dragon Force 6's rating: 1272 &rarr; <strong>1246</strong><br />(-26 for losing)
|l|☆Dragon Force 6
|player|p2|
|l|☆YumeKasumi76
|player|p1|
|j|☆YumeKasumi76
|player|p1|YumeKasumi76|265|
