|j|☆MidKnight222
|j|☆Hidden-Chaos-7777
|t:|1760338220
|gametype|singles
|player|p1|MidKnight222|gambler|1428
|player|p2|Hidden-Chaos-7777|170|1388
|gen|9
|tier|[Gen 9] OU
|rated|
|rule|HP Percentage Mod: HP is shown in percentages
|rule|Endless Battle Clause: Forcing endless battles is banned
|rule|Species Clause: Limit one of each Pokémon
|rule|OHKO Clause: OHKO moves are banned
|rule|Evasion Items Clause: Evasion items are banned
|rule|Evasion Moves Clause: Evasion moves are banned
|rule|Evasion Abilities Clause: Evasion abilities are banned
|rule|Sleep Moves Clause: Sleep-inducing moves are banned
|clearpoke
|poke|p1|Dragapult, F|
|poke|p1|Great Tusk|
|poke|p1|Slowking-Galar, M|
|poke|p1|Ogerpon-Wellspring, F|
|poke|p1|Moltres|
|poke|p1|Clefable, F|
|poke|p2|Iron Treads|
|poke|p2|Klefki, F|
|poke|p2|Gyarados, M|
|poke|p2|Hydreigon, F|
|poke|p2|Dragonite, F|
|poke|p2|Rotom-Wash|
|teampreview
|inactive|Battle timer is ON: inactive players will automatically lose when time's up. (requested by Hidden-Chaos-7777)
|inactive|MidKnight222 has 120 seconds left.
|
|t:|1760338255
|teamsize|p1|6
|teamsize|p2|6
|start
|switch|p1a: Great Tusk|Great Tusk|100/100
|switch|p2a: Hydreigon|Hydreigon, F|100/100
|turn|1
|
|t:|1760338279
|switch|p2a: Rotom|Rotom-Wash|100/100
|-end|p1a: Great Tusk|Protosynthesis|[silent]
|switch|p1a: Slowking|Slowking-Galar, M|100/100
|
|upkeep
|turn|2
|
|t:|1760338299
|move|p2a: Rotom|Will-O-Wisp|p1a: Slowking
|-status|p1a: Slowking|brn
|-prepare|p1a: Slowking|Chilly Reception|[premajor]
|move|p1a: Slowking|Chilly Reception|p1a: Slowking
|-weather|Snowscape
|
|t:|1760338309
|switch|p1a: Clefable|Clefable, F|100/100|[from] Chilly Reception
|
|-weather|Snowscape|[upkeep]
|upkeep
|turn|3
|
|t:|1760338321
|move|p2a: Rotom|Thunder Wave|p1a: Clefable
|-status|p1a: Clefable|par
|move|p1a: Clefable|Calm Mind|p1a: Clefable
|-boost|p1a: Clefable|spa|1
|-boost|p1a: Clefable|spd|1
|
|-weather|Snowscape|[upkeep]
|upkeep
|turn|4
|
|t:|1760338327
|move|p2a: Rotom|Volt Switch|p1a: Clefable
|-damage|p1a: Clefable|85/100 par
|
|t:|1760338333
|switch|p2a: Iron Treads|Iron Treads|100/100|[from] Volt Switch
|-item|p2a: Iron Treads|Air Balloon
|move|p1a: Clefable|Calm Mind|p1a: Clefable
|-boost|p1a: Clefable|spa|1
|-boost|p1a: Clefable|spd|1
|
|-weather|Snowscape|[upkeep]
|-heal|p1a: Clefable|91/100 par|[from] item: Leftovers
|upkeep
|turn|5
|
|t:|1760338344
|move|p2a: Iron Treads|Earthquake|p1a: Clefable
|-damage|p1a: Clefable|58/100 par
|move|p1a: Clefable|Flamethrower|p2a: Iron Treads
|-supereffective|p2a: Iron Treads
|-damage|p2a: Iron Treads|0 fnt
|-enditem|p2a: Iron Treads|Air Balloon
|faint|p2a: Iron Treads
|-end|p2a: Iron Treads|Quark Drive|[silent]
|
|-weather|Snowscape|[upkeep]
|-heal|p1a: Clefable|64/100 par|[from] item: Leftovers
|upkeep
|inactive|Hidden-Chaos-7777 has 120 seconds left.
|
|t:|1760338367
|switch|p2a: Klefki|Klefki, F|100/100
|turn|6
|
|t:|1760338372
|move|p2a: Klefki|Light Screen|p2a: Klefki
|-sidestart|p2: Hidden-Chaos-7777|move: Light Screen
|move|p1a: Clefable|Flamethrower|p2a: Klefki
|-supereffective|p2a: Klefki
|-damage|p2a: Klefki|68/100
|
|-weather|none
|-heal|p1a: Clefable|70/100 par|[from] item: Leftovers
|upkeep
|turn|7
|
|t:|1760338383
|move|p2a: Klefki|Spikes|p1a: Clefable
|-sidestart|p1: MidKnight222|Spikes
|move|p1a: Clefable|Calm Mind|p1a: Clefable
|-boost|p1a: Clefable|spa|1
|-boost|p1a: Clefable|spd|1
|
|-heal|p1a: Clefable|76/100 par|[from] item: Leftovers
|upkeep
|turn|8
|
|t:|1760338389
|move|p2a: Klefki|Spikes|p1a: Clefable
|-sidestart|p1: MidKnight222|Spikes
|move|p1a: Clefable|Calm Mind|p1a: Clefable
|-boost|p1a: Clefable|spa|1
|-boost|p1a: Clefable|spd|1
|
|-heal|p1a: Clefable|82/100 par|[from] item: Leftovers
|upkeep
|turn|9
|
|t:|1760338399
|switch|p2a: Gyarados|Gyarados, M|100/100
|cant|p1a: Clefable|par
|
|-heal|p1a: Clefable|88/100 par|[from] item: Leftovers
|upkeep
|turn|10
|
|t:|1760338409
|move|p2a: Gyarados|Dragon Dance|p2a: Gyarados
|-boost|p2a: Gyarados|atk|1
|-boost|p2a: Gyarados|spe|1
|move|p1a: Clefable|Moonblast|p2a: Gyarados
|-damage|p2a: Gyarados|50/100
|
|-heal|p1a: Clefable|94/100 par|[from] item: Leftovers
|upkeep
|turn|11
|
|t:|1760338419
|move|p2a: Gyarados|Waterfall|p1a: Clefable
|-damage|p1a: Clefable|42/100 par
|move|p1a: Clefable|Moonblast|p2a: Gyarados
|-damage|p2a: Gyarados|0 fnt
|faint|p2a: Gyarados
|
|-heal|p1a: Clefable|48/100 par|[from] item: Leftovers
|upkeep
|
|t:|1760338426
|switch|p2a: Dragonite|Dragonite, F|100/100
|turn|12
|
|t:|1760338434
|-terastallize|p2a: Dragonite|Normal
|move|p2a: Dragonite|Dragon Dance|p2a: Dragonite
|-boost|p2a: Dragonite|atk|1
|-boost|p2a: Dragonite|spe|1
|move|p1a: Clefable|Moonlight|p1a: Clefable
|-heal|p1a: Clefable|98/100 par
|
|-heal|p1a: Clefable|100/100 par|[from] item: Leftovers
|upkeep
|turn|13
|
|t:|1760338442
|switch|p1a: Moltres|Moltres|100/100
|move|p2a: Dragonite|Extreme Speed|p1a: Moltres
|-damage|p1a: Moltres|48/100
|
|-sideend|p2: Hidden-Chaos-7777|move: Light Screen
|upkeep
|turn|14
|
|t:|1760338450
|move|p2a: Dragonite|Extreme Speed|p1a: Moltres
|-damage|p1a: Moltres|2/100
|move|p1a: Moltres|Roar|p2a: Dragonite
|drag|p2a: Hydreigon|Hydreigon, F|100/100
|
|upkeep
|turn|15
|
|t:|1760338461
|move|p2a: Hydreigon|U-turn|p1a: Moltres
|-resisted|p1a: Moltres
|-damage|p1a: Moltres|0 fnt
|faint|p1a: Moltres
|
|t:|1760338471
|switch|p2a: Klefki|Klefki, F|68/100|[from] U-turn
|
|upkeep
|
|t:|1760338493
|switch|p1a: Great Tusk|Great Tusk|100/100
|turn|16
|
|t:|1760338498
|move|p2a: Klefki|Reflect|p2a: Klefki
|-sidestart|p2: Hidden-Chaos-7777|Reflect
|move|p1a: Great Tusk|Rapid Spin|p2a: Klefki
|-resisted|p2a: Klefki
|-damage|p2a: Klefki|63/100
|-boost|p1a: Great Tusk|spe|1
|-sideend|p1: MidKnight222|Spikes|[from] move: Rapid Spin|[of] p1a: Great Tusk
|
|upkeep
|turn|17
|
|t:|1760338504
|move|p2a: Klefki|Light Screen|p2a: Klefki
|-sidestart|p2: Hidden-Chaos-7777|move: Light Screen
|move|p1a: Great Tusk|Headlong Rush|p2a: Klefki
|-supereffective|p2a: Klefki
|-damage|p2a: Klefki|0 fnt
|-unboost|p1a: Great Tusk|def|1
|-unboost|p1a: Great Tusk|spd|1
|faint|p2a: Klefki
|
|upkeep
|inactive|Hidden-Chaos-7777 has 120 seconds left.
|
|t:|1760338555
|switch|p2a: Rotom|Rotom-Wash|100/100
|turn|18
|
|t:|1760338560
|-end|p1a: Great Tusk|Protosynthesis|[silent]
|switch|p1a: Slowking|Slowking-Galar, M|100/100 brn
|move|p2a: Rotom|Hydro Pump|p1a: Slowking
|-damage|p1a: Slowking|78/100 brn
|
|-damage|p1a: Slowking|72/100 brn|[from] brn
|upkeep
|turn|19
|
|t:|1760338568
|move|p2a: Rotom|Hydro Pump|p1a: Slowking|[miss]
|-miss|p2a: Rotom|p1a: Slowking
|move|p1a: Slowking|Future Sight|p2a: Rotom
|-start|p1a: Slowking|move: Future Sight
|
|-damage|p1a: Slowking|66/100 brn|[from] brn
|upkeep
|turn|20
|
|t:|1760338579
|switch|p2a: Hydreigon|Hydreigon, F|100/100
|-prepare|p1a: Slowking|Chilly Reception|[premajor]
|move|p1a: Slowking|Chilly Reception|p1a: Slowking
|-weather|Snowscape
|
|t:|1760338586
|switch|p1a: Clefable|Clefable, F|100/100 par|[from] Chilly Reception
|
|-weather|Snowscape|[upkeep]
|upkeep
|turn|21
|inactive|Hidden-Chaos-7777 has 120 seconds left.
|
|t:|1760338592
|move|p2a: Hydreigon|Flash Cannon|p1a: Clefable
|-supereffective|p1a: Clefable
|-damage|p1a: Clefable|41/100 par
|move|p1a: Clefable|Moonblast|p2a: Hydreigon
|-supereffective|p2a: Hydreigon
|-damage|p2a: Hydreigon|30/100
|
|-weather|Snowscape|[upkeep]
|-end|p2a: Hydreigon|move: Future Sight
|-immune|p2a: Hydreigon
|-heal|p1a: Clefable|47/100 par|[from] item: Leftovers
|upkeep
|turn|22
|
|t:|1760338601
|switch|p1a: Ogerpon|Ogerpon-Wellspring, F|100/100
|move|p2a: Hydreigon|Flash Cannon|p1a: Ogerpon
|-resisted|p1a: Ogerpon
|-damage|p1a: Ogerpon|82/100
|
|-weather|Snowscape|[upkeep]
|upkeep
|turn|23
|
|t:|1760338612
|switch|p2a: Rotom|Rotom-Wash|100/100
|move|p1a: Ogerpon|U-turn|p2a: Rotom
|-damage|p2a: Rotom|87/100
|
|t:|1760338617
|switch|p1a: Slowking|Slowking-Galar, M|99/100 brn|[from] U-turn
|
|-weather|Snowscape|[upkeep]
|-heal|p2a: Rotom|94/100|[from] item: Leftovers
|-damage|p1a: Slowking|93/100 brn|[from] brn
|-sideend|p2: Hidden-Chaos-7777|Reflect
|upkeep
|turn|24
|
|t:|1760338625
|move|p2a: Rotom|Volt Switch|p1a: Slowking
|-damage|p1a: Slowking|78/100 brn
|
|t:|1760338628
|switch|p2a: Hydreigon|Hydreigon, F|30/100|[from] Volt Switch
|move|p1a: Slowking|Future Sight|p2a: Hydreigon
|-start|p1a: Slowking|move: Future Sight
|
|-weather|none
|-damage|p1a: Slowking|72/100 brn|[from] brn
|-sideend|p2: Hidden-Chaos-7777|move: Light Screen
|upkeep
|turn|25
|
|t:|1760338643
|move|p2a: Hydreigon|Dark Pulse|p1a: Slowking
|-supereffective|p1a: Slowking
|-damage|p1a: Slowking|24/100 brn
|-prepare|p1a: Slowking|Chilly Reception|[premajor]
|move|p1a: Slowking|Chilly Reception|p1a: Slowking
|-weather|Snowscape
|
|t:|1760338651
|switch|p1a: Dragapult|Dragapult, F|100/100|[from] Chilly Reception
|
|-weather|Snowscape|[upkeep]
|upkeep
|turn|26
|
|t:|1760338656
|move|p2a: Hydreigon|Dark Pulse|p1a: Dragapult
|-supereffective|p1a: Dragapult
|-damage|p1a: Dragapult|0 fnt
|faint|p1a: Dragapult
|
|-weather|Snowscape|[upkeep]
|-end|p2a: Hydreigon|move: Future Sight
|-immune|p2a: Hydreigon
|upkeep
|
|t:|1760338665
|switch|p1a: Clefable|Clefable, F|47/100 par
|turn|27
|
|t:|1760338675
|switch|p2a: Dragonite|Dragonite, F, tera:Normal|100/100
|move|p1a: Clefable|Moonlight|p1a: Clefable
|-heal|p1a: Clefable|72/100 par
|
|-weather|Snowscape|[upkeep]
|-heal|p1a: Clefable|78/100 par|[from] item: Leftovers
|upkeep
|turn|28
|
|t:|1760338688
|move|p2a: Dragonite|Dragon Dance|p2a: Dragonite
|-boost|p2a: Dragonite|atk|1
|-boost|p2a: Dragonite|spe|1
|move|p1a: Clefable|Moonblast|p2a: Dragonite
|-damage|p2a: Dragonite|85/100
|
|-weather|Snowscape|[upkeep]
|-heal|p1a: Clefable|84/100 par|[from] item: Leftovers
|upkeep
|turn|29
|
|t:|1760338696
|move|p2a: Dragonite|Dragon Dance|p2a: Dragonite
|-boost|p2a: Dragonite|atk|1
|-boost|p2a: Dragonite|spe|1
|move|p1a: Clefable|Moonblast|p2a: Dragonite
|-damage|p2a: Dragonite|53/100
|
|-weather|none
|-heal|p1a: Clefable|90/100 par|[from] item: Leftovers
|upkeep
|turn|30
|
|t:|1760338703
|move|p2a: Dragonite|Extreme Speed|p1a: Clefable
|-damage|p1a: Clefable|14/100 par
|cant|p1a: Clefable|par
|
|-heal|p1a: Clefable|20/100 par|[from] item: Leftovers
|upkeep
|turn|31
|
|t:|1760338713
|move|p2a: Dragonite|Extreme Speed|p1a: Clefable
|-damage|p1a: Clefable|0 fnt
|faint|p1a: Clefable
|
|upkeep
|
|t:|1760338715
|switch|p1a: Great Tusk|Great Tusk|100/100
|turn|32
|
|t:|1760338721
|move|p2a: Dragonite|Extreme Speed|p1a: Great Tusk
|-damage|p1a: Great Tusk|28/100
|move|p1a: Great Tusk|Headlong Rush|p2a: Dragonite
|-damage|p2a: Dragonite|0 fnt
|-unboost|p1a: Great Tusk|def|1
|-unboost|p1a: Great Tusk|spd|1
|faint|p2a: Dragonite
|
|upkeep
|
|t:|1760338749
|switch|p2a: Hydreigon|Hydreigon, F|30/100
|turn|33
|
|t:|1760338758
|move|p2a: Hydreigon|Dark Pulse|p1a: Great Tusk
|-resisted|p1a: Great Tusk
|-damage|p1a: Great Tusk|0 fnt
|faint|p1a: Great Tusk
|-end|p1a: Great Tusk|Protosynthesis|[silent]
|
|upkeep
|
|t:|1760338763
|switch|p1a: Ogerpon|Ogerpon-Wellspring, F|82/100
|turn|34
|
|t:|1760338767
|-terastallize|p1a: Ogerpon|Water
|detailschange|p1a: Ogerpon|Ogerpon-Wellspring-Tera, F, tera:Water
|-ability|p1a: Ogerpon|Embody Aspect (Wellspring)|boost
|-boost|p1a: Ogerpon|spd|1
|move|p2a: Hydreigon|Dark Pulse|p1a: Ogerpon
|-damage|p1a: Ogerpon|46/100
|move|p1a: Ogerpon|Ivy Cudgel|p2a: Hydreigon|[anim] Ivy Cudgel Water
|-resisted|p2a: Hydreigon
|-damage|p2a: Hydreigon|0 fnt
|faint|p2a: Hydreigon
|
|upkeep
|
|t:|1760338777
|switch|p2a: Rotom|Rotom-Wash|94/100
|turn|35
|
|t:|1760338783
|move|p1a: Ogerpon|Power Whip|p2a: Rotom
|-supereffective|p2a: Rotom
|-damage|p2a: Rotom|0 fnt
|faint|p2a: Rotom
|
|win|MidKnight222
|raw|MidKnight222's rating: 1428 &rarr; <strong>1446</strong><br />(+18 for winning)
|raw|Hidden-Chaos-7777's rating: 1388 &rarr; <strong>1370</strong><br />(-18 for losing)
|l|☆Hidden-Chaos-7777
|player|p2|
|l|☆MidKnight222
|player|p1|
