|j|☆fulkttd
|j|☆afdtv
|t:|1760373591
|gametype|singles
|player|p1|fulkttd|zinzolin|1463
|player|p2|afdtv|hilbert|1475
|gen|9
|tier|[Gen 9] OU
|rated|
|rule|HP Percentage Mod: HP is shown in percentages
|rule|Endless Battle Clause: Forcing endless battles is banned
|rule|Species Clause: Limit one of each Pokémon
|rule|OHKO Clause: OHKO moves are banned
|rule|Evasion Items Clause: Evasion items are banned
|rule|Evasion Moves Clause: Evasion moves are banned
|rule|Evasion Abilities Clause: Evasion abilities are banned
|rule|Sleep Moves Clause: Sleep-inducing moves are banned
|clearpoke
|poke|p1|Raging Bolt|
|poke|p1|Walking Wake|
|poke|p1|Iron Valiant|
|poke|p1|Meowscarada, F|
|poke|p1|Scizor, M|
|poke|p1|Okidogi, M|
|poke|p2|Meloetta|
|poke|p2|Zapdos|
|poke|p2|Great Tusk|
|poke|p2|Rillaboom, F|
|poke|p2|Primarina, M|
|poke|p2|Gholdengo|
|teampreview
|inactive|Battle timer is ON: inactive players will automatically lose when time's up. (requested by fulkttd)
|inactive|afdtv has 120 seconds left.
|inactive|afdtv has 90 seconds left.
|inactive|afdtv has 60 seconds left.
|inactive|afdtv has 30 seconds left.
|
|t:|1760373713
|teamsize|p1|6
|teamsize|p2|6
|start
|switch|p1a: Meowscarada|Meowscarada, F|100/100
|switch|p2a: Zapdos|Zapdos|100/100
|turn|1
|
|t:|1760373723
|switch|p1a: Raging Bolt|Raging Bolt|100/100
|move|p2a: Zapdos|Volt Switch|p1a: Raging Bolt
|-resisted|p1a: Raging Bolt
|-damage|p1a: Raging Bolt|88/100
|
|t:|1760373728
|switch|p2a: Meloetta|Meloetta|100/100|[from] Volt Switch
|
|upkeep
|turn|2
|
|t:|1760373734
|move|p1a: Raging Bolt|Volt Switch|p2a: Meloetta
|-damage|p2a: Meloetta|82/100
|
|t:|1760373737
|-end|p1a: Raging Bolt|Protosynthesis|[silent]
|switch|p1a: Scizor|Scizor, M|100/100|[from] Volt Switch
|move|p2a: Meloetta|Psyshock|p1a: Scizor
|-resisted|p1a: Scizor
|-damage|p1a: Scizor|79/100
|
|upkeep
|turn|3
|inactive|afdtv has 120 seconds left.
|
|t:|1760373751
|switch|p2a: Behemoth|Great Tusk, shiny|100/100
|move|p1a: Scizor|U-turn|p2a: Behemoth
|-resisted|p2a: Behemoth
|-damage|p2a: Behemoth|87/100
|-damage|p1a: Scizor|62/100|[from] item: Rocky Helmet|[of] p2a: Behemoth
|
|t:|1760373758
|switch|p1a: Walking Wake|Walking Wake|100/100|[from] U-turn
|
|upkeep
|turn|4
|
|t:|1760373766
|-end|p2a: Behemoth|Protosynthesis|[silent]
|switch|p2a: Meloetta|Meloetta|82/100
|move|p1a: Walking Wake|Flip Turn|p2a: Meloetta
|-damage|p2a: Meloetta|63/100
|
|t:|1760373773
|-end|p1a: Walking Wake|Protosynthesis|[silent]
|switch|p1a: Meowscarada|Meowscarada, F|100/100|[from] Flip Turn
|
|upkeep
|turn|5
|
|t:|1760373794
|switch|p2a: Zapdos|Zapdos|100/100
|move|p1a: Meowscarada|Triple Axel|p2a: Zapdos
|-start|p1a: Meowscarada|typechange|Ice|[from] ability: Protean
|-supereffective|p2a: Zapdos
|-damage|p2a: Zapdos|77/100
|-supereffective|p2a: Zapdos
|-damage|p2a: Zapdos|30/100
|-status|p1a: Meowscarada|par|[from] ability: Static|[of] p2a: Zapdos
|-supereffective|p2a: Zapdos
|-damage|p2a: Zapdos|0 fnt
|faint|p2a: Zapdos
|-hitcount|p2: Zapdos|3
|
|upkeep
|
|t:|1760373800
|switch|p2a: Gholdengo|Gholdengo|100/100
|turn|6
|
|t:|1760373806
|switch|p1a: Scizor|Scizor, M|62/100
|move|p2a: Gholdengo|Shadow Ball|p1a: Scizor
|-damage|p1a: Scizor|10/100
|
|upkeep
|turn|7
|
|t:|1760373810
|move|p1a: Scizor|Bullet Punch|p2a: Gholdengo
|-resisted|p2a: Gholdengo
|-damage|p2a: Gholdengo|83/100
|move|p2a: Gholdengo|Shadow Ball|p1a: Scizor
|-damage|p1a: Scizor|0 fnt
|faint|p1a: Scizor
|
|upkeep
|
|t:|1760373817
|switch|p1a: Meowscarada|Meowscarada, F|100/100 par
|turn|8
|
|t:|1760373830
|switch|p2a: Behemoth|Great Tusk, shiny|87/100
|move|p1a: Meowscarada|U-turn|p2a: Behemoth
|-start|p1a: Meowscarada|typechange|Bug|[from] ability: Protean
|-resisted|p2a: Behemoth
|-damage|p2a: Behemoth|76/100
|-damage|p1a: Meowscarada|84/100 par|[from] item: Rocky Helmet|[of] p2a: Behemoth
|
|t:|1760373836
|switch|p1a: Walking Wake|Walking Wake|100/100|[from] U-turn
|
|upkeep
|turn|9
|
|t:|1760373843
|-end|p2a: Behemoth|Protosynthesis|[silent]
|switch|p2a: Primarina|Primarina, M|100/100
|move|p1a: Walking Wake|Flip Turn|p2a: Primarina
|-resisted|p2a: Primarina
|-damage|p2a: Primarina|91/100
|
|t:|1760373846
|-end|p1a: Walking Wake|Protosynthesis|[silent]
|switch|p1a: Raging Bolt|Raging Bolt|88/100|[from] Flip Turn
|
|-heal|p2a: Primarina|97/100|[from] item: Leftovers
|upkeep
|turn|10
|
|t:|1760373853
|-terastallize|p2a: Primarina|Steel
|move|p1a: Raging Bolt|Volt Switch|p2a: Primarina
|-damage|p2a: Primarina|61/100
|
|t:|1760373858
|-end|p1a: Raging Bolt|Protosynthesis|[silent]
|switch|p1a: Okidogi|Okidogi, M|100/100|[from] Volt Switch
|move|p2a: Primarina|Calm Mind|p2a: Primarina
|-boost|p2a: Primarina|spa|1
|-boost|p2a: Primarina|spd|1
|
|-heal|p2a: Primarina|67/100|[from] item: Leftovers
|upkeep
|turn|11
|
|t:|1760373883
|switch|p2a: Gholdengo|Gholdengo|83/100
|move|p1a: Okidogi|Knock Off|p2a: Gholdengo
|-supereffective|p2a: Gholdengo
|-damage|p2a: Gholdengo|1/100
|-enditem|p2a: Gholdengo|Choice Scarf|[from] move: Knock Off|[of] p1a: Okidogi
|
|upkeep
|turn|12
|
|t:|1760373891
|move|p2a: Gholdengo|Make It Rain|p1a: Okidogi
|-damage|p1a: Okidogi|31/100
|-unboost|p2a: Gholdengo|spa|1
|move|p1a: Okidogi|Knock Off|p2a: Gholdengo
|-supereffective|p2a: Gholdengo
|-damage|p2a: Gholdengo|0 fnt
|faint|p2a: Gholdengo
|
|-heal|p1a: Okidogi|37/100|[from] item: Leftovers
|upkeep
|-message|afdtv forfeited.
|
|win|fulkttd
|raw|fulkttd's rating: 1463 &rarr; <strong>1484</strong><br />(+21 for winning)
|raw|afdtv's rating: 1475 &rarr; <strong>1454</strong><br />(-21 for losing)
|l|☆afdtv
|player|p2|
|l|☆fulkttd
|player|p1|
