|j|☆fhfghbffg随便取的
|j|☆Forever1507
|t:|1760435021
|gametype|singles
|player|p1|fhfghbffg随便取的|iono|1584
|player|p2|Forever1507|youngster-gen4dp|1680
|gen|9
|tier|[Gen 9] OU
|rated|
|rule|HP Percentage Mod: HP is shown in percentages
|rule|Endless Battle Clause: Forcing endless battles is banned
|rule|Species Clause: Limit one of each Pokémon
|rule|OHKO Clause: OHKO moves are banned
|rule|Evasion Items Clause: Evasion items are banned
|rule|Evasion Moves Clause: Evasion moves are banned
|rule|Evasion Abilities Clause: Evasion abilities are banned
|rule|Sleep Moves Clause: Sleep-inducing moves are banned
|clearpoke
|poke|p1|Blaziken, M|
|poke|p1|Grimmsnarl, M|
|poke|p1|Kingambit, M|
|poke|p1|Ogerpon-Wellspring, F|
|poke|p1|Ninetales-Alola, F|
|poke|p1|Kyurem|
|poke|p2|Dragapult, F|
|poke|p2|Incineroar, M|
|poke|p2|Zapdos|
|poke|p2|Great Tusk|
|poke|p2|Slowking-Galar, M|
|poke|p2|Iron Valiant|
|teampreview
|inactive|Battle timer is ON: inactive players will automatically lose when time's up. (requested by fhfghbffg随便取的)
|
|t:|1760435027
|teamsize|p1|6
|teamsize|p2|6
|start
|switch|p1a: Ninetales|Ninetales-Alola, F|100/100
|switch|p2a: Iron Valiant|Iron Valiant|100/100
|-weather|Snowscape|[from] ability: Snow Warning|[of] p1a: Ninetales
|turn|1
|
|t:|1760435032
|-terastallize|p2a: Iron Valiant|Fairy
|move|p2a: Iron Valiant|Moonblast|p1a: Ninetales
|-damage|p1a: Ninetales|11/100
|-unboost|p1a: Ninetales|spa|1
|move|p1a: Ninetales|Aurora Veil|p1a: Ninetales
|-sidestart|p1: fhfghbffg随便取的|move: Aurora Veil
|
|-weather|Snowscape|[upkeep]
|upkeep
|turn|2
|
|t:|1760435041
|switch|p1a: Blaziken|Blaziken, M|100/100
|move|p2a: Iron Valiant|Moonblast|p1a: Blaziken
|-damage|p1a: Blaziken|33/100
|-unboost|p1a: Blaziken|spa|1
|
|-weather|Snowscape|[upkeep]
|-heal|p1a: Blaziken|39/100|[from] item: Leftovers
|upkeep
|turn|3
|
|t:|1760435051
|move|p2a: Iron Valiant|Moonblast|p1a: Blaziken
|-damage|p1a: Blaziken|0 fnt
|faint|p1a: Blaziken
|
|-weather|Snowscape|[upkeep]
|upkeep
|
|t:|1760435055
|switch|p1a: Ogerpon|Ogerpon-Wellspring, F|100/100
|turn|4
|
|t:|1760435062
|-end|p2a: Iron Valiant|Quark Drive|[silent]
|switch|p2a: Incineroar|Incineroar, M|100/100
|-ability|p2a: Incineroar|Intimidate|boost
|-unboost|p1a: Ogerpon|atk|1
|-terastallize|p1a: Ogerpon|Water
|detailschange|p1a: Ogerpon|Ogerpon-Wellspring-Tera, F, tera:Water
|-ability|p1a: Ogerpon|Embody Aspect (Wellspring)|boost
|-boost|p1a: Ogerpon|spd|1
|move|p1a: Ogerpon|Swords Dance|p1a: Ogerpon
|-boost|p1a: Ogerpon|atk|2
|
|-weather|Snowscape|[upkeep]
|upkeep
|turn|5
|
|t:|1760435069
|move|p1a: Ogerpon|Ivy Cudgel|p2a: Incineroar|[anim] Ivy Cudgel Water
|-supereffective|p2a: Incineroar
|-damage|p2a: Incineroar|0 fnt
|faint|p2a: Incineroar
|
|-weather|none
|upkeep
|
|t:|1760435071
|switch|p2a: Zapdos|Zapdos|100/100
|turn|6
|
|t:|1760435075
|move|p1a: Ogerpon|Swords Dance|p1a: Ogerpon
|-boost|p1a: Ogerpon|atk|2
|move|p2a: Zapdos|Volt Switch|p1a: Ogerpon
|-supereffective|p1a: Ogerpon
|-damage|p1a: Ogerpon|78/100
|
|t:|1760435081
|switch|p2a: Dragapult|Dragapult, F|100/100|[from] Volt Switch
|
|upkeep
|turn|7
|
|t:|1760435086
|move|p2a: Dragapult|Phantom Force||[still]
|-prepare|p2a: Dragapult|Phantom Force
|move|p1a: Ogerpon|Horn Leech|p2a: Dragapult|[miss]
|-miss|p1a: Ogerpon|p2a: Dragapult
|
|upkeep
|turn|8
|
|t:|1760435089
|move|p2a: Dragapult|Phantom Force|p1a: Ogerpon|[from] lockedmove
|-damage|p1a: Ogerpon|36/100
|move|p1a: Ogerpon|Horn Leech|p2a: Dragapult
|-resisted|p2a: Dragapult
|-damage|p2a: Dragapult|31/100
|-heal|p1a: Ogerpon|73/100|[from] drain|[of] p2a: Dragapult
|
|-sideend|p1: fhfghbffg随便取的|move: Aurora Veil
|upkeep
|turn|9
|
|t:|1760435095
|move|p2a: Dragapult|Phantom Force||[still]
|-prepare|p2a: Dragapult|Phantom Force
|move|p1a: Ogerpon|Encore|p2a: Dragapult|[miss]
|-miss|p1a: Ogerpon|p2a: Dragapult
|
|upkeep
|turn|10
|
|t:|1760435099
|move|p2a: Dragapult|Phantom Force|p1a: Ogerpon|[from] lockedmove
|-damage|p1a: Ogerpon|0 fnt
|faint|p1a: Ogerpon
|detailschange|p1: Ogerpon|Ogerpon-Wellspring, F|[silent]
|
|upkeep
|
|t:|1760435103
|switch|p1a: Grimmsnarl|Grimmsnarl, M|100/100
|turn|11
|
|t:|1760435108
|switch|p2a: Slowking|Slowking-Galar, M|100/100
|move|p1a: Grimmsnarl|Reflect|p1a: Grimmsnarl
|-sidestart|p1: fhfghbffg随便取的|Reflect
|
|upkeep
|turn|12
|
|t:|1760435110
|move|p1a: Grimmsnarl|Light Screen|p1a: Grimmsnarl
|-sidestart|p1: fhfghbffg随便取的|move: Light Screen
|move|p2a: Slowking|Flamethrower|p1a: Grimmsnarl
|-damage|p1a: Grimmsnarl|89/100
|
|upkeep
|turn|13
|
|t:|1760435113
|move|p1a: Grimmsnarl|Parting Shot|p2a: Slowking
|-unboost|p2a: Slowking|atk|1
|-unboost|p2a: Slowking|spa|1
|
|t:|1760435117
|switch|p1a: Kyurem|Kyurem|100/100|[from] Parting Shot
|-ability|p1a: Kyurem|Pressure
|move|p2a: Slowking|Flamethrower|p1a: Kyurem
|-damage|p1a: Kyurem|91/100
|
|-heal|p1a: Kyurem|97/100|[from] item: Leftovers
|upkeep
|turn|14
|
|t:|1760435127
|switch|p2a: Iron Valiant|Iron Valiant, tera:Fairy|100/100
|move|p1a: Kyurem|Dragon Dance|p1a: Kyurem
|-boost|p1a: Kyurem|atk|1
|-boost|p1a: Kyurem|spe|1
|
|-heal|p1a: Kyurem|100/100|[from] item: Leftovers
|upkeep
|turn|15
|
|t:|1760435131
|move|p1a: Kyurem|Icicle Spear|p2a: Iron Valiant
|-crit|p2a: Iron Valiant
|-damage|p2a: Iron Valiant|66/100
|-damage|p2a: Iron Valiant|44/100
|-damage|p2a: Iron Valiant|21/100
|-damage|p2a: Iron Valiant|1/100
|-damage|p2a: Iron Valiant|0 fnt
|faint|p2a: Iron Valiant
|-end|p2a: Iron Valiant|Quark Drive|[silent]
|-hitcount|p2: Iron Valiant|5
|
|upkeep
|
|t:|1760435134
|switch|p2a: Slowking|Slowking-Galar, M|100/100
|turn|16
|
|t:|1760435143
|move|p1a: Kyurem|Dragon Dance|p1a: Kyurem
|-boost|p1a: Kyurem|atk|1
|-boost|p1a: Kyurem|spe|1
|move|p2a: Slowking|Sludge Bomb|p1a: Kyurem
|-damage|p1a: Kyurem|79/100
|
|-heal|p1a: Kyurem|85/100|[from] item: Leftovers
|upkeep
|turn|17
|
|t:|1760435152
|move|p1a: Kyurem|Dragon Dance|p1a: Kyurem
|-boost|p1a: Kyurem|atk|1
|-boost|p1a: Kyurem|spe|1
|move|p2a: Slowking|Sludge Bomb|p1a: Kyurem
|-damage|p1a: Kyurem|64/100
|
|-heal|p1a: Kyurem|70/100|[from] item: Leftovers
|upkeep
|turn|18
|
|t:|1760435155
|move|p1a: Kyurem|Outrage|p2a: Slowking
|-damage|p2a: Slowking|0 fnt
|faint|p2a: Slowking
|
|-heal|p1a: Kyurem|76/100|[from] item: Leftovers
|-sideend|p1: fhfghbffg随便取的|Reflect
|upkeep
|
|t:|1760435158
|switch|p2a: Great Tusk|Great Tusk|100/100
|turn|19
|
|t:|1760435161
|move|p1a: Kyurem|Outrage|p2a: Great Tusk|[from] lockedmove
|-damage|p2a: Great Tusk|0 fnt
|faint|p2a: Great Tusk
|-end|p2a: Great Tusk|Protosynthesis|[silent]
|-start|p1a: Kyurem|confusion|[fatigue]
|
|-heal|p1a: Kyurem|82/100|[from] item: Leftovers
|-sideend|p1: fhfghbffg随便取的|move: Light Screen
|upkeep
|
|t:|1760435167
|switch|p2a: Dragapult|Dragapult, F|31/100
|turn|20
|
|t:|1760435170
|-activate|p1a: Kyurem|confusion
|-damage|p1a: Kyurem|54/100|[from] confusion
|move|p2a: Dragapult|Dragon Darts|p1a: Kyurem
|-supereffective|p1a: Kyurem
|-damage|p1a: Kyurem|0 fnt
|faint|p1a: Kyurem
|
|upkeep
|
|t:|1760435175
|switch|p1a: Grimmsnarl|Grimmsnarl, M|89/100
|turn|21
|
|t:|1760435177
|switch|p2a: Zapdos|Zapdos|100/100
|move|p1a: Grimmsnarl|Reflect|p1a: Grimmsnarl
|-sidestart|p1: fhfghbffg随便取的|Reflect
|
|upkeep
|turn|22
|
|t:|1760435180
|move|p1a: Grimmsnarl|Light Screen|p1a: Grimmsnarl
|-sidestart|p1: fhfghbffg随便取的|move: Light Screen
|move|p2a: Zapdos|Hurricane|p1a: Grimmsnarl
|-damage|p1a: Grimmsnarl|71/100
|-start|p1a: Grimmsnarl|confusion
|
|upkeep
|turn|23
|
|t:|1760435186
|-activate|p1a: Grimmsnarl|confusion
|-damage|p1a: Grimmsnarl|59/100|[from] confusion
|move|p2a: Zapdos|Volt Switch|p1a: Grimmsnarl
|-damage|p1a: Grimmsnarl|49/100
|
|t:|1760435190
|switch|p2a: Dragapult|Dragapult, F|31/100|[from] Volt Switch
|
|upkeep
|turn|24
|
|t:|1760435194
|-activate|p1a: Grimmsnarl|confusion
|-damage|p1a: Grimmsnarl|37/100|[from] confusion
|move|p2a: Dragapult|U-turn|p1a: Grimmsnarl
|-damage|p1a: Grimmsnarl|18/100
|
|t:|1760435198
|switch|p2a: Zapdos|Zapdos|100/100|[from] U-turn
|
|upkeep
|turn|25
|
|t:|1760435201
|-end|p1a: Grimmsnarl|confusion
|move|p1a: Grimmsnarl|Parting Shot|p2a: Zapdos
|-unboost|p2a: Zapdos|atk|1
|-unboost|p2a: Zapdos|spa|1
|
|t:|1760435204
|switch|p1a: Ninetales|Ninetales-Alola, F|11/100|[from] Parting Shot
|-weather|Snowscape|[from] ability: Snow Warning|[of] p1a: Ninetales
|move|p2a: Zapdos|Volt Switch|p1a: Ninetales
|-damage|p1a: Ninetales|1/100
|
|t:|1760435209
|switch|p2a: Dragapult|Dragapult, F|31/100|[from] Volt Switch
|
|-weather|Snowscape|[upkeep]
|upkeep
|turn|26
|
|t:|1760435212
|move|p2a: Dragapult|U-turn|p1a: Ninetales
|-resisted|p1a: Ninetales
|-damage|p1a: Ninetales|0 fnt
|faint|p1a: Ninetales
|
|t:|1760435215
|switch|p2a: Zapdos|Zapdos|100/100|[from] U-turn
|
|-weather|Snowscape|[upkeep]
|upkeep
|
|t:|1760435219
|switch|p1a: Kingambit|Kingambit, M|100/100
|-activate|p1a: Kingambit|ability: Supreme Overlord
|-start|p1a: Kingambit|fallen4|[silent]
|-item|p1a: Kingambit|Air Balloon
|turn|27
|
|t:|1760435223
|move|p2a: Zapdos|Heat Wave|p1a: Kingambit
|-supereffective|p1a: Kingambit
|-damage|p1a: Kingambit|72/100
|-enditem|p1a: Kingambit|Air Balloon
|move|p1a: Kingambit|Swords Dance|p1a: Kingambit
|-boost|p1a: Kingambit|atk|2
|
|-weather|Snowscape|[upkeep]
|upkeep
|turn|28
|
|t:|1760435233
|move|p2a: Zapdos|Heat Wave|p1a: Kingambit
|-supereffective|p1a: Kingambit
|-damage|p1a: Kingambit|43/100
|move|p1a: Kingambit|Kowtow Cleave|p2a: Zapdos
|-damage|p2a: Zapdos|5/100
|
|-weather|Snowscape|[upkeep]
|-sideend|p1: fhfghbffg随便取的|Reflect
|upkeep
|turn|29
|
|t:|1760435241
|move|p2a: Zapdos|Heat Wave|p1a: Kingambit
|-supereffective|p1a: Kingambit
|-damage|p1a: Kingambit|14/100
|move|p1a: Kingambit|Kowtow Cleave|p2a: Zapdos
|-damage|p2a: Zapdos|0 fnt
|faint|p2a: Zapdos
|
|-weather|none
|-sideend|p1: fhfghbffg随便取的|move: Light Screen
|upkeep
|
|t:|1760435246
|switch|p2a: Dragapult|Dragapult, F|31/100
|turn|30
|
|t:|1760435249
|move|p2a: Dragapult|Sucker Punch|p1a: Kingambit
|-resisted|p1a: Kingambit
|-damage|p1a: Kingambit|0 fnt
|faint|p1a: Kingambit
|-end|p1a: Kingambit|fallen4|[silent]
|
|upkeep
|
|t:|1760435253
|switch|p1a: Grimmsnarl|Grimmsnarl, M|18/100
|turn|31
|
|t:|1760435258
|move|p2a: Dragapult|Sucker Punch||[still]
|-fail|p2a: Dragapult
|move|p1a: Grimmsnarl|Reflect|p1a: Grimmsnarl
|-sidestart|p1: fhfghbffg随便取的|Reflect
|
|upkeep
|turn|32
|
|t:|1760435261
|move|p2a: Dragapult|Sucker Punch||[still]
|-fail|p2a: Dragapult
|move|p1a: Grimmsnarl|Light Screen|p1a: Grimmsnarl
|-sidestart|p1: fhfghbffg随便取的|move: Light Screen
|
|upkeep
|turn|33
|
|t:|1760435265
|move|p2a: Dragapult|Sucker Punch||[still]
|-fail|p2a: Dragapult
|move|p1a: Grimmsnarl|Taunt|p2a: Dragapult
|-start|p2a: Dragapult|move: Taunt
|
|upkeep
|turn|34
|
|t:|1760435267
|move|p2a: Dragapult|Sucker Punch||[still]
|-fail|p2a: Dragapult
|move|p1a: Grimmsnarl|Parting Shot|p2a: Dragapult
|-fail|p2a: Dragapult|unboost|[from] ability: Clear Body|[of] p2a: Dragapult
|
|upkeep
|turn|35
|
|t:|1760435270
|move|p2a: Dragapult|Sucker Punch||[still]
|-fail|p2a: Dragapult
|move|p1a: Grimmsnarl|Parting Shot|p2a: Dragapult
|-fail|p2a: Dragapult|unboost|[from] ability: Clear Body|[of] p2a: Dragapult
|
|upkeep
|turn|36
|
|t:|1760435272
|move|p2a: Dragapult|Sucker Punch||[still]
|-fail|p2a: Dragapult
|move|p1a: Grimmsnarl|Parting Shot|p2a: Dragapult
|-fail|p2a: Dragapult|unboost|[from] ability: Clear Body|[of] p2a: Dragapult
|
|-end|p2a: Dragapult|move: Taunt
|upkeep
|turn|37
|
|t:|1760435274
|move|p2a: Dragapult|Sucker Punch||[still]
|-fail|p2a: Dragapult
|move|p1a: Grimmsnarl|Parting Shot|p2a: Dragapult
|-fail|p2a: Dragapult|unboost|[from] ability: Clear Body|[of] p2a: Dragapult
|
|upkeep
|turn|38
|
|t:|1760435277
|move|p1a: Grimmsnarl|Parting Shot|p2a: Dragapult
|-fail|p2a: Dragapult|unboost|[from] ability: Clear Body|[of] p2a: Dragapult
|-activate|p2a: Dragapult|move: Struggle
|move|p2a: Dragapult|Struggle|p1a: Grimmsnarl
|-damage|p1a: Grimmsnarl|3/100
|-damage|p2a: Dragapult|6/100|[from] recoil
|
|-sideend|p1: fhfghbffg随便取的|Reflect
|upkeep
|turn|39
|c|☆Forever1507|挣扎魅力时刻
|
|t:|1760435291
|move|p1a: Grimmsnarl|Reflect|p1a: Grimmsnarl
|-sidestart|p1: fhfghbffg随便取的|Reflect
|-activate|p2a: Dragapult|move: Struggle
|move|p2a: Dragapult|Struggle|p1a: Grimmsnarl
|-damage|p1a: Grimmsnarl|0 fnt
|faint|p1a: Grimmsnarl
|-damage|p2a: Dragapult|0 fnt|[from] recoil
|faint|p2a: Dragapult
|
|win|Forever1507
|raw|fhfghbffg随便取的's rating: 1584 &rarr; <strong>1569</strong><br />(-15 for losing)
|raw|Forever1507's rating: 1680 &rarr; <strong>1695</strong><br />(+15 for winning)
|l|☆fhfghbffg随便取的
|player|p1|
|j| al104
|j| chenyujiai橙子
|j| shuinifengB
|l|☆Forever1507
|player|p2|
|l| al104
|j| dianciexia蒂安希侠
|l| dianciexia蒂安希侠
|l| shuinifengB
|j| nngf鬼蝉侠
|l| nngf鬼蝉侠
|j| wuminshi
|l| wuminshi
|j| nngf鬼蝉侠
|l| nngf鬼蝉侠
|j| vywxiwjxjwk
|l| vywxiwjxjwk
|j| vywxiwjxjwk
|j| quqeee熊孩子大元帅
|l| quqeee熊孩子大元帅
