|badge|p2|bronze|gen9ou|100-7
|uhtml|medal-msg|<div class="broadcast-blue">Curious what those medals under the avatar are? PS now has Ladder Seasons! For more information, check out the <a href="https://www.smogon.com/forums/threads/3740067/">thread on Smogon.</a></div>
|j|☆N_Alder
|j|☆MooFarmer
|t:|1760336897
|gametype|singles
|player|p1|N_Alder|shadowtriad|1683
|player|p2|MooFarmer|2|1867
|gen|9
|tier|[Gen 9] OU
|rated|
|rule|HP Percentage Mod: HP is shown in percentages
|rule|Endless Battle Clause: Forcing endless battles is banned
|rule|Species Clause: Limit one of each Pokémon
|rule|OHKO Clause: OHKO moves are banned
|rule|Evasion Items Clause: Evasion items are banned
|rule|Evasion Moves Clause: Evasion moves are banned
|rule|Evasion Abilities Clause: Evasion abilities are banned
|rule|Sleep Moves Clause: Sleep-inducing moves are banned
|clearpoke
|poke|p1|Zamazenta-*|
|poke|p1|Kyurem|
|poke|p1|Gliscor, M|
|poke|p1|Ogerpon-Wellspring, F|
|poke|p1|Slowking-Galar, M|
|poke|p1|Scizor, M|
|poke|p2|Kyurem|
|poke|p2|Corviknight, F|
|poke|p2|Ting-Lu|
|poke|p2|Dondozo, F|
|poke|p2|Slowking-Galar, L99, M|
|poke|p2|Cinderace, M|
|teampreview
|inactive|Battle timer is ON: inactive players will automatically lose when time's up. (requested by N_Alder)
|inactive|MooFarmer has 120 seconds left.
|
|t:|1760336944
|teamsize|p1|6
|teamsize|p2|6
|start
|switch|p1a: Kyurem|Kyurem, shiny|100/100
|switch|p2a: Slowking|Slowking-Galar, L99, M|100/100
|-ability|p1a: Kyurem|Pressure
|turn|1
|inactive|MooFarmer also wants the timer to be on.
|inactive|MooFarmer has 120 seconds left.
|
|t:|1760336991
|switch|p1a: Slowking|Slowking-Galar, M, shiny|100/100
|move|p2a: Slowking|Future Sight|p1a: Slowking
|-start|p2a: Slowking|move: Future Sight
|
|upkeep
|turn|2
|inactive|MooFarmer has 90 seconds left.
|
|t:|1760337036
|-prepare|p1a: Slowking|Chilly Reception|[premajor]
|move|p1a: Slowking|Chilly Reception|p1a: Slowking
|-weather|Snowscape
|
|t:|1760337048
|switch|p1a: Gliscor|Gliscor, M, shiny|100/100|[from] Chilly Reception
|-prepare|p2a: Slowking|Chilly Reception|[premajor]
|move|p2a: Slowking|Chilly Reception|p2a: Slowking
|inactive|MooFarmer has 60 seconds left.
|
|t:|1760337094
|switch|p2a: Kyurem|Kyurem|100/100|[from] Chilly Reception
|-ability|p2a: Kyurem|Pressure
|
|-weather|Snowscape|[upkeep]
|-status|p1a: Gliscor|tox|[from] item: Toxic Orb
|upkeep
|turn|3
|
|t:|1760337103
|move|p1a: Gliscor|Protect|p1a: Gliscor
|-singleturn|p1a: Gliscor|Protect
|move|p2a: Kyurem|Substitute|p2a: Kyurem
|-start|p2a: Kyurem|Substitute
|-damage|p2a: Kyurem|75/100
|
|-weather|Snowscape|[upkeep]
|-end|p1a: Gliscor|move: Future Sight
|-damage|p1a: Gliscor|49/100 tox
|-heal|p2a: Kyurem|82/100|[from] item: Leftovers
|-heal|p1a: Gliscor|61/100 tox|[from] ability: Poison Heal
|upkeep
|turn|4
|
|t:|1760337112
|switch|p1a: Slowking|Slowking-Galar, M, shiny|100/100
|move|p2a: Kyurem|Freeze-Dry|p1a: Slowking
|-damage|p1a: Slowking|81/100
|-status|p1a: Slowking|frz
|
|-weather|Snowscape|[upkeep]
|-heal|p2a: Kyurem|88/100|[from] item: Leftovers
|upkeep
|turn|5
|
|t:|1760337122
|move|p2a: Kyurem|Freeze-Dry|p1a: Slowking
|-crit|p1a: Slowking
|-damage|p1a: Slowking|50/100 frz
|cant|p1a: Slowking|frz
|
|-weather|Snowscape|[upkeep]
|-heal|p2a: Kyurem|94/100|[from] item: Leftovers
|upkeep
|turn|6
|
|t:|1760337131
|switch|p1a: Scizor|Scizor, M, shiny|100/100
|move|p2a: Kyurem|Freeze-Dry|p1a: Scizor
|-resisted|p1a: Scizor
|-damage|p1a: Scizor|85/100
|
|-weather|none
|-heal|p2a: Kyurem|99/100|[from] item: Leftovers
|upkeep
|turn|7
|
|t:|1760337141
|move|p2a: Kyurem|Protect|p2a: Kyurem
|-singleturn|p2a: Kyurem|Protect
|move|p1a: Scizor|U-turn|p2a: Kyurem
|-activate|p2a: Kyurem|move: Protect
|
|-heal|p2a: Kyurem|100/100|[from] item: Leftovers
|upkeep
|turn|8
|
|t:|1760337149
|move|p2a: Kyurem|Earth Power|p1a: Scizor
|-damage|p1a: Scizor|54/100
|move|p1a: Scizor|U-turn|p2a: Kyurem
|-end|p2a: Kyurem|Substitute
|
|t:|1760337155
|switch|p1a: Kyurem|Kyurem, shiny|100/100|[from] U-turn
|-ability|p1a: Kyurem|Pressure
|
|upkeep
|turn|9
|
|t:|1760337164
|move|p2a: Kyurem|Protect|p2a: Kyurem
|-singleturn|p2a: Kyurem|Protect
|move|p1a: Kyurem|Ice Beam|p2a: Kyurem
|-activate|p2a: Kyurem|move: Protect
|
|upkeep
|turn|10
|
|t:|1760337173
|switch|p2a: Dondozo|Dondozo, F|100/100
|move|p1a: Kyurem|Ice Beam|p2a: Dondozo
|-resisted|p2a: Dondozo
|-damage|p2a: Dondozo|77/100
|
|-heal|p2a: Dondozo|83/100|[from] item: Leftovers
|upkeep
|turn|11
|
|t:|1760337182
|switch|p1a: Ogerpon|Ogerpon-Wellspring, F|100/100
|switch|p2a: Slowking|Slowking-Galar, L99, M|100/100
|
|upkeep
|turn|12
|
|t:|1760337190
|move|p1a: Ogerpon|Swords Dance|p1a: Ogerpon
|-boost|p1a: Ogerpon|atk|2
|move|p2a: Slowking|Future Sight|p1a: Ogerpon
|-start|p2a: Slowking|move: Future Sight
|
|upkeep
|turn|13
|
|t:|1760337199
|switch|p2a: Dondozo|Dondozo, F|83/100
|move|p1a: Ogerpon|Knock Off|p2a: Dondozo
|-damage|p2a: Dondozo|66/100
|-enditem|p2a: Dondozo|Leftovers|[from] move: Knock Off|[of] p1a: Ogerpon
|
|upkeep
|turn|14
|inactive|MooFarmer has 90 seconds left.
|inactive|MooFarmer has 60 seconds left.
|
|t:|1760337245
|move|p1a: Ogerpon|Power Whip|p2a: Dondozo
|-supereffective|p2a: Dondozo
|-damage|p2a: Dondozo|1/100
|move|p2a: Dondozo|Body Press|p1a: Ogerpon
|-damage|p1a: Ogerpon|64/100
|
|-end|p1a: Ogerpon|move: Future Sight
|-damage|p1a: Ogerpon|17/100
|upkeep
|turn|15
|
|t:|1760337254
|move|p1a: Ogerpon|Ivy Cudgel|p2a: Dondozo|[anim] Ivy Cudgel Water
|-resisted|p2a: Dondozo
|-damage|p2a: Dondozo|0 fnt
|faint|p2a: Dondozo
|
|upkeep
|
|t:|1760337262
|switch|p2a: Cinderace|Cinderace, M|100/100
|turn|16
|inactive|MooFarmer has 60 seconds left.
|
|t:|1760337272
|switch|p1a: Gliscor|Gliscor, M, shiny|61/100 tox
|move|p2a: Cinderace|Pyro Ball|p1a: Gliscor
|-damage|p1a: Gliscor|30/100 tox
|
|-heal|p1a: Gliscor|42/100 tox|[from] ability: Poison Heal
|upkeep
|turn|17
|
|t:|1760337281
|move|p2a: Cinderace|U-turn|p1a: Gliscor
|-resisted|p1a: Gliscor
|-damage|p1a: Gliscor|37/100 tox
|
|t:|1760337290
|switch|p2a: Corviknight|Corviknight, F|100/100|[from] U-turn
|-ability|p2a: Corviknight|Pressure
|move|p1a: Gliscor|Stealth Rock|p2a: Corviknight
|-sidestart|p2: MooFarmer|move: Stealth Rock
|
|-heal|p1a: Gliscor|49/100 tox|[from] ability: Poison Heal
|upkeep
|turn|18
|
|t:|1760337299
|switch|p1a: Slowking|Slowking-Galar, M, shiny|83/100 frz
|move|p2a: Corviknight|Defog|p1a: Slowking
|-unboost|p1a: Slowking|evasion|1
|-sideend|p2: MooFarmer|Stealth Rock|[from] move: Defog|[of] p2a: Corviknight
|
|upkeep
|turn|19
|
|t:|1760337308
|move|p2a: Corviknight|Brave Bird|p1a: Slowking
|-damage|p1a: Slowking|46/100 frz
|-damage|p2a: Corviknight|88/100|[from] Recoil
|-prepare|p1a: Slowking|Chilly Reception|[premajor]
|-curestatus|p1a: Slowking|frz|[msg]
|move|p1a: Slowking|Chilly Reception|p1a: Slowking
|-weather|Snowscape
|
|t:|1760337317
|switch|p1a: Kyurem|Kyurem, shiny|100/100|[from] Chilly Reception
|-ability|p1a: Kyurem|Pressure
|
|-weather|Snowscape|[upkeep]
|upkeep
|turn|20
|
|t:|1760337327
|switch|p2a: Slowking|Slowking-Galar, L99, M|100/100
|move|p1a: Kyurem|Ice Beam|p2a: Slowking
|-damage|p2a: Slowking|67/100
|-status|p2a: Slowking|frz
|
|-weather|Snowscape|[upkeep]
|upkeep
|turn|21
|inactive|MooFarmer has 90 seconds left.
|inactive|MooFarmer has 60 seconds left.
|
|t:|1760337374
|move|p1a: Kyurem|Ice Beam|p2a: Slowking
|-damage|p2a: Slowking|36/100 frz
|cant|p2a: Slowking|frz
|
|-weather|Snowscape|[upkeep]
|upkeep
|turn|22
|inactive|MooFarmer has 30 seconds left.
|inactive|MooFarmer has 20 seconds left.
|inactive|MooFarmer has 15 seconds left.
|
|t:|1760337420
|move|p1a: Kyurem|Ice Beam|p2a: Slowking
|-damage|p2a: Slowking|4/100 frz
|cant|p2a: Slowking|frz
|
|-weather|Snowscape|[upkeep]
|upkeep
|turn|23
|inactive|MooFarmer has 25 seconds left this turn.
|inactive|MooFarmer has 20 seconds left.
|
|t:|1760337429
|switch|p2a: Cinderace|Cinderace, M|100/100
|move|p1a: Kyurem|Ice Beam|p2a: Cinderace
|-resisted|p2a: Cinderace
|-damage|p2a: Cinderace|70/100
|
|-weather|none
|upkeep
|turn|24
|inactive|MooFarmer has 30 seconds left this turn.
|
|t:|1760337438
|switch|p1a: Gliscor|Gliscor, M, shiny|49/100 tox
|move|p2a: Cinderace|U-turn|p1a: Gliscor
|-resisted|p1a: Gliscor
|-damage|p1a: Gliscor|43/100 tox
|inactive|MooFarmer has 30 seconds left this turn.
|
|t:|1760337447
|switch|p2a: Kyurem|Kyurem|100/100|[from] U-turn
|-ability|p2a: Kyurem|Pressure
|
|-heal|p1a: Gliscor|56/100 tox|[from] ability: Poison Heal
|upkeep
|turn|25
|inactive|MooFarmer has 30 seconds left.
|
|t:|1760337456
|switch|p1a: Scizor|Scizor, M, shiny|54/100
|move|p2a: Kyurem|Freeze-Dry|p1a: Scizor
|-resisted|p1a: Scizor
|-damage|p1a: Scizor|37/100
|-status|p1a: Scizor|frz
|
|upkeep
|turn|26
|
|t:|1760337465
|-curestatus|p1a: Scizor|frz|[msg]
|move|p1a: Scizor|Bullet Punch|p2a: Kyurem
|-supereffective|p2a: Kyurem
|-damage|p2a: Kyurem|38/100
|move|p2a: Kyurem|Substitute|p2a: Kyurem
|-start|p2a: Kyurem|Substitute
|-damage|p2a: Kyurem|13/100
|
|-heal|p2a: Kyurem|19/100|[from] item: Leftovers
|upkeep
|turn|27
|
|t:|1760337473
|move|p2a: Kyurem|Protect|p2a: Kyurem
|-singleturn|p2a: Kyurem|Protect
|move|p1a: Scizor|U-turn|p2a: Kyurem
|-activate|p2a: Kyurem|move: Protect
|
|-heal|p2a: Kyurem|25/100|[from] item: Leftovers
|upkeep
|turn|28
|
|t:|1760337482
|move|p2a: Kyurem|Earth Power|p1a: Scizor
|-damage|p1a: Scizor|5/100
|move|p1a: Scizor|U-turn|p2a: Kyurem
|-end|p2a: Kyurem|Substitute
|
|t:|1760337486
|switch|p1a: Kyurem|Kyurem, shiny|100/100|[from] U-turn
|-ability|p1a: Kyurem|Pressure
|
|-heal|p2a: Kyurem|32/100|[from] item: Leftovers
|upkeep
|turn|29
|
|t:|1760337495
|move|p2a: Kyurem|Protect|p2a: Kyurem
|-singleturn|p2a: Kyurem|Protect
|move|p1a: Kyurem|Earth Power|p2a: Kyurem
|-activate|p2a: Kyurem|move: Protect
|
|-heal|p2a: Kyurem|38/100|[from] item: Leftovers
|upkeep
|turn|30
|inactive|MooFarmer has 60 seconds left.
|
|t:|1760337503
|switch|p2a: Slowking|Slowking-Galar, L99, M|38/100 frz
|move|p1a: Kyurem|Earth Power|p2a: Slowking
|-supereffective|p2a: Slowking
|-damage|p2a: Slowking|0 fnt
|faint|p2a: Slowking
|
|upkeep
|inactive|MooFarmer has 60 seconds left.
|
|t:|1760337512
|switch|p2a: Ting-Lu|Ting-Lu|100/100
|-ability|p2a: Ting-Lu|Vessel of Ruin
|turn|31
|
|t:|1760337521
|switch|p1a: Ogerpon|Ogerpon-Wellspring, F|17/100
|move|p2a: Ting-Lu|Payback|p1a: Ogerpon
|-damage|p1a: Ogerpon|0 fnt
|faint|p1a: Ogerpon
|
|upkeep
|
|t:|1760337525
|switch|p1a: Zamazenta|Zamazenta, shiny|100/100
|-ability|p1a: Zamazenta|Dauntless Shield|boost
|-boost|p1a: Zamazenta|def|1
|turn|32
|
|t:|1760337533
|switch|p2a: Cinderace|Cinderace, M|70/100
|move|p1a: Zamazenta|Iron Defense|p1a: Zamazenta
|-boost|p1a: Zamazenta|def|2
|
|upkeep
|turn|33
|
|t:|1760337542
|-terastallize|p2a: Cinderace|Flying
|move|p1a: Zamazenta|Body Press|p2a: Cinderace
|-resisted|p2a: Cinderace
|-damage|p2a: Cinderace|24/100
|move|p2a: Cinderace|Will-O-Wisp|p1a: Zamazenta
|-status|p1a: Zamazenta|brn
|
|-damage|p1a: Zamazenta|94/100 brn|[from] brn
|upkeep
|turn|34
|
|t:|1760337551
|switch|p2a: Corviknight|Corviknight, F|88/100
|-ability|p2a: Corviknight|Pressure
|move|p1a: Zamazenta|Body Press|p2a: Corviknight
|-damage|p2a: Corviknight|64/100
|-damage|p1a: Zamazenta|78/100 brn|[from] item: Rocky Helmet|[of] p2a: Corviknight
|
|-heal|p1a: Zamazenta|84/100 brn|[from] item: Leftovers
|-damage|p1a: Zamazenta|78/100 brn|[from] brn
|upkeep
|turn|35
|inactive|MooFarmer has 90 seconds left.
|inactive|MooFarmer has 60 seconds left.
|
|t:|1760337597
|move|p1a: Zamazenta|Iron Defense|p1a: Zamazenta
|-boost|p1a: Zamazenta|def|2
|move|p2a: Corviknight|Roost|p2a: Corviknight
|-heal|p2a: Corviknight|100/100
|-singleturn|p2a: Corviknight|move: Roost
|
|-heal|p1a: Zamazenta|84/100 brn|[from] item: Leftovers
|-damage|p1a: Zamazenta|78/100 brn|[from] brn
|upkeep
|turn|36
|inactive|MooFarmer has 30 seconds left.
|inactive|MooFarmer has 20 seconds left.
|inactive|MooFarmer has 15 seconds left.
|
|t:|1760337642
|move|p1a: Zamazenta|Iron Defense|p1a: Zamazenta
|-boost|p1a: Zamazenta|def|1
|move|p2a: Corviknight|Brave Bird|p1a: Zamazenta
|-supereffective|p1a: Zamazenta
|-damage|p1a: Zamazenta|61/100 brn
|-damage|p2a: Corviknight|96/100|[from] Recoil
|
|-heal|p1a: Zamazenta|67/100 brn|[from] item: Leftovers
|-damage|p1a: Zamazenta|61/100 brn|[from] brn
|upkeep
|turn|37
|inactive|MooFarmer has 25 seconds left this turn.
|inactive|MooFarmer has 20 seconds left.
|
|t:|1760337668
|move|p1a: Zamazenta|Body Press|p2a: Corviknight
|-damage|p2a: Corviknight|60/100
|-damage|p1a: Zamazenta|45/100 brn|[from] item: Rocky Helmet|[of] p2a: Corviknight
|move|p2a: Corviknight|Brave Bird|p1a: Zamazenta
|-supereffective|p1a: Zamazenta
|-damage|p1a: Zamazenta|29/100 brn
|-damage|p2a: Corviknight|56/100|[from] Recoil
|
|-heal|p1a: Zamazenta|35/100 brn|[from] item: Leftovers
|-damage|p1a: Zamazenta|29/100 brn|[from] brn
|upkeep
|turn|38
|inactive|MooFarmer has 30 seconds left this turn.
|
|t:|1760337677
|move|p1a: Zamazenta|Body Press|p2a: Corviknight
|-damage|p2a: Corviknight|21/100
|-damage|p1a: Zamazenta|13/100 brn|[from] item: Rocky Helmet|[of] p2a: Corviknight
|move|p2a: Corviknight|Roost|p2a: Corviknight
|-heal|p2a: Corviknight|71/100
|-singleturn|p2a: Corviknight|move: Roost
|
|-heal|p1a: Zamazenta|19/100 brn|[from] item: Leftovers
|-damage|p1a: Zamazenta|13/100 brn|[from] brn
|upkeep
|turn|39
|inactive|MooFarmer has 30 seconds left.
|
|t:|1760337686
|switch|p1a: Kyurem|Kyurem, shiny|100/100
|-ability|p1a: Kyurem|Pressure
|move|p2a: Corviknight|Roost|p2a: Corviknight
|-heal|p2a: Corviknight|100/100
|-singleturn|p2a: Corviknight|move: Roost
|
|upkeep
|turn|40
|
|t:|1760337696
|move|p1a: Kyurem|Ice Beam|p2a: Corviknight
|-damage|p2a: Corviknight|51/100
|move|p2a: Corviknight|Roost|p2a: Corviknight
|-heal|p2a: Corviknight|100/100
|-singleturn|p2a: Corviknight|move: Roost
|
|upkeep
|turn|41
|
|t:|1760337705
|move|p1a: Kyurem|Ice Beam|p2a: Corviknight
|-damage|p2a: Corviknight|49/100
|move|p2a: Corviknight|Roost|p2a: Corviknight
|-heal|p2a: Corviknight|99/100
|-singleturn|p2a: Corviknight|move: Roost
|
|upkeep
|turn|42
|
|t:|1760337714
|switch|p1a: Slowking|Slowking-Galar, M, shiny|79/100
|move|p2a: Corviknight|Roost|p2a: Corviknight
|-heal|p2a: Corviknight|100/100
|-singleturn|p2a: Corviknight|move: Roost
|
|upkeep
|turn|43
|
|t:|1760337723
|move|p2a: Corviknight|U-turn|p1a: Slowking
|-damage|p1a: Slowking|64/100
|
|t:|1760337731
|switch|p2a: Kyurem|Kyurem|38/100|[from] U-turn
|-ability|p2a: Kyurem|Pressure
|move|p1a: Slowking|Toxic|p2a: Kyurem
|-status|p2a: Kyurem|tox
|
|-heal|p2a: Kyurem|44/100 tox|[from] item: Leftovers
|-damage|p2a: Kyurem|38/100 tox|[from] psn
|upkeep
|turn|44
|
|t:|1760337740
|move|p2a: Kyurem|Earth Power|p1a: Slowking
|-supereffective|p1a: Slowking
|-damage|p1a: Slowking|31/100
|-prepare|p1a: Slowking|Chilly Reception|[premajor]
|move|p1a: Slowking|Chilly Reception|p1a: Slowking
|-weather|Snowscape
|
|t:|1760337743
|switch|p1a: Scizor|Scizor, M, shiny|5/100|[from] Chilly Reception
|
|-weather|Snowscape|[upkeep]
|-heal|p2a: Kyurem|44/100 tox|[from] item: Leftovers
|-damage|p2a: Kyurem|32/100 tox|[from] psn
|upkeep
|turn|45
|
|t:|1760337753
|switch|p2a: Ting-Lu|Ting-Lu|100/100
|-ability|p2a: Ting-Lu|Vessel of Ruin
|switch|p1a: Slowking|Slowking-Galar, M, shiny|64/100
|
|-weather|Snowscape|[upkeep]
|upkeep
|turn|46
|
|t:|1760337761
|switch|p2a: Kyurem|Kyurem|32/100 tox
|-ability|p2a: Kyurem|Pressure
|switch|p1a: Gliscor|Gliscor, M, shiny|56/100 tox
|
|-weather|Snowscape|[upkeep]
|-heal|p2a: Kyurem|38/100 tox|[from] item: Leftovers
|-damage|p2a: Kyurem|32/100 tox|[from] psn
|-heal|p1a: Gliscor|68/100 tox|[from] ability: Poison Heal
|upkeep
|turn|47
|
|t:|1760337770
|move|p1a: Gliscor|Protect|p1a: Gliscor
|-singleturn|p1a: Gliscor|Protect
|move|p2a: Kyurem|Freeze-Dry|p1a: Gliscor
|-activate|p1a: Gliscor|move: Protect
|
|-weather|Snowscape|[upkeep]
|-heal|p2a: Kyurem|38/100 tox|[from] item: Leftovers
|-damage|p2a: Kyurem|25/100 tox|[from] psn
|-heal|p1a: Gliscor|81/100 tox|[from] ability: Poison Heal
|upkeep
|turn|48
|
|t:|1760337779
|switch|p2a: Cinderace|Cinderace, M, tera:Flying|24/100
|switch|p1a: Slowking|Slowking-Galar, M, shiny|98/100
|
|-weather|none
|upkeep
|turn|49
|
|t:|1760337788
|move|p2a: Cinderace|Pyro Ball|p1a: Slowking
|-damage|p1a: Slowking|21/100
|-prepare|p1a: Slowking|Chilly Reception|[premajor]
|move|p1a: Slowking|Chilly Reception|p1a: Slowking
|-weather|Snowscape
|
|t:|1760337793
|switch|p1a: Kyurem|Kyurem, shiny|100/100|[from] Chilly Reception
|-ability|p1a: Kyurem|Pressure
|
|-weather|Snowscape|[upkeep]
|upkeep
|turn|50
|inactive|MooFarmer has 90 seconds left.
|inactive|MooFarmer has 60 seconds left.
|
|t:|1760337838
|move|p1a: Kyurem|Freeze-Dry|p2a: Cinderace
|-supereffective|p2a: Cinderace
|-damage|p2a: Cinderace|0 fnt
|faint|p2a: Cinderace
|
|-weather|Snowscape|[upkeep]
|upkeep
|
|t:|1760337847
|switch|p2a: Ting-Lu|Ting-Lu|100/100
|-ability|p2a: Ting-Lu|Vessel of Ruin
|turn|51
|inactive|MooFarmer has 60 seconds left.
|
|t:|1760337856
|switch|p1a: Gliscor|Gliscor, M, shiny|81/100 tox
|move|p2a: Ting-Lu|Payback|p1a: Gliscor
|-damage|p1a: Gliscor|69/100 tox
|
|-weather|Snowscape|[upkeep]
|-heal|p1a: Gliscor|81/100 tox|[from] ability: Poison Heal
|upkeep
|turn|52
|j| Narwhale37
|
|t:|1760337866
|switch|p2a: Kyurem|Kyurem|25/100 tox
|-ability|p2a: Kyurem|Pressure
|move|p1a: Gliscor|Stealth Rock|p2a: Kyurem
|-sidestart|p2: MooFarmer|move: Stealth Rock
|
|-weather|Snowscape|[upkeep]
|-heal|p2a: Kyurem|32/100 tox|[from] item: Leftovers
|-damage|p2a: Kyurem|25/100 tox|[from] psn
|-heal|p1a: Gliscor|94/100 tox|[from] ability: Poison Heal
|upkeep
|turn|53
|
|t:|1760337882
|move|p1a: Gliscor|Protect|p1a: Gliscor
|-singleturn|p1a: Gliscor|Protect
|move|p2a: Kyurem|Freeze-Dry|p1a: Gliscor
|-activate|p1a: Gliscor|move: Protect
|
|-weather|none
|-heal|p2a: Kyurem|32/100 tox|[from] item: Leftovers
|-damage|p2a: Kyurem|19/100 tox|[from] psn
|-heal|p1a: Gliscor|100/100 tox|[from] ability: Poison Heal
|upkeep
|turn|54
|
|t:|1760337891
|switch|p1a: Zamazenta|Zamazenta, shiny|13/100 brn
|move|p2a: Kyurem|Freeze-Dry|p1a: Zamazenta
|-damage|p1a: Zamazenta|0 fnt
|faint|p1a: Zamazenta
|
|-heal|p2a: Kyurem|25/100 tox|[from] item: Leftovers
|-damage|p2a: Kyurem|7/100 tox|[from] psn
|upkeep
|
|t:|1760337905
|switch|p1a: Scizor|Scizor, M, shiny|5/100
|turn|55
|
|t:|1760337913
|move|p2a: Kyurem|Freeze-Dry|p1a: Scizor
|-resisted|p1a: Scizor
|-damage|p1a: Scizor|0 fnt
|faint|p1a: Scizor
|
|-heal|p2a: Kyurem|13/100 tox|[from] item: Leftovers
|-damage|p2a: Kyurem|0 fnt|[from] psn
|faint|p2a: Kyurem
|upkeep
|inactive|MooFarmer has 60 seconds left.
|j| CyborgParrot127
|
|t:|1760337957
|switch|p2a: Ting-Lu|Ting-Lu|100/100
|switch|p1a: Kyurem|Kyurem, shiny|100/100
|-ability|p1a: Kyurem|Pressure
|-damage|p2a: Ting-Lu|94/100|[from] Stealth Rock
|-ability|p2a: Ting-Lu|Vessel of Ruin
|turn|56
|
|t:|1760337967
|move|p1a: Kyurem|Ice Beam|p2a: Ting-Lu
|-supereffective|p2a: Ting-Lu
|-damage|p2a: Ting-Lu|50/100
|move|p2a: Ting-Lu|Earthquake|p1a: Kyurem
|-damage|p1a: Kyurem|66/100
|
|-heal|p2a: Ting-Lu|56/100|[from] item: Leftovers
|upkeep
|turn|57
|inactive|MooFarmer has 60 seconds left.
|
|t:|1760337978
|move|p1a: Kyurem|Ice Beam|p2a: Ting-Lu
|-supereffective|p2a: Ting-Lu
|-crit|p2a: Ting-Lu
|-damage|p2a: Ting-Lu|0 fnt
|faint|p2a: Ting-Lu
|
|upkeep
|inactive|MooFarmer has 60 seconds left.
|j| shyahngyoo
|
|t:|1760337985
|switch|p2a: Corviknight|Corviknight, F|100/100
|-damage|p2a: Corviknight|88/100|[from] Stealth Rock
|-ability|p2a: Corviknight|Pressure
|turn|58
|
|t:|1760337992
|move|p1a: Kyurem|Ice Beam|p2a: Corviknight
|-crit|p2a: Corviknight
|-damage|p2a: Corviknight|10/100
|move|p2a: Corviknight|Roost|p2a: Corviknight
|-heal|p2a: Corviknight|60/100
|-singleturn|p2a: Corviknight|move: Roost
|
|upkeep
|turn|59
|
|t:|1760338000
|move|p1a: Kyurem|Ice Beam|p2a: Corviknight
|-damage|p2a: Corviknight|10/100
|-status|p2a: Corviknight|frz
|cant|p2a: Corviknight|frz
|
|upkeep
|turn|60
|l| CyborgParrot127
|
|t:|1760338008
|-activate|p1a: Kyurem|move: Struggle
|move|p1a: Kyurem|Struggle|p2a: Corviknight
|-damage|p2a: Corviknight|4/100 frz
|-damage|p1a: Kyurem|49/100|[from] item: Rocky Helmet|[of] p2a: Corviknight
|-damage|p1a: Kyurem|24/100|[from] recoil
|cant|p2a: Corviknight|frz
|
|upkeep
|turn|61
|
|t:|1760338015
|-activate|p1a: Kyurem|move: Struggle
|move|p1a: Kyurem|Struggle|p2a: Corviknight
|-damage|p2a: Corviknight|0 fnt
|-damage|p1a: Kyurem|8/100|[from] item: Rocky Helmet|[of] p2a: Corviknight
|faint|p2a: Corviknight
|-damage|p1a: Kyurem|0 fnt|[from] recoil
|faint|p1a: Kyurem
|
|win|N_Alder
|raw|N_Alder's rating: 1683 &rarr; <strong>1713</strong><br />(+30 for winning)
|raw|MooFarmer's rating: 1867 &rarr; <strong>1837</strong><br />(-30 for losing)
|l|☆MooFarmer
|player|p2|
|l|☆N_Alder
|player|p1|
