|j|☆alextherizzler22
|j|☆Emsener007
|t:|1760387750
|gametype|singles
|player|p1|alextherizzler22|102|1076
|player|p2|Emsener007|lance|1117
|gen|9
|tier|[Gen 9] OU
|rated|
|rule|HP Percentage Mod: HP is shown in percentages
|rule|Endless Battle Clause: Forcing endless battles is banned
|rule|Species Clause: Limit one of each Pokémon
|rule|OHKO Clause: OHKO moves are banned
|rule|Evasion Items Clause: Evasion items are banned
|rule|Evasion Moves Clause: Evasion moves are banned
|rule|Evasion Abilities Clause: Evasion abilities are banned
|rule|Sleep Moves Clause: Sleep-inducing moves are banned
|clearpoke
|poke|p1|Lanturn, F|
|poke|p1|Mandibuzz, F|
|poke|p1|Greedent, F|
|poke|p1|Mimikyu, F|
|poke|p1|Dragalge, M|
|poke|p1|Porygon2|
|poke|p2|Kommo-o, F|
|poke|p2|Ceruledge, F|
|poke|p2|Primarina, F|
|poke|p2|Slowking-Galar, M|
|poke|p2|Great Tusk|
|poke|p2|Goodra-Hisui, M|
|teampreview
|
|t:|1760387758
|teamsize|p1|6
|teamsize|p2|6
|start
|switch|p1a: Porygon2|Porygon2|100/100
|switch|p2a: Slowking|Slowking-Galar, M|100/100
|-ability|p1a: Porygon2|Download|boost
|-boost|p1a: Porygon2|atk|1
|turn|1
|inactive|Battle timer is ON: inactive players will automatically lose when time's up. (requested by Emsener007)
|
|t:|1760387776
|move|p1a: Porygon2|Tera Blast|p2a: Slowking
|-damage|p2a: Slowking|73/100
|move|p2a: Slowking|Sludge Bomb|p1a: Porygon2
|-damage|p1a: Porygon2|71/100
|
|-heal|p2a: Slowking|79/100|[from] item: Black Sludge
|upkeep
|turn|2
|
|t:|1760387785
|-terastallize|p1a: Porygon2|Ghost
|move|p1a: Porygon2|Tera Blast|p2a: Slowking|[anim] Tera Blast Ghost
|-supereffective|p2a: Slowking
|-damage|p2a: Slowking|1/100
|move|p2a: Slowking|Sludge Bomb|p1a: Porygon2
|-resisted|p1a: Porygon2
|-damage|p1a: Porygon2|57/100
|
|-heal|p2a: Slowking|7/100|[from] item: Black Sludge
|upkeep
|turn|3
|
|t:|1760387801
|switch|p2a: Goodra|Goodra-Hisui, M|100/100
|move|p1a: Porygon2|Trick Room|p1a: Porygon2
|-fieldstart|move: Trick Room|[of] p1a: Porygon2
|
|upkeep
|turn|4
|
|t:|1760387810
|move|p1a: Porygon2|Tera Blast|p2a: Goodra|[anim] Tera Blast Ghost
|-damage|p2a: Goodra|67/100
|move|p2a: Goodra|Flash Cannon|p1a: Porygon2
|-damage|p1a: Porygon2|32/100
|
|upkeep
|turn|5
|
|t:|1760387820
|move|p1a: Porygon2|Tera Blast|p2a: Goodra|[anim] Tera Blast Ghost
|-damage|p2a: Goodra|32/100
|move|p2a: Goodra|Flamethrower|p1a: Porygon2
|-damage|p1a: Porygon2|13/100
|
|upkeep
|turn|6
|
|t:|1760387828
|move|p1a: Porygon2|Recover|p1a: Porygon2
|-heal|p1a: Porygon2|63/100
|move|p2a: Goodra|Flamethrower|p1a: Porygon2
|-damage|p1a: Porygon2|43/100
|
|upkeep
|turn|7
|
|t:|1760387836
|move|p1a: Porygon2|Recover|p1a: Porygon2
|-heal|p1a: Porygon2|93/100
|move|p2a: Goodra|Flamethrower|p1a: Porygon2
|-damage|p1a: Porygon2|71/100
|
|-fieldend|move: Trick Room
|upkeep
|turn|8
|
|t:|1760387857
|switch|p2a: Great Tusk|Great Tusk|100/100
|-enditem|p2a: Great Tusk|Booster Energy
|-activate|p2a: Great Tusk|ability: Protosynthesis|[fromitem]
|-start|p2a: Great Tusk|protosynthesisatk
|move|p1a: Porygon2|Trick Room|p1a: Porygon2
|-fieldstart|move: Trick Room|[of] p1a: Porygon2
|
|upkeep
|turn|9
|
|t:|1760387869
|move|p1a: Porygon2|Tera Blast|p2a: Great Tusk|[anim] Tera Blast Ghost
|-damage|p2a: Great Tusk|72/100
|move|p2a: Great Tusk|Ice Fang|p1a: Porygon2
|-damage|p1a: Porygon2|51/100
|
|upkeep
|turn|10
|
|t:|1760387877
|move|p1a: Porygon2|Recover|p1a: Porygon2
|-heal|p1a: Porygon2|100/100
|move|p2a: Great Tusk|Earthquake|p1a: Porygon2
|-damage|p1a: Porygon2|57/100
|
|upkeep
|turn|11
|
|t:|1760387885
|move|p1a: Porygon2|Tera Blast|p2a: Great Tusk|[anim] Tera Blast Ghost
|-damage|p2a: Great Tusk|43/100
|move|p2a: Great Tusk|Earthquake|p1a: Porygon2
|-damage|p1a: Porygon2|7/100
|
|upkeep
|turn|12
|
|t:|1760387898
|move|p1a: Porygon2|Tera Blast|p2a: Great Tusk|[anim] Tera Blast Ghost
|-damage|p2a: Great Tusk|16/100
|move|p2a: Great Tusk|Earthquake|p1a: Porygon2
|-damage|p1a: Porygon2|0 fnt
|faint|p1a: Porygon2
|
|-fieldend|move: Trick Room
|upkeep
|
|t:|1760387915
|switch|p1a: Mimikyu|Mimikyu, F|100/100
|turn|13
|
|t:|1760387922
|-end|p2a: Great Tusk|Protosynthesis|[silent]
|switch|p2a: Slowking|Slowking-Galar, M|41/100
|move|p1a: Mimikyu|Play Rough|p2a: Slowking
|-resisted|p2a: Slowking
|-damage|p2a: Slowking|22/100
|
|-heal|p2a: Slowking|28/100|[from] item: Black Sludge
|upkeep
|turn|14
|
|t:|1760387932
|move|p1a: Mimikyu|Shadow Claw|p2a: Slowking
|-supereffective|p2a: Slowking
|-damage|p2a: Slowking|0 fnt
|faint|p2a: Slowking
|
|upkeep
|
|t:|1760387942
|switch|p2a: Ceruledge|Ceruledge, F|100/100
|-item|p2a: Ceruledge|Air Balloon
|turn|15
|
|t:|1760387947
|-terastallize|p2a: Ceruledge|Fire
|move|p1a: Mimikyu|Swords Dance|p1a: Mimikyu
|-boost|p1a: Mimikyu|atk|2
|move|p2a: Ceruledge|Flame Charge|p1a: Mimikyu
|-activate|p1a: Mimikyu|ability: Disguise
|-damage|p1a: Mimikyu|100/100
|-boost|p2a: Ceruledge|spe|1
|detailschange|p1a: Mimikyu|Mimikyu-Busted, F
|-damage|p1a: Mimikyu|88/100|[from] pokemon: Mimikyu-Busted
|-enditem|p1a: Mimikyu|Red Card|[of] p2a: Ceruledge
|drag|p2a: Primarina|Primarina, F|100/100
|
|upkeep
|turn|16
|
|t:|1760387965
|move|p1a: Mimikyu|Play Rough|p2a: Primarina
|-damage|p2a: Primarina|10/100
|move|p2a: Primarina|Perish Song|p2a: Primarina
|-start|p1a: Mimikyu|perish3|[silent]
|-start|p2a: Primarina|perish3|[silent]
|-fieldactivate|move: Perish Song
|-enditem|p2a: Primarina|Throat Spray
|-boost|p2a: Primarina|spa|1|[from] item: Throat Spray
|
|-start|p1a: Mimikyu|perish3
|-start|p2a: Primarina|perish3
|upkeep
|turn|17
|
|t:|1760387978
|switch|p2a: Goodra|Goodra-Hisui, M|32/100
|move|p1a: Mimikyu|Shadow Sneak|p2a: Goodra
|-damage|p2a: Goodra|0 fnt
|-ability|p2a: Goodra|Gooey
|-unboost|p1a: Mimikyu|spe|1
|faint|p2a: Goodra
|
|-start|p1a: Mimikyu|perish2
|upkeep
|
|t:|1760387989
|switch|p2a: Ceruledge|Ceruledge, F, tera:Fire|100/100
|-item|p2a: Ceruledge|Air Balloon
|turn|18
|
|t:|1760388003
|move|p2a: Ceruledge|Shadow Sneak|p1a: Mimikyu
|-supereffective|p1a: Mimikyu
|-damage|p1a: Mimikyu|28/100
|move|p1a: Mimikyu|Shadow Sneak|p2a: Ceruledge
|-damage|p2a: Ceruledge|54/100
|-enditem|p2a: Ceruledge|Air Balloon
|
|-start|p1a: Mimikyu|perish1
|upkeep
|turn|19
|
|t:|1760388014
|move|p2a: Ceruledge|Shadow Sneak|p1a: Mimikyu
|-supereffective|p1a: Mimikyu
|-damage|p1a: Mimikyu|0 fnt
|faint|p1a: Mimikyu
|
|upkeep
|
|t:|1760388030
|switch|p1a: Greedent|Greedent, F|100/100
|turn|20
|
|t:|1760388057
|move|p2a: Ceruledge|Bitter Blade|p1a: Greedent
|-damage|p1a: Greedent|52/100
|-heal|p2a: Ceruledge|91/100|[from] drain|[of] p1a: Greedent
|move|p1a: Greedent|Belly Drum|p1a: Greedent
|-damage|p1a: Greedent|2/100
|-setboost|p1a: Greedent|atk|6|[from] move: Belly Drum
|-enditem|p1a: Greedent|Sitrus Berry|[eat]
|-heal|p1a: Greedent|27/100|[from] item: Sitrus Berry
|-heal|p1a: Greedent|61/100|[from] ability: Cheek Pouch
|
|upkeep
|turn|21
|
|t:|1760388072
|move|p2a: Ceruledge|Bitter Blade|p1a: Greedent
|-damage|p1a: Greedent|14/100
|-heal|p2a: Ceruledge|100/100|[from] drain|[of] p1a: Greedent
|move|p1a: Greedent|Earthquake|p2a: Ceruledge
|-supereffective|p2a: Ceruledge
|-damage|p2a: Ceruledge|0 fnt
|faint|p2a: Ceruledge
|
|upkeep
|inactive|Emsener007 has 120 seconds left.
|
|t:|1760388090
|switch|p2a: Kommo-o|Kommo-o, F|100/100
|turn|22
|
|t:|1760388097
|move|p2a: Kommo-o|Boomburst|p1a: Greedent
|-damage|p1a: Greedent|0 fnt
|faint|p1a: Greedent
|-enditem|p2a: Kommo-o|Throat Spray
|-boost|p2a: Kommo-o|spa|1|[from] item: Throat Spray
|
|upkeep
|
|t:|1760388114
|switch|p1a: Lanturn|Lanturn, F|100/100
|turn|23
|
|t:|1760388130
|move|p2a: Kommo-o|Focus Blast|p1a: Lanturn|[miss]
|-miss|p2a: Kommo-o|p1a: Lanturn
|move|p1a: Lanturn|Thunder Wave|p2a: Kommo-o
|-status|p2a: Kommo-o|par
|
|upkeep
|turn|24
|
|t:|1760388145
|move|p1a: Lanturn|Volt Switch|p2a: Kommo-o
|-resisted|p2a: Kommo-o
|-damage|p2a: Kommo-o|90/100 par
|
|t:|1760388156
|switch|p1a: Dragalge|Dragalge, M|100/100|[from] Volt Switch
|move|p2a: Kommo-o|Clangorous Soul|p2a: Kommo-o
|-boost|p2a: Kommo-o|atk|1
|-boost|p2a: Kommo-o|def|1
|-boost|p2a: Kommo-o|spa|1
|-boost|p2a: Kommo-o|spd|1
|-boost|p2a: Kommo-o|spe|1
|-damage|p2a: Kommo-o|57/100 par
|
|upkeep
|turn|25
|inactive|Emsener007 has 120 seconds left.
|
|t:|1760388199
|cant|p2a: Kommo-o|par
|move|p1a: Dragalge|Draco Meteor|p2a: Kommo-o
|-supereffective|p2a: Kommo-o
|-damage|p2a: Kommo-o|0 fnt
|-unboost|p1a: Dragalge|spa|2
|faint|p2a: Kommo-o
|
|upkeep
|
|t:|1760388213
|switch|p2a: Primarina|Primarina, F|10/100
|turn|26
|
|t:|1760388220
|switch|p1a: Lanturn|Lanturn, F|100/100
|move|p2a: Primarina|Ice Beam|p1a: Lanturn
|-resisted|p1a: Lanturn
|-damage|p1a: Lanturn|89/100
|
|-heal|p1a: Lanturn|95/100|[from] item: Leftovers
|upkeep
|turn|27
|-message|Emsener007 forfeited.
|
|win|alextherizzler22
|raw|alextherizzler22's rating: 1076 &rarr; <strong>1108</strong><br />(+32 for winning)
|raw|Emsener007's rating: 1117 &rarr; <strong>1089</strong><br />(-28 for losing)
|l|☆Emsener007
|player|p2|
