|j|☆M8420
|j|☆youpie2
|t:|1760351981
|gametype|singles
|player|p1|M8420|101|1521
|player|p2|youpie2|265|1543
|gen|9
|tier|[Gen 9] OU
|rated|
|rule|HP Percentage Mod: HP is shown in percentages
|rule|Endless Battle Clause: Forcing endless battles is banned
|rule|Species Clause: Limit one of each Pokémon
|rule|OHKO Clause: OHKO moves are banned
|rule|Evasion Items Clause: Evasion items are banned
|rule|Evasion Moves Clause: Evasion moves are banned
|rule|Evasion Abilities Clause: Evasion abilities are banned
|rule|Sleep Moves Clause: Sleep-inducing moves are banned
|clearpoke
|poke|p1|Landorus-Therian, M|
|poke|p1|Pelipper, F|
|poke|p1|Toxicroak, F|
|poke|p1|Iron Treads|
|poke|p1|Barraskewda, F|
|poke|p1|Darkrai|
|poke|p2|Dragapult, F|
|poke|p2|Samurott-Hisui, M|
|poke|p2|Ceruledge, M|
|poke|p2|Hatterene, F|
|poke|p2|Iron Treads|
|poke|p2|Meowscarada, M|
|teampreview
|
|t:|1760351999
|teamsize|p1|6
|teamsize|p2|6
|start
|switch|p1a: Pelipper|Pelipper, F|100/100
|switch|p2a: Iron Treads|Iron Treads|100/100
|-weather|RainDance|[from] ability: Drizzle|[of] p1a: Pelipper
|-enditem|p2a: Iron Treads|Booster Energy
|-activate|p2a: Iron Treads|ability: Quark Drive|[fromitem]
|-start|p2a: Iron Treads|quarkdrivespe
|turn|1
|
|t:|1760352012
|move|p2a: Iron Treads|Stealth Rock|p1a: Pelipper
|-sidestart|p1: M8420|move: Stealth Rock
|move|p1a: Pelipper|U-turn|p2a: Iron Treads
|-resisted|p2a: Iron Treads
|-damage|p2a: Iron Treads|97/100
|
|t:|1760352017
|switch|p1a: Barraskewda|Barraskewda, F|100/100|[from] U-turn
|-damage|p1a: Barraskewda|88/100|[from] Stealth Rock
|
|-weather|RainDance|[upkeep]
|upkeep
|turn|2
|
|t:|1760352043
|move|p1a: Barraskewda|Liquidation|p2a: Iron Treads
|-supereffective|p2a: Iron Treads
|-damage|p2a: Iron Treads|0 fnt
|faint|p2a: Iron Treads
|-end|p2a: Iron Treads|Quark Drive|[silent]
|
|-weather|RainDance|[upkeep]
|upkeep
|
|t:|1760352048
|switch|p2a: Samurott|Samurott-Hisui, M|100/100
|turn|3
|
|t:|1760352053
|switch|p1a: Toxicroak|Toxicroak, F|100/100
|-damage|p1a: Toxicroak|94/100|[from] Stealth Rock
|move|p2a: Samurott|Ceaseless Edge|p1a: Toxicroak
|-resisted|p1a: Toxicroak
|-damage|p1a: Toxicroak|73/100
|-damage|p2a: Samurott|84/100|[from] item: Rocky Helmet|[of] p1a: Toxicroak
|-sidestart|p1: M8420|Spikes
|
|-weather|RainDance|[upkeep]
|-heal|p1a: Toxicroak|86/100|[from] ability: Dry Skin
|upkeep
|turn|4
|
|t:|1760352067
|switch|p2a: Hatterene|Hatterene, F|100/100
|move|p1a: Toxicroak|Toxic|p2a: Hatterene
|move|p2a: Hatterene|Toxic|p1a: Toxicroak|[from] ability: Magic Bounce
|-immune|p1a: Toxicroak
|
|-weather|RainDance|[upkeep]
|-heal|p1a: Toxicroak|98/100|[from] ability: Dry Skin
|upkeep
|turn|5
|
|t:|1760352079
|switch|p1a: Iron Treads|Iron Treads|100/100
|-damage|p1a: Iron Treads|98/100|[from] Stealth Rock
|-damage|p1a: Iron Treads|85/100|[from] Spikes
|move|p2a: Hatterene|Nuzzle|p1a: Iron Treads
|-immune|p1a: Iron Treads
|
|-weather|RainDance|[upkeep]
|upkeep
|turn|6
|inactive|Battle timer is ON: inactive players will automatically lose when time's up. (requested by M8420)
|
|t:|1760352089
|switch|p2a: Dragapult|Dragapult, F|100/100
|move|p1a: Iron Treads|Earthquake|p2a: Dragapult
|-damage|p2a: Dragapult|48/100
|
|-weather|RainDance|[upkeep]
|upkeep
|turn|7
|
|t:|1760352114
|-end|p1a: Iron Treads|Quark Drive|[silent]
|switch|p1a: Darkrai|Darkrai|100/100
|-damage|p1a: Darkrai|88/100|[from] Stealth Rock
|-damage|p1a: Darkrai|76/100|[from] Spikes
|-terastallize|p2a: Dragapult|Ghost
|move|p2a: Dragapult|Tera Blast|p1a: Darkrai|[anim] Tera Blast Ghost
|-resisted|p1a: Darkrai
|-damage|p1a: Darkrai|20/100
|
|-weather|RainDance|[upkeep]
|upkeep
|turn|8
|inactive|M8420 has 120 seconds left.
|
|t:|1760352136
|switch|p2a: Meowscarada|Meowscarada, M|100/100
|move|p1a: Darkrai|Will-O-Wisp|p2a: Meowscarada
|-status|p2a: Meowscarada|brn
|
|-weather|none
|-damage|p2a: Meowscarada|94/100 brn|[from] brn
|upkeep
|turn|9
|inactive|M8420 has 120 seconds left.
|
|t:|1760352172
|move|p1a: Darkrai|Will-O-Wisp|p2a: Meowscarada
|-fail|p2a: Meowscarada|brn
|move|p2a: Meowscarada|U-turn|p1a: Darkrai
|-start|p2a: Meowscarada|typechange|Bug|[from] ability: Protean
|-supereffective|p1a: Darkrai
|-damage|p1a: Darkrai|0 fnt
|faint|p1a: Darkrai
|inactive|youpie2 has 120 seconds left.
|
|t:|1760352202
|switch|p2a: Dragapult|Dragapult, F, tera:Ghost|48/100|[from] U-turn
|
|upkeep
|inactive|M8420 has 90 seconds left.
|
|t:|1760352240
|switch|p1a: Barraskewda|Barraskewda, F|88/100
|-damage|p1a: Barraskewda|76/100|[from] Stealth Rock
|-damage|p1a: Barraskewda|64/100|[from] Spikes
|turn|10
|
|t:|1760352251
|switch|p2a: Hatterene|Hatterene, F|100/100
|-terastallize|p1a: Barraskewda|Water
|move|p1a: Barraskewda|Aqua Jet|p2a: Hatterene
|-damage|p2a: Hatterene|62/100
|-enditem|p2a: Hatterene|Eject Button
|
|t:|1760352258
|switch|p2a: Meowscarada|Meowscarada, M|94/100 brn
|
|-damage|p2a: Meowscarada|88/100 brn|[from] brn
|upkeep
|turn|11
|inactive|M8420 has 90 seconds left.
|
|t:|1760352271
|switch|p1a: Pelipper|Pelipper, F|100/100
|-damage|p1a: Pelipper|76/100|[from] Stealth Rock
|-weather|RainDance|[from] ability: Drizzle|[of] p1a: Pelipper
|move|p2a: Meowscarada|Flower Trick|p1a: Pelipper
|-start|p2a: Meowscarada|typechange|Grass|[from] ability: Protean
|-crit|p1a: Pelipper
|-damage|p1a: Pelipper|56/100
|
|-weather|RainDance|[upkeep]
|-damage|p2a: Meowscarada|82/100 brn|[from] brn
|upkeep
|turn|12
|inactive|M8420 has 90 seconds left.
|
|t:|1760352283
|move|p2a: Meowscarada|Flower Trick|p1a: Pelipper
|-crit|p1a: Pelipper
|-damage|p1a: Pelipper|36/100
|move|p1a: Pelipper|U-turn|p2a: Meowscarada
|-supereffective|p2a: Meowscarada
|-damage|p2a: Meowscarada|52/100 brn
|
|t:|1760352302
|switch|p1a: Landorus|Landorus-Therian, M|100/100|[from] U-turn
|-damage|p1a: Landorus|88/100|[from] Stealth Rock
|-ability|p1a: Landorus|Intimidate|boost
|-unboost|p2a: Meowscarada|atk|1
|
|-weather|RainDance|[upkeep]
|-damage|p2a: Meowscarada|46/100 brn|[from] brn
|upkeep
|turn|13
|
|t:|1760352314
|move|p2a: Meowscarada|Flower Trick|p1a: Landorus
|-crit|p1a: Landorus
|-damage|p1a: Landorus|55/100
|move|p1a: Landorus|U-turn|p2a: Meowscarada
|-supereffective|p2a: Meowscarada
|-damage|p2a: Meowscarada|0 fnt
|faint|p2a: Meowscarada
|
|t:|1760352329
|switch|p1a: Toxicroak|Toxicroak, F|98/100|[from] U-turn
|-damage|p1a: Toxicroak|92/100|[from] Stealth Rock
|-damage|p1a: Toxicroak|79/100|[from] Spikes
|
|-weather|RainDance|[upkeep]
|-heal|p1a: Toxicroak|92/100|[from] ability: Dry Skin
|upkeep
|
|t:|1760352336
|switch|p2a: Dragapult|Dragapult, F, tera:Ghost|48/100
|turn|14
|
|t:|1760352340
|move|p2a: Dragapult|Tera Blast|p1a: Toxicroak|[anim] Tera Blast Ghost
|-damage|p1a: Toxicroak|14/100
|move|p1a: Toxicroak|Knock Off|p2a: Dragapult
|-supereffective|p2a: Dragapult
|-crit|p2a: Dragapult
|-damage|p2a: Dragapult|0 fnt
|-enditem|p2a: Dragapult|Choice Band|[from] move: Knock Off|[of] p1a: Toxicroak
|faint|p2a: Dragapult
|
|-weather|RainDance|[upkeep]
|-heal|p1a: Toxicroak|27/100|[from] ability: Dry Skin
|upkeep
|
|t:|1760352352
|switch|p2a: Ceruledge|Ceruledge, M|100/100
|turn|15
|inactive|M8420 has 90 seconds left.
|
|t:|1760352360
|switch|p1a: Landorus|Landorus-Therian, M|55/100
|-damage|p1a: Landorus|43/100|[from] Stealth Rock
|-ability|p1a: Landorus|Intimidate|boost
|-unboost|p2a: Ceruledge|atk|1
|move|p2a: Ceruledge|Poltergeist|p1a: Landorus|[miss]
|-miss|p2a: Ceruledge|p1a: Landorus
|
|-weather|RainDance|[upkeep]
|upkeep
|turn|16
|
|t:|1760352367
|switch|p2a: Hatterene|Hatterene, F|62/100
|move|p1a: Landorus|Sandsear Storm|p2a: Hatterene
|-crit|p2a: Hatterene
|-damage|p2a: Hatterene|0 fnt
|faint|p2a: Hatterene
|
|-weather|RainDance|[upkeep]
|upkeep
|
|t:|1760352396
|switch|p2a: Samurott|Samurott-Hisui, M|84/100
|turn|17
|
|t:|1760352416
|move|p2a: Samurott|Aqua Jet|p1a: Landorus
|-supereffective|p1a: Landorus
|-damage|p1a: Landorus|0 fnt
|faint|p1a: Landorus
|
|-weather|RainDance|[upkeep]
|upkeep
|inactive|M8420 has 90 seconds left.
|
|t:|1760352440
|switch|p1a: Iron Treads|Iron Treads|85/100
|-damage|p1a: Iron Treads|82/100|[from] Stealth Rock
|-damage|p1a: Iron Treads|70/100|[from] Spikes
|turn|18
|
|t:|1760352446
|move|p2a: Samurott|Aqua Jet|p1a: Iron Treads
|-supereffective|p1a: Iron Treads
|-damage|p1a: Iron Treads|29/100
|move|p1a: Iron Treads|Rapid Spin|p2a: Samurott
|-damage|p2a: Samurott|67/100
|-boost|p1a: Iron Treads|spe|1
|-sideend|p1: M8420|Spikes|[from] move: Rapid Spin|[of] p1a: Iron Treads
|-sideend|p1: M8420|Stealth Rock|[from] move: Rapid Spin|[of] p1a: Iron Treads
|
|-weather|none
|upkeep
|turn|19
|inactive|M8420 has 90 seconds left.
|
|t:|1760352456
|move|p1a: Iron Treads|Volt Switch|p2a: Samurott
|-supereffective|p2a: Samurott
|-damage|p2a: Samurott|31/100
|inactive|M8420 has 90 seconds left.
|
|t:|1760352472
|-end|p1a: Iron Treads|Quark Drive|[silent]
|switch|p1a: Toxicroak|Toxicroak, F|27/100|[from] Volt Switch
|move|p2a: Samurott|Ceaseless Edge|p1a: Toxicroak
|-resisted|p1a: Toxicroak
|-damage|p1a: Toxicroak|5/100
|-damage|p2a: Samurott|14/100|[from] item: Rocky Helmet|[of] p1a: Toxicroak
|-sidestart|p1: M8420|Spikes
|
|upkeep
|turn|20
|
|t:|1760352494
|move|p2a: Samurott|Ceaseless Edge|p1a: Toxicroak
|-resisted|p1a: Toxicroak
|-damage|p1a: Toxicroak|0 fnt
|-damage|p2a: Samurott|0 fnt|[from] item: Rocky Helmet|[of] p1a: Toxicroak
|faint|p1a: Toxicroak
|faint|p2a: Samurott
|
|upkeep
|j| uxnnsksnsnsn
|
|t:|1760352510
|switch|p2a: Ceruledge|Ceruledge, M|100/100
|switch|p1a: Pelipper|Pelipper, F|36/100
|-weather|RainDance|[from] ability: Drizzle|[of] p1a: Pelipper
|turn|21
|
|t:|1760352521
|move|p2a: Ceruledge|Swords Dance|p2a: Ceruledge
|-boost|p2a: Ceruledge|atk|2
|move|p1a: Pelipper|U-turn|p2a: Ceruledge
|-resisted|p2a: Ceruledge
|-damage|p2a: Ceruledge|97/100
|-ability|p2a: Ceruledge|Weak Armor|boost
|-unboost|p2a: Ceruledge|def|1
|-boost|p2a: Ceruledge|spe|2
|c|☆M8420|gg
|
|t:|1760352529
|switch|p1a: Barraskewda|Barraskewda, F, tera:Water|64/100|[from] U-turn
|-damage|p1a: Barraskewda|52/100|[from] Spikes
|
|-weather|RainDance|[upkeep]
|upkeep
|turn|22
|
|t:|1760352546
|move|p1a: Barraskewda|Aqua Jet|p2a: Ceruledge
|-supereffective|p2a: Ceruledge
|-damage|p2a: Ceruledge|0 fnt
|faint|p2a: Ceruledge
|
|win|M8420
|raw|M8420's rating: 1521 &rarr; <strong>1542</strong><br />(+21 for winning)
|raw|youpie2's rating: 1543 &rarr; <strong>1522</strong><br />(-21 for losing)
|l|☆M8420
|player|p1|
|l|☆youpie2
|player|p2|
