|j|☆Predator00338
|j|☆saltylaplace
|t:|1760449281
|gametype|singles
|player|p1|Predator00338|policeman-gen4|1095
|player|p2|saltylaplace|hilda-wonderlauncher|1078
|gen|9
|tier|[Gen 9] OU
|rated|
|rule|HP Percentage Mod: HP is shown in percentages
|rule|Endless Battle Clause: Forcing endless battles is banned
|rule|Species Clause: Limit one of each Pokémon
|rule|OHKO Clause: OHKO moves are banned
|rule|Evasion Items Clause: Evasion items are banned
|rule|Evasion Moves Clause: Evasion moves are banned
|rule|Evasion Abilities Clause: Evasion abilities are banned
|rule|Sleep Moves Clause: Sleep-inducing moves are banned
|clearpoke
|poke|p1|Tyranitar, M|
|poke|p1|Empoleon, F|
|poke|p1|Clodsire, M|
|poke|p1|Moltres|
|poke|p1|Houndstone, F|
|poke|p1|Electrode-Hisui|
|poke|p2|Gholdengo|
|poke|p2|Goodra-Hisui, F|
|poke|p2|Skeledirge, M|
|poke|p2|Tyranitar, F|
|poke|p2|Samurott-Hisui, F|
|poke|p2|Mudsdale, F|
|teampreview
|inactive|Battle timer is ON: inactive players will automatically lose when time's up. (requested by saltylaplace)
|
|t:|1760449288
|teamsize|p1|6
|teamsize|p2|6
|start
|switch|p1a: Tyranitar|Tyranitar, M, shiny|100/100
|switch|p2a: Mudsdale|Mudsdale, F|100/100
|-weather|Sandstorm|[from] ability: Sand Stream|[of] p1a: Tyranitar
|turn|1
|
|t:|1760449298
|switch|p1a: Moltres|Moltres|100/100
|move|p2a: Mudsdale|Stealth Rock|p1a: Moltres
|-sidestart|p1: Predator00338|move: Stealth Rock
|
|-weather|Sandstorm|[upkeep]
|-damage|p1a: Moltres|94/100|[from] Sandstorm
|upkeep
|turn|2
|
|t:|1760449307
|move|p1a: Moltres|Will-O-Wisp|p2a: Mudsdale
|-status|p2a: Mudsdale|brn
|move|p2a: Mudsdale|Roar|p1a: Moltres
|drag|p1a: Houndstone|Houndstone, F, shiny|100/100
|-damage|p1a: Houndstone|88/100|[from] Stealth Rock
|
|-weather|Sandstorm|[upkeep]
|-damage|p2a: Mudsdale|94/100 brn|[from] brn
|upkeep
|turn|3
|
|t:|1760449330
|move|p1a: Houndstone|Poltergeist|p2a: Mudsdale
|-activate|p2a: Mudsdale|move: Poltergeist|Rocky Helmet
|-damage|p2a: Mudsdale|48/100 brn
|-ability|p2a: Mudsdale|Stamina|boost
|-boost|p2a: Mudsdale|def|1
|move|p2a: Mudsdale|Iron Head|p1a: Houndstone
|-damage|p1a: Houndstone|75/100
|
|-weather|Sandstorm|[upkeep]
|-damage|p2a: Mudsdale|42/100 brn|[from] brn
|upkeep
|turn|4
|
|t:|1760449341
|move|p1a: Houndstone|Poltergeist|p2a: Mudsdale
|-activate|p2a: Mudsdale|move: Poltergeist|Rocky Helmet
|-crit|p2a: Mudsdale
|-damage|p2a: Mudsdale|0 fnt
|faint|p2a: Mudsdale
|
|-weather|Sandstorm|[upkeep]
|upkeep
|
|t:|1760449349
|switch|p2a: Samurott|Samurott-Hisui, F|100/100
|turn|5
|
|t:|1760449370
|switch|p1a: Moltres|Moltres|94/100
|move|p2a: Samurott|Ceaseless Edge|p1a: Moltres
|-damage|p1a: Moltres|62/100
|-sidestart|p1: Predator00338|Spikes
|
|-weather|Sandstorm|[upkeep]
|-damage|p2a: Samurott|94/100|[from] Sandstorm
|-damage|p1a: Moltres|56/100|[from] Sandstorm
|upkeep
|turn|6
|
|t:|1760449379
|move|p2a: Samurott|Ceaseless Edge|p1a: Moltres
|-damage|p1a: Moltres|22/100
|-status|p2a: Samurott|brn|[from] ability: Flame Body|[of] p1a: Moltres
|-sidestart|p1: Predator00338|Spikes
|move|p1a: Moltres|Will-O-Wisp|p2a: Samurott
|-fail|p2a: Samurott|brn
|
|-weather|Sandstorm|[upkeep]
|-damage|p2a: Samurott|88/100 brn|[from] Sandstorm
|-damage|p1a: Moltres|16/100|[from] Sandstorm
|-damage|p2a: Samurott|82/100 brn|[from] brn
|upkeep
|turn|7
|
|t:|1760449391
|move|p2a: Samurott|Ceaseless Edge|p1a: Moltres
|-damage|p1a: Moltres|0 fnt
|-sidestart|p1: Predator00338|Spikes
|faint|p1a: Moltres
|
|-weather|Sandstorm|[upkeep]
|-damage|p2a: Samurott|76/100 brn|[from] Sandstorm
|-damage|p2a: Samurott|69/100 brn|[from] brn
|upkeep
|
|t:|1760449405
|switch|p1a: Electrode|Electrode-Hisui, shiny|100/100
|-damage|p1a: Electrode|88/100|[from] Stealth Rock
|-damage|p1a: Electrode|63/100|[from] Spikes
|turn|8
|
|t:|1760449411
|switch|p2a: Gholdengo|Gholdengo|100/100
|move|p1a: Electrode|Giga Drain|p2a: Gholdengo
|-resisted|p2a: Gholdengo
|-damage|p2a: Gholdengo|85/100
|-heal|p1a: Electrode|73/100|[from] drain|[of] p2a: Gholdengo
|
|-weather|none
|-heal|p1a: Electrode|79/100|[from] item: Leftovers
|upkeep
|turn|9
|
|t:|1760449425
|switch|p1a: Tyranitar|Tyranitar, M, shiny|100/100
|-damage|p1a: Tyranitar|88/100|[from] Stealth Rock
|-damage|p1a: Tyranitar|63/100|[from] Spikes
|-weather|Sandstorm|[from] ability: Sand Stream|[of] p1a: Tyranitar
|move|p2a: Gholdengo|Make It Rain|p1a: Tyranitar
|-supereffective|p1a: Tyranitar
|-damage|p1a: Tyranitar|0 fnt
|-unboost|p2a: Gholdengo|spa|1
|faint|p1a: Tyranitar
|
|-weather|Sandstorm|[upkeep]
|upkeep
|
|t:|1760449440
|switch|p1a: Houndstone|Houndstone, F, shiny|75/100
|-damage|p1a: Houndstone|63/100|[from] Stealth Rock
|-damage|p1a: Houndstone|38/100|[from] Spikes
|turn|10
|
|t:|1760449454
|switch|p2a: Goodra|Goodra-Hisui, F|100/100
|move|p1a: Houndstone|Play Rough|p2a: Goodra
|-damage|p2a: Goodra|66/100
|
|-weather|Sandstorm|[upkeep]
|-heal|p2a: Goodra|72/100|[from] item: Leftovers
|upkeep
|turn|11
|-message|Predator00338 forfeited.
|
|win|saltylaplace
|raw|Predator00338's rating: 1095 &rarr; <strong>1070</strong><br />(-25 for losing)
|raw|saltylaplace's rating: 1078 &rarr; <strong>1108</strong><br />(+30 for winning)
|l|☆Predator00338
|player|p1|
|l|☆saltylaplace
|player|p2|
