|j|☆peep the drip
|j|☆soyothedangerous
|t:|1760334166
|gametype|singles
|player|p1|peep the drip|wattson|1517
|player|p2|soyothedangerous|rosa|1498
|gen|9
|tier|[Gen 9] OU
|rated|
|rule|HP Percentage Mod: HP is shown in percentages
|rule|Endless Battle Clause: Forcing endless battles is banned
|rule|Species Clause: Limit one of each Pokémon
|rule|OHKO Clause: OHKO moves are banned
|rule|Evasion Items Clause: Evasion items are banned
|rule|Evasion Moves Clause: Evasion moves are banned
|rule|Evasion Abilities Clause: Evasion abilities are banned
|rule|Sleep Moves Clause: Sleep-inducing moves are banned
|clearpoke
|poke|p1|Torkoal, F|
|poke|p1|Hatterene, F|
|poke|p1|Raging Bolt|
|poke|p1|Slither Wing|
|poke|p1|Venusaur, M|
|poke|p1|Walking Wake|
|poke|p2|Zamazenta-*|
|poke|p2|Ninetales-Alola, M|
|poke|p2|Darkrai|
|poke|p2|Ceruledge, F|
|poke|p2|Gliscor, M|
|poke|p2|Hatterene, F|
|teampreview
|inactive|Battle timer is ON: inactive players will automatically lose when time's up. (requested by peep the drip)
|
|t:|1760334177
|teamsize|p1|6
|teamsize|p2|6
|start
|switch|p1a: Torkoal|Torkoal, F|100/100
|switch|p2a: Gliscor|Gliscor, M|100/100
|-weather|SunnyDay|[from] ability: Drought|[of] p1a: Torkoal
|turn|1
|
|t:|1760334180
|switch|p2a: Ninetales|Ninetales-Alola, M|100/100
|-weather|Snowscape|[from] ability: Snow Warning|[of] p2a: Ninetales
|move|p1a: Torkoal|Eruption|p2a: Ninetales
|-supereffective|p2a: Ninetales
|-damage|p2a: Ninetales|0 fnt
|faint|p2a: Ninetales
|
|-weather|Snowscape|[upkeep]
|upkeep
|
|t:|1760334197
|switch|p2a: Darkrai|Darkrai|100/100
|turn|2
|
|t:|1760334207
|move|p2a: Darkrai|Nasty Plot|p2a: Darkrai
|-boost|p2a: Darkrai|spa|2
|move|p1a: Torkoal|Eruption|p2a: Darkrai
|-damage|p2a: Darkrai|16/100
|
|-weather|Snowscape|[upkeep]
|-heal|p2a: Darkrai|22/100|[from] item: Leftovers
|upkeep
|turn|3
|
|t:|1760334216
|switch|p1a: Slither Wing|Slither Wing|100/100
|move|p2a: Darkrai|Psyshock|p1a: Slither Wing
|-supereffective|p1a: Slither Wing
|-damage|p1a: Slither Wing|0 fnt
|faint|p1a: Slither Wing
|-end|p1a: Slither Wing|Protosynthesis|[silent]
|
|-weather|Snowscape|[upkeep]
|-heal|p2a: Darkrai|28/100|[from] item: Leftovers
|upkeep
|
|t:|1760334226
|switch|p1a: Raging Bolt|Raging Bolt|100/100
|turn|4
|l|☆soyothedangerous
|inactive|soyothedangerous disconnected and has a minute to reconnect!
|player|p2|
|j|☆soyothedangerous
|inactive|soyothedangerous reconnected and has 135 seconds left.
|player|p2|soyothedangerous|rosa|
|
|t:|1760334255
|move|p1a: Raging Bolt|Thunderclap|p2a: Darkrai
|-damage|p2a: Darkrai|0 fnt
|faint|p2a: Darkrai
|-damage|p1a: Raging Bolt|91/100|[from] item: Life Orb
|
|-weather|Snowscape|[upkeep]
|upkeep
|
|t:|1760334258
|switch|p2a: Gliscor|Gliscor, M|100/100
|turn|5
|
|t:|1760334267
|move|p2a: Gliscor|Agility|p2a: Gliscor
|-boost|p2a: Gliscor|spe|2
|move|p1a: Raging Bolt|Weather Ball|p2a: Gliscor
|-supereffective|p2a: Gliscor
|-damage|p2a: Gliscor|0 fnt
|faint|p2a: Gliscor
|-damage|p1a: Raging Bolt|81/100|[from] item: Life Orb
|
|-weather|none
|upkeep
|
|t:|1760334271
|switch|p2a: Hatterene|Hatterene, F|100/100
|turn|6
|
|t:|1760334278
|-end|p1a: Raging Bolt|Protosynthesis|[silent]
|switch|p1a: Torkoal|Torkoal, F|100/100
|-weather|SunnyDay|[from] ability: Drought|[of] p1a: Torkoal
|move|p2a: Hatterene|Calm Mind|p2a: Hatterene
|-boost|p2a: Hatterene|spa|1
|-boost|p2a: Hatterene|spd|1
|
|-weather|SunnyDay|[upkeep]
|upkeep
|turn|7
|
|t:|1760334286
|move|p2a: Hatterene|Psyshock|p1a: Torkoal
|-damage|p1a: Torkoal|58/100
|move|p1a: Torkoal|Earthquake|p2a: Hatterene
|-crit|p2a: Hatterene
|-damage|p2a: Hatterene|74/100
|
|-weather|SunnyDay|[upkeep]
|-heal|p2a: Hatterene|80/100|[from] item: Leftovers
|upkeep
|turn|8
|
|t:|1760334290
|move|p2a: Hatterene|Psyshock|p1a: Torkoal
|-damage|p1a: Torkoal|12/100
|move|p1a: Torkoal|Earthquake|p2a: Hatterene
|-damage|p2a: Hatterene|63/100
|
|-weather|SunnyDay|[upkeep]
|-heal|p2a: Hatterene|69/100|[from] item: Leftovers
|upkeep
|turn|9
|
|t:|1760334294
|move|p2a: Hatterene|Psyshock|p1a: Torkoal
|-damage|p1a: Torkoal|0 fnt
|faint|p1a: Torkoal
|
|-weather|SunnyDay|[upkeep]
|-heal|p2a: Hatterene|75/100|[from] item: Leftovers
|upkeep
|
|t:|1760334297
|switch|p1a: Walking Wake|Walking Wake|100/100
|-activate|p1a: Walking Wake|ability: Protosynthesis
|-start|p1a: Walking Wake|protosynthesisspe
|turn|10
|
|t:|1760334301
|-terastallize|p1a: Walking Wake|Fairy
|-terastallize|p2a: Hatterene|Water
|move|p1a: Walking Wake|Weather Ball|p2a: Hatterene
|-resisted|p2a: Hatterene
|-damage|p2a: Hatterene|55/100
|move|p2a: Hatterene|Draining Kiss|p1a: Walking Wake
|-damage|p1a: Walking Wake|59/100
|-heal|p2a: Hatterene|88/100|[from] drain|[of] p1a: Walking Wake
|
|-weather|SunnyDay|[upkeep]
|-heal|p2a: Hatterene|94/100|[from] item: Leftovers
|upkeep
|turn|11
|
|t:|1760334309
|-end|p1a: Walking Wake|Protosynthesis|[silent]
|switch|p1a: Hatterene|Hatterene, F|100/100
|-item|p1a: Hatterene|Air Balloon
|move|p2a: Hatterene|Draining Kiss|p1a: Hatterene
|-damage|p1a: Hatterene|67/100
|-heal|p2a: Hatterene|100/100|[from] drain|[of] p1a: Hatterene
|-enditem|p1a: Hatterene|Air Balloon
|
|-weather|SunnyDay|[upkeep]
|upkeep
|turn|12
|
|t:|1760334313
|move|p2a: Hatterene|Calm Mind|p2a: Hatterene
|-boost|p2a: Hatterene|spa|1
|-boost|p2a: Hatterene|spd|1
|move|p1a: Hatterene|Psychic Noise|p2a: Hatterene
|-damage|p2a: Hatterene|83/100
|-start|p2a: Hatterene|move: Heal Block
|
|-weather|SunnyDay|[upkeep]
|upkeep
|turn|13
|
|t:|1760334316
|move|p2a: Hatterene|Calm Mind|p2a: Hatterene
|-boost|p2a: Hatterene|spa|1
|-boost|p2a: Hatterene|spd|1
|move|p1a: Hatterene|Psychic Noise|p2a: Hatterene
|-damage|p2a: Hatterene|68/100
|
|-weather|none
|-end|p2a: Hatterene|move: Heal Block
|upkeep
|turn|14
|
|t:|1760334318
|move|p2a: Hatterene|Draining Kiss|p1a: Hatterene
|-damage|p1a: Hatterene|12/100
|-heal|p2a: Hatterene|100/100|[from] drain|[of] p1a: Hatterene
|move|p1a: Hatterene|Dazzling Gleam|p2a: Hatterene
|-damage|p2a: Hatterene|84/100
|
|-heal|p2a: Hatterene|90/100|[from] item: Leftovers
|upkeep
|turn|15
|
|t:|1760334321
|move|p2a: Hatterene|Draining Kiss|p1a: Hatterene
|-damage|p1a: Hatterene|0 fnt
|-heal|p2a: Hatterene|98/100|[from] drain|[of] p1a: Hatterene
|faint|p1a: Hatterene
|
|-heal|p2a: Hatterene|100/100|[from] item: Leftovers
|upkeep
|
|t:|1760334324
|switch|p1a: Venusaur|Venusaur, M|100/100
|turn|16
|-message|peep the drip forfeited.
|
|win|soyothedangerous
|raw|peep the drip's rating: 1517 &rarr; <strong>1496</strong><br />(-21 for losing)
|raw|soyothedangerous's rating: 1498 &rarr; <strong>1519</strong><br />(+21 for winning)
|l|☆peep the drip
|player|p1|
|l|☆soyothedangerous
|player|p2|
