|j|☆dollkamods
|j|☆spectro94
|t:|1760394249
|gametype|singles
|player|p1|dollkamods|1|1247
|player|p2|spectro94|lance|1157
|gen|9
|tier|[Gen 9] OU
|rated|
|rule|HP Percentage Mod: HP is shown in percentages
|rule|Endless Battle Clause: Forcing endless battles is banned
|rule|Species Clause: Limit one of each Pokémon
|rule|OHKO Clause: OHKO moves are banned
|rule|Evasion Items Clause: Evasion items are banned
|rule|Evasion Moves Clause: Evasion moves are banned
|rule|Evasion Abilities Clause: Evasion abilities are banned
|rule|Sleep Moves Clause: Sleep-inducing moves are banned
|clearpoke
|poke|p1|Grimmsnarl, M|
|poke|p1|Quaquaval, M|
|poke|p1|Great Tusk|
|poke|p1|Dragapult, F|
|poke|p1|Scizor, F|
|poke|p1|Glimmora, M|
|poke|p2|Tyranitar, F|
|poke|p2|Palossand, M|
|poke|p2|Excadrill, F|
|poke|p2|Heatran, F|
|poke|p2|Diancie|
|poke|p2|Mandibuzz, F|
|teampreview
|inactive|Battle timer is ON: inactive players will automatically lose when time's up. (requested by dollkamods)
|
|t:|1760394255
|teamsize|p1|6
|teamsize|p2|6
|start
|switch|p1a: Grimmsnarl|Grimmsnarl, M|100/100
|switch|p2a: Tyranitar|Tyranitar, F|100/100
|-weather|Sandstorm|[from] ability: Sand Stream|[of] p2a: Tyranitar
|turn|1
|
|t:|1760394284
|switch|p2a: Palossand|Palossand, M|100/100
|move|p1a: Grimmsnarl|Reflect|p1a: Grimmsnarl
|-sidestart|p1: dollkamods|Reflect
|
|-weather|Sandstorm|[upkeep]
|-damage|p1a: Grimmsnarl|94/100|[from] Sandstorm
|upkeep
|turn|2
|inactive|spectro94 has 120 seconds left.
|
|t:|1760394300
|move|p1a: Grimmsnarl|Light Screen|p1a: Grimmsnarl
|-sidestart|p1: dollkamods|move: Light Screen
|move|p2a: Palossand|Sludge Bomb|p1a: Grimmsnarl
|-supereffective|p1a: Grimmsnarl
|-damage|p1a: Grimmsnarl|74/100
|
|-weather|Sandstorm|[upkeep]
|-damage|p1a: Grimmsnarl|68/100|[from] Sandstorm
|upkeep
|turn|3
|inactive|spectro94 has 120 seconds left.
|
|t:|1760394312
|move|p1a: Grimmsnarl|Parting Shot|p2a: Palossand
|-unboost|p2a: Palossand|atk|1
|-unboost|p2a: Palossand|spa|1
|
|t:|1760394321
|switch|p1a: Scizor|Scizor, F|100/100|[from] Parting Shot
|move|p2a: Palossand|Scorching Sands|p1a: Scizor
|-damage|p1a: Scizor|87/100
|-status|p1a: Scizor|brn
|
|-weather|Sandstorm|[upkeep]
|-damage|p1a: Scizor|81/100 brn|[from] brn
|upkeep
|turn|4
|
|t:|1760394330
|switch|p2a: Mandibuzz|Mandibuzz, F|100/100
|move|p1a: Scizor|Knock Off|p2a: Mandibuzz
|-resisted|p2a: Mandibuzz
|-damage|p2a: Mandibuzz|93/100
|-damage|p1a: Scizor|65/100 brn|[from] item: Rocky Helmet|[of] p2a: Mandibuzz
|-enditem|p2a: Mandibuzz|Rocky Helmet|[from] move: Knock Off|[of] p1a: Scizor
|
|-weather|Sandstorm|[upkeep]
|-damage|p1a: Scizor|59/100 brn|[from] brn
|upkeep
|turn|5
|
|t:|1760394345
|switch|p1a: Glimmora|Glimmora, M|100/100
|move|p2a: Mandibuzz|Substitute|p2a: Mandibuzz
|-start|p2a: Mandibuzz|Substitute
|-damage|p2a: Mandibuzz|68/100
|
|-weather|none
|upkeep
|turn|6
|
|t:|1760394360
|move|p1a: Glimmora|Dazzling Gleam|p2a: Mandibuzz
|-supereffective|p2a: Mandibuzz
|-end|p2a: Mandibuzz|Substitute
|move|p2a: Mandibuzz|Roost|p2a: Mandibuzz
|-heal|p2a: Mandibuzz|100/100
|-singleturn|p2a: Mandibuzz|move: Roost
|
|upkeep
|turn|7
|
|t:|1760394379
|switch|p2a: Tyranitar|Tyranitar, F|100/100
|-weather|Sandstorm|[from] ability: Sand Stream|[of] p2a: Tyranitar
|move|p1a: Glimmora|Dazzling Gleam|p2a: Tyranitar
|-supereffective|p2a: Tyranitar
|-damage|p2a: Tyranitar|71/100
|
|-weather|Sandstorm|[upkeep]
|upkeep
|turn|8
|inactive|spectro94 has 120 seconds left.
|
|t:|1760394400
|switch|p1a: Quaquaval|Quaquaval, M|100/100
|switch|p2a: Excadrill|Excadrill, F|100/100
|
|-weather|Sandstorm|[upkeep]
|-damage|p1a: Quaquaval|94/100|[from] Sandstorm
|-sideend|p1: dollkamods|Reflect
|upkeep
|turn|9
|inactive|spectro94 has 120 seconds left.
|
|t:|1760394417
|move|p2a: Excadrill|Iron Head|p1a: Quaquaval
|-resisted|p1a: Quaquaval
|-damage|p1a: Quaquaval|52/100
|-damage|p2a: Excadrill|91/100|[from] item: Life Orb
|cant|p1a: Quaquaval|flinch
|
|-weather|Sandstorm|[upkeep]
|-damage|p1a: Quaquaval|46/100|[from] Sandstorm
|-sideend|p1: dollkamods|move: Light Screen
|upkeep
|turn|10
|inactive|spectro94 has 120 seconds left.
|
|t:|1760394431
|move|p1a: Quaquaval|Aqua Jet|p2a: Excadrill
|-supereffective|p2a: Excadrill
|-damage|p2a: Excadrill|29/100
|move|p2a: Excadrill|Iron Head|p1a: Quaquaval
|-resisted|p1a: Quaquaval
|-damage|p1a: Quaquaval|8/100
|-damage|p2a: Excadrill|19/100|[from] item: Life Orb
|
|-weather|Sandstorm|[upkeep]
|-damage|p1a: Quaquaval|1/100|[from] Sandstorm
|upkeep
|turn|11
|inactive|spectro94 has 120 seconds left.
|
|t:|1760394446
|switch|p2a: Palossand|Palossand, M|100/100
|move|p1a: Quaquaval|Aqua Jet|p2a: Palossand
|-supereffective|p2a: Palossand
|-damage|p2a: Palossand|67/100
|-ability|p2a: Palossand|Water Compaction|boost
|-boost|p2a: Palossand|def|2
|-enditem|p2a: Palossand|Weakness Policy
|-boost|p2a: Palossand|atk|2|[from] item: Weakness Policy
|-boost|p2a: Palossand|spa|2|[from] item: Weakness Policy
|
|-weather|none
|upkeep
|turn|12
|inactive|spectro94 has 120 seconds left.
|
|t:|1760394456
|move|p1a: Quaquaval|Triple Axel|p2a: Palossand
|-supereffective|p2a: Palossand
|-crit|p2a: Palossand
|-damage|p2a: Palossand|50/100
|-supereffective|p2a: Palossand
|-damage|p2a: Palossand|37/100
|-supereffective|p2a: Palossand
|-damage|p2a: Palossand|20/100
|-hitcount|p2a: Palossand|3
|move|p2a: Palossand|Giga Drain|p1a: Quaquaval
|-supereffective|p1a: Quaquaval
|-damage|p1a: Quaquaval|0 fnt
|-heal|p2a: Palossand|21/100|[from] drain|[of] p1a: Quaquaval
|faint|p1a: Quaquaval
|
|upkeep
|
|t:|1760394466
|switch|p1a: Grimmsnarl|Grimmsnarl, M|68/100
|turn|13
|
|t:|1760394473
|move|p1a: Grimmsnarl|Light Screen|p1a: Grimmsnarl
|-sidestart|p1: dollkamods|move: Light Screen
|move|p2a: Palossand|Sludge Bomb|p1a: Grimmsnarl
|-supereffective|p1a: Grimmsnarl
|-damage|p1a: Grimmsnarl|26/100
|-status|p1a: Grimmsnarl|psn
|
|-damage|p1a: Grimmsnarl|13/100 psn|[from] psn
|upkeep
|turn|14
|inactive|spectro94 has 120 seconds left.
|
|t:|1760394495
|move|p1a: Grimmsnarl|Reflect|p1a: Grimmsnarl
|-sidestart|p1: dollkamods|Reflect
|move|p2a: Palossand|Scorching Sands|p1a: Grimmsnarl
|-damage|p1a: Grimmsnarl|0 fnt
|faint|p1a: Grimmsnarl
|
|upkeep
|
|t:|1760394511
|switch|p1a: Glimmora|Glimmora, M|100/100
|turn|15
|
|t:|1760394519
|move|p1a: Glimmora|Energy Ball|p2a: Palossand
|-supereffective|p2a: Palossand
|-damage|p2a: Palossand|0 fnt
|faint|p2a: Palossand
|
|upkeep
|
|t:|1760394526
|switch|p2a: Tyranitar|Tyranitar, F|71/100
|-weather|Sandstorm|[from] ability: Sand Stream|[of] p2a: Tyranitar
|turn|16
|
|t:|1760394541
|switch|p1a: Scizor|Scizor, F|59/100 brn
|move|p2a: Tyranitar|Earthquake|p1a: Scizor
|-damage|p1a: Scizor|40/100 brn
|
|-weather|Sandstorm|[upkeep]
|-damage|p1a: Scizor|33/100 brn|[from] brn
|upkeep
|turn|17
|
|t:|1760394563
|switch|p2a: Mandibuzz|Mandibuzz, F|100/100
|move|p1a: Scizor|Knock Off|p2a: Mandibuzz
|-resisted|p2a: Mandibuzz
|-damage|p2a: Mandibuzz|96/100
|
|-weather|Sandstorm|[upkeep]
|-damage|p1a: Scizor|27/100 brn|[from] brn
|upkeep
|turn|18
|
|t:|1760394574
|switch|p1a: Great Tusk|Great Tusk|100/100
|-enditem|p1a: Great Tusk|Booster Energy
|-activate|p1a: Great Tusk|ability: Protosynthesis|[fromitem]
|-start|p1a: Great Tusk|protosynthesisatk
|move|p2a: Mandibuzz|Foul Play|p1a: Great Tusk
|-resisted|p1a: Great Tusk
|-damage|p1a: Great Tusk|91/100
|
|-weather|Sandstorm|[upkeep]
|upkeep
|turn|19
|
|t:|1760394589
|move|p1a: Great Tusk|Rapid Spin|p2a: Mandibuzz
|-damage|p2a: Mandibuzz|83/100
|-boost|p1a: Great Tusk|spe|1
|move|p2a: Mandibuzz|Toxic|p1a: Great Tusk
|-status|p1a: Great Tusk|tox
|
|-weather|Sandstorm|[upkeep]
|-damage|p1a: Great Tusk|85/100 tox|[from] psn
|upkeep
|turn|20
|
|t:|1760394601
|move|p1a: Great Tusk|Rapid Spin|p2a: Mandibuzz
|-damage|p2a: Mandibuzz|69/100
|-boost|p1a: Great Tusk|spe|1
|move|p2a: Mandibuzz|Substitute|p2a: Mandibuzz
|-start|p2a: Mandibuzz|Substitute
|-damage|p2a: Mandibuzz|44/100
|
|-weather|none
|-damage|p1a: Great Tusk|73/100 tox|[from] psn
|-sideend|p1: dollkamods|move: Light Screen
|upkeep
|turn|21
|
|t:|1760394609
|move|p1a: Great Tusk|Ice Spinner|p2a: Mandibuzz
|-supereffective|p2a: Mandibuzz
|-end|p2a: Mandibuzz|Substitute
|move|p2a: Mandibuzz|Roost|p2a: Mandibuzz
|-heal|p2a: Mandibuzz|94/100
|-singleturn|p2a: Mandibuzz|move: Roost
|
|-damage|p1a: Great Tusk|54/100 tox|[from] psn
|-sideend|p1: dollkamods|Reflect
|upkeep
|turn|22
|
|t:|1760394622
|switch|p2a: Heatran|Heatran, F|100/100
|move|p1a: Great Tusk|Ice Spinner|p2a: Heatran
|-resisted|p2a: Heatran
|-crit|p2a: Heatran
|-damage|p2a: Heatran|90/100
|
|-damage|p1a: Great Tusk|29/100 tox|[from] psn
|upkeep
|turn|23
|
|t:|1760394637
|move|p1a: Great Tusk|Close Combat|p2a: Heatran
|-supereffective|p2a: Heatran
|-damage|p2a: Heatran|0 fnt
|-unboost|p1a: Great Tusk|def|1
|-unboost|p1a: Great Tusk|spd|1
|faint|p2a: Heatran
|
|-damage|p1a: Great Tusk|0 fnt|[from] psn
|faint|p1a: Great Tusk
|-end|p1a: Great Tusk|Protosynthesis|[silent]
|upkeep
|
|t:|1760394646
|switch|p1a: Scizor|Scizor, F|27/100 brn
|switch|p2a: Tyranitar|Tyranitar, F|71/100
|-weather|Sandstorm|[from] ability: Sand Stream|[of] p2a: Tyranitar
|turn|24
|
|t:|1760394654
|move|p1a: Scizor|U-turn|p2a: Tyranitar
|-supereffective|p2a: Tyranitar
|-damage|p2a: Tyranitar|23/100
|
|t:|1760394658
|switch|p1a: Glimmora|Glimmora, M|100/100|[from] U-turn
|move|p2a: Tyranitar|Earthquake|p1a: Glimmora
|-supereffective|p1a: Glimmora
|-damage|p1a: Glimmora|0 fnt
|-activate|p1a: Glimmora|ability: Toxic Debris
|-sidestart|p2: spectro94|move: Toxic Spikes
|faint|p1a: Glimmora
|
|-weather|Sandstorm|[upkeep]
|upkeep
|
|t:|1760394665
|switch|p1a: Scizor|Scizor, F|27/100 brn
|turn|25
|
|t:|1760394670
|move|p1a: Scizor|U-turn|p2a: Tyranitar
|-supereffective|p2a: Tyranitar
|-damage|p2a: Tyranitar|0 fnt
|faint|p2a: Tyranitar
|
|t:|1760394674
|switch|p1a: Dragapult|Dragapult, F|100/100|[from] U-turn
|
|-weather|Sandstorm|[upkeep]
|-damage|p1a: Dragapult|95/100|[from] Sandstorm
|upkeep
|
|t:|1760394696
|switch|p2a: Excadrill|Excadrill, F|19/100
|turn|26
|
|t:|1760394714
|move|p2a: Excadrill|Earthquake|p1a: Dragapult
|-damage|p1a: Dragapult|0 fnt
|faint|p1a: Dragapult
|-damage|p2a: Excadrill|9/100|[from] item: Life Orb
|
|-weather|Sandstorm|[upkeep]
|upkeep
|
|t:|1760394717
|switch|p1a: Scizor|Scizor, F|27/100 brn
|turn|27
|
|t:|1760394722
|move|p1a: Scizor|Bullet Punch|p2a: Excadrill
|-resisted|p2a: Excadrill
|-damage|p2a: Excadrill|0 fnt
|faint|p2a: Excadrill
|
|-weather|Sandstorm|[upkeep]
|-damage|p1a: Scizor|21/100 brn|[from] brn
|upkeep
|
|t:|1760394728
|switch|p2a: Diancie|Diancie|100/100
|-status|p2a: Diancie|psn
|turn|28
|
|t:|1760394735
|-terastallize|p1a: Scizor|Steel
|move|p1a: Scizor|Bullet Punch|p2a: Diancie
|-supereffective|p2a: Diancie
|-damage|p2a: Diancie|0 fnt
|faint|p2a: Diancie
|
|-weather|none
|-damage|p1a: Scizor|15/100 brn|[from] brn
|upkeep
|
|t:|1760394745
|switch|p2a: Mandibuzz|Mandibuzz, F|94/100
|turn|29
|
|t:|1760394752
|move|p1a: Scizor|Bullet Punch|p2a: Mandibuzz
|-damage|p2a: Mandibuzz|76/100
|move|p2a: Mandibuzz|Foul Play|p1a: Scizor
|-damage|p1a: Scizor|0 fnt
|faint|p1a: Scizor
|
|win|spectro94
|raw|dollkamods's rating: 1247 &rarr; <strong>1216</strong><br />(-31 for losing)
|raw|spectro94's rating: 1157 &rarr; <strong>1188</strong><br />(+31 for winning)
|l|☆dollkamods
|player|p1|
|l|☆spectro94
|player|p2|
