|j|☆acediawa
|j|☆UltraGodGreninja
|t:|1760335021
|gametype|singles
|player|p1|acediawa|backersf|1412
|player|p2|UltraGodGreninja|skyla|1423
|gen|9
|tier|[Gen 9] OU
|rated|
|rule|HP Percentage Mod: HP is shown in percentages
|rule|Endless Battle Clause: Forcing endless battles is banned
|rule|Species Clause: Limit one of each Pokémon
|rule|OHKO Clause: OHKO moves are banned
|rule|Evasion Items Clause: Evasion items are banned
|rule|Evasion Moves Clause: Evasion moves are banned
|rule|Evasion Abilities Clause: Evasion abilities are banned
|rule|Sleep Moves Clause: Sleep-inducing moves are banned
|clearpoke
|poke|p1|Dragapult, F|
|poke|p1|Dragonite, F|
|poke|p1|Ting-Lu|
|poke|p1|Weezing-Galar, F|
|poke|p1|Iron Crown|
|poke|p1|Zapdos|
|poke|p2|Ninetales-Alola, F|
|poke|p2|Electivire, M|
|poke|p2|Rillaboom, M|
|poke|p2|Ogerpon-Wellspring, F|
|poke|p2|Great Tusk|
|poke|p2|Blaziken, M|
|teampreview
|
|t:|1760335029
|teamsize|p1|6
|teamsize|p2|6
|start
|switch|p1a: Iron Crown|Iron Crown|100/100
|switch|p2a: Ninetales|Ninetales-Alola, F|100/100
|-weather|Snowscape|[from] ability: Snow Warning|[of] p2a: Ninetales
|turn|1
|
|t:|1760335034
|switch|p2a: Great Tusk|Great Tusk|100/100
|-enditem|p2a: Great Tusk|Booster Energy
|-activate|p2a: Great Tusk|ability: Protosynthesis|[fromitem]
|-start|p2a: Great Tusk|protosynthesisspe
|move|p1a: Iron Crown|Tachyon Cutter|p2a: Great Tusk
|-damage|p2a: Great Tusk|52/100
|-damage|p2a: Great Tusk|4/100
|-hitcount|p2a: Great Tusk|2
|
|-weather|Snowscape|[upkeep]
|upkeep
|turn|2
|
|t:|1760335039
|-end|p1a: Iron Crown|Quark Drive|[silent]
|switch|p1a: Zapdos|Zapdos|100/100
|move|p2a: Great Tusk|Stealth Rock|p1a: Zapdos
|-sidestart|p1: acediawa|move: Stealth Rock
|
|-weather|Snowscape|[upkeep]
|upkeep
|turn|3
|
|t:|1760335046
|move|p2a: Great Tusk|Ice Spinner|p1a: Zapdos
|-supereffective|p1a: Zapdos
|-damage|p1a: Zapdos|41/100
|-status|p2a: Great Tusk|par|[from] ability: Static|[of] p1a: Zapdos
|move|p1a: Zapdos|Hurricane|p2a: Great Tusk
|-supereffective|p2a: Great Tusk
|-damage|p2a: Great Tusk|0 fnt
|faint|p2a: Great Tusk
|-end|p2a: Great Tusk|Protosynthesis|[silent]
|
|-weather|Snowscape|[upkeep]
|upkeep
|
|t:|1760335052
|switch|p2a: Ninetales|Ninetales-Alola, F|100/100
|turn|4
|
|t:|1760335062
|switch|p1a: Iron Crown|Iron Crown|100/100
|-damage|p1a: Iron Crown|94/100|[from] Stealth Rock
|move|p2a: Ninetales|Aurora Veil|p2a: Ninetales
|-sidestart|p2: UltraGodGreninja|move: Aurora Veil
|
|-weather|Snowscape|[upkeep]
|upkeep
|turn|5
|
|t:|1760335069
|switch|p2a: Electivire|Electivire, M|100/100
|move|p1a: Iron Crown|Volt Switch|p2a: Electivire
|-ability|p2a: Electivire|Motor Drive|boost
|-boost|p2a: Electivire|spe|1
|
|-weather|none
|upkeep
|turn|6
|
|t:|1760335080
|-end|p1a: Iron Crown|Quark Drive|[silent]
|switch|p1a: Ting-Lu|Ting-Lu|100/100
|-damage|p1a: Ting-Lu|94/100|[from] Stealth Rock
|-ability|p1a: Ting-Lu|Vessel of Ruin
|move|p2a: Electivire|Bulk Up|p2a: Electivire
|-boost|p2a: Electivire|atk|1
|-boost|p2a: Electivire|def|1
|
|-heal|p1a: Ting-Lu|100/100|[from] item: Leftovers
|upkeep
|turn|7
|
|t:|1760335083
|-terastallize|p2a: Electivire|Fairy
|move|p2a: Electivire|Bulk Up|p2a: Electivire
|-boost|p2a: Electivire|atk|1
|-boost|p2a: Electivire|def|1
|move|p1a: Ting-Lu|Whirlwind|p2a: Electivire
|drag|p2a: Ninetales|Ninetales-Alola, F|100/100
|-weather|Snowscape|[from] ability: Snow Warning|[of] p2a: Ninetales
|
|-weather|Snowscape|[upkeep]
|upkeep
|turn|8
|
|t:|1760335091
|move|p2a: Ninetales|Encore|p1a: Ting-Lu
|-start|p1a: Ting-Lu|Encore
|move|p1a: Ting-Lu|Whirlwind|p2a: Ninetales
|drag|p2a: Electivire|Electivire, M, tera:Fairy|100/100
|
|-weather|Snowscape|[upkeep]
|upkeep
|turn|9
|
|t:|1760335097
|switch|p1a: Weezing|Weezing-Galar, F|100/100
|-ability|p1a: Weezing|Neutralizing Gas
|move|p2a: Electivire|Tera Blast|p1a: Weezing|[anim] Tera Blast Fairy
|-resisted|p1a: Weezing
|-damage|p1a: Weezing|86/100
|
|-weather|Snowscape|[upkeep]
|upkeep
|turn|10
|
|t:|1760335102
|switch|p2a: Blaziken|Blaziken, M|100/100
|move|p1a: Weezing|Will-O-Wisp|p2a: Blaziken
|-immune|p2a: Blaziken
|
|-weather|Snowscape|[upkeep]
|upkeep
|turn|11
|
|t:|1760335107
|move|p2a: Blaziken|Swords Dance|p2a: Blaziken
|-boost|p2a: Blaziken|atk|2
|move|p1a: Weezing|Toxic Spikes|p2a: Blaziken
|-sidestart|p2: UltraGodGreninja|move: Toxic Spikes
|
|-weather|none
|-sideend|p2: UltraGodGreninja|move: Aurora Veil
|upkeep
|turn|12
|
|t:|1760335115
|move|p2a: Blaziken|Flare Blitz|p1a: Weezing
|-crit|p1a: Weezing
|-damage|p1a: Weezing|0 fnt
|faint|p1a: Weezing
|-end|p1a: Weezing|ability: Neutralizing Gas
|-damage|p2a: Blaziken|69/100|[from] Recoil
|-damage|p2a: Blaziken|59/100|[from] item: Life Orb
|
|-ability|p2a: Blaziken|Speed Boost|boost
|-boost|p2a: Blaziken|spe|1
|upkeep
|
|t:|1760335129
|switch|p1a: Dragonite|Dragonite, F|100/100
|turn|13
|
|t:|1760335131
|move|p2a: Blaziken|Close Combat|p1a: Dragonite
|-resisted|p1a: Dragonite
|-damage|p1a: Dragonite|61/100
|-unboost|p2a: Blaziken|def|1
|-unboost|p2a: Blaziken|spd|1
|-damage|p2a: Blaziken|49/100|[from] item: Life Orb
|move|p1a: Dragonite|Earthquake|p2a: Blaziken
|-supereffective|p2a: Blaziken
|-damage|p2a: Blaziken|0 fnt
|faint|p2a: Blaziken
|
|upkeep
|
|t:|1760335143
|switch|p2a: Ninetales|Ninetales-Alola, F|100/100
|-status|p2a: Ninetales|psn
|-weather|Snowscape|[from] ability: Snow Warning|[of] p2a: Ninetales
|turn|14
|
|t:|1760335157
|-terastallize|p1a: Dragonite|Normal
|move|p2a: Ninetales|Aurora Veil|p2a: Ninetales
|-sidestart|p2: UltraGodGreninja|move: Aurora Veil
|move|p1a: Dragonite|Dragon Dance|p1a: Dragonite
|-boost|p1a: Dragonite|atk|1
|-boost|p1a: Dragonite|spe|1
|
|-weather|Snowscape|[upkeep]
|-damage|p2a: Ninetales|88/100 psn|[from] psn
|upkeep
|turn|15
|
|t:|1760335167
|move|p1a: Dragonite|Extreme Speed|p2a: Ninetales
|-damage|p2a: Ninetales|58/100 psn
|move|p2a: Ninetales|Encore|p1a: Dragonite
|-start|p1a: Dragonite|Encore
|
|-weather|Snowscape|[upkeep]
|-damage|p2a: Ninetales|46/100 psn|[from] psn
|upkeep
|turn|16
|
|t:|1760335179
|move|p1a: Dragonite|Extreme Speed|p2a: Ninetales
|-damage|p2a: Ninetales|15/100 psn
|move|p2a: Ninetales|Freeze-Dry|p1a: Dragonite
|-damage|p1a: Dragonite|40/100
|
|-weather|Snowscape|[upkeep]
|-damage|p2a: Ninetales|2/100 psn|[from] psn
|upkeep
|turn|17
|
|t:|1760335181
|move|p1a: Dragonite|Extreme Speed|p2a: Ninetales
|-damage|p2a: Ninetales|0 fnt
|faint|p2a: Ninetales
|
|-weather|Snowscape|[upkeep]
|upkeep
|
|t:|1760335183
|switch|p2a: Rillaboom|Rillaboom, M|100/100
|-status|p2a: Rillaboom|psn
|-fieldstart|move: Grassy Terrain|[from] ability: Grassy Surge|[of] p2a: Rillaboom
|turn|18
|inactive|Battle timer is ON: inactive players will automatically lose when time's up. (requested by UltraGodGreninja)
|
|t:|1760335192
|switch|p1a: Ting-Lu|Ting-Lu|100/100
|-damage|p1a: Ting-Lu|94/100|[from] Stealth Rock
|-ability|p1a: Ting-Lu|Vessel of Ruin
|move|p2a: Rillaboom|Swords Dance|p2a: Rillaboom
|-boost|p2a: Rillaboom|atk|2
|
|-weather|none
|-heal|p1a: Ting-Lu|100/100|[from] Grassy Terrain
|-damage|p2a: Rillaboom|88/100 psn|[from] psn
|upkeep
|turn|19
|
|t:|1760335196
|move|p2a: Rillaboom|Grassy Glide|p1a: Ting-Lu
|-supereffective|p1a: Ting-Lu
|-crit|p1a: Ting-Lu
|-damage|p1a: Ting-Lu|0 fnt
|faint|p1a: Ting-Lu
|-damage|p2a: Rillaboom|78/100 psn|[from] item: Life Orb
|
|-heal|p2a: Rillaboom|84/100 psn|[from] Grassy Terrain
|-damage|p2a: Rillaboom|72/100 psn|[from] psn
|upkeep
|
|t:|1760335206
|switch|p1a: Zapdos|Zapdos|41/100
|turn|20
|
|t:|1760335209
|move|p2a: Rillaboom|Grassy Glide|p1a: Zapdos
|-resisted|p1a: Zapdos
|-damage|p1a: Zapdos|0 fnt
|faint|p1a: Zapdos
|-damage|p2a: Rillaboom|62/100 psn|[from] item: Life Orb
|
|-heal|p2a: Rillaboom|68/100 psn|[from] Grassy Terrain
|-damage|p2a: Rillaboom|56/100 psn|[from] psn
|upkeep
|
|t:|1760335219
|switch|p1a: Dragonite|Dragonite, F, tera:Normal|40/100
|turn|21
|
|t:|1760335221
|move|p1a: Dragonite|Extreme Speed|p2a: Rillaboom
|-damage|p2a: Rillaboom|31/100 psn
|move|p2a: Rillaboom|Grassy Glide|p1a: Dragonite
|-damage|p1a: Dragonite|0 fnt
|faint|p1a: Dragonite
|-damage|p2a: Rillaboom|21/100 psn|[from] item: Life Orb
|
|-heal|p2a: Rillaboom|27/100 psn|[from] Grassy Terrain
|-damage|p2a: Rillaboom|15/100 psn|[from] psn
|-sideend|p2: UltraGodGreninja|move: Aurora Veil
|upkeep
|
|t:|1760335225
|switch|p1a: Dragapult|Dragapult, F|100/100
|turn|22
|
|t:|1760335228
|move|p2a: Rillaboom|Grassy Glide|p1a: Dragapult
|-resisted|p1a: Dragapult
|-damage|p1a: Dragapult|25/100
|-start|p2a: Rillaboom|Disable|Grassy Glide|[from] ability: Cursed Body|[of] p1a: Dragapult
|-damage|p2a: Rillaboom|5/100 psn|[from] item: Life Orb
|move|p1a: Dragapult|Dragon Darts|p2a: Rillaboom
|-crit|p2a: Rillaboom
|-damage|p2a: Rillaboom|0 fnt
|faint|p2a: Rillaboom
|
|-heal|p1a: Dragapult|31/100|[from] Grassy Terrain
|-fieldend|move: Grassy Terrain
|upkeep
|
|t:|1760335231
|switch|p2a: Electivire|Electivire, M, tera:Fairy|100/100
|-status|p2a: Electivire|psn
|-enditem|p2a: Electivire|Lum Berry|[eat]
|-curestatus|p2a: Electivire|psn|[msg]
|turn|23
|
|t:|1760335236
|move|p1a: Dragapult|Will-O-Wisp|p2a: Electivire
|-status|p2a: Electivire|brn
|move|p2a: Electivire|Trailblaze|p1a: Dragapult
|-resisted|p1a: Dragapult
|-damage|p1a: Dragapult|26/100
|-boost|p2a: Electivire|spe|1
|
|-damage|p2a: Electivire|95/100 brn|[from] brn
|upkeep
|turn|24
|
|t:|1760335244
|move|p2a: Electivire|Bulk Up|p2a: Electivire
|-boost|p2a: Electivire|atk|1
|-boost|p2a: Electivire|def|1
|move|p1a: Dragapult|Hex|p2a: Electivire
|-damage|p2a: Electivire|26/100 brn
|
|-damage|p2a: Electivire|20/100 brn|[from] brn
|upkeep
|turn|25
|
|t:|1760335248
|move|p2a: Electivire|Tera Blast|p1a: Dragapult|[anim] Tera Blast Fairy
|-supereffective|p1a: Dragapult
|-damage|p1a: Dragapult|0 fnt
|-start|p2a: Electivire|Disable|Tera Blast|[from] ability: Cursed Body|[of] p1a: Dragapult
|faint|p1a: Dragapult
|
|-damage|p2a: Electivire|14/100 brn|[from] brn
|upkeep
|
|t:|1760335251
|switch|p1a: Iron Crown|Iron Crown|94/100
|-damage|p1a: Iron Crown|88/100|[from] Stealth Rock
|turn|26
|
|t:|1760335260
|move|p2a: Electivire|Supercell Slam|p1a: Iron Crown
|-damage|p1a: Iron Crown|44/100
|move|p1a: Iron Crown|Tachyon Cutter|p2a: Electivire
|-supereffective|p2a: Electivire
|-damage|p2a: Electivire|0 fnt
|faint|p2a: Electivire
|-hitcount|p2: Electivire|1
|
|upkeep
|
|t:|1760335262
|switch|p2a: Ogerpon|Ogerpon-Wellspring, F|100/100
|-status|p2a: Ogerpon|psn
|turn|27
|
|t:|1760335271
|move|p2a: Ogerpon|Ivy Cudgel|p1a: Iron Crown|[anim] Ivy Cudgel Water
|-damage|p1a: Iron Crown|0 fnt
|faint|p1a: Iron Crown
|-end|p1a: Iron Crown|Quark Drive|[silent]
|
|win|UltraGodGreninja
|raw|acediawa's rating: 1412 &rarr; <strong>1393</strong><br />(-19 for losing)
|raw|UltraGodGreninja's rating: 1423 &rarr; <strong>1442</strong><br />(+19 for winning)
|l|☆acediawa
|player|p1|
|l|☆UltraGodGreninja
|player|p2|
