|j|☆Christendom
|j|☆bobbydeoliscool
|t:|1760451998
|gametype|singles
|player|p1|Christendom|yellow|1542
|player|p2|bobbydeoliscool|102|1527
|gen|9
|tier|[Gen 9] OU
|rated|
|rule|HP Percentage Mod: HP is shown in percentages
|rule|Endless Battle Clause: Forcing endless battles is banned
|rule|Species Clause: Limit one of each Pokémon
|rule|OHKO Clause: OHKO moves are banned
|rule|Evasion Items Clause: Evasion items are banned
|rule|Evasion Moves Clause: Evasion moves are banned
|rule|Evasion Abilities Clause: Evasion abilities are banned
|rule|Sleep Moves Clause: Sleep-inducing moves are banned
|clearpoke
|poke|p1|Iron Valiant|
|poke|p1|Dragapult, F|
|poke|p1|Glimmora, F|
|poke|p1|Ogerpon-Wellspring, F|
|poke|p1|Landorus-Therian, M|
|poke|p1|Kingambit, F|
|poke|p2|Moltres|
|poke|p2|Zamazenta-*|
|poke|p2|Darkrai|
|poke|p2|Hydrapple, M|
|poke|p2|Ting-Lu|
|poke|p2|Tinkaton, F|
|teampreview
|inactive|Battle timer is ON: inactive players will automatically lose when time's up. (requested by bobbydeoliscool)
|inactive|bobbydeoliscool has 120 seconds left.
|
|t:|1760452058
|teamsize|p1|6
|teamsize|p2|6
|start
|switch|p1a: Dragapult|Dragapult, F|100/100
|switch|p2a: Tinkaton|Tinkaton, F|100/100
|-ability|p2a: Tinkaton|Mold Breaker
|-item|p2a: Tinkaton|Air Balloon
|turn|1
|
|t:|1760452067
|move|p1a: Dragapult|U-turn|p2a: Tinkaton
|-resisted|p2a: Tinkaton
|-damage|p2a: Tinkaton|95/100
|-enditem|p2a: Tinkaton|Air Balloon
|
|t:|1760452071
|switch|p1a: Landorus|Landorus-Therian, M|100/100|[from] U-turn
|-ability|p1a: Landorus|Intimidate|boost
|-unboost|p2a: Tinkaton|atk|1
|move|p2a: Tinkaton|Thunder Wave|p1a: Landorus
|-immune|p1a: Landorus
|
|upkeep
|turn|2
|inactive|bobbydeoliscool has 120 seconds left.
|
|t:|1760452102
|switch|p2a: Moltres|Moltres|100/100
|move|p1a: Landorus|Stealth Rock|p2a: Moltres
|-sidestart|p2: bobbydeoliscool|move: Stealth Rock
|
|upkeep
|turn|3
|
|t:|1760452107
|switch|p1a: Glimmora|Glimmora, F|100/100
|move|p2a: Moltres|Flamethrower|p1a: Glimmora
|-resisted|p1a: Glimmora
|-damage|p1a: Glimmora|78/100
|
|upkeep
|turn|4
|inactive|bobbydeoliscool has 120 seconds left.
|
|t:|1760452151
|move|p1a: Glimmora|Mortal Spin|p2a: Moltres
|-damage|p2a: Moltres|97/100
|-status|p2a: Moltres|psn
|move|p2a: Moltres|U-turn|p1a: Glimmora
|-resisted|p1a: Glimmora
|-damage|p1a: Glimmora|69/100
|-activate|p1a: Glimmora|ability: Toxic Debris
|-sidestart|p2: bobbydeoliscool|move: Toxic Spikes
|
|t:|1760452153
|switch|p2a: Tinkaton|Tinkaton, F|95/100|[from] U-turn
|-damage|p2a: Tinkaton|89/100|[from] Stealth Rock
|-ability|p2a: Tinkaton|Mold Breaker
|
|upkeep
|turn|5
|
|t:|1760452163
|switch|p1a: Landorus|Landorus-Therian, M|100/100
|-ability|p1a: Landorus|Intimidate|boost
|-unboost|p2a: Tinkaton|atk|1
|move|p2a: Tinkaton|Gigaton Hammer|p1a: Landorus
|-damage|p1a: Landorus|72/100
|
|upkeep
|turn|6
|inactive|bobbydeoliscool has 120 seconds left.
|
|t:|1760452176
|move|p2a: Tinkaton|Stealth Rock|p1a: Landorus
|-sidestart|p1: Christendom|move: Stealth Rock
|move|p1a: Landorus|Earthquake|p2a: Tinkaton
|-supereffective|p2a: Tinkaton
|-damage|p2a: Tinkaton|0 fnt
|faint|p2a: Tinkaton
|
|upkeep
|
|t:|1760452179
|switch|p2a: Hydrapple|Hydrapple, M|100/100
|turn|7
|
|t:|1760452188
|move|p1a: Landorus|Taunt|p2a: Hydrapple
|-start|p2a: Hydrapple|move: Taunt
|cant|p2a: Hydrapple|move: Taunt|Nasty Plot
|
|upkeep
|turn|8
|
|t:|1760452193
|move|p1a: Landorus|U-turn|p2a: Hydrapple
|-supereffective|p2a: Hydrapple
|-damage|p2a: Hydrapple|72/100
|
|t:|1760452195
|switch|p1a: Glimmora|Glimmora, F|69/100|[from] U-turn
|-damage|p1a: Glimmora|56/100|[from] Stealth Rock
|move|p2a: Hydrapple|Giga Drain|p1a: Glimmora
|-damage|p1a: Glimmora|13/100
|-heal|p2a: Hydrapple|88/100|[from] drain|[of] p1a: Glimmora
|
|upkeep
|turn|9
|
|t:|1760452197
|switch|p2a: Moltres|Moltres|97/100 psn
|move|p1a: Glimmora|Mortal Spin|p2a: Moltres
|-damage|p2a: Moltres|92/100 psn
|-status|p1a: Glimmora|brn|[from] ability: Flame Body|[of] p2a: Moltres
|-sideend|p1: Christendom|Stealth Rock|[from] move: Mortal Spin|[of] p1a: Glimmora
|
|-damage|p2a: Moltres|80/100 psn|[from] psn
|-damage|p1a: Glimmora|7/100 brn|[from] brn
|upkeep
|turn|10
|
|t:|1760452200
|switch|p2a: Ting-Lu|Ting-Lu|100/100
|-damage|p2a: Ting-Lu|94/100|[from] Stealth Rock
|-status|p2a: Ting-Lu|psn
|-ability|p2a: Ting-Lu|Vessel of Ruin
|move|p1a: Glimmora|Meteor Beam||[still]
|-prepare|p1a: Glimmora|Meteor Beam
|-boost|p1a: Glimmora|spa|1
|-enditem|p1a: Glimmora|Power Herb
|-anim|p1a: Glimmora|Meteor Beam|p2a: Ting-Lu
|-resisted|p2a: Ting-Lu
|-damage|p2a: Ting-Lu|74/100 psn
|
|-heal|p2a: Ting-Lu|80/100 psn|[from] item: Leftovers
|-damage|p2a: Ting-Lu|68/100 psn|[from] psn
|-damage|p1a: Glimmora|0 fnt|[from] brn
|faint|p1a: Glimmora
|upkeep
|
|t:|1760452209
|switch|p1a: Ogerpon|Ogerpon-Wellspring, F|100/100
|turn|11
|
|t:|1760452214
|switch|p2a: Hydrapple|Hydrapple, M|100/100
|move|p1a: Ogerpon|Ivy Cudgel|p2a: Hydrapple|[anim] Ivy Cudgel Water
|-resisted|p2a: Hydrapple
|-crit|p2a: Hydrapple
|-damage|p2a: Hydrapple|88/100
|
|upkeep
|turn|12
|
|t:|1760452230
|move|p1a: Ogerpon|Play Rough|p2a: Hydrapple
|-supereffective|p2a: Hydrapple
|-crit|p2a: Hydrapple
|-damage|p2a: Hydrapple|24/100
|move|p2a: Hydrapple|Giga Drain|p1a: Ogerpon
|-damage|p1a: Ogerpon|61/100
|-heal|p2a: Hydrapple|38/100|[from] drain|[of] p1a: Ogerpon
|
|upkeep
|turn|13
|
|t:|1760452237
|switch|p1a: Dragapult|Dragapult, F|100/100
|switch|p2a: Moltres|Moltres|80/100 psn
|
|-damage|p2a: Moltres|68/100 psn|[from] psn
|upkeep
|turn|14
|
|t:|1760452258
|move|p1a: Dragapult|Draco Meteor|p2a: Moltres
|-crit|p2a: Moltres
|-damage|p2a: Moltres|0 fnt
|-unboost|p1a: Dragapult|spa|2
|faint|p2a: Moltres
|
|upkeep
|
|t:|1760452261
|switch|p2a: Darkrai|Darkrai, shiny|100/100
|-damage|p2a: Darkrai|88/100|[from] Stealth Rock
|-status|p2a: Darkrai|psn
|turn|15
|
|t:|1760452278
|switch|p1a: Kingambit|Kingambit, F|100/100
|-activate|p1a: Kingambit|ability: Supreme Overlord
|-start|p1a: Kingambit|fallen1|[silent]
|move|p2a: Darkrai|Knock Off|p1a: Kingambit
|-resisted|p1a: Kingambit
|-damage|p1a: Kingambit|89/100
|-enditem|p1a: Kingambit|Leftovers|[from] move: Knock Off|[of] p2a: Darkrai
|
|-damage|p2a: Darkrai|76/100 psn|[from] psn
|upkeep
|turn|16
|
|t:|1760452292
|switch|p2a: Zamazenta|Zamazenta|100/100
|-ability|p2a: Zamazenta|Dauntless Shield|boost
|-boost|p2a: Zamazenta|def|1
|move|p1a: Kingambit|Iron Head|p2a: Zamazenta
|-damage|p2a: Zamazenta|70/100
|
|upkeep
|turn|17
|
|t:|1760452307
|switch|p2a: Hydrapple|Hydrapple, M|72/100
|-end|p1a: Kingambit|fallen1|[silent]
|switch|p1a: Landorus|Landorus-Therian, M|72/100
|-ability|p1a: Landorus|Intimidate|boost
|-unboost|p2a: Hydrapple|atk|1
|
|upkeep
|turn|18
|
|t:|1760452318
|move|p1a: Landorus|U-turn|p2a: Hydrapple
|-supereffective|p2a: Hydrapple
|-damage|p2a: Hydrapple|43/100
|
|t:|1760452320
|switch|p1a: Ogerpon|Ogerpon-Wellspring, F|61/100|[from] U-turn
|move|p2a: Hydrapple|Giga Drain|p1a: Ogerpon
|-damage|p1a: Ogerpon|20/100
|-heal|p2a: Hydrapple|58/100|[from] drain|[of] p1a: Ogerpon
|
|upkeep
|turn|19
|
|t:|1760452328
|move|p1a: Ogerpon|Play Rough|p2a: Hydrapple
|-supereffective|p2a: Hydrapple
|-damage|p2a: Hydrapple|19/100
|move|p2a: Hydrapple|Giga Drain|p1a: Ogerpon
|-damage|p1a: Ogerpon|0 fnt
|-heal|p2a: Hydrapple|26/100|[from] drain|[of] p1a: Ogerpon
|faint|p1a: Ogerpon
|
|upkeep
|inactive|Christendom has 120 seconds left.
|
|t:|1760452359
|switch|p1a: Dragapult|Dragapult, F|100/100
|turn|20
|inactive|Christendom has 120 seconds left.
|inactive|bobbydeoliscool has 120 seconds left.
|
|t:|1760452396
|switch|p2a: Ting-Lu|Ting-Lu|68/100 psn
|-damage|p2a: Ting-Lu|62/100 psn|[from] Stealth Rock
|-ability|p2a: Ting-Lu|Vessel of Ruin
|move|p1a: Dragapult|Draco Meteor|p2a: Ting-Lu
|-damage|p2a: Ting-Lu|20/100 psn
|-unboost|p1a: Dragapult|spa|2
|
|-heal|p2a: Ting-Lu|27/100 psn|[from] item: Leftovers
|-damage|p2a: Ting-Lu|14/100 psn|[from] psn
|upkeep
|turn|21
|inactive|Christendom has 120 seconds left.
|inactive|bobbydeoliscool has 120 seconds left.
|
|t:|1760452403
|move|p1a: Dragapult|Draco Meteor|p2a: Ting-Lu|[miss]
|-miss|p1a: Dragapult|p2a: Ting-Lu
|move|p2a: Ting-Lu|Spikes|p1a: Dragapult
|-sidestart|p1: Christendom|Spikes
|
|-heal|p2a: Ting-Lu|20/100 psn|[from] item: Leftovers
|-damage|p2a: Ting-Lu|8/100 psn|[from] psn
|upkeep
|turn|22
|
|t:|1760452405
|move|p1a: Dragapult|Draco Meteor|p2a: Ting-Lu
|-damage|p2a: Ting-Lu|0 fnt
|-unboost|p1a: Dragapult|spa|2
|faint|p2a: Ting-Lu
|
|upkeep
|
|t:|1760452408
|switch|p2a: Darkrai|Darkrai, shiny|76/100 psn
|-damage|p2a: Darkrai|63/100 psn|[from] Stealth Rock
|turn|23
|
|t:|1760452418
|switch|p1a: Kingambit|Kingambit, F|89/100
|-damage|p1a: Kingambit|76/100|[from] Spikes
|-activate|p1a: Kingambit|ability: Supreme Overlord
|-start|p1a: Kingambit|fallen2|[silent]
|switch|p2a: Zamazenta|Zamazenta|70/100
|
|upkeep
|turn|24
|
|t:|1760452428
|-end|p1a: Kingambit|fallen2|[silent]
|switch|p1a: Landorus|Landorus-Therian, M|72/100
|-ability|p1a: Landorus|Intimidate|boost
|-unboost|p2a: Zamazenta|atk|1
|move|p2a: Zamazenta|Close Combat|p1a: Landorus
|-resisted|p1a: Landorus
|-damage|p1a: Landorus|54/100
|-unboost|p2a: Zamazenta|def|1
|-unboost|p2a: Zamazenta|spd|1
|-damage|p2a: Zamazenta|53/100|[from] item: Rocky Helmet|[of] p1a: Landorus
|
|upkeep
|turn|25
|
|t:|1760452438
|move|p2a: Zamazenta|Stone Edge|p1a: Landorus
|-damage|p1a: Landorus|33/100
|move|p1a: Landorus|U-turn|p2a: Zamazenta
|-resisted|p2a: Zamazenta
|-damage|p2a: Zamazenta|37/100
|
|t:|1760452448
|switch|p1a: Iron Valiant|Iron Valiant|100/100|[from] U-turn
|-damage|p1a: Iron Valiant|88/100|[from] Spikes
|-enditem|p1a: Iron Valiant|Booster Energy
|-activate|p1a: Iron Valiant|ability: Quark Drive|[fromitem]
|-start|p1a: Iron Valiant|quarkdrivespe
|
|upkeep
|turn|26
|
|t:|1760452469
|move|p1a: Iron Valiant|Swords Dance|p1a: Iron Valiant
|-boost|p1a: Iron Valiant|atk|2
|move|p2a: Zamazenta|Heavy Slam|p1a: Iron Valiant
|-supereffective|p1a: Iron Valiant
|-damage|p1a: Iron Valiant|26/100
|
|upkeep
|turn|27
|
|t:|1760452476
|move|p1a: Iron Valiant|Spirit Break|p2a: Zamazenta
|-supereffective|p2a: Zamazenta
|-damage|p2a: Zamazenta|0 fnt
|faint|p2a: Zamazenta
|
|upkeep
|
|t:|1760452481
|switch|p2a: Hydrapple|Hydrapple, M|60/100
|turn|28
|
|t:|1760452487
|-terastallize|p2a: Hydrapple|Poison
|move|p1a: Iron Valiant|Knock Off|p2a: Hydrapple
|-damage|p2a: Hydrapple|20/100
|-enditem|p2a: Hydrapple|Heavy-Duty Boots|[from] move: Knock Off|[of] p1a: Iron Valiant
|move|p2a: Hydrapple|Giga Drain|p1a: Iron Valiant
|-damage|p1a: Iron Valiant|0 fnt
|-heal|p2a: Hydrapple|29/100|[from] drain|[of] p1a: Iron Valiant
|faint|p1a: Iron Valiant
|-end|p1a: Iron Valiant|Quark Drive|[silent]
|
|upkeep
|
|t:|1760452492
|switch|p1a: Landorus|Landorus-Therian, M|33/100
|-ability|p1a: Landorus|Intimidate|boost
|-unboost|p2a: Hydrapple|atk|1
|turn|29
|
|t:|1760452495
|switch|p2a: Darkrai|Darkrai, shiny|63/100 psn
|-damage|p2a: Darkrai|51/100 psn|[from] Stealth Rock
|move|p1a: Landorus|Earthquake|p2a: Darkrai
|-damage|p2a: Darkrai|0 fnt
|faint|p2a: Darkrai
|
|upkeep
|
|t:|1760452497
|switch|p2a: Hydrapple|Hydrapple, M, tera:Poison|63/100
|-damage|p2a: Hydrapple|50/100|[from] Stealth Rock
|-sideend|p2: bobbydeoliscool|move: Toxic Spikes|[of] p2a: Hydrapple
|turn|30
|
|t:|1760452499
|move|p1a: Landorus|Earthquake|p2a: Hydrapple
|-supereffective|p2a: Hydrapple
|-damage|p2a: Hydrapple|0 fnt
|faint|p2a: Hydrapple
|
|win|Christendom
|raw|Christendom's rating: 1542 &rarr; <strong>1561</strong><br />(+19 for winning)
|raw|bobbydeoliscool's rating: 1527 &rarr; <strong>1508</strong><br />(-19 for losing)
|l|☆bobbydeoliscool
|player|p2|
|l|☆Christendom
|player|p1|
