|j|☆SillyScallop
|j|☆Whisperclawpossger
|t:|1760389091
|gametype|singles
|player|p1|SillyScallop|maid|1551
|player|p2|Whisperclawpossger|palmer|1603
|gen|9
|tier|[Gen 9] OU
|rated|
|rule|HP Percentage Mod: HP is shown in percentages
|rule|Endless Battle Clause: Forcing endless battles is banned
|rule|Species Clause: Limit one of each Pokémon
|rule|OHKO Clause: OHKO moves are banned
|rule|Evasion Items Clause: Evasion items are banned
|rule|Evasion Moves Clause: Evasion moves are banned
|rule|Evasion Abilities Clause: Evasion abilities are banned
|rule|Sleep Moves Clause: Sleep-inducing moves are banned
|clearpoke
|poke|p1|Hydrapple, M|
|poke|p1|Skarmory, M|
|poke|p1|Tyranitar, M|
|poke|p1|Alomomola, F|
|poke|p1|Clodsire, M|
|poke|p1|Clefable, M|
|poke|p2|Tyranitar, F|
|poke|p2|Houndstone, F|
|poke|p2|Excadrill, F|
|poke|p2|Hydrapple, F|
|poke|p2|Gliscor, F|
|poke|p2|Iron Crown|
|teampreview
|
|t:|1760389111
|teamsize|p1|6
|teamsize|p2|6
|start
|switch|p1a: Clefable|Clefable, M|100/100
|switch|p2a: Tyranitar|Tyranitar, F|100/100
|-weather|Sandstorm|[from] ability: Sand Stream|[of] p2a: Tyranitar
|turn|1
|inactive|Battle timer is ON: inactive players will automatically lose when time's up. (requested by SillyScallop)
|
|t:|1760389119
|move|p2a: Tyranitar|Stealth Rock|p1a: Clefable
|-sidestart|p1: SillyScallop|move: Stealth Rock
|move|p1a: Clefable|Knock Off|p2a: Tyranitar
|-resisted|p2a: Tyranitar
|-damage|p2a: Tyranitar|94/100
|-enditem|p2a: Tyranitar|Smooth Rock|[from] move: Knock Off|[of] p1a: Clefable
|
|-weather|Sandstorm|[upkeep]
|upkeep
|turn|2
|
|t:|1760389125
|move|p2a: Tyranitar|Knock Off|p1a: Clefable
|-resisted|p1a: Clefable
|-damage|p1a: Clefable|83/100
|move|p1a: Clefable|Moonblast|p2a: Tyranitar
|-supereffective|p2a: Tyranitar
|-damage|p2a: Tyranitar|55/100
|
|-weather|Sandstorm|[upkeep]
|-damage|p2a: Tyranitar|43/100|[from] item: Sticky Barb
|upkeep
|turn|3
|
|t:|1760389137
|switch|p2a: Iron Crown|Iron Crown|100/100
|move|p1a: Clefable|Moonblast|p2a: Iron Crown
|-resisted|p2a: Iron Crown
|-damage|p2a: Iron Crown|90/100
|
|-weather|Sandstorm|[upkeep]
|upkeep
|turn|4
|
|t:|1760389147
|switch|p1a: Clodsire|Clodsire, M|100/100
|move|p2a: Iron Crown|Psychic Noise|p1a: Clodsire
|-supereffective|p1a: Clodsire
|-damage|p1a: Clodsire|47/100
|-start|p1a: Clodsire|move: Heal Block
|
|-weather|Sandstorm|[upkeep]
|upkeep
|turn|5
|
|t:|1760389176
|switch|p1a: Tyranitar|Tyranitar, M|100/100
|move|p2a: Iron Crown|Psychic Noise|p1a: Tyranitar
|-immune|p1a: Tyranitar
|
|-weather|Sandstorm|[upkeep]
|upkeep
|turn|6
|
|t:|1760389191
|-end|p2a: Iron Crown|Quark Drive|[silent]
|switch|p2a: Hydrapple|Hydrapple, F|100/100
|move|p1a: Tyranitar|Knock Off|p2a: Hydrapple
|-damage|p2a: Hydrapple|74/100
|-damage|p1a: Tyranitar|84/100|[from] item: Rocky Helmet|[of] p2a: Hydrapple
|-enditem|p2a: Hydrapple|Rocky Helmet|[from] move: Knock Off|[of] p1a: Tyranitar
|
|-weather|Sandstorm|[upkeep]
|-damage|p2a: Hydrapple|68/100|[from] Sandstorm
|upkeep
|turn|7
|
|t:|1760389203
|move|p1a: Tyranitar|Ice Beam|p2a: Hydrapple
|-supereffective|p2a: Hydrapple
|-damage|p2a: Hydrapple|0 fnt
|faint|p2a: Hydrapple
|
|-weather|Sandstorm|[upkeep]
|upkeep
|
|t:|1760389209
|switch|p2a: Excadrill|Excadrill, F|100/100
|-item|p2a: Excadrill|Air Balloon
|turn|8
|
|t:|1760389216
|switch|p1a: Skarmory|Skarmory, M|100/100
|-damage|p1a: Skarmory|88/100|[from] Stealth Rock
|move|p2a: Excadrill|Swords Dance|p2a: Excadrill
|-boost|p2a: Excadrill|atk|2
|
|-weather|none
|upkeep
|turn|9
|
|t:|1760389226
|-terastallize|p2a: Excadrill|Ghost
|move|p2a: Excadrill|Swords Dance|p2a: Excadrill
|-boost|p2a: Excadrill|atk|2
|move|p1a: Skarmory|Iron Defense|p1a: Skarmory
|-boost|p1a: Skarmory|def|2
|
|upkeep
|turn|10
|
|t:|1760389234
|move|p2a: Excadrill|Iron Head|p1a: Skarmory
|-resisted|p1a: Skarmory
|-damage|p1a: Skarmory|68/100
|-damage|p2a: Excadrill|84/100|[from] item: Rocky Helmet|[of] p1a: Skarmory
|cant|p1a: Skarmory|flinch
|
|upkeep
|turn|11
|
|t:|1760389240
|switch|p2a: Tyranitar|Tyranitar, F|43/100
|-weather|Sandstorm|[from] ability: Sand Stream|[of] p2a: Tyranitar
|move|p1a: Skarmory|Iron Defense|p1a: Skarmory
|-boost|p1a: Skarmory|def|2
|
|-weather|Sandstorm|[upkeep]
|-damage|p2a: Tyranitar|30/100|[from] item: Sticky Barb
|upkeep
|turn|12
|
|t:|1760389249
|move|p1a: Skarmory|Body Press|p2a: Tyranitar
|-supereffective|p2a: Tyranitar
|-damage|p2a: Tyranitar|0 fnt
|faint|p2a: Tyranitar
|
|-weather|Sandstorm|[upkeep]
|upkeep
|
|t:|1760389254
|switch|p2a: Iron Crown|Iron Crown|90/100
|turn|13
|
|t:|1760389262
|switch|p1a: Hydrapple|Hydrapple, M|100/100
|move|p2a: Iron Crown|Volt Switch|p1a: Hydrapple
|-resisted|p1a: Hydrapple
|-damage|p1a: Hydrapple|95/100
|
|t:|1760389268
|-end|p2a: Iron Crown|Quark Drive|[silent]
|switch|p2a: Gliscor|Gliscor, F, shiny|100/100|[from] Volt Switch
|
|-weather|Sandstorm|[upkeep]
|-damage|p1a: Hydrapple|89/100|[from] Sandstorm
|-status|p2a: Gliscor|tox|[from] item: Toxic Orb
|upkeep
|turn|14
|
|t:|1760389275
|switch|p1a: Skarmory|Skarmory, M|68/100
|-damage|p1a: Skarmory|56/100|[from] Stealth Rock
|move|p2a: Gliscor|Toxic|p1a: Skarmory
|-immune|p1a: Skarmory
|
|-weather|Sandstorm|[upkeep]
|upkeep
|turn|15
|
|t:|1760389282
|switch|p2a: Houndstone|Houndstone, F|100/100
|move|p1a: Skarmory|Roost|p1a: Skarmory
|-heal|p1a: Skarmory|100/100
|-singleturn|p1a: Skarmory|move: Roost
|
|-weather|none
|upkeep
|turn|16
|
|t:|1760389289
|move|p2a: Houndstone|Will-O-Wisp|p1a: Skarmory
|-status|p1a: Skarmory|brn
|move|p1a: Skarmory|Spikes|p2a: Houndstone
|-sidestart|p2: Whisperclawpossger|Spikes
|
|-damage|p1a: Skarmory|95/100 brn|[from] brn
|upkeep
|turn|17
|
|t:|1760389302
|switch|p2a: Iron Crown|Iron Crown|90/100
|-damage|p2a: Iron Crown|77/100|[from] Spikes
|move|p1a: Skarmory|Spikes|p2a: Iron Crown
|-sidestart|p2: Whisperclawpossger|Spikes
|
|-damage|p1a: Skarmory|89/100 brn|[from] brn
|upkeep
|turn|18
|
|t:|1760389312
|switch|p1a: Hydrapple|Hydrapple, M|100/100
|move|p2a: Iron Crown|Psychic Noise|p1a: Hydrapple
|-damage|p1a: Hydrapple|63/100
|-start|p1a: Hydrapple|move: Heal Block
|
|upkeep
|turn|19
|
|t:|1760389323
|move|p2a: Iron Crown|Tachyon Cutter|p1a: Hydrapple
|-damage|p1a: Hydrapple|39/100
|-damage|p1a: Hydrapple|13/100
|-hitcount|p1a: Hydrapple|2
|move|p1a: Hydrapple|Earth Power|p2a: Iron Crown
|-supereffective|p2a: Iron Crown
|-damage|p2a: Iron Crown|43/100
|
|-end|p1a: Hydrapple|move: Heal Block
|upkeep
|turn|20
|
|t:|1760389336
|switch|p1a: Alomomola|Alomomola, F, shiny|100/100
|move|p2a: Iron Crown|Tachyon Cutter|p1a: Alomomola
|-resisted|p1a: Alomomola
|-damage|p1a: Alomomola|88/100
|-resisted|p1a: Alomomola
|-damage|p1a: Alomomola|77/100
|-hitcount|p1a: Alomomola|2
|
|upkeep
|turn|21
|
|t:|1760389343
|move|p2a: Iron Crown|Psychic Noise|p1a: Alomomola
|-damage|p1a: Alomomola|41/100
|-start|p1a: Alomomola|move: Heal Block
|move|p1a: Alomomola|Flip Turn|p2a: Iron Crown
|-damage|p2a: Iron Crown|26/100
|
|t:|1760389356
|switch|p1a: Clefable|Clefable, M|83/100|[from] Flip Turn
|
|upkeep
|turn|22
|
|t:|1760389370
|-terastallize|p1a: Clefable|Water
|move|p2a: Iron Crown|Tachyon Cutter|p1a: Clefable
|-resisted|p1a: Clefable
|-damage|p1a: Clefable|72/100
|-resisted|p1a: Clefable
|-damage|p1a: Clefable|61/100
|-hitcount|p1a: Clefable|2
|move|p1a: Clefable|Knock Off|p2a: Iron Crown
|-supereffective|p2a: Iron Crown
|-damage|p2a: Iron Crown|0 fnt
|-enditem|p2a: Iron Crown|Assault Vest|[from] move: Knock Off|[of] p1a: Clefable
|faint|p2a: Iron Crown
|-end|p2a: Iron Crown|Quark Drive|[silent]
|
|upkeep
|
|t:|1760389382
|switch|p2a: Excadrill|Excadrill, F, tera:Ghost|84/100
|-item|p2a: Excadrill|Air Balloon
|turn|23
|
|t:|1760389387
|move|p2a: Excadrill|Swords Dance|p2a: Excadrill
|-boost|p2a: Excadrill|atk|2
|move|p1a: Clefable|Knock Off|p2a: Excadrill
|-supereffective|p2a: Excadrill
|-damage|p2a: Excadrill|42/100
|-enditem|p2a: Excadrill|Air Balloon
|
|upkeep
|turn|24
|
|t:|1760389395
|switch|p1a: Hydrapple|Hydrapple, M|47/100
|move|p2a: Excadrill|Rapid Spin|p1a: Hydrapple
|-damage|p1a: Hydrapple|23/100
|-boost|p2a: Excadrill|spe|1
|-sideend|p2: Whisperclawpossger|Spikes|[from] move: Rapid Spin|[of] p2a: Excadrill
|
|upkeep
|turn|25
|
|t:|1760389403
|switch|p1a: Skarmory|Skarmory, M|89/100 brn
|-damage|p1a: Skarmory|76/100 brn|[from] Stealth Rock
|move|p2a: Excadrill|Iron Head|p1a: Skarmory
|-resisted|p1a: Skarmory
|-damage|p1a: Skarmory|48/100 brn
|-damage|p2a: Excadrill|26/100|[from] item: Rocky Helmet|[of] p1a: Skarmory
|
|-damage|p1a: Skarmory|42/100 brn|[from] brn
|upkeep
|turn|26
|
|t:|1760389416
|move|p2a: Excadrill|Swords Dance|p2a: Excadrill
|-boost|p2a: Excadrill|atk|2
|move|p1a: Skarmory|Roost|p1a: Skarmory
|-heal|p1a: Skarmory|92/100 brn
|-singleturn|p1a: Skarmory|move: Roost
|
|-damage|p1a: Skarmory|86/100 brn|[from] brn
|upkeep
|turn|27
|
|t:|1760389423
|move|p2a: Excadrill|Swords Dance|p2a: Excadrill
|-boost|p2a: Excadrill|atk|2
|move|p1a: Skarmory|Iron Defense|p1a: Skarmory
|-boost|p1a: Skarmory|def|2
|
|-damage|p1a: Skarmory|80/100 brn|[from] brn
|upkeep
|turn|28
|
|t:|1760389430
|move|p2a: Excadrill|Iron Head|p1a: Skarmory
|-resisted|p1a: Skarmory
|-damage|p1a: Skarmory|53/100 brn
|-damage|p2a: Excadrill|9/100|[from] item: Rocky Helmet|[of] p1a: Skarmory
|move|p1a: Skarmory|Iron Defense|p1a: Skarmory
|-boost|p1a: Skarmory|def|2
|
|-damage|p1a: Skarmory|47/100 brn|[from] brn
|upkeep
|turn|29
|
|t:|1760389439
|move|p2a: Excadrill|Iron Head|p1a: Skarmory
|-resisted|p1a: Skarmory
|-damage|p1a: Skarmory|29/100 brn
|-damage|p2a: Excadrill|0 fnt|[from] item: Rocky Helmet|[of] p1a: Skarmory
|faint|p2a: Excadrill
|move|p1a: Skarmory|Roost|p1a: Skarmory
|-heal|p1a: Skarmory|79/100 brn
|-singleturn|p1a: Skarmory|move: Roost
|
|-damage|p1a: Skarmory|73/100 brn|[from] brn
|upkeep
|
|t:|1760389449
|switch|p2a: Houndstone|Houndstone, F|100/100
|turn|30
|
|t:|1760389457
|switch|p1a: Tyranitar|Tyranitar, M|84/100
|-weather|Sandstorm|[from] ability: Sand Stream|[of] p1a: Tyranitar
|move|p2a: Houndstone|Body Press|p1a: Tyranitar
|-supereffective|p1a: Tyranitar
|-damage|p1a: Tyranitar|19/100
|
|-weather|Sandstorm|[upkeep]
|upkeep
|turn|31
|
|t:|1760389466
|switch|p1a: Clodsire|Clodsire, M|47/100
|move|p2a: Houndstone|Body Press|p1a: Clodsire
|-resisted|p1a: Clodsire
|-damage|p1a: Clodsire|39/100
|
|-weather|Sandstorm|[upkeep]
|upkeep
|turn|32
|
|t:|1760389473
|move|p2a: Houndstone|Poltergeist|p1a: Clodsire
|-activate|p1a: Clodsire|move: Poltergeist|Heavy-Duty Boots
|-damage|p1a: Clodsire|0 fnt
|faint|p1a: Clodsire
|
|-weather|Sandstorm|[upkeep]
|upkeep
|
|t:|1760389487
|switch|p1a: Alomomola|Alomomola, F, shiny|74/100
|turn|33
|
|t:|1760389493
|switch|p2a: Gliscor|Gliscor, F, shiny|100/100 tox
|move|p1a: Alomomola|Wish|p1a: Alomomola
|
|-weather|Sandstorm|[upkeep]
|-damage|p1a: Alomomola|68/100|[from] Sandstorm
|upkeep
|turn|34
|
|t:|1760389499
|move|p2a: Gliscor|Toxic|p1a: Alomomola
|-status|p1a: Alomomola|tox
|move|p1a: Alomomola|Flip Turn|p2a: Gliscor
|-supereffective|p2a: Gliscor
|-damage|p2a: Gliscor|78/100 tox
|
|t:|1760389504
|switch|p1a: Tyranitar|Tyranitar, M|19/100|[from] Flip Turn
|
|-weather|none
|-heal|p1a: Tyranitar|77/100|[from] move: Wish|[wisher] Alomomola
|-heal|p2a: Gliscor|91/100 tox|[from] ability: Poison Heal
|upkeep
|turn|35
|
|t:|1760389515
|move|p2a: Gliscor|Protect|p2a: Gliscor
|-singleturn|p2a: Gliscor|Protect
|move|p1a: Tyranitar|Ice Beam|p2a: Gliscor
|-activate|p2a: Gliscor|move: Protect
|
|-heal|p2a: Gliscor|100/100 tox|[from] ability: Poison Heal
|upkeep
|turn|36
|
|t:|1760389522
|switch|p2a: Houndstone|Houndstone, F|100/100
|move|p1a: Tyranitar|Knock Off|p2a: Houndstone
|-supereffective|p2a: Houndstone
|-damage|p2a: Houndstone|13/100
|-enditem|p2a: Houndstone|Spell Tag|[from] move: Knock Off|[of] p1a: Tyranitar
|
|upkeep
|turn|37
|
|t:|1760389534
|switch|p1a: Skarmory|Skarmory, M|73/100 brn
|-damage|p1a: Skarmory|60/100 brn|[from] Stealth Rock
|move|p2a: Houndstone|Body Press|p1a: Skarmory
|-damage|p1a: Skarmory|48/100 brn
|-damage|p2a: Houndstone|0 fnt|[from] item: Rocky Helmet|[of] p1a: Skarmory
|faint|p2a: Houndstone
|
|-damage|p1a: Skarmory|42/100 brn|[from] brn
|upkeep
|c|☆Whisperclawpossger|gg
|-message|Whisperclawpossger forfeited.
|
|win|SillyScallop
|raw|SillyScallop's rating: 1551 &rarr; <strong>1574</strong><br />(+23 for winning)
|raw|Whisperclawpossger's rating: 1603 &rarr; <strong>1580</strong><br />(-23 for losing)
