|j|☆Certified Rock
|j|☆LionX_Pro
|t:|1760348240
|gametype|singles
|player|p1|Certified Rock|266|1187
|player|p2|LionX_Pro|steven|1160
|gen|9
|tier|[Gen 9] OU
|rated|
|rule|HP Percentage Mod: HP is shown in percentages
|rule|Endless Battle Clause: Forcing endless battles is banned
|rule|Species Clause: Limit one of each Pokémon
|rule|OHKO Clause: OHKO moves are banned
|rule|Evasion Items Clause: Evasion items are banned
|rule|Evasion Moves Clause: Evasion moves are banned
|rule|Evasion Abilities Clause: Evasion abilities are banned
|rule|Sleep Moves Clause: Sleep-inducing moves are banned
|clearpoke
|poke|p1|Deoxys-Speed|
|poke|p1|Blaziken, M|
|poke|p1|Zamazenta-*|
|poke|p1|Gholdengo|
|poke|p1|Kyurem|
|poke|p1|Moltres-Galar|
|poke|p2|Shiftry, M|
|poke|p2|Glimmora, F|
|poke|p2|Incineroar, F|
|poke|p2|Gliscor, F|
|poke|p2|Great Tusk|
|poke|p2|Garganacl, M|
|teampreview
|inactive|Battle timer is ON: inactive players will automatically lose when time's up. (requested by Certified Rock)
|
|t:|1760348252
|teamsize|p1|6
|teamsize|p2|6
|start
|switch|p1a: Deoxys|Deoxys-Speed|100/100
|switch|p2a: Shiftry|Shiftry, M|100/100
|-ability|p1a: Deoxys|Pressure
|turn|1
|
|t:|1760348255
|move|p1a: Deoxys|Reflect|p1a: Deoxys
|-sidestart|p1: Certified Rock|Reflect
|move|p2a: Shiftry|Tailwind|p2a: Shiftry
|-sidestart|p2: LionX_Pro|move: Tailwind
|-ability|p2a: Shiftry|Wind Rider|boost
|-boost|p2a: Shiftry|atk|1
|
|upkeep
|turn|2
|
|t:|1760348263
|switch|p1a: Zamazenta|Zamazenta|100/100
|-ability|p1a: Zamazenta|Dauntless Shield|boost
|-boost|p1a: Zamazenta|def|1
|move|p2a: Shiftry|Knock Off|p1a: Zamazenta
|-resisted|p1a: Zamazenta
|-crit|p1a: Zamazenta
|-damage|p1a: Zamazenta|63/100
|-enditem|p1a: Zamazenta|Leftovers|[from] move: Knock Off|[of] p2a: Shiftry
|
|upkeep
|turn|3
|
|t:|1760348272
|move|p2a: Shiftry|Knock Off|p1a: Zamazenta
|-resisted|p1a: Zamazenta
|-damage|p1a: Zamazenta|57/100
|move|p1a: Zamazenta|Iron Defense|p1a: Zamazenta
|-boost|p1a: Zamazenta|def|2
|
|upkeep
|turn|4
|
|t:|1760348287
|move|p2a: Shiftry|Knock Off|p1a: Zamazenta
|-resisted|p1a: Zamazenta
|-damage|p1a: Zamazenta|54/100
|move|p1a: Zamazenta|Body Press|p2a: Shiftry
|-supereffective|p2a: Shiftry
|-enditem|p2a: Shiftry|Focus Sash
|-damage|p2a: Shiftry|1/100
|
|-sideend|p2: LionX_Pro|move: Tailwind
|upkeep
|turn|5
|
|t:|1760348295
|move|p1a: Zamazenta|Iron Defense|p1a: Zamazenta
|-boost|p1a: Zamazenta|def|2
|move|p2a: Shiftry|Endeavor|p1a: Zamazenta
|-damage|p1a: Zamazenta|1/100
|
|upkeep
|turn|6
|
|t:|1760348303
|move|p2a: Shiftry|Sucker Punch|p1a: Zamazenta
|-resisted|p1a: Zamazenta
|-damage|p1a: Zamazenta|0 fnt
|faint|p1a: Zamazenta
|
|upkeep
|
|t:|1760348313
|switch|p1a: Deoxys|Deoxys-Speed|100/100
|-ability|p1a: Deoxys|Pressure
|turn|7
|
|t:|1760348317
|move|p1a: Deoxys|Taunt|p2a: Shiftry
|-start|p2a: Shiftry|move: Taunt
|cant|p2a: Shiftry|move: Taunt|Tailwind
|
|upkeep
|turn|8
|
|t:|1760348319
|move|p1a: Deoxys|Light Screen|p1a: Deoxys
|-sidestart|p1: Certified Rock|move: Light Screen
|move|p2a: Shiftry|Knock Off|p1a: Deoxys
|-supereffective|p1a: Deoxys
|-damage|p1a: Deoxys|9/100
|-enditem|p1a: Deoxys|Light Clay|[from] move: Knock Off|[of] p2a: Shiftry
|
|-sideend|p1: Certified Rock|Reflect
|upkeep
|turn|9
|
|t:|1760348327
|move|p2a: Shiftry|Sucker Punch||[still]
|-fail|p2a: Shiftry
|move|p1a: Deoxys|Reflect|p1a: Deoxys
|-sidestart|p1: Certified Rock|Reflect
|
|-end|p2a: Shiftry|move: Taunt
|upkeep
|turn|10
|
|t:|1760348330
|move|p2a: Shiftry|Sucker Punch||[still]
|-fail|p2a: Shiftry
|move|p1a: Deoxys|Stealth Rock|p2a: Shiftry
|-sidestart|p2: LionX_Pro|move: Stealth Rock
|
|upkeep
|turn|11
|
|t:|1760348335
|move|p1a: Deoxys|Taunt|p2a: Shiftry
|-start|p2a: Shiftry|move: Taunt
|move|p2a: Shiftry|Knock Off|p1a: Deoxys
|-supereffective|p1a: Deoxys
|-damage|p1a: Deoxys|0 fnt
|faint|p1a: Deoxys
|
|upkeep
|
|t:|1760348339
|switch|p1a: Blaziken|Blaziken, M|100/100
|turn|12
|
|t:|1760348343
|move|p1a: Blaziken|Swords Dance|p1a: Blaziken
|-boost|p1a: Blaziken|atk|2
|move|p2a: Shiftry|Endeavor|p1a: Blaziken
|-damage|p1a: Blaziken|1/100
|
|-ability|p1a: Blaziken|Speed Boost|boost
|-boost|p1a: Blaziken|spe|1
|upkeep
|turn|13
|
|t:|1760348353
|move|p2a: Shiftry|Sucker Punch||[still]
|-fail|p2a: Shiftry
|move|p1a: Blaziken|Swords Dance|p1a: Blaziken
|-boost|p1a: Blaziken|atk|2
|
|-end|p2a: Shiftry|move: Taunt
|-sideend|p1: Certified Rock|Reflect
|-ability|p1a: Blaziken|Speed Boost|boost
|-boost|p1a: Blaziken|spe|1
|upkeep
|turn|14
|
|t:|1760348355
|move|p1a: Blaziken|Swords Dance|p1a: Blaziken
|-boost|p1a: Blaziken|atk|2
|move|p2a: Shiftry|Tailwind|p2a: Shiftry
|-sidestart|p2: LionX_Pro|move: Tailwind
|-ability|p2a: Shiftry|Wind Rider|boost
|-boost|p2a: Shiftry|atk|1
|
|-ability|p1a: Blaziken|Speed Boost|boost
|-boost|p1a: Blaziken|spe|1
|upkeep
|turn|15
|
|t:|1760348361
|move|p1a: Blaziken|Protect|p1a: Blaziken
|-singleturn|p1a: Blaziken|Protect
|move|p2a: Shiftry|Sucker Punch||[still]
|-fail|p2a: Shiftry
|
|-sideend|p1: Certified Rock|move: Light Screen
|-ability|p1a: Blaziken|Speed Boost|boost
|-boost|p1a: Blaziken|spe|1
|upkeep
|turn|16
|
|t:|1760348364
|move|p1a: Blaziken|Swords Dance|p1a: Blaziken
|-boost|p1a: Blaziken|atk|0
|move|p2a: Shiftry|Knock Off|p1a: Blaziken
|-resisted|p1a: Blaziken
|-damage|p1a: Blaziken|0 fnt
|-enditem|p1a: Blaziken|Life Orb|[from] move: Knock Off|[of] p2a: Shiftry
|faint|p1a: Blaziken
|
|upkeep
|
|t:|1760348371
|switch|p1a: Gholdengo|Gholdengo|100/100
|-item|p1a: Gholdengo|Air Balloon
|turn|17
|
|t:|1760348376
|move|p2a: Shiftry|Knock Off|p1a: Gholdengo
|-supereffective|p1a: Gholdengo
|-damage|p1a: Gholdengo|0 fnt
|-enditem|p1a: Gholdengo|Air Balloon
|faint|p1a: Gholdengo
|
|-sideend|p2: LionX_Pro|move: Tailwind
|upkeep
|-message|Certified Rock forfeited.
|
|win|LionX_Pro
|raw|Certified Rock's rating: 1187 &rarr; <strong>1160</strong><br />(-27 for losing)
|raw|LionX_Pro's rating: 1160 &rarr; <strong>1187</strong><br />(+27 for winning)
|l|☆Certified Rock
|player|p1|
