|j|☆big monkey stall
|j|☆ns_arkana
|t:|1760386748
|gametype|singles
|player|p1|big monkey stall|morty-masters|1589
|player|p2|ns_arkana|101|1620
|gen|9
|tier|[Gen 9] OU
|rated|
|rule|HP Percentage Mod: HP is shown in percentages
|rule|Endless Battle Clause: Forcing endless battles is banned
|rule|Species Clause: Limit one of each Pokémon
|rule|OHKO Clause: OHKO moves are banned
|rule|Evasion Items Clause: Evasion items are banned
|rule|Evasion Moves Clause: Evasion moves are banned
|rule|Evasion Abilities Clause: Evasion abilities are banned
|rule|Sleep Moves Clause: Sleep-inducing moves are banned
|clearpoke
|poke|p1|Garganacl, M|
|poke|p1|Great Tusk|
|poke|p1|Chesnaught, M|
|poke|p1|Dragapult, M|
|poke|p1|Moltres|
|poke|p1|Kingambit, M|
|poke|p2|Dragapult, M|
|poke|p2|Slowking-Galar, M|
|poke|p2|Corviknight, F|
|poke|p2|Great Tusk|
|poke|p2|Iron Valiant|
|poke|p2|Darkrai|
|teampreview
|inactive|Battle timer is ON: inactive players will automatically lose when time's up. (requested by big monkey stall)
|
|t:|1760386770
|teamsize|p1|6
|teamsize|p2|6
|start
|switch|p1a: Garganacl|Garganacl, M|100/100
|switch|p2a: Dragapult|Dragapult, M|100/100
|turn|1
|
|t:|1760386774
|move|p1a: Garganacl|Protect|p1a: Garganacl
|-singleturn|p1a: Garganacl|Protect
|move|p2a: Dragapult|Draco Meteor|p1a: Garganacl
|-activate|p1a: Garganacl|move: Protect
|
|upkeep
|turn|2
|
|t:|1760386785
|move|p2a: Dragapult|Draco Meteor|p1a: Garganacl
|-damage|p1a: Garganacl|49/100
|-unboost|p2a: Dragapult|spa|2
|move|p1a: Garganacl|Stealth Rock|p2a: Dragapult
|-sidestart|p2: ns_arkana|move: Stealth Rock
|
|-heal|p1a: Garganacl|55/100|[from] item: Leftovers
|upkeep
|turn|3
|
|t:|1760386792
|switch|p2a: Iron Valiant|Iron Valiant|100/100
|-damage|p2a: Iron Valiant|94/100|[from] Stealth Rock
|-enditem|p2a: Iron Valiant|Booster Energy
|-activate|p2a: Iron Valiant|ability: Quark Drive|[fromitem]
|-start|p2a: Iron Valiant|quarkdrivespe
|move|p1a: Garganacl|Salt Cure|p2a: Iron Valiant
|-resisted|p2a: Iron Valiant
|-damage|p2a: Iron Valiant|85/100
|-start|p2a: Iron Valiant|Salt Cure
|
|-heal|p1a: Garganacl|62/100|[from] item: Leftovers
|-damage|p2a: Iron Valiant|72/100|[from] Salt Cure
|upkeep
|turn|4
|
|t:|1760386809
|-end|p2a: Iron Valiant|Quark Drive|[silent]
|switch|p2a: Slowking|Slowking-Galar, M|100/100
|move|p1a: Garganacl|Protect||[still]
|-fail|p1a: Garganacl
|
|-heal|p1a: Garganacl|68/100|[from] item: Leftovers
|upkeep
|turn|5
|
|t:|1760386812
|move|p1a: Garganacl|Salt Cure|p2a: Slowking
|-damage|p2a: Slowking|86/100
|-start|p2a: Slowking|Salt Cure
|move|p2a: Slowking|Future Sight|p1a: Garganacl
|-start|p2a: Slowking|move: Future Sight
|
|-heal|p1a: Garganacl|74/100|[from] item: Leftovers
|-damage|p2a: Slowking|73/100|[from] Salt Cure
|upkeep
|turn|6
|
|t:|1760386815
|move|p1a: Garganacl|Recover|p1a: Garganacl
|-heal|p1a: Garganacl|100/100
|-prepare|p2a: Slowking|Chilly Reception|[premajor]
|move|p2a: Slowking|Chilly Reception|p2a: Slowking
|-weather|Snowscape
|
|t:|1760386819
|switch|p2a: Great Tusk|Great Tusk|100/100|[from] Chilly Reception
|
|-weather|Snowscape|[upkeep]
|upkeep
|turn|7
|
|t:|1760386823
|move|p1a: Garganacl|Protect|p1a: Garganacl
|-singleturn|p1a: Garganacl|Protect
|move|p2a: Great Tusk|Headlong Rush|p1a: Garganacl
|-activate|p1a: Garganacl|move: Protect
|
|-weather|Snowscape|[upkeep]
|-end|p1a: Garganacl|move: Future Sight
|-damage|p1a: Garganacl|73/100
|-heal|p1a: Garganacl|79/100|[from] item: Leftovers
|upkeep
|turn|8
|
|t:|1760386832
|switch|p1a: Chesnaught|Chesnaught, M|100/100
|move|p2a: Great Tusk|Stealth Rock|p1a: Chesnaught
|-sidestart|p1: big monkey stall|move: Stealth Rock
|
|-weather|Snowscape|[upkeep]
|upkeep
|turn|9
|
|t:|1760386840
|move|p2a: Great Tusk|Rapid Spin|p1a: Chesnaught
|-damage|p1a: Chesnaught|91/100
|-boost|p2a: Great Tusk|spe|1
|-damage|p2a: Great Tusk|84/100|[from] item: Rocky Helmet|[of] p1a: Chesnaught
|-sideend|p2: ns_arkana|Stealth Rock|[from] move: Rapid Spin|[of] p2a: Great Tusk
|move|p1a: Chesnaught|Spikes|p2a: Great Tusk
|-sidestart|p2: ns_arkana|Spikes
|
|-weather|Snowscape|[upkeep]
|upkeep
|turn|10
|
|t:|1760386851
|-end|p2a: Great Tusk|Protosynthesis|[silent]
|switch|p2a: Iron Valiant|Iron Valiant|72/100
|-damage|p2a: Iron Valiant|60/100|[from] Spikes
|move|p1a: Chesnaught|Spikes|p2a: Iron Valiant
|-sidestart|p2: ns_arkana|Spikes
|
|-weather|none
|upkeep
|turn|11
|
|t:|1760386858
|switch|p1a: Moltres|Moltres|100/100
|move|p2a: Iron Valiant|Moonblast|p1a: Moltres
|-resisted|p1a: Moltres
|-damage|p1a: Moltres|85/100
|
|upkeep
|turn|12
|
|t:|1760386865
|move|p2a: Iron Valiant|Knock Off|p1a: Moltres
|-damage|p1a: Moltres|58/100
|-enditem|p1a: Moltres|Heavy-Duty Boots|[from] move: Knock Off|[of] p2a: Iron Valiant
|move|p1a: Moltres|Flamethrower|p2a: Iron Valiant
|-damage|p2a: Iron Valiant|0 fnt
|faint|p2a: Iron Valiant
|-end|p2a: Iron Valiant|Quark Drive|[silent]
|
|upkeep
|
|t:|1760386881
|switch|p2a: Slowking|Slowking-Galar, M|100/100
|turn|13
|
|t:|1760386888
|move|p1a: Moltres|Roost|p1a: Moltres
|-heal|p1a: Moltres|100/100
|-singleturn|p1a: Moltres|move: Roost
|move|p2a: Slowking|Ice Beam|p1a: Moltres
|-resisted|p1a: Moltres
|-damage|p1a: Moltres|93/100
|
|upkeep
|turn|14
|
|t:|1760386890
|move|p1a: Moltres|U-turn|p2a: Slowking
|-damage|p2a: Slowking|86/100
|
|t:|1760386907
|switch|p1a: Great Tusk|Great Tusk|100/100|[from] U-turn
|move|p2a: Slowking|Thunder Wave|p1a: Great Tusk
|-immune|p1a: Great Tusk
|
|upkeep
|turn|15
|
|t:|1760386913
|move|p1a: Great Tusk|Knock Off|p2a: Slowking
|-supereffective|p2a: Slowking
|-damage|p2a: Slowking|19/100
|-enditem|p2a: Slowking|Heavy-Duty Boots|[from] move: Knock Off|[of] p1a: Great Tusk
|move|p2a: Slowking|Ice Beam|p1a: Great Tusk
|-supereffective|p1a: Great Tusk
|-damage|p1a: Great Tusk|34/100
|
|upkeep
|turn|16
|
|t:|1760386921
|switch|p2a: Dragapult|Dragapult, M|100/100
|-damage|p2a: Dragapult|84/100|[from] Spikes
|move|p1a: Great Tusk|Knock Off|p2a: Dragapult
|-supereffective|p2a: Dragapult
|-damage|p2a: Dragapult|0 fnt
|-enditem|p2a: Dragapult|Choice Specs|[from] move: Knock Off|[of] p1a: Great Tusk
|faint|p2a: Dragapult
|
|upkeep
|
|t:|1760386933
|switch|p2a: Great Tusk|Great Tusk|84/100
|turn|17
|
|t:|1760386938
|-end|p1a: Great Tusk|Protosynthesis|[silent]
|switch|p1a: Chesnaught|Chesnaught, M|91/100
|-damage|p1a: Chesnaught|85/100|[from] Stealth Rock
|move|p2a: Great Tusk|Ice Spinner|p1a: Chesnaught
|-supereffective|p1a: Chesnaught
|-damage|p1a: Chesnaught|52/100
|-damage|p2a: Great Tusk|68/100|[from] item: Rocky Helmet|[of] p1a: Chesnaught
|
|upkeep
|turn|18
|
|t:|1760386944
|move|p2a: Great Tusk|Rapid Spin|p1a: Chesnaught
|-damage|p1a: Chesnaught|41/100
|-boost|p2a: Great Tusk|spe|1
|-damage|p2a: Great Tusk|51/100|[from] item: Rocky Helmet|[of] p1a: Chesnaught
|-sideend|p2: ns_arkana|Spikes|[from] move: Rapid Spin|[of] p2a: Great Tusk
|move|p1a: Chesnaught|Synthesis|p1a: Chesnaught
|-heal|p1a: Chesnaught|91/100
|
|upkeep
|turn|19
|
|t:|1760386949
|-end|p2a: Great Tusk|Protosynthesis|[silent]
|switch|p2a: Darkrai|Darkrai|100/100
|move|p1a: Chesnaught|Spikes|p2a: Darkrai
|-sidestart|p2: ns_arkana|Spikes
|
|upkeep
|turn|20
|inactive|big monkey stall has 120 seconds left.
|
|t:|1760386982
|switch|p1a: Kingambit|Kingambit, M|100/100
|-damage|p1a: Kingambit|94/100|[from] Stealth Rock
|-terastallize|p2a: Darkrai|Poison
|move|p2a: Darkrai|Nasty Plot|p2a: Darkrai
|-boost|p2a: Darkrai|spa|2
|
|-heal|p1a: Kingambit|100/100|[from] item: Leftovers
|upkeep
|turn|21
|inactive|big monkey stall has 120 seconds left.
|
|t:|1760386995
|move|p1a: Kingambit|Sucker Punch||[still]
|-fail|p1a: Kingambit
|move|p2a: Darkrai|Will-O-Wisp|p1a: Kingambit
|-status|p1a: Kingambit|brn
|
|-damage|p1a: Kingambit|94/100 brn|[from] brn
|upkeep
|turn|22
|
|t:|1760386999
|move|p2a: Darkrai|Nasty Plot|p2a: Darkrai
|-boost|p2a: Darkrai|spa|2
|move|p1a: Kingambit|Kowtow Cleave|p2a: Darkrai
|-damage|p2a: Darkrai|66/100
|
|-heal|p2a: Darkrai|72/100|[from] item: Leftovers
|-heal|p1a: Kingambit|100/100 brn|[from] item: Leftovers
|-damage|p1a: Kingambit|94/100 brn|[from] brn
|upkeep
|turn|23
|
|t:|1760387003
|move|p2a: Darkrai|Dark Pulse|p1a: Kingambit
|-resisted|p1a: Kingambit
|-damage|p1a: Kingambit|36/100 brn
|move|p1a: Kingambit|Kowtow Cleave|p2a: Darkrai
|-damage|p2a: Darkrai|39/100
|
|-heal|p2a: Darkrai|45/100|[from] item: Leftovers
|-heal|p1a: Kingambit|42/100 brn|[from] item: Leftovers
|-damage|p1a: Kingambit|36/100 brn|[from] brn
|upkeep
|turn|24
|
|t:|1760387011
|move|p1a: Kingambit|Sucker Punch||[still]
|-fail|p1a: Kingambit
|move|p2a: Darkrai|Will-O-Wisp|p1a: Kingambit
|-fail|p1a: Kingambit|brn
|
|-heal|p2a: Darkrai|51/100|[from] item: Leftovers
|-heal|p1a: Kingambit|42/100 brn|[from] item: Leftovers
|-damage|p1a: Kingambit|36/100 brn|[from] brn
|upkeep
|turn|25
|
|t:|1760387021
|move|p1a: Kingambit|Sucker Punch|p2a: Darkrai
|-damage|p2a: Darkrai|25/100
|move|p2a: Darkrai|Dark Pulse|p1a: Kingambit
|-resisted|p1a: Kingambit
|-damage|p1a: Kingambit|0 fnt
|faint|p1a: Kingambit
|-end|p1a: Kingambit|fallenundefined|[silent]
|
|-heal|p2a: Darkrai|31/100|[from] item: Leftovers
|upkeep
|
|t:|1760387024
|switch|p1a: Dragapult|Dragapult, M|100/100
|turn|26
|
|t:|1760387029
|switch|p2a: Corviknight|Corviknight, F|100/100
|-ability|p2a: Corviknight|Pressure
|move|p1a: Dragapult|Draco Meteor|p2a: Corviknight
|-resisted|p2a: Corviknight
|-damage|p2a: Corviknight|74/100
|-unboost|p1a: Dragapult|spa|2
|
|upkeep
|turn|27
|
|t:|1760387033
|move|p1a: Dragapult|Will-O-Wisp|p2a: Corviknight|[miss]
|-miss|p1a: Dragapult|p2a: Corviknight
|move|p2a: Corviknight|U-turn|p1a: Dragapult
|-resisted|p1a: Dragapult
|-damage|p1a: Dragapult|91/100
|
|t:|1760387037
|switch|p2a: Slowking|Slowking-Galar, M|52/100|[from] U-turn
|-damage|p2a: Slowking|39/100|[from] Spikes
|
|upkeep
|turn|28
|
|t:|1760387043
|move|p1a: Dragapult|U-turn|p2a: Slowking
|-damage|p2a: Slowking|23/100
|
|t:|1760387044
|switch|p1a: Garganacl|Garganacl, M|79/100|[from] U-turn
|-damage|p1a: Garganacl|67/100|[from] Stealth Rock
|move|p2a: Slowking|Thunder Wave|p1a: Garganacl
|-immune|p1a: Garganacl|[from] ability: Purifying Salt
|
|-heal|p1a: Garganacl|73/100|[from] item: Leftovers
|upkeep
|turn|29
|
|t:|1760387049
|move|p1a: Garganacl|Stealth Rock|p2a: Slowking
|-sidestart|p2: ns_arkana|move: Stealth Rock
|-prepare|p2a: Slowking|Chilly Reception|[premajor]
|move|p2a: Slowking|Chilly Reception|p2a: Slowking
|-weather|Snowscape
|
|t:|1760387051
|switch|p2a: Great Tusk|Great Tusk|51/100|[from] Chilly Reception
|
|-weather|Snowscape|[upkeep]
|-heal|p1a: Garganacl|79/100|[from] item: Leftovers
|upkeep
|turn|30
|
|t:|1760387056
|move|p1a: Garganacl|Protect|p1a: Garganacl
|-singleturn|p1a: Garganacl|Protect
|move|p2a: Great Tusk|Rapid Spin|p1a: Garganacl
|-activate|p1a: Garganacl|move: Protect
|
|-weather|Snowscape|[upkeep]
|-heal|p1a: Garganacl|85/100|[from] item: Leftovers
|upkeep
|turn|31
|
|t:|1760387059
|switch|p1a: Chesnaught|Chesnaught, M|91/100
|-damage|p1a: Chesnaught|85/100|[from] Stealth Rock
|move|p2a: Great Tusk|Rapid Spin|p1a: Chesnaught
|-damage|p1a: Chesnaught|75/100
|-boost|p2a: Great Tusk|spe|1
|-damage|p2a: Great Tusk|35/100|[from] item: Rocky Helmet|[of] p1a: Chesnaught
|-sideend|p2: ns_arkana|Spikes|[from] move: Rapid Spin|[of] p2a: Great Tusk
|-sideend|p2: ns_arkana|Stealth Rock|[from] move: Rapid Spin|[of] p2a: Great Tusk
|
|-weather|Snowscape|[upkeep]
|upkeep
|turn|32
|
|t:|1760387065
|-end|p2a: Great Tusk|Protosynthesis|[silent]
|switch|p2a: Slowking|Slowking-Galar, M|56/100
|move|p1a: Chesnaught|Spikes|p2a: Slowking
|-sidestart|p2: ns_arkana|Spikes
|
|-weather|Snowscape|[upkeep]
|upkeep
|turn|33
|
|t:|1760387068
|switch|p1a: Garganacl|Garganacl, M|85/100
|-damage|p1a: Garganacl|73/100|[from] Stealth Rock
|move|p2a: Slowking|Future Sight|p1a: Garganacl
|-start|p2a: Slowking|move: Future Sight
|
|-weather|none
|-heal|p1a: Garganacl|79/100|[from] item: Leftovers
|upkeep
|turn|34
|
|t:|1760387072
|move|p1a: Garganacl|Stealth Rock|p2a: Slowking
|-sidestart|p2: ns_arkana|move: Stealth Rock
|-prepare|p2a: Slowking|Chilly Reception|[premajor]
|move|p2a: Slowking|Chilly Reception|p2a: Slowking
|-weather|Snowscape
|
|t:|1760387074
|switch|p2a: Corviknight|Corviknight, F|74/100|[from] Chilly Reception
|-damage|p2a: Corviknight|61/100|[from] Stealth Rock
|-ability|p2a: Corviknight|Pressure
|
|-weather|Snowscape|[upkeep]
|-heal|p1a: Garganacl|85/100|[from] item: Leftovers
|upkeep
|turn|35
|
|t:|1760387077
|move|p1a: Garganacl|Protect|p1a: Garganacl
|-singleturn|p1a: Garganacl|Protect
|move|p2a: Corviknight|Defog|p1a: Garganacl
|-activate|p1a: Garganacl|move: Protect
|
|-weather|Snowscape|[upkeep]
|-end|p1a: Garganacl|move: Future Sight
|-damage|p1a: Garganacl|53/100
|-heal|p1a: Garganacl|60/100|[from] item: Leftovers
|upkeep
|turn|36
|
|t:|1760387082
|move|p2a: Corviknight|Body Press|p1a: Garganacl
|-supereffective|p1a: Garganacl
|-damage|p1a: Garganacl|26/100
|move|p1a: Garganacl|Recover|p1a: Garganacl
|-heal|p1a: Garganacl|76/100
|
|-weather|Snowscape|[upkeep]
|-heal|p1a: Garganacl|82/100|[from] item: Leftovers
|upkeep
|turn|37
|
|t:|1760387089
|move|p2a: Corviknight|Defog|p1a: Garganacl
|-unboost|p1a: Garganacl|evasion|1
|-sideend|p1: big monkey stall|Stealth Rock|[from] move: Defog|[of] p2a: Corviknight
|-sideend|p2: ns_arkana|Spikes|[from] move: Defog|[of] p2a: Corviknight
|-sideend|p2: ns_arkana|Stealth Rock|[from] move: Defog|[of] p2a: Corviknight
|move|p1a: Garganacl|Salt Cure|p2a: Corviknight
|-damage|p2a: Corviknight|53/100
|-start|p2a: Corviknight|Salt Cure
|
|-weather|Snowscape|[upkeep]
|-heal|p1a: Garganacl|88/100|[from] item: Leftovers
|-damage|p2a: Corviknight|28/100|[from] Salt Cure
|upkeep
|turn|38
|
|t:|1760387093
|switch|p2a: Darkrai|Darkrai, tera:Poison|31/100
|move|p1a: Garganacl|Stealth Rock|p2a: Darkrai
|-sidestart|p2: ns_arkana|move: Stealth Rock
|
|-weather|none
|-heal|p2a: Darkrai|37/100|[from] item: Leftovers
|-heal|p1a: Garganacl|95/100|[from] item: Leftovers
|upkeep
|turn|39
|
|t:|1760387096
|move|p2a: Darkrai|Nasty Plot|p2a: Darkrai
|-boost|p2a: Darkrai|spa|2
|move|p1a: Garganacl|Salt Cure|p2a: Darkrai
|-damage|p2a: Darkrai|19/100
|-start|p2a: Darkrai|Salt Cure
|
|-heal|p2a: Darkrai|25/100|[from] item: Leftovers
|-heal|p1a: Garganacl|100/100|[from] item: Leftovers
|-damage|p2a: Darkrai|12/100|[from] Salt Cure
|upkeep
|turn|40
|-message|ns_arkana forfeited.
|
|win|big monkey stall
|raw|big monkey stall's rating: 1589 &rarr; <strong>1611</strong><br />(+22 for winning)
|raw|ns_arkana's rating: 1620 &rarr; <strong>1598</strong><br />(-22 for losing)
|l|☆ns_arkana
|player|p2|
|l|☆big monkey stall
|player|p1|
