|j|☆Penguinxdd
|j|☆NoFishNoLife
|t:|1760439813
|gametype|singles
|player|p1|Penguinxdd|veteran|1295
|player|p2|NoFishNoLife|fisherman-gen4|1253
|gen|9
|tier|[Gen 9] OU
|rated|
|rule|HP Percentage Mod: HP is shown in percentages
|rule|Endless Battle Clause: Forcing endless battles is banned
|rule|Species Clause: Limit one of each Pokémon
|rule|OHKO Clause: OHKO moves are banned
|rule|Evasion Items Clause: Evasion items are banned
|rule|Evasion Moves Clause: Evasion moves are banned
|rule|Evasion Abilities Clause: Evasion abilities are banned
|rule|Sleep Moves Clause: Sleep-inducing moves are banned
|clearpoke
|poke|p1|Meowscarada, F|
|poke|p1|Rillaboom, M|
|poke|p1|Fezandipiti, M|
|poke|p1|Heatran, M|
|poke|p1|Weezing-Galar, F|
|poke|p1|Walking Wake|
|poke|p2|Volcanion|
|poke|p2|Rabsca, F|
|poke|p2|Ditto|
|poke|p2|Clefable, M|
|poke|p2|Hoopa-Unbound|
|poke|p2|Cloyster, M|
|teampreview
|c|☆Penguinxdd|Is trick room rabsca good?
|
|t:|1760439832
|teamsize|p1|6
|teamsize|p2|6
|start
|switch|p1a: Walking Wake|Walking Wake|100/100
|switch|p2a: Fish|Volcanion|100/100
|turn|1
|
|t:|1760439845
|move|p1a: Walking Wake|Knock Off|p2a: Fish
|-damage|p2a: Fish|86/100
|-enditem|p2a: Fish|Zoom Lens|[from] move: Knock Off|[of] p1a: Walking Wake
|move|p2a: Fish|Sludge Bomb|p1a: Walking Wake
|-damage|p1a: Walking Wake|58/100
|
|upkeep
|turn|2
|
|t:|1760439905
|-end|p1a: Walking Wake|Protosynthesis|[silent]
|switch|p1a: Fezandipiti|Fezandipiti, M|100/100
|move|p2a: Fish|Sludge Bomb|p1a: Fezandipiti
|-damage|p1a: Fezandipiti|77/100
|
|upkeep
|turn|3
|
|t:|1760439914
|move|p1a: Fezandipiti|Gunk Shot|p2a: Fish
|-damage|p2a: Fish|52/100
|move|p2a: Fish|Earth Power|p1a: Fezandipiti
|-supereffective|p1a: Fezandipiti
|-damage|p1a: Fezandipiti|31/100
|
|upkeep
|turn|4
|
|t:|1760439927
|move|p1a: Fezandipiti|Roost|p1a: Fezandipiti
|-heal|p1a: Fezandipiti|82/100
|-singleturn|p1a: Fezandipiti|move: Roost
|move|p2a: Fish|Earth Power|p1a: Fezandipiti
|-supereffective|p1a: Fezandipiti
|-damage|p1a: Fezandipiti|33/100
|
|upkeep
|turn|5
|
|t:|1760439936
|switch|p1a: Rillaboom|Rillaboom, M|100/100
|-fieldstart|move: Grassy Terrain|[from] ability: Grassy Surge|[of] p1a: Rillaboom
|move|p2a: Fish|Steam Eruption|p1a: Rillaboom
|-resisted|p1a: Rillaboom
|-damage|p1a: Rillaboom|65/100
|
|-heal|p1a: Rillaboom|71/100|[from] Grassy Terrain
|-heal|p2a: Fish|58/100|[from] Grassy Terrain
|upkeep
|turn|6
|inactive|Battle timer is ON: inactive players will automatically lose when time's up. (requested by NoFishNoLife)
|inactive|Penguinxdd has 120 seconds left.
|inactive|Penguinxdd has 90 seconds left.
|
|t:|1760439998
|move|p1a: Rillaboom|Wood Hammer|p2a: Fish
|-damage|p2a: Fish|0 fnt
|faint|p2a: Fish
|-damage|p1a: Rillaboom|53/100|[from] Recoil
|
|-heal|p1a: Rillaboom|59/100|[from] Grassy Terrain
|upkeep
|
|t:|1760440020
|switch|p2a: Hoopa|Hoopa-Unbound|100/100
|turn|7
|
|t:|1760440022
|move|p2a: Hoopa|Ice Punch|p1a: Rillaboom
|-supereffective|p1a: Rillaboom
|-damage|p1a: Rillaboom|0 fnt
|faint|p1a: Rillaboom
|
|upkeep
|
|t:|1760440026
|switch|p1a: Meowscarada|Meowscarada, F|100/100
|turn|8
|
|t:|1760440033
|move|p2a: Hoopa|Ice Punch|p1a: Meowscarada
|-supereffective|p1a: Meowscarada
|-damage|p1a: Meowscarada|0 fnt
|faint|p1a: Meowscarada
|
|upkeep
|
|t:|1760440044
|switch|p1a: Weezing|Weezing-Galar, F|100/100
|-ability|p1a: Weezing|Neutralizing Gas
|turn|9
|
|t:|1760440049
|-end|p1a: Weezing|ability: Neutralizing Gas
|switch|p1a: Heatran|Heatran, M|100/100
|move|p2a: Hoopa|Ice Punch|p1a: Heatran
|-resisted|p1a: Heatran
|-damage|p1a: Heatran|94/100
|
|-heal|p1a: Heatran|99/100|[from] Grassy Terrain
|-heal|p1a: Heatran|100/100|[from] item: Leftovers
|-fieldend|move: Grassy Terrain
|upkeep
|turn|10
|
|t:|1760440067
|switch|p2a: ._.|Ditto|100/100
|-transform|p2a: ._.|p1a: Heatran|[from] ability: Imposter
|move|p1a: Heatran|Stealth Rock|p2a: ._.
|-sidestart|p2: NoFishNoLife|move: Stealth Rock
|
|upkeep
|turn|11
|
|t:|1760440081
|switch|p1a: Walking Wake|Walking Wake|58/100
|move|p2a: ._.|Earth Power|p1a: Walking Wake
|-damage|p1a: Walking Wake|25/100
|
|upkeep
|turn|12
|
|t:|1760440088
|move|p1a: Walking Wake|Flip Turn|p2a: ._.
|-supereffective|p2a: ._.
|-crit|p2a: ._.
|-damage|p2a: ._.|50/100
|
|t:|1760440095
|-end|p1a: Walking Wake|Protosynthesis|[silent]
|switch|p1a: Fezandipiti|Fezandipiti, M|33/100|[from] Flip Turn
|move|p2a: ._.|Earth Power|p1a: Fezandipiti
|-supereffective|p1a: Fezandipiti
|-damage|p1a: Fezandipiti|0 fnt
|faint|p1a: Fezandipiti
|
|upkeep
|
|t:|1760440099
|switch|p1a: Heatran|Heatran, M|100/100
|turn|13
|
|t:|1760440106
|move|p2a: ._.|Earth Power|p1a: Heatran
|-supereffective|p1a: Heatran
|-damage|p1a: Heatran|38/100
|move|p1a: Heatran|Earth Power|p2a: ._.
|-supereffective|p2a: ._.
|-damage|p2a: ._.|0 fnt
|faint|p2a: ._.
|
|-heal|p1a: Heatran|45/100|[from] item: Leftovers
|upkeep
|-message|Penguinxdd forfeited.
|
|win|NoFishNoLife
|raw|Penguinxdd's rating: 1295 &rarr; <strong>1267</strong><br />(-28 for losing)
|raw|NoFishNoLife's rating: 1253 &rarr; <strong>1281</strong><br />(+28 for winning)
|l|☆Penguinxdd
|player|p1|
|l|☆NoFishNoLife
|player|p2|
