|j|☆EG BASTIAN
|j|☆methead
|t:|1760308114
|gametype|singles
|player|p1|EG BASTIAN|266|1448
|player|p2|methead|1|1512
|gen|9
|tier|[Gen 9] OU
|rated|
|rule|HP Percentage Mod: HP is shown in percentages
|rule|Endless Battle Clause: Forcing endless battles is banned
|rule|Species Clause: Limit one of each Pokémon
|rule|OHKO Clause: OHKO moves are banned
|rule|Evasion Items Clause: Evasion items are banned
|rule|Evasion Moves Clause: Evasion moves are banned
|rule|Evasion Abilities Clause: Evasion abilities are banned
|rule|Sleep Moves Clause: Sleep-inducing moves are banned
|clearpoke
|poke|p1|Torkoal, M|
|poke|p1|Brute Bonnet|
|poke|p1|Walking Wake|
|poke|p1|Hatterene, F|
|poke|p1|Thundurus-Therian, M|
|poke|p1|Ceruledge, M|
|poke|p2|Landorus-Therian, M|
|poke|p2|Great Tusk|
|poke|p2|Torkoal, M|
|poke|p2|Walking Wake|
|poke|p2|Raging Bolt|
|poke|p2|Hoopa-Unbound|
|teampreview
|inactive|Battle timer is ON: inactive players will automatically lose when time's up. (requested by methead)
|
|t:|1760308122
|teamsize|p1|6
|teamsize|p2|6
|start
|switch|p1a: Shark|Walking Wake|100/100
|switch|p2a: Raging Bolt|Raging Bolt|100/100
|turn|1
|
|t:|1760308126
|move|p1a: Shark|Draco Meteor|p2a: Raging Bolt
|-supereffective|p2a: Raging Bolt
|-damage|p2a: Raging Bolt|1/100
|-unboost|p1a: Shark|spa|2
|move|p2a: Raging Bolt|Draco Meteor|p1a: Shark
|-supereffective|p1a: Shark
|-damage|p1a: Shark|0 fnt
|-unboost|p2a: Raging Bolt|spa|2
|faint|p1a: Shark
|-end|p1a: Shark|Protosynthesis|[silent]
|
|upkeep
|c|☆EG BASTIAN|…
|
|t:|1760308145
|switch|p1a: Storm|Thundurus-Therian, M|100/100
|turn|2
|
|t:|1760308148
|-end|p2a: Raging Bolt|Protosynthesis|[silent]
|switch|p2a: Landorus|Landorus-Therian, M|100/100
|-ability|p2a: Landorus|Intimidate|boost
|-unboost|p1a: Storm|atk|1
|move|p1a: Storm|Grass Knot|p2a: Landorus
|-damage|p2a: Landorus|33/100
|
|upkeep
|turn|3
|
|t:|1760308155
|switch|p2a: Torkoal|Torkoal, M|100/100
|-weather|SunnyDay|[from] ability: Drought|[of] p2a: Torkoal
|move|p1a: Storm|Grass Knot|p2a: Torkoal
|-resisted|p2a: Torkoal
|-damage|p2a: Torkoal|69/100
|
|-weather|SunnyDay|[upkeep]
|upkeep
|turn|4
|
|t:|1760308160
|switch|p1a: Great Bait|Torkoal, M, shiny|100/100
|move|p2a: Torkoal|Stealth Rock|p1a: Great Bait
|-sidestart|p1: EG BASTIAN|move: Stealth Rock
|
|-weather|SunnyDay|[upkeep]
|upkeep
|turn|5
|
|t:|1760308166
|switch|p2a: Landorus|Landorus-Therian, M|33/100
|-ability|p2a: Landorus|Intimidate|boost
|-unboost|p1a: Great Bait|atk|1
|move|p1a: Great Bait|Rapid Spin|p2a: Landorus
|-damage|p2a: Landorus|26/100
|-boost|p1a: Great Bait|spe|1
|-sideend|p1: EG BASTIAN|Stealth Rock|[from] move: Rapid Spin|[of] p1a: Great Bait
|
|-weather|SunnyDay|[upkeep]
|upkeep
|turn|6
|
|t:|1760308175
|move|p2a: Landorus|Stone Edge|p1a: Great Bait
|-supereffective|p1a: Great Bait
|-crit|p1a: Great Bait
|-damage|p1a: Great Bait|0 fnt
|faint|p1a: Great Bait
|
|-weather|SunnyDay|[upkeep]
|upkeep
|c|☆EG BASTIAN|Omg
|
|t:|1760308186
|switch|p1a: Storm|Thundurus-Therian, M|100/100
|turn|7
|c|☆methead|skilld
|
|t:|1760308189
|move|p1a: Storm|Weather Ball|p2a: Landorus
|-damage|p2a: Landorus|0 fnt
|faint|p2a: Landorus
|
|-weather|SunnyDay|[upkeep]
|upkeep
|
|t:|1760308192
|switch|p2a: Walking Wake|Walking Wake|100/100
|-activate|p2a: Walking Wake|ability: Protosynthesis
|-start|p2a: Walking Wake|protosynthesisspe
|turn|8
|c|☆EG BASTIAN|Nab
|
|t:|1760308206
|switch|p1a: Witch|Hatterene, F, shiny|100/100
|move|p2a: Walking Wake|Hydro Steam|p1a: Witch
|-damage|p1a: Witch|7/100
|-enditem|p1a: Witch|Eject Button
|
|t:|1760308223
|switch|p1a: Knight|Ceruledge, M|100/100
|
|-weather|SunnyDay|[upkeep]
|upkeep
|turn|9
|
|t:|1760308226
|move|p2a: Walking Wake|Hydro Steam|p1a: Knight
|-supereffective|p1a: Knight
|-enditem|p1a: Knight|Focus Sash
|-damage|p1a: Knight|1/100
|move|p1a: Knight|Swords Dance|p1a: Knight
|-boost|p1a: Knight|atk|2
|
|-weather|SunnyDay|[upkeep]
|upkeep
|turn|10
|
|t:|1760308229
|move|p1a: Knight|Shadow Sneak|p2a: Walking Wake
|-damage|p2a: Walking Wake|58/100
|move|p2a: Walking Wake|Hydro Steam|p1a: Knight
|-supereffective|p1a: Knight
|-damage|p1a: Knight|0 fnt
|faint|p1a: Knight
|
|-weather|none
|-end|p2a: Walking Wake|Protosynthesis
|upkeep
|
|t:|1760308231
|switch|p1a: BRUTE FORCE|Brute Bonnet|100/100
|turn|11
|
|t:|1760308236
|-end|p2a: Walking Wake|Protosynthesis|[silent]
|switch|p2a: Torkoal|Torkoal, M|69/100
|-weather|SunnyDay|[from] ability: Drought|[of] p2a: Torkoal
|-activate|p1a: BRUTE FORCE|ability: Protosynthesis
|-start|p1a: BRUTE FORCE|protosynthesisatk
|move|p1a: BRUTE FORCE|Growth|p1a: BRUTE FORCE
|-boost|p1a: BRUTE FORCE|atk|2
|-boost|p1a: BRUTE FORCE|spa|2
|
|-weather|SunnyDay|[upkeep]
|upkeep
|turn|12
|
|t:|1760308247
|move|p1a: BRUTE FORCE|Sucker Punch|p2a: Torkoal
|-damage|p2a: Torkoal|13/100
|move|p2a: Torkoal|Body Press|p1a: BRUTE FORCE
|-supereffective|p1a: BRUTE FORCE
|-damage|p1a: BRUTE FORCE|43/100
|
|-weather|SunnyDay|[upkeep]
|upkeep
|turn|13
|
|t:|1760308251
|move|p1a: BRUTE FORCE|Sucker Punch||[still]
|-fail|p1a: BRUTE FORCE
|move|p2a: Torkoal|Will-O-Wisp|p1a: BRUTE FORCE
|-status|p1a: BRUTE FORCE|brn
|
|-weather|SunnyDay|[upkeep]
|-damage|p1a: BRUTE FORCE|37/100 brn|[from] brn
|upkeep
|turn|14
|-message|EG BASTIAN forfeited.
|
|win|methead
|raw|EG BASTIAN's rating: 1448 &rarr; <strong>1432</strong><br />(-16 for losing)
|raw|methead's rating: 1512 &rarr; <strong>1528</strong><br />(+16 for winning)
|l|☆EG BASTIAN
|player|p1|
|l|☆methead
|player|p2|
