|j|☆lemonsilverhaze
|j|☆piranho70yt
|t:|1760372251
|gametype|singles
|player|p1|lemonsilverhaze|tuber|1086
|player|p2|piranho70yt|red|1063
|gen|9
|tier|[Gen 9] OU
|rated|
|rule|HP Percentage Mod: HP is shown in percentages
|rule|Endless Battle Clause: Forcing endless battles is banned
|rule|Species Clause: Limit one of each Pokémon
|rule|OHKO Clause: OHKO moves are banned
|rule|Evasion Items Clause: Evasion items are banned
|rule|Evasion Moves Clause: Evasion moves are banned
|rule|Evasion Abilities Clause: Evasion abilities are banned
|rule|Sleep Moves Clause: Sleep-inducing moves are banned
|clearpoke
|poke|p1|Bastiodon, F|
|poke|p1|Glimmora, M|
|poke|p1|Milotic, M|
|poke|p1|Skarmory, M|
|poke|p1|Gholdengo|
|poke|p1|Garchomp, F|
|poke|p2|Pikachu-Partner, M|
|poke|p2|Espeon, F|
|poke|p2|Charizard, M|
|poke|p2|Sceptile, M|
|poke|p2|Hitmonlee, M|
|poke|p2|Greninja-*, M|
|teampreview
|
|t:|1760372257
|teamsize|p1|6
|teamsize|p2|6
|start
|switch|p1a: The Gimp|Garchomp, F|100/100
|switch|p2a: Hitmonlee|Hitmonlee, M|100/100
|turn|1
|inactive|Battle timer is ON: inactive players will automatically lose when time's up. (requested by lemonsilverhaze)
|c|☆lemonsilverhaze|Glhf
|
|t:|1760372267
|move|p2a: Hitmonlee|High Jump Kick|p1a: The Gimp
|-damage|p1a: The Gimp|42/100
|-damage|p2a: Hitmonlee|88/100|[from] ability: Rough Skin|[of] p1a: The Gimp
|-damage|p2a: Hitmonlee|71/100|[from] item: Rocky Helmet|[of] p1a: The Gimp
|move|p1a: The Gimp|Stealth Rock|p2a: Hitmonlee
|-sidestart|p2: piranho70yt|move: Stealth Rock
|
|upkeep
|turn|2
|
|t:|1760372279
|move|p2a: Hitmonlee|High Jump Kick|p1a: The Gimp
|-damage|p1a: The Gimp|0 fnt
|-damage|p2a: Hitmonlee|59/100|[from] ability: Rough Skin|[of] p1a: The Gimp
|-damage|p2a: Hitmonlee|42/100|[from] item: Rocky Helmet|[of] p1a: The Gimp
|faint|p1a: The Gimp
|
|upkeep
|
|t:|1760372287
|switch|p1a: Flower Power|Glimmora, M|100/100
|turn|3
|
|t:|1760372297
|move|p2a: Hitmonlee|High Jump Kick|p1a: Flower Power|[miss]
|-miss|p2a: Hitmonlee|p1a: Flower Power
|-damage|p2a: Hitmonlee|0 fnt|[from] highjumpkick
|faint|p2a: Hitmonlee
|move|p1a: Flower Power|Spikes|p2: Hitmonlee
|-sidestart|p2: piranho70yt|Spikes
|
|upkeep
|
|t:|1760372310
|switch|p2a: Espeon|Espeon, F|100/100
|-damage|p2a: Espeon|88/100|[from] Stealth Rock
|-damage|p2a: Espeon|75/100|[from] Spikes
|turn|4
|
|t:|1760372321
|switch|p1a: False Dragon|Milotic, M|100/100
|move|p2a: Espeon|Psychic|p1a: False Dragon
|-damage|p1a: False Dragon|69/100
|
|-heal|p1a: False Dragon|75/100|[from] item: Leftovers
|upkeep
|turn|5
|
|t:|1760372331
|move|p2a: Espeon|Psychic|p1a: False Dragon
|-damage|p1a: False Dragon|47/100
|move|p1a: False Dragon|Dragon Tail|p2a: Espeon
|-damage|p2a: Espeon|59/100
|drag|p2a: Sceptile|Sceptile, M|100/100
|-damage|p2a: Sceptile|88/100|[from] Stealth Rock
|-damage|p2a: Sceptile|76/100|[from] Spikes
|
|-heal|p1a: False Dragon|53/100|[from] item: Leftovers
|upkeep
|turn|6
|
|t:|1760372344
|switch|p1a: Flower Power|Glimmora, M|100/100
|move|p2a: Sceptile|Leaf Blade|p1a: Flower Power
|-damage|p1a: Flower Power|73/100
|-activate|p1a: Flower Power|ability: Toxic Debris
|-sidestart|p2: piranho70yt|move: Toxic Spikes
|
|upkeep
|turn|7
|
|t:|1760372358
|-terastallize|p1a: Flower Power|Grass
|move|p2a: Sceptile|Leaf Storm|p1a: Flower Power
|-resisted|p1a: Flower Power
|-damage|p1a: Flower Power|36/100
|-unboost|p2a: Sceptile|spa|2
|move|p1a: Flower Power|Spikes|p2a: Sceptile
|-sidestart|p2: piranho70yt|Spikes
|
|upkeep
|turn|8
|
|t:|1760372373
|move|p2a: Sceptile|Aerial Ace|p1a: Flower Power
|-supereffective|p1a: Flower Power
|-damage|p1a: Flower Power|16/100
|-activate|p1a: Flower Power|ability: Toxic Debris
|-sidestart|p2: piranho70yt|move: Toxic Spikes
|move|p1a: Flower Power|Spikes|p2a: Sceptile
|-sidestart|p2: piranho70yt|Spikes
|
|upkeep
|turn|9
|
|t:|1760372382
|switch|p1a: Corvinight v0.1|Skarmory, M|100/100
|move|p2a: Sceptile|Aerial Ace|p1a: Corvinight v0.1
|-resisted|p1a: Corvinight v0.1
|-damage|p1a: Corvinight v0.1|96/100
|
|-heal|p1a: Corvinight v0.1|100/100|[from] item: Leftovers
|upkeep
|turn|10
|
|t:|1760372393
|move|p2a: Sceptile|Low Kick|p1a: Corvinight v0.1
|-damage|p1a: Corvinight v0.1|90/100
|move|p1a: Corvinight v0.1|Substitute|p1a: Corvinight v0.1
|-start|p1a: Corvinight v0.1|Substitute
|-damage|p1a: Corvinight v0.1|65/100
|
|-heal|p1a: Corvinight v0.1|71/100|[from] item: Leftovers
|upkeep
|turn|11
|
|t:|1760372404
|move|p2a: Sceptile|Low Kick|p1a: Corvinight v0.1
|-activate|p1a: Corvinight v0.1|move: Substitute|[damage]
|move|p1a: Corvinight v0.1|Roar|p2a: Sceptile
|drag|p2a: Espeon|Espeon, F|59/100
|-damage|p2a: Espeon|46/100|[from] Stealth Rock
|-damage|p2a: Espeon|21/100|[from] Spikes
|-status|p2a: Espeon|tox
|
|-heal|p1a: Corvinight v0.1|78/100|[from] item: Leftovers
|-damage|p2a: Espeon|15/100 tox|[from] psn
|upkeep
|turn|12
|
|t:|1760372418
|move|p2a: Espeon|Shadow Ball|p1a: Corvinight v0.1
|-end|p1a: Corvinight v0.1|Substitute
|move|p1a: Corvinight v0.1|Roar|p2a: Espeon
|move|p2a: Espeon|Roar|p1a: Corvinight v0.1|[from] ability: Magic Bounce
|drag|p1a: False Dragon|Milotic, M|53/100
|
|-heal|p1a: False Dragon|59/100|[from] item: Leftovers
|-damage|p2a: Espeon|3/100 tox|[from] psn
|upkeep
|turn|13
|
|t:|1760372435
|move|p2a: Espeon|Hyper Beam|p1a: False Dragon
|-damage|p1a: False Dragon|27/100
|-mustrecharge|p2a: Espeon
|move|p1a: False Dragon|Rest|p1a: False Dragon
|-status|p1a: False Dragon|slp|[from] move: Rest
|-heal|p1a: False Dragon|100/100 slp|[silent]
|
|-damage|p2a: Espeon|0 fnt|[from] psn
|faint|p2a: Espeon
|upkeep
|
|t:|1760372447
|switch|p2a: Sceptile|Sceptile, M|76/100
|-damage|p2a: Sceptile|63/100|[from] Stealth Rock
|-damage|p2a: Sceptile|38/100|[from] Spikes
|-status|p2a: Sceptile|tox
|turn|14
|
|t:|1760372455
|switch|p1a: Corvinight v0.1|Skarmory, M|78/100
|move|p2a: Sceptile|Leaf Blade|p1a: Corvinight v0.1
|-resisted|p1a: Corvinight v0.1
|-damage|p1a: Corvinight v0.1|73/100
|
|-heal|p1a: Corvinight v0.1|79/100|[from] item: Leftovers
|-damage|p2a: Sceptile|32/100 tox|[from] psn
|upkeep
|turn|15
|
|t:|1760372465
|move|p2a: Sceptile|Low Kick|p1a: Corvinight v0.1
|-damage|p1a: Corvinight v0.1|68/100
|move|p1a: Corvinight v0.1|Substitute|p1a: Corvinight v0.1
|-start|p1a: Corvinight v0.1|Substitute
|-damage|p1a: Corvinight v0.1|43/100
|
|-heal|p1a: Corvinight v0.1|49/100|[from] item: Leftovers
|-damage|p2a: Sceptile|20/100 tox|[from] psn
|upkeep
|turn|16
|
|t:|1760372480
|move|p2a: Sceptile|Aerial Ace|p1a: Corvinight v0.1
|-resisted|p1a: Corvinight v0.1
|-activate|p1a: Corvinight v0.1|move: Substitute|[damage]
|move|p1a: Corvinight v0.1|Roar|p2a: Sceptile
|drag|p2a: Greninja|Greninja, M|100/100
|-damage|p2a: Greninja|88/100|[from] Stealth Rock
|-damage|p2a: Greninja|63/100|[from] Spikes
|-status|p2a: Greninja|tox
|
|-heal|p1a: Corvinight v0.1|55/100|[from] item: Leftovers
|-damage|p2a: Greninja|57/100 tox|[from] psn
|upkeep
|turn|17
|
|t:|1760372495
|move|p2a: Greninja|Dark Pulse|p1a: Corvinight v0.1
|-end|p1a: Corvinight v0.1|Substitute
|move|p1a: Corvinight v0.1|Roar|p2a: Greninja
|drag|p2a: Charizard|Charizard, M|100/100
|-damage|p2a: Charizard|50/100|[from] Stealth Rock
|
|-heal|p1a: Corvinight v0.1|62/100|[from] item: Leftovers
|upkeep
|turn|18
|
|t:|1760372508
|switch|p1a: False Dragon|Milotic, M|100/100 slp
|move|p2a: Charizard|Fire Blast|p1a: False Dragon|[miss]
|-miss|p2a: Charizard|p1a: False Dragon
|
|upkeep
|turn|19
|
|t:|1760372515
|move|p2a: Charizard|Dragon Pulse|p1a: False Dragon
|-damage|p1a: False Dragon|84/100 slp
|cant|p1a: False Dragon|slp
|move|p1a: False Dragon|Sleep Talk|p1a: False Dragon
|move|p1a: False Dragon|Dragon Tail|p2a: Charizard|[from] move: Sleep Talk
|-damage|p2a: Charizard|40/100
|drag|p2a: Greninja|Greninja, M|57/100 tox
|-damage|p2a: Greninja|45/100 tox|[from] Stealth Rock
|-damage|p2a: Greninja|20/100 tox|[from] Spikes
|
|-heal|p1a: False Dragon|90/100 slp|[from] item: Leftovers
|-damage|p2a: Greninja|14/100 tox|[from] psn
|upkeep
|turn|20
|
|t:|1760372532
|move|p2a: Greninja|Sludge Wave|p1a: False Dragon
|-damage|p1a: False Dragon|72/100 slp
|cant|p1a: False Dragon|slp
|move|p1a: False Dragon|Sleep Talk|p1a: False Dragon
|move|p1a: False Dragon|Rest||[from] move: Sleep Talk|[still]
|-fail|p1a: False Dragon
|
|-heal|p1a: False Dragon|78/100 slp|[from] item: Leftovers
|-damage|p2a: Greninja|3/100 tox|[from] psn
|upkeep
|turn|21
|
|t:|1760372550
|move|p2a: Greninja|Sludge Wave|p1a: False Dragon
|-damage|p1a: False Dragon|60/100 slp
|-curestatus|p1a: False Dragon|slp|[msg]
|move|p1a: False Dragon|Dragon Tail|p2a: Greninja
|-damage|p2a: Greninja|0 fnt
|faint|p2a: Greninja
|
|-heal|p1a: False Dragon|66/100|[from] item: Leftovers
|upkeep
|
|t:|1760372573
|switch|p2a: Pikachu|Pikachu-Partner, M|100/100
|-damage|p2a: Pikachu|88/100|[from] Stealth Rock
|-damage|p2a: Pikachu|63/100|[from] Spikes
|-status|p2a: Pikachu|tox
|turn|22
|
|t:|1760372589
|move|p2a: Pikachu|Grass Knot|p1a: False Dragon
|-supereffective|p1a: False Dragon
|-damage|p1a: False Dragon|16/100
|move|p1a: False Dragon|Dragon Tail|p2a: Pikachu
|-damage|p2a: Pikachu|37/100 tox
|drag|p2a: Sceptile|Sceptile, M|20/100 tox
|-damage|p2a: Sceptile|8/100 tox|[from] Stealth Rock
|-damage|p2a: Sceptile|0 fnt|[from] Spikes
|faint|p2a: Sceptile
|
|-heal|p1a: False Dragon|22/100|[from] item: Leftovers
|upkeep
|c|☆lemonsilverhaze|Gg
|inactive|piranho70yt has 120 seconds left.
|
|t:|1760372611
|switch|p2a: Pikachu|Pikachu-Partner, M|37/100 tox
|-damage|p2a: Pikachu|24/100 tox|[from] Stealth Rock
|-damage|p2a: Pikachu|0 fnt|[from] Spikes
|faint|p2a: Pikachu
|
|t:|1760372616
|switch|p2a: Charizard|Charizard, M|40/100
|-damage|p2a: Charizard|0 fnt|[from] Stealth Rock
|faint|p2a: Charizard
|
|win|lemonsilverhaze
|raw|lemonsilverhaze's rating: 1086 &rarr; <strong>1111</strong><br />(+25 for winning)
|raw|piranho70yt's rating: 1063 &rarr; <strong>1045</strong><br />(-18 for losing)
|c|☆piranho70yt|:/
|c|☆lemonsilverhaze|This team is horrible if you don't have spin or defog
|c|☆lemonsilverhaze|Or court change
|c|☆piranho70yt|yeah
|c|☆piranho70yt|thanks for the advice
|c|☆lemonsilverhaze|But it is really troll I don't have offensive moves on it
|c|☆lemonsilverhaze|Have nice day !
|l|☆lemonsilverhaze
|player|p1|
|c|☆piranho70yt|Same to ya!
|l|☆piranho70yt
|player|p2|
