|j|☆m0seny
|j|☆PokeSD1037 ttv
|t:|1760321348
|gametype|singles
|player|p1|m0seny|102|1137
|player|p2|PokeSD1037 ttv|giovanni|1123
|gen|9
|tier|[Gen 9] OU
|rated|
|rule|HP Percentage Mod: HP is shown in percentages
|rule|Endless Battle Clause: Forcing endless battles is banned
|rule|Species Clause: Limit one of each Pokémon
|rule|OHKO Clause: OHKO moves are banned
|rule|Evasion Items Clause: Evasion items are banned
|rule|Evasion Moves Clause: Evasion moves are banned
|rule|Evasion Abilities Clause: Evasion abilities are banned
|rule|Sleep Moves Clause: Sleep-inducing moves are banned
|clearpoke
|poke|p1|Dragonite, M|
|poke|p1|Glimmora, M|
|poke|p1|Gholdengo|
|poke|p1|Suicune|
|poke|p1|Ceruledge, F|
|poke|p1|Iron Treads|
|poke|p2|Azelf|
|poke|p2|Iron Valiant|
|poke|p2|Great Tusk|
|poke|p2|Ogerpon-Wellspring, F|
|poke|p2|Alomomola, F|
|poke|p2|Kingambit, F|
|teampreview
|inactive|Battle timer is ON: inactive players will automatically lose when time's up. (requested by PokeSD1037 ttv)
|
|t:|1760321361
|teamsize|p1|6
|teamsize|p2|6
|start
|switch|p1a: Glimmora|Glimmora, M|100/100
|switch|p2a: My Main Goal...|Azelf|100/100
|turn|1
|
|t:|1760321374
|move|p2a: My Main Goal...|Taunt|p1a: Glimmora
|-start|p1a: Glimmora|move: Taunt
|cant|p1a: Glimmora|move: Taunt|Stealth Rock
|
|upkeep
|turn|2
|
|t:|1760321383
|switch|p2a: Kings Chair|Kingambit, F|100/100
|move|p1a: Glimmora|Mortal Spin|p2a: Kings Chair
|-immune|p2a: Kings Chair
|
|upkeep
|turn|3
|
|t:|1760321412
|switch|p1a: Suicune|Suicune|100/100
|-ability|p1a: Suicune|Pressure
|move|p2a: Kings Chair|Iron Head|p1a: Suicune
|-resisted|p1a: Suicune
|-damage|p1a: Suicune|83/100
|
|-heal|p1a: Suicune|90/100|[from] item: Leftovers
|upkeep
|turn|4
|
|t:|1760321422
|-end|p2a: Kings Chair|fallenundefined|[silent]
|switch|p2a: My Main Goal...|Azelf|100/100
|move|p1a: Suicune|Substitute|p1a: Suicune
|-start|p1a: Suicune|Substitute
|-damage|p1a: Suicune|65/100
|
|-heal|p1a: Suicune|71/100|[from] item: Leftovers
|upkeep
|turn|5
|
|t:|1760321434
|move|p1a: Suicune|Protect|p1a: Suicune
|-singleturn|p1a: Suicune|Protect
|move|p2a: My Main Goal...|Taunt|p1a: Suicune
|-activate|p1a: Suicune|move: Protect
|
|-heal|p1a: Suicune|77/100|[from] item: Leftovers
|upkeep
|turn|6
|
|t:|1760321457
|move|p2a: My Main Goal...|Stealth Rock|p1a: Suicune
|-sidestart|p1: m0seny|move: Stealth Rock
|move|p1a: Suicune|Calm Mind|p1a: Suicune
|-boost|p1a: Suicune|spa|1
|-boost|p1a: Suicune|spd|1
|
|-heal|p1a: Suicune|83/100|[from] item: Leftovers
|upkeep
|turn|7
|
|t:|1760321466
|move|p2a: My Main Goal...|Taunt|p1a: Suicune
|-start|p1a: Suicune|move: Taunt
|move|p1a: Suicune|Scald|p2a: My Main Goal...
|-damage|p2a: My Main Goal...|42/100
|
|-heal|p1a: Suicune|89/100|[from] item: Leftovers
|upkeep
|turn|8
|
|t:|1760321475
|move|p2a: My Main Goal...|Explosion|p1a: Suicune
|-end|p1a: Suicune|Substitute
|faint|p2a: My Main Goal...
|move|p1a: Suicune|Scald|p2: My Main Goal...|[notarget]
|-fail|p1a: Suicune
|
|-heal|p1a: Suicune|96/100|[from] item: Leftovers
|upkeep
|
|t:|1760321478
|switch|p2a: sadge|Ogerpon-Wellspring, F|100/100
|turn|9
|inactive|m0seny has 120 seconds left.
|
|t:|1760321512
|switch|p1a: Dragonite|Dragonite, M, shiny|100/100
|-damage|p1a: Dragonite|76/100|[from] Stealth Rock
|move|p2a: sadge|Trailblaze|p1a: Dragonite
|-resisted|p1a: Dragonite
|-damage|p1a: Dragonite|68/100
|-boost|p2a: sadge|spe|1
|
|upkeep
|turn|10
|inactive|m0seny has 120 seconds left.
|
|t:|1760321522
|switch|p2a: Alomomola|Alomomola, F|100/100
|-terastallize|p1a: Dragonite|Normal
|move|p1a: Dragonite|Extreme Speed|p2a: Alomomola
|-damage|p2a: Alomomola|63/100
|-damage|p1a: Dragonite|52/100|[from] item: Rocky Helmet|[of] p2a: Alomomola
|
|upkeep
|turn|11
|inactive|m0seny has 120 seconds left.
|
|t:|1760321536
|switch|p1a: Suicune|Suicune|96/100
|-damage|p1a: Suicune|83/100|[from] Stealth Rock
|-ability|p1a: Suicune|Pressure
|move|p2a: Alomomola|Scald|p1a: Suicune
|-resisted|p1a: Suicune
|-damage|p1a: Suicune|78/100
|-status|p1a: Suicune|brn
|
|-heal|p1a: Suicune|84/100 brn|[from] item: Leftovers
|-damage|p1a: Suicune|78/100 brn|[from] brn
|upkeep
|turn|12
|inactive|m0seny has 120 seconds left.
|
|t:|1760321556
|move|p1a: Suicune|Substitute|p1a: Suicune
|-start|p1a: Suicune|Substitute
|-damage|p1a: Suicune|53/100 brn
|move|p2a: Alomomola|Flip Turn|p1a: Suicune
|-resisted|p1a: Suicune
|-activate|p1a: Suicune|move: Substitute|[damage]
|
|t:|1760321558
|switch|p2a: sadge|Ogerpon-Wellspring, F|100/100|[from] Flip Turn
|
|-heal|p1a: Suicune|59/100 brn|[from] item: Leftovers
|-damage|p1a: Suicune|53/100 brn|[from] brn
|upkeep
|turn|13
|inactive|m0seny has 120 seconds left.
|
|t:|1760321573
|move|p1a: Suicune|Protect|p1a: Suicune
|-singleturn|p1a: Suicune|Protect
|move|p2a: sadge|Swords Dance|p2a: sadge
|-boost|p2a: sadge|atk|2
|
|-heal|p1a: Suicune|59/100 brn|[from] item: Leftovers
|-damage|p1a: Suicune|53/100 brn|[from] brn
|upkeep
|turn|14
|inactive|m0seny has 120 seconds left.
|
|t:|1760321587
|switch|p1a: Glimmora|Glimmora, M|100/100
|-damage|p1a: Glimmora|88/100|[from] Stealth Rock
|move|p2a: sadge|Trailblaze|p1a: Glimmora
|-crit|p1a: Glimmora
|-damage|p1a: Glimmora|0 fnt
|-boost|p2a: sadge|spe|1
|-activate|p1a: Glimmora|ability: Toxic Debris
|-sidestart|p2: PokeSD1037 ttv|move: Toxic Spikes
|faint|p1a: Glimmora
|
|upkeep
|inactive|m0seny has 120 seconds left.
|-message|m0seny forfeited.
|
|win|PokeSD1037 ttv
|raw|m0seny's rating: 1137 &rarr; <strong>1109</strong><br />(-28 for losing)
|raw|PokeSD1037 ttv's rating: 1097 &rarr; <strong>1125</strong><br />(+28 for winning)
|l|☆m0seny
|player|p1|
