|j|☆xlacx
|j|☆Galladeyaoi
|t:|1760360211
|gametype|singles
|player|p1|xlacx|rosa|1422
|player|p2|Galladeyaoi|pokefanf-gen2|1384
|gen|9
|tier|[Gen 9] OU
|rated|
|rule|HP Percentage Mod: HP is shown in percentages
|rule|Endless Battle Clause: Forcing endless battles is banned
|rule|Species Clause: Limit one of each Pokémon
|rule|OHKO Clause: OHKO moves are banned
|rule|Evasion Items Clause: Evasion items are banned
|rule|Evasion Moves Clause: Evasion moves are banned
|rule|Evasion Abilities Clause: Evasion abilities are banned
|rule|Sleep Moves Clause: Sleep-inducing moves are banned
|clearpoke
|poke|p1|Ribombee, F|
|poke|p1|Rillaboom, M|
|poke|p1|Gholdengo|
|poke|p1|Ceruledge, F|
|poke|p1|Hawlucha, M|
|poke|p1|Salamence, F|
|poke|p2|Thundurus, M|
|poke|p2|Iron Leaves|
|poke|p2|Iron Moth|
|poke|p2|Iron Treads|
|poke|p2|Iron Crown|
|poke|p2|Raging Bolt|
|teampreview
|inactive|Battle timer is ON: inactive players will automatically lose when time's up. (requested by Galladeyaoi)
|
|t:|1760360219
|teamsize|p1|6
|teamsize|p2|6
|start
|switch|p1a: Ribombee|Ribombee, F, shiny|100/100
|switch|p2a: Thundurus|Thundurus, M|100/100
|turn|1
|j| NeoNidus9
|
|t:|1760360230
|move|p2a: Thundurus|Taunt|p1a: Ribombee
|-start|p1a: Ribombee|move: Taunt
|move|p1a: Ribombee|Moonblast|p2a: Thundurus
|-damage|p2a: Thundurus|52/100
|
|upkeep
|turn|2
|
|t:|1760360237
|move|p2a: Thundurus|Electric Terrain|p2a: Thundurus
|-fieldstart|move: Electric Terrain
|move|p1a: Ribombee|Moonblast|p2a: Thundurus
|-damage|p2a: Thundurus|4/100
|-unboost|p2a: Thundurus|spa|1
|
|upkeep
|turn|3
|
|t:|1760360243
|switch|p1a: Rillaboom|Rillaboom, M|100/100
|-fieldstart|move: Grassy Terrain|[from] ability: Grassy Surge|[of] p1a: Rillaboom
|switch|p2a: Iron Crown|Iron Crown|100/100
|
|upkeep
|turn|4
|
|t:|1760360268
|move|p2a: Iron Crown|Volt Switch|p1a: Rillaboom
|-resisted|p1a: Rillaboom
|-damage|p1a: Rillaboom|88/100
|
|t:|1760360288
|-end|p2a: Iron Crown|Quark Drive|[silent]
|switch|p2a: Iron Moth|Iron Moth|100/100|[from] Volt Switch
|move|p1a: Rillaboom|Knock Off|p2a: Iron Moth
|-damage|p2a: Iron Moth|45/100
|-enditem|p2a: Iron Moth|Power Herb|[from] move: Knock Off|[of] p1a: Rillaboom
|
|-heal|p2a: Iron Moth|51/100|[from] Grassy Terrain
|-heal|p1a: Rillaboom|94/100|[from] Grassy Terrain
|upkeep
|turn|5
|
|t:|1760360305
|-terastallize|p1a: Rillaboom|Water
|move|p2a: Iron Moth|Meteor Beam||[still]
|-prepare|p2a: Iron Moth|Meteor Beam
|-boost|p2a: Iron Moth|spa|1
|move|p1a: Rillaboom|High Horsepower|p2a: Iron Moth
|-supereffective|p2a: Iron Moth
|-damage|p2a: Iron Moth|0 fnt
|faint|p2a: Iron Moth
|-end|p2a: Iron Moth|Quark Drive|[silent]
|
|-heal|p1a: Rillaboom|99/100|[from] Grassy Terrain
|upkeep
|inactive|Galladeyaoi has 120 seconds left.
|
|t:|1760360322
|switch|p2a: Iron Crown|Iron Crown|100/100
|turn|6
|
|t:|1760360334
|move|p2a: Iron Crown|Volt Switch|p1a: Rillaboom
|-supereffective|p1a: Rillaboom
|-damage|p1a: Rillaboom|50/100
|
|t:|1760360338
|-end|p2a: Iron Crown|Quark Drive|[silent]
|switch|p2a: Raging Bolt|Raging Bolt|100/100|[from] Volt Switch
|move|p1a: Rillaboom|Knock Off|p2a: Raging Bolt
|-crit|p2a: Raging Bolt
|-damage|p2a: Raging Bolt|60/100
|-enditem|p2a: Raging Bolt|Choice Specs|[from] move: Knock Off|[of] p1a: Rillaboom
|
|-heal|p1a: Rillaboom|57/100|[from] Grassy Terrain
|-heal|p2a: Raging Bolt|66/100|[from] Grassy Terrain
|upkeep
|turn|7
|
|t:|1760360353
|switch|p1a: Ribombee|Ribombee, F, shiny|100/100
|move|p2a: Raging Bolt|Volt Switch|p1a: Ribombee
|-damage|p1a: Ribombee|22/100
|
|t:|1760360361
|-end|p2a: Raging Bolt|Protosynthesis|[silent]
|switch|p2a: Iron Treads|Iron Treads|100/100|[from] Volt Switch
|
|-heal|p1a: Ribombee|28/100|[from] Grassy Terrain
|-fieldend|move: Grassy Terrain
|upkeep
|turn|8
|
|t:|1760360373
|move|p1a: Ribombee|Stun Spore|p2a: Iron Treads
|-status|p2a: Iron Treads|par
|move|p2a: Iron Treads|Rapid Spin|p1a: Ribombee
|-damage|p1a: Ribombee|5/100
|-boost|p2a: Iron Treads|spe|1
|
|upkeep
|turn|9
|
|t:|1760360380
|switch|p1a: Gholdengo|Gholdengo|100/100
|-item|p1a: Gholdengo|Air Balloon
|move|p2a: Iron Treads|Rapid Spin|p1a: Gholdengo
|-immune|p1a: Gholdengo
|
|upkeep
|turn|10
|
|t:|1760360387
|move|p1a: Gholdengo|Nasty Plot|p1a: Gholdengo
|-boost|p1a: Gholdengo|spa|2
|move|p2a: Iron Treads|Knock Off|p1a: Gholdengo
|-supereffective|p1a: Gholdengo
|-damage|p1a: Gholdengo|55/100
|-enditem|p1a: Gholdengo|Air Balloon
|
|upkeep
|turn|11
|
|t:|1760360399
|move|p1a: Gholdengo|Shadow Ball|p2a: Iron Treads
|-damage|p2a: Iron Treads|0 fnt
|faint|p2a: Iron Treads
|-end|p2a: Iron Treads|Quark Drive|[silent]
|
|upkeep
|
|t:|1760360407
|switch|p2a: Thundurus|Thundurus, M|4/100
|turn|12
|
|t:|1760360411
|move|p2a: Thundurus|Electric Terrain|p2a: Thundurus
|-fieldstart|move: Electric Terrain
|move|p1a: Gholdengo|Shadow Ball|p2a: Thundurus
|-damage|p2a: Thundurus|0 fnt
|faint|p2a: Thundurus
|
|upkeep
|
|t:|1760360418
|switch|p2a: Iron Leaves|Iron Leaves|100/100
|-activate|p2a: Iron Leaves|ability: Quark Drive
|-start|p2a: Iron Leaves|quarkdrivespe
|turn|13
|
|t:|1760360426
|switch|p1a: Rillaboom|Rillaboom, M, tera:Water|57/100
|-fieldstart|move: Grassy Terrain|[from] ability: Grassy Surge|[of] p1a: Rillaboom
|-end|p2a: Iron Leaves|Quark Drive
|move|p2a: Iron Leaves|Psyblade|p1a: Rillaboom
|-damage|p1a: Rillaboom|16/100
|
|-heal|p1a: Rillaboom|22/100|[from] Grassy Terrain
|upkeep
|turn|14
|
|t:|1760360442
|move|p1a: Rillaboom|Grassy Glide|p2a: Iron Leaves
|-resisted|p2a: Iron Leaves
|-damage|p2a: Iron Leaves|79/100
|move|p2a: Iron Leaves|Leaf Blade|p1a: Rillaboom
|-supereffective|p1a: Rillaboom
|-crit|p1a: Rillaboom
|-damage|p1a: Rillaboom|0 fnt
|faint|p1a: Rillaboom
|
|-heal|p2a: Iron Leaves|85/100|[from] Grassy Terrain
|upkeep
|
|t:|1760360448
|switch|p1a: Hawlucha|Hawlucha, M|100/100
|-enditem|p1a: Hawlucha|Grassy Seed
|-boost|p1a: Hawlucha|def|1|[from] item: Grassy Seed
|turn|15
|
|t:|1760360463
|move|p1a: Hawlucha|Swords Dance|p1a: Hawlucha
|-boost|p1a: Hawlucha|atk|2
|move|p2a: Iron Leaves|Psyblade|p1a: Hawlucha
|-supereffective|p1a: Hawlucha
|-damage|p1a: Hawlucha|39/100
|
|-heal|p2a: Iron Leaves|91/100|[from] Grassy Terrain
|upkeep
|turn|16
|
|t:|1760360473
|move|p1a: Hawlucha|Acrobatics|p2a: Iron Leaves
|-supereffective|p2a: Iron Leaves
|-damage|p2a: Iron Leaves|0 fnt
|faint|p2a: Iron Leaves
|-end|p2a: Iron Leaves|Quark Drive|[silent]
|
|upkeep
|
|t:|1760360479
|switch|p2a: Raging Bolt|Raging Bolt|66/100
|turn|17
|
|t:|1760360487
|move|p1a: Hawlucha|Swords Dance|p1a: Hawlucha
|-boost|p1a: Hawlucha|atk|2
|move|p2a: Raging Bolt|Dragon Pulse|p1a: Hawlucha
|-damage|p1a: Hawlucha|0 fnt
|faint|p1a: Hawlucha
|
|-heal|p2a: Raging Bolt|72/100|[from] Grassy Terrain
|-fieldend|move: Grassy Terrain
|upkeep
|inactive|xlacx has 120 seconds left.
|
|t:|1760360521
|switch|p1a: Ribombee|Ribombee, F, shiny|5/100
|turn|18
|
|t:|1760360528
|-end|p2a: Raging Bolt|Protosynthesis|[silent]
|switch|p2a: Iron Crown|Iron Crown|100/100
|move|p1a: Ribombee|Moonblast|p2a: Iron Crown
|-resisted|p2a: Iron Crown
|-damage|p2a: Iron Crown|80/100
|
|upkeep
|turn|19
|
|t:|1760360538
|move|p1a: Ribombee|Stun Spore|p2a: Iron Crown
|-status|p2a: Iron Crown|par
|move|p2a: Iron Crown|Volt Switch|p1a: Ribombee
|-damage|p1a: Ribombee|0 fnt
|faint|p1a: Ribombee
|
|t:|1760360545
|-end|p2a: Iron Crown|Quark Drive|[silent]
|switch|p2a: Raging Bolt|Raging Bolt|72/100|[from] Volt Switch
|
|upkeep
|
|t:|1760360557
|switch|p1a: Gholdengo|Gholdengo|55/100
|turn|20
|
|t:|1760360563
|move|p1a: Gholdengo|Shadow Ball|p2a: Raging Bolt
|-damage|p2a: Raging Bolt|34/100
|move|p2a: Raging Bolt|Dragon Pulse|p1a: Gholdengo
|-resisted|p1a: Gholdengo
|-damage|p1a: Gholdengo|30/100
|
|upkeep
|turn|21
|c|☆Galladeyaoi|Ggwp!
|-message|Galladeyaoi forfeited.
|
|win|xlacx
|raw|xlacx's rating: 1422 &rarr; <strong>1440</strong><br />(+18 for winning)
|raw|Galladeyaoi's rating: 1384 &rarr; <strong>1366</strong><br />(-18 for losing)
|l|☆Galladeyaoi
|player|p2|
|l| NeoNidus9
|l|☆xlacx
|player|p1|
