|j|☆Menapai
|j|☆Nomanmake
|t:|1760347729
|gametype|singles
|player|p1|Menapai|lyra|1709
|player|p2|Nomanmake|blue-gen1rb|1677
|gen|9
|tier|[Gen 9] OU
|rated|
|rule|HP Percentage Mod: HP is shown in percentages
|rule|Endless Battle Clause: Forcing endless battles is banned
|rule|Species Clause: Limit one of each Pokémon
|rule|OHKO Clause: OHKO moves are banned
|rule|Evasion Items Clause: Evasion items are banned
|rule|Evasion Moves Clause: Evasion moves are banned
|rule|Evasion Abilities Clause: Evasion abilities are banned
|rule|Sleep Moves Clause: Sleep-inducing moves are banned
|clearpoke
|poke|p1|Kyurem|
|poke|p1|Gholdengo|
|poke|p1|Kingambit, F|
|poke|p1|Primarina, F|
|poke|p1|Clefable, M|
|poke|p1|Iron Moth|
|poke|p2|Landorus-Therian, M|
|poke|p2|Samurott-Hisui, F|
|poke|p2|Pecharunt|
|poke|p2|Scizor, F|
|poke|p2|Latios, M|
|poke|p2|Zamazenta-*|
|teampreview
|inactive|Battle timer is ON: inactive players will automatically lose when time's up. (requested by Menapai)
|
|t:|1760347755
|teamsize|p1|6
|teamsize|p2|6
|start
|switch|p1a: Clefable|Clefable, M|100/100
|switch|p2a: Samurott|Samurott-Hisui, F|100/100
|turn|1
|
|t:|1760347759
|move|p2a: Samurott|Razor Shell|p1a: Clefable
|-damage|p1a: Clefable|58/100
|-unboost|p1a: Clefable|def|1
|-damage|p2a: Samurott|84/100|[from] item: Rocky Helmet|[of] p1a: Clefable
|move|p1a: Clefable|Moonblast|p2a: Samurott
|-supereffective|p2a: Samurott
|-damage|p2a: Samurott|26/100
|
|upkeep
|turn|2
|
|t:|1760347765
|switch|p2a: Scizor|Scizor, F|100/100
|switch|p1a: Kyurem|Kyurem|100/100
|-ability|p1a: Kyurem|Pressure
|
|upkeep
|turn|3
|
|t:|1760347771
|-terastallize|p1a: Kyurem|Ground
|move|p1a: Kyurem|Earth Power|p2a: Scizor
|-damage|p2a: Scizor|40/100
|-unboost|p2a: Scizor|spd|1
|move|p2a: Scizor|Knock Off|p1a: Kyurem
|-damage|p1a: Kyurem|68/100
|-enditem|p1a: Kyurem|Leftovers|[from] move: Knock Off|[of] p2a: Scizor
|
|upkeep
|turn|4
|
|t:|1760347780
|move|p2a: Scizor|Bullet Punch|p1a: Kyurem
|-damage|p1a: Kyurem|36/100
|move|p1a: Kyurem|Freeze-Dry|p2a: Scizor
|-resisted|p2a: Scizor
|-damage|p2a: Scizor|0 fnt
|faint|p2a: Scizor
|
|upkeep
|
|t:|1760347790
|switch|p2a: Samurott|Samurott-Hisui, F|26/100
|turn|5
|
|t:|1760347795
|switch|p1a: Clefable|Clefable, M|58/100
|move|p2a: Samurott|Aqua Jet|p1a: Clefable
|-damage|p1a: Clefable|42/100
|-damage|p2a: Samurott|9/100|[from] item: Rocky Helmet|[of] p1a: Clefable
|
|upkeep
|turn|6
|
|t:|1760347800
|move|p2a: Samurott|Razor Shell|p1a: Clefable
|-crit|p1a: Clefable
|-damage|p1a: Clefable|0 fnt
|-damage|p2a: Samurott|0 fnt|[from] item: Rocky Helmet|[of] p1a: Clefable
|faint|p1a: Clefable
|faint|p2a: Samurott
|
|upkeep
|
|t:|1760347813
|switch|p2a: Pecharunt|Pecharunt|100/100
|switch|p1a: Gholdengo|Gholdengo|100/100
|turn|7
|
|t:|1760347822
|move|p2a: Pecharunt|Shadow Ball|p1a: Gholdengo
|-supereffective|p1a: Gholdengo
|-crit|p1a: Gholdengo
|-damage|p1a: Gholdengo|20/100
|move|p1a: Gholdengo|Make It Rain|p2a: Pecharunt
|-damage|p2a: Pecharunt|18/100
|-unboost|p1a: Gholdengo|spa|1
|
|upkeep
|turn|8
|
|t:|1760347827
|switch|p1a: Iron Moth|Iron Moth|100/100
|-enditem|p1a: Iron Moth|Booster Energy
|-activate|p1a: Iron Moth|ability: Quark Drive|[fromitem]
|-start|p1a: Iron Moth|quarkdrivespe
|move|p2a: Pecharunt|Shadow Ball|p1a: Iron Moth
|-damage|p1a: Iron Moth|74/100
|
|upkeep
|turn|9
|
|t:|1760347834
|switch|p2a: Latios|Latios, M|100/100
|move|p1a: Iron Moth|Fiery Dance|p2a: Latios
|-resisted|p2a: Latios
|-damage|p2a: Latios|80/100
|
|upkeep
|turn|10
|
|t:|1760347837
|move|p1a: Iron Moth|Dazzling Gleam|p2a: Latios
|-supereffective|p2a: Latios
|-damage|p2a: Latios|19/100
|move|p2a: Latios|Psychic Noise|p1a: Iron Moth
|-supereffective|p1a: Iron Moth
|-damage|p1a: Iron Moth|0 fnt
|faint|p1a: Iron Moth
|-end|p1a: Iron Moth|Quark Drive|[silent]
|
|upkeep
|
|t:|1760347841
|switch|p1a: Kingambit|Kingambit, F|100/100
|-activate|p1a: Kingambit|ability: Supreme Overlord
|-start|p1a: Kingambit|fallen2|[silent]
|turn|11
|
|t:|1760347847
|switch|p2a: Zamazenta|Zamazenta|100/100
|-ability|p2a: Zamazenta|Dauntless Shield|boost
|-boost|p2a: Zamazenta|def|1
|move|p1a: Kingambit|Swords Dance|p1a: Kingambit
|-boost|p1a: Kingambit|atk|2
|
|upkeep
|turn|12
|
|t:|1760347850
|-end|p1a: Kingambit|fallen2|[silent]
|switch|p1a: Gholdengo|Gholdengo|20/100
|move|p2a: Zamazenta|Roar|p1a: Gholdengo
|-immune|p1a: Gholdengo|[from] ability: Good as Gold
|
|upkeep
|turn|13
|
|t:|1760347853
|move|p2a: Zamazenta|Crunch|p1a: Gholdengo
|-supereffective|p1a: Gholdengo
|-damage|p1a: Gholdengo|0 fnt
|faint|p1a: Gholdengo
|
|upkeep
|
|t:|1760347855
|switch|p1a: Primarina|Primarina, F|100/100
|turn|14
|
|t:|1760347864
|switch|p2a: Pecharunt|Pecharunt|18/100
|move|p1a: Primarina|Psychic Noise|p2a: Pecharunt
|-damage|p2a: Pecharunt|0 fnt
|faint|p2a: Pecharunt
|
|upkeep
|
|t:|1760347881
|switch|p2a: Latios|Latios, M|19/100
|turn|15
|
|t:|1760347889
|switch|p1a: Kyurem|Kyurem, tera:Ground|36/100
|-ability|p1a: Kyurem|Pressure
|move|p2a: Latios|Psychic Noise|p1a: Kyurem
|-damage|p1a: Kyurem|0 fnt
|faint|p1a: Kyurem
|
|upkeep
|
|t:|1760347895
|switch|p1a: Kingambit|Kingambit, F|100/100
|-activate|p1a: Kingambit|ability: Supreme Overlord
|-start|p1a: Kingambit|fallen4|[silent]
|turn|16
|
|t:|1760347900
|switch|p2a: Zamazenta|Zamazenta|100/100
|move|p1a: Kingambit|Iron Head|p2a: Zamazenta
|-damage|p2a: Zamazenta|54/100
|
|-heal|p2a: Zamazenta|60/100|[from] item: Leftovers
|upkeep
|turn|17
|
|t:|1760347908
|switch|p2a: Latios|Latios, M|19/100
|move|p1a: Kingambit|Iron Head|p2a: Latios
|-damage|p2a: Latios|0 fnt
|faint|p2a: Latios
|
|upkeep
|
|t:|1760347915
|switch|p2a: Zamazenta|Zamazenta|60/100
|turn|18
|
|t:|1760347918
|-end|p1a: Kingambit|fallen4|[silent]
|switch|p1a: Primarina|Primarina, F|100/100
|move|p2a: Zamazenta|Body Press|p1a: Primarina
|-resisted|p1a: Primarina
|-damage|p1a: Primarina|86/100
|
|-heal|p2a: Zamazenta|66/100|[from] item: Leftovers
|-heal|p1a: Primarina|92/100|[from] item: Leftovers
|upkeep
|turn|19
|
|t:|1760347930
|switch|p2a: Landorus|Landorus-Therian, M|100/100
|-ability|p2a: Landorus|Intimidate|boost
|-unboost|p1a: Primarina|atk|1
|move|p1a: Primarina|Draining Kiss|p2a: Landorus
|-damage|p2a: Landorus|79/100
|-heal|p1a: Primarina|100/100|[from] drain|[of] p2a: Landorus
|-damage|p1a: Primarina|84/100|[from] item: Rocky Helmet|[of] p2a: Landorus
|
|-heal|p1a: Primarina|90/100|[from] item: Leftovers
|upkeep
|turn|20
|
|t:|1760347939
|move|p2a: Landorus|Earthquake|p1a: Primarina
|-damage|p1a: Primarina|54/100
|move|p1a: Primarina|Psychic Noise|p2a: Landorus
|-supereffective|p2a: Landorus
|-damage|p2a: Landorus|5/100
|-start|p2a: Landorus|move: Heal Block
|
|-heal|p1a: Primarina|60/100|[from] item: Leftovers
|upkeep
|turn|21
|
|t:|1760347943
|move|p2a: Landorus|Earthquake|p1a: Primarina
|-damage|p1a: Primarina|19/100
|move|p1a: Primarina|Psychic Noise|p2a: Landorus
|-supereffective|p2a: Landorus
|-damage|p2a: Landorus|0 fnt
|faint|p2a: Landorus
|
|-heal|p1a: Primarina|25/100|[from] item: Leftovers
|upkeep
|
|t:|1760347946
|switch|p2a: Zamazenta|Zamazenta|66/100
|turn|22
|
|t:|1760347949
|-terastallize|p2a: Zamazenta|Fire
|move|p2a: Zamazenta|Iron Defense|p2a: Zamazenta
|-boost|p2a: Zamazenta|def|2
|move|p1a: Primarina|Draining Kiss|p2a: Zamazenta
|-resisted|p2a: Zamazenta
|-damage|p2a: Zamazenta|57/100
|-heal|p1a: Primarina|32/100|[from] drain|[of] p2a: Zamazenta
|
|-heal|p2a: Zamazenta|64/100|[from] item: Leftovers
|-heal|p1a: Primarina|38/100|[from] item: Leftovers
|upkeep
|turn|23
|
|t:|1760347954
|move|p2a: Zamazenta|Body Press|p1a: Primarina
|-resisted|p1a: Primarina
|-damage|p1a: Primarina|7/100
|move|p1a: Primarina|Psychic Noise|p2a: Zamazenta
|-supereffective|p2a: Zamazenta
|-damage|p2a: Zamazenta|12/100
|-start|p2a: Zamazenta|move: Heal Block
|
|-heal|p1a: Primarina|13/100|[from] item: Leftovers
|upkeep
|turn|24
|
|t:|1760347957
|move|p2a: Zamazenta|Body Press|p1a: Primarina
|-resisted|p1a: Primarina
|-damage|p1a: Primarina|0 fnt
|faint|p1a: Primarina
|
|-end|p2a: Zamazenta|move: Heal Block
|upkeep
|
|t:|1760347959
|switch|p1a: Kingambit|Kingambit, F|100/100
|-activate|p1a: Kingambit|ability: Supreme Overlord
|-start|p1a: Kingambit|fallen5|[silent]
|turn|25
|
|t:|1760347962
|move|p1a: Kingambit|Sucker Punch||[still]
|-fail|p1a: Kingambit
|move|p2a: Zamazenta|Iron Defense|p2a: Zamazenta
|-boost|p2a: Zamazenta|def|2
|
|-heal|p2a: Zamazenta|19/100|[from] item: Leftovers
|upkeep
|turn|26
|
|t:|1760347967
|move|p2a: Zamazenta|Body Press|p1a: Kingambit
|-supereffective|p1a: Kingambit
|-damage|p1a: Kingambit|0 fnt
|faint|p1a: Kingambit
|-end|p1a: Kingambit|fallen5|[silent]
|
|win|Nomanmake
|raw|Menapai's rating: 1709 &rarr; <strong>1687</strong><br />(-22 for losing)
|raw|Nomanmake's rating: 1677 &rarr; <strong>1699</strong><br />(+22 for winning)
|j| Nitro611
|l| Nitro611
|l|☆Menapai
|player|p1|
|l|☆Nomanmake
|player|p2|
