|badge|p1|bronze|gen9ou|100-7
|uhtml|medal-msg|<div class="broadcast-blue">Curious what those medals under the avatar are? PS now has Ladder Seasons! For more information, check out the <a href="https://www.smogon.com/forums/threads/3740067/">thread on Smogon.</a></div>
|badge|p2|bronze|gen9ou|100-7
|uhtml|medal-msg|<div class="broadcast-blue">Curious what those medals under the avatar are? PS now has Ladder Seasons! For more information, check out the <a href="https://www.smogon.com/forums/threads/3740067/">thread on Smogon.</a></div>
|j|☆MooFarmer
|j|☆Swiscool
|t:|1760385858
|gametype|singles
|player|p1|MooFarmer|1|1829
|player|p2|Swiscool|2|1960
|gen|9
|tier|[Gen 9] OU
|rated|
|rule|HP Percentage Mod: HP is shown in percentages
|rule|Endless Battle Clause: Forcing endless battles is banned
|rule|Species Clause: Limit one of each Pokémon
|rule|OHKO Clause: OHKO moves are banned
|rule|Evasion Items Clause: Evasion items are banned
|rule|Evasion Moves Clause: Evasion moves are banned
|rule|Evasion Abilities Clause: Evasion abilities are banned
|rule|Sleep Moves Clause: Sleep-inducing moves are banned
|clearpoke
|poke|p1|Kyurem|
|poke|p1|Corviknight, F|
|poke|p1|Ting-Lu|
|poke|p1|Dondozo, M|
|poke|p1|Slowking-Galar, L99, F|
|poke|p1|Cinderace, F|
|poke|p2|Samurott-Hisui, M|
|poke|p2|Darkrai|
|poke|p2|Kingambit, M|
|poke|p2|Landorus-Therian, M|
|poke|p2|Pecharunt|
|poke|p2|Enamorus, F|
|teampreview
|inactive|Battle timer is ON: inactive players will automatically lose when time's up. (requested by Swiscool)
|
|t:|1760385904
|teamsize|p1|6
|teamsize|p2|6
|start
|switch|p1a: Kyurem|Kyurem|100/100
|switch|p2a: Samurott|Samurott-Hisui, M|100/100
|-ability|p1a: Kyurem|Pressure
|turn|1
|inactive|MooFarmer also wants the timer to be on.
|inactive|MooFarmer has 120 seconds left.
|j| OP Earthquakes
|
|t:|1760385950
|-terastallize|p2a: Samurott|Dark
|move|p1a: Kyurem|Freeze-Dry|p2a: Samurott
|-damage|p2a: Samurott|48/100
|move|p2a: Samurott|Knock Off|p1a: Kyurem
|-damage|p1a: Kyurem|34/100
|-enditem|p1a: Kyurem|Leftovers|[from] move: Knock Off|[of] p2a: Samurott
|
|upkeep
|turn|2
|inactive|MooFarmer has 90 seconds left.
|
|t:|1760385997
|move|p2a: Samurott|Sucker Punch|p1a: Kyurem
|-damage|p1a: Kyurem|0 fnt
|faint|p1a: Kyurem
|
|upkeep
|inactive|MooFarmer has 60 seconds left.
|j| ty-tyui↻
|inactive|MooFarmer has 30 seconds left.
|
|t:|1760386042
|switch|p1a: Cinderace|Cinderace, F|100/100
|turn|3
|inactive|Swiscool has 120 seconds left.
|
|t:|1760386068
|switch|p2a: Landorus|Landorus-Therian, M|100/100
|-ability|p2a: Landorus|Intimidate|boost
|-unboost|p1a: Cinderace|atk|1
|move|p1a: Cinderace|Pyro Ball|p2a: Landorus
|-damage|p2a: Landorus|77/100
|
|upkeep
|turn|4
|
|t:|1760386077
|switch|p1a: Corviknight|Corviknight, F|100/100
|-ability|p1a: Corviknight|Pressure
|move|p2a: Landorus|U-turn|p1a: Corviknight
|-resisted|p1a: Corviknight
|-crit|p1a: Corviknight
|-damage|p1a: Corviknight|96/100
|-damage|p2a: Landorus|61/100|[from] item: Rocky Helmet|[of] p1a: Corviknight
|
|t:|1760386081
|switch|p2a: Darkrai|Darkrai|100/100|[from] U-turn
|
|upkeep
|turn|5
|
|t:|1760386089
|move|p2a: Darkrai|Trick|p1a: Corviknight
|-activate|p2a: Darkrai|move: Trick|[of] p1a: Corviknight
|-item|p1a: Corviknight|Choice Scarf|[from] move: Trick
|-item|p2a: Darkrai|Rocky Helmet|[from] move: Trick
|move|p1a: Corviknight|U-turn|p2a: Darkrai
|-supereffective|p2a: Darkrai
|-damage|p2a: Darkrai|61/100
|-damage|p1a: Corviknight|79/100|[from] item: Rocky Helmet|[of] p2a: Darkrai
|
|t:|1760386098
|switch|p1a: Slowking|Slowking-Galar, L99, F|100/100|[from] U-turn
|
|upkeep
|turn|6
|
|t:|1760386107
|move|p2a: Darkrai|Dark Pulse|p1a: Slowking
|-supereffective|p1a: Slowking
|-damage|p1a: Slowking|52/100
|move|p1a: Slowking|Sludge Bomb|p2a: Darkrai
|-damage|p2a: Darkrai|18/100
|
|upkeep
|turn|7
|inactive|MooFarmer has 60 seconds left.
|
|t:|1760386117
|switch|p1a: Ting-Lu|Ting-Lu|100/100
|-ability|p1a: Ting-Lu|Vessel of Ruin
|move|p2a: Darkrai|Will-O-Wisp|p1a: Ting-Lu
|-status|p1a: Ting-Lu|brn
|
|-damage|p1a: Ting-Lu|94/100 brn|[from] brn
|upkeep
|turn|8
|
|t:|1760386133
|switch|p2a: Samurott|Samurott-Hisui, M, tera:Dark|48/100
|move|p1a: Ting-Lu|Rest|p1a: Ting-Lu
|-status|p1a: Ting-Lu|slp|[from] move: Rest
|-heal|p1a: Ting-Lu|100/100 slp|[silent]
|
|upkeep
|turn|9
|
|t:|1760386141
|move|p2a: Samurott|Ceaseless Edge|p1a: Ting-Lu
|-resisted|p1a: Ting-Lu
|-damage|p1a: Ting-Lu|80/100 slp
|-sidestart|p1: MooFarmer|Spikes
|cant|p1a: Ting-Lu|slp
|move|p1a: Ting-Lu|Sleep Talk|p1a: Ting-Lu
|move|p1a: Ting-Lu|Earthquake|p2a: Samurott|[from] move: Sleep Talk
|-damage|p2a: Samurott|0 fnt
|faint|p2a: Samurott
|
|-heal|p1a: Ting-Lu|86/100 slp|[from] item: Leftovers
|upkeep
|
|t:|1760386155
|switch|p2a: Landorus|Landorus-Therian, M|61/100
|-ability|p2a: Landorus|Intimidate|boost
|-unboost|p1a: Ting-Lu|atk|1
|turn|10
|
|t:|1760386163
|switch|p1a: Corviknight|Corviknight, F|79/100
|-ability|p1a: Corviknight|Pressure
|move|p2a: Landorus|U-turn|p1a: Corviknight
|-resisted|p1a: Corviknight
|-damage|p1a: Corviknight|76/100
|
|t:|1760386169
|switch|p2a: Enamorus|Enamorus, F|100/100|[from] U-turn
|
|upkeep
|turn|11
|inactive|MooFarmer has 90 seconds left.
|
|t:|1760386179
|move|p2a: Enamorus|Mystical Fire|p1a: Corviknight
|-supereffective|p1a: Corviknight
|-damage|p1a: Corviknight|0 fnt
|faint|p1a: Corviknight
|
|upkeep
|inactive|MooFarmer has 90 seconds left.
|inactive|MooFarmer has 60 seconds left.
|
|t:|1760386225
|switch|p1a: Cinderace|Cinderace, F|100/100
|turn|12
|inactive|MooFarmer has 30 seconds left.
|inactive|MooFarmer has 20 seconds left.
|inactive|MooFarmer has 15 seconds left.
|
|t:|1760386270
|switch|p2a: Landorus|Landorus-Therian, M|61/100
|-ability|p2a: Landorus|Intimidate|boost
|-unboost|p1a: Cinderace|atk|1
|move|p1a: Cinderace|Court Change|p1a: Cinderace
|-swapsideconditions
|-activate|p1a: Cinderace|move: Court Change
|
|upkeep
|turn|13
|inactive|MooFarmer has 25 seconds left this turn.
|inactive|MooFarmer has 20 seconds left.
|
|t:|1760386279
|-terastallize|p1a: Cinderace|Flying
|move|p1a: Cinderace|Will-O-Wisp|p2a: Landorus
|-status|p2a: Landorus|brn
|move|p2a: Landorus|Stealth Rock|p1a: Cinderace
|-sidestart|p1: MooFarmer|move: Stealth Rock
|
|-damage|p2a: Landorus|55/100 brn|[from] brn
|upkeep
|turn|14
|inactive|MooFarmer has 30 seconds left this turn.
|
|t:|1760386287
|move|p1a: Cinderace|Court Change|p1a: Cinderace
|-swapsideconditions
|-activate|p1a: Cinderace|move: Court Change
|move|p2a: Landorus|Stone Edge|p1a: Cinderace|[miss]
|-miss|p2a: Landorus|p1a: Cinderace
|
|-damage|p2a: Landorus|49/100 brn|[from] brn
|upkeep
|turn|15
|inactive|MooFarmer has 30 seconds left.
|
|t:|1760386296
|switch|p1a: Slowking|Slowking-Galar, L99, F|86/100
|move|p2a: Landorus|U-turn|p1a: Slowking
|-damage|p1a: Slowking|74/100
|
|t:|1760386310
|switch|p2a: Kingambit|Kingambit, M|100/100|[from] U-turn
|-damage|p2a: Kingambit|94/100|[from] Stealth Rock
|-activate|p2a: Kingambit|ability: Supreme Overlord
|-start|p2a: Kingambit|fallen1|[silent]
|-item|p2a: Kingambit|Air Balloon
|
|upkeep
|turn|16
|
|t:|1760386323
|-end|p2a: Kingambit|fallen1|[silent]
|switch|p2a: Pecharunt|Pecharunt|100/100
|switch|p1a: Dondozo|Dondozo, M|100/100
|-damage|p1a: Dondozo|88/100|[from] Spikes
|
|-heal|p1a: Dondozo|94/100|[from] item: Leftovers
|upkeep
|turn|17
|
|t:|1760386331
|switch|p1a: Slowking|Slowking-Galar, L99, F|100/100
|move|p2a: Pecharunt|Parting Shot|p1a: Slowking
|-unboost|p1a: Slowking|atk|1
|-unboost|p1a: Slowking|spa|1
|
|t:|1760386338
|switch|p2a: Darkrai|Darkrai|18/100|[from] Parting Shot
|-damage|p2a: Darkrai|6/100|[from] Stealth Rock
|
|upkeep
|turn|18
|
|t:|1760386346
|move|p2a: Darkrai|Dark Pulse|p1a: Slowking
|-supereffective|p1a: Slowking
|-damage|p1a: Slowking|45/100
|move|p1a: Slowking|Toxic|p2a: Darkrai
|-status|p2a: Darkrai|tox
|
|-damage|p2a: Darkrai|0 fnt|[from] psn
|faint|p2a: Darkrai
|upkeep
|
|t:|1760386359
|switch|p2a: Enamorus|Enamorus, F|100/100
|-damage|p2a: Enamorus|76/100|[from] Stealth Rock
|turn|19
|
|t:|1760386367
|switch|p1a: Ting-Lu|Ting-Lu|86/100 slp
|-damage|p1a: Ting-Lu|74/100 slp|[from] Spikes
|-ability|p1a: Ting-Lu|Vessel of Ruin
|move|p2a: Enamorus|Moonblast|p1a: Ting-Lu
|-supereffective|p1a: Ting-Lu
|-damage|p1a: Ting-Lu|13/100 slp
|-unboost|p1a: Ting-Lu|spa|1
|
|-heal|p1a: Ting-Lu|19/100 slp|[from] item: Leftovers
|upkeep
|turn|20
|
|t:|1760386376
|switch|p1a: Slowking|Slowking-Galar, L99, F|78/100
|move|p2a: Enamorus|Moonblast|p1a: Slowking
|-resisted|p1a: Slowking
|-damage|p1a: Slowking|55/100
|
|upkeep
|turn|21
|
|t:|1760386384
|switch|p2a: Landorus|Landorus-Therian, M|49/100 brn
|-damage|p2a: Landorus|36/100 brn|[from] Stealth Rock
|-ability|p2a: Landorus|Intimidate|boost
|-unboost|p1a: Slowking|atk|1
|move|p1a: Slowking|Sludge Bomb|p2a: Landorus
|-resisted|p2a: Landorus
|-damage|p2a: Landorus|19/100 brn
|
|-damage|p2a: Landorus|13/100 brn|[from] brn
|upkeep
|turn|22
|
|t:|1760386395
|switch|p1a: Cinderace|Cinderace, F, tera:Flying|100/100
|move|p2a: Landorus|Stealth Rock|p1a: Cinderace
|-sidestart|p1: MooFarmer|move: Stealth Rock
|
|-damage|p2a: Landorus|7/100 brn|[from] brn
|upkeep
|turn|23
|
|t:|1760386403
|move|p1a: Cinderace|Pyro Ball|p2a: Landorus
|-damage|p2a: Landorus|0 fnt
|faint|p2a: Landorus
|
|upkeep
|
|t:|1760386408
|switch|p2a: Pecharunt|Pecharunt|100/100
|turn|24
|inactive|MooFarmer has 90 seconds left.
|j| GavilarKholin
|j| bloodhound q50
|inactive|MooFarmer has 60 seconds left.
|
|t:|1760386453
|switch|p1a: Slowking|Slowking-Galar, L99, F|88/100
|move|p2a: Pecharunt|Malignant Chain|p1a: Slowking
|-resisted|p1a: Slowking
|-crit|p1a: Slowking
|-damage|p1a: Slowking|73/100
|
|upkeep
|turn|25
|inactive|MooFarmer has 60 seconds left.
|j| shrek5baby
|inactive|MooFarmer has 30 seconds left.
|
|t:|1760386498
|move|p2a: Pecharunt|Hex|p1a: Slowking
|-supereffective|p1a: Slowking
|-damage|p1a: Slowking|50/100
|move|p1a: Slowking|Future Sight|p2a: Pecharunt
|-start|p1a: Slowking|move: Future Sight
|
|upkeep
|turn|26
|
|t:|1760386506
|switch|p1a: Ting-Lu|Ting-Lu|19/100 slp
|-damage|p1a: Ting-Lu|7/100 slp|[from] Spikes
|-damage|p1a: Ting-Lu|0 fnt|[from] Stealth Rock
|faint|p1a: Ting-Lu
|move|p2a: Pecharunt|Hex|p1: Ting-Lu|[notarget]
|-fail|p2a: Pecharunt
|
|upkeep
|
|t:|1760386515
|switch|p1a: Cinderace|Cinderace, F, tera:Flying|100/100
|turn|27
|
|t:|1760386523
|move|p1a: Cinderace|Pyro Ball|p2a: Pecharunt
|-damage|p2a: Pecharunt|80/100
|move|p2a: Pecharunt|Parting Shot|p1a: Cinderace
|-unboost|p1a: Cinderace|atk|1
|-unboost|p1a: Cinderace|spa|1
|
|t:|1760386527
|switch|p2a: Kingambit|Kingambit, M|94/100|[from] Parting Shot
|-damage|p2a: Kingambit|88/100|[from] Stealth Rock
|-activate|p2a: Kingambit|ability: Supreme Overlord
|-start|p2a: Kingambit|fallen3|[silent]
|-item|p2a: Kingambit|Air Balloon
|
|-end|p2a: Kingambit|move: Future Sight
|-immune|p2a: Kingambit
|upkeep
|turn|28
|
|t:|1760386535
|-end|p2a: Kingambit|fallen3|[silent]
|switch|p2a: Pecharunt|Pecharunt|80/100
|move|p1a: Cinderace|Will-O-Wisp|p2a: Pecharunt
|-status|p2a: Pecharunt|brn
|
|-damage|p2a: Pecharunt|74/100 brn|[from] brn
|upkeep
|turn|29
|
|t:|1760386543
|switch|p1a: Slowking|Slowking-Galar, L99, F|84/100
|move|p2a: Pecharunt|Parting Shot|p1a: Slowking
|-unboost|p1a: Slowking|atk|1
|-unboost|p1a: Slowking|spa|1
|
|t:|1760386545
|switch|p2a: Kingambit|Kingambit, M|88/100|[from] Parting Shot
|-damage|p2a: Kingambit|82/100|[from] Stealth Rock
|-activate|p2a: Kingambit|ability: Supreme Overlord
|-start|p2a: Kingambit|fallen3|[silent]
|-item|p2a: Kingambit|Air Balloon
|
|upkeep
|turn|30
|
|t:|1760386553
|switch|p1a: Dondozo|Dondozo, M|94/100
|-damage|p1a: Dondozo|82/100|[from] Spikes
|-damage|p1a: Dondozo|70/100|[from] Stealth Rock
|move|p2a: Kingambit|Kowtow Cleave|p1a: Dondozo
|-damage|p1a: Dondozo|40/100
|
|-heal|p1a: Dondozo|47/100|[from] item: Leftovers
|upkeep
|turn|31
|
|t:|1760386563
|move|p2a: Kingambit|Kowtow Cleave|p1a: Dondozo
|-damage|p1a: Dondozo|16/100
|move|p1a: Dondozo|Curse|p1a: Dondozo
|-unboost|p1a: Dondozo|spe|1
|-boost|p1a: Dondozo|atk|1
|-boost|p1a: Dondozo|def|1
|
|-heal|p1a: Dondozo|22/100|[from] item: Leftovers
|upkeep
|turn|32
|
|t:|1760386573
|move|p2a: Kingambit|Kowtow Cleave|p1a: Dondozo
|-damage|p1a: Dondozo|2/100
|move|p1a: Dondozo|Rest|p1a: Dondozo
|-status|p1a: Dondozo|slp|[from] move: Rest
|-heal|p1a: Dondozo|100/100 slp|[silent]
|
|upkeep
|turn|33
|
|t:|1760386583
|-end|p2a: Kingambit|fallen3|[silent]
|switch|p2a: Enamorus|Enamorus, F|76/100
|-damage|p2a: Enamorus|51/100|[from] Stealth Rock
|switch|p1a: Slowking|Slowking-Galar, L99, F|100/100
|
|upkeep
|turn|34
|
|t:|1760386591
|switch|p2a: Kingambit|Kingambit, M|82/100
|-damage|p2a: Kingambit|75/100|[from] Stealth Rock
|-activate|p2a: Kingambit|ability: Supreme Overlord
|-start|p2a: Kingambit|fallen3|[silent]
|-item|p2a: Kingambit|Air Balloon
|-prepare|p1a: Slowking|Chilly Reception|[premajor]
|move|p1a: Slowking|Chilly Reception|p1a: Slowking
|-weather|Snowscape
|j| swagboss123456789
|inactive|MooFarmer has 60 seconds left.
|
|t:|1760386636
|switch|p1a: Cinderace|Cinderace, F, tera:Flying|100/100|[from] Chilly Reception
|
|-weather|Snowscape|[upkeep]
|upkeep
|turn|35
|inactive|MooFarmer has 30 seconds left.
|inactive|MooFarmer has 20 seconds left.
|
|t:|1760386681
|-end|p2a: Kingambit|fallen3|[silent]
|switch|p2a: Pecharunt|Pecharunt|74/100 brn
|move|p1a: Cinderace|Pyro Ball|p2a: Pecharunt
|-damage|p2a: Pecharunt|53/100 brn
|
|-weather|Snowscape|[upkeep]
|-damage|p2a: Pecharunt|47/100 brn|[from] brn
|upkeep
|turn|36
|inactive|MooFarmer has 30 seconds left this turn.
|
|t:|1760386689
|move|p1a: Cinderace|U-turn|p2a: Pecharunt
|-resisted|p2a: Pecharunt
|-damage|p2a: Pecharunt|45/100 brn
|inactive|MooFarmer has 30 seconds left this turn.
|
|t:|1760386698
|switch|p1a: Slowking|Slowking-Galar, L99, F|100/100|[from] U-turn
|move|p2a: Pecharunt|Recover|p2a: Pecharunt
|-heal|p2a: Pecharunt|95/100 brn
|
|-weather|Snowscape|[upkeep]
|-damage|p2a: Pecharunt|89/100 brn|[from] brn
|upkeep
|turn|37
|inactive|MooFarmer has 30 seconds left.
|
|t:|1760386706
|move|p2a: Pecharunt|Parting Shot|p1a: Slowking
|-unboost|p1a: Slowking|atk|1
|-unboost|p1a: Slowking|spa|1
|
|t:|1760386712
|switch|p2a: Kingambit|Kingambit, M|75/100|[from] Parting Shot
|-damage|p2a: Kingambit|69/100|[from] Stealth Rock
|-activate|p2a: Kingambit|ability: Supreme Overlord
|-start|p2a: Kingambit|fallen3|[silent]
|-item|p2a: Kingambit|Air Balloon
|-prepare|p1a: Slowking|Chilly Reception|[premajor]
|move|p1a: Slowking|Chilly Reception|p1a: Slowking
|
|t:|1760386720
|switch|p1a: Cinderace|Cinderace, F, tera:Flying|100/100|[from] Chilly Reception
|
|-weather|Snowscape|[upkeep]
|upkeep
|turn|38
|
|t:|1760386728
|-end|p2a: Kingambit|fallen3|[silent]
|switch|p2a: Pecharunt|Pecharunt|89/100 brn
|move|p1a: Cinderace|Pyro Ball|p2a: Pecharunt
|-damage|p2a: Pecharunt|67/100 brn
|
|-weather|none
|-damage|p2a: Pecharunt|60/100 brn|[from] brn
|upkeep
|turn|39
|
|t:|1760386738
|move|p1a: Cinderace|U-turn|p2a: Pecharunt
|-resisted|p2a: Pecharunt
|-damage|p2a: Pecharunt|58/100 brn
|
|t:|1760386746
|switch|p1a: Slowking|Slowking-Galar, L99, F|100/100|[from] U-turn
|move|p2a: Pecharunt|Recover|p2a: Pecharunt
|-heal|p2a: Pecharunt|100/100 brn
|
|-damage|p2a: Pecharunt|94/100 brn|[from] brn
|upkeep
|turn|40
|
|t:|1760386755
|move|p2a: Pecharunt|Hex|p1a: Slowking
|-supereffective|p1a: Slowking
|-damage|p1a: Slowking|77/100
|-prepare|p1a: Slowking|Chilly Reception|[premajor]
|move|p1a: Slowking|Chilly Reception|p1a: Slowking
|-weather|Snowscape
|j| Eepsilon
|
|t:|1760386763
|switch|p1a: Cinderace|Cinderace, F, tera:Flying|100/100|[from] Chilly Reception
|
|-weather|Snowscape|[upkeep]
|-damage|p2a: Pecharunt|88/100 brn|[from] brn
|upkeep
|turn|41
|
|t:|1760386771
|move|p1a: Cinderace|U-turn|p2a: Pecharunt
|-resisted|p2a: Pecharunt
|-damage|p2a: Pecharunt|86/100 brn
|
|t:|1760386780
|switch|p1a: Dondozo|Dondozo, M|100/100 slp|[from] U-turn
|-damage|p1a: Dondozo|88/100 slp|[from] Spikes
|-damage|p1a: Dondozo|76/100 slp|[from] Stealth Rock
|move|p2a: Pecharunt|Parting Shot|p1a: Dondozo
|-unboost|p1a: Dondozo|atk|1
|-unboost|p1a: Dondozo|spa|1
|
|t:|1760386784
|switch|p2a: Enamorus|Enamorus, F|51/100|[from] Parting Shot
|-damage|p2a: Enamorus|26/100|[from] Stealth Rock
|
|-weather|Snowscape|[upkeep]
|-heal|p1a: Dondozo|82/100 slp|[from] item: Leftovers
|upkeep
|turn|42
|
|t:|1760386793
|switch|p1a: Slowking|Slowking-Galar, L99, F|100/100
|move|p2a: Enamorus|Earth Power|p1a: Slowking
|-supereffective|p1a: Slowking
|-damage|p1a: Slowking|37/100
|
|-weather|Snowscape|[upkeep]
|upkeep
|turn|43
|j| pdpodwpjdwof
|
|t:|1760386801
|switch|p2a: Pecharunt|Pecharunt|86/100 brn
|switch|p1a: Cinderace|Cinderace, F, tera:Flying|100/100
|
|-weather|Snowscape|[upkeep]
|-damage|p2a: Pecharunt|80/100 brn|[from] brn
|upkeep
|turn|44
|
|t:|1760386809
|move|p1a: Cinderace|U-turn|p2a: Pecharunt
|-resisted|p2a: Pecharunt
|-damage|p2a: Pecharunt|78/100 brn
|
|t:|1760386818
|switch|p1a: Dondozo|Dondozo, M|82/100 slp|[from] U-turn
|-damage|p1a: Dondozo|70/100 slp|[from] Spikes
|-damage|p1a: Dondozo|57/100 slp|[from] Stealth Rock
|move|p2a: Pecharunt|Parting Shot|p1a: Dondozo
|-unboost|p1a: Dondozo|atk|1
|-unboost|p1a: Dondozo|spa|1
|
|t:|1760386825
|switch|p2a: Kingambit|Kingambit, M|69/100|[from] Parting Shot
|-damage|p2a: Kingambit|63/100|[from] Stealth Rock
|-activate|p2a: Kingambit|ability: Supreme Overlord
|-start|p2a: Kingambit|fallen3|[silent]
|-item|p2a: Kingambit|Air Balloon
|
|-weather|none
|-heal|p1a: Dondozo|64/100 slp|[from] item: Leftovers
|upkeep
|turn|45
|
|t:|1760386834
|move|p2a: Kingambit|Kowtow Cleave|p1a: Dondozo
|-damage|p1a: Dondozo|33/100 slp
|cant|p1a: Dondozo|slp
|
|-heal|p1a: Dondozo|39/100 slp|[from] item: Leftovers
|upkeep
|turn|46
|inactive|MooFarmer has 90 seconds left.
|inactive|MooFarmer has 60 seconds left.
|
|t:|1760386880
|move|p2a: Kingambit|Kowtow Cleave|p1a: Dondozo
|-damage|p1a: Dondozo|8/100 slp
|cant|p1a: Dondozo|slp
|
|-heal|p1a: Dondozo|14/100 slp|[from] item: Leftovers
|upkeep
|turn|47
|inactive|MooFarmer has 30 seconds left.
|inactive|MooFarmer has 20 seconds left.
|inactive|MooFarmer has 15 seconds left.
|
|t:|1760386926
|move|p2a: Kingambit|Kowtow Cleave|p1a: Dondozo
|-damage|p1a: Dondozo|0 fnt
|faint|p1a: Dondozo
|
|upkeep
|inactive|MooFarmer has 20 seconds left this turn.
|inactive|MooFarmer has 15 seconds left.
|
|t:|1760386935
|switch|p1a: Cinderace|Cinderace, F, tera:Flying|100/100
|turn|48
|inactive|MooFarmer has 25 seconds left this turn.
|inactive|MooFarmer has 20 seconds left.
|
|t:|1760386944
|switch|p1a: Slowking|Slowking-Galar, L99, F|71/100
|-end|p2a: Kingambit|fallen3|[silent]
|switch|p2a: Pecharunt|Pecharunt|78/100 brn
|
|-damage|p2a: Pecharunt|72/100 brn|[from] brn
|upkeep
|turn|49
|inactive|MooFarmer has 30 seconds left this turn.
|
|t:|1760386954
|move|p2a: Pecharunt|Hex|p1a: Slowking
|-supereffective|p1a: Slowking
|-crit|p1a: Slowking
|-damage|p1a: Slowking|37/100
|move|p1a: Slowking|Future Sight|p2a: Pecharunt
|-start|p1a: Slowking|move: Future Sight
|
|-damage|p2a: Pecharunt|66/100 brn|[from] brn
|upkeep
|turn|50
|inactive|MooFarmer has 30 seconds left.
|
|t:|1760386963
|move|p2a: Pecharunt|Hex|p1a: Slowking
|-supereffective|p1a: Slowking
|-damage|p1a: Slowking|13/100
|-prepare|p1a: Slowking|Chilly Reception|[premajor]
|move|p1a: Slowking|Chilly Reception|p1a: Slowking
|-weather|Snowscape
|inactive|MooFarmer has 30 seconds left.
|
|t:|1760386971
|switch|p1a: Cinderace|Cinderace, F, tera:Flying|100/100|[from] Chilly Reception
|
|-weather|Snowscape|[upkeep]
|-damage|p2a: Pecharunt|60/100 brn|[from] brn
|upkeep
|turn|51
|
|t:|1760386979
|switch|p2a: Enamorus|Enamorus, F|26/100
|-damage|p2a: Enamorus|1/100|[from] Stealth Rock
|move|p1a: Cinderace|Pyro Ball|p2a: Enamorus
|-damage|p2a: Enamorus|0 fnt
|faint|p2a: Enamorus
|
|-weather|Snowscape|[upkeep]
|-hint|Future Sight did not hit because the target is fainted.
|upkeep
|
|t:|1760386984
|switch|p2a: Pecharunt|Pecharunt|60/100 brn
|turn|52
|
|t:|1760386996
|move|p1a: Cinderace|U-turn|p2a: Pecharunt
|-resisted|p2a: Pecharunt
|-damage|p2a: Pecharunt|58/100 brn
|
|t:|1760387004
|switch|p1a: Slowking|Slowking-Galar, L99, F|47/100|[from] U-turn
|move|p2a: Pecharunt|Hex|p1a: Slowking
|-supereffective|p1a: Slowking
|-damage|p1a: Slowking|23/100
|
|-weather|Snowscape|[upkeep]
|-damage|p2a: Pecharunt|52/100 brn|[from] brn
|upkeep
|turn|53
|
|t:|1760387012
|switch|p1a: Cinderace|Cinderace, F, tera:Flying|100/100
|move|p2a: Pecharunt|Hex|p1a: Cinderace
|-damage|p1a: Cinderace|76/100
|
|-weather|Snowscape|[upkeep]
|-damage|p2a: Pecharunt|45/100 brn|[from] brn
|upkeep
|turn|54
|
|t:|1760387020
|move|p1a: Cinderace|Pyro Ball|p2a: Pecharunt
|-damage|p2a: Pecharunt|24/100 brn
|move|p2a: Pecharunt|Recover|p2a: Pecharunt
|-heal|p2a: Pecharunt|74/100 brn
|
|-weather|none
|-damage|p2a: Pecharunt|68/100 brn|[from] brn
|upkeep
|turn|55
|inactive|MooFarmer has 60 seconds left.
|
|t:|1760387028
|move|p1a: Cinderace|Will-O-Wisp|p2a: Pecharunt
|-fail|p2a: Pecharunt|brn
|move|p2a: Pecharunt|Parting Shot|p1a: Cinderace
|-unboost|p1a: Cinderace|atk|1
|-unboost|p1a: Cinderace|spa|1
|
|t:|1760387031
|switch|p2a: Kingambit|Kingambit, M|63/100|[from] Parting Shot
|-damage|p2a: Kingambit|57/100|[from] Stealth Rock
|-activate|p2a: Kingambit|ability: Supreme Overlord
|-start|p2a: Kingambit|fallen4|[silent]
|-item|p2a: Kingambit|Air Balloon
|
|upkeep
|turn|56
|l| swagboss123456789
|
|t:|1760387039
|-end|p2a: Kingambit|fallen4|[silent]
|switch|p2a: Pecharunt|Pecharunt|68/100 brn
|move|p1a: Cinderace|Pyro Ball|p2a: Pecharunt
|-damage|p2a: Pecharunt|53/100 brn
|
|-damage|p2a: Pecharunt|47/100 brn|[from] brn
|upkeep
|turn|57
|
|t:|1760387047
|move|p1a: Cinderace|U-turn|p2a: Pecharunt
|-resisted|p2a: Pecharunt
|-damage|p2a: Pecharunt|45/100 brn
|
|t:|1760387054
|switch|p1a: Slowking|Slowking-Galar, L99, F|56/100|[from] U-turn
|move|p2a: Pecharunt|Recover|p2a: Pecharunt
|-heal|p2a: Pecharunt|95/100 brn
|
|-damage|p2a: Pecharunt|89/100 brn|[from] brn
|upkeep
|turn|58
|
|t:|1760387062
|switch|p1a: Cinderace|Cinderace, F, tera:Flying|76/100
|move|p2a: Pecharunt|Parting Shot|p1a: Cinderace
|-unboost|p1a: Cinderace|atk|1
|-unboost|p1a: Cinderace|spa|1
|j| Nikator98
|
|t:|1760387065
|switch|p2a: Kingambit|Kingambit, M|57/100|[from] Parting Shot
|-damage|p2a: Kingambit|50/100|[from] Stealth Rock
|-activate|p2a: Kingambit|ability: Supreme Overlord
|-start|p2a: Kingambit|fallen4|[silent]
|-item|p2a: Kingambit|Air Balloon
|
|upkeep
|turn|59
|inactive|MooFarmer has 90 seconds left.
|
|t:|1760387072
|move|p1a: Cinderace|Will-O-Wisp|p2a: Kingambit|[miss]
|-miss|p1a: Cinderace|p2a: Kingambit
|move|p2a: Kingambit|Kowtow Cleave|p1a: Cinderace
|-damage|p1a: Cinderace|0 fnt
|faint|p1a: Cinderace
|
|upkeep
|inactive|MooFarmer has 90 seconds left.
|l| bloodhound q50
|
|t:|1760387100
|switch|p1a: Slowking|Slowking-Galar, L99, F|90/100
|turn|60
|j| swagboss123456789
|
|t:|1760387118
|move|p2a: Kingambit|Kowtow Cleave|p1a: Slowking
|-supereffective|p1a: Slowking
|-damage|p1a: Slowking|0 fnt
|faint|p1a: Slowking
|
|win|Swiscool
|raw|MooFarmer's rating: 1829 &rarr; <strong>1816</strong><br />(-13 for losing)
|raw|Swiscool's rating: 1960 &rarr; <strong>1973</strong><br />(+13 for winning)
|l|☆MooFarmer
|player|p1|
|l| swagboss123456789
|l| shrek5baby
