|j|☆badds
|j|☆creedoqueen
|t:|1760433913
|gametype|singles
|player|p1|badds|266|1315
|player|p2|creedoqueen|alec-anime|1367
|gen|9
|tier|[Gen 9] OU
|rated|
|rule|HP Percentage Mod: HP is shown in percentages
|rule|Endless Battle Clause: Forcing endless battles is banned
|rule|Species Clause: Limit one of each Pokémon
|rule|OHKO Clause: OHKO moves are banned
|rule|Evasion Items Clause: Evasion items are banned
|rule|Evasion Moves Clause: Evasion moves are banned
|rule|Evasion Abilities Clause: Evasion abilities are banned
|rule|Sleep Moves Clause: Sleep-inducing moves are banned
|clearpoke
|poke|p1|Jirachi|
|poke|p1|Ceruledge, F|
|poke|p1|Glimmora, M|
|poke|p1|Rillaboom, M|
|poke|p1|Great Tusk|
|poke|p1|Tornadus-Therian, M|
|poke|p2|Pecharunt|
|poke|p2|Great Tusk|
|poke|p2|Ogerpon-Wellspring, F|
|poke|p2|Iron Crown|
|poke|p2|Landorus-Therian, M|
|poke|p2|Samurott-Hisui, F|
|teampreview
|
|t:|1760433925
|teamsize|p1|6
|teamsize|p2|6
|start
|switch|p1a: Glimmora|Glimmora, M|100/100
|switch|p2a: Iron Crown|Iron Crown|100/100
|turn|1
|
|t:|1760433930
|move|p2a: Iron Crown|Tachyon Cutter|p1a: Glimmora
|-supereffective|p1a: Glimmora
|-damage|p1a: Glimmora|2/100
|-supereffective|p1a: Glimmora
|-damage|p1a: Glimmora|0 fnt
|faint|p1a: Glimmora
|-hitcount|p1: Glimmora|2
|
|upkeep
|
|t:|1760433944
|switch|p1a: Jirachi|Jirachi|100/100
|turn|2
|
|t:|1760433947
|-end|p2a: Iron Crown|Quark Drive|[silent]
|switch|p2a: Samurott|Samurott-Hisui, F|100/100
|move|p1a: Jirachi|Iron Head|p2a: Samurott
|-resisted|p2a: Samurott
|-damage|p2a: Samurott|77/100
|
|upkeep
|turn|3
|
|t:|1760433953
|-terastallize|p1a: Jirachi|Steel
|move|p1a: Jirachi|Iron Head|p2a: Samurott
|-resisted|p2a: Samurott
|-damage|p2a: Samurott|43/100
|cant|p2a: Samurott|flinch
|
|upkeep
|turn|4
|
|t:|1760433959
|switch|p2a: Landorus|Landorus-Therian, M|100/100
|-ability|p2a: Landorus|Intimidate|boost
|-unboost|p1a: Jirachi|atk|1
|move|p1a: Jirachi|Iron Head|p2a: Landorus
|-damage|p2a: Landorus|58/100
|
|upkeep
|turn|5
|
|t:|1760433965
|switch|p1a: Rillaboom|Rillaboom, M|100/100
|-fieldstart|move: Grassy Terrain|[from] ability: Grassy Surge|[of] p1a: Rillaboom
|move|p2a: Landorus|U-turn|p1a: Rillaboom
|-supereffective|p1a: Rillaboom
|-damage|p1a: Rillaboom|42/100
|
|t:|1760433969
|switch|p2a: Pecharunt|Pecharunt|100/100|[from] U-turn
|
|-heal|p1a: Rillaboom|49/100|[from] Grassy Terrain
|upkeep
|turn|6
|
|t:|1760433976
|move|p1a: Rillaboom|Grassy Glide|p2a: Pecharunt
|-resisted|p2a: Pecharunt
|-damage|p2a: Pecharunt|86/100
|-damage|p1a: Rillaboom|32/100|[from] item: Rocky Helmet|[of] p2a: Pecharunt
|move|p2a: Pecharunt|Parting Shot|p1a: Rillaboom
|-unboost|p1a: Rillaboom|atk|1
|-unboost|p1a: Rillaboom|spa|1
|
|t:|1760433982
|switch|p2a: Iron Crown|Iron Crown|100/100|[from] Parting Shot
|
|-heal|p1a: Rillaboom|38/100|[from] Grassy Terrain
|upkeep
|turn|7
|
|t:|1760433989
|switch|p1a: Jirachi|Jirachi, tera:Steel|100/100
|move|p2a: Iron Crown|Tachyon Cutter|p1a: Jirachi
|-resisted|p1a: Jirachi
|-damage|p1a: Jirachi|80/100
|-resisted|p1a: Jirachi
|-damage|p1a: Jirachi|62/100
|-hitcount|p1a: Jirachi|2
|
|-heal|p1a: Jirachi|68/100|[from] Grassy Terrain
|upkeep
|turn|8
|
|t:|1760433996
|-end|p2a: Iron Crown|Quark Drive|[silent]
|switch|p2a: Pecharunt|Pecharunt|86/100
|move|p1a: Jirachi|U-turn|p2a: Pecharunt
|-resisted|p2a: Pecharunt
|-damage|p2a: Pecharunt|84/100
|-damage|p1a: Jirachi|52/100|[from] item: Rocky Helmet|[of] p2a: Pecharunt
|
|t:|1760434004
|switch|p1a: Great Tusk|Great Tusk|100/100|[from] U-turn
|
|-heal|p2a: Pecharunt|90/100|[from] Grassy Terrain
|upkeep
|turn|9
|
|t:|1760434033
|move|p1a: Great Tusk|Rapid Spin|p2a: Pecharunt
|-immune|p2a: Pecharunt
|move|p2a: Pecharunt|Parting Shot|p1a: Great Tusk
|-unboost|p1a: Great Tusk|atk|1
|-unboost|p1a: Great Tusk|spa|1
|
|t:|1760434045
|switch|p2a: Iron Crown|Iron Crown|100/100|[from] Parting Shot
|
|-fieldend|move: Grassy Terrain
|upkeep
|turn|10
|
|t:|1760434054
|move|p2a: Iron Crown|Psychic Noise|p1a: Great Tusk
|-supereffective|p1a: Great Tusk
|-damage|p1a: Great Tusk|0 fnt
|faint|p1a: Great Tusk
|-end|p1a: Great Tusk|Protosynthesis|[silent]
|
|upkeep
|
|t:|1760434066
|switch|p1a: Jirachi|Jirachi, tera:Steel|52/100
|turn|11
|
|t:|1760434070
|-end|p2a: Iron Crown|Quark Drive|[silent]
|switch|p2a: Landorus|Landorus-Therian, M|58/100
|-ability|p2a: Landorus|Intimidate|boost
|-unboost|p1a: Jirachi|atk|1
|move|p1a: Jirachi|Iron Head|p2a: Landorus
|-damage|p2a: Landorus|22/100
|
|upkeep
|turn|12
|
|t:|1760434074
|move|p2a: Landorus|Earthquake|p1a: Jirachi
|-supereffective|p1a: Jirachi
|-damage|p1a: Jirachi|0 fnt
|faint|p1a: Jirachi
|
|upkeep
|
|t:|1760434079
|switch|p1a: Tornadus|Tornadus-Therian, M|100/100
|turn|13
|
|t:|1760434084
|switch|p2a: Iron Crown|Iron Crown|100/100
|move|p1a: Tornadus|Nasty Plot|p1a: Tornadus
|-boost|p1a: Tornadus|spa|2
|
|upkeep
|turn|14
|
|t:|1760434095
|-end|p2a: Iron Crown|Quark Drive|[silent]
|switch|p2a: Samurott|Samurott-Hisui, F|43/100
|move|p1a: Tornadus|Heat Wave|p2a: Samurott
|-resisted|p2a: Samurott
|-damage|p2a: Samurott|10/100
|-status|p2a: Samurott|brn
|-damage|p1a: Tornadus|91/100|[from] item: Life Orb
|
|-damage|p2a: Samurott|4/100 brn|[from] brn
|upkeep
|turn|15
|
|t:|1760434100
|move|p2a: Samurott|Sucker Punch||[still]
|-fail|p2a: Samurott
|move|p1a: Tornadus|Nasty Plot|p1a: Tornadus
|-boost|p1a: Tornadus|spa|2
|
|-damage|p2a: Samurott|0 fnt|[from] brn
|faint|p2a: Samurott
|upkeep
|
|t:|1760434104
|switch|p2a: Landorus|Landorus-Therian, M|22/100
|-ability|p2a: Landorus|Intimidate|boost
|-unboost|p1a: Tornadus|atk|1
|turn|16
|
|t:|1760434116
|move|p2a: Landorus|Stone Edge|p1a: Tornadus|[miss]
|-miss|p2a: Landorus|p1a: Tornadus
|move|p1a: Tornadus|Grass Knot|p2a: Landorus
|-damage|p2a: Landorus|0 fnt
|faint|p2a: Landorus
|-damage|p1a: Tornadus|81/100|[from] item: Life Orb
|
|upkeep
|
|t:|1760434125
|switch|p2a: Ogerpon|Ogerpon-Wellspring, F|100/100
|turn|17
|
|t:|1760434130
|-terastallize|p2a: Ogerpon|Water
|detailschange|p2a: Ogerpon|Ogerpon-Wellspring-Tera, F, tera:Water
|-ability|p2a: Ogerpon|Embody Aspect (Wellspring)|boost
|-boost|p2a: Ogerpon|spd|1
|move|p1a: Tornadus|Bleakwind Storm|p2a: Ogerpon
|-damage|p2a: Ogerpon|0 fnt
|faint|p2a: Ogerpon
|detailschange|p2: Ogerpon|Ogerpon-Wellspring, F|[silent]
|-damage|p1a: Tornadus|71/100|[from] item: Life Orb
|
|upkeep
|-message|creedoqueen forfeited.
|
|win|badds
|raw|badds's rating: 1315 &rarr; <strong>1338</strong><br />(+23 for winning)
|raw|creedoqueen's rating: 1367 &rarr; <strong>1344</strong><br />(-23 for losing)
|l|☆creedoqueen
|player|p2|
|l|☆badds
|player|p1|
