|j|☆sappaling
|j|☆Hainana
|t:|1760415220
|gametype|singles
|player|p1|sappaling|unknown|1278
|player|p2|Hainana|265|1287
|gen|9
|tier|[Gen 9] OU
|rated|
|rule|HP Percentage Mod: HP is shown in percentages
|rule|Endless Battle Clause: Forcing endless battles is banned
|rule|Species Clause: Limit one of each Pokémon
|rule|OHKO Clause: OHKO moves are banned
|rule|Evasion Items Clause: Evasion items are banned
|rule|Evasion Moves Clause: Evasion moves are banned
|rule|Evasion Abilities Clause: Evasion abilities are banned
|rule|Sleep Moves Clause: Sleep-inducing moves are banned
|clearpoke
|poke|p1|Hydrapple, M|
|poke|p1|Samurott-Hisui, F|
|poke|p1|Typhlosion-Hisui, M|
|poke|p1|Ninetales-Alola, M|
|poke|p1|Kommo-o, M|
|poke|p1|Glimmora, M|
|poke|p2|Indeedee, M|
|poke|p2|Necrozma|
|poke|p2|Hitmonlee, M|
|poke|p2|Polteageist|
|poke|p2|Armarouge, F|
|poke|p2|Iron Treads|
|teampreview
|inactive|Battle timer is ON: inactive players will automatically lose when time's up. (requested by sappaling)
|
|t:|1760415230
|teamsize|p1|6
|teamsize|p2|6
|start
|switch|p1a: Samurott|Samurott-Hisui, F|100/100
|switch|p2a: Necrozma|Necrozma|100/100
|turn|1
|
|t:|1760415236
|move|p2a: Necrozma|Stealth Rock|p1a: Samurott
|-sidestart|p1: sappaling|move: Stealth Rock
|move|p1a: Samurott|Ceaseless Edge|p2a: Necrozma
|-supereffective|p2a: Necrozma
|-damage|p2a: Necrozma|37/100
|-sidestart|p2: Hainana|Spikes
|
|upkeep
|turn|2
|
|t:|1760415248
|move|p2a: Necrozma|Meteor Beam||[still]
|-prepare|p2a: Necrozma|Meteor Beam
|-boost|p2a: Necrozma|spa|1
|-enditem|p2a: Necrozma|Power Herb
|-anim|p2a: Necrozma|Meteor Beam|p1a: Samurott
|-damage|p1a: Samurott|43/100
|move|p1a: Samurott|Ceaseless Edge|p2a: Necrozma|[miss]
|-miss|p1a: Samurott|p2a: Necrozma
|
|upkeep
|turn|3
|
|t:|1760415258
|move|p2a: Necrozma|Heat Wave|p1a: Samurott
|-resisted|p1a: Samurott
|-damage|p1a: Samurott|21/100
|move|p1a: Samurott|Ceaseless Edge|p2a: Necrozma|[miss]
|-miss|p1a: Samurott|p2a: Necrozma
|
|upkeep
|turn|4
|
|t:|1760415265
|move|p2a: Necrozma|Heat Wave|p1a: Samurott|[miss]
|-miss|p2a: Necrozma|p1a: Samurott
|move|p1a: Samurott|Ceaseless Edge|p2a: Necrozma
|-supereffective|p2a: Necrozma
|-damage|p2a: Necrozma|0 fnt
|-sidestart|p2: Hainana|Spikes
|faint|p2a: Necrozma
|
|upkeep
|
|t:|1760415272
|switch|p2a: Indeedee|Indeedee, M|100/100
|-damage|p2a: Indeedee|84/100|[from] Spikes
|-fieldstart|move: Psychic Terrain|[from] ability: Psychic Surge|[of] p2a: Indeedee
|turn|5
|
|t:|1760415276
|move|p2a: Indeedee|Dazzling Gleam|p1a: Samurott
|-supereffective|p1a: Samurott
|-damage|p1a: Samurott|0 fnt
|faint|p1a: Samurott
|
|upkeep
|
|t:|1760415292
|switch|p1a: Glimmora|Glimmora, M|100/100
|-damage|p1a: Glimmora|88/100|[from] Stealth Rock
|turn|6
|
|t:|1760415299
|move|p2a: Indeedee|Expanding Force|p1a: Glimmora
|-supereffective|p1a: Glimmora
|-damage|p1a: Glimmora|0 fnt
|faint|p1a: Glimmora
|
|upkeep
|
|t:|1760415305
|switch|p1a: Hydrapple|Hydrapple, M|100/100
|-damage|p1a: Hydrapple|88/100|[from] Stealth Rock
|turn|7
|
|t:|1760415313
|-terastallize|p1a: Hydrapple|Fairy
|move|p2a: Indeedee|Dazzling Gleam|p1a: Hydrapple
|-damage|p1a: Hydrapple|72/100
|move|p1a: Hydrapple|Infestation|p2a: Indeedee
|-supereffective|p2a: Indeedee
|-damage|p2a: Indeedee|64/100
|-activate|p2a: Indeedee|move: Infestation|[of] p1a: Hydrapple
|
|-damage|p2a: Indeedee|52/100|[from] move: Infestation|[partiallytrapped]
|upkeep
|turn|8
|
|t:|1760415321
|move|p2a: Indeedee|Expanding Force|p1a: Hydrapple
|-damage|p1a: Hydrapple|26/100
|move|p1a: Hydrapple|Giga Drain|p2a: Indeedee
|-damage|p2a: Indeedee|0 fnt
|-heal|p1a: Hydrapple|42/100|[from] drain|[of] p2a: Indeedee
|faint|p2a: Indeedee
|
|upkeep
|
|t:|1760415325
|switch|p2a: Iron Treads|Iron Treads|100/100
|-damage|p2a: Iron Treads|84/100|[from] Spikes
|-enditem|p2a: Iron Treads|Booster Energy
|-activate|p2a: Iron Treads|ability: Quark Drive|[fromitem]
|-start|p2a: Iron Treads|quarkdrivespe
|turn|9
|
|t:|1760415332
|move|p2a: Iron Treads|Rapid Spin|p1a: Hydrapple
|-damage|p1a: Hydrapple|31/100
|-boost|p2a: Iron Treads|spe|1
|-sideend|p2: Hainana|Spikes|[from] move: Rapid Spin|[of] p2a: Iron Treads
|move|p1a: Hydrapple|Earth Power|p2a: Iron Treads
|-supereffective|p2a: Iron Treads
|-damage|p2a: Iron Treads|0 fnt
|faint|p2a: Iron Treads
|-end|p2a: Iron Treads|Quark Drive|[silent]
|
|upkeep
|
|t:|1760415338
|switch|p2a: Polteageist|Polteageist|100/100
|turn|10
|
|t:|1760415341
|move|p2a: Polteageist|Shell Smash|p2a: Polteageist
|-unboost|p2a: Polteageist|def|1
|-unboost|p2a: Polteageist|spd|1
|-boost|p2a: Polteageist|atk|2
|-boost|p2a: Polteageist|spa|2
|-boost|p2a: Polteageist|spe|2
|move|p1a: Hydrapple|Giga Drain|p2a: Polteageist
|-damage|p2a: Polteageist|31/100
|-heal|p1a: Hydrapple|53/100|[from] drain|[of] p2a: Polteageist
|
|upkeep
|turn|11
|
|t:|1760415346
|move|p2a: Polteageist|Stored Power|p1a: Hydrapple
|-damage|p1a: Hydrapple|0 fnt
|faint|p1a: Hydrapple
|
|upkeep
|
|t:|1760415354
|switch|p1a: Typhlosion|Typhlosion-Hisui, M|100/100
|-damage|p1a: Typhlosion|75/100|[from] Stealth Rock
|-item|p2a: Polteageist|Focus Sash|[from] ability: Frisk|[of] p1a: Typhlosion
|turn|12
|
|t:|1760415358
|move|p2a: Polteageist|Stored Power|p1a: Typhlosion
|-damage|p1a: Typhlosion|0 fnt
|faint|p1a: Typhlosion
|
|-fieldend|move: Psychic Terrain
|upkeep
|
|t:|1760415361
|switch|p1a: Kommo-o|Kommo-o, M|100/100
|-damage|p1a: Kommo-o|94/100|[from] Stealth Rock
|turn|13
|
|t:|1760415366
|move|p2a: Polteageist|Stored Power|p1a: Kommo-o
|-supereffective|p1a: Kommo-o
|-damage|p1a: Kommo-o|0 fnt
|faint|p1a: Kommo-o
|
|upkeep
|
|t:|1760415368
|switch|p1a: Ninetales|Ninetales-Alola, M|100/100
|-damage|p1a: Ninetales|76/100|[from] Stealth Rock
|-weather|Snowscape|[from] ability: Snow Warning|[of] p1a: Ninetales
|turn|14
|
|t:|1760415373
|move|p2a: Polteageist|Stored Power|p1a: Ninetales
|-damage|p1a: Ninetales|0 fnt
|faint|p1a: Ninetales
|
|win|Hainana
|raw|sappaling's rating: 1278 &rarr; <strong>1254</strong><br />(-24 for losing)
|raw|Hainana's rating: 1287 &rarr; <strong>1311</strong><br />(+24 for winning)
|l|☆sappaling
|player|p1|
|l|☆Hainana
|player|p2|
