|j|☆matougris
|j|☆wattinculo
|t:|1760436956
|gametype|singles
|player|p1|matougris|cameraman|1518
|player|p2|wattinculo|2|1590
|gen|9
|tier|[Gen 9] OU
|rated|
|rule|HP Percentage Mod: HP is shown in percentages
|rule|Endless Battle Clause: Forcing endless battles is banned
|rule|Species Clause: Limit one of each Pokémon
|rule|OHKO Clause: OHKO moves are banned
|rule|Evasion Items Clause: Evasion items are banned
|rule|Evasion Moves Clause: Evasion moves are banned
|rule|Evasion Abilities Clause: Evasion abilities are banned
|rule|Sleep Moves Clause: Sleep-inducing moves are banned
|clearpoke
|poke|p1|Ninetales, F|
|poke|p1|Walking Wake|
|poke|p1|Hatterene, F|
|poke|p1|Great Tusk|
|poke|p1|Venusaur, F|
|poke|p1|Kingambit, M|
|poke|p2|Dragapult, F|
|poke|p2|Ting-Lu|
|poke|p2|Corviknight, M|
|poke|p2|Primarina, F|
|poke|p2|Raging Bolt|
|poke|p2|Gholdengo|
|teampreview
|inactive|Battle timer is ON: inactive players will automatically lose when time's up. (requested by wattinculo)
|
|t:|1760436970
|teamsize|p1|6
|teamsize|p2|6
|start
|switch|p1a: africa|Great Tusk|100/100
|switch|p2a: Dragapult|Dragapult, F|100/100
|turn|1
|
|t:|1760436976
|-end|p1a: africa|Protosynthesis|[silent]
|switch|p1a: gargamelle|Hatterene, F|100/100
|move|p2a: Dragapult|U-turn|p1a: gargamelle
|-damage|p1a: gargamelle|71/100
|-enditem|p1a: gargamelle|Eject Button
|
|t:|1760436982
|switch|p1a: old gen|Ninetales, F|100/100
|-weather|SunnyDay|[from] ability: Drought|[of] p1a: old gen
|
|-weather|SunnyDay|[upkeep]
|upkeep
|turn|2
|
|t:|1760436990
|switch|p1a: tapefort|Kingambit, M, shiny|100/100
|move|p2a: Dragapult|U-turn|p1a: tapefort
|-damage|p1a: tapefort|75/100
|
|t:|1760437001
|switch|p2a: Corviknight|Corviknight, M|100/100|[from] U-turn
|-ability|p2a: Corviknight|Pressure
|
|-weather|SunnyDay|[upkeep]
|-heal|p1a: tapefort|81/100|[from] item: Leftovers
|upkeep
|turn|3
|
|t:|1760437007
|-end|p1a: tapefort|fallenundefined|[silent]
|switch|p1a: longue queue|Walking Wake|100/100
|-activate|p1a: longue queue|ability: Protosynthesis
|-start|p1a: longue queue|protosynthesisspe
|move|p2a: Corviknight|Brave Bird|p1a: longue queue
|-damage|p1a: longue queue|61/100
|-damage|p2a: Corviknight|89/100|[from] Recoil
|
|-weather|SunnyDay|[upkeep]
|upkeep
|turn|4
|
|t:|1760437012
|switch|p2a: Primarina|Primarina, F|100/100
|move|p1a: longue queue|Flamethrower|p2a: Primarina
|-resisted|p2a: Primarina
|-damage|p2a: Primarina|74/100
|-status|p2a: Primarina|brn
|
|-weather|SunnyDay|[upkeep]
|-damage|p2a: Primarina|68/100 brn|[from] brn
|upkeep
|turn|5
|
|t:|1760437024
|-end|p1a: longue queue|Protosynthesis|[silent]
|switch|p1a: croa croa|Venusaur, F|100/100
|move|p2a: Primarina|Draining Kiss|p1a: croa croa
|-resisted|p1a: croa croa
|-damage|p1a: croa croa|88/100
|-heal|p2a: Primarina|76/100 brn|[from] drain|[of] p1a: croa croa
|
|-weather|SunnyDay|[upkeep]
|-damage|p2a: Primarina|70/100 brn|[from] brn
|upkeep
|turn|6
|
|t:|1760437038
|switch|p2a: Dragapult|Dragapult, F|100/100
|-terastallize|p1a: croa croa|Fire
|move|p1a: croa croa|Growth|p1a: croa croa
|-boost|p1a: croa croa|atk|2
|-boost|p1a: croa croa|spa|2
|
|-weather|SunnyDay|[upkeep]
|upkeep
|turn|7
|
|t:|1760437046
|move|p2a: Dragapult|Sucker Punch|p1a: croa croa
|-damage|p1a: croa croa|40/100
|move|p1a: croa croa|Weather Ball|p2a: Dragapult
|-resisted|p2a: Dragapult
|-damage|p2a: Dragapult|0 fnt
|faint|p2a: Dragapult
|-damage|p1a: croa croa|30/100|[from] item: Life Orb
|
|-weather|SunnyDay|[upkeep]
|upkeep
|
|t:|1760437053
|switch|p2a: Raging Bolt|Raging Bolt|100/100
|-activate|p2a: Raging Bolt|ability: Protosynthesis
|-start|p2a: Raging Bolt|protosynthesisspa
|turn|8
|
|t:|1760437059
|switch|p1a: africa|Great Tusk|100/100
|-activate|p1a: africa|ability: Protosynthesis
|-start|p1a: africa|protosynthesisspe
|move|p2a: Raging Bolt|Thunderclap||[still]
|-fail|p2a: Raging Bolt
|
|-weather|none
|-end|p1a: africa|Protosynthesis
|-end|p2a: Raging Bolt|Protosynthesis
|upkeep
|-enditem|p2a: Raging Bolt|Booster Energy
|-activate|p2a: Raging Bolt|ability: Protosynthesis|[fromitem]
|-start|p2a: Raging Bolt|protosynthesisspa
|turn|9
|
|t:|1760437083
|-end|p1a: africa|Protosynthesis|[silent]
|switch|p1a: old gen|Ninetales, F|100/100
|-weather|SunnyDay|[from] ability: Drought|[of] p1a: old gen
|move|p2a: Raging Bolt|Dragon Pulse|p1a: old gen
|-damage|p1a: old gen|34/100
|
|-weather|SunnyDay|[upkeep]
|upkeep
|turn|10
|
|t:|1760437104
|move|p1a: old gen|Healing Wish|p1a: old gen
|faint|p1a: old gen
|move|p2a: Raging Bolt|Dragon Pulse|p1: old gen|[notarget]
|-fail|p2a: Raging Bolt
|
|-weather|SunnyDay|[upkeep]
|upkeep
|
|t:|1760437108
|switch|p1a: croa croa|Venusaur, F, tera:Fire|30/100
|-heal|p1a: croa croa|100/100|[from] move: Healing Wish
|turn|11
|
|t:|1760437117
|move|p1a: croa croa|Earth Power|p2a: Raging Bolt
|-supereffective|p2a: Raging Bolt
|-damage|p2a: Raging Bolt|29/100
|-damage|p1a: croa croa|91/100|[from] item: Life Orb
|move|p2a: Raging Bolt|Dragon Pulse|p1a: croa croa
|-damage|p1a: croa croa|16/100
|
|-weather|SunnyDay|[upkeep]
|upkeep
|turn|12
|
|t:|1760437125
|switch|p1a: gargamelle|Hatterene, F|71/100
|move|p2a: Raging Bolt|Thunderclap||[still]
|-fail|p2a: Raging Bolt
|
|-weather|SunnyDay|[upkeep]
|upkeep
|turn|13
|
|t:|1760437147
|move|p2a: Raging Bolt|Dragon Pulse|p1a: gargamelle
|-immune|p1a: gargamelle
|move|p1a: gargamelle|Nuzzle|p2a: Raging Bolt
|-resisted|p2a: Raging Bolt
|-damage|p2a: Raging Bolt|29/100
|
|-weather|SunnyDay|[upkeep]
|upkeep
|turn|14
|
|t:|1760437152
|move|p2a: Raging Bolt|Thunderbolt|p1a: gargamelle
|-damage|p1a: gargamelle|0 fnt
|faint|p1a: gargamelle
|
|-weather|SunnyDay|[upkeep]
|upkeep
|
|t:|1760437159
|switch|p1a: tapefort|Kingambit, M, shiny|81/100
|-activate|p1a: tapefort|ability: Supreme Overlord
|-start|p1a: tapefort|fallen2|[silent]
|turn|15
|
|t:|1760437163
|move|p2a: Raging Bolt|Thunderclap|p1a: tapefort
|-damage|p1a: tapefort|27/100
|move|p1a: tapefort|Kowtow Cleave|p2a: Raging Bolt
|-damage|p2a: Raging Bolt|0 fnt
|faint|p2a: Raging Bolt
|-end|p2a: Raging Bolt|Protosynthesis|[silent]
|
|-weather|SunnyDay|[upkeep]
|-heal|p1a: tapefort|33/100|[from] item: Leftovers
|upkeep
|inactive|wattinculo has 120 seconds left.
|
|t:|1760437198
|switch|p2a: Ting-Lu|Ting-Lu|100/100
|-ability|p2a: Ting-Lu|Vessel of Ruin
|turn|16
|
|t:|1760437211
|-end|p1a: tapefort|fallen2|[silent]
|switch|p1a: longue queue|Walking Wake|61/100
|-activate|p1a: longue queue|ability: Protosynthesis
|-start|p1a: longue queue|protosynthesisspe
|-terastallize|p2a: Ting-Lu|Water
|move|p2a: Ting-Lu|Stealth Rock|p1a: longue queue
|-sidestart|p1: matougris|move: Stealth Rock
|
|-weather|none
|-end|p1a: longue queue|Protosynthesis
|upkeep
|turn|17
|
|t:|1760437218
|switch|p2a: Primarina|Primarina, F|70/100 brn
|move|p1a: longue queue|Draco Meteor|p2a: Primarina
|-immune|p2a: Primarina
|
|-damage|p2a: Primarina|64/100 brn|[from] brn
|upkeep
|turn|18
|
|t:|1760437223
|-end|p1a: longue queue|Protosynthesis|[silent]
|switch|p1a: tapefort|Kingambit, M, shiny|33/100
|-damage|p1a: tapefort|27/100|[from] Stealth Rock
|-activate|p1a: tapefort|ability: Supreme Overlord
|-start|p1a: tapefort|fallen2|[silent]
|move|p2a: Primarina|Draining Kiss|p1a: tapefort
|-damage|p1a: tapefort|3/100
|-heal|p2a: Primarina|82/100 brn|[from] drain|[of] p1a: tapefort
|
|-heal|p1a: tapefort|10/100|[from] item: Leftovers
|-damage|p2a: Primarina|76/100 brn|[from] brn
|upkeep
|turn|19
|
|t:|1760437228
|move|p1a: tapefort|Kowtow Cleave|p2a: Primarina
|-resisted|p2a: Primarina
|-damage|p2a: Primarina|50/100 brn
|move|p2a: Primarina|Draining Kiss|p1a: tapefort
|-damage|p1a: tapefort|0 fnt
|-heal|p2a: Primarina|58/100 brn|[from] drain|[of] p1a: tapefort
|faint|p1a: tapefort
|-end|p1a: tapefort|fallen2|[silent]
|
|-damage|p2a: Primarina|52/100 brn|[from] brn
|upkeep
|
|t:|1760437231
|switch|p1a: africa|Great Tusk|100/100
|-damage|p1a: africa|98/100|[from] Stealth Rock
|turn|20
|
|t:|1760437235
|move|p1a: africa|Stealth Rock|p2a: Primarina
|-sidestart|p2: wattinculo|move: Stealth Rock
|move|p2a: Primarina|Surf|p1a: africa
|-supereffective|p1a: africa
|-damage|p1a: africa|0 fnt
|faint|p1a: africa
|-end|p1a: africa|Protosynthesis|[silent]
|
|-damage|p2a: Primarina|46/100 brn|[from] brn
|upkeep
|-message|matougris forfeited.
|
|win|wattinculo
|raw|matougris's rating: 1518 &rarr; <strong>1502</strong><br />(-16 for losing)
|raw|wattinculo's rating: 1590 &rarr; <strong>1606</strong><br />(+16 for winning)
|l|☆matougris
|player|p1|
|l|☆wattinculo
|player|p2|
