|j|☆venjazanzhes123
|j|☆jony483
|t:|1760393080
|gametype|singles
|player|p1|venjazanzhes123|clair|1502
|player|p2|jony483|misty|1536
|gen|9
|tier|[Gen 9] OU
|rated|
|rule|HP Percentage Mod: HP is shown in percentages
|rule|Endless Battle Clause: Forcing endless battles is banned
|rule|Species Clause: Limit one of each Pokémon
|rule|OHKO Clause: OHKO moves are banned
|rule|Evasion Items Clause: Evasion items are banned
|rule|Evasion Moves Clause: Evasion moves are banned
|rule|Evasion Abilities Clause: Evasion abilities are banned
|rule|Sleep Moves Clause: Sleep-inducing moves are banned
|clearpoke
|poke|p1|Gyarados, M|
|poke|p1|Arcanine, M|
|poke|p1|Scizor, M|
|poke|p1|Tyranitar, M|
|poke|p1|Venusaur, M|
|poke|p1|Vaporeon, M|
|poke|p2|Heatran, M|
|poke|p2|Darkrai|
|poke|p2|Ogerpon-Wellspring, F|
|poke|p2|Gholdengo|
|poke|p2|Zapdos|
|poke|p2|Zamazenta-*|
|teampreview
|
|t:|1760393098
|teamsize|p1|6
|teamsize|p2|6
|start
|switch|p1a: Arcanine|Arcanine, M|100/100
|switch|p2a: Ogerpon|Ogerpon-Wellspring, F|100/100
|-ability|p1a: Arcanine|Intimidate|boost
|-unboost|p2a: Ogerpon|atk|1
|turn|1
|
|t:|1760393102
|move|p2a: Ogerpon|U-turn|p1a: Arcanine
|-resisted|p1a: Arcanine
|-damage|p1a: Arcanine|89/100
|
|t:|1760393107
|switch|p2a: Heatran|Heatran, M|100/100|[from] U-turn
|move|p1a: Arcanine|Will-O-Wisp|p2a: Heatran
|-start|p2a: Heatran|ability: Flash Fire
|
|upkeep
|turn|2
|
|t:|1760393115
|switch|p1a: Vaporeon|Vaporeon, M|100/100
|-end|p2a: Heatran|ability: Flash Fire|[silent]
|switch|p2a: Zapdos|Zapdos|100/100
|
|upkeep
|turn|3
|
|t:|1760393123
|switch|p1a: Venusaur|Venusaur, M|100/100
|move|p2a: Zapdos|Volt Switch|p1a: Venusaur
|-resisted|p1a: Venusaur
|-damage|p1a: Venusaur|83/100
|
|t:|1760393130
|switch|p2a: Heatran|Heatran, M|100/100|[from] Volt Switch
|
|upkeep
|turn|4
|
|t:|1760393133
|switch|p2a: Zapdos|Zapdos|100/100
|move|p1a: Venusaur|Earth Power|p2a: Zapdos
|-immune|p2a: Zapdos
|
|upkeep
|turn|5
|
|t:|1760393137
|move|p1a: Venusaur|Synthesis|p1a: Venusaur
|-heal|p1a: Venusaur|100/100
|move|p2a: Zapdos|Thunder Wave|p1a: Venusaur
|-status|p1a: Venusaur|par
|
|upkeep
|turn|6
|
|t:|1760393141
|move|p2a: Zapdos|Hurricane|p1a: Venusaur
|-supereffective|p1a: Venusaur
|-damage|p1a: Venusaur|1/100 par
|-start|p1a: Venusaur|confusion
|-activate|p1a: Venusaur|confusion
|move|p1a: Venusaur|Earth Power|p2a: Zapdos
|-immune|p2a: Zapdos
|
|upkeep
|turn|7
|
|t:|1760393146
|move|p2a: Zapdos|Volt Switch|p1a: Venusaur
|-resisted|p1a: Venusaur
|-damage|p1a: Venusaur|0 fnt
|faint|p1a: Venusaur
|-message|venjazanzhes123 forfeited.
|
|win|jony483
|raw|venjazanzhes123's rating: 1502 &rarr; <strong>1484</strong><br />(-18 for losing)
|raw|jony483's rating: 1536 &rarr; <strong>1554</strong><br />(+18 for winning)
|l|☆venjazanzhes123
|player|p1|
|l|☆jony483
|player|p2|
