|j|☆matias nk
|j|☆jxrx
|t:|1760452404
|gametype|singles
|player|p1|matias nk|265|1361
|player|p2|jxrx|norman|1267
|gen|9
|tier|[Gen 9] OU
|rated|
|rule|HP Percentage Mod: HP is shown in percentages
|rule|Endless Battle Clause: Forcing endless battles is banned
|rule|Species Clause: Limit one of each Pokémon
|rule|OHKO Clause: OHKO moves are banned
|rule|Evasion Items Clause: Evasion items are banned
|rule|Evasion Moves Clause: Evasion moves are banned
|rule|Evasion Abilities Clause: Evasion abilities are banned
|rule|Sleep Moves Clause: Sleep-inducing moves are banned
|clearpoke
|poke|p1|Okidogi, M|
|poke|p1|Mandibuzz, F|
|poke|p1|Iron Boulder|
|poke|p1|Sinistcha-Masterpiece|
|poke|p1|Araquanid, M|
|poke|p1|Rotom-Heat|
|poke|p2|Heracross, M|
|poke|p2|Empoleon, M|
|poke|p2|Dragapult, M|
|poke|p2|Iron Treads|
|poke|p2|Jumpluff, M|
|poke|p2|Magnezone|
|teampreview
|inactive|Battle timer is ON: inactive players will automatically lose when time's up. (requested by jxrx)
|
|t:|1760452422
|teamsize|p1|6
|teamsize|p2|6
|start
|switch|p1a: Araquanid|Araquanid, M|100/100
|switch|p2a: Heracross|Heracross, M|100/100
|turn|1
|
|t:|1760452427
|move|p2a: Heracross|Knock Off|p1a: Araquanid
|-damage|p1a: Araquanid|70/100
|-enditem|p1a: Araquanid|Custap Berry|[from] move: Knock Off|[of] p2a: Heracross
|move|p1a: Araquanid|Sticky Web|p2a: Heracross
|-sidestart|p2: jxrx|move: Sticky Web
|
|upkeep
|turn|2
|
|t:|1760452431
|move|p2a: Heracross|Rock Blast|p1a: Araquanid
|-supereffective|p1a: Araquanid
|-damage|p1a: Araquanid|54/100
|-supereffective|p1a: Araquanid
|-damage|p1a: Araquanid|38/100
|-supereffective|p1a: Araquanid
|-damage|p1a: Araquanid|23/100
|-supereffective|p1a: Araquanid
|-damage|p1a: Araquanid|6/100
|-hitcount|p1a: Araquanid|4
|move|p1a: Araquanid|Endeavor|p2a: Heracross
|-damage|p2a: Heracross|7/100
|
|upkeep
|turn|3
|
|t:|1760452443
|move|p2a: Heracross|Rock Blast|p1a: Araquanid
|-supereffective|p1a: Araquanid
|-damage|p1a: Araquanid|0 fnt
|faint|p1a: Araquanid
|-hitcount|p1: Araquanid|1
|
|upkeep
|
|t:|1760452448
|switch|p1a: Rotom|Rotom-Heat|100/100
|turn|4
|
|t:|1760452454
|move|p1a: Rotom|Volt Switch|p2a: Heracross
|-damage|p2a: Heracross|0 fnt
|faint|p2a: Heracross
|
|t:|1760452458
|switch|p1a: Okidogi|Okidogi, M|100/100|[from] Volt Switch
|
|upkeep
|
|t:|1760452464
|switch|p2a: Iron Treads|Iron Treads|100/100
|turn|5
|
|t:|1760452467
|-end|p2a: Iron Treads|Quark Drive|[silent]
|switch|p2a: Jumpluff|Jumpluff, M|100/100
|move|p1a: Okidogi|Drain Punch|p2a: Jumpluff
|-resisted|p2a: Jumpluff
|-damage|p2a: Jumpluff|73/100
|
|-heal|p2a: Jumpluff|79/100|[from] item: Leftovers
|upkeep
|turn|6
|
|t:|1760452471
|move|p2a: Jumpluff|Encore|p1a: Okidogi
|-start|p1a: Okidogi|Encore
|move|p1a: Okidogi|Drain Punch|p2a: Jumpluff
|-resisted|p2a: Jumpluff
|-damage|p2a: Jumpluff|50/100
|
|-heal|p2a: Jumpluff|56/100|[from] item: Leftovers
|upkeep
|turn|7
|
|t:|1760452481
|switch|p1a: Rotom|Rotom-Heat|100/100
|move|p2a: Jumpluff|Substitute|p2a: Jumpluff
|-start|p2a: Jumpluff|Substitute
|-damage|p2a: Jumpluff|31/100
|
|-heal|p2a: Jumpluff|38/100|[from] item: Leftovers
|upkeep
|turn|8
|
|t:|1760452484
|move|p1a: Rotom|Volt Switch|p2a: Jumpluff
|-end|p2a: Jumpluff|Substitute
|
|t:|1760452487
|switch|p1a: Mandibuzz|Mandibuzz, F|100/100|[from] Volt Switch
|move|p2a: Jumpluff|Strength Sap|p1a: Mandibuzz
|-unboost|p1a: Mandibuzz|atk|1
|-heal|p2a: Jumpluff|72/100
|
|-heal|p2a: Jumpluff|78/100|[from] item: Leftovers
|upkeep
|turn|9
|
|t:|1760452494
|switch|p1a: Okidogi|Okidogi, M|100/100
|move|p2a: Jumpluff|Substitute|p2a: Jumpluff
|-start|p2a: Jumpluff|Substitute
|-damage|p2a: Jumpluff|53/100
|
|-heal|p2a: Jumpluff|59/100|[from] item: Leftovers
|upkeep
|turn|10
|
|t:|1760452496
|move|p2a: Jumpluff|Stun Spore|p1a: Okidogi
|-status|p1a: Okidogi|par
|move|p1a: Okidogi|Poison Jab|p2a: Jumpluff
|-supereffective|p2a: Jumpluff
|-end|p2a: Jumpluff|Substitute
|
|-heal|p2a: Jumpluff|65/100|[from] item: Leftovers
|upkeep
|turn|11
|
|t:|1760452503
|move|p2a: Jumpluff|Encore|p1a: Okidogi
|-start|p1a: Okidogi|Encore
|move|p1a: Okidogi|Poison Jab|p2a: Jumpluff
|-supereffective|p2a: Jumpluff
|-damage|p2a: Jumpluff|0 fnt
|faint|p2a: Jumpluff
|
|upkeep
|
|t:|1760452505
|switch|p2a: Empoleon|Empoleon, M|100/100
|-activate|p2a: Empoleon|move: Sticky Web
|-unboost|p2a: Empoleon|spe|1
|-ability|p2a: Empoleon|Competitive|boost
|-boost|p2a: Empoleon|spa|2
|turn|12
|
|t:|1760452519
|switch|p1a: Rotom|Rotom-Heat|100/100
|move|p2a: Empoleon|Agility|p2a: Empoleon
|-boost|p2a: Empoleon|spe|2
|
|upkeep
|turn|13
|
|t:|1760452527
|move|p1a: Rotom|Trick|p2a: Empoleon
|-activate|p1a: Rotom|move: Trick|[of] p2a: Empoleon
|-item|p2a: Empoleon|Choice Scarf|[from] move: Trick
|-item|p1a: Rotom|Leftovers|[from] move: Trick
|move|p2a: Empoleon|Surf|p1a: Rotom
|-supereffective|p1a: Rotom
|-damage|p1a: Rotom|0 fnt
|faint|p1a: Rotom
|
|upkeep
|
|t:|1760452538
|switch|p1a: Sinistcha|Sinistcha-Masterpiece|100/100
|turn|14
|
|t:|1760452542
|move|p2a: Empoleon|Surf|p1a: Sinistcha
|-resisted|p1a: Sinistcha
|-damage|p1a: Sinistcha|43/100
|move|p1a: Sinistcha|Calm Mind|p1a: Sinistcha
|-boost|p1a: Sinistcha|spa|1
|-boost|p1a: Sinistcha|spd|1
|
|-heal|p1a: Sinistcha|49/100|[from] item: Leftovers
|upkeep
|turn|15
|
|t:|1760452551
|move|p2a: Empoleon|Surf|p1a: Sinistcha
|-resisted|p1a: Sinistcha
|-damage|p1a: Sinistcha|14/100
|move|p1a: Sinistcha|Matcha Gotcha|p2a: Empoleon
|-damage|p2a: Empoleon|52/100
|-heal|p1a: Sinistcha|36/100|[from] drain|[of] p2a: Empoleon
|
|-heal|p1a: Sinistcha|42/100|[from] item: Leftovers
|upkeep
|turn|16
|
|t:|1760452558
|move|p2a: Empoleon|Surf|p1a: Sinistcha
|-resisted|p1a: Sinistcha
|-damage|p1a: Sinistcha|6/100
|move|p1a: Sinistcha|Matcha Gotcha|p2a: Empoleon
|-damage|p2a: Empoleon|4/100
|-heal|p1a: Sinistcha|28/100|[from] drain|[of] p2a: Empoleon
|
|-heal|p1a: Sinistcha|34/100|[from] item: Leftovers
|upkeep
|turn|17
|
|t:|1760452566
|move|p2a: Empoleon|Surf|p1a: Sinistcha
|-resisted|p1a: Sinistcha
|-damage|p1a: Sinistcha|0 fnt
|faint|p1a: Sinistcha
|
|upkeep
|
|t:|1760452572
|switch|p1a: Iron Boulder|Iron Boulder|100/100
|-enditem|p1a: Iron Boulder|Booster Energy
|-activate|p1a: Iron Boulder|ability: Quark Drive|[fromitem]
|-start|p1a: Iron Boulder|quarkdrivespe
|turn|18
|
|t:|1760452576
|move|p1a: Iron Boulder|Mighty Cleave|p2a: Empoleon
|-resisted|p2a: Empoleon
|-damage|p2a: Empoleon|0 fnt
|faint|p2a: Empoleon
|
|upkeep
|
|t:|1760452582
|switch|p2a: Iron Treads|Iron Treads|100/100
|turn|19
|
|t:|1760452595
|-terastallize|p2a: Iron Treads|Ghost
|move|p1a: Iron Boulder|Earthquake|p2a: Iron Treads
|-damage|p2a: Iron Treads|70/100
|move|p2a: Iron Treads|Earthquake|p1a: Iron Boulder
|-supereffective|p1a: Iron Boulder
|-damage|p1a: Iron Boulder|0 fnt
|faint|p1a: Iron Boulder
|-end|p1a: Iron Boulder|Quark Drive|[silent]
|
|upkeep
|
|t:|1760452599
|switch|p1a: Mandibuzz|Mandibuzz, F|100/100
|turn|20
|
|t:|1760452603
|-end|p2a: Iron Treads|Quark Drive|[silent]
|switch|p2a: Magnezone|Magnezone|100/100
|-activate|p2a: Magnezone|move: Sticky Web
|-unboost|p2a: Magnezone|spe|1
|move|p1a: Mandibuzz|Foul Play|p2a: Magnezone
|-damage|p2a: Magnezone|82/100
|
|upkeep
|turn|21
|
|t:|1760452610
|switch|p1a: Okidogi|Okidogi, M|100/100 par
|move|p2a: Magnezone|Thunderbolt|p1a: Okidogi
|-damage|p1a: Okidogi|51/100 par
|
|-heal|p1a: Okidogi|57/100 par|[from] item: Leftovers
|upkeep
|turn|22
|
|t:|1760452618
|switch|p2a: Iron Treads|Iron Treads, tera:Ghost|70/100
|cant|p1a: Okidogi|par
|
|-heal|p1a: Okidogi|63/100 par|[from] item: Leftovers
|upkeep
|turn|23
|
|t:|1760452621
|move|p2a: Iron Treads|Rapid Spin|p1a: Okidogi
|-damage|p1a: Okidogi|49/100 par
|-boost|p2a: Iron Treads|spe|1
|-sideend|p2: jxrx|Sticky Web|[from] move: Rapid Spin|[of] p2a: Iron Treads
|cant|p1a: Okidogi|par
|
|-heal|p1a: Okidogi|55/100 par|[from] item: Leftovers
|upkeep
|turn|24
|
|t:|1760452625
|move|p2a: Iron Treads|Earthquake|p1a: Okidogi
|-supereffective|p1a: Okidogi
|-damage|p1a: Okidogi|0 fnt
|faint|p1a: Okidogi
|
|upkeep
|
|t:|1760452627
|switch|p1a: Mandibuzz|Mandibuzz, F|100/100
|turn|25
|
|t:|1760452629
|move|p2a: Iron Treads|Ice Spinner|p1a: Mandibuzz
|-supereffective|p1a: Mandibuzz
|-damage|p1a: Mandibuzz|71/100
|move|p1a: Mandibuzz|Foul Play|p2a: Iron Treads
|-supereffective|p2a: Iron Treads
|-damage|p2a: Iron Treads|0 fnt
|faint|p2a: Iron Treads
|-end|p2a: Iron Treads|Quark Drive|[silent]
|
|upkeep
|
|t:|1760452632
|switch|p2a: Magnezone|Magnezone|82/100
|turn|26
|
|t:|1760452636
|move|p2a: Magnezone|Thunderbolt|p1a: Mandibuzz
|-supereffective|p1a: Mandibuzz
|-damage|p1a: Mandibuzz|0 fnt
|faint|p1a: Mandibuzz
|
|win|jxrx
|raw|matias nk's rating: 1361 &rarr; <strong>1336</strong><br />(-25 for losing)
|raw|jxrx's rating: 1267 &rarr; <strong>1299</strong><br />(+32 for winning)
|l|☆matias nk
|player|p1|
|l|☆jxrx
|player|p2|
