|j|☆zandin
|j|☆galinaito
|t:|1760364745
|gametype|singles
|player|p1|zandin|shadowtriad|1042
|player|p2|galinaito|nate|1065
|gen|9
|tier|[Gen 9] OU
|rated|
|rule|HP Percentage Mod: HP is shown in percentages
|rule|Endless Battle Clause: Forcing endless battles is banned
|rule|Species Clause: Limit one of each Pokémon
|rule|OHKO Clause: OHKO moves are banned
|rule|Evasion Items Clause: Evasion items are banned
|rule|Evasion Moves Clause: Evasion moves are banned
|rule|Evasion Abilities Clause: Evasion abilities are banned
|rule|Sleep Moves Clause: Sleep-inducing moves are banned
|clearpoke
|poke|p1|Enamorus, F|
|poke|p1|Golem-Alola, F|
|poke|p1|Sylveon, M|
|poke|p1|Decidueye-Hisui, M|
|poke|p1|Porygon-Z|
|poke|p1|Tauros, M|
|poke|p2|Scrafty, F|
|poke|p2|Slowking-Galar, F|
|poke|p2|Gholdengo|
|poke|p2|Scizor, M|
|poke|p2|Gliscor, F|
|poke|p2|Cinderace, F|
|teampreview
|
|t:|1760364759
|teamsize|p1|6
|teamsize|p2|6
|start
|switch|p1a: Enamorus|Enamorus, F|100/100
|switch|p2a: Slowking|Slowking-Galar, F|100/100
|turn|1
|inactive|Battle timer is ON: inactive players will automatically lose when time's up. (requested by galinaito)
|
|t:|1760364788
|switch|p1a: Tauros|Tauros, M|100/100
|-ability|p1a: Tauros|Intimidate|boost
|-unboost|p2a: Slowking|atk|1
|move|p2a: Slowking|Sludge Bomb|p1a: Tauros
|-damage|p1a: Tauros|24/100
|
|upkeep
|turn|2
|
|t:|1760364798
|move|p1a: Tauros|Tera Blast|p2a: Slowking
|-damage|p2a: Slowking|91/100
|move|p2a: Slowking|Future Sight|p1a: Tauros
|-start|p2a: Slowking|move: Future Sight
|
|upkeep
|turn|3
|
|t:|1760364810
|switch|p2a: Scrafty|Scrafty, F|100/100
|-ability|p2a: Scrafty|Intimidate|boost
|-unboost|p1a: Tauros|atk|1
|move|p1a: Tauros|Tera Blast|p2a: Scrafty
|-damage|p2a: Scrafty|88/100
|
|-heal|p2a: Scrafty|94/100|[from] item: Leftovers
|upkeep
|turn|4
|inactive|zandin has 120 seconds left.
|
|t:|1760364844
|move|p1a: Tauros|Tera Blast|p2a: Scrafty
|-crit|p2a: Scrafty
|-damage|p2a: Scrafty|76/100
|move|p2a: Scrafty|Bulk Up|p2a: Scrafty
|-boost|p2a: Scrafty|atk|1
|-boost|p2a: Scrafty|def|1
|
|-end|p1a: Tauros|move: Future Sight
|-damage|p1a: Tauros|0 fnt
|faint|p1a: Tauros
|-heal|p2a: Scrafty|82/100|[from] item: Leftovers
|upkeep
|inactive|zandin has 120 seconds left.
|
|t:|1760364854
|switch|p1a: Enamorus|Enamorus, F|100/100
|turn|5
|
|t:|1760364865
|switch|p2a: Gholdengo|Gholdengo|100/100
|-terastallize|p1a: Enamorus|Stellar
|move|p1a: Enamorus|Tera Blast|p2a: Gholdengo|[anim] Tera Blast Stellar
|-damage|p2a: Gholdengo|49/100
|-boost|p1a: Enamorus|atk|1
|-boost|p1a: Enamorus|spa|1
|
|upkeep
|turn|6
|
|t:|1760364886
|move|p1a: Enamorus|Tera Blast|p2a: Gholdengo|[anim] Tera Blast Stellar
|-damage|p2a: Gholdengo|0 fnt
|-boost|p1a: Enamorus|atk|1
|-boost|p1a: Enamorus|spa|1
|faint|p2a: Gholdengo
|
|upkeep
|
|t:|1760364893
|switch|p2a: Scizor|Scizor, M|100/100
|turn|7
|
|t:|1760364898
|move|p1a: Enamorus|Tera Blast|p2a: Scizor|[anim] Tera Blast Stellar
|-damage|p2a: Scizor|12/100
|-boost|p1a: Enamorus|atk|1
|-boost|p1a: Enamorus|spa|1
|-enditem|p2a: Scizor|Sitrus Berry|[eat]
|-heal|p2a: Scizor|36/100|[from] item: Sitrus Berry
|move|p2a: Scizor|Swords Dance|p2a: Scizor
|-boost|p2a: Scizor|atk|2
|
|upkeep
|turn|8
|
|t:|1760364908
|move|p2a: Scizor|Bullet Punch|p1a: Enamorus
|-supereffective|p1a: Enamorus
|-damage|p1a: Enamorus|0 fnt
|faint|p1a: Enamorus
|
|upkeep
|
|t:|1760364914
|switch|p1a: Golem|Golem-Alola, F|100/100
|turn|9
|
|t:|1760364922
|move|p2a: Scizor|Close Combat|p1a: Golem
|-supereffective|p1a: Golem
|-damage|p1a: Golem|0 fnt
|-unboost|p2a: Scizor|def|1
|-unboost|p2a: Scizor|spd|1
|faint|p1a: Golem
|
|upkeep
|
|t:|1760364933
|switch|p1a: Decidueye|Decidueye-Hisui, M|100/100
|turn|10
|
|t:|1760364939
|move|p2a: Scizor|Bullet Punch|p1a: Decidueye
|-damage|p1a: Decidueye|16/100
|move|p1a: Decidueye|Tera Blast|p2a: Scizor
|-resisted|p2a: Scizor
|-damage|p2a: Scizor|18/100
|
|upkeep
|turn|11
|
|t:|1760364946
|move|p2a: Scizor|Bullet Punch|p1a: Decidueye
|-damage|p1a: Decidueye|0 fnt
|faint|p1a: Decidueye
|
|upkeep
|
|t:|1760364950
|switch|p1a: Porygon-Z|Porygon-Z|100/100
|turn|12
|
|t:|1760364953
|move|p1a: Porygon-Z|Tera Blast|p2a: Scizor
|-resisted|p2a: Scizor
|-damage|p2a: Scizor|0 fnt
|faint|p2a: Scizor
|
|upkeep
|
|t:|1760364959
|switch|p2a: Scrafty|Scrafty, F|82/100
|-ability|p2a: Scrafty|Intimidate|boost
|-unboost|p1a: Porygon-Z|atk|1
|turn|13
|
|t:|1760364966
|move|p1a: Porygon-Z|Tera Blast|p2a: Scrafty
|-damage|p2a: Scrafty|32/100
|move|p2a: Scrafty|Bulk Up|p2a: Scrafty
|-boost|p2a: Scrafty|atk|1
|-boost|p2a: Scrafty|def|1
|
|-heal|p2a: Scrafty|38/100|[from] item: Leftovers
|upkeep
|turn|14
|
|t:|1760364976
|move|p1a: Porygon-Z|Tera Blast|p2a: Scrafty
|-damage|p2a: Scrafty|0 fnt
|faint|p2a: Scrafty
|
|upkeep
|
|t:|1760364988
|switch|p2a: Gliscor|Gliscor, F|100/100
|turn|15
|
|t:|1760364993
|move|p1a: Porygon-Z|Tera Blast|p2a: Gliscor
|-damage|p2a: Gliscor|26/100
|move|p2a: Gliscor|Toxic|p1a: Porygon-Z
|-status|p1a: Porygon-Z|tox
|
|-damage|p1a: Porygon-Z|94/100 tox|[from] psn
|-status|p2a: Gliscor|tox|[from] item: Toxic Orb
|upkeep
|turn|16
|
|t:|1760365003
|move|p2a: Gliscor|Protect|p2a: Gliscor
|-singleturn|p2a: Gliscor|Protect
|move|p1a: Porygon-Z|Tera Blast|p2a: Gliscor
|-activate|p2a: Gliscor|move: Protect
|
|-damage|p1a: Porygon-Z|82/100 tox|[from] psn
|-heal|p2a: Gliscor|38/100 tox|[from] ability: Poison Heal
|upkeep
|turn|17
|
|t:|1760365028
|move|p1a: Porygon-Z|Tera Blast|p2a: Gliscor
|-damage|p2a: Gliscor|0 fnt
|faint|p2a: Gliscor
|
|-damage|p1a: Porygon-Z|64/100 tox|[from] psn
|upkeep
|
|t:|1760365036
|switch|p2a: Cinderace|Cinderace, F|100/100
|turn|18
|
|t:|1760365041
|-terastallize|p2a: Cinderace|Fire
|move|p1a: Porygon-Z|Tera Blast|p2a: Cinderace
|-damage|p2a: Cinderace|19/100
|move|p2a: Cinderace|Pyro Ball|p1a: Porygon-Z
|-damage|p1a: Porygon-Z|0 fnt
|faint|p1a: Porygon-Z
|
|upkeep
|
|t:|1760365049
|switch|p1a: Sylveon|Sylveon, M|100/100
|turn|19
|
|t:|1760365054
|move|p2a: Cinderace|Pyro Ball|p1a: Sylveon
|-damage|p1a: Sylveon|0 fnt
|faint|p1a: Sylveon
|
|win|galinaito
|raw|zandin's rating: 1042 &rarr; <strong>1027</strong><br />(-15 for losing)
|raw|galinaito's rating: 1065 &rarr; <strong>1093</strong><br />(+28 for winning)
|l|☆galinaito
|player|p2|
