|j|☆aawwa
|j|☆thevoard3333
|t:|1760360230
|gametype|singles
|player|p1|aawwa|bianca-masters|1340
|player|p2|thevoard3333|265|1315
|gen|9
|tier|[Gen 9] OU
|rated|
|rule|HP Percentage Mod: HP is shown in percentages
|rule|Endless Battle Clause: Forcing endless battles is banned
|rule|Species Clause: Limit one of each Pokémon
|rule|OHKO Clause: OHKO moves are banned
|rule|Evasion Items Clause: Evasion items are banned
|rule|Evasion Moves Clause: Evasion moves are banned
|rule|Evasion Abilities Clause: Evasion abilities are banned
|rule|Sleep Moves Clause: Sleep-inducing moves are banned
|clearpoke
|poke|p1|Weavile, F|
|poke|p1|Pecharunt|
|poke|p1|Ting-Lu|
|poke|p1|Tinkaton, F|
|poke|p1|Keldeo-Resolute|
|poke|p1|Dragonite, F|
|poke|p2|Haxorus, M|
|poke|p2|Ninetales-Alola, F|
|poke|p2|Mamoswine, F|
|poke|p2|Corviknight, M|
|poke|p2|Frosmoth, F|
|poke|p2|Azumarill, M|
|teampreview
|inactive|Battle timer is ON: inactive players will automatically lose when time's up. (requested by aawwa)
|
|t:|1760360242
|teamsize|p1|6
|teamsize|p2|6
|start
|switch|p1a: sillie|Tinkaton, F|100/100
|switch|p2a: Ninetales|Ninetales-Alola, F|100/100
|-weather|Snowscape|[from] ability: Snow Warning|[of] p2a: Ninetales
|-item|p1a: sillie|Air Balloon
|turn|1
|
|t:|1760360261
|move|p2a: Ninetales|Aurora Veil|p2a: Ninetales
|-sidestart|p2: thevoard3333|move: Aurora Veil
|move|p1a: sillie|Gigaton Hammer|p2a: Ninetales
|-supereffective|p2a: Ninetales
|-damage|p2a: Ninetales|30/100
|
|-weather|Snowscape|[upkeep]
|upkeep
|turn|2
|
|t:|1760360266
|move|p2a: Ninetales|Encore|p1a: sillie
|-start|p1a: sillie|Encore
|move|p1a: sillie|Gigaton Hammer|p2a: Ninetales
|-supereffective|p2a: Ninetales
|-damage|p2a: Ninetales|0 fnt
|faint|p2a: Ninetales
|-hint|Some effects can force a Pokemon to use Gigaton Hammer again in a row.
|
|-weather|Snowscape|[upkeep]
|upkeep
|
|t:|1760360274
|switch|p2a: Azumarill|Azumarill, M|100/100
|turn|3
|c|☆aawwa|i really like that interaction
|
|t:|1760360287
|switch|p1a: goomie|Pecharunt|100/100
|-terastallize|p2a: Azumarill|Water
|move|p2a: Azumarill|Belly Drum|p2a: Azumarill
|-damage|p2a: Azumarill|50/100
|-setboost|p2a: Azumarill|atk|6|[from] move: Belly Drum
|-enditem|p2a: Azumarill|Sitrus Berry|[eat]
|-heal|p2a: Azumarill|75/100|[from] item: Sitrus Berry
|
|-weather|Snowscape|[upkeep]
|upkeep
|turn|4
|
|t:|1760360309
|move|p1a: goomie|Malignant Chain|p2a: Azumarill
|-damage|p2a: Azumarill|61/100
|-status|p2a: Azumarill|tox
|-start|p2a: Azumarill|confusion|[from] ability: Poison Puppeteer|[of] p1a: goomie
|-activate|p2a: Azumarill|confusion
|move|p2a: Azumarill|Knock Off|p1a: goomie
|-supereffective|p1a: goomie
|-damage|p1a: goomie|0 fnt
|-enditem|p1a: goomie|Heavy-Duty Boots|[from] move: Knock Off|[of] p2a: Azumarill
|faint|p1a: goomie
|
|-weather|Snowscape|[upkeep]
|-damage|p2a: Azumarill|54/100 tox|[from] psn
|upkeep
|c|☆thevoard3333|lol
|inactive|aawwa has 120 seconds left.
|
|t:|1760360331
|switch|p1a: sillie|Tinkaton, F|100/100
|-item|p1a: sillie|Air Balloon
|turn|5
|inactive|aawwa has 120 seconds left.
|
|t:|1760360338
|-end|p2a: Azumarill|confusion
|move|p2a: Azumarill|Aqua Jet|p1a: sillie
|-crit|p1a: sillie
|-damage|p1a: sillie|0 fnt
|-enditem|p1a: sillie|Air Balloon
|faint|p1a: sillie
|
|-weather|none
|-damage|p2a: Azumarill|42/100 tox|[from] psn
|upkeep
|inactive|aawwa has 120 seconds left.
|
|t:|1760360373
|switch|p1a: barnie|Dragonite, F|100/100
|turn|6
|
|t:|1760360378
|move|p1a: barnie|Extreme Speed|p2a: Azumarill
|-damage|p2a: Azumarill|26/100 tox
|move|p2a: Azumarill|Play Rough|p1a: barnie|[miss]
|-miss|p2a: Azumarill|p1a: barnie
|
|-damage|p2a: Azumarill|8/100 tox|[from] psn
|upkeep
|turn|7
|
|t:|1760360384
|move|p1a: barnie|Extreme Speed|p2a: Azumarill
|-damage|p2a: Azumarill|0 fnt
|faint|p2a: Azumarill
|
|upkeep
|
|t:|1760360389
|switch|p2a: Frosmoth|Frosmoth, F|100/100
|turn|8
|inactive|aawwa has 120 seconds left.
|
|t:|1760360400
|switch|p1a: horsie|Ting-Lu|100/100
|-ability|p1a: horsie|Vessel of Ruin
|move|p2a: Frosmoth|Quiver Dance|p2a: Frosmoth
|-boost|p2a: Frosmoth|spa|1
|-boost|p2a: Frosmoth|spd|1
|-boost|p2a: Frosmoth|spe|1
|
|-sideend|p2: thevoard3333|move: Aurora Veil
|upkeep
|turn|9
|
|t:|1760360405
|move|p2a: Frosmoth|Ice Beam|p1a: horsie
|-supereffective|p1a: horsie
|-damage|p1a: horsie|30/100
|move|p1a: horsie|Whirlwind|p2a: Frosmoth
|drag|p2a: Mamoswine|Mamoswine, F|100/100
|
|-heal|p1a: horsie|36/100|[from] item: Leftovers
|upkeep
|turn|10
|
|t:|1760360412
|switch|p1a: chewie|Weavile, F|100/100
|-ability|p1a: chewie|Pressure
|move|p2a: Mamoswine|Trailblaze|p1a: chewie
|-damage|p1a: chewie|65/100
|-boost|p2a: Mamoswine|spe|1
|
|upkeep
|turn|11
|
|t:|1760360420
|switch|p1a: ponie|Keldeo-Resolute|100/100
|move|p2a: Mamoswine|Earthquake|p1a: ponie
|-damage|p1a: ponie|35/100
|
|upkeep
|turn|12
|
|t:|1760360427
|move|p2a: Mamoswine|Earthquake|p1a: ponie
|-damage|p1a: ponie|0 fnt
|faint|p1a: ponie
|
|upkeep
|
|t:|1760360431
|switch|p1a: barnie|Dragonite, F|100/100
|turn|13
|
|t:|1760360438
|move|p2a: Mamoswine|Icicle Crash|p1a: barnie
|-supereffective|p1a: barnie
|-damage|p1a: barnie|1/100
|cant|p1a: barnie|flinch
|
|upkeep
|turn|14
|c|☆aawwa|played badly gg
|-message|aawwa forfeited.
|
|win|thevoard3333
|raw|aawwa's rating: 1340 &rarr; <strong>1319</strong><br />(-21 for losing)
|raw|thevoard3333's rating: 1315 &rarr; <strong>1336</strong><br />(+21 for winning)
|l|☆aawwa
|player|p1|
|c|☆thevoard3333|gg
|l|☆thevoard3333
|player|p2|
