|j|☆apotato135
|j|☆PINGaBurger
|t:|1760318899
|gametype|singles
|player|p1|apotato135|swimmer-gen4dp|1632
|player|p2|PINGaBurger|266|1604
|gen|9
|tier|[Gen 9] OU
|rated|
|rule|HP Percentage Mod: HP is shown in percentages
|rule|Endless Battle Clause: Forcing endless battles is banned
|rule|Species Clause: Limit one of each Pokémon
|rule|OHKO Clause: OHKO moves are banned
|rule|Evasion Items Clause: Evasion items are banned
|rule|Evasion Moves Clause: Evasion moves are banned
|rule|Evasion Abilities Clause: Evasion abilities are banned
|rule|Sleep Moves Clause: Sleep-inducing moves are banned
|clearpoke
|poke|p1|Rillaboom, F|
|poke|p1|Ogerpon-Wellspring, F|
|poke|p1|Heracross, M|
|poke|p1|Weezing-Galar, M|
|poke|p1|Raging Bolt|
|poke|p1|Landorus-Therian, M|
|poke|p2|Maushold|
|poke|p2|Iron Boulder|
|poke|p2|Iron Valiant|
|poke|p2|Deoxys-Speed|
|poke|p2|Indeedee, M|
|poke|p2|Kyurem|
|teampreview
|
|t:|1760318918
|teamsize|p1|6
|teamsize|p2|6
|start
|switch|p1a: Rillaboom|Rillaboom, F|100/100
|switch|p2a: Kyurem|Kyurem|100/100
|-ability|p2a: Kyurem|Pressure
|-fieldstart|move: Grassy Terrain|[from] ability: Grassy Surge|[of] p1a: Rillaboom
|turn|1
|inactive|Battle timer is ON: inactive players will automatically lose when time's up. (requested by apotato135)
|
|t:|1760318927
|switch|p1a: Ogerpon|Ogerpon-Wellspring, F|100/100
|move|p2a: Kyurem|Dragon Dance|p2a: Kyurem
|-boost|p2a: Kyurem|atk|1
|-boost|p2a: Kyurem|spe|1
|
|upkeep
|turn|2
|
|t:|1760318936
|switch|p1a: Landorus|Landorus-Therian, M|100/100
|-ability|p1a: Landorus|Intimidate|boost
|-unboost|p2a: Kyurem|atk|1
|move|p2a: Kyurem|Scale Shot|p1a: Landorus
|-crit|p1a: Landorus
|-damage|p1a: Landorus|82/100
|-damage|p1a: Landorus|69/100
|-damage|p1a: Landorus|57/100
|-damage|p1a: Landorus|46/100
|-hitcount|p1a: Landorus|4
|-unboost|p2a: Kyurem|def|1
|-boost|p2a: Kyurem|spe|1
|
|upkeep
|turn|3
|
|t:|1760318943
|move|p2a: Kyurem|Dragon Dance|p2a: Kyurem
|-boost|p2a: Kyurem|atk|1
|-boost|p2a: Kyurem|spe|1
|move|p1a: Landorus|Stealth Rock|p2a: Kyurem
|-sidestart|p2: PINGaBurger|move: Stealth Rock
|
|upkeep
|turn|4
|
|t:|1760318951
|move|p2a: Kyurem|Dragon Dance|p2a: Kyurem
|-boost|p2a: Kyurem|atk|1
|-boost|p2a: Kyurem|spe|1
|move|p1a: Landorus|Earth Power|p2a: Kyurem
|-damage|p2a: Kyurem|71/100
|
|-heal|p2a: Kyurem|77/100|[from] Grassy Terrain
|upkeep
|turn|5
|
|t:|1760318964
|move|p2a: Kyurem|Dragon Dance|p2a: Kyurem
|-boost|p2a: Kyurem|atk|1
|-boost|p2a: Kyurem|spe|1
|move|p1a: Landorus|Earth Power|p2a: Kyurem
|-damage|p2a: Kyurem|46/100
|
|-heal|p2a: Kyurem|52/100|[from] Grassy Terrain
|upkeep
|turn|6
|
|t:|1760318973
|move|p2a: Kyurem|Icicle Spear|p1a: Landorus
|-supereffective|p1a: Landorus
|-damage|p1a: Landorus|0 fnt
|faint|p1a: Landorus
|-hitcount|p1: Landorus|1
|
|-heal|p2a: Kyurem|59/100|[from] Grassy Terrain
|upkeep
|
|t:|1760318979
|switch|p1a: Ogerpon|Ogerpon-Wellspring, F|100/100
|turn|7
|
|t:|1760318985
|-terastallize|p1a: Ogerpon|Water
|detailschange|p1a: Ogerpon|Ogerpon-Wellspring-Tera, F, tera:Water
|-ability|p1a: Ogerpon|Embody Aspect (Wellspring)|boost
|-boost|p1a: Ogerpon|spd|1
|move|p2a: Kyurem|Icicle Spear|p1a: Ogerpon
|-resisted|p1a: Ogerpon
|-damage|p1a: Ogerpon|81/100
|-resisted|p1a: Ogerpon
|-damage|p1a: Ogerpon|62/100
|-resisted|p1a: Ogerpon
|-damage|p1a: Ogerpon|41/100
|-resisted|p1a: Ogerpon
|-damage|p1a: Ogerpon|20/100
|-hitcount|p1a: Ogerpon|4
|move|p1a: Ogerpon|Play Rough|p2a: Kyurem
|-supereffective|p2a: Kyurem
|-damage|p2a: Kyurem|0 fnt
|faint|p2a: Kyurem
|
|-heal|p1a: Ogerpon|26/100|[from] Grassy Terrain
|upkeep
|
|t:|1760319012
|switch|p2a: Maushold|Maushold|100/100
|-damage|p2a: Maushold|88/100|[from] Stealth Rock
|turn|8
|
|t:|1760319019
|move|p1a: Ogerpon|Grassy Glide|p2a: Maushold
|-damage|p2a: Maushold|19/100
|move|p2a: Maushold|Tidy Up|p2a: Maushold
|-sideend|p2: PINGaBurger|Stealth Rock
|-activate|p2a: Maushold|move: Tidy Up
|-boost|p2a: Maushold|atk|1
|-boost|p2a: Maushold|spe|1
|
|-heal|p2a: Maushold|25/100|[from] Grassy Terrain
|-heal|p1a: Ogerpon|32/100|[from] Grassy Terrain
|-fieldend|move: Grassy Terrain
|upkeep
|turn|9
|
|t:|1760319023
|switch|p1a: Rillaboom|Rillaboom, F|100/100
|-fieldstart|move: Grassy Terrain|[from] ability: Grassy Surge|[of] p1a: Rillaboom
|move|p2a: Maushold|Population Bomb|p1a: Rillaboom
|-damage|p1a: Rillaboom|84/100
|-damage|p1a: Rillaboom|70/100
|-damage|p1a: Rillaboom|55/100
|-damage|p1a: Rillaboom|40/100
|-damage|p1a: Rillaboom|24/100
|-crit|p1a: Rillaboom
|-damage|p1a: Rillaboom|0 fnt
|faint|p1a: Rillaboom
|-hitcount|p1: Rillaboom|6
|
|-heal|p2a: Maushold|32/100|[from] Grassy Terrain
|upkeep
|
|t:|1760319027
|switch|p1a: Ogerpon|Ogerpon-Wellspring-Tera, F, tera:Water|32/100
|-ability|p1a: Ogerpon|Embody Aspect (Wellspring)|boost
|-boost|p1a: Ogerpon|spd|1
|turn|10
|
|t:|1760319048
|switch|p2a: Indeedee|Indeedee, M, shiny|100/100
|-fieldstart|move: Psychic Terrain|[from] ability: Psychic Surge|[of] p2a: Indeedee
|move|p1a: Ogerpon|Grassy Glide|p2a: Indeedee
|-damage|p2a: Indeedee|20/100
|
|upkeep
|turn|11
|
|t:|1760319057
|move|p1a: Ogerpon|Ivy Cudgel|p2a: Indeedee|[anim] Ivy Cudgel Water
|-damage|p2a: Indeedee|0 fnt
|faint|p2a: Indeedee
|
|upkeep
|
|t:|1760319063
|switch|p2a: Mutant|Deoxys-Speed, shiny|100/100
|-ability|p2a: Mutant|Pressure
|turn|12
|
|t:|1760319067
|move|p2a: Mutant|Expanding Force|p1a: Ogerpon
|-damage|p1a: Ogerpon|0 fnt
|faint|p1a: Ogerpon
|detailschange|p1: Ogerpon|Ogerpon-Wellspring, F|[silent]
|-damage|p2a: Mutant|91/100|[from] item: Life Orb
|
|upkeep
|
|t:|1760319071
|switch|p1a: Raging Bolt|Raging Bolt|100/100
|turn|13
|
|t:|1760319076
|move|p2a: Mutant|Expanding Force|p1a: Raging Bolt
|-damage|p1a: Raging Bolt|19/100
|-damage|p2a: Mutant|81/100|[from] item: Life Orb
|move|p1a: Raging Bolt|Discharge|p2a: Mutant
|-damage|p2a: Mutant|8/100
|-status|p2a: Mutant|par
|
|upkeep
|turn|14
|
|t:|1760319082
|move|p2a: Mutant|Expanding Force|p1a: Raging Bolt
|-damage|p1a: Raging Bolt|0 fnt
|faint|p1a: Raging Bolt
|-end|p1a: Raging Bolt|Protosynthesis|[silent]
|-damage|p2a: Mutant|0 fnt|[from] item: Life Orb
|faint|p2a: Mutant
|
|upkeep
|
|t:|1760319088
|switch|p2a: Iron Valiant|Iron Valiant|100/100
|switch|p1a: Weezing|Weezing-Galar, M|100/100
|-ability|p1a: Weezing|Neutralizing Gas
|turn|15
|
|t:|1760319095
|-terastallize|p2a: Iron Valiant|Ghost
|move|p2a: Iron Valiant|Calm Mind|p2a: Iron Valiant
|-boost|p2a: Iron Valiant|spa|1
|-boost|p2a: Iron Valiant|spd|1
|move|p1a: Weezing|Sludge Bomb|p2a: Iron Valiant
|-resisted|p2a: Iron Valiant
|-damage|p2a: Iron Valiant|84/100
|-status|p2a: Iron Valiant|psn
|
|-damage|p2a: Iron Valiant|72/100 psn|[from] psn
|upkeep
|turn|16
|
|t:|1760319112
|move|p2a: Iron Valiant|Calm Mind|p2a: Iron Valiant
|-boost|p2a: Iron Valiant|spa|1
|-boost|p2a: Iron Valiant|spd|1
|move|p1a: Weezing|Pain Split|p2a: Iron Valiant
|-sethp|p2a: Iron Valiant|94/100 psn|[from] move: Pain Split|[silent]
|-sethp|p1a: Weezing|81/100|[from] move: Pain Split
|
|-damage|p2a: Iron Valiant|81/100 psn|[from] psn
|upkeep
|turn|17
|
|t:|1760319117
|move|p2a: Iron Valiant|Psyshock|p1a: Weezing
|-supereffective|p1a: Weezing
|-damage|p1a: Weezing|0 fnt
|faint|p1a: Weezing
|-end|p1a: Weezing|ability: Neutralizing Gas
|-enditem|p2a: Iron Valiant|Booster Energy
|-activate|p2a: Iron Valiant|ability: Quark Drive|[fromitem]
|-start|p2a: Iron Valiant|quarkdrivespa
|
|-damage|p2a: Iron Valiant|69/100 psn|[from] psn
|-fieldend|move: Psychic Terrain
|upkeep
|
|t:|1760319120
|switch|p1a: Heracross|Heracross, M|100/100
|turn|18
|
|t:|1760319125
|move|p2a: Iron Valiant|Psyshock|p1a: Heracross
|-supereffective|p1a: Heracross
|-damage|p1a: Heracross|0 fnt
|faint|p1a: Heracross
|
|win|PINGaBurger
|raw|apotato135's rating: 1632 &rarr; <strong>1610</strong><br />(-22 for losing)
|raw|PINGaBurger's rating: 1604 &rarr; <strong>1626</strong><br />(+22 for winning)
|l|☆PINGaBurger
|player|p2|
|l|☆apotato135
|player|p1|
