|j|☆LVL62Monoco
|j|☆Anonymalous
|t:|1760361744
|gametype|singles
|player|p1|LVL62Monoco|266|1355
|player|p2|Anonymalous|unknown|1411
|gen|9
|tier|[Gen 9] OU
|rated|
|rule|HP Percentage Mod: HP is shown in percentages
|rule|Endless Battle Clause: Forcing endless battles is banned
|rule|Species Clause: Limit one of each Pokémon
|rule|OHKO Clause: OHKO moves are banned
|rule|Evasion Items Clause: Evasion items are banned
|rule|Evasion Moves Clause: Evasion moves are banned
|rule|Evasion Abilities Clause: Evasion abilities are banned
|rule|Sleep Moves Clause: Sleep-inducing moves are banned
|clearpoke
|poke|p1|Probopass, F|
|poke|p1|Iron Crown|
|poke|p1|Sinistcha|
|poke|p1|Grimmsnarl, M|
|poke|p1|Kyurem|
|poke|p1|Great Tusk|
|poke|p2|Slowking-Galar, F|
|poke|p2|Kingambit, F|
|poke|p2|Landorus-Therian, M|
|poke|p2|Iron Valiant|
|poke|p2|Corviknight, F|
|poke|p2|Primarina, F|
|teampreview
|
|t:|1760361756
|teamsize|p1|6
|teamsize|p2|6
|start
|switch|p1a: Grimmsnarl|Grimmsnarl, M|100/100
|switch|p2a: Primarina|Primarina, F|100/100
|turn|1
|inactive|Battle timer is ON: inactive players will automatically lose when time's up. (requested by LVL62Monoco)
|
|t:|1760361761
|move|p1a: Grimmsnarl|Light Screen|p1a: Grimmsnarl
|-sidestart|p1: LVL62Monoco|move: Light Screen
|move|p2a: Primarina|Moonblast|p1a: Grimmsnarl
|-supereffective|p1a: Grimmsnarl
|-damage|p1a: Grimmsnarl|52/100
|
|upkeep
|turn|2
|
|t:|1760361769
|move|p1a: Grimmsnarl|Parting Shot|p2a: Primarina
|-unboost|p2a: Primarina|atk|1
|-unboost|p2a: Primarina|spa|1
|
|t:|1760361773
|switch|p1a: Sinistcha|Sinistcha|100/100|[from] Parting Shot
|move|p2a: Primarina|Moonblast|p1a: Sinistcha
|-damage|p1a: Sinistcha|83/100
|
|upkeep
|turn|3
|
|t:|1760361781
|switch|p2a: Corviknight|Corviknight, F|100/100
|move|p1a: Sinistcha|Calm Mind|p1a: Sinistcha
|-boost|p1a: Sinistcha|spa|1
|-boost|p1a: Sinistcha|spd|1
|
|upkeep
|turn|4
|
|t:|1760361788
|move|p1a: Sinistcha|Strength Sap|p2a: Corviknight
|-ability|p2a: Corviknight|Mirror Armor
|-unboost|p1a: Sinistcha|atk|1
|-heal|p1a: Sinistcha|100/100
|move|p2a: Corviknight|Brave Bird|p1a: Sinistcha
|-supereffective|p1a: Sinistcha
|-damage|p1a: Sinistcha|45/100
|-damage|p2a: Corviknight|85/100|[from] Recoil
|
|upkeep
|turn|5
|
|t:|1760361798
|switch|p1a: Probopass|Probopass, F|100/100
|move|p2a: Corviknight|Brave Bird|p1a: Probopass
|-resisted|p1a: Probopass
|-damage|p1a: Probopass|96/100
|-damage|p2a: Corviknight|68/100|[from] item: Rocky Helmet|[of] p1a: Probopass
|-damage|p2a: Corviknight|67/100|[from] Recoil
|
|upkeep
|turn|6
|
|t:|1760361807
|switch|p1a: Kyurem|Kyurem|100/100
|-ability|p1a: Kyurem|Pressure
|move|p2a: Corviknight|U-turn|p1a: Kyurem
|-damage|p1a: Kyurem|87/100
|
|t:|1760361822
|switch|p2a: Primarina|Primarina, F|100/100|[from] U-turn
|
|upkeep
|turn|7
|
|t:|1760361830
|move|p1a: Kyurem|Freeze-Dry|p2a: Primarina
|-supereffective|p2a: Primarina
|-damage|p2a: Primarina|63/100
|move|p2a: Primarina|Moonblast|p1a: Kyurem
|-supereffective|p1a: Kyurem
|-damage|p1a: Kyurem|41/100
|-unboost|p1a: Kyurem|spa|1
|
|upkeep
|turn|8
|
|t:|1760361843
|switch|p1a: Sinistcha|Sinistcha|45/100
|switch|p2a: Slowking|Slowking-Galar, F|100/100
|
|-sideend|p1: LVL62Monoco|move: Light Screen
|upkeep
|turn|9
|
|t:|1760361851
|switch|p2a: Corviknight|Corviknight, F|67/100
|move|p1a: Sinistcha|Shadow Ball|p2a: Corviknight
|-damage|p2a: Corviknight|35/100
|
|upkeep
|turn|10
|
|t:|1760361858
|move|p1a: Sinistcha|Shadow Ball|p2a: Corviknight
|-damage|p2a: Corviknight|5/100
|move|p2a: Corviknight|Brave Bird|p1a: Sinistcha
|-supereffective|p1a: Sinistcha
|-damage|p1a: Sinistcha|0 fnt
|faint|p1a: Sinistcha
|-damage|p2a: Corviknight|0 fnt|[from] Recoil
|faint|p2a: Corviknight
|
|upkeep
|
|t:|1760361873
|switch|p1a: Grimmsnarl|Grimmsnarl, M|52/100
|switch|p2a: Landorus|Landorus-Therian, M|100/100
|-ability|p2a: Landorus|Intimidate|boost
|-unboost|p1a: Grimmsnarl|atk|1
|turn|11
|
|t:|1760361880
|move|p1a: Grimmsnarl|Reflect|p1a: Grimmsnarl
|-sidestart|p1: LVL62Monoco|Reflect
|move|p2a: Landorus|Stealth Rock|p1a: Grimmsnarl
|-sidestart|p1: LVL62Monoco|move: Stealth Rock
|
|upkeep
|turn|12
|
|t:|1760361886
|switch|p2a: Slowking|Slowking-Galar, F|100/100
|move|p1a: Grimmsnarl|Light Screen|p1a: Grimmsnarl
|-sidestart|p1: LVL62Monoco|move: Light Screen
|
|upkeep
|turn|13
|
|t:|1760361892
|move|p1a: Grimmsnarl|Parting Shot|p2a: Slowking
|-unboost|p2a: Slowking|atk|1
|-unboost|p2a: Slowking|spa|1
|
|t:|1760361895
|switch|p1a: Iron Crown|Iron Crown|100/100|[from] Parting Shot
|-damage|p1a: Iron Crown|94/100|[from] Stealth Rock
|move|p2a: Slowking|Sludge Bomb|p1a: Iron Crown
|-immune|p1a: Iron Crown
|
|upkeep
|turn|14
|
|t:|1760361905
|move|p1a: Iron Crown|Calm Mind|p1a: Iron Crown
|-boost|p1a: Iron Crown|spa|1
|-boost|p1a: Iron Crown|spd|1
|-prepare|p2a: Slowking|Chilly Reception|[premajor]
|move|p2a: Slowking|Chilly Reception|p2a: Slowking
|-weather|Snowscape
|
|t:|1760361910
|switch|p2a: Iron Valiant|Iron Valiant|100/100|[from] Chilly Reception
|-enditem|p2a: Iron Valiant|Booster Energy
|-activate|p2a: Iron Valiant|ability: Quark Drive|[fromitem]
|-start|p2a: Iron Valiant|quarkdrivespe
|
|-weather|Snowscape|[upkeep]
|upkeep
|turn|15
|
|t:|1760361920
|move|p2a: Iron Valiant|Knock Off|p1a: Iron Crown
|-supereffective|p1a: Iron Crown
|-damage|p1a: Iron Crown|59/100
|-enditem|p1a: Iron Crown|Weakness Policy
|-boost|p1a: Iron Crown|atk|2|[from] item: Weakness Policy
|-boost|p1a: Iron Crown|spa|2|[from] item: Weakness Policy
|move|p1a: Iron Crown|Tachyon Cutter|p2a: Iron Valiant
|-supereffective|p2a: Iron Valiant
|-damage|p2a: Iron Valiant|0 fnt
|faint|p2a: Iron Valiant
|-end|p2a: Iron Valiant|Quark Drive|[silent]
|-hitcount|p2: Iron Valiant|1
|
|-weather|Snowscape|[upkeep]
|upkeep
|
|t:|1760361944
|switch|p2a: Landorus|Landorus-Therian, M|100/100
|-ability|p2a: Landorus|Intimidate|boost
|-unboost|p1a: Iron Crown|atk|1
|turn|16
|
|t:|1760361951
|move|p2a: Landorus|Earth Power|p1a: Iron Crown
|-supereffective|p1a: Iron Crown
|-crit|p1a: Iron Crown
|-damage|p1a: Iron Crown|0 fnt
|faint|p1a: Iron Crown
|-end|p1a: Iron Crown|Quark Drive|[silent]
|
|-weather|Snowscape|[upkeep]
|upkeep
|
|t:|1760361969
|switch|p1a: Great Tusk|Great Tusk|100/100
|-damage|p1a: Great Tusk|98/100|[from] Stealth Rock
|turn|17
|
|t:|1760361978
|move|p2a: Landorus|Earth Power|p1a: Great Tusk
|-damage|p1a: Great Tusk|84/100
|move|p1a: Great Tusk|Rapid Spin|p2a: Landorus
|-damage|p2a: Landorus|81/100
|-boost|p1a: Great Tusk|spe|1
|-sideend|p1: LVL62Monoco|Stealth Rock|[from] move: Rapid Spin|[of] p1a: Great Tusk
|
|-weather|Snowscape|[upkeep]
|upkeep
|turn|18
|
|t:|1760361987
|switch|p2a: Primarina|Primarina, F|63/100
|move|p1a: Great Tusk|Ice Spinner|p2a: Primarina
|-resisted|p2a: Primarina
|-damage|p2a: Primarina|46/100
|
|-weather|none
|-sideend|p1: LVL62Monoco|Reflect
|upkeep
|turn|19
|
|t:|1760361995
|move|p1a: Great Tusk|Headlong Rush|p2a: Primarina
|-damage|p2a: Primarina|0 fnt
|-unboost|p1a: Great Tusk|def|1
|-unboost|p1a: Great Tusk|spd|1
|faint|p2a: Primarina
|
|-sideend|p1: LVL62Monoco|move: Light Screen
|upkeep
|
|t:|1760362001
|switch|p2a: Landorus|Landorus-Therian, M|81/100
|-ability|p2a: Landorus|Intimidate|boost
|-unboost|p1a: Great Tusk|atk|1
|turn|20
|
|t:|1760362013
|move|p2a: Landorus|Earth Power|p1a: Great Tusk
|-damage|p1a: Great Tusk|36/100
|move|p1a: Great Tusk|Ice Spinner|p2a: Landorus
|-supereffective|p2a: Landorus
|-damage|p2a: Landorus|0 fnt
|faint|p2a: Landorus
|
|upkeep
|
|t:|1760362029
|switch|p2a: Kingambit|Kingambit, F|100/100
|-activate|p2a: Kingambit|ability: Supreme Overlord
|-start|p2a: Kingambit|fallen4|[silent]
|turn|21
|
|t:|1760362036
|-end|p1a: Great Tusk|Protosynthesis|[silent]
|switch|p1a: Probopass|Probopass, F|96/100
|move|p2a: Kingambit|Sucker Punch||[still]
|-fail|p2a: Kingambit
|
|upkeep
|turn|22
|
|t:|1760362044
|move|p2a: Kingambit|Low Kick|p1a: Probopass
|-supereffective|p1a: Probopass
|-damage|p1a: Probopass|0 fnt
|-damage|p2a: Kingambit|84/100|[from] item: Rocky Helmet|[of] p1a: Probopass
|faint|p1a: Probopass
|
|-heal|p2a: Kingambit|90/100|[from] item: Leftovers
|upkeep
|
|t:|1760362051
|switch|p1a: Grimmsnarl|Grimmsnarl, M|52/100
|turn|23
|
|t:|1760362057
|move|p1a: Grimmsnarl|Reflect|p1a: Grimmsnarl
|-sidestart|p1: LVL62Monoco|Reflect
|move|p2a: Kingambit|Iron Head|p1a: Grimmsnarl
|-supereffective|p1a: Grimmsnarl
|-damage|p1a: Grimmsnarl|1/100
|
|-heal|p2a: Kingambit|96/100|[from] item: Leftovers
|upkeep
|turn|24
|
|t:|1760362064
|-end|p2a: Kingambit|fallen4|[silent]
|switch|p2a: Slowking|Slowking-Galar, F|100/100
|move|p1a: Grimmsnarl|Light Screen|p1a: Grimmsnarl
|-sidestart|p1: LVL62Monoco|move: Light Screen
|
|upkeep
|turn|25
|
|t:|1760362070
|move|p1a: Grimmsnarl|Parting Shot|p2a: Slowking
|-unboost|p2a: Slowking|atk|1
|-unboost|p2a: Slowking|spa|1
|
|t:|1760362078
|switch|p1a: Kyurem|Kyurem|41/100|[from] Parting Shot
|-ability|p1a: Kyurem|Pressure
|move|p2a: Slowking|Sludge Bomb|p1a: Kyurem
|-damage|p1a: Kyurem|29/100
|-status|p1a: Kyurem|psn
|
|-damage|p1a: Kyurem|17/100 psn|[from] psn
|upkeep
|turn|26
|
|t:|1760362091
|move|p1a: Kyurem|Earth Power|p2a: Slowking
|-supereffective|p2a: Slowking
|-damage|p2a: Slowking|68/100
|move|p2a: Slowking|Ice Beam|p1a: Kyurem
|-damage|p1a: Kyurem|9/100 psn
|
|-damage|p1a: Kyurem|0 fnt|[from] psn
|faint|p1a: Kyurem
|upkeep
|
|t:|1760362103
|switch|p1a: Great Tusk|Great Tusk|36/100
|turn|27
|
|t:|1760362111
|-terastallize|p1a: Great Tusk|Steel
|move|p1a: Great Tusk|Headlong Rush|p2a: Slowking
|-supereffective|p2a: Slowking
|-damage|p2a: Slowking|0 fnt
|-unboost|p1a: Great Tusk|def|1
|-unboost|p1a: Great Tusk|spd|1
|faint|p2a: Slowking
|
|upkeep
|
|t:|1760362116
|switch|p2a: Kingambit|Kingambit, F|96/100
|-activate|p2a: Kingambit|ability: Supreme Overlord
|-start|p2a: Kingambit|fallen5|[silent]
|turn|28
|
|t:|1760362122
|move|p2a: Kingambit|Sucker Punch|p1a: Great Tusk
|-damage|p1a: Great Tusk|3/100
|move|p1a: Great Tusk|Headlong Rush|p2a: Kingambit
|-supereffective|p2a: Kingambit
|-damage|p2a: Kingambit|0 fnt
|-unboost|p1a: Great Tusk|def|1
|-unboost|p1a: Great Tusk|spd|1
|faint|p2a: Kingambit
|-end|p2a: Kingambit|fallen5|[silent]
|
|win|LVL62Monoco
|raw|LVL62Monoco's rating: 1355 &rarr; <strong>1378</strong><br />(+23 for winning)
|raw|Anonymalous's rating: 1411 &rarr; <strong>1388</strong><br />(-23 for losing)
|c|☆Anonymalous|gg
|l|☆LVL62Monoco
|player|p1|
|l|☆Anonymalous
|player|p2|
