|j|☆atmoauto
|j|☆leonelpapilons
|t:|1760449002
|gametype|singles
|player|p1|atmoauto|1|1358
|player|p2|leonelpapilons|265|1323
|gen|9
|tier|[Gen 9] OU
|rated|
|rule|HP Percentage Mod: HP is shown in percentages
|rule|Endless Battle Clause: Forcing endless battles is banned
|rule|Species Clause: Limit one of each Pokémon
|rule|OHKO Clause: OHKO moves are banned
|rule|Evasion Items Clause: Evasion items are banned
|rule|Evasion Moves Clause: Evasion moves are banned
|rule|Evasion Abilities Clause: Evasion abilities are banned
|rule|Sleep Moves Clause: Sleep-inducing moves are banned
|clearpoke
|poke|p1|Azumarill, F|
|poke|p1|Glimmora, F|
|poke|p1|Scizor, F|
|poke|p1|Meowscarada, M|
|poke|p1|Skeledirge, F|
|poke|p1|Dragonite, M|
|poke|p2|Tyranitar, M|
|poke|p2|Excadrill, M|
|poke|p2|Zamazenta-*|
|poke|p2|Ogerpon-Wellspring, F|
|poke|p2|Moltres|
|poke|p2|Primarina, F|
|teampreview
|l|☆leonelpapilons
|player|p2|
|j|☆leonelpapilons
|player|p2|leonelpapilons|265|
|inactive|Battle timer is ON: inactive players will automatically lose when time's up. (requested by atmoauto)
|
|t:|1760449041
|teamsize|p1|6
|teamsize|p2|6
|start
|switch|p1a: Meowscarada|Meowscarada, M|100/100
|switch|p2a: Primarina|Primarina, F|100/100
|turn|1
|
|t:|1760449046
|switch|p2a: Moltres|Moltres|100/100
|move|p1a: Meowscarada|Flower Trick|p2a: Moltres
|-start|p1a: Meowscarada|typechange|Grass|[from] ability: Protean
|-resisted|p2a: Moltres
|-crit|p2a: Moltres
|-damage|p2a: Moltres|88/100
|
|upkeep
|turn|2
|
|t:|1760449055
|switch|p1a: Glimmora|Glimmora, F|100/100
|move|p2a: Moltres|Flamethrower|p1a: Glimmora
|-resisted|p1a: Glimmora
|-damage|p1a: Glimmora|79/100
|
|upkeep
|turn|3
|
|t:|1760449061
|switch|p2a: Excadrill|Excadrill, M|100/100
|-item|p2a: Excadrill|Air Balloon
|move|p1a: Glimmora|Power Gem|p2a: Excadrill
|-resisted|p2a: Excadrill
|-damage|p2a: Excadrill|84/100
|-enditem|p2a: Excadrill|Air Balloon
|
|upkeep
|turn|4
|
|t:|1760449069
|move|p2a: Excadrill|Earthquake|p1a: Glimmora
|-supereffective|p1a: Glimmora
|-damage|p1a: Glimmora|0 fnt
|-activate|p1a: Glimmora|ability: Toxic Debris
|-sidestart|p2: leonelpapilons|move: Toxic Spikes
|faint|p1a: Glimmora
|
|upkeep
|
|t:|1760449074
|switch|p1a: Meowscarada|Meowscarada, M|100/100
|turn|5
|
|t:|1760449077
|switch|p2a: Moltres|Moltres|88/100
|move|p1a: Meowscarada|Knock Off|p2a: Moltres
|-start|p1a: Meowscarada|typechange|Dark|[from] ability: Protean
|-damage|p2a: Moltres|39/100
|-enditem|p2a: Moltres|Heavy-Duty Boots|[from] move: Knock Off|[of] p1a: Meowscarada
|
|upkeep
|turn|6
|
|t:|1760449085
|move|p1a: Meowscarada|Knock Off|p2a: Moltres
|-damage|p2a: Moltres|7/100
|move|p2a: Moltres|Roost|p2a: Moltres
|-heal|p2a: Moltres|57/100
|-singleturn|p2a: Moltres|move: Roost
|
|upkeep
|turn|7
|
|t:|1760449091
|switch|p1a: Skeledirge|Skeledirge, F|100/100
|move|p2a: Moltres|Roost|p2a: Moltres
|-heal|p2a: Moltres|100/100
|-singleturn|p2a: Moltres|move: Roost
|
|upkeep
|turn|8
|
|t:|1760449098
|move|p2a: Moltres|U-turn|p1a: Skeledirge
|-resisted|p1a: Skeledirge
|-damage|p1a: Skeledirge|98/100
|
|t:|1760449103
|switch|p2a: Tyranitar|Tyranitar, M|100/100|[from] U-turn
|-status|p2a: Tyranitar|psn
|-weather|Sandstorm|[from] ability: Sand Stream|[of] p2a: Tyranitar
|move|p1a: Skeledirge|Torch Song|p2a: Tyranitar
|-resisted|p2a: Tyranitar
|-damage|p2a: Tyranitar|93/100 psn
|-boost|p1a: Skeledirge|spa|1
|
|-weather|Sandstorm|[upkeep]
|-damage|p1a: Skeledirge|92/100|[from] Sandstorm
|-heal|p1a: Skeledirge|98/100|[from] item: Leftovers
|-damage|p2a: Tyranitar|80/100 psn|[from] psn
|upkeep
|turn|9
|
|t:|1760449116
|switch|p1a: Meowscarada|Meowscarada, M|100/100
|move|p2a: Tyranitar|Stealth Rock|p1a: Meowscarada
|-sidestart|p1: atmoauto|move: Stealth Rock
|
|-weather|Sandstorm|[upkeep]
|-damage|p1a: Meowscarada|94/100|[from] Sandstorm
|-damage|p2a: Tyranitar|68/100 psn|[from] psn
|upkeep
|turn|10
|
|t:|1760449123
|switch|p2a: Moltres|Moltres|100/100
|move|p1a: Meowscarada|Flower Trick|p2a: Moltres
|-start|p1a: Meowscarada|typechange|Grass|[from] ability: Protean
|-resisted|p2a: Moltres
|-crit|p2a: Moltres
|-damage|p2a: Moltres|88/100
|
|-weather|Sandstorm|[upkeep]
|-damage|p1a: Meowscarada|88/100|[from] Sandstorm
|-damage|p2a: Moltres|82/100|[from] Sandstorm
|upkeep
|turn|11
|
|t:|1760449136
|switch|p1a: Skeledirge|Skeledirge, F|98/100
|-damage|p1a: Skeledirge|73/100|[from] Stealth Rock
|move|p2a: Moltres|U-turn|p1a: Skeledirge
|-resisted|p1a: Skeledirge
|-damage|p1a: Skeledirge|69/100
|
|t:|1760449139
|switch|p2a: Excadrill|Excadrill, M|84/100|[from] U-turn
|
|-weather|Sandstorm|[upkeep]
|-damage|p1a: Skeledirge|63/100|[from] Sandstorm
|-heal|p1a: Skeledirge|69/100|[from] item: Leftovers
|upkeep
|turn|12
|
|t:|1760449148
|-terastallize|p1a: Skeledirge|Water
|move|p2a: Excadrill|Earthquake|p1a: Skeledirge
|-damage|p1a: Skeledirge|21/100
|move|p1a: Skeledirge|Will-O-Wisp|p2a: Excadrill
|-status|p2a: Excadrill|brn
|
|-weather|Sandstorm|[upkeep]
|-damage|p1a: Skeledirge|15/100|[from] Sandstorm
|-heal|p1a: Skeledirge|21/100|[from] item: Leftovers
|-damage|p2a: Excadrill|78/100 brn|[from] brn
|upkeep
|turn|13
|
|t:|1760449158
|move|p2a: Excadrill|Earthquake|p1a: Skeledirge
|-damage|p1a: Skeledirge|0 fnt
|faint|p1a: Skeledirge
|
|-weather|Sandstorm|[upkeep]
|-damage|p2a: Excadrill|72/100 brn|[from] brn
|upkeep
|c|☆leonelpapilons|t’es vraiment un trou de balle
|
|t:|1760449168
|switch|p1a: Azumarill|Azumarill, F|100/100
|-damage|p1a: Azumarill|88/100|[from] Stealth Rock
|turn|14
|
|t:|1760449173
|move|p2a: Excadrill|Rapid Spin|p1a: Azumarill
|-damage|p1a: Azumarill|81/100
|-boost|p2a: Excadrill|spe|1
|-sideend|p2: leonelpapilons|Toxic Spikes|[from] move: Rapid Spin|[of] p2a: Excadrill
|move|p1a: Azumarill|Liquidation|p2a: Excadrill
|-supereffective|p2a: Excadrill
|-damage|p2a: Excadrill|0 fnt
|faint|p2a: Excadrill
|
|-weather|Sandstorm|[upkeep]
|-damage|p1a: Azumarill|75/100|[from] Sandstorm
|upkeep
|
|t:|1760449177
|switch|p2a: Ogerpon|Ogerpon-Wellspring, F|100/100
|turn|15
|
|t:|1760449191
|switch|p1a: Dragonite|Dragonite, M|100/100
|-damage|p1a: Dragonite|75/100|[from] Stealth Rock
|move|p2a: Ogerpon|Power Whip|p1a: Dragonite
|-resisted|p1a: Dragonite
|-damage|p1a: Dragonite|61/100
|
|-weather|none
|-heal|p1a: Dragonite|67/100|[from] item: Leftovers
|upkeep
|turn|16
|
|t:|1760449200
|move|p2a: Ogerpon|U-turn|p1a: Dragonite
|-resisted|p1a: Dragonite
|-damage|p1a: Dragonite|56/100
|
|t:|1760449201
|switch|p2a: Primarina|Primarina, F|100/100|[from] U-turn
|move|p1a: Dragonite|Dragon Dance|p1a: Dragonite
|-boost|p1a: Dragonite|atk|1
|-boost|p1a: Dragonite|spe|1
|
|-heal|p1a: Dragonite|62/100|[from] item: Leftovers
|upkeep
|turn|17
|
|t:|1760449209
|move|p1a: Dragonite|Roost|p1a: Dragonite
|-heal|p1a: Dragonite|100/100
|-singleturn|p1a: Dragonite|move: Roost
|move|p2a: Primarina|Draining Kiss|p1a: Dragonite
|-supereffective|p1a: Dragonite
|-damage|p1a: Dragonite|84/100
|
|-heal|p1a: Dragonite|90/100|[from] item: Leftovers
|upkeep
|turn|18
|
|t:|1760449219
|move|p1a: Dragonite|Dragon Dance|p1a: Dragonite
|-boost|p1a: Dragonite|atk|1
|-boost|p1a: Dragonite|spe|1
|move|p2a: Primarina|Draining Kiss|p1a: Dragonite
|-supereffective|p1a: Dragonite
|-damage|p1a: Dragonite|59/100
|
|-heal|p1a: Dragonite|65/100|[from] item: Leftovers
|upkeep
|turn|19
|
|t:|1760449226
|switch|p2a: Moltres|Moltres|82/100
|move|p1a: Dragonite|Roost|p1a: Dragonite
|-heal|p1a: Dragonite|100/100
|-singleturn|p1a: Dragonite|move: Roost
|
|upkeep
|turn|20
|
|t:|1760449232
|move|p1a: Dragonite|Dragon Dance|p1a: Dragonite
|-boost|p1a: Dragonite|atk|1
|-boost|p1a: Dragonite|spe|1
|move|p2a: Moltres|Will-O-Wisp|p1a: Dragonite
|-status|p1a: Dragonite|brn
|
|-damage|p1a: Dragonite|94/100 brn|[from] brn
|upkeep
|turn|21
|
|t:|1760449240
|move|p1a: Dragonite|Dragon Dance|p1a: Dragonite
|-boost|p1a: Dragonite|atk|1
|-boost|p1a: Dragonite|spe|1
|move|p2a: Moltres|U-turn|p1a: Dragonite
|-resisted|p1a: Dragonite
|-damage|p1a: Dragonite|88/100 brn
|
|t:|1760449242
|switch|p2a: Zamazenta|Zamazenta|100/100|[from] U-turn
|-ability|p2a: Zamazenta|Dauntless Shield|boost
|-boost|p2a: Zamazenta|def|1
|
|-heal|p1a: Dragonite|94/100 brn|[from] item: Leftovers
|-damage|p1a: Dragonite|88/100 brn|[from] brn
|upkeep
|turn|22
|
|t:|1760449253
|move|p1a: Dragonite|Earthquake|p2a: Zamazenta
|-damage|p2a: Zamazenta|78/100
|move|p2a: Zamazenta|Iron Defense|p2a: Zamazenta
|-boost|p2a: Zamazenta|def|2
|
|-heal|p1a: Dragonite|94/100 brn|[from] item: Leftovers
|-heal|p2a: Zamazenta|84/100|[from] item: Leftovers
|-damage|p1a: Dragonite|88/100 brn|[from] brn
|upkeep
|turn|23
|
|t:|1760449261
|move|p1a: Dragonite|Earthquake|p2a: Zamazenta
|-damage|p2a: Zamazenta|72/100
|move|p2a: Zamazenta|Iron Defense|p2a: Zamazenta
|-boost|p2a: Zamazenta|def|2
|
|-heal|p1a: Dragonite|94/100 brn|[from] item: Leftovers
|-heal|p2a: Zamazenta|78/100|[from] item: Leftovers
|-damage|p1a: Dragonite|88/100 brn|[from] brn
|upkeep
|turn|24
|c|☆leonelpapilons|gg
|c|☆atmoauto|tg
|
|t:|1760449274
|move|p1a: Dragonite|Earthquake|p2a: Zamazenta
|-damage|p2a: Zamazenta|68/100
|move|p2a: Zamazenta|Roar|p1a: Dragonite
|drag|p1a: Meowscarada|Meowscarada, M|88/100
|-damage|p1a: Meowscarada|76/100|[from] Stealth Rock
|
|-heal|p2a: Zamazenta|74/100|[from] item: Leftovers
|upkeep
|turn|25
|
|t:|1760449282
|move|p2a: Zamazenta|Body Press|p1a: Meowscarada
|-supereffective|p1a: Meowscarada
|-damage|p1a: Meowscarada|0 fnt
|faint|p1a: Meowscarada
|
|-heal|p2a: Zamazenta|80/100|[from] item: Leftovers
|upkeep
|
|t:|1760449289
|switch|p1a: Azumarill|Azumarill, F|75/100
|-damage|p1a: Azumarill|63/100|[from] Stealth Rock
|turn|26
|c|☆leonelpapilons|frr tes mauvais vraiment
|c|☆leonelpapilons|c’est tout
|
|t:|1760449303
|move|p2a: Zamazenta|Body Press|p1a: Azumarill
|-resisted|p1a: Azumarill
|-damage|p1a: Azumarill|14/100
|move|p1a: Azumarill|Play Rough|p2a: Zamazenta
|-supereffective|p2a: Zamazenta
|-damage|p2a: Zamazenta|65/100
|
|-heal|p2a: Zamazenta|71/100|[from] item: Leftovers
|upkeep
|turn|27
|
|t:|1760449311
|move|p2a: Zamazenta|Body Press|p1a: Azumarill
|-resisted|p1a: Azumarill
|-damage|p1a: Azumarill|0 fnt
|faint|p1a: Azumarill
|
|-heal|p2a: Zamazenta|77/100|[from] item: Leftovers
|upkeep
|c|☆leonelpapilons|regarde ta team
|
|t:|1760449320
|switch|p1a: Scizor|Scizor, F|100/100
|-damage|p1a: Scizor|88/100|[from] Stealth Rock
|turn|28
|c|☆leonelpapilons|ta seul chance c’était les pdr
|c|☆leonelpapilons|t’as mal joué
|
|t:|1760449333
|move|p2a: Zamazenta|Body Press|p1a: Scizor
|-damage|p1a: Scizor|0 fnt
|faint|p1a: Scizor
|
|-heal|p2a: Zamazenta|84/100|[from] item: Leftovers
|upkeep
|c|☆atmoauto|oui je joue pas les légendaires ça doit être ça
|
|t:|1760449357
|switch|p1a: Dragonite|Dragonite, M|88/100 brn
|-damage|p1a: Dragonite|63/100 brn|[from] Stealth Rock
|turn|29
|c|☆leonelpapilons|le azumaril il est là on sait pas trop pourquoi
|c|☆atmoauto|tkt
|inactive|leonelpapilons has 120 seconds left.
|c|☆leonelpapilons|qu’est ce tu me racontes c’est OU tu joues OU c’est tout te plaint pas de ce que je joue 🤣
|
|t:|1760449397
|move|p2a: Zamazenta|Iron Defense|p2a: Zamazenta
|-boost|p2a: Zamazenta|def|1
|move|p1a: Dragonite|Roost|p1a: Dragonite
|-heal|p1a: Dragonite|100/100 brn
|-singleturn|p1a: Dragonite|move: Roost
|
|-heal|p2a: Zamazenta|90/100|[from] item: Leftovers
|-damage|p1a: Dragonite|94/100 brn|[from] brn
|upkeep
|turn|30
|
|t:|1760449406
|move|p2a: Zamazenta|Crunch|p1a: Dragonite
|-damage|p1a: Dragonite|76/100 brn
|-unboost|p1a: Dragonite|def|1
|move|p1a: Dragonite|Roost|p1a: Dragonite
|-heal|p1a: Dragonite|100/100 brn
|-singleturn|p1a: Dragonite|move: Roost
|
|-heal|p2a: Zamazenta|96/100|[from] item: Leftovers
|-damage|p1a: Dragonite|94/100 brn|[from] brn
|upkeep
|turn|31
|c|☆atmoauto|revanche ?
|c|☆leonelpapilons|si tu veux mdrr
|-message|atmoauto forfeited.
|
|win|leonelpapilons
