|j|☆f3l1s
|j|☆alchora
|t:|1760329464
|gametype|singles
|player|p1|f3l1s|2|1154
|player|p2|alchora|flannery|1117
|gen|9
|tier|[Gen 9] OU
|rated|
|rule|HP Percentage Mod: HP is shown in percentages
|rule|Endless Battle Clause: Forcing endless battles is banned
|rule|Species Clause: Limit one of each Pokémon
|rule|OHKO Clause: OHKO moves are banned
|rule|Evasion Items Clause: Evasion items are banned
|rule|Evasion Moves Clause: Evasion moves are banned
|rule|Evasion Abilities Clause: Evasion abilities are banned
|rule|Sleep Moves Clause: Sleep-inducing moves are banned
|clearpoke
|poke|p1|Greninja-*, M|
|poke|p1|Serperior, M|
|poke|p1|Cinderace, F|
|poke|p1|Corviknight, M|
|poke|p1|Ting-Lu|
|poke|p1|Ribombee, F|
|poke|p2|Scizor, F|
|poke|p2|Jolteon, F|
|poke|p2|Ceruledge, F|
|poke|p2|Quaquaval, M|
|poke|p2|Hoopa-Unbound|
|poke|p2|Rotom-Wash|
|teampreview
|inactive|Battle timer is ON: inactive players will automatically lose when time's up. (requested by alchora)
|
|t:|1760329474
|teamsize|p1|6
|teamsize|p2|6
|start
|switch|p1a: Ribombee|Ribombee, F|100/100
|switch|p2a: Scizor|Scizor, F|100/100
|turn|1
|
|t:|1760329482
|move|p1a: Ribombee|Sticky Web|p2a: Scizor
|-sidestart|p2: alchora|move: Sticky Web
|move|p2a: Scizor|Knock Off|p1a: Ribombee
|-resisted|p1a: Ribombee
|-damage|p1a: Ribombee|65/100
|-enditem|p1a: Ribombee|Focus Sash|[from] move: Knock Off|[of] p2a: Scizor
|
|upkeep
|turn|2
|
|t:|1760329497
|move|p1a: Ribombee|Stun Spore|p2a: Scizor
|-status|p2a: Scizor|par
|move|p2a: Scizor|Knock Off|p1a: Ribombee
|-resisted|p1a: Ribombee
|-damage|p1a: Ribombee|43/100
|
|upkeep
|turn|3
|
|t:|1760329517
|move|p1a: Ribombee|Moonblast|p2a: Scizor
|-resisted|p2a: Scizor
|-damage|p2a: Scizor|83/100 par
|move|p2a: Scizor|Knock Off|p1a: Ribombee
|-resisted|p1a: Ribombee
|-crit|p1a: Ribombee
|-damage|p1a: Ribombee|8/100
|
|upkeep
|turn|4
|
|t:|1760329525
|move|p2a: Scizor|Bullet Punch|p1a: Ribombee
|-supereffective|p1a: Ribombee
|-crit|p1a: Ribombee
|-damage|p1a: Ribombee|0 fnt
|faint|p1a: Ribombee
|
|upkeep
|
|t:|1760329534
|switch|p1a: Cinderace|Cinderace, F|100/100
|turn|5
|
|t:|1760329541
|switch|p2a: Rotom|Rotom-Wash|100/100
|move|p1a: Cinderace|Pyro Ball|p2a: Rotom
|-resisted|p2a: Rotom
|-damage|p2a: Rotom|63/100
|-damage|p1a: Cinderace|91/100|[from] item: Life Orb
|
|-heal|p2a: Rotom|69/100|[from] item: Leftovers
|upkeep
|turn|6
|
|t:|1760329552
|move|p2a: Rotom|Protect|p2a: Rotom
|-singleturn|p2a: Rotom|Protect
|move|p1a: Cinderace|U-turn|p2a: Rotom
|-start|p1a: Cinderace|typechange|Bug|[from] ability: Libero
|-activate|p2a: Rotom|move: Protect
|
|-heal|p2a: Rotom|75/100|[from] item: Leftovers
|upkeep
|turn|7
|inactive|alchora has 120 seconds left.
|
|t:|1760329586
|move|p1a: Cinderace|Pyro Ball|p2a: Rotom
|-resisted|p2a: Rotom
|-damage|p2a: Rotom|52/100
|-damage|p1a: Cinderace|81/100|[from] item: Life Orb
|move|p2a: Rotom|Thunderbolt|p1a: Cinderace
|-damage|p1a: Cinderace|38/100
|
|-heal|p2a: Rotom|58/100|[from] item: Leftovers
|upkeep
|turn|8
|
|t:|1760329595
|move|p2a: Rotom|Protect|p2a: Rotom
|-singleturn|p2a: Rotom|Protect
|move|p1a: Cinderace|U-turn|p2a: Rotom
|-activate|p2a: Rotom|move: Protect
|
|-heal|p2a: Rotom|65/100|[from] item: Leftovers
|upkeep
|turn|9
|
|t:|1760329603
|move|p1a: Cinderace|U-turn|p2a: Rotom
|-damage|p2a: Rotom|26/100
|-damage|p1a: Cinderace|28/100|[from] item: Life Orb
|
|t:|1760329607
|switch|p1a: Ting-Lu|Ting-Lu|100/100|[from] U-turn
|-ability|p1a: Ting-Lu|Vessel of Ruin
|move|p2a: Rotom|Thunderbolt|p1a: Ting-Lu
|-immune|p1a: Ting-Lu
|
|-heal|p2a: Rotom|32/100|[from] item: Leftovers
|upkeep
|turn|10
|
|t:|1760329622
|move|p2a: Rotom|Hydro Pump|p1a: Ting-Lu|[miss]
|-miss|p2a: Rotom|p1a: Ting-Lu
|move|p1a: Ting-Lu|Whirlwind|p2a: Rotom
|drag|p2a: Quaquaval|Quaquaval, M|100/100
|
|upkeep
|turn|11
|
|t:|1760329635
|move|p2a: Quaquaval|Swords Dance|p2a: Quaquaval
|-boost|p2a: Quaquaval|atk|2
|move|p1a: Ting-Lu|Ruination|p2a: Quaquaval
|-damage|p2a: Quaquaval|50/100
|
|upkeep
|turn|12
|
|t:|1760329645
|switch|p1a: Cinderace|Cinderace, F|28/100
|move|p2a: Quaquaval|Aqua Step|p1a: Cinderace
|-supereffective|p1a: Cinderace
|-damage|p1a: Cinderace|0 fnt
|-boost|p2a: Quaquaval|spe|1
|faint|p1a: Cinderace
|-ability|p2a: Quaquaval|Moxie|boost
|-boost|p2a: Quaquaval|atk|1
|
|upkeep
|
|t:|1760329653
|switch|p1a: Serperior|Serperior, M|100/100
|turn|13
|
|t:|1760329662
|move|p1a: Serperior|Protect|p1a: Serperior
|-singleturn|p1a: Serperior|Protect
|move|p2a: Quaquaval|Close Combat|p1a: Serperior
|-activate|p1a: Serperior|move: Protect
|
|upkeep
|turn|14
|
|t:|1760329671
|move|p2a: Quaquaval|Close Combat|p1a: Serperior
|-damage|p1a: Serperior|0 fnt
|-unboost|p2a: Quaquaval|def|1
|-unboost|p2a: Quaquaval|spd|1
|faint|p1a: Serperior
|-ability|p2a: Quaquaval|Moxie|boost
|-boost|p2a: Quaquaval|atk|1
|
|upkeep
|
|t:|1760329680
|switch|p1a: Corviknight|Corviknight, M|100/100
|turn|15
|
|t:|1760329685
|-terastallize|p1a: Corviknight|Flying
|move|p2a: Quaquaval|Aqua Step|p1a: Corviknight
|-damage|p1a: Corviknight|25/100
|-boost|p2a: Quaquaval|spe|1
|-damage|p2a: Quaquaval|34/100|[from] item: Rocky Helmet|[of] p1a: Corviknight
|move|p1a: Corviknight|Iron Defense|p1a: Corviknight
|-boost|p1a: Corviknight|def|2
|
|upkeep
|turn|16
|
|t:|1760329696
|move|p2a: Quaquaval|Rapid Spin|p1a: Corviknight
|-damage|p1a: Corviknight|9/100
|-boost|p2a: Quaquaval|spe|1
|-damage|p2a: Quaquaval|17/100|[from] item: Rocky Helmet|[of] p1a: Corviknight
|-sideend|p2: alchora|Sticky Web|[from] move: Rapid Spin|[of] p2a: Quaquaval
|move|p1a: Corviknight|Roost|p1a: Corviknight
|-heal|p1a: Corviknight|59/100
|-hint|If a Terastallized Pokemon uses Roost, it remains Flying-type.
|
|upkeep
|turn|17
|
|t:|1760329707
|move|p2a: Quaquaval|Rapid Spin|p1a: Corviknight
|-damage|p1a: Corviknight|42/100
|-boost|p2a: Quaquaval|spe|1
|-damage|p2a: Quaquaval|0 fnt|[from] item: Rocky Helmet|[of] p1a: Corviknight
|faint|p2a: Quaquaval
|move|p1a: Corviknight|Roost|p1a: Corviknight
|-heal|p1a: Corviknight|92/100
|-hint|If a Terastallized Pokemon uses Roost, it remains Flying-type.
|
|upkeep
|
|t:|1760329717
|switch|p2a: Hoopa|Hoopa-Unbound|100/100
|turn|18
|
|t:|1760329731
|move|p2a: Hoopa|Psychic|p1a: Corviknight
|-damage|p1a: Corviknight|3/100
|move|p1a: Corviknight|Body Press|p2a: Hoopa
|-damage|p2a: Hoopa|31/100
|
|upkeep
|turn|19
|
|t:|1760329738
|switch|p1a: Ting-Lu|Ting-Lu|100/100
|-ability|p1a: Ting-Lu|Vessel of Ruin
|move|p2a: Hoopa|Psychic|p1a: Ting-Lu
|-immune|p1a: Ting-Lu
|
|upkeep
|turn|20
|
|t:|1760329752
|switch|p2a: Scizor|Scizor, F|83/100 par
|move|p1a: Ting-Lu|Earthquake|p2a: Scizor
|-crit|p2a: Scizor
|-damage|p2a: Scizor|32/100 par
|
|upkeep
|turn|21
|
|t:|1760329760
|move|p1a: Ting-Lu|Earthquake|p2a: Scizor
|-damage|p2a: Scizor|0 fnt
|faint|p2a: Scizor
|
|upkeep
|
|t:|1760329776
|switch|p2a: Rotom|Rotom-Wash|32/100
|turn|22
|
|t:|1760329787
|move|p2a: Rotom|Protect|p2a: Rotom
|-singleturn|p2a: Rotom|Protect
|move|p1a: Ting-Lu|Taunt|p2a: Rotom
|-activate|p2a: Rotom|move: Protect
|
|-heal|p2a: Rotom|38/100|[from] item: Leftovers
|upkeep
|turn|23
|
|t:|1760329802
|switch|p1a: Corviknight|Corviknight, M, tera:Flying|3/100
|move|p2a: Rotom|Hydro Pump|p1a: Corviknight
|-damage|p1a: Corviknight|0 fnt
|faint|p1a: Corviknight
|
|-heal|p2a: Rotom|45/100|[from] item: Leftovers
|upkeep
|
|t:|1760329809
|switch|p1a: Greninja|Greninja, M|100/100
|turn|24
|
|t:|1760329814
|move|p2a: Rotom|Protect|p2a: Rotom
|-singleturn|p2a: Rotom|Protect
|move|p1a: Greninja|Swords Dance|p1a: Greninja
|-boost|p1a: Greninja|atk|2
|
|-heal|p2a: Rotom|51/100|[from] item: Leftovers
|upkeep
|turn|25
|
|t:|1760329842
|move|p1a: Greninja|Gunk Shot|p2a: Rotom
|-damage|p2a: Rotom|0 fnt
|faint|p2a: Rotom
|-ability|p1a: Greninja|Battle Bond|boost
|-boost|p1a: Greninja|atk|1
|-boost|p1a: Greninja|spa|1
|-boost|p1a: Greninja|spe|1
|-activate|p1a: Greninja|ability: Battle Bond
|
|upkeep
|
|t:|1760329848
|switch|p2a: Jolteon|Jolteon, F|100/100
|turn|26
|
|t:|1760329854
|-terastallize|p2a: Jolteon|Electric
|move|p1a: Greninja|Gunk Shot|p2a: Jolteon
|-damage|p2a: Jolteon|0 fnt
|faint|p2a: Jolteon
|
|upkeep
|c|☆f3l1s|gg
|inactive|alchora has 120 seconds left.
|
|t:|1760329903
|switch|p2a: Ceruledge|Ceruledge, F|100/100
|turn|27
|
|t:|1760329913
|move|p1a: Greninja|Water Shuriken|p2a: Ceruledge
|-supereffective|p2a: Ceruledge
|-damage|p2a: Ceruledge|85/100
|-supereffective|p2a: Ceruledge
|-damage|p2a: Ceruledge|69/100
|-supereffective|p2a: Ceruledge
|-damage|p2a: Ceruledge|52/100
|-supereffective|p2a: Ceruledge
|-damage|p2a: Ceruledge|37/100
|-enditem|p2a: Ceruledge|Sitrus Berry|[eat]
|-heal|p2a: Ceruledge|62/100|[from] item: Sitrus Berry
|-supereffective|p2a: Ceruledge
|-damage|p2a: Ceruledge|46/100
|-hitcount|p2a: Ceruledge|5
|move|p2a: Ceruledge|Swords Dance|p2a: Ceruledge
|-boost|p2a: Ceruledge|atk|2
|
|upkeep
|turn|28
|
|t:|1760329926
|move|p1a: Greninja|Water Shuriken|p2a: Ceruledge
|-supereffective|p2a: Ceruledge
|-damage|p2a: Ceruledge|28/100
|-supereffective|p2a: Ceruledge
|-damage|p2a: Ceruledge|11/100
|-supereffective|p2a: Ceruledge
|-damage|p2a: Ceruledge|0 fnt
|faint|p2a: Ceruledge
|-hitcount|p2: Ceruledge|3
|
|upkeep
|-message|alchora forfeited.
|
|win|f3l1s
|raw|f3l1s's rating: 1154 &rarr; <strong>1176</strong><br />(+22 for winning)
|raw|alchora's rating: 1117 &rarr; <strong>1095</strong><br />(-22 for losing)
|l|☆alchora
|player|p2|
|l|☆f3l1s
|player|p1|
