|j|☆splishsplish12
|j|‽huzkage
|t:|1760333382
|gametype|singles
|player|p1|splishsplish12|steven|1096
|player|p2|huzkage|sabrina|1113
|gen|9
|tier|[Gen 9] OU
|rated|
|rule|HP Percentage Mod: HP is shown in percentages
|rule|Endless Battle Clause: Forcing endless battles is banned
|rule|Species Clause: Limit one of each Pokémon
|rule|OHKO Clause: OHKO moves are banned
|rule|Evasion Items Clause: Evasion items are banned
|rule|Evasion Moves Clause: Evasion moves are banned
|rule|Evasion Abilities Clause: Evasion abilities are banned
|rule|Sleep Moves Clause: Sleep-inducing moves are banned
|clearpoke
|poke|p1|Snom, F|
|poke|p1|Ting-Lu|
|poke|p1|Pecharunt|
|poke|p1|Registeel|
|poke|p1|Whimsicott, F|
|poke|p1|Dragapult, M|
|poke|p2|Cinderace, F|
|poke|p2|Kingambit, F|
|poke|p2|Landorus-Therian, M|
|poke|p2|Iron Valiant|
|poke|p2|Kyurem|
|poke|p2|Slowking-Galar, M|
|teampreview
|inactive|Battle timer is ON: inactive players will automatically lose when time's up. (requested by huzkage)
|
|t:|1760333411
|teamsize|p1|6
|teamsize|p2|6
|start
|switch|p1a: AstralSpnom|Snom, F|100/100
|switch|p2a: Cinderace|Cinderace, F|100/100
|turn|1
|
|t:|1760333421
|move|p2a: Cinderace|Will-O-Wisp|p1a: AstralSpnom|[miss]
|-miss|p2a: Cinderace|p1a: AstralSpnom
|move|p1a: AstralSpnom|Mirror Coat||[still]
|-fail|p1a: AstralSpnom
|
|upkeep
|turn|2
|
|t:|1760333427
|move|p2a: Cinderace|Pyro Ball|p1a: AstralSpnom
|-supereffective|p1a: AstralSpnom
|-damage|p1a: AstralSpnom|0 fnt
|faint|p1a: AstralSpnom
|
|upkeep
|
|t:|1760333433
|switch|p1a: Pecharunt|Pecharunt|100/100
|turn|3
|
|t:|1760333439
|move|p2a: Cinderace|Will-O-Wisp|p1a: Pecharunt
|-status|p1a: Pecharunt|brn
|move|p1a: Pecharunt|Malignant Chain|p2a: Cinderace
|-damage|p2a: Cinderace|65/100
|
|-damage|p1a: Pecharunt|94/100 brn|[from] brn
|upkeep
|turn|4
|
|t:|1760333449
|move|p2a: Cinderace|U-turn|p1a: Pecharunt
|-resisted|p1a: Pecharunt
|-damage|p1a: Pecharunt|92/100 brn
|
|t:|1760333459
|switch|p2a: Kingambit|Kingambit, F|100/100|[from] U-turn
|move|p1a: Pecharunt|Malignant Chain|p2a: Kingambit
|-immune|p2a: Kingambit
|
|-heal|p1a: Pecharunt|98/100 brn|[from] item: Black Sludge
|-damage|p1a: Pecharunt|92/100 brn|[from] brn
|upkeep
|turn|5
|
|t:|1760333465
|switch|p1a: Ting-Lu|Ting-Lu|100/100
|-ability|p1a: Ting-Lu|Vessel of Ruin
|move|p2a: Kingambit|Swords Dance|p2a: Kingambit
|-boost|p2a: Kingambit|atk|2
|
|upkeep
|turn|6
|
|t:|1760333477
|-terastallize|p2a: Kingambit|Flying
|move|p2a: Kingambit|Iron Head|p1a: Ting-Lu
|-damage|p1a: Ting-Lu|62/100
|-damage|p2a: Kingambit|84/100|[from] item: Rocky Helmet|[of] p1a: Ting-Lu
|move|p1a: Ting-Lu|Earthquake|p2a: Kingambit
|-immune|p2a: Kingambit
|
|-heal|p2a: Kingambit|90/100|[from] item: Leftovers
|upkeep
|turn|7
|
|t:|1760333486
|move|p2a: Kingambit|Swords Dance|p2a: Kingambit
|-boost|p2a: Kingambit|atk|2
|move|p1a: Ting-Lu|Ruination|p2a: Kingambit
|-damage|p2a: Kingambit|45/100
|
|-heal|p2a: Kingambit|52/100|[from] item: Leftovers
|upkeep
|turn|8
|
|t:|1760333493
|move|p2a: Kingambit|Swords Dance|p2a: Kingambit
|-boost|p2a: Kingambit|atk|2
|move|p1a: Ting-Lu|Ruination|p2a: Kingambit
|-damage|p2a: Kingambit|26/100
|
|-heal|p2a: Kingambit|32/100|[from] item: Leftovers
|upkeep
|turn|9
|
|t:|1760333498
|move|p2a: Kingambit|Iron Head|p1a: Ting-Lu
|-damage|p1a: Ting-Lu|0 fnt
|-damage|p2a: Kingambit|16/100|[from] item: Rocky Helmet|[of] p1a: Ting-Lu
|faint|p1a: Ting-Lu
|
|-heal|p2a: Kingambit|22/100|[from] item: Leftovers
|upkeep
|
|t:|1760333513
|switch|p1a: Whimsicott|Whimsicott, F|100/100
|-item|p1a: Whimsicott|Air Balloon
|turn|10
|
|t:|1760333523
|move|p1a: Whimsicott|Leech Seed|p2a: Kingambit
|-start|p2a: Kingambit|move: Leech Seed
|move|p2a: Kingambit|Sucker Punch||[still]
|-fail|p2a: Kingambit
|
|-heal|p2a: Kingambit|28/100|[from] item: Leftovers
|-damage|p2a: Kingambit|16/100|[from] Leech Seed|[of] p1a: Whimsicott
|upkeep
|turn|11
|
|t:|1760333529
|move|p1a: Whimsicott|Taunt|p2a: Kingambit
|-start|p2a: Kingambit|move: Taunt
|move|p2a: Kingambit|Kowtow Cleave|p1a: Whimsicott
|-resisted|p1a: Whimsicott
|-damage|p1a: Whimsicott|12/100
|-enditem|p1a: Whimsicott|Air Balloon
|
|-heal|p2a: Kingambit|22/100|[from] item: Leftovers
|-damage|p2a: Kingambit|10/100|[from] Leech Seed|[of] p1a: Whimsicott
|-heal|p1a: Whimsicott|26/100|[silent]
|upkeep
|turn|12
|
|t:|1760333539
|move|p2a: Kingambit|Sucker Punch|p1a: Whimsicott
|-resisted|p1a: Whimsicott
|-damage|p1a: Whimsicott|0 fnt
|faint|p1a: Whimsicott
|
|-heal|p2a: Kingambit|16/100|[from] item: Leftovers
|upkeep
|
|t:|1760333543
|switch|p1a: Pecharunt|Pecharunt|92/100 brn
|turn|13
|
|t:|1760333549
|move|p1a: Pecharunt|Protect|p1a: Pecharunt
|-singleturn|p1a: Pecharunt|Protect
|move|p2a: Kingambit|Kowtow Cleave|p1a: Pecharunt
|-activate|p1a: Pecharunt|move: Protect
|
|-heal|p1a: Pecharunt|98/100 brn|[from] item: Black Sludge
|-heal|p2a: Kingambit|22/100|[from] item: Leftovers
|-damage|p2a: Kingambit|10/100|[from] Leech Seed|[of] p1a: Pecharunt
|-heal|p1a: Pecharunt|100/100 brn|[silent]
|-damage|p1a: Pecharunt|94/100 brn|[from] brn
|-end|p2a: Kingambit|move: Taunt
|upkeep
|turn|14
|
|t:|1760333566
|-terastallize|p1a: Pecharunt|Steel
|move|p1a: Pecharunt|Toxic|p2a: Kingambit
|-status|p2a: Kingambit|tox
|-start|p2a: Kingambit|confusion|[from] ability: Poison Puppeteer|[of] p1a: Pecharunt
|-activate|p2a: Kingambit|confusion
|move|p2a: Kingambit|Kowtow Cleave|p1a: Pecharunt
|-damage|p1a: Pecharunt|0 fnt
|faint|p1a: Pecharunt
|
|-heal|p2a: Kingambit|16/100 tox|[from] item: Leftovers
|-damage|p2a: Kingambit|10/100 tox|[from] psn
|upkeep
|
|t:|1760333577
|switch|p1a: Dragapult|Dragapult, M|100/100
|turn|15
|
|t:|1760333586
|-activate|p2a: Kingambit|confusion
|move|p2a: Kingambit|Sucker Punch|p1a: Dragapult
|-supereffective|p1a: Dragapult
|-damage|p1a: Dragapult|0 fnt
|faint|p1a: Dragapult
|
|-heal|p2a: Kingambit|16/100 tox|[from] item: Leftovers
|-damage|p2a: Kingambit|3/100 tox|[from] psn
|upkeep
|
|t:|1760333588
|switch|p1a: Registeel|Registeel|100/100
|turn|16
|
|t:|1760333597
|-end|p2a: Kingambit|confusion
|move|p2a: Kingambit|Kowtow Cleave|p1a: Registeel
|-damage|p1a: Registeel|0 fnt
|faint|p1a: Registeel
|
|win|huzkage
|raw|splishsplish12's rating: 1096 &rarr; <strong>1073</strong><br />(-23 for losing)
|raw|huzkage's rating: 1113 &rarr; <strong>1137</strong><br />(+24 for winning)
|l|☆splishsplish12
|player|p1|
|l|‽huzkage
|player|p2|
