|j|☆big wompster 123
|j|☆daveyboy8796
|t:|1760344826
|gametype|singles
|player|p1|big wompster 123|riley|1091
|player|p2|daveyboy8796|2|1125
|gen|9
|tier|[Gen 9] OU
|rated|
|rule|HP Percentage Mod: HP is shown in percentages
|rule|Endless Battle Clause: Forcing endless battles is banned
|rule|Species Clause: Limit one of each Pokémon
|rule|OHKO Clause: OHKO moves are banned
|rule|Evasion Items Clause: Evasion items are banned
|rule|Evasion Moves Clause: Evasion moves are banned
|rule|Evasion Abilities Clause: Evasion abilities are banned
|rule|Sleep Moves Clause: Sleep-inducing moves are banned
|clearpoke
|poke|p1|Glimmora, F|
|poke|p1|Gliscor, M|
|poke|p1|Moltres|
|poke|p1|Garganacl, F|
|poke|p1|Inteleon, F|
|poke|p1|Deoxys-Speed|
|poke|p2|Spidops, F|
|poke|p2|Kilowattrel, M|
|poke|p2|Dragonite, M|
|poke|p2|Palossand, M|
|poke|p2|Blastoise, M|
|poke|p2|Squawkabilly, M|
|teampreview
|
|t:|1760344831
|teamsize|p1|6
|teamsize|p2|6
|start
|switch|p1a: Glimmora|Glimmora, F|100/100
|switch|p2a: Spidops|Spidops, F|100/100
|turn|1
|
|t:|1760344848
|move|p1a: Glimmora|Stealth Rock|p2a: Spidops
|-sidestart|p2: daveyboy8796|move: Stealth Rock
|move|p2a: Spidops|Sticky Web|p1a: Glimmora
|-sidestart|p1: big wompster 123|move: Sticky Web
|
|upkeep
|turn|2
|
|t:|1760344858
|move|p1a: Glimmora|Mortal Spin|p2a: Spidops
|-damage|p2a: Spidops|94/100
|-status|p2a: Spidops|psn
|-sideend|p1: big wompster 123|Sticky Web|[from] move: Mortal Spin|[of] p1a: Glimmora
|move|p2a: Spidops|Spikes|p1a: Glimmora
|-sidestart|p1: big wompster 123|Spikes
|
|-damage|p2a: Spidops|82/100 psn|[from] psn
|upkeep
|turn|3
|
|t:|1760344868
|move|p1a: Glimmora|Mortal Spin|p2a: Spidops
|-damage|p2a: Spidops|75/100 psn
|-sideend|p1: big wompster 123|Spikes|[from] move: Mortal Spin|[of] p1a: Glimmora
|move|p2a: Spidops|Circle Throw|p1a: Glimmora
|-damage|p1a: Glimmora|82/100
|-activate|p1a: Glimmora|ability: Toxic Debris
|-sidestart|p2: daveyboy8796|move: Toxic Spikes
|drag|p1a: Moltres|Moltres|100/100
|
|-damage|p2a: Spidops|62/100 psn|[from] psn
|upkeep
|turn|4
|
|t:|1760344881
|move|p1a: Moltres|Flamethrower|p2a: Spidops
|-supereffective|p2a: Spidops
|-damage|p2a: Spidops|0 fnt
|faint|p2a: Spidops
|
|upkeep
|
|t:|1760344889
|switch|p2a: TinyWings|Dragonite, M|100/100
|-damage|p2a: TinyWings|76/100|[from] Stealth Rock
|turn|5
|
|t:|1760344893
|move|p2a: TinyWings|Thunderbolt|p1a: Moltres
|-supereffective|p1a: Moltres
|-damage|p1a: Moltres|7/100
|move|p1a: Moltres|Roar|p2a: TinyWings
|drag|p2a: PocketSand|Palossand, M, shiny|100/100
|-damage|p2a: PocketSand|94/100|[from] Stealth Rock
|-status|p2a: PocketSand|psn
|
|-damage|p2a: PocketSand|82/100 psn|[from] psn
|upkeep
|turn|6
|
|t:|1760344907
|move|p1a: Moltres|Roost|p1a: Moltres
|-heal|p1a: Moltres|57/100
|-singleturn|p1a: Moltres|move: Roost
|move|p2a: PocketSand|Stealth Rock|p1a: Moltres
|-sidestart|p1: big wompster 123|move: Stealth Rock
|
|-damage|p2a: PocketSand|70/100 psn|[from] psn
|upkeep
|turn|7
|
|t:|1760344914
|move|p1a: Moltres|Flamethrower|p2a: PocketSand
|-damage|p2a: PocketSand|26/100 psn
|move|p2a: PocketSand|Shadow Ball|p1a: Moltres
|-damage|p1a: Moltres|29/100
|
|-damage|p2a: PocketSand|14/100 psn|[from] psn
|upkeep
|turn|8
|
|t:|1760344922
|move|p1a: Moltres|U-turn|p2a: PocketSand
|-resisted|p2a: PocketSand
|-damage|p2a: PocketSand|10/100 psn
|-damage|p1a: Moltres|13/100|[from] item: Rocky Helmet|[of] p2a: PocketSand
|
|t:|1760344926
|switch|p1a: Glimmora|Glimmora, F|82/100|[from] U-turn
|-damage|p1a: Glimmora|70/100|[from] Stealth Rock
|move|p2a: PocketSand|Shore Up|p2a: PocketSand
|-heal|p2a: PocketSand|60/100 psn
|
|-damage|p2a: PocketSand|47/100 psn|[from] psn
|upkeep
|turn|9
|
|t:|1760344934
|move|p1a: Glimmora|Mortal Spin|p2a: PocketSand
|-resisted|p2a: PocketSand
|-damage|p2a: PocketSand|46/100 psn
|-damage|p1a: Glimmora|53/100|[from] item: Rocky Helmet|[of] p2a: PocketSand
|-sideend|p1: big wompster 123|Stealth Rock|[from] move: Mortal Spin|[of] p1a: Glimmora
|move|p2a: PocketSand|Scorching Sands|p1a: Glimmora
|-supereffective|p1a: Glimmora
|-damage|p1a: Glimmora|0 fnt
|faint|p1a: Glimmora
|
|-damage|p2a: PocketSand|34/100 psn|[from] psn
|upkeep
|
|t:|1760344938
|switch|p1a: Inteleon|Inteleon, F|100/100
|turn|10
|
|t:|1760344946
|move|p1a: Inteleon|Snipe Shot|p2a: PocketSand
|-supereffective|p2a: PocketSand
|-damage|p2a: PocketSand|0 fnt
|faint|p2a: PocketSand
|
|upkeep
|
|t:|1760344952
|switch|p2a: Zaptres|Kilowattrel, M|100/100
|-damage|p2a: Zaptres|76/100|[from] Stealth Rock
|turn|11
|
|t:|1760344959
|move|p2a: Zaptres|Volt Switch|p1a: Inteleon
|-supereffective|p1a: Inteleon
|-damage|p1a: Inteleon|0 fnt
|faint|p1a: Inteleon
|-damage|p2a: Zaptres|66/100|[from] item: Life Orb
|
|t:|1760344967
|switch|p2a: TinyWings|Dragonite, M|76/100|[from] Volt Switch
|-damage|p2a: TinyWings|51/100|[from] Stealth Rock
|
|upkeep
|
|t:|1760344972
|switch|p1a: Garganacl|Garganacl, F|100/100
|turn|12
|
|t:|1760344995
|move|p2a: TinyWings|Thunderbolt|p1a: Garganacl
|-damage|p1a: Garganacl|72/100
|move|p1a: Garganacl|Salt Cure|p2a: TinyWings
|-supereffective|p2a: TinyWings
|-damage|p2a: TinyWings|21/100
|-start|p2a: TinyWings|Salt Cure
|
|-heal|p1a: Garganacl|78/100|[from] item: Leftovers
|-damage|p2a: TinyWings|8/100|[from] Salt Cure
|upkeep
|turn|13
|
|t:|1760345004
|move|p1a: Garganacl|Protect|p1a: Garganacl
|-singleturn|p1a: Garganacl|Protect
|move|p2a: TinyWings|Thunderbolt|p1a: Garganacl
|-activate|p1a: Garganacl|move: Protect
|
|-heal|p1a: Garganacl|84/100|[from] item: Leftovers
|-damage|p2a: TinyWings|0 fnt|[from] Salt Cure
|faint|p2a: TinyWings
|upkeep
|
|t:|1760345012
|switch|p2a: Donatello|Blastoise, M|100/100
|-damage|p2a: Donatello|88/100|[from] Stealth Rock
|-status|p2a: Donatello|psn
|turn|14
|
|t:|1760345028
|-terastallize|p1a: Garganacl|Fairy
|move|p2a: Donatello|Shell Smash|p2a: Donatello
|-unboost|p2a: Donatello|def|1
|-unboost|p2a: Donatello|spd|1
|-boost|p2a: Donatello|atk|2
|-boost|p2a: Donatello|spa|2
|-boost|p2a: Donatello|spe|2
|-enditem|p2a: Donatello|White Herb
|-clearnegativeboost|p2a: Donatello|[silent]
|move|p1a: Garganacl|Salt Cure|p2a: Donatello
|-damage|p2a: Donatello|72/100 psn
|-start|p2a: Donatello|Salt Cure
|
|-heal|p1a: Garganacl|90/100|[from] item: Leftovers
|-damage|p2a: Donatello|60/100 psn|[from] psn
|-damage|p2a: Donatello|35/100 psn|[from] Salt Cure
|upkeep
|turn|15
|
|t:|1760345053
|move|p1a: Garganacl|Protect|p1a: Garganacl
|-singleturn|p1a: Garganacl|Protect
|move|p2a: Donatello|Liquidation|p1a: Garganacl
|-activate|p1a: Garganacl|move: Protect
|
|-heal|p1a: Garganacl|96/100|[from] item: Leftovers
|-damage|p2a: Donatello|23/100 psn|[from] psn
|-damage|p2a: Donatello|0 fnt|[from] Salt Cure
|faint|p2a: Donatello
|upkeep
|-message|daveyboy8796 forfeited.
|
|win|big wompster 123
|raw|big wompster 123's rating: 1091 &rarr; <strong>1120</strong><br />(+29 for winning)
|raw|daveyboy8796's rating: 1125 &rarr; <strong>1098</strong><br />(-27 for losing)
|l|☆daveyboy8796
|player|p2|
|l|☆big wompster 123
|player|p1|
