|j|☆Bad player(MeEe)
|j|☆NecroNyan
|t:|1760379851
|gametype|singles
|player|p1|Bad player(MeEe)|psychic|1099
|player|p2|NecroNyan|maid|1159
|gen|9
|tier|[Gen 9] OU
|rated|
|rule|HP Percentage Mod: HP is shown in percentages
|rule|Endless Battle Clause: Forcing endless battles is banned
|rule|Species Clause: Limit one of each Pokémon
|rule|OHKO Clause: OHKO moves are banned
|rule|Evasion Items Clause: Evasion items are banned
|rule|Evasion Moves Clause: Evasion moves are banned
|rule|Evasion Abilities Clause: Evasion abilities are banned
|rule|Sleep Moves Clause: Sleep-inducing moves are banned
|clearpoke
|poke|p1|Latios, M|
|poke|p1|Skuntank, F|
|poke|p1|Okidogi, M|
|poke|p1|Vileplume, F|
|poke|p1|Chandelure, M|
|poke|p1|Gastrodon-East, M|
|poke|p2|Ogerpon-Wellspring, F|
|poke|p2|Pelipper, F|
|poke|p2|Drednaw, F|
|poke|p2|Dragonite, M|
|poke|p2|Ditto|
|poke|p2|Kleavor, F|
|teampreview
|inactive|Battle timer is ON: inactive players will automatically lose when time's up. (requested by Bad player(MeEe))
|
|t:|1760379858
|teamsize|p1|6
|teamsize|p2|6
|start
|switch|p1a: Skuntank|Skuntank, F|100/100
|switch|p2a: SkillIssue.exe|Kleavor, F, shiny|100/100
|turn|1
|
|t:|1760379879
|move|p2a: SkillIssue.exe|Stone Axe|p1a: Skuntank|[miss]
|-miss|p2a: SkillIssue.exe|p1a: Skuntank
|move|p1a: Skuntank|Toxic Spikes|p2a: SkillIssue.exe
|-sidestart|p2: NecroNyan|move: Toxic Spikes
|
|upkeep
|turn|2
|c|☆NecroNyan|Pls go easy on me...
|
|t:|1760379888
|move|p2a: SkillIssue.exe|Stone Axe|p1a: Skuntank
|-damage|p1a: Skuntank|38/100
|-sidestart|p1: Bad player(MeEe)|move: Stealth Rock
|move|p1a: Skuntank|Toxic Spikes|p2a: SkillIssue.exe
|-sidestart|p2: NecroNyan|move: Toxic Spikes
|
|upkeep
|turn|3
|
|t:|1760379896
|move|p2a: SkillIssue.exe|U-turn|p1a: Skuntank
|-damage|p1a: Skuntank|0 fnt
|-damage|p2a: SkillIssue.exe|76/100|[from] ability: Aftermath|[of] p1a: Skuntank
|faint|p1a: Skuntank
|
|t:|1760379902
|switch|p2a: Chonky|Pelipper, F|100/100|[from] U-turn
|-weather|RainDance|[from] ability: Drizzle|[of] p2a: Chonky
|
|-weather|RainDance|[upkeep]
|upkeep
|
|t:|1760379913
|switch|p1a: Vileplume|Vileplume, F|100/100
|-damage|p1a: Vileplume|88/100|[from] Stealth Rock
|turn|4
|
|t:|1760379919
|move|p1a: Vileplume|Stun Spore|p2a: Chonky
|-status|p2a: Chonky|par
|move|p2a: Chonky|U-turn|p1a: Vileplume
|-damage|p1a: Vileplume|79/100
|-damage|p2a: Chonky|84/100 par|[from] item: Rocky Helmet|[of] p1a: Vileplume
|
|t:|1760379926
|switch|p2a: YourMom|Drednaw, F|100/100|[from] U-turn
|-status|p2a: YourMom|tox
|
|-weather|RainDance|[upkeep]
|-damage|p2a: YourMom|94/100 tox|[from] psn
|upkeep
|turn|5
|
|t:|1760379934
|move|p2a: YourMom|Ice Spinner|p1a: Vileplume
|-supereffective|p1a: Vileplume
|-damage|p1a: Vileplume|28/100
|-damage|p2a: YourMom|78/100 tox|[from] item: Rocky Helmet|[of] p1a: Vileplume
|move|p1a: Vileplume|Stun Spore||[still]
|-fail|p1a: Vileplume
|
|-weather|RainDance|[upkeep]
|-damage|p2a: YourMom|65/100 tox|[from] psn
|upkeep
|turn|6
|
|t:|1760379943
|move|p2a: YourMom|Ice Spinner|p1a: Vileplume
|-supereffective|p1a: Vileplume
|-damage|p1a: Vileplume|0 fnt
|-damage|p2a: YourMom|49/100 tox|[from] item: Rocky Helmet|[of] p1a: Vileplume
|faint|p1a: Vileplume
|
|-weather|RainDance|[upkeep]
|-damage|p2a: YourMom|30/100 tox|[from] psn
|upkeep
|
|t:|1760379949
|switch|p1a: Okidogi|Okidogi, M|100/100
|-damage|p1a: Okidogi|94/100|[from] Stealth Rock
|turn|7
|
|t:|1760379954
|move|p2a: YourMom|Waterfall|p1a: Okidogi
|-damage|p1a: Okidogi|58/100
|cant|p1a: Okidogi|flinch
|
|-weather|RainDance|[upkeep]
|-heal|p1a: Okidogi|64/100|[from] item: Leftovers
|-damage|p2a: YourMom|5/100 tox|[from] psn
|upkeep
|turn|8
|
|t:|1760379973
|move|p2a: YourMom|Waterfall|p1a: Okidogi
|-damage|p1a: Okidogi|25/100
|move|p1a: Okidogi|Bulk Up|p1a: Okidogi
|-boost|p1a: Okidogi|atk|1
|-boost|p1a: Okidogi|def|1
|
|-weather|RainDance|[upkeep]
|-heal|p1a: Okidogi|32/100|[from] item: Leftovers
|-damage|p2a: YourMom|0 fnt|[from] psn
|faint|p2a: YourMom
|upkeep
|
|t:|1760379985
|switch|p2a: LastSurprise|Ditto, shiny|100/100
|-status|p2a: LastSurprise|tox
|-transform|p2a: LastSurprise|p1a: Okidogi|[from] ability: Imposter
|turn|9
|
|t:|1760379994
|switch|p1a: Chandelure|Chandelure, M|100/100
|-damage|p1a: Chandelure|76/100|[from] Stealth Rock
|move|p2a: LastSurprise|Drain Punch|p1a: Chandelure
|-immune|p1a: Chandelure
|
|-weather|RainDance|[upkeep]
|-damage|p2a: LastSurprise|94/100 tox|[from] psn
|upkeep
|turn|10
|
|t:|1760380005
|switch|p2a: Chonky|Pelipper, F|84/100 par
|move|p1a: Chandelure|Shadow Ball|p2a: Chonky
|-damage|p2a: Chonky|33/100 par
|
|-weather|none
|upkeep
|turn|11
|
|t:|1760380018
|switch|p2a: Muhahaha|Dragonite, M, shiny|100/100
|move|p1a: Chandelure|Shadow Ball|p2a: Muhahaha
|-damage|p2a: Muhahaha|75/100
|-unboost|p2a: Muhahaha|spd|1
|
|upkeep
|turn|12
|
|t:|1760380027
|switch|p2a: Chonky|Pelipper, F|33/100 par
|-weather|RainDance|[from] ability: Drizzle|[of] p2a: Chonky
|move|p1a: Chandelure|Shadow Ball|p2a: Chonky
|-damage|p2a: Chonky|0 fnt
|faint|p2a: Chonky
|
|-weather|RainDance|[upkeep]
|upkeep
|
|t:|1760380036
|switch|p2a: ShippiShippi|Ogerpon-Wellspring, F|100/100
|-status|p2a: ShippiShippi|tox
|turn|13
|
|t:|1760380041
|move|p1a: Chandelure|Shadow Ball|p2a: ShippiShippi
|-damage|p2a: ShippiShippi|46/100 tox
|-unboost|p2a: ShippiShippi|spd|1
|move|p2a: ShippiShippi|Ivy Cudgel|p1a: Chandelure|[anim] Ivy Cudgel Water
|-supereffective|p1a: Chandelure
|-damage|p1a: Chandelure|0 fnt
|faint|p1a: Chandelure
|
|-weather|RainDance|[upkeep]
|-damage|p2a: ShippiShippi|40/100 tox|[from] psn
|upkeep
|
|t:|1760380049
|switch|p1a: Okidogi|Okidogi, M|32/100
|-damage|p1a: Okidogi|25/100|[from] Stealth Rock
|turn|14
|
|t:|1760380057
|move|p2a: ShippiShippi|Ivy Cudgel|p1a: Okidogi|[anim] Ivy Cudgel Water
|-crit|p1a: Okidogi
|-damage|p1a: Okidogi|0 fnt
|faint|p1a: Okidogi
|
|-weather|RainDance|[upkeep]
|-damage|p2a: ShippiShippi|28/100 tox|[from] psn
|upkeep
|
|t:|1760380064
|switch|p1a: Gastrodon|Gastrodon-East, M|100/100
|-damage|p1a: Gastrodon|94/100|[from] Stealth Rock
|turn|15
|
|t:|1760380069
|-terastallize|p1a: Gastrodon|Ground
|move|p2a: ShippiShippi|Horn Leech|p1a: Gastrodon
|-supereffective|p1a: Gastrodon
|-damage|p1a: Gastrodon|0 fnt
|-heal|p2a: ShippiShippi|94/100 tox|[from] drain|[of] p1a: Gastrodon
|faint|p1a: Gastrodon
|
|-weather|RainDance|[upkeep]
|-damage|p2a: ShippiShippi|76/100 tox|[from] psn
|upkeep
|
|t:|1760380073
|switch|p1a: Latios|Latios, M, shiny|100/100
|-damage|p1a: Latios|88/100|[from] Stealth Rock
|turn|16
|
|t:|1760380080
|move|p2a: ShippiShippi|Play Rough|p1a: Latios
|-supereffective|p1a: Latios
|-damage|p1a: Latios|0 fnt
|faint|p1a: Latios
|
|win|NecroNyan
|raw|Bad player(MeEe)'s rating: 1074 &rarr; <strong>1058</strong><br />(-16 for losing)
|raw|NecroNyan's rating: 1159 &rarr; <strong>1178</strong><br />(+19 for winning)
|c|☆NecroNyan|GG
|l|☆NecroNyan
|player|p2|
|l|☆Bad player(MeEe)
|player|p1|
