|j|☆kv65
|j|☆jnfjrnfjrrf
|t:|1760449273
|gametype|singles
|player|p1|kv65|rancher|1109
|player|p2|jnfjrnfjrrf|265|1108
|gen|9
|tier|[Gen 9] OU
|rated|
|rule|HP Percentage Mod: HP is shown in percentages
|rule|Endless Battle Clause: Forcing endless battles is banned
|rule|Species Clause: Limit one of each Pokémon
|rule|OHKO Clause: OHKO moves are banned
|rule|Evasion Items Clause: Evasion items are banned
|rule|Evasion Moves Clause: Evasion moves are banned
|rule|Evasion Abilities Clause: Evasion abilities are banned
|rule|Sleep Moves Clause: Sleep-inducing moves are banned
|clearpoke
|poke|p1|Komala, M|
|poke|p1|Muk-Alola, M|
|poke|p1|Spidops, F|
|poke|p1|Metagross|
|poke|p1|Registeel|
|poke|p1|Tinkaton, F|
|poke|p2|Slowking-Galar, M|
|poke|p2|Corviknight, F|
|poke|p2|Gholdengo|
|poke|p2|Crawdaunt, M|
|poke|p2|Landorus-Therian, M|
|poke|p2|Volcanion|
|teampreview
|inactive|Battle timer is ON: inactive players will automatically lose when time's up. (requested by kv65)
|
|t:|1760449280
|teamsize|p1|6
|teamsize|p2|6
|start
|switch|p1a: Spidops|Spidops, F, shiny|100/100
|switch|p2a: Landorus|Landorus-Therian, M|100/100
|-ability|p2a: Landorus|Intimidate|boost
|-unboost|p1a: Spidops|atk|1
|turn|1
|
|t:|1760449288
|move|p2a: Landorus|Stone Edge|p1a: Spidops
|-supereffective|p1a: Spidops
|-damage|p1a: Spidops|44/100
|move|p1a: Spidops|Sticky Web|p2a: Landorus
|-sidestart|p2: jnfjrnfjrrf|move: Sticky Web
|
|upkeep
|turn|2
|
|t:|1760449296
|move|p1a: Spidops|Silk Trap|p1a: Spidops
|-singleturn|p1a: Spidops|Protect
|move|p2a: Landorus|Stone Edge|p1a: Spidops
|-activate|p1a: Spidops|move: Protect
|
|upkeep
|turn|3
|
|t:|1760449302
|move|p2a: Landorus|Stone Edge|p1a: Spidops
|-supereffective|p1a: Spidops
|-damage|p1a: Spidops|0 fnt
|faint|p1a: Spidops
|
|upkeep
|
|t:|1760449308
|switch|p1a: Muk|Muk-Alola, M|100/100
|turn|4
|
|t:|1760449312
|move|p2a: Landorus|Earthquake|p1a: Muk
|-supereffective|p1a: Muk
|-damage|p1a: Muk|0 fnt
|faint|p1a: Muk
|
|upkeep
|
|t:|1760449322
|switch|p1a: Tinkaton|Tinkaton, F|100/100
|turn|5
|
|t:|1760449333
|-terastallize|p1a: Tinkaton|Ground
|move|p1a: Tinkaton|Flatter|p2a: Landorus
|-boost|p2a: Landorus|spa|1
|-start|p2a: Landorus|confusion
|-enditem|p1a: Tinkaton|Mirror Herb
|-boost|p1a: Tinkaton|spa|1|[from] item: Mirror Herb
|-activate|p2a: Landorus|confusion
|move|p2a: Landorus|Earthquake|p1a: Tinkaton
|-damage|p1a: Tinkaton|30/100
|
|upkeep
|turn|6
|
|t:|1760449353
|move|p1a: Tinkaton|Draining Kiss|p2a: Landorus
|-damage|p2a: Landorus|66/100
|-heal|p1a: Tinkaton|56/100|[from] drain|[of] p2a: Landorus
|-damage|p1a: Tinkaton|40/100|[from] item: Rocky Helmet|[of] p2a: Landorus
|-activate|p2a: Landorus|confusion
|move|p2a: Landorus|Earthquake|p1a: Tinkaton
|-damage|p1a: Tinkaton|0 fnt
|faint|p1a: Tinkaton
|
|upkeep
|
|t:|1760449360
|switch|p1a: Metagross|Metagross, shiny|100/100
|turn|7
|
|t:|1760449365
|-end|p2a: Landorus|confusion
|move|p2a: Landorus|Earthquake|p1a: Metagross
|-supereffective|p1a: Metagross
|-damage|p1a: Metagross|19/100
|-enditem|p1a: Metagross|Weakness Policy
|-boost|p1a: Metagross|atk|2|[from] item: Weakness Policy
|-boost|p1a: Metagross|spa|2|[from] item: Weakness Policy
|move|p1a: Metagross|Meteor Mash|p2a: Landorus
|-damage|p2a: Landorus|0 fnt
|-damage|p1a: Metagross|3/100|[from] item: Rocky Helmet|[of] p2a: Landorus
|faint|p2a: Landorus
|
|upkeep
|
|t:|1760449375
|switch|p2a: Crawdaunt|Crawdaunt, M|100/100
|-activate|p2a: Crawdaunt|move: Sticky Web
|-unboost|p2a: Crawdaunt|spe|1
|turn|8
|
|t:|1760449381
|move|p2a: Crawdaunt|Aqua Jet|p1a: Metagross
|-crit|p1a: Metagross
|-damage|p1a: Metagross|0 fnt
|faint|p1a: Metagross
|
|upkeep
|
|t:|1760449387
|switch|p1a: Registeel|Registeel, shiny|100/100
|turn|9
|
|t:|1760449399
|switch|p2a: Slowking|Slowking-Galar, M|100/100
|move|p1a: Registeel|Iron Defense|p1a: Registeel
|-boost|p1a: Registeel|def|2
|
|upkeep
|turn|10
|
|t:|1760449406
|move|p1a: Registeel|Thunder Wave|p2a: Slowking
|-status|p2a: Slowking|par
|move|p2a: Slowking|Thunder Wave|p1a: Registeel
|-status|p1a: Registeel|par
|
|upkeep
|turn|11
|
|t:|1760449415
|move|p1a: Registeel|Iron Defense|p1a: Registeel
|-boost|p1a: Registeel|def|2
|move|p2a: Slowking|Future Sight|p1a: Registeel
|-start|p2a: Slowking|move: Future Sight
|
|upkeep
|turn|12
|
|t:|1760449419
|move|p1a: Registeel|Body Press|p2a: Slowking
|-resisted|p2a: Slowking
|-damage|p2a: Slowking|81/100 par
|-prepare|p2a: Slowking|Chilly Reception|[premajor]
|move|p2a: Slowking|Chilly Reception|p2a: Slowking
|-weather|Snowscape
|
|t:|1760449426
|switch|p2a: Volcanion|Volcanion|100/100|[from] Chilly Reception
|-activate|p2a: Volcanion|move: Sticky Web
|-unboost|p2a: Volcanion|spe|1
|
|-weather|Snowscape|[upkeep]
|upkeep
|turn|13
|
|t:|1760449436
|-terastallize|p2a: Volcanion|Fire
|move|p2a: Volcanion|Flamethrower|p1a: Registeel
|-supereffective|p1a: Registeel
|-damage|p1a: Registeel|0 fnt
|faint|p1a: Registeel
|
|-weather|Snowscape|[upkeep]
|-hint|Future Sight did not hit because the target is fainted.
|upkeep
|
|t:|1760449442
|switch|p1a: Komala|Komala, M, shiny|100/100
|-ability|p1a: Komala|Comatose
|turn|14
|
|t:|1760449449
|move|p1a: Komala|Knock Off|p2a: Volcanion
|-damage|p2a: Volcanion|79/100
|-enditem|p2a: Volcanion|Choice Specs|[from] move: Knock Off|[of] p1a: Komala
|move|p2a: Volcanion|Flamethrower|p1a: Komala
|-damage|p1a: Komala|44/100
|
|-weather|Snowscape|[upkeep]
|-heal|p1a: Komala|50/100|[from] item: Leftovers
|upkeep
|turn|15
|
|t:|1760449457
|move|p1a: Komala|Wish|p1a: Komala
|move|p2a: Volcanion|Flamethrower|p1a: Komala
|-damage|p1a: Komala|0 fnt
|faint|p1a: Komala
|
|win|jnfjrnfjrrf
|raw|kv65's rating: 1109 &rarr; <strong>1084</strong><br />(-25 for losing)
|raw|jnfjrnfjrrf's rating: 1108 &rarr; <strong>1133</strong><br />(+25 for winning)
|l|☆kv65
|player|p1|
|l|☆jnfjrnfjrrf
|player|p2|
