|j|☆YOHZZI
|j|☆notmeezo
|t:|1760460148
|gametype|singles
|player|p1|YOHZZI|teamrocket|1389
|player|p2|notmeezo|lucas|1340
|gen|9
|tier|[Gen 9] OU
|rated|
|rule|HP Percentage Mod: HP is shown in percentages
|rule|Endless Battle Clause: Forcing endless battles is banned
|rule|Species Clause: Limit one of each Pokémon
|rule|OHKO Clause: OHKO moves are banned
|rule|Evasion Items Clause: Evasion items are banned
|rule|Evasion Moves Clause: Evasion moves are banned
|rule|Evasion Abilities Clause: Evasion abilities are banned
|rule|Sleep Moves Clause: Sleep-inducing moves are banned
|clearpoke
|poke|p1|Pelipper, F|
|poke|p1|Iron Treads|
|poke|p1|Toxicroak, M|
|poke|p1|Corviknight, F|
|poke|p1|Zapdos|
|poke|p1|Barraskewda, M|
|poke|p2|Zamazenta-*|
|poke|p2|Serperior, M|
|poke|p2|Rotom-Heat|
|poke|p2|Corviknight, M|
|poke|p2|Gliscor, M|
|poke|p2|Ogerpon-Wellspring, F|
|teampreview
|inactive|Battle timer is ON: inactive players will automatically lose when time's up. (requested by notmeezo)
|
|t:|1760460161
|teamsize|p1|6
|teamsize|p2|6
|start
|switch|p1a: Pelipper|Pelipper, F|100/100
|switch|p2a: Telkom|Rotom-Heat|100/100
|-weather|RainDance|[from] ability: Drizzle|[of] p1a: Pelipper
|turn|1
|inactive|YOHZZI has 120 seconds left.
|
|t:|1760460204
|switch|p2a: Mystic|Ogerpon-Wellspring, F|100/100
|switch|p1a: Iron Treads|Iron Treads, shiny|100/100
|
|-weather|RainDance|[upkeep]
|upkeep
|turn|2
|
|t:|1760460208
|-end|p1a: Iron Treads|Quark Drive|[silent]
|switch|p1a: Toxicroak|Toxicroak, M, shiny|100/100
|move|p2a: Mystic|Ivy Cudgel|p1a: Toxicroak|[anim] Ivy Cudgel Water
|-immune|p1a: Toxicroak|[from] ability: Dry Skin
|
|-weather|RainDance|[upkeep]
|upkeep
|turn|3
|
|t:|1760460217
|move|p2a: Mystic|U-turn|p1a: Toxicroak
|-resisted|p1a: Toxicroak
|-damage|p1a: Toxicroak|95/100
|-damage|p2a: Mystic|84/100|[from] item: Rocky Helmet|[of] p1a: Toxicroak
|
|t:|1760460226
|switch|p2a: Pinch|Gliscor, M|100/100|[from] U-turn
|move|p1a: Toxicroak|Knock Off|p2a: Pinch
|-damage|p2a: Pinch|82/100
|-enditem|p2a: Pinch|Toxic Orb|[from] move: Knock Off|[of] p1a: Toxicroak
|
|-weather|RainDance|[upkeep]
|-heal|p1a: Toxicroak|100/100|[from] ability: Dry Skin
|upkeep
|turn|4
|
|t:|1760460238
|switch|p1a: Zapdos|Zapdos, shiny|100/100
|move|p2a: Pinch|Stealth Rock|p1a: Zapdos
|-sidestart|p1: YOHZZI|move: Stealth Rock
|
|-weather|RainDance|[upkeep]
|upkeep
|turn|5
|
|t:|1760460244
|move|p1a: Zapdos|Weather Ball|p2a: Pinch
|-supereffective|p2a: Pinch
|-damage|p2a: Pinch|0 fnt
|faint|p2a: Pinch
|
|-weather|RainDance|[upkeep]
|upkeep
|
|t:|1760460250
|switch|p2a: Shield|Zamazenta|100/100
|-ability|p2a: Shield|Dauntless Shield|boost
|-boost|p2a: Shield|def|1
|turn|6
|
|t:|1760460259
|switch|p2a: Telkom|Rotom-Heat|100/100
|switch|p1a: Corviknight|Corviknight, F|100/100
|-damage|p1a: Corviknight|88/100|[from] Stealth Rock
|-ability|p1a: Corviknight|Pressure
|
|-weather|RainDance|[upkeep]
|upkeep
|turn|7
|
|t:|1760460268
|switch|p1a: Iron Treads|Iron Treads, shiny|100/100
|-damage|p1a: Iron Treads|98/100|[from] Stealth Rock
|move|p2a: Telkom|Volt Switch|p1a: Iron Treads
|-immune|p1a: Iron Treads
|
|-weather|RainDance|[upkeep]
|-heal|p1a: Iron Treads|100/100|[from] item: Leftovers
|upkeep
|turn|8
|inactive|notmeezo has 120 seconds left.
|
|t:|1760460305
|switch|p2a: Mystic|Ogerpon-Wellspring, F|84/100
|move|p1a: Iron Treads|Rapid Spin|p2a: Mystic
|-damage|p2a: Mystic|67/100
|-boost|p1a: Iron Treads|spe|1
|-sideend|p1: YOHZZI|Stealth Rock|[from] move: Rapid Spin|[of] p1a: Iron Treads
|
|-weather|none
|upkeep
|turn|9
|inactive|notmeezo has 120 seconds left.
|
|t:|1760460314
|-end|p1a: Iron Treads|Quark Drive|[silent]
|switch|p1a: Corviknight|Corviknight, F|88/100
|-ability|p1a: Corviknight|Pressure
|move|p2a: Mystic|Ivy Cudgel|p1a: Corviknight|[anim] Ivy Cudgel Water
|-crit|p1a: Corviknight
|-damage|p1a: Corviknight|39/100
|
|upkeep
|turn|10
|inactive|notmeezo has 120 seconds left.
|
|t:|1760460334
|switch|p1a: Toxicroak|Toxicroak, M, shiny|100/100
|move|p2a: Mystic|Ivy Cudgel|p1a: Toxicroak|[anim] Ivy Cudgel Water
|-immune|p1a: Toxicroak|[from] ability: Dry Skin
|
|upkeep
|turn|11
|
|t:|1760460350
|move|p2a: Mystic|Knock Off|p1a: Toxicroak
|-resisted|p1a: Toxicroak
|-damage|p1a: Toxicroak|84/100
|-damage|p2a: Mystic|50/100|[from] item: Rocky Helmet|[of] p1a: Toxicroak
|-enditem|p1a: Toxicroak|Rocky Helmet|[from] move: Knock Off|[of] p2a: Mystic
|move|p1a: Toxicroak|Knock Off|p2a: Mystic
|-damage|p2a: Mystic|29/100
|
|upkeep
|turn|12
|inactive|notmeezo has 120 seconds left.
|
|t:|1760460362
|move|p2a: Mystic|U-turn|p1a: Toxicroak
|-resisted|p1a: Toxicroak
|-damage|p1a: Toxicroak|78/100
|inactive|notmeezo has 120 seconds left.
|
|t:|1760460370
|switch|p2a: Telkom|Rotom-Heat|100/100|[from] U-turn
|move|p1a: Toxicroak|Knock Off|p2a: Telkom
|-damage|p2a: Telkom|73/100
|-enditem|p2a: Telkom|Choice Scarf|[from] move: Knock Off|[of] p1a: Toxicroak
|
|upkeep
|turn|13
|
|t:|1760460380
|switch|p1a: Pelipper|Pelipper, F|100/100
|-weather|RainDance|[from] ability: Drizzle|[of] p1a: Pelipper
|move|p2a: Telkom|Volt Switch|p1a: Pelipper
|-supereffective|p1a: Pelipper
|-damage|p1a: Pelipper|0 fnt
|faint|p1a: Pelipper
|inactive|notmeezo has 120 seconds left.
|
|t:|1760460392
|switch|p2a: Fuzzy|Serperior, M|100/100|[from] Volt Switch
|
|-weather|RainDance|[upkeep]
|upkeep
|
|t:|1760460398
|switch|p1a: Zapdos|Zapdos, shiny|100/100
|turn|14
|inactive|notmeezo has 120 seconds left.
|
|t:|1760460423
|switch|p2a: Mystic|Ogerpon-Wellspring, F|29/100
|move|p1a: Zapdos|Hurricane|p2a: Mystic
|-supereffective|p2a: Mystic
|-damage|p2a: Mystic|0 fnt
|faint|p2a: Mystic
|
|-weather|RainDance|[upkeep]
|upkeep
|
|t:|1760460429
|switch|p2a: Telkom|Rotom-Heat|73/100
|turn|15
|
|t:|1760460434
|switch|p1a: Iron Treads|Iron Treads, shiny|100/100
|move|p2a: Telkom|Overheat|p1a: Iron Treads
|-supereffective|p1a: Iron Treads
|-damage|p1a: Iron Treads|50/100
|-unboost|p2a: Telkom|spa|2
|
|-weather|RainDance|[upkeep]
|-heal|p1a: Iron Treads|56/100|[from] item: Leftovers
|upkeep
|turn|16
|inactive|notmeezo has 120 seconds left.
|
|t:|1760460446
|move|p1a: Iron Treads|Rapid Spin|p2a: Telkom
|-damage|p2a: Telkom|57/100
|-boost|p1a: Iron Treads|spe|1
|move|p2a: Telkom|Trick|p1a: Iron Treads
|-activate|p2a: Telkom|move: Trick|[of] p1a: Iron Treads
|-enditem|p1a: Iron Treads|Leftovers|[silent]|[from] move: Trick
|-item|p2a: Telkom|Leftovers|[from] move: Trick
|
|-weather|RainDance|[upkeep]
|-heal|p2a: Telkom|63/100|[from] item: Leftovers
|upkeep
|turn|17
|
|t:|1760460460
|switch|p2a: Corviknight|Corviknight, M|100/100
|move|p1a: Iron Treads|Volt Switch|p2a: Corviknight
|-supereffective|p2a: Corviknight
|-damage|p2a: Corviknight|77/100
|
|t:|1760460474
|-end|p1a: Iron Treads|Quark Drive|[silent]
|switch|p1a: Barraskewda|Barraskewda, M, shiny|100/100|[from] Volt Switch
|
|-weather|RainDance|[upkeep]
|upkeep
|turn|18
|
|t:|1760460487
|-terastallize|p1a: Barraskewda|Water
|move|p1a: Barraskewda|Liquidation|p2a: Corviknight
|-damage|p2a: Corviknight|0 fnt
|-damage|p1a: Barraskewda|84/100|[from] item: Rocky Helmet|[of] p2a: Corviknight
|faint|p2a: Corviknight
|
|-weather|RainDance|[upkeep]
|upkeep
|
|t:|1760460497
|switch|p2a: Shield|Zamazenta|100/100
|turn|19
|
|t:|1760460499
|move|p1a: Barraskewda|Liquidation|p2a: Shield
|-damage|p2a: Shield|0 fnt
|faint|p2a: Shield
|
|-weather|RainDance|[upkeep]
|upkeep
|
|t:|1760460504
|switch|p2a: Telkom|Rotom-Heat|63/100
|turn|20
|
|t:|1760460508
|move|p1a: Barraskewda|Liquidation|p2a: Telkom
|-supereffective|p2a: Telkom
|-damage|p2a: Telkom|0 fnt
|faint|p2a: Telkom
|
|-weather|none
|upkeep
|
|t:|1760460514
|switch|p2a: Fuzzy|Serperior, M|100/100
|turn|21
|
|t:|1760460535
|switch|p1a: Zapdos|Zapdos, shiny|100/100
|move|p2a: Fuzzy|Glare|p1a: Zapdos
|-immune|p1a: Zapdos
|
|upkeep
|turn|22
|
|t:|1760460543
|-terastallize|p2a: Fuzzy|Electric
|move|p2a: Fuzzy|Leaf Storm|p1a: Zapdos
|-resisted|p1a: Zapdos
|-damage|p1a: Zapdos|79/100
|-boost|p2a: Fuzzy|spa|2
|move|p1a: Zapdos|Hurricane|p2a: Fuzzy
|-resisted|p2a: Fuzzy
|-damage|p2a: Fuzzy|54/100
|-start|p2a: Fuzzy|confusion
|
|-heal|p2a: Fuzzy|60/100|[from] item: Leftovers
|upkeep
|turn|23
|
|t:|1760460556
|-activate|p2a: Fuzzy|confusion
|-damage|p2a: Fuzzy|53/100|[from] confusion
|move|p1a: Zapdos|Hurricane|p2a: Fuzzy|[miss]
|-miss|p1a: Zapdos|p2a: Fuzzy
|
|-heal|p2a: Fuzzy|59/100|[from] item: Leftovers
|upkeep
|turn|24
|
|t:|1760460563
|-activate|p2a: Fuzzy|confusion
|move|p2a: Fuzzy|Leaf Storm|p1a: Zapdos
|-resisted|p1a: Zapdos
|-damage|p1a: Zapdos|30/100
|-boost|p2a: Fuzzy|spa|2
|move|p1a: Zapdos|Hurricane|p2a: Fuzzy
|-resisted|p2a: Fuzzy
|-damage|p2a: Fuzzy|13/100
|
|-heal|p2a: Fuzzy|19/100|[from] item: Leftovers
|upkeep
|turn|25
|
|t:|1760460573
|-end|p2a: Fuzzy|confusion
|move|p2a: Fuzzy|Leaf Storm|p1a: Zapdos
|-resisted|p1a: Zapdos
|-damage|p1a: Zapdos|0 fnt
|-boost|p2a: Fuzzy|spa|2
|faint|p1a: Zapdos
|
|-heal|p2a: Fuzzy|25/100|[from] item: Leftovers
|upkeep
|
|t:|1760460583
|switch|p1a: Barraskewda|Barraskewda, M, shiny, tera:Water|84/100
|turn|26
|
|t:|1760460593
|move|p1a: Barraskewda|Liquidation|p2a: Fuzzy
|-damage|p2a: Fuzzy|0 fnt
|faint|p2a: Fuzzy
|
|win|YOHZZI
|raw|YOHZZI's rating: 1389 &rarr; <strong>1406</strong><br />(+17 for winning)
|raw|notmeezo's rating: 1340 &rarr; <strong>1323</strong><br />(-17 for losing)
|l|☆notmeezo
|player|p2|
|l|☆YOHZZI
|player|p1|
