|j|☆dilf huntr
|j|☆Parker757
|t:|1760405919
|gametype|singles
|player|p1|dilf huntr|drasna|1673
|player|p2|Parker757|pokemonranger-gen4|1693
|gen|9
|tier|[Gen 9] OU
|rated|
|rule|HP Percentage Mod: HP is shown in percentages
|rule|Endless Battle Clause: Forcing endless battles is banned
|rule|Species Clause: Limit one of each Pokémon
|rule|OHKO Clause: OHKO moves are banned
|rule|Evasion Items Clause: Evasion items are banned
|rule|Evasion Moves Clause: Evasion moves are banned
|rule|Evasion Abilities Clause: Evasion abilities are banned
|rule|Sleep Moves Clause: Sleep-inducing moves are banned
|clearpoke
|poke|p1|Zamazenta-*|
|poke|p1|Okidogi, M|
|poke|p1|Landorus-Therian, M|
|poke|p1|Dragonite, F|
|poke|p1|Cinderace, M|
|poke|p1|Gholdengo|
|poke|p2|Zapdos|
|poke|p2|Kyurem|
|poke|p2|Slowking-Galar, M|
|poke|p2|Zamazenta-*|
|poke|p2|Iron Treads|
|poke|p2|Samurott-Hisui, F|
|teampreview
|inactive|Battle timer is ON: inactive players will automatically lose when time's up. (requested by Parker757)
|inactive|dilf huntr also wants the timer to be on.
|
|t:|1760405934
|teamsize|p1|6
|teamsize|p2|6
|start
|switch|p1a: Okidogi|Okidogi, M|100/100
|switch|p2a: Kyurem|Kyurem|100/100
|-ability|p2a: Kyurem|Pressure
|turn|1
|inactive|Parker757 has 120 seconds left.
|
|t:|1760405973
|switch|p2a: Zapdos|Zapdos, shiny|100/100
|move|p1a: Okidogi|Drain Punch|p2a: Zapdos
|-resisted|p2a: Zapdos
|-damage|p2a: Zapdos|85/100
|
|upkeep
|turn|2
|inactive|Parker757 has 120 seconds left.
|
|t:|1760405979
|move|p2a: Zapdos|Hurricane|p1a: Okidogi|[miss]
|-miss|p2a: Zapdos|p1a: Okidogi
|move|p1a: Okidogi|Knock Off|p2a: Zapdos
|-damage|p2a: Zapdos|59/100
|-status|p1a: Okidogi|par|[from] ability: Static|[of] p2a: Zapdos
|-enditem|p2a: Zapdos|Heavy-Duty Boots|[from] move: Knock Off|[of] p1a: Okidogi
|
|upkeep
|turn|3
|
|t:|1760405982
|move|p2a: Zapdos|Roost|p2a: Zapdos
|-heal|p2a: Zapdos|100/100
|-singleturn|p2a: Zapdos|move: Roost
|move|p1a: Okidogi|Gunk Shot|p2a: Zapdos
|-damage|p2a: Zapdos|50/100
|-status|p2a: Zapdos|psn
|
|-damage|p2a: Zapdos|37/100 psn|[from] psn
|upkeep
|turn|4
|
|t:|1760405998
|move|p2a: Zapdos|Roost|p2a: Zapdos
|-heal|p2a: Zapdos|87/100 psn
|-singleturn|p2a: Zapdos|move: Roost
|move|p1a: Okidogi|Gunk Shot|p2a: Zapdos
|-damage|p2a: Zapdos|35/100 psn
|
|-damage|p2a: Zapdos|23/100 psn|[from] psn
|upkeep
|turn|5
|
|t:|1760406006
|move|p2a: Zapdos|Hurricane|p1a: Okidogi
|-supereffective|p1a: Okidogi
|-damage|p1a: Okidogi|32/100 par
|-start|p1a: Okidogi|confusion
|-activate|p1a: Okidogi|confusion
|cant|p1a: Okidogi|par
|
|-damage|p2a: Zapdos|10/100 psn|[from] psn
|upkeep
|turn|6
|
|t:|1760406012
|move|p2a: Zapdos|Roost|p2a: Zapdos
|-heal|p2a: Zapdos|61/100 psn
|-singleturn|p2a: Zapdos|move: Roost
|-end|p1a: Okidogi|confusion
|move|p1a: Okidogi|Gunk Shot|p2a: Zapdos
|-damage|p2a: Zapdos|14/100 psn
|
|-damage|p2a: Zapdos|2/100 psn|[from] psn
|upkeep
|turn|7
|
|t:|1760406017
|move|p2a: Zapdos|Roost|p2a: Zapdos
|-heal|p2a: Zapdos|52/100 psn
|-singleturn|p2a: Zapdos|move: Roost
|cant|p1a: Okidogi|par
|
|-damage|p2a: Zapdos|40/100 psn|[from] psn
|upkeep
|turn|8
|
|t:|1760406021
|move|p2a: Zapdos|Discharge|p1a: Okidogi
|-damage|p1a: Okidogi|7/100 par
|cant|p1a: Okidogi|par
|
|-damage|p2a: Zapdos|27/100 psn|[from] psn
|upkeep
|turn|9
|
|t:|1760406025
|move|p2a: Zapdos|Discharge|p1a: Okidogi
|-damage|p1a: Okidogi|0 fnt
|faint|p1a: Okidogi
|
|-damage|p2a: Zapdos|15/100 psn|[from] psn
|upkeep
|
|t:|1760406031
|switch|p1a: Landorus|Landorus-Therian, M|100/100
|-ability|p1a: Landorus|Intimidate|boost
|-unboost|p2a: Zapdos|atk|1
|turn|10
|
|t:|1760406034
|move|p1a: Landorus|Stealth Rock|p2a: Zapdos
|-sidestart|p2: Parker757|move: Stealth Rock
|move|p2a: Zapdos|Hurricane|p1a: Landorus
|-damage|p1a: Landorus|50/100
|
|-damage|p2a: Zapdos|3/100 psn|[from] psn
|upkeep
|turn|11
|
|t:|1760406042
|move|p1a: Landorus|Stone Edge|p2a: Zapdos
|-supereffective|p2a: Zapdos
|-damage|p2a: Zapdos|0 fnt
|faint|p2a: Zapdos
|
|upkeep
|
|t:|1760406048
|switch|p2a: Kyurem|Kyurem|100/100
|-damage|p2a: Kyurem|76/100|[from] Stealth Rock
|-ability|p2a: Kyurem|Pressure
|turn|12
|
|t:|1760406054
|switch|p1a: Cinderace|Cinderace, M, shiny|100/100
|move|p2a: Kyurem|Ice Beam|p1a: Cinderace
|-resisted|p1a: Cinderace
|-damage|p1a: Cinderace|56/100
|
|upkeep
|turn|13
|
|t:|1760406058
|switch|p2a: Zamazenta|Zamazenta|100/100
|-damage|p2a: Zamazenta|94/100|[from] Stealth Rock
|-ability|p2a: Zamazenta|Dauntless Shield|boost
|-boost|p2a: Zamazenta|def|1
|move|p1a: Cinderace|Pyro Ball|p2a: Zamazenta
|-damage|p2a: Zamazenta|68/100
|
|-heal|p2a: Zamazenta|74/100|[from] item: Leftovers
|upkeep
|turn|14
|
|t:|1760406061
|switch|p1a: Landorus|Landorus-Therian, M|50/100
|-ability|p1a: Landorus|Intimidate|boost
|-unboost|p2a: Zamazenta|atk|1
|move|p2a: Zamazenta|Iron Defense|p2a: Zamazenta
|-boost|p2a: Zamazenta|def|2
|
|-heal|p2a: Zamazenta|80/100|[from] item: Leftovers
|upkeep
|turn|15
|inactive|Parker757 has 120 seconds left.
|
|t:|1760406103
|move|p2a: Zamazenta|Body Press|p1a: Landorus
|-resisted|p1a: Landorus
|-damage|p1a: Landorus|0 fnt
|-damage|p2a: Zamazenta|63/100|[from] item: Rocky Helmet|[of] p1a: Landorus
|faint|p1a: Landorus
|
|-heal|p2a: Zamazenta|70/100|[from] item: Leftovers
|upkeep
|
|t:|1760406119
|switch|p1a: Gholdengo|Gholdengo|100/100
|-item|p1a: Gholdengo|Air Balloon
|turn|16
|inactive|Parker757 has 120 seconds left.
|
|t:|1760406134
|move|p2a: Zamazenta|Crunch|p1a: Gholdengo
|-supereffective|p1a: Gholdengo
|-damage|p1a: Gholdengo|80/100
|-enditem|p1a: Gholdengo|Air Balloon
|move|p1a: Gholdengo|Thunder Wave|p2a: Zamazenta
|-status|p2a: Zamazenta|par
|
|-heal|p2a: Zamazenta|76/100 par|[from] item: Leftovers
|upkeep
|turn|17
|
|t:|1760406143
|switch|p2a: Samurott|Samurott-Hisui, F|100/100
|-damage|p2a: Samurott|88/100|[from] Stealth Rock
|move|p1a: Gholdengo|Hex|p2a: Samurott
|-resisted|p2a: Samurott
|-damage|p2a: Samurott|79/100
|
|upkeep
|turn|18
|
|t:|1760406148
|switch|p1a: Zamazenta|Zamazenta|100/100
|-ability|p1a: Zamazenta|Dauntless Shield|boost
|-boost|p1a: Zamazenta|def|1
|move|p2a: Samurott|Ceaseless Edge|p1a: Zamazenta|[miss]
|-miss|p2a: Samurott|p1a: Zamazenta
|
|upkeep
|turn|19
|
|t:|1760406154
|switch|p2a: Slowking|Slowking-Galar, M|100/100
|move|p1a: Zamazenta|Crunch|p2a: Slowking
|-supereffective|p2a: Slowking
|-damage|p2a: Slowking|29/100
|-damage|p1a: Zamazenta|91/100|[from] item: Life Orb
|
|upkeep
|turn|20
|
|t:|1760406161
|switch|p2a: Zamazenta|Zamazenta|76/100 par
|-damage|p2a: Zamazenta|70/100 par|[from] Stealth Rock
|move|p1a: Zamazenta|Crunch|p2a: Zamazenta
|-resisted|p2a: Zamazenta
|-damage|p2a: Zamazenta|56/100 par
|-damage|p1a: Zamazenta|81/100|[from] item: Life Orb
|
|-heal|p2a: Zamazenta|62/100 par|[from] item: Leftovers
|upkeep
|turn|21
|
|t:|1760406164
|move|p1a: Zamazenta|Close Combat|p2a: Zamazenta
|-damage|p2a: Zamazenta|2/100 par
|-unboost|p1a: Zamazenta|def|1
|-unboost|p1a: Zamazenta|spd|1
|-damage|p1a: Zamazenta|71/100|[from] item: Life Orb
|move|p2a: Zamazenta|Roar|p1a: Zamazenta
|drag|p1a: Dragonite|Dragonite, F|100/100
|
|-heal|p2a: Zamazenta|8/100 par|[from] item: Leftovers
|upkeep
|turn|22
|
|t:|1760406173
|move|p1a: Dragonite|Earthquake|p2a: Zamazenta
|-damage|p2a: Zamazenta|0 fnt
|faint|p2a: Zamazenta
|
|upkeep
|
|t:|1760406176
|switch|p2a: Kyurem|Kyurem|76/100
|-damage|p2a: Kyurem|51/100|[from] Stealth Rock
|-ability|p2a: Kyurem|Pressure
|turn|23
|
|t:|1760406179
|switch|p1a: Cinderace|Cinderace, M, shiny|56/100
|move|p2a: Kyurem|Ice Beam|p1a: Cinderace
|-resisted|p1a: Cinderace
|-damage|p1a: Cinderace|10/100
|
|upkeep
|turn|24
|
|t:|1760406188
|move|p1a: Cinderace|Pyro Ball|p2a: Kyurem
|-damage|p2a: Kyurem|9/100
|move|p2a: Kyurem|Ice Beam|p1a: Cinderace
|-resisted|p1a: Cinderace
|-damage|p1a: Cinderace|0 fnt
|faint|p1a: Cinderace
|
|upkeep
|
|t:|1760406192
|switch|p1a: Zamazenta|Zamazenta|71/100
|turn|25
|
|t:|1760406197
|move|p1a: Zamazenta|Crunch|p2a: Kyurem
|-damage|p2a: Kyurem|0 fnt
|faint|p2a: Kyurem
|-damage|p1a: Zamazenta|61/100|[from] item: Life Orb
|
|upkeep
|
|t:|1760406205
|switch|p2a: Iron Treads|Iron Treads|100/100
|-damage|p2a: Iron Treads|97/100|[from] Stealth Rock
|turn|26
|
|t:|1760406212
|-terastallize|p2a: Iron Treads|Ghost
|move|p1a: Zamazenta|Crunch|p2a: Iron Treads
|-supereffective|p2a: Iron Treads
|-damage|p2a: Iron Treads|33/100
|-damage|p1a: Zamazenta|51/100|[from] item: Life Orb
|move|p2a: Iron Treads|Rapid Spin|p1a: Zamazenta
|-damage|p1a: Zamazenta|38/100
|-boost|p2a: Iron Treads|spe|1
|-sideend|p2: Parker757|Stealth Rock|[from] move: Rapid Spin|[of] p2a: Iron Treads
|
|upkeep
|turn|27
|
|t:|1760406219
|move|p2a: Iron Treads|Earthquake|p1a: Zamazenta
|-damage|p1a: Zamazenta|2/100
|move|p1a: Zamazenta|Crunch|p2a: Iron Treads
|-supereffective|p2a: Iron Treads
|-damage|p2a: Iron Treads|0 fnt
|faint|p2a: Iron Treads
|-end|p2a: Iron Treads|Quark Drive|[silent]
|-damage|p1a: Zamazenta|0 fnt|[from] item: Life Orb
|faint|p1a: Zamazenta
|
|upkeep
|
|t:|1760406228
|switch|p1a: Dragonite|Dragonite, F|100/100
|switch|p2a: Slowking|Slowking-Galar, M|62/100
|turn|28
|
|t:|1760406237
|-terastallize|p1a: Dragonite|Flying
|move|p1a: Dragonite|Tera Blast|p2a: Slowking|[anim] Tera Blast Flying
|-damage|p2a: Slowking|0 fnt
|faint|p2a: Slowking
|
|upkeep
|
|t:|1760406241
|switch|p2a: Samurott|Samurott-Hisui, F|79/100
|turn|29
|
|t:|1760406244
|move|p1a: Dragonite|Tera Blast|p2a: Samurott|[anim] Tera Blast Flying
|-damage|p2a: Samurott|3/100
|move|p2a: Samurott|Ceaseless Edge|p1a: Dragonite
|-damage|p1a: Dragonite|80/100
|-sidestart|p1: dilf huntr|Spikes
|
|upkeep
|turn|30
|-message|Parker757 forfeited.
|
|win|dilf huntr
|raw|dilf huntr's rating: 1673 &rarr; <strong>1694</strong><br />(+21 for winning)
|raw|Parker757's rating: 1693 &rarr; <strong>1672</strong><br />(-21 for losing)
|l|☆Parker757
|player|p2|
