|j|☆Adadoo
|j|☆Curbs
|t:|1760374959
|gametype|singles
|player|p1|Adadoo|2|1452
|player|p2|Curbs|n|1452
|gen|9
|tier|[Gen 9] OU
|rated|
|rule|HP Percentage Mod: HP is shown in percentages
|rule|Endless Battle Clause: Forcing endless battles is banned
|rule|Species Clause: Limit one of each Pokémon
|rule|OHKO Clause: OHKO moves are banned
|rule|Evasion Items Clause: Evasion items are banned
|rule|Evasion Moves Clause: Evasion moves are banned
|rule|Evasion Abilities Clause: Evasion abilities are banned
|rule|Sleep Moves Clause: Sleep-inducing moves are banned
|clearpoke
|poke|p1|Ursaluna, M|
|poke|p1|Cresselia, F|
|poke|p1|Iron Valiant|
|poke|p1|Hatterene, F|
|poke|p1|Keldeo-Resolute|
|poke|p1|Ogerpon, F|
|poke|p2|Clefable, M|
|poke|p2|Skarmory, F|
|poke|p2|Ting-Lu|
|poke|p2|Gliscor, F|
|poke|p2|Amoonguss, F|
|poke|p2|Zamazenta-*|
|teampreview
|inactive|Battle timer is ON: inactive players will automatically lose when time's up. (requested by Curbs)
|
|t:|1760374987
|teamsize|p1|6
|teamsize|p2|6
|start
|switch|p1a: Keldeo|Keldeo-Resolute|100/100
|switch|p2a: Amoonguss|Amoonguss, F, shiny|100/100
|turn|1
|
|t:|1760374994
|switch|p1a: Hatterene|Hatterene, F, shiny|100/100
|move|p2a: Amoonguss|Sludge Bomb|p1a: Hatterene
|-supereffective|p1a: Hatterene
|-damage|p1a: Hatterene|43/100
|
|upkeep
|turn|2
|l|☆Curbs
|inactive|Curbs disconnected and has a minute to reconnect!
|player|p2|
|j|☆Curbs
|inactive|Curbs reconnected and has 145 seconds left.
|player|p2|Curbs|n|
|
|t:|1760375005
|move|p2a: Amoonguss|Sludge Bomb|p1a: Hatterene
|-supereffective|p1a: Hatterene
|-damage|p1a: Hatterene|0 fnt
|faint|p1a: Hatterene
|
|upkeep
|
|t:|1760375012
|switch|p1a: Ogerpon|Ogerpon, F|100/100
|turn|3
|
|t:|1760375015
|move|p1a: Ogerpon|U-turn|p2a: Amoonguss
|-damage|p2a: Amoonguss|72/100
|
|t:|1760375017
|switch|p1a: Cresselia|Cresselia, F, shiny|100/100|[from] U-turn
|move|p2a: Amoonguss|Sludge Bomb|p1a: Cresselia
|-damage|p1a: Cresselia|84/100
|-status|p1a: Cresselia|psn
|
|-damage|p1a: Cresselia|72/100 psn|[from] psn
|upkeep
|turn|4
|l|☆Curbs
|inactive|Curbs disconnected and has a minute to reconnect!
|player|p2|
|j|☆Curbs
|inactive|Curbs reconnected and has 125 seconds left.
|player|p2|Curbs|n|
|inactive|Curbs has 120 seconds left.
|
|t:|1760375062
|switch|p2a: Ting-Lu|Ting-Lu|100/100
|-ability|p2a: Ting-Lu|Vessel of Ruin
|move|p1a: Cresselia|Psychic|p2a: Ting-Lu
|-immune|p2a: Ting-Lu
|
|-damage|p1a: Cresselia|59/100 psn|[from] psn
|upkeep
|turn|5
|
|t:|1760375065
|switch|p1a: Ursaluna|Ursaluna, M, shiny|100/100
|move|p2a: Ting-Lu|Stealth Rock|p1a: Ursaluna
|-sidestart|p1: Adadoo|move: Stealth Rock
|
|-status|p1a: Ursaluna|brn|[from] item: Flame Orb
|upkeep
|turn|6
|
|t:|1760375074
|switch|p2a: Skarmory|Skarmory, F|100/100
|move|p1a: Ursaluna|Fire Punch|p2a: Skarmory
|-supereffective|p2a: Skarmory
|-damage|p2a: Skarmory|41/100
|-damage|p1a: Ursaluna|84/100 brn|[from] item: Rocky Helmet|[of] p2a: Skarmory
|
|-damage|p1a: Ursaluna|78/100 brn|[from] brn
|upkeep
|turn|7
|
|t:|1760375080
|move|p2a: Skarmory|Iron Defense|p2a: Skarmory
|-boost|p2a: Skarmory|def|2
|move|p1a: Ursaluna|Fire Punch|p2a: Skarmory
|-supereffective|p2a: Skarmory
|-damage|p2a: Skarmory|15/100
|-damage|p1a: Ursaluna|61/100 brn|[from] item: Rocky Helmet|[of] p2a: Skarmory
|
|-damage|p1a: Ursaluna|55/100 brn|[from] brn
|upkeep
|turn|8
|
|t:|1760375085
|move|p2a: Skarmory|Roost|p2a: Skarmory
|-heal|p2a: Skarmory|65/100
|-singleturn|p2a: Skarmory|move: Roost
|move|p1a: Ursaluna|Fire Punch|p2a: Skarmory
|-supereffective|p2a: Skarmory
|-damage|p2a: Skarmory|36/100
|-status|p2a: Skarmory|brn
|-damage|p1a: Ursaluna|39/100 brn|[from] item: Rocky Helmet|[of] p2a: Skarmory
|
|-damage|p2a: Skarmory|30/100 brn|[from] brn
|-damage|p1a: Ursaluna|32/100 brn|[from] brn
|upkeep
|turn|9
|
|t:|1760375089
|switch|p1a: Cresselia|Cresselia, F, shiny|59/100 psn
|-damage|p1a: Cresselia|47/100 psn|[from] Stealth Rock
|move|p2a: Skarmory|Roost|p2a: Skarmory
|-heal|p2a: Skarmory|80/100 brn
|-singleturn|p2a: Skarmory|move: Roost
|
|-damage|p1a: Cresselia|34/100 psn|[from] psn
|-damage|p2a: Skarmory|74/100 brn|[from] brn
|upkeep
|turn|10
|
|t:|1760375098
|move|p2a: Skarmory|Spikes|p1a: Cresselia
|-sidestart|p1: Adadoo|Spikes
|move|p1a: Cresselia|Lunar Dance|p1a: Cresselia
|faint|p1a: Cresselia
|
|-damage|p2a: Skarmory|68/100 brn|[from] brn
|upkeep
|
|t:|1760375101
|switch|p1a: Keldeo|Keldeo-Resolute|100/100
|-damage|p1a: Keldeo|94/100|[from] Stealth Rock
|-damage|p1a: Keldeo|82/100|[from] Spikes
|turn|11
|
|t:|1760375116
|switch|p2a: Ting-Lu|Ting-Lu|100/100
|-ability|p2a: Ting-Lu|Vessel of Ruin
|-terastallize|p1a: Keldeo|Water
|move|p1a: Keldeo|Surf|p2a: Ting-Lu
|-supereffective|p2a: Ting-Lu
|-damage|p2a: Ting-Lu|8/100
|
|upkeep
|turn|12
|
|t:|1760375124
|move|p1a: Keldeo|Surf|p2a: Ting-Lu
|-supereffective|p2a: Ting-Lu
|-damage|p2a: Ting-Lu|0 fnt
|faint|p2a: Ting-Lu
|
|upkeep
|inactive|Curbs has 120 seconds left.
|
|t:|1760375154
|switch|p2a: Zamazenta|Zamazenta|100/100
|-ability|p2a: Zamazenta|Dauntless Shield|boost
|-boost|p2a: Zamazenta|def|1
|turn|13
|
|t:|1760375158
|move|p2a: Zamazenta|Close Combat|p1a: Keldeo
|-damage|p1a: Keldeo|17/100
|-unboost|p2a: Zamazenta|def|1
|-unboost|p2a: Zamazenta|spd|1
|move|p1a: Keldeo|Surf|p2a: Zamazenta
|-damage|p2a: Zamazenta|0 fnt
|faint|p2a: Zamazenta
|
|upkeep
|
|t:|1760375164
|switch|p2a: Amoonguss|Amoonguss, F, shiny|100/100
|turn|14
|
|t:|1760375171
|switch|p1a: Ogerpon|Ogerpon, F|100/100
|-heal|p1a: Ogerpon|100/100|[from] move: Lunar Dance
|-damage|p1a: Ogerpon|88/100|[from] Stealth Rock
|-damage|p1a: Ogerpon|76/100|[from] Spikes
|move|p2a: Amoonguss|Giga Drain|p1a: Ogerpon
|-resisted|p1a: Ogerpon
|-damage|p1a: Ogerpon|63/100
|
|upkeep
|turn|15
|
|t:|1760375176
|move|p1a: Ogerpon|U-turn|p2a: Amoonguss
|-damage|p2a: Amoonguss|73/100
|
|t:|1760375178
|switch|p1a: Keldeo|Keldeo-Resolute, tera:Water|17/100|[from] U-turn
|-damage|p1a: Keldeo|5/100|[from] Stealth Rock
|-damage|p1a: Keldeo|0 fnt|[from] Spikes
|faint|p1a: Keldeo
|move|p2a: Amoonguss|Sludge Bomb|p1: Keldeo|[notarget]
|-fail|p2a: Amoonguss
|
|upkeep
|
|t:|1760375190
|switch|p1a: Ursaluna|Ursaluna, M, shiny|32/100 brn
|-damage|p1a: Ursaluna|26/100 brn|[from] Stealth Rock
|-damage|p1a: Ursaluna|14/100 brn|[from] Spikes
|turn|16
|
|t:|1760375195
|switch|p2a: Skarmory|Skarmory, F|68/100 brn
|move|p1a: Ursaluna|Ice Punch|p2a: Skarmory
|-damage|p2a: Skarmory|40/100 brn
|-damage|p1a: Ursaluna|0 fnt|[from] item: Rocky Helmet|[of] p2a: Skarmory
|faint|p1a: Ursaluna
|
|-damage|p2a: Skarmory|34/100 brn|[from] brn
|upkeep
|
|t:|1760375199
|switch|p1a: Iron Valiant|Iron Valiant|100/100
|-damage|p1a: Iron Valiant|94/100|[from] Stealth Rock
|-damage|p1a: Iron Valiant|82/100|[from] Spikes
|-enditem|p1a: Iron Valiant|Booster Energy
|-activate|p1a: Iron Valiant|ability: Quark Drive|[fromitem]
|-start|p1a: Iron Valiant|quarkdrivespe
|turn|17
|-message|Adadoo forfeited.
|
|win|Curbs
|raw|Adadoo's rating: 1452 &rarr; <strong>1432</strong><br />(-20 for losing)
|raw|Curbs's rating: 1452 &rarr; <strong>1472</strong><br />(+20 for winning)
|l|☆Adadoo
|player|p1|
|l|☆Curbs
|player|p2|
