|j|☆kritath
|j|☆Princessjosie1001!
|t:|1760458195
|gametype|singles
|player|p1|kritath|policeman-gen4|1525
|player|p2|Princessjosie1001!|nurse|1526
|gen|9
|tier|[Gen 9] OU
|rated|
|rule|HP Percentage Mod: HP is shown in percentages
|rule|Endless Battle Clause: Forcing endless battles is banned
|rule|Species Clause: Limit one of each Pokémon
|rule|OHKO Clause: OHKO moves are banned
|rule|Evasion Items Clause: Evasion items are banned
|rule|Evasion Moves Clause: Evasion moves are banned
|rule|Evasion Abilities Clause: Evasion abilities are banned
|rule|Sleep Moves Clause: Sleep-inducing moves are banned
|clearpoke
|poke|p1|Hydrapple, F|
|poke|p1|Slowking-Galar, F|
|poke|p1|Great Tusk|
|poke|p1|Tornadus-Therian, M|
|poke|p1|Dragapult, M|
|poke|p1|Kingambit, F|
|poke|p2|Yanmega, M|
|poke|p2|Cloyster, M|
|poke|p2|Salazzle, F|
|poke|p2|Espeon, M|
|poke|p2|Jirachi|
|poke|p2|Maushold-Four|
|teampreview
|inactive|Battle timer is ON: inactive players will automatically lose when time's up. (requested by kritath)
|
|t:|1760458200
|teamsize|p1|6
|teamsize|p2|6
|start
|switch|p1a: Dragapult|Dragapult, M|100/100
|switch|p2a: Yanmega|Yanmega, M|100/100
|turn|1
|
|t:|1760458204
|move|p2a: Yanmega|Protect|p2a: Yanmega
|-singleturn|p2a: Yanmega|Protect
|move|p1a: Dragapult|Dragon Darts|p2a: Yanmega
|-activate|p2a: Yanmega|move: Protect
|
|-ability|p2a: Yanmega|Speed Boost|boost
|-boost|p2a: Yanmega|spe|1
|upkeep
|turn|2
|
|t:|1760458211
|move|p2a: Yanmega|Air Slash|p1a: Dragapult
|-damage|p1a: Dragapult|17/100
|-damage|p2a: Yanmega|91/100|[from] item: Life Orb
|move|p1a: Dragapult|Dragon Darts|p2a: Yanmega
|-damage|p2a: Yanmega|65/100
|-anim|p1a: Dragapult|Dragon Darts|p2a: Yanmega
|-crit|p2a: Yanmega
|-damage|p2a: Yanmega|26/100
|
|-ability|p2a: Yanmega|Speed Boost|boost
|-boost|p2a: Yanmega|spe|1
|upkeep
|turn|3
|
|t:|1760458220
|switch|p1a: Slowking|Slowking-Galar, F|100/100
|move|p2a: Yanmega|Ancient Power|p1a: Slowking
|-damage|p1a: Slowking|85/100
|-damage|p2a: Yanmega|16/100|[from] item: Life Orb
|
|-ability|p2a: Yanmega|Speed Boost|boost
|-boost|p2a: Yanmega|spe|1
|upkeep
|turn|4
|
|t:|1760458228
|move|p2a: Yanmega|Air Slash|p1a: Slowking
|-damage|p1a: Slowking|54/100
|-damage|p2a: Yanmega|6/100|[from] item: Life Orb
|move|p1a: Slowking|Future Sight|p2a: Yanmega
|-start|p1a: Slowking|move: Future Sight
|
|-ability|p2a: Yanmega|Speed Boost|boost
|-boost|p2a: Yanmega|spe|1
|upkeep
|turn|5
|
|t:|1760458234
|move|p2a: Yanmega|Bug Buzz|p1a: Slowking
|-damage|p1a: Slowking|16/100
|-damage|p2a: Yanmega|0 fnt|[from] item: Life Orb
|faint|p2a: Yanmega
|-prepare|p1a: Slowking|Chilly Reception|[premajor]
|move|p1a: Slowking|Chilly Reception|p1a: Slowking
|-weather|Snowscape
|
|t:|1760458245
|switch|p1a: Kingambit|Kingambit, F|100/100|[from] Chilly Reception
|
|-weather|Snowscape|[upkeep]
|upkeep
|
|t:|1760458250
|switch|p2a: Salazzle|Salazzle, F|100/100
|turn|6
|
|t:|1760458254
|-end|p1a: Kingambit|fallenundefined|[silent]
|switch|p1a: Tornadus|Tornadus-Therian, M|100/100
|move|p2a: Salazzle|Flamethrower|p1a: Tornadus
|-damage|p1a: Tornadus|70/100
|
|-weather|Snowscape|[upkeep]
|-end|p2a: Salazzle|move: Future Sight
|-supereffective|p2a: Salazzle
|-enditem|p2a: Salazzle|Focus Sash
|-damage|p2a: Salazzle|1/100
|upkeep
|turn|7
|
|t:|1760458266
|switch|p2a: Jirachi|Jirachi|100/100
|move|p1a: Tornadus|U-turn|p2a: Jirachi
|-damage|p2a: Jirachi|86/100
|
|t:|1760458274
|switch|p1a: Slowking|Slowking-Galar, F|49/100|[from] U-turn
|
|-weather|Snowscape|[upkeep]
|upkeep
|turn|8
|
|t:|1760458278
|switch|p1a: Great Tusk|Great Tusk|100/100
|move|p2a: Jirachi|Iron Head|p1a: Great Tusk
|-damage|p1a: Great Tusk|74/100
|
|-weather|Snowscape|[upkeep]
|upkeep
|turn|9
|
|t:|1760458284
|move|p2a: Jirachi|Iron Head|p1a: Great Tusk
|-damage|p1a: Great Tusk|44/100
|cant|p1a: Great Tusk|flinch
|
|-weather|none
|upkeep
|turn|10
|
|t:|1760458290
|move|p2a: Jirachi|Iron Head|p1a: Great Tusk
|-damage|p1a: Great Tusk|18/100
|cant|p1a: Great Tusk|flinch
|
|upkeep
|turn|11
|
|t:|1760458294
|move|p2a: Jirachi|Iron Head|p1a: Great Tusk
|-damage|p1a: Great Tusk|0 fnt
|faint|p1a: Great Tusk
|-end|p1a: Great Tusk|Protosynthesis|[silent]
|
|upkeep
|
|t:|1760458299
|switch|p1a: Kingambit|Kingambit, F|100/100
|-activate|p1a: Kingambit|ability: Supreme Overlord
|-start|p1a: Kingambit|fallen1|[silent]
|turn|12
|
|t:|1760458306
|switch|p2a: Maushold|Maushold-Four|100/100
|move|p1a: Kingambit|Swords Dance|p1a: Kingambit
|-boost|p1a: Kingambit|atk|2
|
|upkeep
|turn|13
|
|t:|1760458312
|-end|p1a: Kingambit|fallen1|[silent]
|switch|p1a: Dragapult|Dragapult, M|17/100
|move|p2a: Maushold|Population Bomb|p1a: Dragapult
|-immune|p1a: Dragapult
|
|upkeep
|turn|14
|
|t:|1760458318
|move|p1a: Dragapult|Will-O-Wisp|p2a: Maushold|[miss]
|-miss|p1a: Dragapult|p2a: Maushold
|move|p2a: Maushold|Tidy Up|p2a: Maushold
|-boost|p2a: Maushold|atk|1
|-boost|p2a: Maushold|spe|1
|
|upkeep
|turn|15
|
|t:|1760458324
|move|p2a: Maushold|Bullet Seed|p1a: Dragapult
|-resisted|p1a: Dragapult
|-damage|p1a: Dragapult|7/100
|-resisted|p1a: Dragapult
|-damage|p1a: Dragapult|0 fnt
|faint|p1a: Dragapult
|-hitcount|p1: Dragapult|2
|
|upkeep
|
|t:|1760458332
|switch|p1a: Tornadus|Tornadus-Therian, M|100/100
|turn|16
|
|t:|1760458337
|-terastallize|p1a: Tornadus|Steel
|move|p2a: Maushold|Population Bomb|p1a: Tornadus
|-resisted|p1a: Tornadus
|-crit|p1a: Tornadus
|-damage|p1a: Tornadus|86/100
|-resisted|p1a: Tornadus
|-damage|p1a: Tornadus|76/100
|-resisted|p1a: Tornadus
|-damage|p1a: Tornadus|66/100
|-resisted|p1a: Tornadus
|-damage|p1a: Tornadus|56/100
|-resisted|p1a: Tornadus
|-damage|p1a: Tornadus|46/100
|-resisted|p1a: Tornadus
|-damage|p1a: Tornadus|36/100
|-resisted|p1a: Tornadus
|-damage|p1a: Tornadus|26/100
|-resisted|p1a: Tornadus
|-damage|p1a: Tornadus|17/100
|-resisted|p1a: Tornadus
|-damage|p1a: Tornadus|8/100
|-resisted|p1a: Tornadus
|-damage|p1a: Tornadus|0 fnt
|faint|p1a: Tornadus
|-hitcount|p1: Tornadus|10
|
|upkeep
|
|t:|1760458351
|switch|p1a: Kingambit|Kingambit, F|100/100
|-activate|p1a: Kingambit|ability: Supreme Overlord
|-start|p1a: Kingambit|fallen3|[silent]
|turn|17
|
|t:|1760458359
|move|p2a: Maushold|Population Bomb|p1a: Kingambit
|-resisted|p1a: Kingambit
|-damage|p1a: Kingambit|93/100
|-resisted|p1a: Kingambit
|-damage|p1a: Kingambit|86/100
|-resisted|p1a: Kingambit
|-damage|p1a: Kingambit|79/100
|-resisted|p1a: Kingambit
|-crit|p1a: Kingambit
|-damage|p1a: Kingambit|68/100
|-resisted|p1a: Kingambit
|-damage|p1a: Kingambit|61/100
|-resisted|p1a: Kingambit
|-damage|p1a: Kingambit|53/100
|-resisted|p1a: Kingambit
|-damage|p1a: Kingambit|45/100
|-resisted|p1a: Kingambit
|-damage|p1a: Kingambit|37/100
|-resisted|p1a: Kingambit
|-damage|p1a: Kingambit|30/100
|-hitcount|p1a: Kingambit|9
|move|p1a: Kingambit|Kowtow Cleave|p2a: Maushold
|-damage|p2a: Maushold|0 fnt
|faint|p2a: Maushold
|
|upkeep
|
|t:|1760458379
|switch|p2a: Salazzle|Salazzle, F|1/100
|turn|18
|
|t:|1760458383
|move|p1a: Kingambit|Sucker Punch||[still]
|-fail|p1a: Kingambit
|move|p2a: Salazzle|Toxic|p1a: Kingambit
|-status|p1a: Kingambit|tox
|-enditem|p1a: Kingambit|Lum Berry|[eat]
|-curestatus|p1a: Kingambit|tox|[msg]
|
|upkeep
|turn|19
|
|t:|1760458390
|move|p1a: Kingambit|Sucker Punch||[still]
|-fail|p1a: Kingambit
|move|p2a: Salazzle|Toxic|p1a: Kingambit
|-status|p1a: Kingambit|tox
|
|-damage|p1a: Kingambit|24/100 tox|[from] psn
|upkeep
|turn|20
|
|t:|1760458400
|switch|p2a: Jirachi|Jirachi|86/100
|-end|p1a: Kingambit|fallen3|[silent]
|switch|p1a: Slowking|Slowking-Galar, F|83/100
|
|upkeep
|turn|21
|-message|kritath forfeited.
|
|win|Princessjosie1001!
|raw|kritath's rating: 1525 &rarr; <strong>1505</strong><br />(-20 for losing)
|raw|Princessjosie1001!'s rating: 1526 &rarr; <strong>1546</strong><br />(+20 for winning)
|l|☆kritath
|player|p1|
|l|☆Princessjosie1001!
|player|p2|
