|j|☆Heeeeeeeelp
|j|☆diomak
|t:|1760303254
|gametype|singles
|player|p1|Heeeeeeeelp|170|1000
|player|p2|diomak|benga|1000
|gen|9
|tier|[Gen 9] OU
|rated|
|rule|HP Percentage Mod: HP is shown in percentages
|rule|Endless Battle Clause: Forcing endless battles is banned
|rule|Species Clause: Limit one of each Pokémon
|rule|OHKO Clause: OHKO moves are banned
|rule|Evasion Items Clause: Evasion items are banned
|rule|Evasion Moves Clause: Evasion moves are banned
|rule|Evasion Abilities Clause: Evasion abilities are banned
|rule|Sleep Moves Clause: Sleep-inducing moves are banned
|clearpoke
|poke|p1|Ribombee, F|
|poke|p1|Glimmora, F|
|poke|p1|Gholdengo|
|poke|p1|Samurott-Hisui, F|
|poke|p1|Rillaboom, F|
|poke|p1|Kingambit, M|
|poke|p2|Cinderace, M|
|poke|p2|Ceruledge, F|
|poke|p2|Pikachu-Alola, M|
|poke|p2|Zoroark, M|
|poke|p2|Lycanroc-Midnight, M|
|poke|p2|Zamazenta-*|
|teampreview
|inactive|Battle timer is ON: inactive players will automatically lose when time's up. (requested by diomak)
|
|t:|1760303276
|teamsize|p1|6
|teamsize|p2|6
|start
|switch|p1a: Ribombee|Ribombee, F|100/100
|switch|p2a: Cinderace|Cinderace, M|100/100
|-item|p2a: Cinderace|Air Balloon
|turn|1
|
|t:|1760303281
|move|p1a: Ribombee|Sticky Web|p2a: Cinderace
|-sidestart|p2: diomak|move: Sticky Web
|move|p2a: Cinderace|Copycat|p2a: Cinderace
|move|p2a: Cinderace|Sticky Web|p1a: Ribombee|[from] move: Copycat
|-sidestart|p1: Heeeeeeeelp|move: Sticky Web
|
|upkeep
|turn|2
|
|t:|1760303292
|move|p1a: Ribombee|Quiver Dance|p1a: Ribombee
|-boost|p1a: Ribombee|spa|1
|-boost|p1a: Ribombee|spd|1
|-boost|p1a: Ribombee|spe|1
|move|p2a: Cinderace|Copycat|p2a: Cinderace
|move|p2a: Cinderace|Quiver Dance|p2a: Cinderace|[from] move: Copycat
|-boost|p2a: Cinderace|spa|1
|-boost|p2a: Cinderace|spd|1
|-boost|p2a: Cinderace|spe|1
|
|upkeep
|turn|3
|
|t:|1760303300
|move|p1a: Ribombee|Quiver Dance|p1a: Ribombee
|-boost|p1a: Ribombee|spa|1
|-boost|p1a: Ribombee|spd|1
|-boost|p1a: Ribombee|spe|1
|move|p2a: Cinderace|Copycat|p2a: Cinderace
|move|p2a: Cinderace|Quiver Dance|p2a: Cinderace|[from] move: Copycat
|-boost|p2a: Cinderace|spa|1
|-boost|p2a: Cinderace|spd|1
|-boost|p2a: Cinderace|spe|1
|
|upkeep
|turn|4
|
|t:|1760303303
|move|p1a: Ribombee|Quiver Dance|p1a: Ribombee
|-boost|p1a: Ribombee|spa|1
|-boost|p1a: Ribombee|spd|1
|-boost|p1a: Ribombee|spe|1
|move|p2a: Cinderace|Copycat|p2a: Cinderace
|move|p2a: Cinderace|Quiver Dance|p2a: Cinderace|[from] move: Copycat
|-boost|p2a: Cinderace|spa|1
|-boost|p2a: Cinderace|spd|1
|-boost|p2a: Cinderace|spe|1
|
|upkeep
|turn|5
|
|t:|1760303310
|move|p1a: Ribombee|Quiver Dance|p1a: Ribombee
|-boost|p1a: Ribombee|spa|1
|-boost|p1a: Ribombee|spd|1
|-boost|p1a: Ribombee|spe|1
|move|p2a: Cinderace|Copycat|p2a: Cinderace
|move|p2a: Cinderace|Quiver Dance|p2a: Cinderace|[from] move: Copycat
|-boost|p2a: Cinderace|spa|1
|-boost|p2a: Cinderace|spd|1
|-boost|p2a: Cinderace|spe|1
|
|upkeep
|turn|6
|
|t:|1760303314
|move|p1a: Ribombee|Quiver Dance|p1a: Ribombee
|-boost|p1a: Ribombee|spa|1
|-boost|p1a: Ribombee|spd|1
|-boost|p1a: Ribombee|spe|1
|move|p2a: Cinderace|Copycat|p2a: Cinderace
|move|p2a: Cinderace|Quiver Dance|p2a: Cinderace|[from] move: Copycat
|-boost|p2a: Cinderace|spa|1
|-boost|p2a: Cinderace|spd|1
|-boost|p2a: Cinderace|spe|1
|
|upkeep
|turn|7
|
|t:|1760303319
|move|p1a: Ribombee|Quiver Dance|p1a: Ribombee
|-boost|p1a: Ribombee|spa|1
|-boost|p1a: Ribombee|spd|1
|-boost|p1a: Ribombee|spe|1
|move|p2a: Cinderace|Extrasensory|p1a: Ribombee
|-damage|p1a: Ribombee|68/100
|
|upkeep
|turn|8
|
|t:|1760303327
|move|p1a: Ribombee|Moonblast|p2a: Cinderace
|-supereffective|p2a: Cinderace
|-damage|p2a: Cinderace|0 fnt
|replace|p2a: Zoroark|Zoroark, M
|-end|p2a: Zoroark|Illusion
|-enditem|p2a: Zoroark|Air Balloon
|faint|p2a: Zoroark
|
|upkeep
|
|t:|1760303332
|switch|p2a: Lycanroc|Lycanroc-Midnight, M|100/100
|-activate|p2a: Lycanroc|move: Sticky Web
|-unboost|p2a: Lycanroc|spe|1
|turn|9
|
|t:|1760303337
|move|p1a: Ribombee|Moonblast|p2a: Lycanroc
|-damage|p2a: Lycanroc|0 fnt
|faint|p2a: Lycanroc
|
|upkeep
|
|t:|1760303340
|switch|p2a: Zamazenta|Zamazenta|100/100
|-activate|p2a: Zamazenta|move: Sticky Web
|-unboost|p2a: Zamazenta|spe|1
|-ability|p2a: Zamazenta|Dauntless Shield|boost
|-boost|p2a: Zamazenta|def|1
|turn|10
|
|t:|1760303345
|move|p1a: Ribombee|Moonblast|p2a: Zamazenta
|-supereffective|p2a: Zamazenta
|-damage|p2a: Zamazenta|0 fnt
|faint|p2a: Zamazenta
|
|upkeep
|
|t:|1760303348
|switch|p2a: Pikachu|Pikachu-Alola, M|100/100
|-activate|p2a: Pikachu|move: Sticky Web
|-unboost|p2a: Pikachu|spe|1
|turn|11
|
|t:|1760303352
|move|p1a: Ribombee|Moonblast|p2a: Pikachu
|-damage|p2a: Pikachu|0 fnt
|faint|p2a: Pikachu
|
|upkeep
|
|t:|1760303357
|switch|p2a: Ceruledge|Ceruledge, F|100/100
|turn|12
|-message|diomak forfeited.
|
|win|Heeeeeeeelp
|raw|Heeeeeeeelp's rating: 1000 &rarr; <strong>1040</strong><br />(+40 for winning)
|raw|diomak's rating: 1000 &rarr; <strong>1000</strong><br />(+0 for losing)
|l|☆diomak
|player|p2|
