|j|☆EmpaGalactica
|j|☆GROSFILOUUUU
|t:|1760362184
|gametype|singles
|player|p1|EmpaGalactica|blue|1374
|player|p2|GROSFILOUUUU|pokemaniac|1351
|gen|9
|tier|[Gen 9] OU
|rated|
|rule|HP Percentage Mod: HP is shown in percentages
|rule|Endless Battle Clause: Forcing endless battles is banned
|rule|Species Clause: Limit one of each Pokémon
|rule|OHKO Clause: OHKO moves are banned
|rule|Evasion Items Clause: Evasion items are banned
|rule|Evasion Moves Clause: Evasion moves are banned
|rule|Evasion Abilities Clause: Evasion abilities are banned
|rule|Sleep Moves Clause: Sleep-inducing moves are banned
|clearpoke
|poke|p1|Basculegion, M|
|poke|p1|Iron Crown|
|poke|p1|Sceptile, M|
|poke|p1|Rillaboom, M|
|poke|p1|Ceruledge, F|
|poke|p1|Pelipper, M|
|poke|p2|Walking Wake|
|poke|p2|Ninetales, M|
|poke|p2|Hatterene, F|
|poke|p2|Raging Bolt|
|poke|p2|Landorus-Therian, M|
|poke|p2|Ceruledge, F|
|teampreview
|inactive|Battle timer is ON: inactive players will automatically lose when time's up. (requested by GROSFILOUUUU)
|
|t:|1760362200
|teamsize|p1|6
|teamsize|p2|6
|start
|switch|p1a: Pelipper|Pelipper, M|100/100
|switch|p2a: Raging Bolt|Raging Bolt|100/100
|-weather|RainDance|[from] ability: Drizzle|[of] p1a: Pelipper
|turn|1
|
|t:|1760362217
|-terastallize|p1a: Pelipper|Ground
|move|p2a: Raging Bolt|Volt Switch|p1a: Pelipper
|-immune|p1a: Pelipper
|move|p1a: Pelipper|Tera Blast|p2a: Raging Bolt|[anim] Tera Blast Ground
|-supereffective|p2a: Raging Bolt
|-damage|p2a: Raging Bolt|32/100
|
|-weather|RainDance|[upkeep]
|upkeep
|turn|2
|
|t:|1760362228
|switch|p1a: Rillaboom|Rillaboom, M|100/100
|-fieldstart|move: Grassy Terrain|[from] ability: Grassy Surge|[of] p1a: Rillaboom
|move|p2a: Raging Bolt|Weather Ball|p1a: Rillaboom
|-resisted|p1a: Rillaboom
|-crit|p1a: Rillaboom
|-damage|p1a: Rillaboom|37/100
|
|-weather|RainDance|[upkeep]
|-heal|p1a: Rillaboom|43/100|[from] Grassy Terrain
|-heal|p2a: Raging Bolt|39/100|[from] Grassy Terrain
|upkeep
|turn|3
|
|t:|1760362236
|switch|p1a: Pelipper|Pelipper, M, tera:Ground|100/100
|-end|p2a: Raging Bolt|Protosynthesis|[silent]
|switch|p2a: Ninetales|Ninetales, M|100/100
|-weather|SunnyDay|[from] ability: Drought|[of] p2a: Ninetales
|
|-weather|SunnyDay|[upkeep]
|upkeep
|turn|4
|
|t:|1760362250
|switch|p2a: NOISE NOISE|Hatterene, F, shiny|100/100
|move|p1a: Pelipper|Tera Blast|p2a: NOISE NOISE|[anim] Tera Blast Ground
|-damage|p2a: NOISE NOISE|44/100
|-enditem|p2a: NOISE NOISE|Eject Button
|
|t:|1760362257
|switch|p2a: Yes I'm Suicune|Walking Wake|100/100
|-activate|p2a: Yes I'm Suicune|ability: Protosynthesis
|-start|p2a: Yes I'm Suicune|protosynthesisspe
|
|-weather|SunnyDay|[upkeep]
|upkeep
|turn|5
|
|t:|1760362263
|switch|p1a: Basculegion|Basculegion, M|100/100
|move|p2a: Yes I'm Suicune|Hydro Steam|p1a: Basculegion
|-resisted|p1a: Basculegion
|-damage|p1a: Basculegion|56/100
|
|-weather|SunnyDay|[upkeep]
|-heal|p1a: Basculegion|62/100|[from] Grassy Terrain
|upkeep
|turn|6
|
|t:|1760362275
|-end|p2a: Yes I'm Suicune|Protosynthesis|[silent]
|switch|p2a: NOISE NOISE|Hatterene, F, shiny|44/100
|move|p1a: Basculegion|Flip Turn|p2a: NOISE NOISE
|-damage|p2a: NOISE NOISE|14/100
|
|t:|1760362282
|switch|p1a: Sceptile|Sceptile, M|100/100|[from] Flip Turn
|
|-weather|SunnyDay|[upkeep]
|-heal|p2a: NOISE NOISE|20/100|[from] Grassy Terrain
|-fieldend|move: Grassy Terrain
|upkeep
|turn|7
|
|t:|1760362287
|move|p1a: Sceptile|Energy Ball|p2a: NOISE NOISE
|-damage|p2a: NOISE NOISE|0 fnt
|faint|p2a: NOISE NOISE
|
|-weather|SunnyDay|[upkeep]
|upkeep
|
|t:|1760362294
|switch|p2a: Yes I'm Suicune|Walking Wake|100/100
|-activate|p2a: Yes I'm Suicune|ability: Protosynthesis
|-start|p2a: Yes I'm Suicune|protosynthesisspe
|turn|8
|
|t:|1760362300
|switch|p1a: Pelipper|Pelipper, M, tera:Ground|100/100
|-weather|RainDance|[from] ability: Drizzle|[of] p1a: Pelipper
|-end|p2a: Yes I'm Suicune|Protosynthesis
|move|p2a: Yes I'm Suicune|Flamethrower|p1a: Pelipper
|-damage|p1a: Pelipper|63/100
|-status|p1a: Pelipper|brn
|
|-weather|RainDance|[upkeep]
|-damage|p1a: Pelipper|57/100 brn|[from] brn
|upkeep
|turn|9
|
|t:|1760362308
|-end|p2a: Yes I'm Suicune|Protosynthesis|[silent]
|switch|p2a: Ninetales|Ninetales, M|100/100
|-weather|SunnyDay|[from] ability: Drought|[of] p2a: Ninetales
|move|p1a: Pelipper|Hurricane|p2a: Ninetales|[miss]
|-miss|p1a: Pelipper|p2a: Ninetales
|
|-weather|SunnyDay|[upkeep]
|-damage|p1a: Pelipper|51/100 brn|[from] brn
|upkeep
|turn|10
|
|t:|1760362314
|switch|p2a: Raging Bolt|Raging Bolt|39/100
|-activate|p2a: Raging Bolt|ability: Protosynthesis
|-start|p2a: Raging Bolt|protosynthesisspa
|switch|p1a: Basculegion|Basculegion, M|62/100
|
|-weather|SunnyDay|[upkeep]
|upkeep
|turn|11
|
|t:|1760362324
|move|p2a: Raging Bolt|Volt Switch|p1a: Basculegion
|-supereffective|p1a: Basculegion
|-damage|p1a: Basculegion|0 fnt
|faint|p1a: Basculegion
|
|t:|1760362329
|-end|p2a: Raging Bolt|Protosynthesis|[silent]
|switch|p2a: XIOOOONXIOOOON|Ceruledge, F|100/100|[from] Volt Switch
|
|-weather|SunnyDay|[upkeep]
|upkeep
|
|t:|1760362341
|switch|p1a: Rillaboom|Rillaboom, M|43/100
|-fieldstart|move: Grassy Terrain|[from] ability: Grassy Surge|[of] p1a: Rillaboom
|turn|12
|
|t:|1760362345
|move|p2a: XIOOOONXIOOOON|Bitter Blade|p1a: Rillaboom
|-supereffective|p1a: Rillaboom
|-damage|p1a: Rillaboom|0 fnt
|faint|p1a: Rillaboom
|
|-weather|SunnyDay|[upkeep]
|upkeep
|
|t:|1760362353
|switch|p1a: Pelipper|Pelipper, M, tera:Ground|51/100 brn
|-weather|RainDance|[from] ability: Drizzle|[of] p1a: Pelipper
|turn|13
|
|t:|1760362359
|switch|p1a: Ceruledge|Ceruledge, F|100/100
|move|p2a: XIOOOONXIOOOON|Poltergeist|p1a: Ceruledge|[miss]
|-miss|p2a: XIOOOONXIOOOON|p1a: Ceruledge
|
|-weather|RainDance|[upkeep]
|upkeep
|turn|14
|
|t:|1760362370
|switch|p2a: Miroirs|Landorus-Therian, M|100/100
|-ability|p2a: Miroirs|Intimidate|boost
|-unboost|p1a: Ceruledge|atk|1
|move|p1a: Ceruledge|Shadow Sneak|p2a: Miroirs
|-damage|p2a: Miroirs|90/100
|-damage|p1a: Ceruledge|84/100|[from] item: Rocky Helmet|[of] p2a: Miroirs
|
|-weather|RainDance|[upkeep]
|-heal|p1a: Ceruledge|90/100|[from] Grassy Terrain
|upkeep
|turn|15
|
|t:|1760362376
|switch|p1a: Pelipper|Pelipper, M, tera:Ground|51/100 brn
|move|p2a: Miroirs|Earthquake|p1a: Pelipper
|-damage|p1a: Pelipper|18/100 brn
|
|-weather|RainDance|[upkeep]
|-heal|p1a: Pelipper|24/100 brn|[from] Grassy Terrain
|-damage|p1a: Pelipper|18/100 brn|[from] brn
|upkeep
|turn|16
|inactive|EmpaGalactica has 120 seconds left.
|inactive|EmpaGalactica has 90 seconds left.
|inactive|EmpaGalactica has 60 seconds left.
|c|☆GROSFILOUUUU|zzz
|inactive|EmpaGalactica has 30 seconds left.
|inactive|EmpaGalactica has 20 seconds left.
|
|t:|1760362510
|move|p2a: Miroirs|Earthquake|p1a: Pelipper
|-damage|p1a: Pelipper|0 fnt
|faint|p1a: Pelipper
|
|-weather|RainDance|[upkeep]
|-fieldend|move: Grassy Terrain
|upkeep
|inactive|EmpaGalactica has 25 seconds left this turn.
|inactive|EmpaGalactica has 20 seconds left.
|
|t:|1760362515
|switch|p1a: Iron Crown|Iron Crown|100/100
|turn|17
|inactive|EmpaGalactica has 30 seconds left this turn.
|
|t:|1760362520
|move|p1a: Iron Crown|Tachyon Cutter|p2a: Miroirs
|-damage|p2a: Miroirs|49/100
|-damage|p2a: Miroirs|8/100
|-hitcount|p2a: Miroirs|2
|move|p2a: Miroirs|Earthquake|p1a: Iron Crown
|-supereffective|p1a: Iron Crown
|-damage|p1a: Iron Crown|0 fnt
|faint|p1a: Iron Crown
|-end|p1a: Iron Crown|Quark Drive|[silent]
|
|-weather|none
|upkeep
|-message|EmpaGalactica forfeited.
|
|win|GROSFILOUUUU
|raw|EmpaGalactica's rating: 1374 &rarr; <strong>1353</strong><br />(-21 for losing)
|raw|GROSFILOUUUU's rating: 1351 &rarr; <strong>1372</strong><br />(+21 for winning)
|l|☆EmpaGalactica
|player|p1|
|l|☆GROSFILOUUUU
|player|p2|
