|j|☆teikavideo
|j|☆apotato135
|t:|1760375189
|gametype|singles
|player|p1|teikavideo|1|1567
|player|p2|apotato135|swimmer-gen4dp|1578
|gen|9
|tier|[Gen 9] OU
|rated|
|rule|HP Percentage Mod: HP is shown in percentages
|rule|Endless Battle Clause: Forcing endless battles is banned
|rule|Species Clause: Limit one of each Pokémon
|rule|OHKO Clause: OHKO moves are banned
|rule|Evasion Items Clause: Evasion items are banned
|rule|Evasion Moves Clause: Evasion moves are banned
|rule|Evasion Abilities Clause: Evasion abilities are banned
|rule|Sleep Moves Clause: Sleep-inducing moves are banned
|clearpoke
|poke|p1|Tyranitar, F|
|poke|p1|Excadrill, F|
|poke|p1|Hydrapple, F|
|poke|p1|Garganacl, F|
|poke|p1|Talonflame, M|
|poke|p1|Dragapult, M|
|poke|p2|Pelipper, F|
|poke|p2|Raging Bolt|
|poke|p2|Tauros-Paldea-Aqua, M|
|poke|p2|Primarina, F|
|poke|p2|Overqwil, F|
|poke|p2|Iron Treads|
|teampreview
|inactive|Battle timer is ON: inactive players will automatically lose when time's up. (requested by teikavideo)
|
|t:|1760375205
|teamsize|p1|6
|teamsize|p2|6
|start
|switch|p1a: Dragapult|Dragapult, M|100/100
|switch|p2a: Pelipper|Pelipper, F|100/100
|-weather|RainDance|[from] ability: Drizzle|[of] p2a: Pelipper
|turn|1
|
|t:|1760375213
|move|p1a: Dragapult|U-turn|p2a: Pelipper
|-resisted|p2a: Pelipper
|-damage|p2a: Pelipper|85/100
|
|t:|1760375217
|switch|p1a: Tyranitar|Tyranitar, F|100/100|[from] U-turn
|-weather|Sandstorm|[from] ability: Sand Stream|[of] p1a: Tyranitar
|move|p2a: Pelipper|Knock Off|p1a: Tyranitar
|-resisted|p1a: Tyranitar
|-damage|p1a: Tyranitar|96/100
|-enditem|p1a: Tyranitar|Smooth Rock|[from] move: Knock Off|[of] p2a: Pelipper
|
|-weather|Sandstorm|[upkeep]
|-damage|p2a: Pelipper|79/100|[from] Sandstorm
|upkeep
|turn|2
|
|t:|1760375235
|switch|p2a: Iron Treads|Iron Treads|100/100
|-enditem|p2a: Iron Treads|Booster Energy
|-activate|p2a: Iron Treads|ability: Quark Drive|[fromitem]
|-start|p2a: Iron Treads|quarkdrivespe
|move|p1a: Tyranitar|Knock Off|p2a: Iron Treads
|-damage|p2a: Iron Treads|71/100
|
|-weather|Sandstorm|[upkeep]
|upkeep
|turn|3
|
|t:|1760375245
|switch|p1a: Talonflame|Talonflame, M|100/100
|move|p2a: Iron Treads|Stealth Rock|p1a: Talonflame
|-sidestart|p1: teikavideo|move: Stealth Rock
|
|-weather|Sandstorm|[upkeep]
|-damage|p1a: Talonflame|94/100|[from] Sandstorm
|upkeep
|turn|4
|
|t:|1760375253
|move|p2a: Iron Treads|Volt Switch|p1a: Talonflame
|-supereffective|p1a: Talonflame
|-damage|p1a: Talonflame|53/100
|
|t:|1760375256
|-end|p2a: Iron Treads|Quark Drive|[silent]
|switch|p2a: Pelipper|Pelipper, F|79/100|[from] Volt Switch
|-weather|RainDance|[from] ability: Drizzle|[of] p2a: Pelipper
|move|p1a: Talonflame|Defog|p2a: Pelipper
|-unboost|p2a: Pelipper|evasion|1
|-sideend|p1: teikavideo|Stealth Rock|[from] move: Defog|[of] p1a: Talonflame
|
|-weather|RainDance|[upkeep]
|upkeep
|turn|5
|
|t:|1760375267
|switch|p1a: Tyranitar|Tyranitar, F|96/100
|-weather|Sandstorm|[from] ability: Sand Stream|[of] p1a: Tyranitar
|move|p2a: Pelipper|U-turn|p1a: Tyranitar
|-supereffective|p1a: Tyranitar
|-damage|p1a: Tyranitar|81/100
|
|t:|1760375283
|switch|p2a: Iron Treads|Iron Treads|71/100|[from] U-turn
|
|-weather|Sandstorm|[upkeep]
|upkeep
|turn|6
|
|t:|1760375291
|switch|p1a: Excadrill|Excadrill, F|100/100
|move|p2a: Iron Treads|Stealth Rock|p1a: Excadrill
|-sidestart|p1: teikavideo|move: Stealth Rock
|
|-weather|Sandstorm|[upkeep]
|upkeep
|turn|7
|
|t:|1760375301
|-end|p2a: Iron Treads|Quark Drive|[silent]
|switch|p2a: Pelipper|Pelipper, F|79/100
|-weather|RainDance|[from] ability: Drizzle|[of] p2a: Pelipper
|move|p1a: Excadrill|Rapid Spin|p2a: Pelipper
|-damage|p2a: Pelipper|65/100
|-boost|p1a: Excadrill|spe|1
|-sideend|p1: teikavideo|Stealth Rock|[from] move: Rapid Spin|[of] p1a: Excadrill
|
|-weather|RainDance|[upkeep]
|upkeep
|turn|8
|
|t:|1760375311
|switch|p1a: Tyranitar|Tyranitar, F|81/100
|-weather|Sandstorm|[from] ability: Sand Stream|[of] p1a: Tyranitar
|move|p2a: Pelipper|U-turn|p1a: Tyranitar
|-supereffective|p1a: Tyranitar
|-damage|p1a: Tyranitar|66/100
|
|t:|1760375321
|switch|p2a: Iron Treads|Iron Treads|71/100|[from] U-turn
|
|-weather|Sandstorm|[upkeep]
|upkeep
|turn|9
|
|t:|1760375328
|move|p2a: Iron Treads|Earth Power|p1a: Tyranitar
|-supereffective|p1a: Tyranitar
|-damage|p1a: Tyranitar|34/100
|move|p1a: Tyranitar|Stealth Rock|p2a: Iron Treads
|-sidestart|p2: apotato135|move: Stealth Rock
|
|-weather|Sandstorm|[upkeep]
|upkeep
|turn|10
|
|t:|1760375337
|switch|p1a: Talonflame|Talonflame, M|53/100
|move|p2a: Iron Treads|Stealth Rock|p1a: Talonflame
|-sidestart|p1: teikavideo|move: Stealth Rock
|
|-weather|Sandstorm|[upkeep]
|-damage|p1a: Talonflame|47/100|[from] Sandstorm
|upkeep
|turn|11
|
|t:|1760375345
|move|p2a: Iron Treads|Rapid Spin|p1a: Talonflame
|-damage|p1a: Talonflame|37/100
|-boost|p2a: Iron Treads|spe|1
|-sideend|p2: apotato135|Stealth Rock|[from] move: Rapid Spin|[of] p2a: Iron Treads
|move|p1a: Talonflame|Will-O-Wisp|p2a: Iron Treads
|-status|p2a: Iron Treads|brn
|
|-weather|Sandstorm|[upkeep]
|-damage|p1a: Talonflame|31/100|[from] Sandstorm
|-damage|p2a: Iron Treads|65/100 brn|[from] brn
|upkeep
|turn|12
|
|t:|1760375358
|move|p2a: Iron Treads|Volt Switch|p1a: Talonflame
|-supereffective|p1a: Talonflame
|-damage|p1a: Talonflame|0 fnt
|faint|p1a: Talonflame
|
|t:|1760375367
|-end|p2a: Iron Treads|Quark Drive|[silent]
|switch|p2a: Pelipper|Pelipper, F|65/100|[from] Volt Switch
|-weather|RainDance|[from] ability: Drizzle|[of] p2a: Pelipper
|
|-weather|RainDance|[upkeep]
|upkeep
|
|t:|1760375372
|switch|p1a: Dragapult|Dragapult, M|100/100
|-damage|p1a: Dragapult|88/100|[from] Stealth Rock
|turn|13
|
|t:|1760375378
|switch|p2a: Iron Treads|Iron Treads|65/100 brn
|-terastallize|p1a: Dragapult|Ghost
|move|p1a: Dragapult|Tera Blast|p2a: Iron Treads|[anim] Tera Blast Ghost
|-damage|p2a: Iron Treads|0 fnt
|faint|p2a: Iron Treads
|-end|p2a: Iron Treads|Quark Drive|[silent]
|
|-weather|RainDance|[upkeep]
|upkeep
|
|t:|1760375382
|switch|p2a: Overqwil|Overqwil, F|100/100
|turn|14
|
|t:|1760375394
|switch|p1a: Garganacl|Garganacl, F|100/100
|-damage|p1a: Garganacl|88/100|[from] Stealth Rock
|move|p2a: Overqwil|Liquidation|p1a: Garganacl
|-supereffective|p1a: Garganacl
|-damage|p1a: Garganacl|17/100
|-damage|p2a: Overqwil|91/100|[from] item: Life Orb
|
|-weather|RainDance|[upkeep]
|-heal|p1a: Garganacl|23/100|[from] item: Leftovers
|upkeep
|turn|15
|
|t:|1760375405
|switch|p1a: Hydrapple|Hydrapple, F|100/100
|-damage|p1a: Hydrapple|88/100|[from] Stealth Rock
|move|p2a: Overqwil|Crunch|p1a: Hydrapple
|-damage|p1a: Hydrapple|60/100
|-unboost|p1a: Hydrapple|def|1
|-damage|p2a: Overqwil|74/100|[from] item: Rocky Helmet|[of] p1a: Hydrapple
|-damage|p2a: Overqwil|64/100|[from] item: Life Orb
|
|-weather|RainDance|[upkeep]
|upkeep
|turn|16
|
|t:|1760375429
|switch|p1a: Tyranitar|Tyranitar, F|34/100
|-damage|p1a: Tyranitar|22/100|[from] Stealth Rock
|-weather|Sandstorm|[from] ability: Sand Stream|[of] p1a: Tyranitar
|move|p2a: Overqwil|Gunk Shot|p1a: Tyranitar
|-resisted|p1a: Tyranitar
|-damage|p1a: Tyranitar|0 fnt
|faint|p1a: Tyranitar
|-damage|p2a: Overqwil|55/100|[from] item: Life Orb
|
|-weather|Sandstorm|[upkeep]
|-damage|p2a: Overqwil|49/100|[from] Sandstorm
|upkeep
|
|t:|1760375446
|switch|p1a: Excadrill|Excadrill, F|100/100
|-damage|p1a: Excadrill|97/100|[from] Stealth Rock
|turn|17
|
|t:|1760375452
|switch|p2a: Pelipper|Pelipper, F|65/100
|-weather|RainDance|[from] ability: Drizzle|[of] p2a: Pelipper
|move|p1a: Excadrill|Rapid Spin|p2a: Pelipper
|-damage|p2a: Pelipper|52/100
|-boost|p1a: Excadrill|spe|1
|-sideend|p1: teikavideo|Stealth Rock|[from] move: Rapid Spin|[of] p1a: Excadrill
|
|-weather|RainDance|[upkeep]
|-heal|p1a: Excadrill|100/100|[from] item: Leftovers
|upkeep
|turn|18
|
|t:|1760375464
|move|p1a: Excadrill|Swords Dance|p1a: Excadrill
|-boost|p1a: Excadrill|atk|2
|move|p2a: Pelipper|Surf|p1a: Excadrill
|-supereffective|p1a: Excadrill
|-damage|p1a: Excadrill|4/100
|
|-weather|RainDance|[upkeep]
|-heal|p1a: Excadrill|10/100|[from] item: Leftovers
|upkeep
|turn|19
|
|t:|1760375477
|switch|p2a: Primarina|Primarina, F|100/100
|move|p1a: Excadrill|Iron Head|p2a: Primarina
|-damage|p2a: Primarina|0 fnt
|faint|p2a: Primarina
|
|-weather|RainDance|[upkeep]
|-heal|p1a: Excadrill|16/100|[from] item: Leftovers
|upkeep
|
|t:|1760375481
|switch|p2a: Overqwil|Overqwil, F|49/100
|turn|20
|
|t:|1760375500
|switch|p1a: Garganacl|Garganacl, F|23/100
|move|p2a: Overqwil|Crunch|p1a: Garganacl
|-damage|p1a: Garganacl|0 fnt
|faint|p1a: Garganacl
|-damage|p2a: Overqwil|39/100|[from] item: Life Orb
|
|-weather|RainDance|[upkeep]
|upkeep
|
|t:|1760375509
|switch|p1a: Dragapult|Dragapult, M, tera:Ghost|88/100
|turn|21
|
|t:|1760375513
|move|p1a: Dragapult|Quick Attack|p2a: Overqwil
|-damage|p2a: Overqwil|15/100
|move|p2a: Overqwil|Crunch|p1a: Dragapult
|-supereffective|p1a: Dragapult
|-damage|p1a: Dragapult|0 fnt
|faint|p1a: Dragapult
|-damage|p2a: Overqwil|6/100|[from] item: Life Orb
|
|-weather|RainDance|[upkeep]
|upkeep
|c|☆teikavideo|ggs
|c|☆teikavideo|i missplayed
|-message|teikavideo forfeited.
|
|win|apotato135
|raw|teikavideo's rating: 1567 &rarr; <strong>1548</strong><br />(-19 for losing)
|raw|apotato135's rating: 1578 &rarr; <strong>1597</strong><br />(+19 for winning)
|l|☆teikavideo
|player|p1|
|l|☆apotato135
|player|p2|
