|j|‽benji fades
|j|☆Two Ok Rocks
|t:|1760406542
|gametype|singles
|player|p1|benji fades|swimmerf-gen4|1502
|player|p2|Two Ok Rocks|101|1507
|gen|9
|tier|[Gen 9] OU
|rated|
|rule|HP Percentage Mod: HP is shown in percentages
|rule|Endless Battle Clause: Forcing endless battles is banned
|rule|Species Clause: Limit one of each Pokémon
|rule|OHKO Clause: OHKO moves are banned
|rule|Evasion Items Clause: Evasion items are banned
|rule|Evasion Moves Clause: Evasion moves are banned
|rule|Evasion Abilities Clause: Evasion abilities are banned
|rule|Sleep Moves Clause: Sleep-inducing moves are banned
|clearpoke
|poke|p1|Amoonguss, M|
|poke|p1|Samurott-Hisui, F|
|poke|p1|Tornadus-Therian, M|
|poke|p1|Dragapult, F|
|poke|p1|Iron Treads|
|poke|p1|Hatterene, F|
|poke|p2|Ninetales-Alola, M|
|poke|p2|Kyurem|
|poke|p2|Zamazenta-*|
|poke|p2|Ceruledge, F|
|poke|p2|Hatterene, F|
|poke|p2|Latias, F|
|teampreview
|inactive|Battle timer is ON: inactive players will automatically lose when time's up. (requested by Two Ok Rocks)
|
|t:|1760406551
|teamsize|p1|6
|teamsize|p2|6
|start
|switch|p1a: Iron Treads|Iron Treads|100/100
|switch|p2a: Ninetales|Ninetales-Alola, M|100/100
|-weather|Snowscape|[from] ability: Snow Warning|[of] p2a: Ninetales
|turn|1
|
|t:|1760406556
|move|p2a: Ninetales|Aurora Veil|p2a: Ninetales
|-sidestart|p2: Two Ok Rocks|move: Aurora Veil
|move|p1a: Iron Treads|Stealth Rock|p2a: Ninetales
|-sidestart|p2: Two Ok Rocks|move: Stealth Rock
|
|-weather|Snowscape|[upkeep]
|upkeep
|turn|2
|
|t:|1760406567
|switch|p2a: Latias|Latias, F|100/100
|-damage|p2a: Latias|88/100|[from] Stealth Rock
|move|p1a: Iron Treads|Earthquake|p2a: Latias
|-immune|p2a: Latias|[from] ability: Levitate
|
|-weather|Snowscape|[upkeep]
|upkeep
|turn|3
|
|t:|1760406575
|-end|p1a: Iron Treads|Quark Drive|[silent]
|switch|p1a: Dragapult|Dragapult, F|100/100
|move|p2a: Latias|Calm Mind|p2a: Latias
|-boost|p2a: Latias|spa|1
|-boost|p2a: Latias|spd|1
|
|-weather|Snowscape|[upkeep]
|upkeep
|turn|4
|
|t:|1760406577
|move|p1a: Dragapult|Dragon Darts|p2a: Latias
|-supereffective|p2a: Latias
|-damage|p2a: Latias|58/100
|-enditem|p2a: Latias|Weakness Policy
|-boost|p2a: Latias|atk|2|[from] item: Weakness Policy
|-boost|p2a: Latias|spa|2|[from] item: Weakness Policy
|-anim|p1a: Dragapult|Dragon Darts|p2a: Latias
|-supereffective|p2a: Latias
|-damage|p2a: Latias|27/100
|move|p2a: Latias|Agility|p2a: Latias
|-boost|p2a: Latias|spe|2
|
|-weather|Snowscape|[upkeep]
|upkeep
|turn|5
|
|t:|1760406587
|switch|p1a: Iron Treads|Iron Treads|100/100
|move|p2a: Latias|Aura Sphere|p1a: Iron Treads
|-supereffective|p1a: Iron Treads
|-damage|p1a: Iron Treads|0 fnt
|faint|p1a: Iron Treads
|-end|p1a: Iron Treads|Quark Drive|[silent]
|
|-weather|none
|upkeep
|
|t:|1760406601
|switch|p1a: Tornadus|Tornadus-Therian, M|100/100
|turn|6
|
|t:|1760406604
|move|p2a: Latias|Stored Power|p1a: Tornadus
|-damage|p1a: Tornadus|0 fnt
|faint|p1a: Tornadus
|
|upkeep
|
|t:|1760406607
|switch|p1a: Samurott|Samurott-Hisui, F|100/100
|turn|7
|
|t:|1760406611
|move|p1a: Samurott|Sucker Punch|p2a: Latias
|-supereffective|p2a: Latias
|-damage|p2a: Latias|0 fnt
|faint|p2a: Latias
|
|upkeep
|
|t:|1760406613
|switch|p2a: Kyurem|Kyurem|100/100
|-damage|p2a: Kyurem|76/100|[from] Stealth Rock
|-ability|p2a: Kyurem|Pressure
|turn|8
|
|t:|1760406618
|-terastallize|p1a: Samurott|Dark
|move|p2a: Kyurem|Dragon Dance|p2a: Kyurem
|-boost|p2a: Kyurem|atk|1
|-boost|p2a: Kyurem|spe|1
|move|p1a: Samurott|Ceaseless Edge|p2a: Kyurem
|-damage|p2a: Kyurem|41/100
|-sidestart|p2: Two Ok Rocks|Spikes
|
|-sideend|p2: Two Ok Rocks|move: Aurora Veil
|upkeep
|turn|9
|
|t:|1760406627
|move|p1a: Samurott|Sucker Punch|p2a: Kyurem
|-damage|p2a: Kyurem|0 fnt
|faint|p2a: Kyurem
|
|upkeep
|
|t:|1760406629
|switch|p2a: Ninetales|Ninetales-Alola, M|100/100
|-damage|p2a: Ninetales|76/100|[from] Stealth Rock
|-damage|p2a: Ninetales|63/100|[from] Spikes
|-weather|Snowscape|[from] ability: Snow Warning|[of] p2a: Ninetales
|turn|10
|
|t:|1760406645
|move|p2a: Ninetales|Aurora Veil|p2a: Ninetales
|-sidestart|p2: Two Ok Rocks|move: Aurora Veil
|move|p1a: Samurott|Ceaseless Edge|p2a: Ninetales
|-resisted|p2a: Ninetales
|-damage|p2a: Ninetales|48/100
|-sidestart|p2: Two Ok Rocks|Spikes
|
|-weather|Snowscape|[upkeep]
|upkeep
|turn|11
|
|t:|1760406649
|switch|p2a: Zamazenta|Zamazenta|100/100
|-damage|p2a: Zamazenta|94/100|[from] Stealth Rock
|-damage|p2a: Zamazenta|78/100|[from] Spikes
|-ability|p2a: Zamazenta|Dauntless Shield|boost
|-boost|p2a: Zamazenta|def|1
|switch|p1a: Amoonguss|Amoonguss, M|100/100
|
|-weather|Snowscape|[upkeep]
|-heal|p2a: Zamazenta|84/100|[from] item: Leftovers
|upkeep
|turn|12
|
|t:|1760406652
|move|p2a: Zamazenta|Substitute|p2a: Zamazenta
|-start|p2a: Zamazenta|Substitute
|-damage|p2a: Zamazenta|59/100
|move|p1a: Amoonguss|Toxic||[still]
|-fail|p1a: Amoonguss
|
|-weather|Snowscape|[upkeep]
|-heal|p2a: Zamazenta|65/100|[from] item: Leftovers
|upkeep
|turn|13
|
|t:|1760406660
|move|p2a: Zamazenta|Iron Defense|p2a: Zamazenta
|-boost|p2a: Zamazenta|def|2
|move|p1a: Amoonguss|Leaf Storm|p2a: Zamazenta
|-activate|p2a: Zamazenta|move: Substitute|[damage]
|-unboost|p1a: Amoonguss|spa|2
|
|-weather|Snowscape|[upkeep]
|-heal|p2a: Zamazenta|72/100|[from] item: Leftovers
|upkeep
|turn|14
|
|t:|1760406663
|switch|p1a: Hatterene|Hatterene, F|100/100
|move|p2a: Zamazenta|Iron Defense|p2a: Zamazenta
|-boost|p2a: Zamazenta|def|2
|
|-weather|none
|-heal|p2a: Zamazenta|78/100|[from] item: Leftovers
|upkeep
|turn|15
|
|t:|1760406666
|move|p2a: Zamazenta|Crunch|p1a: Hatterene
|-damage|p1a: Hatterene|83/100
|-unboost|p1a: Hatterene|def|1
|move|p1a: Hatterene|Draining Kiss|p2a: Zamazenta
|-supereffective|p2a: Zamazenta
|-end|p2a: Zamazenta|Substitute
|-heal|p1a: Hatterene|90/100|[from] drain|[of] p2a: Zamazenta
|
|-heal|p2a: Zamazenta|84/100|[from] item: Leftovers
|-heal|p1a: Hatterene|96/100|[from] item: Leftovers
|upkeep
|turn|16
|
|t:|1760406671
|switch|p1a: Amoonguss|Amoonguss, M|100/100
|-terastallize|p2a: Zamazenta|Fire
|move|p2a: Zamazenta|Crunch|p1a: Amoonguss
|-damage|p1a: Amoonguss|86/100
|-damage|p2a: Zamazenta|67/100|[from] item: Rocky Helmet|[of] p1a: Amoonguss
|
|-heal|p2a: Zamazenta|74/100|[from] item: Leftovers
|upkeep
|turn|17
|
|t:|1760406676
|switch|p1a: Hatterene|Hatterene, F|96/100
|move|p2a: Zamazenta|Substitute|p2a: Zamazenta
|-start|p2a: Zamazenta|Substitute
|-damage|p2a: Zamazenta|49/100
|
|-heal|p2a: Zamazenta|55/100|[from] item: Leftovers
|-heal|p1a: Hatterene|100/100|[from] item: Leftovers
|-sideend|p2: Two Ok Rocks|move: Aurora Veil
|upkeep
|turn|18
|
|t:|1760406680
|move|p2a: Zamazenta|Crunch|p1a: Hatterene
|-damage|p1a: Hatterene|83/100
|-unboost|p1a: Hatterene|def|1
|move|p1a: Hatterene|Calm Mind|p1a: Hatterene
|-boost|p1a: Hatterene|spa|1
|-boost|p1a: Hatterene|spd|1
|
|-heal|p2a: Zamazenta|61/100|[from] item: Leftovers
|-heal|p1a: Hatterene|89/100|[from] item: Leftovers
|upkeep
|turn|19
|
|t:|1760406708
|switch|p1a: Amoonguss|Amoonguss, M|100/100
|move|p2a: Zamazenta|Crunch|p1a: Amoonguss
|-damage|p1a: Amoonguss|85/100
|-damage|p2a: Zamazenta|45/100|[from] item: Rocky Helmet|[of] p1a: Amoonguss
|
|-heal|p2a: Zamazenta|51/100|[from] item: Leftovers
|upkeep
|turn|20
|
|t:|1760406713
|switch|p1a: Hatterene|Hatterene, F|89/100
|move|p2a: Zamazenta|Iron Defense|p2a: Zamazenta
|-boost|p2a: Zamazenta|def|1
|
|-heal|p2a: Zamazenta|57/100|[from] item: Leftovers
|-heal|p1a: Hatterene|95/100|[from] item: Leftovers
|upkeep
|turn|21
|
|t:|1760406718
|move|p2a: Zamazenta|Crunch|p1a: Hatterene
|-damage|p1a: Hatterene|76/100
|-unboost|p1a: Hatterene|def|1
|move|p1a: Hatterene|Calm Mind|p1a: Hatterene
|-boost|p1a: Hatterene|spa|1
|-boost|p1a: Hatterene|spd|1
|
|-heal|p2a: Zamazenta|63/100|[from] item: Leftovers
|-heal|p1a: Hatterene|82/100|[from] item: Leftovers
|upkeep
|turn|22
|
|t:|1760406739
|move|p2a: Zamazenta|Body Press|p1a: Hatterene
|-resisted|p1a: Hatterene
|-damage|p1a: Hatterene|43/100
|move|p1a: Hatterene|Calm Mind|p1a: Hatterene
|-boost|p1a: Hatterene|spa|1
|-boost|p1a: Hatterene|spd|1
|
|-heal|p2a: Zamazenta|69/100|[from] item: Leftovers
|-heal|p1a: Hatterene|49/100|[from] item: Leftovers
|upkeep
|turn|23
|
|t:|1760406743
|move|p2a: Zamazenta|Body Press|p1a: Hatterene
|-resisted|p1a: Hatterene
|-damage|p1a: Hatterene|14/100
|move|p1a: Hatterene|Draining Kiss|p2a: Zamazenta
|-resisted|p2a: Zamazenta
|-activate|p2a: Zamazenta|move: Substitute|[damage]
|-heal|p1a: Hatterene|30/100|[from] drain|[of] p2a: Zamazenta
|
|-heal|p2a: Zamazenta|76/100|[from] item: Leftovers
|-heal|p1a: Hatterene|36/100|[from] item: Leftovers
|upkeep
|turn|24
|
|t:|1760406745
|move|p2a: Zamazenta|Body Press|p1a: Hatterene
|-resisted|p1a: Hatterene
|-damage|p1a: Hatterene|0 fnt
|faint|p1a: Hatterene
|
|-heal|p2a: Zamazenta|82/100|[from] item: Leftovers
|upkeep
|-message|benji fades forfeited.
|
|win|Two Ok Rocks
|raw|benji fades's rating: 1502 &rarr; <strong>1482</strong><br />(-20 for losing)
|raw|Two Ok Rocks's rating: 1507 &rarr; <strong>1527</strong><br />(+20 for winning)
|l|‽benji fades
|player|p1|
