|j|☆cinnamonboomtoast
|j|☆ChriszGOAT
|t:|1760386993
|gametype|singles
|player|p1|cinnamonboomtoast|266|1174
|player|p2|ChriszGOAT|crasherwake|1129
|gen|9
|tier|[Gen 9] OU
|rated|
|rule|HP Percentage Mod: HP is shown in percentages
|rule|Endless Battle Clause: Forcing endless battles is banned
|rule|Species Clause: Limit one of each Pokémon
|rule|OHKO Clause: OHKO moves are banned
|rule|Evasion Items Clause: Evasion items are banned
|rule|Evasion Moves Clause: Evasion moves are banned
|rule|Evasion Abilities Clause: Evasion abilities are banned
|rule|Sleep Moves Clause: Sleep-inducing moves are banned
|clearpoke
|poke|p1|Excadrill, M|
|poke|p1|Darkrai|
|poke|p1|Zamazenta-*|
|poke|p1|Deoxys-Speed|
|poke|p1|Tyranitar, F|
|poke|p1|Heatran, F|
|poke|p2|Infernape, M|
|poke|p2|Zarude-Dada|
|poke|p2|Rillaboom, F|
|poke|p2|Passimian, F|
|poke|p2|Primeape, M|
|poke|p2|Munkidori, M|
|teampreview
|
|t:|1760387003
|teamsize|p1|6
|teamsize|p2|6
|start
|switch|p1a: Deoxys|Deoxys-Speed|100/100
|switch|p2a: The ball toucher|Passimian, F|100/100
|-ability|p1a: Deoxys|Pressure
|turn|1
|
|t:|1760387035
|move|p1a: Deoxys|Reflect|p1a: Deoxys
|-sidestart|p1: cinnamonboomtoast|Reflect
|move|p2a: The ball toucher|U-turn|p1a: Deoxys
|-supereffective|p1a: Deoxys
|-damage|p1a: Deoxys|66/100
|
|t:|1760387049
|switch|p2a: 5 BIG BOOMS|Rillaboom, F|100/100|[from] U-turn
|-fieldstart|move: Grassy Terrain|[from] ability: Grassy Surge|[of] p2a: 5 BIG BOOMS
|
|-heal|p1a: Deoxys|72/100|[from] Grassy Terrain
|upkeep
|turn|2
|c|☆cinnamonboomtoast|oh no I always get swept by gimmicks no offence to your monkey bros
|
|t:|1760387066
|move|p2a: 5 BIG BOOMS|Grassy Glide|p1a: Deoxys
|-damage|p1a: Deoxys|29/100
|move|p1a: Deoxys|Reflect||[still]
|-fail|p1a: Deoxys
|
|-heal|p1a: Deoxys|35/100|[from] Grassy Terrain
|upkeep
|turn|3
|
|t:|1760387079
|move|p2a: 5 BIG BOOMS|Grassy Glide|p1a: Deoxys
|-damage|p1a: Deoxys|0 fnt
|faint|p1a: Deoxys
|
|upkeep
|
|t:|1760387085
|switch|p1a: Heatran|Heatran, F|100/100
|turn|4
|
|t:|1760387105
|switch|p2a: Infernuts|Infernape, M|100/100
|move|p1a: Heatran|Flame Charge|p2a: Infernuts
|-resisted|p2a: Infernuts
|-damage|p2a: Infernuts|87/100
|-boost|p1a: Heatran|spe|1
|
|-heal|p2a: Infernuts|93/100|[from] Grassy Terrain
|upkeep
|turn|5
|
|t:|1760387121
|switch|p1a: Zamazenta|Zamazenta|100/100
|-ability|p1a: Zamazenta|Dauntless Shield|boost
|-boost|p1a: Zamazenta|def|1
|move|p2a: Infernuts|Aura Sphere|p1a: Zamazenta
|-damage|p1a: Zamazenta|65/100
|-damage|p2a: Infernuts|83/100|[from] item: Life Orb
|
|-heal|p1a: Zamazenta|72/100|[from] Grassy Terrain
|-heal|p1a: Zamazenta|78/100|[from] item: Leftovers
|-heal|p2a: Infernuts|90/100|[from] Grassy Terrain
|-fieldend|move: Grassy Terrain
|upkeep
|turn|6
|
|t:|1760387149
|switch|p2a: Munkisnorey|Munkidori, M|100/100
|move|p1a: Zamazenta|Body Press|p2a: Munkisnorey
|-resisted|p2a: Munkisnorey
|-damage|p2a: Munkisnorey|84/100
|
|-heal|p1a: Zamazenta|84/100|[from] item: Leftovers
|upkeep
|turn|7
|
|t:|1760387167
|switch|p1a: Tyranitar|Tyranitar, F|100/100
|-weather|Sandstorm|[from] ability: Sand Stream|[of] p1a: Tyranitar
|move|p2a: Munkisnorey|Focus Blast|p1a: Tyranitar|[miss]
|-miss|p2a: Munkisnorey|p1a: Tyranitar
|
|-weather|Sandstorm|[upkeep]
|-damage|p2a: Munkisnorey|78/100|[from] Sandstorm
|upkeep
|turn|8
|
|t:|1760387181
|move|p2a: Munkisnorey|Focus Blast|p1a: Tyranitar|[miss]
|-miss|p2a: Munkisnorey|p1a: Tyranitar
|move|p1a: Tyranitar|Knock Off|p2a: Munkisnorey
|-supereffective|p2a: Munkisnorey
|-damage|p2a: Munkisnorey|0 fnt
|-enditem|p2a: Munkisnorey|Choice Specs|[from] move: Knock Off|[of] p1a: Tyranitar
|faint|p2a: Munkisnorey
|
|-weather|Sandstorm|[upkeep]
|-sideend|p1: cinnamonboomtoast|Reflect
|upkeep
|c|☆ChriszGOAT|Cool
|
|t:|1760387197
|switch|p2a: Infernuts|Infernape, M|90/100
|turn|9
|c|☆cinnamonboomtoast|bounced off lol
|
|t:|1760387211
|switch|p1a: Zamazenta|Zamazenta|84/100
|move|p2a: Infernuts|U-turn|p1a: Zamazenta
|-resisted|p1a: Zamazenta
|-damage|p1a: Zamazenta|71/100
|-damage|p2a: Infernuts|80/100|[from] item: Life Orb
|
|t:|1760387227
|switch|p2a: Temu Annihilape|Primeape, M|100/100|[from] U-turn
|
|-weather|Sandstorm|[upkeep]
|-damage|p1a: Zamazenta|65/100|[from] Sandstorm
|-damage|p2a: Temu Annihilape|95/100|[from] Sandstorm
|-heal|p1a: Zamazenta|71/100|[from] item: Leftovers
|upkeep
|turn|10
|
|t:|1760387235
|move|p1a: Zamazenta|Body Press|p2a: Temu Annihilape
|-damage|p2a: Temu Annihilape|61/100
|move|p2a: Temu Annihilape|Bulk Up|p2a: Temu Annihilape
|-boost|p2a: Temu Annihilape|atk|1
|-boost|p2a: Temu Annihilape|def|1
|
|-weather|Sandstorm|[upkeep]
|-damage|p1a: Zamazenta|65/100|[from] Sandstorm
|-damage|p2a: Temu Annihilape|55/100|[from] Sandstorm
|-heal|p1a: Zamazenta|71/100|[from] item: Leftovers
|upkeep
|turn|11
|
|t:|1760387255
|-terastallize|p2a: Temu Annihilape|Ghost
|move|p1a: Zamazenta|Iron Defense|p1a: Zamazenta
|-boost|p1a: Zamazenta|def|2
|move|p2a: Temu Annihilape|Drain Punch|p1a: Zamazenta
|-damage|p1a: Zamazenta|44/100
|-heal|p2a: Temu Annihilape|68/100|[from] drain|[of] p1a: Zamazenta
|
|-weather|none
|-heal|p1a: Zamazenta|50/100|[from] item: Leftovers
|upkeep
|turn|12
|
|t:|1760387274
|move|p1a: Zamazenta|Crunch|p2a: Temu Annihilape
|-supereffective|p2a: Temu Annihilape
|-damage|p2a: Temu Annihilape|35/100
|move|p2a: Temu Annihilape|Bulk Up|p2a: Temu Annihilape
|-boost|p2a: Temu Annihilape|atk|1
|-boost|p2a: Temu Annihilape|def|1
|
|-heal|p1a: Zamazenta|56/100|[from] item: Leftovers
|upkeep
|turn|13
|
|t:|1760387292
|move|p1a: Zamazenta|Iron Defense|p1a: Zamazenta
|-boost|p1a: Zamazenta|def|2
|move|p2a: Temu Annihilape|Rage Fist|p1a: Zamazenta
|-damage|p1a: Zamazenta|14/100
|
|-heal|p1a: Zamazenta|20/100|[from] item: Leftovers
|upkeep
|turn|14
|
|t:|1760387301
|move|p1a: Zamazenta|Crunch|p2a: Temu Annihilape
|-supereffective|p2a: Temu Annihilape
|-damage|p2a: Temu Annihilape|10/100
|move|p2a: Temu Annihilape|Rage Fist|p1a: Zamazenta
|-damage|p1a: Zamazenta|0 fnt
|faint|p1a: Zamazenta
|
|upkeep
|
|t:|1760387312
|switch|p1a: Darkrai|Darkrai|100/100
|turn|15
|
|t:|1760387317
|move|p1a: Darkrai|Dark Pulse|p2a: Temu Annihilape
|-supereffective|p2a: Temu Annihilape
|-damage|p2a: Temu Annihilape|0 fnt
|faint|p2a: Temu Annihilape
|
|upkeep
|
|t:|1760387322
|switch|p2a: Zaddyrude|Zarude-Dada|100/100
|turn|16
|
|t:|1760387335
|switch|p1a: Tyranitar|Tyranitar, F|100/100
|-weather|Sandstorm|[from] ability: Sand Stream|[of] p1a: Tyranitar
|move|p2a: Zaddyrude|Drain Punch|p1a: Tyranitar
|-supereffective|p1a: Tyranitar
|-damage|p1a: Tyranitar|12/100
|
|-weather|Sandstorm|[upkeep]
|-damage|p2a: Zaddyrude|94/100|[from] Sandstorm
|upkeep
|turn|17
|
|t:|1760387351
|move|p2a: Zaddyrude|Knock Off|p1a: Tyranitar
|-resisted|p1a: Tyranitar
|-damage|p1a: Tyranitar|0 fnt
|-enditem|p1a: Tyranitar|Assault Vest|[from] move: Knock Off|[of] p2a: Zaddyrude
|faint|p1a: Tyranitar
|
|-weather|Sandstorm|[upkeep]
|-damage|p2a: Zaddyrude|88/100|[from] Sandstorm
|upkeep
|
|t:|1760387358
|switch|p1a: Heatran|Heatran, F|100/100
|turn|18
|
|t:|1760387367
|switch|p2a: Infernuts|Infernape, M|80/100
|move|p1a: Heatran|Flame Charge|p2a: Infernuts
|-resisted|p2a: Infernuts
|-damage|p2a: Infernuts|66/100
|-boost|p1a: Heatran|spe|1
|
|-weather|Sandstorm|[upkeep]
|-damage|p2a: Infernuts|60/100|[from] Sandstorm
|upkeep
|turn|19
|
|t:|1760387376
|move|p1a: Heatran|Earth Power|p2a: Infernuts
|-supereffective|p2a: Infernuts
|-damage|p2a: Infernuts|0 fnt
|faint|p2a: Infernuts
|
|-weather|Sandstorm|[upkeep]
|upkeep
|
|t:|1760387384
|switch|p2a: The ball toucher|Passimian, F|100/100
|turn|20
|
|t:|1760387389
|-terastallize|p1a: Heatran|Fire
|move|p2a: The ball toucher|Earthquake|p1a: Heatran
|-supereffective|p1a: Heatran
|-damage|p1a: Heatran|35/100
|move|p1a: Heatran|Magma Storm|p2a: The ball toucher
|-damage|p2a: The ball toucher|0 fnt
|faint|p2a: The ball toucher
|
|-weather|none
|upkeep
|c|☆cinnamonboomtoast|that one sucks bro
|
|t:|1760387415
|switch|p2a: Zaddyrude|Zarude-Dada|88/100
|turn|21
|c|☆cinnamonboomtoast|ape carried tho tbf
|
|t:|1760387433
|move|p1a: Heatran|Magma Storm|p2a: Zaddyrude
|-supereffective|p2a: Zaddyrude
|-damage|p2a: Zaddyrude|10/100
|-activate|p2a: Zaddyrude|move: Magma Storm|[of] p1a: Heatran
|move|p2a: Zaddyrude|Knock Off|p1a: Heatran
|-damage|p1a: Heatran|0 fnt
|-enditem|p1a: Heatran|Assault Vest|[from] move: Knock Off|[of] p2a: Zaddyrude
|faint|p1a: Heatran
|
|-end|p2a: Zaddyrude|Magma Storm|[partiallytrapped]|[silent]
|upkeep
|
|t:|1760387448
|switch|p1a: Darkrai|Darkrai|100/100
|turn|22
|
|t:|1760387456
|move|p1a: Darkrai|Dark Pulse|p2a: Zaddyrude
|-resisted|p2a: Zaddyrude
|-damage|p2a: Zaddyrude|0 fnt
|faint|p2a: Zaddyrude
|
|upkeep
|
|t:|1760387460
|switch|p2a: 5 BIG BOOMS|Rillaboom, F|100/100
|-fieldstart|move: Grassy Terrain|[from] ability: Grassy Surge|[of] p2a: 5 BIG BOOMS
|turn|23
|
|t:|1760387465
|move|p2a: 5 BIG BOOMS|Grassy Glide|p1a: Darkrai
|-damage|p1a: Darkrai|24/100
|move|p1a: Darkrai|Thunder Wave|p2a: 5 BIG BOOMS|[miss]
|-miss|p1a: Darkrai|p2a: 5 BIG BOOMS
|
|-heal|p1a: Darkrai|30/100|[from] Grassy Terrain
|-heal|p1a: Darkrai|36/100|[from] item: Leftovers
|upkeep
|turn|24
|c|☆cinnamonboomtoast|wow i lose now cool
|
|t:|1760387489
|move|p2a: 5 BIG BOOMS|Grassy Glide|p1a: Darkrai
|-damage|p1a: Darkrai|0 fnt
|faint|p1a: Darkrai
|
|upkeep
|
|t:|1760387494
|switch|p1a: Excadrill|Excadrill, M|100/100
|turn|25
|
|t:|1760387501
|move|p2a: 5 BIG BOOMS|Grassy Glide|p1a: Excadrill
|-damage|p1a: Excadrill|14/100
|move|p1a: Excadrill|Iron Head|p2a: 5 BIG BOOMS
|-damage|p2a: 5 BIG BOOMS|50/100
|
|-heal|p1a: Excadrill|20/100|[from] Grassy Terrain
|-heal|p2a: 5 BIG BOOMS|56/100|[from] Grassy Terrain
|upkeep
|turn|26
|
|t:|1760387508
|move|p2a: 5 BIG BOOMS|Grassy Glide|p1a: Excadrill
|-damage|p1a: Excadrill|0 fnt
|faint|p1a: Excadrill
|
|win|ChriszGOAT
|raw|cinnamonboomtoast's rating: 1174 &rarr; <strong>1146</strong><br />(-28 for losing)
|raw|ChriszGOAT's rating: 1129 &rarr; <strong>1157</strong><br />(+28 for winning)
|l|☆ChriszGOAT
|player|p2|
|l|☆cinnamonboomtoast
|player|p1|
