|j|☆raghhht
|j|☆sunkyunko
|t:|1760454793
|gametype|singles
|player|p1|raghhht|pokemaniac|1078
|player|p2|sunkyunko|170|1124
|gen|9
|tier|[Gen 9] OU
|rated|
|rule|HP Percentage Mod: HP is shown in percentages
|rule|Endless Battle Clause: Forcing endless battles is banned
|rule|Species Clause: Limit one of each Pokémon
|rule|OHKO Clause: OHKO moves are banned
|rule|Evasion Items Clause: Evasion items are banned
|rule|Evasion Moves Clause: Evasion moves are banned
|rule|Evasion Abilities Clause: Evasion abilities are banned
|rule|Sleep Moves Clause: Sleep-inducing moves are banned
|clearpoke
|poke|p1|Zamazenta-*|
|poke|p1|Heatran, M|
|poke|p1|Dragapult, M|
|poke|p1|Great Tusk|
|poke|p1|Kingambit, M|
|poke|p1|Gliscor, M|
|poke|p2|Diancie|
|poke|p2|Kingambit, F|
|poke|p2|Deoxys-Speed|
|poke|p2|Drifblim, F|
|poke|p2|Blissey, F|
|poke|p2|Iron Crown|
|teampreview
|
|t:|1760454800
|teamsize|p1|6
|teamsize|p2|6
|start
|switch|p1a: Heatran|Heatran, M, shiny|100/100
|switch|p2a: Deoxys|Deoxys-Speed|100/100
|-ability|p2a: Deoxys|Pressure
|turn|1
|
|t:|1760454815
|move|p2a: Deoxys|Focus Blast|p1a: Heatran
|-supereffective|p1a: Heatran
|-damage|p1a: Heatran|30/100
|move|p1a: Heatran|Taunt|p2a: Deoxys
|-start|p2a: Deoxys|move: Taunt
|
|-heal|p1a: Heatran|36/100|[from] item: Leftovers
|upkeep
|turn|2
|
|t:|1760454823
|switch|p2a: Blissey|Blissey, F|100/100
|move|p1a: Heatran|Stealth Rock|p2a: Blissey
|-sidestart|p2: sunkyunko|move: Stealth Rock
|
|-heal|p1a: Heatran|42/100|[from] item: Leftovers
|upkeep
|turn|3
|
|t:|1760454831
|move|p1a: Heatran|Taunt|p2a: Blissey
|-start|p2a: Blissey|move: Taunt
|cant|p2a: Blissey|move: Taunt|Calm Mind
|
|-heal|p1a: Heatran|48/100|[from] item: Leftovers
|upkeep
|turn|4
|
|t:|1760454838
|move|p1a: Heatran|Earth Power|p2a: Blissey
|-damage|p2a: Blissey|93/100
|move|p2a: Blissey|Seismic Toss|p1a: Heatran
|-damage|p1a: Heatran|22/100
|
|-heal|p1a: Heatran|28/100|[from] item: Leftovers
|-heal|p2a: Blissey|99/100|[from] item: Leftovers
|upkeep
|turn|5
|
|t:|1760454854
|move|p1a: Heatran|Magma Storm|p2a: Blissey|[miss]
|-miss|p1a: Heatran|p2a: Blissey
|move|p2a: Blissey|Seismic Toss|p1a: Heatran
|-damage|p1a: Heatran|3/100
|
|-heal|p1a: Heatran|9/100|[from] item: Leftovers
|-heal|p2a: Blissey|100/100|[from] item: Leftovers
|-end|p2a: Blissey|move: Taunt
|upkeep
|turn|6
|
|t:|1760454864
|move|p1a: Heatran|Taunt|p2a: Blissey
|-start|p2a: Blissey|move: Taunt
|move|p2a: Blissey|Seismic Toss|p1a: Heatran
|-damage|p1a: Heatran|0 fnt
|faint|p1a: Heatran
|
|upkeep
|
|t:|1760454880
|switch|p1a: Dragapult|Dragapult, M, shiny|100/100
|turn|7
|
|t:|1760454890
|switch|p2a: Diancie|Diancie|100/100
|-damage|p2a: Diancie|88/100|[from] Stealth Rock
|move|p1a: Dragapult|Shadow Ball|p2a: Diancie
|-damage|p2a: Diancie|45/100
|
|upkeep
|turn|8
|
|t:|1760454913
|move|p1a: Dragapult|Shadow Ball|p2a: Diancie
|-damage|p2a: Diancie|5/100
|move|p2a: Diancie|Trick Room|p2a: Diancie
|-fieldstart|move: Trick Room|[of] p2a: Diancie
|
|upkeep
|turn|9
|
|t:|1760454918
|move|p2a: Diancie|Draining Kiss|p1a: Dragapult
|-supereffective|p1a: Dragapult
|-damage|p1a: Dragapult|41/100
|-heal|p2a: Diancie|51/100|[from] drain|[of] p1a: Dragapult
|move|p1a: Dragapult|Shadow Ball|p2a: Diancie
|-damage|p2a: Diancie|13/100
|
|upkeep
|turn|10
|
|t:|1760454941
|switch|p1a: Gliscor|Gliscor, M, shiny|100/100
|move|p2a: Diancie|Draining Kiss|p1a: Gliscor
|-damage|p1a: Gliscor|74/100
|-heal|p2a: Diancie|36/100|[from] drain|[of] p1a: Gliscor
|
|-status|p1a: Gliscor|tox|[from] item: Toxic Orb
|upkeep
|turn|11
|
|t:|1760454957
|move|p2a: Diancie|Diamond Storm|p1a: Gliscor
|-damage|p1a: Gliscor|53/100 tox
|move|p1a: Gliscor|Earthquake|p2a: Diancie
|-supereffective|p2a: Diancie
|-damage|p2a: Diancie|0 fnt
|faint|p2a: Diancie
|
|-heal|p1a: Gliscor|66/100 tox|[from] ability: Poison Heal
|upkeep
|
|t:|1760454974
|switch|p2a: Drifblim|Drifblim, F|100/100
|turn|12
|
|t:|1760455002
|move|p2a: Drifblim|Hex|p1a: Gliscor
|-damage|p1a: Gliscor|11/100 tox
|move|p1a: Gliscor|U-turn|p2a: Drifblim
|-resisted|p2a: Drifblim
|-damage|p2a: Drifblim|98/100
|
|t:|1760455011
|switch|p1a: Dragapult|Dragapult, M, shiny|41/100|[from] U-turn
|
|-fieldend|move: Trick Room
|upkeep
|turn|13
|
|t:|1760455017
|switch|p2a: Blissey|Blissey, F|100/100
|-damage|p2a: Blissey|88/100|[from] Stealth Rock
|move|p1a: Dragapult|Shadow Ball|p2a: Blissey
|-immune|p2a: Blissey
|
|-heal|p2a: Blissey|94/100|[from] item: Leftovers
|upkeep
|turn|14
|
|t:|1760455036
|switch|p1a: Great Tusk|Great Tusk, shiny|100/100
|move|p2a: Blissey|Calm Mind|p2a: Blissey
|-boost|p2a: Blissey|spa|1
|-boost|p2a: Blissey|spd|1
|
|-heal|p2a: Blissey|99/100|[from] item: Leftovers
|upkeep
|turn|15
|
|t:|1760455051
|switch|p2a: Drifblim|Drifblim, F|98/100
|move|p1a: Great Tusk|Knock Off|p2a: Drifblim
|-supereffective|p2a: Drifblim
|-damage|p2a: Drifblim|52/100
|-enditem|p2a: Drifblim|Heavy-Duty Boots|[from] move: Knock Off|[of] p1a: Great Tusk
|
|upkeep
|turn|16
|
|t:|1760455062
|move|p1a: Great Tusk|Knock Off|p2a: Drifblim
|-supereffective|p2a: Drifblim
|-damage|p2a: Drifblim|24/100
|move|p2a: Drifblim|Strength Sap|p1a: Great Tusk
|-unboost|p1a: Great Tusk|atk|1
|-heal|p2a: Drifblim|83/100
|
|upkeep
|turn|17
|
|t:|1760455070
|move|p1a: Great Tusk|Knock Off|p2a: Drifblim
|-supereffective|p2a: Drifblim
|-damage|p2a: Drifblim|63/100
|move|p2a: Drifblim|Will-O-Wisp|p1a: Great Tusk
|-status|p1a: Great Tusk|brn
|
|-damage|p1a: Great Tusk|94/100 brn|[from] brn
|upkeep
|turn|18
|
|t:|1760455078
|move|p1a: Great Tusk|Knock Off|p2a: Drifblim
|-supereffective|p2a: Drifblim
|-damage|p2a: Drifblim|54/100
|move|p2a: Drifblim|Strength Sap|p1a: Great Tusk
|-unboost|p1a: Great Tusk|atk|1
|-heal|p2a: Drifblim|93/100
|
|-heal|p1a: Great Tusk|100/100 brn|[from] item: Leftovers
|-damage|p1a: Great Tusk|94/100 brn|[from] brn
|upkeep
|turn|19
|
|t:|1760455090
|-end|p1a: Great Tusk|Protosynthesis|[silent]
|switch|p1a: Dragapult|Dragapult, M, shiny|41/100
|move|p2a: Drifblim|Hex|p1a: Dragapult
|-supereffective|p1a: Dragapult
|-damage|p1a: Dragapult|0 fnt
|faint|p1a: Dragapult
|
|upkeep
|
|t:|1760455099
|switch|p1a: Kingambit|Kingambit, M, shiny|100/100
|-activate|p1a: Kingambit|ability: Supreme Overlord
|-start|p1a: Kingambit|fallen2|[silent]
|turn|20
|
|t:|1760455116
|-terastallize|p2a: Drifblim|Fairy
|move|p1a: Kingambit|Sucker Punch||[still]
|-fail|p1a: Kingambit
|move|p2a: Drifblim|Will-O-Wisp|p1a: Kingambit
|-status|p1a: Kingambit|brn
|
|-damage|p1a: Kingambit|94/100 brn|[from] brn
|upkeep
|turn|21
|
|t:|1760455125
|move|p1a: Kingambit|Sucker Punch||[still]
|-fail|p1a: Kingambit
|move|p2a: Drifblim|Strength Sap|p1a: Kingambit
|-unboost|p1a: Kingambit|atk|1
|-heal|p2a: Drifblim|100/100
|
|-damage|p1a: Kingambit|88/100 brn|[from] brn
|upkeep
|turn|22
|
|t:|1760455137
|switch|p2a: Iron Crown|Iron Crown|100/100
|-damage|p2a: Iron Crown|94/100|[from] Stealth Rock
|move|p1a: Kingambit|Sucker Punch||[still]
|-fail|p1a: Kingambit
|
|-damage|p1a: Kingambit|82/100 brn|[from] brn
|upkeep
|turn|23
|
|t:|1760455146
|move|p2a: Iron Crown|Focus Blast|p1a: Kingambit
|-supereffective|p1a: Kingambit
|-damage|p1a: Kingambit|0 fnt
|faint|p1a: Kingambit
|-end|p1a: Kingambit|fallen2|[silent]
|
|upkeep
|
|t:|1760455154
|switch|p1a: Zamazenta|Zamazenta, shiny|100/100
|-ability|p1a: Zamazenta|Dauntless Shield|boost
|-boost|p1a: Zamazenta|def|1
|turn|24
|
|t:|1760455166
|-end|p2a: Iron Crown|Quark Drive|[silent]
|switch|p2a: Drifblim|Drifblim, F, tera:Fairy|100/100
|-damage|p2a: Drifblim|88/100|[from] Stealth Rock
|move|p1a: Zamazenta|Iron Defense|p1a: Zamazenta
|-boost|p1a: Zamazenta|def|2
|
|upkeep
|turn|25
|
|t:|1760455181
|move|p1a: Zamazenta|Crunch|p2a: Drifblim
|-resisted|p2a: Drifblim
|-damage|p2a: Drifblim|79/100
|move|p2a: Drifblim|Will-O-Wisp|p1a: Zamazenta|[miss]
|-miss|p2a: Drifblim|p1a: Zamazenta
|
|upkeep
|turn|26
|
|t:|1760455203
|move|p1a: Zamazenta|Iron Defense|p1a: Zamazenta
|-boost|p1a: Zamazenta|def|2
|move|p2a: Drifblim|Will-O-Wisp|p1a: Zamazenta
|-status|p1a: Zamazenta|brn
|
|-damage|p1a: Zamazenta|94/100 brn|[from] brn
|upkeep
|turn|27
|
|t:|1760455211
|move|p1a: Zamazenta|Body Press|p2a: Drifblim
|-resisted|p2a: Drifblim
|-damage|p2a: Drifblim|59/100
|move|p2a: Drifblim|Strength Sap|p1a: Zamazenta
|-unboost|p1a: Zamazenta|atk|1
|-heal|p2a: Drifblim|100/100
|
|-heal|p1a: Zamazenta|100/100 brn|[from] item: Leftovers
|-damage|p1a: Zamazenta|94/100 brn|[from] brn
|upkeep
|turn|28
|inactive|Battle timer is ON: inactive players will automatically lose when time's up. (requested by sunkyunko)
|-message|raghhht forfeited.
|
|win|sunkyunko
|raw|raghhht's rating: 1078 &rarr; <strong>1059</strong><br />(-19 for losing)
|raw|sunkyunko's rating: 1124 &rarr; <strong>1146</strong><br />(+22 for winning)
|l|☆raghhht
|player|p1|
|l|☆sunkyunko
|player|p2|
