|j|☆LionX_Pro
|j|☆peanu1
|t:|1760382654
|gametype|singles
|player|p1|LionX_Pro|steven|1383
|player|p2|peanu1|2|1366
|gen|9
|tier|[Gen 9] OU
|rated|
|rule|HP Percentage Mod: HP is shown in percentages
|rule|Endless Battle Clause: Forcing endless battles is banned
|rule|Species Clause: Limit one of each Pokémon
|rule|OHKO Clause: OHKO moves are banned
|rule|Evasion Items Clause: Evasion items are banned
|rule|Evasion Moves Clause: Evasion moves are banned
|rule|Evasion Abilities Clause: Evasion abilities are banned
|rule|Sleep Moves Clause: Sleep-inducing moves are banned
|clearpoke
|poke|p1|Shiftry, F|
|poke|p1|Glimmora, M|
|poke|p1|Incineroar, F|
|poke|p1|Gliscor, F|
|poke|p1|Garganacl, M|
|poke|p1|Quaquaval, F|
|poke|p2|Garchomp, F|
|poke|p2|Darkrai|
|poke|p2|Rillaboom, M|
|poke|p2|Alomomola, M|
|poke|p2|Hatterene, F|
|poke|p2|Iron Crown|
|teampreview
|inactive|Battle timer is ON: inactive players will automatically lose when time's up. (requested by LionX_Pro)
|
|t:|1760382663
|teamsize|p1|6
|teamsize|p2|6
|start
|switch|p1a: Shiftry|Shiftry, F|100/100
|switch|p2a: Rillaboom|Rillaboom, M|100/100
|-fieldstart|move: Grassy Terrain|[from] ability: Grassy Surge|[of] p2a: Rillaboom
|turn|1
|
|t:|1760382666
|move|p2a: Rillaboom|U-turn|p1a: Shiftry
|-supereffective|p1a: Shiftry
|-enditem|p1a: Shiftry|Focus Sash
|-damage|p1a: Shiftry|1/100
|
|t:|1760382669
|switch|p2a: Garchomp|Garchomp, F|100/100|[from] U-turn
|move|p1a: Shiftry|Tailwind|p1a: Shiftry
|-sidestart|p1: LionX_Pro|move: Tailwind
|-ability|p1a: Shiftry|Wind Rider|boost
|-boost|p1a: Shiftry|atk|1
|
|-heal|p1a: Shiftry|7/100|[from] Grassy Terrain
|upkeep
|turn|2
|
|t:|1760382678
|move|p1a: Shiftry|Endeavor|p2a: Garchomp
|-damage|p2a: Garchomp|5/100
|-damage|p1a: Shiftry|0 fnt|[from] ability: Rough Skin|[of] p2a: Garchomp
|faint|p1a: Shiftry
|move|p2a: Garchomp|Dragon Tail|p1: Shiftry|[notarget]
|-fail|p2a: Garchomp
|
|-heal|p2a: Garchomp|12/100|[from] Grassy Terrain
|upkeep
|
|t:|1760382682
|switch|p1a: Quaquaval|Quaquaval, F|100/100
|turn|3
|
|t:|1760382687
|move|p1a: Quaquaval|Aqua Step|p2a: Garchomp
|-damage|p2a: Garchomp|0 fnt
|-boost|p1a: Quaquaval|spe|1
|-damage|p1a: Quaquaval|88/100|[from] ability: Rough Skin|[of] p2a: Garchomp
|-damage|p1a: Quaquaval|72/100|[from] item: Rocky Helmet|[of] p2a: Garchomp
|faint|p2a: Garchomp
|-ability|p1a: Quaquaval|Moxie|boost
|-boost|p1a: Quaquaval|atk|1
|
|-heal|p1a: Quaquaval|78/100|[from] Grassy Terrain
|upkeep
|
|t:|1760382693
|switch|p2a: Rillaboom|Rillaboom, M|100/100
|turn|4
|
|t:|1760382701
|move|p2a: Rillaboom|Grassy Glide|p1a: Quaquaval
|-supereffective|p1a: Quaquaval
|-damage|p1a: Quaquaval|0 fnt
|faint|p1a: Quaquaval
|
|-sideend|p1: LionX_Pro|move: Tailwind
|upkeep
|
|t:|1760382710
|switch|p1a: Glimmora|Glimmora, M|100/100
|turn|5
|
|t:|1760382719
|switch|p2a: Hatterene|Hatterene, F|100/100
|move|p1a: Glimmora|Meteor Beam||[still]
|-prepare|p1a: Glimmora|Meteor Beam
|-boost|p1a: Glimmora|spa|1
|-enditem|p1a: Glimmora|Power Herb
|-anim|p1a: Glimmora|Meteor Beam|p2a: Hatterene
|-damage|p2a: Hatterene|8/100
|
|-heal|p2a: Hatterene|14/100|[from] Grassy Terrain
|-fieldend|move: Grassy Terrain
|upkeep
|turn|6
|
|t:|1760382732
|move|p1a: Glimmora|Sludge Wave|p2a: Hatterene
|-supereffective|p2a: Hatterene
|-damage|p2a: Hatterene|0 fnt
|faint|p2a: Hatterene
|
|upkeep
|
|t:|1760382738
|switch|p2a: Iron Crown|Iron Crown|100/100
|turn|7
|
|t:|1760382742
|move|p2a: Iron Crown|Tachyon Cutter|p1a: Glimmora
|-supereffective|p1a: Glimmora
|-damage|p1a: Glimmora|2/100
|-supereffective|p1a: Glimmora
|-damage|p1a: Glimmora|0 fnt
|faint|p1a: Glimmora
|-hitcount|p1: Glimmora|2
|
|upkeep
|
|t:|1760382745
|switch|p1a: Garganacl|Garganacl, M|100/100
|turn|8
|
|t:|1760382754
|-terastallize|p1a: Garganacl|Water
|move|p2a: Iron Crown|Tachyon Cutter|p1a: Garganacl
|-resisted|p1a: Garganacl
|-damage|p1a: Garganacl|88/100
|-resisted|p1a: Garganacl
|-damage|p1a: Garganacl|75/100
|-hitcount|p1a: Garganacl|2
|move|p1a: Garganacl|Salt Cure|p2a: Iron Crown
|-resisted|p2a: Iron Crown
|-damage|p2a: Iron Crown|94/100
|-start|p2a: Iron Crown|Salt Cure
|
|-heal|p1a: Garganacl|81/100|[from] item: Leftovers
|-damage|p2a: Iron Crown|69/100|[from] Salt Cure
|upkeep
|turn|9
|
|t:|1760382760
|-end|p2a: Iron Crown|Quark Drive|[silent]
|switch|p2a: Alomomola|Alomomola, M|100/100
|move|p1a: Garganacl|Protect||[still]
|-fail|p1a: Garganacl
|
|-heal|p1a: Garganacl|88/100|[from] item: Leftovers
|upkeep
|turn|10
|
|t:|1760382771
|move|p2a: Alomomola|Body Slam|p1a: Garganacl
|-damage|p1a: Garganacl|77/100
|move|p1a: Garganacl|Salt Cure|p2a: Alomomola
|-damage|p2a: Alomomola|91/100
|-start|p2a: Alomomola|Salt Cure
|
|-heal|p1a: Garganacl|83/100|[from] item: Leftovers
|-damage|p2a: Alomomola|66/100|[from] Salt Cure
|upkeep
|turn|11
|
|t:|1760382779
|move|p2a: Alomomola|Body Slam|p1a: Garganacl
|-damage|p1a: Garganacl|73/100
|move|p1a: Garganacl|Iron Defense|p1a: Garganacl
|-boost|p1a: Garganacl|def|2
|
|-heal|p1a: Garganacl|79/100|[from] item: Leftovers
|-damage|p2a: Alomomola|41/100|[from] Salt Cure
|upkeep
|turn|12
|
|t:|1760382783
|move|p2a: Alomomola|Body Slam|p1a: Garganacl
|-damage|p1a: Garganacl|74/100
|move|p1a: Garganacl|Salt Cure|p2a: Alomomola
|-damage|p2a: Alomomola|31/100
|
|-heal|p1a: Garganacl|80/100|[from] item: Leftovers
|-damage|p2a: Alomomola|6/100|[from] Salt Cure
|upkeep
|turn|13
|
|t:|1760382786
|move|p2a: Alomomola|Body Slam|p1a: Garganacl
|-damage|p1a: Garganacl|75/100
|move|p1a: Garganacl|Recover|p1a: Garganacl
|-heal|p1a: Garganacl|100/100
|
|-damage|p2a: Alomomola|0 fnt|[from] Salt Cure
|faint|p2a: Alomomola
|upkeep
|
|t:|1760382793
|switch|p2a: Rillaboom|Rillaboom, M|100/100
|-fieldstart|move: Grassy Terrain|[from] ability: Grassy Surge|[of] p2a: Rillaboom
|turn|14
|
|t:|1760382799
|move|p2a: Rillaboom|U-turn|p1a: Garganacl
|-damage|p1a: Garganacl|91/100
|
|t:|1760382801
|switch|p2a: Iron Crown|Iron Crown|69/100|[from] U-turn
|move|p1a: Garganacl|Salt Cure|p2a: Iron Crown
|-resisted|p2a: Iron Crown
|-damage|p2a: Iron Crown|61/100
|-start|p2a: Iron Crown|Salt Cure
|
|-heal|p2a: Iron Crown|67/100|[from] Grassy Terrain
|-heal|p1a: Garganacl|97/100|[from] Grassy Terrain
|-heal|p1a: Garganacl|100/100|[from] item: Leftovers
|-damage|p2a: Iron Crown|43/100|[from] Salt Cure
|upkeep
|turn|15
|
|t:|1760382807
|-end|p2a: Iron Crown|Quark Drive|[silent]
|switch|p2a: Rillaboom|Rillaboom, M|100/100
|move|p1a: Garganacl|Protect||[still]
|-fail|p1a: Garganacl
|
|upkeep
|turn|16
|
|t:|1760382813
|-terastallize|p2a: Rillaboom|Grass
|move|p2a: Rillaboom|Wood Hammer|p1a: Garganacl
|-supereffective|p1a: Garganacl
|-crit|p1a: Garganacl
|-damage|p1a: Garganacl|0 fnt
|faint|p1a: Garganacl
|-damage|p2a: Rillaboom|62/100|[from] Recoil
|
|-heal|p2a: Rillaboom|68/100|[from] Grassy Terrain
|upkeep
|
|t:|1760382820
|switch|p1a: Gliscor|Gliscor, F|100/100
|turn|17
|
|t:|1760382830
|switch|p2a: Iron Crown|Iron Crown|43/100
|move|p1a: Gliscor|Toxic|p2a: Iron Crown
|-immune|p2a: Iron Crown
|
|-heal|p2a: Iron Crown|49/100|[from] Grassy Terrain
|-status|p1a: Gliscor|tox|[from] item: Toxic Orb
|upkeep
|turn|18
|
|t:|1760382839
|move|p2a: Iron Crown|Tachyon Cutter|p1a: Gliscor
|-damage|p1a: Gliscor|55/100 tox
|-damage|p1a: Gliscor|9/100 tox
|-hitcount|p1a: Gliscor|2
|move|p1a: Gliscor|Earthquake|p2a: Iron Crown
|-supereffective|p2a: Iron Crown
|-damage|p2a: Iron Crown|13/100
|
|-heal|p2a: Iron Crown|20/100|[from] Grassy Terrain
|-heal|p1a: Gliscor|21/100 tox|[from] ability: Poison Heal
|-fieldend|move: Grassy Terrain
|upkeep
|turn|19
|-message|LionX_Pro forfeited.
|
|win|peanu1
|raw|LionX_Pro's rating: 1383 &rarr; <strong>1362</strong><br />(-21 for losing)
|raw|peanu1's rating: 1366 &rarr; <strong>1387</strong><br />(+21 for winning)
|l|☆LionX_Pro
|player|p1|
|l|☆peanu1
|player|p2|
