|j|☆stootic
|j|☆Charle_phate
|t:|1760416558
|gametype|singles
|player|p1|stootic|volkner|1271
|player|p2|Charle_phate|blue|1292
|gen|9
|tier|[Gen 9] OU
|rated|
|rule|HP Percentage Mod: HP is shown in percentages
|rule|Endless Battle Clause: Forcing endless battles is banned
|rule|Species Clause: Limit one of each Pokémon
|rule|OHKO Clause: OHKO moves are banned
|rule|Evasion Items Clause: Evasion items are banned
|rule|Evasion Moves Clause: Evasion moves are banned
|rule|Evasion Abilities Clause: Evasion abilities are banned
|rule|Sleep Moves Clause: Sleep-inducing moves are banned
|clearpoke
|poke|p1|Kingambit, F|
|poke|p1|Cinderace, F|
|poke|p1|Landorus-Therian, M|
|poke|p1|Iron Valiant|
|poke|p1|Kyurem|
|poke|p1|Slowking-Galar, M|
|poke|p2|Serperior, F|
|poke|p2|Rotom-Wash|
|poke|p2|Zapdos|
|poke|p2|Heatran, F|
|poke|p2|Clefable, F|
|poke|p2|Landorus-Therian, M|
|teampreview
|inactive|Battle timer is ON: inactive players will automatically lose when time's up. (requested by stootic)
|
|t:|1760416564
|teamsize|p1|6
|teamsize|p2|6
|start
|switch|p1a: Landorus|Landorus-Therian, M|100/100
|switch|p2a: Rotom|Rotom-Wash|100/100
|-ability|p1a: Landorus|Intimidate|boost
|-unboost|p2a: Rotom|atk|1
|turn|1
|
|t:|1760416572
|move|p1a: Landorus|U-turn|p2a: Rotom
|-damage|p2a: Rotom|82/100
|
|t:|1760416574
|switch|p1a: Slowking|Slowking-Galar, M|100/100|[from] U-turn
|move|p2a: Rotom|Thunder Wave|p1a: Slowking
|-status|p1a: Slowking|par
|
|-heal|p2a: Rotom|88/100|[from] item: Leftovers
|upkeep
|turn|2
|
|t:|1760416585
|switch|p2a: Heatran|Heatran, F|100/100
|-prepare|p1a: Slowking|Chilly Reception|[premajor]
|move|p1a: Slowking|Chilly Reception|p1a: Slowking
|-weather|Snowscape
|
|t:|1760416588
|switch|p1a: Landorus|Landorus-Therian, M|100/100|[from] Chilly Reception
|-ability|p1a: Landorus|Intimidate|boost
|-unboost|p2a: Heatran|atk|1
|
|-weather|Snowscape|[upkeep]
|upkeep
|turn|3
|
|t:|1760416598
|switch|p2a: Landorus|Landorus-Therian, M|100/100
|-ability|p2a: Landorus|Intimidate|boost
|-unboost|p1a: Landorus|atk|1
|move|p1a: Landorus|Stealth Rock|p2a: Landorus
|-sidestart|p2: Charle_phate|move: Stealth Rock
|
|-weather|Snowscape|[upkeep]
|upkeep
|turn|4
|
|t:|1760416617
|move|p2a: Landorus|Stone Edge|p1a: Landorus
|-damage|p1a: Landorus|68/100
|move|p1a: Landorus|U-turn|p2a: Landorus
|-resisted|p2a: Landorus
|-damage|p2a: Landorus|92/100
|
|t:|1760416620
|switch|p1a: Kyurem|Kyurem|100/100|[from] U-turn
|-ability|p1a: Kyurem|Pressure
|
|-weather|Snowscape|[upkeep]
|-heal|p2a: Landorus|98/100|[from] item: Leftovers
|upkeep
|turn|5
|
|t:|1760416633
|switch|p2a: Clefable|Clefable, F|100/100
|move|p1a: Kyurem|Substitute|p1a: Kyurem
|-start|p1a: Kyurem|Substitute
|-damage|p1a: Kyurem|76/100
|
|-weather|Snowscape|[upkeep]
|-heal|p1a: Kyurem|82/100|[from] item: Leftovers
|upkeep
|turn|6
|
|t:|1760416642
|move|p1a: Kyurem|Freeze-Dry|p2a: Clefable
|-damage|p2a: Clefable|66/100
|move|p2a: Clefable|Calm Mind|p2a: Clefable
|-boost|p2a: Clefable|spa|1
|-boost|p2a: Clefable|spd|1
|
|-weather|none
|-heal|p1a: Kyurem|88/100|[from] item: Leftovers
|-heal|p2a: Clefable|72/100|[from] item: Leftovers
|upkeep
|turn|7
|
|t:|1760416662
|switch|p1a: Kingambit|Kingambit, F|100/100
|move|p2a: Clefable|Draining Kiss|p1a: Kingambit
|-damage|p1a: Kingambit|74/100
|-heal|p2a: Clefable|91/100|[from] drain|[of] p1a: Kingambit
|
|-heal|p1a: Kingambit|80/100|[from] item: Leftovers
|-heal|p2a: Clefable|97/100|[from] item: Leftovers
|upkeep
|turn|8
|
|t:|1760416674
|-terastallize|p2a: Clefable|Fire
|move|p1a: Kingambit|Swords Dance|p1a: Kingambit
|-boost|p1a: Kingambit|atk|2
|move|p2a: Clefable|Defense Curl|p2a: Clefable
|-boost|p2a: Clefable|def|1
|
|-heal|p1a: Kingambit|86/100|[from] item: Leftovers
|-heal|p2a: Clefable|100/100|[from] item: Leftovers
|upkeep
|turn|9
|
|t:|1760416685
|move|p1a: Kingambit|Kowtow Cleave|p2a: Clefable
|-damage|p2a: Clefable|49/100
|move|p2a: Clefable|Calm Mind|p2a: Clefable
|-boost|p2a: Clefable|spa|1
|-boost|p2a: Clefable|spd|1
|
|-heal|p1a: Kingambit|92/100|[from] item: Leftovers
|-heal|p2a: Clefable|55/100|[from] item: Leftovers
|upkeep
|turn|10
|
|t:|1760416697
|move|p1a: Kingambit|Kowtow Cleave|p2a: Clefable
|-damage|p2a: Clefable|6/100
|move|p2a: Clefable|Draining Kiss|p1a: Kingambit
|-damage|p1a: Kingambit|54/100
|-heal|p2a: Clefable|33/100|[from] drain|[of] p1a: Kingambit
|
|-heal|p1a: Kingambit|60/100|[from] item: Leftovers
|-heal|p2a: Clefable|39/100|[from] item: Leftovers
|upkeep
|turn|11
|
|t:|1760416708
|switch|p2a: Heatran|Heatran, F|100/100
|-damage|p2a: Heatran|88/100|[from] Stealth Rock
|move|p1a: Kingambit|Kowtow Cleave|p2a: Heatran
|-damage|p2a: Heatran|5/100
|-status|p1a: Kingambit|brn|[from] ability: Flame Body|[of] p2a: Heatran
|
|-heal|p2a: Heatran|12/100|[from] item: Leftovers
|-heal|p1a: Kingambit|67/100 brn|[from] item: Leftovers
|-damage|p1a: Kingambit|60/100 brn|[from] brn
|upkeep
|turn|12
|
|t:|1760416724
|move|p1a: Kingambit|Sucker Punch|p2a: Heatran
|-damage|p2a: Heatran|0 fnt
|faint|p2a: Heatran
|
|-heal|p1a: Kingambit|67/100 brn|[from] item: Leftovers
|-damage|p1a: Kingambit|60/100 brn|[from] brn
|upkeep
|
|t:|1760416743
|switch|p2a: Serperior|Serperior, F|100/100
|-damage|p2a: Serperior|88/100|[from] Stealth Rock
|turn|13
|
|t:|1760416748
|move|p2a: Serperior|Substitute|p2a: Serperior
|-start|p2a: Serperior|Substitute
|-damage|p2a: Serperior|63/100
|move|p1a: Kingambit|Kowtow Cleave|p2a: Serperior
|-end|p2a: Serperior|Substitute
|
|-heal|p2a: Serperior|69/100|[from] item: Leftovers
|-heal|p1a: Kingambit|67/100 brn|[from] item: Leftovers
|-damage|p1a: Kingambit|60/100 brn|[from] brn
|upkeep
|turn|14
|
|t:|1760416760
|move|p2a: Serperior|Leech Seed|p1a: Kingambit|[miss]
|-miss|p2a: Serperior|p1a: Kingambit
|move|p1a: Kingambit|Kowtow Cleave|p2a: Serperior
|-damage|p2a: Serperior|14/100
|
|-heal|p2a: Serperior|20/100|[from] item: Leftovers
|-heal|p1a: Kingambit|67/100 brn|[from] item: Leftovers
|-damage|p1a: Kingambit|60/100 brn|[from] brn
|upkeep
|turn|15
|
|t:|1760416771
|move|p2a: Serperior|Leech Seed|p1a: Kingambit
|-start|p1a: Kingambit|move: Leech Seed
|move|p1a: Kingambit|Kowtow Cleave|p2a: Serperior
|-damage|p2a: Serperior|0 fnt
|faint|p2a: Serperior
|
|-heal|p1a: Kingambit|67/100 brn|[from] item: Leftovers
|-damage|p1a: Kingambit|60/100 brn|[from] brn
|upkeep
|inactive|Charle_phate has 120 seconds left.
|
|t:|1760416791
|switch|p2a: Clefable|Clefable, F, tera:Fire|39/100
|turn|16
|
|t:|1760416796
|-end|p1a: Kingambit|fallenundefined|[silent]
|switch|p1a: Landorus|Landorus-Therian, M|68/100
|-ability|p1a: Landorus|Intimidate|boost
|-unboost|p2a: Clefable|atk|1
|move|p2a: Clefable|Defense Curl|p2a: Clefable
|-boost|p2a: Clefable|def|1
|
|-heal|p2a: Clefable|46/100|[from] item: Leftovers
|upkeep
|turn|17
|inactive|Charle_phate has 120 seconds left.
|
|t:|1760416812
|switch|p2a: Landorus|Landorus-Therian, M|98/100
|-damage|p2a: Landorus|86/100|[from] Stealth Rock
|-ability|p2a: Landorus|Intimidate|boost
|-unboost|p1a: Landorus|atk|1
|move|p1a: Landorus|Taunt|p2a: Landorus
|-start|p2a: Landorus|move: Taunt
|
|-heal|p2a: Landorus|92/100|[from] item: Leftovers
|upkeep
|turn|18
|inactive|Charle_phate has 120 seconds left.
|
|t:|1760416830
|move|p2a: Landorus|Stone Edge|p1a: Landorus
|-damage|p1a: Landorus|33/100
|move|p1a: Landorus|U-turn|p2a: Landorus
|-resisted|p2a: Landorus
|-damage|p2a: Landorus|84/100
|
|t:|1760416833
|switch|p1a: Kyurem|Kyurem|88/100|[from] U-turn
|-ability|p1a: Kyurem|Pressure
|
|-heal|p1a: Kyurem|94/100|[from] item: Leftovers
|-heal|p2a: Landorus|90/100|[from] item: Leftovers
|upkeep
|turn|19
|inactive|Charle_phate has 120 seconds left.
|
|t:|1760416852
|move|p1a: Kyurem|Substitute|p1a: Kyurem
|-start|p1a: Kyurem|Substitute
|-damage|p1a: Kyurem|69/100
|move|p2a: Landorus|Outrage|p1a: Kyurem
|-supereffective|p1a: Kyurem
|-end|p1a: Kyurem|Substitute
|
|-heal|p1a: Kyurem|75/100|[from] item: Leftovers
|-heal|p2a: Landorus|96/100|[from] item: Leftovers
|-end|p2a: Landorus|move: Taunt
|upkeep
|turn|20
|inactive|Charle_phate has 120 seconds left.
|
|t:|1760416864
|move|p1a: Kyurem|Freeze-Dry|p2a: Landorus
|-supereffective|p2a: Landorus
|-damage|p2a: Landorus|0 fnt
|faint|p2a: Landorus
|
|-heal|p1a: Kyurem|81/100|[from] item: Leftovers
|upkeep
|
|t:|1760416890
|switch|p2a: Clefable|Clefable, F, tera:Fire|46/100
|turn|21
|
|t:|1760416902
|move|p1a: Kyurem|Earth Power|p2a: Clefable
|-supereffective|p2a: Clefable
|-damage|p2a: Clefable|0 fnt
|faint|p2a: Clefable
|
|-heal|p1a: Kyurem|88/100|[from] item: Leftovers
|upkeep
|inactive|Charle_phate has 90 seconds left.
|inactive|Charle_phate has 60 seconds left.
|inactive|Charle_phate has 30 seconds left.
|inactive|Charle_phate has 20 seconds left.
|inactive|Charle_phate has 15 seconds left.
|inactive|Charle_phate has 10 seconds left.
|inactive|Charle_phate has 5 seconds left.
|-message|Charle_phate lost due to inactivity.
|
|win|stootic
|raw|stootic's rating: 1271 &rarr; <strong>1298</strong><br />(+27 for winning)
|raw|Charle_phate's rating: 1292 &rarr; <strong>1265</strong><br />(-27 for losing)
|l|☆stootic
|player|p1|
|l|☆Charle_phate
|player|p2|
