|j|☆wobuhaole
|j|☆lysvord
|t:|1760386345
|gametype|singles
|player|p1|wobuhaole|youngcouple-gen4dp|1316
|player|p2|lysvord|170|1349
|gen|9
|tier|[Gen 9] OU
|rated|
|rule|HP Percentage Mod: HP is shown in percentages
|rule|Endless Battle Clause: Forcing endless battles is banned
|rule|Species Clause: Limit one of each Pokémon
|rule|OHKO Clause: OHKO moves are banned
|rule|Evasion Items Clause: Evasion items are banned
|rule|Evasion Moves Clause: Evasion moves are banned
|rule|Evasion Abilities Clause: Evasion abilities are banned
|rule|Sleep Moves Clause: Sleep-inducing moves are banned
|clearpoke
|poke|p1|Kleavor, M|
|poke|p1|Brambleghast, F|
|poke|p1|Moltres|
|poke|p1|Mamoswine, F|
|poke|p1|Pecharunt|
|poke|p1|Kingambit, M|
|poke|p2|Ting-Lu|
|poke|p2|Dragonite, F|
|poke|p2|Magnezone|
|poke|p2|Glimmora, F|
|poke|p2|Ogerpon-Wellspring, F|
|poke|p2|Iron Valiant|
|teampreview
|inactive|Battle timer is ON: inactive players will automatically lose when time's up. (requested by lysvord)
|
|t:|1760386358
|teamsize|p1|6
|teamsize|p2|6
|start
|switch|p1a: Kleavor|Kleavor, M|100/100
|switch|p2a: Glimmora|Glimmora, F|100/100
|turn|1
|
|t:|1760386368
|move|p2a: Glimmora|Meteor Beam||[still]
|-prepare|p2a: Glimmora|Meteor Beam
|-boost|p2a: Glimmora|spa|1
|-enditem|p2a: Glimmora|Power Herb
|-anim|p2a: Glimmora|Meteor Beam|p1a: Kleavor
|-supereffective|p1a: Kleavor
|-enditem|p1a: Kleavor|Focus Sash
|-damage|p1a: Kleavor|1/100
|move|p1a: Kleavor|Close Combat|p2a: Glimmora
|-damage|p2a: Glimmora|51/100
|-unboost|p1a: Kleavor|def|1
|-unboost|p1a: Kleavor|spd|1
|-activate|p2a: Glimmora|ability: Toxic Debris
|-sidestart|p1: wobuhaole|move: Toxic Spikes
|
|upkeep
|turn|2
|
|t:|1760386390
|move|p2a: Glimmora|Dazzling Gleam|p1a: Kleavor
|-damage|p1a: Kleavor|0 fnt
|faint|p1a: Kleavor
|
|upkeep
|
|t:|1760386400
|switch|p1a: Pecharunt|Pecharunt|100/100
|-item|p1a: Pecharunt|Air Balloon
|turn|3
|
|t:|1760386411
|move|p1a: Pecharunt|Nasty Plot|p1a: Pecharunt
|-boost|p1a: Pecharunt|spa|2
|move|p2a: Glimmora|Earth Power|p1a: Pecharunt
|-immune|p1a: Pecharunt
|
|upkeep
|turn|4
|
|t:|1760386421
|switch|p2a: Ting-Lu|Ting-Lu|100/100
|-ability|p2a: Ting-Lu|Vessel of Ruin
|move|p1a: Pecharunt|Shadow Ball|p2a: Ting-Lu
|-resisted|p2a: Ting-Lu
|-damage|p2a: Ting-Lu|88/100
|
|-heal|p2a: Ting-Lu|94/100|[from] item: Leftovers
|upkeep
|turn|5
|
|t:|1760386431
|move|p1a: Pecharunt|Malignant Chain|p2a: Ting-Lu
|-resisted|p2a: Ting-Lu
|-damage|p2a: Ting-Lu|79/100
|-status|p2a: Ting-Lu|tox
|-start|p2a: Ting-Lu|confusion|[from] ability: Poison Puppeteer|[of] p1a: Pecharunt
|-activate|p2a: Ting-Lu|confusion
|-damage|p2a: Ting-Lu|73/100 tox|[from] confusion
|
|-heal|p2a: Ting-Lu|80/100 tox|[from] item: Leftovers
|-damage|p2a: Ting-Lu|73/100 tox|[from] psn
|upkeep
|turn|6
|
|t:|1760386450
|switch|p1a: Moltres|Moltres|100/100
|-activate|p2a: Ting-Lu|confusion
|move|p2a: Ting-Lu|Ruination|p1a: Moltres
|-damage|p1a: Moltres|51/100
|
|-heal|p2a: Ting-Lu|80/100 tox|[from] item: Leftovers
|-damage|p2a: Ting-Lu|67/100 tox|[from] psn
|upkeep
|turn|7
|
|t:|1760386466
|switch|p2a: Ogerpon|Ogerpon-Wellspring, F|100/100
|move|p1a: Moltres|Tailwind|p1a: Moltres
|-sidestart|p1: wobuhaole|move: Tailwind
|
|upkeep
|turn|8
|
|t:|1760386471
|move|p1a: Moltres|U-turn|p2a: Ogerpon
|-supereffective|p2a: Ogerpon
|-damage|p2a: Ogerpon|63/100
|
|t:|1760386481
|switch|p1a: Brambleghast|Brambleghast, F|100/100|[from] U-turn
|-status|p1a: Brambleghast|psn
|-ability|p1a: Brambleghast|Wind Rider|boost
|-boost|p1a: Brambleghast|atk|1
|move|p2a: Ogerpon|Knock Off|p1a: Brambleghast
|-supereffective|p1a: Brambleghast
|-damage|p1a: Brambleghast|0 fnt
|-enditem|p1a: Brambleghast|Life Orb|[from] move: Knock Off|[of] p2a: Ogerpon
|faint|p1a: Brambleghast
|
|upkeep
|-message|wobuhaole forfeited.
|
|win|lysvord
|raw|wobuhaole's rating: 1316 &rarr; <strong>1298</strong><br />(-18 for losing)
|raw|lysvord's rating: 1349 &rarr; <strong>1367</strong><br />(+18 for winning)
|l|☆wobuhaole
|player|p1|
|l|☆lysvord
|player|p2|
