|j|☆Raijin Zerachu
|j|☆Swankentora
|t:|1760305498
|gametype|singles
|player|p1|Raijin Zerachu|volkner|1506
|player|p2|Swankentora|n|1460
|gen|9
|tier|[Gen 9] OU
|rated|
|rule|HP Percentage Mod: HP is shown in percentages
|rule|Endless Battle Clause: Forcing endless battles is banned
|rule|Species Clause: Limit one of each Pokémon
|rule|OHKO Clause: OHKO moves are banned
|rule|Evasion Items Clause: Evasion items are banned
|rule|Evasion Moves Clause: Evasion moves are banned
|rule|Evasion Abilities Clause: Evasion abilities are banned
|rule|Sleep Moves Clause: Sleep-inducing moves are banned
|clearpoke
|poke|p1|Kilowattrel, M|
|poke|p1|Glimmora, F|
|poke|p1|Tinkaton, F|
|poke|p1|Meowscarada, F|
|poke|p1|Skeledirge, M|
|poke|p1|Quaquaval, M|
|poke|p2|Samurott-Hisui, F|
|poke|p2|Heatran, M|
|poke|p2|Latios, M|
|poke|p2|Iron Valiant|
|poke|p2|Iron Treads|
|poke|p2|Dragapult, F|
|teampreview
|inactive|Battle timer is ON: inactive players will automatically lose when time's up. (requested by Raijin Zerachu)
|
|t:|1760305519
|teamsize|p1|6
|teamsize|p2|6
|start
|switch|p1a: Selena Kyle|Meowscarada, F|100/100
|switch|p2a: Latios|Latios, M|100/100
|turn|1
|
|t:|1760305527
|-terastallize|p2a: Latios|Steel
|move|p1a: Selena Kyle|U-turn|p2a: Latios
|-start|p1a: Selena Kyle|typechange|Bug|[from] ability: Protean
|-resisted|p2a: Latios
|-damage|p2a: Latios|80/100
|
|t:|1760305535
|switch|p1a: Amy Rose|Tinkaton, F|100/100|[from] U-turn
|-ability|p1a: Amy Rose|Mold Breaker
|-item|p1a: Amy Rose|Air Balloon
|move|p2a: Latios|Draco Meteor|p1a: Amy Rose
|-immune|p1a: Amy Rose
|
|upkeep
|turn|2
|
|t:|1760305549
|switch|p2a: Heatran|Heatran, M|100/100
|move|p1a: Amy Rose|Stealth Rock|p2a: Heatran
|-sidestart|p2: Swankentora|move: Stealth Rock
|
|upkeep
|turn|3
|
|t:|1760305558
|switch|p1a: Duck Season|Quaquaval, M|100/100
|move|p2a: Heatran|Lava Plume|p1a: Duck Season
|-resisted|p1a: Duck Season
|-damage|p1a: Duck Season|76/100
|
|upkeep
|turn|4
|
|t:|1760305564
|move|p1a: Duck Season|Aqua Step|p2a: Heatran
|-supereffective|p2a: Heatran
|-damage|p2a: Heatran|42/100
|-boost|p1a: Duck Season|spe|1
|-damage|p1a: Duck Season|59/100|[from] item: Rocky Helmet|[of] p2a: Heatran
|move|p2a: Heatran|Will-O-Wisp|p1a: Duck Season
|-status|p1a: Duck Season|brn
|
|-damage|p1a: Duck Season|53/100 brn|[from] brn
|upkeep
|turn|5
|
|t:|1760305592
|move|p1a: Duck Season|Aqua Step|p2a: Heatran
|-supereffective|p2a: Heatran
|-damage|p2a: Heatran|14/100
|-boost|p1a: Duck Season|spe|1
|-damage|p1a: Duck Season|37/100 brn|[from] item: Rocky Helmet|[of] p2a: Heatran
|move|p2a: Heatran|Stealth Rock|p1a: Duck Season
|-sidestart|p1: Raijin Zerachu|move: Stealth Rock
|
|-damage|p1a: Duck Season|31/100 brn|[from] brn
|upkeep
|turn|6
|
|t:|1760305602
|switch|p2a: Samurott|Samurott-Hisui, F|100/100
|-damage|p2a: Samurott|88/100|[from] Stealth Rock
|move|p1a: Duck Season|Rapid Spin|p2a: Samurott
|-damage|p2a: Samurott|79/100
|-boost|p1a: Duck Season|spe|1
|-sideend|p1: Raijin Zerachu|Stealth Rock|[from] move: Rapid Spin|[of] p1a: Duck Season
|
|-damage|p1a: Duck Season|25/100 brn|[from] brn
|upkeep
|turn|7
|
|t:|1760305610
|move|p1a: Duck Season|Close Combat|p2a: Samurott
|-supereffective|p2a: Samurott
|-damage|p2a: Samurott|7/100
|-unboost|p1a: Duck Season|def|1
|-unboost|p1a: Duck Season|spd|1
|move|p2a: Samurott|Ceaseless Edge|p1a: Duck Season
|-resisted|p1a: Duck Season
|-damage|p1a: Duck Season|0 fnt
|-sidestart|p1: Raijin Zerachu|Spikes
|faint|p1a: Duck Season
|
|upkeep
|
|t:|1760305619
|switch|p1a: Selena Kyle|Meowscarada, F|100/100
|-damage|p1a: Selena Kyle|88/100|[from] Spikes
|turn|8
|
|t:|1760305626
|switch|p2a: Iron Treads|Iron Treads|100/100
|-damage|p2a: Iron Treads|98/100|[from] Stealth Rock
|move|p1a: Selena Kyle|U-turn|p2a: Iron Treads
|-start|p1a: Selena Kyle|typechange|Bug|[from] ability: Protean
|-resisted|p2a: Iron Treads
|-damage|p2a: Iron Treads|84/100
|
|t:|1760305650
|switch|p1a: Crikey|Skeledirge, M|100/100|[from] U-turn
|
|-heal|p2a: Iron Treads|90/100|[from] item: Leftovers
|upkeep
|turn|9
|
|t:|1760305654
|move|p2a: Iron Treads|Earthquake|p1a: Crikey
|-supereffective|p1a: Crikey
|-damage|p1a: Crikey|51/100
|move|p1a: Crikey|Will-O-Wisp|p2a: Iron Treads
|-status|p2a: Iron Treads|brn
|
|-heal|p2a: Iron Treads|96/100 brn|[from] item: Leftovers
|-damage|p2a: Iron Treads|90/100 brn|[from] brn
|upkeep
|turn|10
|
|t:|1760305669
|-end|p2a: Iron Treads|Quark Drive|[silent]
|switch|p2a: Samurott|Samurott-Hisui, F|7/100
|-damage|p2a: Samurott|0 fnt|[from] Stealth Rock
|faint|p2a: Samurott
|move|p1a: Crikey|Slack Off|p1a: Crikey
|-heal|p1a: Crikey|100/100
|
|upkeep
|
|t:|1760305679
|switch|p2a: Latios|Latios, M, tera:Steel|80/100
|-damage|p2a: Latios|74/100|[from] Stealth Rock
|turn|11
|
|t:|1760305687
|switch|p1a: Amy Rose|Tinkaton, F|100/100
|-ability|p1a: Amy Rose|Mold Breaker
|-item|p1a: Amy Rose|Air Balloon
|move|p2a: Latios|Draco Meteor|p1a: Amy Rose
|-immune|p1a: Amy Rose
|
|upkeep
|turn|12
|
|t:|1760305697
|switch|p2a: Iron Treads|Iron Treads|90/100 brn
|-damage|p2a: Iron Treads|87/100 brn|[from] Stealth Rock
|move|p1a: Amy Rose|Thunder Wave|p2a: Iron Treads
|-immune|p2a: Iron Treads
|
|-heal|p2a: Iron Treads|93/100 brn|[from] item: Leftovers
|-damage|p2a: Iron Treads|87/100 brn|[from] brn
|upkeep
|turn|13
|
|t:|1760305706
|switch|p1a: Crikey|Skeledirge, M|100/100
|move|p2a: Iron Treads|Iron Head|p1a: Crikey
|-resisted|p1a: Crikey
|-damage|p1a: Crikey|96/100
|
|-heal|p2a: Iron Treads|93/100 brn|[from] item: Leftovers
|-damage|p2a: Iron Treads|87/100 brn|[from] brn
|upkeep
|turn|14
|
|t:|1760305720
|-end|p2a: Iron Treads|Quark Drive|[silent]
|switch|p2a: Iron Valiant|Iron Valiant|100/100
|-damage|p2a: Iron Valiant|94/100|[from] Stealth Rock
|move|p1a: Crikey|Torch Song|p2a: Iron Valiant
|-damage|p2a: Iron Valiant|41/100
|-boost|p1a: Crikey|spa|1
|
|upkeep
|turn|15
|
|t:|1760305732
|switch|p1a: Amy Rose|Tinkaton, F|100/100
|-ability|p1a: Amy Rose|Mold Breaker
|-item|p1a: Amy Rose|Air Balloon
|move|p2a: Iron Valiant|Shadow Ball|p1a: Amy Rose
|-damage|p1a: Amy Rose|76/100
|-enditem|p1a: Amy Rose|Air Balloon
|
|upkeep
|turn|16
|
|t:|1760305746
|-end|p2a: Iron Valiant|Quark Drive|[silent]
|switch|p2a: Heatran|Heatran, M|14/100
|-damage|p2a: Heatran|2/100|[from] Stealth Rock
|switch|p1a: Selena Kyle|Meowscarada, F|88/100
|-damage|p1a: Selena Kyle|76/100|[from] Spikes
|
|upkeep
|turn|17
|
|t:|1760305756
|move|p1a: Selena Kyle|Flower Trick|p2a: Heatran
|-start|p1a: Selena Kyle|typechange|Grass|[from] ability: Protean
|-resisted|p2a: Heatran
|-crit|p2a: Heatran
|-damage|p2a: Heatran|0 fnt
|faint|p2a: Heatran
|
|upkeep
|
|t:|1760305760
|switch|p2a: Latios|Latios, M, tera:Steel|74/100
|-damage|p2a: Latios|68/100|[from] Stealth Rock
|turn|18
|
|t:|1760305768
|switch|p1a: Amy Rose|Tinkaton, F|76/100
|-damage|p1a: Amy Rose|63/100|[from] Spikes
|-ability|p1a: Amy Rose|Mold Breaker
|move|p2a: Latios|Luster Purge|p1a: Amy Rose
|-resisted|p1a: Amy Rose
|-damage|p1a: Amy Rose|46/100
|-unboost|p1a: Amy Rose|spd|1
|
|upkeep
|turn|19
|
|t:|1760305778
|switch|p2a: Iron Treads|Iron Treads|87/100 brn
|-damage|p2a: Iron Treads|85/100 brn|[from] Stealth Rock
|move|p1a: Amy Rose|Thunder Wave|p2a: Iron Treads
|-immune|p2a: Iron Treads
|
|-heal|p2a: Iron Treads|91/100 brn|[from] item: Leftovers
|-damage|p2a: Iron Treads|85/100 brn|[from] brn
|upkeep
|turn|20
|
|t:|1760305789
|switch|p1a: Crikey|Skeledirge, M|96/100
|move|p2a: Iron Treads|Earthquake|p1a: Crikey
|-supereffective|p1a: Crikey
|-damage|p1a: Crikey|73/100
|
|-heal|p2a: Iron Treads|91/100 brn|[from] item: Leftovers
|-damage|p2a: Iron Treads|85/100 brn|[from] brn
|upkeep
|turn|21
|
|t:|1760305813
|-end|p2a: Iron Treads|Quark Drive|[silent]
|switch|p2a: Iron Valiant|Iron Valiant|41/100
|-damage|p2a: Iron Valiant|35/100|[from] Stealth Rock
|move|p1a: Crikey|Slack Off|p1a: Crikey
|-heal|p1a: Crikey|100/100
|
|upkeep
|turn|22
|
|t:|1760305833
|switch|p1a: Selena Kyle|Meowscarada, F|76/100
|-damage|p1a: Selena Kyle|64/100|[from] Spikes
|move|p2a: Iron Valiant|Moonblast|p1a: Selena Kyle
|-supereffective|p1a: Selena Kyle
|-damage|p1a: Selena Kyle|0 fnt
|faint|p1a: Selena Kyle
|
|upkeep
|inactive|Raijin Zerachu has 120 seconds left.
|
|t:|1760305867
|switch|p1a: Zipdeus|Kilowattrel, M|100/100
|turn|23
|
|t:|1760305882
|move|p1a: Zipdeus|Tailwind|p1a: Zipdeus
|-sidestart|p1: Raijin Zerachu|move: Tailwind
|move|p2a: Iron Valiant|Moonblast|p1a: Zipdeus
|-enditem|p1a: Zipdeus|Focus Sash
|-damage|p1a: Zipdeus|1/100
|
|upkeep
|turn|24
|
|t:|1760305889
|move|p1a: Zipdeus|Air Slash|p2a: Iron Valiant
|-supereffective|p2a: Iron Valiant
|-damage|p2a: Iron Valiant|0 fnt
|faint|p2a: Iron Valiant
|-end|p2a: Iron Valiant|Quark Drive|[silent]
|
|upkeep
|
|t:|1760305915
|switch|p2a: Iron Treads|Iron Treads|85/100 brn
|-damage|p2a: Iron Treads|82/100 brn|[from] Stealth Rock
|turn|25
|
|t:|1760305927
|-terastallize|p1a: Zipdeus|Ground
|move|p1a: Zipdeus|Tera Blast|p2a: Iron Treads|[anim] Tera Blast Ground
|-supereffective|p2a: Iron Treads
|-damage|p2a: Iron Treads|28/100 brn
|move|p2a: Iron Treads|Ice Spinner|p1a: Zipdeus
|-supereffective|p1a: Zipdeus
|-damage|p1a: Zipdeus|0 fnt
|faint|p1a: Zipdeus
|
|-heal|p2a: Iron Treads|34/100 brn|[from] item: Leftovers
|-damage|p2a: Iron Treads|28/100 brn|[from] brn
|upkeep
|
|t:|1760305940
|switch|p1a: Tox Rox|Glimmora, F|100/100
|-damage|p1a: Tox Rox|88/100|[from] Spikes
|turn|26
|
|t:|1760305945
|move|p1a: Tox Rox|Earth Power|p2a: Iron Treads
|-supereffective|p2a: Iron Treads
|-damage|p2a: Iron Treads|0 fnt
|faint|p2a: Iron Treads
|-end|p2a: Iron Treads|Quark Drive|[silent]
|
|-sideend|p1: Raijin Zerachu|move: Tailwind
|upkeep
|
|t:|1760305951
|switch|p2a: Latios|Latios, M, tera:Steel|68/100
|-damage|p2a: Latios|62/100|[from] Stealth Rock
|turn|27
|
|t:|1760305959
|move|p2a: Latios|Draco Meteor|p1a: Tox Rox
|-damage|p1a: Tox Rox|0 fnt
|-unboost|p2a: Latios|spa|2
|faint|p1a: Tox Rox
|
|upkeep
|
|t:|1760305965
|switch|p1a: Amy Rose|Tinkaton, F|46/100
|-damage|p1a: Amy Rose|33/100|[from] Spikes
|-ability|p1a: Amy Rose|Mold Breaker
|turn|28
|
|t:|1760305970
|switch|p2a: Dragapult|Dragapult, F|100/100
|-damage|p2a: Dragapult|88/100|[from] Stealth Rock
|move|p1a: Amy Rose|Thunder Wave|p2a: Dragapult
|-status|p2a: Dragapult|par
|
|upkeep
|turn|29
|
|t:|1760305979
|move|p1a: Amy Rose|Gigaton Hammer|p2a: Dragapult
|-damage|p2a: Dragapult|27/100 par
|move|p2a: Dragapult|Will-O-Wisp|p1a: Amy Rose
|-status|p1a: Amy Rose|brn
|
|-damage|p1a: Amy Rose|27/100 brn|[from] brn
|upkeep
|turn|30
|
|t:|1760305986
|switch|p2a: Latios|Latios, M, tera:Steel|62/100
|-damage|p2a: Latios|56/100|[from] Stealth Rock
|move|p1a: Amy Rose|Encore||[still]
|-fail|p1a: Amy Rose
|
|-damage|p1a: Amy Rose|21/100 brn|[from] brn
|upkeep
|turn|31
|
|t:|1760305994
|move|p2a: Latios|Luster Purge|p1a: Amy Rose
|-resisted|p1a: Amy Rose
|-damage|p1a: Amy Rose|5/100 brn
|-unboost|p1a: Amy Rose|spd|1
|move|p1a: Amy Rose|Thunder Wave|p2a: Latios
|-status|p2a: Latios|par
|
|-damage|p1a: Amy Rose|0 fnt|[from] brn
|faint|p1a: Amy Rose
|upkeep
|
|t:|1760306003
|switch|p1a: Crikey|Skeledirge, M|100/100
|turn|32
|
|t:|1760306006
|move|p2a: Latios|Luster Purge|p1a: Crikey
|-damage|p1a: Crikey|44/100
|-unboost|p1a: Crikey|spd|1
|move|p1a: Crikey|Torch Song|p2a: Latios
|-supereffective|p2a: Latios
|-damage|p2a: Latios|0 fnt
|-boost|p1a: Crikey|spa|1
|faint|p2a: Latios
|
|upkeep
|
|t:|1760306008
|switch|p2a: Dragapult|Dragapult, F|27/100 par
|-damage|p2a: Dragapult|15/100 par|[from] Stealth Rock
|turn|33
|
|t:|1760306017
|move|p2a: Dragapult|Dragon Darts|p1a: Crikey
|-damage|p1a: Crikey|20/100
|-anim|p2a: Dragapult|Dragon Darts|p1a: Crikey
|-damage|p1a: Crikey|0 fnt
|faint|p1a: Crikey
|
|win|Swankentora
|raw|Raijin Zerachu's rating: 1506 &rarr; <strong>1483</strong><br />(-23 for losing)
|raw|Swankentora's rating: 1460 &rarr; <strong>1483</strong><br />(+23 for winning)
|c|☆Swankentora|gg
|c|☆Raijin Zerachu|gg
|l|☆Raijin Zerachu
|player|p1|
