|j|☆ballyhoogreen
|j|☆Kennguyen21
|t:|1760458676
|gametype|singles
|player|p1|ballyhoogreen|maid|1105
|player|p2|Kennguyen21|101|1147
|gen|9
|tier|[Gen 9] OU
|rated|
|rule|HP Percentage Mod: HP is shown in percentages
|rule|Endless Battle Clause: Forcing endless battles is banned
|rule|Species Clause: Limit one of each Pokémon
|rule|OHKO Clause: OHKO moves are banned
|rule|Evasion Items Clause: Evasion items are banned
|rule|Evasion Moves Clause: Evasion moves are banned
|rule|Evasion Abilities Clause: Evasion abilities are banned
|rule|Sleep Moves Clause: Sleep-inducing moves are banned
|clearpoke
|poke|p1|Glastrier|
|poke|p1|Slowbro-Galar, F|
|poke|p1|Polteageist|
|poke|p1|Cinccino, M|
|poke|p1|Jirachi|
|poke|p1|Tatsugiri-Stretchy, F|
|poke|p2|Great Tusk|
|poke|p2|Deoxys-Speed|
|poke|p2|Ogerpon-Wellspring, F|
|poke|p2|Blaziken, F|
|poke|p2|Enamorus, F|
|poke|p2|Darkrai|
|teampreview
|inactive|Battle timer is ON: inactive players will automatically lose when time's up. (requested by Kennguyen21)
|
|t:|1760458681
|teamsize|p1|6
|teamsize|p2|6
|start
|switch|p1a: Piss|Polteageist|100/100
|switch|p2a: Deoxys|Deoxys-Speed|100/100
|-ability|p2a: Deoxys|Pressure
|turn|1
|
|t:|1760458698
|move|p2a: Deoxys|Taunt|p1a: Piss
|-start|p1a: Piss|move: Taunt
|cant|p1a: Piss|move: Taunt|Shell Smash
|
|upkeep
|turn|2
|
|t:|1760458703
|move|p2a: Deoxys|Spikes|p1a: Piss
|-sidestart|p1: ballyhoogreen|Spikes
|move|p1a: Piss|Shadow Ball|p2a: Deoxys
|-supereffective|p2a: Deoxys
|-enditem|p2a: Deoxys|Focus Sash
|-damage|p2a: Deoxys|1/100
|
|upkeep
|turn|3
|
|t:|1760458711
|move|p2a: Deoxys|Stealth Rock|p1a: Piss
|-sidestart|p1: ballyhoogreen|move: Stealth Rock
|move|p1a: Piss|Shadow Ball|p2a: Deoxys
|-supereffective|p2a: Deoxys
|-damage|p2a: Deoxys|0 fnt
|faint|p2a: Deoxys
|
|-end|p1a: Piss|move: Taunt
|upkeep
|
|t:|1760458728
|switch|p2a: Darkrai|Darkrai|100/100
|turn|4
|
|t:|1760458733
|move|p2a: Darkrai|Dark Pulse|p1a: Piss
|-supereffective|p1a: Piss
|-enditem|p1a: Piss|Focus Sash
|-damage|p1a: Piss|1/100
|move|p1a: Piss|Shell Smash|p1a: Piss
|-unboost|p1a: Piss|def|1
|-unboost|p1a: Piss|spd|1
|-boost|p1a: Piss|atk|2
|-boost|p1a: Piss|spa|2
|-boost|p1a: Piss|spe|2
|
|upkeep
|turn|5
|
|t:|1760458741
|-terastallize|p1a: Piss|Fighting
|move|p1a: Piss|Tera Blast|p2a: Darkrai|[anim] Tera Blast Fighting
|-supereffective|p2a: Darkrai
|-damage|p2a: Darkrai|0 fnt
|faint|p2a: Darkrai
|
|upkeep
|
|t:|1760458756
|switch|p2a: Ogerpon|Ogerpon-Wellspring, F|100/100
|turn|6
|
|t:|1760458763
|-terastallize|p2a: Ogerpon|Water
|detailschange|p2a: Ogerpon|Ogerpon-Wellspring-Tera, F, tera:Water
|-ability|p2a: Ogerpon|Embody Aspect (Wellspring)|boost
|-boost|p2a: Ogerpon|spd|1
|move|p1a: Piss|Stored Power|p2a: Ogerpon
|-damage|p2a: Ogerpon|17/100
|move|p2a: Ogerpon|Trailblaze|p1a: Piss
|-crit|p1a: Piss
|-damage|p1a: Piss|0 fnt
|-boost|p2a: Ogerpon|spe|1
|faint|p1a: Piss
|
|upkeep
|
|t:|1760458767
|switch|p1a: D!ckParasite|Tatsugiri-Stretchy, F|100/100
|-damage|p1a: D!ckParasite|88/100|[from] Spikes
|-damage|p1a: D!ckParasite|76/100|[from] Stealth Rock
|turn|7
|
|t:|1760458779
|move|p2a: Ogerpon|Horn Leech|p1a: D!ckParasite
|-damage|p1a: D!ckParasite|0 fnt
|-heal|p2a: Ogerpon|52/100|[from] drain|[of] p1a: D!ckParasite
|faint|p1a: D!ckParasite
|
|upkeep
|
|t:|1760458784
|switch|p1a: LetsGoGambling|Slowbro-Galar, F|100/100
|-damage|p1a: LetsGoGambling|88/100|[from] Spikes
|-damage|p1a: LetsGoGambling|76/100|[from] Stealth Rock
|turn|8
|
|t:|1760458795
|move|p2a: Ogerpon|Swords Dance|p2a: Ogerpon
|-boost|p2a: Ogerpon|atk|2
|move|p1a: LetsGoGambling|Shell Side Arm|p2a: Ogerpon|[anim] Shell Side Arm Physical
|-crit|p2a: Ogerpon
|-damage|p2a: Ogerpon|0 fnt
|-hint|Physical Shell Side Arm
|faint|p2a: Ogerpon
|detailschange|p2: Ogerpon|Ogerpon-Wellspring, F|[silent]
|
|upkeep
|
|t:|1760458811
|switch|p2a: Great Tusk|Great Tusk|100/100
|-enditem|p2a: Great Tusk|Booster Energy
|-activate|p2a: Great Tusk|ability: Protosynthesis|[fromitem]
|-start|p2a: Great Tusk|protosynthesisatk
|turn|9
|
|t:|1760458818
|move|p2a: Great Tusk|Headlong Rush|p1a: LetsGoGambling
|-supereffective|p1a: LetsGoGambling
|-damage|p1a: LetsGoGambling|0 fnt
|-unboost|p2a: Great Tusk|def|1
|-unboost|p2a: Great Tusk|spd|1
|faint|p1a: LetsGoGambling
|
|upkeep
|
|t:|1760458822
|switch|p1a: Rat|Cinccino, M|100/100
|-damage|p1a: Rat|88/100|[from] Spikes
|-damage|p1a: Rat|76/100|[from] Stealth Rock
|turn|10
|
|t:|1760458838
|move|p1a: Rat|Tail Slap|p2a: Great Tusk
|-damage|p2a: Great Tusk|82/100
|-damage|p2a: Great Tusk|65/100
|-damage|p2a: Great Tusk|48/100
|-damage|p2a: Great Tusk|30/100
|-damage|p2a: Great Tusk|12/100
|-hitcount|p2a: Great Tusk|5
|move|p2a: Great Tusk|Rapid Spin|p1a: Rat
|-damage|p1a: Rat|37/100
|-boost|p2a: Great Tusk|spe|1
|
|upkeep
|turn|11
|
|t:|1760458856
|move|p2a: Great Tusk|Headlong Rush|p1a: Rat
|-damage|p1a: Rat|0 fnt
|-unboost|p2a: Great Tusk|def|1
|-unboost|p2a: Great Tusk|spd|1
|faint|p1a: Rat
|
|upkeep
|
|t:|1760458858
|switch|p1a: Uma|Glastrier|100/100
|-damage|p1a: Uma|88/100|[from] Spikes
|-damage|p1a: Uma|63/100|[from] Stealth Rock
|turn|12
|
|t:|1760458865
|move|p2a: Great Tusk|Headlong Rush|p1a: Uma
|-damage|p1a: Uma|12/100
|-unboost|p2a: Great Tusk|def|1
|-unboost|p2a: Great Tusk|spd|1
|-enditem|p1a: Uma|Red Card|[of] p2a: Great Tusk
|-end|p2a: Great Tusk|Protosynthesis|[silent]
|drag|p2a: Enamorus|Enamorus, F|100/100
|move|p1a: Uma|Avalanche|p2a: Enamorus
|-supereffective|p2a: Enamorus
|-damage|p2a: Enamorus|0 fnt
|faint|p2a: Enamorus
|-ability|p1a: Uma|Chilling Neigh|boost
|-boost|p1a: Uma|atk|1
|
|upkeep
|-message|ballyhoogreen forfeited.
|
|win|Kennguyen21
|raw|ballyhoogreen's rating: 1105 &rarr; <strong>1083</strong><br />(-22 for losing)
|raw|Kennguyen21's rating: 1147 &rarr; <strong>1169</strong><br />(+22 for winning)
|l|☆ballyhoogreen
|player|p1|
|l|☆Kennguyen21
|player|p2|
