|j|☆Playersmistakes
|j|☆tytjejejeo
|t:|1760438711
|gametype|singles
|player|p1|Playersmistakes|lyra|1498
|player|p2|tytjejejeo|169|1414
|gen|9
|tier|[Gen 9] OU
|rated|
|rule|HP Percentage Mod: HP is shown in percentages
|rule|Endless Battle Clause: Forcing endless battles is banned
|rule|Species Clause: Limit one of each Pokémon
|rule|OHKO Clause: OHKO moves are banned
|rule|Evasion Items Clause: Evasion items are banned
|rule|Evasion Moves Clause: Evasion moves are banned
|rule|Evasion Abilities Clause: Evasion abilities are banned
|rule|Sleep Moves Clause: Sleep-inducing moves are banned
|clearpoke
|poke|p1|Ogerpon-Wellspring, F|
|poke|p1|Hydrapple, M|
|poke|p1|Slowking-Galar, M|
|poke|p1|Kyurem|
|poke|p1|Cinderace, F|
|poke|p1|Iron Valiant|
|poke|p2|Gyarados, F|
|poke|p2|Moltres|
|poke|p2|Corviknight, M|
|poke|p2|Latias, F|
|poke|p2|Gliscor, F|
|poke|p2|Arbok, F|
|teampreview
|
|t:|1760438723
|teamsize|p1|6
|teamsize|p2|6
|start
|switch|p1a: Iron Valiant|Iron Valiant|100/100
|switch|p2a: Arbok|Arbok, F|100/100
|-ability|p2a: Arbok|Intimidate|boost
|-unboost|p1a: Iron Valiant|atk|1
|-enditem|p1a: Iron Valiant|Booster Energy
|-activate|p1a: Iron Valiant|ability: Quark Drive|[fromitem]
|-start|p1a: Iron Valiant|quarkdrivespe
|turn|1
|
|t:|1760438741
|-terastallize|p1a: Iron Valiant|Electric
|move|p1a: Iron Valiant|Calm Mind|p1a: Iron Valiant
|-boost|p1a: Iron Valiant|spa|1
|-boost|p1a: Iron Valiant|spd|1
|move|p2a: Arbok|Toxic|p1a: Iron Valiant
|-status|p1a: Iron Valiant|tox
|
|-damage|p1a: Iron Valiant|94/100 tox|[from] psn
|upkeep
|turn|2
|
|t:|1760438751
|move|p2a: Arbok|Protect|p2a: Arbok
|-singleturn|p2a: Arbok|Protect
|move|p1a: Iron Valiant|Moonblast|p2a: Arbok
|-activate|p2a: Arbok|move: Protect
|
|-damage|p1a: Iron Valiant|82/100 tox|[from] psn
|upkeep
|turn|3
|
|t:|1760438756
|move|p1a: Iron Valiant|Thunderbolt|p2a: Arbok
|-damage|p2a: Arbok|13/100
|move|p2a: Arbok|Substitute|p2a: Arbok
|-fail|p2a: Arbok|move: Substitute|[weak]
|
|-heal|p2a: Arbok|19/100|[from] item: Black Sludge
|-damage|p1a: Iron Valiant|63/100 tox|[from] psn
|upkeep
|turn|4
|
|t:|1760438763
|move|p2a: Arbok|Protect|p2a: Arbok
|-singleturn|p2a: Arbok|Protect
|move|p1a: Iron Valiant|Moonblast|p2a: Arbok
|-activate|p2a: Arbok|move: Protect
|
|-heal|p2a: Arbok|25/100|[from] item: Black Sludge
|-damage|p1a: Iron Valiant|38/100 tox|[from] psn
|upkeep
|turn|5
|
|t:|1760438784
|move|p2a: Arbok|Protect||[still]
|-fail|p2a: Arbok
|move|p1a: Iron Valiant|Moonblast|p2a: Arbok
|-resisted|p2a: Arbok
|-damage|p2a: Arbok|0 fnt
|faint|p2a: Arbok
|
|-damage|p1a: Iron Valiant|7/100 tox|[from] psn
|upkeep
|
|t:|1760438789
|switch|p2a: Gliscor|Gliscor, F|100/100
|turn|6
|
|t:|1760438794
|-end|p1a: Iron Valiant|Quark Drive|[silent]
|switch|p1a: Ogerpon|Ogerpon-Wellspring, F|100/100
|move|p2a: Gliscor|Protect||[still]
|-fail|p2a: Gliscor
|
|-status|p2a: Gliscor|tox|[from] item: Toxic Orb
|upkeep
|turn|7
|
|t:|1760438800
|move|p1a: Ogerpon|Swords Dance|p1a: Ogerpon
|-boost|p1a: Ogerpon|atk|2
|move|p2a: Gliscor|Toxic|p1a: Ogerpon
|-status|p1a: Ogerpon|tox
|
|-damage|p1a: Ogerpon|95/100 tox|[from] psn
|upkeep
|turn|8
|
|t:|1760438807
|move|p1a: Ogerpon|Swords Dance|p1a: Ogerpon
|-boost|p1a: Ogerpon|atk|2
|move|p2a: Gliscor|Earthquake|p1a: Ogerpon
|-resisted|p1a: Ogerpon
|-damage|p1a: Ogerpon|77/100 tox
|
|-damage|p1a: Ogerpon|65/100 tox|[from] psn
|upkeep
|turn|9
|
|t:|1760438816
|move|p2a: Gliscor|Protect|p2a: Gliscor
|-singleturn|p2a: Gliscor|Protect
|move|p1a: Ogerpon|Synthesis|p1a: Ogerpon
|-heal|p1a: Ogerpon|100/100 tox
|
|-damage|p1a: Ogerpon|83/100 tox|[from] psn
|upkeep
|turn|10
|inactive|Battle timer is ON: inactive players will automatically lose when time's up. (requested by Playersmistakes)
|
|t:|1760438860
|switch|p2a: Corviknight|Corviknight, M|100/100
|-ability|p2a: Corviknight|Pressure
|move|p1a: Ogerpon|Ivy Cudgel|p2a: Corviknight|[anim] Ivy Cudgel Water
|-damage|p2a: Corviknight|0 fnt
|faint|p2a: Corviknight
|
|-damage|p1a: Ogerpon|59/100 tox|[from] psn
|upkeep
|
|t:|1760438863
|switch|p2a: Gliscor|Gliscor, F|100/100 tox
|turn|11
|
|t:|1760438866
|move|p2a: Gliscor|Protect|p2a: Gliscor
|-singleturn|p2a: Gliscor|Protect
|move|p1a: Ogerpon|Synthesis|p1a: Ogerpon
|-heal|p1a: Ogerpon|100/100 tox
|
|-damage|p1a: Ogerpon|71/100 tox|[from] psn
|upkeep
|turn|12
|
|t:|1760438883
|switch|p2a: Moltres|Moltres|100/100
|move|p1a: Ogerpon|Ivy Cudgel|p2a: Moltres|[anim] Ivy Cudgel Water
|-supereffective|p2a: Moltres
|-damage|p2a: Moltres|0 fnt
|faint|p2a: Moltres
|
|-damage|p1a: Ogerpon|35/100 tox|[from] psn
|upkeep
|
|t:|1760438885
|switch|p2a: Gliscor|Gliscor, F|100/100 tox
|turn|13
|
|t:|1760438890
|move|p1a: Ogerpon|Synthesis|p1a: Ogerpon
|-heal|p1a: Ogerpon|85/100 tox
|move|p2a: Gliscor|U-turn|p1a: Ogerpon
|-supereffective|p1a: Ogerpon
|-crit|p1a: Ogerpon
|-damage|p1a: Ogerpon|28/100 tox
|
|t:|1760438900
|switch|p2a: Gyarados|Gyarados, F|100/100|[from] U-turn
|
|-damage|p1a: Ogerpon|0 fnt|[from] psn
|faint|p1a: Ogerpon
|upkeep
|
|t:|1760438904
|switch|p1a: Hydrapple|Hydrapple, M|100/100
|turn|14
|
|t:|1760438909
|move|p2a: Gyarados|Dragon Dance|p2a: Gyarados
|-boost|p2a: Gyarados|atk|1
|-boost|p2a: Gyarados|spe|1
|move|p1a: Hydrapple|Nasty Plot|p1a: Hydrapple
|-boost|p1a: Hydrapple|spa|2
|
|upkeep
|turn|15
|
|t:|1760438915
|move|p2a: Gyarados|Ice Fang|p1a: Hydrapple
|-supereffective|p1a: Hydrapple
|-damage|p1a: Hydrapple|28/100
|-status|p1a: Hydrapple|frz
|-damage|p2a: Gyarados|84/100|[from] item: Rocky Helmet|[of] p1a: Hydrapple
|cant|p1a: Hydrapple|frz
|
|upkeep
|turn|16
|
|t:|1760438925
|switch|p1a: Kyurem|Kyurem, shiny|100/100
|-ability|p1a: Kyurem|Pressure
|move|p2a: Gyarados|Dragon Dance|p2a: Gyarados
|-boost|p2a: Gyarados|atk|1
|-boost|p2a: Gyarados|spe|1
|
|upkeep
|turn|17
|
|t:|1760438933
|-terastallize|p2a: Gyarados|Ground
|move|p2a: Gyarados|Earthquake|p1a: Kyurem
|-damage|p1a: Kyurem|10/100
|move|p1a: Kyurem|Freeze-Dry|p2a: Gyarados
|-supereffective|p2a: Gyarados
|-damage|p2a: Gyarados|11/100
|
|-heal|p1a: Kyurem|16/100|[from] item: Leftovers
|upkeep
|turn|18
|
|t:|1760438944
|move|p1a: Kyurem|Protect|p1a: Kyurem
|-singleturn|p1a: Kyurem|Protect
|move|p2a: Gyarados|Earthquake|p1a: Kyurem
|-activate|p1a: Kyurem|move: Protect
|
|-heal|p1a: Kyurem|22/100|[from] item: Leftovers
|upkeep
|turn|19
|
|t:|1760438947
|switch|p1a: Hydrapple|Hydrapple, M|61/100 frz
|move|p2a: Gyarados|Earthquake|p1a: Hydrapple
|-resisted|p1a: Hydrapple
|-damage|p1a: Hydrapple|33/100 frz
|
|upkeep
|turn|20
|
|t:|1760438954
|move|p2a: Gyarados|Earthquake|p1a: Hydrapple
|-resisted|p1a: Hydrapple
|-damage|p1a: Hydrapple|2/100 frz
|cant|p1a: Hydrapple|frz
|
|upkeep
|turn|21
|
|t:|1760438960
|move|p2a: Gyarados|Earthquake|p1a: Hydrapple
|-resisted|p1a: Hydrapple
|-damage|p1a: Hydrapple|0 fnt
|faint|p1a: Hydrapple
|-ability|p2a: Gyarados|Moxie|boost
|-boost|p2a: Gyarados|atk|1
|
|upkeep
|
|t:|1760438965
|switch|p1a: Cinderace|Cinderace, F, shiny|100/100
|turn|22
|
|t:|1760438974
|move|p2a: Gyarados|Earthquake|p1a: Cinderace
|-supereffective|p1a: Cinderace
|-damage|p1a: Cinderace|0 fnt
|faint|p1a: Cinderace
|-ability|p2a: Gyarados|Moxie|boost
|-boost|p2a: Gyarados|atk|1
|
|upkeep
|-message|Playersmistakes forfeited.
|
|win|tytjejejeo
|raw|Playersmistakes's rating: 1498 &rarr; <strong>1473</strong><br />(-25 for losing)
|raw|tytjejejeo's rating: 1414 &rarr; <strong>1439</strong><br />(+25 for winning)
|l|☆Playersmistakes
|player|p1|
