|j|☆Passerby bye
|j|☆Godislaw
|t:|1760461614
|gametype|singles
|player|p1|Passerby bye|scientist-gen4|1327
|player|p2|Godislaw|266|1348
|gen|9
|tier|[Gen 9] OU
|rated|
|rule|HP Percentage Mod: HP is shown in percentages
|rule|Endless Battle Clause: Forcing endless battles is banned
|rule|Species Clause: Limit one of each Pokémon
|rule|OHKO Clause: OHKO moves are banned
|rule|Evasion Items Clause: Evasion items are banned
|rule|Evasion Moves Clause: Evasion moves are banned
|rule|Evasion Abilities Clause: Evasion abilities are banned
|rule|Sleep Moves Clause: Sleep-inducing moves are banned
|clearpoke
|poke|p1|Wigglytuff, M|
|poke|p1|Houndoom, M|
|poke|p1|Gliscor, F|
|poke|p1|Magnezone|
|poke|p1|Slowbro, F|
|poke|p1|Vileplume, F|
|poke|p2|Darkrai|
|poke|p2|Galvantula, F|
|poke|p2|Garchomp, M|
|poke|p2|Dusclops, M|
|poke|p2|Skeledirge, F|
|poke|p2|Ogerpon-Wellspring, F|
|teampreview
|inactive|Battle timer is ON: inactive players will automatically lose when time's up. (requested by Godislaw)
|
|t:|1760461632
|teamsize|p1|6
|teamsize|p2|6
|start
|switch|p1a: Magnezone|Magnezone|100/100
|switch|p2a: Galvantula|Galvantula, F, shiny|100/100
|turn|1
|
|t:|1760461641
|move|p2a: Galvantula|Sticky Web|p1a: Magnezone
|-sidestart|p1: Passerby bye|move: Sticky Web
|move|p1a: Magnezone|Tri Attack|p2a: Galvantula
|-enditem|p2a: Galvantula|Focus Sash
|-damage|p2a: Galvantula|1/100
|
|upkeep
|turn|2
|
|t:|1760461649
|move|p2a: Galvantula|Bug Buzz|p1a: Magnezone
|-resisted|p1a: Magnezone
|-damage|p1a: Magnezone|80/100
|move|p1a: Magnezone|Tri Attack|p2a: Galvantula
|-damage|p2a: Galvantula|0 fnt
|faint|p2a: Galvantula
|
|upkeep
|
|t:|1760461662
|switch|p2a: Skeledirge|Skeledirge, F, shiny|100/100
|turn|3
|
|t:|1760461666
|switch|p1a: Houndoom|Houndoom, M|100/100
|move|p2a: Skeledirge|Torch Song|p1a: Houndoom
|-start|p1a: Houndoom|ability: Flash Fire
|
|upkeep
|turn|4
|
|t:|1760461686
|switch|p2a: Garchomp|Garchomp, M|100/100
|move|p1a: Houndoom|Dark Pulse|p2a: Garchomp
|-damage|p2a: Garchomp|58/100
|
|upkeep
|turn|5
|
|t:|1760461693
|-end|p1a: Houndoom|ability: Flash Fire|[silent]
|switch|p1a: Slowbro|Slowbro, F|100/100
|move|p2a: Garchomp|Swords Dance|p2a: Garchomp
|-boost|p2a: Garchomp|atk|2
|
|upkeep
|turn|6
|
|t:|1760461700
|move|p2a: Garchomp|Earthquake|p1a: Slowbro
|-damage|p1a: Slowbro|36/100
|move|p1a: Slowbro|Scald|p2a: Garchomp
|-damage|p2a: Garchomp|26/100
|
|upkeep
|turn|7
|
|t:|1760461708
|switch|p1a: Gliscor|Gliscor, F|100/100
|move|p2a: Garchomp|Scale Shot|p1a: Gliscor
|-damage|p1a: Gliscor|77/100
|-damage|p1a: Gliscor|55/100
|-hitcount|p1a: Gliscor|2
|-unboost|p2a: Garchomp|def|1
|-boost|p2a: Garchomp|spe|1
|
|-status|p1a: Gliscor|tox|[from] item: Toxic Orb
|upkeep
|turn|8
|
|t:|1760461724
|move|p1a: Gliscor|Protect|p1a: Gliscor
|-singleturn|p1a: Gliscor|Protect
|move|p2a: Garchomp|Scale Shot|p1a: Gliscor
|-activate|p1a: Gliscor|move: Protect
|
|-heal|p1a: Gliscor|68/100 tox|[from] ability: Poison Heal
|upkeep
|turn|9
|inactive|Godislaw has 120 seconds left.
|
|t:|1760461752
|switch|p1a: Wigglytuff|Wigglytuff, M|100/100
|move|p2a: Garchomp|Scale Shot|p1a: Wigglytuff
|-immune|p1a: Wigglytuff
|
|upkeep
|turn|10
|inactive|Godislaw has 120 seconds left.
|
|t:|1760461764
|switch|p1a: Gliscor|Gliscor, F|68/100 tox
|move|p2a: Garchomp|Earthquake|p1a: Gliscor
|-immune|p1a: Gliscor
|
|-heal|p1a: Gliscor|80/100 tox|[from] ability: Poison Heal
|upkeep
|turn|11
|
|t:|1760461772
|move|p1a: Gliscor|Protect|p1a: Gliscor
|-singleturn|p1a: Gliscor|Protect
|move|p2a: Garchomp|Swords Dance|p2a: Garchomp
|-boost|p2a: Garchomp|atk|2
|
|-heal|p1a: Gliscor|93/100 tox|[from] ability: Poison Heal
|upkeep
|turn|12
|
|t:|1760461781
|move|p2a: Garchomp|Scale Shot|p1a: Gliscor
|-damage|p1a: Gliscor|61/100 tox
|-crit|p1a: Gliscor
|-damage|p1a: Gliscor|12/100 tox
|-hitcount|p1a: Gliscor|2
|-unboost|p2a: Garchomp|def|1
|-boost|p2a: Garchomp|spe|1
|move|p1a: Gliscor|Earthquake|p2a: Garchomp
|-damage|p2a: Garchomp|0 fnt
|faint|p2a: Garchomp
|
|-heal|p1a: Gliscor|24/100 tox|[from] ability: Poison Heal
|upkeep
|
|t:|1760461795
|switch|p2a: Darkrai|Darkrai, shiny|100/100
|turn|13
|
|t:|1760461802
|move|p1a: Gliscor|Protect|p1a: Gliscor
|-singleturn|p1a: Gliscor|Protect
|move|p2a: Darkrai|Nasty Plot|p2a: Darkrai
|-boost|p2a: Darkrai|spa|2
|
|-heal|p1a: Gliscor|37/100 tox|[from] ability: Poison Heal
|upkeep
|turn|14
|
|t:|1760461814
|switch|p1a: Wigglytuff|Wigglytuff, M|100/100
|move|p2a: Darkrai|Ice Beam|p1a: Wigglytuff
|-damage|p1a: Wigglytuff|53/100
|
|upkeep
|turn|15
|
|t:|1760461821
|move|p2a: Darkrai|Sludge Bomb|p1a: Wigglytuff
|-supereffective|p1a: Wigglytuff
|-damage|p1a: Wigglytuff|0 fnt
|faint|p1a: Wigglytuff
|
|upkeep
|
|t:|1760461831
|switch|p1a: Houndoom|Houndoom, M|100/100
|turn|16
|
|t:|1760461837
|move|p2a: Darkrai|Sludge Bomb|p1a: Houndoom
|-damage|p1a: Houndoom|14/100
|move|p1a: Houndoom|Fire Blast|p2a: Darkrai
|-damage|p2a: Darkrai|35/100
|-status|p2a: Darkrai|brn
|
|-damage|p2a: Darkrai|29/100 brn|[from] brn
|upkeep
|turn|17
|
|t:|1760461847
|move|p2a: Darkrai|Dark Pulse|p1a: Houndoom
|-resisted|p1a: Houndoom
|-damage|p1a: Houndoom|0 fnt
|faint|p1a: Houndoom
|
|-damage|p2a: Darkrai|22/100 brn|[from] brn
|upkeep
|
|t:|1760461854
|switch|p1a: Gliscor|Gliscor, F|37/100 tox
|turn|18
|
|t:|1760461858
|move|p1a: Gliscor|Protect|p1a: Gliscor
|-singleturn|p1a: Gliscor|Protect
|move|p2a: Darkrai|Dark Pulse|p1a: Gliscor
|-activate|p1a: Gliscor|move: Protect
|
|-heal|p1a: Gliscor|49/100 tox|[from] ability: Poison Heal
|-damage|p2a: Darkrai|16/100 brn|[from] brn
|upkeep
|turn|19
|c|☆Godislaw|Punk
|
|t:|1760461867
|move|p2a: Darkrai|Ice Beam|p1a: Gliscor
|-supereffective|p1a: Gliscor
|-damage|p1a: Gliscor|0 fnt
|faint|p1a: Gliscor
|
|-damage|p2a: Darkrai|10/100 brn|[from] brn
|upkeep
|
|t:|1760461880
|switch|p1a: Slowbro|Slowbro, F|70/100
|turn|20
|
|t:|1760461885
|-terastallize|p1a: Slowbro|Fairy
|move|p2a: Darkrai|Dark Pulse|p1a: Slowbro
|-resisted|p1a: Slowbro
|-damage|p1a: Slowbro|24/100
|move|p1a: Slowbro|Scald|p2a: Darkrai
|-damage|p2a: Darkrai|0 fnt
|faint|p2a: Darkrai
|
|upkeep
|
|t:|1760461899
|switch|p2a: Ogerpon|Ogerpon-Wellspring, F|100/100
|turn|21
|
|t:|1760461905
|move|p2a: Ogerpon|Swords Dance|p2a: Ogerpon
|-boost|p2a: Ogerpon|atk|2
|move|p1a: Slowbro|Slack Off|p1a: Slowbro
|-heal|p1a: Slowbro|74/100
|
|upkeep
|turn|22
|
|t:|1760461914
|-terastallize|p2a: Ogerpon|Water
|detailschange|p2a: Ogerpon|Ogerpon-Wellspring-Tera, F, tera:Water
|-ability|p2a: Ogerpon|Embody Aspect (Wellspring)|boost
|-boost|p2a: Ogerpon|spd|1
|move|p2a: Ogerpon|Ivy Cudgel|p1a: Slowbro|[anim] Ivy Cudgel Water
|-damage|p1a: Slowbro|0 fnt
|faint|p1a: Slowbro
|
|upkeep
|
|t:|1760461922
|switch|p1a: Vileplume|Vileplume, F|100/100
|-activate|p1a: Vileplume|move: Sticky Web
|-unboost|p1a: Vileplume|spe|1
|turn|23
|
|t:|1760461929
|switch|p2a: Skeledirge|Skeledirge, F, shiny|100/100
|move|p1a: Vileplume|Strength Sap|p2a: Skeledirge
|-unboost|p2a: Skeledirge|atk|1
|
|upkeep
|turn|24
|
|t:|1760461935
|move|p2a: Skeledirge|Torch Song|p1a: Vileplume
|-supereffective|p1a: Vileplume
|-damage|p1a: Vileplume|33/100
|-boost|p2a: Skeledirge|spa|1
|move|p1a: Vileplume|Leech Seed|p2a: Skeledirge|[miss]
|-miss|p1a: Vileplume|p2a: Skeledirge
|
|upkeep
|turn|25
|
|t:|1760461944
|move|p2a: Skeledirge|Torch Song|p1a: Vileplume
|-supereffective|p1a: Vileplume
|-damage|p1a: Vileplume|0 fnt
|-boost|p2a: Skeledirge|spa|1
|faint|p1a: Vileplume
|
|upkeep
|
|t:|1760461946
|switch|p1a: Magnezone|Magnezone|80/100
|-activate|p1a: Magnezone|move: Sticky Web
|-unboost|p1a: Magnezone|spe|1
|turn|26
|
|t:|1760461967
|move|p2a: Skeledirge|Torch Song|p1a: Magnezone
|-supereffective|p1a: Magnezone
|-damage|p1a: Magnezone|0 fnt
|-boost|p2a: Skeledirge|spa|1
|faint|p1a: Magnezone
|
|win|Godislaw
|raw|Passerby bye's rating: 1327 &rarr; <strong>1308</strong><br />(-19 for losing)
|raw|Godislaw's rating: 1348 &rarr; <strong>1367</strong><br />(+19 for winning)
|l|☆Passerby bye
|player|p1|
|l|☆Godislaw
|player|p2|
