|j|☆A9MG
|j|☆Redead3
|t:|1760416951
|gametype|singles
|player|p1|A9MG|nurseryaide|1302
|player|p2|Redead3|blue|1269
|gen|9
|tier|[Gen 9] OU
|rated|
|rule|HP Percentage Mod: HP is shown in percentages
|rule|Endless Battle Clause: Forcing endless battles is banned
|rule|Species Clause: Limit one of each Pokémon
|rule|OHKO Clause: OHKO moves are banned
|rule|Evasion Items Clause: Evasion items are banned
|rule|Evasion Moves Clause: Evasion moves are banned
|rule|Evasion Abilities Clause: Evasion abilities are banned
|rule|Sleep Moves Clause: Sleep-inducing moves are banned
|clearpoke
|poke|p1|Azumarill, M|
|poke|p1|Great Tusk|
|poke|p1|Iron Moth|
|poke|p1|Iron Valiant|
|poke|p1|Landorus-Therian, M|
|poke|p1|Zarude|
|poke|p2|Raging Bolt|
|poke|p2|Blaziken, F|
|poke|p2|Darkrai|
|poke|p2|Corviknight, F|
|poke|p2|Clodsire, F|
|poke|p2|Dragapult, F|
|teampreview
|inactive|Battle timer is ON: inactive players will automatically lose when time's up. (requested by A9MG)
|
|t:|1760416959
|teamsize|p1|6
|teamsize|p2|6
|start
|switch|p1a: Zarude|Zarude|100/100
|switch|p2a: Dragapult|Dragapult, F|100/100
|turn|1
|
|t:|1760416965
|switch|p1a: Landorus|Landorus-Therian, M|100/100
|-ability|p1a: Landorus|Intimidate|boost
|-fail|p2a: Dragapult|unboost|[from] ability: Clear Body|[of] p2a: Dragapult
|move|p2a: Dragapult|Fire Blast|p1a: Landorus
|-damage|p1a: Landorus|47/100
|-status|p1a: Landorus|brn
|
|-damage|p1a: Landorus|41/100 brn|[from] brn
|upkeep
|turn|2
|
|t:|1760416974
|move|p2a: Dragapult|Fire Blast|p1a: Landorus
|-damage|p1a: Landorus|0 fnt
|faint|p1a: Landorus
|
|upkeep
|
|t:|1760416980
|switch|p1a: Iron Valiant|Iron Valiant|100/100
|turn|3
|
|t:|1760416984
|switch|p2a: Clodsire|Clodsire, F, shiny|100/100
|move|p1a: Iron Valiant|Psyshock|p2a: Clodsire
|-supereffective|p2a: Clodsire
|-damage|p2a: Clodsire|5/100
|
|-heal|p2a: Clodsire|11/100|[from] item: Leftovers
|upkeep
|turn|4
|
|t:|1760417003
|-end|p1a: Iron Valiant|Quark Drive|[silent]
|switch|p1a: Zarude|Zarude|100/100
|move|p2a: Clodsire|Earthquake|p1a: Zarude
|-resisted|p1a: Zarude
|-damage|p1a: Zarude|90/100
|
|-heal|p2a: Clodsire|17/100|[from] item: Leftovers
|upkeep
|turn|5
|
|t:|1760417011
|move|p1a: Zarude|Knock Off|p2a: Clodsire
|-damage|p2a: Clodsire|0 fnt
|-enditem|p2a: Clodsire|Leftovers|[from] move: Knock Off|[of] p1a: Zarude
|faint|p2a: Clodsire
|
|upkeep
|
|t:|1760417019
|switch|p2a: Darkrai|Darkrai|100/100
|turn|6
|
|t:|1760417024
|move|p2a: Darkrai|Sludge Bomb|p1a: Zarude
|-supereffective|p1a: Zarude
|-damage|p1a: Zarude|36/100
|-status|p1a: Zarude|psn
|move|p1a: Zarude|Close Combat|p2a: Darkrai
|-supereffective|p2a: Darkrai
|-damage|p2a: Darkrai|0 fnt
|-unboost|p1a: Zarude|def|1
|-unboost|p1a: Zarude|spd|1
|faint|p2a: Darkrai
|
|-damage|p1a: Zarude|24/100 psn|[from] psn
|upkeep
|
|t:|1760417036
|switch|p2a: Blaziken|Blaziken, F|100/100
|turn|7
|
|t:|1760417052
|switch|p1a: Azumarill|Azumarill, M|100/100
|move|p2a: Blaziken|Protect||[still]
|-fail|p2a: Blaziken
|
|-ability|p2a: Blaziken|Speed Boost|boost
|-boost|p2a: Blaziken|spe|1
|upkeep
|turn|8
|
|t:|1760417066
|switch|p2a: Corviknight|Corviknight, F, shiny|100/100
|-ability|p2a: Corviknight|Pressure
|move|p1a: Azumarill|Knock Off|p2a: Corviknight
|-damage|p2a: Corviknight|65/100
|-damage|p1a: Azumarill|84/100|[from] item: Rocky Helmet|[of] p2a: Corviknight
|-enditem|p2a: Corviknight|Rocky Helmet|[from] move: Knock Off|[of] p1a: Azumarill
|
|upkeep
|turn|9
|
|t:|1760417078
|switch|p1a: Great Tusk|Great Tusk|100/100
|-enditem|p1a: Great Tusk|Booster Energy
|-activate|p1a: Great Tusk|ability: Protosynthesis|[fromitem]
|-start|p1a: Great Tusk|protosynthesisspe
|move|p2a: Corviknight|Roost|p2a: Corviknight
|-heal|p2a: Corviknight|100/100
|-singleturn|p2a: Corviknight|move: Roost
|
|upkeep
|turn|10
|
|t:|1760417091
|move|p1a: Great Tusk|Knock Off|p2a: Corviknight
|-damage|p2a: Corviknight|89/100
|move|p2a: Corviknight|U-turn|p1a: Great Tusk
|-resisted|p1a: Great Tusk
|-damage|p1a: Great Tusk|96/100
|
|t:|1760417097
|switch|p2a: Dragapult|Dragapult, F|100/100|[from] U-turn
|
|upkeep
|turn|11
|
|t:|1760417107
|-terastallize|p2a: Dragapult|Fairy
|move|p1a: Great Tusk|Knock Off|p2a: Dragapult
|-resisted|p2a: Dragapult
|-damage|p2a: Dragapult|80/100
|-enditem|p2a: Dragapult|Choice Specs|[from] move: Knock Off|[of] p1a: Great Tusk
|move|p2a: Dragapult|Draco Meteor|p1a: Great Tusk
|-damage|p1a: Great Tusk|25/100
|-unboost|p2a: Dragapult|spa|2
|
|upkeep
|turn|12
|
|t:|1760417119
|move|p1a: Great Tusk|Headlong Rush|p2a: Dragapult
|-damage|p2a: Dragapult|13/100
|-unboost|p1a: Great Tusk|def|1
|-unboost|p1a: Great Tusk|spd|1
|move|p2a: Dragapult|Shadow Ball|p1a: Great Tusk
|-damage|p1a: Great Tusk|0 fnt
|faint|p1a: Great Tusk
|-end|p1a: Great Tusk|Protosynthesis|[silent]
|
|upkeep
|-message|Redead3 forfeited.
|
|win|A9MG
|raw|A9MG's rating: 1302 &rarr; <strong>1320</strong><br />(+18 for winning)
|raw|Redead3's rating: 1269 &rarr; <strong>1246</strong><br />(-23 for losing)
|l|☆Redead3
|player|p2|
|l|☆A9MG
|player|p1|
