|j|☆mister_ttar
|j|☆ZyroXDragon
|t:|1760304783
|gametype|singles
|player|p1|mister_ttar|169|1518
|player|p2|ZyroXDragon|blue|1525
|gen|9
|tier|[Gen 9] OU
|rated|
|rule|HP Percentage Mod: HP is shown in percentages
|rule|Endless Battle Clause: Forcing endless battles is banned
|rule|Species Clause: Limit one of each Pokémon
|rule|OHKO Clause: OHKO moves are banned
|rule|Evasion Items Clause: Evasion items are banned
|rule|Evasion Moves Clause: Evasion moves are banned
|rule|Evasion Abilities Clause: Evasion abilities are banned
|rule|Sleep Moves Clause: Sleep-inducing moves are banned
|clearpoke
|poke|p1|Flamigo, M|
|poke|p1|Ting-Lu|
|poke|p1|Gholdengo|
|poke|p1|Dragapult, M|
|poke|p1|Kyurem|
|poke|p1|Great Tusk|
|poke|p2|Dondozo, M|
|poke|p2|Gliscor, M|
|poke|p2|Toxapex, M|
|poke|p2|Clefable, M|
|poke|p2|Blissey, F|
|poke|p2|Slowking-Galar, F|
|teampreview
|
|t:|1760304789
|teamsize|p1|6
|teamsize|p2|6
|start
|switch|p1a: Ting-Lu|Ting-Lu|100/100
|switch|p2a: Slowking|Slowking-Galar, F|100/100
|-ability|p1a: Ting-Lu|Vessel of Ruin
|turn|1
|inactive|Battle timer is ON: inactive players will automatically lose when time's up. (requested by ZyroXDragon)
|
|t:|1760304796
|move|p1a: Ting-Lu|Spikes|p2a: Slowking
|-sidestart|p2: ZyroXDragon|Spikes
|move|p2a: Slowking|Toxic|p1a: Ting-Lu
|-status|p1a: Ting-Lu|tox
|
|-damage|p1a: Ting-Lu|94/100 tox|[from] psn
|upkeep
|turn|2
|
|t:|1760304811
|switch|p2a: Gliscor|Gliscor, M|100/100
|move|p1a: Ting-Lu|Earthquake|p2a: Gliscor
|-immune|p2a: Gliscor
|
|-heal|p1a: Ting-Lu|100/100 tox|[from] item: Leftovers
|-damage|p1a: Ting-Lu|88/100 tox|[from] psn
|-status|p2a: Gliscor|tox|[from] item: Toxic Orb
|upkeep
|turn|3
|
|t:|1760304819
|switch|p1a: Great Tusk|Great Tusk|100/100
|move|p2a: Gliscor|Knock Off|p1a: Great Tusk
|-resisted|p1a: Great Tusk
|-damage|p1a: Great Tusk|92/100
|-damage|p2a: Gliscor|84/100 tox|[from] item: Rocky Helmet|[of] p1a: Great Tusk
|-enditem|p1a: Great Tusk|Rocky Helmet|[from] move: Knock Off|[of] p2a: Gliscor
|
|-heal|p2a: Gliscor|96/100 tox|[from] ability: Poison Heal
|upkeep
|turn|4
|j| Tutedroga
|
|t:|1760304826
|move|p2a: Gliscor|Protect|p2a: Gliscor
|-singleturn|p2a: Gliscor|Protect
|move|p1a: Great Tusk|Ice Spinner|p2a: Gliscor
|-activate|p2a: Gliscor|move: Protect
|
|-heal|p2a: Gliscor|100/100 tox|[from] ability: Poison Heal
|upkeep
|turn|5
|
|t:|1760304833
|switch|p2a: Dondozo|Dondozo, M|100/100
|move|p1a: Great Tusk|Knock Off|p2a: Dondozo
|-damage|p2a: Dondozo|87/100
|-enditem|p2a: Dondozo|Heavy-Duty Boots|[from] move: Knock Off|[of] p1a: Great Tusk
|
|upkeep
|turn|6
|
|t:|1760304845
|-end|p1a: Great Tusk|Protosynthesis|[silent]
|switch|p1a: Dragapult|Dragapult, M|100/100
|move|p2a: Dondozo|Waterfall|p1a: Dragapult
|-resisted|p1a: Dragapult
|-damage|p1a: Dragapult|81/100
|
|upkeep
|turn|7
|
|t:|1760304856
|switch|p2a: Clefable|Clefable, M|100/100
|move|p1a: Dragapult|Will-O-Wisp|p2a: Clefable
|-status|p2a: Clefable|brn
|
|upkeep
|turn|8
|
|t:|1760304861
|move|p1a: Dragapult|U-turn|p2a: Clefable
|-resisted|p2a: Clefable
|-damage|p2a: Clefable|90/100 brn
|l| Tutedroga
|
|t:|1760304866
|switch|p1a: Gholdengo|Gholdengo|100/100|[from] U-turn
|-item|p1a: Gholdengo|Air Balloon
|move|p2a: Clefable|Thunder Wave|p1a: Gholdengo
|-immune|p1a: Gholdengo|[from] ability: Good as Gold
|
|-heal|p2a: Clefable|96/100 brn|[from] item: Leftovers
|upkeep
|turn|9
|
|t:|1760304877
|switch|p1a: Flamigo|Flamigo, M|100/100
|switch|p2a: Blissey|Blissey, F|100/100
|
|upkeep
|turn|10
|
|t:|1760304884
|switch|p2a: Gliscor|Gliscor, M|100/100 tox
|move|p1a: Flamigo|U-turn|p2a: Gliscor
|-resisted|p2a: Gliscor
|-damage|p2a: Gliscor|90/100 tox
|
|t:|1760304889
|switch|p1a: Kyurem|Kyurem|100/100|[from] U-turn
|-ability|p1a: Kyurem|Pressure
|
|-heal|p2a: Gliscor|100/100 tox|[from] ability: Poison Heal
|upkeep
|turn|11
|
|t:|1760304899
|switch|p2a: Clefable|Clefable, M|96/100 brn
|move|p1a: Kyurem|Dragon Dance|p1a: Kyurem
|-boost|p1a: Kyurem|atk|1
|-boost|p1a: Kyurem|spe|1
|
|-heal|p2a: Clefable|100/100 brn|[from] item: Leftovers
|upkeep
|turn|12
|
|t:|1760304904
|switch|p1a: Gholdengo|Gholdengo|100/100
|-item|p1a: Gholdengo|Air Balloon
|move|p2a: Clefable|Thunder Wave|p1a: Gholdengo
|-immune|p1a: Gholdengo|[from] ability: Good as Gold
|
|upkeep
|turn|13
|
|t:|1760304912
|move|p1a: Gholdengo|Nasty Plot|p1a: Gholdengo
|-boost|p1a: Gholdengo|spa|2
|move|p2a: Clefable|Knock Off|p1a: Gholdengo
|-supereffective|p1a: Gholdengo
|-damage|p1a: Gholdengo|82/100
|-enditem|p1a: Gholdengo|Air Balloon
|
|upkeep
|turn|14
|
|t:|1760304918
|switch|p2a: Blissey|Blissey, F|100/100
|move|p1a: Gholdengo|Make It Rain|p2a: Blissey
|-damage|p2a: Blissey|55/100
|-unboost|p1a: Gholdengo|spa|1
|
|upkeep
|turn|15
|
|t:|1760304924
|move|p1a: Gholdengo|Nasty Plot|p1a: Gholdengo
|-boost|p1a: Gholdengo|spa|2
|move|p2a: Blissey|Soft-Boiled|p2a: Blissey
|-heal|p2a: Blissey|100/100
|
|upkeep
|turn|16
|
|t:|1760304929
|move|p1a: Gholdengo|Make It Rain|p2a: Blissey
|-damage|p2a: Blissey|37/100
|-unboost|p1a: Gholdengo|spa|1
|move|p2a: Blissey|Calm Mind|p2a: Blissey
|-boost|p2a: Blissey|spa|1
|-boost|p2a: Blissey|spd|1
|
|upkeep
|turn|17
|
|t:|1760304944
|switch|p1a: Great Tusk|Great Tusk|92/100
|move|p2a: Blissey|Soft-Boiled|p2a: Blissey
|-heal|p2a: Blissey|87/100
|
|upkeep
|turn|18
|
|t:|1760304953
|switch|p2a: Dondozo|Dondozo, M|87/100
|-damage|p2a: Dondozo|74/100|[from] Spikes
|move|p1a: Great Tusk|Knock Off|p2a: Dondozo
|-damage|p2a: Dondozo|66/100
|
|upkeep
|turn|19
|
|t:|1760304958
|-end|p1a: Great Tusk|Protosynthesis|[silent]
|switch|p1a: Ting-Lu|Ting-Lu|88/100 tox
|-ability|p1a: Ting-Lu|Vessel of Ruin
|move|p2a: Dondozo|Waterfall|p1a: Ting-Lu
|-supereffective|p1a: Ting-Lu
|-damage|p1a: Ting-Lu|55/100 tox
|
|-heal|p1a: Ting-Lu|61/100 tox|[from] item: Leftovers
|-damage|p1a: Ting-Lu|55/100 tox|[from] psn
|upkeep
|turn|20
|
|t:|1760304964
|switch|p2a: Toxapex|Toxapex, M|100/100
|-damage|p2a: Toxapex|88/100|[from] Spikes
|move|p1a: Ting-Lu|Spikes|p2a: Toxapex
|-sidestart|p2: ZyroXDragon|Spikes
|
|-heal|p1a: Ting-Lu|61/100 tox|[from] item: Leftovers
|-heal|p2a: Toxapex|94/100|[from] item: Black Sludge
|-damage|p1a: Ting-Lu|49/100 tox|[from] psn
|upkeep
|turn|21
|
|t:|1760304976
|move|p1a: Ting-Lu|Earthquake|p2a: Toxapex
|-supereffective|p2a: Toxapex
|-damage|p2a: Toxapex|52/100
|move|p2a: Toxapex|Infestation|p1a: Ting-Lu
|-supereffective|p1a: Ting-Lu
|-damage|p1a: Ting-Lu|46/100 tox
|-activate|p1a: Ting-Lu|move: Infestation|[of] p2a: Toxapex
|
|-heal|p1a: Ting-Lu|52/100 tox|[from] item: Leftovers
|-heal|p2a: Toxapex|58/100|[from] item: Black Sludge
|-damage|p1a: Ting-Lu|33/100 tox|[from] psn
|-damage|p1a: Ting-Lu|21/100 tox|[from] move: Infestation|[partiallytrapped]
|upkeep
|turn|22
|
|t:|1760304982
|move|p1a: Ting-Lu|Spikes|p2a: Toxapex
|-sidestart|p2: ZyroXDragon|Spikes
|move|p2a: Toxapex|Recover|p2a: Toxapex
|-heal|p2a: Toxapex|100/100
|
|-heal|p1a: Ting-Lu|27/100 tox|[from] item: Leftovers
|-damage|p1a: Ting-Lu|2/100 tox|[from] psn
|-damage|p1a: Ting-Lu|0 fnt|[from] move: Infestation|[partiallytrapped]
|faint|p1a: Ting-Lu
|upkeep
|
|t:|1760304988
|switch|p1a: Gholdengo|Gholdengo|82/100
|turn|23
|
|t:|1760304992
|switch|p2a: Blissey|Blissey, F|87/100
|move|p1a: Gholdengo|Nasty Plot|p1a: Gholdengo
|-boost|p1a: Gholdengo|spa|2
|
|upkeep
|turn|24
|
|t:|1760304995
|move|p1a: Gholdengo|Make It Rain|p2a: Blissey
|-damage|p2a: Blissey|41/100
|-unboost|p1a: Gholdengo|spa|1
|move|p2a: Blissey|Calm Mind|p2a: Blissey
|-boost|p2a: Blissey|spa|1
|-boost|p2a: Blissey|spd|1
|
|upkeep
|turn|25
|
|t:|1760305001
|switch|p1a: Flamigo|Flamigo, M|100/100
|move|p2a: Blissey|Soft-Boiled|p2a: Blissey
|-heal|p2a: Blissey|91/100
|
|upkeep
|turn|26
|
|t:|1760305013
|move|p1a: Flamigo|U-turn|p2a: Blissey
|-damage|p2a: Blissey|70/100
|
|t:|1760305016
|switch|p1a: Great Tusk|Great Tusk|92/100|[from] U-turn
|move|p2a: Blissey|Seismic Toss|p1a: Great Tusk
|-damage|p1a: Great Tusk|69/100
|
|upkeep
|turn|27
|
|t:|1760305040
|switch|p2a: Dondozo|Dondozo, M|66/100
|-damage|p2a: Dondozo|41/100|[from] Spikes
|move|p1a: Great Tusk|Ice Spinner|p2a: Dondozo
|-resisted|p2a: Dondozo
|-damage|p2a: Dondozo|36/100
|
|upkeep
|turn|28
|
|t:|1760305045
|move|p1a: Great Tusk|Headlong Rush|p2a: Dondozo
|-damage|p2a: Dondozo|11/100
|-unboost|p1a: Great Tusk|def|1
|-unboost|p1a: Great Tusk|spd|1
|move|p2a: Dondozo|Rest|p2a: Dondozo
|-status|p2a: Dondozo|slp|[from] move: Rest
|-heal|p2a: Dondozo|100/100 slp|[silent]
|
|upkeep
|turn|29
|
|t:|1760305053
|-end|p1a: Great Tusk|Protosynthesis|[silent]
|switch|p1a: Gholdengo|Gholdengo|82/100
|cant|p2a: Dondozo|slp
|move|p2a: Dondozo|Sleep Talk|p2a: Dondozo
|move|p2a: Dondozo|Curse|p2a: Dondozo|[from] move: Sleep Talk
|-unboost|p2a: Dondozo|spe|1
|-boost|p2a: Dondozo|atk|1
|-boost|p2a: Dondozo|def|1
|
|upkeep
|turn|30
|
|t:|1760305061
|switch|p2a: Blissey|Blissey, F|70/100
|move|p1a: Gholdengo|Shadow Ball|p2a: Blissey
|-immune|p2a: Blissey
|
|upkeep
|turn|31
|
|t:|1760305065
|switch|p1a: Great Tusk|Great Tusk|69/100
|move|p2a: Blissey|Flamethrower|p1a: Great Tusk
|-damage|p1a: Great Tusk|46/100
|
|upkeep
|turn|32
|
|t:|1760305075
|switch|p2a: Dondozo|Dondozo, M|100/100 slp
|-damage|p2a: Dondozo|75/100 slp|[from] Spikes
|move|p1a: Great Tusk|Headlong Rush|p2a: Dondozo
|-damage|p2a: Dondozo|51/100 slp
|-unboost|p1a: Great Tusk|def|1
|-unboost|p1a: Great Tusk|spd|1
|
|upkeep
|turn|33
|
|t:|1760305079
|-end|p1a: Great Tusk|Protosynthesis|[silent]
|switch|p1a: Dragapult|Dragapult, M|81/100
|cant|p2a: Dondozo|slp
|move|p2a: Dondozo|Sleep Talk|p2a: Dondozo
|move|p2a: Dondozo|Curse|p2a: Dondozo|[from] move: Sleep Talk
|-unboost|p2a: Dondozo|spe|1
|-boost|p2a: Dondozo|atk|1
|-boost|p2a: Dondozo|def|1
|
|upkeep
|turn|34
|
|t:|1760305090
|switch|p2a: Clefable|Clefable, M|100/100 brn
|move|p1a: Dragapult|Hex|p2a: Clefable
|-damage|p2a: Clefable|66/100 brn
|
|-heal|p2a: Clefable|72/100 brn|[from] item: Leftovers
|upkeep
|turn|35
|
|t:|1760305096
|move|p1a: Dragapult|U-turn|p2a: Clefable
|-resisted|p2a: Clefable
|-damage|p2a: Clefable|61/100 brn
|
|t:|1760305102
|switch|p1a: Gholdengo|Gholdengo|82/100|[from] U-turn
|move|p2a: Clefable|Knock Off|p1a: Gholdengo
|-supereffective|p1a: Gholdengo
|-damage|p1a: Gholdengo|69/100
|
|-heal|p2a: Clefable|68/100 brn|[from] item: Leftovers
|upkeep
|turn|36
|
|t:|1760305110
|switch|p2a: Gliscor|Gliscor, M|100/100 tox
|move|p1a: Gholdengo|Make It Rain|p2a: Gliscor
|-damage|p2a: Gliscor|11/100 tox
|-unboost|p1a: Gholdengo|spa|1
|
|-heal|p2a: Gliscor|23/100 tox|[from] ability: Poison Heal
|upkeep
|turn|37
|
|t:|1760305120
|move|p2a: Gliscor|Earthquake|p1a: Gholdengo
|-supereffective|p1a: Gholdengo
|-damage|p1a: Gholdengo|0 fnt
|faint|p1a: Gholdengo
|
|-heal|p2a: Gliscor|36/100 tox|[from] ability: Poison Heal
|upkeep
|
|t:|1760305132
|switch|p1a: Kyurem|Kyurem|100/100
|-ability|p1a: Kyurem|Pressure
|turn|38
|
|t:|1760305138
|move|p2a: Gliscor|Protect|p2a: Gliscor
|-singleturn|p2a: Gliscor|Protect
|move|p1a: Kyurem|Icicle Spear|p2a: Gliscor
|-activate|p2a: Gliscor|move: Protect
|
|-heal|p2a: Gliscor|48/100 tox|[from] ability: Poison Heal
|upkeep
|turn|39
|
|t:|1760305146
|switch|p2a: Toxapex|Toxapex, M|100/100
|-damage|p2a: Toxapex|75/100|[from] Spikes
|move|p1a: Kyurem|Icicle Spear|p2a: Toxapex
|-resisted|p2a: Toxapex
|-damage|p2a: Toxapex|72/100
|-resisted|p2a: Toxapex
|-damage|p2a: Toxapex|67/100
|-resisted|p2a: Toxapex
|-damage|p2a: Toxapex|63/100
|-resisted|p2a: Toxapex
|-damage|p2a: Toxapex|59/100
|-resisted|p2a: Toxapex
|-damage|p2a: Toxapex|55/100
|-hitcount|p2a: Toxapex|5
|
|-heal|p2a: Toxapex|62/100|[from] item: Black Sludge
|upkeep
|turn|40
|
|t:|1760305155
|switch|p1a: Great Tusk|Great Tusk|46/100
|move|p2a: Toxapex|Recover|p2a: Toxapex
|-heal|p2a: Toxapex|100/100
|
|upkeep
|turn|41
|
|t:|1760305159
|move|p2a: Toxapex|Baneful Bunker|p2a: Toxapex
|-singleturn|p2a: Toxapex|move: Protect
|move|p1a: Great Tusk|Headlong Rush|p2a: Toxapex
|-activate|p2a: Toxapex|move: Protect
|-status|p1a: Great Tusk|psn
|
|-damage|p1a: Great Tusk|34/100 psn|[from] psn
|upkeep
|turn|42
|
|t:|1760305168
|switch|p2a: Dondozo|Dondozo, M|51/100 slp
|-damage|p2a: Dondozo|26/100 slp|[from] Spikes
|move|p1a: Great Tusk|Ice Spinner|p2a: Dondozo
|-resisted|p2a: Dondozo
|-damage|p2a: Dondozo|21/100 slp
|
|-damage|p1a: Great Tusk|21/100 psn|[from] psn
|upkeep
|turn|43
|
|t:|1760305172
|move|p1a: Great Tusk|Headlong Rush|p2a: Dondozo
|-damage|p2a: Dondozo|0 fnt
|-unboost|p1a: Great Tusk|def|1
|-unboost|p1a: Great Tusk|spd|1
|faint|p2a: Dondozo
|
|-damage|p1a: Great Tusk|9/100 psn|[from] psn
|upkeep
|
|t:|1760305178
|switch|p2a: Gliscor|Gliscor, M|48/100 tox
|turn|44
|
|t:|1760305183
|-end|p1a: Great Tusk|Protosynthesis|[silent]
|switch|p1a: Kyurem|Kyurem|100/100
|-ability|p1a: Kyurem|Pressure
|move|p2a: Gliscor|Protect||[still]
|-fail|p2a: Gliscor
|
|-heal|p2a: Gliscor|60/100 tox|[from] ability: Poison Heal
|upkeep
|turn|45
|
|t:|1760305191
|switch|p2a: Clefable|Clefable, M|68/100 brn
|move|p1a: Kyurem|Scale Shot|p2a: Clefable
|-immune|p2a: Clefable
|
|-heal|p2a: Clefable|74/100 brn|[from] item: Leftovers
|upkeep
|turn|46
|
|t:|1760305200
|switch|p1a: Great Tusk|Great Tusk|9/100 psn
|move|p2a: Clefable|Moonlight|p2a: Clefable
|-heal|p2a: Clefable|100/100 brn
|
|-damage|p1a: Great Tusk|0 fnt|[from] psn
|faint|p1a: Great Tusk
|-end|p1a: Great Tusk|Protosynthesis|[silent]
|upkeep
|
|t:|1760305203
|switch|p1a: Flamigo|Flamigo, M|100/100
|turn|47
|
|t:|1760305208
|move|p1a: Flamigo|Brave Bird|p2a: Clefable
|-damage|p2a: Clefable|36/100 brn
|-damage|p1a: Flamigo|73/100|[from] Recoil
|move|p2a: Clefable|Thunder Wave|p1a: Flamigo
|-status|p1a: Flamigo|par
|
|-heal|p2a: Clefable|42/100 brn|[from] item: Leftovers
|upkeep
|turn|48
|
|t:|1760305212
|move|p1a: Flamigo|Brave Bird|p2a: Clefable
|-damage|p2a: Clefable|0 fnt
|faint|p2a: Clefable
|-damage|p1a: Flamigo|56/100 par|[from] Recoil
|
|upkeep
|
|t:|1760305221
|switch|p2a: Toxapex|Toxapex, M|100/100
|-damage|p2a: Toxapex|75/100|[from] Spikes
|turn|49
|
|t:|1760305226
|move|p1a: Flamigo|Brave Bird|p2a: Toxapex
|-damage|p2a: Toxapex|42/100
|-damage|p1a: Flamigo|44/100 par|[from] Recoil
|move|p2a: Toxapex|Infestation|p1a: Flamigo
|-resisted|p1a: Flamigo
|-damage|p1a: Flamigo|43/100 par
|-activate|p1a: Flamigo|move: Infestation|[of] p2a: Toxapex
|
|-heal|p2a: Toxapex|48/100|[from] item: Black Sludge
|-damage|p1a: Flamigo|31/100 par|[from] move: Infestation|[partiallytrapped]
|upkeep
|turn|50
|
|t:|1760305241
|cant|p1a: Flamigo|par
|move|p2a: Toxapex|Recover|p2a: Toxapex
|-heal|p2a: Toxapex|98/100
|
|-heal|p2a: Toxapex|100/100|[from] item: Black Sludge
|-damage|p1a: Flamigo|19/100 par|[from] move: Infestation|[partiallytrapped]
|upkeep
|turn|51
|
|t:|1760305249
|cant|p1a: Flamigo|par
|move|p2a: Toxapex|Toxic Spikes|p1a: Flamigo
|-sidestart|p1: mister_ttar|move: Toxic Spikes
|
|-damage|p1a: Flamigo|6/100 par|[from] move: Infestation|[partiallytrapped]
|upkeep
|turn|52
|
|t:|1760305253
|move|p2a: Toxapex|Baneful Bunker|p2a: Toxapex
|-singleturn|p2a: Toxapex|move: Protect
|move|p1a: Flamigo|Brave Bird|p2a: Toxapex
|-activate|p2a: Toxapex|move: Protect
|
|-damage|p1a: Flamigo|0 fnt|[from] move: Infestation|[partiallytrapped]
|faint|p1a: Flamigo
|upkeep
|
|t:|1760305255
|switch|p1a: Dragapult|Dragapult, M|81/100
|turn|53
|
|t:|1760305258
|move|p1a: Dragapult|Will-O-Wisp|p2a: Toxapex
|-status|p2a: Toxapex|brn
|move|p2a: Toxapex|Infestation|p1a: Dragapult
|-resisted|p1a: Dragapult
|-damage|p1a: Dragapult|79/100
|-activate|p1a: Dragapult|move: Infestation|[of] p2a: Toxapex
|
|-damage|p2a: Toxapex|94/100 brn|[from] brn
|-damage|p1a: Dragapult|67/100|[from] move: Infestation|[partiallytrapped]
|upkeep
|turn|54
|
|t:|1760305269
|move|p2a: Toxapex|Baneful Bunker|p2a: Toxapex
|-singleturn|p2a: Toxapex|move: Protect
|move|p1a: Dragapult|Hex|p2a: Toxapex
|-activate|p2a: Toxapex|move: Protect
|
|-heal|p2a: Toxapex|100/100 brn|[from] item: Black Sludge
|-damage|p2a: Toxapex|94/100 brn|[from] brn
|-damage|p1a: Dragapult|54/100|[from] move: Infestation|[partiallytrapped]
|upkeep
|turn|55
|
|t:|1760305277
|switch|p2a: Blissey|Blissey, F|70/100
|move|p1a: Dragapult|Hex|p2a: Blissey
|-immune|p2a: Blissey
|
|-end|p1a: Dragapult|Infestation|[partiallytrapped]|[silent]
|upkeep
|turn|56
|
|t:|1760305283
|move|p1a: Dragapult|Dragon Darts|p2a: Blissey
|-damage|p2a: Blissey|51/100
|-anim|p1a: Dragapult|Dragon Darts|p2a: Blissey
|-damage|p2a: Blissey|34/100
|move|p2a: Blissey|Soft-Boiled|p2a: Blissey
|-heal|p2a: Blissey|84/100
|
|upkeep
|turn|57
|
|t:|1760305289
|move|p1a: Dragapult|Dragon Darts|p2a: Blissey
|-damage|p2a: Blissey|65/100
|-anim|p1a: Dragapult|Dragon Darts|p2a: Blissey
|-damage|p2a: Blissey|46/100
|move|p2a: Blissey|Flamethrower|p1a: Dragapult
|-resisted|p1a: Dragapult
|-damage|p1a: Dragapult|43/100
|
|upkeep
|turn|58
|
|t:|1760305304
|move|p1a: Dragapult|U-turn|p2a: Blissey
|-damage|p2a: Blissey|28/100
|
|t:|1760305306
|switch|p1a: Kyurem|Kyurem|100/100|[from] U-turn
|-status|p1a: Kyurem|psn
|-ability|p1a: Kyurem|Pressure
|move|p2a: Blissey|Soft-Boiled|p2a: Blissey
|-heal|p2a: Blissey|78/100
|
|-damage|p1a: Kyurem|88/100 psn|[from] psn
|upkeep
|turn|59
|
|t:|1760305311
|switch|p2a: Slowking|Slowking-Galar, F|100/100
|move|p1a: Kyurem|Dragon Dance|p1a: Kyurem
|-boost|p1a: Kyurem|atk|1
|-boost|p1a: Kyurem|spe|1
|
|-damage|p1a: Kyurem|76/100 psn|[from] psn
|upkeep
|turn|60
|
|t:|1760305321
|-terastallize|p2a: Slowking|Fairy
|move|p1a: Kyurem|Scale Shot|p2a: Slowking
|-immune|p2a: Slowking
|move|p2a: Slowking|Psychic Noise|p1a: Kyurem
|-damage|p1a: Kyurem|50/100 psn
|-start|p1a: Kyurem|move: Heal Block
|
|-damage|p1a: Kyurem|38/100 psn|[from] psn
|upkeep
|turn|61
|
|t:|1760305331
|move|p1a: Kyurem|Icicle Spear|p2a: Slowking
|-damage|p2a: Slowking|80/100
|-damage|p2a: Slowking|60/100
|-damage|p2a: Slowking|41/100
|-damage|p2a: Slowking|20/100
|-hitcount|p2a: Slowking|4
|move|p2a: Slowking|Psychic Noise|p1a: Kyurem
|-damage|p1a: Kyurem|9/100 psn
|
|-damage|p1a: Kyurem|0 fnt|[from] psn
|faint|p1a: Kyurem
|upkeep
|-message|mister_ttar forfeited.
|
|win|ZyroXDragon
|raw|mister_ttar's rating: 1518 &rarr; <strong>1498</strong><br />(-20 for losing)
|raw|ZyroXDragon's rating: 1525 &rarr; <strong>1545</strong><br />(+20 for winning)
|l|☆mister_ttar
|player|p1|
|l|☆ZyroXDragon
|player|p2|
