|j|☆Scoob252525
|j|☆Grimsley961116
|t:|1760365864
|gametype|singles
|player|p1|Scoob252525|169|1330
|player|p2|Grimsley961116|grimsley|1373
|gen|9
|tier|[Gen 9] OU
|rated|
|rule|HP Percentage Mod: HP is shown in percentages
|rule|Endless Battle Clause: Forcing endless battles is banned
|rule|Species Clause: Limit one of each Pokémon
|rule|OHKO Clause: OHKO moves are banned
|rule|Evasion Items Clause: Evasion items are banned
|rule|Evasion Moves Clause: Evasion moves are banned
|rule|Evasion Abilities Clause: Evasion abilities are banned
|rule|Sleep Moves Clause: Sleep-inducing moves are banned
|clearpoke
|poke|p1|Zapdos-Galar|
|poke|p1|Iron Jugulis|
|poke|p1|Primarina, F|
|poke|p1|Cinderace, F|
|poke|p1|Tyranitar, M|
|poke|p1|Great Tusk|
|poke|p2|Rotom-Wash|
|poke|p2|Torkoal, M|
|poke|p2|Garganacl, F|
|poke|p2|Arboliva, F|
|poke|p2|Ceruledge, F|
|poke|p2|Dragonite, F|
|teampreview
|inactive|Battle timer is ON: inactive players will automatically lose when time's up. (requested by Grimsley961116)
|
|t:|1760365882
|teamsize|p1|6
|teamsize|p2|6
|start
|switch|p1a: Iron Jugulis|Iron Jugulis|100/100
|switch|p2a: Rotom|Rotom-Wash|100/100
|turn|1
|
|t:|1760365888
|move|p1a: Iron Jugulis|U-turn|p2a: Rotom
|-damage|p2a: Rotom|85/100
|
|t:|1760365895
|-end|p1a: Iron Jugulis|Quark Drive|[silent]
|switch|p1a: Tyranitar|Tyranitar, M|100/100|[from] U-turn
|-weather|Sandstorm|[from] ability: Sand Stream|[of] p1a: Tyranitar
|move|p2a: Rotom|Thunderbolt|p1a: Tyranitar
|-damage|p1a: Tyranitar|84/100
|
|-weather|Sandstorm|[upkeep]
|-damage|p2a: Rotom|79/100|[from] Sandstorm
|-heal|p1a: Tyranitar|90/100|[from] item: Leftovers
|upkeep
|turn|2
|
|t:|1760365912
|switch|p2a: Arboliva|Arboliva, F|100/100
|move|p1a: Tyranitar|Knock Off|p2a: Arboliva
|-damage|p2a: Arboliva|58/100
|-fieldstart|move: Grassy Terrain|[from] ability: Seed Sower|[of] p2a: Arboliva
|-enditem|p2a: Arboliva|Assault Vest|[from] move: Knock Off|[of] p1a: Tyranitar
|
|-weather|Sandstorm|[upkeep]
|-damage|p2a: Arboliva|52/100|[from] Sandstorm
|-heal|p1a: Tyranitar|96/100|[from] Grassy Terrain
|-heal|p1a: Tyranitar|100/100|[from] item: Leftovers
|-heal|p2a: Arboliva|58/100|[from] Grassy Terrain
|upkeep
|turn|3
|inactive|Scoob252525 has 120 seconds left.
|
|t:|1760365960
|move|p1a: Tyranitar|Ice Beam|p2a: Arboliva
|-supereffective|p2a: Arboliva
|-damage|p2a: Arboliva|25/100
|move|p2a: Arboliva|Giga Drain|p1a: Tyranitar
|-supereffective|p1a: Tyranitar
|-damage|p1a: Tyranitar|58/100
|-heal|p2a: Arboliva|49/100|[from] drain|[of] p1a: Tyranitar
|
|-weather|Sandstorm|[upkeep]
|-damage|p2a: Arboliva|43/100|[from] Sandstorm
|-heal|p1a: Tyranitar|65/100|[from] Grassy Terrain
|-heal|p1a: Tyranitar|71/100|[from] item: Leftovers
|-heal|p2a: Arboliva|49/100|[from] Grassy Terrain
|upkeep
|turn|4
|
|t:|1760365965
|move|p1a: Tyranitar|Low Kick|p2a: Arboliva
|-supereffective|p2a: Arboliva
|-damage|p2a: Arboliva|13/100
|move|p2a: Arboliva|Giga Drain|p1a: Tyranitar
|-supereffective|p1a: Tyranitar
|-damage|p1a: Tyranitar|30/100
|-heal|p2a: Arboliva|36/100|[from] drain|[of] p1a: Tyranitar
|
|-weather|Sandstorm|[upkeep]
|-damage|p2a: Arboliva|30/100|[from] Sandstorm
|-heal|p1a: Tyranitar|36/100|[from] Grassy Terrain
|-heal|p1a: Tyranitar|43/100|[from] item: Leftovers
|-heal|p2a: Arboliva|36/100|[from] Grassy Terrain
|upkeep
|turn|5
|
|t:|1760365967
|move|p1a: Tyranitar|Low Kick|p2a: Arboliva
|-supereffective|p2a: Arboliva
|-damage|p2a: Arboliva|1/100
|move|p2a: Arboliva|Giga Drain|p1a: Tyranitar
|-supereffective|p1a: Tyranitar
|-damage|p1a: Tyranitar|2/100
|-heal|p2a: Arboliva|24/100|[from] drain|[of] p1a: Tyranitar
|
|-weather|none
|-heal|p1a: Tyranitar|8/100|[from] Grassy Terrain
|-heal|p1a: Tyranitar|14/100|[from] item: Leftovers
|-heal|p2a: Arboliva|30/100|[from] Grassy Terrain
|upkeep
|turn|6
|
|t:|1760365970
|switch|p2a: Ceruledge|Ceruledge, F, shiny|100/100
|move|p1a: Tyranitar|Low Kick|p2a: Ceruledge
|-immune|p2a: Ceruledge
|
|-heal|p1a: Tyranitar|21/100|[from] Grassy Terrain
|-heal|p1a: Tyranitar|27/100|[from] item: Leftovers
|-fieldend|move: Grassy Terrain
|upkeep
|turn|7
|
|t:|1760365975
|switch|p1a: Primarina|Primarina, F|100/100
|move|p2a: Ceruledge|Swords Dance|p2a: Ceruledge
|-boost|p2a: Ceruledge|atk|2
|
|upkeep
|turn|8
|
|t:|1760365985
|move|p2a: Ceruledge|Shadow Sneak|p1a: Primarina
|-damage|p1a: Primarina|67/100
|move|p1a: Primarina|Psychic Noise|p2a: Ceruledge
|-supereffective|p2a: Ceruledge
|-crit|p2a: Ceruledge
|-enditem|p2a: Ceruledge|Focus Sash
|-damage|p2a: Ceruledge|1/100
|-start|p2a: Ceruledge|move: Heal Block
|
|-heal|p1a: Primarina|73/100|[from] item: Leftovers
|upkeep
|turn|9
|
|t:|1760365997
|move|p2a: Ceruledge|Destiny Bond|p2a: Ceruledge
|-singlemove|p2a: Ceruledge|Destiny Bond
|move|p1a: Primarina|Psychic Noise|p2a: Ceruledge
|-supereffective|p2a: Ceruledge
|-damage|p2a: Ceruledge|0 fnt
|faint|p2a: Ceruledge
|-activate|p2a: Ceruledge|move: Destiny Bond
|faint|p1a: Primarina
|
|upkeep
|
|t:|1760366002
|switch|p2a: Rotom|Rotom-Wash|79/100
|switch|p1a: Zapdos|Zapdos-Galar|100/100
|turn|10
|
|t:|1760366017
|-terastallize|p1a: Zapdos|Ground
|move|p2a: Rotom|Thunderbolt|p1a: Zapdos
|-immune|p1a: Zapdos
|move|p1a: Zapdos|Knock Off|p2a: Rotom
|-damage|p2a: Rotom|19/100
|-enditem|p2a: Rotom|Choice Scarf|[from] move: Knock Off|[of] p1a: Zapdos
|
|upkeep
|turn|11
|
|t:|1760366024
|move|p1a: Zapdos|Knock Off|p2a: Rotom
|-crit|p2a: Rotom
|-damage|p2a: Rotom|0 fnt
|faint|p2a: Rotom
|
|upkeep
|
|t:|1760366026
|switch|p2a: Arboliva|Arboliva, F|30/100
|turn|12
|
|t:|1760366030
|-terastallize|p2a: Arboliva|Ghost
|move|p1a: Zapdos|Knock Off|p2a: Arboliva
|-supereffective|p2a: Arboliva
|-damage|p2a: Arboliva|0 fnt
|-fieldstart|move: Grassy Terrain|[from] ability: Seed Sower|[of] p2a: Arboliva
|faint|p2a: Arboliva
|
|upkeep
|-message|Grimsley961116 forfeited.
|
|win|Scoob252525
|raw|Scoob252525's rating: 1330 &rarr; <strong>1352</strong><br />(+22 for winning)
|raw|Grimsley961116's rating: 1373 &rarr; <strong>1351</strong><br />(-22 for losing)
|l|☆Grimsley961116
|player|p2|
|l|☆Scoob252525
|player|p1|
