|j|☆ryan cowtinho
|j|☆RoddyJ
|t:|1760330794
|gametype|singles
|player|p1|ryan cowtinho|102|1679
|player|p2|RoddyJ|ethan|1776
|gen|9
|tier|[Gen 9] OU
|rated|
|rule|HP Percentage Mod: HP is shown in percentages
|rule|Endless Battle Clause: Forcing endless battles is banned
|rule|Species Clause: Limit one of each Pokémon
|rule|OHKO Clause: OHKO moves are banned
|rule|Evasion Items Clause: Evasion items are banned
|rule|Evasion Moves Clause: Evasion moves are banned
|rule|Evasion Abilities Clause: Evasion abilities are banned
|rule|Sleep Moves Clause: Sleep-inducing moves are banned
|clearpoke
|poke|p1|Landorus-Therian, M|
|poke|p1|Iron Valiant|
|poke|p1|Samurott-Hisui, M|
|poke|p1|Pecharunt|
|poke|p1|Iron Crown|
|poke|p1|Hydrapple, F|
|poke|p2|Scizor, M|
|poke|p2|Zamazenta-*|
|poke|p2|Latios, M|
|poke|p2|Glimmora, M|
|poke|p2|Great Tusk|
|poke|p2|Milotic, F|
|teampreview
|inactive|Battle timer is ON: inactive players will automatically lose when time's up. (requested by RoddyJ)
|
|t:|1760330808
|teamsize|p1|6
|teamsize|p2|6
|start
|switch|p1a: Iron Crown|Iron Crown|100/100
|switch|p2a: Milotic|Milotic, F, shiny|100/100
|turn|1
|
|t:|1760330810
|move|p1a: Iron Crown|Volt Switch|p2a: Milotic
|-supereffective|p2a: Milotic
|-damage|p2a: Milotic|65/100
|
|t:|1760330814
|-end|p1a: Iron Crown|Quark Drive|[silent]
|switch|p1a: Samurott|Samurott-Hisui, M|100/100|[from] Volt Switch
|move|p2a: Milotic|Scald|p1a: Samurott
|-resisted|p1a: Samurott
|-damage|p1a: Samurott|86/100
|-status|p1a: Samurott|brn
|
|-damage|p1a: Samurott|80/100 brn|[from] brn
|upkeep
|turn|2
|
|t:|1760330818
|switch|p1a: Iron Crown|Iron Crown|100/100
|move|p2a: Milotic|Alluring Voice|p1a: Iron Crown
|-resisted|p1a: Iron Crown
|-damage|p1a: Iron Crown|88/100
|
|upkeep
|turn|3
|
|t:|1760330821
|switch|p2a: Great Tusk|Great Tusk, shiny|100/100
|move|p1a: Iron Crown|Psychic Noise|p2a: Great Tusk
|-supereffective|p2a: Great Tusk
|-damage|p2a: Great Tusk|0 fnt
|faint|p2a: Great Tusk
|-end|p2a: Great Tusk|Protosynthesis|[silent]
|
|upkeep
|
|t:|1760330833
|switch|p2a: Scizor|Scizor, M, shiny|100/100
|turn|4
|
|t:|1760330838
|-end|p1a: Iron Crown|Quark Drive|[silent]
|switch|p1a: Landorus|Landorus-Therian, M|100/100
|-ability|p1a: Landorus|Intimidate|boost
|-unboost|p2a: Scizor|atk|1
|move|p2a: Scizor|U-turn|p1a: Landorus
|-resisted|p1a: Landorus
|-damage|p1a: Landorus|87/100
|-damage|p2a: Scizor|84/100|[from] item: Rocky Helmet|[of] p1a: Landorus
|
|t:|1760330845
|switch|p2a: Glimmora|Glimmora, M, shiny|100/100|[from] U-turn
|-item|p2a: Glimmora|Air Balloon
|
|upkeep
|turn|5
|
|t:|1760330848
|move|p1a: Landorus|Stealth Rock|p2a: Glimmora
|-sidestart|p2: RoddyJ|move: Stealth Rock
|move|p2a: Glimmora|Stealth Rock|p1a: Landorus
|-sidestart|p1: ryan cowtinho|move: Stealth Rock
|
|upkeep
|turn|6
|
|t:|1760330851
|move|p1a: Landorus|Stone Edge|p2a: Glimmora|[miss]
|-miss|p1a: Landorus|p2a: Glimmora
|move|p2a: Glimmora|Spikes|p1a: Landorus
|-sidestart|p1: ryan cowtinho|Spikes
|
|upkeep
|turn|7
|
|t:|1760330853
|move|p1a: Landorus|U-turn|p2a: Glimmora
|-resisted|p2a: Glimmora
|-damage|p2a: Glimmora|88/100
|-activate|p2a: Glimmora|ability: Toxic Debris
|-sidestart|p1: ryan cowtinho|move: Toxic Spikes
|-enditem|p2a: Glimmora|Air Balloon
|
|t:|1760330856
|switch|p1a: Iron Crown|Iron Crown|88/100|[from] U-turn
|-damage|p1a: Iron Crown|81/100|[from] Stealth Rock
|-damage|p1a: Iron Crown|69/100|[from] Spikes
|move|p2a: Glimmora|Mortal Spin|p1a: Iron Crown
|-immune|p1a: Iron Crown
|
|upkeep
|turn|8
|
|t:|1760330859
|switch|p2a: Milotic|Milotic, F, shiny|65/100
|-damage|p2a: Milotic|53/100|[from] Stealth Rock
|move|p1a: Iron Crown|Tachyon Cutter|p2a: Milotic
|-resisted|p2a: Milotic
|-damage|p2a: Milotic|44/100
|-resisted|p2a: Milotic
|-damage|p2a: Milotic|36/100
|-hitcount|p2a: Milotic|2
|
|upkeep
|turn|9
|
|t:|1760330863
|-end|p1a: Iron Crown|Quark Drive|[silent]
|switch|p1a: Pecharunt|Pecharunt|100/100
|-sideend|p1: ryan cowtinho|move: Toxic Spikes|[of] p1a: Pecharunt
|move|p2a: Milotic|Alluring Voice|p1a: Pecharunt
|-resisted|p1a: Pecharunt
|-damage|p1a: Pecharunt|88/100
|
|upkeep
|turn|10
|
|t:|1760330866
|move|p1a: Pecharunt|Malignant Chain|p2a: Milotic
|-damage|p2a: Milotic|20/100
|-status|p2a: Milotic|tox
|-start|p2a: Milotic|confusion|[from] ability: Poison Puppeteer|[of] p1a: Pecharunt
|-activate|p2a: Milotic|confusion
|move|p2a: Milotic|Scald|p1a: Pecharunt
|-damage|p1a: Pecharunt|50/100
|
|-damage|p2a: Milotic|14/100 tox|[from] psn
|upkeep
|turn|11
|
|t:|1760330869
|move|p1a: Pecharunt|Recover|p1a: Pecharunt
|-heal|p1a: Pecharunt|100/100
|-activate|p2a: Milotic|confusion
|move|p2a: Milotic|Scald|p1a: Pecharunt
|-damage|p1a: Pecharunt|59/100
|
|-damage|p2a: Milotic|2/100 tox|[from] psn
|upkeep
|turn|12
|
|t:|1760330872
|move|p1a: Pecharunt|Recover|p1a: Pecharunt
|-heal|p1a: Pecharunt|100/100
|-activate|p2a: Milotic|confusion
|move|p2a: Milotic|Scald|p1a: Pecharunt
|-crit|p1a: Pecharunt
|-damage|p1a: Pecharunt|48/100
|
|-damage|p2a: Milotic|0 fnt|[from] psn
|faint|p2a: Milotic
|upkeep
|
|t:|1760330877
|switch|p2a: Scizor|Scizor, M, shiny|84/100
|-damage|p2a: Scizor|72/100|[from] Stealth Rock
|turn|13
|
|t:|1760330879
|move|p1a: Pecharunt|Parting Shot|p2a: Scizor
|-unboost|p2a: Scizor|atk|1
|-unboost|p2a: Scizor|spa|1
|
|t:|1760330881
|switch|p1a: Landorus|Landorus-Therian, M|87/100|[from] Parting Shot
|-damage|p1a: Landorus|75/100|[from] Stealth Rock
|-ability|p1a: Landorus|Intimidate|boost
|-unboost|p2a: Scizor|atk|1
|move|p2a: Scizor|Swords Dance|p2a: Scizor
|-boost|p2a: Scizor|atk|2
|
|-heal|p2a: Scizor|78/100|[from] item: Leftovers
|upkeep
|turn|14
|
|t:|1760330888
|move|p1a: Landorus|Earthquake|p2a: Scizor
|-damage|p2a: Scizor|31/100
|move|p2a: Scizor|Swords Dance|p2a: Scizor
|-boost|p2a: Scizor|atk|2
|
|-heal|p2a: Scizor|38/100|[from] item: Leftovers
|upkeep
|turn|15
|
|t:|1760330890
|move|p2a: Scizor|Bullet Punch|p1a: Landorus
|-damage|p1a: Landorus|8/100
|-damage|p2a: Scizor|21/100|[from] item: Rocky Helmet|[of] p1a: Landorus
|move|p1a: Landorus|Earthquake|p2a: Scizor
|-damage|p2a: Scizor|0 fnt
|faint|p2a: Scizor
|
|upkeep
|j| niklor2
|
|t:|1760330898
|switch|p2a: Glimmora|Glimmora, M, shiny|88/100
|-damage|p2a: Glimmora|75/100|[from] Stealth Rock
|turn|16
|
|t:|1760330906
|move|p1a: Landorus|Earthquake|p2a: Glimmora
|-supereffective|p2a: Glimmora
|-damage|p2a: Glimmora|0 fnt
|-activate|p2a: Glimmora|ability: Toxic Debris
|-sidestart|p1: ryan cowtinho|move: Toxic Spikes
|faint|p2a: Glimmora
|
|upkeep
|
|t:|1760330913
|switch|p2a: Latios|Latios, M, shiny|100/100
|-damage|p2a: Latios|88/100|[from] Stealth Rock
|turn|17
|
|t:|1760330916
|move|p2a: Latios|Agility|p2a: Latios
|-boost|p2a: Latios|spe|2
|move|p1a: Landorus|U-turn|p2a: Latios
|-supereffective|p2a: Latios
|-damage|p2a: Latios|35/100
|-enditem|p2a: Latios|Weakness Policy
|-boost|p2a: Latios|atk|2|[from] item: Weakness Policy
|-boost|p2a: Latios|spa|2|[from] item: Weakness Policy
|
|t:|1760330930
|switch|p1a: Pecharunt|Pecharunt|48/100|[from] U-turn
|-sideend|p1: ryan cowtinho|move: Toxic Spikes|[of] p1a: Pecharunt
|
|upkeep
|turn|18
|
|t:|1760330934
|-terastallize|p1a: Pecharunt|Dark
|move|p2a: Latios|Luster Purge|p1a: Pecharunt
|-immune|p1a: Pecharunt
|move|p1a: Pecharunt|Shadow Ball|p2a: Latios
|-supereffective|p2a: Latios
|-damage|p2a: Latios|0 fnt
|faint|p2a: Latios
|
|upkeep
|
|t:|1760330942
|switch|p2a: Zamazenta|Zamazenta, shiny|100/100
|-damage|p2a: Zamazenta|94/100|[from] Stealth Rock
|-ability|p2a: Zamazenta|Dauntless Shield|boost
|-boost|p2a: Zamazenta|def|1
|turn|19
|
|t:|1760330948
|move|p2a: Zamazenta|Body Press|p1a: Pecharunt
|-supereffective|p1a: Pecharunt
|-damage|p1a: Pecharunt|0 fnt
|faint|p1a: Pecharunt
|
|-heal|p2a: Zamazenta|100/100|[from] item: Leftovers
|upkeep
|
|t:|1760330951
|switch|p1a: Iron Valiant|Iron Valiant|100/100
|-damage|p1a: Iron Valiant|94/100|[from] Stealth Rock
|-damage|p1a: Iron Valiant|82/100|[from] Spikes
|-enditem|p1a: Iron Valiant|Booster Energy
|-activate|p1a: Iron Valiant|ability: Quark Drive|[fromitem]
|-start|p1a: Iron Valiant|quarkdrivespe
|turn|20
|
|t:|1760330961
|-terastallize|p2a: Zamazenta|Bug
|move|p1a: Iron Valiant|Moonblast|p2a: Zamazenta
|-damage|p2a: Zamazenta|60/100
|move|p2a: Zamazenta|Heavy Slam|p1a: Iron Valiant
|-supereffective|p1a: Iron Valiant
|-damage|p1a: Iron Valiant|5/100
|
|-heal|p2a: Zamazenta|66/100|[from] item: Leftovers
|upkeep
|turn|21
|
|t:|1760330970
|move|p1a: Iron Valiant|Encore|p2a: Zamazenta
|-start|p2a: Zamazenta|Encore
|move|p2a: Zamazenta|Heavy Slam|p1a: Iron Valiant
|-supereffective|p1a: Iron Valiant
|-damage|p1a: Iron Valiant|0 fnt
|faint|p1a: Iron Valiant
|-end|p1a: Iron Valiant|Quark Drive|[silent]
|
|-heal|p2a: Zamazenta|72/100|[from] item: Leftovers
|upkeep
|
|t:|1760330975
|switch|p1a: Iron Crown|Iron Crown|69/100
|-damage|p1a: Iron Crown|63/100|[from] Stealth Rock
|-damage|p1a: Iron Crown|50/100|[from] Spikes
|turn|22
|
|t:|1760330979
|move|p2a: Zamazenta|Heavy Slam|p1a: Iron Crown
|-resisted|p1a: Iron Crown
|-damage|p1a: Iron Crown|45/100
|move|p1a: Iron Crown|Tachyon Cutter|p2a: Zamazenta
|-damage|p2a: Zamazenta|38/100
|-damage|p2a: Zamazenta|0 fnt
|faint|p2a: Zamazenta
|-hitcount|p2: Zamazenta|2
|
|win|ryan cowtinho
|raw|ryan cowtinho's rating: 1679 &rarr; <strong>1704</strong><br />(+25 for winning)
|raw|RoddyJ's rating: 1776 &rarr; <strong>1751</strong><br />(-25 for losing)
|l|☆RoddyJ
|player|p2|
|l|☆ryan cowtinho
|player|p1|
