|j|☆Timmersu
|j|☆starkuhm crusaders
|t:|1760414503
|gametype|singles
|player|p1|Timmersu|kimonogirl|1179
|player|p2|starkuhm crusaders|skier|1155
|gen|9
|tier|[Gen 9] OU
|rated|
|rule|HP Percentage Mod: HP is shown in percentages
|rule|Endless Battle Clause: Forcing endless battles is banned
|rule|Species Clause: Limit one of each Pokémon
|rule|OHKO Clause: OHKO moves are banned
|rule|Evasion Items Clause: Evasion items are banned
|rule|Evasion Moves Clause: Evasion moves are banned
|rule|Evasion Abilities Clause: Evasion abilities are banned
|rule|Sleep Moves Clause: Sleep-inducing moves are banned
|clearpoke
|poke|p1|Meowscarada, F|
|poke|p1|Polteageist|
|poke|p1|Rhydon, M|
|poke|p1|Gyarados, F|
|poke|p1|Weezing, F|
|poke|p1|Froslass, F|
|poke|p2|Glimmora, M|
|poke|p2|Skeledirge, F|
|poke|p2|Greninja-*, M|
|poke|p2|Goodra-Hisui, M|
|poke|p2|Hatterene, F|
|poke|p2|Ursaluna, M|
|teampreview
|inactive|Battle timer is ON: inactive players will automatically lose when time's up. (requested by Timmersu)
|
|t:|1760414510
|teamsize|p1|6
|teamsize|p2|6
|start
|switch|p1a: Weezing|Weezing, F, shiny|100/100
|switch|p2a: Glimmora|Glimmora, M|100/100
|turn|1
|
|t:|1760414519
|move|p2a: Glimmora|Earth Power|p1a: Weezing
|-immune|p1a: Weezing|[from] ability: Levitate
|move|p1a: Weezing|Will-O-Wisp|p2a: Glimmora|[miss]
|-miss|p1a: Weezing|p2a: Glimmora
|
|upkeep
|turn|2
|
|t:|1760414526
|move|p2a: Glimmora|Stealth Rock|p1a: Weezing
|-sidestart|p1: Timmersu|move: Stealth Rock
|move|p1a: Weezing|Toxic Spikes|p2a: Glimmora
|-sidestart|p2: starkuhm crusaders|move: Toxic Spikes
|
|upkeep
|turn|3
|
|t:|1760414531
|move|p2a: Glimmora|Power Gem|p1a: Weezing
|-damage|p1a: Weezing|41/100
|move|p1a: Weezing|Toxic Spikes|p2a: Glimmora
|-sidestart|p2: starkuhm crusaders|move: Toxic Spikes
|
|-heal|p1a: Weezing|47/100|[from] item: Black Sludge
|upkeep
|turn|4
|
|t:|1760414537
|move|p2a: Glimmora|Power Gem|p1a: Weezing
|-damage|p1a: Weezing|0 fnt
|faint|p1a: Weezing
|
|upkeep
|
|t:|1760414548
|switch|p1a: Rhydon|Rhydon, M|100/100
|-damage|p1a: Rhydon|94/100|[from] Stealth Rock
|turn|5
|
|t:|1760414554
|move|p2a: Glimmora|Mortal Spin|p1a: Rhydon
|-resisted|p1a: Rhydon
|-damage|p1a: Rhydon|94/100
|-status|p1a: Rhydon|psn
|-sideend|p2: starkuhm crusaders|Toxic Spikes|[from] move: Mortal Spin|[of] p2a: Glimmora
|move|p1a: Rhydon|Swords Dance|p1a: Rhydon
|-boost|p1a: Rhydon|atk|2
|
|-damage|p1a: Rhydon|81/100 psn|[from] psn
|upkeep
|turn|6
|
|t:|1760414563
|move|p2a: Glimmora|Earth Power|p1a: Rhydon
|-supereffective|p1a: Rhydon
|-damage|p1a: Rhydon|34/100 psn
|move|p1a: Rhydon|Earthquake|p2a: Glimmora
|-supereffective|p2a: Glimmora
|-enditem|p2a: Glimmora|Focus Sash
|-damage|p2a: Glimmora|1/100
|-activate|p2a: Glimmora|ability: Toxic Debris
|-sidestart|p1: Timmersu|move: Toxic Spikes
|
|-damage|p1a: Rhydon|22/100 psn|[from] psn
|upkeep
|turn|7
|
|t:|1760414573
|move|p2a: Glimmora|Earth Power|p1a: Rhydon
|-supereffective|p1a: Rhydon
|-damage|p1a: Rhydon|0 fnt
|faint|p1a: Rhydon
|
|upkeep
|
|t:|1760414581
|switch|p1a: Polteageist|Polteageist|100/100
|-damage|p1a: Polteageist|88/100|[from] Stealth Rock
|-status|p1a: Polteageist|psn
|turn|8
|
|t:|1760414593
|move|p2a: Glimmora|Earth Power|p1a: Polteageist
|-damage|p1a: Polteageist|51/100 psn
|move|p1a: Polteageist|Shell Smash|p1a: Polteageist
|-unboost|p1a: Polteageist|def|1
|-unboost|p1a: Polteageist|spd|1
|-boost|p1a: Polteageist|atk|2
|-boost|p1a: Polteageist|spa|2
|-boost|p1a: Polteageist|spe|2
|
|-damage|p1a: Polteageist|39/100 psn|[from] psn
|upkeep
|turn|9
|
|t:|1760414603
|move|p1a: Polteageist|Stored Power|p2a: Glimmora
|-supereffective|p2a: Glimmora
|-damage|p2a: Glimmora|0 fnt
|faint|p2a: Glimmora
|
|-damage|p1a: Polteageist|27/100 psn|[from] psn
|upkeep
|inactive|starkuhm crusaders has 120 seconds left.
|
|t:|1760414656
|switch|p2a: Greninja|Greninja, M|100/100
|turn|10
|
|t:|1760414661
|-terastallize|p1a: Polteageist|Fighting
|move|p2a: Greninja|Water Shuriken|p1a: Polteageist
|-damage|p1a: Polteageist|10/100 psn
|-damage|p1a: Polteageist|0 fnt
|faint|p1a: Polteageist
|-ability|p2a: Greninja|Battle Bond|boost
|-boost|p2a: Greninja|atk|1
|-boost|p2a: Greninja|spa|1
|-boost|p2a: Greninja|spe|1
|-activate|p2a: Greninja|ability: Battle Bond
|-hitcount|p1: Polteageist|2
|-damage|p2a: Greninja|91/100|[from] item: Life Orb
|
|upkeep
|
|t:|1760414672
|switch|p1a: Froslass|Froslass, F|100/100
|-damage|p1a: Froslass|76/100|[from] Stealth Rock
|-status|p1a: Froslass|psn
|turn|11
|inactive|starkuhm crusaders has 120 seconds left.
|
|t:|1760414680
|move|p2a: Greninja|Dark Pulse|p1a: Froslass
|-supereffective|p1a: Froslass
|-damage|p1a: Froslass|0 fnt
|faint|p1a: Froslass
|-damage|p2a: Greninja|81/100|[from] item: Life Orb
|
|upkeep
|
|t:|1760414686
|switch|p1a: Meowscarada|Meowscarada, F|100/100
|-damage|p1a: Meowscarada|88/100|[from] Stealth Rock
|-status|p1a: Meowscarada|psn
|turn|12
|
|t:|1760414691
|move|p2a: Greninja|Ice Beam|p1a: Meowscarada
|-supereffective|p1a: Meowscarada
|-damage|p1a: Meowscarada|0 fnt
|faint|p1a: Meowscarada
|-damage|p2a: Greninja|71/100|[from] item: Life Orb
|
|upkeep
|c|☆starkuhm crusaders|gg
|
|t:|1760414697
|switch|p1a: Gyarados|Gyarados, F, shiny|100/100
|-damage|p1a: Gyarados|76/100|[from] Stealth Rock
|turn|13
|
|t:|1760414703
|move|p2a: Greninja|Ice Beam|p1a: Gyarados
|-damage|p1a: Gyarados|22/100
|-damage|p2a: Greninja|61/100|[from] item: Life Orb
|move|p1a: Gyarados|Waterfall|p2a: Greninja
|-resisted|p2a: Greninja
|-damage|p2a: Greninja|16/100
|
|upkeep
|turn|14
|-message|Timmersu forfeited.
|
|win|starkuhm crusaders
|raw|Timmersu's rating: 1179 &rarr; <strong>1152</strong><br />(-27 for losing)
|raw|starkuhm crusaders's rating: 1155 &rarr; <strong>1182</strong><br />(+27 for winning)
|l|☆Timmersu
|player|p1|
|l|☆starkuhm crusaders
|player|p2|
