|j|☆slorpo
|j|☆chinchilla1010x
|t:|1760432987
|gametype|singles
|player|p1|slorpo|petrel|1139
|player|p2|chinchilla1010x|265|1194
|gen|9
|tier|[Gen 9] OU
|rated|
|rule|HP Percentage Mod: HP is shown in percentages
|rule|Endless Battle Clause: Forcing endless battles is banned
|rule|Species Clause: Limit one of each Pokémon
|rule|OHKO Clause: OHKO moves are banned
|rule|Evasion Items Clause: Evasion items are banned
|rule|Evasion Moves Clause: Evasion moves are banned
|rule|Evasion Abilities Clause: Evasion abilities are banned
|rule|Sleep Moves Clause: Sleep-inducing moves are banned
|clearpoke
|poke|p1|Pelipper, M|
|poke|p1|Electivire, M|
|poke|p1|Toxicroak, M|
|poke|p1|Basculegion, M|
|poke|p1|Kingambit, M|
|poke|p1|Hatterene, F|
|poke|p2|Frosmoth, M|
|poke|p2|Comfey, F|
|poke|p2|Charizard, F|
|poke|p2|Araquanid, F|
|poke|p2|Dragapult, M|
|poke|p2|Hitmonlee, M|
|teampreview
|
|t:|1760433000
|teamsize|p1|6
|teamsize|p2|6
|start
|switch|p1a: Pelipper|Pelipper, M|100/100
|switch|p2a: Araquanid|Araquanid, F|100/100
|-weather|RainDance|[from] ability: Drizzle|[of] p1a: Pelipper
|turn|1
|
|t:|1760433015
|switch|p1a: Toxicroak|Toxicroak, M|100/100
|move|p2a: Araquanid|Mirror Coat||[still]
|-fail|p2a: Araquanid
|
|-weather|RainDance|[upkeep]
|upkeep
|turn|2
|
|t:|1760433025
|move|p1a: Toxicroak|Toxic|p2a: Araquanid
|-status|p2a: Araquanid|tox
|move|p2a: Araquanid|Liquidation|p1a: Toxicroak
|-immune|p1a: Toxicroak|[from] ability: Dry Skin
|
|-weather|RainDance|[upkeep]
|-damage|p2a: Araquanid|94/100 tox|[from] psn
|upkeep
|turn|3
|
|t:|1760433033
|move|p1a: Toxicroak|Knock Off|p2a: Araquanid
|-damage|p2a: Araquanid|68/100 tox
|-enditem|p2a: Araquanid|Leftovers|[from] move: Knock Off|[of] p1a: Toxicroak
|move|p2a: Araquanid|Sticky Web|p1a: Toxicroak
|-sidestart|p1: slorpo|move: Sticky Web
|
|-weather|RainDance|[upkeep]
|-damage|p2a: Araquanid|56/100 tox|[from] psn
|upkeep
|turn|4
|
|t:|1760433044
|move|p1a: Toxicroak|Toxic|p2a: Araquanid
|-fail|p2a: Araquanid|tox
|move|p2a: Araquanid|Leech Life|p1a: Toxicroak
|-resisted|p1a: Toxicroak
|-damage|p1a: Toxicroak|94/100
|-heal|p2a: Araquanid|60/100 tox|[from] drain|[of] p1a: Toxicroak
|-damage|p2a: Araquanid|43/100 tox|[from] item: Rocky Helmet|[of] p1a: Toxicroak
|
|-weather|RainDance|[upkeep]
|-heal|p1a: Toxicroak|100/100|[from] ability: Dry Skin
|-damage|p2a: Araquanid|25/100 tox|[from] psn
|upkeep
|turn|5
|
|t:|1760433054
|move|p1a: Toxicroak|Toxic|p2a: Araquanid
|-fail|p2a: Araquanid|tox
|move|p2a: Araquanid|Mirror Coat||[still]
|-fail|p2a: Araquanid
|
|-weather|RainDance|[upkeep]
|-damage|p2a: Araquanid|0 fnt|[from] psn
|faint|p2a: Araquanid
|upkeep
|
|t:|1760433062
|switch|p2a: Frosmoth|Frosmoth, M|100/100
|turn|6
|
|t:|1760433071
|-terastallize|p2a: Frosmoth|Ground
|move|p1a: Toxicroak|Toxic|p2a: Frosmoth
|-status|p2a: Frosmoth|tox
|move|p2a: Frosmoth|Quiver Dance|p2a: Frosmoth
|-boost|p2a: Frosmoth|spa|1
|-boost|p2a: Frosmoth|spd|1
|-boost|p2a: Frosmoth|spe|1
|
|-weather|RainDance|[upkeep]
|-damage|p2a: Frosmoth|94/100 tox|[from] psn
|upkeep
|turn|7
|
|t:|1760433080
|move|p2a: Frosmoth|Quiver Dance|p2a: Frosmoth
|-boost|p2a: Frosmoth|spa|1
|-boost|p2a: Frosmoth|spd|1
|-boost|p2a: Frosmoth|spe|1
|move|p1a: Toxicroak|Encore|p2a: Frosmoth
|-start|p2a: Frosmoth|Encore
|
|-weather|RainDance|[upkeep]
|-heal|p2a: Frosmoth|100/100 tox|[from] item: Leftovers
|-damage|p2a: Frosmoth|88/100 tox|[from] psn
|upkeep
|turn|8
|
|t:|1760433089
|move|p2a: Frosmoth|Quiver Dance|p2a: Frosmoth
|-boost|p2a: Frosmoth|spa|1
|-boost|p2a: Frosmoth|spd|1
|-boost|p2a: Frosmoth|spe|1
|move|p1a: Toxicroak|Knock Off|p2a: Frosmoth
|-damage|p2a: Frosmoth|53/100 tox
|-enditem|p2a: Frosmoth|Leftovers|[from] move: Knock Off|[of] p1a: Toxicroak
|
|-weather|none
|-damage|p2a: Frosmoth|35/100 tox|[from] psn
|upkeep
|turn|9
|
|t:|1760433099
|move|p2a: Frosmoth|Quiver Dance|p2a: Frosmoth
|-boost|p2a: Frosmoth|spa|1
|-boost|p2a: Frosmoth|spd|1
|-boost|p2a: Frosmoth|spe|1
|move|p1a: Toxicroak|Knock Off|p2a: Frosmoth
|-damage|p2a: Frosmoth|10/100 tox
|
|-damage|p2a: Frosmoth|0 fnt|[from] psn
|faint|p2a: Frosmoth
|upkeep
|-message|chinchilla1010x forfeited.
|
|win|slorpo
|raw|slorpo's rating: 1139 &rarr; <strong>1168</strong><br />(+29 for winning)
|raw|chinchilla1010x's rating: 1194 &rarr; <strong>1165</strong><br />(-29 for losing)
|l|☆chinchilla1010x
|player|p2|
|l|☆slorpo
|player|p1|
