|j|☆eaesv
|j|☆nicolasgimenez
|t:|1760369377
|gametype|singles
|player|p1|eaesv|265|1156
|player|p2|nicolasgimenez|169|1213
|gen|9
|tier|[Gen 9] OU
|rated|
|rule|HP Percentage Mod: HP is shown in percentages
|rule|Endless Battle Clause: Forcing endless battles is banned
|rule|Species Clause: Limit one of each Pokémon
|rule|OHKO Clause: OHKO moves are banned
|rule|Evasion Items Clause: Evasion items are banned
|rule|Evasion Moves Clause: Evasion moves are banned
|rule|Evasion Abilities Clause: Evasion abilities are banned
|rule|Sleep Moves Clause: Sleep-inducing moves are banned
|clearpoke
|poke|p1|Infernape, F|
|poke|p1|Samurott, F|
|poke|p1|Gliscor, F|
|poke|p1|Moltres-Galar|
|poke|p1|Luxray, M|
|poke|p1|Fezandipiti, M|
|poke|p2|Latias, F|
|poke|p2|Salazzle, F|
|poke|p2|Skarmory, F|
|poke|p2|Tyranitar, F|
|poke|p2|Gastrodon, M|
|poke|p2|Great Tusk|
|teampreview
|inactive|Battle timer is ON: inactive players will automatically lose when time's up. (requested by eaesv)
|
|t:|1760369383
|teamsize|p1|6
|teamsize|p2|6
|start
|switch|p1a: Fezandipiti|Fezandipiti, M|100/100
|switch|p2a: Tyranitar|Tyranitar, F|100/100
|-weather|Sandstorm|[from] ability: Sand Stream|[of] p2a: Tyranitar
|turn|1
|
|t:|1760369397
|move|p2a: Tyranitar|Knock Off|p1a: Fezandipiti
|-resisted|p1a: Fezandipiti
|-damage|p1a: Fezandipiti|66/100
|-enditem|p1a: Fezandipiti|Heavy-Duty Boots|[from] move: Knock Off|[of] p2a: Tyranitar
|move|p1a: Fezandipiti|Play Rough|p2a: Tyranitar
|-supereffective|p2a: Tyranitar
|-damage|p2a: Tyranitar|22/100
|
|-weather|Sandstorm|[upkeep]
|-damage|p1a: Fezandipiti|60/100|[from] Sandstorm
|upkeep
|turn|2
|
|t:|1760369409
|switch|p2a: Skarmory|Skarmory, F|100/100
|move|p1a: Fezandipiti|U-turn|p2a: Skarmory
|-resisted|p2a: Skarmory
|-damage|p2a: Skarmory|98/100
|-damage|p1a: Fezandipiti|43/100|[from] item: Rocky Helmet|[of] p2a: Skarmory
|
|t:|1760369414
|switch|p1a: Luxray|Luxray, M|100/100|[from] U-turn
|
|-weather|Sandstorm|[upkeep]
|-damage|p1a: Luxray|95/100|[from] Sandstorm
|upkeep
|turn|3
|
|t:|1760369433
|switch|p2a: Great Tusk|Great Tusk|100/100
|move|p1a: Luxray|Trailblaze|p2a: Great Tusk
|-supereffective|p2a: Great Tusk
|-damage|p2a: Great Tusk|71/100
|-boost|p1a: Luxray|spe|1
|
|-weather|Sandstorm|[upkeep]
|-damage|p1a: Luxray|89/100|[from] Sandstorm
|upkeep
|turn|4
|
|t:|1760369446
|move|p1a: Luxray|Psychic Fangs|p2a: Great Tusk
|-supereffective|p2a: Great Tusk
|-damage|p2a: Great Tusk|28/100
|move|p2a: Great Tusk|Headlong Rush|p1a: Luxray
|-supereffective|p1a: Luxray
|-crit|p1a: Luxray
|-damage|p1a: Luxray|0 fnt
|-unboost|p2a: Great Tusk|def|1
|-unboost|p2a: Great Tusk|spd|1
|faint|p1a: Luxray
|
|-weather|Sandstorm|[upkeep]
|upkeep
|
|t:|1760369454
|switch|p1a: Moltres|Moltres-Galar|100/100
|turn|5
|
|t:|1760369461
|-end|p2a: Great Tusk|Protosynthesis|[silent]
|switch|p2a: Gastrodon|Gastrodon, M|100/100
|move|p1a: Moltres|Agility|p1a: Moltres
|-boost|p1a: Moltres|spe|2
|
|-weather|none
|upkeep
|turn|6
|
|t:|1760369470
|move|p1a: Moltres|Fiery Wrath|p2a: Gastrodon
|-damage|p2a: Gastrodon|71/100
|move|p2a: Gastrodon|Stealth Rock|p1a: Moltres
|-sidestart|p1: eaesv|move: Stealth Rock
|
|-heal|p2a: Gastrodon|77/100|[from] item: Leftovers
|upkeep
|turn|7
|
|t:|1760369480
|move|p1a: Moltres|Air Slash|p2a: Gastrodon
|-damage|p2a: Gastrodon|54/100
|move|p2a: Gastrodon|Surf|p1a: Moltres
|-damage|p1a: Moltres|80/100
|
|-heal|p2a: Gastrodon|60/100|[from] item: Leftovers
|upkeep
|turn|8
|
|t:|1760369491
|move|p1a: Moltres|Fiery Wrath|p2a: Gastrodon
|-damage|p2a: Gastrodon|33/100
|move|p2a: Gastrodon|Surf|p1a: Moltres
|-damage|p1a: Moltres|60/100
|
|-heal|p2a: Gastrodon|39/100|[from] item: Leftovers
|upkeep
|turn|9
|
|t:|1760369500
|move|p1a: Moltres|Fiery Wrath|p2a: Gastrodon
|-damage|p2a: Gastrodon|14/100
|cant|p2a: Gastrodon|flinch
|
|-heal|p2a: Gastrodon|20/100|[from] item: Leftovers
|upkeep
|turn|10
|
|t:|1760369508
|move|p1a: Moltres|Fiery Wrath|p2a: Gastrodon
|-damage|p2a: Gastrodon|0 fnt
|faint|p2a: Gastrodon
|
|upkeep
|
|t:|1760369521
|switch|p2a: Tyranitar|Tyranitar, F|22/100
|-weather|Sandstorm|[from] ability: Sand Stream|[of] p2a: Tyranitar
|turn|11
|
|t:|1760369528
|move|p1a: Moltres|Air Slash|p2a: Tyranitar
|-resisted|p2a: Tyranitar
|-damage|p2a: Tyranitar|10/100
|cant|p2a: Tyranitar|flinch
|
|-weather|Sandstorm|[upkeep]
|-damage|p1a: Moltres|54/100|[from] Sandstorm
|upkeep
|turn|12
|
|t:|1760369537
|move|p1a: Moltres|Fiery Wrath|p2a: Tyranitar
|-resisted|p2a: Tyranitar
|-damage|p2a: Tyranitar|0 fnt
|faint|p2a: Tyranitar
|
|-weather|Sandstorm|[upkeep]
|-damage|p1a: Moltres|47/100|[from] Sandstorm
|upkeep
|
|t:|1760369546
|switch|p2a: Latias|Latias, F|100/100
|turn|13
|
|t:|1760369554
|-terastallize|p2a: Latias|Poison
|move|p1a: Moltres|Fiery Wrath|p2a: Latias
|-damage|p2a: Latias|61/100
|move|p2a: Latias|Agility|p2a: Latias
|-boost|p2a: Latias|spe|2
|
|-weather|Sandstorm|[upkeep]
|-damage|p2a: Latias|55/100|[from] Sandstorm
|-damage|p1a: Moltres|41/100|[from] Sandstorm
|upkeep
|turn|14
|
|t:|1760369566
|move|p2a: Latias|Aura Sphere|p1a: Moltres
|-damage|p1a: Moltres|23/100
|move|p1a: Moltres|Fiery Wrath|p2a: Latias
|-damage|p2a: Latias|19/100
|
|-weather|Sandstorm|[upkeep]
|-damage|p2a: Latias|13/100|[from] Sandstorm
|-damage|p1a: Moltres|17/100|[from] Sandstorm
|upkeep
|turn|15
|
|t:|1760369582
|move|p2a: Latias|Aura Sphere|p1a: Moltres
|-damage|p1a: Moltres|0 fnt
|faint|p1a: Moltres
|
|-weather|none
|upkeep
|
|t:|1760369590
|switch|p1a: Samurott|Samurott, F|100/100
|-damage|p1a: Samurott|88/100|[from] Stealth Rock
|turn|16
|
|t:|1760369598
|switch|p2a: Skarmory|Skarmory, F|98/100
|move|p1a: Samurott|Surf|p2a: Skarmory
|-damage|p2a: Skarmory|30/100
|
|-heal|p1a: Samurott|94/100|[from] item: Leftovers
|upkeep
|turn|17
|
|t:|1760369607
|move|p1a: Samurott|Surf|p2a: Skarmory
|-damage|p2a: Skarmory|0 fnt
|faint|p2a: Skarmory
|
|-heal|p1a: Samurott|99/100|[from] item: Leftovers
|upkeep
|-message|nicolasgimenez forfeited.
|
|win|eaesv
|raw|eaesv's rating: 1156 &rarr; <strong>1185</strong><br />(+29 for winning)
|raw|nicolasgimenez's rating: 1213 &rarr; <strong>1184</strong><br />(-29 for losing)
|l|☆nicolasgimenez
|player|p2|
|l|☆eaesv
|player|p1|
