|j|☆fjhmhgmh
|j|☆qwqweweewwqe
|t:|1760442122
|gametype|singles
|player|p1|fjhmhgmh|elesa|1000
|player|p2|qwqweweewwqe|ethan|1000
|gen|9
|tier|[Gen 9] OU
|rated|
|rule|HP Percentage Mod: HP is shown in percentages
|rule|Endless Battle Clause: Forcing endless battles is banned
|rule|Species Clause: Limit one of each Pokémon
|rule|OHKO Clause: OHKO moves are banned
|rule|Evasion Items Clause: Evasion items are banned
|rule|Evasion Moves Clause: Evasion moves are banned
|rule|Evasion Abilities Clause: Evasion abilities are banned
|rule|Sleep Moves Clause: Sleep-inducing moves are banned
|clearpoke
|poke|p1|Ceruledge, M|
|poke|p1|Ninetales, F|
|poke|p1|Leavanny, F|
|poke|p1|Great Tusk|
|poke|p1|Walking Wake|
|poke|p1|Raging Bolt|
|poke|p2|Deoxys-Speed|
|poke|p2|Iron Crown|
|poke|p2|Ogerpon-Wellspring, F|
|poke|p2|Raging Bolt|
|poke|p2|Ceruledge, F|
|poke|p2|Iron Jugulis|
|teampreview
|inactive|Battle timer is ON: inactive players will automatically lose when time's up. (requested by fjhmhgmh)
|
|t:|1760442137
|teamsize|p1|6
|teamsize|p2|6
|start
|switch|p1a: Leavanny|Leavanny, F|100/100
|switch|p2a: Raging Bolt|Raging Bolt|100/100
|turn|1
|
|t:|1760442148
|move|p1a: Leavanny|Sticky Web|p2a: Raging Bolt
|-sidestart|p2: qwqweweewwqe|move: Sticky Web
|move|p2a: Raging Bolt|Dragon Pulse|p1a: Leavanny
|-damage|p1a: Leavanny|26/100
|
|upkeep
|turn|2
|
|t:|1760442156
|-end|p2a: Raging Bolt|Protosynthesis|[silent]
|switch|p2a: Deoxys|Deoxys-Speed|100/100
|-activate|p2a: Deoxys|move: Sticky Web
|-unboost|p2a: Deoxys|spe|1
|-ability|p2a: Deoxys|Pressure
|move|p1a: Leavanny|Leaf Storm|p2a: Deoxys
|-damage|p2a: Deoxys|42/100
|-unboost|p1a: Leavanny|spa|2
|-enditem|p1a: Leavanny|Eject Pack
|
|t:|1760442165
|switch|p1a: Ceruledge|Ceruledge, M|100/100
|
|upkeep
|turn|3
|
|t:|1760442171
|move|p1a: Ceruledge|Shadow Sneak|p2a: Deoxys
|-supereffective|p2a: Deoxys
|-damage|p2a: Deoxys|0 fnt
|faint|p2a: Deoxys
|
|upkeep
|
|t:|1760442186
|switch|p2a: Iron Jugulis|Iron Jugulis|100/100
|-enditem|p2a: Iron Jugulis|Booster Energy
|-activate|p2a: Iron Jugulis|ability: Quark Drive|[fromitem]
|-start|p2a: Iron Jugulis|quarkdrivespe
|turn|4
|
|t:|1760442195
|switch|p1a: Ninetales|Ninetales, F|100/100
|-weather|SunnyDay|[from] ability: Drought|[of] p1a: Ninetales
|move|p2a: Iron Jugulis|Earth Power|p1a: Ninetales
|-supereffective|p1a: Ninetales
|-damage|p1a: Ninetales|38/100
|
|-weather|SunnyDay|[upkeep]
|upkeep
|turn|5
|inactive|qwqweweewwqe has 120 seconds left.
|l|☆qwqweweewwqe
|inactive|qwqweweewwqe disconnected and has a minute to reconnect!
|player|p2|
|j|☆qwqweweewwqe
|inactive|qwqweweewwqe reconnected and has 100 seconds left.
|player|p2|qwqweweewwqe|ethan|
|
|t:|1760442247
|-end|p2a: Iron Jugulis|Quark Drive|[silent]
|switch|p2a: Raging Bolt|Raging Bolt|100/100
|-activate|p2a: Raging Bolt|move: Sticky Web
|-unboost|p2a: Raging Bolt|spe|1
|-activate|p2a: Raging Bolt|ability: Protosynthesis
|-start|p2a: Raging Bolt|protosynthesisspa
|switch|p1a: Walking Wake|Walking Wake|100/100
|-activate|p1a: Walking Wake|ability: Protosynthesis
|-start|p1a: Walking Wake|protosynthesisspa
|
|-weather|SunnyDay|[upkeep]
|upkeep
|turn|6
|inactive|qwqweweewwqe has 90 seconds left.
|
|t:|1760442278
|-end|p2a: Raging Bolt|Protosynthesis|[silent]
|switch|p2a: Ceruledge|Ceruledge, F|100/100
|-activate|p2a: Ceruledge|move: Sticky Web
|-unboost|p2a: Ceruledge|spe|1
|move|p1a: Walking Wake|Draco Meteor|p2a: Ceruledge
|-damage|p2a: Ceruledge|0 fnt
|-unboost|p1a: Walking Wake|spa|2
|faint|p2a: Ceruledge
|
|-weather|SunnyDay|[upkeep]
|upkeep
|
|t:|1760442299
|switch|p2a: Iron Jugulis|Iron Jugulis|100/100
|turn|7
|
|t:|1760442306
|-end|p1a: Walking Wake|Protosynthesis|[silent]
|switch|p1a: Raging Bolt|Raging Bolt|100/100
|-activate|p1a: Raging Bolt|ability: Protosynthesis
|-start|p1a: Raging Bolt|protosynthesisspa
|move|p2a: Iron Jugulis|Earth Power|p1a: Raging Bolt
|-supereffective|p1a: Raging Bolt
|-damage|p1a: Raging Bolt|38/100
|
|-weather|SunnyDay|[upkeep]
|upkeep
|turn|8
|
|t:|1760442318
|move|p1a: Raging Bolt|Thunderclap|p2a: Iron Jugulis
|-supereffective|p2a: Iron Jugulis
|-damage|p2a: Iron Jugulis|0 fnt
|faint|p2a: Iron Jugulis
|-end|p2a: Iron Jugulis|Quark Drive|[silent]
|-damage|p1a: Raging Bolt|28/100|[from] item: Life Orb
|
|-weather|SunnyDay|[upkeep]
|upkeep
|
|t:|1760442329
|switch|p2a: Ogerpon|Ogerpon-Wellspring, F|100/100
|-activate|p2a: Ogerpon|move: Sticky Web
|-unboost|p2a: Ogerpon|spe|1
|turn|9
|
|t:|1760442342
|move|p1a: Raging Bolt|Dragon Pulse|p2a: Ogerpon
|-damage|p2a: Ogerpon|22/100
|-damage|p1a: Raging Bolt|18/100|[from] item: Life Orb
|move|p2a: Ogerpon|Synthesis|p2a: Ogerpon
|-heal|p2a: Ogerpon|88/100
|
|-weather|SunnyDay|[upkeep]
|upkeep
|turn|10
|
|t:|1760442351
|move|p1a: Raging Bolt|Dragon Pulse|p2a: Ogerpon
|-damage|p2a: Ogerpon|6/100
|-damage|p1a: Raging Bolt|8/100|[from] item: Life Orb
|move|p2a: Ogerpon|Synthesis|p2a: Ogerpon
|-heal|p2a: Ogerpon|72/100
|
|-weather|SunnyDay|[upkeep]
|upkeep
|turn|11
|inactive|qwqweweewwqe has 60 seconds left.
|
|t:|1760442374
|switch|p2a: Iron Crown|Iron Crown|100/100
|-activate|p2a: Iron Crown|move: Sticky Web
|-unboost|p2a: Iron Crown|spe|1
|-enditem|p2a: Iron Crown|Booster Energy
|-activate|p2a: Iron Crown|ability: Quark Drive|[fromitem]
|-start|p2a: Iron Crown|quarkdrivespa
|move|p1a: Raging Bolt|Dragon Pulse|p2a: Iron Crown
|-resisted|p2a: Iron Crown
|-damage|p2a: Iron Crown|60/100
|-damage|p1a: Raging Bolt|0 fnt|[from] item: Life Orb
|faint|p1a: Raging Bolt
|-end|p1a: Raging Bolt|Protosynthesis|[silent]
|
|-weather|none
|upkeep
|
|t:|1760442385
|switch|p1a: Ninetales|Ninetales, F|38/100
|-weather|SunnyDay|[from] ability: Drought|[of] p1a: Ninetales
|turn|12
|
|t:|1760442391
|move|p1a: Ninetales|Healing Wish|p1a: Ninetales
|faint|p1a: Ninetales
|move|p2a: Iron Crown|Psyshock|p1: Ninetales|[notarget]
|-fail|p2a: Iron Crown
|
|-weather|SunnyDay|[upkeep]
|upkeep
|
|t:|1760442397
|switch|p1a: Walking Wake|Walking Wake|100/100
|-activate|p1a: Walking Wake|ability: Protosynthesis
|-start|p1a: Walking Wake|protosynthesisspa
|turn|13
|
|t:|1760442405
|move|p1a: Walking Wake|Dragon Pulse|p2a: Iron Crown
|-resisted|p2a: Iron Crown
|-damage|p2a: Iron Crown|18/100
|move|p2a: Iron Crown|Psyshock|p1a: Walking Wake
|-damage|p1a: Walking Wake|45/100
|
|-weather|SunnyDay|[upkeep]
|upkeep
|turn|14
|
|t:|1760442414
|move|p1a: Walking Wake|Dragon Pulse|p2a: Iron Crown
|-resisted|p2a: Iron Crown
|-damage|p2a: Iron Crown|0 fnt
|faint|p2a: Iron Crown
|-end|p2a: Iron Crown|Quark Drive|[silent]
|
|-weather|SunnyDay|[upkeep]
|upkeep
|inactive|qwqweweewwqe has 60 seconds left.
|
|t:|1760442450
|switch|p2a: Raging Bolt|Raging Bolt|100/100
|-activate|p2a: Raging Bolt|move: Sticky Web
|-unboost|p2a: Raging Bolt|spe|1
|-activate|p2a: Raging Bolt|ability: Protosynthesis
|-start|p2a: Raging Bolt|protosynthesisspa
|turn|15
|inactive|qwqweweewwqe has 60 seconds left.
|
|t:|1760442455
|move|p2a: Raging Bolt|Thunderclap|p1a: Walking Wake
|-damage|p1a: Walking Wake|0 fnt
|faint|p1a: Walking Wake
|-end|p1a: Walking Wake|Protosynthesis|[silent]
|
|-weather|SunnyDay|[upkeep]
|upkeep
|
|t:|1760442460
|switch|p1a: Great Tusk|Great Tusk|100/100
|-activate|p1a: Great Tusk|ability: Protosynthesis
|-start|p1a: Great Tusk|protosynthesisatk
|turn|16
|inactive|qwqweweewwqe has 60 seconds left.
|
|t:|1760442483
|move|p1a: Great Tusk|Headlong Rush|p2a: Raging Bolt
|-supereffective|p2a: Raging Bolt
|-damage|p2a: Raging Bolt|0 fnt
|-unboost|p1a: Great Tusk|def|1
|-unboost|p1a: Great Tusk|spd|1
|faint|p2a: Raging Bolt
|-end|p2a: Raging Bolt|Protosynthesis|[silent]
|
|-weather|SunnyDay|[upkeep]
|upkeep
|
|t:|1760442485
|switch|p2a: Ogerpon|Ogerpon-Wellspring, F|72/100
|-activate|p2a: Ogerpon|move: Sticky Web
|-unboost|p2a: Ogerpon|spe|1
|turn|17
|
|t:|1760442500
|move|p1a: Great Tusk|Headlong Rush|p2a: Ogerpon
|-resisted|p2a: Ogerpon
|-damage|p2a: Ogerpon|29/100
|-unboost|p1a: Great Tusk|def|1
|-unboost|p1a: Great Tusk|spd|1
|move|p2a: Ogerpon|Synthesis|p2a: Ogerpon
|-heal|p2a: Ogerpon|96/100
|
|-weather|SunnyDay|[upkeep]
|upkeep
|turn|18
|
|t:|1760442509
|-end|p1a: Great Tusk|Protosynthesis|[silent]
|switch|p1a: Leavanny|Leavanny, F|26/100
|-heal|p1a: Leavanny|100/100|[from] move: Healing Wish
|move|p2a: Ogerpon|Trailblaze|p1a: Leavanny
|-resisted|p1a: Leavanny
|-damage|p1a: Leavanny|91/100
|-boost|p2a: Ogerpon|spe|1
|
|-weather|SunnyDay|[upkeep]
|upkeep
|turn|19
|
|t:|1760442529
|move|p1a: Leavanny|Triple Axel|p2a: Ogerpon
|-damage|p2a: Ogerpon|89/100
|-damage|p2a: Ogerpon|76/100
|-damage|p2a: Ogerpon|57/100
|-hitcount|p2a: Ogerpon|3
|move|p2a: Ogerpon|Trailblaze|p1a: Leavanny
|-resisted|p1a: Leavanny
|-damage|p1a: Leavanny|81/100
|-boost|p2a: Ogerpon|spe|1
|
|-weather|none
|upkeep
|turn|20
|
|t:|1760442540
|move|p2a: Ogerpon|Synthesis|p2a: Ogerpon
|-heal|p2a: Ogerpon|100/100
|move|p1a: Leavanny|Triple Axel|p2a: Ogerpon
|-damage|p2a: Ogerpon|94/100
|-damage|p2a: Ogerpon|80/100
|-damage|p2a: Ogerpon|61/100
|-hitcount|p2a: Ogerpon|3
|
|upkeep
|turn|21
|
|t:|1760442560
|move|p2a: Ogerpon|Swords Dance|p2a: Ogerpon
|-boost|p2a: Ogerpon|atk|2
|move|p1a: Leavanny|Triple Axel|p2a: Ogerpon
|-damage|p2a: Ogerpon|54/100
|-damage|p2a: Ogerpon|40/100
|-damage|p2a: Ogerpon|21/100
|-hitcount|p2a: Ogerpon|3
|
|upkeep
|turn|22
|
|t:|1760442569
|move|p2a: Ogerpon|Synthesis|p2a: Ogerpon
|-heal|p2a: Ogerpon|71/100
|move|p1a: Leavanny|Triple Axel|p2a: Ogerpon
|-damage|p2a: Ogerpon|63/100
|-damage|p2a: Ogerpon|51/100
|-damage|p2a: Ogerpon|30/100
|-hitcount|p2a: Ogerpon|3
|
|upkeep
|turn|23
|
|t:|1760442577
|move|p2a: Ogerpon|Synthesis|p2a: Ogerpon
|-heal|p2a: Ogerpon|79/100
|move|p1a: Leavanny|Triple Axel|p2a: Ogerpon
|-damage|p2a: Ogerpon|73/100
|-hitcount|p2a: Ogerpon|1
|
|upkeep
|turn|24
|inactive|qwqweweewwqe has 90 seconds left.
|
|t:|1760442592
|-terastallize|p2a: Ogerpon|Water
|detailschange|p2a: Ogerpon|Ogerpon-Wellspring-Tera, F, tera:Water
|-ability|p2a: Ogerpon|Embody Aspect (Wellspring)|boost
|-boost|p2a: Ogerpon|spd|1
|move|p2a: Ogerpon|Ivy Cudgel|p1a: Leavanny|[anim] Ivy Cudgel Water
|-resisted|p1a: Leavanny
|-damage|p1a: Leavanny|0 fnt
|faint|p1a: Leavanny
|
|upkeep
|
|t:|1760442603
|switch|p1a: Ceruledge|Ceruledge, M|100/100
|turn|25
|
|t:|1760442609
|-terastallize|p1a: Ceruledge|Grass
|move|p2a: Ogerpon|Trailblaze|p1a: Ceruledge
|-resisted|p1a: Ceruledge
|-damage|p1a: Ceruledge|62/100
|-boost|p2a: Ogerpon|spe|1
|-ability|p1a: Ceruledge|Weak Armor|boost
|-unboost|p1a: Ceruledge|def|1
|-boost|p1a: Ceruledge|spe|2
|move|p1a: Ceruledge|Solar Blade||[still]
|-prepare|p1a: Ceruledge|Solar Blade
|
|upkeep
|turn|26
|
|t:|1760442621
|move|p2a: Ogerpon|Ivy Cudgel|p1a: Ceruledge|[anim] Ivy Cudgel Water
|-resisted|p1a: Ceruledge
|-crit|p1a: Ceruledge
|-damage|p1a: Ceruledge|0 fnt
|faint|p1a: Ceruledge
|
|upkeep
|-message|fjhmhgmh forfeited.
|
|win|qwqweweewwqe
|raw|fjhmhgmh's rating: 1000 &rarr; <strong>1000</strong><br />(+0 for losing)
|raw|qwqweweewwqe's rating: 1000 &rarr; <strong>1040</strong><br />(+40 for winning)
|l|☆fjhmhgmh
|player|p1|
