|j|☆yousonofaBImin
|j|☆sebastian.gough
|t:|1760331926
|gametype|singles
|player|p1|yousonofaBImin|blue|1316
|player|p2|sebastian.gough|alder|1245
|gen|9
|tier|[Gen 9] OU
|rated|
|rule|HP Percentage Mod: HP is shown in percentages
|rule|Endless Battle Clause: Forcing endless battles is banned
|rule|Species Clause: Limit one of each Pokémon
|rule|OHKO Clause: OHKO moves are banned
|rule|Evasion Items Clause: Evasion items are banned
|rule|Evasion Moves Clause: Evasion moves are banned
|rule|Evasion Abilities Clause: Evasion abilities are banned
|rule|Sleep Moves Clause: Sleep-inducing moves are banned
|clearpoke
|poke|p1|Iron Valiant|
|poke|p1|Gliscor, M|
|poke|p1|Alomomola, M|
|poke|p1|Blissey, F|
|poke|p1|Raging Bolt|
|poke|p1|Dragapult, M|
|poke|p2|Cyclizar, M|
|poke|p2|Latios, M|
|poke|p2|Slowking-Galar, M|
|poke|p2|Greninja-*, M|
|poke|p2|Gholdengo|
|poke|p2|Great Tusk|
|teampreview
|
|t:|1760331937
|teamsize|p1|6
|teamsize|p2|6
|start
|switch|p1a: Gliscor|Gliscor, M|100/100
|switch|p2a: Great Tusk|Great Tusk, shiny|100/100
|turn|1
|
|t:|1760331944
|move|p1a: Gliscor|Protect|p1a: Gliscor
|-singleturn|p1a: Gliscor|Protect
|move|p2a: Great Tusk|Ice Spinner|p1a: Gliscor
|-activate|p1a: Gliscor|move: Protect
|
|-status|p1a: Gliscor|tox|[from] item: Toxic Orb
|upkeep
|turn|2
|
|t:|1760331950
|switch|p1a: Alomomola|Alomomola, M|100/100
|move|p2a: Great Tusk|Ice Spinner|p1a: Alomomola
|-resisted|p1a: Alomomola
|-damage|p1a: Alomomola|93/100
|-damage|p2a: Great Tusk|84/100|[from] item: Rocky Helmet|[of] p1a: Alomomola
|
|upkeep
|turn|3
|
|t:|1760331963
|move|p2a: Great Tusk|Stealth Rock|p1a: Alomomola
|-sidestart|p1: yousonofaBImin|move: Stealth Rock
|move|p1a: Alomomola|Flip Turn|p2a: Great Tusk
|-supereffective|p2a: Great Tusk
|-damage|p2a: Great Tusk|62/100
|
|t:|1760331996
|switch|p1a: Dragapult|Dragapult, M|100/100|[from] Flip Turn
|-damage|p1a: Dragapult|88/100|[from] Stealth Rock
|
|upkeep
|turn|4
|
|t:|1760332005
|move|p1a: Dragapult|Draco Meteor|p2a: Great Tusk
|-damage|p2a: Great Tusk|0 fnt
|-unboost|p1a: Dragapult|spa|2
|faint|p2a: Great Tusk
|-end|p2a: Great Tusk|Protosynthesis|[silent]
|-damage|p1a: Dragapult|78/100|[from] item: Life Orb
|
|upkeep
|
|t:|1760332032
|switch|p2a: Gholdengo|Gholdengo, shiny|100/100
|-item|p2a: Gholdengo|Air Balloon
|turn|5
|
|t:|1760332056
|move|p1a: Dragapult|U-turn|p2a: Gholdengo
|-resisted|p2a: Gholdengo
|-damage|p2a: Gholdengo|91/100
|-enditem|p2a: Gholdengo|Air Balloon
|-damage|p1a: Dragapult|69/100|[from] item: Life Orb
|
|t:|1760332062
|switch|p1a: Gliscor|Gliscor, M|100/100 tox|[from] U-turn
|-damage|p1a: Gliscor|88/100 tox|[from] Stealth Rock
|move|p2a: Gholdengo|Dazzling Gleam|p1a: Gliscor
|-damage|p1a: Gliscor|49/100 tox
|
|-damage|p1a: Gliscor|42/100 tox|[from] psn
|upkeep
|turn|6
|
|t:|1760332079
|move|p1a: Gliscor|Knock Off|p2a: Gholdengo
|-supereffective|p2a: Gholdengo
|-damage|p2a: Gholdengo|49/100
|move|p2a: Gholdengo|Shadow Ball|p1a: Gliscor
|-damage|p1a: Gliscor|0 fnt
|faint|p1a: Gliscor
|
|upkeep
|
|t:|1760332093
|switch|p1a: Dragapult|Dragapult, M|69/100
|-damage|p1a: Dragapult|56/100|[from] Stealth Rock
|turn|7
|
|t:|1760332104
|-terastallize|p2a: Gholdengo|Fairy
|move|p1a: Dragapult|Sucker Punch|p2a: Gholdengo
|-resisted|p2a: Gholdengo
|-damage|p2a: Gholdengo|32/100
|-damage|p1a: Dragapult|47/100|[from] item: Life Orb
|move|p2a: Gholdengo|Dazzling Gleam|p1a: Dragapult
|-supereffective|p1a: Dragapult
|-damage|p1a: Dragapult|0 fnt
|faint|p1a: Dragapult
|
|upkeep
|
|t:|1760332132
|switch|p1a: Blissey|Blissey, F|100/100
|-damage|p1a: Blissey|88/100|[from] Stealth Rock
|turn|8
|
|t:|1760332144
|move|p2a: Gholdengo|Dazzling Gleam|p1a: Blissey
|-damage|p1a: Blissey|72/100
|move|p1a: Blissey|Thunder Wave|p2a: Gholdengo
|-immune|p2a: Gholdengo|[from] ability: Good as Gold
|
|-heal|p1a: Blissey|78/100|[from] item: Leftovers
|upkeep
|turn|9
|
|t:|1760332177
|move|p2a: Gholdengo|Nasty Plot|p2a: Gholdengo
|-boost|p2a: Gholdengo|spa|2
|move|p1a: Blissey|Seismic Toss|p2a: Gholdengo
|-damage|p2a: Gholdengo|0 fnt
|faint|p2a: Gholdengo
|
|-heal|p1a: Blissey|84/100|[from] item: Leftovers
|upkeep
|
|t:|1760332202
|switch|p2a: Cyclizar|Cyclizar, M, shiny|100/100
|turn|10
|
|t:|1760332228
|move|p2a: Cyclizar|Iron Head|p1a: Blissey
|-damage|p1a: Blissey|58/100
|cant|p1a: Blissey|flinch
|
|-heal|p1a: Blissey|64/100|[from] item: Leftovers
|upkeep
|turn|11
|
|t:|1760332257
|move|p2a: Cyclizar|Iron Head|p1a: Blissey
|-damage|p1a: Blissey|33/100
|cant|p1a: Blissey|flinch
|
|-heal|p1a: Blissey|39/100|[from] item: Leftovers
|upkeep
|turn|12
|
|t:|1760332261
|move|p2a: Cyclizar|Iron Head|p1a: Blissey
|-damage|p1a: Blissey|8/100
|move|p1a: Blissey|Soft-Boiled|p1a: Blissey
|-heal|p1a: Blissey|58/100
|
|-heal|p1a: Blissey|65/100|[from] item: Leftovers
|upkeep
|turn|13
|
|t:|1760332269
|move|p2a: Cyclizar|Iron Head|p1a: Blissey
|-damage|p1a: Blissey|34/100
|cant|p1a: Blissey|flinch
|
|-heal|p1a: Blissey|40/100|[from] item: Leftovers
|upkeep
|turn|14
|
|t:|1760332273
|move|p2a: Cyclizar|Iron Head|p1a: Blissey
|-damage|p1a: Blissey|9/100
|move|p1a: Blissey|Soft-Boiled|p1a: Blissey
|-heal|p1a: Blissey|59/100
|
|-heal|p1a: Blissey|65/100|[from] item: Leftovers
|upkeep
|turn|15
|
|t:|1760332278
|move|p2a: Cyclizar|Iron Head|p1a: Blissey
|-damage|p1a: Blissey|35/100
|move|p1a: Blissey|Soft-Boiled|p1a: Blissey
|-heal|p1a: Blissey|85/100
|
|-heal|p1a: Blissey|92/100|[from] item: Leftovers
|upkeep
|turn|16
|
|t:|1760332283
|move|p2a: Cyclizar|Iron Head|p1a: Blissey
|-damage|p1a: Blissey|60/100
|move|p1a: Blissey|Thunder Wave|p2a: Cyclizar
|-status|p2a: Cyclizar|par
|
|-heal|p1a: Blissey|66/100|[from] item: Leftovers
|upkeep
|turn|17
|
|t:|1760332289
|cant|p2a: Cyclizar|par
|move|p1a: Blissey|Soft-Boiled|p1a: Blissey
|-heal|p1a: Blissey|100/100
|
|upkeep
|turn|18
|
|t:|1760332332
|switch|p1a: Alomomola|Alomomola, M|100/100
|-damage|p1a: Alomomola|88/100|[from] Stealth Rock
|move|p2a: Cyclizar|Iron Head|p1a: Alomomola
|-resisted|p1a: Alomomola
|-damage|p1a: Alomomola|79/100
|-damage|p2a: Cyclizar|84/100 par|[from] item: Rocky Helmet|[of] p1a: Alomomola
|
|upkeep
|turn|19
|
|t:|1760332343
|move|p2a: Cyclizar|Iron Head|p1a: Alomomola
|-resisted|p1a: Alomomola
|-damage|p1a: Alomomola|70/100
|-damage|p2a: Cyclizar|68/100 par|[from] item: Rocky Helmet|[of] p1a: Alomomola
|move|p1a: Alomomola|Flip Turn|p2a: Cyclizar
|-resisted|p2a: Cyclizar
|-damage|p2a: Cyclizar|55/100 par
|
|t:|1760332355
|switch|p1a: Raging Bolt|Raging Bolt|100/100|[from] Flip Turn
|-damage|p1a: Raging Bolt|88/100|[from] Stealth Rock
|-enditem|p1a: Raging Bolt|Booster Energy
|-activate|p1a: Raging Bolt|ability: Protosynthesis|[fromitem]
|-start|p1a: Raging Bolt|protosynthesisspa
|
|upkeep
|turn|20
|
|t:|1760332363
|move|p2a: Cyclizar|Iron Head|p1a: Raging Bolt
|-resisted|p1a: Raging Bolt
|-damage|p1a: Raging Bolt|76/100
|move|p1a: Raging Bolt|Calm Mind|p1a: Raging Bolt
|-boost|p1a: Raging Bolt|spa|1
|-boost|p1a: Raging Bolt|spd|1
|
|upkeep
|turn|21
|
|t:|1760332368
|switch|p2a: Slowking|Slowking-Galar, M, shiny|100/100
|move|p1a: Raging Bolt|Thunderclap||[still]
|-fail|p1a: Raging Bolt
|
|upkeep
|turn|22
|
|t:|1760332377
|move|p1a: Raging Bolt|Calm Mind|p1a: Raging Bolt
|-boost|p1a: Raging Bolt|spa|1
|-boost|p1a: Raging Bolt|spd|1
|move|p2a: Slowking|Ice Beam|p1a: Raging Bolt
|-supereffective|p1a: Raging Bolt
|-damage|p1a: Raging Bolt|57/100
|
|upkeep
|turn|23
|
|t:|1760332410
|move|p1a: Raging Bolt|Thunderbolt|p2a: Slowking
|-damage|p2a: Slowking|7/100
|move|p2a: Slowking|Ice Beam|p1a: Raging Bolt
|-supereffective|p1a: Raging Bolt
|-damage|p1a: Raging Bolt|36/100
|
|upkeep
|turn|24
|
|t:|1760332417
|move|p1a: Raging Bolt|Thunderbolt|p2a: Slowking
|-damage|p2a: Slowking|0 fnt
|faint|p2a: Slowking
|
|upkeep
|
|t:|1760332423
|switch|p2a: Latios|Latios, M, shiny|100/100
|turn|25
|
|t:|1760332446
|move|p2a: Latios|Draco Meteor|p1a: Raging Bolt
|-supereffective|p1a: Raging Bolt
|-damage|p1a: Raging Bolt|0 fnt
|-unboost|p2a: Latios|spa|2
|faint|p1a: Raging Bolt
|-end|p1a: Raging Bolt|Protosynthesis|[silent]
|
|upkeep
|
|t:|1760332450
|switch|p1a: Iron Valiant|Iron Valiant|100/100
|-damage|p1a: Iron Valiant|94/100|[from] Stealth Rock
|-enditem|p1a: Iron Valiant|Booster Energy
|-activate|p1a: Iron Valiant|ability: Quark Drive|[fromitem]
|-start|p1a: Iron Valiant|quarkdrivespe
|turn|26
|
|t:|1760332461
|switch|p2a: Cyclizar|Cyclizar, M, shiny|88/100 par
|move|p1a: Iron Valiant|Calm Mind|p1a: Iron Valiant
|-boost|p1a: Iron Valiant|spa|1
|-boost|p1a: Iron Valiant|spd|1
|
|upkeep
|turn|27
|
|t:|1760332490
|move|p1a: Iron Valiant|Aura Sphere|p2a: Cyclizar
|-supereffective|p2a: Cyclizar
|-damage|p2a: Cyclizar|0 fnt
|faint|p2a: Cyclizar
|
|upkeep
|
|t:|1760332501
|switch|p2a: Greninja|Greninja, M|100/100
|turn|28
|
|t:|1760332522
|move|p2a: Greninja|Water Shuriken|p1a: Iron Valiant
|-damage|p1a: Iron Valiant|83/100
|-damage|p1a: Iron Valiant|71/100
|-damage|p1a: Iron Valiant|60/100
|-damage|p1a: Iron Valiant|50/100
|-damage|p1a: Iron Valiant|40/100
|-hitcount|p1a: Iron Valiant|5
|-damage|p2a: Greninja|91/100|[from] item: Life Orb
|move|p1a: Iron Valiant|Aura Sphere|p2a: Greninja
|-supereffective|p2a: Greninja
|-damage|p2a: Greninja|0 fnt
|faint|p2a: Greninja
|
|upkeep
|
|t:|1760332533
|switch|p2a: Latios|Latios, M, shiny|100/100
|turn|29
|
|t:|1760332551
|move|p1a: Iron Valiant|Moonblast|p2a: Latios
|-supereffective|p2a: Latios
|-damage|p2a: Latios|0 fnt
|faint|p2a: Latios
|
|win|yousonofaBImin
|raw|yousonofaBImin's rating: 1316 &rarr; <strong>1332</strong><br />(+16 for winning)
|raw|sebastian.gough's rating: 1245 &rarr; <strong>1225</strong><br />(-20 for losing)
|l|☆sebastian.gough
|player|p2|
