|j|☆transeuntbr
|j|☆hussein119
|t:|1760346188
|gametype|singles
|player|p1|transeuntbr|170|1152
|player|p2|hussein119|lyra|1118
|gen|9
|tier|[Gen 9] OU
|rated|
|rule|HP Percentage Mod: HP is shown in percentages
|rule|Endless Battle Clause: Forcing endless battles is banned
|rule|Species Clause: Limit one of each Pokémon
|rule|OHKO Clause: OHKO moves are banned
|rule|Evasion Items Clause: Evasion items are banned
|rule|Evasion Moves Clause: Evasion moves are banned
|rule|Evasion Abilities Clause: Evasion abilities are banned
|rule|Sleep Moves Clause: Sleep-inducing moves are banned
|clearpoke
|poke|p1|Corviknight, M|
|poke|p1|Gardevoir, F|
|poke|p1|Latios, M|
|poke|p1|Milotic, F|
|poke|p1|Weavile, F|
|poke|p1|Venusaur, M|
|poke|p2|Lokix, M|
|poke|p2|Comfey, F|
|poke|p2|Great Tusk|
|poke|p2|Krookodile, M|
|poke|p2|Revavroom, F|
|poke|p2|Dragapult, F|
|teampreview
|
|t:|1760346195
|teamsize|p1|6
|teamsize|p2|6
|start
|switch|p1a: Corviknight|Corviknight, M|100/100
|switch|p2a: Lokix|Lokix, M|100/100
|turn|1
|
|t:|1760346206
|move|p2a: Lokix|Knock Off|p1a: Corviknight
|-damage|p1a: Corviknight|55/100
|-enditem|p1a: Corviknight|Leftovers|[from] move: Knock Off|[of] p2a: Lokix
|move|p1a: Corviknight|U-turn|p2a: Lokix
|-supereffective|p2a: Lokix
|-damage|p2a: Lokix|54/100
|
|t:|1760346222
|switch|p1a: Milotic|Milotic, F|100/100|[from] U-turn
|
|upkeep
|turn|2
|
|t:|1760346229
|move|p2a: Lokix|Knock Off|p1a: Milotic
|-damage|p1a: Milotic|48/100
|-enditem|p1a: Milotic|Leftovers|[from] move: Knock Off|[of] p2a: Lokix
|move|p1a: Milotic|Scald|p2a: Lokix
|-damage|p2a: Lokix|5/100
|-status|p2a: Lokix|brn
|
|-damage|p2a: Lokix|0 fnt|[from] brn
|faint|p2a: Lokix
|upkeep
|
|t:|1760346238
|switch|p2a: Krookodile|Krookodile, M|100/100
|turn|3
|
|t:|1760346247
|move|p2a: Krookodile|Scale Shot|p1a: Milotic
|-damage|p1a: Milotic|38/100
|-damage|p1a: Milotic|27/100
|-damage|p1a: Milotic|18/100
|-damage|p1a: Milotic|7/100
|-damage|p1a: Milotic|0 fnt
|faint|p1a: Milotic
|-ability|p2a: Krookodile|Moxie|boost
|-boost|p2a: Krookodile|atk|1
|-hitcount|p1: Milotic|5
|-unboost|p2a: Krookodile|def|1
|-boost|p2a: Krookodile|spe|1
|-damage|p2a: Krookodile|91/100|[from] item: Life Orb
|
|upkeep
|
|t:|1760346285
|switch|p1a: Latios|Latios, M|100/100
|turn|4
|
|t:|1760346291
|move|p1a: Latios|Ice Beam|p2a: Krookodile
|-supereffective|p2a: Krookodile
|-damage|p2a: Krookodile|1/100
|move|p2a: Krookodile|Crunch|p1a: Latios
|-supereffective|p1a: Latios
|-damage|p1a: Latios|0 fnt
|faint|p1a: Latios
|-ability|p2a: Krookodile|Moxie|boost
|-boost|p2a: Krookodile|atk|1
|-damage|p2a: Krookodile|0 fnt|[from] item: Life Orb
|faint|p2a: Krookodile
|
|upkeep
|
|t:|1760346313
|switch|p1a: Venusaur|Venusaur, M|100/100
|switch|p2a: Comfey|Comfey, F, shiny|100/100
|turn|5
|
|t:|1760346319
|switch|p2a: Revavroom|Revavroom, F|100/100
|move|p1a: Venusaur|Sludge Bomb|p2a: Revavroom
|-immune|p2a: Revavroom
|
|upkeep
|turn|6
|
|t:|1760346329
|move|p2a: Revavroom|Shift Gear|p2a: Revavroom
|-boost|p2a: Revavroom|spe|2
|-boost|p2a: Revavroom|atk|1
|move|p1a: Venusaur|Leech Seed|p2a: Revavroom
|-start|p2a: Revavroom|move: Leech Seed
|
|-damage|p2a: Revavroom|88/100|[from] Leech Seed|[of] p1a: Venusaur
|upkeep
|turn|7
|
|t:|1760346338
|move|p2a: Revavroom|Iron Head|p1a: Venusaur
|-damage|p1a: Venusaur|39/100
|move|p1a: Venusaur|Knock Off|p2a: Revavroom
|-damage|p2a: Revavroom|65/100
|-enditem|p2a: Revavroom|Focus Sash|[from] move: Knock Off|[of] p1a: Venusaur
|
|-heal|p1a: Venusaur|45/100|[from] item: Leftovers
|-damage|p2a: Revavroom|52/100|[from] Leech Seed|[of] p1a: Venusaur
|-heal|p1a: Venusaur|57/100|[silent]
|upkeep
|turn|8
|
|t:|1760346350
|switch|p1a: Corviknight|Corviknight, M|55/100
|move|p2a: Revavroom|Iron Head|p1a: Corviknight
|-resisted|p1a: Corviknight
|-damage|p1a: Corviknight|31/100
|
|-damage|p2a: Revavroom|40/100|[from] Leech Seed|[of] p1a: Corviknight
|-heal|p1a: Corviknight|42/100|[silent]
|upkeep
|turn|9
|
|t:|1760346359
|move|p2a: Revavroom|Iron Head|p1a: Corviknight
|-resisted|p1a: Corviknight
|-damage|p1a: Corviknight|16/100
|move|p1a: Corviknight|Reflect|p1a: Corviknight
|-sidestart|p1: transeuntbr|Reflect
|
|-damage|p2a: Revavroom|28/100|[from] Leech Seed|[of] p1a: Corviknight
|-heal|p1a: Corviknight|27/100|[silent]
|upkeep
|turn|10
|
|t:|1760346373
|switch|p2a: Dragapult|Dragapult, F|100/100
|move|p1a: Corviknight|Drill Peck|p2a: Dragapult
|-damage|p2a: Dragapult|67/100
|
|upkeep
|turn|11
|
|t:|1760346380
|move|p2a: Dragapult|Thunderbolt|p1a: Corviknight
|-supereffective|p1a: Corviknight
|-crit|p1a: Corviknight
|-damage|p1a: Corviknight|0 fnt
|faint|p1a: Corviknight
|
|upkeep
|
|t:|1760346393
|switch|p1a: Tim 1|Gardevoir, F, shiny|100/100
|-ability|p1a: Tim 1|Clear Body|Trace|[from] ability: Trace|[of] p2a: Dragapult
|turn|12
|
|t:|1760346402
|switch|p2a: Revavroom|Revavroom, F|28/100
|move|p1a: Tim 1|Mystical Fire|p2a: Revavroom
|-supereffective|p2a: Revavroom
|-damage|p2a: Revavroom|0 fnt
|faint|p2a: Revavroom
|
|upkeep
|
|t:|1760346409
|switch|p2a: Comfey|Comfey, F, shiny|100/100
|turn|13
|
|t:|1760346414
|switch|p1a: Venusaur|Venusaur, M|57/100
|move|p2a: Comfey|Calm Mind|p2a: Comfey
|-boost|p2a: Comfey|spa|1
|-boost|p2a: Comfey|spd|1
|
|-heal|p1a: Venusaur|63/100|[from] item: Leftovers
|-sideend|p1: transeuntbr|Reflect
|upkeep
|turn|14
|
|t:|1760346424
|-terastallize|p2a: Comfey|Ground
|move|p2a: Comfey|Tera Blast|p1a: Venusaur|[anim] Tera Blast Ground
|-damage|p1a: Venusaur|22/100
|move|p1a: Venusaur|Leech Seed|p2a: Comfey|[miss]
|-miss|p1a: Venusaur|p2a: Comfey
|
|-heal|p1a: Venusaur|28/100|[from] item: Leftovers
|upkeep
|turn|15
|
|t:|1760346437
|move|p2a: Comfey|Tera Blast|p1a: Venusaur|[anim] Tera Blast Ground
|-damage|p1a: Venusaur|0 fnt
|faint|p1a: Venusaur
|
|upkeep
|
|t:|1760346446
|switch|p1a: Weavile|Weavile, F|100/100
|-ability|p1a: Weavile|Pressure
|turn|16
|
|t:|1760346452
|-terastallize|p1a: Weavile|Fighting
|move|p2a: Comfey|Draining Kiss|p1a: Weavile
|-supereffective|p1a: Weavile
|-damage|p1a: Weavile|17/100
|move|p1a: Weavile|Brick Break|p2a: Comfey
|-damage|p2a: Comfey|50/100
|
|-heal|p2a: Comfey|56/100|[from] item: Leftovers
|upkeep
|turn|17
|
|t:|1760346463
|move|p2a: Comfey|Draining Kiss|p1a: Weavile
|-supereffective|p1a: Weavile
|-damage|p1a: Weavile|0 fnt
|-heal|p2a: Comfey|67/100|[from] drain|[of] p1a: Weavile
|faint|p1a: Weavile
|
|-heal|p2a: Comfey|73/100|[from] item: Leftovers
|upkeep
|
|t:|1760346472
|switch|p1a: Tim 1|Gardevoir, F, shiny|100/100
|-ability|p1a: Tim 1|Triage|Trace|[from] ability: Trace|[of] p2a: Comfey
|turn|18
|
|t:|1760346477
|move|p1a: Tim 1|Moonblast|p2a: Comfey
|-damage|p2a: Comfey|36/100
|move|p2a: Comfey|Dazzling Gleam|p1a: Tim 1
|-damage|p1a: Tim 1|50/100
|
|-heal|p2a: Comfey|43/100|[from] item: Leftovers
|upkeep
|turn|19
|l|☆transeuntbr
|player|p1|
|inactive|Battle timer is ON: inactive players will automatically lose when time's up. (requested by hussein119)
|inactive|transeuntbr has 30 seconds to reconnect!
|inactive|transeuntbr has 20 seconds to reconnect!
|inactive|transeuntbr has 15 seconds to reconnect!
|inactive|transeuntbr has 10 seconds to reconnect!
|inactive|transeuntbr has 5 seconds to reconnect!
|-message|transeuntbr lost due to inactivity.
|
|win|hussein119
|raw|transeuntbr's rating: 1152 &rarr; <strong>1125</strong><br />(-27 for losing)
|raw|hussein119's rating: 1118 &rarr; <strong>1145</strong><br />(+27 for winning)
|c|☆hussein119|bro lost to a comfey
|l|☆hussein119
|player|p2|
