|j|☆WeRrsome
|j|☆vghhjg
|t:|1760437252
|gametype|singles
|player|p1|WeRrsome|1|1515
|player|p2|vghhjg|170|1484
|gen|9
|tier|[Gen 9] OU
|rated|
|rule|HP Percentage Mod: HP is shown in percentages
|rule|Endless Battle Clause: Forcing endless battles is banned
|rule|Species Clause: Limit one of each Pokémon
|rule|OHKO Clause: OHKO moves are banned
|rule|Evasion Items Clause: Evasion items are banned
|rule|Evasion Moves Clause: Evasion moves are banned
|rule|Evasion Abilities Clause: Evasion abilities are banned
|rule|Sleep Moves Clause: Sleep-inducing moves are banned
|clearpoke
|poke|p1|Araquanid, F|
|poke|p1|Dragonite, M|
|poke|p1|Magnezone|
|poke|p1|Landorus-Therian, M|
|poke|p1|Iron Treads|
|poke|p1|Gengar, F|
|poke|p2|Ribombee, F|
|poke|p2|Gholdengo|
|poke|p2|Dragonite, M|
|poke|p2|Enamorus, F|
|poke|p2|Iron Moth|
|poke|p2|Iron Treads|
|teampreview
|inactive|Battle timer is ON: inactive players will automatically lose when time's up. (requested by WeRrsome)
|inactive|vghhjg has 120 seconds left.
|
|t:|1760437300
|teamsize|p1|6
|teamsize|p2|6
|start
|switch|p1a: Iron Treads|Iron Treads|100/100
|switch|p2a: Ribombee|Ribombee, F|100/100
|turn|1
|
|t:|1760437307
|move|p2a: Ribombee|Stun Spore|p1a: Iron Treads|[miss]
|-miss|p2a: Ribombee|p1a: Iron Treads
|move|p1a: Iron Treads|Iron Head|p2a: Ribombee
|-supereffective|p2a: Ribombee
|-enditem|p2a: Ribombee|Focus Sash
|-damage|p2a: Ribombee|1/100
|
|upkeep
|turn|2
|inactive|vghhjg has 120 seconds left.
|
|t:|1760437345
|move|p2a: Ribombee|Stun Spore|p1a: Iron Treads
|-status|p1a: Iron Treads|par
|move|p1a: Iron Treads|Rapid Spin|p2a: Ribombee
|-damage|p2a: Ribombee|0 fnt
|-boost|p1a: Iron Treads|spe|1
|faint|p2a: Ribombee
|
|upkeep
|
|t:|1760437358
|switch|p2a: Iron Moth|Iron Moth, shiny|100/100
|-enditem|p2a: Iron Moth|Booster Energy
|-activate|p2a: Iron Moth|ability: Quark Drive|[fromitem]
|-start|p2a: Iron Moth|quarkdrivespa
|turn|3
|
|t:|1760437361
|-end|p1a: Iron Treads|Quark Drive|[silent]
|switch|p1a: Araquanid|Araquanid, F|100/100
|move|p2a: Iron Moth|Fiery Dance|p1a: Araquanid
|-damage|p1a: Araquanid|79/100
|
|upkeep
|turn|4
|
|t:|1760437368
|move|p2a: Iron Moth|Sludge Wave|p1a: Araquanid
|-damage|p1a: Araquanid|27/100
|move|p1a: Araquanid|Liquidation|p2a: Iron Moth
|-supereffective|p2a: Iron Moth
|-damage|p2a: Iron Moth|0 fnt
|faint|p2a: Iron Moth
|-end|p2a: Iron Moth|Quark Drive|[silent]
|
|upkeep
|
|t:|1760437373
|switch|p2a: Iron Treads|Iron Treads|100/100
|-enditem|p2a: Iron Treads|Booster Energy
|-activate|p2a: Iron Treads|ability: Quark Drive|[fromitem]
|-start|p2a: Iron Treads|quarkdrivespe
|turn|5
|
|t:|1760437382
|move|p2a: Iron Treads|Stealth Rock|p1a: Araquanid
|-sidestart|p1: WeRrsome|move: Stealth Rock
|move|p1a: Araquanid|Sticky Web|p2a: Iron Treads
|-sidestart|p2: vghhjg|move: Sticky Web
|
|upkeep
|turn|6
|
|t:|1760437388
|move|p2a: Iron Treads|Knock Off|p1a: Araquanid
|-damage|p1a: Araquanid|0 fnt
|-enditem|p1a: Araquanid|Heavy-Duty Boots|[from] move: Knock Off|[of] p2a: Iron Treads
|faint|p1a: Araquanid
|
|upkeep
|
|t:|1760437403
|switch|p1a: Landorus|Landorus-Therian, M|100/100
|-damage|p1a: Landorus|88/100|[from] Stealth Rock
|-ability|p1a: Landorus|Intimidate|boost
|-unboost|p2a: Iron Treads|atk|1
|turn|7
|
|t:|1760437408
|move|p2a: Iron Treads|Knock Off|p1a: Landorus
|-damage|p1a: Landorus|66/100
|-enditem|p1a: Landorus|Choice Scarf|[from] move: Knock Off|[of] p2a: Iron Treads
|move|p1a: Landorus|U-turn|p2a: Iron Treads
|-resisted|p2a: Iron Treads
|-damage|p2a: Iron Treads|88/100
|
|t:|1760437422
|switch|p1a: Iron Treads|Iron Treads|100/100 par|[from] U-turn
|-damage|p1a: Iron Treads|97/100 par|[from] Stealth Rock
|
|upkeep
|turn|8
|
|t:|1760437427
|-end|p1a: Iron Treads|Quark Drive|[silent]
|switch|p1a: Landorus|Landorus-Therian, M|66/100
|-damage|p1a: Landorus|54/100|[from] Stealth Rock
|-ability|p1a: Landorus|Intimidate|boost
|-unboost|p2a: Iron Treads|atk|1
|move|p2a: Iron Treads|Knock Off|p1a: Landorus
|-damage|p1a: Landorus|42/100
|
|upkeep
|turn|9
|
|t:|1760437432
|move|p2a: Iron Treads|Rapid Spin|p1a: Landorus
|-damage|p1a: Landorus|32/100
|-boost|p2a: Iron Treads|spe|1
|-sideend|p2: vghhjg|Sticky Web|[from] move: Rapid Spin|[of] p2a: Iron Treads
|move|p1a: Landorus|Earthquake|p2a: Iron Treads
|-supereffective|p2a: Iron Treads
|-damage|p2a: Iron Treads|0 fnt
|faint|p2a: Iron Treads
|-end|p2a: Iron Treads|Quark Drive|[silent]
|
|upkeep
|
|t:|1760437441
|switch|p2a: Enamorus|Enamorus, F|100/100
|turn|10
|
|t:|1760437447
|move|p2a: Enamorus|Moonblast|p1a: Landorus
|-damage|p1a: Landorus|0 fnt
|faint|p1a: Landorus
|
|upkeep
|
|t:|1760437465
|switch|p1a: Magnezone|Magnezone|100/100
|-damage|p1a: Magnezone|94/100|[from] Stealth Rock
|turn|11
|
|t:|1760437476
|switch|p2a: Gholdengo|Gholdengo|100/100
|-item|p2a: Gholdengo|Air Balloon
|move|p1a: Magnezone|Volt Switch|p2a: Gholdengo
|-damage|p2a: Gholdengo|4/100
|-enditem|p2a: Gholdengo|Air Balloon
|
|t:|1760437485
|switch|p1a: Gengar|Gengar, F|100/100|[from] Volt Switch
|-damage|p1a: Gengar|88/100|[from] Stealth Rock
|
|upkeep
|turn|12
|
|t:|1760437498
|move|p1a: Gengar|Shadow Ball|p2a: Gholdengo
|-supereffective|p2a: Gholdengo
|-damage|p2a: Gholdengo|0 fnt
|faint|p2a: Gholdengo
|
|upkeep
|
|t:|1760437500
|switch|p2a: Dragonite|Dragonite, M, shiny|100/100
|turn|13
|
|t:|1760437504
|move|p1a: Gengar|Shadow Ball|p2a: Dragonite
|-damage|p2a: Dragonite|68/100
|move|p2a: Dragonite|Dragon Dance|p2a: Dragonite
|-boost|p2a: Dragonite|atk|1
|-boost|p2a: Dragonite|spe|1
|
|-heal|p2a: Dragonite|74/100|[from] item: Leftovers
|upkeep
|turn|14
|
|t:|1760437522
|move|p2a: Dragonite|Earthquake|p1a: Gengar
|-supereffective|p1a: Gengar
|-damage|p1a: Gengar|0 fnt
|-start|p2a: Dragonite|Disable|Earthquake|[from] ability: Cursed Body|[of] p1a: Gengar
|faint|p1a: Gengar
|
|-heal|p2a: Dragonite|80/100|[from] item: Leftovers
|upkeep
|
|t:|1760437528
|switch|p1a: Magnezone|Magnezone|94/100
|-damage|p1a: Magnezone|88/100|[from] Stealth Rock
|turn|15
|
|t:|1760437552
|switch|p2a: Enamorus|Enamorus, F|100/100
|move|p1a: Magnezone|Flash Cannon|p2a: Enamorus
|-supereffective|p2a: Enamorus
|-damage|p2a: Enamorus|0 fnt
|faint|p2a: Enamorus
|
|upkeep
|
|t:|1760437556
|switch|p2a: Dragonite|Dragonite, M, shiny|80/100
|turn|16
|
|t:|1760437559
|-terastallize|p1a: Magnezone|Flying
|move|p2a: Dragonite|Earthquake|p1a: Magnezone
|-immune|p1a: Magnezone
|move|p1a: Magnezone|Flash Cannon|p2a: Dragonite
|-damage|p2a: Dragonite|0 fnt
|faint|p2a: Dragonite
|
|win|WeRrsome
|raw|WeRrsome's rating: 1515 &rarr; <strong>1533</strong><br />(+18 for winning)
|raw|vghhjg's rating: 1484 &rarr; <strong>1466</strong><br />(-18 for losing)
|l|☆vghhjg
|player|p2|
|l|☆WeRrsome
|player|p1|
