|j|☆blacksceptile254
|j|☆G00D00D
|t:|1760427025
|gametype|singles
|player|p1|blacksceptile254|266|1576
|player|p2|G00D00D|265|1740
|gen|9
|tier|[Gen 9] OU
|rated|
|rule|HP Percentage Mod: HP is shown in percentages
|rule|Endless Battle Clause: Forcing endless battles is banned
|rule|Species Clause: Limit one of each Pokémon
|rule|OHKO Clause: OHKO moves are banned
|rule|Evasion Items Clause: Evasion items are banned
|rule|Evasion Moves Clause: Evasion moves are banned
|rule|Evasion Abilities Clause: Evasion abilities are banned
|rule|Sleep Moves Clause: Sleep-inducing moves are banned
|clearpoke
|poke|p1|Latios, M|
|poke|p1|Rillaboom, F|
|poke|p1|Heatran, M|
|poke|p1|Great Tusk|
|poke|p1|Greninja-*, F|
|poke|p1|Iron Valiant|
|poke|p2|Alomomola, M|
|poke|p2|Darkrai|
|poke|p2|Iron Crown|
|poke|p2|Weezing-Galar, M|
|poke|p2|Lokix, M|
|poke|p2|Landorus-Therian, M|
|teampreview
|
|t:|1760427034
|teamsize|p1|6
|teamsize|p2|6
|start
|switch|p1a: Iron Valiant|Iron Valiant|100/100
|switch|p2a: Landorus|Landorus-Therian, M|100/100
|-ability|p2a: Landorus|Intimidate|boost
|-unboost|p1a: Iron Valiant|atk|1
|turn|1
|inactive|Battle timer is ON: inactive players will automatically lose when time's up. (requested by G00D00D)
|
|t:|1760427045
|switch|p2a: Iron Crown|Iron Crown|100/100
|move|p1a: Iron Valiant|Moonblast|p2a: Iron Crown
|-resisted|p2a: Iron Crown
|-damage|p2a: Iron Crown|79/100
|
|upkeep
|turn|2
|
|t:|1760427060
|-end|p1a: Iron Valiant|Quark Drive|[silent]
|switch|p1a: Rillaboom|Rillaboom, F|100/100
|-fieldstart|move: Grassy Terrain|[from] ability: Grassy Surge|[of] p1a: Rillaboom
|move|p2a: Iron Crown|Volt Switch|p1a: Rillaboom
|-resisted|p1a: Rillaboom
|-damage|p1a: Rillaboom|87/100
|
|t:|1760427068
|-end|p2a: Iron Crown|Quark Drive|[silent]
|switch|p2a: Lokix|Lokix, M|100/100|[from] Volt Switch
|
|-heal|p1a: Rillaboom|94/100|[from] Grassy Terrain
|upkeep
|turn|3
|
|t:|1760427090
|switch|p1a: Great Tusk|Great Tusk|100/100
|-terastallize|p2a: Lokix|Bug
|move|p2a: Lokix|U-turn|p1a: Great Tusk
|-resisted|p1a: Great Tusk
|-damage|p1a: Great Tusk|59/100
|
|t:|1760427100
|switch|p2a: Iron Crown|Iron Crown|79/100|[from] U-turn
|
|-heal|p2a: Iron Crown|85/100|[from] Grassy Terrain
|-heal|p1a: Great Tusk|65/100|[from] Grassy Terrain
|upkeep
|turn|4
|
|t:|1760427112
|-end|p1a: Great Tusk|Protosynthesis|[silent]
|switch|p1a: Heatran|Heatran, M|100/100
|move|p2a: Iron Crown|Psychic Noise|p1a: Heatran
|-resisted|p1a: Heatran
|-damage|p1a: Heatran|88/100
|-start|p1a: Heatran|move: Heal Block
|
|-heal|p2a: Iron Crown|91/100|[from] Grassy Terrain
|upkeep
|turn|5
|
|t:|1760427134
|move|p2a: Iron Crown|Volt Switch|p1a: Heatran
|-damage|p1a: Heatran|73/100
|
|t:|1760427138
|-end|p2a: Iron Crown|Quark Drive|[silent]
|switch|p2a: Alomomola|Alomomola, M|100/100|[from] Volt Switch
|move|p1a: Heatran|Magma Storm|p2a: Alomomola
|-resisted|p2a: Alomomola
|-damage|p2a: Alomomola|75/100
|-activate|p2a: Alomomola|move: Magma Storm|[of] p1a: Heatran
|-enditem|p2a: Alomomola|Eject Button
|
|t:|1760427145
|switch|p2a: Landorus|Landorus-Therian, M|100/100
|-ability|p2a: Landorus|Intimidate|boost
|-unboost|p1a: Heatran|atk|1
|
|-end|p1a: Heatran|move: Heal Block
|upkeep
|turn|6
|
|t:|1760427152
|move|p1a: Heatran|Protect|p1a: Heatran
|-singleturn|p1a: Heatran|Protect
|move|p2a: Landorus|U-turn|p1a: Heatran
|-activate|p1a: Heatran|move: Protect
|
|-heal|p1a: Heatran|80/100|[from] Grassy Terrain
|-heal|p1a: Heatran|86/100|[from] item: Leftovers
|-fieldend|move: Grassy Terrain
|upkeep
|turn|7
|
|t:|1760427169
|switch|p1a: Rillaboom|Rillaboom, F|94/100
|-fieldstart|move: Grassy Terrain|[from] ability: Grassy Surge|[of] p1a: Rillaboom
|move|p2a: Landorus|U-turn|p1a: Rillaboom
|-supereffective|p1a: Rillaboom
|-damage|p1a: Rillaboom|52/100
|
|t:|1760427178
|switch|p2a: Lokix|Lokix, M, tera:Bug|100/100|[from] U-turn
|
|-heal|p1a: Rillaboom|59/100|[from] Grassy Terrain
|upkeep
|turn|8
|
|t:|1760427184
|move|p2a: Lokix|U-turn|p1a: Rillaboom
|-supereffective|p1a: Rillaboom
|-damage|p1a: Rillaboom|0 fnt
|faint|p1a: Rillaboom
|
|t:|1760427199
|switch|p2a: Iron Crown|Iron Crown|91/100|[from] U-turn
|
|-heal|p2a: Iron Crown|97/100|[from] Grassy Terrain
|upkeep
|
|t:|1760427214
|switch|p1a: Latios|Latios, M|100/100
|turn|9
|
|t:|1760427243
|move|p1a: Latios|Calm Mind|p1a: Latios
|-boost|p1a: Latios|spa|1
|-boost|p1a: Latios|spd|1
|move|p2a: Iron Crown|Volt Switch|p1a: Latios
|-resisted|p1a: Latios
|-damage|p1a: Latios|93/100
|
|t:|1760427250
|-end|p2a: Iron Crown|Quark Drive|[silent]
|switch|p2a: Darkrai|Darkrai|100/100|[from] Volt Switch
|
|upkeep
|turn|10
|
|t:|1760427254
|-terastallize|p1a: Latios|Steel
|move|p2a: Darkrai|Trick|p1a: Latios
|-activate|p2a: Darkrai|move: Trick|[of] p1a: Latios
|-item|p1a: Latios|Choice Scarf|[from] move: Trick
|-item|p2a: Darkrai|Soul Dew|[from] move: Trick
|move|p1a: Latios|Draco Meteor|p2a: Darkrai
|-damage|p2a: Darkrai|0 fnt
|-unboost|p1a: Latios|spa|2
|faint|p2a: Darkrai
|
|upkeep
|
|t:|1760427264
|switch|p2a: Weezing|Weezing-Galar, M|100/100
|-ability|p2a: Weezing|Neutralizing Gas
|turn|11
|
|t:|1760427274
|switch|p1a: Heatran|Heatran, M|86/100
|-end|p2a: Weezing|ability: Neutralizing Gas
|switch|p2a: Landorus|Landorus-Therian, M|100/100
|-ability|p2a: Landorus|Intimidate|boost
|-unboost|p1a: Heatran|atk|1
|
|-heal|p1a: Heatran|92/100|[from] Grassy Terrain
|-heal|p1a: Heatran|98/100|[from] item: Leftovers
|-fieldend|move: Grassy Terrain
|upkeep
|turn|12
|
|t:|1760427284
|switch|p1a: Great Tusk|Great Tusk|65/100
|move|p2a: Landorus|Earthquake|p1a: Great Tusk
|-damage|p1a: Great Tusk|32/100
|
|upkeep
|turn|13
|
|t:|1760427291
|move|p2a: Landorus|U-turn|p1a: Great Tusk
|-resisted|p1a: Great Tusk
|-damage|p1a: Great Tusk|24/100
|
|t:|1760427294
|switch|p2a: Alomomola|Alomomola, M|100/100|[from] U-turn
|move|p1a: Great Tusk|Stealth Rock|p2a: Alomomola
|-sidestart|p2: G00D00D|move: Stealth Rock
|
|upkeep
|turn|14
|
|t:|1760427311
|-end|p1a: Great Tusk|Protosynthesis|[silent]
|switch|p1a: Greninja|Greninja, F|100/100
|move|p2a: Alomomola|Flip Turn|p1a: Greninja
|-resisted|p1a: Greninja
|-damage|p1a: Greninja|87/100
|
|t:|1760427317
|switch|p2a: Weezing|Weezing-Galar, M|100/100|[from] Flip Turn
|-ability|p2a: Weezing|Neutralizing Gas
|
|upkeep
|turn|15
|
|t:|1760427331
|move|p1a: Greninja|Ice Beam|p2a: Weezing
|-damage|p2a: Weezing|62/100
|-status|p2a: Weezing|frz
|cant|p2a: Weezing|frz
|
|upkeep
|turn|16
|
|t:|1760427338
|move|p1a: Greninja|Ice Beam|p2a: Weezing
|-damage|p2a: Weezing|25/100 frz
|cant|p2a: Weezing|frz
|
|upkeep
|turn|17
|-message|G00D00D forfeited.
|
|win|blacksceptile254
|raw|blacksceptile254's rating: 1576 &rarr; <strong>1605</strong><br />(+29 for winning)
|raw|G00D00D's rating: 1740 &rarr; <strong>1711</strong><br />(-29 for losing)
|l|☆G00D00D
|player|p2|
