|j|☆Crash into Me
|j|☆kevs hairline
|t:|1760311856
|gametype|singles
|player|p1|Crash into Me|maid|1000
|player|p2|kevs hairline|102|1056
|gen|9
|tier|[Gen 9] OU
|rated|
|rule|HP Percentage Mod: HP is shown in percentages
|rule|Endless Battle Clause: Forcing endless battles is banned
|rule|Species Clause: Limit one of each Pokémon
|rule|OHKO Clause: OHKO moves are banned
|rule|Evasion Items Clause: Evasion items are banned
|rule|Evasion Moves Clause: Evasion moves are banned
|rule|Evasion Abilities Clause: Evasion abilities are banned
|rule|Sleep Moves Clause: Sleep-inducing moves are banned
|clearpoke
|poke|p1|Azelf|
|poke|p1|Tornadus-Therian, M|
|poke|p1|Iron Valiant|
|poke|p1|Gengar, F|
|poke|p1|Jirachi|
|poke|p1|Ursaluna, M|
|poke|p2|Rillaboom, M|
|poke|p2|Cinderace, M|
|poke|p2|Iron Valiant|
|poke|p2|Slowking-Galar, M|
|poke|p2|Gholdengo|
|poke|p2|Zamazenta-*|
|teampreview
|inactive|Battle timer is ON: inactive players will automatically lose when time's up. (requested by kevs hairline)
|
|t:|1760311866
|teamsize|p1|6
|teamsize|p2|6
|start
|switch|p1a: Sapphire|Azelf|100/100
|switch|p2a: Gholdengo|Gholdengo|100/100
|turn|1
|
|t:|1760311877
|move|p1a: Sapphire|Taunt|p2a: Gholdengo
|-immune|p2a: Gholdengo|[from] ability: Good as Gold
|move|p2a: Gholdengo|Shadow Ball|p1a: Sapphire
|-supereffective|p1a: Sapphire
|-enditem|p1a: Sapphire|Focus Sash
|-damage|p1a: Sapphire|1/100
|-unboost|p1a: Sapphire|spd|1
|
|upkeep
|turn|2
|
|t:|1760311880
|move|p1a: Sapphire|Stealth Rock|p2a: Gholdengo
|-sidestart|p2: kevs hairline|move: Stealth Rock
|move|p2a: Gholdengo|Shadow Ball|p1a: Sapphire
|-supereffective|p1a: Sapphire
|-damage|p1a: Sapphire|0 fnt
|faint|p1a: Sapphire
|
|upkeep
|
|t:|1760311885
|switch|p1a: Keith|Ursaluna, M|100/100
|turn|3
|
|t:|1760311889
|switch|p2a: Rillaboom|Rillaboom, M|100/100
|-damage|p2a: Rillaboom|88/100|[from] Stealth Rock
|-fieldstart|move: Grassy Terrain|[from] ability: Grassy Surge|[of] p2a: Rillaboom
|move|p1a: Keith|Metronome|p1a: Keith
|move|p1a: Keith|Trop Kick|p2a: Rillaboom|[from] move: Metronome
|-resisted|p2a: Rillaboom
|-damage|p2a: Rillaboom|62/100
|-unboost|p2a: Rillaboom|atk|1
|
|-heal|p2a: Rillaboom|68/100|[from] Grassy Terrain
|upkeep
|turn|4
|
|t:|1760311896
|switch|p2a: Gholdengo|Gholdengo|100/100
|-damage|p2a: Gholdengo|94/100|[from] Stealth Rock
|move|p1a: Keith|Metronome|p1a: Keith
|move|p1a: Keith|Struggle Bug|p2a: Gholdengo|[from] move: Metronome
|-resisted|p2a: Gholdengo
|-damage|p2a: Gholdengo|93/100
|-unboost|p2a: Gholdengo|spa|1
|
|-heal|p2a: Gholdengo|99/100|[from] Grassy Terrain
|upkeep
|turn|5
|
|t:|1760311903
|move|p2a: Gholdengo|Make It Rain|p1a: Keith
|-damage|p1a: Keith|43/100
|-unboost|p2a: Gholdengo|spa|1
|move|p1a: Keith|Metronome|p1a: Keith
|move|p1a: Keith|Blood Moon|p2a: Gholdengo|[from] move: Metronome
|-immune|p2a: Gholdengo
|
|-heal|p2a: Gholdengo|100/100|[from] Grassy Terrain
|-heal|p1a: Keith|49/100|[from] Grassy Terrain
|upkeep
|turn|6
|
|t:|1760311906
|move|p2a: Gholdengo|Make It Rain|p1a: Keith
|-damage|p1a: Keith|6/100
|-unboost|p2a: Gholdengo|spa|1
|move|p1a: Keith|Metronome|p1a: Keith
|move|p1a: Keith|Noble Roar|p2a: Gholdengo|[from] move: Metronome
|-immune|p2a: Gholdengo|[from] ability: Good as Gold
|
|-heal|p1a: Keith|12/100|[from] Grassy Terrain
|upkeep
|turn|7
|
|t:|1760311913
|move|p2a: Gholdengo|Make It Rain|p1a: Keith
|-damage|p1a: Keith|0 fnt
|-unboost|p2a: Gholdengo|spa|1
|faint|p1a: Keith
|
|-fieldend|move: Grassy Terrain
|upkeep
|
|t:|1760311916
|switch|p1a: Hazuki|Jirachi, shiny|100/100
|turn|8
|
|t:|1760311920
|switch|p2a: Rillaboom|Rillaboom, M|68/100
|-damage|p2a: Rillaboom|56/100|[from] Stealth Rock
|-fieldstart|move: Grassy Terrain|[from] ability: Grassy Surge|[of] p2a: Rillaboom
|move|p1a: Hazuki|Metronome|p1a: Hazuki
|move|p1a: Hazuki|Tachyon Cutter|p2a: Rillaboom|[from] move: Metronome
|-damage|p2a: Rillaboom|31/100
|-damage|p2a: Rillaboom|7/100
|-hitcount|p2a: Rillaboom|2
|
|-heal|p2a: Rillaboom|13/100|[from] Grassy Terrain
|upkeep
|turn|9
|
|t:|1760311923
|move|p1a: Hazuki|Metronome|p1a: Hazuki
|move|p1a: Hazuki|Zen Headbutt|p2a: Rillaboom|[from] move: Metronome
|-damage|p2a: Rillaboom|0 fnt
|faint|p2a: Rillaboom
|
|upkeep
|
|t:|1760311929
|switch|p2a: Gholdengo|Gholdengo|100/100
|-damage|p2a: Gholdengo|94/100|[from] Stealth Rock
|turn|10
|
|t:|1760311932
|move|p1a: Hazuki|Metronome|p1a: Hazuki
|move|p1a: Hazuki|Roar of Time|p2a: Gholdengo|[from] move: Metronome
|-resisted|p2a: Gholdengo
|-damage|p2a: Gholdengo|74/100
|-mustrecharge|p1a: Hazuki
|move|p2a: Gholdengo|Shadow Ball|p1a: Hazuki
|-supereffective|p1a: Hazuki
|-damage|p1a: Hazuki|0 fnt
|faint|p1a: Hazuki
|
|-heal|p2a: Gholdengo|80/100|[from] Grassy Terrain
|upkeep
|
|t:|1760311938
|switch|p1a: Nos|Tornadus-Therian, M|100/100
|turn|11
|c|☆kevs hairline|crazy pulls tbh
|
|t:|1760311954
|move|p1a: Nos|Metronome|p1a: Nos
|move|p1a: Nos|Extrasensory|p2a: Gholdengo|[from] move: Metronome
|-resisted|p2a: Gholdengo
|-damage|p2a: Gholdengo|70/100
|cant|p2a: Gholdengo|flinch
|
|-heal|p2a: Gholdengo|76/100|[from] Grassy Terrain
|upkeep
|turn|12
|
|t:|1760311960
|move|p1a: Nos|Metronome|p1a: Nos
|move|p1a: Nos|Toxic Thread|p2a: Gholdengo|[from] move: Metronome
|-immune|p2a: Gholdengo|[from] ability: Good as Gold
|move|p2a: Gholdengo|Shadow Ball|p1a: Nos
|-damage|p1a: Nos|12/100
|-unboost|p1a: Nos|spd|1
|
|-heal|p2a: Gholdengo|82/100|[from] Grassy Terrain
|-fieldend|move: Grassy Terrain
|upkeep
|turn|13
|
|t:|1760311965
|move|p1a: Nos|Metronome|p1a: Nos
|move|p1a: Nos|Force Palm|p2a: Gholdengo|[from] move: Metronome
|-immune|p2a: Gholdengo
|move|p2a: Gholdengo|Shadow Ball|p1a: Nos
|-damage|p1a: Nos|0 fnt
|faint|p1a: Nos
|
|upkeep
|
|t:|1760311970
|switch|p1a: Aizel|Iron Valiant, shiny|100/100
|-enditem|p1a: Aizel|Booster Energy
|-activate|p1a: Aizel|ability: Quark Drive|[fromitem]
|-start|p1a: Aizel|quarkdrivespe
|turn|14
|
|t:|1760311973
|move|p1a: Aizel|Metronome|p1a: Aizel
|move|p1a: Aizel|Dire Claw|p2a: Gholdengo|[from] move: Metronome
|-immune|p2a: Gholdengo
|move|p2a: Gholdengo|Shadow Ball|p1a: Aizel
|-damage|p1a: Aizel|0 fnt
|faint|p1a: Aizel
|-end|p1a: Aizel|Quark Drive|[silent]
|
|upkeep
|
|t:|1760311977
|switch|p1a: Lavender|Gengar, F|100/100
|turn|15
|
|t:|1760311979
|switch|p2a: Slowking|Slowking-Galar, M, shiny|100/100
|-damage|p2a: Slowking|88/100|[from] Stealth Rock
|-terastallize|p1a: Lavender|Fairy
|move|p1a: Lavender|Metronome|p1a: Lavender
|move|p1a: Lavender|Powder Snow|p2a: Slowking|[from] move: Metronome
|-damage|p2a: Slowking|79/100
|
|upkeep
|turn|16
|
|t:|1760311987
|switch|p2a: Gholdengo|Gholdengo|82/100
|-damage|p2a: Gholdengo|76/100|[from] Stealth Rock
|move|p1a: Lavender|Metronome|p1a: Lavender
|move|p1a: Lavender|Sucker Punch||[from] move: Metronome|[still]
|-fail|p1a: Lavender
|
|upkeep
|turn|17
|
|t:|1760311990
|switch|p2a: Slowking|Slowking-Galar, M, shiny|100/100
|-damage|p2a: Slowking|88/100|[from] Stealth Rock
|move|p1a: Lavender|Metronome|p1a: Lavender
|move|p1a: Lavender|Guillotine|p2a: Slowking|[from] move: Metronome|[miss]
|-miss|p1a: Lavender|p2a: Slowking
|
|upkeep
|turn|18
|
|t:|1760311992
|switch|p2a: Gholdengo|Gholdengo|76/100
|-damage|p2a: Gholdengo|70/100|[from] Stealth Rock
|move|p1a: Lavender|Metronome|p1a: Lavender
|move|p1a: Lavender|Hydro Pump|p2a: Gholdengo|[from] move: Metronome
|-damage|p2a: Gholdengo|14/100
|
|upkeep
|turn|19
|
|t:|1760311995
|switch|p2a: Slowking|Slowking-Galar, M, shiny|100/100
|-damage|p2a: Slowking|88/100|[from] Stealth Rock
|move|p1a: Lavender|Metronome|p1a: Lavender
|move|p1a: Lavender|Flash Cannon|p2a: Slowking|[from] move: Metronome
|-damage|p2a: Slowking|68/100
|-unboost|p2a: Slowking|spd|1
|
|upkeep
|turn|20
|
|t:|1760312000
|switch|p2a: Iron Valiant|Iron Valiant|100/100
|-damage|p2a: Iron Valiant|94/100|[from] Stealth Rock
|move|p1a: Lavender|Metronome|p1a: Lavender
|move|p1a: Lavender|Mega Punch|p2a: Iron Valiant|[from] move: Metronome
|-damage|p2a: Iron Valiant|81/100
|
|upkeep
|turn|21
|
|t:|1760312003
|-end|p2a: Iron Valiant|Quark Drive|[silent]
|switch|p2a: Cinderace|Cinderace, M, shiny|100/100
|-damage|p2a: Cinderace|76/100|[from] Stealth Rock
|move|p1a: Lavender|Metronome|p1a: Lavender
|move|p1a: Lavender|Milk Drink||[from] move: Metronome|[still]
|-fail|p1a: Lavender|heal
|
|upkeep
|turn|22
|
|t:|1760312006
|switch|p2a: Iron Valiant|Iron Valiant|81/100
|-damage|p2a: Iron Valiant|75/100|[from] Stealth Rock
|move|p1a: Lavender|Metronome|p1a: Lavender
|move|p1a: Lavender|Pound|p2a: Iron Valiant|[from] move: Metronome
|-damage|p2a: Iron Valiant|67/100
|
|upkeep
|turn|23
|
|t:|1760312009
|-end|p2a: Iron Valiant|Quark Drive|[silent]
|switch|p2a: Slowking|Slowking-Galar, M, shiny|100/100
|-damage|p2a: Slowking|88/100|[from] Stealth Rock
|move|p1a: Lavender|Metronome|p1a: Lavender
|move|p1a: Lavender|Psycho Boost|p2a: Slowking|[from] move: Metronome
|-damage|p2a: Slowking|53/100
|-unboost|p1a: Lavender|spa|2
|
|upkeep
|turn|24
|
|t:|1760312012
|switch|p2a: Gholdengo|Gholdengo|14/100
|-damage|p2a: Gholdengo|8/100|[from] Stealth Rock
|move|p1a: Lavender|Metronome|p1a: Lavender
|move|p1a: Lavender|Fusion Flare|p2a: Gholdengo|[from] move: Metronome
|-supereffective|p2a: Gholdengo
|-damage|p2a: Gholdengo|0 fnt
|faint|p2a: Gholdengo
|
|upkeep
|
|t:|1760312015
|switch|p2a: Iron Valiant|Iron Valiant|67/100
|-damage|p2a: Iron Valiant|61/100|[from] Stealth Rock
|turn|25
|
|t:|1760312018
|move|p2a: Iron Valiant|Shadow Sneak|p1a: Lavender
|-damage|p1a: Lavender|57/100
|move|p1a: Lavender|Metronome|p1a: Lavender
|move|p1a: Lavender|Razor Shell|p2a: Iron Valiant|[from] move: Metronome
|-damage|p2a: Iron Valiant|47/100
|-unboost|p2a: Iron Valiant|def|1
|
|upkeep
|turn|26
|
|t:|1760312023
|move|p2a: Iron Valiant|Shadow Sneak|p1a: Lavender
|-damage|p1a: Lavender|14/100
|move|p1a: Lavender|Metronome|p1a: Lavender
|move|p1a: Lavender|Amnesia|p1a: Lavender|[from] move: Metronome
|-boost|p1a: Lavender|spd|2
|
|upkeep
|turn|27
|c|☆Crash into Me|gg
|
|t:|1760312029
|move|p2a: Iron Valiant|Shadow Sneak|p1a: Lavender
|-damage|p1a: Lavender|0 fnt
|faint|p1a: Lavender
|
|win|kevs hairline
|raw|Crash into Me's rating: 1000 &rarr; <strong>1000</strong><br />(+0 for losing)
|raw|kevs hairline's rating: 1056 &rarr; <strong>1083</strong><br />(+27 for winning)
|c|☆Crash into Me|say it back bro
|c|☆Crash into Me|imma do my laundry rq but say it back bro
|c|☆Crash into Me|im back
|l|☆kevs hairline
|player|p2|
