|j|☆jsusususs
|j|☆snowbunny draco
|t:|1760329372
|gametype|singles
|player|p1|jsusususs|2|1071
|player|p2|snowbunny draco|266|1127
|gen|9
|tier|[Gen 9] OU
|rated|
|rule|HP Percentage Mod: HP is shown in percentages
|rule|Endless Battle Clause: Forcing endless battles is banned
|rule|Species Clause: Limit one of each Pokémon
|rule|OHKO Clause: OHKO moves are banned
|rule|Evasion Items Clause: Evasion items are banned
|rule|Evasion Moves Clause: Evasion moves are banned
|rule|Evasion Abilities Clause: Evasion abilities are banned
|rule|Sleep Moves Clause: Sleep-inducing moves are banned
|clearpoke
|poke|p1|Azumarill, F|
|poke|p1|Mew|
|poke|p1|Weezing-Galar, M|
|poke|p1|Incineroar, M|
|poke|p1|Haxorus, M|
|poke|p1|Mimikyu, F|
|poke|p2|Pelipper, F|
|poke|p2|Barraskewda, F|
|poke|p2|Iron Treads|
|poke|p2|Raging Bolt|
|poke|p2|Alomomola, F|
|poke|p2|Zapdos|
|teampreview
|inactive|Battle timer is ON: inactive players will automatically lose when time's up. (requested by snowbunny draco)
|
|t:|1760329397
|teamsize|p1|6
|teamsize|p2|6
|start
|switch|p1a: Weezing|Weezing-Galar, M|100/100
|switch|p2a: Pelipper|Pelipper, F|100/100
|-ability|p1a: Weezing|Neutralizing Gas
|turn|1
|
|t:|1760329407
|move|p1a: Weezing|Will-O-Wisp|p2a: Pelipper
|-status|p2a: Pelipper|brn
|move|p2a: Pelipper|U-turn|p1a: Weezing
|-resisted|p1a: Weezing
|-damage|p1a: Weezing|99/100
|
|t:|1760329411
|switch|p2a: Iron Treads|Iron Treads|100/100|[from] U-turn
|
|upkeep
|turn|2
|
|t:|1760329417
|-end|p1a: Weezing|ability: Neutralizing Gas
|switch|p1a: Incineroar|Incineroar, M|100/100
|-ability|p1a: Incineroar|Intimidate|boost
|-unboost|p2a: Iron Treads|atk|1
|move|p2a: Iron Treads|Stealth Rock|p1a: Incineroar
|-sidestart|p1: jsusususs|move: Stealth Rock
|
|upkeep
|turn|3
|
|t:|1760329427
|-end|p2a: Iron Treads|Quark Drive|[silent]
|switch|p2a: Pelipper|Pelipper, F|100/100 brn
|-weather|RainDance|[from] ability: Drizzle|[of] p2a: Pelipper
|move|p1a: Incineroar|Parting Shot|p2a: Pelipper
|-unboost|p2a: Pelipper|atk|1
|-unboost|p2a: Pelipper|spa|1
|
|t:|1760329434
|switch|p1a: Mew|Mew, shiny|100/100|[from] Parting Shot
|-damage|p1a: Mew|88/100|[from] Stealth Rock
|
|-weather|RainDance|[upkeep]
|-damage|p2a: Pelipper|94/100 brn|[from] brn
|upkeep
|turn|4
|
|t:|1760329443
|move|p1a: Mew|Iron Defense|p1a: Mew
|-boost|p1a: Mew|def|2
|move|p2a: Pelipper|U-turn|p1a: Mew
|-supereffective|p1a: Mew
|-damage|p1a: Mew|85/100
|-enditem|p1a: Mew|Weakness Policy
|-boost|p1a: Mew|atk|2|[from] item: Weakness Policy
|-boost|p1a: Mew|spa|2|[from] item: Weakness Policy
|
|t:|1760329450
|switch|p2a: Zapdos|Zapdos|100/100|[from] U-turn
|
|-weather|RainDance|[upkeep]
|upkeep
|turn|5
|
|t:|1760329456
|move|p2a: Zapdos|Hurricane|p1a: Mew
|-damage|p1a: Mew|37/100
|move|p1a: Mew|Stored Power|p2a: Zapdos
|-damage|p2a: Zapdos|0 fnt
|faint|p2a: Zapdos
|
|-weather|RainDance|[upkeep]
|upkeep
|
|t:|1760329463
|switch|p2a: Barraskewda|Barraskewda, F|100/100
|turn|6
|
|t:|1760329469
|-terastallize|p2a: Barraskewda|Water
|move|p2a: Barraskewda|Liquidation|p1a: Mew
|-damage|p1a: Mew|0 fnt
|faint|p1a: Mew
|
|-weather|RainDance|[upkeep]
|upkeep
|
|t:|1760329476
|switch|p1a: Mimikyu|Mimikyu, F|100/100
|turn|7
|
|t:|1760329491
|switch|p2a: Iron Treads|Iron Treads|100/100
|move|p1a: Mimikyu|Swords Dance|p1a: Mimikyu
|-boost|p1a: Mimikyu|atk|2
|
|-weather|RainDance|[upkeep]
|upkeep
|turn|8
|
|t:|1760329502
|move|p2a: Iron Treads|Knock Off|p1a: Mimikyu
|-activate|p1a: Mimikyu|ability: Disguise
|-damage|p1a: Mimikyu|100/100
|-enditem|p1a: Mimikyu|Heavy-Duty Boots|[from] move: Knock Off|[of] p2a: Iron Treads
|detailschange|p1a: Mimikyu|Mimikyu-Busted, F
|-damage|p1a: Mimikyu|88/100|[from] pokemon: Mimikyu-Busted
|move|p1a: Mimikyu|Drain Punch|p2a: Iron Treads
|-supereffective|p2a: Iron Treads
|-damage|p2a: Iron Treads|26/100
|-heal|p1a: Mimikyu|100/100|[from] drain|[of] p2a: Iron Treads
|
|-weather|RainDance|[upkeep]
|-heal|p2a: Iron Treads|33/100|[from] item: Leftovers
|upkeep
|turn|9
|
|t:|1760329518
|move|p1a: Mimikyu|Shadow Sneak|p2a: Iron Treads
|-damage|p2a: Iron Treads|2/100
|move|p2a: Iron Treads|Knock Off|p1a: Mimikyu
|-damage|p1a: Mimikyu|67/100
|
|-weather|RainDance|[upkeep]
|-heal|p2a: Iron Treads|8/100|[from] item: Leftovers
|upkeep
|turn|10
|
|t:|1760329526
|move|p1a: Mimikyu|Shadow Sneak|p2a: Iron Treads
|-damage|p2a: Iron Treads|0 fnt
|faint|p2a: Iron Treads
|-end|p2a: Iron Treads|Quark Drive|[silent]
|
|-weather|none
|upkeep
|
|t:|1760329528
|switch|p2a: Pelipper|Pelipper, F|94/100 brn
|-weather|RainDance|[from] ability: Drizzle|[of] p2a: Pelipper
|turn|11
|
|t:|1760329536
|move|p1a: Mimikyu|Play Rough|p2a: Pelipper
|-damage|p2a: Pelipper|34/100 brn
|move|p2a: Pelipper|Hurricane|p1a: Mimikyu
|-damage|p1a: Mimikyu|20/100
|
|-weather|RainDance|[upkeep]
|-damage|p2a: Pelipper|27/100 brn|[from] brn
|upkeep
|turn|12
|
|t:|1760329547
|move|p1a: Mimikyu|Shadow Sneak|p2a: Pelipper
|-damage|p2a: Pelipper|1/100 brn
|move|p2a: Pelipper|Hurricane|p1a: Mimikyu
|-damage|p1a: Mimikyu|0 fnt
|faint|p1a: Mimikyu
|
|-weather|RainDance|[upkeep]
|-damage|p2a: Pelipper|0 fnt|[from] brn
|faint|p2a: Pelipper
|upkeep
|
|t:|1760329558
|switch|p1a: Incineroar|Incineroar, M|100/100
|switch|p2a: Barraskewda|Barraskewda, F, tera:Water|100/100
|-damage|p1a: Incineroar|76/100|[from] Stealth Rock
|-ability|p1a: Incineroar|Intimidate|boost
|-unboost|p2a: Barraskewda|atk|1
|turn|13
|
|t:|1760329566
|move|p2a: Barraskewda|Flip Turn|p1a: Incineroar
|-supereffective|p1a: Incineroar
|-damage|p1a: Incineroar|0 fnt
|faint|p1a: Incineroar
|
|t:|1760329569
|switch|p2a: Raging Bolt|Raging Bolt|100/100|[from] Flip Turn
|
|-weather|RainDance|[upkeep]
|upkeep
|
|t:|1760329575
|switch|p1a: Haxorus|Haxorus, M, shiny|100/100
|-damage|p1a: Haxorus|88/100|[from] Stealth Rock
|-ability|p1a: Haxorus|Mold Breaker
|turn|14
|
|t:|1760329590
|move|p1a: Haxorus|Substitute|p1a: Haxorus
|-start|p1a: Haxorus|Substitute
|-damage|p1a: Haxorus|63/100
|move|p2a: Raging Bolt|Dragon Pulse|p1a: Haxorus
|-supereffective|p1a: Haxorus
|-end|p1a: Haxorus|Substitute
|
|-weather|RainDance|[upkeep]
|upkeep
|turn|15
|
|t:|1760329606
|move|p1a: Haxorus|Substitute|p1a: Haxorus
|-start|p1a: Haxorus|Substitute
|-damage|p1a: Haxorus|39/100
|move|p2a: Raging Bolt|Dragon Pulse|p1a: Haxorus
|-supereffective|p1a: Haxorus
|-end|p1a: Haxorus|Substitute
|
|-weather|RainDance|[upkeep]
|upkeep
|turn|16
|
|t:|1760329620
|move|p1a: Haxorus|Earthquake|p2a: Raging Bolt
|-supereffective|p2a: Raging Bolt
|-damage|p2a: Raging Bolt|31/100
|move|p2a: Raging Bolt|Dragon Pulse|p1a: Haxorus
|-supereffective|p1a: Haxorus
|-damage|p1a: Haxorus|0 fnt
|faint|p1a: Haxorus
|
|-weather|RainDance|[upkeep]
|-heal|p2a: Raging Bolt|38/100|[from] item: Leftovers
|upkeep
|
|t:|1760329631
|switch|p1a: Weezing|Weezing-Galar, M|99/100
|-ability|p1a: Weezing|Neutralizing Gas
|turn|17
|
|t:|1760329636
|move|p2a: Raging Bolt|Thunderbolt|p1a: Weezing
|-damage|p1a: Weezing|21/100
|move|p1a: Weezing|Memento|p2a: Raging Bolt
|-unboost|p2a: Raging Bolt|atk|2
|-unboost|p2a: Raging Bolt|spa|2
|faint|p1a: Weezing
|-end|p1a: Weezing|ability: Neutralizing Gas
|
|-weather|RainDance|[upkeep]
|-heal|p2a: Raging Bolt|44/100|[from] item: Leftovers
|upkeep
|
|t:|1760329646
|switch|p1a: Azumarill|Azumarill, F|100/100
|-damage|p1a: Azumarill|88/100|[from] Stealth Rock
|turn|18
|
|t:|1760329652
|-terastallize|p1a: Azumarill|Ground
|move|p2a: Raging Bolt|Thunderbolt|p1a: Azumarill
|-immune|p1a: Azumarill
|move|p1a: Azumarill|Belly Drum|p1a: Azumarill
|-damage|p1a: Azumarill|38/100
|-setboost|p1a: Azumarill|atk|6|[from] move: Belly Drum
|
|-weather|none
|-heal|p2a: Raging Bolt|50/100|[from] item: Leftovers
|upkeep
|turn|19
|
|t:|1760329664
|move|p2a: Raging Bolt|Dragon Pulse|p1a: Azumarill
|-damage|p1a: Azumarill|6/100
|-enditem|p1a: Azumarill|Aguav Berry|[eat]
|-heal|p1a: Azumarill|39/100|[from] item: Aguav Berry
|move|p1a: Azumarill|Play Rough|p2a: Raging Bolt
|-supereffective|p2a: Raging Bolt
|-damage|p2a: Raging Bolt|0 fnt
|faint|p2a: Raging Bolt
|-end|p2a: Raging Bolt|Protosynthesis|[silent]
|
|upkeep
|
|t:|1760329673
|switch|p2a: Barraskewda|Barraskewda, F, tera:Water|100/100
|turn|20
|
|t:|1760329676
|move|p2a: Barraskewda|Aqua Jet|p1a: Azumarill
|-supereffective|p1a: Azumarill
|-damage|p1a: Azumarill|0 fnt
|faint|p1a: Azumarill
|
|win|snowbunny draco
|raw|jsusususs's rating: 1071 &rarr; <strong>1054</strong><br />(-17 for losing)
|raw|snowbunny draco's rating: 1127 &rarr; <strong>1148</strong><br />(+21 for winning)
|l|☆snowbunny draco
|player|p2|
