|j|☆i may be rezz
|j|☆HisokaG4
|t:|1760383917
|gametype|singles
|player|p1|i may be rezz|266|1251
|player|p2|HisokaG4|cyclist|1251
|gen|9
|tier|[Gen 9] OU
|rated|
|rule|HP Percentage Mod: HP is shown in percentages
|rule|Endless Battle Clause: Forcing endless battles is banned
|rule|Species Clause: Limit one of each Pokémon
|rule|OHKO Clause: OHKO moves are banned
|rule|Evasion Items Clause: Evasion items are banned
|rule|Evasion Moves Clause: Evasion moves are banned
|rule|Evasion Abilities Clause: Evasion abilities are banned
|rule|Sleep Moves Clause: Sleep-inducing moves are banned
|clearpoke
|poke|p1|Ting-Lu|
|poke|p1|Weezing-Galar, F|
|poke|p1|Alomomola, F|
|poke|p1|Tornadus-Therian, M|
|poke|p1|Gholdengo|
|poke|p1|Zamazenta-*|
|poke|p2|Lapras, M|
|poke|p2|Ditto|
|poke|p2|Gardevoir, F|
|poke|p2|Hydreigon, M|
|poke|p2|Tauros-Paldea-Blaze, M|
|poke|p2|Forretress, M|
|teampreview
|
|t:|1760383923
|teamsize|p1|6
|teamsize|p2|6
|start
|switch|p1a: Lus-Lus Situation|Ting-Lu, shiny|100/100
|switch|p2a: DivaNegraG4|Gardevoir, F, shiny|100/100
|-ability|p2a: DivaNegraG4|Vessel of Ruin|Trace|[from] ability: Trace|[of] p1a: Lus-Lus Situation
|-ability|p2a: DivaNegraG4|Vessel of Ruin
|-ability|p1a: Lus-Lus Situation|Vessel of Ruin
|turn|1
|
|t:|1760383940
|switch|p2a: Estagiario2.G4|Forretress, M|100/100
|move|p1a: Lus-Lus Situation|Stealth Rock|p2a: Estagiario2.G4
|-sidestart|p2: HisokaG4|move: Stealth Rock
|
|upkeep
|turn|2
|
|t:|1760383960
|move|p1a: Lus-Lus Situation|Ruination|p2a: Estagiario2.G4
|-damage|p2a: Estagiario2.G4|50/100
|-enditem|p2a: Estagiario2.G4|Red Card|[of] p1a: Lus-Lus Situation
|drag|p1a: HP Hoe|Alomomola, F, shiny|100/100
|move|p2a: Estagiario2.G4|Stealth Rock|p1a: HP Hoe
|-sidestart|p1: i may be rezz|move: Stealth Rock
|
|upkeep
|turn|3
|
|t:|1760383970
|move|p1a: HP Hoe|Flip Turn|p2a: Estagiario2.G4
|-crit|p2a: Estagiario2.G4
|-damage|p2a: Estagiario2.G4|37/100
|
|t:|1760383975
|switch|p1a: Lus-Lus Situation|Ting-Lu, shiny|100/100|[from] Flip Turn
|-damage|p1a: Lus-Lus Situation|94/100|[from] Stealth Rock
|-ability|p1a: Lus-Lus Situation|Vessel of Ruin
|move|p2a: Estagiario2.G4|Rapid Spin|p1a: Lus-Lus Situation
|-damage|p1a: Lus-Lus Situation|89/100
|-boost|p2a: Estagiario2.G4|spe|1
|-sideend|p2: HisokaG4|Stealth Rock|[from] move: Rapid Spin|[of] p2a: Estagiario2.G4
|
|-heal|p1a: Lus-Lus Situation|95/100|[from] item: Leftovers
|upkeep
|turn|4
|
|t:|1760383989
|move|p2a: Estagiario2.G4|Spikes|p1a: Lus-Lus Situation
|-sidestart|p1: i may be rezz|Spikes
|move|p1a: Lus-Lus Situation|Earthquake|p2a: Estagiario2.G4
|-damage|p2a: Estagiario2.G4|13/100
|
|-heal|p1a: Lus-Lus Situation|100/100|[from] item: Leftovers
|upkeep
|turn|5
|
|t:|1760383999
|move|p2a: Estagiario2.G4|Spikes|p1a: Lus-Lus Situation
|-sidestart|p1: i may be rezz|Spikes
|move|p1a: Lus-Lus Situation|Stealth Rock|p2a: Estagiario2.G4
|-sidestart|p2: HisokaG4|move: Stealth Rock
|
|upkeep
|turn|6
|
|t:|1760384005
|move|p2a: Estagiario2.G4|Rapid Spin|p1a: Lus-Lus Situation
|-damage|p1a: Lus-Lus Situation|94/100
|-boost|p2a: Estagiario2.G4|spe|1
|-sideend|p2: HisokaG4|Stealth Rock|[from] move: Rapid Spin|[of] p2a: Estagiario2.G4
|move|p1a: Lus-Lus Situation|Earthquake|p2a: Estagiario2.G4
|-damage|p2a: Estagiario2.G4|0 fnt
|faint|p2a: Estagiario2.G4
|
|-heal|p1a: Lus-Lus Situation|100/100|[from] item: Leftovers
|upkeep
|
|t:|1760384017
|switch|p2a: Estagiario1.G4|Tauros-Paldea-Blaze, M|100/100
|-ability|p2a: Estagiario1.G4|Intimidate|boost
|-unboost|p1a: Lus-Lus Situation|atk|1
|turn|7
|
|t:|1760384026
|move|p2a: Estagiario1.G4|Close Combat|p1a: Lus-Lus Situation
|-supereffective|p1a: Lus-Lus Situation
|-damage|p1a: Lus-Lus Situation|30/100
|-unboost|p2a: Estagiario1.G4|def|1
|-unboost|p2a: Estagiario1.G4|spd|1
|move|p1a: Lus-Lus Situation|Stealth Rock|p2a: Estagiario1.G4
|-sidestart|p2: HisokaG4|move: Stealth Rock
|
|-heal|p1a: Lus-Lus Situation|37/100|[from] item: Leftovers
|upkeep
|turn|8
|
|t:|1760384047
|switch|p1a: Ozama Bin Laden|Zamazenta, shiny|100/100
|-ability|p1a: Ozama Bin Laden|Dauntless Shield|boost
|-boost|p1a: Ozama Bin Laden|def|1
|move|p2a: Estagiario1.G4|Close Combat|p1a: Ozama Bin Laden
|-damage|p1a: Ozama Bin Laden|63/100
|-unboost|p2a: Estagiario1.G4|def|1
|-unboost|p2a: Estagiario1.G4|spd|1
|
|upkeep
|turn|9
|
|t:|1760384058
|move|p2a: Estagiario1.G4|Close Combat|p1a: Ozama Bin Laden
|-damage|p1a: Ozama Bin Laden|28/100
|-unboost|p2a: Estagiario1.G4|def|1
|-unboost|p2a: Estagiario1.G4|spd|1
|move|p1a: Ozama Bin Laden|Close Combat|p2a: Estagiario1.G4
|-damage|p2a: Estagiario1.G4|0 fnt
|-unboost|p1a: Ozama Bin Laden|def|1
|-unboost|p1a: Ozama Bin Laden|spd|1
|faint|p2a: Estagiario1.G4
|
|upkeep
|
|t:|1760384075
|switch|p2a: InvejaG4|Ditto|100/100
|-damage|p2a: InvejaG4|88/100|[from] Stealth Rock
|-transform|p2a: InvejaG4|p1a: Ozama Bin Laden|[from] ability: Imposter
|-ability|p2a: InvejaG4|Dauntless Shield|boost
|-boost|p2a: InvejaG4|def|1
|turn|10
|
|t:|1760384088
|move|p1a: Ozama Bin Laden|Close Combat|p2a: InvejaG4
|-damage|p2a: InvejaG4|45/100
|-unboost|p1a: Ozama Bin Laden|def|1
|-unboost|p1a: Ozama Bin Laden|spd|1
|move|p2a: InvejaG4|Crunch|p1a: Ozama Bin Laden
|-resisted|p1a: Ozama Bin Laden
|-damage|p1a: Ozama Bin Laden|9/100
|
|upkeep
|turn|11
|
|t:|1760384099
|move|p2a: InvejaG4|Crunch|p1a: Ozama Bin Laden
|-resisted|p1a: Ozama Bin Laden
|-damage|p1a: Ozama Bin Laden|0 fnt
|faint|p1a: Ozama Bin Laden
|
|upkeep
|
|t:|1760384106
|switch|p1a: G-Wheezy|Weezing-Galar, F, shiny|100/100
|-ability|p1a: G-Wheezy|Neutralizing Gas
|turn|12
|
|t:|1760384115
|move|p2a: InvejaG4|Stone Edge|p1a: G-Wheezy
|-damage|p1a: G-Wheezy|79/100
|move|p1a: G-Wheezy|Will-O-Wisp|p2a: InvejaG4|[miss]
|-miss|p1a: G-Wheezy|p2a: InvejaG4
|
|upkeep
|turn|13
|
|t:|1760384125
|switch|p2a: DivaNegraG4|Gardevoir, F, shiny|100/100
|-damage|p2a: DivaNegraG4|88/100|[from] Stealth Rock
|move|p1a: G-Wheezy|Will-O-Wisp|p2a: DivaNegraG4
|-status|p2a: DivaNegraG4|brn
|
|-damage|p2a: DivaNegraG4|82/100 brn|[from] brn
|upkeep
|turn|14
|
|t:|1760384135
|move|p2a: DivaNegraG4|Psychic|p1a: G-Wheezy
|-supereffective|p1a: G-Wheezy
|-damage|p1a: G-Wheezy|0 fnt
|faint|p1a: G-Wheezy
|-end|p1a: G-Wheezy|ability: Neutralizing Gas
|-damage|p2a: DivaNegraG4|72/100 brn|[from] item: Life Orb
|
|-damage|p2a: DivaNegraG4|66/100 brn|[from] brn
|upkeep
|
|t:|1760384140
|switch|p1a: Lus-Lus Situation|Ting-Lu, shiny|37/100
|-ability|p2a: DivaNegraG4|Vessel of Ruin|Trace|[from] ability: Trace|[of] p1a: Lus-Lus Situation
|-ability|p2a: DivaNegraG4|Vessel of Ruin
|-damage|p1a: Lus-Lus Situation|30/100|[from] Stealth Rock
|-damage|p1a: Lus-Lus Situation|14/100|[from] Spikes
|-ability|p1a: Lus-Lus Situation|Vessel of Ruin
|turn|15
|
|t:|1760384154
|move|p2a: DivaNegraG4|Mystical Fire|p1a: Lus-Lus Situation
|-damage|p1a: Lus-Lus Situation|0 fnt
|faint|p1a: Lus-Lus Situation
|-damage|p2a: DivaNegraG4|57/100 brn|[from] item: Life Orb
|
|-damage|p2a: DivaNegraG4|50/100 brn|[from] brn
|upkeep
|
|t:|1760384161
|switch|p1a: Therry Christmas|Tornadus-Therian, M, shiny|100/100
|turn|16
|
|t:|1760384169
|move|p1a: Therry Christmas|Nasty Plot|p1a: Therry Christmas
|-boost|p1a: Therry Christmas|spa|2
|move|p2a: DivaNegraG4|Thunderbolt|p1a: Therry Christmas
|-supereffective|p1a: Therry Christmas
|-damage|p1a: Therry Christmas|9/100
|-damage|p2a: DivaNegraG4|41/100 brn|[from] item: Life Orb
|
|-damage|p2a: DivaNegraG4|35/100 brn|[from] brn
|upkeep
|turn|17
|
|t:|1760384182
|move|p2a: DivaNegraG4|Shadow Sneak|p1a: Therry Christmas
|-damage|p1a: Therry Christmas|5/100
|-damage|p2a: DivaNegraG4|25/100 brn|[from] item: Life Orb
|move|p1a: Therry Christmas|Heat Wave|p2a: DivaNegraG4
|-damage|p2a: DivaNegraG4|0 fnt
|faint|p2a: DivaNegraG4
|
|upkeep
|
|t:|1760384191
|switch|p2a: ReiGeladoG4|Lapras, M|100/100
|-damage|p2a: ReiGeladoG4|75/100|[from] Stealth Rock
|turn|18
|
|t:|1760384198
|move|p2a: ReiGeladoG4|Ice Shard|p1a: Therry Christmas
|-supereffective|p1a: Therry Christmas
|-damage|p1a: Therry Christmas|0 fnt
|faint|p1a: Therry Christmas
|
|upkeep
|
|t:|1760384213
|switch|p1a: Djengo Unrained|Gholdengo|100/100
|-damage|p1a: Djengo Unrained|94/100|[from] Stealth Rock
|-damage|p1a: Djengo Unrained|78/100|[from] Spikes
|turn|19
|
|t:|1760384222
|move|p1a: Djengo Unrained|Shadow Ball|p2a: ReiGeladoG4
|-damage|p2a: ReiGeladoG4|53/100
|move|p2a: ReiGeladoG4|Surf|p1a: Djengo Unrained
|-damage|p1a: Djengo Unrained|46/100
|
|upkeep
|turn|20
|
|t:|1760384230
|switch|p1a: HP Hoe|Alomomola, F, shiny|100/100
|-damage|p1a: HP Hoe|88/100|[from] Stealth Rock
|-damage|p1a: HP Hoe|71/100|[from] Spikes
|move|p2a: ReiGeladoG4|Surf|p1a: HP Hoe
|-resisted|p1a: HP Hoe
|-damage|p1a: HP Hoe|59/100
|
|upkeep
|turn|21
|
|t:|1760384241
|move|p2a: ReiGeladoG4|Freeze-Dry|p1a: HP Hoe
|-supereffective|p1a: HP Hoe
|-damage|p1a: HP Hoe|23/100
|move|p1a: HP Hoe|Tickle|p2a: ReiGeladoG4
|-unboost|p2a: ReiGeladoG4|atk|1
|-unboost|p2a: ReiGeladoG4|def|1
|
|upkeep
|turn|22
|
|t:|1760384250
|switch|p1a: Djengo Unrained|Gholdengo|46/100
|-damage|p1a: Djengo Unrained|40/100|[from] Stealth Rock
|-damage|p1a: Djengo Unrained|24/100|[from] Spikes
|move|p2a: ReiGeladoG4|Freeze-Dry|p1a: Djengo Unrained
|-resisted|p1a: Djengo Unrained
|-damage|p1a: Djengo Unrained|11/100
|
|upkeep
|turn|23
|
|t:|1760384261
|-terastallize|p2a: ReiGeladoG4|Ground
|move|p1a: Djengo Unrained|Recover|p1a: Djengo Unrained
|-heal|p1a: Djengo Unrained|61/100
|move|p2a: ReiGeladoG4|Surf|p1a: Djengo Unrained
|-damage|p1a: Djengo Unrained|31/100
|
|upkeep
|turn|24
|
|t:|1760384271
|move|p1a: Djengo Unrained|Recover|p1a: Djengo Unrained
|-heal|p1a: Djengo Unrained|81/100
|move|p2a: ReiGeladoG4|Surf|p1a: Djengo Unrained
|-damage|p1a: Djengo Unrained|49/100
|
|upkeep
|turn|25
|
|t:|1760384281
|move|p1a: Djengo Unrained|Recover|p1a: Djengo Unrained
|-heal|p1a: Djengo Unrained|99/100
|move|p2a: ReiGeladoG4|Surf|p1a: Djengo Unrained
|-damage|p1a: Djengo Unrained|68/100
|
|upkeep
|turn|26
|
|t:|1760384292
|switch|p1a: HP Hoe|Alomomola, F, shiny|57/100
|-damage|p1a: HP Hoe|44/100|[from] Stealth Rock
|-damage|p1a: HP Hoe|28/100|[from] Spikes
|move|p2a: ReiGeladoG4|Surf|p1a: HP Hoe
|-resisted|p1a: HP Hoe
|-damage|p1a: HP Hoe|14/100
|
|upkeep
|turn|27
|
|t:|1760384302
|switch|p1a: Djengo Unrained|Gholdengo|68/100
|-damage|p1a: Djengo Unrained|62/100|[from] Stealth Rock
|-damage|p1a: Djengo Unrained|46/100|[from] Spikes
|move|p2a: ReiGeladoG4|Freeze-Dry|p1a: Djengo Unrained
|-resisted|p1a: Djengo Unrained
|-damage|p1a: Djengo Unrained|33/100
|
|upkeep
|turn|28
|
|t:|1760384313
|move|p1a: Djengo Unrained|Trick|p2a: ReiGeladoG4
|-activate|p1a: Djengo Unrained|move: Trick|[of] p2a: ReiGeladoG4
|-item|p2a: ReiGeladoG4|Choice Scarf|[from] move: Trick
|-item|p1a: Djengo Unrained|Assault Vest|[from] move: Trick
|move|p2a: ReiGeladoG4|Surf|p1a: Djengo Unrained
|-damage|p1a: Djengo Unrained|11/100
|
|upkeep
|turn|29
|
|t:|1760384327
|-terastallize|p1a: Djengo Unrained|Steel
|move|p1a: Djengo Unrained|Make It Rain|p2a: ReiGeladoG4
|-damage|p2a: ReiGeladoG4|0 fnt
|-unboost|p1a: Djengo Unrained|spa|1
|faint|p2a: ReiGeladoG4
|
|upkeep
|
|t:|1760384336
|switch|p2a: CerberosG4|Hydreigon, M, shiny|100/100
|-damage|p2a: CerberosG4|88/100|[from] Stealth Rock
|turn|30
|
|t:|1760384342
|move|p2a: CerberosG4|Dark Pulse|p1a: Djengo Unrained
|-damage|p1a: Djengo Unrained|0 fnt
|faint|p1a: Djengo Unrained
|
|-heal|p2a: CerberosG4|94/100|[from] item: Leftovers
|upkeep
|
|t:|1760384345
|switch|p1a: HP Hoe|Alomomola, F, shiny|48/100
|-damage|p1a: HP Hoe|35/100|[from] Stealth Rock
|-damage|p1a: HP Hoe|19/100|[from] Spikes
|turn|31
|
|t:|1760384354
|move|p2a: CerberosG4|Dark Pulse|p1a: HP Hoe
|-damage|p1a: HP Hoe|0 fnt
|faint|p1a: HP Hoe
|
|win|HisokaG4
|raw|i may be rezz's rating: 1251 &rarr; <strong>1226</strong><br />(-25 for losing)
|raw|HisokaG4's rating: 1251 &rarr; <strong>1276</strong><br />(+25 for winning)
|l|☆i may be rezz
|player|p1|
