|j|☆sudout2
|j|☆AmanRises
|t:|1760367575
|gametype|singles
|player|p1|sudout2|giovanni|1495
|player|p2|AmanRises|marshal|1486
|gen|9
|tier|[Gen 9] OU
|rated|
|rule|HP Percentage Mod: HP is shown in percentages
|rule|Endless Battle Clause: Forcing endless battles is banned
|rule|Species Clause: Limit one of each Pokémon
|rule|OHKO Clause: OHKO moves are banned
|rule|Evasion Items Clause: Evasion items are banned
|rule|Evasion Moves Clause: Evasion moves are banned
|rule|Evasion Abilities Clause: Evasion abilities are banned
|rule|Sleep Moves Clause: Sleep-inducing moves are banned
|clearpoke
|poke|p1|Garganacl, F|
|poke|p1|Iron Valiant|
|poke|p1|Toxapex, F|
|poke|p1|Ceruledge, F|
|poke|p1|Great Tusk|
|poke|p1|Hatterene, F|
|poke|p2|Torkoal, F|
|poke|p2|Venusaur, M|
|poke|p2|Garchomp, F|
|poke|p2|Heatran, F|
|poke|p2|Snorlax, F|
|poke|p2|Great Tusk|
|teampreview
|inactive|Battle timer is ON: inactive players will automatically lose when time's up. (requested by AmanRises)
|
|t:|1760367606
|teamsize|p1|6
|teamsize|p2|6
|start
|switch|p1a: Ceruledge|Ceruledge, F|100/100
|switch|p2a: Garchomp|Garchomp, F|100/100
|turn|1
|
|t:|1760367623
|switch|p1a: Great Tusk|Great Tusk|100/100
|-enditem|p1a: Great Tusk|Booster Energy
|-activate|p1a: Great Tusk|ability: Protosynthesis|[fromitem]
|-start|p1a: Great Tusk|protosynthesisdef
|move|p2a: Garchomp|Stealth Rock|p1a: Great Tusk
|-sidestart|p1: sudout2|move: Stealth Rock
|
|upkeep
|turn|2
|
|t:|1760367630
|move|p1a: Great Tusk|Rapid Spin|p2a: Garchomp
|-damage|p2a: Garchomp|90/100
|-boost|p1a: Great Tusk|spe|1
|-damage|p1a: Great Tusk|88/100|[from] ability: Rough Skin|[of] p2a: Garchomp
|-damage|p1a: Great Tusk|71/100|[from] item: Rocky Helmet|[of] p2a: Garchomp
|-sideend|p1: sudout2|Stealth Rock|[from] move: Rapid Spin|[of] p1a: Great Tusk
|move|p2a: Garchomp|Dragon Tail|p1a: Great Tusk
|-damage|p1a: Great Tusk|62/100
|-end|p1a: Great Tusk|Protosynthesis|[silent]
|drag|p1a: Ceruledge|Ceruledge, F|100/100
|
|upkeep
|turn|3
|
|t:|1760367644
|switch|p1a: Great Tusk|Great Tusk|62/100
|move|p2a: Garchomp|Dragon Tail|p1a: Great Tusk|[miss]
|-miss|p2a: Garchomp|p1a: Great Tusk
|
|upkeep
|turn|4
|
|t:|1760367658
|-end|p1a: Great Tusk|Protosynthesis|[silent]
|switch|p1a: Hatterene|Hatterene, F|100/100
|move|p2a: Garchomp|Dragon Tail|p1a: Hatterene
|-immune|p1a: Hatterene
|
|upkeep
|turn|5
|
|t:|1760367664
|switch|p2a: Heatran|Heatran, F|100/100
|move|p1a: Hatterene|Calm Mind|p1a: Hatterene
|-boost|p1a: Hatterene|spa|1
|-boost|p1a: Hatterene|spd|1
|
|upkeep
|turn|6
|
|t:|1760367675
|switch|p1a: Great Tusk|Great Tusk|62/100
|move|p2a: Heatran|Magma Storm|p1a: Great Tusk|[miss]
|-miss|p2a: Heatran|p1a: Great Tusk
|
|upkeep
|turn|7
|
|t:|1760367681
|switch|p2a: Garchomp|Garchomp, F|90/100
|move|p1a: Great Tusk|Headlong Rush|p2a: Garchomp
|-damage|p2a: Garchomp|50/100
|-unboost|p1a: Great Tusk|def|1
|-unboost|p1a: Great Tusk|spd|1
|-damage|p1a: Great Tusk|49/100|[from] ability: Rough Skin|[of] p2a: Garchomp
|-damage|p1a: Great Tusk|32/100|[from] item: Rocky Helmet|[of] p2a: Garchomp
|
|upkeep
|turn|8
|
|t:|1760367690
|move|p2a: Garchomp|Earthquake|p1a: Great Tusk
|-damage|p1a: Great Tusk|0 fnt
|faint|p1a: Great Tusk
|-end|p1a: Great Tusk|Protosynthesis|[silent]
|
|upkeep
|
|t:|1760367704
|switch|p1a: Iron Valiant|Iron Valiant, shiny|100/100
|-enditem|p1a: Iron Valiant|Booster Energy
|-activate|p1a: Iron Valiant|ability: Quark Drive|[fromitem]
|-start|p1a: Iron Valiant|quarkdrivespe
|turn|9
|
|t:|1760367715
|switch|p2a: Heatran|Heatran, F|100/100
|move|p1a: Iron Valiant|Moonblast|p2a: Heatran
|-resisted|p2a: Heatran
|-damage|p2a: Heatran|93/100
|
|-heal|p2a: Heatran|99/100|[from] item: Leftovers
|upkeep
|turn|10
|
|t:|1760367723
|move|p1a: Iron Valiant|Close Combat|p2a: Heatran
|-supereffective|p2a: Heatran
|-damage|p2a: Heatran|17/100
|-unboost|p1a: Iron Valiant|def|1
|-unboost|p1a: Iron Valiant|spd|1
|move|p2a: Heatran|Magma Storm|p1a: Iron Valiant
|-damage|p1a: Iron Valiant|0 fnt
|faint|p1a: Iron Valiant
|-end|p1a: Iron Valiant|Quark Drive|[silent]
|
|-heal|p2a: Heatran|23/100|[from] item: Leftovers
|upkeep
|
|t:|1760367732
|switch|p1a: Garganacl|Garganacl, F, shiny|100/100
|turn|11
|
|t:|1760367740
|switch|p2a: Garchomp|Garchomp, F|50/100
|-terastallize|p1a: Garganacl|Flying
|move|p1a: Garganacl|Salt Cure|p2a: Garchomp
|-resisted|p2a: Garchomp
|-damage|p2a: Garchomp|46/100
|-start|p2a: Garchomp|Salt Cure
|
|-damage|p2a: Garchomp|34/100|[from] Salt Cure
|upkeep
|turn|12
|
|t:|1760367750
|move|p1a: Garganacl|Earthquake|p2a: Garchomp
|-damage|p2a: Garchomp|20/100
|move|p2a: Garchomp|Dragon Tail|p1a: Garganacl
|-damage|p1a: Garganacl|82/100
|drag|p1a: Ceruledge|Ceruledge, F|100/100
|
|-damage|p2a: Garchomp|8/100|[from] Salt Cure
|upkeep
|turn|13
|
|t:|1760367769
|switch|p1a: Hatterene|Hatterene, F|100/100
|move|p2a: Garchomp|Stealth Rock|p1a: Hatterene
|move|p1a: Hatterene|Stealth Rock|p2a: Garchomp|[from] ability: Magic Bounce
|-sidestart|p2: AmanRises|move: Stealth Rock
|
|-damage|p2a: Garchomp|0 fnt|[from] Salt Cure
|faint|p2a: Garchomp
|upkeep
|
|t:|1760367777
|switch|p2a: Heatran|Heatran, F|23/100
|-damage|p2a: Heatran|11/100|[from] Stealth Rock
|turn|14
|inactive|sudout2 has 120 seconds left.
|inactive|sudout2 has 90 seconds left.
|inactive|sudout2 has 60 seconds left.
|
|t:|1760367893
|switch|p1a: Garganacl|Garganacl, F, shiny, tera:Flying|82/100
|move|p2a: Heatran|Magma Storm|p1a: Garganacl
|-damage|p1a: Garganacl|51/100
|-activate|p1a: Garganacl|move: Magma Storm|[of] p2a: Heatran
|
|-heal|p2a: Heatran|17/100|[from] item: Leftovers
|-heal|p1a: Garganacl|57/100|[from] item: Leftovers
|-damage|p1a: Garganacl|45/100|[from] move: Magma Storm|[partiallytrapped]
|upkeep
|turn|15
|
|t:|1760367902
|move|p2a: Heatran|Magma Storm|p1a: Garganacl|[miss]
|-miss|p2a: Heatran|p1a: Garganacl
|move|p1a: Garganacl|Recover|p1a: Garganacl
|-heal|p1a: Garganacl|95/100
|
|-heal|p2a: Heatran|23/100|[from] item: Leftovers
|-heal|p1a: Garganacl|100/100|[from] item: Leftovers
|-damage|p1a: Garganacl|88/100|[from] move: Magma Storm|[partiallytrapped]
|upkeep
|turn|16
|
|t:|1760367910
|move|p2a: Heatran|Magma Storm|p1a: Garganacl
|-damage|p1a: Garganacl|61/100
|move|p1a: Garganacl|Earthquake|p2a: Heatran
|-supereffective|p2a: Heatran
|-damage|p2a: Heatran|0 fnt
|faint|p2a: Heatran
|
|-heal|p1a: Garganacl|67/100|[from] item: Leftovers
|-end|p1a: Garganacl|Magma Storm|[partiallytrapped]|[silent]
|upkeep
|
|t:|1760367918
|switch|p2a: Torkoal|Torkoal, F, shiny|100/100
|-damage|p2a: Torkoal|76/100|[from] Stealth Rock
|-weather|SunnyDay|[from] ability: Drought|[of] p2a: Torkoal
|turn|17
|
|t:|1760367924
|move|p1a: Garganacl|Earthquake|p2a: Torkoal
|-supereffective|p2a: Torkoal
|-crit|p2a: Torkoal
|-damage|p2a: Torkoal|35/100
|move|p2a: Torkoal|Stealth Rock|p1a: Garganacl
|-sidestart|p1: sudout2|move: Stealth Rock
|
|-weather|SunnyDay|[upkeep]
|-heal|p1a: Garganacl|73/100|[from] item: Leftovers
|upkeep
|turn|18
|
|t:|1760367931
|move|p1a: Garganacl|Salt Cure|p2a: Torkoal
|-supereffective|p2a: Torkoal
|-damage|p2a: Torkoal|19/100
|-start|p2a: Torkoal|Salt Cure
|move|p2a: Torkoal|Rapid Spin|p1a: Garganacl
|-damage|p1a: Garganacl|67/100
|-boost|p2a: Torkoal|spe|1
|-sideend|p2: AmanRises|Stealth Rock|[from] move: Rapid Spin|[of] p2a: Torkoal
|
|-weather|SunnyDay|[upkeep]
|-heal|p1a: Garganacl|74/100|[from] item: Leftovers
|-damage|p2a: Torkoal|7/100|[from] Salt Cure
|upkeep
|turn|19
|
|t:|1760367945
|switch|p2a: Great Tusk|Great Tusk|100/100
|-activate|p2a: Great Tusk|ability: Protosynthesis
|-start|p2a: Great Tusk|protosynthesisatk
|move|p1a: Garganacl|Recover|p1a: Garganacl
|-heal|p1a: Garganacl|100/100
|
|-weather|SunnyDay|[upkeep]
|upkeep
|turn|20
|
|t:|1760367955
|switch|p1a: Toxapex|Toxapex, F, shiny|100/100
|-damage|p1a: Toxapex|88/100|[from] Stealth Rock
|move|p2a: Great Tusk|Ice Spinner|p1a: Toxapex
|-resisted|p1a: Toxapex
|-damage|p1a: Toxapex|72/100
|
|-weather|SunnyDay|[upkeep]
|-heal|p1a: Toxapex|78/100|[from] item: Leftovers
|upkeep
|turn|21
|
|t:|1760367964
|-end|p2a: Great Tusk|Protosynthesis|[silent]
|switch|p2a: Venusaur|Venusaur, M|100/100
|move|p1a: Toxapex|Baneful Bunker||[still]
|-fail|p1a: Toxapex
|
|-weather|SunnyDay|[upkeep]
|-heal|p1a: Toxapex|84/100|[from] item: Leftovers
|upkeep
|turn|22
|
|t:|1760367970
|move|p2a: Venusaur|Growth|p2a: Venusaur
|-boost|p2a: Venusaur|atk|2
|-boost|p2a: Venusaur|spa|2
|move|p1a: Toxapex|Infestation|p2a: Venusaur
|-damage|p2a: Venusaur|97/100
|-activate|p2a: Venusaur|move: Infestation|[of] p1a: Toxapex
|
|-weather|SunnyDay|[upkeep]
|-heal|p1a: Toxapex|91/100|[from] item: Leftovers
|-damage|p2a: Venusaur|85/100|[from] move: Infestation|[partiallytrapped]
|upkeep
|turn|23
|
|t:|1760367979
|move|p1a: Toxapex|Baneful Bunker|p1a: Toxapex
|-singleturn|p1a: Toxapex|move: Protect
|move|p2a: Venusaur|Earth Power|p1a: Toxapex
|-activate|p1a: Toxapex|move: Protect
|
|-weather|SunnyDay|[upkeep]
|-heal|p1a: Toxapex|97/100|[from] item: Leftovers
|-damage|p2a: Venusaur|72/100|[from] move: Infestation|[partiallytrapped]
|upkeep
|turn|24
|
|t:|1760367988
|switch|p1a: Garganacl|Garganacl, F, shiny, tera:Flying|100/100
|-damage|p1a: Garganacl|75/100|[from] Stealth Rock
|move|p2a: Venusaur|Solar Beam||[still]
|-prepare|p2a: Venusaur|Solar Beam
|-anim|p2a: Venusaur|Solar Beam|p1a: Garganacl
|-resisted|p1a: Garganacl
|-damage|p1a: Garganacl|27/100
|-damage|p2a: Venusaur|62/100|[from] item: Life Orb
|
|-weather|none
|-heal|p1a: Garganacl|33/100|[from] item: Leftovers
|-end|p2a: Venusaur|Infestation|[partiallytrapped]|[silent]
|upkeep
|turn|25
|
|t:|1760368002
|switch|p2a: Snorlax|Snorlax, F|100/100
|move|p1a: Garganacl|Recover|p1a: Garganacl
|-heal|p1a: Garganacl|83/100
|
|-heal|p1a: Garganacl|89/100|[from] item: Leftovers
|upkeep
|turn|26
|
|t:|1760368008
|move|p1a: Garganacl|Curse|p1a: Garganacl
|-unboost|p1a: Garganacl|spe|1
|-boost|p1a: Garganacl|atk|1
|-boost|p1a: Garganacl|def|1
|move|p2a: Snorlax|Curse|p2a: Snorlax
|-unboost|p2a: Snorlax|spe|1
|-boost|p2a: Snorlax|atk|1
|-boost|p2a: Snorlax|def|1
|
|-heal|p1a: Garganacl|96/100|[from] item: Leftovers
|upkeep
|turn|27
|
|t:|1760368018
|switch|p2a: Torkoal|Torkoal, F, shiny|7/100
|-weather|SunnyDay|[from] ability: Drought|[of] p2a: Torkoal
|move|p1a: Garganacl|Curse|p1a: Garganacl
|-unboost|p1a: Garganacl|spe|1
|-boost|p1a: Garganacl|atk|1
|-boost|p1a: Garganacl|def|1
|
|-weather|SunnyDay|[upkeep]
|-heal|p1a: Garganacl|100/100|[from] item: Leftovers
|upkeep
|turn|28
|
|t:|1760368028
|move|p2a: Torkoal|Will-O-Wisp|p1a: Garganacl
|-immune|p1a: Garganacl|[from] ability: Purifying Salt
|move|p1a: Garganacl|Curse|p1a: Garganacl
|-unboost|p1a: Garganacl|spe|1
|-boost|p1a: Garganacl|atk|1
|-boost|p1a: Garganacl|def|1
|
|-weather|SunnyDay|[upkeep]
|upkeep
|turn|29
|c|☆AmanRises|gg
|-message|AmanRises forfeited.
|
|win|sudout2
|raw|sudout2's rating: 1495 &rarr; <strong>1514</strong><br />(+19 for winning)
|raw|AmanRises's rating: 1486 &rarr; <strong>1467</strong><br />(-19 for losing)
|l|☆AmanRises
|player|p2|
|l|☆sudout2
|player|p1|
