|j|☆Segahay
|j|☆colby16
|t:|1760340137
|gametype|singles
|player|p1|Segahay|2|1570
|player|p2|colby16|101|1488
|gen|9
|tier|[Gen 9] OU
|rated|
|rule|HP Percentage Mod: HP is shown in percentages
|rule|Endless Battle Clause: Forcing endless battles is banned
|rule|Species Clause: Limit one of each Pokémon
|rule|OHKO Clause: OHKO moves are banned
|rule|Evasion Items Clause: Evasion items are banned
|rule|Evasion Moves Clause: Evasion moves are banned
|rule|Evasion Abilities Clause: Evasion abilities are banned
|rule|Sleep Moves Clause: Sleep-inducing moves are banned
|clearpoke
|poke|p1|Rillaboom, M|
|poke|p1|Hawlucha, M|
|poke|p1|Feraligatr, F|
|poke|p1|Slowbro-Galar, M|
|poke|p1|Glimmora, F|
|poke|p1|Mew|
|poke|p2|Enamorus, F|
|poke|p2|Zamazenta-*|
|poke|p2|Great Tusk|
|poke|p2|Iron Moth|
|poke|p2|Weavile, F|
|poke|p2|Araquanid, M|
|teampreview
|inactive|Battle timer is ON: inactive players will automatically lose when time's up. (requested by colby16)
|inactive|Segahay also wants the timer to be on.
|c|☆Segahay|Glhf!
|
|t:|1760340147
|teamsize|p1|6
|teamsize|p2|6
|start
|switch|p1a: Glimmora|Glimmora, F|100/100
|switch|p2a: Araquanid|Araquanid, M|100/100
|turn|1
|
|t:|1760340150
|move|p1a: Glimmora|Meteor Beam||[still]
|-prepare|p1a: Glimmora|Meteor Beam
|-boost|p1a: Glimmora|spa|1
|-enditem|p1a: Glimmora|Power Herb
|-anim|p1a: Glimmora|Meteor Beam|p2a: Araquanid
|-supereffective|p2a: Araquanid
|-damage|p2a: Araquanid|0 fnt
|faint|p2a: Araquanid
|
|upkeep
|
|t:|1760340159
|switch|p2a: Great Tusk|Great Tusk|100/100
|-enditem|p2a: Great Tusk|Booster Energy
|-activate|p2a: Great Tusk|ability: Protosynthesis|[fromitem]
|-start|p2a: Great Tusk|protosynthesisatk
|turn|2
|
|t:|1760340162
|-terastallize|p1a: Glimmora|Grass
|move|p2a: Great Tusk|Rapid Spin|p1a: Glimmora
|-damage|p1a: Glimmora|73/100
|-boost|p2a: Great Tusk|spe|1
|-activate|p1a: Glimmora|ability: Toxic Debris
|-sidestart|p2: colby16|move: Toxic Spikes
|-sideend|p2: colby16|Toxic Spikes|[from] move: Rapid Spin|[of] p2a: Great Tusk
|move|p1a: Glimmora|Energy Ball|p2a: Great Tusk
|-supereffective|p2a: Great Tusk
|-damage|p2a: Great Tusk|0 fnt
|faint|p2a: Great Tusk
|-end|p2a: Great Tusk|Protosynthesis|[silent]
|
|upkeep
|
|t:|1760340174
|switch|p2a: Weavile|Weavile, F|100/100
|-ability|p2a: Weavile|Pressure
|turn|3
|
|t:|1760340179
|move|p2a: Weavile|Triple Axel|p1a: Glimmora
|-supereffective|p1a: Glimmora
|-crit|p1a: Glimmora
|-damage|p1a: Glimmora|17/100
|-activate|p1a: Glimmora|ability: Toxic Debris
|-sidestart|p2: colby16|move: Toxic Spikes
|-hitcount|p1a: Glimmora|1
|move|p1a: Glimmora|Power Gem|p2a: Weavile
|-supereffective|p2a: Weavile
|-damage|p2a: Weavile|0 fnt
|faint|p2a: Weavile
|
|upkeep
|
|t:|1760340190
|switch|p2a: Iron Moth|Iron Moth|100/100
|-sideend|p2: colby16|move: Toxic Spikes|[of] p2a: Iron Moth
|-enditem|p2a: Iron Moth|Booster Energy
|-activate|p2a: Iron Moth|ability: Quark Drive|[fromitem]
|-start|p2a: Iron Moth|quarkdrivespa
|turn|4
|
|t:|1760340192
|move|p2a: Iron Moth|Sludge Wave|p1a: Glimmora
|-supereffective|p1a: Glimmora
|-damage|p1a: Glimmora|0 fnt
|faint|p1a: Glimmora
|
|upkeep
|
|t:|1760340194
|switch|p1a: Slowbro|Slowbro-Galar, M, shiny|100/100
|turn|5
|-activate|p1a: Slowbro|item: Quick Claw
|
|t:|1760340199
|move|p1a: Slowbro|Psychic|p2a: Iron Moth
|-supereffective|p2a: Iron Moth
|-damage|p2a: Iron Moth|13/100
|-unboost|p2a: Iron Moth|spd|1
|move|p2a: Iron Moth|Fiery Dance|p1a: Slowbro
|-damage|p1a: Slowbro|19/100
|
|upkeep
|turn|6
|
|t:|1760340202
|move|p2a: Iron Moth|Fiery Dance|p1a: Slowbro
|-damage|p1a: Slowbro|0 fnt
|faint|p1a: Slowbro
|
|upkeep
|
|t:|1760340203
|switch|p1a: Rillaboom|Rillaboom, M|100/100
|-fieldstart|move: Grassy Terrain|[from] ability: Grassy Surge|[of] p1a: Rillaboom
|turn|7
|
|t:|1760340209
|-end|p2a: Iron Moth|Quark Drive|[silent]
|switch|p2a: Zamazenta|Zamazenta|100/100
|-ability|p2a: Zamazenta|Dauntless Shield|boost
|-boost|p2a: Zamazenta|def|1
|move|p1a: Rillaboom|Fake Out|p2a: Zamazenta
|-damage|p2a: Zamazenta|91/100
|
|-heal|p2a: Zamazenta|97/100|[from] Grassy Terrain
|upkeep
|turn|8
|
|t:|1760340212
|move|p2a: Zamazenta|Iron Defense|p2a: Zamazenta
|-boost|p2a: Zamazenta|def|2
|move|p1a: Rillaboom|U-turn|p2a: Zamazenta
|-resisted|p2a: Zamazenta
|-damage|p2a: Zamazenta|92/100
|
|t:|1760340216
|switch|p1a: Mew|Mew|100/100|[from] U-turn
|
|-heal|p2a: Zamazenta|98/100|[from] Grassy Terrain
|upkeep
|turn|9
|
|t:|1760340217
|move|p2a: Zamazenta|Crunch|p1a: Mew
|-supereffective|p1a: Mew
|-damage|p1a: Mew|41/100
|-enditem|p1a: Mew|Weakness Policy
|-boost|p1a: Mew|atk|2|[from] item: Weakness Policy
|-boost|p1a: Mew|spa|2|[from] item: Weakness Policy
|-damage|p2a: Zamazenta|88/100|[from] item: Life Orb
|move|p1a: Mew|Agility|p1a: Mew
|-boost|p1a: Mew|spe|2
|
|-heal|p1a: Mew|47/100|[from] Grassy Terrain
|-heal|p2a: Zamazenta|95/100|[from] Grassy Terrain
|upkeep
|turn|10
|
|t:|1760340221
|move|p1a: Mew|Draining Kiss|p2a: Zamazenta
|-supereffective|p2a: Zamazenta
|-damage|p2a: Zamazenta|36/100
|-heal|p1a: Mew|89/100|[from] drain|[of] p2a: Zamazenta
|move|p2a: Zamazenta|Crunch|p1a: Mew
|-supereffective|p1a: Mew
|-damage|p1a: Mew|33/100
|-damage|p2a: Zamazenta|26/100|[from] item: Life Orb
|
|-heal|p1a: Mew|39/100|[from] Grassy Terrain
|-heal|p2a: Zamazenta|32/100|[from] Grassy Terrain
|upkeep
|turn|11
|
|t:|1760340232
|-terastallize|p2a: Zamazenta|Poison
|move|p1a: Mew|Draining Kiss|p2a: Zamazenta
|-resisted|p2a: Zamazenta
|-damage|p2a: Zamazenta|17/100
|-heal|p1a: Mew|50/100|[from] drain|[of] p2a: Zamazenta
|move|p2a: Zamazenta|Crunch|p1a: Mew
|-supereffective|p1a: Mew
|-damage|p1a: Mew|0 fnt
|faint|p1a: Mew
|-damage|p2a: Zamazenta|7/100|[from] item: Life Orb
|
|-heal|p2a: Zamazenta|13/100|[from] Grassy Terrain
|-fieldend|move: Grassy Terrain
|upkeep
|
|t:|1760340240
|switch|p1a: Rillaboom|Rillaboom, M|100/100
|-fieldstart|move: Grassy Terrain|[from] ability: Grassy Surge|[of] p1a: Rillaboom
|turn|12
|
|t:|1760340243
|move|p1a: Rillaboom|Fake Out|p2a: Zamazenta
|-damage|p2a: Zamazenta|8/100
|cant|p2a: Zamazenta|flinch
|
|-heal|p2a: Zamazenta|14/100|[from] Grassy Terrain
|upkeep
|turn|13
|
|t:|1760340245
|move|p2a: Zamazenta|Body Press|p1a: Rillaboom
|-damage|p1a: Rillaboom|0 fnt
|faint|p1a: Rillaboom
|-damage|p2a: Zamazenta|4/100|[from] item: Life Orb
|
|-heal|p2a: Zamazenta|10/100|[from] Grassy Terrain
|upkeep
|
|t:|1760340247
|switch|p1a: Hawlucha|Hawlucha, M|100/100
|-enditem|p1a: Hawlucha|Grassy Seed
|-boost|p1a: Hawlucha|def|1|[from] item: Grassy Seed
|turn|14
|
|t:|1760340250
|move|p1a: Hawlucha|Acrobatics|p2a: Zamazenta
|-damage|p2a: Zamazenta|0 fnt
|faint|p2a: Zamazenta
|
|upkeep
|
|t:|1760340256
|switch|p2a: Enamorus|Enamorus, F|100/100
|turn|15
|
|t:|1760340258
|move|p1a: Hawlucha|Acrobatics|p2a: Enamorus
|-damage|p2a: Enamorus|23/100
|move|p2a: Enamorus|Moonblast|p1a: Hawlucha
|-supereffective|p1a: Hawlucha
|-damage|p1a: Hawlucha|0 fnt
|faint|p1a: Hawlucha
|
|upkeep
|
|t:|1760340261
|switch|p1a: Feraligatr|Feraligatr, F|100/100
|turn|16
|
|t:|1760340262
|move|p1a: Feraligatr|Aqua Jet|p2a: Enamorus
|-damage|p2a: Enamorus|0 fnt
|faint|p2a: Enamorus
|-damage|p1a: Feraligatr|91/100|[from] item: Life Orb
|
|-heal|p1a: Feraligatr|97/100|[from] Grassy Terrain
|-fieldend|move: Grassy Terrain
|upkeep
|
|t:|1760340264
|switch|p2a: Iron Moth|Iron Moth|13/100
|turn|17
|
|t:|1760340267
|move|p1a: Feraligatr|Aqua Jet|p2a: Iron Moth
|-supereffective|p2a: Iron Moth
|-damage|p2a: Iron Moth|0 fnt
|faint|p2a: Iron Moth
|-end|p2a: Iron Moth|Quark Drive|[silent]
|-damage|p1a: Feraligatr|87/100|[from] item: Life Orb
|
|win|Segahay
|raw|Segahay's rating: 1570 &rarr; <strong>1585</strong><br />(+15 for winning)
|raw|colby16's rating: 1488 &rarr; <strong>1473</strong><br />(-15 for losing)
|l|☆colby16
|player|p2|
|l|☆Segahay
|player|p1|
