|j|☆LionX_Pro
|j|☆Ostenberg
|t:|1760352135
|gametype|singles
|player|p1|LionX_Pro|steven|1208
|player|p2|Ostenberg|dawn|1268
|gen|9
|tier|[Gen 9] OU
|rated|
|rule|HP Percentage Mod: HP is shown in percentages
|rule|Endless Battle Clause: Forcing endless battles is banned
|rule|Species Clause: Limit one of each Pokémon
|rule|OHKO Clause: OHKO moves are banned
|rule|Evasion Items Clause: Evasion items are banned
|rule|Evasion Moves Clause: Evasion moves are banned
|rule|Evasion Abilities Clause: Evasion abilities are banned
|rule|Sleep Moves Clause: Sleep-inducing moves are banned
|clearpoke
|poke|p1|Shiftry, M|
|poke|p1|Glimmora, M|
|poke|p1|Incineroar, M|
|poke|p1|Gliscor, M|
|poke|p1|Great Tusk|
|poke|p1|Garganacl, F|
|poke|p2|Ogerpon-Wellspring, F|
|poke|p2|Toxapex, F|
|poke|p2|Meowscarada, M|
|poke|p2|Metagross|
|poke|p2|Moltres|
|poke|p2|Great Tusk|
|teampreview
|
|t:|1760352140
|teamsize|p1|6
|teamsize|p2|6
|start
|switch|p1a: Shiftry|Shiftry, M|100/100
|switch|p2a: Metagross|Metagross|100/100
|turn|1
|inactive|Battle timer is ON: inactive players will automatically lose when time's up. (requested by Ostenberg)
|
|t:|1760352194
|move|p1a: Shiftry|Tailwind|p1a: Shiftry
|-sidestart|p1: LionX_Pro|move: Tailwind
|-ability|p1a: Shiftry|Wind Rider|boost
|-boost|p1a: Shiftry|atk|1
|move|p2a: Metagross|Heavy Slam|p1a: Shiftry
|-enditem|p1a: Shiftry|Focus Sash
|-damage|p1a: Shiftry|1/100
|
|upkeep
|turn|2
|
|t:|1760352206
|move|p1a: Shiftry|Sucker Punch|p2a: Metagross
|-supereffective|p2a: Metagross
|-damage|p2a: Metagross|21/100
|-enditem|p2a: Metagross|Weakness Policy
|-boost|p2a: Metagross|atk|2|[from] item: Weakness Policy
|-boost|p2a: Metagross|spa|2|[from] item: Weakness Policy
|move|p2a: Metagross|Bullet Punch|p1a: Shiftry
|-damage|p1a: Shiftry|0 fnt
|faint|p1a: Shiftry
|
|upkeep
|
|t:|1760352212
|switch|p1a: Glimmora|Glimmora, M|100/100
|turn|3
|
|t:|1760352221
|move|p1a: Glimmora|Earth Power|p2a: Metagross
|-supereffective|p2a: Metagross
|-damage|p2a: Metagross|0 fnt
|faint|p2a: Metagross
|
|upkeep
|inactive|Ostenberg has 120 seconds left.
|
|t:|1760352261
|switch|p2a: Toxapex|Toxapex, F|100/100
|turn|4
|
|t:|1760352285
|move|p1a: Glimmora|Meteor Beam||[still]
|-prepare|p1a: Glimmora|Meteor Beam
|-boost|p1a: Glimmora|spa|1
|-enditem|p1a: Glimmora|Power Herb
|-anim|p1a: Glimmora|Meteor Beam|p2a: Toxapex
|-damage|p2a: Toxapex|30/100
|move|p2a: Toxapex|Infestation|p1a: Glimmora
|-resisted|p1a: Glimmora
|-damage|p1a: Glimmora|99/100
|-activate|p1a: Glimmora|move: Infestation|[of] p2a: Toxapex
|
|-damage|p1a: Glimmora|86/100|[from] move: Infestation|[partiallytrapped]
|-sideend|p1: LionX_Pro|move: Tailwind
|upkeep
|turn|5
|inactive|Ostenberg has 120 seconds left.
|
|t:|1760352299
|move|p2a: Toxapex|Baneful Bunker|p2a: Toxapex
|-singleturn|p2a: Toxapex|move: Protect
|move|p1a: Glimmora|Earth Power|p2a: Toxapex
|-activate|p2a: Toxapex|move: Protect
|
|-damage|p1a: Glimmora|74/100|[from] move: Infestation|[partiallytrapped]
|upkeep
|turn|6
|
|t:|1760352316
|switch|p2a: Moltres|Moltres|100/100
|move|p1a: Glimmora|Meteor Beam||[still]
|-prepare|p1a: Glimmora|Meteor Beam
|-boost|p1a: Glimmora|spa|1
|
|-end|p1a: Glimmora|Infestation|[partiallytrapped]|[silent]
|upkeep
|turn|7
|inactive|Ostenberg has 120 seconds left.
|
|t:|1760352333
|move|p1a: Glimmora|Meteor Beam|p2a: Moltres|[from] lockedmove
|-supereffective|p2a: Moltres
|-damage|p2a: Moltres|0 fnt
|faint|p2a: Moltres
|
|upkeep
|inactive|Ostenberg has 120 seconds left.
|
|t:|1760352344
|switch|p2a: Great Tusk|Great Tusk|100/100
|-enditem|p2a: Great Tusk|Booster Energy
|-activate|p2a: Great Tusk|ability: Protosynthesis|[fromitem]
|-start|p2a: Great Tusk|protosynthesisatk
|turn|8
|inactive|Ostenberg has 120 seconds left.
|
|t:|1760352352
|move|p2a: Great Tusk|Headlong Rush|p1a: Glimmora
|-supereffective|p1a: Glimmora
|-crit|p1a: Glimmora
|-damage|p1a: Glimmora|0 fnt
|-unboost|p2a: Great Tusk|def|1
|-unboost|p2a: Great Tusk|spd|1
|-activate|p1a: Glimmora|ability: Toxic Debris
|-sidestart|p2: Ostenberg|move: Toxic Spikes
|faint|p1a: Glimmora
|
|upkeep
|
|t:|1760352372
|switch|p1a: Gliscor|Gliscor, M|100/100
|turn|9
|
|t:|1760352377
|move|p1a: Gliscor|Protect|p1a: Gliscor
|-singleturn|p1a: Gliscor|Protect
|move|p2a: Great Tusk|Ice Spinner|p1a: Gliscor
|-activate|p1a: Gliscor|move: Protect
|
|-status|p1a: Gliscor|tox|[from] item: Toxic Orb
|upkeep
|turn|10
|
|t:|1760352388
|move|p2a: Great Tusk|Rapid Spin|p1a: Gliscor
|-damage|p1a: Gliscor|87/100 tox
|-boost|p2a: Great Tusk|spe|1
|-sideend|p2: Ostenberg|Toxic Spikes|[from] move: Rapid Spin|[of] p2a: Great Tusk
|move|p1a: Gliscor|Toxic|p2a: Great Tusk
|-status|p2a: Great Tusk|tox
|
|-damage|p2a: Great Tusk|94/100 tox|[from] psn
|-heal|p1a: Gliscor|99/100 tox|[from] ability: Poison Heal
|upkeep
|turn|11
|
|t:|1760352399
|move|p1a: Gliscor|Protect|p1a: Gliscor
|-singleturn|p1a: Gliscor|Protect
|move|p2a: Great Tusk|Ice Spinner|p1a: Gliscor
|-activate|p1a: Gliscor|move: Protect
|
|-damage|p2a: Great Tusk|82/100 tox|[from] psn
|-heal|p1a: Gliscor|100/100 tox|[from] ability: Poison Heal
|upkeep
|turn|12
|
|t:|1760352413
|switch|p1a: Incineroar|Incineroar, M|100/100
|-ability|p1a: Incineroar|Intimidate|boost
|-unboost|p2a: Great Tusk|atk|1
|move|p2a: Great Tusk|Ice Spinner|p1a: Incineroar
|-resisted|p1a: Incineroar
|-crit|p1a: Incineroar
|-damage|p1a: Incineroar|76/100
|
|-damage|p2a: Great Tusk|63/100 tox|[from] psn
|upkeep
|turn|13
|
|t:|1760352425
|-end|p2a: Great Tusk|Protosynthesis|[silent]
|switch|p2a: Toxapex|Toxapex, F|64/100
|move|p1a: Incineroar|Fake Out|p2a: Toxapex
|-damage|p2a: Toxapex|57/100
|-damage|p1a: Incineroar|60/100|[from] item: Rocky Helmet|[of] p2a: Toxapex
|
|upkeep
|turn|14
|
|t:|1760352434
|switch|p1a: Gliscor|Gliscor, M|100/100 tox
|move|p2a: Toxapex|Infestation|p1a: Gliscor
|-resisted|p1a: Gliscor
|-damage|p1a: Gliscor|99/100 tox
|-activate|p1a: Gliscor|move: Infestation|[of] p2a: Toxapex
|
|-heal|p1a: Gliscor|100/100 tox|[from] ability: Poison Heal
|-damage|p1a: Gliscor|88/100 tox|[from] move: Infestation|[partiallytrapped]
|upkeep
|turn|15
|
|t:|1760352445
|move|p1a: Gliscor|Stealth Rock|p2a: Toxapex
|-sidestart|p2: Ostenberg|move: Stealth Rock
|move|p2a: Toxapex|Recover|p2a: Toxapex
|-heal|p2a: Toxapex|100/100
|
|-heal|p1a: Gliscor|100/100 tox|[from] ability: Poison Heal
|-damage|p1a: Gliscor|88/100 tox|[from] move: Infestation|[partiallytrapped]
|upkeep
|turn|16
|
|t:|1760352463
|switch|p2a: Great Tusk|Great Tusk|63/100 tox
|-damage|p2a: Great Tusk|60/100 tox|[from] Stealth Rock
|move|p1a: Gliscor|Toxic|p2a: Great Tusk
|-fail|p2a: Great Tusk|tox
|
|-damage|p2a: Great Tusk|54/100 tox|[from] psn
|-heal|p1a: Gliscor|100/100 tox|[from] ability: Poison Heal
|-end|p1a: Gliscor|Infestation|[partiallytrapped]|[silent]
|upkeep
|turn|17
|
|t:|1760352475
|move|p1a: Gliscor|Protect|p1a: Gliscor
|-singleturn|p1a: Gliscor|Protect
|move|p2a: Great Tusk|Rapid Spin|p1a: Gliscor
|-activate|p1a: Gliscor|move: Protect
|
|-damage|p2a: Great Tusk|42/100 tox|[from] psn
|upkeep
|turn|18
|c|☆Ostenberg|Ni££a ass gameplay
|
|t:|1760352493
|switch|p1a: Incineroar|Incineroar, M|60/100
|-ability|p1a: Incineroar|Intimidate|boost
|-unboost|p2a: Great Tusk|atk|1
|move|p2a: Great Tusk|Rapid Spin|p1a: Incineroar
|-damage|p1a: Incineroar|49/100
|-boost|p2a: Great Tusk|spe|1
|-sideend|p2: Ostenberg|Stealth Rock|[from] move: Rapid Spin|[of] p2a: Great Tusk
|
|-damage|p2a: Great Tusk|23/100 tox|[from] psn
|upkeep
|turn|19
|
|t:|1760352510
|move|p1a: Incineroar|Fake Out|p2a: Great Tusk
|-damage|p2a: Great Tusk|15/100 tox
|cant|p2a: Great Tusk|flinch
|
|-damage|p2a: Great Tusk|0 fnt|[from] psn
|faint|p2a: Great Tusk
|-end|p2a: Great Tusk|Protosynthesis|[silent]
|upkeep
|
|t:|1760352523
|switch|p2a: Ogerpon|Ogerpon-Wellspring, F|100/100
|turn|20
|
|t:|1760352538
|move|p2a: Ogerpon|Swords Dance|p2a: Ogerpon
|-boost|p2a: Ogerpon|atk|2
|move|p1a: Incineroar|Parting Shot|p2a: Ogerpon
|-unboost|p2a: Ogerpon|atk|1
|-unboost|p2a: Ogerpon|spa|1
|
|t:|1760352551
|switch|p1a: Garganacl|Garganacl, F|100/100|[from] Parting Shot
|
|upkeep
|turn|21
|
|t:|1760352558
|-terastallize|p2a: Ogerpon|Water
|detailschange|p2a: Ogerpon|Ogerpon-Wellspring-Tera, F, tera:Water
|-ability|p2a: Ogerpon|Embody Aspect (Wellspring)|boost
|-boost|p2a: Ogerpon|spd|1
|-terastallize|p1a: Garganacl|Water
|move|p2a: Ogerpon|Ivy Cudgel|p1a: Garganacl|[anim] Ivy Cudgel Water
|-resisted|p1a: Garganacl
|-damage|p1a: Garganacl|61/100
|move|p1a: Garganacl|Iron Defense|p1a: Garganacl
|-boost|p1a: Garganacl|def|2
|
|-heal|p1a: Garganacl|67/100|[from] item: Leftovers
|upkeep
|turn|22
|c|☆Ostenberg|Damn an entire stall team
|inactive|Ostenberg has 120 seconds left.
|c|☆Ostenberg|I should had just quit after seeing the team
|
|t:|1760352600
|switch|p2a: Meowscarada|Meowscarada, M|100/100
|move|p1a: Garganacl|Salt Cure|p2a: Meowscarada
|-damage|p2a: Meowscarada|78/100
|-start|p2a: Meowscarada|Salt Cure
|
|-heal|p1a: Garganacl|73/100|[from] item: Leftovers
|-damage|p2a: Meowscarada|65/100|[from] Salt Cure
|upkeep
|turn|23
|
|t:|1760352610
|move|p1a: Garganacl|Protect|p1a: Garganacl
|-singleturn|p1a: Garganacl|Protect
|move|p2a: Meowscarada|Flower Trick|p1a: Garganacl
|-start|p2a: Meowscarada|typechange|Grass|[from] ability: Protean
|-activate|p1a: Garganacl|move: Protect
|
|-heal|p1a: Garganacl|79/100|[from] item: Leftovers
|-damage|p2a: Meowscarada|53/100|[from] Salt Cure
|upkeep
|turn|24
|inactive|Ostenberg has 120 seconds left.
|inactive|Ostenberg has 90 seconds left.
|inactive|Ostenberg has 60 seconds left.
|c|☆Ostenberg|Ni££a's like you would play stall for 50+ turns just to go 20 exp higher
|
|t:|1760352705
|switch|p1a: Gliscor|Gliscor, M|100/100 tox
|move|p2a: Meowscarada|Flower Trick|p1a: Gliscor
|-crit|p1a: Gliscor
|-damage|p1a: Gliscor|67/100 tox
|
|-heal|p1a: Gliscor|80/100 tox|[from] ability: Poison Heal
|-damage|p2a: Meowscarada|41/100|[from] Salt Cure
|upkeep
|turn|25
|inactive|Ostenberg has 30 seconds left.
|inactive|Ostenberg has 20 seconds left.
|
|t:|1760352734
|switch|p2a: Ogerpon|Ogerpon-Wellspring-Tera, F, tera:Water|100/100
|-ability|p2a: Ogerpon|Embody Aspect (Wellspring)|boost
|-boost|p2a: Ogerpon|spd|1
|switch|p1a: Incineroar|Incineroar, M|49/100
|-ability|p1a: Incineroar|Intimidate|boost
|-unboost|p2a: Ogerpon|atk|1
|
|upkeep
|turn|26
|inactive|Ostenberg has 30 seconds left this turn.
|inactive|Ostenberg has 20 seconds left.
|
|t:|1760352745
|move|p1a: Incineroar|Fake Out|p2a: Ogerpon
|-crit|p2a: Ogerpon
|-damage|p2a: Ogerpon|80/100
|cant|p2a: Ogerpon|flinch
|
|upkeep
|turn|27
|inactive|Ostenberg has 30 seconds left this turn.
|inactive|Ostenberg has 20 seconds left.
|
|t:|1760352756
|move|p2a: Ogerpon|Trailblaze|p1a: Incineroar
|-resisted|p1a: Incineroar
|-damage|p1a: Incineroar|39/100
|-boost|p2a: Ogerpon|spe|1
|move|p1a: Incineroar|Parting Shot|p2a: Ogerpon
|-unboost|p2a: Ogerpon|atk|1
|-unboost|p2a: Ogerpon|spa|1
|
|t:|1760352777
|switch|p1a: Garganacl|Garganacl, F, tera:Water|79/100|[from] Parting Shot
|
|-heal|p1a: Garganacl|86/100|[from] item: Leftovers
|upkeep
|turn|28
|inactive|Ostenberg has 30 seconds left.
|n|!Ostenberg|ostenberg
|inactive|Ostenberg has 20 seconds left.
|inactive|Ostenberg has 15 seconds left.
|inactive|Ostenberg has 10 seconds left.
|inactive|Ostenberg has 5 seconds left.
|-message|Ostenberg lost due to inactivity.
|
|win|LionX_Pro
