|j|☆I L0VE MY WIF3
|j|☆AStupidAsian
|t:|1760436753
|gametype|singles
|player|p1|I L0VE MY WIF3|miku-ground|1511
|player|p2|AStupidAsian|sordward|1600
|gen|9
|tier|[Gen 9] OU
|rated|
|rule|HP Percentage Mod: HP is shown in percentages
|rule|Endless Battle Clause: Forcing endless battles is banned
|rule|Species Clause: Limit one of each Pokémon
|rule|OHKO Clause: OHKO moves are banned
|rule|Evasion Items Clause: Evasion items are banned
|rule|Evasion Moves Clause: Evasion moves are banned
|rule|Evasion Abilities Clause: Evasion abilities are banned
|rule|Sleep Moves Clause: Sleep-inducing moves are banned
|clearpoke
|poke|p1|Ogerpon-Cornerstone, F|
|poke|p1|Araquanid, M|
|poke|p1|Gholdengo|
|poke|p1|Meowscarada, F|
|poke|p1|Samurott-Hisui, M|
|poke|p1|Great Tusk|
|poke|p2|Gliscor, M|
|poke|p2|Blissey, F|
|poke|p2|Toxapex, F|
|poke|p2|Dondozo, F|
|poke|p2|Corviknight, M|
|poke|p2|Weezing-Galar, F|
|teampreview
|l|☆AStupidAsian
|player|p2|
|j|☆AStupidAsian
|player|p2|AStupidAsian|sordward|
|
|t:|1760436805
|teamsize|p1|6
|teamsize|p2|6
|start
|switch|p1a: Meowscarada|Meowscarada, F|100/100
|switch|p2a: Toxapex|Toxapex, F|100/100
|turn|1
|
|t:|1760436824
|move|p1a: Meowscarada|Knock Off|p2a: Toxapex
|-start|p1a: Meowscarada|typechange|Dark|[from] ability: Protean
|-damage|p2a: Toxapex|48/100
|-enditem|p2a: Toxapex|Heavy-Duty Boots|[from] move: Knock Off|[of] p1a: Meowscarada
|move|p2a: Toxapex|Toxic Spikes|p1a: Meowscarada
|-sidestart|p1: I L0VE MY WIF3|move: Toxic Spikes
|
|upkeep
|turn|2
|
|t:|1760436833
|switch|p1a: Great Tusk|Great Tusk|100/100
|-status|p1a: Great Tusk|psn
|move|p2a: Toxapex|Recover|p2a: Toxapex
|-heal|p2a: Toxapex|98/100
|
|-damage|p1a: Great Tusk|88/100 psn|[from] psn
|upkeep
|turn|3
|
|t:|1760436840
|switch|p2a: Corviknight|Corviknight, M|100/100
|-ability|p2a: Corviknight|Pressure
|move|p1a: Great Tusk|Rapid Spin|p2a: Corviknight
|-resisted|p2a: Corviknight
|-damage|p2a: Corviknight|96/100
|-boost|p1a: Great Tusk|spe|1
|-damage|p1a: Great Tusk|71/100 psn|[from] item: Rocky Helmet|[of] p2a: Corviknight
|-sideend|p1: I L0VE MY WIF3|Toxic Spikes|[from] move: Rapid Spin|[of] p1a: Great Tusk
|
|-heal|p1a: Great Tusk|78/100 psn|[from] item: Leftovers
|-damage|p1a: Great Tusk|65/100 psn|[from] psn
|upkeep
|turn|4
|
|t:|1760436857
|-end|p1a: Great Tusk|Protosynthesis|[silent]
|switch|p1a: Araquanid|Araquanid, M, shiny|100/100
|move|p2a: Corviknight|Drill Peck|p1a: Araquanid
|-supereffective|p1a: Araquanid
|-damage|p1a: Araquanid|53/100
|
|upkeep
|turn|5
|
|t:|1760436861
|switch|p2a: Toxapex|Toxapex, F|100/100
|move|p1a: Araquanid|Sticky Web|p2a: Toxapex
|-sidestart|p2: AStupidAsian|move: Sticky Web
|
|upkeep
|turn|6
|
|t:|1760436870
|switch|p1a: Gholdengo|Gholdengo|100/100
|-item|p1a: Gholdengo|Air Balloon
|move|p2a: Toxapex|Toxic Spikes|p1a: Gholdengo
|-sidestart|p1: I L0VE MY WIF3|move: Toxic Spikes
|
|upkeep
|turn|7
|
|t:|1760436882
|switch|p2a: Blissey|Blissey, F, shiny|100/100
|move|p1a: Gholdengo|Nasty Plot|p1a: Gholdengo
|-boost|p1a: Gholdengo|spa|2
|
|upkeep
|turn|8
|
|t:|1760436888
|move|p1a: Gholdengo|Make It Rain|p2a: Blissey
|-damage|p2a: Blissey|71/100
|-unboost|p1a: Gholdengo|spa|1
|move|p2a: Blissey|Calm Mind|p2a: Blissey
|-boost|p2a: Blissey|spa|1
|-boost|p2a: Blissey|spd|1
|
|upkeep
|turn|9
|
|t:|1760436894
|switch|p1a: Great Tusk|Great Tusk|65/100 psn
|move|p2a: Blissey|Calm Mind|p2a: Blissey
|-boost|p2a: Blissey|spa|1
|-boost|p2a: Blissey|spd|1
|
|-heal|p1a: Great Tusk|71/100 psn|[from] item: Leftovers
|-damage|p1a: Great Tusk|59/100 psn|[from] psn
|upkeep
|turn|10
|
|t:|1760436903
|switch|p2a: Corviknight|Corviknight, M|96/100
|-ability|p2a: Corviknight|Pressure
|move|p1a: Great Tusk|Rapid Spin|p2a: Corviknight
|-resisted|p2a: Corviknight
|-damage|p2a: Corviknight|91/100
|-boost|p1a: Great Tusk|spe|1
|-damage|p1a: Great Tusk|42/100 psn|[from] item: Rocky Helmet|[of] p2a: Corviknight
|-sideend|p1: I L0VE MY WIF3|Toxic Spikes|[from] move: Rapid Spin|[of] p1a: Great Tusk
|
|-heal|p1a: Great Tusk|49/100 psn|[from] item: Leftovers
|-damage|p1a: Great Tusk|36/100 psn|[from] psn
|upkeep
|turn|11
|
|t:|1760436907
|-end|p1a: Great Tusk|Protosynthesis|[silent]
|switch|p1a: Gholdengo|Gholdengo|100/100
|-item|p1a: Gholdengo|Air Balloon
|move|p2a: Corviknight|Drill Peck|p1a: Gholdengo
|-resisted|p1a: Gholdengo
|-damage|p1a: Gholdengo|92/100
|-enditem|p1a: Gholdengo|Air Balloon
|
|upkeep
|turn|12
|
|t:|1760436912
|switch|p2a: Gliscor|Gliscor, M|100/100
|move|p1a: Gholdengo|Nasty Plot|p1a: Gholdengo
|-boost|p1a: Gholdengo|spa|2
|
|-status|p2a: Gliscor|tox|[from] item: Toxic Orb
|upkeep
|turn|13
|
|t:|1760436929
|-terastallize|p2a: Gliscor|Electric
|move|p2a: Gliscor|Earthquake|p1a: Gholdengo
|-supereffective|p1a: Gholdengo
|-damage|p1a: Gholdengo|47/100
|move|p1a: Gholdengo|Make It Rain|p2a: Gliscor
|-resisted|p2a: Gliscor
|-damage|p2a: Gliscor|52/100 tox
|-unboost|p1a: Gholdengo|spa|1
|
|-heal|p2a: Gliscor|64/100 tox|[from] ability: Poison Heal
|upkeep
|turn|14
|
|t:|1760436937
|move|p2a: Gliscor|Swords Dance|p2a: Gliscor
|-boost|p2a: Gliscor|atk|2
|move|p1a: Gholdengo|Recover|p1a: Gholdengo
|-heal|p1a: Gholdengo|97/100
|
|-heal|p2a: Gliscor|77/100 tox|[from] ability: Poison Heal
|upkeep
|turn|15
|
|t:|1760436942
|switch|p1a: Meowscarada|Meowscarada, F|100/100
|move|p2a: Gliscor|Tera Blast|p1a: Meowscarada|[anim] Tera Blast Electric
|-resisted|p1a: Meowscarada
|-damage|p1a: Meowscarada|58/100
|
|-heal|p2a: Gliscor|89/100 tox|[from] ability: Poison Heal
|upkeep
|turn|16
|
|t:|1760436956
|move|p2a: Gliscor|Protect|p2a: Gliscor
|-singleturn|p2a: Gliscor|Protect
|move|p1a: Meowscarada|Flower Trick|p2a: Gliscor
|-start|p1a: Meowscarada|typechange|Grass|[from] ability: Protean
|-activate|p2a: Gliscor|move: Protect
|
|-heal|p2a: Gliscor|100/100 tox|[from] ability: Poison Heal
|upkeep
|turn|17
|
|t:|1760436964
|switch|p2a: Corviknight|Corviknight, M|91/100
|-ability|p2a: Corviknight|Pressure
|move|p1a: Meowscarada|Flower Trick|p2a: Corviknight
|-resisted|p2a: Corviknight
|-crit|p2a: Corviknight
|-damage|p2a: Corviknight|81/100
|
|upkeep
|turn|18
|
|t:|1760436974
|switch|p1a: Gholdengo|Gholdengo|97/100
|move|p2a: Corviknight|Drill Peck|p1a: Gholdengo
|-resisted|p1a: Gholdengo
|-damage|p1a: Gholdengo|89/100
|
|upkeep
|turn|19
|
|t:|1760436977
|switch|p2a: Gliscor|Gliscor, M, tera:Electric|100/100 tox
|-activate|p2a: Gliscor|move: Sticky Web
|-unboost|p2a: Gliscor|spe|1
|move|p1a: Gholdengo|Nasty Plot|p1a: Gholdengo
|-boost|p1a: Gholdengo|spa|2
|
|upkeep
|turn|20
|
|t:|1760436982
|move|p1a: Gholdengo|Shadow Ball|p2a: Gliscor
|-damage|p2a: Gliscor|36/100 tox
|move|p2a: Gliscor|Swords Dance|p2a: Gliscor
|-boost|p2a: Gliscor|atk|2
|
|-heal|p2a: Gliscor|48/100 tox|[from] ability: Poison Heal
|upkeep
|turn|21
|
|t:|1760436990
|move|p2a: Gliscor|Protect|p2a: Gliscor
|-singleturn|p2a: Gliscor|Protect
|move|p1a: Gholdengo|Shadow Ball|p2a: Gliscor
|-activate|p2a: Gliscor|move: Protect
|
|-heal|p2a: Gliscor|61/100 tox|[from] ability: Poison Heal
|upkeep
|turn|22
|
|t:|1760436994
|switch|p1a: Kaladin|Samurott-Hisui, M, shiny|100/100
|switch|p2a: Blissey|Blissey, F, shiny|71/100
|
|upkeep
|turn|23
|
|t:|1760436998
|switch|p2a: Toxapex|Toxapex, F|100/100
|-activate|p2a: Toxapex|move: Sticky Web
|-unboost|p2a: Toxapex|spe|1
|move|p1a: Kaladin|Ceaseless Edge|p2a: Toxapex
|-damage|p2a: Toxapex|69/100
|-sidestart|p2: AStupidAsian|Spikes
|
|upkeep
|turn|24
|
|t:|1760437002
|-terastallize|p1a: Kaladin|Poison
|move|p1a: Kaladin|Ceaseless Edge|p2a: Toxapex
|-damage|p2a: Toxapex|37/100
|-sidestart|p2: AStupidAsian|Spikes
|move|p2a: Toxapex|Toxic Spikes|p1a: Kaladin
|-sidestart|p1: I L0VE MY WIF3|move: Toxic Spikes
|
|upkeep
|turn|25
|
|t:|1760437010
|move|p1a: Kaladin|Ceaseless Edge|p2a: Toxapex
|-damage|p2a: Toxapex|5/100
|-sidestart|p2: AStupidAsian|Spikes
|move|p2a: Toxapex|Recover|p2a: Toxapex
|-heal|p2a: Toxapex|55/100
|
|upkeep
|turn|26
|
|t:|1760437016
|switch|p1a: Gholdengo|Gholdengo|89/100
|move|p2a: Toxapex|Recover|p2a: Toxapex
|-heal|p2a: Toxapex|100/100
|
|upkeep
|turn|27
|
|t:|1760437021
|switch|p2a: Blissey|Blissey, F, shiny|71/100
|move|p1a: Gholdengo|Nasty Plot|p1a: Gholdengo
|-boost|p1a: Gholdengo|spa|2
|
|upkeep
|turn|28
|
|t:|1760437025
|move|p1a: Gholdengo|Make It Rain|p2a: Blissey
|-crit|p2a: Blissey
|-damage|p2a: Blissey|25/100
|-unboost|p1a: Gholdengo|spa|1
|move|p2a: Blissey|Calm Mind|p2a: Blissey
|-boost|p2a: Blissey|spa|1
|-boost|p2a: Blissey|spd|1
|
|upkeep
|turn|29
|
|t:|1760437033
|switch|p1a: Kaladin|Samurott-Hisui, M, shiny, tera:Poison|100/100
|-sideend|p1: I L0VE MY WIF3|move: Toxic Spikes|[of] p1a: Kaladin
|move|p2a: Blissey|Soft-Boiled|p2a: Blissey
|-heal|p2a: Blissey|75/100
|
|upkeep
|turn|30
|
|t:|1760437036
|switch|p2a: Weezing|Weezing-Galar, F|100/100
|-ability|p2a: Weezing|Neutralizing Gas
|move|p1a: Kaladin|Knock Off|p2a: Weezing
|-resisted|p2a: Weezing
|-damage|p2a: Weezing|86/100
|-enditem|p2a: Weezing|Heavy-Duty Boots|[from] move: Knock Off|[of] p1a: Kaladin
|
|upkeep
|turn|31
|
|t:|1760437040
|move|p1a: Kaladin|Razor Shell|p2a: Weezing
|-damage|p2a: Weezing|62/100
|-unboost|p2a: Weezing|def|1
|move|p2a: Weezing|Defog|p1a: Kaladin
|-unboost|p1a: Kaladin|evasion|1
|-sideend|p2: AStupidAsian|Spikes|[from] move: Defog|[of] p2a: Weezing
|-sideend|p2: AStupidAsian|Sticky Web|[from] move: Defog|[of] p2a: Weezing
|
|upkeep
|turn|32
|
|t:|1760437051
|move|p1a: Kaladin|Ceaseless Edge|p2a: Weezing
|-resisted|p2a: Weezing
|-damage|p2a: Weezing|49/100
|-sidestart|p2: AStupidAsian|Spikes
|move|p2a: Weezing|Pain Split|p1a: Kaladin
|-sethp|p1a: Kaladin|74/100|[from] move: Pain Split|[silent]
|-sethp|p2a: Weezing|76/100|[from] move: Pain Split
|
|upkeep
|turn|33
|
|t:|1760437056
|move|p1a: Kaladin|Razor Shell|p2a: Weezing
|-damage|p2a: Weezing|41/100
|-unboost|p2a: Weezing|def|1
|move|p2a: Weezing|Will-O-Wisp|p1a: Kaladin
|-status|p1a: Kaladin|brn
|
|-damage|p1a: Kaladin|68/100 brn|[from] brn
|upkeep
|turn|34
|
|t:|1760437066
|-end|p2a: Weezing|ability: Neutralizing Gas
|switch|p2a: Toxapex|Toxapex, F|100/100
|-damage|p2a: Toxapex|88/100|[from] Spikes
|move|p1a: Kaladin|Ceaseless Edge|p2a: Toxapex
|-damage|p2a: Toxapex|70/100
|-sidestart|p2: AStupidAsian|Spikes
|
|-damage|p1a: Kaladin|62/100 brn|[from] brn
|upkeep
|turn|35
|
|t:|1760437071
|switch|p2a: Weezing|Weezing-Galar, F|41/100
|-ability|p2a: Weezing|Neutralizing Gas
|-damage|p2a: Weezing|25/100|[from] Spikes
|move|p1a: Kaladin|Ceaseless Edge|p2a: Weezing
|-resisted|p2a: Weezing
|-damage|p2a: Weezing|20/100
|-sidestart|p2: AStupidAsian|Spikes
|
|-damage|p1a: Kaladin|56/100 brn|[from] brn
|upkeep
|turn|36
|
|t:|1760437074
|move|p1a: Kaladin|Razor Shell|p2a: Weezing|[miss]
|-miss|p1a: Kaladin|p2a: Weezing
|move|p2a: Weezing|Defog|p1a: Kaladin
|-unboost|p1a: Kaladin|evasion|1
|-sideend|p2: AStupidAsian|Spikes|[from] move: Defog|[of] p2a: Weezing
|
|-damage|p1a: Kaladin|50/100 brn|[from] brn
|upkeep
|turn|37
|
|t:|1760437078
|move|p1a: Kaladin|Razor Shell|p2a: Weezing
|-damage|p2a: Weezing|9/100
|move|p2a: Weezing|Pain Split|p1a: Kaladin
|-sethp|p1a: Kaladin|29/100 brn|[from] move: Pain Split|[silent]
|-sethp|p2a: Weezing|30/100|[from] move: Pain Split
|
|-damage|p1a: Kaladin|23/100 brn|[from] brn
|upkeep
|turn|38
|
|t:|1760437088
|switch|p1a: Great Tusk|Great Tusk|36/100 psn
|move|p2a: Weezing|Defog|p1a: Great Tusk
|-unboost|p1a: Great Tusk|evasion|1
|
|-heal|p1a: Great Tusk|42/100 psn|[from] item: Leftovers
|-damage|p1a: Great Tusk|30/100 psn|[from] psn
|upkeep
|turn|39
|
|t:|1760437095
|-end|p2a: Weezing|ability: Neutralizing Gas
|switch|p2a: Corviknight|Corviknight, M|81/100
|-ability|p2a: Corviknight|Pressure
|move|p1a: Great Tusk|Headlong Rush|p2a: Corviknight
|-immune|p2a: Corviknight
|
|-heal|p1a: Great Tusk|36/100 psn|[from] item: Leftovers
|-damage|p1a: Great Tusk|24/100 psn|[from] psn
|upkeep
|turn|40
|
|t:|1760437103
|-end|p1a: Great Tusk|Protosynthesis|[silent]
|switch|p1a: Gholdengo|Gholdengo|89/100
|move|p2a: Corviknight|Drill Peck|p1a: Gholdengo
|-resisted|p1a: Gholdengo
|-damage|p1a: Gholdengo|80/100
|
|upkeep
|turn|41
|
|t:|1760437108
|switch|p2a: Blissey|Blissey, F, shiny|75/100
|move|p1a: Gholdengo|Nasty Plot|p1a: Gholdengo
|-boost|p1a: Gholdengo|spa|2
|
|upkeep
|turn|42
|
|t:|1760437113
|move|p1a: Gholdengo|Make It Rain|p2a: Blissey
|-crit|p2a: Blissey
|-damage|p2a: Blissey|26/100
|-unboost|p1a: Gholdengo|spa|1
|move|p2a: Blissey|Calm Mind|p2a: Blissey
|-boost|p2a: Blissey|spa|1
|-boost|p2a: Blissey|spd|1
|
|upkeep
|turn|43
|
|t:|1760437121
|switch|p1a: Kaladin|Samurott-Hisui, M, shiny, tera:Poison|23/100 brn
|move|p2a: Blissey|Soft-Boiled|p2a: Blissey
|-heal|p2a: Blissey|76/100
|
|-damage|p1a: Kaladin|17/100 brn|[from] brn
|upkeep
|turn|44
|
|t:|1760437124
|switch|p2a: Weezing|Weezing-Galar, F|30/100
|-ability|p2a: Weezing|Neutralizing Gas
|move|p1a: Kaladin|Ceaseless Edge|p2a: Weezing
|-resisted|p2a: Weezing
|-damage|p2a: Weezing|25/100
|-sidestart|p2: AStupidAsian|Spikes
|
|-damage|p1a: Kaladin|11/100 brn|[from] brn
|upkeep
|turn|45
|
|t:|1760437130
|switch|p1a: Meowscarada|Meowscarada, F|58/100
|move|p2a: Weezing|Defog|p1a: Meowscarada
|-unboost|p1a: Meowscarada|evasion|1
|-sideend|p2: AStupidAsian|Spikes|[from] move: Defog|[of] p2a: Weezing
|
|upkeep
|turn|46
|
|t:|1760437135
|-end|p2a: Weezing|ability: Neutralizing Gas
|switch|p2a: Corviknight|Corviknight, M|81/100
|-ability|p2a: Corviknight|Pressure
|move|p1a: Meowscarada|Triple Axel|p2a: Corviknight|[miss]
|-start|p1a: Meowscarada|typechange|Ice|[from] ability: Protean
|-miss|p1a: Meowscarada|p2a: Corviknight
|
|upkeep
|turn|47
|
|t:|1760437147
|switch|p1a: Gholdengo|Gholdengo|80/100
|move|p2a: Corviknight|Body Press|p1a: Gholdengo
|-immune|p1a: Gholdengo
|
|upkeep
|turn|48
|
|t:|1760437153
|switch|p1a: Meowscarada|Meowscarada, F|58/100
|switch|p2a: Blissey|Blissey, F, shiny|76/100
|
|upkeep
|turn|49
|
|t:|1760437155
|switch|p2a: Corviknight|Corviknight, M|81/100
|-ability|p2a: Corviknight|Pressure
|move|p1a: Meowscarada|Knock Off|p2a: Corviknight
|-start|p1a: Meowscarada|typechange|Dark|[from] ability: Protean
|-damage|p2a: Corviknight|42/100
|-damage|p1a: Meowscarada|41/100|[from] item: Rocky Helmet|[of] p2a: Corviknight
|-enditem|p2a: Corviknight|Rocky Helmet|[from] move: Knock Off|[of] p1a: Meowscarada
|
|upkeep
|turn|50
|
|t:|1760437169
|switch|p1a: Gholdengo|Gholdengo|80/100
|move|p2a: Corviknight|Roost|p2a: Corviknight
|-heal|p2a: Corviknight|92/100
|-singleturn|p2a: Corviknight|move: Roost
|
|upkeep
|turn|51
|
|t:|1760437175
|switch|p1a: Stonerpon|Ogerpon-Cornerstone, F|100/100
|switch|p2a: Blissey|Blissey, F, shiny|76/100
|
|upkeep
|turn|52
|
|t:|1760437182
|switch|p2a: Corviknight|Corviknight, M|92/100
|-ability|p2a: Corviknight|Pressure
|move|p1a: Stonerpon|Swords Dance|p1a: Stonerpon
|-boost|p1a: Stonerpon|atk|2
|
|upkeep
|turn|53
|
|t:|1760437185
|move|p1a: Stonerpon|Ivy Cudgel|p2a: Corviknight|[anim] Ivy Cudgel Rock
|-crit|p2a: Corviknight
|-damage|p2a: Corviknight|0 fnt
|faint|p2a: Corviknight
|
|upkeep
|
|t:|1760437193
|switch|p2a: Toxapex|Toxapex, F|100/100
|turn|54
|
|t:|1760437196
|move|p1a: Stonerpon|Ivy Cudgel|p2a: Toxapex|[anim] Ivy Cudgel Rock
|-damage|p2a: Toxapex|4/100
|move|p2a: Toxapex|Toxic|p1a: Stonerpon
|-status|p1a: Stonerpon|tox
|
|-damage|p1a: Stonerpon|95/100 tox|[from] psn
|upkeep
|turn|55
|
|t:|1760437205
|switch|p2a: Weezing|Weezing-Galar, F|25/100
|-ability|p2a: Weezing|Neutralizing Gas
|move|p1a: Stonerpon|Horn Leech|p2a: Weezing
|-resisted|p2a: Weezing
|-damage|p2a: Weezing|0 fnt
|-heal|p1a: Stonerpon|100/100 tox|[from] drain|[of] p2a: Weezing
|faint|p2a: Weezing
|-end|p2a: Weezing|ability: Neutralizing Gas
|
|-damage|p1a: Stonerpon|89/100 tox|[from] psn
|upkeep
|
|t:|1760437207
|switch|p2a: Dondozo|Dondozo, F|100/100
|turn|56
|
|t:|1760437210
|move|p1a: Stonerpon|Horn Leech|p2a: Dondozo
|-supereffective|p2a: Dondozo
|-damage|p2a: Dondozo|64/100
|-heal|p1a: Stonerpon|100/100 tox|[from] drain|[of] p2a: Dondozo
|move|p2a: Dondozo|Curse|p2a: Dondozo
|-unboost|p2a: Dondozo|spe|1
|-boost|p2a: Dondozo|atk|1
|-boost|p2a: Dondozo|def|1
|
|-heal|p2a: Dondozo|71/100|[from] item: Leftovers
|-damage|p1a: Stonerpon|83/100 tox|[from] psn
|upkeep
|turn|57
|
|t:|1760437218
|switch|p1a: Meowscarada|Meowscarada, F|41/100
|move|p2a: Dondozo|Waterfall|p1a: Meowscarada
|-resisted|p1a: Meowscarada
|-damage|p1a: Meowscarada|10/100
|
|-heal|p2a: Dondozo|77/100|[from] item: Leftovers
|upkeep
|turn|58
|
|t:|1760437227
|move|p1a: Meowscarada|Flower Trick|p2a: Dondozo
|-start|p1a: Meowscarada|typechange|Grass|[from] ability: Protean
|-supereffective|p2a: Dondozo
|-crit|p2a: Dondozo
|-damage|p2a: Dondozo|6/100
|move|p2a: Dondozo|Rest|p2a: Dondozo
|-status|p2a: Dondozo|slp|[from] move: Rest
|-heal|p2a: Dondozo|100/100 slp|[silent]
|
|upkeep
|turn|59
|
|t:|1760437236
|switch|p2a: Gliscor|Gliscor, M, tera:Electric|61/100 tox
|move|p1a: Meowscarada|Flower Trick|p2a: Gliscor
|-crit|p2a: Gliscor
|-damage|p2a: Gliscor|8/100 tox
|
|-heal|p2a: Gliscor|20/100 tox|[from] ability: Poison Heal
|upkeep
|turn|60
|
|t:|1760437242
|move|p2a: Gliscor|Protect|p2a: Gliscor
|-singleturn|p2a: Gliscor|Protect
|move|p1a: Meowscarada|Flower Trick|p2a: Gliscor
|-activate|p2a: Gliscor|move: Protect
|
|-heal|p2a: Gliscor|33/100 tox|[from] ability: Poison Heal
|upkeep
|turn|61
|c|☆I L0VE MY WIF3|gg
|
|t:|1760437269
|move|p2a: Gliscor|Protect|p2a: Gliscor
|-singleturn|p2a: Gliscor|Protect
|move|p1a: Meowscarada|Flower Trick|p2a: Gliscor
|-activate|p2a: Gliscor|move: Protect
|
|-heal|p2a: Gliscor|45/100 tox|[from] ability: Poison Heal
|upkeep
|turn|62
|
|t:|1760437273
|switch|p2a: Toxapex|Toxapex, F|38/100
|move|p1a: Meowscarada|Flower Trick|p2a: Toxapex
|-crit|p2a: Toxapex
|-damage|p2a: Toxapex|0 fnt
|faint|p2a: Toxapex
|
|upkeep
|
|t:|1760437275
|switch|p2a: Gliscor|Gliscor, M, tera:Electric|45/100 tox
|turn|63
|
|t:|1760437281
|move|p2a: Gliscor|Protect|p2a: Gliscor
|-singleturn|p2a: Gliscor|Protect
|move|p1a: Meowscarada|Flower Trick|p2a: Gliscor
|-activate|p2a: Gliscor|move: Protect
|
|-heal|p2a: Gliscor|58/100 tox|[from] ability: Poison Heal
|upkeep
|turn|64
|
|t:|1760437292
|move|p1a: Meowscarada|Flower Trick|p2a: Gliscor
|-crit|p2a: Gliscor
|-damage|p2a: Gliscor|6/100 tox
|move|p2a: Gliscor|Tera Blast|p1a: Meowscarada|[anim] Tera Blast Electric
|-resisted|p1a: Meowscarada
|-damage|p1a: Meowscarada|0 fnt
|faint|p1a: Meowscarada
|
|-heal|p2a: Gliscor|18/100 tox|[from] ability: Poison Heal
|upkeep
|
|t:|1760437301
|switch|p1a: Araquanid|Araquanid, M, shiny|53/100
|turn|65
|
|t:|1760437304
|move|p2a: Gliscor|Protect|p2a: Gliscor
|-singleturn|p2a: Gliscor|Protect
|move|p1a: Araquanid|Sticky Web|p2a: Gliscor
|-sidestart|p2: AStupidAsian|move: Sticky Web
|
|-heal|p2a: Gliscor|31/100 tox|[from] ability: Poison Heal
|upkeep
|turn|66
|
|t:|1760437307
|switch|p1a: Kaladin|Samurott-Hisui, M, shiny, tera:Poison|11/100 brn
|move|p2a: Gliscor|Tera Blast|p1a: Kaladin|[anim] Tera Blast Electric
|-damage|p1a: Kaladin|0 fnt
|faint|p1a: Kaladin
|
|-heal|p2a: Gliscor|43/100 tox|[from] ability: Poison Heal
|upkeep
|
|t:|1760437310
|switch|p1a: Gholdengo|Gholdengo|80/100
|turn|67
|
|t:|1760437315
|move|p2a: Gliscor|Earthquake|p1a: Gholdengo
|-supereffective|p1a: Gholdengo
|-damage|p1a: Gholdengo|37/100
|move|p1a: Gholdengo|Shadow Ball|p2a: Gliscor
|-damage|p2a: Gliscor|10/100 tox
|
|-heal|p2a: Gliscor|23/100 tox|[from] ability: Poison Heal
|upkeep
|turn|68
|
|t:|1760437322
|switch|p1a: Araquanid|Araquanid, M, shiny|53/100
|move|p2a: Gliscor|Earthquake|p1a: Araquanid
|-resisted|p1a: Araquanid
|-damage|p1a: Araquanid|37/100
|
|-heal|p2a: Gliscor|35/100 tox|[from] ability: Poison Heal
|upkeep
|turn|69
|
|t:|1760437324
|move|p2a: Gliscor|Tera Blast|p1a: Araquanid|[anim] Tera Blast Electric
|-supereffective|p1a: Araquanid
|-damage|p1a: Araquanid|0 fnt
|faint|p1a: Araquanid
|
|-heal|p2a: Gliscor|48/100 tox|[from] ability: Poison Heal
|upkeep
|
|t:|1760437326
|switch|p1a: Stonerpon|Ogerpon-Cornerstone, F|83/100 tox
|turn|70
|
|t:|1760437330
|switch|p2a: Dondozo|Dondozo, F|100/100 slp
|-activate|p2a: Dondozo|move: Sticky Web
|-unboost|p2a: Dondozo|spe|1
|move|p1a: Stonerpon|Horn Leech|p2a: Dondozo
|-supereffective|p2a: Dondozo
|-damage|p2a: Dondozo|60/100 slp
|-heal|p1a: Stonerpon|100/100 tox|[from] drain|[of] p2a: Dondozo
|
|-heal|p2a: Dondozo|66/100 slp|[from] item: Leftovers
|-damage|p1a: Stonerpon|95/100 tox|[from] psn
|upkeep
|turn|71
|
|t:|1760437334
|switch|p1a: Gholdengo|Gholdengo|37/100
|cant|p2a: Dondozo|slp
|
|-heal|p2a: Dondozo|72/100 slp|[from] item: Leftovers
|upkeep
|turn|72
|
|t:|1760437337
|switch|p2a: Blissey|Blissey, F, shiny|76/100
|move|p1a: Gholdengo|Recover|p1a: Gholdengo
|-heal|p1a: Gholdengo|87/100
|
|upkeep
|turn|73
|
|t:|1760437340
|switch|p1a: Great Tusk|Great Tusk|24/100 psn
|move|p2a: Blissey|Stealth Rock|p1a: Great Tusk
|-sidestart|p1: I L0VE MY WIF3|move: Stealth Rock
|
|-heal|p1a: Great Tusk|30/100 psn|[from] item: Leftovers
|-damage|p1a: Great Tusk|18/100 psn|[from] psn
|upkeep
|turn|74
|
|t:|1760437344
|move|p1a: Great Tusk|Rapid Spin|p2a: Blissey
|-damage|p2a: Blissey|61/100
|-boost|p1a: Great Tusk|spe|1
|-sideend|p1: I L0VE MY WIF3|Stealth Rock|[from] move: Rapid Spin|[of] p1a: Great Tusk
|move|p2a: Blissey|Seismic Toss|p1a: Great Tusk
|-damage|p1a: Great Tusk|0 fnt
|faint|p1a: Great Tusk
|-end|p1a: Great Tusk|Protosynthesis|[silent]
|
|upkeep
|
|t:|1760437347
|switch|p1a: Stonerpon|Ogerpon-Cornerstone, F|95/100 tox
|turn|75
|
|t:|1760437353
|move|p1a: Stonerpon|Ivy Cudgel|p2a: Blissey|[anim] Ivy Cudgel Rock
|-damage|p2a: Blissey|0 fnt
|faint|p2a: Blissey
|
|-damage|p1a: Stonerpon|89/100 tox|[from] psn
|upkeep
|
|t:|1760437358
|switch|p2a: Dondozo|Dondozo, F|72/100 slp
|-activate|p2a: Dondozo|move: Sticky Web
|-unboost|p2a: Dondozo|spe|1
|turn|76
|
|t:|1760437372
|switch|p1a: Gholdengo|Gholdengo|87/100
|cant|p2a: Dondozo|slp
|
|-heal|p2a: Dondozo|78/100 slp|[from] item: Leftovers
|upkeep
|turn|77
|
|t:|1760437383
|switch|p2a: Gliscor|Gliscor, M, tera:Electric|48/100 tox
|-activate|p2a: Gliscor|move: Sticky Web
|-unboost|p2a: Gliscor|spe|1
|move|p1a: Gholdengo|Shadow Ball|p2a: Gliscor
|-damage|p2a: Gliscor|19/100 tox
|
|-heal|p2a: Gliscor|31/100 tox|[from] ability: Poison Heal
|upkeep
|turn|78
|
|t:|1760437388
|move|p1a: Gholdengo|Nasty Plot|p1a: Gholdengo
|-boost|p1a: Gholdengo|spa|2
|move|p2a: Gliscor|Earthquake|p1a: Gholdengo
|-supereffective|p1a: Gholdengo
|-damage|p1a: Gholdengo|44/100
|
|-heal|p2a: Gliscor|44/100 tox|[from] ability: Poison Heal
|upkeep
|turn|79
|
|t:|1760437394
|move|p2a: Gliscor|Protect|p2a: Gliscor
|-singleturn|p2a: Gliscor|Protect
|move|p1a: Gholdengo|Shadow Ball|p2a: Gliscor
|-activate|p2a: Gliscor|move: Protect
|
|-heal|p2a: Gliscor|56/100 tox|[from] ability: Poison Heal
|upkeep
|turn|80
|
|t:|1760437397
|move|p1a: Gholdengo|Shadow Ball|p2a: Gliscor
|-damage|p2a: Gliscor|0 fnt
|faint|p2a: Gliscor
|
|upkeep
|
|t:|1760437400
|switch|p2a: Dondozo|Dondozo, F|78/100 slp
|-activate|p2a: Dondozo|move: Sticky Web
|-unboost|p2a: Dondozo|spe|1
|turn|81
|c|☆AStupidAsian|gg
|
|t:|1760437404
|move|p1a: Gholdengo|Recover|p1a: Gholdengo
|-heal|p1a: Gholdengo|94/100
|-curestatus|p2a: Dondozo|slp|[msg]
|move|p2a: Dondozo|Waterfall|p1a: Gholdengo
|-damage|p1a: Gholdengo|75/100
|
|-heal|p2a: Dondozo|84/100|[from] item: Leftovers
|upkeep
|turn|82
|c|☆I L0VE MY WIF3|wp
|
|t:|1760437410
|move|p1a: Gholdengo|Shadow Ball|p2a: Dondozo
|-crit|p2a: Dondozo
|-damage|p2a: Dondozo|32/100
|move|p2a: Dondozo|Curse|p2a: Dondozo
|-unboost|p2a: Dondozo|spe|1
|-boost|p2a: Dondozo|atk|1
|-boost|p2a: Dondozo|def|1
|
|-heal|p2a: Dondozo|38/100|[from] item: Leftovers
|upkeep
|turn|83
|
|t:|1760437414
|move|p1a: Gholdengo|Shadow Ball|p2a: Dondozo
|-damage|p2a: Dondozo|2/100
|move|p2a: Dondozo|Rest|p2a: Dondozo
|-status|p2a: Dondozo|slp|[from] move: Rest
|-heal|p2a: Dondozo|100/100 slp|[silent]
|
|upkeep
|turn|84
|
|t:|1760437418
|move|p1a: Gholdengo|Shadow Ball|p2a: Dondozo
|-damage|p2a: Dondozo|66/100 slp
|cant|p2a: Dondozo|slp
|move|p2a: Dondozo|Sleep Talk|p2a: Dondozo
|move|p2a: Dondozo|Rest||[from] move: Sleep Talk|[still]
|-fail|p2a: Dondozo
|
|-heal|p2a: Dondozo|72/100 slp|[from] item: Leftovers
|upkeep
|turn|85
|
|t:|1760437420
|move|p1a: Gholdengo|Shadow Ball|p2a: Dondozo
|-damage|p2a: Dondozo|40/100 slp
|cant|p2a: Dondozo|slp
|move|p2a: Dondozo|Sleep Talk|p2a: Dondozo
|move|p2a: Dondozo|Rest||[from] move: Sleep Talk|[still]
|-fail|p2a: Dondozo
|
|-heal|p2a: Dondozo|46/100 slp|[from] item: Leftovers
|upkeep
|turn|86
|
|t:|1760437427
|move|p1a: Gholdengo|Shadow Ball|p2a: Dondozo
|-damage|p2a: Dondozo|10/100 slp
|-curestatus|p2a: Dondozo|slp|[msg]
|move|p2a: Dondozo|Rest|p2a: Dondozo
|-status|p2a: Dondozo|slp|[from] move: Rest
|-heal|p2a: Dondozo|100/100 slp|[silent]
|
|upkeep
|turn|87
|
|t:|1760437429
|move|p1a: Gholdengo|Shadow Ball|p2a: Dondozo
|-damage|p2a: Dondozo|65/100 slp
|cant|p2a: Dondozo|slp
|move|p2a: Dondozo|Sleep Talk|p2a: Dondozo
|move|p2a: Dondozo|Waterfall|p1a: Gholdengo|[from] move: Sleep Talk
|-damage|p1a: Gholdengo|45/100
|
|-heal|p2a: Dondozo|71/100 slp|[from] item: Leftovers
|upkeep
|turn|88
|
|t:|1760437432
|move|p1a: Gholdengo|Recover|p1a: Gholdengo
|-heal|p1a: Gholdengo|95/100
|cant|p2a: Dondozo|slp
|move|p2a: Dondozo|Sleep Talk|p2a: Dondozo
|move|p2a: Dondozo|Rest||[from] move: Sleep Talk|[still]
|-fail|p2a: Dondozo
|
|-heal|p2a: Dondozo|77/100 slp|[from] item: Leftovers
|upkeep
|turn|89
|
|t:|1760437434
|move|p1a: Gholdengo|Shadow Ball|p2a: Dondozo
|-damage|p2a: Dondozo|45/100 slp
|-curestatus|p2a: Dondozo|slp|[msg]
|move|p2a: Dondozo|Sleep Talk||[still]
|-fail|p2a: Dondozo
|
|-heal|p2a: Dondozo|51/100|[from] item: Leftovers
|upkeep
|turn|90
|
|t:|1760437441
|move|p1a: Gholdengo|Shadow Ball|p2a: Dondozo
|-damage|p2a: Dondozo|16/100
|move|p2a: Dondozo|Rest|p2a: Dondozo
|-status|p2a: Dondozo|slp|[from] move: Rest
|-heal|p2a: Dondozo|100/100 slp|[silent]
|
|upkeep
|turn|91
|
|t:|1760437443
|move|p1a: Gholdengo|Shadow Ball|p2a: Dondozo
|-damage|p2a: Dondozo|65/100 slp
|cant|p2a: Dondozo|slp
|move|p2a: Dondozo|Sleep Talk|p2a: Dondozo
|move|p2a: Dondozo|Rest||[from] move: Sleep Talk|[still]
|-fail|p2a: Dondozo
|
|-heal|p2a: Dondozo|71/100 slp|[from] item: Leftovers
|upkeep
|turn|92
|
|t:|1760437445
|move|p1a: Gholdengo|Shadow Ball|p2a: Dondozo
|-damage|p2a: Dondozo|40/100 slp
|cant|p2a: Dondozo|slp
|move|p2a: Dondozo|Sleep Talk|p2a: Dondozo
|move|p2a: Dondozo|Waterfall|p1a: Gholdengo|[from] move: Sleep Talk
|-damage|p1a: Gholdengo|66/100
|
|-heal|p2a: Dondozo|46/100 slp|[from] item: Leftovers
|upkeep
|turn|93
|
|t:|1760437447
|move|p1a: Gholdengo|Shadow Ball|p2a: Dondozo
|-damage|p2a: Dondozo|13/100 slp
|-curestatus|p2a: Dondozo|slp|[msg]
|move|p2a: Dondozo|Sleep Talk||[still]
|-fail|p2a: Dondozo
|
|-heal|p2a: Dondozo|20/100|[from] item: Leftovers
|upkeep
|turn|94
|c|☆AStupidAsian|oops
|
|t:|1760437453
|move|p1a: Gholdengo|Shadow Ball|p2a: Dondozo
|-damage|p2a: Dondozo|0 fnt
|faint|p2a: Dondozo
|
|win|I L0VE MY WIF3
|raw|I L0VE MY WIF3's rating: 1511 &rarr; <strong>1536</strong><br />(+25 for winning)
|raw|AStupidAsian's rating: 1600 &rarr; <strong>1575</strong><br />(-25 for losing)
|c|☆AStupidAsian|gg
|l|☆AStupidAsian
|player|p2|
|l|☆I L0VE MY WIF3
|player|p1|
