|j|☆WyEatGaga
|j|☆ChessDennis
|t:|1760333509
|gametype|singles
|player|p1|WyEatGaga|pokemaniac|1359
|player|p2|ChessDennis|170|1362
|gen|9
|tier|[Gen 9] OU
|rated|
|rule|HP Percentage Mod: HP is shown in percentages
|rule|Endless Battle Clause: Forcing endless battles is banned
|rule|Species Clause: Limit one of each Pokémon
|rule|OHKO Clause: OHKO moves are banned
|rule|Evasion Items Clause: Evasion items are banned
|rule|Evasion Moves Clause: Evasion moves are banned
|rule|Evasion Abilities Clause: Evasion abilities are banned
|rule|Sleep Moves Clause: Sleep-inducing moves are banned
|clearpoke
|poke|p1|Torkoal, M|
|poke|p1|Hatterene, F|
|poke|p1|Raging Bolt|
|poke|p1|Slither Wing|
|poke|p1|Venusaur, F|
|poke|p1|Walking Wake|
|poke|p2|Walking Wake|
|poke|p2|Thundurus-Therian, M|
|poke|p2|Amoonguss, F|
|poke|p2|Gardevoir, F|
|poke|p2|Torkoal, M|
|poke|p2|Kingambit, F|
|teampreview
|l|☆WyEatGaga
|player|p1|
|j|☆WyEatGaga
|player|p1|WyEatGaga|pokemaniac|
|inactive|Battle timer is ON: inactive players will automatically lose when time's up. (requested by WyEatGaga)
|
|t:|1760333530
|teamsize|p1|6
|teamsize|p2|6
|start
|switch|p1a: Walking Wake|Walking Wake|100/100
|switch|p2a: Amoonguss|Amoonguss, F|100/100
|turn|1
|
|t:|1760333544
|move|p1a: Walking Wake|Flip Turn|p2a: Amoonguss
|-resisted|p2a: Amoonguss
|-damage|p2a: Amoonguss|91/100
|
|t:|1760333548
|-end|p1a: Walking Wake|Protosynthesis|[silent]
|switch|p1a: Hatterene|Hatterene, F|100/100|[from] Flip Turn
|-item|p1a: Hatterene|Air Balloon
|move|p2a: Amoonguss|Sludge Bomb|p1a: Hatterene
|-supereffective|p1a: Hatterene
|-damage|p1a: Hatterene|4/100
|-enditem|p1a: Hatterene|Air Balloon
|-damage|p2a: Amoonguss|82/100|[from] item: Life Orb
|
|upkeep
|turn|2
|
|t:|1760333559
|move|p2a: Amoonguss|Growth|p2a: Amoonguss
|-boost|p2a: Amoonguss|atk|1
|-boost|p2a: Amoonguss|spa|1
|move|p1a: Hatterene|Psychic Noise|p2a: Amoonguss
|-supereffective|p2a: Amoonguss
|-damage|p2a: Amoonguss|27/100
|-start|p2a: Amoonguss|move: Heal Block
|
|upkeep
|turn|3
|
|t:|1760333568
|move|p2a: Amoonguss|Sludge Bomb|p1a: Hatterene
|-supereffective|p1a: Hatterene
|-damage|p1a: Hatterene|0 fnt
|faint|p1a: Hatterene
|-damage|p2a: Amoonguss|18/100|[from] item: Life Orb
|
|-end|p2a: Amoonguss|move: Heal Block
|upkeep
|
|t:|1760333589
|switch|p1a: Slither Wing|Slither Wing|100/100
|turn|4
|
|t:|1760333594
|switch|p2a: Torkoal|Torkoal, M|100/100
|-weather|SunnyDay|[from] ability: Drought|[of] p2a: Torkoal
|-activate|p1a: Slither Wing|ability: Protosynthesis
|-start|p1a: Slither Wing|protosynthesisatk
|move|p1a: Slither Wing|Temper Flare|p2a: Torkoal
|-resisted|p2a: Torkoal
|-damage|p2a: Torkoal|78/100
|
|-weather|SunnyDay|[upkeep]
|upkeep
|turn|5
|
|t:|1760333606
|move|p1a: Slither Wing|U-turn|p2a: Torkoal
|-resisted|p2a: Torkoal
|-damage|p2a: Torkoal|59/100
|
|t:|1760333610
|-end|p1a: Slither Wing|Protosynthesis|[silent]
|switch|p1a: Walking Wake|Walking Wake|100/100|[from] U-turn
|-activate|p1a: Walking Wake|ability: Protosynthesis
|-start|p1a: Walking Wake|protosynthesisspe
|move|p2a: Torkoal|Stealth Rock|p1a: Walking Wake
|-sidestart|p1: WyEatGaga|move: Stealth Rock
|
|-weather|SunnyDay|[upkeep]
|upkeep
|turn|6
|
|t:|1760333624
|switch|p2a: Walking Wake|Walking Wake|100/100
|-activate|p2a: Walking Wake|ability: Protosynthesis
|-start|p2a: Walking Wake|protosynthesisspa
|move|p1a: Walking Wake|Hydro Steam|p2a: Walking Wake
|-resisted|p2a: Walking Wake
|-damage|p2a: Walking Wake|83/100
|
|-weather|SunnyDay|[upkeep]
|upkeep
|turn|7
|
|t:|1760333636
|-end|p2a: Walking Wake|Protosynthesis|[silent]
|switch|p2a: Gardevoir|Gardevoir, F|100/100
|move|p1a: Walking Wake|Draco Meteor|p2a: Gardevoir
|-immune|p2a: Gardevoir
|
|-weather|SunnyDay|[upkeep]
|upkeep
|turn|8
|
|t:|1760333646
|move|p1a: Walking Wake|Flip Turn|p2a: Gardevoir
|-damage|p2a: Gardevoir|89/100
|
|t:|1760333660
|-end|p1a: Walking Wake|Protosynthesis|[silent]
|switch|p1a: Slither Wing|Slither Wing|100/100|[from] Flip Turn
|-damage|p1a: Slither Wing|88/100|[from] Stealth Rock
|-activate|p1a: Slither Wing|ability: Protosynthesis
|-start|p1a: Slither Wing|protosynthesisatk
|move|p2a: Gardevoir|Trick Room|p2a: Gardevoir
|-fieldstart|move: Trick Room|[of] p2a: Gardevoir
|
|-weather|none
|-end|p1a: Slither Wing|Protosynthesis
|upkeep
|turn|9
|
|t:|1760333670
|move|p1a: Slither Wing|First Impression|p2a: Gardevoir
|-damage|p2a: Gardevoir|6/100
|move|p2a: Gardevoir|Psychic Noise|p1a: Slither Wing
|-supereffective|p1a: Slither Wing
|-damage|p1a: Slither Wing|34/100
|-start|p1a: Slither Wing|move: Heal Block
|-enditem|p2a: Gardevoir|Throat Spray
|-boost|p2a: Gardevoir|spa|1|[from] item: Throat Spray
|
|upkeep
|turn|10
|
|t:|1760333687
|-end|p1a: Slither Wing|Protosynthesis|[silent]
|switch|p1a: Torkoal|Torkoal, M|100/100
|-ability|p2a: Gardevoir|Drought|Trace|[from] ability: Trace|[of] p1a: Torkoal
|-weather|SunnyDay|[from] ability: Drought|[of] p2a: Gardevoir
|-damage|p1a: Torkoal|76/100|[from] Stealth Rock
|move|p2a: Gardevoir|Psychic Noise|p1a: Torkoal
|-damage|p1a: Torkoal|4/100
|-start|p1a: Torkoal|move: Heal Block
|
|-weather|SunnyDay|[upkeep]
|upkeep
|turn|11
|
|t:|1760333702
|move|p1a: Torkoal|Stealth Rock|p2a: Gardevoir
|-sidestart|p2: ChessDennis|move: Stealth Rock
|move|p2a: Gardevoir|Healing Wish|p2a: Gardevoir
|faint|p2a: Gardevoir
|
|-weather|SunnyDay|[upkeep]
|-end|p1a: Torkoal|move: Heal Block
|upkeep
|
|t:|1760333704
|switch|p2a: Torkoal|Torkoal, M|59/100
|-heal|p2a: Torkoal|100/100|[from] move: Healing Wish
|turn|12
|
|t:|1760333714
|move|p2a: Torkoal|Rapid Spin|p1a: Torkoal
|-damage|p1a: Torkoal|0 fnt
|-boost|p2a: Torkoal|spe|1
|-sideend|p2: ChessDennis|Stealth Rock|[from] move: Rapid Spin|[of] p2a: Torkoal
|faint|p1a: Torkoal
|
|-weather|SunnyDay|[upkeep]
|-fieldend|move: Trick Room
|upkeep
|
|t:|1760333722
|switch|p1a: Walking Wake|Walking Wake|100/100
|-damage|p1a: Walking Wake|88/100|[from] Stealth Rock
|-activate|p1a: Walking Wake|ability: Protosynthesis
|-start|p1a: Walking Wake|protosynthesisspe
|turn|13
|
|t:|1760333730
|move|p1a: Walking Wake|Draco Meteor|p2a: Torkoal
|-damage|p2a: Torkoal|0 fnt
|-unboost|p1a: Walking Wake|spa|2
|faint|p2a: Torkoal
|
|-weather|SunnyDay|[upkeep]
|upkeep
|
|t:|1760333734
|switch|p2a: Amoonguss|Amoonguss, F|51/100
|turn|14
|
|t:|1760333744
|switch|p2a: Walking Wake|Walking Wake|83/100
|-activate|p2a: Walking Wake|ability: Protosynthesis
|-start|p2a: Walking Wake|protosynthesisspa
|move|p1a: Walking Wake|Weather Ball|p2a: Walking Wake
|-resisted|p2a: Walking Wake
|-damage|p2a: Walking Wake|74/100
|
|-weather|none
|-end|p1a: Walking Wake|Protosynthesis
|-end|p2a: Walking Wake|Protosynthesis
|upkeep
|turn|15
|
|t:|1760333774
|-terastallize|p1a: Walking Wake|Fairy
|move|p1a: Walking Wake|Draco Meteor|p2a: Walking Wake
|-supereffective|p2a: Walking Wake
|-damage|p2a: Walking Wake|0 fnt
|-unboost|p1a: Walking Wake|spa|2
|faint|p2a: Walking Wake
|-end|p2a: Walking Wake|Protosynthesis|[silent]
|
|upkeep
|
|t:|1760333778
|switch|p2a: Amoonguss|Amoonguss, F|84/100
|turn|16
|
|t:|1760333793
|-end|p1a: Walking Wake|Protosynthesis|[silent]
|switch|p1a: Slither Wing|Slither Wing|34/100
|-damage|p1a: Slither Wing|21/100|[from] Stealth Rock
|move|p2a: Amoonguss|Sludge Bomb|p1a: Slither Wing
|-damage|p1a: Slither Wing|0 fnt
|faint|p1a: Slither Wing
|-end|p1a: Slither Wing|Protosynthesis|[silent]
|-damage|p2a: Amoonguss|74/100|[from] item: Life Orb
|
|upkeep
|inactive|WyEatGaga has 120 seconds left.
|
|t:|1760333808
|switch|p1a: Raging Bolt|Raging Bolt|100/100
|-damage|p1a: Raging Bolt|88/100|[from] Stealth Rock
|turn|17
|
|t:|1760333813
|move|p1a: Raging Bolt|Dragon Pulse|p2a: Amoonguss
|-damage|p2a: Amoonguss|20/100
|-damage|p1a: Raging Bolt|78/100|[from] item: Life Orb
|move|p2a: Amoonguss|Sludge Bomb|p1a: Raging Bolt
|-damage|p1a: Raging Bolt|31/100
|-damage|p2a: Amoonguss|11/100|[from] item: Life Orb
|
|upkeep
|turn|18
|
|t:|1760333822
|switch|p2a: Thundurus|Thundurus-Therian, M|100/100
|move|p1a: Raging Bolt|Dragon Pulse|p2a: Thundurus
|-damage|p2a: Thundurus|8/100
|-damage|p1a: Raging Bolt|21/100|[from] item: Life Orb
|
|upkeep
|turn|19
|
|t:|1760333830
|-terastallize|p2a: Thundurus|Fairy
|move|p1a: Raging Bolt|Thunderclap|p2a: Thundurus
|-heal|p2a: Thundurus|32/100|[from] ability: Volt Absorb|[of] p1a: Raging Bolt
|move|p2a: Thundurus|Tera Blast|p1a: Raging Bolt|[anim] Tera Blast Fairy
|-supereffective|p1a: Raging Bolt
|-damage|p1a: Raging Bolt|0 fnt
|faint|p1a: Raging Bolt
|-end|p1a: Raging Bolt|Protosynthesis|[silent]
|
|upkeep
|
|t:|1760333840
|switch|p1a: Venusaur|Venusaur, F|100/100
|-damage|p1a: Venusaur|88/100|[from] Stealth Rock
|turn|20
|
|t:|1760333855
|switch|p2a: Amoonguss|Amoonguss, F|44/100
|move|p1a: Venusaur|Growth|p1a: Venusaur
|-boost|p1a: Venusaur|atk|1
|-boost|p1a: Venusaur|spa|1
|
|upkeep
|turn|21
|
|t:|1760333865
|move|p1a: Venusaur|Earthquake|p2a: Amoonguss
|-damage|p2a: Amoonguss|0 fnt
|faint|p2a: Amoonguss
|-damage|p1a: Venusaur|78/100|[from] item: Life Orb
|
|upkeep
|
|t:|1760333867
|switch|p2a: Kingambit|Kingambit, F|100/100
|-activate|p2a: Kingambit|ability: Supreme Overlord
|-start|p2a: Kingambit|fallen4|[silent]
|turn|22
|
|t:|1760333880
|move|p2a: Kingambit|Sucker Punch||[still]
|-fail|p2a: Kingambit
|move|p1a: Venusaur|Growth|p1a: Venusaur
|-boost|p1a: Venusaur|atk|1
|-boost|p1a: Venusaur|spa|1
|
|upkeep
|turn|23
|
|t:|1760333887
|move|p2a: Kingambit|Sucker Punch|p1a: Venusaur
|-damage|p1a: Venusaur|8/100
|move|p1a: Venusaur|Earthquake|p2a: Kingambit
|-supereffective|p2a: Kingambit
|-damage|p2a: Kingambit|20/100
|-damage|p1a: Venusaur|0 fnt|[from] item: Life Orb
|faint|p1a: Venusaur
|
|upkeep
|
|t:|1760333896
|switch|p1a: Walking Wake|Walking Wake, tera:Fairy|88/100
|-damage|p1a: Walking Wake|76/100|[from] Stealth Rock
|turn|24
|
|t:|1760333903
|move|p2a: Kingambit|Sucker Punch|p1a: Walking Wake
|-resisted|p1a: Walking Wake
|-damage|p1a: Walking Wake|48/100
|move|p1a: Walking Wake|Hydro Steam|p2a: Kingambit
|-damage|p2a: Kingambit|0 fnt
|faint|p2a: Kingambit
|-end|p2a: Kingambit|fallen4|[silent]
|
|upkeep
|
|t:|1760333906
|switch|p2a: Thundurus|Thundurus-Therian, M, tera:Fairy|32/100
|turn|25
|
|t:|1760333915
|move|p2a: Thundurus|Volt Switch|p1a: Walking Wake
|-damage|p1a: Walking Wake|3/100
|move|p1a: Walking Wake|Hydro Steam|p2a: Thundurus
|-damage|p2a: Thundurus|0 fnt
|faint|p2a: Thundurus
|
|win|WyEatGaga
|raw|WyEatGaga's rating: 1359 &rarr; <strong>1379</strong><br />(+20 for winning)
|raw|ChessDennis's rating: 1362 &rarr; <strong>1342</strong><br />(-20 for losing)
|l|☆ChessDennis
|player|p2|
|l|☆WyEatGaga
|player|p1|
