|j|☆tytjejejeo
|j|☆UchihaSusgay
|t:|1760315431
|gametype|singles
|player|p1|tytjejejeo|265|1471
|player|p2|UchihaSusgay|170|1513
|gen|9
|tier|[Gen 9] OU
|rated|
|rule|HP Percentage Mod: HP is shown in percentages
|rule|Endless Battle Clause: Forcing endless battles is banned
|rule|Species Clause: Limit one of each Pokémon
|rule|OHKO Clause: OHKO moves are banned
|rule|Evasion Items Clause: Evasion items are banned
|rule|Evasion Moves Clause: Evasion moves are banned
|rule|Evasion Abilities Clause: Evasion abilities are banned
|rule|Sleep Moves Clause: Sleep-inducing moves are banned
|clearpoke
|poke|p1|Gyarados, M|
|poke|p1|Moltres|
|poke|p1|Corviknight, M|
|poke|p1|Latias, F|
|poke|p1|Gliscor, M|
|poke|p1|Arbok, M|
|poke|p2|Enamorus, F|
|poke|p2|Kingambit, F|
|poke|p2|Alomomola, M|
|poke|p2|Flygon, M|
|poke|p2|Weezing-Galar, M|
|poke|p2|Zapdos|
|teampreview
|
|t:|1760315434
|teamsize|p1|6
|teamsize|p2|6
|start
|switch|p1a: Arbok|Arbok, M|100/100
|switch|p2a: Flygon|Flygon, M|100/100
|-ability|p1a: Arbok|Intimidate|boost
|-unboost|p2a: Flygon|atk|1
|turn|1
|j| Noirstar
|
|t:|1760315466
|move|p2a: Flygon|Earthquake|p1a: Arbok
|-supereffective|p1a: Arbok
|-damage|p1a: Arbok|20/100
|move|p1a: Arbok|Toxic|p2a: Flygon
|-status|p2a: Flygon|tox
|
|-heal|p1a: Arbok|26/100|[from] item: Black Sludge
|-damage|p2a: Flygon|95/100 tox|[from] psn
|upkeep
|turn|2
|
|t:|1760315501
|switch|p2a: Enamorus|Enamorus, F|100/100
|move|p1a: Arbok|Protect||[still]
|-fail|p1a: Arbok
|
|-heal|p1a: Arbok|33/100|[from] item: Black Sludge
|upkeep
|turn|3
|
|t:|1760315509
|move|p1a: Arbok|Protect|p1a: Arbok
|-singleturn|p1a: Arbok|Protect
|move|p2a: Enamorus|Earth Power|p1a: Arbok
|-activate|p1a: Arbok|move: Protect
|
|-heal|p1a: Arbok|39/100|[from] item: Black Sludge
|upkeep
|turn|4
|
|t:|1760315513
|switch|p1a: Corviknight|Corviknight, M|100/100
|-ability|p1a: Corviknight|Pressure
|move|p2a: Enamorus|Earth Power|p1a: Corviknight
|-immune|p1a: Corviknight
|
|upkeep
|turn|5
|
|t:|1760315521
|switch|p2a: Zapdos|Zapdos|100/100
|move|p1a: Corviknight|Brave Bird|p2a: Zapdos
|-resisted|p2a: Zapdos
|-damage|p2a: Zapdos|80/100
|-status|p1a: Corviknight|par|[from] ability: Static|[of] p2a: Zapdos
|-damage|p1a: Corviknight|95/100 par|[from] Recoil
|
|-heal|p1a: Corviknight|100/100 par|[from] item: Leftovers
|upkeep
|turn|6
|
|t:|1760315543
|move|p2a: Zapdos|Volt Switch|p1a: Corviknight
|-supereffective|p1a: Corviknight
|-damage|p1a: Corviknight|24/100 par
|
|t:|1760315548
|switch|p2a: Enamorus|Enamorus, F|100/100|[from] Volt Switch
|move|p1a: Corviknight|U-turn|p2a: Enamorus
|-resisted|p2a: Enamorus
|-damage|p2a: Enamorus|95/100
|
|t:|1760315561
|switch|p1a: Latias|Latias, F|100/100|[from] U-turn
|
|upkeep
|turn|7
|
|t:|1760315589
|-terastallize|p1a: Latias|Poison
|move|p2a: Enamorus|Moonblast|p1a: Latias
|-resisted|p1a: Latias
|-damage|p1a: Latias|80/100
|-unboost|p1a: Latias|spa|1
|move|p1a: Latias|Calm Mind|p1a: Latias
|-boost|p1a: Latias|spa|1
|-boost|p1a: Latias|spd|1
|
|upkeep
|turn|8
|
|t:|1760315596
|switch|p2a: Kingambit|Kingambit, F|100/100
|move|p1a: Latias|Calm Mind|p1a: Latias
|-boost|p1a: Latias|spa|1
|-boost|p1a: Latias|spd|1
|
|upkeep
|turn|9
|
|t:|1760315610
|-terastallize|p2a: Kingambit|Dark
|move|p1a: Latias|Aura Sphere|p2a: Kingambit
|-supereffective|p2a: Kingambit
|-damage|p2a: Kingambit|29/100
|move|p2a: Kingambit|Kowtow Cleave|p1a: Latias
|-damage|p1a: Latias|18/100
|-enditem|p1a: Latias|Kee Berry|[eat]
|-boost|p1a: Latias|def|1|[from] item: Kee Berry
|
|upkeep
|turn|10
|
|t:|1760315626
|move|p2a: Kingambit|Sucker Punch||[still]
|-fail|p2a: Kingambit
|move|p1a: Latias|Recover|p1a: Latias
|-heal|p1a: Latias|68/100
|
|upkeep
|turn|11
|
|t:|1760315633
|-end|p2a: Kingambit|fallenundefined|[silent]
|switch|p2a: Zapdos|Zapdos|80/100
|move|p1a: Latias|Aura Sphere|p2a: Zapdos
|-resisted|p2a: Zapdos
|-damage|p2a: Zapdos|62/100
|
|upkeep
|turn|12
|
|t:|1760315642
|move|p2a: Zapdos|Volt Switch|p1a: Latias
|-damage|p1a: Latias|47/100
|
|t:|1760315649
|switch|p2a: Enamorus|Enamorus, F|95/100|[from] Volt Switch
|move|p1a: Latias|Recover|p1a: Latias
|-heal|p1a: Latias|97/100
|
|upkeep
|turn|13
|
|t:|1760315653
|move|p2a: Enamorus|Healing Wish|p2a: Enamorus
|faint|p2a: Enamorus
|move|p1a: Latias|Stored Power|p2: Enamorus|[notarget]
|-fail|p1a: Latias
|
|upkeep
|
|t:|1760315656
|switch|p2a: Kingambit|Kingambit, F, tera:Dark|29/100
|-heal|p2a: Kingambit|100/100|[from] move: Healing Wish
|-activate|p2a: Kingambit|ability: Supreme Overlord
|-start|p2a: Kingambit|fallen1|[silent]
|turn|14
|
|t:|1760315660
|-end|p2a: Kingambit|fallen1|[silent]
|switch|p2a: Weezing|Weezing-Galar, M|100/100
|-ability|p2a: Weezing|Neutralizing Gas
|move|p1a: Latias|Aura Sphere|p2a: Weezing
|-resisted|p2a: Weezing
|-damage|p2a: Weezing|91/100
|
|upkeep
|turn|15
|
|t:|1760315670
|move|p1a: Latias|Calm Mind|p1a: Latias
|-boost|p1a: Latias|spa|1
|-boost|p1a: Latias|spd|1
|move|p2a: Weezing|Will-O-Wisp|p1a: Latias
|-status|p1a: Latias|brn
|
|-damage|p1a: Latias|91/100 brn|[from] brn
|upkeep
|turn|16
|
|t:|1760315676
|-end|p2a: Weezing|ability: Neutralizing Gas
|switch|p2a: Alomomola|Alomomola, M|100/100
|move|p1a: Latias|Stored Power|p2a: Alomomola
|-damage|p2a: Alomomola|9/100
|
|-damage|p1a: Latias|85/100 brn|[from] brn
|upkeep
|turn|17
|
|t:|1760315681
|move|p1a: Latias|Aura Sphere|p2a: Alomomola
|-damage|p2a: Alomomola|0 fnt
|faint|p2a: Alomomola
|
|-damage|p1a: Latias|79/100 brn|[from] brn
|upkeep
|-message|UchihaSusgay forfeited.
|
|win|tytjejejeo
|raw|tytjejejeo's rating: 1471 &rarr; <strong>1493</strong><br />(+22 for winning)
|raw|UchihaSusgay's rating: 1513 &rarr; <strong>1491</strong><br />(-22 for losing)
|l|☆UchihaSusgay
|player|p2|
|l| Noirstar
