|j|☆pcklee
|j|☆drop a baby
|t:|1760459235
|gametype|singles
|player|p1|pcklee|102|1692
|player|p2|drop a baby|chase|1830
|gen|9
|tier|[Gen 9] OU
|rated|
|rule|HP Percentage Mod: HP is shown in percentages
|rule|Endless Battle Clause: Forcing endless battles is banned
|rule|Species Clause: Limit one of each Pokémon
|rule|OHKO Clause: OHKO moves are banned
|rule|Evasion Items Clause: Evasion items are banned
|rule|Evasion Moves Clause: Evasion moves are banned
|rule|Evasion Abilities Clause: Evasion abilities are banned
|rule|Sleep Moves Clause: Sleep-inducing moves are banned
|clearpoke
|poke|p1|Ninetales, F|
|poke|p1|Walking Wake|
|poke|p1|Hatterene, F|
|poke|p1|Great Tusk|
|poke|p1|Lilligant-Hisui, F|
|poke|p1|Scizor, F|
|poke|p2|Darkrai|
|poke|p2|Deoxys-Speed|
|poke|p2|Raging Bolt|
|poke|p2|Kingambit, M|
|poke|p2|Iron Valiant|
|poke|p2|Great Tusk|
|teampreview
|inactive|Battle timer is ON: inactive players will automatically lose when time's up. (requested by drop a baby)
|c|☆drop a baby|Hf big bro
|
|t:|1760459254
|teamsize|p1|6
|teamsize|p2|6
|start
|switch|p1a: Scizor|Scizor, F|100/100
|switch|p2a: Darkrai|Darkrai|100/100
|turn|1
|l|☆drop a baby
|inactive|drop a baby disconnected and has a minute to reconnect!
|player|p2|
|
|t:|1760459268
|switch|p2a: Great Tusk|Great Tusk|100/100
|-enditem|p2a: Great Tusk|Booster Energy
|-activate|p2a: Great Tusk|ability: Protosynthesis|[fromitem]
|-start|p2a: Great Tusk|protosynthesisspe
|move|p1a: Scizor|U-turn|p2a: Great Tusk
|-resisted|p2a: Great Tusk
|-damage|p2a: Great Tusk|81/100
|j|☆drop a baby
|inactive|drop a baby reconnected.
|player|p2|drop a baby|chase|
|inactive|pcklee has 120 seconds left.
|
|t:|1760459297
|switch|p1a: Ninetales|Ninetales, F|100/100|[from] U-turn
|-weather|SunnyDay|[from] ability: Drought|[of] p1a: Ninetales
|
|-weather|SunnyDay|[upkeep]
|upkeep
|turn|2
|inactive|pcklee has 120 seconds left.
|
|t:|1760459308
|switch|p1a: Hatterene|Hatterene, F|100/100
|move|p2a: Great Tusk|Bulk Up|p2a: Great Tusk
|-boost|p2a: Great Tusk|atk|1
|-boost|p2a: Great Tusk|def|1
|
|-weather|SunnyDay|[upkeep]
|upkeep
|turn|3
|inactive|pcklee has 120 seconds left.
|
|t:|1760459319
|move|p2a: Great Tusk|Headlong Rush|p1a: Hatterene
|-damage|p1a: Hatterene|9/100
|-unboost|p2a: Great Tusk|def|1
|-unboost|p2a: Great Tusk|spd|1
|-enditem|p1a: Hatterene|Eject Button
|inactive|pcklee has 120 seconds left.
|
|t:|1760459332
|switch|p1a: Walking Wake|Walking Wake|100/100
|-activate|p1a: Walking Wake|ability: Protosynthesis
|-start|p1a: Walking Wake|protosynthesisspe
|
|-weather|SunnyDay|[upkeep]
|upkeep
|turn|4
|inactive|pcklee has 120 seconds left.
|
|t:|1760459349
|-terastallize|p1a: Walking Wake|Water
|move|p1a: Walking Wake|Hydro Steam|p2a: Great Tusk
|-supereffective|p2a: Great Tusk
|-damage|p2a: Great Tusk|0 fnt
|faint|p2a: Great Tusk
|-end|p2a: Great Tusk|Protosynthesis|[silent]
|
|-weather|SunnyDay|[upkeep]
|upkeep
|
|t:|1760459357
|switch|p2a: Raging Bolt|Raging Bolt|100/100
|-activate|p2a: Raging Bolt|ability: Protosynthesis
|-start|p2a: Raging Bolt|protosynthesisspa
|turn|5
|inactive|pcklee has 120 seconds left.
|
|t:|1760459365
|-end|p1a: Walking Wake|Protosynthesis|[silent]
|switch|p1a: Great Tusk|Great Tusk|100/100
|-activate|p1a: Great Tusk|ability: Protosynthesis
|-start|p1a: Great Tusk|protosynthesisspe
|move|p2a: Raging Bolt|Thunderbolt|p1a: Great Tusk
|-immune|p1a: Great Tusk
|
|-weather|SunnyDay|[upkeep]
|upkeep
|turn|6
|inactive|pcklee has 120 seconds left.
|
|t:|1760459378
|-end|p1a: Great Tusk|Protosynthesis|[silent]
|switch|p1a: Walking Wake|Walking Wake, tera:Water|100/100
|-activate|p1a: Walking Wake|ability: Protosynthesis
|-start|p1a: Walking Wake|protosynthesisspe
|-end|p2a: Raging Bolt|Protosynthesis|[silent]
|switch|p2a: Deoxys|Deoxys-Speed|100/100
|-ability|p2a: Deoxys|Pressure
|
|-weather|SunnyDay|[upkeep]
|upkeep
|turn|7
|inactive|pcklee has 120 seconds left.
|
|t:|1760459388
|move|p1a: Walking Wake|Hydro Steam|p2a: Deoxys
|-damage|p2a: Deoxys|0 fnt
|faint|p2a: Deoxys
|
|-weather|SunnyDay|[upkeep]
|upkeep
|
|t:|1760459394
|switch|p2a: Darkrai|Darkrai|100/100
|turn|8
|
|t:|1760459397
|move|p1a: Walking Wake|Hydro Steam|p2a: Darkrai
|-enditem|p2a: Darkrai|Focus Sash
|-damage|p2a: Darkrai|1/100
|move|p2a: Darkrai|Dark Pulse|p1a: Walking Wake
|-damage|p1a: Walking Wake|54/100
|
|-weather|none
|-end|p1a: Walking Wake|Protosynthesis
|upkeep
|turn|9
|j| poor ce
|inactive|pcklee has 120 seconds left.
|
|t:|1760459424
|-end|p1a: Walking Wake|Protosynthesis|[silent]
|switch|p1a: Scizor|Scizor, F|100/100
|move|p2a: Darkrai|Dark Pulse|p1a: Scizor
|-damage|p1a: Scizor|45/100
|
|upkeep
|turn|10
|l|☆drop a baby
|inactive|drop a baby disconnected and has a minute to reconnect!
|player|p2|
|j|☆drop a baby
|inactive|drop a baby reconnected and has 140 seconds left.
|player|p2|drop a baby|chase|
|
|t:|1760459440
|switch|p2a: Kingambit|Kingambit, M|100/100
|-activate|p2a: Kingambit|ability: Supreme Overlord
|-start|p2a: Kingambit|fallen2|[silent]
|move|p1a: Scizor|Bullet Punch|p2a: Kingambit
|-resisted|p2a: Kingambit
|-damage|p2a: Kingambit|79/100
|
|upkeep
|turn|11
|
|t:|1760459452
|-end|p2a: Kingambit|fallen2|[silent]
|switch|p2a: Darkrai|Darkrai|1/100
|switch|p1a: Ninetales|Ninetales, F|100/100
|-weather|SunnyDay|[from] ability: Drought|[of] p1a: Ninetales
|
|-weather|SunnyDay|[upkeep]
|upkeep
|turn|12
|inactive|pcklee has 120 seconds left.
|
|t:|1760459472
|switch|p1a: Hatterene|Hatterene, F|9/100
|move|p2a: Darkrai|Dark Pulse|p1a: Hatterene
|-damage|p1a: Hatterene|0 fnt
|faint|p1a: Hatterene
|
|-weather|SunnyDay|[upkeep]
|upkeep
|l|☆pcklee
|inactive|pcklee disconnected and has a minute to reconnect!
|player|p1|
|j|☆pcklee
|inactive|pcklee reconnected and has 70 seconds left.
|player|p1|pcklee|102|
|
|t:|1760459527
|switch|p1a: Great Tusk|Great Tusk|100/100
|-activate|p1a: Great Tusk|ability: Protosynthesis
|-start|p1a: Great Tusk|protosynthesisspe
|turn|13
|
|t:|1760459532
|move|p1a: Great Tusk|Rapid Spin|p2a: Darkrai
|-damage|p2a: Darkrai|0 fnt
|-boost|p1a: Great Tusk|spe|1
|faint|p2a: Darkrai
|
|-weather|SunnyDay|[upkeep]
|upkeep
|
|t:|1760459533
|switch|p2a: Iron Valiant|Iron Valiant|100/100
|-enditem|p2a: Iron Valiant|Booster Energy
|-activate|p2a: Iron Valiant|ability: Quark Drive|[fromitem]
|-start|p2a: Iron Valiant|quarkdrivespe
|turn|14
|
|t:|1760459552
|move|p1a: Great Tusk|Headlong Rush|p2a: Iron Valiant
|-damage|p2a: Iron Valiant|32/100
|-unboost|p1a: Great Tusk|def|1
|-unboost|p1a: Great Tusk|spd|1
|move|p2a: Iron Valiant|Moonblast|p1a: Great Tusk
|-supereffective|p1a: Great Tusk
|-damage|p1a: Great Tusk|0 fnt
|faint|p1a: Great Tusk
|-end|p1a: Great Tusk|Protosynthesis|[silent]
|
|-weather|SunnyDay|[upkeep]
|upkeep
|inactive|pcklee has 60 seconds left.
|
|t:|1760459578
|switch|p1a: Scizor|Scizor, F|45/100
|turn|15
|inactive|pcklee has 60 seconds left.
|
|t:|1760459592
|move|p1a: Scizor|Bullet Punch|p2a: Iron Valiant
|-supereffective|p2a: Iron Valiant
|-crit|p2a: Iron Valiant
|-damage|p2a: Iron Valiant|0 fnt
|faint|p2a: Iron Valiant
|-end|p2a: Iron Valiant|Quark Drive|[silent]
|
|-weather|SunnyDay|[upkeep]
|upkeep
|
|t:|1760459598
|switch|p2a: Kingambit|Kingambit, M|79/100
|-activate|p2a: Kingambit|ability: Supreme Overlord
|-start|p2a: Kingambit|fallen4|[silent]
|turn|16
|inactive|pcklee has 60 seconds left.
|
|t:|1760459610
|switch|p1a: Lilligant|Lilligant-Hisui, F|100/100
|move|p2a: Kingambit|Kowtow Cleave|p1a: Lilligant
|-resisted|p1a: Lilligant
|-damage|p1a: Lilligant|39/100
|
|-weather|SunnyDay|[upkeep]
|upkeep
|turn|17
|inactive|pcklee has 60 seconds left.
|
|t:|1760459625
|move|p2a: Kingambit|Sucker Punch||[still]
|-fail|p2a: Kingambit
|move|p1a: Lilligant|Victory Dance|p1a: Lilligant
|-boost|p1a: Lilligant|atk|1
|-boost|p1a: Lilligant|def|1
|-boost|p1a: Lilligant|spe|1
|
|-weather|SunnyDay|[upkeep]
|upkeep
|turn|18
|inactive|pcklee has 60 seconds left.
|
|t:|1760459638
|-terastallize|p2a: Kingambit|Dark
|move|p2a: Kingambit|Sucker Punch|p1a: Lilligant
|-resisted|p1a: Lilligant
|-damage|p1a: Lilligant|0 fnt
|faint|p1a: Lilligant
|
|-weather|none
|upkeep
|j| wgw2333
|
|t:|1760459649
|switch|p1a: Ninetales|Ninetales, F|100/100
|-weather|SunnyDay|[from] ability: Drought|[of] p1a: Ninetales
|turn|19
|
|t:|1760459668
|-end|p2a: Kingambit|fallen4|[silent]
|switch|p2a: Raging Bolt|Raging Bolt|100/100
|-activate|p2a: Raging Bolt|ability: Protosynthesis
|-start|p2a: Raging Bolt|protosynthesisspa
|move|p1a: Ninetales|Will-O-Wisp|p2a: Raging Bolt
|-status|p2a: Raging Bolt|brn
|
|-weather|SunnyDay|[upkeep]
|-damage|p2a: Raging Bolt|94/100 brn|[from] brn
|upkeep
|turn|20
|inactive|pcklee has 30 seconds left.
|
|t:|1760459699
|move|p1a: Ninetales|Weather Ball|p2a: Raging Bolt
|-resisted|p2a: Raging Bolt
|-damage|p2a: Raging Bolt|74/100 brn
|move|p2a: Raging Bolt|Thunderbolt|p1a: Ninetales
|-damage|p1a: Ninetales|37/100
|
|-weather|SunnyDay|[upkeep]
|-damage|p2a: Raging Bolt|68/100 brn|[from] brn
|upkeep
|turn|21
|inactive|pcklee has 30 seconds left.
|inactive|pcklee has 20 seconds left.
|
|t:|1760459718
|move|p1a: Ninetales|Healing Wish|p1a: Ninetales
|faint|p1a: Ninetales
|move|p2a: Raging Bolt|Thunderbolt|p1: Ninetales|[notarget]
|-fail|p2a: Raging Bolt
|
|-weather|SunnyDay|[upkeep]
|-damage|p2a: Raging Bolt|61/100 brn|[from] brn
|upkeep
|inactive|pcklee has 25 seconds left this turn.
|inactive|pcklee has 20 seconds left.
|inactive|pcklee has 15 seconds left.
|inactive|pcklee has 10 seconds left.
|
|t:|1760459734
|switch|p1a: Scizor|Scizor, F|45/100
|-heal|p1a: Scizor|100/100|[from] move: Healing Wish
|turn|22
|inactive|pcklee has 20 seconds left this turn.
|inactive|pcklee has 15 seconds left.
|
|t:|1760459742
|move|p2a: Raging Bolt|Thunderbolt|p1a: Scizor
|-damage|p1a: Scizor|20/100
|move|p1a: Scizor|U-turn|p2a: Raging Bolt
|-damage|p2a: Raging Bolt|5/100 brn
|inactive|pcklee has 20 seconds left this turn.
|
|t:|1760459747
|switch|p1a: Walking Wake|Walking Wake, tera:Water|54/100|[from] U-turn
|-activate|p1a: Walking Wake|ability: Protosynthesis
|-start|p1a: Walking Wake|protosynthesisspe
|
|-weather|SunnyDay|[upkeep]
|-damage|p2a: Raging Bolt|0 fnt|[from] brn
|faint|p2a: Raging Bolt
|-end|p2a: Raging Bolt|Protosynthesis|[silent]
|upkeep
|
|t:|1760459749
|switch|p2a: Kingambit|Kingambit, M, tera:Dark|79/100
|-activate|p2a: Kingambit|ability: Supreme Overlord
|-start|p2a: Kingambit|fallen5|[silent]
|turn|23
|inactive|pcklee has 30 seconds left.
|
|t:|1760459757
|move|p2a: Kingambit|Sucker Punch|p1a: Walking Wake
|-damage|p1a: Walking Wake|0 fnt
|faint|p1a: Walking Wake
|-end|p1a: Walking Wake|Protosynthesis|[silent]
|
|-weather|SunnyDay|[upkeep]
|upkeep
|
|t:|1760459762
|switch|p1a: Scizor|Scizor, F|20/100
|turn|24
|
|t:|1760459766
|move|p2a: Kingambit|Sucker Punch|p1a: Scizor
|-damage|p1a: Scizor|0 fnt
|faint|p1a: Scizor
|
|win|drop a baby
|raw|pcklee's rating: 1692 &rarr; <strong>1680</strong><br />(-12 for losing)
|raw|drop a baby's rating: 1830 &rarr; <strong>1842</strong><br />(+12 for winning)
|c|☆pcklee|gg
|l|☆drop a baby
|player|p2|
|l|☆pcklee
|player|p1|
|l| wgw2333
