|j|☆qaqkiller
|j|☆Spyro190 testing
|t:|1760359898
|gametype|singles
|player|p1|qaqkiller|maid|1652
|player|p2|Spyro190 testing|bugcatcher-gen4dp|1646
|gen|9
|tier|[Gen 9] OU
|rated|
|rule|HP Percentage Mod: HP is shown in percentages
|rule|Endless Battle Clause: Forcing endless battles is banned
|rule|Species Clause: Limit one of each Pokémon
|rule|OHKO Clause: OHKO moves are banned
|rule|Evasion Items Clause: Evasion items are banned
|rule|Evasion Moves Clause: Evasion moves are banned
|rule|Evasion Abilities Clause: Evasion abilities are banned
|rule|Sleep Moves Clause: Sleep-inducing moves are banned
|clearpoke
|poke|p1|Zamazenta-*|
|poke|p1|Iron Valiant|
|poke|p1|Sinistcha-Masterpiece|
|poke|p1|Gholdengo|
|poke|p1|Samurott-Hisui, M|
|poke|p1|Landorus-Therian, M|
|poke|p2|Enamorus, F|
|poke|p2|Slowking-Galar, F|
|poke|p2|Cinderace, F|
|poke|p2|Alomomola, M|
|poke|p2|Lokix, F|
|poke|p2|Great Tusk|
|teampreview
|inactive|Battle timer is ON: inactive players will automatically lose when time's up. (requested by Spyro190 testing)
|
|t:|1760359930
|teamsize|p1|6
|teamsize|p2|6
|start
|switch|p1a: Samurott|Samurott-Hisui, M, shiny|100/100
|switch|p2a: Cinderace|Cinderace, F|100/100
|turn|1
|
|t:|1760359935
|switch|p2a: Alomomola|Alomomola, M|100/100
|move|p1a: Samurott|Razor Shell|p2a: Alomomola
|-resisted|p2a: Alomomola
|-damage|p2a: Alomomola|83/100
|
|upkeep
|turn|2
|
|t:|1760359940
|move|p1a: Samurott|Knock Off|p2a: Alomomola
|-damage|p2a: Alomomola|50/100
|-enditem|p2a: Alomomola|Assault Vest|[from] move: Knock Off|[of] p1a: Samurott
|move|p2a: Alomomola|Flip Turn|p1a: Samurott
|-resisted|p1a: Samurott
|-damage|p1a: Samurott|93/100
|
|t:|1760359945
|switch|p2a: Enamorus|Enamorus, F|100/100|[from] Flip Turn
|
|upkeep
|turn|3
|
|t:|1760359955
|-terastallize|p1a: Samurott|Poison
|move|p2a: Enamorus|Moonblast|p1a: Samurott
|-resisted|p1a: Samurott
|-damage|p1a: Samurott|73/100
|-unboost|p1a: Samurott|spa|1
|move|p1a: Samurott|Razor Shell|p2a: Enamorus
|-damage|p2a: Enamorus|26/100
|-boost|p2a: Enamorus|def|1
|
|upkeep
|turn|4
|
|t:|1760359972
|switch|p2a: Alomomola|Alomomola, M|84/100
|move|p1a: Samurott|Ceaseless Edge|p2a: Alomomola
|-damage|p2a: Alomomola|48/100
|-sidestart|p2: Spyro190 testing|Spikes
|
|upkeep
|turn|5
|
|t:|1760359979
|switch|p1a: Landorus|Landorus-Therian, M, shiny|100/100
|-ability|p1a: Landorus|Intimidate|boost
|-unboost|p2a: Alomomola|atk|1
|move|p2a: Alomomola|Flip Turn|p1a: Landorus
|-supereffective|p1a: Landorus
|-damage|p1a: Landorus|78/100
|-damage|p2a: Alomomola|32/100|[from] item: Rocky Helmet|[of] p1a: Landorus
|
|t:|1760359988
|switch|p2a: Enamorus|Enamorus, F|26/100|[from] Flip Turn
|
|upkeep
|turn|6
|
|t:|1760359999
|switch|p1a: Samurott|Samurott-Hisui, M, shiny, tera:Poison|73/100
|move|p2a: Enamorus|Moonblast|p1a: Samurott
|-resisted|p1a: Samurott
|-damage|p1a: Samurott|54/100
|
|upkeep
|turn|7
|
|t:|1760360010
|switch|p2a: Alomomola|Alomomola, M|65/100
|-damage|p2a: Alomomola|53/100|[from] Spikes
|move|p1a: Samurott|Ceaseless Edge|p2a: Alomomola
|-damage|p2a: Alomomola|23/100
|-sidestart|p2: Spyro190 testing|Spikes
|
|upkeep
|turn|8
|
|t:|1760360019
|switch|p2a: Great Tusk|Great Tusk|100/100
|-damage|p2a: Great Tusk|84/100|[from] Spikes
|move|p1a: Samurott|Ceaseless Edge|p2a: Great Tusk
|-resisted|p2a: Great Tusk
|-damage|p2a: Great Tusk|72/100
|-sidestart|p2: Spyro190 testing|Spikes
|
|-heal|p2a: Great Tusk|78/100|[from] item: Leftovers
|upkeep
|turn|9
|
|t:|1760360029
|switch|p1a: Sinistcha|Sinistcha-Masterpiece, shiny|100/100
|move|p2a: Great Tusk|Knock Off|p1a: Sinistcha
|-supereffective|p1a: Sinistcha
|-damage|p1a: Sinistcha|61/100
|-enditem|p1a: Sinistcha|Heavy-Duty Boots|[from] move: Knock Off|[of] p2a: Great Tusk
|
|-heal|p2a: Great Tusk|84/100|[from] item: Leftovers
|upkeep
|turn|10
|
|t:|1760360034
|-end|p2a: Great Tusk|Protosynthesis|[silent]
|switch|p2a: Slowking|Slowking-Galar, F|100/100
|-damage|p2a: Slowking|76/100|[from] Spikes
|move|p1a: Sinistcha|Matcha Gotcha|p2a: Slowking
|-resisted|p2a: Slowking
|-damage|p2a: Slowking|62/100
|-heal|p1a: Sinistcha|68/100|[from] drain|[of] p2a: Slowking
|-status|p2a: Slowking|brn
|
|-damage|p2a: Slowking|56/100 brn|[from] brn
|upkeep
|turn|11
|
|t:|1760360043
|switch|p2a: Cinderace|Cinderace, F|100/100
|move|p1a: Sinistcha|Calm Mind|p1a: Sinistcha
|-boost|p1a: Sinistcha|spa|1
|-boost|p1a: Sinistcha|spd|1
|
|upkeep
|turn|12
|
|t:|1760360049
|move|p2a: Cinderace|Court Change|p2a: Cinderace
|-swapsideconditions
|-activate|p2a: Cinderace|move: Court Change
|move|p1a: Sinistcha|Matcha Gotcha|p2a: Cinderace
|-resisted|p2a: Cinderace
|-damage|p2a: Cinderace|72/100
|-heal|p1a: Sinistcha|83/100|[from] drain|[of] p2a: Cinderace
|
|upkeep
|turn|13
|
|t:|1760360071
|move|p2a: Cinderace|Pyro Ball|p1a: Sinistcha
|-supereffective|p1a: Sinistcha
|-crit|p1a: Sinistcha
|-damage|p1a: Sinistcha|33/100
|move|p1a: Sinistcha|Shadow Ball|p2a: Cinderace
|-damage|p2a: Cinderace|19/100
|
|upkeep
|turn|14
|
|t:|1760360087
|move|p2a: Cinderace|Will-O-Wisp|p1a: Sinistcha|[miss]
|-miss|p2a: Cinderace|p1a: Sinistcha
|move|p1a: Sinistcha|Strength Sap|p2a: Cinderace
|-unboost|p2a: Cinderace|atk|1
|-heal|p1a: Sinistcha|100/100
|
|upkeep
|turn|15
|
|t:|1760360092
|move|p2a: Cinderace|Will-O-Wisp|p1a: Sinistcha
|-status|p1a: Sinistcha|brn
|move|p1a: Sinistcha|Shadow Ball|p2a: Cinderace
|-damage|p2a: Cinderace|0 fnt
|faint|p2a: Cinderace
|
|-damage|p1a: Sinistcha|98/100 brn|[from] brn
|upkeep
|
|t:|1760360100
|switch|p2a: Lokix|Lokix, F|100/100
|turn|16
|
|t:|1760360106
|-terastallize|p2a: Lokix|Bug
|move|p2a: Lokix|U-turn|p1a: Sinistcha
|-damage|p1a: Sinistcha|44/100 brn
|
|t:|1760360115
|switch|p2a: Alomomola|Alomomola, M|56/100|[from] U-turn
|move|p1a: Sinistcha|Strength Sap|p2a: Alomomola
|-unboost|p2a: Alomomola|atk|1
|-heal|p1a: Sinistcha|98/100 brn
|
|-damage|p1a: Sinistcha|95/100 brn|[from] brn
|upkeep
|turn|17
|
|t:|1760360122
|switch|p2a: Lokix|Lokix, F, tera:Bug|100/100
|move|p1a: Sinistcha|Matcha Gotcha|p2a: Lokix
|-resisted|p2a: Lokix
|-damage|p2a: Lokix|57/100
|-heal|p1a: Sinistcha|100/100 brn|[from] drain|[of] p2a: Lokix
|
|-damage|p1a: Sinistcha|98/100 brn|[from] brn
|upkeep
|turn|18
|
|t:|1760360130
|move|p2a: Lokix|Leech Life|p1a: Sinistcha
|-damage|p1a: Sinistcha|37/100 brn
|-heal|p2a: Lokix|93/100|[from] drain|[of] p1a: Sinistcha
|move|p1a: Sinistcha|Strength Sap|p2a: Lokix
|-unboost|p2a: Lokix|atk|1
|-heal|p1a: Sinistcha|100/100 brn
|
|-damage|p1a: Sinistcha|98/100 brn|[from] brn
|upkeep
|turn|19
|
|t:|1760360136
|move|p2a: Lokix|Leech Life|p1a: Sinistcha
|-damage|p1a: Sinistcha|62/100 brn
|-heal|p2a: Lokix|100/100|[from] drain|[of] p1a: Sinistcha
|move|p1a: Sinistcha|Shadow Ball|p2a: Lokix
|-damage|p2a: Lokix|2/100
|
|-damage|p1a: Sinistcha|59/100 brn|[from] brn
|upkeep
|turn|20
|
|t:|1760360144
|move|p2a: Lokix|Leech Life|p1a: Sinistcha
|-damage|p1a: Sinistcha|19/100 brn
|-heal|p2a: Lokix|25/100|[from] drain|[of] p1a: Sinistcha
|move|p1a: Sinistcha|Shadow Ball|p2a: Lokix
|-damage|p2a: Lokix|0 fnt
|faint|p2a: Lokix
|
|-damage|p1a: Sinistcha|16/100 brn|[from] brn
|upkeep
|
|t:|1760360150
|switch|p2a: Enamorus|Enamorus, F|26/100
|turn|21
|
|t:|1760360155
|move|p2a: Enamorus|Moonblast|p1a: Sinistcha
|-damage|p1a: Sinistcha|0 fnt
|faint|p1a: Sinistcha
|
|upkeep
|
|t:|1760360168
|switch|p1a: Samurott|Samurott-Hisui, M, shiny, tera:Poison|54/100
|-damage|p1a: Samurott|29/100|[from] Spikes
|turn|22
|
|t:|1760360172
|switch|p2a: Alomomola|Alomomola, M|89/100
|move|p1a: Samurott|Ceaseless Edge|p2a: Alomomola
|-damage|p2a: Alomomola|56/100
|-sidestart|p2: Spyro190 testing|Spikes
|
|upkeep
|turn|23
|
|t:|1760360178
|move|p1a: Samurott|Ceaseless Edge|p2a: Alomomola
|-damage|p2a: Alomomola|23/100
|-sidestart|p2: Spyro190 testing|Spikes
|move|p2a: Alomomola|Flip Turn|p1a: Samurott
|-damage|p1a: Samurott|10/100
|
|t:|1760360182
|switch|p2a: Enamorus|Enamorus, F|26/100|[from] Flip Turn
|
|upkeep
|turn|24
|
|t:|1760360186
|move|p1a: Samurott|Sucker Punch|p2a: Enamorus
|-resisted|p2a: Enamorus
|-damage|p2a: Enamorus|0 fnt
|faint|p2a: Enamorus
|
|upkeep
|
|t:|1760360189
|switch|p2a: Alomomola|Alomomola, M|57/100
|-damage|p2a: Alomomola|40/100|[from] Spikes
|turn|25
|
|t:|1760360193
|move|p2a: Alomomola|Aqua Jet|p1a: Samurott
|-damage|p1a: Samurott|0 fnt
|faint|p1a: Samurott
|
|upkeep
|
|t:|1760360199
|switch|p1a: Landorus|Landorus-Therian, M, shiny|78/100
|-ability|p1a: Landorus|Intimidate|boost
|-unboost|p2a: Alomomola|atk|1
|turn|26
|
|t:|1760360206
|move|p1a: Landorus|Earthquake|p2a: Alomomola
|-damage|p2a: Alomomola|3/100
|move|p2a: Alomomola|Flip Turn|p1a: Landorus
|-supereffective|p1a: Landorus
|-damage|p1a: Landorus|55/100
|-damage|p2a: Alomomola|0 fnt|[from] item: Rocky Helmet|[of] p1a: Landorus
|faint|p2a: Alomomola
|
|upkeep
|
|t:|1760360212
|switch|p2a: Great Tusk|Great Tusk|84/100
|-damage|p2a: Great Tusk|68/100|[from] Spikes
|turn|27
|
|t:|1760360223
|move|p1a: Landorus|Earthquake|p2a: Great Tusk
|-damage|p2a: Great Tusk|41/100
|move|p2a: Great Tusk|Rapid Spin|p1a: Landorus
|-damage|p1a: Landorus|42/100
|-boost|p2a: Great Tusk|spe|1
|-damage|p2a: Great Tusk|25/100|[from] item: Rocky Helmet|[of] p1a: Landorus
|-sideend|p2: Spyro190 testing|Spikes|[from] move: Rapid Spin|[of] p2a: Great Tusk
|
|-heal|p2a: Great Tusk|31/100|[from] item: Leftovers
|upkeep
|turn|28
|
|t:|1760360226
|move|p2a: Great Tusk|Bulk Up|p2a: Great Tusk
|-boost|p2a: Great Tusk|atk|1
|-boost|p2a: Great Tusk|def|1
|move|p1a: Landorus|Earthquake|p2a: Great Tusk
|-damage|p2a: Great Tusk|14/100
|
|-heal|p2a: Great Tusk|20/100|[from] item: Leftovers
|upkeep
|turn|29
|
|t:|1760360233
|move|p2a: Great Tusk|Bulk Up|p2a: Great Tusk
|-boost|p2a: Great Tusk|atk|1
|-boost|p2a: Great Tusk|def|1
|move|p1a: Landorus|Earthquake|p2a: Great Tusk
|-damage|p2a: Great Tusk|8/100
|
|-heal|p2a: Great Tusk|14/100|[from] item: Leftovers
|upkeep
|turn|30
|
|t:|1760360236
|move|p2a: Great Tusk|Bulk Up|p2a: Great Tusk
|-boost|p2a: Great Tusk|atk|1
|-boost|p2a: Great Tusk|def|1
|move|p1a: Landorus|U-turn|p2a: Great Tusk
|-resisted|p2a: Great Tusk
|-crit|p2a: Great Tusk
|-damage|p2a: Great Tusk|6/100
|
|t:|1760360239
|switch|p1a: Iron Valiant|Iron Valiant, shiny|100/100|[from] U-turn
|-damage|p1a: Iron Valiant|76/100|[from] Spikes
|-enditem|p1a: Iron Valiant|Booster Energy
|-activate|p1a: Iron Valiant|ability: Quark Drive|[fromitem]
|-start|p1a: Iron Valiant|quarkdrivespe
|
|-heal|p2a: Great Tusk|12/100|[from] item: Leftovers
|upkeep
|turn|31
|
|t:|1760360246
|-end|p2a: Great Tusk|Protosynthesis|[silent]
|switch|p2a: Slowking|Slowking-Galar, F|89/100 brn
|move|p1a: Iron Valiant|Encore||[still]
|-fail|p1a: Iron Valiant
|
|-damage|p2a: Slowking|83/100 brn|[from] brn
|upkeep
|turn|32
|
|t:|1760360252
|-end|p1a: Iron Valiant|Quark Drive|[silent]
|switch|p1a: Landorus|Landorus-Therian, M, shiny|42/100
|-ability|p1a: Landorus|Intimidate|boost
|-unboost|p2a: Slowking|atk|1
|-prepare|p2a: Slowking|Chilly Reception|[premajor]
|move|p2a: Slowking|Chilly Reception|p2a: Slowking
|-weather|Snowscape
|
|t:|1760360259
|switch|p2a: Great Tusk|Great Tusk|12/100|[from] Chilly Reception
|
|-weather|Snowscape|[upkeep]
|-heal|p2a: Great Tusk|18/100|[from] item: Leftovers
|upkeep
|turn|33
|
|t:|1760360264
|move|p1a: Landorus|Earthquake|p2a: Great Tusk
|-crit|p2a: Great Tusk
|-damage|p2a: Great Tusk|0 fnt
|faint|p2a: Great Tusk
|-end|p2a: Great Tusk|Protosynthesis|[silent]
|
|-weather|Snowscape|[upkeep]
|upkeep
|
|t:|1760360267
|switch|p2a: Slowking|Slowking-Galar, F|100/100 brn
|turn|34
|
|t:|1760360269
|move|p1a: Landorus|Earthquake|p2a: Slowking
|-supereffective|p2a: Slowking
|-enditem|p2a: Slowking|Shuca Berry|[eat]
|-enditem|p2a: Slowking|Shuca Berry|[weaken]
|-damage|p2a: Slowking|65/100 brn
|move|p2a: Slowking|Ice Beam|p1a: Landorus
|-supereffective|p1a: Landorus
|-crit|p1a: Landorus
|-damage|p1a: Landorus|0 fnt
|faint|p1a: Landorus
|
|-weather|Snowscape|[upkeep]
|-damage|p2a: Slowking|59/100 brn|[from] brn
|upkeep
|-message|Spyro190 testing forfeited.
|
|win|qaqkiller
|raw|qaqkiller's rating: 1652 &rarr; <strong>1672</strong><br />(+20 for winning)
|raw|Spyro190 testing's rating: 1646 &rarr; <strong>1626</strong><br />(-20 for losing)
|l|☆Spyro190 testing
|player|p2|
|l|☆qaqkiller
|player|p1|
