|j|☆aaron200589
|j|☆Mreow
|t:|1760383104
|gametype|singles
|player|p1|aaron200589|giovanni|1303
|player|p2|Mreow|pokemaniac|1349
|gen|9
|tier|[Gen 9] OU
|rated|
|rule|HP Percentage Mod: HP is shown in percentages
|rule|Endless Battle Clause: Forcing endless battles is banned
|rule|Species Clause: Limit one of each Pokémon
|rule|OHKO Clause: OHKO moves are banned
|rule|Evasion Items Clause: Evasion items are banned
|rule|Evasion Moves Clause: Evasion moves are banned
|rule|Evasion Abilities Clause: Evasion abilities are banned
|rule|Sleep Moves Clause: Sleep-inducing moves are banned
|clearpoke
|poke|p1|Glastrier|
|poke|p1|Ursaluna, F|
|poke|p1|Cresselia, F|
|poke|p1|Torkoal, M|
|poke|p1|Slowking-Galar, F|
|poke|p1|Crawdaunt, F|
|poke|p2|Deoxys-Speed|
|poke|p2|Goodra-Hisui, M|
|poke|p2|Gengar, F|
|poke|p2|Greedent, F|
|poke|p2|Tinkaton, F|
|poke|p2|Scizor, M|
|teampreview
|
|t:|1760383111
|teamsize|p1|6
|teamsize|p2|6
|start
|switch|p1a: Cresselia|Cresselia, F|100/100
|switch|p2a: Tinkaton|Tinkaton, F|100/100
|-ability|p2a: Tinkaton|Mold Breaker
|turn|1
|
|t:|1760383120
|move|p2a: Tinkaton|Stealth Rock|p1a: Cresselia
|-sidestart|p1: aaron200589|move: Stealth Rock
|move|p1a: Cresselia|Trick Room|p1a: Cresselia
|-fieldstart|move: Trick Room|[of] p1a: Cresselia
|
|upkeep
|turn|2
|
|t:|1760383146
|move|p1a: Cresselia|Lunar Dance|p1a: Cresselia
|faint|p1a: Cresselia
|move|p2a: Tinkaton|Encore|p1: Cresselia|[notarget]
|-fail|p2a: Tinkaton
|
|upkeep
|
|t:|1760383152
|switch|p1a: Torkoal|Torkoal, M|100/100
|-damage|p1a: Torkoal|75/100|[from] Stealth Rock
|-weather|SunnyDay|[from] ability: Drought|[of] p1a: Torkoal
|turn|3
|
|t:|1760383157
|switch|p2a: Jambonnex|Gengar, F|100/100
|move|p1a: Torkoal|Eruption|p2a: Jambonnex
|-enditem|p2a: Jambonnex|Focus Sash
|-damage|p2a: Jambonnex|1/100
|
|-weather|SunnyDay|[upkeep]
|upkeep
|turn|4
|
|t:|1760383169
|move|p1a: Torkoal|Eruption|p2a: Jambonnex
|-damage|p2a: Jambonnex|0 fnt
|-start|p1a: Torkoal|Disable|Eruption|[from] ability: Cursed Body|[of] p2a: Jambonnex
|faint|p2a: Jambonnex
|
|-weather|SunnyDay|[upkeep]
|upkeep
|
|t:|1760383192
|switch|p2a: Chad|Goodra-Hisui, M|100/100
|turn|5
|
|t:|1760383198
|switch|p1a: Crawdaunt|Crawdaunt, F|100/100
|-damage|p1a: Crawdaunt|88/100|[from] Stealth Rock
|move|p2a: Chad|Fire Blast|p1a: Crawdaunt
|-resisted|p1a: Crawdaunt
|-damage|p1a: Crawdaunt|40/100
|
|-weather|SunnyDay|[upkeep]
|-fieldend|move: Trick Room
|upkeep
|turn|6
|
|t:|1760383211
|move|p2a: Chad|Body Press|p1a: Crawdaunt
|-supereffective|p1a: Crawdaunt
|-damage|p1a: Crawdaunt|0 fnt
|faint|p1a: Crawdaunt
|
|-weather|SunnyDay|[upkeep]
|upkeep
|
|t:|1760383220
|switch|p1a: Torkoal|Torkoal, M|75/100
|-heal|p1a: Torkoal|100/100|[from] move: Lunar Dance
|-damage|p1a: Torkoal|75/100|[from] Stealth Rock
|turn|7
|
|t:|1760383225
|move|p2a: Chad|Body Press|p1a: Torkoal
|-damage|p1a: Torkoal|62/100
|move|p1a: Torkoal|Eruption|p2a: Chad
|-damage|p2a: Chad|39/100
|
|-weather|none
|-heal|p2a: Chad|45/100|[from] item: Leftovers
|upkeep
|turn|8
|
|t:|1760383238
|switch|p1a: Slowking|Slowking-Galar, F|100/100
|-damage|p1a: Slowking|88/100|[from] Stealth Rock
|move|p2a: Chad|Body Press|p1a: Slowking
|-resisted|p1a: Slowking
|-damage|p1a: Slowking|83/100
|
|-heal|p2a: Chad|51/100|[from] item: Leftovers
|upkeep
|turn|9
|
|t:|1760383255
|move|p2a: Chad|Acid Armor|p2a: Chad
|-boost|p2a: Chad|def|2
|move|p1a: Slowking|Trick Room|p1a: Slowking
|-fieldstart|move: Trick Room|[of] p1a: Slowking
|
|-heal|p2a: Chad|57/100|[from] item: Leftovers
|upkeep
|turn|10
|
|t:|1760383262
|-prepare|p1a: Slowking|Chilly Reception|[premajor]
|move|p1a: Slowking|Chilly Reception|p1a: Slowking
|-weather|Snowscape
|
|t:|1760383265
|switch|p1a: Torkoal|Torkoal, M|62/100|[from] Chilly Reception
|-damage|p1a: Torkoal|37/100|[from] Stealth Rock
|-weather|SunnyDay|[from] ability: Drought|[of] p1a: Torkoal
|move|p2a: Chad|Acid Armor|p2a: Chad
|-boost|p2a: Chad|def|2
|
|-weather|SunnyDay|[upkeep]
|-heal|p2a: Chad|63/100|[from] item: Leftovers
|upkeep
|turn|11
|
|t:|1760383277
|move|p1a: Torkoal|Overheat|p2a: Chad
|-damage|p2a: Chad|0 fnt
|-unboost|p1a: Torkoal|spa|2
|faint|p2a: Chad
|
|-weather|SunnyDay|[upkeep]
|upkeep
|
|t:|1760383284
|switch|p2a: ChocoSkouik|Greedent, F|100/100
|turn|12
|
|t:|1760383289
|switch|p1a: Glastrier|Glastrier|100/100
|-damage|p1a: Glastrier|75/100|[from] Stealth Rock
|move|p2a: ChocoSkouik|Double-Edge|p1a: Glastrier
|-damage|p1a: Glastrier|41/100
|-enditem|p1a: Glastrier|Sitrus Berry|[eat]
|-heal|p1a: Glastrier|66/100|[from] item: Sitrus Berry
|-damage|p2a: ChocoSkouik|90/100|[from] Recoil
|
|-weather|SunnyDay|[upkeep]
|upkeep
|turn|13
|
|t:|1760383300
|move|p2a: ChocoSkouik|Double-Edge|p1a: Glastrier
|-damage|p1a: Glastrier|31/100
|-damage|p2a: ChocoSkouik|80/100|[from] Recoil
|move|p1a: Glastrier|Close Combat|p2a: ChocoSkouik
|-supereffective|p2a: ChocoSkouik
|-damage|p2a: ChocoSkouik|5/100
|-unboost|p1a: Glastrier|def|1
|-unboost|p1a: Glastrier|spd|1
|
|-weather|SunnyDay|[upkeep]
|-fieldend|move: Trick Room
|upkeep
|turn|14
|-enditem|p2a: ChocoSkouik|Custap Berry|[eat]
|-heal|p2a: ChocoSkouik|39/100|[from] ability: Cheek Pouch
|-activate|p2a: ChocoSkouik|item: Custap Berry|[consumed]
|
|t:|1760383312
|switch|p1a: Slowking|Slowking-Galar, F|100/100
|-damage|p1a: Slowking|88/100|[from] Stealth Rock
|move|p2a: ChocoSkouik|Double-Edge|p1a: Slowking
|-damage|p1a: Slowking|28/100
|-enditem|p1a: Slowking|Sitrus Berry|[eat]
|-heal|p1a: Slowking|53/100|[from] item: Sitrus Berry
|-damage|p2a: ChocoSkouik|21/100|[from] Recoil
|
|-weather|none
|upkeep
|turn|15
|
|t:|1760383327
|move|p2a: ChocoSkouik|Double-Edge|p1a: Slowking
|-damage|p1a: Slowking|0 fnt
|faint|p1a: Slowking
|-damage|p2a: ChocoSkouik|6/100|[from] Recoil
|
|upkeep
|
|t:|1760383335
|switch|p1a: Torkoal|Torkoal, M|37/100
|-damage|p1a: Torkoal|12/100|[from] Stealth Rock
|-weather|SunnyDay|[from] ability: Drought|[of] p1a: Torkoal
|turn|16
|
|t:|1760383355
|move|p1a: Torkoal|Overheat|p2a: ChocoSkouik
|-damage|p2a: ChocoSkouik|0 fnt
|-unboost|p1a: Torkoal|spa|2
|faint|p2a: ChocoSkouik
|
|-weather|SunnyDay|[upkeep]
|upkeep
|
|t:|1760383362
|switch|p2a: Goolber|Scizor, M|100/100
|turn|17
|
|t:|1760383365
|move|p2a: Goolber|Bullet Punch|p1a: Torkoal
|-resisted|p1a: Torkoal
|-damage|p1a: Torkoal|0 fnt
|faint|p1a: Torkoal
|
|-weather|SunnyDay|[upkeep]
|upkeep
|
|t:|1760383372
|switch|p1a: Glastrier|Glastrier|31/100
|-damage|p1a: Glastrier|6/100|[from] Stealth Rock
|turn|18
|
|t:|1760383379
|move|p2a: Goolber|Bullet Punch|p1a: Glastrier
|-supereffective|p1a: Glastrier
|-damage|p1a: Glastrier|0 fnt
|faint|p1a: Glastrier
|
|-weather|SunnyDay|[upkeep]
|upkeep
|
|t:|1760383385
|switch|p1a: Ursaluna|Ursaluna, F|100/100
|-damage|p1a: Ursaluna|94/100|[from] Stealth Rock
|turn|19
|
|t:|1760383391
|switch|p2a: Tinkaton|Tinkaton, F|100/100
|-ability|p2a: Tinkaton|Mold Breaker
|move|p1a: Ursaluna|Fire Punch|p2a: Tinkaton
|-supereffective|p2a: Tinkaton
|-damage|p2a: Tinkaton|2/100
|
|-weather|SunnyDay|[upkeep]
|-heal|p2a: Tinkaton|8/100|[from] item: Leftovers
|-status|p1a: Ursaluna|brn|[from] item: Flame Orb
|upkeep
|turn|20
|
|t:|1760383402
|move|p2a: Tinkaton|Play Rough|p1a: Ursaluna
|-damage|p1a: Ursaluna|77/100 brn
|move|p1a: Ursaluna|Fire Punch|p2a: Tinkaton
|-supereffective|p2a: Tinkaton
|-damage|p2a: Tinkaton|0 fnt
|faint|p2a: Tinkaton
|
|-weather|none
|-damage|p1a: Ursaluna|70/100 brn|[from] brn
|upkeep
|
|t:|1760383417
|switch|p2a: Goolber|Scizor, M|100/100
|turn|21
|
|t:|1760383423
|-terastallize|p1a: Ursaluna|Ghost
|move|p2a: Goolber|Bullet Punch|p1a: Ursaluna
|-damage|p1a: Ursaluna|37/100 brn
|move|p1a: Ursaluna|Fire Punch|p2a: Goolber
|-supereffective|p2a: Goolber
|-damage|p2a: Goolber|0 fnt
|faint|p2a: Goolber
|
|-damage|p1a: Ursaluna|31/100 brn|[from] brn
|upkeep
|
|t:|1760383428
|switch|p2a: Rorki Korki|Deoxys-Speed|100/100
|-ability|p2a: Rorki Korki|Pressure
|turn|22
|
|t:|1760383438
|move|p2a: Rorki Korki|Psycho Boost|p1a: Ursaluna|[miss]
|-miss|p2a: Rorki Korki|p1a: Ursaluna
|move|p1a: Ursaluna|Headlong Rush|p2a: Rorki Korki
|-damage|p2a: Rorki Korki|0 fnt
|-unboost|p1a: Ursaluna|def|1
|-unboost|p1a: Ursaluna|spd|1
|faint|p2a: Rorki Korki
|
|win|aaron200589
|raw|aaron200589's rating: 1303 &rarr; <strong>1326</strong><br />(+23 for winning)
|raw|Mreow's rating: 1349 &rarr; <strong>1326</strong><br />(-23 for losing)
|l|☆aaron200589
|player|p1|
|l|☆Mreow
|player|p2|
