|j|☆soyothedangerous
|j|☆ShinyAssassinx
|t:|1760334336
|gametype|singles
|player|p1|soyothedangerous|rosa|1519
|player|p2|ShinyAssassinx|101|1563
|gen|9
|tier|[Gen 9] OU
|rated|
|rule|HP Percentage Mod: HP is shown in percentages
|rule|Endless Battle Clause: Forcing endless battles is banned
|rule|Species Clause: Limit one of each Pokémon
|rule|OHKO Clause: OHKO moves are banned
|rule|Evasion Items Clause: Evasion items are banned
|rule|Evasion Moves Clause: Evasion moves are banned
|rule|Evasion Abilities Clause: Evasion abilities are banned
|rule|Sleep Moves Clause: Sleep-inducing moves are banned
|clearpoke
|poke|p1|Zamazenta-*|
|poke|p1|Ninetales-Alola, M|
|poke|p1|Darkrai|
|poke|p1|Ceruledge, F|
|poke|p1|Gliscor, M|
|poke|p1|Hatterene, F|
|poke|p2|Scizor, F|
|poke|p2|Dragonite, M|
|poke|p2|Araquanid, M|
|poke|p2|Scyther, F|
|poke|p2|Ceruledge, M|
|poke|p2|Garchomp, M|
|teampreview
|inactive|Battle timer is ON: inactive players will automatically lose when time's up. (requested by ShinyAssassinx)
|
|t:|1760334358
|teamsize|p1|6
|teamsize|p2|6
|start
|switch|p1a: Ceruledge|Ceruledge, F|100/100
|switch|p2a: Scizor|Scizor, F|100/100
|turn|1
|
|t:|1760334368
|move|p1a: Ceruledge|Bitter Blade|p2a: Scizor
|-supereffective|p2a: Scizor
|-damage|p2a: Scizor|0 fnt
|faint|p2a: Scizor
|
|upkeep
|
|t:|1760334371
|switch|p2a: Garchomp|Garchomp, M|100/100
|turn|2
|
|t:|1760334374
|switch|p1a: Ninetales|Ninetales-Alola, M|100/100
|-weather|Snowscape|[from] ability: Snow Warning|[of] p1a: Ninetales
|move|p2a: Garchomp|Swords Dance|p2a: Garchomp
|-boost|p2a: Garchomp|atk|2
|
|-weather|Snowscape|[upkeep]
|upkeep
|turn|3
|
|t:|1760334381
|move|p1a: Ninetales|Encore|p2a: Garchomp
|-start|p2a: Garchomp|Encore
|move|p2a: Garchomp|Swords Dance|p2a: Garchomp
|-boost|p2a: Garchomp|atk|2
|
|-weather|Snowscape|[upkeep]
|upkeep
|turn|4
|
|t:|1760334399
|move|p1a: Ninetales|Aurora Veil|p1a: Ninetales
|-sidestart|p1: soyothedangerous|move: Aurora Veil
|move|p2a: Garchomp|Swords Dance|p2a: Garchomp
|-boost|p2a: Garchomp|atk|2
|
|-weather|Snowscape|[upkeep]
|upkeep
|turn|5
|
|t:|1760334404
|-terastallize|p2a: Garchomp|Steel
|move|p1a: Ninetales|Freeze-Dry|p2a: Garchomp
|-resisted|p2a: Garchomp
|-damage|p2a: Garchomp|89/100
|move|p2a: Garchomp|Swords Dance|p2a: Garchomp
|-boost|p2a: Garchomp|atk|0
|
|-weather|Snowscape|[upkeep]
|-end|p2a: Garchomp|Encore
|upkeep
|turn|6
|
|t:|1760334412
|move|p1a: Ninetales|Encore|p2a: Garchomp
|-start|p2a: Garchomp|Encore
|move|p2a: Garchomp|Swords Dance|p2a: Garchomp
|-boost|p2a: Garchomp|atk|0
|
|-weather|none
|upkeep
|turn|7
|
|t:|1760334416
|move|p2a: Garchomp|Swords Dance|p2a: Garchomp
|-boost|p2a: Garchomp|atk|0
|move|p1a: Ninetales|Roar|p2a: Garchomp
|drag|p2a: Scyther|Scyther, F|100/100
|
|upkeep
|turn|8
|
|t:|1760334425
|switch|p1a: Gliscor|Gliscor, M|100/100
|move|p2a: Scyther|Dual Wingbeat|p1a: Gliscor
|-damage|p1a: Gliscor|89/100
|-crit|p1a: Gliscor
|-damage|p1a: Gliscor|56/100
|-hitcount|p1a: Gliscor|2
|
|-status|p1a: Gliscor|tox|[from] item: Toxic Orb
|upkeep
|turn|9
|
|t:|1760334433
|move|p2a: Scyther|Swords Dance|p2a: Scyther
|-boost|p2a: Scyther|atk|2
|move|p1a: Gliscor|Agility|p1a: Gliscor
|-boost|p1a: Gliscor|spe|2
|
|-heal|p1a: Gliscor|68/100 tox|[from] ability: Poison Heal
|upkeep
|turn|10
|
|t:|1760334437
|move|p1a: Gliscor|Swords Dance|p1a: Gliscor
|-boost|p1a: Gliscor|atk|2
|move|p2a: Scyther|Dual Wingbeat|p1a: Gliscor|[miss]
|-miss|p2a: Scyther|p1a: Gliscor
|
|-heal|p1a: Gliscor|81/100 tox|[from] ability: Poison Heal
|upkeep
|turn|11
|
|t:|1760334444
|move|p1a: Gliscor|Swords Dance|p1a: Gliscor
|-boost|p1a: Gliscor|atk|2
|move|p2a: Scyther|Dual Wingbeat|p1a: Gliscor
|-damage|p1a: Gliscor|59/100 tox
|-damage|p1a: Gliscor|38/100 tox
|-hitcount|p1a: Gliscor|2
|
|-heal|p1a: Gliscor|50/100 tox|[from] ability: Poison Heal
|-sideend|p1: soyothedangerous|move: Aurora Veil
|upkeep
|turn|12
|
|t:|1760334451
|-terastallize|p1a: Gliscor|Normal
|move|p1a: Gliscor|Facade|p2a: Scyther
|-enditem|p2a: Scyther|Focus Sash
|-damage|p2a: Scyther|1/100
|move|p2a: Scyther|Dual Wingbeat|p1a: Gliscor|[miss]
|-miss|p2a: Scyther|p1a: Gliscor
|
|-heal|p1a: Gliscor|63/100 tox|[from] ability: Poison Heal
|upkeep
|turn|13
|
|t:|1760334464
|move|p1a: Gliscor|Facade|p2a: Scyther
|-damage|p2a: Scyther|0 fnt
|faint|p2a: Scyther
|
|-heal|p1a: Gliscor|75/100 tox|[from] ability: Poison Heal
|upkeep
|
|t:|1760334466
|switch|p2a: Ceruledge|Ceruledge, M, shiny|100/100
|turn|14
|
|t:|1760334468
|move|p1a: Gliscor|Earthquake|p2a: Ceruledge
|-supereffective|p2a: Ceruledge
|-enditem|p2a: Ceruledge|Focus Sash
|-damage|p2a: Ceruledge|1/100
|-ability|p2a: Ceruledge|Weak Armor|boost
|-unboost|p2a: Ceruledge|def|1
|-boost|p2a: Ceruledge|spe|2
|move|p2a: Ceruledge|Swords Dance|p2a: Ceruledge
|-boost|p2a: Ceruledge|atk|2
|
|-heal|p1a: Gliscor|88/100 tox|[from] ability: Poison Heal
|upkeep
|turn|15
|
|t:|1760334471
|move|p1a: Gliscor|Earthquake|p2a: Ceruledge
|-supereffective|p2a: Ceruledge
|-damage|p2a: Ceruledge|0 fnt
|faint|p2a: Ceruledge
|
|-heal|p1a: Gliscor|100/100 tox|[from] ability: Poison Heal
|upkeep
|
|t:|1760334473
|switch|p2a: Araquanid|Araquanid, M|100/100
|turn|16
|
|t:|1760334475
|move|p1a: Gliscor|Facade|p2a: Araquanid
|-damage|p2a: Araquanid|0 fnt
|faint|p2a: Araquanid
|
|upkeep
|-message|ShinyAssassinx forfeited.
|
|win|soyothedangerous
|raw|soyothedangerous's rating: 1519 &rarr; <strong>1542</strong><br />(+23 for winning)
|raw|ShinyAssassinx's rating: 1563 &rarr; <strong>1540</strong><br />(-23 for losing)
|l|☆ShinyAssassinx
|player|p2|
|l|☆soyothedangerous
|player|p1|
|j|☆soyothedangerous
|player|p1|soyothedangerous|rosa|
|l|☆soyothedangerous
|player|p1|
