|j|☆jeremyk322
|j|☆aridxocean
|t:|1760332245
|gametype|singles
|player|p1|jeremyk322|1|1133
|player|p2|aridxocean|unknown|1091
|gen|9
|tier|[Gen 9] OU
|rated|
|rule|HP Percentage Mod: HP is shown in percentages
|rule|Endless Battle Clause: Forcing endless battles is banned
|rule|Species Clause: Limit one of each Pokémon
|rule|OHKO Clause: OHKO moves are banned
|rule|Evasion Items Clause: Evasion items are banned
|rule|Evasion Moves Clause: Evasion moves are banned
|rule|Evasion Abilities Clause: Evasion abilities are banned
|rule|Sleep Moves Clause: Sleep-inducing moves are banned
|clearpoke
|poke|p1|Feraligatr, M|
|poke|p1|Araquanid, F|
|poke|p1|Rillaboom, F|
|poke|p1|Great Tusk|
|poke|p1|Gholdengo|
|poke|p1|Iron Moth|
|poke|p2|Duraludon, M|
|poke|p2|Serperior, M|
|poke|p2|Scizor, M|
|poke|p2|Garchomp, M|
|poke|p2|Dragapult, M|
|poke|p2|Kingambit, M|
|teampreview
|inactive|Battle timer is ON: inactive players will automatically lose when time's up. (requested by jeremyk322)
|
|t:|1760332256
|teamsize|p1|6
|teamsize|p2|6
|start
|switch|p1a: Araquanid|Araquanid, F|100/100
|switch|p2a: Duraludon|Duraludon, M, shiny|100/100
|turn|1
|
|t:|1760332260
|move|p2a: Duraludon|Draco Meteor|p1a: Araquanid
|-damage|p1a: Araquanid|70/100
|-unboost|p2a: Duraludon|spa|2
|move|p1a: Araquanid|Sticky Web|p2a: Duraludon
|-sidestart|p2: aridxocean|move: Sticky Web
|
|upkeep
|turn|2
|
|t:|1760332280
|move|p2a: Duraludon|Reflect|p2a: Duraludon
|-sidestart|p2: aridxocean|Reflect
|move|p1a: Araquanid|Surf|p2a: Duraludon
|-resisted|p2a: Duraludon
|-damage|p2a: Duraludon|86/100
|
|upkeep
|turn|3
|
|t:|1760332301
|switch|p1a: Great Tusk|Great Tusk|100/100
|move|p2a: Duraludon|Light Screen|p2a: Duraludon
|-sidestart|p2: aridxocean|move: Light Screen
|
|upkeep
|turn|4
|
|t:|1760332307
|switch|p2a: Leaf Noodle|Serperior, M|100/100
|-activate|p2a: Leaf Noodle|move: Sticky Web
|-boost|p2a: Leaf Noodle|spe|1
|move|p1a: Great Tusk|Knock Off|p2a: Leaf Noodle
|-damage|p2a: Leaf Noodle|81/100
|-enditem|p2a: Leaf Noodle|Miracle Seed|[from] move: Knock Off|[of] p1a: Great Tusk
|
|upkeep
|turn|5
|
|t:|1760332322
|-end|p1a: Great Tusk|Protosynthesis|[silent]
|switch|p1a: Iron Moth|Iron Moth|100/100
|-terastallize|p2a: Leaf Noodle|Normal
|move|p2a: Leaf Noodle|Leaf Storm|p1a: Iron Moth
|-resisted|p1a: Iron Moth
|-damage|p1a: Iron Moth|87/100
|-boost|p2a: Leaf Noodle|spa|2
|
|upkeep
|turn|6
|
|t:|1760332331
|move|p2a: Leaf Noodle|Leaf Storm|p1a: Iron Moth
|-resisted|p1a: Iron Moth
|-damage|p1a: Iron Moth|63/100
|-boost|p2a: Leaf Noodle|spa|2
|move|p1a: Iron Moth|Sludge Wave|p2a: Leaf Noodle
|-damage|p2a: Leaf Noodle|48/100
|
|-sideend|p2: aridxocean|Reflect
|upkeep
|turn|7
|
|t:|1760332343
|move|p2a: Leaf Noodle|Leaf Storm|p1a: Iron Moth
|-resisted|p1a: Iron Moth
|-damage|p1a: Iron Moth|29/100
|-boost|p2a: Leaf Noodle|spa|2
|move|p1a: Iron Moth|Sludge Wave|p2a: Leaf Noodle
|-crit|p2a: Leaf Noodle
|-damage|p2a: Leaf Noodle|0 fnt
|faint|p2a: Leaf Noodle
|
|-sideend|p2: aridxocean|move: Light Screen
|upkeep
|
|t:|1760332359
|switch|p2a: Duraludon|Duraludon, M, shiny|86/100
|-activate|p2a: Duraludon|move: Sticky Web
|-unboost|p2a: Duraludon|spe|1
|turn|8
|
|t:|1760332366
|move|p1a: Iron Moth|Fire Blast|p2a: Duraludon|[miss]
|-miss|p1a: Iron Moth|p2a: Duraludon
|move|p2a: Duraludon|Draco Meteor|p1a: Iron Moth
|-crit|p1a: Iron Moth
|-damage|p1a: Iron Moth|0 fnt
|-unboost|p2a: Duraludon|spa|2
|faint|p1a: Iron Moth
|-end|p1a: Iron Moth|Quark Drive|[silent]
|
|upkeep
|
|t:|1760332372
|switch|p1a: Great Tusk|Great Tusk|100/100
|turn|9
|
|t:|1760332377
|move|p1a: Great Tusk|Headlong Rush|p2a: Duraludon
|-supereffective|p2a: Duraludon
|-damage|p2a: Duraludon|15/100
|-unboost|p1a: Great Tusk|def|1
|-unboost|p1a: Great Tusk|spd|1
|move|p2a: Duraludon|Reflect|p2a: Duraludon
|-sidestart|p2: aridxocean|Reflect
|
|upkeep
|turn|10
|
|t:|1760332384
|move|p1a: Great Tusk|Headlong Rush|p2a: Duraludon
|-supereffective|p2a: Duraludon
|-damage|p2a: Duraludon|0 fnt
|-unboost|p1a: Great Tusk|def|1
|-unboost|p1a: Great Tusk|spd|1
|faint|p2a: Duraludon
|
|upkeep
|
|t:|1760332394
|switch|p2a: Garcomp|Garchomp, M|100/100
|-activate|p2a: Garcomp|move: Sticky Web
|-unboost|p2a: Garcomp|spe|1
|turn|11
|
|t:|1760332406
|move|p1a: Great Tusk|Ice Spinner|p2a: Garcomp
|-supereffective|p2a: Garcomp
|-damage|p2a: Garcomp|42/100
|-damage|p1a: Great Tusk|88/100|[from] ability: Rough Skin|[of] p2a: Garcomp
|-damage|p1a: Great Tusk|71/100|[from] item: Rocky Helmet|[of] p2a: Garcomp
|move|p2a: Garcomp|Earthquake|p1a: Great Tusk
|-damage|p1a: Great Tusk|0 fnt
|faint|p1a: Great Tusk
|-end|p1a: Great Tusk|Protosynthesis|[silent]
|
|upkeep
|
|t:|1760332423
|switch|p1a: Rillaboom|Rillaboom, F|100/100
|-fieldstart|move: Grassy Terrain|[from] ability: Grassy Surge|[of] p1a: Rillaboom
|turn|12
|
|t:|1760332427
|move|p1a: Rillaboom|Grassy Glide|p2a: Garcomp
|-damage|p2a: Garcomp|14/100
|-damage|p1a: Rillaboom|88/100|[from] ability: Rough Skin|[of] p2a: Garcomp
|-damage|p1a: Rillaboom|72/100|[from] item: Rocky Helmet|[of] p2a: Garcomp
|move|p2a: Garcomp|Poison Jab|p1a: Rillaboom
|-supereffective|p1a: Rillaboom
|-damage|p1a: Rillaboom|13/100
|-status|p1a: Rillaboom|psn
|
|-heal|p1a: Rillaboom|19/100 psn|[from] Grassy Terrain
|-heal|p2a: Garcomp|20/100|[from] Grassy Terrain
|-damage|p1a: Rillaboom|7/100 psn|[from] psn
|upkeep
|turn|13
|
|t:|1760332443
|switch|p2a: CircumScizor|Scizor, M|100/100
|move|p1a: Rillaboom|Grassy Glide|p2a: CircumScizor
|-resisted|p2a: CircumScizor
|-damage|p2a: CircumScizor|93/100
|
|-heal|p1a: Rillaboom|13/100 psn|[from] Grassy Terrain
|-heal|p2a: CircumScizor|99/100|[from] Grassy Terrain
|-damage|p1a: Rillaboom|1/100 psn|[from] psn
|-sideend|p2: aridxocean|Reflect
|upkeep
|turn|14
|inactive|aridxocean has 120 seconds left.
|
|t:|1760332472
|move|p1a: Rillaboom|Grassy Glide|p2a: CircumScizor
|-resisted|p2a: CircumScizor
|-damage|p2a: CircumScizor|85/100
|move|p2a: CircumScizor|U-turn|p1a: Rillaboom
|-supereffective|p1a: Rillaboom
|-crit|p1a: Rillaboom
|-damage|p1a: Rillaboom|0 fnt
|faint|p1a: Rillaboom
|inactive|aridxocean has 120 seconds left.
|
|t:|1760332480
|switch|p2a: Garcomp|Garchomp, M|20/100|[from] U-turn
|-activate|p2a: Garcomp|move: Sticky Web
|-unboost|p2a: Garcomp|spe|1
|
|-heal|p2a: Garcomp|27/100|[from] Grassy Terrain
|upkeep
|
|t:|1760332485
|switch|p1a: Feraligatr|Feraligatr, M|100/100
|turn|15
|
|t:|1760332489
|move|p1a: Feraligatr|Swords Dance|p1a: Feraligatr
|-boost|p1a: Feraligatr|atk|2
|move|p2a: Garcomp|Earthquake|p1a: Feraligatr
|-damage|p1a: Feraligatr|71/100
|
|-heal|p1a: Feraligatr|77/100|[from] Grassy Terrain
|-heal|p2a: Garcomp|33/100|[from] Grassy Terrain
|upkeep
|turn|16
|
|t:|1760332496
|move|p1a: Feraligatr|Ice Punch|p2a: Garcomp
|-supereffective|p2a: Garcomp
|-damage|p2a: Garcomp|0 fnt
|-damage|p1a: Feraligatr|64/100|[from] ability: Rough Skin|[of] p2a: Garcomp
|-damage|p1a: Feraligatr|48/100|[from] item: Rocky Helmet|[of] p2a: Garcomp
|faint|p2a: Garcomp
|
|-heal|p1a: Feraligatr|54/100|[from] Grassy Terrain
|-fieldend|move: Grassy Terrain
|upkeep
|
|t:|1760332504
|switch|p2a: CircumScizor|Scizor, M|85/100
|turn|17
|
|t:|1760332510
|move|p2a: CircumScizor|Bullet Punch|p1a: Feraligatr
|-resisted|p1a: Feraligatr
|-damage|p1a: Feraligatr|36/100
|move|p1a: Feraligatr|Liquidation|p2a: CircumScizor
|-damage|p2a: CircumScizor|0 fnt
|faint|p2a: CircumScizor
|
|upkeep
|
|t:|1760332516
|switch|p2a: Suicide Bomber|Dragapult, M|100/100
|-activate|p2a: Suicide Bomber|move: Sticky Web
|-unboost|p2a: Suicide Bomber|spe|1
|turn|18
|
|t:|1760332526
|move|p2a: Suicide Bomber|Protect|p2a: Suicide Bomber
|-singleturn|p2a: Suicide Bomber|Protect
|move|p1a: Feraligatr|Crunch|p2a: Suicide Bomber
|-activate|p2a: Suicide Bomber|move: Protect
|
|upkeep
|turn|19
|
|t:|1760332532
|move|p1a: Feraligatr|Crunch|p2a: Suicide Bomber
|-supereffective|p2a: Suicide Bomber
|-damage|p2a: Suicide Bomber|0 fnt
|faint|p2a: Suicide Bomber
|
|upkeep
|
|t:|1760332536
|switch|p2a: Mahoraga|Kingambit, M|100/100
|-activate|p2a: Mahoraga|move: Sticky Web
|-unboost|p2a: Mahoraga|spe|1
|-activate|p2a: Mahoraga|ability: Supreme Overlord
|-start|p2a: Mahoraga|fallen5|[silent]
|turn|20
|
|t:|1760332541
|move|p2a: Mahoraga|Sucker Punch||[still]
|-fail|p2a: Mahoraga
|move|p1a: Feraligatr|Swords Dance|p1a: Feraligatr
|-boost|p1a: Feraligatr|atk|2
|
|upkeep
|turn|21
|
|t:|1760332546
|move|p2a: Mahoraga|Sucker Punch||[still]
|-fail|p2a: Mahoraga
|move|p1a: Feraligatr|Swords Dance|p1a: Feraligatr
|-boost|p1a: Feraligatr|atk|2
|
|upkeep
|turn|22
|
|t:|1760332551
|move|p2a: Mahoraga|Sucker Punch|p1a: Feraligatr
|-damage|p1a: Feraligatr|0 fnt
|faint|p1a: Feraligatr
|
|upkeep
|
|t:|1760332557
|switch|p1a: Araquanid|Araquanid, F|70/100
|turn|23
|
|t:|1760332560
|move|p1a: Araquanid|Surf|p2a: Mahoraga
|-damage|p2a: Mahoraga|65/100
|move|p2a: Mahoraga|Swords Dance|p2a: Mahoraga
|-boost|p2a: Mahoraga|atk|2
|
|upkeep
|turn|24
|
|t:|1760332565
|move|p2a: Mahoraga|Sucker Punch|p1a: Araquanid
|-damage|p1a: Araquanid|0 fnt
|faint|p1a: Araquanid
|
|upkeep
|
|t:|1760332567
|switch|p1a: Gholdengo|Gholdengo|100/100
|turn|25
|
|t:|1760332572
|-terastallize|p1a: Gholdengo|Flying
|move|p2a: Mahoraga|Sucker Punch|p1a: Gholdengo
|-damage|p1a: Gholdengo|0 fnt
|faint|p1a: Gholdengo
|
|win|aridxocean
|raw|jeremyk322's rating: 1133 &rarr; <strong>1105</strong><br />(-28 for losing)
|raw|aridxocean's rating: 1091 &rarr; <strong>1121</strong><br />(+30 for winning)
|c|☆aridxocean|gg
|l|☆aridxocean
|player|p2|
