|j|‽Hurdiid
|j|☆yyyywwww
|t:|1760377568
|gametype|singles
|player|p1|Hurdiid|ruinmaniac|1270
|player|p2|yyyywwww|266|1284
|gen|9
|tier|[Gen 9] OU
|rated|
|rule|HP Percentage Mod: HP is shown in percentages
|rule|Endless Battle Clause: Forcing endless battles is banned
|rule|Species Clause: Limit one of each Pokémon
|rule|OHKO Clause: OHKO moves are banned
|rule|Evasion Items Clause: Evasion items are banned
|rule|Evasion Moves Clause: Evasion moves are banned
|rule|Evasion Abilities Clause: Evasion abilities are banned
|rule|Sleep Moves Clause: Sleep-inducing moves are banned
|clearpoke
|poke|p1|Armarouge, M|
|poke|p1|Slowking-Galar, F|
|poke|p1|Iron Thorns|
|poke|p1|Great Tusk|
|poke|p1|Yanmega, M|
|poke|p1|Ribombee, F|
|poke|p2|Primarina, M|
|poke|p2|Raging Bolt|
|poke|p2|Mabosstiff, F|
|poke|p2|Ogerpon-Wellspring, F|
|poke|p2|Iron Crown|
|poke|p2|Moltres|
|teampreview
|inactive|Battle timer is ON: inactive players will automatically lose when time's up. (requested by Hurdiid)
|inactive|yyyywwww also wants the timer to be on.
|
|t:|1760377583
|teamsize|p1|6
|teamsize|p2|6
|start
|switch|p1a: Ribombee|Ribombee, F|100/100
|switch|p2a: Iron Crown|Iron Crown|100/100
|turn|1
|
|t:|1760377589
|move|p2a: Iron Crown|Tachyon Cutter|p1a: Ribombee
|-supereffective|p1a: Ribombee
|-damage|p1a: Ribombee|8/100
|-supereffective|p1a: Ribombee
|-damage|p1a: Ribombee|0 fnt
|faint|p1a: Ribombee
|-hitcount|p1: Ribombee|2
|
|upkeep
|
|t:|1760377593
|switch|p1a: Armarouge|Armarouge, M|100/100
|turn|2
|
|t:|1760377602
|-end|p2a: Iron Crown|Quark Drive|[silent]
|switch|p2a: Ogerpon|Ogerpon-Wellspring, F|100/100
|move|p1a: Armarouge|Psychic|p2a: Ogerpon
|-damage|p2a: Ogerpon|51/100
|
|upkeep
|turn|3
|
|t:|1760377629
|move|p1a: Armarouge|Endure|p1a: Armarouge
|-singleturn|p1a: Armarouge|move: Endure
|move|p2a: Ogerpon|Encore|p1a: Armarouge
|-start|p1a: Armarouge|Encore
|
|upkeep
|turn|4
|
|t:|1760377638
|switch|p1a: Yanmega|Yanmega, M|100/100
|move|p2a: Ogerpon|Ivy Cudgel|p1a: Yanmega|[anim] Ivy Cudgel Water
|-damage|p1a: Yanmega|53/100
|
|upkeep
|turn|5
|inactive|yyyywwww has 120 seconds left.
|
|t:|1760377660
|switch|p2a: Moltres|Moltres|100/100
|move|p1a: Yanmega|Bug Buzz|p2a: Moltres
|-resisted|p2a: Moltres
|-damage|p2a: Moltres|92/100
|-enditem|p1a: Yanmega|Throat Spray
|-boost|p1a: Yanmega|spa|1|[from] item: Throat Spray
|
|-ability|p1a: Yanmega|Speed Boost|boost
|-boost|p1a: Yanmega|spe|1
|upkeep
|turn|6
|inactive|yyyywwww has 120 seconds left.
|
|t:|1760377671
|move|p1a: Yanmega|Air Slash|p2a: Moltres
|-damage|p2a: Moltres|50/100
|move|p2a: Moltres|Flamethrower|p1a: Yanmega
|-supereffective|p1a: Yanmega
|-damage|p1a: Yanmega|0 fnt
|faint|p1a: Yanmega
|
|upkeep
|
|t:|1760377680
|switch|p1a: Armarouge|Armarouge, M|100/100
|turn|7
|inactive|yyyywwww has 120 seconds left.
|
|t:|1760377709
|switch|p2a: Primarina|Primarina, M|100/100
|move|p1a: Armarouge|Armor Cannon|p2a: Primarina
|-resisted|p2a: Primarina
|-damage|p2a: Primarina|72/100
|-unboost|p1a: Armarouge|def|1
|-unboost|p1a: Armarouge|spd|1
|
|upkeep
|turn|8
|
|t:|1760377721
|switch|p1a: Slowking|Slowking-Galar, F|100/100
|move|p2a: Primarina|Sparkling Aria|p1a: Slowking
|-damage|p1a: Slowking|68/100
|
|upkeep
|turn|9
|
|t:|1760377733
|switch|p2a: Mabosstiff|Mabosstiff, F|100/100
|move|p1a: Slowking|Sludge Wave|p2a: Mabosstiff
|-damage|p2a: Mabosstiff|43/100
|
|upkeep
|turn|10
|inactive|yyyywwww has 120 seconds left.
|
|t:|1760377742
|move|p2a: Mabosstiff|Psychic Fangs|p1a: Slowking
|-damage|p1a: Slowking|12/100
|move|p1a: Slowking|Sludge Wave|p2a: Mabosstiff
|-damage|p2a: Mabosstiff|0 fnt
|faint|p2a: Mabosstiff
|
|upkeep
|inactive|yyyywwww has 120 seconds left.
|
|t:|1760377751
|switch|p2a: Ogerpon|Ogerpon-Wellspring, F|51/100
|turn|11
|
|t:|1760377758
|move|p2a: Ogerpon|Ivy Cudgel|p1a: Slowking|[anim] Ivy Cudgel Water
|-damage|p1a: Slowking|0 fnt
|faint|p1a: Slowking
|
|upkeep
|
|t:|1760377761
|switch|p1a: Great Tusk|Great Tusk|100/100
|turn|12
|
|t:|1760377766
|move|p2a: Ogerpon|Ivy Cudgel|p1a: Great Tusk|[anim] Ivy Cudgel Water
|-supereffective|p1a: Great Tusk
|-damage|p1a: Great Tusk|22/100
|move|p1a: Great Tusk|Rapid Spin|p2a: Ogerpon
|-damage|p2a: Ogerpon|35/100
|-boost|p1a: Great Tusk|spe|1
|
|upkeep
|turn|13
|
|t:|1760377775
|switch|p2a: Moltres|Moltres|50/100
|move|p1a: Great Tusk|Ice Spinner|p2a: Moltres
|-damage|p2a: Moltres|31/100
|-status|p1a: Great Tusk|brn|[from] ability: Flame Body|[of] p2a: Moltres
|
|-damage|p1a: Great Tusk|15/100 brn|[from] brn
|upkeep
|turn|14
|
|t:|1760377784
|-end|p1a: Great Tusk|Protosynthesis|[silent]
|switch|p1a: Iron Thorns|Iron Thorns|100/100
|move|p2a: Moltres|Roost|p2a: Moltres
|-heal|p2a: Moltres|81/100
|-singleturn|p2a: Moltres|move: Roost
|
|upkeep
|turn|15
|
|t:|1760377794
|move|p1a: Iron Thorns|Dragon Dance|p1a: Iron Thorns
|-boost|p1a: Iron Thorns|atk|1
|-boost|p1a: Iron Thorns|spe|1
|move|p2a: Moltres|Will-O-Wisp|p1a: Iron Thorns
|-status|p1a: Iron Thorns|brn
|
|-damage|p1a: Iron Thorns|94/100 brn|[from] brn
|upkeep
|turn|16
|
|t:|1760377803
|move|p1a: Iron Thorns|Dragon Dance|p1a: Iron Thorns
|-boost|p1a: Iron Thorns|atk|1
|-boost|p1a: Iron Thorns|spe|1
|move|p2a: Moltres|U-turn|p1a: Iron Thorns
|-damage|p1a: Iron Thorns|81/100 brn
|
|t:|1760377814
|switch|p2a: Iron Crown|Iron Crown|100/100|[from] U-turn
|
|-heal|p1a: Iron Thorns|87/100 brn|[from] item: Leftovers
|-damage|p1a: Iron Thorns|81/100 brn|[from] brn
|upkeep
|turn|17
|
|t:|1760377825
|-terastallize|p2a: Iron Crown|Fighting
|move|p1a: Iron Thorns|Dragon Dance|p1a: Iron Thorns
|-boost|p1a: Iron Thorns|atk|1
|-boost|p1a: Iron Thorns|spe|1
|move|p2a: Iron Crown|Tera Blast|p1a: Iron Thorns|[anim] Tera Blast Fighting
|-supereffective|p1a: Iron Thorns
|-crit|p1a: Iron Thorns
|-damage|p1a: Iron Thorns|0 fnt
|faint|p1a: Iron Thorns
|-end|p1a: Iron Thorns|Quark Drive|[silent]
|
|upkeep
|
|t:|1760377830
|switch|p1a: Armarouge|Armarouge, M|100/100
|turn|18
|
|t:|1760377840
|-end|p2a: Iron Crown|Quark Drive|[silent]
|switch|p2a: Primarina|Primarina, M|72/100
|move|p1a: Armarouge|Psychic|p2a: Primarina
|-damage|p2a: Primarina|32/100
|-unboost|p2a: Primarina|spd|1
|
|upkeep
|turn|19
|
|t:|1760377849
|move|p1a: Armarouge|Psychic|p2a: Primarina
|-damage|p2a: Primarina|0 fnt
|faint|p2a: Primarina
|
|upkeep
|
|t:|1760377862
|switch|p2a: Raging Bolt|Raging Bolt|100/100
|turn|20
|
|t:|1760377866
|switch|p1a: Great Tusk|Great Tusk|15/100 brn
|move|p2a: Raging Bolt|Draco Meteor|p1a: Great Tusk
|-damage|p1a: Great Tusk|0 fnt
|-unboost|p2a: Raging Bolt|spa|2
|faint|p1a: Great Tusk
|-end|p1a: Great Tusk|Protosynthesis|[silent]
|
|upkeep
|
|t:|1760377868
|switch|p1a: Armarouge|Armarouge, M|100/100
|turn|21
|
|t:|1760377878
|move|p1a: Armarouge|Psychic|p2a: Raging Bolt
|-damage|p2a: Raging Bolt|76/100
|move|p2a: Raging Bolt|Volt Switch|p1a: Armarouge
|-damage|p1a: Armarouge|78/100
|
|t:|1760377890
|-end|p2a: Raging Bolt|Protosynthesis|[silent]
|switch|p2a: Iron Crown|Iron Crown, tera:Fighting|100/100|[from] Volt Switch
|
|upkeep
|turn|22
|
|t:|1760377899
|move|p2a: Iron Crown|Volt Switch|p1a: Armarouge
|-damage|p1a: Armarouge|45/100
|
|t:|1760377903
|-end|p2a: Iron Crown|Quark Drive|[silent]
|switch|p2a: Raging Bolt|Raging Bolt|76/100|[from] Volt Switch
|move|p1a: Armarouge|Psychic|p2a: Raging Bolt
|-damage|p2a: Raging Bolt|53/100
|
|upkeep
|turn|23
|-message|Hurdiid forfeited.
|
|win|yyyywwww
|raw|Hurdiid's rating: 1270 &rarr; <strong>1246</strong><br />(-24 for losing)
|raw|yyyywwww's rating: 1284 &rarr; <strong>1308</strong><br />(+24 for winning)
|l|‽Hurdiid
|player|p1|
|l|☆yyyywwww
|player|p2|
