|j|☆mistamiyagisdojo
|j|☆charizardkasparov
|t:|1760354630
|gametype|singles
|player|p1|mistamiyagisdojo|blackbelt|1263
|player|p2|charizardkasparov|2|1210
|gen|9
|tier|[Gen 9] OU
|rated|
|rule|HP Percentage Mod: HP is shown in percentages
|rule|Endless Battle Clause: Forcing endless battles is banned
|rule|Species Clause: Limit one of each Pokémon
|rule|OHKO Clause: OHKO moves are banned
|rule|Evasion Items Clause: Evasion items are banned
|rule|Evasion Moves Clause: Evasion moves are banned
|rule|Evasion Abilities Clause: Evasion abilities are banned
|rule|Sleep Moves Clause: Sleep-inducing moves are banned
|clearpoke
|poke|p1|Garchomp, F|
|poke|p1|Primarina, M|
|poke|p1|Gholdengo|
|poke|p1|Ceruledge, F|
|poke|p1|Great Tusk|
|poke|p1|Dragapult, F|
|poke|p2|Typhlosion-Hisui, M|
|poke|p2|Wo-Chien|
|poke|p2|Alomomola, F|
|poke|p2|Raging Bolt|
|poke|p2|Kingambit, M|
|poke|p2|Iron Treads|
|teampreview
|
|t:|1760354656
|teamsize|p1|6
|teamsize|p2|6
|start
|switch|p1a: Primarina|Primarina, M|100/100
|switch|p2a: Raging Bolt|Raging Bolt|100/100
|turn|1
|inactive|Battle timer is ON: inactive players will automatically lose when time's up. (requested by charizardkasparov)
|
|t:|1760354665
|switch|p1a: Gholdengo|Gholdengo, shiny|100/100
|move|p2a: Raging Bolt|Thunderclap||[still]
|-fail|p2a: Raging Bolt
|
|upkeep
|turn|2
|
|t:|1760354675
|move|p2a: Raging Bolt|Thunderclap|p1a: Gholdengo
|-damage|p1a: Gholdengo|53/100
|move|p1a: Gholdengo|Shadow Ball|p2a: Raging Bolt
|-damage|p2a: Raging Bolt|70/100
|
|-heal|p1a: Gholdengo|59/100|[from] item: Leftovers
|upkeep
|turn|3
|inactive|mistamiyagisdojo has 120 seconds left.
|
|t:|1760354706
|-end|p2a: Raging Bolt|Protosynthesis|[silent]
|switch|p2a: Wo-Chien|Wo-Chien|100/100
|-ability|p2a: Wo-Chien|Tablets of Ruin
|move|p1a: Gholdengo|Recover|p1a: Gholdengo
|-heal|p1a: Gholdengo|100/100
|
|upkeep
|turn|4
|inactive|mistamiyagisdojo has 120 seconds left.
|
|t:|1760354726
|switch|p1a: Primarina|Primarina, M|100/100
|move|p2a: Wo-Chien|Knock Off|p1a: Primarina
|-resisted|p1a: Primarina
|-damage|p1a: Primarina|86/100
|-enditem|p1a: Primarina|Choice Specs|[from] move: Knock Off|[of] p2a: Wo-Chien
|
|upkeep
|turn|5
|
|t:|1760354734
|move|p2a: Wo-Chien|Leech Seed|p1a: Primarina
|-start|p1a: Primarina|move: Leech Seed
|move|p1a: Primarina|Moonblast|p2a: Wo-Chien
|-supereffective|p2a: Wo-Chien
|-damage|p2a: Wo-Chien|51/100
|
|-heal|p2a: Wo-Chien|57/100|[from] item: Leftovers
|-damage|p1a: Primarina|74/100|[from] Leech Seed|[of] p2a: Wo-Chien
|-heal|p2a: Wo-Chien|69/100|[silent]
|upkeep
|turn|6
|
|t:|1760354744
|move|p2a: Wo-Chien|Protect|p2a: Wo-Chien
|-singleturn|p2a: Wo-Chien|Protect
|move|p1a: Primarina|Flip Turn|p2a: Wo-Chien
|-activate|p2a: Wo-Chien|move: Protect
|
|-heal|p2a: Wo-Chien|75/100|[from] item: Leftovers
|-damage|p1a: Primarina|61/100|[from] Leech Seed|[of] p2a: Wo-Chien
|-heal|p2a: Wo-Chien|87/100|[silent]
|upkeep
|turn|7
|
|t:|1760354754
|move|p2a: Wo-Chien|Ruination|p1a: Primarina
|-damage|p1a: Primarina|31/100
|move|p1a: Primarina|Moonblast|p2a: Wo-Chien
|-supereffective|p2a: Wo-Chien
|-crit|p2a: Wo-Chien
|-damage|p2a: Wo-Chien|19/100
|
|-heal|p2a: Wo-Chien|25/100|[from] item: Leftovers
|-damage|p1a: Primarina|19/100|[from] Leech Seed|[of] p2a: Wo-Chien
|-heal|p2a: Wo-Chien|37/100|[silent]
|upkeep
|turn|8
|
|t:|1760354765
|switch|p1a: Ceruledge|Ceruledge, F|100/100
|move|p2a: Wo-Chien|Protect||[still]
|-fail|p2a: Wo-Chien
|
|-heal|p2a: Wo-Chien|44/100|[from] item: Leftovers
|upkeep
|turn|9
|
|t:|1760354774
|switch|p2a: Alomomola|Alomomola, F|100/100
|move|p1a: Ceruledge|Bitter Blade|p2a: Alomomola
|-resisted|p2a: Alomomola
|-damage|p2a: Alomomola|89/100
|-damage|p1a: Ceruledge|84/100|[from] item: Rocky Helmet|[of] p2a: Alomomola
|
|upkeep
|turn|10
|
|t:|1760354782
|switch|p1a: Garchomp|Garchomp, F|100/100
|move|p2a: Alomomola|Wish|p2a: Alomomola
|
|upkeep
|turn|11
|
|t:|1760354791
|move|p1a: Garchomp|Stealth Rock|p2a: Alomomola
|-sidestart|p2: charizardkasparov|move: Stealth Rock
|move|p2a: Alomomola|Flip Turn|p1a: Garchomp
|-damage|p1a: Garchomp|90/100
|-damage|p2a: Alomomola|77/100|[from] ability: Rough Skin|[of] p1a: Garchomp
|-damage|p2a: Alomomola|60/100|[from] item: Rocky Helmet|[of] p1a: Garchomp
|
|t:|1760354799
|switch|p2a: Wo-Chien|Wo-Chien|44/100|[from] Flip Turn
|-damage|p2a: Wo-Chien|31/100|[from] Stealth Rock
|-ability|p2a: Wo-Chien|Tablets of Ruin
|
|-heal|p2a: Wo-Chien|100/100|[from] move: Wish|[wisher] Alomomola
|upkeep
|turn|12
|
|t:|1760354810
|switch|p1a: Primarina|Primarina, M|19/100
|move|p2a: Wo-Chien|Leech Seed|p1a: Primarina
|-start|p1a: Primarina|move: Leech Seed
|
|-damage|p1a: Primarina|6/100|[from] Leech Seed|[of] p2a: Wo-Chien
|upkeep
|turn|13
|
|t:|1760354819
|switch|p1a: Great Tusk|Great Tusk|100/100
|move|p2a: Wo-Chien|Protect||[still]
|-fail|p2a: Wo-Chien
|
|upkeep
|turn|14
|
|t:|1760354825
|move|p1a: Great Tusk|Body Press|p2a: Wo-Chien
|-supereffective|p2a: Wo-Chien
|-damage|p2a: Wo-Chien|46/100
|move|p2a: Wo-Chien|Leech Seed|p1a: Great Tusk
|-start|p1a: Great Tusk|move: Leech Seed
|
|-heal|p2a: Wo-Chien|52/100|[from] item: Leftovers
|-damage|p1a: Great Tusk|88/100|[from] Leech Seed|[of] p2a: Wo-Chien
|-heal|p2a: Wo-Chien|67/100|[silent]
|upkeep
|turn|15
|inactive|mistamiyagisdojo has 120 seconds left.
|
|t:|1760354861
|move|p2a: Wo-Chien|Protect|p2a: Wo-Chien
|-singleturn|p2a: Wo-Chien|Protect
|move|p1a: Great Tusk|Rapid Spin|p2a: Wo-Chien
|-activate|p2a: Wo-Chien|move: Protect
|
|-heal|p2a: Wo-Chien|73/100|[from] item: Leftovers
|-damage|p1a: Great Tusk|76/100|[from] Leech Seed|[of] p2a: Wo-Chien
|-heal|p2a: Wo-Chien|87/100|[silent]
|upkeep
|turn|16
|inactive|mistamiyagisdojo has 120 seconds left.
|
|t:|1760354872
|move|p1a: Great Tusk|Knock Off|p2a: Wo-Chien
|-resisted|p2a: Wo-Chien
|-damage|p2a: Wo-Chien|79/100
|-enditem|p2a: Wo-Chien|Leftovers|[from] move: Knock Off|[of] p1a: Great Tusk
|move|p2a: Wo-Chien|Ruination|p1a: Great Tusk
|-damage|p1a: Great Tusk|38/100
|
|-damage|p1a: Great Tusk|26/100|[from] Leech Seed|[of] p2a: Wo-Chien
|-heal|p2a: Wo-Chien|93/100|[silent]
|upkeep
|turn|17
|
|t:|1760354888
|-end|p1a: Great Tusk|Protosynthesis|[silent]
|switch|p1a: Primarina|Primarina, M|6/100
|move|p2a: Wo-Chien|Protect||[still]
|-fail|p2a: Wo-Chien
|
|upkeep
|turn|18
|
|t:|1760354895
|switch|p2a: Iron Treads|Iron Treads|100/100
|-damage|p2a: Iron Treads|97/100|[from] Stealth Rock
|move|p1a: Primarina|Moonblast|p2a: Iron Treads
|-resisted|p2a: Iron Treads
|-damage|p2a: Iron Treads|79/100
|
|upkeep
|turn|19
|
|t:|1760354903
|switch|p1a: Garchomp|Garchomp, F|90/100
|move|p2a: Iron Treads|Rapid Spin|p1a: Garchomp
|-damage|p1a: Garchomp|83/100
|-boost|p2a: Iron Treads|spe|1
|-damage|p2a: Iron Treads|67/100|[from] ability: Rough Skin|[of] p1a: Garchomp
|-damage|p2a: Iron Treads|50/100|[from] item: Rocky Helmet|[of] p1a: Garchomp
|-sideend|p2: charizardkasparov|Stealth Rock|[from] move: Rapid Spin|[of] p2a: Iron Treads
|
|upkeep
|turn|20
|
|t:|1760354917
|-end|p2a: Iron Treads|Quark Drive|[silent]
|switch|p2a: Alomomola|Alomomola, F|93/100
|switch|p1a: Primarina|Primarina, M|6/100
|
|upkeep
|turn|21
|
|t:|1760354931
|move|p1a: Primarina|Psychic Noise|p2a: Alomomola
|-resisted|p2a: Alomomola
|-damage|p2a: Alomomola|71/100
|-start|p2a: Alomomola|move: Heal Block
|move|p2a: Alomomola|Flip Turn|p1a: Primarina
|-resisted|p1a: Primarina
|-damage|p1a: Primarina|0 fnt
|faint|p1a: Primarina
|
|t:|1760354953
|switch|p2a: Raging Bolt|Raging Bolt|70/100|[from] Flip Turn
|
|upkeep
|inactive|mistamiyagisdojo has 120 seconds left.
|
|t:|1760355013
|switch|p1a: Gholdengo|Gholdengo, shiny|100/100
|turn|22
|
|t:|1760355023
|move|p1a: Gholdengo|Shadow Ball|p2a: Raging Bolt
|-damage|p2a: Raging Bolt|42/100
|-unboost|p2a: Raging Bolt|spd|1
|move|p2a: Raging Bolt|Volt Switch|p1a: Gholdengo
|-damage|p1a: Gholdengo|53/100
|
|t:|1760355030
|-end|p2a: Raging Bolt|Protosynthesis|[silent]
|switch|p2a: Typhlosion|Typhlosion-Hisui, M|100/100|[from] Volt Switch
|
|-heal|p1a: Gholdengo|59/100|[from] item: Leftovers
|upkeep
|turn|23
|
|t:|1760355054
|move|p2a: Typhlosion|Shadow Ball|p1a: Gholdengo
|-supereffective|p1a: Gholdengo
|-damage|p1a: Gholdengo|1/100
|-unboost|p1a: Gholdengo|spd|1
|move|p1a: Gholdengo|Shadow Ball|p2a: Typhlosion
|-supereffective|p2a: Typhlosion
|-damage|p2a: Typhlosion|4/100
|-unboost|p2a: Typhlosion|spd|1
|
|-heal|p1a: Gholdengo|7/100|[from] item: Leftovers
|upkeep
|turn|24
|
|t:|1760355073
|move|p2a: Typhlosion|Shadow Ball|p1a: Gholdengo
|-supereffective|p1a: Gholdengo
|-damage|p1a: Gholdengo|0 fnt
|faint|p1a: Gholdengo
|
|upkeep
|
|t:|1760355076
|switch|p1a: Ceruledge|Ceruledge, F|84/100
|turn|25
|
|t:|1760355081
|switch|p2a: Alomomola|Alomomola, F|100/100
|move|p1a: Ceruledge|Shadow Sneak|p2a: Alomomola
|-crit|p2a: Alomomola
|-damage|p2a: Alomomola|84/100
|-damage|p1a: Ceruledge|68/100|[from] item: Rocky Helmet|[of] p2a: Alomomola
|
|upkeep
|turn|26
|
|t:|1760355089
|switch|p1a: Garchomp|Garchomp, F|83/100
|move|p2a: Alomomola|Flip Turn|p1a: Garchomp
|-damage|p1a: Garchomp|74/100
|-damage|p2a: Alomomola|71/100|[from] ability: Rough Skin|[of] p1a: Garchomp
|-damage|p2a: Alomomola|55/100|[from] item: Rocky Helmet|[of] p1a: Garchomp
|
|t:|1760355102
|switch|p2a: Typhlosion|Typhlosion-Hisui, M|4/100|[from] Flip Turn
|
|upkeep
|turn|27
|
|t:|1760355109
|move|p2a: Typhlosion|Shadow Ball|p1a: Garchomp
|-damage|p1a: Garchomp|37/100
|-unboost|p1a: Garchomp|spd|1
|move|p1a: Garchomp|Earthquake|p2a: Typhlosion
|-supereffective|p2a: Typhlosion
|-damage|p2a: Typhlosion|0 fnt
|faint|p2a: Typhlosion
|
|upkeep
|
|t:|1760355128
|switch|p2a: Alomomola|Alomomola, F|88/100
|turn|28
|
|t:|1760355132
|move|p1a: Garchomp|Stealth Rock|p2a: Alomomola
|-sidestart|p2: charizardkasparov|move: Stealth Rock
|move|p2a: Alomomola|Scald|p1a: Garchomp
|-damage|p1a: Garchomp|19/100
|-status|p1a: Garchomp|brn
|
|-damage|p1a: Garchomp|13/100 brn|[from] brn
|upkeep
|turn|29
|
|t:|1760355142
|move|p2a: Alomomola|Wish|p2a: Alomomola
|move|p1a: Garchomp|Dragon Tail|p2a: Alomomola
|-damage|p2a: Alomomola|82/100
|-damage|p1a: Garchomp|0 fnt|[from] item: Rocky Helmet|[of] p2a: Alomomola
|faint|p1a: Garchomp
|drag|p2a: Kingambit|Kingambit, M|100/100
|-damage|p2a: Kingambit|94/100|[from] Stealth Rock
|-activate|p2a: Kingambit|ability: Supreme Overlord
|-start|p2a: Kingambit|fallen1|[silent]
|
|upkeep
|
|t:|1760355148
|switch|p1a: Great Tusk|Great Tusk|26/100
|turn|30
|
|t:|1760355158
|-end|p2a: Kingambit|fallen1|[silent]
|switch|p2a: Alomomola|Alomomola, F|100/100
|-damage|p2a: Alomomola|88/100|[from] Stealth Rock
|move|p1a: Great Tusk|Body Press|p2a: Alomomola
|-damage|p2a: Alomomola|65/100
|-damage|p1a: Great Tusk|9/100|[from] item: Rocky Helmet|[of] p2a: Alomomola
|
|-heal|p2a: Alomomola|100/100|[from] move: Wish|[wisher] Alomomola
|upkeep
|turn|31
|-message|mistamiyagisdojo forfeited.
|
|win|charizardkasparov
|raw|mistamiyagisdojo's rating: 1263 &rarr; <strong>1234</strong><br />(-29 for losing)
|raw|charizardkasparov's rating: 1210 &rarr; <strong>1239</strong><br />(+29 for winning)
|l|☆mistamiyagisdojo
|player|p1|
|l|☆charizardkasparov
|player|p2|
