|j|☆Andrewtre
|j|☆THC CTE gang gang
|t:|1760456375
|gametype|singles
|player|p1|Andrewtre|psychic|1192
|player|p2|THC CTE gang gang|harlequin|1203
|gen|9
|tier|[Gen 9] OU
|rated|
|rule|HP Percentage Mod: HP is shown in percentages
|rule|Endless Battle Clause: Forcing endless battles is banned
|rule|Species Clause: Limit one of each Pokémon
|rule|OHKO Clause: OHKO moves are banned
|rule|Evasion Items Clause: Evasion items are banned
|rule|Evasion Moves Clause: Evasion moves are banned
|rule|Evasion Abilities Clause: Evasion abilities are banned
|rule|Sleep Moves Clause: Sleep-inducing moves are banned
|clearpoke
|poke|p1|Gyarados, M|
|poke|p1|Corviknight, M|
|poke|p1|Dragonite, F|
|poke|p1|Gliscor, M|
|poke|p1|Delibird, M|
|poke|p1|Mandibuzz, F|
|poke|p2|Gliscor, F|
|poke|p2|Great Tusk|
|poke|p2|Dragapult, F|
|poke|p2|Azumarill, M|
|poke|p2|Cinderace, M|
|poke|p2|Tyranitar, F|
|teampreview
|inactive|Battle timer is ON: inactive players will automatically lose when time's up. (requested by Andrewtre)
|
|t:|1760456390
|teamsize|p1|6
|teamsize|p2|6
|start
|switch|p1a: Delibird|Delibird, M|100/100
|switch|p2a: Dragapult|Dragapult, F, shiny|100/100
|turn|1
|
|t:|1760456399
|move|p2a: Dragapult|U-turn|p1a: Delibird
|-resisted|p1a: Delibird
|-damage|p1a: Delibird|83/100
|
|t:|1760456402
|switch|p2a: Tyranitar|Tyranitar, F|100/100|[from] U-turn
|-weather|Sandstorm|[from] ability: Sand Stream|[of] p2a: Tyranitar
|move|p1a: Delibird|Spikes|p2a: Tyranitar
|-sidestart|p2: THC CTE gang gang|Spikes
|
|-weather|Sandstorm|[upkeep]
|-damage|p1a: Delibird|77/100|[from] Sandstorm
|upkeep
|turn|2
|
|t:|1760456411
|move|p1a: Delibird|Spikes|p2a: Tyranitar
|-sidestart|p2: THC CTE gang gang|Spikes
|move|p2a: Tyranitar|Dragon Dance|p2a: Tyranitar
|-boost|p2a: Tyranitar|atk|1
|-boost|p2a: Tyranitar|spe|1
|
|-weather|Sandstorm|[upkeep]
|-damage|p1a: Delibird|71/100|[from] Sandstorm
|upkeep
|turn|3
|
|t:|1760456432
|move|p2a: Tyranitar|Dragon Dance|p2a: Tyranitar
|-boost|p2a: Tyranitar|atk|1
|-boost|p2a: Tyranitar|spe|1
|move|p1a: Delibird|Memento|p2a: Tyranitar
|-unboost|p2a: Tyranitar|atk|2
|-unboost|p2a: Tyranitar|spa|2
|faint|p1a: Delibird
|
|-weather|Sandstorm|[upkeep]
|upkeep
|inactive|Andrewtre has 120 seconds left.
|
|t:|1760456459
|switch|p1a: Corviknight|Corviknight, M|100/100
|-ability|p1a: Corviknight|Pressure
|turn|4
|
|t:|1760456469
|switch|p2a: Gliscor|Gliscor, F, shiny|100/100
|move|p1a: Corviknight|Brave Bird|p2a: Gliscor
|-damage|p2a: Gliscor|73/100
|-damage|p1a: Corviknight|92/100|[from] Recoil
|
|-weather|Sandstorm|[upkeep]
|-status|p2a: Gliscor|tox|[from] item: Toxic Orb
|upkeep
|turn|5
|inactive|Andrewtre has 120 seconds left.
|
|t:|1760456479
|switch|p1a: Gliscor|Gliscor, M|100/100
|move|p2a: Gliscor|Spikes|p1a: Gliscor
|-sidestart|p1: Andrewtre|Spikes
|
|-weather|none
|-heal|p2a: Gliscor|86/100 tox|[from] ability: Poison Heal
|-status|p1a: Gliscor|tox|[from] item: Toxic Orb
|upkeep
|turn|6
|inactive|Andrewtre has 120 seconds left.
|
|t:|1760456490
|move|p2a: Gliscor|Spikes|p1a: Gliscor
|-sidestart|p1: Andrewtre|Spikes
|move|p1a: Gliscor|Stealth Rock|p2a: Gliscor
|-sidestart|p2: THC CTE gang gang|move: Stealth Rock
|
|-heal|p2a: Gliscor|98/100 tox|[from] ability: Poison Heal
|upkeep
|turn|7
|
|t:|1760456500
|switch|p2a: Great Tusk|Great Tusk|100/100
|-damage|p2a: Great Tusk|84/100|[from] Spikes
|-damage|p2a: Great Tusk|81/100|[from] Stealth Rock
|move|p1a: Gliscor|Knock Off|p2a: Great Tusk
|-resisted|p2a: Great Tusk
|-damage|p2a: Great Tusk|74/100
|-enditem|p2a: Great Tusk|Leftovers|[from] move: Knock Off|[of] p1a: Gliscor
|
|upkeep
|turn|8
|
|t:|1760456509
|move|p2a: Great Tusk|Rapid Spin|p1a: Gliscor
|-damage|p1a: Gliscor|85/100 tox
|-boost|p2a: Great Tusk|spe|1
|-sideend|p2: THC CTE gang gang|Spikes|[from] move: Rapid Spin|[of] p2a: Great Tusk
|-sideend|p2: THC CTE gang gang|Stealth Rock|[from] move: Rapid Spin|[of] p2a: Great Tusk
|move|p1a: Gliscor|Toxic|p2a: Great Tusk
|-status|p2a: Great Tusk|tox
|
|-damage|p2a: Great Tusk|68/100 tox|[from] psn
|-heal|p1a: Gliscor|97/100 tox|[from] ability: Poison Heal
|upkeep
|turn|9
|
|t:|1760456519
|move|p1a: Gliscor|Protect|p1a: Gliscor
|-singleturn|p1a: Gliscor|Protect
|move|p2a: Great Tusk|Stealth Rock|p1a: Gliscor
|-sidestart|p1: Andrewtre|move: Stealth Rock
|
|-damage|p2a: Great Tusk|55/100 tox|[from] psn
|-heal|p1a: Gliscor|100/100 tox|[from] ability: Poison Heal
|upkeep
|turn|10
|
|t:|1760456537
|move|p2a: Great Tusk|Rapid Spin|p1a: Gliscor
|-damage|p1a: Gliscor|87/100 tox
|-boost|p2a: Great Tusk|spe|1
|move|p1a: Gliscor|Stealth Rock|p2a: Great Tusk
|-sidestart|p2: THC CTE gang gang|move: Stealth Rock
|
|-damage|p2a: Great Tusk|37/100 tox|[from] psn
|-heal|p1a: Gliscor|99/100 tox|[from] ability: Poison Heal
|upkeep
|turn|11
|
|t:|1760456547
|move|p1a: Gliscor|Protect|p1a: Gliscor
|-singleturn|p1a: Gliscor|Protect
|move|p2a: Great Tusk|Rapid Spin|p1a: Gliscor
|-activate|p1a: Gliscor|move: Protect
|
|-damage|p2a: Great Tusk|12/100 tox|[from] psn
|-heal|p1a: Gliscor|100/100 tox|[from] ability: Poison Heal
|upkeep
|turn|12
|
|t:|1760456558
|move|p2a: Great Tusk|Rapid Spin|p1a: Gliscor
|-damage|p1a: Gliscor|85/100 tox
|-boost|p2a: Great Tusk|spe|1
|-sideend|p2: THC CTE gang gang|Stealth Rock|[from] move: Rapid Spin|[of] p2a: Great Tusk
|move|p1a: Gliscor|Stealth Rock|p2a: Great Tusk
|-sidestart|p2: THC CTE gang gang|move: Stealth Rock
|
|-damage|p2a: Great Tusk|0 fnt|[from] psn
|faint|p2a: Great Tusk
|-end|p2a: Great Tusk|Protosynthesis|[silent]
|-heal|p1a: Gliscor|98/100 tox|[from] ability: Poison Heal
|upkeep
|
|t:|1760456570
|switch|p2a: Azumarill|Azumarill, M|100/100
|-damage|p2a: Azumarill|88/100|[from] Stealth Rock
|turn|13
|
|t:|1760456578
|-terastallize|p1a: Gliscor|Water
|move|p1a: Gliscor|Toxic|p2a: Azumarill
|-status|p2a: Azumarill|tox
|move|p2a: Azumarill|Ice Spinner|p1a: Gliscor
|-resisted|p1a: Gliscor
|-damage|p1a: Gliscor|84/100 tox
|
|-heal|p1a: Gliscor|97/100 tox|[from] ability: Poison Heal
|-damage|p2a: Azumarill|82/100 tox|[from] psn
|upkeep
|turn|14
|
|t:|1760456590
|switch|p1a: Corviknight|Corviknight, M|92/100
|-damage|p1a: Corviknight|80/100|[from] Stealth Rock
|-ability|p1a: Corviknight|Pressure
|move|p2a: Azumarill|Belly Drum|p2a: Azumarill
|-damage|p2a: Azumarill|32/100 tox
|-setboost|p2a: Azumarill|atk|6|[from] move: Belly Drum
|-enditem|p2a: Azumarill|Sitrus Berry|[eat]
|-heal|p2a: Azumarill|57/100 tox|[from] item: Sitrus Berry
|
|-damage|p2a: Azumarill|45/100 tox|[from] psn
|upkeep
|turn|15
|
|t:|1760456604
|move|p2a: Azumarill|Aqua Jet|p1a: Corviknight
|-damage|p1a: Corviknight|16/100
|-damage|p2a: Azumarill|28/100 tox|[from] item: Rocky Helmet|[of] p1a: Corviknight
|move|p1a: Corviknight|Defog|p2a: Azumarill
|-unboost|p2a: Azumarill|evasion|1
|-sideend|p2: THC CTE gang gang|Stealth Rock|[from] move: Defog|[of] p1a: Corviknight
|-sideend|p1: Andrewtre|Spikes|[from] move: Defog|[of] p1a: Corviknight
|-sideend|p1: Andrewtre|Stealth Rock|[from] move: Defog|[of] p1a: Corviknight
|
|-damage|p2a: Azumarill|10/100 tox|[from] psn
|upkeep
|turn|16
|
|t:|1760456614
|move|p2a: Azumarill|Aqua Jet|p1a: Corviknight
|-damage|p1a: Corviknight|0 fnt
|-damage|p2a: Azumarill|0 fnt|[from] item: Rocky Helmet|[of] p1a: Corviknight
|faint|p1a: Corviknight
|faint|p2a: Azumarill
|
|upkeep
|
|t:|1760456623
|switch|p1a: Gliscor|Gliscor, M, tera:Water|97/100 tox
|switch|p2a: Dragapult|Dragapult, F, shiny|100/100
|turn|17
|
|t:|1760456629
|move|p2a: Dragapult|U-turn|p1a: Gliscor
|-damage|p1a: Gliscor|82/100 tox
|
|t:|1760456635
|switch|p2a: Cinderace|Cinderace, M, shiny|100/100|[from] U-turn
|move|p1a: Gliscor|Stealth Rock|p2a: Cinderace
|-sidestart|p2: THC CTE gang gang|move: Stealth Rock
|
|-heal|p1a: Gliscor|95/100 tox|[from] ability: Poison Heal
|upkeep
|turn|18
|
|t:|1760456657
|move|p2a: Cinderace|Court Change|p2a: Cinderace
|-start|p2a: Cinderace|typechange|Normal|[from] ability: Libero
|-swapsideconditions
|-activate|p2a: Cinderace|move: Court Change
|move|p1a: Gliscor|Knock Off|p2a: Cinderace
|-damage|p2a: Cinderace|72/100
|-enditem|p2a: Cinderace|Figy Berry|[from] move: Knock Off|[of] p1a: Gliscor
|
|-heal|p1a: Gliscor|100/100 tox|[from] ability: Poison Heal
|upkeep
|turn|19
|
|t:|1760456667
|move|p2a: Cinderace|Acrobatics|p1a: Gliscor
|-damage|p1a: Gliscor|70/100 tox
|move|p1a: Gliscor|Stealth Rock|p2a: Cinderace
|-sidestart|p2: THC CTE gang gang|move: Stealth Rock
|
|-heal|p1a: Gliscor|83/100 tox|[from] ability: Poison Heal
|upkeep
|turn|20
|
|t:|1760456677
|move|p2a: Cinderace|Acrobatics|p1a: Gliscor
|-damage|p1a: Gliscor|52/100 tox
|move|p1a: Gliscor|Toxic|p2a: Cinderace
|-status|p2a: Cinderace|tox
|
|-damage|p2a: Cinderace|66/100 tox|[from] psn
|-heal|p1a: Gliscor|64/100 tox|[from] ability: Poison Heal
|upkeep
|turn|21
|
|t:|1760456700
|move|p2a: Cinderace|Acrobatics|p1a: Gliscor
|-damage|p1a: Gliscor|33/100 tox
|move|p1a: Gliscor|Knock Off|p2a: Cinderace
|-damage|p2a: Cinderace|46/100 tox
|
|-damage|p2a: Cinderace|34/100 tox|[from] psn
|-heal|p1a: Gliscor|46/100 tox|[from] ability: Poison Heal
|upkeep
|turn|22
|
|t:|1760456710
|switch|p2a: Dragapult|Dragapult, F, shiny|100/100
|-damage|p2a: Dragapult|88/100|[from] Stealth Rock
|move|p1a: Gliscor|Protect||[still]
|-fail|p1a: Gliscor
|
|-heal|p1a: Gliscor|58/100 tox|[from] ability: Poison Heal
|upkeep
|turn|23
|
|t:|1760456720
|move|p2a: Dragapult|Draco Meteor|p1a: Gliscor
|-damage|p1a: Gliscor|0 fnt
|-unboost|p2a: Dragapult|spa|2
|faint|p1a: Gliscor
|
|upkeep
|
|t:|1760456728
|switch|p1a: Gyarados|Gyarados, M|100/100
|-damage|p1a: Gyarados|76/100|[from] Stealth Rock
|turn|24
|
|t:|1760456736
|switch|p2a: Gliscor|Gliscor, F, shiny|98/100 tox
|-damage|p2a: Gliscor|86/100 tox|[from] Stealth Rock
|move|p1a: Gyarados|Scale Shot|p2a: Gliscor
|-damage|p2a: Gliscor|78/100 tox
|-damage|p2a: Gliscor|71/100 tox
|-hitcount|p2a: Gliscor|2
|-unboost|p1a: Gyarados|def|1
|-boost|p1a: Gyarados|spe|1
|
|-heal|p1a: Gyarados|82/100|[from] item: Leftovers
|-heal|p2a: Gliscor|84/100 tox|[from] ability: Poison Heal
|upkeep
|turn|25
|
|t:|1760456750
|move|p1a: Gyarados|Waterfall|p2a: Gliscor
|-supereffective|p2a: Gliscor
|-damage|p2a: Gliscor|17/100 tox
|move|p2a: Gliscor|Toxic|p1a: Gyarados
|-status|p1a: Gyarados|tox
|
|-heal|p1a: Gyarados|88/100 tox|[from] item: Leftovers
|-damage|p1a: Gyarados|82/100 tox|[from] psn
|-heal|p2a: Gliscor|30/100 tox|[from] ability: Poison Heal
|upkeep
|turn|26
|
|t:|1760456760
|move|p2a: Gliscor|Protect|p2a: Gliscor
|-singleturn|p2a: Gliscor|Protect
|move|p1a: Gyarados|Dragon Dance|p1a: Gyarados
|-boost|p1a: Gyarados|atk|1
|-boost|p1a: Gyarados|spe|1
|
|-heal|p1a: Gyarados|88/100 tox|[from] item: Leftovers
|-damage|p1a: Gyarados|76/100 tox|[from] psn
|-heal|p2a: Gliscor|42/100 tox|[from] ability: Poison Heal
|upkeep
|turn|27
|
|t:|1760456770
|move|p2a: Gliscor|Protect|p2a: Gliscor
|-singleturn|p2a: Gliscor|Protect
|move|p1a: Gyarados|Waterfall|p2a: Gliscor
|-activate|p2a: Gliscor|move: Protect
|
|-heal|p1a: Gyarados|82/100 tox|[from] item: Leftovers
|-damage|p1a: Gyarados|64/100 tox|[from] psn
|-heal|p2a: Gliscor|55/100 tox|[from] ability: Poison Heal
|upkeep
|turn|28
|
|t:|1760456787
|switch|p2a: Cinderace|Cinderace, M, shiny|34/100 tox
|-damage|p2a: Cinderace|9/100 tox|[from] Stealth Rock
|move|p1a: Gyarados|Waterfall|p2a: Cinderace
|-supereffective|p2a: Cinderace
|-damage|p2a: Cinderace|0 fnt
|faint|p2a: Cinderace
|-ability|p1a: Gyarados|Moxie|boost
|-boost|p1a: Gyarados|atk|1
|
|-heal|p1a: Gyarados|70/100 tox|[from] item: Leftovers
|-damage|p1a: Gyarados|46/100 tox|[from] psn
|upkeep
|
|t:|1760456800
|switch|p2a: Gliscor|Gliscor, F, shiny|55/100 tox
|-damage|p2a: Gliscor|42/100 tox|[from] Stealth Rock
|turn|29
|
|t:|1760456804
|move|p2a: Gliscor|Protect|p2a: Gliscor
|-singleturn|p2a: Gliscor|Protect
|move|p1a: Gyarados|Dragon Dance|p1a: Gyarados
|-boost|p1a: Gyarados|atk|1
|-boost|p1a: Gyarados|spe|1
|
|-heal|p1a: Gyarados|52/100 tox|[from] item: Leftovers
|-damage|p1a: Gyarados|21/100 tox|[from] psn
|-heal|p2a: Gliscor|55/100 tox|[from] ability: Poison Heal
|upkeep
|turn|30
|
|t:|1760456814
|move|p2a: Gliscor|Protect||[still]
|-fail|p2a: Gliscor
|move|p1a: Gyarados|Waterfall|p2a: Gliscor
|-supereffective|p2a: Gliscor
|-damage|p2a: Gliscor|0 fnt
|faint|p2a: Gliscor
|-ability|p1a: Gyarados|Moxie|boost
|-boost|p1a: Gyarados|atk|1
|
|-heal|p1a: Gyarados|27/100 tox|[from] item: Leftovers
|-damage|p1a: Gyarados|0 fnt|[from] psn
|faint|p1a: Gyarados
|upkeep
|
|t:|1760456827
|switch|p1a: Mandibuzz|Mandibuzz, F|100/100
|switch|p2a: Dragapult|Dragapult, F, shiny|88/100
|-damage|p2a: Dragapult|76/100|[from] Stealth Rock
|turn|31
|
|t:|1760456838
|move|p2a: Dragapult|Draco Meteor|p1a: Mandibuzz|[miss]
|-miss|p2a: Dragapult|p1a: Mandibuzz
|move|p1a: Mandibuzz|Foul Play|p2a: Dragapult
|-supereffective|p2a: Dragapult
|-damage|p2a: Dragapult|0 fnt
|faint|p2a: Dragapult
|
|upkeep
|
|t:|1760456845
|switch|p2a: Tyranitar|Tyranitar, F|100/100
|-damage|p2a: Tyranitar|88/100|[from] Stealth Rock
|-weather|Sandstorm|[from] ability: Sand Stream|[of] p2a: Tyranitar
|turn|32
|
|t:|1760456851
|move|p1a: Mandibuzz|Toxic|p2a: Tyranitar
|-status|p2a: Tyranitar|tox
|move|p2a: Tyranitar|Dragon Dance|p2a: Tyranitar
|-boost|p2a: Tyranitar|atk|1
|-boost|p2a: Tyranitar|spe|1
|
|-weather|Sandstorm|[upkeep]
|-damage|p2a: Tyranitar|82/100 tox|[from] psn
|upkeep
|turn|33
|
|t:|1760456861
|move|p2a: Tyranitar|Rock Blast|p1a: Mandibuzz
|-supereffective|p1a: Mandibuzz
|-damage|p1a: Mandibuzz|78/100
|-supereffective|p1a: Mandibuzz
|-crit|p1a: Mandibuzz
|-damage|p1a: Mandibuzz|42/100
|-supereffective|p1a: Mandibuzz
|-damage|p1a: Mandibuzz|18/100
|-supereffective|p1a: Mandibuzz
|-damage|p1a: Mandibuzz|0 fnt
|faint|p1a: Mandibuzz
|-hitcount|p1: Mandibuzz|4
|
|-weather|Sandstorm|[upkeep]
|-damage|p2a: Tyranitar|70/100 tox|[from] psn
|upkeep
|
|t:|1760456873
|switch|p1a: Dragonite|Dragonite, F, shiny|100/100
|turn|34
|
|t:|1760456882
|-terastallize|p2a: Tyranitar|Ghost
|move|p2a: Tyranitar|Rock Blast|p1a: Dragonite
|-supereffective|p1a: Dragonite
|-damage|p1a: Dragonite|78/100
|-supereffective|p1a: Dragonite
|-damage|p1a: Dragonite|31/100
|-supereffective|p1a: Dragonite
|-damage|p1a: Dragonite|0 fnt
|faint|p1a: Dragonite
|-hitcount|p1: Dragonite|3
|
|win|THC CTE gang gang
|raw|Andrewtre's rating: 1192 &rarr; <strong>1168</strong><br />(-24 for losing)
|raw|THC CTE gang gang's rating: 1203 &rarr; <strong>1227</strong><br />(+24 for winning)
|l|☆Andrewtre
|player|p1|
