|j|☆great team haver
|j|☆marching_cubes
|t:|1760415316
|gametype|singles
|player|p1|great team haver|skierf|1446
|player|p2|marching_cubes|169|1447
|gen|9
|tier|[Gen 9] OU
|rated|
|rule|HP Percentage Mod: HP is shown in percentages
|rule|Endless Battle Clause: Forcing endless battles is banned
|rule|Species Clause: Limit one of each Pokémon
|rule|OHKO Clause: OHKO moves are banned
|rule|Evasion Items Clause: Evasion items are banned
|rule|Evasion Moves Clause: Evasion moves are banned
|rule|Evasion Abilities Clause: Evasion abilities are banned
|rule|Sleep Moves Clause: Sleep-inducing moves are banned
|clearpoke
|poke|p1|Corviknight, M|
|poke|p1|Dusclops, M|
|poke|p1|Garganacl, M|
|poke|p1|Alomomola, M|
|poke|p1|Raikou|
|poke|p1|Fezandipiti, M|
|poke|p2|Wo-Chien|
|poke|p2|Gholdengo|
|poke|p2|Garchomp, F|
|poke|p2|Iron Treads|
|poke|p2|Dragapult, F|
|poke|p2|Scizor, F|
|teampreview
|inactive|Battle timer is ON: inactive players will automatically lose when time's up. (requested by great team haver)
|
|t:|1760415332
|teamsize|p1|6
|teamsize|p2|6
|start
|switch|p1a: Dusclops|Dusclops, M|100/100
|switch|p2a: Garchomp|Garchomp, F|100/100
|-ability|p1a: Dusclops|Pressure
|turn|1
|
|t:|1760415336
|move|p2a: Garchomp|Stealth Rock|p1a: Dusclops
|-sidestart|p1: great team haver|move: Stealth Rock
|move|p1a: Dusclops|Night Shade|p2a: Garchomp
|-damage|p2a: Garchomp|77/100
|
|upkeep
|turn|2
|
|t:|1760415344
|move|p2a: Garchomp|Spikes|p1a: Dusclops
|-sidestart|p1: great team haver|Spikes
|move|p1a: Dusclops|Night Shade|p2a: Garchomp
|-damage|p2a: Garchomp|53/100
|
|upkeep
|turn|3
|
|t:|1760415356
|switch|p2a: Gholdengo|Gholdengo|100/100
|move|p1a: Dusclops|Night Shade|p2a: Gholdengo
|-damage|p2a: Gholdengo|74/100
|
|upkeep
|turn|4
|
|t:|1760415360
|-terastallize|p1a: Dusclops|Normal
|move|p2a: Gholdengo|Shadow Ball|p1a: Dusclops
|-immune|p1a: Dusclops
|move|p1a: Dusclops|Night Shade|p2a: Gholdengo
|-damage|p2a: Gholdengo|47/100
|
|upkeep
|turn|5
|
|t:|1760415364
|move|p2a: Gholdengo|Recover|p2a: Gholdengo
|-heal|p2a: Gholdengo|98/100
|move|p1a: Dusclops|Night Shade|p2a: Gholdengo
|-damage|p2a: Gholdengo|71/100
|
|upkeep
|turn|6
|
|t:|1760415368
|move|p2a: Gholdengo|Make It Rain|p1a: Dusclops
|-damage|p1a: Dusclops|66/100
|-unboost|p2a: Gholdengo|spa|1
|move|p1a: Dusclops|Night Shade|p2a: Gholdengo
|-damage|p2a: Gholdengo|45/100
|
|upkeep
|turn|7
|
|t:|1760415372
|move|p2a: Gholdengo|Recover|p2a: Gholdengo
|-heal|p2a: Gholdengo|95/100
|move|p1a: Dusclops|Night Shade|p2a: Gholdengo
|-damage|p2a: Gholdengo|68/100
|
|upkeep
|turn|8
|
|t:|1760415380
|switch|p2a: Scizor|Scizor, F|100/100
|move|p1a: Dusclops|Night Shade|p2a: Scizor
|-damage|p2a: Scizor|66/100
|
|upkeep
|turn|9
|
|t:|1760415382
|move|p2a: Scizor|Close Combat|p1a: Dusclops
|-supereffective|p1a: Dusclops
|-damage|p1a: Dusclops|0 fnt
|-unboost|p2a: Scizor|def|1
|-unboost|p2a: Scizor|spd|1
|faint|p1a: Dusclops
|
|upkeep
|
|t:|1760415385
|switch|p1a: Corviknight|Corviknight, M|100/100
|-damage|p1a: Corviknight|88/100|[from] Stealth Rock
|-ability|p1a: Corviknight|Pressure
|turn|10
|
|t:|1760415388
|switch|p2a: Gholdengo|Gholdengo|68/100
|move|p1a: Corviknight|Brave Bird|p2a: Gholdengo
|-resisted|p2a: Gholdengo
|-damage|p2a: Gholdengo|56/100
|-damage|p1a: Corviknight|84/100|[from] Recoil
|
|-heal|p1a: Corviknight|90/100|[from] item: Leftovers
|upkeep
|turn|11
|
|t:|1760415391
|switch|p1a: Raikou|Raikou|100/100
|-damage|p1a: Raikou|88/100|[from] Stealth Rock
|-damage|p1a: Raikou|75/100|[from] Spikes
|-ability|p1a: Raikou|Pressure
|move|p2a: Gholdengo|Recover|p2a: Gholdengo
|-heal|p2a: Gholdengo|100/100
|
|-heal|p1a: Raikou|82/100|[from] item: Leftovers
|upkeep
|turn|12
|
|t:|1760415394
|switch|p2a: Wo-Chien|Wo-Chien|100/100
|-ability|p2a: Wo-Chien|Tablets of Ruin
|move|p1a: Raikou|Substitute|p1a: Raikou
|-start|p1a: Raikou|Substitute
|-damage|p1a: Raikou|57/100
|
|-heal|p1a: Raikou|63/100|[from] item: Leftovers
|upkeep
|turn|13
|
|t:|1760415401
|move|p1a: Raikou|Calm Mind|p1a: Raikou
|-boost|p1a: Raikou|spa|1
|-boost|p1a: Raikou|spd|1
|move|p2a: Wo-Chien|Substitute|p2a: Wo-Chien
|-start|p2a: Wo-Chien|Substitute
|-damage|p2a: Wo-Chien|76/100
|
|-heal|p1a: Raikou|69/100|[from] item: Leftovers
|-heal|p2a: Wo-Chien|82/100|[from] item: Leftovers
|upkeep
|turn|14
|
|t:|1760415405
|move|p1a: Raikou|Calm Mind|p1a: Raikou
|-boost|p1a: Raikou|spa|1
|-boost|p1a: Raikou|spd|1
|move|p2a: Wo-Chien|Knock Off|p1a: Raikou
|-end|p1a: Raikou|Substitute
|
|-heal|p1a: Raikou|75/100|[from] item: Leftovers
|-heal|p2a: Wo-Chien|88/100|[from] item: Leftovers
|upkeep
|turn|15
|
|t:|1760415411
|move|p1a: Raikou|Substitute|p1a: Raikou
|-start|p1a: Raikou|Substitute
|-damage|p1a: Raikou|50/100
|move|p2a: Wo-Chien|Leech Seed||[still]
|-fail|p2a: Wo-Chien
|
|-heal|p1a: Raikou|57/100|[from] item: Leftovers
|-heal|p2a: Wo-Chien|94/100|[from] item: Leftovers
|upkeep
|turn|16
|
|t:|1760415413
|move|p1a: Raikou|Protect|p1a: Raikou
|-singleturn|p1a: Raikou|Protect
|move|p2a: Wo-Chien|Knock Off|p1a: Raikou
|-activate|p1a: Raikou|move: Protect
|
|-heal|p1a: Raikou|63/100|[from] item: Leftovers
|-heal|p2a: Wo-Chien|99/100|[from] item: Leftovers
|upkeep
|turn|17
|
|t:|1760415415
|move|p1a: Raikou|Calm Mind|p1a: Raikou
|-boost|p1a: Raikou|spa|1
|-boost|p1a: Raikou|spd|1
|move|p2a: Wo-Chien|Knock Off|p1a: Raikou
|-end|p1a: Raikou|Substitute
|
|-heal|p1a: Raikou|69/100|[from] item: Leftovers
|-heal|p2a: Wo-Chien|100/100|[from] item: Leftovers
|upkeep
|turn|18
|
|t:|1760415419
|move|p1a: Raikou|Protect|p1a: Raikou
|-singleturn|p1a: Raikou|Protect
|move|p2a: Wo-Chien|Knock Off|p1a: Raikou
|-activate|p1a: Raikou|move: Protect
|
|-heal|p1a: Raikou|75/100|[from] item: Leftovers
|upkeep
|turn|19
|
|t:|1760415424
|switch|p1a: Corviknight|Corviknight, M|90/100
|-damage|p1a: Corviknight|78/100|[from] Stealth Rock
|-ability|p1a: Corviknight|Pressure
|move|p2a: Wo-Chien|Knock Off|p1a: Corviknight
|-damage|p1a: Corviknight|53/100
|-enditem|p1a: Corviknight|Leftovers|[from] move: Knock Off|[of] p2a: Wo-Chien
|
|upkeep
|turn|20
|
|t:|1760415427
|move|p2a: Wo-Chien|Leech Seed|p1a: Corviknight
|-start|p1a: Corviknight|move: Leech Seed
|move|p1a: Corviknight|Defog|p2a: Wo-Chien
|-sideend|p1: great team haver|Spikes|[from] move: Defog|[of] p1a: Corviknight
|-sideend|p1: great team haver|Stealth Rock|[from] move: Defog|[of] p1a: Corviknight
|
|-damage|p1a: Corviknight|41/100|[from] Leech Seed|[of] p2a: Wo-Chien
|upkeep
|turn|21
|
|t:|1760415435
|move|p2a: Wo-Chien|Leech Seed||[still]
|-fail|p2a: Wo-Chien
|move|p1a: Corviknight|Roost|p1a: Corviknight
|-heal|p1a: Corviknight|91/100
|-singleturn|p1a: Corviknight|move: Roost
|
|-damage|p1a: Corviknight|78/100|[from] Leech Seed|[of] p2a: Wo-Chien
|upkeep
|turn|22
|
|t:|1760415440
|move|p2a: Wo-Chien|Knock Off|p1a: Corviknight
|-damage|p1a: Corviknight|64/100
|move|p1a: Corviknight|Spite|p2a: Wo-Chien
|-activate|p2a: Wo-Chien|move: Spite|Knock Off|4
|
|-damage|p1a: Corviknight|51/100|[from] Leech Seed|[of] p2a: Wo-Chien
|upkeep
|turn|23
|
|t:|1760415451
|move|p2a: Wo-Chien|Protect|p2a: Wo-Chien
|-singleturn|p2a: Wo-Chien|Protect
|move|p1a: Corviknight|Roost|p1a: Corviknight
|-heal|p1a: Corviknight|100/100
|-singleturn|p1a: Corviknight|move: Roost
|
|-damage|p1a: Corviknight|88/100|[from] Leech Seed|[of] p2a: Wo-Chien
|upkeep
|turn|24
|
|t:|1760415458
|switch|p2a: Garchomp|Garchomp, F|53/100
|move|p1a: Corviknight|Spite||[still]
|-fail|p1a: Corviknight
|
|-damage|p1a: Corviknight|75/100|[from] Leech Seed|[of] p2a: Garchomp
|-heal|p2a: Garchomp|65/100|[silent]
|upkeep
|turn|25
|
|t:|1760415461
|switch|p1a: Alomomola|Alomomola, M|100/100
|move|p2a: Garchomp|Stealth Rock|p1a: Alomomola
|-sidestart|p1: great team haver|move: Stealth Rock
|
|upkeep
|turn|26
|
|t:|1760415468
|move|p2a: Garchomp|Spikes|p1a: Alomomola
|-sidestart|p1: great team haver|Spikes
|move|p1a: Alomomola|Calm Mind|p1a: Alomomola
|-boost|p1a: Alomomola|spa|1
|-boost|p1a: Alomomola|spd|1
|
|upkeep
|turn|27
|
|t:|1760415471
|switch|p2a: Iron Treads|Iron Treads|100/100
|-item|p2a: Iron Treads|Air Balloon
|move|p1a: Alomomola|Scald|p2a: Iron Treads
|-supereffective|p2a: Iron Treads
|-crit|p2a: Iron Treads
|-damage|p2a: Iron Treads|0 fnt
|-enditem|p2a: Iron Treads|Air Balloon
|faint|p2a: Iron Treads
|-end|p2a: Iron Treads|Quark Drive|[silent]
|
|upkeep
|
|t:|1760415477
|switch|p2a: Wo-Chien|Wo-Chien|100/100
|-ability|p2a: Wo-Chien|Tablets of Ruin
|turn|28
|
|t:|1760415480
|switch|p1a: Corviknight|Corviknight, M|75/100
|-damage|p1a: Corviknight|63/100|[from] Stealth Rock
|-ability|p1a: Corviknight|Pressure
|move|p2a: Wo-Chien|Knock Off|p1a: Corviknight
|-damage|p1a: Corviknight|47/100
|
|upkeep
|turn|29
|
|t:|1760415483
|switch|p2a: Gholdengo|Gholdengo|100/100
|move|p1a: Corviknight|Roost|p1a: Corviknight
|-heal|p1a: Corviknight|97/100
|-singleturn|p1a: Corviknight|move: Roost
|
|upkeep
|turn|30
|
|t:|1760415487
|switch|p1a: Raikou|Raikou|75/100
|-damage|p1a: Raikou|63/100|[from] Stealth Rock
|-damage|p1a: Raikou|50/100|[from] Spikes
|-ability|p1a: Raikou|Pressure
|move|p2a: Gholdengo|Thunder Wave|p1a: Raikou
|-immune|p1a: Raikou
|
|-heal|p1a: Raikou|57/100|[from] item: Leftovers
|upkeep
|turn|31
|
|t:|1760415490
|move|p1a: Raikou|Discharge|p2a: Gholdengo
|-damage|p2a: Gholdengo|69/100
|move|p2a: Gholdengo|Shadow Ball|p1a: Raikou
|-damage|p1a: Raikou|34/100
|
|-heal|p1a: Raikou|40/100|[from] item: Leftovers
|upkeep
|turn|32
|
|t:|1760415495
|switch|p2a: Wo-Chien|Wo-Chien|100/100
|-ability|p2a: Wo-Chien|Tablets of Ruin
|move|p1a: Raikou|Calm Mind|p1a: Raikou
|-boost|p1a: Raikou|spa|1
|-boost|p1a: Raikou|spd|1
|
|-heal|p1a: Raikou|47/100|[from] item: Leftovers
|upkeep
|turn|33
|
|t:|1760415498
|move|p1a: Raikou|Protect|p1a: Raikou
|-singleturn|p1a: Raikou|Protect
|move|p2a: Wo-Chien|Knock Off|p1a: Raikou
|-activate|p1a: Raikou|move: Protect
|
|-heal|p1a: Raikou|53/100|[from] item: Leftovers
|upkeep
|turn|34
|
|t:|1760415501
|move|p1a: Raikou|Substitute|p1a: Raikou
|-start|p1a: Raikou|Substitute
|-damage|p1a: Raikou|28/100
|move|p2a: Wo-Chien|Knock Off|p1a: Raikou
|-end|p1a: Raikou|Substitute
|
|-heal|p1a: Raikou|34/100|[from] item: Leftovers
|upkeep
|turn|35
|
|t:|1760415504
|move|p1a: Raikou|Protect|p1a: Raikou
|-singleturn|p1a: Raikou|Protect
|move|p2a: Wo-Chien|Knock Off|p1a: Raikou
|-activate|p1a: Raikou|move: Protect
|
|-heal|p1a: Raikou|40/100|[from] item: Leftovers
|upkeep
|turn|36
|
|t:|1760415506
|switch|p1a: Corviknight|Corviknight, M|97/100
|-damage|p1a: Corviknight|84/100|[from] Stealth Rock
|-ability|p1a: Corviknight|Pressure
|move|p2a: Wo-Chien|Knock Off|p1a: Corviknight
|-damage|p1a: Corviknight|67/100
|
|upkeep
|turn|37
|
|t:|1760415510
|switch|p2a: Gholdengo|Gholdengo|69/100
|move|p1a: Corviknight|Brave Bird|p2a: Gholdengo
|-resisted|p2a: Gholdengo
|-damage|p2a: Gholdengo|57/100
|-damage|p1a: Corviknight|63/100|[from] Recoil
|
|upkeep
|turn|38
|
|t:|1760415515
|switch|p1a: Raikou|Raikou|40/100
|-damage|p1a: Raikou|28/100|[from] Stealth Rock
|-damage|p1a: Raikou|15/100|[from] Spikes
|-ability|p1a: Raikou|Pressure
|move|p2a: Gholdengo|Shadow Ball|p1a: Raikou
|-crit|p1a: Raikou
|-damage|p1a: Raikou|0 fnt
|faint|p1a: Raikou
|
|upkeep
|
|t:|1760415518
|switch|p1a: Garganacl|Garganacl, M|100/100
|-damage|p1a: Garganacl|88/100|[from] Stealth Rock
|-damage|p1a: Garganacl|76/100|[from] Spikes
|turn|39
|inactive|marching_cubes has 120 seconds left.
|
|t:|1760415570
|switch|p2a: Garchomp|Garchomp, F|65/100
|move|p1a: Garganacl|Salt Cure|p2a: Garchomp
|-resisted|p2a: Garchomp
|-damage|p2a: Garchomp|60/100
|-start|p2a: Garchomp|Salt Cure
|
|-damage|p2a: Garchomp|48/100|[from] Salt Cure
|upkeep
|turn|40
|
|t:|1760415574
|move|p2a: Garchomp|Earthquake|p1a: Garganacl
|-supereffective|p1a: Garganacl
|-damage|p1a: Garganacl|31/100
|move|p1a: Garganacl|Curse|p1a: Garganacl
|-unboost|p1a: Garganacl|spe|1
|-boost|p1a: Garganacl|atk|1
|-boost|p1a: Garganacl|def|1
|
|-damage|p2a: Garchomp|36/100|[from] Salt Cure
|upkeep
|turn|41
|
|t:|1760415577
|move|p1a: Garganacl|Recover|p1a: Garganacl
|-heal|p1a: Garganacl|81/100
|move|p2a: Garchomp|Dragon Tail|p1a: Garganacl
|-damage|p1a: Garganacl|72/100
|drag|p1a: Corviknight|Corviknight, M|63/100
|-damage|p1a: Corviknight|51/100|[from] Stealth Rock
|-ability|p1a: Corviknight|Pressure
|
|-damage|p2a: Garchomp|23/100|[from] Salt Cure
|upkeep
|turn|42
|
|t:|1760415580
|switch|p2a: Gholdengo|Gholdengo|57/100
|move|p1a: Corviknight|Roost|p1a: Corviknight
|-heal|p1a: Corviknight|100/100
|-singleturn|p1a: Corviknight|move: Roost
|
|upkeep
|turn|43
|
|t:|1760415585
|switch|p1a: Alomomola|Alomomola, M|100/100
|-damage|p1a: Alomomola|88/100|[from] Stealth Rock
|-damage|p1a: Alomomola|76/100|[from] Spikes
|move|p2a: Gholdengo|Recover|p2a: Gholdengo
|-heal|p2a: Gholdengo|100/100
|
|upkeep
|turn|44
|
|t:|1760415590
|move|p2a: Gholdengo|Thunder Wave|p1a: Alomomola
|-status|p1a: Alomomola|par
|move|p1a: Alomomola|Calm Mind|p1a: Alomomola
|-boost|p1a: Alomomola|spa|1
|-boost|p1a: Alomomola|spd|1
|
|upkeep
|turn|45
|
|t:|1760415594
|switch|p2a: Wo-Chien|Wo-Chien|100/100
|-ability|p2a: Wo-Chien|Tablets of Ruin
|move|p1a: Alomomola|Calm Mind|p1a: Alomomola
|-boost|p1a: Alomomola|spa|1
|-boost|p1a: Alomomola|spd|1
|
|upkeep
|turn|46
|
|t:|1760415596
|move|p2a: Wo-Chien|Knock Off|p1a: Alomomola
|-damage|p1a: Alomomola|57/100 par
|-damage|p2a: Wo-Chien|84/100|[from] item: Rocky Helmet|[of] p1a: Alomomola
|-enditem|p1a: Alomomola|Rocky Helmet|[from] move: Knock Off|[of] p2a: Wo-Chien
|move|p1a: Alomomola|Calm Mind|p1a: Alomomola
|-boost|p1a: Alomomola|spa|1
|-boost|p1a: Alomomola|spd|1
|
|-heal|p2a: Wo-Chien|90/100|[from] item: Leftovers
|upkeep
|turn|47
|
|t:|1760415602
|move|p2a: Wo-Chien|Leech Seed|p1a: Alomomola
|-start|p1a: Alomomola|move: Leech Seed
|cant|p1a: Alomomola|par
|
|-heal|p2a: Wo-Chien|96/100|[from] item: Leftovers
|-damage|p1a: Alomomola|44/100 par|[from] Leech Seed|[of] p2a: Wo-Chien
|-heal|p2a: Wo-Chien|100/100|[silent]
|upkeep
|turn|48
|
|t:|1760415605
|move|p2a: Wo-Chien|Substitute|p2a: Wo-Chien
|-start|p2a: Wo-Chien|Substitute
|-damage|p2a: Wo-Chien|76/100
|cant|p1a: Alomomola|par
|
|-heal|p2a: Wo-Chien|82/100|[from] item: Leftovers
|-damage|p1a: Alomomola|32/100 par|[from] Leech Seed|[of] p2a: Wo-Chien
|-heal|p2a: Wo-Chien|97/100|[silent]
|upkeep
|turn|49
|
|t:|1760415609
|switch|p1a: Corviknight|Corviknight, M|100/100
|-damage|p1a: Corviknight|88/100|[from] Stealth Rock
|-ability|p1a: Corviknight|Pressure
|move|p2a: Wo-Chien|Protect||[still]
|-fail|p2a: Wo-Chien
|
|-heal|p2a: Wo-Chien|100/100|[from] item: Leftovers
|upkeep
|turn|50
|
|t:|1760415611
|switch|p2a: Gholdengo|Gholdengo|100/100
|switch|p1a: Alomomola|Alomomola, M|65/100 par
|-damage|p1a: Alomomola|53/100 par|[from] Stealth Rock
|-damage|p1a: Alomomola|41/100 par|[from] Spikes
|
|upkeep
|turn|51
|
|t:|1760415616
|switch|p1a: Corviknight|Corviknight, M|88/100
|-damage|p1a: Corviknight|75/100|[from] Stealth Rock
|-ability|p1a: Corviknight|Pressure
|move|p2a: Gholdengo|Shadow Ball|p1a: Corviknight
|-damage|p1a: Corviknight|52/100
|
|upkeep
|turn|52
|
|t:|1760415619
|move|p2a: Gholdengo|Shadow Ball|p1a: Corviknight
|-damage|p1a: Corviknight|29/100
|move|p1a: Corviknight|Brave Bird|p2a: Gholdengo
|-resisted|p2a: Gholdengo
|-damage|p2a: Gholdengo|87/100
|-damage|p1a: Corviknight|25/100|[from] Recoil
|
|upkeep
|turn|53
|
|t:|1760415622
|move|p2a: Gholdengo|Shadow Ball|p1a: Corviknight
|-damage|p1a: Corviknight|3/100
|move|p1a: Corviknight|Roost|p1a: Corviknight
|-heal|p1a: Corviknight|53/100
|-singleturn|p1a: Corviknight|move: Roost
|
|upkeep
|turn|54
|
|t:|1760415631
|move|p2a: Gholdengo|Shadow Ball|p1a: Corviknight
|-damage|p1a: Corviknight|29/100
|move|p1a: Corviknight|Roost|p1a: Corviknight
|-heal|p1a: Corviknight|79/100
|-singleturn|p1a: Corviknight|move: Roost
|
|upkeep
|turn|55
|
|t:|1760415635
|switch|p1a: Fezandipiti|Fezandipiti, M|100/100
|-damage|p1a: Fezandipiti|88/100|[from] Stealth Rock
|-damage|p1a: Fezandipiti|76/100|[from] Spikes
|move|p2a: Gholdengo|Thunder Wave|p1a: Fezandipiti
|-status|p1a: Fezandipiti|par
|
|-heal|p1a: Fezandipiti|82/100 par|[from] item: Black Sludge
|upkeep
|turn|56
|
|t:|1760415639
|move|p2a: Gholdengo|Make It Rain|p1a: Fezandipiti
|-supereffective|p1a: Fezandipiti
|-damage|p1a: Fezandipiti|0 fnt
|-unboost|p2a: Gholdengo|spa|1
|faint|p1a: Fezandipiti
|
|upkeep
|
|t:|1760415646
|switch|p1a: Alomomola|Alomomola, M|74/100 par
|-damage|p1a: Alomomola|62/100 par|[from] Stealth Rock
|-damage|p1a: Alomomola|50/100 par|[from] Spikes
|turn|57
|
|t:|1760415652
|switch|p2a: Scizor|Scizor, F|66/100
|move|p1a: Alomomola|Wish|p1a: Alomomola
|
|upkeep
|turn|58
|
|t:|1760415657
|move|p2a: Scizor|Close Combat|p1a: Alomomola
|-damage|p1a: Alomomola|6/100 par
|-unboost|p2a: Scizor|def|1
|-unboost|p2a: Scizor|spd|1
|cant|p1a: Alomomola|par
|
|-heal|p1a: Alomomola|56/100 par|[from] move: Wish|[wisher] Alomomola
|upkeep
|turn|59
|
|t:|1760415665
|switch|p2a: Dragapult|Dragapult, F|100/100
|move|p1a: Alomomola|Scald|p2a: Dragapult
|-resisted|p2a: Dragapult
|-damage|p2a: Dragapult|84/100
|
|upkeep
|turn|60
|
|t:|1760415668
|switch|p1a: Garganacl|Garganacl, M|72/100
|-damage|p1a: Garganacl|60/100|[from] Stealth Rock
|-damage|p1a: Garganacl|47/100|[from] Spikes
|move|p2a: Dragapult|Hex|p1a: Garganacl
|-damage|p1a: Garganacl|34/100
|
|upkeep
|turn|61
|
|t:|1760415673
|move|p2a: Dragapult|U-turn|p1a: Garganacl
|-crit|p1a: Garganacl
|-damage|p1a: Garganacl|18/100
|
|t:|1760415678
|switch|p2a: Garchomp|Garchomp, F|23/100|[from] U-turn
|move|p1a: Garganacl|Recover|p1a: Garganacl
|-heal|p1a: Garganacl|68/100
|
|upkeep
|turn|62
|
|t:|1760415681
|move|p2a: Garchomp|Spikes|p1a: Garganacl
|-sidestart|p1: great team haver|Spikes
|move|p1a: Garganacl|Salt Cure|p2a: Garchomp
|-resisted|p2a: Garchomp
|-damage|p2a: Garchomp|19/100
|-start|p2a: Garchomp|Salt Cure
|
|-damage|p2a: Garchomp|6/100|[from] Salt Cure
|upkeep
|turn|63
|
|t:|1760415685
|move|p2a: Garchomp|Earthquake|p1a: Garganacl
|-supereffective|p1a: Garganacl
|-damage|p1a: Garganacl|22/100
|move|p1a: Garganacl|Recover|p1a: Garganacl
|-heal|p1a: Garganacl|72/100
|
|-damage|p2a: Garchomp|0 fnt|[from] Salt Cure
|faint|p2a: Garchomp
|upkeep
|
|t:|1760415688
|switch|p2a: Scizor|Scizor, F|66/100
|turn|64
|
|t:|1760415691
|move|p2a: Scizor|Close Combat|p1a: Garganacl
|-supereffective|p1a: Garganacl
|-crit|p1a: Garganacl
|-damage|p1a: Garganacl|0 fnt
|-unboost|p2a: Scizor|def|1
|-unboost|p2a: Scizor|spd|1
|faint|p1a: Garganacl
|
|upkeep
|
|t:|1760415694
|switch|p1a: Alomomola|Alomomola, M|89/100 par
|-damage|p1a: Alomomola|77/100 par|[from] Stealth Rock
|-damage|p1a: Alomomola|61/100 par|[from] Spikes
|turn|65
|
|t:|1760415697
|move|p2a: Scizor|Close Combat|p1a: Alomomola
|-damage|p1a: Alomomola|12/100 par
|-unboost|p2a: Scizor|def|1
|-unboost|p2a: Scizor|spd|1
|cant|p1a: Alomomola|par
|
|upkeep
|turn|66
|-message|great team haver forfeited.
|
|win|marching_cubes
|raw|great team haver's rating: 1446 &rarr; <strong>1426</strong><br />(-20 for losing)
|raw|marching_cubes's rating: 1447 &rarr; <strong>1467</strong><br />(+20 for winning)
|l|☆great team haver
|player|p1|
|l|☆marching_cubes
|player|p2|
