|j|☆megakips228
|j|☆haxorus2
|t:|1760347909
|gametype|singles
|player|p1|megakips228|doubleteam|1137
|player|p2|haxorus2|265|1101
|gen|9
|tier|[Gen 9] OU
|rated|
|rule|HP Percentage Mod: HP is shown in percentages
|rule|Endless Battle Clause: Forcing endless battles is banned
|rule|Species Clause: Limit one of each Pokémon
|rule|OHKO Clause: OHKO moves are banned
|rule|Evasion Items Clause: Evasion items are banned
|rule|Evasion Moves Clause: Evasion moves are banned
|rule|Evasion Abilities Clause: Evasion abilities are banned
|rule|Sleep Moves Clause: Sleep-inducing moves are banned
|clearpoke
|poke|p1|Pecharunt|
|poke|p1|Gliscor, F|
|poke|p1|Garchomp, M|
|poke|p1|Enamorus, F|
|poke|p1|Alomomola, F|
|poke|p1|Glimmora, M|
|poke|p2|Haxorus, F|
|poke|p2|Rillaboom, M|
|poke|p2|Scizor, M|
|poke|p2|Alomomola, M|
|poke|p2|Slowking-Galar, M|
|poke|p2|Iron Hands|
|teampreview
|
|t:|1760347929
|teamsize|p1|6
|teamsize|p2|6
|start
|switch|p1a: Gliscor|Gliscor, F|100/100
|switch|p2a: Rillaboom|Rillaboom, M|100/100
|-fieldstart|move: Grassy Terrain|[from] ability: Grassy Surge|[of] p2a: Rillaboom
|turn|1
|
|t:|1760347940
|move|p1a: Gliscor|Swords Dance|p1a: Gliscor
|-boost|p1a: Gliscor|atk|2
|move|p2a: Rillaboom|Knock Off|p1a: Gliscor
|-damage|p1a: Gliscor|64/100
|-enditem|p1a: Gliscor|Toxic Orb|[from] move: Knock Off|[of] p2a: Rillaboom
|
|upkeep
|turn|2
|
|t:|1760347948
|move|p1a: Gliscor|Fire Fang|p2a: Rillaboom
|-supereffective|p2a: Rillaboom
|-damage|p2a: Rillaboom|33/100
|move|p2a: Rillaboom|Leech Seed|p1a: Gliscor
|-start|p1a: Gliscor|move: Leech Seed
|
|-heal|p2a: Rillaboom|39/100|[from] Grassy Terrain
|-damage|p1a: Gliscor|51/100|[from] Leech Seed|[of] p2a: Rillaboom
|-heal|p2a: Rillaboom|48/100|[silent]
|upkeep
|turn|3
|
|t:|1760347959
|switch|p1a: Glimmora|Glimmora, M, shiny|100/100
|switch|p2a: Alomomola|Alomomola, M|100/100
|
|upkeep
|turn|4
|
|t:|1760347968
|move|p1a: Glimmora|Mortal Spin|p2a: Alomomola
|-damage|p2a: Alomomola|97/100
|-status|p2a: Alomomola|psn
|-damage|p1a: Glimmora|84/100|[from] item: Rocky Helmet|[of] p2a: Alomomola
|move|p2a: Alomomola|Mirror Coat||[still]
|-fail|p2a: Alomomola
|
|-heal|p1a: Glimmora|90/100|[from] Grassy Terrain
|-heal|p2a: Alomomola|100/100 psn|[from] Grassy Terrain
|-damage|p2a: Alomomola|88/100 psn|[from] psn
|upkeep
|turn|5
|
|t:|1760347985
|switch|p1a: Alomomola|Alomomola, F, shiny|100/100
|move|p2a: Alomomola|Scald|p1a: Alomomola
|-resisted|p1a: Alomomola
|-damage|p1a: Alomomola|98/100
|
|-heal|p2a: Alomomola|94/100 psn|[from] Grassy Terrain
|-heal|p1a: Alomomola|100/100|[from] Grassy Terrain
|-damage|p2a: Alomomola|82/100 psn|[from] psn
|upkeep
|turn|6
|
|t:|1760348003
|switch|p2a: Slowking|Slowking-Galar, M|100/100
|move|p1a: Alomomola|Play Rough|p2a: Slowking
|-resisted|p2a: Slowking
|-damage|p2a: Slowking|91/100
|
|-heal|p2a: Slowking|97/100|[from] Grassy Terrain
|-heal|p2a: Slowking|100/100|[from] item: Leftovers
|upkeep
|turn|7
|
|t:|1760348015
|move|p1a: Alomomola|Flip Turn|p2a: Slowking
|-damage|p2a: Slowking|82/100
|
|t:|1760348017
|switch|p1a: Gliscor|Gliscor, F|51/100|[from] Flip Turn
|move|p2a: Slowking|Psychic|p1a: Gliscor
|-damage|p1a: Gliscor|0 fnt
|faint|p1a: Gliscor
|
|-heal|p2a: Slowking|88/100|[from] Grassy Terrain
|-heal|p2a: Slowking|94/100|[from] item: Leftovers
|upkeep
|
|t:|1760348020
|switch|p1a: Alomomola|Alomomola, F, shiny|100/100
|turn|8
|
|t:|1760348032
|move|p1a: Alomomola|Scald|p2a: Slowking
|-damage|p2a: Slowking|86/100
|-status|p2a: Slowking|brn
|move|p2a: Slowking|Sludge Bomb|p1a: Alomomola
|-damage|p1a: Alomomola|84/100
|-status|p1a: Alomomola|psn
|
|-heal|p1a: Alomomola|90/100 psn|[from] Grassy Terrain
|-heal|p2a: Slowking|92/100 brn|[from] Grassy Terrain
|-heal|p2a: Slowking|98/100 brn|[from] item: Leftovers
|-damage|p1a: Alomomola|78/100 psn|[from] psn
|-damage|p2a: Slowking|92/100 brn|[from] brn
|-fieldend|move: Grassy Terrain
|upkeep
|turn|9
|
|t:|1760348049
|switch|p2a: Rillaboom|Rillaboom, M|48/100
|-fieldstart|move: Grassy Terrain|[from] ability: Grassy Surge|[of] p2a: Rillaboom
|move|p1a: Alomomola|Mirror Coat||[still]
|-fail|p1a: Alomomola
|
|-heal|p2a: Rillaboom|54/100|[from] Grassy Terrain
|-heal|p1a: Alomomola|84/100 psn|[from] Grassy Terrain
|-damage|p1a: Alomomola|72/100 psn|[from] psn
|upkeep
|turn|10
|
|t:|1760348061
|switch|p1a: Glimmora|Glimmora, M, shiny|90/100
|move|p2a: Rillaboom|Leech Seed|p1a: Glimmora
|-start|p1a: Glimmora|move: Leech Seed
|
|-heal|p1a: Glimmora|96/100|[from] Grassy Terrain
|-heal|p2a: Rillaboom|60/100|[from] Grassy Terrain
|-damage|p1a: Glimmora|84/100|[from] Leech Seed|[of] p2a: Rillaboom
|-heal|p2a: Rillaboom|69/100|[silent]
|upkeep
|turn|11
|
|t:|1760348073
|switch|p2a: Slowking|Slowking-Galar, M|100/100 brn
|move|p1a: Glimmora|Mortal Spin|p2a: Slowking
|-resisted|p2a: Slowking
|-damage|p2a: Slowking|98/100 brn
|-end|p1a: Glimmora|Leech Seed|[from] move: Mortal Spin|[of] p1a: Glimmora
|
|-heal|p1a: Glimmora|90/100|[from] Grassy Terrain
|-heal|p2a: Slowking|100/100 brn|[from] Grassy Terrain
|-damage|p2a: Slowking|94/100 brn|[from] brn
|upkeep
|turn|12
|
|t:|1760348085
|switch|p1a: Alomomola|Alomomola, F, shiny|100/100 psn
|move|p2a: Slowking|Psychic|p1a: Alomomola
|-damage|p1a: Alomomola|83/100 psn
|
|-heal|p1a: Alomomola|89/100 psn|[from] Grassy Terrain
|-heal|p2a: Slowking|100/100 brn|[from] Grassy Terrain
|-damage|p1a: Alomomola|77/100 psn|[from] psn
|-damage|p2a: Slowking|94/100 brn|[from] brn
|upkeep
|turn|13
|
|t:|1760348101
|switch|p2a: Haxorus|Haxorus, F|100/100
|-ability|p2a: Haxorus|Mold Breaker
|move|p1a: Alomomola|Scald|p2a: Haxorus
|-resisted|p2a: Haxorus
|-damage|p2a: Haxorus|90/100
|-status|p2a: Haxorus|brn
|
|-heal|p2a: Haxorus|96/100 brn|[from] Grassy Terrain
|-heal|p1a: Alomomola|83/100 psn|[from] Grassy Terrain
|-damage|p1a: Alomomola|71/100 psn|[from] psn
|-damage|p2a: Haxorus|90/100 brn|[from] brn
|upkeep
|turn|14
|
|t:|1760348117
|move|p2a: Haxorus|Dragon Dance|p2a: Haxorus
|-boost|p2a: Haxorus|atk|1
|-boost|p2a: Haxorus|spe|1
|move|p1a: Alomomola|Play Rough|p2a: Haxorus|[miss]
|-miss|p1a: Alomomola|p2a: Haxorus
|
|-heal|p2a: Haxorus|96/100 brn|[from] Grassy Terrain
|-heal|p1a: Alomomola|77/100 psn|[from] Grassy Terrain
|-damage|p1a: Alomomola|64/100 psn|[from] psn
|-damage|p2a: Haxorus|90/100 brn|[from] brn
|upkeep
|turn|15
|
|t:|1760348129
|switch|p1a: Enamorus|Enamorus, F|100/100
|move|p2a: Haxorus|Dragon Dance|p2a: Haxorus
|-boost|p2a: Haxorus|atk|1
|-boost|p2a: Haxorus|spe|1
|
|-heal|p2a: Haxorus|96/100 brn|[from] Grassy Terrain
|-damage|p2a: Haxorus|90/100 brn|[from] brn
|upkeep
|turn|16
|
|t:|1760348144
|switch|p2a: Alomomola|Alomomola, M|100/100 psn
|-terastallize|p1a: Enamorus|Grass
|move|p1a: Enamorus|Superpower|p2a: Alomomola
|-damage|p2a: Alomomola|84/100 psn
|-boost|p1a: Enamorus|atk|1
|-boost|p1a: Enamorus|def|1
|-damage|p1a: Enamorus|84/100|[from] item: Rocky Helmet|[of] p2a: Alomomola
|
|-heal|p1a: Enamorus|90/100|[from] Grassy Terrain
|-heal|p1a: Enamorus|96/100|[from] item: Leftovers
|-heal|p2a: Alomomola|90/100 psn|[from] Grassy Terrain
|-damage|p2a: Alomomola|77/100 psn|[from] psn
|-fieldend|move: Grassy Terrain
|upkeep
|turn|17
|
|t:|1760348163
|move|p1a: Enamorus|Grass Knot|p2a: Alomomola
|-supereffective|p2a: Alomomola
|-damage|p2a: Alomomola|0 fnt
|-damage|p1a: Enamorus|80/100|[from] item: Rocky Helmet|[of] p2a: Alomomola
|faint|p2a: Alomomola
|
|-heal|p1a: Enamorus|86/100|[from] item: Leftovers
|upkeep
|c|☆megakips228|lol do u fw the set
|l|☆haxorus2
|player|p2|
|inactive|Battle timer is ON: inactive players will automatically lose when time's up. (requested by megakips228)
|inactive|haxorus2 has 30 seconds to reconnect!
|inactive|haxorus2 has 20 seconds to reconnect!
|inactive|haxorus2 has 15 seconds to reconnect!
|inactive|haxorus2 has 10 seconds to reconnect!
|inactive|haxorus2 has 5 seconds to reconnect!
|-message|haxorus2 lost due to inactivity.
|
|win|megakips228
|raw|megakips228's rating: 1137 &rarr; <strong>1159</strong><br />(+22 for winning)
|raw|haxorus2's rating: 1101 &rarr; <strong>1079</strong><br />(-22 for losing)
