|j|☆rrbrru
|j|☆mucino
|t:|1760330057
|gametype|singles
|player|p1|rrbrru|170|1444
|player|p2|mucino|169|1394
|gen|9
|tier|[Gen 9] OU
|rated|
|rule|HP Percentage Mod: HP is shown in percentages
|rule|Endless Battle Clause: Forcing endless battles is banned
|rule|Species Clause: Limit one of each Pokémon
|rule|OHKO Clause: OHKO moves are banned
|rule|Evasion Items Clause: Evasion items are banned
|rule|Evasion Moves Clause: Evasion moves are banned
|rule|Evasion Abilities Clause: Evasion abilities are banned
|rule|Sleep Moves Clause: Sleep-inducing moves are banned
|clearpoke
|poke|p1|Enamorus, F|
|poke|p1|Kingambit, F|
|poke|p1|Alomomola, M|
|poke|p1|Weezing-Galar, F|
|poke|p1|Zapdos|
|poke|p1|Flygon, F|
|poke|p2|Clodsire, M|
|poke|p2|Kingambit, F|
|poke|p2|Porygon-Z|
|poke|p2|Chandelure, M|
|poke|p2|Primarina, M|
|poke|p2|Grimmsnarl, M|
|teampreview
|inactive|Battle timer is ON: inactive players will automatically lose when time's up. (requested by mucino)
|
|t:|1760330063
|teamsize|p1|6
|teamsize|p2|6
|start
|switch|p1a: Flygon|Flygon, F|100/100
|switch|p2a: Chandelure|Chandelure, M|100/100
|turn|1
|
|t:|1760330067
|switch|p2a: Grimmsnarl|Grimmsnarl, M|100/100
|move|p1a: Flygon|Earthquake|p2a: Grimmsnarl
|-damage|p2a: Grimmsnarl|14/100
|
|upkeep
|turn|2
|
|t:|1760330070
|move|p2a: Grimmsnarl|Reflect|p2a: Grimmsnarl
|-sidestart|p2: mucino|Reflect
|move|p1a: Flygon|Earthquake|p2a: Grimmsnarl
|-damage|p2a: Grimmsnarl|0 fnt
|faint|p2a: Grimmsnarl
|
|upkeep
|
|t:|1760330074
|switch|p2a: Primarina|Primarina, M|100/100
|turn|3
|
|t:|1760330083
|switch|p1a: Zapdos|Zapdos|100/100
|-terastallize|p2a: Primarina|Ground
|move|p2a: Primarina|Tera Blast|p1a: Zapdos|[anim] Tera Blast Ground
|-immune|p1a: Zapdos
|
|upkeep
|turn|4
|
|t:|1760330093
|switch|p1a: Flygon|Flygon, F|100/100
|move|p2a: Primarina|Moonblast|p1a: Flygon
|-supereffective|p1a: Flygon
|-damage|p1a: Flygon|0 fnt
|faint|p1a: Flygon
|
|upkeep
|
|t:|1760330103
|switch|p1a: Weezing|Weezing-Galar, F|100/100
|-ability|p1a: Weezing|Neutralizing Gas
|turn|5
|
|t:|1760330106
|move|p1a: Weezing|Defog|p2a: Primarina
|-unboost|p2a: Primarina|evasion|1
|-sideend|p2: mucino|Reflect
|move|p2a: Primarina|Tera Blast|p1a: Weezing|[anim] Tera Blast Ground
|-supereffective|p1a: Weezing
|-damage|p1a: Weezing|0 fnt
|faint|p1a: Weezing
|-end|p1a: Weezing|ability: Neutralizing Gas
|
|upkeep
|
|t:|1760330110
|switch|p1a: Alomomola|Alomomola, M|100/100
|turn|6
|
|t:|1760330112
|move|p2a: Primarina|Moonblast|p1a: Alomomola
|-damage|p1a: Alomomola|56/100
|-unboost|p1a: Alomomola|spa|1
|move|p1a: Alomomola|Flip Turn|p2a: Primarina
|-supereffective|p2a: Primarina
|-damage|p2a: Primarina|60/100
|
|t:|1760330121
|switch|p1a: Kingambit|Kingambit, F|100/100|[from] Flip Turn
|-activate|p1a: Kingambit|ability: Supreme Overlord
|-start|p1a: Kingambit|fallen2|[silent]
|
|upkeep
|turn|7
|
|t:|1760330123
|move|p1a: Kingambit|Iron Head|p2a: Primarina
|-damage|p2a: Primarina|0 fnt
|faint|p2a: Primarina
|
|upkeep
|
|t:|1760330131
|switch|p2a: Kingambit|Kingambit, F|100/100
|-activate|p2a: Kingambit|ability: Supreme Overlord
|-start|p2a: Kingambit|fallen2|[silent]
|turn|8
|
|t:|1760330136
|-end|p1a: Kingambit|fallen2|[silent]
|switch|p1a: Zapdos|Zapdos|100/100
|move|p2a: Kingambit|Brick Break|p1a: Zapdos
|-resisted|p1a: Zapdos
|-damage|p1a: Zapdos|80/100
|
|upkeep
|turn|9
|
|t:|1760330139
|-end|p2a: Kingambit|fallen2|[silent]
|switch|p2a: Chandelure|Chandelure, M|100/100
|-terastallize|p1a: Zapdos|Fighting
|move|p1a: Zapdos|Tera Blast|p2a: Chandelure|[anim] Tera Blast Fighting
|-immune|p2a: Chandelure
|
|upkeep
|turn|10
|
|t:|1760330146
|switch|p1a: Enamorus|Enamorus, F|100/100
|move|p2a: Chandelure|Trick|p1a: Enamorus
|-activate|p2a: Chandelure|move: Trick|[of] p1a: Enamorus
|-item|p1a: Enamorus|Choice Scarf|[from] move: Trick
|-item|p2a: Chandelure|Choice Scarf|[from] move: Trick
|
|upkeep
|turn|11
|
|t:|1760330154
|switch|p2a: Clodsire|Clodsire, M|100/100
|move|p1a: Enamorus|Earth Power|p2a: Clodsire
|-supereffective|p2a: Clodsire
|-damage|p2a: Clodsire|45/100
|
|-heal|p2a: Clodsire|52/100|[from] item: Leftovers
|upkeep
|turn|12
|
|t:|1760330166
|move|p1a: Enamorus|Earth Power|p2a: Clodsire
|-supereffective|p2a: Clodsire
|-damage|p2a: Clodsire|0 fnt
|faint|p2a: Clodsire
|
|upkeep
|
|t:|1760330168
|switch|p2a: Porygon-Z|Porygon-Z|100/100
|turn|13
|
|t:|1760330173
|switch|p1a: Alomomola|Alomomola, M|89/100
|move|p2a: Porygon-Z|Tri Attack|p1a: Alomomola
|-damage|p1a: Alomomola|12/100
|
|upkeep
|turn|14
|
|t:|1760330177
|move|p2a: Porygon-Z|Tri Attack|p1a: Alomomola
|-damage|p1a: Alomomola|0 fnt
|faint|p1a: Alomomola
|
|upkeep
|
|t:|1760330193
|switch|p1a: Zapdos|Zapdos, tera:Fighting|80/100
|turn|15
|
|t:|1760330197
|move|p1a: Zapdos|Volt Switch|p2a: Porygon-Z
|-damage|p2a: Porygon-Z|28/100
|
|t:|1760330203
|switch|p1a: Kingambit|Kingambit, F|100/100|[from] Volt Switch
|-activate|p1a: Kingambit|ability: Supreme Overlord
|-start|p1a: Kingambit|fallen3|[silent]
|move|p2a: Porygon-Z|Tri Attack|p1a: Kingambit
|-resisted|p1a: Kingambit
|-damage|p1a: Kingambit|53/100
|
|upkeep
|turn|16
|
|t:|1760330211
|move|p1a: Kingambit|Sucker Punch|p2a: Porygon-Z
|-damage|p2a: Porygon-Z|0 fnt
|faint|p2a: Porygon-Z
|
|upkeep
|
|t:|1760330212
|switch|p2a: Kingambit|Kingambit, F|100/100
|-activate|p2a: Kingambit|ability: Supreme Overlord
|-start|p2a: Kingambit|fallen4|[silent]
|turn|17
|
|t:|1760330227
|-end|p1a: Kingambit|fallen3|[silent]
|switch|p1a: Enamorus|Enamorus, F|100/100
|move|p2a: Kingambit|Iron Head|p1a: Enamorus
|-supereffective|p1a: Enamorus
|-damage|p1a: Enamorus|0 fnt
|faint|p1a: Enamorus
|
|upkeep
|
|t:|1760330231
|switch|p1a: Zapdos|Zapdos, tera:Fighting|80/100
|turn|18
|
|t:|1760330235
|-end|p2a: Kingambit|fallen4|[silent]
|switch|p2a: Chandelure|Chandelure, M|100/100
|move|p1a: Zapdos|Thunderbolt|p2a: Chandelure
|-damage|p2a: Chandelure|4/100
|
|upkeep
|turn|19
|
|t:|1760330241
|move|p2a: Chandelure|Flamethrower|p1a: Zapdos
|-damage|p1a: Zapdos|10/100
|move|p1a: Zapdos|Thunderbolt|p2a: Chandelure
|-damage|p2a: Chandelure|0 fnt
|faint|p2a: Chandelure
|
|upkeep
|
|t:|1760330244
|switch|p2a: Kingambit|Kingambit, F|100/100
|-activate|p2a: Kingambit|ability: Supreme Overlord
|-start|p2a: Kingambit|fallen5|[silent]
|turn|20
|
|t:|1760330260
|move|p1a: Zapdos|Thunderbolt|p2a: Kingambit
|-damage|p2a: Kingambit|29/100
|move|p2a: Kingambit|Brick Break|p1a: Zapdos
|-damage|p1a: Zapdos|0 fnt
|faint|p1a: Zapdos
|
|upkeep
|
|t:|1760330264
|switch|p1a: Kingambit|Kingambit, F|53/100
|-activate|p1a: Kingambit|ability: Supreme Overlord
|-start|p1a: Kingambit|fallen5|[silent]
|turn|21
|
|t:|1760330266
|move|p1a: Kingambit|Sucker Punch|p2a: Kingambit
|-resisted|p2a: Kingambit
|-damage|p2a: Kingambit|2/100
|move|p2a: Kingambit|Sucker Punch||[still]
|-fail|p2a: Kingambit
|
|upkeep
|turn|22
|-message|mucino forfeited.
|
|win|rrbrru
|raw|rrbrru's rating: 1420 &rarr; <strong>1439</strong><br />(+19 for winning)
|raw|mucino's rating: 1394 &rarr; <strong>1375</strong><br />(-19 for losing)
|l|☆mucino
|player|p2|
|l|☆rrbrru
|player|p1|
