|j|☆Sandvich_Eater
|j|☆GOAT of CC1v1
|t:|1760367917
|gametype|singles
|player|p1|Sandvich_Eater|hiker-gen4|1282
|player|p2|GOAT of CC1v1|266|1334
|gen|9
|tier|[Gen 9] OU
|rated|
|rule|HP Percentage Mod: HP is shown in percentages
|rule|Endless Battle Clause: Forcing endless battles is banned
|rule|Species Clause: Limit one of each Pokémon
|rule|OHKO Clause: OHKO moves are banned
|rule|Evasion Items Clause: Evasion items are banned
|rule|Evasion Moves Clause: Evasion moves are banned
|rule|Evasion Abilities Clause: Evasion abilities are banned
|rule|Sleep Moves Clause: Sleep-inducing moves are banned
|clearpoke
|poke|p1|Incineroar, M|
|poke|p1|Alomomola, F|
|poke|p1|Slowking-Galar, F|
|poke|p1|Garganacl, M|
|poke|p1|Weezing-Galar, F|
|poke|p1|Dragapult, F|
|poke|p2|Alomomola, M|
|poke|p2|Decidueye-Hisui, F|
|poke|p2|Weezing-Galar, F|
|poke|p2|Dondozo, F|
|poke|p2|Gliscor, F|
|poke|p2|Blissey, F|
|teampreview
|
|t:|1760367935
|teamsize|p1|6
|teamsize|p2|6
|start
|switch|p1a: Incineroar|Incineroar, M|100/100
|switch|p2a: Hotline Stings|Gliscor, F|100/100
|-ability|p1a: Incineroar|Intimidate|boost
|-unboost|p2a: Hotline Stings|atk|1
|turn|1
|
|t:|1760367941
|move|p2a: Hotline Stings|Protect|p2a: Hotline Stings
|-singleturn|p2a: Hotline Stings|Protect
|move|p1a: Incineroar|Will-O-Wisp|p2a: Hotline Stings
|-activate|p2a: Hotline Stings|move: Protect
|
|-status|p2a: Hotline Stings|tox|[from] item: Toxic Orb
|upkeep
|turn|2
|
|t:|1760367945
|move|p2a: Hotline Stings|Stealth Rock|p1a: Incineroar
|-sidestart|p1: Sandvich_Eater|move: Stealth Rock
|move|p1a: Incineroar|Parting Shot|p2a: Hotline Stings
|-unboost|p2a: Hotline Stings|atk|1
|-unboost|p2a: Hotline Stings|spa|1
|
|t:|1760367951
|switch|p1a: Garganacl|Garganacl, M|100/100|[from] Parting Shot
|-damage|p1a: Garganacl|88/100|[from] Stealth Rock
|
|-heal|p1a: Garganacl|94/100|[from] item: Leftovers
|upkeep
|turn|3
|
|t:|1760367954
|move|p2a: Hotline Stings|Knock Off|p1a: Garganacl
|-damage|p1a: Garganacl|87/100
|-enditem|p1a: Garganacl|Leftovers|[from] move: Knock Off|[of] p2a: Hotline Stings
|move|p1a: Garganacl|Iron Defense|p1a: Garganacl
|-boost|p1a: Garganacl|def|2
|
|upkeep
|turn|4
|
|t:|1760367958
|switch|p2a: Notorious ZZZ|Dondozo, F|100/100
|move|p1a: Garganacl|Iron Defense|p1a: Garganacl
|-boost|p1a: Garganacl|def|2
|
|upkeep
|turn|5
|
|t:|1760367964
|-terastallize|p1a: Garganacl|Ghost
|move|p2a: Notorious ZZZ|Curse|p2a: Notorious ZZZ
|-unboost|p2a: Notorious ZZZ|spe|1
|-boost|p2a: Notorious ZZZ|atk|1
|-boost|p2a: Notorious ZZZ|def|1
|move|p1a: Garganacl|Salt Cure|p2a: Notorious ZZZ
|-damage|p2a: Notorious ZZZ|96/100
|
|upkeep
|turn|6
|c|☆Sandvich_Eater|what
|
|t:|1760367983
|switch|p1a: Incineroar|Incineroar, M|100/100
|-ability|p1a: Incineroar|Intimidate|boost
|-unboost|p2a: Notorious ZZZ|atk|1
|move|p2a: Notorious ZZZ|Curse|p2a: Notorious ZZZ
|-unboost|p2a: Notorious ZZZ|spe|1
|-boost|p2a: Notorious ZZZ|atk|1
|-boost|p2a: Notorious ZZZ|def|1
|
|upkeep
|turn|7
|
|t:|1760367988
|switch|p2a: Hotline Stings|Gliscor, F|100/100 tox
|move|p1a: Incineroar|Knock Off|p2a: Hotline Stings
|-damage|p2a: Hotline Stings|72/100 tox
|-enditem|p2a: Hotline Stings|Toxic Orb|[from] move: Knock Off|[of] p1a: Incineroar
|
|-heal|p2a: Hotline Stings|85/100 tox|[from] ability: Poison Heal
|upkeep
|turn|8
|
|t:|1760367991
|move|p2a: Hotline Stings|Knock Off|p1a: Incineroar
|-resisted|p1a: Incineroar
|-damage|p1a: Incineroar|90/100
|-enditem|p1a: Incineroar|Heavy-Duty Boots|[from] move: Knock Off|[of] p2a: Hotline Stings
|move|p1a: Incineroar|Parting Shot|p2a: Hotline Stings
|-unboost|p2a: Hotline Stings|atk|1
|-unboost|p2a: Hotline Stings|spa|1
|
|t:|1760368000
|switch|p1a: Dragapult|Dragapult, F|100/100|[from] Parting Shot
|-damage|p1a: Dragapult|88/100|[from] Stealth Rock
|
|-heal|p2a: Hotline Stings|97/100 tox|[from] ability: Poison Heal
|upkeep
|turn|9
|
|t:|1760368005
|move|p2a: Hotline Stings|Protect|p2a: Hotline Stings
|-singleturn|p2a: Hotline Stings|Protect
|move|p1a: Dragapult|Draco Meteor|p2a: Hotline Stings
|-activate|p2a: Hotline Stings|move: Protect
|
|-heal|p2a: Hotline Stings|100/100 tox|[from] ability: Poison Heal
|upkeep
|turn|10
|
|t:|1760368010
|switch|p1a: Weezing|Weezing-Galar, F|100/100
|-ability|p1a: Weezing|Neutralizing Gas
|switch|p2a: Blissey Elliot|Blissey, F|100/100
|
|upkeep
|turn|11
|
|t:|1760368016
|move|p1a: Weezing|Defog|p2a: Blissey Elliot
|-unboost|p2a: Blissey Elliot|evasion|1
|-sideend|p1: Sandvich_Eater|Stealth Rock|[from] move: Defog|[of] p1a: Weezing
|move|p2a: Blissey Elliot|Seismic Toss|p1a: Weezing
|-damage|p1a: Weezing|71/100
|
|upkeep
|turn|12
|
|t:|1760368021
|switch|p2a: Hotline Stings|Gliscor, F|100/100 tox
|move|p1a: Weezing|Pain Split|p2a: Hotline Stings
|-sethp|p2a: Hotline Stings|84/100 tox|[from] move: Pain Split|[silent]
|-sethp|p1a: Weezing|88/100|[from] move: Pain Split
|
|-damage|p2a: Hotline Stings|77/100 tox|[from] psn
|upkeep
|turn|13
|
|t:|1760368028
|switch|p2a: Blissey Elliot|Blissey, F|100/100
|-end|p1a: Weezing|ability: Neutralizing Gas
|switch|p1a: Incineroar|Incineroar, M|90/100
|-ability|p1a: Incineroar|Intimidate|boost
|-unboost|p2a: Blissey Elliot|atk|1
|
|upkeep
|turn|14
|
|t:|1760368034
|switch|p2a: Hotline Stings|Gliscor, F|77/100 tox
|move|p1a: Incineroar|Knock Off|p2a: Hotline Stings
|-damage|p2a: Hotline Stings|59/100 tox
|
|-heal|p2a: Hotline Stings|72/100 tox|[from] ability: Poison Heal
|upkeep
|turn|15
|
|t:|1760368038
|move|p2a: Hotline Stings|Stealth Rock|p1a: Incineroar
|-sidestart|p1: Sandvich_Eater|move: Stealth Rock
|move|p1a: Incineroar|Parting Shot|p2a: Hotline Stings
|-unboost|p2a: Hotline Stings|atk|1
|-unboost|p2a: Hotline Stings|spa|1
|
|t:|1760368042
|switch|p1a: Dragapult|Dragapult, F|88/100|[from] Parting Shot
|-damage|p1a: Dragapult|76/100|[from] Stealth Rock
|
|-heal|p2a: Hotline Stings|84/100 tox|[from] ability: Poison Heal
|upkeep
|turn|16
|
|t:|1760368047
|move|p1a: Dragapult|U-turn|p2a: Hotline Stings
|-resisted|p2a: Hotline Stings
|-damage|p2a: Hotline Stings|77/100 tox
|
|t:|1760368051
|switch|p1a: Alomomola|Alomomola, F|100/100|[from] U-turn
|move|p2a: Hotline Stings|Toxic|p1a: Alomomola
|-status|p1a: Alomomola|tox
|
|-heal|p2a: Hotline Stings|90/100 tox|[from] ability: Poison Heal
|-damage|p1a: Alomomola|94/100 tox|[from] psn
|upkeep
|turn|17
|
|t:|1760368056
|switch|p2a: Wheezy F.(og) Baby|Weezing-Galar, F|100/100
|-ability|p2a: Wheezy F.(og) Baby|Neutralizing Gas
|move|p1a: Alomomola|Wish|p1a: Alomomola
|
|-damage|p1a: Alomomola|82/100 tox|[from] psn
|upkeep
|turn|18
|
|t:|1760368061
|move|p2a: Wheezy F.(og) Baby|Will-O-Wisp||[still]
|-fail|p2a: Wheezy F.(og) Baby
|move|p1a: Alomomola|Flip Turn|p2a: Wheezy F.(og) Baby
|-crit|p2a: Wheezy F.(og) Baby
|-damage|p2a: Wheezy F.(og) Baby|84/100
|
|t:|1760368067
|switch|p1a: Incineroar|Incineroar, M|90/100|[from] Flip Turn
|-damage|p1a: Incineroar|65/100|[from] Stealth Rock
|
|-heal|p1a: Incineroar|100/100|[from] move: Wish|[wisher] Alomomola
|upkeep
|turn|19
|
|t:|1760368076
|-end|p2a: Wheezy F.(og) Baby|ability: Neutralizing Gas
|-ability|p1a: Incineroar|Intimidate|boost
|-unboost|p2a: Wheezy F.(og) Baby|atk|1
|switch|p2a: Hotline Stings|Gliscor, F|90/100 tox
|move|p1a: Incineroar|Parting Shot|p2a: Hotline Stings
|-unboost|p2a: Hotline Stings|atk|1
|-unboost|p2a: Hotline Stings|spa|1
|
|t:|1760368082
|switch|p1a: Dragapult|Dragapult, F|76/100|[from] Parting Shot
|-damage|p1a: Dragapult|64/100|[from] Stealth Rock
|
|-heal|p2a: Hotline Stings|100/100 tox|[from] ability: Poison Heal
|upkeep
|turn|20
|
|t:|1760368085
|move|p1a: Dragapult|Draco Meteor|p2a: Hotline Stings
|-damage|p2a: Hotline Stings|34/100 tox
|-unboost|p1a: Dragapult|spa|2
|move|p2a: Hotline Stings|Knock Off|p1a: Dragapult
|-supereffective|p1a: Dragapult
|-damage|p1a: Dragapult|22/100
|-enditem|p1a: Dragapult|Choice Specs|[from] move: Knock Off|[of] p2a: Hotline Stings
|
|-heal|p2a: Hotline Stings|46/100 tox|[from] ability: Poison Heal
|upkeep
|turn|21
|
|t:|1760368095
|switch|p2a: Blissey Elliot|Blissey, F|100/100
|move|p1a: Dragapult|Draco Meteor|p2a: Blissey Elliot
|-damage|p2a: Blissey Elliot|92/100
|-unboost|p1a: Dragapult|spa|2
|
|upkeep
|turn|22
|
|t:|1760368099
|move|p1a: Dragapult|U-turn|p2a: Blissey Elliot
|-damage|p2a: Blissey Elliot|75/100
|
|t:|1760368103
|switch|p1a: Alomomola|Alomomola, F|82/100 tox|[from] U-turn
|move|p2a: Blissey Elliot|Shadow Ball|p1a: Alomomola
|-damage|p1a: Alomomola|64/100 tox
|
|-damage|p1a: Alomomola|57/100 tox|[from] psn
|upkeep
|turn|23
|
|t:|1760368111
|switch|p2a: Wheezy F.(og) Baby|Weezing-Galar, F|84/100
|-ability|p2a: Wheezy F.(og) Baby|Neutralizing Gas
|move|p1a: Alomomola|Wish|p1a: Alomomola
|
|-damage|p1a: Alomomola|45/100 tox|[from] psn
|upkeep
|turn|24
|
|t:|1760368115
|move|p2a: Wheezy F.(og) Baby|Flamethrower|p1a: Alomomola
|-resisted|p1a: Alomomola
|-damage|p1a: Alomomola|34/100 tox
|move|p1a: Alomomola|Flip Turn|p2a: Wheezy F.(og) Baby
|-damage|p2a: Wheezy F.(og) Baby|74/100
|
|t:|1760368118
|switch|p1a: Dragapult|Dragapult, F|22/100|[from] Flip Turn
|-damage|p1a: Dragapult|10/100|[from] Stealth Rock
|
|-heal|p1a: Dragapult|94/100|[from] move: Wish|[wisher] Alomomola
|upkeep
|turn|25
|
|t:|1760368122
|-end|p2a: Wheezy F.(og) Baby|ability: Neutralizing Gas
|switch|p2a: Blissey Elliot|Blissey, F|75/100
|move|p1a: Dragapult|U-turn|p2a: Blissey Elliot
|-damage|p2a: Blissey Elliot|56/100
|
|t:|1760368127
|switch|p1a: Garganacl|Garganacl, M, tera:Ghost|87/100|[from] U-turn
|-damage|p1a: Garganacl|75/100|[from] Stealth Rock
|
|upkeep
|turn|26
|
|t:|1760368130
|switch|p2a: Notorious ZZZ|Dondozo, F|96/100
|move|p1a: Garganacl|Salt Cure|p2a: Notorious ZZZ
|-damage|p2a: Notorious ZZZ|91/100
|
|upkeep
|turn|27
|
|t:|1760368136
|switch|p1a: Incineroar|Incineroar, M|100/100
|-damage|p1a: Incineroar|76/100|[from] Stealth Rock
|-ability|p1a: Incineroar|Intimidate|boost
|-unboost|p2a: Notorious ZZZ|atk|1
|move|p2a: Notorious ZZZ|Waterfall|p1a: Incineroar
|-supereffective|p1a: Incineroar
|-damage|p1a: Incineroar|40/100
|
|upkeep
|turn|28
|
|t:|1760368141
|switch|p2a: Hotline Stings|Gliscor, F|46/100 tox
|move|p1a: Incineroar|Parting Shot|p2a: Hotline Stings
|-unboost|p2a: Hotline Stings|atk|1
|-unboost|p2a: Hotline Stings|spa|1
|
|t:|1760368144
|switch|p1a: Dragapult|Dragapult, F|94/100|[from] Parting Shot
|-damage|p1a: Dragapult|82/100|[from] Stealth Rock
|
|-heal|p2a: Hotline Stings|59/100 tox|[from] ability: Poison Heal
|upkeep
|turn|29
|
|t:|1760368150
|switch|p2a: Blissey Elliot|Blissey, F|56/100
|move|p1a: Dragapult|Draco Meteor|p2a: Blissey Elliot
|-damage|p2a: Blissey Elliot|38/100
|-unboost|p1a: Dragapult|spa|2
|
|upkeep
|turn|30
|
|t:|1760368153
|move|p1a: Dragapult|U-turn|p2a: Blissey Elliot
|-damage|p2a: Blissey Elliot|21/100
|
|t:|1760368158
|switch|p1a: Slowking|Slowking-Galar, F|100/100|[from] U-turn
|move|p2a: Blissey Elliot|Soft-Boiled|p2a: Blissey Elliot
|-heal|p2a: Blissey Elliot|71/100
|
|upkeep
|turn|31
|
|t:|1760368166
|move|p2a: Blissey Elliot|Calm Mind|p2a: Blissey Elliot
|-boost|p2a: Blissey Elliot|spa|1
|-boost|p2a: Blissey Elliot|spd|1
|move|p1a: Slowking|Future Sight|p2a: Blissey Elliot
|-start|p1a: Slowking|move: Future Sight
|
|upkeep
|turn|32
|
|t:|1760368169
|move|p2a: Blissey Elliot|Seismic Toss|p1a: Slowking
|-damage|p1a: Slowking|75/100
|move|p1a: Slowking|Thunder Wave|p2a: Blissey Elliot
|-status|p2a: Blissey Elliot|par
|
|upkeep
|turn|33
|
|t:|1760368174
|move|p2a: Blissey Elliot|Soft-Boiled|p2a: Blissey Elliot
|-heal|p2a: Blissey Elliot|100/100 par
|-prepare|p1a: Slowking|Chilly Reception|[premajor]
|move|p1a: Slowking|Chilly Reception|p1a: Slowking
|-weather|Snowscape
|
|t:|1760368177
|switch|p1a: Alomomola|Alomomola, F|34/100 tox|[from] Chilly Reception
|
|-weather|Snowscape|[upkeep]
|-end|p2a: Blissey Elliot|move: Future Sight
|-damage|p2a: Blissey Elliot|91/100 par
|-damage|p1a: Alomomola|28/100 tox|[from] psn
|upkeep
|turn|34
|
|t:|1760368187
|switch|p1a: Slowking|Slowking-Galar, F|100/100
|-curestatus|p2a: Blissey Elliot|par|[from] ability: Natural Cure
|switch|p2a: Wheezy F.(og) Baby|Weezing-Galar, F|74/100
|-ability|p2a: Wheezy F.(og) Baby|Neutralizing Gas
|
|-weather|Snowscape|[upkeep]
|upkeep
|turn|35
|
|t:|1760368193
|move|p2a: Wheezy F.(og) Baby|Will-O-Wisp|p1a: Slowking
|-status|p1a: Slowking|brn
|move|p1a: Slowking|Future Sight|p2a: Wheezy F.(og) Baby
|-start|p1a: Slowking|move: Future Sight
|
|-weather|Snowscape|[upkeep]
|-damage|p1a: Slowking|94/100 brn|[from] brn
|upkeep
|turn|36
|
|t:|1760368197
|-end|p2a: Wheezy F.(og) Baby|ability: Neutralizing Gas
|switch|p2a: Blissey Elliot|Blissey, F|91/100
|-prepare|p1a: Slowking|Chilly Reception|[premajor]
|move|p1a: Slowking|Chilly Reception|p1a: Slowking
|
|t:|1760368205
|switch|p1a: Weezing|Weezing-Galar, F|88/100|[from] Chilly Reception
|-ability|p1a: Weezing|Neutralizing Gas
|
|-weather|Snowscape|[upkeep]
|upkeep
|turn|37
|
|t:|1760368212
|move|p1a: Weezing|Defog|p2a: Blissey Elliot
|-unboost|p2a: Blissey Elliot|evasion|1
|-sideend|p1: Sandvich_Eater|Stealth Rock|[from] move: Defog|[of] p1a: Weezing
|move|p2a: Blissey Elliot|Calm Mind|p2a: Blissey Elliot
|-boost|p2a: Blissey Elliot|spa|1
|-boost|p2a: Blissey Elliot|spd|1
|
|-weather|none
|-end|p2a: Blissey Elliot|move: Future Sight
|-damage|p2a: Blissey Elliot|82/100
|upkeep
|turn|38
|
|t:|1760368216
|move|p1a: Weezing|Pain Split|p2a: Blissey Elliot
|-sethp|p2a: Blissey Elliot|64/100|[from] move: Pain Split|[silent]
|-sethp|p1a: Weezing|100/100|[from] move: Pain Split
|move|p2a: Blissey Elliot|Calm Mind|p2a: Blissey Elliot
|-boost|p2a: Blissey Elliot|spa|1
|-boost|p2a: Blissey Elliot|spd|1
|
|upkeep
|turn|39
|
|t:|1760368222
|-end|p1a: Weezing|ability: Neutralizing Gas
|switch|p1a: Alomomola|Alomomola, F|61/100 tox
|move|p2a: Blissey Elliot|Calm Mind|p2a: Blissey Elliot
|-boost|p2a: Blissey Elliot|spa|1
|-boost|p2a: Blissey Elliot|spd|1
|
|-damage|p1a: Alomomola|55/100 tox|[from] psn
|upkeep
|turn|40
|
|t:|1760368228
|switch|p2a: Wheezy F.(og) Baby|Weezing-Galar, F|74/100
|-ability|p2a: Wheezy F.(og) Baby|Neutralizing Gas
|move|p1a: Alomomola|Wish|p1a: Alomomola
|
|-damage|p1a: Alomomola|43/100 tox|[from] psn
|upkeep
|turn|41
|
|t:|1760368233
|move|p2a: Wheezy F.(og) Baby|Flamethrower|p1a: Alomomola
|-resisted|p1a: Alomomola
|-damage|p1a: Alomomola|32/100 tox
|move|p1a: Alomomola|Flip Turn|p2a: Wheezy F.(og) Baby
|-damage|p2a: Wheezy F.(og) Baby|64/100
|
|t:|1760368235
|switch|p1a: Incineroar|Incineroar, M|40/100|[from] Flip Turn
|
|-heal|p1a: Incineroar|100/100|[from] move: Wish|[wisher] Alomomola
|upkeep
|turn|42
|
|t:|1760368243
|move|p1a: Incineroar|Parting Shot|p2a: Wheezy F.(og) Baby
|-unboost|p2a: Wheezy F.(og) Baby|atk|1
|-unboost|p2a: Wheezy F.(og) Baby|spa|1
|
|t:|1760368249
|switch|p1a: Alomomola|Alomomola, F|32/100 tox|[from] Parting Shot
|move|p2a: Wheezy F.(og) Baby|Pain Split|p1a: Alomomola
|-sethp|p1a: Alomomola|36/100 tox|[from] move: Pain Split|[silent]
|-sethp|p2a: Wheezy F.(og) Baby|57/100|[from] move: Pain Split
|
|-damage|p1a: Alomomola|30/100 tox|[from] psn
|upkeep
|turn|43
|
|t:|1760368262
|switch|p1a: Slowking|Slowking-Galar, F|100/100 brn
|move|p2a: Wheezy F.(og) Baby|Flamethrower|p1a: Slowking
|-damage|p1a: Slowking|94/100 brn
|
|-damage|p1a: Slowking|88/100 brn|[from] brn
|upkeep
|turn|44
|
|t:|1760368266
|move|p2a: Wheezy F.(og) Baby|Pain Split|p1a: Slowking
|-sethp|p1a: Slowking|68/100 brn|[from] move: Pain Split|[silent]
|-sethp|p2a: Wheezy F.(og) Baby|80/100|[from] move: Pain Split
|move|p1a: Slowking|Future Sight|p2a: Wheezy F.(og) Baby
|-start|p1a: Slowking|move: Future Sight
|
|-damage|p1a: Slowking|62/100 brn|[from] brn
|upkeep
|turn|45
|
|t:|1760368275
|move|p2a: Wheezy F.(og) Baby|Flamethrower|p1a: Slowking
|-damage|p1a: Slowking|54/100 brn
|-prepare|p1a: Slowking|Chilly Reception|[premajor]
|move|p1a: Slowking|Chilly Reception|p1a: Slowking
|-weather|Snowscape
|
|t:|1760368289
|switch|p1a: Garganacl|Garganacl, M, tera:Ghost|75/100|[from] Chilly Reception
|
|-weather|Snowscape|[upkeep]
|upkeep
|turn|46
|
|t:|1760368294
|-end|p2a: Wheezy F.(og) Baby|ability: Neutralizing Gas
|switch|p2a: Notorious ZZZ|Dondozo, F|91/100
|move|p1a: Garganacl|Salt Cure|p2a: Notorious ZZZ
|-damage|p2a: Notorious ZZZ|85/100
|
|-weather|Snowscape|[upkeep]
|-end|p2a: Notorious ZZZ|move: Future Sight
|-damage|p2a: Notorious ZZZ|41/100
|upkeep
|turn|47
|
|t:|1760368302
|switch|p1a: Incineroar|Incineroar, M|100/100
|-ability|p1a: Incineroar|Intimidate|boost
|-unboost|p2a: Notorious ZZZ|atk|1
|move|p2a: Notorious ZZZ|Rest|p2a: Notorious ZZZ
|-status|p2a: Notorious ZZZ|slp|[from] move: Rest
|-heal|p2a: Notorious ZZZ|100/100 slp|[silent]
|
|-weather|Snowscape|[upkeep]
|upkeep
|turn|48
|
|t:|1760368307
|switch|p2a: Hotline Stings|Gliscor, F|59/100 tox
|move|p1a: Incineroar|Knock Off|p2a: Hotline Stings
|-damage|p2a: Hotline Stings|38/100 tox
|
|-weather|Snowscape|[upkeep]
|-heal|p2a: Hotline Stings|51/100 tox|[from] ability: Poison Heal
|upkeep
|turn|49
|
|t:|1760368310
|move|p2a: Hotline Stings|Stealth Rock|p1a: Incineroar
|-sidestart|p1: Sandvich_Eater|move: Stealth Rock
|move|p1a: Incineroar|Parting Shot|p2a: Hotline Stings
|-unboost|p2a: Hotline Stings|atk|1
|-unboost|p2a: Hotline Stings|spa|1
|
|t:|1760368313
|switch|p1a: Dragapult|Dragapult, F|82/100|[from] Parting Shot
|-damage|p1a: Dragapult|69/100|[from] Stealth Rock
|
|-weather|none
|-heal|p2a: Hotline Stings|63/100 tox|[from] ability: Poison Heal
|upkeep
|turn|50
|
|t:|1760368317
|move|p2a: Hotline Stings|Protect|p2a: Hotline Stings
|-singleturn|p2a: Hotline Stings|Protect
|move|p1a: Dragapult|Shadow Ball|p2a: Hotline Stings
|-activate|p2a: Hotline Stings|move: Protect
|
|-heal|p2a: Hotline Stings|76/100 tox|[from] ability: Poison Heal
|upkeep
|turn|51
|
|t:|1760368324
|move|p1a: Dragapult|Draco Meteor|p2a: Hotline Stings
|-damage|p2a: Hotline Stings|29/100 tox
|-unboost|p1a: Dragapult|spa|2
|move|p2a: Hotline Stings|Knock Off|p1a: Dragapult
|-supereffective|p1a: Dragapult
|-damage|p1a: Dragapult|45/100
|
|-heal|p2a: Hotline Stings|41/100 tox|[from] ability: Poison Heal
|upkeep
|turn|52
|
|t:|1760368333
|move|p1a: Dragapult|Draco Meteor|p2a: Hotline Stings
|-damage|p2a: Hotline Stings|18/100 tox
|-unboost|p1a: Dragapult|spa|2
|move|p2a: Hotline Stings|Toxic|p1a: Dragapult|[miss]
|-miss|p2a: Hotline Stings|p1a: Dragapult
|
|-heal|p2a: Hotline Stings|31/100 tox|[from] ability: Poison Heal
|upkeep
|turn|53
|
|t:|1760368346
|switch|p1a: Garganacl|Garganacl, M, tera:Ghost|75/100
|-damage|p1a: Garganacl|62/100|[from] Stealth Rock
|switch|p2a: Blissey Elliot|Blissey, F|64/100
|
|upkeep
|turn|54
|
|t:|1760368350
|move|p2a: Blissey Elliot|Shadow Ball|p1a: Garganacl
|-supereffective|p1a: Garganacl
|-damage|p1a: Garganacl|52/100
|move|p1a: Garganacl|Recover|p1a: Garganacl
|-heal|p1a: Garganacl|100/100
|
|upkeep
|turn|55
|
|t:|1760368356
|switch|p2a: Notorious ZZZ|Dondozo, F|100/100 slp
|move|p1a: Garganacl|Salt Cure|p2a: Notorious ZZZ
|-damage|p2a: Notorious ZZZ|95/100 slp
|
|upkeep
|turn|56
|
|t:|1760368359
|switch|p1a: Incineroar|Incineroar, M|100/100
|-damage|p1a: Incineroar|76/100|[from] Stealth Rock
|-ability|p1a: Incineroar|Intimidate|boost
|-unboost|p2a: Notorious ZZZ|atk|1
|cant|p2a: Notorious ZZZ|slp
|
|upkeep
|turn|57
|
|t:|1760368363
|switch|p2a: Hotline Stings|Gliscor, F|31/100 tox
|move|p1a: Incineroar|Knock Off|p2a: Hotline Stings
|-damage|p2a: Hotline Stings|10/100 tox
|
|-heal|p2a: Hotline Stings|23/100 tox|[from] ability: Poison Heal
|upkeep
|turn|58
|
|t:|1760368371
|switch|p1a: Garganacl|Garganacl, M, tera:Ghost|100/100
|-damage|p1a: Garganacl|88/100|[from] Stealth Rock
|move|p2a: Hotline Stings|Protect||[still]
|-fail|p2a: Hotline Stings
|
|-heal|p2a: Hotline Stings|35/100 tox|[from] ability: Poison Heal
|upkeep
|turn|59
|
|t:|1760368378
|move|p2a: Hotline Stings|Protect|p2a: Hotline Stings
|-singleturn|p2a: Hotline Stings|Protect
|move|p1a: Garganacl|Salt Cure|p2a: Hotline Stings
|-activate|p2a: Hotline Stings|move: Protect
|
|-heal|p2a: Hotline Stings|48/100 tox|[from] ability: Poison Heal
|upkeep
|turn|60
|
|t:|1760368382
|switch|p2a: Blissey Elliot|Blissey, F|64/100
|switch|p1a: Incineroar|Incineroar, M|76/100
|-damage|p1a: Incineroar|51/100|[from] Stealth Rock
|-ability|p1a: Incineroar|Intimidate|boost
|-unboost|p2a: Blissey Elliot|atk|1
|
|upkeep
|turn|61
|
|t:|1760368387
|move|p1a: Incineroar|Knock Off|p2a: Blissey Elliot
|-damage|p2a: Blissey Elliot|27/100
|-enditem|p2a: Blissey Elliot|Heavy-Duty Boots|[from] move: Knock Off|[of] p1a: Incineroar
|move|p2a: Blissey Elliot|Seismic Toss|p1a: Incineroar
|-damage|p1a: Incineroar|25/100
|
|upkeep
|turn|62
|
|t:|1760368393
|move|p1a: Incineroar|Parting Shot|p2a: Blissey Elliot
|-unboost|p2a: Blissey Elliot|atk|1
|-unboost|p2a: Blissey Elliot|spa|1
|
|t:|1760368396
|switch|p1a: Alomomola|Alomomola, F|30/100 tox|[from] Parting Shot
|move|p2a: Blissey Elliot|Soft-Boiled|p2a: Blissey Elliot
|-heal|p2a: Blissey Elliot|77/100
|
|-damage|p1a: Alomomola|24/100 tox|[from] psn
|upkeep
|turn|63
|
|t:|1760368404
|move|p2a: Blissey Elliot|Seismic Toss|p1a: Alomomola
|-damage|p1a: Alomomola|5/100 tox
|move|p1a: Alomomola|Wish|p1a: Alomomola
|
|-damage|p1a: Alomomola|0 fnt|[from] psn
|faint|p1a: Alomomola
|upkeep
|
|t:|1760368410
|switch|p1a: Incineroar|Incineroar, M|25/100
|-damage|p1a: Incineroar|0 fnt|[from] Stealth Rock
|faint|p1a: Incineroar
|-message|Sandvich_Eater forfeited.
|
|win|GOAT of CC1v1
|raw|Sandvich_Eater's rating: 1282 &rarr; <strong>1261</strong><br />(-21 for losing)
|raw|GOAT of CC1v1's rating: 1334 &rarr; <strong>1351</strong><br />(+17 for winning)
|l|☆Sandvich_Eater
|player|p1|
|c|☆GOAT of CC1v1|gg
|l|☆GOAT of CC1v1
|player|p2|
|j| watch replays ig
|j| kokoromana
|j| 3idk
|l| 3idk
|j| SMM Metagross
|l| SMM Metagross
