|j|☆Katze 632
|j|☆meowstiicc
|t:|1760328857
|gametype|singles
|player|p1|Katze 632|ingo|1104
|player|p2|meowstiicc|roxanne|1121
|gen|9
|tier|[Gen 9] OU
|rated|
|rule|HP Percentage Mod: HP is shown in percentages
|rule|Endless Battle Clause: Forcing endless battles is banned
|rule|Species Clause: Limit one of each Pokémon
|rule|OHKO Clause: OHKO moves are banned
|rule|Evasion Items Clause: Evasion items are banned
|rule|Evasion Moves Clause: Evasion moves are banned
|rule|Evasion Abilities Clause: Evasion abilities are banned
|rule|Sleep Moves Clause: Sleep-inducing moves are banned
|clearpoke
|poke|p1|Ceruledge, F|
|poke|p1|Hatterene, F|
|poke|p1|Scizor, F|
|poke|p1|Samurott-Hisui, F|
|poke|p1|Tornadus-Therian, M|
|poke|p1|Pecharunt|
|poke|p2|Cinderace, M|
|poke|p2|Hawlucha, F|
|poke|p2|Great Tusk|
|poke|p2|Kingambit, M|
|poke|p2|Clefable, F|
|poke|p2|Rotom-Wash|
|teampreview
|inactive|Battle timer is ON: inactive players will automatically lose when time's up. (requested by Katze 632)
|
|t:|1760328874
|teamsize|p1|6
|teamsize|p2|6
|start
|switch|p1a: Samurott|Samurott-Hisui, F|100/100
|switch|p2a: Cinderace|Cinderace, M|100/100
|turn|1
|
|t:|1760328889
|switch|p1a: Bassie|Hatterene, F|100/100
|move|p2a: Cinderace|U-turn|p1a: Bassie
|-start|p2a: Cinderace|typechange|Bug|[from] ability: Libero
|-damage|p1a: Bassie|62/100
|
|t:|1760328902
|switch|p2a: Kingambit|Kingambit, M|100/100|[from] U-turn
|-item|p2a: Kingambit|Air Balloon
|
|-heal|p1a: Bassie|67/100|[from] item: Leftovers
|upkeep
|turn|2
|
|t:|1760328915
|move|p2a: Kingambit|Iron Head|p1a: Bassie
|-supereffective|p1a: Bassie
|-damage|p1a: Bassie|0 fnt
|faint|p1a: Bassie
|
|upkeep
|
|t:|1760328925
|switch|p1a: Soulvester|Ceruledge, F|100/100
|turn|3
|
|t:|1760328943
|switch|p2a: Rotom|Rotom-Wash|100/100
|move|p1a: Soulvester|Swords Dance|p1a: Soulvester
|-boost|p1a: Soulvester|atk|2
|
|upkeep
|turn|4
|
|t:|1760328969
|switch|p1a: Samurott|Samurott-Hisui, F|100/100
|move|p2a: Rotom|Hydro Pump|p1a: Samurott
|-resisted|p1a: Samurott
|-damage|p1a: Samurott|84/100
|
|upkeep
|turn|5
|
|t:|1760328978
|switch|p2a: Hawlucha|Hawlucha, F|100/100
|-ability|p2a: Hawlucha|Mold Breaker
|move|p1a: Samurott|Ceaseless Edge|p2a: Hawlucha
|-resisted|p2a: Hawlucha
|-damage|p2a: Hawlucha|75/100
|-sidestart|p2: meowstiicc|Spikes
|
|upkeep
|turn|6
|
|t:|1760328987
|move|p2a: Hawlucha|Defog|p1a: Samurott
|-unboost|p1a: Samurott|evasion|1
|-sideend|p2: meowstiicc|Spikes|[from] move: Defog|[of] p2a: Hawlucha
|move|p1a: Samurott|Ceaseless Edge|p2a: Hawlucha
|-resisted|p2a: Hawlucha
|-damage|p2a: Hawlucha|49/100
|-sidestart|p2: meowstiicc|Spikes
|
|upkeep
|turn|7
|
|t:|1760329007
|move|p2a: Hawlucha|U-turn|p1a: Samurott
|-supereffective|p1a: Samurott
|-damage|p1a: Samurott|49/100
|
|t:|1760329010
|switch|p2a: Great Tusk|Great Tusk|100/100|[from] U-turn
|-damage|p2a: Great Tusk|88/100|[from] Spikes
|move|p1a: Samurott|Ceaseless Edge|p2a: Great Tusk
|-resisted|p2a: Great Tusk
|-damage|p2a: Great Tusk|77/100
|-sidestart|p2: meowstiicc|Spikes
|
|upkeep
|turn|8
|
|t:|1760329026
|switch|p1a: Tornadus|Tornadus-Therian, M|100/100
|move|p2a: Great Tusk|Earthquake|p1a: Tornadus
|-immune|p1a: Tornadus
|
|upkeep
|turn|9
|
|t:|1760329031
|move|p1a: Tornadus|Nasty Plot|p1a: Tornadus
|-boost|p1a: Tornadus|spa|2
|move|p2a: Great Tusk|Rapid Spin|p1a: Tornadus
|-damage|p1a: Tornadus|79/100
|-boost|p2a: Great Tusk|spe|1
|-sideend|p2: meowstiicc|Spikes|[from] move: Rapid Spin|[of] p2a: Great Tusk
|
|upkeep
|turn|10
|
|t:|1760329046
|switch|p1a: Samurott|Samurott-Hisui, F|49/100
|move|p2a: Great Tusk|Knock Off|p1a: Samurott
|-resisted|p1a: Samurott
|-damage|p1a: Samurott|34/100
|-enditem|p1a: Samurott|Assault Vest|[from] move: Knock Off|[of] p2a: Great Tusk
|
|upkeep
|turn|11
|
|t:|1760329053
|move|p2a: Great Tusk|Body Press|p1a: Samurott
|-supereffective|p1a: Samurott
|-damage|p1a: Samurott|0 fnt
|faint|p1a: Samurott
|
|upkeep
|
|t:|1760329063
|switch|p1a: Pecharunt|Pecharunt|100/100
|turn|12
|
|t:|1760329073
|switch|p1a: Tornadus|Tornadus-Therian, M|100/100
|move|p2a: Great Tusk|Knock Off|p1a: Tornadus
|-damage|p1a: Tornadus|62/100
|-enditem|p1a: Tornadus|Life Orb|[from] move: Knock Off|[of] p2a: Great Tusk
|
|upkeep
|turn|13
|
|t:|1760329088
|-end|p2a: Great Tusk|Protosynthesis|[silent]
|switch|p2a: Rotom|Rotom-Wash|100/100
|move|p1a: Tornadus|Nasty Plot|p1a: Tornadus
|-boost|p1a: Tornadus|spa|2
|
|upkeep
|turn|14
|
|t:|1760329108
|switch|p1a: Pecharunt|Pecharunt|100/100
|move|p2a: Rotom|Volt Switch|p1a: Pecharunt
|-damage|p1a: Pecharunt|69/100
|
|t:|1760329118
|switch|p2a: Kingambit|Kingambit, M|100/100|[from] Volt Switch
|-item|p2a: Kingambit|Air Balloon
|
|upkeep
|turn|15
|-message|Katze 632 forfeited.
|
|win|meowstiicc
|raw|Katze 632's rating: 1104 &rarr; <strong>1080</strong><br />(-24 for losing)
|raw|meowstiicc's rating: 1121 &rarr; <strong>1145</strong><br />(+24 for winning)
|l|☆Katze 632
|player|p1|
