|j|☆OUMonster2341
|j|☆LLZZ09
|t:|1760361173
|gametype|singles
|player|p1|OUMonster2341|2|1267
|player|p2|LLZZ09|169|1318
|gen|9
|tier|[Gen 9] OU
|rated|
|rule|HP Percentage Mod: HP is shown in percentages
|rule|Endless Battle Clause: Forcing endless battles is banned
|rule|Species Clause: Limit one of each Pokémon
|rule|OHKO Clause: OHKO moves are banned
|rule|Evasion Items Clause: Evasion items are banned
|rule|Evasion Moves Clause: Evasion moves are banned
|rule|Evasion Abilities Clause: Evasion abilities are banned
|rule|Sleep Moves Clause: Sleep-inducing moves are banned
|clearpoke
|poke|p1|Raichu-Alola, M|
|poke|p1|Pincurchin, M|
|poke|p1|Weavile, F|
|poke|p1|Hawlucha, M|
|poke|p1|Raging Bolt|
|poke|p1|Great Tusk|
|poke|p2|Ceruledge, F|
|poke|p2|Iron Valiant|
|poke|p2|Clefable, F|
|poke|p2|Scizor, F|
|poke|p2|Milotic, M|
|poke|p2|Mandibuzz, F|
|teampreview
|inactive|Battle timer is ON: inactive players will automatically lose when time's up. (requested by OUMonster2341)
|
|t:|1760361194
|teamsize|p1|6
|teamsize|p2|6
|start
|switch|p1a: Great Tusk|Great Tusk|100/100
|switch|p2a: Scizor|Scizor, F|100/100
|-enditem|p1a: Great Tusk|Booster Energy
|-activate|p1a: Great Tusk|ability: Protosynthesis|[fromitem]
|-start|p1a: Great Tusk|protosynthesisspe
|turn|1
|
|t:|1760361200
|move|p1a: Great Tusk|Bulk Up|p1a: Great Tusk
|-boost|p1a: Great Tusk|atk|1
|-boost|p1a: Great Tusk|def|1
|move|p2a: Scizor|U-turn|p1a: Great Tusk
|-resisted|p1a: Great Tusk
|-damage|p1a: Great Tusk|87/100
|
|t:|1760361207
|switch|p2a: Iron Valiant|Iron Valiant|100/100|[from] U-turn
|-enditem|p2a: Iron Valiant|Booster Energy
|-activate|p2a: Iron Valiant|ability: Quark Drive|[fromitem]
|-start|p2a: Iron Valiant|quarkdrivespe
|
|upkeep
|turn|2
|
|t:|1760361214
|-terastallize|p1a: Great Tusk|Ice
|move|p2a: Iron Valiant|Calm Mind|p2a: Iron Valiant
|-boost|p2a: Iron Valiant|spa|1
|-boost|p2a: Iron Valiant|spd|1
|move|p1a: Great Tusk|Rapid Spin|p2a: Iron Valiant
|-damage|p2a: Iron Valiant|72/100
|-boost|p1a: Great Tusk|spe|1
|
|upkeep
|turn|3
|
|t:|1760361224
|move|p1a: Great Tusk|Headlong Rush|p2a: Iron Valiant
|-damage|p2a: Iron Valiant|0 fnt
|-unboost|p1a: Great Tusk|def|1
|-unboost|p1a: Great Tusk|spd|1
|faint|p2a: Iron Valiant
|-end|p2a: Iron Valiant|Quark Drive|[silent]
|
|upkeep
|
|t:|1760361228
|switch|p2a: Scizor|Scizor, F|100/100
|turn|4
|
|t:|1760361233
|move|p2a: Scizor|Bullet Punch|p1a: Great Tusk
|-supereffective|p1a: Great Tusk
|-damage|p1a: Great Tusk|23/100
|move|p1a: Great Tusk|Headlong Rush|p2a: Scizor
|-damage|p2a: Scizor|15/100
|-unboost|p1a: Great Tusk|def|1
|-unboost|p1a: Great Tusk|spd|1
|
|upkeep
|turn|5
|
|t:|1760361238
|move|p2a: Scizor|Bullet Punch|p1a: Great Tusk
|-supereffective|p1a: Great Tusk
|-damage|p1a: Great Tusk|0 fnt
|faint|p1a: Great Tusk
|-end|p1a: Great Tusk|Protosynthesis|[silent]
|
|upkeep
|
|t:|1760361243
|switch|p1a: Pincurchin|Pincurchin, M|100/100
|-fieldstart|move: Electric Terrain|[from] ability: Electric Surge|[of] p1a: Pincurchin
|turn|6
|
|t:|1760361251
|switch|p2a: Clefable|Clefable, F|100/100
|move|p1a: Pincurchin|Toxic Spikes|p2a: Clefable
|-sidestart|p2: LLZZ09|move: Toxic Spikes
|
|upkeep
|turn|7
|
|t:|1760361258
|move|p2a: Clefable|Wish|p2a: Clefable
|move|p1a: Pincurchin|Toxic Spikes|p2a: Clefable
|-sidestart|p2: LLZZ09|move: Toxic Spikes
|
|upkeep
|turn|8
|
|t:|1760361262
|switch|p2a: Scizor|Scizor, F|15/100
|move|p1a: Pincurchin|Discharge|p2a: Scizor
|-damage|p2a: Scizor|0 fnt
|faint|p2a: Scizor
|
|upkeep
|
|t:|1760361279
|switch|p2a: Mandibuzz|Mandibuzz, F|100/100
|turn|9
|
|t:|1760361289
|move|p2a: Mandibuzz|Knock Off|p1a: Pincurchin
|-damage|p1a: Pincurchin|80/100
|-enditem|p1a: Pincurchin|Terrain Extender|[from] move: Knock Off|[of] p2a: Mandibuzz
|move|p1a: Pincurchin|Discharge|p2a: Mandibuzz
|-supereffective|p2a: Mandibuzz
|-damage|p2a: Mandibuzz|48/100
|-status|p2a: Mandibuzz|par
|
|upkeep
|turn|10
|
|t:|1760361296
|cant|p2a: Mandibuzz|par
|move|p1a: Pincurchin|Discharge|p2a: Mandibuzz
|-supereffective|p2a: Mandibuzz
|-damage|p2a: Mandibuzz|0 fnt
|faint|p2a: Mandibuzz
|
|upkeep
|
|t:|1760361301
|switch|p2a: Clefable|Clefable, F|100/100
|-status|p2a: Clefable|tox
|turn|11
|
|t:|1760361304
|move|p2a: Clefable|Moonblast|p1a: Pincurchin
|-damage|p1a: Pincurchin|40/100
|move|p1a: Pincurchin|Discharge|p2a: Clefable
|-damage|p2a: Clefable|77/100 tox
|
|-heal|p2a: Clefable|83/100 tox|[from] item: Leftovers
|-damage|p2a: Clefable|77/100 tox|[from] psn
|upkeep
|turn|12
|
|t:|1760361309
|move|p2a: Clefable|Moonblast|p1a: Pincurchin
|-damage|p1a: Pincurchin|0 fnt
|faint|p1a: Pincurchin
|
|-heal|p2a: Clefable|83/100 tox|[from] item: Leftovers
|-damage|p2a: Clefable|71/100 tox|[from] psn
|upkeep
|
|t:|1760361313
|switch|p1a: Hawlucha|Hawlucha, M|100/100
|-enditem|p1a: Hawlucha|Electric Seed
|-boost|p1a: Hawlucha|def|1|[from] item: Electric Seed
|turn|13
|
|t:|1760361327
|move|p1a: Hawlucha|Acrobatics|p2a: Clefable
|-damage|p2a: Clefable|17/100 tox
|move|p2a: Clefable|Moonblast|p1a: Hawlucha
|-supereffective|p1a: Hawlucha
|-damage|p1a: Hawlucha|0 fnt
|faint|p1a: Hawlucha
|
|-heal|p2a: Clefable|23/100 tox|[from] item: Leftovers
|-damage|p2a: Clefable|5/100 tox|[from] psn
|-fieldend|move: Electric Terrain
|upkeep
|
|t:|1760361333
|switch|p1a: Raichu|Raichu-Alola, M, shiny|100/100
|turn|14
|
|t:|1760361340
|move|p1a: Raichu|Surf|p2a: Clefable
|-damage|p2a: Clefable|0 fnt
|faint|p2a: Clefable
|
|upkeep
|
|t:|1760361355
|switch|p2a: Ceruledge|Ceruledge, F|100/100
|-status|p2a: Ceruledge|tox
|turn|15
|c|☆OUMonster2341|gg
|
|t:|1760361362
|move|p1a: Raichu|Surf|p2a: Ceruledge
|-supereffective|p2a: Ceruledge
|-crit|p2a: Ceruledge
|-enditem|p2a: Ceruledge|Focus Sash
|-damage|p2a: Ceruledge|1/100 tox
|move|p2a: Ceruledge|Poltergeist|p1a: Raichu
|-activate|p1a: Raichu|move: Poltergeist|Choice Specs
|-supereffective|p1a: Raichu
|-damage|p1a: Raichu|0 fnt
|faint|p1a: Raichu
|
|-damage|p2a: Ceruledge|0 fnt|[from] psn
|faint|p2a: Ceruledge
|upkeep
|
|t:|1760361366
|switch|p1a: Raging Bolt|Raging Bolt|100/100
|switch|p2a: Milotic|Milotic, M|100/100
|-status|p2a: Milotic|tox
|turn|16
|
|t:|1760361377
|move|p1a: Raging Bolt|Volt Switch|p2a: Milotic
|-supereffective|p2a: Milotic
|-damage|p2a: Milotic|52/100 tox
|
|t:|1760361380
|-end|p1a: Raging Bolt|Protosynthesis|[silent]
|switch|p1a: Weavile|Weavile, F, shiny|100/100|[from] Volt Switch
|-ability|p1a: Weavile|Pressure
|move|p2a: Milotic|Ice Beam|p1a: Weavile
|-resisted|p1a: Weavile
|-damage|p1a: Weavile|85/100
|
|-heal|p2a: Milotic|58/100 tox|[from] item: Leftovers
|-damage|p2a: Milotic|52/100 tox|[from] psn
|upkeep
|turn|17
|
|t:|1760361385
|-terastallize|p2a: Milotic|Water
|move|p1a: Weavile|Knock Off|p2a: Milotic
|-damage|p2a: Milotic|5/100 tox
|-enditem|p2a: Milotic|Leftovers|[from] move: Knock Off|[of] p1a: Weavile
|move|p2a: Milotic|Scald|p1a: Weavile
|-damage|p1a: Weavile|36/100
|-status|p1a: Weavile|brn
|
|-damage|p2a: Milotic|0 fnt|[from] psn
|faint|p2a: Milotic
|
|win|OUMonster2341
|raw|OUMonster2341's rating: 1267 &rarr; <strong>1296</strong><br />(+29 for winning)
|raw|LLZZ09's rating: 1318 &rarr; <strong>1295</strong><br />(-23 for losing)
|l|☆OUMonster2341
|player|p1|
|l|☆LLZZ09
|player|p2|
