|j|☆ji4st9r
|j|☆pollalarganolosigu
|t:|1760429644
|gametype|singles
|player|p1|ji4st9r|preschooler|1135
|player|p2|pollalarganolosigu|roughneck|1163
|gen|9
|tier|[Gen 9] OU
|rated|
|rule|HP Percentage Mod: HP is shown in percentages
|rule|Endless Battle Clause: Forcing endless battles is banned
|rule|Species Clause: Limit one of each Pokémon
|rule|OHKO Clause: OHKO moves are banned
|rule|Evasion Items Clause: Evasion items are banned
|rule|Evasion Moves Clause: Evasion moves are banned
|rule|Evasion Abilities Clause: Evasion abilities are banned
|rule|Sleep Moves Clause: Sleep-inducing moves are banned
|clearpoke
|poke|p1|Polteageist|
|poke|p1|Mimikyu, F|
|poke|p1|Venonat, M|
|poke|p1|Jirachi|
|poke|p1|Manaphy|
|poke|p1|Pachirisu, F|
|poke|p2|Pelipper, F|
|poke|p2|Barraskewda, F|
|poke|p2|Thundurus-Therian, M|
|poke|p2|Glimmora, F|
|poke|p2|Drednaw, F|
|poke|p2|Kingambit, M|
|teampreview
|inactive|Battle timer is ON: inactive players will automatically lose when time's up. (requested by pollalarganolosigu)
|
|t:|1760429661
|teamsize|p1|6
|teamsize|p2|6
|start
|switch|p1a: Mimikyu|Mimikyu, F|100/100
|switch|p2a: Pelipper|Pelipper, F|100/100
|-weather|RainDance|[from] ability: Drizzle|[of] p2a: Pelipper
|turn|1
|
|t:|1760429673
|switch|p2a: Glimmora|Glimmora, F|100/100
|move|p1a: Mimikyu|Swords Dance|p1a: Mimikyu
|-boost|p1a: Mimikyu|atk|2
|
|-weather|RainDance|[upkeep]
|upkeep
|turn|2
|
|t:|1760429689
|move|p1a: Mimikyu|Shadow Sneak|p2a: Glimmora
|-damage|p2a: Glimmora|63/100
|-activate|p2a: Glimmora|ability: Toxic Debris
|-sidestart|p1: ji4st9r|move: Toxic Spikes
|move|p2a: Glimmora|Stealth Rock|p1a: Mimikyu
|-sidestart|p1: ji4st9r|move: Stealth Rock
|
|-weather|RainDance|[upkeep]
|upkeep
|turn|3
|
|t:|1760429703
|switch|p1a: Polteageist|Polteageist|100/100
|-status|p1a: Polteageist|psn
|-damage|p1a: Polteageist|88/100 psn|[from] Stealth Rock
|move|p2a: Glimmora|Power Gem|p1a: Polteageist
|-damage|p1a: Polteageist|43/100 psn
|
|-weather|RainDance|[upkeep]
|-damage|p1a: Polteageist|31/100 psn|[from] psn
|upkeep
|turn|4
|
|t:|1760429717
|move|p2a: Glimmora|Power Gem|p1a: Polteageist
|-damage|p1a: Polteageist|0 fnt
|faint|p1a: Polteageist
|
|-weather|RainDance|[upkeep]
|upkeep
|
|t:|1760429722
|switch|p1a: Pachirisu|Pachirisu, F, shiny|100/100
|-status|p1a: Pachirisu|psn
|-damage|p1a: Pachirisu|88/100 psn|[from] Stealth Rock
|turn|5
|
|t:|1760429729
|move|p1a: Pachirisu|Encore|p2a: Glimmora
|-start|p2a: Glimmora|Encore
|move|p2a: Glimmora|Power Gem|p1a: Pachirisu
|-damage|p1a: Pachirisu|32/100 psn
|
|-weather|RainDance|[upkeep]
|-damage|p1a: Pachirisu|20/100 psn|[from] psn
|upkeep
|turn|6
|
|t:|1760429737
|move|p1a: Pachirisu|Endeavor|p2a: Glimmora
|-damage|p2a: Glimmora|17/100
|-activate|p2a: Glimmora|ability: Toxic Debris
|-sidestart|p1: ji4st9r|move: Toxic Spikes
|move|p2a: Glimmora|Power Gem|p1a: Pachirisu
|-damage|p1a: Pachirisu|0 fnt
|faint|p1a: Pachirisu
|
|-weather|RainDance|[upkeep]
|upkeep
|
|t:|1760429748
|switch|p1a: Jirachi|Jirachi|100/100
|-damage|p1a: Jirachi|94/100|[from] Stealth Rock
|turn|7
|
|t:|1760429755
|move|p1a: Jirachi|Zen Headbutt|p2a: Glimmora
|-supereffective|p2a: Glimmora
|-damage|p2a: Glimmora|0 fnt
|faint|p2a: Glimmora
|
|-weather|RainDance|[upkeep]
|upkeep
|
|t:|1760429763
|switch|p2a: Kingambit|Kingambit, M|100/100
|-activate|p2a: Kingambit|ability: Supreme Overlord
|-start|p2a: Kingambit|fallen1|[silent]
|turn|8
|
|t:|1760429769
|switch|p1a: Venonat|Venonat, M|100/100
|-sideend|p1: ji4st9r|move: Toxic Spikes|[of] p1a: Venonat
|-damage|p1a: Venonat|76/100|[from] Stealth Rock
|move|p2a: Kingambit|Sucker Punch||[still]
|-fail|p2a: Kingambit
|
|-weather|none
|upkeep
|turn|9
|
|t:|1760429776
|-end|p2a: Kingambit|fallen1|[silent]
|switch|p2a: Pelipper|Pelipper, F|100/100
|-weather|RainDance|[from] ability: Drizzle|[of] p2a: Pelipper
|move|p1a: Venonat|Stun Spore|p2a: Pelipper
|-status|p2a: Pelipper|par
|
|-weather|RainDance|[upkeep]
|upkeep
|turn|10
|
|t:|1760429784
|move|p1a: Venonat|Toxic Spikes|p2a: Pelipper
|-sidestart|p2: pollalarganolosigu|move: Toxic Spikes
|cant|p2a: Pelipper|par
|
|-weather|RainDance|[upkeep]
|upkeep
|turn|11
|
|t:|1760429789
|move|p1a: Venonat|Toxic Spikes|p2a: Pelipper
|-sidestart|p2: pollalarganolosigu|move: Toxic Spikes
|move|p2a: Pelipper|Hurricane|p1a: Venonat
|-supereffective|p1a: Venonat
|-crit|p1a: Venonat
|-damage|p1a: Venonat|1/100
|
|-weather|RainDance|[upkeep]
|upkeep
|turn|12
|
|t:|1760429797
|move|p1a: Venonat|Endeavor|p2a: Pelipper
|-damage|p2a: Pelipper|1/100 par
|move|p2a: Pelipper|U-turn|p1a: Venonat
|-resisted|p1a: Venonat
|-damage|p1a: Venonat|0 fnt
|faint|p1a: Venonat
|
|t:|1760429800
|switch|p2a: Thundurus|Thundurus-Therian, M|100/100|[from] U-turn
|
|-weather|RainDance|[upkeep]
|upkeep
|
|t:|1760429810
|switch|p1a: Mimikyu|Mimikyu, F|100/100
|-damage|p1a: Mimikyu|88/100|[from] Stealth Rock
|turn|13
|
|t:|1760429817
|move|p2a: Thundurus|Thunder|p1a: Mimikyu
|-activate|p1a: Mimikyu|ability: Disguise
|-damage|p1a: Mimikyu|88/100
|detailschange|p1a: Mimikyu|Mimikyu-Busted, F
|-damage|p1a: Mimikyu|76/100|[from] pokemon: Mimikyu-Busted
|-enditem|p1a: Mimikyu|Red Card|[of] p2a: Thundurus
|drag|p2a: Drednaw|Drednaw, F|100/100
|-status|p2a: Drednaw|tox
|move|p1a: Mimikyu|Swords Dance|p1a: Mimikyu
|-boost|p1a: Mimikyu|atk|2
|
|-weather|RainDance|[upkeep]
|-damage|p2a: Drednaw|94/100 tox|[from] psn
|upkeep
|turn|14
|
|t:|1760429834
|move|p2a: Drednaw|Liquidation|p1a: Mimikyu
|-damage|p1a: Mimikyu|0 fnt
|faint|p1a: Mimikyu
|
|-weather|RainDance|[upkeep]
|-damage|p2a: Drednaw|82/100 tox|[from] psn
|upkeep
|
|t:|1760429840
|switch|p1a: Jirachi|Jirachi|94/100
|-damage|p1a: Jirachi|88/100|[from] Stealth Rock
|turn|15
|
|t:|1760429844
|move|p2a: Drednaw|Liquidation|p1a: Jirachi
|-crit|p1a: Jirachi
|-damage|p1a: Jirachi|0 fnt
|faint|p1a: Jirachi
|
|-weather|RainDance|[upkeep]
|-damage|p2a: Drednaw|63/100 tox|[from] psn
|upkeep
|
|t:|1760429850
|switch|p1a: Manaphy|Manaphy|100/100
|-damage|p1a: Manaphy|88/100|[from] Stealth Rock
|turn|16
|
|t:|1760429857
|move|p2a: Drednaw|Head Smash|p1a: Manaphy|[miss]
|-miss|p2a: Drednaw|p1a: Manaphy
|move|p1a: Manaphy|Acid Armor|p1a: Manaphy
|-boost|p1a: Manaphy|def|2
|
|-weather|none
|-heal|p1a: Manaphy|94/100|[from] item: Leftovers
|-damage|p2a: Drednaw|38/100 tox|[from] psn
|upkeep
|turn|17
|
|t:|1760429865
|move|p1a: Manaphy|Tail Glow|p1a: Manaphy
|-boost|p1a: Manaphy|spa|3
|move|p2a: Drednaw|Head Smash|p1a: Manaphy
|-damage|p1a: Manaphy|55/100
|-damage|p2a: Drednaw|17/100 tox|[from] Recoil
|
|-heal|p1a: Manaphy|61/100|[from] item: Leftovers
|-damage|p2a: Drednaw|0 fnt|[from] psn
|faint|p2a: Drednaw
|upkeep
|
|t:|1760429869
|switch|p2a: Pelipper|Pelipper, F|1/100 par
|-weather|RainDance|[from] ability: Drizzle|[of] p2a: Pelipper
|turn|18
|
|t:|1760429877
|move|p1a: Manaphy|Energy Ball|p2a: Pelipper
|-damage|p2a: Pelipper|0 fnt
|faint|p2a: Pelipper
|
|-weather|RainDance|[upkeep]
|-heal|p1a: Manaphy|67/100|[from] item: Leftovers
|upkeep
|
|t:|1760429886
|switch|p2a: Thundurus|Thundurus-Therian, M|100/100
|turn|19
|
|t:|1760429890
|move|p2a: Thundurus|Thunder|p1a: Manaphy
|-supereffective|p1a: Manaphy
|-damage|p1a: Manaphy|0 fnt
|faint|p1a: Manaphy
|
|win|pollalarganolosigu
|raw|ji4st9r's rating: 1135 &rarr; <strong>1112</strong><br />(-23 for losing)
|raw|pollalarganolosigu's rating: 1163 &rarr; <strong>1186</strong><br />(+23 for winning)
|l|☆ji4st9r
|player|p1|
|l|☆pollalarganolosigu
|player|p2|
