|j|☆7th jim
|j|☆GhetsisUwU
|t:|1760323496
|gametype|singles
|player|p1|7th jim|silver|1540
|player|p2|GhetsisUwU|ghetsis|1516
|gen|9
|tier|[Gen 9] OU
|rated|
|rule|HP Percentage Mod: HP is shown in percentages
|rule|Endless Battle Clause: Forcing endless battles is banned
|rule|Species Clause: Limit one of each Pokémon
|rule|OHKO Clause: OHKO moves are banned
|rule|Evasion Items Clause: Evasion items are banned
|rule|Evasion Moves Clause: Evasion moves are banned
|rule|Evasion Abilities Clause: Evasion abilities are banned
|rule|Sleep Moves Clause: Sleep-inducing moves are banned
|clearpoke
|poke|p1|Ceruledge, M|
|poke|p1|Zamazenta-*|
|poke|p1|Corviknight, M|
|poke|p1|Clodsire, M|
|poke|p1|Iron Hands|
|poke|p1|Blissey, F|
|poke|p2|Ninetales-Alola, F|
|poke|p2|Kyurem|
|poke|p2|Smeargle, M|
|poke|p2|Great Tusk|
|poke|p2|Gholdengo|
|poke|p2|Lokix, F|
|teampreview
|inactive|Battle timer is ON: inactive players will automatically lose when time's up. (requested by GhetsisUwU)
|
|t:|1760323505
|teamsize|p1|6
|teamsize|p2|6
|start
|switch|p1a: Iron Hands|Iron Hands|100/100
|switch|p2a: Smeargle|Smeargle, M, shiny|100/100
|turn|1
|
|t:|1760323510
|move|p2a: Smeargle|Sticky Web|p1a: Iron Hands
|-sidestart|p1: 7th jim|move: Sticky Web
|move|p1a: Iron Hands|Drain Punch|p2a: Smeargle
|-supereffective|p2a: Smeargle
|-enditem|p2a: Smeargle|Focus Sash
|-damage|p2a: Smeargle|1/100
|
|upkeep
|turn|2
|
|t:|1760323514
|move|p2a: Smeargle|Ceaseless Edge|p1a: Iron Hands
|-resisted|p1a: Iron Hands
|-damage|p1a: Iron Hands|98/100
|-sidestart|p1: 7th jim|Spikes
|move|p1a: Iron Hands|Swords Dance|p1a: Iron Hands
|-boost|p1a: Iron Hands|atk|2
|
|upkeep
|turn|3
|
|t:|1760323518
|move|p2a: Smeargle|Ceaseless Edge|p1a: Iron Hands
|-resisted|p1a: Iron Hands
|-damage|p1a: Iron Hands|94/100
|-sidestart|p1: 7th jim|Spikes
|move|p1a: Iron Hands|Drain Punch|p2a: Smeargle
|-supereffective|p2a: Smeargle
|-damage|p2a: Smeargle|0 fnt
|-heal|p1a: Iron Hands|94/100|[from] drain|[of] p2a: Smeargle
|faint|p2a: Smeargle
|
|upkeep
|
|t:|1760323528
|switch|p2a: Ninetales|Ninetales-Alola, F, shiny|100/100
|-weather|Snowscape|[from] ability: Snow Warning|[of] p2a: Ninetales
|turn|4
|
|t:|1760323531
|move|p2a: Ninetales|Aurora Veil|p2a: Ninetales
|-sidestart|p2: GhetsisUwU|move: Aurora Veil
|move|p1a: Iron Hands|Drain Punch|p2a: Ninetales
|-damage|p2a: Ninetales|53/100
|-heal|p1a: Iron Hands|100/100|[from] drain|[of] p2a: Ninetales
|
|-weather|Snowscape|[upkeep]
|upkeep
|turn|5
|
|t:|1760323539
|move|p2a: Ninetales|Moonblast|p1a: Iron Hands
|-supereffective|p1a: Iron Hands
|-damage|p1a: Iron Hands|36/100
|move|p1a: Iron Hands|Drain Punch|p2a: Ninetales
|-damage|p2a: Ninetales|4/100
|-heal|p1a: Iron Hands|52/100|[from] drain|[of] p2a: Ninetales
|
|-weather|Snowscape|[upkeep]
|upkeep
|turn|6
|
|t:|1760323542
|-end|p1a: Iron Hands|Quark Drive|[silent]
|switch|p1a: Corviknight|Corviknight, M|100/100
|-ability|p1a: Corviknight|Pressure
|move|p2a: Ninetales|Moonblast|p1a: Corviknight
|-resisted|p1a: Corviknight
|-damage|p1a: Corviknight|84/100
|
|-weather|Snowscape|[upkeep]
|-heal|p1a: Corviknight|90/100|[from] item: Leftovers
|upkeep
|turn|7
|
|t:|1760323545
|switch|p2a: Gholdengo|Gholdengo, shiny|100/100
|-item|p2a: Gholdengo|Air Balloon
|move|p1a: Corviknight|U-turn|p2a: Gholdengo
|-resisted|p2a: Gholdengo
|-damage|p2a: Gholdengo|99/100
|-enditem|p2a: Gholdengo|Air Balloon
|
|t:|1760323556
|switch|p1a: Ceruledge|Ceruledge, M, shiny|100/100|[from] U-turn
|-activate|p1a: Ceruledge|move: Sticky Web
|-unboost|p1a: Ceruledge|spe|1
|-damage|p1a: Ceruledge|84/100|[from] Spikes
|
|-weather|Snowscape|[upkeep]
|upkeep
|turn|8
|
|t:|1760323562
|switch|p1a: Blissey|Blissey, F|100/100
|-activate|p1a: Blissey|move: Sticky Web
|-unboost|p1a: Blissey|spe|1
|-damage|p1a: Blissey|84/100|[from] Spikes
|move|p2a: Gholdengo|Shadow Ball|p1a: Blissey
|-immune|p1a: Blissey
|
|-weather|none
|-heal|p1a: Blissey|90/100|[from] item: Leftovers
|upkeep
|turn|9
|
|t:|1760323573
|switch|p2a: Lokix|Lokix, F|100/100
|move|p1a: Blissey|Thunder Wave|p2a: Lokix
|-status|p2a: Lokix|par
|
|-heal|p1a: Blissey|96/100|[from] item: Leftovers
|upkeep
|turn|10
|
|t:|1760323579
|switch|p1a: Corviknight|Corviknight, M|90/100
|-ability|p1a: Corviknight|Pressure
|cant|p2a: Lokix|par
|
|-heal|p1a: Corviknight|96/100|[from] item: Leftovers
|upkeep
|turn|11
|
|t:|1760323585
|move|p1a: Corviknight|U-turn|p2a: Lokix
|-supereffective|p2a: Lokix
|-damage|p2a: Lokix|78/100 par
|
|t:|1760323596
|switch|p1a: Iron Hands|Iron Hands|52/100|[from] U-turn
|-activate|p1a: Iron Hands|move: Sticky Web
|-unboost|p1a: Iron Hands|spe|1
|-damage|p1a: Iron Hands|35/100|[from] Spikes
|move|p2a: Lokix|U-turn|p1a: Iron Hands
|-resisted|p1a: Iron Hands
|-damage|p1a: Iron Hands|0 fnt
|faint|p1a: Iron Hands
|-end|p1a: Iron Hands|Quark Drive|[silent]
|
|t:|1760323605
|switch|p2a: Ninetales|Ninetales-Alola, F, shiny|4/100|[from] U-turn
|-weather|Snowscape|[from] ability: Snow Warning|[of] p2a: Ninetales
|
|-weather|Snowscape|[upkeep]
|-sideend|p2: GhetsisUwU|move: Aurora Veil
|upkeep
|
|t:|1760323609
|switch|p1a: Corviknight|Corviknight, M|96/100
|-ability|p1a: Corviknight|Pressure
|turn|12
|
|t:|1760323614
|switch|p2a: Gholdengo|Gholdengo, shiny|99/100
|move|p1a: Corviknight|Defog|p2a: Gholdengo
|-immune|p2a: Gholdengo|[from] ability: Good as Gold
|
|-weather|Snowscape|[upkeep]
|-heal|p1a: Corviknight|100/100|[from] item: Leftovers
|upkeep
|turn|13
|
|t:|1760323619
|switch|p1a: Blissey|Blissey, F|96/100
|-activate|p1a: Blissey|move: Sticky Web
|-unboost|p1a: Blissey|spe|1
|-damage|p1a: Blissey|80/100|[from] Spikes
|move|p2a: Gholdengo|Nasty Plot|p2a: Gholdengo
|-boost|p2a: Gholdengo|spa|2
|
|-weather|Snowscape|[upkeep]
|-heal|p1a: Blissey|86/100|[from] item: Leftovers
|upkeep
|turn|14
|
|t:|1760323624
|move|p2a: Gholdengo|Make It Rain|p1a: Blissey
|-damage|p1a: Blissey|46/100
|-unboost|p2a: Gholdengo|spa|1
|move|p1a: Blissey|Thunder Wave|p2a: Gholdengo
|-immune|p2a: Gholdengo|[from] ability: Good as Gold
|
|-weather|Snowscape|[upkeep]
|-heal|p1a: Blissey|52/100|[from] item: Leftovers
|upkeep
|turn|15
|
|t:|1760323631
|move|p2a: Gholdengo|Nasty Plot|p2a: Gholdengo
|-boost|p2a: Gholdengo|spa|2
|move|p1a: Blissey|Soft-Boiled|p1a: Blissey
|-heal|p1a: Blissey|100/100
|
|-weather|none
|upkeep
|turn|16
|
|t:|1760323636
|switch|p1a: Corviknight|Corviknight, M|100/100
|-ability|p1a: Corviknight|Pressure
|move|p2a: Gholdengo|Shadow Ball|p1a: Corviknight
|-damage|p1a: Corviknight|0 fnt
|faint|p1a: Corviknight
|
|upkeep
|
|t:|1760323639
|switch|p1a: Clodsire|Clodsire, M|100/100
|turn|17
|
|t:|1760323649
|switch|p2a: Ninetales|Ninetales-Alola, F, shiny|4/100
|-weather|Snowscape|[from] ability: Snow Warning|[of] p2a: Ninetales
|move|p1a: Clodsire|Earthquake|p2a: Ninetales
|-damage|p2a: Ninetales|0 fnt
|faint|p2a: Ninetales
|
|-weather|Snowscape|[upkeep]
|upkeep
|
|t:|1760323663
|switch|p2a: Lokix|Lokix, F|78/100 par
|turn|18
|
|t:|1760323678
|switch|p1a: Zamazenta|Zamazenta|100/100
|-activate|p1a: Zamazenta|move: Sticky Web
|-unboost|p1a: Zamazenta|spe|1
|-damage|p1a: Zamazenta|84/100|[from] Spikes
|-ability|p1a: Zamazenta|Dauntless Shield|boost
|-boost|p1a: Zamazenta|def|1
|move|p2a: Lokix|Knock Off|p1a: Zamazenta
|-resisted|p1a: Zamazenta
|-damage|p1a: Zamazenta|55/100
|-enditem|p1a: Zamazenta|Leftovers|[from] move: Knock Off|[of] p2a: Lokix
|
|-weather|Snowscape|[upkeep]
|upkeep
|turn|19
|
|t:|1760323693
|switch|p2a: Gholdengo|Gholdengo, shiny|99/100
|move|p1a: Zamazenta|Crunch|p2a: Gholdengo
|-supereffective|p2a: Gholdengo
|-damage|p2a: Gholdengo|48/100
|
|-weather|Snowscape|[upkeep]
|upkeep
|turn|20
|
|t:|1760323698
|move|p2a: Gholdengo|Shadow Ball|p1a: Zamazenta
|-damage|p1a: Zamazenta|23/100
|move|p1a: Zamazenta|Crunch|p2a: Gholdengo
|-supereffective|p2a: Gholdengo
|-damage|p2a: Gholdengo|0 fnt
|faint|p2a: Gholdengo
|
|-weather|Snowscape|[upkeep]
|upkeep
|
|t:|1760323703
|switch|p2a: Lokix|Lokix, F|78/100 par
|turn|21
|
|t:|1760323709
|move|p1a: Zamazenta|Body Press|p2a: Lokix
|-damage|p2a: Lokix|0 fnt
|faint|p2a: Lokix
|
|-weather|none
|upkeep
|
|t:|1760323718
|switch|p2a: Kyurem|Kyurem, shiny|100/100
|-ability|p2a: Kyurem|Pressure
|turn|22
|
|t:|1760323726
|move|p2a: Kyurem|Icicle Spear|p1a: Zamazenta
|-damage|p1a: Zamazenta|16/100
|-damage|p1a: Zamazenta|9/100
|-damage|p1a: Zamazenta|2/100
|-damage|p1a: Zamazenta|0 fnt
|faint|p1a: Zamazenta
|-hitcount|p1: Zamazenta|4
|
|upkeep
|
|t:|1760323733
|switch|p1a: Ceruledge|Ceruledge, M, shiny|84/100
|-activate|p1a: Ceruledge|move: Sticky Web
|-unboost|p1a: Ceruledge|spe|1
|-damage|p1a: Ceruledge|68/100|[from] Spikes
|turn|23
|
|t:|1760323739
|switch|p2a: Great Tusk|Great Tusk, shiny|100/100
|-terastallize|p1a: Ceruledge|Ghost
|move|p1a: Ceruledge|Poltergeist|p2a: Great Tusk
|-activate|p2a: Great Tusk|move: Poltergeist|Heavy-Duty Boots
|-damage|p2a: Great Tusk|26/100
|
|upkeep
|turn|24
|
|t:|1760323748
|move|p1a: Ceruledge|Shadow Sneak|p2a: Great Tusk
|-damage|p2a: Great Tusk|1/100
|move|p2a: Great Tusk|Knock Off|p1a: Ceruledge
|-supereffective|p1a: Ceruledge
|-damage|p1a: Ceruledge|0 fnt
|-enditem|p1a: Ceruledge|Spell Tag|[from] move: Knock Off|[of] p2a: Great Tusk
|faint|p1a: Ceruledge
|
|upkeep
|-message|7th jim forfeited.
|
|win|GhetsisUwU
|raw|7th jim's rating: 1540 &rarr; <strong>1519</strong><br />(-21 for losing)
|raw|GhetsisUwU's rating: 1516 &rarr; <strong>1537</strong><br />(+21 for winning)
|l|☆7th jim
|player|p1|
|l|☆GhetsisUwU
|player|p2|
|j|☆GhetsisUwU
|player|p2|GhetsisUwU|ghetsis|
