|j|☆modegobelin
|j|☆RocksDXebeccc
|t:|1760410801
|gametype|singles
|player|p1|modegobelin|102|1650
|player|p2|RocksDXebeccc|265|1705
|gen|9
|tier|[Gen 9] OU
|rated|
|rule|HP Percentage Mod: HP is shown in percentages
|rule|Endless Battle Clause: Forcing endless battles is banned
|rule|Species Clause: Limit one of each Pokémon
|rule|OHKO Clause: OHKO moves are banned
|rule|Evasion Items Clause: Evasion items are banned
|rule|Evasion Moves Clause: Evasion moves are banned
|rule|Evasion Abilities Clause: Evasion abilities are banned
|rule|Sleep Moves Clause: Sleep-inducing moves are banned
|clearpoke
|poke|p1|Chesnaught, M|
|poke|p1|Garganacl, F|
|poke|p1|Darkrai|
|poke|p1|Iron Valiant|
|poke|p1|Iron Treads|
|poke|p1|Moltres|
|poke|p2|Cinderace, F|
|poke|p2|Landorus-Therian, M|
|poke|p2|Gholdengo|
|poke|p2|Clefable, M|
|poke|p2|Mimikyu, F|
|poke|p2|Toxapex, M|
|teampreview
|
|t:|1760410811
|teamsize|p1|6
|teamsize|p2|6
|start
|switch|p1a: Darkrai|Darkrai|100/100
|switch|p2a: Toxapex|Toxapex, M|100/100
|turn|1
|
|t:|1760410821
|move|p1a: Darkrai|Knock Off|p2a: Toxapex
|-damage|p2a: Toxapex|78/100
|-enditem|p2a: Toxapex|Leftovers|[from] move: Knock Off|[of] p1a: Darkrai
|move|p2a: Toxapex|Toxic|p1a: Darkrai
|-status|p1a: Darkrai|tox
|
|-damage|p1a: Darkrai|94/100 tox|[from] psn
|upkeep
|turn|2
|
|t:|1760410829
|switch|p1a: Garganacl|Garganacl, F|100/100
|move|p2a: Toxapex|Surf|p1a: Garganacl
|-supereffective|p1a: Garganacl
|-damage|p1a: Garganacl|75/100
|
|-heal|p1a: Garganacl|81/100|[from] item: Leftovers
|upkeep
|turn|3
|
|t:|1760410836
|switch|p2a: Landorus|Landorus-Therian, M|100/100
|-ability|p2a: Landorus|Intimidate|boost
|-unboost|p1a: Garganacl|atk|1
|move|p1a: Garganacl|Salt Cure|p2a: Landorus
|-damage|p2a: Landorus|92/100
|-start|p2a: Landorus|Salt Cure
|
|-heal|p2a: Landorus|98/100|[from] item: Leftovers
|-heal|p1a: Garganacl|88/100|[from] item: Leftovers
|-damage|p2a: Landorus|85/100|[from] Salt Cure
|upkeep
|turn|4
|
|t:|1760410846
|switch|p1a: Chesnaught|Chesnaught, M|100/100
|move|p2a: Landorus|Stealth Rock|p1a: Chesnaught
|-sidestart|p1: modegobelin|move: Stealth Rock
|
|-heal|p2a: Landorus|91/100|[from] item: Leftovers
|-damage|p2a: Landorus|79/100|[from] Salt Cure
|upkeep
|turn|5
|
|t:|1760410852
|move|p2a: Landorus|Taunt|p1a: Chesnaught
|-start|p1a: Chesnaught|move: Taunt
|cant|p1a: Chesnaught|move: Taunt|Spikes
|
|-heal|p2a: Landorus|85/100|[from] item: Leftovers
|-damage|p2a: Landorus|73/100|[from] Salt Cure
|upkeep
|turn|6
|
|t:|1760410863
|switch|p2a: Toxapex|Toxapex, M|100/100
|move|p1a: Chesnaught|Body Press|p2a: Toxapex
|-resisted|p2a: Toxapex
|-damage|p2a: Toxapex|83/100
|
|upkeep
|turn|7
|
|t:|1760410876
|switch|p1a: Garganacl|Garganacl, F|88/100
|-damage|p1a: Garganacl|75/100|[from] Stealth Rock
|move|p2a: Toxapex|Surf|p1a: Garganacl
|-supereffective|p1a: Garganacl
|-damage|p1a: Garganacl|47/100
|
|-heal|p1a: Garganacl|53/100|[from] item: Leftovers
|upkeep
|turn|8
|
|t:|1760410884
|switch|p2a: Clefable|Clefable, M|100/100
|move|p1a: Garganacl|Stealth Rock|p2a: Clefable
|-sidestart|p2: RocksDXebeccc|move: Stealth Rock
|
|-heal|p1a: Garganacl|59/100|[from] item: Leftovers
|upkeep
|turn|9
|
|t:|1760410890
|switch|p1a: Iron Treads|Iron Treads|100/100
|-damage|p1a: Iron Treads|97/100|[from] Stealth Rock
|move|p2a: Clefable|Moonblast|p1a: Iron Treads
|-resisted|p1a: Iron Treads
|-damage|p1a: Iron Treads|72/100
|-unboost|p1a: Iron Treads|spa|1
|
|-heal|p1a: Iron Treads|78/100|[from] item: Leftovers
|upkeep
|turn|10
|
|t:|1760410899
|move|p1a: Iron Treads|Rapid Spin|p2a: Clefable
|-damage|p2a: Clefable|86/100
|-boost|p1a: Iron Treads|spe|1
|-sideend|p1: modegobelin|Stealth Rock|[from] move: Rapid Spin|[of] p1a: Iron Treads
|move|p2a: Clefable|Flamethrower|p1a: Iron Treads
|-supereffective|p1a: Iron Treads
|-damage|p1a: Iron Treads|16/100
|
|-heal|p1a: Iron Treads|22/100|[from] item: Leftovers
|upkeep
|turn|11
|
|t:|1760410912
|-end|p1a: Iron Treads|Quark Drive|[silent]
|switch|p1a: Moltres|Moltres|100/100
|move|p2a: Clefable|Moonblast|p1a: Moltres
|-resisted|p1a: Moltres
|-damage|p1a: Moltres|72/100
|-unboost|p1a: Moltres|spa|1
|
|upkeep
|turn|12
|
|t:|1760410919
|move|p1a: Moltres|Flamethrower|p2a: Clefable
|-damage|p2a: Clefable|63/100
|-status|p2a: Clefable|brn
|move|p2a: Clefable|Thunderbolt|p1a: Moltres
|-supereffective|p1a: Moltres
|-damage|p1a: Moltres|0 fnt
|faint|p1a: Moltres
|
|upkeep
|j| frutillaroja
|
|t:|1760410932
|switch|p1a: Iron Treads|Iron Treads|22/100
|turn|13
|
|t:|1760410939
|move|p1a: Iron Treads|Knock Off|p2a: Clefable
|-resisted|p2a: Clefable
|-damage|p2a: Clefable|50/100 brn
|-enditem|p2a: Clefable|Life Orb|[from] move: Knock Off|[of] p1a: Iron Treads
|move|p2a: Clefable|Flamethrower|p1a: Iron Treads
|-supereffective|p1a: Iron Treads
|-damage|p1a: Iron Treads|0 fnt
|faint|p1a: Iron Treads
|-end|p1a: Iron Treads|Quark Drive|[silent]
|
|upkeep
|
|t:|1760410949
|switch|p1a: Iron Valiant|Iron Valiant|100/100
|turn|14
|
|t:|1760410954
|move|p1a: Iron Valiant|Encore|p2a: Clefable
|-start|p2a: Clefable|Encore
|move|p2a: Clefable|Flamethrower|p1a: Iron Valiant
|-damage|p1a: Iron Valiant|43/100
|
|upkeep
|turn|15
|
|t:|1760410964
|move|p1a: Iron Valiant|Moonblast|p2a: Clefable
|-damage|p2a: Clefable|9/100 brn
|-unboost|p2a: Clefable|spa|1
|move|p2a: Clefable|Flamethrower|p1a: Iron Valiant
|-damage|p1a: Iron Valiant|7/100
|
|upkeep
|turn|16
|
|t:|1760410975
|switch|p2a: Cinderace|Cinderace, F|100/100
|move|p1a: Iron Valiant|Moonblast|p2a: Cinderace
|-resisted|p2a: Cinderace
|-damage|p2a: Cinderace|70/100
|-unboost|p2a: Cinderace|spa|1
|
|upkeep
|turn|17
|
|t:|1760410982
|-end|p1a: Iron Valiant|Quark Drive|[silent]
|switch|p1a: Chesnaught|Chesnaught, M|100/100
|move|p2a: Cinderace|Pyro Ball|p1a: Chesnaught
|-immune|p1a: Chesnaught|[from] ability: Bulletproof
|
|upkeep
|turn|18
|
|t:|1760410988
|move|p2a: Cinderace|U-turn|p1a: Chesnaught
|-start|p2a: Cinderace|typechange|Bug|[from] ability: Libero
|-damage|p1a: Chesnaught|82/100
|-damage|p2a: Cinderace|53/100|[from] item: Rocky Helmet|[of] p1a: Chesnaught
|
|t:|1760411002
|switch|p2a: Clefable|Clefable, M|9/100 brn|[from] U-turn
|move|p1a: Chesnaught|Leech Seed|p2a: Clefable
|-start|p2a: Clefable|move: Leech Seed
|
|upkeep
|turn|19
|
|t:|1760411008
|move|p1a: Chesnaught|Body Press|p2a: Clefable
|-resisted|p2a: Clefable
|-damage|p2a: Clefable|0 fnt
|faint|p2a: Clefable
|
|upkeep
|
|t:|1760411016
|switch|p2a: Mimikyu|Mimikyu, F|100/100
|-damage|p2a: Mimikyu|88/100|[from] Stealth Rock
|turn|20
|
|t:|1760411027
|switch|p1a: Iron Valiant|Iron Valiant|7/100
|move|p2a: Mimikyu|Swords Dance|p2a: Mimikyu
|-boost|p2a: Mimikyu|atk|2
|
|upkeep
|turn|21
|
|t:|1760411031
|move|p2a: Mimikyu|Shadow Sneak|p1a: Iron Valiant
|-crit|p1a: Iron Valiant
|-damage|p1a: Iron Valiant|0 fnt
|faint|p1a: Iron Valiant
|-end|p1a: Iron Valiant|Quark Drive|[silent]
|-damage|p2a: Mimikyu|78/100|[from] item: Life Orb
|
|upkeep
|
|t:|1760411037
|switch|p1a: Darkrai|Darkrai|94/100 tox
|turn|22
|
|t:|1760411045
|switch|p2a: Toxapex|Toxapex, M|100/100
|-damage|p2a: Toxapex|88/100|[from] Stealth Rock
|move|p1a: Darkrai|Dark Pulse|p2a: Toxapex
|-crit|p2a: Toxapex
|-damage|p2a: Toxapex|55/100
|
|-heal|p1a: Darkrai|100/100 tox|[from] item: Leftovers
|-damage|p1a: Darkrai|94/100 tox|[from] psn
|upkeep
|turn|23
|
|t:|1760411054
|switch|p1a: Garganacl|Garganacl, F|59/100
|move|p2a: Toxapex|Surf|p1a: Garganacl
|-supereffective|p1a: Garganacl
|-damage|p1a: Garganacl|34/100
|
|-heal|p1a: Garganacl|40/100|[from] item: Leftovers
|upkeep
|turn|24
|
|t:|1760411064
|switch|p2a: Gholdengo|Gholdengo|100/100
|-damage|p2a: Gholdengo|94/100|[from] Stealth Rock
|move|p1a: Garganacl|Recover|p1a: Garganacl
|-heal|p1a: Garganacl|90/100
|
|-heal|p1a: Garganacl|96/100|[from] item: Leftovers
|upkeep
|turn|25
|
|t:|1760411071
|-terastallize|p1a: Garganacl|Water
|move|p2a: Gholdengo|Make It Rain|p1a: Garganacl
|-resisted|p1a: Garganacl
|-damage|p1a: Garganacl|74/100
|-unboost|p2a: Gholdengo|spa|1
|move|p1a: Garganacl|Salt Cure|p2a: Gholdengo
|-resisted|p2a: Gholdengo
|-damage|p2a: Gholdengo|87/100
|-start|p2a: Gholdengo|Salt Cure
|
|-heal|p1a: Garganacl|80/100|[from] item: Leftovers
|-damage|p2a: Gholdengo|62/100|[from] Salt Cure
|upkeep
|turn|26
|
|t:|1760411095
|switch|p2a: Toxapex|Toxapex, M|88/100
|-damage|p2a: Toxapex|76/100|[from] Stealth Rock
|move|p1a: Garganacl|Salt Cure|p2a: Toxapex
|-damage|p2a: Toxapex|65/100
|-start|p2a: Toxapex|Salt Cure
|
|-heal|p1a: Garganacl|86/100|[from] item: Leftovers
|-damage|p2a: Toxapex|40/100|[from] Salt Cure
|upkeep
|turn|27
|
|t:|1760411105
|move|p2a: Toxapex|Recover|p2a: Toxapex
|-heal|p2a: Toxapex|90/100
|move|p1a: Garganacl|Salt Cure|p2a: Toxapex
|-damage|p2a: Toxapex|79/100
|
|-heal|p1a: Garganacl|92/100|[from] item: Leftovers
|-damage|p2a: Toxapex|54/100|[from] Salt Cure
|upkeep
|turn|28
|
|t:|1760411114
|move|p1a: Garganacl|Salt Cure|p2a: Toxapex
|-damage|p2a: Toxapex|42/100
|move|p2a: Toxapex|Recover|p2a: Toxapex
|-heal|p2a: Toxapex|92/100
|
|-heal|p1a: Garganacl|99/100|[from] item: Leftovers
|-damage|p2a: Toxapex|67/100|[from] Salt Cure
|upkeep
|turn|29
|
|t:|1760411149
|switch|p2a: Landorus|Landorus-Therian, M|73/100
|-damage|p2a: Landorus|60/100|[from] Stealth Rock
|-ability|p2a: Landorus|Intimidate|boost
|-unboost|p1a: Garganacl|atk|1
|move|p1a: Garganacl|Salt Cure|p2a: Landorus
|-damage|p2a: Landorus|52/100
|-start|p2a: Landorus|Salt Cure
|
|-heal|p2a: Landorus|58/100|[from] item: Leftovers
|-heal|p1a: Garganacl|100/100|[from] item: Leftovers
|-damage|p2a: Landorus|46/100|[from] Salt Cure
|upkeep
|turn|30
|
|t:|1760411159
|move|p1a: Garganacl|Protect|p1a: Garganacl
|-singleturn|p1a: Garganacl|Protect
|move|p2a: Landorus|Earthquake|p1a: Garganacl
|-activate|p1a: Garganacl|move: Protect
|
|-heal|p2a: Landorus|52/100|[from] item: Leftovers
|-damage|p2a: Landorus|39/100|[from] Salt Cure
|upkeep
|turn|31
|
|t:|1760411171
|switch|p1a: Chesnaught|Chesnaught, M|82/100
|move|p2a: Landorus|Earthquake|p1a: Chesnaught
|-resisted|p1a: Chesnaught
|-damage|p1a: Chesnaught|69/100
|
|-heal|p2a: Landorus|45/100|[from] item: Leftovers
|-damage|p2a: Landorus|33/100|[from] Salt Cure
|upkeep
|turn|32
|
|t:|1760411182
|switch|p1a: Garganacl|Garganacl, F, tera:Water|100/100
|move|p2a: Landorus|Taunt|p1a: Garganacl
|-start|p1a: Garganacl|move: Taunt
|
|-heal|p2a: Landorus|39/100|[from] item: Leftovers
|-damage|p2a: Landorus|27/100|[from] Salt Cure
|upkeep
|turn|33
|
|t:|1760411194
|switch|p2a: Toxapex|Toxapex, M|99/100
|-damage|p2a: Toxapex|88/100|[from] Stealth Rock
|switch|p1a: Chesnaught|Chesnaught, M|69/100
|
|upkeep
|turn|34
|
|t:|1760411203
|switch|p1a: Garganacl|Garganacl, F, tera:Water|100/100
|switch|p2a: Cinderace|Cinderace, F|53/100
|
|upkeep
|turn|35
|l| frutillaroja
|
|t:|1760411208
|move|p2a: Cinderace|Court Change|p2a: Cinderace
|-start|p2a: Cinderace|typechange|Normal|[from] ability: Libero
|-swapsideconditions
|-activate|p2a: Cinderace|move: Court Change
|move|p1a: Garganacl|Salt Cure|p2a: Cinderace
|-damage|p2a: Cinderace|31/100
|-start|p2a: Cinderace|Salt Cure
|
|-damage|p2a: Cinderace|19/100|[from] Salt Cure
|upkeep
|turn|36
|
|t:|1760411215
|move|p2a: Cinderace|U-turn|p1a: Garganacl
|-damage|p1a: Garganacl|85/100
|
|t:|1760411224
|switch|p2a: Landorus|Landorus-Therian, M|27/100|[from] U-turn
|-ability|p2a: Landorus|Intimidate|boost
|-unboost|p1a: Garganacl|atk|1
|move|p1a: Garganacl|Salt Cure|p2a: Landorus
|-damage|p2a: Landorus|17/100
|-start|p2a: Landorus|Salt Cure
|
|-heal|p2a: Landorus|23/100|[from] item: Leftovers
|-heal|p1a: Garganacl|91/100|[from] item: Leftovers
|-damage|p2a: Landorus|11/100|[from] Salt Cure
|upkeep
|turn|37
|j| kyrie sauce
|
|t:|1760411240
|switch|p2a: Gholdengo|Gholdengo|62/100
|move|p1a: Garganacl|Protect||[still]
|-fail|p1a: Garganacl
|
|-heal|p1a: Garganacl|97/100|[from] item: Leftovers
|upkeep
|turn|38
|
|t:|1760411246
|move|p1a: Garganacl|Protect|p1a: Garganacl
|-singleturn|p1a: Garganacl|Protect
|move|p2a: Gholdengo|Trick|p1a: Garganacl
|-activate|p1a: Garganacl|move: Protect
|
|-heal|p1a: Garganacl|100/100|[from] item: Leftovers
|upkeep
|turn|39
|
|t:|1760411255
|switch|p1a: Darkrai|Darkrai|94/100 tox
|-damage|p1a: Darkrai|82/100 tox|[from] Stealth Rock
|move|p2a: Gholdengo|Trick|p1a: Darkrai
|-activate|p2a: Gholdengo|move: Trick|[of] p1a: Darkrai
|-item|p1a: Darkrai|Choice Scarf|[from] move: Trick
|-item|p2a: Gholdengo|Leftovers|[from] move: Trick
|
|-heal|p2a: Gholdengo|68/100|[from] item: Leftovers
|-damage|p1a: Darkrai|76/100 tox|[from] psn
|upkeep
|turn|40
|
|t:|1760411264
|switch|p2a: Toxapex|Toxapex, M|100/100
|move|p1a: Darkrai|Dark Pulse|p2a: Toxapex
|-damage|p2a: Toxapex|76/100
|
|-damage|p1a: Darkrai|64/100 tox|[from] psn
|upkeep
|turn|41
|
|t:|1760411272
|switch|p1a: Garganacl|Garganacl, F, tera:Water|100/100
|-damage|p1a: Garganacl|88/100|[from] Stealth Rock
|switch|p2a: Cinderace|Cinderace, F|19/100
|
|-heal|p1a: Garganacl|94/100|[from] item: Leftovers
|upkeep
|turn|42
|
|t:|1760411284
|move|p2a: Cinderace|U-turn|p1a: Garganacl
|-start|p2a: Cinderace|typechange|Bug|[from] ability: Libero
|-damage|p1a: Garganacl|73/100
|
|t:|1760411302
|switch|p2a: Landorus|Landorus-Therian, M|11/100|[from] U-turn
|-ability|p2a: Landorus|Intimidate|boost
|-unboost|p1a: Garganacl|atk|1
|move|p1a: Garganacl|Salt Cure|p2a: Landorus
|-damage|p2a: Landorus|3/100
|-start|p2a: Landorus|Salt Cure
|
|-heal|p2a: Landorus|9/100|[from] item: Leftovers
|-heal|p1a: Garganacl|79/100|[from] item: Leftovers
|-damage|p2a: Landorus|0 fnt|[from] Salt Cure
|faint|p2a: Landorus
|upkeep
|
|t:|1760411314
|switch|p2a: Mimikyu|Mimikyu, F|78/100
|turn|43
|
|t:|1760411317
|move|p2a: Mimikyu|Swords Dance|p2a: Mimikyu
|-boost|p2a: Mimikyu|atk|2
|move|p1a: Garganacl|Salt Cure|p2a: Mimikyu
|-activate|p2a: Mimikyu|ability: Disguise
|-damage|p2a: Mimikyu|78/100
|-start|p2a: Mimikyu|Salt Cure
|detailschange|p2a: Mimikyu|Mimikyu-Busted, F
|-damage|p2a: Mimikyu|66/100|[from] pokemon: Mimikyu-Busted
|
|-heal|p1a: Garganacl|85/100|[from] item: Leftovers
|-damage|p2a: Mimikyu|53/100|[from] Salt Cure
|upkeep
|turn|44
|
|t:|1760411331
|switch|p1a: Chesnaught|Chesnaught, M|69/100
|-damage|p1a: Chesnaught|63/100|[from] Stealth Rock
|move|p2a: Mimikyu|Play Rough|p1a: Chesnaught
|-supereffective|p1a: Chesnaught
|-damage|p1a: Chesnaught|0 fnt
|-damage|p2a: Mimikyu|37/100|[from] item: Rocky Helmet|[of] p1a: Chesnaught
|faint|p1a: Chesnaught
|-damage|p2a: Mimikyu|27/100|[from] item: Life Orb
|
|-damage|p2a: Mimikyu|15/100|[from] Salt Cure
|upkeep
|
|t:|1760411333
|switch|p1a: Darkrai|Darkrai|64/100 tox
|-damage|p1a: Darkrai|51/100 tox|[from] Stealth Rock
|turn|45
|
|t:|1760411345
|switch|p2a: Toxapex|Toxapex, M|100/100
|move|p1a: Darkrai|Will-O-Wisp|p2a: Toxapex
|-status|p2a: Toxapex|brn
|
|-damage|p1a: Darkrai|45/100 tox|[from] psn
|-damage|p2a: Toxapex|94/100 brn|[from] brn
|upkeep
|turn|46
|
|t:|1760411360
|switch|p1a: Garganacl|Garganacl, F, tera:Water|85/100
|-damage|p1a: Garganacl|73/100|[from] Stealth Rock
|move|p2a: Toxapex|Surf|p1a: Garganacl
|-resisted|p1a: Garganacl
|-damage|p1a: Garganacl|67/100
|
|-heal|p1a: Garganacl|73/100|[from] item: Leftovers
|-damage|p2a: Toxapex|88/100 brn|[from] brn
|upkeep
|turn|47
|
|t:|1760411369
|move|p2a: Toxapex|Baneful Bunker|p2a: Toxapex
|-singleturn|p2a: Toxapex|move: Protect
|move|p1a: Garganacl|Salt Cure|p2a: Toxapex
|-activate|p2a: Toxapex|move: Protect
|
|-heal|p1a: Garganacl|79/100|[from] item: Leftovers
|-damage|p2a: Toxapex|82/100 brn|[from] brn
|upkeep
|turn|48
|
|t:|1760411378
|move|p2a: Toxapex|Baneful Bunker||[still]
|-fail|p2a: Toxapex
|move|p1a: Garganacl|Salt Cure|p2a: Toxapex
|-damage|p2a: Toxapex|71/100 brn
|-start|p2a: Toxapex|Salt Cure
|
|-heal|p1a: Garganacl|85/100|[from] item: Leftovers
|-damage|p2a: Toxapex|65/100 brn|[from] brn
|-damage|p2a: Toxapex|40/100 brn|[from] Salt Cure
|upkeep
|turn|49
|
|t:|1760411389
|move|p2a: Toxapex|Recover|p2a: Toxapex
|-heal|p2a: Toxapex|90/100 brn
|move|p1a: Garganacl|Stealth Rock|p2a: Toxapex
|-sidestart|p2: RocksDXebeccc|move: Stealth Rock
|
|-heal|p1a: Garganacl|92/100|[from] item: Leftovers
|-damage|p2a: Toxapex|83/100 brn|[from] brn
|-damage|p2a: Toxapex|58/100 brn|[from] Salt Cure
|upkeep
|turn|50
|
|t:|1760411407
|switch|p2a: Cinderace|Cinderace, F|19/100
|move|p1a: Garganacl|Protect||[still]
|-fail|p1a: Garganacl
|
|-heal|p1a: Garganacl|98/100|[from] item: Leftovers
|upkeep
|turn|51
|
|t:|1760411414
|move|p2a: Cinderace|U-turn|p1a: Garganacl
|-start|p2a: Cinderace|typechange|Bug|[from] ability: Libero
|-damage|p1a: Garganacl|76/100
|l| kyrie sauce
|
|t:|1760411418
|switch|p2a: Mimikyu|Mimikyu-Busted, F|15/100|[from] U-turn
|-damage|p2a: Mimikyu|2/100|[from] Stealth Rock
|move|p1a: Garganacl|Salt Cure|p2a: Mimikyu
|-damage|p2a: Mimikyu|0 fnt
|faint|p2a: Mimikyu
|
|-heal|p1a: Garganacl|82/100|[from] item: Leftovers
|upkeep
|j| juanita1112
|
|t:|1760411446
|switch|p2a: Gholdengo|Gholdengo|68/100
|-damage|p2a: Gholdengo|62/100|[from] Stealth Rock
|turn|52
|
|t:|1760411464
|-terastallize|p2a: Gholdengo|Fighting
|move|p2a: Gholdengo|Tera Blast|p1a: Garganacl|[anim] Tera Blast Fighting
|-crit|p1a: Garganacl
|-damage|p1a: Garganacl|42/100
|move|p1a: Garganacl|Salt Cure|p2a: Gholdengo
|-resisted|p2a: Gholdengo
|-damage|p2a: Gholdengo|54/100
|-start|p2a: Gholdengo|Salt Cure
|
|-heal|p2a: Gholdengo|60/100|[from] item: Leftovers
|-heal|p1a: Garganacl|48/100|[from] item: Leftovers
|-damage|p2a: Gholdengo|47/100|[from] Salt Cure
|upkeep
|turn|53
|
|t:|1760411475
|move|p2a: Gholdengo|Tera Blast|p1a: Garganacl|[anim] Tera Blast Fighting
|-damage|p1a: Garganacl|19/100
|move|p1a: Garganacl|Recover|p1a: Garganacl
|-heal|p1a: Garganacl|69/100
|
|-heal|p2a: Gholdengo|54/100|[from] item: Leftovers
|-heal|p1a: Garganacl|75/100|[from] item: Leftovers
|-damage|p2a: Gholdengo|41/100|[from] Salt Cure
|upkeep
|turn|54
|
|t:|1760411483
|move|p1a: Garganacl|Protect|p1a: Garganacl
|-singleturn|p1a: Garganacl|Protect
|move|p2a: Gholdengo|Tera Blast|p1a: Garganacl|[anim] Tera Blast Fighting
|-activate|p1a: Garganacl|move: Protect
|
|-heal|p2a: Gholdengo|47/100|[from] item: Leftovers
|-heal|p1a: Garganacl|81/100|[from] item: Leftovers
|-damage|p2a: Gholdengo|35/100|[from] Salt Cure
|upkeep
|turn|55
|
|t:|1760411491
|move|p2a: Gholdengo|Tera Blast|p1a: Garganacl|[anim] Tera Blast Fighting
|-damage|p1a: Garganacl|51/100
|move|p1a: Garganacl|Recover|p1a: Garganacl
|-heal|p1a: Garganacl|100/100
|
|-heal|p2a: Gholdengo|41/100|[from] item: Leftovers
|-damage|p2a: Gholdengo|28/100|[from] Salt Cure
|upkeep
|turn|56
|
|t:|1760411499
|switch|p2a: Cinderace|Cinderace, F|19/100
|move|p1a: Garganacl|Protect||[still]
|-fail|p1a: Garganacl
|
|upkeep
|turn|57
|
|t:|1760411506
|move|p2a: Cinderace|U-turn|p1a: Garganacl
|-start|p2a: Cinderace|typechange|Bug|[from] ability: Libero
|-damage|p1a: Garganacl|78/100
|
|t:|1760411509
|switch|p2a: Toxapex|Toxapex, M|92/100 brn|[from] U-turn
|-damage|p2a: Toxapex|79/100 brn|[from] Stealth Rock
|move|p1a: Garganacl|Salt Cure|p2a: Toxapex
|-damage|p2a: Toxapex|67/100 brn
|-start|p2a: Toxapex|Salt Cure
|
|-heal|p1a: Garganacl|84/100|[from] item: Leftovers
|-damage|p2a: Toxapex|61/100 brn|[from] brn
|-damage|p2a: Toxapex|36/100 brn|[from] Salt Cure
|upkeep
|turn|58
|
|t:|1760411522
|switch|p2a: Cinderace|Cinderace, F|19/100
|switch|p1a: Darkrai|Darkrai|45/100 tox
|-damage|p1a: Darkrai|32/100 tox|[from] Stealth Rock
|
|-damage|p1a: Darkrai|26/100 tox|[from] psn
|upkeep
|turn|59
|
|t:|1760411531
|switch|p2a: Toxapex|Toxapex, M|69/100 brn
|-damage|p2a: Toxapex|57/100 brn|[from] Stealth Rock
|move|p1a: Darkrai|Dark Pulse|p2a: Toxapex
|-damage|p2a: Toxapex|35/100 brn
|
|-damage|p1a: Darkrai|14/100 tox|[from] psn
|-damage|p2a: Toxapex|29/100 brn|[from] brn
|upkeep
|turn|60
|
|t:|1760411541
|move|p1a: Darkrai|Dark Pulse|p2a: Toxapex
|-damage|p2a: Toxapex|7/100 brn
|move|p2a: Toxapex|Recover|p2a: Toxapex
|-heal|p2a: Toxapex|57/100 brn
|
|-damage|p1a: Darkrai|0 fnt|[from] psn
|faint|p1a: Darkrai
|-damage|p2a: Toxapex|50/100 brn|[from] brn
|upkeep
|
|t:|1760411544
|switch|p1a: Garganacl|Garganacl, F, tera:Water|84/100
|-damage|p1a: Garganacl|72/100|[from] Stealth Rock
|turn|61
|
|t:|1760411552
|move|p1a: Garganacl|Protect|p1a: Garganacl
|-singleturn|p1a: Garganacl|Protect
|move|p2a: Toxapex|Baneful Bunker||[still]
|-fail|p2a: Toxapex
|
|-heal|p1a: Garganacl|78/100|[from] item: Leftovers
|-damage|p2a: Toxapex|44/100 brn|[from] brn
|upkeep
|turn|62
|
|t:|1760411559
|move|p2a: Toxapex|Baneful Bunker|p2a: Toxapex
|-singleturn|p2a: Toxapex|move: Protect
|move|p1a: Garganacl|Stealth Rock||[still]
|-fail|p1a: Garganacl
|
|-heal|p1a: Garganacl|84/100|[from] item: Leftovers
|-damage|p2a: Toxapex|38/100 brn|[from] brn
|upkeep
|turn|63
|
|t:|1760411567
|switch|p2a: Cinderace|Cinderace, F|19/100
|move|p1a: Garganacl|Salt Cure|p2a: Cinderace
|-supereffective|p2a: Cinderace
|-damage|p2a: Cinderace|0 fnt
|faint|p2a: Cinderace
|
|-heal|p1a: Garganacl|91/100|[from] item: Leftovers
|upkeep
|
|t:|1760411575
|switch|p2a: Toxapex|Toxapex, M|71/100 brn
|-damage|p2a: Toxapex|59/100 brn|[from] Stealth Rock
|turn|64
|
|t:|1760411578
|move|p2a: Toxapex|Recover|p2a: Toxapex
|-heal|p2a: Toxapex|100/100 brn
|move|p1a: Garganacl|Stealth Rock||[still]
|-fail|p1a: Garganacl
|
|-heal|p1a: Garganacl|97/100|[from] item: Leftovers
|-damage|p2a: Toxapex|94/100 brn|[from] brn
|upkeep
|turn|65
|
|t:|1760411586
|move|p2a: Toxapex|Baneful Bunker|p2a: Toxapex
|-singleturn|p2a: Toxapex|move: Protect
|move|p1a: Garganacl|Stealth Rock||[still]
|-fail|p1a: Garganacl
|
|-heal|p1a: Garganacl|100/100|[from] item: Leftovers
|-damage|p2a: Toxapex|88/100 brn|[from] brn
|upkeep
|turn|66
|
|t:|1760411593
|move|p2a: Toxapex|Baneful Bunker||[still]
|-fail|p2a: Toxapex
|move|p1a: Garganacl|Salt Cure|p2a: Toxapex
|-damage|p2a: Toxapex|77/100 brn
|-start|p2a: Toxapex|Salt Cure
|
|-damage|p2a: Toxapex|71/100 brn|[from] brn
|-damage|p2a: Toxapex|46/100 brn|[from] Salt Cure
|upkeep
|turn|67
|
|t:|1760411601
|switch|p2a: Gholdengo|Gholdengo, tera:Fighting|28/100
|-damage|p2a: Gholdengo|22/100|[from] Stealth Rock
|move|p1a: Garganacl|Stealth Rock||[still]
|-fail|p1a: Garganacl
|
|-heal|p2a: Gholdengo|28/100|[from] item: Leftovers
|upkeep
|turn|68
|
|t:|1760411610
|switch|p2a: Toxapex|Toxapex, M|79/100 brn
|-damage|p2a: Toxapex|67/100 brn|[from] Stealth Rock
|move|p1a: Garganacl|Salt Cure|p2a: Toxapex
|-damage|p2a: Toxapex|56/100 brn
|-start|p2a: Toxapex|Salt Cure
|
|-damage|p2a: Toxapex|50/100 brn|[from] brn
|-damage|p2a: Toxapex|25/100 brn|[from] Salt Cure
|upkeep
|turn|69
|
|t:|1760411620
|switch|p2a: Gholdengo|Gholdengo, tera:Fighting|28/100
|-damage|p2a: Gholdengo|22/100|[from] Stealth Rock
|move|p1a: Garganacl|Stealth Rock||[still]
|-fail|p1a: Garganacl
|
|-heal|p2a: Gholdengo|28/100|[from] item: Leftovers
|upkeep
|turn|70
|
|t:|1760411628
|switch|p2a: Toxapex|Toxapex, M|58/100 brn
|-damage|p2a: Toxapex|45/100 brn|[from] Stealth Rock
|move|p1a: Garganacl|Salt Cure|p2a: Toxapex
|-damage|p2a: Toxapex|33/100 brn
|-start|p2a: Toxapex|Salt Cure
|
|-damage|p2a: Toxapex|27/100 brn|[from] brn
|-damage|p2a: Toxapex|2/100 brn|[from] Salt Cure
|upkeep
|turn|71
|
|t:|1760411638
|move|p1a: Garganacl|Salt Cure|p2a: Toxapex
|-damage|p2a: Toxapex|0 fnt
|faint|p2a: Toxapex
|
|upkeep
|-message|RocksDXebeccc forfeited.
|
|win|modegobelin
|raw|modegobelin's rating: 1650 &rarr; <strong>1673</strong><br />(+23 for winning)
|raw|RocksDXebeccc's rating: 1705 &rarr; <strong>1682</strong><br />(-23 for losing)
|c|☆modegobelin|gg
|l|☆RocksDXebeccc
|player|p2|
|l|☆modegobelin
|player|p1|
