|j|☆magikarpsoup
|j|☆Menapai
|t:|1760307148
|gametype|singles
|player|p1|magikarpsoup|medium|1704
|player|p2|Menapai|lyra|1733
|gen|9
|tier|[Gen 9] OU
|rated|
|rule|HP Percentage Mod: HP is shown in percentages
|rule|Endless Battle Clause: Forcing endless battles is banned
|rule|Species Clause: Limit one of each Pokémon
|rule|OHKO Clause: OHKO moves are banned
|rule|Evasion Items Clause: Evasion items are banned
|rule|Evasion Moves Clause: Evasion moves are banned
|rule|Evasion Abilities Clause: Evasion abilities are banned
|rule|Sleep Moves Clause: Sleep-inducing moves are banned
|clearpoke
|poke|p1|Breloom, F|
|poke|p1|Alomomola, M|
|poke|p1|Raging Bolt|
|poke|p1|Scizor, F|
|poke|p1|Landorus-Therian, M|
|poke|p1|Dragapult, F|
|poke|p2|Breloom, F|
|poke|p2|Kyurem|
|poke|p2|Gholdengo|
|poke|p2|Kingambit, M|
|poke|p2|Primarina, M|
|poke|p2|Raging Bolt|
|teampreview
|
|t:|1760307167
|teamsize|p1|6
|teamsize|p2|6
|start
|switch|p1a: Breloom|Breloom, F|100/100
|switch|p2a: Raging Bolt|Raging Bolt|100/100
|-enditem|p2a: Raging Bolt|Booster Energy
|-activate|p2a: Raging Bolt|ability: Protosynthesis|[fromitem]
|-start|p2a: Raging Bolt|protosynthesisspa
|turn|1
|
|t:|1760307181
|switch|p1a: Alomomola|Alomomola, M|100/100
|move|p2a: Raging Bolt|Calm Mind|p2a: Raging Bolt
|-boost|p2a: Raging Bolt|spa|1
|-boost|p2a: Raging Bolt|spd|1
|
|upkeep
|turn|2
|
|t:|1760307185
|-terastallize|p1a: Alomomola|Poison
|move|p2a: Raging Bolt|Thunderbolt|p1a: Alomomola
|-damage|p1a: Alomomola|45/100
|move|p1a: Alomomola|Mirror Coat|p2a: Raging Bolt
|-damage|p2a: Raging Bolt|0 fnt
|faint|p2a: Raging Bolt
|-end|p2a: Raging Bolt|Protosynthesis|[silent]
|
|upkeep
|
|t:|1760307198
|switch|p2a: Kyurem|Kyurem|100/100
|-ability|p2a: Kyurem|Pressure
|turn|3
|
|t:|1760307208
|switch|p1a: Scizor|Scizor, F|100/100
|move|p2a: Kyurem|Substitute|p2a: Kyurem
|-start|p2a: Kyurem|Substitute
|-damage|p2a: Kyurem|76/100
|
|-heal|p2a: Kyurem|82/100|[from] item: Leftovers
|upkeep
|turn|4
|
|t:|1760307214
|move|p2a: Kyurem|Earth Power|p1a: Scizor
|-damage|p1a: Scizor|68/100
|move|p1a: Scizor|Knock Off|p2a: Kyurem
|-end|p2a: Kyurem|Substitute
|
|-heal|p2a: Kyurem|88/100|[from] item: Leftovers
|upkeep
|turn|5
|
|t:|1760307220
|move|p2a: Kyurem|Protect|p2a: Kyurem
|-singleturn|p2a: Kyurem|Protect
|move|p1a: Scizor|Bullet Punch|p2a: Kyurem
|-activate|p2a: Kyurem|move: Protect
|
|-heal|p2a: Kyurem|94/100|[from] item: Leftovers
|upkeep
|turn|6
|
|t:|1760307226
|switch|p2a: Gholdengo|Gholdengo|100/100
|move|p1a: Scizor|U-turn|p2a: Gholdengo
|-resisted|p2a: Gholdengo
|-damage|p2a: Gholdengo|90/100
|
|t:|1760307230
|switch|p1a: Alomomola|Alomomola, M, tera:Poison|79/100|[from] U-turn
|
|upkeep
|turn|7
|
|t:|1760307243
|switch|p1a: Raging Bolt|Raging Bolt|100/100
|move|p2a: Gholdengo|Nasty Plot|p2a: Gholdengo
|-boost|p2a: Gholdengo|spa|2
|
|upkeep
|turn|8
|
|t:|1760307255
|move|p2a: Gholdengo|Make It Rain|p1a: Raging Bolt
|-resisted|p1a: Raging Bolt
|-damage|p1a: Raging Bolt|15/100
|-unboost|p2a: Gholdengo|spa|1
|move|p1a: Raging Bolt|Calm Mind|p1a: Raging Bolt
|-boost|p1a: Raging Bolt|spa|1
|-boost|p1a: Raging Bolt|spd|1
|
|upkeep
|turn|9
|
|t:|1760307263
|move|p1a: Raging Bolt|Thunderclap||[still]
|-fail|p1a: Raging Bolt
|move|p2a: Gholdengo|Recover|p2a: Gholdengo
|-heal|p2a: Gholdengo|100/100
|
|upkeep
|turn|10
|
|t:|1760307266
|move|p1a: Raging Bolt|Thunderclap|p2a: Gholdengo
|-damage|p2a: Gholdengo|14/100
|-damage|p1a: Raging Bolt|5/100|[from] item: Life Orb
|move|p2a: Gholdengo|Make It Rain|p1a: Raging Bolt
|-resisted|p1a: Raging Bolt
|-damage|p1a: Raging Bolt|0 fnt
|-unboost|p2a: Gholdengo|spa|1
|faint|p1a: Raging Bolt
|-end|p1a: Raging Bolt|Protosynthesis|[silent]
|
|upkeep
|
|t:|1760307275
|switch|p1a: Scizor|Scizor, F|68/100
|turn|11
|
|t:|1760307279
|move|p1a: Scizor|Bullet Punch|p2a: Gholdengo
|-resisted|p2a: Gholdengo
|-damage|p2a: Gholdengo|0 fnt
|faint|p2a: Gholdengo
|
|upkeep
|
|t:|1760307282
|switch|p2a: Breloom|Breloom, F|100/100
|turn|12
|j| FaronAan
|
|t:|1760307288
|move|p2a: Breloom|Bullet Seed|p1a: Scizor
|-resisted|p1a: Scizor
|-damage|p1a: Scizor|61/100
|-resisted|p1a: Scizor
|-damage|p1a: Scizor|54/100
|-resisted|p1a: Scizor
|-damage|p1a: Scizor|47/100
|-enditem|p1a: Scizor|Sitrus Berry|[eat]
|-heal|p1a: Scizor|71/100|[from] item: Sitrus Berry
|-resisted|p1a: Scizor
|-damage|p1a: Scizor|64/100
|-resisted|p1a: Scizor
|-damage|p1a: Scizor|57/100
|-hitcount|p1a: Scizor|5
|move|p1a: Scizor|U-turn|p2a: Breloom
|-damage|p2a: Breloom|33/100
|
|t:|1760307302
|switch|p1a: Landorus|Landorus-Therian, M|100/100|[from] U-turn
|-ability|p1a: Landorus|Intimidate|boost
|-unboost|p2a: Breloom|atk|1
|
|upkeep
|turn|13
|j| Powerpuffmoves
|
|t:|1760307304
|move|p1a: Landorus|U-turn|p2a: Breloom
|-crit|p2a: Breloom
|-damage|p2a: Breloom|0 fnt
|faint|p2a: Breloom
|
|t:|1760307309
|switch|p1a: Breloom|Breloom, F|100/100|[from] U-turn
|
|upkeep
|
|t:|1760307313
|switch|p2a: Kyurem|Kyurem|94/100
|-ability|p2a: Kyurem|Pressure
|turn|14
|
|t:|1760307317
|switch|p1a: Alomomola|Alomomola, M, tera:Poison|100/100
|move|p2a: Kyurem|Freeze-Dry|p1a: Alomomola
|-damage|p1a: Alomomola|81/100
|-status|p1a: Alomomola|frz
|
|-heal|p2a: Kyurem|99/100|[from] item: Leftovers
|upkeep
|turn|15
|
|t:|1760307323
|move|p2a: Kyurem|Substitute|p2a: Kyurem
|-start|p2a: Kyurem|Substitute
|-damage|p2a: Kyurem|75/100
|-curestatus|p1a: Alomomola|frz|[from] move: Scald
|move|p1a: Alomomola|Scald|p2a: Kyurem
|-resisted|p2a: Kyurem
|-activate|p2a: Kyurem|move: Substitute|[damage]
|
|-heal|p2a: Kyurem|81/100|[from] item: Leftovers
|upkeep
|turn|16
|
|t:|1760307329
|move|p2a: Kyurem|Earth Power|p1a: Alomomola
|-supereffective|p1a: Alomomola
|-damage|p1a: Alomomola|47/100
|move|p1a: Alomomola|Mirror Coat|p2a: Kyurem
|-end|p2a: Kyurem|Substitute
|
|-heal|p2a: Kyurem|88/100|[from] item: Leftovers
|upkeep
|turn|17
|
|t:|1760307335
|move|p2a: Kyurem|Substitute|p2a: Kyurem
|-start|p2a: Kyurem|Substitute
|-damage|p2a: Kyurem|63/100
|move|p1a: Alomomola|Flip Turn|p2a: Kyurem
|-resisted|p2a: Kyurem
|-activate|p2a: Kyurem|move: Substitute|[damage]
|
|t:|1760307340
|switch|p1a: Dragapult|Dragapult, F|100/100|[from] Flip Turn
|
|-heal|p2a: Kyurem|69/100|[from] item: Leftovers
|upkeep
|turn|18
|
|t:|1760307346
|switch|p2a: Primarina|Primarina, M|100/100
|move|p1a: Dragapult|Dragon Darts|p2a: Primarina
|-immune|p2a: Primarina
|
|upkeep
|turn|19
|
|t:|1760307352
|switch|p1a: Alomomola|Alomomola, M, tera:Poison|80/100
|move|p2a: Primarina|Calm Mind|p2a: Primarina
|-boost|p2a: Primarina|spa|1
|-boost|p2a: Primarina|spd|1
|
|upkeep
|turn|20
|
|t:|1760307359
|move|p2a: Primarina|Substitute|p2a: Primarina
|-start|p2a: Primarina|Substitute
|-damage|p2a: Primarina|76/100
|move|p1a: Alomomola|Flip Turn|p2a: Primarina
|-resisted|p2a: Primarina
|-activate|p2a: Primarina|move: Substitute|[damage]
|
|t:|1760307362
|switch|p1a: Breloom|Breloom, F|100/100|[from] Flip Turn
|
|-heal|p2a: Primarina|82/100|[from] item: Leftovers
|upkeep
|turn|21
|
|t:|1760307367
|move|p1a: Breloom|Bullet Seed|p2a: Primarina
|-supereffective|p2a: Primarina
|-end|p2a: Primarina|Substitute
|-supereffective|p2a: Primarina
|-damage|p2a: Primarina|32/100
|-hitcount|p2a: Primarina|2
|-damage|p1a: Breloom|91/100|[from] item: Life Orb
|move|p2a: Primarina|Draining Kiss|p1a: Breloom
|-supereffective|p1a: Breloom
|-damage|p1a: Breloom|0 fnt
|-heal|p2a: Primarina|81/100|[from] drain|[of] p1a: Breloom
|faint|p1a: Breloom
|
|-heal|p2a: Primarina|87/100|[from] item: Leftovers
|upkeep
|
|t:|1760307375
|switch|p1a: Alomomola|Alomomola, M, tera:Poison|100/100
|turn|22
|
|t:|1760307379
|move|p2a: Primarina|Substitute|p2a: Primarina
|-start|p2a: Primarina|Substitute
|-damage|p2a: Primarina|62/100
|move|p1a: Alomomola|Scald|p2a: Primarina
|-resisted|p2a: Primarina
|-activate|p2a: Primarina|move: Substitute|[damage]
|
|-heal|p2a: Primarina|68/100|[from] item: Leftovers
|upkeep
|turn|23
|
|t:|1760307384
|move|p2a: Primarina|Calm Mind|p2a: Primarina
|-boost|p2a: Primarina|spa|1
|-boost|p2a: Primarina|spd|1
|move|p1a: Alomomola|Body Slam|p2a: Primarina
|-activate|p2a: Primarina|move: Substitute|[damage]
|
|-heal|p2a: Primarina|74/100|[from] item: Leftovers
|upkeep
|turn|24
|
|t:|1760307390
|move|p2a: Primarina|Psychic Noise|p1a: Alomomola
|-crit|p1a: Alomomola
|-damage|p1a: Alomomola|49/100
|-start|p1a: Alomomola|move: Heal Block
|move|p1a: Alomomola|Flip Turn|p2a: Primarina
|-resisted|p2a: Primarina
|-activate|p2a: Primarina|move: Substitute|[damage]
|
|t:|1760307396
|switch|p1a: Scizor|Scizor, F|57/100|[from] Flip Turn
|
|-heal|p2a: Primarina|80/100|[from] item: Leftovers
|upkeep
|turn|25
|
|t:|1760307403
|move|p1a: Scizor|U-turn|p2a: Primarina
|-resisted|p2a: Primarina
|-end|p2a: Primarina|Substitute
|
|t:|1760307406
|switch|p1a: Alomomola|Alomomola, M, tera:Poison|82/100|[from] U-turn
|move|p2a: Primarina|Psychic Noise|p1a: Alomomola
|-damage|p1a: Alomomola|50/100
|-start|p1a: Alomomola|move: Heal Block
|
|-heal|p2a: Primarina|86/100|[from] item: Leftovers
|upkeep
|turn|26
|
|t:|1760307412
|move|p2a: Primarina|Substitute|p2a: Primarina
|-start|p2a: Primarina|Substitute
|-damage|p2a: Primarina|62/100
|move|p1a: Alomomola|Flip Turn|p2a: Primarina
|-resisted|p2a: Primarina
|-activate|p2a: Primarina|move: Substitute|[damage]
|
|t:|1760307415
|switch|p1a: Scizor|Scizor, F|57/100|[from] Flip Turn
|
|-heal|p2a: Primarina|68/100|[from] item: Leftovers
|upkeep
|turn|27
|
|t:|1760307419
|move|p1a: Scizor|U-turn|p2a: Primarina
|-resisted|p2a: Primarina
|-activate|p2a: Primarina|move: Substitute|[damage]
|
|t:|1760307422
|switch|p1a: Alomomola|Alomomola, M, tera:Poison|83/100|[from] U-turn
|move|p2a: Primarina|Calm Mind|p2a: Primarina
|-boost|p2a: Primarina|spa|1
|-boost|p2a: Primarina|spd|1
|
|-heal|p2a: Primarina|74/100|[from] item: Leftovers
|upkeep
|turn|28
|
|t:|1760307426
|move|p2a: Primarina|Calm Mind|p2a: Primarina
|-boost|p2a: Primarina|spa|1
|-boost|p2a: Primarina|spd|1
|move|p1a: Alomomola|Flip Turn|p2a: Primarina
|-resisted|p2a: Primarina
|-end|p2a: Primarina|Substitute
|
|t:|1760307436
|switch|p1a: Scizor|Scizor, F|57/100|[from] Flip Turn
|
|-heal|p2a: Primarina|80/100|[from] item: Leftovers
|upkeep
|turn|29
|
|t:|1760307440
|move|p1a: Scizor|Knock Off|p2a: Primarina
|-resisted|p2a: Primarina
|-damage|p2a: Primarina|64/100
|-enditem|p2a: Primarina|Leftovers|[from] move: Knock Off|[of] p1a: Scizor
|move|p2a: Primarina|Psychic Noise|p1a: Scizor
|-damage|p1a: Scizor|0 fnt
|faint|p1a: Scizor
|
|upkeep
|
|t:|1760307450
|switch|p1a: Alomomola|Alomomola, M, tera:Poison|100/100
|turn|30
|
|t:|1760307453
|move|p2a: Primarina|Substitute|p2a: Primarina
|-start|p2a: Primarina|Substitute
|-damage|p2a: Primarina|39/100
|move|p1a: Alomomola|Body Slam|p2a: Primarina
|-activate|p2a: Primarina|move: Substitute|[damage]
|
|upkeep
|turn|31
|
|t:|1760307461
|move|p2a: Primarina|Calm Mind|p2a: Primarina
|-boost|p2a: Primarina|spa|1
|-boost|p2a: Primarina|spd|1
|move|p1a: Alomomola|Flip Turn|p2a: Primarina
|-resisted|p2a: Primarina
|-activate|p2a: Primarina|move: Substitute|[damage]
|
|t:|1760307463
|switch|p1a: Landorus|Landorus-Therian, M|100/100|[from] Flip Turn
|-ability|p1a: Landorus|Intimidate|boost
|-immune|p2a: Primarina
|
|upkeep
|turn|32
|
|t:|1760307468
|move|p1a: Landorus|U-turn|p2a: Primarina
|-resisted|p2a: Primarina
|-end|p2a: Primarina|Substitute
|
|t:|1760307470
|switch|p1a: Alomomola|Alomomola, M, tera:Poison|100/100|[from] U-turn
|move|p2a: Primarina|Draining Kiss|p1a: Alomomola
|-resisted|p1a: Alomomola
|-damage|p1a: Alomomola|79/100
|-heal|p2a: Primarina|60/100|[from] drain|[of] p1a: Alomomola
|
|upkeep
|turn|33
|
|t:|1760307474
|move|p2a: Primarina|Substitute|p2a: Primarina
|-start|p2a: Primarina|Substitute
|-damage|p2a: Primarina|35/100
|move|p1a: Alomomola|Body Slam|p2a: Primarina
|-activate|p2a: Primarina|move: Substitute|[damage]
|
|upkeep
|turn|34
|
|t:|1760307481
|move|p2a: Primarina|Draining Kiss|p1a: Alomomola
|-resisted|p1a: Alomomola
|-damage|p1a: Alomomola|58/100
|-heal|p2a: Primarina|56/100|[from] drain|[of] p1a: Alomomola
|move|p1a: Alomomola|Body Slam|p2a: Primarina
|-end|p2a: Primarina|Substitute
|
|upkeep
|turn|35
|
|t:|1760307489
|move|p2a: Primarina|Substitute|p2a: Primarina
|-start|p2a: Primarina|Substitute
|-damage|p2a: Primarina|32/100
|move|p1a: Alomomola|Body Slam|p2a: Primarina
|-activate|p2a: Primarina|move: Substitute|[damage]
|
|upkeep
|turn|36
|l| FaronAan
|
|t:|1760307495
|move|p2a: Primarina|Psychic Noise|p1a: Alomomola
|-damage|p1a: Alomomola|0 fnt
|faint|p1a: Alomomola
|
|upkeep
|
|t:|1760307499
|switch|p1a: Dragapult|Dragapult, F|100/100
|turn|37
|
|t:|1760307509
|move|p1a: Dragapult|Shadow Ball|p2a: Primarina
|-activate|p2a: Primarina|move: Substitute|[damage]
|-damage|p1a: Dragapult|91/100|[from] item: Life Orb
|move|p2a: Primarina|Draining Kiss|p1a: Dragapult
|-supereffective|p1a: Dragapult
|-damage|p1a: Dragapult|0 fnt
|-heal|p2a: Primarina|91/100|[from] drain|[of] p1a: Dragapult
|faint|p1a: Dragapult
|
|upkeep
|
|t:|1760307511
|switch|p1a: Landorus|Landorus-Therian, M|100/100
|-ability|p1a: Landorus|Intimidate|boost
|-immune|p2a: Primarina
|turn|38
|
|t:|1760307515
|move|p1a: Landorus|Earth Power|p2a: Primarina
|-end|p2a: Primarina|Substitute
|move|p2a: Primarina|Psychic Noise|p1a: Landorus
|-supereffective|p1a: Landorus
|-damage|p1a: Landorus|0 fnt
|faint|p1a: Landorus
|
|win|Menapai
|raw|magikarpsoup's rating: 1704 &rarr; <strong>1686</strong><br />(-18 for losing)
|raw|Menapai's rating: 1733 &rarr; <strong>1751</strong><br />(+18 for winning)
|l|☆magikarpsoup
|player|p1|
