|j|☆Christendom
|j|☆supmydudeee
|t:|1760386485
|gametype|singles
|player|p1|Christendom|yellow|1577
|player|p2|supmydudeee|169|1524
|gen|9
|tier|[Gen 9] OU
|rated|
|rule|HP Percentage Mod: HP is shown in percentages
|rule|Endless Battle Clause: Forcing endless battles is banned
|rule|Species Clause: Limit one of each Pokémon
|rule|OHKO Clause: OHKO moves are banned
|rule|Evasion Items Clause: Evasion items are banned
|rule|Evasion Moves Clause: Evasion moves are banned
|rule|Evasion Abilities Clause: Evasion abilities are banned
|rule|Sleep Moves Clause: Sleep-inducing moves are banned
|clearpoke
|poke|p1|Deoxys-Speed|
|poke|p1|Dragonite, F|
|poke|p1|Great Tusk|
|poke|p1|Glimmora, F|
|poke|p1|Iron Valiant|
|poke|p1|Kingambit, F|
|poke|p2|Greninja-*, F|
|poke|p2|Cinderace, F|
|poke|p2|Slowking-Galar, F|
|poke|p2|Kyurem|
|poke|p2|Gholdengo|
|poke|p2|Mandibuzz, F|
|teampreview
|inactive|Battle timer is ON: inactive players will automatically lose when time's up. (requested by supmydudeee)
|
|t:|1760386494
|teamsize|p1|6
|teamsize|p2|6
|start
|switch|p1a: Deoxys|Deoxys-Speed|100/100
|switch|p2a: Greninja|Greninja, F|100/100
|-ability|p1a: Deoxys|Pressure
|turn|1
|
|t:|1760386503
|move|p2a: Greninja|Sludge Wave|p1a: Deoxys
|-start|p2a: Greninja|typechange|Poison|[from] ability: Protean
|-damage|p1a: Deoxys|50/100
|-status|p1a: Deoxys|psn
|move|p1a: Deoxys|Light Screen|p1a: Deoxys
|-sidestart|p1: Christendom|move: Light Screen
|
|-damage|p1a: Deoxys|37/100 psn|[from] psn
|upkeep
|turn|2
|
|t:|1760386516
|switch|p2a: Mandibuzz|Mandibuzz, F|100/100
|switch|p1a: Glimmora|Glimmora, F|100/100
|
|upkeep
|turn|3
|
|t:|1760386523
|move|p1a: Glimmora|Meteor Beam||[still]
|-prepare|p1a: Glimmora|Meteor Beam
|-boost|p1a: Glimmora|spa|1
|-enditem|p1a: Glimmora|Power Herb
|-anim|p1a: Glimmora|Meteor Beam|p2a: Mandibuzz
|-supereffective|p2a: Mandibuzz
|-damage|p2a: Mandibuzz|0 fnt
|faint|p2a: Mandibuzz
|
|upkeep
|
|t:|1760386533
|switch|p2a: Kyurem|Kyurem|100/100
|-ability|p2a: Kyurem|Pressure
|turn|4
|
|t:|1760386539
|move|p2a: Kyurem|Earth Power|p1a: Glimmora
|-supereffective|p1a: Glimmora
|-damage|p1a: Glimmora|0 fnt
|faint|p1a: Glimmora
|
|upkeep
|
|t:|1760386559
|switch|p1a: Dragonite|Dragonite, F|100/100
|turn|5
|
|t:|1760386566
|switch|p2a: Greninja|Greninja, F|100/100
|move|p1a: Dragonite|Dragon Dance|p1a: Dragonite
|-boost|p1a: Dragonite|atk|1
|-boost|p1a: Dragonite|spe|1
|
|upkeep
|turn|6
|
|t:|1760386577
|-terastallize|p2a: Greninja|Ghost
|-terastallize|p1a: Dragonite|Flying
|move|p2a: Greninja|Switcheroo|p1a: Dragonite
|-activate|p2a: Greninja|move: Trick|[of] p1a: Dragonite
|-item|p1a: Dragonite|Choice Scarf|[from] move: Switcheroo
|-item|p2a: Greninja|Leftovers|[from] move: Switcheroo
|move|p1a: Dragonite|Dragon Dance|p1a: Dragonite
|-boost|p1a: Dragonite|atk|1
|-boost|p1a: Dragonite|spe|1
|
|upkeep
|turn|7
|
|t:|1760386588
|switch|p1a: Kingambit|Kingambit, F|100/100
|-activate|p1a: Kingambit|ability: Supreme Overlord
|-start|p1a: Kingambit|fallen1|[silent]
|move|p2a: Greninja|Hydro Pump|p1a: Kingambit
|-crit|p1a: Kingambit
|-damage|p1a: Kingambit|15/100
|
|upkeep
|turn|8
|
|t:|1760386597
|switch|p2a: Cinderace|Cinderace, F|100/100
|move|p1a: Kingambit|Iron Head|p2a: Cinderace
|-resisted|p2a: Cinderace
|-damage|p2a: Cinderace|66/100
|
|-sideend|p1: Christendom|move: Light Screen
|upkeep
|turn|9
|
|t:|1760386605
|move|p2a: Cinderace|U-turn|p1a: Kingambit
|-start|p2a: Cinderace|typechange|Bug|[from] ability: Libero
|-damage|p1a: Kingambit|0 fnt
|faint|p1a: Kingambit
|-end|p1a: Kingambit|fallen1|[silent]
|
|t:|1760386611
|switch|p2a: Kyurem|Kyurem|100/100|[from] U-turn
|-ability|p2a: Kyurem|Pressure
|
|upkeep
|
|t:|1760386617
|switch|p1a: Deoxys|Deoxys-Speed|37/100 psn
|-ability|p1a: Deoxys|Pressure
|turn|10
|
|t:|1760386621
|move|p1a: Deoxys|Light Screen|p1a: Deoxys
|-sidestart|p1: Christendom|move: Light Screen
|move|p2a: Kyurem|Ice Beam|p1a: Deoxys
|-damage|p1a: Deoxys|0 fnt
|faint|p1a: Deoxys
|
|upkeep
|
|t:|1760386633
|switch|p1a: Dragonite|Dragonite, F, tera:Flying|100/100
|turn|11
|
|t:|1760386640
|switch|p2a: Gholdengo|Gholdengo|100/100
|move|p1a: Dragonite|Tera Blast|p2a: Gholdengo|[anim] Tera Blast Flying
|-resisted|p2a: Gholdengo
|-damage|p2a: Gholdengo|73/100
|
|upkeep
|turn|12
|
|t:|1760386647
|move|p1a: Dragonite|Tera Blast|p2a: Gholdengo|[anim] Tera Blast Flying
|-resisted|p2a: Gholdengo
|-damage|p2a: Gholdengo|46/100
|move|p2a: Gholdengo|Make It Rain|p1a: Dragonite
|-damage|p1a: Dragonite|83/100
|-unboost|p2a: Gholdengo|spa|1
|
|upkeep
|turn|13
|
|t:|1760386659
|switch|p1a: Great Tusk|Great Tusk|100/100
|-enditem|p1a: Great Tusk|Booster Energy
|-activate|p1a: Great Tusk|ability: Protosynthesis|[fromitem]
|-start|p1a: Great Tusk|protosynthesisspe
|move|p2a: Gholdengo|Recover|p2a: Gholdengo
|-heal|p2a: Gholdengo|96/100
|
|upkeep
|turn|14
|
|t:|1760386671
|switch|p2a: Slowking|Slowking-Galar, F|100/100
|move|p1a: Great Tusk|Bulk Up|p1a: Great Tusk
|-boost|p1a: Great Tusk|atk|1
|-boost|p1a: Great Tusk|def|1
|
|upkeep
|turn|15
|
|t:|1760386680
|move|p1a: Great Tusk|Headlong Rush|p2a: Slowking
|-supereffective|p2a: Slowking
|-damage|p2a: Slowking|0 fnt
|-unboost|p1a: Great Tusk|def|1
|-unboost|p1a: Great Tusk|spd|1
|faint|p2a: Slowking
|
|upkeep
|
|t:|1760386687
|switch|p2a: Kyurem|Kyurem|100/100
|-ability|p2a: Kyurem|Pressure
|turn|16
|
|t:|1760386692
|move|p1a: Great Tusk|Head Smash|p2a: Kyurem
|-supereffective|p2a: Kyurem
|-damage|p2a: Kyurem|0 fnt
|faint|p2a: Kyurem
|-damage|p1a: Great Tusk|55/100|[from] Recoil
|
|upkeep
|-message|supmydudeee forfeited.
|
|win|Christendom
|raw|Christendom's rating: 1577 &rarr; <strong>1594</strong><br />(+17 for winning)
|raw|supmydudeee's rating: 1524 &rarr; <strong>1507</strong><br />(-17 for losing)
|l|☆supmydudeee
|player|p2|
