|j|☆saibayman
|j|☆supmydudeee
|t:|1760415851
|gametype|singles
|player|p1|saibayman|265|1493
|player|p2|supmydudeee|101|1564
|gen|9
|tier|[Gen 9] OU
|rated|
|rule|HP Percentage Mod: HP is shown in percentages
|rule|Endless Battle Clause: Forcing endless battles is banned
|rule|Species Clause: Limit one of each Pokémon
|rule|OHKO Clause: OHKO moves are banned
|rule|Evasion Items Clause: Evasion items are banned
|rule|Evasion Moves Clause: Evasion moves are banned
|rule|Evasion Abilities Clause: Evasion abilities are banned
|rule|Sleep Moves Clause: Sleep-inducing moves are banned
|clearpoke
|poke|p1|Metagross|
|poke|p1|Great Tusk|
|poke|p1|Slowking-Galar, F|
|poke|p1|Dragapult, F|
|poke|p1|Meowscarada, M|
|poke|p1|Zapdos|
|poke|p2|Slowking-Galar, F|
|poke|p2|Kyurem|
|poke|p2|Greninja-*, M|
|poke|p2|Cinderace, F|
|poke|p2|Mandibuzz, F|
|poke|p2|Gholdengo|
|teampreview
|inactive|Battle timer is ON: inactive players will automatically lose when time's up. (requested by saibayman)
|
|t:|1760415857
|teamsize|p1|6
|teamsize|p2|6
|start
|switch|p1a: Dragapult|Dragapult, F|100/100
|switch|p2a: Cinderace|Cinderace, F|100/100
|turn|1
|inactive|saibayman has 120 seconds left.
|
|t:|1760415891
|move|p2a: Cinderace|Sucker Punch|p1a: Dragapult
|-start|p2a: Cinderace|typechange|Dark|[from] ability: Libero
|-supereffective|p1a: Dragapult
|-enditem|p1a: Dragapult|Focus Sash
|-damage|p1a: Dragapult|1/100
|move|p1a: Dragapult|Dragon Darts|p2a: Cinderace
|-damage|p2a: Cinderace|62/100
|-anim|p1a: Dragapult|Dragon Darts|p2a: Cinderace
|-damage|p2a: Cinderace|27/100
|
|upkeep
|turn|2
|inactive|saibayman has 120 seconds left.
|
|t:|1760415903
|switch|p1a: Metagross|Metagross|100/100
|switch|p2a: Mandibuzz|Mandibuzz, F|100/100
|
|upkeep
|turn|3
|
|t:|1760415910
|move|p2a: Mandibuzz|U-turn|p1a: Metagross
|-damage|p1a: Metagross|94/100
|-damage|p2a: Mandibuzz|84/100|[from] item: Rocky Helmet|[of] p1a: Metagross
|
|t:|1760415923
|switch|p2a: Gholdengo|Gholdengo|100/100|[from] U-turn
|move|p1a: Metagross|Stealth Rock|p2a: Gholdengo
|-sidestart|p2: supmydudeee|move: Stealth Rock
|
|upkeep
|turn|4
|
|t:|1760415931
|switch|p1a: Meowscarada|Meowscarada, M|100/100
|move|p2a: Gholdengo|Nasty Plot|p2a: Gholdengo
|-boost|p2a: Gholdengo|spa|2
|
|upkeep
|turn|5
|
|t:|1760415937
|-terastallize|p2a: Gholdengo|Water
|move|p1a: Meowscarada|Knock Off|p2a: Gholdengo
|-start|p1a: Meowscarada|typechange|Dark|[from] ability: Protean
|-damage|p2a: Gholdengo|56/100
|-enditem|p2a: Gholdengo|Covert Cloak|[from] move: Knock Off|[of] p1a: Meowscarada
|move|p2a: Gholdengo|Make It Rain|p1a: Meowscarada
|-damage|p1a: Meowscarada|0 fnt
|-unboost|p2a: Gholdengo|spa|1
|faint|p1a: Meowscarada
|
|upkeep
|
|t:|1760415952
|switch|p1a: Zapdos|Zapdos|100/100
|turn|6
|
|t:|1760415955
|switch|p2a: Slowking|Slowking-Galar, F|100/100
|move|p1a: Zapdos|Volt Switch|p2a: Slowking
|-damage|p2a: Slowking|72/100
|inactive|saibayman has 120 seconds left.
|
|t:|1760415985
|switch|p1a: Slowking|Slowking-Galar, F|100/100|[from] Volt Switch
|
|upkeep
|turn|7
|
|t:|1760415990
|move|p1a: Slowking|Psyshock|p2a: Slowking
|-damage|p2a: Slowking|31/100
|-prepare|p2a: Slowking|Chilly Reception|[premajor]
|move|p2a: Slowking|Chilly Reception|p2a: Slowking
|-weather|Snowscape
|
|t:|1760415996
|switch|p2a: Gholdengo|Gholdengo, tera:Water|56/100|[from] Chilly Reception
|-damage|p2a: Gholdengo|43/100|[from] Stealth Rock
|
|-weather|Snowscape|[upkeep]
|upkeep
|turn|8
|
|t:|1760416005
|move|p2a: Gholdengo|Recover|p2a: Gholdengo
|-heal|p2a: Gholdengo|93/100
|move|p1a: Slowking|Sludge Bomb|p2a: Gholdengo
|-damage|p2a: Gholdengo|43/100
|
|-weather|Snowscape|[upkeep]
|upkeep
|turn|9
|
|t:|1760416014
|move|p2a: Gholdengo|Shadow Ball|p1a: Slowking
|-supereffective|p1a: Slowking
|-damage|p1a: Slowking|54/100
|move|p1a: Slowking|Sludge Bomb|p2a: Gholdengo
|-damage|p2a: Gholdengo|0 fnt
|faint|p2a: Gholdengo
|
|-weather|Snowscape|[upkeep]
|upkeep
|
|t:|1760416023
|switch|p2a: Mandibuzz|Mandibuzz, F|84/100
|turn|10
|
|t:|1760416039
|switch|p1a: Great Tusk|Great Tusk|100/100
|move|p2a: Mandibuzz|Defog|p1a: Great Tusk
|-unboost|p1a: Great Tusk|evasion|1
|-sideend|p2: supmydudeee|Stealth Rock|[from] move: Defog|[of] p2a: Mandibuzz
|
|-weather|Snowscape|[upkeep]
|upkeep
|turn|11
|
|t:|1760416050
|-terastallize|p1a: Great Tusk|Steel
|move|p1a: Great Tusk|Rapid Spin|p2a: Mandibuzz
|-damage|p2a: Mandibuzz|76/100
|-boost|p1a: Great Tusk|spe|1
|move|p2a: Mandibuzz|U-turn|p1a: Great Tusk
|-resisted|p1a: Great Tusk
|-damage|p1a: Great Tusk|98/100
|
|t:|1760416057
|switch|p2a: Greninja|Greninja, M|100/100|[from] U-turn
|
|-weather|none
|-heal|p1a: Great Tusk|100/100|[from] item: Leftovers
|upkeep
|turn|12
|
|t:|1760416068
|switch|p2a: Mandibuzz|Mandibuzz, F|76/100
|move|p1a: Great Tusk|Body Press|p2a: Mandibuzz
|-damage|p2a: Mandibuzz|47/100
|
|upkeep
|turn|13
|
|t:|1760416075
|move|p1a: Great Tusk|Rapid Spin|p2a: Mandibuzz
|-damage|p2a: Mandibuzz|40/100
|-boost|p1a: Great Tusk|spe|1
|move|p2a: Mandibuzz|Roost|p2a: Mandibuzz
|-heal|p2a: Mandibuzz|90/100
|-singleturn|p2a: Mandibuzz|move: Roost
|
|upkeep
|turn|14
|
|t:|1760416090
|move|p1a: Great Tusk|Bulk Up|p1a: Great Tusk
|-boost|p1a: Great Tusk|atk|1
|-boost|p1a: Great Tusk|def|1
|move|p2a: Mandibuzz|Foul Play|p1a: Great Tusk
|-damage|p1a: Great Tusk|80/100
|
|-heal|p1a: Great Tusk|86/100|[from] item: Leftovers
|upkeep
|turn|15
|
|t:|1760416099
|move|p1a: Great Tusk|Bulk Up|p1a: Great Tusk
|-boost|p1a: Great Tusk|atk|1
|-boost|p1a: Great Tusk|def|1
|move|p2a: Mandibuzz|U-turn|p1a: Great Tusk
|-resisted|p1a: Great Tusk
|-damage|p1a: Great Tusk|85/100
|
|t:|1760416105
|switch|p2a: Greninja|Greninja, M|100/100|[from] U-turn
|
|-heal|p1a: Great Tusk|91/100|[from] item: Leftovers
|upkeep
|turn|16
|
|t:|1760416112
|move|p2a: Greninja|Switcheroo|p1a: Great Tusk
|-start|p2a: Greninja|typechange|Dark|[from] ability: Protean
|-activate|p2a: Greninja|move: Trick|[of] p1a: Great Tusk
|-item|p1a: Great Tusk|Choice Scarf|[from] move: Switcheroo
|-item|p2a: Greninja|Leftovers|[from] move: Switcheroo
|move|p1a: Great Tusk|Body Press|p2a: Greninja
|-supereffective|p2a: Greninja
|-damage|p2a: Greninja|0 fnt
|faint|p2a: Greninja
|
|upkeep
|
|t:|1760416120
|switch|p2a: Slowking|Slowking-Galar, F|64/100
|turn|17
|
|t:|1760416126
|move|p1a: Great Tusk|Body Press|p2a: Slowking
|-resisted|p2a: Slowking
|-damage|p2a: Slowking|39/100
|-prepare|p2a: Slowking|Chilly Reception|[premajor]
|move|p2a: Slowking|Chilly Reception|p2a: Slowking
|-weather|Snowscape
|-message|supmydudeee forfeited.
|
|win|saibayman
|raw|saibayman's rating: 1493 &rarr; <strong>1517</strong><br />(+24 for winning)
|raw|supmydudeee's rating: 1564 &rarr; <strong>1540</strong><br />(-24 for losing)
|l|☆supmydudeee
|player|p2|
|l|☆saibayman
|player|p1|
