|j|☆temporarylight
|j|☆goshdarnittt
|t:|1760458498
|gametype|singles
|player|p1|temporarylight|rika|1540
|player|p2|goshdarnittt|2|1610
|gen|9
|tier|[Gen 9] OU
|rated|
|rule|HP Percentage Mod: HP is shown in percentages
|rule|Endless Battle Clause: Forcing endless battles is banned
|rule|Species Clause: Limit one of each Pokémon
|rule|OHKO Clause: OHKO moves are banned
|rule|Evasion Items Clause: Evasion items are banned
|rule|Evasion Moves Clause: Evasion moves are banned
|rule|Evasion Abilities Clause: Evasion abilities are banned
|rule|Sleep Moves Clause: Sleep-inducing moves are banned
|clearpoke
|poke|p1|Tyranitar, M|
|poke|p1|Clefable, M|
|poke|p1|Darkrai|
|poke|p1|Rillaboom, M|
|poke|p1|Corviknight, F|
|poke|p1|Great Tusk|
|poke|p2|Tornadus-Therian, M|
|poke|p2|Great Tusk|
|poke|p2|Alomomola, M|
|poke|p2|Slowking-Galar, F|
|poke|p2|Dragonite, M|
|poke|p2|Clefable, M|
|teampreview
|inactive|Battle timer is ON: inactive players will automatically lose when time's up. (requested by temporarylight)
|c|☆temporarylight|goshdarnitttt
|
|t:|1760458555
|teamsize|p1|6
|teamsize|p2|6
|start
|switch|p1a: Tyranitar|Tyranitar, M|100/100
|switch|p2a: Clefable|Clefable, M|100/100
|-weather|Sandstorm|[from] ability: Sand Stream|[of] p1a: Tyranitar
|turn|1
|
|t:|1760458560
|move|p1a: Tyranitar|Stone Edge|p2a: Clefable
|-crit|p2a: Clefable
|-damage|p2a: Clefable|0 fnt
|faint|p2a: Clefable
|
|-weather|Sandstorm|[upkeep]
|upkeep
|
|t:|1760458564
|switch|p2a: Great Tusk|Great Tusk|100/100
|turn|2
|
|t:|1760458572
|switch|p1a: Corviknight|Corviknight, F|100/100
|-ability|p1a: Corviknight|Pressure
|move|p2a: Great Tusk|Knock Off|p1a: Corviknight
|-damage|p1a: Corviknight|84/100
|-damage|p2a: Great Tusk|84/100|[from] item: Rocky Helmet|[of] p1a: Corviknight
|-enditem|p1a: Corviknight|Rocky Helmet|[from] move: Knock Off|[of] p2a: Great Tusk
|
|-weather|Sandstorm|[upkeep]
|upkeep
|turn|3
|
|t:|1760458585
|-end|p2a: Great Tusk|Protosynthesis|[silent]
|switch|p2a: Alomomola|Alomomola, M|100/100
|move|p1a: Corviknight|U-turn|p2a: Alomomola
|-damage|p2a: Alomomola|93/100
|
|t:|1760458593
|switch|p1a: Rillaboom|Rillaboom, M|100/100|[from] U-turn
|-fieldstart|move: Grassy Terrain|[from] ability: Grassy Surge|[of] p1a: Rillaboom
|
|-weather|Sandstorm|[upkeep]
|-damage|p1a: Rillaboom|94/100|[from] Sandstorm
|-damage|p2a: Alomomola|87/100|[from] Sandstorm
|-heal|p1a: Rillaboom|100/100|[from] Grassy Terrain
|-heal|p2a: Alomomola|93/100|[from] Grassy Terrain
|upkeep
|turn|4
|
|t:|1760458606
|switch|p2a: Dragonite|Dragonite, M|100/100
|move|p1a: Rillaboom|Knock Off|p2a: Dragonite
|-damage|p2a: Dragonite|82/100
|-enditem|p2a: Dragonite|Heavy-Duty Boots|[from] move: Knock Off|[of] p1a: Rillaboom
|
|-weather|Sandstorm|[upkeep]
|-damage|p2a: Dragonite|76/100|[from] Sandstorm
|-damage|p1a: Rillaboom|94/100|[from] Sandstorm
|-heal|p1a: Rillaboom|100/100|[from] Grassy Terrain
|upkeep
|turn|5
|
|t:|1760458618
|switch|p1a: Darkrai|Darkrai|100/100
|move|p2a: Dragonite|Extreme Speed|p1a: Darkrai
|-damage|p1a: Darkrai|60/100
|
|-weather|none
|-heal|p1a: Darkrai|66/100|[from] Grassy Terrain
|-heal|p1a: Darkrai|72/100|[from] item: Leftovers
|upkeep
|turn|6
|
|t:|1760458625
|switch|p2a: Alomomola|Alomomola, M|100/100
|move|p1a: Darkrai|Nasty Plot|p1a: Darkrai
|-boost|p1a: Darkrai|spa|2
|
|-heal|p1a: Darkrai|78/100|[from] Grassy Terrain
|-heal|p1a: Darkrai|84/100|[from] item: Leftovers
|upkeep
|turn|7
|
|t:|1760458630
|move|p1a: Darkrai|Dark Pulse|p2a: Alomomola
|-damage|p2a: Alomomola|5/100
|cant|p2a: Alomomola|flinch
|
|-heal|p1a: Darkrai|90/100|[from] Grassy Terrain
|-heal|p1a: Darkrai|96/100|[from] item: Leftovers
|-heal|p2a: Alomomola|11/100|[from] Grassy Terrain
|upkeep
|turn|8
|
|t:|1760458638
|move|p1a: Darkrai|Ice Beam|p2a: Alomomola
|-resisted|p2a: Alomomola
|-damage|p2a: Alomomola|0 fnt
|faint|p2a: Alomomola
|
|-heal|p1a: Darkrai|100/100|[from] Grassy Terrain
|upkeep
|
|t:|1760458659
|switch|p2a: Dragonite|Dragonite, M|76/100
|turn|9
|
|t:|1760458668
|-terastallize|p2a: Dragonite|Normal
|move|p2a: Dragonite|Extreme Speed|p1a: Darkrai
|-damage|p1a: Darkrai|36/100
|move|p1a: Darkrai|Dark Pulse|p2a: Dragonite
|-damage|p2a: Dragonite|0 fnt
|faint|p2a: Dragonite
|
|-heal|p1a: Darkrai|42/100|[from] Grassy Terrain
|-heal|p1a: Darkrai|49/100|[from] item: Leftovers
|upkeep
|-message|goshdarnittt forfeited.
|
|win|temporarylight
|raw|temporarylight's rating: 1540 &rarr; <strong>1564</strong><br />(+24 for winning)
|raw|goshdarnittt's rating: 1610 &rarr; <strong>1586</strong><br />(-24 for losing)
|l|☆goshdarnittt
|player|p2|
