|j|☆sgCURRY3
|j|☆iannoyppl
|t:|1760337677
|gametype|singles
|player|p1|sgCURRY3|cynthia|1164
|player|p2|iannoyppl|101|1161
|gen|9
|tier|[Gen 9] OU
|rated|
|rule|HP Percentage Mod: HP is shown in percentages
|rule|Endless Battle Clause: Forcing endless battles is banned
|rule|Species Clause: Limit one of each Pokémon
|rule|OHKO Clause: OHKO moves are banned
|rule|Evasion Items Clause: Evasion items are banned
|rule|Evasion Moves Clause: Evasion moves are banned
|rule|Evasion Abilities Clause: Evasion abilities are banned
|rule|Sleep Moves Clause: Sleep-inducing moves are banned
|clearpoke
|poke|p1|Greninja-*, M|
|poke|p1|Glimmora, M|
|poke|p1|Gholdengo|
|poke|p1|Great Tusk|
|poke|p1|Dragonite, F|
|poke|p1|Dragapult, M|
|poke|p2|Toxapex, F|
|poke|p2|Alomomola, M|
|poke|p2|Dondozo, F|
|poke|p2|Bastiodon, M|
|poke|p2|Glimmora, M|
|poke|p2|Deoxys-Defense|
|teampreview
|
|t:|1760337697
|teamsize|p1|6
|teamsize|p2|6
|start
|switch|p1a: Gholdengo|Gholdengo|100/100
|switch|p2a: Deoxys|Deoxys-Defense|100/100
|-item|p1a: Gholdengo|Air Balloon
|-ability|p2a: Deoxys|Pressure
|turn|1
|
|t:|1760337712
|-terastallize|p2a: Deoxys|Steel
|move|p1a: Gholdengo|Hex|p2a: Deoxys
|-damage|p2a: Deoxys|74/100
|move|p2a: Deoxys|Thunder Wave|p1a: Gholdengo
|-immune|p1a: Gholdengo|[from] ability: Good as Gold
|
|-heal|p2a: Deoxys|80/100|[from] item: Leftovers
|upkeep
|turn|2
|c|☆iannoyppl|bruh
|
|t:|1760337725
|move|p1a: Gholdengo|Thunder Wave|p2a: Deoxys
|-status|p2a: Deoxys|par
|move|p2a: Deoxys|Cosmic Power|p2a: Deoxys
|-boost|p2a: Deoxys|def|1
|-boost|p2a: Deoxys|spd|1
|
|-heal|p2a: Deoxys|86/100 par|[from] item: Leftovers
|upkeep
|turn|3
|
|t:|1760337736
|switch|p1a: Great Tusk|Great Tusk|100/100
|move|p2a: Deoxys|Cosmic Power|p2a: Deoxys
|-boost|p2a: Deoxys|def|1
|-boost|p2a: Deoxys|spd|1
|
|-heal|p2a: Deoxys|92/100 par|[from] item: Leftovers
|upkeep
|turn|4
|
|t:|1760337745
|move|p1a: Great Tusk|Close Combat|p2a: Deoxys
|-supereffective|p2a: Deoxys
|-damage|p2a: Deoxys|42/100 par
|-unboost|p1a: Great Tusk|def|1
|-unboost|p1a: Great Tusk|spd|1
|move|p2a: Deoxys|Cosmic Power|p2a: Deoxys
|-boost|p2a: Deoxys|def|1
|-boost|p2a: Deoxys|spd|1
|
|-heal|p2a: Deoxys|49/100 par|[from] item: Leftovers
|upkeep
|turn|5
|
|t:|1760337755
|move|p1a: Great Tusk|Close Combat|p2a: Deoxys
|-supereffective|p2a: Deoxys
|-damage|p2a: Deoxys|13/100 par
|-unboost|p1a: Great Tusk|def|1
|-unboost|p1a: Great Tusk|spd|1
|cant|p2a: Deoxys|par
|
|-heal|p2a: Deoxys|19/100 par|[from] item: Leftovers
|upkeep
|turn|6
|
|t:|1760337770
|switch|p2a: Alomomola|Alomomola, M|100/100
|move|p1a: Great Tusk|Close Combat|p2a: Alomomola
|-damage|p2a: Alomomola|70/100
|-unboost|p1a: Great Tusk|def|1
|-unboost|p1a: Great Tusk|spd|1
|
|-heal|p2a: Alomomola|76/100|[from] item: Leftovers
|upkeep
|turn|7
|
|t:|1760337780
|-end|p1a: Great Tusk|Protosynthesis|[silent]
|switch|p1a: Glimmora|Glimmora, M|100/100
|move|p2a: Alomomola|Aqua Ring|p2a: Alomomola
|-start|p2a: Alomomola|Aqua Ring
|
|-heal|p2a: Alomomola|82/100|[from] item: Leftovers
|-heal|p2a: Alomomola|88/100|[from] Aqua Ring
|upkeep
|turn|8
|
|t:|1760337789
|move|p2a: Alomomola|Aqua Jet|p1a: Glimmora
|-supereffective|p1a: Glimmora
|-damage|p1a: Glimmora|73/100
|-activate|p1a: Glimmora|ability: Toxic Debris
|-sidestart|p2: iannoyppl|move: Toxic Spikes
|move|p1a: Glimmora|Stealth Rock|p2a: Alomomola
|-sidestart|p2: iannoyppl|move: Stealth Rock
|
|-heal|p2a: Alomomola|94/100|[from] item: Leftovers
|-heal|p2a: Alomomola|100/100|[from] Aqua Ring
|upkeep
|turn|9
|inactive|Battle timer is ON: inactive players will automatically lose when time's up. (requested by iannoyppl)
|
|t:|1760337809
|move|p2a: Alomomola|Protect|p2a: Alomomola
|-singleturn|p2a: Alomomola|Protect
|move|p1a: Glimmora|Mortal Spin|p2a: Alomomola
|-activate|p2a: Alomomola|move: Protect
|
|upkeep
|turn|10
|c|☆iannoyppl|please hurry
|
|t:|1760337819
|switch|p2a: Bastiodon|Bastiodon, M|100/100
|-damage|p2a: Bastiodon|94/100|[from] Stealth Rock
|move|p1a: Glimmora|Mortal Spin|p2a: Bastiodon
|-immune|p2a: Bastiodon
|
|-heal|p2a: Bastiodon|100/100|[from] item: Leftovers
|upkeep
|turn|11
|
|t:|1760337827
|-terastallize|p1a: Glimmora|Ground
|move|p1a: Glimmora|Earth Power|p2a: Bastiodon
|-supereffective|p2a: Bastiodon
|-ability|p2a: Bastiodon|Sturdy
|-damage|p2a: Bastiodon|1/100
|move|p2a: Bastiodon|Iron Defense|p2a: Bastiodon
|-boost|p2a: Bastiodon|def|2
|
|-heal|p2a: Bastiodon|7/100|[from] item: Leftovers
|upkeep
|turn|12
|
|t:|1760337837
|move|p2a: Bastiodon|Protect|p2a: Bastiodon
|-singleturn|p2a: Bastiodon|Protect
|move|p1a: Glimmora|Earth Power|p2a: Bastiodon
|-activate|p2a: Bastiodon|move: Protect
|
|-heal|p2a: Bastiodon|13/100|[from] item: Leftovers
|upkeep
|turn|13
|
|t:|1760337852
|switch|p2a: Alomomola|Alomomola, M|100/100
|-status|p2a: Alomomola|psn
|-damage|p2a: Alomomola|88/100 psn|[from] Stealth Rock
|move|p1a: Glimmora|Earth Power|p2a: Alomomola
|-damage|p2a: Alomomola|29/100 psn
|
|-heal|p2a: Alomomola|35/100 psn|[from] item: Leftovers
|-damage|p2a: Alomomola|22/100 psn|[from] psn
|upkeep
|turn|14
|
|t:|1760337861
|move|p1a: Glimmora|Power Gem|p2a: Alomomola
|-damage|p2a: Alomomola|0 fnt
|faint|p2a: Alomomola
|
|upkeep
|
|t:|1760337876
|switch|p2a: Glimmora|Glimmora, M|100/100
|-sideend|p2: iannoyppl|move: Toxic Spikes|[of] p2a: Glimmora
|-damage|p2a: Glimmora|88/100|[from] Stealth Rock
|turn|15
|
|t:|1760337880
|move|p1a: Glimmora|Earth Power|p2a: Glimmora
|-supereffective|p2a: Glimmora
|-damage|p2a: Glimmora|0 fnt
|faint|p2a: Glimmora
|
|upkeep
|
|t:|1760337897
|switch|p2a: Dondozo|Dondozo, F|100/100
|-damage|p2a: Dondozo|88/100|[from] Stealth Rock
|turn|16
|
|t:|1760337903
|move|p1a: Glimmora|Power Gem|p2a: Dondozo
|-damage|p2a: Dondozo|47/100
|move|p2a: Dondozo|Waterfall|p1a: Glimmora
|-supereffective|p1a: Glimmora
|-damage|p1a: Glimmora|9/100
|-activate|p1a: Glimmora|ability: Toxic Debris
|-sidestart|p2: iannoyppl|move: Toxic Spikes
|
|-heal|p2a: Dondozo|53/100|[from] item: Leftovers
|upkeep
|turn|17
|
|t:|1760337909
|move|p1a: Glimmora|Earth Power|p2a: Dondozo
|-damage|p2a: Dondozo|7/100
|move|p2a: Dondozo|Curse|p2a: Dondozo
|-unboost|p2a: Dondozo|spe|1
|-boost|p2a: Dondozo|atk|1
|-boost|p2a: Dondozo|def|1
|
|-heal|p2a: Dondozo|13/100|[from] item: Leftovers
|upkeep
|turn|18
|
|t:|1760337928
|switch|p2a: Toxapex|Toxapex, F|100/100
|-damage|p2a: Toxapex|88/100|[from] Stealth Rock
|-sideend|p2: iannoyppl|move: Toxic Spikes|[of] p2a: Toxapex
|move|p1a: Glimmora|Earth Power|p2a: Toxapex
|-supereffective|p2a: Toxapex
|-damage|p2a: Toxapex|10/100
|
|-heal|p2a: Toxapex|17/100|[from] item: Leftovers
|upkeep
|turn|19
|
|t:|1760337934
|move|p2a: Toxapex|Baneful Bunker|p2a: Toxapex
|-singleturn|p2a: Toxapex|move: Protect
|move|p1a: Glimmora|Earth Power|p2a: Toxapex
|-activate|p2a: Toxapex|move: Protect
|
|-heal|p2a: Toxapex|23/100|[from] item: Leftovers
|upkeep
|turn|20
|
|t:|1760337944
|move|p1a: Glimmora|Earth Power|p2a: Toxapex
|-supereffective|p2a: Toxapex
|-damage|p2a: Toxapex|0 fnt
|faint|p2a: Toxapex
|
|upkeep
|
|t:|1760337947
|switch|p2a: Deoxys|Deoxys-Defense, tera:Steel|19/100 par
|-damage|p2a: Deoxys|13/100 par|[from] Stealth Rock
|-ability|p2a: Deoxys|Pressure
|turn|21
|
|t:|1760337958
|cant|p2a: Deoxys|par
|move|p1a: Glimmora|Earth Power|p2a: Deoxys
|-supereffective|p2a: Deoxys
|-damage|p2a: Deoxys|0 fnt
|faint|p2a: Deoxys
|
|upkeep
|-message|iannoyppl forfeited.
|
|win|sgCURRY3
|raw|sgCURRY3's rating: 1164 &rarr; <strong>1189</strong><br />(+25 for winning)
|raw|iannoyppl's rating: 1161 &rarr; <strong>1136</strong><br />(-25 for losing)
|l|☆iannoyppl
|player|p2|
|l|☆sgCURRY3
|player|p1|
