|j|☆Mithyk Noob
|j|‽TAMEY JULLS
|t:|1760432576
|gametype|singles
|player|p1|Mithyk Noob|gentleman-gen4|1156
|player|p2|TAMEY JULLS|riley|1099
|gen|9
|tier|[Gen 9] OU
|rated|
|rule|HP Percentage Mod: HP is shown in percentages
|rule|Endless Battle Clause: Forcing endless battles is banned
|rule|Species Clause: Limit one of each Pokémon
|rule|OHKO Clause: OHKO moves are banned
|rule|Evasion Items Clause: Evasion items are banned
|rule|Evasion Moves Clause: Evasion moves are banned
|rule|Evasion Abilities Clause: Evasion abilities are banned
|rule|Sleep Moves Clause: Sleep-inducing moves are banned
|clearpoke
|poke|p1|Tauros-Paldea-Aqua, M|
|poke|p1|Flygon, M|
|poke|p1|Incineroar, F|
|poke|p1|Tsareena, F|
|poke|p1|Bronzong|
|poke|p1|Vaporeon, M|
|poke|p2|Tornadus, M|
|poke|p2|Incineroar, M|
|poke|p2|Primarina, M|
|poke|p2|Ogerpon-Cornerstone, F|
|poke|p2|Gengar, M|
|poke|p2|Garchomp, M|
|teampreview
|inactive|Battle timer is ON: inactive players will automatically lose when time's up. (requested by TAMEY JULLS)
|
|t:|1760432594
|teamsize|p1|6
|teamsize|p2|6
|start
|switch|p1a: Baferdédéga|Flygon, M|100/100
|switch|p2a: Tornadus|Tornadus, M|100/100
|turn|1
|
|t:|1760432600
|move|p2a: Tornadus|Taunt|p1a: Baferdédéga
|-start|p1a: Baferdédéga|move: Taunt
|move|p1a: Baferdédéga|Stone Edge|p2a: Tornadus|[miss]
|-miss|p1a: Baferdédéga|p2a: Tornadus
|
|upkeep
|turn|2
|
|t:|1760432609
|switch|p1a: The Truth Reigns|Incineroar, F|100/100
|-ability|p1a: The Truth Reigns|Intimidate|boost
|-unboost|p2a: Tornadus|atk|1
|move|p2a: Tornadus|Bleakwind Storm|p1a: The Truth Reigns|[miss]
|-miss|p2a: Tornadus|p1a: The Truth Reigns
|
|upkeep
|turn|3
|
|t:|1760432617
|move|p2a: Tornadus|Chilling Water|p1a: The Truth Reigns
|-supereffective|p1a: The Truth Reigns
|-damage|p1a: The Truth Reigns|76/100
|-unboost|p1a: The Truth Reigns|atk|1
|move|p1a: The Truth Reigns|Knock Off|p2a: Tornadus
|-damage|p2a: Tornadus|60/100
|-enditem|p2a: Tornadus|Heavy-Duty Boots|[from] move: Knock Off|[of] p1a: The Truth Reigns
|
|upkeep
|turn|4
|
|t:|1760432626
|move|p2a: Tornadus|Bleakwind Storm|p1a: The Truth Reigns
|-damage|p1a: The Truth Reigns|37/100
|move|p1a: The Truth Reigns|U-turn|p2a: Tornadus
|-resisted|p2a: Tornadus
|-damage|p2a: Tornadus|51/100
|
|t:|1760432635
|switch|p1a: Baferdédéga|Flygon, M|100/100|[from] U-turn
|
|upkeep
|turn|5
|inactive|TAMEY JULLS has 120 seconds left.
|
|t:|1760432675
|switch|p2a: Primarina|Primarina, M|100/100
|move|p1a: Baferdédéga|Outrage|p2a: Primarina
|-immune|p2a: Primarina
|
|upkeep
|turn|6
|
|t:|1760432685
|switch|p1a: 6G Flashback|Vaporeon, M|100/100
|move|p2a: Primarina|Hyper Voice|p1a: 6G Flashback
|-immune|p1a: 6G Flashback|[from] ability: Water Absorb
|
|upkeep
|turn|7
|
|t:|1760432695
|move|p1a: 6G Flashback|Scald|p2a: Primarina
|-resisted|p2a: Primarina
|-damage|p2a: Primarina|89/100
|move|p2a: Primarina|Energy Ball|p1a: 6G Flashback
|-supereffective|p1a: 6G Flashback
|-damage|p1a: 6G Flashback|42/100
|
|upkeep
|turn|8
|
|t:|1760432703
|move|p1a: 6G Flashback|Scald|p2a: Primarina
|-resisted|p2a: Primarina
|-damage|p2a: Primarina|77/100
|move|p2a: Primarina|Energy Ball|p1a: 6G Flashback
|-supereffective|p1a: 6G Flashback
|-damage|p1a: 6G Flashback|0 fnt
|faint|p1a: 6G Flashback
|
|upkeep
|
|t:|1760432706
|switch|p1a: Antastesia|Tsareena, F|100/100
|turn|9
|
|t:|1760432709
|switch|p2a: Incineroar|Incineroar, M|100/100
|-ability|p2a: Incineroar|Intimidate|boost
|-unboost|p1a: Antastesia|atk|1
|move|p1a: Antastesia|Knock Off|p2a: Incineroar
|-resisted|p2a: Incineroar
|-damage|p2a: Incineroar|90/100
|-enditem|p2a: Incineroar|Leftovers|[from] move: Knock Off|[of] p1a: Antastesia
|
|upkeep
|turn|10
|
|t:|1760432720
|switch|p1a: The Truth Reigns|Incineroar, F|37/100
|-ability|p1a: The Truth Reigns|Intimidate|boost
|-unboost|p2a: Incineroar|atk|1
|move|p2a: Incineroar|Flare Blitz|p1a: The Truth Reigns
|-resisted|p1a: The Truth Reigns
|-damage|p1a: The Truth Reigns|23/100
|-damage|p2a: Incineroar|85/100|[from] Recoil
|
|upkeep
|turn|11
|
|t:|1760432728
|move|p1a: The Truth Reigns|U-turn|p2a: Incineroar
|-damage|p2a: Incineroar|68/100
|
|t:|1760432731
|switch|p1a: j'pezdanlgame|Bronzong|100/100|[from] U-turn
|move|p2a: Incineroar|Parting Shot|p1a: j'pezdanlgame
|-unboost|p1a: j'pezdanlgame|atk|1
|-unboost|p1a: j'pezdanlgame|spa|1
|
|t:|1760432745
|switch|p2a: Gengar|Gengar, M|100/100|[from] Parting Shot
|
|upkeep
|turn|12
|
|t:|1760432752
|move|p2a: Gengar|Nasty Plot|p2a: Gengar
|-boost|p2a: Gengar|spa|2
|move|p1a: j'pezdanlgame|Stealth Rock|p2a: Gengar
|-sidestart|p2: TAMEY JULLS|move: Stealth Rock
|
|upkeep
|turn|13
|
|t:|1760432762
|switch|p1a: The Truth Reigns|Incineroar, F|23/100
|-ability|p1a: The Truth Reigns|Intimidate|boost
|-unboost|p2a: Gengar|atk|1
|move|p2a: Gengar|Shadow Ball|p1a: The Truth Reigns
|-resisted|p1a: The Truth Reigns
|-damage|p1a: The Truth Reigns|0 fnt
|faint|p1a: The Truth Reigns
|
|upkeep
|l|☆Mithyk Noob
|inactive|Mithyk Noob disconnected and has a minute to reconnect!
|player|p1|
|inactive|Mithyk Noob has 30 seconds to reconnect!
|inactive|Mithyk Noob has 20 seconds to reconnect!
|inactive|Mithyk Noob has 15 seconds to reconnect!
|inactive|Mithyk Noob has 10 seconds to reconnect!
|inactive|Mithyk Noob has 5 seconds to reconnect!
|-message|Mithyk Noob lost due to inactivity.
|
|win|TAMEY JULLS
|raw|Mithyk Noob's rating: 1156 &rarr; <strong>1127</strong><br />(-29 for losing)
|raw|TAMEY JULLS's rating: 1099 &rarr; <strong>1128</strong><br />(+29 for winning)
|l|‽TAMEY JULLS
|player|p2|
