|j|☆dia90
|j|☆how play pkm
|t:|1760316732
|gametype|singles
|player|p1|dia90|101|1669
|player|p2|how play pkm|yellow|1660
|gen|9
|tier|[Gen 9] OU
|rated|
|rule|HP Percentage Mod: HP is shown in percentages
|rule|Endless Battle Clause: Forcing endless battles is banned
|rule|Species Clause: Limit one of each Pokémon
|rule|OHKO Clause: OHKO moves are banned
|rule|Evasion Items Clause: Evasion items are banned
|rule|Evasion Moves Clause: Evasion moves are banned
|rule|Evasion Abilities Clause: Evasion abilities are banned
|rule|Sleep Moves Clause: Sleep-inducing moves are banned
|clearpoke
|poke|p1|Ursaluna, M|
|poke|p1|Raging Bolt|
|poke|p1|Cinderace, M|
|poke|p1|Pecharunt|
|poke|p1|Ogerpon, F|
|poke|p1|Scizor, M|
|poke|p2|Rillaboom, M|
|poke|p2|Kingambit, F|
|poke|p2|Cinderace, M|
|poke|p2|Primarina, M|
|poke|p2|Ceruledge, F|
|poke|p2|Kommo-o, F|
|teampreview
|inactive|Battle timer is ON: inactive players will automatically lose when time's up. (requested by how play pkm)
|inactive|dia90 has 120 seconds left.
|
|t:|1760316768
|teamsize|p1|6
|teamsize|p2|6
|start
|switch|p1a: Raging Bolt|Raging Bolt|100/100
|switch|p2a: Kommo-o|Kommo-o, F|100/100
|turn|1
|
|t:|1760316784
|switch|p2a: Rillaboom|Rillaboom, M|100/100
|-fieldstart|move: Grassy Terrain|[from] ability: Grassy Surge|[of] p2a: Rillaboom
|move|p1a: Raging Bolt|Draco Meteor|p2a: Rillaboom
|-damage|p2a: Rillaboom|0 fnt
|-unboost|p1a: Raging Bolt|spa|2
|faint|p2a: Rillaboom
|
|upkeep
|
|t:|1760316794
|switch|p2a: Primarina|Primarina, M|100/100
|-enditem|p2a: Primarina|Grassy Seed
|-boost|p2a: Primarina|def|1|[from] item: Grassy Seed
|turn|2
|
|t:|1760316799
|-end|p1a: Raging Bolt|Protosynthesis|[silent]
|switch|p1a: Ogerpon|Ogerpon, F|100/100
|move|p2a: Primarina|Moonblast|p1a: Ogerpon
|-damage|p1a: Ogerpon|50/100
|
|-heal|p1a: Ogerpon|56/100|[from] Grassy Terrain
|upkeep
|turn|3
|
|t:|1760316807
|switch|p2a: Ceruledge|Ceruledge, F|100/100
|move|p1a: Ogerpon|Power Whip|p2a: Ceruledge
|-resisted|p2a: Ceruledge
|-damage|p2a: Ceruledge|7/100
|-ability|p2a: Ceruledge|Weak Armor|boost
|-unboost|p2a: Ceruledge|def|1
|-boost|p2a: Ceruledge|spe|2
|
|-heal|p2a: Ceruledge|13/100|[from] Grassy Terrain
|-heal|p1a: Ogerpon|62/100|[from] Grassy Terrain
|upkeep
|turn|4
|
|t:|1760316818
|switch|p1a: Pecharunt|Pecharunt|100/100
|move|p2a: Ceruledge|Bitter Blade|p1a: Pecharunt
|-damage|p1a: Pecharunt|68/100
|-heal|p2a: Ceruledge|33/100|[from] drain|[of] p1a: Pecharunt
|-damage|p2a: Ceruledge|23/100|[from] item: Life Orb
|
|-heal|p2a: Ceruledge|29/100|[from] Grassy Terrain
|-heal|p1a: Pecharunt|74/100|[from] Grassy Terrain
|-heal|p1a: Pecharunt|80/100|[from] item: Leftovers
|upkeep
|turn|5
|
|t:|1760316830
|move|p2a: Ceruledge|Poltergeist|p1a: Pecharunt|[miss]
|-miss|p2a: Ceruledge|p1a: Pecharunt
|move|p1a: Pecharunt|Hex|p2a: Ceruledge
|-supereffective|p2a: Ceruledge
|-damage|p2a: Ceruledge|0 fnt
|faint|p2a: Ceruledge
|
|-heal|p1a: Pecharunt|87/100|[from] Grassy Terrain
|-heal|p1a: Pecharunt|93/100|[from] item: Leftovers
|-fieldend|move: Grassy Terrain
|upkeep
|
|t:|1760316841
|switch|p2a: Kommo-o|Kommo-o, F|100/100
|turn|6
|
|t:|1760316846
|move|p2a: Kommo-o|Clangorous Soul|p2a: Kommo-o
|-boost|p2a: Kommo-o|atk|1
|-boost|p2a: Kommo-o|def|1
|-boost|p2a: Kommo-o|spa|1
|-boost|p2a: Kommo-o|spd|1
|-boost|p2a: Kommo-o|spe|1
|-damage|p2a: Kommo-o|68/100
|move|p1a: Pecharunt|Malignant Chain|p2a: Kommo-o
|-damage|p2a: Kommo-o|47/100
|-status|p2a: Kommo-o|tox
|-start|p2a: Kommo-o|confusion|[from] ability: Poison Puppeteer|[of] p1a: Pecharunt
|
|-heal|p1a: Pecharunt|99/100|[from] item: Leftovers
|-damage|p2a: Kommo-o|40/100 tox|[from] psn
|upkeep
|turn|7
|
|t:|1760316864
|-activate|p2a: Kommo-o|confusion
|move|p2a: Kommo-o|Shadow Claw|p1a: Pecharunt
|-supereffective|p1a: Pecharunt
|-damage|p1a: Pecharunt|73/100
|move|p1a: Pecharunt|Hex|p2a: Kommo-o
|-damage|p2a: Kommo-o|14/100 tox
|
|-heal|p1a: Pecharunt|79/100|[from] item: Leftovers
|-damage|p2a: Kommo-o|2/100 tox|[from] psn
|upkeep
|turn|8
|
|t:|1760316875
|-activate|p2a: Kommo-o|confusion
|move|p2a: Kommo-o|Rest|p2a: Kommo-o
|-status|p2a: Kommo-o|slp|[from] move: Rest
|-heal|p2a: Kommo-o|100/100 slp|[silent]
|-enditem|p2a: Kommo-o|Chesto Berry|[eat]
|-curestatus|p2a: Kommo-o|slp|[msg]
|move|p1a: Pecharunt|Recover|p1a: Pecharunt
|-heal|p1a: Pecharunt|100/100
|
|upkeep
|turn|9
|
|t:|1760316884
|-end|p2a: Kommo-o|confusion
|move|p2a: Kommo-o|Clangorous Soul|p2a: Kommo-o
|-boost|p2a: Kommo-o|atk|1
|-boost|p2a: Kommo-o|def|1
|-boost|p2a: Kommo-o|spa|1
|-boost|p2a: Kommo-o|spd|1
|-boost|p2a: Kommo-o|spe|1
|-damage|p2a: Kommo-o|68/100
|move|p1a: Pecharunt|Malignant Chain|p2a: Kommo-o
|-damage|p2a: Kommo-o|53/100
|-status|p2a: Kommo-o|tox
|-start|p2a: Kommo-o|confusion|[from] ability: Poison Puppeteer|[of] p1a: Pecharunt
|
|-damage|p2a: Kommo-o|47/100 tox|[from] psn
|upkeep
|turn|10
|
|t:|1760316899
|-activate|p2a: Kommo-o|confusion
|-damage|p2a: Kommo-o|38/100 tox|[from] confusion
|move|p1a: Pecharunt|Hex|p2a: Kommo-o
|-damage|p2a: Kommo-o|19/100 tox
|
|-damage|p2a: Kommo-o|6/100 tox|[from] psn
|upkeep
|turn|11
|
|t:|1760316907
|-activate|p2a: Kommo-o|confusion
|move|p2a: Kommo-o|Rest|p2a: Kommo-o
|-status|p2a: Kommo-o|slp|[from] move: Rest
|-heal|p2a: Kommo-o|100/100 slp|[silent]
|move|p1a: Pecharunt|Recover||[still]
|-fail|p1a: Pecharunt|heal
|
|upkeep
|turn|12
|
|t:|1760316916
|cant|p2a: Kommo-o|slp
|move|p1a: Pecharunt|Hex|p2a: Kommo-o
|-damage|p2a: Kommo-o|83/100 slp
|
|upkeep
|turn|13
|
|t:|1760316921
|cant|p2a: Kommo-o|slp
|move|p1a: Pecharunt|Parting Shot|p2a: Kommo-o
|-unboost|p2a: Kommo-o|atk|1
|-unboost|p2a: Kommo-o|spa|1
|
|t:|1760316928
|switch|p1a: Raging Bolt|Raging Bolt|100/100|[from] Parting Shot
|
|upkeep
|turn|14
|
|t:|1760316954
|-terastallize|p2a: Kommo-o|Ghost
|-curestatus|p2a: Kommo-o|slp|[msg]
|-activate|p2a: Kommo-o|confusion
|move|p2a: Kommo-o|Drain Punch|p1a: Raging Bolt
|-damage|p1a: Raging Bolt|65/100
|-heal|p2a: Kommo-o|100/100|[from] drain|[of] p1a: Raging Bolt
|move|p1a: Raging Bolt|Draco Meteor|p2a: Kommo-o
|-damage|p2a: Kommo-o|54/100
|-unboost|p1a: Raging Bolt|spa|2
|
|upkeep
|turn|15
|
|t:|1760316968
|-end|p1a: Raging Bolt|Protosynthesis|[silent]
|switch|p1a: Pecharunt|Pecharunt|100/100
|-end|p2a: Kommo-o|confusion
|move|p2a: Kommo-o|Clangorous Soul|p2a: Kommo-o
|-boost|p2a: Kommo-o|atk|1
|-boost|p2a: Kommo-o|def|1
|-boost|p2a: Kommo-o|spa|1
|-boost|p2a: Kommo-o|spd|1
|-boost|p2a: Kommo-o|spe|1
|-damage|p2a: Kommo-o|21/100
|
|upkeep
|turn|16
|
|t:|1760316978
|move|p2a: Kommo-o|Shadow Claw|p1a: Pecharunt
|-supereffective|p1a: Pecharunt
|-damage|p1a: Pecharunt|50/100
|move|p1a: Pecharunt|Malignant Chain|p2a: Kommo-o
|-resisted|p2a: Kommo-o
|-damage|p2a: Kommo-o|15/100
|
|-heal|p1a: Pecharunt|56/100|[from] item: Leftovers
|upkeep
|turn|17
|
|t:|1760316990
|move|p2a: Kommo-o|Shadow Claw|p1a: Pecharunt
|-supereffective|p1a: Pecharunt
|-damage|p1a: Pecharunt|3/100
|move|p1a: Pecharunt|Hex|p2a: Kommo-o
|-supereffective|p2a: Kommo-o
|-damage|p2a: Kommo-o|0 fnt
|faint|p2a: Kommo-o
|
|-heal|p1a: Pecharunt|9/100|[from] item: Leftovers
|upkeep
|
|t:|1760316999
|switch|p2a: Cinderace|Cinderace, M|100/100
|turn|18
|
|t:|1760317005
|move|p2a: Cinderace|Pyro Ball|p1a: Pecharunt
|-damage|p1a: Pecharunt|0 fnt
|faint|p1a: Pecharunt
|
|upkeep
|
|t:|1760317011
|switch|p1a: Cinderace|Cinderace, M|100/100
|turn|19
|
|t:|1760317015
|move|p1a: Cinderace|High Jump Kick|p2a: Cinderace|[miss]
|-start|p1a: Cinderace|typechange|Fighting|[from] ability: Libero
|-miss|p1a: Cinderace|p2a: Cinderace
|-damage|p1a: Cinderace|51/100|[from] highjumpkick
|move|p2a: Cinderace|Gunk Shot|p1a: Cinderace
|-start|p2a: Cinderace|typechange|Poison|[from] ability: Libero
|-damage|p1a: Cinderace|0 fnt
|faint|p1a: Cinderace
|
|upkeep
|l|☆how play pkm
|inactive|how play pkm disconnected and has a minute to reconnect!
|player|p2|
|
|t:|1760317028
|switch|p1a: Ursaluna|Ursaluna, M|100/100
|turn|20
|j|☆how play pkm
|inactive|how play pkm reconnected and has 145 seconds left.
|player|p2|how play pkm|yellow|
|
|t:|1760317042
|move|p2a: Cinderace|U-turn|p1a: Ursaluna
|-damage|p1a: Ursaluna|86/100
|
|t:|1760317043
|switch|p2a: Primarina|Primarina, M|100/100|[from] U-turn
|move|p1a: Ursaluna|Headlong Rush|p2a: Primarina
|-damage|p2a: Primarina|0 fnt
|-unboost|p1a: Ursaluna|def|1
|-unboost|p1a: Ursaluna|spd|1
|faint|p2a: Primarina
|
|upkeep
|
|t:|1760317047
|switch|p2a: Cinderace|Cinderace, M|100/100
|turn|21
|
|t:|1760317053
|move|p2a: Cinderace|Pyro Ball|p1a: Ursaluna
|-damage|p1a: Ursaluna|23/100
|move|p1a: Ursaluna|Headlong Rush|p2a: Cinderace
|-supereffective|p2a: Cinderace
|-damage|p2a: Cinderace|0 fnt
|-unboost|p1a: Ursaluna|def|1
|-unboost|p1a: Ursaluna|spd|1
|faint|p2a: Cinderace
|
|upkeep
|
|t:|1760317057
|switch|p2a: Kingambit|Kingambit, F|100/100
|-activate|p2a: Kingambit|ability: Supreme Overlord
|-start|p2a: Kingambit|fallen5|[silent]
|turn|22
|
|t:|1760317064
|move|p2a: Kingambit|Sucker Punch|p1a: Ursaluna
|-damage|p1a: Ursaluna|0 fnt
|faint|p1a: Ursaluna
|
|upkeep
|
|t:|1760317069
|switch|p1a: Scizor|Scizor, M|100/100
|turn|23
|
|t:|1760317076
|move|p1a: Scizor|Close Combat|p2a: Kingambit
|-supereffective|p2a: Kingambit
|-damage|p2a: Kingambit|0 fnt
|-unboost|p1a: Scizor|def|1
|-unboost|p1a: Scizor|spd|1
|faint|p2a: Kingambit
|-end|p2a: Kingambit|fallen5|[silent]
|
|win|dia90
|raw|dia90's rating: 1669 &rarr; <strong>1688</strong><br />(+19 for winning)
|raw|how play pkm's rating: 1660 &rarr; <strong>1641</strong><br />(-19 for losing)
|l|☆dia90
|player|p1|
|l|☆how play pkm
|player|p2|
