|j|☆animeGametestteam
|j|☆Gastly923
|t:|1760392378
|gametype|singles
|player|p1|animeGametestteam|acetrainer-gen4dp|1186
|player|p2|Gastly923|170|1136
|gen|9
|tier|[Gen 9] OU
|rated|
|rule|HP Percentage Mod: HP is shown in percentages
|rule|Endless Battle Clause: Forcing endless battles is banned
|rule|Species Clause: Limit one of each Pokémon
|rule|OHKO Clause: OHKO moves are banned
|rule|Evasion Items Clause: Evasion items are banned
|rule|Evasion Moves Clause: Evasion moves are banned
|rule|Evasion Abilities Clause: Evasion abilities are banned
|rule|Sleep Moves Clause: Sleep-inducing moves are banned
|clearpoke
|poke|p1|Hydreigon, M|
|poke|p1|Excadrill, M|
|poke|p1|Conkeldurr, M|
|poke|p1|Galvantula, M|
|poke|p1|Krookodile, M|
|poke|p1|Serperior, M|
|poke|p2|Pecharunt|
|poke|p2|Ursaluna, M|
|poke|p2|Gyarados, F|
|poke|p2|Deoxys-Defense|
|poke|p2|Kingambit, F|
|poke|p2|Hatterene, F|
|teampreview
|
|t:|1760392385
|teamsize|p1|6
|teamsize|p2|6
|start
|switch|p1a: Excadrill|Excadrill, M|100/100
|switch|p2a: Gyarados|Gyarados, F|100/100
|-ability|p1a: Excadrill|Mold Breaker
|turn|1
|
|t:|1760392396
|switch|p1a: Serperior|Serperior, M|100/100
|move|p2a: Gyarados|Dragon Dance|p2a: Gyarados
|-boost|p2a: Gyarados|atk|1
|-boost|p2a: Gyarados|spe|1
|
|upkeep
|turn|2
|
|t:|1760392414
|switch|p2a: Pecharunt|Pecharunt|100/100
|-item|p2a: Pecharunt|Air Balloon
|move|p1a: Serperior|Leech Seed|p2a: Pecharunt
|-start|p2a: Pecharunt|move: Leech Seed
|
|-damage|p2a: Pecharunt|88/100|[from] Leech Seed|[of] p1a: Serperior
|upkeep
|turn|3
|
|t:|1760392426
|move|p1a: Serperior|Substitute|p1a: Serperior
|-start|p1a: Serperior|Substitute
|-damage|p1a: Serperior|76/100
|move|p2a: Pecharunt|Malignant Chain|p1a: Serperior
|-supereffective|p1a: Serperior
|-end|p1a: Serperior|Substitute
|
|-heal|p1a: Serperior|82/100|[from] item: Leftovers
|-damage|p2a: Pecharunt|76/100|[from] Leech Seed|[of] p1a: Serperior
|-heal|p1a: Serperior|95/100|[silent]
|upkeep
|turn|4
|
|t:|1760392437
|move|p1a: Serperior|Substitute|p1a: Serperior
|-start|p1a: Serperior|Substitute
|-damage|p1a: Serperior|70/100
|move|p2a: Pecharunt|Malignant Chain|p1a: Serperior
|-supereffective|p1a: Serperior
|-end|p1a: Serperior|Substitute
|
|-heal|p1a: Serperior|76/100|[from] item: Leftovers
|-damage|p2a: Pecharunt|63/100|[from] Leech Seed|[of] p1a: Serperior
|-heal|p1a: Serperior|90/100|[silent]
|upkeep
|turn|5
|
|t:|1760392451
|switch|p2a: Gyarados|Gyarados, F|100/100
|move|p1a: Serperior|Substitute|p1a: Serperior
|-start|p1a: Serperior|Substitute
|-damage|p1a: Serperior|65/100
|
|-heal|p1a: Serperior|71/100|[from] item: Leftovers
|upkeep
|turn|6
|
|t:|1760392459
|move|p1a: Serperior|Glare|p2a: Gyarados
|-status|p2a: Gyarados|par
|move|p2a: Gyarados|Crunch|p1a: Serperior
|-end|p1a: Serperior|Substitute
|
|-heal|p1a: Serperior|77/100|[from] item: Leftovers
|upkeep
|turn|7
|
|t:|1760392470
|move|p1a: Serperior|Leaf Storm|p2a: Gyarados
|-damage|p2a: Gyarados|64/100 par
|-boost|p1a: Serperior|spa|2
|move|p2a: Gyarados|Dragon Dance|p2a: Gyarados
|-boost|p2a: Gyarados|atk|1
|-boost|p2a: Gyarados|spe|1
|
|-heal|p1a: Serperior|84/100|[from] item: Leftovers
|-heal|p2a: Gyarados|70/100 par|[from] item: Leftovers
|upkeep
|turn|8
|
|t:|1760392483
|move|p1a: Serperior|Leaf Storm|p2a: Gyarados
|-damage|p2a: Gyarados|0 fnt
|-boost|p1a: Serperior|spa|2
|faint|p2a: Gyarados
|
|-heal|p1a: Serperior|90/100|[from] item: Leftovers
|upkeep
|
|t:|1760392492
|switch|p2a: Deoxys|Deoxys-Defense|100/100
|-ability|p2a: Deoxys|Pressure
|turn|9
|
|t:|1760392497
|move|p1a: Serperior|Substitute|p1a: Serperior
|-start|p1a: Serperior|Substitute
|-damage|p1a: Serperior|65/100
|move|p2a: Deoxys|Pain Split||[still]
|-fail|p2a: Deoxys
|
|-heal|p1a: Serperior|71/100|[from] item: Leftovers
|upkeep
|turn|10
|l|☆Gastly923
|player|p2|
|inactive|Battle timer is ON: inactive players will automatically lose when time's up. (requested by animeGametestteam)
|j|☆Gastly923
|inactive|Gastly923 reconnected and has 150 seconds left.
|player|p2|Gastly923|170|
|-message|Gastly923 forfeited.
|
|win|animeGametestteam
|raw|animeGametestteam's rating: 1186 &rarr; <strong>1207</strong><br />(+21 for winning)
|raw|Gastly923's rating: 1136 &rarr; <strong>1115</strong><br />(-21 for losing)
|l|☆Gastly923
|player|p2|
