|j|‽Charlie_Kirk_L
|j|☆hoverhawk
|t:|1760433505
|gametype|singles
|player|p1|Charlie_Kirk_L|hoopster|1577
|player|p2|hoverhawk|2|1522
|gen|9
|tier|[Gen 9] OU
|rated|
|rule|HP Percentage Mod: HP is shown in percentages
|rule|Endless Battle Clause: Forcing endless battles is banned
|rule|Species Clause: Limit one of each Pokémon
|rule|OHKO Clause: OHKO moves are banned
|rule|Evasion Items Clause: Evasion items are banned
|rule|Evasion Moves Clause: Evasion moves are banned
|rule|Evasion Abilities Clause: Evasion abilities are banned
|rule|Sleep Moves Clause: Sleep-inducing moves are banned
|clearpoke
|poke|p1|Alomomola, F|
|poke|p1|Ting-Lu|
|poke|p1|Zamazenta-*|
|poke|p1|Hawlucha, M|
|poke|p1|Iron Valiant|
|poke|p1|Darkrai|
|poke|p2|Lokix, F|
|poke|p2|Hatterene, F|
|poke|p2|Cinderace, F|
|poke|p2|Tornadus-Therian, M|
|poke|p2|Iron Crown|
|poke|p2|Landorus-Therian, M|
|teampreview
|inactive|Battle timer is ON: inactive players will automatically lose when time's up. (requested by Charlie_Kirk_L)
|
|t:|1760433522
|teamsize|p1|6
|teamsize|p2|6
|start
|switch|p1a: Darkrai|Darkrai|100/100
|switch|p2a: Lokix|Lokix, F|100/100
|turn|1
|
|t:|1760433526
|switch|p1a: Hawlucha|Hawlucha, M|100/100
|-ability|p1a: Hawlucha|Mold Breaker
|move|p2a: Lokix|U-turn|p1a: Hawlucha
|-resisted|p1a: Hawlucha
|-damage|p1a: Hawlucha|76/100
|
|t:|1760433530
|switch|p2a: Tornadus|Tornadus-Therian, M|100/100|[from] U-turn
|
|-heal|p1a: Hawlucha|82/100|[from] item: Leftovers
|upkeep
|turn|2
|
|t:|1760433534
|switch|p1a: Alomomola|Alomomola, F|100/100
|move|p2a: Tornadus|Bleakwind Storm|p1a: Alomomola
|-damage|p1a: Alomomola|81/100
|
|upkeep
|turn|3
|
|t:|1760433538
|move|p2a: Tornadus|Knock Off|p1a: Alomomola
|-damage|p1a: Alomomola|66/100
|-enditem|p1a: Alomomola|Assault Vest|[from] move: Knock Off|[of] p2a: Tornadus
|move|p1a: Alomomola|Flip Turn|p2a: Tornadus
|-damage|p2a: Tornadus|82/100
|
|t:|1760433549
|switch|p1a: Zamazenta|Zamazenta|100/100|[from] Flip Turn
|-ability|p1a: Zamazenta|Dauntless Shield|boost
|-boost|p1a: Zamazenta|def|1
|
|upkeep
|turn|4
|
|t:|1760433553
|-terastallize|p1a: Zamazenta|Fighting
|move|p1a: Zamazenta|Close Combat|p2a: Tornadus
|-resisted|p2a: Tornadus
|-crit|p2a: Tornadus
|-damage|p2a: Tornadus|0 fnt
|-unboost|p1a: Zamazenta|def|1
|-unboost|p1a: Zamazenta|spd|1
|faint|p2a: Tornadus
|
|upkeep
|
|t:|1760433562
|switch|p2a: Hatterene|Hatterene, F|100/100
|turn|5
|c|☆hoverhawk|oh that crit
|inactive|hoverhawk has 120 seconds left.
|
|t:|1760433596
|switch|p1a: Ting-Lu|Ting-Lu|100/100
|-ability|p1a: Ting-Lu|Vessel of Ruin
|move|p2a: Hatterene|Draining Kiss|p1a: Ting-Lu
|-supereffective|p1a: Ting-Lu
|-damage|p1a: Ting-Lu|73/100
|
|upkeep
|turn|6
|
|t:|1760433604
|switch|p2a: Lokix|Lokix, F|100/100
|move|p1a: Ting-Lu|Heavy Slam|p2a: Lokix
|-damage|p2a: Lokix|16/100
|
|upkeep
|turn|7
|
|t:|1760433611
|switch|p1a: Hawlucha|Hawlucha, M|82/100
|-ability|p1a: Hawlucha|Mold Breaker
|move|p2a: Lokix|Leech Life|p1a: Hawlucha
|-resisted|p1a: Hawlucha
|-damage|p1a: Hawlucha|57/100
|-heal|p2a: Lokix|29/100|[from] drain|[of] p1a: Hawlucha
|
|-heal|p1a: Hawlucha|63/100|[from] item: Leftovers
|upkeep
|turn|8
|
|t:|1760433625
|switch|p2a: Hatterene|Hatterene, F|100/100
|move|p1a: Hawlucha|U-turn|p2a: Hatterene
|-damage|p2a: Hatterene|85/100
|
|t:|1760433632
|switch|p1a: Zamazenta|Zamazenta, tera:Fighting|100/100|[from] U-turn
|
|-heal|p2a: Hatterene|91/100|[from] item: Leftovers
|upkeep
|turn|9
|
|t:|1760433634
|switch|p2a: Landorus|Landorus-Therian, M|100/100
|-ability|p2a: Landorus|Intimidate|boost
|-unboost|p1a: Zamazenta|atk|1
|move|p1a: Zamazenta|Heavy Slam|p2a: Landorus
|-damage|p2a: Landorus|71/100
|-damage|p1a: Zamazenta|84/100|[from] item: Rocky Helmet|[of] p2a: Landorus
|
|upkeep
|turn|10
|
|t:|1760433642
|switch|p1a: Hawlucha|Hawlucha, M|63/100
|-ability|p1a: Hawlucha|Mold Breaker
|move|p2a: Landorus|Stealth Rock|p1a: Hawlucha
|-sidestart|p1: Charlie_Kirk_L|move: Stealth Rock
|
|-heal|p1a: Hawlucha|70/100|[from] item: Leftovers
|upkeep
|turn|11
|
|t:|1760433651
|switch|p2a: Hatterene|Hatterene, F|91/100
|move|p1a: Hawlucha|Defog|p2a: Hatterene
|-unboost|p2a: Hatterene|evasion|1
|-sideend|p1: Charlie_Kirk_L|Stealth Rock|[from] move: Defog|[of] p1a: Hawlucha
|
|-heal|p1a: Hawlucha|76/100|[from] item: Leftovers
|-heal|p2a: Hatterene|97/100|[from] item: Leftovers
|upkeep
|turn|12
|
|t:|1760433677
|switch|p2a: Lokix|Lokix, F|29/100
|move|p1a: Hawlucha|U-turn|p2a: Lokix
|-supereffective|p2a: Lokix
|-damage|p2a: Lokix|0 fnt
|faint|p2a: Lokix
|
|t:|1760433698
|switch|p1a: Ting-Lu|Ting-Lu|73/100|[from] U-turn
|-ability|p1a: Ting-Lu|Vessel of Ruin
|
|upkeep
|
|t:|1760433705
|switch|p2a: Landorus|Landorus-Therian, M|71/100
|-ability|p2a: Landorus|Intimidate|boost
|-unboost|p1a: Ting-Lu|atk|1
|turn|13
|
|t:|1760433709
|switch|p1a: Hawlucha|Hawlucha, M|76/100
|-ability|p1a: Hawlucha|Mold Breaker
|move|p2a: Landorus|Taunt|p1a: Hawlucha
|-start|p1a: Hawlucha|move: Taunt
|
|-heal|p1a: Hawlucha|82/100|[from] item: Leftovers
|upkeep
|turn|14
|
|t:|1760433714
|move|p1a: Hawlucha|U-turn|p2a: Landorus
|-resisted|p2a: Landorus
|-damage|p2a: Landorus|64/100
|-damage|p1a: Hawlucha|65/100|[from] item: Rocky Helmet|[of] p2a: Landorus
|
|t:|1760433718
|switch|p1a: Alomomola|Alomomola, F|99/100|[from] U-turn
|move|p2a: Landorus|Stealth Rock|p1a: Alomomola
|-sidestart|p1: Charlie_Kirk_L|move: Stealth Rock
|
|upkeep
|turn|15
|
|t:|1760433747
|switch|p2a: Hatterene|Hatterene, F|97/100
|move|p1a: Alomomola|Flip Turn|p2a: Hatterene
|-damage|p2a: Hatterene|80/100
|
|t:|1760433753
|switch|p1a: Ting-Lu|Ting-Lu|73/100|[from] Flip Turn
|-damage|p1a: Ting-Lu|67/100|[from] Stealth Rock
|-ability|p1a: Ting-Lu|Vessel of Ruin
|
|-heal|p2a: Hatterene|86/100|[from] item: Leftovers
|upkeep
|turn|16
|
|t:|1760433761
|move|p1a: Ting-Lu|Throat Chop|p2a: Hatterene
|-damage|p2a: Hatterene|23/100
|-start|p2a: Hatterene|Throat Chop|[silent]
|move|p2a: Hatterene|Draining Kiss|p1a: Ting-Lu
|-supereffective|p1a: Ting-Lu
|-damage|p1a: Ting-Lu|40/100
|-heal|p2a: Hatterene|56/100|[from] drain|[of] p1a: Ting-Lu
|
|-heal|p2a: Hatterene|62/100|[from] item: Leftovers
|upkeep
|turn|17
|
|t:|1760433784
|switch|p2a: Landorus|Landorus-Therian, M|64/100
|-ability|p2a: Landorus|Intimidate|boost
|-unboost|p1a: Ting-Lu|atk|1
|move|p1a: Ting-Lu|Throat Chop|p2a: Landorus
|-damage|p2a: Landorus|27/100
|-start|p2a: Landorus|Throat Chop|[silent]
|-damage|p1a: Ting-Lu|23/100|[from] item: Rocky Helmet|[of] p2a: Landorus
|
|upkeep
|turn|18
|
|t:|1760433789
|move|p2a: Landorus|U-turn|p1a: Ting-Lu
|-supereffective|p1a: Ting-Lu
|-damage|p1a: Ting-Lu|0 fnt
|faint|p1a: Ting-Lu
|
|t:|1760433798
|switch|p2a: Iron Crown|Iron Crown|100/100|[from] U-turn
|
|upkeep
|
|t:|1760433805
|switch|p1a: Zamazenta|Zamazenta, tera:Fighting|84/100
|-damage|p1a: Zamazenta|78/100|[from] Stealth Rock
|turn|19
|
|t:|1760433811
|-end|p2a: Iron Crown|Quark Drive|[silent]
|switch|p2a: Landorus|Landorus-Therian, M|27/100
|-ability|p2a: Landorus|Intimidate|boost
|-unboost|p1a: Zamazenta|atk|1
|move|p1a: Zamazenta|Close Combat|p2a: Landorus
|-resisted|p2a: Landorus
|-damage|p2a: Landorus|0 fnt
|-unboost|p1a: Zamazenta|def|1
|-unboost|p1a: Zamazenta|spd|1
|-damage|p1a: Zamazenta|61/100|[from] item: Rocky Helmet|[of] p2a: Landorus
|faint|p2a: Landorus
|
|upkeep
|
|t:|1760433814
|switch|p2a: Hatterene|Hatterene, F|62/100
|turn|20
|
|t:|1760433818
|switch|p1a: Alomomola|Alomomola, F|100/100
|-damage|p1a: Alomomola|88/100|[from] Stealth Rock
|move|p2a: Hatterene|Draining Kiss|p1a: Alomomola
|-damage|p1a: Alomomola|69/100
|-heal|p2a: Hatterene|86/100|[from] drain|[of] p1a: Alomomola
|
|-heal|p2a: Hatterene|92/100|[from] item: Leftovers
|upkeep
|turn|21
|
|t:|1760433827
|move|p2a: Hatterene|Nuzzle|p1a: Alomomola
|-supereffective|p1a: Alomomola
|-damage|p1a: Alomomola|63/100
|-status|p1a: Alomomola|par
|move|p1a: Alomomola|Mirror Coat||[still]
|-fail|p1a: Alomomola
|
|-heal|p2a: Hatterene|98/100|[from] item: Leftovers
|upkeep
|turn|22
|inactive|hoverhawk has 120 seconds left.
|
|t:|1760433878
|move|p2a: Hatterene|Psychic Noise|p1a: Alomomola
|-damage|p1a: Alomomola|34/100 par
|-start|p1a: Alomomola|move: Heal Block
|cant|p1a: Alomomola|par
|
|-heal|p2a: Hatterene|100/100|[from] item: Leftovers
|upkeep
|turn|23
|inactive|hoverhawk has 90 seconds left.
|inactive|Charlie_Kirk_L has 120 seconds left.
|
|t:|1760433935
|move|p2a: Hatterene|Nuzzle|p1a: Alomomola
|-supereffective|p1a: Alomomola
|-damage|p1a: Alomomola|28/100 par
|move|p1a: Alomomola|Flip Turn|p2a: Hatterene
|-damage|p2a: Hatterene|84/100
|inactive|Charlie_Kirk_L has 90 seconds left.
|
|t:|1760433966
|switch|p1a: Hawlucha|Hawlucha, M|65/100|[from] Flip Turn
|-damage|p1a: Hawlucha|53/100|[from] Stealth Rock
|-ability|p1a: Hawlucha|Mold Breaker
|
|-heal|p1a: Hawlucha|59/100|[from] item: Leftovers
|-heal|p2a: Hatterene|90/100|[from] item: Leftovers
|upkeep
|turn|24
|
|t:|1760433971
|move|p1a: Hawlucha|Encore|p2a: Hatterene
|-start|p2a: Hatterene|Encore
|move|p2a: Hatterene|Nuzzle|p1a: Hawlucha
|-supereffective|p1a: Hawlucha
|-damage|p1a: Hawlucha|51/100
|-status|p1a: Hawlucha|par
|
|-heal|p1a: Hawlucha|57/100 par|[from] item: Leftovers
|-heal|p2a: Hatterene|96/100|[from] item: Leftovers
|upkeep
|turn|25
|
|t:|1760433985
|cant|p1a: Hawlucha|par
|move|p2a: Hatterene|Nuzzle|p1a: Hawlucha
|-supereffective|p1a: Hawlucha
|-damage|p1a: Hawlucha|50/100 par
|
|-heal|p1a: Hawlucha|56/100 par|[from] item: Leftovers
|-heal|p2a: Hatterene|100/100|[from] item: Leftovers
|upkeep
|turn|26
|inactive|Charlie_Kirk_L has 90 seconds left.
|
|t:|1760433993
|cant|p1a: Hawlucha|par
|move|p2a: Hatterene|Nuzzle|p1a: Hawlucha
|-supereffective|p1a: Hawlucha
|-damage|p1a: Hawlucha|49/100 par
|
|-heal|p1a: Hawlucha|55/100 par|[from] item: Leftovers
|-end|p2a: Hatterene|Encore
|upkeep
|turn|27
|inactive|Charlie_Kirk_L has 90 seconds left.
|
|t:|1760434004
|switch|p1a: Alomomola|Alomomola, F|61/100 par
|-damage|p1a: Alomomola|49/100 par|[from] Stealth Rock
|switch|p2a: Iron Crown|Iron Crown|100/100
|
|upkeep
|turn|28
|
|t:|1760434009
|move|p2a: Iron Crown|Future Sight|p1a: Alomomola
|-start|p2a: Iron Crown|move: Future Sight
|cant|p1a: Alomomola|par
|
|upkeep
|turn|29
|
|t:|1760434014
|move|p2a: Iron Crown|Volt Switch|p1a: Alomomola
|-supereffective|p1a: Alomomola
|-damage|p1a: Alomomola|21/100 par
|
|t:|1760434020
|-end|p2a: Iron Crown|Quark Drive|[silent]
|switch|p2a: Hatterene|Hatterene, F|100/100|[from] Volt Switch
|cant|p1a: Alomomola|par
|
|upkeep
|turn|30
|inactive|Charlie_Kirk_L has 120 seconds left.
|
|t:|1760434027
|move|p2a: Hatterene|Psychic Noise|p1a: Alomomola
|-damage|p1a: Alomomola|0 fnt
|faint|p1a: Alomomola
|
|-hint|Future Sight did not hit because the target is fainted.
|upkeep
|inactive|Charlie_Kirk_L has 120 seconds left.
|
|t:|1760434035
|switch|p1a: Zamazenta|Zamazenta, tera:Fighting|61/100
|-damage|p1a: Zamazenta|55/100|[from] Stealth Rock
|turn|31
|
|t:|1760434056
|switch|p2a: Cinderace|Cinderace, F|100/100
|move|p1a: Zamazenta|Heavy Slam|p2a: Cinderace
|-resisted|p2a: Cinderace
|-damage|p2a: Cinderace|60/100
|
|upkeep
|turn|32
|
|t:|1760434067
|move|p1a: Zamazenta|Heavy Slam|p2a: Cinderace
|-resisted|p2a: Cinderace
|-damage|p2a: Cinderace|24/100
|move|p2a: Cinderace|Will-O-Wisp|p1a: Zamazenta
|-status|p1a: Zamazenta|brn
|
|-damage|p1a: Zamazenta|49/100 brn|[from] brn
|upkeep
|turn|33
|
|t:|1760434083
|switch|p1a: Hawlucha|Hawlucha, M|55/100 par
|-damage|p1a: Hawlucha|42/100 par|[from] Stealth Rock
|-ability|p1a: Hawlucha|Mold Breaker
|move|p2a: Cinderace|Pyro Ball|p1a: Hawlucha
|-damage|p1a: Hawlucha|0 fnt
|faint|p1a: Hawlucha
|
|upkeep
|
|t:|1760434089
|switch|p1a: Darkrai|Darkrai|100/100
|-damage|p1a: Darkrai|88/100|[from] Stealth Rock
|turn|34
|
|t:|1760434096
|move|p1a: Darkrai|Dark Pulse|p2a: Cinderace
|-damage|p2a: Cinderace|0 fnt
|faint|p2a: Cinderace
|
|upkeep
|
|t:|1760434108
|switch|p2a: Iron Crown|Iron Crown|100/100
|turn|35
|
|t:|1760434120
|switch|p1a: Zamazenta|Zamazenta, tera:Fighting|49/100 brn
|-damage|p1a: Zamazenta|43/100 brn|[from] Stealth Rock
|-terastallize|p2a: Iron Crown|Water
|move|p2a: Iron Crown|Tachyon Cutter|p1a: Zamazenta
|-damage|p1a: Zamazenta|24/100 brn
|-damage|p1a: Zamazenta|3/100 brn
|-hitcount|p1a: Zamazenta|2
|
|-damage|p1a: Zamazenta|0 fnt|[from] brn
|faint|p1a: Zamazenta
|upkeep
|
|t:|1760434124
|switch|p1a: Iron Valiant|Iron Valiant|100/100
|-damage|p1a: Iron Valiant|94/100|[from] Stealth Rock
|turn|36
|
|t:|1760434133
|move|p1a: Iron Valiant|Thunderbolt|p2a: Iron Crown
|-supereffective|p2a: Iron Crown
|-damage|p2a: Iron Crown|49/100
|move|p2a: Iron Crown|Psychic Noise|p1a: Iron Valiant
|-supereffective|p1a: Iron Valiant
|-damage|p1a: Iron Valiant|0 fnt
|faint|p1a: Iron Valiant
|-end|p1a: Iron Valiant|Quark Drive|[silent]
|
|upkeep
|
|t:|1760434136
|switch|p1a: Darkrai|Darkrai|88/100
|-damage|p1a: Darkrai|76/100|[from] Stealth Rock
|turn|37
|
|t:|1760434142
|move|p1a: Darkrai|Dark Pulse|p2a: Iron Crown
|-damage|p2a: Iron Crown|10/100
|move|p2a: Iron Crown|Tachyon Cutter|p1a: Darkrai
|-damage|p1a: Darkrai|48/100
|-damage|p1a: Darkrai|20/100
|-hitcount|p1a: Darkrai|2
|
|upkeep
|turn|38
|-message|Charlie_Kirk_L forfeited.
|
|win|hoverhawk
|raw|Charlie_Kirk_L's rating: 1577 &rarr; <strong>1554</strong><br />(-23 for losing)
|raw|hoverhawk's rating: 1522 &rarr; <strong>1545</strong><br />(+23 for winning)
|l|‽Charlie_Kirk_L
|player|p1|
|c|☆hoverhawk|gg
