|j|☆ikiab ts pmo
|j|☆schummel_8
|t:|1760333042
|gametype|singles
|player|p1|ikiab ts pmo|policeman-gen4|1133
|player|p2|schummel_8|170|1166
|gen|9
|tier|[Gen 9] OU
|rated|
|rule|HP Percentage Mod: HP is shown in percentages
|rule|Endless Battle Clause: Forcing endless battles is banned
|rule|Species Clause: Limit one of each Pokémon
|rule|OHKO Clause: OHKO moves are banned
|rule|Evasion Items Clause: Evasion items are banned
|rule|Evasion Moves Clause: Evasion moves are banned
|rule|Evasion Abilities Clause: Evasion abilities are banned
|rule|Sleep Moves Clause: Sleep-inducing moves are banned
|clearpoke
|poke|p1|Ogerpon-Wellspring, F|
|poke|p1|Garganacl, F|
|poke|p1|Great Tusk|
|poke|p1|Dragonite, M|
|poke|p1|Moltres|
|poke|p1|Darkrai|
|poke|p2|Darkrai|
|poke|p2|Clefable, M|
|poke|p2|Alomomola, F|
|poke|p2|Cinderace, F|
|poke|p2|Conkeldurr, M|
|poke|p2|Polteageist|
|teampreview
|inactive|Battle timer is ON: inactive players will automatically lose when time's up. (requested by ikiab ts pmo)
|inactive|schummel_8 has 120 seconds left.
|
|t:|1760333080
|teamsize|p1|6
|teamsize|p2|6
|start
|switch|p1a: Ogerpon|Ogerpon-Wellspring, F|100/100
|switch|p2a: Polteageist|Polteageist|100/100
|turn|1
|
|t:|1760333100
|move|p1a: Ogerpon|Knock Off|p2a: Polteageist
|-supereffective|p2a: Polteageist
|-crit|p2a: Polteageist
|-damage|p2a: Polteageist|0 fnt
|-enditem|p2a: Polteageist|White Herb|[from] move: Knock Off|[of] p1a: Ogerpon
|faint|p2a: Polteageist
|
|upkeep
|
|t:|1760333106
|switch|p2a: Cinderace|Cinderace, F|100/100
|turn|2
|
|t:|1760333121
|move|p2a: Cinderace|U-turn|p1a: Ogerpon
|-start|p2a: Cinderace|typechange|Bug|[from] ability: Libero
|-supereffective|p1a: Ogerpon
|-damage|p1a: Ogerpon|14/100
|
|t:|1760333126
|switch|p2a: Alomomola|Alomomola, F|100/100|[from] U-turn
|move|p1a: Ogerpon|Ivy Cudgel|p2a: Alomomola|[anim] Ivy Cudgel Water
|-resisted|p2a: Alomomola
|-damage|p2a: Alomomola|83/100
|
|upkeep
|turn|3
|inactive|ikiab ts pmo has 120 seconds left.
|inactive|ikiab ts pmo has 90 seconds left.
|
|t:|1760333191
|switch|p1a: Garganacl|Garganacl, F|100/100
|move|p2a: Alomomola|Wish|p2a: Alomomola
|
|upkeep
|turn|4
|inactive|ikiab ts pmo has 90 seconds left.
|
|t:|1760333198
|move|p2a: Alomomola|Flip Turn|p1a: Garganacl
|-supereffective|p1a: Garganacl
|-damage|p1a: Garganacl|81/100
|
|t:|1760333203
|switch|p2a: Conkeldurr|Conkeldurr, M|100/100|[from] Flip Turn
|move|p1a: Garganacl|Salt Cure|p2a: Conkeldurr
|-resisted|p2a: Conkeldurr
|-damage|p2a: Conkeldurr|94/100
|-start|p2a: Conkeldurr|Salt Cure
|
|-heal|p2a: Conkeldurr|100/100|[from] move: Wish|[wisher] Alomomola
|-heal|p1a: Garganacl|87/100|[from] item: Leftovers
|-damage|p2a: Conkeldurr|88/100|[from] Salt Cure
|upkeep
|turn|5
|
|t:|1760333216
|move|p2a: Conkeldurr|Drain Punch|p1a: Garganacl
|-supereffective|p1a: Garganacl
|-damage|p1a: Garganacl|14/100
|-heal|p2a: Conkeldurr|100/100|[from] drain|[of] p1a: Garganacl
|move|p1a: Garganacl|Stealth Rock|p2a: Conkeldurr
|-sidestart|p2: schummel_8|move: Stealth Rock
|
|-heal|p1a: Garganacl|20/100|[from] item: Leftovers
|-damage|p2a: Conkeldurr|88/100|[from] Salt Cure
|upkeep
|turn|6
|
|t:|1760333228
|move|p1a: Garganacl|Protect|p1a: Garganacl
|-singleturn|p1a: Garganacl|Protect
|move|p2a: Conkeldurr|Knock Off|p1a: Garganacl
|-activate|p1a: Garganacl|move: Protect
|
|-heal|p1a: Garganacl|26/100|[from] item: Leftovers
|-damage|p2a: Conkeldurr|76/100|[from] Salt Cure
|upkeep
|turn|7
|inactive|ikiab ts pmo has 90 seconds left.
|inactive|ikiab ts pmo has 60 seconds left.
|
|t:|1760333298
|switch|p1a: Moltres|Moltres|100/100
|move|p2a: Conkeldurr|Drain Punch|p1a: Moltres
|-resisted|p1a: Moltres
|-damage|p1a: Moltres|79/100
|-heal|p2a: Conkeldurr|86/100|[from] drain|[of] p1a: Moltres
|
|-damage|p2a: Conkeldurr|73/100|[from] Salt Cure
|upkeep
|turn|8
|
|t:|1760333320
|switch|p2a: Cinderace|Cinderace, F|100/100
|move|p1a: Moltres|Brave Bird|p2a: Cinderace
|-damage|p2a: Cinderace|36/100
|-damage|p1a: Moltres|63/100|[from] Recoil
|
|upkeep
|turn|9
|
|t:|1760333338
|move|p2a: Cinderace|Court Change|p2a: Cinderace
|-start|p2a: Cinderace|typechange|Normal|[from] ability: Libero
|-swapsideconditions
|-activate|p2a: Cinderace|move: Court Change
|move|p1a: Moltres|Roost|p1a: Moltres
|-heal|p1a: Moltres|100/100
|-singleturn|p1a: Moltres|move: Roost
|
|upkeep
|turn|10
|
|t:|1760333349
|switch|p2a: Alomomola|Alomomola, F|100/100
|move|p1a: Moltres|Flamethrower|p2a: Alomomola
|-resisted|p2a: Alomomola
|-damage|p2a: Alomomola|80/100
|-status|p2a: Alomomola|brn
|
|-damage|p2a: Alomomola|74/100 brn|[from] brn
|upkeep
|turn|11
|
|t:|1760333359
|switch|p1a: Ogerpon|Ogerpon-Wellspring, F|14/100
|-damage|p1a: Ogerpon|2/100|[from] Stealth Rock
|move|p2a: Alomomola|Wish|p2a: Alomomola
|
|-damage|p2a: Alomomola|68/100 brn|[from] brn
|upkeep
|turn|12
|inactive|ikiab ts pmo has 60 seconds left.
|
|t:|1760333370
|move|p2a: Alomomola|Protect|p2a: Alomomola
|-singleturn|p2a: Alomomola|Protect
|move|p1a: Ogerpon|Knock Off|p2a: Alomomola
|-activate|p2a: Alomomola|move: Protect
|
|-heal|p2a: Alomomola|100/100 brn|[from] move: Wish|[wisher] Alomomola
|-damage|p2a: Alomomola|94/100 brn|[from] brn
|upkeep
|turn|13
|inactive|ikiab ts pmo has 60 seconds left.
|
|t:|1760333380
|move|p1a: Ogerpon|Knock Off|p2a: Alomomola
|-damage|p2a: Alomomola|73/100 brn
|-damage|p1a: Ogerpon|0 fnt|[from] item: Rocky Helmet|[of] p2a: Alomomola
|faint|p1a: Ogerpon
|move|p2a: Alomomola|Wish|p2a: Alomomola
|
|-damage|p2a: Alomomola|67/100 brn|[from] brn
|upkeep
|inactive|ikiab ts pmo has 60 seconds left.
|
|t:|1760333389
|switch|p1a: Great Tusk|Great Tusk|100/100
|turn|14
|
|t:|1760333394
|move|p1a: Great Tusk|Rapid Spin|p2a: Alomomola
|-crit|p2a: Alomomola
|-damage|p2a: Alomomola|53/100 brn
|-boost|p1a: Great Tusk|spe|1
|-damage|p1a: Great Tusk|84/100|[from] item: Rocky Helmet|[of] p2a: Alomomola
|-sideend|p1: ikiab ts pmo|Stealth Rock|[from] move: Rapid Spin|[of] p1a: Great Tusk
|move|p2a: Alomomola|Flip Turn|p1a: Great Tusk
|-supereffective|p1a: Great Tusk
|-damage|p1a: Great Tusk|74/100
|
|t:|1760333402
|switch|p2a: Cinderace|Cinderace, F|36/100|[from] Flip Turn
|
|-heal|p2a: Cinderace|100/100|[from] move: Wish|[wisher] Alomomola
|upkeep
|turn|15
|inactive|ikiab ts pmo has 60 seconds left.
|inactive|ikiab ts pmo has 30 seconds left.
|inactive|ikiab ts pmo has 20 seconds left.
|inactive|ikiab ts pmo has 15 seconds left.
|inactive|ikiab ts pmo has 10 seconds left.
|inactive|ikiab ts pmo has 5 seconds left.
|-message|ikiab ts pmo lost due to inactivity.
|
|win|schummel_8
|raw|ikiab ts pmo's rating: 1133 &rarr; <strong>1110</strong><br />(-23 for losing)
|raw|schummel_8's rating: 1166 &rarr; <strong>1189</strong><br />(+23 for winning)
|l|☆schummel_8
|player|p2|
|l|☆ikiab ts pmo
|player|p1|
