|j|☆pidgey bot
|j|☆marching_cubes
|t:|1760416271
|gametype|singles
|player|p1|pidgey bot|lady-gen4|1513
|player|p2|marching_cubes|169|1491
|gen|9
|tier|[Gen 9] OU
|rated|
|rule|HP Percentage Mod: HP is shown in percentages
|rule|Endless Battle Clause: Forcing endless battles is banned
|rule|Species Clause: Limit one of each Pokémon
|rule|OHKO Clause: OHKO moves are banned
|rule|Evasion Items Clause: Evasion items are banned
|rule|Evasion Moves Clause: Evasion moves are banned
|rule|Evasion Abilities Clause: Evasion abilities are banned
|rule|Sleep Moves Clause: Sleep-inducing moves are banned
|clearpoke
|poke|p1|Dondozo, M|
|poke|p1|Blissey, F|
|poke|p1|Corviknight, F|
|poke|p1|Weezing-Galar, F|
|poke|p1|Gliscor, F|
|poke|p1|Toxapex, F|
|poke|p2|Wo-Chien|
|poke|p2|Gholdengo|
|poke|p2|Garchomp, F|
|poke|p2|Iron Treads|
|poke|p2|Dragapult, M|
|poke|p2|Scizor, F|
|teampreview
|inactive|Battle timer is ON: inactive players will automatically lose when time's up. (requested by pidgey bot)
|inactive|pidgey bot has 120 seconds left.
|
|t:|1760416318
|teamsize|p1|6
|teamsize|p2|6
|start
|switch|p1a: Gliscor|Gliscor, F|100/100
|switch|p2a: Scizor|Scizor, F|100/100
|turn|1
|
|t:|1760416321
|move|p1a: Gliscor|Protect|p1a: Gliscor
|-singleturn|p1a: Gliscor|Protect
|move|p2a: Scizor|Knock Off|p1a: Gliscor
|-activate|p1a: Gliscor|move: Protect
|
|-status|p1a: Gliscor|tox|[from] item: Toxic Orb
|upkeep
|turn|2
|
|t:|1760416335
|switch|p2a: Garchomp|Garchomp, F|100/100
|move|p1a: Gliscor|Knock Off|p2a: Garchomp
|-damage|p2a: Garchomp|87/100
|-damage|p1a: Gliscor|88/100 tox|[from] ability: Rough Skin|[of] p2a: Garchomp
|-damage|p1a: Gliscor|72/100 tox|[from] item: Rocky Helmet|[of] p2a: Garchomp
|-enditem|p2a: Garchomp|Rocky Helmet|[from] move: Knock Off|[of] p1a: Gliscor
|
|-heal|p1a: Gliscor|84/100 tox|[from] ability: Poison Heal
|upkeep
|turn|3
|
|t:|1760416363
|switch|p1a: Weezing|Weezing-Galar, F|100/100
|-ability|p1a: Weezing|Neutralizing Gas
|move|p2a: Garchomp|Stealth Rock|p1a: Weezing
|-sidestart|p1: pidgey bot|move: Stealth Rock
|
|upkeep
|turn|4
|
|t:|1760416369
|move|p2a: Garchomp|Earthquake|p1a: Weezing
|-supereffective|p1a: Weezing
|-damage|p1a: Weezing|48/100
|move|p1a: Weezing|Will-O-Wisp|p2a: Garchomp
|-status|p2a: Garchomp|brn
|
|-damage|p2a: Garchomp|81/100 brn|[from] brn
|upkeep
|turn|5
|
|t:|1760416378
|move|p2a: Garchomp|Spikes|p1a: Weezing
|-sidestart|p1: pidgey bot|Spikes
|move|p1a: Weezing|Pain Split|p2a: Garchomp
|-sethp|p2a: Garchomp|60/100 brn|[from] move: Pain Split|[silent]
|-sethp|p1a: Weezing|75/100|[from] move: Pain Split
|
|-damage|p2a: Garchomp|54/100 brn|[from] brn
|upkeep
|turn|6
|
|t:|1760416382
|move|p2a: Garchomp|Earthquake|p1a: Weezing
|-supereffective|p1a: Weezing
|-damage|p1a: Weezing|48/100
|move|p1a: Weezing|Defog|p2a: Garchomp
|-unboost|p2a: Garchomp|evasion|1
|-sideend|p1: pidgey bot|Spikes|[from] move: Defog|[of] p1a: Weezing
|-sideend|p1: pidgey bot|Stealth Rock|[from] move: Defog|[of] p1a: Weezing
|
|-damage|p2a: Garchomp|48/100 brn|[from] brn
|upkeep
|turn|7
|
|t:|1760416386
|move|p2a: Garchomp|Stealth Rock|p1a: Weezing
|-sidestart|p1: pidgey bot|move: Stealth Rock
|move|p1a: Weezing|Strange Steam|p2a: Garchomp
|-supereffective|p2a: Garchomp
|-damage|p2a: Garchomp|0 fnt
|faint|p2a: Garchomp
|
|upkeep
|
|t:|1760416389
|switch|p2a: Scizor|Scizor, F|100/100
|turn|8
|
|t:|1760416395
|-end|p1a: Weezing|ability: Neutralizing Gas
|switch|p1a: Gliscor|Gliscor, F|84/100 tox
|-damage|p1a: Gliscor|72/100 tox|[from] Stealth Rock
|move|p2a: Scizor|U-turn|p1a: Gliscor
|-resisted|p1a: Gliscor
|-damage|p1a: Gliscor|50/100 tox
|
|t:|1760416410
|switch|p2a: Dragapult|Dragapult, M|100/100|[from] U-turn
|
|-heal|p1a: Gliscor|62/100 tox|[from] ability: Poison Heal
|upkeep
|turn|9
|
|t:|1760416421
|move|p1a: Gliscor|Protect|p1a: Gliscor
|-singleturn|p1a: Gliscor|Protect
|move|p2a: Dragapult|Dragon Darts|p1a: Gliscor
|-activate|p1a: Gliscor|move: Protect
|
|-heal|p1a: Gliscor|75/100 tox|[from] ability: Poison Heal
|upkeep
|turn|10
|
|t:|1760416431
|switch|p1a: Toxapex|Toxapex, F|100/100
|-damage|p1a: Toxapex|88/100|[from] Stealth Rock
|move|p2a: Dragapult|Hex|p1a: Toxapex
|-damage|p1a: Toxapex|71/100
|
|-heal|p1a: Toxapex|77/100|[from] item: Leftovers
|upkeep
|turn|11
|
|t:|1760416437
|move|p2a: Dragapult|Will-O-Wisp|p1a: Toxapex
|-status|p1a: Toxapex|brn
|move|p1a: Toxapex|Toxic|p2a: Dragapult
|-status|p2a: Dragapult|tox
|
|-heal|p1a: Toxapex|83/100 brn|[from] item: Leftovers
|-damage|p2a: Dragapult|95/100 tox|[from] psn
|-damage|p1a: Toxapex|77/100 brn|[from] brn
|upkeep
|turn|12
|
|t:|1760416441
|move|p2a: Dragapult|U-turn|p1a: Toxapex
|-resisted|p1a: Toxapex
|-damage|p1a: Toxapex|70/100 brn
|
|t:|1760416444
|switch|p2a: Scizor|Scizor, F|100/100|[from] U-turn
|move|p1a: Toxapex|Toxic Spikes|p2a: Scizor
|-sidestart|p2: marching_cubes|move: Toxic Spikes
|
|-heal|p1a: Toxapex|76/100 brn|[from] item: Leftovers
|-damage|p1a: Toxapex|70/100 brn|[from] brn
|upkeep
|turn|13
|
|t:|1760416453
|move|p2a: Scizor|U-turn|p1a: Toxapex
|-resisted|p1a: Toxapex
|-damage|p1a: Toxapex|44/100 brn
|
|t:|1760416457
|switch|p2a: Iron Treads|Iron Treads|100/100|[from] U-turn
|-item|p2a: Iron Treads|Air Balloon
|move|p1a: Toxapex|Recover|p1a: Toxapex
|-heal|p1a: Toxapex|94/100 brn
|
|-heal|p1a: Toxapex|99/100 brn|[from] item: Leftovers
|-damage|p1a: Toxapex|94/100 brn|[from] brn
|upkeep
|turn|14
|
|t:|1760416467
|switch|p1a: Corviknight|Corviknight, F|100/100
|-damage|p1a: Corviknight|88/100|[from] Stealth Rock
|-ability|p1a: Corviknight|Pressure
|move|p2a: Iron Treads|Earthquake|p1a: Corviknight
|-immune|p1a: Corviknight
|
|-heal|p1a: Corviknight|94/100|[from] item: Leftovers
|upkeep
|turn|15
|
|t:|1760416474
|-end|p2a: Iron Treads|Quark Drive|[silent]
|switch|p2a: Scizor|Scizor, F|100/100
|move|p1a: Corviknight|Defog|p2a: Scizor
|-unboost|p2a: Scizor|evasion|1
|-sideend|p2: marching_cubes|Toxic Spikes|[from] move: Defog|[of] p1a: Corviknight
|-sideend|p1: pidgey bot|Stealth Rock|[from] move: Defog|[of] p1a: Corviknight
|
|-heal|p1a: Corviknight|100/100|[from] item: Leftovers
|upkeep
|turn|16
|
|t:|1760416483
|switch|p1a: Toxapex|Toxapex, F|100/100 brn
|move|p2a: Scizor|Knock Off|p1a: Toxapex
|-damage|p1a: Toxapex|59/100 brn
|-enditem|p1a: Toxapex|Leftovers|[from] move: Knock Off|[of] p2a: Scizor
|
|-damage|p1a: Toxapex|52/100 brn|[from] brn
|upkeep
|turn|17
|-message|marching_cubes forfeited.
|
|win|pidgey bot
|raw|pidgey bot's rating: 1513 &rarr; <strong>1533</strong><br />(+20 for winning)
|raw|marching_cubes's rating: 1511 &rarr; <strong>1491</strong><br />(-20 for losing)
|l|☆marching_cubes
|player|p2|
|l|☆pidgey bot
|player|p1|
