|j|☆GreenMisfire
|j|☆Celestial nolonolo
|t:|1760307802
|gametype|singles
|player|p1|GreenMisfire|acetrainer-gen4dp|1453
|player|p2|Celestial nolonolo|ghetsis-gen5bw|1497
|gen|9
|tier|[Gen 9] OU
|rated|
|rule|HP Percentage Mod: HP is shown in percentages
|rule|Endless Battle Clause: Forcing endless battles is banned
|rule|Species Clause: Limit one of each Pokémon
|rule|OHKO Clause: OHKO moves are banned
|rule|Evasion Items Clause: Evasion items are banned
|rule|Evasion Moves Clause: Evasion moves are banned
|rule|Evasion Abilities Clause: Evasion abilities are banned
|rule|Sleep Moves Clause: Sleep-inducing moves are banned
|clearpoke
|poke|p1|Araquanid, M|
|poke|p1|Kingambit, M|
|poke|p1|Raging Bolt|
|poke|p1|Iron Moth|
|poke|p1|Dragonite, M|
|poke|p1|Enamorus, F|
|poke|p2|Pelipper, M|
|poke|p2|Basculegion, M|
|poke|p2|Iron Treads|
|poke|p2|Toxicroak, F|
|poke|p2|Raging Bolt|
|poke|p2|Tornadus-Therian, M|
|teampreview
|inactive|Battle timer is ON: inactive players will automatically lose when time's up. (requested by GreenMisfire)
|
|t:|1760307828
|teamsize|p1|6
|teamsize|p2|6
|start
|switch|p1a: Valentine|Enamorus, F|100/100
|switch|p2a: Tornadus|Tornadus-Therian, M|100/100
|turn|1
|
|t:|1760307842
|move|p2a: Tornadus|Hurricane|p1a: Valentine
|-damage|p1a: Valentine|27/100
|-start|p1a: Valentine|confusion
|-activate|p1a: Valentine|confusion
|move|p1a: Valentine|Superpower|p2a: Tornadus
|-resisted|p2a: Tornadus
|-damage|p2a: Tornadus|69/100
|-boost|p1a: Valentine|atk|1
|-boost|p1a: Valentine|def|1
|
|upkeep
|turn|2
|inactive|Celestial nolonolo has 120 seconds left.
|
|t:|1760307891
|move|p2a: Tornadus|Hurricane|p1a: Valentine
|-crit|p1a: Valentine
|-damage|p1a: Valentine|0 fnt
|faint|p1a: Valentine
|
|upkeep
|
|t:|1760307896
|switch|p1a: Volvagia|Dragonite, M|100/100
|turn|3
|
|t:|1760307902
|move|p2a: Tornadus|U-turn|p1a: Volvagia
|-resisted|p1a: Volvagia
|-damage|p1a: Volvagia|96/100
|
|t:|1760307905
|switch|p2a: Pelipper|Pelipper, M|100/100|[from] U-turn
|-weather|RainDance|[from] ability: Drizzle|[of] p2a: Pelipper
|move|p1a: Volvagia|Dragon Dance|p1a: Volvagia
|-boost|p1a: Volvagia|atk|1
|-boost|p1a: Volvagia|spe|1
|
|-weather|RainDance|[upkeep]
|upkeep
|turn|4
|
|t:|1760307912
|-terastallize|p1a: Volvagia|Normal
|move|p1a: Volvagia|Extreme Speed|p2a: Pelipper
|-damage|p2a: Pelipper|31/100
|move|p2a: Pelipper|U-turn|p1a: Volvagia
|-damage|p1a: Volvagia|86/100
|
|t:|1760307917
|switch|p2a: Basculegion|Basculegion, M|100/100|[from] U-turn
|
|-weather|RainDance|[upkeep]
|upkeep
|turn|5
|
|t:|1760307922
|move|p2a: Basculegion|Wave Crash|p1a: Volvagia
|-damage|p1a: Volvagia|0 fnt
|faint|p1a: Volvagia
|-damage|p2a: Basculegion|77/100|[from] Recoil
|
|-weather|RainDance|[upkeep]
|upkeep
|
|t:|1760307926
|switch|p1a: Skeeter|Araquanid, M|100/100
|turn|6
|
|t:|1760307930
|switch|p2a: Raging Bolt|Raging Bolt|100/100
|-enditem|p2a: Raging Bolt|Booster Energy
|-activate|p2a: Raging Bolt|ability: Protosynthesis|[fromitem]
|-start|p2a: Raging Bolt|protosynthesisspa
|move|p1a: Skeeter|Sticky Web|p2a: Raging Bolt
|-sidestart|p2: Celestial nolonolo|move: Sticky Web
|
|-weather|RainDance|[upkeep]
|upkeep
|turn|7
|
|t:|1760307935
|move|p2a: Raging Bolt|Thunder|p1a: Skeeter
|-supereffective|p1a: Skeeter
|-damage|p1a: Skeeter|7/100
|move|p1a: Skeeter|Endeavor|p2a: Raging Bolt
|-damage|p2a: Raging Bolt|6/100
|
|-weather|RainDance|[upkeep]
|upkeep
|turn|8
|-enditem|p1a: Skeeter|Custap Berry|[eat]
|-activate|p1a: Skeeter|item: Custap Berry|[consumed]
|
|t:|1760307941
|move|p2a: Raging Bolt|Thunderclap|p1a: Skeeter
|-supereffective|p1a: Skeeter
|-damage|p1a: Skeeter|0 fnt
|faint|p1a: Skeeter
|
|-weather|RainDance|[upkeep]
|upkeep
|
|t:|1760307946
|switch|p1a: Knight|Kingambit, M, shiny|100/100
|-activate|p1a: Knight|ability: Supreme Overlord
|-start|p1a: Knight|fallen3|[silent]
|turn|9
|
|t:|1760307958
|-end|p2a: Raging Bolt|Protosynthesis|[silent]
|switch|p2a: Toxicroak|Toxicroak, F|100/100
|-activate|p2a: Toxicroak|move: Sticky Web
|-unboost|p2a: Toxicroak|spe|1
|move|p1a: Knight|Kowtow Cleave|p2a: Toxicroak
|-resisted|p2a: Toxicroak
|-damage|p2a: Toxicroak|73/100
|-damage|p1a: Knight|84/100|[from] item: Rocky Helmet|[of] p2a: Toxicroak
|
|-weather|RainDance|[upkeep]
|-heal|p2a: Toxicroak|86/100|[from] ability: Dry Skin
|upkeep
|turn|10
|
|t:|1760307966
|move|p2a: Toxicroak|Knock Off|p1a: Knight
|-resisted|p1a: Knight
|-damage|p1a: Knight|76/100
|-enditem|p1a: Knight|Lum Berry|[from] move: Knock Off|[of] p2a: Toxicroak
|move|p1a: Knight|Iron Head|p2a: Toxicroak
|-damage|p2a: Toxicroak|35/100
|-damage|p1a: Knight|59/100|[from] item: Rocky Helmet|[of] p2a: Toxicroak
|
|-weather|none
|upkeep
|turn|11
|
|t:|1760307976
|move|p2a: Toxicroak|Drain Punch|p1a: Knight
|-supereffective|p1a: Knight
|-damage|p1a: Knight|0 fnt
|-heal|p2a: Toxicroak|68/100|[from] drain|[of] p1a: Knight
|faint|p1a: Knight
|-end|p1a: Knight|fallen3|[silent]
|
|upkeep
|
|t:|1760307979
|switch|p1a: Morh|Iron Moth|100/100
|-enditem|p1a: Morh|Booster Energy
|-activate|p1a: Morh|ability: Quark Drive|[fromitem]
|-start|p1a: Morh|quarkdrivespa
|turn|12
|
|t:|1760307993
|move|p1a: Morh|Fiery Dance|p2a: Toxicroak
|-damage|p2a: Toxicroak|0 fnt
|-boost|p1a: Morh|spa|1
|faint|p2a: Toxicroak
|
|upkeep
|
|t:|1760307995
|switch|p2a: Pelipper|Pelipper, M|31/100
|-weather|RainDance|[from] ability: Drizzle|[of] p2a: Pelipper
|turn|13
|
|t:|1760308005
|move|p1a: Morh|Energy Ball|p2a: Pelipper
|-damage|p2a: Pelipper|0 fnt
|faint|p2a: Pelipper
|
|-weather|RainDance|[upkeep]
|upkeep
|
|t:|1760308007
|switch|p2a: Basculegion|Basculegion, M|77/100
|-activate|p2a: Basculegion|move: Sticky Web
|-unboost|p2a: Basculegion|spe|1
|turn|14
|
|t:|1760308013
|move|p2a: Basculegion|Flip Turn|p1a: Morh
|-supereffective|p1a: Morh
|-damage|p1a: Morh|0 fnt
|faint|p1a: Morh
|-end|p1a: Morh|Quark Drive|[silent]
|
|t:|1760308017
|switch|p2a: Iron Treads|Iron Treads|100/100|[from] Flip Turn
|-activate|p2a: Iron Treads|move: Sticky Web
|-unboost|p2a: Iron Treads|spe|1
|
|-weather|RainDance|[upkeep]
|upkeep
|
|t:|1760308019
|switch|p1a: Bolt|Raging Bolt|100/100
|-enditem|p1a: Bolt|Booster Energy
|-activate|p1a: Bolt|ability: Protosynthesis|[fromitem]
|-start|p1a: Bolt|protosynthesisspa
|turn|15
|
|t:|1760308020
|move|p1a: Bolt|Dragon Pulse|p2a: Iron Treads
|-resisted|p2a: Iron Treads
|-damage|p2a: Iron Treads|73/100
|move|p2a: Iron Treads|Earthquake|p1a: Bolt
|-supereffective|p1a: Bolt
|-damage|p1a: Bolt|36/100
|
|-weather|RainDance|[upkeep]
|-heal|p2a: Iron Treads|79/100|[from] item: Leftovers
|upkeep
|turn|16
|
|t:|1760308023
|move|p1a: Bolt|Dragon Pulse|p2a: Iron Treads
|-resisted|p2a: Iron Treads
|-damage|p2a: Iron Treads|52/100
|move|p2a: Iron Treads|Earthquake|p1a: Bolt
|-supereffective|p1a: Bolt
|-damage|p1a: Bolt|0 fnt
|faint|p1a: Bolt
|-end|p1a: Bolt|Protosynthesis|[silent]
|
|win|Celestial nolonolo
|raw|GreenMisfire's rating: 1453 &rarr; <strong>1436</strong><br />(-17 for losing)
|raw|Celestial nolonolo's rating: 1497 &rarr; <strong>1514</strong><br />(+17 for winning)
|l|☆Celestial nolonolo
|player|p2|
|l|☆GreenMisfire
|player|p1|
