|j|☆schalo
|j|☆Sasha2808
|t:|1760446569
|gametype|singles
|player|p1|schalo|harlequin|1389
|player|p2|Sasha2808|misty-gen2|1462
|gen|9
|tier|[Gen 9] OU
|rated|
|rule|HP Percentage Mod: HP is shown in percentages
|rule|Endless Battle Clause: Forcing endless battles is banned
|rule|Species Clause: Limit one of each Pokémon
|rule|OHKO Clause: OHKO moves are banned
|rule|Evasion Items Clause: Evasion items are banned
|rule|Evasion Moves Clause: Evasion moves are banned
|rule|Evasion Abilities Clause: Evasion abilities are banned
|rule|Sleep Moves Clause: Sleep-inducing moves are banned
|clearpoke
|poke|p1|Slowking, M|
|poke|p1|Jolteon, F|
|poke|p1|Kyurem|
|poke|p1|Moltres|
|poke|p1|Kingambit, F|
|poke|p1|Forretress, F|
|poke|p2|Gliscor, F|
|poke|p2|Walking Wake|
|poke|p2|Slowking-Galar, F|
|poke|p2|Zamazenta-*|
|poke|p2|Ting-Lu|
|poke|p2|Kingambit, F|
|teampreview
|inactive|Battle timer is ON: inactive players will automatically lose when time's up. (requested by Sasha2808)
|
|t:|1760446583
|teamsize|p1|6
|teamsize|p2|6
|start
|switch|p1a: Slowking|Slowking, M|100/100
|switch|p2a: Ting-Lu|Ting-Lu|100/100
|-ability|p2a: Ting-Lu|Vessel of Ruin
|turn|1
|
|t:|1760446596
|move|p2a: Ting-Lu|Stealth Rock|p1a: Slowking
|-sidestart|p1: schalo|move: Stealth Rock
|-prepare|p1a: Slowking|Chilly Reception|[premajor]
|move|p1a: Slowking|Chilly Reception|p1a: Slowking
|-weather|Snowscape
|
|t:|1760446612
|switch|p1a: Moltres|Moltres|100/100|[from] Chilly Reception
|
|-weather|Snowscape|[upkeep]
|upkeep
|turn|2
|
|t:|1760446616
|switch|p2a: Slowking|Slowking-Galar, F|100/100
|move|p1a: Moltres|Will-O-Wisp|p2a: Slowking
|-status|p2a: Slowking|brn
|
|-weather|Snowscape|[upkeep]
|-damage|p2a: Slowking|94/100 brn|[from] brn
|upkeep
|turn|3
|
|t:|1760446637
|switch|p1a: Forretress|Forretress, F|100/100
|-damage|p1a: Forretress|88/100|[from] Stealth Rock
|move|p2a: Slowking|Future Sight|p1a: Forretress
|-start|p2a: Slowking|move: Future Sight
|
|-weather|Snowscape|[upkeep]
|-heal|p1a: Forretress|94/100|[from] item: Leftovers
|-damage|p2a: Slowking|88/100 brn|[from] brn
|upkeep
|turn|4
|
|t:|1760446648
|move|p2a: Slowking|Flamethrower|p1a: Forretress
|-supereffective|p1a: Forretress
|-damage|p1a: Forretress|4/100
|move|p1a: Forretress|Stealth Rock|p2a: Slowking
|-sidestart|p2: Sasha2808|move: Stealth Rock
|
|-weather|Snowscape|[upkeep]
|-heal|p1a: Forretress|10/100|[from] item: Leftovers
|-damage|p2a: Slowking|82/100 brn|[from] brn
|upkeep
|turn|5
|inactive|schalo has 120 seconds left.
|inactive|schalo has 90 seconds left.
|
|t:|1760446725
|switch|p1a: Kingambit|Kingambit, F|100/100
|-damage|p1a: Kingambit|94/100|[from] Stealth Rock
|-prepare|p2a: Slowking|Chilly Reception|[premajor]
|move|p2a: Slowking|Chilly Reception|p2a: Slowking
|
|t:|1760446736
|switch|p2a: Gliscor|Gliscor, F|100/100|[from] Chilly Reception
|-damage|p2a: Gliscor|88/100|[from] Stealth Rock
|
|-weather|Snowscape|[upkeep]
|-end|p1a: Kingambit|move: Future Sight
|-immune|p1a: Kingambit
|-status|p2a: Gliscor|tox|[from] item: Toxic Orb
|upkeep
|turn|6
|inactive|schalo has 60 seconds left.
|
|t:|1760446766
|-end|p1a: Kingambit|fallenundefined|[silent]
|switch|p1a: Kyurem|Kyurem|100/100
|-damage|p1a: Kyurem|76/100|[from] Stealth Rock
|-ability|p1a: Kyurem|Pressure
|move|p2a: Gliscor|Swords Dance|p2a: Gliscor
|-boost|p2a: Gliscor|atk|2
|
|-weather|Snowscape|[upkeep]
|-heal|p2a: Gliscor|100/100 tox|[from] ability: Poison Heal
|upkeep
|turn|7
|inactive|schalo has 60 seconds left.
|
|t:|1760446792
|-terastallize|p1a: Kyurem|Ice
|move|p2a: Gliscor|Protect|p2a: Gliscor
|-singleturn|p2a: Gliscor|Protect
|move|p1a: Kyurem|Blizzard|p2a: Gliscor
|-activate|p2a: Gliscor|move: Protect
|
|-weather|Snowscape|[upkeep]
|upkeep
|turn|8
|
|t:|1760446797
|switch|p2a: Kingambit|Kingambit, F|100/100
|-damage|p2a: Kingambit|94/100|[from] Stealth Rock
|move|p1a: Kyurem|Blizzard|p2a: Kingambit
|-resisted|p2a: Kingambit
|-damage|p2a: Kingambit|28/100
|-status|p2a: Kingambit|frz
|
|-weather|none
|upkeep
|turn|9
|
|t:|1760446811
|move|p1a: Kyurem|Blizzard|p2a: Kingambit
|-resisted|p2a: Kingambit
|-damage|p2a: Kingambit|0 fnt
|faint|p2a: Kingambit
|-end|p2a: Kingambit|fallenundefined|[silent]
|
|upkeep
|
|t:|1760446817
|switch|p2a: Zamazenta|Zamazenta|100/100
|-ability|p2a: Zamazenta|Dauntless Shield|boost
|-boost|p2a: Zamazenta|def|1
|turn|10
|inactive|schalo has 60 seconds left.
|
|t:|1760446830
|switch|p1a: Slowking|Slowking, M|100/100
|-damage|p1a: Slowking|88/100|[from] Stealth Rock
|move|p2a: Zamazenta|Stone Edge|p1a: Slowking|[miss]
|-miss|p2a: Zamazenta|p1a: Slowking
|
|upkeep
|turn|11
|inactive|schalo has 60 seconds left.
|
|t:|1760446839
|move|p2a: Zamazenta|Crunch|p1a: Slowking
|-supereffective|p1a: Slowking
|-damage|p1a: Slowking|37/100
|-prepare|p1a: Slowking|Chilly Reception|[premajor]
|move|p1a: Slowking|Chilly Reception|p1a: Slowking
|-weather|Snowscape
|inactive|schalo has 60 seconds left.
|
|t:|1760446865
|switch|p1a: Moltres|Moltres|100/100|[from] Chilly Reception
|
|-weather|Snowscape|[upkeep]
|upkeep
|turn|12
|
|t:|1760446877
|move|p2a: Zamazenta|Stone Edge|p1a: Moltres
|-supereffective|p1a: Moltres
|-damage|p1a: Moltres|16/100
|move|p1a: Moltres|Will-O-Wisp|p2a: Zamazenta
|-status|p2a: Zamazenta|brn
|
|-weather|Snowscape|[upkeep]
|-damage|p2a: Zamazenta|94/100 brn|[from] brn
|upkeep
|turn|13
|inactive|schalo has 30 seconds left.
|inactive|Sasha2808 has 120 seconds left.
|
|t:|1760446925
|switch|p1a: Forretress|Forretress, F|10/100
|-damage|p1a: Forretress|0 fnt|[from] Stealth Rock
|faint|p1a: Forretress
|move|p2a: Zamazenta|Stone Edge|p1: Forretress|[notarget]
|-fail|p2a: Zamazenta
|
|-weather|Snowscape|[upkeep]
|-damage|p2a: Zamazenta|88/100 brn|[from] brn
|upkeep
|inactive|schalo has 30 seconds left this turn.
|inactive|schalo has 20 seconds left.
|inactive|schalo has 15 seconds left.
|
|t:|1760446943
|switch|p1a: Kyurem|Kyurem, tera:Ice|76/100
|-damage|p1a: Kyurem|51/100|[from] Stealth Rock
|-ability|p1a: Kyurem|Pressure
|turn|14
|inactive|schalo has 25 seconds left this turn.
|
|t:|1760446971
|move|p2a: Zamazenta|Close Combat|p1a: Kyurem
|-supereffective|p1a: Kyurem
|-damage|p1a: Kyurem|13/100
|-unboost|p2a: Zamazenta|def|1
|-unboost|p2a: Zamazenta|spd|1
|move|p1a: Kyurem|Blizzard|p2a: Zamazenta
|-damage|p2a: Zamazenta|0 fnt
|faint|p2a: Zamazenta
|
|-weather|Snowscape|[upkeep]
|upkeep
|
|t:|1760446973
|switch|p2a: Walking Wake|Walking Wake|100/100
|turn|15
|inactive|schalo has 30 seconds left.
|
|t:|1760446989
|move|p2a: Walking Wake|Scald|p1a: Kyurem
|-damage|p1a: Kyurem|0 fnt
|faint|p1a: Kyurem
|
|-weather|Snowscape|[upkeep]
|upkeep
|inactive|schalo has 30 seconds left this turn.
|inactive|schalo has 20 seconds left.
|inactive|schalo has 15 seconds left.
|
|t:|1760447004
|switch|p1a: Slowking|Slowking, M|70/100
|-damage|p1a: Slowking|57/100|[from] Stealth Rock
|turn|16
|inactive|schalo has 25 seconds left this turn.
|inactive|schalo has 20 seconds left.
|inactive|Sasha2808 has 120 seconds left.
|inactive|Sasha2808 has 90 seconds left.
|
|t:|1760447042
|move|p2a: Walking Wake|Knock Off|p1a: Slowking
|-supereffective|p1a: Slowking
|-damage|p1a: Slowking|24/100
|-enditem|p1a: Slowking|Icy Rock|[from] move: Knock Off|[of] p2a: Walking Wake
|move|p1a: Slowking|Future Sight|p2a: Walking Wake
|-start|p1a: Slowking|move: Future Sight
|
|-weather|Snowscape|[upkeep]
|upkeep
|turn|17
|inactive|schalo has 30 seconds left this turn.
|inactive|schalo has 20 seconds left.
|inactive|schalo has 15 seconds left.
|inactive|schalo has 10 seconds left.
|
|t:|1760447064
|switch|p1a: Moltres|Moltres|16/100
|move|p2a: Walking Wake|Draco Meteor|p1a: Moltres|[miss]
|-miss|p2a: Walking Wake|p1a: Moltres
|
|-weather|Snowscape|[upkeep]
|upkeep
|turn|18
|inactive|schalo has 20 seconds left this turn.
|inactive|schalo has 15 seconds left.
|
|t:|1760447070
|switch|p1a: Slowking|Slowking, M|58/100
|-damage|p1a: Slowking|45/100|[from] Stealth Rock
|move|p2a: Walking Wake|Scald|p1a: Slowking
|-resisted|p1a: Slowking
|-damage|p1a: Slowking|34/100
|-status|p1a: Slowking|brn
|
|-weather|none
|-end|p2a: Walking Wake|move: Future Sight
|-crit|p2a: Walking Wake
|-damage|p2a: Walking Wake|32/100
|-damage|p1a: Slowking|28/100 brn|[from] brn
|upkeep
|turn|19
|inactive|schalo has 25 seconds left this turn.
|inactive|schalo has 20 seconds left.
|inactive|schalo has 15 seconds left.
|inactive|schalo has 10 seconds left.
|
|t:|1760447090
|-end|p2a: Walking Wake|Protosynthesis|[silent]
|switch|p2a: Slowking|Slowking-Galar, F|100/100 brn
|switch|p1a: Moltres|Moltres|16/100
|
|-damage|p2a: Slowking|94/100 brn|[from] brn
|upkeep
|turn|20
|inactive|schalo has 20 seconds left this turn.
|inactive|schalo has 15 seconds left.
|
|t:|1760447098
|move|p1a: Moltres|U-turn|p2a: Slowking
|-damage|p2a: Slowking|79/100 brn
|inactive|schalo has 20 seconds left this turn.
|
|t:|1760447101
|switch|p1a: Slowking|Slowking, M|61/100 brn|[from] U-turn
|-damage|p1a: Slowking|49/100 brn|[from] Stealth Rock
|move|p2a: Slowking|Future Sight|p1a: Slowking
|-start|p2a: Slowking|move: Future Sight
|
|-damage|p2a: Slowking|73/100 brn|[from] brn
|-damage|p1a: Slowking|42/100 brn|[from] brn
|upkeep
|turn|21
|inactive|schalo has 30 seconds left this turn.
|
|t:|1760447110
|move|p2a: Slowking|Sludge Bomb|p1a: Slowking
|-damage|p1a: Slowking|22/100 brn
|-prepare|p1a: Slowking|Chilly Reception|[premajor]
|move|p1a: Slowking|Chilly Reception|p1a: Slowking
|-weather|Snowscape
|inactive|schalo has 30 seconds left this turn.
|
|t:|1760447119
|switch|p1a: Kingambit|Kingambit, F|94/100|[from] Chilly Reception
|-damage|p1a: Kingambit|88/100|[from] Stealth Rock
|-activate|p1a: Kingambit|ability: Supreme Overlord
|-start|p1a: Kingambit|fallen2|[silent]
|
|-weather|Snowscape|[upkeep]
|-damage|p2a: Slowking|67/100 brn|[from] brn
|upkeep
|turn|22
|inactive|schalo has 30 seconds left.
|inactive|schalo has 20 seconds left.
|inactive|schalo has 15 seconds left.
|inactive|schalo has 10 seconds left.
|
|t:|1760447145
|switch|p2a: Gliscor|Gliscor, F|100/100 tox
|-damage|p2a: Gliscor|88/100 tox|[from] Stealth Rock
|move|p1a: Kingambit|Kowtow Cleave|p2a: Gliscor
|-damage|p2a: Gliscor|39/100 tox
|
|-weather|Snowscape|[upkeep]
|-end|p1a: Kingambit|move: Future Sight
|-immune|p1a: Kingambit
|-heal|p2a: Gliscor|52/100 tox|[from] ability: Poison Heal
|upkeep
|turn|23
|inactive|schalo has 20 seconds left this turn.
|inactive|schalo has 15 seconds left.
|inactive|schalo has 10 seconds left.
|
|t:|1760447157
|move|p2a: Gliscor|Earthquake|p1a: Kingambit
|-supereffective|p1a: Kingambit
|-enditem|p1a: Kingambit|Shuca Berry|[eat]
|-enditem|p1a: Kingambit|Shuca Berry|[weaken]
|-damage|p1a: Kingambit|59/100
|move|p1a: Kingambit|Kowtow Cleave|p2a: Gliscor
|-damage|p2a: Gliscor|2/100 tox
|
|-weather|Snowscape|[upkeep]
|-heal|p2a: Gliscor|15/100 tox|[from] ability: Poison Heal
|upkeep
|turn|24
|inactive|schalo has 20 seconds left this turn.
|inactive|schalo has 15 seconds left.
|inactive|schalo has 10 seconds left.
|
|t:|1760447168
|move|p2a: Gliscor|Protect|p2a: Gliscor
|-singleturn|p2a: Gliscor|Protect
|move|p1a: Kingambit|Swords Dance|p1a: Kingambit
|-boost|p1a: Kingambit|atk|2
|
|-weather|Snowscape|[upkeep]
|-heal|p2a: Gliscor|27/100 tox|[from] ability: Poison Heal
|upkeep
|turn|25
|inactive|schalo has 20 seconds left this turn.
|inactive|schalo has 15 seconds left.
|
|t:|1760447174
|move|p1a: Kingambit|Sucker Punch|p2a: Gliscor
|-damage|p2a: Gliscor|0 fnt
|faint|p2a: Gliscor
|
|-weather|none
|upkeep
|
|t:|1760447201
|switch|p2a: Ting-Lu|Ting-Lu|100/100
|-damage|p2a: Ting-Lu|94/100|[from] Stealth Rock
|-ability|p2a: Ting-Lu|Vessel of Ruin
|turn|26
|inactive|schalo has 30 seconds left this turn.
|
|t:|1760447208
|-end|p1a: Kingambit|fallen2|[silent]
|switch|p1a: Moltres|Moltres|16/100
|move|p2a: Ting-Lu|Earthquake|p1a: Moltres
|-immune|p1a: Moltres
|
|-heal|p2a: Ting-Lu|100/100|[from] item: Leftovers
|upkeep
|turn|27
|
|t:|1760447214
|move|p1a: Moltres|Will-O-Wisp|p2a: Ting-Lu
|-status|p2a: Ting-Lu|brn
|move|p2a: Ting-Lu|Spikes|p1a: Moltres
|-sidestart|p1: schalo|Spikes
|
|-damage|p2a: Ting-Lu|94/100 brn|[from] brn
|upkeep
|turn|28
|
|t:|1760447219
|switch|p2a: Walking Wake|Walking Wake|32/100
|move|p1a: Moltres|Roost|p1a: Moltres
|-heal|p1a: Moltres|66/100
|-singleturn|p1a: Moltres|move: Roost
|
|upkeep
|turn|29
|inactive|schalo has 30 seconds left.
|
|t:|1760447241
|switch|p1a: Slowking|Slowking, M|55/100 brn
|-damage|p1a: Slowking|42/100 brn|[from] Stealth Rock
|-damage|p1a: Slowking|30/100 brn|[from] Spikes
|move|p2a: Walking Wake|Scald|p1a: Slowking
|-resisted|p1a: Slowking
|-damage|p1a: Slowking|17/100 brn
|
|-damage|p1a: Slowking|11/100 brn|[from] brn
|upkeep
|turn|30
|inactive|schalo has 30 seconds left.
|
|t:|1760447251
|move|p2a: Walking Wake|Knock Off|p1a: Slowking
|-supereffective|p1a: Slowking
|-damage|p1a: Slowking|0 fnt
|faint|p1a: Slowking
|
|upkeep
|inactive|schalo has 30 seconds left.
|
|t:|1760447260
|switch|p1a: Jolteon|Jolteon, F|100/100
|-damage|p1a: Jolteon|88/100|[from] Stealth Rock
|-damage|p1a: Jolteon|76/100|[from] Spikes
|turn|31
|inactive|schalo has 30 seconds left.
|
|t:|1760447271
|-end|p2a: Walking Wake|Protosynthesis|[silent]
|switch|p2a: Ting-Lu|Ting-Lu|94/100 brn
|-damage|p2a: Ting-Lu|88/100 brn|[from] Stealth Rock
|-ability|p2a: Ting-Lu|Vessel of Ruin
|move|p1a: Jolteon|Alluring Voice|p2a: Ting-Lu
|-supereffective|p2a: Ting-Lu
|-damage|p2a: Ting-Lu|56/100 brn
|
|-heal|p2a: Ting-Lu|62/100 brn|[from] item: Leftovers
|-damage|p2a: Ting-Lu|56/100 brn|[from] brn
|upkeep
|turn|32
|
|t:|1760447279
|switch|p1a: Moltres|Moltres|66/100
|move|p2a: Ting-Lu|Earthquake|p1a: Moltres
|-immune|p1a: Moltres
|
|-heal|p2a: Ting-Lu|62/100 brn|[from] item: Leftovers
|-damage|p2a: Ting-Lu|56/100 brn|[from] brn
|upkeep
|turn|33
|
|t:|1760447293
|switch|p2a: Slowking|Slowking-Galar, F|99/100 brn
|move|p1a: Moltres|U-turn|p2a: Slowking
|-crit|p2a: Slowking
|-damage|p2a: Slowking|79/100 brn
|
|t:|1760447297
|switch|p1a: Kingambit|Kingambit, F|59/100|[from] U-turn
|-damage|p1a: Kingambit|53/100|[from] Stealth Rock
|-damage|p1a: Kingambit|40/100|[from] Spikes
|-activate|p1a: Kingambit|ability: Supreme Overlord
|-start|p1a: Kingambit|fallen3|[silent]
|
|-damage|p2a: Slowking|73/100 brn|[from] brn
|upkeep
|turn|34
|
|t:|1760447310
|move|p1a: Kingambit|Sucker Punch|p2a: Slowking
|-supereffective|p2a: Slowking
|-damage|p2a: Slowking|0 fnt
|faint|p2a: Slowking
|
|upkeep
|-message|Sasha2808 forfeited.
|
|win|schalo
|raw|schalo's rating: 1389 &rarr; <strong>1413</strong><br />(+24 for winning)
|raw|Sasha2808's rating: 1462 &rarr; <strong>1438</strong><br />(-24 for losing)
|l|☆Sasha2808
|player|p2|
|l|☆schalo
|player|p1|
