|j|☆Vyntrius
|j|☆AEFAA2
|t:|1760310483
|gametype|singles
|player|p1|Vyntrius|acetrainer-gen4|1102
|player|p2|AEFAA2|scientist-gen4dp|1151
|gen|9
|tier|[Gen 9] OU
|rated|
|rule|HP Percentage Mod: HP is shown in percentages
|rule|Endless Battle Clause: Forcing endless battles is banned
|rule|Species Clause: Limit one of each Pokémon
|rule|OHKO Clause: OHKO moves are banned
|rule|Evasion Items Clause: Evasion items are banned
|rule|Evasion Moves Clause: Evasion moves are banned
|rule|Evasion Abilities Clause: Evasion abilities are banned
|rule|Sleep Moves Clause: Sleep-inducing moves are banned
|clearpoke
|poke|p1|Samurott-Hisui, F|
|poke|p1|Iron Valiant|
|poke|p1|Heatran, F|
|poke|p1|Landorus-Therian, M|
|poke|p1|Raging Bolt|
|poke|p1|Pecharunt|
|poke|p2|Torkoal, F|
|poke|p2|Sunflora, M|
|poke|p2|Goodra-Hisui, F|
|poke|p2|Great Tusk|
|poke|p2|Scovillain, M|
|poke|p2|Ninetales, F|
|teampreview
|inactive|Battle timer is ON: inactive players will automatically lose when time's up. (requested by AEFAA2)
|
|t:|1760310524
|teamsize|p1|6
|teamsize|p2|6
|start
|switch|p1a: Pecharunt|Pecharunt|100/100
|switch|p2a: Ninetales|Ninetales, F|100/100
|-weather|SunnyDay|[from] ability: Drought|[of] p2a: Ninetales
|turn|1
|
|t:|1760310537
|-terastallize|p1a: Pecharunt|Poison
|move|p2a: Ninetales|Weather Ball|p1a: Pecharunt
|-damage|p1a: Pecharunt|32/100
|move|p1a: Pecharunt|Malignant Chain|p2a: Ninetales
|-damage|p2a: Ninetales|55/100
|
|-weather|SunnyDay|[upkeep]
|-heal|p1a: Pecharunt|38/100|[from] item: Black Sludge
|upkeep
|turn|2
|inactive|Vyntrius has 120 seconds left.
|inactive|AEFAA2 has 120 seconds left.
|
|t:|1760310572
|switch|p2a: Great Tusk|Great Tusk|100/100
|-activate|p2a: Great Tusk|ability: Protosynthesis
|-start|p2a: Great Tusk|protosynthesisatk
|switch|p1a: Samurott|Samurott-Hisui, F|100/100
|
|-weather|SunnyDay|[upkeep]
|upkeep
|turn|3
|inactive|Vyntrius has 120 seconds left.
|inactive|AEFAA2 has 120 seconds left.
|
|t:|1760310595
|move|p1a: Samurott|Aqua Cutter|p2a: Great Tusk
|-supereffective|p2a: Great Tusk
|-damage|p2a: Great Tusk|63/100
|move|p2a: Great Tusk|Head Smash|p1a: Samurott
|-damage|p1a: Samurott|0 fnt
|faint|p1a: Samurott
|-damage|p2a: Great Tusk|20/100|[from] Recoil
|
|-weather|SunnyDay|[upkeep]
|upkeep
|inactive|Vyntrius has 120 seconds left.
|inactive|Vyntrius has 90 seconds left.
|
|t:|1760310631
|switch|p1a: Iron Valiant|Iron Valiant|100/100
|-enditem|p1a: Iron Valiant|Booster Energy
|-activate|p1a: Iron Valiant|ability: Quark Drive|[fromitem]
|-start|p1a: Iron Valiant|quarkdrivespe
|turn|4
|inactive|AEFAA2 has 120 seconds left.
|
|t:|1760310655
|move|p1a: Iron Valiant|Calm Mind|p1a: Iron Valiant
|-boost|p1a: Iron Valiant|spa|1
|-boost|p1a: Iron Valiant|spd|1
|move|p2a: Great Tusk|Head Smash|p1a: Iron Valiant
|-resisted|p1a: Iron Valiant
|-damage|p1a: Iron Valiant|29/100
|-damage|p2a: Great Tusk|0 fnt|[from] Recoil
|faint|p2a: Great Tusk
|-end|p2a: Great Tusk|Protosynthesis|[silent]
|
|-weather|SunnyDay|[upkeep]
|upkeep
|
|t:|1760310665
|switch|p2a: Goodra|Goodra-Hisui, F|100/100
|turn|5
|
|t:|1760310681
|move|p1a: Iron Valiant|Aura Sphere|p2a: Goodra
|-supereffective|p2a: Goodra
|-damage|p2a: Goodra|57/100
|move|p2a: Goodra|Flash Cannon|p1a: Iron Valiant
|-supereffective|p1a: Iron Valiant
|-damage|p1a: Iron Valiant|0 fnt
|faint|p1a: Iron Valiant
|-end|p1a: Iron Valiant|Quark Drive|[silent]
|
|-weather|none
|upkeep
|inactive|Vyntrius has 90 seconds left.
|
|t:|1760310706
|switch|p1a: Landorus|Landorus-Therian, M|100/100
|-ability|p1a: Landorus|Intimidate|boost
|-unboost|p2a: Goodra|atk|1
|turn|6
|
|t:|1760310719
|switch|p2a: Torkoal|Torkoal, F|100/100
|-weather|SunnyDay|[from] ability: Drought|[of] p2a: Torkoal
|move|p1a: Landorus|Earthquake|p2a: Torkoal
|-supereffective|p2a: Torkoal
|-damage|p2a: Torkoal|32/100
|
|-weather|SunnyDay|[upkeep]
|upkeep
|turn|7
|inactive|Vyntrius has 90 seconds left.
|
|t:|1760310731
|switch|p2a: Sunflora|Sunflora, M|100/100
|move|p1a: Landorus|Earthquake|p2a: Sunflora
|-resisted|p2a: Sunflora
|-damage|p2a: Sunflora|49/100
|
|-weather|SunnyDay|[upkeep]
|upkeep
|turn|8
|
|t:|1760310739
|move|p1a: Landorus|Earthquake|p2a: Sunflora
|-resisted|p2a: Sunflora
|-damage|p2a: Sunflora|0 fnt
|faint|p2a: Sunflora
|
|-weather|SunnyDay|[upkeep]
|upkeep
|
|t:|1760310746
|switch|p2a: Scovillain|Scovillain, M|100/100
|turn|9
|
|t:|1760310751
|-terastallize|p2a: Scovillain|Fire
|move|p2a: Scovillain|Flamethrower|p1a: Landorus
|-damage|p1a: Landorus|0 fnt
|faint|p1a: Landorus
|
|-weather|SunnyDay|[upkeep]
|upkeep
|inactive|Vyntrius has 90 seconds left.
|
|t:|1760310785
|switch|p1a: Heatran|Heatran, F|100/100
|-item|p1a: Heatran|Air Balloon
|turn|10
|inactive|Vyntrius has 90 seconds left.
|
|t:|1760310802
|switch|p2a: Torkoal|Torkoal, F|32/100
|move|p1a: Heatran|Solar Beam||[still]
|-prepare|p1a: Heatran|Solar Beam
|-anim|p1a: Heatran|Solar Beam|p2a: Torkoal
|-resisted|p2a: Torkoal
|-damage|p2a: Torkoal|7/100
|
|-weather|SunnyDay|[upkeep]
|upkeep
|turn|11
|inactive|Vyntrius has 60 seconds left.
|
|t:|1760310832
|move|p1a: Heatran|Flash Cannon|p2a: Torkoal
|-resisted|p2a: Torkoal
|-damage|p2a: Torkoal|0 fnt
|faint|p2a: Torkoal
|
|-weather|SunnyDay|[upkeep]
|upkeep
|inactive|AEFAA2 has 120 seconds left.
|
|t:|1760310850
|switch|p2a: Goodra|Goodra-Hisui, F|57/100
|turn|12
|inactive|AEFAA2 has 120 seconds left.
|
|t:|1760310864
|move|p1a: Heatran|Flamethrower|p2a: Goodra
|-damage|p2a: Goodra|30/100
|move|p2a: Goodra|Knock Off|p1a: Heatran
|-damage|p1a: Heatran|75/100
|-enditem|p1a: Heatran|Air Balloon
|
|-weather|SunnyDay|[upkeep]
|upkeep
|turn|13
|inactive|AEFAA2 has 120 seconds left.
|
|t:|1760310874
|move|p1a: Heatran|Flamethrower|p2a: Goodra
|-damage|p2a: Goodra|2/100
|move|p2a: Goodra|Earthquake|p1a: Heatran
|-supereffective|p1a: Heatran
|-damage|p1a: Heatran|0 fnt
|faint|p1a: Heatran
|
|-weather|none
|upkeep
|inactive|Vyntrius has 60 seconds left.
|
|t:|1760310900
|switch|p1a: Pecharunt|Pecharunt, tera:Poison|38/100
|turn|14
|
|t:|1760310919
|switch|p2a: Scovillain|Scovillain, M, tera:Fire|100/100
|move|p1a: Pecharunt|Malignant Chain|p2a: Scovillain
|-damage|p2a: Scovillain|29/100
|
|-heal|p1a: Pecharunt|44/100|[from] item: Black Sludge
|upkeep
|turn|15
|
|t:|1760310942
|move|p2a: Scovillain|Flamethrower|p1a: Pecharunt
|-damage|p1a: Pecharunt|0 fnt
|faint|p1a: Pecharunt
|
|upkeep
|
|t:|1760310949
|switch|p1a: Raging Bolt|Raging Bolt|100/100
|-enditem|p1a: Raging Bolt|Booster Energy
|-activate|p1a: Raging Bolt|ability: Protosynthesis|[fromitem]
|-start|p1a: Raging Bolt|protosynthesisspa
|turn|16
|inactive|Vyntrius has 30 seconds left.
|
|t:|1760310971
|move|p1a: Raging Bolt|Thunderclap|p2a: Scovillain
|-damage|p2a: Scovillain|0 fnt
|faint|p2a: Scovillain
|
|upkeep
|
|t:|1760310976
|switch|p2a: Ninetales|Ninetales, F|55/100
|-weather|SunnyDay|[from] ability: Drought|[of] p2a: Ninetales
|turn|17
|inactive|Vyntrius has 30 seconds left.
|
|t:|1760310993
|move|p2a: Ninetales|Healing Wish|p2a: Ninetales
|faint|p2a: Ninetales
|move|p1a: Raging Bolt|Calm Mind|p1a: Raging Bolt
|-boost|p1a: Raging Bolt|spa|1
|-boost|p1a: Raging Bolt|spd|1
|
|-weather|SunnyDay|[upkeep]
|upkeep
|
|t:|1760311000
|switch|p2a: Goodra|Goodra-Hisui, F|2/100
|-heal|p2a: Goodra|100/100|[from] move: Healing Wish
|turn|18
|inactive|Vyntrius has 30 seconds left.
|
|t:|1760311016
|move|p1a: Raging Bolt|Dragon Pulse|p2a: Goodra
|-damage|p2a: Goodra|62/100
|move|p2a: Goodra|Earthquake|p1a: Raging Bolt
|-supereffective|p1a: Raging Bolt
|-damage|p1a: Raging Bolt|58/100
|
|-weather|SunnyDay|[upkeep]
|upkeep
|turn|19
|inactive|Vyntrius has 30 seconds left.
|
|t:|1760311030
|move|p1a: Raging Bolt|Thunderbolt|p2a: Goodra
|-resisted|p2a: Goodra
|-damage|p2a: Goodra|43/100
|move|p2a: Goodra|Draco Meteor|p1a: Raging Bolt
|-supereffective|p1a: Raging Bolt
|-damage|p1a: Raging Bolt|0 fnt
|-unboost|p2a: Goodra|spa|2
|faint|p1a: Raging Bolt
|-end|p1a: Raging Bolt|Protosynthesis|[silent]
|
|win|AEFAA2
|raw|Vyntrius's rating: 1102 &rarr; <strong>1081</strong><br />(-21 for losing)
|raw|AEFAA2's rating: 1151 &rarr; <strong>1172</strong><br />(+21 for winning)
|l|☆Vyntrius
|player|p1|
