|j|☆Mdavis
|j|☆China sanxie
|t:|1760415313
|gametype|singles
|player|p1|Mdavis|266|1300
|player|p2|China sanxie|2|1285
|gen|9
|tier|[Gen 9] OU
|rated|
|rule|HP Percentage Mod: HP is shown in percentages
|rule|Endless Battle Clause: Forcing endless battles is banned
|rule|Species Clause: Limit one of each Pokémon
|rule|OHKO Clause: OHKO moves are banned
|rule|Evasion Items Clause: Evasion items are banned
|rule|Evasion Moves Clause: Evasion moves are banned
|rule|Evasion Abilities Clause: Evasion abilities are banned
|rule|Sleep Moves Clause: Sleep-inducing moves are banned
|clearpoke
|poke|p1|Deoxys-Speed|
|poke|p1|Walking Wake|
|poke|p1|Tornadus-Therian, M|
|poke|p1|Kyurem|
|poke|p1|Great Tusk|
|poke|p1|Kingambit, F|
|poke|p2|Walking Wake|
|poke|p2|Great Tusk|
|poke|p2|Raging Bolt|
|poke|p2|Scizor, M|
|poke|p2|Iron Hands|
|poke|p2|Skeledirge, M|
|teampreview
|
|t:|1760415319
|teamsize|p1|6
|teamsize|p2|6
|start
|switch|p1a: Deoxys|Deoxys-Speed|100/100
|switch|p2a: Scizor|Scizor, M|100/100
|-ability|p1a: Deoxys|Pressure
|turn|1
|
|t:|1760415327
|move|p1a: Deoxys|Taunt|p2a: Scizor
|-start|p2a: Scizor|move: Taunt
|cant|p2a: Scizor|move: Taunt|Sunny Day
|
|upkeep
|turn|2
|
|t:|1760415332
|move|p1a: Deoxys|Stealth Rock|p2a: Scizor
|-sidestart|p2: China sanxie|move: Stealth Rock
|move|p2a: Scizor|U-turn|p1a: Deoxys
|-supereffective|p1a: Deoxys
|-damage|p1a: Deoxys|5/100
|
|t:|1760415339
|switch|p2a: Walking Wake|Walking Wake|100/100|[from] U-turn
|-damage|p2a: Walking Wake|88/100|[from] Stealth Rock
|
|upkeep
|turn|3
|
|t:|1760415345
|move|p1a: Deoxys|Taunt|p2a: Walking Wake
|-start|p2a: Walking Wake|move: Taunt
|move|p2a: Walking Wake|Hydro Steam|p1a: Deoxys
|-damage|p1a: Deoxys|0 fnt
|faint|p1a: Deoxys
|
|upkeep
|
|t:|1760415351
|switch|p1a: Kyurem|Kyurem|100/100
|-ability|p1a: Kyurem|Pressure
|turn|4
|
|t:|1760415356
|-end|p2a: Walking Wake|Protosynthesis|[silent]
|switch|p2a: Scizor|Scizor, M|100/100
|-damage|p2a: Scizor|88/100|[from] Stealth Rock
|-terastallize|p1a: Kyurem|Water
|move|p1a: Kyurem|Freeze-Dry|p2a: Scizor
|-resisted|p2a: Scizor
|-damage|p2a: Scizor|58/100
|
|upkeep
|turn|5
|
|t:|1760415373
|move|p1a: Kyurem|Substitute|p1a: Kyurem
|-start|p1a: Kyurem|Substitute
|-damage|p1a: Kyurem|76/100
|move|p2a: Scizor|Defog|p1a: Kyurem
|-sideend|p2: China sanxie|Stealth Rock|[from] move: Defog|[of] p2a: Scizor
|
|upkeep
|turn|6
|
|t:|1760415383
|move|p1a: Kyurem|Earth Power|p2a: Scizor
|-damage|p2a: Scizor|9/100
|move|p2a: Scizor|U-turn|p1a: Kyurem
|-end|p1a: Kyurem|Substitute
|
|t:|1760415401
|switch|p2a: Raging Bolt|Raging Bolt|100/100|[from] U-turn
|
|upkeep
|turn|7
|
|t:|1760415413
|switch|p1a: Great Tusk|Great Tusk|100/100
|move|p2a: Raging Bolt|Discharge|p1a: Great Tusk
|-immune|p1a: Great Tusk
|
|upkeep
|turn|8
|
|t:|1760415426
|move|p1a: Great Tusk|Headlong Rush|p2a: Raging Bolt
|-supereffective|p2a: Raging Bolt
|-damage|p2a: Raging Bolt|0 fnt
|-unboost|p1a: Great Tusk|def|1
|-unboost|p1a: Great Tusk|spd|1
|faint|p2a: Raging Bolt
|-end|p2a: Raging Bolt|Protosynthesis|[silent]
|
|upkeep
|
|t:|1760415429
|switch|p2a: Walking Wake|Walking Wake|88/100
|turn|9
|
|t:|1760415440
|-end|p1a: Great Tusk|Protosynthesis|[silent]
|switch|p1a: Walking Wake|Walking Wake|100/100
|move|p2a: Walking Wake|Draco Meteor|p1a: Walking Wake
|-supereffective|p1a: Walking Wake
|-damage|p1a: Walking Wake|0 fnt
|-unboost|p2a: Walking Wake|spa|2
|faint|p1a: Walking Wake
|-end|p1a: Walking Wake|Protosynthesis|[silent]
|
|upkeep
|
|t:|1760415447
|switch|p1a: Kyurem|Kyurem, tera:Water|76/100
|-ability|p1a: Kyurem|Pressure
|turn|10
|
|t:|1760415454
|-end|p2a: Walking Wake|Protosynthesis|[silent]
|switch|p2a: Scizor|Scizor, M|9/100
|move|p1a: Kyurem|Substitute|p1a: Kyurem
|-start|p1a: Kyurem|Substitute
|-damage|p1a: Kyurem|51/100
|
|upkeep
|turn|11
|
|t:|1760415459
|move|p1a: Kyurem|Freeze-Dry|p2a: Scizor
|-resisted|p2a: Scizor
|-damage|p2a: Scizor|0 fnt
|faint|p2a: Scizor
|
|upkeep
|
|t:|1760415463
|switch|p2a: Iron Hands|Iron Hands|100/100
|-enditem|p2a: Iron Hands|Booster Energy
|-activate|p2a: Iron Hands|ability: Quark Drive|[fromitem]
|-start|p2a: Iron Hands|quarkdriveatk
|turn|12
|
|t:|1760415467
|move|p1a: Kyurem|Earth Power|p2a: Iron Hands
|-supereffective|p2a: Iron Hands
|-crit|p2a: Iron Hands
|-damage|p2a: Iron Hands|19/100
|move|p2a: Iron Hands|Drain Punch|p1a: Kyurem
|-end|p1a: Kyurem|Substitute
|-heal|p2a: Iron Hands|31/100|[from] drain|[of] p1a: Kyurem
|
|upkeep
|turn|13
|
|t:|1760415475
|-terastallize|p2a: Iron Hands|Flying
|move|p1a: Kyurem|Earth Power|p2a: Iron Hands
|-immune|p2a: Iron Hands
|move|p2a: Iron Hands|Supercell Slam|p1a: Kyurem
|-supereffective|p1a: Kyurem
|-damage|p1a: Kyurem|0 fnt
|faint|p1a: Kyurem
|
|upkeep
|
|t:|1760415488
|switch|p1a: Tornadus|Tornadus-Therian, M|100/100
|turn|14
|
|t:|1760415492
|move|p1a: Tornadus|Air Slash|p2a: Iron Hands
|-damage|p2a: Iron Hands|5/100
|move|p2a: Iron Hands|Supercell Slam|p1a: Tornadus
|-supereffective|p1a: Tornadus
|-crit|p1a: Tornadus
|-damage|p1a: Tornadus|0 fnt
|faint|p1a: Tornadus
|
|upkeep
|
|t:|1760415506
|switch|p1a: Kingambit|Kingambit, F, shiny|100/100
|-activate|p1a: Kingambit|ability: Supreme Overlord
|-start|p1a: Kingambit|fallen4|[silent]
|turn|15
|
|t:|1760415511
|move|p1a: Kingambit|Sucker Punch|p2a: Iron Hands
|-damage|p2a: Iron Hands|0 fnt
|faint|p2a: Iron Hands
|-end|p2a: Iron Hands|Quark Drive|[silent]
|-damage|p1a: Kingambit|91/100|[from] item: Life Orb
|
|upkeep
|
|t:|1760415513
|switch|p2a: Great Tusk|Great Tusk|100/100
|turn|16
|
|t:|1760415519
|-end|p1a: Kingambit|fallen4|[silent]
|switch|p1a: Great Tusk|Great Tusk|100/100
|move|p2a: Great Tusk|Close Combat|p1a: Great Tusk
|-damage|p1a: Great Tusk|49/100
|-unboost|p2a: Great Tusk|def|1
|-unboost|p2a: Great Tusk|spd|1
|-damage|p2a: Great Tusk|91/100|[from] item: Life Orb
|
|-heal|p1a: Great Tusk|56/100|[from] item: Leftovers
|upkeep
|turn|17
|
|t:|1760415525
|-end|p2a: Great Tusk|Protosynthesis|[silent]
|switch|p2a: Skeledirge|Skeledirge, M|100/100
|move|p1a: Great Tusk|Headlong Rush|p2a: Skeledirge
|-supereffective|p2a: Skeledirge
|-damage|p2a: Skeledirge|5/100
|-unboost|p1a: Great Tusk|def|1
|-unboost|p1a: Great Tusk|spd|1
|
|-heal|p1a: Great Tusk|62/100|[from] item: Leftovers
|upkeep
|turn|18
|
|t:|1760415535
|move|p1a: Great Tusk|Headlong Rush|p2a: Skeledirge
|-supereffective|p2a: Skeledirge
|-damage|p2a: Skeledirge|0 fnt
|-unboost|p1a: Great Tusk|def|1
|-unboost|p1a: Great Tusk|spd|1
|faint|p2a: Skeledirge
|
|-heal|p1a: Great Tusk|68/100|[from] item: Leftovers
|upkeep
|
|t:|1760415543
|switch|p2a: Walking Wake|Walking Wake|88/100
|turn|19
|
|t:|1760415554
|move|p2a: Walking Wake|Flamethrower|p1a: Great Tusk
|-damage|p1a: Great Tusk|0 fnt
|faint|p1a: Great Tusk
|-end|p1a: Great Tusk|Protosynthesis|[silent]
|
|upkeep
|
|t:|1760415556
|switch|p1a: Kingambit|Kingambit, F, shiny|91/100
|-activate|p1a: Kingambit|ability: Supreme Overlord
|-start|p1a: Kingambit|fallen5|[silent]
|turn|20
|
|t:|1760415559
|move|p1a: Kingambit|Sucker Punch|p2a: Walking Wake
|-damage|p2a: Walking Wake|3/100
|-damage|p1a: Kingambit|81/100|[from] item: Life Orb
|move|p2a: Walking Wake|Flamethrower|p1a: Kingambit
|-supereffective|p1a: Kingambit
|-damage|p1a: Kingambit|0 fnt
|faint|p1a: Kingambit
|-end|p1a: Kingambit|fallen5|[silent]
|
|win|China sanxie
|raw|Mdavis's rating: 1300 &rarr; <strong>1274</strong><br />(-26 for losing)
|raw|China sanxie's rating: 1285 &rarr; <strong>1311</strong><br />(+26 for winning)
|l|☆China sanxie
|player|p2|
|l|☆Mdavis
|player|p1|
