|j|☆szjtxdy
|j|☆spongeon
|t:|1760451192
|gametype|singles
|player|p1|szjtxdy|rosa|1387
|player|p2|spongeon|169|1379
|gen|9
|tier|[Gen 9] OU
|rated|
|rule|HP Percentage Mod: HP is shown in percentages
|rule|Endless Battle Clause: Forcing endless battles is banned
|rule|Species Clause: Limit one of each Pokémon
|rule|OHKO Clause: OHKO moves are banned
|rule|Evasion Items Clause: Evasion items are banned
|rule|Evasion Moves Clause: Evasion moves are banned
|rule|Evasion Abilities Clause: Evasion abilities are banned
|rule|Sleep Moves Clause: Sleep-inducing moves are banned
|clearpoke
|poke|p1|Torkoal, F|
|poke|p1|Hatterene, F|
|poke|p1|Raging Bolt|
|poke|p1|Venusaur, F|
|poke|p1|Great Tusk|
|poke|p1|Charizard, M|
|poke|p2|Zamazenta-*|
|poke|p2|Zapdos|
|poke|p2|Comfey, F|
|poke|p2|Sandslash-Alola, M|
|poke|p2|Slowking-Galar, F|
|poke|p2|Darkrai|
|teampreview
|inactive|Battle timer is ON: inactive players will automatically lose when time's up. (requested by szjtxdy)
|
|t:|1760451202
|teamsize|p1|6
|teamsize|p2|6
|start
|switch|p1a: Torkoal|Torkoal, F|100/100
|switch|p2a: Slowking|Slowking-Galar, F|100/100
|-weather|SunnyDay|[from] ability: Drought|[of] p1a: Torkoal
|turn|1
|
|t:|1760451206
|move|p1a: Torkoal|Stealth Rock|p2a: Slowking
|-sidestart|p2: spongeon|move: Stealth Rock
|-prepare|p2a: Slowking|Chilly Reception|[premajor]
|move|p2a: Slowking|Chilly Reception|p2a: Slowking
|-weather|Snowscape
|
|t:|1760451216
|switch|p2a: Sandslash|Sandslash-Alola, M|100/100|[from] Chilly Reception
|-damage|p2a: Sandslash|88/100|[from] Stealth Rock
|
|-weather|Snowscape|[upkeep]
|upkeep
|turn|2
|
|t:|1760451222
|move|p2a: Sandslash|Swords Dance|p2a: Sandslash
|-boost|p2a: Sandslash|atk|2
|move|p1a: Torkoal|Lava Plume|p2a: Sandslash
|-supereffective|p2a: Sandslash
|-damage|p2a: Sandslash|0 fnt
|faint|p2a: Sandslash
|
|-weather|Snowscape|[upkeep]
|upkeep
|
|t:|1760451248
|switch|p2a: Comfey|Comfey, F|100/100
|-damage|p2a: Comfey|88/100|[from] Stealth Rock
|turn|3
|
|t:|1760451253
|switch|p1a: Hatterene|Hatterene, F, shiny|100/100
|move|p2a: Comfey|Calm Mind|p2a: Comfey
|-boost|p2a: Comfey|spa|1
|-boost|p2a: Comfey|spd|1
|
|-weather|Snowscape|[upkeep]
|upkeep
|turn|4
|
|t:|1760451259
|-terastallize|p2a: Comfey|Ground
|move|p2a: Comfey|Calm Mind|p2a: Comfey
|-boost|p2a: Comfey|spa|1
|-boost|p2a: Comfey|spd|1
|move|p1a: Hatterene|Psychic Noise|p2a: Comfey
|-damage|p2a: Comfey|66/100
|-start|p2a: Comfey|move: Heal Block
|
|-weather|Snowscape|[upkeep]
|upkeep
|turn|5
|
|t:|1760451272
|move|p2a: Comfey|Tera Blast|p1a: Hatterene|[anim] Tera Blast Ground
|-damage|p1a: Hatterene|32/100
|-enditem|p1a: Hatterene|Eject Button
|
|t:|1760451276
|switch|p1a: Torkoal|Torkoal, F|100/100
|-weather|SunnyDay|[from] ability: Drought|[of] p1a: Torkoal
|
|-weather|SunnyDay|[upkeep]
|-end|p2a: Comfey|move: Heal Block
|upkeep
|turn|6
|l|☆spongeon
|inactive|spongeon disconnected and has a minute to reconnect!
|player|p2|
|j|☆spongeon
|inactive|spongeon reconnected and has 140 seconds left.
|player|p2|spongeon|169|
|
|t:|1760451298
|switch|p1a: Hatterene|Hatterene, F, shiny|32/100
|move|p2a: Comfey|Tera Blast|p1a: Hatterene|[anim] Tera Blast Ground
|-damage|p1a: Hatterene|0 fnt
|faint|p1a: Hatterene
|
|-weather|SunnyDay|[upkeep]
|upkeep
|
|t:|1760451302
|switch|p1a: Venusaur|Venusaur, F|100/100
|turn|7
|
|t:|1760451319
|switch|p2a: Zapdos|Zapdos|100/100
|-damage|p2a: Zapdos|76/100|[from] Stealth Rock
|move|p1a: Venusaur|Solar Beam||[still]
|-prepare|p1a: Venusaur|Solar Beam
|-anim|p1a: Venusaur|Solar Beam|p2a: Zapdos
|-resisted|p2a: Zapdos
|-damage|p2a: Zapdos|39/100
|-damage|p1a: Venusaur|91/100|[from] item: Life Orb
|
|-weather|SunnyDay|[upkeep]
|upkeep
|turn|8
|
|t:|1760451327
|move|p1a: Venusaur|Weather Ball|p2a: Zapdos
|-damage|p2a: Zapdos|0 fnt
|faint|p2a: Zapdos
|-damage|p1a: Venusaur|81/100|[from] item: Life Orb
|
|-weather|SunnyDay|[upkeep]
|upkeep
|
|t:|1760451336
|switch|p2a: Slowking|Slowking-Galar, F|100/100
|-damage|p2a: Slowking|88/100|[from] Stealth Rock
|turn|9
|
|t:|1760451340
|move|p1a: Venusaur|Weather Ball|p2a: Slowking
|-crit|p2a: Slowking
|-damage|p2a: Slowking|34/100
|-damage|p1a: Venusaur|71/100|[from] item: Life Orb
|-prepare|p2a: Slowking|Chilly Reception|[premajor]
|move|p2a: Slowking|Chilly Reception|p2a: Slowking
|-weather|Snowscape
|
|t:|1760451350
|switch|p2a: Darkrai|Darkrai|100/100|[from] Chilly Reception
|-damage|p2a: Darkrai|88/100|[from] Stealth Rock
|
|-weather|Snowscape|[upkeep]
|-heal|p2a: Darkrai|94/100|[from] item: Leftovers
|upkeep
|turn|10
|
|t:|1760451355
|switch|p1a: Torkoal|Torkoal, F|100/100
|-weather|SunnyDay|[from] ability: Drought|[of] p1a: Torkoal
|move|p2a: Darkrai|Substitute|p2a: Darkrai
|-start|p2a: Darkrai|Substitute
|-damage|p2a: Darkrai|69/100
|
|-weather|SunnyDay|[upkeep]
|-heal|p2a: Darkrai|75/100|[from] item: Leftovers
|upkeep
|turn|11
|
|t:|1760451362
|move|p2a: Darkrai|Nasty Plot|p2a: Darkrai
|-boost|p2a: Darkrai|spa|2
|move|p1a: Torkoal|Body Press|p2a: Darkrai
|-supereffective|p2a: Darkrai
|-end|p2a: Darkrai|Substitute
|
|-weather|SunnyDay|[upkeep]
|-heal|p2a: Darkrai|81/100|[from] item: Leftovers
|upkeep
|turn|12
|
|t:|1760451368
|-terastallize|p1a: Torkoal|Fighting
|move|p2a: Darkrai|Dark Pulse|p1a: Torkoal
|-resisted|p1a: Torkoal
|-damage|p1a: Torkoal|42/100
|cant|p1a: Torkoal|flinch
|
|-weather|SunnyDay|[upkeep]
|-heal|p2a: Darkrai|87/100|[from] item: Leftovers
|upkeep
|turn|13
|
|t:|1760451376
|move|p2a: Darkrai|Sludge Bomb|p1a: Torkoal
|-damage|p1a: Torkoal|0 fnt
|faint|p1a: Torkoal
|
|-weather|SunnyDay|[upkeep]
|-heal|p2a: Darkrai|93/100|[from] item: Leftovers
|upkeep
|
|t:|1760451378
|switch|p1a: Venusaur|Venusaur, F|71/100
|turn|14
|
|t:|1760451389
|move|p1a: Venusaur|Weather Ball|p2a: Darkrai
|-damage|p2a: Darkrai|20/100
|-damage|p1a: Venusaur|61/100|[from] item: Life Orb
|move|p2a: Darkrai|Dark Pulse|p1a: Venusaur
|-damage|p1a: Venusaur|0 fnt
|faint|p1a: Venusaur
|
|-weather|SunnyDay|[upkeep]
|-heal|p2a: Darkrai|26/100|[from] item: Leftovers
|upkeep
|
|t:|1760451396
|switch|p1a: Raging Bolt|Raging Bolt|100/100
|-activate|p1a: Raging Bolt|ability: Protosynthesis
|-start|p1a: Raging Bolt|protosynthesisspa
|turn|15
|
|t:|1760451413
|move|p2a: Darkrai|Dark Pulse|p1a: Raging Bolt
|-damage|p1a: Raging Bolt|26/100
|move|p1a: Raging Bolt|Draco Meteor|p2a: Darkrai
|-damage|p2a: Darkrai|0 fnt
|-unboost|p1a: Raging Bolt|spa|2
|faint|p2a: Darkrai
|-damage|p1a: Raging Bolt|16/100|[from] item: Life Orb
|
|-weather|SunnyDay|[upkeep]
|upkeep
|
|t:|1760451425
|switch|p2a: Slowking|Slowking-Galar, F|67/100
|-damage|p2a: Slowking|55/100|[from] Stealth Rock
|turn|16
|
|t:|1760451432
|move|p1a: Raging Bolt|Volt Switch|p2a: Slowking
|-damage|p2a: Slowking|31/100
|-damage|p1a: Raging Bolt|6/100|[from] item: Life Orb
|
|t:|1760451436
|-end|p1a: Raging Bolt|Protosynthesis|[silent]
|switch|p1a: Great Tusk|Great Tusk|100/100|[from] Volt Switch
|-activate|p1a: Great Tusk|ability: Protosynthesis
|-start|p1a: Great Tusk|protosynthesisatk
|-prepare|p2a: Slowking|Chilly Reception|[premajor]
|move|p2a: Slowking|Chilly Reception|p2a: Slowking
|-weather|Snowscape
|-end|p1a: Great Tusk|Protosynthesis
|
|t:|1760451447
|switch|p2a: Zamazenta|Zamazenta|100/100|[from] Chilly Reception
|-damage|p2a: Zamazenta|94/100|[from] Stealth Rock
|-ability|p2a: Zamazenta|Dauntless Shield|boost
|-boost|p2a: Zamazenta|def|1
|
|-weather|Snowscape|[upkeep]
|upkeep
|turn|17
|
|t:|1760451452
|-end|p1a: Great Tusk|Protosynthesis|[silent]
|switch|p1a: Charizard|Charizard, M|100/100
|move|p2a: Zamazenta|Iron Defense|p2a: Zamazenta
|-boost|p2a: Zamazenta|def|2
|
|-weather|Snowscape|[upkeep]
|upkeep
|turn|18
|
|t:|1760451457
|move|p2a: Zamazenta|Iron Defense|p2a: Zamazenta
|-boost|p2a: Zamazenta|def|2
|move|p1a: Charizard|Air Slash|p2a: Zamazenta
|-supereffective|p2a: Zamazenta
|-damage|p2a: Zamazenta|7/100
|-damage|p1a: Charizard|91/100|[from] item: Life Orb
|
|-weather|Snowscape|[upkeep]
|upkeep
|turn|19
|
|t:|1760451463
|move|p2a: Zamazenta|Body Press|p1a: Charizard
|-resisted|p1a: Charizard
|-damage|p1a: Charizard|0 fnt
|faint|p1a: Charizard
|
|-weather|Snowscape|[upkeep]
|upkeep
|
|t:|1760451467
|switch|p1a: Raging Bolt|Raging Bolt|6/100
|turn|20
|
|t:|1760451473
|move|p2a: Zamazenta|Rest|p2a: Zamazenta
|-status|p2a: Zamazenta|slp|[from] move: Rest
|-heal|p2a: Zamazenta|100/100 slp|[silent]
|-enditem|p2a: Zamazenta|Chesto Berry|[eat]
|-curestatus|p2a: Zamazenta|slp|[msg]
|move|p1a: Raging Bolt|Weather Ball|p2a: Zamazenta
|-crit|p2a: Zamazenta
|-damage|p2a: Zamazenta|31/100
|-damage|p1a: Raging Bolt|0 fnt|[from] item: Life Orb
|faint|p1a: Raging Bolt
|-end|p1a: Raging Bolt|Protosynthesis|[silent]
|
|-weather|Snowscape|[upkeep]
|upkeep
|
|t:|1760451476
|switch|p1a: Great Tusk|Great Tusk|100/100
|turn|21
|
|t:|1760451481
|move|p2a: Zamazenta|Body Press|p1a: Great Tusk
|-damage|p1a: Great Tusk|0 fnt
|faint|p1a: Great Tusk
|-end|p1a: Great Tusk|Protosynthesis|[silent]
|
|win|spongeon
|raw|szjtxdy's rating: 1387 &rarr; <strong>1367</strong><br />(-20 for losing)
|raw|spongeon's rating: 1379 &rarr; <strong>1399</strong><br />(+20 for winning)
|l|☆szjtxdy
|player|p1|
|l|☆spongeon
|player|p2|
