|j|☆animeGametestteam
|j|☆Tom5283
|t:|1760393058
|gametype|singles
|player|p1|animeGametestteam|acetrainer-gen4dp|1232
|player|p2|Tom5283|hilbert|1199
|gen|9
|tier|[Gen 9] OU
|rated|
|rule|HP Percentage Mod: HP is shown in percentages
|rule|Endless Battle Clause: Forcing endless battles is banned
|rule|Species Clause: Limit one of each Pokémon
|rule|OHKO Clause: OHKO moves are banned
|rule|Evasion Items Clause: Evasion items are banned
|rule|Evasion Moves Clause: Evasion moves are banned
|rule|Evasion Abilities Clause: Evasion abilities are banned
|rule|Sleep Moves Clause: Sleep-inducing moves are banned
|clearpoke
|poke|p1|Hydreigon, M|
|poke|p1|Excadrill, M|
|poke|p1|Conkeldurr, M|
|poke|p1|Galvantula, M|
|poke|p1|Krookodile, M|
|poke|p1|Serperior, M|
|poke|p2|Meowscarada, M|
|poke|p2|Milotic, F|
|poke|p2|Avalugg, M|
|poke|p2|Conkeldurr, M|
|poke|p2|Ninetales, F|
|poke|p2|Gardevoir, F|
|teampreview
|inactive|Battle timer is ON: inactive players will automatically lose when time's up. (requested by Tom5283)
|
|t:|1760393080
|teamsize|p1|6
|teamsize|p2|6
|start
|switch|p1a: Galvantula|Galvantula, M|100/100
|switch|p2a: Conkeldurr|Conkeldurr, M|100/100
|turn|1
|
|t:|1760393089
|move|p1a: Galvantula|Sticky Web|p2a: Conkeldurr
|-sidestart|p2: Tom5283|move: Sticky Web
|move|p2a: Conkeldurr|Bulk Up|p2a: Conkeldurr
|-boost|p2a: Conkeldurr|atk|1
|-boost|p2a: Conkeldurr|def|1
|
|upkeep
|turn|2
|
|t:|1760393097
|move|p1a: Galvantula|Thunder|p2a: Conkeldurr
|-damage|p2a: Conkeldurr|61/100
|move|p2a: Conkeldurr|Drain Punch|p1a: Galvantula
|-resisted|p1a: Galvantula
|-damage|p1a: Galvantula|47/100
|-heal|p2a: Conkeldurr|83/100|[from] drain|[of] p1a: Galvantula
|
|-heal|p2a: Conkeldurr|89/100|[from] item: Leftovers
|upkeep
|turn|3
|
|t:|1760393109
|move|p1a: Galvantula|Thunder|p2a: Conkeldurr
|-damage|p2a: Conkeldurr|46/100
|move|p2a: Conkeldurr|Drain Punch|p1a: Galvantula
|-resisted|p1a: Galvantula
|-damage|p1a: Galvantula|0 fnt
|-heal|p2a: Conkeldurr|65/100|[from] drain|[of] p1a: Galvantula
|faint|p1a: Galvantula
|
|-heal|p2a: Conkeldurr|71/100|[from] item: Leftovers
|upkeep
|
|t:|1760393124
|switch|p1a: Hydreigon|Hydreigon, M|100/100
|turn|4
|
|t:|1760393130
|move|p1a: Hydreigon|Draco Meteor|p2a: Conkeldurr
|-damage|p2a: Conkeldurr|10/100
|-unboost|p1a: Hydreigon|spa|2
|move|p2a: Conkeldurr|Defog|p1a: Hydreigon
|-unboost|p1a: Hydreigon|evasion|1
|-sideend|p2: Tom5283|Sticky Web|[from] move: Defog|[of] p2a: Conkeldurr
|
|-heal|p2a: Conkeldurr|16/100|[from] item: Leftovers
|upkeep
|turn|5
|
|t:|1760393143
|move|p1a: Hydreigon|Draco Meteor|p2a: Conkeldurr
|-damage|p2a: Conkeldurr|0 fnt
|-unboost|p1a: Hydreigon|spa|2
|faint|p2a: Conkeldurr
|
|upkeep
|
|t:|1760393155
|switch|p2a: Gardevoir|Gardevoir, F, shiny|100/100
|turn|6
|
|t:|1760393171
|move|p1a: Hydreigon|Flash Cannon|p2a: Gardevoir
|-supereffective|p2a: Gardevoir
|-damage|p2a: Gardevoir|82/100
|move|p2a: Gardevoir|Shadow Ball|p1a: Hydreigon
|-resisted|p1a: Hydreigon
|-damage|p1a: Hydreigon|84/100
|
|-heal|p1a: Hydreigon|91/100|[from] item: Leftovers
|upkeep
|turn|7
|
|t:|1760393182
|move|p1a: Hydreigon|Flash Cannon|p2a: Gardevoir
|-supereffective|p2a: Gardevoir
|-damage|p2a: Gardevoir|62/100
|-unboost|p2a: Gardevoir|spd|1
|move|p2a: Gardevoir|Moonblast|p1a: Hydreigon
|-supereffective|p1a: Hydreigon
|-damage|p1a: Hydreigon|0 fnt
|faint|p1a: Hydreigon
|
|upkeep
|
|t:|1760393194
|switch|p1a: Serperior|Serperior, M|100/100
|turn|8
|
|t:|1760393206
|move|p1a: Serperior|Leech Seed|p2a: Gardevoir
|-start|p2a: Gardevoir|move: Leech Seed
|move|p2a: Gardevoir|Moonblast|p1a: Serperior
|-damage|p1a: Serperior|44/100
|
|-heal|p1a: Serperior|50/100|[from] item: Leftovers
|-damage|p2a: Gardevoir|49/100|[from] Leech Seed|[of] p1a: Serperior
|-heal|p1a: Serperior|59/100|[silent]
|upkeep
|turn|9
|
|t:|1760393216
|move|p1a: Serperior|Substitute|p1a: Serperior
|-start|p1a: Serperior|Substitute
|-damage|p1a: Serperior|34/100
|move|p2a: Gardevoir|Moonblast|p1a: Serperior
|-end|p1a: Serperior|Substitute
|
|-heal|p1a: Serperior|41/100|[from] item: Leftovers
|-damage|p2a: Gardevoir|37/100|[from] Leech Seed|[of] p1a: Serperior
|-heal|p1a: Serperior|50/100|[silent]
|upkeep
|turn|10
|
|t:|1760393227
|move|p1a: Serperior|Leaf Storm|p2a: Gardevoir|[miss]
|-miss|p1a: Serperior|p2a: Gardevoir
|move|p2a: Gardevoir|Moonblast|p1a: Serperior
|-damage|p1a: Serperior|0 fnt
|faint|p1a: Serperior
|
|upkeep
|
|t:|1760393235
|switch|p1a: Excadrill|Excadrill, M|100/100
|-ability|p1a: Excadrill|Mold Breaker
|turn|11
|
|t:|1760393244
|move|p2a: Gardevoir|Vacuum Wave|p1a: Excadrill
|-supereffective|p1a: Excadrill
|-damage|p1a: Excadrill|58/100
|move|p1a: Excadrill|Swords Dance|p1a: Excadrill
|-boost|p1a: Excadrill|atk|2
|
|-damage|p2a: Gardevoir|25/100|[from] Leech Seed|[of] p1a: Excadrill
|-heal|p1a: Excadrill|67/100|[silent]
|upkeep
|turn|12
|
|t:|1760393254
|move|p2a: Gardevoir|Vacuum Wave|p1a: Excadrill
|-supereffective|p1a: Excadrill
|-damage|p1a: Excadrill|25/100
|move|p1a: Excadrill|Rapid Spin|p2a: Gardevoir
|-damage|p2a: Gardevoir|0 fnt
|-boost|p1a: Excadrill|spe|1
|faint|p2a: Gardevoir
|
|upkeep
|
|t:|1760393265
|switch|p2a: Avalugg|Avalugg, M|100/100
|turn|13
|
|t:|1760393273
|move|p1a: Excadrill|Iron Head|p2a: Avalugg
|-supereffective|p2a: Avalugg
|-damage|p2a: Avalugg|20/100
|-damage|p1a: Excadrill|9/100|[from] item: Rocky Helmet|[of] p2a: Avalugg
|move|p2a: Avalugg|Body Press|p1a: Excadrill
|-supereffective|p1a: Excadrill
|-damage|p1a: Excadrill|0 fnt
|faint|p1a: Excadrill
|
|upkeep
|
|t:|1760393284
|switch|p1a: Conkeldurr|Conkeldurr, M|100/100
|turn|14
|
|t:|1760393293
|move|p1a: Conkeldurr|Knock Off|p2a: Avalugg
|-damage|p2a: Avalugg|0 fnt
|-damage|p1a: Conkeldurr|84/100|[from] item: Rocky Helmet|[of] p2a: Avalugg
|-enditem|p2a: Avalugg|Rocky Helmet|[from] move: Knock Off|[of] p1a: Conkeldurr
|faint|p2a: Avalugg
|
|-status|p1a: Conkeldurr|brn|[from] item: Flame Orb
|upkeep
|
|t:|1760393319
|switch|p2a: Meowscarada|Meowscarada, M|100/100
|turn|15
|
|t:|1760393323
|move|p1a: Conkeldurr|Mach Punch|p2a: Meowscarada
|-supereffective|p2a: Meowscarada
|-damage|p2a: Meowscarada|0 fnt
|faint|p2a: Meowscarada
|
|-damage|p1a: Conkeldurr|78/100 brn|[from] brn
|upkeep
|
|t:|1760393332
|switch|p2a: Milotic|Milotic, F|100/100
|turn|16
|
|t:|1760393342
|move|p2a: Milotic|Whirlpool|p1a: Conkeldurr
|-damage|p1a: Conkeldurr|60/100 brn
|-activate|p1a: Conkeldurr|move: Whirlpool|[of] p2a: Milotic
|move|p1a: Conkeldurr|Close Combat|p2a: Milotic
|-damage|p2a: Milotic|0 fnt
|-unboost|p1a: Conkeldurr|def|1
|-unboost|p1a: Conkeldurr|spd|1
|faint|p2a: Milotic
|
|-damage|p1a: Conkeldurr|54/100 brn|[from] brn
|-end|p1a: Conkeldurr|Whirlpool|[partiallytrapped]|[silent]
|upkeep
|
|t:|1760393354
|switch|p2a: Ninetales|Ninetales, F|100/100
|-weather|SunnyDay|[from] ability: Drought|[of] p2a: Ninetales
|turn|17
|
|t:|1760393359
|move|p1a: Conkeldurr|Mach Punch|p2a: Ninetales
|-damage|p2a: Ninetales|48/100
|move|p2a: Ninetales|Weather Ball|p1a: Conkeldurr
|-damage|p1a: Conkeldurr|0 fnt
|faint|p1a: Conkeldurr
|
|-weather|SunnyDay|[upkeep]
|upkeep
|
|t:|1760393368
|switch|p1a: Krookodile|Krookodile, M|100/100
|turn|18
|
|t:|1760393372
|-terastallize|p1a: Krookodile|Ground
|-terastallize|p2a: Ninetales|Grass
|move|p1a: Krookodile|Earthquake|p2a: Ninetales
|-resisted|p2a: Ninetales
|-damage|p2a: Ninetales|0 fnt
|faint|p2a: Ninetales
|
|win|animeGametestteam
|raw|animeGametestteam's rating: 1232 &rarr; <strong>1255</strong><br />(+23 for winning)
|raw|Tom5283's rating: 1199 &rarr; <strong>1176</strong><br />(-23 for losing)
