|j|☆pipsqeak
|j|☆anko uguisu
|t:|1760429717
|gametype|singles
|player|p1|pipsqeak|ltsurge|1138
|player|p2|anko uguisu|idol|1082
|gen|9
|tier|[Gen 9] OU
|rated|
|rule|HP Percentage Mod: HP is shown in percentages
|rule|Endless Battle Clause: Forcing endless battles is banned
|rule|Species Clause: Limit one of each Pokémon
|rule|OHKO Clause: OHKO moves are banned
|rule|Evasion Items Clause: Evasion items are banned
|rule|Evasion Moves Clause: Evasion moves are banned
|rule|Evasion Abilities Clause: Evasion abilities are banned
|rule|Sleep Moves Clause: Sleep-inducing moves are banned
|clearpoke
|poke|p1|Ogerpon-Cornerstone, F|
|poke|p1|Raging Bolt|
|poke|p1|Landorus-Therian, M|
|poke|p1|Lokix, M|
|poke|p1|Corviknight, F|
|poke|p1|Mimikyu, M|
|poke|p2|Cryogonal|
|poke|p2|Golem, F|
|poke|p2|Regirock|
|poke|p2|Shaymin|
|poke|p2|Ditto|
|poke|p2|Typhlosion, M|
|teampreview
|inactive|Battle timer is ON: inactive players will automatically lose when time's up. (requested by pipsqeak)
|
|t:|1760429731
|teamsize|p1|6
|teamsize|p2|6
|start
|switch|p1a: Landorus|Landorus-Therian, M|100/100
|switch|p2a: Cryogonal|Cryogonal|100/100
|-ability|p1a: Landorus|Intimidate|boost
|-unboost|p2a: Cryogonal|atk|1
|turn|1
|
|t:|1760429736
|switch|p1a: Corviknight|Corviknight, F|100/100
|move|p2a: Cryogonal|Freeze-Dry|p1a: Corviknight
|-damage|p1a: Corviknight|80/100
|
|-heal|p1a: Corviknight|86/100|[from] item: Leftovers
|upkeep
|turn|2
|
|t:|1760429754
|switch|p2a: Typhlosion|Typhlosion, M|100/100
|move|p1a: Corviknight|Body Press|p2a: Typhlosion
|-damage|p2a: Typhlosion|71/100
|
|-heal|p1a: Corviknight|92/100|[from] item: Leftovers
|upkeep
|turn|3
|
|t:|1760429764
|move|p2a: Typhlosion|Flamethrower|p1a: Corviknight
|-supereffective|p1a: Corviknight
|-damage|p1a: Corviknight|24/100
|move|p1a: Corviknight|U-turn|p2a: Typhlosion
|-resisted|p2a: Typhlosion
|-damage|p2a: Typhlosion|61/100
|
|t:|1760429775
|switch|p1a: Ogerpon|Ogerpon-Cornerstone, F|100/100|[from] U-turn
|
|upkeep
|turn|4
|
|t:|1760429782
|move|p2a: Typhlosion|Flamethrower|p1a: Ogerpon
|-damage|p1a: Ogerpon|48/100
|move|p1a: Ogerpon|Ivy Cudgel|p2a: Typhlosion|[anim] Ivy Cudgel Rock
|-supereffective|p2a: Typhlosion
|-damage|p2a: Typhlosion|0 fnt
|faint|p2a: Typhlosion
|
|upkeep
|
|t:|1760429796
|switch|p2a: Regirock|Regirock|100/100
|turn|5
|
|t:|1760429802
|move|p1a: Ogerpon|Horn Leech|p2a: Regirock
|-supereffective|p2a: Regirock
|-damage|p2a: Regirock|53/100
|-heal|p1a: Ogerpon|77/100|[from] drain|[of] p2a: Regirock
|move|p2a: Regirock|Body Press|p1a: Ogerpon
|-supereffective|p1a: Ogerpon
|-damage|p1a: Ogerpon|0 fnt
|faint|p1a: Ogerpon
|
|-heal|p2a: Regirock|59/100|[from] item: Leftovers
|upkeep
|
|t:|1760429812
|switch|p1a: Raging Bolt|Raging Bolt|100/100
|turn|6
|
|t:|1760429822
|switch|p2a: Golem|Golem, F|100/100
|move|p1a: Raging Bolt|Dragon Pulse|p2a: Golem
|-damage|p2a: Golem|37/100
|
|upkeep
|turn|7
|
|t:|1760429827
|move|p2a: Golem|Endure|p2a: Golem
|-singleturn|p2a: Golem|move: Endure
|move|p1a: Raging Bolt|Dragon Pulse|p2a: Golem
|-activate|p2a: Golem|move: Endure
|-damage|p2a: Golem|1/100
|
|upkeep
|turn|8
|-enditem|p2a: Golem|Custap Berry|[eat]
|-activate|p2a: Golem|item: Custap Berry|[consumed]
|
|t:|1760429834
|move|p2a: Golem|Explosion|p1a: Raging Bolt
|-damage|p1a: Raging Bolt|36/100
|faint|p2a: Golem
|move|p1a: Raging Bolt|Dragon Pulse|p2: Golem|[notarget]
|-fail|p1a: Raging Bolt
|
|upkeep
|
|t:|1760429839
|switch|p2a: Ditto|Ditto|100/100
|-transform|p2a: Ditto|p1a: Raging Bolt|[from] ability: Imposter
|turn|9
|
|t:|1760429856
|-end|p1a: Raging Bolt|Protosynthesis|[silent]
|switch|p1a: Mimikyu|Mimikyu, M|100/100
|move|p2a: Ditto|Volt Switch|p1a: Mimikyu
|-activate|p1a: Mimikyu|ability: Disguise
|-damage|p1a: Mimikyu|100/100
|detailschange|p1a: Mimikyu|Mimikyu-Busted, M
|-damage|p1a: Mimikyu|88/100|[from] pokemon: Mimikyu-Busted
|
|t:|1760429865
|-end|p2a: Ditto|Protosynthesis|[silent]
|switch|p2a: Shaymin|Shaymin|100/100|[from] Volt Switch
|
|upkeep
|turn|10
|
|t:|1760429870
|move|p1a: Mimikyu|Swords Dance|p1a: Mimikyu
|-boost|p1a: Mimikyu|atk|2
|move|p2a: Shaymin|Seed Flare|p1a: Mimikyu
|-damage|p1a: Mimikyu|33/100
|
|upkeep
|turn|11
|
|t:|1760429881
|move|p1a: Mimikyu|Play Rough|p2a: Shaymin
|-damage|p2a: Shaymin|19/100
|-damage|p1a: Mimikyu|23/100|[from] item: Life Orb
|move|p2a: Shaymin|Seed Flare|p1a: Mimikyu
|-damage|p1a: Mimikyu|0 fnt
|faint|p1a: Mimikyu
|
|-heal|p2a: Shaymin|25/100|[from] item: Leftovers
|upkeep
|
|t:|1760429889
|switch|p1a: Lokix|Lokix, M|100/100
|turn|12
|
|t:|1760429895
|switch|p2a: Regirock|Regirock|59/100
|move|p1a: Lokix|First Impression|p2a: Regirock
|-damage|p2a: Regirock|30/100
|-damage|p1a: Lokix|91/100|[from] item: Life Orb
|
|-heal|p2a: Regirock|36/100|[from] item: Leftovers
|upkeep
|turn|13
|
|t:|1760429906
|move|p1a: Lokix|Knock Off|p2a: Regirock
|-damage|p2a: Regirock|4/100
|-enditem|p2a: Regirock|Leftovers|[from] move: Knock Off|[of] p1a: Lokix
|-damage|p1a: Lokix|81/100|[from] item: Life Orb
|move|p2a: Regirock|Body Press|p1a: Lokix
|-damage|p1a: Lokix|34/100
|
|upkeep
|turn|14
|
|t:|1760429916
|move|p1a: Lokix|Sucker Punch|p2a: Regirock
|-damage|p2a: Regirock|0 fnt
|faint|p2a: Regirock
|-damage|p1a: Lokix|24/100|[from] item: Life Orb
|
|upkeep
|
|t:|1760429922
|switch|p2a: Ditto|Ditto|100/100
|-transform|p2a: Ditto|p1a: Lokix|[from] ability: Imposter
|turn|15
|
|t:|1760429928
|switch|p1a: Landorus|Landorus-Therian, M|100/100
|-ability|p1a: Landorus|Intimidate|boost
|-unboost|p2a: Ditto|atk|1
|move|p2a: Ditto|U-turn|p1a: Landorus
|-resisted|p1a: Landorus
|-damage|p1a: Landorus|80/100
|-damage|p2a: Ditto|84/100|[from] item: Rocky Helmet|[of] p1a: Landorus
|
|t:|1760429938
|switch|p2a: Cryogonal|Cryogonal|100/100|[from] U-turn
|
|upkeep
|turn|16
|
|t:|1760429944
|switch|p1a: Corviknight|Corviknight, F|24/100
|move|p2a: Cryogonal|Freeze-Dry|p1a: Corviknight
|-damage|p1a: Corviknight|5/100
|
|-heal|p1a: Corviknight|11/100|[from] item: Leftovers
|upkeep
|turn|17
|
|t:|1760429951
|move|p2a: Cryogonal|Freeze-Dry|p1a: Corviknight
|-damage|p1a: Corviknight|0 fnt
|faint|p1a: Corviknight
|
|upkeep
|
|t:|1760429958
|switch|p1a: Lokix|Lokix, M|24/100
|turn|18
|
|t:|1760429964
|move|p1a: Lokix|First Impression|p2a: Cryogonal
|-damage|p2a: Cryogonal|11/100
|-damage|p1a: Lokix|14/100|[from] item: Life Orb
|move|p2a: Cryogonal|Freeze-Dry|p1a: Lokix
|-damage|p1a: Lokix|0 fnt
|faint|p1a: Lokix
|
|upkeep
|
|t:|1760429974
|switch|p1a: Raging Bolt|Raging Bolt|36/100
|turn|19
|
|t:|1760429978
|move|p1a: Raging Bolt|Thunderclap||[still]
|-fail|p1a: Raging Bolt
|move|p2a: Cryogonal|Recover|p2a: Cryogonal
|-heal|p2a: Cryogonal|61/100
|
|upkeep
|turn|20
|
|t:|1760429991
|-terastallize|p1a: Raging Bolt|Electric
|move|p2a: Cryogonal|Freeze-Dry|p1a: Raging Bolt
|-damage|p1a: Raging Bolt|23/100
|move|p1a: Raging Bolt|Thunderbolt|p2a: Cryogonal
|-damage|p2a: Cryogonal|5/100
|-status|p2a: Cryogonal|par
|
|upkeep
|turn|21
|
|t:|1760430000
|move|p1a: Raging Bolt|Volt Switch|p2a: Cryogonal
|-damage|p2a: Cryogonal|0 fnt
|faint|p2a: Cryogonal
|
|t:|1760430002
|-end|p1a: Raging Bolt|Protosynthesis|[silent]
|switch|p1a: Landorus|Landorus-Therian, M|80/100|[from] Volt Switch
|
|upkeep
|
|t:|1760430011
|switch|p2a: Shaymin|Shaymin|25/100
|turn|22
|
|t:|1760430027
|move|p1a: Landorus|U-turn|p2a: Shaymin
|-supereffective|p2a: Shaymin
|-damage|p2a: Shaymin|0 fnt
|faint|p2a: Shaymin
|
|t:|1760430030
|switch|p1a: Raging Bolt|Raging Bolt, tera:Electric|23/100|[from] U-turn
|
|upkeep
|
|t:|1760430032
|switch|p2a: Ditto|Ditto|84/100
|-transform|p2a: Ditto|p1a: Raging Bolt|[from] ability: Imposter
|turn|23
|
|t:|1760430039
|move|p2a: Ditto|Dragon Pulse|p1a: Raging Bolt
|-damage|p1a: Raging Bolt|0 fnt
|faint|p1a: Raging Bolt
|-end|p1a: Raging Bolt|Protosynthesis|[silent]
|
|upkeep
|
|t:|1760430051
|switch|p1a: Landorus|Landorus-Therian, M|80/100
|-ability|p1a: Landorus|Intimidate|boost
|-unboost|p2a: Ditto|atk|1
|turn|24
|
|t:|1760430055
|-terastallize|p2a: Ditto|Water
|move|p1a: Landorus|Earthquake|p2a: Ditto
|-damage|p2a: Ditto|32/100
|move|p2a: Ditto|Dragon Pulse|p1a: Landorus
|-damage|p1a: Landorus|27/100
|
|upkeep
|turn|25
|
|t:|1760430061
|move|p1a: Landorus|Earthquake|p2a: Ditto
|-damage|p2a: Ditto|0 fnt
|faint|p2a: Ditto
|-end|p2a: Ditto|Protosynthesis|[silent]
|
|win|pipsqeak
|raw|pipsqeak's rating: 1138 &rarr; <strong>1159</strong><br />(+21 for winning)
|raw|anko uguisu's rating: 1082 &rarr; <strong>1063</strong><br />(-19 for losing)
|l|☆anko uguisu
|player|p2|
|l|☆pipsqeak
|player|p1|
