|j|☆solascriptura1521
|j|☆RexxRaptorr
|t:|1760435194
|gametype|singles
|player|p1|solascriptura1521|1|1676
|player|p2|RexxRaptorr|hilbert-wonderlauncher|1655
|gen|9
|tier|[Gen 9] OU
|rated|
|rule|HP Percentage Mod: HP is shown in percentages
|rule|Endless Battle Clause: Forcing endless battles is banned
|rule|Species Clause: Limit one of each Pokémon
|rule|OHKO Clause: OHKO moves are banned
|rule|Evasion Items Clause: Evasion items are banned
|rule|Evasion Moves Clause: Evasion moves are banned
|rule|Evasion Abilities Clause: Evasion abilities are banned
|rule|Sleep Moves Clause: Sleep-inducing moves are banned
|clearpoke
|poke|p1|Torkoal, F|
|poke|p1|Walking Wake|
|poke|p1|Raging Bolt|
|poke|p1|Kingambit, F|
|poke|p1|Great Tusk|
|poke|p1|Hatterene, F|
|poke|p2|Dragonite, M|
|poke|p2|Great Tusk|
|poke|p2|Iron Crown|
|poke|p2|Iron Moth|
|poke|p2|Ogerpon, F|
|poke|p2|Primarina, M|
|teampreview
|inactive|Battle timer is ON: inactive players will automatically lose when time's up. (requested by RexxRaptorr)
|
|t:|1760435209
|teamsize|p1|6
|teamsize|p2|6
|start
|switch|p1a: Raging Bolt|Raging Bolt|100/100
|switch|p2a: Iron Crown|Iron Crown|100/100
|turn|1
|
|t:|1760435214
|move|p2a: Iron Crown|Psychic Noise|p1a: Raging Bolt
|-damage|p1a: Raging Bolt|71/100
|-start|p1a: Raging Bolt|move: Heal Block
|move|p1a: Raging Bolt|Thunderbolt|p2a: Iron Crown
|-damage|p2a: Iron Crown|43/100
|
|upkeep
|turn|2
|
|t:|1760435223
|-end|p2a: Iron Crown|Quark Drive|[silent]
|switch|p2a: Great Tusk|Great Tusk|100/100
|move|p1a: Raging Bolt|Thunderclap||[still]
|-fail|p1a: Raging Bolt
|
|-end|p1a: Raging Bolt|move: Heal Block
|upkeep
|turn|3
|
|t:|1760435228
|-end|p1a: Raging Bolt|Protosynthesis|[silent]
|switch|p1a: Hatterene|Hatterene, F|100/100
|move|p2a: Great Tusk|Headlong Rush|p1a: Hatterene
|-damage|p1a: Hatterene|48/100
|-unboost|p2a: Great Tusk|def|1
|-unboost|p2a: Great Tusk|spd|1
|
|-heal|p1a: Hatterene|54/100|[from] item: Leftovers
|upkeep
|turn|4
|
|t:|1760435235
|-end|p2a: Great Tusk|Protosynthesis|[silent]
|switch|p2a: Iron Crown|Iron Crown|43/100
|move|p1a: Hatterene|Draining Kiss|p2a: Iron Crown
|-resisted|p2a: Iron Crown
|-damage|p2a: Iron Crown|32/100
|-heal|p1a: Hatterene|62/100|[from] drain|[of] p2a: Iron Crown
|
|-heal|p1a: Hatterene|68/100|[from] item: Leftovers
|upkeep
|turn|5
|
|t:|1760435245
|switch|p1a: Raging Bolt|Raging Bolt|71/100
|move|p2a: Iron Crown|Volt Switch|p1a: Raging Bolt
|-resisted|p1a: Raging Bolt
|-damage|p1a: Raging Bolt|65/100
|
|t:|1760435247
|-end|p2a: Iron Crown|Quark Drive|[silent]
|switch|p2a: Great Tusk|Great Tusk|100/100|[from] Volt Switch
|
|upkeep
|turn|6
|
|t:|1760435252
|-end|p1a: Raging Bolt|Protosynthesis|[silent]
|switch|p1a: Great Tusk|Great Tusk|100/100
|move|p2a: Great Tusk|Headlong Rush|p1a: Great Tusk
|-damage|p1a: Great Tusk|57/100
|-unboost|p2a: Great Tusk|def|1
|-unboost|p2a: Great Tusk|spd|1
|
|-heal|p1a: Great Tusk|63/100|[from] item: Leftovers
|upkeep
|turn|7
|
|t:|1760435262
|-end|p2a: Great Tusk|Protosynthesis|[silent]
|switch|p2a: Primarina|Primarina, M|100/100
|move|p1a: Great Tusk|Rapid Spin|p2a: Primarina
|-damage|p2a: Primarina|86/100
|-boost|p1a: Great Tusk|spe|1
|
|-heal|p1a: Great Tusk|69/100|[from] item: Leftovers
|-heal|p2a: Primarina|92/100|[from] item: Leftovers
|upkeep
|turn|8
|
|t:|1760435283
|move|p1a: Great Tusk|Headlong Rush|p2a: Primarina
|-damage|p2a: Primarina|39/100
|-unboost|p1a: Great Tusk|def|1
|-unboost|p1a: Great Tusk|spd|1
|move|p2a: Primarina|Calm Mind|p2a: Primarina
|-boost|p2a: Primarina|spa|1
|-boost|p2a: Primarina|spd|1
|
|-heal|p1a: Great Tusk|75/100|[from] item: Leftovers
|-heal|p2a: Primarina|45/100|[from] item: Leftovers
|upkeep
|turn|9
|
|t:|1760435295
|switch|p2a: Dragonite|Dragonite, M|100/100
|move|p1a: Great Tusk|Headlong Rush|p2a: Dragonite
|-immune|p2a: Dragonite
|
|-heal|p1a: Great Tusk|81/100|[from] item: Leftovers
|upkeep
|turn|10
|
|t:|1760435307
|move|p1a: Great Tusk|Close Combat|p2a: Dragonite
|-resisted|p2a: Dragonite
|-damage|p2a: Dragonite|85/100
|-unboost|p1a: Great Tusk|def|1
|-unboost|p1a: Great Tusk|spd|1
|move|p2a: Dragonite|Ice Spinner|p1a: Great Tusk
|-supereffective|p1a: Great Tusk
|-damage|p1a: Great Tusk|0 fnt
|faint|p1a: Great Tusk
|-end|p1a: Great Tusk|Protosynthesis|[silent]
|
|upkeep
|
|t:|1760435311
|switch|p1a: Hatterene|Hatterene, F|68/100
|turn|11
|
|t:|1760435315
|switch|p2a: Iron Crown|Iron Crown|32/100
|move|p1a: Hatterene|Mystical Fire|p2a: Iron Crown
|-supereffective|p2a: Iron Crown
|-damage|p2a: Iron Crown|0 fnt
|faint|p2a: Iron Crown
|-end|p2a: Iron Crown|Quark Drive|[silent]
|
|-heal|p1a: Hatterene|74/100|[from] item: Leftovers
|upkeep
|
|t:|1760435322
|switch|p2a: Primarina|Primarina, M|45/100
|turn|12
|
|t:|1760435326
|move|p2a: Primarina|Calm Mind|p2a: Primarina
|-boost|p2a: Primarina|spa|1
|-boost|p2a: Primarina|spd|1
|move|p1a: Hatterene|Psychic Noise|p2a: Primarina
|-damage|p2a: Primarina|27/100
|-start|p2a: Primarina|move: Heal Block
|
|-heal|p1a: Hatterene|80/100|[from] item: Leftovers
|upkeep
|turn|13
|
|t:|1760435332
|move|p2a: Primarina|Psychic Noise|p1a: Hatterene
|-damage|p1a: Hatterene|29/100
|-start|p1a: Hatterene|move: Heal Block
|move|p1a: Hatterene|Mystical Fire|p2a: Primarina
|-resisted|p2a: Primarina
|-damage|p2a: Primarina|21/100
|-unboost|p2a: Primarina|spa|1
|
|-end|p2a: Primarina|move: Heal Block
|upkeep
|turn|14
|
|t:|1760435341
|switch|p1a: Raging Bolt|Raging Bolt|65/100
|move|p2a: Primarina|Draining Kiss|p1a: Raging Bolt
|-supereffective|p1a: Raging Bolt
|-damage|p1a: Raging Bolt|40/100
|-heal|p2a: Primarina|44/100|[from] drain|[of] p1a: Raging Bolt
|
|-heal|p2a: Primarina|50/100|[from] item: Leftovers
|upkeep
|turn|15
|
|t:|1760435347
|switch|p2a: Great Tusk|Great Tusk|100/100
|move|p1a: Raging Bolt|Thunderbolt|p2a: Great Tusk
|-immune|p2a: Great Tusk
|
|upkeep
|turn|16
|
|t:|1760435353
|-end|p1a: Raging Bolt|Protosynthesis|[silent]
|switch|p1a: Hatterene|Hatterene, F|29/100
|move|p2a: Great Tusk|Stealth Rock|p1a: Hatterene
|move|p1a: Hatterene|Stealth Rock|p2a: Great Tusk|[from] ability: Magic Bounce
|-sidestart|p2: RexxRaptorr|move: Stealth Rock
|
|-heal|p1a: Hatterene|35/100|[from] item: Leftovers
|upkeep
|turn|17
|n|‽solascriptura1521|solascriptura1521
|n|‽solascriptura1521|solascriptura1521
|n|‽solascriptura1521|solascriptura1521
|
|t:|1760435383
|move|p2a: Great Tusk|Headlong Rush|p1a: Hatterene
|-damage|p1a: Hatterene|0 fnt
|-unboost|p2a: Great Tusk|def|1
|-unboost|p2a: Great Tusk|spd|1
|faint|p1a: Hatterene
|
|upkeep
|
|t:|1760435385
|switch|p1a: Walking Wake|Walking Wake|100/100
|turn|18
|
|t:|1760435394
|-end|p2a: Great Tusk|Protosynthesis|[silent]
|switch|p2a: Primarina|Primarina, M|50/100
|-damage|p2a: Primarina|38/100|[from] Stealth Rock
|move|p1a: Walking Wake|Flip Turn|p2a: Primarina
|-resisted|p2a: Primarina
|-damage|p2a: Primarina|31/100
|
|t:|1760435396
|-end|p1a: Walking Wake|Protosynthesis|[silent]
|switch|p1a: Raging Bolt|Raging Bolt|40/100|[from] Flip Turn
|
|-heal|p2a: Primarina|37/100|[from] item: Leftovers
|upkeep
|turn|19
|
|t:|1760435400
|move|p1a: Raging Bolt|Draco Meteor|p2a: Primarina
|-immune|p2a: Primarina
|move|p2a: Primarina|Draining Kiss|p1a: Raging Bolt
|-supereffective|p1a: Raging Bolt
|-damage|p1a: Raging Bolt|15/100
|-heal|p2a: Primarina|61/100|[from] drain|[of] p1a: Raging Bolt
|
|-heal|p2a: Primarina|67/100|[from] item: Leftovers
|upkeep
|turn|20
|
|t:|1760435404
|switch|p2a: Great Tusk|Great Tusk|100/100
|-damage|p2a: Great Tusk|98/100|[from] Stealth Rock
|move|p1a: Raging Bolt|Draco Meteor|p2a: Great Tusk
|-damage|p2a: Great Tusk|0 fnt
|-unboost|p1a: Raging Bolt|spa|2
|faint|p2a: Great Tusk
|-end|p2a: Great Tusk|Protosynthesis|[silent]
|
|upkeep
|
|t:|1760435411
|switch|p2a: Ogerpon|Ogerpon, F|100/100
|turn|21
|
|t:|1760435417
|-end|p1a: Raging Bolt|Protosynthesis|[silent]
|switch|p1a: Torkoal|Torkoal, F|100/100
|-weather|SunnyDay|[from] ability: Drought|[of] p1a: Torkoal
|move|p2a: Ogerpon|U-turn|p1a: Torkoal
|-resisted|p1a: Torkoal
|-damage|p1a: Torkoal|93/100
|
|t:|1760435420
|switch|p2a: Primarina|Primarina, M|67/100|[from] U-turn
|-damage|p2a: Primarina|54/100|[from] Stealth Rock
|
|-weather|SunnyDay|[upkeep]
|-heal|p2a: Primarina|60/100|[from] item: Leftovers
|upkeep
|turn|22
|
|t:|1760435424
|switch|p1a: Raging Bolt|Raging Bolt|15/100
|-activate|p1a: Raging Bolt|ability: Protosynthesis
|-start|p1a: Raging Bolt|protosynthesisspa
|move|p2a: Primarina|Substitute|p2a: Primarina
|-start|p2a: Primarina|Substitute
|-damage|p2a: Primarina|35/100
|
|-weather|SunnyDay|[upkeep]
|-heal|p2a: Primarina|42/100|[from] item: Leftovers
|upkeep
|turn|23
|
|t:|1760435427
|move|p1a: Raging Bolt|Thunderbolt|p2a: Primarina
|-supereffective|p2a: Primarina
|-end|p2a: Primarina|Substitute
|move|p2a: Primarina|Draining Kiss|p1a: Raging Bolt
|-supereffective|p1a: Raging Bolt
|-damage|p1a: Raging Bolt|0 fnt
|-heal|p2a: Primarina|55/100|[from] drain|[of] p1a: Raging Bolt
|faint|p1a: Raging Bolt
|-end|p1a: Raging Bolt|Protosynthesis|[silent]
|
|-weather|SunnyDay|[upkeep]
|-heal|p2a: Primarina|61/100|[from] item: Leftovers
|upkeep
|
|t:|1760435429
|switch|p1a: Kingambit|Kingambit, F|100/100
|-activate|p1a: Kingambit|ability: Supreme Overlord
|-start|p1a: Kingambit|fallen3|[silent]
|turn|24
|
|t:|1760435433
|switch|p2a: Ogerpon|Ogerpon, F|100/100
|move|p1a: Kingambit|Iron Head|p2a: Ogerpon
|-damage|p2a: Ogerpon|14/100
|
|-weather|SunnyDay|[upkeep]
|upkeep
|turn|25
|
|t:|1760435438
|move|p1a: Kingambit|Sucker Punch|p2a: Ogerpon
|-damage|p2a: Ogerpon|0 fnt
|faint|p2a: Ogerpon
|
|-weather|SunnyDay|[upkeep]
|upkeep
|
|t:|1760435441
|switch|p2a: Iron Moth|Iron Moth|100/100
|-damage|p2a: Iron Moth|76/100|[from] Stealth Rock
|-enditem|p2a: Iron Moth|Booster Energy
|-activate|p2a: Iron Moth|ability: Quark Drive|[fromitem]
|-start|p2a: Iron Moth|quarkdrivespe
|turn|26
|
|t:|1760435444
|move|p2a: Iron Moth|Substitute|p2a: Iron Moth
|-start|p2a: Iron Moth|Substitute
|-damage|p2a: Iron Moth|51/100
|move|p1a: Kingambit|Kowtow Cleave|p2a: Iron Moth
|-end|p2a: Iron Moth|Substitute
|
|-weather|SunnyDay|[upkeep]
|upkeep
|turn|27
|
|t:|1760435449
|move|p1a: Kingambit|Sucker Punch|p2a: Iron Moth
|-damage|p2a: Iron Moth|0 fnt
|faint|p2a: Iron Moth
|-end|p2a: Iron Moth|Quark Drive|[silent]
|
|-weather|SunnyDay|[upkeep]
|upkeep
|
|t:|1760435454
|switch|p2a: Dragonite|Dragonite, M|85/100
|-damage|p2a: Dragonite|60/100|[from] Stealth Rock
|turn|28
|
|t:|1760435458
|-end|p1a: Kingambit|fallen3|[silent]
|switch|p1a: Walking Wake|Walking Wake|100/100
|-activate|p1a: Walking Wake|ability: Protosynthesis
|-start|p1a: Walking Wake|protosynthesisspa
|move|p2a: Dragonite|Earthquake|p1a: Walking Wake
|-damage|p1a: Walking Wake|36/100
|
|-weather|none
|-end|p1a: Walking Wake|Protosynthesis
|upkeep
|turn|29
|
|t:|1760435463
|move|p1a: Walking Wake|Flip Turn|p2a: Dragonite
|-resisted|p2a: Dragonite
|-damage|p2a: Dragonite|51/100
|
|t:|1760435465
|-end|p1a: Walking Wake|Protosynthesis|[silent]
|switch|p1a: Torkoal|Torkoal, F|93/100|[from] Flip Turn
|-weather|SunnyDay|[from] ability: Drought|[of] p1a: Torkoal
|move|p2a: Dragonite|Earthquake|p1a: Torkoal
|-supereffective|p1a: Torkoal
|-damage|p1a: Torkoal|7/100
|
|-weather|SunnyDay|[upkeep]
|upkeep
|turn|30
|
|t:|1760435468
|move|p2a: Dragonite|Earthquake|p1a: Torkoal
|-supereffective|p1a: Torkoal
|-damage|p1a: Torkoal|0 fnt
|faint|p1a: Torkoal
|
|-weather|SunnyDay|[upkeep]
|upkeep
|
|t:|1760435470
|switch|p1a: Kingambit|Kingambit, F|100/100
|-activate|p1a: Kingambit|ability: Supreme Overlord
|-start|p1a: Kingambit|fallen4|[silent]
|turn|31
|
|t:|1760435475
|switch|p2a: Primarina|Primarina, M|61/100
|-damage|p2a: Primarina|49/100|[from] Stealth Rock
|-terastallize|p1a: Kingambit|Fairy
|move|p1a: Kingambit|Iron Head|p2a: Primarina
|-damage|p2a: Primarina|0 fnt
|faint|p2a: Primarina
|
|-weather|SunnyDay|[upkeep]
|upkeep
|
|t:|1760435482
|switch|p2a: Dragonite|Dragonite, M|51/100
|-damage|p2a: Dragonite|27/100|[from] Stealth Rock
|turn|32
|
|t:|1760435484
|-terastallize|p2a: Dragonite|Normal
|move|p2a: Dragonite|Extreme Speed|p1a: Kingambit
|-damage|p1a: Kingambit|50/100
|move|p1a: Kingambit|Iron Head|p2a: Dragonite
|-damage|p2a: Dragonite|0 fnt
|faint|p2a: Dragonite
|
|win|solascriptura1521
|raw|solascriptura1521's rating: 1676 &rarr; <strong>1695</strong><br />(+19 for winning)
|raw|RexxRaptorr's rating: 1655 &rarr; <strong>1636</strong><br />(-19 for losing)
|l|‽solascriptura1521
|player|p1|
|l|☆RexxRaptorr
|player|p2|
