|j|☆Mreda
|j|☆vforvienetta
|t:|1760449823
|gametype|singles
|player|p1|Mreda|102|1391
|player|p2|vforvienetta|gambler|1386
|gen|9
|tier|[Gen 9] OU
|rated|
|rule|HP Percentage Mod: HP is shown in percentages
|rule|Endless Battle Clause: Forcing endless battles is banned
|rule|Species Clause: Limit one of each Pokémon
|rule|OHKO Clause: OHKO moves are banned
|rule|Evasion Items Clause: Evasion items are banned
|rule|Evasion Moves Clause: Evasion moves are banned
|rule|Evasion Abilities Clause: Evasion abilities are banned
|rule|Sleep Moves Clause: Sleep-inducing moves are banned
|clearpoke
|poke|p1|Kommo-o, M|
|poke|p1|Zapdos|
|poke|p1|Slowking-Galar, M|
|poke|p1|Gholdengo|
|poke|p1|Great Tusk|
|poke|p1|Meowscarada, M|
|poke|p2|Tyranitar, F|
|poke|p2|Moltres|
|poke|p2|Primarina, M|
|poke|p2|Rillaboom, M|
|poke|p2|Garchomp, M|
|poke|p2|Zapdos|
|teampreview
|
|t:|1760449845
|teamsize|p1|6
|teamsize|p2|6
|start
|switch|p1a: Destroyer|Great Tusk|100/100
|switch|p2a: Moltres|Moltres|100/100
|turn|1
|
|t:|1760449854
|-end|p1a: Destroyer|Protosynthesis|[silent]
|switch|p1a: Thor|Zapdos|100/100
|move|p2a: Moltres|Will-O-Wisp|p1a: Thor
|-status|p1a: Thor|brn
|
|-damage|p1a: Thor|94/100 brn|[from] brn
|upkeep
|turn|2
|
|t:|1760449865
|switch|p2a: Garchomp|Garchomp, M|100/100
|move|p1a: Thor|Volt Switch|p2a: Garchomp
|-immune|p2a: Garchomp
|
|-damage|p1a: Thor|88/100 brn|[from] brn
|upkeep
|turn|3
|
|t:|1760449875
|switch|p1a: Destroyer|Great Tusk|100/100
|move|p2a: Garchomp|Spikes|p1a: Destroyer
|-sidestart|p1: Mreda|Spikes
|
|upkeep
|turn|4
|
|t:|1760449881
|switch|p2a: Moltres|Moltres|100/100
|move|p1a: Destroyer|Ice Spinner|p2a: Moltres
|-damage|p2a: Moltres|81/100
|
|upkeep
|turn|5
|
|t:|1760449888
|-end|p1a: Destroyer|Protosynthesis|[silent]
|switch|p1a: Thor|Zapdos|88/100 brn
|move|p2a: Moltres|Flamethrower|p1a: Thor
|-damage|p1a: Thor|50/100 brn
|
|-damage|p1a: Thor|44/100 brn|[from] brn
|upkeep
|turn|6
|
|t:|1760449903
|switch|p2a: Primarina|Primarina, M|100/100
|move|p1a: Thor|Roost|p1a: Thor
|-heal|p1a: Thor|94/100 brn
|-singleturn|p1a: Thor|move: Roost
|
|-damage|p1a: Thor|88/100 brn|[from] brn
|upkeep
|turn|7
|
|t:|1760449912
|switch|p2a: Garchomp|Garchomp, M|100/100
|move|p1a: Thor|Volt Switch|p2a: Garchomp
|-immune|p2a: Garchomp
|
|-damage|p1a: Thor|82/100 brn|[from] brn
|upkeep
|turn|8
|
|t:|1760449921
|move|p1a: Thor|Hurricane|p2a: Garchomp
|-damage|p2a: Garchomp|60/100
|move|p2a: Garchomp|Spikes|p1a: Thor
|-sidestart|p1: Mreda|Spikes
|
|-damage|p1a: Thor|76/100 brn|[from] brn
|upkeep
|turn|9
|
|t:|1760449930
|move|p1a: Thor|Hurricane|p2a: Garchomp
|-crit|p2a: Garchomp
|-damage|p2a: Garchomp|0 fnt
|faint|p2a: Garchomp
|
|-damage|p1a: Thor|70/100 brn|[from] brn
|upkeep
|
|t:|1760449933
|switch|p2a: Tyranitar|Tyranitar, F|100/100
|-weather|Sandstorm|[from] ability: Sand Stream|[of] p2a: Tyranitar
|turn|10
|
|t:|1760449941
|move|p1a: Thor|Volt Switch|p2a: Tyranitar
|-damage|p2a: Tyranitar|81/100
|
|t:|1760449944
|switch|p1a: Destroyer|Great Tusk|100/100|[from] Volt Switch
|move|p2a: Tyranitar|Ice Punch|p1a: Destroyer
|-supereffective|p1a: Destroyer
|-damage|p1a: Destroyer|44/100
|
|-weather|Sandstorm|[upkeep]
|upkeep
|turn|11
|
|t:|1760449959
|switch|p2a: Moltres|Moltres|81/100
|move|p1a: Destroyer|Headlong Rush|p2a: Moltres
|-immune|p2a: Moltres
|
|-weather|Sandstorm|[upkeep]
|-damage|p2a: Moltres|75/100|[from] Sandstorm
|upkeep
|turn|12
|
|t:|1760449968
|-end|p1a: Destroyer|Protosynthesis|[silent]
|switch|p1a: Thor|Zapdos|70/100 brn
|move|p2a: Moltres|Flamethrower|p1a: Thor
|-damage|p1a: Thor|31/100 brn
|
|-weather|Sandstorm|[upkeep]
|-damage|p1a: Thor|25/100 brn|[from] Sandstorm
|-damage|p2a: Moltres|69/100|[from] Sandstorm
|-damage|p1a: Thor|19/100 brn|[from] brn
|upkeep
|turn|13
|
|t:|1760449979
|switch|p2a: Tyranitar|Tyranitar, F|81/100
|move|p1a: Thor|Volt Switch|p2a: Tyranitar
|-damage|p2a: Tyranitar|62/100
|
|t:|1760449984
|switch|p1a: Destroyer|Great Tusk|44/100|[from] Volt Switch
|
|-weather|Sandstorm|[upkeep]
|upkeep
|turn|14
|
|t:|1760449991
|switch|p2a: Moltres|Moltres|69/100
|move|p1a: Destroyer|Headlong Rush|p2a: Moltres
|-immune|p2a: Moltres
|
|-weather|none
|upkeep
|turn|15
|
|t:|1760450000
|-end|p1a: Destroyer|Protosynthesis|[silent]
|switch|p1a: Donald T.|Slowking-Galar, M|100/100
|-damage|p1a: Donald T.|84/100|[from] Spikes
|move|p2a: Moltres|Roost|p2a: Moltres
|-heal|p2a: Moltres|100/100
|-singleturn|p2a: Moltres|move: Roost
|
|upkeep
|turn|16
|
|t:|1760450009
|switch|p2a: Tyranitar|Tyranitar, F|62/100
|-weather|Sandstorm|[from] ability: Sand Stream|[of] p2a: Tyranitar
|move|p1a: Donald T.|Sludge Bomb|p2a: Tyranitar
|-resisted|p2a: Tyranitar
|-damage|p2a: Tyranitar|47/100
|
|-weather|Sandstorm|[upkeep]
|-damage|p1a: Donald T.|78/100|[from] Sandstorm
|upkeep
|turn|17
|
|t:|1760450020
|switch|p1a: Thor|Zapdos|19/100 brn
|move|p2a: Tyranitar|Knock Off|p1a: Thor
|-damage|p1a: Thor|0 fnt
|-enditem|p1a: Thor|Heavy-Duty Boots|[from] move: Knock Off|[of] p2a: Tyranitar
|faint|p1a: Thor
|
|-weather|Sandstorm|[upkeep]
|upkeep
|
|t:|1760450038
|switch|p1a: Destroyer|Great Tusk|44/100
|turn|18
|
|t:|1760450041
|switch|p2a: Moltres|Moltres|100/100
|move|p1a: Destroyer|Stealth Rock|p2a: Moltres
|-sidestart|p2: vforvienetta|move: Stealth Rock
|
|-weather|Sandstorm|[upkeep]
|-damage|p2a: Moltres|94/100|[from] Sandstorm
|upkeep
|turn|19
|
|t:|1760450051
|move|p1a: Destroyer|Rapid Spin|p2a: Moltres
|-damage|p2a: Moltres|81/100
|-boost|p1a: Destroyer|spe|1
|-sideend|p1: Mreda|Spikes|[from] move: Rapid Spin|[of] p1a: Destroyer
|move|p2a: Moltres|Will-O-Wisp|p1a: Destroyer
|-status|p1a: Destroyer|brn
|
|-weather|Sandstorm|[upkeep]
|-damage|p2a: Moltres|75/100|[from] Sandstorm
|-damage|p1a: Destroyer|37/100 brn|[from] brn
|upkeep
|turn|20
|
|t:|1760450064
|-end|p1a: Destroyer|Protosynthesis|[silent]
|switch|p1a: Donald T.|Slowking-Galar, M|100/100
|move|p2a: Moltres|Roost|p2a: Moltres
|-heal|p2a: Moltres|100/100
|-singleturn|p2a: Moltres|move: Roost
|
|-weather|none
|upkeep
|turn|21
|
|t:|1760450083
|switch|p2a: Tyranitar|Tyranitar, F|47/100
|-damage|p2a: Tyranitar|34/100|[from] Stealth Rock
|-weather|Sandstorm|[from] ability: Sand Stream|[of] p2a: Tyranitar
|move|p1a: Donald T.|Ice Beam|p2a: Tyranitar
|-damage|p2a: Tyranitar|16/100
|
|-weather|Sandstorm|[upkeep]
|-damage|p1a: Donald T.|94/100|[from] Sandstorm
|upkeep
|turn|22
|
|t:|1760450094
|switch|p1a: Destroyer|Great Tusk|37/100 brn
|move|p2a: Tyranitar|Ice Punch|p1a: Destroyer
|-supereffective|p1a: Destroyer
|-damage|p1a: Destroyer|0 fnt
|faint|p1a: Destroyer
|-end|p1a: Destroyer|Protosynthesis|[silent]
|
|-weather|Sandstorm|[upkeep]
|upkeep
|
|t:|1760450110
|switch|p1a: Gold|Gholdengo|100/100
|turn|23
|
|t:|1760450122
|switch|p2a: Moltres|Moltres|100/100
|move|p1a: Gold|Shadow Ball|p2a: Moltres
|-damage|p2a: Moltres|49/100
|
|-weather|Sandstorm|[upkeep]
|-damage|p2a: Moltres|43/100|[from] Sandstorm
|upkeep
|turn|24
|
|t:|1760450146
|move|p1a: Gold|Shadow Ball|p2a: Moltres
|-damage|p2a: Moltres|0 fnt
|faint|p2a: Moltres
|
|-weather|Sandstorm|[upkeep]
|upkeep
|
|t:|1760450148
|switch|p2a: Primarina|Primarina, M|100/100
|-damage|p2a: Primarina|88/100|[from] Stealth Rock
|turn|25
|
|t:|1760450155
|switch|p1a: Donald T.|Slowking-Galar, M|100/100
|move|p2a: Primarina|Whirlpool|p1a: Donald T.
|-damage|p1a: Donald T.|90/100
|-activate|p1a: Donald T.|move: Whirlpool|[of] p2a: Primarina
|
|-weather|none
|-damage|p1a: Donald T.|78/100|[from] move: Whirlpool|[partiallytrapped]
|upkeep
|turn|26
|
|t:|1760450166
|-terastallize|p2a: Primarina|Poison
|move|p2a: Primarina|Psychic Noise|p1a: Donald T.
|-damage|p1a: Donald T.|58/100
|-start|p1a: Donald T.|move: Heal Block
|move|p1a: Donald T.|Sludge Bomb|p2a: Primarina
|-resisted|p2a: Primarina
|-damage|p2a: Primarina|75/100
|
|-damage|p1a: Donald T.|46/100|[from] move: Whirlpool|[partiallytrapped]
|upkeep
|turn|27
|
|t:|1760450178
|move|p2a: Primarina|Psychic Noise|p1a: Donald T.
|-damage|p1a: Donald T.|26/100
|move|p1a: Donald T.|Psyshock|p2a: Primarina
|-supereffective|p2a: Primarina
|-damage|p2a: Primarina|0 fnt
|faint|p2a: Primarina
|
|-end|p1a: Donald T.|Whirlpool|[partiallytrapped]|[silent]
|-end|p1a: Donald T.|move: Heal Block
|upkeep
|
|t:|1760450195
|switch|p2a: Tyranitar|Tyranitar, F|16/100
|-damage|p2a: Tyranitar|3/100|[from] Stealth Rock
|-weather|Sandstorm|[from] ability: Sand Stream|[of] p2a: Tyranitar
|turn|28
|
|t:|1760450204
|move|p2a: Tyranitar|Knock Off|p1a: Donald T.
|-supereffective|p1a: Donald T.
|-damage|p1a: Donald T.|0 fnt
|-enditem|p1a: Donald T.|Assault Vest|[from] move: Knock Off|[of] p2a: Tyranitar
|faint|p1a: Donald T.
|
|-weather|Sandstorm|[upkeep]
|upkeep
|
|t:|1760450232
|switch|p1a: Kaisar|Kommo-o, M|100/100
|turn|29
|
|t:|1760450245
|switch|p2a: Zapdos|Zapdos|100/100
|move|p1a: Kaisar|Boomburst|p2a: Zapdos
|-damage|p2a: Zapdos|54/100
|-enditem|p1a: Kaisar|Throat Spray
|-boost|p1a: Kaisar|spa|1|[from] item: Throat Spray
|
|-weather|Sandstorm|[upkeep]
|-damage|p2a: Zapdos|48/100|[from] Sandstorm
|-damage|p1a: Kaisar|94/100|[from] Sandstorm
|upkeep
|turn|30
|
|t:|1760450262
|-terastallize|p1a: Kaisar|Normal
|move|p2a: Zapdos|Hurricane|p1a: Kaisar|[miss]
|-miss|p2a: Zapdos|p1a: Kaisar
|move|p1a: Kaisar|Clangorous Soul|p1a: Kaisar
|-boost|p1a: Kaisar|atk|1
|-boost|p1a: Kaisar|def|1
|-boost|p1a: Kaisar|spa|1
|-boost|p1a: Kaisar|spd|1
|-boost|p1a: Kaisar|spe|1
|-damage|p1a: Kaisar|61/100
|
|-weather|Sandstorm|[upkeep]
|-damage|p1a: Kaisar|55/100|[from] Sandstorm
|-damage|p2a: Zapdos|42/100|[from] Sandstorm
|upkeep
|turn|31
|c|☆Mreda|Gg
|
|t:|1760450278
|move|p1a: Kaisar|Boomburst|p2a: Zapdos
|-damage|p2a: Zapdos|0 fnt
|faint|p2a: Zapdos
|
|-weather|Sandstorm|[upkeep]
|-damage|p1a: Kaisar|49/100|[from] Sandstorm
|upkeep
|c|☆vforvienetta|After haxing tho
|
|t:|1760450298
|switch|p2a: Tyranitar|Tyranitar, F|3/100
|-damage|p2a: Tyranitar|0 fnt|[from] Stealth Rock
|faint|p2a: Tyranitar
|
|t:|1760450301
|switch|p2a: Rillaboom|Rillaboom, M|100/100
|-fieldstart|move: Grassy Terrain|[from] ability: Grassy Surge|[of] p2a: Rillaboom
|turn|32
|c|☆Mreda|Dosetn matter
|c|☆Mreda|woudnt make difference
|c|☆Mreda|hurricain wont do much
|c|☆Mreda|U played well though
|
|t:|1760450337
|move|p2a: Rillaboom|Grassy Glide|p1a: Kaisar
|-damage|p1a: Kaisar|22/100
|move|p1a: Kaisar|Flamethrower|p2a: Rillaboom
|-supereffective|p2a: Rillaboom
|-damage|p2a: Rillaboom|0 fnt
|faint|p2a: Rillaboom
|
|win|Mreda
|raw|Mreda's rating: 1391 &rarr; <strong>1411</strong><br />(+20 for winning)
|raw|vforvienetta's rating: 1386 &rarr; <strong>1366</strong><br />(-20 for losing)
|c|☆vforvienetta|Max spatt hurricane wouldnt do much?
|c|☆Mreda|Modest?
|c|☆Mreda|Not defencsif set?
|c|☆vforvienetta|57% min
|c|☆Mreda|U will lose it afterwards no?
|c|☆Mreda|Then u kill me with relabom
|c|☆Mreda|then i have stab uturn
|c|☆vforvienetta|If I roll higher you dont get to clang
|c|☆Mreda|Ahh
|c|☆Mreda|yea that case is true
|c|☆vforvienetta|57% MIN not MAX
|c|☆Mreda|u might have a chance
|c|☆vforvienetta|W/E GG
|l|☆vforvienetta
|player|p2|
|c|☆Mreda|u too
