|j|☆Dablord412
|j|☆YJIOG
|t:|1760408289
|gametype|singles
|player|p1|Dablord412|blaine|1205
|player|p2|YJIOG|scientist-gen4dp|1151
|gen|9
|tier|[Gen 9] OU
|rated|
|rule|HP Percentage Mod: HP is shown in percentages
|rule|Endless Battle Clause: Forcing endless battles is banned
|rule|Species Clause: Limit one of each Pokémon
|rule|OHKO Clause: OHKO moves are banned
|rule|Evasion Items Clause: Evasion items are banned
|rule|Evasion Moves Clause: Evasion moves are banned
|rule|Evasion Abilities Clause: Evasion abilities are banned
|rule|Sleep Moves Clause: Sleep-inducing moves are banned
|clearpoke
|poke|p1|Walking Wake|
|poke|p1|Ogerpon-Cornerstone, F|
|poke|p1|Landorus-Therian, M|
|poke|p1|Iron Hands|
|poke|p1|Enamorus, F|
|poke|p1|Garganacl, M|
|poke|p2|Electivire, M|
|poke|p2|Alomomola, M|
|poke|p2|Dragapult, F|
|poke|p2|Hydrapple, F|
|poke|p2|Great Tusk|
|poke|p2|Goodra-Hisui, F|
|teampreview
|inactive|Battle timer is ON: inactive players will automatically lose when time's up. (requested by Dablord412)
|
|t:|1760408316
|teamsize|p1|6
|teamsize|p2|6
|start
|switch|p1a: Enamorus|Enamorus, F|100/100
|switch|p2a: Alomomola|Alomomola, M|100/100
|turn|1
|
|t:|1760408324
|move|p1a: Enamorus|Moonblast|p2a: Alomomola
|-damage|p2a: Alomomola|30/100
|move|p2a: Alomomola|Flip Turn|p1a: Enamorus
|-damage|p1a: Enamorus|76/100
|
|t:|1760408329
|switch|p2a: Goodra|Goodra-Hisui, F|100/100|[from] Flip Turn
|
|upkeep
|turn|2
|
|t:|1760408335
|switch|p1a: Landorus|Landorus-Therian, M, shiny|100/100
|-ability|p1a: Landorus|Intimidate|boost
|-unboost|p2a: Goodra|atk|1
|move|p2a: Goodra|Knock Off|p1a: Landorus
|-crit|p1a: Landorus
|-damage|p1a: Landorus|61/100
|-enditem|p1a: Landorus|Assault Vest|[from] move: Knock Off|[of] p2a: Goodra
|
|upkeep
|turn|3
|
|t:|1760408345
|switch|p2a: Hydrapple|Hydrapple, F|100/100
|move|p1a: Landorus|Earthquake|p2a: Hydrapple
|-resisted|p2a: Hydrapple
|-damage|p2a: Hydrapple|85/100
|
|upkeep
|turn|4
|
|t:|1760408360
|switch|p2a: Alomomola|Alomomola, M|63/100
|move|p1a: Landorus|Rock Tomb|p2a: Alomomola
|-crit|p2a: Alomomola
|-damage|p2a: Alomomola|48/100
|-unboost|p2a: Alomomola|spe|1
|
|upkeep
|turn|5
|
|t:|1760408372
|switch|p2a: Hydrapple|Hydrapple, F|100/100
|move|p1a: Landorus|U-turn|p2a: Hydrapple
|-supereffective|p2a: Hydrapple
|-damage|p2a: Hydrapple|76/100
|
|t:|1760408384
|switch|p1a: Walking Wake|Walking Wake|100/100|[from] U-turn
|
|upkeep
|turn|6
|
|t:|1760408390
|switch|p2a: Goodra|Goodra-Hisui, F|100/100
|move|p1a: Walking Wake|Flamethrower|p2a: Goodra
|-damage|p2a: Goodra|84/100
|
|upkeep
|turn|7
|
|t:|1760408400
|-end|p1a: Walking Wake|Protosynthesis|[silent]
|switch|p1a: Landorus|Landorus-Therian, M, shiny|61/100
|-ability|p1a: Landorus|Intimidate|boost
|-unboost|p2a: Goodra|atk|1
|move|p2a: Goodra|Flash Cannon|p1a: Landorus
|-damage|p1a: Landorus|36/100
|-unboost|p1a: Landorus|spd|1
|
|upkeep
|turn|8
|
|t:|1760408408
|switch|p2a: Alomomola|Alomomola, M|81/100
|move|p1a: Landorus|U-turn|p2a: Alomomola
|-damage|p2a: Alomomola|69/100
|
|t:|1760408414
|switch|p1a: Ogerpon|Ogerpon-Cornerstone, F|100/100|[from] U-turn
|
|upkeep
|turn|9
|
|t:|1760408433
|switch|p2a: Hydrapple|Hydrapple, F|100/100
|move|p1a: Ogerpon|Knock Off|p2a: Hydrapple
|-damage|p2a: Hydrapple|79/100
|-enditem|p2a: Hydrapple|Heavy-Duty Boots|[from] move: Knock Off|[of] p1a: Ogerpon
|
|upkeep
|turn|10
|
|t:|1760408444
|move|p1a: Ogerpon|Sunny Day|p1a: Ogerpon
|-weather|SunnyDay
|move|p2a: Hydrapple|Giga Drain|p1a: Ogerpon
|-damage|p1a: Ogerpon|67/100
|-heal|p2a: Hydrapple|91/100|[from] drain|[of] p1a: Ogerpon
|
|-weather|SunnyDay|[upkeep]
|upkeep
|turn|11
|
|t:|1760408451
|move|p1a: Ogerpon|U-turn|p2a: Hydrapple
|-supereffective|p2a: Hydrapple
|-damage|p2a: Hydrapple|58/100
|
|t:|1760408461
|switch|p1a: Walking Wake|Walking Wake|100/100|[from] U-turn
|-activate|p1a: Walking Wake|ability: Protosynthesis
|-start|p1a: Walking Wake|protosynthesisspe
|move|p2a: Hydrapple|Fickle Beam|p1a: Walking Wake
|-supereffective|p1a: Walking Wake
|-damage|p1a: Walking Wake|30/100
|
|-weather|SunnyDay|[upkeep]
|upkeep
|turn|12
|
|t:|1760408472
|switch|p2a: Goodra|Goodra-Hisui, F|84/100
|move|p1a: Walking Wake|Flamethrower|p2a: Goodra
|-damage|p2a: Goodra|58/100
|
|-weather|SunnyDay|[upkeep]
|upkeep
|turn|13
|
|t:|1760408490
|-end|p1a: Walking Wake|Protosynthesis|[silent]
|switch|p1a: Landorus|Landorus-Therian, M, shiny|36/100
|-ability|p1a: Landorus|Intimidate|boost
|-unboost|p2a: Goodra|atk|1
|move|p2a: Goodra|Draco Meteor|p1a: Landorus
|-damage|p1a: Landorus|0 fnt
|-unboost|p2a: Goodra|spa|2
|faint|p1a: Landorus
|
|-weather|SunnyDay|[upkeep]
|upkeep
|inactive|Dablord412 has 120 seconds left.
|
|t:|1760408524
|switch|p1a: Garganacl|Garganacl, M, shiny|100/100
|turn|14
|
|t:|1760408531
|switch|p2a: Hydrapple|Hydrapple, F|92/100
|move|p1a: Garganacl|Salt Cure|p2a: Hydrapple
|-damage|p2a: Hydrapple|83/100
|-start|p2a: Hydrapple|Salt Cure
|
|-weather|none
|-damage|p2a: Hydrapple|71/100|[from] Salt Cure
|upkeep
|turn|15
|inactive|Dablord412 has 120 seconds left.
|
|t:|1760408542
|switch|p2a: Great Tusk|Great Tusk|100/100
|move|p1a: Garganacl|Protect||[still]
|-fail|p1a: Garganacl
|
|upkeep
|turn|16
|
|t:|1760408548
|move|p2a: Great Tusk|Stealth Rock|p1a: Garganacl
|-sidestart|p1: Dablord412|move: Stealth Rock
|move|p1a: Garganacl|Salt Cure|p2a: Great Tusk
|-resisted|p2a: Great Tusk
|-damage|p2a: Great Tusk|98/100
|-start|p2a: Great Tusk|Salt Cure
|
|-damage|p2a: Great Tusk|85/100|[from] Salt Cure
|upkeep
|turn|17
|
|t:|1760408557
|-end|p2a: Great Tusk|Protosynthesis|[silent]
|switch|p2a: Alomomola|Alomomola, M|100/100
|move|p1a: Garganacl|Substitute|p1a: Garganacl
|-start|p1a: Garganacl|Substitute
|-damage|p1a: Garganacl|75/100
|
|-heal|p1a: Garganacl|82/100|[from] item: Leftovers
|upkeep
|turn|18
|
|t:|1760408568
|move|p2a: Alomomola|Wish|p2a: Alomomola
|move|p1a: Garganacl|Salt Cure|p2a: Alomomola
|-damage|p2a: Alomomola|93/100
|-start|p2a: Alomomola|Salt Cure
|
|-heal|p1a: Garganacl|88/100|[from] item: Leftovers
|-damage|p2a: Alomomola|68/100|[from] Salt Cure
|upkeep
|turn|19
|c|☆YJIOG|Lol what is this garbage
|inactive|Dablord412 has 120 seconds left.
|
|t:|1760408603
|switch|p2a: Goodra|Goodra-Hisui, F|58/100
|move|p1a: Garganacl|Protect||[still]
|-fail|p1a: Garganacl
|
|-heal|p2a: Goodra|100/100|[from] move: Wish|[wisher] Alomomola
|-heal|p1a: Garganacl|94/100|[from] item: Leftovers
|upkeep
|turn|20
|
|t:|1760408613
|switch|p2a: Alomomola|Alomomola, M|100/100
|move|p1a: Garganacl|Salt Cure|p2a: Alomomola
|-damage|p2a: Alomomola|93/100
|-start|p2a: Alomomola|Salt Cure
|
|-heal|p1a: Garganacl|99/100|[from] item: Leftovers
|-damage|p2a: Alomomola|68/100|[from] Salt Cure
|upkeep
|turn|21
|inactive|Dablord412 has 120 seconds left.
|c|☆Dablord412|Same as your stall
|
|t:|1760408637
|switch|p2a: Hydrapple|Hydrapple, F|100/100
|move|p1a: Garganacl|Salt Cure|p2a: Hydrapple
|-damage|p2a: Hydrapple|93/100
|-start|p2a: Hydrapple|Salt Cure
|
|-heal|p1a: Garganacl|100/100|[from] item: Leftovers
|-damage|p2a: Hydrapple|81/100|[from] Salt Cure
|upkeep
|turn|22
|c|☆YJIOG|This isnt stall
|inactive|Dablord412 has 120 seconds left.
|c|☆YJIOG|Youre just dumb clearly
|c|☆Dablord412|So better
|
|t:|1760408658
|switch|p2a: Alomomola|Alomomola, M|100/100
|move|p1a: Garganacl|Salt Cure|p2a: Alomomola
|-damage|p2a: Alomomola|92/100
|-start|p2a: Alomomola|Salt Cure
|
|-damage|p2a: Alomomola|68/100|[from] Salt Cure
|upkeep
|turn|23
|c|☆YJIOG|Do you read what you say before you say it?
|
|t:|1760408675
|switch|p2a: Hydrapple|Hydrapple, F|100/100
|move|p1a: Garganacl|Protect||[still]
|-fail|p1a: Garganacl
|
|upkeep
|turn|24
|c|☆Dablord412|No
|c|☆YJIOG|Because you really should
|c|☆YJIOG|You look dumb af
|c|☆Dablord412|Ok
|inactive|YJIOG has 120 seconds left.
|
|t:|1760408706
|switch|p2a: Alomomola|Alomomola, M|100/100
|move|p1a: Garganacl|Salt Cure|p2a: Alomomola
|-damage|p2a: Alomomola|92/100
|-start|p2a: Alomomola|Salt Cure
|
|-damage|p2a: Alomomola|68/100|[from] Salt Cure
|upkeep
|turn|25
|c|☆Dablord412|you’re fun
|c|☆YJIOG|This coming from the guy running sub garg
|inactive|Dablord412 has 90 seconds left.
|
|t:|1760408751
|switch|p2a: Hydrapple|Hydrapple, F|100/100
|move|p1a: Garganacl|Salt Cure|p2a: Hydrapple
|-damage|p2a: Hydrapple|92/100
|-start|p2a: Hydrapple|Salt Cure
|
|-damage|p2a: Hydrapple|79/100|[from] Salt Cure
|upkeep
|turn|26
|c|☆Dablord412|And
|
|t:|1760408770
|switch|p2a: Alomomola|Alomomola, M|100/100
|switch|p1a: Enamorus|Enamorus, F|76/100
|-damage|p1a: Enamorus|51/100|[from] Stealth Rock
|
|upkeep
|turn|27
|c|☆YJIOG|Youre an idiot my guy
|
|t:|1760408785
|switch|p2a: Goodra|Goodra-Hisui, F|100/100
|-terastallize|p1a: Enamorus|Stellar
|move|p1a: Enamorus|Earth Power|p2a: Goodra
|-supereffective|p2a: Goodra
|-damage|p2a: Goodra|68/100
|
|upkeep
|turn|28
|
|t:|1760408793
|move|p1a: Enamorus|Earth Power|p2a: Goodra
|-supereffective|p2a: Goodra
|-damage|p2a: Goodra|43/100
|move|p2a: Goodra|Flash Cannon|p1a: Enamorus
|-supereffective|p1a: Enamorus
|-damage|p1a: Enamorus|0 fnt
|faint|p1a: Enamorus
|
|upkeep
|c|☆Dablord412|Idiot? For what reason?
|inactive|Dablord412 has 60 seconds left.
|
|t:|1760408831
|switch|p1a: Ogerpon|Ogerpon-Cornerstone, F|67/100
|-damage|p1a: Ogerpon|55/100|[from] Stealth Rock
|turn|29
|c|☆YJIOG|Ask your parents why i have no clue
|
|t:|1760408848
|switch|p2a: Hydrapple|Hydrapple, F|100/100
|move|p1a: Ogerpon|Knock Off|p2a: Hydrapple
|-damage|p2a: Hydrapple|87/100
|
|upkeep
|turn|30
|inactive|Dablord412 has 60 seconds left.
|
|t:|1760408866
|move|p1a: Ogerpon|Knock Off|p2a: Hydrapple
|-damage|p2a: Hydrapple|73/100
|move|p2a: Hydrapple|Giga Drain|p1a: Ogerpon
|-damage|p1a: Ogerpon|20/100
|-heal|p2a: Hydrapple|86/100|[from] drain|[of] p1a: Ogerpon
|
|upkeep
|turn|31
|
|t:|1760408874
|move|p1a: Ogerpon|Sunny Day|p1a: Ogerpon
|-weather|SunnyDay
|move|p2a: Hydrapple|Giga Drain|p1a: Ogerpon
|-damage|p1a: Ogerpon|0 fnt
|-heal|p2a: Hydrapple|93/100|[from] drain|[of] p1a: Ogerpon
|faint|p1a: Ogerpon
|
|-weather|SunnyDay|[upkeep]
|upkeep
|
|t:|1760408877
|switch|p1a: Walking Wake|Walking Wake|30/100
|-damage|p1a: Walking Wake|18/100|[from] Stealth Rock
|-activate|p1a: Walking Wake|ability: Protosynthesis
|-start|p1a: Walking Wake|protosynthesisspe
|turn|32
|c|☆Dablord412|lol ok bud.
|
|t:|1760408892
|-terastallize|p2a: Hydrapple|Poison
|move|p1a: Walking Wake|Draco Meteor|p2a: Hydrapple
|-damage|p2a: Hydrapple|4/100
|-unboost|p1a: Walking Wake|spa|2
|move|p2a: Hydrapple|Fickle Beam|p1a: Walking Wake
|-supereffective|p1a: Walking Wake
|-damage|p1a: Walking Wake|0 fnt
|faint|p1a: Walking Wake
|-end|p1a: Walking Wake|Protosynthesis|[silent]
|
|-weather|SunnyDay|[upkeep]
|upkeep
|
|t:|1760408905
|switch|p1a: Iron Hands|Iron Hands, shiny|100/100
|-damage|p1a: Iron Hands|94/100|[from] Stealth Rock
|-enditem|p1a: Iron Hands|Booster Energy
|-activate|p1a: Iron Hands|ability: Quark Drive|[fromitem]
|-start|p1a: Iron Hands|quarkdriveatk
|turn|33
|
|t:|1760408915
|switch|p2a: Great Tusk|Great Tusk|85/100
|-activate|p2a: Great Tusk|ability: Protosynthesis
|-start|p2a: Great Tusk|protosynthesisatk
|move|p1a: Iron Hands|Close Combat|p2a: Great Tusk
|-damage|p2a: Great Tusk|14/100
|-unboost|p1a: Iron Hands|def|1
|-unboost|p1a: Iron Hands|spd|1
|
|-weather|SunnyDay|[upkeep]
|upkeep
|turn|34
|
|t:|1760408931
|move|p2a: Great Tusk|Headlong Rush|p1a: Iron Hands
|-supereffective|p1a: Iron Hands
|-crit|p1a: Iron Hands
|-damage|p1a: Iron Hands|0 fnt
|-unboost|p2a: Great Tusk|def|1
|-unboost|p2a: Great Tusk|spd|1
|faint|p1a: Iron Hands
|-end|p1a: Iron Hands|Quark Drive|[silent]
|
|-weather|SunnyDay|[upkeep]
|upkeep
|c|☆YJIOG|6-0
|
|t:|1760408933
|switch|p1a: Garganacl|Garganacl, M, shiny|100/100
|-damage|p1a: Garganacl|88/100|[from] Stealth Rock
|turn|35
|c|☆YJIOG|Thats cool
|inactive|Dablord412 has 60 seconds left.
|c|☆YJIOG|Are you starting to see yourself for what you are?
|inactive|Dablord412 has 30 seconds left.
|inactive|Dablord412 has 20 seconds left.
|
|t:|1760408999
|-end|p2a: Great Tusk|Protosynthesis|[silent]
|switch|p2a: Alomomola|Alomomola, M|100/100
|move|p1a: Garganacl|Protect||[still]
|-fail|p1a: Garganacl
|
|-weather|none
|-heal|p1a: Garganacl|94/100|[from] item: Leftovers
|upkeep
|turn|36
|inactive|Dablord412 has 30 seconds left this turn.
|inactive|Dablord412 has 20 seconds left.
|inactive|Dablord412 has 15 seconds left.
|inactive|Dablord412 has 10 seconds left.
|inactive|Dablord412 has 5 seconds left.
|
|t:|1760409024
|move|p2a: Alomomola|Flip Turn|p1a: Garganacl
|-supereffective|p1a: Garganacl
|-damage|p1a: Garganacl|72/100
|c|☆YJIOG|Lmao
|
|t:|1760409028
|switch|p2a: Hydrapple|Hydrapple, F, tera:Poison|38/100|[from] Flip Turn
|move|p1a: Garganacl|Substitute|p1a: Garganacl
|-start|p1a: Garganacl|Substitute
|-damage|p1a: Garganacl|47/100
|
|-heal|p1a: Garganacl|53/100|[from] item: Leftovers
|upkeep
|turn|37
|inactive|Dablord412 has 20 seconds left this turn.
|inactive|Dablord412 has 15 seconds left.
|
|t:|1760409038
|switch|p2a: Alomomola|Alomomola, M|100/100
|move|p1a: Garganacl|Recover|p1a: Garganacl
|-heal|p1a: Garganacl|100/100
|
|upkeep
|turn|38
|inactive|Dablord412 has 25 seconds left this turn.
|inactive|Dablord412 has 20 seconds left.
|inactive|Dablord412 has 15 seconds left.
|inactive|Dablord412 has 10 seconds left.
|
|t:|1760409057
|move|p2a: Alomomola|Wish|p2a: Alomomola
|move|p1a: Garganacl|Salt Cure|p2a: Alomomola
|-damage|p2a: Alomomola|93/100
|-start|p2a: Alomomola|Salt Cure
|
|-damage|p2a: Alomomola|68/100|[from] Salt Cure
|upkeep
|turn|39
|inactive|Dablord412 has 20 seconds left this turn.
|inactive|Dablord412 has 15 seconds left.
|inactive|Dablord412 has 10 seconds left.
|
|t:|1760409071
|switch|p2a: Great Tusk|Great Tusk|14/100
|move|p1a: Garganacl|Protect||[still]
|-fail|p1a: Garganacl
|
|-heal|p2a: Great Tusk|86/100|[from] move: Wish|[wisher] Alomomola
|upkeep
|turn|40
|inactive|Dablord412 has 20 seconds left this turn.
|inactive|Dablord412 has 15 seconds left.
|inactive|Dablord412 has 10 seconds left.
|inactive|Dablord412 has 5 seconds left.
|c|☆Dablord412|You are playing so well! Gg dumb ass
|c|☆YJIOG|I hope you understand that im gonna make your garg struggle to death
|inactive|YJIOG has 120 seconds left.
|c|☆YJIOG|Yah im the dumbass
|c|☆YJIOG|🤦‍♂️😂😂
|-message|Dablord412 lost due to inactivity.
|
|win|YJIOG
|raw|Dablord412's rating: 1205 &rarr; <strong>1176</strong><br />(-29 for losing)
|raw|YJIOG's rating: 1151 &rarr; <strong>1180</strong><br />(+29 for winning)
|l|☆Dablord412
|player|p1|
