|j|☆Thenix12
|j|☆hiboudeschamps
|t:|1760447575
|gametype|singles
|player|p1|Thenix12|nurse|1311
|player|p2|hiboudeschamps|scientist-gen4dp|1329
|gen|9
|tier|[Gen 9] OU
|rated|
|rule|HP Percentage Mod: HP is shown in percentages
|rule|Endless Battle Clause: Forcing endless battles is banned
|rule|Species Clause: Limit one of each Pokémon
|rule|OHKO Clause: OHKO moves are banned
|rule|Evasion Items Clause: Evasion items are banned
|rule|Evasion Moves Clause: Evasion moves are banned
|rule|Evasion Abilities Clause: Evasion abilities are banned
|rule|Sleep Moves Clause: Sleep-inducing moves are banned
|clearpoke
|poke|p1|Scyther, M|
|poke|p1|Emboar, M|
|poke|p1|Avalugg, M|
|poke|p1|Vikavolt, M|
|poke|p1|Froslass, F|
|poke|p1|Gloom, F|
|poke|p2|Cinderace, M|
|poke|p2|Kingambit, M|
|poke|p2|Dragonite, M|
|poke|p2|Gholdengo|
|poke|p2|Iron Valiant|
|poke|p2|Samurott-Hisui, M|
|teampreview
|inactive|Battle timer is ON: inactive players will automatically lose when time's up. (requested by hiboudeschamps)
|
|t:|1760447581
|teamsize|p1|6
|teamsize|p2|6
|start
|switch|p1a: Vikavolt|Vikavolt, M|100/100
|switch|p2a: Samurott|Samurott-Hisui, M|100/100
|turn|1
|
|t:|1760447593
|move|p2a: Samurott|Ceaseless Edge|p1a: Vikavolt
|-damage|p1a: Vikavolt|39/100
|-sidestart|p1: Thenix12|Spikes
|move|p1a: Vikavolt|Zap Cannon|p2a: Samurott|[miss]
|-miss|p1a: Vikavolt|p2a: Samurott
|-enditem|p1a: Vikavolt|Blunder Policy
|-boost|p1a: Vikavolt|spe|2
|
|upkeep
|turn|2
|
|t:|1760447605
|move|p1a: Vikavolt|Thunderbolt|p2a: Samurott
|-supereffective|p2a: Samurott
|-enditem|p2a: Samurott|Focus Sash
|-damage|p2a: Samurott|1/100
|move|p2a: Samurott|Ceaseless Edge|p1a: Vikavolt
|-damage|p1a: Vikavolt|0 fnt
|-sidestart|p1: Thenix12|Spikes
|faint|p1a: Vikavolt
|
|upkeep
|
|t:|1760447614
|switch|p1a: Avalugg|Avalugg, M|100/100
|-damage|p1a: Avalugg|84/100|[from] Spikes
|turn|3
|
|t:|1760447621
|switch|p2a: Gholdengo|Gholdengo|100/100
|-item|p2a: Gholdengo|Air Balloon
|move|p1a: Avalugg|Rapid Spin|p2a: Gholdengo
|-immune|p2a: Gholdengo
|
|upkeep
|turn|4
|
|t:|1760447626
|move|p2a: Gholdengo|Shadow Ball|p1a: Avalugg
|-damage|p1a: Avalugg|28/100
|move|p1a: Avalugg|Mirror Coat|p2a: Gholdengo
|-damage|p2a: Gholdengo|0 fnt
|-enditem|p2a: Gholdengo|Air Balloon
|faint|p2a: Gholdengo
|
|upkeep
|
|t:|1760447636
|switch|p2a: Iron Valiant|Iron Valiant|100/100
|-enditem|p2a: Iron Valiant|Booster Energy
|-activate|p2a: Iron Valiant|ability: Quark Drive|[fromitem]
|-start|p2a: Iron Valiant|quarkdrivespe
|turn|5
|
|t:|1760447643
|move|p2a: Iron Valiant|Moonblast|p1a: Avalugg
|-damage|p1a: Avalugg|0 fnt
|faint|p1a: Avalugg
|
|upkeep
|
|t:|1760447652
|switch|p1a: Scyther|Scyther, M|100/100
|turn|6
|
|t:|1760447656
|-end|p2a: Iron Valiant|Quark Drive|[silent]
|switch|p2a: Samurott|Samurott-Hisui, M|1/100
|move|p1a: Scyther|Dual Wingbeat|p2a: Samurott
|-damage|p2a: Samurott|0 fnt
|faint|p2a: Samurott
|-hitcount|p2: Samurott|1
|
|upkeep
|
|t:|1760447663
|switch|p2a: Cinderace|Cinderace, M|100/100
|turn|7
|
|t:|1760447672
|-terastallize|p1a: Scyther|Flying
|move|p2a: Cinderace|U-turn|p1a: Scyther
|-resisted|p1a: Scyther
|-damage|p1a: Scyther|92/100
|
|t:|1760447677
|switch|p2a: Kingambit|Kingambit, M|100/100|[from] U-turn
|-activate|p2a: Kingambit|ability: Supreme Overlord
|-start|p2a: Kingambit|fallen2|[silent]
|move|p1a: Scyther|Dual Wingbeat|p2a: Kingambit
|-resisted|p2a: Kingambit
|-crit|p2a: Kingambit
|-damage|p2a: Kingambit|77/100
|-resisted|p2a: Kingambit
|-damage|p2a: Kingambit|63/100
|-hitcount|p2a: Kingambit|2
|
|upkeep
|turn|8
|
|t:|1760447686
|move|p1a: Scyther|Close Combat|p2a: Kingambit
|-supereffective|p2a: Kingambit
|-damage|p2a: Kingambit|0 fnt
|-unboost|p1a: Scyther|def|1
|-unboost|p1a: Scyther|spd|1
|faint|p2a: Kingambit
|-end|p2a: Kingambit|fallen2|[silent]
|
|upkeep
|
|t:|1760447694
|switch|p2a: Cinderace|Cinderace, M|100/100
|turn|9
|
|t:|1760447703
|switch|p1a: Emboar|Emboar, M|100/100
|-damage|p1a: Emboar|84/100|[from] Spikes
|move|p2a: Cinderace|Pyro Ball|p1a: Emboar
|-resisted|p1a: Emboar
|-damage|p1a: Emboar|56/100
|
|upkeep
|turn|10
|
|t:|1760447715
|switch|p2a: Iron Valiant|Iron Valiant|100/100
|move|p1a: Emboar|Flare Blitz|p2a: Iron Valiant
|-damage|p2a: Iron Valiant|0 fnt
|faint|p2a: Iron Valiant
|-end|p2a: Iron Valiant|Quark Drive|[silent]
|-damage|p1a: Emboar|31/100|[from] Recoil
|
|upkeep
|
|t:|1760447719
|switch|p2a: Dragonite|Dragonite, M|100/100
|turn|11
|
|t:|1760447724
|move|p2a: Dragonite|Dragon Dance|p2a: Dragonite
|-boost|p2a: Dragonite|atk|1
|-boost|p2a: Dragonite|spe|1
|move|p1a: Emboar|Flare Blitz|p2a: Dragonite
|-resisted|p2a: Dragonite
|-damage|p2a: Dragonite|73/100
|-damage|p1a: Emboar|22/100|[from] Recoil
|
|upkeep
|turn|12
|
|t:|1760447731
|move|p2a: Dragonite|Extreme Speed|p1a: Emboar
|-damage|p1a: Emboar|0 fnt
|faint|p1a: Emboar
|
|upkeep
|
|t:|1760447737
|switch|p1a: Scyther|Scyther, M, tera:Flying|92/100
|turn|13
|
|t:|1760447745
|move|p2a: Dragonite|Extreme Speed|p1a: Scyther
|-damage|p1a: Scyther|48/100
|move|p1a: Scyther|Dual Wingbeat|p2a: Dragonite
|-damage|p2a: Dragonite|39/100
|-damage|p2a: Dragonite|3/100
|-hitcount|p2a: Dragonite|2
|
|upkeep
|turn|14
|
|t:|1760447753
|move|p2a: Dragonite|Extreme Speed|p1a: Scyther
|-damage|p1a: Scyther|0 fnt
|faint|p1a: Scyther
|
|upkeep
|
|t:|1760447757
|switch|p1a: Gloom|Gloom, F|100/100
|-damage|p1a: Gloom|84/100|[from] Spikes
|turn|15
|
|t:|1760447761
|move|p2a: Dragonite|Earthquake|p1a: Gloom
|-damage|p1a: Gloom|31/100
|move|p1a: Gloom|Sludge Bomb|p2a: Dragonite
|-damage|p2a: Dragonite|0 fnt
|faint|p2a: Dragonite
|
|upkeep
|
|t:|1760447764
|switch|p2a: Cinderace|Cinderace, M|100/100
|turn|16
|
|t:|1760447771
|-terastallize|p2a: Cinderace|Fire
|move|p2a: Cinderace|Pyro Ball|p1a: Gloom
|-supereffective|p1a: Gloom
|-damage|p1a: Gloom|0 fnt
|faint|p1a: Gloom
|
|upkeep
|
|t:|1760447774
|switch|p1a: Froslass|Froslass, F|100/100
|-damage|p1a: Froslass|84/100|[from] Spikes
|turn|17
|
|t:|1760447777
|move|p2a: Cinderace|Pyro Ball|p1a: Froslass
|-supereffective|p1a: Froslass
|-damage|p1a: Froslass|0 fnt
|-start|p2a: Cinderace|Disable|Pyro Ball|[from] ability: Cursed Body|[of] p1a: Froslass
|faint|p1a: Froslass
|
|win|hiboudeschamps
|raw|Thenix12's rating: 1311 &rarr; <strong>1292</strong><br />(-19 for losing)
|raw|hiboudeschamps's rating: 1329 &rarr; <strong>1348</strong><br />(+19 for winning)
|l|☆Thenix12
|player|p1|
|l|☆hiboudeschamps
|player|p2|
