|j|☆KoB_RedJood
|j|☆RandomBattleLiker
|t:|1760440074
|gametype|singles
|player|p1|KoB_RedJood|102|1138
|player|p2|RandomBattleLiker|102|1199
|gen|9
|tier|[Gen 9] OU
|rated|
|rule|HP Percentage Mod: HP is shown in percentages
|rule|Endless Battle Clause: Forcing endless battles is banned
|rule|Species Clause: Limit one of each Pokémon
|rule|OHKO Clause: OHKO moves are banned
|rule|Evasion Items Clause: Evasion items are banned
|rule|Evasion Moves Clause: Evasion moves are banned
|rule|Evasion Abilities Clause: Evasion abilities are banned
|rule|Sleep Moves Clause: Sleep-inducing moves are banned
|clearpoke
|poke|p1|Walking Wake|
|poke|p1|Sableye, M|
|poke|p1|Ninetales, M|
|poke|p1|Lilligant-Hisui, F|
|poke|p1|Registeel|
|poke|p1|Weezing-Galar, F|
|poke|p2|Moltres|
|poke|p2|Zamazenta-*|
|poke|p2|Darkrai|
|poke|p2|Hydrapple, M|
|poke|p2|Ting-Lu|
|poke|p2|Tinkaton, F|
|teampreview
|
|t:|1760440090
|teamsize|p1|6
|teamsize|p2|6
|start
|switch|p1a: Ninetales|Ninetales, M|100/100
|switch|p2a: Hydrapple|Hydrapple, M|100/100
|turn|1
|
|t:|1760440105
|switch|p1a: Lilligant|Lilligant-Hisui, F|100/100
|move|p2a: Hydrapple|Earth Power|p1a: Lilligant
|-resisted|p1a: Lilligant
|-damage|p1a: Lilligant|82/100
|
|upkeep
|turn|2
|
|t:|1760440109
|switch|p2a: Zamazenta|Zamazenta|100/100
|-ability|p2a: Zamazenta|Dauntless Shield|boost
|-boost|p2a: Zamazenta|def|1
|move|p1a: Lilligant|Ice Spinner|p2a: Zamazenta
|-damage|p2a: Zamazenta|80/100
|-damage|p1a: Lilligant|72/100|[from] item: Life Orb
|
|upkeep
|turn|3
|
|t:|1760440118
|switch|p1a: Weezing|Weezing-Galar, F|100/100
|move|p2a: Zamazenta|Ice Fang|p1a: Weezing
|-damage|p1a: Weezing|86/100
|
|upkeep
|turn|4
|
|t:|1760440125
|move|p2a: Zamazenta|Stone Edge|p1a: Weezing|[miss]
|-miss|p2a: Zamazenta|p1a: Weezing
|move|p1a: Weezing|Will-O-Wisp|p2a: Zamazenta
|-status|p2a: Zamazenta|brn
|
|-damage|p2a: Zamazenta|74/100 brn|[from] brn
|upkeep
|turn|5
|
|t:|1760440132
|move|p2a: Zamazenta|Stone Edge|p1a: Weezing
|-damage|p1a: Weezing|75/100
|move|p1a: Weezing|Strange Steam|p2a: Zamazenta
|-supereffective|p2a: Zamazenta
|-damage|p2a: Zamazenta|40/100 brn
|-start|p2a: Zamazenta|confusion
|
|-damage|p2a: Zamazenta|34/100 brn|[from] brn
|upkeep
|turn|6
|
|t:|1760440139
|switch|p2a: Tinkaton|Tinkaton, F|100/100
|-ability|p2a: Tinkaton|Mold Breaker
|-item|p2a: Tinkaton|Air Balloon
|switch|p1a: Sableye|Sableye, M, shiny|100/100
|
|upkeep
|turn|7
|
|t:|1760440147
|move|p1a: Sableye|Thunder Wave|p2a: Tinkaton
|-status|p2a: Tinkaton|par
|move|p2a: Tinkaton|Thunder Wave|p1a: Sableye
|-status|p1a: Sableye|par
|
|upkeep
|turn|8
|
|t:|1760440153
|move|p1a: Sableye|Encore|p2a: Tinkaton
|-start|p2a: Tinkaton|Encore
|cant|p2a: Tinkaton|par
|
|upkeep
|turn|9
|
|t:|1760440157
|switch|p2a: Moltres|Moltres|100/100
|move|p1a: Sableye|Knock Off|p2a: Moltres
|-damage|p2a: Moltres|81/100
|-enditem|p2a: Moltres|Heavy-Duty Boots|[from] move: Knock Off|[of] p1a: Sableye
|
|upkeep
|turn|10
|c|☆RandomBattleLiker|what an annoying set
|
|t:|1760440173
|switch|p2a: Tinkaton|Tinkaton, F|100/100 par
|-ability|p2a: Tinkaton|Mold Breaker
|-item|p2a: Tinkaton|Air Balloon
|move|p1a: Sableye|Thunder Wave|p2a: Tinkaton
|-fail|p2a: Tinkaton|par
|
|upkeep
|turn|11
|
|t:|1760440178
|move|p2a: Tinkaton|Gigaton Hammer|p1a: Sableye
|-damage|p1a: Sableye|60/100 par
|cant|p1a: Sableye|par
|
|upkeep
|turn|12
|
|t:|1760440187
|move|p2a: Tinkaton|Stealth Rock|p1a: Sableye
|-sidestart|p1: KoB_RedJood|move: Stealth Rock
|move|p1a: Sableye|Knock Off|p2a: Tinkaton
|-resisted|p2a: Tinkaton
|-damage|p2a: Tinkaton|85/100 par
|-enditem|p2a: Tinkaton|Air Balloon
|
|upkeep
|turn|13
|
|t:|1760440192
|switch|p2a: Zamazenta|Zamazenta|34/100 brn
|cant|p1a: Sableye|par
|
|-damage|p2a: Zamazenta|28/100 brn|[from] brn
|upkeep
|turn|14
|
|t:|1760440203
|switch|p2a: Tinkaton|Tinkaton, F|85/100 par
|-ability|p2a: Tinkaton|Mold Breaker
|move|p1a: Sableye|Recover|p1a: Sableye
|-heal|p1a: Sableye|100/100 par
|
|upkeep
|turn|15
|
|t:|1760440215
|switch|p1a: Ninetales|Ninetales, M|100/100
|-damage|p1a: Ninetales|76/100|[from] Stealth Rock
|move|p2a: Tinkaton|Gigaton Hammer|p1a: Ninetales
|-resisted|p1a: Ninetales
|-damage|p1a: Ninetales|46/100
|
|upkeep
|turn|16
|
|t:|1760440233
|-terastallize|p2a: Tinkaton|Ghost
|move|p1a: Ninetales|Shadow Ball|p2a: Tinkaton
|-supereffective|p2a: Tinkaton
|-crit|p2a: Tinkaton
|-damage|p2a: Tinkaton|41/100 par
|cant|p2a: Tinkaton|par
|
|upkeep
|turn|17
|c|☆RandomBattleLiker|...
|
|t:|1760440248
|move|p1a: Ninetales|Shadow Ball|p2a: Tinkaton
|-supereffective|p2a: Tinkaton
|-damage|p2a: Tinkaton|14/100 par
|cant|p2a: Tinkaton|par
|
|upkeep
|turn|18
|c|☆RandomBattleLiker|......
|
|t:|1760440255
|move|p1a: Ninetales|Shadow Ball|p2a: Tinkaton
|-supereffective|p2a: Tinkaton
|-damage|p2a: Tinkaton|0 fnt
|faint|p2a: Tinkaton
|
|upkeep
|
|t:|1760440260
|switch|p2a: Ting-Lu|Ting-Lu|100/100
|-ability|p2a: Ting-Lu|Vessel of Ruin
|turn|19
|
|t:|1760440265
|switch|p1a: Madara|Walking Wake|100/100
|-damage|p1a: Madara|88/100|[from] Stealth Rock
|move|p2a: Ting-Lu|Whirlwind|p1a: Madara
|-end|p1a: Madara|Protosynthesis|[silent]
|drag|p1a: Sableye|Sableye, M, shiny|100/100 par
|
|upkeep
|turn|20
|
|t:|1760440272
|move|p1a: Sableye|Encore|p2a: Ting-Lu
|-hint|Since gen 7, Dark is immune to Prankster moves.
|-immune|p2a: Ting-Lu
|move|p2a: Ting-Lu|Ruination|p1a: Sableye
|-damage|p1a: Sableye|51/100 par
|
|upkeep
|turn|21
|
|t:|1760440278
|move|p1a: Sableye|Recover|p1a: Sableye
|-heal|p1a: Sableye|100/100 par
|move|p2a: Ting-Lu|Earthquake|p1a: Sableye
|-damage|p1a: Sableye|64/100 par
|
|upkeep
|turn|22
|
|t:|1760440280
|move|p2a: Ting-Lu|Ruination|p1a: Sableye
|-damage|p1a: Sableye|32/100 par
|cant|p1a: Sableye|par
|
|upkeep
|turn|23
|
|t:|1760440285
|move|p1a: Sableye|Recover|p1a: Sableye
|-heal|p1a: Sableye|82/100 par
|move|p2a: Ting-Lu|Earthquake|p1a: Sableye
|-damage|p1a: Sableye|46/100 par
|
|upkeep
|turn|24
|
|t:|1760440287
|move|p2a: Ting-Lu|Ruination|p1a: Sableye
|-damage|p1a: Sableye|23/100 par
|move|p1a: Sableye|Knock Off|p2a: Ting-Lu
|-resisted|p2a: Ting-Lu
|-damage|p2a: Ting-Lu|93/100
|-enditem|p2a: Ting-Lu|Leftovers|[from] move: Knock Off|[of] p1a: Sableye
|
|upkeep
|turn|25
|
|t:|1760440289
|move|p2a: Ting-Lu|Earthquake|p1a: Sableye
|-damage|p1a: Sableye|0 fnt
|faint|p1a: Sableye
|
|upkeep
|
|t:|1760440292
|switch|p1a: Madara|Walking Wake|88/100
|-damage|p1a: Madara|76/100|[from] Stealth Rock
|turn|26
|
|t:|1760440302
|switch|p2a: Zamazenta|Zamazenta|28/100 brn
|move|p1a: Madara|Draco Meteor|p2a: Zamazenta
|-damage|p2a: Zamazenta|0 fnt
|-unboost|p1a: Madara|spa|2
|faint|p2a: Zamazenta
|
|upkeep
|
|t:|1760440309
|switch|p2a: Ting-Lu|Ting-Lu|93/100
|-ability|p2a: Ting-Lu|Vessel of Ruin
|turn|27
|
|t:|1760440314
|-end|p1a: Madara|Protosynthesis|[silent]
|switch|p1a: Lilligant|Lilligant-Hisui, F|72/100
|-damage|p1a: Lilligant|66/100|[from] Stealth Rock
|move|p2a: Ting-Lu|Spikes|p1a: Lilligant
|-sidestart|p1: KoB_RedJood|Spikes
|
|upkeep
|turn|28
|
|t:|1760440320
|move|p1a: Lilligant|Solar Blade||[still]
|-prepare|p1a: Lilligant|Solar Blade
|move|p2a: Ting-Lu|Whirlwind|p1a: Lilligant
|drag|p1a: Weezing|Weezing-Galar, F|75/100
|
|upkeep
|turn|29
|c|☆RandomBattleLiker|rip lilligant
|
|t:|1760440335
|move|p1a: Weezing|Defog|p2a: Ting-Lu
|-unboost|p2a: Ting-Lu|evasion|1
|-sideend|p1: KoB_RedJood|Spikes|[from] move: Defog|[of] p1a: Weezing
|-sideend|p1: KoB_RedJood|Stealth Rock|[from] move: Defog|[of] p1a: Weezing
|move|p2a: Ting-Lu|Earthquake|p1a: Weezing
|-immune|p1a: Weezing|[from] ability: Levitate
|
|upkeep
|turn|30
|c|☆RandomBattleLiker|oh im dum
|c|☆RandomBattleLiker|too many nuetralzing gas moments
|
|t:|1760440351
|move|p1a: Weezing|Strange Steam|p2a: Ting-Lu
|-supereffective|p2a: Ting-Lu
|-damage|p2a: Ting-Lu|71/100
|move|p2a: Ting-Lu|Ruination|p1a: Weezing
|-damage|p1a: Weezing|38/100
|
|upkeep
|turn|31
|
|t:|1760440358
|switch|p1a: Madara|Walking Wake|76/100
|move|p2a: Ting-Lu|Whirlwind|p1a: Madara
|-end|p1a: Madara|Protosynthesis|[silent]
|drag|p1a: Ninetales|Ninetales, M|46/100
|
|upkeep
|turn|32
|
|t:|1760440363
|move|p1a: Ninetales|Solar Beam||[still]
|-prepare|p1a: Ninetales|Solar Beam
|move|p2a: Ting-Lu|Earthquake|p1a: Ninetales
|-supereffective|p1a: Ninetales
|-damage|p1a: Ninetales|0 fnt
|faint|p1a: Ninetales
|
|upkeep
|
|t:|1760440365
|switch|p1a: Lilligant|Lilligant-Hisui, F|66/100
|turn|33
|
|t:|1760440370
|-terastallize|p1a: Lilligant|Ice
|move|p1a: Lilligant|Ice Spinner|p2a: Ting-Lu
|-supereffective|p2a: Ting-Lu
|-damage|p2a: Ting-Lu|14/100
|-damage|p1a: Lilligant|56/100|[from] item: Life Orb
|move|p2a: Ting-Lu|Ruination|p1a: Lilligant
|-damage|p1a: Lilligant|28/100
|
|upkeep
|turn|34
|
|t:|1760440375
|switch|p2a: Moltres|Moltres|81/100
|move|p1a: Lilligant|Ice Spinner|p2a: Moltres
|-damage|p2a: Moltres|44/100
|-status|p1a: Lilligant|brn|[from] ability: Flame Body|[of] p2a: Moltres
|-damage|p1a: Lilligant|18/100 brn|[from] item: Life Orb
|
|-damage|p1a: Lilligant|12/100 brn|[from] brn
|upkeep
|turn|35
|
|t:|1760440385
|move|p1a: Lilligant|Close Combat|p2a: Moltres
|-resisted|p2a: Moltres
|-crit|p2a: Moltres
|-damage|p2a: Moltres|25/100
|-unboost|p1a: Lilligant|def|1
|-unboost|p1a: Lilligant|spd|1
|-damage|p1a: Lilligant|2/100 brn|[from] item: Life Orb
|move|p2a: Moltres|Roost|p2a: Moltres
|-heal|p2a: Moltres|75/100
|-singleturn|p2a: Moltres|move: Roost
|
|-damage|p1a: Lilligant|0 fnt|[from] brn
|faint|p1a: Lilligant
|upkeep
|
|t:|1760440389
|switch|p1a: Madara|Walking Wake|76/100
|turn|36
|
|t:|1760440396
|move|p1a: Madara|Draco Meteor|p2a: Moltres
|-damage|p2a: Moltres|0 fnt
|-unboost|p1a: Madara|spa|2
|faint|p2a: Moltres
|
|upkeep
|
|t:|1760440398
|switch|p2a: Hydrapple|Hydrapple, M|100/100
|turn|37
|
|t:|1760440402
|-end|p1a: Madara|Protosynthesis|[silent]
|switch|p1a: Registeel|Registeel|100/100
|move|p2a: Hydrapple|Nasty Plot|p2a: Hydrapple
|-boost|p2a: Hydrapple|spa|2
|
|upkeep
|turn|38
|
|t:|1760440406
|move|p1a: Registeel|Amnesia|p1a: Registeel
|-boost|p1a: Registeel|spd|2
|move|p2a: Hydrapple|Earth Power|p1a: Registeel
|-supereffective|p1a: Registeel
|-damage|p1a: Registeel|70/100
|
|upkeep
|turn|39
|
|t:|1760440411
|move|p1a: Registeel|Iron Defense|p1a: Registeel
|-boost|p1a: Registeel|def|2
|move|p2a: Hydrapple|Nasty Plot|p2a: Hydrapple
|-boost|p2a: Hydrapple|spa|2
|
|upkeep
|turn|40
|
|t:|1760440416
|move|p1a: Registeel|Amnesia|p1a: Registeel
|-boost|p1a: Registeel|spd|2
|move|p2a: Hydrapple|Earth Power|p1a: Registeel
|-supereffective|p1a: Registeel
|-damage|p1a: Registeel|42/100
|
|upkeep
|turn|41
|
|t:|1760440427
|move|p1a: Registeel|Rest|p1a: Registeel
|-status|p1a: Registeel|slp|[from] move: Rest
|-heal|p1a: Registeel|100/100 slp|[silent]
|-enditem|p1a: Registeel|Chesto Berry|[eat]
|-curestatus|p1a: Registeel|slp|[msg]
|move|p2a: Hydrapple|Nasty Plot|p2a: Hydrapple
|-boost|p2a: Hydrapple|spa|2
|
|upkeep
|turn|42
|
|t:|1760440430
|move|p1a: Registeel|Amnesia|p1a: Registeel
|-boost|p1a: Registeel|spd|2
|move|p2a: Hydrapple|Earth Power|p1a: Registeel
|-supereffective|p1a: Registeel
|-damage|p1a: Registeel|74/100
|
|upkeep
|turn|43
|
|t:|1760440433
|move|p1a: Registeel|Iron Defense|p1a: Registeel
|-boost|p1a: Registeel|def|2
|move|p2a: Hydrapple|Earth Power|p1a: Registeel
|-supereffective|p1a: Registeel
|-damage|p1a: Registeel|46/100
|
|upkeep
|turn|44
|
|t:|1760440436
|move|p1a: Registeel|Iron Defense|p1a: Registeel
|-boost|p1a: Registeel|def|2
|move|p2a: Hydrapple|Earth Power|p1a: Registeel
|-supereffective|p1a: Registeel
|-damage|p1a: Registeel|19/100
|
|upkeep
|turn|45
|
|t:|1760440438
|move|p1a: Registeel|Rest|p1a: Registeel
|-status|p1a: Registeel|slp|[from] move: Rest
|-heal|p1a: Registeel|100/100 slp|[silent]
|move|p2a: Hydrapple|Earth Power|p1a: Registeel
|-supereffective|p1a: Registeel
|-damage|p1a: Registeel|74/100 slp
|
|upkeep
|turn|46
|
|t:|1760440440
|cant|p1a: Registeel|slp
|move|p2a: Hydrapple|Earth Power|p1a: Registeel
|-supereffective|p1a: Registeel
|-damage|p1a: Registeel|46/100 slp
|
|upkeep
|turn|47
|
|t:|1760440443
|cant|p1a: Registeel|slp
|move|p2a: Hydrapple|Earth Power|p1a: Registeel
|-supereffective|p1a: Registeel
|-damage|p1a: Registeel|16/100 slp
|
|upkeep
|turn|48
|
|t:|1760440445
|-curestatus|p1a: Registeel|slp|[msg]
|move|p1a: Registeel|Body Press|p2a: Hydrapple
|-damage|p2a: Hydrapple|35/100
|move|p2a: Hydrapple|Earth Power|p1a: Registeel
|-supereffective|p1a: Registeel
|-damage|p1a: Registeel|0 fnt
|faint|p1a: Registeel
|
|upkeep
|
|t:|1760440449
|switch|p1a: Weezing|Weezing-Galar, F|38/100
|turn|49
|
|t:|1760440460
|move|p1a: Weezing|Strange Steam|p2a: Hydrapple
|-supereffective|p2a: Hydrapple
|-damage|p2a: Hydrapple|0 fnt
|faint|p2a: Hydrapple
|
|upkeep
|
|t:|1760440463
|switch|p2a: Darkrai|Darkrai, shiny|100/100
|turn|50
|
|t:|1760440474
|move|p2a: Darkrai|Sludge Bomb|p1a: Weezing
|-damage|p1a: Weezing|0 fnt
|faint|p1a: Weezing
|
|upkeep
|
|t:|1760440476
|switch|p1a: Madara|Walking Wake|76/100
|turn|51
|
|t:|1760440483
|move|p1a: Madara|Hydro Steam|p2a: Darkrai
|-damage|p2a: Darkrai|42/100
|move|p2a: Darkrai|Dark Pulse|p1a: Madara
|-damage|p1a: Madara|22/100
|
|upkeep
|turn|52
|
|t:|1760440490
|move|p1a: Madara|Hydro Steam|p2a: Darkrai
|-damage|p2a: Darkrai|0 fnt
|faint|p2a: Darkrai
|
|upkeep
|
|t:|1760440493
|switch|p2a: Ting-Lu|Ting-Lu|14/100
|-ability|p2a: Ting-Lu|Vessel of Ruin
|turn|53
|c|☆RandomBattleLiker|rip gg
|
|t:|1760440497
|move|p1a: Madara|Hydro Steam|p2a: Ting-Lu
|-supereffective|p2a: Ting-Lu
|-damage|p2a: Ting-Lu|0 fnt
|faint|p2a: Ting-Lu
|
|win|KoB_RedJood
|raw|KoB_RedJood's rating: 1138 &rarr; <strong>1167</strong><br />(+29 for winning)
|raw|RandomBattleLiker's rating: 1199 &rarr; <strong>1170</strong><br />(-29 for losing)
|l|☆KoB_RedJood
|player|p1|
|l|☆RandomBattleLiker
|player|p2|
