|j|☆Yaboigrlica
|j|☆freezeburnedbaboon
|t:|1760461090
|gametype|singles
|player|p1|Yaboigrlica|1|1122
|player|p2|freezeburnedbaboon|rye|1096
|gen|9
|tier|[Gen 9] OU
|rated|
|rule|HP Percentage Mod: HP is shown in percentages
|rule|Endless Battle Clause: Forcing endless battles is banned
|rule|Species Clause: Limit one of each Pokémon
|rule|OHKO Clause: OHKO moves are banned
|rule|Evasion Items Clause: Evasion items are banned
|rule|Evasion Moves Clause: Evasion moves are banned
|rule|Evasion Abilities Clause: Evasion abilities are banned
|rule|Sleep Moves Clause: Sleep-inducing moves are banned
|clearpoke
|poke|p1|Smeargle, F|
|poke|p1|Glimmora, M|
|poke|p1|Feraligatr, M|
|poke|p1|Gholdengo|
|poke|p1|Crocalor, M|
|poke|p1|Araquanid, F|
|poke|p2|Torkoal, F|
|poke|p2|Great Tusk|
|poke|p2|Slither Wing|
|poke|p2|Venusaur, M|
|poke|p2|Walking Wake|
|poke|p2|Heatran, M|
|teampreview
|
|t:|1760461098
|teamsize|p1|6
|teamsize|p2|6
|start
|switch|p1a: Smeargle|Smeargle, F|100/100
|switch|p2a: Torkoal|Torkoal, F|100/100
|-weather|SunnyDay|[from] ability: Drought|[of] p2a: Torkoal
|turn|1
|inactive|Battle timer is ON: inactive players will automatically lose when time's up. (requested by Yaboigrlica)
|
|t:|1760461105
|move|p1a: Smeargle|Sticky Web|p2a: Torkoal
|-sidestart|p2: freezeburnedbaboon|move: Sticky Web
|move|p2a: Torkoal|Rapid Spin|p1a: Smeargle
|-damage|p1a: Smeargle|74/100
|-boost|p2a: Torkoal|spe|1
|-sideend|p2: freezeburnedbaboon|Sticky Web|[from] move: Rapid Spin|[of] p2a: Torkoal
|
|-weather|SunnyDay|[upkeep]
|upkeep
|turn|2
|
|t:|1760461115
|switch|p1a: Gholdengo|Gholdengo|100/100
|-item|p1a: Gholdengo|Air Balloon
|move|p2a: Torkoal|Rapid Spin|p1a: Gholdengo
|-immune|p1a: Gholdengo
|
|-weather|SunnyDay|[upkeep]
|upkeep
|turn|3
|
|t:|1760461124
|move|p1a: Gholdengo|Nasty Plot|p1a: Gholdengo
|-boost|p1a: Gholdengo|spa|2
|move|p2a: Torkoal|Lava Plume|p1a: Gholdengo
|-supereffective|p1a: Gholdengo
|-damage|p1a: Gholdengo|20/100
|-enditem|p1a: Gholdengo|Air Balloon
|
|-weather|SunnyDay|[upkeep]
|upkeep
|turn|4
|
|t:|1760461133
|switch|p2a: Heatran|Heatran, M|100/100
|-item|p2a: Heatran|Air Balloon
|move|p1a: Gholdengo|Make It Rain|p2a: Heatran
|-resisted|p2a: Heatran
|-damage|p2a: Heatran|75/100
|-unboost|p1a: Gholdengo|spa|1
|-enditem|p2a: Heatran|Air Balloon
|
|-weather|SunnyDay|[upkeep]
|upkeep
|turn|5
|
|t:|1760461148
|switch|p1a: Araquanid|Araquanid, F|100/100
|move|p2a: Heatran|Earth Power|p1a: Araquanid
|-resisted|p1a: Araquanid
|-damage|p1a: Araquanid|95/100
|
|-weather|SunnyDay|[upkeep]
|upkeep
|turn|6
|
|t:|1760461162
|move|p2a: Heatran|Taunt|p1a: Araquanid
|-start|p1a: Araquanid|move: Taunt
|move|p1a: Araquanid|Liquidation|p2a: Heatran
|-supereffective|p2a: Heatran
|-damage|p2a: Heatran|38/100
|
|-weather|SunnyDay|[upkeep]
|upkeep
|turn|7
|
|t:|1760461169
|move|p2a: Heatran|Solar Beam||[still]
|-prepare|p2a: Heatran|Solar Beam
|-anim|p2a: Heatran|Solar Beam|p1a: Araquanid
|-damage|p1a: Araquanid|80/100
|move|p1a: Araquanid|Liquidation|p2a: Heatran
|-supereffective|p2a: Heatran
|-damage|p2a: Heatran|0 fnt
|faint|p2a: Heatran
|
|-weather|SunnyDay|[upkeep]
|upkeep
|
|t:|1760461173
|switch|p2a: Slither Wing|Slither Wing|100/100
|-activate|p2a: Slither Wing|ability: Protosynthesis
|-start|p2a: Slither Wing|protosynthesisatk
|turn|8
|
|t:|1760461182
|switch|p1a: Crocalor|Crocalor, M|100/100
|-terastallize|p2a: Slither Wing|Bug
|move|p2a: Slither Wing|First Impression|p1a: Crocalor
|-resisted|p1a: Crocalor
|-damage|p1a: Crocalor|66/100
|
|-weather|none
|-end|p2a: Slither Wing|Protosynthesis
|upkeep
|turn|9
|
|t:|1760461191
|-end|p2a: Slither Wing|Protosynthesis|[silent]
|switch|p2a: Torkoal|Torkoal, F|100/100
|-weather|SunnyDay|[from] ability: Drought|[of] p2a: Torkoal
|move|p1a: Crocalor|Will-O-Wisp|p2a: Torkoal
|-immune|p2a: Torkoal
|
|-weather|SunnyDay|[upkeep]
|upkeep
|turn|10
|
|t:|1760461209
|switch|p1a: Feraligatr|Feraligatr, M|100/100
|switch|p2a: Walking Wake|Walking Wake|100/100
|-activate|p2a: Walking Wake|ability: Protosynthesis
|-start|p2a: Walking Wake|protosynthesisspe
|
|-weather|SunnyDay|[upkeep]
|upkeep
|turn|11
|
|t:|1760461219
|move|p2a: Walking Wake|Draco Meteor|p1a: Feraligatr
|-damage|p1a: Feraligatr|0 fnt
|-unboost|p2a: Walking Wake|spa|2
|faint|p1a: Feraligatr
|
|-weather|SunnyDay|[upkeep]
|upkeep
|
|t:|1760461226
|switch|p1a: Araquanid|Araquanid, F|80/100
|turn|12
|
|t:|1760461231
|-end|p2a: Walking Wake|Protosynthesis|[silent]
|switch|p2a: Slither Wing|Slither Wing, tera:Bug|100/100
|-activate|p2a: Slither Wing|ability: Protosynthesis
|-start|p2a: Slither Wing|protosynthesisatk
|move|p1a: Araquanid|Body Slam|p2a: Slither Wing
|-damage|p2a: Slither Wing|83/100
|
|-weather|SunnyDay|[upkeep]
|upkeep
|turn|13
|
|t:|1760461238
|move|p2a: Slither Wing|U-turn|p1a: Araquanid
|-damage|p1a: Araquanid|0 fnt
|faint|p1a: Araquanid
|
|t:|1760461242
|-end|p2a: Slither Wing|Protosynthesis|[silent]
|switch|p2a: Walking Wake|Walking Wake|100/100|[from] U-turn
|-activate|p2a: Walking Wake|ability: Protosynthesis
|-start|p2a: Walking Wake|protosynthesisspe
|
|-weather|SunnyDay|[upkeep]
|upkeep
|
|t:|1760461252
|switch|p1a: Glimmora|Glimmora, M|100/100
|turn|14
|inactive|freezeburnedbaboon has 120 seconds left.
|
|t:|1760461282
|move|p2a: Walking Wake|Hydro Steam|p1a: Glimmora
|-supereffective|p1a: Glimmora
|-enditem|p1a: Glimmora|Focus Sash
|-damage|p1a: Glimmora|1/100
|move|p1a: Glimmora|Stealth Rock|p2a: Walking Wake
|-sidestart|p2: freezeburnedbaboon|move: Stealth Rock
|
|-weather|SunnyDay|[upkeep]
|upkeep
|turn|15
|
|t:|1760461290
|move|p2a: Walking Wake|Hydro Steam|p1a: Glimmora
|-supereffective|p1a: Glimmora
|-damage|p1a: Glimmora|0 fnt
|faint|p1a: Glimmora
|
|-weather|SunnyDay|[upkeep]
|upkeep
|
|t:|1760461296
|switch|p1a: Gholdengo|Gholdengo|20/100
|turn|16
|
|t:|1760461301
|move|p2a: Walking Wake|Hydro Steam|p1a: Gholdengo
|-damage|p1a: Gholdengo|0 fnt
|faint|p1a: Gholdengo
|
|-weather|none
|-end|p2a: Walking Wake|Protosynthesis
|upkeep
|-message|Yaboigrlica forfeited.
|
|win|freezeburnedbaboon
|raw|Yaboigrlica's rating: 1122 &rarr; <strong>1095</strong><br />(-27 for losing)
|raw|freezeburnedbaboon's rating: 1096 &rarr; <strong>1124</strong><br />(+28 for winning)
|l|☆freezeburnedbaboon
|player|p2|
