|j|☆professorbert
|j|☆phrugsqueek
|t:|1760389747
|gametype|singles
|player|p1|professorbert|pryce|1224
|player|p2|phrugsqueek|psychicf-gen4|1220
|gen|9
|tier|[Gen 9] OU
|rated|
|rule|HP Percentage Mod: HP is shown in percentages
|rule|Endless Battle Clause: Forcing endless battles is banned
|rule|Species Clause: Limit one of each Pokémon
|rule|OHKO Clause: OHKO moves are banned
|rule|Evasion Items Clause: Evasion items are banned
|rule|Evasion Moves Clause: Evasion moves are banned
|rule|Evasion Abilities Clause: Evasion abilities are banned
|rule|Sleep Moves Clause: Sleep-inducing moves are banned
|clearpoke
|poke|p1|Ninetales-Alola, F|
|poke|p1|Cetitan, M|
|poke|p1|Alomomola, F|
|poke|p1|Glimmora, M|
|poke|p1|Regice|
|poke|p1|Avalugg-Hisui, F|
|poke|p2|Azumarill, M|
|poke|p2|Garganacl, M|
|poke|p2|Whiscash, F|
|poke|p2|Polteageist|
|poke|p2|Swalot, F|
|poke|p2|Hitmonchan, M|
|teampreview
|inactive|Battle timer is ON: inactive players will automatically lose when time's up. (requested by professorbert)
|
|t:|1760389767
|teamsize|p1|6
|teamsize|p2|6
|start
|switch|p1a: Glimmora|Glimmora, M|100/100
|switch|p2a: Whiscash|Whiscash, F|100/100
|turn|1
|
|t:|1760389775
|move|p1a: Glimmora|Stealth Rock|p2a: Whiscash
|-sidestart|p2: phrugsqueek|move: Stealth Rock
|move|p2a: Whiscash|Stealth Rock|p1a: Glimmora
|-sidestart|p1: professorbert|move: Stealth Rock
|
|upkeep
|turn|2
|
|t:|1760389780
|move|p1a: Glimmora|Mortal Spin|p2a: Whiscash
|-resisted|p2a: Whiscash
|-damage|p2a: Whiscash|98/100
|-status|p2a: Whiscash|psn
|-damage|p1a: Glimmora|84/100|[from] item: Rocky Helmet|[of] p2a: Whiscash
|-sideend|p1: professorbert|Stealth Rock|[from] move: Mortal Spin|[of] p1a: Glimmora
|move|p2a: Whiscash|Dragon Dance|p2a: Whiscash
|-boost|p2a: Whiscash|atk|1
|-boost|p2a: Whiscash|spe|1
|
|-damage|p2a: Whiscash|86/100 psn|[from] psn
|upkeep
|turn|3
|
|t:|1760389793
|switch|p1a: Ninetales|Ninetales-Alola, F, shiny|100/100
|-weather|Snowscape|[from] ability: Snow Warning|[of] p1a: Ninetales
|move|p2a: Whiscash|Earthquake|p1a: Ninetales
|-damage|p1a: Ninetales|72/100
|
|-weather|Snowscape|[upkeep]
|-damage|p2a: Whiscash|73/100 psn|[from] psn
|upkeep
|turn|4
|
|t:|1760389805
|move|p1a: Ninetales|Freeze-Dry|p2a: Whiscash
|-supereffective|p2a: Whiscash
|-damage|p2a: Whiscash|0 fnt
|faint|p2a: Whiscash
|
|-weather|Snowscape|[upkeep]
|upkeep
|
|t:|1760389816
|switch|p2a: Hitmonchan|Hitmonchan, M|100/100
|-damage|p2a: Hitmonchan|94/100|[from] Stealth Rock
|turn|5
|
|t:|1760389828
|move|p1a: Ninetales|Aurora Veil|p1a: Ninetales
|-sidestart|p1: professorbert|move: Aurora Veil
|move|p2a: Hitmonchan|Rapid Spin|p1a: Ninetales
|-damage|p1a: Ninetales|64/100
|-boost|p2a: Hitmonchan|spe|1
|-sideend|p2: phrugsqueek|Stealth Rock|[from] move: Rapid Spin|[of] p2a: Hitmonchan
|-damage|p2a: Hitmonchan|84/100|[from] item: Life Orb
|
|-weather|Snowscape|[upkeep]
|upkeep
|turn|6
|
|t:|1760389837
|move|p2a: Hitmonchan|Drain Punch|p1a: Ninetales
|-damage|p1a: Ninetales|49/100
|-heal|p2a: Hitmonchan|93/100|[from] drain|[of] p1a: Ninetales
|-damage|p2a: Hitmonchan|83/100|[from] item: Life Orb
|move|p1a: Ninetales|Moonblast|p2a: Hitmonchan
|-supereffective|p2a: Hitmonchan
|-damage|p2a: Hitmonchan|14/100
|-unboost|p2a: Hitmonchan|spa|1
|
|-weather|Snowscape|[upkeep]
|upkeep
|turn|7
|
|t:|1760389852
|move|p2a: Hitmonchan|Drain Punch|p1a: Ninetales
|-damage|p1a: Ninetales|31/100
|-heal|p2a: Hitmonchan|25/100|[from] drain|[of] p1a: Ninetales
|-damage|p2a: Hitmonchan|15/100|[from] item: Life Orb
|move|p1a: Ninetales|Moonblast|p2a: Hitmonchan
|-supereffective|p2a: Hitmonchan
|-damage|p2a: Hitmonchan|0 fnt
|faint|p2a: Hitmonchan
|
|-weather|Snowscape|[upkeep]
|upkeep
|
|t:|1760389865
|switch|p2a: Swalot|Swalot, F|100/100
|turn|8
|
|t:|1760389879
|switch|p1a: Avalugg|Avalugg-Hisui, F|100/100
|move|p2a: Swalot|Stuff Cheeks|p2a: Swalot
|-boost|p2a: Swalot|def|2
|-enditem|p2a: Swalot|Starf Berry|[eat]
|-boost|p2a: Swalot|atk|2|[from] item: Starf Berry
|
|-weather|Snowscape|[upkeep]
|upkeep
|turn|9
|
|t:|1760389893
|move|p2a: Swalot|Thief|p1a: Avalugg
|-damage|p1a: Avalugg|97/100
|-enditem|p1a: Avalugg|Leftovers|[silent]|[from] move: Thief|[of] p2a: Swalot
|-item|p2a: Swalot|Leftovers|[from] move: Thief|[of] p1a: Avalugg
|move|p1a: Avalugg|Iron Defense|p1a: Avalugg
|-boost|p1a: Avalugg|def|2
|
|-weather|Snowscape|[upkeep]
|-sideend|p1: professorbert|move: Aurora Veil
|upkeep
|turn|10
|
|t:|1760389905
|move|p2a: Swalot|Body Press|p1a: Avalugg
|-supereffective|p1a: Avalugg
|-damage|p1a: Avalugg|69/100
|move|p1a: Avalugg|Iron Defense|p1a: Avalugg
|-boost|p1a: Avalugg|def|2
|
|-weather|none
|upkeep
|turn|11
|
|t:|1760389915
|move|p2a: Swalot|Belch|p1a: Avalugg|[miss]
|-miss|p2a: Swalot|p1a: Avalugg
|move|p1a: Avalugg|Body Press|p2a: Swalot
|-resisted|p2a: Swalot
|-damage|p2a: Swalot|79/100
|
|-heal|p2a: Swalot|85/100|[from] item: Leftovers
|upkeep
|turn|12
|
|t:|1760389926
|move|p2a: Swalot|Belch|p1a: Avalugg
|-resisted|p1a: Avalugg
|-damage|p1a: Avalugg|26/100
|move|p1a: Avalugg|Avalanche|p2a: Swalot
|-damage|p2a: Swalot|61/100
|
|-heal|p2a: Swalot|67/100|[from] item: Leftovers
|upkeep
|turn|13
|
|t:|1760389935
|move|p2a: Swalot|Belch|p1a: Avalugg|[miss]
|-miss|p2a: Swalot|p1a: Avalugg
|move|p1a: Avalugg|Recover|p1a: Avalugg
|-heal|p1a: Avalugg|76/100
|
|-heal|p2a: Swalot|73/100|[from] item: Leftovers
|upkeep
|turn|14
|
|t:|1760389946
|move|p2a: Swalot|Belch|p1a: Avalugg
|-resisted|p1a: Avalugg
|-damage|p1a: Avalugg|37/100
|move|p1a: Avalugg|Iron Defense|p1a: Avalugg
|-boost|p1a: Avalugg|def|2
|
|-heal|p2a: Swalot|79/100|[from] item: Leftovers
|upkeep
|turn|15
|
|t:|1760389955
|move|p2a: Swalot|Belch|p1a: Avalugg
|-resisted|p1a: Avalugg
|-damage|p1a: Avalugg|1/100
|move|p1a: Avalugg|Recover|p1a: Avalugg
|-heal|p1a: Avalugg|51/100
|
|-heal|p2a: Swalot|85/100|[from] item: Leftovers
|upkeep
|turn|16
|
|t:|1760389963
|move|p2a: Swalot|Belch|p1a: Avalugg
|-resisted|p1a: Avalugg
|-damage|p1a: Avalugg|11/100
|move|p1a: Avalugg|Recover|p1a: Avalugg
|-heal|p1a: Avalugg|61/100
|
|-heal|p2a: Swalot|92/100|[from] item: Leftovers
|upkeep
|turn|17
|
|t:|1760389972
|move|p2a: Swalot|Belch|p1a: Avalugg
|-resisted|p1a: Avalugg
|-damage|p1a: Avalugg|24/100
|move|p1a: Avalugg|Recover|p1a: Avalugg
|-heal|p1a: Avalugg|74/100
|
|-heal|p2a: Swalot|98/100|[from] item: Leftovers
|upkeep
|turn|18
|
|t:|1760389981
|move|p2a: Swalot|Belch|p1a: Avalugg
|-resisted|p1a: Avalugg
|-damage|p1a: Avalugg|35/100
|move|p1a: Avalugg|Recover|p1a: Avalugg
|-heal|p1a: Avalugg|85/100
|
|-heal|p2a: Swalot|100/100|[from] item: Leftovers
|upkeep
|turn|19
|
|t:|1760389992
|move|p2a: Swalot|Belch|p1a: Avalugg
|-resisted|p1a: Avalugg
|-damage|p1a: Avalugg|47/100
|move|p1a: Avalugg|Body Press|p2a: Swalot
|-resisted|p2a: Swalot
|-damage|p2a: Swalot|74/100
|
|-heal|p2a: Swalot|80/100|[from] item: Leftovers
|upkeep
|turn|20
|
|t:|1760390001
|move|p2a: Swalot|Belch|p1a: Avalugg
|-resisted|p1a: Avalugg
|-damage|p1a: Avalugg|7/100
|move|p1a: Avalugg|Recover|p1a: Avalugg
|-heal|p1a: Avalugg|57/100
|
|-heal|p2a: Swalot|86/100|[from] item: Leftovers
|upkeep
|turn|21
|
|t:|1760390020
|move|p2a: Swalot|Belch|p1a: Avalugg
|-resisted|p1a: Avalugg
|-damage|p1a: Avalugg|16/100
|move|p1a: Avalugg|Avalanche|p2a: Swalot
|-damage|p2a: Swalot|63/100
|
|-heal|p2a: Swalot|69/100|[from] item: Leftovers
|upkeep
|turn|22
|
|t:|1760390029
|move|p2a: Swalot|Belch|p1a: Avalugg
|-resisted|p1a: Avalugg
|-crit|p1a: Avalugg
|-damage|p1a: Avalugg|0 fnt
|faint|p1a: Avalugg
|
|-heal|p2a: Swalot|76/100|[from] item: Leftovers
|upkeep
|inactive|professorbert has 120 seconds left.
|
|t:|1760390069
|switch|p1a: Glimmora|Glimmora, M|84/100
|turn|23
|
|t:|1760390073
|move|p1a: Glimmora|Earth Power|p2a: Swalot
|-supereffective|p2a: Swalot
|-damage|p2a: Swalot|0 fnt
|faint|p2a: Swalot
|
|upkeep
|
|t:|1760390083
|switch|p2a: Polteageist|Polteageist|100/100
|turn|24
|
|t:|1760390094
|move|p1a: Glimmora|Mortal Spin|p2a: Polteageist
|-resisted|p2a: Polteageist
|-damage|p2a: Polteageist|95/100
|-status|p2a: Polteageist|psn
|-ability|p2a: Polteageist|Weak Armor|boost
|-unboost|p2a: Polteageist|def|1
|-boost|p2a: Polteageist|spe|2
|move|p2a: Polteageist|Shell Smash|p2a: Polteageist
|-unboost|p2a: Polteageist|def|1
|-unboost|p2a: Polteageist|spd|1
|-boost|p2a: Polteageist|atk|2
|-boost|p2a: Polteageist|spa|2
|-boost|p2a: Polteageist|spe|2
|
|-damage|p2a: Polteageist|82/100 psn|[from] psn
|upkeep
|turn|25
|
|t:|1760390111
|move|p2a: Polteageist|Giga Drain|p1a: Glimmora
|-damage|p1a: Glimmora|18/100
|-heal|p2a: Polteageist|100/100 psn|[from] drain|[of] p1a: Glimmora
|move|p1a: Glimmora|Power Gem|p2a: Polteageist
|-damage|p2a: Polteageist|23/100 psn
|
|-damage|p2a: Polteageist|11/100 psn|[from] psn
|upkeep
|turn|26
|
|t:|1760390121
|move|p2a: Polteageist|Giga Drain|p1a: Glimmora
|-damage|p1a: Glimmora|0 fnt
|-heal|p2a: Polteageist|21/100 psn|[from] drain|[of] p1a: Glimmora
|faint|p1a: Glimmora
|
|-damage|p2a: Polteageist|9/100 psn|[from] psn
|upkeep
|inactive|professorbert has 120 seconds left.
|
|t:|1760390155
|switch|p1a: Regice|Regice|100/100
|turn|27
|
|t:|1760390161
|move|p2a: Polteageist|Stored Power|p1a: Regice
|-damage|p1a: Regice|59/100
|move|p1a: Regice|Charge Beam|p2a: Polteageist
|-damage|p2a: Polteageist|0 fnt
|-boost|p1a: Regice|spa|1
|faint|p2a: Polteageist
|
|upkeep
|
|t:|1760390170
|switch|p2a: Garganacl|Garganacl, M|100/100
|turn|28
|
|t:|1760390180
|move|p1a: Regice|Flash Cannon|p2a: Garganacl
|-supereffective|p2a: Garganacl
|-damage|p2a: Garganacl|42/100
|move|p2a: Garganacl|Salt Cure|p1a: Regice
|-supereffective|p1a: Regice
|-damage|p1a: Regice|25/100
|-start|p1a: Regice|Salt Cure
|
|-damage|p1a: Regice|13/100|[from] Salt Cure
|upkeep
|turn|29
|inactive|professorbert has 120 seconds left.
|
|t:|1760390189
|move|p2a: Garganacl|Protect|p2a: Garganacl
|-singleturn|p2a: Garganacl|Protect
|move|p1a: Regice|Flash Cannon|p2a: Garganacl
|-activate|p2a: Garganacl|move: Protect
|
|-damage|p1a: Regice|0 fnt|[from] Salt Cure
|faint|p1a: Regice
|upkeep
|inactive|professorbert has 120 seconds left.
|
|t:|1760390198
|switch|p1a: Ninetales|Ninetales-Alola, F, shiny|31/100
|-weather|Snowscape|[from] ability: Snow Warning|[of] p1a: Ninetales
|turn|30
|
|t:|1760390204
|move|p1a: Ninetales|Aurora Veil|p1a: Ninetales
|-sidestart|p1: professorbert|move: Aurora Veil
|move|p2a: Garganacl|Salt Cure|p1a: Ninetales
|-supereffective|p1a: Ninetales
|-crit|p1a: Ninetales
|-damage|p1a: Ninetales|0 fnt
|faint|p1a: Ninetales
|
|-weather|Snowscape|[upkeep]
|upkeep
|
|t:|1760390212
|switch|p1a: Cetitan|Cetitan, M, shiny|100/100
|turn|31
|
|t:|1760390220
|move|p1a: Cetitan|Earthquake|p2a: Garganacl
|-supereffective|p2a: Garganacl
|-damage|p2a: Garganacl|8/100
|move|p2a: Garganacl|Salt Cure|p1a: Cetitan
|-supereffective|p1a: Cetitan
|-damage|p1a: Cetitan|92/100
|-start|p1a: Cetitan|Salt Cure
|
|-weather|Snowscape|[upkeep]
|-damage|p1a: Cetitan|79/100|[from] Salt Cure
|upkeep
|turn|32
|
|t:|1760390231
|move|p2a: Garganacl|Protect|p2a: Garganacl
|-singleturn|p2a: Garganacl|Protect
|move|p1a: Cetitan|Belly Drum|p1a: Cetitan
|-damage|p1a: Cetitan|29/100
|-setboost|p1a: Cetitan|atk|6|[from] move: Belly Drum
|
|-weather|Snowscape|[upkeep]
|-damage|p1a: Cetitan|17/100|[from] Salt Cure
|upkeep
|turn|33
|
|t:|1760390245
|move|p2a: Garganacl|Protect||[still]
|-fail|p2a: Garganacl
|move|p1a: Cetitan|Earthquake|p2a: Garganacl
|-supereffective|p2a: Garganacl
|-damage|p2a: Garganacl|0 fnt
|faint|p2a: Garganacl
|
|-weather|Snowscape|[upkeep]
|-damage|p1a: Cetitan|4/100|[from] Salt Cure
|upkeep
|
|t:|1760390254
|switch|p2a: Azumarill|Azumarill, M|100/100
|turn|34
|
|t:|1760390265
|move|p1a: Cetitan|Ice Shard|p2a: Azumarill
|-resisted|p2a: Azumarill
|-damage|p2a: Azumarill|53/100
|move|p2a: Azumarill|Aqua Jet|p1a: Cetitan
|-damage|p1a: Cetitan|0 fnt
|faint|p1a: Cetitan
|
|-weather|Snowscape|[upkeep]
|-sideend|p1: professorbert|move: Aurora Veil
|upkeep
|
|t:|1760390274
|switch|p1a: Alomomola|Alomomola, F, shiny|100/100
|turn|35
|
|t:|1760390280
|move|p2a: Azumarill|Play Rough|p1a: Alomomola
|-damage|p1a: Alomomola|71/100
|-damage|p2a: Azumarill|37/100|[from] item: Rocky Helmet|[of] p1a: Alomomola
|-enditem|p2a: Azumarill|Sitrus Berry|[eat]
|-heal|p2a: Azumarill|62/100|[from] item: Sitrus Berry
|move|p1a: Alomomola|Scald|p2a: Azumarill
|-resisted|p2a: Azumarill
|-damage|p2a: Azumarill|55/100
|-status|p2a: Azumarill|brn
|
|-weather|Snowscape|[upkeep]
|-damage|p2a: Azumarill|48/100 brn|[from] brn
|upkeep
|turn|36
|
|t:|1760390298
|move|p2a: Azumarill|Ice Punch|p1a: Alomomola
|-resisted|p1a: Alomomola
|-damage|p1a: Alomomola|67/100
|-damage|p2a: Azumarill|32/100 brn|[from] item: Rocky Helmet|[of] p1a: Alomomola
|move|p1a: Alomomola|Wish|p1a: Alomomola
|
|-weather|Snowscape|[upkeep]
|-damage|p2a: Azumarill|26/100 brn|[from] brn
|upkeep
|turn|37
|
|t:|1760390313
|move|p2a: Azumarill|Play Rough|p1a: Alomomola
|-damage|p1a: Alomomola|53/100
|-damage|p2a: Azumarill|9/100 brn|[from] item: Rocky Helmet|[of] p1a: Alomomola
|move|p1a: Alomomola|Scald|p2a: Azumarill
|-resisted|p2a: Azumarill
|-damage|p2a: Azumarill|1/100 brn
|
|-weather|none
|-heal|p1a: Alomomola|100/100|[from] move: Wish|[wisher] Alomomola
|-damage|p2a: Azumarill|0 fnt|[from] brn
|faint|p2a: Azumarill
|
|win|professorbert
|raw|professorbert's rating: 1224 &rarr; <strong>1249</strong><br />(+25 for winning)
|raw|phrugsqueek's rating: 1220 &rarr; <strong>1195</strong><br />(-25 for losing)
|l|☆phrugsqueek
|player|p2|
|l|☆professorbert
|player|p1|
