|j|☆hj7
|j|☆WALOSA DE ELITE
|t:|1760299495
|gametype|singles
|player|p1|hj7|265|1309
|player|p2|WALOSA DE ELITE|2|1377
|gen|9
|tier|[Gen 9] OU
|rated|
|rule|HP Percentage Mod: HP is shown in percentages
|rule|Endless Battle Clause: Forcing endless battles is banned
|rule|Species Clause: Limit one of each Pokémon
|rule|OHKO Clause: OHKO moves are banned
|rule|Evasion Items Clause: Evasion items are banned
|rule|Evasion Moves Clause: Evasion moves are banned
|rule|Evasion Abilities Clause: Evasion abilities are banned
|rule|Sleep Moves Clause: Sleep-inducing moves are banned
|clearpoke
|poke|p1|Dragapult, F|
|poke|p1|Araquanid, F|
|poke|p1|Serperior, F|
|poke|p1|Samurott-Hisui, M|
|poke|p1|Landorus-Therian, M|
|poke|p1|Zapdos|
|poke|p2|Grimmsnarl, M|
|poke|p2|Braviary-Hisui, M|
|poke|p2|Clefable, M|
|poke|p2|Latias, F|
|poke|p2|Kyurem|
|poke|p2|Glimmora, M|
|teampreview
|
|t:|1760299506
|teamsize|p1|6
|teamsize|p2|6
|start
|switch|p1a: Araquanid|Araquanid, F|100/100
|switch|p2a: Grimmsnarl|Grimmsnarl, M|100/100
|turn|1
|
|t:|1760299514
|move|p2a: Grimmsnarl|Taunt|p1a: Araquanid
|-start|p1a: Araquanid|move: Taunt
|cant|p1a: Araquanid|move: Taunt|Sticky Web
|
|upkeep
|turn|2
|
|t:|1760299520
|move|p2a: Grimmsnarl|Reflect|p2a: Grimmsnarl
|-sidestart|p2: WALOSA DE ELITE|Reflect
|move|p1a: Araquanid|Hydro Pump|p2a: Grimmsnarl
|-damage|p2a: Grimmsnarl|65/100
|
|upkeep
|turn|3
|inactive|Battle timer is ON: inactive players will automatically lose when time's up. (requested by WALOSA DE ELITE)
|
|t:|1760299557
|move|p2a: Grimmsnarl|Light Screen|p2a: Grimmsnarl
|-sidestart|p2: WALOSA DE ELITE|move: Light Screen
|move|p1a: Araquanid|Lunge|p2a: Grimmsnarl
|-damage|p2a: Grimmsnarl|54/100
|-unboost|p2a: Grimmsnarl|atk|1
|
|-end|p1a: Araquanid|move: Taunt
|upkeep
|turn|4
|
|t:|1760299565
|move|p2a: Grimmsnarl|Taunt|p1a: Araquanid
|-start|p1a: Araquanid|move: Taunt
|cant|p1a: Araquanid|move: Taunt|Sticky Web
|
|upkeep
|turn|5
|
|t:|1760299580
|switch|p1a: Landorus|Landorus-Therian, M|100/100
|-ability|p1a: Landorus|Intimidate|boost
|-unboost|p2a: Grimmsnarl|atk|1
|move|p2a: Grimmsnarl|Spirit Break|p1a: Landorus
|-damage|p1a: Landorus|84/100
|-unboost|p1a: Landorus|spa|1
|-damage|p2a: Grimmsnarl|37/100|[from] item: Rocky Helmet|[of] p1a: Landorus
|
|upkeep
|turn|6
|
|t:|1760299608
|switch|p2a: Braviary|Braviary-Hisui, M|100/100
|move|p1a: Landorus|Stealth Rock|p2a: Braviary
|-sidestart|p2: WALOSA DE ELITE|move: Stealth Rock
|
|upkeep
|turn|7
|
|t:|1760299622
|move|p1a: Landorus|Stone Edge|p2a: Braviary
|-supereffective|p2a: Braviary
|-damage|p2a: Braviary|47/100
|move|p2a: Braviary|Hurricane|p1a: Landorus
|-damage|p1a: Landorus|0 fnt
|faint|p1a: Landorus
|
|upkeep
|
|t:|1760299635
|switch|p1a: Samurott|Samurott-Hisui, M|100/100
|turn|8
|
|t:|1760299642
|move|p1a: Samurott|Ceaseless Edge|p2a: Braviary
|-supereffective|p2a: Braviary
|-damage|p2a: Braviary|0 fnt
|-sidestart|p2: WALOSA DE ELITE|Spikes
|faint|p2a: Braviary
|
|upkeep
|
|t:|1760299645
|switch|p2a: Glimmora|Glimmora, M|100/100
|-damage|p2a: Glimmora|88/100|[from] Stealth Rock
|-damage|p2a: Glimmora|76/100|[from] Spikes
|turn|9
|
|t:|1760299653
|move|p2a: Glimmora|Mortal Spin|p1a: Samurott
|-damage|p1a: Samurott|94/100
|-status|p1a: Samurott|psn
|-sideend|p2: WALOSA DE ELITE|Spikes|[from] move: Mortal Spin|[of] p2a: Glimmora
|-sideend|p2: WALOSA DE ELITE|Stealth Rock|[from] move: Mortal Spin|[of] p2a: Glimmora
|move|p1a: Samurott|Ceaseless Edge|p2a: Glimmora
|-damage|p2a: Glimmora|49/100
|-activate|p2a: Glimmora|ability: Toxic Debris
|-sidestart|p1: hj7|move: Toxic Spikes
|-sidestart|p2: WALOSA DE ELITE|Spikes
|
|-heal|p1a: Samurott|99/100 psn|[from] item: Leftovers
|-damage|p1a: Samurott|87/100 psn|[from] psn
|-sideend|p2: WALOSA DE ELITE|Reflect
|upkeep
|turn|10
|
|t:|1760299665
|move|p2a: Glimmora|Mortal Spin|p1a: Samurott
|-damage|p1a: Samurott|80/100 psn
|-sideend|p2: WALOSA DE ELITE|Spikes|[from] move: Mortal Spin|[of] p2a: Glimmora
|move|p1a: Samurott|Razor Shell|p2a: Glimmora
|-supereffective|p2a: Glimmora
|-damage|p2a: Glimmora|0 fnt
|-activate|p2a: Glimmora|ability: Toxic Debris
|-sidestart|p1: hj7|move: Toxic Spikes
|faint|p2a: Glimmora
|
|-heal|p1a: Samurott|86/100 psn|[from] item: Leftovers
|-damage|p1a: Samurott|73/100 psn|[from] psn
|-sideend|p2: WALOSA DE ELITE|move: Light Screen
|upkeep
|
|t:|1760299684
|switch|p2a: Latias|Latias, F|100/100
|turn|11
|
|t:|1760299704
|move|p1a: Samurott|Ceaseless Edge|p2a: Latias
|-supereffective|p2a: Latias
|-crit|p2a: Latias
|-damage|p2a: Latias|9/100
|-enditem|p2a: Latias|Weakness Policy
|-boost|p2a: Latias|atk|2|[from] item: Weakness Policy
|-boost|p2a: Latias|spa|2|[from] item: Weakness Policy
|-sidestart|p2: WALOSA DE ELITE|Spikes
|move|p2a: Latias|Agility|p2a: Latias
|-boost|p2a: Latias|spe|2
|
|-heal|p1a: Samurott|80/100 psn|[from] item: Leftovers
|-damage|p1a: Samurott|67/100 psn|[from] psn
|upkeep
|turn|12
|
|t:|1760299716
|move|p1a: Samurott|Aqua Jet|p2a: Latias
|-resisted|p2a: Latias
|-damage|p2a: Latias|2/100
|move|p2a: Latias|Draining Kiss|p1a: Samurott
|-supereffective|p1a: Samurott
|-damage|p1a: Samurott|0 fnt
|-heal|p2a: Latias|46/100|[from] drain|[of] p1a: Samurott
|faint|p1a: Samurott
|
|upkeep
|inactive|hj7 has 120 seconds left.
|
|t:|1760299739
|switch|p1a: Araquanid|Araquanid, F|100/100
|turn|13
|inactive|WALOSA DE ELITE has 120 seconds left.
|c|☆WALOSA DE ELITE|!calc
|c| WALOSA DE ELITE|/raw <div class="infobox">Pok&eacute;mon Showdown! damage calculator. (Courtesy of Honko, Austin, dhelmise, &amp; jetou)<br />- <a href="https://calc.pokemonshowdown.com/index.html?gen=9">Damage Calculator</a></div>
|inactive|WALOSA DE ELITE has 90 seconds left.
|
|t:|1760299829
|-terastallize|p2a: Latias|Fairy
|move|p2a: Latias|Calm Mind|p2a: Latias
|-boost|p2a: Latias|spa|1
|-boost|p2a: Latias|spd|1
|move|p1a: Araquanid|Lunge|p2a: Latias
|-resisted|p2a: Latias
|-damage|p2a: Latias|40/100
|-unboost|p2a: Latias|atk|1
|
|upkeep
|turn|14
|inactive|WALOSA DE ELITE has 60 seconds left.
|inactive|hj7 has 120 seconds left.
|
|t:|1760299851
|move|p2a: Latias|Stored Power|p1a: Araquanid
|-damage|p1a: Araquanid|12/100
|move|p1a: Araquanid|Hydro Pump|p2a: Latias
|-damage|p2a: Latias|19/100
|
|upkeep
|turn|15
|inactive|WALOSA DE ELITE has 60 seconds left.
|c|☆WALOSA DE ELITE|max spdef eww
|
|t:|1760299866
|move|p2a: Latias|Stored Power|p1a: Araquanid
|-damage|p1a: Araquanid|0 fnt
|faint|p1a: Araquanid
|
|upkeep
|inactive|hj7 has 120 seconds left.
|c|☆WALOSA DE ELITE|u do 0 dmg
|
|t:|1760299883
|switch|p1a: Zapdos|Zapdos|100/100
|turn|16
|inactive|hj7 has 120 seconds left.
|
|t:|1760299894
|move|p2a: Latias|Stored Power|p1a: Zapdos
|-damage|p1a: Zapdos|0 fnt
|faint|p1a: Zapdos
|
|upkeep
|
|t:|1760299898
|switch|p1a: Serperior|Serperior, F|100/100
|-status|p1a: Serperior|tox
|turn|17
|
|t:|1760299904
|move|p2a: Latias|Stored Power|p1a: Serperior
|-damage|p1a: Serperior|0 fnt
|faint|p1a: Serperior
|
|upkeep
|
|t:|1760299908
|switch|p1a: Dragapult|Dragapult, F|100/100
|-status|p1a: Dragapult|tox
|turn|18
|
|t:|1760299913
|-terastallize|p1a: Dragapult|Ghost
|move|p2a: Latias|Stored Power|p1a: Dragapult
|-damage|p1a: Dragapult|0 fnt
|faint|p1a: Dragapult
|
|win|WALOSA DE ELITE
|raw|hj7's rating: 1309 &rarr; <strong>1293</strong><br />(-16 for losing)
|raw|WALOSA DE ELITE's rating: 1377 &rarr; <strong>1393</strong><br />(+16 for winning)
|l|☆hj7
|player|p1|
