|j|‽Guzzlord deez
|j|☆O YAGO
|t:|1760458963
|gametype|singles
|player|p1|Guzzlord deez|cilan|1138
|player|p2|O YAGO|blackbelt-gen4dp|1087
|gen|9
|tier|[Gen 9] OU
|rated|
|rule|HP Percentage Mod: HP is shown in percentages
|rule|Endless Battle Clause: Forcing endless battles is banned
|rule|Species Clause: Limit one of each Pokémon
|rule|OHKO Clause: OHKO moves are banned
|rule|Evasion Items Clause: Evasion items are banned
|rule|Evasion Moves Clause: Evasion moves are banned
|rule|Evasion Abilities Clause: Evasion abilities are banned
|rule|Sleep Moves Clause: Sleep-inducing moves are banned
|clearpoke
|poke|p1|Rotom-Wash|
|poke|p1|Latios, M|
|poke|p1|Comfey, M|
|poke|p1|Zapdos-Galar|
|poke|p1|Ceruledge, F|
|poke|p1|Pecharunt|
|poke|p2|Pikachu-World, M|
|poke|p2|Lucario, M|
|poke|p2|Infernape, M|
|poke|p2|Charizard, M|
|poke|p2|Gengar, M|
|poke|p2|Dragonite, F|
|teampreview
|
|t:|1760458978
|teamsize|p1|6
|teamsize|p2|6
|start
|switch|p1a: Comfey|Comfey, M|100/100
|switch|p2a: Charizard|Charizard, M|100/100
|turn|1
|inactive|Battle timer is ON: inactive players will automatically lose when time's up. (requested by Guzzlord deez)
|
|t:|1760458988
|move|p2a: Charizard|Metal Claw|p1a: Comfey
|-supereffective|p1a: Comfey
|-damage|p1a: Comfey|61/100
|-damage|p2a: Charizard|91/100|[from] item: Life Orb
|move|p1a: Comfey|Calm Mind|p1a: Comfey
|-boost|p1a: Comfey|spa|1
|-boost|p1a: Comfey|spd|1
|
|-heal|p1a: Comfey|67/100|[from] item: Leftovers
|upkeep
|turn|2
|
|t:|1760459000
|-terastallize|p2a: Charizard|Fire
|move|p2a: Charizard|Flamethrower|p1a: Comfey
|-damage|p1a: Comfey|30/100
|-damage|p2a: Charizard|81/100|[from] item: Life Orb
|move|p1a: Comfey|Calm Mind|p1a: Comfey
|-boost|p1a: Comfey|spa|1
|-boost|p1a: Comfey|spd|1
|
|-heal|p1a: Comfey|36/100|[from] item: Leftovers
|upkeep
|turn|3
|
|t:|1760459009
|move|p1a: Comfey|Synthesis|p1a: Comfey
|-heal|p1a: Comfey|86/100
|move|p2a: Charizard|Flamethrower|p1a: Comfey
|-damage|p1a: Comfey|57/100
|-damage|p2a: Charizard|71/100|[from] item: Life Orb
|
|-heal|p1a: Comfey|63/100|[from] item: Leftovers
|upkeep
|turn|4
|
|t:|1760459017
|move|p2a: Charizard|Metal Claw|p1a: Comfey
|-supereffective|p1a: Comfey
|-damage|p1a: Comfey|22/100
|-damage|p2a: Charizard|61/100|[from] item: Life Orb
|move|p1a: Comfey|Calm Mind|p1a: Comfey
|-boost|p1a: Comfey|spa|1
|-boost|p1a: Comfey|spd|1
|
|-heal|p1a: Comfey|28/100|[from] item: Leftovers
|upkeep
|turn|5
|
|t:|1760459025
|move|p1a: Comfey|Synthesis|p1a: Comfey
|-heal|p1a: Comfey|78/100
|move|p2a: Charizard|Metal Claw|p1a: Comfey
|-supereffective|p1a: Comfey
|-damage|p1a: Comfey|42/100
|-damage|p2a: Charizard|52/100|[from] item: Life Orb
|
|-heal|p1a: Comfey|48/100|[from] item: Leftovers
|upkeep
|turn|6
|
|t:|1760459034
|move|p1a: Comfey|Draining Kiss|p2a: Charizard
|-resisted|p2a: Charizard
|-damage|p2a: Charizard|18/100
|-heal|p1a: Comfey|72/100|[from] drain|[of] p2a: Charizard
|move|p2a: Charizard|Flamethrower|p1a: Comfey
|-damage|p1a: Comfey|35/100
|-damage|p2a: Charizard|9/100|[from] item: Life Orb
|
|-heal|p1a: Comfey|41/100|[from] item: Leftovers
|upkeep
|turn|7
|
|t:|1760459043
|move|p1a: Comfey|Synthesis|p1a: Comfey
|-heal|p1a: Comfey|91/100
|move|p2a: Charizard|Flamethrower|p1a: Comfey
|-damage|p1a: Comfey|55/100
|-damage|p2a: Charizard|0 fnt|[from] item: Life Orb
|faint|p2a: Charizard
|
|-heal|p1a: Comfey|62/100|[from] item: Leftovers
|upkeep
|
|t:|1760459058
|switch|p2a: Pikachu|Pikachu-World, M|100/100
|turn|8
|
|t:|1760459081
|move|p1a: Comfey|Draining Kiss|p2a: Pikachu
|-damage|p2a: Pikachu|0 fnt
|-heal|p1a: Comfey|100/100|[from] drain|[of] p2a: Pikachu
|faint|p2a: Pikachu
|
|upkeep
|
|t:|1760459086
|switch|p2a: Lucario|Lucario, M|100/100
|turn|9
|
|t:|1760459094
|move|p1a: Comfey|Draining Kiss|p2a: Lucario
|-damage|p2a: Lucario|18/100
|move|p2a: Lucario|Bullet Punch|p1a: Comfey
|-supereffective|p1a: Comfey
|-damage|p1a: Comfey|51/100
|
|-heal|p1a: Comfey|57/100|[from] item: Leftovers
|upkeep
|turn|10
|
|t:|1760459104
|move|p1a: Comfey|Draining Kiss|p2a: Lucario
|-damage|p2a: Lucario|0 fnt
|-heal|p1a: Comfey|69/100|[from] drain|[of] p2a: Lucario
|faint|p2a: Lucario
|
|-heal|p1a: Comfey|76/100|[from] item: Leftovers
|upkeep
|
|t:|1760459112
|switch|p2a: Infernape|Infernape, M|100/100
|turn|11
|
|t:|1760459125
|move|p2a: Infernape|Fake Out|p1a: Comfey
|-damage|p1a: Comfey|61/100
|cant|p1a: Comfey|flinch
|
|-heal|p1a: Comfey|67/100|[from] item: Leftovers
|upkeep
|turn|12
|
|t:|1760459133
|move|p1a: Comfey|Draining Kiss|p2a: Infernape
|-damage|p2a: Infernape|22/100
|-heal|p1a: Comfey|100/100|[from] drain|[of] p2a: Infernape
|move|p2a: Infernape|Fire Punch|p1a: Comfey
|-damage|p1a: Comfey|40/100
|
|-heal|p1a: Comfey|47/100|[from] item: Leftovers
|upkeep
|turn|13
|
|t:|1760459141
|move|p1a: Comfey|Draining Kiss|p2a: Infernape
|-crit|p2a: Infernape
|-damage|p2a: Infernape|0 fnt
|-heal|p1a: Comfey|62/100|[from] drain|[of] p2a: Infernape
|faint|p2a: Infernape
|
|-heal|p1a: Comfey|68/100|[from] item: Leftovers
|upkeep
|
|t:|1760459148
|switch|p2a: Gengar|Gengar, M|100/100
|turn|14
|
|t:|1760459168
|move|p1a: Comfey|Draining Kiss|p2a: Gengar
|-resisted|p2a: Gengar
|-damage|p2a: Gengar|56/100
|-heal|p1a: Comfey|97/100|[from] drain|[of] p2a: Gengar
|move|p2a: Gengar|Sludge Wave|p1a: Comfey
|-supereffective|p1a: Comfey
|-damage|p1a: Comfey|38/100
|-damage|p2a: Gengar|46/100|[from] item: Life Orb
|
|-heal|p1a: Comfey|44/100|[from] item: Leftovers
|upkeep
|turn|15
|
|t:|1760459178
|move|p1a: Comfey|Draining Kiss|p2a: Gengar
|-resisted|p2a: Gengar
|-damage|p2a: Gengar|0 fnt
|-heal|p1a: Comfey|73/100|[from] drain|[of] p2a: Gengar
|-start|p1a: Comfey|Disable|Draining Kiss|[from] ability: Cursed Body|[of] p2a: Gengar
|faint|p2a: Gengar
|
|-heal|p1a: Comfey|80/100|[from] item: Leftovers
|upkeep
|
|t:|1760459185
|switch|p2a: Dragonite|Dragonite, F|100/100
|turn|16
|
|t:|1760459194
|move|p1a: Comfey|Giga Drain|p2a: Dragonite
|-resisted|p2a: Dragonite
|-damage|p2a: Dragonite|89/100
|-heal|p1a: Comfey|87/100|[from] drain|[of] p2a: Dragonite
|move|p2a: Dragonite|Dragon Dance|p2a: Dragonite
|-boost|p2a: Dragonite|atk|1
|-boost|p2a: Dragonite|spe|1
|
|-heal|p2a: Dragonite|96/100|[from] item: Leftovers
|-heal|p1a: Comfey|93/100|[from] item: Leftovers
|upkeep
|turn|17
|
|t:|1760459204
|move|p2a: Dragonite|Dragon Dance|p2a: Dragonite
|-boost|p2a: Dragonite|atk|1
|-boost|p2a: Dragonite|spe|1
|move|p1a: Comfey|Calm Mind|p1a: Comfey
|-boost|p1a: Comfey|spa|1
|-boost|p1a: Comfey|spd|1
|
|-heal|p2a: Dragonite|100/100|[from] item: Leftovers
|-heal|p1a: Comfey|99/100|[from] item: Leftovers
|upkeep
|turn|18
|
|t:|1760459211
|move|p1a: Comfey|Giga Drain|p2a: Dragonite
|-resisted|p2a: Dragonite
|-damage|p2a: Dragonite|86/100
|-heal|p1a: Comfey|100/100|[from] drain|[of] p2a: Dragonite
|move|p2a: Dragonite|Dragon Dance|p2a: Dragonite
|-boost|p2a: Dragonite|atk|1
|-boost|p2a: Dragonite|spe|1
|
|-heal|p2a: Dragonite|92/100|[from] item: Leftovers
|-end|p1a: Comfey|Disable
|upkeep
|turn|19
|
|t:|1760459221
|move|p1a: Comfey|Draining Kiss|p2a: Dragonite
|-supereffective|p2a: Dragonite
|-damage|p2a: Dragonite|0 fnt
|faint|p2a: Dragonite
|
|win|Guzzlord deez
|raw|Guzzlord deez's rating: 1138 &rarr; <strong>1159</strong><br />(+21 for winning)
|raw|O YAGO's rating: 1087 &rarr; <strong>1067</strong><br />(-20 for losing)
|l|☆O YAGO
|player|p2|
|l|‽Guzzlord deez
|player|p1|
