|j|☆BarqsGotBite
|j|☆Captain4Daddy
|t:|1760376685
|gametype|singles
|player|p1|BarqsGotBite|ethan|1085
|player|p2|Captain4Daddy|170|1121
|gen|9
|tier|[Gen 9] OU
|rated|
|rule|HP Percentage Mod: HP is shown in percentages
|rule|Endless Battle Clause: Forcing endless battles is banned
|rule|Species Clause: Limit one of each Pokémon
|rule|OHKO Clause: OHKO moves are banned
|rule|Evasion Items Clause: Evasion items are banned
|rule|Evasion Moves Clause: Evasion moves are banned
|rule|Evasion Abilities Clause: Evasion abilities are banned
|rule|Sleep Moves Clause: Sleep-inducing moves are banned
|clearpoke
|poke|p1|Perrserker, F|
|poke|p1|Tentacruel, F|
|poke|p1|Serperior, F|
|poke|p1|Arcanine-Hisui, M|
|poke|p1|Deoxys-Defense|
|poke|p1|Morpeko, F|
|poke|p2|Darkrai|
|poke|p2|Scizor, M|
|poke|p2|Latias, F|
|poke|p2|Weezing-Galar, F|
|poke|p2|Gliscor, F|
|poke|p2|Blissey, F|
|teampreview
|inactive|Battle timer is ON: inactive players will automatically lose when time's up. (requested by BarqsGotBite)
|
|t:|1760376732
|teamsize|p1|6
|teamsize|p2|6
|start
|switch|p1a: Morpeko|Morpeko, F|100/100
|switch|p2a: Gliscor|Gliscor, F|100/100
|turn|1
|
|t:|1760376738
|move|p1a: Morpeko|Knock Off|p2a: Gliscor
|-damage|p2a: Gliscor|75/100
|-enditem|p2a: Gliscor|Toxic Orb|[from] move: Knock Off|[of] p1a: Morpeko
|move|p2a: Gliscor|Swords Dance|p2a: Gliscor
|-boost|p2a: Gliscor|atk|2
|
|-formechange|p1a: Morpeko|Morpeko-Hangry||[from] ability: Hunger Switch
|upkeep
|turn|2
|
|t:|1760376744
|move|p1a: Morpeko|Parting Shot|p2a: Gliscor
|-unboost|p2a: Gliscor|atk|1
|-unboost|p2a: Gliscor|spa|1
|
|t:|1760376760
|switch|p1a: Deoxys|Deoxys-Defense|100/100|[from] Parting Shot
|-ability|p1a: Deoxys|Pressure
|move|p2a: Gliscor|Earthquake|p1a: Deoxys
|-damage|p1a: Deoxys|63/100
|
|-heal|p1a: Deoxys|69/100|[from] item: Leftovers
|upkeep
|turn|3
|
|t:|1760376768
|move|p1a: Deoxys|Stealth Rock|p2a: Gliscor
|-sidestart|p2: Captain4Daddy|move: Stealth Rock
|move|p2a: Gliscor|Swords Dance|p2a: Gliscor
|-boost|p2a: Gliscor|atk|2
|
|-heal|p1a: Deoxys|75/100|[from] item: Leftovers
|upkeep
|turn|4
|
|t:|1760376774
|move|p1a: Deoxys|Psychic Noise|p2a: Gliscor
|-crit|p2a: Gliscor
|-damage|p2a: Gliscor|38/100
|-start|p2a: Gliscor|move: Heal Block
|move|p2a: Gliscor|Earthquake|p1a: Deoxys
|-damage|p1a: Deoxys|9/100
|
|-heal|p1a: Deoxys|15/100|[from] item: Leftovers
|upkeep
|turn|5
|
|t:|1760376781
|move|p1a: Deoxys|Psychic Noise|p2a: Gliscor
|-damage|p2a: Gliscor|16/100
|move|p2a: Gliscor|Earthquake|p1a: Deoxys
|-damage|p1a: Deoxys|0 fnt
|faint|p1a: Deoxys
|
|-end|p2a: Gliscor|move: Heal Block
|upkeep
|
|t:|1760376792
|switch|p1a: Tentacruel|Tentacruel, F|100/100
|turn|6
|
|t:|1760376796
|move|p1a: Tentacruel|Surf|p2a: Gliscor
|-supereffective|p2a: Gliscor
|-damage|p2a: Gliscor|0 fnt
|faint|p2a: Gliscor
|
|upkeep
|
|t:|1760376799
|switch|p2a: Blissey|Blissey, F|100/100
|-damage|p2a: Blissey|88/100|[from] Stealth Rock
|turn|7
|
|t:|1760376808
|switch|p1a: Perrserker|Perrserker, F|100/100
|move|p2a: Blissey|Thunder Wave|p1a: Perrserker
|-status|p1a: Perrserker|par
|
|-heal|p2a: Blissey|94/100|[from] item: Leftovers
|upkeep
|turn|8
|
|t:|1760376815
|switch|p2a: Scizor|Scizor, M|100/100
|-damage|p2a: Scizor|88/100|[from] Stealth Rock
|cant|p1a: Perrserker|par
|
|upkeep
|turn|9
|
|t:|1760376820
|move|p2a: Scizor|Brick Break|p1a: Perrserker
|-supereffective|p1a: Perrserker
|-damage|p1a: Perrserker|9/100 par
|-damage|p2a: Scizor|71/100|[from] item: Rocky Helmet|[of] p1a: Perrserker
|cant|p1a: Perrserker|par
|
|upkeep
|turn|10
|
|t:|1760376826
|move|p2a: Scizor|Brick Break|p1a: Perrserker
|-supereffective|p1a: Perrserker
|-damage|p1a: Perrserker|0 fnt
|-damage|p2a: Scizor|55/100|[from] item: Rocky Helmet|[of] p1a: Perrserker
|faint|p1a: Perrserker
|
|upkeep
|
|t:|1760376831
|switch|p1a: Arcanine|Arcanine-Hisui, M|100/100
|turn|11
|
|t:|1760376842
|switch|p2a: Weezing|Weezing-Galar, F|100/100
|-ability|p2a: Weezing|Neutralizing Gas
|-damage|p2a: Weezing|88/100|[from] Stealth Rock
|move|p1a: Arcanine|Head Smash|p2a: Weezing
|-damage|p2a: Weezing|34/100
|-damage|p1a: Arcanine|73/100|[from] Recoil
|
|-heal|p2a: Weezing|40/100|[from] item: Leftovers
|upkeep
|turn|12
|
|t:|1760376851
|move|p1a: Arcanine|Flare Blitz|p2a: Weezing
|-damage|p2a: Weezing|0 fnt
|faint|p2a: Weezing
|-end|p2a: Weezing|ability: Neutralizing Gas
|
|upkeep
|
|t:|1760376859
|switch|p2a: Darkrai|Darkrai|100/100
|-damage|p2a: Darkrai|88/100|[from] Stealth Rock
|turn|13
|
|t:|1760376864
|move|p2a: Darkrai|Dark Pulse|p1a: Arcanine
|-damage|p1a: Arcanine|0 fnt
|faint|p1a: Arcanine
|
|upkeep
|
|t:|1760376868
|switch|p1a: Serperior|Serperior, F|100/100
|turn|14
|
|t:|1760376873
|move|p1a: Serperior|Glare|p2a: Darkrai
|-status|p2a: Darkrai|par
|cant|p2a: Darkrai|par
|
|upkeep
|turn|15
|
|t:|1760376877
|move|p1a: Serperior|Leaf Storm|p2a: Darkrai
|-damage|p2a: Darkrai|0 fnt
|-boost|p1a: Serperior|spa|2
|faint|p2a: Darkrai
|-damage|p1a: Serperior|91/100|[from] item: Life Orb
|
|upkeep
|
|t:|1760376886
|switch|p2a: Blissey|Blissey, F|94/100
|-damage|p2a: Blissey|82/100|[from] Stealth Rock
|turn|16
|
|t:|1760376889
|move|p1a: Serperior|Substitute|p1a: Serperior
|-start|p1a: Serperior|Substitute
|-damage|p1a: Serperior|66/100
|move|p2a: Blissey|Thunder Wave||[still]
|-fail|p2a: Blissey
|
|-heal|p2a: Blissey|88/100|[from] item: Leftovers
|upkeep
|turn|17
|-message|Captain4Daddy forfeited.
|
|win|BarqsGotBite
|raw|BarqsGotBite's rating: 1085 &rarr; <strong>1115</strong><br />(+30 for winning)
|raw|Captain4Daddy's rating: 1121 &rarr; <strong>1093</strong><br />(-28 for losing)
|l|☆Captain4Daddy
|player|p2|
|l|☆BarqsGotBite
|player|p1|
