|j|☆106abd
|j|‽flinchirator
|t:|1760396060
|gametype|singles
|player|p1|106abd|hilbert-wonderlauncher|1434
|player|p2|flinchirator|miku-ice|1430
|gen|9
|tier|[Gen 9] OU
|rated|
|rule|HP Percentage Mod: HP is shown in percentages
|rule|Endless Battle Clause: Forcing endless battles is banned
|rule|Species Clause: Limit one of each Pokémon
|rule|OHKO Clause: OHKO moves are banned
|rule|Evasion Items Clause: Evasion items are banned
|rule|Evasion Moves Clause: Evasion moves are banned
|rule|Evasion Abilities Clause: Evasion abilities are banned
|rule|Sleep Moves Clause: Sleep-inducing moves are banned
|clearpoke
|poke|p1|Whimsicott, M|
|poke|p1|Garganacl, M|
|poke|p1|Dragapult, M|
|poke|p1|Talonflame, M|
|poke|p1|Kingambit, M|
|poke|p1|Greninja-*, M|
|poke|p2|Samurott-Hisui, F|
|poke|p2|Iron Treads|
|poke|p2|Pecharunt|
|poke|p2|Abomasnow, F|
|poke|p2|Dragonite, F|
|poke|p2|Kingambit, F|
|teampreview
|inactive|Battle timer is ON: inactive players will automatically lose when time's up. (requested by flinchirator)
|
|t:|1760396077
|teamsize|p1|6
|teamsize|p2|6
|start
|switch|p1a: Talonflame|Talonflame, M|100/100
|switch|p2a: Samurott|Samurott-Hisui, F, shiny|100/100
|turn|1
|inactive|flinchirator has 120 seconds left.
|inactive|flinchirator has 90 seconds left.
|
|t:|1760396165
|switch|p2a: Pecharunt|Pecharunt|100/100
|-item|p2a: Pecharunt|Air Balloon
|move|p1a: Talonflame|Will-O-Wisp|p2a: Pecharunt
|-status|p2a: Pecharunt|brn
|
|-damage|p2a: Pecharunt|94/100 brn|[from] brn
|upkeep
|turn|2
|
|t:|1760396192
|switch|p1a: Whimsicott|Whimsicott, M|100/100
|move|p2a: Pecharunt|Malignant Chain|p1a: Whimsicott
|-supereffective|p1a: Whimsicott
|-damage|p1a: Whimsicott|0 fnt
|faint|p1a: Whimsicott
|
|-damage|p2a: Pecharunt|88/100 brn|[from] brn
|upkeep
|
|t:|1760396201
|switch|p1a: Greninja|Greninja, M, shiny|100/100
|turn|3
|
|t:|1760396206
|move|p1a: Greninja|Sludge Wave|p2a: Pecharunt
|-start|p1a: Greninja|typechange|Poison|[from] ability: Protean
|-resisted|p2a: Pecharunt
|-damage|p2a: Pecharunt|74/100 brn
|-enditem|p2a: Pecharunt|Air Balloon
|-damage|p1a: Greninja|91/100|[from] item: Life Orb
|move|p2a: Pecharunt|Malignant Chain|p1a: Greninja
|-resisted|p1a: Greninja
|-damage|p1a: Greninja|65/100
|
|-damage|p2a: Pecharunt|68/100 brn|[from] brn
|upkeep
|turn|4
|inactive|flinchirator has 90 seconds left.
|
|t:|1760396213
|switch|p2a: Samurott|Samurott-Hisui, F, shiny|100/100
|move|p1a: Greninja|Dark Pulse|p2a: Samurott
|-resisted|p2a: Samurott
|-damage|p2a: Samurott|79/100
|-damage|p1a: Greninja|56/100|[from] item: Life Orb
|
|upkeep
|turn|5
|
|t:|1760396218
|move|p1a: Greninja|Sludge Wave|p2a: Samurott
|-damage|p2a: Samurott|0 fnt
|faint|p2a: Samurott
|-damage|p1a: Greninja|46/100|[from] item: Life Orb
|
|upkeep
|inactive|flinchirator has 90 seconds left.
|
|t:|1760396229
|switch|p2a: Kingambit|Kingambit, F, shiny|100/100
|-activate|p2a: Kingambit|ability: Supreme Overlord
|-start|p2a: Kingambit|fallen1|[silent]
|turn|6
|
|t:|1760396236
|switch|p1a: Talonflame|Talonflame, M|100/100
|move|p2a: Kingambit|Iron Head|p1a: Talonflame
|-resisted|p1a: Talonflame
|-damage|p1a: Talonflame|76/100
|
|upkeep
|turn|7
|
|t:|1760396244
|switch|p1a: Greninja|Greninja, M, shiny|46/100
|-end|p2a: Kingambit|fallen1|[silent]
|switch|p2a: Pecharunt|Pecharunt|68/100 brn
|
|-damage|p2a: Pecharunt|62/100 brn|[from] brn
|upkeep
|turn|8
|
|t:|1760396257
|switch|p2a: Iron Treads|Iron Treads|100/100
|move|p1a: Greninja|Dark Pulse|p2a: Iron Treads
|-start|p1a: Greninja|typechange|Dark|[from] ability: Protean
|-damage|p2a: Iron Treads|60/100
|-damage|p1a: Greninja|36/100|[from] item: Life Orb
|
|upkeep
|turn|9
|
|t:|1760396263
|move|p1a: Greninja|Surf|p2a: Iron Treads
|-supereffective|p2a: Iron Treads
|-damage|p2a: Iron Treads|0 fnt
|faint|p2a: Iron Treads
|-end|p2a: Iron Treads|Quark Drive|[silent]
|-damage|p1a: Greninja|26/100|[from] item: Life Orb
|
|upkeep
|
|t:|1760396266
|switch|p2a: Dragonite|Dragonite, F|100/100
|turn|10
|
|t:|1760396273
|switch|p1a: Talonflame|Talonflame, M|76/100
|move|p2a: Dragonite|Dragon Dance|p2a: Dragonite
|-boost|p2a: Dragonite|atk|1
|-boost|p2a: Dragonite|spe|1
|
|upkeep
|turn|11
|
|t:|1760396279
|-terastallize|p2a: Dragonite|Flying
|move|p2a: Dragonite|Tera Blast|p1a: Talonflame|[anim] Tera Blast Flying
|-damage|p1a: Talonflame|0 fnt
|faint|p1a: Talonflame
|
|upkeep
|
|t:|1760396284
|switch|p1a: Garganacl|Garganacl, M|100/100
|turn|12
|
|t:|1760396287
|move|p2a: Dragonite|Earthquake|p1a: Garganacl
|-supereffective|p1a: Garganacl
|-damage|p1a: Garganacl|30/100
|move|p1a: Garganacl|Salt Cure|p2a: Dragonite
|-supereffective|p2a: Dragonite
|-damage|p2a: Dragonite|86/100
|-start|p2a: Dragonite|Salt Cure
|
|-heal|p1a: Garganacl|36/100|[from] item: Leftovers
|-damage|p2a: Dragonite|73/100|[from] Salt Cure
|upkeep
|turn|13
|
|t:|1760396296
|move|p1a: Garganacl|Protect|p1a: Garganacl
|-singleturn|p1a: Garganacl|Protect
|move|p2a: Dragonite|Earthquake|p1a: Garganacl
|-activate|p1a: Garganacl|move: Protect
|
|-heal|p1a: Garganacl|42/100|[from] item: Leftovers
|-damage|p2a: Dragonite|61/100|[from] Salt Cure
|upkeep
|turn|14
|
|t:|1760396300
|-terastallize|p1a: Garganacl|Ghost
|move|p2a: Dragonite|Earthquake|p1a: Garganacl
|-damage|p1a: Garganacl|7/100
|move|p1a: Garganacl|Recover|p1a: Garganacl
|-heal|p1a: Garganacl|57/100
|
|-heal|p1a: Garganacl|63/100|[from] item: Leftovers
|-damage|p2a: Dragonite|48/100|[from] Salt Cure
|upkeep
|turn|15
|
|t:|1760396304
|move|p1a: Garganacl|Protect|p1a: Garganacl
|-singleturn|p1a: Garganacl|Protect
|move|p2a: Dragonite|Encore|p1a: Garganacl
|-activate|p1a: Garganacl|move: Protect
|
|-heal|p1a: Garganacl|70/100|[from] item: Leftovers
|-damage|p2a: Dragonite|36/100|[from] Salt Cure
|upkeep
|turn|16
|
|t:|1760396307
|switch|p1a: Dragapult|Dragapult, M|100/100
|move|p2a: Dragonite|Encore||[still]
|-fail|p2a: Dragonite
|
|-damage|p2a: Dragonite|24/100|[from] Salt Cure
|upkeep
|turn|17
|
|t:|1760396311
|move|p1a: Dragapult|Dragon Darts|p2a: Dragonite
|-damage|p2a: Dragonite|0 fnt
|faint|p2a: Dragonite
|
|upkeep
|
|t:|1760396318
|switch|p2a: Abomasnow|Abomasnow, F|100/100
|-weather|Snowscape|[from] ability: Snow Warning|[of] p2a: Abomasnow
|turn|18
|
|t:|1760396331
|switch|p1a: Kingambit|Kingambit, M|100/100
|-activate|p1a: Kingambit|ability: Supreme Overlord
|-start|p1a: Kingambit|fallen2|[silent]
|move|p2a: Abomasnow|Aurora Veil|p2a: Abomasnow
|-sidestart|p2: flinchirator|move: Aurora Veil
|
|-weather|Snowscape|[upkeep]
|upkeep
|turn|19
|
|t:|1760396337
|move|p1a: Kingambit|Swords Dance|p1a: Kingambit
|-boost|p1a: Kingambit|atk|2
|move|p2a: Abomasnow|Earth Power|p1a: Kingambit
|-supereffective|p1a: Kingambit
|-damage|p1a: Kingambit|45/100
|
|-weather|Snowscape|[upkeep]
|-heal|p1a: Kingambit|51/100|[from] item: Leftovers
|upkeep
|turn|20
|
|t:|1760396343
|move|p1a: Kingambit|Iron Head|p2a: Abomasnow
|-supereffective|p2a: Abomasnow
|-damage|p2a: Abomasnow|10/100
|move|p2a: Abomasnow|Earth Power|p1a: Kingambit
|-supereffective|p1a: Kingambit
|-damage|p1a: Kingambit|0 fnt
|faint|p1a: Kingambit
|-end|p1a: Kingambit|fallen2|[silent]
|
|-weather|Snowscape|[upkeep]
|upkeep
|
|t:|1760396348
|switch|p1a: Dragapult|Dragapult, M|100/100
|turn|21
|
|t:|1760396352
|move|p1a: Dragapult|U-turn|p2a: Abomasnow
|-supereffective|p2a: Abomasnow
|-damage|p2a: Abomasnow|0 fnt
|faint|p2a: Abomasnow
|
|t:|1760396355
|switch|p1a: Garganacl|Garganacl, M, tera:Ghost|70/100|[from] U-turn
|
|-weather|Snowscape|[upkeep]
|-heal|p1a: Garganacl|76/100|[from] item: Leftovers
|upkeep
|
|t:|1760396357
|switch|p2a: Kingambit|Kingambit, F, shiny|100/100
|-activate|p2a: Kingambit|ability: Supreme Overlord
|-start|p2a: Kingambit|fallen4|[silent]
|turn|22
|
|t:|1760396359
|move|p2a: Kingambit|Kowtow Cleave|p1a: Garganacl
|-supereffective|p1a: Garganacl
|-damage|p1a: Garganacl|0 fnt
|faint|p1a: Garganacl
|
|-weather|none
|upkeep
|-message|106abd forfeited.
|
|win|flinchirator
|raw|106abd's rating: 1434 &rarr; <strong>1414</strong><br />(-20 for losing)
|raw|flinchirator's rating: 1430 &rarr; <strong>1450</strong><br />(+20 for winning)
|l|☆106abd
|player|p1|
|l|‽flinchirator
|player|p2|
