|j|☆nelin
|j|☆vallic
|t:|1760450752
|gametype|singles
|player|p1|nelin|marlon|1083
|player|p2|vallic|102|1114
|gen|9
|tier|[Gen 9] OU
|rated|
|rule|HP Percentage Mod: HP is shown in percentages
|rule|Endless Battle Clause: Forcing endless battles is banned
|rule|Species Clause: Limit one of each Pokémon
|rule|OHKO Clause: OHKO moves are banned
|rule|Evasion Items Clause: Evasion items are banned
|rule|Evasion Moves Clause: Evasion moves are banned
|rule|Evasion Abilities Clause: Evasion abilities are banned
|rule|Sleep Moves Clause: Sleep-inducing moves are banned
|clearpoke
|poke|p1|Toxapex, M|
|poke|p1|Politoed, F|
|poke|p1|Venusaur, M|
|poke|p1|Greninja-*, M|
|poke|p1|Quagsire, F|
|poke|p1|Toxicroak, M|
|poke|p2|Carbink, L1|
|poke|p2|Braviary-Hisui, M|
|poke|p2|Ursaluna, F|
|poke|p2|Kingambit, M|
|poke|p2|Iron Hands|
|poke|p2|Hatterene, F|
|teampreview
|inactive|Battle timer is ON: inactive players will automatically lose when time's up. (requested by nelin)
|
|t:|1760450763
|teamsize|p1|6
|teamsize|p2|6
|start
|switch|p1a: Toxapex|Toxapex, M|100/100
|switch|p2a: Carbink|Carbink, L1, shiny|100/100
|turn|1
|
|t:|1760450771
|move|p1a: Toxapex|Toxic|p2a: Carbink
|-status|p2a: Carbink|tox
|move|p2a: Carbink|Trick Room|p2a: Carbink
|-fieldstart|move: Trick Room|[of] p2a: Carbink
|
|-damage|p2a: Carbink|92/100 tox|[from] item: Black Sludge
|-damage|p2a: Carbink|84/100 tox|[from] psn
|upkeep
|turn|2
|
|t:|1760450781
|move|p2a: Carbink|Endeavor|p1a: Toxapex
|-damage|p1a: Toxapex|4/100
|move|p1a: Toxapex|Hydro Pump|p2a: Carbink
|-supereffective|p2a: Carbink
|-damage|p2a: Carbink|0 fnt
|faint|p2a: Carbink
|
|-heal|p1a: Toxapex|10/100|[from] item: Black Sludge
|upkeep
|
|t:|1760450793
|switch|p2a: Ursaluna|Ursaluna, F|100/100
|turn|3
|
|t:|1760450798
|move|p2a: Ursaluna|Headlong Rush|p1a: Toxapex
|-supereffective|p1a: Toxapex
|-damage|p1a: Toxapex|0 fnt
|-unboost|p2a: Ursaluna|def|1
|-unboost|p2a: Ursaluna|spd|1
|faint|p1a: Toxapex
|
|-status|p2a: Ursaluna|brn|[from] item: Flame Orb
|upkeep
|
|t:|1760450819
|switch|p1a: Quagsire|Quagsire, F|100/100
|turn|4
|
|t:|1760450825
|-terastallize|p2a: Ursaluna|Normal
|move|p2a: Ursaluna|Facade|p1a: Quagsire
|-damage|p1a: Quagsire|0 fnt
|faint|p1a: Quagsire
|
|-damage|p2a: Ursaluna|94/100 brn|[from] brn
|upkeep
|
|t:|1760450835
|switch|p1a: Golf Sapão|Venusaur, M|100/100
|turn|5
|
|t:|1760450842
|move|p2a: Ursaluna|Facade|p1a: Golf Sapão
|-damage|p1a: Golf Sapão|0 fnt
|faint|p1a: Golf Sapão
|
|-damage|p2a: Ursaluna|88/100 brn|[from] brn
|-fieldend|move: Trick Room
|upkeep
|
|t:|1760450852
|switch|p1a: Toxicroak|Toxicroak, M|100/100
|turn|6
|
|t:|1760450857
|switch|p2a: Braviary|Braviary-Hisui, M, shiny|100/100
|move|p1a: Toxicroak|Swords Dance|p1a: Toxicroak
|-boost|p1a: Toxicroak|atk|2
|
|upkeep
|turn|7
|
|t:|1760450863
|move|p1a: Toxicroak|Sucker Punch|p2a: Braviary
|-supereffective|p2a: Braviary
|-damage|p2a: Braviary|1/100
|move|p2a: Braviary|Psychic|p1a: Toxicroak
|-supereffective|p1a: Toxicroak
|-enditem|p1a: Toxicroak|Focus Sash
|-damage|p1a: Toxicroak|1/100
|
|upkeep
|turn|8
|
|t:|1760450872
|move|p1a: Toxicroak|Sucker Punch|p2a: Braviary
|-supereffective|p2a: Braviary
|-damage|p2a: Braviary|0 fnt
|faint|p2a: Braviary
|
|upkeep
|
|t:|1760450876
|switch|p2a: Hatterene|Hatterene, F|100/100
|turn|9
|
|t:|1760450881
|move|p1a: Toxicroak|Gunk Shot|p2a: Hatterene
|-supereffective|p2a: Hatterene
|-enditem|p2a: Hatterene|Focus Sash
|-damage|p2a: Hatterene|1/100
|-status|p2a: Hatterene|psn
|move|p2a: Hatterene|Trick Room|p2a: Hatterene
|-fieldstart|move: Trick Room|[of] p2a: Hatterene
|
|-damage|p2a: Hatterene|0 fnt|[from] psn
|faint|p2a: Hatterene
|upkeep
|
|t:|1760450890
|switch|p2a: Kingambit|Kingambit, M|100/100
|-activate|p2a: Kingambit|ability: Supreme Overlord
|-start|p2a: Kingambit|fallen3|[silent]
|turn|10
|
|t:|1760450897
|move|p1a: Toxicroak|Sucker Punch|p2a: Kingambit
|-resisted|p2a: Kingambit
|-damage|p2a: Kingambit|83/100
|move|p2a: Kingambit|Kowtow Cleave|p1a: Toxicroak
|-resisted|p1a: Toxicroak
|-damage|p1a: Toxicroak|0 fnt
|faint|p1a: Toxicroak
|
|upkeep
|
|t:|1760450906
|switch|p1a: Greninja|Greninja, M|100/100
|turn|11
|
|t:|1760450910
|move|p2a: Kingambit|Kowtow Cleave|p1a: Greninja
|-resisted|p1a: Greninja
|-damage|p1a: Greninja|34/100
|move|p1a: Greninja|U-turn|p2a: Kingambit
|-damage|p2a: Kingambit|73/100
|
|t:|1760450916
|switch|p1a: Politoed|Politoed, F|100/100|[from] U-turn
|-weather|RainDance|[from] ability: Drizzle|[of] p1a: Politoed
|
|-weather|RainDance|[upkeep]
|upkeep
|turn|12
|
|t:|1760450924
|move|p2a: Kingambit|Kowtow Cleave|p1a: Politoed
|-crit|p1a: Politoed
|-damage|p1a: Politoed|11/100
|move|p1a: Politoed|Weather Ball|p2a: Kingambit
|-damage|p2a: Kingambit|28/100
|
|-weather|RainDance|[upkeep]
|upkeep
|turn|13
|
|t:|1760450933
|move|p2a: Kingambit|Kowtow Cleave|p1a: Politoed
|-damage|p1a: Politoed|0 fnt
|faint|p1a: Politoed
|
|-weather|RainDance|[upkeep]
|-fieldend|move: Trick Room
|upkeep
|
|t:|1760450940
|switch|p1a: Greninja|Greninja, M|34/100
|turn|14
|
|t:|1760450945
|move|p2a: Kingambit|Sucker Punch|p1a: Greninja
|-resisted|p1a: Greninja
|-damage|p1a: Greninja|0 fnt
|faint|p1a: Greninja
|
|win|vallic
|raw|nelin's rating: 1083 &rarr; <strong>1063</strong><br />(-20 for losing)
|raw|vallic's rating: 1114 &rarr; <strong>1137</strong><br />(+23 for winning)
|l|☆vallic
|player|p2|
|l|☆nelin
|player|p1|
