|j|☆andrupa12
|j|☆alextherizzler22
|t:|1760386277
|gametype|singles
|player|p1|andrupa12|will|1028
|player|p2|alextherizzler22|102|1022
|gen|9
|tier|[Gen 9] OU
|rated|
|rule|HP Percentage Mod: HP is shown in percentages
|rule|Endless Battle Clause: Forcing endless battles is banned
|rule|Species Clause: Limit one of each Pokémon
|rule|OHKO Clause: OHKO moves are banned
|rule|Evasion Items Clause: Evasion items are banned
|rule|Evasion Moves Clause: Evasion moves are banned
|rule|Evasion Abilities Clause: Evasion abilities are banned
|rule|Sleep Moves Clause: Sleep-inducing moves are banned
|clearpoke
|poke|p1|Venusaur, F|
|poke|p1|Charizard, M|
|poke|p1|Blastoise, F|
|poke|p1|Ninetales, M|
|poke|p1|Dragonite, M|
|poke|p1|Gyarados, M|
|poke|p2|Lanturn, F|
|poke|p2|Altaria, F|
|poke|p2|Greedent, F|
|poke|p2|Mimikyu, F|
|poke|p2|Dragalge, F|
|poke|p2|Porygon2|
|teampreview
|
|t:|1760386291
|teamsize|p1|6
|teamsize|p2|6
|start
|switch|p1a: Ninetales|Ninetales, M|100/100
|switch|p2a: Porygon2|Porygon2|100/100
|-weather|SunnyDay|[from] ability: Drought|[of] p1a: Ninetales
|-ability|p2a: Porygon2|Download|boost
|-boost|p2a: Porygon2|atk|1
|turn|1
|
|t:|1760386310
|move|p1a: Ninetales|Nasty Plot|p1a: Ninetales
|-boost|p1a: Ninetales|spa|2
|move|p2a: Porygon2|Trick Room|p2a: Porygon2
|-fieldstart|move: Trick Room|[of] p2a: Porygon2
|
|-weather|SunnyDay|[upkeep]
|upkeep
|turn|2
|
|t:|1760386319
|move|p2a: Porygon2|Tera Blast|p1a: Ninetales
|-crit|p1a: Ninetales
|-damage|p1a: Ninetales|28/100
|move|p1a: Ninetales|Encore|p2a: Porygon2
|-start|p2a: Porygon2|Encore
|
|-weather|SunnyDay|[upkeep]
|upkeep
|turn|3
|
|t:|1760386327
|move|p2a: Porygon2|Tera Blast|p1a: Ninetales
|-damage|p1a: Ninetales|0 fnt
|faint|p1a: Ninetales
|
|-weather|SunnyDay|[upkeep]
|upkeep
|inactive|Battle timer is ON: inactive players will automatically lose when time's up. (requested by alextherizzler22)
|
|t:|1760386383
|switch|p1a: Dragonite|Dragonite, M|100/100
|turn|4
|
|t:|1760386388
|move|p2a: Porygon2|Tera Blast|p1a: Dragonite
|-damage|p1a: Dragonite|80/100
|move|p1a: Dragonite|Dragon Dance|p1a: Dragonite
|-boost|p1a: Dragonite|atk|1
|-boost|p1a: Dragonite|spe|1
|
|-weather|SunnyDay|[upkeep]
|upkeep
|turn|5
|
|t:|1760386396
|move|p2a: Porygon2|Tera Blast|p1a: Dragonite
|-damage|p1a: Dragonite|37/100
|move|p1a: Dragonite|Dragon Dance|p1a: Dragonite
|-boost|p1a: Dragonite|atk|1
|-boost|p1a: Dragonite|spe|1
|
|-weather|SunnyDay|[upkeep]
|-end|p2a: Porygon2|Encore
|-fieldend|move: Trick Room
|upkeep
|turn|6
|
|t:|1760386407
|-terastallize|p1a: Dragonite|Normal
|move|p1a: Dragonite|Extreme Speed|p2a: Porygon2
|-damage|p2a: Porygon2|43/100
|move|p2a: Porygon2|Tera Blast|p1a: Dragonite
|-damage|p1a: Dragonite|0 fnt
|faint|p1a: Dragonite
|
|-weather|SunnyDay|[upkeep]
|upkeep
|
|t:|1760386429
|switch|p1a: Charizard|Charizard, M|100/100
|turn|7
|
|t:|1760386438
|move|p1a: Charizard|Flamethrower|p2a: Porygon2
|-damage|p2a: Porygon2|0 fnt
|faint|p2a: Porygon2
|
|-weather|SunnyDay|[upkeep]
|-damage|p1a: Charizard|88/100|[from] ability: Solar Power|[of] p1a: Charizard
|upkeep
|
|t:|1760386453
|switch|p2a: Dragalge|Dragalge, F|100/100
|turn|8
|
|t:|1760386481
|move|p1a: Charizard|Air Slash|p2a: Dragalge
|-damage|p2a: Dragalge|53/100
|move|p2a: Dragalge|Draco Meteor|p1a: Charizard
|-crit|p1a: Charizard
|-damage|p1a: Charizard|0 fnt
|-unboost|p2a: Dragalge|spa|2
|faint|p1a: Charizard
|
|-weather|none
|upkeep
|
|t:|1760386488
|switch|p1a: Blastoise|Blastoise, F|100/100
|turn|9
|
|t:|1760386500
|switch|p2a: Lanturn|Lanturn, F|100/100
|move|p1a: Blastoise|Shell Smash|p1a: Blastoise
|-unboost|p1a: Blastoise|def|1
|-unboost|p1a: Blastoise|spd|1
|-boost|p1a: Blastoise|atk|2
|-boost|p1a: Blastoise|spa|2
|-boost|p1a: Blastoise|spe|2
|
|upkeep
|turn|10
|
|t:|1760386510
|move|p1a: Blastoise|Surf|p2a: Lanturn
|-resisted|p2a: Lanturn
|-damage|p2a: Lanturn|72/100
|move|p2a: Lanturn|Thunder Wave|p1a: Blastoise
|-status|p1a: Blastoise|par
|
|-heal|p2a: Lanturn|78/100|[from] item: Leftovers
|upkeep
|turn|11
|-message|andrupa12 forfeited.
|
|win|alextherizzler22
|raw|andrupa12's rating: 1028 &rarr; <strong>1014</strong><br />(-14 for losing)
|raw|alextherizzler22's rating: 1022 &rarr; <strong>1059</strong><br />(+37 for winning)
|l|☆andrupa12
|player|p1|
