|j|☆V_run658
|j|☆mimipookie
|t:|1760431783
|gametype|singles
|player|p1|V_run658|hugh|1432
|player|p2|mimipookie|265|1468
|gen|9
|tier|[Gen 9] OU
|rated|
|rule|HP Percentage Mod: HP is shown in percentages
|rule|Endless Battle Clause: Forcing endless battles is banned
|rule|Species Clause: Limit one of each Pokémon
|rule|OHKO Clause: OHKO moves are banned
|rule|Evasion Items Clause: Evasion items are banned
|rule|Evasion Moves Clause: Evasion moves are banned
|rule|Evasion Abilities Clause: Evasion abilities are banned
|rule|Sleep Moves Clause: Sleep-inducing moves are banned
|clearpoke
|poke|p1|Greninja-*, M|
|poke|p1|Slowking-Galar, M|
|poke|p1|Conkeldurr, F|
|poke|p1|Garchomp, F|
|poke|p1|Rillaboom, F|
|poke|p1|Skeledirge, M|
|poke|p2|Ceruledge, M|
|poke|p2|Ninetales, F|
|poke|p2|Venusaur, M|
|poke|p2|Hatterene, F|
|poke|p2|Great Tusk|
|poke|p2|Walking Wake|
|teampreview
|inactive|Battle timer is ON: inactive players will automatically lose when time's up. (requested by mimipookie)
|
|t:|1760431791
|teamsize|p1|6
|teamsize|p2|6
|start
|switch|p1a: Slowking|Slowking-Galar, M|100/100
|switch|p2a: Ninetales|Ninetales, F|100/100
|-weather|SunnyDay|[from] ability: Drought|[of] p2a: Ninetales
|turn|1
|
|t:|1760431807
|switch|p2a: ace|Ceruledge, M|100/100
|move|p1a: Slowking|Future Sight|p2a: ace
|-start|p1a: Slowking|move: Future Sight
|
|-weather|SunnyDay|[upkeep]
|upkeep
|turn|2
|
|t:|1760431820
|move|p2a: ace|Swords Dance|p2a: ace
|-boost|p2a: ace|atk|2
|move|p1a: Slowking|Flamethrower|p2a: ace
|-resisted|p2a: ace
|-damage|p2a: ace|76/100
|
|-weather|SunnyDay|[upkeep]
|upkeep
|turn|3
|
|t:|1760431829
|switch|p1a: Garchomp|Garchomp, F|100/100
|move|p2a: ace|Bitter Blade|p1a: Garchomp
|-resisted|p1a: Garchomp
|-damage|p1a: Garchomp|30/100
|-heal|p2a: ace|100/100|[from] drain|[of] p1a: Garchomp
|-damage|p2a: ace|88/100|[from] ability: Rough Skin|[of] p1a: Garchomp
|
|-weather|SunnyDay|[upkeep]
|-end|p2a: ace|move: Future Sight
|-damage|p2a: ace|20/100
|upkeep
|turn|4
|
|t:|1760431846
|move|p1a: Garchomp|Earthquake|p2a: ace
|-supereffective|p2a: ace
|-damage|p2a: ace|0 fnt
|faint|p2a: ace
|
|-weather|SunnyDay|[upkeep]
|upkeep
|
|t:|1760431852
|switch|p2a: Venusaur|Venusaur, M|100/100
|turn|5
|
|t:|1760431859
|switch|p1a: Slowking|Slowking-Galar, M|100/100
|move|p2a: Venusaur|Growth|p2a: Venusaur
|-boost|p2a: Venusaur|atk|2
|-boost|p2a: Venusaur|spa|2
|
|-weather|SunnyDay|[upkeep]
|upkeep
|turn|6
|
|t:|1760431867
|-terastallize|p2a: Venusaur|Fire
|move|p2a: Venusaur|Weather Ball|p1a: Slowking
|-damage|p1a: Slowking|20/100
|-damage|p2a: Venusaur|91/100|[from] item: Life Orb
|move|p1a: Slowking|Future Sight|p2a: Venusaur
|-start|p1a: Slowking|move: Future Sight
|
|-weather|SunnyDay|[upkeep]
|upkeep
|turn|7
|
|t:|1760431872
|switch|p1a: Skeledirge|Skeledirge, M|100/100
|move|p2a: Venusaur|Giga Drain|p1a: Skeledirge
|-resisted|p1a: Skeledirge
|-damage|p1a: Skeledirge|84/100
|-heal|p2a: Venusaur|100/100|[from] drain|[of] p1a: Skeledirge
|-damage|p2a: Venusaur|91/100|[from] item: Life Orb
|
|-weather|SunnyDay|[upkeep]
|upkeep
|turn|8
|
|t:|1760431901
|move|p2a: Venusaur|Weather Ball|p1a: Skeledirge
|-resisted|p1a: Skeledirge
|-damage|p1a: Skeledirge|53/100
|-damage|p2a: Venusaur|81/100|[from] item: Life Orb
|move|p1a: Skeledirge|Torch Song|p2a: Venusaur
|-resisted|p2a: Venusaur
|-damage|p2a: Venusaur|54/100
|-boost|p1a: Skeledirge|spa|1
|
|-weather|none
|-end|p2a: Venusaur|move: Future Sight
|-damage|p2a: Venusaur|0 fnt
|faint|p2a: Venusaur
|upkeep
|inactive|mimipookie has 120 seconds left.
|
|t:|1760431915
|switch|p2a: Ninetales|Ninetales, F|100/100
|-weather|SunnyDay|[from] ability: Drought|[of] p2a: Ninetales
|turn|9
|
|t:|1760431919
|switch|p2a: Walking Wake|Walking Wake|100/100
|-activate|p2a: Walking Wake|ability: Protosynthesis
|-start|p2a: Walking Wake|protosynthesisspa
|move|p1a: Skeledirge|Slack Off|p1a: Skeledirge
|-heal|p1a: Skeledirge|100/100
|
|-weather|SunnyDay|[upkeep]
|upkeep
|turn|10
|
|t:|1760431932
|-terastallize|p1a: Skeledirge|Water
|move|p2a: Walking Wake|Dragon Pulse|p1a: Skeledirge
|-damage|p1a: Skeledirge|31/100
|move|p1a: Skeledirge|Will-O-Wisp|p2a: Walking Wake
|-status|p2a: Walking Wake|brn
|
|-weather|SunnyDay|[upkeep]
|-damage|p2a: Walking Wake|94/100 brn|[from] brn
|upkeep
|turn|11
|
|t:|1760431941
|switch|p1a: Slowking|Slowking-Galar, M|54/100
|move|p2a: Walking Wake|Dragon Pulse|p1a: Slowking
|-damage|p1a: Slowking|14/100
|
|-weather|SunnyDay|[upkeep]
|-damage|p2a: Walking Wake|88/100 brn|[from] brn
|upkeep
|turn|12
|
|t:|1760431958
|switch|p1a: Skeledirge|Skeledirge, M, tera:Water|31/100
|move|p2a: Walking Wake|Dragon Pulse|p1a: Skeledirge
|-damage|p1a: Skeledirge|0 fnt
|faint|p1a: Skeledirge
|
|-weather|SunnyDay|[upkeep]
|-damage|p2a: Walking Wake|82/100 brn|[from] brn
|upkeep
|
|t:|1760431960
|switch|p1a: Rillaboom|Rillaboom, F|100/100
|-fieldstart|move: Grassy Terrain|[from] ability: Grassy Surge|[of] p1a: Rillaboom
|turn|13
|
|t:|1760431966
|move|p2a: Walking Wake|Dragon Pulse|p1a: Rillaboom
|-damage|p1a: Rillaboom|0 fnt
|faint|p1a: Rillaboom
|
|-weather|SunnyDay|[upkeep]
|-heal|p2a: Walking Wake|88/100 brn|[from] Grassy Terrain
|-damage|p2a: Walking Wake|82/100 brn|[from] brn
|upkeep
|
|t:|1760431973
|switch|p1a: Conkeldurr|Conkeldurr, F|100/100
|turn|14
|
|t:|1760431976
|move|p1a: Conkeldurr|Mach Punch|p2a: Walking Wake
|-damage|p2a: Walking Wake|56/100 brn
|move|p2a: Walking Wake|Dragon Pulse|p1a: Conkeldurr
|-damage|p1a: Conkeldurr|0 fnt
|faint|p1a: Conkeldurr
|
|-weather|SunnyDay|[upkeep]
|-heal|p2a: Walking Wake|62/100 brn|[from] Grassy Terrain
|-damage|p2a: Walking Wake|56/100 brn|[from] brn
|upkeep
|-message|V_run658 forfeited.
|
|win|mimipookie
|raw|V_run658's rating: 1432 &rarr; <strong>1414</strong><br />(-18 for losing)
|raw|mimipookie's rating: 1468 &rarr; <strong>1486</strong><br />(+18 for winning)
|l|☆V_run658
|player|p1|
|c|☆mimipookie|lmao
|l|☆mimipookie
|player|p2|
