|j|☆Pixelated_minds
|j|☆startersareop
|t:|1760344894
|gametype|singles
|player|p1|Pixelated_minds|elesa|1286
|player|p2|startersareop|170|1211
|gen|9
|tier|[Gen 9] OU
|rated|
|rule|HP Percentage Mod: HP is shown in percentages
|rule|Endless Battle Clause: Forcing endless battles is banned
|rule|Species Clause: Limit one of each Pokémon
|rule|OHKO Clause: OHKO moves are banned
|rule|Evasion Items Clause: Evasion items are banned
|rule|Evasion Moves Clause: Evasion moves are banned
|rule|Evasion Abilities Clause: Evasion abilities are banned
|rule|Sleep Moves Clause: Sleep-inducing moves are banned
|clearpoke
|poke|p1|Darkrai|
|poke|p1|Great Tusk|
|poke|p1|Gholdengo|
|poke|p1|Kingambit, M|
|poke|p1|Glimmora, M|
|poke|p1|Dragonite, M|
|poke|p2|Blaziken, M|
|poke|p2|Greninja-*, M|
|poke|p2|Samurott-Hisui, F|
|poke|p2|Chesnaught, F|
|poke|p2|Decidueye, M|
|poke|p2|Delphox, F|
|teampreview
|inactive|Battle timer is ON: inactive players will automatically lose when time's up. (requested by Pixelated_minds)
|
|t:|1760344905
|teamsize|p1|6
|teamsize|p2|6
|start
|switch|p1a: Moon|Glimmora, M|100/100
|switch|p2a: Greninja|Greninja, M|100/100
|turn|1
|
|t:|1760344909
|move|p2a: Greninja|Water Shuriken|p1a: Moon
|-supereffective|p1a: Moon
|-damage|p1a: Moon|77/100
|-supereffective|p1a: Moon
|-damage|p1a: Moon|53/100
|-supereffective|p1a: Moon
|-damage|p1a: Moon|30/100
|-supereffective|p1a: Moon
|-damage|p1a: Moon|7/100
|-hitcount|p1a: Moon|4
|-damage|p2a: Greninja|91/100|[from] item: Life Orb
|move|p1a: Moon|Meteor Beam||[still]
|-prepare|p1a: Moon|Meteor Beam
|-boost|p1a: Moon|spa|1
|-enditem|p1a: Moon|Power Herb
|-anim|p1a: Moon|Meteor Beam|p2a: Greninja
|-damage|p2a: Greninja|0 fnt
|faint|p2a: Greninja
|
|upkeep
|inactive|startersareop has 120 seconds left.
|
|t:|1760344940
|switch|p2a: Samurott|Samurott-Hisui, F|100/100
|turn|2
|
|t:|1760344949
|move|p2a: Samurott|Aqua Jet|p1a: Moon
|-supereffective|p1a: Moon
|-damage|p1a: Moon|0 fnt
|-activate|p1a: Moon|ability: Toxic Debris
|-sidestart|p2: startersareop|move: Toxic Spikes
|faint|p1a: Moon
|
|upkeep
|
|t:|1760344957
|switch|p1a: Garden Gnome|Great Tusk, shiny|100/100
|-enditem|p1a: Garden Gnome|Booster Energy
|-activate|p1a: Garden Gnome|ability: Protosynthesis|[fromitem]
|-start|p1a: Garden Gnome|protosynthesisspe
|turn|3
|
|t:|1760344961
|switch|p2a: Decidueye|Decidueye, M|100/100
|move|p1a: Garden Gnome|Close Combat|p2a: Decidueye
|-immune|p2a: Decidueye
|
|upkeep
|turn|4
|
|t:|1760344970
|-terastallize|p1a: Garden Gnome|Steel
|move|p1a: Garden Gnome|Bulk Up|p1a: Garden Gnome
|-boost|p1a: Garden Gnome|atk|1
|-boost|p1a: Garden Gnome|def|1
|move|p2a: Decidueye|Defog|p1a: Garden Gnome
|-unboost|p1a: Garden Gnome|evasion|1
|-sideend|p2: startersareop|Toxic Spikes|[from] move: Defog|[of] p2a: Decidueye
|
|upkeep
|turn|5
|
|t:|1760344979
|switch|p2a: Delphox|Delphox, F|100/100
|move|p1a: Garden Gnome|Bulk Up|p1a: Garden Gnome
|-boost|p1a: Garden Gnome|atk|1
|-boost|p1a: Garden Gnome|def|1
|
|upkeep
|turn|6
|
|t:|1760344988
|-terastallize|p2a: Delphox|Flying
|move|p1a: Garden Gnome|Headlong Rush|p2a: Delphox
|-immune|p2a: Delphox
|move|p2a: Delphox|Overheat|p1a: Garden Gnome
|-supereffective|p1a: Garden Gnome
|-damage|p1a: Garden Gnome|0 fnt
|-unboost|p2a: Delphox|spa|2
|faint|p1a: Garden Gnome
|-end|p1a: Garden Gnome|Protosynthesis|[silent]
|
|upkeep
|
|t:|1760344998
|switch|p1a: Kaiju|Dragonite, M, shiny|100/100
|turn|7
|
|t:|1760345002
|move|p2a: Delphox|Will-O-Wisp|p1a: Kaiju
|-status|p1a: Kaiju|brn
|move|p1a: Kaiju|Dragon Dance|p1a: Kaiju
|-boost|p1a: Kaiju|atk|1
|-boost|p1a: Kaiju|spe|1
|
|-damage|p1a: Kaiju|94/100 brn|[from] brn
|upkeep
|turn|8
|
|t:|1760345008
|move|p1a: Kaiju|Dragon Dance|p1a: Kaiju
|-boost|p1a: Kaiju|atk|1
|-boost|p1a: Kaiju|spe|1
|move|p2a: Delphox|Encore|p1a: Kaiju
|-start|p1a: Kaiju|Encore
|
|-damage|p1a: Kaiju|88/100 brn|[from] brn
|upkeep
|turn|9
|
|t:|1760345036
|switch|p2a: Blaziken|Blaziken, M|100/100
|move|p1a: Kaiju|Dragon Dance|p1a: Kaiju
|-boost|p1a: Kaiju|atk|1
|-boost|p1a: Kaiju|spe|1
|
|-damage|p1a: Kaiju|82/100 brn|[from] brn
|upkeep
|turn|10
|
|t:|1760345043
|move|p1a: Kaiju|Dragon Dance|p1a: Kaiju
|-boost|p1a: Kaiju|atk|1
|-boost|p1a: Kaiju|spe|1
|move|p2a: Blaziken|Swords Dance|p2a: Blaziken
|-boost|p2a: Blaziken|atk|2
|
|-damage|p1a: Kaiju|76/100 brn|[from] brn
|-ability|p2a: Blaziken|Speed Boost|boost
|-boost|p2a: Blaziken|spe|1
|upkeep
|turn|11
|
|t:|1760345049
|move|p1a: Kaiju|Dragon Dance|p1a: Kaiju
|-boost|p1a: Kaiju|atk|1
|-boost|p1a: Kaiju|spe|1
|move|p2a: Blaziken|Knock Off|p1a: Kaiju
|-damage|p1a: Kaiju|5/100 brn
|-enditem|p1a: Kaiju|Covert Cloak|[from] move: Knock Off|[of] p2a: Blaziken
|
|-damage|p1a: Kaiju|0 fnt|[from] brn
|faint|p1a: Kaiju
|-ability|p2a: Blaziken|Speed Boost|boost
|-boost|p2a: Blaziken|spe|1
|upkeep
|
|t:|1760345063
|switch|p1a: Granole bar|Gholdengo|100/100
|-item|p1a: Granole bar|Air Balloon
|turn|12
|
|t:|1760345069
|move|p2a: Blaziken|Knock Off|p1a: Granole bar
|-supereffective|p1a: Granole bar
|-damage|p1a: Granole bar|0 fnt
|-enditem|p1a: Granole bar|Air Balloon
|faint|p1a: Granole bar
|
|-ability|p2a: Blaziken|Speed Boost|boost
|-boost|p2a: Blaziken|spe|1
|upkeep
|-message|Pixelated_minds forfeited.
|
|win|startersareop
|raw|Pixelated_minds's rating: 1286 &rarr; <strong>1256</strong><br />(-30 for losing)
|raw|startersareop's rating: 1211 &rarr; <strong>1241</strong><br />(+30 for winning)
|l|☆Pixelated_minds
|player|p1|
|l|☆startersareop
|player|p2|
