|j|☆kennguyen21
|j|☆mathdragon
|t:|1760367173
|gametype|singles
|player|p1|kennguyen21|1|1244
|player|p2|mathdragon|lady-gen4|1180
|gen|9
|tier|[Gen 9] OU
|rated|
|rule|HP Percentage Mod: HP is shown in percentages
|rule|Endless Battle Clause: Forcing endless battles is banned
|rule|Species Clause: Limit one of each Pokémon
|rule|OHKO Clause: OHKO moves are banned
|rule|Evasion Items Clause: Evasion items are banned
|rule|Evasion Moves Clause: Evasion moves are banned
|rule|Evasion Abilities Clause: Evasion abilities are banned
|rule|Sleep Moves Clause: Sleep-inducing moves are banned
|clearpoke
|poke|p1|Iron Moth|
|poke|p1|Heatran, M|
|poke|p1|Moltres|
|poke|p1|Blaziken, M|
|poke|p1|Ninetales, F|
|poke|p1|Walking Wake|
|poke|p2|Dragapult, M|
|poke|p2|Shiftry, F|
|poke|p2|Drifblim, F|
|poke|p2|Dondozo, M|
|poke|p2|Blissey, F|
|poke|p2|Exeggutor, F|
|teampreview
|
|t:|1760367179
|teamsize|p1|6
|teamsize|p2|6
|start
|switch|p1a: Ninetales|Ninetales, F|100/100
|switch|p2a: Shiftry|Shiftry, F|100/100
|-weather|SunnyDay|[from] ability: Drought|[of] p1a: Ninetales
|turn|1
|
|t:|1760367192
|switch|p2a: Blissey|Blissey, F|100/100
|move|p1a: Ninetales|Weather Ball|p2a: Blissey
|-damage|p2a: Blissey|78/100
|
|-weather|SunnyDay|[upkeep]
|upkeep
|turn|2
|inactive|Battle timer is ON: inactive players will automatically lose when time's up. (requested by mathdragon)
|
|t:|1760367201
|move|p1a: Ninetales|Will-O-Wisp|p2a: Blissey
|-status|p2a: Blissey|brn
|move|p2a: Blissey|Seismic Toss|p1a: Ninetales
|-damage|p1a: Ninetales|66/100
|
|-weather|SunnyDay|[upkeep]
|-damage|p2a: Blissey|72/100 brn|[from] brn
|upkeep
|turn|3
|
|t:|1760367217
|switch|p1a: Iron Moth|Iron Moth|100/100
|-enditem|p1a: Iron Moth|Booster Energy
|-activate|p1a: Iron Moth|ability: Quark Drive|[fromitem]
|-start|p1a: Iron Moth|quarkdrivespa
|move|p2a: Blissey|Seismic Toss|p1a: Iron Moth
|-damage|p1a: Iron Moth|67/100
|
|-weather|SunnyDay|[upkeep]
|-damage|p2a: Blissey|66/100 brn|[from] brn
|upkeep
|turn|4
|
|t:|1760367233
|move|p1a: Iron Moth|Sludge Wave|p2a: Blissey
|-damage|p2a: Blissey|38/100 brn
|move|p2a: Blissey|Heal Bell|p2a: Blissey
|-activate|p2a: Blissey|move: Heal Bell
|-curestatus|p2a: Blissey|brn|[msg]
|
|-weather|SunnyDay|[upkeep]
|upkeep
|turn|5
|
|t:|1760367242
|move|p1a: Iron Moth|Fiery Dance|p2a: Blissey
|-damage|p2a: Blissey|4/100
|-boost|p1a: Iron Moth|spa|1
|move|p2a: Blissey|Soft-Boiled|p2a: Blissey
|-heal|p2a: Blissey|54/100
|
|-weather|SunnyDay|[upkeep]
|upkeep
|turn|6
|
|t:|1760367255
|move|p1a: Iron Moth|Fiery Dance|p2a: Blissey
|-damage|p2a: Blissey|1/100
|move|p2a: Blissey|Seismic Toss|p1a: Iron Moth
|-damage|p1a: Iron Moth|34/100
|
|-weather|SunnyDay|[upkeep]
|upkeep
|turn|7
|
|t:|1760367263
|move|p1a: Iron Moth|Fiery Dance|p2a: Blissey
|-damage|p2a: Blissey|0 fnt
|faint|p2a: Blissey
|
|-weather|SunnyDay|[upkeep]
|upkeep
|
|t:|1760367270
|switch|p2a: Dragapult|Dragapult, M|100/100
|turn|8
|
|t:|1760367280
|move|p2a: Dragapult|Dragon Darts|p1a: Iron Moth
|-damage|p1a: Iron Moth|0 fnt
|faint|p1a: Iron Moth
|-end|p1a: Iron Moth|Quark Drive|[silent]
|
|-weather|none
|upkeep
|
|t:|1760367284
|switch|p1a: Ninetales|Ninetales, F|66/100
|-weather|SunnyDay|[from] ability: Drought|[of] p1a: Ninetales
|turn|9
|
|t:|1760367292
|move|p2a: Dragapult|Dragon Darts|p1a: Ninetales
|-damage|p1a: Ninetales|24/100
|-anim|p2a: Dragapult|Dragon Darts|p1a: Ninetales
|-damage|p1a: Ninetales|0 fnt
|faint|p1a: Ninetales
|
|-weather|SunnyDay|[upkeep]
|upkeep
|
|t:|1760367302
|switch|p1a: Walking Wake|Walking Wake|100/100
|-activate|p1a: Walking Wake|ability: Protosynthesis
|-start|p1a: Walking Wake|protosynthesisspa
|turn|10
|
|t:|1760367315
|-terastallize|p1a: Walking Wake|Water
|move|p2a: Dragapult|Dragon Darts|p1a: Walking Wake
|-damage|p1a: Walking Wake|69/100
|-anim|p2a: Dragapult|Dragon Darts|p1a: Walking Wake
|-damage|p1a: Walking Wake|38/100
|move|p1a: Walking Wake|Draco Meteor|p2a: Dragapult
|-supereffective|p2a: Dragapult
|-damage|p2a: Dragapult|0 fnt
|-unboost|p1a: Walking Wake|spa|2
|faint|p2a: Dragapult
|
|-weather|SunnyDay|[upkeep]
|upkeep
|
|t:|1760367331
|switch|p2a: Exeggutor|Exeggutor, F|100/100
|turn|11
|inactive|kennguyen21 has 120 seconds left.
|
|t:|1760367380
|move|p1a: Walking Wake|Weather Ball|p2a: Exeggutor
|-supereffective|p2a: Exeggutor
|-damage|p2a: Exeggutor|43/100
|-enditem|p2a: Exeggutor|Sitrus Berry|[eat]
|-heal|p2a: Exeggutor|67/100|[from] item: Sitrus Berry
|move|p2a: Exeggutor|Calm Mind|p2a: Exeggutor
|-boost|p2a: Exeggutor|spa|1
|-boost|p2a: Exeggutor|spd|1
|
|-weather|SunnyDay|[upkeep]
|-item|p2a: Exeggutor|Sitrus Berry|[from] ability: Harvest
|upkeep
|turn|12
|
|t:|1760367394
|move|p1a: Walking Wake|Weather Ball|p2a: Exeggutor
|-supereffective|p2a: Exeggutor
|-damage|p2a: Exeggutor|30/100
|-enditem|p2a: Exeggutor|Sitrus Berry|[eat]
|-heal|p2a: Exeggutor|55/100|[from] item: Sitrus Berry
|move|p2a: Exeggutor|Calm Mind|p2a: Exeggutor
|-boost|p2a: Exeggutor|spa|1
|-boost|p2a: Exeggutor|spd|1
|
|-weather|SunnyDay|[upkeep]
|-item|p2a: Exeggutor|Sitrus Berry|[from] ability: Harvest
|upkeep
|turn|13
|
|t:|1760367410
|move|p1a: Walking Wake|Weather Ball|p2a: Exeggutor
|-supereffective|p2a: Exeggutor
|-damage|p2a: Exeggutor|28/100
|-enditem|p2a: Exeggutor|Sitrus Berry|[eat]
|-heal|p2a: Exeggutor|53/100|[from] item: Sitrus Berry
|move|p2a: Exeggutor|Calm Mind|p2a: Exeggutor
|-boost|p2a: Exeggutor|spa|1
|-boost|p2a: Exeggutor|spd|1
|
|-weather|SunnyDay|[upkeep]
|-item|p2a: Exeggutor|Sitrus Berry|[from] ability: Harvest
|upkeep
|turn|14
|
|t:|1760367423
|move|p1a: Walking Wake|Flip Turn|p2a: Exeggutor
|-resisted|p2a: Exeggutor
|-damage|p2a: Exeggutor|48/100
|-enditem|p2a: Exeggutor|Sitrus Berry|[eat]
|-heal|p2a: Exeggutor|73/100|[from] item: Sitrus Berry
|
|t:|1760367431
|-end|p1a: Walking Wake|Protosynthesis|[silent]
|switch|p1a: Moltres|Moltres|100/100|[from] Flip Turn
|move|p2a: Exeggutor|Giga Drain|p1a: Moltres
|-resisted|p1a: Moltres
|-damage|p1a: Moltres|76/100
|-heal|p2a: Exeggutor|83/100|[from] drain|[of] p1a: Moltres
|
|-weather|SunnyDay|[upkeep]
|-item|p2a: Exeggutor|Sitrus Berry|[from] ability: Harvest
|upkeep
|turn|15
|
|t:|1760367450
|move|p2a: Exeggutor|Protect|p2a: Exeggutor
|-singleturn|p2a: Exeggutor|Protect
|move|p1a: Moltres|U-turn|p2a: Exeggutor
|-activate|p2a: Exeggutor|move: Protect
|
|-weather|SunnyDay|[upkeep]
|upkeep
|turn|16
|
|t:|1760367463
|-terastallize|p2a: Exeggutor|Poison
|move|p1a: Moltres|U-turn|p2a: Exeggutor
|-resisted|p2a: Exeggutor
|-damage|p2a: Exeggutor|77/100
|
|t:|1760367469
|switch|p1a: Heatran|Heatran, M|100/100|[from] U-turn
|move|p2a: Exeggutor|Psychic Noise|p1a: Heatran
|-resisted|p1a: Heatran
|-damage|p1a: Heatran|66/100
|-start|p1a: Heatran|move: Heal Block
|
|-weather|none
|upkeep
|turn|17
|
|t:|1760367481
|move|p1a: Heatran|Scorching Sands|p2a: Exeggutor
|-supereffective|p2a: Exeggutor
|-damage|p2a: Exeggutor|57/100
|move|p2a: Exeggutor|Psychic Noise|p1a: Heatran
|-resisted|p1a: Heatran
|-damage|p1a: Heatran|33/100
|
|-end|p1a: Heatran|move: Heal Block
|upkeep
|turn|18
|
|t:|1760367491
|move|p1a: Heatran|Substitute|p1a: Heatran
|-start|p1a: Heatran|Substitute
|-damage|p1a: Heatran|8/100
|move|p2a: Exeggutor|Psychic Noise|p1a: Heatran
|-resisted|p1a: Heatran
|-damage|p1a: Heatran|0 fnt
|faint|p1a: Heatran
|
|upkeep
|
|t:|1760367499
|switch|p1a: Blaziken|Blaziken, M|100/100
|turn|19
|inactive|kennguyen21 has 120 seconds left.
|
|t:|1760367507
|move|p1a: Blaziken|Protect|p1a: Blaziken
|-singleturn|p1a: Blaziken|Protect
|move|p2a: Exeggutor|Psychic Noise|p1a: Blaziken
|-activate|p1a: Blaziken|move: Protect
|
|-ability|p1a: Blaziken|Speed Boost|boost
|-boost|p1a: Blaziken|spe|1
|upkeep
|turn|20
|inactive|kennguyen21 has 120 seconds left.
|
|t:|1760367526
|move|p1a: Blaziken|Flare Blitz|p2a: Exeggutor
|-damage|p2a: Exeggutor|2/100
|-enditem|p2a: Exeggutor|Sitrus Berry|[eat]
|-heal|p2a: Exeggutor|27/100|[from] item: Sitrus Berry
|-damage|p1a: Blaziken|77/100|[from] Recoil
|move|p2a: Exeggutor|Psychic Noise|p1a: Blaziken
|-supereffective|p1a: Blaziken
|-damage|p1a: Blaziken|0 fnt
|faint|p1a: Blaziken
|
|upkeep
|
|t:|1760367544
|switch|p1a: Moltres|Moltres|76/100
|turn|21
|
|t:|1760367553
|move|p2a: Exeggutor|Protect|p2a: Exeggutor
|-singleturn|p2a: Exeggutor|Protect
|move|p1a: Moltres|Overheat|p2a: Exeggutor
|-activate|p2a: Exeggutor|move: Protect
|
|-item|p2a: Exeggutor|Sitrus Berry|[from] ability: Harvest
|upkeep
|-enditem|p2a: Exeggutor|Sitrus Berry|[eat]
|-heal|p2a: Exeggutor|52/100|[from] item: Sitrus Berry
|turn|22
|
|t:|1760367565
|move|p1a: Moltres|Overheat|p2a: Exeggutor
|-damage|p2a: Exeggutor|28/100
|-unboost|p1a: Moltres|spa|2
|move|p2a: Exeggutor|Psychic Noise|p1a: Moltres
|-damage|p1a: Moltres|0 fnt
|faint|p1a: Moltres
|
|upkeep
|
|t:|1760367573
|switch|p1a: Walking Wake|Walking Wake, tera:Water|38/100
|-enditem|p1a: Walking Wake|Booster Energy
|-activate|p1a: Walking Wake|ability: Protosynthesis|[fromitem]
|-start|p1a: Walking Wake|protosynthesisspa
|turn|23
|inactive|kennguyen21 has 120 seconds left.
|
|t:|1760367579
|move|p1a: Walking Wake|Draco Meteor|p2a: Exeggutor
|-damage|p2a: Exeggutor|0 fnt
|-unboost|p1a: Walking Wake|spa|2
|faint|p2a: Exeggutor
|
|upkeep
|
|t:|1760367586
|switch|p2a: Shiftry|Shiftry, F|100/100
|turn|24
|
|t:|1760367593
|move|p1a: Walking Wake|Draco Meteor|p2a: Shiftry
|-damage|p2a: Shiftry|33/100
|-unboost|p1a: Walking Wake|spa|2
|move|p2a: Shiftry|Tailwind|p2a: Shiftry
|-sidestart|p2: mathdragon|move: Tailwind
|-ability|p2a: Shiftry|Wind Rider|boost
|-boost|p2a: Shiftry|atk|1
|
|upkeep
|turn|25
|
|t:|1760367602
|move|p2a: Shiftry|Leaf Blade|p1a: Walking Wake
|-supereffective|p1a: Walking Wake
|-damage|p1a: Walking Wake|0 fnt
|faint|p1a: Walking Wake
|-end|p1a: Walking Wake|Protosynthesis|[silent]
|
|win|mathdragon
|raw|kennguyen21's rating: 1244 &rarr; <strong>1214</strong><br />(-30 for losing)
|raw|mathdragon's rating: 1180 &rarr; <strong>1210</strong><br />(+30 for winning)
|l|☆kennguyen21
|player|p1|
|l|☆mathdragon
|player|p2|
