|j|☆iemonemon
|j|☆C0nway
|t:|1760333963
|gametype|singles
|player|p1|iemonemon|clown|1384
|player|p2|C0nway|eusine|1419
|gen|9
|tier|[Gen 9] OU
|rated|
|rule|HP Percentage Mod: HP is shown in percentages
|rule|Endless Battle Clause: Forcing endless battles is banned
|rule|Species Clause: Limit one of each Pokémon
|rule|OHKO Clause: OHKO moves are banned
|rule|Evasion Items Clause: Evasion items are banned
|rule|Evasion Moves Clause: Evasion moves are banned
|rule|Evasion Abilities Clause: Evasion abilities are banned
|rule|Sleep Moves Clause: Sleep-inducing moves are banned
|clearpoke
|poke|p1|Indeedee, M|
|poke|p1|Hatterene, F|
|poke|p1|Ursaluna, F|
|poke|p1|Iron Hands|
|poke|p1|Hoopa-Unbound|
|poke|p1|Mimikyu, F|
|poke|p2|Walking Wake|
|poke|p2|Torkoal, M|
|poke|p2|Cinderace, F|
|poke|p2|Hatterene, F|
|poke|p2|Iron Valiant|
|poke|p2|Kingambit, M|
|teampreview
|inactive|Battle timer is ON: inactive players will automatically lose when time's up. (requested by iemonemon)
|inactive|iemonemon has 120 seconds left.
|inactive|iemonemon has 90 seconds left.
|
|t:|1760334038
|teamsize|p1|6
|teamsize|p2|6
|start
|switch|p1a: Subaru|Indeedee, M, shiny|100/100
|switch|p2a: Torkoal|Torkoal, M|100/100
|-fieldstart|move: Psychic Terrain|[from] ability: Psychic Surge|[of] p1a: Subaru
|-weather|SunnyDay|[from] ability: Drought|[of] p2a: Torkoal
|turn|1
|
|t:|1760334044
|move|p2a: Torkoal|Lava Plume|p1a: Subaru
|-damage|p1a: Subaru|58/100
|move|p1a: Subaru|Trick Room|p1a: Subaru
|-fieldstart|move: Trick Room|[of] p1a: Subaru
|
|-weather|SunnyDay|[upkeep]
|upkeep
|turn|2
|
|t:|1760334059
|switch|p1a: Satella|Hatterene, F, shiny|100/100
|move|p2a: Torkoal|Stealth Rock|p1a: Satella
|move|p1a: Satella|Stealth Rock|p2a: Torkoal|[from] ability: Magic Bounce
|-sidestart|p2: C0nway|move: Stealth Rock
|
|-weather|SunnyDay|[upkeep]
|upkeep
|turn|3
|
|t:|1760334066
|move|p1a: Satella|Expanding Force|p2a: Torkoal
|-damage|p2a: Torkoal|0 fnt
|faint|p2a: Torkoal
|-damage|p1a: Satella|91/100|[from] item: Life Orb
|
|-weather|SunnyDay|[upkeep]
|upkeep
|
|t:|1760334072
|switch|p2a: Hatterene|Hatterene, F|100/100
|-damage|p2a: Hatterene|88/100|[from] Stealth Rock
|turn|4
|
|t:|1760334079
|move|p1a: Satella|Mystical Fire|p2a: Hatterene
|-damage|p2a: Hatterene|49/100
|-unboost|p2a: Hatterene|spa|1
|-damage|p1a: Satella|81/100|[from] item: Life Orb
|move|p2a: Hatterene|Mystical Fire|p1a: Satella
|-damage|p1a: Satella|53/100
|-unboost|p1a: Satella|spa|1
|
|-weather|SunnyDay|[upkeep]
|upkeep
|turn|5
|
|t:|1760334106
|move|p1a: Satella|Mystical Fire|p2a: Hatterene
|-damage|p2a: Hatterene|25/100
|-unboost|p2a: Hatterene|spa|1
|-damage|p1a: Satella|43/100|[from] item: Life Orb
|move|p2a: Hatterene|Draining Kiss|p1a: Satella
|-damage|p1a: Satella|30/100
|-heal|p2a: Hatterene|35/100|[from] drain|[of] p1a: Satella
|
|-weather|SunnyDay|[upkeep]
|-fieldend|move: Trick Room
|upkeep
|turn|6
|inactive|iemonemon has 120 seconds left.
|
|t:|1760334127
|switch|p2a: Cinderace|Cinderace, F|100/100
|move|p1a: Satella|Trick Room|p1a: Satella
|-fieldstart|move: Trick Room|[of] p1a: Satella
|
|-weather|SunnyDay|[upkeep]
|upkeep
|turn|7
|
|t:|1760334132
|move|p1a: Satella|Expanding Force|p2a: Cinderace
|-damage|p2a: Cinderace|11/100
|-damage|p1a: Satella|20/100|[from] item: Life Orb
|move|p2a: Cinderace|Pyro Ball|p1a: Satella
|-damage|p1a: Satella|0 fnt
|faint|p1a: Satella
|
|-weather|SunnyDay|[upkeep]
|upkeep
|inactive|iemonemon has 120 seconds left.
|
|t:|1760334152
|switch|p1a: Crashout YN|Ursaluna, F, shiny|100/100
|turn|8
|
|t:|1760334163
|move|p1a: Crashout YN|Facade|p2a: Cinderace
|-damage|p2a: Cinderace|0 fnt
|faint|p2a: Cinderace
|
|-weather|none
|-fieldend|move: Psychic Terrain
|-status|p1a: Crashout YN|brn|[from] item: Flame Orb
|upkeep
|
|t:|1760334171
|switch|p2a: Hatterene|Hatterene, F|35/100
|-damage|p2a: Hatterene|23/100|[from] Stealth Rock
|turn|9
|
|t:|1760334180
|switch|p2a: Kingambit|Kingambit, M|100/100
|-damage|p2a: Kingambit|94/100|[from] Stealth Rock
|-activate|p2a: Kingambit|ability: Supreme Overlord
|-start|p2a: Kingambit|fallen2|[silent]
|move|p1a: Crashout YN|Facade|p2a: Kingambit
|-resisted|p2a: Kingambit
|-damage|p2a: Kingambit|41/100
|
|-heal|p2a: Kingambit|47/100|[from] item: Leftovers
|-damage|p1a: Crashout YN|94/100 brn|[from] brn
|upkeep
|turn|10
|
|t:|1760334189
|-end|p2a: Kingambit|fallen2|[silent]
|switch|p2a: Hatterene|Hatterene, F|23/100
|-damage|p2a: Hatterene|11/100|[from] Stealth Rock
|move|p1a: Crashout YN|Facade|p2a: Hatterene
|-damage|p2a: Hatterene|0 fnt
|faint|p2a: Hatterene
|
|-damage|p1a: Crashout YN|88/100 brn|[from] brn
|-fieldend|move: Trick Room
|upkeep
|
|t:|1760334206
|switch|p2a: Walking Wake|Walking Wake|100/100
|-damage|p2a: Walking Wake|88/100|[from] Stealth Rock
|turn|11
|
|t:|1760334231
|switch|p1a: Subaru|Indeedee, M, shiny|58/100
|-fieldstart|move: Psychic Terrain|[from] ability: Psychic Surge|[of] p1a: Subaru
|-terastallize|p2a: Walking Wake|Water
|move|p2a: Walking Wake|Hydro Steam|p1a: Subaru
|-damage|p1a: Subaru|0 fnt
|faint|p1a: Subaru
|
|upkeep
|
|t:|1760334238
|switch|p1a: Mimi|Mimikyu, F, shiny|100/100
|turn|12
|
|t:|1760334241
|move|p2a: Walking Wake|Hydro Steam|p1a: Mimi
|-activate|p1a: Mimi|ability: Disguise
|-damage|p1a: Mimi|100/100
|detailschange|p1a: Mimi|Mimikyu-Busted, F, shiny
|-damage|p1a: Mimi|88/100|[from] pokemon: Mimikyu-Busted
|-enditem|p1a: Mimi|Red Card|[of] p2a: Walking Wake
|-end|p2a: Walking Wake|Protosynthesis|[silent]
|drag|p2a: Iron Valiant|Iron Valiant|100/100
|-damage|p2a: Iron Valiant|94/100|[from] Stealth Rock
|-enditem|p2a: Iron Valiant|Booster Energy
|-activate|p2a: Iron Valiant|ability: Quark Drive|[fromitem]
|-start|p2a: Iron Valiant|quarkdrivespe
|move|p1a: Mimi|Trick Room|p1a: Mimi
|-fieldstart|move: Trick Room|[of] p1a: Mimi
|
|upkeep
|turn|13
|
|t:|1760334250
|move|p1a: Mimi|Curse|p2a: Iron Valiant
|-start|p2a: Iron Valiant|Curse|[of] p1a: Mimi
|-damage|p1a: Mimi|38/100
|move|p2a: Iron Valiant|Encore|p1a: Mimi
|-start|p1a: Mimi|Encore
|
|-damage|p2a: Iron Valiant|69/100|[from] Curse
|upkeep
|turn|14
|
|t:|1760334261
|-end|p2a: Iron Valiant|Quark Drive|[silent]
|switch|p2a: Walking Wake|Walking Wake, tera:Water|88/100
|-damage|p2a: Walking Wake|76/100|[from] Stealth Rock
|move|p1a: Mimi|Curse|p2a: Walking Wake
|-start|p2a: Walking Wake|Curse|[of] p1a: Mimi
|-damage|p1a: Mimi|0 fnt
|faint|p1a: Mimi
|
|-damage|p2a: Walking Wake|51/100|[from] Curse
|upkeep
|
|t:|1760334269
|switch|p1a: Crashout YN|Ursaluna, F, shiny|88/100 brn
|turn|15
|
|t:|1760334297
|move|p1a: Crashout YN|Facade|p2a: Walking Wake
|-damage|p2a: Walking Wake|0 fnt
|faint|p2a: Walking Wake
|-end|p2a: Walking Wake|Protosynthesis|[silent]
|
|-damage|p1a: Crashout YN|82/100 brn|[from] brn
|upkeep
|
|t:|1760334300
|switch|p2a: Kingambit|Kingambit, M|47/100
|-damage|p2a: Kingambit|41/100|[from] Stealth Rock
|-activate|p2a: Kingambit|ability: Supreme Overlord
|-start|p2a: Kingambit|fallen4|[silent]
|turn|16
|
|t:|1760334306
|move|p2a: Kingambit|Sucker Punch|p1a: Crashout YN
|-activate|p1a: Crashout YN|move: Psychic Terrain
|move|p1a: Crashout YN|Facade|p2a: Kingambit
|-resisted|p2a: Kingambit
|-damage|p2a: Kingambit|0 fnt
|faint|p2a: Kingambit
|-end|p2a: Kingambit|fallen4|[silent]
|
|-damage|p1a: Crashout YN|76/100 brn|[from] brn
|-fieldend|move: Trick Room
|upkeep
|
|t:|1760334311
|switch|p2a: Iron Valiant|Iron Valiant|69/100
|-damage|p2a: Iron Valiant|63/100|[from] Stealth Rock
|turn|17
|
|t:|1760334315
|move|p2a: Iron Valiant|Close Combat|p1a: Crashout YN
|-supereffective|p1a: Crashout YN
|-damage|p1a: Crashout YN|1/100 brn
|-unboost|p2a: Iron Valiant|def|1
|-unboost|p2a: Iron Valiant|spd|1
|move|p1a: Crashout YN|Facade|p2a: Iron Valiant
|-damage|p2a: Iron Valiant|0 fnt
|faint|p2a: Iron Valiant
|-end|p2a: Iron Valiant|Quark Drive|[silent]
|
|win|iemonemon
|raw|iemonemon's rating: 1384 &rarr; <strong>1406</strong><br />(+22 for winning)
|raw|C0nway's rating: 1419 &rarr; <strong>1397</strong><br />(-22 for losing)
|l|☆iemonemon
|player|p1|
|l|☆C0nway
|player|p2|
