|j|☆SalmonCashew
|j|☆eech1221
|t:|1760451729
|gametype|singles
|player|p1|SalmonCashew|170|1128
|player|p2|eech1221|265|1196
|gen|9
|tier|[Gen 9] OU
|rated|
|rule|HP Percentage Mod: HP is shown in percentages
|rule|Endless Battle Clause: Forcing endless battles is banned
|rule|Species Clause: Limit one of each Pokémon
|rule|OHKO Clause: OHKO moves are banned
|rule|Evasion Items Clause: Evasion items are banned
|rule|Evasion Moves Clause: Evasion moves are banned
|rule|Evasion Abilities Clause: Evasion abilities are banned
|rule|Sleep Moves Clause: Sleep-inducing moves are banned
|clearpoke
|poke|p1|Garganacl, M|
|poke|p1|Gliscor, M|
|poke|p1|Pecharunt|
|poke|p1|Corviknight, M|
|poke|p1|Mienshao, M|
|poke|p1|Slowking, F|
|poke|p2|Mimikyu, F|
|poke|p2|Galvantula, M|
|poke|p2|Mismagius, F|
|poke|p2|Slowbro-Galar, F|
|poke|p2|Delphox, F|
|poke|p2|Malamar, M|
|teampreview
|inactive|Battle timer is ON: inactive players will automatically lose when time's up. (requested by SalmonCashew)
|
|t:|1760451737
|teamsize|p1|6
|teamsize|p2|6
|start
|switch|p1a: Garganacl|Garganacl, M|100/100
|switch|p2a: Slowbro|Slowbro-Galar, F|100/100
|turn|1
|
|t:|1760451748
|move|p1a: Garganacl|Stealth Rock|p2a: Slowbro
|-sidestart|p2: eech1221|move: Stealth Rock
|move|p2a: Slowbro|Calm Mind|p2a: Slowbro
|-boost|p2a: Slowbro|spa|1
|-boost|p2a: Slowbro|spd|1
|
|upkeep
|turn|2
|
|t:|1760451758
|move|p1a: Garganacl|Salt Cure|p2a: Slowbro
|-damage|p2a: Slowbro|87/100
|-start|p2a: Slowbro|Salt Cure
|move|p2a: Slowbro|Psychic|p1a: Garganacl
|-damage|p1a: Garganacl|40/100
|
|-heal|p1a: Garganacl|46/100|[from] item: Leftovers
|-heal|p2a: Slowbro|93/100|[from] item: Leftovers
|-damage|p2a: Slowbro|81/100|[from] Salt Cure
|upkeep
|turn|3
|
|t:|1760451771
|move|p1a: Garganacl|Recover|p1a: Garganacl
|-heal|p1a: Garganacl|96/100
|move|p2a: Slowbro|Calm Mind|p2a: Slowbro
|-boost|p2a: Slowbro|spa|1
|-boost|p2a: Slowbro|spd|1
|
|-heal|p1a: Garganacl|100/100|[from] item: Leftovers
|-heal|p2a: Slowbro|87/100|[from] item: Leftovers
|-damage|p2a: Slowbro|74/100|[from] Salt Cure
|upkeep
|turn|4
|
|t:|1760451785
|move|p1a: Garganacl|Salt Cure|p2a: Slowbro
|-damage|p2a: Slowbro|61/100
|move|p2a: Slowbro|Psychic|p1a: Garganacl
|-damage|p1a: Garganacl|15/100
|
|-heal|p1a: Garganacl|21/100|[from] item: Leftovers
|-heal|p2a: Slowbro|67/100|[from] item: Leftovers
|-damage|p2a: Slowbro|54/100|[from] Salt Cure
|upkeep
|turn|5
|
|t:|1760451795
|move|p1a: Garganacl|Recover|p1a: Garganacl
|-heal|p1a: Garganacl|71/100
|move|p2a: Slowbro|Calm Mind|p2a: Slowbro
|-boost|p2a: Slowbro|spa|1
|-boost|p2a: Slowbro|spd|1
|
|-heal|p1a: Garganacl|77/100|[from] item: Leftovers
|-heal|p2a: Slowbro|60/100|[from] item: Leftovers
|-damage|p2a: Slowbro|48/100|[from] Salt Cure
|upkeep
|turn|6
|
|t:|1760451804
|move|p1a: Garganacl|Recover|p1a: Garganacl
|-heal|p1a: Garganacl|100/100
|move|p2a: Slowbro|Psychic|p1a: Garganacl
|-damage|p1a: Garganacl|0 fnt
|faint|p1a: Garganacl
|
|-heal|p2a: Slowbro|54/100|[from] item: Leftovers
|-damage|p2a: Slowbro|42/100|[from] Salt Cure
|upkeep
|
|t:|1760451811
|switch|p1a: Mienshao|Mienshao, M|100/100
|turn|7
|
|t:|1760451815
|move|p1a: Mienshao|Fake Out|p2a: Slowbro
|-damage|p2a: Slowbro|28/100
|cant|p2a: Slowbro|flinch
|
|-heal|p2a: Slowbro|34/100|[from] item: Leftovers
|-damage|p2a: Slowbro|21/100|[from] Salt Cure
|upkeep
|turn|8
|
|t:|1760451826
|move|p1a: Mienshao|Knock Off|p2a: Slowbro
|-supereffective|p2a: Slowbro
|-damage|p2a: Slowbro|0 fnt
|-enditem|p2a: Slowbro|Leftovers|[from] move: Knock Off|[of] p1a: Mienshao
|faint|p2a: Slowbro
|
|upkeep
|
|t:|1760451839
|switch|p2a: Mismagius|Mismagius, F|100/100
|-damage|p2a: Mismagius|88/100|[from] Stealth Rock
|turn|9
|
|t:|1760451848
|move|p1a: Mienshao|U-turn|p2a: Mismagius
|-resisted|p2a: Mismagius
|-damage|p2a: Mismagius|68/100
|
|t:|1760451855
|switch|p1a: Corviknight|Corviknight, M|100/100|[from] U-turn
|-ability|p1a: Corviknight|Pressure
|move|p2a: Mismagius|Shadow Ball|p1a: Corviknight
|-damage|p1a: Corviknight|59/100
|
|-heal|p2a: Mismagius|74/100|[from] item: Leftovers
|upkeep
|turn|10
|
|t:|1760451867
|move|p2a: Mismagius|Nasty Plot|p2a: Mismagius
|-boost|p2a: Mismagius|spa|2
|move|p1a: Corviknight|Brave Bird|p2a: Mismagius
|-damage|p2a: Mismagius|2/100
|-damage|p1a: Corviknight|42/100|[from] Recoil
|
|-heal|p2a: Mismagius|8/100|[from] item: Leftovers
|upkeep
|turn|11
|
|t:|1760451876
|move|p2a: Mismagius|Shadow Ball|p1a: Corviknight
|-damage|p1a: Corviknight|0 fnt
|faint|p1a: Corviknight
|
|-heal|p2a: Mismagius|14/100|[from] item: Leftovers
|upkeep
|
|t:|1760451879
|switch|p1a: Mienshao|Mienshao, M|100/100
|turn|12
|
|t:|1760451885
|move|p1a: Mienshao|Knock Off|p2a: Mismagius
|-supereffective|p2a: Mismagius
|-damage|p2a: Mismagius|0 fnt
|-enditem|p2a: Mismagius|Leftovers|[from] move: Knock Off|[of] p1a: Mienshao
|faint|p2a: Mismagius
|
|upkeep
|
|t:|1760451893
|switch|p2a: Delphox|Delphox, F, shiny|100/100
|-damage|p2a: Delphox|76/100|[from] Stealth Rock
|turn|13
|
|t:|1760451900
|move|p1a: Mienshao|U-turn|p2a: Delphox
|-damage|p2a: Delphox|45/100
|
|t:|1760451906
|switch|p1a: Slowking|Slowking, F|100/100|[from] U-turn
|move|p2a: Delphox|Expanding Force|p1a: Slowking
|-resisted|p1a: Slowking
|-damage|p1a: Slowking|86/100
|
|-heal|p2a: Delphox|51/100|[from] item: Leftovers
|-heal|p1a: Slowking|92/100|[from] item: Leftovers
|upkeep
|turn|14
|
|t:|1760451915
|move|p2a: Delphox|Grass Knot|p1a: Slowking
|-supereffective|p1a: Slowking
|-damage|p1a: Slowking|57/100
|move|p1a: Slowking|Scald|p2a: Delphox
|-supereffective|p2a: Delphox
|-damage|p2a: Delphox|0 fnt
|faint|p2a: Delphox
|
|-heal|p1a: Slowking|63/100|[from] item: Leftovers
|upkeep
|
|t:|1760451924
|switch|p2a: Galvantula|Galvantula, M, shiny|100/100
|-damage|p2a: Galvantula|76/100|[from] Stealth Rock
|turn|15
|
|t:|1760451928
|switch|p1a: Mienshao|Mienshao, M|100/100
|move|p2a: Galvantula|Thunder|p1a: Mienshao
|-damage|p1a: Mienshao|38/100
|
|upkeep
|turn|16
|
|t:|1760451946
|move|p1a: Mienshao|Fake Out|p2a: Galvantula
|-damage|p2a: Galvantula|49/100
|cant|p2a: Galvantula|flinch
|
|upkeep
|turn|17
|
|t:|1760451963
|switch|p2a: Malamar|Malamar, M|100/100
|-damage|p2a: Malamar|88/100|[from] Stealth Rock
|switch|p1a: Gliscor|Gliscor, M|100/100
|
|-heal|p2a: Malamar|94/100|[from] item: Leftovers
|-status|p1a: Gliscor|tox|[from] item: Toxic Orb
|upkeep
|turn|18
|
|t:|1760451972
|move|p1a: Gliscor|Knock Off|p2a: Malamar
|-damage|p2a: Malamar|70/100
|-enditem|p2a: Malamar|Leftovers|[from] move: Knock Off|[of] p1a: Gliscor
|move|p2a: Malamar|Superpower|p1a: Gliscor
|-resisted|p1a: Gliscor
|-damage|p1a: Gliscor|90/100 tox
|-boost|p2a: Malamar|atk|1
|-boost|p2a: Malamar|def|1
|
|-heal|p1a: Gliscor|100/100 tox|[from] ability: Poison Heal
|upkeep
|turn|19
|
|t:|1760451982
|switch|p1a: Pecharunt|Pecharunt|100/100
|move|p2a: Malamar|Superpower|p1a: Pecharunt
|-immune|p1a: Pecharunt
|
|upkeep
|turn|20
|
|t:|1760451996
|move|p1a: Pecharunt|Malignant Chain|p2a: Malamar
|-damage|p2a: Malamar|28/100
|move|p2a: Malamar|Throat Chop|p1a: Pecharunt
|-supereffective|p1a: Pecharunt
|-damage|p1a: Pecharunt|48/100
|-start|p1a: Pecharunt|Throat Chop|[silent]
|
|-heal|p1a: Pecharunt|54/100|[from] item: Leftovers
|upkeep
|turn|21
|
|t:|1760452005
|move|p1a: Pecharunt|Malignant Chain|p2a: Malamar
|-damage|p2a: Malamar|0 fnt
|faint|p2a: Malamar
|
|-heal|p1a: Pecharunt|60/100|[from] item: Leftovers
|-end|p1a: Pecharunt|Throat Chop|[silent]
|upkeep
|
|t:|1760452020
|switch|p2a: Galvantula|Galvantula, M, shiny|49/100
|-damage|p2a: Galvantula|24/100|[from] Stealth Rock
|turn|22
|
|t:|1760452025
|switch|p1a: Gliscor|Gliscor, M|100/100 tox
|move|p2a: Galvantula|Thunder|p1a: Gliscor
|-immune|p1a: Gliscor
|
|upkeep
|turn|23
|
|t:|1760452037
|move|p2a: Galvantula|Sticky Web|p1a: Gliscor
|-sidestart|p1: SalmonCashew|move: Sticky Web
|move|p1a: Gliscor|Toxic Spikes|p2a: Galvantula
|-sidestart|p2: eech1221|move: Toxic Spikes
|
|upkeep
|turn|24
|
|t:|1760452045
|move|p2a: Galvantula|Bug Buzz|p1a: Gliscor
|-resisted|p1a: Gliscor
|-crit|p1a: Gliscor
|-damage|p1a: Gliscor|63/100 tox
|move|p1a: Gliscor|Spikes|p2a: Galvantula
|-sidestart|p2: eech1221|Spikes
|
|-heal|p1a: Gliscor|76/100 tox|[from] ability: Poison Heal
|upkeep
|turn|25
|
|t:|1760452056
|move|p2a: Galvantula|Bug Buzz|p1a: Gliscor
|-resisted|p1a: Gliscor
|-damage|p1a: Gliscor|53/100 tox
|move|p1a: Gliscor|Spikes|p2a: Galvantula
|-sidestart|p2: eech1221|Spikes
|
|-heal|p1a: Gliscor|66/100 tox|[from] ability: Poison Heal
|upkeep
|turn|26
|-message|eech1221 forfeited.
|
|win|SalmonCashew
|raw|SalmonCashew's rating: 1128 &rarr; <strong>1158</strong><br />(+30 for winning)
|raw|eech1221's rating: 1196 &rarr; <strong>1166</strong><br />(-30 for losing)
|l|☆eech1221
|player|p2|
|l|☆SalmonCashew
|player|p1|
