|j|☆84m833
|j|☆SmiCat
|t:|1760381184
|gametype|singles
|player|p1|84m833|pokekid|
|player|p2|SmiCat|102|
|gen|9
|tier|[Gen 9] OU
|rule|HP Percentage Mod: HP is shown in percentages
|rule|Endless Battle Clause: Forcing endless battles is banned
|rule|Species Clause: Limit one of each Pokémon
|rule|OHKO Clause: OHKO moves are banned
|rule|Evasion Items Clause: Evasion items are banned
|rule|Evasion Moves Clause: Evasion moves are banned
|rule|Evasion Abilities Clause: Evasion abilities are banned
|rule|Sleep Moves Clause: Sleep-inducing moves are banned
|clearpoke
|poke|p1|Garchomp, F|
|poke|p1|Ting-Lu|
|poke|p1|Hippowdon, M|
|poke|p1|Gliscor, M|
|poke|p1|Excadrill, M|
|poke|p1|Ursaluna, F|
|poke|p2|Ting-Lu|
|poke|p2|Landorus-Therian, M|
|poke|p2|Garchomp, F|
|poke|p2|Zamazenta-*|
|poke|p2|Dugtrio, M|
|poke|p2|Excadrill, M|
|teampreview
|
|t:|1760381232
|teamsize|p1|6
|teamsize|p2|6
|start
|switch|p1a: Fiamet|Hippowdon, M|100/100
|switch|p2a: uWu|Ting-Lu|100/100
|-weather|Sandstorm|[from] ability: Sand Stream|[of] p1a: Fiamet
|-ability|p2a: uWu|Vessel of Ruin
|turn|1
|
|t:|1760381319
|move|p1a: Fiamet|Stealth Rock|p2a: uWu
|-sidestart|p2: SmiCat|move: Stealth Rock
|move|p2a: uWu|Spikes|p1a: Fiamet
|-sidestart|p1: 84m833|Spikes
|
|-weather|Sandstorm|[upkeep]
|upkeep
|turn|2
|
|t:|1760381341
|-terastallize|p1a: Fiamet|Ground
|move|p1a: Fiamet|Earthquake|p2a: uWu
|-damage|p2a: uWu|71/100
|-enditem|p2a: uWu|Red Card|[of] p1a: Fiamet
|drag|p1a: Skylla|Excadrill, M|100/100
|-damage|p1a: Skylla|88/100|[from] Spikes
|move|p2a: uWu|Ruination|p1a: Skylla|[miss]
|-miss|p2a: uWu|p1a: Skylla
|
|-weather|Sandstorm|[upkeep]
|upkeep
|turn|3
|
|t:|1760381356
|move|p1a: Skylla|Iron Head|p2a: uWu
|-damage|p2a: uWu|47/100
|move|p2a: uWu|Ruination|p1a: Skylla
|-damage|p1a: Skylla|44/100
|
|-weather|Sandstorm|[upkeep]
|upkeep
|turn|4
|
|t:|1760381369
|move|p1a: Skylla|Iron Head|p2a: uWu
|-damage|p2a: uWu|21/100
|move|p2a: uWu|Whirlwind|p1a: Skylla
|drag|p1a: Elwurd|Gliscor, M, shiny|100/100
|
|-weather|Sandstorm|[upkeep]
|upkeep
|turn|5
|
|t:|1760381386
|switch|p2a: Garfield|Landorus-Therian, M|100/100
|-damage|p2a: Garfield|88/100|[from] Stealth Rock
|-ability|p2a: Garfield|Intimidate|boost
|-unboost|p1a: Elwurd|atk|1
|move|p1a: Elwurd|Poison Jab|p2a: Garfield
|-resisted|p2a: Garfield
|-damage|p2a: Garfield|74/100
|
|-weather|Sandstorm|[upkeep]
|upkeep
|turn|6
|
|t:|1760381410
|move|p2a: Garfield|Stealth Rock|p1a: Elwurd
|-sidestart|p1: 84m833|move: Stealth Rock
|move|p1a: Elwurd|Poison Jab|p2a: Garfield
|-resisted|p2a: Garfield
|-damage|p2a: Garfield|61/100
|
|-weather|Sandstorm|[upkeep]
|upkeep
|turn|7
|
|t:|1760381455
|switch|p2a: The grey one|Garchomp, F|100/100
|-damage|p2a: The grey one|94/100|[from] Stealth Rock
|switch|p1a: Diemen|Ursaluna, F, shiny|100/100
|-damage|p1a: Diemen|88/100|[from] Spikes
|-damage|p1a: Diemen|82/100|[from] Stealth Rock
|
|-weather|Sandstorm|[upkeep]
|-status|p1a: Diemen|brn|[from] item: Flame Orb
|upkeep
|turn|8
|
|t:|1760381477
|move|p2a: The grey one|Dragon Claw|p1a: Diemen
|-damage|p1a: Diemen|41/100 brn
|-damage|p2a: The grey one|85/100|[from] item: Life Orb
|move|p1a: Diemen|Fire Punch|p2a: The grey one
|-resisted|p2a: The grey one
|-damage|p2a: The grey one|62/100
|-damage|p1a: Diemen|28/100 brn|[from] ability: Rough Skin|[of] p2a: The grey one
|
|-weather|none
|-damage|p1a: Diemen|22/100 brn|[from] brn
|upkeep
|turn|9
|
|t:|1760381491
|move|p2a: The grey one|Dragon Claw|p1a: Diemen
|-damage|p1a: Diemen|0 fnt
|faint|p1a: Diemen
|-damage|p2a: The grey one|52/100|[from] item: Life Orb
|
|upkeep
|
|t:|1760381498
|switch|p1a: Elwurd|Gliscor, M, shiny|100/100
|-damage|p1a: Elwurd|88/100|[from] Stealth Rock
|turn|10
|
|t:|1760381521
|move|p2a: The grey one|Fire Fang|p1a: Elwurd
|-damage|p1a: Elwurd|61/100
|-damage|p2a: The grey one|42/100|[from] item: Life Orb
|move|p1a: Elwurd|Crabhammer|p2a: The grey one
|-damage|p2a: The grey one|0 fnt
|-damage|p1a: Elwurd|49/100|[from] ability: Rough Skin|[of] p2a: The grey one
|faint|p2a: The grey one
|
|upkeep
|
|t:|1760381537
|switch|p2a: Jon|Excadrill, M|100/100
|-damage|p2a: Jon|97/100|[from] Stealth Rock
|-item|p2a: Jon|Air Balloon
|turn|11
|
|t:|1760381554
|move|p1a: Elwurd|Crabhammer|p2a: Jon
|-supereffective|p2a: Jon
|-damage|p2a: Jon|0 fnt
|-enditem|p2a: Jon|Air Balloon
|faint|p2a: Jon
|
|upkeep
|
|t:|1760381575
|switch|p2a: Odie|Zamazenta|100/100
|-damage|p2a: Odie|94/100|[from] Stealth Rock
|-ability|p2a: Odie|Dauntless Shield|boost
|-boost|p2a: Odie|def|1
|turn|12
|
|t:|1760381593
|-terastallize|p2a: Odie|Ground
|move|p2a: Odie|Heavy Slam|p1a: Elwurd
|-damage|p1a: Elwurd|25/100
|move|p1a: Elwurd|Crabhammer|p2a: Odie
|-supereffective|p2a: Odie
|-damage|p2a: Odie|54/100
|
|-heal|p2a: Odie|60/100|[from] item: Leftovers
|upkeep
|turn|13
|
|t:|1760381603
|move|p2a: Odie|Crunch|p1a: Elwurd
|-damage|p1a: Elwurd|5/100
|move|p1a: Elwurd|Crabhammer|p2a: Odie|[miss]
|-miss|p1a: Elwurd|p2a: Odie
|
|-heal|p2a: Odie|66/100|[from] item: Leftovers
|upkeep
|turn|14
|
|t:|1760381611
|move|p2a: Odie|Crunch|p1a: Elwurd
|-damage|p1a: Elwurd|0 fnt
|faint|p1a: Elwurd
|
|-heal|p2a: Odie|73/100|[from] item: Leftovers
|upkeep
|
|t:|1760381622
|switch|p1a: Cronus|Garchomp, F|100/100
|-damage|p1a: Cronus|88/100|[from] Spikes
|-damage|p1a: Cronus|82/100|[from] Stealth Rock
|turn|15
|
|t:|1760381671
|move|p2a: Odie|Heavy Slam|p1a: Cronus
|-damage|p1a: Cronus|65/100
|-damage|p2a: Odie|60/100|[from] ability: Rough Skin|[of] p1a: Cronus
|-enditem|p1a: Cronus|Red Card|[of] p2a: Odie
|drag|p2a: uWu|Ting-Lu|21/100
|-damage|p2a: uWu|15/100|[from] Stealth Rock
|-ability|p2a: uWu|Vessel of Ruin
|move|p1a: Cronus|Body Slam|p2a: uWu
|-damage|p2a: uWu|0 fnt
|faint|p2a: uWu
|
|upkeep
|
|t:|1760381690
|switch|p2a: Threesome|Dugtrio, M|100/100
|-damage|p2a: Threesome|94/100|[from] Stealth Rock
|turn|16
|
|t:|1760381731
|move|p2a: Threesome|Stone Edge|p1a: Cronus
|-resisted|p1a: Cronus
|-damage|p1a: Cronus|51/100
|move|p1a: Cronus|Stone Edge|p2a: Threesome
|-resisted|p2a: Threesome
|-damage|p2a: Threesome|42/100
|
|upkeep
|turn|17
|
|t:|1760381740
|move|p2a: Threesome|Sandstorm|p2a: Threesome
|-weather|Sandstorm
|move|p1a: Cronus|Earthquake|p2a: Threesome
|-damage|p2a: Threesome|0 fnt
|faint|p2a: Threesome
|
|-weather|Sandstorm|[upkeep]
|upkeep
|
|t:|1760381747
|switch|p2a: Garfield|Landorus-Therian, M|61/100
|-damage|p2a: Garfield|49/100|[from] Stealth Rock
|-ability|p2a: Garfield|Intimidate|boost
|-unboost|p1a: Cronus|atk|1
|turn|18
|
|t:|1760381756
|move|p2a: Garfield|Earthquake|p1a: Cronus
|-damage|p1a: Cronus|0 fnt
|faint|p1a: Cronus
|
|-weather|Sandstorm|[upkeep]
|upkeep
|
|t:|1760381764
|switch|p1a: Dammek|Ting-Lu|100/100
|-damage|p1a: Dammek|88/100|[from] Spikes
|-damage|p1a: Dammek|82/100|[from] Stealth Rock
|-ability|p1a: Dammek|Vessel of Ruin
|turn|19
|
|t:|1760381790
|move|p2a: Garfield|Earthquake|p1a: Dammek
|-damage|p1a: Dammek|47/100
|-enditem|p1a: Dammek|Eject Button
|
|t:|1760381797
|switch|p1a: Fiamet|Hippowdon, M, tera:Ground|100/100
|-damage|p1a: Fiamet|88/100|[from] Spikes
|-damage|p1a: Fiamet|82/100|[from] Stealth Rock
|
|-weather|Sandstorm|[upkeep]
|upkeep
|turn|20
|
|t:|1760381812
|move|p2a: Garfield|Earthquake|p1a: Fiamet
|-damage|p1a: Fiamet|50/100
|move|p1a: Fiamet|Earthquake|p2a: Garfield
|-immune|p2a: Garfield
|
|-weather|Sandstorm|[upkeep]
|upkeep
|turn|21
|
|t:|1760381820
|move|p2a: Garfield|Earthquake|p1a: Fiamet
|-damage|p1a: Fiamet|19/100
|move|p1a: Fiamet|Whirlwind|p2a: Garfield
|drag|p2a: Odie|Zamazenta, tera:Ground|60/100
|-damage|p2a: Odie|54/100|[from] Stealth Rock
|
|-weather|none
|-heal|p2a: Odie|60/100|[from] item: Leftovers
|upkeep
|turn|22
|
|t:|1760381845
|move|p2a: Odie|Body Press|p1a: Fiamet
|-damage|p1a: Fiamet|2/100
|move|p1a: Fiamet|Earthquake|p2a: Odie
|-crit|p2a: Odie
|-damage|p2a: Odie|7/100
|
|-heal|p2a: Odie|13/100|[from] item: Leftovers
|upkeep
|turn|23
|
|t:|1760381856
|move|p2a: Odie|Body Press|p1a: Fiamet
|-damage|p1a: Fiamet|0 fnt
|faint|p1a: Fiamet
|
|-heal|p2a: Odie|19/100|[from] item: Leftovers
|upkeep
|
|t:|1760381865
|switch|p1a: Skylla|Excadrill, M|44/100
|-damage|p1a: Skylla|32/100|[from] Spikes
|-damage|p1a: Skylla|29/100|[from] Stealth Rock
|turn|24
|
|t:|1760381874
|move|p1a: Skylla|Iron Head|p2a: Odie
|-damage|p2a: Odie|0 fnt
|faint|p2a: Odie
|
|upkeep
|
|t:|1760381879
|switch|p2a: Garfield|Landorus-Therian, M|49/100
|-damage|p2a: Garfield|37/100|[from] Stealth Rock
|-ability|p2a: Garfield|Intimidate|boost
|-unboost|p1a: Skylla|atk|1
|turn|25
|
|t:|1760381886
|move|p2a: Garfield|Earthquake|p1a: Skylla
|-supereffective|p1a: Skylla
|-damage|p1a: Skylla|0 fnt
|faint|p1a: Skylla
|
|upkeep
|
|t:|1760381890
|switch|p1a: Dammek|Ting-Lu|47/100
|-damage|p1a: Dammek|34/100|[from] Spikes
|-damage|p1a: Dammek|28/100|[from] Stealth Rock
|-ability|p1a: Dammek|Vessel of Ruin
|turn|26
|
|t:|1760381901
|move|p2a: Garfield|Earthquake|p1a: Dammek
|-damage|p1a: Dammek|0 fnt
|faint|p1a: Dammek
|
|win|SmiCat
