|j|☆twesticles
|j|☆SHEWILLBETRAYu_067
|t:|1760459219
|gametype|singles
|player|p1|twesticles|skyla|1350
|player|p2|SHEWILLBETRAYu_067|clerk|1368
|gen|9
|tier|[Gen 9] OU
|rated|
|rule|HP Percentage Mod: HP is shown in percentages
|rule|Endless Battle Clause: Forcing endless battles is banned
|rule|Species Clause: Limit one of each Pokémon
|rule|OHKO Clause: OHKO moves are banned
|rule|Evasion Items Clause: Evasion items are banned
|rule|Evasion Moves Clause: Evasion moves are banned
|rule|Evasion Abilities Clause: Evasion abilities are banned
|rule|Sleep Moves Clause: Sleep-inducing moves are banned
|clearpoke
|poke|p1|Araquanid, F|
|poke|p1|Great Tusk|
|poke|p1|Kingambit, M|
|poke|p1|Glimmora, F|
|poke|p1|Dragonite, M|
|poke|p1|Gholdengo|
|poke|p2|Hoopa-Unbound|
|poke|p2|Cobalion|
|poke|p2|Gardevoir, M|
|poke|p2|Weavile, M|
|poke|p2|Gliscor, F|
|poke|p2|Slowking-Galar, M|
|teampreview
|inactive|Battle timer is ON: inactive players will automatically lose when time's up. (requested by twesticles)
|
|t:|1760459242
|teamsize|p1|6
|teamsize|p2|6
|start
|switch|p1a: Great Tusk|Great Tusk|100/100
|switch|p2a: Gardevoir|Gardevoir, M, shiny|100/100
|turn|1
|
|t:|1760459264
|move|p2a: Gardevoir|Moonblast|p1a: Great Tusk
|-supereffective|p1a: Great Tusk
|-damage|p1a: Great Tusk|0 fnt
|faint|p1a: Great Tusk
|-end|p1a: Great Tusk|Protosynthesis|[silent]
|
|upkeep
|
|t:|1760459277
|switch|p1a: Araquanid|Araquanid, F, shiny|100/100
|-ability|p2a: Gardevoir|Water Bubble|Trace|[from] ability: Trace|[of] p1a: Araquanid
|turn|2
|
|t:|1760459287
|move|p2a: Gardevoir|Moonblast|p1a: Araquanid
|-damage|p1a: Araquanid|60/100
|-unboost|p1a: Araquanid|spa|1
|move|p1a: Araquanid|Sticky Web|p2a: Gardevoir
|-sidestart|p2: SHEWILLBETRAYu_067|move: Sticky Web
|
|upkeep
|turn|3
|
|t:|1760459295
|move|p2a: Gardevoir|Moonblast|p1a: Araquanid
|-damage|p1a: Araquanid|20/100
|move|p1a: Araquanid|Lunge|p2a: Gardevoir
|-damage|p2a: Gardevoir|66/100
|-unboost|p2a: Gardevoir|atk|1
|
|upkeep
|turn|4
|inactive|twesticles has 120 seconds left.
|
|t:|1760459328
|switch|p2a: Cobalion|Cobalion|100/100
|-activate|p2a: Cobalion|move: Sticky Web
|-unboost|p2a: Cobalion|spe|1
|move|p1a: Araquanid|Lunge|p2a: Cobalion
|-resisted|p2a: Cobalion
|-damage|p2a: Cobalion|97/100
|-unboost|p2a: Cobalion|atk|1
|-damage|p1a: Araquanid|4/100|[from] item: Rocky Helmet|[of] p2a: Cobalion
|
|upkeep
|turn|5
|inactive|twesticles has 120 seconds left.
|
|t:|1760459342
|move|p2a: Cobalion|Iron Defense|p2a: Cobalion
|-boost|p2a: Cobalion|def|2
|move|p1a: Araquanid|Endeavor|p2a: Cobalion
|-damage|p2a: Cobalion|4/100
|-damage|p1a: Araquanid|0 fnt|[from] item: Rocky Helmet|[of] p2a: Cobalion
|faint|p1a: Araquanid
|
|upkeep
|
|t:|1760459368
|switch|p1a: Gholdengo|Gholdengo, shiny|100/100
|-item|p1a: Gholdengo|Air Balloon
|turn|6
|inactive|twesticles has 90 seconds left.
|
|t:|1760459391
|move|p1a: Gholdengo|Shadow Ball|p2a: Cobalion
|-damage|p2a: Cobalion|0 fnt
|faint|p2a: Cobalion
|
|upkeep
|
|t:|1760459396
|switch|p2a: Weavile|Weavile, M|100/100
|-ability|p2a: Weavile|Pressure
|turn|7
|inactive|twesticles has 90 seconds left.
|
|t:|1760459408
|-terastallize|p1a: Gholdengo|Steel
|move|p2a: Weavile|Knock Off|p1a: Gholdengo
|-damage|p1a: Gholdengo|47/100
|-enditem|p1a: Gholdengo|Air Balloon
|move|p1a: Gholdengo|Nasty Plot|p1a: Gholdengo
|-boost|p1a: Gholdengo|spa|2
|
|upkeep
|turn|8
|inactive|twesticles has 90 seconds left.
|
|t:|1760459421
|move|p2a: Weavile|Low Kick|p1a: Gholdengo
|-supereffective|p1a: Gholdengo
|-damage|p1a: Gholdengo|0 fnt
|faint|p1a: Gholdengo
|
|upkeep
|inactive|twesticles has 90 seconds left.
|
|t:|1760459441
|switch|p1a: Glimmora|Glimmora, F|100/100
|turn|9
|
|t:|1760459449
|switch|p2a: Slowking|Slowking-Galar, M|100/100
|move|p1a: Glimmora|Meteor Beam||[still]
|-prepare|p1a: Glimmora|Meteor Beam
|-boost|p1a: Glimmora|spa|1
|-enditem|p1a: Glimmora|Power Herb
|-anim|p1a: Glimmora|Meteor Beam|p2a: Slowking
|-damage|p2a: Slowking|46/100
|
|upkeep
|turn|10
|
|t:|1760459470
|move|p1a: Glimmora|Meteor Beam||[still]
|-prepare|p1a: Glimmora|Meteor Beam
|-boost|p1a: Glimmora|spa|1
|move|p2a: Slowking|Future Sight|p1a: Glimmora
|-start|p2a: Slowking|move: Future Sight
|
|upkeep
|turn|11
|
|t:|1760459475
|move|p1a: Glimmora|Meteor Beam|p2a: Slowking|[from] lockedmove
|-damage|p2a: Slowking|0 fnt
|faint|p2a: Slowking
|
|upkeep
|
|t:|1760459480
|switch|p2a: Weavile|Weavile, M|100/100
|-ability|p2a: Weavile|Pressure
|turn|12
|
|t:|1760459488
|move|p2a: Weavile|Knock Off|p1a: Glimmora
|-damage|p1a: Glimmora|62/100
|-activate|p1a: Glimmora|ability: Toxic Debris
|-sidestart|p2: SHEWILLBETRAYu_067|move: Toxic Spikes
|move|p1a: Glimmora|Meteor Beam||[still]
|-prepare|p1a: Glimmora|Meteor Beam
|-boost|p1a: Glimmora|spa|1
|
|-end|p1a: Glimmora|move: Future Sight
|-supereffective|p1a: Glimmora
|-damage|p1a: Glimmora|0 fnt
|faint|p1a: Glimmora
|upkeep
|
|t:|1760459504
|switch|p1a: Kingambit|Kingambit, M, shiny|100/100
|-activate|p1a: Kingambit|ability: Supreme Overlord
|-start|p1a: Kingambit|fallen4|[silent]
|turn|13
|
|t:|1760459517
|move|p2a: Weavile|Low Kick|p1a: Kingambit
|-supereffective|p1a: Kingambit
|-damage|p1a: Kingambit|8/100
|move|p1a: Kingambit|Iron Head|p2a: Weavile
|-supereffective|p2a: Weavile
|-damage|p2a: Weavile|0 fnt
|faint|p2a: Weavile
|
|-heal|p1a: Kingambit|14/100|[from] item: Leftovers
|upkeep
|
|t:|1760459524
|switch|p2a: Gliscor|Gliscor, F|100/100
|turn|14
|
|t:|1760459531
|move|p1a: Kingambit|Sucker Punch|p2a: Gliscor
|-damage|p2a: Gliscor|63/100
|move|p2a: Gliscor|Earthquake|p1a: Kingambit
|-supereffective|p1a: Kingambit
|-damage|p1a: Kingambit|0 fnt
|faint|p1a: Kingambit
|-end|p1a: Kingambit|fallen4|[silent]
|
|-status|p2a: Gliscor|tox|[from] item: Toxic Orb
|upkeep
|
|t:|1760459537
|switch|p1a: Dragonite|Dragonite, M, shiny|100/100
|turn|15
|inactive|twesticles has 90 seconds left.
|
|t:|1760459545
|move|p2a: Gliscor|Swords Dance|p2a: Gliscor
|-boost|p2a: Gliscor|atk|2
|move|p1a: Dragonite|Dragon Dance|p1a: Dragonite
|-boost|p1a: Dragonite|atk|1
|-boost|p1a: Dragonite|spe|1
|
|-heal|p2a: Gliscor|75/100 tox|[from] ability: Poison Heal
|upkeep
|turn|16
|inactive|twesticles has 90 seconds left.
|
|t:|1760459556
|-terastallize|p2a: Gliscor|Normal
|move|p1a: Dragonite|Dragon Dance|p1a: Dragonite
|-boost|p1a: Dragonite|atk|1
|-boost|p1a: Dragonite|spe|1
|move|p2a: Gliscor|Facade|p1a: Dragonite
|-damage|p1a: Dragonite|56/100
|
|-heal|p2a: Gliscor|88/100 tox|[from] ability: Poison Heal
|upkeep
|turn|17
|inactive|twesticles has 90 seconds left.
|
|t:|1760459573
|move|p2a: Gliscor|Protect|p2a: Gliscor
|-singleturn|p2a: Gliscor|Protect
|move|p1a: Dragonite|Earthquake|p2a: Gliscor
|-activate|p2a: Gliscor|move: Protect
|
|-heal|p2a: Gliscor|99/100 tox|[from] ability: Poison Heal
|upkeep
|turn|18
|
|t:|1760459578
|move|p1a: Dragonite|Earthquake|p2a: Gliscor
|-damage|p2a: Gliscor|65/100 tox
|move|p2a: Gliscor|Facade|p1a: Dragonite
|-damage|p1a: Dragonite|0 fnt
|faint|p1a: Dragonite
|
|win|SHEWILLBETRAYu_067
|raw|twesticles's rating: 1350 &rarr; <strong>1331</strong><br />(-19 for losing)
|raw|SHEWILLBETRAYu_067's rating: 1368 &rarr; <strong>1387</strong><br />(+19 for winning)
|c|☆SHEWILLBETRAYu_067|gg
|l|☆twesticles
|player|p1|
