|j|☆Semelene3
|j|☆SamiFawad
|t:|1760437716
|gametype|singles
|player|p1|Semelene3|pokemonrangerf-gen4|1546
|player|p2|SamiFawad|170|1529
|gen|9
|tier|[Gen 9] OU
|rated|
|rule|HP Percentage Mod: HP is shown in percentages
|rule|Endless Battle Clause: Forcing endless battles is banned
|rule|Species Clause: Limit one of each Pokémon
|rule|OHKO Clause: OHKO moves are banned
|rule|Evasion Items Clause: Evasion items are banned
|rule|Evasion Moves Clause: Evasion moves are banned
|rule|Evasion Abilities Clause: Evasion abilities are banned
|rule|Sleep Moves Clause: Sleep-inducing moves are banned
|clearpoke
|poke|p1|Pelipper, M|
|poke|p1|Barraskewda, M|
|poke|p1|Zapdos|
|poke|p1|Corviknight, M|
|poke|p1|Clodsire, F|
|poke|p1|Incineroar, F|
|poke|p2|Iron Moth|
|poke|p2|Samurott-Hisui, F|
|poke|p2|Thundurus-Therian, M|
|poke|p2|Ogerpon-Cornerstone, F|
|poke|p2|Clodsire, F|
|poke|p2|Great Tusk|
|teampreview
|j| 2025zuichu
|inactive|Battle timer is ON: inactive players will automatically lose when time's up. (requested by Semelene3)
|
|t:|1760437725
|teamsize|p1|6
|teamsize|p2|6
|start
|switch|p1a: Zapdos|Zapdos, shiny|100/100
|switch|p2a: Ogerpon|Ogerpon-Cornerstone, F|100/100
|turn|1
|
|t:|1760437739
|-terastallize|p1a: Zapdos|Steel
|move|p2a: Ogerpon|Swords Dance|p2a: Ogerpon
|-boost|p2a: Ogerpon|atk|2
|move|p1a: Zapdos|Volt Switch|p2a: Ogerpon
|-resisted|p2a: Ogerpon
|-damage|p2a: Ogerpon|79/100
|inactive|Semelene3 has 120 seconds left.
|
|t:|1760437784
|switch|p1a: Incineroar|Incineroar, F, shiny|100/100|[from] Volt Switch
|-ability|p1a: Incineroar|Intimidate|boost
|-unboost|p2a: Ogerpon|atk|1
|
|upkeep
|turn|2
|
|t:|1760437795
|switch|p1a: Pelipper|Pelipper, M|100/100
|-weather|RainDance|[from] ability: Drizzle|[of] p1a: Pelipper
|move|p2a: Ogerpon|Ivy Cudgel|p1a: Pelipper|[anim] Ivy Cudgel Rock
|-supereffective|p1a: Pelipper
|-damage|p1a: Pelipper|0 fnt
|faint|p1a: Pelipper
|
|-weather|RainDance|[upkeep]
|upkeep
|
|t:|1760437800
|switch|p1a: Barraskewda|Barraskewda, M|100/100
|turn|3
|
|t:|1760437803
|switch|p2a: Clodsire|Clodsire, F|100/100
|move|p1a: Barraskewda|Liquidation|p2a: Clodsire
|-immune|p2a: Clodsire|[from] ability: Water Absorb
|
|-weather|RainDance|[upkeep]
|upkeep
|turn|4
|
|t:|1760437806
|switch|p1a: Incineroar|Incineroar, F, shiny|100/100
|-ability|p1a: Incineroar|Intimidate|boost
|-unboost|p2a: Clodsire|atk|1
|switch|p2a: Samurott|Samurott-Hisui, F|100/100
|
|-weather|RainDance|[upkeep]
|upkeep
|turn|5
|
|t:|1760437815
|switch|p2a: Great Tusk|Great Tusk|100/100
|move|p1a: Incineroar|Parting Shot|p2a: Great Tusk
|-unboost|p2a: Great Tusk|atk|1
|-unboost|p2a: Great Tusk|spa|1
|
|t:|1760437817
|switch|p1a: Zapdos|Zapdos, shiny, tera:Steel|100/100|[from] Parting Shot
|
|-weather|RainDance|[upkeep]
|upkeep
|turn|6
|
|t:|1760437820
|-end|p2a: Great Tusk|Protosynthesis|[silent]
|switch|p2a: Clodsire|Clodsire, F|100/100
|move|p1a: Zapdos|Hurricane|p2a: Clodsire
|-damage|p2a: Clodsire|69/100
|
|-weather|RainDance|[upkeep]
|-heal|p2a: Clodsire|75/100|[from] item: Leftovers
|upkeep
|turn|7
|
|t:|1760437825
|move|p1a: Zapdos|Hurricane|p2a: Clodsire
|-damage|p2a: Clodsire|45/100
|move|p2a: Clodsire|Toxic|p1a: Zapdos
|-immune|p1a: Zapdos
|
|-weather|RainDance|[upkeep]
|-heal|p2a: Clodsire|51/100|[from] item: Leftovers
|upkeep
|turn|8
|
|t:|1760437830
|move|p1a: Zapdos|Hurricane|p2a: Clodsire
|-damage|p2a: Clodsire|20/100
|move|p2a: Clodsire|Recover|p2a: Clodsire
|-heal|p2a: Clodsire|70/100
|
|-weather|RainDance|[upkeep]
|-heal|p2a: Clodsire|77/100|[from] item: Leftovers
|upkeep
|turn|9
|
|t:|1760437834
|switch|p1a: Incineroar|Incineroar, F, shiny|100/100
|-ability|p1a: Incineroar|Intimidate|boost
|-unboost|p2a: Clodsire|atk|1
|move|p2a: Clodsire|Earthquake|p1a: Incineroar
|-supereffective|p1a: Incineroar
|-damage|p1a: Incineroar|78/100
|
|-weather|none
|-heal|p2a: Clodsire|83/100|[from] item: Leftovers
|upkeep
|turn|10
|
|t:|1760437840
|move|p1a: Incineroar|Will-O-Wisp|p2a: Clodsire
|-status|p2a: Clodsire|brn
|move|p2a: Clodsire|Toxic|p1a: Incineroar
|-status|p1a: Incineroar|tox
|
|-heal|p2a: Clodsire|89/100 brn|[from] item: Leftovers
|-damage|p1a: Incineroar|71/100 tox|[from] psn
|-damage|p2a: Clodsire|83/100 brn|[from] brn
|upkeep
|turn|11
|
|t:|1760437844
|move|p1a: Incineroar|Knock Off|p2a: Clodsire
|-damage|p2a: Clodsire|44/100 brn
|-enditem|p2a: Clodsire|Leftovers|[from] move: Knock Off|[of] p1a: Incineroar
|move|p2a: Clodsire|Earthquake|p1a: Incineroar
|-supereffective|p1a: Incineroar
|-damage|p1a: Incineroar|59/100 tox
|
|-damage|p1a: Incineroar|47/100 tox|[from] psn
|-damage|p2a: Clodsire|38/100 brn|[from] brn
|upkeep
|turn|12
|
|t:|1760437849
|move|p1a: Incineroar|Parting Shot|p2a: Clodsire
|-unboost|p2a: Clodsire|atk|1
|-unboost|p2a: Clodsire|spa|1
|
|t:|1760437853
|switch|p1a: Clodsire|Clodsire, F|100/100|[from] Parting Shot
|move|p2a: Clodsire|Recover|p2a: Clodsire
|-heal|p2a: Clodsire|88/100 brn
|
|-damage|p2a: Clodsire|81/100 brn|[from] brn
|upkeep
|turn|13
|
|t:|1760437858
|switch|p2a: Samurott|Samurott-Hisui, F|100/100
|move|p1a: Clodsire|Stealth Rock|p2a: Samurott
|-sidestart|p2: SamiFawad|move: Stealth Rock
|
|upkeep
|turn|14
|
|t:|1760437861
|move|p2a: Samurott|Ceaseless Edge|p1a: Clodsire
|-damage|p1a: Clodsire|50/100
|-sidestart|p1: Semelene3|Spikes
|move|p1a: Clodsire|Toxic|p2a: Samurott
|-status|p2a: Samurott|tox
|
|-heal|p1a: Clodsire|57/100|[from] item: Leftovers
|-damage|p2a: Samurott|94/100 tox|[from] psn
|upkeep
|turn|15
|
|t:|1760437865
|move|p2a: Samurott|Ceaseless Edge|p1a: Clodsire
|-damage|p1a: Clodsire|10/100
|-sidestart|p1: Semelene3|Spikes
|move|p1a: Clodsire|Recover|p1a: Clodsire
|-heal|p1a: Clodsire|60/100
|
|-heal|p1a: Clodsire|66/100|[from] item: Leftovers
|-damage|p2a: Samurott|82/100 tox|[from] psn
|upkeep
|turn|16
|
|t:|1760437868
|move|p2a: Samurott|Ceaseless Edge|p1a: Clodsire
|-damage|p1a: Clodsire|19/100
|-sidestart|p1: Semelene3|Spikes
|move|p1a: Clodsire|Recover|p1a: Clodsire
|-heal|p1a: Clodsire|69/100
|
|-heal|p1a: Clodsire|75/100|[from] item: Leftovers
|-damage|p2a: Samurott|63/100 tox|[from] psn
|upkeep
|turn|17
|-message|Semelene3 forfeited.
|
|win|SamiFawad
|raw|Semelene3's rating: 1546 &rarr; <strong>1525</strong><br />(-21 for losing)
|raw|SamiFawad's rating: 1529 &rarr; <strong>1550</strong><br />(+21 for winning)
|l|☆Semelene3
|player|p1|
|l|☆SamiFawad
|player|p2|
