|j|☆shorya_partap
|j|☆Dakri
|t:|1760366842
|gametype|singles
|player|p1|shorya_partap|steven|1110
|player|p2|Dakri|blaine|1118
|gen|9
|tier|[Gen 9] OU
|rated|
|rule|HP Percentage Mod: HP is shown in percentages
|rule|Endless Battle Clause: Forcing endless battles is banned
|rule|Species Clause: Limit one of each Pokémon
|rule|OHKO Clause: OHKO moves are banned
|rule|Evasion Items Clause: Evasion items are banned
|rule|Evasion Moves Clause: Evasion moves are banned
|rule|Evasion Abilities Clause: Evasion abilities are banned
|rule|Sleep Moves Clause: Sleep-inducing moves are banned
|clearpoke
|poke|p1|Thundurus, M|
|poke|p1|Raging Bolt|
|poke|p1|Meowscarada, F|
|poke|p1|Deoxys-Speed|
|poke|p1|Great Tusk|
|poke|p1|Ceruledge, F|
|poke|p2|Toxtricity, M|
|poke|p2|Hawlucha, M|
|poke|p2|Sinistcha|
|poke|p2|Lycanroc-Midnight, M|
|poke|p2|Malamar, M|
|poke|p2|Corviknight, M|
|teampreview
|inactive|Battle timer is ON: inactive players will automatically lose when time's up. (requested by Dakri)
|
|t:|1760366854
|teamsize|p1|6
|teamsize|p2|6
|start
|switch|p1a: Meowscarada|Meowscarada, F, shiny|100/100
|switch|p2a: Lycanroc|Lycanroc-Midnight, M, shiny|100/100
|turn|1
|
|t:|1760366862
|move|p1a: Meowscarada|Flower Trick|p2a: Lycanroc
|-start|p1a: Meowscarada|typechange|Grass|[from] ability: Protean
|-supereffective|p2a: Lycanroc
|-crit|p2a: Lycanroc
|-enditem|p2a: Lycanroc|Focus Sash
|-damage|p2a: Lycanroc|1/100
|move|p2a: Lycanroc|Counter|p1a: Meowscarada
|-damage|p1a: Meowscarada|0 fnt
|faint|p1a: Meowscarada
|
|upkeep
|
|t:|1760366874
|switch|p1a: Deoxys|Deoxys-Speed|100/100
|-ability|p1a: Deoxys|Pressure
|turn|2
|
|t:|1760366881
|move|p1a: Deoxys|Expanding Force|p2a: Lycanroc
|-damage|p2a: Lycanroc|0 fnt
|faint|p2a: Lycanroc
|
|upkeep
|
|t:|1760366885
|switch|p2a: Hawlucha|Hawlucha, M, shiny|100/100
|turn|3
|
|t:|1760366888
|move|p1a: Deoxys|Expanding Force|p2a: Hawlucha
|-supereffective|p2a: Hawlucha
|-enditem|p2a: Hawlucha|Focus Sash
|-damage|p2a: Hawlucha|1/100
|move|p2a: Hawlucha|Swords Dance|p2a: Hawlucha
|-boost|p2a: Hawlucha|atk|2
|
|upkeep
|turn|4
|
|t:|1760366899
|move|p2a: Hawlucha|Acrobatics|p1a: Deoxys
|-damage|p1a: Deoxys|0 fnt
|faint|p1a: Deoxys
|
|upkeep
|
|t:|1760366912
|switch|p1a: Thundurus|Thundurus, M, shiny|100/100
|turn|5
|
|t:|1760366921
|move|p2a: Hawlucha|Drain Punch|p1a: Thundurus
|-resisted|p1a: Thundurus
|-damage|p1a: Thundurus|42/100
|-heal|p2a: Hawlucha|30/100|[from] drain|[of] p1a: Thundurus
|move|p1a: Thundurus|Knock Off|p2a: Hawlucha
|-resisted|p2a: Hawlucha
|-damage|p2a: Hawlucha|19/100
|
|upkeep
|turn|6
|
|t:|1760366932
|move|p2a: Hawlucha|Drain Punch|p1a: Thundurus
|-resisted|p1a: Thundurus
|-damage|p1a: Thundurus|0 fnt
|-heal|p2a: Hawlucha|39/100|[from] drain|[of] p1a: Thundurus
|faint|p1a: Thundurus
|
|upkeep
|-message|shorya_partap forfeited.
|
|win|Dakri
|raw|shorya_partap's rating: 1110 &rarr; <strong>1086</strong><br />(-24 for losing)
|raw|Dakri's rating: 1118 &rarr; <strong>1142</strong><br />(+24 for winning)
|l|☆shorya_partap
|player|p1|
|l|☆Dakri
|player|p2|
