|j|☆Shanubiki
|j|☆10thPlanett
|t:|1760347598
|gametype|singles
|player|p1|Shanubiki|2|1728
|player|p2|10thPlanett|alder|1667
|gen|9
|tier|[Gen 9] OU
|rated|
|rule|HP Percentage Mod: HP is shown in percentages
|rule|Endless Battle Clause: Forcing endless battles is banned
|rule|Species Clause: Limit one of each Pokémon
|rule|OHKO Clause: OHKO moves are banned
|rule|Evasion Items Clause: Evasion items are banned
|rule|Evasion Moves Clause: Evasion moves are banned
|rule|Evasion Abilities Clause: Evasion abilities are banned
|rule|Sleep Moves Clause: Sleep-inducing moves are banned
|clearpoke
|poke|p1|Hoopa-Unbound|
|poke|p1|Corviknight, F|
|poke|p1|Kommo-o, M|
|poke|p1|Iron Treads|
|poke|p1|Iron Moth|
|poke|p1|Ogerpon-Wellspring, F|
|poke|p2|Dragonite, F|
|poke|p2|Zamazenta-*|
|poke|p2|Araquanid, F|
|poke|p2|Iron Treads|
|poke|p2|Zapdos|
|poke|p2|Glimmora, F|
|teampreview
|
|t:|1760347615
|teamsize|p1|6
|teamsize|p2|6
|start
|switch|p1a: Hoopa|Hoopa-Unbound|100/100
|switch|p2a: Glimmora|Glimmora, F|100/100
|turn|1
|inactive|Battle timer is ON: inactive players will automatically lose when time's up. (requested by Shanubiki)
|
|t:|1760347636
|-terastallize|p2a: Glimmora|Fairy
|move|p2a: Glimmora|Sludge Wave|p1a: Hoopa
|-damage|p1a: Hoopa|57/100
|move|p1a: Hoopa|Psychic|p2a: Glimmora
|-damage|p2a: Glimmora|32/100
|
|upkeep
|turn|2
|
|t:|1760347646
|switch|p1a: Iron Treads|Iron Treads|100/100
|move|p2a: Glimmora|Sludge Wave|p1a: Iron Treads
|-immune|p1a: Iron Treads
|
|upkeep
|turn|3
|
|t:|1760347654
|switch|p2a: Araquanid|Araquanid, F, shiny|100/100
|move|p1a: Iron Treads|Volt Switch|p2a: Araquanid
|-supereffective|p2a: Araquanid
|-damage|p2a: Araquanid|83/100
|
|t:|1760347662
|-end|p1a: Iron Treads|Quark Drive|[silent]
|switch|p1a: Ogerpon|Ogerpon-Wellspring, F|100/100|[from] Volt Switch
|
|upkeep
|turn|4
|
|t:|1760347668
|move|p1a: Ogerpon|Horn Leech|p2a: Araquanid
|-damage|p2a: Araquanid|37/100
|move|p2a: Araquanid|Sticky Web|p1a: Ogerpon
|-sidestart|p1: Shanubiki|move: Sticky Web
|
|upkeep
|turn|5
|
|t:|1760347674
|move|p2a: Araquanid|Endure|p2a: Araquanid
|-singleturn|p2a: Araquanid|move: Endure
|move|p1a: Ogerpon|Horn Leech|p2a: Araquanid
|-activate|p2a: Araquanid|move: Endure
|-damage|p2a: Araquanid|1/100
|
|upkeep
|turn|6
|inactive|Shanubiki has 120 seconds left.
|-enditem|p2a: Araquanid|Custap Berry|[eat]
|-activate|p2a: Araquanid|item: Custap Berry|[consumed]
|
|t:|1760347711
|switch|p1a: Hoopa|Hoopa-Unbound|57/100
|-activate|p1a: Hoopa|move: Sticky Web
|-unboost|p1a: Hoopa|spe|1
|move|p2a: Araquanid|Endeavor|p1a: Hoopa
|-damage|p1a: Hoopa|1/100
|
|upkeep
|turn|7
|
|t:|1760347721
|move|p1a: Hoopa|Psychic|p2a: Araquanid
|-damage|p2a: Araquanid|0 fnt
|faint|p2a: Araquanid
|
|upkeep
|inactive|10thPlanett has 120 seconds left.
|
|t:|1760347747
|switch|p2a: Zapdos|Zapdos|100/100
|turn|8
|
|t:|1760347752
|switch|p1a: Iron Treads|Iron Treads|100/100
|-activate|p1a: Iron Treads|move: Sticky Web
|-unboost|p1a: Iron Treads|spe|1
|move|p2a: Zapdos|Thunderbolt|p1a: Iron Treads
|-immune|p1a: Iron Treads
|
|upkeep
|turn|9
|
|t:|1760347763
|move|p2a: Zapdos|Heat Wave|p1a: Iron Treads
|-supereffective|p1a: Iron Treads
|-damage|p1a: Iron Treads|25/100
|move|p1a: Iron Treads|Ice Spinner|p2a: Zapdos
|-supereffective|p2a: Zapdos
|-damage|p2a: Zapdos|45/100
|
|upkeep
|turn|10
|
|t:|1760347771
|-end|p1a: Iron Treads|Quark Drive|[silent]
|switch|p1a: Corviknight|Corviknight, F|100/100
|-ability|p1a: Corviknight|Pressure
|move|p2a: Zapdos|Heat Wave|p1a: Corviknight|[miss]
|-miss|p2a: Zapdos|p1a: Corviknight
|
|upkeep
|turn|11
|
|t:|1760347779
|move|p2a: Zapdos|Thunderbolt|p1a: Corviknight
|-supereffective|p1a: Corviknight
|-damage|p1a: Corviknight|21/100
|-status|p1a: Corviknight|par
|move|p1a: Corviknight|Defog|p2a: Zapdos
|-unboost|p2a: Zapdos|evasion|1
|-sideend|p1: Shanubiki|Sticky Web|[from] move: Defog|[of] p1a: Corviknight
|
|upkeep
|turn|12
|
|t:|1760347789
|move|p2a: Zapdos|Heat Wave|p1a: Corviknight
|-supereffective|p1a: Corviknight
|-damage|p1a: Corviknight|0 fnt
|faint|p1a: Corviknight
|
|upkeep
|
|t:|1760347793
|switch|p1a: Iron Treads|Iron Treads|25/100
|turn|13
|
|t:|1760347798
|move|p1a: Iron Treads|Ice Spinner|p2a: Zapdos
|-supereffective|p2a: Zapdos
|-damage|p2a: Zapdos|0 fnt
|-status|p1a: Iron Treads|par|[from] ability: Static|[of] p2a: Zapdos
|faint|p2a: Zapdos
|
|upkeep
|
|t:|1760347816
|switch|p2a: Dragonite|Dragonite, F, shiny|100/100
|turn|14
|
|t:|1760347829
|move|p2a: Dragonite|Earthquake|p1a: Iron Treads
|-supereffective|p1a: Iron Treads
|-damage|p1a: Iron Treads|0 fnt
|faint|p1a: Iron Treads
|-end|p1a: Iron Treads|Quark Drive|[silent]
|
|upkeep
|
|t:|1760347833
|switch|p1a: Kommo-o|Kommo-o, M|100/100
|turn|15
|
|t:|1760347841
|switch|p2a: Glimmora|Glimmora, F, tera:Fairy|32/100
|move|p1a: Kommo-o|Draco Meteor|p2a: Glimmora
|-immune|p2a: Glimmora
|
|upkeep
|turn|16
|
|t:|1760347853
|switch|p1a: Iron Moth|Iron Moth|100/100
|-enditem|p1a: Iron Moth|Booster Energy
|-activate|p1a: Iron Moth|ability: Quark Drive|[fromitem]
|-start|p1a: Iron Moth|quarkdrivespe
|move|p2a: Glimmora|Dazzling Gleam|p1a: Iron Moth
|-resisted|p1a: Iron Moth
|-damage|p1a: Iron Moth|91/100
|
|upkeep
|turn|17
|
|t:|1760347863
|switch|p2a: Dragonite|Dragonite, F, shiny|100/100
|move|p1a: Iron Moth|Substitute|p1a: Iron Moth
|-start|p1a: Iron Moth|Substitute
|-damage|p1a: Iron Moth|66/100
|
|upkeep
|turn|18
|
|t:|1760347870
|move|p2a: Dragonite|Extreme Speed|p1a: Iron Moth
|-end|p1a: Iron Moth|Substitute
|move|p1a: Iron Moth|Dazzling Gleam|p2a: Dragonite
|-supereffective|p2a: Dragonite
|-damage|p2a: Dragonite|75/100
|
|upkeep
|turn|19
|
|t:|1760347877
|move|p2a: Dragonite|Extreme Speed|p1a: Iron Moth
|-damage|p1a: Iron Moth|3/100
|move|p1a: Iron Moth|Dazzling Gleam|p2a: Dragonite
|-supereffective|p2a: Dragonite
|-damage|p2a: Dragonite|26/100
|
|upkeep
|turn|20
|
|t:|1760347886
|move|p2a: Dragonite|Extreme Speed|p1a: Iron Moth
|-damage|p1a: Iron Moth|0 fnt
|faint|p1a: Iron Moth
|-end|p1a: Iron Moth|Quark Drive|[silent]
|
|upkeep
|
|t:|1760347888
|switch|p1a: Kommo-o|Kommo-o, M|100/100
|turn|21
|
|t:|1760347893
|move|p2a: Dragonite|Extreme Speed|p1a: Kommo-o
|-damage|p1a: Kommo-o|63/100
|move|p1a: Kommo-o|Stealth Rock|p2a: Dragonite
|-sidestart|p2: 10thPlanett|move: Stealth Rock
|
|-heal|p1a: Kommo-o|70/100|[from] item: Leftovers
|upkeep
|turn|22
|
|t:|1760347901
|move|p2a: Dragonite|Extreme Speed|p1a: Kommo-o
|-damage|p1a: Kommo-o|32/100
|move|p1a: Kommo-o|Dragon Tail|p2a: Dragonite
|-supereffective|p2a: Dragonite
|-damage|p2a: Dragonite|0 fnt
|faint|p2a: Dragonite
|
|-heal|p1a: Kommo-o|38/100|[from] item: Leftovers
|upkeep
|
|t:|1760347912
|switch|p2a: Glimmora|Glimmora, F, tera:Fairy|32/100
|-damage|p2a: Glimmora|19/100|[from] Stealth Rock
|turn|23
|
|t:|1760347918
|move|p2a: Glimmora|Sludge Wave|p1a: Kommo-o
|-damage|p1a: Kommo-o|0 fnt
|faint|p1a: Kommo-o
|
|upkeep
|
|t:|1760347922
|switch|p1a: Ogerpon|Ogerpon-Wellspring, F|100/100
|turn|24
|
|t:|1760347925
|-terastallize|p1a: Ogerpon|Water
|detailschange|p1a: Ogerpon|Ogerpon-Wellspring-Tera, F, tera:Water
|-ability|p1a: Ogerpon|Embody Aspect (Wellspring)|boost
|-boost|p1a: Ogerpon|spd|1
|move|p2a: Glimmora|Sludge Wave|p1a: Ogerpon
|-damage|p1a: Ogerpon|59/100
|move|p1a: Ogerpon|Ivy Cudgel|p2a: Glimmora|[anim] Ivy Cudgel Water
|-damage|p2a: Glimmora|0 fnt
|-activate|p2a: Glimmora|ability: Toxic Debris
|-sidestart|p1: Shanubiki|move: Toxic Spikes
|faint|p2a: Glimmora
|
|upkeep
|
|t:|1760347940
|switch|p2a: Zamazenta|Zamazenta|100/100
|-damage|p2a: Zamazenta|94/100|[from] Stealth Rock
|-ability|p2a: Zamazenta|Dauntless Shield|boost
|-boost|p2a: Zamazenta|def|1
|turn|25
|
|t:|1760347945
|move|p2a: Zamazenta|Close Combat|p1a: Ogerpon
|-damage|p1a: Ogerpon|0 fnt
|-unboost|p2a: Zamazenta|def|1
|-unboost|p2a: Zamazenta|spd|1
|faint|p1a: Ogerpon
|detailschange|p1: Ogerpon|Ogerpon-Wellspring, F|[silent]
|
|upkeep
|-message|Shanubiki forfeited.
|
|win|10thPlanett
|raw|Shanubiki's rating: 1728 &rarr; <strong>1705</strong><br />(-23 for losing)
|raw|10thPlanett's rating: 1667 &rarr; <strong>1690</strong><br />(+23 for winning)
|l|☆Shanubiki
|player|p1|
|l|☆10thPlanett
|player|p2|
