|j|☆YT-Cyber-DJ
|j|☆igoldenso
|t:|1760447612
|gametype|singles
|player|p1|YT-Cyber-DJ|gambler|1540
|player|p2|igoldenso|juggler|1477
|gen|9
|tier|[Gen 9] OU
|rated|
|rule|HP Percentage Mod: HP is shown in percentages
|rule|Endless Battle Clause: Forcing endless battles is banned
|rule|Species Clause: Limit one of each Pokémon
|rule|OHKO Clause: OHKO moves are banned
|rule|Evasion Items Clause: Evasion items are banned
|rule|Evasion Moves Clause: Evasion moves are banned
|rule|Evasion Abilities Clause: Evasion abilities are banned
|rule|Sleep Moves Clause: Sleep-inducing moves are banned
|clearpoke
|poke|p1|Ogerpon-Wellspring, F|
|poke|p1|Dragapult, F|
|poke|p1|Skeledirge, M|
|poke|p1|Weezing-Galar, F|
|poke|p1|Ting-Lu|
|poke|p1|Corviknight, M|
|poke|p2|Ribombee, F|
|poke|p2|Cinderace, M|
|poke|p2|Serperior, F|
|poke|p2|Malamar, M|
|poke|p2|Milotic, F|
|poke|p2|Kingambit, M|
|teampreview
|inactive|Battle timer is ON: inactive players will automatically lose when time's up. (requested by YT-Cyber-DJ)
|
|t:|1760447640
|teamsize|p1|6
|teamsize|p2|6
|start
|switch|p1a: Masking the Pain|Ogerpon-Wellspring, F|100/100
|switch|p2a: Ribombee|Ribombee, F|100/100
|turn|1
|
|t:|1760447644
|move|p2a: Ribombee|Sticky Web|p1a: Masking the Pain
|-sidestart|p1: YT-Cyber-DJ|move: Sticky Web
|move|p1a: Masking the Pain|Ivy Cudgel|p2a: Ribombee|[anim] Ivy Cudgel Water
|-enditem|p2a: Ribombee|Focus Sash
|-damage|p2a: Ribombee|1/100
|
|upkeep
|turn|2
|
|t:|1760447653
|move|p2a: Ribombee|Moonblast|p1a: Masking the Pain
|-damage|p1a: Masking the Pain|62/100
|move|p1a: Masking the Pain|Spikes|p2a: Ribombee
|-sidestart|p2: igoldenso|Spikes
|
|upkeep
|turn|3
|
|t:|1760447660
|move|p2a: Ribombee|Moonblast|p1a: Masking the Pain
|-damage|p1a: Masking the Pain|23/100
|move|p1a: Masking the Pain|Synthesis|p1a: Masking the Pain
|-heal|p1a: Masking the Pain|72/100
|
|upkeep
|turn|4
|
|t:|1760447669
|move|p2a: Ribombee|Skill Swap|p1a: Masking the Pain
|-activate|p2a: Ribombee|move: Skill Swap|Water Absorb|Honey Gather|[of] p1a: Masking the Pain
|move|p1a: Masking the Pain|Knock Off|p2a: Ribombee
|-resisted|p2a: Ribombee
|-crit|p2a: Ribombee
|-damage|p2a: Ribombee|0 fnt
|faint|p2a: Ribombee
|
|upkeep
|
|t:|1760447678
|switch|p2a: Cinderace|Cinderace, M|100/100
|turn|5
|
|t:|1760447684
|move|p2a: Cinderace|Court Change|p2a: Cinderace
|-swapsideconditions
|-activate|p2a: Cinderace|move: Court Change
|move|p1a: Masking the Pain|Ivy Cudgel|p2a: Cinderace|[anim] Ivy Cudgel Water
|-supereffective|p2a: Cinderace
|-damage|p2a: Cinderace|0 fnt
|faint|p2a: Cinderace
|
|upkeep
|
|t:|1760447691
|switch|p2a: Serperior|Serperior, F|100/100
|-activate|p2a: Serperior|move: Sticky Web
|-boost|p2a: Serperior|spe|1
|turn|6
|
|t:|1760447695
|switch|p1a: Cocoloco|Skeledirge, M|100/100
|move|p2a: Serperior|Leaf Storm|p1a: Cocoloco
|-resisted|p1a: Cocoloco
|-damage|p1a: Cocoloco|83/100
|-boost|p2a: Serperior|spa|2
|
|upkeep
|turn|7
|
|t:|1760447700
|switch|p2a: Milotic|Milotic, F|100/100
|-activate|p2a: Milotic|move: Sticky Web
|-unboost|p2a: Milotic|spe|1
|-ability|p2a: Milotic|Competitive|boost
|-boost|p2a: Milotic|spa|2
|move|p1a: Cocoloco|Torch Song|p2a: Milotic
|-resisted|p2a: Milotic
|-damage|p2a: Milotic|94/100
|-boost|p1a: Cocoloco|spa|1
|
|upkeep
|turn|8
|
|t:|1760447708
|switch|p1a: Defoghorn Leghorn|Corviknight, M|100/100
|-ability|p1a: Defoghorn Leghorn|Pressure
|move|p2a: Milotic|Ice Beam|p1a: Defoghorn Leghorn
|-damage|p1a: Defoghorn Leghorn|40/100
|-status|p1a: Defoghorn Leghorn|frz
|
|upkeep
|turn|9
|
|t:|1760447717
|cant|p1a: Defoghorn Leghorn|frz
|move|p2a: Milotic|Surf|p1a: Defoghorn Leghorn
|-damage|p1a: Defoghorn Leghorn|0 fnt
|faint|p1a: Defoghorn Leghorn
|
|upkeep
|
|t:|1760447727
|switch|p1a: Drag 787|Dragapult, F|100/100
|-damage|p1a: Drag 787|88/100|[from] Spikes
|turn|10
|
|t:|1760447732
|-terastallize|p1a: Drag 787|Ghost
|move|p1a: Drag 787|Shadow Ball|p2a: Milotic
|-damage|p2a: Milotic|58/100
|move|p2a: Milotic|Draining Kiss|p1a: Drag 787
|-damage|p1a: Drag 787|48/100
|-heal|p2a: Milotic|82/100|[from] drain|[of] p1a: Drag 787
|
|upkeep
|turn|11
|
|t:|1760447743
|move|p1a: Drag 787|Shadow Ball|p2a: Milotic
|-damage|p2a: Milotic|50/100
|-unboost|p2a: Milotic|spd|1
|-ability|p2a: Milotic|Competitive|boost
|-boost|p2a: Milotic|spa|2
|move|p2a: Milotic|Ice Beam|p1a: Drag 787
|-damage|p1a: Drag 787|0 fnt
|faint|p1a: Drag 787
|
|upkeep
|-message|YT-Cyber-DJ forfeited.
|
|win|igoldenso
|raw|YT-Cyber-DJ's rating: 1540 &rarr; <strong>1516</strong><br />(-24 for losing)
|raw|igoldenso's rating: 1477 &rarr; <strong>1501</strong><br />(+24 for winning)
|l|☆YT-Cyber-DJ
|player|p1|
|l|☆igoldenso
|player|p2|
