|j|☆MIT POG MOMENT
|j|☆Obito 2001
|t:|1760305725
|gametype|singles
|player|p1|MIT POG MOMENT|crasherwake|1657
|player|p2|Obito 2001|blue-gen3two|1660
|gen|9
|tier|[Gen 9] OU
|rated|
|rule|HP Percentage Mod: HP is shown in percentages
|rule|Endless Battle Clause: Forcing endless battles is banned
|rule|Species Clause: Limit one of each Pokémon
|rule|OHKO Clause: OHKO moves are banned
|rule|Evasion Items Clause: Evasion items are banned
|rule|Evasion Moves Clause: Evasion moves are banned
|rule|Evasion Abilities Clause: Evasion abilities are banned
|rule|Sleep Moves Clause: Sleep-inducing moves are banned
|clearpoke
|poke|p1|Dragonite, F|
|poke|p1|Porygon-Z|
|poke|p1|Samurott-Hisui, M|
|poke|p1|Corviknight, M|
|poke|p1|Landorus-Therian, M|
|poke|p1|Iron Valiant|
|poke|p2|Manaphy|
|poke|p2|Darkrai|
|poke|p2|Great Tusk|
|poke|p2|Dragapult, F|
|poke|p2|Maushold-Four|
|poke|p2|Braviary-Hisui, M|
|teampreview
|inactive|Battle timer is ON: inactive players will automatically lose when time's up. (requested by Obito 2001)
|
|t:|1760305737
|teamsize|p1|6
|teamsize|p2|6
|start
|switch|p1a: Landorus|Landorus-Therian, M|100/100
|switch|p2a: DraGhost|Dragapult, F|100/100
|-ability|p1a: Landorus|Intimidate|boost
|-unboost|p2a: DraGhost|atk|1
|turn|1
|
|t:|1760305745
|move|p1a: Landorus|Outrage|p2a: DraGhost
|-supereffective|p2a: DraGhost
|-damage|p2a: DraGhost|0 fnt
|-start|p1a: Landorus|Disable|Outrage|[from] ability: Cursed Body|[of] p2a: DraGhost
|faint|p2a: DraGhost
|
|upkeep
|
|t:|1760305752
|switch|p2a: La Lisa|Manaphy|100/100
|turn|2
|
|t:|1760305756
|cant|p1a: Landorus|Disable|Outrage
|move|p2a: La Lisa|Tail Glow|p2a: La Lisa
|-boost|p2a: La Lisa|spa|3
|
|-start|p1a: Landorus|confusion|[fatigue]
|upkeep
|turn|3
|
|t:|1760305766
|switch|p1a: Iron Valiant|Iron Valiant|100/100
|-enditem|p1a: Iron Valiant|Booster Energy
|-activate|p1a: Iron Valiant|ability: Quark Drive|[fromitem]
|-start|p1a: Iron Valiant|quarkdrivespe
|move|p2a: La Lisa|Tail Glow|p2a: La Lisa
|-boost|p2a: La Lisa|spa|3
|
|upkeep
|turn|4
|
|t:|1760305771
|move|p1a: Iron Valiant|Encore|p2a: La Lisa
|-start|p2a: La Lisa|Encore
|move|p2a: La Lisa|Tail Glow|p2a: La Lisa
|-boost|p2a: La Lisa|spa|0
|
|upkeep
|turn|5
|
|t:|1760305777
|switch|p2a: Braviary|Braviary-Hisui, M|100/100
|move|p1a: Iron Valiant|Calm Mind|p1a: Iron Valiant
|-boost|p1a: Iron Valiant|spa|1
|-boost|p1a: Iron Valiant|spd|1
|
|upkeep
|turn|6
|
|t:|1760305782
|move|p1a: Iron Valiant|Shadow Ball|p2a: Braviary
|-supereffective|p2a: Braviary
|-damage|p2a: Braviary|2/100
|move|p2a: Braviary|Psychic|p1a: Iron Valiant
|-supereffective|p1a: Iron Valiant
|-damage|p1a: Iron Valiant|0 fnt
|faint|p1a: Iron Valiant
|-end|p1a: Iron Valiant|Quark Drive|[silent]
|
|upkeep
|
|t:|1760305786
|switch|p1a: Samurott|Samurott-Hisui, M|100/100
|turn|7
|
|t:|1760305790
|move|p2a: Braviary|Vacuum Wave|p1a: Samurott
|-supereffective|p1a: Samurott
|-damage|p1a: Samurott|45/100
|-damage|p2a: Braviary|0 fnt|[from] item: Life Orb
|faint|p2a: Braviary
|move|p1a: Samurott|Ceaseless Edge|p2: Braviary|[notarget]
|-fail|p1a: Samurott
|
|upkeep
|
|t:|1760305809
|switch|p2a: La Lisa|Manaphy|100/100
|turn|8
|
|t:|1760305814
|move|p2a: La Lisa|Alluring Voice|p1a: Samurott
|-supereffective|p1a: Samurott
|-damage|p1a: Samurott|0 fnt
|faint|p1a: Samurott
|
|upkeep
|
|t:|1760305820
|switch|p1a: THIS AINT RU|Porygon-Z|100/100
|turn|9
|
|t:|1760305824
|move|p2a: La Lisa|Substitute|p2a: La Lisa
|-start|p2a: La Lisa|Substitute
|-damage|p2a: La Lisa|76/100
|move|p1a: THIS AINT RU|Tri Attack|p2a: La Lisa
|-end|p2a: La Lisa|Substitute
|
|-heal|p2a: La Lisa|82/100|[from] item: Leftovers
|upkeep
|turn|10
|
|t:|1760305832
|move|p2a: La Lisa|Tail Glow|p2a: La Lisa
|-boost|p2a: La Lisa|spa|3
|move|p1a: THIS AINT RU|Tri Attack|p2a: La Lisa
|-damage|p2a: La Lisa|0 fnt
|faint|p2a: La Lisa
|
|upkeep
|
|t:|1760305838
|switch|p2a: Gang Bang|Maushold-Four|100/100
|turn|11
|
|t:|1760305841
|move|p2a: Gang Bang|Population Bomb|p1a: THIS AINT RU
|-damage|p1a: THIS AINT RU|84/100
|-damage|p1a: THIS AINT RU|69/100
|-damage|p1a: THIS AINT RU|51/100
|-damage|p1a: THIS AINT RU|35/100
|-damage|p1a: THIS AINT RU|18/100
|-damage|p1a: THIS AINT RU|3/100
|-damage|p1a: THIS AINT RU|0 fnt
|faint|p1a: THIS AINT RU
|-hitcount|p1: THIS AINT RU|7
|
|upkeep
|
|t:|1760305845
|switch|p1a: goldnuts|Corviknight, M|100/100
|-ability|p1a: goldnuts|Pressure
|turn|12
|
|t:|1760305848
|switch|p2a: Darkrai|Darkrai|100/100
|move|p1a: goldnuts|Iron Defense|p1a: goldnuts
|-boost|p1a: goldnuts|def|2
|
|upkeep
|turn|13
|
|t:|1760305861
|switch|p2a: Mega Donphan|Great Tusk|100/100
|move|p1a: goldnuts|Body Press|p2a: Mega Donphan
|-damage|p2a: Mega Donphan|64/100
|
|upkeep
|turn|14
|
|t:|1760305864
|-end|p2a: Mega Donphan|Protosynthesis|[silent]
|switch|p2a: Gang Bang|Maushold-Four|100/100
|move|p1a: goldnuts|Iron Defense|p1a: goldnuts
|-boost|p1a: goldnuts|def|2
|
|upkeep
|turn|15
|
|t:|1760305867
|move|p2a: Gang Bang|Encore|p1a: goldnuts
|-start|p1a: goldnuts|Encore
|move|p1a: goldnuts|Iron Defense|p1a: goldnuts
|-boost|p1a: goldnuts|def|2
|
|upkeep
|turn|16
|
|t:|1760305875
|move|p2a: Gang Bang|Tidy Up|p2a: Gang Bang
|-boost|p2a: Gang Bang|atk|1
|-boost|p2a: Gang Bang|spe|1
|move|p1a: goldnuts|Iron Defense|p1a: goldnuts
|-boost|p1a: goldnuts|def|0
|
|upkeep
|turn|17
|
|t:|1760305880
|move|p2a: Gang Bang|Tidy Up|p2a: Gang Bang
|-boost|p2a: Gang Bang|atk|1
|-boost|p2a: Gang Bang|spe|1
|move|p1a: goldnuts|Iron Defense|p1a: goldnuts
|-boost|p1a: goldnuts|def|0
|
|-end|p1a: goldnuts|Encore
|upkeep
|turn|18
|
|t:|1760305883
|move|p2a: Gang Bang|Encore|p1a: goldnuts
|-start|p1a: goldnuts|Encore
|move|p1a: goldnuts|Iron Defense|p1a: goldnuts
|-boost|p1a: goldnuts|def|0
|
|upkeep
|turn|19
|
|t:|1760305885
|move|p2a: Gang Bang|Tidy Up|p2a: Gang Bang
|-boost|p2a: Gang Bang|atk|1
|-boost|p2a: Gang Bang|spe|1
|move|p1a: goldnuts|Iron Defense|p1a: goldnuts
|-boost|p1a: goldnuts|def|0
|
|upkeep
|turn|20
|
|t:|1760305887
|move|p2a: Gang Bang|Population Bomb|p1a: goldnuts
|-resisted|p1a: goldnuts
|-damage|p1a: goldnuts|98/100
|-damage|p2a: Gang Bang|84/100|[from] item: Rocky Helmet|[of] p1a: goldnuts
|-resisted|p1a: goldnuts
|-damage|p1a: goldnuts|96/100
|-damage|p2a: Gang Bang|67/100|[from] item: Rocky Helmet|[of] p1a: goldnuts
|-resisted|p1a: goldnuts
|-damage|p1a: goldnuts|94/100
|-damage|p2a: Gang Bang|51/100|[from] item: Rocky Helmet|[of] p1a: goldnuts
|-resisted|p1a: goldnuts
|-damage|p1a: goldnuts|92/100
|-damage|p2a: Gang Bang|34/100|[from] item: Rocky Helmet|[of] p1a: goldnuts
|-resisted|p1a: goldnuts
|-crit|p1a: goldnuts
|-damage|p1a: goldnuts|80/100
|-damage|p2a: Gang Bang|17/100|[from] item: Rocky Helmet|[of] p1a: goldnuts
|-resisted|p1a: goldnuts
|-damage|p1a: goldnuts|78/100
|-damage|p2a: Gang Bang|1/100|[from] item: Rocky Helmet|[of] p1a: goldnuts
|-resisted|p1a: goldnuts
|-damage|p1a: goldnuts|76/100
|-damage|p2a: Gang Bang|0 fnt|[from] item: Rocky Helmet|[of] p1a: goldnuts
|faint|p2a: Gang Bang
|-hitcount|p1a: goldnuts|7
|move|p1a: goldnuts|Iron Defense|p1a: goldnuts
|-boost|p1a: goldnuts|def|0
|
|-end|p1a: goldnuts|Encore
|upkeep
|-message|Obito 2001 forfeited.
|
|win|MIT POG MOMENT
|raw|MIT POG MOMENT's rating: 1657 &rarr; <strong>1677</strong><br />(+20 for winning)
|raw|Obito 2001's rating: 1660 &rarr; <strong>1640</strong><br />(-20 for losing)
|l|☆Obito 2001
|player|p2|
|l|☆MIT POG MOMENT
|player|p1|
