|j|☆Captain Brusin'
|j|☆ppppppz
|t:|1760329250
|gametype|singles
|player|p1|Captain Brusin'|harlequin|1122
|player|p2|ppppppz|preschooler|1138
|gen|9
|tier|[Gen 9] OU
|rated|
|rule|HP Percentage Mod: HP is shown in percentages
|rule|Endless Battle Clause: Forcing endless battles is banned
|rule|Species Clause: Limit one of each Pokémon
|rule|OHKO Clause: OHKO moves are banned
|rule|Evasion Items Clause: Evasion items are banned
|rule|Evasion Moves Clause: Evasion moves are banned
|rule|Evasion Abilities Clause: Evasion abilities are banned
|rule|Sleep Moves Clause: Sleep-inducing moves are banned
|clearpoke
|poke|p1|Hydreigon, F|
|poke|p1|Tornadus-Therian, M|
|poke|p1|Corviknight, F|
|poke|p1|Grimmsnarl, M|
|poke|p1|Gastrodon-East, M|
|poke|p1|Leafeon, F|
|poke|p2|Gliscor, F|
|poke|p2|Skarmory, F|
|poke|p2|Alomomola, M|
|poke|p2|Toxapex, F|
|poke|p2|Chansey, F|
|poke|p2|Amoonguss, F|
|teampreview
|
|t:|1760329270
|teamsize|p1|6
|teamsize|p2|6
|start
|switch|p1a: Jet2holiday|Tornadus-Therian, M, shiny|100/100
|switch|p2a: Gliscor|Gliscor, F, shiny|100/100
|turn|1
|inactive|Battle timer is ON: inactive players will automatically lose when time's up. (requested by Captain Brusin')
|
|t:|1760329278
|move|p1a: Jet2holiday|Icy Wind|p2a: Gliscor
|-supereffective|p2a: Gliscor
|-damage|p2a: Gliscor|0 fnt
|faint|p2a: Gliscor
|-damage|p1a: Jet2holiday|91/100|[from] item: Life Orb
|
|upkeep
|
|t:|1760329289
|switch|p2a: Chansey|Chansey, F|100/100
|turn|2
|
|t:|1760329296
|switch|p1a: Earl|Corviknight, F|100/100
|-ability|p1a: Earl|Pressure
|move|p2a: Chansey|Calm Mind|p2a: Chansey
|-boost|p2a: Chansey|spa|1
|-boost|p2a: Chansey|spd|1
|
|upkeep
|turn|3
|
|t:|1760329306
|switch|p2a: Toxapex|Toxapex, F|100/100
|move|p1a: Earl|Brave Bird|p2a: Toxapex
|-damage|p2a: Toxapex|80/100
|-damage|p1a: Earl|84/100|[from] item: Rocky Helmet|[of] p2a: Toxapex
|-damage|p1a: Earl|79/100|[from] Recoil
|
|-heal|p1a: Earl|85/100|[from] item: Leftovers
|upkeep
|turn|4
|
|t:|1760329321
|switch|p1a: Gastrodon|Gastrodon-East, M, shiny|100/100
|move|p2a: Toxapex|Toxic Spikes|p1a: Gastrodon
|-sidestart|p1: Captain Brusin'|move: Toxic Spikes
|
|upkeep
|turn|5
|
|t:|1760329341
|move|p1a: Gastrodon|Ice Beam|p2a: Toxapex
|-resisted|p2a: Toxapex
|-damage|p2a: Toxapex|69/100
|-status|p2a: Toxapex|frz
|cant|p2a: Toxapex|frz
|
|upkeep
|turn|6
|
|t:|1760329353
|cant|p2a: Toxapex|frz
|move|p1a: Gastrodon|Earth Power|p2a: Toxapex
|-supereffective|p2a: Toxapex
|-damage|p2a: Toxapex|7/100 frz
|
|upkeep
|turn|7
|
|t:|1760329372
|switch|p2a: Chansey|Chansey, F|100/100
|move|p1a: Gastrodon|Ice Beam|p2a: Chansey
|-damage|p2a: Chansey|94/100
|
|upkeep
|turn|8
|
|t:|1760329380
|switch|p1a: Earl|Corviknight, F|85/100
|-ability|p1a: Earl|Pressure
|move|p2a: Chansey|Calm Mind|p2a: Chansey
|-boost|p2a: Chansey|spa|1
|-boost|p2a: Chansey|spd|1
|
|-heal|p1a: Earl|91/100|[from] item: Leftovers
|upkeep
|turn|9
|
|t:|1760329395
|switch|p2a: Amoonguss|Amoonguss, F|100/100
|move|p1a: Earl|U-turn|p2a: Amoonguss
|-damage|p2a: Amoonguss|89/100
|-damage|p1a: Earl|74/100|[from] item: Rocky Helmet|[of] p2a: Amoonguss
|
|t:|1760329404
|switch|p1a: Jet2holiday|Tornadus-Therian, M, shiny|100/100|[from] U-turn
|
|upkeep
|turn|10
|
|t:|1760329411
|switch|p2a: Chansey|Chansey, F|94/100
|move|p1a: Jet2holiday|Bleakwind Storm|p2a: Chansey
|-damage|p2a: Chansey|81/100
|-damage|p1a: Jet2holiday|91/100|[from] item: Life Orb
|
|upkeep
|turn|11
|
|t:|1760329420
|switch|p1a: Earl|Corviknight, F|74/100
|-ability|p1a: Earl|Pressure
|move|p2a: Chansey|Calm Mind|p2a: Chansey
|-boost|p2a: Chansey|spa|1
|-boost|p2a: Chansey|spd|1
|
|-heal|p1a: Earl|80/100|[from] item: Leftovers
|upkeep
|turn|12
|
|t:|1760329430
|switch|p2a: Skarmory|Skarmory, F|100/100
|move|p1a: Earl|Brave Bird|p2a: Skarmory
|-resisted|p2a: Skarmory
|-damage|p2a: Skarmory|91/100
|-damage|p1a: Earl|64/100|[from] item: Rocky Helmet|[of] p2a: Skarmory
|-damage|p1a: Earl|61/100|[from] Recoil
|
|-heal|p1a: Earl|67/100|[from] item: Leftovers
|upkeep
|turn|13
|
|t:|1760329442
|move|p2a: Skarmory|Spikes|p1a: Earl
|-sidestart|p1: Captain Brusin'|Spikes
|move|p1a: Earl|U-turn|p2a: Skarmory
|-resisted|p2a: Skarmory
|-damage|p2a: Skarmory|89/100
|-damage|p1a: Earl|51/100|[from] item: Rocky Helmet|[of] p2a: Skarmory
|
|t:|1760329448
|switch|p1a: Jet2holiday|Tornadus-Therian, M, shiny|100/100|[from] U-turn
|
|upkeep
|turn|14
|
|t:|1760329461
|switch|p2a: Chansey|Chansey, F|81/100
|move|p1a: Jet2holiday|Heat Wave|p2a: Chansey
|-crit|p2a: Chansey
|-damage|p2a: Chansey|68/100
|-damage|p1a: Jet2holiday|91/100|[from] item: Life Orb
|
|upkeep
|turn|15
|
|t:|1760329470
|switch|p1a: Earl|Corviknight, F|51/100
|-ability|p1a: Earl|Pressure
|move|p2a: Chansey|Seismic Toss|p1a: Earl
|-damage|p1a: Earl|26/100
|
|-heal|p1a: Earl|32/100|[from] item: Leftovers
|upkeep
|turn|16
|
|t:|1760329485
|switch|p2a: Toxapex|Toxapex, F|41/100 frz
|move|p1a: Earl|Roost|p1a: Earl
|-heal|p1a: Earl|82/100
|-singleturn|p1a: Earl|move: Roost
|
|-heal|p1a: Earl|88/100|[from] item: Leftovers
|upkeep
|turn|17
|
|t:|1760329496
|move|p1a: Earl|U-turn|p2a: Toxapex
|-resisted|p2a: Toxapex
|-damage|p2a: Toxapex|37/100 frz
|-damage|p1a: Earl|71/100|[from] item: Rocky Helmet|[of] p2a: Toxapex
|
|t:|1760329508
|switch|p1a: 10% Gambler|Hydreigon, F, shiny|100/100|[from] U-turn
|cant|p2a: Toxapex|frz
|
|upkeep
|turn|18
|
|t:|1760329516
|switch|p2a: Chansey|Chansey, F|68/100
|move|p1a: 10% Gambler|Dragon Dance|p1a: 10% Gambler
|-boost|p1a: 10% Gambler|atk|1
|-boost|p1a: 10% Gambler|spe|1
|
|upkeep
|turn|19
|
|t:|1760329530
|move|p1a: 10% Gambler|Crunch|p2a: Chansey
|-damage|p2a: Chansey|0 fnt
|faint|p2a: Chansey
|
|upkeep
|
|t:|1760329539
|switch|p2a: Toxapex|Toxapex, F|70/100 frz
|turn|20
|
|t:|1760329552
|-terastallize|p1a: 10% Gambler|Steel
|move|p1a: 10% Gambler|Dragon Dance|p1a: 10% Gambler
|-boost|p1a: 10% Gambler|atk|1
|-boost|p1a: 10% Gambler|spe|1
|cant|p2a: Toxapex|frz
|
|upkeep
|turn|21
|
|t:|1760329560
|move|p1a: 10% Gambler|Dragon Dance|p1a: 10% Gambler
|-boost|p1a: 10% Gambler|atk|1
|-boost|p1a: 10% Gambler|spe|1
|-curestatus|p2a: Toxapex|frz|[msg]
|move|p2a: Toxapex|Haze|p2a: Toxapex
|-clearallboost
|
|upkeep
|turn|22
|
|t:|1760329569
|move|p1a: 10% Gambler|Dragon Dance|p1a: 10% Gambler
|-boost|p1a: 10% Gambler|atk|1
|-boost|p1a: 10% Gambler|spe|1
|move|p2a: Toxapex|Toxic Spikes|p1a: 10% Gambler
|-sidestart|p1: Captain Brusin'|move: Toxic Spikes
|
|upkeep
|turn|23
|
|t:|1760329575
|move|p1a: 10% Gambler|Scale Shot|p2a: Toxapex
|-crit|p2a: Toxapex
|-damage|p2a: Toxapex|54/100
|-crit|p2a: Toxapex
|-damage|p2a: Toxapex|35/100
|-damage|p2a: Toxapex|23/100
|-damage|p2a: Toxapex|10/100
|-damage|p2a: Toxapex|0 fnt
|faint|p2a: Toxapex
|-hitcount|p2: Toxapex|5
|-unboost|p1a: 10% Gambler|def|1
|-boost|p1a: 10% Gambler|spe|1
|
|upkeep
|
|t:|1760329588
|switch|p2a: Amoonguss|Amoonguss, F|100/100
|turn|24
|
|t:|1760329595
|switch|p1a: Earl|Corviknight, F|71/100
|-ability|p1a: Earl|Pressure
|move|p2a: Amoonguss|Clear Smog|p1a: Earl
|-immune|p1a: Earl
|
|-heal|p1a: Earl|77/100|[from] item: Leftovers
|upkeep
|turn|25
|
|t:|1760329617
|move|p1a: Earl|Defog|p2a: Amoonguss
|-unboost|p2a: Amoonguss|evasion|1
|-sideend|p1: Captain Brusin'|Spikes|[from] move: Defog|[of] p1a: Earl
|-sideend|p1: Captain Brusin'|Toxic Spikes|[from] move: Defog|[of] p1a: Earl
|move|p2a: Amoonguss|Giga Drain|p1a: Earl
|-resisted|p1a: Earl
|-damage|p1a: Earl|72/100
|
|-heal|p1a: Earl|78/100|[from] item: Leftovers
|upkeep
|turn|26
|-message|ppppppz forfeited.
|
|win|Captain Brusin'
|raw|Captain Brusin&apos;'s rating: 1122 &rarr; <strong>1148</strong><br />(+26 for winning)
|raw|ppppppz's rating: 1138 &rarr; <strong>1112</strong><br />(-26 for losing)
|l|☆ppppppz
|player|p2|
|l|☆Captain Brusin'
|player|p1|
