|j|☆the floorist
|j|☆hoons
|t:|1760380624
|gametype|singles
|player|p1|the floorist|gambler-gen1rb|1587
|player|p2|hoons|266|1593
|gen|9
|tier|[Gen 9] OU
|rated|
|rule|HP Percentage Mod: HP is shown in percentages
|rule|Endless Battle Clause: Forcing endless battles is banned
|rule|Species Clause: Limit one of each Pokémon
|rule|OHKO Clause: OHKO moves are banned
|rule|Evasion Items Clause: Evasion items are banned
|rule|Evasion Moves Clause: Evasion moves are banned
|rule|Evasion Abilities Clause: Evasion abilities are banned
|rule|Sleep Moves Clause: Sleep-inducing moves are banned
|clearpoke
|poke|p1|Vileplume, M|
|poke|p1|Kingambit, M|
|poke|p1|Great Tusk|
|poke|p1|Ting-Lu|
|poke|p1|Moltres|
|poke|p1|Iron Valiant|
|poke|p2|Zamazenta-*|
|poke|p2|Raging Bolt|
|poke|p2|Ogerpon-Cornerstone, F|
|poke|p2|Cinderace, F|
|poke|p2|Enamorus, F|
|poke|p2|Kingambit, M|
|teampreview
|inactive|Battle timer is ON: inactive players will automatically lose when time's up. (requested by the floorist)
|inactive|hoons has 120 seconds left.
|inactive|hoons has 90 seconds left.
|
|t:|1760380730
|teamsize|p1|6
|teamsize|p2|6
|start
|switch|p1a: plumey|Vileplume, M|100/100
|switch|p2a: Enamorus|Enamorus, F|100/100
|turn|1
|
|t:|1760380738
|switch|p2a: Cinderace|Cinderace, F|100/100
|move|p1a: plumey|Sludge Bomb|p2a: Cinderace
|-damage|p2a: Cinderace|58/100
|-status|p2a: Cinderace|psn
|
|-damage|p2a: Cinderace|46/100 psn|[from] psn
|upkeep
|turn|2
|
|t:|1760380748
|move|p2a: Cinderace|U-turn|p1a: plumey
|-start|p2a: Cinderace|typechange|Bug|[from] ability: Libero
|-damage|p1a: plumey|79/100
|-damage|p2a: Cinderace|30/100 psn|[from] item: Rocky Helmet|[of] p1a: plumey
|
|t:|1760380757
|switch|p2a: Raging Bolt|Raging Bolt|100/100|[from] U-turn
|move|p1a: plumey|Strength Sap|p2a: Raging Bolt
|-unboost|p2a: Raging Bolt|atk|1
|-heal|p1a: plumey|100/100
|
|upkeep
|turn|3
|
|t:|1760380764
|switch|p1a: The Professor|Ting-Lu|100/100
|-ability|p1a: The Professor|Vessel of Ruin
|move|p2a: Raging Bolt|Calm Mind|p2a: Raging Bolt
|-boost|p2a: Raging Bolt|spa|1
|-boost|p2a: Raging Bolt|spd|1
|
|upkeep
|turn|4
|
|t:|1760380773
|-end|p2a: Raging Bolt|Protosynthesis|[silent]
|switch|p2a: Ogerpon|Ogerpon-Cornerstone, F|100/100
|move|p1a: The Professor|Ruination|p2a: Ogerpon
|-damage|p2a: Ogerpon|51/100
|
|upkeep
|turn|5
|
|t:|1760380778
|switch|p1a: plumey|Vileplume, M|100/100
|move|p2a: Ogerpon|Swords Dance|p2a: Ogerpon
|-boost|p2a: Ogerpon|atk|2
|
|upkeep
|turn|6
|
|t:|1760380783
|move|p2a: Ogerpon|Ivy Cudgel|p1a: plumey|[anim] Ivy Cudgel Rock
|-crit|p1a: plumey
|-damage|p1a: plumey|0 fnt
|faint|p1a: plumey
|
|upkeep
|
|t:|1760380788
|switch|p1a: spumoni|Iron Valiant|100/100
|-enditem|p1a: spumoni|Booster Energy
|-activate|p1a: spumoni|ability: Quark Drive|[fromitem]
|-start|p1a: spumoni|quarkdrivespe
|turn|7
|
|t:|1760380800
|switch|p2a: Zamazenta|Zamazenta, shiny|100/100
|-ability|p2a: Zamazenta|Dauntless Shield|boost
|-boost|p2a: Zamazenta|def|1
|move|p1a: spumoni|Moonblast|p2a: Zamazenta
|-supereffective|p2a: Zamazenta
|-damage|p2a: Zamazenta|44/100
|
|upkeep
|turn|8
|
|t:|1760380815
|move|p1a: spumoni|Moonblast|p2a: Zamazenta
|-supereffective|p2a: Zamazenta
|-damage|p2a: Zamazenta|0 fnt
|faint|p2a: Zamazenta
|
|upkeep
|
|t:|1760380818
|switch|p2a: Enamorus|Enamorus, F|100/100
|turn|9
|
|t:|1760380826
|-end|p1a: spumoni|Quark Drive|[silent]
|switch|p1a: julian fuego|Moltres|100/100
|-terastallize|p2a: Enamorus|Stellar
|move|p2a: Enamorus|Tera Blast|p1a: julian fuego|[anim] Tera Blast Stellar
|-damage|p1a: julian fuego|66/100
|-boost|p2a: Enamorus|atk|1
|-boost|p2a: Enamorus|spa|1
|
|upkeep
|turn|10
|
|t:|1760380836
|move|p2a: Enamorus|Tera Blast|p1a: julian fuego|[anim] Tera Blast Stellar
|-damage|p1a: julian fuego|23/100
|-boost|p2a: Enamorus|atk|1
|-boost|p2a: Enamorus|spa|1
|move|p1a: julian fuego|Flamethrower|p2a: Enamorus
|-damage|p2a: Enamorus|51/100
|
|upkeep
|turn|11
|
|t:|1760380847
|move|p2a: Enamorus|Tera Blast|p1a: julian fuego|[anim] Tera Blast Stellar
|-damage|p1a: julian fuego|0 fnt
|-boost|p2a: Enamorus|atk|1
|-boost|p2a: Enamorus|spa|1
|faint|p1a: julian fuego
|
|upkeep
|
|t:|1760380854
|switch|p1a: The Professor|Ting-Lu|100/100
|-ability|p1a: The Professor|Vessel of Ruin
|turn|12
|
|t:|1760380861
|move|p2a: Enamorus|Tera Blast|p1a: The Professor|[anim] Tera Blast Stellar
|-damage|p1a: The Professor|57/100
|-boost|p2a: Enamorus|atk|1
|-boost|p2a: Enamorus|spa|1
|move|p1a: The Professor|Whirlwind|p2a: Enamorus
|drag|p2a: Cinderace|Cinderace, F|30/100 psn
|
|-heal|p1a: The Professor|63/100|[from] item: Leftovers
|-damage|p2a: Cinderace|17/100 psn|[from] psn
|upkeep
|turn|13
|
|t:|1760380874
|switch|p1a: clever husk|Great Tusk|100/100
|move|p2a: Cinderace|U-turn|p1a: clever husk
|-start|p2a: Cinderace|typechange|Bug|[from] ability: Libero
|-resisted|p1a: clever husk
|-damage|p1a: clever husk|90/100
|
|t:|1760380880
|switch|p2a: Enamorus|Enamorus, F, tera:Stellar|51/100|[from] U-turn
|
|upkeep
|turn|14
|inactive|the floorist has 120 seconds left.
|
|t:|1760380911
|-terastallize|p1a: clever husk|Steel
|move|p2a: Enamorus|Moonblast|p1a: clever husk
|-resisted|p1a: clever husk
|-damage|p1a: clever husk|30/100
|move|p1a: clever husk|Ice Spinner|p2a: Enamorus
|-supereffective|p2a: Enamorus
|-damage|p2a: Enamorus|0 fnt
|faint|p2a: Enamorus
|
|upkeep
|
|t:|1760380920
|switch|p2a: Cinderace|Cinderace, F|17/100 psn
|turn|15
|
|t:|1760380928
|move|p2a: Cinderace|Low Kick|p1a: clever husk
|-start|p2a: Cinderace|typechange|Fighting|[from] ability: Libero
|-supereffective|p1a: clever husk
|-damage|p1a: clever husk|0 fnt
|faint|p1a: clever husk
|-end|p1a: clever husk|Protosynthesis|[silent]
|
|-damage|p2a: Cinderace|5/100 psn|[from] psn
|upkeep
|
|t:|1760380940
|switch|p1a: piotr|Kingambit, M|100/100
|-activate|p1a: piotr|ability: Supreme Overlord
|-start|p1a: piotr|fallen3|[silent]
|turn|16
|
|t:|1760380947
|switch|p2a: Ogerpon|Ogerpon-Cornerstone, F|51/100
|-end|p1a: piotr|fallen3|[silent]
|switch|p1a: spumoni|Iron Valiant|100/100
|
|upkeep
|turn|17
|
|t:|1760380961
|move|p1a: spumoni|Moonblast|p2a: Ogerpon
|-damage|p2a: Ogerpon|0 fnt
|faint|p2a: Ogerpon
|
|upkeep
|
|t:|1760380964
|switch|p2a: Cinderace|Cinderace, F|5/100 psn
|turn|18
|
|t:|1760380978
|move|p2a: Cinderace|Pyro Ball|p1a: spumoni
|-damage|p1a: spumoni|43/100
|move|p1a: spumoni|Moonblast|p2a: Cinderace
|-resisted|p2a: Cinderace
|-damage|p2a: Cinderace|0 fnt
|faint|p2a: Cinderace
|
|upkeep
|
|t:|1760380983
|switch|p2a: Raging Bolt|Raging Bolt|100/100
|turn|19
|
|t:|1760380993
|-end|p1a: spumoni|Quark Drive|[silent]
|switch|p1a: The Professor|Ting-Lu|63/100
|-ability|p1a: The Professor|Vessel of Ruin
|move|p2a: Raging Bolt|Thunderbolt|p1a: The Professor
|-immune|p1a: The Professor
|
|-heal|p1a: The Professor|69/100|[from] item: Leftovers
|upkeep
|turn|20
|
|t:|1760380999
|-end|p2a: Raging Bolt|Protosynthesis|[silent]
|switch|p2a: Kingambit|Kingambit, M|100/100
|-activate|p2a: Kingambit|ability: Supreme Overlord
|-start|p2a: Kingambit|fallen4|[silent]
|-item|p2a: Kingambit|Air Balloon
|move|p1a: The Professor|Earthquake|p2a: Kingambit
|-immune|p2a: Kingambit
|
|-heal|p1a: The Professor|75/100|[from] item: Leftovers
|upkeep
|turn|21
|
|t:|1760381011
|move|p2a: Kingambit|Low Kick|p1a: The Professor
|-supereffective|p1a: The Professor
|-damage|p1a: The Professor|7/100
|move|p1a: The Professor|Ruination|p2a: Kingambit
|-damage|p2a: Kingambit|51/100
|-enditem|p2a: Kingambit|Air Balloon
|
|-heal|p1a: The Professor|13/100|[from] item: Leftovers
|upkeep
|turn|22
|
|t:|1760381021
|move|p2a: Kingambit|Low Kick|p1a: The Professor
|-supereffective|p1a: The Professor
|-damage|p1a: The Professor|0 fnt
|faint|p1a: The Professor
|
|upkeep
|
|t:|1760381023
|switch|p1a: spumoni|Iron Valiant|43/100
|turn|23
|
|t:|1760381031
|move|p2a: Kingambit|Sucker Punch|p1a: spumoni
|-resisted|p1a: spumoni
|-damage|p1a: spumoni|23/100
|move|p1a: spumoni|Close Combat|p2a: Kingambit
|-supereffective|p2a: Kingambit
|-damage|p2a: Kingambit|0 fnt
|-unboost|p1a: spumoni|def|1
|-unboost|p1a: spumoni|spd|1
|faint|p2a: Kingambit
|-end|p2a: Kingambit|fallen4|[silent]
|
|upkeep
|
|t:|1760381039
|switch|p2a: Raging Bolt|Raging Bolt|100/100
|turn|24
|
|t:|1760381044
|move|p1a: spumoni|Encore||[still]
|-fail|p1a: spumoni
|move|p2a: Raging Bolt|Thunderbolt|p1a: spumoni
|-damage|p1a: spumoni|0 fnt
|faint|p1a: spumoni
|-end|p1a: spumoni|Quark Drive|[silent]
|
|upkeep
|
|t:|1760381048
|switch|p1a: piotr|Kingambit, M|100/100
|-activate|p1a: piotr|ability: Supreme Overlord
|-start|p1a: piotr|fallen5|[silent]
|turn|25
|
|t:|1760381054
|move|p2a: Raging Bolt|Thunderbolt|p1a: piotr
|-damage|p1a: piotr|50/100
|move|p1a: piotr|Kowtow Cleave|p2a: Raging Bolt
|-damage|p2a: Raging Bolt|36/100
|
|-heal|p2a: Raging Bolt|42/100|[from] item: Leftovers
|upkeep
|turn|26
|
|t:|1760381065
|move|p1a: piotr|Sucker Punch||[still]
|-fail|p1a: piotr
|move|p2a: Raging Bolt|Calm Mind|p2a: Raging Bolt
|-boost|p2a: Raging Bolt|spa|1
|-boost|p2a: Raging Bolt|spd|1
|
|-heal|p2a: Raging Bolt|48/100|[from] item: Leftovers
|upkeep
|turn|27
|
|t:|1760381075
|move|p2a: Raging Bolt|Thunderclap|p1a: piotr
|-damage|p1a: piotr|0 fnt
|faint|p1a: piotr
|-end|p1a: piotr|fallen5|[silent]
|
|win|hoons
|raw|the floorist's rating: 1587 &rarr; <strong>1567</strong><br />(-20 for losing)
|raw|hoons's rating: 1593 &rarr; <strong>1613</strong><br />(+20 for winning)
|c|☆the floorist|gg
|l|☆hoons
|player|p2|
|l|☆the floorist
|player|p1|
