|j|☆HakaseFangirl
|j|☆constartus
|t:|1760334449
|gametype|singles
|player|p1|HakaseFangirl|pokekid|1136
|player|p2|constartus|az|1136
|gen|9
|tier|[Gen 9] OU
|rated|
|rule|HP Percentage Mod: HP is shown in percentages
|rule|Endless Battle Clause: Forcing endless battles is banned
|rule|Species Clause: Limit one of each Pokémon
|rule|OHKO Clause: OHKO moves are banned
|rule|Evasion Items Clause: Evasion items are banned
|rule|Evasion Moves Clause: Evasion moves are banned
|rule|Evasion Abilities Clause: Evasion abilities are banned
|rule|Sleep Moves Clause: Sleep-inducing moves are banned
|clearpoke
|poke|p1|Slowking-Galar, F|
|poke|p1|Great Tusk|
|poke|p1|Arcanine-Hisui, F|
|poke|p1|Corviknight, M|
|poke|p1|Dragapult, F|
|poke|p1|Darkrai|
|poke|p2|Ribombee, F|
|poke|p2|Cinderace, M|
|poke|p2|Empoleon, F|
|poke|p2|Ogerpon, F|
|poke|p2|Kingambit, M|
|poke|p2|Gothitelle, F|
|teampreview
|inactive|Battle timer is ON: inactive players will automatically lose when time's up. (requested by constartus)
|
|t:|1760334463
|teamsize|p1|6
|teamsize|p2|6
|start
|switch|p1a: Slowking|Slowking-Galar, F|100/100
|switch|p2a: Ribombee|Ribombee, F, shiny|100/100
|turn|1
|
|t:|1760334468
|move|p2a: Ribombee|Sticky Web|p1a: Slowking
|-sidestart|p1: HakaseFangirl|move: Sticky Web
|move|p1a: Slowking|Sludge Bomb|p2a: Ribombee
|-supereffective|p2a: Ribombee
|-damage|p2a: Ribombee|4/100
|
|upkeep
|turn|2
|
|t:|1760334475
|move|p2a: Ribombee|Stun Spore|p1a: Slowking
|-status|p1a: Slowking|par
|move|p1a: Slowking|Future Sight|p2a: Ribombee
|-start|p1a: Slowking|move: Future Sight
|
|upkeep
|turn|3
|
|t:|1760334481
|move|p2a: Ribombee|Pollen Puff|p1a: Slowking
|-damage|p1a: Slowking|82/100 par
|move|p1a: Slowking|Sludge Bomb|p2a: Ribombee
|-supereffective|p2a: Ribombee
|-damage|p2a: Ribombee|0 fnt
|faint|p2a: Ribombee
|
|upkeep
|
|t:|1760334487
|switch|p2a: Cinderace|Cinderace, M|100/100
|turn|4
|
|t:|1760334490
|move|p2a: Cinderace|Court Change|p2a: Cinderace
|-start|p2a: Cinderace|typechange|Normal|[from] ability: Libero
|-swapsideconditions
|-activate|p2a: Cinderace|move: Court Change
|-prepare|p1a: Slowking|Chilly Reception|[premajor]
|move|p1a: Slowking|Chilly Reception|p1a: Slowking
|-weather|Snowscape
|
|t:|1760334499
|switch|p1a: Dragapult|Dragapult, F|100/100|[from] Chilly Reception
|
|-weather|Snowscape|[upkeep]
|-end|p2a: Cinderace|move: Future Sight
|-damage|p2a: Cinderace|34/100
|upkeep
|turn|5
|
|t:|1760334503
|move|p1a: Dragapult|Draco Meteor|p2a: Cinderace
|-damage|p2a: Cinderace|0 fnt
|-unboost|p1a: Dragapult|spa|2
|faint|p2a: Cinderace
|
|-weather|Snowscape|[upkeep]
|upkeep
|
|t:|1760334508
|switch|p2a: TC Nick 4|Empoleon, F|100/100
|-activate|p2a: TC Nick 4|move: Sticky Web
|-unboost|p2a: TC Nick 4|spe|1
|-ability|p2a: TC Nick 4|Competitive|boost
|-boost|p2a: TC Nick 4|spa|2
|turn|6
|
|t:|1760334513
|switch|p1a: Slowking|Slowking-Galar, F|100/100 par
|move|p2a: TC Nick 4|Ice Beam|p1a: Slowking
|-damage|p1a: Slowking|50/100 par
|-damage|p2a: TC Nick 4|91/100|[from] item: Life Orb
|
|-weather|Snowscape|[upkeep]
|upkeep
|turn|7
|
|t:|1760334517
|move|p2a: TC Nick 4|Surf|p1a: Slowking
|-damage|p1a: Slowking|0 fnt
|faint|p1a: Slowking
|-damage|p2a: TC Nick 4|81/100|[from] item: Life Orb
|
|-weather|Snowscape|[upkeep]
|upkeep
|
|t:|1760334527
|switch|p1a: Great Tusk|Great Tusk|100/100
|turn|8
|
|t:|1760334533
|-terastallize|p2a: TC Nick 4|Flying
|move|p1a: Great Tusk|Headlong Rush|p2a: TC Nick 4
|-immune|p2a: TC Nick 4
|move|p2a: TC Nick 4|Surf|p1a: Great Tusk
|-supereffective|p1a: Great Tusk
|-damage|p1a: Great Tusk|0 fnt
|faint|p1a: Great Tusk
|-end|p1a: Great Tusk|Protosynthesis|[silent]
|-damage|p2a: TC Nick 4|71/100|[from] item: Life Orb
|
|-weather|none
|upkeep
|
|t:|1760334536
|switch|p1a: Arcanine|Arcanine-Hisui, F|100/100
|turn|9
|
|t:|1760334539
|move|p1a: Arcanine|Head Smash|p2a: TC Nick 4
|-supereffective|p2a: TC Nick 4
|-damage|p2a: TC Nick 4|0 fnt
|faint|p2a: TC Nick 4
|
|upkeep
|
|t:|1760334542
|switch|p2a: Gothitelle|Gothitelle, F|100/100
|-activate|p2a: Gothitelle|move: Sticky Web
|-unboost|p2a: Gothitelle|spe|1
|-ability|p2a: Gothitelle|Competitive|boost
|-boost|p2a: Gothitelle|spa|2
|turn|10
|
|t:|1760334548
|move|p1a: Arcanine|Head Smash|p2a: Gothitelle
|-damage|p2a: Gothitelle|0 fnt
|faint|p2a: Gothitelle
|
|upkeep
|
|t:|1760334557
|switch|p2a: Kingambit|Kingambit, M|100/100
|-activate|p2a: Kingambit|move: Sticky Web
|-unboost|p2a: Kingambit|spe|1
|-ability|p2a: Kingambit|Defiant|boost
|-boost|p2a: Kingambit|atk|2
|turn|11
|
|t:|1760334562
|switch|p1a: Corviknight|Corviknight, M|100/100
|-ability|p1a: Corviknight|Pressure
|move|p2a: Kingambit|Iron Head|p1a: Corviknight
|-resisted|p1a: Corviknight
|-damage|p1a: Corviknight|58/100
|-damage|p2a: Kingambit|84/100|[from] item: Rocky Helmet|[of] p1a: Corviknight
|
|upkeep
|turn|12
|
|t:|1760334569
|switch|p2a: Ogerpon|Ogerpon, F|100/100
|-activate|p2a: Ogerpon|move: Sticky Web
|-unboost|p2a: Ogerpon|spe|1
|-ability|p2a: Ogerpon|Defiant|boost
|-boost|p2a: Ogerpon|atk|2
|move|p1a: Corviknight|Body Press|p2a: Ogerpon
|-damage|p2a: Ogerpon|65/100
|
|upkeep
|turn|13
|
|t:|1760334575
|switch|p1a: Darkrai|Darkrai|100/100
|move|p2a: Ogerpon|Knock Off|p1a: Darkrai
|-resisted|p1a: Darkrai
|-damage|p1a: Darkrai|60/100
|-enditem|p1a: Darkrai|Leftovers|[from] move: Knock Off|[of] p2a: Ogerpon
|
|upkeep
|turn|14
|
|t:|1760334583
|move|p1a: Darkrai|Sludge Bomb|p2a: Ogerpon
|-supereffective|p2a: Ogerpon
|-damage|p2a: Ogerpon|19/100
|-status|p2a: Ogerpon|psn
|move|p2a: Ogerpon|Trailblaze|p1a: Darkrai
|-damage|p1a: Darkrai|0 fnt
|-boost|p2a: Ogerpon|spe|1
|faint|p1a: Darkrai
|
|-damage|p2a: Ogerpon|6/100 psn|[from] psn
|upkeep
|
|t:|1760334591
|switch|p1a: Dragapult|Dragapult, F|100/100
|turn|15
|
|t:|1760334595
|move|p1a: Dragapult|U-turn|p2a: Ogerpon
|-supereffective|p2a: Ogerpon
|-damage|p2a: Ogerpon|0 fnt
|faint|p2a: Ogerpon
|inactive|HakaseFangirl has 120 seconds left.
|
|t:|1760334629
|switch|p1a: Corviknight|Corviknight, M|58/100|[from] U-turn
|-ability|p1a: Corviknight|Pressure
|
|upkeep
|
|t:|1760334631
|switch|p2a: Kingambit|Kingambit, M|84/100
|-activate|p2a: Kingambit|move: Sticky Web
|-unboost|p2a: Kingambit|spe|1
|-ability|p2a: Kingambit|Defiant|boost
|-boost|p2a: Kingambit|atk|2
|turn|16
|inactive|HakaseFangirl has 120 seconds left.
|
|t:|1760334653
|move|p2a: Kingambit|Sucker Punch|p1a: Corviknight
|-damage|p1a: Corviknight|0 fnt
|-damage|p2a: Kingambit|67/100|[from] item: Rocky Helmet|[of] p1a: Corviknight
|faint|p1a: Corviknight
|
|upkeep
|inactive|HakaseFangirl has 120 seconds left.
|
|t:|1760334659
|switch|p1a: Arcanine|Arcanine-Hisui, F|100/100
|turn|17
|
|t:|1760334667
|move|p2a: Kingambit|Sucker Punch|p1a: Arcanine
|-damage|p1a: Arcanine|0 fnt
|faint|p1a: Arcanine
|
|upkeep
|
|t:|1760334670
|switch|p1a: Dragapult|Dragapult, F|100/100
|turn|18
|-message|HakaseFangirl forfeited.
|
|win|constartus
|raw|HakaseFangirl's rating: 1136 &rarr; <strong>1111</strong><br />(-25 for losing)
|raw|constartus's rating: 1136 &rarr; <strong>1161</strong><br />(+25 for winning)
|l|☆HakaseFangirl
|player|p1|
|l|☆constartus
|player|p2|
