|j|☆suifenli
|j|☆weenux
|t:|1760317731
|gametype|singles
|player|p1|suifenli|n|1581
|player|p2|weenux|steven|1618
|gen|9
|tier|[Gen 9] OU
|rated|
|rule|HP Percentage Mod: HP is shown in percentages
|rule|Endless Battle Clause: Forcing endless battles is banned
|rule|Species Clause: Limit one of each Pokémon
|rule|OHKO Clause: OHKO moves are banned
|rule|Evasion Items Clause: Evasion items are banned
|rule|Evasion Moves Clause: Evasion moves are banned
|rule|Evasion Abilities Clause: Evasion abilities are banned
|rule|Sleep Moves Clause: Sleep-inducing moves are banned
|clearpoke
|poke|p1|Zamazenta-*|
|poke|p1|Sableye, M|
|poke|p1|Blaziken, F|
|poke|p1|Bellossom, M|
|poke|p1|Garganacl, M|
|poke|p1|Latias, F|
|poke|p2|Garchomp, M|
|poke|p2|Darkrai|
|poke|p2|Gholdengo|
|poke|p2|Ogerpon-Wellspring, F|
|poke|p2|Iron Valiant|
|poke|p2|Iron Treads|
|teampreview
|inactive|Battle timer is ON: inactive players will automatically lose when time's up. (requested by suifenli)
|
|t:|1760317738
|teamsize|p1|6
|teamsize|p2|6
|start
|switch|p1a: Sableye|Sableye, M|100/100
|switch|p2a: Garchomp|Garchomp, M|100/100
|turn|1
|
|t:|1760317744
|move|p2a: Garchomp|Stealth Rock|p1a: Sableye
|-sidestart|p1: suifenli|move: Stealth Rock
|move|p1a: Sableye|Metal Burst||[still]
|-fail|p1a: Sableye
|
|upkeep
|turn|2
|
|t:|1760317747
|move|p1a: Sableye|Encore|p2a: Garchomp
|-start|p2a: Garchomp|Encore
|move|p2a: Garchomp|Stealth Rock||[still]
|-fail|p2a: Garchomp
|
|upkeep
|turn|3
|
|t:|1760317752
|switch|p2a: Ogerpon|Ogerpon-Wellspring, F|100/100
|move|p1a: Sableye|Reflect|p1a: Sableye
|-sidestart|p1: suifenli|Reflect
|
|upkeep
|turn|4
|
|t:|1760317757
|switch|p2a: Garchomp|Garchomp, M|100/100
|move|p1a: Sableye|Metal Burst||[still]
|-fail|p1a: Sableye
|
|upkeep
|turn|5
|
|t:|1760317768
|switch|p1a: Latias|Latias, F|100/100
|-damage|p1a: Latias|88/100|[from] Stealth Rock
|move|p2a: Garchomp|Dragon Tail|p1a: Latias
|-supereffective|p1a: Latias
|-damage|p1a: Latias|68/100
|-enditem|p1a: Latias|Kee Berry|[eat]
|-boost|p1a: Latias|def|1|[from] item: Kee Berry
|drag|p1a: Bellossom|Bellossom, M|100/100
|-damage|p1a: Bellossom|88/100|[from] Stealth Rock
|
|upkeep
|turn|6
|
|t:|1760317772
|move|p1a: Bellossom|Ingrain|p1a: Bellossom
|-start|p1a: Bellossom|move: Ingrain
|move|p2a: Garchomp|Dragon Tail|p1a: Bellossom
|-damage|p1a: Bellossom|80/100
|-activate|p1a: Bellossom|move: Ingrain
|-enditem|p1a: Bellossom|Kee Berry|[eat]
|-boost|p1a: Bellossom|def|1|[from] item: Kee Berry
|
|-heal|p1a: Bellossom|86/100|[from] Ingrain
|upkeep
|turn|7
|
|t:|1760317777
|switch|p2a: Iron Valiant|Iron Valiant|100/100
|-enditem|p2a: Iron Valiant|Booster Energy
|-activate|p2a: Iron Valiant|ability: Quark Drive|[fromitem]
|-start|p2a: Iron Valiant|quarkdrivespe
|move|p1a: Bellossom|Quiver Dance|p1a: Bellossom
|-boost|p1a: Bellossom|spa|1
|-boost|p1a: Bellossom|spd|1
|-boost|p1a: Bellossom|spe|1
|
|-heal|p1a: Bellossom|92/100|[from] Ingrain
|-sideend|p1: suifenli|Reflect
|upkeep
|turn|8
|
|t:|1760317782
|move|p2a: Iron Valiant|Encore|p1a: Bellossom
|-start|p1a: Bellossom|Encore
|move|p1a: Bellossom|Quiver Dance|p1a: Bellossom
|-boost|p1a: Bellossom|spa|1
|-boost|p1a: Bellossom|spd|1
|-boost|p1a: Bellossom|spe|1
|
|-heal|p1a: Bellossom|98/100|[from] Ingrain
|upkeep
|turn|9
|
|t:|1760317806
|-end|p2a: Iron Valiant|Quark Drive|[silent]
|switch|p2a: Gholdengo|Gholdengo|100/100
|-item|p2a: Gholdengo|Air Balloon
|move|p1a: Bellossom|Quiver Dance|p1a: Bellossom
|-boost|p1a: Bellossom|spa|1
|-boost|p1a: Bellossom|spd|1
|-boost|p1a: Bellossom|spe|1
|
|-heal|p1a: Bellossom|100/100|[from] Ingrain
|upkeep
|turn|10
|
|t:|1760317809
|move|p1a: Bellossom|Quiver Dance|p1a: Bellossom
|-boost|p1a: Bellossom|spa|1
|-boost|p1a: Bellossom|spd|1
|-boost|p1a: Bellossom|spe|1
|move|p2a: Gholdengo|Thunder Wave|p1a: Bellossom
|-status|p1a: Bellossom|par
|
|-end|p1a: Bellossom|Encore
|upkeep
|turn|11
|
|t:|1760317813
|move|p2a: Gholdengo|Hex|p1a: Bellossom
|-damage|p1a: Bellossom|84/100 par
|cant|p1a: Bellossom|par
|
|-heal|p1a: Bellossom|90/100 par|[from] Ingrain
|upkeep
|turn|12
|
|t:|1760317816
|move|p2a: Gholdengo|Hex|p1a: Bellossom
|-damage|p1a: Bellossom|70/100 par
|move|p1a: Bellossom|Giga Drain|p2a: Gholdengo
|-resisted|p2a: Gholdengo
|-damage|p2a: Gholdengo|69/100
|-heal|p1a: Bellossom|87/100 par|[from] drain|[of] p2a: Gholdengo
|-enditem|p2a: Gholdengo|Air Balloon
|
|-heal|p1a: Bellossom|93/100 par|[from] Ingrain
|upkeep
|turn|13
|
|t:|1760317838
|move|p2a: Gholdengo|Hex|p1a: Bellossom
|-damage|p1a: Bellossom|76/100 par
|move|p1a: Bellossom|Giga Drain|p2a: Gholdengo
|-resisted|p2a: Gholdengo
|-damage|p2a: Gholdengo|36/100
|-heal|p1a: Bellossom|94/100 par|[from] drain|[of] p2a: Gholdengo
|
|-heal|p1a: Bellossom|99/100 par|[from] Ingrain
|upkeep
|turn|14
|
|t:|1760317842
|move|p2a: Gholdengo|Recover|p2a: Gholdengo
|-heal|p2a: Gholdengo|86/100
|move|p1a: Bellossom|Giga Drain|p2a: Gholdengo
|-resisted|p2a: Gholdengo
|-damage|p2a: Gholdengo|54/100
|-heal|p1a: Bellossom|100/100 par|[from] drain|[of] p2a: Gholdengo
|
|upkeep
|turn|15
|
|t:|1760317847
|move|p2a: Gholdengo|Recover|p2a: Gholdengo
|-heal|p2a: Gholdengo|100/100
|move|p1a: Bellossom|Quiver Dance|p1a: Bellossom
|-boost|p1a: Bellossom|spa|1
|-boost|p1a: Bellossom|spd|1
|-boost|p1a: Bellossom|spe|1
|
|upkeep
|turn|16
|c|☆weenux|welpo
|c|☆weenux|an unexpected weakness in my team
|c|☆weenux|gg lmao
|
|t:|1760317875
|switch|p2a: Iron Valiant|Iron Valiant|100/100
|move|p1a: Bellossom|Giga Drain|p2a: Iron Valiant
|-damage|p2a: Iron Valiant|0 fnt
|faint|p2a: Iron Valiant
|-end|p2a: Iron Valiant|Quark Drive|[silent]
|
|upkeep
|
|t:|1760317880
|switch|p2a: Iron Treads|Iron Treads|100/100
|turn|17
|
|t:|1760317896
|move|p2a: Iron Treads|Ice Spinner|p1a: Bellossom
|-supereffective|p1a: Bellossom
|-damage|p1a: Bellossom|79/100 par
|move|p1a: Bellossom|Giga Drain|p2a: Iron Treads
|-damage|p2a: Iron Treads|13/100
|-heal|p1a: Bellossom|100/100 par|[from] drain|[of] p2a: Iron Treads
|
|-heal|p2a: Iron Treads|19/100|[from] item: Leftovers
|upkeep
|turn|18
|
|t:|1760317903
|move|p2a: Iron Treads|Ice Spinner|p1a: Bellossom
|-supereffective|p1a: Bellossom
|-damage|p1a: Bellossom|80/100 par
|move|p1a: Bellossom|Giga Drain|p2a: Iron Treads
|-damage|p2a: Iron Treads|0 fnt
|-heal|p1a: Bellossom|89/100 par|[from] drain|[of] p2a: Iron Treads
|faint|p2a: Iron Treads
|-end|p2a: Iron Treads|Quark Drive|[silent]
|
|-heal|p1a: Bellossom|95/100 par|[from] Ingrain
|upkeep
|-message|weenux forfeited.
|
|win|suifenli
|raw|suifenli's rating: 1581 &rarr; <strong>1603</strong><br />(+22 for winning)
|raw|weenux's rating: 1618 &rarr; <strong>1596</strong><br />(-22 for losing)
|l|☆weenux
|player|p2|
|l|☆suifenli
|player|p1|
