|j|☆abravioustinkaton
|j|☆york tv001
|t:|1760360267
|gametype|singles
|player|p1|abravioustinkaton|miku-ice|1655
|player|p2|york tv001|265|1611
|gen|9
|tier|[Gen 9] OU
|rated|
|rule|HP Percentage Mod: HP is shown in percentages
|rule|Endless Battle Clause: Forcing endless battles is banned
|rule|Species Clause: Limit one of each Pokémon
|rule|OHKO Clause: OHKO moves are banned
|rule|Evasion Items Clause: Evasion items are banned
|rule|Evasion Moves Clause: Evasion moves are banned
|rule|Evasion Abilities Clause: Evasion abilities are banned
|rule|Sleep Moves Clause: Sleep-inducing moves are banned
|clearpoke
|poke|p1|Ogerpon-Wellspring, F|
|poke|p1|Kingambit, M|
|poke|p1|Landorus-Therian, M|
|poke|p1|Glimmora, F|
|poke|p1|Dragapult, F|
|poke|p1|Iron Valiant|
|poke|p2|Excadrill, M|
|poke|p2|Heatran, M|
|poke|p2|Tyranitar, M|
|poke|p2|Tornadus-Therian, M|
|poke|p2|Hydrapple, M|
|poke|p2|Keldeo-Resolute|
|teampreview
|
|t:|1760360278
|teamsize|p1|6
|teamsize|p2|6
|start
|switch|p1a: Dragapult|Dragapult, F|100/100
|switch|p2a: Keldeo|Keldeo-Resolute, shiny|100/100
|turn|1
|
|t:|1760360283
|switch|p2a: Heatran|Heatran, M, shiny|100/100
|move|p1a: Dragapult|U-turn|p2a: Heatran
|-resisted|p2a: Heatran
|-damage|p2a: Heatran|97/100
|
|t:|1760360287
|switch|p1a: Ogerpon|Ogerpon-Wellspring, F|100/100|[from] U-turn
|
|-heal|p2a: Heatran|100/100|[from] item: Leftovers
|upkeep
|turn|2
|
|t:|1760360291
|switch|p1a: Landorus|Landorus-Therian, M|100/100
|-ability|p1a: Landorus|Intimidate|boost
|-unboost|p2a: Heatran|atk|1
|switch|p2a: Hydrapple|Hydrapple, M, shiny|100/100
|
|upkeep
|turn|3
|
|t:|1760360302
|move|p1a: Landorus|Stealth Rock|p2a: Hydrapple
|-sidestart|p2: york tv001|move: Stealth Rock
|move|p2a: Hydrapple|Fickle Beam|p1a: Landorus
|-damage|p1a: Landorus|66/100
|
|upkeep
|turn|4
|
|t:|1760360310
|move|p1a: Landorus|U-turn|p2a: Hydrapple
|-supereffective|p2a: Hydrapple
|-damage|p2a: Hydrapple|74/100
|-damage|p1a: Landorus|49/100|[from] item: Rocky Helmet|[of] p2a: Hydrapple
|
|t:|1760360312
|switch|p1a: Glimmora|Glimmora, F|100/100|[from] U-turn
|move|p2a: Hydrapple|Earth Power|p1a: Glimmora
|-supereffective|p1a: Glimmora
|-damage|p1a: Glimmora|0 fnt
|faint|p1a: Glimmora
|
|upkeep
|
|t:|1760360316
|switch|p1a: Ogerpon|Ogerpon-Wellspring, F|100/100
|turn|5
|
|t:|1760360319
|-terastallize|p1a: Ogerpon|Water
|detailschange|p1a: Ogerpon|Ogerpon-Wellspring-Tera, F, tera:Water
|-ability|p1a: Ogerpon|Embody Aspect (Wellspring)|boost
|-boost|p1a: Ogerpon|spd|1
|move|p1a: Ogerpon|Play Rough|p2a: Hydrapple|[miss]
|-miss|p1a: Ogerpon|p2a: Hydrapple
|move|p2a: Hydrapple|Giga Drain|p1a: Ogerpon
|-supereffective|p1a: Ogerpon
|-damage|p1a: Ogerpon|52/100
|-heal|p2a: Hydrapple|92/100|[from] drain|[of] p1a: Ogerpon
|
|upkeep
|turn|6
|-message|abravioustinkaton forfeited.
|
|win|york tv001
|raw|abravioustinkaton's rating: 1655 &rarr; <strong>1632</strong><br />(-23 for losing)
|raw|york tv001's rating: 1611 &rarr; <strong>1634</strong><br />(+23 for winning)
|l|☆abravioustinkaton
|player|p1|
|l|☆york tv001
|player|p2|
