|j|☆Noyourghetto
|j|☆tartaglia the 11th
|t:|1760379618
|gametype|singles
|player|p1|Noyourghetto|1|1360
|player|p2|tartaglia the 11th|steven|1372
|gen|9
|tier|[Gen 9] OU
|rated|
|rule|HP Percentage Mod: HP is shown in percentages
|rule|Endless Battle Clause: Forcing endless battles is banned
|rule|Species Clause: Limit one of each Pokémon
|rule|OHKO Clause: OHKO moves are banned
|rule|Evasion Items Clause: Evasion items are banned
|rule|Evasion Moves Clause: Evasion moves are banned
|rule|Evasion Abilities Clause: Evasion abilities are banned
|rule|Sleep Moves Clause: Sleep-inducing moves are banned
|clearpoke
|poke|p1|Dragonite, M|
|poke|p1|Gliscor, M|
|poke|p1|Quaquaval, M|
|poke|p1|Clefable, M|
|poke|p1|Ogerpon-Wellspring, F|
|poke|p1|Skeledirge, M|
|poke|p2|Slowking-Galar, F|
|poke|p2|Scizor, F|
|poke|p2|Latios, M|
|poke|p2|Kingambit, F|
|poke|p2|Primarina, F|
|poke|p2|Weezing-Galar, M|
|teampreview
|inactive|Battle timer is ON: inactive players will automatically lose when time's up. (requested by Noyourghetto)
|inactive|tartaglia the 11th has 120 seconds left.
|
|t:|1760379654
|teamsize|p1|6
|teamsize|p2|6
|start
|switch|p1a: Clefable|Clefable, M, shiny|100/100
|switch|p2a: Weezing|Weezing-Galar, M|100/100
|turn|1
|
|t:|1760379663
|switch|p1a: Gliscor|Gliscor, M, shiny|100/100
|move|p2a: Weezing|Will-O-Wisp|p1a: Gliscor
|-status|p1a: Gliscor|brn
|
|-damage|p1a: Gliscor|94/100 brn|[from] brn
|upkeep
|turn|2
|
|t:|1760379684
|switch|p2a: Latios|Latios, M|100/100
|move|p1a: Gliscor|Knock Off|p2a: Latios
|-supereffective|p2a: Latios
|-damage|p2a: Latios|69/100
|-enditem|p2a: Latios|Choice Scarf|[from] move: Knock Off|[of] p1a: Gliscor
|
|-damage|p1a: Gliscor|88/100 brn|[from] brn
|upkeep
|turn|3
|
|t:|1760379694
|move|p2a: Latios|Ice Beam|p1a: Gliscor
|-supereffective|p1a: Gliscor
|-damage|p1a: Gliscor|0 fnt
|faint|p1a: Gliscor
|
|upkeep
|inactive|Noyourghetto has 120 seconds left.
|
|t:|1760379730
|switch|p1a: Dragonite|Dragonite, M|100/100
|turn|4
|
|t:|1760379736
|move|p2a: Latios|Flip Turn|p1a: Dragonite
|-resisted|p1a: Dragonite
|-damage|p1a: Dragonite|98/100
|
|t:|1760379738
|switch|p2a: Primarina|Primarina, F|100/100|[from] Flip Turn
|move|p1a: Dragonite|Dragon Dance|p1a: Dragonite
|-boost|p1a: Dragonite|atk|1
|-boost|p1a: Dragonite|spe|1
|
|-heal|p1a: Dragonite|100/100|[from] item: Leftovers
|upkeep
|turn|5
|
|t:|1760379746
|move|p1a: Dragonite|Earthquake|p2a: Primarina
|-damage|p2a: Primarina|28/100
|move|p2a: Primarina|Moonblast|p1a: Dragonite
|-supereffective|p1a: Dragonite
|-damage|p1a: Dragonite|55/100
|
|-heal|p1a: Dragonite|61/100|[from] item: Leftovers
|upkeep
|turn|6
|
|t:|1760379775
|switch|p2a: Weezing|Weezing-Galar, M|100/100
|move|p1a: Dragonite|Extreme Speed|p2a: Weezing
|-damage|p2a: Weezing|64/100
|
|-heal|p1a: Dragonite|67/100|[from] item: Leftovers
|upkeep
|turn|7
|
|t:|1760379785
|switch|p1a: Skeledirge|Skeledirge, M|100/100
|move|p2a: Weezing|Will-O-Wisp|p1a: Skeledirge
|-immune|p1a: Skeledirge
|
|upkeep
|turn|8
|
|t:|1760379794
|move|p1a: Skeledirge|Torch Song|p2a: Weezing
|-damage|p2a: Weezing|34/100
|-boost|p1a: Skeledirge|spa|1
|move|p2a: Weezing|Pain Split|p1a: Skeledirge
|-sethp|p1a: Skeledirge|64/100|[from] move: Pain Split|[silent]
|-sethp|p2a: Weezing|79/100|[from] move: Pain Split
|
|upkeep
|turn|9
|
|t:|1760379809
|move|p1a: Skeledirge|Will-O-Wisp|p2a: Weezing
|-status|p2a: Weezing|brn
|move|p2a: Weezing|Pain Split|p1a: Skeledirge
|-sethp|p1a: Skeledirge|64/100|[from] move: Pain Split|[silent]
|-sethp|p2a: Weezing|79/100 brn|[from] move: Pain Split
|
|-damage|p2a: Weezing|73/100 brn|[from] brn
|upkeep
|turn|10
|
|t:|1760379823
|move|p1a: Skeledirge|Slack Off|p1a: Skeledirge
|-heal|p1a: Skeledirge|100/100
|move|p2a: Weezing|Pain Split|p1a: Skeledirge
|-sethp|p1a: Skeledirge|80/100|[from] move: Pain Split|[silent]
|-sethp|p2a: Weezing|98/100 brn|[from] move: Pain Split
|
|-damage|p2a: Weezing|92/100 brn|[from] brn
|upkeep
|turn|11
|
|t:|1760379831
|switch|p2a: Primarina|Primarina, F|28/100
|move|p1a: Skeledirge|Hex|p2a: Primarina
|-damage|p2a: Primarina|8/100
|
|upkeep
|turn|12
|
|t:|1760379838
|move|p1a: Skeledirge|Hex|p2a: Primarina
|-damage|p2a: Primarina|0 fnt
|faint|p2a: Primarina
|
|upkeep
|
|t:|1760379842
|switch|p2a: Kingambit|Kingambit, F|100/100
|-activate|p2a: Kingambit|ability: Supreme Overlord
|-start|p2a: Kingambit|fallen1|[silent]
|turn|13
|
|t:|1760379854
|move|p2a: Kingambit|Sucker Punch|p1a: Skeledirge
|-supereffective|p1a: Skeledirge
|-damage|p1a: Skeledirge|0 fnt
|faint|p1a: Skeledirge
|
|upkeep
|
|t:|1760379884
|switch|p1a: Dragonite|Dragonite, M|67/100
|turn|14
|
|t:|1760379890
|move|p1a: Dragonite|Roost|p1a: Dragonite
|-heal|p1a: Dragonite|100/100
|-singleturn|p1a: Dragonite|move: Roost
|move|p2a: Kingambit|Kowtow Cleave|p1a: Dragonite
|-damage|p1a: Dragonite|75/100
|
|-heal|p1a: Dragonite|81/100|[from] item: Leftovers
|upkeep
|turn|15
|
|t:|1760379900
|move|p1a: Dragonite|Earthquake|p2a: Kingambit
|-supereffective|p2a: Kingambit
|-damage|p2a: Kingambit|47/100
|move|p2a: Kingambit|Kowtow Cleave|p1a: Dragonite
|-damage|p1a: Dragonite|29/100
|
|-heal|p1a: Dragonite|35/100|[from] item: Leftovers
|upkeep
|turn|16
|
|t:|1760379908
|move|p1a: Dragonite|Roost|p1a: Dragonite
|-heal|p1a: Dragonite|85/100
|-singleturn|p1a: Dragonite|move: Roost
|move|p2a: Kingambit|Kowtow Cleave|p1a: Dragonite
|-damage|p1a: Dragonite|29/100
|
|-heal|p1a: Dragonite|35/100|[from] item: Leftovers
|upkeep
|turn|17
|
|t:|1760379917
|move|p2a: Kingambit|Sucker Punch|p1a: Dragonite
|-damage|p1a: Dragonite|0 fnt
|faint|p1a: Dragonite
|
|upkeep
|
|t:|1760379929
|switch|p1a: Ogerpon|Ogerpon-Wellspring, F|100/100
|turn|18
|
|t:|1760379934
|move|p1a: Ogerpon|Ivy Cudgel|p2a: Kingambit|[anim] Ivy Cudgel Water
|-damage|p2a: Kingambit|8/100
|move|p2a: Kingambit|Kowtow Cleave|p1a: Ogerpon
|-damage|p1a: Ogerpon|10/100
|
|upkeep
|turn|19
|
|t:|1760379942
|move|p1a: Ogerpon|Ivy Cudgel|p2a: Kingambit|[anim] Ivy Cudgel Water
|-crit|p2a: Kingambit
|-damage|p2a: Kingambit|0 fnt
|faint|p2a: Kingambit
|-end|p2a: Kingambit|fallen1|[silent]
|
|upkeep
|
|t:|1760379944
|switch|p2a: Scizor|Scizor, F|100/100
|turn|20
|
|t:|1760379948
|move|p1a: Ogerpon|Ivy Cudgel|p2a: Scizor|[anim] Ivy Cudgel Water
|-damage|p2a: Scizor|45/100
|move|p2a: Scizor|U-turn|p1a: Ogerpon
|-supereffective|p1a: Ogerpon
|-crit|p1a: Ogerpon
|-damage|p1a: Ogerpon|0 fnt
|faint|p1a: Ogerpon
|
|t:|1760379952
|switch|p2a: Slowking|Slowking-Galar, F|100/100|[from] U-turn
|
|upkeep
|
|t:|1760379964
|switch|p1a: Quaquaval|Quaquaval, M|100/100
|turn|21
|
|t:|1760379968
|move|p1a: Quaquaval|Knock Off|p2a: Slowking
|-supereffective|p2a: Slowking
|-damage|p2a: Slowking|33/100
|-enditem|p2a: Slowking|Heavy-Duty Boots|[from] move: Knock Off|[of] p1a: Quaquaval
|move|p2a: Slowking|Future Sight|p1a: Quaquaval
|-start|p2a: Slowking|move: Future Sight
|
|upkeep
|turn|22
|
|t:|1760379976
|switch|p2a: Weezing|Weezing-Galar, M|92/100 brn
|move|p1a: Quaquaval|Aqua Step|p2a: Weezing
|-damage|p2a: Weezing|57/100 brn
|-boost|p1a: Quaquaval|spe|1
|
|-damage|p2a: Weezing|51/100 brn|[from] brn
|upkeep
|turn|23
|
|t:|1760379990
|move|p1a: Quaquaval|Aqua Step|p2a: Weezing
|-damage|p2a: Weezing|16/100 brn
|-boost|p1a: Quaquaval|spe|1
|move|p2a: Weezing|Pain Split|p1a: Quaquaval
|-sethp|p1a: Quaquaval|59/100|[from] move: Pain Split|[silent]
|-sethp|p2a: Weezing|55/100 brn|[from] move: Pain Split
|
|-end|p1a: Quaquaval|move: Future Sight
|-supereffective|p1a: Quaquaval
|-damage|p1a: Quaquaval|0 fnt
|faint|p1a: Quaquaval
|-damage|p2a: Weezing|49/100 brn|[from] brn
|upkeep
|
|t:|1760380002
|switch|p1a: Clefable|Clefable, M, shiny|100/100
|turn|24
|
|t:|1760380006
|move|p1a: Clefable|Moonblast|p2a: Weezing
|-resisted|p2a: Weezing
|-damage|p2a: Weezing|34/100 brn
|move|p2a: Weezing|Pain Split|p1a: Clefable
|-sethp|p1a: Clefable|65/100|[from] move: Pain Split|[silent]
|-sethp|p2a: Weezing|76/100 brn|[from] move: Pain Split
|
|-damage|p2a: Weezing|70/100 brn|[from] brn
|upkeep
|turn|25
|-message|Noyourghetto forfeited.
|
|win|tartaglia the 11th
|raw|Noyourghetto's rating: 1360 &rarr; <strong>1341</strong><br />(-19 for losing)
|raw|tartaglia the 11th's rating: 1372 &rarr; <strong>1391</strong><br />(+19 for winning)
|l|☆Noyourghetto
|player|p1|
