|j|☆Koutn21
|j|☆lemonsilverhaze
|t:|1760335236
|gametype|singles
|player|p1|Koutn21|cynthia-gen4|1143
|player|p2|lemonsilverhaze|tuber|1150
|gen|9
|tier|[Gen 9] OU
|rated|
|rule|HP Percentage Mod: HP is shown in percentages
|rule|Endless Battle Clause: Forcing endless battles is banned
|rule|Species Clause: Limit one of each Pokémon
|rule|OHKO Clause: OHKO moves are banned
|rule|Evasion Items Clause: Evasion items are banned
|rule|Evasion Moves Clause: Evasion moves are banned
|rule|Evasion Abilities Clause: Evasion abilities are banned
|rule|Sleep Moves Clause: Sleep-inducing moves are banned
|clearpoke
|poke|p1|Great Tusk|
|poke|p1|Primarina, M|
|poke|p1|Meowscarada, F|
|poke|p1|Cinderace, M|
|poke|p1|Deoxys-Speed|
|poke|p1|Garchomp, F|
|poke|p2|Pelipper, M|
|poke|p2|Blastoise, F|
|poke|p2|Kilowattrel, M|
|poke|p2|Goodra, F|
|poke|p2|Barraskewda, F|
|poke|p2|Toxicroak, M|
|teampreview
|inactive|Battle timer is ON: inactive players will automatically lose when time's up. (requested by lemonsilverhaze)
|inactive|Koutn21 also wants the timer to be on.
|
|t:|1760335242
|teamsize|p1|6
|teamsize|p2|6
|start
|switch|p1a: Deoxys|Deoxys-Speed|100/100
|switch|p2a: Poseidon|Pelipper, M|100/100
|-ability|p1a: Deoxys|Pressure
|-weather|RainDance|[from] ability: Drizzle|[of] p2a: Poseidon
|turn|1
|
|t:|1760335251
|switch|p2a: Leonardo|Blastoise, F|100/100
|move|p1a: Deoxys|Stealth Rock|p2a: Leonardo
|-sidestart|p2: lemonsilverhaze|move: Stealth Rock
|
|-weather|RainDance|[upkeep]
|upkeep
|turn|2
|inactive|Koutn21 has 120 seconds left.
|
|t:|1760335282
|move|p1a: Deoxys|Superpower|p2a: Leonardo
|-damage|p2a: Leonardo|77/100
|-unboost|p1a: Deoxys|atk|1
|-unboost|p1a: Deoxys|def|1
|move|p2a: Leonardo|Rapid Spin|p1a: Deoxys
|-damage|p1a: Deoxys|85/100
|-boost|p2a: Leonardo|spe|1
|-sideend|p2: lemonsilverhaze|Stealth Rock|[from] move: Rapid Spin|[of] p2a: Leonardo
|
|-weather|RainDance|[upkeep]
|-heal|p2a: Leonardo|83/100|[from] ability: Rain Dish
|-heal|p2a: Leonardo|89/100|[from] item: Leftovers
|upkeep
|turn|3
|inactive|Koutn21 has 120 seconds left.
|
|t:|1760335296
|move|p1a: Deoxys|Knock Off|p2a: Leonardo
|-damage|p2a: Leonardo|78/100
|-enditem|p2a: Leonardo|Leftovers|[from] move: Knock Off|[of] p1a: Deoxys
|move|p2a: Leonardo|Flip Turn|p1a: Deoxys
|-crit|p1a: Deoxys
|-damage|p1a: Deoxys|28/100
|
|t:|1760335303
|switch|p2a: Jaws|Barraskewda, F|100/100|[from] Flip Turn
|
|-weather|RainDance|[upkeep]
|upkeep
|turn|4
|
|t:|1760335310
|-terastallize|p2a: Jaws|Water
|move|p2a: Jaws|Flip Turn|p1a: Deoxys
|-damage|p1a: Deoxys|0 fnt
|faint|p1a: Deoxys
|
|t:|1760335317
|switch|p2a: Leonardo|Blastoise, F|78/100|[from] Flip Turn
|
|-weather|RainDance|[upkeep]
|-heal|p2a: Leonardo|84/100|[from] ability: Rain Dish
|upkeep
|
|t:|1760335329
|switch|p1a: Primarina|Primarina, M|100/100
|turn|5
|
|t:|1760335335
|move|p1a: Primarina|Calm Mind|p1a: Primarina
|-boost|p1a: Primarina|spa|1
|-boost|p1a: Primarina|spd|1
|move|p2a: Leonardo|Flip Turn|p1a: Primarina
|-resisted|p1a: Primarina
|-damage|p1a: Primarina|84/100
|
|t:|1760335341
|switch|p2a: Zeus|Kilowattrel, M|100/100|[from] Flip Turn
|
|-weather|RainDance|[upkeep]
|-heal|p1a: Primarina|90/100|[from] item: Leftovers
|upkeep
|turn|6
|
|t:|1760335352
|-terastallize|p1a: Primarina|Steel
|move|p2a: Zeus|Volt Switch|p1a: Primarina
|-damage|p1a: Primarina|69/100
|
|t:|1760335358
|switch|p2a: Leonardo|Blastoise, F|84/100|[from] Volt Switch
|move|p1a: Primarina|Calm Mind|p1a: Primarina
|-boost|p1a: Primarina|spa|1
|-boost|p1a: Primarina|spd|1
|
|-weather|RainDance|[upkeep]
|-heal|p2a: Leonardo|90/100|[from] ability: Rain Dish
|-heal|p1a: Primarina|76/100|[from] item: Leftovers
|upkeep
|turn|7
|
|t:|1760335371
|move|p1a: Primarina|Substitute|p1a: Primarina
|-start|p1a: Primarina|Substitute
|-damage|p1a: Primarina|51/100
|move|p2a: Leonardo|Flip Turn|p1a: Primarina
|-end|p1a: Primarina|Substitute
|
|t:|1760335376
|switch|p2a: Jaws|Barraskewda, F, tera:Water|100/100|[from] Flip Turn
|
|-weather|RainDance|[upkeep]
|-heal|p1a: Primarina|57/100|[from] item: Leftovers
|upkeep
|turn|8
|
|t:|1760335384
|move|p2a: Jaws|Flip Turn|p1a: Primarina
|-damage|p1a: Primarina|0 fnt
|faint|p1a: Primarina
|
|t:|1760335388
|switch|p2a: Leonardo|Blastoise, F|90/100|[from] Flip Turn
|
|-weather|none
|upkeep
|
|t:|1760335399
|switch|p1a: Meowscarada|Meowscarada, F|100/100
|turn|9
|
|t:|1760335404
|move|p1a: Meowscarada|Flower Trick|p2a: Leonardo
|-start|p1a: Meowscarada|typechange|Grass|[from] ability: Protean
|-supereffective|p2a: Leonardo
|-crit|p2a: Leonardo
|-damage|p2a: Leonardo|10/100
|move|p2a: Leonardo|Flip Turn|p1a: Meowscarada
|-resisted|p1a: Meowscarada
|-damage|p1a: Meowscarada|87/100
|
|t:|1760335414
|switch|p2a: Poseidon|Pelipper, M|100/100|[from] Flip Turn
|-weather|RainDance|[from] ability: Drizzle|[of] p2a: Poseidon
|
|-weather|RainDance|[upkeep]
|upkeep
|turn|10
|
|t:|1760335423
|switch|p2a: Littlefoot|Goodra, F|100/100
|move|p1a: Meowscarada|Flower Trick|p2a: Littlefoot
|-resisted|p2a: Littlefoot
|-crit|p2a: Littlefoot
|-damage|p2a: Littlefoot|81/100
|
|-weather|RainDance|[upkeep]
|upkeep
|turn|11
|
|t:|1760335437
|move|p1a: Meowscarada|Triple Axel|p2a: Littlefoot
|-supereffective|p2a: Littlefoot
|-damage|p2a: Littlefoot|71/100
|-damage|p1a: Meowscarada|70/100|[from] item: Rocky Helmet|[of] p2a: Littlefoot
|-supereffective|p2a: Littlefoot
|-damage|p2a: Littlefoot|50/100
|-damage|p1a: Meowscarada|54/100|[from] item: Rocky Helmet|[of] p2a: Littlefoot
|-supereffective|p2a: Littlefoot
|-damage|p2a: Littlefoot|17/100
|-damage|p1a: Meowscarada|37/100|[from] item: Rocky Helmet|[of] p2a: Littlefoot
|-hitcount|p2a: Littlefoot|3
|move|p2a: Littlefoot|Rest|p2a: Littlefoot
|-status|p2a: Littlefoot|slp|[from] move: Rest
|-heal|p2a: Littlefoot|100/100 slp|[silent]
|
|-weather|RainDance|[upkeep]
|-activate|p2a: Littlefoot|ability: Hydration
|-curestatus|p2a: Littlefoot|slp|[msg]
|upkeep
|turn|12
|-message|Koutn21 forfeited.
|
|win|lemonsilverhaze
|raw|Koutn21's rating: 1143 &rarr; <strong>1119</strong><br />(-24 for losing)
|raw|lemonsilverhaze's rating: 1150 &rarr; <strong>1174</strong><br />(+24 for winning)
|l|☆Koutn21
|player|p1|
|c|☆lemonsilverhaze|Gg
|l|☆lemonsilverhaze
|player|p2|
