|j|☆kurobots
|j|☆great_expectations
|t:|1760439608
|gametype|singles
|player|p1|kurobots|ghetsis-gen5bw|1649
|player|p2|great_expectations|sonia|1676
|gen|9
|tier|[Gen 9] OU
|rated|
|rule|HP Percentage Mod: HP is shown in percentages
|rule|Endless Battle Clause: Forcing endless battles is banned
|rule|Species Clause: Limit one of each Pokémon
|rule|OHKO Clause: OHKO moves are banned
|rule|Evasion Items Clause: Evasion items are banned
|rule|Evasion Moves Clause: Evasion moves are banned
|rule|Evasion Abilities Clause: Evasion abilities are banned
|rule|Sleep Moves Clause: Sleep-inducing moves are banned
|clearpoke
|poke|p1|Skeledirge, F|
|poke|p1|Ogerpon-Wellspring, F|
|poke|p1|Dragapult, F|
|poke|p1|Weezing-Galar, M|
|poke|p1|Ting-Lu|
|poke|p1|Corviknight, F|
|poke|p2|Corviknight, F|
|poke|p2|Samurott-Hisui, M|
|poke|p2|Latios, M|
|poke|p2|Iron Valiant|
|poke|p2|Clodsire, M|
|poke|p2|Rillaboom, F|
|teampreview
|inactive|Battle timer is ON: inactive players will automatically lose when time's up. (requested by kurobots)
|
|t:|1760439619
|teamsize|p1|6
|teamsize|p2|6
|start
|switch|p1a: Corviknight|Corviknight, F|100/100
|switch|p2a: Latios|Latios, M|100/100
|-ability|p1a: Corviknight|Pressure
|turn|1
|
|t:|1760439622
|move|p2a: Latios|Trick|p1a: Corviknight
|-activate|p2a: Latios|move: Trick|[of] p1a: Corviknight
|-item|p1a: Corviknight|Choice Specs|[from] move: Trick
|-item|p2a: Latios|Rocky Helmet|[from] move: Trick
|move|p1a: Corviknight|U-turn|p2a: Latios
|-supereffective|p2a: Latios
|-damage|p2a: Latios|62/100
|-damage|p1a: Corviknight|84/100|[from] item: Rocky Helmet|[of] p2a: Latios
|
|t:|1760439629
|switch|p1a: Dragapult|Dragapult, F|100/100|[from] U-turn
|
|upkeep
|turn|2
|
|t:|1760439631
|switch|p2a: Corviknight|Corviknight, F|100/100
|-ability|p2a: Corviknight|Pressure
|move|p1a: Dragapult|U-turn|p2a: Corviknight
|-resisted|p2a: Corviknight
|-damage|p2a: Corviknight|98/100
|
|t:|1760439640
|switch|p1a: Weezing|Weezing-Galar, M|100/100|[from] U-turn
|-ability|p1a: Weezing|Neutralizing Gas
|
|-heal|p2a: Corviknight|100/100|[from] item: Leftovers
|upkeep
|turn|3
|
|t:|1760439643
|move|p1a: Weezing|Will-O-Wisp|p2a: Corviknight
|-status|p2a: Corviknight|brn
|move|p2a: Corviknight|Iron Head|p1a: Weezing
|-supereffective|p1a: Weezing
|-damage|p1a: Weezing|82/100
|
|-damage|p2a: Corviknight|94/100 brn|[from] brn
|upkeep
|turn|4
|
|t:|1760439652
|-end|p1a: Weezing|ability: Neutralizing Gas
|-ability|p2a: Corviknight|Pressure
|switch|p1a: Corviknight|Corviknight, F|84/100
|-ability|p1a: Corviknight|Pressure
|move|p2a: Corviknight|U-turn|p1a: Corviknight
|-resisted|p1a: Corviknight
|-damage|p1a: Corviknight|83/100
|
|t:|1760439663
|switch|p2a: Latios|Latios, M|62/100|[from] U-turn
|
|upkeep
|turn|5
|
|t:|1760439671
|move|p2a: Latios|Luster Purge|p1a: Corviknight
|-resisted|p1a: Corviknight
|-damage|p1a: Corviknight|59/100
|move|p1a: Corviknight|U-turn|p2a: Latios
|-supereffective|p2a: Latios
|-damage|p2a: Latios|21/100
|-damage|p1a: Corviknight|43/100|[from] item: Rocky Helmet|[of] p2a: Latios
|
|t:|1760439678
|switch|p1a: Dragapult|Dragapult, F|100/100|[from] U-turn
|
|upkeep
|turn|6
|
|t:|1760439685
|switch|p2a: Corviknight|Corviknight, F|94/100 brn
|-ability|p2a: Corviknight|Pressure
|move|p1a: Dragapult|U-turn|p2a: Corviknight
|-resisted|p2a: Corviknight
|-damage|p2a: Corviknight|92/100 brn
|
|t:|1760439688
|switch|p1a: Ogerpon|Ogerpon-Wellspring, F|100/100|[from] U-turn
|
|-heal|p2a: Corviknight|98/100 brn|[from] item: Leftovers
|-damage|p2a: Corviknight|92/100 brn|[from] brn
|upkeep
|turn|7
|
|t:|1760439692
|move|p1a: Ogerpon|Spikes|p2a: Corviknight
|-sidestart|p2: great_expectations|Spikes
|move|p2a: Corviknight|U-turn|p1a: Ogerpon
|-supereffective|p1a: Ogerpon
|-damage|p1a: Ogerpon|83/100
|
|t:|1760439706
|switch|p2a: Clodsire|Clodsire, M|100/100|[from] U-turn
|-damage|p2a: Clodsire|88/100|[from] Spikes
|
|-heal|p2a: Clodsire|94/100|[from] item: Black Sludge
|upkeep
|turn|8
|
|t:|1760439727
|switch|p1a: Ting-Lu|Ting-Lu, shiny|100/100
|-ability|p1a: Ting-Lu|Vessel of Ruin
|move|p2a: Clodsire|Toxic|p1a: Ting-Lu
|-status|p1a: Ting-Lu|tox
|
|-heal|p2a: Clodsire|100/100|[from] item: Black Sludge
|-damage|p1a: Ting-Lu|94/100 tox|[from] psn
|upkeep
|turn|9
|
|t:|1760439739
|switch|p2a: Corviknight|Corviknight, F|92/100 brn
|-ability|p2a: Corviknight|Pressure
|move|p1a: Ting-Lu|Stealth Rock|p2a: Corviknight
|-sidestart|p2: great_expectations|move: Stealth Rock
|
|-heal|p2a: Corviknight|98/100 brn|[from] item: Leftovers
|-heal|p1a: Ting-Lu|100/100 tox|[from] item: Leftovers
|-damage|p1a: Ting-Lu|88/100 tox|[from] psn
|-damage|p2a: Corviknight|92/100 brn|[from] brn
|upkeep
|turn|10
|
|t:|1760439743
|switch|p1a: Dragapult|Dragapult, F|100/100
|move|p2a: Corviknight|Defog|p1a: Dragapult
|-unboost|p1a: Dragapult|evasion|1
|-sideend|p2: great_expectations|Spikes|[from] move: Defog|[of] p2a: Corviknight
|-sideend|p2: great_expectations|Stealth Rock|[from] move: Defog|[of] p2a: Corviknight
|
|-heal|p2a: Corviknight|98/100 brn|[from] item: Leftovers
|-damage|p2a: Corviknight|92/100 brn|[from] brn
|upkeep
|turn|11
|
|t:|1760439749
|move|p1a: Dragapult|Hex|p2a: Corviknight
|-damage|p2a: Corviknight|6/100 brn
|move|p2a: Corviknight|U-turn|p1a: Dragapult
|-resisted|p1a: Dragapult
|-damage|p1a: Dragapult|95/100
|
|t:|1760439756
|switch|p2a: Clodsire|Clodsire, M|100/100|[from] U-turn
|
|upkeep
|turn|12
|
|t:|1760439760
|switch|p1a: Ting-Lu|Ting-Lu, shiny|88/100 tox
|-ability|p1a: Ting-Lu|Vessel of Ruin
|move|p2a: Clodsire|Stealth Rock|p1a: Ting-Lu
|-sidestart|p1: kurobots|move: Stealth Rock
|
|-heal|p1a: Ting-Lu|94/100 tox|[from] item: Leftovers
|-damage|p1a: Ting-Lu|88/100 tox|[from] psn
|upkeep
|turn|13
|
|t:|1760439765
|switch|p2a: Corviknight|Corviknight, F|6/100 brn
|-ability|p2a: Corviknight|Pressure
|move|p1a: Ting-Lu|Stealth Rock|p2a: Corviknight
|-sidestart|p2: great_expectations|move: Stealth Rock
|
|-heal|p2a: Corviknight|12/100 brn|[from] item: Leftovers
|-heal|p1a: Ting-Lu|94/100 tox|[from] item: Leftovers
|-damage|p1a: Ting-Lu|82/100 tox|[from] psn
|-damage|p2a: Corviknight|6/100 brn|[from] brn
|upkeep
|turn|14
|
|t:|1760439772
|move|p2a: Corviknight|Roost|p2a: Corviknight
|-heal|p2a: Corviknight|56/100 brn
|-singleturn|p2a: Corviknight|move: Roost
|move|p1a: Ting-Lu|Earthquake|p2a: Corviknight
|-supereffective|p2a: Corviknight
|-damage|p2a: Corviknight|6/100 brn
|
|-heal|p2a: Corviknight|13/100 brn|[from] item: Leftovers
|-heal|p1a: Ting-Lu|88/100 tox|[from] item: Leftovers
|-damage|p1a: Ting-Lu|69/100 tox|[from] psn
|-damage|p2a: Corviknight|6/100 brn|[from] brn
|upkeep
|turn|15
|
|t:|1760439777
|switch|p1a: Ogerpon|Ogerpon-Wellspring, F|83/100
|-damage|p1a: Ogerpon|71/100|[from] Stealth Rock
|move|p2a: Corviknight|Roost|p2a: Corviknight
|-heal|p2a: Corviknight|56/100 brn
|-singleturn|p2a: Corviknight|move: Roost
|
|-heal|p2a: Corviknight|63/100 brn|[from] item: Leftovers
|-damage|p2a: Corviknight|56/100 brn|[from] brn
|upkeep
|turn|16
|
|t:|1760439783
|move|p1a: Ogerpon|Spikes|p2a: Corviknight
|-sidestart|p2: great_expectations|Spikes
|move|p2a: Corviknight|Roost|p2a: Corviknight
|-heal|p2a: Corviknight|100/100 brn
|-singleturn|p2a: Corviknight|move: Roost
|
|-damage|p2a: Corviknight|94/100 brn|[from] brn
|upkeep
|turn|17
|
|t:|1760439786
|move|p1a: Ogerpon|Knock Off|p2a: Corviknight
|-damage|p2a: Corviknight|71/100 brn
|-enditem|p2a: Corviknight|Leftovers|[from] move: Knock Off|[of] p1a: Ogerpon
|move|p2a: Corviknight|Defog|p1a: Ogerpon
|-unboost|p1a: Ogerpon|evasion|1
|-sideend|p1: kurobots|Stealth Rock|[from] move: Defog|[of] p2a: Corviknight
|-sideend|p2: great_expectations|Spikes|[from] move: Defog|[of] p2a: Corviknight
|-sideend|p2: great_expectations|Stealth Rock|[from] move: Defog|[of] p2a: Corviknight
|
|-damage|p2a: Corviknight|65/100 brn|[from] brn
|upkeep
|turn|18
|
|t:|1760439789
|move|p1a: Ogerpon|Ivy Cudgel|p2a: Corviknight|[anim] Ivy Cudgel Water
|-damage|p2a: Corviknight|34/100 brn
|move|p2a: Corviknight|Roost|p2a: Corviknight
|-heal|p2a: Corviknight|84/100 brn
|-singleturn|p2a: Corviknight|move: Roost
|
|-damage|p2a: Corviknight|78/100 brn|[from] brn
|upkeep
|turn|19
|
|t:|1760439794
|move|p1a: Ogerpon|Spikes|p2a: Corviknight
|-sidestart|p2: great_expectations|Spikes
|move|p2a: Corviknight|Roost|p2a: Corviknight
|-heal|p2a: Corviknight|100/100 brn
|-singleturn|p2a: Corviknight|move: Roost
|
|-damage|p2a: Corviknight|94/100 brn|[from] brn
|upkeep
|turn|20
|
|t:|1760439799
|move|p1a: Ogerpon|Ivy Cudgel|p2a: Corviknight|[anim] Ivy Cudgel Water
|-damage|p2a: Corviknight|59/100 brn
|move|p2a: Corviknight|Defog|p1a: Ogerpon
|-unboost|p1a: Ogerpon|evasion|1
|-sideend|p2: great_expectations|Spikes|[from] move: Defog|[of] p2a: Corviknight
|
|-damage|p2a: Corviknight|53/100 brn|[from] brn
|upkeep
|turn|21
|
|t:|1760439805
|move|p1a: Ogerpon|Ivy Cudgel|p2a: Corviknight|[anim] Ivy Cudgel Water
|-damage|p2a: Corviknight|17/100 brn
|move|p2a: Corviknight|U-turn|p1a: Ogerpon
|-supereffective|p1a: Ogerpon
|-damage|p1a: Ogerpon|53/100
|
|t:|1760439812
|switch|p2a: Rillaboom|Rillaboom, F|100/100|[from] U-turn
|-fieldstart|move: Grassy Terrain|[from] ability: Grassy Surge|[of] p2a: Rillaboom
|
|-heal|p1a: Ogerpon|59/100|[from] Grassy Terrain
|upkeep
|turn|22
|
|t:|1760439819
|switch|p1a: Corviknight|Corviknight, F|43/100
|-ability|p1a: Corviknight|Pressure
|move|p2a: Rillaboom|U-turn|p1a: Corviknight
|-resisted|p1a: Corviknight
|-damage|p1a: Corviknight|37/100
|
|t:|1760439825
|switch|p2a: Iron Valiant|Iron Valiant|100/100|[from] U-turn
|-enditem|p2a: Iron Valiant|Booster Energy
|-activate|p2a: Iron Valiant|ability: Quark Drive|[fromitem]
|-start|p2a: Iron Valiant|quarkdrivespe
|
|upkeep
|turn|23
|
|t:|1760439828
|move|p2a: Iron Valiant|Thunderbolt|p1a: Corviknight
|-supereffective|p1a: Corviknight
|-damage|p1a: Corviknight|0 fnt
|faint|p1a: Corviknight
|
|upkeep
|
|t:|1760439836
|switch|p1a: Skeledirge|Skeledirge, F|100/100
|turn|24
|
|t:|1760439841
|-end|p2a: Iron Valiant|Quark Drive|[silent]
|switch|p2a: Clodsire|Clodsire, M|100/100
|move|p1a: Skeledirge|Torch Song|p2a: Clodsire
|-crit|p2a: Clodsire
|-damage|p2a: Clodsire|76/100
|-boost|p1a: Skeledirge|spa|1
|
|-heal|p2a: Clodsire|82/100|[from] Grassy Terrain
|-heal|p2a: Clodsire|88/100|[from] item: Black Sludge
|upkeep
|turn|25
|
|t:|1760439853
|switch|p1a: Ting-Lu|Ting-Lu, shiny|69/100 tox
|-ability|p1a: Ting-Lu|Vessel of Ruin
|move|p2a: Clodsire|Stealth Rock|p1a: Ting-Lu
|-sidestart|p1: kurobots|move: Stealth Rock
|
|-heal|p1a: Ting-Lu|76/100 tox|[from] Grassy Terrain
|-heal|p1a: Ting-Lu|82/100 tox|[from] item: Leftovers
|-heal|p2a: Clodsire|95/100|[from] Grassy Terrain
|-heal|p2a: Clodsire|100/100|[from] item: Black Sludge
|-damage|p1a: Ting-Lu|76/100 tox|[from] psn
|-fieldend|move: Grassy Terrain
|upkeep
|turn|26
|
|t:|1760439861
|switch|p2a: Rillaboom|Rillaboom, F|100/100
|-fieldstart|move: Grassy Terrain|[from] ability: Grassy Surge|[of] p2a: Rillaboom
|move|p1a: Ting-Lu|Stealth Rock|p2a: Rillaboom
|-sidestart|p2: great_expectations|move: Stealth Rock
|
|-heal|p1a: Ting-Lu|82/100 tox|[from] Grassy Terrain
|-heal|p1a: Ting-Lu|88/100 tox|[from] item: Leftovers
|-damage|p1a: Ting-Lu|76/100 tox|[from] psn
|upkeep
|turn|27
|
|t:|1760439869
|move|p2a: Rillaboom|Wood Hammer|p1a: Ting-Lu
|-supereffective|p1a: Ting-Lu
|-damage|p1a: Ting-Lu|0 fnt
|faint|p1a: Ting-Lu
|-damage|p2a: Rillaboom|63/100|[from] Recoil
|
|-heal|p2a: Rillaboom|69/100|[from] Grassy Terrain
|upkeep
|
|t:|1760439872
|switch|p1a: Dragapult|Dragapult, F|95/100
|-damage|p1a: Dragapult|83/100|[from] Stealth Rock
|turn|28
|
|t:|1760439877
|switch|p2a: Clodsire|Clodsire, M|100/100
|-damage|p2a: Clodsire|94/100|[from] Stealth Rock
|move|p1a: Dragapult|Shadow Ball|p2a: Clodsire
|-damage|p2a: Clodsire|65/100
|
|-heal|p1a: Dragapult|89/100|[from] Grassy Terrain
|-heal|p2a: Clodsire|71/100|[from] Grassy Terrain
|-heal|p2a: Clodsire|77/100|[from] item: Black Sludge
|upkeep
|turn|29
|
|t:|1760439889
|switch|p1a: Weezing|Weezing-Galar, M|82/100
|-ability|p1a: Weezing|Neutralizing Gas
|move|p2a: Clodsire|Toxic|p1a: Weezing
|-immune|p1a: Weezing
|
|-heal|p1a: Weezing|88/100|[from] Grassy Terrain
|-heal|p2a: Clodsire|83/100|[from] Grassy Terrain
|-heal|p2a: Clodsire|90/100|[from] item: Black Sludge
|upkeep
|turn|30
|
|t:|1760439894
|switch|p2a: Corviknight|Corviknight, F|17/100 brn
|-damage|p2a: Corviknight|5/100 brn|[from] Stealth Rock
|move|p1a: Weezing|Will-O-Wisp|p2a: Corviknight|[miss]
|-miss|p1a: Weezing|p2a: Corviknight
|
|-heal|p1a: Weezing|94/100|[from] Grassy Terrain
|-damage|p2a: Corviknight|0 fnt|[from] brn
|faint|p2a: Corviknight
|-fieldend|move: Grassy Terrain
|upkeep
|
|t:|1760439900
|switch|p2a: Latios|Latios, M|21/100
|-damage|p2a: Latios|8/100|[from] Stealth Rock
|turn|31
|
|t:|1760439910
|-end|p1a: Weezing|ability: Neutralizing Gas
|switch|p1a: Dragapult|Dragapult, F|89/100
|-damage|p1a: Dragapult|76/100|[from] Stealth Rock
|move|p2a: Latios|Luster Purge|p1a: Dragapult
|-damage|p1a: Dragapult|14/100
|
|upkeep
|turn|32
|
|t:|1760439918
|move|p1a: Dragapult|Shadow Ball|p2a: Latios
|-supereffective|p2a: Latios
|-damage|p2a: Latios|0 fnt
|faint|p2a: Latios
|
|upkeep
|
|t:|1760439921
|switch|p2a: Samurott|Samurott-Hisui, M|100/100
|-damage|p2a: Samurott|88/100|[from] Stealth Rock
|turn|33
|
|t:|1760439925
|switch|p1a: Weezing|Weezing-Galar, M|94/100
|-ability|p1a: Weezing|Neutralizing Gas
|move|p2a: Samurott|Ceaseless Edge|p1a: Weezing
|-resisted|p1a: Weezing
|-damage|p1a: Weezing|83/100
|-sidestart|p1: kurobots|Spikes
|
|upkeep
|turn|34
|
|t:|1760439946
|switch|p2a: Clodsire|Clodsire, M|90/100
|-damage|p2a: Clodsire|83/100|[from] Stealth Rock
|move|p1a: Weezing|Will-O-Wisp|p2a: Clodsire|[miss]
|-miss|p1a: Weezing|p2a: Clodsire
|
|-heal|p2a: Clodsire|90/100|[from] item: Black Sludge
|upkeep
|turn|35
|
|t:|1760439950
|move|p1a: Weezing|Will-O-Wisp|p2a: Clodsire
|-status|p2a: Clodsire|brn
|move|p2a: Clodsire|Earthquake|p1a: Weezing
|-supereffective|p1a: Weezing
|-damage|p1a: Weezing|61/100
|
|-heal|p2a: Clodsire|96/100 brn|[from] item: Black Sludge
|-damage|p2a: Clodsire|90/100 brn|[from] brn
|upkeep
|turn|36
|
|t:|1760439954
|move|p1a: Weezing|Defog|p2a: Clodsire
|-unboost|p2a: Clodsire|evasion|1
|-sideend|p2: great_expectations|Stealth Rock|[from] move: Defog|[of] p1a: Weezing
|-sideend|p1: kurobots|Spikes|[from] move: Defog|[of] p1a: Weezing
|-sideend|p1: kurobots|Stealth Rock|[from] move: Defog|[of] p1a: Weezing
|move|p2a: Clodsire|Earthquake|p1a: Weezing
|-supereffective|p1a: Weezing
|-damage|p1a: Weezing|40/100
|
|-heal|p2a: Clodsire|96/100 brn|[from] item: Black Sludge
|-damage|p2a: Clodsire|90/100 brn|[from] brn
|upkeep
|turn|37
|
|t:|1760439957
|move|p1a: Weezing|Pain Split|p2a: Clodsire
|-sethp|p2a: Clodsire|59/100 brn|[from] move: Pain Split|[silent]
|-sethp|p1a: Weezing|82/100|[from] move: Pain Split
|move|p2a: Clodsire|Earthquake|p1a: Weezing
|-supereffective|p1a: Weezing
|-damage|p1a: Weezing|60/100
|
|-heal|p2a: Clodsire|65/100 brn|[from] item: Black Sludge
|-damage|p2a: Clodsire|59/100 brn|[from] brn
|upkeep
|turn|38
|
|t:|1760439966
|move|p1a: Weezing|Sludge Bomb|p2a: Clodsire
|-resisted|p2a: Clodsire
|-damage|p2a: Clodsire|55/100 brn
|move|p2a: Clodsire|Toxic|p1a: Weezing
|-immune|p1a: Weezing
|
|-heal|p2a: Clodsire|61/100 brn|[from] item: Black Sludge
|-damage|p2a: Clodsire|55/100 brn|[from] brn
|upkeep
|turn|39
|
|t:|1760439986
|-end|p1a: Weezing|ability: Neutralizing Gas
|switch|p1a: Ogerpon|Ogerpon-Wellspring, F|59/100
|move|p2a: Clodsire|Toxic|p1a: Ogerpon
|-status|p1a: Ogerpon|tox
|
|-heal|p2a: Clodsire|61/100 brn|[from] item: Black Sludge
|-damage|p1a: Ogerpon|53/100 tox|[from] psn
|-damage|p2a: Clodsire|55/100 brn|[from] brn
|upkeep
|turn|40
|
|t:|1760439995
|move|p1a: Ogerpon|Knock Off|p2a: Clodsire
|-damage|p2a: Clodsire|19/100 brn
|-enditem|p2a: Clodsire|Black Sludge|[from] move: Knock Off|[of] p1a: Ogerpon
|move|p2a: Clodsire|Stealth Rock|p1a: Ogerpon
|-sidestart|p1: kurobots|move: Stealth Rock
|
|-damage|p1a: Ogerpon|41/100 tox|[from] psn
|-damage|p2a: Clodsire|12/100 brn|[from] brn
|upkeep
|turn|41
|
|t:|1760440003
|move|p1a: Ogerpon|Knock Off|p2a: Clodsire
|-damage|p2a: Clodsire|0 fnt
|faint|p2a: Clodsire
|
|-damage|p1a: Ogerpon|22/100 tox|[from] psn
|upkeep
|
|t:|1760440005
|switch|p2a: Rillaboom|Rillaboom, F|69/100
|-fieldstart|move: Grassy Terrain|[from] ability: Grassy Surge|[of] p2a: Rillaboom
|turn|42
|
|t:|1760440019
|move|p2a: Rillaboom|Grassy Glide|p1a: Ogerpon
|-damage|p1a: Ogerpon|0 fnt
|faint|p1a: Ogerpon
|
|-heal|p2a: Rillaboom|76/100|[from] Grassy Terrain
|upkeep
|
|t:|1760440021
|switch|p1a: Weezing|Weezing-Galar, M|60/100
|-ability|p1a: Weezing|Neutralizing Gas
|turn|43
|
|t:|1760440030
|switch|p2a: Iron Valiant|Iron Valiant|100/100
|move|p1a: Weezing|Sludge Bomb|p2a: Iron Valiant
|-supereffective|p2a: Iron Valiant
|-damage|p2a: Iron Valiant|0 fnt
|faint|p2a: Iron Valiant
|-end|p2a: Iron Valiant|Quark Drive|[silent]
|
|-heal|p1a: Weezing|66/100|[from] Grassy Terrain
|upkeep
|
|t:|1760440032
|switch|p2a: Samurott|Samurott-Hisui, M|88/100
|turn|44
|
|t:|1760440034
|move|p2a: Samurott|Aqua Cutter|p1a: Weezing
|-damage|p1a: Weezing|42/100
|move|p1a: Weezing|Will-O-Wisp|p2a: Samurott
|-status|p2a: Samurott|brn
|
|-heal|p2a: Samurott|94/100 brn|[from] Grassy Terrain
|-heal|p1a: Weezing|48/100|[from] Grassy Terrain
|-damage|p2a: Samurott|88/100 brn|[from] brn
|upkeep
|turn|45
|
|t:|1760440039
|move|p2a: Samurott|Aqua Cutter|p1a: Weezing
|-damage|p1a: Weezing|36/100
|move|p1a: Weezing|Defog|p2a: Samurott
|-unboost|p2a: Samurott|evasion|1
|-sideend|p1: kurobots|Stealth Rock|[from] move: Defog|[of] p1a: Weezing
|-fieldend|move: Grassy Terrain
|
|-damage|p2a: Samurott|82/100 brn|[from] brn
|upkeep
|turn|46
|
|t:|1760440042
|move|p2a: Samurott|Aqua Cutter|p1a: Weezing
|-damage|p1a: Weezing|23/100
|move|p1a: Weezing|Pain Split|p2a: Samurott
|-sethp|p2a: Samurott|53/100 brn|[from] move: Pain Split|[silent]
|-sethp|p1a: Weezing|51/100|[from] move: Pain Split
|
|-damage|p2a: Samurott|47/100 brn|[from] brn
|upkeep
|turn|47
|
|t:|1760440045
|move|p2a: Samurott|Aqua Cutter|p1a: Weezing
|-damage|p1a: Weezing|39/100
|move|p1a: Weezing|Sludge Bomb|p2a: Samurott
|-damage|p2a: Samurott|5/100 brn
|
|-damage|p2a: Samurott|0 fnt|[from] brn
|faint|p2a: Samurott
|upkeep
|
|t:|1760440049
|switch|p2a: Rillaboom|Rillaboom, F|76/100
|turn|48
|
|t:|1760440055
|-terastallize|p2a: Rillaboom|Grass
|move|p2a: Rillaboom|Grassy Glide|p1a: Weezing
|-resisted|p1a: Weezing
|-damage|p1a: Weezing|12/100
|move|p1a: Weezing|Sludge Bomb|p2a: Rillaboom
|-supereffective|p2a: Rillaboom
|-damage|p2a: Rillaboom|1/100
|
|upkeep
|turn|49
|
|t:|1760440061
|move|p2a: Rillaboom|Grassy Glide|p1a: Weezing
|-resisted|p1a: Weezing
|-damage|p1a: Weezing|0 fnt
|faint|p1a: Weezing
|-end|p1a: Weezing|ability: Neutralizing Gas
|-fieldstart|move: Grassy Terrain|[from] ability: Grassy Surge|[of] p2a: Rillaboom
|
|-heal|p2a: Rillaboom|7/100|[from] Grassy Terrain
|upkeep
|
|t:|1760440064
|switch|p1a: Skeledirge|Skeledirge, F|100/100
|turn|50
|
|t:|1760440067
|move|p2a: Rillaboom|Grassy Glide|p1a: Skeledirge
|-resisted|p1a: Skeledirge
|-damage|p1a: Skeledirge|66/100
|move|p1a: Skeledirge|Torch Song|p2a: Rillaboom
|-supereffective|p2a: Rillaboom
|-damage|p2a: Rillaboom|0 fnt
|-boost|p1a: Skeledirge|spa|1
|faint|p2a: Rillaboom
|
|win|kurobots
|raw|kurobots's rating: 1649 &rarr; <strong>1671</strong><br />(+22 for winning)
|raw|great_expectations's rating: 1676 &rarr; <strong>1654</strong><br />(-22 for losing)
|l|☆great_expectations
|player|p2|
|c|☆kurobots|gg
|l|☆kurobots
|player|p1|
