|j|☆v1rtuegam1ng
|j|☆sathat
|t:|1760344511
|gametype|singles
|player|p1|v1rtuegam1ng|1|1291
|player|p2|sathat|colress|1290
|gen|9
|tier|[Gen 9] OU
|rated|
|rule|HP Percentage Mod: HP is shown in percentages
|rule|Endless Battle Clause: Forcing endless battles is banned
|rule|Species Clause: Limit one of each Pokémon
|rule|OHKO Clause: OHKO moves are banned
|rule|Evasion Items Clause: Evasion items are banned
|rule|Evasion Moves Clause: Evasion moves are banned
|rule|Evasion Abilities Clause: Evasion abilities are banned
|rule|Sleep Moves Clause: Sleep-inducing moves are banned
|clearpoke
|poke|p1|Metagross|
|poke|p1|Azelf|
|poke|p1|Garganacl, M|
|poke|p1|Golem, F|
|poke|p1|Iron Valiant|
|poke|p1|Volcanion|
|poke|p2|Cinderace, M|
|poke|p2|Corviknight, F|
|poke|p2|Garchomp, M|
|poke|p2|Ogerpon-Wellspring, F|
|poke|p2|Grimmsnarl, M|
|poke|p2|Latias, F|
|teampreview
|inactive|Battle timer is ON: inactive players will automatically lose when time's up. (requested by sathat)
|
|t:|1760344521
|teamsize|p1|6
|teamsize|p2|6
|start
|switch|p1a: Boomstick|Volcanion|100/100
|switch|p2a: Grimmsnarl|Grimmsnarl, M|100/100
|turn|1
|
|t:|1760344530
|move|p2a: Grimmsnarl|Taunt|p1a: Boomstick
|-start|p1a: Boomstick|move: Taunt
|move|p1a: Boomstick|Flamethrower|p2a: Grimmsnarl
|-damage|p2a: Grimmsnarl|52/100
|
|-heal|p2a: Grimmsnarl|58/100|[from] item: Leftovers
|upkeep
|turn|2
|
|t:|1760344535
|move|p2a: Grimmsnarl|Thunder Wave|p1a: Boomstick|[miss]
|-miss|p2a: Grimmsnarl|p1a: Boomstick
|move|p1a: Boomstick|Steam Eruption|p2a: Grimmsnarl
|-damage|p2a: Grimmsnarl|0 fnt
|faint|p2a: Grimmsnarl
|
|upkeep
|
|t:|1760344541
|switch|p2a: Latias|Latias, F|100/100
|turn|3
|
|t:|1760344548
|switch|p1a: TnT|Garganacl, M|100/100
|move|p2a: Latias|Calm Mind|p2a: Latias
|-boost|p2a: Latias|spa|1
|-boost|p2a: Latias|spd|1
|
|upkeep
|turn|4
|
|t:|1760344554
|move|p2a: Latias|Aura Sphere|p1a: TnT
|-supereffective|p1a: TnT
|-damage|p1a: TnT|44/100
|move|p1a: TnT|Salt Cure|p2a: Latias
|-damage|p2a: Latias|88/100
|-start|p2a: Latias|Salt Cure
|
|-heal|p2a: Latias|94/100|[from] item: Leftovers
|-heal|p1a: TnT|50/100|[from] item: Leftovers
|-damage|p2a: Latias|82/100|[from] Salt Cure
|upkeep
|turn|5
|
|t:|1760344574
|-terastallize|p1a: TnT|Ghost
|move|p2a: Latias|Aura Sphere|p1a: TnT
|-immune|p1a: TnT
|move|p1a: TnT|Recover|p1a: TnT
|-heal|p1a: TnT|99/100
|
|-heal|p2a: Latias|88/100|[from] item: Leftovers
|-heal|p1a: TnT|100/100|[from] item: Leftovers
|-damage|p2a: Latias|75/100|[from] Salt Cure
|upkeep
|turn|6
|
|t:|1760344588
|switch|p2a: Ogerpon|Ogerpon-Wellspring, F|100/100
|move|p1a: TnT|Protect||[still]
|-fail|p1a: TnT
|
|upkeep
|turn|7
|
|t:|1760344596
|move|p2a: Ogerpon|Swords Dance|p2a: Ogerpon
|-boost|p2a: Ogerpon|atk|2
|move|p1a: TnT|Salt Cure|p2a: Ogerpon
|-damage|p2a: Ogerpon|81/100
|-start|p2a: Ogerpon|Salt Cure
|
|-damage|p2a: Ogerpon|56/100|[from] Salt Cure
|upkeep
|turn|8
|
|t:|1760344608
|move|p1a: TnT|Protect|p1a: TnT
|-singleturn|p1a: TnT|Protect
|move|p2a: Ogerpon|Ivy Cudgel|p1a: TnT|[anim] Ivy Cudgel Water
|-activate|p1a: TnT|move: Protect
|
|-damage|p2a: Ogerpon|31/100|[from] Salt Cure
|upkeep
|turn|9
|
|t:|1760344616
|switch|p1a: Boomstick|Volcanion|100/100
|move|p2a: Ogerpon|Ivy Cudgel|p1a: Boomstick|[anim] Ivy Cudgel Water
|-immune|p1a: Boomstick|[from] ability: Water Absorb
|
|-damage|p2a: Ogerpon|6/100|[from] Salt Cure
|upkeep
|turn|10
|
|t:|1760344628
|move|p2a: Ogerpon|Trailblaze|p1a: Boomstick
|-damage|p1a: Boomstick|54/100
|-boost|p2a: Ogerpon|spe|1
|move|p1a: Boomstick|Flamethrower|p2a: Ogerpon
|-damage|p2a: Ogerpon|0 fnt
|faint|p2a: Ogerpon
|
|upkeep
|l|☆sathat
|inactive|sathat disconnected and has a minute to reconnect!
|player|p2|
|j|☆sathat
|inactive|sathat reconnected and has 125 seconds left.
|player|p2|sathat|colress|
|inactive|sathat has 120 seconds left.
|
|t:|1760344667
|switch|p2a: Garchomp|Garchomp, M|100/100
|turn|11
|
|t:|1760344677
|switch|p1a: Grenade|Azelf|100/100
|move|p2a: Garchomp|Earthquake|p1a: Grenade
|-immune|p1a: Grenade|[from] ability: Levitate
|
|upkeep
|turn|12
|
|t:|1760344688
|move|p1a: Grenade|Ice Punch|p2a: Garchomp
|-supereffective|p2a: Garchomp
|-damage|p2a: Garchomp|0 fnt
|-damage|p1a: Grenade|88/100|[from] ability: Rough Skin|[of] p2a: Garchomp
|faint|p2a: Garchomp
|-damage|p1a: Grenade|78/100|[from] item: Life Orb
|
|upkeep
|
|t:|1760344690
|switch|p2a: Corviknight|Corviknight, F, shiny|100/100
|-ability|p2a: Corviknight|Pressure
|turn|13
|-message|sathat forfeited.
|
|win|v1rtuegam1ng
|raw|v1rtuegam1ng's rating: 1291 &rarr; <strong>1316</strong><br />(+25 for winning)
|raw|sathat's rating: 1290 &rarr; <strong>1265</strong><br />(-25 for losing)
|l|☆sathat
|player|p2|
|l|☆v1rtuegam1ng
|player|p1|
