|j|☆DIGIWAYNE123
|j|☆Dizzydwarf99
|t:|1760366483
|gametype|singles
|player|p1|DIGIWAYNE123|swimmerf-gen4|1530
|player|p2|Dizzydwarf99|cheryl|1603
|gen|9
|tier|[Gen 9] OU
|rated|
|rule|HP Percentage Mod: HP is shown in percentages
|rule|Endless Battle Clause: Forcing endless battles is banned
|rule|Species Clause: Limit one of each Pokémon
|rule|OHKO Clause: OHKO moves are banned
|rule|Evasion Items Clause: Evasion items are banned
|rule|Evasion Moves Clause: Evasion moves are banned
|rule|Evasion Abilities Clause: Evasion abilities are banned
|rule|Sleep Moves Clause: Sleep-inducing moves are banned
|clearpoke
|poke|p1|Armarouge, F|
|poke|p1|Indeedee, M|
|poke|p1|Great Tusk|
|poke|p1|Hoopa-Unbound|
|poke|p1|Scream Tail|
|poke|p1|Drednaw, M|
|poke|p2|Volcanion|
|poke|p2|Chesnaught, M|
|poke|p2|Scream Tail|
|poke|p2|Latios, M|
|poke|p2|Great Tusk|
|poke|p2|Meowscarada, M|
|teampreview
|inactive|Battle timer is ON: inactive players will automatically lose when time's up. (requested by Dizzydwarf99)
|
|t:|1760366487
|teamsize|p1|6
|teamsize|p2|6
|start
|switch|p1a: Scream Tail|Scream Tail|100/100
|switch|p2a: Meowscarada|Meowscarada, M|100/100
|-enditem|p1a: Scream Tail|Booster Energy
|-activate|p1a: Scream Tail|ability: Protosynthesis|[fromitem]
|-start|p1a: Scream Tail|protosynthesisspe
|turn|1
|
|t:|1760366492
|switch|p2a: Volcanion|Volcanion|100/100
|move|p1a: Scream Tail|Thunder Wave|p2a: Volcanion
|-status|p2a: Volcanion|par
|
|upkeep
|turn|2
|
|t:|1760366494
|move|p1a: Scream Tail|Stealth Rock|p2a: Volcanion
|-sidestart|p2: Dizzydwarf99|move: Stealth Rock
|move|p2a: Volcanion|Sludge Wave|p1a: Scream Tail
|-supereffective|p1a: Scream Tail
|-damage|p1a: Scream Tail|56/100
|
|upkeep
|turn|3
|
|t:|1760366497
|move|p1a: Scream Tail|Wish|p1a: Scream Tail
|cant|p2a: Volcanion|par
|
|upkeep
|turn|4
|
|t:|1760366500
|-end|p1a: Scream Tail|Protosynthesis|[silent]
|switch|p1a: Hoopa|Hoopa-Unbound|100/100
|cant|p2a: Volcanion|par
|
|upkeep
|turn|5
|
|t:|1760366506
|move|p1a: Hoopa|Thunderbolt|p2a: Volcanion
|-supereffective|p2a: Volcanion
|-damage|p2a: Volcanion|50/100 par
|move|p2a: Volcanion|Steam Eruption|p1a: Hoopa
|-damage|p1a: Hoopa|73/100
|
|upkeep
|turn|6
|
|t:|1760366512
|switch|p2a: Great Tusk|Great Tusk|100/100
|move|p1a: Hoopa|Expanding Force|p2a: Great Tusk
|-supereffective|p2a: Great Tusk
|-damage|p2a: Great Tusk|0 fnt
|faint|p2a: Great Tusk
|-end|p2a: Great Tusk|Protosynthesis|[silent]
|
|upkeep
|
|t:|1760366515
|switch|p2a: Meowscarada|Meowscarada, M|100/100
|-damage|p2a: Meowscarada|88/100|[from] Stealth Rock
|turn|7
|
|t:|1760366517
|switch|p1a: Scream Tail|Scream Tail|56/100
|move|p2a: Meowscarada|U-turn|p1a: Scream Tail
|-start|p2a: Meowscarada|typechange|Bug|[from] ability: Protean
|-damage|p1a: Scream Tail|34/100
|
|t:|1760366525
|switch|p2a: Volcanion|Volcanion|50/100 par|[from] U-turn
|-damage|p2a: Volcanion|25/100 par|[from] Stealth Rock
|
|upkeep
|turn|8
|
|t:|1760366528
|move|p1a: Scream Tail|Wish|p1a: Scream Tail
|move|p2a: Volcanion|Sludge Wave|p1a: Scream Tail
|-supereffective|p1a: Scream Tail
|-damage|p1a: Scream Tail|0 fnt
|faint|p1a: Scream Tail
|-end|p1a: Scream Tail|Protosynthesis|[silent]
|
|upkeep
|
|t:|1760366530
|switch|p1a: Hoopa|Hoopa-Unbound|73/100
|turn|9
|
|t:|1760366535
|move|p1a: Hoopa|Drain Punch|p2a: Volcanion
|-damage|p2a: Volcanion|3/100 par
|-heal|p1a: Hoopa|84/100|[from] drain|[of] p2a: Volcanion
|cant|p2a: Volcanion|par
|
|-heal|p1a: Hoopa|100/100|[from] move: Wish|[wisher] Scream Tail
|upkeep
|turn|10
|
|t:|1760366542
|move|p1a: Hoopa|Thunderbolt|p2a: Volcanion
|-supereffective|p2a: Volcanion
|-damage|p2a: Volcanion|0 fnt
|faint|p2a: Volcanion
|
|upkeep
|
|t:|1760366544
|switch|p2a: Meowscarada|Meowscarada, M|88/100
|-damage|p2a: Meowscarada|76/100|[from] Stealth Rock
|turn|11
|
|t:|1760366549
|-terastallize|p1a: Hoopa|Fighting
|move|p2a: Meowscarada|U-turn|p1a: Hoopa
|-start|p2a: Meowscarada|typechange|Bug|[from] ability: Protean
|-resisted|p1a: Hoopa
|-damage|p1a: Hoopa|76/100
|
|t:|1760366551
|switch|p2a: Latios|Latios, M|100/100|[from] U-turn
|-damage|p2a: Latios|88/100|[from] Stealth Rock
|move|p1a: Hoopa|Drain Punch|p2a: Latios
|-resisted|p2a: Latios
|-damage|p2a: Latios|61/100
|-heal|p1a: Hoopa|87/100|[from] drain|[of] p2a: Latios
|
|upkeep
|turn|12
|
|t:|1760366558
|move|p2a: Latios|Flip Turn|p1a: Hoopa
|-damage|p1a: Hoopa|71/100
|
|t:|1760366560
|switch|p2a: Meowscarada|Meowscarada, M|76/100|[from] Flip Turn
|-damage|p2a: Meowscarada|64/100|[from] Stealth Rock
|move|p1a: Hoopa|Dark Pulse|p2a: Meowscarada
|-resisted|p2a: Meowscarada
|-damage|p2a: Meowscarada|17/100
|
|upkeep
|turn|13
|
|t:|1760366563
|move|p2a: Meowscarada|Flower Trick|p1a: Hoopa
|-start|p2a: Meowscarada|typechange|Grass|[from] ability: Protean
|-crit|p1a: Hoopa
|-damage|p1a: Hoopa|7/100
|move|p1a: Hoopa|Drain Punch|p2a: Meowscarada
|-damage|p2a: Meowscarada|0 fnt
|-heal|p1a: Hoopa|14/100|[from] drain|[of] p2a: Meowscarada
|faint|p2a: Meowscarada
|
|upkeep
|
|t:|1760366568
|switch|p2a: Scream Tail|Scream Tail, shiny|100/100
|-damage|p2a: Scream Tail|88/100|[from] Stealth Rock
|turn|14
|
|t:|1760366571
|move|p2a: Scream Tail|Dazzling Gleam|p1a: Hoopa
|-supereffective|p1a: Hoopa
|-damage|p1a: Hoopa|0 fnt
|faint|p1a: Hoopa
|
|-heal|p2a: Scream Tail|94/100|[from] item: Leftovers
|upkeep
|
|t:|1760366576
|switch|p1a: Indeedee|Indeedee, M|100/100
|-fieldstart|move: Psychic Terrain|[from] ability: Psychic Surge|[of] p1a: Indeedee
|turn|15
|
|t:|1760366578
|move|p2a: Scream Tail|Wish|p2a: Scream Tail
|move|p1a: Indeedee|Shadow Ball|p2a: Scream Tail
|-supereffective|p2a: Scream Tail
|-damage|p2a: Scream Tail|65/100
|-unboost|p2a: Scream Tail|spd|1
|
|-heal|p2a: Scream Tail|71/100|[from] item: Leftovers
|upkeep
|turn|16
|
|t:|1760366587
|-end|p2a: Scream Tail|Protosynthesis|[silent]
|switch|p2a: Latios|Latios, M|61/100
|-damage|p2a: Latios|49/100|[from] Stealth Rock
|move|p1a: Indeedee|Shadow Ball|p2a: Latios
|-supereffective|p2a: Latios
|-crit|p2a: Latios
|-damage|p2a: Latios|0 fnt
|faint|p2a: Latios
|
|upkeep
|-message|Dizzydwarf99 forfeited.
|
|win|DIGIWAYNE123
|raw|DIGIWAYNE123's rating: 1530 &rarr; <strong>1554</strong><br />(+24 for winning)
|raw|Dizzydwarf99's rating: 1603 &rarr; <strong>1579</strong><br />(-24 for losing)
|l|☆Dizzydwarf99
|player|p2|
