|j|☆NebulaTrainer
|j|☆LucyLikePizza
|t:|1760455646
|gametype|singles
|player|p1|NebulaTrainer|cynthia-gen4|1499
|player|p2|LucyLikePizza|karen|1552
|gen|9
|tier|[Gen 9] OU
|rated|
|rule|HP Percentage Mod: HP is shown in percentages
|rule|Endless Battle Clause: Forcing endless battles is banned
|rule|Species Clause: Limit one of each Pokémon
|rule|OHKO Clause: OHKO moves are banned
|rule|Evasion Items Clause: Evasion items are banned
|rule|Evasion Moves Clause: Evasion moves are banned
|rule|Evasion Abilities Clause: Evasion abilities are banned
|rule|Sleep Moves Clause: Sleep-inducing moves are banned
|clearpoke
|poke|p1|Hippowdon, M|
|poke|p1|Excadrill, M|
|poke|p1|Hydrapple, F|
|poke|p1|Tornadus-Therian, M|
|poke|p1|Heatran, M|
|poke|p1|Keldeo-Resolute|
|poke|p2|Glimmora, M|
|poke|p2|Deoxys-Speed|
|poke|p2|Iron Crown|
|poke|p2|Dragonite, M|
|poke|p2|Greninja-*, M|
|poke|p2|Sandy Shocks|
|teampreview
|
|t:|1760455665
|teamsize|p1|6
|teamsize|p2|6
|start
|switch|p1a: Keldeo|Keldeo-Resolute|100/100
|switch|p2a: Sandy Shocks|Sandy Shocks|100/100
|-enditem|p2a: Sandy Shocks|Booster Energy
|-activate|p2a: Sandy Shocks|ability: Protosynthesis|[fromitem]
|-start|p2a: Sandy Shocks|protosynthesisspe
|turn|1
|
|t:|1760455688
|move|p2a: Sandy Shocks|Thunderbolt|p1a: Keldeo
|-supereffective|p1a: Keldeo
|-damage|p1a: Keldeo|8/100
|move|p1a: Keldeo|Hydro Pump|p2a: Sandy Shocks
|-supereffective|p2a: Sandy Shocks
|-damage|p2a: Sandy Shocks|0 fnt
|faint|p2a: Sandy Shocks
|-end|p2a: Sandy Shocks|Protosynthesis|[silent]
|
|upkeep
|
|t:|1760455703
|switch|p2a: Greninja|Greninja, M|100/100
|turn|2
|
|t:|1760455707
|switch|p1a: Tornadus|Tornadus-Therian, M, shiny|100/100
|move|p2a: Greninja|Dark Pulse|p1a: Tornadus
|-damage|p1a: Tornadus|69/100
|-damage|p2a: Greninja|91/100|[from] item: Life Orb
|
|upkeep
|turn|3
|
|t:|1760455718
|switch|p2a: Glimmora|Glimmora, M|100/100
|move|p1a: Tornadus|U-turn|p2a: Glimmora
|-resisted|p2a: Glimmora
|-damage|p2a: Glimmora|91/100
|-activate|p2a: Glimmora|ability: Toxic Debris
|-sidestart|p1: NebulaTrainer|move: Toxic Spikes
|-enditem|p2a: Glimmora|Red Card|[of] p1a: Tornadus
|drag|p1a: Excadrill|Excadrill, M, shiny|100/100
|
|upkeep
|turn|4
|
|t:|1760455728
|move|p1a: Excadrill|Rapid Spin|p2a: Glimmora
|-resisted|p2a: Glimmora
|-damage|p2a: Glimmora|81/100
|-boost|p1a: Excadrill|spe|1
|-activate|p2a: Glimmora|ability: Toxic Debris
|-sidestart|p1: NebulaTrainer|move: Toxic Spikes
|-sideend|p1: NebulaTrainer|Toxic Spikes|[from] move: Rapid Spin|[of] p1a: Excadrill
|move|p2a: Glimmora|Earth Power|p1a: Excadrill
|-supereffective|p1a: Excadrill
|-damage|p1a: Excadrill|14/100
|
|-heal|p1a: Excadrill|20/100|[from] item: Leftovers
|upkeep
|turn|5
|
|t:|1760455749
|switch|p1a: Tornadus|Tornadus-Therian, M, shiny|100/100
|switch|p2a: Dragonite|Dragonite, M|100/100
|
|upkeep
|turn|6
|
|t:|1760455756
|switch|p1a: Hippowdon|Hippowdon, M, shiny|100/100
|-weather|Sandstorm|[from] ability: Sand Stream|[of] p1a: Hippowdon
|switch|p2a: Glimmora|Glimmora, M|81/100
|
|-weather|Sandstorm|[upkeep]
|upkeep
|turn|7
|
|t:|1760455765
|switch|p1a: Heatran|Heatran, M, shiny|100/100
|move|p2a: Glimmora|Earth Power|p1a: Heatran
|-supereffective|p1a: Heatran
|-damage|p1a: Heatran|27/100
|
|-weather|Sandstorm|[upkeep]
|-heal|p1a: Heatran|33/100|[from] item: Leftovers
|upkeep
|turn|8
|
|t:|1760455773
|move|p1a: Heatran|Protect|p1a: Heatran
|-singleturn|p1a: Heatran|Protect
|move|p2a: Glimmora|Power Gem|p1a: Heatran
|-activate|p1a: Heatran|move: Protect
|
|-weather|Sandstorm|[upkeep]
|-heal|p1a: Heatran|39/100|[from] item: Leftovers
|upkeep
|turn|9
|
|t:|1760455786
|switch|p1a: Tornadus|Tornadus-Therian, M, shiny|100/100
|move|p2a: Glimmora|Earth Power|p1a: Tornadus
|-immune|p1a: Tornadus
|
|-weather|Sandstorm|[upkeep]
|-damage|p1a: Tornadus|94/100|[from] Sandstorm
|upkeep
|turn|10
|
|t:|1760455795
|move|p1a: Tornadus|Hurricane|p2a: Glimmora
|-resisted|p2a: Glimmora
|-damage|p2a: Glimmora|63/100
|move|p2a: Glimmora|Power Gem|p1a: Tornadus
|-supereffective|p1a: Tornadus
|-damage|p1a: Tornadus|33/100
|
|-weather|Sandstorm|[upkeep]
|-damage|p1a: Tornadus|27/100|[from] Sandstorm
|upkeep
|turn|11
|
|t:|1760455807
|move|p1a: Tornadus|Heat Wave|p2a: Glimmora
|-resisted|p2a: Glimmora
|-damage|p2a: Glimmora|52/100
|move|p2a: Glimmora|Earth Power|p1a: Tornadus
|-immune|p1a: Tornadus
|
|-weather|Sandstorm|[upkeep]
|-damage|p1a: Tornadus|21/100|[from] Sandstorm
|upkeep
|turn|12
|
|t:|1760455817
|switch|p1a: Heatran|Heatran, M, shiny|39/100
|move|p2a: Glimmora|Power Gem|p1a: Heatran
|-damage|p1a: Heatran|14/100
|
|-weather|Sandstorm|[upkeep]
|-heal|p1a: Heatran|21/100|[from] item: Leftovers
|upkeep
|turn|13
|
|t:|1760455825
|move|p2a: Glimmora|Earth Power|p1a: Heatran
|-supereffective|p1a: Heatran
|-damage|p1a: Heatran|0 fnt
|faint|p1a: Heatran
|
|-weather|none
|upkeep
|
|t:|1760455832
|switch|p1a: Keldeo|Keldeo-Resolute|8/100
|turn|14
|
|t:|1760455839
|switch|p2a: Iron Crown|Iron Crown|100/100
|-enditem|p2a: Iron Crown|Booster Energy
|-activate|p2a: Iron Crown|ability: Quark Drive|[fromitem]
|-start|p2a: Iron Crown|quarkdrivespe
|move|p1a: Keldeo|Hydro Pump|p2a: Iron Crown
|-damage|p2a: Iron Crown|26/100
|
|upkeep
|turn|15
|
|t:|1760455850
|move|p2a: Iron Crown|Tachyon Cutter|p1a: Keldeo
|-resisted|p1a: Keldeo
|-damage|p1a: Keldeo|0 fnt
|faint|p1a: Keldeo
|-hitcount|p1: Keldeo|1
|
|upkeep
|
|t:|1760455857
|switch|p1a: Hippowdon|Hippowdon, M, shiny|100/100
|-weather|Sandstorm|[from] ability: Sand Stream|[of] p1a: Hippowdon
|turn|16
|
|t:|1760455865
|switch|p1a: Tornadus|Tornadus-Therian, M, shiny|54/100
|move|p2a: Iron Crown|Tachyon Cutter|p1a: Tornadus
|-damage|p1a: Tornadus|37/100
|-damage|p1a: Tornadus|22/100
|-hitcount|p1a: Tornadus|2
|
|-weather|Sandstorm|[upkeep]
|-damage|p1a: Tornadus|16/100|[from] Sandstorm
|upkeep
|turn|17
|
|t:|1760455874
|move|p2a: Iron Crown|Tachyon Cutter|p1a: Tornadus
|-damage|p1a: Tornadus|0 fnt
|faint|p1a: Tornadus
|-hitcount|p1: Tornadus|1
|
|-weather|Sandstorm|[upkeep]
|upkeep
|
|t:|1760455881
|switch|p1a: Excadrill|Excadrill, M, shiny|20/100
|turn|18
|
|t:|1760455885
|move|p1a: Excadrill|Earthquake|p2a: Iron Crown
|-supereffective|p2a: Iron Crown
|-damage|p2a: Iron Crown|0 fnt
|faint|p2a: Iron Crown
|-end|p2a: Iron Crown|Quark Drive|[silent]
|
|-weather|Sandstorm|[upkeep]
|-heal|p1a: Excadrill|26/100|[from] item: Leftovers
|upkeep
|
|t:|1760455894
|switch|p2a: Greninja|Greninja, M|91/100
|turn|19
|
|t:|1760455905
|switch|p1a: Hydrapple|Hydrapple, F|100/100
|-terastallize|p2a: Greninja|Water
|move|p2a: Greninja|Water Shuriken|p1a: Hydrapple
|-resisted|p1a: Hydrapple
|-damage|p1a: Hydrapple|97/100
|-resisted|p1a: Hydrapple
|-damage|p1a: Hydrapple|94/100
|-resisted|p1a: Hydrapple
|-crit|p1a: Hydrapple
|-damage|p1a: Hydrapple|90/100
|-hitcount|p1a: Hydrapple|3
|-damage|p2a: Greninja|81/100|[from] item: Life Orb
|
|-weather|Sandstorm|[upkeep]
|-damage|p2a: Greninja|75/100|[from] Sandstorm
|-damage|p1a: Hydrapple|84/100|[from] Sandstorm
|upkeep
|turn|20
|
|t:|1760455921
|switch|p2a: Deoxys|Deoxys-Speed|100/100
|-ability|p2a: Deoxys|Pressure
|-terastallize|p1a: Hydrapple|Fairy
|move|p1a: Hydrapple|Earth Power|p2a: Deoxys
|-damage|p2a: Deoxys|47/100
|
|-weather|Sandstorm|[upkeep]
|-damage|p2a: Deoxys|41/100|[from] Sandstorm
|-damage|p1a: Hydrapple|78/100|[from] Sandstorm
|upkeep
|turn|21
|
|t:|1760455932
|move|p2a: Deoxys|Psycho Boost|p1a: Hydrapple
|-damage|p1a: Hydrapple|9/100
|-unboost|p2a: Deoxys|spa|2
|move|p1a: Hydrapple|Earth Power|p2a: Deoxys
|-damage|p2a: Deoxys|0 fnt
|faint|p2a: Deoxys
|
|-weather|Sandstorm|[upkeep]
|-damage|p1a: Hydrapple|3/100|[from] Sandstorm
|upkeep
|
|t:|1760455935
|switch|p2a: Greninja|Greninja, M, tera:Water|75/100
|turn|22
|
|t:|1760455951
|switch|p1a: Excadrill|Excadrill, M, shiny|26/100
|move|p2a: Greninja|Surf|p1a: Excadrill
|-supereffective|p1a: Excadrill
|-damage|p1a: Excadrill|0 fnt
|faint|p1a: Excadrill
|-ability|p2a: Greninja|Battle Bond|boost
|-boost|p2a: Greninja|atk|1
|-boost|p2a: Greninja|spa|1
|-boost|p2a: Greninja|spe|1
|-activate|p2a: Greninja|ability: Battle Bond
|-damage|p2a: Greninja|65/100|[from] item: Life Orb
|
|-weather|Sandstorm|[upkeep]
|-damage|p2a: Greninja|59/100|[from] Sandstorm
|upkeep
|
|t:|1760455965
|switch|p1a: Hydrapple|Hydrapple, F, tera:Fairy|36/100
|turn|23
|
|t:|1760455968
|switch|p1a: Hippowdon|Hippowdon, M, shiny|100/100
|move|p2a: Greninja|Surf|p1a: Hippowdon
|-supereffective|p1a: Hippowdon
|-damage|p1a: Hippowdon|0 fnt
|faint|p1a: Hippowdon
|-damage|p2a: Greninja|49/100|[from] item: Life Orb
|
|-weather|none
|upkeep
|
|t:|1760455978
|switch|p1a: Hydrapple|Hydrapple, F, tera:Fairy|69/100
|turn|24
|
|t:|1760455981
|move|p2a: Greninja|Surf|p1a: Hydrapple
|-damage|p1a: Hydrapple|0 fnt
|faint|p1a: Hydrapple
|-damage|p2a: Greninja|39/100|[from] item: Life Orb
|
|win|LucyLikePizza
|raw|NebulaTrainer's rating: 1499 &rarr; <strong>1482</strong><br />(-17 for losing)
|raw|LucyLikePizza's rating: 1552 &rarr; <strong>1569</strong><br />(+17 for winning)
|l|☆NebulaTrainer
|player|p1|
