|j|☆Fucomix
|j|☆mo007001
|t:|1760338038
|gametype|singles
|player|p1|Fucomix|veteran|1072
|player|p2|mo007001|burglar|1067
|gen|9
|tier|[Gen 9] OU
|rated|
|rule|HP Percentage Mod: HP is shown in percentages
|rule|Endless Battle Clause: Forcing endless battles is banned
|rule|Species Clause: Limit one of each Pokémon
|rule|OHKO Clause: OHKO moves are banned
|rule|Evasion Items Clause: Evasion items are banned
|rule|Evasion Moves Clause: Evasion moves are banned
|rule|Evasion Abilities Clause: Evasion abilities are banned
|rule|Sleep Moves Clause: Sleep-inducing moves are banned
|clearpoke
|poke|p1|Mightyena, F|
|poke|p1|Masquerain, M|
|poke|p1|Forretress, F|
|poke|p1|Quagsire, M|
|poke|p1|Feraligatr, M|
|poke|p1|Muk, M|
|poke|p2|Ursaluna, M|
|poke|p2|Gumshoos, M|
|poke|p2|Lokix, F|
|poke|p2|Kingambit, F|
|poke|p2|Slowking-Galar, F|
|poke|p2|Skeledirge, F|
|teampreview
|
|t:|1760338042
|teamsize|p1|6
|teamsize|p2|6
|start
|switch|p1a: Forretress|Forretress, F|100/100
|switch|p2a: Gumshoos|Gumshoos, M|100/100
|turn|1
|
|t:|1760338049
|move|p2a: Gumshoos|Knock Off|p1a: Forretress
|-damage|p1a: Forretress|77/100
|-damage|p2a: Gumshoos|84/100|[from] item: Rocky Helmet|[of] p1a: Forretress
|-enditem|p1a: Forretress|Rocky Helmet|[from] move: Knock Off|[of] p2a: Gumshoos
|move|p1a: Forretress|Stealth Rock|p2a: Gumshoos
|-sidestart|p2: mo007001|move: Stealth Rock
|
|upkeep
|turn|2
|
|t:|1760338058
|-singleturn|p2a: Gumshoos|move: Focus Punch
|move|p1a: Forretress|Toxic Spikes|p2a: Gumshoos
|-sidestart|p2: mo007001|move: Toxic Spikes
|move|p2a: Gumshoos|Focus Punch|p1a: Forretress
|-damage|p1a: Forretress|38/100
|
|upkeep
|turn|3
|
|t:|1760338066
|-singleturn|p2a: Gumshoos|move: Focus Punch
|move|p1a: Forretress|Toxic Spikes|p2a: Gumshoos
|-sidestart|p2: mo007001|move: Toxic Spikes
|move|p2a: Gumshoos|Focus Punch|p1a: Forretress
|-damage|p1a: Forretress|2/100
|
|upkeep
|turn|4
|
|t:|1760338075
|move|p2a: Gumshoos|Double-Edge|p1a: Forretress
|-resisted|p1a: Forretress
|-damage|p1a: Forretress|0 fnt
|faint|p1a: Forretress
|-damage|p2a: Gumshoos|83/100|[from] Recoil
|
|upkeep
|
|t:|1760338083
|switch|p1a: Masquerain|Masquerain, M|100/100
|-ability|p1a: Masquerain|Intimidate|boost
|-unboost|p2a: Gumshoos|atk|1
|turn|5
|
|t:|1760338088
|move|p1a: Masquerain|Sticky Web|p2a: Gumshoos
|-sidestart|p2: mo007001|move: Sticky Web
|move|p2a: Gumshoos|Double-Edge|p1a: Masquerain
|-damage|p1a: Masquerain|41/100
|-damage|p2a: Gumshoos|67/100|[from] item: Rocky Helmet|[of] p1a: Masquerain
|-damage|p2a: Gumshoos|49/100|[from] Recoil
|
|upkeep
|turn|6
|
|t:|1760338097
|move|p1a: Masquerain|Tailwind|p1a: Masquerain
|-sidestart|p1: Fucomix|move: Tailwind
|move|p2a: Gumshoos|Double-Edge|p1a: Masquerain
|-damage|p1a: Masquerain|0 fnt
|-damage|p2a: Gumshoos|32/100|[from] item: Rocky Helmet|[of] p1a: Masquerain
|faint|p1a: Masquerain
|-damage|p2a: Gumshoos|20/100|[from] Recoil
|
|upkeep
|
|t:|1760338105
|switch|p1a: Mightyena|Mightyena, F|100/100
|turn|7
|
|t:|1760338111
|-terastallize|p1a: Mightyena|Dark
|move|p1a: Mightyena|Crunch|p2a: Gumshoos
|-damage|p2a: Gumshoos|0 fnt
|faint|p2a: Gumshoos
|-ability|p1a: Mightyena|Moxie|boost
|-boost|p1a: Mightyena|atk|1
|-damage|p1a: Mightyena|91/100|[from] item: Life Orb
|
|upkeep
|
|t:|1760338127
|switch|p2a: Skeledirge|Skeledirge, F|100/100
|turn|8
|
|t:|1760338132
|-terastallize|p2a: Skeledirge|Water
|move|p1a: Mightyena|Crunch|p2a: Skeledirge
|-damage|p2a: Skeledirge|62/100
|-damage|p1a: Mightyena|81/100|[from] item: Life Orb
|move|p2a: Skeledirge|Torch Song|p1a: Mightyena
|-damage|p1a: Mightyena|23/100
|-boost|p2a: Skeledirge|spa|1
|
|upkeep
|turn|9
|
|t:|1760338145
|move|p1a: Mightyena|Crunch|p2a: Skeledirge
|-damage|p2a: Skeledirge|25/100
|-damage|p1a: Mightyena|13/100|[from] item: Life Orb
|move|p2a: Skeledirge|Torch Song|p1a: Mightyena
|-damage|p1a: Mightyena|0 fnt
|-boost|p2a: Skeledirge|spa|1
|faint|p1a: Mightyena
|
|-sideend|p1: Fucomix|move: Tailwind
|upkeep
|
|t:|1760338161
|switch|p1a: Muk|Muk, M|100/100
|turn|10
|
|t:|1760338167
|switch|p2a: Kingambit|Kingambit, F|100/100
|-damage|p2a: Kingambit|94/100|[from] Stealth Rock
|-activate|p2a: Kingambit|ability: Supreme Overlord
|-start|p2a: Kingambit|fallen1|[silent]
|-item|p2a: Kingambit|Air Balloon
|move|p1a: Muk|Gunk Shot|p2a: Kingambit
|-immune|p2a: Kingambit
|
|upkeep
|turn|11
|
|t:|1760338178
|move|p2a: Kingambit|Swords Dance|p2a: Kingambit
|-boost|p2a: Kingambit|atk|2
|move|p1a: Muk|Dig||[still]
|-prepare|p1a: Muk|Dig
|
|upkeep
|turn|12
|
|t:|1760338183
|move|p2a: Kingambit|Swords Dance|p2a: Kingambit
|-boost|p2a: Kingambit|atk|2
|move|p1a: Muk|Dig|p2a: Kingambit|[from] lockedmove
|-immune|p2a: Kingambit
|
|upkeep
|turn|13
|
|t:|1760338191
|move|p1a: Muk|Fire Punch|p2a: Kingambit
|-supereffective|p2a: Kingambit
|-damage|p2a: Kingambit|70/100
|-enditem|p2a: Kingambit|Air Balloon
|move|p2a: Kingambit|Swords Dance|p2a: Kingambit
|-boost|p2a: Kingambit|atk|2
|
|upkeep
|turn|14
|
|t:|1760338200
|switch|p1a: Saitama|Quagsire, M|100/100
|move|p2a: Kingambit|Sucker Punch||[still]
|-fail|p2a: Kingambit
|
|upkeep
|turn|15
|
|t:|1760338207
|move|p2a: Kingambit|Iron Head|p1a: Saitama
|-resisted|p1a: Saitama
|-damage|p1a: Saitama|76/100
|move|p1a: Saitama|Curse|p1a: Saitama
|-unboost|p1a: Saitama|spe|1
|-boost|p1a: Saitama|atk|1
|-boost|p1a: Saitama|def|1
|
|-heal|p1a: Saitama|82/100|[from] item: Leftovers
|upkeep
|turn|16
|
|t:|1760338221
|-end|p2a: Kingambit|fallen1|[silent]
|switch|p2a: Skeledirge|Skeledirge, F, tera:Water|25/100
|move|p1a: Saitama|Curse|p1a: Saitama
|-unboost|p1a: Saitama|spe|1
|-boost|p1a: Saitama|atk|1
|-boost|p1a: Saitama|def|1
|
|-heal|p1a: Saitama|88/100|[from] item: Leftovers
|upkeep
|turn|17
|
|t:|1760338233
|move|p2a: Skeledirge|Slack Off|p2a: Skeledirge
|-heal|p2a: Skeledirge|75/100
|move|p1a: Saitama|Ice Punch|p2a: Skeledirge
|-resisted|p2a: Skeledirge
|-damage|p2a: Skeledirge|70/100
|
|-heal|p1a: Saitama|94/100|[from] item: Leftovers
|upkeep
|turn|18
|
|t:|1760338248
|move|p2a: Skeledirge|Will-O-Wisp|p1a: Saitama
|-status|p1a: Saitama|brn
|move|p1a: Saitama|Amnesia|p1a: Saitama
|-boost|p1a: Saitama|spd|2
|
|-heal|p1a: Saitama|100/100 brn|[from] item: Leftovers
|-damage|p1a: Saitama|94/100 brn|[from] brn
|upkeep
|turn|19
|
|t:|1760338260
|move|p2a: Skeledirge|Torch Song|p1a: Saitama
|-resisted|p1a: Saitama
|-damage|p1a: Saitama|81/100 brn
|-boost|p2a: Skeledirge|spa|1
|move|p1a: Saitama|Ice Punch|p2a: Skeledirge
|-resisted|p2a: Skeledirge
|-damage|p2a: Skeledirge|68/100
|
|-heal|p1a: Saitama|87/100 brn|[from] item: Leftovers
|-damage|p1a: Saitama|81/100 brn|[from] brn
|upkeep
|turn|20
|
|t:|1760338272
|switch|p1a: Muk|Muk, M|100/100
|move|p2a: Skeledirge|Torch Song|p1a: Muk
|-damage|p1a: Muk|72/100
|-boost|p2a: Skeledirge|spa|1
|
|-heal|p1a: Muk|78/100|[from] item: Black Sludge
|upkeep
|turn|21
|
|t:|1760338284
|move|p2a: Skeledirge|Torch Song|p1a: Muk
|-damage|p1a: Muk|39/100
|-boost|p2a: Skeledirge|spa|1
|move|p1a: Muk|Gunk Shot|p2a: Skeledirge
|-damage|p2a: Skeledirge|39/100
|
|-heal|p1a: Muk|45/100|[from] item: Black Sludge
|upkeep
|turn|22
|
|t:|1760338295
|move|p2a: Skeledirge|Slack Off|p2a: Skeledirge
|-heal|p2a: Skeledirge|89/100
|move|p1a: Muk|Gunk Shot|p2a: Skeledirge
|-damage|p2a: Skeledirge|61/100
|-status|p2a: Skeledirge|psn
|
|-heal|p1a: Muk|51/100|[from] item: Black Sludge
|-damage|p2a: Skeledirge|49/100 psn|[from] psn
|upkeep
|turn|23
|
|t:|1760338305
|move|p2a: Skeledirge|Torch Song|p1a: Muk
|-crit|p1a: Muk
|-damage|p1a: Muk|0 fnt
|-boost|p2a: Skeledirge|spa|1
|faint|p1a: Muk
|
|-damage|p2a: Skeledirge|36/100 psn|[from] psn
|upkeep
|
|t:|1760338313
|switch|p1a: Saitama|Quagsire, M|81/100 brn
|turn|24
|
|t:|1760338318
|move|p2a: Skeledirge|Slack Off|p2a: Skeledirge
|-heal|p2a: Skeledirge|86/100 psn
|move|p1a: Saitama|Amnesia|p1a: Saitama
|-boost|p1a: Saitama|spd|2
|
|-heal|p1a: Saitama|87/100 brn|[from] item: Leftovers
|-damage|p2a: Skeledirge|74/100 psn|[from] psn
|-damage|p1a: Saitama|81/100 brn|[from] brn
|upkeep
|turn|25
|
|t:|1760338333
|move|p2a: Skeledirge|Shadow Ball|p1a: Saitama
|-damage|p1a: Saitama|56/100 brn
|move|p1a: Saitama|Amnesia|p1a: Saitama
|-boost|p1a: Saitama|spd|2
|
|-heal|p1a: Saitama|62/100 brn|[from] item: Leftovers
|-damage|p2a: Skeledirge|61/100 psn|[from] psn
|-damage|p1a: Saitama|56/100 brn|[from] brn
|upkeep
|turn|26
|
|t:|1760338344
|move|p2a: Skeledirge|Shadow Ball|p1a: Saitama
|-damage|p1a: Saitama|28/100 brn
|move|p1a: Saitama|Recover|p1a: Saitama
|-heal|p1a: Saitama|78/100 brn
|
|-heal|p1a: Saitama|84/100 brn|[from] item: Leftovers
|-damage|p2a: Skeledirge|49/100 psn|[from] psn
|-damage|p1a: Saitama|78/100 brn|[from] brn
|upkeep
|turn|27
|
|t:|1760338360
|move|p2a: Skeledirge|Slack Off|p2a: Skeledirge
|-heal|p2a: Skeledirge|99/100 psn
|move|p1a: Saitama|Amnesia|p1a: Saitama
|-boost|p1a: Saitama|spd|2
|
|-heal|p1a: Saitama|84/100 brn|[from] item: Leftovers
|-damage|p2a: Skeledirge|87/100 psn|[from] psn
|-damage|p1a: Saitama|78/100 brn|[from] brn
|upkeep
|turn|28
|
|t:|1760338371
|move|p2a: Skeledirge|Shadow Ball|p1a: Saitama
|-damage|p1a: Saitama|53/100 brn
|-unboost|p1a: Saitama|spd|1
|move|p1a: Saitama|Curse|p1a: Saitama
|-unboost|p1a: Saitama|spe|1
|-boost|p1a: Saitama|atk|1
|-boost|p1a: Saitama|def|1
|
|-heal|p1a: Saitama|59/100 brn|[from] item: Leftovers
|-damage|p2a: Skeledirge|74/100 psn|[from] psn
|-damage|p1a: Saitama|53/100 brn|[from] brn
|upkeep
|turn|29
|
|t:|1760338385
|move|p2a: Skeledirge|Shadow Ball|p1a: Saitama
|-damage|p1a: Saitama|25/100 brn
|move|p1a: Saitama|Recover|p1a: Saitama
|-heal|p1a: Saitama|75/100 brn
|
|-heal|p1a: Saitama|81/100 brn|[from] item: Leftovers
|-damage|p2a: Skeledirge|62/100 psn|[from] psn
|-damage|p1a: Saitama|75/100 brn|[from] brn
|upkeep
|turn|30
|
|t:|1760338396
|move|p2a: Skeledirge|Shadow Ball|p1a: Saitama
|-damage|p1a: Saitama|46/100 brn
|move|p1a: Saitama|Amnesia|p1a: Saitama
|-boost|p1a: Saitama|spd|1
|
|-heal|p1a: Saitama|52/100 brn|[from] item: Leftovers
|-damage|p2a: Skeledirge|50/100 psn|[from] psn
|-damage|p1a: Saitama|46/100 brn|[from] brn
|upkeep
|turn|31
|
|t:|1760338408
|move|p2a: Skeledirge|Shadow Ball|p1a: Saitama
|-damage|p1a: Saitama|18/100 brn
|move|p1a: Saitama|Recover|p1a: Saitama
|-heal|p1a: Saitama|68/100 brn
|
|-heal|p1a: Saitama|74/100 brn|[from] item: Leftovers
|-damage|p2a: Skeledirge|37/100 psn|[from] psn
|-damage|p1a: Saitama|68/100 brn|[from] brn
|upkeep
|turn|32
|
|t:|1760338420
|move|p2a: Skeledirge|Slack Off|p2a: Skeledirge
|-heal|p2a: Skeledirge|87/100 psn
|move|p1a: Saitama|Recover|p1a: Saitama
|-heal|p1a: Saitama|100/100 brn
|
|-damage|p2a: Skeledirge|75/100 psn|[from] psn
|-damage|p1a: Saitama|94/100 brn|[from] brn
|upkeep
|turn|33
|
|t:|1760338430
|move|p2a: Skeledirge|Shadow Ball|p1a: Saitama
|-damage|p1a: Saitama|69/100 brn
|-unboost|p1a: Saitama|spd|1
|move|p1a: Saitama|Curse|p1a: Saitama
|-unboost|p1a: Saitama|spe|1
|-boost|p1a: Saitama|atk|1
|-boost|p1a: Saitama|def|1
|
|-heal|p1a: Saitama|75/100 brn|[from] item: Leftovers
|-damage|p2a: Skeledirge|62/100 psn|[from] psn
|-damage|p1a: Saitama|69/100 brn|[from] brn
|upkeep
|turn|34
|
|t:|1760338444
|move|p2a: Skeledirge|Shadow Ball|p1a: Saitama
|-damage|p1a: Saitama|43/100 brn
|-unboost|p1a: Saitama|spd|1
|move|p1a: Saitama|Recover|p1a: Saitama
|-heal|p1a: Saitama|93/100 brn
|
|-heal|p1a: Saitama|99/100 brn|[from] item: Leftovers
|-damage|p2a: Skeledirge|50/100 psn|[from] psn
|-damage|p1a: Saitama|93/100 brn|[from] brn
|upkeep
|turn|35
|
|t:|1760338456
|move|p2a: Skeledirge|Shadow Ball|p1a: Saitama
|-damage|p1a: Saitama|67/100 brn
|move|p1a: Saitama|Amnesia|p1a: Saitama
|-boost|p1a: Saitama|spd|2
|
|-heal|p1a: Saitama|73/100 brn|[from] item: Leftovers
|-damage|p2a: Skeledirge|38/100 psn|[from] psn
|-damage|p1a: Saitama|67/100 brn|[from] brn
|upkeep
|turn|36
|
|t:|1760338468
|move|p2a: Skeledirge|Shadow Ball|p1a: Saitama
|-damage|p1a: Saitama|39/100 brn
|-unboost|p1a: Saitama|spd|1
|move|p1a: Saitama|Recover|p1a: Saitama
|-heal|p1a: Saitama|89/100 brn
|
|-heal|p1a: Saitama|95/100 brn|[from] item: Leftovers
|-damage|p2a: Skeledirge|25/100 psn|[from] psn
|-damage|p1a: Saitama|89/100 brn|[from] brn
|upkeep
|turn|37
|
|t:|1760338481
|move|p2a: Skeledirge|Slack Off|p2a: Skeledirge
|-heal|p2a: Skeledirge|75/100 psn
|move|p1a: Saitama|Amnesia|p1a: Saitama
|-boost|p1a: Saitama|spd|1
|
|-heal|p1a: Saitama|95/100 brn|[from] item: Leftovers
|-damage|p2a: Skeledirge|63/100 psn|[from] psn
|-damage|p1a: Saitama|89/100 brn|[from] brn
|upkeep
|turn|38
|
|t:|1760338492
|move|p2a: Skeledirge|Shadow Ball|p1a: Saitama
|-damage|p1a: Saitama|60/100 brn
|move|p1a: Saitama|Curse|p1a: Saitama
|-unboost|p1a: Saitama|spe|1
|-boost|p1a: Saitama|atk|1
|-boost|p1a: Saitama|def|1
|
|-heal|p1a: Saitama|66/100 brn|[from] item: Leftovers
|-damage|p2a: Skeledirge|50/100 psn|[from] psn
|-damage|p1a: Saitama|60/100 brn|[from] brn
|upkeep
|turn|39
|
|t:|1760338505
|move|p2a: Skeledirge|Shadow Ball|p1a: Saitama
|-damage|p1a: Saitama|32/100 brn
|move|p1a: Saitama|Recover|p1a: Saitama
|-heal|p1a: Saitama|82/100 brn
|
|-heal|p1a: Saitama|89/100 brn|[from] item: Leftovers
|-damage|p2a: Skeledirge|38/100 psn|[from] psn
|-damage|p1a: Saitama|82/100 brn|[from] brn
|upkeep
|turn|40
|
|t:|1760338518
|move|p2a: Skeledirge|Shadow Ball|p1a: Saitama
|-damage|p1a: Saitama|57/100 brn
|move|p1a: Saitama|Ice Punch|p2a: Skeledirge
|-resisted|p2a: Skeledirge
|-damage|p2a: Skeledirge|36/100 psn
|
|-heal|p1a: Saitama|63/100 brn|[from] item: Leftovers
|-damage|p2a: Skeledirge|23/100 psn|[from] psn
|-damage|p1a: Saitama|57/100 brn|[from] brn
|upkeep
|turn|41
|
|t:|1760338531
|move|p2a: Skeledirge|Slack Off|p2a: Skeledirge
|-heal|p2a: Skeledirge|73/100 psn
|move|p1a: Saitama|Recover|p1a: Saitama
|-heal|p1a: Saitama|100/100 brn
|
|-damage|p2a: Skeledirge|61/100 psn|[from] psn
|-damage|p1a: Saitama|94/100 brn|[from] brn
|upkeep
|turn|42
|
|t:|1760338541
|move|p2a: Skeledirge|Shadow Ball|p1a: Saitama
|-damage|p1a: Saitama|69/100 brn
|move|p1a: Saitama|Curse|p1a: Saitama
|-unboost|p1a: Saitama|spe|1
|-boost|p1a: Saitama|atk|1
|-boost|p1a: Saitama|def|1
|
|-heal|p1a: Saitama|75/100 brn|[from] item: Leftovers
|-damage|p2a: Skeledirge|49/100 psn|[from] psn
|-damage|p1a: Saitama|69/100 brn|[from] brn
|upkeep
|turn|43
|
|t:|1760338553
|move|p2a: Skeledirge|Shadow Ball|p1a: Saitama
|-damage|p1a: Saitama|43/100 brn
|move|p1a: Saitama|Ice Punch|p2a: Skeledirge
|-resisted|p2a: Skeledirge
|-damage|p2a: Skeledirge|46/100 psn
|
|-heal|p1a: Saitama|49/100 brn|[from] item: Leftovers
|-damage|p2a: Skeledirge|34/100 psn|[from] psn
|-damage|p1a: Saitama|43/100 brn|[from] brn
|upkeep
|turn|44
|
|t:|1760338570
|move|p2a: Skeledirge|Slack Off|p2a: Skeledirge
|-heal|p2a: Skeledirge|84/100 psn
|move|p1a: Saitama|Ice Punch|p2a: Skeledirge
|-resisted|p2a: Skeledirge
|-damage|p2a: Skeledirge|81/100 psn
|
|-heal|p1a: Saitama|49/100 brn|[from] item: Leftovers
|-damage|p2a: Skeledirge|69/100 psn|[from] psn
|-damage|p1a: Saitama|43/100 brn|[from] brn
|upkeep
|turn|45
|
|t:|1760338582
|move|p2a: Skeledirge|Shadow Ball|p1a: Saitama
|-damage|p1a: Saitama|16/100 brn
|-unboost|p1a: Saitama|spd|1
|move|p1a: Saitama|Ice Punch|p2a: Skeledirge
|-resisted|p2a: Skeledirge
|-damage|p2a: Skeledirge|66/100 psn
|
|-heal|p1a: Saitama|22/100 brn|[from] item: Leftovers
|-damage|p2a: Skeledirge|54/100 psn|[from] psn
|-damage|p1a: Saitama|16/100 brn|[from] brn
|upkeep
|turn|46
|
|t:|1760338596
|move|p2a: Skeledirge|Shadow Ball|p1a: Saitama
|-damage|p1a: Saitama|0 fnt
|faint|p1a: Saitama
|
|-damage|p2a: Skeledirge|42/100 psn|[from] psn
|upkeep
|
|t:|1760338605
|switch|p1a: Feraligatr|Feraligatr, M|100/100
|turn|47
|
|t:|1760338611
|move|p1a: Feraligatr|Dragon Dance|p1a: Feraligatr
|-boost|p1a: Feraligatr|atk|1
|-boost|p1a: Feraligatr|spe|1
|move|p2a: Skeledirge|Shadow Ball|p1a: Feraligatr
|-damage|p1a: Feraligatr|3/100
|-unboost|p1a: Feraligatr|spd|1
|
|-damage|p2a: Skeledirge|29/100 psn|[from] psn
|upkeep
|turn|48
|
|t:|1760338627
|move|p1a: Feraligatr|Liquidation|p2a: Skeledirge
|-resisted|p2a: Skeledirge
|-damage|p2a: Skeledirge|7/100 psn
|move|p2a: Skeledirge|Shadow Ball|p1a: Feraligatr
|-damage|p1a: Feraligatr|0 fnt
|faint|p1a: Feraligatr
|
|win|mo007001
|raw|Fucomix's rating: 1072 &rarr; <strong>1051</strong><br />(-21 for losing)
|raw|mo007001's rating: 1067 &rarr; <strong>1097</strong><br />(+30 for winning)
|l|☆Fucomix
|player|p1|
|l|☆mo007001
|player|p2|
