|j|☆sommeliersam
|j|☆ryan cowtinho
|t:|1760329782
|gametype|singles
|player|p1|sommeliersam|1|1724
|player|p2|ryan cowtinho|102|1657
|gen|9
|tier|[Gen 9] OU
|rated|
|rule|HP Percentage Mod: HP is shown in percentages
|rule|Endless Battle Clause: Forcing endless battles is banned
|rule|Species Clause: Limit one of each Pokémon
|rule|OHKO Clause: OHKO moves are banned
|rule|Evasion Items Clause: Evasion items are banned
|rule|Evasion Moves Clause: Evasion moves are banned
|rule|Evasion Abilities Clause: Evasion abilities are banned
|rule|Sleep Moves Clause: Sleep-inducing moves are banned
|clearpoke
|poke|p1|Tornadus-Therian, M|
|poke|p1|Great Tusk|
|poke|p1|Kyurem|
|poke|p1|Kingambit, F|
|poke|p1|Slowking-Galar, F|
|poke|p1|Hatterene, F|
|poke|p2|Landorus-Therian, M|
|poke|p2|Iron Valiant|
|poke|p2|Samurott-Hisui, F|
|poke|p2|Pecharunt|
|poke|p2|Iron Crown|
|poke|p2|Hydrapple, F|
|teampreview
|
|t:|1760329798
|teamsize|p1|6
|teamsize|p2|6
|start
|switch|p1a: Tornadus|Tornadus-Therian, M|100/100
|switch|p2a: Iron Crown|Iron Crown|100/100
|turn|1
|
|t:|1760329804
|-end|p2a: Iron Crown|Quark Drive|[silent]
|switch|p2a: Samurott|Samurott-Hisui, F|100/100
|move|p1a: Tornadus|Knock Off|p2a: Samurott
|-resisted|p2a: Samurott
|-damage|p2a: Samurott|90/100
|-enditem|p2a: Samurott|Assault Vest|[from] move: Knock Off|[of] p1a: Tornadus
|
|upkeep
|turn|2
|
|t:|1760329814
|move|p1a: Tornadus|U-turn|p2a: Samurott
|-supereffective|p2a: Samurott
|-damage|p2a: Samurott|57/100
|
|t:|1760329818
|switch|p1a: Kyurem|Kyurem|100/100|[from] U-turn
|-ability|p1a: Kyurem|Pressure
|move|p2a: Samurott|Knock Off|p1a: Kyurem
|-damage|p1a: Kyurem|63/100
|-enditem|p1a: Kyurem|Choice Specs|[from] move: Knock Off|[of] p2a: Samurott
|
|upkeep
|turn|3
|
|t:|1760329821
|switch|p2a: Iron Crown|Iron Crown|100/100
|move|p1a: Kyurem|Draco Meteor|p2a: Iron Crown
|-resisted|p2a: Iron Crown
|-damage|p2a: Iron Crown|65/100
|-unboost|p1a: Kyurem|spa|2
|
|upkeep
|turn|4
|j| ulisesdiogenes
|
|t:|1760329827
|switch|p1a: Slowking|Slowking-Galar, F|100/100
|move|p2a: Iron Crown|Focus Blast|p1a: Slowking|[miss]
|-miss|p2a: Iron Crown|p1a: Slowking
|
|upkeep
|turn|5
|
|t:|1760329833
|-end|p2a: Iron Crown|Quark Drive|[silent]
|switch|p2a: Samurott|Samurott-Hisui, F|57/100
|move|p1a: Slowking|Future Sight|p2a: Samurott
|-start|p1a: Slowking|move: Future Sight
|
|upkeep
|turn|6
|
|t:|1760329844
|switch|p1a: Kyurem|Kyurem|63/100
|-ability|p1a: Kyurem|Pressure
|move|p2a: Samurott|Razor Shell|p1a: Kyurem
|-resisted|p1a: Kyurem
|-damage|p1a: Kyurem|41/100
|
|upkeep
|turn|7
|
|t:|1760329854
|move|p1a: Kyurem|Earth Power|p2a: Samurott
|-damage|p2a: Samurott|25/100
|move|p2a: Samurott|Ceaseless Edge|p1a: Kyurem
|-damage|p1a: Kyurem|3/100
|-sidestart|p1: sommeliersam|Spikes
|
|-end|p2a: Samurott|move: Future Sight
|-immune|p2a: Samurott
|upkeep
|turn|8
|l| ulisesdiogenes
|
|t:|1760329862
|move|p2a: Samurott|Aqua Jet|p1a: Kyurem
|-resisted|p1a: Kyurem
|-damage|p1a: Kyurem|0 fnt
|faint|p1a: Kyurem
|
|upkeep
|
|t:|1760329864
|switch|p1a: Tornadus|Tornadus-Therian, M|100/100
|turn|9
|
|t:|1760329868
|move|p1a: Tornadus|Bleakwind Storm|p2a: Samurott
|-damage|p2a: Samurott|0 fnt
|faint|p2a: Samurott
|
|upkeep
|
|t:|1760329872
|switch|p2a: Pecharunt|Pecharunt|100/100
|turn|10
|
|t:|1760329874
|move|p1a: Tornadus|U-turn|p2a: Pecharunt
|-resisted|p2a: Pecharunt
|-damage|p2a: Pecharunt|99/100
|
|t:|1760329876
|switch|p1a: Slowking|Slowking-Galar, F|100/100|[from] U-turn
|-damage|p1a: Slowking|88/100|[from] Spikes
|move|p2a: Pecharunt|Malignant Chain|p1a: Slowking
|-resisted|p1a: Slowking
|-damage|p1a: Slowking|79/100
|
|-heal|p1a: Slowking|85/100|[from] item: Black Sludge
|upkeep
|turn|11
|
|t:|1760329880
|switch|p2a: Iron Crown|Iron Crown|65/100
|move|p1a: Slowking|Future Sight|p2a: Iron Crown
|-start|p1a: Slowking|move: Future Sight
|
|-heal|p1a: Slowking|91/100|[from] item: Black Sludge
|upkeep
|turn|12
|
|t:|1760329885
|-terastallize|p2a: Iron Crown|Steel
|move|p2a: Iron Crown|Tachyon Cutter|p1a: Slowking
|-damage|p1a: Slowking|59/100
|-damage|p1a: Slowking|27/100
|-hitcount|p1a: Slowking|2
|-prepare|p1a: Slowking|Chilly Reception|[premajor]
|move|p1a: Slowking|Chilly Reception|p1a: Slowking
|-weather|Snowscape
|
|t:|1760329894
|switch|p1a: Tornadus|Tornadus-Therian, M|100/100|[from] Chilly Reception
|
|-weather|Snowscape|[upkeep]
|upkeep
|turn|13
|
|t:|1760329898
|move|p1a: Tornadus|Knock Off|p2a: Iron Crown
|-damage|p2a: Iron Crown|42/100
|-enditem|p2a: Iron Crown|Choice Specs|[from] move: Knock Off|[of] p1a: Tornadus
|move|p2a: Iron Crown|Tachyon Cutter|p1a: Tornadus
|-damage|p1a: Tornadus|78/100
|-damage|p1a: Tornadus|53/100
|-hitcount|p1a: Tornadus|2
|
|-weather|Snowscape|[upkeep]
|-end|p2a: Iron Crown|move: Future Sight
|-resisted|p2a: Iron Crown
|-damage|p2a: Iron Crown|20/100
|upkeep
|turn|14
|
|t:|1760329904
|move|p1a: Tornadus|Bleakwind Storm|p2a: Iron Crown
|-resisted|p2a: Iron Crown
|-damage|p2a: Iron Crown|0 fnt
|faint|p2a: Iron Crown
|-end|p2a: Iron Crown|Quark Drive|[silent]
|
|-weather|Snowscape|[upkeep]
|upkeep
|
|t:|1760329912
|switch|p2a: Pecharunt|Pecharunt|99/100
|turn|15
|
|t:|1760329914
|move|p1a: Tornadus|U-turn|p2a: Pecharunt
|-resisted|p2a: Pecharunt
|-damage|p2a: Pecharunt|97/100
|
|t:|1760329915
|switch|p1a: Slowking|Slowking-Galar, F|61/100|[from] U-turn
|-damage|p1a: Slowking|48/100|[from] Spikes
|move|p2a: Pecharunt|Parting Shot|p1a: Slowking
|-unboost|p1a: Slowking|atk|1
|-unboost|p1a: Slowking|spa|1
|
|t:|1760329920
|switch|p2a: Iron Valiant|Iron Valiant|100/100|[from] Parting Shot
|-enditem|p2a: Iron Valiant|Booster Energy
|-activate|p2a: Iron Valiant|ability: Quark Drive|[fromitem]
|-start|p2a: Iron Valiant|quarkdrivespe
|
|-weather|Snowscape|[upkeep]
|-heal|p1a: Slowking|54/100|[from] item: Black Sludge
|upkeep
|turn|16
|
|t:|1760329931
|switch|p1a: Hatterene|Hatterene, F|100/100
|-damage|p1a: Hatterene|88/100|[from] Spikes
|move|p2a: Iron Valiant|Knock Off|p1a: Hatterene
|-damage|p1a: Hatterene|67/100
|-enditem|p1a: Hatterene|Leftovers|[from] move: Knock Off|[of] p2a: Iron Valiant
|
|-weather|none
|upkeep
|turn|17
|
|t:|1760329936
|-end|p2a: Iron Valiant|Quark Drive|[silent]
|switch|p2a: Pecharunt|Pecharunt|97/100
|move|p1a: Hatterene|Nuzzle|p2a: Pecharunt
|-damage|p2a: Pecharunt|94/100
|-status|p2a: Pecharunt|par
|
|upkeep
|turn|18
|
|t:|1760329939
|switch|p1a: Slowking|Slowking-Galar, F|88/100
|-damage|p1a: Slowking|75/100|[from] Spikes
|move|p2a: Pecharunt|Malignant Chain|p1a: Slowking
|-resisted|p1a: Slowking
|-damage|p1a: Slowking|66/100
|
|-heal|p1a: Slowking|72/100|[from] item: Black Sludge
|upkeep
|turn|19
|
|t:|1760329944
|move|p2a: Pecharunt|Shadow Ball|p1a: Slowking
|-supereffective|p1a: Slowking
|-damage|p1a: Slowking|46/100
|move|p1a: Slowking|Future Sight|p2a: Pecharunt
|-start|p1a: Slowking|move: Future Sight
|
|-heal|p1a: Slowking|52/100|[from] item: Black Sludge
|upkeep
|turn|20
|
|t:|1760329948
|move|p2a: Pecharunt|Shadow Ball|p1a: Slowking
|-supereffective|p1a: Slowking
|-damage|p1a: Slowking|21/100
|-prepare|p1a: Slowking|Chilly Reception|[premajor]
|move|p1a: Slowking|Chilly Reception|p1a: Slowking
|-weather|Snowscape
|
|t:|1760329955
|switch|p1a: Kingambit|Kingambit, F|100/100|[from] Chilly Reception
|-damage|p1a: Kingambit|88/100|[from] Spikes
|-activate|p1a: Kingambit|ability: Supreme Overlord
|-start|p1a: Kingambit|fallen1|[silent]
|
|-weather|Snowscape|[upkeep]
|-heal|p1a: Kingambit|94/100|[from] item: Leftovers
|upkeep
|turn|21
|
|t:|1760329959
|move|p1a: Kingambit|Iron Head|p2a: Pecharunt
|-damage|p2a: Pecharunt|61/100 par
|cant|p2a: Pecharunt|flinch
|
|-weather|Snowscape|[upkeep]
|-end|p2a: Pecharunt|move: Future Sight
|-supereffective|p2a: Pecharunt
|-damage|p2a: Pecharunt|0 fnt
|faint|p2a: Pecharunt
|-heal|p1a: Kingambit|100/100|[from] item: Leftovers
|upkeep
|
|t:|1760329963
|switch|p2a: Iron Valiant|Iron Valiant|100/100
|turn|22
|
|t:|1760329970
|-terastallize|p1a: Kingambit|Fire
|move|p2a: Iron Valiant|Close Combat|p1a: Kingambit
|-damage|p1a: Kingambit|54/100
|-unboost|p2a: Iron Valiant|def|1
|-unboost|p2a: Iron Valiant|spd|1
|move|p1a: Kingambit|Iron Head|p2a: Iron Valiant
|-supereffective|p2a: Iron Valiant
|-damage|p2a: Iron Valiant|0 fnt
|faint|p2a: Iron Valiant
|-end|p2a: Iron Valiant|Quark Drive|[silent]
|
|-weather|Snowscape|[upkeep]
|-heal|p1a: Kingambit|60/100|[from] item: Leftovers
|upkeep
|
|t:|1760329974
|switch|p2a: Landorus|Landorus-Therian, M|100/100
|-ability|p2a: Landorus|Intimidate|boost
|-unboost|p1a: Kingambit|atk|1
|turn|23
|
|t:|1760329984
|-end|p1a: Kingambit|fallen1|[silent]
|switch|p1a: Hatterene|Hatterene, F|67/100
|-damage|p1a: Hatterene|55/100|[from] Spikes
|move|p2a: Landorus|U-turn|p1a: Hatterene
|-damage|p1a: Hatterene|38/100
|
|t:|1760329985
|switch|p2a: Hydrapple|Hydrapple, F|100/100|[from] U-turn
|
|-weather|Snowscape|[upkeep]
|upkeep
|turn|24
|
|t:|1760329988
|move|p2a: Hydrapple|Nasty Plot|p2a: Hydrapple
|-boost|p2a: Hydrapple|spa|2
|move|p1a: Hatterene|Draining Kiss|p2a: Hydrapple
|-supereffective|p2a: Hydrapple
|-damage|p2a: Hydrapple|52/100
|-heal|p1a: Hatterene|86/100|[from] drain|[of] p2a: Hydrapple
|
|-weather|none
|upkeep
|turn|25
|
|t:|1760329993
|move|p2a: Hydrapple|Giga Drain|p1a: Hatterene
|-damage|p1a: Hatterene|27/100
|-heal|p2a: Hydrapple|75/100|[from] drain|[of] p1a: Hatterene
|move|p1a: Hatterene|Nuzzle|p2a: Hydrapple
|-resisted|p2a: Hydrapple
|-damage|p2a: Hydrapple|74/100
|-status|p2a: Hydrapple|par
|
|upkeep
|turn|26
|
|t:|1760329996
|move|p1a: Hatterene|Draining Kiss|p2a: Hydrapple
|-supereffective|p2a: Hydrapple
|-damage|p2a: Hydrapple|29/100 par
|-heal|p1a: Hatterene|71/100|[from] drain|[of] p2a: Hydrapple
|move|p2a: Hydrapple|Giga Drain|p1a: Hatterene
|-damage|p1a: Hatterene|10/100
|-heal|p2a: Hydrapple|53/100 par|[from] drain|[of] p1a: Hatterene
|
|upkeep
|turn|27
|
|t:|1760330000
|move|p1a: Hatterene|Draining Kiss|p2a: Hydrapple
|-supereffective|p2a: Hydrapple
|-damage|p2a: Hydrapple|6/100 par
|-heal|p1a: Hatterene|56/100|[from] drain|[of] p2a: Hydrapple
|cant|p2a: Hydrapple|par
|
|upkeep
|turn|28
|-message|ryan cowtinho forfeited.
|
|win|sommeliersam
|raw|sommeliersam's rating: 1724 &rarr; <strong>1740</strong><br />(+16 for winning)
|raw|ryan cowtinho's rating: 1657 &rarr; <strong>1641</strong><br />(-16 for losing)
|l|☆ryan cowtinho
|player|p2|
|l|☆sommeliersam
|player|p1|
