|j|☆Ozypondias
|j|☆delete tera
|t:|1760444913
|gametype|singles
|player|p1|Ozypondias|veteranf|1449
|player|p2|delete tera|265|1347
|gen|9
|tier|[Gen 9] OU
|rated|
|rule|HP Percentage Mod: HP is shown in percentages
|rule|Endless Battle Clause: Forcing endless battles is banned
|rule|Species Clause: Limit one of each Pokémon
|rule|OHKO Clause: OHKO moves are banned
|rule|Evasion Items Clause: Evasion items are banned
|rule|Evasion Moves Clause: Evasion moves are banned
|rule|Evasion Abilities Clause: Evasion abilities are banned
|rule|Sleep Moves Clause: Sleep-inducing moves are banned
|clearpoke
|poke|p1|Zamazenta-*|
|poke|p1|Samurott-Hisui, M|
|poke|p1|Moltres|
|poke|p1|Weezing-Galar, M|
|poke|p1|Cinderace, F|
|poke|p1|Gliscor, M|
|poke|p2|Garchomp, F|
|poke|p2|Zamazenta-*|
|poke|p2|Iron Hands|
|poke|p2|Dragonite, M|
|poke|p2|Iron Valiant|
|poke|p2|Salazzle, F|
|teampreview
|inactive|Battle timer is ON: inactive players will automatically lose when time's up. (requested by delete tera)
|
|t:|1760444940
|teamsize|p1|6
|teamsize|p2|6
|start
|switch|p1a: Cinderace|Cinderace, F|100/100
|switch|p2a: Salazzle|Salazzle, F, shiny|100/100
|turn|1
|
|t:|1760444950
|move|p2a: Salazzle|Fake Out|p1a: Cinderace
|-damage|p1a: Cinderace|92/100
|cant|p1a: Cinderace|flinch
|
|upkeep
|turn|2
|
|t:|1760444971
|switch|p2a: Dragonite|Dragonite, M|100/100
|move|p1a: Cinderace|U-turn|p2a: Dragonite
|-start|p1a: Cinderace|typechange|Bug|[from] ability: Libero
|-resisted|p2a: Dragonite
|-damage|p2a: Dragonite|89/100
|
|t:|1760444983
|switch|p1a: Gliscor|Gliscor, M|100/100|[from] U-turn
|
|-status|p1a: Gliscor|tox|[from] item: Toxic Orb
|upkeep
|turn|3
|
|t:|1760444988
|move|p1a: Gliscor|Toxic|p2a: Dragonite
|-status|p2a: Dragonite|tox
|move|p2a: Dragonite|Dragon Tail|p1a: Gliscor
|-damage|p1a: Gliscor|81/100 tox
|drag|p1a: Moltres|Moltres|100/100
|
|-damage|p2a: Dragonite|83/100 tox|[from] psn
|upkeep
|turn|4
|
|t:|1760444996
|move|p1a: Moltres|Brave Bird|p2a: Dragonite
|-damage|p2a: Dragonite|43/100 tox
|-damage|p1a: Moltres|87/100|[from] Recoil
|move|p2a: Dragonite|Dragon Tail|p1a: Moltres
|-damage|p1a: Moltres|52/100
|drag|p1a: Samurott|Samurott-Hisui, M|100/100
|
|-damage|p2a: Dragonite|31/100 tox|[from] psn
|upkeep
|turn|5
|
|t:|1760445004
|move|p1a: Samurott|Ceaseless Edge|p2a: Dragonite
|-damage|p2a: Dragonite|0 fnt
|-sidestart|p2: delete tera|Spikes
|faint|p2a: Dragonite
|
|upkeep
|
|t:|1760445009
|switch|p2a: Iron Valiant|Iron Valiant|100/100
|-damage|p2a: Iron Valiant|88/100|[from] Spikes
|-enditem|p2a: Iron Valiant|Booster Energy
|-activate|p2a: Iron Valiant|ability: Quark Drive|[fromitem]
|-start|p2a: Iron Valiant|quarkdrivespe
|turn|6
|
|t:|1760445018
|switch|p1a: Moltres|Moltres|52/100
|move|p2a: Iron Valiant|Moonblast|p1a: Moltres
|-resisted|p1a: Moltres
|-damage|p1a: Moltres|36/100
|
|upkeep
|turn|7
|
|t:|1760445026
|move|p2a: Iron Valiant|Knock Off|p1a: Moltres
|-damage|p1a: Moltres|8/100
|-enditem|p1a: Moltres|Heavy-Duty Boots|[from] move: Knock Off|[of] p2a: Iron Valiant
|move|p1a: Moltres|Roost|p1a: Moltres
|-heal|p1a: Moltres|58/100
|-singleturn|p1a: Moltres|move: Roost
|
|upkeep
|turn|8
|
|t:|1760445031
|move|p2a: Iron Valiant|Encore|p1a: Moltres
|-start|p1a: Moltres|Encore
|move|p1a: Moltres|Roost|p1a: Moltres
|-heal|p1a: Moltres|100/100
|-singleturn|p1a: Moltres|move: Roost
|
|upkeep
|turn|9
|
|t:|1760445035
|switch|p1a: Cinderace|Cinderace, F|92/100
|move|p2a: Iron Valiant|Moonblast|p1a: Cinderace
|-resisted|p1a: Cinderace
|-damage|p1a: Cinderace|60/100
|
|upkeep
|turn|10
|
|t:|1760445039
|move|p2a: Iron Valiant|Close Combat|p1a: Cinderace
|-damage|p1a: Cinderace|0 fnt
|-unboost|p2a: Iron Valiant|def|1
|-unboost|p2a: Iron Valiant|spd|1
|faint|p1a: Cinderace
|
|upkeep
|
|t:|1760445045
|switch|p1a: Moltres|Moltres|100/100
|turn|11
|
|t:|1760445053
|-end|p2a: Iron Valiant|Quark Drive|[silent]
|switch|p2a: Garchomp|Garchomp, F|100/100
|-damage|p2a: Garchomp|88/100|[from] Spikes
|move|p1a: Moltres|U-turn|p2a: Garchomp
|-damage|p2a: Garchomp|71/100
|-damage|p1a: Moltres|88/100|[from] ability: Rough Skin|[of] p2a: Garchomp
|
|t:|1760445072
|switch|p1a: Samurott|Samurott-Hisui, M|100/100|[from] U-turn
|
|upkeep
|turn|12
|
|t:|1760445083
|move|p2a: Garchomp|Swords Dance|p2a: Garchomp
|-boost|p2a: Garchomp|atk|2
|move|p1a: Samurott|Ceaseless Edge|p2a: Garchomp
|-damage|p2a: Garchomp|21/100
|-damage|p1a: Samurott|88/100|[from] ability: Rough Skin|[of] p2a: Garchomp
|-sidestart|p2: delete tera|Spikes
|
|upkeep
|turn|13
|
|t:|1760445089
|move|p1a: Samurott|Sucker Punch|p2a: Garchomp
|-damage|p2a: Garchomp|0 fnt
|-damage|p1a: Samurott|76/100|[from] ability: Rough Skin|[of] p2a: Garchomp
|faint|p2a: Garchomp
|
|upkeep
|
|t:|1760445092
|switch|p2a: Iron Valiant|Iron Valiant|88/100
|-damage|p2a: Iron Valiant|71/100|[from] Spikes
|turn|14
|
|t:|1760445095
|-terastallize|p1a: Samurott|Ground
|move|p2a: Iron Valiant|Moonblast|p1a: Samurott
|-damage|p1a: Samurott|32/100
|move|p1a: Samurott|Razor Shell|p2a: Iron Valiant
|-damage|p2a: Iron Valiant|1/100
|
|upkeep
|turn|15
|
|t:|1760445112
|move|p1a: Samurott|Sucker Punch||[still]
|-fail|p1a: Samurott
|move|p2a: Iron Valiant|Encore|p1a: Samurott
|-start|p1a: Samurott|Encore
|
|upkeep
|turn|16
|
|t:|1760445115
|switch|p1a: Moltres|Moltres|88/100
|move|p2a: Iron Valiant|Encore||[still]
|-fail|p2a: Iron Valiant
|
|upkeep
|turn|17
|
|t:|1760445120
|move|p2a: Iron Valiant|Moonblast|p1a: Moltres
|-resisted|p1a: Moltres
|-damage|p1a: Moltres|72/100
|move|p1a: Moltres|U-turn|p2a: Iron Valiant
|-resisted|p2a: Iron Valiant
|-crit|p2a: Iron Valiant
|-damage|p2a: Iron Valiant|0 fnt
|faint|p2a: Iron Valiant
|-end|p2a: Iron Valiant|Quark Drive|[silent]
|
|t:|1760445127
|switch|p1a: Gliscor|Gliscor, M|81/100 tox|[from] U-turn
|
|-heal|p1a: Gliscor|93/100 tox|[from] ability: Poison Heal
|upkeep
|
|t:|1760445133
|switch|p2a: Iron Hands|Iron Hands|100/100
|-damage|p2a: Iron Hands|84/100|[from] Spikes
|-enditem|p2a: Iron Hands|Booster Energy
|-activate|p2a: Iron Hands|ability: Quark Drive|[fromitem]
|-start|p2a: Iron Hands|quarkdriveatk
|turn|18
|
|t:|1760445138
|move|p1a: Gliscor|Toxic|p2a: Iron Hands
|-status|p2a: Iron Hands|tox
|move|p2a: Iron Hands|Ice Punch|p1a: Gliscor
|-supereffective|p1a: Gliscor
|-damage|p1a: Gliscor|0 fnt
|faint|p1a: Gliscor
|
|-damage|p2a: Iron Hands|78/100 tox|[from] psn
|upkeep
|
|t:|1760445144
|switch|p1a: Zamazenta|Zamazenta|100/100
|-ability|p1a: Zamazenta|Dauntless Shield|boost
|-boost|p1a: Zamazenta|def|1
|turn|19
|
|t:|1760445152
|move|p1a: Zamazenta|Iron Defense|p1a: Zamazenta
|-boost|p1a: Zamazenta|def|2
|move|p2a: Iron Hands|Drain Punch|p1a: Zamazenta
|-damage|p1a: Zamazenta|85/100
|-heal|p2a: Iron Hands|83/100 tox|[from] drain|[of] p1a: Zamazenta
|
|-damage|p2a: Iron Hands|71/100 tox|[from] psn
|upkeep
|turn|20
|
|t:|1760445159
|-end|p2a: Iron Hands|Quark Drive|[silent]
|switch|p2a: Zamazenta|Zamazenta|100/100
|-damage|p2a: Zamazenta|84/100|[from] Spikes
|-ability|p2a: Zamazenta|Dauntless Shield|boost
|-boost|p2a: Zamazenta|def|1
|move|p1a: Zamazenta|Iron Defense|p1a: Zamazenta
|-boost|p1a: Zamazenta|def|2
|
|-heal|p2a: Zamazenta|90/100|[from] item: Leftovers
|upkeep
|turn|21
|
|t:|1760445165
|move|p2a: Zamazenta|Roar|p1a: Zamazenta
|drag|p1a: Weezing|Weezing-Galar, M|100/100
|-ability|p1a: Weezing|Neutralizing Gas
|
|-heal|p2a: Zamazenta|96/100|[from] item: Leftovers
|upkeep
|turn|22
|
|t:|1760445174
|-terastallize|p2a: Zamazenta|Fire
|move|p2a: Zamazenta|Iron Defense|p2a: Zamazenta
|-boost|p2a: Zamazenta|def|2
|move|p1a: Weezing|Sludge Bomb|p2a: Zamazenta
|-damage|p2a: Zamazenta|75/100
|
|-heal|p2a: Zamazenta|81/100|[from] item: Leftovers
|upkeep
|turn|23
|
|t:|1760445177
|move|p2a: Zamazenta|Iron Defense|p2a: Zamazenta
|-boost|p2a: Zamazenta|def|2
|move|p1a: Weezing|Sludge Bomb|p2a: Zamazenta
|-damage|p2a: Zamazenta|59/100
|
|-heal|p2a: Zamazenta|65/100|[from] item: Leftovers
|upkeep
|turn|24
|
|t:|1760445179
|move|p2a: Zamazenta|Body Press|p1a: Weezing
|-resisted|p1a: Weezing
|-damage|p1a: Weezing|82/100
|move|p1a: Weezing|Sludge Bomb|p2a: Zamazenta
|-damage|p2a: Zamazenta|43/100
|
|-heal|p2a: Zamazenta|49/100|[from] item: Leftovers
|upkeep
|turn|25
|
|t:|1760445183
|move|p1a: Weezing|Sludge Bomb|p2a: Zamazenta
|-damage|p2a: Zamazenta|29/100
|-status|p2a: Zamazenta|psn
|move|p2a: Zamazenta|Roar|p1a: Weezing
|-end|p1a: Weezing|ability: Neutralizing Gas
|drag|p1a: Samurott|Samurott-Hisui, M, tera:Ground|32/100
|
|-heal|p2a: Zamazenta|35/100 psn|[from] item: Leftovers
|-damage|p2a: Zamazenta|23/100 psn|[from] psn
|upkeep
|turn|26
|
|t:|1760445185
|move|p2a: Zamazenta|Body Press|p1a: Samurott
|-damage|p1a: Samurott|0 fnt
|faint|p1a: Samurott
|
|-heal|p2a: Zamazenta|29/100 psn|[from] item: Leftovers
|-damage|p2a: Zamazenta|16/100 psn|[from] psn
|upkeep
|
|t:|1760445188
|switch|p1a: Weezing|Weezing-Galar, M|82/100
|-ability|p1a: Weezing|Neutralizing Gas
|turn|27
|
|t:|1760445191
|move|p2a: Zamazenta|Body Press|p1a: Weezing
|-resisted|p1a: Weezing
|-damage|p1a: Weezing|62/100
|move|p1a: Weezing|Sludge Bomb|p2a: Zamazenta
|-damage|p2a: Zamazenta|0 fnt
|faint|p2a: Zamazenta
|
|upkeep
|
|t:|1760445193
|switch|p2a: Salazzle|Salazzle, F, shiny|100/100
|-damage|p2a: Salazzle|84/100|[from] Spikes
|turn|28
|
|t:|1760445196
|move|p2a: Salazzle|Sludge Wave|p1a: Weezing
|-damage|p1a: Weezing|0 fnt
|faint|p1a: Weezing
|-end|p1a: Weezing|ability: Neutralizing Gas
|
|upkeep
|
|t:|1760445200
|switch|p1a: Moltres|Moltres|72/100
|turn|29
|
|t:|1760445204
|move|p2a: Salazzle|Sludge Wave|p1a: Moltres
|-damage|p1a: Moltres|35/100
|move|p1a: Moltres|Brave Bird|p2a: Salazzle
|-damage|p2a: Salazzle|1/100
|-damage|p1a: Moltres|15/100|[from] Recoil
|
|upkeep
|turn|30
|
|t:|1760445209
|move|p2a: Salazzle|Sludge Wave|p1a: Moltres
|-damage|p1a: Moltres|0 fnt
|faint|p1a: Moltres
|
|upkeep
|
|t:|1760445211
|switch|p1a: Zamazenta|Zamazenta|85/100
|turn|31
|
|t:|1760445213
|move|p1a: Zamazenta|Body Press|p2a: Salazzle
|-resisted|p2a: Salazzle
|-damage|p2a: Salazzle|0 fnt
|faint|p2a: Salazzle
|
|upkeep
|
|t:|1760445215
|switch|p2a: Iron Hands|Iron Hands|71/100 tox
|-damage|p2a: Iron Hands|54/100 tox|[from] Spikes
|turn|32
|
|t:|1760445217
|move|p1a: Zamazenta|Iron Defense|p1a: Zamazenta
|-boost|p1a: Zamazenta|def|2
|move|p2a: Iron Hands|Swords Dance|p2a: Iron Hands
|-boost|p2a: Iron Hands|atk|2
|
|-damage|p2a: Iron Hands|48/100 tox|[from] psn
|upkeep
|turn|33
|
|t:|1760445220
|move|p1a: Zamazenta|Body Press|p2a: Iron Hands
|-damage|p2a: Iron Hands|0 fnt
|faint|p2a: Iron Hands
|-end|p2a: Iron Hands|Quark Drive|[silent]
|
|win|Ozypondias
|raw|Ozypondias's rating: 1449 &rarr; <strong>1463</strong><br />(+14 for winning)
|raw|delete tera's rating: 1347 &rarr; <strong>1333</strong><br />(-14 for losing)
|l|☆delete tera
|player|p2|
|l|☆Ozypondias
|player|p1|
