|j|☆24iomxx
|j|☆Andrewtre
|t:|1760455428
|gametype|singles
|player|p1|24iomxx|hilbert-masters|1126
|player|p2|Andrewtre|psychic|1173
|gen|9
|tier|[Gen 9] OU
|rated|
|rule|HP Percentage Mod: HP is shown in percentages
|rule|Endless Battle Clause: Forcing endless battles is banned
|rule|Species Clause: Limit one of each Pokémon
|rule|OHKO Clause: OHKO moves are banned
|rule|Evasion Items Clause: Evasion items are banned
|rule|Evasion Moves Clause: Evasion moves are banned
|rule|Evasion Abilities Clause: Evasion abilities are banned
|rule|Sleep Moves Clause: Sleep-inducing moves are banned
|clearpoke
|poke|p1|Hydreigon, M|
|poke|p1|Excadrill, M|
|poke|p1|Galvantula, F|
|poke|p1|Chandelure, F|
|poke|p1|Amoonguss, F|
|poke|p1|Braviary, M|
|poke|p2|Gyarados, F|
|poke|p2|Corviknight, M|
|poke|p2|Dragonite, M|
|poke|p2|Gliscor, M|
|poke|p2|Delibird, M|
|poke|p2|Mandibuzz, F|
|teampreview
|inactive|Battle timer is ON: inactive players will automatically lose when time's up. (requested by Andrewtre)
|
|t:|1760455437
|teamsize|p1|6
|teamsize|p2|6
|start
|switch|p1a: Galvantula|Galvantula, F|100/100
|switch|p2a: Delibird|Delibird, M|100/100
|turn|1
|
|t:|1760455454
|move|p1a: Galvantula|Thunder|p2a: Delibird|[miss]
|-miss|p1a: Galvantula|p2a: Delibird
|move|p2a: Delibird|Spikes|p1a: Galvantula
|-sidestart|p1: 24iomxx|Spikes
|
|upkeep
|turn|2
|
|t:|1760455458
|move|p1a: Galvantula|Thunder|p2a: Delibird
|-supereffective|p2a: Delibird
|-enditem|p2a: Delibird|Focus Sash
|-damage|p2a: Delibird|1/100
|move|p2a: Delibird|Spikes|p1a: Galvantula
|-sidestart|p1: 24iomxx|Spikes
|
|upkeep
|turn|3
|
|t:|1760455466
|move|p1a: Galvantula|Bug Buzz|p2a: Delibird
|-resisted|p2a: Delibird
|-crit|p2a: Delibird
|-damage|p2a: Delibird|0 fnt
|faint|p2a: Delibird
|
|upkeep
|
|t:|1760455469
|switch|p2a: Gliscor|Gliscor, M|100/100
|turn|4
|
|t:|1760455473
|move|p1a: Galvantula|Sticky Web|p2a: Gliscor
|-sidestart|p2: Andrewtre|move: Sticky Web
|move|p2a: Gliscor|Stealth Rock|p1a: Galvantula
|-sidestart|p1: 24iomxx|move: Stealth Rock
|
|-status|p2a: Gliscor|tox|[from] item: Toxic Orb
|upkeep
|turn|5
|
|t:|1760455476
|switch|p1a: Excadrill|Excadrill, M|100/100
|-damage|p1a: Excadrill|97/100|[from] Stealth Rock
|-ability|p1a: Excadrill|Mold Breaker
|-item|p1a: Excadrill|Air Balloon
|move|p2a: Gliscor|Toxic|p1a: Excadrill
|-immune|p1a: Excadrill
|
|upkeep
|turn|6
|
|t:|1760455487
|switch|p2a: Gyarados|Gyarados, F|100/100
|move|p1a: Excadrill|Swords Dance|p1a: Excadrill
|-boost|p1a: Excadrill|atk|2
|
|upkeep
|turn|7
|
|t:|1760455491
|move|p1a: Excadrill|Iron Head|p2a: Gyarados
|-resisted|p2a: Gyarados
|-damage|p2a: Gyarados|44/100
|cant|p2a: Gyarados|flinch
|
|-heal|p2a: Gyarados|50/100|[from] item: Leftovers
|upkeep
|turn|8
|
|t:|1760455495
|move|p1a: Excadrill|Iron Head|p2a: Gyarados
|-resisted|p2a: Gyarados
|-damage|p2a: Gyarados|0 fnt
|faint|p2a: Gyarados
|
|upkeep
|
|t:|1760455500
|switch|p2a: Dragonite|Dragonite, M, shiny|100/100
|turn|9
|
|t:|1760455504
|move|p1a: Excadrill|Iron Head|p2a: Dragonite
|-damage|p2a: Dragonite|8/100
|cant|p2a: Dragonite|flinch
|
|upkeep
|turn|10
|
|t:|1760455509
|move|p1a: Excadrill|Rapid Spin|p2a: Dragonite
|-damage|p2a: Dragonite|0 fnt
|-boost|p1a: Excadrill|spe|1
|-sideend|p1: 24iomxx|Spikes|[from] move: Rapid Spin|[of] p1a: Excadrill
|-sideend|p1: 24iomxx|Stealth Rock|[from] move: Rapid Spin|[of] p1a: Excadrill
|faint|p2a: Dragonite
|
|upkeep
|
|t:|1760455511
|switch|p2a: Mandibuzz|Mandibuzz, F|100/100
|turn|11
|
|t:|1760455514
|move|p1a: Excadrill|Iron Head|p2a: Mandibuzz
|-damage|p2a: Mandibuzz|50/100
|move|p2a: Mandibuzz|Foul Play|p1a: Excadrill
|-damage|p1a: Excadrill|0 fnt
|-enditem|p1a: Excadrill|Air Balloon
|faint|p1a: Excadrill
|
|upkeep
|
|t:|1760455522
|switch|p1a: Galvantula|Galvantula, F|100/100
|turn|12
|
|t:|1760455526
|move|p1a: Galvantula|Thunder|p2a: Mandibuzz
|-supereffective|p2a: Mandibuzz
|-damage|p2a: Mandibuzz|0 fnt
|faint|p2a: Mandibuzz
|
|upkeep
|
|t:|1760455530
|switch|p2a: Gliscor|Gliscor, M|100/100 tox
|turn|13
|
|t:|1760455534
|switch|p1a: Braviary|Braviary, M|100/100
|move|p2a: Gliscor|Knock Off|p1a: Braviary
|-damage|p1a: Braviary|75/100
|-enditem|p1a: Braviary|Power Herb|[from] move: Knock Off|[of] p2a: Gliscor
|
|upkeep
|turn|14
|
|t:|1760455537
|move|p1a: Braviary|Agility|p1a: Braviary
|-boost|p1a: Braviary|spe|2
|move|p2a: Gliscor|Toxic|p1a: Braviary
|-status|p1a: Braviary|tox
|
|-damage|p1a: Braviary|69/100 tox|[from] psn
|upkeep
|turn|15
|
|t:|1760455542
|move|p2a: Gliscor|Protect|p2a: Gliscor
|-singleturn|p2a: Gliscor|Protect
|move|p1a: Braviary|Acrobatics|p2a: Gliscor
|-activate|p2a: Gliscor|move: Protect
|
|-damage|p1a: Braviary|56/100 tox|[from] psn
|upkeep
|turn|16
|
|t:|1760455551
|move|p1a: Braviary|Acrobatics|p2a: Gliscor
|-damage|p2a: Gliscor|54/100 tox
|move|p2a: Gliscor|Knock Off|p1a: Braviary
|-damage|p1a: Braviary|36/100 tox
|
|-damage|p1a: Braviary|18/100 tox|[from] psn
|-heal|p2a: Gliscor|66/100 tox|[from] ability: Poison Heal
|upkeep
|turn|17
|
|t:|1760455560
|move|p2a: Gliscor|Protect|p2a: Gliscor
|-singleturn|p2a: Gliscor|Protect
|move|p1a: Braviary|Sky Attack||[still]
|-prepare|p1a: Braviary|Sky Attack
|
|-damage|p1a: Braviary|0 fnt|[from] psn
|faint|p1a: Braviary
|-heal|p2a: Gliscor|79/100 tox|[from] ability: Poison Heal
|upkeep
|
|t:|1760455570
|switch|p1a: Hydreigon|Hydreigon, M|100/100
|turn|18
|
|t:|1760455580
|move|p1a: Hydreigon|Substitute|p1a: Hydreigon
|-start|p1a: Hydreigon|Substitute
|-damage|p1a: Hydreigon|76/100
|move|p2a: Gliscor|Toxic||[still]
|-fail|p2a: Gliscor
|
|-heal|p1a: Hydreigon|82/100|[from] item: Leftovers
|-heal|p2a: Gliscor|91/100 tox|[from] ability: Poison Heal
|upkeep
|turn|19
|
|t:|1760455583
|move|p1a: Hydreigon|Nasty Plot|p1a: Hydreigon
|-boost|p1a: Hydreigon|spa|2
|move|p2a: Gliscor|Knock Off|p1a: Hydreigon
|-resisted|p1a: Hydreigon
|-activate|p1a: Hydreigon|move: Substitute|[damage]
|
|-heal|p1a: Hydreigon|88/100|[from] item: Leftovers
|-heal|p2a: Gliscor|100/100 tox|[from] ability: Poison Heal
|upkeep
|turn|20
|
|t:|1760455587
|move|p1a: Hydreigon|Nasty Plot|p1a: Hydreigon
|-boost|p1a: Hydreigon|spa|2
|move|p2a: Gliscor|Knock Off|p1a: Hydreigon
|-resisted|p1a: Hydreigon
|-end|p1a: Hydreigon|Substitute
|
|-heal|p1a: Hydreigon|94/100|[from] item: Leftovers
|upkeep
|turn|21
|
|t:|1760455603
|move|p1a: Hydreigon|Substitute|p1a: Hydreigon
|-start|p1a: Hydreigon|Substitute
|-damage|p1a: Hydreigon|69/100
|move|p2a: Gliscor|Knock Off|p1a: Hydreigon
|-resisted|p1a: Hydreigon
|-activate|p1a: Hydreigon|move: Substitute|[damage]
|
|-heal|p1a: Hydreigon|75/100|[from] item: Leftovers
|upkeep
|turn|22
|
|t:|1760455607
|move|p1a: Hydreigon|Nasty Plot|p1a: Hydreigon
|-boost|p1a: Hydreigon|spa|2
|move|p2a: Gliscor|Knock Off|p1a: Hydreigon
|-resisted|p1a: Hydreigon
|-crit|p1a: Hydreigon
|-end|p1a: Hydreigon|Substitute
|
|-heal|p1a: Hydreigon|81/100|[from] item: Leftovers
|upkeep
|turn|23
|
|t:|1760455612
|move|p1a: Hydreigon|Substitute|p1a: Hydreigon
|-start|p1a: Hydreigon|Substitute
|-damage|p1a: Hydreigon|56/100
|move|p2a: Gliscor|Knock Off|p1a: Hydreigon
|-resisted|p1a: Hydreigon
|-activate|p1a: Hydreigon|move: Substitute|[damage]
|
|-heal|p1a: Hydreigon|63/100|[from] item: Leftovers
|upkeep
|turn|24
|
|t:|1760455614
|move|p1a: Hydreigon|Draco Meteor|p2a: Gliscor|[miss]
|-miss|p1a: Hydreigon|p2a: Gliscor
|move|p2a: Gliscor|Knock Off|p1a: Hydreigon
|-resisted|p1a: Hydreigon
|-end|p1a: Hydreigon|Substitute
|
|-heal|p1a: Hydreigon|69/100|[from] item: Leftovers
|upkeep
|turn|25
|
|t:|1760455617
|move|p1a: Hydreigon|Draco Meteor|p2a: Gliscor
|-damage|p2a: Gliscor|0 fnt
|-unboost|p1a: Hydreigon|spa|2
|faint|p2a: Gliscor
|
|-heal|p1a: Hydreigon|75/100|[from] item: Leftovers
|upkeep
|
|t:|1760455619
|switch|p2a: Corviknight|Corviknight, M|100/100
|-ability|p2a: Corviknight|Pressure
|turn|26
|
|t:|1760455622
|switch|p1a: Chandelure|Chandelure, F|100/100
|move|p2a: Corviknight|Brave Bird|p1a: Chandelure
|-damage|p1a: Chandelure|45/100
|-damage|p2a: Corviknight|88/100|[from] Recoil
|
|upkeep
|turn|27
|
|t:|1760455632
|-terastallize|p2a: Corviknight|Dragon
|move|p1a: Chandelure|Fire Blast|p2a: Corviknight
|-resisted|p2a: Corviknight
|-damage|p2a: Corviknight|57/100
|-status|p2a: Corviknight|brn
|move|p2a: Corviknight|Brave Bird|p1a: Chandelure
|-crit|p1a: Chandelure
|-damage|p1a: Chandelure|6/100
|-damage|p2a: Corviknight|49/100 brn|[from] Recoil
|
|-damage|p2a: Corviknight|43/100 brn|[from] brn
|upkeep
|turn|28
|
|t:|1760455638
|move|p1a: Chandelure|Fire Blast|p2a: Corviknight|[miss]
|-miss|p1a: Chandelure|p2a: Corviknight
|move|p2a: Corviknight|Roost|p2a: Corviknight
|-heal|p2a: Corviknight|93/100 brn
|
|-damage|p2a: Corviknight|87/100 brn|[from] brn
|upkeep
|turn|29
|
|t:|1760455641
|move|p1a: Chandelure|Fire Blast|p2a: Corviknight
|-resisted|p2a: Corviknight
|-damage|p2a: Corviknight|59/100 brn
|move|p2a: Corviknight|Brave Bird|p1a: Chandelure
|-damage|p1a: Chandelure|0 fnt
|faint|p1a: Chandelure
|-damage|p2a: Corviknight|58/100 brn|[from] Recoil
|
|-damage|p2a: Corviknight|52/100 brn|[from] brn
|upkeep
|
|t:|1760455648
|switch|p1a: Hydreigon|Hydreigon, M|75/100
|turn|30
|
|t:|1760455654
|move|p1a: Hydreigon|Draco Meteor|p2a: Corviknight
|-supereffective|p2a: Corviknight
|-damage|p2a: Corviknight|0 fnt
|-unboost|p1a: Hydreigon|spa|2
|faint|p2a: Corviknight
|
|win|24iomxx
|raw|24iomxx's rating: 1100 &rarr; <strong>1130</strong><br />(+30 for winning)
|raw|Andrewtre's rating: 1173 &rarr; <strong>1143</strong><br />(-30 for losing)
|l|☆Andrewtre
|player|p2|
|l|☆24iomxx
|player|p1|
