|j|☆i may be rezz
|j|☆Amx-goatt
|t:|1760317244
|gametype|singles
|player|p1|i may be rezz|1|
|player|p2|Amx-goatt|swimmer-gen4dp|
|gen|9
|tier|[Gen 9] OU
|rule|HP Percentage Mod: HP is shown in percentages
|rule|Endless Battle Clause: Forcing endless battles is banned
|rule|Species Clause: Limit one of each Pokémon
|rule|OHKO Clause: OHKO moves are banned
|rule|Evasion Items Clause: Evasion items are banned
|rule|Evasion Moves Clause: Evasion moves are banned
|rule|Evasion Abilities Clause: Evasion abilities are banned
|rule|Sleep Moves Clause: Sleep-inducing moves are banned
|clearpoke
|poke|p1|Ting-Lu|
|poke|p1|Weezing-Galar, M|
|poke|p1|Alomomola, F|
|poke|p1|Tornadus-Therian, M|
|poke|p1|Gholdengo|
|poke|p1|Zamazenta-*|
|poke|p2|Ogerpon-Wellspring, F|
|poke|p2|Kingambit, M|
|poke|p2|Landorus-Therian, M|
|poke|p2|Glimmora, F|
|poke|p2|Dragapult, F|
|poke|p2|Iron Valiant|
|teampreview
|
|t:|1760317269
|teamsize|p1|6
|teamsize|p2|6
|start
|switch|p1a: Ozama Bin Laden|Zamazenta, shiny|100/100
|switch|p2a: Landorus|Landorus-Therian, M|100/100
|-ability|p1a: Ozama Bin Laden|Dauntless Shield|boost
|-boost|p1a: Ozama Bin Laden|def|1
|-ability|p2a: Landorus|Intimidate|boost
|-unboost|p1a: Ozama Bin Laden|atk|1
|turn|1
|
|t:|1760317285
|switch|p2a: Glimmora|Glimmora, F|100/100
|move|p1a: Ozama Bin Laden|Ice Fang|p2a: Glimmora
|-damage|p2a: Glimmora|82/100
|-status|p2a: Glimmora|frz
|-activate|p2a: Glimmora|ability: Toxic Debris
|-sidestart|p1: i may be rezz|move: Toxic Spikes
|
|upkeep
|turn|2
|j| Tara yummy
|
|t:|1760317319
|switch|p1a: Djengo Unrained|Gholdengo|100/100
|cant|p2a: Glimmora|frz
|
|upkeep
|turn|3
|
|t:|1760317331
|switch|p2a: Landorus|Landorus-Therian, M|100/100
|-ability|p2a: Landorus|Intimidate|boost
|-unboost|p1a: Djengo Unrained|atk|1
|move|p1a: Djengo Unrained|Trick|p2a: Landorus
|-activate|p1a: Djengo Unrained|move: Trick|[of] p2a: Landorus
|-item|p2a: Landorus|Choice Scarf|[from] move: Trick
|-item|p1a: Djengo Unrained|Rocky Helmet|[from] move: Trick
|
|upkeep
|turn|4
|j| spotifytweaks
|
|t:|1760317344
|switch|p1a: G-Wheezy|Weezing-Galar, M, shiny|100/100
|-ability|p1a: G-Wheezy|Neutralizing Gas
|-sideend|p1: i may be rezz|move: Toxic Spikes|[of] p1a: G-Wheezy
|move|p2a: Landorus|U-turn|p1a: G-Wheezy
|-resisted|p1a: G-Wheezy
|-damage|p1a: G-Wheezy|97/100
|
|t:|1760317353
|switch|p2a: Glimmora|Glimmora, F|82/100 frz|[from] U-turn
|
|upkeep
|turn|5
|
|t:|1760317361
|-end|p1a: G-Wheezy|ability: Neutralizing Gas
|switch|p1a: Lus-Lus Situation|Ting-Lu, shiny|100/100
|-ability|p1a: Lus-Lus Situation|Vessel of Ruin
|cant|p2a: Glimmora|frz
|
|upkeep
|turn|6
|
|t:|1760317367
|cant|p2a: Glimmora|frz
|move|p1a: Lus-Lus Situation|Stealth Rock|p2a: Glimmora
|-sidestart|p2: Amx-goatt|move: Stealth Rock
|
|upkeep
|turn|7
|
|t:|1760317376
|cant|p2a: Glimmora|frz
|move|p1a: Lus-Lus Situation|Earthquake|p2a: Glimmora
|-supereffective|p2a: Glimmora
|-damage|p2a: Glimmora|0 fnt
|-activate|p2a: Glimmora|ability: Toxic Debris
|-sidestart|p1: i may be rezz|move: Toxic Spikes
|faint|p2a: Glimmora
|
|upkeep
|c| spotifytweaks|nah what
|c| spotifytweaks|free br
|
|t:|1760317394
|switch|p2a: Ogerpon|Ogerpon-Wellspring, F|100/100
|-damage|p2a: Ogerpon|88/100|[from] Stealth Rock
|turn|8
|c|☆i may be rezz|e
|
|t:|1760317412
|move|p2a: Ogerpon|Ivy Cudgel|p1a: Lus-Lus Situation|[anim] Ivy Cudgel Water
|-supereffective|p1a: Lus-Lus Situation
|-crit|p1a: Lus-Lus Situation
|-damage|p1a: Lus-Lus Situation|0 fnt
|faint|p1a: Lus-Lus Situation
|
|upkeep
|c|☆i may be rezz|bruh
|
|t:|1760317422
|switch|p1a: G-Wheezy|Weezing-Galar, M, shiny|97/100
|-ability|p1a: G-Wheezy|Neutralizing Gas
|-sideend|p1: i may be rezz|move: Toxic Spikes|[of] p1a: G-Wheezy
|turn|9
|
|t:|1760317427
|move|p2a: Ogerpon|Taunt|p1a: G-Wheezy
|-start|p1a: G-Wheezy|move: Taunt
|cant|p1a: G-Wheezy|move: Taunt|Will-O-Wisp
|
|upkeep
|turn|10
|
|t:|1760317437
|switch|p2a: Landorus|Landorus-Therian, M|100/100
|-damage|p2a: Landorus|88/100|[from] Stealth Rock
|-end|p1a: G-Wheezy|ability: Neutralizing Gas
|-ability|p2a: Landorus|Intimidate|boost
|-unboost|p1a: G-Wheezy|atk|1
|switch|p1a: Ozama Bin Laden|Zamazenta, shiny|100/100
|
|upkeep
|turn|11
|
|t:|1760317495
|move|p2a: Landorus|Stealth Rock|p1a: Ozama Bin Laden
|-sidestart|p1: i may be rezz|move: Stealth Rock
|move|p1a: Ozama Bin Laden|Ice Fang|p2a: Landorus
|-supereffective|p2a: Landorus
|-damage|p2a: Landorus|0 fnt
|faint|p2a: Landorus
|
|upkeep
|c|☆i may be rezz|warra sac
|
|t:|1760317507
|switch|p2a: Iron Valiant|Iron Valiant|100/100
|-damage|p2a: Iron Valiant|94/100|[from] Stealth Rock
|-enditem|p2a: Iron Valiant|Booster Energy
|-activate|p2a: Iron Valiant|ability: Quark Drive|[fromitem]
|-start|p2a: Iron Valiant|quarkdrivespe
|turn|12
|c| Tara yummy|Cold
|
|t:|1760317532
|switch|p1a: HP Hoe|Alomomola, F, shiny|100/100
|-damage|p1a: HP Hoe|88/100|[from] Stealth Rock
|move|p2a: Iron Valiant|Knock Off|p1a: HP Hoe
|-damage|p1a: HP Hoe|69/100
|-damage|p2a: Iron Valiant|78/100|[from] item: Rocky Helmet|[of] p1a: HP Hoe
|-enditem|p1a: HP Hoe|Rocky Helmet|[from] move: Knock Off|[of] p2a: Iron Valiant
|
|upkeep
|turn|13
|
|t:|1760317555
|-end|p2a: Iron Valiant|Quark Drive|[silent]
|switch|p2a: Ogerpon|Ogerpon-Wellspring, F|88/100
|-damage|p2a: Ogerpon|76/100|[from] Stealth Rock
|move|p1a: HP Hoe|Tickle|p2a: Ogerpon
|-unboost|p2a: Ogerpon|atk|1
|-unboost|p2a: Ogerpon|def|1
|
|upkeep
|turn|14
|
|t:|1760317569
|move|p2a: Ogerpon|Taunt|p1a: HP Hoe
|-start|p1a: HP Hoe|move: Taunt
|cant|p1a: HP Hoe|move: Taunt|Tickle
|
|upkeep
|turn|15
|
|t:|1760317580
|switch|p2a: Kingambit|Kingambit, M|100/100
|-damage|p2a: Kingambit|94/100|[from] Stealth Rock
|-activate|p2a: Kingambit|ability: Supreme Overlord
|-start|p2a: Kingambit|fallen2|[silent]
|switch|p1a: Therry Christmas|Tornadus-Therian, M, shiny|100/100
|
|-heal|p2a: Kingambit|100/100|[from] item: Leftovers
|upkeep
|turn|16
|
|t:|1760317596
|-terastallize|p1a: Therry Christmas|Fairy
|-terastallize|p2a: Kingambit|Ghost
|move|p1a: Therry Christmas|Nasty Plot|p1a: Therry Christmas
|-boost|p1a: Therry Christmas|spa|2
|move|p2a: Kingambit|Swords Dance|p2a: Kingambit
|-boost|p2a: Kingambit|atk|2
|
|upkeep
|turn|17
|
|t:|1760317603
|move|p1a: Therry Christmas|Bleakwind Storm|p2a: Kingambit
|-damage|p2a: Kingambit|33/100
|move|p2a: Kingambit|Iron Head|p1a: Therry Christmas
|-supereffective|p1a: Therry Christmas
|-damage|p1a: Therry Christmas|0 fnt
|faint|p1a: Therry Christmas
|
|-heal|p2a: Kingambit|39/100|[from] item: Leftovers
|upkeep
|c| Tara yummy|Fraudulent damage
|j| GOGIGAGIGAGIGO5TB
|
|t:|1760317624
|switch|p1a: HP Hoe|Alomomola, F, shiny|100/100
|-damage|p1a: HP Hoe|88/100|[from] Stealth Rock
|turn|18
|l| gogigagigagigo5tb
|
|t:|1760317644
|move|p2a: Kingambit|Kowtow Cleave|p1a: HP Hoe
|-damage|p1a: HP Hoe|19/100
|move|p1a: HP Hoe|Flip Turn|p2a: Kingambit
|-damage|p2a: Kingambit|27/100
|j| SMLT2SDM_Celestial
|
|t:|1760317653
|switch|p1a: Ozama Bin Laden|Zamazenta, shiny|100/100|[from] Flip Turn
|
|-heal|p2a: Kingambit|34/100|[from] item: Leftovers
|upkeep
|turn|19
|c| spotifytweaks|this mf had iron head
|c| SMLT2SDM_Celestial|let's goo
|
|t:|1760317665
|move|p2a: Kingambit|Sucker Punch|p1a: Ozama Bin Laden
|-resisted|p1a: Ozama Bin Laden
|-damage|p1a: Ozama Bin Laden|54/100
|move|p1a: Ozama Bin Laden|Crunch|p2a: Kingambit
|-supereffective|p2a: Kingambit
|-damage|p2a: Kingambit|0 fnt
|faint|p2a: Kingambit
|-end|p2a: Kingambit|fallen2|[silent]
|
|upkeep
|
|t:|1760317677
|switch|p2a: Dragapult|Dragapult, F|100/100
|-damage|p2a: Dragapult|88/100|[from] Stealth Rock
|turn|20
|c| SMLT2SDM_Celestial|:/
|
|t:|1760317696
|move|p2a: Dragapult|Shadow Ball|p1a: Ozama Bin Laden
|-damage|p1a: Ozama Bin Laden|7/100
|-unboost|p1a: Ozama Bin Laden|spd|1
|move|p1a: Ozama Bin Laden|Crunch|p2a: Dragapult
|-supereffective|p2a: Dragapult
|-damage|p2a: Dragapult|18/100
|
|upkeep
|turn|21
|c| spotifytweaks|ouch
|c| SMLT2SDM_Celestial|draco was
|c| SMLT2SDM_Celestial|better
|c|☆Amx-goatt|Thought that killed wth
|c| spotifytweaks|we dont need a backseater yo
|
|t:|1760317731
|move|p2a: Dragapult|Shadow Ball|p1a: Ozama Bin Laden
|-damage|p1a: Ozama Bin Laden|0 fnt
|faint|p1a: Ozama Bin Laden
|
|upkeep
|
|t:|1760317736
|switch|p1a: G-Wheezy|Weezing-Galar, M, shiny|97/100
|-ability|p1a: G-Wheezy|Neutralizing Gas
|turn|22
|c| SMLT2SDM_Celestial|almost ggs
|
|t:|1760317757
|move|p2a: Dragapult|Shadow Ball|p1a: G-Wheezy
|-damage|p1a: G-Wheezy|31/100
|move|p1a: G-Wheezy|Sludge Bomb|p2a: Dragapult
|-resisted|p2a: Dragapult
|-crit|p2a: Dragapult
|-damage|p2a: Dragapult|0 fnt
|faint|p2a: Dragapult
|
|upkeep
|
|t:|1760317767
|switch|p2a: Ogerpon|Ogerpon-Wellspring, F|76/100
|-damage|p2a: Ogerpon|64/100|[from] Stealth Rock
|turn|23
|c| spotifytweaks|nooooowuh
|c| SMLT2SDM_Celestial|crit
|c| spotifytweaks|wuhluhwuh
|
|t:|1760317784
|-end|p1a: G-Wheezy|ability: Neutralizing Gas
|switch|p1a: HP Hoe|Alomomola, F, shiny|52/100
|-damage|p1a: HP Hoe|40/100|[from] Stealth Rock
|move|p2a: Ogerpon|Ivy Cudgel|p1a: HP Hoe|[anim] Ivy Cudgel Water
|-resisted|p1a: HP Hoe
|-damage|p1a: HP Hoe|22/100
|
|upkeep
|turn|24
|c| Tara yummy|And this is how you choke a game 😭
|c| SMLT2SDM_Celestial|go amx
|c| SMLT2SDM_Celestial|u got ts
|
|t:|1760317811
|move|p2a: Ogerpon|Horn Leech|p1a: HP Hoe
|-supereffective|p1a: HP Hoe
|-damage|p1a: HP Hoe|0 fnt
|-heal|p2a: Ogerpon|80/100|[from] drain|[of] p1a: HP Hoe
|faint|p1a: HP Hoe
|
|upkeep
|c| SMLT2SDM_Celestial|maybe
|c| SMLT2SDM_Celestial|weezing hp low
|
|t:|1760317835
|switch|p1a: G-Wheezy|Weezing-Galar, M, shiny|31/100
|-ability|p1a: G-Wheezy|Neutralizing Gas
|turn|25
|
|t:|1760317850
|move|p2a: Ogerpon|Ivy Cudgel|p1a: G-Wheezy|[anim] Ivy Cudgel Water
|-crit|p1a: G-Wheezy
|-damage|p1a: G-Wheezy|0 fnt
|faint|p1a: G-Wheezy
|-end|p1a: G-Wheezy|ability: Neutralizing Gas
|
|upkeep
|c|☆i may be rezz|that jammy crit lowkey got him
|
|t:|1760317857
|switch|p1a: Djengo Unrained|Gholdengo|100/100
|-damage|p1a: Djengo Unrained|94/100|[from] Stealth Rock
|turn|26
|c| SMLT2SDM_Celestial|hax?
|
|t:|1760317868
|switch|p2a: Iron Valiant|Iron Valiant|78/100
|-damage|p2a: Iron Valiant|71/100|[from] Stealth Rock
|move|p1a: Djengo Unrained|Shadow Ball|p2a: Iron Valiant
|-damage|p2a: Iron Valiant|0 fnt
|faint|p2a: Iron Valiant
|-end|p2a: Iron Valiant|Quark Drive|[silent]
|
|upkeep
|c| spotifytweaks|hax
|c| spotifytweaks|omg
|j| TheLads0608
|c| SMLT2SDM_Celestial|wtf are u
|c| SMLT2SDM_Celestial|doin
|c|☆Amx-goatt|Bro
|c| Tara yummy|What was the point in that
|c| spotifytweaks|omgah
|c| SMLT2SDM_Celestial|u could wom
|c|☆Amx-goatt|I misslucked
|c| spotifytweaks|bro
|c| SMLT2SDM_Celestial|won
|c| Tara yummy|make it rain doesn’t kill bro
|c|☆Amx-goatt|I went to. See hp on it
|c| TheLads0608|amx i love u man
|c| Tara yummy|bro mis clicked a whole mon 😭
|c| spotifytweaks|tsu unblock me u fucker
|c|☆Amx-goatt|Bro
|c| SMLT2SDM_Celestial|Is ts dengo scarf
|c|☆Amx-goatt|😐
|
|t:|1760317930
|switch|p2a: Ogerpon|Ogerpon-Wellspring, F|80/100
|-damage|p2a: Ogerpon|68/100|[from] Stealth Rock
|turn|27
|c| spotifytweaks|rocky helm dengo
|c| TheLads0608|whos spotifytweaks?
|c| Tara yummy|I don’t think shadow ball kills in 1
|c| spotifytweaks|its the play
|c| Tara yummy|so
|
|t:|1760317936
|move|p2a: Ogerpon|Ivy Cudgel|p1a: Djengo Unrained|[anim] Ivy Cudgel Water
|-damage|p1a: Djengo Unrained|26/100
|move|p1a: Djengo Unrained|Shadow Ball|p2a: Ogerpon
|-damage|p2a: Ogerpon|19/100
|-unboost|p2a: Ogerpon|spd|1
|
|upkeep
|turn|28
|c| Tara yummy|yeah
|c| Tara yummy|gg
|c| spotifytweaks|ggs
|c| spotifytweaks|dang
|c| SMLT2SDM_Celestial|rocky dengo
|l| TheLads0608
|c| Tara yummy|It was trick
|c|☆i may be rezz|nih crits me 3000 times and i dont get 1
|
|t:|1760317960
|move|p2a: Ogerpon|Ivy Cudgel|p1a: Djengo Unrained|[anim] Ivy Cudgel Water
|-damage|p1a: Djengo Unrained|0 fnt
|faint|p1a: Djengo Unrained
|
|win|Amx-goatt
|c| spotifytweaks|rezz lost
|c| spotifytweaks|damn
