|j|☆gabrielxd1023
|j|☆Yz99999
|t:|1760460214
|gametype|singles
|player|p1|gabrielxd1023|lucas|1616
|player|p2|Yz99999|170|1624
|gen|9
|tier|[Gen 9] OU
|rated|
|rule|HP Percentage Mod: HP is shown in percentages
|rule|Endless Battle Clause: Forcing endless battles is banned
|rule|Species Clause: Limit one of each Pokémon
|rule|OHKO Clause: OHKO moves are banned
|rule|Evasion Items Clause: Evasion items are banned
|rule|Evasion Moves Clause: Evasion moves are banned
|rule|Evasion Abilities Clause: Evasion abilities are banned
|rule|Sleep Moves Clause: Sleep-inducing moves are banned
|clearpoke
|poke|p1|Lokix, M|
|poke|p1|Cinderace, M|
|poke|p1|Enamorus, F|
|poke|p1|Slowking-Galar, M|
|poke|p1|Ting-Lu|
|poke|p1|Corviknight, F|
|poke|p2|Garganacl, F|
|poke|p2|Corviknight, F|
|poke|p2|Great Tusk|
|poke|p2|Scizor, F|
|poke|p2|Raging Bolt|
|poke|p2|Maushold|
|teampreview
|inactive|Battle timer is ON: inactive players will automatically lose when time's up. (requested by Yz99999)
|
|t:|1760460229
|teamsize|p1|6
|teamsize|p2|6
|start
|switch|p1a: Slowking|Slowking-Galar, M|100/100
|switch|p2a: Great Tusk|Great Tusk|100/100
|turn|1
|
|t:|1760460231
|move|p2a: Great Tusk|Knock Off|p1a: Slowking
|-supereffective|p1a: Slowking
|-damage|p1a: Slowking|55/100
|-enditem|p1a: Slowking|Shuca Berry|[from] move: Knock Off|[of] p2a: Great Tusk
|move|p1a: Slowking|Ice Beam|p2a: Great Tusk
|-supereffective|p2a: Great Tusk
|-damage|p2a: Great Tusk|34/100
|
|upkeep
|turn|2
|
|t:|1760460244
|switch|p1a: Corviknight|Corviknight, F|100/100
|-ability|p1a: Corviknight|Pressure
|move|p2a: Great Tusk|Knock Off|p1a: Corviknight
|-damage|p1a: Corviknight|81/100
|-damage|p2a: Great Tusk|17/100|[from] item: Rocky Helmet|[of] p1a: Corviknight
|-enditem|p1a: Corviknight|Rocky Helmet|[from] move: Knock Off|[of] p2a: Great Tusk
|
|upkeep
|turn|3
|
|t:|1760460249
|-end|p2a: Great Tusk|Protosynthesis|[silent]
|switch|p2a: Corviknight|Corviknight, F|100/100
|-ability|p2a: Corviknight|Pressure
|move|p1a: Corviknight|U-turn|p2a: Corviknight
|-resisted|p2a: Corviknight
|-damage|p2a: Corviknight|97/100
|-damage|p1a: Corviknight|64/100|[from] item: Rocky Helmet|[of] p2a: Corviknight
|
|t:|1760460257
|switch|p1a: Slowking|Slowking-Galar, M|89/100|[from] U-turn
|
|upkeep
|turn|4
|
|t:|1760460259
|move|p2a: Corviknight|U-turn|p1a: Slowking
|-damage|p1a: Slowking|78/100
|
|t:|1760460261
|switch|p2a: Scizor|Scizor, F|100/100|[from] U-turn
|move|p1a: Slowking|Future Sight|p2a: Scizor
|-start|p1a: Slowking|move: Future Sight
|
|upkeep
|turn|5
|
|t:|1760460266
|switch|p1a: Cinderace|Cinderace, M|100/100
|move|p2a: Scizor|U-turn|p1a: Cinderace
|-resisted|p1a: Cinderace
|-damage|p1a: Cinderace|63/100
|
|t:|1760460268
|switch|p2a: Garganacl|Garganacl, F|100/100|[from] U-turn
|
|upkeep
|turn|6
|
|t:|1760460271
|move|p2a: Garganacl|Protect|p2a: Garganacl
|-singleturn|p2a: Garganacl|Protect
|move|p1a: Cinderace|U-turn|p2a: Garganacl
|-activate|p2a: Garganacl|move: Protect
|
|-end|p2a: Garganacl|move: Future Sight
|-damage|p2a: Garganacl|71/100
|-heal|p2a: Garganacl|77/100|[from] item: Leftovers
|upkeep
|turn|7
|
|t:|1760460274
|move|p1a: Cinderace|U-turn|p2a: Garganacl
|-damage|p2a: Garganacl|64/100
|
|t:|1760460279
|switch|p1a: Slowking|Slowking-Galar, M|100/100|[from] U-turn
|move|p2a: Garganacl|Salt Cure|p1a: Slowking
|-crit|p1a: Slowking
|-damage|p1a: Slowking|87/100
|-start|p1a: Slowking|Salt Cure
|
|-heal|p2a: Garganacl|70/100|[from] item: Leftovers
|-damage|p1a: Slowking|74/100|[from] Salt Cure
|upkeep
|turn|8
|
|t:|1760460281
|move|p2a: Garganacl|Earthquake|p1a: Slowking
|-supereffective|p1a: Slowking
|-damage|p1a: Slowking|43/100
|move|p1a: Slowking|Future Sight|p2a: Garganacl
|-start|p1a: Slowking|move: Future Sight
|
|-heal|p2a: Garganacl|76/100|[from] item: Leftovers
|-damage|p1a: Slowking|31/100|[from] Salt Cure
|upkeep
|turn|9
|
|t:|1760460290
|switch|p1a: Lokix|Lokix, M|100/100
|move|p2a: Garganacl|Salt Cure|p1a: Lokix
|-supereffective|p1a: Lokix
|-damage|p1a: Lokix|60/100
|-start|p1a: Lokix|Salt Cure
|
|-heal|p2a: Garganacl|82/100|[from] item: Leftovers
|-damage|p1a: Lokix|47/100|[from] Salt Cure
|upkeep
|turn|10
|
|t:|1760460295
|move|p2a: Garganacl|Protect|p2a: Garganacl
|-singleturn|p2a: Garganacl|Protect
|move|p1a: Lokix|Knock Off|p2a: Garganacl
|-activate|p2a: Garganacl|move: Protect
|
|-end|p2a: Garganacl|move: Future Sight
|-damage|p2a: Garganacl|50/100
|-heal|p2a: Garganacl|56/100|[from] item: Leftovers
|-damage|p1a: Lokix|35/100|[from] Salt Cure
|upkeep
|turn|11
|
|t:|1760460299
|switch|p2a: Corviknight|Corviknight, F|97/100
|-ability|p2a: Corviknight|Pressure
|move|p1a: Lokix|Knock Off|p2a: Corviknight
|-damage|p2a: Corviknight|36/100
|-damage|p1a: Lokix|19/100|[from] item: Rocky Helmet|[of] p2a: Corviknight
|-enditem|p2a: Corviknight|Rocky Helmet|[from] move: Knock Off|[of] p1a: Lokix
|
|-damage|p1a: Lokix|6/100|[from] Salt Cure
|upkeep
|turn|12
|
|t:|1760460311
|switch|p1a: Slowking|Slowking-Galar, M|64/100
|move|p2a: Corviknight|Roost|p2a: Corviknight
|-heal|p2a: Corviknight|86/100
|-singleturn|p2a: Corviknight|move: Roost
|
|upkeep
|turn|13
|
|t:|1760460313
|move|p2a: Corviknight|U-turn|p1a: Slowking
|-damage|p1a: Slowking|54/100
|
|t:|1760460317
|switch|p2a: Garganacl|Garganacl, F|56/100|[from] U-turn
|move|p1a: Slowking|Future Sight|p2a: Garganacl
|-start|p1a: Slowking|move: Future Sight
|
|-heal|p2a: Garganacl|63/100|[from] item: Leftovers
|upkeep
|turn|14
|
|t:|1760460319
|move|p2a: Garganacl|Salt Cure|p1a: Slowking
|-damage|p1a: Slowking|44/100
|-start|p1a: Slowking|Salt Cure
|-prepare|p1a: Slowking|Chilly Reception|[premajor]
|move|p1a: Slowking|Chilly Reception|p1a: Slowking
|-weather|Snowscape
|
|t:|1760460330
|switch|p1a: Lokix|Lokix, M|6/100|[from] Chilly Reception
|
|-weather|Snowscape|[upkeep]
|-heal|p2a: Garganacl|69/100|[from] item: Leftovers
|upkeep
|turn|15
|
|t:|1760460333
|move|p2a: Garganacl|Protect|p2a: Garganacl
|-singleturn|p2a: Garganacl|Protect
|move|p1a: Lokix|Leech Life|p2a: Garganacl
|-activate|p2a: Garganacl|move: Protect
|
|-weather|Snowscape|[upkeep]
|-end|p2a: Garganacl|move: Future Sight
|-damage|p2a: Garganacl|37/100
|-heal|p2a: Garganacl|44/100|[from] item: Leftovers
|upkeep
|turn|16
|
|t:|1760460337
|switch|p2a: Scizor|Scizor, F|100/100
|move|p1a: Lokix|Leech Life|p2a: Scizor
|-resisted|p2a: Scizor
|-damage|p2a: Scizor|46/100
|-heal|p1a: Lokix|38/100|[from] drain|[of] p2a: Scizor
|
|-weather|Snowscape|[upkeep]
|upkeep
|turn|17
|
|t:|1760460350
|switch|p1a: Corviknight|Corviknight, F|64/100
|-ability|p1a: Corviknight|Pressure
|move|p2a: Scizor|U-turn|p1a: Corviknight
|-resisted|p1a: Corviknight
|-crit|p1a: Corviknight
|-damage|p1a: Corviknight|50/100
|
|t:|1760460352
|switch|p2a: Raging Bolt|Raging Bolt|100/100|[from] U-turn
|
|-weather|Snowscape|[upkeep]
|upkeep
|turn|18
|
|t:|1760460357
|-end|p2a: Raging Bolt|Protosynthesis|[silent]
|switch|p2a: Great Tusk|Great Tusk|17/100
|switch|p1a: Ting-Lu|Ting-Lu|100/100
|-ability|p1a: Ting-Lu|Vessel of Ruin
|
|-weather|none
|upkeep
|turn|19
|
|t:|1760460361
|move|p2a: Great Tusk|Knock Off|p1a: Ting-Lu
|-resisted|p1a: Ting-Lu
|-crit|p1a: Ting-Lu
|-damage|p1a: Ting-Lu|87/100
|-enditem|p1a: Ting-Lu|Leftovers|[from] move: Knock Off|[of] p2a: Great Tusk
|move|p1a: Ting-Lu|Earthquake|p2a: Great Tusk
|-damage|p2a: Great Tusk|0 fnt
|faint|p2a: Great Tusk
|-end|p2a: Great Tusk|Protosynthesis|[silent]
|
|upkeep
|
|t:|1760460365
|switch|p2a: Scizor|Scizor, F|46/100
|turn|20
|
|t:|1760460380
|switch|p1a: Cinderace|Cinderace, M|63/100
|move|p2a: Scizor|U-turn|p1a: Cinderace
|-resisted|p1a: Cinderace
|-damage|p1a: Cinderace|29/100
|
|t:|1760460383
|switch|p2a: Garganacl|Garganacl, F|44/100|[from] U-turn
|
|-heal|p2a: Garganacl|50/100|[from] item: Leftovers
|upkeep
|turn|21
|
|t:|1760460387
|switch|p1a: Slowking|Slowking-Galar, M|77/100
|move|p2a: Garganacl|Recover|p2a: Garganacl
|-heal|p2a: Garganacl|99/100
|
|-heal|p2a: Garganacl|100/100|[from] item: Leftovers
|upkeep
|turn|22
|
|t:|1760460389
|move|p2a: Garganacl|Earthquake|p1a: Slowking
|-supereffective|p1a: Slowking
|-damage|p1a: Slowking|43/100
|move|p1a: Slowking|Future Sight|p2a: Garganacl
|-start|p1a: Slowking|move: Future Sight
|
|upkeep
|turn|23
|
|t:|1760460398
|move|p2a: Garganacl|Earthquake|p1a: Slowking
|-supereffective|p1a: Slowking
|-damage|p1a: Slowking|12/100
|-prepare|p1a: Slowking|Chilly Reception|[premajor]
|move|p1a: Slowking|Chilly Reception|p1a: Slowking
|-weather|Snowscape
|
|t:|1760460407
|switch|p1a: Lokix|Lokix, M|38/100|[from] Chilly Reception
|
|-weather|Snowscape|[upkeep]
|upkeep
|turn|24
|
|t:|1760460409
|move|p2a: Garganacl|Protect|p2a: Garganacl
|-singleturn|p2a: Garganacl|Protect
|move|p1a: Lokix|Leech Life|p2a: Garganacl
|-activate|p2a: Garganacl|move: Protect
|
|-weather|Snowscape|[upkeep]
|-end|p2a: Garganacl|move: Future Sight
|-damage|p2a: Garganacl|71/100
|-heal|p2a: Garganacl|77/100|[from] item: Leftovers
|upkeep
|turn|25
|
|t:|1760460412
|switch|p2a: Corviknight|Corviknight, F|86/100
|-ability|p2a: Corviknight|Pressure
|move|p1a: Lokix|Leech Life|p2a: Corviknight
|-resisted|p2a: Corviknight
|-damage|p2a: Corviknight|63/100
|-heal|p1a: Lokix|54/100|[from] drain|[of] p2a: Corviknight
|
|-weather|Snowscape|[upkeep]
|upkeep
|turn|26
|
|t:|1760460417
|switch|p1a: Slowking|Slowking-Galar, M|45/100
|move|p2a: Corviknight|U-turn|p1a: Slowking
|-damage|p1a: Slowking|35/100
|
|t:|1760460419
|switch|p2a: Maushold|Maushold|100/100|[from] U-turn
|
|-weather|Snowscape|[upkeep]
|upkeep
|turn|27
|
|t:|1760460437
|switch|p1a: Cinderace|Cinderace, M|29/100
|move|p2a: Maushold|Tidy Up|p2a: Maushold
|-boost|p2a: Maushold|atk|1
|-boost|p2a: Maushold|spe|1
|
|-weather|none
|upkeep
|turn|28
|
|t:|1760460444
|move|p2a: Maushold|Population Bomb|p1a: Cinderace
|-damage|p1a: Cinderace|9/100
|-damage|p1a: Cinderace|0 fnt
|faint|p1a: Cinderace
|-hitcount|p1: Cinderace|2
|
|upkeep
|
|t:|1760460447
|switch|p1a: Lokix|Lokix, M|54/100
|turn|29
|
|t:|1760460451
|switch|p2a: Corviknight|Corviknight, F|63/100
|-ability|p2a: Corviknight|Pressure
|-terastallize|p1a: Lokix|Stellar
|move|p1a: Lokix|First Impression|p2a: Corviknight
|-resisted|p2a: Corviknight
|-damage|p2a: Corviknight|26/100
|
|upkeep
|turn|30
|
|t:|1760460455
|switch|p1a: Corviknight|Corviknight, F|50/100
|-ability|p1a: Corviknight|Pressure
|move|p2a: Corviknight|U-turn|p1a: Corviknight
|-resisted|p1a: Corviknight
|-damage|p1a: Corviknight|48/100
|
|t:|1760460458
|switch|p2a: Maushold|Maushold|100/100|[from] U-turn
|
|upkeep
|turn|31
|
|t:|1760460462
|-terastallize|p2a: Maushold|Normal
|move|p2a: Maushold|Population Bomb|p1a: Corviknight
|-resisted|p1a: Corviknight
|-damage|p1a: Corviknight|43/100
|-resisted|p1a: Corviknight
|-damage|p1a: Corviknight|38/100
|-resisted|p1a: Corviknight
|-damage|p1a: Corviknight|33/100
|-resisted|p1a: Corviknight
|-damage|p1a: Corviknight|29/100
|-resisted|p1a: Corviknight
|-damage|p1a: Corviknight|24/100
|-resisted|p1a: Corviknight
|-damage|p1a: Corviknight|20/100
|-resisted|p1a: Corviknight
|-damage|p1a: Corviknight|15/100
|-resisted|p1a: Corviknight
|-damage|p1a: Corviknight|10/100
|-resisted|p1a: Corviknight
|-damage|p1a: Corviknight|6/100
|-resisted|p1a: Corviknight
|-damage|p1a: Corviknight|2/100
|-hitcount|p1a: Corviknight|10
|move|p1a: Corviknight|U-turn|p2a: Maushold
|-damage|p2a: Maushold|77/100
|
|t:|1760460468
|switch|p1a: Enamorus|Enamorus, F|100/100|[from] U-turn
|
|upkeep
|turn|32
|
|t:|1760460482
|switch|p2a: Corviknight|Corviknight, F|26/100
|-ability|p2a: Corviknight|Pressure
|move|p1a: Enamorus|Moonblast|p2a: Corviknight
|-resisted|p2a: Corviknight
|-damage|p2a: Corviknight|5/100
|
|upkeep
|turn|33
|
|t:|1760460485
|move|p1a: Enamorus|Moonblast|p2a: Corviknight
|-resisted|p2a: Corviknight
|-damage|p2a: Corviknight|0 fnt
|faint|p2a: Corviknight
|
|upkeep
|
|t:|1760460487
|switch|p2a: Scizor|Scizor, F|46/100
|turn|34
|
|t:|1760460496
|switch|p1a: Corviknight|Corviknight, F|2/100
|-ability|p1a: Corviknight|Pressure
|move|p2a: Scizor|U-turn|p1a: Corviknight
|-resisted|p1a: Corviknight
|-damage|p1a: Corviknight|0 fnt
|faint|p1a: Corviknight
|
|t:|1760460499
|switch|p2a: Raging Bolt|Raging Bolt|100/100|[from] U-turn
|
|upkeep
|
|t:|1760460503
|switch|p1a: Ting-Lu|Ting-Lu|87/100
|-ability|p1a: Ting-Lu|Vessel of Ruin
|turn|35
|
|t:|1760460506
|-end|p2a: Raging Bolt|Protosynthesis|[silent]
|switch|p2a: Scizor|Scizor, F|46/100
|move|p1a: Ting-Lu|Earthquake|p2a: Scizor
|-damage|p2a: Scizor|7/100
|
|upkeep
|turn|36
|
|t:|1760460532
|switch|p1a: Slowking|Slowking-Galar, M|68/100
|move|p2a: Scizor|U-turn|p1a: Slowking
|-damage|p1a: Slowking|28/100
|
|t:|1760460536
|switch|p2a: Maushold|Maushold, tera:Normal|77/100|[from] U-turn
|
|upkeep
|turn|37
|
|t:|1760460540
|move|p2a: Maushold|Population Bomb|p1a: Slowking
|-damage|p1a: Slowking|17/100
|-crit|p1a: Slowking
|-damage|p1a: Slowking|1/100
|-damage|p1a: Slowking|0 fnt
|faint|p1a: Slowking
|-hitcount|p1: Slowking|3
|
|upkeep
|
|t:|1760460544
|switch|p1a: Enamorus|Enamorus, F|100/100
|turn|38
|
|t:|1760460548
|switch|p2a: Garganacl|Garganacl, F|77/100
|move|p1a: Enamorus|Moonblast|p2a: Garganacl
|-damage|p2a: Garganacl|41/100
|
|-heal|p2a: Garganacl|47/100|[from] item: Leftovers
|upkeep
|turn|39
|
|t:|1760460555
|switch|p1a: Ting-Lu|Ting-Lu|87/100
|-ability|p1a: Ting-Lu|Vessel of Ruin
|move|p2a: Garganacl|Salt Cure|p1a: Ting-Lu
|-resisted|p1a: Ting-Lu
|-damage|p1a: Ting-Lu|83/100
|-start|p1a: Ting-Lu|Salt Cure
|
|-heal|p2a: Garganacl|53/100|[from] item: Leftovers
|-damage|p1a: Ting-Lu|71/100|[from] Salt Cure
|upkeep
|turn|40
|
|t:|1760460559
|move|p1a: Ting-Lu|Stealth Rock|p2a: Garganacl
|-sidestart|p2: Yz99999|move: Stealth Rock
|move|p2a: Garganacl|Recover|p2a: Garganacl
|-heal|p2a: Garganacl|100/100
|
|-damage|p1a: Ting-Lu|58/100|[from] Salt Cure
|upkeep
|turn|41
|
|t:|1760460564
|move|p1a: Ting-Lu|Earthquake|p2a: Garganacl
|-supereffective|p2a: Garganacl
|-damage|p2a: Garganacl|50/100
|move|p2a: Garganacl|Earthquake|p1a: Ting-Lu
|-damage|p1a: Ting-Lu|46/100
|
|-heal|p2a: Garganacl|56/100|[from] item: Leftovers
|-damage|p1a: Ting-Lu|33/100|[from] Salt Cure
|upkeep
|turn|42
|
|t:|1760460566
|move|p1a: Ting-Lu|Earthquake|p2a: Garganacl
|-supereffective|p2a: Garganacl
|-damage|p2a: Garganacl|2/100
|move|p2a: Garganacl|Recover|p2a: Garganacl
|-heal|p2a: Garganacl|52/100
|
|-heal|p2a: Garganacl|58/100|[from] item: Leftovers
|-damage|p1a: Ting-Lu|21/100|[from] Salt Cure
|upkeep
|turn|43
|
|t:|1760460570
|move|p1a: Ting-Lu|Earthquake|p2a: Garganacl
|-supereffective|p2a: Garganacl
|-damage|p2a: Garganacl|6/100
|move|p2a: Garganacl|Recover|p2a: Garganacl
|-heal|p2a: Garganacl|56/100
|
|-heal|p2a: Garganacl|62/100|[from] item: Leftovers
|-damage|p1a: Ting-Lu|8/100|[from] Salt Cure
|upkeep
|turn|44
|
|t:|1760460572
|move|p1a: Ting-Lu|Earthquake|p2a: Garganacl
|-supereffective|p2a: Garganacl
|-crit|p2a: Garganacl
|-damage|p2a: Garganacl|0 fnt
|faint|p2a: Garganacl
|
|-damage|p1a: Ting-Lu|0 fnt|[from] Salt Cure
|faint|p1a: Ting-Lu
|upkeep
|
|t:|1760460592
|switch|p1a: Enamorus|Enamorus, F|100/100
|switch|p2a: Raging Bolt|Raging Bolt|100/100
|-damage|p2a: Raging Bolt|88/100|[from] Stealth Rock
|turn|45
|
|t:|1760460599
|switch|p1a: Lokix|Lokix, M, tera:Stellar|54/100
|move|p2a: Raging Bolt|Thunderclap||[still]
|-fail|p2a: Raging Bolt
|
|upkeep
|turn|46
|
|t:|1760460608
|-end|p2a: Raging Bolt|Protosynthesis|[silent]
|switch|p2a: Scizor|Scizor, F|7/100
|-damage|p2a: Scizor|0 fnt|[from] Stealth Rock
|faint|p2a: Scizor
|move|p1a: Lokix|First Impression|p2: Scizor|[notarget]
|-fail|p1a: Lokix
|
|upkeep
|
|t:|1760460611
|switch|p2a: Maushold|Maushold, tera:Normal|77/100
|-damage|p2a: Maushold|65/100|[from] Stealth Rock
|turn|47
|
|t:|1760460614
|switch|p1a: Enamorus|Enamorus, F|100/100
|move|p2a: Maushold|Population Bomb|p1a: Enamorus
|-damage|p1a: Enamorus|79/100
|-damage|p1a: Enamorus|56/100
|-damage|p1a: Enamorus|31/100
|-damage|p1a: Enamorus|7/100
|-hitcount|p1a: Enamorus|4
|
|upkeep
|turn|48
|
|t:|1760460624
|move|p1a: Enamorus|Moonblast|p2a: Maushold
|-damage|p2a: Maushold|0 fnt
|faint|p2a: Maushold
|
|upkeep
|
|t:|1760460626
|switch|p2a: Raging Bolt|Raging Bolt|88/100
|-damage|p2a: Raging Bolt|76/100|[from] Stealth Rock
|turn|49
|
|t:|1760460628
|move|p2a: Raging Bolt|Thunderclap|p1a: Enamorus
|-supereffective|p1a: Enamorus
|-damage|p1a: Enamorus|0 fnt
|faint|p1a: Enamorus
|
|upkeep
|-message|Yz99999 forfeited.
|
|win|gabrielxd1023
|raw|gabrielxd1023's rating: 1616 &rarr; <strong>1636</strong><br />(+20 for winning)
|raw|Yz99999's rating: 1624 &rarr; <strong>1604</strong><br />(-20 for losing)
|l|☆Yz99999
|player|p2|
|l|☆gabrielxd1023
|player|p1|
