|j|☆Ghost_DZ
|j|☆elpets
|t:|1760435302
|gametype|singles
|player|p1|Ghost_DZ|volkner|1621
|player|p2|elpets|infielder|1699
|gen|9
|tier|[Gen 9] OU
|rated|
|rule|HP Percentage Mod: HP is shown in percentages
|rule|Endless Battle Clause: Forcing endless battles is banned
|rule|Species Clause: Limit one of each Pokémon
|rule|OHKO Clause: OHKO moves are banned
|rule|Evasion Items Clause: Evasion items are banned
|rule|Evasion Moves Clause: Evasion moves are banned
|rule|Evasion Abilities Clause: Evasion abilities are banned
|rule|Sleep Moves Clause: Sleep-inducing moves are banned
|clearpoke
|poke|p1|Toxapex, F|
|poke|p1|Gliscor, F|
|poke|p1|Blissey, F|
|poke|p1|Dondozo, M|
|poke|p1|Moltres|
|poke|p1|Cresselia, F|
|poke|p2|Hatterene, F|
|poke|p2|Dragonite, F|
|poke|p2|Breloom, F|
|poke|p2|Azumarill, F|
|poke|p2|Great Tusk|
|poke|p2|Skeledirge, M|
|teampreview
|inactive|Battle timer is ON: inactive players will automatically lose when time's up. (requested by Ghost_DZ)
|
|t:|1760435313
|teamsize|p1|6
|teamsize|p2|6
|start
|switch|p1a: Gliscor|Gliscor, F|100/100
|switch|p2a: Azumarill|Azumarill, F|100/100
|turn|1
|
|t:|1760435320
|switch|p1a: Toxapex|Toxapex, F|100/100
|move|p2a: Azumarill|Knock Off|p1a: Toxapex
|-damage|p1a: Toxapex|74/100
|-enditem|p1a: Toxapex|Heavy-Duty Boots|[from] move: Knock Off|[of] p2a: Azumarill
|
|upkeep
|turn|2
|
|t:|1760435324
|switch|p2a: Hatterene|Hatterene, F|100/100
|move|p1a: Toxapex|Toxic|p2a: Hatterene
|move|p2a: Hatterene|Toxic|p1a: Toxapex|[from] ability: Magic Bounce
|-immune|p1a: Toxapex
|
|upkeep
|turn|3
|
|t:|1760435329
|switch|p1a: Blissey|Blissey, F|100/100
|move|p2a: Hatterene|Psyshock|p1a: Blissey
|-damage|p1a: Blissey|3/100
|
|upkeep
|turn|4
|
|t:|1760435340
|switch|p1a: Moltres|Moltres|100/100
|move|p2a: Hatterene|Psyshock|p1a: Moltres
|-damage|p1a: Moltres|70/100
|
|upkeep
|turn|5
|
|t:|1760435350
|move|p1a: Moltres|U-turn|p2a: Hatterene
|-damage|p2a: Hatterene|84/100
|
|t:|1760435352
|switch|p1a: Gliscor|Gliscor, F|100/100|[from] U-turn
|move|p2a: Hatterene|Psyshock|p1a: Gliscor
|-damage|p1a: Gliscor|71/100
|
|-heal|p2a: Hatterene|90/100|[from] item: Leftovers
|-status|p1a: Gliscor|tox|[from] item: Toxic Orb
|upkeep
|turn|6
|
|t:|1760435358
|switch|p2a: Azumarill|Azumarill, F|100/100
|move|p1a: Gliscor|Knock Off|p2a: Azumarill
|-resisted|p2a: Azumarill
|-damage|p2a: Azumarill|89/100
|-enditem|p2a: Azumarill|Assault Vest|[from] move: Knock Off|[of] p1a: Gliscor
|
|-heal|p1a: Gliscor|83/100 tox|[from] ability: Poison Heal
|upkeep
|turn|7
|
|t:|1760435364
|move|p1a: Gliscor|Spikes|p2a: Azumarill
|-sidestart|p2: elpets|Spikes
|move|p2a: Azumarill|Liquidation|p1a: Gliscor
|-supereffective|p1a: Gliscor
|-damage|p1a: Gliscor|13/100 tox
|-unboost|p1a: Gliscor|def|1
|
|-heal|p1a: Gliscor|25/100 tox|[from] ability: Poison Heal
|upkeep
|turn|8
|
|t:|1760435368
|move|p1a: Gliscor|Protect|p1a: Gliscor
|-singleturn|p1a: Gliscor|Protect
|move|p2a: Azumarill|Liquidation|p1a: Gliscor
|-activate|p1a: Gliscor|move: Protect
|
|-heal|p1a: Gliscor|38/100 tox|[from] ability: Poison Heal
|upkeep
|turn|9
|
|t:|1760435370
|switch|p1a: Toxapex|Toxapex, F|100/100
|move|p2a: Azumarill|Knock Off|p1a: Toxapex
|-damage|p1a: Toxapex|83/100
|
|upkeep
|turn|10
|
|t:|1760435375
|switch|p2a: Hatterene|Hatterene, F|90/100
|-damage|p2a: Hatterene|78/100|[from] Spikes
|move|p1a: Toxapex|Infestation|p2a: Hatterene
|-damage|p2a: Hatterene|76/100
|-activate|p2a: Hatterene|move: Infestation|[of] p1a: Toxapex
|
|-heal|p2a: Hatterene|82/100|[from] item: Leftovers
|-damage|p2a: Hatterene|69/100|[from] move: Infestation|[partiallytrapped]
|upkeep
|turn|11
|
|t:|1760435379
|move|p1a: Toxapex|Baneful Bunker|p1a: Toxapex
|-singleturn|p1a: Toxapex|move: Protect
|move|p2a: Hatterene|Psyshock|p1a: Toxapex
|-activate|p1a: Toxapex|move: Protect
|
|-heal|p2a: Hatterene|75/100|[from] item: Leftovers
|-damage|p2a: Hatterene|63/100|[from] move: Infestation|[partiallytrapped]
|upkeep
|turn|12
|
|t:|1760435386
|switch|p1a: Moltres|Moltres|70/100
|move|p2a: Hatterene|Psyshock|p1a: Moltres
|-damage|p1a: Moltres|39/100
|
|-heal|p2a: Hatterene|69/100|[from] item: Leftovers
|-end|p2a: Hatterene|Infestation|[partiallytrapped]|[silent]
|upkeep
|turn|13
|
|t:|1760435394
|move|p1a: Moltres|Roost|p1a: Moltres
|-heal|p1a: Moltres|89/100
|-singleturn|p1a: Moltres|move: Roost
|move|p2a: Hatterene|Psyshock|p1a: Moltres
|-damage|p1a: Moltres|59/100
|
|-heal|p2a: Hatterene|75/100|[from] item: Leftovers
|upkeep
|turn|14
|l|☆elpets
|inactive|elpets disconnected and has a minute to reconnect!
|player|p2|
|j|☆elpets
|inactive|elpets reconnected and has 135 seconds left.
|player|p2|elpets|infielder|
|
|t:|1760435413
|move|p1a: Moltres|Roost|p1a: Moltres
|-heal|p1a: Moltres|100/100
|-singleturn|p1a: Moltres|move: Roost
|move|p2a: Hatterene|Psyshock|p1a: Moltres
|-damage|p1a: Moltres|65/100
|
|-heal|p2a: Hatterene|81/100|[from] item: Leftovers
|upkeep
|turn|15
|
|t:|1760435416
|move|p1a: Moltres|Flamethrower|p2a: Hatterene
|-damage|p2a: Hatterene|40/100
|move|p2a: Hatterene|Psyshock|p1a: Moltres
|-damage|p1a: Moltres|35/100
|
|-heal|p2a: Hatterene|46/100|[from] item: Leftovers
|upkeep
|turn|16
|
|t:|1760435423
|switch|p2a: Dragonite|Dragonite, F|100/100
|move|p1a: Moltres|Flamethrower|p2a: Dragonite
|-resisted|p2a: Dragonite
|-crit|p2a: Dragonite
|-damage|p2a: Dragonite|87/100
|
|upkeep
|turn|17
|
|t:|1760435429
|switch|p1a: Toxapex|Toxapex, F|100/100
|move|p2a: Dragonite|Dragon Dance|p2a: Dragonite
|-boost|p2a: Dragonite|atk|1
|-boost|p2a: Dragonite|spe|1
|
|upkeep
|turn|18
|
|t:|1760435434
|move|p2a: Dragonite|Dragon Dance|p2a: Dragonite
|-boost|p2a: Dragonite|atk|1
|-boost|p2a: Dragonite|spe|1
|move|p1a: Toxapex|Toxic|p2a: Dragonite
|-status|p2a: Dragonite|tox
|-enditem|p2a: Dragonite|Lum Berry|[eat]
|-curestatus|p2a: Dragonite|tox|[msg]
|
|upkeep
|turn|19
|j| loongfushichou4413
|
|t:|1760435441
|-terastallize|p1a: Toxapex|Bug
|move|p2a: Dragonite|Outrage|p1a: Toxapex
|-damage|p1a: Toxapex|17/100
|move|p1a: Toxapex|Toxic|p2a: Dragonite
|-status|p2a: Dragonite|tox
|
|-damage|p2a: Dragonite|81/100 tox|[from] psn
|upkeep
|turn|20
|
|t:|1760435449
|move|p1a: Toxapex|Baneful Bunker|p1a: Toxapex
|-singleturn|p1a: Toxapex|move: Protect
|move|p2a: Dragonite|Outrage|p1a: Toxapex|[from] lockedmove
|-activate|p1a: Toxapex|move: Protect
|
|-damage|p2a: Dragonite|68/100 tox|[from] psn
|upkeep
|turn|21
|
|t:|1760435460
|switch|p1a: Dondozo|Dondozo, M|100/100
|move|p2a: Dragonite|Outrage|p1a: Dondozo
|-damage|p1a: Dondozo|72/100
|
|-damage|p2a: Dragonite|50/100 tox|[from] psn
|upkeep
|turn|22
|
|t:|1760435466
|move|p2a: Dragonite|Outrage|p1a: Dondozo|[from] lockedmove
|-damage|p1a: Dondozo|45/100
|move|p1a: Dondozo|Curse|p1a: Dondozo
|-unboost|p1a: Dondozo|spe|1
|-boost|p1a: Dondozo|atk|1
|-boost|p1a: Dondozo|def|1
|
|-damage|p2a: Dragonite|25/100 tox|[from] psn
|upkeep
|turn|23
|
|t:|1760435471
|move|p2a: Dragonite|Outrage|p1a: Dondozo|[from] lockedmove
|-damage|p1a: Dondozo|27/100
|-start|p2a: Dragonite|confusion|[fatigue]
|move|p1a: Dondozo|Rest|p1a: Dondozo
|-status|p1a: Dondozo|slp|[from] move: Rest
|-heal|p1a: Dondozo|100/100 slp|[silent]
|
|-damage|p2a: Dragonite|0 fnt|[from] psn
|faint|p2a: Dragonite
|upkeep
|
|t:|1760435473
|switch|p2a: Skeledirge|Skeledirge, M|100/100
|-damage|p2a: Skeledirge|88/100|[from] Spikes
|turn|24
|
|t:|1760435485
|move|p2a: Skeledirge|Torch Song|p1a: Dondozo
|-resisted|p1a: Dondozo
|-damage|p1a: Dondozo|85/100 slp
|-boost|p2a: Skeledirge|spa|1
|cant|p1a: Dondozo|slp
|move|p1a: Dondozo|Sleep Talk|p1a: Dondozo
|move|p1a: Dondozo|Rest||[from] move: Sleep Talk|[still]
|-fail|p1a: Dondozo
|
|upkeep
|turn|25
|
|t:|1760435494
|move|p2a: Skeledirge|Torch Song|p1a: Dondozo
|-resisted|p1a: Dondozo
|-damage|p1a: Dondozo|72/100 slp
|-boost|p2a: Skeledirge|spa|1
|cant|p1a: Dondozo|slp
|move|p1a: Dondozo|Sleep Talk|p1a: Dondozo
|move|p1a: Dondozo|Waterfall|p2a: Skeledirge|[from] move: Sleep Talk
|-supereffective|p2a: Skeledirge
|-damage|p2a: Skeledirge|54/100
|
|upkeep
|turn|26
|
|t:|1760435499
|move|p2a: Skeledirge|Slack Off|p2a: Skeledirge
|-heal|p2a: Skeledirge|100/100
|-curestatus|p1a: Dondozo|slp|[msg]
|move|p1a: Dondozo|Waterfall|p2a: Skeledirge
|-supereffective|p2a: Skeledirge
|-damage|p2a: Skeledirge|68/100
|
|upkeep
|turn|27
|
|t:|1760435503
|move|p2a: Skeledirge|Torch Song|p1a: Dondozo
|-resisted|p1a: Dondozo
|-damage|p1a: Dondozo|58/100
|-boost|p2a: Skeledirge|spa|1
|move|p1a: Dondozo|Waterfall|p2a: Skeledirge
|-supereffective|p2a: Skeledirge
|-damage|p2a: Skeledirge|33/100
|
|upkeep
|turn|28
|
|t:|1760435507
|-terastallize|p2a: Skeledirge|Water
|move|p2a: Skeledirge|Slack Off|p2a: Skeledirge
|-heal|p2a: Skeledirge|83/100
|move|p1a: Dondozo|Waterfall|p2a: Skeledirge
|-resisted|p2a: Skeledirge
|-damage|p2a: Skeledirge|75/100
|
|upkeep
|turn|29
|
|t:|1760435517
|switch|p1a: Blissey|Blissey, F|3/100
|move|p2a: Skeledirge|Shadow Ball|p1a: Blissey
|-immune|p1a: Blissey
|
|upkeep
|turn|30
|
|t:|1760435524
|move|p2a: Skeledirge|Torch Song|p1a: Blissey
|-damage|p1a: Blissey|0 fnt
|-boost|p2a: Skeledirge|spa|1
|faint|p1a: Blissey
|
|upkeep
|
|t:|1760435539
|switch|p1a: Moltres|Moltres|35/100
|turn|31
|
|t:|1760435543
|move|p1a: Moltres|Will-O-Wisp|p2a: Skeledirge
|-status|p2a: Skeledirge|brn
|move|p2a: Skeledirge|Shadow Ball|p1a: Moltres
|-damage|p1a: Moltres|0 fnt
|faint|p1a: Moltres
|
|-damage|p2a: Skeledirge|68/100 brn|[from] brn
|upkeep
|
|t:|1760435549
|switch|p1a: Toxapex|Toxapex, F, tera:Bug|50/100
|turn|32
|
|t:|1760435556
|switch|p1a: Dondozo|Dondozo, M|58/100
|move|p2a: Skeledirge|Torch Song|p1a: Dondozo
|-resisted|p1a: Dondozo
|-damage|p1a: Dondozo|45/100
|-boost|p2a: Skeledirge|spa|1
|
|-damage|p2a: Skeledirge|62/100 brn|[from] brn
|upkeep
|turn|33
|
|t:|1760435562
|move|p2a: Skeledirge|Shadow Ball|p1a: Dondozo
|-damage|p1a: Dondozo|15/100
|move|p1a: Dondozo|Rest|p1a: Dondozo
|-status|p1a: Dondozo|slp|[from] move: Rest
|-heal|p1a: Dondozo|100/100 slp|[silent]
|
|-damage|p2a: Skeledirge|56/100 brn|[from] brn
|upkeep
|turn|34
|
|t:|1760435576
|move|p2a: Skeledirge|Shadow Ball|p1a: Dondozo
|-damage|p1a: Dondozo|71/100 slp
|cant|p1a: Dondozo|slp
|move|p1a: Dondozo|Sleep Talk|p1a: Dondozo
|move|p1a: Dondozo|Waterfall|p2a: Skeledirge|[from] move: Sleep Talk
|-resisted|p2a: Skeledirge
|-damage|p2a: Skeledirge|48/100 brn
|
|-damage|p2a: Skeledirge|42/100 brn|[from] brn
|upkeep
|turn|35
|
|t:|1760435580
|move|p2a: Skeledirge|Shadow Ball|p1a: Dondozo
|-damage|p1a: Dondozo|41/100 slp
|-unboost|p1a: Dondozo|spd|1
|cant|p1a: Dondozo|slp
|move|p1a: Dondozo|Sleep Talk|p1a: Dondozo
|move|p1a: Dondozo|Waterfall|p2a: Skeledirge|[from] move: Sleep Talk
|-resisted|p2a: Skeledirge
|-damage|p2a: Skeledirge|33/100 brn
|
|-damage|p2a: Skeledirge|26/100 brn|[from] brn
|upkeep
|turn|36
|
|t:|1760435585
|move|p2a: Skeledirge|Slack Off|p2a: Skeledirge
|-heal|p2a: Skeledirge|76/100 brn
|-curestatus|p1a: Dondozo|slp|[msg]
|move|p1a: Dondozo|Rest|p1a: Dondozo
|-status|p1a: Dondozo|slp|[from] move: Rest
|-heal|p1a: Dondozo|100/100 slp|[silent]
|
|-damage|p2a: Skeledirge|70/100 brn|[from] brn
|upkeep
|turn|37
|
|t:|1760435589
|move|p2a: Skeledirge|Shadow Ball|p1a: Dondozo
|-damage|p1a: Dondozo|72/100 slp
|cant|p1a: Dondozo|slp
|move|p1a: Dondozo|Sleep Talk|p1a: Dondozo
|move|p1a: Dondozo|Rest||[from] move: Sleep Talk|[still]
|-fail|p1a: Dondozo
|
|-damage|p2a: Skeledirge|64/100 brn|[from] brn
|upkeep
|turn|38
|
|t:|1760435601
|move|p2a: Skeledirge|Shadow Ball|p1a: Dondozo
|-damage|p1a: Dondozo|45/100 slp
|cant|p1a: Dondozo|slp
|move|p1a: Dondozo|Sleep Talk|p1a: Dondozo
|move|p1a: Dondozo|Waterfall|p2a: Skeledirge|[from] move: Sleep Talk
|-resisted|p2a: Skeledirge
|-damage|p2a: Skeledirge|56/100 brn
|
|-damage|p2a: Skeledirge|50/100 brn|[from] brn
|upkeep
|turn|39
|
|t:|1760435616
|move|p2a: Skeledirge|Slack Off|p2a: Skeledirge
|-heal|p2a: Skeledirge|99/100 brn
|-curestatus|p1a: Dondozo|slp|[msg]
|move|p1a: Dondozo|Rest|p1a: Dondozo
|-status|p1a: Dondozo|slp|[from] move: Rest
|-heal|p1a: Dondozo|100/100 slp|[silent]
|
|-damage|p2a: Skeledirge|93/100 brn|[from] brn
|upkeep
|turn|40
|
|t:|1760435622
|move|p2a: Skeledirge|Shadow Ball|p1a: Dondozo
|-crit|p1a: Dondozo
|-damage|p1a: Dondozo|58/100 slp
|cant|p1a: Dondozo|slp
|move|p1a: Dondozo|Sleep Talk|p1a: Dondozo
|move|p1a: Dondozo|Waterfall|p2a: Skeledirge|[from] move: Sleep Talk
|-resisted|p2a: Skeledirge
|-damage|p2a: Skeledirge|85/100 brn
|
|-damage|p2a: Skeledirge|79/100 brn|[from] brn
|upkeep
|turn|41
|
|t:|1760435630
|switch|p1a: Gliscor|Gliscor, F|38/100 tox
|move|p2a: Skeledirge|Shadow Ball|p1a: Gliscor
|-damage|p1a: Gliscor|0 fnt
|faint|p1a: Gliscor
|
|-damage|p2a: Skeledirge|73/100 brn|[from] brn
|upkeep
|
|t:|1760435635
|switch|p1a: Toxapex|Toxapex, F, tera:Bug|84/100
|turn|42
|
|t:|1760435637
|move|p1a: Toxapex|Baneful Bunker|p1a: Toxapex
|-singleturn|p1a: Toxapex|move: Protect
|move|p2a: Skeledirge|Torch Song|p1a: Toxapex
|-activate|p1a: Toxapex|move: Protect
|
|-damage|p2a: Skeledirge|67/100 brn|[from] brn
|upkeep
|turn|43
|
|t:|1760435647
|move|p2a: Skeledirge|Torch Song|p1a: Toxapex
|-supereffective|p1a: Toxapex
|-damage|p1a: Toxapex|0 fnt
|-boost|p2a: Skeledirge|spa|1
|faint|p1a: Toxapex
|
|-damage|p2a: Skeledirge|60/100 brn|[from] brn
|upkeep
|
|t:|1760435649
|switch|p1a: Cresselia|Cresselia, F|100/100
|turn|44
|
|t:|1760435651
|move|p1a: Cresselia|Calm Mind|p1a: Cresselia
|-boost|p1a: Cresselia|spa|1
|-boost|p1a: Cresselia|spd|1
|move|p2a: Skeledirge|Shadow Ball|p1a: Cresselia
|-supereffective|p1a: Cresselia
|-damage|p1a: Cresselia|0 fnt
|faint|p1a: Cresselia
|
|-damage|p2a: Skeledirge|54/100 brn|[from] brn
|upkeep
|-message|Ghost_DZ forfeited.
|
|win|elpets
|raw|Ghost_DZ's rating: 1621 &rarr; <strong>1605</strong><br />(-16 for losing)
|raw|elpets's rating: 1699 &rarr; <strong>1715</strong><br />(+16 for winning)
|l|☆Ghost_DZ
|player|p1|
|l|☆elpets
|player|p2|
|l| loongfushichou4413
