|j|‽Dilking
|j|☆real water resist
|t:|1760301508
|gametype|singles
|player|p1|Dilking|101|1572
|player|p2|real water resist|lass-gen8|1619
|gen|9
|tier|[Gen 9] OU
|rated|
|rule|HP Percentage Mod: HP is shown in percentages
|rule|Endless Battle Clause: Forcing endless battles is banned
|rule|Species Clause: Limit one of each Pokémon
|rule|OHKO Clause: OHKO moves are banned
|rule|Evasion Items Clause: Evasion items are banned
|rule|Evasion Moves Clause: Evasion moves are banned
|rule|Evasion Abilities Clause: Evasion abilities are banned
|rule|Sleep Moves Clause: Sleep-inducing moves are banned
|clearpoke
|poke|p1|Pelipper, F|
|poke|p1|Hatterene, F|
|poke|p1|Iron Treads|
|poke|p1|Toxicroak, F|
|poke|p1|Barraskewda, F|
|poke|p1|Zapdos|
|poke|p2|Samurott-Hisui, M|
|poke|p2|Kingambit, F|
|poke|p2|Iron Valiant|
|poke|p2|Landorus-Therian, M|
|poke|p2|Primarina, M|
|poke|p2|Iron Moth|
|teampreview
|inactive|Battle timer is ON: inactive players will automatically lose when time's up. (requested by real water resist)
|
|t:|1760301515
|teamsize|p1|6
|teamsize|p2|6
|start
|switch|p1a: Zapdos|Zapdos|100/100
|switch|p2a: BANKROLLIN HOES|Primarina, M|100/100
|turn|1
|
|t:|1760301521
|move|p1a: Zapdos|Volt Switch|p2a: BANKROLLIN HOES
|-supereffective|p2a: BANKROLLIN HOES
|-damage|p2a: BANKROLLIN HOES|0 fnt
|faint|p2a: BANKROLLIN HOES
|
|t:|1760301526
|switch|p1a: Pelipper|Pelipper, F|100/100|[from] Volt Switch
|-weather|RainDance|[from] ability: Drizzle|[of] p1a: Pelipper
|
|-weather|RainDance|[upkeep]
|upkeep
|
|t:|1760301530
|switch|p2a: ROTTEN $AM|Samurott-Hisui, M|100/100
|turn|2
|
|t:|1760301533
|switch|p1a: Toxicroak|Toxicroak, F|100/100
|move|p2a: ROTTEN $AM|Ceaseless Edge|p1a: Toxicroak
|-resisted|p1a: Toxicroak
|-crit|p1a: Toxicroak
|-damage|p1a: Toxicroak|69/100
|-damage|p2a: ROTTEN $AM|84/100|[from] item: Rocky Helmet|[of] p1a: Toxicroak
|-sidestart|p1: Dilking|Spikes
|
|-weather|RainDance|[upkeep]
|-heal|p1a: Toxicroak|81/100|[from] ability: Dry Skin
|upkeep
|turn|3
|
|t:|1760301538
|move|p2a: ROTTEN $AM|Knock Off|p1a: Toxicroak
|-resisted|p1a: Toxicroak
|-damage|p1a: Toxicroak|57/100
|-damage|p2a: ROTTEN $AM|68/100|[from] item: Rocky Helmet|[of] p1a: Toxicroak
|-enditem|p1a: Toxicroak|Rocky Helmet|[from] move: Knock Off|[of] p2a: ROTTEN $AM
|move|p1a: Toxicroak|Knock Off|p2a: ROTTEN $AM
|-resisted|p2a: ROTTEN $AM
|-damage|p2a: ROTTEN $AM|53/100
|-enditem|p2a: ROTTEN $AM|Assault Vest|[from] move: Knock Off|[of] p1a: Toxicroak
|
|-weather|RainDance|[upkeep]
|-heal|p1a: Toxicroak|70/100|[from] ability: Dry Skin
|upkeep
|turn|4
|
|t:|1760301543
|move|p2a: ROTTEN $AM|Ceaseless Edge|p1a: Toxicroak
|-resisted|p1a: Toxicroak
|-damage|p1a: Toxicroak|48/100
|-sidestart|p1: Dilking|Spikes
|move|p1a: Toxicroak|Toxic|p2a: ROTTEN $AM
|-status|p2a: ROTTEN $AM|tox
|
|-weather|RainDance|[upkeep]
|-heal|p1a: Toxicroak|60/100|[from] ability: Dry Skin
|-damage|p2a: ROTTEN $AM|47/100 tox|[from] psn
|upkeep
|turn|5
|
|t:|1760301548
|move|p2a: ROTTEN $AM|Ceaseless Edge|p1a: Toxicroak
|-resisted|p1a: Toxicroak
|-damage|p1a: Toxicroak|39/100
|-sidestart|p1: Dilking|Spikes
|move|p1a: Toxicroak|Drain Punch|p2a: ROTTEN $AM
|-supereffective|p2a: ROTTEN $AM
|-damage|p2a: ROTTEN $AM|0 fnt
|-heal|p1a: Toxicroak|61/100|[from] drain|[of] p2a: ROTTEN $AM
|faint|p2a: ROTTEN $AM
|
|-weather|RainDance|[upkeep]
|-heal|p1a: Toxicroak|73/100|[from] ability: Dry Skin
|upkeep
|
|t:|1760301557
|switch|p2a: fair eNough|Landorus-Therian, M|100/100
|-ability|p2a: fair eNough|Intimidate|boost
|-unboost|p1a: Toxicroak|atk|1
|turn|6
|
|t:|1760301577
|switch|p1a: Hatterene|Hatterene, F|100/100
|-damage|p1a: Hatterene|76/100|[from] Spikes
|move|p2a: fair eNough|Earthquake|p1a: Hatterene
|-damage|p1a: Hatterene|24/100
|-enditem|p1a: Hatterene|Eject Button
|
|t:|1760301580
|switch|p1a: Iron Treads|Iron Treads|100/100
|-damage|p1a: Iron Treads|76/100|[from] Spikes
|
|-weather|RainDance|[upkeep]
|-heal|p1a: Iron Treads|82/100|[from] item: Leftovers
|upkeep
|turn|7
|
|t:|1760301584
|-terastallize|p1a: Iron Treads|Normal
|move|p2a: fair eNough|Earthquake|p1a: Iron Treads
|-crit|p1a: Iron Treads
|-damage|p1a: Iron Treads|15/100
|move|p1a: Iron Treads|Rapid Spin|p2a: fair eNough
|-damage|p2a: fair eNough|75/100
|-boost|p1a: Iron Treads|spe|1
|-damage|p1a: Iron Treads|0 fnt|[from] item: Rocky Helmet|[of] p2a: fair eNough
|faint|p1a: Iron Treads
|-end|p1a: Iron Treads|Quark Drive|[silent]
|
|-weather|RainDance|[upkeep]
|upkeep
|
|t:|1760301590
|switch|p1a: Zapdos|Zapdos|100/100
|turn|8
|
|t:|1760301594
|move|p1a: Zapdos|Weather Ball|p2a: fair eNough
|-supereffective|p2a: fair eNough
|-damage|p2a: fair eNough|0 fnt
|faint|p2a: fair eNough
|
|-weather|none
|upkeep
|
|t:|1760301612
|switch|p2a: JOHNNY POKEMON|Kingambit, F|100/100
|-activate|p2a: JOHNNY POKEMON|ability: Supreme Overlord
|-start|p2a: JOHNNY POKEMON|fallen3|[silent]
|turn|9
|
|t:|1760301615
|switch|p1a: Pelipper|Pelipper, F|100/100
|-weather|RainDance|[from] ability: Drizzle|[of] p1a: Pelipper
|move|p2a: JOHNNY POKEMON|Kowtow Cleave|p1a: Pelipper
|-damage|p1a: Pelipper|29/100
|
|-weather|RainDance|[upkeep]
|upkeep
|turn|10
|
|t:|1760301619
|switch|p1a: Hatterene|Hatterene, F|24/100
|-damage|p1a: Hatterene|0 fnt|[from] Spikes
|faint|p1a: Hatterene
|move|p2a: JOHNNY POKEMON|Sucker Punch|p1: Hatterene|[notarget]
|-fail|p2a: JOHNNY POKEMON
|
|-weather|RainDance|[upkeep]
|upkeep
|
|t:|1760301626
|switch|p1a: Toxicroak|Toxicroak, F|73/100
|-damage|p1a: Toxicroak|48/100|[from] Spikes
|turn|11
|
|t:|1760301630
|-end|p2a: JOHNNY POKEMON|fallen3|[silent]
|switch|p2a: POSTMODERN SUICIDE|Iron Moth|100/100
|-enditem|p2a: POSTMODERN SUICIDE|Booster Energy
|-activate|p2a: POSTMODERN SUICIDE|ability: Quark Drive|[fromitem]
|-start|p2a: POSTMODERN SUICIDE|quarkdrivespe
|move|p1a: Toxicroak|Drain Punch|p2a: POSTMODERN SUICIDE
|-resisted|p2a: POSTMODERN SUICIDE
|-damage|p2a: POSTMODERN SUICIDE|82/100
|-heal|p1a: Toxicroak|56/100|[from] drain|[of] p2a: POSTMODERN SUICIDE
|
|-weather|RainDance|[upkeep]
|-heal|p1a: Toxicroak|69/100|[from] ability: Dry Skin
|upkeep
|turn|12
|
|t:|1760301635
|move|p2a: POSTMODERN SUICIDE|Fiery Dance|p1a: Toxicroak
|-damage|p1a: Toxicroak|35/100
|-boost|p2a: POSTMODERN SUICIDE|spa|1
|move|p1a: Toxicroak|Encore|p2a: POSTMODERN SUICIDE
|-start|p2a: POSTMODERN SUICIDE|Encore
|
|-weather|RainDance|[upkeep]
|-heal|p1a: Toxicroak|48/100|[from] ability: Dry Skin
|upkeep
|turn|13
|
|t:|1760301646
|switch|p1a: Zapdos|Zapdos|100/100
|move|p2a: POSTMODERN SUICIDE|Fiery Dance|p1a: Zapdos
|-damage|p1a: Zapdos|65/100
|
|-weather|RainDance|[upkeep]
|upkeep
|turn|14
|
|t:|1760301650
|move|p2a: POSTMODERN SUICIDE|Fiery Dance|p1a: Zapdos
|-damage|p1a: Zapdos|31/100
|move|p1a: Zapdos|Weather Ball|p2a: POSTMODERN SUICIDE
|-supereffective|p2a: POSTMODERN SUICIDE
|-damage|p2a: POSTMODERN SUICIDE|0 fnt
|faint|p2a: POSTMODERN SUICIDE
|-end|p2a: POSTMODERN SUICIDE|Quark Drive|[silent]
|
|-weather|RainDance|[upkeep]
|upkeep
|
|t:|1760301660
|switch|p2a: MONEY IN THE GRAVE|Iron Valiant|100/100
|-enditem|p2a: MONEY IN THE GRAVE|Booster Energy
|-activate|p2a: MONEY IN THE GRAVE|ability: Quark Drive|[fromitem]
|-start|p2a: MONEY IN THE GRAVE|quarkdrivespe
|turn|15
|
|t:|1760301664
|move|p2a: MONEY IN THE GRAVE|Liquidation|p1a: Zapdos
|-damage|p1a: Zapdos|0 fnt
|-status|p2a: MONEY IN THE GRAVE|par|[from] ability: Static|[of] p1a: Zapdos
|faint|p1a: Zapdos
|
|-weather|RainDance|[upkeep]
|upkeep
|c|☆real water resist|damn
|
|t:|1760301670
|switch|p1a: Barraskewda|Barraskewda, F|100/100
|-damage|p1a: Barraskewda|76/100|[from] Spikes
|turn|16
|
|t:|1760301677
|move|p1a: Barraskewda|Liquidation|p2a: MONEY IN THE GRAVE
|-crit|p2a: MONEY IN THE GRAVE
|-damage|p2a: MONEY IN THE GRAVE|0 fnt
|faint|p2a: MONEY IN THE GRAVE
|-end|p2a: MONEY IN THE GRAVE|Quark Drive|[silent]
|
|-weather|none
|upkeep
|
|t:|1760301681
|switch|p2a: JOHNNY POKEMON|Kingambit, F|100/100
|-activate|p2a: JOHNNY POKEMON|ability: Supreme Overlord
|-start|p2a: JOHNNY POKEMON|fallen5|[silent]
|turn|17
|
|t:|1760301688
|switch|p1a: Pelipper|Pelipper, F|29/100
|-weather|RainDance|[from] ability: Drizzle|[of] p1a: Pelipper
|move|p2a: JOHNNY POKEMON|Kowtow Cleave|p1a: Pelipper
|-damage|p1a: Pelipper|0 fnt
|faint|p1a: Pelipper
|
|-weather|RainDance|[upkeep]
|upkeep
|
|t:|1760301708
|switch|p1a: Toxicroak|Toxicroak, F|48/100
|-damage|p1a: Toxicroak|23/100|[from] Spikes
|turn|18
|
|t:|1760301711
|-terastallize|p2a: JOHNNY POKEMON|Fairy
|move|p1a: Toxicroak|Encore|p2a: JOHNNY POKEMON
|-start|p2a: JOHNNY POKEMON|Encore
|move|p2a: JOHNNY POKEMON|Kowtow Cleave|p1a: Toxicroak
|-resisted|p1a: Toxicroak
|-damage|p1a: Toxicroak|0 fnt
|faint|p1a: Toxicroak
|
|-weather|RainDance|[upkeep]
|upkeep
|
|t:|1760301715
|switch|p1a: Barraskewda|Barraskewda, F|76/100
|-damage|p1a: Barraskewda|51/100|[from] Spikes
|turn|19
|
|t:|1760301718
|move|p1a: Barraskewda|Liquidation|p2a: JOHNNY POKEMON
|-damage|p2a: JOHNNY POKEMON|22/100
|move|p2a: JOHNNY POKEMON|Kowtow Cleave|p1a: Barraskewda
|-damage|p1a: Barraskewda|0 fnt
|faint|p1a: Barraskewda
|
|win|real water resist
|raw|Dilking's rating: 1572 &rarr; <strong>1555</strong><br />(-17 for losing)
|raw|real water resist's rating: 1619 &rarr; <strong>1636</strong><br />(+17 for winning)
|l|☆real water resist
|player|p2|
|l|‽Dilking
|player|p1|
