|j|☆LastGREATEST
|j|☆Nico8051
|t:|1760335464
|gametype|singles
|player|p1|LastGREATEST|ryuki|1216
|player|p2|Nico8051|supernerd|1215
|gen|9
|tier|[Gen 9] OU
|rated|
|rule|HP Percentage Mod: HP is shown in percentages
|rule|Endless Battle Clause: Forcing endless battles is banned
|rule|Species Clause: Limit one of each Pokémon
|rule|OHKO Clause: OHKO moves are banned
|rule|Evasion Items Clause: Evasion items are banned
|rule|Evasion Moves Clause: Evasion moves are banned
|rule|Evasion Abilities Clause: Evasion abilities are banned
|rule|Sleep Moves Clause: Sleep-inducing moves are banned
|clearpoke
|poke|p1|Pelipper, M|
|poke|p1|Kingdra, F|
|poke|p1|Primarina, M|
|poke|p1|Toxicroak, F|
|poke|p1|Iron Treads|
|poke|p1|Lokix, F|
|poke|p2|Ursaring, F|
|poke|p2|Porygon-Z|
|poke|p2|Scizor, M|
|poke|p2|Iron Valiant|
|poke|p2|Araquanid, F|
|poke|p2|Great Tusk|
|teampreview
|
|t:|1760335480
|teamsize|p1|6
|teamsize|p2|6
|start
|switch|p1a: AQUAFINA|Primarina, M, shiny|100/100
|switch|p2a: Araquanid|Araquanid, F, shiny|100/100
|turn|1
|inactive|Battle timer is ON: inactive players will automatically lose when time's up. (requested by Nico8051)
|
|t:|1760335494
|move|p1a: AQUAFINA|Whirlpool|p2a: Araquanid
|-resisted|p2a: Araquanid
|-damage|p2a: Araquanid|95/100
|-activate|p2a: Araquanid|move: Whirlpool|[of] p1a: AQUAFINA
|move|p2a: Araquanid|Sticky Web|p1a: AQUAFINA
|-sidestart|p1: LastGREATEST|move: Sticky Web
|
|-heal|p2a: Araquanid|100/100|[from] item: Leftovers
|-damage|p2a: Araquanid|88/100|[from] move: Whirlpool|[partiallytrapped]
|upkeep
|turn|2
|
|t:|1760335500
|move|p1a: AQUAFINA|Moonblast|p2a: Araquanid
|-damage|p2a: Araquanid|57/100
|move|p2a: Araquanid|Lunge|p1a: AQUAFINA
|-resisted|p1a: AQUAFINA
|-damage|p1a: AQUAFINA|86/100
|-unboost|p1a: AQUAFINA|atk|1
|
|-heal|p1a: AQUAFINA|92/100|[from] item: Leftovers
|-heal|p2a: Araquanid|63/100|[from] item: Leftovers
|-damage|p2a: Araquanid|51/100|[from] move: Whirlpool|[partiallytrapped]
|upkeep
|turn|3
|
|t:|1760335503
|move|p1a: AQUAFINA|Moonblast|p2a: Araquanid
|-damage|p2a: Araquanid|20/100
|move|p2a: Araquanid|Liquidation|p1a: AQUAFINA
|-resisted|p1a: AQUAFINA
|-damage|p1a: AQUAFINA|59/100
|-unboost|p1a: AQUAFINA|def|1
|
|-heal|p1a: AQUAFINA|65/100|[from] item: Leftovers
|-heal|p2a: Araquanid|26/100|[from] item: Leftovers
|-damage|p2a: Araquanid|13/100|[from] move: Whirlpool|[partiallytrapped]
|upkeep
|turn|4
|
|t:|1760335509
|move|p1a: AQUAFINA|Moonblast|p2a: Araquanid
|-damage|p2a: Araquanid|0 fnt
|faint|p2a: Araquanid
|
|-heal|p1a: AQUAFINA|71/100|[from] item: Leftovers
|upkeep
|
|t:|1760335513
|switch|p2a: Ursaring|Ursaring, F|100/100
|turn|5
|
|t:|1760335535
|switch|p1a: WART|Toxicroak, F|100/100
|-activate|p1a: WART|move: Sticky Web
|-unboost|p1a: WART|spe|1
|move|p2a: Ursaring|Trailblaze|p1a: WART
|-resisted|p1a: WART
|-damage|p1a: WART|92/100
|-boost|p2a: Ursaring|spe|1
|-damage|p2a: Ursaring|84/100|[from] item: Rocky Helmet|[of] p1a: WART
|
|-status|p2a: Ursaring|brn|[from] item: Flame Orb
|upkeep
|turn|6
|
|t:|1760335544
|switch|p1a: TOILET|Pelipper, M|100/100
|-weather|RainDance|[from] ability: Drizzle|[of] p1a: TOILET
|move|p2a: Ursaring|Facade|p1a: TOILET
|-damage|p1a: TOILET|0 fnt
|faint|p1a: TOILET
|
|-weather|RainDance|[upkeep]
|-damage|p2a: Ursaring|78/100 brn|[from] brn
|upkeep
|
|t:|1760335549
|switch|p1a: QUEENDRA|Kingdra, F, shiny|100/100
|-activate|p1a: QUEENDRA|move: Sticky Web
|-unboost|p1a: QUEENDRA|spe|1
|turn|7
|
|t:|1760335565
|switch|p2a: Scizor|Scizor, M|100/100
|move|p1a: QUEENDRA|Weather Ball|p2a: Scizor
|-damage|p2a: Scizor|0 fnt
|faint|p2a: Scizor
|
|-weather|RainDance|[upkeep]
|upkeep
|
|t:|1760335572
|switch|p2a: Iron Valiant|Iron Valiant, shiny|100/100
|turn|8
|
|t:|1760335576
|move|p2a: Iron Valiant|Protect|p2a: Iron Valiant
|-singleturn|p2a: Iron Valiant|Protect
|move|p1a: QUEENDRA|Weather Ball|p2a: Iron Valiant
|-activate|p2a: Iron Valiant|move: Protect
|
|-weather|RainDance|[upkeep]
|upkeep
|turn|9
|
|t:|1760335581
|move|p1a: QUEENDRA|Weather Ball|p2a: Iron Valiant
|-enditem|p2a: Iron Valiant|Focus Sash
|-damage|p2a: Iron Valiant|1/100
|move|p2a: Iron Valiant|Moonblast|p1a: QUEENDRA
|-supereffective|p1a: QUEENDRA
|-damage|p1a: QUEENDRA|1/100
|
|-weather|RainDance|[upkeep]
|upkeep
|turn|10
|
|t:|1760335590
|move|p2a: Iron Valiant|Protect|p2a: Iron Valiant
|-singleturn|p2a: Iron Valiant|Protect
|move|p1a: QUEENDRA|Weather Ball|p2a: Iron Valiant
|-activate|p2a: Iron Valiant|move: Protect
|
|-weather|RainDance|[upkeep]
|upkeep
|turn|11
|
|t:|1760335596
|-end|p2a: Iron Valiant|Quark Drive|[silent]
|switch|p2a: Ursaring|Ursaring, F|78/100 brn
|move|p1a: QUEENDRA|Weather Ball|p2a: Ursaring
|-damage|p2a: Ursaring|0 fnt
|faint|p2a: Ursaring
|
|-weather|RainDance|[upkeep]
|upkeep
|
|t:|1760335599
|switch|p2a: Iron Valiant|Iron Valiant, shiny|1/100
|turn|12
|
|t:|1760335603
|move|p2a: Iron Valiant|Protect|p2a: Iron Valiant
|-singleturn|p2a: Iron Valiant|Protect
|move|p1a: QUEENDRA|Weather Ball|p2a: Iron Valiant
|-activate|p2a: Iron Valiant|move: Protect
|
|-weather|RainDance|[upkeep]
|upkeep
|turn|13
|
|t:|1760335615
|move|p1a: QUEENDRA|Weather Ball|p2a: Iron Valiant
|-damage|p2a: Iron Valiant|0 fnt
|faint|p2a: Iron Valiant
|-end|p2a: Iron Valiant|Quark Drive|[silent]
|
|-weather|none
|upkeep
|
|t:|1760335619
|switch|p2a: Great Tusk|Great Tusk|100/100
|-enditem|p2a: Great Tusk|Booster Energy
|-activate|p2a: Great Tusk|ability: Protosynthesis|[fromitem]
|-start|p2a: Great Tusk|protosynthesisatk
|turn|14
|
|t:|1760335624
|switch|p1a: WART|Toxicroak, F|92/100
|-activate|p1a: WART|move: Sticky Web
|-unboost|p1a: WART|spe|1
|move|p2a: Great Tusk|Rapid Spin|p1a: WART
|-crit|p1a: WART
|-damage|p1a: WART|59/100
|-boost|p2a: Great Tusk|spe|1
|-damage|p2a: Great Tusk|84/100|[from] item: Rocky Helmet|[of] p1a: WART
|
|upkeep
|turn|15
|
|t:|1760335635
|move|p2a: Great Tusk|Headlong Rush|p1a: WART
|-supereffective|p1a: WART
|-damage|p1a: WART|0 fnt
|-unboost|p2a: Great Tusk|def|1
|-unboost|p2a: Great Tusk|spd|1
|-damage|p2a: Great Tusk|68/100|[from] item: Rocky Helmet|[of] p1a: WART
|faint|p1a: WART
|
|upkeep
|
|t:|1760335648
|switch|p1a: ELON TUSK|Iron Treads|100/100
|turn|16
|
|t:|1760335655
|move|p2a: Great Tusk|Headlong Rush|p1a: ELON TUSK
|-supereffective|p1a: ELON TUSK
|-damage|p1a: ELON TUSK|0 fnt
|-unboost|p2a: Great Tusk|def|1
|-unboost|p2a: Great Tusk|spd|1
|faint|p1a: ELON TUSK
|-end|p1a: ELON TUSK|Quark Drive|[silent]
|
|upkeep
|
|t:|1760335663
|switch|p1a: AQUAFINA|Primarina, M, shiny|71/100
|-activate|p1a: AQUAFINA|move: Sticky Web
|-unboost|p1a: AQUAFINA|spe|1
|turn|17
|
|t:|1760335670
|-terastallize|p1a: AQUAFINA|Ghost
|move|p2a: Great Tusk|Headlong Rush|p1a: AQUAFINA
|-damage|p1a: AQUAFINA|0 fnt
|-unboost|p2a: Great Tusk|def|1
|-unboost|p2a: Great Tusk|spd|1
|faint|p1a: AQUAFINA
|
|upkeep
|
|t:|1760335674
|switch|p1a: BUGSAW|Lokix, F|100/100
|-activate|p1a: BUGSAW|move: Sticky Web
|-unboost|p1a: BUGSAW|spe|1
|turn|18
|
|t:|1760335678
|move|p2a: Great Tusk|Headlong Rush|p1a: BUGSAW
|-resisted|p1a: BUGSAW
|-damage|p1a: BUGSAW|43/100
|-unboost|p2a: Great Tusk|def|1
|-unboost|p2a: Great Tusk|spd|1
|move|p1a: BUGSAW|Leech Life|p2a: Great Tusk
|-resisted|p2a: Great Tusk
|-damage|p2a: Great Tusk|0 fnt
|-heal|p1a: BUGSAW|87/100|[from] drain|[of] p2a: Great Tusk
|faint|p2a: Great Tusk
|-end|p2a: Great Tusk|Protosynthesis|[silent]
|
|upkeep
|
|t:|1760335681
|switch|p2a: Porygon-Z|Porygon-Z, shiny|100/100
|turn|19
|
|t:|1760335683
|move|p2a: Porygon-Z|Tri Attack|p1a: BUGSAW
|-damage|p1a: BUGSAW|0 fnt
|faint|p1a: BUGSAW
|
|upkeep
|
|t:|1760335686
|switch|p1a: QUEENDRA|Kingdra, F, shiny|1/100
|-activate|p1a: QUEENDRA|move: Sticky Web
|-unboost|p1a: QUEENDRA|spe|1
|turn|20
|
|t:|1760335689
|move|p2a: Porygon-Z|Tri Attack|p1a: QUEENDRA
|-damage|p1a: QUEENDRA|0 fnt
|faint|p1a: QUEENDRA
|
|win|Nico8051
|raw|LastGREATEST's rating: 1216 &rarr; <strong>1191</strong><br />(-25 for losing)
|raw|Nico8051's rating: 1215 &rarr; <strong>1240</strong><br />(+25 for winning)
|l|☆Nico8051
|player|p2|
|l|☆LastGREATEST
|player|p1|
