|j|☆Christendom
|j|☆Jeeeeemo
|t:|1760458391
|gametype|singles
|player|p1|Christendom|yellow|1544
|player|p2|Jeeeeemo|li|1601
|gen|9
|tier|[Gen 9] OU
|rated|
|rule|HP Percentage Mod: HP is shown in percentages
|rule|Endless Battle Clause: Forcing endless battles is banned
|rule|Species Clause: Limit one of each Pokémon
|rule|OHKO Clause: OHKO moves are banned
|rule|Evasion Items Clause: Evasion items are banned
|rule|Evasion Moves Clause: Evasion moves are banned
|rule|Evasion Abilities Clause: Evasion abilities are banned
|rule|Sleep Moves Clause: Sleep-inducing moves are banned
|clearpoke
|poke|p1|Dragonite, F|
|poke|p1|Zamazenta-*|
|poke|p1|Gholdengo|
|poke|p1|Darkrai|
|poke|p1|Hatterene, F|
|poke|p1|Landorus-Therian, M|
|poke|p2|Tinkaton, F|
|poke|p2|Dondozo, M|
|poke|p2|Ceruledge, F|
|poke|p2|Maushold-Four|
|poke|p2|Ditto|
|poke|p2|Dudunsparce-*, M|
|teampreview
|inactive|Battle timer is ON: inactive players will automatically lose when time's up. (requested by Jeeeeemo)
|
|t:|1760458398
|teamsize|p1|6
|teamsize|p2|6
|start
|switch|p1a: Landorus|Landorus-Therian, M|100/100
|switch|p2a: Tinkaton|Tinkaton, F|100/100
|-item|p2a: Tinkaton|Air Balloon
|-ability|p1a: Landorus|Intimidate|boost
|-unboost|p2a: Tinkaton|atk|1
|turn|1
|
|t:|1760458405
|switch|p1a: Gholdengo|Gholdengo|100/100
|move|p2a: Tinkaton|Swords Dance|p2a: Tinkaton
|-boost|p2a: Tinkaton|atk|2
|
|upkeep
|turn|2
|
|t:|1760458412
|move|p2a: Tinkaton|Knock Off|p1a: Gholdengo
|-supereffective|p1a: Gholdengo
|-damage|p1a: Gholdengo|33/100
|-enditem|p1a: Gholdengo|Metal Coat|[from] move: Knock Off|[of] p2a: Tinkaton
|move|p1a: Gholdengo|Make It Rain|p2a: Tinkaton
|-damage|p2a: Tinkaton|24/100
|-unboost|p1a: Gholdengo|spa|1
|-enditem|p2a: Tinkaton|Air Balloon
|
|upkeep
|turn|3
|
|t:|1760458424
|move|p2a: Tinkaton|Knock Off|p1a: Gholdengo
|-supereffective|p1a: Gholdengo
|-damage|p1a: Gholdengo|0 fnt
|faint|p1a: Gholdengo
|
|upkeep
|
|t:|1760458439
|switch|p1a: Landorus|Landorus-Therian, M|100/100
|-ability|p1a: Landorus|Intimidate|boost
|-unboost|p2a: Tinkaton|atk|1
|turn|4
|
|t:|1760458443
|switch|p2a: Ditto|Ditto, shiny|100/100
|-transform|p2a: Ditto|p1a: Landorus|[from] ability: Imposter
|-ability|p2a: Ditto|Intimidate|boost
|-unboost|p1a: Landorus|atk|1
|move|p1a: Landorus|Earthquake|p2a: Ditto
|-immune|p2a: Ditto
|
|upkeep
|turn|5
|-activate|p2a: Ditto|item: Quick Claw
|
|t:|1760458455
|switch|p1a: Hatterene|Hatterene, F|100/100
|move|p2a: Ditto|Stealth Rock|p1a: Hatterene
|move|p1a: Hatterene|Stealth Rock|p2a: Ditto|[from] ability: Magic Bounce
|-sidestart|p2: Jeeeeemo|move: Stealth Rock
|
|upkeep
|turn|6
|
|t:|1760458471
|switch|p1a: Landorus|Landorus-Therian, M|100/100
|-ability|p1a: Landorus|Intimidate|boost
|-unboost|p2a: Ditto|atk|1
|move|p2a: Ditto|U-turn|p1a: Landorus
|-resisted|p1a: Landorus
|-damage|p1a: Landorus|94/100
|-damage|p2a: Ditto|84/100|[from] item: Rocky Helmet|[of] p1a: Landorus
|
|t:|1760458480
|switch|p2a: Tinkaton|Tinkaton, F|24/100|[from] U-turn
|-damage|p2a: Tinkaton|18/100|[from] Stealth Rock
|
|upkeep
|turn|7
|
|t:|1760458488
|move|p2a: Tinkaton|Knock Off|p1a: Landorus
|-damage|p1a: Landorus|73/100
|-damage|p2a: Tinkaton|1/100|[from] item: Rocky Helmet|[of] p1a: Landorus
|-enditem|p1a: Landorus|Rocky Helmet|[from] move: Knock Off|[of] p2a: Tinkaton
|move|p1a: Landorus|Earthquake|p2a: Tinkaton
|-supereffective|p2a: Tinkaton
|-damage|p2a: Tinkaton|0 fnt
|faint|p2a: Tinkaton
|
|upkeep
|
|t:|1760458494
|switch|p2a: Ditto|Ditto, shiny|84/100
|-damage|p2a: Ditto|71/100|[from] Stealth Rock
|-transform|p2a: Ditto|p1a: Landorus|[from] ability: Imposter
|-ability|p2a: Ditto|Intimidate|boost
|-unboost|p1a: Landorus|atk|1
|turn|8
|
|t:|1760458503
|move|p1a: Landorus|U-turn|p2a: Ditto
|-resisted|p2a: Ditto
|-damage|p2a: Ditto|62/100
|
|t:|1760458505
|switch|p1a: Hatterene|Hatterene, F|100/100|[from] U-turn
|move|p2a: Ditto|U-turn|p1a: Hatterene
|-damage|p1a: Hatterene|77/100
|
|t:|1760458511
|switch|p2a: Maushold|Maushold-Four|100/100|[from] U-turn
|-damage|p2a: Maushold|88/100|[from] Stealth Rock
|
|upkeep
|turn|9
|
|t:|1760458525
|move|p2a: Maushold|Population Bomb|p1a: Hatterene|[miss]
|-miss|p2a: Maushold|p1a: Hatterene
|move|p1a: Hatterene|Psyshock|p2a: Maushold
|-damage|p2a: Maushold|21/100
|
|upkeep
|turn|10
|
|t:|1760458535
|switch|p1a: Zamazenta|Zamazenta|100/100
|-ability|p1a: Zamazenta|Dauntless Shield|boost
|-boost|p1a: Zamazenta|def|1
|move|p2a: Maushold|Population Bomb|p1a: Zamazenta
|-damage|p1a: Zamazenta|95/100
|-damage|p1a: Zamazenta|89/100
|-damage|p1a: Zamazenta|83/100
|-damage|p1a: Zamazenta|77/100
|-damage|p1a: Zamazenta|71/100
|-damage|p1a: Zamazenta|66/100
|-crit|p1a: Zamazenta
|-damage|p1a: Zamazenta|54/100
|-damage|p1a: Zamazenta|48/100
|-damage|p1a: Zamazenta|42/100
|-damage|p1a: Zamazenta|36/100
|-hitcount|p1a: Zamazenta|10
|
|-heal|p1a: Zamazenta|42/100|[from] item: Leftovers
|upkeep
|turn|11
|
|t:|1760458544
|switch|p2a: Dondozo|Dondozo, M|100/100
|-damage|p2a: Dondozo|88/100|[from] Stealth Rock
|move|p1a: Zamazenta|Body Press|p2a: Dondozo
|-damage|p2a: Dondozo|70/100
|-damage|p1a: Zamazenta|25/100|[from] item: Rocky Helmet|[of] p2a: Dondozo
|
|-heal|p1a: Zamazenta|32/100|[from] item: Leftovers
|upkeep
|turn|12
|
|t:|1760458554
|switch|p1a: Hatterene|Hatterene, F|77/100
|move|p2a: Dondozo|Ice Fang|p1a: Hatterene
|-crit|p1a: Hatterene
|-damage|p1a: Hatterene|53/100
|
|upkeep
|turn|13
|
|t:|1760458562
|switch|p2a: Ditto|Ditto, shiny|62/100
|-damage|p2a: Ditto|50/100|[from] Stealth Rock
|-transform|p2a: Ditto|p1a: Hatterene|[from] ability: Imposter
|move|p1a: Hatterene|Draining Kiss|p2a: Ditto
|-damage|p2a: Ditto|24/100
|-heal|p1a: Hatterene|72/100|[from] drain|[of] p2a: Ditto
|
|upkeep
|turn|14
|
|t:|1760458571
|switch|p2a: Dudunsparce|Dudunsparce, M|100/100
|-damage|p2a: Dudunsparce|88/100|[from] Stealth Rock
|move|p1a: Hatterene|Draining Kiss|p2a: Dudunsparce
|-damage|p2a: Dudunsparce|72/100
|-heal|p1a: Hatterene|89/100|[from] drain|[of] p2a: Dudunsparce
|
|-heal|p2a: Dudunsparce|78/100|[from] item: Leftovers
|upkeep
|turn|15
|
|t:|1760458586
|move|p2a: Dudunsparce|Coil|p2a: Dudunsparce
|-boost|p2a: Dudunsparce|atk|1
|-boost|p2a: Dudunsparce|def|1
|-boost|p2a: Dudunsparce|accuracy|1
|move|p1a: Hatterene|Psyshock|p2a: Dudunsparce
|-damage|p2a: Dudunsparce|53/100
|
|-heal|p2a: Dudunsparce|59/100|[from] item: Leftovers
|upkeep
|turn|16
|
|t:|1760458594
|move|p2a: Dudunsparce|Coil|p2a: Dudunsparce
|-boost|p2a: Dudunsparce|atk|1
|-boost|p2a: Dudunsparce|def|1
|-boost|p2a: Dudunsparce|accuracy|1
|move|p1a: Hatterene|Psychic Noise|p2a: Dudunsparce
|-damage|p2a: Dudunsparce|33/100
|-start|p2a: Dudunsparce|move: Heal Block
|
|upkeep
|turn|17
|
|t:|1760458601
|move|p2a: Dudunsparce|Rock Slide|p1a: Hatterene
|-damage|p1a: Hatterene|53/100
|move|p1a: Hatterene|Psychic Noise|p2a: Dudunsparce
|-damage|p2a: Dudunsparce|5/100
|
|-end|p2a: Dudunsparce|move: Heal Block
|upkeep
|turn|18
|
|t:|1760458607
|move|p2a: Dudunsparce|Roost|p2a: Dudunsparce
|-heal|p2a: Dudunsparce|55/100
|-singleturn|p2a: Dudunsparce|move: Roost
|move|p1a: Hatterene|Psychic Noise|p2a: Dudunsparce
|-damage|p2a: Dudunsparce|29/100
|-start|p2a: Dudunsparce|move: Heal Block
|
|upkeep
|turn|19
|
|t:|1760458614
|move|p2a: Dudunsparce|Rock Slide|p1a: Hatterene
|-damage|p1a: Hatterene|15/100
|cant|p1a: Hatterene|flinch
|
|-end|p2a: Dudunsparce|move: Heal Block
|upkeep
|turn|20
|
|t:|1760458617
|move|p2a: Dudunsparce|Roost|p2a: Dudunsparce
|-heal|p2a: Dudunsparce|79/100
|-singleturn|p2a: Dudunsparce|move: Roost
|move|p1a: Hatterene|Psychic Noise|p2a: Dudunsparce
|-damage|p2a: Dudunsparce|51/100
|-start|p2a: Dudunsparce|move: Heal Block
|
|upkeep
|turn|21
|
|t:|1760458623
|move|p2a: Dudunsparce|Rock Slide|p1a: Hatterene
|-damage|p1a: Hatterene|0 fnt
|faint|p1a: Hatterene
|
|-end|p2a: Dudunsparce|move: Heal Block
|upkeep
|
|t:|1760458628
|switch|p1a: Landorus|Landorus-Therian, M|73/100
|-ability|p1a: Landorus|Intimidate|boost
|-unboost|p2a: Dudunsparce|atk|1
|turn|22
|
|t:|1760458633
|move|p1a: Landorus|Taunt|p2a: Dudunsparce
|-start|p2a: Dudunsparce|move: Taunt
|cant|p2a: Dudunsparce|move: Taunt|Roost
|
|-heal|p2a: Dudunsparce|57/100|[from] item: Leftovers
|upkeep
|turn|23
|
|t:|1760458654
|move|p1a: Landorus|U-turn|p2a: Dudunsparce
|-damage|p2a: Dudunsparce|48/100
|
|t:|1760458655
|switch|p1a: Zamazenta|Zamazenta|32/100|[from] U-turn
|move|p2a: Dudunsparce|Rock Slide|p1a: Zamazenta
|-resisted|p1a: Zamazenta
|-damage|p1a: Zamazenta|22/100
|
|-heal|p1a: Zamazenta|28/100|[from] item: Leftovers
|-heal|p2a: Dudunsparce|54/100|[from] item: Leftovers
|upkeep
|turn|24
|
|t:|1760458664
|switch|p2a: Dondozo|Dondozo, M|70/100
|-damage|p2a: Dondozo|57/100|[from] Stealth Rock
|move|p1a: Zamazenta|Iron Defense|p1a: Zamazenta
|-boost|p1a: Zamazenta|def|2
|
|-heal|p1a: Zamazenta|35/100|[from] item: Leftovers
|upkeep
|turn|25
|
|t:|1760458669
|switch|p2a: Ditto|Ditto, shiny|24/100
|-damage|p2a: Ditto|11/100|[from] Stealth Rock
|-transform|p2a: Ditto|p1a: Zamazenta|[from] ability: Imposter
|-ability|p2a: Ditto|Dauntless Shield|boost
|-boost|p2a: Ditto|def|1
|move|p1a: Zamazenta|Roar|p2a: Ditto
|drag|p2a: Ceruledge|Ceruledge, F|100/100
|-damage|p2a: Ceruledge|76/100|[from] Stealth Rock
|
|-heal|p1a: Zamazenta|41/100|[from] item: Leftovers
|upkeep
|turn|26
|
|t:|1760458678
|switch|p2a: Dondozo|Dondozo, M|57/100
|-damage|p2a: Dondozo|45/100|[from] Stealth Rock
|move|p1a: Zamazenta|Roar|p2a: Dondozo
|drag|p2a: Dudunsparce|Dudunsparce, M|54/100
|-damage|p2a: Dudunsparce|41/100|[from] Stealth Rock
|
|-heal|p1a: Zamazenta|47/100|[from] item: Leftovers
|-heal|p2a: Dudunsparce|48/100|[from] item: Leftovers
|upkeep
|turn|27
|
|t:|1760458685
|-terastallize|p2a: Dudunsparce|Ghost
|move|p1a: Zamazenta|Body Press|p2a: Dudunsparce
|-immune|p2a: Dudunsparce
|move|p2a: Dudunsparce|Glare|p1a: Zamazenta
|-status|p1a: Zamazenta|par
|
|-heal|p1a: Zamazenta|53/100 par|[from] item: Leftovers
|-heal|p2a: Dudunsparce|54/100|[from] item: Leftovers
|upkeep
|turn|28
|
|t:|1760458692
|switch|p2a: Dondozo|Dondozo, M|45/100
|-damage|p2a: Dondozo|32/100|[from] Stealth Rock
|move|p1a: Zamazenta|Roar|p2a: Dondozo
|drag|p2a: Ceruledge|Ceruledge, F|76/100
|-damage|p2a: Ceruledge|51/100|[from] Stealth Rock
|
|-heal|p1a: Zamazenta|59/100 par|[from] item: Leftovers
|upkeep
|turn|29
|
|t:|1760458696
|move|p2a: Ceruledge|Bitter Blade|p1a: Zamazenta
|-damage|p1a: Zamazenta|41/100 par
|-heal|p2a: Ceruledge|61/100|[from] drain|[of] p1a: Zamazenta
|move|p1a: Zamazenta|Crunch|p2a: Ceruledge
|-supereffective|p2a: Ceruledge
|-damage|p2a: Ceruledge|0 fnt
|faint|p2a: Ceruledge
|
|-heal|p1a: Zamazenta|48/100 par|[from] item: Leftovers
|upkeep
|
|t:|1760458708
|switch|p2a: Maushold|Maushold-Four|21/100
|-damage|p2a: Maushold|8/100|[from] Stealth Rock
|turn|30
|
|t:|1760458712
|move|p2a: Maushold|Tidy Up|p2a: Maushold
|-sideend|p2: Jeeeeemo|Stealth Rock
|-activate|p2a: Maushold|move: Tidy Up
|-boost|p2a: Maushold|atk|1
|-boost|p2a: Maushold|spe|1
|move|p1a: Zamazenta|Crunch|p2a: Maushold
|-damage|p2a: Maushold|0 fnt
|faint|p2a: Maushold
|
|-heal|p1a: Zamazenta|54/100 par|[from] item: Leftovers
|upkeep
|
|t:|1760458715
|switch|p2a: Ditto|Ditto, shiny|11/100
|-transform|p2a: Ditto|p1a: Zamazenta|[from] ability: Imposter
|turn|31
|-activate|p2a: Ditto|item: Quick Claw
|
|t:|1760458722
|move|p2a: Ditto|Body Press|p1a: Zamazenta
|-damage|p1a: Zamazenta|23/100 par
|move|p1a: Zamazenta|Body Press|p2a: Ditto
|-damage|p2a: Ditto|0 fnt
|faint|p2a: Ditto
|
|-heal|p1a: Zamazenta|29/100 par|[from] item: Leftovers
|upkeep
|
|t:|1760458731
|switch|p2a: Dondozo|Dondozo, M|32/100
|turn|32
|
|t:|1760458737
|move|p2a: Dondozo|Rest|p2a: Dondozo
|-status|p2a: Dondozo|slp|[from] move: Rest
|-heal|p2a: Dondozo|100/100 slp|[silent]
|cant|p1a: Zamazenta|par
|
|-heal|p1a: Zamazenta|36/100 par|[from] item: Leftovers
|upkeep
|turn|33
|
|t:|1760458740
|cant|p2a: Dondozo|slp
|move|p2a: Dondozo|Sleep Talk|p2a: Dondozo
|move|p2a: Dondozo|Ice Fang|p1a: Zamazenta|[from] move: Sleep Talk
|-damage|p1a: Zamazenta|25/100 par
|cant|p1a: Zamazenta|flinch
|
|-heal|p1a: Zamazenta|31/100 par|[from] item: Leftovers
|upkeep
|turn|34
|
|t:|1760458744
|cant|p2a: Dondozo|slp
|move|p2a: Dondozo|Sleep Talk|p2a: Dondozo
|move|p2a: Dondozo|Rest||[from] move: Sleep Talk|[still]
|-fail|p2a: Dondozo
|cant|p1a: Zamazenta|par
|
|-heal|p1a: Zamazenta|37/100 par|[from] item: Leftovers
|upkeep
|turn|35
|
|t:|1760458748
|-curestatus|p2a: Dondozo|slp|[msg]
|move|p2a: Dondozo|Curse|p2a: Dondozo
|-unboost|p2a: Dondozo|spe|1
|-boost|p2a: Dondozo|atk|1
|-boost|p2a: Dondozo|def|1
|move|p1a: Zamazenta|Roar|p2a: Dondozo
|drag|p2a: Dudunsparce|Dudunsparce, M, tera:Ghost|54/100
|
|-heal|p1a: Zamazenta|43/100 par|[from] item: Leftovers
|-heal|p2a: Dudunsparce|60/100|[from] item: Leftovers
|upkeep
|turn|36
|
|t:|1760458754
|switch|p2a: Dondozo|Dondozo, M|100/100
|cant|p1a: Zamazenta|par
|
|-heal|p1a: Zamazenta|49/100 par|[from] item: Leftovers
|upkeep
|turn|37
|
|t:|1760458759
|switch|p1a: Landorus|Landorus-Therian, M|73/100
|-ability|p1a: Landorus|Intimidate|boost
|-unboost|p2a: Dondozo|atk|1
|move|p2a: Dondozo|Curse|p2a: Dondozo
|-unboost|p2a: Dondozo|spe|1
|-boost|p2a: Dondozo|atk|1
|-boost|p2a: Dondozo|def|1
|
|upkeep
|turn|38
|
|t:|1760458766
|move|p1a: Landorus|Taunt|p2a: Dondozo
|-start|p2a: Dondozo|move: Taunt
|move|p2a: Dondozo|Ice Fang|p1a: Landorus
|-supereffective|p1a: Landorus
|-crit|p1a: Landorus
|-damage|p1a: Landorus|0 fnt
|faint|p1a: Landorus
|
|upkeep
|
|t:|1760458776
|switch|p1a: Darkrai|Darkrai|100/100
|turn|39
|
|t:|1760458782
|move|p1a: Darkrai|Will-O-Wisp|p2a: Dondozo
|-status|p2a: Dondozo|brn
|move|p2a: Dondozo|Ice Fang|p1a: Darkrai
|-damage|p1a: Darkrai|91/100
|
|-damage|p2a: Dondozo|94/100 brn|[from] brn
|upkeep
|turn|40
|
|t:|1760458785
|move|p1a: Darkrai|Dark Pulse|p2a: Dondozo
|-damage|p2a: Dondozo|56/100 brn
|move|p2a: Dondozo|Ice Fang|p1a: Darkrai
|-crit|p1a: Darkrai
|-damage|p1a: Darkrai|78/100
|
|-damage|p2a: Dondozo|50/100 brn|[from] brn
|-end|p2a: Dondozo|move: Taunt
|upkeep
|turn|41
|
|t:|1760458790
|move|p1a: Darkrai|Taunt|p2a: Dondozo
|-start|p2a: Dondozo|move: Taunt
|cant|p2a: Dondozo|move: Taunt|Rest
|
|-damage|p2a: Dondozo|43/100 brn|[from] brn
|upkeep
|turn|42
|
|t:|1760458793
|move|p1a: Darkrai|Dark Pulse|p2a: Dondozo
|-damage|p2a: Dondozo|6/100 brn
|move|p2a: Dondozo|Ice Fang|p1a: Darkrai
|-damage|p1a: Darkrai|70/100
|
|-damage|p2a: Dondozo|0 fnt|[from] brn
|faint|p2a: Dondozo
|upkeep
|
|t:|1760458795
|switch|p2a: Dudunsparce|Dudunsparce, M, tera:Ghost|60/100
|turn|43
|
|t:|1760458797
|move|p1a: Darkrai|Dark Pulse|p2a: Dudunsparce
|-supereffective|p2a: Dudunsparce
|-damage|p2a: Dudunsparce|8/100
|move|p2a: Dudunsparce|Glare|p1a: Darkrai
|-status|p1a: Darkrai|par
|
|-heal|p2a: Dudunsparce|15/100|[from] item: Leftovers
|upkeep
|turn|44
|
|t:|1760458799
|move|p1a: Darkrai|Dark Pulse|p2a: Dudunsparce
|-supereffective|p2a: Dudunsparce
|-damage|p2a: Dudunsparce|0 fnt
|faint|p2a: Dudunsparce
|
|win|Christendom
|raw|Christendom's rating: 1544 &rarr; <strong>1567</strong><br />(+23 for winning)
|raw|Jeeeeemo's rating: 1601 &rarr; <strong>1578</strong><br />(-23 for losing)
|l|☆Jeeeeemo
|player|p2|
