|j|☆salitork
|j|☆gas litten
|inactive|Battle timer is ON: inactive players will automatically lose when time's up.
|t:|1760342868
|gametype|singles
|player|p1|salitork|doctor|
|player|p2|gas litten|miku-ghost|
|gen|9
|tier|[Gen 9] OU
|rated|Tournament battle
|rule|HP Percentage Mod: HP is shown in percentages
|rule|Endless Battle Clause: Forcing endless battles is banned
|rule|Species Clause: Limit one of each Pokémon
|rule|OHKO Clause: OHKO moves are banned
|rule|Evasion Items Clause: Evasion items are banned
|rule|Evasion Moves Clause: Evasion moves are banned
|rule|Evasion Abilities Clause: Evasion abilities are banned
|rule|Sleep Moves Clause: Sleep-inducing moves are banned
|rule|Blitz: Super-fast timer
|rule|Inverse Mod: Weaknesses become resistances, while resistances and immunities become weaknesses.
|raw|<div class="infobox"><details class="readmore" open><summary><strong>2 custom rules:</strong></summary> Blitz, Inverse Mod</details></div>
|clearpoke
|poke|p1|Meowscarada, F|
|poke|p1|Zapdos|
|poke|p1|Munkidori, M|
|poke|p1|Great Tusk|
|poke|p1|Garganacl, M|
|poke|p1|Ninetales-Alola, F|
|poke|p2|Ogerpon, F|
|poke|p2|Iron Hands|
|poke|p2|Darkrai|
|poke|p2|Rotom-Wash|
|poke|p2|Enamorus-Therian, F|
|poke|p2|Dragonite, M|
|teampreview
|j|*Lady Monita ☀
|
|t:|1760342876
|teamsize|p1|6
|teamsize|p2|6
|start
|switch|p1a: Meowscarada|Meowscarada, F|100/100
|switch|p2a: Rotom|Rotom-Wash|100/100
|turn|1
|c|☆gas litten|glhf
|inactive|salitork has 10 seconds left.
|
|t:|1760342884
|move|p1a: Meowscarada|Taunt|p2a: Rotom
|-start|p1a: Meowscarada|typechange|Dark|[from] ability: Protean
|-start|p2a: Rotom|move: Taunt
|move|p2a: Rotom|Hydro Pump|p1a: Meowscarada
|-damage|p1a: Meowscarada|35/100
|
|upkeep
|turn|2
|
|t:|1760342887
|move|p1a: Meowscarada|Spikes|p2a: Rotom
|-sidestart|p2: gas litten|Spikes
|move|p2a: Rotom|Volt Switch|p1a: Meowscarada
|-damage|p1a: Meowscarada|0 fnt
|faint|p1a: Meowscarada
|
|t:|1760342890
|switch|p2a: Enamorus|Enamorus-Therian, F|100/100|[from] Volt Switch
|
|upkeep
|inactive|salitork has 10 seconds left.
|
|t:|1760342895
|switch|p1a: Zapdos|Zapdos|100/100
|turn|3
|
|t:|1760342899
|move|p1a: Zapdos|Thunderbolt|p2a: Enamorus
|-resisted|p2a: Enamorus
|-damage|p2a: Enamorus|75/100
|move|p2a: Enamorus|Grass Knot|p1a: Zapdos
|-supereffective|p1a: Zapdos
|-crit|p1a: Zapdos
|-damage|p1a: Zapdos|4/100
|
|-heal|p2a: Enamorus|81/100|[from] item: Leftovers
|upkeep
|turn|4
|
|t:|1760342903
|move|p1a: Zapdos|Thunderbolt|p2a: Enamorus
|-resisted|p2a: Enamorus
|-damage|p2a: Enamorus|59/100
|-status|p2a: Enamorus|par
|move|p2a: Enamorus|Grass Knot|p1a: Zapdos
|-supereffective|p1a: Zapdos
|-damage|p1a: Zapdos|0 fnt
|faint|p1a: Zapdos
|
|-heal|p2a: Enamorus|65/100 par|[from] item: Leftovers
|upkeep
|inactive|salitork has 10 seconds left.
|
|t:|1760342908
|switch|p1a: Munkidori|Munkidori, M|100/100
|turn|5
|
|t:|1760342912
|move|p1a: Munkidori|Sludge Bomb|p2a: Enamorus
|-resisted|p2a: Enamorus
|-damage|p2a: Enamorus|32/100 par
|cant|p2a: Enamorus|par
|
|-heal|p2a: Enamorus|38/100 par|[from] item: Leftovers
|upkeep
|turn|6
|c|☆gas litten|lol
|
|t:|1760342917
|move|p1a: Munkidori|Sludge Bomb|p2a: Enamorus
|-resisted|p2a: Enamorus
|-damage|p2a: Enamorus|6/100 par
|move|p2a: Enamorus|Draining Kiss|p1a: Munkidori
|-supereffective|p1a: Munkidori
|-crit|p1a: Munkidori
|-damage|p1a: Munkidori|0 fnt
|-heal|p2a: Enamorus|74/100 par|[from] drain|[of] p1a: Munkidori
|faint|p1a: Munkidori
|
|-heal|p2a: Enamorus|80/100 par|[from] item: Leftovers
|upkeep
|inactive|salitork has 10 seconds left.
|
|t:|1760342922
|switch|p1a: Garganacl|Garganacl, M|100/100
|turn|7
|
|t:|1760342925
|move|p1a: Garganacl|Salt Cure|p2a: Enamorus
|-resisted|p2a: Enamorus
|-damage|p2a: Enamorus|73/100 par
|-start|p2a: Enamorus|Salt Cure
|cant|p2a: Enamorus|par
|
|-heal|p2a: Enamorus|79/100 par|[from] item: Leftovers
|-damage|p2a: Enamorus|67/100 par|[from] Salt Cure
|upkeep
|turn|8
|inactive|salitork has 10 seconds left.
|
|t:|1760342930
|move|p1a: Garganacl|Stealth Rock|p2a: Enamorus
|-sidestart|p2: gas litten|move: Stealth Rock
|cant|p2a: Enamorus|par
|
|-heal|p2a: Enamorus|73/100 par|[from] item: Leftovers
|-damage|p2a: Enamorus|61/100 par|[from] Salt Cure
|upkeep
|turn|9
|
|t:|1760342934
|switch|p1a: Ninetales|Ninetales-Alola, F|100/100
|-weather|Snowscape|[from] ability: Snow Warning|[of] p1a: Ninetales
|move|p2a: Enamorus|Draining Kiss|p1a: Ninetales
|-damage|p1a: Ninetales|67/100
|-heal|p2a: Enamorus|82/100 par|[from] drain|[of] p1a: Ninetales
|
|-weather|Snowscape|[upkeep]
|-heal|p1a: Ninetales|73/100|[from] item: Leftovers
|-heal|p2a: Enamorus|88/100 par|[from] item: Leftovers
|-damage|p2a: Enamorus|75/100 par|[from] Salt Cure
|upkeep
|turn|10
|
|t:|1760342938
|move|p1a: Ninetales|Aurora Veil|p1a: Ninetales
|-sidestart|p1: salitork|move: Aurora Veil
|move|p2a: Enamorus|Draining Kiss|p1a: Ninetales
|-damage|p1a: Ninetales|56/100
|-heal|p2a: Enamorus|86/100 par|[from] drain|[of] p1a: Ninetales
|
|-weather|Snowscape|[upkeep]
|-heal|p1a: Ninetales|62/100|[from] item: Leftovers
|-heal|p2a: Enamorus|92/100 par|[from] item: Leftovers
|-damage|p2a: Enamorus|79/100 par|[from] Salt Cure
|upkeep
|turn|11
|
|t:|1760342942
|move|p1a: Ninetales|Calm Mind|p1a: Ninetales
|-boost|p1a: Ninetales|spa|1
|-boost|p1a: Ninetales|spd|1
|move|p2a: Enamorus|Calm Mind|p2a: Enamorus
|-boost|p2a: Enamorus|spa|1
|-boost|p2a: Enamorus|spd|1
|
|-weather|Snowscape|[upkeep]
|-heal|p1a: Ninetales|68/100|[from] item: Leftovers
|-heal|p2a: Enamorus|85/100 par|[from] item: Leftovers
|-damage|p2a: Enamorus|73/100 par|[from] Salt Cure
|upkeep
|turn|12
|
|t:|1760342945
|move|p1a: Ninetales|Calm Mind|p1a: Ninetales
|-boost|p1a: Ninetales|spa|1
|-boost|p1a: Ninetales|spd|1
|move|p2a: Enamorus|Draining Kiss|p1a: Ninetales
|-damage|p1a: Ninetales|54/100
|-heal|p2a: Enamorus|82/100 par|[from] drain|[of] p1a: Ninetales
|
|-weather|Snowscape|[upkeep]
|-heal|p1a: Ninetales|60/100|[from] item: Leftovers
|-heal|p2a: Enamorus|88/100 par|[from] item: Leftovers
|-damage|p2a: Enamorus|75/100 par|[from] Salt Cure
|upkeep
|turn|13
|inactive|salitork has 10 seconds left.
|
|t:|1760342951
|move|p1a: Ninetales|Ice Beam|p2a: Enamorus
|-resisted|p2a: Enamorus
|-damage|p2a: Enamorus|54/100 par
|move|p2a: Enamorus|Draining Kiss|p1a: Ninetales
|-damage|p1a: Ninetales|46/100
|-heal|p2a: Enamorus|62/100 par|[from] drain|[of] p1a: Ninetales
|
|-weather|none
|-heal|p1a: Ninetales|52/100|[from] item: Leftovers
|-heal|p2a: Enamorus|68/100 par|[from] item: Leftovers
|-damage|p2a: Enamorus|56/100 par|[from] Salt Cure
|upkeep
|turn|14
|
|t:|1760342953
|move|p1a: Ninetales|Moonblast|p2a: Enamorus
|-damage|p2a: Enamorus|8/100 par
|cant|p2a: Enamorus|par
|
|-heal|p1a: Ninetales|58/100|[from] item: Leftovers
|-heal|p2a: Enamorus|14/100 par|[from] item: Leftovers
|-damage|p2a: Enamorus|2/100 par|[from] Salt Cure
|-sideend|p1: salitork|move: Aurora Veil
|upkeep
|turn|15
|c|☆gas litten|lol
|
|t:|1760342958
|move|p1a: Ninetales|Moonblast|p2a: Enamorus
|-damage|p2a: Enamorus|0 fnt
|faint|p2a: Enamorus
|
|-heal|p1a: Ninetales|64/100|[from] item: Leftovers
|upkeep
|
|t:|1760342961
|switch|p2a: Dragonite|Dragonite, M|100/100
|-damage|p2a: Dragonite|94/100|[from] Stealth Rock
|turn|16
|
|t:|1760342964
|move|p1a: Ninetales|Ice Beam|p2a: Dragonite
|-resisted|p2a: Dragonite
|-damage|p2a: Dragonite|78/100
|move|p2a: Dragonite|Dragon Claw|p1a: Ninetales
|-supereffective|p1a: Ninetales
|-damage|p1a: Ninetales|0 fnt
|faint|p1a: Ninetales
|
|upkeep
|c|☆gas litten|lol
|
|t:|1760342967
|switch|p1a: Garganacl|Garganacl, M|100/100
|turn|17
|
|t:|1760342972
|move|p2a: Dragonite|Dragon Claw|p1a: Garganacl
|-damage|p1a: Garganacl|68/100
|move|p1a: Garganacl|Salt Cure|p2a: Dragonite
|-resisted|p2a: Dragonite
|-damage|p2a: Dragonite|71/100
|
|-heal|p1a: Garganacl|74/100|[from] item: Leftovers
|upkeep
|turn|18
|inactive|salitork has 10 seconds left.
|c|☆gas litten|ez
|
|t:|1760342977
|move|p2a: Dragonite|Dragon Dance|p2a: Dragonite
|-boost|p2a: Dragonite|atk|1
|-boost|p2a: Dragonite|spe|1
|move|p1a: Garganacl|Salt Cure|p2a: Dragonite
|-resisted|p2a: Dragonite
|-damage|p2a: Dragonite|62/100
|
|-heal|p1a: Garganacl|80/100|[from] item: Leftovers
|upkeep
|turn|19
|
|t:|1760342982
|move|p2a: Dragonite|Dragon Claw|p1a: Garganacl
|-damage|p1a: Garganacl|31/100
|move|p1a: Garganacl|Earthquake|p2a: Dragonite
|-supereffective|p2a: Dragonite
|-damage|p2a: Dragonite|10/100
|
|-heal|p1a: Garganacl|37/100|[from] item: Leftovers
|upkeep
|turn|20
|
|t:|1760342984
|move|p2a: Dragonite|Dragon Claw|p1a: Garganacl
|-damage|p1a: Garganacl|0 fnt
|faint|p1a: Garganacl
|
|upkeep
|
|t:|1760342986
|switch|p1a: Great Tusk|Great Tusk|100/100
|turn|21
|
|t:|1760342990
|move|p2a: Dragonite|Dragon Claw|p1a: Great Tusk
|-crit|p1a: Great Tusk
|-damage|p1a: Great Tusk|31/100
|move|p1a: Great Tusk|Bulk Up|p1a: Great Tusk
|-boost|p1a: Great Tusk|atk|1
|-boost|p1a: Great Tusk|def|1
|
|-heal|p1a: Great Tusk|37/100|[from] item: Leftovers
|upkeep
|turn|22
|c|☆gas litten|ggwp
|
|t:|1760342993
|move|p2a: Dragonite|Dragon Claw|p1a: Great Tusk
|-damage|p1a: Great Tusk|6/100
|move|p1a: Great Tusk|Rapid Spin|p2a: Dragonite
|-damage|p2a: Dragonite|0 fnt
|-boost|p1a: Great Tusk|spe|1
|faint|p2a: Dragonite
|
|-heal|p1a: Great Tusk|12/100|[from] item: Leftovers
|upkeep
|
|t:|1760342996
|switch|p2a: Rotom|Rotom-Wash|100/100
|turn|23
|
|t:|1760343000
|move|p1a: Great Tusk|Headlong Rush|p2a: Rotom
|-immune|p2a: Rotom|[from] ability: Levitate
|move|p2a: Rotom|Volt Switch|p1a: Great Tusk
|-supereffective|p1a: Great Tusk
|-damage|p1a: Great Tusk|0 fnt
|faint|p1a: Great Tusk
|-end|p1a: Great Tusk|Protosynthesis|[silent]
|
|win|gas litten
|n|☆salitork|salitork
|n|☆gas litten|gaslitten
|n|*Lady Monita ☀|ladymonita
