|j|☆V_run658
|j|☆pitiani
|t:|1760432077
|gametype|singles
|player|p1|V_run658|hugh|1393
|player|p2|pitiani|striker|1384
|gen|9
|tier|[Gen 9] OU
|rated|
|rule|HP Percentage Mod: HP is shown in percentages
|rule|Endless Battle Clause: Forcing endless battles is banned
|rule|Species Clause: Limit one of each Pokémon
|rule|OHKO Clause: OHKO moves are banned
|rule|Evasion Items Clause: Evasion items are banned
|rule|Evasion Moves Clause: Evasion moves are banned
|rule|Evasion Abilities Clause: Evasion abilities are banned
|rule|Sleep Moves Clause: Sleep-inducing moves are banned
|clearpoke
|poke|p1|Greninja-*, M|
|poke|p1|Slowking-Galar, M|
|poke|p1|Conkeldurr, F|
|poke|p1|Garchomp, M|
|poke|p1|Rillaboom, M|
|poke|p1|Skeledirge, F|
|poke|p2|Dragapult, F|
|poke|p2|Scizor, M|
|poke|p2|Cinderace, M|
|poke|p2|Landorus-Therian, M|
|poke|p2|Alomomola, M|
|poke|p2|Meowscarada, F|
|teampreview
|inactive|Battle timer is ON: inactive players will automatically lose when time's up. (requested by pitiani)
|
|t:|1760432088
|teamsize|p1|6
|teamsize|p2|6
|start
|switch|p1a: Conkeldurr|Conkeldurr, F|100/100
|switch|p2a: Meowscarada|Meowscarada, F|100/100
|turn|1
|
|t:|1760432092
|move|p1a: Conkeldurr|Mach Punch|p2a: Meowscarada
|-supereffective|p2a: Meowscarada
|-damage|p2a: Meowscarada|31/100
|move|p2a: Meowscarada|U-turn|p1a: Conkeldurr
|-start|p2a: Meowscarada|typechange|Bug|[from] ability: Protean
|-resisted|p1a: Conkeldurr
|-damage|p1a: Conkeldurr|88/100
|
|t:|1760432098
|switch|p2a: Alomomola|Alomomola, M|100/100|[from] U-turn
|
|-status|p1a: Conkeldurr|brn|[from] item: Flame Orb
|upkeep
|turn|2
|
|t:|1760432100
|move|p1a: Conkeldurr|Knock Off|p2a: Alomomola
|-damage|p2a: Alomomola|67/100
|-enditem|p2a: Alomomola|Heavy-Duty Boots|[from] move: Knock Off|[of] p1a: Conkeldurr
|move|p2a: Alomomola|Flip Turn|p1a: Conkeldurr
|-damage|p1a: Conkeldurr|74/100 brn
|
|t:|1760432107
|switch|p2a: Dragapult|Dragapult, F|100/100|[from] Flip Turn
|
|-damage|p1a: Conkeldurr|68/100 brn|[from] brn
|upkeep
|turn|3
|
|t:|1760432110
|move|p2a: Dragapult|Draco Meteor|p1a: Conkeldurr
|-damage|p1a: Conkeldurr|0 fnt
|-unboost|p2a: Dragapult|spa|2
|faint|p1a: Conkeldurr
|
|upkeep
|
|t:|1760432115
|switch|p1a: Greninja|Greninja, M|100/100
|turn|4
|
|t:|1760432118
|switch|p2a: Alomomola|Alomomola, M|99/100
|move|p1a: Greninja|Ice Beam|p2a: Alomomola
|-resisted|p2a: Alomomola
|-damage|p2a: Alomomola|83/100
|
|upkeep
|turn|5
|
|t:|1760432125
|move|p1a: Greninja|Dark Pulse|p2a: Alomomola
|-crit|p2a: Alomomola
|-damage|p2a: Alomomola|17/100
|cant|p2a: Alomomola|flinch
|
|upkeep
|turn|6
|
|t:|1760432144
|move|p2a: Alomomola|Protect|p2a: Alomomola
|-singleturn|p2a: Alomomola|Protect
|move|p1a: Greninja|Dark Pulse|p2a: Alomomola
|-activate|p2a: Alomomola|move: Protect
|
|upkeep
|turn|7
|
|t:|1760432148
|move|p1a: Greninja|Dark Pulse|p2a: Alomomola
|-damage|p2a: Alomomola|0 fnt
|faint|p2a: Alomomola
|-ability|p1a: Greninja|Battle Bond|boost
|-boost|p1a: Greninja|atk|1
|-boost|p1a: Greninja|spa|1
|-boost|p1a: Greninja|spe|1
|-activate|p1a: Greninja|ability: Battle Bond
|
|upkeep
|
|t:|1760432154
|switch|p2a: Meowscarada|Meowscarada, F|31/100
|turn|8
|
|t:|1760432162
|-terastallize|p1a: Greninja|Poison
|move|p2a: Meowscarada|Flower Trick|p1a: Greninja
|-start|p2a: Meowscarada|typechange|Grass|[from] ability: Protean
|-resisted|p1a: Greninja
|-crit|p1a: Greninja
|-damage|p1a: Greninja|56/100
|move|p1a: Greninja|Ice Beam|p2a: Meowscarada
|-supereffective|p2a: Meowscarada
|-damage|p2a: Meowscarada|0 fnt
|faint|p2a: Meowscarada
|
|upkeep
|
|t:|1760432171
|switch|p2a: Scizor|Scizor, M|100/100
|turn|9
|
|t:|1760432176
|move|p1a: Greninja|Water Shuriken|p2a: Scizor
|-damage|p2a: Scizor|86/100
|-damage|p2a: Scizor|73/100
|-damage|p2a: Scizor|59/100
|-damage|p2a: Scizor|45/100
|-hitcount|p2a: Scizor|4
|move|p2a: Scizor|Bullet Punch|p1a: Greninja
|-damage|p1a: Greninja|0 fnt
|faint|p1a: Greninja
|
|upkeep
|
|t:|1760432181
|switch|p1a: Slowking|Slowking-Galar, M|100/100
|turn|10
|
|t:|1760432186
|move|p2a: Scizor|Bullet Punch|p1a: Slowking
|-damage|p1a: Slowking|51/100
|move|p1a: Slowking|Flamethrower|p2a: Scizor
|-supereffective|p2a: Scizor
|-damage|p2a: Scizor|0 fnt
|faint|p2a: Scizor
|
|upkeep
|
|t:|1760432191
|switch|p2a: Dragapult|Dragapult, F|100/100
|turn|11
|
|t:|1760432194
|-terastallize|p2a: Dragapult|Ghost
|move|p2a: Dragapult|Shadow Ball|p1a: Slowking
|-supereffective|p1a: Slowking
|-damage|p1a: Slowking|0 fnt
|faint|p1a: Slowking
|
|upkeep
|
|t:|1760432201
|switch|p1a: Rillaboom|Rillaboom, M|100/100
|-fieldstart|move: Grassy Terrain|[from] ability: Grassy Surge|[of] p1a: Rillaboom
|turn|12
|
|t:|1760432205
|switch|p2a: Landorus|Landorus-Therian, M|100/100
|-ability|p2a: Landorus|Intimidate|boost
|-unboost|p1a: Rillaboom|atk|1
|move|p1a: Rillaboom|Grassy Glide|p2a: Landorus
|-damage|p2a: Landorus|59/100
|-damage|p1a: Rillaboom|84/100|[from] item: Rocky Helmet|[of] p2a: Landorus
|-damage|p1a: Rillaboom|74/100|[from] item: Life Orb
|
|-heal|p1a: Rillaboom|80/100|[from] Grassy Terrain
|upkeep
|turn|13
|
|t:|1760432213
|move|p2a: Landorus|U-turn|p1a: Rillaboom
|-supereffective|p1a: Rillaboom
|-damage|p1a: Rillaboom|27/100
|
|t:|1760432215
|switch|p2a: Cinderace|Cinderace, M|100/100|[from] U-turn
|move|p1a: Rillaboom|Swords Dance|p1a: Rillaboom
|-boost|p1a: Rillaboom|atk|2
|
|-heal|p1a: Rillaboom|34/100|[from] Grassy Terrain
|upkeep
|turn|14
|
|t:|1760432218
|move|p1a: Rillaboom|Grassy Glide|p2a: Cinderace
|-resisted|p2a: Cinderace
|-damage|p2a: Cinderace|55/100
|-damage|p1a: Rillaboom|24/100|[from] item: Life Orb
|move|p2a: Cinderace|U-turn|p1a: Rillaboom
|-supereffective|p1a: Rillaboom
|-damage|p1a: Rillaboom|0 fnt
|faint|p1a: Rillaboom
|
|t:|1760432222
|switch|p2a: Dragapult|Dragapult, F, tera:Ghost|100/100|[from] U-turn
|
|upkeep
|
|t:|1760432224
|switch|p1a: Skeledirge|Skeledirge, F|100/100
|turn|15
|
|t:|1760432227
|move|p2a: Dragapult|Shadow Ball|p1a: Skeledirge
|-supereffective|p1a: Skeledirge
|-damage|p1a: Skeledirge|0 fnt
|faint|p1a: Skeledirge
|
|upkeep
|
|t:|1760432230
|switch|p1a: Garchomp|Garchomp, M|100/100
|turn|16
|
|t:|1760432234
|switch|p2a: Landorus|Landorus-Therian, M|59/100
|-ability|p2a: Landorus|Intimidate|boost
|-unboost|p1a: Garchomp|atk|1
|move|p1a: Garchomp|Scale Shot|p2a: Landorus
|-damage|p2a: Landorus|48/100
|-damage|p2a: Landorus|38/100
|-damage|p2a: Landorus|27/100
|-damage|p2a: Landorus|16/100
|-hitcount|p2a: Landorus|4
|-unboost|p1a: Garchomp|def|1
|-boost|p1a: Garchomp|spe|1
|
|-fieldend|move: Grassy Terrain
|upkeep
|turn|17
|
|t:|1760432246
|switch|p2a: Cinderace|Cinderace, M|55/100
|move|p1a: Garchomp|Swords Dance|p1a: Garchomp
|-boost|p1a: Garchomp|atk|2
|
|upkeep
|turn|18
|
|t:|1760432254
|switch|p2a: Landorus|Landorus-Therian, M|16/100
|-ability|p2a: Landorus|Intimidate|boost
|-unboost|p1a: Garchomp|atk|1
|move|p1a: Garchomp|Earthquake|p2a: Landorus
|-immune|p2a: Landorus
|
|upkeep
|turn|19
|
|t:|1760432263
|move|p1a: Garchomp|Swords Dance|p1a: Garchomp
|-boost|p1a: Garchomp|atk|2
|move|p2a: Landorus|Earthquake|p1a: Garchomp
|-damage|p1a: Garchomp|16/100
|
|upkeep
|turn|20
|
|t:|1760432266
|move|p1a: Garchomp|Scale Shot|p2a: Landorus
|-damage|p2a: Landorus|0 fnt
|faint|p2a: Landorus
|-hitcount|p2: Landorus|1
|-unboost|p1a: Garchomp|def|1
|-boost|p1a: Garchomp|spe|1
|
|upkeep
|
|t:|1760432269
|switch|p2a: Cinderace|Cinderace, M|55/100
|turn|21
|
|t:|1760432272
|move|p1a: Garchomp|Earthquake|p2a: Cinderace
|-supereffective|p2a: Cinderace
|-damage|p2a: Cinderace|0 fnt
|faint|p2a: Cinderace
|
|upkeep
|
|t:|1760432275
|switch|p2a: Dragapult|Dragapult, F, tera:Ghost|100/100
|turn|22
|
|t:|1760432276
|move|p1a: Garchomp|Earthquake|p2a: Dragapult
|-damage|p2a: Dragapult|0 fnt
|faint|p2a: Dragapult
|
|win|V_run658
|raw|V_run658's rating: 1393 &rarr; <strong>1412</strong><br />(+19 for winning)
|raw|pitiani's rating: 1384 &rarr; <strong>1365</strong><br />(-19 for losing)
|l|☆pitiani
|player|p2|
|c|☆V_run658|gg
|l|☆V_run658
|player|p1|
