|j|☆ryan cowtinho
|j|☆scald spamm
|t:|1760310608
|gametype|singles
|player|p1|ryan cowtinho|102|1438
|player|p2|scald spamm|102|1443
|gen|9
|tier|[Gen 9] OU
|rated|
|rule|HP Percentage Mod: HP is shown in percentages
|rule|Endless Battle Clause: Forcing endless battles is banned
|rule|Species Clause: Limit one of each Pokémon
|rule|OHKO Clause: OHKO moves are banned
|rule|Evasion Items Clause: Evasion items are banned
|rule|Evasion Moves Clause: Evasion moves are banned
|rule|Evasion Abilities Clause: Evasion abilities are banned
|rule|Sleep Moves Clause: Sleep-inducing moves are banned
|clearpoke
|poke|p1|Landorus-Therian, M|
|poke|p1|Iron Valiant|
|poke|p1|Samurott-Hisui, F|
|poke|p1|Pecharunt|
|poke|p1|Iron Crown|
|poke|p1|Hydrapple, F|
|poke|p2|Tyranitar, M|
|poke|p2|Sylveon, F|
|poke|p2|Excadrill, F|
|poke|p2|Moltres|
|poke|p2|Garganacl, M|
|poke|p2|Kyurem|
|teampreview
|
|t:|1760310633
|teamsize|p1|6
|teamsize|p2|6
|start
|switch|p1a: Iron Crown|Iron Crown|100/100
|switch|p2a: Tyranitar|Tyranitar, M|100/100
|-weather|Sandstorm|[from] ability: Sand Stream|[of] p2a: Tyranitar
|turn|1
|
|t:|1760310643
|move|p1a: Iron Crown|Focus Blast|p2a: Tyranitar
|-supereffective|p2a: Tyranitar
|-damage|p2a: Tyranitar|6/100
|move|p2a: Tyranitar|Stealth Rock|p1a: Iron Crown
|-sidestart|p1: ryan cowtinho|move: Stealth Rock
|
|-weather|Sandstorm|[upkeep]
|upkeep
|turn|2
|
|t:|1760310649
|move|p1a: Iron Crown|Focus Blast|p2a: Tyranitar
|-supereffective|p2a: Tyranitar
|-damage|p2a: Tyranitar|0 fnt
|faint|p2a: Tyranitar
|
|-weather|Sandstorm|[upkeep]
|upkeep
|
|t:|1760310661
|switch|p2a: Excadrill|Excadrill, F|100/100
|-item|p2a: Excadrill|Air Balloon
|turn|3
|
|t:|1760310665
|-end|p1a: Iron Crown|Quark Drive|[silent]
|switch|p1a: Landorus|Landorus-Therian, M|100/100
|-damage|p1a: Landorus|88/100|[from] Stealth Rock
|-ability|p1a: Landorus|Intimidate|boost
|-unboost|p2a: Excadrill|atk|1
|move|p2a: Excadrill|Swords Dance|p2a: Excadrill
|-boost|p2a: Excadrill|atk|2
|
|-weather|Sandstorm|[upkeep]
|upkeep
|turn|4
|
|t:|1760310672
|move|p2a: Excadrill|Iron Head|p1a: Landorus
|-damage|p1a: Landorus|25/100
|-damage|p2a: Excadrill|84/100|[from] item: Rocky Helmet|[of] p1a: Landorus
|move|p1a: Landorus|U-turn|p2a: Excadrill
|-resisted|p2a: Excadrill
|-damage|p2a: Excadrill|69/100
|-enditem|p2a: Excadrill|Air Balloon
|
|t:|1760310681
|switch|p1a: Pecharunt|Pecharunt|100/100|[from] U-turn
|
|-weather|Sandstorm|[upkeep]
|-damage|p1a: Pecharunt|94/100|[from] Sandstorm
|upkeep
|turn|5
|
|t:|1760310685
|switch|p1a: Landorus|Landorus-Therian, M|25/100
|-damage|p1a: Landorus|13/100|[from] Stealth Rock
|-ability|p1a: Landorus|Intimidate|boost
|-unboost|p2a: Excadrill|atk|1
|move|p2a: Excadrill|Earthquake|p1a: Landorus
|-immune|p1a: Landorus
|
|-weather|Sandstorm|[upkeep]
|upkeep
|turn|6
|
|t:|1760310689
|move|p2a: Excadrill|Iron Head|p1a: Landorus
|-damage|p1a: Landorus|0 fnt
|-damage|p2a: Excadrill|53/100|[from] item: Rocky Helmet|[of] p1a: Landorus
|faint|p1a: Landorus
|
|-weather|Sandstorm|[upkeep]
|upkeep
|
|t:|1760310691
|switch|p1a: Samurott|Samurott-Hisui, F|100/100
|-damage|p1a: Samurott|88/100|[from] Stealth Rock
|turn|7
|
|t:|1760310703
|switch|p2a: Kyurem|Kyurem|100/100
|-ability|p2a: Kyurem|Pressure
|move|p1a: Samurott|Ceaseless Edge|p2a: Kyurem
|-damage|p2a: Kyurem|63/100
|-sidestart|p2: scald spamm|Spikes
|
|-weather|Sandstorm|[upkeep]
|-damage|p2a: Kyurem|57/100|[from] Sandstorm
|-damage|p1a: Samurott|82/100|[from] Sandstorm
|upkeep
|turn|8
|
|t:|1760310710
|switch|p1a: Iron Crown|Iron Crown|100/100
|-damage|p1a: Iron Crown|94/100|[from] Stealth Rock
|move|p2a: Kyurem|Freeze-Dry|p1a: Iron Crown
|-resisted|p1a: Iron Crown
|-damage|p1a: Iron Crown|66/100
|
|-weather|none
|upkeep
|turn|9
|
|t:|1760310718
|switch|p2a: Excadrill|Excadrill, F|53/100
|-damage|p2a: Excadrill|40/100|[from] Spikes
|move|p1a: Iron Crown|Volt Switch|p2a: Excadrill
|-immune|p2a: Excadrill
|
|upkeep
|turn|10
|
|t:|1760310725
|-end|p1a: Iron Crown|Quark Drive|[silent]
|switch|p1a: Pecharunt|Pecharunt|94/100
|move|p2a: Excadrill|Rapid Spin|p1a: Pecharunt
|-immune|p1a: Pecharunt
|
|upkeep
|turn|11
|
|t:|1760310730
|move|p1a: Pecharunt|Shadow Ball|p2a: Excadrill
|-damage|p2a: Excadrill|4/100
|move|p2a: Excadrill|Rapid Spin|p1a: Pecharunt
|-immune|p1a: Pecharunt
|
|upkeep
|turn|12
|
|t:|1760310735
|move|p1a: Pecharunt|Shadow Ball|p2a: Excadrill
|-damage|p2a: Excadrill|0 fnt
|faint|p2a: Excadrill
|
|upkeep
|
|t:|1760310739
|switch|p2a: Garganacl|Garganacl, M|100/100
|-damage|p2a: Garganacl|88/100|[from] Spikes
|turn|13
|
|t:|1760310744
|move|p1a: Pecharunt|Parting Shot|p2a: Garganacl
|-unboost|p2a: Garganacl|atk|1
|-unboost|p2a: Garganacl|spa|1
|
|t:|1760310746
|switch|p1a: Hydrapple|Hydrapple, F|100/100|[from] Parting Shot
|move|p2a: Garganacl|Salt Cure|p1a: Hydrapple
|-damage|p1a: Hydrapple|95/100
|-start|p1a: Hydrapple|Salt Cure
|
|-heal|p2a: Garganacl|94/100|[from] item: Leftovers
|-damage|p1a: Hydrapple|83/100|[from] Salt Cure
|upkeep
|turn|14
|
|t:|1760310753
|switch|p2a: Sylveon|Sylveon, F|100/100
|-damage|p2a: Sylveon|88/100|[from] Spikes
|move|p1a: Hydrapple|Nasty Plot|p1a: Hydrapple
|-boost|p1a: Hydrapple|spa|2
|
|-damage|p1a: Hydrapple|71/100|[from] Salt Cure
|upkeep
|turn|15
|
|t:|1760310760
|switch|p1a: Iron Crown|Iron Crown|66/100
|-damage|p1a: Iron Crown|60/100|[from] Stealth Rock
|move|p2a: Sylveon|Hyper Voice|p1a: Iron Crown
|-resisted|p1a: Iron Crown
|-damage|p1a: Iron Crown|35/100
|
|upkeep
|turn|16
|
|t:|1760310768
|move|p2a: Sylveon|Protect|p2a: Sylveon
|-singleturn|p2a: Sylveon|Protect
|move|p1a: Iron Crown|Volt Switch|p2a: Sylveon
|-activate|p2a: Sylveon|move: Protect
|
|upkeep
|turn|17
|
|t:|1760310774
|move|p1a: Iron Crown|Volt Switch|p2a: Sylveon
|-damage|p2a: Sylveon|65/100
|
|t:|1760310776
|-end|p1a: Iron Crown|Quark Drive|[silent]
|switch|p1a: Pecharunt|Pecharunt|94/100|[from] Volt Switch
|move|p2a: Sylveon|Hyper Voice|p1a: Pecharunt
|-resisted|p1a: Pecharunt
|-damage|p1a: Pecharunt|69/100
|
|upkeep
|turn|18
|
|t:|1760310784
|switch|p2a: Garganacl|Garganacl, M|94/100
|-damage|p2a: Garganacl|82/100|[from] Spikes
|move|p1a: Pecharunt|Malignant Chain|p2a: Garganacl
|-resisted|p2a: Garganacl
|-damage|p2a: Garganacl|71/100
|
|-heal|p2a: Garganacl|77/100|[from] item: Leftovers
|upkeep
|turn|19
|
|t:|1760310791
|switch|p2a: Sylveon|Sylveon, F|65/100
|-damage|p2a: Sylveon|53/100|[from] Spikes
|move|p1a: Pecharunt|Parting Shot|p2a: Sylveon
|-unboost|p2a: Sylveon|atk|1
|-unboost|p2a: Sylveon|spa|1
|
|t:|1760310796
|switch|p1a: Iron Crown|Iron Crown|35/100|[from] Parting Shot
|-damage|p1a: Iron Crown|29/100|[from] Stealth Rock
|
|upkeep
|turn|20
|
|t:|1760310801
|move|p2a: Sylveon|Protect|p2a: Sylveon
|-singleturn|p2a: Sylveon|Protect
|move|p1a: Iron Crown|Psychic Noise|p2a: Sylveon
|-activate|p2a: Sylveon|move: Protect
|
|upkeep
|turn|21
|
|t:|1760310808
|switch|p2a: Moltres|Moltres|100/100
|move|p1a: Iron Crown|Psychic Noise|p2a: Moltres
|-damage|p2a: Moltres|38/100
|-start|p2a: Moltres|move: Heal Block
|
|upkeep
|turn|22
|
|t:|1760310819
|move|p1a: Iron Crown|Psychic Noise|p2a: Moltres
|-damage|p2a: Moltres|0 fnt
|faint|p2a: Moltres
|
|upkeep
|-message|scald spamm forfeited.
|
|win|ryan cowtinho
|raw|ryan cowtinho's rating: 1438 &rarr; <strong>1458</strong><br />(+20 for winning)
|raw|scald spamm's rating: 1443 &rarr; <strong>1423</strong><br />(-20 for losing)
|l|☆scald spamm
|player|p2|
|l|☆ryan cowtinho
|player|p1|
