|j|☆ryan cowtinho
|j|☆Kingambitofthehill
|t:|1760375331
|gametype|singles
|player|p1|ryan cowtinho|101|1718
|player|p2|Kingambitofthehill|gambler|1703
|gen|9
|tier|[Gen 9] OU
|rated|
|rule|HP Percentage Mod: HP is shown in percentages
|rule|Endless Battle Clause: Forcing endless battles is banned
|rule|Species Clause: Limit one of each Pokémon
|rule|OHKO Clause: OHKO moves are banned
|rule|Evasion Items Clause: Evasion items are banned
|rule|Evasion Moves Clause: Evasion moves are banned
|rule|Evasion Abilities Clause: Evasion abilities are banned
|rule|Sleep Moves Clause: Sleep-inducing moves are banned
|clearpoke
|poke|p1|Landorus-Therian, M|
|poke|p1|Iron Valiant|
|poke|p1|Samurott-Hisui, F|
|poke|p1|Pecharunt|
|poke|p1|Iron Crown|
|poke|p1|Hydrapple, F|
|poke|p2|Ting-Lu|
|poke|p2|Pecharunt|
|poke|p2|Zamazenta-*|
|poke|p2|Zapdos|
|poke|p2|Cinderace, F|
|poke|p2|Hoopa-Unbound|
|teampreview
|inactive|Battle timer is ON: inactive players will automatically lose when time's up. (requested by Kingambitofthehill)
|
|t:|1760375344
|teamsize|p1|6
|teamsize|p2|6
|start
|switch|p1a: Landorus|Landorus-Therian, M|100/100
|switch|p2a: Zapdos|Zapdos|100/100
|-ability|p1a: Landorus|Intimidate|boost
|-unboost|p2a: Zapdos|atk|1
|turn|1
|
|t:|1760375351
|move|p2a: Zapdos|Hurricane|p1a: Landorus|[miss]
|-miss|p2a: Zapdos|p1a: Landorus
|move|p1a: Landorus|Stealth Rock|p2a: Zapdos
|-sidestart|p2: Kingambitofthehill|move: Stealth Rock
|
|upkeep
|turn|2
|
|t:|1760375353
|switch|p1a: Iron Crown|Iron Crown|100/100
|move|p2a: Zapdos|Hurricane|p1a: Iron Crown
|-resisted|p1a: Iron Crown
|-damage|p1a: Iron Crown|79/100
|-start|p1a: Iron Crown|confusion
|
|upkeep
|turn|3
|
|t:|1760375358
|-activate|p1a: Iron Crown|confusion
|move|p1a: Iron Crown|Psychic Noise|p2a: Zapdos
|-crit|p2a: Zapdos
|-damage|p2a: Zapdos|12/100
|-start|p2a: Zapdos|move: Heal Block
|move|p2a: Zapdos|Heat Wave|p1a: Iron Crown
|-supereffective|p1a: Iron Crown
|-damage|p1a: Iron Crown|24/100
|
|upkeep
|turn|4
|
|t:|1760375368
|-end|p1a: Iron Crown|Quark Drive|[silent]
|switch|p1a: Pecharunt|Pecharunt|100/100
|switch|p2a: Ting-Lu|Ting-Lu|100/100
|-damage|p2a: Ting-Lu|94/100|[from] Stealth Rock
|-ability|p2a: Ting-Lu|Vessel of Ruin
|
|-heal|p2a: Ting-Lu|100/100|[from] item: Leftovers
|upkeep
|turn|5
|
|t:|1760375374
|move|p1a: Pecharunt|Malignant Chain|p2a: Ting-Lu
|-resisted|p2a: Ting-Lu
|-damage|p2a: Ting-Lu|94/100
|move|p2a: Ting-Lu|Ruination|p1a: Pecharunt
|-damage|p1a: Pecharunt|50/100
|
|-heal|p2a: Ting-Lu|99/100|[from] item: Leftovers
|upkeep
|turn|6
|
|t:|1760375378
|move|p1a: Pecharunt|Malignant Chain|p2a: Ting-Lu
|-resisted|p2a: Ting-Lu
|-damage|p2a: Ting-Lu|93/100
|-status|p2a: Ting-Lu|tox
|-start|p2a: Ting-Lu|confusion|[from] ability: Poison Puppeteer|[of] p1a: Pecharunt
|-activate|p2a: Ting-Lu|confusion
|move|p2a: Ting-Lu|Ruination|p1a: Pecharunt
|-damage|p1a: Pecharunt|25/100
|
|-heal|p2a: Ting-Lu|99/100 tox|[from] item: Leftovers
|-damage|p2a: Ting-Lu|93/100 tox|[from] psn
|upkeep
|turn|7
|
|t:|1760375381
|switch|p2a: Cinderace|Cinderace, F|100/100
|move|p1a: Pecharunt|Recover|p1a: Pecharunt
|-heal|p1a: Pecharunt|75/100
|
|upkeep
|turn|8
|
|t:|1760375383
|move|p2a: Cinderace|Court Change|p2a: Cinderace
|-start|p2a: Cinderace|typechange|Normal|[from] ability: Libero
|-swapsideconditions
|-activate|p2a: Cinderace|move: Court Change
|move|p1a: Pecharunt|Malignant Chain|p2a: Cinderace
|-damage|p2a: Cinderace|53/100
|-status|p2a: Cinderace|tox
|-start|p2a: Cinderace|confusion|[from] ability: Poison Puppeteer|[of] p1a: Pecharunt
|
|-damage|p2a: Cinderace|47/100 tox|[from] psn
|upkeep
|turn|9
|
|t:|1760375387
|switch|p2a: Ting-Lu|Ting-Lu|93/100 tox
|-ability|p2a: Ting-Lu|Vessel of Ruin
|move|p1a: Pecharunt|Parting Shot|p2a: Ting-Lu
|-unboost|p2a: Ting-Lu|atk|1
|-unboost|p2a: Ting-Lu|spa|1
|
|t:|1760375389
|switch|p1a: Landorus|Landorus-Therian, M|100/100|[from] Parting Shot
|-damage|p1a: Landorus|88/100|[from] Stealth Rock
|-ability|p1a: Landorus|Intimidate|boost
|-unboost|p2a: Ting-Lu|atk|1
|
|-heal|p2a: Ting-Lu|99/100 tox|[from] item: Leftovers
|-damage|p2a: Ting-Lu|93/100 tox|[from] psn
|upkeep
|turn|10
|
|t:|1760375395
|switch|p2a: Zapdos|Zapdos|12/100
|move|p1a: Landorus|Stealth Rock|p2a: Zapdos
|-sidestart|p2: Kingambitofthehill|move: Stealth Rock
|
|upkeep
|turn|11
|
|t:|1760375398
|move|p2a: Zapdos|Roost|p2a: Zapdos
|-heal|p2a: Zapdos|62/100
|-singleturn|p2a: Zapdos|move: Roost
|move|p1a: Landorus|Stone Edge|p2a: Zapdos
|-damage|p2a: Zapdos|32/100
|
|upkeep
|turn|12
|
|t:|1760375406
|switch|p2a: Ting-Lu|Ting-Lu|93/100 tox
|-damage|p2a: Ting-Lu|87/100 tox|[from] Stealth Rock
|-ability|p2a: Ting-Lu|Vessel of Ruin
|move|p1a: Landorus|Earthquake|p2a: Ting-Lu
|-damage|p2a: Ting-Lu|59/100 tox
|
|-heal|p2a: Ting-Lu|65/100 tox|[from] item: Leftovers
|-damage|p2a: Ting-Lu|59/100 tox|[from] psn
|upkeep
|turn|13
|
|t:|1760375408
|move|p1a: Landorus|U-turn|p2a: Ting-Lu
|-supereffective|p2a: Ting-Lu
|-damage|p2a: Ting-Lu|35/100 tox
|
|t:|1760375413
|switch|p1a: Hydrapple|Hydrapple, F|100/100|[from] U-turn
|move|p2a: Ting-Lu|Ruination|p1a: Hydrapple
|-damage|p1a: Hydrapple|51/100
|
|-heal|p2a: Ting-Lu|42/100 tox|[from] item: Leftovers
|-damage|p2a: Ting-Lu|29/100 tox|[from] psn
|upkeep
|turn|14
|
|t:|1760375417
|move|p1a: Hydrapple|Giga Drain|p2a: Ting-Lu
|-supereffective|p2a: Ting-Lu
|-damage|p2a: Ting-Lu|6/100 tox
|-heal|p1a: Hydrapple|65/100|[from] drain|[of] p2a: Ting-Lu
|move|p2a: Ting-Lu|Ruination|p1a: Hydrapple
|-damage|p1a: Hydrapple|33/100
|
|-heal|p2a: Ting-Lu|12/100 tox|[from] item: Leftovers
|-damage|p2a: Ting-Lu|0 fnt|[from] psn
|faint|p2a: Ting-Lu
|upkeep
|
|t:|1760375435
|switch|p2a: Pecharunt|Pecharunt|100/100
|turn|15
|
|t:|1760375440
|switch|p1a: Iron Crown|Iron Crown|24/100
|-damage|p1a: Iron Crown|18/100|[from] Stealth Rock
|move|p2a: Pecharunt|Parting Shot|p1a: Iron Crown
|-unboost|p1a: Iron Crown|atk|1
|-unboost|p1a: Iron Crown|spa|1
|
|t:|1760375446
|switch|p2a: Hoopa|Hoopa-Unbound|100/100|[from] Parting Shot
|-damage|p2a: Hoopa|88/100|[from] Stealth Rock
|
|upkeep
|turn|16
|
|t:|1760375460
|move|p1a: Iron Crown|Volt Switch|p2a: Hoopa
|-damage|p2a: Hoopa|75/100
|
|t:|1760375464
|-end|p1a: Iron Crown|Quark Drive|[silent]
|switch|p1a: Samurott|Samurott-Hisui, F|100/100|[from] Volt Switch
|-damage|p1a: Samurott|88/100|[from] Stealth Rock
|move|p2a: Hoopa|Knock Off|p1a: Samurott
|-resisted|p1a: Samurott
|-damage|p1a: Samurott|60/100
|-enditem|p1a: Samurott|Assault Vest|[from] move: Knock Off|[of] p2a: Hoopa
|
|upkeep
|turn|17
|inactive|Kingambitofthehill has 120 seconds left.
|
|t:|1760375498
|switch|p1a: Landorus|Landorus-Therian, M|88/100
|-damage|p1a: Landorus|76/100|[from] Stealth Rock
|-ability|p1a: Landorus|Intimidate|boost
|-unboost|p2a: Hoopa|atk|1
|-terastallize|p2a: Hoopa|Fairy
|move|p2a: Hoopa|Drain Punch|p1a: Landorus
|-resisted|p1a: Landorus
|-damage|p1a: Landorus|67/100
|-heal|p2a: Hoopa|80/100|[from] drain|[of] p1a: Landorus
|-damage|p2a: Hoopa|63/100|[from] item: Rocky Helmet|[of] p1a: Landorus
|
|upkeep
|turn|18
|
|t:|1760375504
|switch|p2a: Pecharunt|Pecharunt|100/100
|move|p1a: Landorus|Earthquake|p2a: Pecharunt
|-supereffective|p2a: Pecharunt
|-damage|p2a: Pecharunt|56/100
|
|upkeep
|turn|19
|
|t:|1760375511
|move|p1a: Landorus|U-turn|p2a: Pecharunt
|-resisted|p2a: Pecharunt
|-damage|p2a: Pecharunt|53/100
|
|t:|1760375513
|switch|p1a: Iron Crown|Iron Crown|18/100|[from] U-turn
|-damage|p1a: Iron Crown|12/100|[from] Stealth Rock
|move|p2a: Pecharunt|Recover|p2a: Pecharunt
|-heal|p2a: Pecharunt|100/100
|
|upkeep
|turn|20
|
|t:|1760375522
|move|p1a: Iron Crown|Psychic Noise|p2a: Pecharunt
|-supereffective|p2a: Pecharunt
|-damage|p2a: Pecharunt|0 fnt
|faint|p2a: Pecharunt
|
|upkeep
|
|t:|1760375526
|switch|p2a: Cinderace|Cinderace, F|47/100 tox
|turn|21
|
|t:|1760375533
|move|p2a: Cinderace|Pyro Ball|p1a: Iron Crown
|-supereffective|p1a: Iron Crown
|-damage|p1a: Iron Crown|0 fnt
|faint|p1a: Iron Crown
|-end|p1a: Iron Crown|Quark Drive|[silent]
|
|-damage|p2a: Cinderace|41/100 tox|[from] psn
|upkeep
|
|t:|1760375538
|switch|p1a: Samurott|Samurott-Hisui, F|60/100
|-damage|p1a: Samurott|48/100|[from] Stealth Rock
|turn|22
|
|t:|1760375544
|switch|p2a: Zapdos|Zapdos|32/100
|move|p1a: Samurott|Aqua Jet|p2a: Zapdos
|-damage|p2a: Zapdos|14/100
|
|upkeep
|turn|23
|
|t:|1760375546
|move|p1a: Samurott|Aqua Jet|p2a: Zapdos
|-damage|p2a: Zapdos|0 fnt
|faint|p2a: Zapdos
|
|upkeep
|
|t:|1760375550
|switch|p2a: Zamazenta|Zamazenta|100/100
|-damage|p2a: Zamazenta|94/100|[from] Stealth Rock
|-ability|p2a: Zamazenta|Dauntless Shield|boost
|-boost|p2a: Zamazenta|def|1
|turn|24
|
|t:|1760375553
|switch|p1a: Pecharunt|Pecharunt|75/100
|move|p2a: Zamazenta|Substitute|p2a: Zamazenta
|-start|p2a: Zamazenta|Substitute
|-damage|p2a: Zamazenta|69/100
|
|-heal|p2a: Zamazenta|75/100|[from] item: Leftovers
|upkeep
|turn|25
|
|t:|1760375556
|move|p2a: Zamazenta|Crunch|p1a: Pecharunt
|-supereffective|p1a: Pecharunt
|-damage|p1a: Pecharunt|51/100
|move|p1a: Pecharunt|Malignant Chain|p2a: Zamazenta
|-activate|p2a: Zamazenta|move: Substitute|[damage]
|
|-heal|p2a: Zamazenta|82/100|[from] item: Leftovers
|upkeep
|turn|26
|
|t:|1760375561
|switch|p1a: Iron Valiant|Iron Valiant|100/100
|-damage|p1a: Iron Valiant|94/100|[from] Stealth Rock
|-enditem|p1a: Iron Valiant|Booster Energy
|-activate|p1a: Iron Valiant|ability: Quark Drive|[fromitem]
|-start|p1a: Iron Valiant|quarkdrivespe
|move|p2a: Zamazenta|Crunch|p1a: Iron Valiant
|-resisted|p1a: Iron Valiant
|-damage|p1a: Iron Valiant|87/100
|
|-heal|p2a: Zamazenta|88/100|[from] item: Leftovers
|upkeep
|turn|27
|
|t:|1760375565
|move|p1a: Iron Valiant|Encore|p2a: Zamazenta
|-start|p2a: Zamazenta|Encore
|move|p2a: Zamazenta|Crunch|p1a: Iron Valiant
|-resisted|p1a: Iron Valiant
|-damage|p1a: Iron Valiant|80/100
|
|-heal|p2a: Zamazenta|94/100|[from] item: Leftovers
|upkeep
|turn|28
|
|t:|1760375568
|switch|p2a: Hoopa|Hoopa-Unbound, tera:Fairy|63/100
|-damage|p2a: Hoopa|51/100|[from] Stealth Rock
|move|p1a: Iron Valiant|Moonblast|p2a: Hoopa
|-damage|p2a: Hoopa|28/100
|
|upkeep
|turn|29
|-message|Kingambitofthehill forfeited.
|
|win|ryan cowtinho
|raw|ryan cowtinho's rating: 1718 &rarr; <strong>1737</strong><br />(+19 for winning)
|raw|Kingambitofthehill's rating: 1703 &rarr; <strong>1684</strong><br />(-19 for losing)
|l|☆Kingambitofthehill
|player|p2|
|l|☆ryan cowtinho
|player|p1|
