|j|☆cxzvxz
|j|☆phrugsqueek
|t:|1760388771
|gametype|singles
|player|p1|cxzvxz|2|1182
|player|p2|phrugsqueek|psychicf-gen4|1144
|gen|9
|tier|[Gen 9] OU
|rated|
|rule|HP Percentage Mod: HP is shown in percentages
|rule|Endless Battle Clause: Forcing endless battles is banned
|rule|Species Clause: Limit one of each Pokémon
|rule|OHKO Clause: OHKO moves are banned
|rule|Evasion Items Clause: Evasion items are banned
|rule|Evasion Moves Clause: Evasion moves are banned
|rule|Evasion Abilities Clause: Evasion abilities are banned
|rule|Sleep Moves Clause: Sleep-inducing moves are banned
|clearpoke
|poke|p1|Kingambit, M|
|poke|p1|Deoxys-Speed|
|poke|p1|Great Tusk|
|poke|p1|Dragonite, M|
|poke|p1|Iron Moth|
|poke|p1|Primarina, F|
|poke|p2|Azumarill, F|
|poke|p2|Garganacl, M|
|poke|p2|Whiscash, F|
|poke|p2|Polteageist|
|poke|p2|Swalot, F|
|poke|p2|Hitmonchan, M|
|teampreview
|inactive|Battle timer is ON: inactive players will automatically lose when time's up. (requested by phrugsqueek)
|inactive|cxzvxz has 120 seconds left.
|
|t:|1760388806
|teamsize|p1|6
|teamsize|p2|6
|start
|switch|p1a: Yoshi|Dragonite, M, shiny|100/100
|switch|p2a: Whiscash|Whiscash, F|100/100
|turn|1
|inactive|cxzvxz has 120 seconds left.
|
|t:|1760388838
|-terastallize|p1a: Yoshi|Normal
|move|p1a: Yoshi|Extreme Speed|p2a: Whiscash
|-damage|p2a: Whiscash|42/100
|-damage|p1a: Yoshi|84/100|[from] item: Rocky Helmet|[of] p2a: Whiscash
|move|p2a: Whiscash|Dragon Dance|p2a: Whiscash
|-boost|p2a: Whiscash|atk|1
|-boost|p2a: Whiscash|spe|1
|
|upkeep
|turn|2
|
|t:|1760388848
|move|p1a: Yoshi|Extreme Speed|p2a: Whiscash
|-damage|p2a: Whiscash|0 fnt
|-damage|p1a: Yoshi|67/100|[from] item: Rocky Helmet|[of] p2a: Whiscash
|faint|p2a: Whiscash
|
|upkeep
|
|t:|1760388854
|switch|p2a: Polteageist|Polteageist|100/100
|turn|3
|
|t:|1760388865
|switch|p1a: Meruem|Kingambit, M|100/100
|move|p2a: Polteageist|Shell Smash|p2a: Polteageist
|-unboost|p2a: Polteageist|def|1
|-unboost|p2a: Polteageist|spd|1
|-boost|p2a: Polteageist|atk|2
|-boost|p2a: Polteageist|spa|2
|-boost|p2a: Polteageist|spe|2
|
|upkeep
|turn|4
|
|t:|1760388882
|switch|p2a: Swalot|Swalot, F|100/100
|move|p1a: Meruem|Sucker Punch||[still]
|-fail|p1a: Meruem
|
|upkeep
|turn|5
|
|t:|1760388894
|move|p1a: Meruem|Swords Dance|p1a: Meruem
|-boost|p1a: Meruem|atk|2
|move|p2a: Swalot|Stuff Cheeks|p2a: Swalot
|-boost|p2a: Swalot|def|2
|-enditem|p2a: Swalot|Starf Berry|[eat]
|-boost|p2a: Swalot|spe|2|[from] item: Starf Berry
|
|upkeep
|turn|6
|inactive|cxzvxz has 120 seconds left.
|
|t:|1760388921
|move|p1a: Meruem|Sucker Punch|p2a: Swalot
|-damage|p2a: Swalot|69/100
|move|p2a: Swalot|Body Press|p1a: Meruem
|-supereffective|p1a: Meruem
|-damage|p1a: Meruem|0 fnt
|faint|p1a: Meruem
|-end|p1a: Meruem|fallenundefined|[silent]
|
|upkeep
|inactive|cxzvxz has 120 seconds left.
|
|t:|1760388945
|switch|p1a: Moebius|Deoxys-Speed|100/100
|-ability|p1a: Moebius|Pressure
|turn|7
|
|t:|1760388957
|-terastallize|p2a: Swalot|Flying
|move|p1a: Moebius|Psycho Boost|p2a: Swalot
|-damage|p2a: Swalot|0 fnt
|-unboost|p1a: Moebius|spa|2
|faint|p2a: Swalot
|-damage|p1a: Moebius|91/100|[from] item: Life Orb
|
|upkeep
|
|t:|1760388971
|switch|p2a: Azumarill|Azumarill, F|100/100
|turn|8
|inactive|cxzvxz has 120 seconds left.
|
|t:|1760388985
|switch|p1a: Anomаly|Iron Moth|100/100
|-enditem|p1a: Anomаly|Booster Energy
|-activate|p1a: Anomаly|ability: Quark Drive|[fromitem]
|-start|p1a: Anomаly|quarkdrivespe
|move|p2a: Azumarill|Aqua Jet|p1a: Anomаly
|-supereffective|p1a: Anomаly
|-damage|p1a: Anomаly|31/100
|
|upkeep
|turn|9
|
|t:|1760388993
|-end|p1a: Anomаly|Quark Drive|[silent]
|switch|p1a: Siren|Primarina, F|100/100
|move|p2a: Azumarill|Aqua Jet|p1a: Siren
|-resisted|p1a: Siren
|-damage|p1a: Siren|84/100
|
|upkeep
|turn|10
|
|t:|1760389008
|move|p2a: Azumarill|Belly Drum|p2a: Azumarill
|-damage|p2a: Azumarill|50/100
|-setboost|p2a: Azumarill|atk|6|[from] move: Belly Drum
|-enditem|p2a: Azumarill|Sitrus Berry|[eat]
|-heal|p2a: Azumarill|75/100|[from] item: Sitrus Berry
|move|p1a: Siren|Moonblast|p2a: Azumarill
|-damage|p2a: Azumarill|7/100
|-unboost|p2a: Azumarill|spa|1
|
|upkeep
|turn|11
|
|t:|1760389023
|move|p2a: Azumarill|Play Rough|p1a: Siren
|-damage|p1a: Siren|0 fnt
|faint|p1a: Siren
|
|upkeep
|
|t:|1760389026
|switch|p1a: Yoshi|Dragonite, M, shiny, tera:Normal|67/100
|turn|12
|
|t:|1760389030
|move|p1a: Yoshi|Extreme Speed|p2a: Azumarill
|-damage|p2a: Azumarill|0 fnt
|faint|p2a: Azumarill
|
|upkeep
|
|t:|1760389037
|switch|p2a: Garganacl|Garganacl, M|100/100
|turn|13
|
|t:|1760389045
|switch|p1a: Anomaly|Great Tusk|100/100
|-enditem|p1a: Anomaly|Booster Energy
|-activate|p1a: Anomaly|ability: Protosynthesis|[fromitem]
|-start|p1a: Anomaly|protosynthesisatk
|move|p2a: Garganacl|Salt Cure|p1a: Anomaly
|-resisted|p1a: Anomaly
|-damage|p1a: Anomaly|98/100
|-start|p1a: Anomaly|Salt Cure
|
|-damage|p1a: Anomaly|85/100|[from] Salt Cure
|upkeep
|turn|14
|
|t:|1760389067
|move|p1a: Anomaly|Headlong Rush|p2a: Garganacl
|-supereffective|p2a: Garganacl
|-damage|p2a: Garganacl|12/100
|-unboost|p1a: Anomaly|def|1
|-unboost|p1a: Anomaly|spd|1
|-damage|p1a: Anomaly|69/100|[from] item: Rocky Helmet|[of] p2a: Garganacl
|move|p2a: Garganacl|Substitute|p2a: Garganacl
|-fail|p2a: Garganacl|move: Substitute|[weak]
|
|-damage|p1a: Anomaly|57/100|[from] Salt Cure
|upkeep
|turn|15
|
|t:|1760389080
|-end|p1a: Anomaly|Protosynthesis|[silent]
|switch|p1a: Yoshi|Dragonite, M, shiny, tera:Normal|67/100
|move|p2a: Garganacl|Protect||[still]
|-fail|p2a: Garganacl
|
|upkeep
|turn|16
|
|t:|1760389086
|move|p2a: Garganacl|Protect|p2a: Garganacl
|-singleturn|p2a: Garganacl|Protect
|move|p1a: Yoshi|Extreme Speed|p2a: Garganacl
|-activate|p2a: Garganacl|move: Protect
|
|upkeep
|turn|17
|
|t:|1760389095
|switch|p2a: Polteageist|Polteageist|100/100
|move|p1a: Yoshi|Extreme Speed|p2a: Polteageist
|-immune|p2a: Polteageist
|
|upkeep
|turn|18
|
|t:|1760389102
|switch|p1a: Anomаly|Iron Moth|31/100
|move|p2a: Polteageist|Shell Smash|p2a: Polteageist
|-unboost|p2a: Polteageist|def|1
|-unboost|p2a: Polteageist|spd|1
|-boost|p2a: Polteageist|atk|2
|-boost|p2a: Polteageist|spa|2
|-boost|p2a: Polteageist|spe|2
|
|upkeep
|turn|19
|
|t:|1760389122
|move|p2a: Polteageist|Stored Power|p1a: Anomаly
|-supereffective|p1a: Anomаly
|-damage|p1a: Anomаly|0 fnt
|faint|p1a: Anomаly
|-end|p1a: Anomаly|Quark Drive|[silent]
|
|upkeep
|
|t:|1760389125
|switch|p1a: Moebius|Deoxys-Speed|91/100
|-ability|p1a: Moebius|Pressure
|turn|20
|
|t:|1760389133
|move|p2a: Polteageist|Poltergeist|p1a: Moebius
|-activate|p1a: Moebius|move: Poltergeist|Life Orb
|-supereffective|p1a: Moebius
|-damage|p1a: Moebius|0 fnt
|faint|p1a: Moebius
|
|upkeep
|
|t:|1760389138
|switch|p1a: Anomaly|Great Tusk|57/100
|turn|21
|
|t:|1760389142
|move|p2a: Polteageist|Stored Power|p1a: Anomaly
|-supereffective|p1a: Anomaly
|-damage|p1a: Anomaly|0 fnt
|faint|p1a: Anomaly
|-end|p1a: Anomaly|Protosynthesis|[silent]
|
|upkeep
|
|t:|1760389144
|switch|p1a: Yoshi|Dragonite, M, shiny, tera:Normal|67/100
|turn|22
|
|t:|1760389150
|move|p2a: Polteageist|Stored Power|p1a: Yoshi
|-damage|p1a: Yoshi|0 fnt
|faint|p1a: Yoshi
|
|win|phrugsqueek
|raw|cxzvxz's rating: 1182 &rarr; <strong>1154</strong><br />(-28 for losing)
|raw|phrugsqueek's rating: 1144 &rarr; <strong>1172</strong><br />(+28 for winning)
|c|☆cxzvxz|Cool
|l|☆phrugsqueek
|player|p2|
