|j|☆tfwStarving
|j|☆Twia2
|t:|1760415027
|gametype|singles
|player|p1|tfwStarving|veteran|1504
|player|p2|Twia2|iris|1550
|gen|9
|tier|[Gen 9] OU
|rated|
|rule|HP Percentage Mod: HP is shown in percentages
|rule|Endless Battle Clause: Forcing endless battles is banned
|rule|Species Clause: Limit one of each Pokémon
|rule|OHKO Clause: OHKO moves are banned
|rule|Evasion Items Clause: Evasion items are banned
|rule|Evasion Moves Clause: Evasion moves are banned
|rule|Evasion Abilities Clause: Evasion abilities are banned
|rule|Sleep Moves Clause: Sleep-inducing moves are banned
|clearpoke
|poke|p1|Kingambit, M|
|poke|p1|Great Tusk|
|poke|p1|Mamoswine, M|
|poke|p1|Dragapult, M|
|poke|p1|Zapdos|
|poke|p1|Slowking-Galar, F|
|poke|p2|Ninetales, F|
|poke|p2|Dragonite, F|
|poke|p2|Walking Wake|
|poke|p2|Cinderace, M|
|poke|p2|Great Tusk|
|poke|p2|Clefable, M|
|teampreview
|inactive|Battle timer is ON: inactive players will automatically lose when time's up. (requested by Twia2)
|
|t:|1760415034
|teamsize|p1|6
|teamsize|p2|6
|start
|switch|p1a: Dragapult|Dragapult, M|100/100
|switch|p2a: Cinderace|Cinderace, M|100/100
|turn|1
|
|t:|1760415038
|move|p2a: Cinderace|Sucker Punch|p1a: Dragapult
|-start|p2a: Cinderace|typechange|Dark|[from] ability: Libero
|-supereffective|p1a: Dragapult
|-damage|p1a: Dragapult|13/100
|move|p1a: Dragapult|U-turn|p2a: Cinderace
|-supereffective|p2a: Cinderace
|-damage|p2a: Cinderace|0 fnt
|faint|p2a: Cinderace
|
|t:|1760415045
|switch|p1a: Slowking|Slowking-Galar, F|100/100|[from] U-turn
|
|upkeep
|
|t:|1760415050
|switch|p2a: Great Tusk|Great Tusk|100/100
|turn|2
|
|t:|1760415060
|-end|p2a: Great Tusk|Protosynthesis|[silent]
|switch|p2a: Ninetales|Ninetales, F|100/100
|-weather|SunnyDay|[from] ability: Drought|[of] p2a: Ninetales
|switch|p1a: Zapdos|Zapdos|100/100
|
|-weather|SunnyDay|[upkeep]
|upkeep
|turn|3
|
|t:|1760415069
|switch|p2a: Great Tusk|Great Tusk|100/100
|-activate|p2a: Great Tusk|ability: Protosynthesis
|-start|p2a: Great Tusk|protosynthesisspe
|switch|p1a: Slowking|Slowking-Galar, F|100/100
|
|-weather|SunnyDay|[upkeep]
|upkeep
|turn|4
|
|t:|1760415074
|switch|p1a: Zapdos|Zapdos|100/100
|move|p2a: Great Tusk|Headlong Rush|p1a: Zapdos
|-immune|p1a: Zapdos
|
|-weather|SunnyDay|[upkeep]
|upkeep
|turn|5
|
|t:|1760415080
|-end|p2a: Great Tusk|Protosynthesis|[silent]
|switch|p2a: Clefable|Clefable, M|100/100
|move|p1a: Zapdos|Hurricane|p2a: Clefable|[miss]
|-miss|p1a: Zapdos|p2a: Clefable
|
|-weather|SunnyDay|[upkeep]
|upkeep
|turn|6
|
|t:|1760415085
|switch|p1a: Mamoswine|Mamoswine, M|100/100
|move|p2a: Clefable|Ice Beam|p1a: Mamoswine
|-damage|p1a: Mamoswine|87/100
|
|-weather|SunnyDay|[upkeep]
|upkeep
|turn|7
|
|t:|1760415091
|switch|p2a: Great Tusk|Great Tusk|100/100
|-activate|p2a: Great Tusk|ability: Protosynthesis
|-start|p2a: Great Tusk|protosynthesisspe
|move|p1a: Mamoswine|Icicle Spear|p2a: Great Tusk
|-supereffective|p2a: Great Tusk
|-damage|p2a: Great Tusk|83/100
|-supereffective|p2a: Great Tusk
|-damage|p2a: Great Tusk|65/100
|-supereffective|p2a: Great Tusk
|-damage|p2a: Great Tusk|48/100
|-supereffective|p2a: Great Tusk
|-damage|p2a: Great Tusk|29/100
|-hitcount|p2a: Great Tusk|4
|
|-weather|SunnyDay|[upkeep]
|upkeep
|turn|8
|
|t:|1760415102
|move|p2a: Great Tusk|Close Combat|p1a: Mamoswine
|-supereffective|p1a: Mamoswine
|-damage|p1a: Mamoswine|0 fnt
|-unboost|p2a: Great Tusk|def|1
|-unboost|p2a: Great Tusk|spd|1
|faint|p1a: Mamoswine
|-enditem|p2a: Great Tusk|Eject Pack
|
|t:|1760415109
|-end|p2a: Great Tusk|Protosynthesis|[silent]
|switch|p2a: Walking Wake|Walking Wake|100/100
|-activate|p2a: Walking Wake|ability: Protosynthesis
|-start|p2a: Walking Wake|protosynthesisspa
|
|-weather|SunnyDay|[upkeep]
|upkeep
|
|t:|1760415110
|switch|p1a: Slowking|Slowking-Galar, F|100/100
|turn|9
|
|t:|1760415115
|move|p2a: Walking Wake|Hydro Steam|p1a: Slowking
|-damage|p1a: Slowking|41/100
|move|p1a: Slowking|Sludge Bomb|p2a: Walking Wake
|-damage|p2a: Walking Wake|53/100
|
|-weather|none
|-end|p2a: Walking Wake|Protosynthesis
|upkeep
|turn|10
|
|t:|1760415120
|move|p2a: Walking Wake|Hydro Steam|p1a: Slowking
|-crit|p1a: Slowking
|-damage|p1a: Slowking|0 fnt
|faint|p1a: Slowking
|
|upkeep
|
|t:|1760415125
|switch|p1a: Dragapult|Dragapult, M|13/100
|turn|11
|
|t:|1760415130
|-end|p2a: Walking Wake|Protosynthesis|[silent]
|switch|p2a: Clefable|Clefable, M|100/100
|move|p1a: Dragapult|Dragon Darts|p2a: Clefable
|-immune|p2a: Clefable
|
|upkeep
|turn|12
|
|t:|1760415138
|switch|p1a: Zapdos|Zapdos|100/100
|switch|p2a: Ninetales|Ninetales, F|100/100
|-weather|SunnyDay|[from] ability: Drought|[of] p2a: Ninetales
|
|-weather|SunnyDay|[upkeep]
|upkeep
|turn|13
|
|t:|1760415145
|move|p2a: Ninetales|Overheat|p1a: Zapdos
|-damage|p1a: Zapdos|34/100
|-unboost|p2a: Ninetales|spa|2
|move|p1a: Zapdos|Hurricane|p2a: Ninetales|[miss]
|-miss|p1a: Zapdos|p2a: Ninetales
|
|-weather|SunnyDay|[upkeep]
|upkeep
|turn|14
|
|t:|1760415153
|switch|p2a: Clefable|Clefable, M|100/100
|move|p1a: Zapdos|Roost|p1a: Zapdos
|-heal|p1a: Zapdos|84/100
|-singleturn|p1a: Zapdos|move: Roost
|
|-weather|SunnyDay|[upkeep]
|upkeep
|turn|15
|
|t:|1760415160
|move|p1a: Zapdos|Discharge|p2a: Clefable
|-damage|p2a: Clefable|75/100
|-enditem|p2a: Clefable|Eject Button
|
|t:|1760415178
|switch|p2a: Great Tusk|Great Tusk|29/100
|-activate|p2a: Great Tusk|ability: Protosynthesis
|-start|p2a: Great Tusk|protosynthesisspe
|
|-weather|SunnyDay|[upkeep]
|upkeep
|turn|16
|
|t:|1760415184
|move|p2a: Great Tusk|Ice Spinner|p1a: Zapdos
|-supereffective|p1a: Zapdos
|-damage|p1a: Zapdos|50/100
|move|p1a: Zapdos|Hurricane|p2a: Great Tusk|[miss]
|-miss|p1a: Zapdos|p2a: Great Tusk
|
|-weather|SunnyDay|[upkeep]
|upkeep
|turn|17
|
|t:|1760415188
|move|p2a: Great Tusk|Ice Spinner|p1a: Zapdos
|-supereffective|p1a: Zapdos
|-damage|p1a: Zapdos|15/100
|-status|p2a: Great Tusk|par|[from] ability: Static|[of] p1a: Zapdos
|move|p1a: Zapdos|Hurricane|p2a: Great Tusk|[miss]
|-miss|p1a: Zapdos|p2a: Great Tusk
|
|-weather|SunnyDay|[upkeep]
|upkeep
|turn|18
|
|t:|1760415196
|move|p1a: Zapdos|Roost|p1a: Zapdos
|-heal|p1a: Zapdos|65/100
|-singleturn|p1a: Zapdos|move: Roost
|move|p2a: Great Tusk|Headlong Rush|p1a: Zapdos
|-supereffective|p1a: Zapdos
|-damage|p1a: Zapdos|0 fnt
|-unboost|p2a: Great Tusk|def|1
|-unboost|p2a: Great Tusk|spd|1
|faint|p1a: Zapdos
|
|-weather|SunnyDay|[upkeep]
|upkeep
|
|t:|1760415200
|switch|p1a: Dragapult|Dragapult, M|13/100
|turn|19
|
|t:|1760415205
|move|p1a: Dragapult|Tera Blast|p2a: Great Tusk
|-damage|p2a: Great Tusk|0 fnt
|faint|p2a: Great Tusk
|-end|p2a: Great Tusk|Protosynthesis|[silent]
|
|-weather|none
|upkeep
|
|t:|1760415208
|switch|p2a: Ninetales|Ninetales, F|100/100
|-weather|SunnyDay|[from] ability: Drought|[of] p2a: Ninetales
|turn|20
|
|t:|1760415211
|switch|p2a: Clefable|Clefable, M|75/100
|move|p1a: Dragapult|Tera Blast|p2a: Clefable
|-damage|p2a: Clefable|64/100
|
|-weather|SunnyDay|[upkeep]
|upkeep
|turn|21
|
|t:|1760415217
|move|p1a: Dragapult|Tera Blast|p2a: Clefable
|-damage|p2a: Clefable|52/100
|move|p2a: Clefable|Moonblast|p1a: Dragapult
|-supereffective|p1a: Dragapult
|-damage|p1a: Dragapult|0 fnt
|faint|p1a: Dragapult
|
|-weather|SunnyDay|[upkeep]
|upkeep
|
|t:|1760415218
|switch|p1a: Great Tusk|Great Tusk|100/100
|-activate|p1a: Great Tusk|ability: Protosynthesis
|-start|p1a: Great Tusk|protosynthesisspe
|turn|22
|
|t:|1760415242
|move|p1a: Great Tusk|Headlong Rush|p2a: Clefable
|-damage|p2a: Clefable|0 fnt
|-unboost|p1a: Great Tusk|def|1
|-unboost|p1a: Great Tusk|spd|1
|faint|p2a: Clefable
|
|-weather|SunnyDay|[upkeep]
|upkeep
|
|t:|1760415246
|switch|p2a: Dragonite|Dragonite, F|100/100
|turn|23
|
|t:|1760415251
|-terastallize|p2a: Dragonite|Fairy
|move|p1a: Great Tusk|Ice Spinner|p2a: Dragonite
|-damage|p2a: Dragonite|88/100
|move|p2a: Dragonite|Tera Blast|p1a: Great Tusk|[anim] Tera Blast Fairy
|-supereffective|p1a: Great Tusk
|-damage|p1a: Great Tusk|18/100
|
|-weather|SunnyDay|[upkeep]
|upkeep
|turn|24
|
|t:|1760415257
|move|p1a: Great Tusk|Headlong Rush|p2a: Dragonite
|-damage|p2a: Dragonite|29/100
|-unboost|p1a: Great Tusk|def|1
|-unboost|p1a: Great Tusk|spd|1
|move|p2a: Dragonite|Tera Blast|p1a: Great Tusk|[anim] Tera Blast Fairy
|-supereffective|p1a: Great Tusk
|-damage|p1a: Great Tusk|0 fnt
|faint|p1a: Great Tusk
|-end|p1a: Great Tusk|Protosynthesis|[silent]
|
|-weather|SunnyDay|[upkeep]
|upkeep
|
|t:|1760415258
|switch|p1a: Kingambit|Kingambit, M|100/100
|-activate|p1a: Kingambit|ability: Supreme Overlord
|-start|p1a: Kingambit|fallen5|[silent]
|turn|25
|
|t:|1760415261
|switch|p2a: Ninetales|Ninetales, F|100/100
|-terastallize|p1a: Kingambit|Flying
|move|p1a: Kingambit|Swords Dance|p1a: Kingambit
|-boost|p1a: Kingambit|atk|2
|
|-weather|SunnyDay|[upkeep]
|upkeep
|turn|26
|
|t:|1760415264
|move|p2a: Ninetales|Encore|p1a: Kingambit
|-start|p1a: Kingambit|Encore
|move|p1a: Kingambit|Swords Dance|p1a: Kingambit
|-boost|p1a: Kingambit|atk|2
|
|-weather|SunnyDay|[upkeep]
|upkeep
|turn|27
|
|t:|1760415273
|switch|p2a: Walking Wake|Walking Wake|53/100
|-activate|p2a: Walking Wake|ability: Protosynthesis
|-start|p2a: Walking Wake|protosynthesisspa
|move|p1a: Kingambit|Swords Dance|p1a: Kingambit
|-boost|p1a: Kingambit|atk|2
|
|-weather|none
|-end|p2a: Walking Wake|Protosynthesis
|upkeep
|turn|28
|
|t:|1760415277
|-end|p2a: Walking Wake|Protosynthesis|[silent]
|switch|p2a: Ninetales|Ninetales, F|100/100
|-weather|SunnyDay|[from] ability: Drought|[of] p2a: Ninetales
|move|p1a: Kingambit|Swords Dance|p1a: Kingambit
|-boost|p1a: Kingambit|atk|0
|
|-weather|SunnyDay|[upkeep]
|-end|p1a: Kingambit|Encore
|upkeep
|turn|29
|
|t:|1760415280
|move|p2a: Ninetales|Encore|p1a: Kingambit
|-start|p1a: Kingambit|Encore
|move|p1a: Kingambit|Swords Dance|p1a: Kingambit
|-boost|p1a: Kingambit|atk|0
|
|-weather|SunnyDay|[upkeep]
|upkeep
|turn|30
|
|t:|1760415282
|switch|p2a: Walking Wake|Walking Wake|53/100
|-activate|p2a: Walking Wake|ability: Protosynthesis
|-start|p2a: Walking Wake|protosynthesisspa
|move|p1a: Kingambit|Swords Dance|p1a: Kingambit
|-boost|p1a: Kingambit|atk|0
|
|-weather|SunnyDay|[upkeep]
|upkeep
|turn|31
|
|t:|1760415284
|move|p2a: Walking Wake|Hydro Steam|p1a: Kingambit
|-damage|p1a: Kingambit|0 fnt
|faint|p1a: Kingambit
|-end|p1a: Kingambit|fallen5|[silent]
|
|win|Twia2
|raw|tfwStarving's rating: 1504 &rarr; <strong>1487</strong><br />(-17 for losing)
|raw|Twia2's rating: 1550 &rarr; <strong>1567</strong><br />(+17 for winning)
|l|☆tfwStarving
|player|p1|
|l|☆Twia2
|player|p2|
