|j|☆azurw
|j|☆Harsh9555
|t:|1760303364
|gametype|singles
|player|p1|azurw|cheryl|1356
|player|p2|Harsh9555|265|1372
|gen|9
|tier|[Gen 9] OU
|rated|
|rule|HP Percentage Mod: HP is shown in percentages
|rule|Endless Battle Clause: Forcing endless battles is banned
|rule|Species Clause: Limit one of each Pokémon
|rule|OHKO Clause: OHKO moves are banned
|rule|Evasion Items Clause: Evasion items are banned
|rule|Evasion Moves Clause: Evasion moves are banned
|rule|Evasion Abilities Clause: Evasion abilities are banned
|rule|Sleep Moves Clause: Sleep-inducing moves are banned
|clearpoke
|poke|p1|Sandy Shocks|
|poke|p1|Pelipper, M|
|poke|p1|Scizor, F|
|poke|p1|Tornadus-Therian, M|
|poke|p1|Dragapult, M|
|poke|p1|Manaphy|
|poke|p2|Pikachu, M|
|poke|p2|Dragonite, F|
|poke|p2|Gengar, M|
|poke|p2|Talonflame, F|
|poke|p2|Goodra-Hisui, M|
|poke|p2|Greninja-*, M|
|teampreview
|inactive|Battle timer is ON: inactive players will automatically lose when time's up. (requested by Harsh9555)
|c|☆azurw|lol hello pikachu
|
|t:|1760303388
|teamsize|p1|6
|teamsize|p2|6
|start
|switch|p1a: Pelipper|Pelipper, M|100/100
|switch|p2a: Goodra|Goodra-Hisui, M|100/100
|-weather|RainDance|[from] ability: Drizzle|[of] p1a: Pelipper
|turn|1
|
|t:|1760303395
|move|p2a: Goodra|Blizzard|p1a: Pelipper|[miss]
|-miss|p2a: Goodra|p1a: Pelipper
|move|p1a: Pelipper|Knock Off|p2a: Goodra
|-damage|p2a: Goodra|88/100
|-ability|p2a: Goodra|Gooey
|-unboost|p1a: Pelipper|spe|1
|-enditem|p2a: Goodra|Assault Vest|[from] move: Knock Off|[of] p1a: Pelipper
|
|-weather|RainDance|[upkeep]
|upkeep
|turn|2
|
|t:|1760303404
|move|p2a: Goodra|Blizzard|p1a: Pelipper
|-damage|p1a: Pelipper|53/100
|move|p1a: Pelipper|U-turn|p2a: Goodra
|-resisted|p2a: Goodra
|-damage|p2a: Goodra|84/100
|-ability|p2a: Goodra|Gooey
|-unboost|p1a: Pelipper|spe|1
|inactive|azurw has 120 seconds left.
|
|t:|1760303434
|switch|p1a: Sandy Shocks|Sandy Shocks|100/100|[from] U-turn
|-enditem|p1a: Sandy Shocks|Booster Energy
|-activate|p1a: Sandy Shocks|ability: Protosynthesis|[fromitem]
|-start|p1a: Sandy Shocks|protosynthesisspe
|
|-weather|RainDance|[upkeep]
|upkeep
|turn|3
|
|t:|1760303442
|move|p1a: Sandy Shocks|Volt Switch|p2a: Goodra
|-resisted|p2a: Goodra
|-damage|p2a: Goodra|72/100
|
|t:|1760303449
|-end|p1a: Sandy Shocks|Protosynthesis|[silent]
|switch|p1a: Scizor|Scizor, F|100/100|[from] Volt Switch
|move|p2a: Goodra|Blizzard|p1a: Scizor|[miss]
|-miss|p2a: Goodra|p1a: Scizor
|
|-weather|RainDance|[upkeep]
|upkeep
|turn|4
|
|t:|1760303454
|move|p1a: Scizor|Swords Dance|p1a: Scizor
|-boost|p1a: Scizor|atk|2
|move|p2a: Goodra|Fire Blast|p1a: Scizor
|-supereffective|p1a: Scizor
|-damage|p1a: Scizor|1/100
|
|-weather|RainDance|[upkeep]
|upkeep
|turn|5
|
|t:|1760303464
|move|p1a: Scizor|Close Combat|p2a: Goodra
|-supereffective|p2a: Goodra
|-damage|p2a: Goodra|0 fnt
|-unboost|p1a: Scizor|def|1
|-unboost|p1a: Scizor|spd|1
|-ability|p2a: Goodra|Gooey
|-unboost|p1a: Scizor|spe|1
|faint|p2a: Goodra
|-damage|p1a: Scizor|0 fnt|[from] item: Life Orb
|faint|p1a: Scizor
|
|-weather|RainDance|[upkeep]
|upkeep
|
|t:|1760303472
|switch|p1a: Tornadus|Tornadus-Therian, M|100/100
|switch|p2a: Pikachu|Pikachu, M|100/100
|turn|6
|
|t:|1760303493
|-terastallize|p1a: Tornadus|Steel
|move|p2a: Pikachu|Fake Out|p1a: Tornadus
|-resisted|p1a: Tornadus
|-damage|p1a: Tornadus|96/100
|cant|p1a: Tornadus|flinch
|
|-weather|RainDance|[upkeep]
|upkeep
|turn|7
|
|t:|1760303500
|move|p1a: Tornadus|Hurricane|p2a: Pikachu
|-resisted|p2a: Pikachu
|-damage|p2a: Pikachu|41/100
|-start|p2a: Pikachu|confusion
|-activate|p2a: Pikachu|confusion
|move|p2a: Pikachu|Endeavor|p1a: Tornadus
|-damage|p1a: Tornadus|24/100
|
|-weather|RainDance|[upkeep]
|upkeep
|turn|8
|
|t:|1760303516
|move|p1a: Tornadus|U-turn|p2a: Pikachu
|-damage|p2a: Pikachu|0 fnt
|faint|p2a: Pikachu
|
|t:|1760303521
|switch|p1a: Dragapult|Dragapult, M|100/100|[from] U-turn
|
|-weather|none
|upkeep
|
|t:|1760303527
|switch|p2a: Gengar|Gengar, M|100/100
|turn|9
|
|t:|1760303545
|move|p1a: Dragapult|Sucker Punch|p2a: Gengar
|-supereffective|p2a: Gengar
|-enditem|p2a: Gengar|Focus Sash
|-damage|p2a: Gengar|1/100
|move|p2a: Gengar|Shadow Ball|p1a: Dragapult
|-supereffective|p1a: Dragapult
|-damage|p1a: Dragapult|0 fnt
|faint|p1a: Dragapult
|
|upkeep
|
|t:|1760303553
|switch|p1a: Pelipper|Pelipper, M|53/100
|-weather|RainDance|[from] ability: Drizzle|[of] p1a: Pelipper
|turn|10
|
|t:|1760303562
|move|p2a: Gengar|Destiny Bond|p2a: Gengar
|-singlemove|p2a: Gengar|Destiny Bond
|move|p1a: Pelipper|U-turn|p2a: Gengar
|-resisted|p2a: Gengar
|-damage|p2a: Gengar|0 fnt
|faint|p2a: Gengar
|-activate|p2a: Gengar|move: Destiny Bond
|faint|p1a: Pelipper
|
|-weather|RainDance|[upkeep]
|upkeep
|
|t:|1760303580
|switch|p2a: Greninja|Greninja, M|100/100
|switch|p1a: Manaphy|Manaphy|100/100
|turn|11
|
|t:|1760303589
|move|p2a: Greninja|Grass Knot|p1a: Manaphy
|-supereffective|p1a: Manaphy
|-damage|p1a: Manaphy|88/100
|move|p1a: Manaphy|Alluring Voice|p2a: Greninja
|-supereffective|p2a: Greninja
|-damage|p2a: Greninja|23/100
|
|-weather|RainDance|[upkeep]
|-heal|p1a: Manaphy|94/100|[from] item: Leftovers
|upkeep
|turn|12
|
|t:|1760303596
|switch|p2a: Dragonite|Dragonite, F|100/100
|move|p1a: Manaphy|Surf|p2a: Dragonite
|-resisted|p2a: Dragonite
|-damage|p2a: Dragonite|85/100
|
|-weather|RainDance|[upkeep]
|-heal|p1a: Manaphy|100/100|[from] item: Leftovers
|upkeep
|turn|13
|
|t:|1760303603
|move|p1a: Manaphy|Alluring Voice|p2a: Dragonite
|-supereffective|p2a: Dragonite
|-damage|p2a: Dragonite|37/100
|-enditem|p2a: Dragonite|Weakness Policy
|-boost|p2a: Dragonite|atk|2|[from] item: Weakness Policy
|-boost|p2a: Dragonite|spa|2|[from] item: Weakness Policy
|move|p2a: Dragonite|Dragon Dance|p2a: Dragonite
|-boost|p2a: Dragonite|atk|1
|-boost|p2a: Dragonite|spe|1
|
|-weather|RainDance|[upkeep]
|upkeep
|turn|14
|
|t:|1760303613
|-terastallize|p2a: Dragonite|Steel
|move|p2a: Dragonite|Earthquake|p1a: Manaphy
|-damage|p1a: Manaphy|0 fnt
|faint|p1a: Manaphy
|
|-weather|RainDance|[upkeep]
|upkeep
|
|t:|1760303623
|switch|p1a: Tornadus|Tornadus-Therian, M, tera:Steel|57/100
|turn|15
|c|☆azurw|lmao gg
|
|t:|1760303634
|move|p2a: Dragonite|Earthquake|p1a: Tornadus
|-supereffective|p1a: Tornadus
|-damage|p1a: Tornadus|0 fnt
|faint|p1a: Tornadus
|
|-weather|RainDance|[upkeep]
|upkeep
|
|t:|1760303640
|switch|p1a: Sandy Shocks|Sandy Shocks|100/100
|turn|16
|
|t:|1760303646
|move|p2a: Dragonite|Earthquake|p1a: Sandy Shocks
|-supereffective|p1a: Sandy Shocks
|-damage|p1a: Sandy Shocks|0 fnt
|faint|p1a: Sandy Shocks
|-end|p1a: Sandy Shocks|Protosynthesis|[silent]
|
|win|Harsh9555
|raw|azurw's rating: 1356 &rarr; <strong>1337</strong><br />(-19 for losing)
|raw|Harsh9555's rating: 1372 &rarr; <strong>1391</strong><br />(+19 for winning)
|l|☆Harsh9555
|player|p2|
|l|☆azurw
|player|p1|
