|j|☆pokemastersteven5
|j|☆lucawk
|t:|1760449380
|gametype|singles
|player|p1|pokemastersteven5|riley|1344
|player|p2|lucawk|scientist-gen4dp|1294
|gen|9
|tier|[Gen 9] OU
|rated|
|rule|HP Percentage Mod: HP is shown in percentages
|rule|Endless Battle Clause: Forcing endless battles is banned
|rule|Species Clause: Limit one of each Pokémon
|rule|OHKO Clause: OHKO moves are banned
|rule|Evasion Items Clause: Evasion items are banned
|rule|Evasion Moves Clause: Evasion moves are banned
|rule|Evasion Abilities Clause: Evasion abilities are banned
|rule|Sleep Moves Clause: Sleep-inducing moves are banned
|clearpoke
|poke|p1|Iron Crown|
|poke|p1|Kyurem|
|poke|p1|Arcanine-Hisui, M|
|poke|p1|Raging Bolt|
|poke|p1|Landorus-Therian, M|
|poke|p1|Enamorus, F|
|poke|p2|Glimmora, M|
|poke|p2|Alomomola, M|
|poke|p2|Slowking-Galar, M|
|poke|p2|Klefki, F|
|poke|p2|Clefable, M|
|poke|p2|Gholdengo|
|teampreview
|inactive|Battle timer is ON: inactive players will automatically lose when time's up. (requested by pokemastersteven5)
|j| itsSkyLight
|
|t:|1760449392
|teamsize|p1|6
|teamsize|p2|6
|start
|switch|p1a: Iron Crown|Iron Crown|100/100
|switch|p2a: Klefki|Klefki, F, shiny|100/100
|-enditem|p1a: Iron Crown|Booster Energy
|-activate|p1a: Iron Crown|ability: Quark Drive|[fromitem]
|-start|p1a: Iron Crown|quarkdrivespe
|turn|1
|
|t:|1760449418
|move|p2a: Klefki|Light Screen|p2a: Klefki
|-sidestart|p2: lucawk|move: Light Screen
|move|p1a: Iron Crown|Calm Mind|p1a: Iron Crown
|-boost|p1a: Iron Crown|spa|1
|-boost|p1a: Iron Crown|spd|1
|
|upkeep
|turn|2
|inactive|pokemastersteven5 has 120 seconds left.
|
|t:|1760449450
|move|p2a: Klefki|Thunder Wave|p1a: Iron Crown|[miss]
|-miss|p2a: Klefki|p1a: Iron Crown
|move|p1a: Iron Crown|Calm Mind|p1a: Iron Crown
|-boost|p1a: Iron Crown|spa|1
|-boost|p1a: Iron Crown|spd|1
|
|upkeep
|turn|3
|
|t:|1760449455
|move|p2a: Klefki|Thunder Wave|p1a: Iron Crown
|-status|p1a: Iron Crown|par
|move|p1a: Iron Crown|Tachyon Cutter|p2a: Klefki
|-damage|p2a: Klefki|71/100
|-damage|p2a: Klefki|41/100
|-hitcount|p2a: Klefki|2
|
|upkeep
|turn|4
|
|t:|1760449467
|switch|p2a: Gholdengo|Gholdengo|100/100
|cant|p1a: Iron Crown|par
|
|upkeep
|turn|5
|inactive|pokemastersteven5 has 120 seconds left.
|inactive|pokemastersteven5 has 90 seconds left.
|
|t:|1760449516
|move|p2a: Gholdengo|Hex|p1a: Iron Crown
|-supereffective|p1a: Iron Crown
|-damage|p1a: Iron Crown|0 fnt
|faint|p1a: Iron Crown
|-end|p1a: Iron Crown|Quark Drive|[silent]
|
|upkeep
|inactive|pokemastersteven5 has 90 seconds left.
|
|t:|1760449522
|switch|p1a: Arcanine|Arcanine-Hisui, M|100/100
|turn|6
|
|t:|1760449535
|switch|p2a: Alomomola|Alomomola, M|100/100
|move|p1a: Arcanine|Flare Blitz|p2a: Alomomola
|-resisted|p2a: Alomomola
|-damage|p2a: Alomomola|76/100
|
|-heal|p2a: Alomomola|83/100|[from] item: Leftovers
|upkeep
|turn|7
|inactive|pokemastersteven5 has 90 seconds left.
|
|t:|1760449563
|switch|p1a: Raging Bolt|Raging Bolt|100/100
|move|p2a: Alomomola|Scald|p1a: Raging Bolt
|-resisted|p1a: Raging Bolt
|-damage|p1a: Raging Bolt|96/100
|
|-heal|p2a: Alomomola|89/100|[from] item: Leftovers
|upkeep
|turn|8
|
|t:|1760449579
|-terastallize|p2a: Alomomola|Ground
|move|p1a: Raging Bolt|Thunderbolt|p2a: Alomomola
|-immune|p2a: Alomomola
|move|p2a: Alomomola|Wish|p2a: Alomomola
|
|-heal|p2a: Alomomola|95/100|[from] item: Leftovers
|-sideend|p2: lucawk|move: Light Screen
|upkeep
|turn|9
|
|t:|1760449590
|switch|p2a: Klefki|Klefki, F, shiny|41/100
|move|p1a: Raging Bolt|Dragon Pulse|p2a: Klefki
|-immune|p2a: Klefki
|
|-heal|p2a: Klefki|100/100|[from] move: Wish|[wisher] Alomomola
|upkeep
|turn|10
|
|t:|1760449595
|move|p2a: Klefki|Light Screen|p2a: Klefki
|-sidestart|p2: lucawk|move: Light Screen
|move|p1a: Raging Bolt|Thunderbolt|p2a: Klefki
|-damage|p2a: Klefki|70/100
|
|upkeep
|turn|11
|
|t:|1760449603
|switch|p2a: Slowking|Slowking-Galar, M|100/100
|move|p1a: Raging Bolt|Thunderbolt|p2a: Slowking
|-crit|p2a: Slowking
|-damage|p2a: Slowking|60/100
|
|upkeep
|turn|12
|inactive|pokemastersteven5 has 120 seconds left.
|
|t:|1760449612
|move|p1a: Raging Bolt|Thunderbolt|p2a: Slowking
|-crit|p2a: Slowking
|-damage|p2a: Slowking|20/100
|move|p2a: Slowking|Ice Beam|p1a: Raging Bolt
|-supereffective|p1a: Raging Bolt
|-damage|p1a: Raging Bolt|61/100
|
|upkeep
|turn|13
|
|t:|1760449616
|switch|p2a: Alomomola|Alomomola, M, tera:Ground|100/100
|move|p1a: Raging Bolt|Thunderbolt|p2a: Alomomola
|-immune|p2a: Alomomola
|
|upkeep
|turn|14
|
|t:|1760449621
|move|p1a: Raging Bolt|Dragon Pulse|p2a: Alomomola
|-damage|p2a: Alomomola|69/100
|move|p2a: Alomomola|Wish|p2a: Alomomola
|
|-heal|p2a: Alomomola|76/100|[from] item: Leftovers
|upkeep
|turn|15
|
|t:|1760449629
|switch|p2a: Slowking|Slowking-Galar, M|53/100
|move|p1a: Raging Bolt|Dragon Pulse|p2a: Slowking
|-damage|p2a: Slowking|41/100
|
|-heal|p2a: Slowking|100/100|[from] move: Wish|[wisher] Alomomola
|upkeep
|turn|16
|
|t:|1760449635
|move|p1a: Raging Bolt|Volt Switch|p2a: Slowking
|-damage|p2a: Slowking|91/100
|
|t:|1760449639
|-end|p1a: Raging Bolt|Protosynthesis|[silent]
|switch|p1a: Kyurem|Kyurem, shiny|100/100|[from] Volt Switch
|-ability|p1a: Kyurem|Pressure
|move|p2a: Slowking|Future Sight|p1a: Kyurem
|-start|p2a: Slowking|move: Future Sight
|
|upkeep
|turn|17
|
|t:|1760449649
|switch|p2a: Klefki|Klefki, F, shiny|70/100
|move|p1a: Kyurem|Dragon Dance|p1a: Kyurem
|-boost|p1a: Kyurem|atk|1
|-boost|p1a: Kyurem|spe|1
|
|-sideend|p2: lucawk|move: Light Screen
|upkeep
|turn|18
|
|t:|1760449665
|-terastallize|p1a: Kyurem|Fire
|move|p2a: Klefki|Reflect|p2a: Klefki
|-sidestart|p2: lucawk|Reflect
|move|p1a: Kyurem|Tera Blast|p2a: Klefki|[anim] Tera Blast Fire
|-supereffective|p2a: Klefki
|-damage|p2a: Klefki|15/100
|
|-end|p1a: Kyurem|move: Future Sight
|-damage|p1a: Kyurem|43/100
|upkeep
|turn|19
|
|t:|1760449680
|switch|p2a: Alomomola|Alomomola, M, tera:Ground|100/100
|move|p1a: Kyurem|Tera Blast|p2a: Alomomola|[anim] Tera Blast Fire
|-damage|p2a: Alomomola|84/100
|
|-heal|p2a: Alomomola|90/100|[from] item: Leftovers
|upkeep
|turn|20
|
|t:|1760449689
|move|p1a: Kyurem|Icicle Spear|p2a: Alomomola
|-supereffective|p2a: Alomomola
|-damage|p2a: Alomomola|79/100
|-supereffective|p2a: Alomomola
|-damage|p2a: Alomomola|68/100
|-supereffective|p2a: Alomomola
|-damage|p2a: Alomomola|59/100
|-supereffective|p2a: Alomomola
|-damage|p2a: Alomomola|49/100
|-hitcount|p2a: Alomomola|4
|move|p2a: Alomomola|Flip Turn|p1a: Kyurem
|-supereffective|p1a: Kyurem
|-damage|p1a: Kyurem|14/100
|
|t:|1760449702
|switch|p2a: Gholdengo|Gholdengo|100/100|[from] Flip Turn
|
|upkeep
|turn|21
|
|t:|1760449714
|switch|p2a: Alomomola|Alomomola, M, tera:Ground|82/100
|move|p1a: Kyurem|Tera Blast|p2a: Alomomola|[anim] Tera Blast Fire
|-damage|p2a: Alomomola|66/100
|
|-heal|p2a: Alomomola|72/100|[from] item: Leftovers
|upkeep
|turn|22
|
|t:|1760449719
|move|p1a: Kyurem|Icicle Spear|p2a: Alomomola
|-supereffective|p2a: Alomomola
|-damage|p2a: Alomomola|62/100
|-supereffective|p2a: Alomomola
|-damage|p2a: Alomomola|52/100
|-supereffective|p2a: Alomomola
|-damage|p2a: Alomomola|42/100
|-supereffective|p2a: Alomomola
|-damage|p2a: Alomomola|31/100
|-supereffective|p2a: Alomomola
|-damage|p2a: Alomomola|21/100
|-hitcount|p2a: Alomomola|5
|move|p2a: Alomomola|Flip Turn|p1a: Kyurem
|-supereffective|p1a: Kyurem
|-damage|p1a: Kyurem|0 fnt
|faint|p1a: Kyurem
|
|t:|1760449722
|switch|p2a: Klefki|Klefki, F, shiny|15/100|[from] Flip Turn
|
|upkeep
|
|t:|1760449737
|switch|p1a: Landorus|Landorus-Therian, M, shiny|100/100
|-ability|p1a: Landorus|Intimidate|boost
|-unboost|p2a: Klefki|atk|1
|turn|23
|
|t:|1760449749
|switch|p2a: Alomomola|Alomomola, M, tera:Ground|54/100
|move|p1a: Landorus|Earthquake|p2a: Alomomola
|-damage|p2a: Alomomola|39/100
|
|-heal|p2a: Alomomola|45/100|[from] item: Leftovers
|upkeep
|turn|24
|-message|pokemastersteven5 forfeited.
|
|win|lucawk
|raw|pokemastersteven5's rating: 1344 &rarr; <strong>1321</strong><br />(-23 for losing)
|raw|lucawk's rating: 1294 &rarr; <strong>1323</strong><br />(+29 for winning)
|l|☆pokemastersteven5
|player|p1|
|l| itsSkyLight
