|j|☆Indigo Disk CJ
|j|☆CAZSYZ
|t:|1760329101
|gametype|singles
|player|p1|Indigo Disk CJ|2|1510
|player|p2|CAZSYZ|lady|1462
|gen|9
|tier|[Gen 9] OU
|rated|
|rule|HP Percentage Mod: HP is shown in percentages
|rule|Endless Battle Clause: Forcing endless battles is banned
|rule|Species Clause: Limit one of each Pokémon
|rule|OHKO Clause: OHKO moves are banned
|rule|Evasion Items Clause: Evasion items are banned
|rule|Evasion Moves Clause: Evasion moves are banned
|rule|Evasion Abilities Clause: Evasion abilities are banned
|rule|Sleep Moves Clause: Sleep-inducing moves are banned
|clearpoke
|poke|p1|Meowscarada, M|
|poke|p1|Dragapult, M|
|poke|p1|Gholdengo|
|poke|p1|Great Tusk|
|poke|p1|Slowking-Galar, M|
|poke|p1|Primarina, M|
|poke|p2|Great Tusk|
|poke|p2|Blissey, F|
|poke|p2|Alomomola, F|
|poke|p2|Dragapult, M|
|poke|p2|Corviknight, F|
|poke|p2|Dondozo, F|
|teampreview
|inactive|Battle timer is ON: inactive players will automatically lose when time's up. (requested by CAZSYZ)
|
|t:|1760329110
|teamsize|p1|6
|teamsize|p2|6
|start
|switch|p1a: Meowscarada|Meowscarada, M, shiny|100/100
|switch|p2a: Dragapult|Dragapult, M|100/100
|turn|1
|
|t:|1760329114
|switch|p1a: Great Tusk|Great Tusk|100/100
|move|p2a: Dragapult|U-turn|p1a: Great Tusk
|-resisted|p1a: Great Tusk
|-damage|p1a: Great Tusk|92/100
|-damage|p2a: Dragapult|84/100|[from] item: Rocky Helmet|[of] p1a: Great Tusk
|
|t:|1760329117
|switch|p2a: Great Tusk|Great Tusk|100/100|[from] U-turn
|
|upkeep
|turn|2
|
|t:|1760329123
|move|p1a: Great Tusk|Ice Spinner|p2a: Great Tusk
|-supereffective|p2a: Great Tusk
|-damage|p2a: Great Tusk|77/100
|move|p2a: Great Tusk|Knock Off|p1a: Great Tusk
|-resisted|p1a: Great Tusk
|-damage|p1a: Great Tusk|83/100
|-damage|p2a: Great Tusk|60/100|[from] item: Rocky Helmet|[of] p1a: Great Tusk
|-enditem|p1a: Great Tusk|Rocky Helmet|[from] move: Knock Off|[of] p2a: Great Tusk
|
|-heal|p2a: Great Tusk|67/100|[from] item: Leftovers
|upkeep
|turn|3
|
|t:|1760329131
|move|p1a: Great Tusk|Stealth Rock|p2a: Great Tusk
|-sidestart|p2: CAZSYZ|move: Stealth Rock
|move|p2a: Great Tusk|Stealth Rock|p1a: Great Tusk
|-sidestart|p1: Indigo Disk CJ|move: Stealth Rock
|
|-heal|p2a: Great Tusk|73/100|[from] item: Leftovers
|upkeep
|turn|4
|
|t:|1760329136
|move|p1a: Great Tusk|Rapid Spin|p2a: Great Tusk
|-damage|p2a: Great Tusk|66/100
|-boost|p1a: Great Tusk|spe|1
|-sideend|p1: Indigo Disk CJ|Stealth Rock|[from] move: Rapid Spin|[of] p1a: Great Tusk
|move|p2a: Great Tusk|Knock Off|p1a: Great Tusk
|-resisted|p1a: Great Tusk
|-damage|p1a: Great Tusk|78/100
|
|-heal|p2a: Great Tusk|72/100|[from] item: Leftovers
|upkeep
|turn|5
|
|t:|1760329139
|move|p1a: Great Tusk|Ice Spinner|p2a: Great Tusk
|-supereffective|p2a: Great Tusk
|-damage|p2a: Great Tusk|50/100
|move|p2a: Great Tusk|Stealth Rock|p1a: Great Tusk
|-sidestart|p1: Indigo Disk CJ|move: Stealth Rock
|
|-heal|p2a: Great Tusk|57/100|[from] item: Leftovers
|upkeep
|turn|6
|
|t:|1760329142
|move|p1a: Great Tusk|Ice Spinner|p2a: Great Tusk
|-supereffective|p2a: Great Tusk
|-damage|p2a: Great Tusk|35/100
|move|p2a: Great Tusk|Rapid Spin|p1a: Great Tusk
|-damage|p1a: Great Tusk|69/100
|-boost|p2a: Great Tusk|spe|1
|-sideend|p2: CAZSYZ|Stealth Rock|[from] move: Rapid Spin|[of] p2a: Great Tusk
|
|-heal|p2a: Great Tusk|41/100|[from] item: Leftovers
|upkeep
|turn|7
|
|t:|1760329150
|move|p1a: Great Tusk|Rapid Spin|p2a: Great Tusk
|-damage|p2a: Great Tusk|34/100
|-boost|p1a: Great Tusk|spe|1
|-sideend|p1: Indigo Disk CJ|Stealth Rock|[from] move: Rapid Spin|[of] p1a: Great Tusk
|move|p2a: Great Tusk|Body Press|p1a: Great Tusk
|-damage|p1a: Great Tusk|40/100
|
|-heal|p2a: Great Tusk|40/100|[from] item: Leftovers
|upkeep
|turn|8
|
|t:|1760329155
|move|p1a: Great Tusk|Ice Spinner|p2a: Great Tusk
|-supereffective|p2a: Great Tusk
|-damage|p2a: Great Tusk|17/100
|move|p2a: Great Tusk|Body Press|p1a: Great Tusk
|-damage|p1a: Great Tusk|12/100
|
|-heal|p2a: Great Tusk|23/100|[from] item: Leftovers
|upkeep
|turn|9
|
|t:|1760329159
|-end|p2a: Great Tusk|Protosynthesis|[silent]
|switch|p2a: Alomomola|Alomomola, F|100/100
|move|p1a: Great Tusk|Ice Spinner|p2a: Alomomola
|-resisted|p2a: Alomomola
|-damage|p2a: Alomomola|94/100
|
|upkeep
|turn|10
|
|t:|1760329163
|-end|p1a: Great Tusk|Protosynthesis|[silent]
|switch|p1a: Meowscarada|Meowscarada, M, shiny|100/100
|move|p2a: Alomomola|Wish|p2a: Alomomola
|
|upkeep
|turn|11
|
|t:|1760329170
|switch|p2a: Corviknight|Corviknight, F|100/100
|-ability|p2a: Corviknight|Pressure
|move|p1a: Meowscarada|Flower Trick|p2a: Corviknight
|-start|p1a: Meowscarada|typechange|Grass|[from] ability: Protean
|-resisted|p2a: Corviknight
|-crit|p2a: Corviknight
|-damage|p2a: Corviknight|87/100
|
|-heal|p2a: Corviknight|100/100|[from] move: Wish|[wisher] Alomomola
|upkeep
|turn|12
|
|t:|1760329178
|switch|p1a: Great Tusk|Great Tusk|12/100
|move|p2a: Corviknight|U-turn|p1a: Great Tusk
|-resisted|p1a: Great Tusk
|-crit|p1a: Great Tusk
|-damage|p1a: Great Tusk|5/100
|
|t:|1760329182
|switch|p2a: Great Tusk|Great Tusk|23/100|[from] U-turn
|
|-heal|p2a: Great Tusk|30/100|[from] item: Leftovers
|upkeep
|turn|13
|
|t:|1760329189
|-end|p1a: Great Tusk|Protosynthesis|[silent]
|switch|p1a: Dragapult|Dragapult, M, shiny|100/100
|move|p2a: Great Tusk|Rapid Spin|p1a: Dragapult
|-immune|p1a: Dragapult
|
|-heal|p2a: Great Tusk|36/100|[from] item: Leftovers
|upkeep
|turn|14
|
|t:|1760329194
|-end|p2a: Great Tusk|Protosynthesis|[silent]
|switch|p2a: Corviknight|Corviknight, F|100/100
|-ability|p2a: Corviknight|Pressure
|move|p1a: Dragapult|Dragon Darts|p2a: Corviknight
|-resisted|p2a: Corviknight
|-damage|p2a: Corviknight|93/100
|-anim|p1a: Dragapult|Dragon Darts|p2a: Corviknight
|-resisted|p2a: Corviknight
|-damage|p2a: Corviknight|87/100
|
|upkeep
|turn|15
|
|t:|1760329199
|move|p1a: Dragapult|Shadow Ball|p2a: Corviknight
|-damage|p2a: Corviknight|60/100
|move|p2a: Corviknight|U-turn|p1a: Dragapult
|-resisted|p1a: Dragapult
|-damage|p1a: Dragapult|90/100
|
|t:|1760329203
|switch|p2a: Dragapult|Dragapult, M|84/100|[from] U-turn
|
|upkeep
|turn|16
|
|t:|1760329209
|move|p2a: Dragapult|U-turn|p1a: Dragapult
|-resisted|p1a: Dragapult
|-damage|p1a: Dragapult|72/100
|
|t:|1760329215
|switch|p2a: Corviknight|Corviknight, F|60/100|[from] U-turn
|-ability|p2a: Corviknight|Pressure
|move|p1a: Dragapult|Draco Meteor|p2a: Corviknight
|-resisted|p2a: Corviknight
|-damage|p2a: Corviknight|36/100
|-unboost|p1a: Dragapult|spa|2
|
|upkeep
|turn|17
|
|t:|1760329221
|switch|p1a: Gholdengo|Gholdengo, shiny|100/100
|move|p2a: Corviknight|Roost|p2a: Corviknight
|-heal|p2a: Corviknight|86/100
|-singleturn|p2a: Corviknight|move: Roost
|
|upkeep
|turn|18
|
|t:|1760329224
|move|p1a: Gholdengo|Nasty Plot|p1a: Gholdengo
|-boost|p1a: Gholdengo|spa|2
|move|p2a: Corviknight|U-turn|p1a: Gholdengo
|-resisted|p1a: Gholdengo
|-damage|p1a: Gholdengo|98/100
|
|t:|1760329227
|switch|p2a: Dragapult|Dragapult, M|84/100|[from] U-turn
|
|-heal|p1a: Gholdengo|100/100|[from] item: Leftovers
|upkeep
|turn|19
|
|t:|1760329232
|-terastallize|p1a: Gholdengo|Fairy
|move|p2a: Dragapult|U-turn|p1a: Gholdengo
|-resisted|p1a: Gholdengo
|-damage|p1a: Gholdengo|92/100
|
|t:|1760329235
|switch|p2a: Blissey|Blissey, F|100/100|[from] U-turn
|move|p1a: Gholdengo|Dazzling Gleam|p2a: Blissey
|-damage|p2a: Blissey|80/100
|
|-heal|p1a: Gholdengo|98/100|[from] item: Leftovers
|-heal|p2a: Blissey|86/100|[from] item: Leftovers
|upkeep
|turn|20
|
|t:|1760329238
|move|p1a: Gholdengo|Nasty Plot|p1a: Gholdengo
|-boost|p1a: Gholdengo|spa|2
|move|p2a: Blissey|Light Screen|p2a: Blissey
|-sidestart|p2: CAZSYZ|move: Light Screen
|
|-heal|p1a: Gholdengo|100/100|[from] item: Leftovers
|-heal|p2a: Blissey|92/100|[from] item: Leftovers
|upkeep
|turn|21
|
|t:|1760329241
|move|p1a: Gholdengo|Nasty Plot|p1a: Gholdengo
|-boost|p1a: Gholdengo|spa|2
|move|p2a: Blissey|Seismic Toss|p1a: Gholdengo
|-damage|p1a: Gholdengo|74/100
|
|-heal|p1a: Gholdengo|80/100|[from] item: Leftovers
|-heal|p2a: Blissey|98/100|[from] item: Leftovers
|upkeep
|turn|22
|
|t:|1760329245
|move|p1a: Gholdengo|Dazzling Gleam|p2a: Blissey
|-damage|p2a: Blissey|79/100
|move|p2a: Blissey|Seismic Toss|p1a: Gholdengo
|-damage|p1a: Gholdengo|54/100
|
|-heal|p1a: Gholdengo|60/100|[from] item: Leftovers
|-heal|p2a: Blissey|85/100|[from] item: Leftovers
|upkeep
|turn|23
|
|t:|1760329251
|move|p1a: Gholdengo|Dazzling Gleam|p2a: Blissey
|-damage|p2a: Blissey|65/100
|move|p2a: Blissey|Seismic Toss|p1a: Gholdengo
|-damage|p1a: Gholdengo|33/100
|
|-heal|p1a: Gholdengo|39/100|[from] item: Leftovers
|-heal|p2a: Blissey|71/100|[from] item: Leftovers
|upkeep
|turn|24
|
|t:|1760329253
|move|p1a: Gholdengo|Recover|p1a: Gholdengo
|-heal|p1a: Gholdengo|89/100
|move|p2a: Blissey|Seismic Toss|p1a: Gholdengo
|-damage|p1a: Gholdengo|63/100
|
|-heal|p1a: Gholdengo|69/100|[from] item: Leftovers
|-heal|p2a: Blissey|77/100|[from] item: Leftovers
|-sideend|p2: CAZSYZ|move: Light Screen
|upkeep
|turn|25
|
|t:|1760329256
|move|p1a: Gholdengo|Make It Rain|p2a: Blissey
|-damage|p2a: Blissey|17/100
|-unboost|p1a: Gholdengo|spa|1
|move|p2a: Blissey|Light Screen|p2a: Blissey
|-sidestart|p2: CAZSYZ|move: Light Screen
|
|-heal|p1a: Gholdengo|75/100|[from] item: Leftovers
|-heal|p2a: Blissey|23/100|[from] item: Leftovers
|upkeep
|turn|26
|
|t:|1760329262
|move|p1a: Gholdengo|Make It Rain|p2a: Blissey
|-damage|p2a: Blissey|0 fnt
|-unboost|p1a: Gholdengo|spa|1
|faint|p2a: Blissey
|
|-heal|p1a: Gholdengo|81/100|[from] item: Leftovers
|upkeep
|
|t:|1760329278
|switch|p2a: Alomomola|Alomomola, F|100/100
|turn|27
|
|t:|1760329281
|move|p1a: Gholdengo|Nasty Plot|p1a: Gholdengo
|-boost|p1a: Gholdengo|spa|2
|move|p2a: Alomomola|Mirror Coat||[still]
|-fail|p2a: Alomomola
|
|-heal|p1a: Gholdengo|87/100|[from] item: Leftovers
|upkeep
|turn|28
|
|t:|1760329286
|move|p1a: Gholdengo|Nasty Plot|p1a: Gholdengo
|-boost|p1a: Gholdengo|spa|0
|move|p2a: Alomomola|Mirror Coat||[still]
|-fail|p2a: Alomomola
|
|-heal|p1a: Gholdengo|93/100|[from] item: Leftovers
|upkeep
|turn|29
|
|t:|1760329292
|move|p1a: Gholdengo|Nasty Plot|p1a: Gholdengo
|-boost|p1a: Gholdengo|spa|0
|move|p2a: Alomomola|Wish|p2a: Alomomola
|
|-heal|p1a: Gholdengo|99/100|[from] item: Leftovers
|-sideend|p2: CAZSYZ|move: Light Screen
|upkeep
|turn|30
|
|t:|1760329300
|switch|p2a: Corviknight|Corviknight, F|86/100
|-ability|p2a: Corviknight|Pressure
|move|p1a: Gholdengo|Dazzling Gleam|p2a: Corviknight
|-resisted|p2a: Corviknight
|-damage|p2a: Corviknight|27/100
|
|-heal|p2a: Corviknight|86/100|[from] move: Wish|[wisher] Alomomola
|-heal|p1a: Gholdengo|100/100|[from] item: Leftovers
|upkeep
|turn|31
|
|t:|1760329311
|move|p1a: Gholdengo|Make It Rain|p2a: Corviknight
|-resisted|p2a: Corviknight
|-damage|p2a: Corviknight|6/100
|-unboost|p1a: Gholdengo|spa|1
|move|p2a: Corviknight|Roost|p2a: Corviknight
|-heal|p2a: Corviknight|56/100
|-singleturn|p2a: Corviknight|move: Roost
|
|upkeep
|turn|32
|
|t:|1760329315
|switch|p2a: Alomomola|Alomomola, F|100/100
|move|p1a: Gholdengo|Make It Rain|p2a: Alomomola
|-resisted|p2a: Alomomola
|-damage|p2a: Alomomola|18/100
|-unboost|p1a: Gholdengo|spa|1
|
|upkeep
|turn|33
|
|t:|1760329324
|switch|p2a: Dondozo|Dondozo, F|100/100
|move|p1a: Gholdengo|Dazzling Gleam|p2a: Dondozo
|-damage|p2a: Dondozo|65/100
|
|-heal|p2a: Dondozo|71/100|[from] item: Leftovers
|upkeep
|turn|34
|
|t:|1760329332
|move|p1a: Gholdengo|Dazzling Gleam|p2a: Dondozo
|-damage|p2a: Dondozo|39/100
|move|p2a: Dondozo|Waterfall|p1a: Gholdengo
|-damage|p1a: Gholdengo|82/100
|
|-heal|p1a: Gholdengo|88/100|[from] item: Leftovers
|-heal|p2a: Dondozo|45/100|[from] item: Leftovers
|upkeep
|turn|35
|
|t:|1760329335
|move|p1a: Gholdengo|Dazzling Gleam|p2a: Dondozo
|-damage|p2a: Dondozo|9/100
|move|p2a: Dondozo|Rest|p2a: Dondozo
|-status|p2a: Dondozo|slp|[from] move: Rest
|-heal|p2a: Dondozo|100/100 slp|[silent]
|
|-heal|p1a: Gholdengo|94/100|[from] item: Leftovers
|upkeep
|turn|36
|
|t:|1760329345
|move|p1a: Gholdengo|Dazzling Gleam|p2a: Dondozo
|-damage|p2a: Dondozo|65/100 slp
|cant|p2a: Dondozo|slp
|
|-heal|p1a: Gholdengo|100/100|[from] item: Leftovers
|-heal|p2a: Dondozo|71/100 slp|[from] item: Leftovers
|upkeep
|turn|37
|
|t:|1760329349
|switch|p1a: Primarina|Primarina, M|100/100
|cant|p2a: Dondozo|slp
|
|-heal|p2a: Dondozo|77/100 slp|[from] item: Leftovers
|upkeep
|turn|38
|
|t:|1760329354
|switch|p2a: Corviknight|Corviknight, F|56/100
|-ability|p2a: Corviknight|Pressure
|move|p1a: Primarina|Psychic Noise|p2a: Corviknight
|-resisted|p2a: Corviknight
|-damage|p2a: Corviknight|44/100
|-start|p2a: Corviknight|move: Heal Block
|
|upkeep
|turn|39
|
|t:|1760329362
|move|p1a: Primarina|Surf|p2a: Corviknight
|-damage|p2a: Corviknight|0 fnt
|faint|p2a: Corviknight
|
|upkeep
|
|t:|1760329365
|switch|p2a: Dragapult|Dragapult, M|84/100
|turn|40
|
|t:|1760329367
|move|p2a: Dragapult|U-turn|p1a: Primarina
|-resisted|p1a: Primarina
|-damage|p1a: Primarina|82/100
|
|t:|1760329369
|switch|p2a: Alomomola|Alomomola, F|51/100|[from] U-turn
|move|p1a: Primarina|Moonblast|p2a: Alomomola
|-damage|p2a: Alomomola|5/100
|
|upkeep
|turn|41
|
|t:|1760329376
|switch|p2a: Great Tusk|Great Tusk|36/100
|move|p1a: Primarina|Moonblast|p2a: Great Tusk
|-supereffective|p2a: Great Tusk
|-damage|p2a: Great Tusk|0 fnt
|faint|p2a: Great Tusk
|-end|p2a: Great Tusk|Protosynthesis|[silent]
|
|upkeep
|
|t:|1760329380
|switch|p2a: Dragapult|Dragapult, M|84/100
|turn|42
|
|t:|1760329382
|-terastallize|p2a: Dragapult|Ghost
|move|p2a: Dragapult|Tera Blast|p1a: Primarina|[anim] Tera Blast Ghost
|-damage|p1a: Primarina|3/100
|move|p1a: Primarina|Moonblast|p2a: Dragapult
|-damage|p2a: Dragapult|8/100
|
|upkeep
|turn|43
|
|t:|1760329392
|switch|p1a: Great Tusk|Great Tusk|5/100
|move|p2a: Dragapult|Tera Blast|p1a: Great Tusk|[anim] Tera Blast Ghost
|-damage|p1a: Great Tusk|0 fnt
|faint|p1a: Great Tusk
|-end|p1a: Great Tusk|Protosynthesis|[silent]
|
|upkeep
|
|t:|1760329395
|switch|p1a: Meowscarada|Meowscarada, M, shiny|100/100
|turn|44
|
|t:|1760329399
|move|p2a: Dragapult|Tera Blast|p1a: Meowscarada|[anim] Tera Blast Ghost
|-resisted|p1a: Meowscarada
|-damage|p1a: Meowscarada|51/100
|move|p1a: Meowscarada|Flower Trick|p2a: Dragapult
|-start|p1a: Meowscarada|typechange|Grass|[from] ability: Protean
|-crit|p2a: Dragapult
|-damage|p2a: Dragapult|0 fnt
|faint|p2a: Dragapult
|
|upkeep
|-message|CAZSYZ forfeited.
|
|win|Indigo Disk CJ
|raw|Indigo Disk CJ's rating: 1510 &rarr; <strong>1527</strong><br />(+17 for winning)
|raw|CAZSYZ's rating: 1462 &rarr; <strong>1445</strong><br />(-17 for losing)
|l|☆CAZSYZ
|player|p2|
|l|☆Indigo Disk CJ
|player|p1|
