|j|☆Pokemon za420
|j|☆RiaSingh2121
|t:|1760346811
|gametype|singles
|player|p1|Pokemon za420|youngster-gen4dp|1127
|player|p2|RiaSingh2121|2|1106
|gen|9
|tier|[Gen 9] OU
|rated|
|rule|HP Percentage Mod: HP is shown in percentages
|rule|Endless Battle Clause: Forcing endless battles is banned
|rule|Species Clause: Limit one of each Pokémon
|rule|OHKO Clause: OHKO moves are banned
|rule|Evasion Items Clause: Evasion items are banned
|rule|Evasion Moves Clause: Evasion moves are banned
|rule|Evasion Abilities Clause: Evasion abilities are banned
|rule|Sleep Moves Clause: Sleep-inducing moves are banned
|clearpoke
|poke|p1|Landorus-Therian, M|
|poke|p1|Great Tusk|
|poke|p1|Dragonite, F|
|poke|p1|Kingambit, M|
|poke|p1|Iron Valiant|
|poke|p1|Ogerpon-Wellspring, F|
|poke|p2|Hatterene, F|
|poke|p2|Torkoal, M|
|poke|p2|Corviknight, M|
|poke|p2|Hattrem, F|
|poke|p2|Iron Hands|
|poke|p2|Ursaluna, F|
|teampreview
|inactive|Battle timer is ON: inactive players will automatically lose when time's up. (requested by Pokemon za420)
|
|t:|1760346817
|teamsize|p1|6
|teamsize|p2|6
|start
|switch|p1a: Landorus|Landorus-Therian, M|100/100
|switch|p2a: Hattrem|Hattrem, F|100/100
|-ability|p1a: Landorus|Intimidate|boost
|-unboost|p2a: Hattrem|atk|1
|turn|1
|
|t:|1760346824
|move|p1a: Landorus|Earthquake|p2a: Hattrem
|-crit|p2a: Hattrem
|-enditem|p2a: Hattrem|Focus Sash
|-damage|p2a: Hattrem|1/100
|move|p2a: Hattrem|Trick Room|p2a: Hattrem
|-fieldstart|move: Trick Room|[of] p2a: Hattrem
|
|upkeep
|turn|2
|
|t:|1760346831
|switch|p1a: Kingambit|Kingambit, M|100/100
|move|p2a: Hattrem|Healing Wish|p2a: Hattrem
|faint|p2a: Hattrem
|
|upkeep
|
|t:|1760346838
|switch|p2a: Torkoal|Torkoal, M|100/100
|-weather|SunnyDay|[from] ability: Drought|[of] p2a: Torkoal
|turn|3
|
|t:|1760346851
|-terastallize|p1a: Kingambit|Fairy
|move|p1a: Kingambit|Sucker Punch|p2a: Torkoal
|-damage|p2a: Torkoal|70/100
|move|p2a: Torkoal|Eruption|p1a: Kingambit
|-damage|p1a: Kingambit|18/100
|
|-weather|SunnyDay|[upkeep]
|-heal|p1a: Kingambit|24/100|[from] item: Leftovers
|upkeep
|turn|4
|
|t:|1760346861
|move|p1a: Kingambit|Sucker Punch|p2a: Torkoal
|-damage|p2a: Torkoal|39/100
|move|p2a: Torkoal|Lava Plume|p1a: Kingambit
|-damage|p1a: Kingambit|0 fnt
|faint|p1a: Kingambit
|-end|p1a: Kingambit|fallenundefined|[silent]
|
|-weather|SunnyDay|[upkeep]
|upkeep
|
|t:|1760346871
|switch|p1a: Dragonite|Dragonite, F|100/100
|turn|5
|
|t:|1760346875
|move|p2a: Torkoal|Lava Plume|p1a: Dragonite
|-resisted|p1a: Dragonite
|-damage|p1a: Dragonite|88/100
|move|p1a: Dragonite|Dragon Dance|p1a: Dragonite
|-boost|p1a: Dragonite|atk|1
|-boost|p1a: Dragonite|spe|1
|
|-weather|SunnyDay|[upkeep]
|-fieldend|move: Trick Room
|upkeep
|turn|6
|
|t:|1760346884
|switch|p2a: Corviknight|Corviknight, M|100/100
|move|p1a: Dragonite|Earthquake|p2a: Corviknight
|-immune|p2a: Corviknight
|
|-weather|SunnyDay|[upkeep]
|upkeep
|turn|7
|
|t:|1760346891
|move|p1a: Dragonite|Fire Punch|p2a: Corviknight
|-supereffective|p2a: Corviknight
|-damage|p2a: Corviknight|27/100
|-status|p2a: Corviknight|brn
|-damage|p1a: Dragonite|72/100|[from] item: Rocky Helmet|[of] p2a: Corviknight
|move|p2a: Corviknight|U-turn|p1a: Dragonite
|-resisted|p1a: Dragonite
|-damage|p1a: Dragonite|68/100
|
|t:|1760346900
|switch|p2a: Torkoal|Torkoal, M|39/100|[from] U-turn
|-heal|p2a: Torkoal|100/100|[from] move: Healing Wish
|
|-weather|none
|upkeep
|turn|8
|
|t:|1760346907
|switch|p2a: Corviknight|Corviknight, M|27/100 brn
|move|p1a: Dragonite|Earthquake|p2a: Corviknight
|-immune|p2a: Corviknight
|
|-damage|p2a: Corviknight|21/100 brn|[from] brn
|upkeep
|turn|9
|
|t:|1760346913
|move|p1a: Dragonite|Dragon Dance|p1a: Dragonite
|-boost|p1a: Dragonite|atk|1
|-boost|p1a: Dragonite|spe|1
|move|p2a: Corviknight|Roost|p2a: Corviknight
|-heal|p2a: Corviknight|71/100 brn
|-singleturn|p2a: Corviknight|move: Roost
|
|-damage|p2a: Corviknight|65/100 brn|[from] brn
|upkeep
|turn|10
|
|t:|1760346917
|move|p1a: Dragonite|Fire Punch|p2a: Corviknight
|-supereffective|p2a: Corviknight
|-damage|p2a: Corviknight|0 fnt
|-damage|p1a: Dragonite|52/100|[from] item: Rocky Helmet|[of] p2a: Corviknight
|faint|p2a: Corviknight
|
|upkeep
|
|t:|1760346923
|switch|p2a: Iron Hands|Iron Hands|100/100
|turn|11
|
|t:|1760346927
|-terastallize|p2a: Iron Hands|Bug
|move|p1a: Dragonite|Earthquake|p2a: Iron Hands
|-resisted|p2a: Iron Hands
|-damage|p2a: Iron Hands|81/100
|move|p2a: Iron Hands|Ice Punch|p1a: Dragonite
|-supereffective|p1a: Dragonite
|-damage|p1a: Dragonite|0 fnt
|faint|p1a: Dragonite
|
|upkeep
|
|t:|1760346932
|switch|p1a: Landorus|Landorus-Therian, M|100/100
|-ability|p1a: Landorus|Intimidate|boost
|-unboost|p2a: Iron Hands|atk|1
|turn|12
|
|t:|1760346944
|move|p1a: Landorus|Stone Edge|p2a: Iron Hands
|-supereffective|p2a: Iron Hands
|-damage|p2a: Iron Hands|43/100
|move|p2a: Iron Hands|Ice Punch|p1a: Landorus
|-supereffective|p1a: Landorus
|-damage|p1a: Landorus|23/100
|
|upkeep
|turn|13
|
|t:|1760346952
|switch|p1a: Iron Valiant|Iron Valiant|100/100
|-enditem|p1a: Iron Valiant|Booster Energy
|-activate|p1a: Iron Valiant|ability: Quark Drive|[fromitem]
|-start|p1a: Iron Valiant|quarkdrivespe
|move|p2a: Iron Hands|Ice Punch|p1a: Iron Valiant
|-crit|p1a: Iron Valiant
|-damage|p1a: Iron Valiant|54/100
|
|upkeep
|turn|14
|
|t:|1760346965
|move|p1a: Iron Valiant|Moonblast|p2a: Iron Hands
|-damage|p2a: Iron Hands|17/100
|move|p2a: Iron Hands|Thunder Punch|p1a: Iron Valiant
|-damage|p1a: Iron Valiant|23/100
|
|upkeep
|turn|15
|
|t:|1760346972
|move|p1a: Iron Valiant|Moonblast|p2a: Iron Hands
|-damage|p2a: Iron Hands|0 fnt
|faint|p2a: Iron Hands
|-end|p2a: Iron Hands|Quark Drive|[silent]
|
|upkeep
|
|t:|1760346984
|switch|p2a: Torkoal|Torkoal, M|100/100
|-weather|SunnyDay|[from] ability: Drought|[of] p2a: Torkoal
|turn|16
|
|t:|1760346990
|move|p1a: Iron Valiant|Knock Off|p2a: Torkoal
|-damage|p2a: Torkoal|79/100
|-enditem|p2a: Torkoal|Heavy-Duty Boots|[from] move: Knock Off|[of] p1a: Iron Valiant
|move|p2a: Torkoal|Lava Plume|p1a: Iron Valiant
|-damage|p1a: Iron Valiant|0 fnt
|faint|p1a: Iron Valiant
|-end|p1a: Iron Valiant|Quark Drive|[silent]
|
|-weather|SunnyDay|[upkeep]
|upkeep
|
|t:|1760346998
|switch|p1a: Great Tusk|Great Tusk|100/100
|-activate|p1a: Great Tusk|ability: Protosynthesis
|-start|p1a: Great Tusk|protosynthesisatk
|turn|17
|
|t:|1760347007
|switch|p2a: Hatterene|Hatterene, F|100/100
|move|p1a: Great Tusk|Stealth Rock|p2a: Hatterene
|move|p2a: Hatterene|Stealth Rock|p1a: Great Tusk|[from] ability: Magic Bounce
|-sidestart|p1: Pokemon za420|move: Stealth Rock
|
|-weather|SunnyDay|[upkeep]
|upkeep
|turn|18
|
|t:|1760347010
|move|p1a: Great Tusk|Headlong Rush|p2a: Hatterene
|-damage|p2a: Hatterene|12/100
|-unboost|p1a: Great Tusk|def|1
|-unboost|p1a: Great Tusk|spd|1
|move|p2a: Hatterene|Trick Room|p2a: Hatterene
|-fieldstart|move: Trick Room|[of] p2a: Hatterene
|
|-weather|SunnyDay|[upkeep]
|upkeep
|turn|19
|
|t:|1760347021
|move|p2a: Hatterene|Healing Wish|p2a: Hatterene
|faint|p2a: Hatterene
|move|p1a: Great Tusk|Rapid Spin|p2: Hatterene|[notarget]
|-fail|p1a: Great Tusk
|
|-weather|SunnyDay|[upkeep]
|upkeep
|
|t:|1760347031
|switch|p2a: Torkoal|Torkoal, M|79/100
|-heal|p2a: Torkoal|100/100|[from] move: Healing Wish
|turn|20
|c|☆Pokemon za420|Just switch into headlong
|c|☆Pokemon za420|Don't sack tork
|c|☆Pokemon za420|Genius
|
|t:|1760347045
|move|p2a: Torkoal|Eruption|p1a: Great Tusk
|-damage|p1a: Great Tusk|0 fnt
|faint|p1a: Great Tusk
|-end|p1a: Great Tusk|Protosynthesis|[silent]
|
|-weather|none
|upkeep
|
|t:|1760347047
|switch|p1a: Landorus|Landorus-Therian, M|23/100
|-damage|p1a: Landorus|11/100|[from] Stealth Rock
|-ability|p1a: Landorus|Intimidate|boost
|-unboost|p2a: Torkoal|atk|1
|turn|21
|c|☆Pokemon za420|Sash gets broken
|c|☆Pokemon za420|No tr
|
|t:|1760347057
|move|p2a: Torkoal|Lava Plume|p1a: Landorus
|-damage|p1a: Landorus|0 fnt
|faint|p1a: Landorus
|
|upkeep
|c|☆Pokemon za420|What a play
|
|t:|1760347061
|switch|p1a: Ogerpon|Ogerpon-Wellspring, F|100/100
|-damage|p1a: Ogerpon|88/100|[from] Stealth Rock
|turn|22
|
|t:|1760347070
|move|p2a: Torkoal|Eruption|p1a: Ogerpon
|-damage|p1a: Ogerpon|14/100
|move|p1a: Ogerpon|Ivy Cudgel|p2a: Torkoal|[anim] Ivy Cudgel Water
|-supereffective|p2a: Torkoal
|-damage|p2a: Torkoal|18/100
|
|-fieldend|move: Trick Room
|upkeep
|turn|23
|
|t:|1760347074
|move|p1a: Ogerpon|Ivy Cudgel|p2a: Torkoal|[anim] Ivy Cudgel Water
|-supereffective|p2a: Torkoal
|-damage|p2a: Torkoal|0 fnt
|faint|p2a: Torkoal
|
|upkeep
|
|t:|1760347075
|switch|p2a: Ursaluna|Ursaluna, F|100/100
|turn|24
|
|t:|1760347080
|move|p1a: Ogerpon|Power Whip|p2a: Ursaluna|[miss]
|-miss|p1a: Ogerpon|p2a: Ursaluna
|move|p2a: Ursaluna|Earthquake|p1a: Ogerpon
|-resisted|p1a: Ogerpon
|-damage|p1a: Ogerpon|0 fnt
|faint|p1a: Ogerpon
|
|win|RiaSingh2121
|raw|Pokemon za420's rating: 1127 &rarr; <strong>1100</strong><br />(-27 for losing)
|raw|RiaSingh2121's rating: 1106 &rarr; <strong>1133</strong><br />(+27 for winning)
|l|☆Pokemon za420
|player|p1|
|l|☆RiaSingh2121
|player|p2|
