|j|☆Sanesa8724
|j|☆stariaki
|t:|1760455878
|gametype|singles
|player|p1|Sanesa8724|buck|1780
|player|p2|stariaki|266|1761
|gen|9
|tier|[Gen 9] OU
|rated|
|rule|HP Percentage Mod: HP is shown in percentages
|rule|Endless Battle Clause: Forcing endless battles is banned
|rule|Species Clause: Limit one of each Pokémon
|rule|OHKO Clause: OHKO moves are banned
|rule|Evasion Items Clause: Evasion items are banned
|rule|Evasion Moves Clause: Evasion moves are banned
|rule|Evasion Abilities Clause: Evasion abilities are banned
|rule|Sleep Moves Clause: Sleep-inducing moves are banned
|clearpoke
|poke|p1|Ting-Lu|
|poke|p1|Gholdengo|
|poke|p1|Slowking-Galar, M|
|poke|p1|Great Tusk|
|poke|p1|Dragonite, F|
|poke|p1|Meowscarada, M|
|poke|p2|Polteageist|
|poke|p2|Scizor, F|
|poke|p2|Dragonite, M|
|poke|p2|Great Tusk|
|poke|p2|Cinderace, F|
|poke|p2|Alomomola, M|
|teampreview
|c|☆Sanesa8724|AIZOhdgV IGUWEHGFGVUO
|c|☆Sanesa8724|CAN I STOP FACING YOU FOR FUCKS SAKE
|c|☆stariaki|Yo u changed your team hahaha
|c|☆stariaki|Im sorry man
|
|t:|1760455909
|teamsize|p1|6
|teamsize|p2|6
|start
|switch|p1a: Slowking|Slowking-Galar, M|100/100
|switch|p2a: Alomomola|Alomomola, M|100/100
|turn|1
|c|☆Sanesa8724|not like it's your fault tho
|
|t:|1760455914
|move|p2a: Alomomola|Flip Turn|p1a: Slowking
|-damage|p1a: Slowking|84/100
|
|t:|1760455916
|switch|p2a: Scizor|Scizor, F|100/100|[from] Flip Turn
|move|p1a: Slowking|Future Sight|p2a: Scizor
|-start|p1a: Slowking|move: Future Sight
|
|upkeep
|turn|2
|j| 54 Insane Rats
|
|t:|1760455920
|move|p2a: Scizor|U-turn|p1a: Slowking
|-damage|p1a: Slowking|28/100
|j| bigtestsofbig
|
|t:|1760455924
|switch|p2a: Alomomola|Alomomola, M|100/100|[from] U-turn
|-prepare|p1a: Slowking|Chilly Reception|[premajor]
|move|p1a: Slowking|Chilly Reception|p1a: Slowking
|-weather|Snowscape
|j| jenwnwkkwjwi
|
|t:|1760455943
|switch|p1a: Gholdengo|Gholdengo|100/100|[from] Chilly Reception
|-item|p1a: Gholdengo|Air Balloon
|
|-weather|Snowscape|[upkeep]
|upkeep
|turn|3
|
|t:|1760455950
|move|p1a: Gholdengo|Nasty Plot|p1a: Gholdengo
|-boost|p1a: Gholdengo|spa|2
|move|p2a: Alomomola|Flip Turn|p1a: Gholdengo
|-damage|p1a: Gholdengo|84/100
|-enditem|p1a: Gholdengo|Air Balloon
|
|t:|1760455955
|switch|p2a: Cinderace|Cinderace, F|100/100|[from] Flip Turn
|
|-weather|Snowscape|[upkeep]
|-end|p2a: Cinderace|move: Future Sight
|-damage|p2a: Cinderace|37/100
|upkeep
|turn|4
|
|t:|1760455965
|switch|p1a: Great Tusk|Great Tusk|100/100
|move|p2a: Cinderace|Pyro Ball|p1a: Great Tusk
|-damage|p1a: Great Tusk|59/100
|
|-weather|Snowscape|[upkeep]
|upkeep
|turn|5
|
|t:|1760455973
|switch|p2a: Alomomola|Alomomola, M|100/100
|move|p1a: Great Tusk|Stealth Rock|p2a: Alomomola
|-sidestart|p2: stariaki|move: Stealth Rock
|
|-weather|Snowscape|[upkeep]
|upkeep
|turn|6
|
|t:|1760455978
|-end|p1a: Great Tusk|Protosynthesis|[silent]
|switch|p1a: Slowking|Slowking-Galar, M|61/100
|move|p2a: Alomomola|Flip Turn|p1a: Slowking
|-damage|p1a: Slowking|43/100
|
|t:|1760455987
|switch|p2a: Cinderace|Cinderace, F|37/100|[from] Flip Turn
|
|-weather|none
|upkeep
|turn|7
|
|t:|1760456016
|switch|p1a: Dragonite|Dragonite, F|100/100
|move|p2a: Cinderace|Pyro Ball|p1a: Dragonite
|-resisted|p1a: Dragonite
|-damage|p1a: Dragonite|86/100
|
|upkeep
|turn|8
|
|t:|1760456025
|switch|p2a: Alomomola|Alomomola, M|100/100
|-damage|p2a: Alomomola|88/100|[from] Stealth Rock
|switch|p1a: Slowking|Slowking-Galar, M|76/100
|
|upkeep
|turn|9
|c|☆stariaki|I really thought u were going to terra the dengo
|
|t:|1760456041
|move|p2a: Alomomola|Flip Turn|p1a: Slowking
|-damage|p1a: Slowking|59/100
|
|t:|1760456042
|switch|p2a: Scizor|Scizor, F|100/100|[from] Flip Turn
|-damage|p2a: Scizor|88/100|[from] Stealth Rock
|move|p1a: Slowking|Future Sight|p2a: Scizor
|-start|p1a: Slowking|move: Future Sight
|
|upkeep
|turn|10
|
|t:|1760456085
|switch|p1a: Gholdengo|Gholdengo|84/100
|move|p2a: Scizor|Bullet Punch|p1a: Gholdengo
|-resisted|p1a: Gholdengo
|-damage|p1a: Gholdengo|60/100
|
|upkeep
|turn|11
|
|t:|1760456090
|switch|p2a: Great Tusk|Great Tusk|100/100
|-damage|p2a: Great Tusk|97/100|[from] Stealth Rock
|move|p1a: Gholdengo|Shadow Ball|p2a: Great Tusk
|-damage|p2a: Great Tusk|57/100
|
|-end|p2a: Great Tusk|move: Future Sight
|-supereffective|p2a: Great Tusk
|-damage|p2a: Great Tusk|0 fnt
|faint|p2a: Great Tusk
|-end|p2a: Great Tusk|Protosynthesis|[silent]
|upkeep
|c|☆stariaki|Oh im stupid
|
|t:|1760456102
|switch|p2a: Cinderace|Cinderace, F|37/100
|turn|12
|c|☆Sanesa8724|did you forget about fs?
|
|t:|1760456128
|switch|p1a: Dragonite|Dragonite, F|86/100
|move|p2a: Cinderace|Pyro Ball|p1a: Dragonite
|-resisted|p1a: Dragonite
|-damage|p1a: Dragonite|61/100
|
|upkeep
|turn|13
|c|☆stariaki|Yeah hahahaha
|
|t:|1760456133
|move|p1a: Dragonite|Extreme Speed|p2a: Cinderace
|-damage|p2a: Cinderace|0 fnt
|faint|p2a: Cinderace
|
|upkeep
|c|☆Sanesa8724|happens
|
|t:|1760456143
|switch|p2a: Scizor|Scizor, F|88/100
|-damage|p2a: Scizor|76/100|[from] Stealth Rock
|turn|14
|c|☆Sanesa8724|time for the toughest part of the match anyways
|l| 54 Insane Rats
|c|☆Sanesa8724|beat a dnite
|c|☆Sanesa8724|is it even possible
|c|☆Sanesa8724|who knows
|
|t:|1760456164
|-terastallize|p2a: Scizor|Steel
|move|p2a: Scizor|Bullet Punch|p1a: Dragonite
|-damage|p1a: Dragonite|0 fnt
|faint|p1a: Dragonite
|
|upkeep
|c|☆Sanesa8724|I didn't expect that lo
|c|☆stariaki|Hahahaha
|
|t:|1760456180
|switch|p1a: Gholdengo|Gholdengo|60/100
|turn|15
|
|t:|1760456186
|move|p2a: Scizor|Bullet Punch|p1a: Gholdengo
|-resisted|p1a: Gholdengo
|-damage|p1a: Gholdengo|25/100
|move|p1a: Gholdengo|Recover|p1a: Gholdengo
|-heal|p1a: Gholdengo|75/100
|
|upkeep
|turn|16
|
|t:|1760456203
|switch|p2a: Dragonite|Dragonite, M|100/100
|-damage|p2a: Dragonite|76/100|[from] Stealth Rock
|move|p1a: Gholdengo|Shadow Ball|p2a: Dragonite
|-damage|p2a: Dragonite|37/100
|
|-heal|p2a: Dragonite|44/100|[from] item: Leftovers
|upkeep
|turn|17
|
|t:|1760456209
|switch|p1a: Meowscarada|Meowscarada, M|100/100
|move|p2a: Dragonite|Roost|p2a: Dragonite
|-heal|p2a: Dragonite|94/100
|-singleturn|p2a: Dragonite|move: Roost
|
|-heal|p2a: Dragonite|99/100|[from] item: Leftovers
|upkeep
|turn|18
|
|t:|1760456226
|switch|p2a: Alomomola|Alomomola, M|100/100
|-damage|p2a: Alomomola|88/100|[from] Stealth Rock
|move|p1a: Meowscarada|Triple Axel|p2a: Alomomola
|-start|p1a: Meowscarada|typechange|Ice|[from] ability: Protean
|-resisted|p2a: Alomomola
|-damage|p2a: Alomomola|86/100
|-damage|p1a: Meowscarada|84/100|[from] item: Rocky Helmet|[of] p2a: Alomomola
|-resisted|p2a: Alomomola
|-damage|p2a: Alomomola|81/100
|-damage|p1a: Meowscarada|68/100|[from] item: Rocky Helmet|[of] p2a: Alomomola
|-resisted|p2a: Alomomola
|-damage|p2a: Alomomola|73/100
|-damage|p1a: Meowscarada|51/100|[from] item: Rocky Helmet|[of] p2a: Alomomola
|-hitcount|p2a: Alomomola|3
|
|upkeep
|turn|19
|
|t:|1760456240
|move|p1a: Meowscarada|Knock Off|p2a: Alomomola
|-damage|p2a: Alomomola|57/100
|-damage|p1a: Meowscarada|35/100|[from] item: Rocky Helmet|[of] p2a: Alomomola
|-enditem|p2a: Alomomola|Rocky Helmet|[from] move: Knock Off|[of] p1a: Meowscarada
|move|p2a: Alomomola|Wish|p2a: Alomomola
|
|upkeep
|turn|20
|
|t:|1760456245
|move|p1a: Meowscarada|U-turn|p2a: Alomomola
|-damage|p2a: Alomomola|47/100
|
|t:|1760456249
|switch|p1a: Ting-Lu|Ting-Lu|100/100|[from] U-turn
|-ability|p1a: Ting-Lu|Vessel of Ruin
|move|p2a: Alomomola|Flip Turn|p1a: Ting-Lu
|-supereffective|p1a: Ting-Lu
|-damage|p1a: Ting-Lu|84/100
|c|☆Sanesa8724|i mightve made a mistake
|
|t:|1760456264
|switch|p2a: Dragonite|Dragonite, M|99/100|[from] Flip Turn
|-damage|p2a: Dragonite|75/100|[from] Stealth Rock
|
|-heal|p2a: Dragonite|100/100|[from] move: Wish|[wisher] Alomomola
|-heal|p1a: Ting-Lu|90/100|[from] item: Leftovers
|upkeep
|turn|21
|
|t:|1760456277
|move|p2a: Dragonite|Ice Spinner|p1a: Ting-Lu
|-supereffective|p1a: Ting-Lu
|-damage|p1a: Ting-Lu|63/100
|move|p1a: Ting-Lu|Spikes|p2a: Dragonite
|-sidestart|p2: stariaki|Spikes
|
|-heal|p1a: Ting-Lu|69/100|[from] item: Leftovers
|upkeep
|turn|22
|
|t:|1760456288
|move|p2a: Dragonite|Dragon Dance|p2a: Dragonite
|-boost|p2a: Dragonite|atk|1
|-boost|p2a: Dragonite|spe|1
|move|p1a: Ting-Lu|Whirlwind|p2a: Dragonite
|drag|p2a: Alomomola|Alomomola, M|80/100
|-damage|p2a: Alomomola|68/100|[from] Stealth Rock
|-damage|p2a: Alomomola|55/100|[from] Spikes
|
|-heal|p1a: Ting-Lu|76/100|[from] item: Leftovers
|upkeep
|turn|23
|
|t:|1760456292
|move|p1a: Ting-Lu|Spikes|p2a: Alomomola
|-sidestart|p2: stariaki|Spikes
|move|p2a: Alomomola|Wish|p2a: Alomomola
|
|-heal|p1a: Ting-Lu|82/100|[from] item: Leftovers
|upkeep
|turn|24
|
|t:|1760456301
|move|p2a: Alomomola|Flip Turn|p1a: Ting-Lu
|-supereffective|p1a: Ting-Lu
|-damage|p1a: Ting-Lu|64/100
|
|t:|1760456313
|switch|p2a: Scizor|Scizor, F, tera:Steel|76/100|[from] Flip Turn
|-damage|p2a: Scizor|70/100|[from] Stealth Rock
|-damage|p2a: Scizor|53/100|[from] Spikes
|move|p1a: Ting-Lu|Whirlwind|p2a: Scizor
|drag|p2a: Polteageist|Polteageist|100/100
|-damage|p2a: Polteageist|88/100|[from] Stealth Rock
|-damage|p2a: Polteageist|72/100|[from] Spikes
|
|-heal|p2a: Polteageist|100/100|[from] move: Wish|[wisher] Alomomola
|-heal|p1a: Ting-Lu|70/100|[from] item: Leftovers
|upkeep
|turn|25
|
|t:|1760456317
|switch|p2a: Alomomola|Alomomola, M|89/100
|-damage|p2a: Alomomola|76/100|[from] Stealth Rock
|-damage|p2a: Alomomola|59/100|[from] Spikes
|move|p1a: Ting-Lu|Spikes|p2a: Alomomola
|-sidestart|p2: stariaki|Spikes
|
|-heal|p1a: Ting-Lu|77/100|[from] item: Leftovers
|upkeep
|turn|26
|
|t:|1760456320
|move|p2a: Alomomola|Wish|p2a: Alomomola
|move|p1a: Ting-Lu|Whirlwind|p2a: Alomomola
|drag|p2a: Scizor|Scizor, F, tera:Steel|53/100
|-damage|p2a: Scizor|47/100|[from] Stealth Rock
|-damage|p2a: Scizor|22/100|[from] Spikes
|
|-heal|p1a: Ting-Lu|83/100|[from] item: Leftovers
|upkeep
|turn|27
|c|☆Sanesa8724|ok, he's dead
|
|t:|1760456332
|move|p2a: Scizor|Close Combat|p1a: Ting-Lu
|-supereffective|p1a: Ting-Lu
|-damage|p1a: Ting-Lu|11/100
|-unboost|p2a: Scizor|def|1
|-unboost|p2a: Scizor|spd|1
|move|p1a: Ting-Lu|Earthquake|p2a: Scizor
|-supereffective|p2a: Scizor
|-damage|p2a: Scizor|0 fnt
|faint|p2a: Scizor
|
|-heal|p1a: Ting-Lu|17/100|[from] item: Leftovers
|upkeep
|
|t:|1760456342
|switch|p2a: Dragonite|Dragonite, M|100/100
|-damage|p2a: Dragonite|76/100|[from] Stealth Rock
|turn|28
|c|☆Sanesa8724|fuck, I'm p sure i lose
|
|t:|1760456350
|move|p2a: Dragonite|Ice Spinner|p1a: Ting-Lu
|-supereffective|p1a: Ting-Lu
|-crit|p1a: Ting-Lu
|-damage|p1a: Ting-Lu|0 fnt
|faint|p1a: Ting-Lu
|
|-heal|p2a: Dragonite|82/100|[from] item: Leftovers
|upkeep
|
|t:|1760456352
|switch|p1a: Meowscarada|Meowscarada, M|35/100
|turn|29
|c|☆Sanesa8724|I'll miss
|
|t:|1760456370
|move|p1a: Meowscarada|Triple Axel|p2a: Dragonite
|-start|p1a: Meowscarada|typechange|Ice|[from] ability: Protean
|-supereffective|p2a: Dragonite
|-damage|p2a: Dragonite|50/100
|-supereffective|p2a: Dragonite
|-damage|p2a: Dragonite|0 fnt
|faint|p2a: Dragonite
|-hitcount|p2: Dragonite|2
|
|upkeep
|c|☆Sanesa8724|I DIDNT MISS
|c|☆Sanesa8724|OMG
|
|t:|1760456376
|switch|p2a: Alomomola|Alomomola, M|93/100
|-damage|p2a: Alomomola|80/100|[from] Stealth Rock
|-damage|p2a: Alomomola|56/100|[from] Spikes
|turn|30
|
|t:|1760456384
|switch|p1a: Gholdengo|Gholdengo|75/100
|move|p2a: Alomomola|Wish|p2a: Alomomola
|
|upkeep
|turn|31
|
|t:|1760456404
|move|p1a: Gholdengo|Shadow Ball|p2a: Alomomola
|-crit|p2a: Alomomola
|-damage|p2a: Alomomola|0 fnt
|faint|p2a: Alomomola
|
|upkeep
|c|☆Sanesa8724|did that matter?
|c|☆stariaki|Ah crit was tuff
|c|☆stariaki|Im some spdef
|c|☆Sanesa8724|were you spd invested?
|c|☆Sanesa8724|maybe mattereed
|c|☆Sanesa8724|even if
|l|☆stariaki
|player|p2|
|j|☆stariaki
|player|p2|stariaki|266|
|c|☆Sanesa8724|tera glowking always lives
|c|☆Sanesa8724|so I win
|c|☆stariaki|Ah yes
|c|☆stariaki|Well gg
|c|☆Sanesa8724|gg
|-message|stariaki forfeited.
|
|win|Sanesa8724
|raw|Sanesa8724's rating: 1780 &rarr; <strong>1799</strong><br />(+19 for winning)
|raw|stariaki's rating: 1761 &rarr; <strong>1742</strong><br />(-19 for losing)
|l|☆stariaki
|player|p2|
