|j|☆mo007001
|j|☆thanh28
|t:|1760433738
|gametype|singles
|player|p1|mo007001|burglar|1196
|player|p2|thanh28|1|1258
|gen|9
|tier|[Gen 9] OU
|rated|
|rule|HP Percentage Mod: HP is shown in percentages
|rule|Endless Battle Clause: Forcing endless battles is banned
|rule|Species Clause: Limit one of each Pokémon
|rule|OHKO Clause: OHKO moves are banned
|rule|Evasion Items Clause: Evasion items are banned
|rule|Evasion Moves Clause: Evasion moves are banned
|rule|Evasion Abilities Clause: Evasion abilities are banned
|rule|Sleep Moves Clause: Sleep-inducing moves are banned
|clearpoke
|poke|p1|Ursaluna, F|
|poke|p1|Gumshoos, M|
|poke|p1|Lokix, M|
|poke|p1|Kingambit, F|
|poke|p1|Slowking-Galar, F|
|poke|p1|Skeledirge, M|
|poke|p2|Meowscarada, M|
|poke|p2|Corviknight, F|
|poke|p2|Clefable, M|
|poke|p2|Walking Wake|
|poke|p2|Scizor, F|
|poke|p2|Gholdengo|
|teampreview
|
|t:|1760433747
|teamsize|p1|6
|teamsize|p2|6
|start
|switch|p1a: Gumshoos|Gumshoos, M|100/100
|switch|p2a: Scizor|Scizor, F|100/100
|turn|1
|
|t:|1760433758
|move|p2a: Scizor|Close Combat|p1a: Gumshoos
|-supereffective|p1a: Gumshoos
|-damage|p1a: Gumshoos|0 fnt
|-unboost|p2a: Scizor|def|1
|-unboost|p2a: Scizor|spd|1
|faint|p1a: Gumshoos
|
|upkeep
|
|t:|1760433767
|switch|p1a: Slowking|Slowking-Galar, F|100/100
|turn|2
|
|t:|1760433773
|switch|p2a: Gholdengo|Gholdengo|100/100
|move|p1a: Slowking|Flamethrower|p2a: Gholdengo
|-supereffective|p2a: Gholdengo
|-damage|p2a: Gholdengo|46/100
|
|upkeep
|turn|3
|
|t:|1760433782
|switch|p1a: Ursaluna|Ursaluna, F|100/100
|move|p2a: Gholdengo|Shadow Ball|p1a: Ursaluna
|-immune|p1a: Ursaluna
|
|-status|p1a: Ursaluna|brn|[from] item: Flame Orb
|upkeep
|turn|4
|inactive|Battle timer is ON: inactive players will automatically lose when time's up. (requested by thanh28)
|
|t:|1760433798
|switch|p2a: Corviknight|Corviknight, F|100/100
|switch|p1a: Slowking|Slowking-Galar, F|100/100
|
|upkeep
|turn|5
|
|t:|1760433807
|switch|p2a: Walking Wake|Walking Wake|100/100
|move|p1a: Slowking|Trick Room|p1a: Slowking
|-fieldstart|move: Trick Room|[of] p1a: Slowking
|
|upkeep
|turn|6
|
|t:|1760433812
|move|p1a: Slowking|Future Sight|p2a: Walking Wake
|-start|p1a: Slowking|move: Future Sight
|move|p2a: Walking Wake|Draco Meteor|p1a: Slowking
|-damage|p1a: Slowking|29/100
|-unboost|p2a: Walking Wake|spa|2
|
|upkeep
|turn|7
|
|t:|1760433820
|switch|p1a: Lokix|Lokix, M|100/100
|move|p2a: Walking Wake|Draco Meteor|p1a: Lokix
|-damage|p1a: Lokix|18/100
|-unboost|p2a: Walking Wake|spa|2
|
|upkeep
|turn|8
|
|t:|1760433828
|-end|p2a: Walking Wake|Protosynthesis|[silent]
|switch|p2a: Scizor|Scizor, F|100/100
|move|p1a: Lokix|First Impression|p2a: Scizor
|-resisted|p2a: Scizor
|-damage|p2a: Scizor|27/100
|
|-end|p2a: Scizor|move: Future Sight
|-resisted|p2a: Scizor
|-damage|p2a: Scizor|0 fnt
|faint|p2a: Scizor
|upkeep
|
|t:|1760433843
|switch|p2a: Clefable|Clefable, M|100/100
|turn|9
|
|t:|1760433852
|switch|p1a: Slowking|Slowking-Galar, F|62/100
|move|p2a: Clefable|Calm Mind|p2a: Clefable
|-boost|p2a: Clefable|spa|1
|-boost|p2a: Clefable|spd|1
|
|-fieldend|move: Trick Room
|upkeep
|turn|10
|
|t:|1760433864
|switch|p1a: Skeledirge|Skeledirge, M, shiny|100/100
|move|p2a: Clefable|Calm Mind|p2a: Clefable
|-boost|p2a: Clefable|spa|1
|-boost|p2a: Clefable|spd|1
|
|upkeep
|turn|11
|
|t:|1760433873
|move|p1a: Skeledirge|Will-O-Wisp|p2a: Clefable
|-status|p2a: Clefable|brn
|move|p2a: Clefable|Moonblast|p1a: Skeledirge
|-resisted|p1a: Skeledirge
|-damage|p1a: Skeledirge|87/100
|
|-damage|p2a: Clefable|94/100 brn|[from] brn
|upkeep
|turn|12
|
|t:|1760433885
|switch|p2a: Gholdengo|Gholdengo|46/100
|move|p1a: Skeledirge|Torch Song|p2a: Gholdengo
|-supereffective|p2a: Gholdengo
|-damage|p2a: Gholdengo|0 fnt
|-boost|p1a: Skeledirge|spa|1
|faint|p2a: Gholdengo
|
|upkeep
|
|t:|1760433892
|switch|p2a: Meowscarada|Meowscarada, M|100/100
|turn|13
|
|t:|1760433907
|switch|p1a: Slowking|Slowking-Galar, F|95/100
|move|p2a: Meowscarada|Knock Off|p1a: Slowking
|-start|p2a: Meowscarada|typechange|Dark|[from] ability: Protean
|-supereffective|p1a: Slowking
|-damage|p1a: Slowking|0 fnt
|-enditem|p1a: Slowking|Terrain Extender|[from] move: Knock Off|[of] p2a: Meowscarada
|faint|p1a: Slowking
|
|upkeep
|
|t:|1760433918
|switch|p1a: Lokix|Lokix, M|18/100
|turn|14
|
|t:|1760433922
|switch|p2a: Corviknight|Corviknight, F|100/100
|move|p1a: Lokix|First Impression|p2a: Corviknight
|-resisted|p2a: Corviknight
|-damage|p2a: Corviknight|77/100
|-damage|p1a: Lokix|1/100|[from] item: Rocky Helmet|[of] p2a: Corviknight
|
|upkeep
|turn|15
|
|t:|1760433933
|switch|p1a: Skeledirge|Skeledirge, M, shiny|87/100
|move|p2a: Corviknight|Iron Defense|p2a: Corviknight
|-boost|p2a: Corviknight|def|2
|
|upkeep
|turn|16
|
|t:|1760433939
|move|p2a: Corviknight|Brave Bird|p1a: Skeledirge
|-damage|p1a: Skeledirge|64/100
|-damage|p2a: Corviknight|67/100|[from] Recoil
|move|p1a: Skeledirge|Torch Song|p2a: Corviknight
|-supereffective|p2a: Corviknight
|-damage|p2a: Corviknight|15/100
|-boost|p1a: Skeledirge|spa|1
|
|upkeep
|turn|17
|
|t:|1760433950
|switch|p2a: Walking Wake|Walking Wake|100/100
|move|p1a: Skeledirge|Torch Song|p2a: Walking Wake
|-resisted|p2a: Walking Wake
|-damage|p2a: Walking Wake|88/100
|-boost|p1a: Skeledirge|spa|1
|
|upkeep
|turn|18
|
|t:|1760433960
|switch|p1a: Lokix|Lokix, M|1/100
|move|p2a: Walking Wake|Hydro Steam|p1a: Lokix
|-damage|p1a: Lokix|0 fnt
|faint|p1a: Lokix
|
|upkeep
|
|t:|1760433969
|switch|p1a: Kingambit|Kingambit, F|100/100
|-activate|p1a: Kingambit|ability: Supreme Overlord
|-start|p1a: Kingambit|fallen3|[silent]
|-item|p1a: Kingambit|Air Balloon
|turn|19
|
|t:|1760433977
|move|p2a: Walking Wake|Hydro Steam|p1a: Kingambit
|-damage|p1a: Kingambit|40/100
|-enditem|p1a: Kingambit|Air Balloon
|move|p1a: Kingambit|Swords Dance|p1a: Kingambit
|-boost|p1a: Kingambit|atk|2
|
|upkeep
|turn|20
|
|t:|1760433989
|-end|p2a: Walking Wake|Protosynthesis|[silent]
|switch|p2a: Clefable|Clefable, M|94/100 brn
|move|p1a: Kingambit|Sucker Punch||[still]
|-fail|p1a: Kingambit
|
|-heal|p2a: Clefable|100/100 brn|[from] item: Leftovers
|-damage|p2a: Clefable|94/100 brn|[from] brn
|upkeep
|turn|21
|
|t:|1760433998
|move|p2a: Clefable|Moonblast|p1a: Kingambit
|-damage|p1a: Kingambit|8/100
|move|p1a: Kingambit|Iron Head|p2a: Clefable
|-supereffective|p2a: Clefable
|-damage|p2a: Clefable|7/100 brn
|
|-heal|p2a: Clefable|13/100 brn|[from] item: Leftovers
|-damage|p2a: Clefable|7/100 brn|[from] brn
|upkeep
|turn|22
|
|t:|1760434012
|switch|p2a: Corviknight|Corviknight, F|15/100
|move|p1a: Kingambit|Sucker Punch||[still]
|-fail|p1a: Kingambit
|
|upkeep
|turn|23
|
|t:|1760434018
|move|p2a: Corviknight|Brave Bird|p1a: Kingambit
|-resisted|p1a: Kingambit
|-damage|p1a: Kingambit|0 fnt
|faint|p1a: Kingambit
|-end|p1a: Kingambit|fallen3|[silent]
|-damage|p2a: Corviknight|12/100|[from] Recoil
|
|upkeep
|
|t:|1760434026
|switch|p1a: Skeledirge|Skeledirge, M, shiny|64/100
|turn|24
|
|t:|1760434029
|move|p2a: Corviknight|Brave Bird|p1a: Skeledirge
|-damage|p1a: Skeledirge|41/100
|-damage|p2a: Corviknight|3/100|[from] Recoil
|move|p1a: Skeledirge|Slack Off|p1a: Skeledirge
|-heal|p1a: Skeledirge|91/100
|
|upkeep
|turn|25
|
|t:|1760434037
|move|p2a: Corviknight|Brave Bird|p1a: Skeledirge
|-damage|p1a: Skeledirge|65/100
|-damage|p2a: Corviknight|0 fnt|[from] Recoil
|faint|p2a: Corviknight
|move|p1a: Skeledirge|Torch Song|p2: Corviknight|[notarget]
|-fail|p1a: Skeledirge
|
|upkeep
|
|t:|1760434050
|switch|p2a: Walking Wake|Walking Wake|88/100
|turn|26
|
|t:|1760434054
|-terastallize|p1a: Skeledirge|Water
|move|p2a: Walking Wake|Hydro Steam|p1a: Skeledirge
|-resisted|p1a: Skeledirge
|-damage|p1a: Skeledirge|38/100
|move|p1a: Skeledirge|Slack Off|p1a: Skeledirge
|-heal|p1a: Skeledirge|88/100
|
|upkeep
|turn|27
|
|t:|1760434063
|-end|p2a: Walking Wake|Protosynthesis|[silent]
|switch|p2a: Clefable|Clefable, M|7/100 brn
|move|p1a: Skeledirge|Shadow Ball|p2a: Clefable
|-damage|p2a: Clefable|0 fnt
|faint|p2a: Clefable
|
|upkeep
|
|t:|1760434068
|switch|p2a: Meowscarada|Meowscarada, M|100/100
|turn|28
|
|t:|1760434089
|switch|p1a: Ursaluna|Ursaluna, F|100/100 brn
|move|p2a: Meowscarada|Flower Trick|p1a: Ursaluna
|-start|p2a: Meowscarada|typechange|Grass|[from] ability: Protean
|-supereffective|p1a: Ursaluna
|-crit|p1a: Ursaluna
|-damage|p1a: Ursaluna|0 fnt
|faint|p1a: Ursaluna
|
|upkeep
|-message|mo007001 forfeited.
|
|win|thanh28
|raw|mo007001's rating: 1196 &rarr; <strong>1175</strong><br />(-21 for losing)
|raw|thanh28's rating: 1258 &rarr; <strong>1279</strong><br />(+21 for winning)
|l|☆mo007001
|player|p1|
|l|☆thanh28
|player|p2|
