|j|☆OffrateAndy
|j|☆Demonfromthemist
|t:|1760345097
|gametype|singles
|player|p1|OffrateAndy|2|1451
|player|p2|Demonfromthemist|102|1494
|gen|9
|tier|[Gen 9] OU
|rated|
|rule|HP Percentage Mod: HP is shown in percentages
|rule|Endless Battle Clause: Forcing endless battles is banned
|rule|Species Clause: Limit one of each Pokémon
|rule|OHKO Clause: OHKO moves are banned
|rule|Evasion Items Clause: Evasion items are banned
|rule|Evasion Moves Clause: Evasion moves are banned
|rule|Evasion Abilities Clause: Evasion abilities are banned
|rule|Sleep Moves Clause: Sleep-inducing moves are banned
|clearpoke
|poke|p1|Primarina, M|
|poke|p1|Iron Treads|
|poke|p1|Lokix, M|
|poke|p1|Kingdra, F|
|poke|p1|Pelipper, M|
|poke|p1|Toxicroak, F|
|poke|p2|Thundurus-Therian, M|
|poke|p2|Slowking-Galar, F|
|poke|p2|Dragapult, F|
|poke|p2|Kingambit, F|
|poke|p2|Gliscor, F|
|poke|p2|Skarmory, F|
|teampreview
|
|t:|1760345122
|teamsize|p1|6
|teamsize|p2|6
|start
|switch|p1a: Primarina|Primarina, M|100/100
|switch|p2a: Thundurus|Thundurus-Therian, M|100/100
|turn|1
|
|t:|1760345126
|switch|p2a: Gliscor|Gliscor, F|100/100
|switch|p1a: Tridoron|Iron Treads|100/100
|
|-status|p2a: Gliscor|tox|[from] item: Toxic Orb
|upkeep
|turn|2
|
|t:|1760345130
|move|p1a: Tridoron|Stealth Rock|p2a: Gliscor
|-sidestart|p2: Demonfromthemist|move: Stealth Rock
|move|p2a: Gliscor|Knock Off|p1a: Tridoron
|-damage|p1a: Tridoron|81/100
|-enditem|p1a: Tridoron|Heavy-Duty Boots|[from] move: Knock Off|[of] p2a: Gliscor
|
|upkeep
|turn|3
|
|t:|1760345133
|move|p1a: Tridoron|Ice Spinner|p2a: Gliscor
|-supereffective|p2a: Gliscor
|-damage|p2a: Gliscor|38/100 tox
|move|p2a: Gliscor|Spikes|p1a: Tridoron
|-sidestart|p1: OffrateAndy|Spikes
|
|-heal|p2a: Gliscor|51/100 tox|[from] ability: Poison Heal
|upkeep
|turn|4
|
|t:|1760345139
|move|p2a: Gliscor|Protect|p2a: Gliscor
|-singleturn|p2a: Gliscor|Protect
|move|p1a: Tridoron|Rapid Spin|p2a: Gliscor
|-activate|p2a: Gliscor|move: Protect
|
|-heal|p2a: Gliscor|63/100 tox|[from] ability: Poison Heal
|upkeep
|turn|5
|
|t:|1760345144
|switch|p2a: Skarmory|Skarmory, F|100/100
|-damage|p2a: Skarmory|88/100|[from] Stealth Rock
|move|p1a: Tridoron|Ice Spinner|p2a: Skarmory
|-damage|p2a: Skarmory|72/100
|-damage|p1a: Tridoron|65/100|[from] item: Rocky Helmet|[of] p2a: Skarmory
|
|upkeep
|turn|6
|
|t:|1760345150
|move|p1a: Tridoron|Rapid Spin|p2a: Skarmory
|-resisted|p2a: Skarmory
|-damage|p2a: Skarmory|67/100
|-boost|p1a: Tridoron|spe|1
|-damage|p1a: Tridoron|48/100|[from] item: Rocky Helmet|[of] p2a: Skarmory
|-sideend|p1: OffrateAndy|Spikes|[from] move: Rapid Spin|[of] p1a: Tridoron
|move|p2a: Skarmory|Body Press|p1a: Tridoron
|-supereffective|p1a: Tridoron
|-damage|p1a: Tridoron|0 fnt
|faint|p1a: Tridoron
|-end|p1a: Tridoron|Quark Drive|[silent]
|
|upkeep
|
|t:|1760345152
|switch|p1a: Primarina|Primarina, M|100/100
|turn|7
|
|t:|1760345155
|switch|p2a: Slowking|Slowking-Galar, F|100/100
|move|p1a: Primarina|Substitute|p1a: Primarina
|-start|p1a: Primarina|Substitute
|-damage|p1a: Primarina|76/100
|
|-heal|p1a: Primarina|82/100|[from] item: Leftovers
|upkeep
|turn|8
|
|t:|1760345158
|move|p1a: Primarina|Psychic Noise|p2a: Slowking
|-damage|p2a: Slowking|75/100
|-start|p2a: Slowking|move: Heal Block
|move|p2a: Slowking|Sludge Bomb|p1a: Primarina
|-supereffective|p1a: Primarina
|-end|p1a: Primarina|Substitute
|
|-heal|p1a: Primarina|88/100|[from] item: Leftovers
|upkeep
|turn|9
|
|t:|1760345170
|-terastallize|p1a: Primarina|Ghost
|move|p1a: Primarina|Substitute|p1a: Primarina
|-start|p1a: Primarina|Substitute
|-damage|p1a: Primarina|63/100
|-prepare|p2a: Slowking|Chilly Reception|[premajor]
|move|p2a: Slowking|Chilly Reception|p2a: Slowking
|-weather|Snowscape
|
|t:|1760345173
|switch|p2a: Thundurus|Thundurus-Therian, M|100/100|[from] Chilly Reception
|
|-weather|Snowscape|[upkeep]
|-heal|p1a: Primarina|69/100|[from] item: Leftovers
|upkeep
|turn|10
|
|t:|1760345179
|move|p2a: Thundurus|Thunderbolt|p1a: Primarina
|-end|p1a: Primarina|Substitute
|move|p1a: Primarina|Psychic Noise|p2a: Thundurus
|-damage|p2a: Thundurus|42/100
|-start|p2a: Thundurus|move: Heal Block
|
|-weather|Snowscape|[upkeep]
|-heal|p1a: Primarina|75/100|[from] item: Leftovers
|upkeep
|turn|11
|
|t:|1760345198
|move|p2a: Thundurus|Volt Switch|p1a: Primarina
|-damage|p1a: Primarina|35/100
|
|t:|1760345202
|switch|p2a: Slowking|Slowking-Galar, F|100/100|[from] Volt Switch
|move|p1a: Primarina|Moonblast|p2a: Slowking
|-resisted|p2a: Slowking
|-damage|p2a: Slowking|84/100
|-unboost|p2a: Slowking|spa|1
|
|-weather|Snowscape|[upkeep]
|-heal|p1a: Primarina|41/100|[from] item: Leftovers
|upkeep
|turn|12
|
|t:|1760345206
|move|p1a: Primarina|Substitute|p1a: Primarina
|-start|p1a: Primarina|Substitute
|-damage|p1a: Primarina|16/100
|move|p2a: Slowking|Sludge Bomb|p1a: Primarina
|-resisted|p1a: Primarina
|-activate|p1a: Primarina|move: Substitute|[damage]
|
|-weather|Snowscape|[upkeep]
|-heal|p1a: Primarina|22/100|[from] item: Leftovers
|upkeep
|turn|13
|
|t:|1760345210
|move|p1a: Primarina|Psychic Noise|p2a: Slowking
|-damage|p2a: Slowking|59/100
|-start|p2a: Slowking|move: Heal Block
|move|p2a: Slowking|Sludge Bomb|p1a: Primarina
|-resisted|p1a: Primarina
|-activate|p1a: Primarina|move: Substitute|[damage]
|
|-weather|none
|-heal|p1a: Primarina|28/100|[from] item: Leftovers
|upkeep
|turn|14
|
|t:|1760345220
|move|p1a: Primarina|Whirlpool|p2a: Slowking
|-damage|p2a: Slowking|47/100
|-activate|p2a: Slowking|move: Whirlpool|[of] p1a: Primarina
|move|p2a: Slowking|Future Sight|p1a: Primarina
|-start|p2a: Slowking|move: Future Sight
|
|-heal|p1a: Primarina|34/100|[from] item: Leftovers
|-damage|p2a: Slowking|35/100|[from] move: Whirlpool|[partiallytrapped]
|-end|p2a: Slowking|move: Heal Block
|upkeep
|turn|15
|
|t:|1760345229
|move|p1a: Primarina|Psychic Noise|p2a: Slowking
|-damage|p2a: Slowking|8/100
|-start|p2a: Slowking|move: Heal Block
|-prepare|p2a: Slowking|Chilly Reception|[premajor]
|move|p2a: Slowking|Chilly Reception|p2a: Slowking
|-weather|Snowscape
|
|t:|1760345234
|switch|p2a: Dragapult|Dragapult, F|100/100|[from] Chilly Reception
|
|-weather|Snowscape|[upkeep]
|-heal|p1a: Primarina|40/100|[from] item: Leftovers
|upkeep
|turn|16
|
|t:|1760345241
|switch|p1a: RISING IMPACT|Lokix, M, shiny|100/100
|move|p2a: Dragapult|U-turn|p1a: RISING IMPACT
|-supereffective|p1a: RISING IMPACT
|-damage|p1a: RISING IMPACT|49/100
|
|t:|1760345247
|switch|p2a: Skarmory|Skarmory, F|67/100|[from] U-turn
|-damage|p2a: Skarmory|54/100|[from] Stealth Rock
|
|-weather|Snowscape|[upkeep]
|-end|p1a: RISING IMPACT|move: Future Sight
|-immune|p1a: RISING IMPACT
|upkeep
|turn|17
|
|t:|1760345251
|switch|p1a: Pelipper|Pelipper, M|100/100
|-weather|RainDance|[from] ability: Drizzle|[of] p1a: Pelipper
|move|p2a: Skarmory|Stealth Rock|p1a: Pelipper
|-sidestart|p1: OffrateAndy|move: Stealth Rock
|
|-weather|RainDance|[upkeep]
|upkeep
|turn|18
|
|t:|1760345258
|move|p2a: Skarmory|Roost|p2a: Skarmory
|-heal|p2a: Skarmory|100/100
|-singleturn|p2a: Skarmory|move: Roost
|move|p1a: Pelipper|U-turn|p2a: Skarmory
|-resisted|p2a: Skarmory
|-damage|p2a: Skarmory|97/100
|-damage|p1a: Pelipper|84/100|[from] item: Rocky Helmet|[of] p2a: Skarmory
|
|t:|1760345263
|switch|p1a: Ling|Kingdra, F|100/100|[from] U-turn
|-damage|p1a: Ling|88/100|[from] Stealth Rock
|
|-weather|RainDance|[upkeep]
|upkeep
|turn|19
|
|t:|1760345279
|move|p1a: Ling|Weather Ball|p2a: Skarmory
|-damage|p2a: Skarmory|0 fnt
|faint|p2a: Skarmory
|
|-weather|RainDance|[upkeep]
|upkeep
|
|t:|1760345281
|switch|p2a: Slowking|Slowking-Galar, F|42/100
|turn|20
|
|t:|1760345284
|-terastallize|p2a: Slowking|Water
|move|p1a: Ling|Weather Ball|p2a: Slowking
|-resisted|p2a: Slowking
|-damage|p2a: Slowking|16/100
|-prepare|p2a: Slowking|Chilly Reception|[premajor]
|move|p2a: Slowking|Chilly Reception|p2a: Slowking
|-weather|Snowscape
|
|t:|1760345289
|switch|p2a: Dragapult|Dragapult, F|100/100|[from] Chilly Reception
|
|-weather|Snowscape|[upkeep]
|upkeep
|turn|21
|
|t:|1760345301
|switch|p1a: RISING IMPACT|Lokix, M, shiny|49/100
|-damage|p1a: RISING IMPACT|24/100|[from] Stealth Rock
|move|p2a: Dragapult|U-turn|p1a: RISING IMPACT
|-supereffective|p1a: RISING IMPACT
|-damage|p1a: RISING IMPACT|0 fnt
|faint|p1a: RISING IMPACT
|
|t:|1760345308
|switch|p2a: Slowking|Slowking-Galar, F, tera:Water|49/100|[from] U-turn
|
|-weather|Snowscape|[upkeep]
|upkeep
|
|t:|1760345313
|switch|p1a: Primarina|Primarina, M, tera:Ghost|40/100
|-damage|p1a: Primarina|27/100|[from] Stealth Rock
|turn|22
|
|t:|1760345317
|move|p1a: Primarina|Substitute|p1a: Primarina
|-start|p1a: Primarina|Substitute
|-damage|p1a: Primarina|2/100
|move|p2a: Slowking|Surf|p1a: Primarina
|-end|p1a: Primarina|Substitute
|
|-weather|Snowscape|[upkeep]
|-heal|p1a: Primarina|8/100|[from] item: Leftovers
|upkeep
|turn|23
|
|t:|1760345321
|move|p1a: Primarina|Moonblast|p2a: Slowking
|-damage|p2a: Slowking|19/100
|-unboost|p2a: Slowking|spa|1
|-prepare|p2a: Slowking|Chilly Reception|[premajor]
|move|p2a: Slowking|Chilly Reception|p2a: Slowking
|
|t:|1760345323
|switch|p2a: Thundurus|Thundurus-Therian, M|42/100|[from] Chilly Reception
|
|-weather|Snowscape|[upkeep]
|-heal|p1a: Primarina|14/100|[from] item: Leftovers
|upkeep
|turn|24
|-message|OffrateAndy forfeited.
|
|win|Demonfromthemist
|raw|OffrateAndy's rating: 1451 &rarr; <strong>1433</strong><br />(-18 for losing)
|raw|Demonfromthemist's rating: 1494 &rarr; <strong>1512</strong><br />(+18 for winning)
|l|☆OffrateAndy
|player|p1|
|l|☆Demonfromthemist
|player|p2|
