|j|‽tasty sardine 408
|j|☆Victini Road
|t:|1760307096
|gametype|singles
|player|p1|tasty sardine 408|harlequin|1632
|player|p2|Victini Road|n|1745
|gen|9
|tier|[Gen 9] OU
|rated|
|rule|HP Percentage Mod: HP is shown in percentages
|rule|Endless Battle Clause: Forcing endless battles is banned
|rule|Species Clause: Limit one of each Pokémon
|rule|OHKO Clause: OHKO moves are banned
|rule|Evasion Items Clause: Evasion items are banned
|rule|Evasion Moves Clause: Evasion moves are banned
|rule|Evasion Abilities Clause: Evasion abilities are banned
|rule|Sleep Moves Clause: Sleep-inducing moves are banned
|clearpoke
|poke|p1|Umbreon, M|
|poke|p1|Serperior, M|
|poke|p1|Cresselia, F|
|poke|p1|Revavroom, M|
|poke|p1|Skeledirge, F|
|poke|p1|Manaphy|
|poke|p2|Weavile, F|
|poke|p2|Dragonite, M|
|poke|p2|Great Tusk|
|poke|p2|Landorus-Therian, M|
|poke|p2|Kingambit, F|
|poke|p2|Iron Valiant|
|teampreview
|
|t:|1760307103
|teamsize|p1|6
|teamsize|p2|6
|start
|switch|p1a: Umbreon|Umbreon, M, shiny|100/100
|switch|p2a: Weavile|Weavile, F|100/100
|-ability|p2a: Weavile|Pressure
|turn|1
|
|t:|1760307107
|move|p2a: Weavile|Swords Dance|p2a: Weavile
|-boost|p2a: Weavile|atk|2
|move|p1a: Umbreon|Foul Play|p2a: Weavile
|-resisted|p2a: Weavile
|-damage|p2a: Weavile|22/100
|
|upkeep
|turn|2
|
|t:|1760307111
|move|p2a: Weavile|Icicle Spear|p1a: Umbreon
|-damage|p1a: Umbreon|85/100
|-damage|p1a: Umbreon|67/100
|-damage|p1a: Umbreon|48/100
|-hitcount|p1a: Umbreon|3
|move|p1a: Umbreon|Foul Play|p2a: Weavile
|-resisted|p2a: Weavile
|-damage|p2a: Weavile|0 fnt
|faint|p2a: Weavile
|
|-heal|p1a: Umbreon|54/100|[from] item: Leftovers
|upkeep
|
|t:|1760307117
|switch|p2a: Great Tusk|Great Tusk|100/100
|turn|3
|
|t:|1760307124
|move|p2a: Great Tusk|Headlong Rush|p1a: Umbreon
|-damage|p1a: Umbreon|0 fnt
|-unboost|p2a: Great Tusk|def|1
|-unboost|p2a: Great Tusk|spd|1
|faint|p1a: Umbreon
|
|upkeep
|
|t:|1760307127
|switch|p1a: Serperior|Serperior, M, shiny|100/100
|turn|4
|
|t:|1760307131
|-end|p2a: Great Tusk|Protosynthesis|[silent]
|switch|p2a: Kingambit|Kingambit, F|100/100
|-activate|p2a: Kingambit|ability: Supreme Overlord
|-start|p2a: Kingambit|fallen1|[silent]
|move|p1a: Serperior|Leaf Storm|p2a: Kingambit
|-resisted|p2a: Kingambit
|-damage|p2a: Kingambit|85/100
|-boost|p1a: Serperior|spa|2
|
|upkeep
|turn|5
|
|t:|1760307138
|move|p1a: Serperior|Leaf Storm|p2a: Kingambit
|-resisted|p2a: Kingambit
|-damage|p2a: Kingambit|49/100
|-boost|p1a: Serperior|spa|2
|move|p2a: Kingambit|Kowtow Cleave|p1a: Serperior
|-damage|p1a: Serperior|32/100
|-damage|p2a: Kingambit|39/100|[from] item: Life Orb
|
|-heal|p1a: Serperior|38/100|[from] item: Leftovers
|upkeep
|turn|6
|
|t:|1760307145
|move|p2a: Kingambit|Sucker Punch||[still]
|-fail|p2a: Kingambit
|move|p1a: Serperior|Glare|p2a: Kingambit
|-status|p2a: Kingambit|par
|
|-heal|p1a: Serperior|44/100|[from] item: Leftovers
|upkeep
|turn|7
|
|t:|1760307150
|move|p1a: Serperior|Synthesis|p1a: Serperior
|-heal|p1a: Serperior|94/100
|cant|p2a: Kingambit|par
|
|-heal|p1a: Serperior|100/100|[from] item: Leftovers
|upkeep
|turn|8
|
|t:|1760307154
|move|p2a: Kingambit|Sucker Punch|p1a: Serperior
|-damage|p1a: Serperior|41/100
|-damage|p2a: Kingambit|29/100 par|[from] item: Life Orb
|move|p1a: Serperior|Leaf Storm|p2a: Kingambit
|-resisted|p2a: Kingambit
|-damage|p2a: Kingambit|0 fnt
|-boost|p1a: Serperior|spa|2
|faint|p2a: Kingambit
|-end|p2a: Kingambit|fallen1|[silent]
|
|-heal|p1a: Serperior|47/100|[from] item: Leftovers
|upkeep
|
|t:|1760307156
|switch|p2a: Iron Valiant|Iron Valiant|100/100
|-enditem|p2a: Iron Valiant|Booster Energy
|-activate|p2a: Iron Valiant|ability: Quark Drive|[fromitem]
|-start|p2a: Iron Valiant|quarkdrivespe
|turn|9
|
|t:|1760307162
|switch|p1a: Skeledirge|Skeledirge, F, shiny|100/100
|move|p2a: Iron Valiant|Close Combat|p1a: Skeledirge
|-immune|p1a: Skeledirge
|
|upkeep
|turn|10
|
|t:|1760307177
|move|p2a: Iron Valiant|Knock Off|p1a: Skeledirge
|-supereffective|p1a: Skeledirge
|-damage|p1a: Skeledirge|50/100
|-enditem|p1a: Skeledirge|Heavy-Duty Boots|[from] move: Knock Off|[of] p2a: Iron Valiant
|move|p1a: Skeledirge|Torch Song|p2a: Iron Valiant
|-damage|p2a: Iron Valiant|47/100
|-boost|p1a: Skeledirge|spa|1
|
|upkeep
|turn|11
|inactive|Battle timer is ON: inactive players will automatically lose when time's up. (requested by tasty sardine 408)
|
|t:|1760307188
|-end|p2a: Iron Valiant|Quark Drive|[silent]
|switch|p2a: Landorus|Landorus-Therian, M|100/100
|-ability|p2a: Landorus|Intimidate|boost
|-unboost|p1a: Skeledirge|atk|1
|move|p1a: Skeledirge|Torch Song|p2a: Landorus
|-damage|p2a: Landorus|44/100
|-boost|p1a: Skeledirge|spa|1
|
|upkeep
|turn|12
|
|t:|1760307207
|move|p2a: Landorus|Earthquake|p1a: Skeledirge
|-supereffective|p1a: Skeledirge
|-damage|p1a: Skeledirge|0 fnt
|faint|p1a: Skeledirge
|-damage|p2a: Landorus|34/100|[from] item: Life Orb
|
|upkeep
|
|t:|1760307214
|switch|p1a: Serperior|Serperior, M, shiny|47/100
|turn|13
|
|t:|1760307218
|move|p1a: Serperior|Leaf Storm|p2a: Landorus
|-damage|p2a: Landorus|0 fnt
|-boost|p1a: Serperior|spa|2
|faint|p2a: Landorus
|
|-heal|p1a: Serperior|53/100|[from] item: Leftovers
|upkeep
|
|t:|1760307219
|switch|p2a: Iron Valiant|Iron Valiant|47/100
|turn|14
|
|t:|1760307223
|move|p2a: Iron Valiant|Close Combat|p1a: Serperior
|-damage|p1a: Serperior|0 fnt
|-unboost|p2a: Iron Valiant|def|1
|-unboost|p2a: Iron Valiant|spd|1
|faint|p1a: Serperior
|
|upkeep
|
|t:|1760307227
|switch|p1a: Revavroom|Revavroom, M, shiny|100/100
|-item|p1a: Revavroom|Air Balloon
|turn|15
|
|t:|1760307231
|move|p2a: Iron Valiant|Knock Off|p1a: Revavroom
|-damage|p1a: Revavroom|68/100
|-enditem|p1a: Revavroom|Air Balloon
|move|p1a: Revavroom|Shift Gear|p1a: Revavroom
|-boost|p1a: Revavroom|spe|2
|-boost|p1a: Revavroom|atk|1
|
|upkeep
|turn|16
|
|t:|1760307245
|move|p1a: Revavroom|Iron Head|p2a: Iron Valiant
|-supereffective|p2a: Iron Valiant
|-damage|p2a: Iron Valiant|0 fnt
|faint|p2a: Iron Valiant
|-end|p2a: Iron Valiant|Quark Drive|[silent]
|
|upkeep
|
|t:|1760307247
|switch|p2a: Great Tusk|Great Tusk|100/100
|turn|17
|
|t:|1760307250
|move|p1a: Revavroom|Iron Head|p2a: Great Tusk
|-damage|p2a: Great Tusk|60/100
|move|p2a: Great Tusk|Close Combat|p1a: Revavroom
|-damage|p1a: Revavroom|0 fnt
|-unboost|p2a: Great Tusk|def|1
|-unboost|p2a: Great Tusk|spd|1
|faint|p1a: Revavroom
|
|upkeep
|
|t:|1760307256
|switch|p1a: Manaphy|Manaphy, shiny|100/100
|turn|18
|
|t:|1760307258
|move|p1a: Manaphy|Acid Armor|p1a: Manaphy
|-boost|p1a: Manaphy|def|2
|move|p2a: Great Tusk|Close Combat|p1a: Manaphy
|-damage|p1a: Manaphy|60/100
|-unboost|p2a: Great Tusk|def|1
|-unboost|p2a: Great Tusk|spd|1
|
|-heal|p1a: Manaphy|66/100|[from] item: Leftovers
|upkeep
|turn|19
|
|t:|1760307262
|move|p1a: Manaphy|Acid Armor|p1a: Manaphy
|-boost|p1a: Manaphy|def|2
|move|p2a: Great Tusk|Close Combat|p1a: Manaphy
|-damage|p1a: Manaphy|38/100
|-unboost|p2a: Great Tusk|def|1
|-unboost|p2a: Great Tusk|spd|1
|
|-heal|p1a: Manaphy|44/100|[from] item: Leftovers
|upkeep
|turn|20
|
|t:|1760307264
|move|p1a: Manaphy|Scald|p2a: Great Tusk
|-supereffective|p2a: Great Tusk
|-damage|p2a: Great Tusk|0 fnt
|faint|p2a: Great Tusk
|-end|p2a: Great Tusk|Protosynthesis|[silent]
|
|-heal|p1a: Manaphy|50/100|[from] item: Leftovers
|upkeep
|
|t:|1760307266
|switch|p2a: Dragonite|Dragonite, M|100/100
|turn|21
|
|t:|1760307268
|move|p1a: Manaphy|Scald|p2a: Dragonite
|-resisted|p2a: Dragonite
|-damage|p2a: Dragonite|95/100
|move|p2a: Dragonite|Dragon Dance|p2a: Dragonite
|-boost|p2a: Dragonite|atk|1
|-boost|p2a: Dragonite|spe|1
|
|-heal|p1a: Manaphy|57/100|[from] item: Leftovers
|upkeep
|turn|22
|
|t:|1760307284
|-terastallize|p2a: Dragonite|Fire
|move|p1a: Manaphy|Acid Armor|p1a: Manaphy
|-boost|p1a: Manaphy|def|2
|move|p2a: Dragonite|Dragon Dance|p2a: Dragonite
|-boost|p2a: Dragonite|atk|1
|-boost|p2a: Dragonite|spe|1
|
|-heal|p1a: Manaphy|63/100|[from] item: Leftovers
|upkeep
|turn|23
|
|t:|1760307289
|move|p2a: Dragonite|Dragon Dance|p2a: Dragonite
|-boost|p2a: Dragonite|atk|1
|-boost|p2a: Dragonite|spe|1
|move|p1a: Manaphy|Scald|p2a: Dragonite
|-supereffective|p2a: Dragonite
|-damage|p2a: Dragonite|41/100
|
|-heal|p1a: Manaphy|69/100|[from] item: Leftovers
|upkeep
|turn|24
|
|t:|1760307293
|move|p2a: Dragonite|Roost|p2a: Dragonite
|-heal|p2a: Dragonite|92/100
|move|p1a: Manaphy|Scald|p2a: Dragonite
|-supereffective|p2a: Dragonite
|-damage|p2a: Dragonite|43/100
|
|-heal|p1a: Manaphy|75/100|[from] item: Leftovers
|upkeep
|turn|25
|
|t:|1760307296
|move|p2a: Dragonite|Earthquake|p1a: Manaphy
|-damage|p1a: Manaphy|57/100
|move|p1a: Manaphy|Scald|p2a: Dragonite
|-supereffective|p2a: Dragonite
|-damage|p2a: Dragonite|0 fnt
|faint|p2a: Dragonite
|
|win|tasty sardine 408
|raw|tasty sardine 408's rating: 1632 &rarr; <strong>1658</strong><br />(+26 for winning)
|raw|Victini Road's rating: 1745 &rarr; <strong>1719</strong><br />(-26 for losing)
|l|☆Victini Road
|player|p2|
|l|‽tasty sardine 408
|player|p1|
