|j|☆Parker757
|j|☆Rj yoip
|t:|1760300926
|gametype|singles
|player|p1|Parker757|pokemonranger-gen4|1695
|player|p2|Rj yoip|caitlin-masters|1652
|gen|9
|tier|[Gen 9] OU
|rated|
|rule|HP Percentage Mod: HP is shown in percentages
|rule|Endless Battle Clause: Forcing endless battles is banned
|rule|Species Clause: Limit one of each Pokémon
|rule|OHKO Clause: OHKO moves are banned
|rule|Evasion Items Clause: Evasion items are banned
|rule|Evasion Moves Clause: Evasion moves are banned
|rule|Evasion Abilities Clause: Evasion abilities are banned
|rule|Sleep Moves Clause: Sleep-inducing moves are banned
|clearpoke
|poke|p1|Primarina, M|
|poke|p1|Great Tusk|
|poke|p1|Kingambit, M|
|poke|p1|Slowking-Galar, M|
|poke|p1|Ogerpon, F|
|poke|p1|Enamorus, F|
|poke|p2|Zapdos-Galar|
|poke|p2|Darkrai|
|poke|p2|Clefable, M|
|poke|p2|Gliscor, M|
|poke|p2|Dragapult, M|
|poke|p2|Kingambit, M|
|teampreview
|inactive|Battle timer is ON: inactive players will automatically lose when time's up. (requested by Parker757)
|
|t:|1760300941
|teamsize|p1|6
|teamsize|p2|6
|start
|switch|p1a: Mantra|Slowking-Galar, M, shiny|100/100
|switch|p2a: Darkrai|Darkrai|100/100
|turn|1
|
|t:|1760300948
|move|p2a: Darkrai|Will-O-Wisp|p1a: Mantra
|-status|p1a: Mantra|brn
|move|p1a: Mantra|Sludge Bomb|p2a: Darkrai
|-damage|p2a: Darkrai|52/100
|-status|p2a: Darkrai|psn
|
|-damage|p2a: Darkrai|40/100 psn|[from] psn
|-damage|p1a: Mantra|94/100 brn|[from] brn
|upkeep
|turn|2
|
|t:|1760300956
|move|p2a: Darkrai|Dark Pulse|p1a: Mantra
|-supereffective|p1a: Mantra
|-crit|p1a: Mantra
|-damage|p1a: Mantra|20/100 brn
|move|p1a: Mantra|Ice Beam|p2a: Darkrai
|-crit|p2a: Darkrai
|-damage|p2a: Darkrai|0 fnt
|faint|p2a: Darkrai
|
|-damage|p1a: Mantra|13/100 brn|[from] brn
|upkeep
|
|t:|1760300959
|switch|p2a: Gliscor|Gliscor, M|100/100
|turn|3
|
|t:|1760300964
|switch|p1a: Celestine|Primarina, M, shiny|100/100
|move|p2a: Gliscor|Earthquake|p1a: Celestine
|-damage|p1a: Celestine|55/100
|
|-heal|p1a: Celestine|61/100|[from] item: Leftovers
|-status|p2a: Gliscor|tox|[from] item: Toxic Orb
|upkeep
|turn|4
|
|t:|1760300968
|-terastallize|p2a: Gliscor|Water
|move|p2a: Gliscor|Toxic|p1a: Celestine
|-status|p1a: Celestine|tox
|move|p1a: Celestine|Psychic Noise|p2a: Gliscor
|-resisted|p2a: Gliscor
|-damage|p2a: Gliscor|83/100 tox
|-start|p2a: Gliscor|move: Heal Block
|
|-heal|p1a: Celestine|67/100 tox|[from] item: Leftovers
|-damage|p1a: Celestine|61/100 tox|[from] psn
|upkeep
|turn|5
|
|t:|1760300971
|move|p2a: Gliscor|Spikes|p1a: Celestine
|-sidestart|p1: Parker757|Spikes
|move|p1a: Celestine|Moonblast|p2a: Gliscor
|-damage|p2a: Gliscor|42/100 tox
|
|-heal|p1a: Celestine|67/100 tox|[from] item: Leftovers
|-damage|p1a: Celestine|55/100 tox|[from] psn
|-end|p2a: Gliscor|move: Heal Block
|upkeep
|turn|6
|
|t:|1760300976
|move|p2a: Gliscor|Protect|p2a: Gliscor
|-singleturn|p2a: Gliscor|Protect
|move|p1a: Celestine|Substitute|p1a: Celestine
|-start|p1a: Celestine|Substitute
|-damage|p1a: Celestine|30/100 tox
|
|-heal|p1a: Celestine|36/100 tox|[from] item: Leftovers
|-heal|p2a: Gliscor|54/100 tox|[from] ability: Poison Heal
|-damage|p1a: Celestine|18/100 tox|[from] psn
|upkeep
|turn|7
|
|t:|1760300980
|move|p2a: Gliscor|Protect|p2a: Gliscor
|-singleturn|p2a: Gliscor|Protect
|move|p1a: Celestine|Moonblast|p2a: Gliscor
|-activate|p2a: Gliscor|move: Protect
|
|-heal|p1a: Celestine|24/100 tox|[from] item: Leftovers
|-heal|p2a: Gliscor|67/100 tox|[from] ability: Poison Heal
|-damage|p1a: Celestine|0 fnt|[from] psn
|faint|p1a: Celestine
|upkeep
|
|t:|1760300984
|switch|p1a: Anonymous|Ogerpon, F|100/100
|-damage|p1a: Anonymous|88/100|[from] Spikes
|turn|8
|
|t:|1760300989
|switch|p2a: Dragapult|Dragapult, M|100/100
|move|p1a: Anonymous|Ivy Cudgel|p2a: Dragapult
|-resisted|p2a: Dragapult
|-crit|p2a: Dragapult
|-damage|p2a: Dragapult|39/100
|
|upkeep
|turn|9
|
|t:|1760300996
|-terastallize|p1a: Anonymous|Grass
|detailschange|p1a: Anonymous|Ogerpon-Teal-Tera, F, tera:Grass
|-ability|p1a: Anonymous|Embody Aspect (Teal)|boost
|-boost|p1a: Anonymous|spe|1
|move|p1a: Anonymous|Ivy Cudgel|p2a: Dragapult
|-resisted|p2a: Dragapult
|-damage|p2a: Dragapult|0 fnt
|faint|p2a: Dragapult
|
|upkeep
|
|t:|1760301002
|switch|p2a: Zapdos|Zapdos-Galar|100/100
|turn|10
|
|t:|1760301012
|switch|p1a: Mantra|Slowking-Galar, M, shiny|47/100 brn
|-damage|p1a: Mantra|34/100 brn|[from] Spikes
|move|p2a: Zapdos|Drill Peck|p1a: Mantra
|-damage|p1a: Mantra|7/100 brn
|
|-damage|p1a: Mantra|0 fnt|[from] brn
|faint|p1a: Mantra
|upkeep
|
|t:|1760301016
|switch|p1a: Gin|Enamorus, F, shiny|100/100
|turn|11
|
|t:|1760301023
|switch|p2a: Gliscor|Gliscor, M, tera:Water|67/100 tox
|move|p1a: Gin|Moonblast|p2a: Gliscor
|-damage|p2a: Gliscor|18/100 tox
|
|-heal|p2a: Gliscor|30/100 tox|[from] ability: Poison Heal
|upkeep
|turn|12
|
|t:|1760301025
|move|p2a: Gliscor|Protect|p2a: Gliscor
|-singleturn|p2a: Gliscor|Protect
|move|p1a: Gin|Moonblast|p2a: Gliscor
|-activate|p2a: Gliscor|move: Protect
|
|-heal|p2a: Gliscor|43/100 tox|[from] ability: Poison Heal
|upkeep
|turn|13
|
|t:|1760301030
|move|p2a: Gliscor|Protect||[still]
|-fail|p2a: Gliscor
|move|p1a: Gin|Moonblast|p2a: Gliscor
|-damage|p2a: Gliscor|0 fnt
|faint|p2a: Gliscor
|
|upkeep
|
|t:|1760301032
|switch|p2a: Kingambit|Kingambit, M|100/100
|-activate|p2a: Kingambit|ability: Supreme Overlord
|-start|p2a: Kingambit|fallen3|[silent]
|-item|p2a: Kingambit|Air Balloon
|turn|14
|
|t:|1760301039
|switch|p1a: Behemoth|Great Tusk, shiny|100/100
|-damage|p1a: Behemoth|88/100|[from] Spikes
|move|p2a: Kingambit|Iron Head|p1a: Behemoth
|-damage|p1a: Behemoth|43/100
|-damage|p2a: Kingambit|84/100|[from] item: Rocky Helmet|[of] p1a: Behemoth
|
|upkeep
|turn|15
|
|t:|1760301044
|-end|p2a: Kingambit|fallen3|[silent]
|switch|p2a: Clefable|Clefable, M|100/100
|move|p1a: Behemoth|Rapid Spin|p2a: Clefable
|-damage|p2a: Clefable|87/100
|-boost|p1a: Behemoth|spe|1
|-sideend|p1: Parker757|Spikes|[from] move: Rapid Spin|[of] p1a: Behemoth
|
|upkeep
|turn|16
|
|t:|1760301052
|-end|p1a: Behemoth|Protosynthesis|[silent]
|switch|p1a: Overgod|Kingambit, M, shiny|100/100
|-activate|p1a: Overgod|ability: Supreme Overlord
|-start|p1a: Overgod|fallen2|[silent]
|move|p2a: Clefable|Moonblast|p1a: Overgod
|-damage|p1a: Overgod|71/100
|
|-heal|p1a: Overgod|77/100|[from] item: Leftovers
|upkeep
|turn|17
|
|t:|1760301056
|move|p2a: Clefable|Knock Off|p1a: Overgod
|-resisted|p1a: Overgod
|-damage|p1a: Overgod|71/100
|-enditem|p1a: Overgod|Leftovers|[from] move: Knock Off|[of] p2a: Clefable
|move|p1a: Overgod|Iron Head|p2a: Clefable
|-supereffective|p2a: Clefable
|-damage|p2a: Clefable|0 fnt
|faint|p2a: Clefable
|
|-damage|p1a: Overgod|59/100|[from] item: Sticky Barb
|upkeep
|
|t:|1760301058
|switch|p2a: Zapdos|Zapdos-Galar|100/100
|turn|18
|
|t:|1760301060
|move|p2a: Zapdos|Thunderous Kick|p1a: Overgod
|-supereffective|p1a: Overgod
|-damage|p1a: Overgod|0 fnt
|faint|p1a: Overgod
|-end|p1a: Overgod|fallen2|[silent]
|
|upkeep
|
|t:|1760301063
|switch|p1a: Gin|Enamorus, F, shiny|100/100
|turn|19
|
|t:|1760301067
|move|p1a: Gin|Moonblast|p2a: Zapdos
|-supereffective|p2a: Zapdos
|-damage|p2a: Zapdos|0 fnt
|faint|p2a: Zapdos
|
|upkeep
|
|t:|1760301069
|switch|p2a: Kingambit|Kingambit, M|84/100
|-activate|p2a: Kingambit|ability: Supreme Overlord
|-start|p2a: Kingambit|fallen5|[silent]
|-item|p2a: Kingambit|Air Balloon
|turn|20
|
|t:|1760301072
|move|p1a: Gin|Moonblast|p2a: Kingambit
|-damage|p2a: Kingambit|20/100
|-enditem|p2a: Kingambit|Air Balloon
|move|p2a: Kingambit|Swords Dance|p2a: Kingambit
|-boost|p2a: Kingambit|atk|2
|
|upkeep
|turn|21
|
|t:|1760301075
|move|p2a: Kingambit|Sucker Punch|p1a: Gin
|-resisted|p1a: Gin
|-damage|p1a: Gin|5/100
|move|p1a: Gin|Moonblast|p2a: Kingambit
|-damage|p2a: Kingambit|0 fnt
|faint|p2a: Kingambit
|-end|p2a: Kingambit|fallen5|[silent]
|
|win|Parker757
|raw|Parker757's rating: 1695 &rarr; <strong>1713</strong><br />(+18 for winning)
|raw|Rj yoip's rating: 1652 &rarr; <strong>1634</strong><br />(-18 for losing)
|l|☆Parker757
|player|p1|
|l|☆Rj yoip
|player|p2|
