|j|☆infernagatr
|j|☆homerac
|t:|1760389747
|gametype|singles
|player|p1|infernagatr|cynthia-gen7|1320
|player|p2|homerac|266|1297
|gen|9
|tier|[Gen 9] OU
|rated|
|rule|HP Percentage Mod: HP is shown in percentages
|rule|Endless Battle Clause: Forcing endless battles is banned
|rule|Species Clause: Limit one of each Pokémon
|rule|OHKO Clause: OHKO moves are banned
|rule|Evasion Items Clause: Evasion items are banned
|rule|Evasion Moves Clause: Evasion moves are banned
|rule|Evasion Abilities Clause: Evasion abilities are banned
|rule|Sleep Moves Clause: Sleep-inducing moves are banned
|clearpoke
|poke|p1|Samurott-Hisui, F|
|poke|p1|Tornadus-Therian, M|
|poke|p1|Pecharunt|
|poke|p1|Great Tusk|
|poke|p1|Primarina, F|
|poke|p1|Raging Bolt|
|poke|p2|Araquanid, M|
|poke|p2|Darkrai|
|poke|p2|Garchomp, M|
|poke|p2|Primarina, M|
|poke|p2|Breloom, F|
|poke|p2|Oricorio-Pom-Pom, M|
|teampreview
|
|t:|1760389761
|teamsize|p1|6
|teamsize|p2|6
|start
|switch|p1a: Raging Bolt|Raging Bolt|100/100
|switch|p2a: Breloom|Breloom, F|100/100
|turn|1
|
|t:|1760389770
|switch|p2a: Primarina|Primarina, M|100/100
|move|p1a: Raging Bolt|Draco Meteor|p2a: Primarina
|-immune|p2a: Primarina
|
|upkeep
|turn|2
|
|t:|1760389778
|move|p1a: Raging Bolt|Volt Switch|p2a: Primarina
|-supereffective|p2a: Primarina
|-damage|p2a: Primarina|60/100
|
|t:|1760389796
|-end|p1a: Raging Bolt|Protosynthesis|[silent]
|switch|p1a: Pecharunt|Pecharunt|100/100|[from] Volt Switch
|move|p2a: Primarina|Moonblast|p1a: Pecharunt
|-resisted|p1a: Pecharunt
|-damage|p1a: Pecharunt|73/100
|
|upkeep
|turn|3
|
|t:|1760389802
|switch|p2a: Araquanid|Araquanid, M|100/100
|move|p1a: Pecharunt|Toxic|p2a: Araquanid
|-status|p2a: Araquanid|tox
|-start|p2a: Araquanid|confusion|[from] ability: Poison Puppeteer|[of] p1a: Pecharunt
|
|-damage|p2a: Araquanid|94/100 tox|[from] psn
|upkeep
|turn|4
|
|t:|1760389811
|move|p1a: Pecharunt|Parting Shot|p2a: Araquanid
|-unboost|p2a: Araquanid|atk|1
|-unboost|p2a: Araquanid|spa|1
|
|t:|1760389813
|switch|p1a: Tornadus|Tornadus-Therian, M|100/100|[from] Parting Shot
|-activate|p2a: Araquanid|confusion
|move|p2a: Araquanid|Liquidation|p1a: Tornadus
|-damage|p1a: Tornadus|46/100
|
|-heal|p2a: Araquanid|100/100 tox|[from] item: Leftovers
|-damage|p2a: Araquanid|88/100 tox|[from] psn
|upkeep
|turn|5
|
|t:|1760389825
|switch|p2a: Oricorio|Oricorio-Pom-Pom, M|100/100
|move|p1a: Tornadus|U-turn|p2a: Oricorio
|-resisted|p2a: Oricorio
|-damage|p2a: Oricorio|89/100
|
|t:|1760389834
|switch|p1a: Raging Bolt|Raging Bolt|100/100|[from] U-turn
|
|upkeep
|turn|6
|
|t:|1760389848
|switch|p2a: Garchomp|Garchomp, M|100/100
|move|p1a: Raging Bolt|Thunderbolt|p2a: Garchomp
|-immune|p2a: Garchomp
|
|upkeep
|turn|7
|
|t:|1760389853
|-end|p1a: Raging Bolt|Protosynthesis|[silent]
|switch|p1a: Great Tusk|Great Tusk|100/100
|move|p2a: Garchomp|Stealth Rock|p1a: Great Tusk
|-sidestart|p1: infernagatr|move: Stealth Rock
|
|upkeep
|turn|8
|
|t:|1760389860
|switch|p2a: Oricorio|Oricorio-Pom-Pom, M|89/100
|move|p1a: Great Tusk|Stealth Rock|p2a: Oricorio
|-sidestart|p2: homerac|move: Stealth Rock
|
|upkeep
|turn|9
|
|t:|1760389865
|move|p1a: Great Tusk|Rapid Spin|p2a: Oricorio
|-damage|p2a: Oricorio|59/100
|-boost|p1a: Great Tusk|spe|1
|-sideend|p1: infernagatr|Stealth Rock|[from] move: Rapid Spin|[of] p1a: Great Tusk
|move|p2a: Oricorio|Quiver Dance|p2a: Oricorio
|-boost|p2a: Oricorio|spa|1
|-boost|p2a: Oricorio|spd|1
|-boost|p2a: Oricorio|spe|1
|
|upkeep
|turn|10
|
|t:|1760389872
|move|p1a: Great Tusk|Ice Spinner|p2a: Oricorio
|-supereffective|p2a: Oricorio
|-damage|p2a: Oricorio|0 fnt
|faint|p2a: Oricorio
|
|upkeep
|-message|homerac forfeited.
|
|win|infernagatr
|raw|infernagatr's rating: 1320 &rarr; <strong>1339</strong><br />(+19 for winning)
|raw|homerac's rating: 1297 &rarr; <strong>1274</strong><br />(-23 for losing)
|l|☆homerac
|player|p2|
|l|☆infernagatr
|player|p1|
