|j|☆zpj123
|j|☆Passerby bye
|t:|1760351567
|gametype|singles
|player|p1|zpj123|265|1346
|player|p2|Passerby bye|scientist-gen4|1325
|gen|9
|tier|[Gen 9] OU
|rated|
|rule|HP Percentage Mod: HP is shown in percentages
|rule|Endless Battle Clause: Forcing endless battles is banned
|rule|Species Clause: Limit one of each Pokémon
|rule|OHKO Clause: OHKO moves are banned
|rule|Evasion Items Clause: Evasion items are banned
|rule|Evasion Moves Clause: Evasion moves are banned
|rule|Evasion Abilities Clause: Evasion abilities are banned
|rule|Sleep Moves Clause: Sleep-inducing moves are banned
|clearpoke
|poke|p1|Dragonite, M|
|poke|p1|Cinderace, F|
|poke|p1|Gholdengo|
|poke|p1|Ogerpon-Wellspring, F|
|poke|p1|Great Tusk|
|poke|p1|Dragapult, F|
|poke|p2|Vileplume, F|
|poke|p2|Houndoom, M|
|poke|p2|Gliscor, M|
|poke|p2|Magnezone|
|poke|p2|Azumarill, M|
|poke|p2|Mismagius, F|
|teampreview
|
|t:|1760351579
|teamsize|p1|6
|teamsize|p2|6
|start
|switch|p1a: Ogerpon|Ogerpon-Wellspring, F|100/100
|switch|p2a: Azumarill|Azumarill, M|100/100
|turn|1
|
|t:|1760351585
|switch|p2a: Vileplume|Vileplume, F|100/100
|move|p1a: Ogerpon|Power Whip|p2a: Vileplume
|-resisted|p2a: Vileplume
|-damage|p2a: Vileplume|88/100
|-damage|p1a: Ogerpon|84/100|[from] item: Rocky Helmet|[of] p2a: Vileplume
|
|upkeep
|turn|2
|
|t:|1760351593
|move|p1a: Ogerpon|Knock Off|p2a: Vileplume
|-damage|p2a: Vileplume|60/100
|-damage|p1a: Ogerpon|67/100|[from] item: Rocky Helmet|[of] p2a: Vileplume
|-enditem|p2a: Vileplume|Rocky Helmet|[from] move: Knock Off|[of] p1a: Ogerpon
|move|p2a: Vileplume|Leech Seed|p1a: Ogerpon
|-immune|p1a: Ogerpon
|
|upkeep
|turn|3
|
|t:|1760351602
|switch|p1a: Gholdengo|Gholdengo|100/100
|move|p2a: Vileplume|Strength Sap|p1a: Gholdengo
|-immune|p1a: Gholdengo|[from] ability: Good as Gold
|
|upkeep
|turn|4
|
|t:|1760351608
|switch|p2a: Houndoom|Houndoom, M|100/100
|move|p1a: Gholdengo|Trick|p2a: Houndoom
|-activate|p1a: Gholdengo|move: Trick|[of] p2a: Houndoom
|-item|p2a: Houndoom|Choice Scarf|[from] move: Trick
|-item|p1a: Gholdengo|Heavy-Duty Boots|[from] move: Trick
|
|upkeep
|turn|5
|
|t:|1760351616
|switch|p1a: Great Tusk|Great Tusk|100/100
|move|p2a: Houndoom|Fire Blast|p1a: Great Tusk
|-crit|p1a: Great Tusk
|-damage|p1a: Great Tusk|2/100
|
|upkeep
|turn|6
|
|t:|1760351623
|move|p2a: Houndoom|Fire Blast|p1a: Great Tusk|[miss]
|-miss|p2a: Houndoom|p1a: Great Tusk
|move|p1a: Great Tusk|Stealth Rock|p2a: Houndoom
|-sidestart|p2: Passerby bye|move: Stealth Rock
|
|upkeep
|turn|7
|
|t:|1760351630
|move|p2a: Houndoom|Fire Blast|p1a: Great Tusk
|-damage|p1a: Great Tusk|0 fnt
|faint|p1a: Great Tusk
|-end|p1a: Great Tusk|Protosynthesis|[silent]
|
|upkeep
|
|t:|1760351636
|switch|p1a: Dragonite|Dragonite, M|100/100
|turn|8
|
|t:|1760351645
|switch|p2a: Vileplume|Vileplume, F|60/100
|-damage|p2a: Vileplume|47/100|[from] Stealth Rock
|move|p1a: Dragonite|Dragon Dance|p1a: Dragonite
|-boost|p1a: Dragonite|atk|1
|-boost|p1a: Dragonite|spe|1
|
|upkeep
|turn|9
|
|t:|1760351652
|move|p1a: Dragonite|Earthquake|p2a: Vileplume
|-damage|p2a: Vileplume|7/100
|move|p2a: Vileplume|Strength Sap|p1a: Dragonite
|-unboost|p1a: Dragonite|atk|1
|-heal|p2a: Vileplume|100/100
|
|upkeep
|turn|10
|
|t:|1760351661
|switch|p1a: Cinderace|Cinderace, F|100/100
|move|p2a: Vileplume|Leech Seed|p1a: Cinderace
|-start|p1a: Cinderace|move: Leech Seed
|
|-damage|p1a: Cinderace|88/100|[from] Leech Seed|[of] p2a: Vileplume
|upkeep
|turn|11
|
|t:|1760351668
|switch|p2a: Gliscor|Gliscor, M|100/100
|-damage|p2a: Gliscor|88/100|[from] Stealth Rock
|move|p1a: Cinderace|U-turn|p2a: Gliscor
|-start|p1a: Cinderace|typechange|Bug|[from] ability: Libero
|-resisted|p2a: Gliscor
|-damage|p2a: Gliscor|71/100
|-damage|p1a: Cinderace|78/100|[from] item: Life Orb
|
|t:|1760351677
|switch|p1a: Ogerpon|Ogerpon-Wellspring, F|67/100|[from] U-turn
|
|-status|p2a: Gliscor|tox|[from] item: Toxic Orb
|upkeep
|turn|12
|
|t:|1760351691
|move|p2a: Gliscor|Protect|p2a: Gliscor
|-singleturn|p2a: Gliscor|Protect
|move|p1a: Ogerpon|Swords Dance|p1a: Ogerpon
|-boost|p1a: Ogerpon|atk|2
|
|-heal|p2a: Gliscor|83/100 tox|[from] ability: Poison Heal
|upkeep
|turn|13
|
|t:|1760351699
|switch|p2a: Vileplume|Vileplume, F|100/100
|-damage|p2a: Vileplume|88/100|[from] Stealth Rock
|-terastallize|p1a: Ogerpon|Water
|detailschange|p1a: Ogerpon|Ogerpon-Wellspring-Tera, F, tera:Water
|-ability|p1a: Ogerpon|Embody Aspect (Wellspring)|boost
|-boost|p1a: Ogerpon|spd|1
|move|p1a: Ogerpon|Ivy Cudgel|p2a: Vileplume|[anim] Ivy Cudgel Water
|-resisted|p2a: Vileplume
|-damage|p2a: Vileplume|30/100
|
|upkeep
|turn|14
|
|t:|1760351711
|move|p1a: Ogerpon|Ivy Cudgel|p2a: Vileplume|[anim] Ivy Cudgel Water
|-resisted|p2a: Vileplume
|-damage|p2a: Vileplume|0 fnt
|faint|p2a: Vileplume
|
|upkeep
|
|t:|1760351740
|switch|p2a: Gliscor|Gliscor, M|83/100 tox
|-damage|p2a: Gliscor|71/100 tox|[from] Stealth Rock
|turn|15
|
|t:|1760351756
|move|p2a: Gliscor|Protect|p2a: Gliscor
|-singleturn|p2a: Gliscor|Protect
|move|p1a: Ogerpon|Ivy Cudgel|p2a: Gliscor|[anim] Ivy Cudgel Water
|-activate|p2a: Gliscor|move: Protect
|
|-heal|p2a: Gliscor|83/100 tox|[from] ability: Poison Heal
|upkeep
|turn|16
|l|☆Passerby bye
|player|p2|
|j|☆Passerby bye
|player|p2|Passerby bye|scientist-gen4|
|
|t:|1760351814
|switch|p2a: Mismagius|Mismagius, F|100/100
|-damage|p2a: Mismagius|88/100|[from] Stealth Rock
|move|p1a: Ogerpon|Ivy Cudgel|p2a: Mismagius|[anim] Ivy Cudgel Water
|-damage|p2a: Mismagius|0 fnt
|faint|p2a: Mismagius
|
|upkeep
|
|t:|1760351823
|switch|p2a: Azumarill|Azumarill, M|100/100
|-damage|p2a: Azumarill|88/100|[from] Stealth Rock
|turn|17
|
|t:|1760351841
|-terastallize|p2a: Azumarill|Fire
|move|p1a: Ogerpon|Power Whip|p2a: Azumarill
|-resisted|p2a: Azumarill
|-damage|p2a: Azumarill|20/100
|move|p2a: Azumarill|Play Rough|p1a: Ogerpon
|-damage|p1a: Ogerpon|0 fnt
|faint|p1a: Ogerpon
|detailschange|p1: Ogerpon|Ogerpon-Wellspring, F|[silent]
|
|upkeep
|
|t:|1760351852
|switch|p1a: Cinderace|Cinderace, F|78/100
|turn|18
|
|t:|1760351855
|move|p2a: Azumarill|Aqua Jet|p1a: Cinderace
|-supereffective|p1a: Cinderace
|-damage|p1a: Cinderace|6/100
|move|p1a: Cinderace|Pyro Ball|p2a: Azumarill
|-resisted|p2a: Azumarill
|-damage|p2a: Azumarill|0 fnt
|faint|p2a: Azumarill
|-damage|p1a: Cinderace|0 fnt|[from] item: Life Orb
|faint|p1a: Cinderace
|
|upkeep
|
|t:|1760351877
|switch|p1a: Dragapult|Dragapult, F|100/100
|switch|p2a: Houndoom|Houndoom, M|100/100
|-damage|p2a: Houndoom|76/100|[from] Stealth Rock
|turn|19
|
|t:|1760351890
|switch|p1a: Dragonite|Dragonite, M|100/100
|move|p2a: Houndoom|Dark Pulse|p1a: Dragonite
|-damage|p1a: Dragonite|83/100
|
|-heal|p1a: Dragonite|89/100|[from] item: Leftovers
|upkeep
|turn|20
|
|t:|1760351899
|switch|p2a: Gliscor|Gliscor, M|83/100 tox
|-damage|p2a: Gliscor|71/100 tox|[from] Stealth Rock
|move|p1a: Dragonite|Dragon Dance|p1a: Dragonite
|-boost|p1a: Dragonite|atk|1
|-boost|p1a: Dragonite|spe|1
|
|-heal|p1a: Dragonite|95/100|[from] item: Leftovers
|-heal|p2a: Gliscor|83/100 tox|[from] ability: Poison Heal
|upkeep
|turn|21
|
|t:|1760351917
|move|p2a: Gliscor|Protect|p2a: Gliscor
|-singleturn|p2a: Gliscor|Protect
|move|p1a: Dragonite|Dragon Dance|p1a: Dragonite
|-boost|p1a: Dragonite|atk|1
|-boost|p1a: Dragonite|spe|1
|
|-heal|p1a: Dragonite|100/100|[from] item: Leftovers
|-heal|p2a: Gliscor|96/100 tox|[from] ability: Poison Heal
|upkeep
|turn|22
|
|t:|1760351940
|move|p1a: Dragonite|Dragon Dance|p1a: Dragonite
|-boost|p1a: Dragonite|atk|1
|-boost|p1a: Dragonite|spe|1
|move|p2a: Gliscor|Swords Dance|p2a: Gliscor
|-boost|p2a: Gliscor|atk|2
|
|-heal|p2a: Gliscor|100/100 tox|[from] ability: Poison Heal
|upkeep
|turn|23
|
|t:|1760351954
|move|p1a: Dragonite|Extreme Speed|p2a: Gliscor
|-damage|p2a: Gliscor|46/100 tox
|move|p2a: Gliscor|Stone Edge|p1a: Dragonite
|-supereffective|p1a: Dragonite
|-damage|p1a: Dragonite|58/100
|
|-heal|p1a: Dragonite|64/100|[from] item: Leftovers
|-heal|p2a: Gliscor|58/100 tox|[from] ability: Poison Heal
|upkeep
|turn|24
|
|t:|1760351964
|move|p1a: Dragonite|Dragon Dance|p1a: Dragonite
|-boost|p1a: Dragonite|atk|1
|-boost|p1a: Dragonite|spe|1
|move|p2a: Gliscor|Stone Edge|p1a: Dragonite
|-supereffective|p1a: Dragonite
|-damage|p1a: Dragonite|0 fnt
|faint|p1a: Dragonite
|
|-heal|p2a: Gliscor|71/100 tox|[from] ability: Poison Heal
|upkeep
|
|t:|1760351977
|switch|p1a: Gholdengo|Gholdengo|100/100
|turn|25
|
|t:|1760351989
|move|p2a: Gliscor|Protect|p2a: Gliscor
|-singleturn|p2a: Gliscor|Protect
|move|p1a: Gholdengo|Shadow Ball|p2a: Gliscor
|-activate|p2a: Gliscor|move: Protect
|
|-heal|p2a: Gliscor|83/100 tox|[from] ability: Poison Heal
|upkeep
|turn|26
|-message|zpj123 forfeited.
|
|win|Passerby bye
|raw|zpj123's rating: 1346 &rarr; <strong>1325</strong><br />(-21 for losing)
|raw|Passerby bye's rating: 1325 &rarr; <strong>1346</strong><br />(+21 for winning)
|l|☆Passerby bye
|player|p2|
|l|☆zpj123
|player|p1|
