|j|☆purple pastels
|j|☆vghhjg
|t:|1760379908
|gametype|singles
|player|p1|purple pastels|doubleteam|1581
|player|p2|vghhjg|101|1524
|gen|9
|tier|[Gen 9] OU
|rated|
|rule|HP Percentage Mod: HP is shown in percentages
|rule|Endless Battle Clause: Forcing endless battles is banned
|rule|Species Clause: Limit one of each Pokémon
|rule|OHKO Clause: OHKO moves are banned
|rule|Evasion Items Clause: Evasion items are banned
|rule|Evasion Moves Clause: Evasion moves are banned
|rule|Evasion Abilities Clause: Evasion abilities are banned
|rule|Sleep Moves Clause: Sleep-inducing moves are banned
|clearpoke
|poke|p1|Tornadus-Therian, M|
|poke|p1|Garchomp, F|
|poke|p1|Mimikyu, F|
|poke|p1|Ribombee, M|
|poke|p1|Lucario, M|
|poke|p1|Cresselia, F|
|poke|p2|Ribombee, F|
|poke|p2|Gholdengo|
|poke|p2|Dragonite, M|
|poke|p2|Great Tusk|
|poke|p2|Primarina, F|
|poke|p2|Iron Treads|
|teampreview
|
|t:|1760379917
|teamsize|p1|6
|teamsize|p2|6
|start
|switch|p1a: Ribombee|Ribombee, M|100/100
|switch|p2a: Ribombee|Ribombee, F|100/100
|turn|1
|inactive|Battle timer is ON: inactive players will automatically lose when time's up. (requested by purple pastels)
|
|t:|1760379920
|move|p1a: Ribombee|Sticky Web|p2a: Ribombee
|-sidestart|p2: vghhjg|move: Sticky Web
|move|p2a: Ribombee|Stun Spore|p1a: Ribombee
|-status|p1a: Ribombee|par
|
|upkeep
|turn|2
|
|t:|1760379931
|switch|p1a: Tornadus|Tornadus-Therian, M|100/100
|move|p2a: Ribombee|Psychic Noise|p1a: Tornadus
|-damage|p1a: Tornadus|74/100
|-start|p1a: Tornadus|move: Heal Block
|
|upkeep
|turn|3
|
|t:|1760379934
|move|p2a: Ribombee|Stun Spore|p1a: Tornadus
|-status|p1a: Tornadus|par
|move|p1a: Tornadus|Heat Wave|p2a: Ribombee
|-supereffective|p2a: Ribombee
|-enditem|p2a: Ribombee|Focus Sash
|-damage|p2a: Ribombee|1/100
|-damage|p1a: Tornadus|64/100 par|[from] item: Life Orb
|
|-end|p1a: Tornadus|move: Heal Block
|upkeep
|turn|4
|
|t:|1760379938
|move|p2a: Ribombee|Sticky Web|p1a: Tornadus
|-sidestart|p1: purple pastels|move: Sticky Web
|cant|p1a: Tornadus|par
|
|upkeep
|turn|5
|
|t:|1760379955
|move|p2a: Ribombee|Skill Swap|p1a: Tornadus
|-activate|p2a: Ribombee|move: Skill Swap|Regenerator|Shield Dust|[of] p1a: Tornadus
|move|p1a: Tornadus|Heat Wave|p2a: Ribombee
|-supereffective|p2a: Ribombee
|-damage|p2a: Ribombee|0 fnt
|faint|p2a: Ribombee
|-damage|p1a: Tornadus|55/100 par|[from] item: Life Orb
|
|upkeep
|
|t:|1760379965
|switch|p2a: Iron Treads|Iron Treads|100/100
|-activate|p2a: Iron Treads|move: Sticky Web
|-unboost|p2a: Iron Treads|spe|1
|turn|6
|
|t:|1760379972
|move|p2a: Iron Treads|Stealth Rock|p1a: Tornadus
|-sidestart|p1: purple pastels|move: Stealth Rock
|move|p1a: Tornadus|Heat Wave|p2a: Iron Treads|[miss]
|-miss|p1a: Tornadus|p2a: Iron Treads
|
|upkeep
|turn|7
|
|t:|1760379979
|move|p2a: Iron Treads|Rapid Spin|p1a: Tornadus
|-damage|p1a: Tornadus|33/100 par
|-boost|p2a: Iron Treads|spe|1
|-sideend|p2: vghhjg|Sticky Web|[from] move: Rapid Spin|[of] p2a: Iron Treads
|cant|p1a: Tornadus|par
|
|upkeep
|turn|8
|
|t:|1760379987
|move|p2a: Iron Treads|Knock Off|p1a: Tornadus
|-damage|p1a: Tornadus|0 fnt
|-enditem|p1a: Tornadus|Life Orb|[from] move: Knock Off|[of] p2a: Iron Treads
|faint|p1a: Tornadus
|
|upkeep
|
|t:|1760379992
|switch|p1a: Garchomp|Garchomp, F|100/100
|-activate|p1a: Garchomp|move: Sticky Web
|-unboost|p1a: Garchomp|spe|1
|-damage|p1a: Garchomp|94/100|[from] Stealth Rock
|turn|9
|
|t:|1760379996
|-end|p2a: Iron Treads|Quark Drive|[silent]
|switch|p2a: Great Tusk|Great Tusk|100/100
|move|p1a: Garchomp|Stealth Rock|p2a: Great Tusk
|-sidestart|p2: vghhjg|move: Stealth Rock
|
|upkeep
|turn|10
|
|t:|1760379999
|move|p2a: Great Tusk|Bulk Up|p2a: Great Tusk
|-boost|p2a: Great Tusk|atk|1
|-boost|p2a: Great Tusk|def|1
|move|p1a: Garchomp|Draco Meteor|p2a: Great Tusk
|-damage|p2a: Great Tusk|29/100
|-unboost|p1a: Garchomp|spa|2
|
|-heal|p2a: Great Tusk|35/100|[from] item: Leftovers
|upkeep
|turn|11
|
|t:|1760380004
|move|p2a: Great Tusk|Ice Spinner|p1a: Garchomp
|-supereffective|p1a: Garchomp
|-crit|p1a: Garchomp
|-damage|p1a: Garchomp|0 fnt
|-damage|p2a: Great Tusk|22/100|[from] ability: Rough Skin|[of] p1a: Garchomp
|-damage|p2a: Great Tusk|6/100|[from] item: Rocky Helmet|[of] p1a: Garchomp
|faint|p1a: Garchomp
|
|-heal|p2a: Great Tusk|12/100|[from] item: Leftovers
|upkeep
|
|t:|1760380013
|switch|p1a: Lucario|Lucario, M|100/100
|-activate|p1a: Lucario|move: Sticky Web
|-unboost|p1a: Lucario|spe|1
|-damage|p1a: Lucario|98/100|[from] Stealth Rock
|turn|12
|
|t:|1760380016
|move|p1a: Lucario|Extreme Speed|p2a: Great Tusk
|-damage|p2a: Great Tusk|0 fnt
|faint|p2a: Great Tusk
|-end|p2a: Great Tusk|Protosynthesis|[silent]
|-damage|p1a: Lucario|88/100|[from] item: Life Orb
|
|upkeep
|
|t:|1760380019
|switch|p2a: Iron Treads|Iron Treads|100/100
|-damage|p2a: Iron Treads|97/100|[from] Stealth Rock
|turn|13
|
|t:|1760380026
|switch|p1a: Ribombee|Ribombee, M|100/100 par
|-activate|p1a: Ribombee|move: Sticky Web
|-unboost|p1a: Ribombee|spe|1
|-damage|p1a: Ribombee|76/100 par|[from] Stealth Rock
|move|p2a: Iron Treads|Earthquake|p1a: Ribombee
|-resisted|p1a: Ribombee
|-damage|p1a: Ribombee|25/100 par
|
|upkeep
|turn|14
|
|t:|1760380032
|move|p2a: Iron Treads|Rapid Spin|p1a: Ribombee
|-damage|p1a: Ribombee|0 fnt
|-boost|p2a: Iron Treads|spe|1
|-sideend|p2: vghhjg|Stealth Rock|[from] move: Rapid Spin|[of] p2a: Iron Treads
|faint|p1a: Ribombee
|
|upkeep
|
|t:|1760380036
|switch|p1a: Cresselia|Cresselia, F|100/100
|-damage|p1a: Cresselia|88/100|[from] Stealth Rock
|turn|15
|
|t:|1760380040
|move|p2a: Iron Treads|Knock Off|p1a: Cresselia
|-supereffective|p1a: Cresselia
|-damage|p1a: Cresselia|43/100
|-enditem|p1a: Cresselia|Leftovers|[from] move: Knock Off|[of] p2a: Iron Treads
|move|p1a: Cresselia|Calm Mind|p1a: Cresselia
|-boost|p1a: Cresselia|spa|1
|-boost|p1a: Cresselia|spd|1
|
|upkeep
|turn|16
|
|t:|1760380045
|-end|p2a: Iron Treads|Quark Drive|[silent]
|switch|p2a: Dragonite|Dragonite, M, shiny|100/100
|move|p1a: Cresselia|Moonlight|p1a: Cresselia
|-heal|p1a: Cresselia|93/100
|
|upkeep
|turn|17
|
|t:|1760380048
|move|p1a: Cresselia|Moonblast|p2a: Dragonite
|-supereffective|p2a: Dragonite
|-damage|p2a: Dragonite|72/100
|-unboost|p2a: Dragonite|spa|1
|move|p2a: Dragonite|Encore|p1a: Cresselia
|-start|p1a: Cresselia|Encore
|
|-heal|p2a: Dragonite|79/100|[from] item: Leftovers
|upkeep
|turn|18
|
|t:|1760380058
|switch|p2a: Gholdengo|Gholdengo|100/100
|-item|p2a: Gholdengo|Air Balloon
|move|p1a: Cresselia|Moonblast|p2a: Gholdengo
|-resisted|p2a: Gholdengo
|-damage|p2a: Gholdengo|85/100
|-enditem|p2a: Gholdengo|Air Balloon
|
|upkeep
|turn|19
|
|t:|1760380067
|move|p1a: Cresselia|Moonblast|p2a: Gholdengo
|-resisted|p2a: Gholdengo
|-damage|p2a: Gholdengo|69/100
|move|p2a: Gholdengo|Nasty Plot|p2a: Gholdengo
|-boost|p2a: Gholdengo|spa|2
|
|upkeep
|turn|20
|
|t:|1760380070
|switch|p1a: Lucario|Lucario, M|88/100
|-activate|p1a: Lucario|move: Sticky Web
|-unboost|p1a: Lucario|spe|1
|-damage|p1a: Lucario|85/100|[from] Stealth Rock
|move|p2a: Gholdengo|Shadow Ball|p1a: Lucario
|-crit|p1a: Lucario
|-damage|p1a: Lucario|0 fnt
|faint|p1a: Lucario
|
|upkeep
|
|t:|1760380077
|switch|p1a: Mimikyu|Mimikyu, F|100/100
|-activate|p1a: Mimikyu|move: Sticky Web
|-unboost|p1a: Mimikyu|spe|1
|-damage|p1a: Mimikyu|88/100|[from] Stealth Rock
|turn|21
|
|t:|1760380083
|move|p2a: Gholdengo|Shadow Ball|p1a: Mimikyu
|-activate|p1a: Mimikyu|ability: Disguise
|-damage|p1a: Mimikyu|88/100
|detailschange|p1a: Mimikyu|Mimikyu-Busted, F
|-damage|p1a: Mimikyu|76/100|[from] pokemon: Mimikyu-Busted
|move|p1a: Mimikyu|Swords Dance|p1a: Mimikyu
|-boost|p1a: Mimikyu|atk|2
|
|upkeep
|turn|22
|
|t:|1760380089
|-terastallize|p2a: Gholdengo|Fairy
|move|p1a: Mimikyu|Shadow Sneak|p2a: Gholdengo
|-damage|p2a: Gholdengo|25/100
|-damage|p1a: Mimikyu|66/100|[from] item: Life Orb
|move|p2a: Gholdengo|Shadow Ball|p1a: Mimikyu
|-supereffective|p1a: Mimikyu
|-damage|p1a: Mimikyu|0 fnt
|faint|p1a: Mimikyu
|
|upkeep
|
|t:|1760380092
|switch|p1a: Cresselia|Cresselia, F|93/100
|-damage|p1a: Cresselia|80/100|[from] Stealth Rock
|turn|23
|
|t:|1760380096
|-terastallize|p1a: Cresselia|Poison
|move|p1a: Cresselia|Calm Mind|p1a: Cresselia
|-boost|p1a: Cresselia|spa|1
|-boost|p1a: Cresselia|spd|1
|move|p2a: Gholdengo|Shadow Ball|p1a: Cresselia
|-damage|p1a: Cresselia|43/100
|
|upkeep
|turn|24
|
|t:|1760380105
|move|p1a: Cresselia|Moonlight|p1a: Cresselia
|-heal|p1a: Cresselia|93/100
|move|p2a: Gholdengo|Psyshock|p1a: Cresselia
|-supereffective|p1a: Cresselia
|-damage|p1a: Cresselia|18/100
|
|upkeep
|turn|25
|
|t:|1760380113
|move|p1a: Cresselia|Stored Power|p2a: Gholdengo
|-damage|p2a: Gholdengo|0 fnt
|faint|p2a: Gholdengo
|
|upkeep
|
|t:|1760380131
|switch|p2a: Dragonite|Dragonite, M, shiny|79/100
|turn|26
|
|t:|1760380138
|move|p1a: Cresselia|Moonlight|p1a: Cresselia
|-heal|p1a: Cresselia|68/100
|move|p2a: Dragonite|Encore|p1a: Cresselia
|-start|p1a: Cresselia|Encore
|
|-heal|p2a: Dragonite|85/100|[from] item: Leftovers
|upkeep
|turn|27
|
|t:|1760380141
|move|p1a: Cresselia|Moonlight|p1a: Cresselia
|-heal|p1a: Cresselia|100/100
|move|p2a: Dragonite|Dragon Dance|p2a: Dragonite
|-boost|p2a: Dragonite|atk|1
|-boost|p2a: Dragonite|spe|1
|
|-heal|p2a: Dragonite|91/100|[from] item: Leftovers
|upkeep
|turn|28
|
|t:|1760380149
|move|p2a: Dragonite|Dragon Dance|p2a: Dragonite
|-boost|p2a: Dragonite|atk|1
|-boost|p2a: Dragonite|spe|1
|move|p1a: Cresselia|Moonlight|p1a: Cresselia
|-fail|p1a: Cresselia|heal
|
|-heal|p2a: Dragonite|97/100|[from] item: Leftovers
|upkeep
|turn|29
|-message|purple pastels forfeited.
|
|win|vghhjg
|raw|purple pastels's rating: 1581 &rarr; <strong>1559</strong><br />(-22 for losing)
|raw|vghhjg's rating: 1546 &rarr; <strong>1568</strong><br />(+22 for winning)
|l|☆purple pastels
|player|p1|
|l|☆vghhjg
|player|p2|
