|j|☆erk7
|j|☆isramitopvp
|t:|1760324646
|gametype|singles
|player|p1|erk7|2|1157
|player|p2|isramitopvp|jogger|1142
|gen|9
|tier|[Gen 9] OU
|rated|
|rule|HP Percentage Mod: HP is shown in percentages
|rule|Endless Battle Clause: Forcing endless battles is banned
|rule|Species Clause: Limit one of each Pokémon
|rule|OHKO Clause: OHKO moves are banned
|rule|Evasion Items Clause: Evasion items are banned
|rule|Evasion Moves Clause: Evasion moves are banned
|rule|Evasion Abilities Clause: Evasion abilities are banned
|rule|Sleep Moves Clause: Sleep-inducing moves are banned
|clearpoke
|poke|p1|Scizor, F|
|poke|p1|Primarina, F|
|poke|p1|Salazzle, F|
|poke|p1|Brambleghast, F|
|poke|p1|Meloetta|
|poke|p1|Mudsdale, M|
|poke|p2|Blastoise, M|
|poke|p2|Tyranitar, M|
|poke|p2|Slaking, M|
|poke|p2|Lucario, F|
|poke|p2|Landorus-Therian, M|
|poke|p2|Diancie|
|teampreview
|
|t:|1760324656
|teamsize|p1|6
|teamsize|p2|6
|start
|switch|p1a: Lidia|Primarina, F|100/100
|switch|p2a: Blastoise|Blastoise, M|100/100
|turn|1
|
|t:|1760324668
|switch|p2a: Lucario|Lucario, F|100/100
|move|p1a: Lidia|Energy Ball|p2a: Lucario
|-resisted|p2a: Lucario
|-damage|p2a: Lucario|85/100
|-unboost|p2a: Lucario|spd|1
|
|upkeep
|turn|2
|
|t:|1760324677
|move|p2a: Lucario|Swords Dance|p2a: Lucario
|-boost|p2a: Lucario|atk|2
|move|p1a: Lidia|Moonblast|p2a: Lucario
|-damage|p2a: Lucario|5/100
|
|upkeep
|turn|3
|
|t:|1760324686
|-terastallize|p2a: Lucario|Normal
|move|p2a: Lucario|Extreme Speed|p1a: Lidia
|-damage|p1a: Lidia|24/100
|-damage|p2a: Lucario|0 fnt|[from] item: Rocky Helmet|[of] p1a: Lidia
|faint|p2a: Lucario
|move|p1a: Lidia|Sparkling Aria|p2: Lucario|[notarget]
|-fail|p1a: Lidia
|
|upkeep
|
|t:|1760324700
|switch|p2a: Slaking|Slaking, M|100/100
|turn|4
|
|t:|1760324705
|move|p2a: Slaking|Shadow Claw|p1a: Lidia
|-damage|p1a: Lidia|0 fnt
|-damage|p2a: Slaking|84/100|[from] item: Rocky Helmet|[of] p1a: Lidia
|faint|p1a: Lidia
|
|-heal|p2a: Slaking|90/100|[from] item: Leftovers
|upkeep
|
|t:|1760324714
|switch|p1a: Bob M|Mudsdale, M, shiny|100/100
|turn|5
|
|t:|1760324719
|switch|p2a: Landorus|Landorus-Therian, M|100/100
|-ability|p2a: Landorus|Intimidate|boost
|-unboost|p1a: Bob M|atk|1
|move|p1a: Bob M|Body Press|p2a: Landorus
|-resisted|p2a: Landorus
|-damage|p2a: Landorus|89/100
|
|upkeep
|turn|6
|
|t:|1760324731
|switch|p1a: C va|Brambleghast, F|100/100
|move|p2a: Landorus|U-turn|p1a: C va
|-damage|p1a: C va|66/100
|-damage|p2a: Landorus|79/100|[from] item: Life Orb
|
|t:|1760324740
|switch|p2a: Slaking|Slaking, M|90/100|[from] U-turn
|
|-heal|p2a: Slaking|96/100|[from] item: Leftovers
|-heal|p1a: C va|72/100|[from] item: Leftovers
|upkeep
|turn|7
|
|t:|1760324747
|move|p1a: C va|Protect|p1a: C va
|-singleturn|p1a: C va|Protect
|move|p2a: Slaking|Shadow Claw|p1a: C va
|-activate|p1a: C va|move: Protect
|
|-heal|p2a: Slaking|100/100|[from] item: Leftovers
|-heal|p1a: C va|78/100|[from] item: Leftovers
|upkeep
|turn|8
|
|t:|1760324758
|switch|p2a: Landorus|Landorus-Therian, M|79/100
|-ability|p2a: Landorus|Intimidate|boost
|-unboost|p1a: C va|atk|1
|move|p1a: C va|Leech Seed|p2a: Landorus
|-start|p2a: Landorus|move: Leech Seed
|
|-heal|p1a: C va|84/100|[from] item: Leftovers
|-damage|p2a: Landorus|66/100|[from] Leech Seed|[of] p1a: C va
|-heal|p1a: C va|100/100|[silent]
|upkeep
|turn|9
|
|t:|1760324769
|switch|p2a: Blastoise|Blastoise, M|100/100
|move|p1a: C va|Protect||[still]
|-fail|p1a: C va
|
|upkeep
|turn|10
|
|t:|1760324778
|move|p1a: C va|Leech Seed|p2a: Blastoise
|-start|p2a: Blastoise|move: Leech Seed
|move|p2a: Blastoise|Shell Smash|p2a: Blastoise
|-unboost|p2a: Blastoise|def|1
|-unboost|p2a: Blastoise|spd|1
|-boost|p2a: Blastoise|atk|2
|-boost|p2a: Blastoise|spa|2
|-boost|p2a: Blastoise|spe|2
|-enditem|p2a: Blastoise|White Herb
|-clearnegativeboost|p2a: Blastoise|[silent]
|
|-damage|p2a: Blastoise|88/100|[from] Leech Seed|[of] p1a: C va
|upkeep
|turn|11
|
|t:|1760324790
|move|p1a: C va|Protect|p1a: C va
|-singleturn|p1a: C va|Protect
|move|p2a: Blastoise|Ice Beam|p1a: C va
|-activate|p1a: C va|move: Protect
|
|-damage|p2a: Blastoise|76/100|[from] Leech Seed|[of] p1a: C va
|upkeep
|turn|12
|
|t:|1760324799
|switch|p1a: Machuki|Scizor, F|100/100
|move|p2a: Blastoise|Ice Beam|p1a: Machuki
|-resisted|p1a: Machuki
|-damage|p1a: Machuki|63/100
|
|-damage|p2a: Blastoise|63/100|[from] Leech Seed|[of] p1a: Machuki
|-heal|p1a: Machuki|80/100|[silent]
|upkeep
|turn|13
|
|t:|1760324808
|switch|p1a: C va|Brambleghast, F|100/100
|move|p2a: Blastoise|Aura Sphere|p1a: C va
|-immune|p1a: C va
|
|-damage|p2a: Blastoise|51/100|[from] Leech Seed|[of] p1a: C va
|upkeep
|turn|14
|
|t:|1760324817
|move|p1a: C va|Protect|p1a: C va
|-singleturn|p1a: C va|Protect
|move|p2a: Blastoise|Ice Beam|p1a: C va
|-activate|p1a: C va|move: Protect
|
|-damage|p2a: Blastoise|38/100|[from] Leech Seed|[of] p1a: C va
|upkeep
|turn|15
|
|t:|1760324826
|move|p2a: Blastoise|Ice Beam|p1a: C va
|-supereffective|p1a: C va
|-damage|p1a: C va|0 fnt
|faint|p1a: C va
|
|upkeep
|
|t:|1760324832
|switch|p1a: Machuki|Scizor, F|80/100
|turn|16
|
|t:|1760324836
|move|p1a: Machuki|Bullet Punch|p2a: Blastoise
|-resisted|p2a: Blastoise
|-damage|p2a: Blastoise|13/100
|move|p2a: Blastoise|Surf|p1a: Machuki
|-damage|p1a: Machuki|0 fnt
|faint|p1a: Machuki
|
|upkeep
|
|t:|1760324844
|switch|p1a: Doña|Salazzle, F|100/100
|turn|17
|
|t:|1760324848
|move|p1a: Doña|Protect|p1a: Doña
|-singleturn|p1a: Doña|Protect
|move|p2a: Blastoise|Surf|p1a: Doña
|-activate|p1a: Doña|move: Protect
|
|-damage|p2a: Blastoise|1/100|[from] Leech Seed|[of] p1a: Doña
|upkeep
|turn|18
|
|t:|1760324857
|move|p2a: Blastoise|Surf|p1a: Doña
|-supereffective|p1a: Doña
|-enditem|p1a: Doña|Focus Sash
|-damage|p1a: Doña|1/100
|move|p1a: Doña|Flamethrower|p2a: Blastoise
|-resisted|p2a: Blastoise
|-damage|p2a: Blastoise|0 fnt
|faint|p2a: Blastoise
|
|upkeep
|
|t:|1760324867
|switch|p2a: Tyranitar|Tyranitar, M|100/100
|-weather|Sandstorm|[from] ability: Sand Stream|[of] p2a: Tyranitar
|turn|19
|
|t:|1760324871
|move|p1a: Doña|Toxic|p2a: Tyranitar
|-status|p2a: Tyranitar|tox
|move|p2a: Tyranitar|Dragon Dance|p2a: Tyranitar
|-boost|p2a: Tyranitar|atk|1
|-boost|p2a: Tyranitar|spe|1
|
|-weather|Sandstorm|[upkeep]
|-damage|p1a: Doña|0 fnt|[from] Sandstorm
|faint|p1a: Doña
|-damage|p2a: Tyranitar|94/100 tox|[from] psn
|upkeep
|
|t:|1760324882
|switch|p1a: Bob M|Mudsdale, M, shiny|100/100
|turn|20
|
|t:|1760324886
|move|p2a: Tyranitar|Ice Punch|p1a: Bob M
|-supereffective|p1a: Bob M
|-damage|p1a: Bob M|51/100
|-ability|p1a: Bob M|Stamina|boost
|-boost|p1a: Bob M|def|1
|move|p1a: Bob M|Body Press|p2a: Tyranitar
|-supereffective|p2a: Tyranitar
|-damage|p2a: Tyranitar|0 fnt
|faint|p2a: Tyranitar
|
|-weather|Sandstorm|[upkeep]
|upkeep
|
|t:|1760324900
|switch|p2a: Landorus|Landorus-Therian, M|66/100
|-ability|p2a: Landorus|Intimidate|boost
|-unboost|p1a: Bob M|atk|1
|turn|21
|
|t:|1760324906
|move|p2a: Landorus|Earthquake|p1a: Bob M
|-damage|p1a: Bob M|24/100
|-ability|p1a: Bob M|Stamina|boost
|-boost|p1a: Bob M|def|1
|-damage|p2a: Landorus|57/100|[from] item: Life Orb
|move|p1a: Bob M|Heavy Slam|p2a: Landorus
|-damage|p2a: Landorus|34/100
|
|-weather|Sandstorm|[upkeep]
|upkeep
|turn|22
|
|t:|1760324917
|move|p2a: Landorus|Earthquake|p1a: Bob M
|-damage|p1a: Bob M|1/100
|-ability|p1a: Bob M|Stamina|boost
|-boost|p1a: Bob M|def|1
|-damage|p2a: Landorus|24/100|[from] item: Life Orb
|move|p1a: Bob M|Heavy Slam|p2a: Landorus
|-damage|p2a: Landorus|1/100
|
|-weather|Sandstorm|[upkeep]
|upkeep
|turn|23
|
|t:|1760324928
|move|p2a: Landorus|Earthquake|p1a: Bob M
|-damage|p1a: Bob M|0 fnt
|faint|p1a: Bob M
|-damage|p2a: Landorus|0 fnt|[from] item: Life Orb
|faint|p2a: Landorus
|
|-weather|none
|upkeep
|
|t:|1760324937
|switch|p2a: Slaking|Slaking, M|100/100
|switch|p1a: Melometta|Meloetta|100/100
|turn|24
|
|t:|1760324943
|move|p2a: Slaking|Giga Impact|p1a: Melometta
|-damage|p1a: Melometta|7/100
|-mustrecharge|p2a: Slaking
|move|p1a: Melometta|Psychic|p2a: Slaking
|-damage|p2a: Slaking|49/100
|
|-heal|p2a: Slaking|55/100|[from] item: Leftovers
|upkeep
|turn|25
|
|t:|1760324952
|cant|p2a: Slaking|recharge
|move|p1a: Melometta|Psychic|p2a: Slaking
|-damage|p2a: Slaking|3/100
|
|-heal|p2a: Slaking|9/100|[from] item: Leftovers
|upkeep
|turn|26
|
|t:|1760324960
|move|p2a: Slaking|Knock Off|p1a: Melometta
|-supereffective|p1a: Melometta
|-damage|p1a: Melometta|0 fnt
|-enditem|p1a: Melometta|Choice Specs|[from] move: Knock Off|[of] p2a: Slaking
|faint|p1a: Melometta
|
|win|isramitopvp
|raw|erk7's rating: 1157 &rarr; <strong>1131</strong><br />(-26 for losing)
|raw|isramitopvp's rating: 1142 &rarr; <strong>1168</strong><br />(+26 for winning)
|l|☆erk7
|player|p1|
|l|☆isramitopvp
|player|p2|
