|badge|p1|bronze|gen9ou|100-7
|uhtml|medal-msg|<div class="broadcast-blue">Curious what those medals under the avatar are? PS now has Ladder Seasons! For more information, check out the <a href="https://www.smogon.com/forums/threads/3740067/">thread on Smogon.</a></div>
|j|☆Trainer #39
|j|☆elpets
|t:|1760302211
|gametype|singles
|player|p1|Trainer #39|bugsy|1847
|player|p2|elpets|infielder|1737
|gen|9
|tier|[Gen 9] OU
|rated|
|rule|HP Percentage Mod: HP is shown in percentages
|rule|Endless Battle Clause: Forcing endless battles is banned
|rule|Species Clause: Limit one of each Pokémon
|rule|OHKO Clause: OHKO moves are banned
|rule|Evasion Items Clause: Evasion items are banned
|rule|Evasion Moves Clause: Evasion moves are banned
|rule|Evasion Abilities Clause: Evasion abilities are banned
|rule|Sleep Moves Clause: Sleep-inducing moves are banned
|clearpoke
|poke|p1|Blissey, F|
|poke|p1|Corviknight, M|
|poke|p1|Dondozo, M|
|poke|p1|Gliscor, M|
|poke|p1|Clefable, M|
|poke|p1|Slowking-Galar, M|
|poke|p2|Hatterene, F|
|poke|p2|Dragonite, F|
|poke|p2|Breloom, M|
|poke|p2|Azumarill, F|
|poke|p2|Great Tusk|
|poke|p2|Skeledirge, F|
|teampreview
|
|t:|1760302215
|teamsize|p1|6
|teamsize|p2|6
|start
|switch|p1a: 🇮🇱=stop genocide|Gliscor, M|100/100
|switch|p2a: Azumarill|Azumarill, F|100/100
|turn|1
|
|t:|1760302220
|move|p1a: 🇮🇱=stop genocide|Substitute|p1a: 🇮🇱=stop genocide
|-start|p1a: 🇮🇱=stop genocide|Substitute
|-damage|p1a: 🇮🇱=stop genocide|76/100
|move|p2a: Azumarill|Knock Off|p1a: 🇮🇱=stop genocide
|-end|p1a: 🇮🇱=stop genocide|Substitute
|
|-status|p1a: 🇮🇱=stop genocide|tox|[from] item: Toxic Orb
|upkeep
|turn|2
|
|t:|1760302223
|move|p1a: 🇮🇱=stop genocide|Protect|p1a: 🇮🇱=stop genocide
|-singleturn|p1a: 🇮🇱=stop genocide|Protect
|move|p2a: Azumarill|Knock Off|p1a: 🇮🇱=stop genocide
|-activate|p1a: 🇮🇱=stop genocide|move: Protect
|
|-heal|p1a: 🇮🇱=stop genocide|88/100 tox|[from] ability: Poison Heal
|upkeep
|turn|3
|
|t:|1760302229
|move|p1a: 🇮🇱=stop genocide|Toxic|p2a: Azumarill
|-status|p2a: Azumarill|tox
|move|p2a: Azumarill|Liquidation|p1a: 🇮🇱=stop genocide
|-supereffective|p1a: 🇮🇱=stop genocide
|-damage|p1a: 🇮🇱=stop genocide|20/100 tox
|
|-heal|p1a: 🇮🇱=stop genocide|33/100 tox|[from] ability: Poison Heal
|-damage|p2a: Azumarill|94/100 tox|[from] psn
|upkeep
|turn|4
|inactive|Battle timer is ON: inactive players will automatically lose when time's up. (requested by elpets)
|
|t:|1760302234
|move|p1a: 🇮🇱=stop genocide|Protect|p1a: 🇮🇱=stop genocide
|-singleturn|p1a: 🇮🇱=stop genocide|Protect
|move|p2a: Azumarill|Knock Off|p1a: 🇮🇱=stop genocide
|-activate|p1a: 🇮🇱=stop genocide|move: Protect
|
|-heal|p1a: 🇮🇱=stop genocide|45/100 tox|[from] ability: Poison Heal
|-damage|p2a: Azumarill|82/100 tox|[from] psn
|upkeep
|turn|5
|
|t:|1760302237
|move|p1a: 🇮🇱=stop genocide|Substitute|p1a: 🇮🇱=stop genocide
|-start|p1a: 🇮🇱=stop genocide|Substitute
|-damage|p1a: 🇮🇱=stop genocide|20/100 tox
|move|p2a: Azumarill|Knock Off|p1a: 🇮🇱=stop genocide
|-end|p1a: 🇮🇱=stop genocide|Substitute
|
|-heal|p1a: 🇮🇱=stop genocide|33/100 tox|[from] ability: Poison Heal
|-damage|p2a: Azumarill|63/100 tox|[from] psn
|upkeep
|turn|6
|
|t:|1760302240
|move|p1a: 🇮🇱=stop genocide|Protect|p1a: 🇮🇱=stop genocide
|-singleturn|p1a: 🇮🇱=stop genocide|Protect
|move|p2a: Azumarill|Liquidation|p1a: 🇮🇱=stop genocide
|-activate|p1a: 🇮🇱=stop genocide|move: Protect
|
|-heal|p1a: 🇮🇱=stop genocide|45/100 tox|[from] ability: Poison Heal
|-damage|p2a: Azumarill|39/100 tox|[from] psn
|upkeep
|turn|7
|
|t:|1760302242
|move|p2a: Azumarill|Aqua Jet|p1a: 🇮🇱=stop genocide
|-supereffective|p1a: 🇮🇱=stop genocide
|-damage|p1a: 🇮🇱=stop genocide|16/100 tox
|move|p1a: 🇮🇱=stop genocide|Substitute|p1a: 🇮🇱=stop genocide
|-fail|p1a: 🇮🇱=stop genocide|move: Substitute|[weak]
|
|-heal|p1a: 🇮🇱=stop genocide|28/100 tox|[from] ability: Poison Heal
|-damage|p2a: Azumarill|8/100 tox|[from] psn
|upkeep
|turn|8
|
|t:|1760302247
|move|p1a: 🇮🇱=stop genocide|Protect|p1a: 🇮🇱=stop genocide
|-singleturn|p1a: 🇮🇱=stop genocide|Protect
|move|p2a: Azumarill|Aqua Jet|p1a: 🇮🇱=stop genocide
|-activate|p1a: 🇮🇱=stop genocide|move: Protect
|
|-heal|p1a: 🇮🇱=stop genocide|41/100 tox|[from] ability: Poison Heal
|-damage|p2a: Azumarill|0 fnt|[from] psn
|faint|p2a: Azumarill
|upkeep
|
|t:|1760302248
|switch|p2a: Ippo|Breloom, M|100/100
|turn|9
|
|t:|1760302252
|move|p1a: 🇮🇱=stop genocide|Toxic|p2a: Ippo
|-status|p2a: Ippo|tox
|move|p2a: Ippo|Bullet Seed|p1a: 🇮🇱=stop genocide
|-damage|p1a: 🇮🇱=stop genocide|26/100 tox
|-damage|p1a: 🇮🇱=stop genocide|12/100 tox
|-hitcount|p1a: 🇮🇱=stop genocide|2
|
|-heal|p1a: 🇮🇱=stop genocide|24/100 tox|[from] ability: Poison Heal
|-damage|p2a: Ippo|94/100 tox|[from] psn
|upkeep
|turn|10
|
|t:|1760302259
|switch|p1a: Charlie Kirk: idc|Corviknight, M|100/100
|-ability|p1a: Charlie Kirk: idc|Pressure
|move|p2a: Ippo|Swords Dance|p2a: Ippo
|-boost|p2a: Ippo|atk|2
|
|-damage|p2a: Ippo|82/100 tox|[from] psn
|upkeep
|turn|11
|
|t:|1760302261
|move|p2a: Ippo|Rock Tomb|p1a: Charlie Kirk: idc
|-damage|p1a: Charlie Kirk: idc|58/100
|-unboost|p1a: Charlie Kirk: idc|spe|1
|move|p1a: Charlie Kirk: idc|U-turn|p2a: Ippo
|-damage|p2a: Ippo|59/100 tox
|
|t:|1760302269
|switch|p1a: 🇮🇱=stop genocide|Gliscor, M|24/100 tox|[from] U-turn
|
|-heal|p1a: 🇮🇱=stop genocide|36/100 tox|[from] ability: Poison Heal
|-damage|p2a: Ippo|41/100 tox|[from] psn
|upkeep
|turn|12
|
|t:|1760302276
|move|p1a: 🇮🇱=stop genocide|Protect|p1a: 🇮🇱=stop genocide
|-singleturn|p1a: 🇮🇱=stop genocide|Protect
|move|p2a: Ippo|Swords Dance|p2a: Ippo
|-boost|p2a: Ippo|atk|2
|
|-heal|p1a: 🇮🇱=stop genocide|49/100 tox|[from] ability: Poison Heal
|-damage|p2a: Ippo|16/100 tox|[from] psn
|upkeep
|turn|13
|
|t:|1760302279
|switch|p1a: Charli xcx|Clefable, M|100/100
|move|p2a: Ippo|Mach Punch|p1a: Charli xcx
|-resisted|p1a: Charli xcx
|-damage|p1a: Charli xcx|82/100
|
|-damage|p2a: Ippo|0 fnt|[from] psn
|faint|p2a: Ippo
|upkeep
|
|t:|1760302282
|switch|p2a: Skeledirge|Skeledirge, F|100/100
|turn|14
|
|t:|1760302285
|move|p2a: Skeledirge|Torch Song|p1a: Charli xcx
|-damage|p1a: Charli xcx|61/100
|-boost|p2a: Skeledirge|spa|1
|move|p1a: Charli xcx|Knock Off|p2a: Skeledirge
|-supereffective|p2a: Skeledirge
|-damage|p2a: Skeledirge|81/100
|-enditem|p2a: Skeledirge|Covert Cloak|[from] move: Knock Off|[of] p1a: Charli xcx
|
|upkeep
|turn|15
|
|t:|1760302287
|move|p2a: Skeledirge|Torch Song|p1a: Charli xcx
|-damage|p1a: Charli xcx|42/100
|-boost|p2a: Skeledirge|spa|1
|move|p1a: Charli xcx|Wish|p1a: Charli xcx
|
|upkeep
|turn|16
|
|t:|1760302290
|move|p2a: Skeledirge|Torch Song|p1a: Charli xcx
|-damage|p1a: Charli xcx|23/100
|-boost|p2a: Skeledirge|spa|1
|move|p1a: Charli xcx|Knock Off|p2a: Skeledirge
|-supereffective|p2a: Skeledirge
|-damage|p2a: Skeledirge|68/100
|
|-heal|p1a: Charli xcx|73/100|[from] move: Wish|[wisher] Charli xcx
|upkeep
|turn|17
|
|t:|1760302293
|move|p2a: Skeledirge|Torch Song|p1a: Charli xcx
|-damage|p1a: Charli xcx|54/100
|-boost|p2a: Skeledirge|spa|1
|move|p1a: Charli xcx|Wish|p1a: Charli xcx
|
|upkeep
|turn|18
|
|t:|1760302295
|move|p2a: Skeledirge|Shadow Ball|p1a: Charli xcx
|-damage|p1a: Charli xcx|35/100
|move|p1a: Charli xcx|Moonblast|p2a: Skeledirge
|-resisted|p2a: Skeledirge
|-damage|p2a: Skeledirge|53/100
|
|-heal|p1a: Charli xcx|85/100|[from] move: Wish|[wisher] Charli xcx
|upkeep
|turn|19
|
|t:|1760302298
|move|p2a: Skeledirge|Shadow Ball|p1a: Charli xcx
|-crit|p1a: Charli xcx
|-damage|p1a: Charli xcx|52/100
|move|p1a: Charli xcx|Wish|p1a: Charli xcx
|
|upkeep
|turn|20
|
|t:|1760302301
|move|p2a: Skeledirge|Shadow Ball|p1a: Charli xcx
|-damage|p1a: Charli xcx|34/100
|-unboost|p1a: Charli xcx|spd|1
|move|p1a: Charli xcx|Knock Off|p2a: Skeledirge
|-supereffective|p2a: Skeledirge
|-damage|p2a: Skeledirge|40/100
|
|-heal|p1a: Charli xcx|84/100|[from] move: Wish|[wisher] Charli xcx
|upkeep
|turn|21
|
|t:|1760302304
|switch|p1a: 808 and curses|Dondozo, M|100/100
|move|p2a: Skeledirge|Shadow Ball|p1a: 808 and curses
|-damage|p1a: 808 and curses|70/100
|
|-heal|p1a: 808 and curses|76/100|[from] item: Leftovers
|upkeep
|turn|22
|
|t:|1760302308
|move|p2a: Skeledirge|Shadow Ball|p1a: 808 and curses
|-damage|p1a: 808 and curses|46/100
|move|p1a: 808 and curses|Waterfall|p2a: Skeledirge
|-supereffective|p2a: Skeledirge
|-damage|p2a: Skeledirge|6/100
|
|-heal|p1a: 808 and curses|52/100|[from] item: Leftovers
|upkeep
|turn|23
|
|t:|1760302315
|move|p2a: Skeledirge|Shadow Ball|p1a: 808 and curses
|-damage|p1a: 808 and curses|25/100
|move|p1a: 808 and curses|Rest|p1a: 808 and curses
|-status|p1a: 808 and curses|slp|[from] move: Rest
|-heal|p1a: 808 and curses|100/100 slp|[silent]
|
|upkeep
|turn|24
|
|t:|1760302320
|switch|p1a: Charli xcx|Clefable, M|84/100
|move|p2a: Skeledirge|Shadow Ball|p1a: Charli xcx
|-damage|p1a: Charli xcx|62/100
|
|upkeep
|turn|25
|
|t:|1760302322
|move|p2a: Skeledirge|Shadow Ball|p1a: Charli xcx
|-damage|p1a: Charli xcx|40/100
|move|p1a: Charli xcx|Wish|p1a: Charli xcx
|
|upkeep
|turn|26
|
|t:|1760302324
|move|p2a: Skeledirge|Torch Song|p1a: Charli xcx
|-damage|p1a: Charli xcx|19/100
|-boost|p2a: Skeledirge|spa|1
|move|p1a: Charli xcx|Knock Off|p2a: Skeledirge
|-supereffective|p2a: Skeledirge
|-damage|p2a: Skeledirge|0 fnt
|faint|p2a: Skeledirge
|
|-heal|p1a: Charli xcx|69/100|[from] move: Wish|[wisher] Charli xcx
|upkeep
|
|t:|1760302328
|switch|p2a: Hatterene|Hatterene, F|100/100
|turn|27
|
|t:|1760302334
|switch|p1a: LeJ/ovni/la lettre|Slowking-Galar, M|100/100
|move|p2a: Hatterene|Psyshock|p1a: LeJ/ovni/la lettre
|-damage|p1a: LeJ/ovni/la lettre|45/100
|
|upkeep
|turn|28
|
|t:|1760302336
|move|p1a: LeJ/ovni/la lettre|Trick|p2a: Hatterene
|-activate|p1a: LeJ/ovni/la lettre|move: Trick|[of] p2a: Hatterene
|-item|p2a: Hatterene|Choice Scarf|[from] move: Trick
|-item|p1a: LeJ/ovni/la lettre|Leftovers|[from] move: Trick
|move|p2a: Hatterene|Psyshock|p1a: LeJ/ovni/la lettre
|-damage|p1a: LeJ/ovni/la lettre|0 fnt
|faint|p1a: LeJ/ovni/la lettre
|
|upkeep
|
|t:|1760302339
|switch|p1a: 🇮🇱=stop genocide|Gliscor, M|49/100 tox
|turn|29
|
|t:|1760302341
|move|p1a: 🇮🇱=stop genocide|Earthquake|p2a: Hatterene
|-damage|p2a: Hatterene|67/100
|move|p2a: Hatterene|Psyshock|p1a: 🇮🇱=stop genocide
|-damage|p1a: 🇮🇱=stop genocide|18/100 tox
|
|-heal|p1a: 🇮🇱=stop genocide|30/100 tox|[from] ability: Poison Heal
|upkeep
|turn|30
|
|t:|1760302344
|move|p1a: 🇮🇱=stop genocide|Protect|p1a: 🇮🇱=stop genocide
|-singleturn|p1a: 🇮🇱=stop genocide|Protect
|move|p2a: Hatterene|Psyshock|p1a: 🇮🇱=stop genocide
|-activate|p1a: 🇮🇱=stop genocide|move: Protect
|
|-heal|p1a: 🇮🇱=stop genocide|43/100 tox|[from] ability: Poison Heal
|upkeep
|turn|31
|
|t:|1760302346
|switch|p1a: Charlie Kirk: idc|Corviknight, M|58/100
|-ability|p1a: Charlie Kirk: idc|Pressure
|move|p2a: Hatterene|Psyshock|p1a: Charlie Kirk: idc
|-resisted|p1a: Charlie Kirk: idc
|-damage|p1a: Charlie Kirk: idc|43/100
|
|upkeep
|turn|32
|
|t:|1760302349
|switch|p2a: Great Tusk|Great Tusk|100/100
|-enditem|p2a: Great Tusk|Booster Energy
|-activate|p2a: Great Tusk|ability: Protosynthesis|[fromitem]
|-start|p2a: Great Tusk|protosynthesisatk
|move|p1a: Charlie Kirk: idc|Roost|p1a: Charlie Kirk: idc
|-heal|p1a: Charlie Kirk: idc|93/100
|-singleturn|p1a: Charlie Kirk: idc|move: Roost
|
|upkeep
|turn|33
|
|t:|1760302351
|-terastallize|p2a: Great Tusk|Electric
|move|p2a: Great Tusk|Supercell Slam|p1a: Charlie Kirk: idc
|-supereffective|p1a: Charlie Kirk: idc
|-damage|p1a: Charlie Kirk: idc|17/100
|-damage|p2a: Great Tusk|84/100|[from] item: Rocky Helmet|[of] p1a: Charlie Kirk: idc
|move|p1a: Charlie Kirk: idc|U-turn|p2a: Great Tusk
|-damage|p2a: Great Tusk|73/100
|
|t:|1760302354
|switch|p1a: 808 and curses|Dondozo, M|100/100 slp|[from] U-turn
|
|upkeep
|turn|34
|
|t:|1760302359
|-terastallize|p1a: 808 and curses|Dragon
|move|p2a: Great Tusk|Headlong Rush|p1a: 808 and curses
|-damage|p1a: 808 and curses|62/100 slp
|-unboost|p2a: Great Tusk|def|1
|-unboost|p2a: Great Tusk|spd|1
|cant|p1a: 808 and curses|slp
|move|p1a: 808 and curses|Sleep Talk|p1a: 808 and curses
|move|p1a: 808 and curses|Waterfall|p2a: Great Tusk|[from] move: Sleep Talk
|-damage|p2a: Great Tusk|53/100
|
|-heal|p1a: 808 and curses|69/100 slp|[from] item: Leftovers
|upkeep
|turn|35
|
|t:|1760302364
|move|p2a: Great Tusk|Ice Spinner|p1a: 808 and curses
|-supereffective|p1a: 808 and curses
|-damage|p1a: 808 and curses|38/100 slp
|cant|p1a: 808 and curses|slp
|move|p1a: 808 and curses|Sleep Talk|p1a: 808 and curses
|move|p1a: 808 and curses|Rest||[from] move: Sleep Talk|[still]
|-fail|p1a: 808 and curses
|
|-heal|p1a: 808 and curses|44/100 slp|[from] item: Leftovers
|upkeep
|turn|36
|
|t:|1760302375
|move|p2a: Great Tusk|Headlong Rush|p1a: 808 and curses
|-damage|p1a: 808 and curses|6/100 slp
|-unboost|p2a: Great Tusk|def|1
|-unboost|p2a: Great Tusk|spd|1
|-curestatus|p1a: 808 and curses|slp|[msg]
|move|p1a: 808 and curses|Rest|p1a: 808 and curses
|-status|p1a: 808 and curses|slp|[from] move: Rest
|-heal|p1a: 808 and curses|100/100 slp|[silent]
|
|upkeep
|turn|37
|
|t:|1760302379
|move|p2a: Great Tusk|Headlong Rush|p1a: 808 and curses
|-damage|p1a: 808 and curses|66/100 slp
|-unboost|p2a: Great Tusk|def|1
|-unboost|p2a: Great Tusk|spd|1
|cant|p1a: 808 and curses|slp
|move|p1a: 808 and curses|Sleep Talk|p1a: 808 and curses
|move|p1a: 808 and curses|Curse|p1a: 808 and curses|[from] move: Sleep Talk
|-unboost|p1a: 808 and curses|spe|1
|-boost|p1a: 808 and curses|atk|1
|-boost|p1a: 808 and curses|def|1
|
|-heal|p1a: 808 and curses|72/100 slp|[from] item: Leftovers
|upkeep
|turn|38
|
|t:|1760302384
|move|p2a: Great Tusk|Headlong Rush|p1a: 808 and curses
|-damage|p1a: 808 and curses|49/100 slp
|-unboost|p2a: Great Tusk|def|1
|-unboost|p2a: Great Tusk|spd|1
|cant|p1a: 808 and curses|slp
|move|p1a: 808 and curses|Sleep Talk|p1a: 808 and curses
|move|p1a: 808 and curses|Curse|p1a: 808 and curses|[from] move: Sleep Talk
|-unboost|p1a: 808 and curses|spe|1
|-boost|p1a: 808 and curses|atk|1
|-boost|p1a: 808 and curses|def|1
|
|-heal|p1a: 808 and curses|55/100 slp|[from] item: Leftovers
|upkeep
|turn|39
|
|t:|1760302387
|-end|p2a: Great Tusk|Protosynthesis|[silent]
|switch|p2a: Hatterene|Hatterene, F|67/100
|-curestatus|p1a: 808 and curses|slp|[msg]
|move|p1a: 808 and curses|Waterfall|p2a: Hatterene
|-damage|p2a: Hatterene|2/100
|
|-heal|p1a: 808 and curses|61/100|[from] item: Leftovers
|upkeep
|turn|40
|
|t:|1760302390
|switch|p1a: Charlie Kirk: idc|Corviknight, M|17/100
|-ability|p1a: Charlie Kirk: idc|Pressure
|move|p2a: Hatterene|Draining Kiss|p1a: Charlie Kirk: idc
|-resisted|p1a: Charlie Kirk: idc
|-damage|p1a: Charlie Kirk: idc|1/100
|-heal|p2a: Hatterene|17/100|[from] drain|[of] p1a: Charlie Kirk: idc
|-damage|p2a: Hatterene|0 fnt|[from] item: Rocky Helmet|[of] p1a: Charlie Kirk: idc
|faint|p2a: Hatterene
|
|upkeep
|
|t:|1760302393
|switch|p2a: Dragonite|Dragonite, F|100/100
|turn|41
|
|t:|1760302395
|move|p2a: Dragonite|Dragon Dance|p2a: Dragonite
|-boost|p2a: Dragonite|atk|1
|-boost|p2a: Dragonite|spe|1
|move|p1a: Charlie Kirk: idc|U-turn|p2a: Dragonite
|-resisted|p2a: Dragonite
|-damage|p2a: Dragonite|96/100
|
|t:|1760302397
|switch|p1a: 808 and curses|Dondozo, M, tera:Dragon|61/100|[from] U-turn
|
|-heal|p1a: 808 and curses|67/100|[from] item: Leftovers
|upkeep
|turn|42
|
|t:|1760302399
|switch|p1a: Charli xcx|Clefable, M|69/100
|move|p2a: Dragonite|Outrage|p1a: Charli xcx
|-immune|p1a: Charli xcx
|
|upkeep
|turn|43
|
|t:|1760302402
|move|p2a: Dragonite|Fire Punch|p1a: Charli xcx
|-crit|p1a: Charli xcx
|-damage|p1a: Charli xcx|22/100
|move|p1a: Charli xcx|Wish|p1a: Charli xcx
|
|upkeep
|turn|44
|
|t:|1760302405
|move|p1a: Charli xcx|Protect|p1a: Charli xcx
|-singleturn|p1a: Charli xcx|Protect
|move|p2a: Dragonite|Fire Punch|p1a: Charli xcx
|-activate|p1a: Charli xcx|move: Protect
|
|-heal|p1a: Charli xcx|72/100|[from] move: Wish|[wisher] Charli xcx
|upkeep
|turn|45
|
|t:|1760302407
|move|p2a: Dragonite|Fire Punch|p1a: Charli xcx
|-crit|p1a: Charli xcx
|-damage|p1a: Charli xcx|27/100
|move|p1a: Charli xcx|Wish|p1a: Charli xcx
|
|upkeep
|turn|46
|
|t:|1760302411
|move|p1a: Charli xcx|Protect|p1a: Charli xcx
|-singleturn|p1a: Charli xcx|Protect
|move|p2a: Dragonite|Dragon Dance|p2a: Dragonite
|-boost|p2a: Dragonite|atk|1
|-boost|p2a: Dragonite|spe|1
|
|-heal|p1a: Charli xcx|77/100|[from] move: Wish|[wisher] Charli xcx
|upkeep
|turn|47
|
|t:|1760302413
|move|p2a: Dragonite|Fire Punch|p1a: Charli xcx
|-damage|p1a: Charli xcx|47/100
|move|p1a: Charli xcx|Wish|p1a: Charli xcx
|
|upkeep
|turn|48
|
|t:|1760302418
|move|p2a: Dragonite|Fire Punch|p1a: Charli xcx
|-damage|p1a: Charli xcx|16/100
|move|p1a: Charli xcx|Moonblast|p2a: Dragonite
|-supereffective|p2a: Dragonite
|-damage|p2a: Dragonite|25/100
|-unboost|p2a: Dragonite|spa|1
|
|-heal|p1a: Charli xcx|66/100|[from] move: Wish|[wisher] Charli xcx
|upkeep
|turn|49
|
|t:|1760302423
|move|p2a: Dragonite|Fire Punch|p1a: Charli xcx
|-damage|p1a: Charli xcx|36/100
|move|p1a: Charli xcx|Moonblast|p2a: Dragonite
|-supereffective|p2a: Dragonite
|-damage|p2a: Dragonite|0 fnt
|faint|p2a: Dragonite
|
|upkeep
|-message|elpets forfeited.
|
|win|Trainer #39
|raw|Trainer #39's rating: 1847 &rarr; <strong>1861</strong><br />(+14 for winning)
|raw|elpets's rating: 1737 &rarr; <strong>1723</strong><br />(-14 for losing)
|l|☆elpets
|player|p2|
|l|☆Trainer #39
|player|p1|
