|j|☆Rapidashhhhh
|j|☆Vuzi
|t:|1760444506
|gametype|singles
|player|p1|Rapidashhhhh|benga|1120
|player|p2|Vuzi|102|1143
|gen|9
|tier|[Gen 9] OU
|rated|
|rule|HP Percentage Mod: HP is shown in percentages
|rule|Endless Battle Clause: Forcing endless battles is banned
|rule|Species Clause: Limit one of each Pokémon
|rule|OHKO Clause: OHKO moves are banned
|rule|Evasion Items Clause: Evasion items are banned
|rule|Evasion Moves Clause: Evasion moves are banned
|rule|Evasion Abilities Clause: Evasion abilities are banned
|rule|Sleep Moves Clause: Sleep-inducing moves are banned
|clearpoke
|poke|p1|Raikou|
|poke|p1|Dodrio, F|
|poke|p1|Feraligatr, M|
|poke|p1|Salazzle, F|
|poke|p1|Rillaboom, M|
|poke|p1|Decidueye, M|
|poke|p2|Gliscor, F|
|poke|p2|Great Tusk|
|poke|p2|Iron Valiant|
|poke|p2|Kingambit, M|
|poke|p2|Kyurem|
|poke|p2|Raging Bolt|
|teampreview
|inactive|Battle timer is ON: inactive players will automatically lose when time's up. (requested by Vuzi)
|
|t:|1760444527
|teamsize|p1|6
|teamsize|p2|6
|start
|switch|p1a: Feraligatr|Feraligatr, M|100/100
|switch|p2a: Kyurem|Kyurem|100/100
|-ability|p2a: Kyurem|Pressure
|turn|1
|
|t:|1760444535
|move|p2a: Kyurem|Dragon Dance|p2a: Kyurem
|-boost|p2a: Kyurem|atk|1
|-boost|p2a: Kyurem|spe|1
|move|p1a: Feraligatr|Dragon Dance|p1a: Feraligatr
|-boost|p1a: Feraligatr|atk|1
|-boost|p1a: Feraligatr|spe|1
|
|upkeep
|turn|2
|
|t:|1760444565
|move|p2a: Kyurem|Dragon Dance|p2a: Kyurem
|-boost|p2a: Kyurem|atk|1
|-boost|p2a: Kyurem|spe|1
|move|p1a: Feraligatr|Earthquake|p2a: Kyurem
|-damage|p2a: Kyurem|38/100
|-damage|p1a: Feraligatr|91/100|[from] item: Life Orb
|
|upkeep
|turn|3
|
|t:|1760444576
|move|p1a: Feraligatr|Aqua Jet|p2a: Kyurem
|-resisted|p2a: Kyurem
|-damage|p2a: Kyurem|16/100
|-damage|p1a: Feraligatr|81/100|[from] item: Life Orb
|move|p2a: Kyurem|Scale Shot|p1a: Feraligatr
|-damage|p1a: Feraligatr|48/100
|-damage|p1a: Feraligatr|18/100
|-damage|p1a: Feraligatr|0 fnt
|faint|p1a: Feraligatr
|-hitcount|p1: Feraligatr|3
|-unboost|p2a: Kyurem|def|1
|-boost|p2a: Kyurem|spe|1
|
|upkeep
|inactive|Rapidashhhhh has 120 seconds left.
|
|t:|1760444590
|switch|p1a: Rillaboom|Rillaboom, M|100/100
|-fieldstart|move: Grassy Terrain|[from] ability: Grassy Surge|[of] p1a: Rillaboom
|turn|4
|
|t:|1760444595
|move|p1a: Rillaboom|Fake Out|p2a: Kyurem
|-damage|p2a: Kyurem|0 fnt
|faint|p2a: Kyurem
|
|upkeep
|
|t:|1760444598
|switch|p2a: Raging Bolt|Raging Bolt|100/100
|-enditem|p2a: Raging Bolt|Booster Energy
|-activate|p2a: Raging Bolt|ability: Protosynthesis|[fromitem]
|-start|p2a: Raging Bolt|protosynthesisspa
|turn|5
|
|t:|1760444608
|move|p1a: Rillaboom|Drum Beating|p2a: Raging Bolt
|-resisted|p2a: Raging Bolt
|-damage|p2a: Raging Bolt|78/100
|-unboost|p2a: Raging Bolt|spe|1
|move|p2a: Raging Bolt|Draco Meteor|p1a: Rillaboom
|-damage|p1a: Rillaboom|16/100
|-unboost|p2a: Raging Bolt|spa|2
|
|-heal|p1a: Rillaboom|22/100|[from] Grassy Terrain
|-heal|p2a: Raging Bolt|84/100|[from] Grassy Terrain
|upkeep
|turn|6
|c|☆Vuzi|No high horswpower?
|
|t:|1760444621
|move|p1a: Rillaboom|U-turn|p2a: Raging Bolt
|-damage|p2a: Raging Bolt|63/100
|
|t:|1760444626
|switch|p1a: Decidueye|Decidueye, M|100/100|[from] U-turn
|move|p2a: Raging Bolt|Draco Meteor|p1a: Decidueye
|-damage|p1a: Decidueye|59/100
|-unboost|p2a: Raging Bolt|spa|2
|
|-heal|p1a: Decidueye|65/100|[from] Grassy Terrain
|-heal|p1a: Decidueye|71/100|[from] item: Leftovers
|-heal|p2a: Raging Bolt|69/100|[from] Grassy Terrain
|upkeep
|turn|7
|
|t:|1760444641
|-end|p2a: Raging Bolt|Protosynthesis|[silent]
|switch|p2a: Kingambit|Kingambit, M|100/100
|-activate|p2a: Kingambit|ability: Supreme Overlord
|-start|p2a: Kingambit|fallen1|[silent]
|move|p1a: Decidueye|Roost|p1a: Decidueye
|-heal|p1a: Decidueye|100/100
|-singleturn|p1a: Decidueye|move: Roost
|
|upkeep
|turn|8
|
|t:|1760444663
|switch|p1a: Dodrio|Dodrio, F|100/100
|move|p2a: Kingambit|Swords Dance|p2a: Kingambit
|-boost|p2a: Kingambit|atk|2
|
|-fieldend|move: Grassy Terrain
|upkeep
|turn|9
|
|t:|1760444677
|move|p2a: Kingambit|Sucker Punch|p1a: Dodrio
|-damage|p1a: Dodrio|0 fnt
|faint|p1a: Dodrio
|
|upkeep
|
|t:|1760444683
|switch|p1a: Salazzle|Salazzle, F|100/100
|turn|10
|
|t:|1760444687
|move|p2a: Kingambit|Sucker Punch||[still]
|-fail|p2a: Kingambit
|move|p1a: Salazzle|Toxic|p2a: Kingambit
|-status|p2a: Kingambit|tox
|
|-damage|p2a: Kingambit|94/100 tox|[from] psn
|upkeep
|turn|11
|
|t:|1760444695
|-terastallize|p2a: Kingambit|Fire
|move|p2a: Kingambit|Sucker Punch||[still]
|-fail|p2a: Kingambit
|move|p1a: Salazzle|Substitute|p1a: Salazzle
|-start|p1a: Salazzle|Substitute
|-damage|p1a: Salazzle|76/100
|
|-heal|p1a: Salazzle|82/100|[from] item: Black Sludge
|-damage|p2a: Kingambit|82/100 tox|[from] psn
|upkeep
|turn|12
|
|t:|1760444705
|move|p1a: Salazzle|Encore|p2a: Kingambit
|-start|p2a: Kingambit|Encore
|move|p2a: Kingambit|Sucker Punch||[still]
|-fail|p2a: Kingambit
|
|-heal|p1a: Salazzle|88/100|[from] item: Black Sludge
|-damage|p2a: Kingambit|63/100 tox|[from] psn
|upkeep
|turn|13
|
|t:|1760444714
|-end|p2a: Kingambit|fallen1|[silent]
|switch|p2a: Gliscor|Gliscor, F|100/100
|move|p1a: Salazzle|Protect||[still]
|-fail|p1a: Salazzle
|
|-heal|p1a: Salazzle|94/100|[from] item: Black Sludge
|-status|p2a: Gliscor|tox|[from] item: Toxic Orb
|upkeep
|turn|14
|
|t:|1760444726
|switch|p1a: Rillaboom|Rillaboom, M|22/100
|-fieldstart|move: Grassy Terrain|[from] ability: Grassy Surge|[of] p1a: Rillaboom
|move|p2a: Gliscor|Knock Off|p1a: Rillaboom
|-damage|p1a: Rillaboom|0 fnt
|-enditem|p1a: Rillaboom|Assault Vest|[from] move: Knock Off|[of] p2a: Gliscor
|faint|p1a: Rillaboom
|
|upkeep
|
|t:|1760444746
|switch|p1a: Raikou|Raikou|100/100
|turn|15
|
|t:|1760444749
|move|p1a: Raikou|Scald|p2a: Gliscor
|-supereffective|p2a: Gliscor
|-damage|p2a: Gliscor|7/100 tox
|move|p2a: Gliscor|Knock Off|p1a: Raikou
|-damage|p1a: Raikou|74/100
|-enditem|p1a: Raikou|Choice Specs|[from] move: Knock Off|[of] p2a: Gliscor
|
|-heal|p1a: Raikou|80/100|[from] Grassy Terrain
|-heal|p2a: Gliscor|20/100 tox|[from] ability: Poison Heal
|upkeep
|turn|16
|c|☆Vuzi|!dex raikou
|c| Vuzi|/raw <div class="message"><ul class="utilichart"><li class="result"><span class="col numcol">NU</span> <span class="col iconcol"><psicon pokemon="raikou"/></span> <span class="col pokemonnamecol" style="white-space:nowrap"><a href="https://dex.pokemonshowdown.com/pokemon/raikou" target="_blank">Raikou</a></span> <span class="col typecol"><img src="https://play.pokemonshowdown.com/sprites/types/Electric.png" alt="Electric" height="14" width="32"></span> <span style="float:left;min-height:26px"><span class="col abilitycol">Pressure</span><span class="col abilitycol"><em>Inner Focus</em></span></span><span style="float:left;min-height:26px"><span class="col statcol"><em>HP</em><br />90</span> <span class="col statcol"><em>Atk</em><br />85</span> <span class="col statcol"><em>Def</em><br />75</span> <span class="col statcol"><em>SpA</em><br />115</span> <span class="col statcol"><em>SpD</em><br />100</span> <span class="col statcol"><em>Spe</em><br />115</span> <span class="col bstcol"><em>BST<br />580</em></span> </span></li><li style="clear:both"></li></ul></div>

|inactive|Rapidashhhhh has 120 seconds left.
|l|☆Rapidashhhhh
|inactive|Rapidashhhhh disconnected and has a minute to reconnect!
|player|p1|
|j|☆Rapidashhhhh
|inactive|Rapidashhhhh reconnected and has 85 seconds left.
|player|p1|Rapidashhhhh|benga|
|
|t:|1760444822
|switch|p2a: Raging Bolt|Raging Bolt|69/100
|move|p1a: Raikou|Scald|p2a: Raging Bolt
|-resisted|p2a: Raging Bolt
|-damage|p2a: Raging Bolt|57/100
|
|-heal|p1a: Raikou|86/100|[from] Grassy Terrain
|-heal|p2a: Raging Bolt|63/100|[from] Grassy Terrain
|upkeep
|turn|17
|-message|Vuzi forfeited.
|
|win|Rapidashhhhh
|raw|Rapidashhhhh's rating: 1120 &rarr; <strong>1147</strong><br />(+27 for winning)
|raw|Vuzi's rating: 1143 &rarr; <strong>1116</strong><br />(-27 for losing)
|l|☆Vuzi
|player|p2|
|l|☆Rapidashhhhh
|player|p1|
