|j|☆getreyal
|j|☆linclown
|t:|1760397884
|gametype|singles
|player|p1|getreyal|pokemonbreeder-gen4|1593
|player|p2|linclown|miku-ghost|1542
|gen|9
|tier|[Gen 9] OU
|rated|
|rule|HP Percentage Mod: HP is shown in percentages
|rule|Endless Battle Clause: Forcing endless battles is banned
|rule|Species Clause: Limit one of each Pokémon
|rule|OHKO Clause: OHKO moves are banned
|rule|Evasion Items Clause: Evasion items are banned
|rule|Evasion Moves Clause: Evasion moves are banned
|rule|Evasion Abilities Clause: Evasion abilities are banned
|rule|Sleep Moves Clause: Sleep-inducing moves are banned
|clearpoke
|poke|p1|Zamazenta-*|
|poke|p1|Alomomola, F|
|poke|p1|Ursaluna, F|
|poke|p1|Darkrai|
|poke|p1|Zapdos|
|poke|p1|Hatterene, F|
|poke|p2|Mandibuzz, F|
|poke|p2|Reuniclus, F|
|poke|p2|Ogerpon-Wellspring, F|
|poke|p2|Tinkaton, F|
|poke|p2|Cinderace, F|
|poke|p2|Slowking-Galar, F|
|teampreview
|inactive|Battle timer is ON: inactive players will automatically lose when time's up. (requested by linclown)
|
|t:|1760397901
|teamsize|p1|6
|teamsize|p2|6
|start
|switch|p1a: Zapdos|Zapdos|100/100
|switch|p2a: Ogerpon|Ogerpon-Wellspring, F|100/100
|turn|1
|
|t:|1760397921
|move|p2a: Ogerpon|Ivy Cudgel|p1a: Zapdos|[anim] Ivy Cudgel Water
|-damage|p1a: Zapdos|56/100
|move|p1a: Zapdos|Volt Switch|p2a: Ogerpon
|-damage|p2a: Ogerpon|68/100
|
|t:|1760397933
|switch|p1a: Zamazenta|Zamazenta|100/100|[from] Volt Switch
|-ability|p1a: Zamazenta|Dauntless Shield|boost
|-boost|p1a: Zamazenta|def|1
|
|upkeep
|turn|2
|
|t:|1760397942
|switch|p2a: Slowking|Slowking-Galar, F|100/100
|move|p1a: Zamazenta|Close Combat|p2a: Slowking
|-resisted|p2a: Slowking
|-damage|p2a: Slowking|78/100
|-unboost|p1a: Zamazenta|def|1
|-unboost|p1a: Zamazenta|spd|1
|
|upkeep
|turn|3
|
|t:|1760397967
|switch|p1a: Ursaluna|Ursaluna, F|100/100
|switch|p2a: Ogerpon|Ogerpon-Wellspring, F|68/100
|
|upkeep
|turn|4
|
|t:|1760397983
|-terastallize|p1a: Ursaluna|Normal
|move|p2a: Ogerpon|Ivy Cudgel|p1a: Ursaluna|[anim] Ivy Cudgel Water
|-damage|p1a: Ursaluna|53/100
|move|p1a: Ursaluna|Body Slam|p2a: Ogerpon
|-damage|p2a: Ogerpon|0 fnt
|faint|p2a: Ogerpon
|
|-heal|p1a: Ursaluna|59/100|[from] item: Leftovers
|upkeep
|inactive|linclown has 120 seconds left.
|
|t:|1760398012
|switch|p2a: Mandibuzz|Mandibuzz, F|100/100
|turn|5
|
|t:|1760398020
|switch|p1a: Hatterene|Hatterene, F|100/100
|move|p2a: Mandibuzz|Foul Play|p1a: Hatterene
|-damage|p1a: Hatterene|77/100
|-damage|p2a: Mandibuzz|84/100|[from] item: Rocky Helmet|[of] p1a: Hatterene
|
|upkeep
|turn|6
|
|t:|1760398025
|switch|p2a: Tinkaton|Tinkaton, F|100/100
|-ability|p2a: Tinkaton|Mold Breaker
|move|p1a: Hatterene|Nuzzle|p2a: Tinkaton
|-damage|p2a: Tinkaton|96/100
|-status|p2a: Tinkaton|par
|
|-heal|p2a: Tinkaton|100/100 par|[from] item: Leftovers
|upkeep
|turn|7
|
|t:|1760398031
|switch|p1a: Ursaluna|Ursaluna, F, tera:Normal|59/100
|move|p2a: Tinkaton|Stealth Rock|p1a: Ursaluna
|-sidestart|p1: getreyal|move: Stealth Rock
|
|-heal|p1a: Ursaluna|66/100|[from] item: Leftovers
|upkeep
|turn|8
|
|t:|1760398037
|switch|p2a: Mandibuzz|Mandibuzz, F|84/100
|move|p1a: Ursaluna|Headlong Rush|p2a: Mandibuzz
|-immune|p2a: Mandibuzz
|
|-heal|p1a: Ursaluna|72/100|[from] item: Leftovers
|upkeep
|turn|9
|
|t:|1760398045
|switch|p1a: Alomomola|Alomomola, F|100/100
|-damage|p1a: Alomomola|88/100|[from] Stealth Rock
|move|p2a: Mandibuzz|Foul Play|p1a: Alomomola
|-damage|p1a: Alomomola|71/100
|
|upkeep
|turn|10
|
|t:|1760398048
|move|p2a: Mandibuzz|Toxic|p1a: Alomomola
|-status|p1a: Alomomola|tox
|move|p1a: Alomomola|Flip Turn|p2a: Mandibuzz
|-damage|p2a: Mandibuzz|75/100
|
|t:|1760398054
|switch|p1a: Hatterene|Hatterene, F|77/100|[from] Flip Turn
|-damage|p1a: Hatterene|64/100|[from] Stealth Rock
|
|upkeep
|turn|11
|
|t:|1760398059
|switch|p2a: Tinkaton|Tinkaton, F|100/100 par
|-ability|p2a: Tinkaton|Mold Breaker
|move|p1a: Hatterene|Psychic Noise|p2a: Tinkaton
|-resisted|p2a: Tinkaton
|-crit|p2a: Tinkaton
|-damage|p2a: Tinkaton|80/100 par
|-start|p2a: Tinkaton|move: Heal Block
|
|upkeep
|turn|12
|
|t:|1760398072
|switch|p2a: Slowking|Slowking-Galar, F|100/100
|switch|p1a: Zapdos|Zapdos|56/100
|
|upkeep
|turn|13
|
|t:|1760398089
|move|p1a: Zapdos|Thunder Wave|p2a: Slowking
|-status|p2a: Slowking|par
|cant|p2a: Slowking|par
|
|upkeep
|turn|14
|
|t:|1760398095
|move|p1a: Zapdos|Roost|p1a: Zapdos
|-heal|p1a: Zapdos|100/100
|-singleturn|p1a: Zapdos|move: Roost
|cant|p2a: Slowking|par
|
|upkeep
|turn|15
|
|t:|1760398097
|move|p1a: Zapdos|Volt Switch|p2a: Slowking
|-damage|p2a: Slowking|86/100 par
|
|t:|1760398099
|switch|p1a: Ursaluna|Ursaluna, F, tera:Normal|72/100|[from] Volt Switch
|-damage|p1a: Ursaluna|59/100|[from] Stealth Rock
|move|p2a: Slowking|Sludge Bomb|p1a: Ursaluna
|-damage|p1a: Ursaluna|17/100
|
|-heal|p1a: Ursaluna|23/100|[from] item: Leftovers
|upkeep
|turn|16
|
|t:|1760398109
|switch|p2a: Mandibuzz|Mandibuzz, F|75/100
|move|p1a: Ursaluna|Body Slam|p2a: Mandibuzz
|-damage|p2a: Mandibuzz|34/100
|
|-heal|p1a: Ursaluna|29/100|[from] item: Leftovers
|upkeep
|turn|17
|
|t:|1760398118
|move|p2a: Mandibuzz|Roost|p2a: Mandibuzz
|-heal|p2a: Mandibuzz|84/100
|-singleturn|p2a: Mandibuzz|move: Roost
|move|p1a: Ursaluna|Body Slam|p2a: Mandibuzz
|-damage|p2a: Mandibuzz|44/100
|
|-heal|p1a: Ursaluna|35/100|[from] item: Leftovers
|upkeep
|turn|18
|
|t:|1760398125
|switch|p1a: Zapdos|Zapdos|100/100
|move|p2a: Mandibuzz|Foul Play|p1a: Zapdos
|-damage|p1a: Zapdos|84/100
|
|upkeep
|turn|19
|
|t:|1760398129
|switch|p2a: Slowking|Slowking-Galar, F|100/100 par
|move|p1a: Zapdos|Volt Switch|p2a: Slowking
|-damage|p2a: Slowking|86/100 par
|
|t:|1760398131
|switch|p1a: Ursaluna|Ursaluna, F, tera:Normal|35/100|[from] Volt Switch
|-damage|p1a: Ursaluna|23/100|[from] Stealth Rock
|
|-heal|p1a: Ursaluna|29/100|[from] item: Leftovers
|upkeep
|turn|20
|
|t:|1760398139
|switch|p2a: Tinkaton|Tinkaton, F|80/100 par
|-ability|p2a: Tinkaton|Mold Breaker
|move|p1a: Ursaluna|Body Slam|p2a: Tinkaton
|-resisted|p2a: Tinkaton
|-crit|p2a: Tinkaton
|-damage|p2a: Tinkaton|27/100 par
|
|-heal|p1a: Ursaluna|35/100|[from] item: Leftovers
|-heal|p2a: Tinkaton|33/100 par|[from] item: Leftovers
|upkeep
|turn|21
|
|t:|1760398142
|move|p1a: Ursaluna|Body Slam|p2a: Tinkaton
|-resisted|p2a: Tinkaton
|-damage|p2a: Tinkaton|0 fnt
|faint|p2a: Tinkaton
|
|-heal|p1a: Ursaluna|42/100|[from] item: Leftovers
|upkeep
|
|t:|1760398151
|switch|p2a: Mandibuzz|Mandibuzz, F|44/100
|turn|22
|
|t:|1760398156
|switch|p1a: Zapdos|Zapdos|84/100
|move|p2a: Mandibuzz|Roost|p2a: Mandibuzz
|-heal|p2a: Mandibuzz|94/100
|-singleturn|p2a: Mandibuzz|move: Roost
|
|upkeep
|turn|23
|
|t:|1760398164
|switch|p2a: Cinderace|Cinderace, F|100/100
|move|p1a: Zapdos|Volt Switch|p2a: Cinderace
|-damage|p2a: Cinderace|65/100
|
|t:|1760398167
|switch|p1a: Alomomola|Alomomola, F|100/100 tox|[from] Volt Switch
|-damage|p1a: Alomomola|88/100 tox|[from] Stealth Rock
|
|-damage|p1a: Alomomola|82/100 tox|[from] psn
|upkeep
|turn|24
|
|t:|1760398172
|move|p2a: Cinderace|U-turn|p1a: Alomomola
|-damage|p1a: Alomomola|70/100 tox
|
|t:|1760398182
|switch|p2a: Mandibuzz|Mandibuzz, F|94/100|[from] U-turn
|move|p1a: Alomomola|Flip Turn|p2a: Mandibuzz
|-damage|p2a: Mandibuzz|85/100
|
|t:|1760398185
|switch|p1a: Zapdos|Zapdos|84/100|[from] Flip Turn
|
|upkeep
|turn|25
|
|t:|1760398192
|switch|p2a: Slowking|Slowking-Galar, F|100/100 par
|move|p1a: Zapdos|Volt Switch|p2a: Slowking
|-damage|p2a: Slowking|87/100 par
|
|t:|1760398195
|switch|p1a: Ursaluna|Ursaluna, F, tera:Normal|42/100|[from] Volt Switch
|-damage|p1a: Ursaluna|29/100|[from] Stealth Rock
|
|-heal|p1a: Ursaluna|35/100|[from] item: Leftovers
|upkeep
|turn|26
|
|t:|1760398198
|-terastallize|p2a: Slowking|Water
|move|p1a: Ursaluna|Body Slam|p2a: Slowking
|-damage|p2a: Slowking|19/100 par
|move|p2a: Slowking|Sludge Bomb|p1a: Ursaluna
|-damage|p1a: Ursaluna|0 fnt
|faint|p1a: Ursaluna
|
|upkeep
|
|t:|1760398207
|switch|p1a: Zapdos|Zapdos|84/100
|turn|27
|
|t:|1760398213
|switch|p2a: Cinderace|Cinderace, F|65/100
|move|p1a: Zapdos|Volt Switch|p2a: Cinderace
|-damage|p2a: Cinderace|28/100
|
|t:|1760398216
|switch|p1a: Zamazenta|Zamazenta|100/100|[from] Volt Switch
|-damage|p1a: Zamazenta|94/100|[from] Stealth Rock
|
|upkeep
|turn|28
|
|t:|1760398224
|switch|p2a: Mandibuzz|Mandibuzz, F|85/100
|move|p1a: Zamazenta|Crunch|p2a: Mandibuzz
|-resisted|p2a: Mandibuzz
|-damage|p2a: Mandibuzz|75/100
|
|upkeep
|turn|29
|
|t:|1760398231
|switch|p1a: Zapdos|Zapdos|84/100
|switch|p2a: Slowking|Slowking-Galar, F, tera:Water|52/100 par
|
|upkeep
|turn|30
|
|t:|1760398239
|move|p1a: Zapdos|Volt Switch|p2a: Slowking
|-supereffective|p2a: Slowking
|-damage|p2a: Slowking|23/100 par
|
|t:|1760398241
|switch|p1a: Alomomola|Alomomola, F|100/100 tox|[from] Volt Switch
|-damage|p1a: Alomomola|88/100 tox|[from] Stealth Rock
|cant|p2a: Slowking|par
|
|-damage|p1a: Alomomola|82/100 tox|[from] psn
|upkeep
|turn|31
|
|t:|1760398254
|switch|p2a: Mandibuzz|Mandibuzz, F|75/100
|move|p1a: Alomomola|Flip Turn|p2a: Mandibuzz
|-damage|p2a: Mandibuzz|66/100
|
|t:|1760398259
|switch|p1a: Zapdos|Zapdos|84/100|[from] Flip Turn
|
|upkeep
|turn|32
|
|t:|1760398262
|switch|p2a: Slowking|Slowking-Galar, F, tera:Water|56/100 par
|move|p1a: Zapdos|Volt Switch|p2a: Slowking
|-supereffective|p2a: Slowking
|-damage|p2a: Slowking|26/100 par
|
|t:|1760398268
|switch|p1a: Zamazenta|Zamazenta|94/100|[from] Volt Switch
|-damage|p1a: Zamazenta|88/100|[from] Stealth Rock
|
|upkeep
|turn|33
|
|t:|1760398276
|switch|p2a: Mandibuzz|Mandibuzz, F|66/100
|move|p1a: Zamazenta|Close Combat|p2a: Mandibuzz
|-crit|p2a: Mandibuzz
|-damage|p2a: Mandibuzz|0 fnt
|-unboost|p1a: Zamazenta|def|1
|-unboost|p1a: Zamazenta|spd|1
|faint|p2a: Mandibuzz
|
|upkeep
|
|t:|1760398282
|switch|p2a: Reuniclus|Reuniclus, F|100/100
|turn|34
|
|t:|1760398285
|switch|p1a: Alomomola|Alomomola, F|100/100 tox
|-damage|p1a: Alomomola|88/100 tox|[from] Stealth Rock
|move|p2a: Reuniclus|Trick Room|p2a: Reuniclus
|-fieldstart|move: Trick Room|[of] p2a: Reuniclus
|
|-damage|p1a: Alomomola|82/100 tox|[from] psn
|upkeep
|turn|35
|
|t:|1760398294
|move|p2a: Reuniclus|Psychic|p1a: Alomomola
|-damage|p1a: Alomomola|45/100 tox
|move|p1a: Alomomola|Body Slam|p2a: Reuniclus
|-damage|p2a: Reuniclus|85/100
|
|-damage|p1a: Alomomola|33/100 tox|[from] psn
|upkeep
|turn|36
|
|t:|1760398307
|switch|p1a: Hatterene|Hatterene, F|64/100
|-damage|p1a: Hatterene|52/100|[from] Stealth Rock
|move|p2a: Reuniclus|Psychic|p1a: Hatterene
|-resisted|p1a: Hatterene
|-damage|p1a: Hatterene|17/100
|-unboost|p1a: Hatterene|spd|1
|
|upkeep
|turn|37
|
|t:|1760398320
|move|p2a: Reuniclus|Psychic|p1a: Hatterene
|-resisted|p1a: Hatterene
|-damage|p1a: Hatterene|0 fnt
|faint|p1a: Hatterene
|
|upkeep
|
|t:|1760398326
|switch|p1a: Alomomola|Alomomola, F|66/100 tox
|-damage|p1a: Alomomola|53/100 tox|[from] Stealth Rock
|turn|38
|inactive|linclown has 120 seconds left.
|
|t:|1760398358
|switch|p2a: Slowking|Slowking-Galar, F, tera:Water|59/100 par
|move|p1a: Alomomola|Flip Turn|p2a: Slowking
|-resisted|p2a: Slowking
|-damage|p2a: Slowking|51/100 par
|
|t:|1760398362
|switch|p1a: Darkrai|Darkrai|100/100|[from] Flip Turn
|-damage|p1a: Darkrai|88/100|[from] Stealth Rock
|
|-fieldend|move: Trick Room
|upkeep
|turn|39
|
|t:|1760398370
|move|p1a: Darkrai|Dark Pulse|p2a: Slowking
|-damage|p2a: Slowking|20/100 par
|move|p2a: Slowking|Sludge Bomb|p1a: Darkrai
|-damage|p1a: Darkrai|34/100
|
|upkeep
|turn|40
|
|t:|1760398377
|switch|p2a: Cinderace|Cinderace, F|28/100
|move|p1a: Darkrai|Dark Pulse|p2a: Cinderace
|-damage|p2a: Cinderace|0 fnt
|faint|p2a: Cinderace
|
|upkeep
|
|t:|1760398381
|switch|p2a: Slowking|Slowking-Galar, F, tera:Water|54/100 par
|turn|41
|
|t:|1760398386
|move|p1a: Darkrai|Dark Pulse|p2a: Slowking
|-damage|p2a: Slowking|22/100 par
|move|p2a: Slowking|Sludge Bomb|p1a: Darkrai
|-damage|p1a: Darkrai|0 fnt
|faint|p1a: Darkrai
|
|upkeep
|
|t:|1760398390
|switch|p1a: Zamazenta|Zamazenta|88/100
|-damage|p1a: Zamazenta|82/100|[from] Stealth Rock
|turn|42
|
|t:|1760398396
|switch|p2a: Reuniclus|Reuniclus, F|85/100
|move|p1a: Zamazenta|Crunch|p2a: Reuniclus
|-supereffective|p2a: Reuniclus
|-damage|p2a: Reuniclus|2/100
|
|upkeep
|turn|43
|
|t:|1760398400
|move|p1a: Zamazenta|Crunch|p2a: Reuniclus
|-supereffective|p2a: Reuniclus
|-damage|p2a: Reuniclus|0 fnt
|faint|p2a: Reuniclus
|
|upkeep
|
|t:|1760398402
|switch|p2a: Slowking|Slowking-Galar, F, tera:Water|55/100 par
|turn|44
|-message|linclown forfeited.
|
|win|getreyal
|raw|getreyal's rating: 1573 &rarr; <strong>1591</strong><br />(+18 for winning)
|raw|linclown's rating: 1542 &rarr; <strong>1524</strong><br />(-18 for losing)
|l|☆linclown
|player|p2|
|l|☆getreyal
|player|p1|
