|j|☆CuestaChu
|j|☆lolangfromketer
|t:|1760329551
|gametype|singles
|player|p1|CuestaChu|266|1110
|player|p2|lolangfromketer|veteran|1085
|gen|9
|tier|[Gen 9] OU
|rated|
|rule|HP Percentage Mod: HP is shown in percentages
|rule|Endless Battle Clause: Forcing endless battles is banned
|rule|Species Clause: Limit one of each Pokémon
|rule|OHKO Clause: OHKO moves are banned
|rule|Evasion Items Clause: Evasion items are banned
|rule|Evasion Moves Clause: Evasion moves are banned
|rule|Evasion Abilities Clause: Evasion abilities are banned
|rule|Sleep Moves Clause: Sleep-inducing moves are banned
|clearpoke
|poke|p1|Ogerpon-Wellspring, F|
|poke|p1|Corviknight, M|
|poke|p1|Skeledirge, M|
|poke|p1|Gastrodon, F|
|poke|p1|Venusaur, F|
|poke|p1|Clefable, M|
|poke|p2|Blaziken, M|
|poke|p2|Iron Valiant|
|poke|p2|Maushold-Four|
|poke|p2|Kingambit, M|
|poke|p2|Zoroark-Hisui, F|
|poke|p2|Porygon2|
|teampreview
|
|t:|1760329562
|teamsize|p1|6
|teamsize|p2|6
|start
|switch|p1a: Gastrodon|Gastrodon, F|100/100
|switch|p2a: Silent Orchestra|Maushold-Four, shiny|100/100
|turn|1
|
|t:|1760329576
|switch|p1a: Corviknight|Corviknight, M|100/100
|-ability|p1a: Corviknight|Pressure
|move|p2a: Silent Orchestra|Tidy Up|p2a: Silent Orchestra
|-boost|p2a: Silent Orchestra|atk|1
|-boost|p2a: Silent Orchestra|spe|1
|
|upkeep
|turn|2
|
|t:|1760329585
|-terastallize|p1a: Corviknight|Fighting
|move|p2a: Silent Orchestra|Tidy Up|p2a: Silent Orchestra
|-boost|p2a: Silent Orchestra|atk|1
|-boost|p2a: Silent Orchestra|spe|1
|move|p1a: Corviknight|Body Press|p2a: Silent Orchestra
|-supereffective|p2a: Silent Orchestra
|-damage|p2a: Silent Orchestra|3/100
|
|upkeep
|turn|3
|
|t:|1760329598
|move|p2a: Silent Orchestra|Population Bomb|p1a: Corviknight
|-damage|p1a: Corviknight|88/100
|-damage|p1a: Corviknight|75/100
|-damage|p1a: Corviknight|62/100
|-damage|p1a: Corviknight|49/100
|-damage|p1a: Corviknight|37/100
|-damage|p1a: Corviknight|25/100
|-damage|p1a: Corviknight|11/100
|-damage|p1a: Corviknight|0 fnt
|faint|p1a: Corviknight
|-hitcount|p1: Corviknight|8
|
|upkeep
|
|t:|1760329615
|switch|p1a: Skeledirge|Skeledirge, M|100/100
|turn|4
|
|t:|1760329623
|move|p2a: Silent Orchestra|Bite|p1a: Skeledirge
|-supereffective|p1a: Skeledirge
|-damage|p1a: Skeledirge|72/100
|cant|p1a: Skeledirge|flinch
|
|-heal|p1a: Skeledirge|78/100|[from] item: Leftovers
|upkeep
|turn|5
|
|t:|1760329633
|move|p2a: Silent Orchestra|Bite|p1a: Skeledirge
|-supereffective|p1a: Skeledirge
|-damage|p1a: Skeledirge|51/100
|move|p1a: Skeledirge|Torch Song|p2a: Silent Orchestra
|-damage|p2a: Silent Orchestra|0 fnt
|-boost|p1a: Skeledirge|spa|1
|faint|p2a: Silent Orchestra
|
|-heal|p1a: Skeledirge|57/100|[from] item: Leftovers
|upkeep
|
|t:|1760329650
|switch|p2a: 1.76 MHz|Porygon2, shiny|100/100
|turn|6
|
|t:|1760329654
|move|p1a: Skeledirge|Protect|p1a: Skeledirge
|-singleturn|p1a: Skeledirge|Protect
|move|p2a: 1.76 MHz|Nasty Plot|p2a: 1.76 MHz
|-boost|p2a: 1.76 MHz|spa|2
|
|-heal|p1a: Skeledirge|63/100|[from] item: Leftovers
|upkeep
|turn|7
|
|t:|1760329664
|move|p2a: 1.76 MHz|Shadow Ball|p1a: Skeledirge
|-supereffective|p1a: Skeledirge
|-damage|p1a: Skeledirge|2/100
|-unboost|p1a: Skeledirge|spd|1
|move|p1a: Skeledirge|Torch Song|p2a: 1.76 MHz
|-damage|p2a: 1.76 MHz|4/100
|-boost|p1a: Skeledirge|spa|1
|replace|p2a: Nothing There|Zoroark-Hisui, F, shiny
|-end|p2a: Nothing There|Illusion
|
|-heal|p1a: Skeledirge|8/100|[from] item: Leftovers
|upkeep
|turn|8
|
|t:|1760329683
|switch|p1a: Clefable|Clefable, M|100/100
|move|p2a: Nothing There|Shadow Ball|p1a: Clefable
|-damage|p1a: Clefable|26/100
|
|upkeep
|turn|9
|
|t:|1760329696
|move|p1a: Clefable|Protect|p1a: Clefable
|-singleturn|p1a: Clefable|Protect
|move|p2a: Nothing There|Hyper Voice|p1a: Clefable
|-activate|p1a: Clefable|move: Protect
|
|upkeep
|turn|10
|
|t:|1760329715
|move|p2a: Nothing There|Shadow Ball|p1a: Clefable
|-damage|p1a: Clefable|0 fnt
|faint|p1a: Clefable
|
|upkeep
|
|t:|1760329722
|switch|p1a: Venusaur|Venusaur, F|100/100
|turn|11
|
|t:|1760329731
|move|p2a: Nothing There|Hyper Voice|p1a: Venusaur
|-damage|p1a: Venusaur|19/100
|move|p1a: Venusaur|Leech Seed|p2a: Nothing There
|-start|p2a: Nothing There|move: Leech Seed
|
|-heal|p1a: Venusaur|25/100|[from] item: Black Sludge
|-damage|p2a: Nothing There|0 fnt|[from] Leech Seed|[of] p1a: Venusaur
|-heal|p1a: Venusaur|27/100|[silent]
|faint|p2a: Nothing There
|upkeep
|
|t:|1760329741
|switch|p2a: Ricardo|Blaziken, M, shiny|100/100
|turn|12
|
|t:|1760329748
|move|p1a: Venusaur|Protect|p1a: Venusaur
|-singleturn|p1a: Venusaur|Protect
|move|p2a: Ricardo|Bulk Up|p2a: Ricardo
|-boost|p2a: Ricardo|atk|1
|-boost|p2a: Ricardo|def|1
|
|-heal|p1a: Venusaur|33/100|[from] item: Black Sludge
|-ability|p2a: Ricardo|Speed Boost|boost
|-boost|p2a: Ricardo|spe|1
|upkeep
|turn|13
|
|t:|1760329763
|switch|p1a: Ogerpon|Ogerpon-Wellspring, F|100/100
|move|p2a: Ricardo|Bulk Up|p2a: Ricardo
|-boost|p2a: Ricardo|atk|1
|-boost|p2a: Ricardo|def|1
|
|-ability|p2a: Ricardo|Speed Boost|boost
|-boost|p2a: Ricardo|spe|1
|upkeep
|turn|14
|
|t:|1760329777
|move|p2a: Ricardo|Thunder Punch|p1a: Ogerpon
|-damage|p1a: Ogerpon|25/100
|move|p1a: Ogerpon|Ivy Cudgel|p2a: Ricardo|[anim] Ivy Cudgel Water
|-supereffective|p2a: Ricardo
|-damage|p2a: Ricardo|6/100
|
|-ability|p2a: Ricardo|Speed Boost|boost
|-boost|p2a: Ricardo|spe|1
|upkeep
|turn|15
|
|t:|1760329795
|move|p2a: Ricardo|Thunder Punch|p1a: Ogerpon
|-damage|p1a: Ogerpon|0 fnt
|faint|p1a: Ogerpon
|
|-ability|p2a: Ricardo|Speed Boost|boost
|-boost|p2a: Ricardo|spe|1
|upkeep
|
|t:|1760329807
|switch|p1a: Skeledirge|Skeledirge, M|8/100
|turn|16
|
|t:|1760329811
|move|p1a: Skeledirge|Protect|p1a: Skeledirge
|-singleturn|p1a: Skeledirge|Protect
|move|p2a: Ricardo|Thunder Punch|p1a: Skeledirge
|-activate|p1a: Skeledirge|move: Protect
|
|-heal|p1a: Skeledirge|14/100|[from] item: Leftovers
|-ability|p2a: Ricardo|Speed Boost|boost
|-boost|p2a: Ricardo|spe|1
|upkeep
|turn|17
|
|t:|1760329821
|move|p2a: Ricardo|Thunder Punch|p1a: Skeledirge
|-damage|p1a: Skeledirge|0 fnt
|faint|p1a: Skeledirge
|
|-ability|p2a: Ricardo|Speed Boost|boost
|-boost|p2a: Ricardo|spe|1
|upkeep
|
|t:|1760329829
|switch|p1a: Gastrodon|Gastrodon, F|100/100
|turn|18
|
|t:|1760329835
|move|p2a: Ricardo|Close Combat|p1a: Gastrodon
|-damage|p1a: Gastrodon|0 fnt
|-unboost|p2a: Ricardo|def|1
|-unboost|p2a: Ricardo|spd|1
|faint|p1a: Gastrodon
|
|upkeep
|-message|CuestaChu forfeited.
|
|win|lolangfromketer
|raw|CuestaChu's rating: 1110 &rarr; <strong>1083</strong><br />(-27 for losing)
|raw|lolangfromketer's rating: 1085 &rarr; <strong>1114</strong><br />(+29 for winning)
|l|☆CuestaChu
|player|p1|
|l|☆lolangfromketer
|player|p2|
