|j|☆VermillionPrayer
|j|☆nova_flame2
|t:|1760397040
|gametype|singles
|player|p1|VermillionPrayer|sabrina|1066
|player|p2|nova_flame2|benga|1088
|gen|9
|tier|[Gen 9] OU
|rated|
|rule|HP Percentage Mod: HP is shown in percentages
|rule|Endless Battle Clause: Forcing endless battles is banned
|rule|Species Clause: Limit one of each Pokémon
|rule|OHKO Clause: OHKO moves are banned
|rule|Evasion Items Clause: Evasion items are banned
|rule|Evasion Moves Clause: Evasion moves are banned
|rule|Evasion Abilities Clause: Evasion abilities are banned
|rule|Sleep Moves Clause: Sleep-inducing moves are banned
|clearpoke
|poke|p1|Seviper, F|
|poke|p1|Sandaconda, M|
|poke|p1|Arbok, F|
|poke|p1|Serperior, F|
|poke|p1|Milotic, M|
|poke|p1|Eelektross, M|
|poke|p2|Garchomp, M|
|poke|p2|Gardevoir, F|
|poke|p2|Ceruledge, M|
|poke|p2|Mimikyu, M|
|poke|p2|Gholdengo|
|poke|p2|Umbreon, M|
|teampreview
|c|☆nova_flame2|snake
|
|t:|1760397068
|teamsize|p1|6
|teamsize|p2|6
|start
|switch|p1a: Sandaconda|Sandaconda, M, shiny|100/100
|switch|p2a: Chomper|Garchomp, M, shiny|100/100
|turn|1
|
|t:|1760397076
|move|p2a: Chomper|Swords Dance|p2a: Chomper
|-boost|p2a: Chomper|atk|2
|move|p1a: Sandaconda|Glare|p2a: Chomper
|-status|p2a: Chomper|par
|
|upkeep
|turn|2
|
|t:|1760397083
|move|p1a: Sandaconda|Stealth Rock|p2a: Chomper
|-sidestart|p2: nova_flame2|move: Stealth Rock
|cant|p2a: Chomper|par
|
|upkeep
|turn|3
|
|t:|1760397088
|switch|p1a: Milotic|Milotic, M, shiny|100/100
|move|p2a: Chomper|Scale Shot|p1a: Milotic
|-damage|p1a: Milotic|75/100
|-damage|p1a: Milotic|50/100
|-damage|p1a: Milotic|26/100
|-damage|p1a: Milotic|0 fnt
|faint|p1a: Milotic
|-hitcount|p1: Milotic|4
|-unboost|p2a: Chomper|def|1
|-boost|p2a: Chomper|spe|1
|
|upkeep
|
|t:|1760397100
|switch|p1a: Seviper|Seviper, F|100/100
|turn|4
|
|t:|1760397104
|cant|p2a: Chomper|par
|move|p1a: Seviper|Toxic||[still]
|-fail|p1a: Seviper
|
|upkeep
|turn|5
|
|t:|1760397114
|move|p2a: Chomper|Earthquake|p1a: Seviper
|-supereffective|p1a: Seviper
|-crit|p1a: Seviper
|-damage|p1a: Seviper|0 fnt
|faint|p1a: Seviper
|
|upkeep
|inactive|Battle timer is ON: inactive players will automatically lose when time's up. (requested by nova_flame2)
|
|t:|1760397130
|switch|p1a: Arbok|Arbok, F|100/100
|-ability|p1a: Arbok|Intimidate|boost
|-unboost|p2a: Chomper|atk|1
|turn|6
|
|t:|1760397137
|move|p1a: Arbok|Double-Edge|p2a: Chomper
|-damage|p2a: Chomper|22/100 par
|-damage|p1a: Arbok|88/100|[from] ability: Rough Skin|[of] p2a: Chomper
|-damage|p1a: Arbok|53/100|[from] Recoil
|move|p2a: Chomper|Earthquake|p1a: Arbok
|-supereffective|p1a: Arbok
|-damage|p1a: Arbok|0 fnt
|faint|p1a: Arbok
|
|upkeep
|
|t:|1760397147
|switch|p1a: Eelektross|Eelektross, M|100/100
|turn|7
|
|t:|1760397153
|move|p2a: Chomper|Earthquake|p1a: Eelektross
|-immune|p1a: Eelektross|[from] ability: Levitate
|move|p1a: Eelektross|Flamethrower|p2a: Chomper
|-resisted|p2a: Chomper
|-damage|p2a: Chomper|7/100 par
|
|upkeep
|turn|8
|c|☆nova_flame2|oh I forgot
|
|t:|1760397165
|move|p2a: Chomper|Iron Head|p1a: Eelektross
|-resisted|p1a: Eelektross
|-damage|p1a: Eelektross|76/100
|move|p1a: Eelektross|Flamethrower|p2a: Chomper
|-resisted|p2a: Chomper
|-damage|p2a: Chomper|0 fnt
|faint|p2a: Chomper
|
|upkeep
|
|t:|1760397181
|switch|p2a: goldy|Gholdengo, shiny|100/100
|-damage|p2a: goldy|94/100|[from] Stealth Rock
|turn|9
|
|t:|1760397187
|move|p2a: goldy|Make It Rain|p1a: Eelektross
|-resisted|p1a: Eelektross
|-damage|p1a: Eelektross|52/100
|-unboost|p2a: goldy|spa|1
|move|p1a: Eelektross|Flamethrower|p2a: goldy
|-supereffective|p2a: goldy
|-damage|p2a: goldy|27/100
|
|upkeep
|turn|10
|
|t:|1760397196
|switch|p2a: Shadow|Umbreon, M, shiny|100/100
|-damage|p2a: Shadow|88/100|[from] Stealth Rock
|move|p1a: Eelektross|Flamethrower|p2a: Shadow
|-damage|p2a: Shadow|68/100
|
|-heal|p2a: Shadow|74/100|[from] item: Leftovers
|upkeep
|turn|11
|
|t:|1760397204
|move|p2a: Shadow|Wish|p2a: Shadow
|move|p1a: Eelektross|Drain Punch|p2a: Shadow
|-supereffective|p2a: Shadow
|-damage|p2a: Shadow|48/100
|-heal|p1a: Eelektross|65/100|[from] drain|[of] p2a: Shadow
|
|-heal|p2a: Shadow|54/100|[from] item: Leftovers
|upkeep
|turn|12
|
|t:|1760397211
|move|p2a: Shadow|Foul Play|p1a: Eelektross
|-damage|p1a: Eelektross|27/100
|move|p1a: Eelektross|Drain Punch|p2a: Shadow
|-supereffective|p2a: Shadow
|-damage|p2a: Shadow|29/100
|-heal|p1a: Eelektross|40/100|[from] drain|[of] p2a: Shadow
|
|-heal|p2a: Shadow|79/100|[from] move: Wish|[wisher] Shadow
|-heal|p2a: Shadow|86/100|[from] item: Leftovers
|upkeep
|turn|13
|
|t:|1760397221
|move|p2a: Shadow|Foul Play|p1a: Eelektross
|-crit|p1a: Eelektross
|-damage|p1a: Eelektross|0 fnt
|faint|p1a: Eelektross
|
|-heal|p2a: Shadow|92/100|[from] item: Leftovers
|upkeep
|
|t:|1760397230
|switch|p1a: Sandaconda|Sandaconda, M, shiny|100/100
|turn|14
|c|☆nova_flame2|yay a crit
|
|t:|1760397237
|move|p1a: Sandaconda|Glare|p2a: Shadow
|-status|p2a: Shadow|par
|cant|p2a: Shadow|par
|
|-heal|p2a: Shadow|98/100 par|[from] item: Leftovers
|upkeep
|turn|15
|
|t:|1760397244
|switch|p1a: Serperior|Serperior, F|100/100
|cant|p2a: Shadow|par
|
|-heal|p2a: Shadow|100/100 par|[from] item: Leftovers
|upkeep
|turn|16
|
|t:|1760397250
|move|p1a: Serperior|Taunt|p2a: Shadow
|-start|p2a: Shadow|move: Taunt
|cant|p2a: Shadow|move: Taunt|Toxic
|
|upkeep
|turn|17
|
|t:|1760397255
|move|p1a: Serperior|Leaf Storm|p2a: Shadow
|-damage|p2a: Shadow|75/100 par
|-boost|p1a: Serperior|spa|2
|move|p2a: Shadow|Foul Play|p1a: Serperior
|-damage|p1a: Serperior|82/100
|-damage|p2a: Shadow|59/100 par|[from] item: Rocky Helmet|[of] p1a: Serperior
|
|-heal|p2a: Shadow|65/100 par|[from] item: Leftovers
|upkeep
|turn|18
|
|t:|1760397264
|switch|p2a: Knight|Ceruledge, M, shiny|100/100
|-damage|p2a: Knight|75/100|[from] Stealth Rock
|move|p1a: Serperior|Leech Seed|p2a: Knight
|-start|p2a: Knight|move: Leech Seed
|
|-damage|p2a: Knight|63/100|[from] Leech Seed|[of] p1a: Serperior
|-heal|p1a: Serperior|92/100|[silent]
|upkeep
|turn|19
|
|t:|1760397274
|-terastallize|p1a: Serperior|Fighting
|move|p1a: Serperior|Leaf Storm|p2a: Knight
|-resisted|p2a: Knight
|-damage|p2a: Knight|23/100
|-boost|p1a: Serperior|spa|2
|move|p2a: Knight|Bitter Blade|p1a: Serperior
|-damage|p1a: Serperior|47/100
|-heal|p2a: Knight|49/100|[from] drain|[of] p1a: Serperior
|-damage|p2a: Knight|33/100|[from] item: Rocky Helmet|[of] p1a: Serperior
|
|-damage|p2a: Knight|21/100|[from] Leech Seed|[of] p1a: Serperior
|-heal|p1a: Serperior|57/100|[silent]
|upkeep
|turn|20
|
|t:|1760397290
|-terastallize|p2a: Knight|Fighting
|move|p2a: Knight|Shadow Sneak|p1a: Serperior
|-damage|p1a: Serperior|36/100
|-damage|p2a: Knight|4/100|[from] item: Rocky Helmet|[of] p1a: Serperior
|move|p1a: Serperior|Leaf Storm|p2a: Knight
|-damage|p2a: Knight|0 fnt
|-boost|p1a: Serperior|spa|2
|faint|p2a: Knight
|
|upkeep
|
|t:|1760397295
|switch|p2a: Gardi|Gardevoir, F, shiny|100/100
|-damage|p2a: Gardi|88/100|[from] Stealth Rock
|-ability|p2a: Gardi|Contrary|Trace|[from] ability: Trace|[of] p1a: Serperior
|turn|21
|
|t:|1760397308
|move|p1a: Serperior|Taunt|p2a: Gardi
|-start|p2a: Gardi|move: Taunt
|move|p2a: Gardi|Moonblast|p1a: Serperior
|-supereffective|p1a: Serperior
|-damage|p1a: Serperior|0 fnt
|faint|p1a: Serperior
|
|upkeep
|
|t:|1760397315
|switch|p1a: Sandaconda|Sandaconda, M, shiny|100/100
|turn|22
|
|t:|1760397318
|move|p2a: Gardi|Psyshock|p1a: Sandaconda
|-damage|p1a: Sandaconda|73/100
|move|p1a: Sandaconda|Glare|p2a: Gardi
|-status|p2a: Gardi|par
|
|upkeep
|turn|23
|
|t:|1760397323
|move|p1a: Sandaconda|Earthquake|p2a: Gardi
|-damage|p2a: Gardi|28/100 par
|cant|p2a: Gardi|par
|
|-end|p2a: Gardi|move: Taunt
|upkeep
|turn|24
|
|t:|1760397329
|move|p1a: Sandaconda|Earthquake|p2a: Gardi
|-damage|p2a: Gardi|0 fnt
|faint|p2a: Gardi
|
|upkeep
|
|t:|1760397332
|switch|p2a: Mimikyu|Mimikyu, M, shiny|100/100
|-damage|p2a: Mimikyu|88/100|[from] Stealth Rock
|turn|25
|
|t:|1760397336
|move|p2a: Mimikyu|Wood Hammer|p1a: Sandaconda
|-supereffective|p1a: Sandaconda
|-damage|p1a: Sandaconda|22/100
|-damage|p2a: Mimikyu|72/100|[from] item: Rocky Helmet|[of] p1a: Sandaconda
|-damage|p2a: Mimikyu|49/100|[from] Recoil
|-damage|p2a: Mimikyu|39/100|[from] item: Life Orb
|move|p1a: Sandaconda|Glare|p2a: Mimikyu
|-status|p2a: Mimikyu|par
|
|upkeep
|turn|26
|
|t:|1760397345
|move|p1a: Sandaconda|Rest|p1a: Sandaconda
|-status|p1a: Sandaconda|slp|[from] move: Rest
|-heal|p1a: Sandaconda|100/100 slp|[silent]
|move|p2a: Mimikyu|Wood Hammer|p1a: Sandaconda
|-supereffective|p1a: Sandaconda
|-crit|p1a: Sandaconda
|-damage|p1a: Sandaconda|21/100 slp
|-damage|p2a: Mimikyu|22/100 par|[from] item: Rocky Helmet|[of] p1a: Sandaconda
|-damage|p2a: Mimikyu|0 fnt|[from] Recoil
|faint|p2a: Mimikyu
|
|upkeep
|
|t:|1760397355
|switch|p2a: goldy|Gholdengo, shiny|27/100
|-damage|p2a: goldy|21/100|[from] Stealth Rock
|turn|27
|
|t:|1760397361
|move|p2a: goldy|Shadow Ball|p1a: Sandaconda
|-damage|p1a: Sandaconda|0 fnt
|faint|p1a: Sandaconda
|
|win|nova_flame2
|raw|VermillionPrayer's rating: 1066 &rarr; <strong>1047</strong><br />(-19 for losing)
|raw|nova_flame2's rating: 1088 &rarr; <strong>1113</strong><br />(+25 for winning)
|l|☆VermillionPrayer
|player|p1|
|c|☆nova_flame2|gg
