|j|☆Hybbridd
|j|☆Kanehusky13
|t:|1760363031
|gametype|singles
|player|p1|Hybbridd|lucas-gen4pt|1660
|player|p2|Kanehusky13|169|1608
|gen|9
|tier|[Gen 9] OU
|rated|
|rule|HP Percentage Mod: HP is shown in percentages
|rule|Endless Battle Clause: Forcing endless battles is banned
|rule|Species Clause: Limit one of each Pokémon
|rule|OHKO Clause: OHKO moves are banned
|rule|Evasion Items Clause: Evasion items are banned
|rule|Evasion Moves Clause: Evasion moves are banned
|rule|Evasion Abilities Clause: Evasion abilities are banned
|rule|Sleep Moves Clause: Sleep-inducing moves are banned
|clearpoke
|poke|p1|Landorus-Therian, M|
|poke|p1|Samurott-Hisui, F|
|poke|p1|Pecharunt|
|poke|p1|Scizor, M|
|poke|p1|Latios, M|
|poke|p1|Zamazenta-*|
|poke|p2|Dragapult, M|
|poke|p2|Glimmora, M|
|poke|p2|Comfey, M|
|poke|p2|Kingambit, M|
|poke|p2|Ogerpon-Wellspring, F|
|poke|p2|Blaziken, M|
|teampreview
|
|t:|1760363044
|teamsize|p1|6
|teamsize|p2|6
|start
|switch|p1a: Samurott|Samurott-Hisui, F|100/100
|switch|p2a: Blaziken|Blaziken, M, shiny|100/100
|turn|1
|
|t:|1760363052
|switch|p1a: Landorus|Landorus-Therian, M|100/100
|-ability|p1a: Landorus|Intimidate|boost
|-unboost|p2a: Blaziken|atk|1
|move|p2a: Blaziken|Protect||[still]
|-fail|p2a: Blaziken
|
|-ability|p2a: Blaziken|Speed Boost|boost
|-boost|p2a: Blaziken|spe|1
|upkeep
|turn|2
|
|t:|1760363062
|switch|p2a: Ogerpon|Ogerpon-Wellspring, F|100/100
|move|p1a: Landorus|Stealth Rock|p2a: Ogerpon
|-sidestart|p2: Kanehusky13|move: Stealth Rock
|
|upkeep
|turn|3
|
|t:|1760363067
|switch|p1a: Pecharunt|Pecharunt|100/100
|move|p2a: Ogerpon|Ivy Cudgel|p1a: Pecharunt|[anim] Ivy Cudgel Water
|-damage|p1a: Pecharunt|66/100
|
|upkeep
|turn|4
|
|t:|1760363073
|move|p2a: Ogerpon|Spikes|p1a: Pecharunt
|-sidestart|p1: Hybbridd|Spikes
|move|p1a: Pecharunt|Shadow Ball|p2a: Ogerpon
|-damage|p2a: Ogerpon|70/100
|
|upkeep
|turn|5
|
|t:|1760363083
|move|p2a: Ogerpon|U-turn|p1a: Pecharunt
|-resisted|p1a: Pecharunt
|-damage|p1a: Pecharunt|62/100
|
|t:|1760363085
|switch|p2a: Glimmora|Glimmora, M, shiny|100/100|[from] U-turn
|-damage|p2a: Glimmora|88/100|[from] Stealth Rock
|move|p1a: Pecharunt|Recover|p1a: Pecharunt
|-heal|p1a: Pecharunt|100/100
|
|upkeep
|turn|6
|
|t:|1760363093
|move|p1a: Pecharunt|Parting Shot|p2a: Glimmora
|-unboost|p2a: Glimmora|atk|1
|-unboost|p2a: Glimmora|spa|1
|
|t:|1760363095
|switch|p1a: Scizor|Scizor, M|100/100|[from] Parting Shot
|move|p2a: Glimmora|Stealth Rock|p1a: Scizor
|-sidestart|p1: Hybbridd|move: Stealth Rock
|
|upkeep
|turn|7
|
|t:|1760363099
|switch|p2a: Blaziken|Blaziken, M, shiny|100/100
|-damage|p2a: Blaziken|88/100|[from] Stealth Rock
|move|p1a: Scizor|Bullet Punch|p2a: Blaziken
|-resisted|p2a: Blaziken
|-damage|p2a: Blaziken|63/100
|
|upkeep
|turn|8
|
|t:|1760363108
|switch|p1a: Landorus|Landorus-Therian, M|100/100
|-damage|p1a: Landorus|88/100|[from] Stealth Rock
|-ability|p1a: Landorus|Intimidate|boost
|-unboost|p2a: Blaziken|atk|1
|move|p2a: Blaziken|Flare Blitz|p1a: Landorus
|-damage|p1a: Landorus|30/100
|-damage|p2a: Blaziken|46/100|[from] item: Rocky Helmet|[of] p1a: Landorus
|-damage|p2a: Blaziken|22/100|[from] Recoil
|-damage|p2a: Blaziken|12/100|[from] item: Life Orb
|
|-ability|p2a: Blaziken|Speed Boost|boost
|-boost|p2a: Blaziken|spe|1
|upkeep
|turn|9
|
|t:|1760363116
|move|p2a: Blaziken|Protect|p2a: Blaziken
|-singleturn|p2a: Blaziken|Protect
|move|p1a: Landorus|U-turn|p2a: Blaziken
|-activate|p2a: Blaziken|move: Protect
|
|-ability|p2a: Blaziken|Speed Boost|boost
|-boost|p2a: Blaziken|spe|1
|upkeep
|turn|10
|
|t:|1760363120
|move|p2a: Blaziken|Flare Blitz|p1a: Landorus
|-damage|p1a: Landorus|0 fnt
|-damage|p2a: Blaziken|0 fnt|[from] item: Rocky Helmet|[of] p1a: Landorus
|faint|p1a: Landorus
|faint|p2a: Blaziken
|
|upkeep
|
|t:|1760363131
|switch|p1a: Latios|Latios, M|100/100
|switch|p2a: Ogerpon|Ogerpon-Wellspring, F|70/100
|-damage|p2a: Ogerpon|57/100|[from] Stealth Rock
|-damage|p1a: Latios|88/100|[from] Stealth Rock
|turn|11
|
|t:|1760363139
|move|p2a: Ogerpon|U-turn|p1a: Latios
|-supereffective|p1a: Latios
|-damage|p1a: Latios|16/100
|
|t:|1760363143
|switch|p2a: Comfey|Comfey, M, shiny|100/100|[from] U-turn
|-damage|p2a: Comfey|88/100|[from] Stealth Rock
|move|p1a: Latios|Draco Meteor|p2a: Comfey
|-immune|p2a: Comfey
|
|upkeep
|turn|12
|
|t:|1760363157
|switch|p1a: Scizor|Scizor, M|100/100
|move|p2a: Comfey|Substitute|p2a: Comfey
|-start|p2a: Comfey|Substitute
|-damage|p2a: Comfey|63/100
|
|upkeep
|turn|13
|
|t:|1760363163
|-terastallize|p2a: Comfey|Ground
|move|p2a: Comfey|Tera Blast|p1a: Scizor|[anim] Tera Blast Ground
|-damage|p1a: Scizor|40/100
|-damage|p2a: Comfey|53/100|[from] item: Life Orb
|move|p1a: Scizor|Swords Dance|p1a: Scizor
|-boost|p1a: Scizor|atk|2
|
|upkeep
|turn|14
|
|t:|1760363178
|move|p1a: Scizor|Bullet Punch|p2a: Comfey
|-end|p2a: Comfey|Substitute
|move|p2a: Comfey|Tera Blast|p1a: Scizor|[anim] Tera Blast Ground
|-damage|p1a: Scizor|0 fnt
|faint|p1a: Scizor
|-damage|p2a: Comfey|43/100|[from] item: Life Orb
|
|upkeep
|
|t:|1760363185
|switch|p1a: Samurott|Samurott-Hisui, F|100/100
|-damage|p1a: Samurott|88/100|[from] Spikes
|-damage|p1a: Samurott|76/100|[from] Stealth Rock
|turn|15
|
|t:|1760363188
|-terastallize|p1a: Samurott|Ground
|move|p2a: Comfey|Draining Kiss|p1a: Samurott
|-damage|p1a: Samurott|47/100
|-heal|p2a: Comfey|67/100|[from] drain|[of] p1a: Samurott
|-damage|p2a: Comfey|58/100|[from] item: Life Orb
|move|p1a: Samurott|Ceaseless Edge|p2a: Comfey
|-damage|p2a: Comfey|0 fnt
|-sidestart|p2: Kanehusky13|Spikes
|faint|p2a: Comfey
|
|upkeep
|
|t:|1760363195
|switch|p2a: Glimmora|Glimmora, M, shiny|88/100
|-damage|p2a: Glimmora|76/100|[from] Stealth Rock
|-damage|p2a: Glimmora|63/100|[from] Spikes
|turn|16
|
|t:|1760363205
|move|p1a: Samurott|Ceaseless Edge|p2a: Glimmora
|-damage|p2a: Glimmora|30/100
|-activate|p2a: Glimmora|ability: Toxic Debris
|-sidestart|p1: Hybbridd|move: Toxic Spikes
|-sidestart|p2: Kanehusky13|Spikes
|-enditem|p2a: Glimmora|Red Card|[of] p1a: Samurott
|drag|p1a: Zamazenta|Zamazenta|100/100
|-damage|p1a: Zamazenta|88/100|[from] Spikes
|-damage|p1a: Zamazenta|82/100|[from] Stealth Rock
|-status|p1a: Zamazenta|psn
|-ability|p1a: Zamazenta|Dauntless Shield|boost
|-boost|p1a: Zamazenta|def|1
|move|p2a: Glimmora|Mortal Spin|p1a: Zamazenta
|-crit|p1a: Zamazenta
|-damage|p1a: Zamazenta|75/100 psn
|-sideend|p2: Kanehusky13|Spikes|[from] move: Mortal Spin|[of] p2a: Glimmora
|-sideend|p2: Kanehusky13|Stealth Rock|[from] move: Mortal Spin|[of] p2a: Glimmora
|
|-heal|p1a: Zamazenta|81/100 psn|[from] item: Leftovers
|-damage|p1a: Zamazenta|68/100 psn|[from] psn
|upkeep
|turn|17
|
|t:|1760363219
|move|p1a: Zamazenta|Body Press|p2a: Glimmora
|-damage|p2a: Glimmora|0 fnt
|-activate|p2a: Glimmora|ability: Toxic Debris
|-sidestart|p1: Hybbridd|move: Toxic Spikes
|faint|p2a: Glimmora
|
|-heal|p1a: Zamazenta|74/100 psn|[from] item: Leftovers
|-damage|p1a: Zamazenta|62/100 psn|[from] psn
|upkeep
|
|t:|1760363224
|switch|p2a: Dragapult|Dragapult, M, shiny|100/100
|turn|18
|
|t:|1760363235
|move|p2a: Dragapult|Draco Meteor|p1a: Zamazenta
|-damage|p1a: Zamazenta|0 fnt
|-unboost|p2a: Dragapult|spa|2
|faint|p1a: Zamazenta
|-damage|p2a: Dragapult|91/100|[from] item: Life Orb
|
|upkeep
|
|t:|1760363239
|switch|p1a: Pecharunt|Pecharunt|100/100
|-sideend|p1: Hybbridd|move: Toxic Spikes|[of] p1a: Pecharunt
|turn|19
|-message|Hybbridd forfeited.
|
|win|Kanehusky13
|raw|Hybbridd's rating: 1660 &rarr; <strong>1637</strong><br />(-23 for losing)
|raw|Kanehusky13's rating: 1608 &rarr; <strong>1631</strong><br />(+23 for winning)
|l|☆Hybbridd
|player|p1|
|l|☆Kanehusky13
|player|p2|
