|j|☆Top1SSSsteenee
|j|☆nalyd3131
|t:|1760358120
|gametype|singles
|player|p1|Top1SSSsteenee|mallow|1244
|player|p2|nalyd3131|265|1296
|gen|9
|tier|[Gen 9] OU
|rated|
|rule|HP Percentage Mod: HP is shown in percentages
|rule|Endless Battle Clause: Forcing endless battles is banned
|rule|Species Clause: Limit one of each Pokémon
|rule|OHKO Clause: OHKO moves are banned
|rule|Evasion Items Clause: Evasion items are banned
|rule|Evasion Moves Clause: Evasion moves are banned
|rule|Evasion Abilities Clause: Evasion abilities are banned
|rule|Sleep Moves Clause: Sleep-inducing moves are banned
|clearpoke
|poke|p1|Ninetales-Alola, F|
|poke|p1|Cetitan, M|
|poke|p1|Kyurem|
|poke|p1|Slowking-Galar, M|
|poke|p1|Sandslash-Alola, M|
|poke|p1|Iron Treads|
|poke|p2|Great Tusk|
|poke|p2|Pecharunt|
|poke|p2|Garganacl, M|
|poke|p2|Samurott-Hisui, M|
|poke|p2|Gliscor, F|
|poke|p2|Dragonite, F|
|teampreview
|inactive|Battle timer is ON: inactive players will automatically lose when time's up. (requested by nalyd3131)
|inactive|Top1SSSsteenee also wants the timer to be on.
|
|t:|1760358136
|teamsize|p1|6
|teamsize|p2|6
|start
|switch|p1a: Jingle bells|Ninetales-Alola, F|100/100
|switch|p2a: Garganacl|Garganacl, M|100/100
|-weather|Snowscape|[from] ability: Snow Warning|[of] p1a: Jingle bells
|turn|1
|
|t:|1760358164
|move|p1a: Jingle bells|Freeze-Dry|p2a: Garganacl
|-damage|p2a: Garganacl|86/100
|move|p2a: Garganacl|Stealth Rock|p1a: Jingle bells
|-sidestart|p1: Top1SSSsteenee|move: Stealth Rock
|
|-weather|Snowscape|[upkeep]
|-heal|p2a: Garganacl|92/100|[from] item: Leftovers
|upkeep
|turn|2
|
|t:|1760358173
|move|p1a: Jingle bells|Moonblast|p2a: Garganacl
|-damage|p2a: Garganacl|75/100
|move|p2a: Garganacl|Salt Cure|p1a: Jingle bells
|-supereffective|p1a: Jingle bells
|-damage|p1a: Jingle bells|76/100
|-start|p1a: Jingle bells|Salt Cure
|
|-weather|Snowscape|[upkeep]
|-heal|p2a: Garganacl|81/100|[from] item: Leftovers
|-damage|p1a: Jingle bells|64/100|[from] Salt Cure
|upkeep
|turn|3
|
|t:|1760358190
|move|p1a: Jingle bells|Moonblast|p2a: Garganacl
|-damage|p2a: Garganacl|61/100
|move|p2a: Garganacl|Salt Cure|p1a: Jingle bells
|-supereffective|p1a: Jingle bells
|-damage|p1a: Jingle bells|39/100
|
|-weather|Snowscape|[upkeep]
|-heal|p2a: Garganacl|68/100|[from] item: Leftovers
|-damage|p1a: Jingle bells|27/100|[from] Salt Cure
|upkeep
|turn|4
|
|t:|1760358201
|move|p1a: Jingle bells|Moonblast|p2a: Garganacl
|-damage|p2a: Garganacl|49/100
|move|p2a: Garganacl|Recover|p2a: Garganacl
|-heal|p2a: Garganacl|99/100
|
|-weather|Snowscape|[upkeep]
|-heal|p2a: Garganacl|100/100|[from] item: Leftovers
|-damage|p1a: Jingle bells|14/100|[from] Salt Cure
|upkeep
|turn|5
|
|t:|1760358211
|move|p2a: Garganacl|Protect|p2a: Garganacl
|-singleturn|p2a: Garganacl|Protect
|move|p1a: Jingle bells|Moonblast|p2a: Garganacl
|-activate|p2a: Garganacl|move: Protect
|
|-weather|none
|-damage|p1a: Jingle bells|2/100|[from] Salt Cure
|upkeep
|turn|6
|
|t:|1760358221
|move|p1a: Jingle bells|Moonblast|p2a: Garganacl
|-damage|p2a: Garganacl|82/100
|move|p2a: Garganacl|Salt Cure|p1a: Jingle bells
|-supereffective|p1a: Jingle bells
|-damage|p1a: Jingle bells|0 fnt
|faint|p1a: Jingle bells
|
|-heal|p2a: Garganacl|88/100|[from] item: Leftovers
|upkeep
|inactive|Top1SSSsteenee has 120 seconds left.
|
|t:|1760358252
|switch|p1a: Oh what fun|Slowking-Galar, M|100/100
|turn|7
|
|t:|1760358257
|move|p2a: Garganacl|Salt Cure|p1a: Oh what fun
|-damage|p1a: Oh what fun|86/100
|-start|p1a: Oh what fun|Salt Cure
|-prepare|p1a: Oh what fun|Chilly Reception|[premajor]
|move|p1a: Oh what fun|Chilly Reception|p1a: Oh what fun
|-weather|Snowscape
|inactive|Top1SSSsteenee has 120 seconds left.
|
|t:|1760358283
|switch|p1a: It is to ride at a|Sandslash-Alola, M|100/100|[from] Chilly Reception
|-damage|p1a: It is to ride at a|88/100|[from] Stealth Rock
|
|-weather|Snowscape|[upkeep]
|-heal|p2a: Garganacl|94/100|[from] item: Leftovers
|upkeep
|turn|8
|
|t:|1760358292
|-terastallize|p2a: Garganacl|Water
|move|p1a: It is to ride at a|Iron Head|p2a: Garganacl
|-resisted|p2a: Garganacl
|-damage|p2a: Garganacl|75/100
|cant|p2a: Garganacl|flinch
|
|-weather|Snowscape|[upkeep]
|-heal|p2a: Garganacl|81/100|[from] item: Leftovers
|upkeep
|turn|9
|inactive|Top1SSSsteenee has 120 seconds left.
|inactive|Top1SSSsteenee has 90 seconds left.
|c|☆nalyd3131|Gl
|
|t:|1760358344
|switch|p1a: Jingle all the way|Kyurem|100/100
|-damage|p1a: Jingle all the way|75/100|[from] Stealth Rock
|-ability|p1a: Jingle all the way|Pressure
|move|p2a: Garganacl|Salt Cure|p1a: Jingle all the way
|-supereffective|p1a: Jingle all the way
|-damage|p1a: Jingle all the way|54/100
|-start|p1a: Jingle all the way|Salt Cure
|
|-weather|Snowscape|[upkeep]
|-heal|p2a: Garganacl|87/100|[from] item: Leftovers
|-damage|p1a: Jingle all the way|42/100|[from] Salt Cure
|upkeep
|turn|10
|
|t:|1760358362
|move|p2a: Garganacl|Protect|p2a: Garganacl
|-singleturn|p2a: Garganacl|Protect
|move|p1a: Jingle all the way|Freeze-Dry|p2a: Garganacl
|-activate|p2a: Garganacl|move: Protect
|
|-weather|Snowscape|[upkeep]
|-heal|p2a: Garganacl|93/100|[from] item: Leftovers
|-damage|p1a: Jingle all the way|29/100|[from] Salt Cure
|upkeep
|turn|11
|
|t:|1760358374
|switch|p2a: Pecharunt|Pecharunt|100/100
|-item|p2a: Pecharunt|Air Balloon
|move|p1a: Jingle all the way|Freeze-Dry|p2a: Pecharunt
|-damage|p2a: Pecharunt|46/100
|-status|p2a: Pecharunt|frz
|-enditem|p2a: Pecharunt|Air Balloon
|
|-weather|none
|-damage|p1a: Jingle all the way|17/100|[from] Salt Cure
|upkeep
|turn|12
|
|t:|1760358387
|switch|p1a: Oh what fun|Slowking-Galar, M|100/100
|-curestatus|p2a: Pecharunt|frz|[msg]
|move|p2a: Pecharunt|Recover|p2a: Pecharunt
|-heal|p2a: Pecharunt|96/100
|
|upkeep
|turn|13
|
|t:|1760358396
|switch|p2a: Gliscor|Gliscor, F|100/100
|-prepare|p1a: Oh what fun|Chilly Reception|[premajor]
|move|p1a: Oh what fun|Chilly Reception|p1a: Oh what fun
|-weather|Snowscape
|
|t:|1760358403
|switch|p1a: It is to ride at a|Sandslash-Alola, M|88/100|[from] Chilly Reception
|-damage|p1a: It is to ride at a|76/100|[from] Stealth Rock
|
|-weather|Snowscape|[upkeep]
|-status|p2a: Gliscor|tox|[from] item: Toxic Orb
|upkeep
|turn|14
|
|t:|1760358416
|switch|p2a: Garganacl|Garganacl, M, tera:Water|93/100
|move|p1a: It is to ride at a|Triple Axel|p2a: Garganacl
|-resisted|p2a: Garganacl
|-damage|p2a: Garganacl|89/100
|-resisted|p2a: Garganacl
|-damage|p2a: Garganacl|80/100
|-resisted|p2a: Garganacl
|-damage|p2a: Garganacl|65/100
|-hitcount|p2a: Garganacl|3
|
|-weather|Snowscape|[upkeep]
|-heal|p2a: Garganacl|72/100|[from] item: Leftovers
|upkeep
|turn|15
|inactive|Top1SSSsteenee has 120 seconds left.
|
|t:|1760358436
|switch|p1a: Jingle all the way|Kyurem|17/100
|-damage|p1a: Jingle all the way|0 fnt|[from] Stealth Rock
|faint|p1a: Jingle all the way
|move|p2a: Garganacl|Salt Cure|p1: Jingle all the way|[notarget]
|-fail|p2a: Garganacl
|
|-weather|Snowscape|[upkeep]
|-heal|p2a: Garganacl|78/100|[from] item: Leftovers
|upkeep
|inactive|Top1SSSsteenee has 120 seconds left.
|inactive|Top1SSSsteenee has 90 seconds left.
|
|t:|1760358475
|switch|p1a: Oh what fun|Slowking-Galar, M|100/100
|turn|16
|
|t:|1760358481
|move|p2a: Garganacl|Salt Cure|p1a: Oh what fun
|-damage|p1a: Oh what fun|87/100
|-start|p1a: Oh what fun|Salt Cure
|move|p1a: Oh what fun|Future Sight|p2a: Garganacl
|-start|p1a: Oh what fun|move: Future Sight
|
|-weather|Snowscape|[upkeep]
|-heal|p2a: Garganacl|84/100|[from] item: Leftovers
|-damage|p1a: Oh what fun|74/100|[from] Salt Cure
|upkeep
|turn|17
|
|t:|1760358490
|switch|p2a: Samurott|Samurott-Hisui, M|100/100
|-prepare|p1a: Oh what fun|Chilly Reception|[premajor]
|move|p1a: Oh what fun|Chilly Reception|p1a: Oh what fun
|
|t:|1760358496
|switch|p1a: It is to ride at a|Sandslash-Alola, M|76/100|[from] Chilly Reception
|-damage|p1a: It is to ride at a|64/100|[from] Stealth Rock
|
|-weather|none
|upkeep
|turn|18
|
|t:|1760358508
|move|p2a: Samurott|Ceaseless Edge|p1a: It is to ride at a
|-damage|p1a: It is to ride at a|20/100
|-sidestart|p1: Top1SSSsteenee|Spikes
|move|p1a: It is to ride at a|Leech Life|p2a: Samurott
|-supereffective|p2a: Samurott
|-damage|p2a: Samurott|9/100
|-heal|p1a: It is to ride at a|67/100|[from] drain|[of] p2a: Samurott
|
|-end|p2a: Samurott|move: Future Sight
|-immune|p2a: Samurott
|upkeep
|turn|19
|inactive|Top1SSSsteenee has 120 seconds left.
|
|t:|1760358520
|move|p2a: Samurott|Ceaseless Edge|p1a: It is to ride at a
|-damage|p1a: It is to ride at a|28/100
|-sidestart|p1: Top1SSSsteenee|Spikes
|move|p1a: It is to ride at a|Leech Life|p2a: Samurott
|-supereffective|p2a: Samurott
|-damage|p2a: Samurott|0 fnt
|-heal|p1a: It is to ride at a|33/100|[from] drain|[of] p2a: Samurott
|faint|p2a: Samurott
|
|upkeep
|
|t:|1760358532
|switch|p2a: Great Tusk|Great Tusk|100/100
|-enditem|p2a: Great Tusk|Booster Energy
|-activate|p2a: Great Tusk|ability: Protosynthesis|[fromitem]
|-start|p2a: Great Tusk|protosynthesisspe
|turn|20
|
|t:|1760358540
|switch|p1a: One horse straight|Iron Treads|100/100
|-damage|p1a: One horse straight|97/100|[from] Stealth Rock
|-damage|p1a: One horse straight|81/100|[from] Spikes
|-enditem|p1a: One horse straight|Booster Energy
|-activate|p1a: One horse straight|ability: Quark Drive|[fromitem]
|-start|p1a: One horse straight|quarkdrivespe
|move|p2a: Great Tusk|Headlong Rush|p1a: One horse straight
|-supereffective|p1a: One horse straight
|-damage|p1a: One horse straight|0 fnt
|-unboost|p2a: Great Tusk|def|1
|-unboost|p2a: Great Tusk|spd|1
|faint|p1a: One horse straight
|-end|p1a: One horse straight|Quark Drive|[silent]
|
|upkeep
|
|t:|1760358553
|switch|p1a: Oh what fun|Slowking-Galar, M|100/100
|turn|21
|
|t:|1760358560
|-terastallize|p1a: Oh what fun|Water
|move|p2a: Great Tusk|Headlong Rush|p1a: Oh what fun
|-damage|p1a: Oh what fun|48/100
|-unboost|p2a: Great Tusk|def|1
|-unboost|p2a: Great Tusk|spd|1
|-prepare|p1a: Oh what fun|Chilly Reception|[premajor]
|move|p1a: Oh what fun|Chilly Reception|p1a: Oh what fun
|-weather|Snowscape
|
|t:|1760358568
|switch|p1a: It is to ride at a|Sandslash-Alola, M|33/100|[from] Chilly Reception
|-damage|p1a: It is to ride at a|20/100|[from] Stealth Rock
|-damage|p1a: It is to ride at a|4/100|[from] Spikes
|
|-weather|Snowscape|[upkeep]
|upkeep
|turn|22
|
|t:|1760358578
|-end|p2a: Great Tusk|Protosynthesis|[silent]
|switch|p2a: Garganacl|Garganacl, M, tera:Water|84/100
|move|p1a: It is to ride at a|Triple Axel|p2a: Garganacl
|-resisted|p2a: Garganacl
|-damage|p2a: Garganacl|79/100
|-resisted|p2a: Garganacl
|-damage|p2a: Garganacl|69/100
|-resisted|p2a: Garganacl
|-damage|p2a: Garganacl|56/100
|-hitcount|p2a: Garganacl|3
|
|-weather|Snowscape|[upkeep]
|-heal|p2a: Garganacl|62/100|[from] item: Leftovers
|upkeep
|turn|23
|
|t:|1760358590
|move|p2a: Garganacl|Protect|p2a: Garganacl
|-singleturn|p2a: Garganacl|Protect
|move|p1a: It is to ride at a|Triple Axel|p2a: Garganacl
|-activate|p2a: Garganacl|move: Protect
|
|-weather|Snowscape|[upkeep]
|-heal|p2a: Garganacl|68/100|[from] item: Leftovers
|upkeep
|turn|24
|
|t:|1760358599
|move|p1a: It is to ride at a|Triple Axel|p2a: Garganacl
|-resisted|p2a: Garganacl
|-damage|p2a: Garganacl|64/100
|-resisted|p2a: Garganacl
|-damage|p2a: Garganacl|54/100
|-resisted|p2a: Garganacl
|-damage|p2a: Garganacl|40/100
|-hitcount|p2a: Garganacl|3
|move|p2a: Garganacl|Recover|p2a: Garganacl
|-heal|p2a: Garganacl|90/100
|
|-weather|Snowscape|[upkeep]
|-heal|p2a: Garganacl|96/100|[from] item: Leftovers
|upkeep
|turn|25
|
|t:|1760358612
|move|p1a: It is to ride at a|Triple Axel|p2a: Garganacl|[miss]
|-miss|p1a: It is to ride at a|p2a: Garganacl
|move|p2a: Garganacl|Salt Cure|p1a: It is to ride at a
|-damage|p1a: It is to ride at a|0 fnt
|faint|p1a: It is to ride at a
|
|-weather|none
|-heal|p2a: Garganacl|100/100|[from] item: Leftovers
|upkeep
|
|t:|1760358622
|switch|p1a: Oh what fun|Slowking-Galar, M, tera:Water|81/100
|turn|26
|
|t:|1760358635
|switch|p2a: Pecharunt|Pecharunt|96/100
|-prepare|p1a: Oh what fun|Chilly Reception|[premajor]
|move|p1a: Oh what fun|Chilly Reception|p1a: Oh what fun
|-weather|Snowscape
|
|t:|1760358641
|switch|p1a: Jingle bell|Cetitan, M|100/100|[from] Chilly Reception
|-damage|p1a: Jingle bell|76/100|[from] Stealth Rock
|-damage|p1a: Jingle bell|59/100|[from] Spikes
|
|-weather|Snowscape|[upkeep]
|upkeep
|turn|27
|
|t:|1760358649
|move|p1a: Jingle bell|High Horsepower|p2a: Pecharunt
|-supereffective|p2a: Pecharunt
|-damage|p2a: Pecharunt|64/100
|move|p2a: Pecharunt|Malignant Chain|p1a: Jingle bell
|-damage|p1a: Jingle bell|23/100
|-status|p1a: Jingle bell|tox
|-start|p1a: Jingle bell|confusion|[from] ability: Poison Puppeteer|[of] p2a: Pecharunt
|-enditem|p1a: Jingle bell|Sitrus Berry|[eat]
|-heal|p1a: Jingle bell|48/100 tox|[from] item: Sitrus Berry
|
|-weather|Snowscape|[upkeep]
|-damage|p1a: Jingle bell|42/100 tox|[from] psn
|upkeep
|turn|28
|
|t:|1760358664
|-activate|p1a: Jingle bell|confusion
|move|p1a: Jingle bell|High Horsepower|p2a: Pecharunt
|-supereffective|p2a: Pecharunt
|-damage|p2a: Pecharunt|38/100
|move|p2a: Pecharunt|Recover|p2a: Pecharunt
|-heal|p2a: Pecharunt|88/100
|
|-weather|Snowscape|[upkeep]
|-damage|p1a: Jingle bell|29/100 tox|[from] psn
|upkeep
|turn|29
|
|t:|1760358675
|-activate|p1a: Jingle bell|confusion
|move|p1a: Jingle bell|High Horsepower|p2a: Pecharunt|[miss]
|-miss|p1a: Jingle bell|p2a: Pecharunt
|move|p2a: Pecharunt|Hex|p1a: Jingle bell
|-damage|p1a: Jingle bell|0 fnt
|faint|p1a: Jingle bell
|
|-weather|Snowscape|[upkeep]
|upkeep
|
|t:|1760358678
|switch|p1a: Oh what fun|Slowking-Galar, M, tera:Water|100/100
|turn|30
|
|t:|1760358687
|move|p2a: Pecharunt|Malignant Chain|p1a: Oh what fun
|-damage|p1a: Oh what fun|77/100
|-status|p1a: Oh what fun|tox
|-start|p1a: Oh what fun|confusion|[from] ability: Poison Puppeteer|[of] p2a: Pecharunt
|-activate|p1a: Oh what fun|confusion
|move|p1a: Oh what fun|Future Sight|p2a: Pecharunt
|-start|p1a: Oh what fun|move: Future Sight
|
|-weather|none
|-damage|p1a: Oh what fun|71/100 tox|[from] psn
|upkeep
|turn|31
|-message|Top1SSSsteenee forfeited.
|
|win|nalyd3131
|raw|Top1SSSsteenee's rating: 1244 &rarr; <strong>1223</strong><br />(-21 for losing)
|raw|nalyd3131's rating: 1296 &rarr; <strong>1317</strong><br />(+21 for winning)
|l|☆Top1SSSsteenee
|player|p1|
|l|☆nalyd3131
|player|p2|
