|j|☆Tstackzzzzz
|j|☆goku1812
|t:|1760406931
|gametype|singles
|player|p1|Tstackzzzzz|102|1000
|player|p2|goku1812|red|1037
|gen|9
|tier|[Gen 9] OU
|rated|
|rule|HP Percentage Mod: HP is shown in percentages
|rule|Endless Battle Clause: Forcing endless battles is banned
|rule|Species Clause: Limit one of each Pokémon
|rule|OHKO Clause: OHKO moves are banned
|rule|Evasion Items Clause: Evasion items are banned
|rule|Evasion Moves Clause: Evasion moves are banned
|rule|Evasion Abilities Clause: Evasion abilities are banned
|rule|Sleep Moves Clause: Sleep-inducing moves are banned
|clearpoke
|poke|p1|Garchomp, M|
|poke|p1|Blaziken, M|
|poke|p1|Pikachu-World, M|
|poke|p1|Gyarados, M|
|poke|p1|Darkrai|
|poke|p1|Gliscor, F|
|poke|p2|Cloyster, M|
|poke|p2|Hitmonlee, M|
|poke|p2|Kyurem|
|poke|p2|Kingambit, M|
|poke|p2|Rillaboom, M|
|poke|p2|Dragonite, M|
|teampreview
|inactive|Battle timer is ON: inactive players will automatically lose when time's up. (requested by goku1812)
|inactiveoff|Battle timer is now OFF.
|
|t:|1760406946
|teamsize|p1|6
|teamsize|p2|6
|start
|switch|p1a: Gyarados|Gyarados, M|100/100
|switch|p2a: Dragonite|Dragonite, M|100/100
|-ability|p1a: Gyarados|Intimidate|boost
|-fail|p2a: Dragonite|unboost|Attack|[from] ability: Inner Focus|[of] p2a: Dragonite
|turn|1
|inactive|Battle timer is ON: inactive players will automatically lose when time's up. (requested by goku1812)
|
|t:|1760406962
|move|p2a: Dragonite|Extreme Speed|p1a: Gyarados
|-damage|p1a: Gyarados|63/100
|move|p1a: Gyarados|Dragon Dance|p1a: Gyarados
|-boost|p1a: Gyarados|atk|1
|-boost|p1a: Gyarados|spe|1
|
|-heal|p1a: Gyarados|69/100|[from] item: Leftovers
|upkeep
|turn|2
|
|t:|1760406973
|move|p2a: Dragonite|Extreme Speed|p1a: Gyarados
|-damage|p1a: Gyarados|28/100
|move|p1a: Gyarados|Dragon Dance|p1a: Gyarados
|-boost|p1a: Gyarados|atk|1
|-boost|p1a: Gyarados|spe|1
|
|-heal|p1a: Gyarados|35/100|[from] item: Leftovers
|upkeep
|turn|3
|
|t:|1760406988
|move|p2a: Dragonite|Extreme Speed|p1a: Gyarados
|-damage|p1a: Gyarados|0 fnt
|faint|p1a: Gyarados
|
|upkeep
|
|t:|1760406995
|switch|p1a: Garchomp|Garchomp, M|100/100
|turn|4
|
|t:|1760407007
|switch|p2a: Cloyster|Cloyster, M, shiny|100/100
|move|p1a: Garchomp|Dragon Claw|p2a: Cloyster
|-damage|p2a: Cloyster|69/100
|
|-heal|p2a: Cloyster|75/100|[from] item: Leftovers
|upkeep
|turn|5
|
|t:|1760407023
|move|p1a: Garchomp|Brick Break|p2a: Cloyster
|-supereffective|p2a: Cloyster
|-damage|p2a: Cloyster|37/100
|move|p2a: Cloyster|Icicle Spear|p1a: Garchomp
|-supereffective|p1a: Garchomp
|-damage|p1a: Garchomp|71/100
|-supereffective|p1a: Garchomp
|-damage|p1a: Garchomp|41/100
|-supereffective|p1a: Garchomp
|-damage|p1a: Garchomp|12/100
|-supereffective|p1a: Garchomp
|-damage|p1a: Garchomp|0 fnt
|faint|p1a: Garchomp
|-hitcount|p1: Garchomp|4
|
|-heal|p2a: Cloyster|43/100|[from] item: Leftovers
|upkeep
|
|t:|1760407041
|switch|p1a: Darkrai|Darkrai|100/100
|turn|6
|
|t:|1760407047
|move|p1a: Darkrai|Nasty Plot|p1a: Darkrai
|-boost|p1a: Darkrai|spa|2
|move|p2a: Cloyster|Light Screen|p2a: Cloyster
|-sidestart|p2: goku1812|move: Light Screen
|
|-heal|p2a: Cloyster|49/100|[from] item: Leftovers
|upkeep
|turn|7
|
|t:|1760407056
|move|p1a: Darkrai|Nasty Plot|p1a: Darkrai
|-boost|p1a: Darkrai|spa|2
|move|p2a: Cloyster|Shell Smash|p2a: Cloyster
|-unboost|p2a: Cloyster|def|1
|-unboost|p2a: Cloyster|spd|1
|-boost|p2a: Cloyster|atk|2
|-boost|p2a: Cloyster|spa|2
|-boost|p2a: Cloyster|spe|2
|
|-heal|p2a: Cloyster|55/100|[from] item: Leftovers
|upkeep
|turn|8
|
|t:|1760407070
|move|p2a: Cloyster|Icicle Spear|p1a: Darkrai
|-damage|p1a: Darkrai|82/100
|-damage|p1a: Darkrai|63/100
|-hitcount|p1a: Darkrai|2
|move|p1a: Darkrai|Thunder Wave|p2a: Cloyster
|-status|p2a: Cloyster|par
|
|-heal|p1a: Darkrai|69/100|[from] item: Leftovers
|-heal|p2a: Cloyster|62/100 par|[from] item: Leftovers
|upkeep
|turn|9
|
|t:|1760407083
|move|p1a: Darkrai|Dark Pulse|p2a: Cloyster
|-damage|p2a: Cloyster|0 fnt
|faint|p2a: Cloyster
|
|-heal|p1a: Darkrai|75/100|[from] item: Leftovers
|upkeep
|
|t:|1760407090
|switch|p2a: Dragonite|Dragonite, M|100/100
|turn|10
|
|t:|1760407096
|move|p1a: Darkrai|Thunder Wave|p2a: Dragonite
|-status|p2a: Dragonite|par
|move|p2a: Dragonite|Haze|p2a: Dragonite
|-clearallboost
|
|-heal|p1a: Darkrai|82/100|[from] item: Leftovers
|-sideend|p2: goku1812|move: Light Screen
|upkeep
|turn|11
|
|t:|1760407109
|switch|p2a: Hitmonlee|Hitmonlee, M|100/100
|move|p1a: Darkrai|Nasty Plot|p1a: Darkrai
|-boost|p1a: Darkrai|spa|2
|
|-heal|p1a: Darkrai|88/100|[from] item: Leftovers
|upkeep
|turn|12
|
|t:|1760407119
|move|p2a: Hitmonlee|Endure|p2a: Hitmonlee
|-singleturn|p2a: Hitmonlee|move: Endure
|move|p1a: Darkrai|Dark Pulse|p2a: Hitmonlee
|-resisted|p2a: Hitmonlee
|-damage|p2a: Hitmonlee|56/100
|
|-heal|p1a: Darkrai|94/100|[from] item: Leftovers
|upkeep
|turn|13
|
|t:|1760407138
|switch|p1a: Gliscor|Gliscor, F|100/100
|switch|p2a: Dragonite|Dragonite, M|100/100 par
|
|upkeep
|turn|14
|
|t:|1760407148
|move|p2a: Dragonite|Extreme Speed|p1a: Gliscor
|-damage|p1a: Gliscor|70/100
|move|p1a: Gliscor|Stealth Rock|p2a: Dragonite
|-sidestart|p2: goku1812|move: Stealth Rock
|
|-heal|p1a: Gliscor|76/100|[from] item: Leftovers
|upkeep
|turn|15
|
|t:|1760407160
|move|p2a: Dragonite|Extreme Speed|p1a: Gliscor
|-damage|p1a: Gliscor|45/100
|move|p1a: Gliscor|Dual Wingbeat|p2a: Dragonite
|-damage|p2a: Dragonite|85/100 par
|-damage|p2a: Dragonite|70/100 par
|-hitcount|p2a: Dragonite|2
|
|-heal|p1a: Gliscor|51/100|[from] item: Leftovers
|upkeep
|turn|16
|
|t:|1760407171
|move|p2a: Dragonite|Extreme Speed|p1a: Gliscor
|-damage|p1a: Gliscor|23/100
|move|p1a: Gliscor|Psychic Fangs|p2a: Dragonite
|-damage|p2a: Dragonite|51/100 par
|
|-heal|p1a: Gliscor|29/100|[from] item: Leftovers
|upkeep
|turn|17
|
|t:|1760407182
|move|p2a: Dragonite|Extreme Speed|p1a: Gliscor
|-damage|p1a: Gliscor|0 fnt
|faint|p1a: Gliscor
|
|upkeep
|
|t:|1760407188
|switch|p1a: Pikachu|Pikachu-World, M|100/100
|turn|18
|
|t:|1760407195
|cant|p2a: Dragonite|par
|move|p1a: Pikachu|Surf|p2a: Dragonite
|-resisted|p2a: Dragonite
|-damage|p2a: Dragonite|34/100 par
|
|upkeep
|turn|19
|
|t:|1760407202
|move|p2a: Dragonite|Extreme Speed|p1a: Pikachu
|-damage|p1a: Pikachu|4/100
|move|p1a: Pikachu|Thunderbolt|p2a: Dragonite
|-damage|p2a: Dragonite|0 fnt
|faint|p2a: Dragonite
|
|upkeep
|
|t:|1760407210
|switch|p2a: Hitmonlee|Hitmonlee, M|56/100
|-damage|p2a: Hitmonlee|50/100|[from] Stealth Rock
|turn|20
|
|t:|1760407216
|move|p1a: Pikachu|Thunderbolt|p2a: Hitmonlee
|-damage|p2a: Hitmonlee|0 fnt
|faint|p2a: Hitmonlee
|
|upkeep
|
|t:|1760407222
|switch|p2a: Rillaboom|Rillaboom, M, shiny|100/100
|-damage|p2a: Rillaboom|88/100|[from] Stealth Rock
|turn|21
|
|t:|1760407232
|move|p1a: Pikachu|Thunder|p2a: Rillaboom|[miss]
|-miss|p1a: Pikachu|p2a: Rillaboom
|move|p2a: Rillaboom|Grassy Glide|p1a: Pikachu
|-damage|p1a: Pikachu|0 fnt
|faint|p1a: Pikachu
|
|-heal|p2a: Rillaboom|94/100|[from] item: Leftovers
|upkeep
|
|t:|1760407244
|switch|p1a: Blaziken|Blaziken, M|100/100
|turn|22
|
|t:|1760407255
|-terastallize|p2a: Rillaboom|Ghost
|move|p1a: Blaziken|Acrobatics|p2a: Rillaboom
|-damage|p2a: Rillaboom|80/100
|move|p2a: Rillaboom|Grassy Glide|p1a: Blaziken
|-resisted|p1a: Blaziken
|-damage|p1a: Blaziken|86/100
|
|-heal|p2a: Rillaboom|86/100|[from] item: Leftovers
|upkeep
|turn|23
|
|t:|1760407268
|move|p1a: Blaziken|Blaze Kick|p2a: Rillaboom
|-damage|p2a: Rillaboom|44/100
|move|p2a: Rillaboom|Drum Beating|p1a: Blaziken
|-resisted|p1a: Blaziken
|-damage|p1a: Blaziken|64/100
|-unboost|p1a: Blaziken|spe|1
|
|-heal|p2a: Rillaboom|50/100|[from] item: Leftovers
|upkeep
|turn|24
|
|t:|1760407279
|move|p2a: Rillaboom|Drum Beating|p1a: Blaziken
|-resisted|p1a: Blaziken
|-damage|p1a: Blaziken|44/100
|-unboost|p1a: Blaziken|spe|1
|move|p1a: Blaziken|Blaze Kick|p2a: Rillaboom
|-damage|p2a: Rillaboom|8/100
|-status|p2a: Rillaboom|brn
|
|-heal|p2a: Rillaboom|14/100 brn|[from] item: Leftovers
|-damage|p2a: Rillaboom|8/100 brn|[from] brn
|upkeep
|turn|25
|
|t:|1760407291
|move|p2a: Rillaboom|Facade|p1a: Blaziken
|-damage|p1a: Blaziken|0 fnt
|faint|p1a: Blaziken
|
|-heal|p2a: Rillaboom|14/100 brn|[from] item: Leftovers
|-damage|p2a: Rillaboom|8/100 brn|[from] brn
|upkeep
|
|t:|1760407299
|switch|p1a: Darkrai|Darkrai|94/100
|turn|26
|
|t:|1760407305
|move|p1a: Darkrai|Nasty Plot|p1a: Darkrai
|-boost|p1a: Darkrai|spa|2
|move|p2a: Rillaboom|Drum Beating|p1a: Darkrai
|-damage|p1a: Darkrai|65/100
|-unboost|p1a: Darkrai|spe|1
|
|-heal|p2a: Rillaboom|14/100 brn|[from] item: Leftovers
|-heal|p1a: Darkrai|71/100|[from] item: Leftovers
|-damage|p2a: Rillaboom|8/100 brn|[from] brn
|upkeep
|turn|27
|
|t:|1760407318
|move|p2a: Rillaboom|Facade|p1a: Darkrai
|-damage|p1a: Darkrai|29/100
|move|p1a: Darkrai|Dark Pulse|p2a: Rillaboom
|-supereffective|p2a: Rillaboom
|-damage|p2a: Rillaboom|0 fnt
|faint|p2a: Rillaboom
|
|-heal|p1a: Darkrai|35/100|[from] item: Leftovers
|upkeep
|
|t:|1760407329
|switch|p2a: Kingambit|Kingambit, M, shiny|100/100
|-damage|p2a: Kingambit|94/100|[from] Stealth Rock
|-activate|p2a: Kingambit|ability: Supreme Overlord
|-start|p2a: Kingambit|fallen4|[silent]
|turn|28
|
|t:|1760407337
|move|p1a: Darkrai|Dark Pulse|p2a: Kingambit
|-resisted|p2a: Kingambit
|-damage|p2a: Kingambit|66/100
|move|p2a: Kingambit|Kowtow Cleave|p1a: Darkrai
|-resisted|p1a: Darkrai
|-damage|p1a: Darkrai|3/100
|
|-heal|p1a: Darkrai|9/100|[from] item: Leftovers
|upkeep
|turn|29
|
|t:|1760407351
|move|p1a: Darkrai|Shadow Claw|p2a: Kingambit
|-resisted|p2a: Kingambit
|-damage|p2a: Kingambit|60/100
|move|p2a: Kingambit|Night Slash|p1a: Darkrai
|-resisted|p1a: Darkrai
|-damage|p1a: Darkrai|0 fnt
|faint|p1a: Darkrai
|
|win|goku1812
|raw|Tstackzzzzz's rating: 1000 &rarr; <strong>1000</strong><br />(+0 for losing)
|raw|goku1812's rating: 1037 &rarr; <strong>1068</strong><br />(+31 for winning)
|c|☆goku1812|Gg
|l|☆Tstackzzzzz
|player|p1|
