|j|☆Typhon-06
|j|☆Strawhatspindo
|t:|1760328237
|gametype|singles
|player|p1|Typhon-06|101|1178
|player|p2|Strawhatspindo|2|1163
|gen|9
|tier|[Gen 9] OU
|rated|
|rule|HP Percentage Mod: HP is shown in percentages
|rule|Endless Battle Clause: Forcing endless battles is banned
|rule|Species Clause: Limit one of each Pokémon
|rule|OHKO Clause: OHKO moves are banned
|rule|Evasion Items Clause: Evasion items are banned
|rule|Evasion Moves Clause: Evasion moves are banned
|rule|Evasion Abilities Clause: Evasion abilities are banned
|rule|Sleep Moves Clause: Sleep-inducing moves are banned
|clearpoke
|poke|p1|Raging Bolt|
|poke|p1|Dragonite, F|
|poke|p1|Dondozo, M|
|poke|p1|Great Tusk|
|poke|p1|Ceruledge, M|
|poke|p1|Darkrai|
|poke|p2|Landorus-Therian, M|
|poke|p2|Skeledirge, M|
|poke|p2|Skarmory, M|
|poke|p2|Hydrapple, M|
|poke|p2|Samurott-Hisui, M|
|poke|p2|Fezandipiti, M|
|teampreview
|inactive|Battle timer is ON: inactive players will automatically lose when time's up. (requested by Typhon-06)
|
|t:|1760328258
|teamsize|p1|6
|teamsize|p2|6
|start
|switch|p1a: Ceruledge|Ceruledge, M|100/100
|switch|p2a: Samurott|Samurott-Hisui, M, shiny|100/100
|turn|1
|
|t:|1760328267
|move|p1a: Ceruledge|Swords Dance|p1a: Ceruledge
|-boost|p1a: Ceruledge|atk|2
|move|p2a: Samurott|Knock Off|p1a: Ceruledge
|-supereffective|p1a: Ceruledge
|-enditem|p1a: Ceruledge|Focus Sash
|-damage|p1a: Ceruledge|1/100
|-ability|p1a: Ceruledge|Weak Armor|boost
|-unboost|p1a: Ceruledge|def|1
|-boost|p1a: Ceruledge|spe|2
|
|upkeep
|turn|2
|
|t:|1760328283
|move|p2a: Samurott|Sucker Punch||[still]
|-fail|p2a: Samurott
|move|p1a: Ceruledge|Destiny Bond|p1a: Ceruledge
|-singlemove|p1a: Ceruledge|Destiny Bond
|
|upkeep
|turn|3
|
|t:|1760328310
|move|p1a: Ceruledge|Poltergeist|p2a: Samurott
|-activate|p2a: Samurott|move: Poltergeist|Heavy-Duty Boots
|-resisted|p2a: Samurott
|-damage|p2a: Samurott|31/100
|move|p2a: Samurott|Ceaseless Edge|p1a: Ceruledge
|-supereffective|p1a: Ceruledge
|-damage|p1a: Ceruledge|0 fnt
|-sidestart|p1: Typhon-06|Spikes
|faint|p1a: Ceruledge
|
|upkeep
|inactive|Typhon-06 has 120 seconds left.
|
|t:|1760328335
|switch|p1a: Dragonite|Dragonite, F|100/100
|turn|4
|
|t:|1760328344
|move|p2a: Samurott|Knock Off|p1a: Dragonite
|-damage|p1a: Dragonite|80/100
|-enditem|p1a: Dragonite|Heavy-Duty Boots|[from] move: Knock Off|[of] p2a: Samurott
|move|p1a: Dragonite|Dragon Dance|p1a: Dragonite
|-boost|p1a: Dragonite|atk|1
|-boost|p1a: Dragonite|spe|1
|
|upkeep
|turn|5
|inactive|Typhon-06 has 120 seconds left.
|
|t:|1760328361
|move|p1a: Dragonite|Extreme Speed|p2a: Samurott
|-damage|p2a: Samurott|0 fnt
|faint|p2a: Samurott
|
|upkeep
|
|t:|1760328367
|switch|p2a: Skeledirge|Skeledirge, M, shiny|100/100
|turn|6
|inactive|Typhon-06 has 120 seconds left.
|
|t:|1760328385
|switch|p1a: Dondozo|Dondozo, M|100/100
|-damage|p1a: Dondozo|88/100|[from] Spikes
|move|p2a: Skeledirge|Torch Song|p1a: Dondozo
|-resisted|p1a: Dondozo
|-damage|p1a: Dondozo|75/100
|-boost|p2a: Skeledirge|spa|1
|
|-heal|p1a: Dondozo|81/100|[from] item: Leftovers
|upkeep
|turn|7
|
|t:|1760328402
|switch|p2a: Hydrapple|Hydrapple, M|100/100
|move|p1a: Dondozo|Waterfall|p2a: Hydrapple
|-resisted|p2a: Hydrapple
|-damage|p2a: Hydrapple|96/100
|
|-heal|p1a: Dondozo|87/100|[from] item: Leftovers
|upkeep
|turn|8
|
|t:|1760328411
|switch|p1a: Raging Bolt|Raging Bolt|100/100
|-damage|p1a: Raging Bolt|88/100|[from] Spikes
|move|p2a: Hydrapple|Nasty Plot|p2a: Hydrapple
|-boost|p2a: Hydrapple|spa|2
|
|upkeep
|turn|9
|
|t:|1760328435
|switch|p2a: Fezandipiti|Fezandipiti, M|100/100
|move|p1a: Raging Bolt|Draco Meteor|p2a: Fezandipiti
|-immune|p2a: Fezandipiti
|
|upkeep
|turn|10
|inactive|Typhon-06 has 120 seconds left.
|-message|Typhon-06 forfeited.
|
|win|Strawhatspindo
|raw|Typhon-06's rating: 1178 &rarr; <strong>1152</strong><br />(-26 for losing)
|raw|Strawhatspindo's rating: 1163 &rarr; <strong>1189</strong><br />(+26 for winning)
|l|☆Typhon-06
|player|p1|
|l|☆Strawhatspindo
|player|p2|
