|badge|p2|bronze|gen9ou|100-7
|uhtml|medal-msg|<div class="broadcast-blue">Curious what those medals under the avatar are? PS now has Ladder Seasons! For more information, check out the <a href="https://www.smogon.com/forums/threads/3740067/">thread on Smogon.</a></div>
|j|☆ferranio
|j|☆Trainer #39
|inactive|Battle timer is ON: inactive players will automatically lose when time's up.
|t:|1760348319
|gametype|singles
|player|p1|ferranio|1|
|player|p2|Trainer #39|bugsy|
|gen|9
|tier|[Gen 9] OU
|rated|Tournament battle
|rule|HP Percentage Mod: HP is shown in percentages
|rule|Endless Battle Clause: Forcing endless battles is banned
|rule|Species Clause: Limit one of each Pokémon
|rule|OHKO Clause: OHKO moves are banned
|rule|Evasion Items Clause: Evasion items are banned
|rule|Evasion Moves Clause: Evasion moves are banned
|rule|Evasion Abilities Clause: Evasion abilities are banned
|rule|Sleep Moves Clause: Sleep-inducing moves are banned
|clearpoke
|poke|p1|Raging Bolt|
|poke|p1|Slither Wing|
|poke|p1|Venusaur, M|
|poke|p1|Walking Wake|
|poke|p1|Torkoal, F|
|poke|p1|Hatterene, F|
|poke|p2|Blissey, F|
|poke|p2|Corviknight, M|
|poke|p2|Dondozo, M|
|poke|p2|Gliscor, M|
|poke|p2|Clefable, M|
|poke|p2|Slowking-Galar, M|
|teampreview
|j|*Lady Monita ☀
|j| BB-8-NU
|
|t:|1760348341
|teamsize|p1|6
|teamsize|p2|6
|start
|switch|p1a: Torkoal|Torkoal, F|100/100
|switch|p2a: 🇮🇱=stop genocide|Gliscor, M|100/100
|-weather|SunnyDay|[from] ability: Drought|[of] p1a: Torkoal
|turn|1
|
|t:|1760348358
|switch|p1a: Walking Wake|Walking Wake|100/100
|-activate|p1a: Walking Wake|ability: Protosynthesis
|-start|p1a: Walking Wake|protosynthesisspe
|move|p2a: 🇮🇱=stop genocide|Substitute|p2a: 🇮🇱=stop genocide
|-start|p2a: 🇮🇱=stop genocide|Substitute
|-damage|p2a: 🇮🇱=stop genocide|76/100
|
|-weather|SunnyDay|[upkeep]
|-status|p2a: 🇮🇱=stop genocide|tox|[from] item: Toxic Orb
|upkeep
|turn|2
|j| Aldo Polito ❦
|
|t:|1760348373
|move|p1a: Walking Wake|Hydro Steam|p2a: 🇮🇱=stop genocide
|-supereffective|p2a: 🇮🇱=stop genocide
|-end|p2a: 🇮🇱=stop genocide|Substitute
|move|p2a: 🇮🇱=stop genocide|Toxic|p1a: Walking Wake
|-status|p1a: Walking Wake|tox
|
|-weather|SunnyDay|[upkeep]
|-damage|p1a: Walking Wake|94/100 tox|[from] psn
|-heal|p2a: 🇮🇱=stop genocide|88/100 tox|[from] ability: Poison Heal
|upkeep
|turn|3
|
|t:|1760348376
|move|p2a: 🇮🇱=stop genocide|Protect|p2a: 🇮🇱=stop genocide
|-singleturn|p2a: 🇮🇱=stop genocide|Protect
|move|p1a: Walking Wake|Hydro Steam|p2a: 🇮🇱=stop genocide
|-activate|p2a: 🇮🇱=stop genocide|move: Protect
|
|-weather|SunnyDay|[upkeep]
|-damage|p1a: Walking Wake|82/100 tox|[from] psn
|-heal|p2a: 🇮🇱=stop genocide|100/100 tox|[from] ability: Poison Heal
|upkeep
|turn|4
|
|t:|1760348379
|switch|p2a: brat|Blissey, F|100/100
|move|p1a: Walking Wake|Hydro Steam|p2a: brat
|-damage|p2a: brat|79/100
|
|-weather|SunnyDay|[upkeep]
|-damage|p1a: Walking Wake|64/100 tox|[from] psn
|upkeep
|turn|5
|
|t:|1760348384
|move|p1a: Walking Wake|Flip Turn|p2a: brat
|-damage|p2a: brat|71/100
|
|t:|1760348386
|-end|p1a: Walking Wake|Protosynthesis|[silent]
|switch|p1a: Slither Wing|Slither Wing|100/100|[from] Flip Turn
|-activate|p1a: Slither Wing|ability: Protosynthesis
|-start|p1a: Slither Wing|protosynthesisatk
|move|p2a: brat|Shadow Ball|p1a: Slither Wing
|-damage|p1a: Slither Wing|90/100
|
|-weather|SunnyDay|[upkeep]
|upkeep
|turn|6
|l| Aldo Polito ❦
|
|t:|1760348393
|switch|p2a: 🇮🇱=stop genocide|Gliscor, M|100/100 tox
|move|p1a: Slither Wing|First Impression|p2a: 🇮🇱=stop genocide
|-resisted|p2a: 🇮🇱=stop genocide
|-damage|p2a: 🇮🇱=stop genocide|77/100 tox
|
|-weather|SunnyDay|[upkeep]
|-heal|p2a: 🇮🇱=stop genocide|89/100 tox|[from] ability: Poison Heal
|upkeep
|turn|7
|
|t:|1760348400
|move|p1a: Slither Wing|U-turn|p2a: 🇮🇱=stop genocide
|-resisted|p2a: 🇮🇱=stop genocide
|-damage|p2a: 🇮🇱=stop genocide|73/100 tox
|
|t:|1760348403
|-end|p1a: Slither Wing|Protosynthesis|[silent]
|switch|p1a: Walking Wake|Walking Wake|64/100 tox|[from] U-turn
|-activate|p1a: Walking Wake|ability: Protosynthesis
|-start|p1a: Walking Wake|protosynthesisspe
|move|p2a: 🇮🇱=stop genocide|Toxic|p1a: Walking Wake
|-fail|p1a: Walking Wake|tox
|
|-weather|SunnyDay|[upkeep]
|-damage|p1a: Walking Wake|58/100 tox|[from] psn
|-heal|p2a: 🇮🇱=stop genocide|86/100 tox|[from] ability: Poison Heal
|upkeep
|turn|8
|
|t:|1760348414
|move|p2a: 🇮🇱=stop genocide|Protect|p2a: 🇮🇱=stop genocide
|-singleturn|p2a: 🇮🇱=stop genocide|Protect
|move|p1a: Walking Wake|Hydro Steam|p2a: 🇮🇱=stop genocide
|-activate|p2a: 🇮🇱=stop genocide|move: Protect
|
|-weather|none
|-end|p1a: Walking Wake|Protosynthesis
|-damage|p1a: Walking Wake|45/100 tox|[from] psn
|-heal|p2a: 🇮🇱=stop genocide|98/100 tox|[from] ability: Poison Heal
|upkeep
|turn|9
|
|t:|1760348416
|switch|p2a: LeJ/ovni/la lettre|Slowking-Galar, M|100/100
|move|p1a: Walking Wake|Hydro Steam|p2a: LeJ/ovni/la lettre
|-damage|p2a: LeJ/ovni/la lettre|66/100
|
|-damage|p1a: Walking Wake|27/100 tox|[from] psn
|upkeep
|turn|10
|j| Thorister
|
|t:|1760348431
|move|p1a: Walking Wake|Draco Meteor|p2a: LeJ/ovni/la lettre
|-damage|p2a: LeJ/ovni/la lettre|7/100
|-unboost|p1a: Walking Wake|spa|2
|move|p2a: LeJ/ovni/la lettre|Future Sight|p1a: Walking Wake
|-start|p2a: LeJ/ovni/la lettre|move: Future Sight
|
|-damage|p1a: Walking Wake|2/100 tox|[from] psn
|upkeep
|turn|11
|
|t:|1760348436
|switch|p2a: Charlie Kirk: idc|Corviknight, M|100/100
|-ability|p2a: Charlie Kirk: idc|Pressure
|move|p1a: Walking Wake|Flip Turn|p2a: Charlie Kirk: idc
|-damage|p2a: Charlie Kirk: idc|91/100
|-damage|p1a: Walking Wake|0 fnt|[from] item: Rocky Helmet|[of] p2a: Charlie Kirk: idc
|faint|p1a: Walking Wake
|-end|p1a: Walking Wake|Protosynthesis|[silent]
|
|upkeep
|
|t:|1760348442
|switch|p1a: Torkoal|Torkoal, F|100/100
|-weather|SunnyDay|[from] ability: Drought|[of] p1a: Torkoal
|turn|12
|
|t:|1760348445
|move|p2a: Charlie Kirk: idc|U-turn|p1a: Torkoal
|-resisted|p1a: Torkoal
|-damage|p1a: Torkoal|95/100
|
|t:|1760348447
|switch|p2a: brat|Blissey, F|71/100|[from] U-turn
|move|p1a: Torkoal|Stealth Rock|p2a: brat
|-sidestart|p2: Trainer #39|move: Stealth Rock
|
|-weather|SunnyDay|[upkeep]
|-end|p1a: Torkoal|move: Future Sight
|-damage|p1a: Torkoal|39/100
|upkeep
|turn|13
|l| Thorister
|
|t:|1760348468
|switch|p1a: Raging Bolt|Raging Bolt|100/100
|-activate|p1a: Raging Bolt|ability: Protosynthesis
|-start|p1a: Raging Bolt|protosynthesisspa
|move|p2a: brat|Stealth Rock|p1a: Raging Bolt
|-sidestart|p1: ferranio|move: Stealth Rock
|
|-weather|SunnyDay|[upkeep]
|upkeep
|turn|14
|
|t:|1760348487
|move|p1a: Raging Bolt|Solar Beam||[still]
|-prepare|p1a: Raging Bolt|Solar Beam
|-anim|p1a: Raging Bolt|Solar Beam|p2a: brat
|-damage|p2a: brat|43/100
|-damage|p1a: Raging Bolt|91/100|[from] item: Life Orb
|move|p2a: brat|Calm Mind|p2a: brat
|-boost|p2a: brat|spa|1
|-boost|p2a: brat|spd|1
|
|-weather|SunnyDay|[upkeep]
|upkeep
|turn|15
|
|t:|1760348495
|-end|p1a: Raging Bolt|Protosynthesis|[silent]
|switch|p1a: Slither Wing|Slither Wing|90/100
|-damage|p1a: Slither Wing|77/100|[from] Stealth Rock
|-activate|p1a: Slither Wing|ability: Protosynthesis
|-start|p1a: Slither Wing|protosynthesisatk
|move|p2a: brat|Soft-Boiled|p2a: brat
|-heal|p2a: brat|93/100
|
|-weather|SunnyDay|[upkeep]
|upkeep
|turn|16
|
|t:|1760348502
|switch|p2a: 🇮🇱=stop genocide|Gliscor, M|98/100 tox
|-damage|p2a: 🇮🇱=stop genocide|86/100 tox|[from] Stealth Rock
|move|p1a: Slither Wing|Temper Flare|p2a: 🇮🇱=stop genocide
|-damage|p2a: 🇮🇱=stop genocide|50/100 tox
|
|-weather|SunnyDay|[upkeep]
|-heal|p2a: 🇮🇱=stop genocide|62/100 tox|[from] ability: Poison Heal
|upkeep
|turn|17
|
|t:|1760348513
|-end|p1a: Slither Wing|Protosynthesis|[silent]
|switch|p1a: Hatterene|Hatterene, F|100/100
|-damage|p1a: Hatterene|88/100|[from] Stealth Rock
|-item|p1a: Hatterene|Air Balloon
|move|p2a: 🇮🇱=stop genocide|Earthquake|p1a: Hatterene
|-immune|p1a: Hatterene
|
|-weather|SunnyDay|[upkeep]
|-heal|p2a: 🇮🇱=stop genocide|75/100 tox|[from] ability: Poison Heal
|upkeep
|turn|18
|
|t:|1760348520
|move|p2a: 🇮🇱=stop genocide|Protect|p2a: 🇮🇱=stop genocide
|-singleturn|p2a: 🇮🇱=stop genocide|Protect
|move|p1a: Hatterene|Psychic Noise|p2a: 🇮🇱=stop genocide
|-activate|p2a: 🇮🇱=stop genocide|move: Protect
|
|-weather|SunnyDay|[upkeep]
|-heal|p2a: 🇮🇱=stop genocide|87/100 tox|[from] ability: Poison Heal
|upkeep
|turn|19
|
|t:|1760348523
|switch|p2a: Charli xcx|Clefable, M|100/100
|move|p1a: Hatterene|Psychic Noise|p2a: Charli xcx
|-damage|p2a: Charli xcx|77/100
|-start|p2a: Charli xcx|move: Heal Block
|
|-weather|none
|upkeep
|turn|20
|
|t:|1760348531
|move|p2a: Charli xcx|Moonblast|p1a: Hatterene
|-damage|p1a: Hatterene|55/100
|-unboost|p1a: Hatterene|spa|1
|-enditem|p1a: Hatterene|Air Balloon
|move|p1a: Hatterene|Psychic Noise|p2a: Charli xcx
|-damage|p2a: Charli xcx|54/100
|
|-end|p2a: Charli xcx|move: Heal Block
|upkeep
|turn|21
|
|t:|1760348538
|move|p2a: Charli xcx|Moonblast|p1a: Hatterene
|-damage|p1a: Hatterene|21/100
|move|p1a: Hatterene|Psychic Noise|p2a: Charli xcx
|-damage|p2a: Charli xcx|31/100
|-start|p2a: Charli xcx|move: Heal Block
|
|upkeep
|turn|22
|
|t:|1760348543
|move|p2a: Charli xcx|Moonblast|p1a: Hatterene
|-damage|p1a: Hatterene|0 fnt
|faint|p1a: Hatterene
|
|-end|p2a: Charli xcx|move: Heal Block
|upkeep
|
|t:|1760348548
|switch|p1a: Torkoal|Torkoal, F|39/100
|-damage|p1a: Torkoal|14/100|[from] Stealth Rock
|-weather|SunnyDay|[from] ability: Drought|[of] p1a: Torkoal
|turn|23
|
|t:|1760348556
|switch|p1a: Venusaur|Venusaur, M|100/100
|-damage|p1a: Venusaur|88/100|[from] Stealth Rock
|move|p2a: Charli xcx|Wish|p2a: Charli xcx
|
|-weather|SunnyDay|[upkeep]
|upkeep
|turn|24
|
|t:|1760348566
|move|p1a: Venusaur|Growth|p1a: Venusaur
|-boost|p1a: Venusaur|atk|2
|-boost|p1a: Venusaur|spa|2
|move|p2a: Charli xcx|Knock Off|p1a: Venusaur
|-damage|p1a: Venusaur|64/100
|-enditem|p1a: Venusaur|Life Orb|[from] move: Knock Off|[of] p2a: Charli xcx
|
|-weather|SunnyDay|[upkeep]
|-heal|p2a: Charli xcx|81/100|[from] move: Wish|[wisher] Charli xcx
|upkeep
|turn|25
|
|t:|1760348569
|move|p2a: Charli xcx|Protect|p2a: Charli xcx
|-singleturn|p2a: Charli xcx|Protect
|move|p1a: Venusaur|Giga Drain|p2a: Charli xcx
|-activate|p2a: Charli xcx|move: Protect
|
|-weather|SunnyDay|[upkeep]
|upkeep
|turn|26
|
|t:|1760348572
|move|p1a: Venusaur|Growth|p1a: Venusaur
|-boost|p1a: Venusaur|atk|2
|-boost|p1a: Venusaur|spa|2
|move|p2a: Charli xcx|Wish|p2a: Charli xcx
|
|-weather|SunnyDay|[upkeep]
|upkeep
|turn|27
|
|t:|1760348574
|move|p2a: Charli xcx|Protect|p2a: Charli xcx
|-singleturn|p2a: Charli xcx|Protect
|move|p1a: Venusaur|Giga Drain|p2a: Charli xcx
|-activate|p2a: Charli xcx|move: Protect
|
|-weather|SunnyDay|[upkeep]
|-heal|p2a: Charli xcx|100/100|[from] move: Wish|[wisher] Charli xcx
|upkeep
|turn|28
|
|t:|1760348577
|move|p1a: Venusaur|Growth|p1a: Venusaur
|-boost|p1a: Venusaur|atk|2
|-boost|p1a: Venusaur|spa|2
|move|p2a: Charli xcx|Wish|p2a: Charli xcx
|
|-weather|SunnyDay|[upkeep]
|upkeep
|turn|29
|
|t:|1760348586
|move|p1a: Venusaur|Weather Ball|p2a: Charli xcx
|-damage|p2a: Charli xcx|70/100
|move|p2a: Charli xcx|Knock Off|p1a: Venusaur
|-damage|p1a: Venusaur|48/100
|
|-weather|SunnyDay|[upkeep]
|-heal|p2a: Charli xcx|100/100|[from] move: Wish|[wisher] Charli xcx
|upkeep
|turn|30
|
|t:|1760348596
|move|p1a: Venusaur|Giga Drain|p2a: Charli xcx
|-damage|p2a: Charli xcx|79/100
|-heal|p1a: Venusaur|63/100|[from] drain|[of] p2a: Charli xcx
|move|p2a: Charli xcx|Wish|p2a: Charli xcx
|
|-weather|none
|upkeep
|turn|31
|
|t:|1760348600
|move|p1a: Venusaur|Giga Drain|p2a: Charli xcx
|-damage|p2a: Charli xcx|57/100
|-heal|p1a: Venusaur|77/100|[from] drain|[of] p2a: Charli xcx
|move|p2a: Charli xcx|Knock Off|p1a: Venusaur
|-damage|p1a: Venusaur|62/100
|
|-heal|p2a: Charli xcx|100/100|[from] move: Wish|[wisher] Charli xcx
|upkeep
|turn|32
|
|t:|1760348602
|move|p1a: Venusaur|Giga Drain|p2a: Charli xcx
|-crit|p2a: Charli xcx
|-damage|p2a: Charli xcx|65/100
|-heal|p1a: Venusaur|86/100|[from] drain|[of] p2a: Charli xcx
|move|p2a: Charli xcx|Wish|p2a: Charli xcx
|
|upkeep
|turn|33
|j| The_Moonool
|
|t:|1760348606
|move|p1a: Venusaur|Giga Drain|p2a: Charli xcx
|-damage|p2a: Charli xcx|43/100
|-heal|p1a: Venusaur|100/100|[from] drain|[of] p2a: Charli xcx
|move|p2a: Charli xcx|Knock Off|p1a: Venusaur
|-damage|p1a: Venusaur|85/100
|
|-heal|p2a: Charli xcx|93/100|[from] move: Wish|[wisher] Charli xcx
|upkeep
|turn|34
|j| atlantic greninja
|
|t:|1760348608
|move|p1a: Venusaur|Giga Drain|p2a: Charli xcx
|-damage|p2a: Charli xcx|71/100
|-heal|p1a: Venusaur|99/100|[from] drain|[of] p2a: Charli xcx
|move|p2a: Charli xcx|Wish|p2a: Charli xcx
|
|upkeep
|turn|35
|
|t:|1760348611
|move|p1a: Venusaur|Giga Drain|p2a: Charli xcx
|-damage|p2a: Charli xcx|51/100
|-heal|p1a: Venusaur|100/100|[from] drain|[of] p2a: Charli xcx
|move|p2a: Charli xcx|Knock Off|p1a: Venusaur
|-damage|p1a: Venusaur|87/100
|
|-heal|p2a: Charli xcx|100/100|[from] move: Wish|[wisher] Charli xcx
|upkeep
|turn|36
|
|t:|1760348613
|move|p1a: Venusaur|Giga Drain|p2a: Charli xcx
|-damage|p2a: Charli xcx|78/100
|-heal|p1a: Venusaur|100/100|[from] drain|[of] p2a: Charli xcx
|move|p2a: Charli xcx|Knock Off|p1a: Venusaur
|-damage|p1a: Venusaur|85/100
|
|upkeep
|turn|37
|
|t:|1760348616
|move|p1a: Venusaur|Weather Ball|p2a: Charli xcx
|-damage|p2a: Charli xcx|68/100
|move|p2a: Charli xcx|Wish|p2a: Charli xcx
|
|upkeep
|turn|38
|
|t:|1760348618
|move|p1a: Venusaur|Earthquake|p2a: Charli xcx
|-damage|p2a: Charli xcx|47/100
|move|p2a: Charli xcx|Knock Off|p1a: Venusaur
|-damage|p1a: Venusaur|71/100
|
|-heal|p2a: Charli xcx|97/100|[from] move: Wish|[wisher] Charli xcx
|upkeep
|turn|39
|
|t:|1760348621
|move|p1a: Venusaur|Earthquake|p2a: Charli xcx
|-damage|p2a: Charli xcx|75/100
|move|p2a: Charli xcx|Wish|p2a: Charli xcx
|
|upkeep
|turn|40
|
|t:|1760348624
|move|p1a: Venusaur|Earthquake|p2a: Charli xcx
|-damage|p2a: Charli xcx|51/100
|move|p2a: Charli xcx|Knock Off|p1a: Venusaur
|-damage|p1a: Venusaur|55/100
|
|-heal|p2a: Charli xcx|100/100|[from] move: Wish|[wisher] Charli xcx
|upkeep
|turn|41
|
|t:|1760348627
|move|p1a: Venusaur|Earthquake|p2a: Charli xcx
|-damage|p2a: Charli xcx|79/100
|move|p2a: Charli xcx|Wish|p2a: Charli xcx
|
|upkeep
|turn|42
|
|t:|1760348630
|move|p1a: Venusaur|Earthquake|p2a: Charli xcx
|-damage|p2a: Charli xcx|57/100
|move|p2a: Charli xcx|Knock Off|p1a: Venusaur
|-damage|p1a: Venusaur|41/100
|
|-heal|p2a: Charli xcx|100/100|[from] move: Wish|[wisher] Charli xcx
|upkeep
|turn|43
|
|t:|1760348633
|move|p1a: Venusaur|Giga Drain|p2a: Charli xcx
|-damage|p2a: Charli xcx|77/100
|-heal|p1a: Venusaur|57/100|[from] drain|[of] p2a: Charli xcx
|move|p2a: Charli xcx|Knock Off|p1a: Venusaur
|-damage|p1a: Venusaur|42/100
|
|upkeep
|turn|44
|
|t:|1760348635
|move|p1a: Venusaur|Giga Drain|p2a: Charli xcx
|-damage|p2a: Charli xcx|53/100
|-heal|p1a: Venusaur|58/100|[from] drain|[of] p2a: Charli xcx
|move|p2a: Charli xcx|Wish|p2a: Charli xcx
|
|upkeep
|turn|45
|
|t:|1760348637
|move|p1a: Venusaur|Giga Drain|p2a: Charli xcx
|-damage|p2a: Charli xcx|32/100
|-heal|p1a: Venusaur|71/100|[from] drain|[of] p2a: Charli xcx
|move|p2a: Charli xcx|Knock Off|p1a: Venusaur
|-damage|p1a: Venusaur|55/100
|
|-heal|p2a: Charli xcx|82/100|[from] move: Wish|[wisher] Charli xcx
|upkeep
|turn|46
|
|t:|1760348640
|move|p2a: Charli xcx|Protect|p2a: Charli xcx
|-singleturn|p2a: Charli xcx|Protect
|move|p1a: Venusaur|Giga Drain|p2a: Charli xcx
|-activate|p2a: Charli xcx|move: Protect
|
|upkeep
|turn|47
|
|t:|1760348642
|move|p1a: Venusaur|Giga Drain|p2a: Charli xcx
|-damage|p2a: Charli xcx|61/100
|-heal|p1a: Venusaur|69/100|[from] drain|[of] p2a: Charli xcx
|move|p2a: Charli xcx|Wish|p2a: Charli xcx
|
|upkeep
|turn|48
|
|t:|1760348644
|move|p1a: Venusaur|Giga Drain|p2a: Charli xcx
|-damage|p2a: Charli xcx|39/100
|-heal|p1a: Venusaur|84/100|[from] drain|[of] p2a: Charli xcx
|move|p2a: Charli xcx|Knock Off|p1a: Venusaur
|-crit|p1a: Venusaur
|-damage|p1a: Venusaur|62/100
|
|-heal|p2a: Charli xcx|89/100|[from] move: Wish|[wisher] Charli xcx
|upkeep
|turn|49
|
|t:|1760348646
|move|p2a: Charli xcx|Protect|p2a: Charli xcx
|-singleturn|p2a: Charli xcx|Protect
|move|p1a: Venusaur|Giga Drain|p2a: Charli xcx
|-activate|p2a: Charli xcx|move: Protect
|
|upkeep
|turn|50
|
|t:|1760348649
|move|p1a: Venusaur|Earthquake|p2a: Charli xcx
|-damage|p2a: Charli xcx|69/100
|move|p2a: Charli xcx|Knock Off|p1a: Venusaur
|-damage|p1a: Venusaur|48/100
|
|upkeep
|turn|51
|
|t:|1760348651
|move|p1a: Venusaur|Earthquake|p2a: Charli xcx
|-damage|p2a: Charli xcx|45/100
|move|p2a: Charli xcx|Wish|p2a: Charli xcx
|
|upkeep
|turn|52
|
|t:|1760348653
|move|p2a: Charli xcx|Protect|p2a: Charli xcx
|-singleturn|p2a: Charli xcx|Protect
|move|p1a: Venusaur|Earthquake|p2a: Charli xcx
|-activate|p2a: Charli xcx|move: Protect
|
|-heal|p2a: Charli xcx|95/100|[from] move: Wish|[wisher] Charli xcx
|upkeep
|turn|53
|
|t:|1760348654
|move|p1a: Venusaur|Earthquake|p2a: Charli xcx
|-crit|p2a: Charli xcx
|-damage|p2a: Charli xcx|64/100
|move|p2a: Charli xcx|Wish|p2a: Charli xcx
|
|upkeep
|turn|54
|
|t:|1760348656
|move|p1a: Venusaur|Earthquake|p2a: Charli xcx
|-damage|p2a: Charli xcx|44/100
|move|p2a: Charli xcx|Knock Off|p1a: Venusaur
|-damage|p1a: Venusaur|32/100
|
|-heal|p2a: Charli xcx|94/100|[from] move: Wish|[wisher] Charli xcx
|upkeep
|turn|55
|
|t:|1760348658
|move|p2a: Charli xcx|Protect|p2a: Charli xcx
|-singleturn|p2a: Charli xcx|Protect
|move|p1a: Venusaur|Earthquake|p2a: Charli xcx
|-activate|p2a: Charli xcx|move: Protect
|
|upkeep
|turn|56
|
|t:|1760348661
|move|p1a: Venusaur|Earthquake|p2a: Charli xcx
|-damage|p2a: Charli xcx|70/100
|move|p2a: Charli xcx|Knock Off|p1a: Venusaur
|-damage|p1a: Venusaur|17/100
|
|upkeep
|turn|57
|
|t:|1760348663
|move|p1a: Venusaur|Earthquake|p2a: Charli xcx
|-damage|p2a: Charli xcx|46/100
|move|p2a: Charli xcx|Wish|p2a: Charli xcx
|
|upkeep
|turn|58
|
|t:|1760348668
|move|p1a: Venusaur|Earthquake|p2a: Charli xcx
|-damage|p2a: Charli xcx|25/100
|move|p2a: Charli xcx|Knock Off|p1a: Venusaur
|-damage|p1a: Venusaur|3/100
|
|-heal|p2a: Charli xcx|75/100|[from] move: Wish|[wisher] Charli xcx
|upkeep
|turn|59
|
|t:|1760348671
|move|p2a: Charli xcx|Protect|p2a: Charli xcx
|-singleturn|p2a: Charli xcx|Protect
|move|p1a: Venusaur|Earthquake|p2a: Charli xcx
|-activate|p2a: Charli xcx|move: Protect
|
|upkeep
|turn|60
|
|t:|1760348673
|move|p1a: Venusaur|Earthquake|p2a: Charli xcx
|-damage|p2a: Charli xcx|53/100
|move|p2a: Charli xcx|Wish|p2a: Charli xcx
|
|upkeep
|turn|61
|
|t:|1760348678
|move|p2a: Charli xcx|Protect|p2a: Charli xcx
|-singleturn|p2a: Charli xcx|Protect
|move|p1a: Venusaur|Weather Ball|p2a: Charli xcx
|-activate|p2a: Charli xcx|move: Protect
|
|-heal|p2a: Charli xcx|100/100|[from] move: Wish|[wisher] Charli xcx
|upkeep
|turn|62
|
|t:|1760348680
|move|p1a: Venusaur|Weather Ball|p2a: Charli xcx
|-damage|p2a: Charli xcx|91/100
|move|p2a: Charli xcx|Knock Off|p1a: Venusaur
|-damage|p1a: Venusaur|0 fnt
|faint|p1a: Venusaur
|
|upkeep
|
|t:|1760348683
|switch|p1a: Torkoal|Torkoal, F|14/100
|-damage|p1a: Torkoal|0 fnt|[from] Stealth Rock
|faint|p1a: Torkoal
|
|t:|1760348685
|switch|p1a: Slither Wing|Slither Wing|77/100
|-damage|p1a: Slither Wing|65/100|[from] Stealth Rock
|turn|63
|
|t:|1760348690
|switch|p2a: 🇮🇱=stop genocide|Gliscor, M|87/100 tox
|-damage|p2a: 🇮🇱=stop genocide|75/100 tox|[from] Stealth Rock
|move|p1a: Slither Wing|First Impression|p2a: 🇮🇱=stop genocide
|-resisted|p2a: 🇮🇱=stop genocide
|-damage|p2a: 🇮🇱=stop genocide|57/100 tox
|
|-heal|p2a: 🇮🇱=stop genocide|70/100 tox|[from] ability: Poison Heal
|upkeep
|turn|64
|
|t:|1760348693
|move|p1a: Slither Wing|Temper Flare|p2a: 🇮🇱=stop genocide
|-damage|p2a: 🇮🇱=stop genocide|50/100 tox
|move|p2a: 🇮🇱=stop genocide|Substitute|p2a: 🇮🇱=stop genocide
|-start|p2a: 🇮🇱=stop genocide|Substitute
|-damage|p2a: 🇮🇱=stop genocide|26/100 tox
|
|-heal|p2a: 🇮🇱=stop genocide|38/100 tox|[from] ability: Poison Heal
|upkeep
|turn|65
|
|t:|1760348697
|move|p1a: Slither Wing|Temper Flare|p2a: 🇮🇱=stop genocide
|-crit|p2a: 🇮🇱=stop genocide
|-end|p2a: 🇮🇱=stop genocide|Substitute
|move|p2a: 🇮🇱=stop genocide|Toxic|p1a: Slither Wing
|-status|p1a: Slither Wing|tox
|
|-damage|p1a: Slither Wing|59/100 tox|[from] psn
|-heal|p2a: 🇮🇱=stop genocide|50/100 tox|[from] ability: Poison Heal
|upkeep
|turn|66
|
|t:|1760348700
|move|p1a: Slither Wing|Temper Flare|p2a: 🇮🇱=stop genocide
|-damage|p2a: 🇮🇱=stop genocide|33/100 tox
|move|p2a: 🇮🇱=stop genocide|Substitute|p2a: 🇮🇱=stop genocide
|-start|p2a: 🇮🇱=stop genocide|Substitute
|-damage|p2a: 🇮🇱=stop genocide|8/100 tox
|
|-damage|p1a: Slither Wing|46/100 tox|[from] psn
|-heal|p2a: 🇮🇱=stop genocide|21/100 tox|[from] ability: Poison Heal
|upkeep
|turn|67
|
|t:|1760348703
|move|p2a: 🇮🇱=stop genocide|Protect|p2a: 🇮🇱=stop genocide
|-singleturn|p2a: 🇮🇱=stop genocide|Protect
|move|p1a: Slither Wing|Temper Flare|p2a: 🇮🇱=stop genocide
|-activate|p2a: 🇮🇱=stop genocide|move: Protect
|
|-damage|p1a: Slither Wing|28/100 tox|[from] psn
|-heal|p2a: 🇮🇱=stop genocide|33/100 tox|[from] ability: Poison Heal
|upkeep
|turn|68
|
|t:|1760348706
|-terastallize|p1a: Slither Wing|Fire
|move|p1a: Slither Wing|Temper Flare|p2a: 🇮🇱=stop genocide
|-end|p2a: 🇮🇱=stop genocide|Substitute
|move|p2a: 🇮🇱=stop genocide|Substitute|p2a: 🇮🇱=stop genocide
|-start|p2a: 🇮🇱=stop genocide|Substitute
|-damage|p2a: 🇮🇱=stop genocide|8/100 tox
|
|-damage|p1a: Slither Wing|3/100 tox|[from] psn
|-heal|p2a: 🇮🇱=stop genocide|21/100 tox|[from] ability: Poison Heal
|upkeep
|turn|69
|
|t:|1760348708
|move|p2a: 🇮🇱=stop genocide|Protect|p2a: 🇮🇱=stop genocide
|-singleturn|p2a: 🇮🇱=stop genocide|Protect
|move|p1a: Slither Wing|Temper Flare|p2a: 🇮🇱=stop genocide
|-activate|p2a: 🇮🇱=stop genocide|move: Protect
|
|-damage|p1a: Slither Wing|0 fnt|[from] psn
|faint|p1a: Slither Wing
|-end|p1a: Slither Wing|Protosynthesis|[silent]
|-heal|p2a: 🇮🇱=stop genocide|33/100 tox|[from] ability: Poison Heal
|upkeep
|
|t:|1760348711
|switch|p1a: Raging Bolt|Raging Bolt|91/100
|-damage|p1a: Raging Bolt|78/100|[from] Stealth Rock
|turn|70
|
|t:|1760348714
|move|p2a: 🇮🇱=stop genocide|Substitute|p2a: 🇮🇱=stop genocide
|-fail|p2a: 🇮🇱=stop genocide|move: Substitute
|move|p1a: Raging Bolt|Dragon Pulse|p2a: 🇮🇱=stop genocide
|-end|p2a: 🇮🇱=stop genocide|Substitute
|-damage|p1a: Raging Bolt|68/100|[from] item: Life Orb
|
|-heal|p2a: 🇮🇱=stop genocide|46/100 tox|[from] ability: Poison Heal
|upkeep
|turn|71
|
|t:|1760348717
|move|p2a: 🇮🇱=stop genocide|Protect|p2a: 🇮🇱=stop genocide
|-singleturn|p2a: 🇮🇱=stop genocide|Protect
|move|p1a: Raging Bolt|Dragon Pulse|p2a: 🇮🇱=stop genocide
|-activate|p2a: 🇮🇱=stop genocide|move: Protect
|
|-heal|p2a: 🇮🇱=stop genocide|58/100 tox|[from] ability: Poison Heal
|upkeep
|turn|72
|
|t:|1760348718
|switch|p2a: brat|Blissey, F|93/100
|move|p1a: Raging Bolt|Dragon Pulse|p2a: brat
|-crit|p2a: brat
|-damage|p2a: brat|61/100
|-damage|p1a: Raging Bolt|58/100|[from] item: Life Orb
|
|upkeep
|turn|73
|
|t:|1760348720
|move|p1a: Raging Bolt|Weather Ball|p2a: brat
|-damage|p2a: brat|52/100
|-damage|p1a: Raging Bolt|48/100|[from] item: Life Orb
|move|p2a: brat|Calm Mind|p2a: brat
|-boost|p2a: brat|spa|1
|-boost|p2a: brat|spd|1
|
|upkeep
|turn|74
|
|t:|1760348722
|move|p1a: Raging Bolt|Dragon Pulse|p2a: brat
|-damage|p2a: brat|36/100
|-damage|p1a: Raging Bolt|38/100|[from] item: Life Orb
|move|p2a: brat|Soft-Boiled|p2a: brat
|-heal|p2a: brat|86/100
|
|upkeep
|turn|75
|
|t:|1760348727
|move|p1a: Raging Bolt|Dragon Pulse|p2a: brat
|-damage|p2a: brat|70/100
|-damage|p1a: Raging Bolt|28/100|[from] item: Life Orb
|move|p2a: brat|Calm Mind|p2a: brat
|-boost|p2a: brat|spa|1
|-boost|p2a: brat|spd|1
|
|upkeep
|turn|76
|-message|ferranio forfeited.
|
|win|Trainer #39
|n|☆ferranio|ferranio
|n|☆Trainer #39|trainer39
|n|*Lady Monita ☀|ladymonita
|n| BB-8-NU|bb8nu
|n| The_Moonool|themoonool
|n| atlantic greninja|atlanticgreninja
|l|*Lady Monita ☀
