|j|☆aarer
|j|☆DNU_ambassadors
|t:|1760346533
|gametype|singles
|player|p1|aarer|169|1534
|player|p2|DNU_ambassadors|clown|1635
|gen|9
|tier|[Gen 9] OU
|rated|
|rule|HP Percentage Mod: HP is shown in percentages
|rule|Endless Battle Clause: Forcing endless battles is banned
|rule|Species Clause: Limit one of each Pokémon
|rule|OHKO Clause: OHKO moves are banned
|rule|Evasion Items Clause: Evasion items are banned
|rule|Evasion Moves Clause: Evasion moves are banned
|rule|Evasion Abilities Clause: Evasion abilities are banned
|rule|Sleep Moves Clause: Sleep-inducing moves are banned
|clearpoke
|poke|p1|Hatterene, F|
|poke|p1|Walking Wake|
|poke|p1|Ceruledge, F|
|poke|p1|Ninetales, F|
|poke|p1|Hydreigon, M|
|poke|p1|Great Tusk|
|poke|p2|Deoxys-Speed|
|poke|p2|Ceruledge, M|
|poke|p2|Kingambit, F|
|poke|p2|Iron Crown|
|poke|p2|Gliscor, M|
|poke|p2|Gholdengo|
|teampreview
|inactive|Battle timer is ON: inactive players will automatically lose when time's up. (requested by DNU_ambassadors)
|
|t:|1760346546
|teamsize|p1|6
|teamsize|p2|6
|start
|switch|p1a: Hatterene|Hatterene, F, shiny|100/100
|switch|p2a: Deoxys|Deoxys-Speed|100/100
|-ability|p2a: Deoxys|Pressure
|turn|1
|l|☆aarer
|inactive|aarer disconnected and has a minute to reconnect!
|player|p1|
|inactive|aarer has 30 seconds to reconnect!
|j|☆aarer
|inactive|aarer reconnected and has 100 seconds left.
|player|p1|aarer|169|
|
|t:|1760346602
|move|p2a: Deoxys|Skill Swap|p1a: Hatterene
|-activate|p2a: Deoxys|move: Skill Swap|Magic Bounce|Pressure|[of] p1a: Hatterene
|-ability|p1a: Hatterene|Pressure
|move|p1a: Hatterene|Nuzzle|p2a: Deoxys
|-damage|p2a: Deoxys|96/100
|-status|p2a: Deoxys|par
|
|upkeep
|turn|2
|inactive|aarer has 90 seconds left.
|
|t:|1760346621
|switch|p1a: Hydreigon|Hydreigon, M|100/100
|move|p2a: Deoxys|Stealth Rock|p1a: Hydreigon
|-sidestart|p1: aarer|move: Stealth Rock
|
|upkeep
|turn|3
|
|t:|1760346630
|move|p1a: Hydreigon|Flamethrower|p2a: Deoxys
|-damage|p2a: Deoxys|59/100 par
|move|p2a: Deoxys|Skill Swap|p1a: Hydreigon
|-activate|p2a: Deoxys|move: Skill Swap|Levitate|Magic Bounce|[of] p1a: Hydreigon
|
|upkeep
|turn|4
|
|t:|1760346641
|move|p1a: Hydreigon|Flamethrower|p2a: Deoxys
|-damage|p2a: Deoxys|15/100 par
|move|p2a: Deoxys|Skill Swap|p1a: Hydreigon
|-activate|p2a: Deoxys|move: Skill Swap|Magic Bounce|Levitate|[of] p1a: Hydreigon
|
|upkeep
|turn|5
|
|t:|1760346646
|move|p1a: Hydreigon|Flamethrower|p2a: Deoxys
|-damage|p2a: Deoxys|0 fnt
|faint|p2a: Deoxys
|
|upkeep
|
|t:|1760346659
|switch|p2a: Gliscor|Gliscor, M|100/100
|turn|6
|
|t:|1760346663
|switch|p1a: Ninetales|Ninetales, F, shiny|100/100
|-damage|p1a: Ninetales|75/100|[from] Stealth Rock
|-weather|SunnyDay|[from] ability: Drought|[of] p1a: Ninetales
|move|p2a: Gliscor|Swords Dance|p2a: Gliscor
|-boost|p2a: Gliscor|atk|2
|
|-weather|SunnyDay|[upkeep]
|-status|p2a: Gliscor|tox|[from] item: Toxic Orb
|upkeep
|turn|7
|
|t:|1760346673
|switch|p1a: Great Tusk|Great Tusk|100/100
|-damage|p1a: Great Tusk|98/100|[from] Stealth Rock
|-activate|p1a: Great Tusk|ability: Protosynthesis
|-start|p1a: Great Tusk|protosynthesisspe
|move|p2a: Gliscor|Facade|p1a: Great Tusk
|-damage|p1a: Great Tusk|54/100
|
|-weather|SunnyDay|[upkeep]
|upkeep
|turn|8
|inactive|DNU_ambassadors has 120 seconds left.
|
|t:|1760346703
|move|p2a: Gliscor|Protect|p2a: Gliscor
|-singleturn|p2a: Gliscor|Protect
|move|p1a: Great Tusk|Ice Spinner|p2a: Gliscor
|-activate|p2a: Gliscor|move: Protect
|
|-weather|SunnyDay|[upkeep]
|upkeep
|turn|9
|
|t:|1760346711
|-terastallize|p2a: Gliscor|Normal
|move|p1a: Great Tusk|Rapid Spin|p2a: Gliscor
|-damage|p2a: Gliscor|89/100 tox
|-boost|p1a: Great Tusk|spe|1
|-sideend|p1: aarer|Stealth Rock|[from] move: Rapid Spin|[of] p1a: Great Tusk
|move|p2a: Gliscor|Facade|p1a: Great Tusk
|-damage|p1a: Great Tusk|0 fnt
|faint|p1a: Great Tusk
|-end|p1a: Great Tusk|Protosynthesis|[silent]
|
|-weather|SunnyDay|[upkeep]
|-heal|p2a: Gliscor|100/100 tox|[from] ability: Poison Heal
|upkeep
|
|t:|1760346722
|switch|p1a: Ceruledge|Ceruledge, F, shiny|100/100
|turn|10
|
|t:|1760346725
|move|p1a: Ceruledge|Swords Dance|p1a: Ceruledge
|-boost|p1a: Ceruledge|atk|2
|move|p2a: Gliscor|Earthquake|p1a: Ceruledge
|-supereffective|p1a: Ceruledge
|-enditem|p1a: Ceruledge|Focus Sash
|-damage|p1a: Ceruledge|1/100
|-ability|p1a: Ceruledge|Weak Armor|boost
|-unboost|p1a: Ceruledge|def|1
|-boost|p1a: Ceruledge|spe|2
|
|-weather|SunnyDay|[upkeep]
|upkeep
|turn|11
|
|t:|1760346739
|move|p1a: Ceruledge|Bitter Blade|p2a: Gliscor
|-damage|p2a: Gliscor|0 fnt
|-heal|p1a: Ceruledge|61/100|[from] drain|[of] p2a: Gliscor
|faint|p2a: Gliscor
|
|-weather|SunnyDay|[upkeep]
|upkeep
|
|t:|1760346750
|switch|p2a: Ceruledge|Ceruledge, M|100/100
|turn|12
|
|t:|1760346763
|-terastallize|p1a: Ceruledge|Fighting
|move|p1a: Ceruledge|Shadow Sneak|p2a: Ceruledge
|-supereffective|p2a: Ceruledge
|-crit|p2a: Ceruledge
|-enditem|p2a: Ceruledge|Focus Sash
|-damage|p2a: Ceruledge|1/100
|-ability|p2a: Ceruledge|Weak Armor|boost
|-unboost|p2a: Ceruledge|def|1
|-boost|p2a: Ceruledge|spe|2
|move|p2a: Ceruledge|Poltergeist||[still]
|-fail|p2a: Ceruledge
|
|-weather|SunnyDay|[upkeep]
|upkeep
|turn|13
|c|☆DNU_ambassadors|skull
|
|t:|1760346783
|move|p1a: Ceruledge|Shadow Sneak|p2a: Ceruledge
|-supereffective|p2a: Ceruledge
|-damage|p2a: Ceruledge|0 fnt
|faint|p2a: Ceruledge
|
|-weather|none
|upkeep
|
|t:|1760346796
|switch|p2a: Kingambit|Kingambit, F|100/100
|-activate|p2a: Kingambit|ability: Supreme Overlord
|-start|p2a: Kingambit|fallen3|[silent]
|turn|14
|
|t:|1760346801
|move|p1a: Ceruledge|Bitter Blade|p2a: Kingambit
|-supereffective|p2a: Kingambit
|-damage|p2a: Kingambit|0 fnt
|-heal|p1a: Ceruledge|100/100|[from] drain|[of] p2a: Kingambit
|faint|p2a: Kingambit
|-end|p2a: Kingambit|fallen3|[silent]
|
|upkeep
|
|t:|1760346803
|switch|p2a: Iron Crown|Iron Crown|100/100
|-enditem|p2a: Iron Crown|Booster Energy
|-activate|p2a: Iron Crown|ability: Quark Drive|[fromitem]
|-start|p2a: Iron Crown|quarkdrivespe
|turn|15
|
|t:|1760346806
|move|p1a: Ceruledge|Bitter Blade|p2a: Iron Crown
|-supereffective|p2a: Iron Crown
|-damage|p2a: Iron Crown|0 fnt
|faint|p2a: Iron Crown
|-end|p2a: Iron Crown|Quark Drive|[silent]
|
|upkeep
|-message|DNU_ambassadors forfeited.
|
|win|aarer
|raw|aarer's rating: 1534 &rarr; <strong>1560</strong><br />(+26 for winning)
|raw|DNU_ambassadors's rating: 1635 &rarr; <strong>1609</strong><br />(-26 for losing)
|l|☆DNU_ambassadors
|player|p2|
|l|☆aarer
|player|p1|
