|j|☆azad555
|j|☆LonevetZ1
|t:|1760447625
|gametype|singles
|player|p1|azad555|265|1364
|player|p2|LonevetZ1|101|1370
|gen|9
|tier|[Gen 9] OU
|rated|
|rule|HP Percentage Mod: HP is shown in percentages
|rule|Endless Battle Clause: Forcing endless battles is banned
|rule|Species Clause: Limit one of each Pokémon
|rule|OHKO Clause: OHKO moves are banned
|rule|Evasion Items Clause: Evasion items are banned
|rule|Evasion Moves Clause: Evasion moves are banned
|rule|Evasion Abilities Clause: Evasion abilities are banned
|rule|Sleep Moves Clause: Sleep-inducing moves are banned
|clearpoke
|poke|p1|Indeedee-F, F|
|poke|p1|Armarouge, M|
|poke|p1|Polteageist-Antique|
|poke|p1|Hatterene, F|
|poke|p1|Great Tusk|
|poke|p1|Iron Valiant|
|poke|p2|Zamazenta-*|
|poke|p2|Ninetales-Alola, M|
|poke|p2|Darkrai|
|poke|p2|Ceruledge, F|
|poke|p2|Gliscor, M|
|poke|p2|Hatterene, F|
|teampreview
|inactive|Battle timer is ON: inactive players will automatically lose when time's up. (requested by azad555)
|
|t:|1760447704
|teamsize|p1|6
|teamsize|p2|6
|start
|switch|p1a: Indeedee|Indeedee-F, F|100/100
|switch|p2a: Zamazenta|Zamazenta|100/100
|-ability|p2a: Zamazenta|Dauntless Shield|boost
|-boost|p2a: Zamazenta|def|1
|-fieldstart|move: Psychic Terrain|[from] ability: Psychic Surge|[of] p1a: Indeedee
|turn|1
|
|t:|1760447714
|switch|p2a: Hatterene|Hatterene, F|100/100
|switch|p1a: Polteageist|Polteageist-Antique|100/100
|
|upkeep
|turn|2
|
|t:|1760447725
|move|p1a: Polteageist|Shell Smash|p1a: Polteageist
|-unboost|p1a: Polteageist|def|1
|-unboost|p1a: Polteageist|spd|1
|-boost|p1a: Polteageist|atk|2
|-boost|p1a: Polteageist|spa|2
|-boost|p1a: Polteageist|spe|2
|move|p2a: Hatterene|Calm Mind|p2a: Hatterene
|-boost|p2a: Hatterene|spa|1
|-boost|p2a: Hatterene|spd|1
|
|upkeep
|turn|3
|
|t:|1760447738
|move|p1a: Polteageist|Shell Smash|p1a: Polteageist
|-unboost|p1a: Polteageist|def|1
|-unboost|p1a: Polteageist|spd|1
|-boost|p1a: Polteageist|atk|2
|-boost|p1a: Polteageist|spa|2
|-boost|p1a: Polteageist|spe|2
|move|p2a: Hatterene|Psyshock|p1a: Polteageist
|-crit|p1a: Polteageist
|-enditem|p1a: Polteageist|Focus Sash
|-damage|p1a: Polteageist|1/100
|
|upkeep
|turn|4
|inactive|azad555 has 120 seconds left.
|
|t:|1760447774
|move|p1a: Polteageist|Stored Power|p2a: Hatterene
|-resisted|p2a: Hatterene
|-damage|p2a: Hatterene|0 fnt
|faint|p2a: Hatterene
|
|upkeep
|
|t:|1760447793
|switch|p2a: Darkrai|Darkrai|100/100
|turn|5
|
|t:|1760447800
|switch|p2a: Zamazenta|Zamazenta|100/100
|-terastallize|p1a: Polteageist|Fighting
|move|p1a: Polteageist|Tera Blast|p2a: Zamazenta|[anim] Tera Blast Fighting
|-damage|p2a: Zamazenta|0 fnt
|faint|p2a: Zamazenta
|
|upkeep
|
|t:|1760447807
|switch|p2a: Ninetales|Ninetales-Alola, M|100/100
|-weather|Snowscape|[from] ability: Snow Warning|[of] p2a: Ninetales
|turn|6
|
|t:|1760447824
|move|p1a: Polteageist|Tera Blast|p2a: Ninetales|[anim] Tera Blast Fighting
|-damage|p2a: Ninetales|0 fnt
|faint|p2a: Ninetales
|
|-weather|Snowscape|[upkeep]
|upkeep
|
|t:|1760447850
|switch|p2a: Gliscor|Gliscor, M|100/100
|turn|7
|
|t:|1760447857
|move|p1a: Polteageist|Stored Power|p2a: Gliscor
|-damage|p2a: Gliscor|0 fnt
|faint|p2a: Gliscor
|
|-weather|Snowscape|[upkeep]
|upkeep
|
|t:|1760447863
|switch|p2a: Darkrai|Darkrai|100/100
|turn|8
|
|t:|1760447868
|move|p1a: Polteageist|Tera Blast|p2a: Darkrai|[anim] Tera Blast Fighting
|-supereffective|p2a: Darkrai
|-damage|p2a: Darkrai|0 fnt
|faint|p2a: Darkrai
|
|-weather|Snowscape|[upkeep]
|-fieldend|move: Psychic Terrain
|upkeep
|
|t:|1760447880
|switch|p2a: Ceruledge|Ceruledge, F|100/100
|turn|9
|
|t:|1760447885
|move|p2a: Ceruledge|Shadow Sneak|p1a: Polteageist
|-damage|p1a: Polteageist|0 fnt
|faint|p1a: Polteageist
|
|-weather|Snowscape|[upkeep]
|upkeep
|
|t:|1760447889
|switch|p1a: Great Tusk|Great Tusk|100/100
|-enditem|p1a: Great Tusk|Booster Energy
|-activate|p1a: Great Tusk|ability: Protosynthesis|[fromitem]
|-start|p1a: Great Tusk|protosynthesisatk
|turn|10
|
|t:|1760447910
|-terastallize|p2a: Ceruledge|Bug
|move|p1a: Great Tusk|Headlong Rush|p2a: Ceruledge
|-resisted|p2a: Ceruledge
|-damage|p2a: Ceruledge|57/100
|-unboost|p1a: Great Tusk|def|1
|-unboost|p1a: Great Tusk|spd|1
|move|p2a: Ceruledge|Bulk Up|p2a: Ceruledge
|-boost|p2a: Ceruledge|atk|1
|-boost|p2a: Ceruledge|def|1
|
|-weather|none
|upkeep
|turn|11
|
|t:|1760447931
|move|p1a: Great Tusk|Headlong Rush|p2a: Ceruledge
|-resisted|p2a: Ceruledge
|-damage|p2a: Ceruledge|29/100
|-unboost|p1a: Great Tusk|def|1
|-unboost|p1a: Great Tusk|spd|1
|move|p2a: Ceruledge|Bitter Blade|p1a: Great Tusk
|-damage|p1a: Great Tusk|23/100
|-heal|p2a: Ceruledge|70/100|[from] drain|[of] p1a: Great Tusk
|
|upkeep
|turn|12
|
|t:|1760447935
|move|p1a: Great Tusk|Headlong Rush|p2a: Ceruledge
|-resisted|p2a: Ceruledge
|-damage|p2a: Ceruledge|39/100
|-unboost|p1a: Great Tusk|def|1
|-unboost|p1a: Great Tusk|spd|1
|move|p2a: Ceruledge|Bulk Up|p2a: Ceruledge
|-boost|p2a: Ceruledge|atk|1
|-boost|p2a: Ceruledge|def|1
|
|upkeep
|turn|13
|
|t:|1760447940
|move|p1a: Great Tusk|Headlong Rush|p2a: Ceruledge
|-resisted|p2a: Ceruledge
|-damage|p2a: Ceruledge|17/100
|-unboost|p1a: Great Tusk|def|1
|-unboost|p1a: Great Tusk|spd|1
|move|p2a: Ceruledge|Bitter Blade|p1a: Great Tusk
|-damage|p1a: Great Tusk|0 fnt
|-heal|p2a: Ceruledge|29/100|[from] drain|[of] p1a: Great Tusk
|faint|p1a: Great Tusk
|-end|p1a: Great Tusk|Protosynthesis|[silent]
|
|upkeep
|
|t:|1760447944
|switch|p1a: Armarouge|Armarouge, M|100/100
|turn|14
|
|t:|1760447947
|move|p2a: Ceruledge|Shadow Sneak|p1a: Armarouge
|-supereffective|p1a: Armarouge
|-damage|p1a: Armarouge|37/100
|-ability|p1a: Armarouge|Weak Armor|boost
|-unboost|p1a: Armarouge|def|1
|-boost|p1a: Armarouge|spe|2
|move|p1a: Armarouge|Armor Cannon|p2a: Ceruledge
|-start|p2a: Ceruledge|ability: Flash Fire
|
|upkeep
|turn|15
|
|t:|1760447961
|move|p2a: Ceruledge|Shadow Sneak|p1a: Armarouge
|-supereffective|p1a: Armarouge
|-damage|p1a: Armarouge|0 fnt
|faint|p1a: Armarouge
|
|upkeep
|
|t:|1760447974
|switch|p1a: Iron Valiant|Iron Valiant|100/100
|-enditem|p1a: Iron Valiant|Booster Energy
|-activate|p1a: Iron Valiant|ability: Quark Drive|[fromitem]
|-start|p1a: Iron Valiant|quarkdrivespe
|turn|16
|
|t:|1760447980
|move|p1a: Iron Valiant|Moonblast|p2a: Ceruledge
|-damage|p2a: Ceruledge|0 fnt
|faint|p2a: Ceruledge
|
|win|azad555
|raw|azad555's rating: 1364 &rarr; <strong>1383</strong><br />(+19 for winning)
|raw|LonevetZ1's rating: 1354 &rarr; <strong>1335</strong><br />(-19 for losing)
|l|☆LonevetZ1
|player|p2|
|l|☆azad555
|player|p1|
