|j|☆MrLegilimens
|j|☆PITOU ET TIGROU
|t:|1760460997
|gametype|singles
|player|p1|MrLegilimens|266|1311
|player|p2|PITOU ET TIGROU|cynthia-gen4|1312
|gen|9
|tier|[Gen 9] OU
|rated|
|rule|HP Percentage Mod: HP is shown in percentages
|rule|Endless Battle Clause: Forcing endless battles is banned
|rule|Species Clause: Limit one of each Pokémon
|rule|OHKO Clause: OHKO moves are banned
|rule|Evasion Items Clause: Evasion items are banned
|rule|Evasion Moves Clause: Evasion moves are banned
|rule|Evasion Abilities Clause: Evasion abilities are banned
|rule|Sleep Moves Clause: Sleep-inducing moves are banned
|clearpoke
|poke|p1|Tyranitar, F|
|poke|p1|Gholdengo|
|poke|p1|Zamazenta-*|
|poke|p1|Rillaboom, M|
|poke|p1|Garchomp, F|
|poke|p1|Zapdos|
|poke|p2|Hippowdon, M|
|poke|p2|Palossand, F|
|poke|p2|Tyranitar, F|
|poke|p2|Garganacl, M|
|poke|p2|Arcanine-Hisui, F|
|poke|p2|Diancie|
|teampreview
|inactive|Battle timer is ON: inactive players will automatically lose when time's up. (requested by MrLegilimens)
|inactive|PITOU ET TIGROU also wants the timer to be on.
|j| max wowowowoq
|
|t:|1760461020
|teamsize|p1|6
|teamsize|p2|6
|start
|switch|p1a: Garchomp|Garchomp, F|100/100
|switch|p2a: Hippowdon|Hippowdon, M|100/100
|-weather|Sandstorm|[from] ability: Sand Stream|[of] p2a: Hippowdon
|turn|1
|
|t:|1760461027
|move|p1a: Garchomp|Stealth Rock|p2a: Hippowdon
|-sidestart|p2: PITOU ET TIGROU|move: Stealth Rock
|move|p2a: Hippowdon|Stealth Rock|p1a: Garchomp
|-sidestart|p1: MrLegilimens|move: Stealth Rock
|
|-weather|Sandstorm|[upkeep]
|upkeep
|turn|2
|
|t:|1760461036
|move|p1a: Garchomp|Spikes|p2a: Hippowdon
|-sidestart|p2: PITOU ET TIGROU|Spikes
|move|p2a: Hippowdon|Stone Edge|p1a: Garchomp
|-resisted|p1a: Garchomp
|-damage|p1a: Garchomp|89/100
|
|-weather|Sandstorm|[upkeep]
|upkeep
|turn|3
|
|t:|1760461039
|move|p1a: Garchomp|Spikes|p2a: Hippowdon
|-sidestart|p2: PITOU ET TIGROU|Spikes
|move|p2a: Hippowdon|Whirlwind|p1a: Garchomp
|drag|p1a: Tyranitar|Tyranitar, F|100/100
|
|-weather|Sandstorm|[upkeep]
|upkeep
|turn|4
|
|t:|1760461048
|switch|p1a: Rillaboom|Rillaboom, M|100/100
|-fieldstart|move: Grassy Terrain|[from] ability: Grassy Surge|[of] p1a: Rillaboom
|move|p2a: Hippowdon|Earthquake|p1a: Rillaboom
|-resisted|p1a: Rillaboom
|-damage|p1a: Rillaboom|86/100
|
|-weather|Sandstorm|[upkeep]
|-damage|p1a: Rillaboom|80/100|[from] Sandstorm
|-heal|p1a: Rillaboom|86/100|[from] Grassy Terrain
|upkeep
|turn|5
|
|t:|1760461053
|move|p1a: Rillaboom|Wood Hammer|p2a: Hippowdon
|-supereffective|p2a: Hippowdon
|-damage|p2a: Hippowdon|0 fnt
|faint|p2a: Hippowdon
|-damage|p1a: Rillaboom|46/100|[from] Recoil
|
|-weather|Sandstorm|[upkeep]
|-damage|p1a: Rillaboom|40/100|[from] Sandstorm
|-heal|p1a: Rillaboom|46/100|[from] Grassy Terrain
|upkeep
|
|t:|1760461067
|switch|p2a: Arcanine|Arcanine-Hisui, F|100/100
|-damage|p2a: Arcanine|76/100|[from] Stealth Rock
|-damage|p2a: Arcanine|59/100|[from] Spikes
|turn|6
|
|t:|1760461080
|switch|p1a: Garchomp|Garchomp, F|89/100
|-damage|p1a: Garchomp|83/100|[from] Stealth Rock
|move|p2a: Arcanine|Flare Blitz|p1a: Garchomp
|-resisted|p1a: Garchomp
|-damage|p1a: Garchomp|55/100
|-damage|p2a: Arcanine|47/100|[from] ability: Rough Skin|[of] p1a: Garchomp
|-damage|p2a: Arcanine|30/100|[from] item: Rocky Helmet|[of] p1a: Garchomp
|
|-weather|Sandstorm|[upkeep]
|-heal|p2a: Arcanine|36/100|[from] Grassy Terrain
|-heal|p1a: Garchomp|61/100|[from] Grassy Terrain
|upkeep
|turn|7
|
|t:|1760461094
|move|p2a: Arcanine|Flare Blitz|p1a: Garchomp
|-resisted|p1a: Garchomp
|-damage|p1a: Garchomp|34/100
|-damage|p2a: Arcanine|24/100|[from] ability: Rough Skin|[of] p1a: Garchomp
|-damage|p2a: Arcanine|7/100|[from] item: Rocky Helmet|[of] p1a: Garchomp
|move|p1a: Garchomp|Earthquake|p2a: Arcanine
|-supereffective|p2a: Arcanine
|-damage|p2a: Arcanine|0 fnt
|faint|p2a: Arcanine
|
|-weather|Sandstorm|[upkeep]
|-heal|p1a: Garchomp|40/100|[from] Grassy Terrain
|upkeep
|
|t:|1760461101
|switch|p2a: Palossand|Palossand, F|100/100
|-damage|p2a: Palossand|94/100|[from] Stealth Rock
|-damage|p2a: Palossand|78/100|[from] Spikes
|turn|8
|
|t:|1760461106
|move|p2a: Palossand|Shadow Ball|p1a: Garchomp
|-damage|p1a: Garchomp|0 fnt
|faint|p1a: Garchomp
|
|-weather|none
|-heal|p2a: Palossand|84/100|[from] Grassy Terrain
|-fieldend|move: Grassy Terrain
|upkeep
|inactive|MrLegilimens has 120 seconds left.
|
|t:|1760461165
|switch|p1a: Tyranitar|Tyranitar, F|100/100
|-weather|Sandstorm|[from] ability: Sand Stream|[of] p1a: Tyranitar
|turn|9
|
|t:|1760461174
|move|p1a: Tyranitar|Knock Off|p2a: Palossand
|-supereffective|p2a: Palossand
|-damage|p2a: Palossand|0 fnt
|-enditem|p2a: Palossand|Choice Specs|[from] move: Knock Off|[of] p1a: Tyranitar
|faint|p2a: Palossand
|
|-weather|Sandstorm|[upkeep]
|upkeep
|
|t:|1760461177
|switch|p2a: Diancie|Diancie|100/100
|-damage|p2a: Diancie|88/100|[from] Stealth Rock
|-damage|p2a: Diancie|72/100|[from] Spikes
|turn|10
|
|t:|1760461189
|switch|p1a: Gholdengo|Gholdengo|100/100
|-damage|p1a: Gholdengo|94/100|[from] Stealth Rock
|-item|p1a: Gholdengo|Air Balloon
|move|p2a: Diancie|Moonblast|p1a: Gholdengo
|-resisted|p1a: Gholdengo
|-damage|p1a: Gholdengo|73/100
|-enditem|p1a: Gholdengo|Air Balloon
|
|-weather|Sandstorm|[upkeep]
|upkeep
|turn|11
|
|t:|1760461203
|switch|p2a: Tyranitar|Tyranitar, F|100/100
|-damage|p2a: Tyranitar|88/100|[from] Stealth Rock
|-damage|p2a: Tyranitar|72/100|[from] Spikes
|move|p1a: Gholdengo|Make It Rain|p2a: Tyranitar
|-supereffective|p2a: Tyranitar
|-damage|p2a: Tyranitar|0 fnt
|-unboost|p1a: Gholdengo|spa|1
|faint|p2a: Tyranitar
|
|-weather|Sandstorm|[upkeep]
|upkeep
|
|t:|1760461205
|switch|p2a: Garganacl|Garganacl, M|100/100
|-damage|p2a: Garganacl|88/100|[from] Stealth Rock
|-damage|p2a: Garganacl|72/100|[from] Spikes
|turn|12
|inactive|MrLegilimens has 120 seconds left.
|
|t:|1760461216
|move|p1a: Gholdengo|Make It Rain|p2a: Garganacl
|-supereffective|p2a: Garganacl
|-damage|p2a: Garganacl|25/100
|-unboost|p1a: Gholdengo|spa|1
|move|p2a: Garganacl|Recover|p2a: Garganacl
|-heal|p2a: Garganacl|75/100
|
|-weather|Sandstorm|[upkeep]
|-heal|p2a: Garganacl|81/100|[from] item: Leftovers
|upkeep
|turn|13
|
|t:|1760461224
|switch|p1a: Rillaboom|Rillaboom, M|46/100
|-fieldstart|move: Grassy Terrain|[from] ability: Grassy Surge|[of] p1a: Rillaboom
|move|p2a: Garganacl|Curse|p2a: Garganacl
|-unboost|p2a: Garganacl|spe|1
|-boost|p2a: Garganacl|atk|1
|-boost|p2a: Garganacl|def|1
|
|-weather|none
|-heal|p1a: Rillaboom|52/100|[from] Grassy Terrain
|-heal|p2a: Garganacl|87/100|[from] Grassy Terrain
|-heal|p2a: Garganacl|94/100|[from] item: Leftovers
|upkeep
|turn|14
|
|t:|1760461248
|move|p2a: Garganacl|Protect|p2a: Garganacl
|-singleturn|p2a: Garganacl|Protect
|move|p1a: Rillaboom|U-turn|p2a: Garganacl
|-activate|p2a: Garganacl|move: Protect
|
|-heal|p1a: Rillaboom|58/100|[from] Grassy Terrain
|-heal|p2a: Garganacl|99/100|[from] Grassy Terrain
|-heal|p2a: Garganacl|100/100|[from] item: Leftovers
|upkeep
|turn|15
|
|t:|1760461255
|move|p1a: Rillaboom|Wood Hammer|p2a: Garganacl
|-supereffective|p2a: Garganacl
|-damage|p2a: Garganacl|44/100
|-damage|p1a: Rillaboom|36/100|[from] Recoil
|move|p2a: Garganacl|Salt Cure|p1a: Rillaboom
|-damage|p1a: Rillaboom|11/100
|-start|p1a: Rillaboom|Salt Cure
|
|-heal|p1a: Rillaboom|17/100|[from] Grassy Terrain
|-heal|p2a: Garganacl|50/100|[from] Grassy Terrain
|-heal|p2a: Garganacl|56/100|[from] item: Leftovers
|-damage|p1a: Rillaboom|5/100|[from] Salt Cure
|upkeep
|turn|16
|
|t:|1760461270
|move|p1a: Rillaboom|Wood Hammer|p2a: Garganacl
|-supereffective|p2a: Garganacl
|-damage|p2a: Garganacl|2/100
|-damage|p1a: Rillaboom|0 fnt|[from] Recoil
|faint|p1a: Rillaboom
|move|p2a: Garganacl|Recover|p2a: Garganacl
|-heal|p2a: Garganacl|52/100
|
|-heal|p2a: Garganacl|59/100|[from] Grassy Terrain
|-heal|p2a: Garganacl|65/100|[from] item: Leftovers
|upkeep
|
|t:|1760461279
|switch|p1a: Gholdengo|Gholdengo|73/100
|-damage|p1a: Gholdengo|67/100|[from] Stealth Rock
|turn|17
|
|t:|1760461287
|move|p2a: Garganacl|Protect|p2a: Garganacl
|-singleturn|p2a: Garganacl|Protect
|move|p1a: Gholdengo|Make It Rain|p2a: Garganacl
|-activate|p2a: Garganacl|move: Protect
|
|-heal|p1a: Gholdengo|73/100|[from] Grassy Terrain
|-heal|p2a: Garganacl|71/100|[from] Grassy Terrain
|-heal|p2a: Garganacl|77/100|[from] item: Leftovers
|-fieldend|move: Grassy Terrain
|upkeep
|turn|18
|
|t:|1760461294
|move|p1a: Gholdengo|Make It Rain|p2a: Garganacl
|-supereffective|p2a: Garganacl
|-damage|p2a: Garganacl|0 fnt
|-unboost|p1a: Gholdengo|spa|1
|faint|p2a: Garganacl
|
|upkeep
|
|t:|1760461297
|switch|p2a: Diancie|Diancie|72/100
|-damage|p2a: Diancie|60/100|[from] Stealth Rock
|-damage|p2a: Diancie|43/100|[from] Spikes
|turn|19
|
|t:|1760461299
|move|p1a: Gholdengo|Make It Rain|p2a: Diancie
|-supereffective|p2a: Diancie
|-damage|p2a: Diancie|0 fnt
|-unboost|p1a: Gholdengo|spa|1
|faint|p2a: Diancie
|
|win|MrLegilimens
|raw|MrLegilimens's rating: 1311 &rarr; <strong>1331</strong><br />(+20 for winning)
|raw|PITOU ET TIGROU's rating: 1312 &rarr; <strong>1292</strong><br />(-20 for losing)
|c|☆MrLegilimens|gg
|l|☆PITOU ET TIGROU
|player|p2|
