|j|☆Gabbirose
|j|☆Buttsnow
|t:|1760415003
|gametype|singles
|player|p1|Gabbirose|266|1111
|player|p2|Buttsnow|acetrainer-gen4dp|1113
|gen|9
|tier|[Gen 9] OU
|rated|
|rule|HP Percentage Mod: HP is shown in percentages
|rule|Endless Battle Clause: Forcing endless battles is banned
|rule|Species Clause: Limit one of each Pokémon
|rule|OHKO Clause: OHKO moves are banned
|rule|Evasion Items Clause: Evasion items are banned
|rule|Evasion Moves Clause: Evasion moves are banned
|rule|Evasion Abilities Clause: Evasion abilities are banned
|rule|Sleep Moves Clause: Sleep-inducing moves are banned
|clearpoke
|poke|p1|Kyurem|
|poke|p1|Landorus-Therian, M|
|poke|p1|Iron Moth|
|poke|p1|Porygon-Z|
|poke|p1|Hydreigon, M|
|poke|p1|Staraptor, F|
|poke|p2|Iron Valiant|
|poke|p2|Cloyster, M|
|poke|p2|Dragonite, M|
|poke|p2|Blaziken, M|
|poke|p2|Latios, M|
|poke|p2|Metagross|
|teampreview
|inactive|Battle timer is ON: inactive players will automatically lose when time's up. (requested by Gabbirose)
|
|t:|1760415016
|teamsize|p1|6
|teamsize|p2|6
|start
|switch|p1a: Landorus|Landorus-Therian, M|100/100
|switch|p2a: Cloyster|Cloyster, M, shiny|100/100
|-ability|p1a: Landorus|Intimidate|boost
|-unboost|p2a: Cloyster|atk|1
|turn|1
|
|t:|1760415036
|move|p1a: Landorus|Earthquake|p2a: Cloyster
|-damage|p2a: Cloyster|25/100
|move|p2a: Cloyster|Shell Smash|p2a: Cloyster
|-unboost|p2a: Cloyster|def|1
|-unboost|p2a: Cloyster|spd|1
|-boost|p2a: Cloyster|atk|2
|-boost|p2a: Cloyster|spa|2
|-boost|p2a: Cloyster|spe|2
|
|upkeep
|turn|2
|
|t:|1760415043
|switch|p1a: Kyurem|Kyurem|100/100
|-ability|p1a: Kyurem|Pressure
|move|p2a: Cloyster|Icicle Spear|p1a: Kyurem
|-damage|p1a: Kyurem|84/100
|-damage|p1a: Kyurem|68/100
|-damage|p1a: Kyurem|50/100
|-damage|p1a: Kyurem|34/100
|-damage|p1a: Kyurem|17/100
|-hitcount|p1a: Kyurem|5
|
|upkeep
|turn|3
|
|t:|1760415054
|move|p2a: Cloyster|Icicle Spear|p1a: Kyurem
|-damage|p1a: Kyurem|1/100
|-damage|p1a: Kyurem|0 fnt
|faint|p1a: Kyurem
|-hitcount|p1: Kyurem|2
|
|upkeep
|
|t:|1760415056
|switch|p1a: Staraptor|Staraptor, F|100/100
|turn|4
|
|t:|1760415059
|move|p1a: Staraptor|Quick Attack|p2a: Cloyster
|-damage|p2a: Cloyster|0 fnt
|faint|p2a: Cloyster
|
|upkeep
|
|t:|1760415065
|switch|p2a: Dragonite|Dragonite, M, shiny|100/100
|turn|5
|
|t:|1760415073
|switch|p1a: Landorus|Landorus-Therian, M|100/100
|-ability|p1a: Landorus|Intimidate|boost
|-fail|p2a: Dragonite|unboost|Attack|[from] ability: Inner Focus|[of] p2a: Dragonite
|move|p2a: Dragonite|Dragon Dance|p2a: Dragonite
|-boost|p2a: Dragonite|atk|1
|-boost|p2a: Dragonite|spe|1
|
|upkeep
|turn|6
|
|t:|1760415076
|move|p2a: Dragonite|Dragon Dance|p2a: Dragonite
|-boost|p2a: Dragonite|atk|1
|-boost|p2a: Dragonite|spe|1
|move|p1a: Landorus|Earthquake|p2a: Dragonite
|-immune|p2a: Dragonite
|
|upkeep
|turn|7
|
|t:|1760415083
|switch|p1a: Hydreigon|Hydreigon, M|100/100
|move|p2a: Dragonite|Ice Spinner|p1a: Hydreigon
|-supereffective|p1a: Hydreigon
|-damage|p1a: Hydreigon|0 fnt
|faint|p1a: Hydreigon
|
|upkeep
|
|t:|1760415090
|switch|p1a: Porygon-Z|Porygon-Z|100/100
|turn|8
|
|t:|1760415095
|move|p2a: Dragonite|Earthquake|p1a: Porygon-Z
|-damage|p1a: Porygon-Z|0 fnt
|faint|p1a: Porygon-Z
|
|upkeep
|
|t:|1760415098
|switch|p1a: Landorus|Landorus-Therian, M|100/100
|-ability|p1a: Landorus|Intimidate|boost
|-fail|p2a: Dragonite|unboost|Attack|[from] ability: Inner Focus|[of] p2a: Dragonite
|turn|9
|
|t:|1760415116
|move|p2a: Dragonite|Ice Spinner|p1a: Landorus
|-supereffective|p1a: Landorus
|-damage|p1a: Landorus|0 fnt
|faint|p1a: Landorus
|
|upkeep
|
|t:|1760415118
|switch|p1a: Staraptor|Staraptor, F|100/100
|turn|10
|
|t:|1760415121
|move|p2a: Dragonite|Ice Spinner|p1a: Staraptor
|-supereffective|p1a: Staraptor
|-damage|p1a: Staraptor|0 fnt
|faint|p1a: Staraptor
|
|upkeep
|
|t:|1760415122
|switch|p1a: Iron Moth|Iron Moth|100/100
|turn|11
|
|t:|1760415125
|move|p2a: Dragonite|Earthquake|p1a: Iron Moth
|-supereffective|p1a: Iron Moth
|-damage|p1a: Iron Moth|0 fnt
|faint|p1a: Iron Moth
|-end|p1a: Iron Moth|Quark Drive|[silent]
|
|win|Buttsnow
|raw|Gabbirose's rating: 1111 &rarr; <strong>1086</strong><br />(-25 for losing)
|raw|Buttsnow's rating: 1113 &rarr; <strong>1138</strong><br />(+25 for winning)
|l|☆Gabbirose
|player|p1|
|l|☆Buttsnow
|player|p2|
