|j|☆butts99999
|j|☆dr. drake6782
|t:|1760390152
|gametype|singles
|player|p1|butts99999|skierf|1838
|player|p2|dr. drake6782|hilbert-masters|1758
|gen|9
|tier|[Gen 9] OU
|rated|
|rule|HP Percentage Mod: HP is shown in percentages
|rule|Endless Battle Clause: Forcing endless battles is banned
|rule|Species Clause: Limit one of each Pokémon
|rule|OHKO Clause: OHKO moves are banned
|rule|Evasion Items Clause: Evasion items are banned
|rule|Evasion Moves Clause: Evasion moves are banned
|rule|Evasion Abilities Clause: Evasion abilities are banned
|rule|Sleep Moves Clause: Sleep-inducing moves are banned
|clearpoke
|poke|p1|Kingambit, F|
|poke|p1|Cinderace, F|
|poke|p1|Landorus-Therian, M|
|poke|p1|Iron Valiant|
|poke|p1|Kyurem|
|poke|p1|Slowking-Galar, M|
|poke|p2|Pelipper, M|
|poke|p2|Tornadus-Therian, M|
|poke|p2|Iron Treads|
|poke|p2|Decidueye-Hisui, F|
|poke|p2|Barraskewda, F|
|poke|p2|Raging Bolt|
|teampreview
|inactive|Battle timer is ON: inactive players will automatically lose when time's up. (requested by dr. drake6782)
|inactive|butts99999 has 120 seconds left.
|inactive|dr. drake6782 has 120 seconds left.
|
|t:|1760390190
|teamsize|p1|6
|teamsize|p2|6
|start
|switch|p1a: Chillionaire|Slowking-Galar, M, shiny|100/100
|switch|p2a: Barraskewda|Barraskewda, F, shiny|100/100
|turn|1
|
|t:|1760390195
|move|p2a: Barraskewda|Flip Turn|p1a: Chillionaire
|-damage|p1a: Chillionaire|56/100
|-damage|p2a: Barraskewda|91/100|[from] item: Life Orb
|
|t:|1760390198
|switch|p2a: Pelipper|Pelipper, M|100/100|[from] Flip Turn
|-weather|RainDance|[from] ability: Drizzle|[of] p2a: Pelipper
|-prepare|p1a: Chillionaire|Chilly Reception|[premajor]
|move|p1a: Chillionaire|Chilly Reception|p1a: Chillionaire
|-weather|Snowscape
|
|t:|1760390201
|switch|p1a: Mr. Freeze|Kyurem, shiny|100/100|[from] Chilly Reception
|-ability|p1a: Mr. Freeze|Pressure
|
|-weather|Snowscape|[upkeep]
|upkeep
|turn|2
|
|t:|1760390207
|switch|p2a: Iron Treads|Iron Treads|100/100
|move|p1a: Mr. Freeze|Substitute|p1a: Mr. Freeze
|-start|p1a: Mr. Freeze|Substitute
|-damage|p1a: Mr. Freeze|76/100
|
|-weather|Snowscape|[upkeep]
|-heal|p1a: Mr. Freeze|82/100|[from] item: Leftovers
|upkeep
|turn|3
|
|t:|1760390213
|move|p1a: Mr. Freeze|Earth Power|p2a: Iron Treads
|-supereffective|p2a: Iron Treads
|-damage|p2a: Iron Treads|50/100
|move|p2a: Iron Treads|Rapid Spin|p1a: Mr. Freeze
|-activate|p1a: Mr. Freeze|move: Substitute|[damage]
|-boost|p2a: Iron Treads|spe|1
|
|-weather|Snowscape|[upkeep]
|-heal|p2a: Iron Treads|56/100|[from] item: Leftovers
|-heal|p1a: Mr. Freeze|88/100|[from] item: Leftovers
|upkeep
|turn|4
|
|t:|1760390222
|move|p2a: Iron Treads|Stealth Rock|p1a: Mr. Freeze
|-sidestart|p1: butts99999|move: Stealth Rock
|move|p1a: Mr. Freeze|Earth Power|p2a: Iron Treads
|-supereffective|p2a: Iron Treads
|-damage|p2a: Iron Treads|9/100
|
|-weather|Snowscape|[upkeep]
|-heal|p2a: Iron Treads|15/100|[from] item: Leftovers
|-heal|p1a: Mr. Freeze|94/100|[from] item: Leftovers
|upkeep
|turn|5
|
|t:|1760390226
|move|p2a: Iron Treads|Earthquake|p1a: Mr. Freeze
|-end|p1a: Mr. Freeze|Substitute
|move|p1a: Mr. Freeze|Freeze-Dry|p2a: Iron Treads
|-damage|p2a: Iron Treads|0 fnt
|faint|p2a: Iron Treads
|-end|p2a: Iron Treads|Quark Drive|[silent]
|
|-weather|none
|-heal|p1a: Mr. Freeze|99/100|[from] item: Leftovers
|upkeep
|
|t:|1760390229
|switch|p2a: Barraskewda|Barraskewda, F, shiny|91/100
|turn|6
|
|t:|1760390242
|switch|p1a: WALL-Y|Iron Valiant|100/100
|-damage|p1a: WALL-Y|94/100|[from] Stealth Rock
|-enditem|p1a: WALL-Y|Booster Energy
|-activate|p1a: WALL-Y|ability: Quark Drive|[fromitem]
|-start|p1a: WALL-Y|quarkdrivespe
|move|p2a: Barraskewda|Flip Turn|p1a: WALL-Y
|-damage|p1a: WALL-Y|43/100
|-damage|p2a: Barraskewda|81/100|[from] item: Life Orb
|
|t:|1760390246
|switch|p2a: Pelipper|Pelipper, M|100/100|[from] Flip Turn
|-weather|RainDance|[from] ability: Drizzle|[of] p2a: Pelipper
|
|-weather|RainDance|[upkeep]
|upkeep
|turn|7
|
|t:|1760390251
|move|p1a: WALL-Y|Moonblast|p2a: Pelipper
|-damage|p2a: Pelipper|35/100
|-unboost|p2a: Pelipper|spa|1
|move|p2a: Pelipper|U-turn|p1a: WALL-Y
|-resisted|p1a: WALL-Y
|-damage|p1a: WALL-Y|40/100
|
|t:|1760390254
|switch|p2a: Barraskewda|Barraskewda, F, shiny|81/100|[from] U-turn
|
|-weather|RainDance|[upkeep]
|upkeep
|turn|8
|
|t:|1760390266
|move|p2a: Barraskewda|Liquidation|p1a: WALL-Y
|-damage|p1a: WALL-Y|0 fnt
|faint|p1a: WALL-Y
|-end|p1a: WALL-Y|Quark Drive|[silent]
|-damage|p2a: Barraskewda|71/100|[from] item: Life Orb
|
|-weather|RainDance|[upkeep]
|upkeep
|
|t:|1760390271
|switch|p1a: Chillionaire|Slowking-Galar, M, shiny|89/100
|turn|9
|
|t:|1760390276
|-terastallize|p1a: Chillionaire|Water
|move|p2a: Barraskewda|Liquidation|p1a: Chillionaire
|-resisted|p1a: Chillionaire
|-crit|p1a: Chillionaire
|-damage|p1a: Chillionaire|23/100
|-damage|p2a: Barraskewda|61/100|[from] item: Life Orb
|-prepare|p1a: Chillionaire|Chilly Reception|[premajor]
|move|p1a: Chillionaire|Chilly Reception|p1a: Chillionaire
|-weather|Snowscape
|
|t:|1760390284
|switch|p1a: Kristine|Cinderace, F, shiny|100/100|[from] Chilly Reception
|
|-weather|Snowscape|[upkeep]
|upkeep
|turn|10
|
|t:|1760390289
|switch|p1a: Chillionaire|Slowking-Galar, M, shiny, tera:Water|56/100
|move|p2a: Barraskewda|Liquidation|p1a: Chillionaire
|-resisted|p1a: Chillionaire
|-damage|p1a: Chillionaire|24/100
|-damage|p2a: Barraskewda|51/100|[from] item: Life Orb
|
|-weather|Snowscape|[upkeep]
|upkeep
|turn|11
|
|t:|1760390306
|switch|p1a: Daenerys|Kingambit, F|100/100
|-damage|p1a: Daenerys|94/100|[from] Stealth Rock
|-activate|p1a: Daenerys|ability: Supreme Overlord
|-start|p1a: Daenerys|fallen1|[silent]
|move|p2a: Barraskewda|Liquidation|p1a: Daenerys
|-damage|p1a: Daenerys|48/100
|-unboost|p1a: Daenerys|def|1
|-damage|p2a: Barraskewda|41/100|[from] item: Life Orb
|
|-weather|Snowscape|[upkeep]
|-heal|p1a: Daenerys|54/100|[from] item: Leftovers
|upkeep
|turn|12
|
|t:|1760390318
|switch|p2a: Decidueye|Decidueye-Hisui, F, shiny|100/100
|move|p1a: Daenerys|Sucker Punch||[still]
|-fail|p1a: Daenerys
|
|-weather|Snowscape|[upkeep]
|-heal|p1a: Daenerys|60/100|[from] item: Leftovers
|upkeep
|turn|13
|
|t:|1760390321
|-end|p1a: Daenerys|fallen1|[silent]
|switch|p1a: Kristine|Cinderace, F, shiny|100/100
|move|p2a: Decidueye|Triple Arrows|p1a: Kristine
|-damage|p1a: Kristine|58/100
|-unboost|p1a: Kristine|def|1
|
|-weather|none
|upkeep
|turn|14
|
|t:|1760390327
|switch|p2a: Pelipper|Pelipper, M|35/100
|-weather|RainDance|[from] ability: Drizzle|[of] p2a: Pelipper
|move|p1a: Kristine|Court Change|p1a: Kristine
|-swapsideconditions
|-activate|p1a: Kristine|move: Court Change
|
|-weather|RainDance|[upkeep]
|upkeep
|turn|15
|
|t:|1760390333
|move|p1a: Kristine|U-turn|p2a: Pelipper
|-resisted|p2a: Pelipper
|-damage|p2a: Pelipper|29/100
|
|t:|1760390335
|switch|p1a: Chillionaire|Slowking-Galar, M, shiny, tera:Water|57/100|[from] U-turn
|move|p2a: Pelipper|U-turn|p1a: Chillionaire
|-damage|p1a: Chillionaire|47/100
|
|t:|1760390345
|switch|p2a: Raging Bolt|Raging Bolt|100/100|[from] U-turn
|-damage|p2a: Raging Bolt|88/100|[from] Stealth Rock
|-enditem|p2a: Raging Bolt|Booster Energy
|-activate|p2a: Raging Bolt|ability: Protosynthesis|[fromitem]
|-start|p2a: Raging Bolt|protosynthesisspa
|
|-weather|RainDance|[upkeep]
|upkeep
|turn|16
|
|t:|1760390352
|move|p2a: Raging Bolt|Thunder|p1a: Chillionaire
|-supereffective|p1a: Chillionaire
|-damage|p1a: Chillionaire|0 fnt
|faint|p1a: Chillionaire
|
|-weather|RainDance|[upkeep]
|upkeep
|
|t:|1760390354
|switch|p1a: Homelandor|Landorus-Therian, M, shiny|100/100
|-ability|p1a: Homelandor|Intimidate|boost
|-unboost|p2a: Raging Bolt|atk|1
|turn|17
|
|t:|1760390361
|-terastallize|p2a: Raging Bolt|Bug
|move|p1a: Homelandor|U-turn|p2a: Raging Bolt
|-damage|p2a: Raging Bolt|70/100
|j| Dhoom Again
|
|t:|1760390378
|switch|p1a: Kristine|Cinderace, F, shiny|58/100|[from] U-turn
|move|p2a: Raging Bolt|Weather Ball|p1a: Kristine
|-supereffective|p1a: Kristine
|-damage|p1a: Kristine|0 fnt
|faint|p1a: Kristine
|
|-weather|RainDance|[upkeep]
|upkeep
|
|t:|1760390389
|switch|p1a: Homelandor|Landorus-Therian, M, shiny|100/100
|-ability|p1a: Homelandor|Intimidate|boost
|-unboost|p2a: Raging Bolt|atk|1
|turn|18
|
|t:|1760390392
|move|p1a: Homelandor|Rock Tomb|p2a: Raging Bolt
|-supereffective|p2a: Raging Bolt
|-damage|p2a: Raging Bolt|38/100
|-unboost|p2a: Raging Bolt|spe|1
|move|p2a: Raging Bolt|Weather Ball|p1a: Homelandor
|-supereffective|p1a: Homelandor
|-damage|p1a: Homelandor|0 fnt
|faint|p1a: Homelandor
|
|-weather|RainDance|[upkeep]
|upkeep
|
|t:|1760390406
|switch|p1a: Daenerys|Kingambit, F|60/100
|-activate|p1a: Daenerys|ability: Supreme Overlord
|-start|p1a: Daenerys|fallen4|[silent]
|turn|19
|
|t:|1760390411
|move|p1a: Daenerys|Sucker Punch|p2a: Raging Bolt
|-damage|p2a: Raging Bolt|0 fnt
|faint|p2a: Raging Bolt
|-end|p2a: Raging Bolt|Protosynthesis|[silent]
|
|-weather|RainDance|[upkeep]
|-heal|p1a: Daenerys|67/100|[from] item: Leftovers
|upkeep
|
|t:|1760390414
|switch|p2a: Decidueye|Decidueye-Hisui, F, shiny|100/100
|-damage|p2a: Decidueye|94/100|[from] Stealth Rock
|turn|20
|
|t:|1760390421
|move|p1a: Daenerys|Iron Head|p2a: Decidueye
|-damage|p2a: Decidueye|42/100
|-damage|p1a: Daenerys|50/100|[from] item: Rocky Helmet|[of] p2a: Decidueye
|move|p2a: Decidueye|Triple Arrows|p1a: Daenerys
|-supereffective|p1a: Daenerys
|-damage|p1a: Daenerys|0 fnt
|faint|p1a: Daenerys
|-end|p1a: Daenerys|fallen4|[silent]
|
|-weather|RainDance|[upkeep]
|upkeep
|
|t:|1760390427
|switch|p1a: Mr. Freeze|Kyurem, shiny|99/100
|-ability|p1a: Mr. Freeze|Pressure
|turn|21
|
|t:|1760390436
|move|p1a: Mr. Freeze|Scale Shot|p2a: Decidueye
|-damage|p2a: Decidueye|34/100
|-damage|p2a: Decidueye|27/100
|-damage|p2a: Decidueye|19/100
|-hitcount|p2a: Decidueye|3
|-unboost|p1a: Mr. Freeze|def|1
|-boost|p1a: Mr. Freeze|spe|1
|move|p2a: Decidueye|Triple Arrows|p1a: Mr. Freeze
|-supereffective|p1a: Mr. Freeze
|-damage|p1a: Mr. Freeze|0 fnt
|faint|p1a: Mr. Freeze
|
|win|dr. drake6782
|raw|butts99999's rating: 1838 &rarr; <strong>1813</strong><br />(-25 for losing)
|raw|dr. drake6782's rating: 1758 &rarr; <strong>1783</strong><br />(+25 for winning)
|l|☆butts99999
|player|p1|
|l|☆dr. drake6782
|player|p2|
|l| Dhoom Again
