|j|☆Fanofmons
|j|☆Emeraldred
|t:|1760330757
|gametype|singles
|player|p1|Fanofmons|jasmine|1075
|player|p2|Emeraldred|red|1108
|gen|9
|tier|[Gen 9] OU
|rated|
|rule|HP Percentage Mod: HP is shown in percentages
|rule|Endless Battle Clause: Forcing endless battles is banned
|rule|Species Clause: Limit one of each Pokémon
|rule|OHKO Clause: OHKO moves are banned
|rule|Evasion Items Clause: Evasion items are banned
|rule|Evasion Moves Clause: Evasion moves are banned
|rule|Evasion Abilities Clause: Evasion abilities are banned
|rule|Sleep Moves Clause: Sleep-inducing moves are banned
|clearpoke
|poke|p1|Cinderace, M|
|poke|p1|Alomomola, M|
|poke|p1|Landorus-Therian, M|
|poke|p1|Hatterene, F|
|poke|p1|Kyurem|
|poke|p1|Ogerpon-Wellspring, F|
|poke|p2|Infernape, F|
|poke|p2|Empoleon, M|
|poke|p2|Torterra, F|
|poke|p2|Staraptor, F|
|poke|p2|Luxray, F|
|poke|p2|Weavile, F|
|teampreview
|
|t:|1760330766
|teamsize|p1|6
|teamsize|p2|6
|start
|switch|p1a: Hatterene|Hatterene, F|100/100
|switch|p2a: Staraptor|Staraptor, F|100/100
|-ability|p2a: Staraptor|Intimidate|boost
|-unboost|p1a: Hatterene|atk|1
|turn|1
|inactive|Battle timer is ON: inactive players will automatically lose when time's up. (requested by Fanofmons)
|
|t:|1760330774
|move|p2a: Staraptor|Brave Bird|p1a: Hatterene
|-damage|p1a: Hatterene|52/100
|-damage|p2a: Staraptor|84/100|[from] Recoil
|move|p1a: Hatterene|Nuzzle|p2a: Staraptor
|-supereffective|p2a: Staraptor
|-damage|p2a: Staraptor|76/100
|-status|p2a: Staraptor|par
|
|upkeep
|turn|2
|
|t:|1760330783
|switch|p1a: Alomomola|Alomomola, M|100/100
|move|p2a: Staraptor|Brave Bird|p1a: Alomomola
|-damage|p1a: Alomomola|66/100
|-damage|p2a: Staraptor|59/100 par|[from] item: Rocky Helmet|[of] p1a: Alomomola
|-damage|p2a: Staraptor|40/100 par|[from] Recoil
|
|upkeep
|turn|3
|
|t:|1760330793
|switch|p2a: Torterra|Torterra, F|100/100
|move|p1a: Alomomola|Wish|p1a: Alomomola
|
|upkeep
|turn|4
|
|t:|1760330798
|switch|p1a: Hatterene|Hatterene, F|52/100
|move|p2a: Torterra|Shell Smash|p2a: Torterra
|-unboost|p2a: Torterra|def|1
|-unboost|p2a: Torterra|spd|1
|-boost|p2a: Torterra|atk|2
|-boost|p2a: Torterra|spa|2
|-boost|p2a: Torterra|spe|2
|-enditem|p2a: Torterra|White Herb
|-clearnegativeboost|p2a: Torterra|[silent]
|
|-heal|p1a: Hatterene|100/100|[from] move: Wish|[wisher] Alomomola
|upkeep
|turn|5
|
|t:|1760330810
|move|p2a: Torterra|Iron Head|p1a: Hatterene
|-supereffective|p1a: Hatterene
|-damage|p1a: Hatterene|20/100
|move|p1a: Hatterene|Mystical Fire|p2a: Torterra
|-supereffective|p2a: Torterra
|-damage|p2a: Torterra|46/100
|-unboost|p2a: Torterra|spa|1
|
|upkeep
|turn|6
|
|t:|1760330819
|move|p2a: Torterra|Iron Head|p1a: Hatterene
|-supereffective|p1a: Hatterene
|-damage|p1a: Hatterene|0 fnt
|faint|p1a: Hatterene
|
|upkeep
|
|t:|1760330826
|switch|p1a: Cinderace|Cinderace, M|100/100
|turn|7
|
|t:|1760330830
|move|p1a: Cinderace|Sucker Punch|p2a: Torterra
|-start|p1a: Cinderace|typechange|Dark|[from] ability: Libero
|-damage|p2a: Torterra|15/100
|move|p2a: Torterra|Earthquake|p1a: Cinderace
|-damage|p1a: Cinderace|0 fnt
|faint|p1a: Cinderace
|
|upkeep
|
|t:|1760330837
|switch|p1a: Landorus|Landorus-Therian, M|100/100
|-ability|p1a: Landorus|Intimidate|boost
|-unboost|p2a: Torterra|atk|1
|turn|8
|
|t:|1760330842
|move|p1a: Landorus|U-turn|p2a: Torterra
|-supereffective|p2a: Torterra
|-damage|p2a: Torterra|0 fnt
|faint|p2a: Torterra
|
|t:|1760330852
|switch|p1a: Ogerpon|Ogerpon-Wellspring, F|100/100|[from] U-turn
|
|upkeep
|
|t:|1760330860
|switch|p2a: Staraptor|Staraptor, F|40/100 par
|-ability|p2a: Staraptor|Intimidate|boost
|-unboost|p1a: Ogerpon|atk|1
|turn|9
|
|t:|1760330865
|move|p1a: Ogerpon|Ivy Cudgel|p2a: Staraptor|[anim] Ivy Cudgel Water
|-crit|p2a: Staraptor
|-damage|p2a: Staraptor|0 fnt
|faint|p2a: Staraptor
|
|upkeep
|
|t:|1760330878
|switch|p2a: Weavile|Weavile, F|100/100
|-ability|p2a: Weavile|Pressure
|turn|10
|
|t:|1760330893
|-terastallize|p1a: Ogerpon|Water
|detailschange|p1a: Ogerpon|Ogerpon-Wellspring-Tera, F, tera:Water
|-ability|p1a: Ogerpon|Embody Aspect (Wellspring)|boost
|-boost|p1a: Ogerpon|spd|1
|move|p2a: Weavile|Poison Jab|p1a: Ogerpon
|-damage|p1a: Ogerpon|50/100
|move|p1a: Ogerpon|Ivy Cudgel|p2a: Weavile|[anim] Ivy Cudgel Water
|-damage|p2a: Weavile|7/100
|
|upkeep
|turn|11
|
|t:|1760330904
|switch|p1a: Alomomola|Alomomola, M|99/100
|move|p2a: Weavile|Poison Jab|p1a: Alomomola
|-damage|p1a: Alomomola|79/100
|-damage|p2a: Weavile|0 fnt|[from] item: Rocky Helmet|[of] p1a: Alomomola
|faint|p2a: Weavile
|
|upkeep
|
|t:|1760330912
|switch|p2a: Luxray|Luxray, F|100/100
|-ability|p2a: Luxray|Intimidate|boost
|-unboost|p1a: Alomomola|atk|1
|turn|12
|
|t:|1760330925
|move|p2a: Luxray|Ice Fang|p1a: Alomomola
|-resisted|p1a: Alomomola
|-crit|p1a: Alomomola
|-damage|p1a: Alomomola|70/100
|-damage|p2a: Luxray|84/100|[from] item: Rocky Helmet|[of] p1a: Alomomola
|move|p1a: Alomomola|Flip Turn|p2a: Luxray
|-damage|p2a: Luxray|70/100
|
|t:|1760330927
|switch|p1a: Landorus|Landorus-Therian, M|100/100|[from] Flip Turn
|-ability|p1a: Landorus|Intimidate|boost
|-unboost|p2a: Luxray|atk|1
|
|upkeep
|turn|13
|
|t:|1760330936
|move|p1a: Landorus|Earthquake|p2a: Luxray
|-supereffective|p2a: Luxray
|-damage|p2a: Luxray|0 fnt
|faint|p2a: Luxray
|
|upkeep
|
|t:|1760330942
|switch|p2a: Empoleon|Empoleon, M|100/100
|turn|14
|
|t:|1760330946
|move|p1a: Landorus|Earthquake|p2a: Empoleon
|-supereffective|p2a: Empoleon
|-damage|p2a: Empoleon|0 fnt
|faint|p2a: Empoleon
|
|upkeep
|-message|Emeraldred forfeited.
|
|win|Fanofmons
|raw|Fanofmons's rating: 1075 &rarr; <strong>1106</strong><br />(+31 for winning)
|raw|Emeraldred's rating: 1108 &rarr; <strong>1081</strong><br />(-27 for losing)
|l|☆Emeraldred
|player|p2|
|l|☆Fanofmons
|player|p1|
