|j|☆chaomei_shen
|j|☆saibayman
|t:|1760331604
|gametype|singles
|player|p1|chaomei_shen|266|1422
|player|p2|saibayman|170|1483
|gen|9
|tier|[Gen 9] OU
|rated|
|rule|HP Percentage Mod: HP is shown in percentages
|rule|Endless Battle Clause: Forcing endless battles is banned
|rule|Species Clause: Limit one of each Pokémon
|rule|OHKO Clause: OHKO moves are banned
|rule|Evasion Items Clause: Evasion items are banned
|rule|Evasion Moves Clause: Evasion moves are banned
|rule|Evasion Abilities Clause: Evasion abilities are banned
|rule|Sleep Moves Clause: Sleep-inducing moves are banned
|clearpoke
|poke|p1|Dragonite, M|
|poke|p1|Hatterene, F|
|poke|p1|Great Tusk|
|poke|p1|Raging Bolt|
|poke|p1|Ting-Lu|
|poke|p1|Kyurem|
|poke|p2|Metagross|
|poke|p2|Great Tusk|
|poke|p2|Slowking-Galar, F|
|poke|p2|Dragapult, M|
|poke|p2|Meowscarada, M|
|poke|p2|Zapdos|
|teampreview
|inactive|Battle timer is ON: inactive players will automatically lose when time's up. (requested by saibayman)
|
|t:|1760331616
|teamsize|p1|6
|teamsize|p2|6
|start
|switch|p1a: Kyurem|Kyurem|100/100
|switch|p2a: Slowking|Slowking-Galar, F|100/100
|-ability|p1a: Kyurem|Pressure
|turn|1
|
|t:|1760331623
|move|p1a: Kyurem|Dragon Dance|p1a: Kyurem
|-boost|p1a: Kyurem|atk|1
|-boost|p1a: Kyurem|spe|1
|move|p2a: Slowking|Sludge Bomb|p1a: Kyurem
|-damage|p1a: Kyurem|56/100
|
|upkeep
|turn|2
|
|t:|1760331630
|switch|p2a: Metagross|Metagross|100/100
|move|p1a: Kyurem|Icicle Spear|p2a: Metagross
|-resisted|p2a: Metagross
|-damage|p2a: Metagross|95/100
|-resisted|p2a: Metagross
|-damage|p2a: Metagross|89/100
|-resisted|p2a: Metagross
|-damage|p2a: Metagross|83/100
|-resisted|p2a: Metagross
|-damage|p2a: Metagross|78/100
|-hitcount|p2a: Metagross|4
|
|upkeep
|turn|3
|
|t:|1760331643
|-terastallize|p1a: Kyurem|Fire
|move|p1a: Kyurem|Tera Blast|p2a: Metagross|[anim] Tera Blast Fire
|-supereffective|p2a: Metagross
|-damage|p2a: Metagross|8/100
|move|p2a: Metagross|Stealth Rock|p1a: Kyurem
|-sidestart|p1: chaomei_shen|move: Stealth Rock
|
|upkeep
|turn|4
|
|t:|1760331652
|move|p2a: Metagross|Bullet Punch|p1a: Kyurem
|-resisted|p1a: Kyurem
|-damage|p1a: Kyurem|48/100
|move|p1a: Kyurem|Tera Blast|p2a: Metagross|[anim] Tera Blast Fire
|-supereffective|p2a: Metagross
|-damage|p2a: Metagross|0 fnt
|faint|p2a: Metagross
|
|upkeep
|
|t:|1760331660
|switch|p2a: Dragapult|Dragapult, M|100/100
|turn|5
|
|t:|1760331664
|move|p1a: Kyurem|Icicle Spear|p2a: Dragapult
|-supereffective|p2a: Dragapult
|-damage|p2a: Dragapult|51/100
|-supereffective|p2a: Dragapult
|-damage|p2a: Dragapult|0 fnt
|faint|p2a: Dragapult
|-hitcount|p2: Dragapult|2
|
|upkeep
|
|t:|1760331671
|switch|p2a: Great Tusk|Great Tusk|100/100
|turn|6
|
|t:|1760331677
|-terastallize|p2a: Great Tusk|Steel
|move|p1a: Kyurem|Icicle Spear|p2a: Great Tusk
|-resisted|p2a: Great Tusk
|-damage|p2a: Great Tusk|96/100
|-resisted|p2a: Great Tusk
|-damage|p2a: Great Tusk|91/100
|-resisted|p2a: Great Tusk
|-damage|p2a: Great Tusk|86/100
|-resisted|p2a: Great Tusk
|-damage|p2a: Great Tusk|81/100
|-hitcount|p2a: Great Tusk|4
|move|p2a: Great Tusk|Earthquake|p1a: Kyurem
|-supereffective|p1a: Kyurem
|-damage|p1a: Kyurem|0 fnt
|faint|p1a: Kyurem
|
|-heal|p2a: Great Tusk|87/100|[from] item: Leftovers
|upkeep
|
|t:|1760331684
|switch|p1a: Great Tusk|Great Tusk|100/100
|turn|7
|
|t:|1760331697
|move|p1a: Great Tusk|Rapid Spin|p2a: Great Tusk
|-resisted|p2a: Great Tusk
|-damage|p2a: Great Tusk|83/100
|-boost|p1a: Great Tusk|spe|1
|-sideend|p1: chaomei_shen|Stealth Rock|[from] move: Rapid Spin|[of] p1a: Great Tusk
|move|p2a: Great Tusk|Bulk Up|p2a: Great Tusk
|-boost|p2a: Great Tusk|atk|1
|-boost|p2a: Great Tusk|def|1
|
|-heal|p2a: Great Tusk|89/100|[from] item: Leftovers
|upkeep
|turn|8
|
|t:|1760331707
|move|p1a: Great Tusk|Headlong Rush|p2a: Great Tusk
|-supereffective|p2a: Great Tusk
|-damage|p2a: Great Tusk|52/100
|-unboost|p1a: Great Tusk|def|1
|-unboost|p1a: Great Tusk|spd|1
|move|p2a: Great Tusk|Rapid Spin|p1a: Great Tusk
|-damage|p1a: Great Tusk|77/100
|-boost|p2a: Great Tusk|spe|1
|
|-heal|p2a: Great Tusk|58/100|[from] item: Leftovers
|upkeep
|turn|9
|
|t:|1760331718
|-end|p1a: Great Tusk|Protosynthesis|[silent]
|switch|p1a: Hatterene|Hatterene, F|100/100
|move|p2a: Great Tusk|Rapid Spin|p1a: Hatterene
|-damage|p1a: Hatterene|81/100
|-boost|p2a: Great Tusk|spe|1
|
|-heal|p2a: Great Tusk|65/100|[from] item: Leftovers
|upkeep
|turn|10
|
|t:|1760331729
|move|p2a: Great Tusk|Earthquake|p1a: Hatterene
|-damage|p1a: Hatterene|14/100
|move|p1a: Hatterene|Mystical Fire|p2a: Great Tusk
|-supereffective|p2a: Great Tusk
|-damage|p2a: Great Tusk|0 fnt
|faint|p2a: Great Tusk
|-end|p2a: Great Tusk|Protosynthesis|[silent]
|
|upkeep
|
|t:|1760331737
|switch|p2a: Meowscarada|Meowscarada, M|100/100
|turn|11
|
|t:|1760331741
|move|p2a: Meowscarada|Flower Trick|p1a: Hatterene
|-start|p2a: Meowscarada|typechange|Grass|[from] ability: Protean
|-crit|p1a: Hatterene
|-damage|p1a: Hatterene|0 fnt
|faint|p1a: Hatterene
|
|upkeep
|
|t:|1760331748
|switch|p1a: Dragonite|Dragonite, M|100/100
|turn|12
|
|t:|1760331752
|move|p2a: Meowscarada|Knock Off|p1a: Dragonite
|-damage|p1a: Dragonite|84/100
|-enditem|p1a: Dragonite|Choice Band|[from] move: Knock Off|[of] p2a: Meowscarada
|move|p1a: Dragonite|Outrage|p2a: Meowscarada
|-damage|p2a: Meowscarada|0 fnt
|faint|p2a: Meowscarada
|
|upkeep
|
|t:|1760331766
|switch|p2a: Zapdos|Zapdos|100/100
|turn|13
|
|t:|1760331773
|move|p2a: Zapdos|Hurricane|p1a: Dragonite|[miss]
|-miss|p2a: Zapdos|p1a: Dragonite
|move|p1a: Dragonite|Outrage|p2a: Zapdos|[from] lockedmove
|-damage|p2a: Zapdos|18/100
|
|upkeep
|turn|14
|
|t:|1760331780
|move|p2a: Zapdos|Hurricane|p1a: Dragonite
|-damage|p1a: Dragonite|0 fnt
|faint|p1a: Dragonite
|
|upkeep
|
|t:|1760331791
|switch|p1a: Raging Bolt|Raging Bolt|100/100
|turn|15
|
|t:|1760331795
|switch|p2a: Slowking|Slowking-Galar, F|100/100
|move|p1a: Raging Bolt|Draco Meteor|p2a: Slowking
|-damage|p2a: Slowking|41/100
|-unboost|p1a: Raging Bolt|spa|2
|
|upkeep
|turn|16
|
|t:|1760331802
|-end|p1a: Raging Bolt|Protosynthesis|[silent]
|switch|p1a: Ting-Lu|Ting-Lu|100/100
|-ability|p1a: Ting-Lu|Vessel of Ruin
|move|p2a: Slowking|Ice Beam|p1a: Ting-Lu
|-supereffective|p1a: Ting-Lu
|-damage|p1a: Ting-Lu|74/100
|
|-heal|p1a: Ting-Lu|81/100|[from] item: Leftovers
|upkeep
|turn|17
|
|t:|1760331812
|switch|p2a: Zapdos|Zapdos|18/100
|move|p1a: Ting-Lu|Stealth Rock|p2a: Zapdos
|-sidestart|p2: saibayman|move: Stealth Rock
|
|-heal|p1a: Ting-Lu|87/100|[from] item: Leftovers
|upkeep
|turn|18
|
|t:|1760331819
|move|p2a: Zapdos|Hurricane|p1a: Ting-Lu
|-damage|p1a: Ting-Lu|50/100
|move|p1a: Ting-Lu|Whirlwind|p2a: Zapdos
|drag|p2a: Slowking|Slowking-Galar, F|74/100
|-damage|p2a: Slowking|62/100|[from] Stealth Rock
|
|-heal|p1a: Ting-Lu|56/100|[from] item: Leftovers
|upkeep
|turn|19
|-message|saibayman forfeited.
|
|win|chaomei_shen
|raw|chaomei_shen's rating: 1422 &rarr; <strong>1445</strong><br />(+23 for winning)
|raw|saibayman's rating: 1483 &rarr; <strong>1460</strong><br />(-23 for losing)
|l|☆saibayman
|player|p2|
|l|☆chaomei_shen
|player|p1|
