|j|☆Slothdog
|j|☆Shattersong
|t:|1760414978
|gametype|singles
|player|p1|Slothdog|swimmer-gen4dp|1378
|player|p2|Shattersong|102|1299
|gen|9
|tier|[Gen 9] OU
|rated|
|rule|HP Percentage Mod: HP is shown in percentages
|rule|Endless Battle Clause: Forcing endless battles is banned
|rule|Species Clause: Limit one of each Pokémon
|rule|OHKO Clause: OHKO moves are banned
|rule|Evasion Items Clause: Evasion items are banned
|rule|Evasion Moves Clause: Evasion moves are banned
|rule|Evasion Abilities Clause: Evasion abilities are banned
|rule|Sleep Moves Clause: Sleep-inducing moves are banned
|clearpoke
|poke|p1|Darkrai|
|poke|p1|Iron Valiant|
|poke|p1|Ting-Lu|
|poke|p1|Sinistcha|
|poke|p1|Moltres|
|poke|p1|Samurott-Hisui, F|
|poke|p2|Ceruledge, F|
|poke|p2|Araquanid, M|
|poke|p2|Weezing-Galar, M|
|poke|p2|Garganacl, M|
|poke|p2|Cinderace, F|
|poke|p2|Weavile, F|
|teampreview
|
|t:|1760414991
|teamsize|p1|6
|teamsize|p2|6
|start
|switch|p1a: Samurott|Samurott-Hisui, F|100/100
|switch|p2a: Guy|Araquanid, M, shiny|100/100
|turn|1
|
|t:|1760414996
|move|p1a: Samurott|Ceaseless Edge|p2a: Guy|[miss]
|-miss|p1a: Samurott|p2a: Guy
|-enditem|p1a: Samurott|Blunder Policy
|-boost|p1a: Samurott|spe|2
|move|p2a: Guy|Lunge|p1a: Samurott
|-supereffective|p1a: Samurott
|-damage|p1a: Samurott|20/100
|-unboost|p1a: Samurott|atk|1
|
|upkeep
|turn|2
|
|t:|1760415006
|move|p1a: Samurott|Ceaseless Edge|p2a: Guy
|-damage|p2a: Guy|69/100
|-sidestart|p2: Shattersong|Spikes
|move|p2a: Guy|Lunge|p1a: Samurott
|-supereffective|p1a: Samurott
|-crit|p1a: Samurott
|-damage|p1a: Samurott|0 fnt
|faint|p1a: Samurott
|
|upkeep
|
|t:|1760415022
|switch|p1a: Sinistcha|Sinistcha|100/100
|turn|3
|
|t:|1760415028
|switch|p2a: Pepper|Cinderace, F|100/100
|move|p1a: Sinistcha|Calm Mind|p1a: Sinistcha
|-boost|p1a: Sinistcha|spa|1
|-boost|p1a: Sinistcha|spd|1
|
|upkeep
|turn|4
|
|t:|1760415034
|move|p2a: Pepper|Pyro Ball|p1a: Sinistcha
|-supereffective|p1a: Sinistcha
|-damage|p1a: Sinistcha|57/100
|move|p1a: Sinistcha|Strength Sap|p2a: Pepper
|-unboost|p2a: Pepper|atk|1
|-heal|p1a: Sinistcha|100/100
|
|upkeep
|turn|5
|
|t:|1760415041
|move|p2a: Pepper|Court Change|p2a: Pepper
|-start|p2a: Pepper|typechange|Normal|[from] ability: Libero
|-swapsideconditions
|-activate|p2a: Pepper|move: Court Change
|move|p1a: Sinistcha|Shadow Ball|p2a: Pepper
|-immune|p2a: Pepper
|
|upkeep
|turn|6
|
|t:|1760415049
|move|p2a: Pepper|Will-O-Wisp|p1a: Sinistcha
|-status|p1a: Sinistcha|brn
|move|p1a: Sinistcha|Matcha Gotcha|p2a: Pepper
|-damage|p2a: Pepper|35/100
|
|-damage|p1a: Sinistcha|98/100 brn|[from] brn
|upkeep
|turn|7
|
|t:|1760415067
|move|p2a: Pepper|Iron Head|p1a: Sinistcha
|-damage|p1a: Sinistcha|86/100 brn
|move|p1a: Sinistcha|Calm Mind|p1a: Sinistcha
|-boost|p1a: Sinistcha|spa|1
|-boost|p1a: Sinistcha|spd|1
|
|-damage|p1a: Sinistcha|83/100 brn|[from] brn
|upkeep
|turn|8
|
|t:|1760415076
|move|p2a: Pepper|Pyro Ball|p1a: Sinistcha
|-supereffective|p1a: Sinistcha
|-damage|p1a: Sinistcha|65/100 brn
|move|p1a: Sinistcha|Matcha Gotcha|p2a: Pepper
|-damage|p2a: Pepper|0 fnt
|-heal|p1a: Sinistcha|80/100 brn|[from] drain|[of] p2a: Pepper
|faint|p2a: Pepper
|
|-damage|p1a: Sinistcha|77/100 brn|[from] brn
|upkeep
|
|t:|1760415086
|switch|p2a: Blitz|Weavile, F|100/100
|-ability|p2a: Blitz|Pressure
|turn|9
|
|t:|1760415090
|-terastallize|p1a: Sinistcha|Poison
|move|p2a: Blitz|Knock Off|p1a: Sinistcha
|-damage|p1a: Sinistcha|44/100 brn
|-enditem|p1a: Sinistcha|Heavy-Duty Boots|[from] move: Knock Off|[of] p2a: Blitz
|move|p1a: Sinistcha|Strength Sap|p2a: Blitz
|-unboost|p2a: Blitz|atk|1
|-heal|p1a: Sinistcha|100/100 brn
|
|-damage|p1a: Sinistcha|98/100 brn|[from] brn
|upkeep
|turn|10
|
|t:|1760415108
|switch|p2a: Rose|Weezing-Galar, M|100/100
|-fieldstart|move: Misty Terrain|[from] ability: Misty Surge|[of] p2a: Rose
|move|p1a: Sinistcha|Matcha Gotcha|p2a: Rose|[miss]
|-miss|p1a: Sinistcha|p2a: Rose
|
|-damage|p1a: Sinistcha|95/100 brn|[from] brn
|upkeep
|turn|11
|
|t:|1760415119
|move|p1a: Sinistcha|Shadow Ball|p2a: Rose
|-damage|p2a: Rose|44/100
|move|p2a: Rose|Thunderbolt|p1a: Sinistcha
|-damage|p1a: Sinistcha|80/100 brn
|
|-damage|p1a: Sinistcha|77/100 brn|[from] brn
|upkeep
|turn|12
|
|t:|1760415128
|move|p1a: Sinistcha|Shadow Ball|p2a: Rose
|-damage|p2a: Rose|0 fnt
|faint|p2a: Rose
|
|-damage|p1a: Sinistcha|74/100 brn|[from] brn
|upkeep
|
|t:|1760415134
|switch|p2a: Nova|Ceruledge, F|100/100
|turn|13
|
|t:|1760415138
|move|p2a: Nova|Poltergeist||[still]
|-fail|p2a: Nova
|move|p1a: Sinistcha|Strength Sap|p2a: Nova
|-unboost|p2a: Nova|atk|1
|-heal|p1a: Sinistcha|100/100 brn
|
|-damage|p1a: Sinistcha|98/100 brn|[from] brn
|upkeep
|turn|14
|
|t:|1760415149
|switch|p2a: Bouldergeist|Garganacl, M|100/100
|move|p1a: Sinistcha|Shadow Ball|p2a: Bouldergeist
|-damage|p2a: Bouldergeist|80/100
|
|-heal|p2a: Bouldergeist|86/100|[from] item: Leftovers
|-damage|p1a: Sinistcha|95/100 brn|[from] brn
|-fieldend|Misty Terrain
|upkeep
|turn|15
|
|t:|1760415158
|move|p1a: Sinistcha|Matcha Gotcha|p2a: Bouldergeist
|-supereffective|p2a: Bouldergeist
|-damage|p2a: Bouldergeist|5/100
|-heal|p1a: Sinistcha|100/100 brn|[from] drain|[of] p2a: Bouldergeist
|move|p2a: Bouldergeist|Salt Cure|p1a: Sinistcha
|-damage|p1a: Sinistcha|91/100 brn
|-start|p1a: Sinistcha|Salt Cure
|
|-heal|p2a: Bouldergeist|11/100|[from] item: Leftovers
|-damage|p1a: Sinistcha|88/100 brn|[from] brn
|-damage|p1a: Sinistcha|75/100 brn|[from] Salt Cure
|upkeep
|turn|16
|
|t:|1760415172
|-terastallize|p2a: Bouldergeist|Ghost
|move|p1a: Sinistcha|Shadow Ball|p2a: Bouldergeist
|-supereffective|p2a: Bouldergeist
|-damage|p2a: Bouldergeist|0 fnt
|faint|p2a: Bouldergeist
|
|-damage|p1a: Sinistcha|72/100 brn|[from] brn
|-damage|p1a: Sinistcha|60/100 brn|[from] Salt Cure
|upkeep
|
|t:|1760415181
|switch|p2a: Guy|Araquanid, M, shiny|69/100
|turn|17
|
|t:|1760415184
|move|p1a: Sinistcha|Strength Sap|p2a: Guy
|-unboost|p2a: Guy|atk|1
|-heal|p1a: Sinistcha|100/100 brn
|move|p2a: Guy|Mirror Coat||[still]
|-fail|p2a: Guy
|
|-damage|p1a: Sinistcha|98/100 brn|[from] brn
|-damage|p1a: Sinistcha|85/100 brn|[from] Salt Cure
|upkeep
|turn|18
|
|t:|1760415194
|move|p1a: Sinistcha|Calm Mind|p1a: Sinistcha
|-boost|p1a: Sinistcha|spa|1
|-boost|p1a: Sinistcha|spd|1
|move|p2a: Guy|Liquidation|p1a: Sinistcha
|-damage|p1a: Sinistcha|53/100 brn
|
|-damage|p1a: Sinistcha|50/100 brn|[from] brn
|-damage|p1a: Sinistcha|38/100 brn|[from] Salt Cure
|upkeep
|turn|19
|
|t:|1760415203
|move|p1a: Sinistcha|Strength Sap|p2a: Guy
|-unboost|p2a: Guy|atk|1
|-heal|p1a: Sinistcha|88/100 brn
|move|p2a: Guy|Liquidation|p1a: Sinistcha
|-damage|p1a: Sinistcha|66/100 brn
|
|-damage|p1a: Sinistcha|63/100 brn|[from] brn
|-damage|p1a: Sinistcha|50/100 brn|[from] Salt Cure
|upkeep
|turn|20
|
|t:|1760415212
|move|p1a: Sinistcha|Matcha Gotcha|p2a: Guy|[miss]
|-miss|p1a: Sinistcha|p2a: Guy
|move|p2a: Guy|Liquidation|p1a: Sinistcha
|-damage|p1a: Sinistcha|29/100 brn
|-unboost|p1a: Sinistcha|def|1
|
|-damage|p1a: Sinistcha|26/100 brn|[from] brn
|-damage|p1a: Sinistcha|13/100 brn|[from] Salt Cure
|upkeep
|turn|21
|
|t:|1760415222
|move|p1a: Sinistcha|Matcha Gotcha|p2a: Guy
|-damage|p2a: Guy|7/100
|-heal|p1a: Sinistcha|42/100 brn|[from] drain|[of] p2a: Guy
|move|p2a: Guy|Liquidation|p1a: Sinistcha
|-damage|p1a: Sinistcha|11/100 brn
|
|-damage|p1a: Sinistcha|8/100 brn|[from] brn
|-damage|p1a: Sinistcha|0 fnt|[from] Salt Cure
|faint|p1a: Sinistcha
|upkeep
|
|t:|1760415238
|switch|p1a: Darkrai|Darkrai|100/100
|-damage|p1a: Darkrai|88/100|[from] Spikes
|turn|22
|-enditem|p2a: Guy|Custap Berry|[eat]
|-activate|p2a: Guy|item: Custap Berry|[consumed]
|
|t:|1760415243
|move|p2a: Guy|Sticky Web|p1a: Darkrai
|-sidestart|p1: Slothdog|move: Sticky Web
|move|p1a: Darkrai|Dark Pulse|p2a: Guy
|-damage|p2a: Guy|0 fnt
|faint|p2a: Guy
|
|upkeep
|
|t:|1760415250
|switch|p2a: Blitz|Weavile, F|100/100
|-ability|p2a: Blitz|Pressure
|turn|23
|
|t:|1760415254
|move|p1a: Darkrai|Dark Pulse|p2a: Blitz
|-resisted|p2a: Blitz
|-damage|p2a: Blitz|72/100
|cant|p2a: Blitz|flinch
|
|upkeep
|turn|24
|
|t:|1760415259
|move|p1a: Darkrai|Dark Pulse|p2a: Blitz
|-resisted|p2a: Blitz
|-damage|p2a: Blitz|43/100
|move|p2a: Blitz|Low Kick|p1a: Darkrai
|-supereffective|p1a: Darkrai
|-damage|p1a: Darkrai|19/100
|
|upkeep
|turn|25
|
|t:|1760415265
|move|p1a: Darkrai|Dark Pulse|p2a: Blitz
|-resisted|p2a: Blitz
|-damage|p2a: Blitz|12/100
|move|p2a: Blitz|Low Kick|p1a: Darkrai
|-supereffective|p1a: Darkrai
|-damage|p1a: Darkrai|0 fnt
|faint|p1a: Darkrai
|
|upkeep
|
|t:|1760415274
|switch|p1a: Moltres|Moltres|100/100
|turn|26
|
|t:|1760415278
|move|p2a: Blitz|Knock Off|p1a: Moltres
|-damage|p1a: Moltres|70/100
|-enditem|p1a: Moltres|Heavy-Duty Boots|[from] move: Knock Off|[of] p2a: Blitz
|move|p1a: Moltres|U-turn|p2a: Blitz
|-supereffective|p2a: Blitz
|-damage|p2a: Blitz|0 fnt
|faint|p2a: Blitz
|
|t:|1760415281
|switch|p1a: Iron Valiant|Iron Valiant|100/100|[from] U-turn
|-damage|p1a: Iron Valiant|88/100|[from] Spikes
|-activate|p1a: Iron Valiant|move: Sticky Web
|-unboost|p1a: Iron Valiant|spe|1
|
|upkeep
|
|t:|1760415290
|switch|p2a: Nova|Ceruledge, F|100/100
|turn|27
|
|t:|1760415293
|move|p1a: Iron Valiant|Trick|p2a: Nova
|-activate|p1a: Iron Valiant|move: Trick|[of] p2a: Nova
|-item|p2a: Nova|Choice Scarf|[from] move: Trick
|-item|p1a: Iron Valiant|Covert Cloak|[from] move: Trick
|move|p2a: Nova|Bitter Blade|p1a: Iron Valiant
|-damage|p1a: Iron Valiant|25/100
|
|upkeep
|turn|28
|
|t:|1760415302
|move|p2a: Nova|Bitter Blade|p1a: Iron Valiant
|-damage|p1a: Iron Valiant|0 fnt
|faint|p1a: Iron Valiant
|-end|p1a: Iron Valiant|Quark Drive|[silent]
|
|upkeep
|
|t:|1760415304
|switch|p1a: Moltres|Moltres|70/100
|turn|29
|
|t:|1760415307
|move|p2a: Nova|Bitter Blade|p1a: Moltres
|-resisted|p1a: Moltres
|-damage|p1a: Moltres|54/100
|move|p1a: Moltres|Roost|p1a: Moltres
|-heal|p1a: Moltres|100/100
|-singleturn|p1a: Moltres|move: Roost
|
|upkeep
|turn|30
|
|t:|1760415315
|move|p2a: Nova|Bitter Blade|p1a: Moltres
|-resisted|p1a: Moltres
|-damage|p1a: Moltres|85/100
|move|p1a: Moltres|U-turn|p2a: Nova
|-resisted|p2a: Nova
|-damage|p2a: Nova|95/100
|
|t:|1760415317
|switch|p1a: Ting-Lu|Ting-Lu|100/100|[from] U-turn
|-damage|p1a: Ting-Lu|88/100|[from] Spikes
|-activate|p1a: Ting-Lu|move: Sticky Web
|-unboost|p1a: Ting-Lu|spe|1
|-ability|p1a: Ting-Lu|Vessel of Ruin
|
|-heal|p1a: Ting-Lu|94/100|[from] item: Leftovers
|upkeep
|turn|31
|
|t:|1760415328
|move|p2a: Nova|Bitter Blade|p1a: Ting-Lu
|-damage|p1a: Ting-Lu|71/100
|-heal|p2a: Nova|100/100|[from] drain|[of] p1a: Ting-Lu
|move|p1a: Ting-Lu|Earthquake|p2a: Nova
|-supereffective|p2a: Nova
|-damage|p2a: Nova|0 fnt
|faint|p2a: Nova
|
|win|Slothdog
|raw|Slothdog's rating: 1378 &rarr; <strong>1394</strong><br />(+16 for winning)
|raw|Shattersong's rating: 1299 &rarr; <strong>1280</strong><br />(-19 for losing)
|l|☆Slothdog
|player|p1|
|l|☆Shattersong
|player|p2|
