|j|☆wgy191919
|j|☆Teatina
|t:|1760361560
|gametype|singles
|player|p1|wgy191919|2|1531
|player|p2|Teatina|miku-ghost|1476
|gen|9
|tier|[Gen 9] OU
|rated|
|rule|HP Percentage Mod: HP is shown in percentages
|rule|Endless Battle Clause: Forcing endless battles is banned
|rule|Species Clause: Limit one of each Pokémon
|rule|OHKO Clause: OHKO moves are banned
|rule|Evasion Items Clause: Evasion items are banned
|rule|Evasion Moves Clause: Evasion moves are banned
|rule|Evasion Abilities Clause: Evasion abilities are banned
|rule|Sleep Moves Clause: Sleep-inducing moves are banned
|clearpoke
|poke|p1|Dragonite, F|
|poke|p1|Hatterene, F|
|poke|p1|Kyurem|
|poke|p1|Ting-Lu|
|poke|p1|Gengar, M|
|poke|p1|Volcanion|
|poke|p2|Araquanid, M|
|poke|p2|Gholdengo|
|poke|p2|Iron Moth|
|poke|p2|Raging Bolt|
|poke|p2|Kingambit, M|
|poke|p2|Ogerpon-Wellspring, F|
|teampreview
|inactive|Battle timer is ON: inactive players will automatically lose when time's up. (requested by wgy191919)
|inactive|Teatina has 120 seconds left.
|
|t:|1760361595
|teamsize|p1|6
|teamsize|p2|6
|start
|switch|p1a: Kyurem|Kyurem|100/100
|switch|p2a: Ogerpon|Ogerpon-Wellspring, F|100/100
|-ability|p1a: Kyurem|Pressure
|turn|1
|inactive|Teatina has 120 seconds left.
|
|t:|1760361642
|switch|p2a: Gholdengo|Gholdengo|100/100
|-item|p2a: Gholdengo|Air Balloon
|move|p1a: Kyurem|Freeze-Dry|p2a: Gholdengo
|-resisted|p2a: Gholdengo
|-damage|p2a: Gholdengo|69/100
|-enditem|p2a: Gholdengo|Air Balloon
|
|upkeep
|turn|2
|
|t:|1760361649
|switch|p1a: Ting-Lu|Ting-Lu|100/100
|-ability|p1a: Ting-Lu|Vessel of Ruin
|move|p2a: Gholdengo|Make It Rain|p1a: Ting-Lu
|-damage|p1a: Ting-Lu|74/100
|-unboost|p2a: Gholdengo|spa|1
|
|-heal|p1a: Ting-Lu|80/100|[from] item: Leftovers
|upkeep
|turn|3
|inactive|Teatina has 120 seconds left.
|
|t:|1760361659
|move|p2a: Gholdengo|Nasty Plot|p2a: Gholdengo
|-boost|p2a: Gholdengo|spa|2
|move|p1a: Ting-Lu|Stealth Rock|p2a: Gholdengo
|-sidestart|p2: Teatina|move: Stealth Rock
|
|-heal|p1a: Ting-Lu|87/100|[from] item: Leftovers
|upkeep
|turn|4
|
|t:|1760361663
|move|p2a: Gholdengo|Make It Rain|p1a: Ting-Lu
|-damage|p1a: Ting-Lu|41/100
|-unboost|p2a: Gholdengo|spa|1
|move|p1a: Ting-Lu|Earthquake|p2a: Gholdengo
|-supereffective|p2a: Gholdengo
|-damage|p2a: Gholdengo|0 fnt
|faint|p2a: Gholdengo
|
|-heal|p1a: Ting-Lu|47/100|[from] item: Leftovers
|upkeep
|inactive|Teatina has 120 seconds left.
|
|t:|1760361674
|switch|p2a: Araquanid|Araquanid, M, shiny|100/100
|-damage|p2a: Araquanid|75/100|[from] Stealth Rock
|turn|5
|
|t:|1760361681
|switch|p1a: Hatterene|Hatterene, F|100/100
|move|p2a: Araquanid|Surf|p1a: Hatterene
|-damage|p1a: Hatterene|66/100
|
|upkeep
|turn|6
|inactive|Teatina has 120 seconds left.
|
|t:|1760361712
|move|p2a: Araquanid|Surf|p1a: Hatterene
|-damage|p1a: Hatterene|27/100
|move|p1a: Hatterene|Draining Kiss|p2a: Araquanid
|-damage|p2a: Araquanid|54/100
|-heal|p1a: Hatterene|44/100|[from] drain|[of] p2a: Araquanid
|
|upkeep
|turn|7
|
|t:|1760361732
|switch|p1a: Volcanion|Volcanion|100/100
|move|p2a: Araquanid|Surf|p1a: Volcanion
|-immune|p1a: Volcanion|[from] ability: Water Absorb
|
|upkeep
|turn|8
|inactive|Teatina has 120 seconds left.
|
|t:|1760361752
|move|p1a: Volcanion|Flamethrower|p2a: Araquanid
|-damage|p2a: Araquanid|40/100
|move|p2a: Araquanid|Endeavor|p1a: Volcanion
|-damage|p1a: Volcanion|37/100
|
|upkeep
|turn|9
|
|t:|1760361759
|switch|p1a: Gengar|Gengar, M|100/100
|move|p2a: Araquanid|Endeavor|p1a: Gengar
|-immune|p1a: Gengar
|
|upkeep
|turn|10
|
|t:|1760361765
|move|p1a: Gengar|Sludge Wave|p2a: Araquanid
|-damage|p2a: Araquanid|0 fnt
|faint|p2a: Araquanid
|
|upkeep
|inactive|Teatina has 120 seconds left.
|
|t:|1760361776
|switch|p2a: Kingambit|Kingambit, M|100/100
|-damage|p2a: Kingambit|94/100|[from] Stealth Rock
|-activate|p2a: Kingambit|ability: Supreme Overlord
|-start|p2a: Kingambit|fallen2|[silent]
|turn|11
|
|t:|1760361782
|switch|p1a: Volcanion|Volcanion|37/100
|move|p2a: Kingambit|Swords Dance|p2a: Kingambit
|-boost|p2a: Kingambit|atk|2
|
|-heal|p2a: Kingambit|100/100|[from] item: Leftovers
|upkeep
|turn|12
|
|t:|1760361786
|move|p2a: Kingambit|Sucker Punch|p1a: Volcanion
|-damage|p1a: Volcanion|0 fnt
|faint|p1a: Volcanion
|
|upkeep
|
|t:|1760361793
|switch|p1a: Gengar|Gengar, M|100/100
|turn|13
|
|t:|1760361800
|move|p1a: Gengar|Trick|p2a: Kingambit
|-activate|p1a: Gengar|move: Trick|[of] p2a: Kingambit
|-item|p2a: Kingambit|Choice Scarf|[from] move: Trick
|-item|p1a: Gengar|Leftovers|[from] move: Trick
|move|p2a: Kingambit|Kowtow Cleave|p1a: Gengar
|-supereffective|p1a: Gengar
|-damage|p1a: Gengar|0 fnt
|faint|p1a: Gengar
|
|upkeep
|
|t:|1760361810
|switch|p1a: Kyurem|Kyurem|100/100
|-ability|p1a: Kyurem|Pressure
|turn|14
|
|t:|1760361823
|move|p1a: Kyurem|Earth Power|p2a: Kingambit
|-supereffective|p2a: Kingambit
|-damage|p2a: Kingambit|0 fnt
|faint|p2a: Kingambit
|-end|p2a: Kingambit|fallen2|[silent]
|
|upkeep
|inactive|Teatina has 120 seconds left.
|
|t:|1760361857
|switch|p2a: Ogerpon|Ogerpon-Wellspring, F|100/100
|-damage|p2a: Ogerpon|88/100|[from] Stealth Rock
|turn|15
|
|t:|1760361862
|switch|p1a: Hatterene|Hatterene, F|44/100
|move|p2a: Ogerpon|Swords Dance|p2a: Ogerpon
|-boost|p2a: Ogerpon|atk|2
|
|upkeep
|turn|16
|
|t:|1760361866
|move|p2a: Ogerpon|Horn Leech|p1a: Hatterene
|-damage|p1a: Hatterene|0 fnt
|-heal|p2a: Ogerpon|100/100|[from] drain|[of] p1a: Hatterene
|faint|p1a: Hatterene
|
|upkeep
|
|t:|1760361871
|switch|p1a: Kyurem|Kyurem|100/100
|-ability|p1a: Kyurem|Pressure
|turn|17
|
|t:|1760361876
|move|p2a: Ogerpon|Knock Off|p1a: Kyurem
|-damage|p1a: Kyurem|25/100
|-enditem|p1a: Kyurem|Choice Specs|[from] move: Knock Off|[of] p2a: Ogerpon
|move|p1a: Kyurem|Freeze-Dry|p2a: Ogerpon
|-supereffective|p2a: Ogerpon
|-damage|p2a: Ogerpon|0 fnt
|faint|p2a: Ogerpon
|
|upkeep
|
|t:|1760361883
|switch|p2a: Iron Moth|Iron Moth|100/100
|-damage|p2a: Iron Moth|76/100|[from] Stealth Rock
|-enditem|p2a: Iron Moth|Booster Energy
|-activate|p2a: Iron Moth|ability: Quark Drive|[fromitem]
|-start|p2a: Iron Moth|quarkdrivespa
|turn|18
|
|t:|1760361888
|move|p2a: Iron Moth|Dazzling Gleam|p1a: Kyurem
|-supereffective|p1a: Kyurem
|-damage|p1a: Kyurem|0 fnt
|faint|p1a: Kyurem
|
|upkeep
|
|t:|1760361891
|switch|p1a: Ting-Lu|Ting-Lu|47/100
|-ability|p1a: Ting-Lu|Vessel of Ruin
|turn|19
|
|t:|1760361924
|move|p2a: Iron Moth|Dazzling Gleam|p1a: Ting-Lu
|-supereffective|p1a: Ting-Lu
|-damage|p1a: Ting-Lu|17/100
|move|p1a: Ting-Lu|Earthquake|p2a: Iron Moth
|-supereffective|p2a: Iron Moth
|-damage|p2a: Iron Moth|0 fnt
|faint|p2a: Iron Moth
|-end|p2a: Iron Moth|Quark Drive|[silent]
|
|-heal|p1a: Ting-Lu|24/100|[from] item: Leftovers
|upkeep
|
|t:|1760361927
|switch|p2a: Raging Bolt|Raging Bolt|100/100
|-damage|p2a: Raging Bolt|88/100|[from] Stealth Rock
|-enditem|p2a: Raging Bolt|Booster Energy
|-activate|p2a: Raging Bolt|ability: Protosynthesis|[fromitem]
|-start|p2a: Raging Bolt|protosynthesisspa
|turn|20
|
|t:|1760361931
|move|p2a: Raging Bolt|Dragon Pulse|p1a: Ting-Lu
|-damage|p1a: Ting-Lu|0 fnt
|faint|p1a: Ting-Lu
|
|upkeep
|
|t:|1760361933
|switch|p1a: Dragonite|Dragonite, F|100/100
|turn|21
|
|t:|1760361942
|-terastallize|p2a: Raging Bolt|Fairy
|-terastallize|p1a: Dragonite|Fairy
|move|p2a: Raging Bolt|Dragon Pulse|p1a: Dragonite
|-immune|p1a: Dragonite
|move|p1a: Dragonite|Tera Blast|p2a: Raging Bolt|[anim] Tera Blast Fairy
|-damage|p2a: Raging Bolt|47/100
|
|upkeep
|turn|22
|
|t:|1760361950
|move|p2a: Raging Bolt|Thunderbolt|p1a: Dragonite
|-damage|p1a: Dragonite|70/100
|move|p1a: Dragonite|Earthquake|p2a: Raging Bolt
|-damage|p2a: Raging Bolt|11/100
|
|upkeep
|turn|23
|
|t:|1760361955
|move|p2a: Raging Bolt|Thunderbolt|p1a: Dragonite
|-damage|p1a: Dragonite|8/100
|move|p1a: Dragonite|Earthquake|p2a: Raging Bolt
|-damage|p2a: Raging Bolt|0 fnt
|faint|p2a: Raging Bolt
|-end|p2a: Raging Bolt|Protosynthesis|[silent]
|
|win|wgy191919
|raw|wgy191919's rating: 1531 &rarr; <strong>1548</strong><br />(+17 for winning)
|raw|Teatina's rating: 1476 &rarr; <strong>1459</strong><br />(-17 for losing)
|c|☆Teatina|gg
|l|☆wgy191919
|player|p1|
|l|☆Teatina
|player|p2|
