|j|☆megakips228
|j|☆sonicsfgh
|t:|1760338891
|gametype|singles
|player|p1|megakips228|doubleteam|1138
|player|p2|sonicsfgh|170|1178
|gen|9
|tier|[Gen 9] OU
|rated|
|rule|HP Percentage Mod: HP is shown in percentages
|rule|Endless Battle Clause: Forcing endless battles is banned
|rule|Species Clause: Limit one of each Pokémon
|rule|OHKO Clause: OHKO moves are banned
|rule|Evasion Items Clause: Evasion items are banned
|rule|Evasion Moves Clause: Evasion moves are banned
|rule|Evasion Abilities Clause: Evasion abilities are banned
|rule|Sleep Moves Clause: Sleep-inducing moves are banned
|clearpoke
|poke|p1|Pecharunt|
|poke|p1|Gliscor, F|
|poke|p1|Garchomp, M|
|poke|p1|Enamorus, F|
|poke|p1|Alomomola, F|
|poke|p1|Glimmora, F|
|poke|p2|Alomomola, M|
|poke|p2|Garganacl, F|
|poke|p2|Gliscor, M|
|poke|p2|Moltres|
|poke|p2|Corviknight, M|
|poke|p2|Clodsire, F|
|teampreview
|
|t:|1760338899
|teamsize|p1|6
|teamsize|p2|6
|start
|switch|p1a: Pecharunt|Pecharunt|100/100
|switch|p2a: Gliscor|Gliscor, M|100/100
|turn|1
|
|t:|1760338906
|move|p2a: Gliscor|Protect|p2a: Gliscor
|-singleturn|p2a: Gliscor|Protect
|move|p1a: Pecharunt|Substitute|p1a: Pecharunt
|-start|p1a: Pecharunt|Substitute
|-damage|p1a: Pecharunt|75/100
|
|-heal|p1a: Pecharunt|82/100|[from] item: Leftovers
|-status|p2a: Gliscor|tox|[from] item: Toxic Orb
|upkeep
|turn|2
|
|t:|1760338919
|switch|p2a: Garganacl|Garganacl, F|100/100
|move|p1a: Pecharunt|Hex|p2a: Garganacl
|-damage|p2a: Garganacl|92/100
|
|-heal|p1a: Pecharunt|88/100|[from] item: Leftovers
|-heal|p2a: Garganacl|98/100|[from] item: Leftovers
|upkeep
|turn|3
|
|t:|1760338929
|move|p1a: Pecharunt|Malignant Chain|p2a: Garganacl
|-resisted|p2a: Garganacl
|-damage|p2a: Garganacl|84/100
|move|p2a: Garganacl|Salt Cure|p1a: Pecharunt
|-activate|p1a: Pecharunt|move: Substitute|[damage]
|
|-heal|p1a: Pecharunt|94/100|[from] item: Leftovers
|-heal|p2a: Garganacl|90/100|[from] item: Leftovers
|upkeep
|turn|4
|
|t:|1760338939
|move|p1a: Pecharunt|Malignant Chain|p2a: Garganacl
|-resisted|p2a: Garganacl
|-damage|p2a: Garganacl|75/100
|move|p2a: Garganacl|Salt Cure|p1a: Pecharunt
|-activate|p1a: Pecharunt|move: Substitute|[damage]
|
|-heal|p1a: Pecharunt|99/100|[from] item: Leftovers
|-heal|p2a: Garganacl|82/100|[from] item: Leftovers
|upkeep
|turn|5
|
|t:|1760338953
|switch|p2a: Moltres|Moltres|100/100
|move|p1a: Pecharunt|Malignant Chain|p2a: Moltres
|-damage|p2a: Moltres|52/100
|
|-heal|p1a: Pecharunt|100/100|[from] item: Leftovers
|upkeep
|turn|6
|
|t:|1760338992
|move|p2a: Moltres|Scorching Sands|p1a: Pecharunt
|-supereffective|p1a: Pecharunt
|-end|p1a: Pecharunt|Substitute
|move|p1a: Pecharunt|Malignant Chain|p2a: Moltres
|-damage|p2a: Moltres|0 fnt
|faint|p2a: Moltres
|
|upkeep
|
|t:|1760339002
|switch|p2a: Garganacl|Garganacl, F|82/100
|turn|7
|
|t:|1760339006
|move|p1a: Pecharunt|Substitute|p1a: Pecharunt
|-start|p1a: Pecharunt|Substitute
|-damage|p1a: Pecharunt|75/100
|move|p2a: Garganacl|Salt Cure|p1a: Pecharunt
|-activate|p1a: Pecharunt|move: Substitute|[damage]
|
|-heal|p1a: Pecharunt|82/100|[from] item: Leftovers
|-heal|p2a: Garganacl|88/100|[from] item: Leftovers
|upkeep
|turn|8
|-message|sonicsfgh forfeited.
|
|win|megakips228
|raw|megakips228's rating: 1138 &rarr; <strong>1166</strong><br />(+28 for winning)
|raw|sonicsfgh's rating: 1178 &rarr; <strong>1150</strong><br />(-28 for losing)
