|j|☆Bmce1
|j|☆nova_flame2
|t:|1760391250
|gametype|singles
|player|p1|Bmce1|rocketgrunt|1130
|player|p2|nova_flame2|benga|1114
|gen|9
|tier|[Gen 9] OU
|rated|
|rule|HP Percentage Mod: HP is shown in percentages
|rule|Endless Battle Clause: Forcing endless battles is banned
|rule|Species Clause: Limit one of each Pokémon
|rule|OHKO Clause: OHKO moves are banned
|rule|Evasion Items Clause: Evasion items are banned
|rule|Evasion Moves Clause: Evasion moves are banned
|rule|Evasion Abilities Clause: Evasion abilities are banned
|rule|Sleep Moves Clause: Sleep-inducing moves are banned
|clearpoke
|poke|p1|Arcanine-Hisui, F|
|poke|p1|Corviknight, F|
|poke|p1|Dragapult, F|
|poke|p1|Sylveon, M|
|poke|p1|Eelektross, F|
|poke|p1|Crawdaunt, F|
|poke|p2|Garchomp, M|
|poke|p2|Gardevoir, F|
|poke|p2|Ceruledge, M|
|poke|p2|Mimikyu, M|
|poke|p2|Gholdengo|
|poke|p2|Umbreon, M|
|teampreview
|inactive|Battle timer is ON: inactive players will automatically lose when time's up. (requested by Bmce1)
|
|t:|1760391277
|teamsize|p1|6
|teamsize|p2|6
|start
|switch|p1a: Eelektross|Eelektross, F|100/100
|switch|p2a: Mimikyu|Mimikyu, M, shiny|100/100
|turn|1
|j| jjdxuxhxxhhb
|
|t:|1760391285
|switch|p2a: Chomper|Garchomp, M, shiny|100/100
|move|p1a: Eelektross|Coil|p1a: Eelektross
|-boost|p1a: Eelektross|atk|1
|-boost|p1a: Eelektross|def|1
|-boost|p1a: Eelektross|accuracy|1
|
|upkeep
|turn|2
|
|t:|1760391293
|move|p2a: Chomper|Swords Dance|p2a: Chomper
|-boost|p2a: Chomper|atk|2
|move|p1a: Eelektross|Coil|p1a: Eelektross
|-boost|p1a: Eelektross|atk|1
|-boost|p1a: Eelektross|def|1
|-boost|p1a: Eelektross|accuracy|1
|
|upkeep
|turn|3
|
|t:|1760391301
|move|p2a: Chomper|Swords Dance|p2a: Chomper
|-boost|p2a: Chomper|atk|2
|move|p1a: Eelektross|Coil|p1a: Eelektross
|-boost|p1a: Eelektross|atk|1
|-boost|p1a: Eelektross|def|1
|-boost|p1a: Eelektross|accuracy|1
|
|upkeep
|turn|4
|
|t:|1760391308
|move|p2a: Chomper|Earthquake|p1a: Eelektross
|-immune|p1a: Eelektross|[from] ability: Levitate
|move|p1a: Eelektross|Coil|p1a: Eelektross
|-boost|p1a: Eelektross|atk|1
|-boost|p1a: Eelektross|def|1
|-boost|p1a: Eelektross|accuracy|1
|
|upkeep
|turn|5
|
|t:|1760391319
|move|p2a: Chomper|Scale Shot|p1a: Eelektross
|-damage|p1a: Eelektross|86/100
|-damage|p1a: Eelektross|71/100
|-damage|p1a: Eelektross|57/100
|-damage|p1a: Eelektross|43/100
|-hitcount|p1a: Eelektross|4
|-unboost|p2a: Chomper|def|1
|-boost|p2a: Chomper|spe|1
|move|p1a: Eelektross|Dragon Tail|p2a: Chomper
|-supereffective|p2a: Chomper
|-damage|p2a: Chomper|0 fnt
|-damage|p1a: Eelektross|31/100|[from] ability: Rough Skin|[of] p2a: Chomper
|faint|p2a: Chomper
|
|-heal|p1a: Eelektross|37/100|[from] item: Leftovers
|upkeep
|
|t:|1760391339
|switch|p2a: Shadow|Umbreon, M, shiny|100/100
|turn|6
|
|t:|1760391345
|move|p2a: Shadow|Protect|p2a: Shadow
|-singleturn|p2a: Shadow|Protect
|move|p1a: Eelektross|Dragon Tail|p2a: Shadow
|-activate|p2a: Shadow|move: Protect
|
|-heal|p1a: Eelektross|43/100|[from] item: Leftovers
|upkeep
|turn|7
|
|t:|1760391356
|move|p2a: Shadow|Foul Play|p1a: Eelektross
|-damage|p1a: Eelektross|0 fnt
|faint|p1a: Eelektross
|
|upkeep
|
|t:|1760391364
|switch|p1a: Arcanine|Arcanine-Hisui, F|100/100
|turn|8
|
|t:|1760391369
|move|p1a: Arcanine|Stealth Rock|p2a: Shadow
|-sidestart|p2: nova_flame2|move: Stealth Rock
|move|p2a: Shadow|Toxic|p1a: Arcanine|[miss]
|-miss|p2a: Shadow|p1a: Arcanine
|
|upkeep
|turn|9
|
|t:|1760391380
|move|p2a: Shadow|Toxic|p1a: Arcanine
|-status|p1a: Arcanine|tox
|move|p1a: Arcanine|Roar|p2a: Shadow
|drag|p2a: Gardi|Gardevoir, F, shiny|100/100
|-damage|p2a: Gardi|88/100|[from] Stealth Rock
|-ability|p2a: Gardi|Rock Head|Trace|[from] ability: Trace|[of] p1a: Arcanine
|
|-damage|p1a: Arcanine|94/100 tox|[from] psn
|upkeep
|turn|10
|
|t:|1760391392
|move|p2a: Gardi|Encore|p1a: Arcanine
|-start|p1a: Arcanine|Encore
|move|p1a: Arcanine|Roar|p2a: Gardi
|drag|p2a: goldy|Gholdengo, shiny|100/100
|-damage|p2a: goldy|94/100|[from] Stealth Rock
|
|-damage|p1a: Arcanine|82/100 tox|[from] psn
|upkeep
|turn|11
|
|t:|1760391403
|switch|p1a: Dragapult|Dragapult, F|100/100
|move|p2a: goldy|Make It Rain|p1a: Dragapult
|-damage|p1a: Dragapult|23/100
|-unboost|p2a: goldy|spa|1
|
|-heal|p1a: Dragapult|30/100|[from] item: Leftovers
|upkeep
|turn|12
|
|t:|1760391413
|move|p2a: goldy|Make It Rain|p1a: Dragapult
|-damage|p1a: Dragapult|0 fnt
|-unboost|p2a: goldy|spa|1
|faint|p1a: Dragapult
|
|upkeep
|
|t:|1760391426
|switch|p1a: Crawdaunt|Crawdaunt, F|100/100
|turn|13
|
|t:|1760391433
|-terastallize|p2a: goldy|Water
|move|p2a: goldy|Make It Rain|p1a: Crawdaunt
|-resisted|p1a: Crawdaunt
|-damage|p1a: Crawdaunt|72/100
|-unboost|p2a: goldy|spa|1
|move|p1a: Crawdaunt|Crunch|p2a: goldy
|-damage|p2a: goldy|5/100
|
|upkeep
|turn|14
|
|t:|1760391445
|switch|p2a: Mimikyu|Mimikyu, M, shiny|100/100
|-damage|p2a: Mimikyu|88/100|[from] Stealth Rock
|switch|p1a: Sylveon|Sylveon, M|100/100
|
|upkeep
|turn|15
|
|t:|1760391456
|move|p2a: Mimikyu|Play Rough|p1a: Sylveon
|-damage|p1a: Sylveon|47/100
|-damage|p2a: Mimikyu|78/100|[from] item: Life Orb
|move|p1a: Sylveon|Wish|p1a: Sylveon
|
|upkeep
|turn|16
|
|t:|1760391464
|move|p1a: Sylveon|Protect|p1a: Sylveon
|-singleturn|p1a: Sylveon|Protect
|move|p2a: Mimikyu|Play Rough|p1a: Sylveon
|-activate|p1a: Sylveon|move: Protect
|
|-heal|p1a: Sylveon|97/100|[from] move: Wish|[wisher] Sylveon
|upkeep
|turn|17
|
|t:|1760391473
|move|p2a: Mimikyu|Play Rough|p1a: Sylveon
|-damage|p1a: Sylveon|44/100
|-damage|p2a: Mimikyu|68/100|[from] item: Life Orb
|move|p1a: Sylveon|Hyper Voice|p2a: Mimikyu
|-activate|p2a: Mimikyu|ability: Disguise
|-damage|p2a: Mimikyu|68/100
|detailschange|p2a: Mimikyu|Mimikyu-Busted, M, shiny
|-damage|p2a: Mimikyu|56/100|[from] pokemon: Mimikyu-Busted
|-enditem|p1a: Sylveon|Throat Spray
|-boost|p1a: Sylveon|spa|1|[from] item: Throat Spray
|
|upkeep
|turn|18
|
|t:|1760391487
|move|p2a: Mimikyu|Play Rough|p1a: Sylveon
|-damage|p1a: Sylveon|0 fnt
|faint|p1a: Sylveon
|-damage|p2a: Mimikyu|46/100|[from] item: Life Orb
|
|upkeep
|
|t:|1760391495
|switch|p1a: Corviknight|Corviknight, F|100/100
|turn|19
|
|t:|1760391502
|switch|p2a: Knight|Ceruledge, M, shiny|100/100
|-damage|p2a: Knight|75/100|[from] Stealth Rock
|move|p1a: Corviknight|Iron Defense|p1a: Corviknight
|-boost|p1a: Corviknight|def|2
|
|upkeep
|turn|20
|
|t:|1760391509
|move|p2a: Knight|Bitter Blade|p1a: Corviknight
|-supereffective|p1a: Corviknight
|-damage|p1a: Corviknight|63/100
|-heal|p2a: Knight|99/100|[from] drain|[of] p1a: Corviknight
|move|p1a: Corviknight|Iron Defense|p1a: Corviknight
|-boost|p1a: Corviknight|def|2
|
|upkeep
|turn|21
|
|t:|1760391518
|move|p2a: Knight|Swords Dance|p2a: Knight
|-boost|p2a: Knight|atk|2
|move|p1a: Corviknight|Iron Defense|p1a: Corviknight
|-boost|p1a: Corviknight|def|2
|
|upkeep
|turn|22
|
|t:|1760391525
|move|p2a: Knight|Swords Dance|p2a: Knight
|-boost|p2a: Knight|atk|2
|move|p1a: Corviknight|Roost|p1a: Corviknight
|-heal|p1a: Corviknight|100/100
|-singleturn|p1a: Corviknight|move: Roost
|
|upkeep
|turn|23
|
|t:|1760391533
|move|p2a: Knight|Bitter Blade|p1a: Corviknight
|-supereffective|p1a: Corviknight
|-damage|p1a: Corviknight|48/100
|-heal|p2a: Knight|100/100|[from] drain|[of] p1a: Corviknight
|move|p1a: Corviknight|Drill Peck|p2a: Knight
|-damage|p2a: Knight|64/100
|-ability|p2a: Knight|Weak Armor|boost
|-unboost|p2a: Knight|def|1
|-boost|p2a: Knight|spe|2
|
|upkeep
|turn|24
|
|t:|1760391543
|move|p2a: Knight|Bitter Blade|p1a: Corviknight
|-supereffective|p1a: Corviknight
|-damage|p1a: Corviknight|0 fnt
|-heal|p2a: Knight|94/100|[from] drain|[of] p1a: Corviknight
|faint|p1a: Corviknight
|
|upkeep
|
|t:|1760391555
|switch|p1a: Crawdaunt|Crawdaunt, F|72/100
|turn|25
|
|t:|1760391565
|move|p2a: Knight|Shadow Sneak|p1a: Crawdaunt
|-resisted|p1a: Crawdaunt
|-damage|p1a: Crawdaunt|38/100
|move|p1a: Crawdaunt|Aqua Jet|p2a: Knight
|-supereffective|p2a: Knight
|-damage|p2a: Knight|0 fnt
|faint|p2a: Knight
|
|upkeep
|
|t:|1760391570
|switch|p2a: goldy|Gholdengo, shiny, tera:Water|5/100
|-damage|p2a: goldy|0 fnt|[from] Stealth Rock
|faint|p2a: goldy
|
|t:|1760391575
|switch|p2a: Mimikyu|Mimikyu-Busted, M, shiny|46/100
|-damage|p2a: Mimikyu|34/100|[from] Stealth Rock
|turn|26
|
|t:|1760391581
|move|p1a: Crawdaunt|Aqua Jet|p2a: Mimikyu
|-damage|p2a: Mimikyu|0 fnt
|faint|p2a: Mimikyu
|
|upkeep
|
|t:|1760391585
|switch|p2a: Shadow|Umbreon, M, shiny|100/100
|-damage|p2a: Shadow|88/100|[from] Stealth Rock
|turn|27
|
|t:|1760391593
|switch|p1a: Arcanine|Arcanine-Hisui, F|82/100 tox
|move|p2a: Shadow|Foul Play|p1a: Arcanine
|-damage|p1a: Arcanine|31/100 tox
|
|-heal|p2a: Shadow|94/100|[from] item: Leftovers
|-damage|p1a: Arcanine|25/100 tox|[from] psn
|upkeep
|turn|28
|
|t:|1760391606
|move|p1a: Arcanine|Head Smash|p2a: Shadow
|-damage|p2a: Shadow|48/100
|move|p2a: Shadow|Wish|p2a: Shadow
|
|-heal|p2a: Shadow|55/100|[from] item: Leftovers
|-damage|p1a: Arcanine|12/100 tox|[from] psn
|upkeep
|turn|29
|
|t:|1760391615
|move|p2a: Shadow|Protect|p2a: Shadow
|-singleturn|p2a: Shadow|Protect
|move|p1a: Arcanine|Head Smash|p2a: Shadow
|-activate|p2a: Shadow|move: Protect
|
|-heal|p2a: Shadow|100/100|[from] move: Wish|[wisher] Shadow
|-damage|p1a: Arcanine|0 fnt|[from] psn
|faint|p1a: Arcanine
|upkeep
|
|t:|1760391626
|switch|p1a: Crawdaunt|Crawdaunt, F|38/100
|turn|30
|c|☆nova_flame2|familiar isn't it
|
|t:|1760391632
|move|p1a: Crawdaunt|Aqua Jet|p2a: Shadow
|-damage|p2a: Shadow|77/100
|move|p2a: Shadow|Foul Play|p1a: Crawdaunt
|-resisted|p1a: Crawdaunt
|-damage|p1a: Crawdaunt|9/100
|
|-heal|p2a: Shadow|83/100|[from] item: Leftovers
|upkeep
|turn|31
|
|t:|1760391641
|move|p1a: Crawdaunt|Aqua Jet|p2a: Shadow
|-damage|p2a: Shadow|56/100
|move|p2a: Shadow|Foul Play|p1a: Crawdaunt
|-resisted|p1a: Crawdaunt
|-damage|p1a: Crawdaunt|0 fnt
|faint|p1a: Crawdaunt
|
|win|nova_flame2
|raw|Bmce1's rating: 1130 &rarr; <strong>1104</strong><br />(-26 for losing)
|raw|nova_flame2's rating: 1114 &rarr; <strong>1140</strong><br />(+26 for winning)
