|j|☆Rj yoip
|j|☆Halfgallon67
|t:|1760440623
|gametype|singles
|player|p1|Rj yoip|caitlin-masters|1663
|player|p2|Halfgallon67|cilan|1704
|gen|9
|tier|[Gen 9] OU
|rated|
|rule|HP Percentage Mod: HP is shown in percentages
|rule|Endless Battle Clause: Forcing endless battles is banned
|rule|Species Clause: Limit one of each Pokémon
|rule|OHKO Clause: OHKO moves are banned
|rule|Evasion Items Clause: Evasion items are banned
|rule|Evasion Moves Clause: Evasion moves are banned
|rule|Evasion Abilities Clause: Evasion abilities are banned
|rule|Sleep Moves Clause: Sleep-inducing moves are banned
|clearpoke
|poke|p1|Zapdos-Galar|
|poke|p1|Darkrai|
|poke|p1|Clefable, F|
|poke|p1|Gliscor, M|
|poke|p1|Dragapult, M|
|poke|p1|Kingambit, M|
|poke|p2|Cresselia, F|
|poke|p2|Hatterene, F|
|poke|p2|Torkoal, F|
|poke|p2|Walking Wake|
|poke|p2|Ursaluna, M|
|poke|p2|Zamazenta-*|
|teampreview
|inactive|Battle timer is ON: inactive players will automatically lose when time's up. (requested by Rj yoip)
|
|t:|1760440634
|teamsize|p1|6
|teamsize|p2|6
|start
|switch|p1a: Gliscor|Gliscor, M|100/100
|switch|p2a: Hatterene|Hatterene, F|100/100
|turn|1
|
|t:|1760440637
|move|p1a: Gliscor|Protect|p1a: Gliscor
|-singleturn|p1a: Gliscor|Protect
|move|p2a: Hatterene|Trick Room|p2a: Hatterene
|-fieldstart|move: Trick Room|[of] p2a: Hatterene
|
|-status|p1a: Gliscor|tox|[from] item: Toxic Orb
|upkeep
|turn|2
|
|t:|1760440640
|move|p2a: Hatterene|Psychic Noise|p1a: Gliscor
|-damage|p1a: Gliscor|60/100 tox
|-start|p1a: Gliscor|move: Heal Block
|move|p1a: Gliscor|Earthquake|p2a: Hatterene
|-damage|p2a: Hatterene|63/100
|
|upkeep
|turn|3
|
|t:|1760440646
|move|p1a: Gliscor|Protect|p1a: Gliscor
|-singleturn|p1a: Gliscor|Protect
|move|p2a: Hatterene|Dazzling Gleam|p1a: Gliscor
|-activate|p1a: Gliscor|move: Protect
|
|-end|p1a: Gliscor|move: Heal Block
|upkeep
|turn|4
|
|t:|1760440650
|move|p2a: Hatterene|Psychic Noise|p1a: Gliscor
|-damage|p1a: Gliscor|21/100 tox
|-start|p1a: Gliscor|move: Heal Block
|move|p1a: Gliscor|Earthquake|p2a: Hatterene
|-damage|p2a: Hatterene|26/100
|
|upkeep
|turn|5
|
|t:|1760440680
|move|p1a: Gliscor|Protect|p1a: Gliscor
|-singleturn|p1a: Gliscor|Protect
|move|p2a: Hatterene|Dazzling Gleam|p1a: Gliscor
|-activate|p1a: Gliscor|move: Protect
|
|-end|p1a: Gliscor|move: Heal Block
|-fieldend|move: Trick Room
|upkeep
|turn|6
|inactive|Halfgallon67 has 120 seconds left.
|j| sakigo
|
|t:|1760440704
|switch|p2a: Cresselia|Cresselia, F|100/100
|move|p1a: Gliscor|Earthquake|p2a: Cresselia
|-immune|p2a: Cresselia|[from] ability: Levitate
|
|-heal|p1a: Gliscor|33/100 tox|[from] ability: Poison Heal
|upkeep
|turn|7
|
|t:|1760440707
|switch|p2a: Hatterene|Hatterene, F|26/100
|move|p1a: Gliscor|Toxic|p2a: Hatterene
|move|p2a: Hatterene|Toxic|p1a: Gliscor|[from] ability: Magic Bounce
|-fail|p1a: Gliscor|tox
|
|-heal|p1a: Gliscor|46/100 tox|[from] ability: Poison Heal
|upkeep
|turn|8
|inactive|Halfgallon67 has 120 seconds left.
|
|t:|1760440722
|move|p1a: Gliscor|Earthquake|p2a: Hatterene
|-damage|p2a: Hatterene|0 fnt
|faint|p2a: Hatterene
|
|-heal|p1a: Gliscor|58/100 tox|[from] ability: Poison Heal
|upkeep
|
|t:|1760440724
|switch|p2a: Walking Wake|Walking Wake|100/100
|turn|9
|
|t:|1760440730
|move|p1a: Gliscor|Protect|p1a: Gliscor
|-singleturn|p1a: Gliscor|Protect
|move|p2a: Walking Wake|Hydro Steam|p1a: Gliscor
|-activate|p1a: Gliscor|move: Protect
|
|-heal|p1a: Gliscor|71/100 tox|[from] ability: Poison Heal
|upkeep
|turn|10
|
|t:|1760440737
|-end|p2a: Walking Wake|Protosynthesis|[silent]
|switch|p2a: Torkoal|Torkoal, F|100/100
|-weather|SunnyDay|[from] ability: Drought|[of] p2a: Torkoal
|-terastallize|p1a: Gliscor|Water
|move|p1a: Gliscor|Toxic|p2a: Torkoal
|-status|p2a: Torkoal|tox
|
|-weather|SunnyDay|[upkeep]
|-heal|p1a: Gliscor|83/100 tox|[from] ability: Poison Heal
|-damage|p2a: Torkoal|94/100 tox|[from] psn
|upkeep
|turn|11
|
|t:|1760440742
|move|p1a: Gliscor|Spikes|p2a: Torkoal
|-sidestart|p2: Halfgallon67|Spikes
|move|p2a: Torkoal|Solar Beam||[still]
|-prepare|p2a: Torkoal|Solar Beam
|-anim|p2a: Torkoal|Solar Beam|p1a: Gliscor
|-supereffective|p1a: Gliscor
|-damage|p1a: Gliscor|0 fnt
|faint|p1a: Gliscor
|
|-weather|SunnyDay|[upkeep]
|-damage|p2a: Torkoal|82/100 tox|[from] psn
|upkeep
|
|t:|1760440745
|switch|p1a: Dragapult|Dragapult, M|100/100
|turn|12
|inactive|Halfgallon67 has 120 seconds left.
|j| Nitro611
|
|t:|1760440787
|switch|p2a: Cresselia|Cresselia, F|100/100
|move|p1a: Dragapult|Dragon Darts|p2a: Cresselia
|-damage|p2a: Cresselia|90/100
|-anim|p1a: Dragapult|Dragon Darts|p2a: Cresselia
|-damage|p2a: Cresselia|80/100
|
|-weather|SunnyDay|[upkeep]
|upkeep
|turn|13
|
|t:|1760440794
|move|p1a: Dragapult|Will-O-Wisp|p2a: Cresselia
|-status|p2a: Cresselia|brn
|move|p2a: Cresselia|Trick Room|p2a: Cresselia
|-fieldstart|move: Trick Room|[of] p2a: Cresselia
|
|-weather|SunnyDay|[upkeep]
|-damage|p2a: Cresselia|74/100 brn|[from] brn
|upkeep
|turn|14
|
|t:|1760440799
|switch|p2a: Ursaluna|Ursaluna, M|100/100
|-damage|p2a: Ursaluna|88/100|[from] Spikes
|move|p1a: Dragapult|U-turn|p2a: Ursaluna
|-damage|p2a: Ursaluna|75/100
|
|t:|1760440801
|switch|p1a: Clefable|Clefable, F|100/100|[from] U-turn
|
|-weather|none
|-status|p2a: Ursaluna|brn|[from] item: Flame Orb
|upkeep
|turn|15
|
|t:|1760440805
|move|p2a: Ursaluna|Facade|p1a: Clefable
|-damage|p1a: Clefable|0 fnt
|faint|p1a: Clefable
|
|-damage|p2a: Ursaluna|69/100 brn|[from] brn
|upkeep
|
|t:|1760440808
|switch|p1a: Kingambit|Kingambit, M|100/100
|-activate|p1a: Kingambit|ability: Supreme Overlord
|-start|p1a: Kingambit|fallen2|[silent]
|-item|p1a: Kingambit|Air Balloon
|turn|16
|inactive|Halfgallon67 has 120 seconds left.
|
|t:|1760440848
|move|p2a: Ursaluna|Fire Punch|p1a: Kingambit
|-supereffective|p1a: Kingambit
|-damage|p1a: Kingambit|27/100
|-enditem|p1a: Kingambit|Air Balloon
|move|p1a: Kingambit|Low Kick|p2a: Ursaluna
|-supereffective|p2a: Ursaluna
|-damage|p2a: Ursaluna|0 fnt
|faint|p2a: Ursaluna
|
|upkeep
|
|t:|1760440856
|switch|p2a: Torkoal|Torkoal, F|82/100 tox
|-damage|p2a: Torkoal|70/100 tox|[from] Spikes
|-weather|SunnyDay|[from] ability: Drought|[of] p2a: Torkoal
|turn|17
|
|t:|1760440859
|move|p1a: Kingambit|Sucker Punch|p2a: Torkoal
|-damage|p2a: Torkoal|32/100 tox
|move|p2a: Torkoal|Flamethrower|p1a: Kingambit
|-supereffective|p1a: Kingambit
|-damage|p1a: Kingambit|0 fnt
|faint|p1a: Kingambit
|-end|p1a: Kingambit|fallen2|[silent]
|
|-weather|SunnyDay|[upkeep]
|-damage|p2a: Torkoal|26/100 tox|[from] psn
|-fieldend|move: Trick Room
|upkeep
|
|t:|1760440861
|switch|p1a: Dragapult|Dragapult, M|100/100
|turn|18
|
|t:|1760440867
|move|p1a: Dragapult|Dragon Darts|p2a: Torkoal
|-damage|p2a: Torkoal|11/100 tox
|-anim|p1a: Dragapult|Dragon Darts|p2a: Torkoal
|-damage|p2a: Torkoal|0 fnt
|faint|p2a: Torkoal
|
|-weather|SunnyDay|[upkeep]
|upkeep
|
|t:|1760440868
|switch|p2a: Walking Wake|Walking Wake|100/100
|-damage|p2a: Walking Wake|88/100|[from] Spikes
|-activate|p2a: Walking Wake|ability: Protosynthesis
|-start|p2a: Walking Wake|protosynthesisspe
|turn|19
|
|t:|1760440877
|switch|p1a: Zapdos|Zapdos-Galar|100/100
|move|p2a: Walking Wake|Dragon Pulse|p1a: Zapdos
|-damage|p1a: Zapdos|29/100
|
|-weather|SunnyDay|[upkeep]
|upkeep
|turn|20
|
|t:|1760440879
|move|p2a: Walking Wake|Dragon Pulse|p1a: Zapdos
|-damage|p1a: Zapdos|0 fnt
|faint|p1a: Zapdos
|
|-weather|SunnyDay|[upkeep]
|upkeep
|
|t:|1760440880
|switch|p1a: Darkrai|Darkrai|100/100
|turn|21
|inactive|Halfgallon67 has 120 seconds left.
|
|t:|1760440911
|move|p2a: Walking Wake|Dragon Pulse|p1a: Darkrai
|-damage|p1a: Darkrai|10/100
|move|p1a: Darkrai|Dark Pulse|p2a: Walking Wake
|-damage|p2a: Walking Wake|42/100
|
|-weather|none
|-end|p2a: Walking Wake|Protosynthesis
|upkeep
|turn|22
|inactive|Halfgallon67 has 120 seconds left.
|
|t:|1760440925
|move|p1a: Darkrai|Dark Pulse|p2a: Walking Wake
|-damage|p2a: Walking Wake|0 fnt
|faint|p2a: Walking Wake
|-end|p2a: Walking Wake|Protosynthesis|[silent]
|
|upkeep
|
|t:|1760440927
|switch|p2a: Zamazenta|Zamazenta|100/100
|-ability|p2a: Zamazenta|Dauntless Shield|boost
|-boost|p2a: Zamazenta|def|1
|turn|23
|
|t:|1760440931
|move|p2a: Zamazenta|Crunch|p1a: Darkrai
|-resisted|p1a: Darkrai
|-damage|p1a: Darkrai|0 fnt
|faint|p1a: Darkrai
|
|upkeep
|
|t:|1760440933
|switch|p1a: Dragapult|Dragapult, M|100/100
|turn|24
|
|t:|1760440953
|-terastallize|p2a: Zamazenta|Fire
|move|p1a: Dragapult|Will-O-Wisp|p2a: Zamazenta|[miss]
|-miss|p1a: Dragapult|p2a: Zamazenta
|move|p2a: Zamazenta|Crunch|p1a: Dragapult
|-supereffective|p1a: Dragapult
|-damage|p1a: Dragapult|56/100
|
|upkeep
|turn|25
|-message|Rj yoip forfeited.
|
|win|Halfgallon67
|raw|Rj yoip's rating: 1663 &rarr; <strong>1645</strong><br />(-18 for losing)
|raw|Halfgallon67's rating: 1704 &rarr; <strong>1722</strong><br />(+18 for winning)
|j| nonchalantbufalant
|l|☆Rj yoip
|player|p1|
|l| Nitro611
|l| sakigo
|l|☆Halfgallon67
|player|p2|
