|j|☆atristars
|j|☆wynaut8
|t:|1760436114
|gametype|singles
|player|p1|atristars|102|1177
|player|p2|wynaut8|266|1238
|gen|9
|tier|[Gen 9] OU
|rated|
|rule|HP Percentage Mod: HP is shown in percentages
|rule|Endless Battle Clause: Forcing endless battles is banned
|rule|Species Clause: Limit one of each Pokémon
|rule|OHKO Clause: OHKO moves are banned
|rule|Evasion Items Clause: Evasion items are banned
|rule|Evasion Moves Clause: Evasion moves are banned
|rule|Evasion Abilities Clause: Evasion abilities are banned
|rule|Sleep Moves Clause: Sleep-inducing moves are banned
|clearpoke
|poke|p1|Ting-Lu|
|poke|p1|Slowking-Galar, F|
|poke|p1|Gholdengo|
|poke|p1|Dragonite, M|
|poke|p1|Kyurem|
|poke|p1|Great Tusk|
|poke|p2|Alomomola, M|
|poke|p2|Ting-Lu|
|poke|p2|Rotom-Wash|
|poke|p2|Clefable, M|
|poke|p2|Scizor, M|
|poke|p2|Chansey, F|
|teampreview
|inactive|Battle timer is ON: inactive players will automatically lose when time's up. (requested by wynaut8)
|
|t:|1760436138
|teamsize|p1|6
|teamsize|p2|6
|start
|switch|p1a: Slowking|Slowking-Galar, F|100/100
|switch|p2a: 🦌|Ting-Lu|100/100
|-ability|p2a: 🦌|Vessel of Ruin
|turn|1
|
|t:|1760436148
|move|p2a: 🦌|Stealth Rock|p1a: Slowking
|-sidestart|p1: atristars|move: Stealth Rock
|-prepare|p1a: Slowking|Chilly Reception|[premajor]
|move|p1a: Slowking|Chilly Reception|p1a: Slowking
|-weather|Snowscape
|
|t:|1760436151
|switch|p1a: Great Tusk|Great Tusk|100/100|[from] Chilly Reception
|-damage|p1a: Great Tusk|98/100|[from] Stealth Rock
|-enditem|p1a: Great Tusk|Booster Energy
|-activate|p1a: Great Tusk|ability: Protosynthesis|[fromitem]
|-start|p1a: Great Tusk|protosynthesisatk
|
|-weather|Snowscape|[upkeep]
|upkeep
|turn|2
|
|t:|1760436163
|move|p1a: Great Tusk|Bulk Up|p1a: Great Tusk
|-boost|p1a: Great Tusk|atk|1
|-boost|p1a: Great Tusk|def|1
|move|p2a: 🦌|Ruination|p1a: Great Tusk
|-damage|p1a: Great Tusk|49/100
|
|-weather|Snowscape|[upkeep]
|upkeep
|turn|3
|
|t:|1760436168
|move|p1a: Great Tusk|Close Combat|p2a: 🦌
|-supereffective|p2a: 🦌
|-crit|p2a: 🦌
|-damage|p2a: 🦌|0 fnt
|-unboost|p1a: Great Tusk|def|1
|-unboost|p1a: Great Tusk|spd|1
|faint|p2a: 🦌
|
|-weather|Snowscape|[upkeep]
|upkeep
|
|t:|1760436173
|switch|p2a: 曼波|Alomomola, M|100/100
|turn|4
|
|t:|1760436179
|move|p1a: Great Tusk|Rapid Spin|p2a: 曼波
|-damage|p2a: 曼波|79/100
|-boost|p1a: Great Tusk|spe|1
|-damage|p1a: Great Tusk|33/100|[from] item: Rocky Helmet|[of] p2a: 曼波
|-sideend|p1: atristars|Stealth Rock|[from] move: Rapid Spin|[of] p1a: Great Tusk
|move|p2a: 曼波|Wish|p2a: 曼波
|
|-weather|Snowscape|[upkeep]
|upkeep
|turn|5
|
|t:|1760436188
|move|p1a: Great Tusk|Close Combat|p2a: 曼波
|-damage|p2a: 曼波|0 fnt
|-unboost|p1a: Great Tusk|def|1
|-unboost|p1a: Great Tusk|spd|1
|-damage|p1a: Great Tusk|16/100|[from] item: Rocky Helmet|[of] p2a: 曼波
|faint|p2a: 曼波
|
|-weather|none
|upkeep
|
|t:|1760436194
|switch|p2a: Scizor|Scizor, M|100/100
|turn|6
|
|t:|1760436203
|-end|p1a: Great Tusk|Protosynthesis|[silent]
|switch|p1a: Ting-Lu|Ting-Lu|100/100
|-ability|p1a: Ting-Lu|Vessel of Ruin
|move|p2a: Scizor|U-turn|p1a: Ting-Lu
|-supereffective|p1a: Ting-Lu
|-damage|p1a: Ting-Lu|70/100
|
|t:|1760436209
|switch|p2a: 洗衣机|Rotom-Wash|100/100|[from] U-turn
|
|-heal|p1a: Ting-Lu|76/100|[from] item: Leftovers
|upkeep
|turn|7
|
|t:|1760436214
|switch|p1a: Great Tusk|Great Tusk|16/100
|move|p2a: 洗衣机|Trick|p1a: Great Tusk
|-activate|p2a: 洗衣机|move: Trick|[of] p1a: Great Tusk
|-item|p1a: Great Tusk|Choice Scarf|[from] move: Trick
|-enditem|p2a: 洗衣机|Choice Scarf|[silent]|[from] move: Trick
|
|upkeep
|turn|8
|
|t:|1760436220
|move|p1a: Great Tusk|Close Combat|p2a: 洗衣机
|-damage|p2a: 洗衣机|3/100
|-unboost|p1a: Great Tusk|def|1
|-unboost|p1a: Great Tusk|spd|1
|move|p2a: 洗衣机|Hydro Pump|p1a: Great Tusk
|-supereffective|p1a: Great Tusk
|-damage|p1a: Great Tusk|0 fnt
|faint|p1a: Great Tusk
|-end|p1a: Great Tusk|Protosynthesis|[silent]
|
|upkeep
|
|t:|1760436239
|switch|p1a: Dragonite|Dragonite, M|100/100
|turn|9
|
|t:|1760436242
|move|p2a: 洗衣机|Thunder Wave|p1a: Dragonite
|-status|p1a: Dragonite|par
|move|p1a: Dragonite|Dragon Dance|p1a: Dragonite
|-boost|p1a: Dragonite|atk|1
|-boost|p1a: Dragonite|spe|1
|
|upkeep
|turn|10
|
|t:|1760436249
|move|p2a: 洗衣机|Trick|p1a: Dragonite
|-activate|p2a: 洗衣机|move: Trick|[of] p1a: Dragonite
|-enditem|p1a: Dragonite|Heavy-Duty Boots|[silent]|[from] move: Trick
|-item|p2a: 洗衣机|Heavy-Duty Boots|[from] move: Trick
|move|p1a: Dragonite|Tera Blast|p2a: 洗衣机
|-damage|p2a: 洗衣机|0 fnt
|faint|p2a: 洗衣机
|
|upkeep
|
|t:|1760436262
|switch|p2a: Clefable|Clefable, M|100/100
|turn|11
|
|t:|1760436268
|move|p2a: Clefable|Encore|p1a: Dragonite
|-start|p1a: Dragonite|Encore
|move|p1a: Dragonite|Tera Blast|p2a: Clefable
|-damage|p2a: Clefable|89/100
|
|-status|p2a: Clefable|tox|[from] item: Toxic Orb
|upkeep
|turn|12
|
|t:|1760436287
|switch|p1a: Gholdengo|Gholdengo|100/100
|move|p2a: Clefable|Calm Mind|p2a: Clefable
|-boost|p2a: Clefable|spa|1
|-boost|p2a: Clefable|spd|1
|
|upkeep
|turn|13
|
|t:|1760436303
|switch|p2a: Chansey|Chansey, F|100/100
|-terastallize|p1a: Gholdengo|Steel
|move|p1a: Gholdengo|Nasty Plot|p1a: Gholdengo
|-boost|p1a: Gholdengo|spa|2
|
|upkeep
|turn|14
|
|t:|1760436310
|switch|p1a: Dragonite|Dragonite, M|100/100 par
|move|p2a: Chansey|Light Screen|p2a: Chansey
|-sidestart|p2: wynaut8|move: Light Screen
|
|upkeep
|turn|15
|
|t:|1760436314
|switch|p2a: Clefable|Clefable, M|89/100 tox
|move|p1a: Dragonite|Earthquake|p2a: Clefable
|-damage|p2a: Clefable|47/100 tox
|
|upkeep
|turn|16
|
|t:|1760436318
|move|p2a: Clefable|Alluring Voice|p1a: Dragonite
|-supereffective|p1a: Dragonite
|-damage|p1a: Dragonite|81/100 par
|move|p1a: Dragonite|Earthquake|p2a: Clefable
|-damage|p2a: Clefable|4/100 tox
|
|upkeep
|turn|17
|
|t:|1760436322
|move|p2a: Clefable|Alluring Voice|p1a: Dragonite
|-supereffective|p1a: Dragonite
|-damage|p1a: Dragonite|41/100 par
|move|p1a: Dragonite|Earthquake|p2a: Clefable
|-damage|p2a: Clefable|0 fnt
|faint|p2a: Clefable
|
|upkeep
|
|t:|1760436326
|switch|p2a: Scizor|Scizor, M|100/100
|turn|18
|
|t:|1760436332
|move|p2a: Scizor|Bullet Punch|p1a: Dragonite
|-damage|p1a: Dragonite|5/100 par
|move|p1a: Dragonite|Earthquake|p2a: Scizor
|-damage|p2a: Scizor|64/100
|
|-heal|p2a: Scizor|70/100|[from] item: Leftovers
|-sideend|p2: wynaut8|move: Light Screen
|upkeep
|turn|19
|
|t:|1760436336
|move|p2a: Scizor|Bullet Punch|p1a: Dragonite
|-damage|p1a: Dragonite|0 fnt
|faint|p1a: Dragonite
|
|-heal|p2a: Scizor|77/100|[from] item: Leftovers
|upkeep
|-message|wynaut8 forfeited.
|
|win|atristars
|raw|atristars's rating: 1177 &rarr; <strong>1206</strong><br />(+29 for winning)
|raw|wynaut8's rating: 1238 &rarr; <strong>1209</strong><br />(-29 for losing)
|l|☆wynaut8
|player|p2|
|l|☆atristars
|player|p1|
