|j|☆Kcity123
|j|☆espermadomal
|t:|1760376209
|gametype|singles
|player|p1|Kcity123|1|1012
|player|p2|espermadomal|schoolkid-gen4|1026
|gen|9
|tier|[Gen 9] OU
|rated|
|rule|HP Percentage Mod: HP is shown in percentages
|rule|Endless Battle Clause: Forcing endless battles is banned
|rule|Species Clause: Limit one of each Pokémon
|rule|OHKO Clause: OHKO moves are banned
|rule|Evasion Items Clause: Evasion items are banned
|rule|Evasion Moves Clause: Evasion moves are banned
|rule|Evasion Abilities Clause: Evasion abilities are banned
|rule|Sleep Moves Clause: Sleep-inducing moves are banned
|clearpoke
|poke|p1|Gliscor, F|
|poke|p1|Tyranitar, M|
|poke|p1|Great Tusk|
|poke|p1|Charizard, F|
|poke|p1|Cinderace, F|
|poke|p1|Deoxys-Speed|
|poke|p2|Ditto|
|poke|p2|Deoxys-Speed|
|poke|p2|Ceruledge, M|
|poke|p2|Zapdos|
|poke|p2|Meowscarada, F|
|poke|p2|Primarina, F|
|teampreview
|inactive|Battle timer is ON: inactive players will automatically lose when time's up. (requested by espermadomal)
|
|t:|1760376222
|teamsize|p1|6
|teamsize|p2|6
|start
|switch|p1a: Deoxys|Deoxys-Speed|100/100
|switch|p2a: Ditto|Ditto|100/100
|-ability|p1a: Deoxys|Pressure
|-transform|p2a: Ditto|p1a: Deoxys|[from] ability: Imposter
|-ability|p2a: Ditto|Pressure
|turn|1
|
|t:|1760376236
|move|p1a: Deoxys|Spikes|p2a: Ditto
|-sidestart|p2: espermadomal|Spikes
|move|p2a: Ditto|Spikes|p1a: Deoxys
|-sidestart|p1: Kcity123|Spikes
|
|upkeep
|turn|2
|
|t:|1760376242
|switch|p2a: Deoxys|Deoxys-Speed, shiny|100/100
|-damage|p2a: Deoxys|88/100|[from] Spikes
|-ability|p2a: Deoxys|Pressure
|move|p1a: Deoxys|Poison Jab|p2a: Deoxys
|-damage|p2a: Deoxys|52/100
|
|upkeep
|turn|3
|
|t:|1760376253
|move|p2a: Deoxys|Dark Pulse|p1a: Deoxys
|-supereffective|p1a: Deoxys
|-crit|p1a: Deoxys
|-damage|p1a: Deoxys|8/100
|move|p1a: Deoxys|Poison Jab|p2a: Deoxys
|-damage|p2a: Deoxys|15/100
|
|upkeep
|turn|4
|
|t:|1760376261
|move|p2a: Deoxys|Dark Pulse|p1a: Deoxys
|-supereffective|p1a: Deoxys
|-damage|p1a: Deoxys|0 fnt
|faint|p1a: Deoxys
|
|upkeep
|
|t:|1760376265
|switch|p1a: Gliscor|Gliscor, F|100/100
|turn|5
|
|t:|1760376274
|move|p1a: Gliscor|Protect|p1a: Gliscor
|-singleturn|p1a: Gliscor|Protect
|move|p2a: Deoxys|Future Sight|p1a: Gliscor
|-start|p2a: Deoxys|move: Future Sight
|
|-status|p1a: Gliscor|tox|[from] item: Toxic Orb
|upkeep
|turn|6
|
|t:|1760376282
|move|p2a: Deoxys|Leer|p1a: Gliscor
|-unboost|p1a: Gliscor|def|1
|move|p1a: Gliscor|Bulldoze|p2a: Deoxys
|-damage|p2a: Deoxys|0 fnt
|faint|p2a: Deoxys
|
|upkeep
|
|t:|1760376291
|switch|p2a: Ditto|Ditto|100/100
|-damage|p2a: Ditto|88/100|[from] Spikes
|-transform|p2a: Ditto|p1a: Gliscor|[from] ability: Imposter
|turn|7
|
|t:|1760376302
|move|p1a: Gliscor|Protect|p1a: Gliscor
|-singleturn|p1a: Gliscor|Protect
|move|p2a: Ditto|Protect||[still]
|-fail|p2a: Ditto
|
|-end|p1a: Gliscor|move: Future Sight
|-damage|p1a: Gliscor|35/100 tox
|-heal|p2a: Ditto|94/100|[from] item: Leftovers
|-heal|p1a: Gliscor|47/100 tox|[from] ability: Poison Heal
|upkeep
|turn|8
|
|t:|1760376319
|move|p1a: Gliscor|Toxic Spikes|p2a: Ditto
|-sidestart|p2: espermadomal|move: Toxic Spikes
|move|p2a: Ditto|Dual Wingbeat|p1a: Gliscor
|-damage|p1a: Gliscor|19/100 tox
|-damage|p1a: Gliscor|0 fnt
|faint|p1a: Gliscor
|-hitcount|p1: Gliscor|2
|
|-heal|p2a: Ditto|99/100|[from] item: Leftovers
|upkeep
|
|t:|1760376326
|switch|p1a: Charizard|Charizard, F|100/100
|turn|9
|
|t:|1760376336
|move|p1a: Charizard|Flare Blitz|p2a: Ditto
|-damage|p2a: Ditto|36/100
|-damage|p1a: Charizard|79/100|[from] Recoil
|move|p2a: Ditto|Toxic Spikes|p1a: Charizard
|-sidestart|p1: Kcity123|move: Toxic Spikes
|
|-heal|p2a: Ditto|42/100|[from] item: Leftovers
|upkeep
|turn|10
|
|t:|1760376345
|move|p2a: Ditto|Protect|p2a: Ditto
|-singleturn|p2a: Ditto|Protect
|move|p1a: Charizard|Flare Blitz|p2a: Ditto
|-activate|p2a: Ditto|move: Protect
|
|-heal|p2a: Ditto|48/100|[from] item: Leftovers
|upkeep
|turn|11
|
|t:|1760376361
|switch|p2a: Primarina|Primarina, F, shiny|100/100
|-damage|p2a: Primarina|88/100|[from] Spikes
|-status|p2a: Primarina|psn
|move|p1a: Charizard|Flare Blitz|p2a: Primarina
|-resisted|p2a: Primarina
|-damage|p2a: Primarina|62/100 psn
|-damage|p1a: Charizard|69/100|[from] Recoil
|
|-damage|p2a: Primarina|49/100 psn|[from] psn
|upkeep
|turn|12
|
|t:|1760376374
|move|p1a: Charizard|Flare Blitz|p2a: Primarina
|-resisted|p2a: Primarina
|-damage|p2a: Primarina|23/100 psn
|-damage|p1a: Charizard|58/100|[from] Recoil
|move|p2a: Primarina|Liquidation|p1a: Charizard
|-supereffective|p1a: Charizard
|-damage|p1a: Charizard|0 fnt
|faint|p1a: Charizard
|
|-damage|p2a: Primarina|10/100 psn|[from] psn
|upkeep
|
|t:|1760376382
|switch|p1a: Tyranitar|Tyranitar, M|100/100
|-damage|p1a: Tyranitar|88/100|[from] Spikes
|-status|p1a: Tyranitar|psn
|-weather|Sandstorm|[from] ability: Sand Stream|[of] p1a: Tyranitar
|turn|13
|
|t:|1760376392
|move|p1a: Tyranitar|Stealth Rock|p2a: Primarina
|-sidestart|p2: espermadomal|move: Stealth Rock
|move|p2a: Primarina|Alluring Voice|p1a: Tyranitar
|-supereffective|p1a: Tyranitar
|-damage|p1a: Tyranitar|28/100 psn
|
|-weather|Sandstorm|[upkeep]
|-damage|p2a: Primarina|4/100 psn|[from] Sandstorm
|-heal|p1a: Tyranitar|34/100 psn|[from] item: Leftovers
|-damage|p1a: Tyranitar|22/100 psn|[from] psn
|-damage|p2a: Primarina|0 fnt|[from] psn
|faint|p2a: Primarina
|upkeep
|
|t:|1760376407
|switch|p2a: Zapdos|Zapdos, shiny|100/100
|-damage|p2a: Zapdos|76/100|[from] Stealth Rock
|-ability|p2a: Zapdos|Pressure
|turn|14
|
|t:|1760376413
|move|p2a: Zapdos|Fly||[still]
|-prepare|p2a: Zapdos|Fly
|move|p1a: Tyranitar|Earthquake|p2a: Zapdos|[miss]
|-miss|p1a: Tyranitar|p2a: Zapdos
|
|-weather|Sandstorm|[upkeep]
|-damage|p2a: Zapdos|69/100|[from] Sandstorm
|-heal|p2a: Zapdos|76/100|[from] item: Leftovers
|-heal|p1a: Tyranitar|28/100 psn|[from] item: Leftovers
|-damage|p1a: Tyranitar|16/100 psn|[from] psn
|upkeep
|turn|15
|
|t:|1760376424
|move|p2a: Zapdos|Fly|p1a: Tyranitar|[from] lockedmove
|-resisted|p1a: Tyranitar
|-damage|p1a: Tyranitar|5/100 psn
|move|p1a: Tyranitar|Earthquake|p2a: Zapdos
|-immune|p2a: Zapdos
|
|-weather|Sandstorm|[upkeep]
|-damage|p2a: Zapdos|69/100|[from] Sandstorm
|-heal|p2a: Zapdos|76/100|[from] item: Leftovers
|-heal|p1a: Tyranitar|11/100 psn|[from] item: Leftovers
|-damage|p1a: Tyranitar|0 fnt|[from] psn
|faint|p1a: Tyranitar
|upkeep
|
|t:|1760376427
|switch|p1a: Great Tusk|Great Tusk|100/100
|-damage|p1a: Great Tusk|88/100|[from] Spikes
|-status|p1a: Great Tusk|psn
|-enditem|p1a: Great Tusk|Booster Energy
|-activate|p1a: Great Tusk|ability: Protosynthesis|[fromitem]
|-start|p1a: Great Tusk|protosynthesisatk
|turn|16
|
|t:|1760376443
|move|p2a: Zapdos|Fly||[still]
|-prepare|p2a: Zapdos|Fly
|move|p1a: Great Tusk|Close Combat|p2a: Zapdos|[miss]
|-miss|p1a: Great Tusk|p2a: Zapdos
|
|-weather|Sandstorm|[upkeep]
|-damage|p2a: Zapdos|69/100|[from] Sandstorm
|-heal|p2a: Zapdos|76/100|[from] item: Leftovers
|-damage|p1a: Great Tusk|76/100 psn|[from] psn
|upkeep
|turn|17
|
|t:|1760376453
|move|p2a: Zapdos|Fly|p1a: Great Tusk|[from] lockedmove
|-supereffective|p1a: Great Tusk
|-damage|p1a: Great Tusk|32/100 psn
|move|p1a: Great Tusk|Reversal|p2a: Zapdos
|-resisted|p2a: Zapdos
|-damage|p2a: Zapdos|38/100
|
|-weather|none
|-heal|p2a: Zapdos|44/100|[from] item: Leftovers
|-damage|p1a: Great Tusk|20/100 psn|[from] psn
|upkeep
|turn|18
|
|t:|1760376464
|move|p2a: Zapdos|Fly||[still]
|-prepare|p2a: Zapdos|Fly
|move|p1a: Great Tusk|Fire Fang|p2a: Zapdos|[miss]
|-miss|p1a: Great Tusk|p2a: Zapdos
|
|-heal|p2a: Zapdos|51/100|[from] item: Leftovers
|-damage|p1a: Great Tusk|7/100 psn|[from] psn
|upkeep
|turn|19
|-message|Kcity123 forfeited.
|
|win|espermadomal
|raw|Kcity123's rating: 1012 &rarr; <strong>1001</strong><br />(-11 for losing)
|raw|espermadomal's rating: 1026 &rarr; <strong>1061</strong><br />(+35 for winning)
|l|☆Kcity123
|player|p1|
