|j|☆mmmat_21
|j|☆fang_storm26
|t:|1760460832
|gametype|singles
|player|p1|mmmat_21|lucas|1161
|player|p2|fang_storm26|brycenman|1176
|gen|9
|tier|[Gen 9] OU
|rated|
|rule|HP Percentage Mod: HP is shown in percentages
|rule|Endless Battle Clause: Forcing endless battles is banned
|rule|Species Clause: Limit one of each Pokémon
|rule|OHKO Clause: OHKO moves are banned
|rule|Evasion Items Clause: Evasion items are banned
|rule|Evasion Moves Clause: Evasion moves are banned
|rule|Evasion Abilities Clause: Evasion abilities are banned
|rule|Sleep Moves Clause: Sleep-inducing moves are banned
|clearpoke
|poke|p1|Ursaluna, M|
|poke|p1|Braviary-Hisui, M|
|poke|p1|Hatterene, F|
|poke|p1|Slowking-Galar, M|
|poke|p1|Glastrier|
|poke|p1|Iron Hands|
|poke|p2|Minior-Blue|
|poke|p2|Hitmontop, M|
|poke|p2|Jolteon, M|
|poke|p2|Toucannon, M|
|poke|p2|Sandaconda, F|
|poke|p2|Araquanid, M|
|teampreview
|
|t:|1760460837
|teamsize|p1|6
|teamsize|p2|6
|start
|switch|p1a: Slowking|Slowking-Galar, M|100/100
|switch|p2a: Araquanid|Araquanid, M|100/100
|turn|1
|inactive|Battle timer is ON: inactive players will automatically lose when time's up. (requested by fang_storm26)
|
|t:|1760460843
|move|p2a: Araquanid|Sticky Web|p1a: Slowking
|-sidestart|p1: mmmat_21|move: Sticky Web
|move|p1a: Slowking|Trick Room|p1a: Slowking
|-fieldstart|move: Trick Room|[of] p1a: Slowking
|
|upkeep
|turn|2
|
|t:|1760460847
|move|p2a: Araquanid|Liquidation|p1a: Slowking
|-damage|p1a: Slowking|58/100
|-prepare|p1a: Slowking|Chilly Reception|[premajor]
|move|p1a: Slowking|Chilly Reception|p1a: Slowking
|-weather|Snowscape
|
|t:|1760460858
|switch|p1a: Iron Hands|Iron Hands|100/100|[from] Chilly Reception
|-activate|p1a: Iron Hands|move: Sticky Web
|-unboost|p1a: Iron Hands|spe|1
|-enditem|p1a: Iron Hands|Booster Energy
|-activate|p1a: Iron Hands|ability: Quark Drive|[fromitem]
|-start|p1a: Iron Hands|quarkdriveatk
|
|-weather|Snowscape|[upkeep]
|upkeep
|turn|3
|
|t:|1760460865
|move|p1a: Iron Hands|Thunder Punch|p2a: Araquanid
|-supereffective|p2a: Araquanid
|-enditem|p2a: Araquanid|Focus Sash
|-damage|p2a: Araquanid|1/100
|move|p2a: Araquanid|Iron Defense|p2a: Araquanid
|-boost|p2a: Araquanid|def|2
|
|-weather|Snowscape|[upkeep]
|upkeep
|turn|4
|
|t:|1760460873
|move|p1a: Iron Hands|Thunder Punch|p2a: Araquanid
|-supereffective|p2a: Araquanid
|-damage|p2a: Araquanid|0 fnt
|faint|p2a: Araquanid
|
|-weather|Snowscape|[upkeep]
|upkeep
|
|t:|1760460882
|switch|p2a: Minior|Minior-Blue, shiny|100/100
|-formechange|p2a: Minior|Minior-Meteor||[from] ability: Shields Down
|turn|5
|
|t:|1760460888
|move|p1a: Iron Hands|Drain Punch|p2a: Minior
|-damage|p2a: Minior|20/100
|move|p2a: Minior|Shell Smash|p2a: Minior
|-unboost|p2a: Minior|def|1
|-unboost|p2a: Minior|spd|1
|-boost|p2a: Minior|atk|2
|-boost|p2a: Minior|spa|2
|-boost|p2a: Minior|spe|2
|-enditem|p2a: Minior|White Herb
|-clearnegativeboost|p2a: Minior|[silent]
|
|-weather|Snowscape|[upkeep]
|-fieldend|move: Trick Room
|-formechange|p2a: Minior|Minior-Blue||[from] ability: Shields Down
|upkeep
|turn|6
|
|t:|1760460902
|move|p2a: Minior|Acrobatics|p1a: Iron Hands
|-damage|p1a: Iron Hands|38/100
|move|p1a: Iron Hands|Drain Punch|p2a: Minior
|-damage|p2a: Minior|0 fnt
|-heal|p1a: Iron Hands|43/100|[from] drain|[of] p2a: Minior
|faint|p2a: Minior
|
|-weather|none
|upkeep
|
|t:|1760460911
|switch|p2a: Toucannon|Toucannon, M, shiny|100/100
|turn|7
|
|t:|1760460918
|-end|p1a: Iron Hands|Quark Drive|[silent]
|switch|p1a: Slowking|Slowking-Galar, M|91/100
|-activate|p1a: Slowking|move: Sticky Web
|-unboost|p1a: Slowking|spe|1
|move|p2a: Toucannon|Bullet Seed|p1a: Slowking
|-resisted|p1a: Slowking
|-damage|p1a: Slowking|89/100
|-resisted|p1a: Slowking
|-damage|p1a: Slowking|86/100
|-resisted|p1a: Slowking
|-damage|p1a: Slowking|83/100
|-resisted|p1a: Slowking
|-damage|p1a: Slowking|81/100
|-resisted|p1a: Slowking
|-damage|p1a: Slowking|79/100
|-hitcount|p1a: Slowking|5
|
|upkeep
|turn|8
|
|t:|1760460932
|move|p2a: Toucannon|Rock Blast|p1a: Slowking
|-damage|p1a: Slowking|74/100
|-damage|p1a: Slowking|69/100
|-damage|p1a: Slowking|63/100
|-damage|p1a: Slowking|59/100
|-damage|p1a: Slowking|54/100
|-hitcount|p1a: Slowking|5
|move|p1a: Slowking|Trick Room|p1a: Slowking
|-fieldstart|move: Trick Room|[of] p1a: Slowking
|
|upkeep
|turn|9
|
|t:|1760460948
|move|p2a: Toucannon|Bullet Seed|p1a: Slowking
|-resisted|p1a: Slowking
|-damage|p1a: Slowking|51/100
|-resisted|p1a: Slowking
|-damage|p1a: Slowking|49/100
|-resisted|p1a: Slowking
|-damage|p1a: Slowking|46/100
|-resisted|p1a: Slowking
|-damage|p1a: Slowking|44/100
|-resisted|p1a: Slowking
|-crit|p1a: Slowking
|-damage|p1a: Slowking|40/100
|-hitcount|p1a: Slowking|5
|-prepare|p1a: Slowking|Chilly Reception|[premajor]
|move|p1a: Slowking|Chilly Reception|p1a: Slowking
|-weather|Snowscape
|
|t:|1760460960
|switch|p1a: Iron Hands|Iron Hands|43/100|[from] Chilly Reception
|-activate|p1a: Iron Hands|move: Sticky Web
|-unboost|p1a: Iron Hands|spe|1
|
|-weather|Snowscape|[upkeep]
|upkeep
|turn|10
|
|t:|1760460968
|move|p1a: Iron Hands|Ice Punch|p2a: Toucannon
|-supereffective|p2a: Toucannon
|-damage|p2a: Toucannon|54/100
|move|p2a: Toucannon|Bullet Seed|p1a: Iron Hands
|-damage|p1a: Iron Hands|39/100
|-damage|p1a: Iron Hands|34/100
|-damage|p1a: Iron Hands|30/100
|-damage|p1a: Iron Hands|26/100
|-damage|p1a: Iron Hands|22/100
|-hitcount|p1a: Iron Hands|5
|
|-weather|Snowscape|[upkeep]
|upkeep
|turn|11
|
|t:|1760460986
|switch|p2a: Sandaconda|Sandaconda, F, shiny|100/100
|move|p1a: Iron Hands|Thunder Punch|p2a: Sandaconda
|-immune|p2a: Sandaconda
|
|-weather|Snowscape|[upkeep]
|upkeep
|turn|12
|
|t:|1760460996
|move|p1a: Iron Hands|Drain Punch|p2a: Sandaconda
|-damage|p2a: Sandaconda|66/100
|-heal|p1a: Iron Hands|34/100|[from] drain|[of] p2a: Sandaconda
|-damage|p1a: Iron Hands|17/100|[from] item: Rocky Helmet|[of] p2a: Sandaconda
|move|p2a: Sandaconda|Coil|p2a: Sandaconda
|-boost|p2a: Sandaconda|atk|1
|-boost|p2a: Sandaconda|def|1
|-boost|p2a: Sandaconda|accuracy|1
|
|-weather|Snowscape|[upkeep]
|-fieldend|move: Trick Room
|upkeep
|turn|13
|
|t:|1760461008
|-end|p1a: Iron Hands|Quark Drive|[silent]
|switch|p1a: Braviary|Braviary-Hisui, M|100/100
|move|p2a: Sandaconda|Coil|p2a: Sandaconda
|-boost|p2a: Sandaconda|atk|1
|-boost|p2a: Sandaconda|def|1
|-boost|p2a: Sandaconda|accuracy|1
|
|-weather|none
|upkeep
|turn|14
|
|t:|1760461018
|move|p2a: Sandaconda|Body Press|p1a: Braviary
|-resisted|p1a: Braviary
|-damage|p1a: Braviary|87/100
|move|p1a: Braviary|Psychic|p2a: Sandaconda
|-damage|p2a: Sandaconda|0 fnt
|faint|p2a: Sandaconda
|
|upkeep
|
|t:|1760461026
|switch|p2a: Jolteon|Jolteon, M|100/100
|turn|15
|
|t:|1760461039
|-terastallize|p1a: Braviary|Fairy
|move|p2a: Jolteon|Calm Mind|p2a: Jolteon
|-boost|p2a: Jolteon|spa|1
|-boost|p2a: Jolteon|spd|1
|move|p1a: Braviary|Heat Wave|p2a: Jolteon
|-damage|p2a: Jolteon|54/100
|
|-status|p2a: Jolteon|brn|[from] item: Flame Orb
|upkeep
|turn|16
|
|t:|1760461051
|move|p2a: Jolteon|Electro Ball|p1a: Braviary
|-damage|p1a: Braviary|0 fnt
|faint|p1a: Braviary
|
|-damage|p2a: Jolteon|48/100 brn|[from] brn
|upkeep
|
|t:|1760461056
|switch|p1a: Ursaluna|Ursaluna, M|100/100
|-activate|p1a: Ursaluna|move: Sticky Web
|-unboost|p1a: Ursaluna|spe|1
|turn|17
|
|t:|1760461061
|-terastallize|p2a: Jolteon|Ice
|move|p2a: Jolteon|Tera Blast|p1a: Ursaluna|[anim] Tera Blast Ice
|-supereffective|p1a: Ursaluna
|-damage|p1a: Ursaluna|0 fnt
|faint|p1a: Ursaluna
|
|-damage|p2a: Jolteon|42/100 brn|[from] brn
|upkeep
|
|t:|1760461071
|switch|p1a: Slowking|Slowking-Galar, M|73/100
|-activate|p1a: Slowking|move: Sticky Web
|-unboost|p1a: Slowking|spe|1
|turn|18
|
|t:|1760461075
|move|p2a: Jolteon|Electro Ball|p1a: Slowking
|-damage|p1a: Slowking|0 fnt
|faint|p1a: Slowking
|
|-damage|p2a: Jolteon|36/100 brn|[from] brn
|upkeep
|
|t:|1760461082
|switch|p1a: Hatterene|Hatterene, F|100/100
|-activate|p1a: Hatterene|move: Sticky Web
|-unboost|p1a: Hatterene|spe|1
|turn|19
|
|t:|1760461087
|move|p2a: Jolteon|Electro Ball|p1a: Hatterene
|-enditem|p1a: Hatterene|Focus Sash
|-damage|p1a: Hatterene|1/100
|move|p1a: Hatterene|Psychic|p2a: Jolteon
|-damage|p2a: Jolteon|2/100 brn
|
|-damage|p2a: Jolteon|0 fnt|[from] brn
|faint|p2a: Jolteon
|upkeep
|
|t:|1760461099
|switch|p2a: Hitmontop|Hitmontop, M|100/100
|turn|20
|
|t:|1760461108
|move|p2a: Hitmontop|Mach Punch|p1a: Hatterene
|-resisted|p1a: Hatterene
|-damage|p1a: Hatterene|0 fnt
|faint|p1a: Hatterene
|
|upkeep
|
|t:|1760461112
|switch|p1a: Glastrier|Glastrier|100/100
|turn|21
|
|t:|1760461120
|move|p2a: Hitmontop|Mach Punch|p1a: Glastrier
|-supereffective|p1a: Glastrier
|-damage|p1a: Glastrier|65/100
|move|p1a: Glastrier|Close Combat|p2a: Hitmontop
|-damage|p2a: Hitmontop|52/100
|-unboost|p1a: Glastrier|def|1
|-unboost|p1a: Glastrier|spd|1
|
|upkeep
|turn|22
|
|t:|1760461129
|move|p2a: Hitmontop|Mach Punch|p1a: Glastrier
|-supereffective|p1a: Glastrier
|-damage|p1a: Glastrier|18/100
|move|p1a: Glastrier|Icicle Crash|p2a: Hitmontop
|-damage|p2a: Hitmontop|0 fnt
|faint|p2a: Hitmontop
|-ability|p1a: Glastrier|Chilling Neigh|boost
|-boost|p1a: Glastrier|atk|1
|
|upkeep
|
|t:|1760461132
|switch|p2a: Toucannon|Toucannon, M, shiny|54/100
|turn|23
|
|t:|1760461139
|move|p2a: Toucannon|Rock Blast|p1a: Glastrier
|-supereffective|p1a: Glastrier
|-damage|p1a: Glastrier|4/100
|-supereffective|p1a: Glastrier
|-damage|p1a: Glastrier|0 fnt
|faint|p1a: Glastrier
|-hitcount|p1: Glastrier|2
|
|upkeep
|
|t:|1760461145
|switch|p1a: Iron Hands|Iron Hands|17/100
|-activate|p1a: Iron Hands|move: Sticky Web
|-unboost|p1a: Iron Hands|spe|1
|turn|24
|
|t:|1760461150
|-singleturn|p2a: Toucannon|move: Beak Blast
|move|p1a: Iron Hands|Ice Punch|p2a: Toucannon
|-supereffective|p2a: Toucannon
|-damage|p2a: Toucannon|4/100
|-status|p1a: Iron Hands|brn
|move|p2a: Toucannon|Beak Blast|p1a: Iron Hands
|-damage|p1a: Iron Hands|0 fnt
|faint|p1a: Iron Hands
|-end|p1a: Iron Hands|Quark Drive|[silent]
|
|win|fang_storm26
|raw|mmmat_21's rating: 1161 &rarr; <strong>1137</strong><br />(-24 for losing)
|raw|fang_storm26's rating: 1176 &rarr; <strong>1200</strong><br />(+24 for winning)
|l|☆fang_storm26
|player|p2|
|c|☆mmmat_21|ggwp
|l|☆mmmat_21
|player|p1|
