|j|☆Preppy dude
|j|☆EspeonEnthusiastUU
|t:|1760342678
|gametype|singles
|player|p1|Preppy dude|1|1383
|player|p2|EspeonEnthusiastUU|waiter-gen4dp|1401
|gen|9
|tier|[Gen 9] OU
|rated|
|rule|HP Percentage Mod: HP is shown in percentages
|rule|Endless Battle Clause: Forcing endless battles is banned
|rule|Species Clause: Limit one of each Pokémon
|rule|OHKO Clause: OHKO moves are banned
|rule|Evasion Items Clause: Evasion items are banned
|rule|Evasion Moves Clause: Evasion moves are banned
|rule|Evasion Abilities Clause: Evasion abilities are banned
|rule|Sleep Moves Clause: Sleep-inducing moves are banned
|clearpoke
|poke|p1|Blastoise, F|
|poke|p1|Cloyster, F|
|poke|p1|Golem, M|
|poke|p1|Rhydon, M|
|poke|p1|Magneton|
|poke|p1|Zapdos|
|poke|p2|Polteageist|
|poke|p2|Scream Tail|
|poke|p2|Kommo-o, F|
|poke|p2|Indeedee, M|
|poke|p2|Iron Moth|
|poke|p2|Iron Treads|
|teampreview
|inactive|Battle timer is ON: inactive players will automatically lose when time's up. (requested by Preppy dude)
|
|t:|1760342685
|teamsize|p1|6
|teamsize|p2|6
|start
|switch|p1a: Golem|Golem, M|100/100
|switch|p2a: Indeedee|Indeedee, M|100/100
|-fieldstart|move: Psychic Terrain|[from] ability: Psychic Surge|[of] p2a: Indeedee
|turn|1
|
|t:|1760342694
|move|p2a: Indeedee|Expanding Force|p1a: Golem
|-ability|p1a: Golem|Sturdy
|-damage|p1a: Golem|1/100
|move|p1a: Golem|Stealth Rock|p2a: Indeedee
|-sidestart|p2: EspeonEnthusiastUU|move: Stealth Rock
|
|upkeep
|turn|2
|-enditem|p1a: Golem|Custap Berry|[eat]
|-activate|p1a: Golem|item: Custap Berry|[consumed]
|
|t:|1760342702
|move|p1a: Golem|Explosion|p2a: Indeedee
|-damage|p2a: Indeedee|0 fnt
|faint|p1a: Golem
|faint|p2a: Indeedee
|
|upkeep
|
|t:|1760342713
|switch|p2a: Iron Treads|Iron Treads|100/100
|switch|p1a: Rhydon|Rhydon, M|100/100
|-damage|p2a: Iron Treads|97/100|[from] Stealth Rock
|-enditem|p2a: Iron Treads|Booster Energy
|-activate|p2a: Iron Treads|ability: Quark Drive|[fromitem]
|-start|p2a: Iron Treads|quarkdrivespe
|turn|3
|
|t:|1760342722
|-terastallize|p1a: Rhydon|Ghost
|move|p2a: Iron Treads|Rapid Spin|p1a: Rhydon
|-immune|p1a: Rhydon
|move|p1a: Rhydon|Earthquake|p2a: Iron Treads
|-supereffective|p2a: Iron Treads
|-damage|p2a: Iron Treads|2/100
|
|upkeep
|turn|4
|
|t:|1760342730
|move|p2a: Iron Treads|Steel Beam|p1a: Rhydon
|-damage|p1a: Rhydon|50/100
|-damage|p2a: Iron Treads|0 fnt|[from] steelbeam
|faint|p2a: Iron Treads
|-end|p2a: Iron Treads|Quark Drive|[silent]
|move|p1a: Rhydon|Avalanche|p2: Iron Treads|[notarget]
|-fail|p1a: Rhydon
|
|upkeep
|
|t:|1760342733
|switch|p2a: Kommo-o|Kommo-o, F|100/100
|-damage|p2a: Kommo-o|94/100|[from] Stealth Rock
|turn|5
|
|t:|1760342742
|move|p2a: Kommo-o|Clangorous Soul|p2a: Kommo-o
|-boost|p2a: Kommo-o|atk|1
|-boost|p2a: Kommo-o|def|1
|-boost|p2a: Kommo-o|spa|1
|-boost|p2a: Kommo-o|spd|1
|-boost|p2a: Kommo-o|spe|1
|-damage|p2a: Kommo-o|61/100
|-enditem|p2a: Kommo-o|Throat Spray
|-boost|p2a: Kommo-o|spa|1|[from] item: Throat Spray
|move|p1a: Rhydon|Earthquake|p2a: Kommo-o
|-damage|p2a: Kommo-o|27/100
|
|upkeep
|turn|6
|
|t:|1760342753
|move|p2a: Kommo-o|Flamethrower|p1a: Rhydon
|-damage|p1a: Rhydon|0 fnt
|faint|p1a: Rhydon
|
|upkeep
|
|t:|1760342758
|switch|p1a: Zapdos|Zapdos|100/100
|turn|7
|
|t:|1760342763
|-terastallize|p2a: Kommo-o|Normal
|move|p2a: Kommo-o|Boomburst|p1a: Zapdos
|-damage|p1a: Zapdos|4/100
|move|p1a: Zapdos|Air Cutter|p2a: Kommo-o
|-damage|p2a: Kommo-o|8/100
|
|-heal|p1a: Zapdos|10/100|[from] item: Leftovers
|upkeep
|turn|8
|
|t:|1760342773
|move|p2a: Kommo-o|Boomburst|p1a: Zapdos
|-damage|p1a: Zapdos|0 fnt
|faint|p1a: Zapdos
|
|-fieldend|move: Psychic Terrain
|upkeep
|
|t:|1760342779
|switch|p1a: Cloyster|Cloyster, F|100/100
|turn|9
|
|t:|1760342783
|move|p1a: Cloyster|Ice Shard|p2a: Kommo-o
|-damage|p2a: Kommo-o|0 fnt
|faint|p2a: Kommo-o
|
|upkeep
|
|t:|1760342791
|switch|p2a: Scream Tail|Scream Tail|100/100
|-damage|p2a: Scream Tail|88/100|[from] Stealth Rock
|-enditem|p2a: Scream Tail|Booster Energy
|-activate|p2a: Scream Tail|ability: Protosynthesis|[fromitem]
|-start|p2a: Scream Tail|protosynthesisspe
|turn|10
|
|t:|1760342801
|switch|p1a: Magneton|Magneton|100/100
|move|p2a: Scream Tail|Calm Mind|p2a: Scream Tail
|-boost|p2a: Scream Tail|spa|1
|-boost|p2a: Scream Tail|spd|1
|
|upkeep
|turn|11
|
|t:|1760342808
|move|p2a: Scream Tail|Flamethrower|p1a: Magneton
|-supereffective|p1a: Magneton
|-damage|p1a: Magneton|0 fnt
|faint|p1a: Magneton
|
|upkeep
|
|t:|1760342814
|switch|p1a: Blastoise|Blastoise, F|100/100
|turn|12
|
|t:|1760342826
|move|p2a: Scream Tail|Dazzling Gleam|p1a: Blastoise
|-damage|p1a: Blastoise|55/100
|move|p1a: Blastoise|Surf|p2a: Scream Tail
|-damage|p2a: Scream Tail|67/100
|
|upkeep
|turn|13
|
|t:|1760342833
|move|p2a: Scream Tail|Dazzling Gleam|p1a: Blastoise
|-damage|p1a: Blastoise|6/100
|move|p1a: Blastoise|Shell Smash|p1a: Blastoise
|-unboost|p1a: Blastoise|def|1
|-unboost|p1a: Blastoise|spd|1
|-boost|p1a: Blastoise|atk|2
|-boost|p1a: Blastoise|spa|2
|-boost|p1a: Blastoise|spe|2
|-enditem|p1a: Blastoise|White Herb
|-clearnegativeboost|p1a: Blastoise|[silent]
|
|upkeep
|turn|14
|
|t:|1760342843
|move|p1a: Blastoise|Surf|p2a: Scream Tail
|-damage|p2a: Scream Tail|8/100
|move|p2a: Scream Tail|Dazzling Gleam|p1a: Blastoise
|-damage|p1a: Blastoise|0 fnt
|faint|p1a: Blastoise
|
|upkeep
|
|t:|1760342850
|switch|p1a: Cloyster|Cloyster, F|100/100
|turn|15
|
|t:|1760342862
|move|p1a: Cloyster|Ice Shard|p2a: Scream Tail
|-damage|p2a: Scream Tail|0 fnt
|faint|p2a: Scream Tail
|-end|p2a: Scream Tail|Protosynthesis|[silent]
|
|upkeep
|
|t:|1760342871
|switch|p2a: Iron Moth|Iron Moth|100/100
|-damage|p2a: Iron Moth|76/100|[from] Stealth Rock
|-enditem|p2a: Iron Moth|Booster Energy
|-activate|p2a: Iron Moth|ability: Quark Drive|[fromitem]
|-start|p2a: Iron Moth|quarkdrivespe
|turn|16
|
|t:|1760342880
|move|p2a: Iron Moth|Sludge Wave|p1a: Cloyster
|-damage|p1a: Cloyster|0 fnt
|faint|p1a: Cloyster
|
|win|EspeonEnthusiastUU
|raw|Preppy dude's rating: 1383 &rarr; <strong>1364</strong><br />(-19 for losing)
|raw|EspeonEnthusiastUU's rating: 1401 &rarr; <strong>1420</strong><br />(+19 for winning)
|l|☆Preppy dude
|player|p1|
|l|☆EspeonEnthusiastUU
|player|p2|
