|j|☆randalboy
|j|☆Lotadfan22
|t:|1760405223
|gametype|singles
|player|p1|randalboy|clown|1221
|player|p2|Lotadfan22|blaine|1189
|gen|9
|tier|[Gen 9] OU
|rated|
|rule|HP Percentage Mod: HP is shown in percentages
|rule|Endless Battle Clause: Forcing endless battles is banned
|rule|Species Clause: Limit one of each Pokémon
|rule|OHKO Clause: OHKO moves are banned
|rule|Evasion Items Clause: Evasion items are banned
|rule|Evasion Moves Clause: Evasion moves are banned
|rule|Evasion Abilities Clause: Evasion abilities are banned
|rule|Sleep Moves Clause: Sleep-inducing moves are banned
|clearpoke
|poke|p1|Gholdengo|
|poke|p1|Iron Valiant|
|poke|p1|Slowking-Galar, M|
|poke|p1|Alomomola, F|
|poke|p1|Meowscarada, F|
|poke|p1|Great Tusk|
|poke|p2|Tyranitar, F|
|poke|p2|Clefable, M|
|poke|p2|Slowking-Galar, F|
|poke|p2|Kingambit, F|
|poke|p2|Ogerpon-Wellspring, F|
|poke|p2|Dragapult, F|
|teampreview
|
|t:|1760405268
|teamsize|p1|6
|teamsize|p2|6
|start
|switch|p1a: Gholdengo|Gholdengo|100/100
|switch|p2a: Ogerpon|Ogerpon-Wellspring, F|100/100
|turn|1
|
|t:|1760405292
|switch|p2a: Kingambit|Kingambit, F|100/100
|move|p1a: Gholdengo|Shadow Ball|p2a: Kingambit
|-resisted|p2a: Kingambit
|-crit|p2a: Kingambit
|-damage|p2a: Kingambit|64/100
|
|upkeep
|turn|2
|
|t:|1760405340
|switch|p1a: Alomomola|Alomomola, F|100/100
|move|p2a: Kingambit|Kowtow Cleave|p1a: Alomomola
|-damage|p1a: Alomomola|71/100
|
|-heal|p1a: Alomomola|77/100|[from] item: Leftovers
|upkeep
|turn|3
|
|t:|1760405348
|-end|p2a: Kingambit|fallenundefined|[silent]
|switch|p2a: Ogerpon|Ogerpon-Wellspring, F|100/100
|switch|p1a: Iron Valiant|Iron Valiant|100/100
|-enditem|p1a: Iron Valiant|Booster Energy
|-activate|p1a: Iron Valiant|ability: Quark Drive|[fromitem]
|-start|p1a: Iron Valiant|quarkdrivespe
|
|upkeep
|turn|4
|
|t:|1760405362
|move|p1a: Iron Valiant|Close Combat|p2a: Ogerpon
|-damage|p2a: Ogerpon|27/100
|-unboost|p1a: Iron Valiant|def|1
|-unboost|p1a: Iron Valiant|spd|1
|move|p2a: Ogerpon|Horn Leech|p1a: Iron Valiant
|-damage|p1a: Iron Valiant|2/100
|-heal|p2a: Ogerpon|74/100|[from] drain|[of] p1a: Iron Valiant
|
|upkeep
|turn|5
|
|t:|1760405374
|-end|p1a: Iron Valiant|Quark Drive|[silent]
|switch|p1a: Slowking|Slowking-Galar, M|100/100
|switch|p2a: Slowking|Slowking-Galar, F|100/100
|
|upkeep
|turn|6
|
|t:|1760405381
|-prepare|p1a: Slowking|Chilly Reception|[premajor]
|move|p1a: Slowking|Chilly Reception|p1a: Slowking
|-weather|Snowscape
|
|t:|1760405452
|switch|p1a: Gholdengo|Gholdengo|100/100|[from] Chilly Reception
|move|p2a: Slowking|Future Sight|p1a: Gholdengo
|-start|p2a: Slowking|move: Future Sight
|
|-weather|Snowscape|[upkeep]
|upkeep
|turn|7
|inactive|Battle timer is ON: inactive players will automatically lose when time's up. (requested by randalboy)
|
|t:|1760405517
|move|p1a: Gholdengo|Trick|p2a: Slowking
|-activate|p1a: Gholdengo|move: Trick|[of] p2a: Slowking
|-item|p2a: Slowking|Choice Scarf|[from] move: Trick
|-item|p1a: Gholdengo|Assault Vest|[from] move: Trick
|move|p2a: Slowking|Flamethrower|p1a: Gholdengo
|-supereffective|p1a: Gholdengo
|-damage|p1a: Gholdengo|52/100
|-status|p1a: Gholdengo|brn
|
|-weather|Snowscape|[upkeep]
|-damage|p1a: Gholdengo|46/100 brn|[from] brn
|upkeep
|turn|8
|
|t:|1760405533
|switch|p1a: Alomomola|Alomomola, F|100/100
|switch|p2a: Ogerpon|Ogerpon-Wellspring, F|74/100
|
|-weather|Snowscape|[upkeep]
|-end|p1a: Alomomola|move: Future Sight
|-damage|p1a: Alomomola|32/100
|-heal|p1a: Alomomola|38/100|[from] item: Leftovers
|upkeep
|turn|9
|
|t:|1760405541
|switch|p1a: Meowscarada|Meowscarada, F|100/100
|move|p2a: Ogerpon|Spikes|p1a: Meowscarada
|-sidestart|p1: randalboy|Spikes
|
|-weather|Snowscape|[upkeep]
|upkeep
|turn|10
|
|t:|1760405554
|switch|p2a: Tyranitar|Tyranitar, F, shiny|100/100
|-weather|Sandstorm|[from] ability: Sand Stream|[of] p2a: Tyranitar
|move|p1a: Meowscarada|U-turn|p2a: Tyranitar
|-start|p1a: Meowscarada|typechange|Bug|[from] ability: Protean
|-supereffective|p2a: Tyranitar
|-damage|p2a: Tyranitar|41/100
|-damage|p1a: Meowscarada|91/100|[from] item: Life Orb
|
|t:|1760405557
|switch|p1a: Great Tusk|Great Tusk|100/100|[from] U-turn
|-damage|p1a: Great Tusk|88/100|[from] Spikes
|
|-weather|Sandstorm|[upkeep]
|-heal|p1a: Great Tusk|94/100|[from] item: Leftovers
|upkeep
|turn|11
|
|t:|1760405568
|switch|p2a: Dragapult|Dragapult, F|100/100
|move|p1a: Great Tusk|Rapid Spin|p2a: Dragapult
|-immune|p2a: Dragapult
|
|-weather|Sandstorm|[upkeep]
|-damage|p2a: Dragapult|95/100|[from] Sandstorm
|-heal|p1a: Great Tusk|100/100|[from] item: Leftovers
|upkeep
|turn|12
|
|t:|1760405594
|-end|p1a: Great Tusk|Protosynthesis|[silent]
|switch|p1a: Gholdengo|Gholdengo|46/100 brn
|-damage|p1a: Gholdengo|34/100 brn|[from] Spikes
|move|p2a: Dragapult|Draco Meteor|p1a: Gholdengo
|-resisted|p1a: Gholdengo
|-damage|p1a: Gholdengo|11/100 brn
|-unboost|p2a: Dragapult|spa|2
|
|-weather|Sandstorm|[upkeep]
|-damage|p2a: Dragapult|89/100|[from] Sandstorm
|-damage|p1a: Gholdengo|5/100 brn|[from] brn
|upkeep
|turn|13
|
|t:|1760405602
|move|p2a: Dragapult|U-turn|p1a: Gholdengo
|-resisted|p1a: Gholdengo
|-damage|p1a: Gholdengo|0 fnt
|faint|p1a: Gholdengo
|
|t:|1760405618
|switch|p2a: Clefable|Clefable, M|100/100|[from] U-turn
|
|-weather|Sandstorm|[upkeep]
|upkeep
|
|t:|1760405626
|switch|p1a: Great Tusk|Great Tusk|100/100
|-damage|p1a: Great Tusk|88/100|[from] Spikes
|turn|14
|
|t:|1760405635
|-terastallize|p1a: Great Tusk|Ground
|move|p1a: Great Tusk|Headlong Rush|p2a: Clefable
|-damage|p2a: Clefable|41/100
|-unboost|p1a: Great Tusk|def|1
|-unboost|p1a: Great Tusk|spd|1
|move|p2a: Clefable|Moonblast|p1a: Great Tusk
|-damage|p1a: Great Tusk|16/100
|-unboost|p1a: Great Tusk|spa|1
|
|-weather|none
|-heal|p1a: Great Tusk|22/100|[from] item: Leftovers
|-heal|p2a: Clefable|47/100|[from] item: Leftovers
|upkeep
|turn|15
|
|t:|1760405647
|switch|p2a: Dragapult|Dragapult, F|89/100
|move|p1a: Great Tusk|Rapid Spin|p2a: Dragapult
|-immune|p2a: Dragapult
|
|-heal|p1a: Great Tusk|28/100|[from] item: Leftovers
|upkeep
|turn|16
|
|t:|1760405656
|-end|p1a: Great Tusk|Protosynthesis|[silent]
|switch|p1a: Iron Valiant|Iron Valiant|2/100
|-damage|p1a: Iron Valiant|0 fnt|[from] Spikes
|faint|p1a: Iron Valiant
|-end|p1a: Iron Valiant|Quark Drive|[silent]
|move|p2a: Dragapult|Shadow Ball|p1: Iron Valiant|[notarget]
|-fail|p2a: Dragapult
|
|upkeep
|
|t:|1760405659
|switch|p1a: Slowking|Slowking-Galar, M|100/100
|-damage|p1a: Slowking|88/100|[from] Spikes
|turn|17
|
|t:|1760405671
|move|p2a: Dragapult|U-turn|p1a: Slowking
|-damage|p1a: Slowking|69/100
|
|t:|1760405674
|switch|p2a: Kingambit|Kingambit, F|64/100|[from] U-turn
|move|p1a: Slowking|Trick|p2a: Kingambit
|-activate|p1a: Slowking|move: Trick|[of] p2a: Kingambit
|-item|p2a: Kingambit|Black Sludge|[from] move: Trick
|-item|p1a: Slowking|Black Glasses|[from] move: Trick
|
|-damage|p2a: Kingambit|51/100|[from] item: Black Sludge
|upkeep
|turn|18
|
|t:|1760405688
|switch|p1a: Alomomola|Alomomola, F|71/100
|-damage|p1a: Alomomola|59/100|[from] Spikes
|move|p2a: Kingambit|Kowtow Cleave|p1a: Alomomola
|-damage|p1a: Alomomola|32/100
|
|-damage|p2a: Kingambit|39/100|[from] item: Black Sludge
|-heal|p1a: Alomomola|38/100|[from] item: Leftovers
|upkeep
|turn|19
|
|t:|1760405704
|move|p2a: Kingambit|Iron Head|p1a: Alomomola
|-resisted|p1a: Alomomola
|-damage|p1a: Alomomola|25/100
|cant|p1a: Alomomola|flinch
|
|-damage|p2a: Kingambit|27/100|[from] item: Black Sludge
|-heal|p1a: Alomomola|31/100|[from] item: Leftovers
|upkeep
|turn|20
|
|t:|1760405710
|move|p1a: Alomomola|Protect|p1a: Alomomola
|-singleturn|p1a: Alomomola|Protect
|move|p2a: Kingambit|Kowtow Cleave|p1a: Alomomola
|-activate|p1a: Alomomola|move: Protect
|
|-damage|p2a: Kingambit|14/100|[from] item: Black Sludge
|-heal|p1a: Alomomola|37/100|[from] item: Leftovers
|upkeep
|turn|21
|
|t:|1760405712
|move|p2a: Kingambit|Kowtow Cleave|p1a: Alomomola
|-damage|p1a: Alomomola|11/100
|move|p1a: Alomomola|Wish|p1a: Alomomola
|
|-damage|p2a: Kingambit|2/100|[from] item: Black Sludge
|-heal|p1a: Alomomola|18/100|[from] item: Leftovers
|upkeep
|turn|22
|
|t:|1760405721
|-end|p2a: Kingambit|fallenundefined|[silent]
|switch|p2a: Ogerpon|Ogerpon-Wellspring, F|74/100
|switch|p1a: Great Tusk|Great Tusk, tera:Ground|28/100
|-damage|p1a: Great Tusk|16/100|[from] Spikes
|
|-heal|p1a: Great Tusk|88/100|[from] move: Wish|[wisher] Alomomola
|-heal|p1a: Great Tusk|94/100|[from] item: Leftovers
|upkeep
|turn|23
|
|t:|1760405738
|-end|p1a: Great Tusk|Protosynthesis|[silent]
|switch|p1a: Slowking|Slowking-Galar, M|100/100
|-damage|p1a: Slowking|88/100|[from] Spikes
|move|p2a: Ogerpon|Horn Leech|p1a: Slowking
|-resisted|p1a: Slowking
|-damage|p1a: Slowking|65/100
|-heal|p2a: Ogerpon|89/100|[from] drain|[of] p1a: Slowking
|
|upkeep
|turn|24
|
|t:|1760405748
|-terastallize|p2a: Ogerpon|Water
|detailschange|p2a: Ogerpon|Ogerpon-Wellspring-Tera, F, tera:Water
|-ability|p2a: Ogerpon|Embody Aspect (Wellspring)|boost
|-boost|p2a: Ogerpon|spd|1
|move|p2a: Ogerpon|Ivy Cudgel|p1a: Slowking|[anim] Ivy Cudgel Water
|-damage|p1a: Slowking|0 fnt
|faint|p1a: Slowking
|
|upkeep
|
|t:|1760405752
|switch|p1a: Meowscarada|Meowscarada, F|91/100
|-damage|p1a: Meowscarada|78/100|[from] Spikes
|turn|25
|
|t:|1760405769
|switch|p2a: Kingambit|Kingambit, F|2/100
|move|p1a: Meowscarada|U-turn|p2a: Kingambit
|-start|p1a: Meowscarada|typechange|Bug|[from] ability: Protean
|-damage|p2a: Kingambit|0 fnt
|faint|p2a: Kingambit
|-end|p2a: Kingambit|fallenundefined|[silent]
|-damage|p1a: Meowscarada|68/100|[from] item: Life Orb
|
|t:|1760405777
|switch|p1a: Great Tusk|Great Tusk, tera:Ground|94/100|[from] U-turn
|-damage|p1a: Great Tusk|82/100|[from] Spikes
|
|-heal|p1a: Great Tusk|88/100|[from] item: Leftovers
|upkeep
|
|t:|1760405780
|switch|p2a: Ogerpon|Ogerpon-Wellspring-Tera, F, tera:Water|89/100
|-ability|p2a: Ogerpon|Embody Aspect (Wellspring)|boost
|-boost|p2a: Ogerpon|spd|1
|turn|26
|
|t:|1760405786
|-end|p1a: Great Tusk|Protosynthesis|[silent]
|switch|p1a: Alomomola|Alomomola, F|51/100
|-damage|p1a: Alomomola|39/100|[from] Spikes
|move|p2a: Ogerpon|Ivy Cudgel|p1a: Alomomola|[anim] Ivy Cudgel Water
|-resisted|p1a: Alomomola
|-damage|p1a: Alomomola|18/100
|
|-heal|p1a: Alomomola|24/100|[from] item: Leftovers
|upkeep
|turn|27
|
|t:|1760405797
|move|p2a: Ogerpon|Horn Leech|p1a: Alomomola
|-supereffective|p1a: Alomomola
|-damage|p1a: Alomomola|0 fnt
|-heal|p2a: Ogerpon|100/100|[from] drain|[of] p1a: Alomomola
|faint|p1a: Alomomola
|
|upkeep
|
|t:|1760405800
|switch|p1a: Meowscarada|Meowscarada, F|68/100
|-damage|p1a: Meowscarada|56/100|[from] Spikes
|turn|28
|
|t:|1760405807
|switch|p2a: Tyranitar|Tyranitar, F, shiny|41/100
|-weather|Sandstorm|[from] ability: Sand Stream|[of] p2a: Tyranitar
|move|p1a: Meowscarada|Flower Trick|p2a: Tyranitar
|-start|p1a: Meowscarada|typechange|Grass|[from] ability: Protean
|-supereffective|p2a: Tyranitar
|-crit|p2a: Tyranitar
|-damage|p2a: Tyranitar|0 fnt
|faint|p2a: Tyranitar
|-damage|p1a: Meowscarada|46/100|[from] item: Life Orb
|
|-weather|Sandstorm|[upkeep]
|-damage|p1a: Meowscarada|40/100|[from] Sandstorm
|upkeep
|
|t:|1760405816
|switch|p2a: Slowking|Slowking-Galar, F|100/100
|turn|29
|
|t:|1760405822
|move|p1a: Meowscarada|Flower Trick|p2a: Slowking
|-resisted|p2a: Slowking
|-crit|p2a: Slowking
|-damage|p2a: Slowking|65/100
|-damage|p1a: Meowscarada|30/100|[from] item: Life Orb
|move|p2a: Slowking|Ice Beam|p1a: Meowscarada
|-supereffective|p1a: Meowscarada
|-damage|p1a: Meowscarada|0 fnt
|faint|p1a: Meowscarada
|
|-weather|Sandstorm|[upkeep]
|-damage|p2a: Slowking|59/100|[from] Sandstorm
|upkeep
|
|t:|1760405829
|switch|p1a: Great Tusk|Great Tusk, tera:Ground|88/100
|-damage|p1a: Great Tusk|75/100|[from] Spikes
|turn|30
|
|t:|1760405834
|move|p1a: Great Tusk|Stone Edge|p2a: Slowking
|-crit|p2a: Slowking
|-damage|p2a: Slowking|10/100
|move|p2a: Slowking|Ice Beam|p1a: Great Tusk
|-supereffective|p1a: Great Tusk
|-damage|p1a: Great Tusk|0 fnt
|faint|p1a: Great Tusk
|-end|p1a: Great Tusk|Protosynthesis|[silent]
|
|win|Lotadfan22
|raw|randalboy's rating: 1192 &rarr; <strong>1167</strong><br />(-25 for losing)
|raw|Lotadfan22's rating: 1189 &rarr; <strong>1214</strong><br />(+25 for winning)
