|j|☆SittinGamer
|j|☆Yelo_Galaxy
|t:|1760300176
|gametype|singles
|player|p1|SittinGamer|dawn-gen4pt|1502
|player|p2|Yelo_Galaxy|265|1506
|gen|9
|tier|[Gen 9] OU
|rated|
|rule|HP Percentage Mod: HP is shown in percentages
|rule|Endless Battle Clause: Forcing endless battles is banned
|rule|Species Clause: Limit one of each Pokémon
|rule|OHKO Clause: OHKO moves are banned
|rule|Evasion Items Clause: Evasion items are banned
|rule|Evasion Moves Clause: Evasion moves are banned
|rule|Evasion Abilities Clause: Evasion abilities are banned
|rule|Sleep Moves Clause: Sleep-inducing moves are banned
|clearpoke
|poke|p1|Samurott-Hisui, F|
|poke|p1|Tornadus-Therian, M|
|poke|p1|Pecharunt|
|poke|p1|Great Tusk|
|poke|p1|Clefable, M|
|poke|p1|Zamazenta-*|
|poke|p2|Torkoal, F|
|poke|p2|Hatterene, F|
|poke|p2|Raging Bolt|
|poke|p2|Slither Wing|
|poke|p2|Venusaur, F|
|poke|p2|Walking Wake|
|teampreview
|
|t:|1760300185
|teamsize|p1|6
|teamsize|p2|6
|start
|switch|p1a: Samurott|Samurott-Hisui, F|100/100
|switch|p2a: Slither Wing|Slither Wing|100/100
|turn|1
|inactive|Battle timer is ON: inactive players will automatically lose when time's up. (requested by Yelo_Galaxy)
|
|t:|1760300188
|switch|p1a: Pecharunt|Pecharunt|100/100
|move|p2a: Slither Wing|U-turn|p1a: Pecharunt
|-resisted|p1a: Pecharunt
|-damage|p1a: Pecharunt|96/100
|
|t:|1760300191
|-end|p2a: Slither Wing|Protosynthesis|[silent]
|switch|p2a: Torkoal|Torkoal, F|100/100|[from] U-turn
|-weather|SunnyDay|[from] ability: Drought|[of] p2a: Torkoal
|
|-weather|SunnyDay|[upkeep]
|upkeep
|turn|2
|
|t:|1760300195
|move|p1a: Pecharunt|Malignant Chain|p2a: Torkoal
|-damage|p2a: Torkoal|65/100
|move|p2a: Torkoal|Stealth Rock|p1a: Pecharunt
|-sidestart|p1: SittinGamer|move: Stealth Rock
|
|-weather|SunnyDay|[upkeep]
|upkeep
|turn|3
|
|t:|1760300201
|switch|p2a: Slither Wing|Slither Wing|100/100
|-activate|p2a: Slither Wing|ability: Protosynthesis
|-start|p2a: Slither Wing|protosynthesisatk
|move|p1a: Pecharunt|Malignant Chain|p2a: Slither Wing
|-damage|p2a: Slither Wing|79/100
|-status|p2a: Slither Wing|tox
|-start|p2a: Slither Wing|confusion|[from] ability: Poison Puppeteer|[of] p1a: Pecharunt
|
|-weather|SunnyDay|[upkeep]
|-damage|p2a: Slither Wing|73/100 tox|[from] psn
|upkeep
|turn|4
|
|t:|1760300205
|-activate|p2a: Slither Wing|confusion
|-damage|p2a: Slither Wing|53/100 tox|[from] confusion
|move|p1a: Pecharunt|Foul Play|p2a: Slither Wing
|-resisted|p2a: Slither Wing
|-damage|p2a: Slither Wing|29/100 tox
|
|-weather|SunnyDay|[upkeep]
|-damage|p2a: Slither Wing|16/100 tox|[from] psn
|upkeep
|turn|5
|
|t:|1760300209
|-end|p2a: Slither Wing|Protosynthesis|[silent]
|switch|p2a: Raging Bolt|Raging Bolt|100/100
|-activate|p2a: Raging Bolt|ability: Protosynthesis
|-start|p2a: Raging Bolt|protosynthesisspa
|move|p1a: Pecharunt|Recover|p1a: Pecharunt
|-heal|p1a: Pecharunt|100/100
|
|-weather|SunnyDay|[upkeep]
|upkeep
|turn|6
|
|t:|1760300213
|move|p2a: Raging Bolt|Weather Ball|p1a: Pecharunt
|-damage|p1a: Pecharunt|6/100
|-damage|p2a: Raging Bolt|91/100|[from] item: Life Orb
|move|p1a: Pecharunt|Parting Shot|p2a: Raging Bolt
|-unboost|p2a: Raging Bolt|atk|1
|-unboost|p2a: Raging Bolt|spa|1
|
|t:|1760300218
|switch|p1a: Great Tusk|Great Tusk|100/100|[from] Parting Shot
|-activate|p1a: Great Tusk|ability: Protosynthesis
|-start|p1a: Great Tusk|protosynthesisatk
|
|-weather|SunnyDay|[upkeep]
|upkeep
|turn|7
|
|t:|1760300224
|move|p1a: Great Tusk|Rapid Spin|p2a: Raging Bolt
|-crit|p2a: Raging Bolt
|-damage|p2a: Raging Bolt|64/100
|-boost|p1a: Great Tusk|spe|1
|-sideend|p1: SittinGamer|Stealth Rock|[from] move: Rapid Spin|[of] p1a: Great Tusk
|move|p2a: Raging Bolt|Weather Ball|p1a: Great Tusk
|-damage|p1a: Great Tusk|4/100
|-damage|p2a: Raging Bolt|54/100|[from] item: Life Orb
|
|-weather|SunnyDay|[upkeep]
|upkeep
|turn|8
|
|t:|1760300228
|-end|p2a: Raging Bolt|Protosynthesis|[silent]
|switch|p2a: Hatterene|Hatterene, F|100/100
|-item|p2a: Hatterene|Air Balloon
|move|p1a: Great Tusk|Headlong Rush|p2a: Hatterene
|-immune|p2a: Hatterene
|
|-weather|none
|-end|p1a: Great Tusk|Protosynthesis
|upkeep
|turn|9
|
|t:|1760300232
|move|p1a: Great Tusk|Knock Off|p2a: Hatterene
|-damage|p2a: Hatterene|74/100
|-enditem|p2a: Hatterene|Air Balloon
|move|p2a: Hatterene|Psychic Noise|p1a: Great Tusk
|-supereffective|p1a: Great Tusk
|-damage|p1a: Great Tusk|0 fnt
|faint|p1a: Great Tusk
|-end|p1a: Great Tusk|Protosynthesis|[silent]
|
|upkeep
|j| Narwhale37
|
|t:|1760300236
|switch|p1a: Samurott|Samurott-Hisui, F|100/100
|turn|10
|
|t:|1760300239
|move|p1a: Samurott|Ceaseless Edge|p2a: Hatterene
|-damage|p2a: Hatterene|33/100
|-sidestart|p2: Yelo_Galaxy|Spikes
|move|p2a: Hatterene|Healing Wish|p2a: Hatterene
|faint|p2a: Hatterene
|
|upkeep
|
|t:|1760300243
|switch|p2a: Slither Wing|Slither Wing|16/100 tox
|-heal|p2a: Slither Wing|100/100|[from] move: Healing Wish
|-damage|p2a: Slither Wing|88/100|[from] Spikes
|turn|11
|
|t:|1760300253
|switch|p1a: Pecharunt|Pecharunt|6/100
|move|p2a: Slither Wing|U-turn|p1a: Pecharunt
|-resisted|p1a: Pecharunt
|-damage|p1a: Pecharunt|1/100
|
|t:|1760300257
|-end|p2a: Slither Wing|Protosynthesis|[silent]
|switch|p2a: Walking Wake|Walking Wake|100/100|[from] U-turn
|-damage|p2a: Walking Wake|88/100|[from] Spikes
|
|upkeep
|turn|12
|
|t:|1760300262
|move|p2a: Walking Wake|Flip Turn|p1a: Pecharunt
|-damage|p1a: Pecharunt|0 fnt
|faint|p1a: Pecharunt
|
|t:|1760300265
|-end|p2a: Walking Wake|Protosynthesis|[silent]
|switch|p2a: Torkoal|Torkoal, F|65/100|[from] Flip Turn
|-damage|p2a: Torkoal|53/100|[from] Spikes
|-weather|SunnyDay|[from] ability: Drought|[of] p2a: Torkoal
|
|-weather|SunnyDay|[upkeep]
|upkeep
|
|t:|1760300273
|switch|p1a: Samurott|Samurott-Hisui, F|100/100
|turn|13
|
|t:|1760300282
|switch|p2a: Slither Wing|Slither Wing|88/100
|-damage|p2a: Slither Wing|76/100|[from] Spikes
|-activate|p2a: Slither Wing|ability: Protosynthesis
|-start|p2a: Slither Wing|protosynthesisatk
|move|p1a: Samurott|Ceaseless Edge|p2a: Slither Wing
|-resisted|p2a: Slither Wing
|-damage|p2a: Slither Wing|47/100
|-sidestart|p2: Yelo_Galaxy|Spikes
|
|-weather|SunnyDay|[upkeep]
|upkeep
|turn|14
|
|t:|1760300290
|switch|p1a: Zamazenta|Zamazenta|100/100
|-ability|p1a: Zamazenta|Dauntless Shield|boost
|-boost|p1a: Zamazenta|def|1
|move|p2a: Slither Wing|U-turn|p1a: Zamazenta
|-resisted|p1a: Zamazenta
|-damage|p1a: Zamazenta|84/100
|
|t:|1760300292
|-end|p2a: Slither Wing|Protosynthesis|[silent]
|switch|p2a: Raging Bolt|Raging Bolt|54/100|[from] U-turn
|-damage|p2a: Raging Bolt|38/100|[from] Spikes
|-activate|p2a: Raging Bolt|ability: Protosynthesis
|-start|p2a: Raging Bolt|protosynthesisspa
|
|-weather|SunnyDay|[upkeep]
|upkeep
|turn|15
|
|t:|1760300298
|move|p1a: Zamazenta|Close Combat|p2a: Raging Bolt
|-damage|p2a: Raging Bolt|0 fnt
|-unboost|p1a: Zamazenta|def|1
|-unboost|p1a: Zamazenta|spd|1
|faint|p2a: Raging Bolt
|-end|p2a: Raging Bolt|Protosynthesis|[silent]
|
|-weather|SunnyDay|[upkeep]
|upkeep
|
|t:|1760300305
|switch|p2a: Venusaur|Venusaur, F|100/100
|-damage|p2a: Venusaur|84/100|[from] Spikes
|turn|16
|inactive|SittinGamer has 120 seconds left.
|
|t:|1760300350
|move|p2a: Venusaur|Growth|p2a: Venusaur
|-boost|p2a: Venusaur|atk|2
|-boost|p2a: Venusaur|spa|2
|move|p1a: Zamazenta|Stone Edge|p2a: Venusaur|[miss]
|-miss|p1a: Zamazenta|p2a: Venusaur
|
|-weather|SunnyDay|[upkeep]
|upkeep
|turn|17
|-message|SittinGamer forfeited.
|
|win|Yelo_Galaxy
|raw|SittinGamer's rating: 1502 &rarr; <strong>1482</strong><br />(-20 for losing)
|raw|Yelo_Galaxy's rating: 1506 &rarr; <strong>1526</strong><br />(+20 for winning)
|l|☆SittinGamer
|player|p1|
|l|☆Yelo_Galaxy
|player|p2|
|l| Narwhale37
