|j|☆Noobula
|j|☆chesecat_qsm
|t:|1760453450
|gametype|singles
|player|p1|Noobula|2|1280
|player|p2|chesecat_qsm|102|1205
|gen|9
|tier|[Gen 9] OU
|rated|
|rule|HP Percentage Mod: HP is shown in percentages
|rule|Endless Battle Clause: Forcing endless battles is banned
|rule|Species Clause: Limit one of each Pokémon
|rule|OHKO Clause: OHKO moves are banned
|rule|Evasion Items Clause: Evasion items are banned
|rule|Evasion Moves Clause: Evasion moves are banned
|rule|Evasion Abilities Clause: Evasion abilities are banned
|rule|Sleep Moves Clause: Sleep-inducing moves are banned
|clearpoke
|poke|p1|Ogerpon-Wellspring, F|
|poke|p1|Weezing-Galar, M|
|poke|p1|Grimmsnarl, M|
|poke|p1|Hydrapple, M|
|poke|p1|Tornadus-Therian, M|
|poke|p1|Slowking-Galar, M|
|poke|p2|Walking Wake|
|poke|p2|Great Tusk|
|poke|p2|Ceruledge, F|
|poke|p2|Torkoal, M|
|poke|p2|Hatterene, F|
|poke|p2|Corviknight, M|
|teampreview
|inactive|Battle timer is ON: inactive players will automatically lose when time's up. (requested by Noobula)
|
|t:|1760453474
|teamsize|p1|6
|teamsize|p2|6
|start
|switch|p1a: Tornadus|Tornadus-Therian, M, shiny|100/100
|switch|p2a: Torkoal|Torkoal, M|100/100
|-weather|SunnyDay|[from] ability: Drought|[of] p2a: Torkoal
|turn|1
|
|t:|1760453482
|switch|p2a: Hatterene|Hatterene, F|100/100
|move|p1a: Tornadus|Knock Off|p2a: Hatterene
|-damage|p2a: Hatterene|81/100
|-enditem|p2a: Hatterene|Eject Button|[from] move: Knock Off|[of] p1a: Tornadus
|
|-weather|SunnyDay|[upkeep]
|upkeep
|turn|2
|
|t:|1760453495
|move|p1a: Tornadus|U-turn|p2a: Hatterene
|-damage|p2a: Hatterene|68/100
|
|t:|1760453498
|switch|p1a: Slowking|Slowking-Galar, M|100/100|[from] U-turn
|move|p2a: Hatterene|Nuzzle|p1a: Slowking
|-damage|p1a: Slowking|97/100
|-status|p1a: Slowking|par
|
|-weather|SunnyDay|[upkeep]
|upkeep
|turn|3
|
|t:|1760453514
|move|p2a: Hatterene|Psychic Noise|p1a: Slowking
|-damage|p1a: Slowking|71/100 par
|-start|p1a: Slowking|move: Heal Block
|move|p1a: Slowking|Future Sight|p2a: Hatterene
|-start|p1a: Slowking|move: Future Sight
|
|-weather|SunnyDay|[upkeep]
|upkeep
|turn|4
|
|t:|1760453524
|move|p2a: Hatterene|Psychic Noise|p1a: Slowking
|-damage|p1a: Slowking|44/100 par
|move|p1a: Slowking|Sludge Bomb|p2a: Hatterene
|-supereffective|p2a: Hatterene
|-damage|p2a: Hatterene|3/100
|
|-weather|SunnyDay|[upkeep]
|-end|p1a: Slowking|move: Heal Block
|upkeep
|turn|5
|
|t:|1760453535
|switch|p1a: Tornadus|Tornadus-Therian, M, shiny|100/100
|move|p2a: Hatterene|Psychic Noise|p1a: Tornadus
|-damage|p1a: Tornadus|78/100
|-start|p1a: Tornadus|move: Heal Block
|
|-weather|SunnyDay|[upkeep]
|-end|p2a: Hatterene|move: Future Sight
|-resisted|p2a: Hatterene
|-damage|p2a: Hatterene|0 fnt
|faint|p2a: Hatterene
|upkeep
|
|t:|1760453546
|switch|p2a: Torkoal|Torkoal, M|100/100
|turn|6
|
|t:|1760453551
|move|p1a: Tornadus|Knock Off|p2a: Torkoal
|-damage|p2a: Torkoal|90/100
|-enditem|p2a: Torkoal|Heat Rock|[from] move: Knock Off|[of] p1a: Tornadus
|move|p2a: Torkoal|Stealth Rock|p1a: Tornadus
|-sidestart|p1: Noobula|move: Stealth Rock
|
|-weather|SunnyDay|[upkeep]
|-end|p1a: Tornadus|move: Heal Block
|upkeep
|turn|7
|
|t:|1760453562
|move|p1a: Tornadus|Bleakwind Storm|p2a: Torkoal
|-damage|p2a: Torkoal|39/100
|move|p2a: Torkoal|Lava Plume|p1a: Tornadus
|-damage|p1a: Tornadus|51/100
|
|-weather|SunnyDay|[upkeep]
|upkeep
|turn|8
|
|t:|1760453573
|move|p1a: Tornadus|Bleakwind Storm|p2a: Torkoal
|-damage|p2a: Torkoal|0 fnt
|faint|p2a: Torkoal
|
|-weather|none
|upkeep
|
|t:|1760453578
|switch|p2a: Walking Wake|Walking Wake|100/100
|turn|9
|
|t:|1760453588
|-terastallize|p2a: Walking Wake|Water
|move|p1a: Tornadus|U-turn|p2a: Walking Wake
|-damage|p2a: Walking Wake|86/100
|
|t:|1760453595
|switch|p1a: Ogerpon|Ogerpon-Wellspring, F|100/100|[from] U-turn
|-damage|p1a: Ogerpon|88/100|[from] Stealth Rock
|move|p2a: Walking Wake|Hydro Steam|p1a: Ogerpon
|-heal|p1a: Ogerpon|100/100|[from] ability: Water Absorb|[of] p2a: Walking Wake
|
|upkeep
|turn|10
|
|t:|1760453604
|-end|p2a: Walking Wake|Protosynthesis|[silent]
|switch|p2a: Great Tusk|Great Tusk|100/100
|move|p1a: Ogerpon|Ivy Cudgel|p2a: Great Tusk|[anim] Ivy Cudgel Water
|-supereffective|p2a: Great Tusk
|-damage|p2a: Great Tusk|8/100
|
|upkeep
|turn|11
|
|t:|1760453612
|move|p1a: Ogerpon|Ivy Cudgel|p2a: Great Tusk|[anim] Ivy Cudgel Water
|-supereffective|p2a: Great Tusk
|-damage|p2a: Great Tusk|0 fnt
|faint|p2a: Great Tusk
|-end|p2a: Great Tusk|Protosynthesis|[silent]
|
|upkeep
|-message|chesecat_qsm forfeited.
|
|win|Noobula
|raw|Noobula's rating: 1280 &rarr; <strong>1300</strong><br />(+20 for winning)
|raw|chesecat_qsm's rating: 1205 &rarr; <strong>1185</strong><br />(-20 for losing)
|l|☆chesecat_qsm
|player|p2|
