|j|☆t-rectodacryl
|j|☆arteris dewberry
|t:|1760385679
|gametype|singles
|player|p1|t-rectodacryl|170|1216
|player|p2|arteris dewberry|lucas|1215
|gen|9
|tier|[Gen 9] OU
|rated|
|rule|HP Percentage Mod: HP is shown in percentages
|rule|Endless Battle Clause: Forcing endless battles is banned
|rule|Species Clause: Limit one of each Pokémon
|rule|OHKO Clause: OHKO moves are banned
|rule|Evasion Items Clause: Evasion items are banned
|rule|Evasion Moves Clause: Evasion moves are banned
|rule|Evasion Abilities Clause: Evasion abilities are banned
|rule|Sleep Moves Clause: Sleep-inducing moves are banned
|clearpoke
|poke|p1|Weezing-Galar, F|
|poke|p1|Slowking-Galar, F|
|poke|p1|Raging Bolt|
|poke|p1|Dragapult, M|
|poke|p1|Alomomola, F|
|poke|p1|Crabominable, F|
|poke|p2|Tornadus, M|
|poke|p2|Greninja-*, M|
|poke|p2|Lucario, F|
|poke|p2|Hatterene, F|
|poke|p2|Blaziken, F|
|poke|p2|Haxorus, F|
|teampreview
|inactive|Battle timer is ON: inactive players will automatically lose when time's up. (requested by t-rectodacryl)
|
|t:|1760385697
|teamsize|p1|6
|teamsize|p2|6
|start
|switch|p1a: Dragapult|Dragapult, M|100/100
|switch|p2a: Tornadus|Tornadus, M|100/100
|turn|1
|
|t:|1760385707
|move|p2a: Tornadus|Tailwind|p2a: Tornadus
|-sidestart|p2: arteris dewberry|move: Tailwind
|move|p1a: Dragapult|Dragon Darts|p2a: Tornadus
|-damage|p2a: Tornadus|41/100
|-anim|p1a: Dragapult|Dragon Darts|p2a: Tornadus
|-damage|p2a: Tornadus|0 fnt
|faint|p2a: Tornadus
|
|upkeep
|
|t:|1760385717
|switch|p2a: Haxorus|Haxorus, F|100/100
|-ability|p2a: Haxorus|Mold Breaker
|turn|2
|
|t:|1760385723
|switch|p1a: Alomomola|Alomomola, F|100/100
|move|p2a: Haxorus|Dragon Claw|p1a: Alomomola
|-damage|p1a: Alomomola|72/100
|
|upkeep
|turn|3
|
|t:|1760385733
|switch|p2a: Blaziken|Blaziken, F|100/100
|move|p1a: Alomomola|Flip Turn|p2a: Blaziken
|-supereffective|p2a: Blaziken
|-damage|p2a: Blaziken|53/100
|
|t:|1760385746
|switch|p1a: Dragapult|Dragapult, M|100/100|[from] Flip Turn
|
|upkeep
|turn|4
|
|t:|1760385751
|move|p2a: Blaziken|Swords Dance|p2a: Blaziken
|-boost|p2a: Blaziken|atk|2
|move|p1a: Dragapult|Dragon Darts|p2a: Blaziken
|-damage|p2a: Blaziken|0 fnt
|faint|p2a: Blaziken
|
|-sideend|p2: arteris dewberry|move: Tailwind
|upkeep
|
|t:|1760385772
|switch|p2a: Lucario|Lucario, F|100/100
|turn|5
|
|t:|1760385778
|switch|p1a: Crabominable|Crabominable, F, shiny|100/100
|move|p2a: Lucario|Ice Punch|p1a: Crabominable
|-resisted|p1a: Crabominable
|-damage|p1a: Crabominable|80/100
|-damage|p2a: Lucario|91/100|[from] item: Life Orb
|
|upkeep
|turn|6
|
|t:|1760385796
|move|p2a: Lucario|Close Combat|p1a: Crabominable
|-supereffective|p1a: Crabominable
|-crit|p1a: Crabominable
|-damage|p1a: Crabominable|0 fnt
|-unboost|p2a: Lucario|def|1
|-unboost|p2a: Lucario|spd|1
|faint|p1a: Crabominable
|-damage|p2a: Lucario|81/100|[from] item: Life Orb
|
|upkeep
|
|t:|1760385808
|switch|p1a: Raging Bolt|Raging Bolt|100/100
|turn|7
|
|t:|1760385813
|move|p1a: Raging Bolt|Thunderclap|p2a: Lucario
|-damage|p2a: Lucario|0 fnt
|faint|p2a: Lucario
|-damage|p1a: Raging Bolt|91/100|[from] item: Life Orb
|
|upkeep
|inactive|arteris dewberry has 120 seconds left.
|
|t:|1760385851
|switch|p2a: Greninja|Greninja, M|100/100
|turn|8
|inactive|arteris dewberry has 120 seconds left.
|
|t:|1760385868
|move|p1a: Raging Bolt|Thunderclap|p2a: Greninja
|-supereffective|p2a: Greninja
|-damage|p2a: Greninja|0 fnt
|faint|p2a: Greninja
|-damage|p1a: Raging Bolt|81/100|[from] item: Life Orb
|
|upkeep
|
|t:|1760385881
|switch|p2a: Haxorus|Haxorus, F|100/100
|-ability|p2a: Haxorus|Mold Breaker
|turn|9
|
|t:|1760385888
|-terastallize|p1a: Raging Bolt|Fairy
|move|p2a: Haxorus|Dragon Claw|p1a: Raging Bolt
|-immune|p1a: Raging Bolt
|move|p1a: Raging Bolt|Calm Mind|p1a: Raging Bolt
|-boost|p1a: Raging Bolt|spa|1
|-boost|p1a: Raging Bolt|spd|1
|
|upkeep
|turn|10
|-message|arteris dewberry forfeited.
|
|win|t-rectodacryl
|raw|t-rectodacryl's rating: 1216 &rarr; <strong>1241</strong><br />(+25 for winning)
|raw|arteris dewberry's rating: 1215 &rarr; <strong>1190</strong><br />(-25 for losing)
|l|☆arteris dewberry
|player|p2|
|l|☆t-rectodacryl
|player|p1|
