|j|☆wgfwagarg
|j|☆RoeJogan25
|t:|1760329394
|gametype|singles
|player|p1|wgfwagarg|170|1125
|player|p2|RoeJogan25|2|1080
|gen|9
|tier|[Gen 9] OU
|rated|
|rule|HP Percentage Mod: HP is shown in percentages
|rule|Endless Battle Clause: Forcing endless battles is banned
|rule|Species Clause: Limit one of each Pokémon
|rule|OHKO Clause: OHKO moves are banned
|rule|Evasion Items Clause: Evasion items are banned
|rule|Evasion Moves Clause: Evasion moves are banned
|rule|Evasion Abilities Clause: Evasion abilities are banned
|rule|Sleep Moves Clause: Sleep-inducing moves are banned
|clearpoke
|poke|p1|Dragapult, M|
|poke|p1|Hatterene, F|
|poke|p1|Haxorus, F|
|poke|p1|Greninja-*, M|
|poke|p1|Ursaluna, F|
|poke|p1|Arcanine, F|
|poke|p2|Cinccino, M|
|poke|p2|Hatterene, F|
|poke|p2|Donphan, M|
|poke|p2|Rillaboom, M|
|poke|p2|Rhyperior, F|
|poke|p2|Basculegion-F, F|
|teampreview
|inactive|Battle timer is ON: inactive players will automatically lose when time's up. (requested by RoeJogan25)
|inactive|RoeJogan25 has 120 seconds left.
|
|t:|1760329424
|teamsize|p1|6
|teamsize|p2|6
|start
|switch|p1a: Dragapult|Dragapult, M|100/100
|switch|p2a: Rhyperior|Rhyperior, F|100/100
|turn|1
|
|t:|1760329431
|switch|p1a: Hatterene|Hatterene, F|100/100
|move|p2a: Rhyperior|Rock Polish|p2a: Rhyperior
|-boost|p2a: Rhyperior|spe|2
|
|upkeep
|turn|2
|
|t:|1760329440
|move|p2a: Rhyperior|Earthquake|p1a: Hatterene
|-damage|p1a: Hatterene|28/100
|move|p1a: Hatterene|Giga Drain|p2a: Rhyperior
|-supereffective|p2a: Rhyperior
|-damage|p2a: Rhyperior|0 fnt
|-heal|p1a: Hatterene|86/100|[from] drain|[of] p2a: Rhyperior
|faint|p2a: Rhyperior
|
|upkeep
|
|t:|1760329447
|switch|p2a: Basculegion|Basculegion-F, F|100/100
|turn|3
|
|t:|1760329458
|move|p2a: Basculegion|Shadow Ball|p1a: Hatterene
|-supereffective|p1a: Hatterene
|-damage|p1a: Hatterene|0 fnt
|faint|p1a: Hatterene
|
|upkeep
|
|t:|1760329479
|switch|p1a: Dragapult|Dragapult, M|100/100
|turn|4
|
|t:|1760329486
|switch|p2a: Cinccino|Cinccino, M|100/100
|move|p1a: Dragapult|Shadow Ball|p2a: Cinccino
|-immune|p2a: Cinccino
|
|upkeep
|turn|5
|
|t:|1760329509
|move|p1a: Dragapult|Dragon Darts|p2a: Cinccino
|-damage|p2a: Cinccino|57/100
|-anim|p1a: Dragapult|Dragon Darts|p2a: Cinccino
|-damage|p2a: Cinccino|9/100
|-damage|p1a: Dragapult|91/100|[from] item: Life Orb
|move|p2a: Cinccino|Tidy Up|p2a: Cinccino
|-boost|p2a: Cinccino|atk|1
|-boost|p2a: Cinccino|spe|1
|
|upkeep
|turn|6
|
|t:|1760329518
|switch|p1a: Arcanine|Arcanine, F|100/100
|-ability|p1a: Arcanine|Intimidate|boost
|-unboost|p2a: Cinccino|atk|1
|move|p2a: Cinccino|Rock Blast|p1a: Arcanine
|-supereffective|p1a: Arcanine
|-damage|p1a: Arcanine|77/100
|-supereffective|p1a: Arcanine
|-damage|p1a: Arcanine|54/100
|-supereffective|p1a: Arcanine
|-damage|p1a: Arcanine|32/100
|-supereffective|p1a: Arcanine
|-damage|p1a: Arcanine|9/100
|-hitcount|p1a: Arcanine|4
|
|upkeep
|turn|7
|
|t:|1760329533
|move|p1a: Arcanine|Extreme Speed|p2a: Cinccino
|-damage|p2a: Cinccino|0 fnt
|faint|p2a: Cinccino
|
|upkeep
|
|t:|1760329540
|switch|p2a: Rillaboom|Rillaboom, M|100/100
|-fieldstart|move: Grassy Terrain|[from] ability: Grassy Surge|[of] p2a: Rillaboom
|turn|8
|
|t:|1760329544
|move|p2a: Rillaboom|Grassy Glide|p1a: Arcanine
|-resisted|p1a: Arcanine
|-damage|p1a: Arcanine|0 fnt
|faint|p1a: Arcanine
|
|upkeep
|
|t:|1760329549
|switch|p1a: Dragapult|Dragapult, M|91/100
|turn|9
|
|t:|1760329556
|move|p1a: Dragapult|Fire Blast|p2a: Rillaboom
|-supereffective|p2a: Rillaboom
|-damage|p2a: Rillaboom|0 fnt
|faint|p2a: Rillaboom
|-damage|p1a: Dragapult|81/100|[from] item: Life Orb
|
|-heal|p1a: Dragapult|87/100|[from] Grassy Terrain
|upkeep
|
|t:|1760329562
|switch|p2a: Donphan|Donphan, M|100/100
|turn|10
|inactive|wgfwagarg has 120 seconds left.
|
|t:|1760329597
|switch|p1a: Ursaluna|Ursaluna, F|100/100
|move|p2a: Donphan|Knock Off|p1a: Ursaluna
|-damage|p1a: Ursaluna|74/100
|-enditem|p1a: Ursaluna|Flame Orb|[from] move: Knock Off|[of] p2a: Donphan
|
|-heal|p1a: Ursaluna|80/100|[from] Grassy Terrain
|upkeep
|turn|11
|inactive|wgfwagarg has 120 seconds left.
|
|t:|1760329612
|move|p1a: Ursaluna|Facade|p2a: Donphan
|-damage|p2a: Donphan|69/100
|move|p2a: Donphan|Stealth Rock|p1a: Ursaluna
|-sidestart|p1: wgfwagarg|move: Stealth Rock
|
|-heal|p2a: Donphan|75/100|[from] Grassy Terrain
|-heal|p1a: Ursaluna|86/100|[from] Grassy Terrain
|upkeep
|turn|12
|inactive|RoeJogan25 has 120 seconds left.
|
|t:|1760329651
|switch|p2a: Basculegion|Basculegion-F, F|100/100
|move|p1a: Ursaluna|Facade|p2a: Basculegion
|-immune|p2a: Basculegion
|
|-heal|p1a: Ursaluna|93/100|[from] Grassy Terrain
|upkeep
|turn|13
|inactive|RoeJogan25 has 120 seconds left.
|
|t:|1760329676
|move|p2a: Basculegion|Surf|p1a: Ursaluna
|-supereffective|p1a: Ursaluna
|-damage|p1a: Ursaluna|0 fnt
|faint|p1a: Ursaluna
|
|upkeep
|
|t:|1760329687
|switch|p1a: Dragapult|Dragapult, M|87/100
|-damage|p1a: Dragapult|75/100|[from] Stealth Rock
|turn|14
|inactive|RoeJogan25 has 120 seconds left.
|
|t:|1760329701
|switch|p2a: Donphan|Donphan, M|75/100
|move|p1a: Dragapult|Shadow Ball|p2a: Donphan
|-damage|p2a: Donphan|20/100
|-damage|p1a: Dragapult|65/100|[from] item: Life Orb
|
|-heal|p1a: Dragapult|71/100|[from] Grassy Terrain
|-heal|p2a: Donphan|26/100|[from] Grassy Terrain
|upkeep
|turn|15
|inactive|wgfwagarg has 120 seconds left.
|
|t:|1760329745
|move|p1a: Dragapult|Shadow Ball|p2a: Donphan
|-damage|p2a: Donphan|0 fnt
|faint|p2a: Donphan
|-damage|p1a: Dragapult|61/100|[from] item: Life Orb
|
|-heal|p1a: Dragapult|67/100|[from] Grassy Terrain
|-fieldend|move: Grassy Terrain
|upkeep
|inactive|RoeJogan25 has 120 seconds left.
|inactive|RoeJogan25 has 90 seconds left.
|l|☆RoeJogan25
|inactive|RoeJogan25 disconnected and has a minute to reconnect!
|player|p2|
|inactive|RoeJogan25 has 30 seconds to reconnect!
|inactive|RoeJogan25 has 20 seconds to reconnect!
|inactive|RoeJogan25 has 15 seconds to reconnect!
|inactive|RoeJogan25 has 10 seconds to reconnect!
|inactive|RoeJogan25 has 5 seconds to reconnect!
|-message|RoeJogan25 lost due to inactivity.
|
|win|wgfwagarg
|raw|wgfwagarg's rating: 1125 &rarr; <strong>1147</strong><br />(+22 for winning)
|raw|RoeJogan25's rating: 1080 &rarr; <strong>1061</strong><br />(-19 for losing)
|j|☆RoeJogan25
|player|p2|RoeJogan25|2|
|l|☆RoeJogan25
|player|p2|
