|j|☆Palasucks
|j|☆bellumacademy
|t:|1760325549
|gametype|singles
|player|p1|Palasucks|169|1396
|player|p2|bellumacademy|elesa|1393
|gen|9
|tier|[Gen 9] OU
|rated|
|rule|HP Percentage Mod: HP is shown in percentages
|rule|Endless Battle Clause: Forcing endless battles is banned
|rule|Species Clause: Limit one of each Pokémon
|rule|OHKO Clause: OHKO moves are banned
|rule|Evasion Items Clause: Evasion items are banned
|rule|Evasion Moves Clause: Evasion moves are banned
|rule|Evasion Abilities Clause: Evasion abilities are banned
|rule|Sleep Moves Clause: Sleep-inducing moves are banned
|clearpoke
|poke|p1|Raikou|
|poke|p1|Meowscarada, M|
|poke|p1|Ogerpon-Wellspring, F|
|poke|p1|Alomomola, M|
|poke|p1|Iron Treads|
|poke|p1|Enamorus, F|
|poke|p2|Pelipper, F|
|poke|p2|Hatterene, F|
|poke|p2|Iron Treads|
|poke|p2|Toxicroak, F|
|poke|p2|Barraskewda, F|
|poke|p2|Zapdos|
|teampreview
|inactive|Battle timer is ON: inactive players will automatically lose when time's up. (requested by Palasucks)
|
|t:|1760325569
|teamsize|p1|6
|teamsize|p2|6
|start
|switch|p1a: Raikou|Raikou|100/100
|switch|p2a: Pelipper|Pelipper, F|100/100
|-ability|p1a: Raikou|Pressure
|-weather|RainDance|[from] ability: Drizzle|[of] p2a: Pelipper
|turn|1
|
|t:|1760325573
|switch|p2a: Iron Treads|Iron Treads|100/100
|move|p1a: Raikou|Scald|p2a: Iron Treads
|-supereffective|p2a: Iron Treads
|-damage|p2a: Iron Treads|24/100
|-damage|p1a: Raikou|91/100|[from] item: Life Orb
|
|-weather|RainDance|[upkeep]
|-heal|p2a: Iron Treads|30/100|[from] item: Leftovers
|upkeep
|turn|2
|
|t:|1760325583
|move|p1a: Raikou|Scald|p2a: Iron Treads
|-supereffective|p2a: Iron Treads
|-damage|p2a: Iron Treads|0 fnt
|faint|p2a: Iron Treads
|-end|p2a: Iron Treads|Quark Drive|[silent]
|-damage|p1a: Raikou|81/100|[from] item: Life Orb
|
|-weather|RainDance|[upkeep]
|upkeep
|
|t:|1760325589
|switch|p2a: Barraskewda|Barraskewda, F|100/100
|turn|3
|
|t:|1760325595
|switch|p1a: Ogerpon|Ogerpon-Wellspring, F|100/100
|-terastallize|p2a: Barraskewda|Water
|move|p2a: Barraskewda|Flip Turn|p1a: Ogerpon
|-immune|p1a: Ogerpon|[from] ability: Water Absorb
|
|-weather|RainDance|[upkeep]
|upkeep
|turn|4
|
|t:|1760325601
|switch|p2a: Toxicroak|Toxicroak, F|100/100
|move|p1a: Ogerpon|Spikes|p2a: Toxicroak
|-sidestart|p2: bellumacademy|Spikes
|
|-weather|RainDance|[upkeep]
|upkeep
|turn|5
|
|t:|1760325617
|move|p1a: Ogerpon|U-turn|p2a: Toxicroak
|-resisted|p2a: Toxicroak
|-damage|p2a: Toxicroak|94/100
|-damage|p1a: Ogerpon|84/100|[from] item: Rocky Helmet|[of] p2a: Toxicroak
|
|t:|1760325620
|switch|p1a: Alomomola|Alomomola, M|100/100|[from] U-turn
|move|p2a: Toxicroak|Knock Off|p1a: Alomomola
|-damage|p1a: Alomomola|88/100
|-enditem|p1a: Alomomola|Heavy-Duty Boots|[from] move: Knock Off|[of] p2a: Toxicroak
|
|-weather|RainDance|[upkeep]
|-heal|p2a: Toxicroak|100/100|[from] ability: Dry Skin
|upkeep
|turn|6
|
|t:|1760325630
|move|p2a: Toxicroak|Toxic|p1a: Alomomola
|-status|p1a: Alomomola|tox
|move|p1a: Alomomola|Wish|p1a: Alomomola
|
|-weather|RainDance|[upkeep]
|-damage|p1a: Alomomola|82/100 tox|[from] psn
|upkeep
|turn|7
|
|t:|1760325646
|switch|p1a: Iron Treads|Iron Treads|100/100
|move|p2a: Toxicroak|Knock Off|p1a: Iron Treads
|-damage|p1a: Iron Treads|78/100
|-enditem|p1a: Iron Treads|Assault Vest|[from] move: Knock Off|[of] p2a: Toxicroak
|
|-weather|RainDance|[upkeep]
|-heal|p1a: Iron Treads|100/100|[from] move: Wish|[wisher] Alomomola
|upkeep
|turn|8
|
|t:|1760325654
|switch|p2a: Zapdos|Zapdos|100/100
|move|p1a: Iron Treads|Earthquake|p2a: Zapdos
|-immune|p2a: Zapdos
|
|-weather|none
|upkeep
|turn|9
|
|t:|1760325661
|switch|p2a: Hatterene|Hatterene, F|100/100
|-damage|p2a: Hatterene|88/100|[from] Spikes
|move|p1a: Iron Treads|Ice Spinner|p2a: Hatterene
|-damage|p2a: Hatterene|67/100
|-enditem|p2a: Hatterene|Eject Button
|
|t:|1760325668
|switch|p2a: Pelipper|Pelipper, F|100/100
|-weather|RainDance|[from] ability: Drizzle|[of] p2a: Pelipper
|
|-weather|RainDance|[upkeep]
|upkeep
|turn|10
|
|t:|1760325673
|move|p1a: Iron Treads|Knock Off|p2a: Pelipper
|-damage|p2a: Pelipper|71/100
|-enditem|p2a: Pelipper|Damp Rock|[from] move: Knock Off|[of] p1a: Iron Treads
|move|p2a: Pelipper|U-turn|p1a: Iron Treads
|-resisted|p1a: Iron Treads
|-damage|p1a: Iron Treads|97/100
|
|t:|1760325689
|switch|p2a: Barraskewda|Barraskewda, F, tera:Water|100/100|[from] U-turn
|-damage|p2a: Barraskewda|88/100|[from] Spikes
|
|-weather|RainDance|[upkeep]
|upkeep
|turn|11
|
|t:|1760325695
|-end|p1a: Iron Treads|Quark Drive|[silent]
|switch|p1a: Alomomola|Alomomola, M|100/100 tox
|move|p2a: Barraskewda|Close Combat|p1a: Alomomola
|-damage|p1a: Alomomola|65/100 tox
|-unboost|p2a: Barraskewda|def|1
|-unboost|p2a: Barraskewda|spd|1
|
|-weather|RainDance|[upkeep]
|-damage|p1a: Alomomola|59/100 tox|[from] psn
|upkeep
|turn|12
|inactive|bellumacademy has 120 seconds left.
|inactive|bellumacademy has 90 seconds left.
|inactive|bellumacademy has 60 seconds left.
|
|t:|1760325815
|move|p2a: Barraskewda|Close Combat|p1a: Alomomola
|-damage|p1a: Alomomola|22/100 tox
|-unboost|p2a: Barraskewda|def|1
|-unboost|p2a: Barraskewda|spd|1
|move|p1a: Alomomola|Flip Turn|p2a: Barraskewda
|-resisted|p2a: Barraskewda
|-damage|p2a: Barraskewda|44/100
|
|t:|1760325824
|switch|p1a: Enamorus|Enamorus, F|100/100|[from] Flip Turn
|
|-weather|RainDance|[upkeep]
|upkeep
|turn|13
|
|t:|1760325833
|switch|p2a: Hatterene|Hatterene, F|67/100
|-damage|p2a: Hatterene|55/100|[from] Spikes
|move|p1a: Enamorus|Moonblast|p2a: Hatterene
|-damage|p2a: Hatterene|0 fnt
|faint|p2a: Hatterene
|
|-weather|RainDance|[upkeep]
|upkeep
|
|t:|1760325841
|switch|p2a: Zapdos|Zapdos|100/100
|turn|14
|
|t:|1760325849
|switch|p1a: Iron Treads|Iron Treads|97/100
|move|p2a: Zapdos|Hurricane|p1a: Iron Treads
|-resisted|p1a: Iron Treads
|-damage|p1a: Iron Treads|40/100
|-start|p1a: Iron Treads|confusion
|
|-weather|RainDance|[upkeep]
|upkeep
|turn|15
|
|t:|1760325854
|-activate|p1a: Iron Treads|confusion
|move|p1a: Iron Treads|Ice Spinner|p2a: Zapdos
|-supereffective|p2a: Zapdos
|-crit|p2a: Zapdos
|-damage|p2a: Zapdos|9/100
|-status|p1a: Iron Treads|par|[from] ability: Static|[of] p2a: Zapdos
|move|p2a: Zapdos|Hurricane|p1a: Iron Treads
|-resisted|p1a: Iron Treads
|-damage|p1a: Iron Treads|0 fnt
|faint|p1a: Iron Treads
|-end|p1a: Iron Treads|Quark Drive|[silent]
|
|-weather|RainDance|[upkeep]
|upkeep
|
|t:|1760325863
|switch|p1a: Raikou|Raikou|81/100
|-ability|p1a: Raikou|Pressure
|turn|16
|
|t:|1760325867
|switch|p2a: Toxicroak|Toxicroak, F|100/100
|-damage|p2a: Toxicroak|88/100|[from] Spikes
|move|p1a: Raikou|Volt Switch|p2a: Toxicroak
|-damage|p2a: Toxicroak|29/100
|-damage|p1a: Raikou|71/100|[from] item: Life Orb
|
|t:|1760325875
|switch|p1a: Enamorus|Enamorus, F|100/100|[from] Volt Switch
|
|-weather|none
|upkeep
|turn|17
|
|t:|1760325882
|switch|p2a: Pelipper|Pelipper, F|71/100
|-weather|RainDance|[from] ability: Drizzle|[of] p2a: Pelipper
|move|p1a: Enamorus|Moonblast|p2a: Pelipper
|-damage|p2a: Pelipper|19/100
|
|-weather|RainDance|[upkeep]
|upkeep
|turn|18
|inactive|bellumacademy has 90 seconds left.
|
|t:|1760325889
|move|p1a: Enamorus|Moonblast|p2a: Pelipper
|-damage|p2a: Pelipper|0 fnt
|faint|p2a: Pelipper
|
|-weather|RainDance|[upkeep]
|upkeep
|inactive|bellumacademy has 90 seconds left.
|
|t:|1760325894
|switch|p2a: Barraskewda|Barraskewda, F, tera:Water|44/100
|-damage|p2a: Barraskewda|32/100|[from] Spikes
|turn|19
|
|t:|1760325899
|switch|p1a: Alomomola|Alomomola, M|56/100 tox
|move|p2a: Barraskewda|Liquidation|p1a: Alomomola
|-resisted|p1a: Alomomola
|-damage|p1a: Alomomola|17/100 tox
|
|-weather|RainDance|[upkeep]
|-damage|p1a: Alomomola|10/100 tox|[from] psn
|upkeep
|turn|20
|
|t:|1760325909
|switch|p2a: Toxicroak|Toxicroak, F|29/100
|-damage|p2a: Toxicroak|16/100|[from] Spikes
|switch|p1a: Ogerpon|Ogerpon-Wellspring, F|84/100
|
|-weather|RainDance|[upkeep]
|-heal|p2a: Toxicroak|29/100|[from] ability: Dry Skin
|upkeep
|turn|21
|
|t:|1760325920
|move|p1a: Ogerpon|U-turn|p2a: Toxicroak
|-resisted|p2a: Toxicroak
|-damage|p2a: Toxicroak|23/100
|-damage|p1a: Ogerpon|67/100|[from] item: Rocky Helmet|[of] p2a: Toxicroak
|
|t:|1760325923
|switch|p1a: Alomomola|Alomomola, M|44/100 tox|[from] U-turn
|move|p2a: Toxicroak|Toxic|p1a: Alomomola
|-fail|p1a: Alomomola|tox
|
|-weather|none
|-damage|p1a: Alomomola|38/100 tox|[from] psn
|upkeep
|turn|22
|
|t:|1760325926
|move|p2a: Toxicroak|Drain Punch|p1a: Alomomola
|-damage|p1a: Alomomola|24/100 tox
|-heal|p2a: Toxicroak|33/100|[from] drain|[of] p1a: Alomomola
|move|p1a: Alomomola|Wish|p1a: Alomomola
|
|-damage|p1a: Alomomola|12/100 tox|[from] psn
|upkeep
|turn|23
|
|t:|1760325932
|switch|p1a: Enamorus|Enamorus, F|100/100
|move|p2a: Toxicroak|Drain Punch|p1a: Enamorus
|-resisted|p1a: Enamorus
|-damage|p1a: Enamorus|90/100
|-heal|p2a: Toxicroak|37/100|[from] drain|[of] p1a: Enamorus
|
|-heal|p1a: Enamorus|100/100|[from] move: Wish|[wisher] Alomomola
|upkeep
|turn|24
|
|t:|1760325939
|move|p1a: Enamorus|Moonblast|p2a: Toxicroak
|-damage|p2a: Toxicroak|0 fnt
|faint|p2a: Toxicroak
|
|upkeep
|
|t:|1760325942
|switch|p2a: Barraskewda|Barraskewda, F, tera:Water|32/100
|-damage|p2a: Barraskewda|20/100|[from] Spikes
|turn|25
|
|t:|1760325946
|move|p1a: Enamorus|Moonblast|p2a: Barraskewda
|-damage|p2a: Barraskewda|0 fnt
|faint|p2a: Barraskewda
|
|upkeep
|-message|bellumacademy forfeited.
|
|win|Palasucks
|raw|Palasucks's rating: 1396 &rarr; <strong>1416</strong><br />(+20 for winning)
|raw|bellumacademy's rating: 1393 &rarr; <strong>1373</strong><br />(-20 for losing)
|l|☆bellumacademy
|player|p2|
|l|☆Palasucks
|player|p1|
