|j|☆NonFlushableToken
|j|☆CorvusSumten
|t:|1760431564
|gametype|singles
|player|p1|NonFlushableToken|169|1067
|player|p2|CorvusSumten|ingo|1096
|gen|9
|tier|[Gen 9] OU
|rated|
|rule|HP Percentage Mod: HP is shown in percentages
|rule|Endless Battle Clause: Forcing endless battles is banned
|rule|Species Clause: Limit one of each Pokémon
|rule|OHKO Clause: OHKO moves are banned
|rule|Evasion Items Clause: Evasion items are banned
|rule|Evasion Moves Clause: Evasion moves are banned
|rule|Evasion Abilities Clause: Evasion abilities are banned
|rule|Sleep Moves Clause: Sleep-inducing moves are banned
|clearpoke
|poke|p1|Great Tusk|
|poke|p1|Pecharunt|
|poke|p1|Samurott-Hisui, F|
|poke|p1|Garganacl, F|
|poke|p1|Lokix, F|
|poke|p1|Hydrapple, M|
|poke|p2|Iron Valiant|
|poke|p2|Ninetales-Alola, F|
|poke|p2|Garchomp, M|
|poke|p2|Maushold-Four|
|poke|p2|Wooper-Paldea, M|
|poke|p2|Dragapult, F|
|teampreview
|
|t:|1760431571
|teamsize|p1|6
|teamsize|p2|6
|start
|switch|p1a: Lokix|Lokix, F|100/100
|switch|p2a: Ninetales|Ninetales-Alola, F, shiny|100/100
|-weather|Snowscape|[from] ability: Snow Warning|[of] p2a: Ninetales
|turn|1
|
|t:|1760431588
|switch|p1a: Pecharunt|Pecharunt|100/100
|move|p2a: Ninetales|Aurora Veil|p2a: Ninetales
|-sidestart|p2: CorvusSumten|move: Aurora Veil
|
|-weather|Snowscape|[upkeep]
|upkeep
|turn|2
|
|t:|1760431596
|move|p1a: Pecharunt|Parting Shot|p2a: Ninetales
|-unboost|p2a: Ninetales|atk|1
|-unboost|p2a: Ninetales|spa|1
|inactive|Battle timer is ON: inactive players will automatically lose when time's up. (requested by NonFlushableToken)
|
|t:|1760431599
|switch|p1a: Lokix|Lokix, F|100/100|[from] Parting Shot
|move|p2a: Ninetales|Nasty Plot|p2a: Ninetales
|-boost|p2a: Ninetales|spa|2
|
|-weather|Snowscape|[upkeep]
|upkeep
|turn|3
|
|t:|1760431625
|move|p1a: Lokix|First Impression|p2a: Ninetales
|-resisted|p2a: Ninetales
|-damage|p2a: Ninetales|74/100
|move|p2a: Ninetales|Blizzard|p1a: Lokix
|-crit|p1a: Lokix
|-damage|p1a: Lokix|0 fnt
|faint|p1a: Lokix
|
|-weather|Snowscape|[upkeep]
|upkeep
|
|t:|1760431631
|switch|p1a: Samurott|Samurott-Hisui, F|100/100
|turn|4
|
|t:|1760431644
|move|p1a: Samurott|Ceaseless Edge|p2a: Ninetales
|-resisted|p2a: Ninetales
|-damage|p2a: Ninetales|65/100
|-sidestart|p2: CorvusSumten|Spikes
|move|p2a: Ninetales|Blizzard|p1a: Samurott
|-resisted|p1a: Samurott
|-damage|p1a: Samurott|58/100
|
|-weather|Snowscape|[upkeep]
|upkeep
|turn|5
|
|t:|1760431656
|move|p1a: Samurott|Knock Off|p2a: Ninetales
|-resisted|p2a: Ninetales
|-damage|p2a: Ninetales|55/100
|-enditem|p2a: Ninetales|Icy Rock|[from] move: Knock Off|[of] p1a: Samurott
|move|p2a: Ninetales|Moonblast|p1a: Samurott
|-supereffective|p1a: Samurott
|-damage|p1a: Samurott|0 fnt
|faint|p1a: Samurott
|
|-weather|Snowscape|[upkeep]
|-sideend|p2: CorvusSumten|move: Aurora Veil
|upkeep
|
|t:|1760431666
|switch|p1a: Garganacl|Garganacl, F|100/100
|turn|6
|
|t:|1760431673
|move|p2a: Ninetales|Nasty Plot|p2a: Ninetales
|-boost|p2a: Ninetales|spa|2
|move|p1a: Garganacl|Salt Cure|p2a: Ninetales
|-supereffective|p2a: Ninetales
|-damage|p2a: Ninetales|34/100
|-start|p2a: Ninetales|Salt Cure
|
|-weather|Snowscape|[upkeep]
|-damage|p2a: Ninetales|22/100|[from] Salt Cure
|upkeep
|turn|7
|
|t:|1760431686
|-terastallize|p1a: Garganacl|Water
|move|p2a: Ninetales|Moonblast|p1a: Garganacl
|-damage|p1a: Garganacl|37/100
|move|p1a: Garganacl|Stealth Rock|p2a: Ninetales
|-sidestart|p2: CorvusSumten|move: Stealth Rock
|
|-weather|Snowscape|[upkeep]
|-damage|p2a: Ninetales|10/100|[from] Salt Cure
|upkeep
|turn|8
|
|t:|1760431702
|move|p2a: Ninetales|Blizzard|p1a: Garganacl
|-resisted|p1a: Garganacl
|-damage|p1a: Garganacl|4/100
|move|p1a: Garganacl|Recover|p1a: Garganacl
|-heal|p1a: Garganacl|54/100
|
|-weather|none
|-damage|p2a: Ninetales|0 fnt|[from] Salt Cure
|faint|p2a: Ninetales
|upkeep
|
|t:|1760431717
|switch|p2a: Iron Valiant|Iron Valiant, shiny|100/100
|-damage|p2a: Iron Valiant|88/100|[from] Spikes
|-damage|p2a: Iron Valiant|82/100|[from] Stealth Rock
|-enditem|p2a: Iron Valiant|Booster Energy
|-activate|p2a: Iron Valiant|ability: Quark Drive|[fromitem]
|-start|p2a: Iron Valiant|quarkdrivespe
|turn|9
|
|t:|1760431734
|switch|p1a: Hydrapple|Hydrapple, M|100/100
|move|p2a: Iron Valiant|Spirit Break|p1a: Hydrapple
|-supereffective|p1a: Hydrapple
|-damage|p1a: Hydrapple|57/100
|-unboost|p1a: Hydrapple|spa|1
|
|upkeep
|turn|10
|
|t:|1760431743
|switch|p1a: Pecharunt|Pecharunt|100/100
|move|p2a: Iron Valiant|Knock Off|p1a: Pecharunt
|-supereffective|p1a: Pecharunt
|-damage|p1a: Pecharunt|63/100
|-enditem|p1a: Pecharunt|Heavy-Duty Boots|[from] move: Knock Off|[of] p2a: Iron Valiant
|
|upkeep
|turn|11
|
|t:|1760431757
|move|p2a: Iron Valiant|Spirit Break|p1a: Pecharunt
|-resisted|p1a: Pecharunt
|-crit|p1a: Pecharunt
|-damage|p1a: Pecharunt|45/100
|-unboost|p1a: Pecharunt|spa|1
|move|p1a: Pecharunt|Parting Shot|p2a: Iron Valiant
|-unboost|p2a: Iron Valiant|atk|1
|-unboost|p2a: Iron Valiant|spa|1
|
|t:|1760431766
|switch|p1a: Garganacl|Garganacl, F, tera:Water|54/100|[from] Parting Shot
|
|upkeep
|turn|12
|
|t:|1760431777
|move|p2a: Iron Valiant|Close Combat|p1a: Garganacl
|-damage|p1a: Garganacl|26/100
|-unboost|p2a: Iron Valiant|def|1
|-unboost|p2a: Iron Valiant|spd|1
|move|p1a: Garganacl|Recover|p1a: Garganacl
|-heal|p1a: Garganacl|76/100
|
|upkeep
|turn|13
|
|t:|1760431789
|-end|p2a: Iron Valiant|Quark Drive|[silent]
|switch|p2a: Garchomp|Garchomp, M, shiny|100/100
|-damage|p2a: Garchomp|88/100|[from] Spikes
|-damage|p2a: Garchomp|82/100|[from] Stealth Rock
|move|p1a: Garganacl|Recover|p1a: Garganacl
|-heal|p1a: Garganacl|100/100
|
|upkeep
|turn|14
|
|t:|1760431799
|move|p2a: Garchomp|Substitute|p2a: Garchomp
|-start|p2a: Garchomp|Substitute
|-damage|p2a: Garchomp|57/100
|move|p1a: Garganacl|Salt Cure|p2a: Garchomp
|-resisted|p2a: Garchomp
|-activate|p2a: Garchomp|move: Substitute|[damage]
|
|upkeep
|turn|15
|
|t:|1760431812
|switch|p1a: Great Tusk|Great Tusk|100/100
|move|p2a: Garchomp|Swords Dance|p2a: Garchomp
|-boost|p2a: Garchomp|atk|2
|
|upkeep
|turn|16
|
|t:|1760431819
|move|p2a: Garchomp|Swords Dance|p2a: Garchomp
|-boost|p2a: Garchomp|atk|2
|move|p1a: Great Tusk|Roar|p2a: Garchomp
|drag|p2a: Wooper|Wooper-Paldea, M|100/100
|-damage|p2a: Wooper|94/100|[from] Stealth Rock
|-item|p2a: Wooper|Air Balloon
|
|upkeep
|turn|17
|
|t:|1760431838
|move|p1a: Great Tusk|Ice Spinner|p2a: Wooper
|-supereffective|p2a: Wooper
|-damage|p2a: Wooper|33/100
|-enditem|p2a: Wooper|Air Balloon
|move|p2a: Wooper|Toxic|p1a: Great Tusk
|-status|p1a: Great Tusk|tox
|
|-damage|p1a: Great Tusk|94/100 tox|[from] psn
|upkeep
|turn|18
|
|t:|1760431849
|-end|p1a: Great Tusk|Protosynthesis|[silent]
|switch|p1a: Pecharunt|Pecharunt|45/100
|move|p2a: Wooper|Spikes|p1a: Pecharunt
|-sidestart|p1: NonFlushableToken|Spikes
|
|upkeep
|turn|19
|
|t:|1760431865
|switch|p2a: Iron Valiant|Iron Valiant, shiny|82/100
|-damage|p2a: Iron Valiant|69/100|[from] Spikes
|-damage|p2a: Iron Valiant|63/100|[from] Stealth Rock
|move|p1a: Pecharunt|Recover|p1a: Pecharunt
|-heal|p1a: Pecharunt|95/100
|
|upkeep
|turn|20
|
|t:|1760431882
|move|p2a: Iron Valiant|Close Combat|p1a: Pecharunt
|-immune|p1a: Pecharunt
|move|p1a: Pecharunt|Malignant Chain|p2a: Iron Valiant
|-supereffective|p2a: Iron Valiant
|-damage|p2a: Iron Valiant|0 fnt
|faint|p2a: Iron Valiant
|-end|p2a: Iron Valiant|Quark Drive|[silent]
|
|upkeep
|inactive|CorvusSumten has 120 seconds left.
|
|t:|1760431898
|switch|p2a: Maushold|Maushold-Four|100/100
|-damage|p2a: Maushold|88/100|[from] Spikes
|-damage|p2a: Maushold|76/100|[from] Stealth Rock
|turn|21
|inactive|CorvusSumten has 120 seconds left.
|
|t:|1760431904
|move|p2a: Maushold|Tidy Up|p2a: Maushold
|-sideend|p2: CorvusSumten|Spikes
|-sideend|p2: CorvusSumten|Stealth Rock
|-sideend|p1: NonFlushableToken|Spikes
|-activate|p2a: Maushold|move: Tidy Up
|-boost|p2a: Maushold|atk|1
|-boost|p2a: Maushold|spe|1
|move|p1a: Pecharunt|Malignant Chain|p2a: Maushold
|-damage|p2a: Maushold|29/100
|
|upkeep
|turn|22
|inactive|CorvusSumten has 120 seconds left.
|
|t:|1760431915
|move|p2a: Maushold|Population Bomb|p1a: Pecharunt
|-immune|p1a: Pecharunt
|move|p1a: Pecharunt|Parting Shot|p2a: Maushold
|-unboost|p2a: Maushold|atk|1
|-unboost|p2a: Maushold|spa|1
|
|t:|1760431918
|switch|p1a: Garganacl|Garganacl, F, tera:Water|100/100|[from] Parting Shot
|
|upkeep
|turn|23
|inactive|CorvusSumten has 120 seconds left.
|
|t:|1760431934
|move|p2a: Maushold|Population Bomb|p1a: Garganacl
|-damage|p1a: Garganacl|94/100
|-damage|p1a: Garganacl|86/100
|-damage|p1a: Garganacl|78/100
|-damage|p1a: Garganacl|71/100
|-damage|p1a: Garganacl|63/100
|-damage|p1a: Garganacl|55/100
|-damage|p1a: Garganacl|48/100
|-damage|p1a: Garganacl|40/100
|-damage|p1a: Garganacl|32/100
|-hitcount|p1a: Garganacl|9
|move|p1a: Garganacl|Salt Cure|p2a: Maushold
|-damage|p2a: Maushold|6/100
|-start|p2a: Maushold|Salt Cure
|
|-damage|p2a: Maushold|0 fnt|[from] Salt Cure
|faint|p2a: Maushold
|upkeep
|inactive|CorvusSumten has 120 seconds left.
|
|t:|1760431955
|switch|p2a: Dragapult|Dragapult, F|100/100
|turn|24
|
|t:|1760431977
|switch|p1a: Pecharunt|Pecharunt|95/100
|-terastallize|p2a: Dragapult|Dragon
|move|p2a: Dragapult|Dragon Darts|p1a: Pecharunt
|-damage|p1a: Pecharunt|73/100
|-anim|p2a: Dragapult|Dragon Darts|p1a: Pecharunt
|-damage|p1a: Pecharunt|51/100
|
|upkeep
|turn|25
|
|t:|1760431989
|move|p2a: Dragapult|Quick Attack|p1a: Pecharunt
|-immune|p1a: Pecharunt
|move|p1a: Pecharunt|Foul Play|p2a: Dragapult
|-damage|p2a: Dragapult|45/100
|
|upkeep
|turn|26
|
|t:|1760432001
|move|p2a: Dragapult|Draco Meteor|p1a: Pecharunt
|-damage|p1a: Pecharunt|0 fnt
|-unboost|p2a: Dragapult|spa|2
|faint|p1a: Pecharunt
|
|upkeep
|
|t:|1760432006
|switch|p1a: Garganacl|Garganacl, F, tera:Water|32/100
|turn|27
|inactive|CorvusSumten has 120 seconds left.
|
|t:|1760432027
|move|p2a: Dragapult|Dragon Darts|p1a: Garganacl
|-damage|p1a: Garganacl|7/100
|-anim|p2a: Dragapult|Dragon Darts|p1a: Garganacl
|-crit|p1a: Garganacl
|-damage|p1a: Garganacl|0 fnt
|faint|p1a: Garganacl
|
|upkeep
|
|t:|1760432035
|switch|p1a: Great Tusk|Great Tusk|94/100 tox
|turn|28
|
|t:|1760432044
|switch|p2a: Wooper|Wooper-Paldea, M|33/100
|move|p1a: Great Tusk|Ice Spinner|p2a: Wooper
|-supereffective|p2a: Wooper
|-damage|p2a: Wooper|0 fnt
|faint|p2a: Wooper
|
|-damage|p1a: Great Tusk|88/100 tox|[from] psn
|upkeep
|
|t:|1760432055
|switch|p2a: Dragapult|Dragapult, F, tera:Dragon|45/100
|turn|29
|
|t:|1760432070
|move|p2a: Dragapult|Dragon Dance|p2a: Dragapult
|-boost|p2a: Dragapult|atk|1
|-boost|p2a: Dragapult|spe|1
|move|p1a: Great Tusk|Ice Spinner|p2a: Dragapult
|-supereffective|p2a: Dragapult
|-damage|p2a: Dragapult|0 fnt
|faint|p2a: Dragapult
|
|-damage|p1a: Great Tusk|76/100 tox|[from] psn
|upkeep
|
|t:|1760432085
|switch|p2a: Garchomp|Garchomp, M, shiny|57/100
|turn|30
|
|t:|1760432093
|move|p1a: Great Tusk|Ice Spinner|p2a: Garchomp
|-supereffective|p2a: Garchomp
|-damage|p2a: Garchomp|0 fnt
|-damage|p1a: Great Tusk|64/100 tox|[from] ability: Rough Skin|[of] p2a: Garchomp
|faint|p2a: Garchomp
|
|win|NonFlushableToken
|raw|NonFlushableToken's rating: 1067 &rarr; <strong>1099</strong><br />(+32 for winning)
|raw|CorvusSumten's rating: 1096 &rarr; <strong>1070</strong><br />(-26 for losing)
|l|☆NonFlushableToken
|player|p1|
|l|☆CorvusSumten
|player|p2|
