|j|☆carlthebirder
|j|☆spoons_R_bent
|t:|1760430943
|gametype|singles
|player|p1|carlthebirder|swimmer-gen4dp|1089
|player|p2|spoons_R_bent|clerkf|1136
|gen|9
|tier|[Gen 9] OU
|rated|
|rule|HP Percentage Mod: HP is shown in percentages
|rule|Endless Battle Clause: Forcing endless battles is banned
|rule|Species Clause: Limit one of each Pokémon
|rule|OHKO Clause: OHKO moves are banned
|rule|Evasion Items Clause: Evasion items are banned
|rule|Evasion Moves Clause: Evasion moves are banned
|rule|Evasion Abilities Clause: Evasion abilities are banned
|rule|Sleep Moves Clause: Sleep-inducing moves are banned
|clearpoke
|poke|p1|Araquanid, F|
|poke|p1|Zoroark-Hisui, F|
|poke|p1|Electivire, F|
|poke|p1|Excadrill, F|
|poke|p1|Lokix, M|
|poke|p1|Slowking, F|
|poke|p2|Ninetales, M|
|poke|p2|Rillaboom, F|
|poke|p2|Leavanny, F|
|poke|p2|Lilligant-Hisui, F|
|poke|p2|Cinderace, M|
|poke|p2|Skeledirge, F|
|teampreview
|l|☆spoons_R_bent
|player|p2|
|inactive|Battle timer is ON: inactive players will automatically lose when time's up. (requested by carlthebirder)
|j|☆spoons_R_bent
|inactive|spoons_R_bent reconnected and has 130 seconds left.
|player|p2|spoons_R_bent|clerkf|
|
|t:|1760430990
|teamsize|p1|6
|teamsize|p2|6
|start
|switch|p1a: Araquanid|Araquanid, F|100/100
|switch|p2a: Ninetales|Ninetales, M|100/100
|-weather|SunnyDay|[from] ability: Drought|[of] p2a: Ninetales
|turn|1
|
|t:|1760431000
|move|p2a: Ninetales|Will-O-Wisp|p1a: Araquanid
|-immune|p1a: Araquanid|[from] ability: Water Bubble
|move|p1a: Araquanid|Sticky Web|p2a: Ninetales
|-sidestart|p2: spoons_R_bent|move: Sticky Web
|
|-weather|SunnyDay|[upkeep]
|upkeep
|turn|2
|
|t:|1760431008
|move|p2a: Ninetales|Encore|p1a: Araquanid
|-start|p1a: Araquanid|Encore
|move|p1a: Araquanid|Sticky Web||[still]
|-fail|p1a: Araquanid
|
|-weather|SunnyDay|[upkeep]
|upkeep
|turn|3
|
|t:|1760431015
|switch|p2a: Cinderace|Cinderace, M|100/100
|-activate|p2a: Cinderace|move: Sticky Web
|-unboost|p2a: Cinderace|spe|1
|move|p1a: Araquanid|Sticky Web||[still]
|-fail|p1a: Araquanid
|
|-weather|SunnyDay|[upkeep]
|upkeep
|turn|4
|
|t:|1760431025
|move|p2a: Cinderace|Pyro Ball|p1a: Araquanid
|-damage|p1a: Araquanid|29/100
|move|p1a: Araquanid|Sticky Web||[still]
|-fail|p1a: Araquanid
|
|-weather|SunnyDay|[upkeep]
|-heal|p1a: Araquanid|35/100|[from] item: Leftovers
|-end|p1a: Araquanid|Encore
|upkeep
|turn|5
|
|t:|1760431037
|switch|p2a: Lilligant|Lilligant-Hisui, F|100/100
|-activate|p2a: Lilligant|move: Sticky Web
|-unboost|p2a: Lilligant|spe|1
|switch|p1a: Slowking|Slowking, F|100/100
|
|-weather|SunnyDay|[upkeep]
|upkeep
|turn|6
|
|t:|1760431065
|switch|p1a: Araquanid|Araquanid, F|35/100
|-terastallize|p2a: Lilligant|Grass
|move|p2a: Lilligant|Victory Dance|p2a: Lilligant
|-boost|p2a: Lilligant|atk|1
|-boost|p2a: Lilligant|def|1
|-boost|p2a: Lilligant|spe|1
|
|-weather|SunnyDay|[upkeep]
|-heal|p1a: Araquanid|41/100|[from] item: Leftovers
|upkeep
|turn|7
|
|t:|1760431077
|move|p2a: Lilligant|Victory Dance|p2a: Lilligant
|-boost|p2a: Lilligant|atk|1
|-boost|p2a: Lilligant|def|1
|-boost|p2a: Lilligant|spe|1
|move|p1a: Araquanid|Lunge|p2a: Lilligant
|-supereffective|p2a: Lilligant
|-damage|p2a: Lilligant|66/100
|-unboost|p2a: Lilligant|atk|1
|
|-weather|SunnyDay|[upkeep]
|-heal|p1a: Araquanid|47/100|[from] item: Leftovers
|upkeep
|turn|8
|
|t:|1760431097
|move|p2a: Lilligant|Victory Dance|p2a: Lilligant
|-boost|p2a: Lilligant|atk|1
|-boost|p2a: Lilligant|def|1
|-boost|p2a: Lilligant|spe|1
|move|p1a: Araquanid|Lunge|p2a: Lilligant
|-supereffective|p2a: Lilligant
|-damage|p2a: Lilligant|37/100
|-unboost|p2a: Lilligant|atk|1
|
|-weather|none
|-heal|p1a: Araquanid|53/100|[from] item: Leftovers
|upkeep
|turn|9
|
|t:|1760431110
|move|p2a: Lilligant|Victory Dance|p2a: Lilligant
|-boost|p2a: Lilligant|atk|1
|-boost|p2a: Lilligant|def|1
|-boost|p2a: Lilligant|spe|1
|move|p1a: Araquanid|Lunge|p2a: Lilligant
|-supereffective|p2a: Lilligant
|-damage|p2a: Lilligant|15/100
|-unboost|p2a: Lilligant|atk|1
|
|-heal|p1a: Araquanid|59/100|[from] item: Leftovers
|upkeep
|turn|10
|inactive|carlthebirder has 120 seconds left.
|inactive|carlthebirder has 90 seconds left.
|
|t:|1760431189
|move|p2a: Lilligant|Synthesis|p2a: Lilligant
|-heal|p2a: Lilligant|65/100
|move|p1a: Araquanid|Lunge|p2a: Lilligant
|-supereffective|p2a: Lilligant
|-crit|p2a: Lilligant
|-damage|p2a: Lilligant|0 fnt
|faint|p2a: Lilligant
|
|-heal|p1a: Araquanid|66/100|[from] item: Leftovers
|upkeep
|
|t:|1760431200
|switch|p2a: Ninetales|Ninetales, M|100/100
|-activate|p2a: Ninetales|move: Sticky Web
|-unboost|p2a: Ninetales|spe|1
|-weather|SunnyDay|[from] ability: Drought|[of] p2a: Ninetales
|turn|11
|
|t:|1760431210
|switch|p2a: Leavanny|Leavanny, F|100/100
|-activate|p2a: Leavanny|move: Sticky Web
|-unboost|p2a: Leavanny|spe|1
|-enditem|p2a: Leavanny|Eject Pack
|
|t:|1760431220
|switch|p2a: Rillaboom|Rillaboom, F|100/100
|-activate|p2a: Rillaboom|move: Sticky Web
|-unboost|p2a: Rillaboom|spe|1
|-fieldstart|move: Grassy Terrain|[from] ability: Grassy Surge|[of] p2a: Rillaboom
|move|p1a: Araquanid|Liquidation|p2a: Rillaboom
|-resisted|p2a: Rillaboom
|-crit|p2a: Rillaboom
|-damage|p2a: Rillaboom|80/100
|
|-weather|SunnyDay|[upkeep]
|-heal|p2a: Rillaboom|86/100|[from] Grassy Terrain
|-heal|p1a: Araquanid|72/100|[from] Grassy Terrain
|-heal|p1a: Araquanid|78/100|[from] item: Leftovers
|upkeep
|turn|12
|
|t:|1760431236
|move|p2a: Rillaboom|Wood Hammer|p1a: Araquanid
|-damage|p1a: Araquanid|0 fnt
|faint|p1a: Araquanid
|-damage|p2a: Rillaboom|65/100|[from] Recoil
|
|-weather|SunnyDay|[upkeep]
|-heal|p2a: Rillaboom|71/100|[from] Grassy Terrain
|upkeep
|
|t:|1760431244
|switch|p1a: Lokix|Lokix, M|100/100
|turn|13
|
|t:|1760431255
|switch|p2a: Skeledirge|Skeledirge, F|100/100
|-activate|p2a: Skeledirge|move: Sticky Web
|-unboost|p2a: Skeledirge|spe|1
|move|p1a: Lokix|First Impression|p2a: Skeledirge
|-resisted|p2a: Skeledirge
|-damage|p2a: Skeledirge|79/100
|-damage|p1a: Lokix|91/100|[from] item: Life Orb
|
|-weather|SunnyDay|[upkeep]
|-heal|p1a: Lokix|97/100|[from] Grassy Terrain
|-heal|p2a: Skeledirge|85/100|[from] Grassy Terrain
|upkeep
|turn|14
|
|t:|1760431268
|move|p1a: Lokix|Knock Off|p2a: Skeledirge
|-supereffective|p2a: Skeledirge
|-damage|p2a: Skeledirge|4/100
|-enditem|p2a: Skeledirge|Sitrus Berry|[from] move: Knock Off|[of] p1a: Lokix
|-damage|p1a: Lokix|87/100|[from] item: Life Orb
|move|p2a: Skeledirge|Torch Song|p1a: Lokix
|-supereffective|p1a: Lokix
|-damage|p1a: Lokix|0 fnt
|-boost|p2a: Skeledirge|spa|1
|faint|p1a: Lokix
|
|-weather|SunnyDay|[upkeep]
|-heal|p2a: Skeledirge|10/100|[from] Grassy Terrain
|upkeep
|
|t:|1760431278
|switch|p1a: digger dave|Excadrill, F|100/100
|-ability|p1a: digger dave|Mold Breaker
|turn|15
|
|t:|1760431289
|switch|p2a: Rillaboom|Rillaboom, F|71/100
|-activate|p2a: Rillaboom|move: Sticky Web
|-unboost|p2a: Rillaboom|spe|1
|move|p1a: digger dave|Earthquake|p2a: Rillaboom
|-resisted|p2a: Rillaboom
|-damage|p2a: Rillaboom|60/100
|
|-weather|SunnyDay|[upkeep]
|-heal|p2a: Rillaboom|66/100|[from] Grassy Terrain
|upkeep
|turn|16
|
|t:|1760431301
|switch|p1a: Slowking|Slowking, F|100/100
|move|p2a: Rillaboom|Wood Hammer|p1a: Slowking
|-supereffective|p1a: Slowking
|-damage|p1a: Slowking|0 fnt
|faint|p1a: Slowking
|-damage|p2a: Rillaboom|35/100|[from] Recoil
|
|-weather|SunnyDay|[upkeep]
|-heal|p2a: Rillaboom|42/100|[from] Grassy Terrain
|upkeep
|
|t:|1760431309
|switch|p1a: digger dave|Excadrill, F|100/100
|turn|17
|
|t:|1760431315
|move|p2a: Rillaboom|Grassy Glide|p1a: digger dave
|-damage|p1a: digger dave|28/100
|replace|p1a: Zoroark|Zoroark-Hisui, F
|-end|p1a: Zoroark|Illusion
|move|p1a: Zoroark|Bitter Malice|p2a: Rillaboom
|-damage|p2a: Rillaboom|0 fnt
|faint|p2a: Rillaboom
|
|-weather|SunnyDay|[upkeep]
|-heal|p1a: Zoroark|34/100|[from] Grassy Terrain
|upkeep
|
|t:|1760431330
|switch|p2a: Cinderace|Cinderace, M|100/100
|-activate|p2a: Cinderace|move: Sticky Web
|-unboost|p2a: Cinderace|spe|1
|turn|18
|
|t:|1760431338
|move|p1a: Zoroark|Bitter Malice|p2a: Cinderace
|-damage|p2a: Cinderace|13/100
|-unboost|p2a: Cinderace|atk|1
|move|p2a: Cinderace|Court Change|p2a: Cinderace
|-start|p2a: Cinderace|typechange|Normal|[from] ability: Libero
|-swapsideconditions
|-activate|p2a: Cinderace|move: Court Change
|
|-weather|none
|-heal|p1a: Zoroark|40/100|[from] Grassy Terrain
|-heal|p2a: Cinderace|19/100|[from] Grassy Terrain
|-fieldend|move: Grassy Terrain
|upkeep
|turn|19
|
|t:|1760431359
|move|p1a: Zoroark|Bitter Malice|p2a: Cinderace
|-immune|p2a: Cinderace
|move|p2a: Cinderace|Court Change|p2a: Cinderace
|-swapsideconditions
|-activate|p2a: Cinderace|move: Court Change
|
|upkeep
|turn|20
|
|t:|1760431367
|move|p1a: Zoroark|Bitter Malice|p2a: Cinderace
|-immune|p2a: Cinderace
|move|p2a: Cinderace|Court Change|p2a: Cinderace
|-swapsideconditions
|-activate|p2a: Cinderace|move: Court Change
|
|upkeep
|turn|21
|
|t:|1760431379
|switch|p1a: digger dave|Excadrill, F|100/100
|-ability|p1a: digger dave|Mold Breaker
|switch|p2a: Ninetales|Ninetales, M|100/100
|-weather|SunnyDay|[from] ability: Drought|[of] p2a: Ninetales
|
|-weather|SunnyDay|[upkeep]
|upkeep
|turn|22
|
|t:|1760431395
|move|p2a: Ninetales|Healing Wish|p2a: Ninetales
|faint|p2a: Ninetales
|move|p1a: digger dave|Earthquake|p2: Ninetales|[notarget]
|-fail|p1a: digger dave
|
|-weather|SunnyDay|[upkeep]
|upkeep
|
|t:|1760431402
|switch|p2a: Cinderace|Cinderace, M|19/100
|-heal|p2a: Cinderace|100/100|[from] move: Healing Wish
|turn|23
|
|t:|1760431408
|switch|p1a: digger dave|Excadrill, F|40/100
|-activate|p1a: digger dave|move: Sticky Web
|-unboost|p1a: digger dave|spe|1
|move|p2a: Cinderace|Pyro Ball|p1a: digger dave
|-damage|p1a: digger dave|0 fnt
|replace|p1a: Zoroark|Zoroark-Hisui, F
|-end|p1a: Zoroark|Illusion
|faint|p1a: Zoroark
|
|-weather|SunnyDay|[upkeep]
|upkeep
|
|t:|1760431415
|switch|p1a: Electivire|Electivire, F|100/100
|-activate|p1a: Electivire|move: Sticky Web
|-unboost|p1a: Electivire|spe|1
|turn|24
|
|t:|1760431425
|move|p2a: Cinderace|Pyro Ball|p1a: Electivire
|-damage|p1a: Electivire|0 fnt
|faint|p1a: Electivire
|
|-weather|SunnyDay|[upkeep]
|upkeep
|
|t:|1760431429
|switch|p1a: digger dave|Excadrill, F|100/100
|-ability|p1a: digger dave|Mold Breaker
|turn|25
|
|t:|1760431436
|-terastallize|p1a: digger dave|Steel
|move|p2a: Cinderace|Pyro Ball|p1a: digger dave
|-supereffective|p1a: digger dave
|-damage|p1a: digger dave|0 fnt
|faint|p1a: digger dave
|
|win|spoons_R_bent
|raw|carlthebirder's rating: 1119 &rarr; <strong>1095</strong><br />(-24 for losing)
|raw|spoons_R_bent's rating: 1136 &rarr; <strong>1160</strong><br />(+24 for winning)
|l|☆spoons_R_bent
|player|p2|
|l|☆carlthebirder
|player|p1|
