|j|☆Wyketaure2
|j|‽JinMammah
|t:|1760355132
|gametype|singles
|player|p1|Wyketaure2|bugsy|1436
|player|p2|JinMammah|rocketgruntf|1449
|gen|9
|tier|[Gen 9] OU
|rated|
|rule|HP Percentage Mod: HP is shown in percentages
|rule|Endless Battle Clause: Forcing endless battles is banned
|rule|Species Clause: Limit one of each Pokémon
|rule|OHKO Clause: OHKO moves are banned
|rule|Evasion Items Clause: Evasion items are banned
|rule|Evasion Moves Clause: Evasion moves are banned
|rule|Evasion Abilities Clause: Evasion abilities are banned
|rule|Sleep Moves Clause: Sleep-inducing moves are banned
|clearpoke
|poke|p1|Walking Wake|
|poke|p1|Dragapult, M|
|poke|p1|Ogerpon-Wellspring, F|
|poke|p1|Scizor, F|
|poke|p1|Ditto|
|poke|p1|Kingambit, M|
|poke|p2|Suicune|
|poke|p2|Landorus-Therian, M|
|poke|p2|Garchomp, M|
|poke|p2|Heatran, F|
|poke|p2|Muk-Alola, M|
|poke|p2|Piloswine, F|
|teampreview
|
|t:|1760355142
|teamsize|p1|6
|teamsize|p2|6
|start
|switch|p1a: Dragapult|Dragapult, M|100/100
|switch|p2a: Muk|Muk-Alola, M|100/100
|turn|1
|
|t:|1760355150
|move|p1a: Dragapult|U-turn|p2a: Muk
|-damage|p2a: Muk|62/100
|
|t:|1760355152
|switch|p1a: Ogerpon|Ogerpon-Wellspring, F|100/100|[from] U-turn
|move|p2a: Muk|Knock Off|p1a: Ogerpon
|-damage|p1a: Ogerpon|58/100
|
|upkeep
|turn|2
|
|t:|1760355158
|move|p1a: Ogerpon|Ivy Cudgel|p2a: Muk|[anim] Ivy Cudgel Water
|-damage|p2a: Muk|4/100
|move|p2a: Muk|Poison Jab|p1a: Ogerpon
|-supereffective|p1a: Ogerpon
|-damage|p1a: Ogerpon|0 fnt
|faint|p1a: Ogerpon
|
|upkeep
|
|t:|1760355162
|switch|p1a: Dragapult|Dragapult, M|100/100
|turn|3
|
|t:|1760355164
|move|p2a: Muk|Shadow Sneak|p1a: Dragapult
|-supereffective|p1a: Dragapult
|-damage|p1a: Dragapult|57/100
|move|p1a: Dragapult|Dragon Darts|p2a: Muk
|-damage|p2a: Muk|0 fnt
|faint|p2a: Muk
|
|upkeep
|
|t:|1760355195
|switch|p2a: Heatran|Heatran, F|100/100
|-item|p2a: Heatran|Air Balloon
|turn|4
|
|t:|1760355207
|switch|p1a: Walking Wake|Walking Wake|100/100
|move|p2a: Heatran|Earth Power|p1a: Walking Wake
|-damage|p1a: Walking Wake|72/100
|
|upkeep
|turn|5
|
|t:|1760355219
|switch|p2a: Suicune|Suicune|100/100
|-ability|p2a: Suicune|Pressure
|move|p1a: Walking Wake|Flip Turn|p2a: Suicune
|-resisted|p2a: Suicune
|-damage|p2a: Suicune|94/100
|
|t:|1760355232
|-end|p1a: Walking Wake|Protosynthesis|[silent]
|switch|p1a: Dragapult|Dragapult, M|57/100|[from] Flip Turn
|
|-heal|p2a: Suicune|99/100|[from] item: Leftovers
|upkeep
|turn|6
|
|t:|1760355239
|switch|p2a: Heatran|Heatran, F|100/100
|-item|p2a: Heatran|Air Balloon
|move|p1a: Dragapult|Dragon Darts|p2a: Heatran
|-resisted|p2a: Heatran
|-damage|p2a: Heatran|85/100
|-enditem|p2a: Heatran|Air Balloon
|-anim|p1a: Dragapult|Dragon Darts|p2a: Heatran
|-resisted|p2a: Heatran
|-damage|p2a: Heatran|69/100
|
|upkeep
|turn|7
|
|t:|1760355246
|switch|p1a: Walking Wake|Walking Wake|72/100
|move|p2a: Heatran|Earth Power|p1a: Walking Wake
|-damage|p1a: Walking Wake|41/100
|
|upkeep
|turn|8
|
|t:|1760355252
|move|p1a: Walking Wake|Hydro Steam|p2a: Heatran
|-supereffective|p2a: Heatran
|-damage|p2a: Heatran|0 fnt
|faint|p2a: Heatran
|
|upkeep
|
|t:|1760355266
|switch|p2a: Suicune|Suicune|99/100
|-ability|p2a: Suicune|Pressure
|turn|9
|
|t:|1760355274
|-end|p1a: Walking Wake|Protosynthesis|[silent]
|switch|p1a: Scizor|Scizor, F|100/100
|move|p2a: Suicune|Calm Mind|p2a: Suicune
|-boost|p2a: Suicune|spa|1
|-boost|p2a: Suicune|spd|1
|
|-heal|p2a: Suicune|100/100|[from] item: Leftovers
|upkeep
|turn|10
|
|t:|1760355277
|move|p2a: Suicune|Surf|p1a: Scizor
|-damage|p1a: Scizor|44/100
|move|p1a: Scizor|U-turn|p2a: Suicune
|-damage|p2a: Suicune|56/100
|
|t:|1760355280
|switch|p1a: Dragapult|Dragapult, M|57/100|[from] U-turn
|
|-heal|p2a: Suicune|62/100|[from] item: Leftovers
|upkeep
|turn|11
|
|t:|1760355289
|move|p2a: Suicune|Protect|p2a: Suicune
|-singleturn|p2a: Suicune|Protect
|move|p1a: Dragapult|Dragon Darts|p2a: Suicune
|-activate|p2a: Suicune|move: Protect
|
|-heal|p2a: Suicune|68/100|[from] item: Leftovers
|upkeep
|turn|12
|
|t:|1760355292
|move|p1a: Dragapult|Dragon Darts|p2a: Suicune
|-damage|p2a: Suicune|38/100
|-anim|p1a: Dragapult|Dragon Darts|p2a: Suicune
|-damage|p2a: Suicune|13/100
|move|p2a: Suicune|Surf|p1a: Dragapult
|-resisted|p1a: Dragapult
|-damage|p1a: Dragapult|26/100
|
|-heal|p2a: Suicune|19/100|[from] item: Leftovers
|upkeep
|turn|13
|
|t:|1760355304
|move|p2a: Suicune|Protect|p2a: Suicune
|-singleturn|p2a: Suicune|Protect
|move|p1a: Dragapult|Dragon Darts|p2a: Suicune
|-activate|p2a: Suicune|move: Protect
|
|-heal|p2a: Suicune|25/100|[from] item: Leftovers
|upkeep
|turn|14
|
|t:|1760355325
|move|p1a: Dragapult|Dragon Darts|p2a: Suicune
|-damage|p2a: Suicune|0 fnt
|faint|p2a: Suicune
|
|upkeep
|
|t:|1760355346
|switch|p2a: Garchomp|Garchomp, M|100/100
|turn|15
|
|t:|1760355360
|switch|p1a: Scizor|Scizor, F|44/100
|move|p2a: Garchomp|Earthquake|p1a: Scizor
|-damage|p1a: Scizor|0 fnt
|faint|p1a: Scizor
|
|upkeep
|
|t:|1760355362
|switch|p1a: Dragapult|Dragapult, M|26/100
|turn|16
|
|t:|1760355369
|move|p2a: Garchomp|Earthquake|p1a: Dragapult
|-damage|p1a: Dragapult|0 fnt
|faint|p1a: Dragapult
|
|upkeep
|
|t:|1760355376
|switch|p1a: Walking Wake|Walking Wake|41/100
|turn|17
|inactive|Battle timer is ON: inactive players will automatically lose when time's up. (requested by Wyketaure2)
|
|t:|1760355429
|move|p2a: Garchomp|Earthquake|p1a: Walking Wake
|-crit|p1a: Walking Wake
|-damage|p1a: Walking Wake|0 fnt
|faint|p1a: Walking Wake
|-end|p1a: Walking Wake|Protosynthesis|[silent]
|
|upkeep
|
|t:|1760355445
|switch|p1a: Kingambit|Kingambit, M|100/100
|-activate|p1a: Kingambit|ability: Supreme Overlord
|-start|p1a: Kingambit|fallen4|[silent]
|turn|18
|
|t:|1760355449
|-terastallize|p1a: Kingambit|Ghost
|move|p2a: Garchomp|Earthquake|p1a: Kingambit
|-damage|p1a: Kingambit|58/100
|move|p1a: Kingambit|Swords Dance|p1a: Kingambit
|-boost|p1a: Kingambit|atk|2
|
|-heal|p1a: Kingambit|64/100|[from] item: Leftovers
|upkeep
|turn|19
|
|t:|1760355460
|move|p2a: Garchomp|Earthquake|p1a: Kingambit
|-damage|p1a: Kingambit|18/100
|move|p1a: Kingambit|Kowtow Cleave|p2a: Garchomp
|-damage|p2a: Garchomp|0 fnt
|-damage|p1a: Kingambit|5/100|[from] ability: Rough Skin|[of] p2a: Garchomp
|faint|p2a: Garchomp
|
|-heal|p1a: Kingambit|12/100|[from] item: Leftovers
|upkeep
|inactive|JinMammah has 120 seconds left.
|inactive|JinMammah has 90 seconds left.
|
|t:|1760355520
|switch|p2a: Piloswine|Piloswine, F|100/100
|turn|20
|
|t:|1760355527
|move|p2a: Piloswine|Ice Shard|p1a: Kingambit
|-damage|p1a: Kingambit|0 fnt
|faint|p1a: Kingambit
|-end|p1a: Kingambit|fallen4|[silent]
|
|upkeep
|
|t:|1760355530
|switch|p1a: Ditto|Ditto|100/100
|-transform|p1a: Ditto|p2a: Piloswine|[from] ability: Imposter
|turn|21
|
|t:|1760355535
|move|p1a: Ditto|Icicle Crash|p2a: Piloswine
|-damage|p2a: Piloswine|88/100
|move|p2a: Piloswine|Earthquake|p1a: Ditto
|-damage|p1a: Ditto|39/100
|
|upkeep
|turn|22
|-message|Wyketaure2 forfeited.
|
|win|JinMammah
|raw|Wyketaure2's rating: 1414 &rarr; <strong>1396</strong><br />(-18 for losing)
|raw|JinMammah's rating: 1449 &rarr; <strong>1467</strong><br />(+18 for winning)
|l|☆Wyketaure2
|player|p1|
|l|‽JinMammah
|player|p2|
