|j|☆AdventYasha
|j|☆espermadomal
|t:|1760375203
|gametype|singles
|player|p1|AdventYasha|gentleman|1092
|player|p2|espermadomal|schoolkid-gen4|1057
|gen|9
|tier|[Gen 9] OU
|rated|
|rule|HP Percentage Mod: HP is shown in percentages
|rule|Endless Battle Clause: Forcing endless battles is banned
|rule|Species Clause: Limit one of each Pokémon
|rule|OHKO Clause: OHKO moves are banned
|rule|Evasion Items Clause: Evasion items are banned
|rule|Evasion Moves Clause: Evasion moves are banned
|rule|Evasion Abilities Clause: Evasion abilities are banned
|rule|Sleep Moves Clause: Sleep-inducing moves are banned
|clearpoke
|poke|p1|Zoroark-Hisui, F|
|poke|p1|Decidueye-Hisui, M|
|poke|p1|Goodra-Hisui, F|
|poke|p1|Braviary-Hisui, M|
|poke|p1|Samurott-Hisui, M|
|poke|p1|Typhlosion-Hisui, M|
|poke|p2|Ditto|
|poke|p2|Deoxys-Speed|
|poke|p2|Ceruledge, F|
|poke|p2|Zapdos|
|poke|p2|Meowscarada, M|
|poke|p2|Primarina, F|
|teampreview
|inactive|Battle timer is ON: inactive players will automatically lose when time's up. (requested by AdventYasha)
|inactive|espermadomal has 120 seconds left.
|
|t:|1760375246
|teamsize|p1|6
|teamsize|p2|6
|start
|switch|p1a: Samurott|Samurott-Hisui, M, shiny|100/100
|switch|p2a: Ditto|Ditto|100/100
|-transform|p2a: Ditto|p1a: Samurott|[from] ability: Imposter
|turn|1
|
|t:|1760375260
|move|p1a: Samurott|Ceaseless Edge|p2a: Ditto
|-resisted|p2a: Ditto
|-damage|p2a: Ditto|70/100
|-sidestart|p2: espermadomal|Spikes
|move|p2a: Ditto|Sacred Sword|p1a: Samurott
|-supereffective|p1a: Samurott
|-damage|p1a: Samurott|1/100
|
|-heal|p2a: Ditto|76/100|[from] item: Leftovers
|upkeep
|turn|2
|
|t:|1760375271
|switch|p2a: Meowscarada|Meowscarada, M, shiny|100/100
|-damage|p2a: Meowscarada|88/100|[from] Spikes
|move|p1a: Samurott|Ceaseless Edge|p2a: Meowscarada
|-resisted|p2a: Meowscarada
|-damage|p2a: Meowscarada|50/100
|-sidestart|p2: espermadomal|Spikes
|
|upkeep
|turn|3
|
|t:|1760375281
|move|p1a: Samurott|Ceaseless Edge|p2a: Meowscarada
|-resisted|p2a: Meowscarada
|-damage|p2a: Meowscarada|12/100
|-sidestart|p2: espermadomal|Spikes
|move|p2a: Meowscarada|Giga Drain|p1a: Samurott
|-supereffective|p1a: Samurott
|-damage|p1a: Samurott|0 fnt
|-heal|p2a: Meowscarada|12/100|[from] drain|[of] p1a: Samurott
|faint|p1a: Samurott
|
|upkeep
|
|t:|1760375293
|switch|p1a: Typhlosion|Typhlosion-Hisui, M, shiny|100/100
|turn|4
|
|t:|1760375300
|move|p2a: Meowscarada|Knock Off|p1a: Typhlosion
|-supereffective|p1a: Typhlosion
|-crit|p1a: Typhlosion
|-damage|p1a: Typhlosion|0 fnt
|-enditem|p1a: Typhlosion|Leftovers|[from] move: Knock Off|[of] p2a: Meowscarada
|faint|p1a: Typhlosion
|
|upkeep
|
|t:|1760375307
|switch|p1a: Goodra|Goodra-Hisui, F, shiny|100/100
|turn|5
|
|t:|1760375316
|move|p2a: Meowscarada|Play Rough|p1a: Goodra|[miss]
|-miss|p2a: Meowscarada|p1a: Goodra
|move|p1a: Goodra|Acid Armor|p1a: Goodra
|-boost|p1a: Goodra|def|2
|
|upkeep
|turn|6
|
|t:|1760375323
|move|p2a: Meowscarada|Play Rough|p1a: Goodra
|-damage|p1a: Goodra|90/100
|-ability|p1a: Goodra|Gooey
|-unboost|p2a: Meowscarada|spe|1
|move|p1a: Goodra|Acid Armor|p1a: Goodra
|-boost|p1a: Goodra|def|2
|
|-heal|p1a: Goodra|96/100|[from] item: Leftovers
|upkeep
|turn|7
|
|t:|1760375334
|switch|p2a: Ceruledge|Ceruledge, F, shiny|100/100
|-item|p2a: Ceruledge|Air Balloon
|move|p1a: Goodra|Acid Armor|p1a: Goodra
|-boost|p1a: Goodra|def|2
|
|-heal|p1a: Goodra|100/100|[from] item: Leftovers
|upkeep
|turn|8
|
|t:|1760375346
|move|p2a: Ceruledge|Bitter Blade|p1a: Goodra
|-damage|p1a: Goodra|90/100
|-ability|p1a: Goodra|Gooey
|-unboost|p2a: Ceruledge|spe|1
|move|p1a: Goodra|Body Press|p2a: Ceruledge
|-immune|p2a: Ceruledge
|
|-heal|p1a: Goodra|96/100|[from] item: Leftovers
|upkeep
|turn|9
|
|t:|1760375362
|switch|p1a: Braviary|Braviary-Hisui, M, shiny|100/100
|move|p2a: Ceruledge|Bulk Up|p2a: Ceruledge
|-boost|p2a: Ceruledge|atk|1
|-boost|p2a: Ceruledge|def|1
|
|upkeep
|turn|10
|
|t:|1760375373
|-terastallize|p2a: Ceruledge|Dark
|move|p1a: Braviary|Nasty Plot|p1a: Braviary
|-boost|p1a: Braviary|spa|2
|move|p2a: Ceruledge|Shadow Ball|p1a: Braviary
|-immune|p1a: Braviary
|
|upkeep
|turn|11
|
|t:|1760375385
|move|p1a: Braviary|Nasty Plot|p1a: Braviary
|-boost|p1a: Braviary|spa|2
|move|p2a: Ceruledge|Bitter Blade|p1a: Braviary
|-enditem|p1a: Braviary|Focus Sash
|-damage|p1a: Braviary|1/100
|replace|p1a: Zoroark|Zoroark-Hisui, F, shiny
|-end|p1a: Zoroark|Illusion
|
|upkeep
|turn|12
|c|☆AdventYasha|!weak ceruledge
|c| AdventYasha|/raw <div class="infobox">Ceruledge (ignoring abilities):<br /><span class="message-effect-weak">Weaknesses</span>: Dark, Ghost, Ground, Rock, Water<br /><span class="message-effect-resist">Resistances</span>: <b>Bug</b>, Fairy, Fire, Grass, Ice, Poison, Steel<br /><span class="message-effect-immune">Immunities</span>: Fighting, Normal, Burn, Trapping</div>
|inactive|AdventYasha has 120 seconds left.
|l|☆AdventYasha
|inactive|AdventYasha disconnected and has a minute to reconnect!
|player|p1|
|j|☆AdventYasha
|inactive|AdventYasha reconnected and has 95 seconds left.
|player|p1|AdventYasha|gentleman|
|inactive|AdventYasha has 90 seconds left.
|
|t:|1760375447
|-terastallize|p1a: Zoroark|Fighting
|move|p1a: Zoroark|Focus Blast|p2a: Ceruledge
|-supereffective|p2a: Ceruledge
|-damage|p2a: Ceruledge|0 fnt
|-enditem|p2a: Ceruledge|Air Balloon
|faint|p2a: Ceruledge
|
|upkeep
|
|t:|1760375459
|switch|p2a: Zapdos|Zapdos, shiny|100/100
|-ability|p2a: Zapdos|Pressure
|turn|13
|c|☆AdventYasha|!weak zapdos
|c| AdventYasha|/raw <div class="infobox">Zapdos (ignoring abilities):<br /><span class="message-effect-weak">Weaknesses</span>: Ice, Rock<br /><span class="message-effect-resist">Resistances</span>: Bug, Fighting, Flying, Grass, Steel<br /><span class="message-effect-immune">Immunities</span>: Ground, Paralysis</div>
|inactive|AdventYasha has 90 seconds left.
|
|t:|1760375481
|move|p1a: Zoroark|Hyper Voice|p2a: Zapdos
|-damage|p2a: Zapdos|0 fnt
|faint|p2a: Zapdos
|
|upkeep
|
|t:|1760375491
|switch|p2a: Ditto|Ditto|76/100
|-damage|p2a: Ditto|51/100|[from] Spikes
|-transform|p2a: Ditto|p1a: Zoroark|[from] ability: Imposter
|-start|p2a: Ditto|typechange|Normal/Ghost|[silent]
|turn|14
|
|t:|1760375498
|move|p1a: Zoroark|Hyper Voice|p2a: Ditto
|-immune|p2a: Ditto
|move|p2a: Ditto|Hyper Voice|p1a: Zoroark
|-crit|p1a: Zoroark
|-damage|p1a: Zoroark|0 fnt
|faint|p1a: Zoroark
|
|-heal|p2a: Ditto|57/100|[from] item: Leftovers
|upkeep
|inactive|AdventYasha has 90 seconds left.
|
|t:|1760375518
|switch|p1a: Decidueye|Decidueye-Hisui, M, shiny|100/100
|turn|15
|
|t:|1760375534
|move|p2a: Ditto|Shadow Ball|p1a: Decidueye
|-crit|p1a: Decidueye
|-damage|p1a: Decidueye|0 fnt
|faint|p1a: Decidueye
|
|-heal|p2a: Ditto|63/100|[from] item: Leftovers
|upkeep
|
|t:|1760375542
|switch|p1a: Braviary|Braviary-Hisui, M, shiny|100/100
|turn|16
|inactive|AdventYasha has 90 seconds left.
|
|t:|1760375553
|move|p2a: Ditto|Hyper Voice|p1a: Braviary
|-damage|p1a: Braviary|0 fnt
|faint|p1a: Braviary
|
|-heal|p2a: Ditto|69/100|[from] item: Leftovers
|upkeep
|
|t:|1760375560
|switch|p1a: Goodra|Goodra-Hisui, F, shiny|96/100
|turn|17
|c|☆espermadomal|Lol
|inactive|AdventYasha has 90 seconds left.
|
|t:|1760375567
|move|p2a: Ditto|Focus Blast|p1a: Goodra|[miss]
|-miss|p2a: Ditto|p1a: Goodra
|move|p1a: Goodra|Acid Armor|p1a: Goodra
|-boost|p1a: Goodra|def|2
|
|-heal|p2a: Ditto|75/100|[from] item: Leftovers
|-heal|p1a: Goodra|100/100|[from] item: Leftovers
|upkeep
|turn|18
|
|t:|1760375576
|move|p2a: Ditto|Focus Blast|p1a: Goodra
|-supereffective|p1a: Goodra
|-damage|p1a: Goodra|0 fnt
|faint|p1a: Goodra
|
|win|espermadomal
|raw|AdventYasha's rating: 1092 &rarr; <strong>1066</strong><br />(-26 for losing)
|raw|espermadomal's rating: 1057 &rarr; <strong>1092</strong><br />(+35 for winning)
|c|☆espermadomal|Jajá.
|l|☆AdventYasha
|player|p1|
