|j|☆drop a baby
|j|☆ciantaihou
|t:|1760325822
|gametype|singles
|player|p1|drop a baby|chase|1786
|player|p2|ciantaihou|bellelba|1793
|gen|9
|tier|[Gen 9] OU
|rated|
|rule|HP Percentage Mod: HP is shown in percentages
|rule|Endless Battle Clause: Forcing endless battles is banned
|rule|Species Clause: Limit one of each Pokémon
|rule|OHKO Clause: OHKO moves are banned
|rule|Evasion Items Clause: Evasion items are banned
|rule|Evasion Moves Clause: Evasion moves are banned
|rule|Evasion Abilities Clause: Evasion abilities are banned
|rule|Sleep Moves Clause: Sleep-inducing moves are banned
|clearpoke
|poke|p1|Iron Moth|
|poke|p1|Kingambit, M|
|poke|p1|Dragonite, M|
|poke|p1|Ogerpon-Cornerstone, F|
|poke|p1|Iron Valiant|
|poke|p1|Raging Bolt|
|poke|p2|Ting-Lu|
|poke|p2|Raging Bolt|
|poke|p2|Scizor, M|
|poke|p2|Glimmora, F|
|poke|p2|Kyurem|
|poke|p2|Moltres|
|teampreview
|inactive|Battle timer is ON: inactive players will automatically lose when time's up. (requested by drop a baby)
|
|t:|1760325833
|teamsize|p1|6
|teamsize|p2|6
|start
|switch|p1a: Iron Valiant|Iron Valiant|100/100
|switch|p2a: Glimmora|Glimmora, F|100/100
|-enditem|p1a: Iron Valiant|Booster Energy
|-activate|p1a: Iron Valiant|ability: Quark Drive|[fromitem]
|-start|p1a: Iron Valiant|quarkdrivespe
|turn|1
|
|t:|1760325841
|move|p1a: Iron Valiant|Close Combat|p2a: Glimmora
|-damage|p2a: Glimmora|46/100
|-unboost|p1a: Iron Valiant|def|1
|-unboost|p1a: Iron Valiant|spd|1
|-activate|p2a: Glimmora|ability: Toxic Debris
|-sidestart|p1: drop a baby|move: Toxic Spikes
|move|p2a: Glimmora|Stealth Rock|p1a: Iron Valiant
|-sidestart|p1: drop a baby|move: Stealth Rock
|
|-heal|p2a: Glimmora|52/100|[from] item: Leftovers
|upkeep
|turn|2
|
|t:|1760325852
|switch|p2a: Moltres|Moltres|100/100
|move|p1a: Iron Valiant|Knock Off|p2a: Moltres
|-damage|p2a: Moltres|77/100
|-status|p1a: Iron Valiant|brn|[from] ability: Flame Body|[of] p2a: Moltres
|-enditem|p2a: Moltres|Heavy-Duty Boots|[from] move: Knock Off|[of] p1a: Iron Valiant
|
|-damage|p1a: Iron Valiant|94/100 brn|[from] brn
|upkeep
|turn|3
|j| darkcr7
|
|t:|1760325862
|move|p1a: Iron Valiant|Swords Dance|p1a: Iron Valiant
|-boost|p1a: Iron Valiant|atk|2
|move|p2a: Moltres|Flamethrower|p1a: Iron Valiant
|-damage|p1a: Iron Valiant|0 fnt
|faint|p1a: Iron Valiant
|-end|p1a: Iron Valiant|Quark Drive|[silent]
|
|upkeep
|
|t:|1760325866
|switch|p1a: Iron Moth|Iron Moth|100/100
|-sideend|p1: drop a baby|move: Toxic Spikes|[of] p1a: Iron Moth
|-damage|p1a: Iron Moth|76/100|[from] Stealth Rock
|-enditem|p1a: Iron Moth|Booster Energy
|-activate|p1a: Iron Moth|ability: Quark Drive|[fromitem]
|-start|p1a: Iron Moth|quarkdrivespe
|turn|4
|
|t:|1760325878
|switch|p2a: Ting-Lu|Ting-Lu|100/100
|-ability|p2a: Ting-Lu|Vessel of Ruin
|move|p1a: Iron Moth|Fiery Dance|p2a: Ting-Lu
|-damage|p2a: Ting-Lu|84/100
|
|-heal|p2a: Ting-Lu|90/100|[from] item: Leftovers
|upkeep
|turn|5
|
|t:|1760325887
|move|p1a: Iron Moth|Energy Ball|p2a: Ting-Lu
|-supereffective|p2a: Ting-Lu
|-damage|p2a: Ting-Lu|64/100
|move|p2a: Ting-Lu|Earthquake|p1a: Iron Moth
|-supereffective|p1a: Iron Moth
|-damage|p1a: Iron Moth|0 fnt
|faint|p1a: Iron Moth
|-end|p1a: Iron Moth|Quark Drive|[silent]
|
|-heal|p2a: Ting-Lu|71/100|[from] item: Leftovers
|upkeep
|
|t:|1760325892
|switch|p1a: Ogerpon|Ogerpon-Cornerstone, F|100/100
|-damage|p1a: Ogerpon|88/100|[from] Stealth Rock
|turn|6
|
|t:|1760325905
|switch|p2a: Glimmora|Glimmora, F|52/100
|move|p1a: Ogerpon|Swords Dance|p1a: Ogerpon
|-boost|p1a: Ogerpon|atk|2
|
|-heal|p2a: Glimmora|58/100|[from] item: Leftovers
|upkeep
|turn|7
|j| St.Peewee
|
|t:|1760325918
|move|p1a: Ogerpon|Ivy Cudgel|p2a: Glimmora|[anim] Ivy Cudgel Rock
|-damage|p2a: Glimmora|0 fnt
|-activate|p2a: Glimmora|ability: Toxic Debris
|-sidestart|p1: drop a baby|move: Toxic Spikes
|faint|p2a: Glimmora
|
|upkeep
|l| St.Peewee
|
|t:|1760325924
|switch|p2a: Scizor|Scizor, M|100/100
|turn|8
|
|t:|1760325930
|-terastallize|p2a: Scizor|Steel
|move|p2a: Scizor|Bullet Punch|p1a: Ogerpon
|-supereffective|p1a: Ogerpon
|-damage|p1a: Ogerpon|0 fnt
|faint|p1a: Ogerpon
|
|upkeep
|
|t:|1760325936
|switch|p1a: Kingambit|Kingambit, M|100/100
|-damage|p1a: Kingambit|94/100|[from] Stealth Rock
|-activate|p1a: Kingambit|ability: Supreme Overlord
|-start|p1a: Kingambit|fallen3|[silent]
|turn|9
|
|t:|1760325942
|switch|p2a: Moltres|Moltres|77/100
|move|p1a: Kingambit|Swords Dance|p1a: Kingambit
|-boost|p1a: Kingambit|atk|2
|
|upkeep
|turn|10
|
|t:|1760325949
|move|p2a: Moltres|Will-O-Wisp|p1a: Kingambit
|-status|p1a: Kingambit|brn
|-enditem|p1a: Kingambit|Lum Berry|[eat]
|-curestatus|p1a: Kingambit|brn|[msg]
|move|p1a: Kingambit|Kowtow Cleave|p2a: Moltres
|-damage|p2a: Moltres|0 fnt
|faint|p2a: Moltres
|
|upkeep
|
|t:|1760325964
|switch|p2a: Raging Bolt|Raging Bolt|100/100
|-enditem|p2a: Raging Bolt|Booster Energy
|-activate|p2a: Raging Bolt|ability: Protosynthesis|[fromitem]
|-start|p2a: Raging Bolt|protosynthesisspa
|turn|11
|
|t:|1760325969
|move|p1a: Kingambit|Sucker Punch|p2a: Raging Bolt
|-damage|p2a: Raging Bolt|8/100
|move|p2a: Raging Bolt|Thunderbolt|p1a: Kingambit
|-damage|p1a: Kingambit|16/100
|
|upkeep
|turn|12
|
|t:|1760325976
|move|p2a: Raging Bolt|Thunderclap|p1a: Kingambit
|-damage|p1a: Kingambit|0 fnt
|faint|p1a: Kingambit
|-end|p1a: Kingambit|fallen3|[silent]
|
|upkeep
|
|t:|1760325977
|switch|p1a: Raging Bolt|Raging Bolt|100/100
|-damage|p1a: Raging Bolt|88/100|[from] Stealth Rock
|-status|p1a: Raging Bolt|psn
|-enditem|p1a: Raging Bolt|Booster Energy
|-activate|p1a: Raging Bolt|ability: Protosynthesis|[fromitem]
|-start|p1a: Raging Bolt|protosynthesisspa
|turn|13
|
|t:|1760325990
|move|p1a: Raging Bolt|Dragon Pulse|p2a: Raging Bolt
|-supereffective|p2a: Raging Bolt
|-damage|p2a: Raging Bolt|0 fnt
|faint|p2a: Raging Bolt
|-end|p2a: Raging Bolt|Protosynthesis|[silent]
|
|-damage|p1a: Raging Bolt|76/100 psn|[from] psn
|upkeep
|
|t:|1760325999
|switch|p2a: Kyurem|Kyurem, shiny|100/100
|-ability|p2a: Kyurem|Pressure
|turn|14
|
|t:|1760326003
|move|p2a: Kyurem|Protect|p2a: Kyurem
|-singleturn|p2a: Kyurem|Protect
|move|p1a: Raging Bolt|Dragon Pulse|p2a: Kyurem
|-activate|p2a: Kyurem|move: Protect
|
|-damage|p1a: Raging Bolt|64/100 psn|[from] psn
|upkeep
|turn|15
|
|t:|1760326012
|-terastallize|p1a: Raging Bolt|Bug
|move|p2a: Kyurem|Substitute|p2a: Kyurem
|-start|p2a: Kyurem|Substitute
|-damage|p2a: Kyurem|76/100
|move|p1a: Raging Bolt|Dragon Pulse|p2a: Kyurem
|-supereffective|p2a: Kyurem
|-end|p2a: Kyurem|Substitute
|
|-heal|p2a: Kyurem|82/100|[from] item: Leftovers
|-damage|p1a: Raging Bolt|51/100 psn|[from] psn
|upkeep
|turn|16
|
|t:|1760326023
|move|p2a: Kyurem|Protect|p2a: Kyurem
|-singleturn|p2a: Kyurem|Protect
|move|p1a: Raging Bolt|Dragon Pulse|p2a: Kyurem
|-activate|p2a: Kyurem|move: Protect
|
|-heal|p2a: Kyurem|88/100|[from] item: Leftovers
|-damage|p1a: Raging Bolt|39/100 psn|[from] psn
|upkeep
|turn|17
|
|t:|1760326032
|move|p2a: Kyurem|Substitute|p2a: Kyurem
|-start|p2a: Kyurem|Substitute
|-damage|p2a: Kyurem|63/100
|move|p1a: Raging Bolt|Dragon Pulse|p2a: Kyurem
|-supereffective|p2a: Kyurem
|-end|p2a: Kyurem|Substitute
|
|-heal|p2a: Kyurem|69/100|[from] item: Leftovers
|-damage|p1a: Raging Bolt|27/100 psn|[from] psn
|upkeep
|turn|18
|
|t:|1760326042
|move|p2a: Kyurem|Protect|p2a: Kyurem
|-singleturn|p2a: Kyurem|Protect
|move|p1a: Raging Bolt|Thunderbolt|p2a: Kyurem
|-activate|p2a: Kyurem|move: Protect
|
|-heal|p2a: Kyurem|76/100|[from] item: Leftovers
|-damage|p1a: Raging Bolt|15/100 psn|[from] psn
|upkeep
|turn|19
|
|t:|1760326051
|move|p2a: Kyurem|Freeze-Dry|p1a: Raging Bolt
|-damage|p1a: Raging Bolt|0 fnt
|faint|p1a: Raging Bolt
|-end|p1a: Raging Bolt|Protosynthesis|[silent]
|
|-heal|p2a: Kyurem|82/100|[from] item: Leftovers
|upkeep
|
|t:|1760326053
|switch|p1a: Dragonite|Dragonite, M|100/100
|turn|20
|
|t:|1760326060
|move|p2a: Kyurem|Freeze-Dry|p1a: Dragonite
|-supereffective|p1a: Dragonite
|-damage|p1a: Dragonite|26/100
|-status|p1a: Dragonite|frz
|-curestatus|p1a: Dragonite|frz|[msg]
|move|p1a: Dragonite|Dragon Dance|p1a: Dragonite
|-boost|p1a: Dragonite|atk|1
|-boost|p1a: Dragonite|spe|1
|
|-heal|p2a: Kyurem|88/100|[from] item: Leftovers
|upkeep
|turn|21
|j| udm
|
|t:|1760326072
|move|p1a: Dragonite|Earthquake|p2a: Kyurem
|-damage|p2a: Kyurem|37/100
|move|p2a: Kyurem|Freeze-Dry|p1a: Dragonite
|-supereffective|p1a: Dragonite
|-damage|p1a: Dragonite|0 fnt
|faint|p1a: Dragonite
|
|win|ciantaihou
|raw|drop a baby's rating: 1786 &rarr; <strong>1766</strong><br />(-20 for losing)
|raw|ciantaihou's rating: 1793 &rarr; <strong>1813</strong><br />(+20 for winning)
|l|☆ciantaihou
|player|p2|
|l| darkcr7
