|j|☆ineverhaxed
|j|☆thanh28
|t:|1760460836
|gametype|singles
|player|p1|ineverhaxed|102|1388
|player|p2|thanh28|1|1353
|gen|9
|tier|[Gen 9] OU
|rated|
|rule|HP Percentage Mod: HP is shown in percentages
|rule|Endless Battle Clause: Forcing endless battles is banned
|rule|Species Clause: Limit one of each Pokémon
|rule|OHKO Clause: OHKO moves are banned
|rule|Evasion Items Clause: Evasion items are banned
|rule|Evasion Moves Clause: Evasion moves are banned
|rule|Evasion Abilities Clause: Evasion abilities are banned
|rule|Sleep Moves Clause: Sleep-inducing moves are banned
|clearpoke
|poke|p1|Electrode-Hisui|
|poke|p1|Cloyster, F|
|poke|p1|Blissey, F|
|poke|p1|Darkrai|
|poke|p1|Cinderace, M|
|poke|p1|Lokix, F|
|poke|p2|Meowscarada, M|
|poke|p2|Scizor, F|
|poke|p2|Dragapult, M|
|poke|p2|Zapdos|
|poke|p2|Garganacl, M|
|poke|p2|Heatran, M|
|teampreview
|
|t:|1760460847
|teamsize|p1|6
|teamsize|p2|6
|start
|switch|p1a: Electrode|Electrode-Hisui|100/100
|switch|p2a: Heatran|Heatran, M|100/100
|-item|p2a: Heatran|Air Balloon
|turn|1
|
|t:|1760460853
|move|p1a: Electrode|Volt Switch|p2a: Heatran
|-crit|p2a: Heatran
|-damage|p2a: Heatran|43/100
|-enditem|p2a: Heatran|Air Balloon
|
|t:|1760460859
|switch|p1a: Blissey|Blissey, F|100/100|[from] Volt Switch
|move|p2a: Heatran|Flamethrower|p1a: Blissey
|-crit|p1a: Blissey
|-damage|p1a: Blissey|68/100
|
|-heal|p1a: Blissey|74/100|[from] item: Leftovers
|upkeep
|turn|2
|
|t:|1760460866
|switch|p2a: Scizor|Scizor, F|100/100
|move|p1a: Blissey|Thunderbolt|p2a: Scizor
|-damage|p2a: Scizor|75/100
|
|-heal|p1a: Blissey|81/100|[from] item: Leftovers
|upkeep
|turn|3
|
|t:|1760460874
|move|p1a: Blissey|Flamethrower|p2a: Scizor
|-supereffective|p2a: Scizor
|-damage|p2a: Scizor|0 fnt
|faint|p2a: Scizor
|
|-heal|p1a: Blissey|87/100|[from] item: Leftovers
|upkeep
|
|t:|1760460879
|switch|p2a: Meowscarada|Meowscarada, M|100/100
|turn|4
|
|t:|1760460883
|move|p2a: Meowscarada|Flower Trick|p1a: Blissey
|-start|p2a: Meowscarada|typechange|Grass|[from] ability: Protean
|-crit|p1a: Blissey
|-damage|p1a: Blissey|15/100
|move|p1a: Blissey|Ice Beam|p2a: Meowscarada
|-supereffective|p2a: Meowscarada
|-damage|p2a: Meowscarada|41/100
|
|-heal|p1a: Blissey|21/100|[from] item: Leftovers
|upkeep
|turn|5
|
|t:|1760460891
|move|p2a: Meowscarada|Flower Trick|p1a: Blissey
|-crit|p1a: Blissey
|-damage|p1a: Blissey|0 fnt
|faint|p1a: Blissey
|
|upkeep
|
|t:|1760460896
|switch|p1a: Lokix|Lokix, F|100/100
|turn|6
|
|t:|1760460900
|switch|p2a: Heatran|Heatran, M|43/100
|move|p1a: Lokix|U-turn|p2a: Heatran
|-resisted|p2a: Heatran
|-damage|p2a: Heatran|29/100
|
|t:|1760460905
|switch|p1a: Electrode|Electrode-Hisui|100/100|[from] U-turn
|
|upkeep
|turn|7
|
|t:|1760460911
|move|p1a: Electrode|Volt Switch|p2a: Heatran
|-damage|p2a: Heatran|0 fnt
|faint|p2a: Heatran
|
|t:|1760460915
|switch|p1a: Darkrai|Darkrai|100/100|[from] Volt Switch
|
|upkeep
|
|t:|1760460925
|switch|p2a: Meowscarada|Meowscarada, M|41/100
|turn|8
|
|t:|1760460928
|move|p1a: Darkrai|Ice Beam|p2a: Meowscarada
|-supereffective|p2a: Meowscarada
|-damage|p2a: Meowscarada|0 fnt
|faint|p2a: Meowscarada
|
|upkeep
|
|t:|1760460933
|switch|p2a: Dragapult|Dragapult, M|100/100
|turn|9
|
|t:|1760460939
|move|p1a: Darkrai|Ice Beam|p2a: Dragapult
|-supereffective|p2a: Dragapult
|-damage|p2a: Dragapult|12/100
|move|p2a: Dragapult|Draco Meteor|p1a: Darkrai
|-damage|p1a: Darkrai|0 fnt
|-unboost|p2a: Dragapult|spa|2
|faint|p1a: Darkrai
|
|upkeep
|
|t:|1760460948
|switch|p1a: Lokix|Lokix, F|100/100
|turn|10
|
|t:|1760460952
|switch|p2a: Zapdos|Zapdos|100/100
|move|p1a: Lokix|U-turn|p2a: Zapdos
|-resisted|p2a: Zapdos
|-damage|p2a: Zapdos|58/100
|-damage|p1a: Lokix|84/100|[from] item: Rocky Helmet|[of] p2a: Zapdos
|
|t:|1760460959
|switch|p1a: Electrode|Electrode-Hisui|100/100|[from] U-turn
|
|upkeep
|turn|11
|
|t:|1760460965
|-terastallize|p1a: Electrode|Ice
|move|p1a: Electrode|Tera Blast|p2a: Zapdos|[anim] Tera Blast Ice
|-supereffective|p2a: Zapdos
|-crit|p2a: Zapdos
|-damage|p2a: Zapdos|0 fnt
|faint|p2a: Zapdos
|
|upkeep
|
|t:|1760460973
|switch|p2a: Garganacl|Garganacl, M|100/100
|turn|12
|
|t:|1760460978
|switch|p1a: Cinderace|Cinderace, M|100/100
|move|p2a: Garganacl|Salt Cure|p1a: Cinderace
|-supereffective|p1a: Cinderace
|-damage|p1a: Cinderace|64/100
|-start|p1a: Cinderace|Salt Cure
|-enditem|p1a: Cinderace|Red Card|[of] p2a: Garganacl
|drag|p2a: Dragapult|Dragapult, M|12/100
|
|-damage|p1a: Cinderace|52/100|[from] Salt Cure
|upkeep
|turn|13
|
|t:|1760460986
|move|p2a: Dragapult|Draco Meteor|p1a: Cinderace
|-damage|p1a: Cinderace|0 fnt
|-unboost|p2a: Dragapult|spa|2
|faint|p1a: Cinderace
|
|upkeep
|
|t:|1760460994
|switch|p1a: Lokix|Lokix, F|84/100
|turn|14
|
|t:|1760460999
|switch|p2a: Garganacl|Garganacl, M|100/100
|move|p1a: Lokix|U-turn|p2a: Garganacl
|-damage|p2a: Garganacl|82/100
|
|t:|1760461004
|switch|p1a: Electrode|Electrode-Hisui, tera:Ice|100/100|[from] U-turn
|
|-heal|p2a: Garganacl|88/100|[from] item: Leftovers
|upkeep
|turn|15
|
|t:|1760461009
|-terastallize|p2a: Garganacl|Ghost
|move|p1a: Electrode|Chloroblast|p2a: Garganacl
|-damage|p2a: Garganacl|3/100
|-damage|p1a: Electrode|50/100|[from] Recoil
|move|p2a: Garganacl|Salt Cure|p1a: Electrode
|-supereffective|p1a: Electrode
|-crit|p1a: Electrode
|-damage|p1a: Electrode|0 fnt
|faint|p1a: Electrode
|
|-heal|p2a: Garganacl|9/100|[from] item: Leftovers
|upkeep
|
|t:|1760461019
|switch|p1a: Lokix|Lokix, F|84/100
|turn|16
|
|t:|1760461023
|move|p2a: Garganacl|Protect|p2a: Garganacl
|-singleturn|p2a: Garganacl|Protect
|move|p1a: Lokix|U-turn|p2a: Garganacl
|-activate|p2a: Garganacl|move: Protect
|
|-heal|p2a: Garganacl|16/100|[from] item: Leftovers
|upkeep
|turn|17
|
|t:|1760461028
|move|p1a: Lokix|U-turn|p2a: Garganacl
|-resisted|p2a: Garganacl
|-damage|p2a: Garganacl|0 fnt
|faint|p2a: Garganacl
|
|t:|1760461032
|switch|p1a: Cloyster|Cloyster, F|100/100|[from] U-turn
|
|upkeep
|
|t:|1760461034
|switch|p2a: Dragapult|Dragapult, M|12/100
|turn|18
|
|t:|1760461039
|move|p2a: Dragapult|Draco Meteor|p1a: Cloyster
|-enditem|p1a: Cloyster|Focus Sash
|-damage|p1a: Cloyster|1/100
|-unboost|p2a: Dragapult|spa|2
|move|p1a: Cloyster|Icicle Spear|p2a: Dragapult
|-supereffective|p2a: Dragapult
|-damage|p2a: Dragapult|0 fnt
|faint|p2a: Dragapult
|-hitcount|p2: Dragapult|1
|
|win|ineverhaxed
|raw|ineverhaxed's rating: 1388 &rarr; <strong>1406</strong><br />(+18 for winning)
|raw|thanh28's rating: 1353 &rarr; <strong>1335</strong><br />(-18 for losing)
|l|☆thanh28
|player|p2|
|l|☆ineverhaxed
|player|p1|
