|j|☆T0YE
|j|☆GreenSpot
|t:|1760330541
|gametype|singles
|player|p1|T0YE|steven|1277
|player|p2|GreenSpot|skyla|1295
|gen|9
|tier|[Gen 9] OU
|rated|
|rule|HP Percentage Mod: HP is shown in percentages
|rule|Endless Battle Clause: Forcing endless battles is banned
|rule|Species Clause: Limit one of each Pokémon
|rule|OHKO Clause: OHKO moves are banned
|rule|Evasion Items Clause: Evasion items are banned
|rule|Evasion Moves Clause: Evasion moves are banned
|rule|Evasion Abilities Clause: Evasion abilities are banned
|rule|Sleep Moves Clause: Sleep-inducing moves are banned
|clearpoke
|poke|p1|Kingambit, F|
|poke|p1|Cinderace, F|
|poke|p1|Landorus-Therian, M|
|poke|p1|Iron Valiant|
|poke|p1|Kyurem|
|poke|p1|Slowking-Galar, M|
|poke|p2|Meowscarada, F|
|poke|p2|Scizor, F|
|poke|p2|Garchomp, M|
|poke|p2|Raikou|
|poke|p2|Sylveon, M|
|poke|p2|Metagross|
|teampreview
|inactive|Battle timer is ON: inactive players will automatically lose when time's up. (requested by GreenSpot)
|
|t:|1760330559
|teamsize|p1|6
|teamsize|p2|6
|start
|switch|p1a: Kristine|Cinderace, F, shiny|100/100
|switch|p2a: Metagross|Metagross|100/100
|turn|1
|
|t:|1760330566
|move|p1a: Kristine|Will-O-Wisp|p2a: Metagross
|-status|p2a: Metagross|brn
|move|p2a: Metagross|Earthquake|p1a: Kristine
|-supereffective|p1a: Kristine
|-damage|p1a: Kristine|57/100
|
|-damage|p2a: Metagross|94/100 brn|[from] brn
|upkeep
|turn|2
|
|t:|1760330575
|move|p1a: Kristine|U-turn|p2a: Metagross
|-damage|p2a: Metagross|80/100 brn
|
|t:|1760330579
|switch|p1a: Homelandor|Landorus-Therian, M, shiny|100/100|[from] U-turn
|-ability|p1a: Homelandor|Intimidate|boost
|-fail|p2a: Metagross|unboost|[from] ability: Clear Body|[of] p2a: Metagross
|move|p2a: Metagross|Explosion|p1a: Homelandor
|-damage|p1a: Homelandor|54/100
|faint|p2a: Metagross
|
|upkeep
|
|t:|1760330588
|switch|p2a: Meowscarada|Meowscarada, F|100/100
|turn|3
|
|t:|1760330592
|switch|p1a: Chillionaire|Slowking-Galar, M, shiny|100/100
|move|p2a: Meowscarada|Triple Axel|p1a: Chillionaire|[miss]
|-start|p2a: Meowscarada|typechange|Ice|[from] ability: Protean
|-miss|p2a: Meowscarada|p1a: Chillionaire
|
|upkeep
|turn|4
|
|t:|1760330603
|move|p2a: Meowscarada|U-turn|p1a: Chillionaire
|-damage|p1a: Chillionaire|80/100
|
|t:|1760330606
|switch|p2a: Scizor|Scizor, F|100/100|[from] U-turn
|move|p1a: Chillionaire|Thunder Wave|p2a: Scizor
|-status|p2a: Scizor|par
|
|upkeep
|turn|5
|
|t:|1760330622
|move|p2a: Scizor|Knock Off|p1a: Chillionaire
|-supereffective|p1a: Chillionaire
|-crit|p1a: Chillionaire
|-damage|p1a: Chillionaire|0 fnt
|-enditem|p1a: Chillionaire|Heavy-Duty Boots|[from] move: Knock Off|[of] p2a: Scizor
|faint|p1a: Chillionaire
|
|upkeep
|
|t:|1760330631
|switch|p1a: Kristine|Cinderace, F, shiny|57/100
|turn|6
|
|t:|1760330636
|move|p1a: Kristine|Pyro Ball|p2a: Scizor
|-supereffective|p2a: Scizor
|-damage|p2a: Scizor|0 fnt
|faint|p2a: Scizor
|
|upkeep
|
|t:|1760330641
|switch|p2a: Raikou|Raikou|100/100
|-ability|p2a: Raikou|Pressure
|turn|7
|
|t:|1760330647
|move|p1a: Kristine|Pyro Ball|p2a: Raikou|[miss]
|-miss|p1a: Kristine|p2a: Raikou
|move|p2a: Raikou|Scald|p1a: Kristine
|-supereffective|p1a: Kristine
|-damage|p1a: Kristine|0 fnt
|faint|p1a: Kristine
|
|upkeep
|
|t:|1760330661
|switch|p1a: WALL-Y|Iron Valiant|100/100
|-enditem|p1a: WALL-Y|Booster Energy
|-activate|p1a: WALL-Y|ability: Quark Drive|[fromitem]
|-start|p1a: WALL-Y|quarkdrivespe
|turn|8
|
|t:|1760330670
|move|p1a: WALL-Y|Calm Mind|p1a: WALL-Y
|-boost|p1a: WALL-Y|spa|1
|-boost|p1a: WALL-Y|spd|1
|move|p2a: Raikou|Volt Switch|p1a: WALL-Y
|-damage|p1a: WALL-Y|62/100
|
|t:|1760330686
|switch|p2a: Sylveon|Sylveon, M, shiny|100/100|[from] Volt Switch
|
|upkeep
|turn|9
|
|t:|1760330693
|-terastallize|p2a: Sylveon|Fairy
|move|p1a: WALL-Y|Shadow Ball|p2a: Sylveon
|-damage|p2a: Sylveon|68/100
|move|p2a: Sylveon|Hyper Voice|p1a: WALL-Y
|-supereffective|p1a: WALL-Y
|-damage|p1a: WALL-Y|0 fnt
|faint|p1a: WALL-Y
|-end|p1a: WALL-Y|Quark Drive|[silent]
|
|upkeep
|
|t:|1760330703
|switch|p1a: Daenerys|Kingambit, F|100/100
|-activate|p1a: Daenerys|ability: Supreme Overlord
|-start|p1a: Daenerys|fallen3|[silent]
|turn|10
|
|t:|1760330711
|switch|p2a: Garchomp|Garchomp, M|100/100
|move|p1a: Daenerys|Iron Head|p2a: Garchomp
|-damage|p2a: Garchomp|36/100
|-damage|p1a: Daenerys|88/100|[from] ability: Rough Skin|[of] p2a: Garchomp
|-damage|p1a: Daenerys|72/100|[from] item: Rocky Helmet|[of] p2a: Garchomp
|
|-heal|p1a: Daenerys|78/100|[from] item: Leftovers
|upkeep
|turn|11
|
|t:|1760330722
|-terastallize|p1a: Daenerys|Flying
|move|p2a: Garchomp|Outrage|p1a: Daenerys
|-damage|p1a: Daenerys|25/100
|move|p1a: Daenerys|Iron Head|p2a: Garchomp
|-damage|p2a: Garchomp|0 fnt
|-damage|p1a: Daenerys|12/100|[from] ability: Rough Skin|[of] p2a: Garchomp
|-damage|p1a: Daenerys|0 fnt|[from] item: Rocky Helmet|[of] p2a: Garchomp
|faint|p2a: Garchomp
|faint|p1a: Daenerys
|-end|p1a: Daenerys|fallen3|[silent]
|
|upkeep
|c|☆GreenSpot|wow, esperaba cambio a landorus
|c|☆GreenSpot|xd
|
|t:|1760330749
|switch|p2a: Sylveon|Sylveon, M, shiny, tera:Fairy|68/100
|switch|p1a: Homelandor|Landorus-Therian, M, shiny|54/100
|-ability|p1a: Homelandor|Intimidate|boost
|-unboost|p2a: Sylveon|atk|1
|turn|12
|
|t:|1760330756
|move|p2a: Sylveon|Hyper Voice|p1a: Homelandor
|-crit|p1a: Homelandor
|-damage|p1a: Homelandor|0 fnt
|faint|p1a: Homelandor
|
|upkeep
|
|t:|1760330761
|switch|p1a: Mr. Freeze|Kyurem, shiny|100/100
|-ability|p1a: Mr. Freeze|Pressure
|turn|13
|
|t:|1760330766
|move|p2a: Sylveon|Hyper Voice|p1a: Mr. Freeze
|-supereffective|p1a: Mr. Freeze
|-damage|p1a: Mr. Freeze|0 fnt
|faint|p1a: Mr. Freeze
|
|win|GreenSpot
|raw|T0YE's rating: 1277 &rarr; <strong>1253</strong><br />(-24 for losing)
|raw|GreenSpot's rating: 1295 &rarr; <strong>1319</strong><br />(+24 for winning)
|l|☆T0YE
|player|p1|
|l|☆GreenSpot
|player|p2|
