|j|☆djamaO
|j|☆lolproplayer
|t:|1760462338
|gametype|singles
|player|p1|djamaO|benga|1596
|player|p2|lolproplayer|1|1699
|gen|9
|tier|[Gen 9] OU
|rated|
|rule|HP Percentage Mod: HP is shown in percentages
|rule|Endless Battle Clause: Forcing endless battles is banned
|rule|Species Clause: Limit one of each Pokémon
|rule|OHKO Clause: OHKO moves are banned
|rule|Evasion Items Clause: Evasion items are banned
|rule|Evasion Moves Clause: Evasion moves are banned
|rule|Evasion Abilities Clause: Evasion abilities are banned
|rule|Sleep Moves Clause: Sleep-inducing moves are banned
|clearpoke
|poke|p1|Garchomp, F|
|poke|p1|Alomomola, F|
|poke|p1|Slowking-Galar, M|
|poke|p1|Ditto|
|poke|p1|Great Tusk|
|poke|p1|Dragapult, F|
|poke|p2|Ursaluna, F|
|poke|p2|Cresselia, F|
|poke|p2|Iron Hands|
|poke|p2|Volcanion|
|poke|p2|Hatterene, F|
|poke|p2|Porygon2|
|teampreview
|inactive|Battle timer is ON: inactive players will automatically lose when time's up. (requested by lolproplayer)
|
|t:|1760462357
|teamsize|p1|6
|teamsize|p2|6
|start
|switch|p1a: Dragapult|Dragapult, F|100/100
|switch|p2a: Porygon2|Porygon2|100/100
|-ability|p2a: Porygon2|Download|boost
|-boost|p2a: Porygon2|atk|1
|turn|1
|
|t:|1760462365
|move|p1a: Dragapult|U-turn|p2a: Porygon2
|-damage|p2a: Porygon2|88/100
|
|t:|1760462368
|switch|p1a: Slowking|Slowking-Galar, M|100/100|[from] U-turn
|move|p2a: Porygon2|Ice Beam|p1a: Slowking
|-damage|p1a: Slowking|83/100
|
|upkeep
|turn|2
|
|t:|1760462377
|switch|p2a: Ursaluna|Ursaluna, F|100/100
|move|p1a: Slowking|Future Sight|p2a: Ursaluna
|-start|p1a: Slowking|move: Future Sight
|
|-status|p2a: Ursaluna|brn|[from] item: Flame Orb
|upkeep
|turn|3
|
|t:|1760462387
|switch|p1a: Alomomola|Alomomola, F|100/100
|move|p2a: Ursaluna|Facade|p1a: Alomomola
|-damage|p1a: Alomomola|38/100
|
|-damage|p2a: Ursaluna|94/100 brn|[from] brn
|upkeep
|turn|4
|
|t:|1760462395
|move|p1a: Alomomola|Flip Turn|p2a: Ursaluna
|-supereffective|p2a: Ursaluna
|-damage|p2a: Ursaluna|74/100 brn
|
|t:|1760462399
|switch|p1a: Dragapult|Dragapult, F|100/100|[from] Flip Turn
|move|p2a: Ursaluna|Headlong Rush|p1a: Dragapult
|-damage|p1a: Dragapult|0 fnt
|-unboost|p2a: Ursaluna|def|1
|-unboost|p2a: Ursaluna|spd|1
|faint|p1a: Dragapult
|
|-end|p2a: Ursaluna|move: Future Sight
|-damage|p2a: Ursaluna|18/100 brn
|-damage|p2a: Ursaluna|11/100 brn|[from] brn
|upkeep
|
|t:|1760462413
|switch|p1a: Ditto|Ditto|100/100
|-transform|p1a: Ditto|p2a: Ursaluna|[from] ability: Imposter
|turn|5
|
|t:|1760462421
|switch|p2a: Cresselia|Cresselia, F|100/100
|move|p1a: Ditto|Facade|p2a: Cresselia
|-damage|p2a: Cresselia|76/100
|
|upkeep
|turn|6
|
|t:|1760462430
|switch|p1a: Slowking|Slowking-Galar, M|100/100
|move|p2a: Cresselia|Trick Room|p2a: Cresselia
|-fieldstart|move: Trick Room|[of] p2a: Cresselia
|
|upkeep
|turn|7
|
|t:|1760462435
|move|p1a: Slowking|Future Sight|p2a: Cresselia
|-start|p1a: Slowking|move: Future Sight
|move|p2a: Cresselia|Lunar Dance|p2a: Cresselia
|faint|p2a: Cresselia
|
|upkeep
|
|t:|1760462447
|switch|p2a: Ursaluna|Ursaluna, F|11/100 brn
|-heal|p2a: Ursaluna|100/100|[from] move: Lunar Dance
|turn|8
|
|t:|1760462454
|switch|p1a: Alomomola|Alomomola, F|71/100
|move|p2a: Ursaluna|Facade|p1a: Alomomola
|-crit|p1a: Alomomola
|-damage|p1a: Alomomola|35/100
|
|-status|p2a: Ursaluna|brn|[from] item: Flame Orb
|upkeep
|turn|9
|
|t:|1760462467
|move|p2a: Ursaluna|Facade|p1a: Alomomola
|-damage|p1a: Alomomola|0 fnt
|faint|p1a: Alomomola
|
|-end|p2a: Ursaluna|move: Future Sight
|-damage|p2a: Ursaluna|59/100 brn
|-damage|p2a: Ursaluna|53/100 brn|[from] brn
|upkeep
|
|t:|1760462475
|switch|p1a: Great Tusk|Great Tusk|100/100
|turn|10
|
|t:|1760462480
|-terastallize|p2a: Ursaluna|Normal
|move|p2a: Ursaluna|Facade|p1a: Great Tusk
|-damage|p1a: Great Tusk|1/100
|move|p1a: Great Tusk|Knock Off|p2a: Ursaluna
|-damage|p2a: Ursaluna|31/100 brn
|-enditem|p2a: Ursaluna|Flame Orb|[from] move: Knock Off|[of] p1a: Great Tusk
|
|-heal|p1a: Great Tusk|8/100|[from] item: Leftovers
|-damage|p2a: Ursaluna|24/100 brn|[from] brn
|-fieldend|move: Trick Room
|upkeep
|turn|11
|
|t:|1760462496
|move|p1a: Great Tusk|Headlong Rush|p2a: Ursaluna
|-damage|p2a: Ursaluna|0 fnt
|-unboost|p1a: Great Tusk|def|1
|-unboost|p1a: Great Tusk|spd|1
|faint|p2a: Ursaluna
|
|-heal|p1a: Great Tusk|14/100|[from] item: Leftovers
|upkeep
|inactive|lolproplayer has 120 seconds left.
|
|t:|1760462537
|switch|p2a: Porygon2|Porygon2|88/100
|-ability|p2a: Porygon2|Download|boost
|-boost|p2a: Porygon2|spa|1
|turn|12
|
|t:|1760462542
|-end|p1a: Great Tusk|Protosynthesis|[silent]
|switch|p1a: Slowking|Slowking-Galar, M|100/100
|move|p2a: Porygon2|Tera Blast|p1a: Slowking
|-damage|p1a: Slowking|66/100
|
|upkeep
|turn|13
|
|t:|1760462554
|move|p2a: Porygon2|Tera Blast|p1a: Slowking
|-damage|p1a: Slowking|31/100
|move|p1a: Slowking|Sludge Bomb|p2a: Porygon2
|-damage|p2a: Porygon2|68/100
|-status|p2a: Porygon2|psn
|
|-damage|p2a: Porygon2|56/100 psn|[from] psn
|upkeep
|turn|14
|inactive|lolproplayer has 120 seconds left.
|
|t:|1760462564
|switch|p1a: Ditto|Ditto|100/100
|-transform|p1a: Ditto|p2a: Porygon2|[from] ability: Imposter
|-ability|p1a: Ditto|Download|boost
|-boost|p1a: Ditto|atk|1
|move|p2a: Porygon2|Tera Blast|p1a: Ditto
|-damage|p1a: Ditto|24/100
|
|-damage|p2a: Porygon2|44/100 psn|[from] psn
|upkeep
|turn|15
|inactive|lolproplayer has 120 seconds left.
|
|t:|1760462580
|move|p1a: Ditto|Tera Blast|p2a: Porygon2
|-damage|p2a: Porygon2|5/100 psn
|move|p2a: Porygon2|Tera Blast|p1a: Ditto
|-damage|p1a: Ditto|0 fnt
|faint|p1a: Ditto
|
|-damage|p2a: Porygon2|0 fnt|[from] psn
|faint|p2a: Porygon2
|upkeep
|
|t:|1760462599
|switch|p1a: Slowking|Slowking-Galar, M|64/100
|switch|p2a: Hatterene|Hatterene, F|100/100
|turn|16
|
|t:|1760462606
|move|p1a: Slowking|Future Sight|p2a: Hatterene
|-start|p1a: Slowking|move: Future Sight
|move|p2a: Hatterene|Trick Room|p2a: Hatterene
|-fieldstart|move: Trick Room|[of] p2a: Hatterene
|
|upkeep
|turn|17
|
|t:|1760462611
|switch|p2a: Volcanion|Volcanion|100/100
|move|p1a: Slowking|Sludge Bomb|p2a: Volcanion
|-damage|p2a: Volcanion|67/100
|
|upkeep
|turn|18
|
|t:|1760462618
|move|p1a: Slowking|Sludge Bomb|p2a: Volcanion
|-damage|p2a: Volcanion|31/100
|-status|p2a: Volcanion|psn
|move|p2a: Volcanion|Steam Eruption|p1a: Slowking
|-damage|p1a: Slowking|11/100
|
|-end|p2a: Volcanion|move: Future Sight
|-crit|p2a: Volcanion
|-damage|p2a: Volcanion|0 fnt
|faint|p2a: Volcanion
|upkeep
|inactive|lolproplayer has 120 seconds left.
|
|t:|1760462631
|switch|p2a: Hatterene|Hatterene, F|100/100
|turn|19
|
|t:|1760462638
|switch|p1a: Great Tusk|Great Tusk|14/100
|move|p2a: Hatterene|Psychic Noise|p1a: Great Tusk
|-supereffective|p1a: Great Tusk
|-damage|p1a: Great Tusk|0 fnt
|faint|p1a: Great Tusk
|-end|p1a: Great Tusk|Protosynthesis|[silent]
|
|upkeep
|
|t:|1760462645
|switch|p1a: Garchomp|Garchomp, F|100/100
|turn|20
|
|t:|1760462654
|-terastallize|p1a: Garchomp|Ground
|move|p2a: Hatterene|Dazzling Gleam|p1a: Garchomp
|-damage|p1a: Garchomp|64/100
|move|p1a: Garchomp|Earthquake|p2a: Hatterene
|-crit|p2a: Hatterene
|-damage|p2a: Hatterene|7/100
|
|-fieldend|move: Trick Room
|upkeep
|turn|21
|
|t:|1760462666
|move|p1a: Garchomp|Earthquake|p2a: Hatterene
|-damage|p2a: Hatterene|0 fnt
|faint|p2a: Hatterene
|
|upkeep
|
|t:|1760462671
|switch|p2a: Iron Hands|Iron Hands|100/100
|-enditem|p2a: Iron Hands|Booster Energy
|-activate|p2a: Iron Hands|ability: Quark Drive|[fromitem]
|-start|p2a: Iron Hands|quarkdriveatk
|turn|22
|
|t:|1760462677
|move|p1a: Garchomp|Earthquake|p2a: Iron Hands
|-supereffective|p2a: Iron Hands
|-damage|p2a: Iron Hands|12/100
|move|p2a: Iron Hands|Close Combat|p1a: Garchomp
|-crit|p1a: Garchomp
|-damage|p1a: Garchomp|0 fnt
|-unboost|p2a: Iron Hands|def|1
|-unboost|p2a: Iron Hands|spd|1
|-damage|p2a: Iron Hands|0 fnt|[from] ability: Rough Skin|[of] p1a: Garchomp
|faint|p1a: Garchomp
|faint|p2a: Iron Hands
|-end|p2a: Iron Hands|Quark Drive|[silent]
|
|win|djamaO
|raw|djamaO's rating: 1596 &rarr; <strong>1622</strong><br />(+26 for winning)
|raw|lolproplayer's rating: 1699 &rarr; <strong>1673</strong><br />(-26 for losing)
|l|☆lolproplayer
|player|p2|
|l|☆djamaO
|player|p1|
