|j|☆pokplayer123
|j|☆EETT50_2
|t:|1760404890
|gametype|singles
|player|p1|pokplayer123|lance|1088
|player|p2|EETT50_2|1|1050
|gen|9
|tier|[Gen 9] OU
|rated|
|rule|HP Percentage Mod: HP is shown in percentages
|rule|Endless Battle Clause: Forcing endless battles is banned
|rule|Species Clause: Limit one of each Pokémon
|rule|OHKO Clause: OHKO moves are banned
|rule|Evasion Items Clause: Evasion items are banned
|rule|Evasion Moves Clause: Evasion moves are banned
|rule|Evasion Abilities Clause: Evasion abilities are banned
|rule|Sleep Moves Clause: Sleep-inducing moves are banned
|clearpoke
|poke|p1|Excadrill, M|
|poke|p1|Vikavolt, F|
|poke|p1|Ninetales-Alola, F|
|poke|p1|Necrozma|
|poke|p1|Basculegion-F, F|
|poke|p1|Kingambit, F|
|poke|p2|Gliscor, M|
|poke|p2|Haxorus, F|
|poke|p2|Lapras, M|
|poke|p2|Galvantula, M|
|poke|p2|Metagross|
|poke|p2|Chandelure, F|
|teampreview
|inactive|Battle timer is ON: inactive players will automatically lose when time's up. (requested by pokplayer123)
|
|t:|1760404895
|teamsize|p1|6
|teamsize|p2|6
|start
|switch|p1a: Vikavolt|Vikavolt, F|100/100
|switch|p2a: Galvantula|Galvantula, M|100/100
|turn|1
|
|t:|1760404902
|move|p2a: Galvantula|Sticky Web|p1a: Vikavolt
|-sidestart|p1: pokplayer123|move: Sticky Web
|move|p1a: Vikavolt|Sticky Web|p2a: Galvantula
|-sidestart|p2: EETT50_2|move: Sticky Web
|
|upkeep
|turn|2
|
|t:|1760404906
|move|p2a: Galvantula|Light Screen|p2a: Galvantula
|-sidestart|p2: EETT50_2|move: Light Screen
|move|p1a: Vikavolt|Bug Buzz|p2a: Galvantula
|-damage|p2a: Galvantula|61/100
|
|upkeep
|turn|3
|
|t:|1760404911
|move|p2a: Galvantula|Struggle Bug|p1a: Vikavolt
|-damage|p1a: Vikavolt|69/100
|-unboost|p1a: Vikavolt|spa|1
|move|p1a: Vikavolt|Bug Buzz|p2a: Galvantula
|-damage|p2a: Galvantula|36/100
|
|upkeep
|turn|4
|
|t:|1760404922
|switch|p1a: Excadrill|Excadrill, M, shiny|100/100
|-activate|p1a: Excadrill|move: Sticky Web
|-unboost|p1a: Excadrill|spe|1
|-ability|p1a: Excadrill|Mold Breaker
|move|p2a: Galvantula|Struggle Bug|p1a: Excadrill
|-resisted|p1a: Excadrill
|-damage|p1a: Excadrill|90/100
|-unboost|p1a: Excadrill|spa|1
|
|upkeep
|turn|5
|
|t:|1760404935
|switch|p2a: Gliscor|Gliscor, M|100/100
|move|p1a: Excadrill|Rapid Spin|p2a: Gliscor
|-damage|p2a: Gliscor|87/100
|-boost|p1a: Excadrill|spe|1
|-sideend|p1: pokplayer123|Sticky Web|[from] move: Rapid Spin|[of] p1a: Excadrill
|
|-status|p2a: Gliscor|tox|[from] item: Toxic Orb
|upkeep
|turn|6
|
|t:|1760404946
|switch|p1a: Basculegion|Basculegion-F, F|100/100
|move|p2a: Gliscor|Earthquake|p1a: Basculegion
|-damage|p1a: Basculegion|47/100
|
|-heal|p2a: Gliscor|99/100 tox|[from] ability: Poison Heal
|-sideend|p2: EETT50_2|move: Light Screen
|upkeep
|turn|7
|
|t:|1760404957
|move|p1a: Basculegion|Flip Turn|p2a: Gliscor
|-supereffective|p2a: Gliscor
|-damage|p2a: Gliscor|11/100 tox
|
|t:|1760404961
|switch|p1a: Vikavolt|Vikavolt, F|69/100|[from] Flip Turn
|move|p2a: Gliscor|Facade|p1a: Vikavolt
|-damage|p1a: Vikavolt|25/100
|
|-heal|p2a: Gliscor|24/100 tox|[from] ability: Poison Heal
|upkeep
|turn|8
|
|t:|1760404977
|move|p2a: Gliscor|Facade|p1a: Vikavolt
|-damage|p1a: Vikavolt|0 fnt
|faint|p1a: Vikavolt
|
|-heal|p2a: Gliscor|36/100 tox|[from] ability: Poison Heal
|upkeep
|
|t:|1760404984
|switch|p1a: Basculegion|Basculegion-F, F|47/100
|turn|9
|
|t:|1760404992
|switch|p2a: Lapras|Lapras, M|100/100
|-activate|p2a: Lapras|move: Sticky Web
|-unboost|p2a: Lapras|spe|1
|move|p1a: Basculegion|Flip Turn|p2a: Lapras
|-immune|p2a: Lapras|[from] ability: Water Absorb
|
|upkeep
|turn|10
|
|t:|1760405007
|switch|p1a: Ninetales|Ninetales-Alola, F, shiny|100/100
|-weather|Snowscape|[from] ability: Snow Warning|[of] p1a: Ninetales
|move|p2a: Lapras|Ice Beam|p1a: Ninetales
|-resisted|p1a: Ninetales
|-damage|p1a: Ninetales|78/100
|
|-weather|Snowscape|[upkeep]
|upkeep
|turn|11
|
|t:|1760405017
|move|p1a: Ninetales|Aurora Veil|p1a: Ninetales
|-sidestart|p1: pokplayer123|move: Aurora Veil
|move|p2a: Lapras|Alluring Voice|p1a: Ninetales
|-crit|p1a: Ninetales
|-damage|p1a: Ninetales|38/100
|
|-weather|Snowscape|[upkeep]
|upkeep
|turn|12
|
|t:|1760405022
|move|p1a: Ninetales|Draining Kiss|p2a: Lapras
|-damage|p2a: Lapras|85/100
|-heal|p1a: Ninetales|56/100|[from] drain|[of] p2a: Lapras
|move|p2a: Lapras|Alluring Voice|p1a: Ninetales
|-damage|p1a: Ninetales|41/100
|
|-weather|Snowscape|[upkeep]
|-heal|p2a: Lapras|91/100|[from] item: Leftovers
|upkeep
|turn|13
|
|t:|1760405032
|move|p1a: Ninetales|Draining Kiss|p2a: Lapras
|-damage|p2a: Lapras|74/100
|-heal|p1a: Ninetales|60/100|[from] drain|[of] p2a: Lapras
|move|p2a: Lapras|Ice Beam|p1a: Ninetales
|-resisted|p1a: Ninetales
|-damage|p1a: Ninetales|48/100
|
|-weather|Snowscape|[upkeep]
|-heal|p2a: Lapras|80/100|[from] item: Leftovers
|upkeep
|turn|14
|
|t:|1760405043
|switch|p1a: Excadrill|Excadrill, M, shiny|90/100
|-ability|p1a: Excadrill|Mold Breaker
|move|p2a: Lapras|Hydro Pump|p1a: Excadrill
|-supereffective|p1a: Excadrill
|-damage|p1a: Excadrill|46/100
|
|-weather|none
|-heal|p2a: Lapras|86/100|[from] item: Leftovers
|upkeep
|turn|15
|
|t:|1760405056
|move|p1a: Excadrill|Rapid Spin|p2a: Lapras
|-damage|p2a: Lapras|74/100
|-boost|p1a: Excadrill|spe|1
|move|p2a: Lapras|Haze|p2a: Lapras
|-clearallboost
|
|-heal|p2a: Lapras|80/100|[from] item: Leftovers
|upkeep
|turn|16
|
|t:|1760405064
|move|p1a: Excadrill|Iron Head|p2a: Lapras
|-damage|p2a: Lapras|51/100
|move|p2a: Lapras|Alluring Voice|p1a: Excadrill
|-resisted|p1a: Excadrill
|-damage|p1a: Excadrill|40/100
|
|-heal|p2a: Lapras|58/100|[from] item: Leftovers
|upkeep
|turn|17
|
|t:|1760405072
|move|p1a: Excadrill|Stealth Rock|p2a: Lapras
|-sidestart|p2: EETT50_2|move: Stealth Rock
|move|p2a: Lapras|Alluring Voice|p1a: Excadrill
|-resisted|p1a: Excadrill
|-damage|p1a: Excadrill|35/100
|
|-heal|p2a: Lapras|64/100|[from] item: Leftovers
|upkeep
|turn|18
|
|t:|1760405078
|move|p1a: Excadrill|Iron Head|p2a: Lapras
|-damage|p2a: Lapras|37/100
|cant|p2a: Lapras|flinch
|
|-heal|p2a: Lapras|43/100|[from] item: Leftovers
|-sideend|p1: pokplayer123|move: Aurora Veil
|upkeep
|turn|19
|
|t:|1760405084
|move|p1a: Excadrill|Iron Head|p2a: Lapras
|-damage|p2a: Lapras|17/100
|move|p2a: Lapras|Hydro Pump|p1a: Excadrill
|-supereffective|p1a: Excadrill
|-damage|p1a: Excadrill|0 fnt
|faint|p1a: Excadrill
|
|-heal|p2a: Lapras|23/100|[from] item: Leftovers
|upkeep
|
|t:|1760405094
|switch|p1a: Basculegion|Basculegion-F, F|47/100
|turn|20
|
|t:|1760405098
|move|p1a: Basculegion|Psychic Fangs|p2a: Lapras
|-damage|p2a: Lapras|0 fnt
|faint|p2a: Lapras
|
|upkeep
|
|t:|1760405115
|switch|p2a: Galvantula|Galvantula, M|36/100
|-activate|p2a: Galvantula|move: Sticky Web
|-unboost|p2a: Galvantula|spe|1
|-damage|p2a: Galvantula|12/100|[from] Stealth Rock
|turn|21
|
|t:|1760405120
|move|p1a: Basculegion|Psychic Fangs|p2a: Galvantula
|-damage|p2a: Galvantula|0 fnt
|faint|p2a: Galvantula
|
|upkeep
|
|t:|1760405127
|switch|p2a: Chandelure|Chandelure, F|100/100
|-activate|p2a: Chandelure|move: Sticky Web
|-unboost|p2a: Chandelure|spe|1
|-damage|p2a: Chandelure|76/100|[from] Stealth Rock
|turn|22
|
|t:|1760405144
|switch|p1a: Kingambit|Kingambit, F|100/100
|-activate|p1a: Kingambit|ability: Supreme Overlord
|-start|p1a: Kingambit|fallen2|[silent]
|-terastallize|p2a: Chandelure|Grass
|move|p2a: Chandelure|Energy Ball|p1a: Kingambit
|-resisted|p1a: Kingambit
|-damage|p1a: Kingambit|67/100
|
|upkeep
|turn|23
|
|t:|1760405153
|switch|p2a: Metagross|Metagross|100/100
|-activate|p2a: Metagross|move: Sticky Web
|-fail|p2a: Metagross|unboost|[from] ability: Clear Body|[of] p2a: Metagross
|-damage|p2a: Metagross|94/100|[from] Stealth Rock
|move|p1a: Kingambit|Kowtow Cleave|p2a: Metagross
|-supereffective|p2a: Metagross
|-damage|p2a: Metagross|24/100
|-enditem|p2a: Metagross|Weakness Policy
|-boost|p2a: Metagross|atk|2|[from] item: Weakness Policy
|-boost|p2a: Metagross|spa|2|[from] item: Weakness Policy
|
|upkeep
|turn|24
|
|t:|1760405167
|move|p1a: Kingambit|Sucker Punch|p2a: Metagross
|-supereffective|p2a: Metagross
|-damage|p2a: Metagross|0 fnt
|faint|p2a: Metagross
|
|upkeep
|
|t:|1760405173
|switch|p2a: Gliscor|Gliscor, M|36/100 tox
|-damage|p2a: Gliscor|24/100 tox|[from] Stealth Rock
|turn|25
|
|t:|1760405177
|move|p1a: Kingambit|Sucker Punch|p2a: Gliscor
|-damage|p2a: Gliscor|0 fnt
|faint|p2a: Gliscor
|
|upkeep
|
|t:|1760405181
|switch|p2a: Haxorus|Haxorus, F|100/100
|-activate|p2a: Haxorus|move: Sticky Web
|-unboost|p2a: Haxorus|spe|1
|-damage|p2a: Haxorus|88/100|[from] Stealth Rock
|-ability|p2a: Haxorus|Mold Breaker
|turn|26
|
|t:|1760405190
|-end|p1a: Kingambit|fallen2|[silent]
|switch|p1a: Basculegion|Basculegion-F, F|47/100
|move|p2a: Haxorus|Dragon Dance|p2a: Haxorus
|-boost|p2a: Haxorus|atk|1
|-boost|p2a: Haxorus|spe|1
|
|upkeep
|turn|27
|
|t:|1760405202
|move|p2a: Haxorus|Dragon Claw|p1a: Basculegion
|-damage|p1a: Basculegion|0 fnt
|faint|p1a: Basculegion
|-damage|p2a: Haxorus|78/100|[from] item: Life Orb
|
|upkeep
|
|t:|1760405207
|switch|p1a: Ninetales|Ninetales-Alola, F, shiny|48/100
|-weather|Snowscape|[from] ability: Snow Warning|[of] p1a: Ninetales
|turn|28
|
|t:|1760405212
|move|p2a: Haxorus|Poison Jab|p1a: Ninetales
|-supereffective|p1a: Ninetales
|-damage|p1a: Ninetales|0 fnt
|faint|p1a: Ninetales
|-damage|p2a: Haxorus|68/100|[from] item: Life Orb
|
|-weather|Snowscape|[upkeep]
|upkeep
|
|t:|1760405218
|switch|p1a: Kingambit|Kingambit, F|67/100
|-activate|p1a: Kingambit|ability: Supreme Overlord
|-start|p1a: Kingambit|fallen4|[silent]
|turn|29
|
|t:|1760405224
|move|p1a: Kingambit|Sucker Punch||[still]
|-fail|p1a: Kingambit
|move|p2a: Haxorus|Dragon Dance|p2a: Haxorus
|-boost|p2a: Haxorus|atk|1
|-boost|p2a: Haxorus|spe|1
|
|-weather|Snowscape|[upkeep]
|upkeep
|turn|30
|
|t:|1760405233
|move|p2a: Haxorus|Earthquake|p1a: Kingambit
|-supereffective|p1a: Kingambit
|-damage|p1a: Kingambit|0 fnt
|faint|p1a: Kingambit
|-end|p1a: Kingambit|fallen4|[silent]
|-damage|p2a: Haxorus|59/100|[from] item: Life Orb
|
|-weather|Snowscape|[upkeep]
|upkeep
|
|t:|1760405238
|switch|p1a: Necrozma|Necrozma|100/100
|turn|31
|
|t:|1760405248
|move|p2a: Haxorus|Dragon Claw|p1a: Necrozma
|-damage|p1a: Necrozma|1/100
|-damage|p2a: Haxorus|49/100|[from] item: Life Orb
|move|p1a: Necrozma|Dragon Dance|p1a: Necrozma
|-boost|p1a: Necrozma|atk|1
|-boost|p1a: Necrozma|spe|1
|
|-weather|Snowscape|[upkeep]
|upkeep
|turn|32
|
|t:|1760405256
|move|p2a: Haxorus|Poison Jab|p1a: Necrozma
|-damage|p1a: Necrozma|0 fnt
|faint|p1a: Necrozma
|-damage|p2a: Haxorus|39/100|[from] item: Life Orb
|
|win|EETT50_2
|raw|pokplayer123's rating: 1088 &rarr; <strong>1062</strong><br />(-26 for losing)
|raw|EETT50_2's rating: 1050 &rarr; <strong>1086</strong><br />(+36 for winning)
|l|☆pokplayer123
|player|p1|
