|j|☆GOAT of CC1v1
|j|☆SprinkleQueen
|t:|1760312633
|gametype|singles
|player|p1|GOAT of CC1v1|red|1355
|player|p2|SprinkleQueen|shauntal|1340
|gen|9
|tier|[Gen 9] OU
|rated|
|rule|HP Percentage Mod: HP is shown in percentages
|rule|Endless Battle Clause: Forcing endless battles is banned
|rule|Species Clause: Limit one of each Pokémon
|rule|OHKO Clause: OHKO moves are banned
|rule|Evasion Items Clause: Evasion items are banned
|rule|Evasion Moves Clause: Evasion moves are banned
|rule|Evasion Abilities Clause: Evasion abilities are banned
|rule|Sleep Moves Clause: Sleep-inducing moves are banned
|clearpoke
|poke|p1|Alomomola, F|
|poke|p1|Decidueye-Hisui, F|
|poke|p1|Weezing-Galar, M|
|poke|p1|Dondozo, M|
|poke|p1|Gliscor, M|
|poke|p1|Blissey, F|
|poke|p2|Breloom, M|
|poke|p2|Dragonite, M|
|poke|p2|Cinderace, M|
|poke|p2|Iron Crown|
|poke|p2|Iron Valiant|
|poke|p2|Great Tusk|
|teampreview
|inactive|Battle timer is ON: inactive players will automatically lose when time's up. (requested by SprinkleQueen)
|inactive|GOAT of CC1v1 has 120 seconds left.
|
|t:|1760312685
|teamsize|p1|6
|teamsize|p2|6
|start
|switch|p1a: Hotline Stings|Gliscor, M|100/100
|switch|p2a: Ref|Cinderace, M|100/100
|turn|1
|inactive|GOAT of CC1v1 has 120 seconds left.
|inactive|GOAT of CC1v1 has 90 seconds left.
|
|t:|1760312745
|move|p1a: Hotline Stings|Protect|p1a: Hotline Stings
|-singleturn|p1a: Hotline Stings|Protect
|move|p2a: Ref|Will-O-Wisp|p1a: Hotline Stings
|-activate|p1a: Hotline Stings|move: Protect
|
|-status|p1a: Hotline Stings|tox|[from] item: Toxic Orb
|upkeep
|turn|2
|
|t:|1760312758
|move|p2a: Ref|U-turn|p1a: Hotline Stings
|-resisted|p1a: Hotline Stings
|-damage|p1a: Hotline Stings|95/100 tox
|
|t:|1760312765
|switch|p2a: Goji|Dragonite, M, shiny|100/100|[from] U-turn
|move|p1a: Hotline Stings|Toxic|p2a: Goji
|-status|p2a: Goji|tox
|
|-damage|p2a: Goji|94/100 tox|[from] psn
|-heal|p1a: Hotline Stings|100/100 tox|[from] ability: Poison Heal
|upkeep
|turn|3
|
|t:|1760312779
|move|p2a: Goji|Ice Spinner|p1a: Hotline Stings
|-supereffective|p1a: Hotline Stings
|-damage|p1a: Hotline Stings|21/100 tox
|move|p1a: Hotline Stings|Stealth Rock|p2a: Goji
|-sidestart|p2: SprinkleQueen|move: Stealth Rock
|
|-damage|p2a: Goji|82/100 tox|[from] psn
|-heal|p1a: Hotline Stings|33/100 tox|[from] ability: Poison Heal
|upkeep
|turn|4
|
|t:|1760312783
|move|p1a: Hotline Stings|Protect|p1a: Hotline Stings
|-singleturn|p1a: Hotline Stings|Protect
|move|p2a: Goji|Dragon Dance|p2a: Goji
|-boost|p2a: Goji|atk|1
|-boost|p2a: Goji|spe|1
|
|-damage|p2a: Goji|63/100 tox|[from] psn
|-heal|p1a: Hotline Stings|46/100 tox|[from] ability: Poison Heal
|upkeep
|turn|5
|j| Giragono
|inactive|GOAT of CC1v1 has 120 seconds left.
|l| Giragono
|
|t:|1760312790
|switch|p1a: Notorious ZZZ|Dondozo, M|100/100
|move|p2a: Goji|Ice Spinner|p1a: Notorious ZZZ
|-resisted|p1a: Notorious ZZZ
|-damage|p1a: Notorious ZZZ|94/100
|
|-damage|p2a: Goji|39/100 tox|[from] psn
|upkeep
|turn|6
|
|t:|1760312800
|switch|p2a: Black Trumpet|Breloom, M|100/100
|-damage|p2a: Black Trumpet|94/100|[from] Stealth Rock
|move|p1a: Notorious ZZZ|Avalanche|p2a: Black Trumpet
|-supereffective|p2a: Black Trumpet
|-damage|p2a: Black Trumpet|51/100
|
|upkeep
|turn|7
|inactive|GOAT of CC1v1 has 120 seconds left.
|
|t:|1760312833
|switch|p2a: Razer|Iron Crown|100/100
|-damage|p2a: Razer|94/100|[from] Stealth Rock
|-terastallize|p1a: Notorious ZZZ|Dragon
|move|p1a: Notorious ZZZ|Avalanche|p2a: Razer
|-resisted|p2a: Razer
|-damage|p2a: Razer|86/100
|
|upkeep
|turn|8
|
|t:|1760312842
|switch|p1a: Blissey Elliot|Blissey, F|100/100
|move|p2a: Razer|Future Sight|p1a: Blissey Elliot
|-start|p2a: Razer|move: Future Sight
|
|upkeep
|turn|9
|
|t:|1760312845
|move|p2a: Razer|Volt Switch|p1a: Blissey Elliot
|-damage|p1a: Blissey Elliot|93/100
|
|t:|1760312853
|-end|p2a: Razer|Quark Drive|[silent]
|switch|p2a: Owchie|Great Tusk|100/100|[from] Volt Switch
|-damage|p2a: Owchie|98/100|[from] Stealth Rock
|move|p1a: Blissey Elliot|Seismic Toss|p2a: Owchie
|-damage|p2a: Owchie|74/100
|-damage|p1a: Blissey Elliot|77/100|[from] item: Rocky Helmet|[of] p2a: Owchie
|
|-heal|p1a: Blissey Elliot|83/100|[from] item: Leftovers
|upkeep
|turn|10
|
|t:|1760312876
|switch|p1a: Wishy Minaj|Alomomola, F|100/100
|move|p2a: Owchie|Rapid Spin|p1a: Wishy Minaj
|-damage|p1a: Wishy Minaj|93/100
|-boost|p2a: Owchie|spe|1
|-sideend|p2: SprinkleQueen|Stealth Rock|[from] move: Rapid Spin|[of] p2a: Owchie
|
|-end|p1a: Wishy Minaj|move: Future Sight
|-damage|p1a: Wishy Minaj|24/100
|upkeep
|turn|11
|
|t:|1760312895
|-end|p2a: Owchie|Protosynthesis|[silent]
|switch|p2a: Razer|Iron Crown|86/100
|switch|p1a: Notorious ZZZ|Dondozo, M, tera:Dragon|94/100
|
|upkeep
|turn|12
|
|t:|1760312907
|move|p2a: Razer|Future Sight|p1a: Notorious ZZZ
|-start|p2a: Razer|move: Future Sight
|move|p1a: Notorious ZZZ|Body Press|p2a: Razer
|-damage|p2a: Razer|55/100
|
|upkeep
|turn|13
|
|t:|1760312922
|switch|p1a: Hotline Stings|Gliscor, M|46/100 tox
|move|p2a: Razer|Volt Switch|p1a: Hotline Stings
|-immune|p1a: Hotline Stings
|
|-heal|p1a: Hotline Stings|58/100 tox|[from] ability: Poison Heal
|upkeep
|turn|14
|inactive|GOAT of CC1v1 has 120 seconds left.
|
|t:|1760312956
|-end|p2a: Razer|Quark Drive|[silent]
|switch|p2a: Goji|Dragonite, M, shiny|39/100 tox
|move|p1a: Hotline Stings|Protect||[still]
|-fail|p1a: Hotline Stings
|
|-end|p1a: Hotline Stings|move: Future Sight
|-crit|p1a: Hotline Stings
|-damage|p1a: Hotline Stings|0 fnt
|faint|p1a: Hotline Stings
|-damage|p2a: Goji|32/100 tox|[from] psn
|upkeep
|c|☆GOAT of CC1v1|damn
|
|t:|1760312968
|switch|p1a: Wishy Minaj|Alomomola, F|57/100
|turn|15
|
|t:|1760312976
|switch|p2a: Ref|Cinderace, M|100/100
|move|p1a: Wishy Minaj|Flip Turn|p2a: Ref
|-supereffective|p2a: Ref
|-damage|p2a: Ref|63/100
|
|t:|1760312987
|switch|p1a: Notorious ZZZ|Dondozo, M, tera:Dragon|94/100|[from] Flip Turn
|
|upkeep
|turn|16
|c|☆SprinkleQueen|your nicknames are goated btw
|
|t:|1760312996
|move|p2a: Ref|Will-O-Wisp|p1a: Notorious ZZZ
|-status|p1a: Notorious ZZZ|brn
|move|p1a: Notorious ZZZ|Avalanche|p2a: Ref
|-resisted|p2a: Ref
|-damage|p2a: Ref|59/100
|
|-damage|p1a: Notorious ZZZ|88/100 brn|[from] brn
|upkeep
|turn|17
|inactive|GOAT of CC1v1 has 120 seconds left.
|
|t:|1760313025
|move|p2a: Ref|U-turn|p1a: Notorious ZZZ
|-damage|p1a: Notorious ZZZ|79/100 brn
|c|☆GOAT of CC1v1|thanks
|
|t:|1760313029
|switch|p2a: Razer|Iron Crown|55/100|[from] U-turn
|move|p1a: Notorious ZZZ|Avalanche|p2a: Razer
|-resisted|p2a: Razer
|-damage|p2a: Razer|52/100
|
|-damage|p1a: Notorious ZZZ|73/100 brn|[from] brn
|upkeep
|turn|18
|c|☆SprinkleQueen|yw
|
|t:|1760313040
|switch|p1a: Blissey Elliot|Blissey, F|83/100
|move|p2a: Razer|Future Sight|p1a: Blissey Elliot
|-start|p2a: Razer|move: Future Sight
|
|-heal|p1a: Blissey Elliot|89/100|[from] item: Leftovers
|upkeep
|turn|19
|inactive|GOAT of CC1v1 has 120 seconds left.
|
|t:|1760313066
|move|p2a: Razer|Volt Switch|p1a: Blissey Elliot
|-damage|p1a: Blissey Elliot|82/100
|
|t:|1760313071
|-end|p2a: Razer|Quark Drive|[silent]
|switch|p2a: Black Trumpet|Breloom, M|51/100|[from] Volt Switch
|move|p1a: Blissey Elliot|Seismic Toss|p2a: Black Trumpet
|-damage|p2a: Black Trumpet|13/100
|
|-heal|p1a: Blissey Elliot|88/100|[from] item: Leftovers
|upkeep
|turn|20
|
|t:|1760313079
|switch|p1a: Wishy Minaj|Alomomola, F|90/100
|move|p2a: Black Trumpet|Bullet Seed|p1a: Wishy Minaj
|-supereffective|p1a: Wishy Minaj
|-damage|p1a: Wishy Minaj|54/100
|-supereffective|p1a: Wishy Minaj
|-damage|p1a: Wishy Minaj|21/100
|-supereffective|p1a: Wishy Minaj
|-damage|p1a: Wishy Minaj|0 fnt
|faint|p1a: Wishy Minaj
|-hitcount|p1: Wishy Minaj|3
|
|-hint|Future Sight did not hit because the target is fainted.
|upkeep
|
|t:|1760313084
|switch|p1a: Blissey Elliot|Blissey, F|88/100
|turn|21
|c|☆GOAT of CC1v1|oops
|
|t:|1760313088
|switch|p1a: Wheezy F(og) Baby|Weezing-Galar, M|100/100
|-ability|p1a: Wheezy F(og) Baby|Neutralizing Gas
|move|p2a: Black Trumpet|Bullet Seed|p1a: Wheezy F(og) Baby
|-resisted|p1a: Wheezy F(og) Baby
|-damage|p1a: Wheezy F(og) Baby|94/100
|-resisted|p1a: Wheezy F(og) Baby
|-damage|p1a: Wheezy F(og) Baby|86/100
|-resisted|p1a: Wheezy F(og) Baby
|-damage|p1a: Wheezy F(og) Baby|79/100
|-resisted|p1a: Wheezy F(og) Baby
|-crit|p1a: Wheezy F(og) Baby
|-damage|p1a: Wheezy F(og) Baby|68/100
|-resisted|p1a: Wheezy F(og) Baby
|-damage|p1a: Wheezy F(og) Baby|60/100
|-hitcount|p1a: Wheezy F(og) Baby|5
|
|upkeep
|turn|22
|
|t:|1760313098
|switch|p2a: Razer|Iron Crown|52/100
|move|p1a: Wheezy F(og) Baby|Overheat|p2a: Razer
|-supereffective|p2a: Razer
|-damage|p2a: Razer|19/100
|-unboost|p1a: Wheezy F(og) Baby|spa|2
|
|upkeep
|turn|23
|
|t:|1760313106
|move|p2a: Razer|Tachyon Cutter|p1a: Wheezy F(og) Baby
|-supereffective|p1a: Wheezy F(og) Baby
|-damage|p1a: Wheezy F(og) Baby|0 fnt
|faint|p1a: Wheezy F(og) Baby
|-end|p1a: Wheezy F(og) Baby|ability: Neutralizing Gas
|-hitcount|p1: Wheezy F(og) Baby|1
|
|upkeep
|
|t:|1760313109
|switch|p1a: Blissey Elliot|Blissey, F|88/100
|turn|24
|
|t:|1760313113
|move|p2a: Razer|Volt Switch|p1a: Blissey Elliot
|-damage|p1a: Blissey Elliot|80/100
|
|t:|1760313117
|-end|p2a: Razer|Quark Drive|[silent]
|switch|p2a: Black Trumpet|Breloom, M|13/100|[from] Volt Switch
|move|p1a: Blissey Elliot|Seismic Toss|p2a: Black Trumpet
|-damage|p2a: Black Trumpet|0 fnt
|faint|p2a: Black Trumpet
|
|-heal|p1a: Blissey Elliot|86/100|[from] item: Leftovers
|upkeep
|
|t:|1760313124
|switch|p2a: Seline|Iron Valiant, shiny|100/100
|-enditem|p2a: Seline|Booster Energy
|-activate|p2a: Seline|ability: Quark Drive|[fromitem]
|-start|p2a: Seline|quarkdrivespe
|turn|25
|
|t:|1760313137
|switch|p1a: Decidua Lipa|Decidueye-Hisui, F|100/100
|move|p2a: Seline|Close Combat|p1a: Decidua Lipa
|-damage|p1a: Decidua Lipa|54/100
|-unboost|p2a: Seline|def|1
|-unboost|p2a: Seline|spd|1
|
|upkeep
|turn|26
|
|t:|1760313161
|switch|p1a: Notorious ZZZ|Dondozo, M, tera:Dragon|73/100 brn
|move|p2a: Seline|Moonblast|p1a: Notorious ZZZ
|-supereffective|p1a: Notorious ZZZ
|-damage|p1a: Notorious ZZZ|0 fnt
|faint|p1a: Notorious ZZZ
|
|upkeep
|c|☆GOAT of CC1v1|gg
|-message|GOAT of CC1v1 forfeited.
|
|win|SprinkleQueen
|raw|GOAT of CC1v1's rating: 1355 &rarr; <strong>1334</strong><br />(-21 for losing)
|raw|SprinkleQueen's rating: 1340 &rarr; <strong>1361</strong><br />(+21 for winning)
|l|☆GOAT of CC1v1
|player|p1|
|c|☆SprinkleQueen|gg
