|j|☆Xxx_Jayman_xxX
|j|☆Tanuxo
|t:|1760304481
|gametype|singles
|player|p1|Xxx_Jayman_xxX|blue|1042
|player|p2|Tanuxo|169|1000
|gen|9
|tier|[Gen 9] OU
|rated|
|rule|HP Percentage Mod: HP is shown in percentages
|rule|Endless Battle Clause: Forcing endless battles is banned
|rule|Species Clause: Limit one of each Pokémon
|rule|OHKO Clause: OHKO moves are banned
|rule|Evasion Items Clause: Evasion items are banned
|rule|Evasion Moves Clause: Evasion moves are banned
|rule|Evasion Abilities Clause: Evasion abilities are banned
|rule|Sleep Moves Clause: Sleep-inducing moves are banned
|clearpoke
|poke|p1|Victreebel, F|
|poke|p1|Ninetales, M|
|poke|p1|Lilligant-Hisui, F|
|poke|p1|Grafaiai, F|
|poke|p1|Cryogonal|
|poke|p1|Charizard, F|
|poke|p2|Amoonguss, M|
|poke|p2|Dragonite, M|
|poke|p2|Excadrill, F|
|poke|p2|Gholdengo|
|poke|p2|Gyarados, F|
|poke|p2|Tyranitar, F|
|teampreview
|inactive|Battle timer is ON: inactive players will automatically lose when time's up. (requested by Tanuxo)
|
|t:|1760304499
|teamsize|p1|6
|teamsize|p2|6
|start
|switch|p1a: Ninetales|Ninetales, M, shiny|100/100
|switch|p2a: Tyranitar|Tyranitar, F, shiny|100/100
|-weather|SunnyDay|[from] ability: Drought|[of] p1a: Ninetales
|-weather|Sandstorm|[from] ability: Sand Stream|[of] p2a: Tyranitar
|turn|1
|
|t:|1760304515
|move|p1a: Ninetales|Will-O-Wisp|p2a: Tyranitar
|-status|p2a: Tyranitar|brn
|move|p2a: Tyranitar|Knock Off|p1a: Ninetales
|-damage|p1a: Ninetales|59/100
|-enditem|p1a: Ninetales|Heat Rock|[from] move: Knock Off|[of] p2a: Tyranitar
|
|-weather|Sandstorm|[upkeep]
|-damage|p1a: Ninetales|53/100|[from] Sandstorm
|-damage|p2a: Tyranitar|94/100 brn|[from] brn
|upkeep
|turn|2
|
|t:|1760304527
|switch|p1a: Charizard|Charizard, F, shiny|100/100
|move|p2a: Tyranitar|Rock Slide|p1a: Charizard
|-supereffective|p1a: Charizard
|-damage|p1a: Charizard|0 fnt
|faint|p1a: Charizard
|
|-weather|Sandstorm|[upkeep]
|-damage|p2a: Tyranitar|88/100 brn|[from] brn
|upkeep
|
|t:|1760304535
|switch|p1a: Ninetales|Ninetales, M, shiny|53/100
|-weather|SunnyDay|[from] ability: Drought|[of] p1a: Ninetales
|turn|3
|
|t:|1760304539
|move|p1a: Ninetales|Solar Beam||[still]
|-prepare|p1a: Ninetales|Solar Beam
|-anim|p1a: Ninetales|Solar Beam|p2a: Tyranitar
|-supereffective|p2a: Tyranitar
|-damage|p2a: Tyranitar|54/100 brn
|move|p2a: Tyranitar|Rock Slide|p1a: Ninetales
|-supereffective|p1a: Ninetales
|-damage|p1a: Ninetales|0 fnt
|faint|p1a: Ninetales
|
|-weather|SunnyDay|[upkeep]
|-damage|p2a: Tyranitar|48/100 brn|[from] brn
|upkeep
|
|t:|1760304548
|switch|p1a: Victreebel|Victreebel, F, shiny|100/100
|turn|4
|
|t:|1760304553
|switch|p2a: Amoonguss|Amoonguss, M|100/100
|move|p1a: Victreebel|Leaf Blade|p2a: Amoonguss
|-resisted|p2a: Amoonguss
|-damage|p2a: Amoonguss|83/100
|
|-weather|SunnyDay|[upkeep]
|upkeep
|turn|5
|
|t:|1760304564
|switch|p1a: Grafaiai|Grafaiai, F, shiny|100/100
|move|p2a: Amoonguss|Stun Spore|p1a: Grafaiai
|-status|p1a: Grafaiai|par
|
|-weather|SunnyDay|[upkeep]
|upkeep
|turn|6
|
|t:|1760304581
|switch|p2a: Excadrill|Excadrill, F|100/100
|move|p1a: Grafaiai|Super Fang|p2a: Excadrill
|-damage|p2a: Excadrill|51/100
|
|-weather|SunnyDay|[upkeep]
|upkeep
|turn|7
|
|t:|1760304592
|switch|p2a: Tyranitar|Tyranitar, F, shiny|48/100 brn
|-weather|Sandstorm|[from] ability: Sand Stream|[of] p2a: Tyranitar
|move|p1a: Grafaiai|Parting Shot|p2a: Tyranitar
|-hint|Since gen 7, Dark is immune to Prankster moves.
|-immune|p2a: Tyranitar
|
|-weather|Sandstorm|[upkeep]
|-damage|p1a: Grafaiai|94/100 par|[from] Sandstorm
|-heal|p1a: Grafaiai|100/100 par|[from] item: Leftovers
|-damage|p2a: Tyranitar|42/100 brn|[from] brn
|upkeep
|turn|8
|
|t:|1760304606
|switch|p1a: Cryogonal|Cryogonal, shiny|100/100
|move|p2a: Tyranitar|Knock Off|p1a: Cryogonal
|-damage|p1a: Cryogonal|48/100
|-enditem|p1a: Cryogonal|Leftovers|[from] move: Knock Off|[of] p2a: Tyranitar
|
|-weather|Sandstorm|[upkeep]
|-damage|p1a: Cryogonal|42/100|[from] Sandstorm
|-damage|p2a: Tyranitar|35/100 brn|[from] brn
|upkeep
|turn|9
|
|t:|1760304615
|move|p1a: Cryogonal|Freeze-Dry|p2a: Tyranitar
|-damage|p2a: Tyranitar|24/100 brn
|move|p2a: Tyranitar|Knock Off|p1a: Cryogonal
|-damage|p1a: Cryogonal|8/100
|
|-weather|Sandstorm|[upkeep]
|-damage|p1a: Cryogonal|2/100|[from] Sandstorm
|-damage|p2a: Tyranitar|18/100 brn|[from] brn
|upkeep
|turn|10
|
|t:|1760304625
|switch|p2a: Excadrill|Excadrill, F|51/100
|move|p1a: Cryogonal|Freeze-Dry|p2a: Excadrill
|-damage|p2a: Excadrill|12/100
|
|-weather|Sandstorm|[upkeep]
|-damage|p1a: Cryogonal|0 fnt|[from] Sandstorm
|faint|p1a: Cryogonal
|upkeep
|
|t:|1760304631
|switch|p1a: Grafaiai|Grafaiai, F, shiny|100/100 par
|turn|11
|
|t:|1760304637
|move|p1a: Grafaiai|Sunny Day|p1a: Grafaiai
|-weather|SunnyDay
|move|p2a: Excadrill|Earthquake|p1a: Grafaiai
|-supereffective|p1a: Grafaiai
|-damage|p1a: Grafaiai|0 fnt
|faint|p1a: Grafaiai
|
|-weather|SunnyDay|[upkeep]
|upkeep
|
|t:|1760304641
|switch|p1a: Lilligant|Lilligant-Hisui, F, shiny|100/100
|turn|12
|
|t:|1760304649
|switch|p2a: Amoonguss|Amoonguss, M|100/100
|move|p1a: Lilligant|Solar Blade||[still]
|-prepare|p1a: Lilligant|Solar Blade
|-anim|p1a: Lilligant|Solar Blade|p2a: Amoonguss
|-resisted|p2a: Amoonguss
|-crit|p2a: Amoonguss
|-damage|p2a: Amoonguss|75/100
|
|-weather|SunnyDay|[upkeep]
|upkeep
|turn|13
|
|t:|1760304657
|move|p1a: Lilligant|Victory Dance|p1a: Lilligant
|-boost|p1a: Lilligant|atk|1
|-boost|p1a: Lilligant|def|1
|-boost|p1a: Lilligant|spe|1
|move|p2a: Amoonguss|Stun Spore|p1a: Lilligant
|-immune|p1a: Lilligant
|
|-weather|SunnyDay|[upkeep]
|upkeep
|turn|14
|
|t:|1760304670
|move|p1a: Lilligant|Victory Dance|p1a: Lilligant
|-boost|p1a: Lilligant|atk|1
|-boost|p1a: Lilligant|def|1
|-boost|p1a: Lilligant|spe|1
|move|p2a: Amoonguss|Sludge Bomb|p1a: Lilligant
|-supereffective|p1a: Lilligant
|-damage|p1a: Lilligant|17/100
|
|-weather|SunnyDay|[upkeep]
|upkeep
|turn|15
|
|t:|1760304679
|move|p1a: Lilligant|Solar Blade||[still]
|-prepare|p1a: Lilligant|Solar Blade
|-anim|p1a: Lilligant|Solar Blade|p2a: Amoonguss
|-resisted|p2a: Amoonguss
|-damage|p2a: Amoonguss|42/100
|-enditem|p2a: Amoonguss|Sitrus Berry|[eat]
|-heal|p2a: Amoonguss|67/100|[from] item: Sitrus Berry
|move|p2a: Amoonguss|Sludge Bomb|p1a: Lilligant
|-supereffective|p1a: Lilligant
|-damage|p1a: Lilligant|0 fnt
|faint|p1a: Lilligant
|
|-weather|none
|upkeep
|
|t:|1760304684
|switch|p1a: Victreebel|Victreebel, F, shiny|100/100
|turn|16
|
|t:|1760304694
|move|p1a: Victreebel|Leech Life|p2a: Amoonguss
|-damage|p2a: Amoonguss|25/100
|move|p2a: Amoonguss|Sludge Bomb|p1a: Victreebel
|-damage|p1a: Victreebel|58/100
|
|upkeep
|turn|17
|
|t:|1760304701
|switch|p2a: Dragonite|Dragonite, M|100/100
|move|p1a: Victreebel|Leech Life|p2a: Dragonite
|-resisted|p2a: Dragonite
|-damage|p2a: Dragonite|80/100
|-heal|p1a: Victreebel|69/100|[from] drain|[of] p2a: Dragonite
|
|upkeep
|turn|18
|
|t:|1760304713
|-terastallize|p2a: Dragonite|Dragon
|move|p2a: Dragonite|Scale Shot|p1a: Victreebel
|-damage|p1a: Victreebel|39/100
|-damage|p1a: Victreebel|7/100
|-damage|p1a: Victreebel|0 fnt
|faint|p1a: Victreebel
|-hitcount|p1: Victreebel|3
|
|win|Tanuxo
|raw|Xxx_Jayman_xxX's rating: 1042 &rarr; <strong>1024</strong><br />(-18 for losing)
|raw|Tanuxo's rating: 1000 &rarr; <strong>1045</strong><br />(+45 for winning)
|l|☆Xxx_Jayman_xxX
|player|p1|
|c|☆Tanuxo|ggs
