|j|☆adamsandlerfan38
|j|☆i hate 2x crits
|t:|1760388693
|gametype|singles
|player|p1|adamsandlerfan38|ghetsis|1421
|player|p2|i hate 2x crits|169|1468
|gen|9
|tier|[Gen 9] OU
|rated|
|rule|HP Percentage Mod: HP is shown in percentages
|rule|Endless Battle Clause: Forcing endless battles is banned
|rule|Species Clause: Limit one of each Pokémon
|rule|OHKO Clause: OHKO moves are banned
|rule|Evasion Items Clause: Evasion items are banned
|rule|Evasion Moves Clause: Evasion moves are banned
|rule|Evasion Abilities Clause: Evasion abilities are banned
|rule|Sleep Moves Clause: Sleep-inducing moves are banned
|clearpoke
|poke|p1|Meganium, M|
|poke|p1|Scream Tail|
|poke|p1|Greninja-*, M|
|poke|p1|Moltres|
|poke|p1|Pecharunt|
|poke|p1|Iron Boulder|
|poke|p2|Araquanid, M|
|poke|p2|Iron Valiant|
|poke|p2|Ceruledge, F|
|poke|p2|Glimmora, M|
|poke|p2|Great Tusk|
|poke|p2|Darkrai|
|teampreview
|inactive|Battle timer is ON: inactive players will automatically lose when time's up. (requested by adamsandlerfan38)
|
|t:|1760388723
|teamsize|p1|6
|teamsize|p2|6
|start
|switch|p1a: noli|Pecharunt|100/100
|switch|p2a: Araquanid|Araquanid, M|100/100
|turn|1
|
|t:|1760388732
|move|p1a: noli|Malignant Chain|p2a: Araquanid
|-damage|p2a: Araquanid|64/100
|-status|p2a: Araquanid|tox
|-start|p2a: Araquanid|confusion|[from] ability: Poison Puppeteer|[of] p1a: noli
|-activate|p2a: Araquanid|confusion
|-damage|p2a: Araquanid|59/100 tox|[from] confusion
|
|-damage|p2a: Araquanid|53/100 tox|[from] psn
|upkeep
|turn|2
|
|t:|1760388745
|move|p1a: noli|Shadow Ball|p2a: Araquanid
|-damage|p2a: Araquanid|25/100 tox
|-unboost|p2a: Araquanid|spd|1
|-activate|p2a: Araquanid|confusion
|move|p2a: Araquanid|Sticky Web|p1a: noli
|-sidestart|p1: adamsandlerfan38|move: Sticky Web
|
|-damage|p2a: Araquanid|13/100 tox|[from] psn
|upkeep
|turn|3
|
|t:|1760388756
|switch|p2a: Darkrai|Darkrai|100/100
|move|p1a: noli|Malignant Chain|p2a: Darkrai
|-damage|p2a: Darkrai|41/100
|
|-heal|p2a: Darkrai|47/100|[from] item: Leftovers
|upkeep
|turn|4
|
|t:|1760388775
|switch|p1a: raging child|Scream Tail|100/100
|-activate|p1a: raging child|move: Sticky Web
|-unboost|p1a: raging child|spe|1
|move|p2a: Darkrai|Dark Pulse|p1a: raging child
|-damage|p1a: raging child|79/100
|
|-heal|p2a: Darkrai|53/100|[from] item: Leftovers
|-heal|p1a: raging child|85/100|[from] item: Leftovers
|upkeep
|turn|5
|
|t:|1760388792
|switch|p2a: Araquanid|Araquanid, M|13/100 tox
|move|p1a: raging child|Bulk Up|p1a: raging child
|-boost|p1a: raging child|atk|1
|-boost|p1a: raging child|def|1
|
|-heal|p1a: raging child|91/100|[from] item: Leftovers
|-damage|p2a: Araquanid|6/100 tox|[from] psn
|upkeep
|turn|6
|
|t:|1760388800
|move|p1a: raging child|Bulk Up|p1a: raging child
|-boost|p1a: raging child|atk|1
|-boost|p1a: raging child|def|1
|move|p2a: Araquanid|Endeavor|p1a: raging child
|-damage|p1a: raging child|5/100
|
|-heal|p1a: raging child|11/100|[from] item: Leftovers
|-damage|p2a: Araquanid|0 fnt|[from] psn
|faint|p2a: Araquanid
|upkeep
|
|t:|1760388806
|switch|p2a: Darkrai|Darkrai|53/100
|turn|7
|
|t:|1760388813
|move|p2a: Darkrai|Dark Pulse|p1a: raging child
|-damage|p1a: raging child|0 fnt
|faint|p1a: raging child
|-end|p1a: raging child|Protosynthesis|[silent]
|
|-heal|p2a: Darkrai|59/100|[from] item: Leftovers
|upkeep
|inactive|adamsandlerfan38 has 120 seconds left.
|
|t:|1760388846
|switch|p1a: nirvana|Moltres|100/100
|turn|8
|
|t:|1760388851
|move|p2a: Darkrai|Nasty Plot|p2a: Darkrai
|-boost|p2a: Darkrai|spa|2
|move|p1a: nirvana|U-turn|p2a: Darkrai
|-supereffective|p2a: Darkrai
|-damage|p2a: Darkrai|17/100
|
|t:|1760388855
|switch|p1a: 007|Greninja, M|100/100|[from] U-turn
|-activate|p1a: 007|move: Sticky Web
|-unboost|p1a: 007|spe|1
|
|-heal|p2a: Darkrai|23/100|[from] item: Leftovers
|upkeep
|turn|9
|
|t:|1760388864
|move|p1a: 007|Water Shuriken|p2a: Darkrai
|-damage|p2a: Darkrai|12/100
|-damage|p2a: Darkrai|0 fnt
|faint|p2a: Darkrai
|-ability|p1a: 007|Battle Bond|boost
|-boost|p1a: 007|atk|1
|-boost|p1a: 007|spa|1
|-boost|p1a: 007|spe|1
|-activate|p1a: 007|ability: Battle Bond
|-hitcount|p2: Darkrai|2
|-damage|p1a: 007|91/100|[from] item: Life Orb
|
|upkeep
|
|t:|1760388874
|switch|p2a: Iron Valiant|Iron Valiant|100/100
|-enditem|p2a: Iron Valiant|Booster Energy
|-activate|p2a: Iron Valiant|ability: Quark Drive|[fromitem]
|-start|p2a: Iron Valiant|quarkdrivespe
|turn|10
|
|t:|1760388883
|-terastallize|p1a: 007|Water
|move|p1a: 007|Water Shuriken|p2a: Iron Valiant
|-damage|p2a: Iron Valiant|71/100
|-damage|p2a: Iron Valiant|41/100
|-hitcount|p2a: Iron Valiant|2
|-damage|p1a: 007|81/100|[from] item: Life Orb
|move|p2a: Iron Valiant|Spirit Break|p1a: 007
|-damage|p1a: 007|15/100
|-unboost|p1a: 007|spa|1
|
|upkeep
|turn|11
|
|t:|1760388893
|move|p1a: 007|Water Shuriken|p2a: Iron Valiant
|-damage|p2a: Iron Valiant|20/100
|-crit|p2a: Iron Valiant
|-damage|p2a: Iron Valiant|0 fnt
|faint|p2a: Iron Valiant
|-end|p2a: Iron Valiant|Quark Drive|[silent]
|-hitcount|p2: Iron Valiant|2
|-damage|p1a: 007|5/100|[from] item: Life Orb
|
|upkeep
|
|t:|1760388897
|switch|p2a: Ceruledge|Ceruledge, F|100/100
|turn|12
|
|t:|1760388913
|move|p1a: 007|Water Shuriken|p2a: Ceruledge
|-supereffective|p2a: Ceruledge
|-damage|p2a: Ceruledge|72/100
|-supereffective|p2a: Ceruledge
|-damage|p2a: Ceruledge|43/100
|-hitcount|p2a: Ceruledge|2
|-damage|p1a: 007|0 fnt|[from] item: Life Orb
|faint|p1a: 007
|move|p2a: Ceruledge|Swords Dance|p2a: Ceruledge
|-boost|p2a: Ceruledge|atk|2
|
|upkeep
|
|t:|1760388930
|switch|p1a: noli|Pecharunt|100/100
|-activate|p1a: noli|move: Sticky Web
|-unboost|p1a: noli|spe|1
|turn|13
|
|t:|1760388937
|move|p2a: Ceruledge|Poltergeist|p1a: noli
|-activate|p1a: noli|move: Poltergeist|Leftovers
|-supereffective|p1a: noli
|-damage|p1a: noli|0 fnt
|faint|p1a: noli
|
|upkeep
|inactive|adamsandlerfan38 has 120 seconds left.
|
|t:|1760388956
|switch|p1a: nirvana|Moltres|100/100
|turn|14
|
|t:|1760388959
|move|p2a: Ceruledge|Bitter Blade|p1a: nirvana
|-resisted|p1a: nirvana
|-damage|p1a: nirvana|55/100
|-heal|p2a: Ceruledge|73/100|[from] drain|[of] p1a: nirvana
|move|p1a: nirvana|Hurricane|p2a: Ceruledge
|-damage|p2a: Ceruledge|1/100
|
|upkeep
|turn|15
|
|t:|1760388980
|move|p2a: Ceruledge|Poltergeist|p1a: nirvana
|-activate|p1a: nirvana|move: Poltergeist|Heavy-Duty Boots
|-damage|p1a: nirvana|0 fnt
|faint|p1a: nirvana
|
|upkeep
|
|t:|1760388986
|switch|p1a: for charity|Iron Boulder|100/100
|-activate|p1a: for charity|move: Sticky Web
|-unboost|p1a: for charity|spe|1
|-enditem|p1a: for charity|Booster Energy
|-activate|p1a: for charity|ability: Quark Drive|[fromitem]
|-start|p1a: for charity|quarkdriveatk
|turn|16
|
|t:|1760388993
|-terastallize|p2a: Ceruledge|Fighting
|move|p2a: Ceruledge|Close Combat|p1a: for charity
|-damage|p1a: for charity|0 fnt
|-unboost|p2a: Ceruledge|def|1
|-unboost|p2a: Ceruledge|spd|1
|faint|p1a: for charity
|-end|p1a: for charity|Quark Drive|[silent]
|
|upkeep
|
|t:|1760388998
|switch|p1a: potential man|Meganium, M, shiny|100/100
|-activate|p1a: potential man|move: Sticky Web
|-unboost|p1a: potential man|spe|1
|turn|17
|
|t:|1760389002
|move|p2a: Ceruledge|Bitter Blade|p1a: potential man
|-supereffective|p1a: potential man
|-damage|p1a: potential man|0 fnt
|-heal|p2a: Ceruledge|64/100|[from] drain|[of] p1a: potential man
|faint|p1a: potential man
|
|win|i hate 2x crits
|raw|adamsandlerfan38's rating: 1421 &rarr; <strong>1404</strong><br />(-17 for losing)
|raw|i hate 2x crits's rating: 1468 &rarr; <strong>1485</strong><br />(+17 for winning)
|l|☆i hate 2x crits
|player|p2|
|l|☆adamsandlerfan38
|player|p1|
