|j|☆Erithir000
|j|☆ggzbroski
|t:|1760331532
|gametype|singles
|player|p1|Erithir000|clerk|1168
|player|p2|ggzbroski|102|1180
|gen|9
|tier|[Gen 9] OU
|rated|
|rule|HP Percentage Mod: HP is shown in percentages
|rule|Endless Battle Clause: Forcing endless battles is banned
|rule|Species Clause: Limit one of each Pokémon
|rule|OHKO Clause: OHKO moves are banned
|rule|Evasion Items Clause: Evasion items are banned
|rule|Evasion Moves Clause: Evasion moves are banned
|rule|Evasion Abilities Clause: Evasion abilities are banned
|rule|Sleep Moves Clause: Sleep-inducing moves are banned
|clearpoke
|poke|p1|Polteageist-Antique|
|poke|p1|Iron Treads|
|poke|p1|Pawmot, F|
|poke|p1|Basculegion, M|
|poke|p1|Dragonite, M|
|poke|p1|Moltres-Galar|
|poke|p2|Scizor, F|
|poke|p2|Pelipper, F|
|poke|p2|Iron Treads|
|poke|p2|Iron Moth|
|poke|p2|Dragapult, M|
|poke|p2|Garchomp, M|
|teampreview
|
|t:|1760331542
|teamsize|p1|6
|teamsize|p2|6
|start
|switch|p1a: Tea|Polteageist-Antique, shiny|100/100
|switch|p2a: Dragapult|Dragapult, M|100/100
|turn|1
|
|t:|1760331548
|-terastallize|p2a: Dragapult|Ghost
|move|p2a: Dragapult|Shadow Ball|p1a: Tea
|-supereffective|p1a: Tea
|-enditem|p1a: Tea|Focus Sash
|-damage|p1a: Tea|1/100
|-damage|p2a: Dragapult|91/100|[from] item: Life Orb
|move|p1a: Tea|Shell Smash|p1a: Tea
|-unboost|p1a: Tea|def|1
|-unboost|p1a: Tea|spd|1
|-boost|p1a: Tea|atk|2
|-boost|p1a: Tea|spa|2
|-boost|p1a: Tea|spe|2
|
|upkeep
|turn|2
|
|t:|1760331555
|switch|p2a: Pelipper|Pelipper, F|100/100
|-weather|RainDance|[from] ability: Drizzle|[of] p2a: Pelipper
|move|p1a: Tea|Shadow Ball|p2a: Pelipper
|-damage|p2a: Pelipper|0 fnt
|faint|p2a: Pelipper
|
|-weather|RainDance|[upkeep]
|upkeep
|
|t:|1760331558
|switch|p2a: Scizor|Scizor, F|100/100
|turn|3
|
|t:|1760331562
|move|p2a: Scizor|Bullet Punch|p1a: Tea
|-crit|p1a: Tea
|-damage|p1a: Tea|0 fnt
|faint|p1a: Tea
|-damage|p2a: Scizor|91/100|[from] item: Life Orb
|
|-weather|RainDance|[upkeep]
|upkeep
|
|t:|1760331569
|switch|p1a: Dragonite|Dragonite, M, shiny|100/100
|turn|4
|
|t:|1760331572
|move|p1a: Dragonite|Dragon Dance|p1a: Dragonite
|-boost|p1a: Dragonite|atk|1
|-boost|p1a: Dragonite|spe|1
|move|p2a: Scizor|Knock Off|p1a: Dragonite
|-crit|p1a: Dragonite
|-damage|p1a: Dragonite|59/100
|-enditem|p1a: Dragonite|Weakness Policy|[from] move: Knock Off|[of] p2a: Scizor
|-damage|p2a: Scizor|81/100|[from] item: Life Orb
|
|-weather|RainDance|[upkeep]
|upkeep
|turn|5
|
|t:|1760331575
|move|p2a: Scizor|Bullet Punch|p1a: Dragonite
|-damage|p1a: Dragonite|5/100
|-damage|p2a: Scizor|71/100|[from] item: Life Orb
|move|p1a: Dragonite|Fire Punch|p2a: Scizor
|-supereffective|p2a: Scizor
|-damage|p2a: Scizor|0 fnt
|faint|p2a: Scizor
|
|-weather|RainDance|[upkeep]
|upkeep
|
|t:|1760331586
|switch|p2a: Dragapult|Dragapult, M, tera:Ghost|91/100
|turn|6
|
|t:|1760331593
|move|p2a: Dragapult|Shadow Ball|p1a: Dragonite
|-damage|p1a: Dragonite|0 fnt
|faint|p1a: Dragonite
|-damage|p2a: Dragapult|81/100|[from] item: Life Orb
|
|-weather|none
|upkeep
|
|t:|1760331597
|switch|p1a: Moltres|Moltres-Galar|100/100
|turn|7
|
|t:|1760331600
|move|p2a: Dragapult|Thunderbolt|p1a: Moltres
|-supereffective|p1a: Moltres
|-damage|p1a: Moltres|45/100
|-enditem|p1a: Moltres|Weakness Policy
|-boost|p1a: Moltres|atk|2|[from] item: Weakness Policy
|-boost|p1a: Moltres|spa|2|[from] item: Weakness Policy
|-ability|p1a: Moltres|Berserk|boost
|-boost|p1a: Moltres|spa|1
|-damage|p2a: Dragapult|71/100|[from] item: Life Orb
|move|p1a: Moltres|Agility|p1a: Moltres
|-boost|p1a: Moltres|spe|2
|
|upkeep
|turn|8
|
|t:|1760331611
|switch|p2a: Garchomp|Garchomp, M|100/100
|move|p1a: Moltres|Fiery Wrath|p2a: Garchomp
|-damage|p2a: Garchomp|40/100
|
|upkeep
|turn|9
|
|t:|1760331616
|move|p1a: Moltres|Fiery Wrath|p2a: Garchomp
|-damage|p2a: Garchomp|0 fnt
|faint|p2a: Garchomp
|
|upkeep
|
|t:|1760331620
|switch|p2a: Iron Moth|Iron Moth|100/100
|-enditem|p2a: Iron Moth|Booster Energy
|-activate|p2a: Iron Moth|ability: Quark Drive|[fromitem]
|-start|p2a: Iron Moth|quarkdrivespe
|turn|10
|
|t:|1760331626
|move|p1a: Moltres|Air Slash|p2a: Iron Moth
|-damage|p2a: Iron Moth|10/100
|move|p2a: Iron Moth|Discharge|p1a: Moltres
|-supereffective|p1a: Moltres
|-damage|p1a: Moltres|0 fnt
|faint|p1a: Moltres
|
|upkeep
|
|t:|1760331631
|switch|p1a: Iron Treads|Iron Treads|100/100
|-enditem|p1a: Iron Treads|Booster Energy
|-activate|p1a: Iron Treads|ability: Quark Drive|[fromitem]
|-start|p1a: Iron Treads|quarkdrivespe
|turn|11
|
|t:|1760331635
|move|p2a: Iron Moth|Fiery Dance|p1a: Iron Treads
|-supereffective|p1a: Iron Treads
|-damage|p1a: Iron Treads|0 fnt
|-boost|p2a: Iron Moth|spa|1
|faint|p1a: Iron Treads
|-end|p1a: Iron Treads|Quark Drive|[silent]
|
|upkeep
|
|t:|1760331638
|switch|p1a: Pawmot|Pawmot, F, shiny|100/100
|turn|12
|
|t:|1760331640
|move|p1a: Pawmot|Mach Punch|p2a: Iron Moth
|-resisted|p2a: Iron Moth
|-damage|p2a: Iron Moth|0 fnt
|faint|p2a: Iron Moth
|-end|p2a: Iron Moth|Quark Drive|[silent]
|-damage|p1a: Pawmot|91/100|[from] item: Life Orb
|
|upkeep
|
|t:|1760331643
|switch|p2a: Dragapult|Dragapult, M, tera:Ghost|71/100
|turn|13
|
|t:|1760331648
|move|p2a: Dragapult|Shadow Ball|p1a: Pawmot
|-damage|p1a: Pawmot|0 fnt
|faint|p1a: Pawmot
|-damage|p2a: Dragapult|61/100|[from] item: Life Orb
|
|upkeep
|
|t:|1760331652
|switch|p1a: Basculegion|Basculegion, M, shiny|100/100
|turn|14
|
|t:|1760331654
|move|p2a: Dragapult|Shadow Ball|p1a: Basculegion
|-supereffective|p1a: Basculegion
|-crit|p1a: Basculegion
|-damage|p1a: Basculegion|0 fnt
|faint|p1a: Basculegion
|-damage|p2a: Dragapult|52/100|[from] item: Life Orb
|
|win|ggzbroski
|raw|Erithir000's rating: 1168 &rarr; <strong>1144</strong><br />(-24 for losing)
|raw|ggzbroski's rating: 1180 &rarr; <strong>1204</strong><br />(+24 for winning)
|l|☆Erithir000
|player|p1|
|c|☆ggzbroski|gg
|l|☆ggzbroski
|player|p2|
