|j|☆OryTheCharisker
|j|☆FireGym Virgil
|t:|1760458298
|gametype|singles
|player|p1|OryTheCharisker|iono|1129
|player|p2|FireGym Virgil|169|1093
|gen|9
|tier|[Gen 9] OU
|rated|
|rule|HP Percentage Mod: HP is shown in percentages
|rule|Endless Battle Clause: Forcing endless battles is banned
|rule|Species Clause: Limit one of each Pokémon
|rule|OHKO Clause: OHKO moves are banned
|rule|Evasion Items Clause: Evasion items are banned
|rule|Evasion Moves Clause: Evasion moves are banned
|rule|Evasion Abilities Clause: Evasion abilities are banned
|rule|Sleep Moves Clause: Sleep-inducing moves are banned
|clearpoke
|poke|p1|Leafeon, F|
|poke|p1|Flareon, F|
|poke|p1|Espeon, F|
|poke|p1|Vaporeon, F|
|poke|p1|Umbreon, M|
|poke|p1|Jolteon, M|
|poke|p2|Raging Bolt|
|poke|p2|Garchomp, F|
|poke|p2|Iron Valiant|
|poke|p2|Iron Moth|
|poke|p2|Greninja-*, M|
|poke|p2|Charizard, M|
|teampreview
|inactive|Battle timer is ON: inactive players will automatically lose when time's up. (requested by FireGym Virgil)
|c|☆OryTheCharisker|glhf
|c|☆FireGym Virgil|You too
|inactive|OryTheCharisker has 120 seconds left.
|
|t:|1760458340
|teamsize|p1|6
|teamsize|p2|6
|start
|switch|p1a: Lespeon|Espeon, F|100/100
|switch|p2a: Charizard|Charizard, M|100/100
|turn|1
|
|t:|1760458345
|switch|p1a: La comadreja|Flareon, F|100/100
|move|p2a: Charizard|Dragon Dance|p2a: Charizard
|-boost|p2a: Charizard|atk|1
|-boost|p2a: Charizard|spe|1
|
|-status|p1a: La comadreja|tox|[from] item: Toxic Orb
|upkeep
|turn|2
|
|t:|1760458358
|move|p2a: Charizard|Crunch|p1a: La comadreja
|-damage|p1a: La comadreja|28/100 tox
|-damage|p2a: Charizard|91/100|[from] item: Life Orb
|move|p1a: La comadreja|Facade|p2a: Charizard
|-damage|p2a: Charizard|0 fnt
|faint|p2a: Charizard
|
|-damage|p1a: La comadreja|22/100 tox|[from] psn
|upkeep
|
|t:|1760458371
|switch|p2a: Iron Moth|Iron Moth|100/100
|-enditem|p2a: Iron Moth|Booster Energy
|-activate|p2a: Iron Moth|ability: Quark Drive|[fromitem]
|-start|p2a: Iron Moth|quarkdrivespa
|turn|3
|
|t:|1760458376
|move|p1a: La comadreja|Quick Attack|p2a: Iron Moth
|-damage|p2a: Iron Moth|58/100
|move|p2a: Iron Moth|Sludge Wave|p1a: La comadreja
|-damage|p1a: La comadreja|0 fnt
|faint|p1a: La comadreja
|
|upkeep
|inactive|OryTheCharisker has 120 seconds left.
|
|t:|1760458409
|switch|p1a: El pescao'|Vaporeon, F, shiny|100/100
|turn|4
|
|t:|1760458414
|move|p2a: Iron Moth|Energy Ball|p1a: El pescao'
|-supereffective|p1a: El pescao'
|-damage|p1a: El pescao'|51/100
|move|p1a: El pescao'|Scald|p2a: Iron Moth
|-supereffective|p2a: Iron Moth
|-damage|p2a: Iron Moth|0 fnt
|faint|p2a: Iron Moth
|-end|p2a: Iron Moth|Quark Drive|[silent]
|
|upkeep
|
|t:|1760458424
|switch|p2a: Garchomp|Garchomp, F|100/100
|turn|5
|
|t:|1760458427
|move|p2a: Garchomp|Swords Dance|p2a: Garchomp
|-boost|p2a: Garchomp|atk|2
|move|p1a: El pescao'|Ice Beam|p2a: Garchomp
|-supereffective|p2a: Garchomp
|-damage|p2a: Garchomp|6/100
|
|upkeep
|turn|6
|
|t:|1760458435
|move|p2a: Garchomp|Dragon Claw|p1a: El pescao'
|-damage|p1a: El pescao'|0 fnt
|faint|p1a: El pescao'
|
|upkeep
|
|t:|1760458438
|switch|p1a: Killua|Jolteon, M|100/100
|turn|7
|
|t:|1760458445
|move|p1a: Killua|Shadow Ball|p2a: Garchomp
|-damage|p2a: Garchomp|0 fnt
|faint|p2a: Garchomp
|
|-status|p1a: Killua|brn|[from] item: Flame Orb
|upkeep
|
|t:|1760458450
|switch|p2a: Iron Valiant|Iron Valiant|100/100
|turn|8
|
|t:|1760458463
|move|p1a: Killua|Volt Switch|p2a: Iron Valiant
|-damage|p2a: Iron Valiant|32/100
|
|t:|1760458466
|switch|p1a: Izuku|Leafeon, F, shiny|100/100|[from] Volt Switch
|move|p2a: Iron Valiant|Moonblast|p1a: Izuku
|-damage|p1a: Izuku|15/100
|
|upkeep
|turn|9
|
|t:|1760458469
|move|p2a: Iron Valiant|Moonblast|p1a: Izuku
|-damage|p1a: Izuku|0 fnt
|faint|p1a: Izuku
|
|upkeep
|
|t:|1760458473
|switch|p1a: Killua|Jolteon, M|100/100 brn
|turn|10
|
|t:|1760458477
|-end|p2a: Iron Valiant|Quark Drive|[silent]
|switch|p2a: Raging Bolt|Raging Bolt|100/100
|move|p1a: Killua|Shadow Ball|p2a: Raging Bolt
|-damage|p2a: Raging Bolt|77/100
|
|-heal|p2a: Raging Bolt|83/100|[from] item: Leftovers
|-damage|p1a: Killua|94/100 brn|[from] brn
|upkeep
|turn|11
|
|t:|1760458487
|switch|p1a: Adam|Umbreon, M, shiny|100/100
|move|p2a: Raging Bolt|Calm Mind|p2a: Raging Bolt
|-boost|p2a: Raging Bolt|spa|1
|-boost|p2a: Raging Bolt|spd|1
|
|-heal|p2a: Raging Bolt|89/100|[from] item: Leftovers
|upkeep
|turn|12
|
|t:|1760458492
|move|p2a: Raging Bolt|Thunderclap||[still]
|-fail|p2a: Raging Bolt
|move|p1a: Adam|Toxic|p2a: Raging Bolt
|-status|p2a: Raging Bolt|tox
|
|-heal|p2a: Raging Bolt|95/100 tox|[from] item: Leftovers
|-damage|p2a: Raging Bolt|89/100 tox|[from] psn
|upkeep
|turn|13
|
|t:|1760458503
|move|p1a: Adam|Protect|p1a: Adam
|-singleturn|p1a: Adam|Protect
|move|p2a: Raging Bolt|Thunderclap||[still]
|-fail|p2a: Raging Bolt
|
|-heal|p2a: Raging Bolt|95/100 tox|[from] item: Leftovers
|-damage|p2a: Raging Bolt|83/100 tox|[from] psn
|upkeep
|turn|14
|
|t:|1760458509
|move|p2a: Raging Bolt|Draco Meteor|p1a: Adam
|-damage|p1a: Adam|37/100
|-unboost|p2a: Raging Bolt|spa|2
|move|p1a: Adam|Wish|p1a: Adam
|
|-heal|p2a: Raging Bolt|89/100 tox|[from] item: Leftovers
|-heal|p1a: Adam|43/100|[from] item: Leftovers
|-damage|p2a: Raging Bolt|70/100 tox|[from] psn
|upkeep
|turn|15
|
|t:|1760458514
|move|p1a: Adam|Protect|p1a: Adam
|-singleturn|p1a: Adam|Protect
|move|p2a: Raging Bolt|Calm Mind|p2a: Raging Bolt
|-boost|p2a: Raging Bolt|spa|1
|-boost|p2a: Raging Bolt|spd|1
|
|-heal|p1a: Adam|93/100|[from] move: Wish|[wisher] Adam
|-heal|p2a: Raging Bolt|77/100 tox|[from] item: Leftovers
|-heal|p1a: Adam|99/100|[from] item: Leftovers
|-damage|p2a: Raging Bolt|52/100 tox|[from] psn
|upkeep
|turn|16
|
|t:|1760458519
|move|p2a: Raging Bolt|Calm Mind|p2a: Raging Bolt
|-boost|p2a: Raging Bolt|spa|1
|-boost|p2a: Raging Bolt|spd|1
|move|p1a: Adam|Wish|p1a: Adam
|
|-heal|p2a: Raging Bolt|58/100 tox|[from] item: Leftovers
|-heal|p1a: Adam|100/100|[from] item: Leftovers
|-damage|p2a: Raging Bolt|27/100 tox|[from] psn
|upkeep
|turn|17
|
|t:|1760458524
|move|p1a: Adam|Protect|p1a: Adam
|-singleturn|p1a: Adam|Protect
|move|p2a: Raging Bolt|Thunderclap||[still]
|-fail|p2a: Raging Bolt
|
|-heal|p2a: Raging Bolt|33/100 tox|[from] item: Leftovers
|-damage|p2a: Raging Bolt|0 fnt|[from] psn
|faint|p2a: Raging Bolt
|-end|p2a: Raging Bolt|Protosynthesis|[silent]
|upkeep
|
|t:|1760458528
|switch|p2a: Iron Valiant|Iron Valiant|32/100
|turn|18
|
|t:|1760458539
|move|p2a: Iron Valiant|Moonblast|p1a: Adam
|-supereffective|p1a: Adam
|-damage|p1a: Adam|54/100
|move|p1a: Adam|Toxic|p2a: Iron Valiant
|-status|p2a: Iron Valiant|tox
|
|-heal|p1a: Adam|60/100|[from] item: Leftovers
|-damage|p2a: Iron Valiant|26/100 tox|[from] psn
|upkeep
|turn|19
|
|t:|1760458544
|move|p1a: Adam|Protect|p1a: Adam
|-singleturn|p1a: Adam|Protect
|move|p2a: Iron Valiant|Moonblast|p1a: Adam
|-activate|p1a: Adam|move: Protect
|
|-heal|p1a: Adam|66/100|[from] item: Leftovers
|-damage|p2a: Iron Valiant|13/100 tox|[from] psn
|upkeep
|turn|20
|
|t:|1760458549
|move|p2a: Iron Valiant|Moonblast|p1a: Adam
|-supereffective|p1a: Adam
|-damage|p1a: Adam|17/100
|move|p1a: Adam|Wish|p1a: Adam
|
|-heal|p1a: Adam|23/100|[from] item: Leftovers
|-damage|p2a: Iron Valiant|0 fnt|[from] psn
|faint|p2a: Iron Valiant
|-end|p2a: Iron Valiant|Quark Drive|[silent]
|upkeep
|
|t:|1760458553
|switch|p2a: Greninja|Greninja, M|100/100
|turn|21
|
|t:|1760458559
|move|p1a: Adam|Protect|p1a: Adam
|-singleturn|p1a: Adam|Protect
|move|p2a: Greninja|Dark Pulse|p1a: Adam
|-activate|p1a: Adam|move: Protect
|
|-heal|p1a: Adam|73/100|[from] move: Wish|[wisher] Adam
|-heal|p1a: Adam|79/100|[from] item: Leftovers
|upkeep
|turn|22
|
|t:|1760458562
|move|p2a: Greninja|Dark Pulse|p1a: Adam
|-resisted|p1a: Adam
|-damage|p1a: Adam|65/100
|cant|p1a: Adam|flinch
|
|-heal|p1a: Adam|72/100|[from] item: Leftovers
|upkeep
|turn|23
|-message|FireGym Virgil forfeited.
|
|win|OryTheCharisker
|raw|OryTheCharisker's rating: 1129 &rarr; <strong>1151</strong><br />(+22 for winning)
|raw|FireGym Virgil's rating: 1093 &rarr; <strong>1072</strong><br />(-21 for losing)
|l|☆FireGym Virgil
|player|p2|
|l|☆OryTheCharisker
|player|p1|
