|j|☆Aaron's lime
|j|☆Typhon-06
|t:|1760344653
|gametype|singles
|player|p1|Aaron's lime|265|1099
|player|p2|Typhon-06|2|1157
|gen|9
|tier|[Gen 9] OU
|rated|
|rule|HP Percentage Mod: HP is shown in percentages
|rule|Endless Battle Clause: Forcing endless battles is banned
|rule|Species Clause: Limit one of each Pokémon
|rule|OHKO Clause: OHKO moves are banned
|rule|Evasion Items Clause: Evasion items are banned
|rule|Evasion Moves Clause: Evasion moves are banned
|rule|Evasion Abilities Clause: Evasion abilities are banned
|rule|Sleep Moves Clause: Sleep-inducing moves are banned
|clearpoke
|poke|p1|Minior|
|poke|p1|Morpeko, F|
|poke|p1|Meloetta|
|poke|p1|Delibird, M|
|poke|p1|Lurantis, M|
|poke|p1|Lokix, F|
|poke|p2|Dragapult, M|
|poke|p2|Landorus-Therian, M|
|poke|p2|Raging Bolt|
|poke|p2|Great Tusk|
|poke|p2|Samurott-Hisui, M|
|poke|p2|Kyurem|
|teampreview
|inactive|Battle timer is ON: inactive players will automatically lose when time's up. (requested by Typhon-06)
|
|t:|1760344661
|teamsize|p1|6
|teamsize|p2|6
|start
|switch|p1a: Minior|Minior|100/100
|switch|p2a: Samurott|Samurott-Hisui, M|100/100
|-formechange|p1a: Minior|Minior-Meteor||[from] ability: Shields Down
|turn|1
|
|t:|1760344669
|move|p2a: Samurott|Razor Shell|p1a: Minior
|-supereffective|p1a: Minior
|-damage|p1a: Minior|0 fnt
|faint|p1a: Minior
|
|upkeep
|
|t:|1760344676
|switch|p1a: Lokix|Lokix, F|100/100
|turn|2
|
|t:|1760344685
|switch|p2a: Landorus|Landorus-Therian, M|100/100
|-ability|p2a: Landorus|Intimidate|boost
|-unboost|p1a: Lokix|atk|1
|move|p1a: Lokix|First Impression|p2a: Landorus
|-resisted|p2a: Landorus
|-damage|p2a: Landorus|55/100
|-damage|p1a: Lokix|84/100|[from] item: Rocky Helmet|[of] p2a: Landorus
|
|upkeep
|turn|3
|
|t:|1760344696
|switch|p1a: Delibird|Delibird, M|100/100
|move|p2a: Landorus|U-turn|p1a: Delibird
|-resisted|p1a: Delibird
|-damage|p1a: Delibird|78/100
|
|t:|1760344708
|switch|p2a: Raging Bolt|Raging Bolt|100/100|[from] U-turn
|
|upkeep
|turn|4
|
|t:|1760344716
|move|p1a: Delibird|Fake Out|p2a: Raging Bolt
|-damage|p2a: Raging Bolt|84/100
|cant|p2a: Raging Bolt|flinch
|
|upkeep
|turn|5
|
|t:|1760344721
|switch|p1a: Morpeko|Morpeko, F|100/100
|-item|p1a: Morpeko|Air Balloon
|move|p2a: Raging Bolt|Thunderclap||[still]
|-fail|p2a: Raging Bolt
|
|-formechange|p1a: Morpeko|Morpeko-Hangry||[from] ability: Hunger Switch
|upkeep
|turn|6
|
|t:|1760344733
|move|p1a: Morpeko|Parting Shot|p2a: Raging Bolt
|-unboost|p2a: Raging Bolt|atk|1
|-unboost|p2a: Raging Bolt|spa|1
|
|t:|1760344737
|switch|p1a: Delibird|Delibird, M|78/100|[from] Parting Shot
|move|p2a: Raging Bolt|Draco Meteor|p1a: Delibird
|-damage|p1a: Delibird|0 fnt
|-unboost|p2a: Raging Bolt|spa|2
|faint|p1a: Delibird
|
|upkeep
|
|t:|1760344745
|switch|p1a: Morpeko|Morpeko, F|100/100
|-item|p1a: Morpeko|Air Balloon
|turn|7
|
|t:|1760344750
|-end|p2a: Raging Bolt|Protosynthesis|[silent]
|switch|p2a: Landorus|Landorus-Therian, M|55/100
|-ability|p2a: Landorus|Intimidate|boost
|-unboost|p1a: Morpeko|atk|1
|move|p1a: Morpeko|Aura Wheel|p2a: Landorus
|-immune|p2a: Landorus
|
|-formechange|p1a: Morpeko|Morpeko-Hangry||[from] ability: Hunger Switch
|upkeep
|turn|8
|
|t:|1760344755
|move|p2a: Landorus|Stealth Rock|p1a: Morpeko
|-sidestart|p1: Aaron's lime|move: Stealth Rock
|move|p1a: Morpeko|Aura Wheel|p2a: Landorus
|-damage|p2a: Landorus|23/100
|-boost|p1a: Morpeko|spe|1
|
|-formechange|p1a: Morpeko|Morpeko||[from] ability: Hunger Switch
|upkeep
|turn|9
|
|t:|1760344763
|move|p1a: Morpeko|Rapid Spin|p2a: Landorus
|-damage|p2a: Landorus|13/100
|-boost|p1a: Morpeko|spe|1
|-damage|p1a: Morpeko|84/100|[from] item: Rocky Helmet|[of] p2a: Landorus
|-sideend|p1: Aaron's lime|Stealth Rock|[from] move: Rapid Spin|[of] p1a: Morpeko
|move|p2a: Landorus|U-turn|p1a: Morpeko
|-supereffective|p1a: Morpeko
|-damage|p1a: Morpeko|13/100
|-enditem|p1a: Morpeko|Air Balloon
|
|t:|1760344769
|switch|p2a: Samurott|Samurott-Hisui, M|100/100|[from] U-turn
|
|-formechange|p1a: Morpeko|Morpeko-Hangry||[from] ability: Hunger Switch
|upkeep
|turn|10
|
|t:|1760344775
|move|p2a: Samurott|Aqua Jet|p1a: Morpeko
|-damage|p1a: Morpeko|0 fnt
|faint|p1a: Morpeko
|
|upkeep
|
|t:|1760344778
|switch|p1a: Lokix|Lokix, F|84/100
|turn|11
|
|t:|1760344782
|move|p1a: Lokix|First Impression|p2a: Samurott
|-supereffective|p2a: Samurott
|-enditem|p2a: Samurott|Focus Sash
|-damage|p2a: Samurott|1/100
|move|p2a: Samurott|Razor Shell|p1a: Lokix
|-damage|p1a: Lokix|20/100
|
|upkeep
|turn|12
|
|t:|1760344790
|switch|p1a: Lurantis|Lurantis, M|100/100
|move|p2a: Samurott|Aqua Jet|p1a: Lurantis
|-resisted|p1a: Lurantis
|-damage|p1a: Lurantis|91/100
|
|-heal|p1a: Lurantis|98/100|[from] item: Leftovers
|upkeep
|turn|13
|
|t:|1760344793
|move|p2a: Samurott|Ceaseless Edge|p1a: Lurantis|[miss]
|-miss|p2a: Samurott|p1a: Lurantis
|move|p1a: Lurantis|Superpower|p2a: Samurott
|-supereffective|p2a: Samurott
|-damage|p2a: Samurott|0 fnt
|-boost|p1a: Lurantis|atk|1
|-boost|p1a: Lurantis|def|1
|faint|p2a: Samurott
|
|-heal|p1a: Lurantis|100/100|[from] item: Leftovers
|upkeep
|
|t:|1760344802
|switch|p2a: Kyurem|Kyurem|100/100
|-ability|p2a: Kyurem|Pressure
|turn|14
|
|t:|1760344810
|-terastallize|p1a: Lurantis|Fire
|move|p2a: Kyurem|Freeze-Dry|p1a: Lurantis
|-resisted|p1a: Lurantis
|-damage|p1a: Lurantis|87/100
|move|p1a: Lurantis|Superpower|p2a: Kyurem
|-supereffective|p2a: Kyurem
|-damage|p2a: Kyurem|25/100
|-boost|p1a: Lurantis|atk|1
|-boost|p1a: Lurantis|def|1
|
|-heal|p2a: Kyurem|31/100|[from] item: Leftovers
|-heal|p1a: Lurantis|93/100|[from] item: Leftovers
|upkeep
|turn|15
|
|t:|1760344819
|move|p2a: Kyurem|Earth Power|p1a: Lurantis
|-supereffective|p1a: Lurantis
|-damage|p1a: Lurantis|46/100
|move|p1a: Lurantis|Superpower|p2a: Kyurem
|-supereffective|p2a: Kyurem
|-damage|p2a: Kyurem|0 fnt
|-boost|p1a: Lurantis|atk|1
|-boost|p1a: Lurantis|def|1
|faint|p2a: Kyurem
|
|-heal|p1a: Lurantis|52/100|[from] item: Leftovers
|upkeep
|
|t:|1760344828
|switch|p2a: Landorus|Landorus-Therian, M|13/100
|-ability|p2a: Landorus|Intimidate|boost
|-boost|p1a: Lurantis|atk|1
|turn|16
|
|t:|1760344832
|move|p2a: Landorus|Earth Power|p1a: Lurantis
|-supereffective|p1a: Lurantis
|-damage|p1a: Lurantis|0 fnt
|faint|p1a: Lurantis
|
|upkeep
|
|t:|1760344835
|switch|p1a: Lokix|Lokix, F|20/100
|turn|17
|
|t:|1760344838
|move|p2a: Landorus|Stealth Rock|p1a: Lokix
|-sidestart|p1: Aaron's lime|move: Stealth Rock
|move|p1a: Lokix|U-turn|p2a: Landorus
|-resisted|p2a: Landorus
|-damage|p2a: Landorus|0 fnt
|-damage|p1a: Lokix|3/100|[from] item: Rocky Helmet|[of] p2a: Landorus
|faint|p2a: Landorus
|
|t:|1760344842
|switch|p1a: Meloetta|Meloetta|100/100|[from] U-turn
|-damage|p1a: Meloetta|88/100|[from] Stealth Rock
|
|-heal|p1a: Meloetta|94/100|[from] item: Leftovers
|upkeep
|
|t:|1760344846
|switch|p2a: Dragapult|Dragapult, M|100/100
|turn|18
|
|t:|1760344854
|move|p2a: Dragapult|U-turn|p1a: Meloetta
|-supereffective|p1a: Meloetta
|-damage|p1a: Meloetta|26/100
|
|t:|1760344858
|switch|p2a: Raging Bolt|Raging Bolt|84/100|[from] U-turn
|move|p1a: Meloetta|Shadow Ball|p2a: Raging Bolt
|-damage|p2a: Raging Bolt|68/100
|-unboost|p2a: Raging Bolt|spd|1
|
|-heal|p1a: Meloetta|32/100|[from] item: Leftovers
|upkeep
|turn|19
|
|t:|1760344864
|move|p1a: Meloetta|Relic Song|p2a: Raging Bolt
|-damage|p2a: Raging Bolt|30/100
|-formechange|p1a: Meloetta|Meloetta-Pirouette|[msg]
|move|p2a: Raging Bolt|Thunderbolt|p1a: Meloetta
|-damage|p1a: Meloetta|0 fnt
|faint|p1a: Meloetta
|
|upkeep
|-message|Aaron's lime forfeited.
|
|win|Typhon-06
|raw|Aaron&apos;s lime's rating: 1099 &rarr; <strong>1078</strong><br />(-21 for losing)
|raw|Typhon-06's rating: 1157 &rarr; <strong>1178</strong><br />(+21 for winning)
|l|☆Aaron's lime
|player|p1|
|l|☆Typhon-06
|player|p2|
