|j|☆Desarac
|j|☆jeremie17
|t:|1760416430
|gametype|singles
|player|p1|Desarac|preschooler|1107
|player|p2|jeremie17|benga|1150
|gen|9
|tier|[Gen 9] OU
|rated|
|rule|HP Percentage Mod: HP is shown in percentages
|rule|Endless Battle Clause: Forcing endless battles is banned
|rule|Species Clause: Limit one of each Pokémon
|rule|OHKO Clause: OHKO moves are banned
|rule|Evasion Items Clause: Evasion items are banned
|rule|Evasion Moves Clause: Evasion moves are banned
|rule|Evasion Abilities Clause: Evasion abilities are banned
|rule|Sleep Moves Clause: Sleep-inducing moves are banned
|clearpoke
|poke|p1|Metagross|
|poke|p1|Dragapult, F|
|poke|p1|Dragonite, M|
|poke|p1|Latias, F|
|poke|p1|Zapdos|
|poke|p1|Ninetales-Alola, F|
|poke|p2|Ribombee, F|
|poke|p2|Great Tusk|
|poke|p2|Enamorus, F|
|poke|p2|Greninja-*, M|
|poke|p2|Breloom, F|
|poke|p2|Raging Bolt|
|teampreview
|inactive|Battle timer is ON: inactive players will automatically lose when time's up. (requested by Desarac)
|
|t:|1760416448
|teamsize|p1|6
|teamsize|p2|6
|start
|switch|p1a: Dragapult|Dragapult, F|100/100
|switch|p2a: S. scabei hominis|Ribombee, F|100/100
|turn|1
|
|t:|1760416454
|move|p1a: Dragapult|Flamethrower|p2a: S. scabei hominis
|-supereffective|p2a: S. scabei hominis
|-damage|p2a: S. scabei hominis|4/100
|move|p2a: S. scabei hominis|Moonblast|p1a: Dragapult
|-supereffective|p1a: Dragapult
|-damage|p1a: Dragapult|0 fnt
|faint|p1a: Dragapult
|
|upkeep
|
|t:|1760416464
|switch|p1a: Ninetales|Ninetales-Alola, F, shiny|100/100
|-weather|Snowscape|[from] ability: Snow Warning|[of] p1a: Ninetales
|turn|2
|
|t:|1760416470
|move|p2a: S. scabei hominis|Sticky Web|p1a: Ninetales
|-sidestart|p1: Desarac|move: Sticky Web
|move|p1a: Ninetales|Freeze-Dry|p2a: S. scabei hominis
|-damage|p2a: S. scabei hominis|0 fnt
|faint|p2a: S. scabei hominis
|
|-weather|Snowscape|[upkeep]
|upkeep
|
|t:|1760416474
|switch|p2a: S. pneumoniae|Enamorus, F|100/100
|turn|3
|
|t:|1760416479
|move|p2a: S. pneumoniae|Earth Power|p1a: Ninetales
|-damage|p1a: Ninetales|60/100
|move|p1a: Ninetales|Freeze-Dry|p2a: S. pneumoniae
|-supereffective|p2a: S. pneumoniae
|-damage|p2a: S. pneumoniae|25/100
|-status|p2a: S. pneumoniae|frz
|
|-weather|Snowscape|[upkeep]
|upkeep
|turn|4
|
|t:|1760416488
|cant|p2a: S. pneumoniae|frz
|move|p1a: Ninetales|Aurora Veil|p1a: Ninetales
|-sidestart|p1: Desarac|move: Aurora Veil
|
|-weather|Snowscape|[upkeep]
|upkeep
|turn|5
|
|t:|1760416492
|cant|p2a: S. pneumoniae|frz
|move|p1a: Ninetales|Freeze-Dry|p2a: S. pneumoniae
|-supereffective|p2a: S. pneumoniae
|-damage|p2a: S. pneumoniae|0 fnt
|faint|p2a: S. pneumoniae
|
|-weather|Snowscape|[upkeep]
|upkeep
|
|t:|1760416496
|switch|p2a: O. volvulus|Great Tusk|100/100
|-enditem|p2a: O. volvulus|Booster Energy
|-activate|p2a: O. volvulus|ability: Protosynthesis|[fromitem]
|-start|p2a: O. volvulus|protosynthesisatk
|turn|6
|
|t:|1760416505
|switch|p1a: Latias|Latias, F|100/100
|-terastallize|p2a: O. volvulus|Fighting
|move|p2a: O. volvulus|Headlong Rush|p1a: Latias
|-immune|p1a: Latias|[from] ability: Levitate
|
|-weather|none
|upkeep
|turn|7
|
|t:|1760416514
|move|p1a: Latias|Calm Mind|p1a: Latias
|-boost|p1a: Latias|spa|1
|-boost|p1a: Latias|spd|1
|move|p2a: O. volvulus|Head Smash|p1a: Latias
|-damage|p1a: Latias|64/100
|-damage|p2a: O. volvulus|82/100|[from] Recoil
|
|-heal|p1a: Latias|70/100|[from] item: Leftovers
|upkeep
|turn|8
|
|t:|1760416525
|move|p1a: Latias|Stored Power|p2a: O. volvulus
|-supereffective|p2a: O. volvulus
|-damage|p2a: O. volvulus|0 fnt
|faint|p2a: O. volvulus
|-end|p2a: O. volvulus|Protosynthesis|[silent]
|
|-heal|p1a: Latias|76/100|[from] item: Leftovers
|upkeep
|
|t:|1760416528
|switch|p2a: Greninja|Greninja, M|100/100
|turn|9
|
|t:|1760416539
|-terastallize|p1a: Latias|Poison
|move|p2a: Greninja|Dark Pulse|p1a: Latias
|-damage|p1a: Latias|63/100
|cant|p1a: Latias|flinch
|
|-heal|p1a: Latias|69/100|[from] item: Leftovers
|upkeep
|turn|10
|
|t:|1760416547
|switch|p2a: Anisakis spp.|Raging Bolt|100/100
|-enditem|p2a: Anisakis spp.|Booster Energy
|-activate|p2a: Anisakis spp.|ability: Protosynthesis|[fromitem]
|-start|p2a: Anisakis spp.|protosynthesisspa
|move|p1a: Latias|Calm Mind|p1a: Latias
|-boost|p1a: Latias|spa|1
|-boost|p1a: Latias|spd|1
|
|-heal|p1a: Latias|75/100|[from] item: Leftovers
|upkeep
|turn|11
|
|t:|1760416555
|move|p1a: Latias|Calm Mind|p1a: Latias
|-boost|p1a: Latias|spa|1
|-boost|p1a: Latias|spd|1
|move|p2a: Anisakis spp.|Thunderbolt|p1a: Latias
|-damage|p1a: Latias|65/100
|
|-heal|p1a: Latias|71/100|[from] item: Leftovers
|-sideend|p1: Desarac|move: Aurora Veil
|upkeep
|turn|12
|-message|jeremie17 forfeited.
|
|win|Desarac
|raw|Desarac's rating: 1107 &rarr; <strong>1135</strong><br />(+28 for winning)
|raw|jeremie17's rating: 1150 &rarr; <strong>1122</strong><br />(-28 for losing)
|l|☆jeremie17
|player|p2|
|l|☆Desarac
|player|p1|
|j|☆jeremie17
|player|p2|jeremie17|benga|
|l|☆jeremie17
|player|p2|
