|j|☆Andrewtre
|j|☆Metior
|t:|1760455660
|gametype|singles
|player|p1|Andrewtre|psychic|1143
|player|p2|Metior|ghetsis|1153
|gen|9
|tier|[Gen 9] OU
|rated|
|rule|HP Percentage Mod: HP is shown in percentages
|rule|Endless Battle Clause: Forcing endless battles is banned
|rule|Species Clause: Limit one of each Pokémon
|rule|OHKO Clause: OHKO moves are banned
|rule|Evasion Items Clause: Evasion items are banned
|rule|Evasion Moves Clause: Evasion moves are banned
|rule|Evasion Abilities Clause: Evasion abilities are banned
|rule|Sleep Moves Clause: Sleep-inducing moves are banned
|clearpoke
|poke|p1|Gyarados, M|
|poke|p1|Corviknight, F|
|poke|p1|Dragonite, F|
|poke|p1|Gliscor, M|
|poke|p1|Delibird, F|
|poke|p1|Mandibuzz, F|
|poke|p2|Regidrago|
|poke|p2|Skarmory, M|
|poke|p2|Gallade, M|
|poke|p2|Iron Treads|
|poke|p2|Incineroar, M|
|poke|p2|Azumarill, M|
|teampreview
|inactive|Battle timer is ON: inactive players will automatically lose when time's up. (requested by Andrewtre)
|
|t:|1760455675
|teamsize|p1|6
|teamsize|p2|6
|start
|switch|p1a: Delibird|Delibird, F|100/100
|switch|p2a: Iron Treads|Iron Treads|100/100
|turn|1
|
|t:|1760455691
|move|p1a: Delibird|Freeze-Dry|p2a: Iron Treads
|-damage|p2a: Iron Treads|82/100
|move|p2a: Iron Treads|Volt Switch|p1a: Delibird
|-supereffective|p1a: Delibird
|-damage|p1a: Delibird|55/100
|
|t:|1760455704
|-end|p2a: Iron Treads|Quark Drive|[silent]
|switch|p2a: Incineroar|Incineroar, M|100/100|[from] Volt Switch
|-ability|p2a: Incineroar|Intimidate|boost
|-unboost|p1a: Delibird|atk|1
|
|upkeep
|turn|2
|
|t:|1760455709
|move|p1a: Delibird|Spikes|p2a: Incineroar
|-sidestart|p2: Metior|Spikes
|move|p2a: Incineroar|Flame Charge|p1a: Delibird
|-supereffective|p1a: Delibird
|-damage|p1a: Delibird|0 fnt
|-boost|p2a: Incineroar|spe|1
|faint|p1a: Delibird
|
|upkeep
|
|t:|1760455715
|switch|p1a: Gyarados|Gyarados, M|100/100
|turn|3
|
|t:|1760455721
|switch|p2a: Azumarill|Azumarill, M|100/100
|-damage|p2a: Azumarill|88/100|[from] Spikes
|move|p1a: Gyarados|Dragon Dance|p1a: Gyarados
|-boost|p1a: Gyarados|atk|1
|-boost|p1a: Gyarados|spe|1
|
|upkeep
|turn|4
|
|t:|1760455728
|move|p1a: Gyarados|Waterfall|p2a: Azumarill
|-resisted|p2a: Azumarill
|-damage|p2a: Azumarill|54/100
|cant|p2a: Azumarill|flinch
|
|upkeep
|turn|5
|
|t:|1760455734
|move|p1a: Gyarados|Waterfall|p2a: Azumarill
|-resisted|p2a: Azumarill
|-damage|p2a: Azumarill|22/100
|-enditem|p2a: Azumarill|Sitrus Berry|[eat]
|-heal|p2a: Azumarill|47/100|[from] item: Sitrus Berry
|move|p2a: Azumarill|Play Rough|p1a: Gyarados
|-damage|p1a: Gyarados|26/100
|
|-heal|p1a: Gyarados|32/100|[from] item: Leftovers
|upkeep
|turn|6
|
|t:|1760455742
|move|p1a: Gyarados|Waterfall|p2a: Azumarill
|-resisted|p2a: Azumarill
|-damage|p2a: Azumarill|15/100
|move|p2a: Azumarill|Play Rough|p1a: Gyarados
|-damage|p1a: Gyarados|0 fnt
|faint|p1a: Gyarados
|
|upkeep
|
|t:|1760455752
|switch|p1a: Corviknight|Corviknight, F|100/100
|-ability|p1a: Corviknight|Pressure
|turn|7
|
|t:|1760455760
|move|p1a: Corviknight|Brave Bird|p2a: Azumarill
|-damage|p2a: Azumarill|0 fnt
|faint|p2a: Azumarill
|-damage|p1a: Corviknight|96/100|[from] Recoil
|
|upkeep
|
|t:|1760455776
|switch|p2a: Incineroar|Incineroar, M|100/100
|-damage|p2a: Incineroar|88/100|[from] Spikes
|-ability|p2a: Incineroar|Intimidate|boost
|-unboost|p1a: Corviknight|atk|1
|turn|8
|
|t:|1760455784
|-terastallize|p1a: Corviknight|Dragon
|move|p2a: Incineroar|Bulk Up|p2a: Incineroar
|-boost|p2a: Incineroar|atk|1
|-boost|p2a: Incineroar|def|1
|move|p1a: Corviknight|U-turn|p2a: Incineroar
|-damage|p2a: Incineroar|80/100
|
|t:|1760455794
|switch|p1a: Dragonite|Dragonite, F, shiny|100/100|[from] U-turn
|
|-heal|p2a: Incineroar|86/100|[from] item: Leftovers
|upkeep
|turn|9
|
|t:|1760455797
|move|p1a: Dragonite|Earthquake|p2a: Incineroar
|-supereffective|p2a: Incineroar
|-damage|p2a: Incineroar|25/100
|move|p2a: Incineroar|Bulk Up|p2a: Incineroar
|-boost|p2a: Incineroar|atk|1
|-boost|p2a: Incineroar|def|1
|
|-heal|p2a: Incineroar|31/100|[from] item: Leftovers
|upkeep
|turn|10
|
|t:|1760455801
|move|p1a: Dragonite|Earthquake|p2a: Incineroar
|-supereffective|p2a: Incineroar
|-damage|p2a: Incineroar|0 fnt
|faint|p2a: Incineroar
|
|upkeep
|
|t:|1760455804
|switch|p2a: Skarmory|Skarmory, M|100/100
|turn|11
|
|t:|1760455817
|move|p1a: Dragonite|Dragon Dance|p1a: Dragonite
|-boost|p1a: Dragonite|atk|1
|-boost|p1a: Dragonite|spe|1
|move|p2a: Skarmory|Swords Dance|p2a: Skarmory
|-boost|p2a: Skarmory|atk|2
|
|upkeep
|turn|12
|
|t:|1760455827
|move|p1a: Dragonite|Dragon Dance|p1a: Dragonite
|-boost|p1a: Dragonite|atk|1
|-boost|p1a: Dragonite|spe|1
|move|p2a: Skarmory|Drill Peck|p1a: Dragonite
|-damage|p1a: Dragonite|62/100
|
|upkeep
|turn|13
|
|t:|1760455833
|move|p1a: Dragonite|Ice Spinner|p2a: Skarmory
|-damage|p2a: Skarmory|42/100
|-ability|p2a: Skarmory|Weak Armor|boost
|-unboost|p2a: Skarmory|def|1
|-boost|p2a: Skarmory|spe|2
|move|p2a: Skarmory|Drill Peck|p1a: Dragonite
|-damage|p1a: Dragonite|0 fnt
|faint|p1a: Dragonite
|
|-heal|p2a: Skarmory|48/100|[from] item: Leftovers
|upkeep
|
|t:|1760455846
|switch|p1a: Corviknight|Corviknight, F, tera:Dragon|96/100
|-ability|p1a: Corviknight|Pressure
|turn|14
|
|t:|1760455851
|move|p2a: Skarmory|Iron Head|p1a: Corviknight
|-damage|p1a: Corviknight|60/100
|-damage|p2a: Skarmory|31/100|[from] item: Rocky Helmet|[of] p1a: Corviknight
|move|p1a: Corviknight|Brave Bird|p2a: Skarmory
|-resisted|p2a: Skarmory
|-damage|p2a: Skarmory|8/100
|-ability|p2a: Skarmory|Weak Armor|boost
|-unboost|p2a: Skarmory|def|1
|-boost|p2a: Skarmory|spe|2
|-damage|p1a: Corviknight|54/100|[from] Recoil
|
|-heal|p2a: Skarmory|13/100|[from] item: Leftovers
|upkeep
|turn|15
|
|t:|1760455861
|move|p2a: Skarmory|Iron Head|p1a: Corviknight
|-damage|p1a: Corviknight|15/100
|-damage|p2a: Skarmory|0 fnt|[from] item: Rocky Helmet|[of] p1a: Corviknight
|faint|p2a: Skarmory
|move|p1a: Corviknight|Brave Bird|p2: Skarmory|[notarget]
|-fail|p1a: Corviknight
|
|upkeep
|
|t:|1760455872
|switch|p2a: Regidrago|Regidrago|100/100
|-damage|p2a: Regidrago|88/100|[from] Spikes
|turn|16
|
|t:|1760455879
|move|p2a: Regidrago|Dragon Dance|p2a: Regidrago
|-boost|p2a: Regidrago|atk|1
|-boost|p2a: Regidrago|spe|1
|move|p1a: Corviknight|Brave Bird|p2a: Regidrago
|-damage|p2a: Regidrago|49/100
|-damage|p1a: Corviknight|0 fnt|[from] Recoil
|faint|p1a: Corviknight
|
|-heal|p2a: Regidrago|55/100|[from] item: Leftovers
|upkeep
|
|t:|1760455882
|switch|p1a: Mandibuzz|Mandibuzz, F|100/100
|turn|17
|
|t:|1760455893
|-terastallize|p2a: Regidrago|Dragon
|move|p2a: Regidrago|Dragon Claw|p1a: Mandibuzz
|-damage|p1a: Mandibuzz|32/100
|move|p1a: Mandibuzz|Foul Play|p2a: Regidrago
|-damage|p2a: Regidrago|0 fnt
|faint|p2a: Regidrago
|
|upkeep
|
|t:|1760455900
|switch|p2a: Gallade|Gallade, M|100/100
|-damage|p2a: Gallade|88/100|[from] Spikes
|turn|18
|
|t:|1760455905
|move|p2a: Gallade|Sacred Sword|p1a: Mandibuzz
|-damage|p1a: Mandibuzz|0 fnt
|faint|p1a: Mandibuzz
|
|upkeep
|
|t:|1760455908
|switch|p1a: Gliscor|Gliscor, M|100/100
|turn|19
|
|t:|1760455912
|move|p2a: Gallade|Sacred Sword|p1a: Gliscor
|-resisted|p1a: Gliscor
|-damage|p1a: Gliscor|72/100
|move|p1a: Gliscor|Toxic|p2a: Gallade
|-status|p2a: Gallade|tox
|
|-damage|p2a: Gallade|82/100 tox|[from] psn
|-status|p1a: Gliscor|tox|[from] item: Toxic Orb
|upkeep
|turn|20
|
|t:|1760455920
|switch|p2a: Iron Treads|Iron Treads|82/100
|-damage|p2a: Iron Treads|69/100|[from] Spikes
|move|p1a: Gliscor|Protect||[still]
|-fail|p1a: Gliscor
|
|-heal|p2a: Iron Treads|75/100|[from] item: Leftovers
|-heal|p1a: Gliscor|85/100 tox|[from] ability: Poison Heal
|upkeep
|turn|21
|
|t:|1760455930
|move|p2a: Iron Treads|Rapid Spin|p1a: Gliscor
|-damage|p1a: Gliscor|70/100 tox
|-boost|p2a: Iron Treads|spe|1
|-sideend|p2: Metior|Spikes|[from] move: Rapid Spin|[of] p2a: Iron Treads
|move|p1a: Gliscor|Knock Off|p2a: Iron Treads
|-damage|p2a: Iron Treads|59/100
|-enditem|p2a: Iron Treads|Leftovers|[from] move: Knock Off|[of] p1a: Gliscor
|
|-heal|p1a: Gliscor|83/100 tox|[from] ability: Poison Heal
|upkeep
|turn|22
|
|t:|1760455939
|move|p2a: Iron Treads|Knock Off|p1a: Gliscor
|-damage|p1a: Gliscor|58/100 tox
|-enditem|p1a: Gliscor|Toxic Orb|[from] move: Knock Off|[of] p2a: Iron Treads
|move|p1a: Gliscor|Knock Off|p2a: Iron Treads
|-damage|p2a: Iron Treads|47/100
|
|-heal|p1a: Gliscor|71/100 tox|[from] ability: Poison Heal
|upkeep
|turn|23
|
|t:|1760455945
|-end|p2a: Iron Treads|Quark Drive|[silent]
|switch|p2a: Gallade|Gallade, M|82/100 tox
|move|p1a: Gliscor|Protect||[still]
|-fail|p1a: Gliscor
|
|-damage|p2a: Gallade|76/100 tox|[from] psn
|-heal|p1a: Gliscor|83/100 tox|[from] ability: Poison Heal
|upkeep
|turn|24
|
|t:|1760455949
|move|p2a: Gallade|Trick|p1a: Gliscor
|-activate|p2a: Gallade|move: Trick|[of] p1a: Gliscor
|-item|p1a: Gliscor|Choice Scarf|[from] move: Trick
|-enditem|p2a: Gallade|Choice Scarf|[silent]|[from] move: Trick
|move|p1a: Gliscor|Knock Off|p2a: Gallade
|-damage|p2a: Gallade|52/100 tox
|
|-heal|p1a: Gliscor|96/100 tox|[from] ability: Poison Heal
|-damage|p2a: Gallade|39/100 tox|[from] psn
|upkeep
|turn|25
|
|t:|1760455963
|switch|p2a: Iron Treads|Iron Treads|47/100
|move|p1a: Gliscor|Knock Off|p2a: Iron Treads
|-damage|p2a: Iron Treads|36/100
|
|-heal|p1a: Gliscor|100/100 tox|[from] ability: Poison Heal
|upkeep
|turn|26
|
|t:|1760455971
|move|p1a: Gliscor|Knock Off|p2a: Iron Treads
|-damage|p2a: Iron Treads|26/100
|move|p2a: Iron Treads|Knock Off|p1a: Gliscor
|-damage|p1a: Gliscor|76/100 tox
|-enditem|p1a: Gliscor|Choice Scarf|[from] move: Knock Off|[of] p2a: Iron Treads
|
|-heal|p1a: Gliscor|89/100 tox|[from] ability: Poison Heal
|upkeep
|turn|27
|
|t:|1760455982
|move|p2a: Iron Treads|Knock Off|p1a: Gliscor
|-damage|p1a: Gliscor|71/100 tox
|move|p1a: Gliscor|Knock Off|p2a: Iron Treads
|-damage|p2a: Iron Treads|15/100
|
|-heal|p1a: Gliscor|84/100 tox|[from] ability: Poison Heal
|upkeep
|turn|28
|
|t:|1760455990
|move|p2a: Iron Treads|Knock Off|p1a: Gliscor
|-damage|p1a: Gliscor|66/100 tox
|move|p1a: Gliscor|Knock Off|p2a: Iron Treads
|-damage|p2a: Iron Treads|4/100
|
|-heal|p1a: Gliscor|79/100 tox|[from] ability: Poison Heal
|upkeep
|turn|29
|
|t:|1760455998
|move|p2a: Iron Treads|Knock Off|p1a: Gliscor
|-damage|p1a: Gliscor|61/100 tox
|move|p1a: Gliscor|Knock Off|p2a: Iron Treads
|-damage|p2a: Iron Treads|0 fnt
|faint|p2a: Iron Treads
|-end|p2a: Iron Treads|Quark Drive|[silent]
|
|-heal|p1a: Gliscor|74/100 tox|[from] ability: Poison Heal
|upkeep
|
|t:|1760456002
|switch|p2a: Gallade|Gallade, M|39/100 tox
|turn|30
|
|t:|1760456005
|move|p1a: Gliscor|Protect|p1a: Gliscor
|-singleturn|p1a: Gliscor|Protect
|move|p2a: Gallade|Swords Dance|p2a: Gallade
|-boost|p2a: Gallade|atk|2
|
|-damage|p2a: Gallade|33/100 tox|[from] psn
|-heal|p1a: Gliscor|86/100 tox|[from] ability: Poison Heal
|upkeep
|turn|31
|
|t:|1760456014
|move|p2a: Gallade|Psycho Cut|p1a: Gliscor
|-damage|p1a: Gliscor|1/100 tox
|move|p1a: Gliscor|Knock Off|p2a: Gallade
|-damage|p2a: Gallade|7/100 tox
|
|-damage|p2a: Gallade|0 fnt|[from] psn
|faint|p2a: Gallade
|
|win|Andrewtre
|raw|Andrewtre's rating: 1143 &rarr; <strong>1169</strong><br />(+26 for winning)
|raw|Metior's rating: 1153 &rarr; <strong>1127</strong><br />(-26 for losing)
|c|☆Metior|Gg
|c|☆Metior|wp
|l|☆Metior
|player|p2|
|l|☆Andrewtre
|player|p1|
