|j|☆toater_1
|j|☆gengargreatesthits
|t:|1760378220
|gametype|singles
|player|p1|toater_1|170|1422
|player|p2|gengargreatesthits|hexmaniac-gen3|1382
|gen|9
|tier|[Gen 9] OU
|rated|
|rule|HP Percentage Mod: HP is shown in percentages
|rule|Endless Battle Clause: Forcing endless battles is banned
|rule|Species Clause: Limit one of each Pokémon
|rule|OHKO Clause: OHKO moves are banned
|rule|Evasion Items Clause: Evasion items are banned
|rule|Evasion Moves Clause: Evasion moves are banned
|rule|Evasion Abilities Clause: Evasion abilities are banned
|rule|Sleep Moves Clause: Sleep-inducing moves are banned
|clearpoke
|poke|p1|Rillaboom, F|
|poke|p1|Hatterene, F|
|poke|p1|Heatran, F|
|poke|p1|Kyurem|
|poke|p1|Pecharunt|
|poke|p1|Ting-Lu|
|poke|p2|Hatterene, F|
|poke|p2|Great Tusk|
|poke|p2|Ceruledge, F|
|poke|p2|Ting-Lu|
|poke|p2|Dragonite, M|
|poke|p2|Kyurem|
|teampreview
|
|t:|1760378235
|teamsize|p1|6
|teamsize|p2|6
|start
|switch|p1a: Kyurem|Kyurem|100/100
|switch|p2a: Yellow Hat|Kyurem|100/100
|-ability|p1a: Kyurem|Pressure
|-ability|p2a: Yellow Hat|Pressure
|turn|1
|
|t:|1760378245
|move|p1a: Kyurem|Protect|p1a: Kyurem
|-singleturn|p1a: Kyurem|Protect
|move|p2a: Yellow Hat|Draco Meteor|p1a: Kyurem
|-activate|p1a: Kyurem|move: Protect
|
|upkeep
|turn|2
|
|t:|1760378250
|switch|p1a: Hatterene|Hatterene, F|100/100
|switch|p2a: Witch Hat|Hatterene, F|100/100
|
|upkeep
|turn|3
|c|☆gengargreatesthits|OU
|
|t:|1760378267
|move|p2a: Witch Hat|Nuzzle|p1a: Hatterene
|-damage|p1a: Hatterene|97/100
|move|p1a: Hatterene|Nuzzle|p2a: Witch Hat
|-damage|p2a: Witch Hat|96/100
|-status|p2a: Witch Hat|par
|
|upkeep
|turn|4
|
|t:|1760378283
|move|p1a: Hatterene|Psychic Noise|p2a: Witch Hat
|-resisted|p2a: Witch Hat
|-damage|p2a: Witch Hat|86/100 par
|-start|p2a: Witch Hat|move: Heal Block
|move|p2a: Witch Hat|Psychic Noise|p1a: Hatterene
|-resisted|p1a: Hatterene
|-damage|p1a: Hatterene|77/100
|
|upkeep
|turn|5
|
|t:|1760378291
|switch|p2a: Soup Hat|Ting-Lu|100/100
|-ability|p2a: Soup Hat|Vessel of Ruin
|move|p1a: Hatterene|Draining Kiss|p2a: Soup Hat
|-supereffective|p2a: Soup Hat
|-damage|p2a: Soup Hat|78/100
|-heal|p1a: Hatterene|100/100|[from] drain|[of] p2a: Soup Hat
|
|-heal|p2a: Soup Hat|85/100|[from] item: Leftovers
|upkeep
|turn|6
|
|t:|1760378296
|move|p2a: Soup Hat|Ruination|p1a: Hatterene
|-damage|p1a: Hatterene|50/100
|move|p1a: Hatterene|Draining Kiss|p2a: Soup Hat
|-supereffective|p2a: Soup Hat
|-damage|p2a: Soup Hat|65/100
|-heal|p1a: Hatterene|74/100|[from] drain|[of] p2a: Soup Hat
|
|-heal|p2a: Soup Hat|72/100|[from] item: Leftovers
|upkeep
|turn|7
|
|t:|1760378300
|move|p2a: Soup Hat|Earthquake|p1a: Hatterene
|-damage|p1a: Hatterene|42/100
|move|p1a: Hatterene|Draining Kiss|p2a: Soup Hat
|-supereffective|p2a: Soup Hat
|-damage|p2a: Soup Hat|50/100
|-heal|p1a: Hatterene|68/100|[from] drain|[of] p2a: Soup Hat
|
|-heal|p2a: Soup Hat|56/100|[from] item: Leftovers
|upkeep
|turn|8
|
|t:|1760378309
|move|p2a: Soup Hat|Earthquake|p1a: Hatterene
|-damage|p1a: Hatterene|36/100
|move|p1a: Hatterene|Draining Kiss|p2a: Soup Hat
|-supereffective|p2a: Soup Hat
|-damage|p2a: Soup Hat|38/100
|-heal|p1a: Hatterene|59/100|[from] drain|[of] p2a: Soup Hat
|
|-heal|p2a: Soup Hat|44/100|[from] item: Leftovers
|upkeep
|turn|9
|
|t:|1760378318
|move|p2a: Soup Hat|Earthquake|p1a: Hatterene
|-damage|p1a: Hatterene|28/100
|move|p1a: Hatterene|Pain Split|p2a: Soup Hat
|-sethp|p2a: Soup Hat|31/100|[from] move: Pain Split|[silent]
|-sethp|p1a: Hatterene|49/100|[from] move: Pain Split
|
|-heal|p2a: Soup Hat|37/100|[from] item: Leftovers
|upkeep
|turn|10
|
|t:|1760378322
|move|p2a: Soup Hat|Earthquake|p1a: Hatterene
|-damage|p1a: Hatterene|19/100
|move|p1a: Hatterene|Draining Kiss|p2a: Soup Hat
|-supereffective|p2a: Soup Hat
|-damage|p2a: Soup Hat|18/100
|-heal|p1a: Hatterene|42/100|[from] drain|[of] p2a: Soup Hat
|
|-heal|p2a: Soup Hat|24/100|[from] item: Leftovers
|upkeep
|turn|11
|
|t:|1760378325
|move|p2a: Soup Hat|Earthquake|p1a: Hatterene
|-damage|p1a: Hatterene|9/100
|move|p1a: Hatterene|Pain Split|p2a: Soup Hat
|-sethp|p2a: Soup Hat|15/100|[from] move: Pain Split|[silent]
|-sethp|p1a: Hatterene|24/100|[from] move: Pain Split
|
|-heal|p2a: Soup Hat|21/100|[from] item: Leftovers
|upkeep
|turn|12
|
|t:|1760378328
|switch|p1a: Rillaboom|Rillaboom, F|100/100
|-fieldstart|move: Grassy Terrain|[from] ability: Grassy Surge|[of] p1a: Rillaboom
|move|p2a: Soup Hat|Earthquake|p1a: Rillaboom
|-resisted|p1a: Rillaboom
|-damage|p1a: Rillaboom|92/100
|
|-heal|p1a: Rillaboom|98/100|[from] Grassy Terrain
|-heal|p2a: Soup Hat|28/100|[from] Grassy Terrain
|-heal|p2a: Soup Hat|34/100|[from] item: Leftovers
|upkeep
|turn|13
|
|t:|1760378330
|move|p1a: Rillaboom|U-turn|p2a: Soup Hat
|-supereffective|p2a: Soup Hat
|-damage|p2a: Soup Hat|0 fnt
|faint|p2a: Soup Hat
|
|t:|1760378333
|switch|p1a: Hatterene|Hatterene, F|24/100|[from] U-turn
|
|-heal|p1a: Hatterene|30/100|[from] Grassy Terrain
|upkeep
|
|t:|1760378335
|switch|p2a: Flame Hat|Ceruledge, F|100/100
|turn|14
|
|t:|1760378338
|move|p2a: Flame Hat|Shadow Sneak|p1a: Hatterene
|-supereffective|p1a: Hatterene
|-damage|p1a: Hatterene|0 fnt
|faint|p1a: Hatterene
|
|upkeep
|
|t:|1760378340
|switch|p1a: Ting-Lu|Ting-Lu|100/100
|-ability|p1a: Ting-Lu|Vessel of Ruin
|turn|15
|
|t:|1760378347
|move|p2a: Flame Hat|Swords Dance|p2a: Flame Hat
|-boost|p2a: Flame Hat|atk|2
|move|p1a: Ting-Lu|Ruination|p2a: Flame Hat
|-damage|p2a: Flame Hat|51/100
|
|-heal|p2a: Flame Hat|57/100|[from] Grassy Terrain
|upkeep
|turn|16
|
|t:|1760378356
|move|p2a: Flame Hat|Close Combat|p1a: Ting-Lu
|-supereffective|p1a: Ting-Lu
|-damage|p1a: Ting-Lu|6/100
|-unboost|p2a: Flame Hat|def|1
|-unboost|p2a: Flame Hat|spd|1
|-enditem|p1a: Ting-Lu|Red Card|[of] p2a: Flame Hat
|drag|p2a: No Hat|Great Tusk|100/100
|move|p1a: Ting-Lu|Stealth Rock|p2a: No Hat
|-sidestart|p2: gengargreatesthits|move: Stealth Rock
|
|-heal|p1a: Ting-Lu|13/100|[from] Grassy Terrain
|-fieldend|move: Grassy Terrain
|upkeep
|turn|17
|
|t:|1760378366
|switch|p1a: Pecharunt|Pecharunt|100/100
|-item|p1a: Pecharunt|Air Balloon
|move|p2a: No Hat|Rapid Spin|p1a: Pecharunt
|-immune|p1a: Pecharunt
|
|upkeep
|turn|18
|
|t:|1760378370
|move|p2a: No Hat|Knock Off|p1a: Pecharunt
|-supereffective|p1a: Pecharunt
|-damage|p1a: Pecharunt|69/100
|-enditem|p1a: Pecharunt|Air Balloon
|move|p1a: Pecharunt|Shadow Ball|p2a: No Hat
|-crit|p2a: No Hat
|-damage|p2a: No Hat|32/100
|
|-heal|p2a: No Hat|38/100|[from] item: Leftovers
|upkeep
|turn|19
|
|t:|1760378375
|move|p2a: No Hat|Headlong Rush|p1a: Pecharunt
|-supereffective|p1a: Pecharunt
|-damage|p1a: Pecharunt|7/100
|-unboost|p2a: No Hat|def|1
|-unboost|p2a: No Hat|spd|1
|move|p1a: Pecharunt|Shadow Ball|p2a: No Hat
|-damage|p2a: No Hat|0 fnt
|faint|p2a: No Hat
|-end|p2a: No Hat|Protosynthesis|[silent]
|
|upkeep
|
|t:|1760378378
|switch|p2a: Flame Hat|Ceruledge, F|57/100
|-damage|p2a: Flame Hat|32/100|[from] Stealth Rock
|turn|20
|
|t:|1760378387
|switch|p1a: Ting-Lu|Ting-Lu|13/100
|-ability|p1a: Ting-Lu|Vessel of Ruin
|move|p2a: Flame Hat|Shadow Sneak|p1a: Ting-Lu
|-resisted|p1a: Ting-Lu
|-damage|p1a: Ting-Lu|7/100
|
|upkeep
|turn|21
|
|t:|1760378389
|move|p2a: Flame Hat|Close Combat|p1a: Ting-Lu
|-supereffective|p1a: Ting-Lu
|-damage|p1a: Ting-Lu|0 fnt
|-unboost|p2a: Flame Hat|def|1
|-unboost|p2a: Flame Hat|spd|1
|faint|p1a: Ting-Lu
|
|upkeep
|
|t:|1760378393
|switch|p1a: Kyurem|Kyurem|100/100
|-ability|p1a: Kyurem|Pressure
|turn|22
|
|t:|1760378395
|move|p1a: Kyurem|Earth Power|p2a: Flame Hat
|-supereffective|p2a: Flame Hat
|-damage|p2a: Flame Hat|0 fnt
|faint|p2a: Flame Hat
|
|upkeep
|
|t:|1760378399
|switch|p2a: Witch Hat|Hatterene, F|86/100 par
|-damage|p2a: Witch Hat|74/100 par|[from] Stealth Rock
|turn|23
|
|t:|1760378406
|move|p1a: Kyurem|Substitute|p1a: Kyurem
|-start|p1a: Kyurem|Substitute
|-damage|p1a: Kyurem|76/100
|move|p2a: Witch Hat|Nuzzle|p1a: Kyurem
|-resisted|p1a: Kyurem
|-activate|p1a: Kyurem|move: Substitute|[damage]
|
|upkeep
|turn|24
|
|t:|1760378410
|move|p1a: Kyurem|Earth Power|p2a: Witch Hat
|-damage|p2a: Witch Hat|53/100 par
|move|p2a: Witch Hat|Psychic Noise|p1a: Kyurem
|-damage|p1a: Kyurem|39/100
|-start|p1a: Kyurem|move: Heal Block
|
|upkeep
|turn|25
|
|t:|1760378414
|move|p1a: Kyurem|Freeze-Dry|p2a: Witch Hat
|-damage|p2a: Witch Hat|28/100 par
|cant|p2a: Witch Hat|par
|
|-end|p1a: Kyurem|move: Heal Block
|upkeep
|turn|26
|
|t:|1760378418
|move|p1a: Kyurem|Freeze-Dry|p2a: Witch Hat
|-damage|p2a: Witch Hat|6/100 par
|move|p2a: Witch Hat|Psychic Noise|p1a: Kyurem
|-crit|p1a: Kyurem
|-damage|p1a: Kyurem|0 fnt
|faint|p1a: Kyurem
|
|upkeep
|
|t:|1760378420
|switch|p1a: Rillaboom|Rillaboom, F|98/100
|-fieldstart|move: Grassy Terrain|[from] ability: Grassy Surge|[of] p1a: Rillaboom
|turn|27
|
|t:|1760378425
|move|p1a: Rillaboom|U-turn|p2a: Witch Hat
|-damage|p2a: Witch Hat|0 fnt
|faint|p2a: Witch Hat
|
|t:|1760378427
|switch|p1a: Pecharunt|Pecharunt|7/100|[from] U-turn
|
|-heal|p1a: Pecharunt|13/100|[from] Grassy Terrain
|upkeep
|
|t:|1760378432
|switch|p2a: Yellow Hat|Kyurem|100/100
|-damage|p2a: Yellow Hat|76/100|[from] Stealth Rock
|-ability|p2a: Yellow Hat|Pressure
|turn|28
|
|t:|1760378439
|move|p2a: Yellow Hat|Ice Beam|p1a: Pecharunt
|-crit|p1a: Pecharunt
|-damage|p1a: Pecharunt|0 fnt
|faint|p1a: Pecharunt
|
|-heal|p2a: Yellow Hat|82/100|[from] Grassy Terrain
|upkeep
|
|t:|1760378443
|switch|p1a: Heatran|Heatran, F|100/100
|turn|29
|
|t:|1760378446
|switch|p2a: Guess the Hat|Dragonite, M|100/100
|-damage|p2a: Guess the Hat|76/100|[from] Stealth Rock
|move|p1a: Heatran|Lava Plume|p2a: Guess the Hat
|-resisted|p2a: Guess the Hat
|-damage|p2a: Guess the Hat|60/100
|
|-heal|p2a: Guess the Hat|66/100|[from] item: Leftovers
|upkeep
|turn|30
|
|t:|1760378464
|move|p2a: Guess the Hat|Earthquake|p1a: Heatran
|-supereffective|p1a: Heatran
|-damage|p1a: Heatran|41/100
|move|p1a: Heatran|Lava Plume|p2a: Guess the Hat
|-resisted|p2a: Guess the Hat
|-damage|p2a: Guess the Hat|51/100
|
|-heal|p2a: Guess the Hat|57/100|[from] item: Leftovers
|-heal|p1a: Heatran|48/100|[from] Grassy Terrain
|-heal|p1a: Heatran|54/100|[from] item: Leftovers
|upkeep
|turn|31
|
|t:|1760378472
|-terastallize|p1a: Heatran|Ghost
|move|p2a: Guess the Hat|Earthquake|p1a: Heatran
|-damage|p1a: Heatran|38/100
|move|p1a: Heatran|Lava Plume|p2a: Guess the Hat
|-resisted|p2a: Guess the Hat
|-damage|p2a: Guess the Hat|41/100
|
|-heal|p2a: Guess the Hat|47/100|[from] item: Leftovers
|-heal|p1a: Heatran|44/100|[from] Grassy Terrain
|-heal|p1a: Heatran|50/100|[from] item: Leftovers
|-fieldend|move: Grassy Terrain
|upkeep
|turn|32
|
|t:|1760378477
|move|p2a: Guess the Hat|Roost|p2a: Guess the Hat
|-heal|p2a: Guess the Hat|97/100
|-singleturn|p2a: Guess the Hat|move: Roost
|move|p1a: Heatran|Magma Storm|p2a: Guess the Hat
|-resisted|p2a: Guess the Hat
|-damage|p2a: Guess the Hat|75/100
|-activate|p2a: Guess the Hat|move: Magma Storm|[of] p1a: Heatran
|
|-heal|p2a: Guess the Hat|81/100|[from] item: Leftovers
|-heal|p1a: Heatran|56/100|[from] item: Leftovers
|-damage|p2a: Guess the Hat|69/100|[from] move: Magma Storm|[partiallytrapped]
|upkeep
|turn|33
|
|t:|1760378484
|move|p2a: Guess the Hat|Dragon Dance|p2a: Guess the Hat
|-boost|p2a: Guess the Hat|atk|1
|-boost|p2a: Guess the Hat|spe|1
|move|p1a: Heatran|Lava Plume|p2a: Guess the Hat
|-resisted|p2a: Guess the Hat
|-damage|p2a: Guess the Hat|53/100
|
|-heal|p2a: Guess the Hat|59/100|[from] item: Leftovers
|-heal|p1a: Heatran|63/100|[from] item: Leftovers
|-damage|p2a: Guess the Hat|47/100|[from] move: Magma Storm|[partiallytrapped]
|upkeep
|turn|34
|
|t:|1760378487
|move|p2a: Guess the Hat|Roost|p2a: Guess the Hat
|-heal|p2a: Guess the Hat|97/100
|-singleturn|p2a: Guess the Hat|move: Roost
|move|p1a: Heatran|Lava Plume|p2a: Guess the Hat
|-resisted|p2a: Guess the Hat
|-damage|p2a: Guess the Hat|81/100
|
|-heal|p2a: Guess the Hat|87/100|[from] item: Leftovers
|-heal|p1a: Heatran|69/100|[from] item: Leftovers
|-damage|p2a: Guess the Hat|75/100|[from] move: Magma Storm|[partiallytrapped]
|upkeep
|turn|35
|
|t:|1760378492
|move|p2a: Guess the Hat|Dragon Dance|p2a: Guess the Hat
|-boost|p2a: Guess the Hat|atk|1
|-boost|p2a: Guess the Hat|spe|1
|move|p1a: Heatran|Lava Plume|p2a: Guess the Hat
|-resisted|p2a: Guess the Hat
|-damage|p2a: Guess the Hat|59/100
|
|-heal|p2a: Guess the Hat|65/100|[from] item: Leftovers
|-heal|p1a: Heatran|75/100|[from] item: Leftovers
|-damage|p2a: Guess the Hat|53/100|[from] move: Magma Storm|[partiallytrapped]
|upkeep
|turn|36
|
|t:|1760378498
|move|p2a: Guess the Hat|Earthquake|p1a: Heatran
|-damage|p1a: Heatran|18/100
|move|p1a: Heatran|Lava Plume|p2a: Guess the Hat
|-resisted|p2a: Guess the Hat
|-damage|p2a: Guess the Hat|36/100
|
|-heal|p2a: Guess the Hat|42/100|[from] item: Leftovers
|-heal|p1a: Heatran|24/100|[from] item: Leftovers
|-damage|p2a: Guess the Hat|30/100|[from] move: Magma Storm|[partiallytrapped]
|upkeep
|turn|37
|c|☆toater_1|no burn is crazy
|
|t:|1760378515
|switch|p1a: Rillaboom|Rillaboom, F|98/100
|-fieldstart|move: Grassy Terrain|[from] ability: Grassy Surge|[of] p1a: Rillaboom
|move|p2a: Guess the Hat|Earthquake|p1a: Rillaboom
|-resisted|p1a: Rillaboom
|-damage|p1a: Rillaboom|81/100
|
|-heal|p2a: Guess the Hat|36/100|[from] item: Leftovers
|-heal|p1a: Rillaboom|87/100|[from] Grassy Terrain
|-end|p2a: Guess the Hat|Magma Storm|[partiallytrapped]
|upkeep
|turn|38
|
|t:|1760378519
|move|p2a: Guess the Hat|Roost|p2a: Guess the Hat
|-heal|p2a: Guess the Hat|86/100
|-singleturn|p2a: Guess the Hat|move: Roost
|move|p1a: Rillaboom|Knock Off|p2a: Guess the Hat
|-damage|p2a: Guess the Hat|31/100
|-enditem|p2a: Guess the Hat|Leftovers|[from] move: Knock Off|[of] p1a: Rillaboom
|
|-heal|p2a: Guess the Hat|37/100|[from] Grassy Terrain
|-heal|p1a: Rillaboom|94/100|[from] Grassy Terrain
|upkeep
|turn|39
|
|t:|1760378523
|switch|p1a: Heatran|Heatran, F, tera:Ghost|24/100
|move|p2a: Guess the Hat|Roost|p2a: Guess the Hat
|-heal|p2a: Guess the Hat|87/100
|-singleturn|p2a: Guess the Hat|move: Roost
|
|-heal|p2a: Guess the Hat|93/100|[from] Grassy Terrain
|-heal|p1a: Heatran|30/100|[from] Grassy Terrain
|-heal|p1a: Heatran|36/100|[from] item: Leftovers
|upkeep
|turn|40
|
|t:|1760378529
|-terastallize|p2a: Guess the Hat|Fairy
|move|p2a: Guess the Hat|Tera Blast|p1a: Heatran|[anim] Tera Blast Fairy
|-damage|p1a: Heatran|0 fnt
|faint|p1a: Heatran
|
|-heal|p2a: Guess the Hat|99/100|[from] Grassy Terrain
|upkeep
|
|t:|1760378532
|switch|p1a: Rillaboom|Rillaboom, F|94/100
|turn|41
|c|☆gengargreatesthits|really is
|
|t:|1760378537
|move|p2a: Guess the Hat|Tera Blast|p1a: Rillaboom|[anim] Tera Blast Fairy
|-damage|p1a: Rillaboom|12/100
|move|p1a: Rillaboom|Wood Hammer|p2a: Guess the Hat
|-damage|p2a: Guess the Hat|0 fnt
|faint|p2a: Guess the Hat
|-damage|p1a: Rillaboom|0 fnt|[from] Recoil
|faint|p1a: Rillaboom
|
|win|gengargreatesthits
|raw|toater_1's rating: 1422 &rarr; <strong>1400</strong><br />(-22 for losing)
|raw|gengargreatesthits's rating: 1382 &rarr; <strong>1404</strong><br />(+22 for winning)
|l|☆toater_1
|player|p1|
