|j|☆capitolg
|j|☆AEFAA2
|t:|1760308779
|gametype|singles
|player|p1|capitolg|bellelba|1147
|player|p2|AEFAA2|scientist-gen4dp|1179
|gen|9
|tier|[Gen 9] OU
|rated|
|rule|HP Percentage Mod: HP is shown in percentages
|rule|Endless Battle Clause: Forcing endless battles is banned
|rule|Species Clause: Limit one of each Pokémon
|rule|OHKO Clause: OHKO moves are banned
|rule|Evasion Items Clause: Evasion items are banned
|rule|Evasion Moves Clause: Evasion moves are banned
|rule|Evasion Abilities Clause: Evasion abilities are banned
|rule|Sleep Moves Clause: Sleep-inducing moves are banned
|clearpoke
|poke|p1|Vikavolt, M|
|poke|p1|Gothitelle, F|
|poke|p1|Smeargle, M|
|poke|p1|Empoleon, F|
|poke|p1|Passimian, F|
|poke|p1|Trevenant, F|
|poke|p2|Torkoal, M|
|poke|p2|Sunflora, M|
|poke|p2|Goodra-Hisui, F|
|poke|p2|Great Tusk|
|poke|p2|Scovillain, F|
|poke|p2|Ninetales, M|
|teampreview
|
|t:|1760308791
|teamsize|p1|6
|teamsize|p2|6
|start
|switch|p1a: Vikavolt|Vikavolt, M|100/100
|switch|p2a: Great Tusk|Great Tusk|100/100
|turn|1
|
|t:|1760308803
|move|p2a: Great Tusk|Head Smash|p1a: Vikavolt|[miss]
|-miss|p2a: Great Tusk|p1a: Vikavolt
|move|p1a: Vikavolt|Energy Ball|p2a: Great Tusk
|-supereffective|p2a: Great Tusk
|-damage|p2a: Great Tusk|0 fnt
|faint|p2a: Great Tusk
|-end|p2a: Great Tusk|Protosynthesis|[silent]
|
|upkeep
|
|t:|1760308816
|switch|p2a: Torkoal|Torkoal, M|100/100
|-weather|SunnyDay|[from] ability: Drought|[of] p2a: Torkoal
|turn|2
|
|t:|1760308824
|move|p1a: Vikavolt|Discharge|p2a: Torkoal
|-damage|p2a: Torkoal|31/100
|-status|p2a: Torkoal|par
|cant|p2a: Torkoal|par
|
|-weather|SunnyDay|[upkeep]
|upkeep
|turn|3
|
|t:|1760308834
|move|p1a: Vikavolt|Discharge|p2a: Torkoal
|-damage|p2a: Torkoal|0 fnt
|faint|p2a: Torkoal
|
|-weather|SunnyDay|[upkeep]
|upkeep
|
|t:|1760308842
|switch|p2a: Scovillain|Scovillain, F|100/100
|turn|4
|
|t:|1760308847
|-terastallize|p2a: Scovillain|Fire
|move|p2a: Scovillain|Flamethrower|p1a: Vikavolt
|-supereffective|p1a: Vikavolt
|-enditem|p1a: Vikavolt|Focus Sash
|-damage|p1a: Vikavolt|1/100
|-status|p1a: Vikavolt|brn
|move|p1a: Vikavolt|Sticky Web|p2a: Scovillain
|-sidestart|p2: AEFAA2|move: Sticky Web
|
|-weather|SunnyDay|[upkeep]
|-damage|p1a: Vikavolt|0 fnt|[from] brn
|faint|p1a: Vikavolt
|upkeep
|
|t:|1760308849
|switch|p1a: Smeargle|Smeargle, M|100/100
|turn|5
|inactive|Battle timer is ON: inactive players will automatically lose when time's up. (requested by AEFAA2)
|
|t:|1760308861
|move|p2a: Scovillain|Flamethrower|p1a: Smeargle
|-enditem|p1a: Smeargle|Focus Sash
|-damage|p1a: Smeargle|1/100
|move|p1a: Smeargle|Trick Room|p1a: Smeargle
|-fieldstart|move: Trick Room|[of] p1a: Smeargle
|
|-weather|SunnyDay|[upkeep]
|upkeep
|turn|6
|
|t:|1760308869
|move|p1a: Smeargle|Court Change|p1a: Smeargle
|-swapsideconditions
|-activate|p1a: Smeargle|move: Court Change
|move|p2a: Scovillain|Flamethrower|p1a: Smeargle
|-damage|p1a: Smeargle|0 fnt
|faint|p1a: Smeargle
|
|-weather|SunnyDay|[upkeep]
|upkeep
|
|t:|1760308892
|switch|p1a: Passimian|Passimian, F|100/100
|-activate|p1a: Passimian|move: Sticky Web
|-unboost|p1a: Passimian|spe|1
|-ability|p1a: Passimian|Defiant|boost
|-boost|p1a: Passimian|atk|2
|turn|7
|
|t:|1760308904
|switch|p2a: Sunflora|Sunflora, M|100/100
|move|p1a: Passimian|Earthquake|p2a: Sunflora
|-resisted|p2a: Sunflora
|-damage|p2a: Sunflora|34/100
|
|-weather|SunnyDay|[upkeep]
|upkeep
|turn|8
|
|t:|1760308913
|move|p1a: Passimian|Drain Punch|p2a: Sunflora
|-damage|p2a: Sunflora|0 fnt
|faint|p2a: Sunflora
|
|-weather|SunnyDay|[upkeep]
|upkeep
|
|t:|1760308921
|switch|p2a: Goodra|Goodra-Hisui, F|100/100
|turn|9
|
|t:|1760308930
|move|p1a: Passimian|Drain Punch|p2a: Goodra
|-supereffective|p2a: Goodra
|-damage|p2a: Goodra|0 fnt
|faint|p2a: Goodra
|
|-weather|none
|-fieldend|move: Trick Room
|upkeep
|
|t:|1760308934
|switch|p2a: Ninetales|Ninetales, M|100/100
|-weather|SunnyDay|[from] ability: Drought|[of] p2a: Ninetales
|turn|10
|
|t:|1760308961
|move|p2a: Ninetales|Healing Wish|p2a: Ninetales
|faint|p2a: Ninetales
|move|p1a: Passimian|Earthquake|p2: Ninetales|[notarget]
|-fail|p1a: Passimian
|
|-weather|SunnyDay|[upkeep]
|upkeep
|
|t:|1760308969
|switch|p2a: Scovillain|Scovillain, F, tera:Fire|100/100
|turn|11
|
|t:|1760308976
|move|p2a: Scovillain|Flamethrower|p1a: Passimian
|-damage|p1a: Passimian|0 fnt
|faint|p1a: Passimian
|
|-weather|SunnyDay|[upkeep]
|upkeep
|
|t:|1760308981
|switch|p1a: Gothitelle|Gothitelle, F|100/100
|-activate|p1a: Gothitelle|move: Sticky Web
|-unboost|p1a: Gothitelle|spe|1
|-ability|p1a: Gothitelle|Competitive|boost
|-boost|p1a: Gothitelle|spa|2
|turn|12
|
|t:|1760308988
|move|p2a: Scovillain|Flamethrower|p1a: Gothitelle
|-damage|p1a: Gothitelle|0 fnt
|faint|p1a: Gothitelle
|
|-weather|SunnyDay|[upkeep]
|upkeep
|
|t:|1760308999
|switch|p1a: Empoleon|Empoleon, F|100/100
|-activate|p1a: Empoleon|move: Sticky Web
|-unboost|p1a: Empoleon|spe|1
|-ability|p1a: Empoleon|Competitive|boost
|-boost|p1a: Empoleon|spa|2
|turn|13
|
|t:|1760309028
|move|p2a: Scovillain|Flamethrower|p1a: Empoleon
|-damage|p1a: Empoleon|24/100
|move|p1a: Empoleon|Surf|p2a: Scovillain
|-supereffective|p2a: Scovillain
|-damage|p2a: Scovillain|0 fnt
|faint|p2a: Scovillain
|
|win|capitolg
|raw|capitolg's rating: 1147 &rarr; <strong>1174</strong><br />(+27 for winning)
|raw|AEFAA2's rating: 1179 &rarr; <strong>1152</strong><br />(-27 for losing)
