|j|☆lolangfromketer
|j|☆BIGFISHFISHH
|t:|1760332274
|gametype|singles
|player|p1|lolangfromketer|veteran|1160
|player|p2|BIGFISHFISHH|swimmer|1092
|gen|9
|tier|[Gen 9] OU
|rated|
|rule|HP Percentage Mod: HP is shown in percentages
|rule|Endless Battle Clause: Forcing endless battles is banned
|rule|Species Clause: Limit one of each Pokémon
|rule|OHKO Clause: OHKO moves are banned
|rule|Evasion Items Clause: Evasion items are banned
|rule|Evasion Moves Clause: Evasion moves are banned
|rule|Evasion Abilities Clause: Evasion abilities are banned
|rule|Sleep Moves Clause: Sleep-inducing moves are banned
|clearpoke
|poke|p1|Maushold-Four|
|poke|p1|Blaziken, M|
|poke|p1|Iron Valiant|
|poke|p1|Kingambit, M|
|poke|p1|Zoroark-Hisui, F|
|poke|p1|Primarina, M|
|poke|p2|Ribombee, F|
|poke|p2|Kommo-o, F|
|poke|p2|Volcanion|
|poke|p2|Thundurus, M|
|poke|p2|Abomasnow, M|
|poke|p2|Kingambit, M|
|teampreview
|inactive|Battle timer is ON: inactive players will automatically lose when time's up. (requested by lolangfromketer)
|
|t:|1760332283
|teamsize|p1|6
|teamsize|p2|6
|start
|switch|p1a: Silent Orchestra|Maushold-Four, shiny|100/100
|switch|p2a: Ribombee|Ribombee, F|100/100
|turn|1
|
|t:|1760332295
|move|p2a: Ribombee|Sticky Web|p1a: Silent Orchestra
|-sidestart|p1: lolangfromketer|move: Sticky Web
|move|p1a: Silent Orchestra|Tidy Up|p1a: Silent Orchestra
|-sideend|p1: lolangfromketer|Sticky Web
|-activate|p1a: Silent Orchestra|move: Tidy Up
|-boost|p1a: Silent Orchestra|atk|1
|-boost|p1a: Silent Orchestra|spe|1
|
|upkeep
|turn|2
|
|t:|1760332302
|move|p1a: Silent Orchestra|Population Bomb|p2a: Ribombee
|-damage|p2a: Ribombee|71/100
|-damage|p2a: Ribombee|42/100
|-damage|p2a: Ribombee|11/100
|-damage|p2a: Ribombee|0 fnt
|faint|p2a: Ribombee
|-hitcount|p2: Ribombee|4
|
|upkeep
|
|t:|1760332316
|switch|p2a: Kommo-o|Kommo-o, F, shiny|100/100
|turn|3
|
|t:|1760332320
|move|p1a: Silent Orchestra|Population Bomb|p2a: Kommo-o
|-damage|p2a: Kommo-o|88/100
|-damage|p2a: Kommo-o|74/100
|-damage|p2a: Kommo-o|60/100
|-damage|p2a: Kommo-o|46/100
|-damage|p2a: Kommo-o|33/100
|-damage|p2a: Kommo-o|21/100
|-damage|p2a: Kommo-o|7/100
|-damage|p2a: Kommo-o|0 fnt
|faint|p2a: Kommo-o
|-hitcount|p2: Kommo-o|8
|
|upkeep
|
|t:|1760332342
|switch|p2a: Abomasnow|Abomasnow, M|100/100
|-weather|Snowscape|[from] ability: Snow Warning|[of] p2a: Abomasnow
|turn|4
|
|t:|1760332347
|move|p1a: Silent Orchestra|Population Bomb|p2a: Abomasnow
|-damage|p2a: Abomasnow|88/100
|-damage|p1a: Silent Orchestra|84/100|[from] item: Rocky Helmet|[of] p2a: Abomasnow
|-damage|p2a: Abomasnow|78/100
|-damage|p1a: Silent Orchestra|67/100|[from] item: Rocky Helmet|[of] p2a: Abomasnow
|-damage|p2a: Abomasnow|66/100
|-damage|p1a: Silent Orchestra|51/100|[from] item: Rocky Helmet|[of] p2a: Abomasnow
|-damage|p2a: Abomasnow|54/100
|-damage|p1a: Silent Orchestra|34/100|[from] item: Rocky Helmet|[of] p2a: Abomasnow
|-damage|p2a: Abomasnow|43/100
|-damage|p1a: Silent Orchestra|17/100|[from] item: Rocky Helmet|[of] p2a: Abomasnow
|-damage|p2a: Abomasnow|32/100
|-damage|p1a: Silent Orchestra|1/100|[from] item: Rocky Helmet|[of] p2a: Abomasnow
|-damage|p2a: Abomasnow|19/100
|-damage|p1a: Silent Orchestra|0 fnt|[from] item: Rocky Helmet|[of] p2a: Abomasnow
|faint|p1a: Silent Orchestra
|-hitcount|p2a: Abomasnow|7
|move|p2a: Abomasnow|Aurora Veil|p2a: Abomasnow
|-sidestart|p2: BIGFISHFISHH|move: Aurora Veil
|
|-weather|Snowscape|[upkeep]
|upkeep
|
|t:|1760332376
|switch|p1a: Ricardo|Blaziken, M, shiny|100/100
|turn|5
|
|t:|1760332391
|switch|p2a: Volcanion|Volcanion|100/100
|move|p1a: Ricardo|Blaze Kick|p2a: Volcanion
|-resisted|p2a: Volcanion
|-damage|p2a: Volcanion|96/100
|
|-weather|Snowscape|[upkeep]
|-heal|p2a: Volcanion|100/100|[from] item: Leftovers
|-ability|p1a: Ricardo|Speed Boost|boost
|-boost|p1a: Ricardo|spe|1
|upkeep
|turn|6
|
|t:|1760332400
|move|p1a: Ricardo|Bulk Up|p1a: Ricardo
|-boost|p1a: Ricardo|atk|1
|-boost|p1a: Ricardo|def|1
|move|p2a: Volcanion|Steam Eruption|p1a: Ricardo
|-supereffective|p1a: Ricardo
|-damage|p1a: Ricardo|0 fnt
|faint|p1a: Ricardo
|
|-weather|Snowscape|[upkeep]
|upkeep
|-message|lolangfromketer forfeited.
|
|win|BIGFISHFISHH
|raw|lolangfromketer's rating: 1160 &rarr; <strong>1130</strong><br />(-30 for losing)
|raw|BIGFISHFISHH's rating: 1092 &rarr; <strong>1123</strong><br />(+31 for winning)
|l|☆lolangfromketer
|player|p1|
|l|☆BIGFISHFISHH
|player|p2|
