|j|☆PINGaBurger
|j|☆Megumin's Husband
|t:|1760320547
|gametype|singles
|player|p1|PINGaBurger|266|1601
|player|p2|Megumin's Husband|alder|1538
|gen|9
|tier|[Gen 9] OU
|rated|
|rule|HP Percentage Mod: HP is shown in percentages
|rule|Endless Battle Clause: Forcing endless battles is banned
|rule|Species Clause: Limit one of each Pokémon
|rule|OHKO Clause: OHKO moves are banned
|rule|Evasion Items Clause: Evasion items are banned
|rule|Evasion Moves Clause: Evasion moves are banned
|rule|Evasion Abilities Clause: Evasion abilities are banned
|rule|Sleep Moves Clause: Sleep-inducing moves are banned
|clearpoke
|poke|p1|Maushold|
|poke|p1|Hitmonlee, M|
|poke|p1|Iron Valiant|
|poke|p1|Deoxys-Speed|
|poke|p1|Indeedee, M|
|poke|p1|Kyurem|
|poke|p2|Pecharunt|
|poke|p2|Primarina, F|
|poke|p2|Heatran, M|
|poke|p2|Great Tusk|
|poke|p2|Weavile, F|
|poke|p2|Ogerpon, F|
|teampreview
|inactive|Battle timer is ON: inactive players will automatically lose when time's up. (requested by Megumin's Husband)
|
|t:|1760320560
|teamsize|p1|6
|teamsize|p2|6
|start
|switch|p1a: Indeedee|Indeedee, M, shiny|100/100
|switch|p2a: Chomusuke|Weavile, F|100/100
|-ability|p2a: Chomusuke|Pressure
|-fieldstart|move: Psychic Terrain|[from] ability: Psychic Surge|[of] p1a: Indeedee
|turn|1
|
|t:|1760320576
|switch|p1a: Kyurem|Kyurem|100/100
|-ability|p1a: Kyurem|Pressure
|move|p2a: Chomusuke|Knock Off|p1a: Kyurem
|-damage|p1a: Kyurem|21/100
|-enditem|p1a: Kyurem|Loaded Dice|[from] move: Knock Off|[of] p2a: Chomusuke
|
|upkeep
|turn|2
|
|t:|1760320600
|move|p2a: Chomusuke|Knock Off|p1a: Kyurem
|-damage|p1a: Kyurem|0 fnt
|faint|p1a: Kyurem
|
|upkeep
|
|t:|1760320602
|switch|p1a: Iron Valiant|Iron Valiant|100/100
|-enditem|p1a: Iron Valiant|Booster Energy
|-activate|p1a: Iron Valiant|ability: Quark Drive|[fromitem]
|-start|p1a: Iron Valiant|quarkdrivespe
|turn|3
|
|t:|1760320612
|switch|p2a: Primarina|Primarina, F|100/100
|move|p1a: Iron Valiant|Calm Mind|p1a: Iron Valiant
|-boost|p1a: Iron Valiant|spa|1
|-boost|p1a: Iron Valiant|spd|1
|
|upkeep
|turn|4
|
|t:|1760320620
|-terastallize|p1a: Iron Valiant|Electric
|move|p1a: Iron Valiant|Calm Mind|p1a: Iron Valiant
|-boost|p1a: Iron Valiant|spa|1
|-boost|p1a: Iron Valiant|spd|1
|move|p2a: Primarina|Moonblast|p1a: Iron Valiant
|-damage|p1a: Iron Valiant|50/100
|-unboost|p1a: Iron Valiant|spa|1
|
|upkeep
|turn|5
|inactive|Megumin's Husband has 120 seconds left.
|
|t:|1760320675
|move|p1a: Iron Valiant|Calm Mind|p1a: Iron Valiant
|-boost|p1a: Iron Valiant|spa|1
|-boost|p1a: Iron Valiant|spd|1
|move|p2a: Primarina|Moonblast|p1a: Iron Valiant
|-damage|p1a: Iron Valiant|15/100
|-unboost|p1a: Iron Valiant|spa|1
|
|upkeep
|turn|6
|
|t:|1760320683
|switch|p2a: Great Tusk|Great Tusk|100/100
|move|p1a: Iron Valiant|Psyshock|p2a: Great Tusk
|-supereffective|p2a: Great Tusk
|-damage|p2a: Great Tusk|24/100
|
|upkeep
|turn|7
|
|t:|1760320693
|-end|p2a: Great Tusk|Protosynthesis|[silent]
|switch|p2a: Primarina|Primarina, F|100/100
|move|p1a: Iron Valiant|Moonblast|p2a: Primarina
|-damage|p2a: Primarina|66/100
|
|upkeep
|turn|8
|inactive|Megumin's Husband has 120 seconds left.
|
|t:|1760320700
|switch|p2a: Great Tusk|Great Tusk|24/100
|move|p1a: Iron Valiant|Psyshock|p2a: Great Tusk
|-supereffective|p2a: Great Tusk
|-damage|p2a: Great Tusk|0 fnt
|faint|p2a: Great Tusk
|-end|p2a: Great Tusk|Protosynthesis|[silent]
|
|-fieldend|move: Psychic Terrain
|upkeep
|
|t:|1760320703
|switch|p2a: Chomusuke|Weavile, F|100/100
|-ability|p2a: Chomusuke|Pressure
|turn|9
|
|t:|1760320706
|-end|p1a: Iron Valiant|Quark Drive|[silent]
|switch|p1a: Indeedee|Indeedee, M, shiny|100/100
|-fieldstart|move: Psychic Terrain|[from] ability: Psychic Surge|[of] p1a: Indeedee
|move|p2a: Chomusuke|Ice Shard|p1a: Indeedee
|-activate|p1a: Indeedee|move: Psychic Terrain
|
|upkeep
|turn|10
|inactive|Megumin's Husband has 120 seconds left.
|inactive|PINGaBurger has 120 seconds left.
|
|t:|1760320757
|switch|p2a: Primarina|Primarina, F|66/100
|switch|p1a: Iron Valiant|Iron Valiant, tera:Electric|15/100
|
|upkeep
|turn|11
|
|t:|1760320774
|move|p1a: Iron Valiant|Psyshock|p2a: Primarina
|-damage|p2a: Primarina|27/100
|move|p2a: Primarina|Moonblast|p1a: Iron Valiant
|-damage|p1a: Iron Valiant|0 fnt
|faint|p1a: Iron Valiant
|-end|p1a: Iron Valiant|Quark Drive|[silent]
|
|upkeep
|
|t:|1760320782
|switch|p1a: Mutant|Deoxys-Speed, shiny|100/100
|-ability|p1a: Mutant|Pressure
|turn|12
|inactive|Megumin's Husband has 90 seconds left.
|
|t:|1760320819
|move|p1a: Mutant|Expanding Force|p2a: Primarina
|-damage|p2a: Primarina|0 fnt
|faint|p2a: Primarina
|-damage|p1a: Mutant|91/100|[from] item: Life Orb
|
|upkeep
|
|t:|1760320822
|switch|p2a: Yamawaro|Ogerpon, F|100/100
|turn|13
|
|t:|1760320825
|-terastallize|p2a: Yamawaro|Grass
|detailschange|p2a: Yamawaro|Ogerpon-Teal-Tera, F, tera:Grass
|-ability|p2a: Yamawaro|Embody Aspect (Teal)|boost
|-boost|p2a: Yamawaro|spe|1
|move|p2a: Yamawaro|Ivy Cudgel|p1a: Mutant
|-damage|p1a: Mutant|0 fnt
|faint|p1a: Mutant
|
|upkeep
|
|t:|1760320835
|switch|p1a: Hitmonlee|Hitmonlee, M|100/100
|turn|14
|
|t:|1760320841
|move|p1a: Hitmonlee|Endure|p1a: Hitmonlee
|-singleturn|p1a: Hitmonlee|move: Endure
|move|p2a: Yamawaro|Ivy Cudgel|p1a: Hitmonlee
|-crit|p1a: Hitmonlee
|-activate|p1a: Hitmonlee|move: Endure
|-damage|p1a: Hitmonlee|1/100
|-enditem|p1a: Hitmonlee|Liechi Berry|[eat]
|-boost|p1a: Hitmonlee|atk|1|[from] item: Liechi Berry
|
|upkeep
|turn|15
|
|t:|1760320850
|switch|p2a: Pecharunt|Pecharunt|100/100
|move|p1a: Hitmonlee|Reversal|p2a: Pecharunt
|-immune|p2a: Pecharunt
|
|upkeep
|turn|16
|
|t:|1760320863
|move|p1a: Hitmonlee|Knock Off|p2a: Pecharunt
|-supereffective|p2a: Pecharunt
|-damage|p2a: Pecharunt|52/100
|-damage|p1a: Hitmonlee|0 fnt|[from] item: Rocky Helmet|[of] p2a: Pecharunt
|faint|p1a: Hitmonlee
|move|p2a: Pecharunt|Shadow Ball|p1: Hitmonlee|[notarget]
|-fail|p2a: Pecharunt
|
|-fieldend|move: Psychic Terrain
|upkeep
|
|t:|1760320872
|switch|p1a: Maushold|Maushold|100/100
|turn|17
|inactive|Megumin's Husband has 120 seconds left.
|
|t:|1760320880
|move|p1a: Maushold|Encore|p2a: Pecharunt
|-start|p2a: Pecharunt|Encore
|move|p2a: Pecharunt|Shadow Ball|p1a: Maushold
|-immune|p1a: Maushold
|
|upkeep
|turn|18
|
|t:|1760320883
|switch|p2a: Chomusuke|Weavile, F|100/100
|-ability|p2a: Chomusuke|Pressure
|move|p1a: Maushold|Tidy Up|p1a: Maushold
|-boost|p1a: Maushold|atk|1
|-boost|p1a: Maushold|spe|1
|
|upkeep
|turn|19
|
|t:|1760320892
|move|p1a: Maushold|Population Bomb|p2a: Chomusuke
|-damage|p2a: Chomusuke|70/100
|-damage|p2a: Chomusuke|42/100
|-damage|p2a: Chomusuke|16/100
|-damage|p2a: Chomusuke|0 fnt
|faint|p2a: Chomusuke
|-hitcount|p2: Chomusuke|4
|
|upkeep
|
|t:|1760320898
|switch|p2a: Yamawaro|Ogerpon-Teal-Tera, F, tera:Grass|100/100
|-ability|p2a: Yamawaro|Embody Aspect (Teal)|boost
|-boost|p2a: Yamawaro|spe|1
|turn|20
|
|t:|1760320901
|move|p1a: Maushold|Population Bomb|p2a: Yamawaro
|-damage|p2a: Yamawaro|77/100
|-damage|p2a: Yamawaro|56/100
|-damage|p2a: Yamawaro|35/100
|-crit|p2a: Yamawaro
|-damage|p2a: Yamawaro|1/100
|-damage|p2a: Yamawaro|0 fnt
|faint|p2a: Yamawaro
|detailschange|p2: Yamawaro|Ogerpon, F|[silent]
|-hitcount|p2: Yamawaro|5
|
|upkeep
|
|t:|1760320904
|switch|p2a: Pecharunt|Pecharunt|52/100
|turn|21
|
|t:|1760320915
|move|p1a: Maushold|Bite|p2a: Pecharunt
|-supereffective|p2a: Pecharunt
|-damage|p2a: Pecharunt|23/100
|-damage|p1a: Maushold|84/100|[from] item: Rocky Helmet|[of] p2a: Pecharunt
|move|p2a: Pecharunt|Recover|p2a: Pecharunt
|-heal|p2a: Pecharunt|73/100
|
|upkeep
|turn|22
|
|t:|1760320921
|move|p1a: Maushold|Encore|p2a: Pecharunt
|-start|p2a: Pecharunt|Encore
|move|p2a: Pecharunt|Recover|p2a: Pecharunt
|-heal|p2a: Pecharunt|100/100
|
|upkeep
|turn|23
|
|t:|1760320924
|switch|p2a: Heatran|Heatran, M, shiny|100/100
|-item|p2a: Heatran|Air Balloon
|move|p1a: Maushold|Tidy Up|p1a: Maushold
|-boost|p1a: Maushold|atk|1
|-boost|p1a: Maushold|spe|1
|
|upkeep
|turn|24
|
|t:|1760320929
|switch|p2a: Pecharunt|Pecharunt|100/100
|move|p1a: Maushold|Population Bomb|p2a: Pecharunt
|-immune|p2a: Pecharunt
|
|upkeep
|turn|25
|
|t:|1760320932
|move|p1a: Maushold|Bite|p2a: Pecharunt
|-supereffective|p2a: Pecharunt
|-damage|p2a: Pecharunt|63/100
|-damage|p1a: Maushold|67/100|[from] item: Rocky Helmet|[of] p2a: Pecharunt
|cant|p2a: Pecharunt|flinch
|
|upkeep
|turn|26
|
|t:|1760320945
|move|p1a: Maushold|Bite|p2a: Pecharunt
|-supereffective|p2a: Pecharunt
|-damage|p2a: Pecharunt|25/100
|-damage|p1a: Maushold|51/100|[from] item: Rocky Helmet|[of] p2a: Pecharunt
|move|p2a: Pecharunt|Malignant Chain|p1a: Maushold
|-damage|p1a: Maushold|1/100
|-status|p1a: Maushold|tox
|-start|p1a: Maushold|confusion|[from] ability: Poison Puppeteer|[of] p2a: Pecharunt
|
|-damage|p1a: Maushold|0 fnt|[from] psn
|faint|p1a: Maushold
|upkeep
|
|t:|1760320954
|switch|p1a: Indeedee|Indeedee, M, shiny|100/100
|-fieldstart|move: Psychic Terrain|[from] ability: Psychic Surge|[of] p1a: Indeedee
|turn|27
|
|t:|1760320970
|move|p1a: Indeedee|Expanding Force|p2a: Pecharunt
|-supereffective|p2a: Pecharunt
|-damage|p2a: Pecharunt|0 fnt
|faint|p2a: Pecharunt
|
|upkeep
|
|t:|1760320972
|switch|p2a: Heatran|Heatran, M, shiny|100/100
|-item|p2a: Heatran|Air Balloon
|turn|28
|
|t:|1760320976
|move|p1a: Indeedee|Expanding Force|p2a: Heatran
|-resisted|p2a: Heatran
|-damage|p2a: Heatran|80/100
|-enditem|p2a: Heatran|Air Balloon
|move|p2a: Heatran|Lava Plume|p1a: Indeedee
|-damage|p1a: Indeedee|55/100
|-status|p1a: Indeedee|brn
|
|-damage|p1a: Indeedee|48/100 brn|[from] brn
|upkeep
|turn|29
|
|t:|1760321005
|move|p1a: Indeedee|Expanding Force|p2a: Heatran
|-resisted|p2a: Heatran
|-damage|p2a: Heatran|56/100
|move|p2a: Heatran|Lava Plume|p1a: Indeedee
|-damage|p1a: Indeedee|0 fnt
|faint|p1a: Indeedee
|
|win|Megumin's Husband
|raw|PINGaBurger's rating: 1601 &rarr; <strong>1577</strong><br />(-24 for losing)
|raw|Megumin&apos;s Husband's rating: 1538 &rarr; <strong>1562</strong><br />(+24 for winning)
|l|☆PINGaBurger
|player|p1|
|l|☆Megumin's Husband
|player|p2|
