|j|☆kalyeotcho
|j|☆FaustoZ
|t:|1760446423
|gametype|singles
|player|p1|kalyeotcho|doctor|1386
|player|p2|FaustoZ|dawn-gen4pt|1417
|gen|9
|tier|[Gen 9] OU
|rated|
|rule|HP Percentage Mod: HP is shown in percentages
|rule|Endless Battle Clause: Forcing endless battles is banned
|rule|Species Clause: Limit one of each Pokémon
|rule|OHKO Clause: OHKO moves are banned
|rule|Evasion Items Clause: Evasion items are banned
|rule|Evasion Moves Clause: Evasion moves are banned
|rule|Evasion Abilities Clause: Evasion abilities are banned
|rule|Sleep Moves Clause: Sleep-inducing moves are banned
|clearpoke
|poke|p1|Mimikyu, M|
|poke|p1|Cresselia, F|
|poke|p1|Enamorus-Therian, F|
|poke|p1|Tyranitar, F|
|poke|p1|Kingambit, M|
|poke|p1|Necrozma|
|poke|p2|Meowscarada, F|
|poke|p2|Toxapex, F|
|poke|p2|Corviknight, F|
|poke|p2|Scizor, F|
|poke|p2|Walking Wake|
|poke|p2|Heatran, F|
|teampreview
|
|t:|1760446464
|teamsize|p1|6
|teamsize|p2|6
|start
|switch|p1a: Grey|Mimikyu, M, shiny|100/100
|switch|p2a: Heatran|Heatran, F|100/100
|turn|1
|
|t:|1760446487
|move|p2a: Heatran|Taunt|p1a: Grey
|-start|p1a: Grey|move: Taunt
|cant|p1a: Grey|move: Taunt|Trick Room
|
|upkeep
|turn|2
|
|t:|1760446496
|switch|p1a: Amunet|Tyranitar, F, shiny|100/100
|-weather|Sandstorm|[from] ability: Sand Stream|[of] p1a: Amunet
|move|p2a: Heatran|Magma Storm|p1a: Amunet|[miss]
|-miss|p2a: Heatran|p1a: Amunet
|
|-weather|Sandstorm|[upkeep]
|upkeep
|turn|3
|inactive|Battle timer is ON: inactive players will automatically lose when time's up. (requested by kalyeotcho)
|
|t:|1760446505
|switch|p2a: Crow|Corviknight, F|100/100
|-ability|p2a: Crow|Pressure
|move|p1a: Amunet|Knock Off|p2a: Crow
|-damage|p2a: Crow|55/100
|-damage|p1a: Amunet|84/100|[from] item: Rocky Helmet|[of] p2a: Crow
|-enditem|p2a: Crow|Rocky Helmet|[from] move: Knock Off|[of] p1a: Amunet
|-damage|p1a: Amunet|74/100|[from] item: Life Orb
|
|-weather|Sandstorm|[upkeep]
|upkeep
|turn|4
|
|t:|1760446513
|switch|p1a: Cresselia|Cresselia, F, shiny|100/100
|move|p2a: Crow|U-turn|p1a: Cresselia
|-supereffective|p1a: Cresselia
|-damage|p1a: Cresselia|83/100
|
|t:|1760446521
|switch|p2a: Heatran|Heatran, F|100/100|[from] U-turn
|
|-weather|Sandstorm|[upkeep]
|-damage|p1a: Cresselia|77/100|[from] Sandstorm
|upkeep
|turn|5
|
|t:|1760446528
|switch|p1a: Amunet|Tyranitar, F, shiny|74/100
|move|p2a: Heatran|Taunt|p1a: Amunet
|-start|p1a: Amunet|move: Taunt
|
|-weather|Sandstorm|[upkeep]
|upkeep
|turn|6
|
|t:|1760446540
|switch|p2a: Toxapex|Toxapex, F|100/100
|move|p1a: Amunet|Low Kick|p2a: Toxapex
|-resisted|p2a: Toxapex
|-damage|p2a: Toxapex|94/100
|-damage|p1a: Amunet|64/100|[from] item: Life Orb
|
|-weather|none
|-heal|p2a: Toxapex|99/100|[from] item: Black Sludge
|upkeep
|turn|7
|
|t:|1760446550
|move|p1a: Amunet|Knock Off|p2a: Toxapex
|-damage|p2a: Toxapex|44/100
|-enditem|p2a: Toxapex|Black Sludge|[from] move: Knock Off|[of] p1a: Amunet
|-damage|p1a: Amunet|54/100|[from] item: Life Orb
|move|p2a: Toxapex|Toxic|p1a: Amunet
|-status|p1a: Amunet|tox
|
|-damage|p1a: Amunet|48/100 tox|[from] psn
|-end|p1a: Amunet|move: Taunt
|upkeep
|turn|8
|
|t:|1760446563
|switch|p1a: Cresselia|Cresselia, F, shiny|77/100
|switch|p2a: Crow|Corviknight, F|55/100
|-ability|p2a: Crow|Pressure
|
|upkeep
|turn|9
|
|t:|1760446573
|move|p2a: Crow|U-turn|p1a: Cresselia
|-supereffective|p1a: Cresselia
|-damage|p1a: Cresselia|57/100
|
|t:|1760446576
|switch|p2a: Toxapex|Toxapex, F|77/100|[from] U-turn
|move|p1a: Cresselia|Trick Room|p1a: Cresselia
|-fieldstart|move: Trick Room|[of] p1a: Cresselia
|
|upkeep
|turn|10
|
|t:|1760446589
|move|p2a: Toxapex|Toxic|p1a: Cresselia
|-status|p1a: Cresselia|tox
|move|p1a: Cresselia|Lunar Dance|p1a: Cresselia
|faint|p1a: Cresselia
|
|upkeep
|inactive|kalyeotcho has 120 seconds left.
|
|t:|1760446619
|switch|p1a: Jin|Kingambit, M, shiny|100/100
|-activate|p1a: Jin|ability: Supreme Overlord
|-start|p1a: Jin|fallen1|[silent]
|-item|p1a: Jin|Air Balloon
|turn|11
|
|t:|1760446625
|move|p1a: Jin|Swords Dance|p1a: Jin
|-boost|p1a: Jin|atk|2
|move|p2a: Toxapex|Chilling Water|p1a: Jin
|-damage|p1a: Jin|91/100
|-unboost|p1a: Jin|atk|1
|-enditem|p1a: Jin|Air Balloon
|
|upkeep
|turn|12
|
|t:|1760446634
|move|p1a: Jin|Kowtow Cleave|p2a: Toxapex
|-crit|p2a: Toxapex
|-damage|p2a: Toxapex|0 fnt
|faint|p2a: Toxapex
|
|upkeep
|
|t:|1760446657
|switch|p2a: Crow|Corviknight, F|55/100
|-ability|p2a: Crow|Pressure
|turn|13
|
|t:|1760446669
|-end|p1a: Jin|fallen1|[silent]
|switch|p1a: Grey|Mimikyu, M, shiny|100/100
|move|p2a: Crow|Roost|p2a: Crow
|-heal|p2a: Crow|100/100
|-singleturn|p2a: Crow|move: Roost
|
|-fieldend|move: Trick Room
|upkeep
|turn|14
|
|t:|1760446677
|move|p2a: Crow|U-turn|p1a: Grey
|-activate|p1a: Grey|ability: Disguise
|-damage|p1a: Grey|100/100
|detailschange|p1a: Grey|Mimikyu-Busted, M, shiny
|-damage|p1a: Grey|88/100|[from] pokemon: Mimikyu-Busted
|-enditem|p1a: Grey|Red Card|[of] p2a: Crow
|drag|p2a: Meow|Meowscarada, F, shiny|100/100
|move|p1a: Grey|Trick Room|p1a: Grey
|-fieldstart|move: Trick Room|[of] p1a: Grey
|
|upkeep
|turn|15
|
|t:|1760446699
|switch|p2a: Crow|Corviknight, F|100/100
|-ability|p2a: Crow|Pressure
|move|p1a: Grey|Curse|p2a: Crow
|-start|p2a: Crow|Curse|[of] p1a: Grey
|-damage|p1a: Grey|38/100
|
|-damage|p2a: Crow|76/100|[from] Curse
|upkeep
|turn|16
|
|t:|1760446708
|switch|p2a: Heatran|Heatran, F|100/100
|move|p1a: Grey|Play Rough|p2a: Heatran
|-resisted|p2a: Heatran
|-damage|p2a: Heatran|91/100
|
|-heal|p2a: Heatran|97/100|[from] item: Leftovers
|upkeep
|turn|17
|
|t:|1760446717
|move|p1a: Grey|Curse|p2a: Heatran
|-start|p2a: Heatran|Curse|[of] p1a: Grey
|-damage|p1a: Grey|0 fnt
|faint|p1a: Grey
|move|p2a: Heatran|Earth Power|p1: Grey|[notarget]
|-fail|p2a: Heatran
|
|-heal|p2a: Heatran|100/100|[from] item: Leftovers
|-damage|p2a: Heatran|76/100|[from] Curse
|upkeep
|
|t:|1760446740
|switch|p1a: Amunet|Tyranitar, F, shiny|48/100 tox
|-heal|p1a: Amunet|100/100|[from] move: Lunar Dance
|-weather|Sandstorm|[from] ability: Sand Stream|[of] p1a: Amunet
|turn|18
|
|t:|1760446748
|switch|p2a: Crow|Corviknight, F|76/100
|-ability|p2a: Crow|Pressure
|move|p1a: Amunet|Knock Off|p2a: Crow
|-damage|p2a: Crow|45/100
|-damage|p1a: Amunet|91/100|[from] item: Life Orb
|
|-weather|Sandstorm|[upkeep]
|-fieldend|move: Trick Room
|upkeep
|turn|19
|
|t:|1760446759
|move|p2a: Crow|Roost|p2a: Crow
|-heal|p2a: Crow|95/100
|-singleturn|p2a: Crow|move: Roost
|move|p1a: Amunet|Thunderbolt|p2a: Crow
|-damage|p2a: Crow|60/100
|-damage|p1a: Amunet|81/100|[from] item: Life Orb
|
|-weather|Sandstorm|[upkeep]
|upkeep
|turn|20
|
|t:|1760446774
|move|p2a: Crow|Roost|p2a: Crow
|-heal|p2a: Crow|100/100
|-singleturn|p2a: Crow|move: Roost
|move|p1a: Amunet|Low Kick|p2a: Crow
|-supereffective|p2a: Crow
|-damage|p2a: Crow|54/100
|-damage|p1a: Amunet|71/100|[from] item: Life Orb
|
|-weather|Sandstorm|[upkeep]
|upkeep
|turn|21
|inactive|kalyeotcho has 120 seconds left.
|
|t:|1760446811
|move|p2a: Crow|U-turn|p1a: Amunet
|-supereffective|p1a: Amunet
|-damage|p1a: Amunet|43/100
|
|t:|1760446826
|switch|p2a: Sharp|Scizor, F, shiny|100/100|[from] U-turn
|move|p1a: Amunet|Thunderbolt|p2a: Sharp
|-crit|p2a: Sharp
|-damage|p2a: Sharp|30/100
|-damage|p1a: Amunet|33/100|[from] item: Life Orb
|
|-weather|Sandstorm|[upkeep]
|-heal|p2a: Sharp|36/100|[from] item: Leftovers
|upkeep
|turn|22
|inactive|kalyeotcho has 120 seconds left.
|
|t:|1760446836
|move|p2a: Sharp|Bullet Punch|p1a: Amunet
|-supereffective|p1a: Amunet
|-damage|p1a: Amunet|0 fnt
|faint|p1a: Amunet
|
|-weather|none
|-heal|p2a: Sharp|42/100|[from] item: Leftovers
|upkeep
|
|t:|1760446840
|switch|p1a: Necrozma|Necrozma|100/100
|turn|23
|
|t:|1760446844
|move|p2a: Sharp|U-turn|p1a: Necrozma
|-supereffective|p1a: Necrozma
|-damage|p1a: Necrozma|46/100
|
|t:|1760446850
|switch|p2a: Crow|Corviknight, F|54/100|[from] U-turn
|-ability|p2a: Crow|Pressure
|move|p1a: Necrozma|Trick Room|p1a: Necrozma
|-fieldstart|move: Trick Room|[of] p1a: Necrozma
|
|upkeep
|turn|24
|
|t:|1760446855
|move|p1a: Necrozma|Meteor Beam||[still]
|-prepare|p1a: Necrozma|Meteor Beam
|-boost|p1a: Necrozma|spa|1
|-enditem|p1a: Necrozma|Power Herb
|-anim|p1a: Necrozma|Meteor Beam|p2a: Crow
|-damage|p2a: Crow|0 fnt
|faint|p2a: Crow
|
|upkeep
|
|t:|1760446871
|switch|p2a: Walking Wake|Walking Wake|100/100
|turn|25
|
|t:|1760446881
|-end|p2a: Walking Wake|Protosynthesis|[silent]
|switch|p2a: Meow|Meowscarada, F, shiny|100/100
|move|p1a: Necrozma|Photon Geyser|p2a: Meow
|-immune|p2a: Meow
|
|upkeep
|turn|26
|
|t:|1760446889
|switch|p2a: Heatran|Heatran, F|76/100
|move|p1a: Necrozma|Heat Wave|p2a: Heatran
|-start|p2a: Heatran|ability: Flash Fire
|
|-heal|p2a: Heatran|82/100|[from] item: Leftovers
|upkeep
|turn|27
|
|t:|1760446899
|switch|p1a: Enamorus|Enamorus-Therian, F|100/100
|-end|p2a: Heatran|ability: Flash Fire|[silent]
|switch|p2a: Meow|Meowscarada, F, shiny|100/100
|
|-fieldend|move: Trick Room
|upkeep
|turn|28
|
|t:|1760446909
|move|p2a: Meow|U-turn|p1a: Enamorus
|-start|p2a: Meow|typechange|Bug|[from] ability: Protean
|-resisted|p1a: Enamorus
|-damage|p1a: Enamorus|93/100
|
|t:|1760446920
|switch|p2a: Sharp|Scizor, F, shiny|42/100|[from] U-turn
|move|p1a: Enamorus|Healing Wish|p1a: Enamorus
|faint|p1a: Enamorus
|
|-heal|p2a: Sharp|48/100|[from] item: Leftovers
|upkeep
|
|t:|1760446934
|switch|p1a: Jin|Kingambit, M, shiny|91/100
|-heal|p1a: Jin|100/100|[from] move: Healing Wish
|-activate|p1a: Jin|ability: Supreme Overlord
|-start|p1a: Jin|fallen4|[silent]
|turn|29
|
|t:|1760446940
|move|p2a: Sharp|Close Combat|p1a: Jin
|-supereffective|p1a: Jin
|-crit|p1a: Jin
|-damage|p1a: Jin|0 fnt
|-unboost|p2a: Sharp|def|1
|-unboost|p2a: Sharp|spd|1
|faint|p1a: Jin
|-end|p1a: Jin|fallen4|[silent]
|
|-heal|p2a: Sharp|55/100|[from] item: Leftovers
|upkeep
|-message|kalyeotcho forfeited.
|
|win|FaustoZ
|raw|kalyeotcho's rating: 1386 &rarr; <strong>1368</strong><br />(-18 for losing)
|raw|FaustoZ's rating: 1417 &rarr; <strong>1435</strong><br />(+18 for winning)
|l|☆kalyeotcho
|player|p1|
|l|☆FaustoZ
|player|p2|
