|j|☆ayyyyyyuhsucconme
|j|☆tacolover313
|t:|1760416300
|gametype|singles
|player|p1|ayyyyyyuhsucconme|linebacker|1272
|player|p2|tacolover313|fisherman|1306
|gen|9
|tier|[Gen 9] OU
|rated|
|rule|HP Percentage Mod: HP is shown in percentages
|rule|Endless Battle Clause: Forcing endless battles is banned
|rule|Species Clause: Limit one of each Pokémon
|rule|OHKO Clause: OHKO moves are banned
|rule|Evasion Items Clause: Evasion items are banned
|rule|Evasion Moves Clause: Evasion moves are banned
|rule|Evasion Abilities Clause: Evasion abilities are banned
|rule|Sleep Moves Clause: Sleep-inducing moves are banned
|clearpoke
|poke|p1|Gholdengo|
|poke|p1|Clodsire, F|
|poke|p1|Skarmory, M|
|poke|p1|Gliscor, F|
|poke|p1|Quaquaval, M|
|poke|p1|Goodra-Hisui, M|
|poke|p2|Zapdos|
|poke|p2|Garchomp, M|
|poke|p2|Primarina, F|
|poke|p2|Iron Treads|
|poke|p2|Rillaboom, F|
|poke|p2|Chandelure, M|
|teampreview
|
|t:|1760416329
|teamsize|p1|6
|teamsize|p2|6
|start
|switch|p1a: Skarmory|Skarmory, M|100/100
|switch|p2a: Garchomp|Garchomp, M, shiny|100/100
|turn|1
|c|☆tacolover313|late night showdown =  stall
|
|t:|1760416358
|switch|p2a: Iron Treads|Iron Treads|100/100
|move|p1a: Skarmory|Spikes|p2a: Iron Treads
|-sidestart|p2: tacolover313|Spikes
|
|upkeep
|turn|2
|
|t:|1760416370
|move|p2a: Iron Treads|Knock Off|p1a: Skarmory
|-damage|p1a: Skarmory|84/100
|-damage|p2a: Iron Treads|84/100|[from] item: Rocky Helmet|[of] p1a: Skarmory
|-enditem|p1a: Skarmory|Rocky Helmet|[from] move: Knock Off|[of] p2a: Iron Treads
|move|p1a: Skarmory|Brave Bird|p2a: Iron Treads
|-resisted|p2a: Iron Treads
|-damage|p2a: Iron Treads|69/100
|-damage|p1a: Skarmory|79/100|[from] Recoil
|
|upkeep
|turn|3
|
|t:|1760416381
|move|p2a: Iron Treads|Rapid Spin|p1a: Skarmory
|-resisted|p1a: Skarmory
|-damage|p1a: Skarmory|75/100
|-boost|p2a: Iron Treads|spe|1
|-sideend|p2: tacolover313|Spikes|[from] move: Rapid Spin|[of] p2a: Iron Treads
|move|p1a: Skarmory|Spikes|p2a: Iron Treads
|-sidestart|p2: tacolover313|Spikes
|
|upkeep
|turn|4
|
|t:|1760416388
|move|p2a: Iron Treads|Iron Head|p1a: Skarmory
|-resisted|p1a: Skarmory
|-damage|p1a: Skarmory|65/100
|move|p1a: Skarmory|Roar|p2a: Iron Treads
|-end|p2a: Iron Treads|Quark Drive|[silent]
|drag|p2a: Zapdos|Zapdos|100/100
|
|upkeep
|turn|5
|
|t:|1760416397
|switch|p1a: Clodsire|Clodsire, F, shiny|100/100
|move|p2a: Zapdos|Volt Switch|p1a: Clodsire
|-immune|p1a: Clodsire
|
|upkeep
|turn|6
|
|t:|1760416405
|switch|p2a: Garchomp|Garchomp, M, shiny|100/100
|-damage|p2a: Garchomp|88/100|[from] Spikes
|move|p1a: Clodsire|Stealth Rock|p2a: Garchomp
|-sidestart|p2: tacolover313|move: Stealth Rock
|
|upkeep
|turn|7
|
|t:|1760416423
|switch|p1a: Skarmory|Skarmory, M|65/100
|move|p2a: Garchomp|Stealth Rock|p1a: Skarmory
|-sidestart|p1: ayyyyyyuhsucconme|move: Stealth Rock
|
|upkeep
|turn|8
|
|t:|1760416433
|move|p2a: Garchomp|Scale Shot|p1a: Skarmory
|-resisted|p1a: Skarmory
|-damage|p1a: Skarmory|61/100
|-resisted|p1a: Skarmory
|-damage|p1a: Skarmory|56/100
|-resisted|p1a: Skarmory
|-damage|p1a: Skarmory|52/100
|-resisted|p1a: Skarmory
|-damage|p1a: Skarmory|47/100
|-resisted|p1a: Skarmory
|-damage|p1a: Skarmory|43/100
|-hitcount|p1a: Skarmory|5
|-unboost|p2a: Garchomp|def|1
|-boost|p2a: Garchomp|spe|1
|move|p1a: Skarmory|Roost|p1a: Skarmory
|-heal|p1a: Skarmory|93/100
|-singleturn|p1a: Skarmory|move: Roost
|
|upkeep
|turn|9
|
|t:|1760416453
|move|p2a: Garchomp|Iron Head|p1a: Skarmory
|-resisted|p1a: Skarmory
|-damage|p1a: Skarmory|85/100
|move|p1a: Skarmory|Roar|p2a: Garchomp
|drag|p2a: Rillaboom|Rillaboom, F|100/100
|-damage|p2a: Rillaboom|88/100|[from] Spikes
|-damage|p2a: Rillaboom|76/100|[from] Stealth Rock
|-fieldstart|move: Grassy Terrain|[from] ability: Grassy Surge|[of] p2a: Rillaboom
|
|-heal|p2a: Rillaboom|82/100|[from] Grassy Terrain
|upkeep
|turn|10
|
|t:|1760416465
|move|p2a: Rillaboom|Fake Out|p1a: Skarmory
|-resisted|p1a: Skarmory
|-damage|p1a: Skarmory|81/100
|cant|p1a: Skarmory|flinch
|
|-heal|p2a: Rillaboom|88/100|[from] Grassy Terrain
|upkeep
|turn|11
|
|t:|1760416475
|switch|p2a: Garchomp|Garchomp, M, shiny|88/100
|-damage|p2a: Garchomp|76/100|[from] Spikes
|-damage|p2a: Garchomp|70/100|[from] Stealth Rock
|move|p1a: Skarmory|Brave Bird|p2a: Garchomp
|-damage|p2a: Garchomp|41/100
|-damage|p1a: Skarmory|69/100|[from] ability: Rough Skin|[of] p2a: Garchomp
|-damage|p1a: Skarmory|52/100|[from] item: Rocky Helmet|[of] p2a: Garchomp
|-damage|p1a: Skarmory|41/100|[from] Recoil
|
|-heal|p2a: Garchomp|47/100|[from] Grassy Terrain
|upkeep
|turn|12
|
|t:|1760416490
|move|p2a: Garchomp|Scale Shot|p1a: Skarmory|[miss]
|-miss|p2a: Garchomp|p1a: Skarmory
|move|p1a: Skarmory|Roost|p1a: Skarmory
|-heal|p1a: Skarmory|91/100
|-singleturn|p1a: Skarmory|move: Roost
|
|-heal|p2a: Garchomp|53/100|[from] Grassy Terrain
|-heal|p1a: Skarmory|97/100|[from] Grassy Terrain
|upkeep
|turn|13
|
|t:|1760416503
|move|p2a: Garchomp|Scale Shot|p1a: Skarmory
|-resisted|p1a: Skarmory
|-damage|p1a: Skarmory|93/100
|-resisted|p1a: Skarmory
|-damage|p1a: Skarmory|89/100
|-hitcount|p1a: Skarmory|2
|-unboost|p2a: Garchomp|def|1
|-boost|p2a: Garchomp|spe|1
|move|p1a: Skarmory|Spikes|p2a: Garchomp
|-sidestart|p2: tacolover313|Spikes
|
|-heal|p2a: Garchomp|59/100|[from] Grassy Terrain
|-fieldend|move: Grassy Terrain
|upkeep
|turn|14
|c|☆tacolover313|mhm
|
|t:|1760416539
|move|p2a: Garchomp|Scale Shot|p1a: Skarmory
|-resisted|p1a: Skarmory
|-damage|p1a: Skarmory|84/100
|-resisted|p1a: Skarmory
|-damage|p1a: Skarmory|80/100
|-resisted|p1a: Skarmory
|-damage|p1a: Skarmory|76/100
|-hitcount|p1a: Skarmory|3
|-unboost|p2a: Garchomp|def|1
|-boost|p2a: Garchomp|spe|1
|move|p1a: Skarmory|Roar|p2a: Garchomp
|drag|p2a: Rillaboom|Rillaboom, F|88/100
|-damage|p2a: Rillaboom|72/100|[from] Spikes
|-damage|p2a: Rillaboom|59/100|[from] Stealth Rock
|-fieldstart|move: Grassy Terrain|[from] ability: Grassy Surge|[of] p2a: Rillaboom
|
|-heal|p2a: Rillaboom|65/100|[from] Grassy Terrain
|upkeep
|turn|15
|inactive|Battle timer is ON: inactive players will automatically lose when time's up. (requested by tacolover313)
|c|☆tacolover313|dont stall with the time too
|inactive|ayyyyyyuhsucconme has 120 seconds left.
|c|☆ayyyyyyuhsucconme|ii was getting water twin
|c|☆ayyyyyyuhsucconme|<3
|
|t:|1760416651
|switch|p2a: Iron Treads|Iron Treads|69/100
|-damage|p2a: Iron Treads|52/100|[from] Spikes
|-damage|p2a: Iron Treads|49/100|[from] Stealth Rock
|move|p1a: Skarmory|Brave Bird|p2a: Iron Treads
|-resisted|p2a: Iron Treads
|-damage|p2a: Iron Treads|35/100
|-damage|p1a: Skarmory|71/100|[from] Recoil
|
|-heal|p2a: Iron Treads|41/100|[from] Grassy Terrain
|upkeep
|turn|16
|c|☆ayyyyyyuhsucconme|also this isnt stall XD
|inactive|tacolover313 has 120 seconds left.
|c|☆ayyyyyyuhsucconme|lmfaoo
|inactive|tacolover313 has 90 seconds left.
|c|☆tacolover313|my fault stay hydrated my brother in christ
|
|t:|1760416729
|switch|p1a: Gholdengo|Gholdengo|100/100
|-damage|p1a: Gholdengo|94/100|[from] Stealth Rock
|-item|p1a: Gholdengo|Air Balloon
|move|p2a: Iron Treads|Rapid Spin|p1a: Gholdengo
|-immune|p1a: Gholdengo
|
|-heal|p2a: Iron Treads|47/100|[from] Grassy Terrain
|upkeep
|turn|17
|
|t:|1760416744
|move|p2a: Iron Treads|Knock Off|p1a: Gholdengo
|-supereffective|p1a: Gholdengo
|-damage|p1a: Gholdengo|44/100
|-enditem|p1a: Gholdengo|Air Balloon
|move|p1a: Gholdengo|Shadow Ball|p2a: Iron Treads
|-damage|p2a: Iron Treads|17/100
|
|-heal|p2a: Iron Treads|23/100|[from] Grassy Terrain
|-heal|p1a: Gholdengo|50/100|[from] Grassy Terrain
|upkeep
|turn|18
|
|t:|1760416757
|move|p2a: Iron Treads|Rapid Spin|p1a: Gholdengo
|-immune|p1a: Gholdengo
|move|p1a: Gholdengo|Shadow Ball|p2a: Iron Treads
|-damage|p2a: Iron Treads|0 fnt
|faint|p2a: Iron Treads
|-end|p2a: Iron Treads|Quark Drive|[silent]
|
|-heal|p1a: Gholdengo|56/100|[from] Grassy Terrain
|-fieldend|move: Grassy Terrain
|upkeep
|
|t:|1760416767
|switch|p2a: Chandelure|Chandelure, M, shiny|100/100
|-damage|p2a: Chandelure|84/100|[from] Spikes
|-damage|p2a: Chandelure|59/100|[from] Stealth Rock
|turn|19
|
|t:|1760416776
|switch|p1a: Clodsire|Clodsire, F, shiny|100/100
|-damage|p1a: Clodsire|94/100|[from] Stealth Rock
|move|p2a: Chandelure|Will-O-Wisp|p1a: Clodsire
|-status|p1a: Clodsire|brn
|
|-heal|p1a: Clodsire|100/100 brn|[from] item: Leftovers
|-damage|p1a: Clodsire|94/100 brn|[from] brn
|upkeep
|turn|20
|
|t:|1760416786
|switch|p2a: Garchomp|Garchomp, M, shiny|59/100
|-damage|p2a: Garchomp|43/100|[from] Spikes
|-damage|p2a: Garchomp|37/100|[from] Stealth Rock
|move|p1a: Clodsire|Earthquake|p2a: Garchomp
|-damage|p2a: Garchomp|24/100
|
|-heal|p1a: Clodsire|100/100 brn|[from] item: Leftovers
|-damage|p1a: Clodsire|94/100 brn|[from] brn
|upkeep
|turn|21
|
|t:|1760416796
|switch|p1a: Skarmory|Skarmory, M|71/100
|-damage|p1a: Skarmory|58/100|[from] Stealth Rock
|move|p2a: Garchomp|Stealth Rock||[still]
|-fail|p2a: Garchomp
|
|upkeep
|turn|22
|inactive|tacolover313 has 90 seconds left.
|
|t:|1760416806
|move|p2a: Garchomp|Scale Shot|p1a: Skarmory
|-resisted|p1a: Skarmory
|-crit|p1a: Skarmory
|-damage|p1a: Skarmory|52/100
|-resisted|p1a: Skarmory
|-crit|p1a: Skarmory
|-damage|p1a: Skarmory|45/100
|-resisted|p1a: Skarmory
|-damage|p1a: Skarmory|41/100
|-hitcount|p1a: Skarmory|3
|-unboost|p2a: Garchomp|def|1
|-boost|p2a: Garchomp|spe|1
|move|p1a: Skarmory|Spikes|p2a: Garchomp
|-sidestart|p2: tacolover313|Spikes
|
|upkeep
|turn|23
|inactive|tacolover313 has 90 seconds left.
|
|t:|1760416819
|move|p2a: Garchomp|Earthquake|p1a: Skarmory
|-immune|p1a: Skarmory
|move|p1a: Skarmory|Roost|p1a: Skarmory
|-heal|p1a: Skarmory|91/100
|-singleturn|p1a: Skarmory|move: Roost
|
|upkeep
|turn|24
|-message|tacolover313 forfeited.
|
|win|ayyyyyyuhsucconme
|raw|ayyyyyyuhsucconme's rating: 1272 &rarr; <strong>1299</strong><br />(+27 for winning)
|raw|tacolover313's rating: 1306 &rarr; <strong>1284</strong><br />(-22 for losing)
|l|☆tacolover313
|player|p2|
|l|☆ayyyyyyuhsucconme
|player|p1|
