|j|☆Larmaster
|j|☆ChessDennis
|t:|1760414436
|gametype|singles
|player|p1|Larmaster|hilbert-wonderlauncher|1392
|player|p2|ChessDennis|2|1329
|gen|9
|tier|[Gen 9] OU
|rated|
|rule|HP Percentage Mod: HP is shown in percentages
|rule|Endless Battle Clause: Forcing endless battles is banned
|rule|Species Clause: Limit one of each Pokémon
|rule|OHKO Clause: OHKO moves are banned
|rule|Evasion Items Clause: Evasion items are banned
|rule|Evasion Moves Clause: Evasion moves are banned
|rule|Evasion Abilities Clause: Evasion abilities are banned
|rule|Sleep Moves Clause: Sleep-inducing moves are banned
|clearpoke
|poke|p1|Rillaboom, F|
|poke|p1|Corviknight, F|
|poke|p1|Slowking-Galar, F|
|poke|p1|Dragonite, M|
|poke|p1|Heatran, M|
|poke|p1|Zapdos|
|poke|p2|Walking Wake|
|poke|p2|Thundurus-Therian, M|
|poke|p2|Amoonguss, M|
|poke|p2|Gardevoir, M|
|poke|p2|Cinderace, M|
|poke|p2|Garchomp, F|
|teampreview
|inactive|Battle timer is ON: inactive players will automatically lose when time's up. (requested by Larmaster)
|
|t:|1760414471
|teamsize|p1|6
|teamsize|p2|6
|start
|switch|p1a: Zapdos|Zapdos|100/100
|switch|p2a: Garchomp|Garchomp, F|100/100
|turn|1
|
|t:|1760414488
|move|p1a: Zapdos|Hurricane|p2a: Garchomp
|-damage|p2a: Garchomp|56/100
|move|p2a: Garchomp|Swords Dance|p2a: Garchomp
|-boost|p2a: Garchomp|atk|2
|
|upkeep
|turn|2
|
|t:|1760414500
|switch|p1a: Corviknight|Corviknight, F|100/100
|-ability|p1a: Corviknight|Pressure
|move|p2a: Garchomp|Scale Shot|p1a: Corviknight
|-resisted|p1a: Corviknight
|-crit|p1a: Corviknight
|-damage|p1a: Corviknight|91/100
|-resisted|p1a: Corviknight
|-damage|p1a: Corviknight|85/100
|-resisted|p1a: Corviknight
|-damage|p1a: Corviknight|78/100
|-resisted|p1a: Corviknight
|-damage|p1a: Corviknight|71/100
|-resisted|p1a: Corviknight
|-crit|p1a: Corviknight
|-damage|p1a: Corviknight|61/100
|-hitcount|p1a: Corviknight|5
|-unboost|p2a: Garchomp|def|1
|-boost|p2a: Garchomp|spe|1
|
|upkeep
|turn|3
|
|t:|1760414507
|move|p2a: Garchomp|Swords Dance|p2a: Garchomp
|-boost|p2a: Garchomp|atk|2
|move|p1a: Corviknight|Brave Bird|p2a: Garchomp
|-crit|p2a: Garchomp
|-damage|p2a: Garchomp|0 fnt
|-damage|p1a: Corviknight|49/100|[from] ability: Rough Skin|[of] p2a: Garchomp
|faint|p2a: Garchomp
|-damage|p1a: Corviknight|32/100|[from] Recoil
|
|upkeep
|
|t:|1760414515
|switch|p2a: Thundurus|Thundurus-Therian, M|100/100
|turn|4
|
|t:|1760414522
|switch|p1a: Slowking|Slowking-Galar, F|100/100
|move|p2a: Thundurus|Volt Switch|p1a: Slowking
|-damage|p1a: Slowking|68/100
|
|t:|1760414530
|switch|p2a: Gardevoir|Gardevoir, M|100/100|[from] Volt Switch
|-ability|p2a: Gardevoir|Regenerator|Trace|[from] ability: Trace|[of] p1a: Slowking
|
|upkeep
|turn|5
|
|t:|1760414536
|switch|p1a: Heatran|Heatran, M|100/100
|move|p2a: Gardevoir|Psychic Noise|p1a: Heatran
|-resisted|p1a: Heatran
|-damage|p1a: Heatran|87/100
|-start|p1a: Heatran|move: Heal Block
|-enditem|p2a: Gardevoir|Throat Spray
|-boost|p2a: Gardevoir|spa|1|[from] item: Throat Spray
|
|upkeep
|turn|6
|
|t:|1760414549
|move|p2a: Gardevoir|Moonblast|p1a: Heatran
|-resisted|p1a: Heatran
|-damage|p1a: Heatran|76/100
|move|p1a: Heatran|Magma Storm|p2a: Gardevoir
|-damage|p2a: Gardevoir|62/100
|-activate|p2a: Gardevoir|move: Magma Storm|[of] p1a: Heatran
|
|-damage|p2a: Gardevoir|50/100|[from] move: Magma Storm|[partiallytrapped]
|-end|p1a: Heatran|move: Heal Block
|upkeep
|turn|7
|
|t:|1760414563
|move|p2a: Gardevoir|Healing Wish|p2a: Gardevoir
|faint|p2a: Gardevoir
|move|p1a: Heatran|Stealth Rock|p2: Gardevoir
|-sidestart|p2: ChessDennis|move: Stealth Rock
|
|-heal|p1a: Heatran|82/100|[from] item: Leftovers
|upkeep
|
|t:|1760414565
|switch|p2a: Walking Wake|Walking Wake|100/100
|-damage|p2a: Walking Wake|88/100|[from] Stealth Rock
|turn|8
|
|t:|1760414576
|switch|p1a: Slowking|Slowking-Galar, F|100/100
|move|p2a: Walking Wake|Sunny Day|p2a: Walking Wake
|-weather|SunnyDay
|-activate|p2a: Walking Wake|ability: Protosynthesis
|-start|p2a: Walking Wake|protosynthesisspe
|
|-weather|SunnyDay|[upkeep]
|upkeep
|turn|9
|
|t:|1760414581
|-terastallize|p2a: Walking Wake|Water
|move|p2a: Walking Wake|Hydro Steam|p1a: Slowking
|-crit|p1a: Slowking
|-damage|p1a: Slowking|0 fnt
|faint|p1a: Slowking
|
|-weather|SunnyDay|[upkeep]
|upkeep
|
|t:|1760414598
|switch|p1a: Rillaboom|Rillaboom, F|100/100
|-fieldstart|move: Grassy Terrain|[from] ability: Grassy Surge|[of] p1a: Rillaboom
|turn|10
|
|t:|1760414606
|-end|p2a: Walking Wake|Protosynthesis|[silent]
|switch|p2a: Amoonguss|Amoonguss, M|100/100
|-damage|p2a: Amoonguss|88/100|[from] Stealth Rock
|move|p1a: Rillaboom|U-turn|p2a: Amoonguss
|-damage|p2a: Amoonguss|43/100
|
|t:|1760414628
|switch|p1a: Dragonite|Dragonite, M|100/100|[from] U-turn
|
|-weather|SunnyDay|[upkeep]
|-heal|p2a: Amoonguss|50/100|[from] Grassy Terrain
|upkeep
|turn|11
|
|t:|1760414637
|move|p1a: Dragonite|Fire Punch|p2a: Amoonguss
|-supereffective|p2a: Amoonguss
|-damage|p2a: Amoonguss|0 fnt
|faint|p2a: Amoonguss
|
|-weather|SunnyDay|[upkeep]
|upkeep
|
|t:|1760414642
|switch|p2a: Thundurus|Thundurus-Therian, M|100/100
|-damage|p2a: Thundurus|76/100|[from] Stealth Rock
|turn|12
|
|t:|1760414652
|switch|p1a: Corviknight|Corviknight, F|32/100
|-ability|p1a: Corviknight|Pressure
|move|p2a: Thundurus|Volt Switch|p1a: Corviknight
|-supereffective|p1a: Corviknight
|-crit|p1a: Corviknight
|-damage|p1a: Corviknight|0 fnt
|faint|p1a: Corviknight
|
|t:|1760414658
|switch|p2a: Cinderace|Cinderace, M|100/100|[from] Volt Switch
|
|-weather|none
|upkeep
|
|t:|1760414678
|switch|p1a: Zapdos|Zapdos|100/100
|turn|13
|
|t:|1760414685
|move|p1a: Zapdos|Hurricane|p2a: Cinderace
|-damage|p2a: Cinderace|15/100
|-start|p2a: Cinderace|confusion
|-activate|p2a: Cinderace|confusion
|move|p2a: Cinderace|Sunny Day|p2a: Cinderace
|-weather|SunnyDay
|
|-weather|SunnyDay|[upkeep]
|-heal|p2a: Cinderace|21/100|[from] Grassy Terrain
|upkeep
|turn|14
|
|t:|1760414694
|move|p1a: Zapdos|Hurricane|p2a: Cinderace|[miss]
|-miss|p1a: Zapdos|p2a: Cinderace
|-activate|p2a: Cinderace|confusion
|-damage|p2a: Cinderace|2/100|[from] confusion
|
|-weather|SunnyDay|[upkeep]
|-heal|p2a: Cinderace|8/100|[from] Grassy Terrain
|-fieldend|move: Grassy Terrain
|upkeep
|turn|15
|
|t:|1760414702
|switch|p1a: Heatran|Heatran, M|82/100
|-activate|p2a: Cinderace|confusion
|-damage|p2a: Cinderace|0 fnt|[from] confusion
|faint|p2a: Cinderace
|
|-weather|SunnyDay|[upkeep]
|-heal|p1a: Heatran|88/100|[from] item: Leftovers
|upkeep
|
|t:|1760414704
|switch|p2a: Walking Wake|Walking Wake, tera:Water|88/100
|-heal|p2a: Walking Wake|100/100|[from] move: Healing Wish
|-damage|p2a: Walking Wake|88/100|[from] Stealth Rock
|-activate|p2a: Walking Wake|ability: Protosynthesis
|-start|p2a: Walking Wake|protosynthesisspe
|turn|16
|inactive|Larmaster has 120 seconds left.
|
|t:|1760414735
|move|p2a: Walking Wake|Flamethrower|p1a: Heatran
|-start|p1a: Heatran|ability: Flash Fire
|move|p1a: Heatran|Magma Storm|p2a: Walking Wake|[miss]
|-miss|p1a: Heatran|p2a: Walking Wake
|
|-weather|SunnyDay|[upkeep]
|-heal|p1a: Heatran|94/100|[from] item: Leftovers
|upkeep
|turn|17
|
|t:|1760414739
|move|p2a: Walking Wake|Hydro Steam|p1a: Heatran
|-supereffective|p1a: Heatran
|-damage|p1a: Heatran|0 fnt
|faint|p1a: Heatran
|
|-weather|none
|-end|p2a: Walking Wake|Protosynthesis
|upkeep
|
|t:|1760414746
|switch|p1a: Rillaboom|Rillaboom, F|100/100
|-fieldstart|move: Grassy Terrain|[from] ability: Grassy Surge|[of] p1a: Rillaboom
|turn|18
|
|t:|1760414754
|-end|p2a: Walking Wake|Protosynthesis|[silent]
|switch|p2a: Thundurus|Thundurus-Therian, M|76/100
|-damage|p2a: Thundurus|51/100|[from] Stealth Rock
|move|p1a: Rillaboom|Wood Hammer|p2a: Thundurus
|-resisted|p2a: Thundurus
|-damage|p2a: Thundurus|0 fnt
|faint|p2a: Thundurus
|-damage|p1a: Rillaboom|86/100|[from] Recoil
|
|-heal|p1a: Rillaboom|92/100|[from] Grassy Terrain
|upkeep
|
|t:|1760414756
|switch|p2a: Walking Wake|Walking Wake, tera:Water|88/100
|-damage|p2a: Walking Wake|76/100|[from] Stealth Rock
|turn|19
|
|t:|1760414761
|switch|p1a: Zapdos|Zapdos|100/100
|move|p2a: Walking Wake|Flamethrower|p1a: Zapdos
|-damage|p1a: Zapdos|67/100
|
|-heal|p2a: Walking Wake|82/100|[from] Grassy Terrain
|upkeep
|turn|20
|
|t:|1760414765
|move|p1a: Zapdos|Thunderbolt|p2a: Walking Wake
|-supereffective|p2a: Walking Wake
|-damage|p2a: Walking Wake|0 fnt
|faint|p2a: Walking Wake
|-end|p2a: Walking Wake|Protosynthesis|[silent]
|
|win|Larmaster
|raw|Larmaster's rating: 1392 &rarr; <strong>1408</strong><br />(+16 for winning)
|raw|ChessDennis's rating: 1329 &rarr; <strong>1313</strong><br />(-16 for losing)
|l|☆ChessDennis
|player|p2|
|l|☆Larmaster
|player|p1|
