|j|☆mulie
|j|☆Ao_Blue_Poison
|t:|1760389390
|gametype|singles
|player|p1|mulie|266|1432
|player|p2|Ao_Blue_Poison|iono|1414
|gen|9
|tier|[Gen 9] OU
|rated|
|rule|HP Percentage Mod: HP is shown in percentages
|rule|Endless Battle Clause: Forcing endless battles is banned
|rule|Species Clause: Limit one of each Pokémon
|rule|OHKO Clause: OHKO moves are banned
|rule|Evasion Items Clause: Evasion items are banned
|rule|Evasion Moves Clause: Evasion moves are banned
|rule|Evasion Abilities Clause: Evasion abilities are banned
|rule|Sleep Moves Clause: Sleep-inducing moves are banned
|clearpoke
|poke|p1|Mabosstiff, M|
|poke|p1|Ribombee, F|
|poke|p1|Dragapult, F|
|poke|p1|Pecharunt|
|poke|p1|Heatran, F|
|poke|p1|Krookodile, F|
|poke|p2|Quaquaval, F|
|poke|p2|Blaziken, M|
|poke|p2|Corviknight, F|
|poke|p2|Iron Crown|
|poke|p2|Rillaboom, F|
|poke|p2|Garganacl, M|
|teampreview
|inactive|Battle timer is ON: inactive players will automatically lose when time's up. (requested by Ao_Blue_Poison)
|
|t:|1760389408
|teamsize|p1|6
|teamsize|p2|6
|start
|switch|p1a: Methanol|Mabosstiff, M|100/100
|switch|p2a: Temple|Garganacl, M, shiny|100/100
|turn|1
|
|t:|1760389414
|move|p1a: Methanol|Crunch|p2a: Temple
|-damage|p2a: Temple|59/100
|move|p2a: Temple|Salt Cure|p1a: Methanol
|-damage|p1a: Methanol|84/100
|-start|p1a: Methanol|Salt Cure
|
|-heal|p2a: Temple|65/100|[from] item: Leftovers
|-damage|p1a: Methanol|72/100|[from] Salt Cure
|upkeep
|turn|2
|
|t:|1760389422
|switch|p1a: Heatran|Heatran, F|100/100
|move|p2a: Temple|Curse|p2a: Temple
|-unboost|p2a: Temple|spe|1
|-boost|p2a: Temple|atk|1
|-boost|p2a: Temple|def|1
|
|-heal|p2a: Temple|71/100|[from] item: Leftovers
|upkeep
|turn|3
|
|t:|1760389426
|move|p1a: Heatran|Flash Cannon|p2a: Temple
|-supereffective|p2a: Temple
|-crit|p2a: Temple
|-damage|p2a: Temple|0 fnt
|faint|p2a: Temple
|
|upkeep
|
|t:|1760389430
|switch|p2a: Percussion|Rillaboom, F, shiny|100/100
|-fieldstart|move: Grassy Terrain|[from] ability: Grassy Surge|[of] p2a: Percussion
|turn|4
|
|t:|1760389441
|move|p2a: Percussion|High Horsepower|p1a: Heatran
|-supereffective|p1a: Heatran
|-damage|p1a: Heatran|8/100
|move|p1a: Heatran|Stealth Rock|p2a: Percussion
|-sidestart|p2: Ao_Blue_Poison|move: Stealth Rock
|
|-heal|p1a: Heatran|14/100|[from] Grassy Terrain
|-heal|p1a: Heatran|21/100|[from] item: Leftovers
|upkeep
|turn|5
|
|t:|1760389447
|move|p2a: Percussion|High Horsepower|p1a: Heatran
|-supereffective|p1a: Heatran
|-damage|p1a: Heatran|0 fnt
|faint|p1a: Heatran
|
|upkeep
|
|t:|1760389452
|switch|p1a: Ribombee|Ribombee, F|100/100
|turn|6
|
|t:|1760389463
|switch|p1a: Dragapult|Dragapult, F|100/100
|move|p2a: Percussion|Drum Beating|p1a: Dragapult
|-resisted|p1a: Dragapult
|-damage|p1a: Dragapult|62/100
|-unboost|p1a: Dragapult|spe|1
|
|-heal|p1a: Dragapult|68/100|[from] Grassy Terrain
|upkeep
|turn|7
|
|t:|1760389468
|move|p2a: Percussion|Knock Off|p1a: Dragapult
|-supereffective|p1a: Dragapult
|-damage|p1a: Dragapult|0 fnt
|-enditem|p1a: Dragapult|Heavy-Duty Boots|[from] move: Knock Off|[of] p2a: Percussion
|faint|p1a: Dragapult
|
|upkeep
|
|t:|1760389476
|switch|p1a: Ribombee|Ribombee, F|100/100
|turn|8
|
|t:|1760389478
|move|p1a: Ribombee|Bug Buzz|p2a: Percussion
|-supereffective|p2a: Percussion
|-damage|p2a: Percussion|38/100
|move|p2a: Percussion|Drum Beating|p1a: Ribombee
|-resisted|p1a: Ribombee
|-damage|p1a: Ribombee|47/100
|
|-heal|p1a: Ribombee|53/100|[from] Grassy Terrain
|-heal|p2a: Percussion|44/100|[from] Grassy Terrain
|-fieldend|move: Grassy Terrain
|upkeep
|turn|9
|
|t:|1760389485
|switch|p2a: Sir Aaron|Corviknight, F, shiny|100/100
|-damage|p2a: Sir Aaron|88/100|[from] Stealth Rock
|-ability|p2a: Sir Aaron|Pressure
|move|p1a: Ribombee|Bug Buzz|p2a: Sir Aaron
|-resisted|p2a: Sir Aaron
|-damage|p2a: Sir Aaron|80/100
|-unboost|p2a: Sir Aaron|spd|1
|
|-heal|p2a: Sir Aaron|86/100|[from] item: Leftovers
|upkeep
|turn|10
|
|t:|1760389491
|switch|p1a: Methanol|Mabosstiff, M|72/100
|move|p2a: Sir Aaron|Iron Head|p1a: Methanol
|-damage|p1a: Methanol|41/100
|
|-heal|p2a: Sir Aaron|93/100|[from] item: Leftovers
|upkeep
|turn|11
|
|t:|1760389495
|move|p1a: Methanol|Crunch|p2a: Sir Aaron
|-damage|p2a: Sir Aaron|44/100
|move|p2a: Sir Aaron|Defog|p1a: Methanol
|-unboost|p1a: Methanol|evasion|1
|-sideend|p2: Ao_Blue_Poison|Stealth Rock|[from] move: Defog|[of] p2a: Sir Aaron
|
|-heal|p2a: Sir Aaron|50/100|[from] item: Leftovers
|upkeep
|turn|12
|
|t:|1760389499
|move|p1a: Methanol|Crunch|p2a: Sir Aaron
|-damage|p2a: Sir Aaron|0 fnt
|faint|p2a: Sir Aaron
|
|upkeep
|
|t:|1760389507
|switch|p2a: Tachyon|Iron Crown|100/100
|-enditem|p2a: Tachyon|Booster Energy
|-activate|p2a: Tachyon|ability: Quark Drive|[fromitem]
|-start|p2a: Tachyon|quarkdrivespa
|turn|13
|
|t:|1760389526
|move|p2a: Tachyon|Tachyon Cutter|p1a: Methanol
|-damage|p1a: Methanol|0 fnt
|faint|p1a: Methanol
|-hitcount|p1: Methanol|1
|
|upkeep
|
|t:|1760389531
|switch|p1a: Krookodile|Krookodile, F|100/100
|turn|14
|
|t:|1760389538
|move|p2a: Tachyon|Focus Blast|p1a: Krookodile
|-supereffective|p1a: Krookodile
|-damage|p1a: Krookodile|0 fnt
|faint|p1a: Krookodile
|
|upkeep
|
|t:|1760389542
|switch|p1a: Pecharunt|Pecharunt|100/100
|turn|15
|
|t:|1760389547
|-terastallize|p2a: Tachyon|Psychic
|-terastallize|p1a: Pecharunt|Dark
|move|p2a: Tachyon|Psychic Noise|p1a: Pecharunt
|-immune|p1a: Pecharunt
|move|p1a: Pecharunt|Shadow Ball|p2a: Tachyon
|-supereffective|p2a: Tachyon
|-damage|p2a: Tachyon|55/100
|
|upkeep
|turn|16
|
|t:|1760389552
|move|p2a: Tachyon|Focus Blast|p1a: Pecharunt
|-supereffective|p1a: Pecharunt
|-damage|p1a: Pecharunt|0 fnt
|faint|p1a: Pecharunt
|
|upkeep
|
|t:|1760389555
|switch|p1a: Ribombee|Ribombee, F|53/100
|turn|17
|
|t:|1760389559
|move|p1a: Ribombee|Bug Buzz|p2a: Tachyon
|-supereffective|p2a: Tachyon
|-damage|p2a: Tachyon|0 fnt
|faint|p2a: Tachyon
|-end|p2a: Tachyon|Quark Drive|[silent]
|
|upkeep
|
|t:|1760389561
|switch|p2a: Axel|Blaziken, M, shiny|100/100
|turn|18
|
|t:|1760389564
|move|p1a: Ribombee|Stun Spore|p2a: Axel
|-status|p2a: Axel|par
|move|p2a: Axel|Flamethrower|p1a: Ribombee
|-supereffective|p1a: Ribombee
|-damage|p1a: Ribombee|0 fnt
|faint|p1a: Ribombee
|
|win|Ao_Blue_Poison
|raw|mulie's rating: 1432 &rarr; <strong>1411</strong><br />(-21 for losing)
|raw|Ao_Blue_Poison's rating: 1414 &rarr; <strong>1435</strong><br />(+21 for winning)
|l|☆mulie
|player|p1|
|l|☆Ao_Blue_Poison
|player|p2|
