|j|☆Gyuben
|j|☆24iomxx
|t:|1760455219
|gametype|singles
|player|p1|Gyuben|n|1118
|player|p2|24iomxx|hilbert-masters|1126
|gen|9
|tier|[Gen 9] OU
|rated|
|rule|HP Percentage Mod: HP is shown in percentages
|rule|Endless Battle Clause: Forcing endless battles is banned
|rule|Species Clause: Limit one of each Pokémon
|rule|OHKO Clause: OHKO moves are banned
|rule|Evasion Items Clause: Evasion items are banned
|rule|Evasion Moves Clause: Evasion moves are banned
|rule|Evasion Abilities Clause: Evasion abilities are banned
|rule|Sleep Moves Clause: Sleep-inducing moves are banned
|clearpoke
|poke|p1|Tyranitar, M|
|poke|p1|Excadrill, M|
|poke|p1|Dragapult, M|
|poke|p1|Landorus-Therian, M|
|poke|p1|Hatterene, F|
|poke|p1|Ogerpon-Wellspring, F|
|poke|p2|Hydreigon, F|
|poke|p2|Excadrill, F|
|poke|p2|Galvantula, F|
|poke|p2|Chandelure, F|
|poke|p2|Amoonguss, M|
|poke|p2|Braviary, M|
|teampreview
|inactive|Battle timer is ON: inactive players will automatically lose when time's up. (requested by 24iomxx)
|
|t:|1760455229
|teamsize|p1|6
|teamsize|p2|6
|start
|switch|p1a: Landorus|Landorus-Therian, M|100/100
|switch|p2a: Galvantula|Galvantula, F|100/100
|-ability|p1a: Landorus|Intimidate|boost
|-unboost|p2a: Galvantula|atk|1
|turn|1
|
|t:|1760455233
|switch|p2a: Braviary|Braviary, M|100/100
|switch|p1a: Hatterene|Hatterene, F|100/100
|
|upkeep
|turn|2
|
|t:|1760455242
|move|p2a: Braviary|Agility|p2a: Braviary
|-boost|p2a: Braviary|spe|2
|move|p1a: Hatterene|Psyshock|p2a: Braviary
|-damage|p2a: Braviary|36/100
|
|upkeep
|turn|3
|
|t:|1760455250
|move|p2a: Braviary|Sky Attack||[still]
|-prepare|p2a: Braviary|Sky Attack
|-enditem|p2a: Braviary|Power Herb
|-anim|p2a: Braviary|Sky Attack|p1a: Hatterene
|-damage|p1a: Hatterene|7/100
|move|p1a: Hatterene|Psyshock|p2a: Braviary
|-damage|p2a: Braviary|0 fnt
|faint|p2a: Braviary
|
|upkeep
|
|t:|1760455258
|switch|p2a: Chandelure|Chandelure, F|100/100
|turn|4
|
|t:|1760455266
|switch|p1a: Tyranitar|Tyranitar, M|100/100
|-weather|Sandstorm|[from] ability: Sand Stream|[of] p1a: Tyranitar
|move|p2a: Chandelure|Shadow Ball|p1a: Tyranitar
|-resisted|p1a: Tyranitar
|-damage|p1a: Tyranitar|85/100
|
|-weather|Sandstorm|[upkeep]
|-damage|p2a: Chandelure|94/100|[from] Sandstorm
|upkeep
|turn|5
|
|t:|1760455273
|switch|p2a: Excadrill|Excadrill, F|100/100
|-ability|p2a: Excadrill|Mold Breaker
|-item|p2a: Excadrill|Air Balloon
|move|p1a: Tyranitar|Stone Edge|p2a: Excadrill
|-resisted|p2a: Excadrill
|-damage|p2a: Excadrill|78/100
|-enditem|p2a: Excadrill|Air Balloon
|
|-weather|Sandstorm|[upkeep]
|upkeep
|turn|6
|
|t:|1760455282
|switch|p1a: Landorus|Landorus-Therian, M|100/100
|-ability|p1a: Landorus|Intimidate|boost
|-unboost|p2a: Excadrill|atk|1
|move|p2a: Excadrill|Swords Dance|p2a: Excadrill
|-boost|p2a: Excadrill|atk|2
|
|-weather|Sandstorm|[upkeep]
|upkeep
|turn|7
|
|t:|1760455291
|switch|p2a: Hydreigon|Hydreigon, F|100/100
|move|p1a: Landorus|Gravity|p1a: Landorus
|-fieldstart|move: Gravity
|
|-weather|Sandstorm|[upkeep]
|-damage|p2a: Hydreigon|94/100|[from] Sandstorm
|-heal|p2a: Hydreigon|100/100|[from] item: Leftovers
|upkeep
|turn|8
|
|t:|1760455301
|move|p2a: Hydreigon|Substitute|p2a: Hydreigon
|-start|p2a: Hydreigon|Substitute
|-damage|p2a: Hydreigon|76/100
|move|p1a: Landorus|Earthquake|p2a: Hydreigon
|-end|p2a: Hydreigon|Substitute
|
|-weather|none
|-heal|p2a: Hydreigon|82/100|[from] item: Leftovers
|upkeep
|turn|9
|
|t:|1760455311
|move|p2a: Hydreigon|Substitute|p2a: Hydreigon
|-start|p2a: Hydreigon|Substitute
|-damage|p2a: Hydreigon|57/100
|move|p1a: Landorus|Earthquake|p2a: Hydreigon
|-end|p2a: Hydreigon|Substitute
|
|-heal|p2a: Hydreigon|63/100|[from] item: Leftovers
|upkeep
|turn|10
|
|t:|1760455317
|move|p2a: Hydreigon|Draco Meteor|p1a: Landorus
|-damage|p1a: Landorus|15/100
|-unboost|p2a: Hydreigon|spa|2
|-enditem|p1a: Landorus|Eject Button
|
|t:|1760455322
|switch|p1a: Tyranitar|Tyranitar, M|85/100
|-weather|Sandstorm|[from] ability: Sand Stream|[of] p1a: Tyranitar
|
|-weather|Sandstorm|[upkeep]
|-damage|p2a: Hydreigon|57/100|[from] Sandstorm
|-heal|p2a: Hydreigon|63/100|[from] item: Leftovers
|upkeep
|turn|11
|
|t:|1760455332
|-terastallize|p2a: Hydreigon|Steel
|move|p2a: Hydreigon|Nasty Plot|p2a: Hydreigon
|-boost|p2a: Hydreigon|spa|2
|move|p1a: Tyranitar|Earthquake|p2a: Hydreigon
|-supereffective|p2a: Hydreigon
|-damage|p2a: Hydreigon|0 fnt
|faint|p2a: Hydreigon
|
|-weather|Sandstorm|[upkeep]
|-fieldend|move: Gravity
|upkeep
|
|t:|1760455343
|switch|p2a: Excadrill|Excadrill, F|78/100
|-ability|p2a: Excadrill|Mold Breaker
|turn|12
|
|t:|1760455347
|move|p2a: Excadrill|Iron Head|p1a: Tyranitar
|-supereffective|p1a: Tyranitar
|-damage|p1a: Tyranitar|4/100
|move|p1a: Tyranitar|Earthquake|p2a: Excadrill
|-supereffective|p2a: Excadrill
|-damage|p2a: Excadrill|0 fnt
|faint|p2a: Excadrill
|
|-weather|Sandstorm|[upkeep]
|upkeep
|
|t:|1760455352
|switch|p2a: Chandelure|Chandelure, F|94/100
|turn|13
|
|t:|1760455355
|move|p2a: Chandelure|Shadow Ball|p1a: Tyranitar
|-resisted|p1a: Tyranitar
|-crit|p1a: Tyranitar
|-damage|p1a: Tyranitar|0 fnt
|faint|p1a: Tyranitar
|
|-weather|Sandstorm|[upkeep]
|-damage|p2a: Chandelure|88/100|[from] Sandstorm
|upkeep
|
|t:|1760455358
|switch|p1a: Excadrill|Excadrill, M|100/100
|turn|14
|
|t:|1760455361
|-terastallize|p1a: Excadrill|Ground
|move|p1a: Excadrill|Earthquake|p2a: Chandelure
|-supereffective|p2a: Chandelure
|-damage|p2a: Chandelure|0 fnt
|faint|p2a: Chandelure
|
|-weather|none
|upkeep
|
|t:|1760455367
|switch|p2a: Amoonguss|Amoonguss, M|100/100
|turn|15
|
|t:|1760455375
|switch|p1a: Landorus|Landorus-Therian, M|15/100
|-ability|p1a: Landorus|Intimidate|boost
|-unboost|p2a: Amoonguss|atk|1
|move|p2a: Amoonguss|Stun Spore|p1a: Landorus|[miss]
|-miss|p2a: Amoonguss|p1a: Landorus
|
|upkeep
|turn|16
|
|t:|1760455384
|move|p1a: Landorus|Body Slam|p2a: Amoonguss
|-damage|p2a: Amoonguss|76/100
|-status|p2a: Amoonguss|par
|move|p2a: Amoonguss|Giga Drain|p1a: Landorus
|-damage|p1a: Landorus|0 fnt
|-heal|p2a: Amoonguss|81/100 par|[from] drain|[of] p1a: Landorus
|faint|p1a: Landorus
|
|-heal|p2a: Amoonguss|88/100 par|[from] item: Leftovers
|upkeep
|
|t:|1760455388
|switch|p1a: Dragapult|Dragapult, M|100/100
|turn|17
|
|t:|1760455392
|move|p1a: Dragapult|Substitute|p1a: Dragapult
|-start|p1a: Dragapult|Substitute
|-damage|p1a: Dragapult|76/100
|move|p2a: Amoonguss|Sludge Bomb|p1a: Dragapult
|-resisted|p1a: Dragapult
|-activate|p1a: Dragapult|move: Substitute|[damage]
|
|-heal|p1a: Dragapult|82/100|[from] item: Leftovers
|-heal|p2a: Amoonguss|94/100 par|[from] item: Leftovers
|upkeep
|turn|18
|
|t:|1760455397
|move|p1a: Dragapult|Dragon Pulse|p2a: Amoonguss
|-damage|p2a: Amoonguss|59/100 par
|cant|p2a: Amoonguss|par
|
|-heal|p1a: Dragapult|88/100|[from] item: Leftovers
|-heal|p2a: Amoonguss|65/100 par|[from] item: Leftovers
|upkeep
|turn|19
|
|t:|1760455401
|move|p1a: Dragapult|Will-O-Wisp||[still]
|-fail|p1a: Dragapult
|move|p2a: Amoonguss|Foul Play|p1a: Dragapult
|-supereffective|p1a: Dragapult
|-end|p1a: Dragapult|Substitute
|
|-heal|p1a: Dragapult|94/100|[from] item: Leftovers
|-heal|p2a: Amoonguss|71/100 par|[from] item: Leftovers
|upkeep
|turn|20
|
|t:|1760455404
|move|p1a: Dragapult|Dragon Pulse|p2a: Amoonguss
|-damage|p2a: Amoonguss|35/100 par
|move|p2a: Amoonguss|Foul Play|p1a: Dragapult
|-supereffective|p1a: Dragapult
|-damage|p1a: Dragapult|38/100
|
|-heal|p1a: Dragapult|44/100|[from] item: Leftovers
|-heal|p2a: Amoonguss|41/100 par|[from] item: Leftovers
|upkeep
|turn|21
|
|t:|1760455408
|move|p1a: Dragapult|Substitute|p1a: Dragapult
|-start|p1a: Dragapult|Substitute
|-damage|p1a: Dragapult|19/100
|cant|p2a: Amoonguss|par
|
|-heal|p1a: Dragapult|25/100|[from] item: Leftovers
|-heal|p2a: Amoonguss|47/100 par|[from] item: Leftovers
|upkeep
|turn|22
|
|t:|1760455412
|move|p1a: Dragapult|Dragon Pulse|p2a: Amoonguss
|-damage|p2a: Amoonguss|14/100 par
|cant|p2a: Amoonguss|par
|
|-heal|p1a: Dragapult|31/100|[from] item: Leftovers
|-heal|p2a: Amoonguss|20/100 par|[from] item: Leftovers
|upkeep
|turn|23
|
|t:|1760455416
|move|p1a: Dragapult|Dragon Pulse|p2a: Amoonguss
|-damage|p2a: Amoonguss|0 fnt
|faint|p2a: Amoonguss
|
|-heal|p1a: Dragapult|37/100|[from] item: Leftovers
|upkeep
|
|t:|1760455419
|switch|p2a: Galvantula|Galvantula, F|100/100
|turn|24
|
|t:|1760455423
|move|p1a: Dragapult|Will-O-Wisp|p2a: Galvantula
|-status|p2a: Galvantula|brn
|move|p2a: Galvantula|Thunder|p1a: Dragapult|[miss]
|-miss|p2a: Galvantula|p1a: Dragapult
|
|-heal|p1a: Dragapult|43/100|[from] item: Leftovers
|-damage|p2a: Galvantula|94/100 brn|[from] brn
|upkeep
|turn|25
|-message|24iomxx forfeited.
|
|win|Gyuben
|raw|Gyuben's rating: 1118 &rarr; <strong>1144</strong><br />(+26 for winning)
|raw|24iomxx's rating: 1126 &rarr; <strong>1100</strong><br />(-26 for losing)
|l|☆24iomxx
|player|p2|
|l|☆Gyuben
|player|p1|
