|j|☆anglais b
|j|☆levi6969
|t:|1760428814
|gametype|singles
|player|p1|anglais b|101|1082
|player|p2|levi6969|170|1097
|gen|9
|tier|[Gen 9] OU
|rated|
|rule|HP Percentage Mod: HP is shown in percentages
|rule|Endless Battle Clause: Forcing endless battles is banned
|rule|Species Clause: Limit one of each Pokémon
|rule|OHKO Clause: OHKO moves are banned
|rule|Evasion Items Clause: Evasion items are banned
|rule|Evasion Moves Clause: Evasion moves are banned
|rule|Evasion Abilities Clause: Evasion abilities are banned
|rule|Sleep Moves Clause: Sleep-inducing moves are banned
|clearpoke
|poke|p1|Great Tusk|
|poke|p1|Moltres|
|poke|p1|Slowking-Galar, M|
|poke|p1|Dragapult, F|
|poke|p1|Rillaboom, M|
|poke|p1|Keldeo|
|poke|p2|Tauros-Paldea-Blaze, M|
|poke|p2|Toxtricity, M|
|poke|p2|Corviknight, F|
|poke|p2|Slowking, F|
|poke|p2|Dragapult, M|
|poke|p2|Ting-Lu|
|teampreview
|inactive|Battle timer is ON: inactive players will automatically lose when time's up. (requested by anglais b)
|
|t:|1760428832
|teamsize|p1|6
|teamsize|p2|6
|start
|switch|p1a: Great Tusk|Great Tusk|100/100
|switch|p2a: Toxtricity|Toxtricity, M|100/100
|turn|1
|
|t:|1760428840
|move|p1a: Great Tusk|Earthquake|p2a: Toxtricity
|-supereffective|p2a: Toxtricity
|-damage|p2a: Toxtricity|0 fnt
|faint|p2a: Toxtricity
|
|upkeep
|
|t:|1760428849
|switch|p2a: Slowking|Slowking, F|100/100
|turn|2
|
|t:|1760428852
|move|p1a: Great Tusk|Knock Off|p2a: Slowking
|-supereffective|p2a: Slowking
|-damage|p2a: Slowking|54/100
|-enditem|p2a: Slowking|Assault Vest|[from] move: Knock Off|[of] p1a: Great Tusk
|move|p2a: Slowking|Future Sight|p1a: Great Tusk
|-start|p2a: Slowking|move: Future Sight
|
|upkeep
|turn|3
|
|t:|1760428858
|move|p1a: Great Tusk|Stealth Rock|p2a: Slowking
|-sidestart|p2: levi6969|move: Stealth Rock
|move|p2a: Slowking|Scald|p1a: Great Tusk
|-supereffective|p1a: Great Tusk
|-damage|p1a: Great Tusk|24/100
|
|upkeep
|turn|4
|
|t:|1760428873
|move|p1a: Great Tusk|Earthquake|p2a: Slowking
|-damage|p2a: Slowking|15/100
|move|p2a: Slowking|Ice Beam|p1a: Great Tusk
|-supereffective|p1a: Great Tusk
|-damage|p1a: Great Tusk|0 fnt
|faint|p1a: Great Tusk
|-end|p1a: Great Tusk|Protosynthesis|[silent]
|
|-hint|Future Sight did not hit because the target is fainted.
|upkeep
|
|t:|1760428881
|switch|p1a: Rillaboom|Rillaboom, M|100/100
|-fieldstart|move: Grassy Terrain|[from] ability: Grassy Surge|[of] p1a: Rillaboom
|turn|5
|
|t:|1760428886
|move|p1a: Rillaboom|U-turn|p2a: Slowking
|-supereffective|p2a: Slowking
|-damage|p2a: Slowking|0 fnt
|faint|p2a: Slowking
|
|t:|1760428891
|switch|p1a: Slowking|Slowking-Galar, M|100/100|[from] U-turn
|
|upkeep
|
|t:|1760428894
|switch|p2a: Corviknight|Corviknight, F, shiny|100/100
|-damage|p2a: Corviknight|88/100|[from] Stealth Rock
|-ability|p2a: Corviknight|Pressure
|turn|6
|
|t:|1760428900
|move|p2a: Corviknight|Defog|p1a: Slowking
|-unboost|p1a: Slowking|evasion|1
|-sideend|p2: levi6969|Stealth Rock|[from] move: Defog|[of] p2a: Corviknight
|-fieldend|move: Grassy Terrain
|move|p1a: Slowking|Thunder Wave|p2a: Corviknight
|-status|p2a: Corviknight|par
|
|upkeep
|turn|7
|
|t:|1760428910
|switch|p2a: Ting-Lu|Ting-Lu|100/100
|-ability|p2a: Ting-Lu|Vessel of Ruin
|move|p1a: Slowking|Future Sight|p2a: Ting-Lu
|-start|p1a: Slowking|move: Future Sight
|
|upkeep
|turn|8
|
|t:|1760428917
|move|p2a: Ting-Lu|Ruination|p1a: Slowking
|-damage|p1a: Slowking|50/100
|-prepare|p1a: Slowking|Chilly Reception|[premajor]
|move|p1a: Slowking|Chilly Reception|p1a: Slowking
|-weather|Snowscape
|
|t:|1760428924
|switch|p1a: Rillaboom|Rillaboom, M|100/100|[from] Chilly Reception
|-fieldstart|move: Grassy Terrain|[from] ability: Grassy Surge|[of] p1a: Rillaboom
|
|-weather|Snowscape|[upkeep]
|upkeep
|turn|9
|
|t:|1760428928
|move|p1a: Rillaboom|Knock Off|p2a: Ting-Lu
|-resisted|p2a: Ting-Lu
|-damage|p2a: Ting-Lu|85/100
|-enditem|p2a: Ting-Lu|Leftovers|[from] move: Knock Off|[of] p1a: Rillaboom
|move|p2a: Ting-Lu|Ruination|p1a: Rillaboom
|-damage|p1a: Rillaboom|51/100
|
|-weather|Snowscape|[upkeep]
|-end|p2a: Ting-Lu|move: Future Sight
|-immune|p2a: Ting-Lu
|-heal|p1a: Rillaboom|57/100|[from] Grassy Terrain
|-heal|p2a: Ting-Lu|91/100|[from] Grassy Terrain
|upkeep
|turn|10
|
|t:|1760428935
|switch|p1a: Slowking|Slowking-Galar, M|84/100
|move|p2a: Ting-Lu|Stealth Rock|p1a: Slowking
|-sidestart|p1: anglais b|move: Stealth Rock
|
|-weather|Snowscape|[upkeep]
|-heal|p2a: Ting-Lu|97/100|[from] Grassy Terrain
|-heal|p1a: Slowking|90/100|[from] Grassy Terrain
|upkeep
|turn|11
|
|t:|1760428941
|move|p2a: Ting-Lu|Ruination|p1a: Slowking
|-damage|p1a: Slowking|45/100
|-prepare|p1a: Slowking|Chilly Reception|[premajor]
|move|p1a: Slowking|Chilly Reception|p1a: Slowking
|
|t:|1760428945
|switch|p1a: Rillaboom|Rillaboom, M|57/100|[from] Chilly Reception
|-damage|p1a: Rillaboom|44/100|[from] Stealth Rock
|
|-weather|Snowscape|[upkeep]
|-heal|p1a: Rillaboom|51/100|[from] Grassy Terrain
|-heal|p2a: Ting-Lu|100/100|[from] Grassy Terrain
|upkeep
|turn|12
|
|t:|1760428950
|switch|p2a: Corviknight|Corviknight, F, shiny|88/100 par
|-ability|p2a: Corviknight|Pressure
|move|p1a: Rillaboom|Wood Hammer|p2a: Corviknight
|-resisted|p2a: Corviknight
|-damage|p2a: Corviknight|68/100 par
|-damage|p1a: Rillaboom|34/100|[from] item: Rocky Helmet|[of] p2a: Corviknight
|-damage|p1a: Rillaboom|26/100|[from] Recoil
|
|-weather|none
|-heal|p1a: Rillaboom|32/100|[from] Grassy Terrain
|-fieldend|move: Grassy Terrain
|upkeep
|turn|13
|
|t:|1760428966
|switch|p1a: Moltres|Moltres|100/100
|switch|p2a: Dragapult|Dragapult, M|100/100
|
|upkeep
|turn|14
|
|t:|1760428972
|-terastallize|p2a: Dragapult|Dragon
|move|p2a: Dragapult|Dragon Darts|p1a: Moltres
|-damage|p1a: Moltres|67/100
|-anim|p2a: Dragapult|Dragon Darts|p1a: Moltres
|-damage|p1a: Moltres|34/100
|move|p1a: Moltres|U-turn|p2a: Dragapult
|-damage|p2a: Dragapult|80/100
|
|t:|1760428993
|switch|p1a: Dragapult|Dragapult, F|100/100|[from] U-turn
|
|upkeep
|turn|15
|
|t:|1760428999
|switch|p2a: Corviknight|Corviknight, F, shiny|68/100 par
|-ability|p2a: Corviknight|Pressure
|-terastallize|p1a: Dragapult|Fairy
|move|p1a: Dragapult|Dragon Darts|p2a: Corviknight
|-resisted|p2a: Corviknight
|-crit|p2a: Corviknight
|-damage|p2a: Corviknight|59/100 par
|-anim|p1a: Dragapult|Dragon Darts|p2a: Corviknight
|-resisted|p2a: Corviknight
|-damage|p2a: Corviknight|52/100 par
|
|upkeep
|turn|16
|
|t:|1760429004
|move|p1a: Dragapult|Hex|p2a: Corviknight
|-damage|p2a: Corviknight|5/100 par
|move|p2a: Corviknight|Roost|p2a: Corviknight
|-heal|p2a: Corviknight|55/100 par
|-singleturn|p2a: Corviknight|move: Roost
|
|upkeep
|turn|17
|
|t:|1760429008
|move|p1a: Dragapult|Hex|p2a: Corviknight
|-damage|p2a: Corviknight|9/100 par
|cant|p2a: Corviknight|par
|
|upkeep
|turn|18
|
|t:|1760429014
|move|p1a: Dragapult|Dragon Darts|p2a: Corviknight
|-resisted|p2a: Corviknight
|-damage|p2a: Corviknight|3/100 par
|-anim|p1a: Dragapult|Dragon Darts|p2a: Corviknight
|-resisted|p2a: Corviknight
|-damage|p2a: Corviknight|0 fnt
|faint|p2a: Corviknight
|
|upkeep
|
|t:|1760429022
|switch|p2a: Ting-Lu|Ting-Lu|100/100
|-ability|p2a: Ting-Lu|Vessel of Ruin
|turn|19
|
|t:|1760429024
|move|p1a: Dragapult|Will-O-Wisp|p2a: Ting-Lu|[miss]
|-miss|p1a: Dragapult|p2a: Ting-Lu
|move|p2a: Ting-Lu|Whirlwind|p1a: Dragapult
|drag|p1a: Keldeo|Keldeo|100/100
|
|upkeep
|turn|20
|
|t:|1760429031
|move|p1a: Keldeo|Surf|p2a: Ting-Lu
|-supereffective|p2a: Ting-Lu
|-damage|p2a: Ting-Lu|60/100
|move|p2a: Ting-Lu|Earthquake|p1a: Keldeo
|-damage|p1a: Keldeo|57/100
|
|upkeep
|turn|21
|
|t:|1760429037
|move|p1a: Keldeo|Surf|p2a: Ting-Lu
|-supereffective|p2a: Ting-Lu
|-damage|p2a: Ting-Lu|19/100
|move|p2a: Ting-Lu|Whirlwind|p1a: Keldeo
|drag|p1a: Dragapult|Dragapult, F, tera:Fairy|100/100
|
|upkeep
|turn|22
|
|t:|1760429043
|move|p1a: Dragapult|Dragon Darts|p2a: Ting-Lu
|-damage|p2a: Ting-Lu|8/100
|-anim|p1a: Dragapult|Dragon Darts|p2a: Ting-Lu
|-damage|p2a: Ting-Lu|0 fnt
|faint|p2a: Ting-Lu
|
|upkeep
|
|t:|1760429054
|switch|p2a: Tauros|Tauros-Paldea-Blaze, M|100/100
|-ability|p2a: Tauros|Intimidate|boost
|-unboost|p1a: Dragapult|atk|1
|turn|23
|
|t:|1760429063
|move|p2a: Tauros|Raging Bull|p1a: Dragapult
|-damage|p1a: Dragapult|40/100
|move|p1a: Dragapult|U-turn|p2a: Tauros
|-resisted|p2a: Tauros
|-damage|p2a: Tauros|97/100
|
|t:|1760429074
|switch|p1a: Slowking|Slowking-Galar, M|78/100|[from] U-turn
|
|upkeep
|turn|24
|
|t:|1760429077
|move|p2a: Tauros|Raging Bull|p1a: Slowking
|-damage|p1a: Slowking|39/100
|move|p1a: Slowking|Thunder Wave|p2a: Tauros
|-status|p2a: Tauros|par
|
|upkeep
|turn|25
|
|t:|1760429084
|switch|p2a: Dragapult|Dragapult, M, tera:Dragon|80/100
|move|p1a: Slowking|Future Sight|p2a: Dragapult
|-start|p1a: Slowking|move: Future Sight
|
|upkeep
|turn|26
|
|t:|1760429090
|switch|p1a: Rillaboom|Rillaboom, M|32/100
|-damage|p1a: Rillaboom|20/100|[from] Stealth Rock
|-fieldstart|move: Grassy Terrain|[from] ability: Grassy Surge|[of] p1a: Rillaboom
|move|p2a: Dragapult|U-turn|p1a: Rillaboom
|-supereffective|p1a: Rillaboom
|-damage|p1a: Rillaboom|0 fnt
|faint|p1a: Rillaboom
|
|t:|1760429093
|switch|p2a: Tauros|Tauros-Paldea-Blaze, M|97/100 par|[from] U-turn
|
|-heal|p2a: Tauros|100/100 par|[from] Grassy Terrain
|upkeep
|
|t:|1760429108
|switch|p1a: Keldeo|Keldeo|57/100
|turn|27
|
|t:|1760429123
|move|p1a: Keldeo|Surf|p2a: Tauros
|-supereffective|p2a: Tauros
|-damage|p2a: Tauros|0 fnt
|faint|p2a: Tauros
|
|-hint|Future Sight did not hit because the target is fainted.
|-heal|p1a: Keldeo|63/100|[from] Grassy Terrain
|upkeep
|
|t:|1760429126
|switch|p2a: Dragapult|Dragapult, M, tera:Dragon|80/100
|turn|28
|
|t:|1760429132
|move|p2a: Dragapult|Phantom Force||[still]
|-prepare|p2a: Dragapult|Phantom Force
|move|p1a: Keldeo|Aura Sphere|p2a: Dragapult|[miss]
|-miss|p1a: Keldeo|p2a: Dragapult
|
|-heal|p1a: Keldeo|69/100|[from] Grassy Terrain
|upkeep
|turn|29
|
|t:|1760429143
|move|p2a: Dragapult|Phantom Force|p1a: Keldeo|[from] lockedmove
|-damage|p1a: Keldeo|0 fnt
|faint|p1a: Keldeo
|
|-heal|p2a: Dragapult|86/100|[from] Grassy Terrain
|upkeep
|
|t:|1760429152
|switch|p1a: Dragapult|Dragapult, F, tera:Fairy|40/100
|turn|30
|
|t:|1760429154
|move|p1a: Dragapult|Dragon Darts|p2a: Dragapult
|-supereffective|p2a: Dragapult
|-damage|p2a: Dragapult|31/100
|-anim|p1a: Dragapult|Dragon Darts|p2a: Dragapult
|-supereffective|p2a: Dragapult
|-damage|p2a: Dragapult|0 fnt
|faint|p2a: Dragapult
|
|win|anglais b
|raw|anglais b's rating: 1082 &rarr; <strong>1111</strong><br />(+29 for winning)
|raw|levi6969's rating: 1097 &rarr; <strong>1071</strong><br />(-26 for losing)
|l|☆levi6969
|player|p2|
|l|☆anglais b
|player|p1|
