|j|☆zhangxunan
|j|☆Charle_phate
|t:|1760416439
|gametype|singles
|player|p1|zhangxunan|rosa|1274
|player|p2|Charle_phate|blue|1289
|gen|9
|tier|[Gen 9] OU
|rated|
|rule|HP Percentage Mod: HP is shown in percentages
|rule|Endless Battle Clause: Forcing endless battles is banned
|rule|Species Clause: Limit one of each Pokémon
|rule|OHKO Clause: OHKO moves are banned
|rule|Evasion Items Clause: Evasion items are banned
|rule|Evasion Moves Clause: Evasion moves are banned
|rule|Evasion Abilities Clause: Evasion abilities are banned
|rule|Sleep Moves Clause: Sleep-inducing moves are banned
|clearpoke
|poke|p1|Ogerpon-Wellspring, F|
|poke|p1|Kingambit, M|
|poke|p1|Landorus-Therian, M|
|poke|p1|Glimmora, F|
|poke|p1|Dragapult, M|
|poke|p1|Iron Valiant|
|poke|p2|Serperior, F|
|poke|p2|Rotom-Wash|
|poke|p2|Zapdos|
|poke|p2|Heatran, M|
|poke|p2|Clefable, M|
|poke|p2|Landorus-Therian, M|
|teampreview
|inactive|Battle timer is ON: inactive players will automatically lose when time's up. (requested by Charle_phate)
|
|t:|1760416451
|teamsize|p1|6
|teamsize|p2|6
|start
|switch|p1a: Landorus|Landorus-Therian, M, shiny|100/100
|switch|p2a: Rotom|Rotom-Wash|100/100
|-ability|p1a: Landorus|Intimidate|boost
|-unboost|p2a: Rotom|atk|1
|turn|1
|inactive|Charle_phate has 120 seconds left.
|
|t:|1760416484
|move|p1a: Landorus|U-turn|p2a: Rotom
|-damage|p2a: Rotom|81/100
|
|t:|1760416493
|switch|p1a: Ogerpon|Ogerpon-Wellspring, F|100/100|[from] U-turn
|move|p2a: Rotom|Thunder Wave|p1a: Ogerpon
|-status|p1a: Ogerpon|par
|
|-heal|p2a: Rotom|87/100|[from] item: Leftovers
|upkeep
|turn|2
|
|t:|1760416501
|switch|p2a: Serperior|Serperior, F|100/100
|cant|p1a: Ogerpon|par
|
|upkeep
|turn|3
|
|t:|1760416505
|move|p2a: Serperior|Substitute|p2a: Serperior
|-start|p2a: Serperior|Substitute
|-damage|p2a: Serperior|75/100
|move|p1a: Ogerpon|Taunt|p2a: Serperior
|-start|p2a: Serperior|move: Taunt
|
|-heal|p2a: Serperior|82/100|[from] item: Leftovers
|upkeep
|turn|4
|
|t:|1760416520
|switch|p1a: Glimmora|Glimmora, F, shiny|100/100
|move|p2a: Serperior|Leaf Storm|p1a: Glimmora
|-damage|p1a: Glimmora|41/100
|-boost|p2a: Serperior|spa|2
|
|-heal|p2a: Serperior|88/100|[from] item: Leftovers
|upkeep
|turn|5
|
|t:|1760416525
|move|p2a: Serperior|Leaf Storm|p1a: Glimmora
|-damage|p1a: Glimmora|0 fnt
|-boost|p2a: Serperior|spa|2
|faint|p1a: Glimmora
|
|-heal|p2a: Serperior|94/100|[from] item: Leftovers
|upkeep
|
|t:|1760416536
|switch|p1a: Kingambit|Kingambit, M, shiny|100/100
|-activate|p1a: Kingambit|ability: Supreme Overlord
|-start|p1a: Kingambit|fallen1|[silent]
|turn|6
|
|t:|1760416540
|move|p2a: Serperior|Leaf Storm|p1a: Kingambit
|-resisted|p1a: Kingambit
|-damage|p1a: Kingambit|27/100
|-boost|p2a: Serperior|spa|2
|move|p1a: Kingambit|Kowtow Cleave|p2a: Serperior
|-end|p2a: Serperior|Substitute
|
|-heal|p2a: Serperior|99/100|[from] item: Leftovers
|-heal|p1a: Kingambit|33/100|[from] item: Leftovers
|-end|p2a: Serperior|move: Taunt
|upkeep
|turn|7
|
|t:|1760416544
|move|p2a: Serperior|Glare|p1a: Kingambit
|-status|p1a: Kingambit|par
|cant|p1a: Kingambit|par
|
|-heal|p2a: Serperior|100/100|[from] item: Leftovers
|-heal|p1a: Kingambit|40/100 par|[from] item: Leftovers
|upkeep
|turn|8
|-message|zhangxunan forfeited.
|
|win|Charle_phate
|raw|zhangxunan's rating: 1274 &rarr; <strong>1248</strong><br />(-26 for losing)
|raw|Charle_phate's rating: 1266 &rarr; <strong>1292</strong><br />(+26 for winning)
|l|☆zhangxunan
|player|p1|
|l|☆Charle_phate
|player|p2|
