|j|☆M8420
|j|☆Melonnolem
|t:|1760444118
|gametype|singles
|player|p1|M8420|170|1557
|player|p2|Melonnolem|arven-s|1584
|gen|9
|tier|[Gen 9] OU
|rated|
|rule|HP Percentage Mod: HP is shown in percentages
|rule|Endless Battle Clause: Forcing endless battles is banned
|rule|Species Clause: Limit one of each Pokémon
|rule|OHKO Clause: OHKO moves are banned
|rule|Evasion Items Clause: Evasion items are banned
|rule|Evasion Moves Clause: Evasion moves are banned
|rule|Evasion Abilities Clause: Evasion abilities are banned
|rule|Sleep Moves Clause: Sleep-inducing moves are banned
|clearpoke
|poke|p1|Torkoal, F|
|poke|p1|Scovillain, M|
|poke|p1|Great Tusk|
|poke|p1|Hatterene, F|
|poke|p1|Raging Bolt|
|poke|p1|Alomomola, M|
|poke|p2|Enamorus, F|
|poke|p2|Ogerpon-Wellspring, F|
|poke|p2|Iron Treads|
|poke|p2|Garganacl, M|
|poke|p2|Zamazenta-*|
|poke|p2|Iron Moth|
|teampreview
|inactive|Battle timer is ON: inactive players will automatically lose when time's up. (requested by Melonnolem)
|
|t:|1760444146
|teamsize|p1|6
|teamsize|p2|6
|start
|switch|p1a: Torkoal|Torkoal, F|100/100
|switch|p2a: Ogerpon|Ogerpon-Wellspring, F|100/100
|-weather|SunnyDay|[from] ability: Drought|[of] p1a: Torkoal
|turn|1
|
|t:|1760444160
|move|p2a: Ogerpon|Knock Off|p1a: Torkoal
|-damage|p1a: Torkoal|78/100
|-enditem|p1a: Torkoal|Heat Rock|[from] move: Knock Off|[of] p2a: Ogerpon
|move|p1a: Torkoal|Stealth Rock|p2a: Ogerpon
|-sidestart|p2: Melonnolem|move: Stealth Rock
|
|-weather|SunnyDay|[upkeep]
|upkeep
|turn|2
|
|t:|1760444179
|move|p2a: Ogerpon|Swords Dance|p2a: Ogerpon
|-boost|p2a: Ogerpon|atk|2
|move|p1a: Torkoal|Lava Plume|p2a: Ogerpon
|-damage|p2a: Ogerpon|54/100
|-status|p2a: Ogerpon|brn
|
|-weather|SunnyDay|[upkeep]
|-damage|p2a: Ogerpon|48/100 brn|[from] brn
|upkeep
|turn|3
|
|t:|1760444189
|move|p2a: Ogerpon|Knock Off|p1a: Torkoal
|-damage|p1a: Torkoal|63/100
|move|p1a: Torkoal|Lava Plume|p2a: Ogerpon
|-damage|p2a: Ogerpon|2/100 brn
|
|-weather|SunnyDay|[upkeep]
|-damage|p2a: Ogerpon|0 fnt|[from] brn
|faint|p2a: Ogerpon
|upkeep
|
|t:|1760444194
|switch|p2a: Garganacl|Garganacl, M|100/100
|-damage|p2a: Garganacl|88/100|[from] Stealth Rock
|turn|4
|
|t:|1760444199
|switch|p1a: Hatterene|Hatterene, F|100/100
|move|p2a: Garganacl|Salt Cure|p1a: Hatterene
|-damage|p1a: Hatterene|88/100
|-start|p1a: Hatterene|Salt Cure
|-enditem|p1a: Hatterene|Eject Button
|
|t:|1760444207
|switch|p1a: Scovillain|Scovillain, M|100/100
|
|-weather|SunnyDay|[upkeep]
|-heal|p2a: Garganacl|94/100|[from] item: Leftovers
|upkeep
|turn|5
|
|t:|1760444217
|move|p2a: Garganacl|Protect|p2a: Garganacl
|-singleturn|p2a: Garganacl|Protect
|move|p1a: Scovillain|Solar Beam||[still]
|-prepare|p1a: Scovillain|Solar Beam
|-anim|p1a: Scovillain|Solar Beam|p2a: Garganacl
|-activate|p2a: Garganacl|move: Protect
|
|-weather|SunnyDay|[upkeep]
|-heal|p2a: Garganacl|100/100|[from] item: Leftovers
|upkeep
|turn|6
|
|t:|1760444223
|switch|p2a: Iron Moth|Iron Moth|100/100
|-damage|p2a: Iron Moth|76/100|[from] Stealth Rock
|-enditem|p2a: Iron Moth|Booster Energy
|-activate|p2a: Iron Moth|ability: Quark Drive|[fromitem]
|-start|p2a: Iron Moth|quarkdrivespa
|move|p1a: Scovillain|Solar Beam||[still]
|-prepare|p1a: Scovillain|Solar Beam
|-anim|p1a: Scovillain|Solar Beam|p2a: Iron Moth
|-resisted|p2a: Iron Moth
|-damage|p2a: Iron Moth|57/100
|-damage|p1a: Scovillain|91/100|[from] item: Life Orb
|
|-weather|SunnyDay|[upkeep]
|upkeep
|turn|7
|
|t:|1760444235
|move|p1a: Scovillain|Stomping Tantrum|p2a: Iron Moth
|-supereffective|p2a: Iron Moth
|-damage|p2a: Iron Moth|0 fnt
|faint|p2a: Iron Moth
|-end|p2a: Iron Moth|Quark Drive|[silent]
|-damage|p1a: Scovillain|81/100|[from] item: Life Orb
|
|-weather|SunnyDay|[upkeep]
|upkeep
|-message|Melonnolem forfeited.
|
|win|M8420
|raw|M8420's rating: 1557 &rarr; <strong>1579</strong><br />(+22 for winning)
|raw|Melonnolem's rating: 1584 &rarr; <strong>1562</strong><br />(-22 for losing)
|l|☆Melonnolem
|player|p2|
|l|☆M8420
|player|p1|
