|j|☆dadmon2
|j|☆how are you hello
|t:|1760361302
|gametype|singles
|player|p1|dadmon2|266|1243
|player|p2|how are you hello|1|1233
|gen|9
|tier|[Gen 9] OU
|rated|
|rule|HP Percentage Mod: HP is shown in percentages
|rule|Endless Battle Clause: Forcing endless battles is banned
|rule|Species Clause: Limit one of each Pokémon
|rule|OHKO Clause: OHKO moves are banned
|rule|Evasion Items Clause: Evasion items are banned
|rule|Evasion Moves Clause: Evasion moves are banned
|rule|Evasion Abilities Clause: Evasion abilities are banned
|rule|Sleep Moves Clause: Sleep-inducing moves are banned
|clearpoke
|poke|p1|Blaziken, M|
|poke|p1|Dragapult, F|
|poke|p1|Comfey, M|
|poke|p1|Glimmora, F|
|poke|p1|Kingambit, M|
|poke|p1|Ogerpon-Wellspring, F|
|poke|p2|Staraptor, F|
|poke|p2|Hawlucha, M|
|poke|p2|Munkidori, M|
|poke|p2|Iron Treads|
|poke|p2|Dragapult, F|
|poke|p2|Azumarill, M|
|teampreview
|inactive|Battle timer is ON: inactive players will automatically lose when time's up. (requested by dadmon2)
|
|t:|1760361319
|teamsize|p1|6
|teamsize|p2|6
|start
|switch|p1a: Glimmora|Glimmora, F|100/100
|switch|p2a: Hawlucha|Hawlucha, M|100/100
|turn|1
|
|t:|1760361328
|switch|p2a: Iron Treads|Iron Treads|100/100
|-enditem|p2a: Iron Treads|Booster Energy
|-activate|p2a: Iron Treads|ability: Quark Drive|[fromitem]
|-start|p2a: Iron Treads|quarkdriveatk
|move|p1a: Glimmora|Power Gem|p2a: Iron Treads
|-resisted|p2a: Iron Treads
|-damage|p2a: Iron Treads|87/100
|
|upkeep
|turn|2
|
|t:|1760361341
|-terastallize|p1a: Glimmora|Flying
|move|p2a: Iron Treads|Earthquake|p1a: Glimmora
|-immune|p1a: Glimmora
|move|p1a: Glimmora|Stealth Rock|p2a: Iron Treads
|-sidestart|p2: how are you hello|move: Stealth Rock
|
|upkeep
|turn|3
|
|t:|1760361349
|switch|p1a: Dragapult|Dragapult, F|100/100
|move|p2a: Iron Treads|Iron Head|p1a: Dragapult
|-damage|p1a: Dragapult|19/100
|
|upkeep
|turn|4
|
|t:|1760361357
|move|p1a: Dragapult|Flamethrower|p2a: Iron Treads
|-supereffective|p2a: Iron Treads
|-damage|p2a: Iron Treads|0 fnt
|faint|p2a: Iron Treads
|-end|p2a: Iron Treads|Quark Drive|[silent]
|-damage|p1a: Dragapult|9/100|[from] item: Life Orb
|
|upkeep
|
|t:|1760361385
|switch|p2a: Azumarill|Azumarill, M|100/100
|-damage|p2a: Azumarill|88/100|[from] Stealth Rock
|turn|5
|
|t:|1760361395
|move|p2a: Azumarill|Aqua Jet|p1a: Dragapult
|-resisted|p1a: Dragapult
|-damage|p1a: Dragapult|0 fnt
|faint|p1a: Dragapult
|
|upkeep
|
|t:|1760361408
|switch|p1a: Comfey|Comfey, M|100/100
|turn|6
|
|t:|1760361412
|move|p2a: Azumarill|Aqua Jet|p1a: Comfey
|-damage|p1a: Comfey|49/100
|move|p1a: Comfey|Calm Mind|p1a: Comfey
|-boost|p1a: Comfey|spa|1
|-boost|p1a: Comfey|spd|1
|
|upkeep
|turn|7
|
|t:|1760361418
|move|p1a: Comfey|Giga Drain|p2a: Azumarill
|-supereffective|p2a: Azumarill
|-damage|p2a: Azumarill|7/100
|-heal|p1a: Comfey|100/100|[from] drain|[of] p2a: Azumarill
|-damage|p1a: Comfey|91/100|[from] item: Life Orb
|move|p2a: Azumarill|Aqua Jet|p1a: Comfey
|-damage|p1a: Comfey|38/100
|
|upkeep
|turn|8
|
|t:|1760361427
|move|p1a: Comfey|Giga Drain|p2a: Azumarill
|-supereffective|p2a: Azumarill
|-damage|p2a: Azumarill|0 fnt
|-heal|p1a: Comfey|43/100|[from] drain|[of] p2a: Azumarill
|faint|p2a: Azumarill
|-damage|p1a: Comfey|33/100|[from] item: Life Orb
|
|upkeep
|
|t:|1760361444
|switch|p2a: Munkidori|Munkidori, M|100/100
|-damage|p2a: Munkidori|88/100|[from] Stealth Rock
|turn|9
|
|t:|1760361452
|move|p2a: Munkidori|Sludge Wave|p1a: Comfey
|-supereffective|p1a: Comfey
|-damage|p1a: Comfey|0 fnt
|faint|p1a: Comfey
|
|upkeep
|
|t:|1760361458
|switch|p1a: Glimmora|Glimmora, F, tera:Flying|100/100
|turn|10
|
|t:|1760361466
|move|p2a: Munkidori|Sludge Wave|p1a: Glimmora
|-damage|p1a: Glimmora|46/100
|-enditem|p1a: Glimmora|Red Card|[of] p2a: Munkidori
|drag|p2a: Staraptor|Staraptor, F|100/100
|-damage|p2a: Staraptor|76/100|[from] Stealth Rock
|-ability|p2a: Staraptor|Intimidate|boost
|-unboost|p1a: Glimmora|atk|1
|move|p1a: Glimmora|Earth Power|p2a: Staraptor
|-immune|p2a: Staraptor
|
|upkeep
|turn|11
|
|t:|1760361483
|move|p2a: Staraptor|Final Gambit|p1a: Glimmora
|-damage|p1a: Glimmora|0 fnt
|faint|p2a: Staraptor
|faint|p1a: Glimmora
|
|upkeep
|
|t:|1760361512
|switch|p2a: Munkidori|Munkidori, M|88/100
|switch|p1a: Blaziken|Blaziken, M|100/100
|-damage|p2a: Munkidori|76/100|[from] Stealth Rock
|turn|12
|
|t:|1760361522
|move|p1a: Blaziken|Protect|p1a: Blaziken
|-singleturn|p1a: Blaziken|Protect
|move|p2a: Munkidori|Psychic|p1a: Blaziken
|-activate|p1a: Blaziken|move: Protect
|
|-ability|p1a: Blaziken|Speed Boost|boost
|-boost|p1a: Blaziken|spe|1
|upkeep
|turn|13
|
|t:|1760361529
|move|p2a: Munkidori|Psychic|p1a: Blaziken
|-supereffective|p1a: Blaziken
|-damage|p1a: Blaziken|0 fnt
|faint|p1a: Blaziken
|
|upkeep
|
|t:|1760361535
|switch|p1a: Kingambit|Kingambit, M|100/100
|-activate|p1a: Kingambit|ability: Supreme Overlord
|-start|p1a: Kingambit|fallen4|[silent]
|turn|14
|
|t:|1760361544
|switch|p2a: Hawlucha|Hawlucha, M|100/100
|-damage|p2a: Hawlucha|88/100|[from] Stealth Rock
|move|p1a: Kingambit|Kowtow Cleave|p2a: Hawlucha
|-resisted|p2a: Hawlucha
|-damage|p2a: Hawlucha|14/100
|
|upkeep
|turn|15
|
|t:|1760361552
|-end|p1a: Kingambit|fallen4|[silent]
|switch|p1a: Ogerpon|Ogerpon-Wellspring, F|100/100
|move|p2a: Hawlucha|Drain Punch|p1a: Ogerpon
|-damage|p1a: Ogerpon|52/100
|-heal|p2a: Hawlucha|38/100|[from] drain|[of] p1a: Ogerpon
|
|upkeep
|turn|16
|
|t:|1760361567
|move|p1a: Ogerpon|Ivy Cudgel|p2a: Hawlucha|[anim] Ivy Cudgel Water
|-damage|p2a: Hawlucha|0 fnt
|faint|p2a: Hawlucha
|
|upkeep
|
|t:|1760361573
|switch|p2a: Munkidori|Munkidori, M|76/100
|-damage|p2a: Munkidori|64/100|[from] Stealth Rock
|turn|17
|
|t:|1760361591
|move|p2a: Munkidori|Parting Shot|p1a: Ogerpon
|-unboost|p1a: Ogerpon|atk|1
|-unboost|p1a: Ogerpon|spa|1
|
|t:|1760361596
|switch|p2a: Dragapult|Dragapult, F|100/100|[from] Parting Shot
|-damage|p2a: Dragapult|88/100|[from] Stealth Rock
|move|p1a: Ogerpon|Ivy Cudgel|p2a: Dragapult|[anim] Ivy Cudgel Water
|-resisted|p2a: Dragapult
|-damage|p2a: Dragapult|61/100
|
|upkeep
|turn|18
|
|t:|1760361625
|move|p2a: Dragapult|Dragon Darts|p1a: Ogerpon
|-damage|p1a: Ogerpon|4/100
|-anim|p2a: Dragapult|Dragon Darts|p1a: Ogerpon
|-damage|p1a: Ogerpon|0 fnt
|faint|p1a: Ogerpon
|
|upkeep
|
|t:|1760361628
|switch|p1a: Kingambit|Kingambit, M|100/100
|-activate|p1a: Kingambit|ability: Supreme Overlord
|-start|p1a: Kingambit|fallen5|[silent]
|turn|19
|
|t:|1760361635
|switch|p2a: Munkidori|Munkidori, M|64/100
|-damage|p2a: Munkidori|51/100|[from] Stealth Rock
|move|p1a: Kingambit|Sucker Punch||[still]
|-fail|p1a: Kingambit
|
|upkeep
|turn|20
|
|t:|1760361641
|move|p1a: Kingambit|Sucker Punch||[still]
|-fail|p1a: Kingambit
|move|p2a: Munkidori|Parting Shot|p1a: Kingambit
|-unboost|p1a: Kingambit|atk|1
|-unboost|p1a: Kingambit|spa|1
|
|t:|1760361647
|switch|p2a: Dragapult|Dragapult, F|61/100|[from] Parting Shot
|-damage|p2a: Dragapult|49/100|[from] Stealth Rock
|
|upkeep
|turn|21
|
|t:|1760361658
|move|p1a: Kingambit|Sucker Punch|p2a: Dragapult
|-supereffective|p2a: Dragapult
|-damage|p2a: Dragapult|0 fnt
|faint|p2a: Dragapult
|
|upkeep
|
|t:|1760361663
|switch|p2a: Munkidori|Munkidori, M|51/100
|-damage|p2a: Munkidori|39/100|[from] Stealth Rock
|turn|22
|
|t:|1760361667
|move|p1a: Kingambit|Sucker Punch|p2a: Munkidori
|-supereffective|p2a: Munkidori
|-damage|p2a: Munkidori|0 fnt
|faint|p2a: Munkidori
|
|win|dadmon2
|raw|dadmon2's rating: 1243 &rarr; <strong>1267</strong><br />(+24 for winning)
|raw|how are you hello's rating: 1233 &rarr; <strong>1209</strong><br />(-24 for losing)
|l|☆how are you hello
|player|p2|
|l|☆dadmon2
|player|p1|
