|badge|p1|bronze|gen9ubers|100-7
|uhtml|medal-msg|<div class="broadcast-blue">Curious what those medals under the avatar are? PS now has Ladder Seasons! For more information, check out the <a href="https://www.smogon.com/forums/threads/3740067/">thread on Smogon.</a></div>
|j|☆Nikator98
|j|☆NilsBoy
|t:|1760372705
|gametype|singles
|player|p1|Nikator98|giovanni|1637
|player|p2|NilsBoy|170|1688
|gen|9
|tier|[Gen 9] OU
|rated|
|rule|HP Percentage Mod: HP is shown in percentages
|rule|Endless Battle Clause: Forcing endless battles is banned
|rule|Species Clause: Limit one of each Pokémon
|rule|OHKO Clause: OHKO moves are banned
|rule|Evasion Items Clause: Evasion items are banned
|rule|Evasion Moves Clause: Evasion moves are banned
|rule|Evasion Abilities Clause: Evasion abilities are banned
|rule|Sleep Moves Clause: Sleep-inducing moves are banned
|clearpoke
|poke|p1|Metagross|
|poke|p1|Great Tusk|
|poke|p1|Haxorus, M|
|poke|p1|Iron Moth|
|poke|p1|Zoroark-Hisui, M|
|poke|p1|Ninetales-Alola, F|
|poke|p2|Ting-Lu|
|poke|p2|Slowking-Galar, M|
|poke|p2|Corviknight, M|
|poke|p2|Cinderace, M|
|poke|p2|Ogerpon-Wellspring, F|
|poke|p2|Raging Bolt|
|teampreview
|inactive|Battle timer is ON: inactive players will automatically lose when time's up. (requested by NilsBoy)
|
|t:|1760372714
|teamsize|p1|6
|teamsize|p2|6
|start
|switch|p1a: Arquillian Sentry|Metagross|100/100
|switch|p2a: Cinderace|Cinderace, M|100/100
|turn|1
|
|t:|1760372719
|move|p2a: Cinderace|U-turn|p1a: Arquillian Sentry
|-start|p2a: Cinderace|typechange|Bug|[from] ability: Libero
|-damage|p1a: Arquillian Sentry|72/100
|
|t:|1760372722
|switch|p2a: Corviknight|Corviknight, M|100/100|[from] U-turn
|-ability|p2a: Corviknight|Pressure
|move|p1a: Arquillian Sentry|Stealth Rock|p2a: Corviknight
|-sidestart|p2: NilsBoy|move: Stealth Rock
|
|upkeep
|turn|2
|
|t:|1760372730
|switch|p1a: Arquillian Sentry|Metagross|100/100
|move|p2a: Corviknight|Defog|p1a: Arquillian Sentry
|-unboost|p1a: Arquillian Sentry|evasion|1
|-sideend|p2: NilsBoy|Stealth Rock|[from] move: Defog|[of] p2a: Corviknight
|
|upkeep
|turn|3
|
|t:|1760372736
|switch|p2a: Ting-Lu|Ting-Lu|100/100
|-ability|p2a: Ting-Lu|Vessel of Ruin
|move|p1a: Arquillian Sentry|Trick|p2a: Ting-Lu
|-activate|p1a: Arquillian Sentry|move: Trick|[of] p2a: Ting-Lu
|-item|p2a: Ting-Lu|Choice Specs|[from] move: Trick
|-item|p1a: Arquillian Sentry|Leftovers|[from] move: Trick
|
|upkeep
|turn|4
|
|t:|1760372745
|switch|p1a: Kumaryia|Great Tusk, shiny|100/100
|move|p2a: Ting-Lu|Earthquake|p1a: Kumaryia
|-damage|p1a: Kumaryia|72/100
|
|upkeep
|turn|5
|
|t:|1760372755
|switch|p2a: Corviknight|Corviknight, M|100/100
|-ability|p2a: Corviknight|Pressure
|move|p1a: Kumaryia|Knock Off|p2a: Corviknight
|-damage|p2a: Corviknight|80/100
|-damage|p1a: Kumaryia|56/100|[from] item: Rocky Helmet|[of] p2a: Corviknight
|-enditem|p2a: Corviknight|Rocky Helmet|[from] move: Knock Off|[of] p1a: Kumaryia
|
|upkeep
|turn|6
|
|t:|1760372765
|-end|p1a: Kumaryia|Protosynthesis|[silent]
|switch|p1a: Arquillian Sentry|Metagross|100/100
|move|p2a: Corviknight|U-turn|p1a: Arquillian Sentry
|-resisted|p1a: Arquillian Sentry
|-damage|p1a: Arquillian Sentry|87/100
|replace|p1a: Van Helsing|Zoroark-Hisui, M, shiny
|-end|p1a: Van Helsing|Illusion
|
|t:|1760372772
|switch|p2a: Ting-Lu|Ting-Lu|100/100|[from] U-turn
|-ability|p2a: Ting-Lu|Vessel of Ruin
|
|-heal|p1a: Van Helsing|93/100|[from] item: Leftovers
|upkeep
|turn|7
|
|t:|1760372779
|move|p1a: Van Helsing|Bitter Malice|p2a: Ting-Lu
|-resisted|p2a: Ting-Lu
|-damage|p2a: Ting-Lu|93/100
|-unboost|p2a: Ting-Lu|atk|1
|move|p2a: Ting-Lu|Earthquake|p1a: Van Helsing
|-damage|p1a: Van Helsing|44/100
|
|-heal|p1a: Van Helsing|50/100|[from] item: Leftovers
|upkeep
|turn|8
|
|t:|1760372792
|move|p1a: Van Helsing|Bitter Malice|p2a: Ting-Lu
|-resisted|p2a: Ting-Lu
|-damage|p2a: Ting-Lu|85/100
|-unboost|p2a: Ting-Lu|atk|1
|move|p2a: Ting-Lu|Earthquake|p1a: Van Helsing
|-damage|p1a: Van Helsing|10/100
|
|-heal|p1a: Van Helsing|16/100|[from] item: Leftovers
|upkeep
|turn|9
|
|t:|1760372814
|switch|p1a: Asfaloth|Ninetales-Alola, F, shiny|100/100
|-weather|Snowscape|[from] ability: Snow Warning|[of] p1a: Asfaloth
|move|p2a: Ting-Lu|Earthquake|p1a: Asfaloth
|-damage|p1a: Asfaloth|86/100
|
|-weather|Snowscape|[upkeep]
|upkeep
|turn|10
|
|t:|1760372830
|switch|p2a: Cinderace|Cinderace, M|100/100
|move|p1a: Asfaloth|Aurora Veil|p1a: Asfaloth
|-sidestart|p1: Nikator98|move: Aurora Veil
|
|-weather|Snowscape|[upkeep]
|upkeep
|turn|11
|
|t:|1760372836
|move|p2a: Cinderace|Court Change|p2a: Cinderace
|-start|p2a: Cinderace|typechange|Normal|[from] ability: Libero
|-swapsideconditions
|-activate|p2a: Cinderace|move: Court Change
|move|p1a: Asfaloth|Encore|p2a: Cinderace
|-start|p2a: Cinderace|Encore
|
|-weather|Snowscape|[upkeep]
|upkeep
|turn|12
|
|t:|1760372843
|switch|p2a: Slowking|Slowking-Galar, M|100/100
|move|p1a: Asfaloth|Aurora Veil|p1a: Asfaloth
|-sidestart|p1: Nikator98|move: Aurora Veil
|
|-weather|Snowscape|[upkeep]
|upkeep
|turn|13
|
|t:|1760372848
|switch|p1a: Arquillian Sentry|Metagross|72/100
|-prepare|p2a: Slowking|Chilly Reception|[premajor]
|move|p2a: Slowking|Chilly Reception|p2a: Slowking
|
|t:|1760372853
|switch|p2a: Corviknight|Corviknight, M|80/100|[from] Chilly Reception
|-ability|p2a: Corviknight|Pressure
|
|-weather|none
|upkeep
|turn|14
|
|t:|1760372861
|switch|p1a: Asfaloth|Ninetales-Alola, F, shiny|16/100
|move|p2a: Corviknight|Body Press|p1a: Asfaloth
|-immune|p1a: Asfaloth
|
|-heal|p1a: Asfaloth|22/100|[from] item: Leftovers
|upkeep
|turn|15
|
|t:|1760372868
|switch|p2a: Ting-Lu|Ting-Lu|85/100
|-ability|p2a: Ting-Lu|Vessel of Ruin
|move|p1a: Asfaloth|Bitter Malice|p2a: Ting-Lu
|-resisted|p2a: Ting-Lu
|-damage|p2a: Ting-Lu|81/100
|-unboost|p2a: Ting-Lu|atk|1
|
|-heal|p1a: Asfaloth|28/100|[from] item: Leftovers
|upkeep
|turn|16
|
|t:|1760372879
|move|p1a: Asfaloth|Bitter Malice|p2a: Ting-Lu
|-resisted|p2a: Ting-Lu
|-damage|p2a: Ting-Lu|77/100
|-unboost|p2a: Ting-Lu|atk|1
|move|p2a: Ting-Lu|Earthquake|p1a: Asfaloth
|-damage|p1a: Asfaloth|8/100
|replace|p1a: Van Helsing|Zoroark-Hisui, M, shiny
|-end|p1a: Van Helsing|Illusion
|
|-heal|p1a: Van Helsing|14/100|[from] item: Leftovers
|upkeep
|turn|17
|
|t:|1760372892
|move|p1a: Van Helsing|Bitter Malice|p2a: Ting-Lu
|-resisted|p2a: Ting-Lu
|-damage|p2a: Ting-Lu|73/100
|-unboost|p2a: Ting-Lu|atk|1
|move|p2a: Ting-Lu|Earthquake|p1a: Van Helsing
|-damage|p1a: Van Helsing|0 fnt
|faint|p1a: Van Helsing
|
|-sideend|p2: NilsBoy|move: Aurora Veil
|upkeep
|
|t:|1760372903
|switch|p1a: Lacelle|Haxorus, M|100/100
|-ability|p1a: Lacelle|Mold Breaker
|turn|18
|
|t:|1760372908
|switch|p2a: Corviknight|Corviknight, M|80/100
|-ability|p2a: Corviknight|Pressure
|move|p1a: Lacelle|Swords Dance|p1a: Lacelle
|-boost|p1a: Lacelle|atk|2
|
|upkeep
|turn|19
|
|t:|1760372915
|move|p1a: Lacelle|Close Combat|p2a: Corviknight
|-damage|p2a: Corviknight|24/100
|-unboost|p1a: Lacelle|def|1
|-unboost|p1a: Lacelle|spd|1
|move|p2a: Corviknight|Body Press|p1a: Lacelle
|-damage|p1a: Lacelle|73/100
|
|-sideend|p1: Nikator98|move: Aurora Veil
|upkeep
|turn|20
|
|t:|1760372925
|move|p1a: Lacelle|Scale Shot|p2a: Corviknight
|-resisted|p2a: Corviknight
|-damage|p2a: Corviknight|15/100
|-resisted|p2a: Corviknight
|-damage|p2a: Corviknight|6/100
|-resisted|p2a: Corviknight
|-damage|p2a: Corviknight|0 fnt
|faint|p2a: Corviknight
|-hitcount|p2: Corviknight|3
|-unboost|p1a: Lacelle|def|1
|-boost|p1a: Lacelle|spe|1
|
|upkeep
|
|t:|1760372930
|switch|p2a: Cinderace|Cinderace, M|100/100
|turn|21
|
|t:|1760372947
|move|p2a: Cinderace|Sucker Punch|p1a: Lacelle
|-start|p2a: Cinderace|typechange|Dark|[from] ability: Libero
|-damage|p1a: Lacelle|0 fnt
|faint|p1a: Lacelle
|
|upkeep
|
|t:|1760372958
|switch|p1a: Kumaryia|Great Tusk, shiny|56/100
|turn|22
|
|t:|1760372965
|move|p2a: Cinderace|U-turn|p1a: Kumaryia
|-resisted|p1a: Kumaryia
|-damage|p1a: Kumaryia|48/100
|
|t:|1760372972
|switch|p2a: Slowking|Slowking-Galar, M|100/100|[from] U-turn
|move|p1a: Kumaryia|Headlong Rush|p2a: Slowking
|-supereffective|p2a: Slowking
|-damage|p2a: Slowking|6/100
|-unboost|p1a: Kumaryia|def|1
|-unboost|p1a: Kumaryia|spd|1
|
|upkeep
|turn|23
|
|t:|1760372980
|move|p1a: Kumaryia|Ice Spinner|p2a: Slowking
|-damage|p2a: Slowking|0 fnt
|faint|p2a: Slowking
|
|upkeep
|
|t:|1760372984
|switch|p2a: Ogerpon|Ogerpon-Wellspring, F|100/100
|turn|24
|
|t:|1760372988
|-end|p1a: Kumaryia|Protosynthesis|[silent]
|switch|p1a: Arquillian Sentry|Metagross|72/100
|move|p2a: Ogerpon|Ivy Cudgel|p1a: Arquillian Sentry|[anim] Ivy Cudgel Water
|-damage|p1a: Arquillian Sentry|22/100
|
|upkeep
|turn|25
|-enditem|p1a: Arquillian Sentry|Custap Berry|[eat]
|-activate|p1a: Arquillian Sentry|item: Custap Berry|[consumed]
|
|t:|1760372995
|move|p1a: Arquillian Sentry|Explosion|p2a: Ogerpon
|-damage|p2a: Ogerpon|0 fnt
|faint|p1a: Arquillian Sentry
|faint|p2a: Ogerpon
|
|upkeep
|
|t:|1760373006
|switch|p2a: Cinderace|Cinderace, M|100/100
|switch|p1a: Kumaryia|Great Tusk, shiny|48/100
|turn|26
|
|t:|1760373012
|move|p2a: Cinderace|Pyro Ball|p1a: Kumaryia
|-damage|p1a: Kumaryia|9/100
|move|p1a: Kumaryia|Headlong Rush|p2a: Cinderace
|-supereffective|p2a: Cinderace
|-damage|p2a: Cinderace|0 fnt
|-unboost|p1a: Kumaryia|def|1
|-unboost|p1a: Kumaryia|spd|1
|faint|p2a: Cinderace
|
|upkeep
|
|t:|1760373016
|switch|p2a: Ting-Lu|Ting-Lu|73/100
|-ability|p2a: Ting-Lu|Vessel of Ruin
|turn|27
|
|t:|1760373024
|-end|p1a: Kumaryia|Protosynthesis|[silent]
|switch|p1a: Asfaloth|Ninetales-Alola, F, shiny|86/100
|-weather|Snowscape|[from] ability: Snow Warning|[of] p1a: Asfaloth
|move|p2a: Ting-Lu|Earthquake|p1a: Asfaloth
|-damage|p1a: Asfaloth|50/100
|
|-weather|Snowscape|[upkeep]
|upkeep
|turn|28
|
|t:|1760373031
|move|p1a: Asfaloth|Aurora Veil|p1a: Asfaloth
|-sidestart|p1: Nikator98|move: Aurora Veil
|move|p2a: Ting-Lu|Earthquake|p1a: Asfaloth
|-damage|p1a: Asfaloth|34/100
|
|-weather|Snowscape|[upkeep]
|upkeep
|turn|29
|
|t:|1760373036
|move|p1a: Asfaloth|Moonblast|p2a: Ting-Lu
|-supereffective|p2a: Ting-Lu
|-damage|p2a: Ting-Lu|46/100
|move|p2a: Ting-Lu|Earthquake|p1a: Asfaloth
|-damage|p1a: Asfaloth|17/100
|
|-weather|Snowscape|[upkeep]
|upkeep
|turn|30
|
|t:|1760373043
|move|p1a: Asfaloth|Moonblast|p2a: Ting-Lu
|-supereffective|p2a: Ting-Lu
|-damage|p2a: Ting-Lu|21/100
|-unboost|p2a: Ting-Lu|spa|1
|move|p2a: Ting-Lu|Earthquake|p1a: Asfaloth
|-damage|p1a: Asfaloth|0 fnt
|faint|p1a: Asfaloth
|
|-weather|Snowscape|[upkeep]
|upkeep
|
|t:|1760373051
|switch|p1a: Kumaryia|Great Tusk, shiny|9/100
|turn|31
|
|t:|1760373057
|move|p1a: Kumaryia|Ice Spinner|p2a: Ting-Lu
|-supereffective|p2a: Ting-Lu
|-damage|p2a: Ting-Lu|0 fnt
|faint|p2a: Ting-Lu
|
|-weather|none
|upkeep
|
|t:|1760373059
|switch|p2a: Raging Bolt|Raging Bolt|100/100
|turn|32
|
|t:|1760373064
|-terastallize|p2a: Raging Bolt|Fairy
|move|p1a: Kumaryia|Headlong Rush|p2a: Raging Bolt
|-damage|p2a: Raging Bolt|43/100
|-unboost|p1a: Kumaryia|def|1
|-unboost|p1a: Kumaryia|spd|1
|move|p2a: Raging Bolt|Draco Meteor|p1a: Kumaryia
|-damage|p1a: Kumaryia|0 fnt
|-unboost|p2a: Raging Bolt|spa|2
|faint|p1a: Kumaryia
|-end|p1a: Kumaryia|Protosynthesis|[silent]
|
|upkeep
|
|t:|1760373075
|switch|p1a: Gothmog|Iron Moth|100/100
|-enditem|p1a: Gothmog|Booster Energy
|-activate|p1a: Gothmog|ability: Quark Drive|[fromitem]
|-start|p1a: Gothmog|quarkdrivespe
|turn|33
|
|t:|1760373079
|move|p1a: Gothmog|Sludge Wave|p2a: Raging Bolt
|-supereffective|p2a: Raging Bolt
|-damage|p2a: Raging Bolt|0 fnt
|faint|p2a: Raging Bolt
|-end|p2a: Raging Bolt|Protosynthesis|[silent]
|
|win|Nikator98
|raw|Nikator98's rating: 1637 &rarr; <strong>1660</strong><br />(+23 for winning)
|raw|NilsBoy's rating: 1688 &rarr; <strong>1665</strong><br />(-23 for losing)
|l|☆NilsBoy
|player|p2|
|l|☆Nikator98
|player|p1|
