|j|☆bjls
|j|☆PhilipMyGasTank
|t:|1760419780
|gametype|singles
|player|p1|bjls|n|1284
|player|p2|PhilipMyGasTank|brock|1328
|gen|9
|tier|[Gen 9] OU
|rated|
|rule|HP Percentage Mod: HP is shown in percentages
|rule|Endless Battle Clause: Forcing endless battles is banned
|rule|Species Clause: Limit one of each Pokémon
|rule|OHKO Clause: OHKO moves are banned
|rule|Evasion Items Clause: Evasion items are banned
|rule|Evasion Moves Clause: Evasion moves are banned
|rule|Evasion Abilities Clause: Evasion abilities are banned
|rule|Sleep Moves Clause: Sleep-inducing moves are banned
|clearpoke
|poke|p1|Indeedee, M|
|poke|p1|Pelipper, M|
|poke|p1|Barraskewda, M|
|poke|p1|Scizor, M|
|poke|p1|Iron Treads|
|poke|p1|Zapdos|
|poke|p2|Pelipper, M|
|poke|p2|Raging Bolt|
|poke|p2|Kingdra, M|
|poke|p2|Tornadus, M|
|poke|p2|Iron Treads|
|poke|p2|Barraskewda, F|
|teampreview
|inactive|Battle timer is ON: inactive players will automatically lose when time's up. (requested by bjls)
|
|t:|1760419796
|teamsize|p1|6
|teamsize|p2|6
|start
|switch|p1a: 爱管侍他能干什么|Indeedee, M|100/100
|switch|p2a: Tornadus|Tornadus, M|100/100
|-fieldstart|move: Psychic Terrain|[from] ability: Psychic Surge|[of] p1a: 爱管侍他能干什么
|turn|1
|
|t:|1760419807
|move|p1a: 爱管侍他能干什么|Expanding Force|p2a: Tornadus
|-damage|p2a: Tornadus|0 fnt
|faint|p2a: Tornadus
|
|upkeep
|
|t:|1760419822
|switch|p2a: Iron Treads|Iron Treads|100/100
|turn|2
|
|t:|1760419828
|move|p1a: 爱管侍他能干什么|Expanding Force|p2a: Iron Treads
|-resisted|p2a: Iron Treads
|-damage|p2a: Iron Treads|43/100
|move|p2a: Iron Treads|Stealth Rock|p1a: 爱管侍他能干什么
|-sidestart|p1: bjls|move: Stealth Rock
|
|-heal|p2a: Iron Treads|50/100|[from] item: Leftovers
|upkeep
|turn|3
|
|t:|1760419835
|move|p1a: 爱管侍他能干什么|Expanding Force|p2a: Iron Treads
|-resisted|p2a: Iron Treads
|-damage|p2a: Iron Treads|0 fnt
|faint|p2a: Iron Treads
|-end|p2a: Iron Treads|Quark Drive|[silent]
|
|upkeep
|
|t:|1760419837
|switch|p2a: Pelipper|Pelipper, M|100/100
|-weather|RainDance|[from] ability: Drizzle|[of] p2a: Pelipper
|turn|4
|
|t:|1760419841
|move|p1a: 爱管侍他能干什么|Expanding Force|p2a: Pelipper
|-damage|p2a: Pelipper|0 fnt
|faint|p2a: Pelipper
|
|-weather|RainDance|[upkeep]
|upkeep
|
|t:|1760419854
|switch|p2a: Kingdra|Kingdra, M|100/100
|turn|5
|
|t:|1760419864
|switch|p1a: 大卫·戴|Pelipper, M|100/100
|-damage|p1a: 大卫·戴|75/100|[from] Stealth Rock
|-terastallize|p2a: Kingdra|Steel
|move|p2a: Kingdra|Weather Ball|p1a: 大卫·戴
|-resisted|p1a: 大卫·戴
|-damage|p1a: 大卫·戴|25/100
|
|-weather|RainDance|[upkeep]
|-fieldend|move: Psychic Terrain
|upkeep
|turn|6
|
|t:|1760419874
|move|p2a: Kingdra|Focus Energy|p2a: Kingdra
|-start|p2a: Kingdra|move: Focus Energy
|move|p1a: 大卫·戴|U-turn|p2a: Kingdra
|-resisted|p2a: Kingdra
|-damage|p2a: Kingdra|95/100
|
|t:|1760419879
|switch|p1a: 这只是一条无辜的鱼|Barraskewda, M|100/100|[from] U-turn
|-damage|p1a: 这只是一条无辜的鱼|88/100|[from] Stealth Rock
|
|-weather|RainDance|[upkeep]
|upkeep
|turn|7
|
|t:|1760419883
|move|p1a: 这只是一条无辜的鱼|Close Combat|p2a: Kingdra
|-supereffective|p2a: Kingdra
|-damage|p2a: Kingdra|0 fnt
|-unboost|p1a: 这只是一条无辜的鱼|def|1
|-unboost|p1a: 这只是一条无辜的鱼|spd|1
|faint|p2a: Kingdra
|
|-weather|RainDance|[upkeep]
|upkeep
|
|t:|1760419889
|switch|p2a: Barraskewda|Barraskewda, F|100/100
|turn|8
|
|t:|1760419893
|switch|p1a: 大卫·戴|Pelipper, M|25/100
|-damage|p1a: 大卫·戴|0 fnt|[from] Stealth Rock
|faint|p1a: 大卫·戴
|move|p2a: Barraskewda|Liquidation|p1: 大卫·戴|[notarget]
|-fail|p2a: Barraskewda
|
|-weather|RainDance|[upkeep]
|upkeep
|
|t:|1760419901
|switch|p1a: 恐怖电鸟😱|Zapdos|100/100
|-damage|p1a: 恐怖电鸟😱|76/100|[from] Stealth Rock
|turn|9
|
|t:|1760419910
|-terastallize|p1a: 恐怖电鸟😱|Grass
|move|p2a: Barraskewda|Liquidation|p1a: 恐怖电鸟😱
|-resisted|p1a: 恐怖电鸟😱
|-damage|p1a: 恐怖电鸟😱|20/100
|move|p1a: 恐怖电鸟😱|Volt Switch|p2a: Barraskewda
|-supereffective|p2a: Barraskewda
|-damage|p2a: Barraskewda|0 fnt
|faint|p2a: Barraskewda
|
|t:|1760419917
|switch|p1a: 爱管侍他能干什么|Indeedee, M|100/100|[from] Volt Switch
|-damage|p1a: 爱管侍他能干什么|88/100|[from] Stealth Rock
|-fieldstart|move: Psychic Terrain|[from] ability: Psychic Surge|[of] p1a: 爱管侍他能干什么
|
|-weather|RainDance|[upkeep]
|upkeep
|
|t:|1760419919
|switch|p2a: Raging Bolt|Raging Bolt|100/100
|turn|10
|
|t:|1760419934
|move|p1a: 爱管侍他能干什么|Expanding Force|p2a: Raging Bolt
|-damage|p2a: Raging Bolt|29/100
|move|p2a: Raging Bolt|Weather Ball|p1a: 爱管侍他能干什么
|-damage|p1a: 爱管侍他能干什么|1/100
|
|-weather|RainDance|[upkeep]
|-heal|p2a: Raging Bolt|35/100|[from] item: Leftovers
|upkeep
|turn|11
|-message|PhilipMyGasTank forfeited.
|
|win|bjls
|raw|bjls's rating: 1284 &rarr; <strong>1312</strong><br />(+28 for winning)
|raw|PhilipMyGasTank's rating: 1328 &rarr; <strong>1305</strong><br />(-23 for losing)
|l|☆PhilipMyGasTank
|player|p2|
