|j|☆Norbert71
|j|☆naked plagiarist
|t:|1760443047
|gametype|singles
|player|p1|Norbert71|colress|1223
|player|p2|naked plagiarist|hiker-gen4|1242
|gen|9
|tier|[Gen 9] OU
|rated|
|rule|HP Percentage Mod: HP is shown in percentages
|rule|Endless Battle Clause: Forcing endless battles is banned
|rule|Species Clause: Limit one of each Pokémon
|rule|OHKO Clause: OHKO moves are banned
|rule|Evasion Items Clause: Evasion items are banned
|rule|Evasion Moves Clause: Evasion moves are banned
|rule|Evasion Abilities Clause: Evasion abilities are banned
|rule|Sleep Moves Clause: Sleep-inducing moves are banned
|clearpoke
|poke|p1|Lokix, M|
|poke|p1|Hatterene, F|
|poke|p1|Slowking-Galar, M|
|poke|p1|Cinderace, M|
|poke|p1|Quaquaval, F|
|poke|p1|Gliscor, F|
|poke|p2|Gyarados, M|
|poke|p2|Gengar, F|
|poke|p2|Infernape, M|
|poke|p2|Hatterene, F|
|poke|p2|Garganacl, F|
|poke|p2|Decidueye, F|
|teampreview
|inactive|Battle timer is ON: inactive players will automatically lose when time's up. (requested by Norbert71)
|
|t:|1760443065
|teamsize|p1|6
|teamsize|p2|6
|start
|switch|p1a: Lokix|Lokix, M|100/100
|switch|p2a: Garganacl|Garganacl, F|100/100
|turn|1
|
|t:|1760443072
|move|p1a: Lokix|U-turn|p2a: Garganacl
|-damage|p2a: Garganacl|67/100
|
|t:|1760443074
|switch|p1a: Hatterene|Hatterene, F|100/100|[from] U-turn
|move|p2a: Garganacl|Salt Cure|p1a: Hatterene
|-crit|p1a: Hatterene
|-damage|p1a: Hatterene|76/100
|-start|p1a: Hatterene|Salt Cure
|-enditem|p1a: Hatterene|Eject Button
|
|t:|1760443076
|switch|p1a: Quaquaval|Quaquaval, F|100/100
|
|-heal|p2a: Garganacl|73/100|[from] item: Leftovers
|upkeep
|turn|2
|
|t:|1760443095
|-terastallize|p2a: Garganacl|Fairy
|move|p1a: Quaquaval|Aqua Step|p2a: Garganacl
|-damage|p2a: Garganacl|48/100
|-boost|p1a: Quaquaval|spe|1
|move|p2a: Garganacl|Salt Cure|p1a: Quaquaval
|-resisted|p1a: Quaquaval
|-damage|p1a: Quaquaval|91/100
|-start|p1a: Quaquaval|Salt Cure
|
|-heal|p2a: Garganacl|54/100|[from] item: Leftovers
|-damage|p1a: Quaquaval|66/100|[from] Salt Cure
|upkeep
|turn|3
|
|t:|1760443105
|switch|p1a: Gliscor|Gliscor, F|100/100
|move|p2a: Garganacl|Recover|p2a: Garganacl
|-heal|p2a: Garganacl|100/100
|
|-status|p1a: Gliscor|tox|[from] item: Toxic Orb
|upkeep
|turn|4
|
|t:|1760443110
|move|p1a: Gliscor|Spikes|p2a: Garganacl
|-sidestart|p2: naked plagiarist|Spikes
|move|p2a: Garganacl|Salt Cure|p1a: Gliscor
|-damage|p1a: Gliscor|93/100 tox
|-start|p1a: Gliscor|Salt Cure
|
|-heal|p1a: Gliscor|100/100 tox|[from] ability: Poison Heal
|-damage|p1a: Gliscor|88/100 tox|[from] Salt Cure
|upkeep
|turn|5
|
|t:|1760443114
|move|p1a: Gliscor|Spikes|p2a: Garganacl
|-sidestart|p2: naked plagiarist|Spikes
|move|p2a: Garganacl|Iron Defense|p2a: Garganacl
|-boost|p2a: Garganacl|def|2
|
|-heal|p1a: Gliscor|100/100 tox|[from] ability: Poison Heal
|-damage|p1a: Gliscor|88/100 tox|[from] Salt Cure
|upkeep
|turn|6
|
|t:|1760443118
|move|p1a: Gliscor|Spikes|p2a: Garganacl
|-sidestart|p2: naked plagiarist|Spikes
|move|p2a: Garganacl|Iron Defense|p2a: Garganacl
|-boost|p2a: Garganacl|def|2
|
|-heal|p1a: Gliscor|100/100 tox|[from] ability: Poison Heal
|-damage|p1a: Gliscor|88/100 tox|[from] Salt Cure
|upkeep
|turn|7
|
|t:|1760443125
|switch|p1a: Slowking|Slowking-Galar, M|100/100
|move|p2a: Garganacl|Body Press|p1a: Slowking
|-resisted|p1a: Slowking
|-damage|p1a: Slowking|77/100
|
|-heal|p1a: Slowking|83/100|[from] item: Leftovers
|upkeep
|turn|8
|
|t:|1760443135
|switch|p2a: Decidueye|Decidueye, F|100/100
|-damage|p2a: Decidueye|75/100|[from] Spikes
|move|p1a: Slowking|Future Sight|p2a: Decidueye
|-start|p1a: Slowking|move: Future Sight
|
|-heal|p1a: Slowking|89/100|[from] item: Leftovers
|upkeep
|turn|9
|
|t:|1760443142
|switch|p1a: Gliscor|Gliscor, F|88/100 tox
|move|p2a: Decidueye|Defog|p1a: Gliscor
|-unboost|p1a: Gliscor|evasion|1
|-sideend|p2: naked plagiarist|Spikes|[from] move: Defog|[of] p2a: Decidueye
|
|-heal|p1a: Gliscor|100/100 tox|[from] ability: Poison Heal
|upkeep
|turn|10
|
|t:|1760443153
|move|p1a: Gliscor|Knock Off|p2a: Decidueye
|-supereffective|p2a: Decidueye
|-damage|p2a: Decidueye|20/100
|-damage|p1a: Gliscor|84/100 tox|[from] item: Rocky Helmet|[of] p2a: Decidueye
|-enditem|p2a: Decidueye|Rocky Helmet|[from] move: Knock Off|[of] p1a: Gliscor
|move|p2a: Decidueye|Knock Off|p1a: Gliscor
|-damage|p1a: Gliscor|67/100 tox
|-enditem|p1a: Gliscor|Toxic Orb|[from] move: Knock Off|[of] p2a: Decidueye
|
|-end|p2a: Decidueye|move: Future Sight
|-damage|p2a: Decidueye|0 fnt
|faint|p2a: Decidueye
|-heal|p1a: Gliscor|80/100 tox|[from] ability: Poison Heal
|upkeep
|
|t:|1760443171
|switch|p2a: Gyarados|Gyarados, M|100/100
|-ability|p2a: Gyarados|Intimidate|boost
|-unboost|p1a: Gliscor|atk|1
|turn|11
|
|t:|1760443176
|move|p1a: Gliscor|Toxic|p2a: Gyarados
|-status|p2a: Gyarados|tox
|-enditem|p2a: Gyarados|Lum Berry|[eat]
|-curestatus|p2a: Gyarados|tox|[msg]
|move|p2a: Gyarados|Dragon Dance|p2a: Gyarados
|-boost|p2a: Gyarados|atk|1
|-boost|p2a: Gyarados|spe|1
|
|-heal|p1a: Gliscor|92/100 tox|[from] ability: Poison Heal
|upkeep
|turn|12
|
|t:|1760443181
|move|p2a: Gyarados|Ice Fang|p1a: Gliscor
|-supereffective|p1a: Gliscor
|-damage|p1a: Gliscor|3/100 tox
|move|p1a: Gliscor|Toxic|p2a: Gyarados
|-status|p2a: Gyarados|tox
|
|-damage|p2a: Gyarados|94/100 tox|[from] psn
|-heal|p1a: Gliscor|15/100 tox|[from] ability: Poison Heal
|upkeep
|turn|13
|
|t:|1760443186
|move|p1a: Gliscor|Protect|p1a: Gliscor
|-singleturn|p1a: Gliscor|Protect
|move|p2a: Gyarados|Ice Fang|p1a: Gliscor
|-activate|p1a: Gliscor|move: Protect
|
|-damage|p2a: Gyarados|82/100 tox|[from] psn
|-heal|p1a: Gliscor|28/100 tox|[from] ability: Poison Heal
|upkeep
|turn|14
|
|t:|1760443209
|switch|p1a: Quaquaval|Quaquaval, F|66/100
|move|p2a: Gyarados|Ice Fang|p1a: Quaquaval
|-resisted|p1a: Quaquaval
|-damage|p1a: Quaquaval|42/100
|
|-damage|p2a: Gyarados|63/100 tox|[from] psn
|upkeep
|turn|15
|inactive|naked plagiarist has 120 seconds left.
|
|t:|1760443232
|move|p2a: Gyarados|Earthquake|p1a: Quaquaval
|-damage|p1a: Quaquaval|0 fnt
|faint|p1a: Quaquaval
|
|-damage|p2a: Gyarados|38/100 tox|[from] psn
|upkeep
|
|t:|1760443238
|switch|p1a: Gliscor|Gliscor, F|28/100 tox
|turn|16
|
|t:|1760443243
|move|p1a: Gliscor|Protect|p1a: Gliscor
|-singleturn|p1a: Gliscor|Protect
|move|p2a: Gyarados|Ice Fang|p1a: Gliscor
|-activate|p1a: Gliscor|move: Protect
|
|-damage|p2a: Gyarados|7/100 tox|[from] psn
|-heal|p1a: Gliscor|40/100 tox|[from] ability: Poison Heal
|upkeep
|turn|17
|
|t:|1760443256
|switch|p2a: Hatterene|Hatterene, F|100/100
|switch|p1a: Cinderace|Cinderace, M|100/100
|
|upkeep
|turn|18
|
|t:|1760443260
|move|p1a: Cinderace|Pyro Ball|p2a: Hatterene
|-damage|p2a: Hatterene|36/100
|move|p2a: Hatterene|Trick Room|p2a: Hatterene
|-fieldstart|move: Trick Room|[of] p2a: Hatterene
|
|-heal|p2a: Hatterene|42/100|[from] item: Leftovers
|upkeep
|turn|19
|inactive|naked plagiarist has 120 seconds left.
|inactive|naked plagiarist has 90 seconds left.
|
|t:|1760443325
|move|p2a: Hatterene|Psychic|p1a: Cinderace
|-damage|p1a: Cinderace|20/100
|move|p1a: Cinderace|U-turn|p2a: Hatterene
|-start|p1a: Cinderace|typechange|Bug|[from] ability: Libero
|-damage|p2a: Hatterene|4/100
|
|t:|1760443331
|switch|p1a: Lokix|Lokix, M|100/100|[from] U-turn
|
|-heal|p2a: Hatterene|10/100|[from] item: Leftovers
|upkeep
|turn|20
|
|t:|1760443339
|move|p1a: Lokix|First Impression|p2a: Hatterene
|-damage|p2a: Hatterene|0 fnt
|faint|p2a: Hatterene
|
|upkeep
|
|t:|1760443344
|switch|p2a: Infernape|Infernape, M|100/100
|turn|21
|
|t:|1760443352
|switch|p1a: Gliscor|Gliscor, F|40/100 tox
|move|p2a: Infernape|Close Combat|p1a: Gliscor
|-resisted|p1a: Gliscor
|-damage|p1a: Gliscor|20/100 tox
|-unboost|p2a: Infernape|def|1
|-unboost|p2a: Infernape|spd|1
|-damage|p2a: Infernape|91/100|[from] item: Life Orb
|
|-heal|p1a: Gliscor|33/100 tox|[from] ability: Poison Heal
|upkeep
|turn|22
|
|t:|1760443360
|move|p1a: Gliscor|Protect|p1a: Gliscor
|-singleturn|p1a: Gliscor|Protect
|move|p2a: Infernape|U-turn|p1a: Gliscor
|-activate|p1a: Gliscor|move: Protect
|
|-heal|p1a: Gliscor|45/100 tox|[from] ability: Poison Heal
|-fieldend|move: Trick Room
|upkeep
|turn|23
|
|t:|1760443366
|switch|p1a: Cinderace|Cinderace, M|20/100
|move|p2a: Infernape|U-turn|p1a: Cinderace
|-resisted|p1a: Cinderace
|-crit|p1a: Cinderace
|-damage|p1a: Cinderace|0 fnt
|faint|p1a: Cinderace
|-damage|p2a: Infernape|81/100|[from] item: Life Orb
|
|t:|1760443375
|switch|p2a: Gengar|Gengar, F|100/100|[from] U-turn
|
|upkeep
|
|t:|1760443381
|switch|p1a: Lokix|Lokix, M|100/100
|turn|24
|inactive|naked plagiarist has 120 seconds left.
|
|t:|1760443393
|-terastallize|p1a: Lokix|Bug
|move|p1a: Lokix|First Impression|p2a: Gengar
|-resisted|p2a: Gengar
|-damage|p2a: Gengar|19/100
|-start|p1a: Lokix|Disable|First Impression|[from] ability: Cursed Body|[of] p2a: Gengar
|move|p2a: Gengar|Focus Blast|p1a: Lokix
|-resisted|p1a: Lokix
|-damage|p1a: Lokix|61/100
|
|upkeep
|turn|25
|
|t:|1760443403
|switch|p1a: Slowking|Slowking-Galar, M|100/100
|move|p2a: Gengar|Sludge Bomb|p1a: Slowking
|-resisted|p1a: Slowking
|-damage|p1a: Slowking|88/100
|
|-heal|p1a: Slowking|94/100|[from] item: Leftovers
|upkeep
|turn|26
|
|t:|1760443407
|move|p2a: Gengar|Thunder Wave|p1a: Slowking
|-status|p1a: Slowking|par
|cant|p1a: Slowking|par
|
|-heal|p1a: Slowking|99/100 par|[from] item: Leftovers
|upkeep
|turn|27
|
|t:|1760443412
|move|p2a: Gengar|Shadow Ball|p1a: Slowking
|-supereffective|p1a: Slowking
|-damage|p1a: Slowking|51/100 par
|-unboost|p1a: Slowking|spd|1
|move|p1a: Slowking|Future Sight|p2a: Gengar
|-start|p1a: Slowking|move: Future Sight
|
|-heal|p1a: Slowking|57/100 par|[from] item: Leftovers
|upkeep
|turn|28
|
|t:|1760443419
|switch|p1a: Lokix|Lokix, M, tera:Bug|61/100
|move|p2a: Gengar|Shadow Ball|p1a: Lokix
|-damage|p1a: Lokix|0 fnt
|faint|p1a: Lokix
|
|upkeep
|
|t:|1760443424
|switch|p1a: Gliscor|Gliscor, F|45/100 tox
|turn|29
|
|t:|1760443429
|move|p1a: Gliscor|Protect|p1a: Gliscor
|-singleturn|p1a: Gliscor|Protect
|move|p2a: Gengar|Shadow Ball|p1a: Gliscor
|-activate|p1a: Gliscor|move: Protect
|
|-end|p2a: Gengar|move: Future Sight
|-supereffective|p2a: Gengar
|-damage|p2a: Gengar|0 fnt
|faint|p2a: Gengar
|-heal|p1a: Gliscor|58/100 tox|[from] ability: Poison Heal
|upkeep
|
|t:|1760443433
|switch|p2a: Gyarados|Gyarados, M|7/100 tox
|-ability|p2a: Gyarados|Intimidate|boost
|-unboost|p1a: Gliscor|atk|1
|turn|30
|
|t:|1760443447
|move|p1a: Gliscor|Spikes|p2a: Gyarados
|-sidestart|p2: naked plagiarist|Spikes
|move|p2a: Gyarados|Waterfall|p1a: Gliscor
|-supereffective|p1a: Gliscor
|-damage|p1a: Gliscor|3/100 tox
|
|-heal|p1a: Gliscor|15/100 tox|[from] ability: Poison Heal
|-damage|p2a: Gyarados|1/100 tox|[from] psn
|upkeep
|turn|31
|
|t:|1760443457
|move|p1a: Gliscor|Protect|p1a: Gliscor
|-singleturn|p1a: Gliscor|Protect
|move|p2a: Gyarados|Waterfall|p1a: Gliscor
|-activate|p1a: Gliscor|move: Protect
|
|-heal|p1a: Gliscor|28/100 tox|[from] ability: Poison Heal
|-damage|p2a: Gyarados|0 fnt|[from] psn
|faint|p2a: Gyarados
|upkeep
|
|t:|1760443461
|switch|p2a: Garganacl|Garganacl, F, tera:Fairy|100/100
|-damage|p2a: Garganacl|88/100|[from] Spikes
|turn|32
|
|t:|1760443469
|switch|p1a: Slowking|Slowking-Galar, M|90/100 par
|move|p2a: Garganacl|Salt Cure|p1a: Slowking
|-damage|p1a: Slowking|77/100 par
|-start|p1a: Slowking|Salt Cure
|
|-heal|p2a: Garganacl|94/100|[from] item: Leftovers
|-heal|p1a: Slowking|83/100 par|[from] item: Leftovers
|-damage|p1a: Slowking|71/100 par|[from] Salt Cure
|upkeep
|turn|33
|
|t:|1760443477
|switch|p2a: Infernape|Infernape, M|81/100
|-damage|p2a: Infernape|68/100|[from] Spikes
|move|p1a: Slowking|Future Sight|p2a: Infernape
|-start|p1a: Slowking|move: Future Sight
|
|-heal|p1a: Slowking|77/100 par|[from] item: Leftovers
|-damage|p1a: Slowking|64/100 par|[from] Salt Cure
|upkeep
|turn|34
|
|t:|1760443485
|switch|p1a: Gliscor|Gliscor, F|28/100 tox
|move|p2a: Infernape|Flare Blitz|p1a: Gliscor
|-damage|p1a: Gliscor|0 fnt
|faint|p1a: Gliscor
|-damage|p2a: Infernape|57/100|[from] Recoil
|-damage|p2a: Infernape|48/100|[from] item: Life Orb
|
|upkeep
|
|t:|1760443487
|switch|p1a: Hatterene|Hatterene, F|76/100
|turn|35
|inactive|naked plagiarist has 120 seconds left.
|inactive|naked plagiarist has 90 seconds left.
|
|t:|1760443549
|move|p2a: Infernape|U-turn|p1a: Hatterene
|-damage|p1a: Hatterene|45/100
|-damage|p2a: Infernape|38/100|[from] item: Life Orb
|
|t:|1760443552
|switch|p2a: Garganacl|Garganacl, F, tera:Fairy|94/100|[from] U-turn
|-damage|p2a: Garganacl|82/100|[from] Spikes
|move|p1a: Hatterene|Draining Kiss|p2a: Garganacl
|-damage|p2a: Garganacl|64/100
|-heal|p1a: Hatterene|59/100|[from] drain|[of] p2a: Garganacl
|
|-end|p2a: Garganacl|move: Future Sight
|-damage|p2a: Garganacl|32/100
|-heal|p2a: Garganacl|38/100|[from] item: Leftovers
|upkeep
|turn|36
|
|t:|1760443563
|move|p2a: Garganacl|Recover|p2a: Garganacl
|-heal|p2a: Garganacl|88/100
|move|p1a: Hatterene|Future Sight|p2a: Garganacl
|-start|p1a: Hatterene|move: Future Sight
|
|-heal|p2a: Garganacl|94/100|[from] item: Leftovers
|upkeep
|turn|37
|
|t:|1760443576
|move|p2a: Garganacl|Iron Defense|p2a: Garganacl
|-boost|p2a: Garganacl|def|2
|move|p1a: Hatterene|Draining Kiss|p2a: Garganacl
|-damage|p2a: Garganacl|77/100
|-heal|p1a: Hatterene|73/100|[from] drain|[of] p2a: Garganacl
|
|-heal|p2a: Garganacl|83/100|[from] item: Leftovers
|upkeep
|turn|38
|
|t:|1760443584
|move|p2a: Garganacl|Body Press|p1a: Hatterene
|-resisted|p1a: Hatterene
|-damage|p1a: Hatterene|58/100
|move|p1a: Hatterene|Psychic Noise|p2a: Garganacl
|-damage|p2a: Garganacl|56/100
|-start|p2a: Garganacl|move: Heal Block
|
|-end|p2a: Garganacl|move: Future Sight
|-damage|p2a: Garganacl|11/100
|upkeep
|turn|39
|inactive|naked plagiarist has 120 seconds left.
|
|t:|1760443610
|move|p2a: Garganacl|Body Press|p1a: Hatterene
|-resisted|p1a: Hatterene
|-damage|p1a: Hatterene|43/100
|move|p1a: Hatterene|Draining Kiss|p2a: Garganacl
|-damage|p2a: Garganacl|0 fnt
|-heal|p1a: Hatterene|52/100|[from] drain|[of] p2a: Garganacl
|faint|p2a: Garganacl
|
|upkeep
|
|t:|1760443612
|switch|p2a: Infernape|Infernape, M|38/100
|-damage|p2a: Infernape|25/100|[from] Spikes
|turn|40
|
|t:|1760443617
|move|p2a: Infernape|Close Combat|p1a: Hatterene
|-resisted|p1a: Hatterene
|-damage|p1a: Hatterene|34/100
|-unboost|p2a: Infernape|def|1
|-unboost|p2a: Infernape|spd|1
|-damage|p2a: Infernape|16/100|[from] item: Life Orb
|move|p1a: Hatterene|Psychic Noise|p2a: Infernape
|-supereffective|p2a: Infernape
|-damage|p2a: Infernape|0 fnt
|faint|p2a: Infernape
|
|win|Norbert71
|raw|Norbert71's rating: 1223 &rarr; <strong>1249</strong><br />(+26 for winning)
|raw|naked plagiarist's rating: 1242 &rarr; <strong>1216</strong><br />(-26 for losing)
|l|☆naked plagiarist
|player|p2|
|l|☆Norbert71
|player|p1|
