|j|☆Munch144447
|j|☆RAAAAAAAAAAA
|t:|1760441311
|gametype|singles
|player|p1|Munch144447|265|1280
|player|p2|RAAAAAAAAAAA|169|1291
|gen|9
|tier|[Gen 9] OU
|rated|
|rule|HP Percentage Mod: HP is shown in percentages
|rule|Endless Battle Clause: Forcing endless battles is banned
|rule|Species Clause: Limit one of each Pokémon
|rule|OHKO Clause: OHKO moves are banned
|rule|Evasion Items Clause: Evasion items are banned
|rule|Evasion Moves Clause: Evasion moves are banned
|rule|Evasion Abilities Clause: Evasion abilities are banned
|rule|Sleep Moves Clause: Sleep-inducing moves are banned
|clearpoke
|poke|p1|Tauros-Paldea-Aqua, M|
|poke|p1|Vileplume, F|
|poke|p1|Delphox, M|
|poke|p1|Cramorant, M|
|poke|p1|Sudowoodo, F|
|poke|p1|Komala, F|
|poke|p2|Dragapult, F|
|poke|p2|Ogerpon-Wellspring, F|
|poke|p2|Raging Bolt|
|poke|p2|Clodsire, M|
|poke|p2|Scizor, M|
|poke|p2|Iron Valiant|
|teampreview
|
|t:|1760441356
|teamsize|p1|6
|teamsize|p2|6
|start
|switch|p1a: Tauros|Tauros-Paldea-Aqua, M|100/100
|switch|p2a: Scizor|Scizor, M|100/100
|-ability|p1a: Tauros|Intimidate|boost
|-unboost|p2a: Scizor|atk|1
|turn|1
|
|t:|1760441361
|move|p1a: Tauros|Raging Bull|p2a: Scizor
|-damage|p2a: Scizor|44/100
|-damage|p1a: Tauros|91/100|[from] item: Life Orb
|move|p2a: Scizor|U-turn|p1a: Tauros
|-resisted|p1a: Tauros
|-damage|p1a: Tauros|67/100
|
|t:|1760441375
|switch|p2a: JJ the jet plane|Dragapult, F|100/100|[from] U-turn
|
|upkeep
|turn|2
|
|t:|1760441384
|switch|p1a: Cramorant|Cramorant, M|100/100
|move|p2a: JJ the jet plane|Draco Meteor|p1a: Cramorant
|-damage|p1a: Cramorant|19/100
|-unboost|p2a: JJ the jet plane|spa|2
|
|-heal|p1a: Cramorant|25/100|[from] item: Leftovers
|upkeep
|turn|3
|
|t:|1760441390
|move|p2a: JJ the jet plane|Draco Meteor|p1a: Cramorant
|-damage|p1a: Cramorant|0 fnt
|-unboost|p2a: JJ the jet plane|spa|2
|faint|p1a: Cramorant
|
|upkeep
|
|t:|1760441402
|switch|p1a: Delphox|Delphox, M|100/100
|turn|4
|
|t:|1760441406
|switch|p2a: Raging Bolt|Raging Bolt|100/100
|-terastallize|p1a: Delphox|Fairy
|move|p1a: Delphox|Dazzling Gleam|p2a: Raging Bolt
|-supereffective|p2a: Raging Bolt
|-damage|p2a: Raging Bolt|30/100
|
|upkeep
|turn|5
|
|t:|1760441415
|move|p2a: Raging Bolt|Thunderclap|p1a: Delphox
|-damage|p1a: Delphox|36/100
|-damage|p2a: Raging Bolt|20/100|[from] item: Life Orb
|move|p1a: Delphox|Dazzling Gleam|p2a: Raging Bolt
|-supereffective|p2a: Raging Bolt
|-damage|p2a: Raging Bolt|0 fnt
|faint|p2a: Raging Bolt
|-end|p2a: Raging Bolt|Protosynthesis|[silent]
|
|upkeep
|
|t:|1760441420
|switch|p2a: Scizor|Scizor, M|44/100
|turn|6
|
|t:|1760441425
|switch|p1a: Tauros|Tauros-Paldea-Aqua, M|67/100
|-ability|p1a: Tauros|Intimidate|boost
|-unboost|p2a: Scizor|atk|1
|move|p2a: Scizor|Bullet Punch|p1a: Tauros
|-resisted|p1a: Tauros
|-damage|p1a: Tauros|46/100
|
|upkeep
|turn|7
|
|t:|1760441429
|switch|p2a: Dream|Ogerpon-Wellspring, F|100/100
|move|p1a: Tauros|Raging Bull|p2a: Dream
|-immune|p2a: Dream|[from] ability: Water Absorb
|
|upkeep
|turn|8
|
|t:|1760441442
|switch|p1a: Vileplume|Vileplume, F|100/100
|move|p2a: Dream|Horn Leech|p1a: Vileplume
|-resisted|p1a: Vileplume
|-damage|p1a: Vileplume|89/100
|
|-heal|p1a: Vileplume|95/100|[from] item: Leftovers
|upkeep
|turn|9
|
|t:|1760441453
|switch|p2a: Clodsire|Clodsire, M|100/100
|move|p1a: Vileplume|Sludge Bomb|p2a: Clodsire
|-resisted|p2a: Clodsire
|-damage|p2a: Clodsire|95/100
|
|-heal|p1a: Vileplume|100/100|[from] item: Leftovers
|upkeep
|turn|10
|
|t:|1760441457
|move|p1a: Vileplume|Leech Seed|p2a: Clodsire
|-start|p2a: Clodsire|move: Leech Seed
|move|p2a: Clodsire|Stealth Rock|p1a: Vileplume
|-sidestart|p1: Munch144447|move: Stealth Rock
|
|-damage|p2a: Clodsire|83/100|[from] Leech Seed|[of] p1a: Vileplume
|upkeep
|turn|11
|
|t:|1760441465
|switch|p1a: Komala|Komala, F|100/100
|-damage|p1a: Komala|88/100|[from] Stealth Rock
|-ability|p1a: Komala|Comatose
|switch|p2a: JJ the jet plane|Dragapult, F|100/100
|
|-heal|p1a: Komala|94/100|[from] item: Leftovers
|upkeep
|turn|12
|
|t:|1760441487
|move|p2a: JJ the jet plane|U-turn|p1a: Komala
|-damage|p1a: Komala|61/100
|
|t:|1760441491
|switch|p2a: Scizor|Scizor, M|44/100|[from] U-turn
|move|p1a: Komala|Earthquake|p2a: Scizor
|-damage|p2a: Scizor|5/100
|
|-heal|p1a: Komala|67/100|[from] item: Leftovers
|upkeep
|turn|13
|
|t:|1760441500
|move|p1a: Komala|Rapid Spin|p2a: Scizor
|-resisted|p2a: Scizor
|-damage|p2a: Scizor|0 fnt
|-boost|p1a: Komala|spe|1
|-sideend|p1: Munch144447|Stealth Rock|[from] move: Rapid Spin|[of] p1a: Komala
|faint|p2a: Scizor
|
|-heal|p1a: Komala|73/100|[from] item: Leftovers
|upkeep
|
|t:|1760441503
|switch|p2a: Iron Valiant|Iron Valiant|100/100
|-enditem|p2a: Iron Valiant|Booster Energy
|-activate|p2a: Iron Valiant|ability: Quark Drive|[fromitem]
|-start|p2a: Iron Valiant|quarkdrivespe
|turn|14
|
|t:|1760441524
|move|p2a: Iron Valiant|Close Combat|p1a: Komala
|-supereffective|p1a: Komala
|-damage|p1a: Komala|0 fnt
|-unboost|p2a: Iron Valiant|def|1
|-unboost|p2a: Iron Valiant|spd|1
|faint|p1a: Komala
|
|upkeep
|
|t:|1760441529
|switch|p1a: Vileplume|Vileplume, F|100/100
|turn|15
|
|t:|1760441539
|-terastallize|p2a: Iron Valiant|Steel
|move|p2a: Iron Valiant|Knock Off|p1a: Vileplume
|-damage|p1a: Vileplume|72/100
|-enditem|p1a: Vileplume|Leftovers|[from] move: Knock Off|[of] p2a: Iron Valiant
|move|p1a: Vileplume|Sludge Bomb|p2a: Iron Valiant
|-immune|p2a: Iron Valiant
|
|upkeep
|turn|16
|
|t:|1760441545
|move|p2a: Iron Valiant|Encore|p1a: Vileplume
|-start|p1a: Vileplume|Encore
|move|p1a: Vileplume|Sludge Bomb|p2a: Iron Valiant
|-immune|p2a: Iron Valiant
|
|upkeep
|turn|17
|
|t:|1760441557
|switch|p1a: Tauros|Tauros-Paldea-Aqua, M|46/100
|-ability|p1a: Tauros|Intimidate|boost
|-unboost|p2a: Iron Valiant|atk|1
|move|p2a: Iron Valiant|Close Combat|p1a: Tauros
|-damage|p1a: Tauros|10/100
|-unboost|p2a: Iron Valiant|def|1
|-unboost|p2a: Iron Valiant|spd|1
|
|upkeep
|turn|18
|
|t:|1760441566
|-end|p2a: Iron Valiant|Quark Drive|[silent]
|switch|p2a: Dream|Ogerpon-Wellspring, F|100/100
|move|p1a: Tauros|Aqua Jet|p2a: Dream
|-immune|p2a: Dream|[from] ability: Water Absorb
|
|upkeep
|turn|19
|
|t:|1760441578
|switch|p1a: Vileplume|Vileplume, F|72/100
|move|p2a: Dream|Ivy Cudgel|p1a: Vileplume|[anim] Ivy Cudgel Water
|-resisted|p1a: Vileplume
|-damage|p1a: Vileplume|45/100
|
|upkeep
|turn|20
|
|t:|1760441587
|switch|p2a: Clodsire|Clodsire, M|83/100
|move|p1a: Vileplume|Strength Sap|p2a: Clodsire
|-unboost|p2a: Clodsire|atk|1
|-heal|p1a: Vileplume|98/100
|
|upkeep
|turn|21
|
|t:|1760441592
|move|p1a: Vileplume|Leech Seed|p2a: Clodsire
|-start|p2a: Clodsire|move: Leech Seed
|move|p2a: Clodsire|Stealth Rock|p1a: Vileplume
|-sidestart|p1: Munch144447|move: Stealth Rock
|
|-damage|p2a: Clodsire|70/100|[from] Leech Seed|[of] p1a: Vileplume
|-heal|p1a: Vileplume|100/100|[silent]
|upkeep
|turn|22
|
|t:|1760441602
|switch|p2a: Iron Valiant|Iron Valiant, tera:Steel|100/100
|move|p1a: Vileplume|Giga Drain|p2a: Iron Valiant
|-resisted|p2a: Iron Valiant
|-damage|p2a: Iron Valiant|62/100
|
|upkeep
|turn|23
|
|t:|1760441616
|move|p2a: Iron Valiant|Moonblast|p1a: Vileplume
|-resisted|p1a: Vileplume
|-damage|p1a: Vileplume|76/100
|move|p1a: Vileplume|Strength Sap|p2a: Iron Valiant
|-unboost|p2a: Iron Valiant|atk|1
|-heal|p1a: Vileplume|100/100
|
|upkeep
|turn|24
|
|t:|1760441621
|move|p2a: Iron Valiant|Encore|p1a: Vileplume
|-start|p1a: Vileplume|Encore
|move|p1a: Vileplume|Strength Sap|p2a: Iron Valiant
|-unboost|p2a: Iron Valiant|atk|1
|
|upkeep
|turn|25
|
|t:|1760441634
|-end|p2a: Iron Valiant|Quark Drive|[silent]
|switch|p2a: JJ the jet plane|Dragapult, F|100/100
|switch|p1a: Tauros|Tauros-Paldea-Aqua, M|10/100
|-damage|p1a: Tauros|4/100|[from] Stealth Rock
|-ability|p1a: Tauros|Intimidate|boost
|-unboost|p2a: JJ the jet plane|atk|1
|
|upkeep
|turn|26
|
|t:|1760441669
|move|p1a: Tauros|Aqua Jet|p2a: JJ the jet plane
|-resisted|p2a: JJ the jet plane
|-damage|p2a: JJ the jet plane|85/100
|-damage|p1a: Tauros|0 fnt|[from] item: Life Orb
|faint|p1a: Tauros
|move|p2a: JJ the jet plane|U-turn|p1: Tauros|[notarget]
|-fail|p2a: JJ the jet plane
|
|upkeep
|
|t:|1760441683
|switch|p1a: Delphox|Delphox, M, tera:Fairy|36/100
|-damage|p1a: Delphox|24/100|[from] Stealth Rock
|turn|27
|
|t:|1760441686
|move|p1a: Delphox|Dazzling Gleam|p2a: JJ the jet plane
|-supereffective|p2a: JJ the jet plane
|-crit|p2a: JJ the jet plane
|-damage|p2a: JJ the jet plane|0 fnt
|faint|p2a: JJ the jet plane
|
|upkeep
|
|t:|1760441697
|switch|p2a: Clodsire|Clodsire, M|70/100
|turn|28
|
|t:|1760441701
|switch|p1a: Vileplume|Vileplume, F|100/100
|-damage|p1a: Vileplume|88/100|[from] Stealth Rock
|move|p2a: Clodsire|Earthquake|p1a: Vileplume
|-damage|p1a: Vileplume|62/100
|
|upkeep
|turn|29
|
|t:|1760441719
|move|p1a: Vileplume|Giga Drain|p2a: Clodsire
|-damage|p2a: Clodsire|51/100
|-heal|p1a: Vileplume|75/100|[from] drain|[of] p2a: Clodsire
|move|p2a: Clodsire|Earthquake|p1a: Vileplume
|-damage|p1a: Vileplume|45/100
|
|upkeep
|turn|30
|
|t:|1760441728
|switch|p2a: Dream|Ogerpon-Wellspring, F|100/100
|move|p1a: Vileplume|Strength Sap|p2a: Dream
|-unboost|p2a: Dream|atk|1
|-heal|p1a: Vileplume|100/100
|
|upkeep
|turn|31
|
|t:|1760441734
|move|p2a: Dream|Encore|p1a: Vileplume
|-start|p1a: Vileplume|Encore
|move|p1a: Vileplume|Strength Sap|p2a: Dream
|-unboost|p2a: Dream|atk|1
|
|upkeep
|turn|32
|c|☆Munch144447|2 encore users wtaf
|
|t:|1760441752
|switch|p2a: Iron Valiant|Iron Valiant, tera:Steel|62/100
|switch|p1a: Sudowoodo|Sudowoodo, F|100/100
|-damage|p1a: Sudowoodo|88/100|[from] Stealth Rock
|
|upkeep
|turn|33
|c|☆RAAAAAAAAAAA|yeah
|c|☆RAAAAAAAAAAA|raging bolt support but like
|c|☆RAAAAAAAAAAA|i sacked it pretty early
|
|t:|1760441780
|move|p2a: Iron Valiant|Close Combat|p1a: Sudowoodo
|-supereffective|p1a: Sudowoodo
|-damage|p1a: Sudowoodo|0 fnt
|-unboost|p2a: Iron Valiant|def|1
|-unboost|p2a: Iron Valiant|spd|1
|faint|p1a: Sudowoodo
|
|upkeep
|
|t:|1760441790
|switch|p1a: Delphox|Delphox, M, tera:Fairy|24/100
|-damage|p1a: Delphox|11/100|[from] Stealth Rock
|turn|34
|
|t:|1760441796
|-end|p2a: Iron Valiant|Quark Drive|[silent]
|switch|p2a: Clodsire|Clodsire, M|51/100
|move|p1a: Delphox|Overheat|p2a: Clodsire
|-damage|p2a: Clodsire|0 fnt
|-unboost|p1a: Delphox|spa|2
|faint|p2a: Clodsire
|
|upkeep
|
|t:|1760441810
|switch|p2a: Dream|Ogerpon-Wellspring, F|100/100
|turn|35
|c|☆Munch144447|rocks have killed me i fear
|
|t:|1760441816
|move|p1a: Delphox|Overheat|p2a: Dream
|-damage|p2a: Dream|45/100
|-unboost|p1a: Delphox|spa|2
|move|p2a: Dream|Horn Leech|p1a: Delphox
|-damage|p1a: Delphox|0 fnt
|-heal|p2a: Dream|50/100|[from] drain|[of] p1a: Delphox
|faint|p1a: Delphox
|
|upkeep
|
|t:|1760441819
|switch|p1a: Vileplume|Vileplume, F|100/100
|-damage|p1a: Vileplume|88/100|[from] Stealth Rock
|turn|36
|c|☆RAAAAAAAAAAA|vileplume is such a counter to these two its actually funny
|
|t:|1760441856
|switch|p2a: Iron Valiant|Iron Valiant, tera:Steel|62/100
|move|p1a: Vileplume|Giga Drain|p2a: Iron Valiant
|-resisted|p2a: Iron Valiant
|-damage|p2a: Iron Valiant|28/100
|-heal|p1a: Vileplume|100/100|[from] drain|[of] p2a: Iron Valiant
|
|upkeep
|turn|37
|c|☆Munch144447|vileplume is kinda great turns out
|
|t:|1760441868
|move|p2a: Iron Valiant|Close Combat|p1a: Vileplume
|-resisted|p1a: Vileplume
|-damage|p1a: Vileplume|72/100
|-unboost|p2a: Iron Valiant|def|1
|-unboost|p2a: Iron Valiant|spd|1
|move|p1a: Vileplume|Giga Drain|p2a: Iron Valiant
|-resisted|p2a: Iron Valiant
|-crit|p2a: Iron Valiant
|-damage|p2a: Iron Valiant|0 fnt
|-heal|p1a: Vileplume|84/100|[from] drain|[of] p2a: Iron Valiant
|faint|p2a: Iron Valiant
|-end|p2a: Iron Valiant|Quark Drive|[silent]
|
|upkeep
|c|☆Munch144447|I run high def and spattk
|
|t:|1760441872
|switch|p2a: Dream|Ogerpon-Wellspring, F|50/100
|turn|38
|
|t:|1760441875
|move|p2a: Dream|Horn Leech|p1a: Vileplume
|-resisted|p1a: Vileplume
|-damage|p1a: Vileplume|73/100
|-heal|p2a: Dream|56/100|[from] drain|[of] p1a: Vileplume
|move|p1a: Vileplume|Sludge Bomb|p2a: Dream
|-supereffective|p2a: Dream
|-damage|p2a: Dream|0 fnt
|faint|p2a: Dream
|
|win|Munch144447
|raw|Munch144447's rating: 1280 &rarr; <strong>1306</strong><br />(+26 for winning)
|raw|RAAAAAAAAAAA's rating: 1291 &rarr; <strong>1265</strong><br />(-26 for losing)
|c|☆Munch144447|gg
|c|☆RAAAAAAAAAAA|gg
|l|☆RAAAAAAAAAAA
|player|p2|
