|j|☆icebrrg
|j|☆Doomingo
|t:|1760462254
|gametype|singles
|player|p1|icebrrg|2|1309
|player|p2|Doomingo|170|1291
|gen|9
|tier|[Gen 9] OU
|rated|
|rule|HP Percentage Mod: HP is shown in percentages
|rule|Endless Battle Clause: Forcing endless battles is banned
|rule|Species Clause: Limit one of each Pokémon
|rule|OHKO Clause: OHKO moves are banned
|rule|Evasion Items Clause: Evasion items are banned
|rule|Evasion Moves Clause: Evasion moves are banned
|rule|Evasion Abilities Clause: Evasion abilities are banned
|rule|Sleep Moves Clause: Sleep-inducing moves are banned
|clearpoke
|poke|p1|Cetitan, M|
|poke|p1|Araquanid, M|
|poke|p1|Landorus-Therian, M|
|poke|p1|Iron Valiant|
|poke|p1|Kingambit, F|
|poke|p1|Iron Moth|
|poke|p2|Tyranitar, M|
|poke|p2|Sinistcha|
|poke|p2|Comfey, M|
|poke|p2|Bellibolt, F|
|poke|p2|Mamoswine, M|
|poke|p2|Scizor, M|
|teampreview
|inactive|Battle timer is ON: inactive players will automatically lose when time's up. (requested by icebrrg)
|inactive|icebrrg has 120 seconds left.
|inactive|icebrrg has 90 seconds left.
|l|☆Doomingo
|inactive|Doomingo disconnected and has a minute to reconnect!
|player|p2|
|j|☆Doomingo
|inactive|Doomingo reconnected.
|player|p2|Doomingo|170|
|
|t:|1760462339
|teamsize|p1|6
|teamsize|p2|6
|start
|switch|p1a: Landorus|Landorus-Therian, M|100/100
|switch|p2a: Mr. Big|Tyranitar, M|100/100
|-ability|p1a: Landorus|Intimidate|boost
|-unboost|p2a: Mr. Big|atk|1
|-weather|Sandstorm|[from] ability: Sand Stream|[of] p2a: Mr. Big
|turn|1
|
|t:|1760462346
|switch|p1a: Araquanid|Araquanid, M|100/100
|move|p2a: Mr. Big|Ice Beam|p1a: Araquanid
|-resisted|p1a: Araquanid
|-damage|p1a: Araquanid|90/100
|
|-weather|Sandstorm|[upkeep]
|-damage|p1a: Araquanid|83/100|[from] Sandstorm
|upkeep
|turn|2
|
|t:|1760462350
|move|p2a: Mr. Big|Knock Off|p1a: Araquanid
|-damage|p1a: Araquanid|54/100
|-enditem|p1a: Araquanid|Custap Berry|[from] move: Knock Off|[of] p2a: Mr. Big
|move|p1a: Araquanid|Sticky Web|p2a: Mr. Big
|-sidestart|p2: Doomingo|move: Sticky Web
|
|-weather|Sandstorm|[upkeep]
|-damage|p1a: Araquanid|48/100|[from] Sandstorm
|upkeep
|turn|3
|
|t:|1760462356
|move|p2a: Mr. Big|Ancient Power|p1a: Araquanid
|-supereffective|p1a: Araquanid
|-damage|p1a: Araquanid|10/100
|move|p1a: Araquanid|Surf|p2a: Mr. Big
|-supereffective|p2a: Mr. Big
|-damage|p2a: Mr. Big|60/100
|
|-weather|Sandstorm|[upkeep]
|-damage|p1a: Araquanid|4/100|[from] Sandstorm
|upkeep
|turn|4
|
|t:|1760462364
|move|p1a: Araquanid|Endure|p1a: Araquanid
|-singleturn|p1a: Araquanid|move: Endure
|move|p2a: Mr. Big|Ancient Power|p1a: Araquanid
|-supereffective|p1a: Araquanid
|-activate|p1a: Araquanid|move: Endure
|-damage|p1a: Araquanid|1/100
|
|-weather|Sandstorm|[upkeep]
|-damage|p1a: Araquanid|0 fnt|[from] Sandstorm
|faint|p1a: Araquanid
|upkeep
|
|t:|1760462370
|switch|p1a: Landorus|Landorus-Therian, M|100/100
|-ability|p1a: Landorus|Intimidate|boost
|-unboost|p2a: Mr. Big|atk|1
|turn|5
|
|t:|1760462381
|switch|p1a: Pokelee|Cetitan, M|100/100
|move|p2a: Mr. Big|Ice Beam|p1a: Pokelee
|-resisted|p1a: Pokelee
|-damage|p1a: Pokelee|86/100
|
|-weather|none
|upkeep
|turn|6
|
|t:|1760462392
|move|p1a: Pokelee|Liquidation|p2a: Mr. Big
|-supereffective|p2a: Mr. Big
|-damage|p2a: Mr. Big|0 fnt
|faint|p2a: Mr. Big
|
|upkeep
|
|t:|1760462400
|switch|p2a: Buzz|Scizor, M|100/100
|-activate|p2a: Buzz|move: Sticky Web
|-unboost|p2a: Buzz|spe|1
|turn|7
|
|t:|1760462408
|-terastallize|p1a: Pokelee|Water
|move|p1a: Pokelee|Liquidation|p2a: Buzz
|-damage|p2a: Buzz|22/100
|move|p2a: Buzz|Defog|p1a: Pokelee
|-unboost|p1a: Pokelee|evasion|1
|-sideend|p2: Doomingo|Sticky Web|[from] move: Defog|[of] p2a: Buzz
|
|-heal|p2a: Buzz|28/100|[from] item: Leftovers
|upkeep
|turn|8
|
|t:|1760462419
|switch|p2a: Charla|Sinistcha|100/100
|move|p1a: Pokelee|Icicle Crash|p2a: Charla
|-supereffective|p2a: Charla
|-damage|p2a: Charla|0 fnt
|faint|p2a: Charla
|
|upkeep
|
|t:|1760462422
|switch|p2a: Glut|Bellibolt, F|100/100
|turn|9
|
|t:|1760462426
|switch|p1a: Landorus|Landorus-Therian, M|100/100
|-ability|p1a: Landorus|Intimidate|boost
|-unboost|p2a: Glut|atk|1
|move|p2a: Glut|Soak|p1a: Landorus
|-start|p1a: Landorus|typechange|Water
|
|upkeep
|turn|10
|
|t:|1760462429
|move|p1a: Landorus|Earth Power|p2a: Glut
|-supereffective|p2a: Glut
|-enditem|p2a: Glut|Shuca Berry|[eat]
|-enditem|p2a: Glut|Shuca Berry|[weaken]
|-damage|p2a: Glut|70/100
|-start|p2a: Glut|Charge|Earth Power|[from] ability: Electromorphosis
|move|p2a: Glut|Parabolic Charge|p1a: Landorus
|-supereffective|p1a: Landorus
|-damage|p1a: Landorus|0 fnt
|-heal|p2a: Glut|100/100|[from] drain|[of] p1a: Landorus
|faint|p1a: Landorus
|-end|p2a: Glut|Charge|[silent]
|
|upkeep
|
|t:|1760462458
|switch|p1a: Iron Moth|Iron Moth|100/100
|-enditem|p1a: Iron Moth|Booster Energy
|-activate|p1a: Iron Moth|ability: Quark Drive|[fromitem]
|-start|p1a: Iron Moth|quarkdrivespa
|turn|11
|
|t:|1760462463
|move|p1a: Iron Moth|Substitute|p1a: Iron Moth
|-start|p1a: Iron Moth|Substitute
|-damage|p1a: Iron Moth|76/100
|move|p2a: Glut|Soak||[still]
|-fail|p2a: Glut
|
|upkeep
|turn|12
|
|t:|1760462466
|move|p1a: Iron Moth|Fiery Dance|p2a: Glut
|-damage|p2a: Glut|50/100
|-start|p2a: Glut|Charge|Fiery Dance|[from] ability: Electromorphosis
|move|p2a: Glut|Parabolic Charge|p1a: Iron Moth
|-end|p1a: Iron Moth|Substitute
|-heal|p2a: Glut|59/100|[from] drain|[of] p1a: Iron Moth
|-end|p2a: Glut|Charge|[silent]
|
|upkeep
|turn|13
|
|t:|1760462472
|move|p1a: Iron Moth|Substitute|p1a: Iron Moth
|-start|p1a: Iron Moth|Substitute
|-damage|p1a: Iron Moth|51/100
|move|p2a: Glut|Parabolic Charge|p1a: Iron Moth
|-end|p1a: Iron Moth|Substitute
|-heal|p2a: Glut|69/100|[from] drain|[of] p1a: Iron Moth
|
|upkeep
|turn|14
|
|t:|1760462475
|move|p1a: Iron Moth|Fiery Dance|p2a: Glut
|-damage|p2a: Glut|18/100
|-boost|p1a: Iron Moth|spa|1
|-start|p2a: Glut|Charge|Fiery Dance|[from] ability: Electromorphosis
|move|p2a: Glut|Parabolic Charge|p1a: Iron Moth
|-damage|p1a: Iron Moth|0 fnt
|-heal|p2a: Glut|36/100|[from] drain|[of] p1a: Iron Moth
|faint|p1a: Iron Moth
|-end|p1a: Iron Moth|Quark Drive|[silent]
|-end|p2a: Glut|Charge|[silent]
|
|upkeep
|
|t:|1760462481
|switch|p1a: Iron Valiant|Iron Valiant|100/100
|-enditem|p1a: Iron Valiant|Booster Energy
|-activate|p1a: Iron Valiant|ability: Quark Drive|[fromitem]
|-start|p1a: Iron Valiant|quarkdrivespa
|turn|15
|
|t:|1760462499
|-terastallize|p2a: Glut|Poison
|move|p1a: Iron Valiant|Moonblast|p2a: Glut
|-resisted|p2a: Glut
|-damage|p2a: Glut|4/100
|-unboost|p2a: Glut|spa|1
|-start|p2a: Glut|Charge|Moonblast|[from] ability: Electromorphosis
|move|p2a: Glut|Parabolic Charge|p1a: Iron Valiant
|-damage|p1a: Iron Valiant|22/100
|-heal|p2a: Glut|33/100|[from] drain|[of] p1a: Iron Valiant
|-end|p2a: Glut|Charge|[silent]
|
|upkeep
|turn|16
|inactive|Doomingo has 120 seconds left.
|
|t:|1760462545
|move|p1a: Iron Valiant|Shadow Ball|p2a: Glut
|-damage|p2a: Glut|0 fnt
|faint|p2a: Glut
|
|upkeep
|
|t:|1760462558
|switch|p2a: Buzz|Scizor, M|28/100
|turn|17
|
|t:|1760462565
|move|p1a: Iron Valiant|Vacuum Wave|p2a: Buzz
|-damage|p2a: Buzz|5/100
|move|p2a: Buzz|Bullet Punch|p1a: Iron Valiant
|-supereffective|p1a: Iron Valiant
|-damage|p1a: Iron Valiant|0 fnt
|faint|p1a: Iron Valiant
|-end|p1a: Iron Valiant|Quark Drive|[silent]
|
|-heal|p2a: Buzz|12/100|[from] item: Leftovers
|upkeep
|
|t:|1760462573
|switch|p1a: Pokelee|Cetitan, M, tera:Water|86/100
|turn|18
|
|t:|1760462578
|move|p1a: Pokelee|Ice Shard|p2a: Buzz
|-resisted|p2a: Buzz
|-crit|p2a: Buzz
|-damage|p2a: Buzz|0 fnt
|faint|p2a: Buzz
|-damage|p1a: Pokelee|76/100|[from] item: Life Orb
|
|upkeep
|inactive|Doomingo has 90 seconds left.
|inactive|Doomingo has 60 seconds left.
|
|t:|1760462641
|switch|p2a: Mastodown!|Mamoswine, M, shiny|100/100
|turn|19
|inactive|Doomingo has 60 seconds left.
|
|t:|1760462652
|switch|p2a: Ring A Round|Comfey, M|100/100
|move|p1a: Pokelee|Liquidation|p2a: Ring A Round
|-damage|p2a: Ring A Round|4/100
|
|upkeep
|turn|20
|inactive|Doomingo has 60 seconds left.
|
|t:|1760462675
|move|p2a: Ring A Round|Draining Kiss|p1a: Pokelee
|-damage|p1a: Pokelee|54/100
|-heal|p2a: Ring A Round|31/100|[from] drain|[of] p1a: Pokelee
|move|p1a: Pokelee|Liquidation|p2a: Ring A Round
|-damage|p2a: Ring A Round|0 fnt
|faint|p2a: Ring A Round
|
|upkeep
|
|t:|1760462680
|switch|p2a: Mastodown!|Mamoswine, M, shiny|100/100
|turn|21
|
|t:|1760462685
|move|p1a: Pokelee|Ice Shard|p2a: Mastodown!
|-damage|p2a: Mastodown!|85/100
|-damage|p1a: Pokelee|44/100|[from] item: Life Orb
|move|p2a: Mastodown!|Earthquake|p1a: Pokelee
|-damage|p1a: Pokelee|0 fnt
|faint|p1a: Pokelee
|
|upkeep
|
|t:|1760462688
|switch|p1a: Kingambit|Kingambit, F|100/100
|-activate|p1a: Kingambit|ability: Supreme Overlord
|-start|p1a: Kingambit|fallen5|[silent]
|-item|p1a: Kingambit|Air Balloon
|turn|22
|
|t:|1760462692
|move|p2a: Mastodown!|Icicle Crash|p1a: Kingambit
|-resisted|p1a: Kingambit
|-damage|p1a: Kingambit|81/100
|-enditem|p1a: Kingambit|Air Balloon
|move|p1a: Kingambit|Low Kick|p2a: Mastodown!
|-supereffective|p2a: Mastodown!
|-crit|p2a: Mastodown!
|-damage|p2a: Mastodown!|0 fnt
|faint|p2a: Mastodown!
|
|win|icebrrg
|raw|icebrrg's rating: 1309 &rarr; <strong>1328</strong><br />(+19 for winning)
|raw|Doomingo's rating: 1291 &rarr; <strong>1267</strong><br />(-24 for losing)
|c|☆Doomingo|gg
|c|☆icebrrg|gg
|l|☆Doomingo
|player|p2|
|l|☆icebrrg
|player|p1|
