|j|☆lord mvee
|j|☆Pyrax69
|t:|1760444007
|gametype|singles
|player|p1|lord mvee|linebacker|1535
|player|p2|Pyrax69|cynthia-gen4|1445
|gen|9
|tier|[Gen 9] OU
|rated|
|rule|HP Percentage Mod: HP is shown in percentages
|rule|Endless Battle Clause: Forcing endless battles is banned
|rule|Species Clause: Limit one of each Pokémon
|rule|OHKO Clause: OHKO moves are banned
|rule|Evasion Items Clause: Evasion items are banned
|rule|Evasion Moves Clause: Evasion moves are banned
|rule|Evasion Abilities Clause: Evasion abilities are banned
|rule|Sleep Moves Clause: Sleep-inducing moves are banned
|clearpoke
|poke|p1|Mienshao, F|
|poke|p1|Slowking-Galar, M|
|poke|p1|Dondozo, M|
|poke|p1|Cinderace, F|
|poke|p1|Ting-Lu|
|poke|p1|Corviknight, M|
|poke|p2|Kommo-o, M|
|poke|p2|Weavile, F|
|poke|p2|Iron Crown|
|poke|p2|Cinderace, F|
|poke|p2|Raging Bolt|
|poke|p2|Primarina, M|
|teampreview
|inactive|Battle timer is ON: inactive players will automatically lose when time's up. (requested by lord mvee)
|
|t:|1760444022
|teamsize|p1|6
|teamsize|p2|6
|start
|switch|p1a: Mienshao|Mienshao, F|100/100
|switch|p2a: Primarina|Primarina, M|100/100
|turn|1
|
|t:|1760444043
|switch|p1a: Slowking|Slowking-Galar, M|100/100
|move|p2a: Primarina|Sparkling Aria|p1a: Slowking
|-damage|p1a: Slowking|62/100
|
|upkeep
|turn|2
|
|t:|1760444059
|move|p2a: Primarina|Calm Mind|p2a: Primarina
|-boost|p2a: Primarina|spa|1
|-boost|p2a: Primarina|spd|1
|-prepare|p1a: Slowking|Chilly Reception|[premajor]
|move|p1a: Slowking|Chilly Reception|p1a: Slowking
|-weather|Snowscape
|
|t:|1760444073
|switch|p1a: Ting-Lu|Ting-Lu|100/100|[from] Chilly Reception
|-ability|p1a: Ting-Lu|Vessel of Ruin
|
|-weather|Snowscape|[upkeep]
|upkeep
|turn|3
|
|t:|1760444082
|-terastallize|p1a: Ting-Lu|Ice
|move|p2a: Primarina|Sparkling Aria|p1a: Ting-Lu
|-damage|p1a: Ting-Lu|70/100
|move|p1a: Ting-Lu|Earthquake|p2a: Primarina
|-damage|p2a: Primarina|53/100
|
|-weather|Snowscape|[upkeep]
|-heal|p2a: Primarina|59/100|[from] item: Leftovers
|-heal|p1a: Ting-Lu|76/100|[from] item: Leftovers
|upkeep
|turn|4
|
|t:|1760444093
|move|p2a: Primarina|Draining Kiss|p1a: Ting-Lu
|-damage|p1a: Ting-Lu|58/100
|-heal|p2a: Primarina|79/100|[from] drain|[of] p1a: Ting-Lu
|move|p1a: Ting-Lu|Earthquake|p2a: Primarina
|-damage|p2a: Primarina|34/100
|
|-weather|Snowscape|[upkeep]
|-heal|p2a: Primarina|40/100|[from] item: Leftovers
|-heal|p1a: Ting-Lu|64/100|[from] item: Leftovers
|upkeep
|turn|5
|
|t:|1760444105
|move|p2a: Primarina|Sparkling Aria|p1a: Ting-Lu
|-damage|p1a: Ting-Lu|31/100
|move|p1a: Ting-Lu|Earthquake|p2a: Primarina
|-damage|p2a: Primarina|0 fnt
|faint|p2a: Primarina
|
|-weather|Snowscape|[upkeep]
|-heal|p1a: Ting-Lu|38/100|[from] item: Leftovers
|upkeep
|
|t:|1760444117
|switch|p2a: Kommo-o|Kommo-o, M|100/100
|turn|6
|
|t:|1760444122
|switch|p1a: Slowking|Slowking-Galar, M|96/100
|move|p2a: Kommo-o|Clangorous Soul|p2a: Kommo-o
|-boost|p2a: Kommo-o|atk|1
|-boost|p2a: Kommo-o|def|1
|-boost|p2a: Kommo-o|spa|1
|-boost|p2a: Kommo-o|spd|1
|-boost|p2a: Kommo-o|spe|1
|-damage|p2a: Kommo-o|68/100
|-enditem|p2a: Kommo-o|Throat Spray
|-boost|p2a: Kommo-o|spa|1|[from] item: Throat Spray
|
|-weather|none
|upkeep
|turn|7
|
|t:|1760444136
|-terastallize|p2a: Kommo-o|Normal
|move|p2a: Kommo-o|Boomburst|p1a: Slowking
|-damage|p1a: Slowking|0 fnt
|faint|p1a: Slowking
|
|upkeep
|
|t:|1760444154
|switch|p1a: Dondozo|Dondozo, M|100/100
|turn|8
|
|t:|1760444159
|move|p2a: Kommo-o|Boomburst|p1a: Dondozo
|-damage|p1a: Dondozo|64/100
|move|p1a: Dondozo|Liquidation|p2a: Kommo-o
|-damage|p2a: Kommo-o|39/100
|-unboost|p2a: Kommo-o|def|1
|
|-heal|p1a: Dondozo|70/100|[from] item: Leftovers
|upkeep
|turn|9
|
|t:|1760444169
|move|p2a: Kommo-o|Boomburst|p1a: Dondozo
|-damage|p1a: Dondozo|28/100
|move|p1a: Dondozo|Liquidation|p2a: Kommo-o
|-damage|p2a: Kommo-o|8/100
|
|-heal|p1a: Dondozo|34/100|[from] item: Leftovers
|upkeep
|turn|10
|
|t:|1760444180
|move|p2a: Kommo-o|Boomburst|p1a: Dondozo
|-damage|p1a: Dondozo|0 fnt
|faint|p1a: Dondozo
|
|upkeep
|
|t:|1760444182
|switch|p1a: Corviknight|Corviknight, M|100/100
|-ability|p1a: Corviknight|Pressure
|turn|11
|
|t:|1760444190
|move|p2a: Kommo-o|Flamethrower|p1a: Corviknight
|-supereffective|p1a: Corviknight
|-damage|p1a: Corviknight|4/100
|move|p1a: Corviknight|Body Press|p2a: Kommo-o
|-supereffective|p2a: Kommo-o
|-damage|p2a: Kommo-o|0 fnt
|faint|p2a: Kommo-o
|
|upkeep
|
|t:|1760444205
|switch|p2a: Raging Bolt|Raging Bolt|100/100
|-enditem|p2a: Raging Bolt|Booster Energy
|-activate|p2a: Raging Bolt|ability: Protosynthesis|[fromitem]
|-start|p2a: Raging Bolt|protosynthesisspa
|turn|12
|
|t:|1760444217
|switch|p1a: Ting-Lu|Ting-Lu, tera:Ice|38/100
|-ability|p1a: Ting-Lu|Vessel of Ruin
|move|p2a: Raging Bolt|Thunderbolt|p1a: Ting-Lu
|-damage|p1a: Ting-Lu|6/100
|
|-heal|p1a: Ting-Lu|12/100|[from] item: Leftovers
|upkeep
|turn|13
|
|t:|1760444227
|move|p2a: Raging Bolt|Dragon Pulse|p1a: Ting-Lu
|-damage|p1a: Ting-Lu|0 fnt
|faint|p1a: Ting-Lu
|
|upkeep
|
|t:|1760444242
|switch|p1a: Mienshao|Mienshao, F|100/100
|turn|14
|
|t:|1760444258
|move|p1a: Mienshao|Triple Axel|p2a: Raging Bolt
|-supereffective|p2a: Raging Bolt
|-damage|p2a: Raging Bolt|86/100
|-supereffective|p2a: Raging Bolt
|-damage|p2a: Raging Bolt|53/100
|-supereffective|p2a: Raging Bolt
|-crit|p2a: Raging Bolt
|-damage|p2a: Raging Bolt|0 fnt
|faint|p2a: Raging Bolt
|-end|p2a: Raging Bolt|Protosynthesis|[silent]
|-hitcount|p2: Raging Bolt|3
|-damage|p1a: Mienshao|91/100|[from] item: Life Orb
|
|upkeep
|
|t:|1760444269
|switch|p2a: Iron Crown|Iron Crown|100/100
|-enditem|p2a: Iron Crown|Booster Energy
|-activate|p2a: Iron Crown|ability: Quark Drive|[fromitem]
|-start|p2a: Iron Crown|quarkdrivespe
|turn|15
|
|t:|1760444297
|switch|p1a: Corviknight|Corviknight, M|4/100
|-ability|p1a: Corviknight|Pressure
|move|p2a: Iron Crown|Focus Blast|p1a: Corviknight|[miss]
|-miss|p2a: Iron Crown|p1a: Corviknight
|
|upkeep
|turn|16
|
|t:|1760444310
|move|p2a: Iron Crown|Tachyon Cutter|p1a: Corviknight
|-resisted|p1a: Corviknight
|-damage|p1a: Corviknight|0 fnt
|faint|p1a: Corviknight
|-hitcount|p1: Corviknight|1
|
|upkeep
|
|t:|1760444312
|switch|p1a: Cinderace|Cinderace, F|100/100
|turn|17
|inactive|Pyrax69 has 120 seconds left.
|
|t:|1760444340
|move|p2a: Iron Crown|Focus Blast|p1a: Cinderace|[miss]
|-miss|p2a: Iron Crown|p1a: Cinderace
|move|p1a: Cinderace|Pyro Ball|p2a: Iron Crown|[miss]
|-miss|p1a: Cinderace|p2a: Iron Crown
|
|upkeep
|turn|18
|inactive|Pyrax69 has 120 seconds left.
|
|t:|1760444367
|move|p2a: Iron Crown|Focus Blast|p1a: Cinderace
|-damage|p1a: Cinderace|57/100
|move|p1a: Cinderace|Pyro Ball|p2a: Iron Crown
|-supereffective|p2a: Iron Crown
|-damage|p2a: Iron Crown|5/100
|
|upkeep
|turn|19
|
|t:|1760444389
|move|p2a: Iron Crown|Tachyon Cutter|p1a: Cinderace
|-resisted|p1a: Cinderace
|-damage|p1a: Cinderace|43/100
|-resisted|p1a: Cinderace
|-damage|p1a: Cinderace|29/100
|-hitcount|p1a: Cinderace|2
|move|p1a: Cinderace|U-turn|p2a: Iron Crown
|-damage|p2a: Iron Crown|0 fnt
|faint|p2a: Iron Crown
|-end|p2a: Iron Crown|Quark Drive|[silent]
|
|t:|1760444390
|switch|p1a: Mienshao|Mienshao, F|100/100|[from] U-turn
|
|upkeep
|
|t:|1760444406
|switch|p2a: Cinderace|Cinderace, F|100/100
|turn|20
|
|t:|1760444422
|move|p2a: Cinderace|Gunk Shot|p1a: Mienshao
|-start|p2a: Cinderace|typechange|Poison|[from] ability: Libero
|-damage|p1a: Mienshao|0 fnt
|faint|p1a: Mienshao
|
|upkeep
|
|t:|1760444425
|switch|p1a: Cinderace|Cinderace, F|29/100
|turn|21
|-message|lord mvee forfeited.
|
|win|Pyrax69
|raw|lord mvee's rating: 1560 &rarr; <strong>1534</strong><br />(-26 for losing)
|raw|Pyrax69's rating: 1445 &rarr; <strong>1471</strong><br />(+26 for winning)
|l|☆lord mvee
|player|p1|
|l|☆Pyrax69
|player|p2|
