|badge|p1|bronze|gen9ou|100-7
|uhtml|medal-msg|<div class="broadcast-blue">Curious what those medals under the avatar are? PS now has Ladder Seasons! For more information, check out the <a href="https://www.smogon.com/forums/threads/3740067/">thread on Smogon.</a></div>
|j|☆ridlostar
|j|☆yesterdaymister
|t:|1760301577
|gametype|singles
|player|p1|ridlostar|hilbert|1854
|player|p2|yesterdaymister|striker|1826
|gen|9
|tier|[Gen 9] OU
|rated|
|rule|HP Percentage Mod: HP is shown in percentages
|rule|Endless Battle Clause: Forcing endless battles is banned
|rule|Species Clause: Limit one of each Pokémon
|rule|OHKO Clause: OHKO moves are banned
|rule|Evasion Items Clause: Evasion items are banned
|rule|Evasion Moves Clause: Evasion moves are banned
|rule|Evasion Abilities Clause: Evasion abilities are banned
|rule|Sleep Moves Clause: Sleep-inducing moves are banned
|clearpoke
|poke|p1|Toedscruel, M|
|poke|p1|Darkrai|
|poke|p1|Cresselia, F|
|poke|p1|Clodsire, M|
|poke|p1|Dragonite, M|
|poke|p1|Alomomola, M|
|poke|p2|Ninetales, M|
|poke|p2|Ceruledge, M|
|poke|p2|Venusaur, F|
|poke|p2|Hatterene, F|
|poke|p2|Great Tusk|
|poke|p2|Walking Wake|
|teampreview
|inactive|Battle timer is ON: inactive players will automatically lose when time's up. (requested by yesterdaymister)
|inactive|yesterdaymister has 120 seconds left.
|
|t:|1760301608
|teamsize|p1|6
|teamsize|p2|6
|start
|switch|p1a: Keanu Reeves|Darkrai|100/100
|switch|p2a: arda guler|Ninetales, M|100/100
|-weather|SunnyDay|[from] ability: Drought|[of] p2a: arda guler
|turn|1
|
|t:|1760301614
|switch|p2a: maccabi|Hatterene, F|100/100
|move|p1a: Keanu Reeves|Knock Off|p2a: maccabi
|-crit|p2a: maccabi
|-damage|p2a: maccabi|48/100
|-enditem|p2a: maccabi|Eject Button|[from] move: Knock Off|[of] p1a: Keanu Reeves
|
|-weather|SunnyDay|[upkeep]
|upkeep
|turn|2
|
|t:|1760301624
|switch|p1a: Squidward?|Toedscruel, M|100/100
|move|p2a: maccabi|Dazzling Gleam|p1a: Squidward?
|-damage|p1a: Squidward?|69/100
|
|-weather|SunnyDay|[upkeep]
|upkeep
|turn|3
|
|t:|1760301638
|switch|p1a: Fair and Balanced|Alomomola, M|100/100
|switch|p2a: hans vanaken|Venusaur, F|100/100
|
|-weather|SunnyDay|[upkeep]
|upkeep
|turn|4
|
|t:|1760301650
|move|p2a: hans vanaken|Growth|p2a: hans vanaken
|-boost|p2a: hans vanaken|atk|2
|-boost|p2a: hans vanaken|spa|2
|move|p1a: Fair and Balanced|Flip Turn|p2a: hans vanaken
|-resisted|p2a: hans vanaken
|-damage|p2a: hans vanaken|96/100
|
|t:|1760301652
|switch|p1a: Big Man|Clodsire, M|100/100|[from] Flip Turn
|
|-weather|SunnyDay|[upkeep]
|upkeep
|turn|5
|
|t:|1760301659
|move|p2a: hans vanaken|Weather Ball|p1a: Big Man
|-damage|p1a: Big Man|57/100
|-damage|p2a: hans vanaken|86/100|[from] item: Life Orb
|move|p1a: Big Man|Stockpile|p1a: Big Man
|-start|p1a: Big Man|stockpile1
|-boost|p1a: Big Man|def|1
|-boost|p1a: Big Man|spd|1
|
|-weather|SunnyDay|[upkeep]
|-heal|p1a: Big Man|64/100|[from] item: Leftovers
|upkeep
|turn|6
|
|t:|1760301677
|move|p2a: hans vanaken|Weather Ball|p1a: Big Man
|-damage|p1a: Big Man|34/100
|-damage|p2a: hans vanaken|76/100|[from] item: Life Orb
|move|p1a: Big Man|Recover|p1a: Big Man
|-heal|p1a: Big Man|84/100
|
|-weather|SunnyDay|[upkeep]
|-heal|p1a: Big Man|91/100|[from] item: Leftovers
|upkeep
|turn|7
|
|t:|1760301688
|switch|p2a: maccabi|Hatterene, F|48/100
|move|p1a: Big Man|Stockpile|p1a: Big Man
|-start|p1a: Big Man|stockpile2
|-boost|p1a: Big Man|def|1
|-boost|p1a: Big Man|spd|1
|
|-weather|SunnyDay|[upkeep]
|-heal|p1a: Big Man|97/100|[from] item: Leftovers
|upkeep
|turn|8
|
|t:|1760301696
|switch|p2a: mignolet|Great Tusk|100/100
|-activate|p2a: mignolet|ability: Protosynthesis
|-start|p2a: mignolet|protosynthesisspe
|move|p1a: Big Man|Earthquake|p2a: mignolet
|-damage|p2a: mignolet|83/100
|
|-weather|none
|-end|p2a: mignolet|Protosynthesis
|-heal|p1a: Big Man|100/100|[from] item: Leftovers
|upkeep
|turn|9
|
|t:|1760301701
|move|p2a: mignolet|Stealth Rock|p1a: Big Man
|-sidestart|p1: ridlostar|move: Stealth Rock
|move|p1a: Big Man|Toxic|p2a: mignolet
|-status|p2a: mignolet|tox
|
|-damage|p2a: mignolet|76/100 tox|[from] psn
|upkeep
|turn|10
|
|t:|1760301706
|move|p2a: mignolet|Headlong Rush|p1a: Big Man
|-supereffective|p1a: Big Man
|-damage|p1a: Big Man|59/100
|-unboost|p2a: mignolet|def|1
|-unboost|p2a: mignolet|spd|1
|move|p1a: Big Man|Stockpile|p1a: Big Man
|-start|p1a: Big Man|stockpile3
|-boost|p1a: Big Man|def|1
|-boost|p1a: Big Man|spd|1
|
|-heal|p1a: Big Man|65/100|[from] item: Leftovers
|-damage|p2a: mignolet|64/100 tox|[from] psn
|upkeep
|turn|11
|
|t:|1760301719
|move|p2a: mignolet|Headlong Rush|p1a: Big Man
|-supereffective|p1a: Big Man
|-damage|p1a: Big Man|36/100
|-unboost|p2a: mignolet|def|1
|-unboost|p2a: mignolet|spd|1
|move|p1a: Big Man|Recover|p1a: Big Man
|-heal|p1a: Big Man|86/100
|
|-heal|p1a: Big Man|93/100|[from] item: Leftovers
|-damage|p2a: mignolet|45/100 tox|[from] psn
|upkeep
|turn|12
|
|t:|1760301727
|-end|p2a: mignolet|Protosynthesis|[silent]
|switch|p2a: arda guler|Ninetales, M|100/100
|-weather|SunnyDay|[from] ability: Drought|[of] p2a: arda guler
|move|p1a: Big Man|Earthquake|p2a: arda guler
|-supereffective|p2a: arda guler
|-damage|p2a: arda guler|30/100
|
|-weather|SunnyDay|[upkeep]
|-heal|p1a: Big Man|99/100|[from] item: Leftovers
|upkeep
|turn|13
|
|t:|1760301734
|switch|p2a: maccabi|Hatterene, F|48/100
|move|p1a: Big Man|Toxic|p2a: maccabi
|move|p2a: maccabi|Toxic|p1a: Big Man|[from] ability: Magic Bounce
|-immune|p1a: Big Man
|
|-weather|SunnyDay|[upkeep]
|-heal|p1a: Big Man|100/100|[from] item: Leftovers
|upkeep
|turn|14
|
|t:|1760301742
|move|p2a: maccabi|Healing Wish|p2a: maccabi
|faint|p2a: maccabi
|move|p1a: Big Man|Earthquake|p2: maccabi|[notarget]
|-fail|p1a: Big Man
|
|-weather|SunnyDay|[upkeep]
|upkeep
|
|t:|1760301748
|switch|p2a: chama|Walking Wake|100/100
|-activate|p2a: chama|ability: Protosynthesis
|-start|p2a: chama|protosynthesisspa
|turn|15
|
|t:|1760301758
|-terastallize|p2a: chama|Water
|-terastallize|p1a: Big Man|Dark
|move|p2a: chama|Hydro Steam|p1a: Big Man
|-damage|p1a: Big Man|48/100
|move|p1a: Big Man|Toxic|p2a: chama
|-status|p2a: chama|tox
|
|-weather|SunnyDay|[upkeep]
|-heal|p1a: Big Man|55/100|[from] item: Leftovers
|-damage|p2a: chama|94/100 tox|[from] psn
|upkeep
|turn|16
|
|t:|1760301769
|move|p2a: chama|Hydro Steam|p1a: Big Man
|-damage|p1a: Big Man|0 fnt
|faint|p1a: Big Man
|
|-weather|SunnyDay|[upkeep]
|-damage|p2a: chama|82/100 tox|[from] psn
|upkeep
|
|t:|1760301778
|switch|p1a: Keanu Reeves|Darkrai|100/100
|-damage|p1a: Keanu Reeves|88/100|[from] Stealth Rock
|turn|17
|
|t:|1760301786
|move|p1a: Keanu Reeves|Knock Off|p2a: chama
|-damage|p2a: chama|37/100 tox
|-enditem|p2a: chama|Choice Specs|[from] move: Knock Off|[of] p1a: Keanu Reeves
|move|p2a: chama|Hydro Steam|p1a: Keanu Reeves
|-damage|p1a: Keanu Reeves|0 fnt
|faint|p1a: Keanu Reeves
|
|-weather|SunnyDay|[upkeep]
|-damage|p2a: chama|18/100 tox|[from] psn
|upkeep
|
|t:|1760301807
|switch|p1a: Squidward?|Toedscruel, M|69/100
|turn|18
|
|t:|1760301815
|-end|p2a: chama|Protosynthesis|[silent]
|switch|p2a: hans vanaken|Venusaur, F|76/100
|-heal|p2a: hans vanaken|100/100|[from] move: Healing Wish
|move|p1a: Squidward?|Rapid Spin|p2a: hans vanaken
|-damage|p2a: hans vanaken|90/100
|-boost|p1a: Squidward?|spe|1
|-sideend|p1: ridlostar|Stealth Rock|[from] move: Rapid Spin|[of] p1a: Squidward?
|
|-weather|SunnyDay|[upkeep]
|upkeep
|turn|19
|
|t:|1760301826
|move|p2a: hans vanaken|Weather Ball|p1a: Squidward?
|-supereffective|p1a: Squidward?
|-damage|p1a: Squidward?|0 fnt
|faint|p1a: Squidward?
|-damage|p2a: hans vanaken|80/100|[from] item: Life Orb
|
|-weather|none
|upkeep
|
|t:|1760301842
|switch|p1a: why|Cresselia, F, shiny|100/100
|turn|20
|
|t:|1760301869
|switch|p2a: chama|Walking Wake, tera:Water|18/100 tox
|move|p1a: why|Calm Mind|p1a: why
|-boost|p1a: why|spa|1
|-boost|p1a: why|spd|1
|
|-damage|p2a: chama|12/100 tox|[from] psn
|upkeep
|turn|21
|
|t:|1760301874
|-end|p2a: chama|Protosynthesis|[silent]
|switch|p2a: arda guler|Ninetales, M|30/100
|-weather|SunnyDay|[from] ability: Drought|[of] p2a: arda guler
|move|p1a: why|Calm Mind|p1a: why
|-boost|p1a: why|spa|1
|-boost|p1a: why|spd|1
|
|-weather|SunnyDay|[upkeep]
|upkeep
|turn|22
|
|t:|1760301878
|move|p2a: arda guler|Encore|p1a: why
|-start|p1a: why|Encore
|move|p1a: why|Calm Mind|p1a: why
|-boost|p1a: why|spa|1
|-boost|p1a: why|spd|1
|
|-weather|SunnyDay|[upkeep]
|upkeep
|turn|23
|
|t:|1760301880
|switch|p2a: lebron|Ceruledge, M|100/100
|move|p1a: why|Calm Mind|p1a: why
|-boost|p1a: why|spa|1
|-boost|p1a: why|spd|1
|
|-weather|SunnyDay|[upkeep]
|upkeep
|turn|24
|
|t:|1760301883
|move|p2a: lebron|Poltergeist|p1a: why
|-activate|p1a: why|move: Poltergeist|Leftovers
|-supereffective|p1a: why
|-damage|p1a: why|46/100
|move|p1a: why|Calm Mind|p1a: why
|-boost|p1a: why|spa|1
|-boost|p1a: why|spd|1
|
|-weather|SunnyDay|[upkeep]
|-heal|p1a: why|52/100|[from] item: Leftovers
|-end|p1a: why|Encore
|upkeep
|turn|25
|
|t:|1760301891
|switch|p1a: Fair and Balanced|Alomomola, M|100/100
|move|p2a: lebron|Poltergeist|p1a: Fair and Balanced
|-activate|p1a: Fair and Balanced|move: Poltergeist|Heavy-Duty Boots
|-damage|p1a: Fair and Balanced|56/100
|
|-weather|SunnyDay|[upkeep]
|upkeep
|turn|26
|
|t:|1760301898
|move|p2a: lebron|Swords Dance|p2a: lebron
|-boost|p2a: lebron|atk|2
|move|p1a: Fair and Balanced|Scald|p2a: lebron
|-supereffective|p2a: lebron
|-damage|p2a: lebron|85/100
|
|-weather|SunnyDay|[upkeep]
|upkeep
|turn|27
|
|t:|1760301909
|move|p2a: lebron|Poltergeist|p1a: Fair and Balanced
|-activate|p1a: Fair and Balanced|move: Poltergeist|Heavy-Duty Boots
|-damage|p1a: Fair and Balanced|0 fnt
|faint|p1a: Fair and Balanced
|
|-weather|SunnyDay|[upkeep]
|upkeep
|
|t:|1760301911
|switch|p1a: him|Dragonite, M|100/100
|turn|28
|
|t:|1760301917
|move|p2a: lebron|Bitter Blade|p1a: him
|-resisted|p1a: him
|-damage|p1a: him|63/100
|-heal|p2a: lebron|100/100|[from] drain|[of] p1a: him
|move|p1a: him|Outrage|p2a: lebron
|-damage|p2a: lebron|8/100
|-ability|p2a: lebron|Weak Armor|boost
|-unboost|p2a: lebron|def|1
|-boost|p2a: lebron|spe|2
|
|-weather|none
|-heal|p1a: him|69/100|[from] item: Leftovers
|upkeep
|turn|29
|
|t:|1760301932
|move|p2a: lebron|Bitter Blade|p1a: him
|-resisted|p1a: him
|-damage|p1a: him|23/100
|-heal|p2a: lebron|34/100|[from] drain|[of] p1a: him
|move|p1a: him|Outrage|p2a: lebron|[from] lockedmove
|-damage|p2a: lebron|0 fnt
|faint|p2a: lebron
|-start|p1a: him|confusion|[fatigue]
|
|-heal|p1a: him|29/100|[from] item: Leftovers
|upkeep
|
|t:|1760301947
|switch|p2a: arda guler|Ninetales, M|30/100
|-weather|SunnyDay|[from] ability: Drought|[of] p2a: arda guler
|turn|30
|
|t:|1760301951
|move|p2a: arda guler|Healing Wish|p2a: arda guler
|faint|p2a: arda guler
|-activate|p1a: him|confusion
|move|p1a: him|Roost|p1a: him
|-heal|p1a: him|79/100
|-singleturn|p1a: him|move: Roost
|
|-weather|SunnyDay|[upkeep]
|-heal|p1a: him|85/100|[from] item: Leftovers
|upkeep
|inactive|yesterdaymister has 120 seconds left.
|
|t:|1760301990
|switch|p2a: chama|Walking Wake, tera:Water|12/100 tox
|-heal|p2a: chama|100/100|[from] move: Healing Wish
|-activate|p2a: chama|ability: Protosynthesis
|-start|p2a: chama|protosynthesisspa
|turn|31
|inactive|yesterdaymister has 120 seconds left.
|
|t:|1760301998
|move|p2a: chama|Dragon Pulse|p1a: him
|-supereffective|p1a: him
|-damage|p1a: him|0 fnt
|faint|p1a: him
|
|-weather|SunnyDay|[upkeep]
|upkeep
|
|t:|1760302000
|switch|p1a: why|Cresselia, F, shiny|52/100
|turn|32
|
|t:|1760302005
|move|p2a: chama|Dragon Pulse|p1a: why
|-damage|p1a: why|13/100
|move|p1a: why|Moonlight|p1a: why
|-heal|p1a: why|80/100
|
|-weather|SunnyDay|[upkeep]
|-heal|p1a: why|86/100|[from] item: Leftovers
|upkeep
|turn|33
|
|t:|1760302010
|-end|p2a: chama|Protosynthesis|[silent]
|switch|p2a: hans vanaken|Venusaur, F|80/100
|move|p1a: why|Calm Mind|p1a: why
|-boost|p1a: why|spa|1
|-boost|p1a: why|spd|1
|
|-weather|SunnyDay|[upkeep]
|-heal|p1a: why|92/100|[from] item: Leftovers
|upkeep
|turn|34
|
|t:|1760302014
|move|p2a: hans vanaken|Growth|p2a: hans vanaken
|-boost|p2a: hans vanaken|atk|2
|-boost|p2a: hans vanaken|spa|2
|move|p1a: why|Calm Mind|p1a: why
|-boost|p1a: why|spa|1
|-boost|p1a: why|spd|1
|
|-weather|SunnyDay|[upkeep]
|-heal|p1a: why|98/100|[from] item: Leftovers
|upkeep
|turn|35
|
|t:|1760302020
|move|p2a: hans vanaken|Growth|p2a: hans vanaken
|-boost|p2a: hans vanaken|atk|2
|-boost|p2a: hans vanaken|spa|2
|move|p1a: why|Stored Power|p2a: hans vanaken
|-supereffective|p2a: hans vanaken
|-damage|p2a: hans vanaken|0 fnt
|faint|p2a: hans vanaken
|
|-weather|SunnyDay|[upkeep]
|-heal|p1a: why|100/100|[from] item: Leftovers
|upkeep
|
|t:|1760302023
|switch|p2a: chama|Walking Wake, tera:Water|100/100
|-activate|p2a: chama|ability: Protosynthesis
|-start|p2a: chama|protosynthesisspa
|turn|36
|
|t:|1760302028
|move|p2a: chama|Hydro Steam|p1a: why
|-damage|p1a: why|64/100
|move|p1a: why|Moonlight|p1a: why
|-heal|p1a: why|100/100
|
|-weather|SunnyDay|[upkeep]
|upkeep
|turn|37
|
|t:|1760302036
|move|p2a: chama|Hydro Steam|p1a: why
|-damage|p1a: why|62/100
|move|p1a: why|Stored Power|p2a: chama
|-damage|p2a: chama|36/100
|
|-weather|none
|-end|p2a: chama|Protosynthesis
|-heal|p1a: why|68/100|[from] item: Leftovers
|upkeep
|turn|38
|
|t:|1760302047
|move|p2a: chama|Draco Meteor|p1a: why
|-damage|p1a: why|43/100
|-unboost|p2a: chama|spa|2
|move|p1a: why|Moonlight|p1a: why
|-heal|p1a: why|93/100
|
|-heal|p1a: why|99/100|[from] item: Leftovers
|upkeep
|turn|39
|
|t:|1760302051
|-end|p2a: chama|Protosynthesis|[silent]
|switch|p2a: mignolet|Great Tusk|45/100 tox
|move|p1a: why|Stored Power|p2a: mignolet
|-supereffective|p2a: mignolet
|-damage|p2a: mignolet|0 fnt
|faint|p2a: mignolet
|-end|p2a: mignolet|Protosynthesis|[silent]
|
|-heal|p1a: why|100/100|[from] item: Leftovers
|upkeep
|-message|yesterdaymister forfeited.
|
|win|ridlostar
|raw|ridlostar's rating: 1854 &rarr; <strong>1872</strong><br />(+18 for winning)
|raw|yesterdaymister's rating: 1826 &rarr; <strong>1808</strong><br />(-18 for losing)
|l|☆yesterdaymister
|player|p2|
|l|☆ridlostar
|player|p1|
