|j|☆Bruhdder
|j|☆noodlewill
|t:|1760328594
|gametype|singles
|player|p1|Bruhdder|102|1082
|player|p2|noodlewill|ghetsis-gen5bw|1063
|gen|9
|tier|[Gen 9] OU
|rated|
|rule|HP Percentage Mod: HP is shown in percentages
|rule|Endless Battle Clause: Forcing endless battles is banned
|rule|Species Clause: Limit one of each Pokémon
|rule|OHKO Clause: OHKO moves are banned
|rule|Evasion Items Clause: Evasion items are banned
|rule|Evasion Moves Clause: Evasion moves are banned
|rule|Evasion Abilities Clause: Evasion abilities are banned
|rule|Sleep Moves Clause: Sleep-inducing moves are banned
|clearpoke
|poke|p1|Milotic, F|
|poke|p1|Tornadus-Therian, M|
|poke|p1|Samurott-Hisui, F|
|poke|p1|Latias, F|
|poke|p1|Pecharunt|
|poke|p1|Iron Treads|
|poke|p2|Skeledirge, F|
|poke|p2|Gliscor, F|
|poke|p2|Hydrapple, F|
|poke|p2|Hatterene, F|
|poke|p2|Samurott-Hisui, F|
|poke|p2|Scizor, F|
|teampreview
|inactive|Battle timer is ON: inactive players will automatically lose when time's up. (requested by noodlewill)
|inactive|Bruhdder also wants the timer to be on.
|
|t:|1760328608
|teamsize|p1|6
|teamsize|p2|6
|start
|switch|p1a: Pecharunt|Pecharunt|100/100
|switch|p2a: Samurott|Samurott-Hisui, F|100/100
|turn|1
|
|t:|1760328615
|switch|p1a: Samurott|Samurott-Hisui, F|100/100
|move|p2a: Samurott|Ceaseless Edge|p1a: Samurott
|-resisted|p1a: Samurott
|-damage|p1a: Samurott|70/100
|-sidestart|p1: Bruhdder|Spikes
|
|upkeep
|turn|2
|
|t:|1760328624
|move|p1a: Samurott|Ceaseless Edge|p2a: Samurott
|-resisted|p2a: Samurott
|-damage|p2a: Samurott|71/100
|-sidestart|p2: noodlewill|Spikes
|move|p2a: Samurott|Sacred Sword|p1a: Samurott
|-supereffective|p1a: Samurott
|-damage|p1a: Samurott|0 fnt
|faint|p1a: Samurott
|
|upkeep
|
|t:|1760328641
|switch|p1a: Tornadus|Tornadus-Therian, M|100/100
|turn|3
|
|t:|1760328645
|move|p1a: Tornadus|U-turn|p2a: Samurott
|-supereffective|p2a: Samurott
|-damage|p2a: Samurott|37/100
|
|t:|1760328650
|switch|p1a: Milotic|Milotic, F|100/100|[from] U-turn
|-damage|p1a: Milotic|88/100|[from] Spikes
|move|p2a: Samurott|Aqua Cutter|p1a: Milotic
|-resisted|p1a: Milotic
|-damage|p1a: Milotic|69/100
|
|-status|p1a: Milotic|tox|[from] item: Toxic Orb
|upkeep
|turn|4
|
|t:|1760328659
|move|p2a: Samurott|Ceaseless Edge|p1a: Milotic
|-damage|p1a: Milotic|47/100 tox
|-sidestart|p1: Bruhdder|Spikes
|move|p1a: Milotic|Dragon Pulse|p2a: Samurott
|-damage|p2a: Samurott|17/100
|
|-damage|p1a: Milotic|41/100 tox|[from] psn
|upkeep
|turn|5
|
|t:|1760328665
|move|p2a: Samurott|Ceaseless Edge|p1a: Milotic
|-damage|p1a: Milotic|19/100 tox
|-sidestart|p1: Bruhdder|Spikes
|move|p1a: Milotic|Dragon Pulse|p2a: Samurott
|-damage|p2a: Samurott|0 fnt
|faint|p2a: Samurott
|
|-damage|p1a: Milotic|7/100 tox|[from] psn
|upkeep
|
|t:|1760328670
|switch|p2a: Scizor|Scizor, F|100/100
|-damage|p2a: Scizor|88/100|[from] Spikes
|turn|6
|
|t:|1760328675
|move|p2a: Scizor|Quick Attack|p1a: Milotic
|-damage|p1a: Milotic|0 fnt
|faint|p1a: Milotic
|-damage|p2a: Scizor|78/100|[from] item: Life Orb
|
|upkeep
|
|t:|1760328683
|switch|p1a: Iron Treads|Iron Treads|100/100
|-damage|p1a: Iron Treads|76/100|[from] Spikes
|-enditem|p1a: Iron Treads|Booster Energy
|-activate|p1a: Iron Treads|ability: Quark Drive|[fromitem]
|-start|p1a: Iron Treads|quarkdrivespe
|turn|7
|
|t:|1760328688
|switch|p2a: Hydrapple|Hydrapple, F, shiny|100/100
|-damage|p2a: Hydrapple|88/100|[from] Spikes
|move|p1a: Iron Treads|Rapid Spin|p2a: Hydrapple
|-damage|p2a: Hydrapple|78/100
|-boost|p1a: Iron Treads|spe|1
|-damage|p1a: Iron Treads|59/100|[from] item: Rocky Helmet|[of] p2a: Hydrapple
|-sideend|p1: Bruhdder|Spikes|[from] move: Rapid Spin|[of] p1a: Iron Treads
|
|upkeep
|turn|8
|
|t:|1760328696
|move|p1a: Iron Treads|Ice Spinner|p2a: Hydrapple
|-supereffective|p2a: Hydrapple
|-damage|p2a: Hydrapple|4/100
|-damage|p1a: Iron Treads|43/100|[from] item: Rocky Helmet|[of] p2a: Hydrapple
|move|p2a: Hydrapple|Nasty Plot|p2a: Hydrapple
|-boost|p2a: Hydrapple|spa|2
|
|upkeep
|turn|9
|
|t:|1760328704
|move|p1a: Iron Treads|Earthquake|p2a: Hydrapple
|-resisted|p2a: Hydrapple
|-damage|p2a: Hydrapple|0 fnt
|faint|p2a: Hydrapple
|
|upkeep
|
|t:|1760328708
|switch|p2a: Gliscor|Gliscor, F|100/100
|turn|10
|
|t:|1760328710
|move|p2a: Gliscor|Protect|p2a: Gliscor
|-singleturn|p2a: Gliscor|Protect
|move|p1a: Iron Treads|Ice Spinner|p2a: Gliscor
|-activate|p2a: Gliscor|move: Protect
|
|-status|p2a: Gliscor|tox|[from] item: Toxic Orb
|upkeep
|turn|11
|
|t:|1760328722
|switch|p2a: Skeledirge|Skeledirge, F|100/100
|-damage|p2a: Skeledirge|88/100|[from] Spikes
|move|p1a: Iron Treads|Ice Spinner|p2a: Skeledirge
|-resisted|p2a: Skeledirge
|-damage|p2a: Skeledirge|77/100
|
|-heal|p2a: Skeledirge|84/100|[from] item: Leftovers
|upkeep
|turn|12
|
|t:|1760328728
|move|p1a: Iron Treads|Earthquake|p2a: Skeledirge
|-supereffective|p2a: Skeledirge
|-damage|p2a: Skeledirge|15/100
|move|p2a: Skeledirge|Torch Song|p1a: Iron Treads
|-supereffective|p1a: Iron Treads
|-damage|p1a: Iron Treads|0 fnt
|-boost|p2a: Skeledirge|spa|1
|faint|p1a: Iron Treads
|-end|p1a: Iron Treads|Quark Drive|[silent]
|
|-heal|p2a: Skeledirge|21/100|[from] item: Leftovers
|upkeep
|
|t:|1760328735
|switch|p1a: Tornadus|Tornadus-Therian, M|100/100
|turn|13
|
|t:|1760328738
|move|p1a: Tornadus|Dark Pulse|p2a: Skeledirge
|-supereffective|p2a: Skeledirge
|-damage|p2a: Skeledirge|0 fnt
|faint|p2a: Skeledirge
|
|upkeep
|
|t:|1760328741
|switch|p2a: Hatterene|Hatterene, F|100/100
|-damage|p2a: Hatterene|88/100|[from] Spikes
|turn|14
|
|t:|1760328748
|move|p1a: Tornadus|Sludge Wave|p2a: Hatterene
|-supereffective|p2a: Hatterene
|-damage|p2a: Hatterene|24/100
|move|p2a: Hatterene|Thunder Wave|p1a: Tornadus
|-status|p1a: Tornadus|par
|
|upkeep
|turn|15
|
|t:|1760328756
|switch|p2a: Scizor|Scizor, F|78/100
|-damage|p2a: Scizor|66/100|[from] Spikes
|move|p1a: Tornadus|Sludge Wave|p2a: Scizor
|-immune|p2a: Scizor
|
|upkeep
|turn|16
|
|t:|1760328762
|move|p1a: Tornadus|Bleakwind Storm|p2a: Scizor
|-damage|p2a: Scizor|9/100
|move|p2a: Scizor|Swords Dance|p2a: Scizor
|-boost|p2a: Scizor|atk|2
|
|upkeep
|turn|17
|
|t:|1760328773
|move|p2a: Scizor|Bullet Punch|p1a: Tornadus
|-damage|p1a: Tornadus|0 fnt
|faint|p1a: Tornadus
|-damage|p2a: Scizor|0 fnt|[from] item: Life Orb
|faint|p2a: Scizor
|
|upkeep
|
|t:|1760328782
|switch|p1a: Pecharunt|Pecharunt|100/100
|switch|p2a: Hatterene|Hatterene, F|24/100
|-damage|p2a: Hatterene|12/100|[from] Spikes
|turn|18
|
|t:|1760328791
|-terastallize|p2a: Hatterene|Steel
|move|p1a: Pecharunt|Malignant Chain|p2a: Hatterene
|-immune|p2a: Hatterene
|move|p2a: Hatterene|Trick|p1a: Pecharunt
|-activate|p2a: Hatterene|move: Trick|[of] p1a: Pecharunt
|-item|p1a: Pecharunt|Choice Specs|[from] move: Trick
|-item|p2a: Hatterene|Rocky Helmet|[from] move: Trick
|
|upkeep
|turn|19
|
|t:|1760328805
|switch|p1a: Latias|Latias, F|100/100
|move|p2a: Hatterene|Thunder Wave|p1a: Latias|[miss]
|-miss|p2a: Hatterene|p1a: Latias
|
|upkeep
|turn|20
|
|t:|1760328813
|move|p1a: Latias|Mist Ball|p2a: Hatterene
|-resisted|p2a: Hatterene
|-crit|p2a: Hatterene
|-damage|p2a: Hatterene|0 fnt
|faint|p2a: Hatterene
|
|upkeep
|
|t:|1760328817
|switch|p2a: Gliscor|Gliscor, F|100/100 tox
|turn|21
|
|t:|1760328824
|move|p1a: Latias|Mist Ball|p2a: Gliscor
|-damage|p2a: Gliscor|22/100 tox
|move|p2a: Gliscor|U-turn|p1a: Latias
|-supereffective|p1a: Latias
|-damage|p1a: Latias|53/100
|
|-heal|p2a: Gliscor|34/100 tox|[from] ability: Poison Heal
|upkeep
|turn|22
|c|☆noodlewill|GG
|c|☆Bruhdder|gg
|c|☆noodlewill|Very well played
|
|t:|1760328845
|-terastallize|p1a: Latias|Electric
|move|p1a: Latias|Mist Ball|p2a: Gliscor
|-damage|p2a: Gliscor|0 fnt
|faint|p2a: Gliscor
|
|win|Bruhdder
|raw|Bruhdder's rating: 1082 &rarr; <strong>1108</strong><br />(+26 for winning)
|raw|noodlewill's rating: 1063 &rarr; <strong>1045</strong><br />(-18 for losing)
|c|☆Bruhdder|yeah you too
|l|☆Bruhdder
|player|p1|
|c|☆noodlewill|I thought trick had tou dead to rights
|l|☆noodlewill
|player|p2|
