|j|☆GauMongStyle
|j|☆eros maniac
|t:|1760446346
|gametype|singles
|player|p1|GauMongStyle|265|1723
|player|p2|eros maniac|hilbert-wonderlauncher|1729
|gen|9
|tier|[Gen 9] OU
|rated|
|rule|HP Percentage Mod: HP is shown in percentages
|rule|Endless Battle Clause: Forcing endless battles is banned
|rule|Species Clause: Limit one of each Pokémon
|rule|OHKO Clause: OHKO moves are banned
|rule|Evasion Items Clause: Evasion items are banned
|rule|Evasion Moves Clause: Evasion moves are banned
|rule|Evasion Abilities Clause: Evasion abilities are banned
|rule|Sleep Moves Clause: Sleep-inducing moves are banned
|clearpoke
|poke|p1|Iron Crown|
|poke|p1|Samurott-Hisui, F|
|poke|p1|Zapdos|
|poke|p1|Dragapult, M|
|poke|p1|Great Tusk|
|poke|p1|Iron Boulder|
|poke|p2|Frosmoth, F|
|poke|p2|Maushold-Four|
|poke|p2|Krookodile, F|
|poke|p2|Sinistcha|
|poke|p2|Alomomola, M|
|poke|p2|Weezing-Galar, M|
|teampreview
|inactive|Battle timer is ON: inactive players will automatically lose when time's up. (requested by GauMongStyle)
|
|t:|1760446365
|teamsize|p1|6
|teamsize|p2|6
|start
|switch|p1a: Everytime We Touch|Samurott-Hisui, F|100/100
|switch|p2a: Krookodile|Krookodile, F|100/100
|-ability|p2a: Krookodile|Intimidate|boost
|-unboost|p1a: Everytime We Touch|atk|1
|turn|1
|
|t:|1760446371
|move|p1a: Everytime We Touch|Razor Shell|p2a: Krookodile
|-supereffective|p2a: Krookodile
|-damage|p2a: Krookodile|27/100
|-unboost|p2a: Krookodile|def|1
|move|p2a: Krookodile|Close Combat|p1a: Everytime We Touch
|-supereffective|p1a: Everytime We Touch
|-damage|p1a: Everytime We Touch|0 fnt
|-unboost|p2a: Krookodile|def|1
|-unboost|p2a: Krookodile|spd|1
|faint|p1a: Everytime We Touch
|
|upkeep
|
|t:|1760446379
|switch|p1a: Parasite|Dragapult, M|100/100
|turn|2
|
|t:|1760446387
|switch|p2a: Weezing|Weezing-Galar, M|100/100
|-ability|p2a: Weezing|Neutralizing Gas
|move|p1a: Parasite|U-turn|p2a: Weezing
|-resisted|p2a: Weezing
|-damage|p2a: Weezing|95/100
|
|t:|1760446389
|switch|p1a: Mindreader|Iron Crown|100/100|[from] U-turn
|
|upkeep
|turn|3
|
|t:|1760446393
|-end|p2a: Weezing|ability: Neutralizing Gas
|switch|p2a: Krookodile|Krookodile, F|27/100
|-ability|p2a: Krookodile|Intimidate|boost
|-unboost|p1a: Mindreader|atk|1
|move|p1a: Mindreader|Volt Switch|p2a: Krookodile
|-immune|p2a: Krookodile
|
|upkeep
|turn|4
|
|t:|1760446398
|-end|p1a: Mindreader|Quark Drive|[silent]
|switch|p1a: Hurikan|Zapdos|100/100
|move|p2a: Krookodile|Knock Off|p1a: Hurikan
|-damage|p1a: Hurikan|45/100
|-enditem|p1a: Hurikan|Heavy-Duty Boots|[from] move: Knock Off|[of] p2a: Krookodile
|
|upkeep
|turn|5
|
|t:|1760446402
|move|p1a: Hurikan|Roost|p1a: Hurikan
|-heal|p1a: Hurikan|95/100
|-singleturn|p1a: Hurikan|move: Roost
|move|p2a: Krookodile|Knock Off|p1a: Hurikan
|-damage|p1a: Hurikan|58/100
|
|upkeep
|turn|6
|
|t:|1760446410
|move|p1a: Hurikan|U-turn|p2a: Krookodile
|-supereffective|p2a: Krookodile
|-damage|p2a: Krookodile|0 fnt
|faint|p2a: Krookodile
|
|t:|1760446414
|switch|p1a: Parasite|Dragapult, M|100/100|[from] U-turn
|
|upkeep
|
|t:|1760446417
|switch|p2a: Alomomola|Alomomola, M, shiny|100/100
|turn|7
|j| Disscratch
|
|t:|1760446428
|move|p1a: Parasite|Dragon Darts|p2a: Alomomola
|-damage|p2a: Alomomola|76/100
|-anim|p1a: Parasite|Dragon Darts|p2a: Alomomola
|-damage|p2a: Alomomola|54/100
|move|p2a: Alomomola|Flip Turn|p1a: Parasite
|-resisted|p1a: Parasite
|-damage|p1a: Parasite|90/100
|
|t:|1760446433
|switch|p2a: Weezing|Weezing-Galar, M|95/100|[from] Flip Turn
|-ability|p2a: Weezing|Neutralizing Gas
|
|upkeep
|turn|8
|
|t:|1760446438
|switch|p1a: Mindreader|Iron Crown|100/100
|-end|p2a: Weezing|ability: Neutralizing Gas
|switch|p2a: Alomomola|Alomomola, M, shiny|87/100
|
|upkeep
|turn|9
|
|t:|1760446443
|move|p1a: Mindreader|Volt Switch|p2a: Alomomola
|-supereffective|p2a: Alomomola
|-damage|p2a: Alomomola|20/100
|
|t:|1760446451
|-end|p1a: Mindreader|Quark Drive|[silent]
|switch|p1a: Pump It|Great Tusk|100/100|[from] Volt Switch
|move|p2a: Alomomola|Mirror Coat|p1a: Pump It
|-damage|p1a: Pump It|0 fnt
|faint|p1a: Pump It
|-end|p1a: Pump It|Protosynthesis|[silent]
|
|upkeep
|
|t:|1760446456
|switch|p1a: Mindreader|Iron Crown|100/100
|turn|10
|inactive|eros maniac has 120 seconds left.
|
|t:|1760446486
|switch|p2a: Frosmoth|Frosmoth, F, shiny|100/100
|move|p1a: Mindreader|Tachyon Cutter|p2a: Frosmoth
|-supereffective|p2a: Frosmoth
|-damage|p2a: Frosmoth|73/100
|-supereffective|p2a: Frosmoth
|-damage|p2a: Frosmoth|42/100
|-hitcount|p2a: Frosmoth|2
|
|-heal|p2a: Frosmoth|48/100|[from] item: Leftovers
|upkeep
|turn|11
|inactive|eros maniac has 120 seconds left.
|
|t:|1760446499
|-terastallize|p2a: Frosmoth|Electric
|move|p1a: Mindreader|Tachyon Cutter|p2a: Frosmoth
|-resisted|p2a: Frosmoth
|-damage|p2a: Frosmoth|41/100
|-resisted|p2a: Frosmoth
|-damage|p2a: Frosmoth|33/100
|-hitcount|p2a: Frosmoth|2
|move|p2a: Frosmoth|Quiver Dance|p2a: Frosmoth
|-boost|p2a: Frosmoth|spa|1
|-boost|p2a: Frosmoth|spd|1
|-boost|p2a: Frosmoth|spe|1
|
|-heal|p2a: Frosmoth|39/100|[from] item: Leftovers
|upkeep
|turn|12
|
|t:|1760446504
|-end|p1a: Mindreader|Quark Drive|[silent]
|switch|p1a: Hurikan|Zapdos|58/100
|move|p2a: Frosmoth|Ice Beam|p1a: Hurikan
|-supereffective|p1a: Hurikan
|-damage|p1a: Hurikan|0 fnt
|faint|p1a: Hurikan
|
|-heal|p2a: Frosmoth|46/100|[from] item: Leftovers
|upkeep
|
|t:|1760446508
|switch|p1a: Revery|Iron Boulder|100/100
|-enditem|p1a: Revery|Booster Energy
|-activate|p1a: Revery|ability: Quark Drive|[fromitem]
|-start|p1a: Revery|quarkdrivespe
|turn|13
|
|t:|1760446513
|switch|p2a: Sinistcha|Sinistcha, shiny|100/100
|move|p1a: Revery|Mighty Cleave|p2a: Sinistcha
|-damage|p2a: Sinistcha|68/100
|
|upkeep
|turn|14
|
|t:|1760446523
|move|p1a: Revery|Swords Dance|p1a: Revery
|-boost|p1a: Revery|atk|2
|move|p2a: Sinistcha|Shadow Ball|p1a: Revery
|-supereffective|p1a: Revery
|-damage|p1a: Revery|35/100
|-unboost|p1a: Revery|spd|1
|
|upkeep
|turn|15
|
|t:|1760446530
|move|p1a: Revery|Mighty Cleave|p2a: Sinistcha
|-damage|p2a: Sinistcha|6/100
|move|p2a: Sinistcha|Strength Sap|p1a: Revery
|-unboost|p1a: Revery|atk|1
|-heal|p2a: Sinistcha|100/100
|
|upkeep
|turn|16
|
|t:|1760446534
|move|p1a: Revery|Mighty Cleave|p2a: Sinistcha
|-damage|p2a: Sinistcha|50/100
|move|p2a: Sinistcha|Shadow Ball|p1a: Revery
|-supereffective|p1a: Revery
|-damage|p1a: Revery|0 fnt
|faint|p1a: Revery
|-end|p1a: Revery|Quark Drive|[silent]
|
|upkeep
|
|t:|1760446541
|switch|p1a: Mindreader|Iron Crown|100/100
|turn|17
|
|t:|1760446549
|move|p1a: Mindreader|Tachyon Cutter|p2a: Sinistcha
|-damage|p2a: Sinistcha|8/100
|-damage|p2a: Sinistcha|0 fnt
|faint|p2a: Sinistcha
|-hitcount|p2: Sinistcha|2
|
|upkeep
|
|t:|1760446553
|switch|p2a: Frosmoth|Frosmoth, F, shiny, tera:Electric|46/100
|turn|18
|
|t:|1760446556
|move|p1a: Mindreader|Tachyon Cutter|p2a: Frosmoth
|-resisted|p2a: Frosmoth
|-damage|p2a: Frosmoth|38/100
|-resisted|p2a: Frosmoth
|-damage|p2a: Frosmoth|31/100
|-hitcount|p2a: Frosmoth|2
|move|p2a: Frosmoth|Ice Beam|p1a: Mindreader
|-resisted|p1a: Mindreader
|-damage|p1a: Mindreader|81/100
|
|-heal|p2a: Frosmoth|37/100|[from] item: Leftovers
|upkeep
|turn|19
|
|t:|1760446566
|move|p1a: Mindreader|Tachyon Cutter|p2a: Frosmoth
|-resisted|p2a: Frosmoth
|-damage|p2a: Frosmoth|31/100
|-resisted|p2a: Frosmoth
|-damage|p2a: Frosmoth|24/100
|-hitcount|p2a: Frosmoth|2
|move|p2a: Frosmoth|Quiver Dance|p2a: Frosmoth
|-boost|p2a: Frosmoth|spa|1
|-boost|p2a: Frosmoth|spd|1
|-boost|p2a: Frosmoth|spe|1
|
|-heal|p2a: Frosmoth|30/100|[from] item: Leftovers
|upkeep
|turn|20
|
|t:|1760446571
|move|p1a: Mindreader|Tachyon Cutter|p2a: Frosmoth
|-resisted|p2a: Frosmoth
|-damage|p2a: Frosmoth|25/100
|-resisted|p2a: Frosmoth
|-damage|p2a: Frosmoth|20/100
|-hitcount|p2a: Frosmoth|2
|move|p2a: Frosmoth|Ice Beam|p1a: Mindreader
|-resisted|p1a: Mindreader
|-damage|p1a: Mindreader|54/100
|
|-heal|p2a: Frosmoth|26/100|[from] item: Leftovers
|upkeep
|turn|21
|
|t:|1760446576
|move|p1a: Mindreader|Tachyon Cutter|p2a: Frosmoth
|-resisted|p2a: Frosmoth
|-damage|p2a: Frosmoth|22/100
|-resisted|p2a: Frosmoth
|-damage|p2a: Frosmoth|17/100
|-hitcount|p2a: Frosmoth|2
|move|p2a: Frosmoth|Ice Beam|p1a: Mindreader
|-resisted|p1a: Mindreader
|-damage|p1a: Mindreader|29/100
|-status|p1a: Mindreader|frz
|
|-heal|p2a: Frosmoth|23/100|[from] item: Leftovers
|upkeep
|turn|22
|
|t:|1760446584
|-end|p1a: Mindreader|Quark Drive|[silent]
|switch|p1a: Parasite|Dragapult, M|90/100
|move|p2a: Frosmoth|Ice Beam|p1a: Parasite
|-supereffective|p1a: Parasite
|-damage|p1a: Parasite|0 fnt
|faint|p1a: Parasite
|
|-heal|p2a: Frosmoth|29/100|[from] item: Leftovers
|upkeep
|-message|GauMongStyle forfeited.
|
|win|eros maniac
|raw|GauMongStyle's rating: 1723 &rarr; <strong>1703</strong><br />(-20 for losing)
|raw|eros maniac's rating: 1729 &rarr; <strong>1749</strong><br />(+20 for winning)
|l|☆GauMongStyle
|player|p1|
|l|☆eros maniac
|player|p2|
|l| Disscratch
