|j|☆caeluskasai
|j|‽ilovevgc2016
|t:|1760360395
|gametype|singles
|player|p1|caeluskasai|burglar|1468
|player|p2|ilovevgc2016|bea|1512
|gen|9
|tier|[Gen 9] OU
|rated|
|rule|HP Percentage Mod: HP is shown in percentages
|rule|Endless Battle Clause: Forcing endless battles is banned
|rule|Species Clause: Limit one of each Pokémon
|rule|OHKO Clause: OHKO moves are banned
|rule|Evasion Items Clause: Evasion items are banned
|rule|Evasion Moves Clause: Evasion moves are banned
|rule|Evasion Abilities Clause: Evasion abilities are banned
|rule|Sleep Moves Clause: Sleep-inducing moves are banned
|clearpoke
|poke|p1|Volcanion|
|poke|p1|Talonflame, M|
|poke|p1|Chandelure, M|
|poke|p1|Rotom-Heat|
|poke|p1|Iron Moth|
|poke|p1|Blaziken, F|
|poke|p2|Landorus-Therian, M|
|poke|p2|Slowking-Galar, M|
|poke|p2|Corviknight, M|
|poke|p2|Great Tusk|
|poke|p2|Kyurem|
|poke|p2|Kingambit, M|
|teampreview
|
|t:|1760360414
|teamsize|p1|6
|teamsize|p2|6
|start
|switch|p1a: Chandelure|Chandelure, M|100/100
|switch|p2a: Landorus|Landorus-Therian, M|100/100
|-ability|p2a: Landorus|Intimidate|boost
|-unboost|p1a: Chandelure|atk|1
|turn|1
|
|t:|1760360431
|switch|p1a: Rotom|Rotom-Heat|100/100
|move|p2a: Landorus|Earthquake|p1a: Rotom
|-immune|p1a: Rotom|[from] ability: Levitate
|
|upkeep
|turn|2
|
|t:|1760360436
|switch|p2a: Slowking|Slowking-Galar, M|100/100
|move|p1a: Rotom|Nasty Plot|p1a: Rotom
|-boost|p1a: Rotom|spa|2
|
|upkeep
|turn|3
|
|t:|1760360443
|move|p1a: Rotom|Thunderbolt|p2a: Slowking
|-damage|p2a: Slowking|44/100
|-status|p2a: Slowking|par
|move|p2a: Slowking|Thunder Wave|p1a: Rotom
|-immune|p1a: Rotom
|
|upkeep
|turn|4
|
|t:|1760360451
|switch|p2a: Great Tusk|Great Tusk|100/100
|move|p1a: Rotom|Dark Pulse|p2a: Great Tusk
|-resisted|p2a: Great Tusk
|-damage|p2a: Great Tusk|60/100
|
|upkeep
|turn|5
|
|t:|1760360472
|move|p2a: Great Tusk|Stealth Rock|p1a: Rotom
|-sidestart|p1: caeluskasai|move: Stealth Rock
|move|p1a: Rotom|Overheat|p2a: Great Tusk
|-damage|p2a: Great Tusk|0 fnt
|-unboost|p1a: Rotom|spa|2
|faint|p2a: Great Tusk
|-end|p2a: Great Tusk|Protosynthesis|[silent]
|
|upkeep
|
|t:|1760360497
|switch|p2a: Landorus|Landorus-Therian, M|100/100
|-ability|p2a: Landorus|Intimidate|boost
|-unboost|p1a: Rotom|atk|1
|turn|6
|
|t:|1760360503
|move|p2a: Landorus|Stone Edge|p1a: Rotom|[miss]
|-miss|p2a: Landorus|p1a: Rotom
|move|p1a: Rotom|Overheat|p2a: Landorus
|-damage|p2a: Landorus|12/100
|-unboost|p1a: Rotom|spa|2
|
|upkeep
|turn|7
|
|t:|1760360511
|switch|p2a: Slowking|Slowking-Galar, M|77/100 par
|move|p1a: Rotom|Dark Pulse|p2a: Slowking
|-supereffective|p2a: Slowking
|-damage|p2a: Slowking|62/100 par
|
|upkeep
|turn|8
|
|t:|1760360515
|move|p1a: Rotom|Nasty Plot|p1a: Rotom
|-boost|p1a: Rotom|spa|2
|cant|p2a: Slowking|par
|
|upkeep
|turn|9
|
|t:|1760360519
|move|p1a: Rotom|Nasty Plot|p1a: Rotom
|-boost|p1a: Rotom|spa|2
|move|p2a: Slowking|Sludge Bomb|p1a: Rotom
|-damage|p1a: Rotom|66/100
|
|upkeep
|turn|10
|
|t:|1760360522
|move|p1a: Rotom|Thunderbolt|p2a: Slowking
|-damage|p2a: Slowking|14/100 par
|move|p2a: Slowking|Sludge Bomb|p1a: Rotom
|-damage|p1a: Rotom|33/100
|
|upkeep
|turn|11
|
|t:|1760360530
|move|p1a: Rotom|Dark Pulse|p2a: Slowking
|-supereffective|p2a: Slowking
|-damage|p2a: Slowking|0 fnt
|faint|p2a: Slowking
|
|upkeep
|
|t:|1760360532
|switch|p2a: Kingambit|Kingambit, M|100/100
|-activate|p2a: Kingambit|ability: Supreme Overlord
|-start|p2a: Kingambit|fallen2|[silent]
|-item|p2a: Kingambit|Air Balloon
|turn|12
|
|t:|1760360539
|move|p2a: Kingambit|Sucker Punch|p1a: Rotom
|-damage|p1a: Rotom|0 fnt
|faint|p1a: Rotom
|
|upkeep
|
|t:|1760360541
|switch|p1a: Talonflame|Talonflame, M|100/100
|turn|13
|
|t:|1760360552
|-terastallize|p2a: Kingambit|Fire
|move|p1a: Talonflame|Defog|p2a: Kingambit
|-unboost|p2a: Kingambit|evasion|1
|-sideend|p1: caeluskasai|Stealth Rock|[from] move: Defog|[of] p1a: Talonflame
|move|p2a: Kingambit|Swords Dance|p2a: Kingambit
|-boost|p2a: Kingambit|atk|2
|
|upkeep
|turn|14
|
|t:|1760360560
|move|p1a: Talonflame|Air Slash|p2a: Kingambit
|-damage|p2a: Kingambit|69/100
|-enditem|p2a: Kingambit|Air Balloon
|move|p2a: Kingambit|Swords Dance|p2a: Kingambit
|-boost|p2a: Kingambit|atk|2
|
|upkeep
|turn|15
|
|t:|1760360563
|move|p1a: Talonflame|Air Slash|p2a: Kingambit
|-damage|p2a: Kingambit|40/100
|cant|p2a: Kingambit|flinch
|
|upkeep
|turn|16
|
|t:|1760360569
|move|p1a: Talonflame|Air Slash|p2a: Kingambit
|-damage|p2a: Kingambit|6/100
|move|p2a: Kingambit|Sucker Punch||[still]
|-fail|p2a: Kingambit
|
|upkeep
|turn|17
|
|t:|1760360575
|move|p1a: Talonflame|Air Slash|p2a: Kingambit
|-damage|p2a: Kingambit|0 fnt
|faint|p2a: Kingambit
|-end|p2a: Kingambit|fallen2|[silent]
|
|upkeep
|
|t:|1760360588
|switch|p2a: Kyurem|Kyurem|100/100
|-ability|p2a: Kyurem|Pressure
|turn|18
|
|t:|1760360596
|move|p1a: Talonflame|Fire Blast|p2a: Kyurem
|-damage|p2a: Kyurem|61/100
|move|p2a: Kyurem|Draco Meteor|p1a: Talonflame
|-damage|p1a: Talonflame|0 fnt
|-unboost|p2a: Kyurem|spa|2
|faint|p1a: Talonflame
|
|upkeep
|
|t:|1760360607
|switch|p1a: Blaziken|Blaziken, F|100/100
|turn|19
|
|t:|1760360611
|switch|p2a: Landorus|Landorus-Therian, M|12/100
|-ability|p2a: Landorus|Intimidate|boost
|-unboost|p1a: Blaziken|atk|1
|move|p1a: Blaziken|Swords Dance|p1a: Blaziken
|-boost|p1a: Blaziken|atk|2
|
|-ability|p1a: Blaziken|Speed Boost|boost
|-boost|p1a: Blaziken|spe|1
|upkeep
|turn|20
|
|t:|1760360618
|move|p2a: Landorus|Earthquake|p1a: Blaziken
|-supereffective|p1a: Blaziken
|-enditem|p1a: Blaziken|Focus Sash
|-damage|p1a: Blaziken|1/100
|move|p1a: Blaziken|Knock Off|p2a: Landorus
|-damage|p2a: Landorus|0 fnt
|-enditem|p2a: Landorus|Choice Scarf|[from] move: Knock Off|[of] p1a: Blaziken
|faint|p2a: Landorus
|
|-ability|p1a: Blaziken|Speed Boost|boost
|-boost|p1a: Blaziken|spe|1
|upkeep
|
|t:|1760360627
|switch|p2a: Kyurem|Kyurem|61/100
|-ability|p2a: Kyurem|Pressure
|turn|21
|
|t:|1760360630
|move|p1a: Blaziken|Close Combat|p2a: Kyurem
|-supereffective|p2a: Kyurem
|-damage|p2a: Kyurem|0 fnt
|-unboost|p1a: Blaziken|def|1
|-unboost|p1a: Blaziken|spd|1
|faint|p2a: Kyurem
|
|-ability|p1a: Blaziken|Speed Boost|boost
|-boost|p1a: Blaziken|spe|1
|upkeep
|
|t:|1760360632
|switch|p2a: Corviknight|Corviknight, M|100/100
|-ability|p2a: Corviknight|Pressure
|turn|22
|
|t:|1760360634
|move|p1a: Blaziken|Blaze Kick|p2a: Corviknight
|-supereffective|p2a: Corviknight
|-damage|p2a: Corviknight|31/100
|-damage|p1a: Blaziken|0 fnt|[from] item: Rocky Helmet|[of] p2a: Corviknight
|faint|p1a: Blaziken
|move|p2a: Corviknight|Brave Bird|p1: Blaziken|[notarget]
|-fail|p2a: Corviknight
|
|upkeep
|
|t:|1760360638
|switch|p1a: Chandelure|Chandelure, M|100/100
|turn|23
|
|t:|1760360641
|move|p1a: Chandelure|Flamethrower|p2a: Corviknight
|-supereffective|p2a: Corviknight
|-damage|p2a: Corviknight|0 fnt
|faint|p2a: Corviknight
|
|win|caeluskasai
|raw|caeluskasai's rating: 1468 &rarr; <strong>1491</strong><br />(+23 for winning)
|raw|ilovevgc2016's rating: 1512 &rarr; <strong>1489</strong><br />(-23 for losing)
|l|‽ilovevgc2016
|player|p2|
|l|☆caeluskasai
|player|p1|
